|j|☆Lightoz VI
|j|☆Mirokart 8 Deluxe
|html|Lightoz VIMirokart 8 Deluxe    
|uhtml|bestof|Game 2 of a best-of-3
|t:|1757689593
|gametype|doubles
|player|p1|Lightoz VI|blue-gen2|1491
|player|p2|Mirokart 8 Deluxe|169|1491
|gen|9
|tier|[Gen 9] VGC 2025 Reg H (Bo3)
|rated|
|rule|Species Clause: Limit one of each Pokémon
|rule|Item Clause: Limit 1 of each item
|clearpoke
|poke|p1|Incineroar, L50, F|
|poke|p1|Annihilape, L50, M|
|poke|p1|Dragonite, L50, M|
|poke|p1|Volcarona, L50, F|
|poke|p1|Rillaboom, L50, M|
|poke|p1|Basculegion, L50, M|
|poke|p2|Rillaboom, L50, F|
|poke|p2|Kingambit, L50, M|
|poke|p2|Dragapult, L50, M|
|poke|p2|Sneasler, L50, F|
|poke|p2|Primarina, L50, M|
|poke|p2|Electabuzz, L50, M|
|teampreview|4
|showteam|p1|Incineroar||SitrusBerry|Intimidate|FlareBlitz,KnockOff,FakeOut,PartingShot|||F|||50|,,,,,Ghost]Annihilape||SafetyGoggles|Defiant|CloseCombat,RageFist,Coaching,FinalGambit|||M|||50|,,,,,Water]Dragonite||LoadedDice|Multiscale|ScaleShot,Haze,SunnyDay,Protect|||M|||50|,,,,,Fairy]Volcarona||Leftovers|FlameBody|HeatWave,TeraBlast,QuiverDance,Protect|||F|||50|,,,,,Fairy]Rillaboom||AssaultVest|GrassySurge|WoodHammer,GrassyGlide,HighHorsepower,FakeOut|||M|||50|,,,,,Fire]Basculegion||ChoiceScarf|Adaptability|WaveCrash,LastRespects,FlipTurn,AquaJet|||M|||50|,,,,,Water
|showteam|p2|Rillaboom||AssaultVest|GrassySurge|FakeOut,GrassyGlide,WoodHammer,HighHorsepower|||F|||50|,,,,,Fire]Kingambit||SafetyGoggles|Defiant|KowtowCleave,SuckerPunch,SwordsDance,Protect|||M|||50|,,,,,Ghost]Dragapult||ChoiceBand|ClearBody|DragonDarts,Outrage,Uturn,PhantomForce|||M|||50|,,,,,Dragon]Sneasler||FocusSash|Unburden|DireClaw,CloseCombat,FakeOut,Protect|||F|||50|,,,,,Stellar]Primarina||ThroatSpray|LiquidVoice|HyperVoice,Moonblast,Haze,Protect|||M|||50|,,,,,Poison]Electabuzz||Eviolite|VitalSpirit|FollowMe,Taunt,Electroweb,Protect|||M|||50|,,,,,Fairy
|inactive|Battle timer is ON: inactive players will automatically lose when time's up. (requested by Mirokart 8 Deluxe)
|
|t:|1757689625
|teamsize|p1|4
|teamsize|p2|4
|start
|switch|p1a: Volcarona|Volcarona, L50, F|100/100
|switch|p1b: Annihilape|Annihilape, L50, M, shiny|100/100
|switch|p2a: Dragapult|Dragapult, L50, M|100/100
|switch|p2b: Sneasler|Sneasler, L50, F|100/100
|turn|1
|
|t:|1757689637
|-terastallize|p2a: Dragapult|Dragon
|move|p2a: Dragapult|Dragon Darts|p1b: Annihilape
|-damage|p1b: Annihilape|49/100
|-anim|p2a: Dragapult|Dragon Darts|p1a: Volcarona
|-damage|p1a: Volcarona|37/100
|move|p2b: Sneasler|Dire Claw|p1a: Volcarona
|-damage|p1a: Volcarona|0 fnt
|faint|p1a: Volcarona
|move|p1b: Annihilape|Rage Fist|p2a: Dragapult
|-damage|p2a: Dragapult|47/100
|
|upkeep
|
|t:|1757689646
|switch|p1a: Incineroar|Incineroar, L50, F|100/100
|-ability|p1a: Incineroar|Intimidate|boost
|-fail|p2a: Dragapult|unboost|[from] ability: Clear Body|[of] p2a: Dragapult
|-unboost|p2b: Sneasler|atk|1
|turn|2
|
|t:|1757689659
|switch|p2a: Electabuzz|Electabuzz, L50, M|100/100
|move|p1a: Incineroar|Fake Out|p2a: Electabuzz
|-damage|p2a: Electabuzz|91/100
|move|p2b: Sneasler|Close Combat|p1a: Incineroar
|-supereffective|p1a: Incineroar
|-damage|p1a: Incineroar|37/100
|-unboost|p2b: Sneasler|def|1
|-unboost|p2b: Sneasler|spd|1
|-enditem|p1a: Incineroar|Sitrus Berry|[eat]
|-heal|p1a: Incineroar|61/100|[from] item: Sitrus Berry
|move|p1b: Annihilape|Rage Fist|p2a: Electabuzz
|-damage|p2a: Electabuzz|53/100
|
|upkeep
|turn|3
|
|t:|1757689679
|switch|p1a: Rillaboom|Rillaboom, L50, M, shiny|100/100
|-fieldstart|move: Grassy Terrain|[from] ability: Grassy Surge|[of] p1a: Rillaboom
|move|p2b: Sneasler|Close Combat|p1a: Rillaboom
|-damage|p1a: Rillaboom|58/100
|-unboost|p2b: Sneasler|def|1
|-unboost|p2b: Sneasler|spd|1
|move|p1b: Annihilape|Rage Fist|p2b: Sneasler
|-enditem|p2b: Sneasler|Focus Sash
|-damage|p2b: Sneasler|1/100
|move|p2a: Electabuzz|Taunt|p1b: Annihilape
|-start|p1b: Annihilape|move: Taunt
|
|-heal|p2b: Sneasler|7/100|[from] Grassy Terrain
|-heal|p1b: Annihilape|55/100|[from] Grassy Terrain
|-heal|p2a: Electabuzz|59/100|[from] Grassy Terrain
|-heal|p1a: Rillaboom|64/100|[from] Grassy Terrain
|upkeep
|turn|4
|
|t:|1757689693
|move|p2b: Sneasler|Protect|p2b: Sneasler
|-singleturn|p2b: Sneasler|Protect
|move|p2a: Electabuzz|Protect|p2a: Electabuzz
|-singleturn|p2a: Electabuzz|Protect
|move|p1a: Rillaboom|Grassy Glide|p2b: Sneasler
|-activate|p2b: Sneasler|move: Protect
|move|p1b: Annihilape|Rage Fist|p2a: Electabuzz
|-activate|p2a: Electabuzz|move: Protect
|
|-heal|p2b: Sneasler|13/100|[from] Grassy Terrain
|-heal|p1b: Annihilape|62/100|[from] Grassy Terrain
|-heal|p2a: Electabuzz|65/100|[from] Grassy Terrain
|-heal|p1a: Rillaboom|70/100|[from] Grassy Terrain
|upkeep
|turn|5
|
|t:|1757689700
|move|p2a: Electabuzz|Follow Me|p2a: Electabuzz
|-singleturn|p2a: Electabuzz|move: Follow Me
|move|p1a: Rillaboom|Grassy Glide|p2a: Electabuzz
|-damage|p2a: Electabuzz|32/100
|move|p2b: Sneasler|Dire Claw|p1a: Rillaboom
|-supereffective|p1a: Rillaboom
|-damage|p1a: Rillaboom|9/100
|-status|p1a: Rillaboom|slp
|move|p1b: Annihilape|Rage Fist|p2a: Electabuzz
|-damage|p2a: Electabuzz|0 fnt
|faint|p2a: Electabuzz
|
|-heal|p2b: Sneasler|18/100|[from] Grassy Terrain
|-heal|p1b: Annihilape|68/100|[from] Grassy Terrain
|-heal|p1a: Rillaboom|15/100 slp|[from] Grassy Terrain
|upkeep
|
|t:|1757689711
|switch|p2a: Dragapult|Dragapult, L50, M, tera:Dragon|47/100
|turn|6
|
|t:|1757689718
|cant|p1a: Rillaboom|slp
|move|p2b: Sneasler|Dire Claw|p1a: Rillaboom
|-supereffective|p1a: Rillaboom
|-damage|p1a: Rillaboom|0 fnt
|faint|p1a: Rillaboom
|move|p2a: Dragapult|Dragon Darts|p1b: Annihilape
|-crit|p1b: Annihilape
|-damage|p1b: Annihilape|0 fnt
|faint|p1b: Annihilape
|
|-heal|p2b: Sneasler|24/100|[from] Grassy Terrain
|-heal|p2a: Dragapult|53/100|[from] Grassy Terrain
|upkeep
|-message|Lightoz VI forfeited.
|
|win|Mirokart 8 Deluxe
||Lightoz VI is ready for game 3.
||Mirokart 8 Deluxe is ready for game 3.
|uhtml|next|Next: Game 3 of 3
|l|☆Mirokart 8 Deluxe
|player|p2|
|l|☆Lightoz VI
|player|p1|
