|j|☆tkwime
|j|☆SBDV
|html|tkwimeSBDV    
|uhtml|bestof|Game 1 of a best-of-3
|t:|1757027130
|gametype|doubles
|player|p1|tkwime|artist-gen4|1079
|player|p2|SBDV|wattson|1132
|gen|9
|tier|[Gen 9] VGC 2025 Reg H (Bo3)
|rated|
|rule|Species Clause: Limit one of each Pokémon
|rule|Item Clause: Limit 1 of each item
|clearpoke
|poke|p1|Archaludon, L50, M|
|poke|p1|Pelipper, L50, F|
|poke|p1|Sinistcha, L50|
|poke|p1|Ursaluna, L50, M|
|poke|p1|Dragonite, L50, M|
|poke|p1|Gholdengo, L50|
|poke|p2|Ninetales-Alola, L50, M|
|poke|p2|Arcanine, L50, F|
|poke|p2|Milotic, L50, F|
|poke|p2|Arboliva, L50, F|
|poke|p2|Gholdengo, L50|
|poke|p2|Garchomp, L50, F|
|teampreview|4
|showteam|p1|Archaludon||AssaultVest|Stamina|FlashCannon,ElectroShot,BodyPress,DracoMeteor|||M|||50|,,,,,Bug]Pelipper||FocusSash|Drizzle|Hurricane,Tailwind,MuddyWater,WideGuard|||F|||50|,,,,,Ghost]Sinistcha||SitrusBerry|Hospitality|MatchaGotcha,Withdraw,TrickRoom,RagePowder||||||50|,,,,,Dark]Ursaluna||FlameOrb|Guts|HeadlongRush,Earthquake,Facade,Protect|||M|||50|,,,,,Ghost]Dragonite||LoadedDice|InnerFocus|Haze,ScaleShot,Tailwind,Protect|||M|||50|,,,,,Fairy]Gholdengo||ChoiceScarf|GoodasGold|MakeItRain,ShadowBall,Trick,TeraBlast||||||50|,,,,,Water
|showteam|p2|Ninetales-Alola||CovertCloak|SnowWarning|IcyWind,AuroraVeil,Blizzard,Encore|||M|||50|,,,,,Ghost]Arcanine||SafetyGoggles|Intimidate|Snarl,Overheat,WillOWisp,Protect|||F|||50|,,,,,Dark]Milotic||Leftovers|Competitive|Scald,Recover,AlluringVoice,Protect|||F|||50|,,,,,Fairy]Arboliva||SitrusBerry|SeedSower|EarthPower,GigaDrain,StrengthSap,LeechSeed|||F|||50|,,,,,Water]Gholdengo||ChoiceScarf|GoodasGold|MakeItRain,ShadowBall,Trick,FocusBlast||||||50|,,,,,Flying]Garchomp||LifeOrb|RoughSkin|DracoMeteor,RockSlide,Earthquake,Protect|||F|||50|,,,,,Fairy
|inactive|Battle timer is ON: inactive players will automatically lose when time's up. (requested by tkwime)
|
|t:|1757027183
|teamsize|p1|4
|teamsize|p2|4
|start
|switch|p1a: Archaludon|Archaludon, L50, M|100/100
|switch|p1b: Dragonite|Dragonite, L50, M|100/100
|switch|p2a: Gholdengo|Gholdengo, L50|100/100
|switch|p2b: Arboliva|Arboliva, L50, F|100/100
|turn|1
|inactive|tkwime has 30 seconds left.
|inactive|SBDV has 30 seconds left.
|inactive|tkwime has 20 seconds left.
|inactive|SBDV has 20 seconds left.
|inactive|tkwime has 15 seconds left.
|
|t:|1757027224
|switch|p1b: Pelipper|Pelipper, L50, F|100/100
|-weather|RainDance|[from] ability: Drizzle|[of] p1b: Pelipper
|-terastallize|p1a: Archaludon|Bug
|move|p2a: Gholdengo|Trick|p1b: Pelipper
|-activate|p2a: Gholdengo|move: Trick|[of] p1b: Pelipper
|-item|p1b: Pelipper|Choice Scarf|[from] move: Trick
|-item|p2a: Gholdengo|Focus Sash|[from] move: Trick
|move|p1a: Archaludon|Electro Shot||[still]
|-prepare|p1a: Archaludon|Electro Shot
|-boost|p1a: Archaludon|spa|1
|-anim|p1a: Archaludon|Electro Shot|p2a: Gholdengo
|-damage|p2a: Gholdengo|15/100
|move|p2b: Arboliva|Leech Seed|p1a: Archaludon
|-start|p1a: Archaludon|move: Leech Seed
|
|-weather|RainDance|[upkeep]
|-damage|p1a: Archaludon|88/100|[from] Leech Seed|[of] p2b: Arboliva
|upkeep
|turn|2
|inactive|tkwime has 30 seconds left.
|inactive|SBDV has 30 seconds left.
|inactive|SBDV has 20 seconds left.
|inactive|SBDV has 15 seconds left.
|inactive|SBDV has 10 seconds left.
|
|t:|1757027270
|switch|p2a: Ninetales|Ninetales-Alola, L50, M|100/100
|-weather|Snowscape|[from] ability: Snow Warning|[of] p2a: Ninetales
|-terastallize|p2b: Arboliva|Water
|move|p1b: Pelipper|Muddy Water|p2b: Arboliva|[spread] p2a,p2b
|-resisted|p2b: Arboliva
|-damage|p2a: Ninetales|65/100
|-damage|p2b: Arboliva|87/100
|-fieldstart|move: Grassy Terrain|[from] ability: Seed Sower|[of] p2b: Arboliva
|move|p1a: Archaludon|Draco Meteor|p2b: Arboliva
|-damage|p2b: Arboliva|0 fnt
|-unboost|p1a: Archaludon|spa|2
|faint|p2b: Arboliva
|
|-weather|Snowscape|[upkeep]
|-heal|p2a: Ninetales|71/100|[from] Grassy Terrain
|-heal|p1a: Archaludon|94/100|[from] Grassy Terrain
|upkeep
|inactive|SBDV has 30 seconds left.
|
|t:|1757027298
|switch|p2b: Garchomp|Garchomp, L50, F, shiny|100/100
|turn|3
|
|t:|1757027308
|switch|p1b: Gholdengo|Gholdengo, L50|100/100
|switch|p1a: Dragonite|Dragonite, L50, M|100/100
|move|p2a: Ninetales|Aurora Veil|p2a: Ninetales
|-sidestart|p2: SBDV|move: Aurora Veil
|move|p2b: Garchomp|Rock Slide|p1b: Gholdengo|[spread] p1a,p1b
|-supereffective|p1a: Dragonite
|-resisted|p1b: Gholdengo
|-damage|p1a: Dragonite|48/100
|-damage|p1b: Gholdengo|86/100
|-damage|p2b: Garchomp|91/100|[from] item: Life Orb
|
|-weather|Snowscape|[upkeep]
|-heal|p1b: Gholdengo|93/100|[from] Grassy Terrain
|-heal|p2a: Ninetales|78/100|[from] Grassy Terrain
|-heal|p2b: Garchomp|97/100|[from] Grassy Terrain
|upkeep
|turn|4
|inactive|SBDV has 30 seconds left.
|
|t:|1757027339
|move|p1b: Gholdengo|Trick|p2b: Garchomp
|-activate|p1b: Gholdengo|move: Trick|[of] p2b: Garchomp
|-item|p2b: Garchomp|Choice Scarf|[from] move: Trick
|-item|p1b: Gholdengo|Life Orb|[from] move: Trick
|move|p2b: Garchomp|Rock Slide|p1a: Dragonite|[spread] p1a,p1b
|-supereffective|p1a: Dragonite
|-resisted|p1b: Gholdengo
|-damage|p1a: Dragonite|7/100
|-damage|p1b: Gholdengo|82/100
|move|p2a: Ninetales|Blizzard|p1a: Dragonite|[spread] p1a,p1b
|-supereffective|p1a: Dragonite
|-resisted|p1b: Gholdengo
|-damage|p1a: Dragonite|0 fnt
|-damage|p1b: Gholdengo|62/100
|faint|p1a: Dragonite
|
|-weather|Snowscape|[upkeep]
|-heal|p2b: Garchomp|100/100|[from] Grassy Terrain
|-heal|p2a: Ninetales|84/100|[from] Grassy Terrain
|-heal|p1b: Gholdengo|69/100|[from] Grassy Terrain
|upkeep
|
|t:|1757027355
|switch|p1a: Pelipper|Pelipper, L50, F|100/100
|-weather|RainDance|[from] ability: Drizzle|[of] p1a: Pelipper
|turn|5
|
|t:|1757027372
|switch|p2b: Gholdengo|Gholdengo, L50|15/100
|move|p1a: Pelipper|Tailwind|p1a: Pelipper
|-sidestart|p1: tkwime|move: Tailwind
|move|p1b: Gholdengo|Make It Rain|p2b: Gholdengo|[spread] p2a,p2b
|-supereffective|p2a: Ninetales
|-resisted|p2b: Gholdengo
|-damage|p2a: Ninetales|0 fnt
|-damage|p2b: Gholdengo|0 fnt
|-unboost|p1b: Gholdengo|spa|1
|faint|p2a: Ninetales
|faint|p2b: Gholdengo
|-damage|p1b: Gholdengo|59/100|[from] item: Life Orb
|
|-weather|RainDance|[upkeep]
|-heal|p1b: Gholdengo|65/100|[from] Grassy Terrain
|upkeep
|-message|SBDV forfeited.
|
|win|tkwime
|l|☆SBDV
|player|p2|
||tkwime is ready for game 2.
|inactive|SBDV has 30 seconds to confirm battle start!
|inactive|SBDV has 20 seconds to confirm battle start!
|inactive|SBDV has 10 seconds to confirm battle start!
||SBDV is ready for game 2.
|uhtml|next|Next: Game 2 of 3
