|j|☆Yugi_H0E
|j|☆entei enthusiast
|html|Yugi_H0Eentei enthusiast    
|uhtml|bestof|Game 1 of a best-of-3
|t:|1783907998
|gametype|doubles
|player|p1|Yugi_H0E|chuck|1195
|player|p2|entei enthusiast|kamado-armor|1199
|gen|9
|tier|[Gen 9 Champions] VGC 2026 Reg M-B (Bo3)
|rated|
|rule|Species Clause: Limit one of each Pokémon
|rule|Item Clause: Limit 1 of each item
|clearpoke
|poke|p1|Gengar, L50, M|
|poke|p1|Incineroar, L50, F|
|poke|p1|Politoed, L50, M|
|poke|p1|Swampert, L50, F|
|poke|p1|Basculegion, L50, M|
|poke|p1|Sinistcha, L50|
|poke|p2|Floette-Eternal, L50, F|
|poke|p2|Palafin, L50, F, shiny|
|poke|p2|Kingambit, L50, M|
|poke|p2|Sneasler, L50, M|
|poke|p2|Incineroar, L50, M|
|poke|p2|Aerodactyl, L50, F|
|teampreview|4
|showteam|p1|Gengar||Gengarite|CursedBody|SludgeBomb,ShadowBall,FocusBlast,Protect|Modest||M|||50|]Incineroar||SitrusBerry|Intimidate|FakeOut,PartingShot,WillOWisp,CloseCombat|Adamant||F|||50|]Politoed||DampRock|Drizzle|IcyWind,Protect,MuddyWater,HelpingHand|Calm||M|||50|]Swampert||Swampertite|Torrent|Earthquake,IcePunch,WaveCrash,Protect|Adamant||F|||50|]Basculegion||ChoiceScarf|SwiftSwim|FlipTurn,LastRespects,WaveCrash,PsychicFangs|Adamant||M|||50|]Sinistcha||Leftovers|Heatproof|TrickRoom,MatchaGotcha,Protect,RagePowder|Bold|||||50|
|showteam|p2|Floette-Eternal||Floettite|FlowerVeil|DazzlingGleam,DrainingKiss,CalmMind,Protect|Modest||F|||50|]Palafin||Leftovers|ZerotoHero|WaveCrash,JetPunch,BulkUp,Protect|Adamant||F|||50|]Kingambit||BlackGlasses|Defiant|KowtowCleave,SuckerPunch,SwordsDance,Protect|Adamant||M|||50|]Sneasler||FocusSash|Unburden|CloseCombat,DireClaw,FakeOut,Coaching|Jolly||M|||50|]Incineroar||SitrusBerry|Intimidate|FlareBlitz,FakeOut,DarkestLariat,PartingShot|Careful||M|||50|]Aerodactyl||Aerodactylite|Unnerve|RockSlide,DualWingbeat,IceFang,Protect|Jolly||F|||50|
|inactive|Battle timer is ON: inactive players will automatically lose when time's up. (requested by Yugi_H0E)
|inactive|Yugi_H0E has 60 seconds left.
|inactive|entei enthusiast has 60 seconds left.
|inactive|Yugi_H0E has 30 seconds left.
|inactive|entei enthusiast has 30 seconds left.
|
|t:|1783908069
|teamsize|p1|4
|teamsize|p2|4
|start
|switch|p1a: Swampert|Swampert, L50, F|100/100
|switch|p1b: Politoed|Politoed, L50, M|100/100
|switch|p2a: Kingambit|Kingambit, L50, M|100/100
|switch|p2b: Palafin|Palafin, L50, F, shiny|100/100
|-weather|RainDance|[from] ability: Drizzle|[of] p1b: Politoed
|turn|1
|inactive|entei enthusiast has 30 seconds left.
|
|t:|1783908100
|detailschange|p2b: Palafin|Palafin-Hero, L50, F, shiny
|switch|p2b: Incineroar|Incineroar, L50, M|100/100
|-ability|p2b: Incineroar|Intimidate|boost
|-unboost|p1a: Swampert|atk|1
|-unboost|p1b: Politoed|atk|1
|detailschange|p1a: Swampert|Swampert-Mega, L50, F
|-mega|p1a: Swampert|Swampert|Swampertite
|move|p1b: Politoed|Helping Hand|p1a: Swampert
|-singleturn|p1a: Swampert|Helping Hand|[of] p1b: Politoed
|move|p2a: Kingambit|Sucker Punch|p1a: Swampert
|-damage|p1a: Swampert|52/100
|move|p1a: Swampert|Earthquake|p2a: Kingambit|[spread] p1b,p2a,p2b
|-supereffective|p2a: Kingambit|1
|-supereffective|p2b: Incineroar|1
|-damage|p1b: Politoed|55/100
|-damage|p2a: Kingambit|30/100
|-damage|p2b: Incineroar|13/100
|-enditem|p2b: Incineroar|Sitrus Berry|[eat]
|-heal|p2b: Incineroar|38/100|[from] item: Sitrus Berry
|
|-weather|RainDance|[upkeep]
|upkeep
|turn|2
|inactive|Yugi_H0E has 30 seconds left.
|inactive|entei enthusiast has 30 seconds left.
|
|t:|1783908129
|move|p1a: Swampert|Protect|p1a: Swampert
|-singleturn|p1a: Swampert|Protect
|move|p2b: Incineroar|Fake Out|p1b: Politoed
|-damage|p1b: Politoed|46/100
|move|p2a: Kingambit|Sucker Punch||[still]
|-fail|p2a: Kingambit
|cant|p1b: Politoed|flinch
|
|-weather|RainDance|[upkeep]
|upkeep
|turn|3
|
|t:|1783908148
|switch|p2b: Palafin|Palafin-Hero, L50, F, shiny|100/100
|-activate|p2b: Palafin|ability: Zero to Hero
|move|p1b: Politoed|Helping Hand|p1a: Swampert
|-singleturn|p1a: Swampert|Helping Hand|[of] p1b: Politoed
|move|p2a: Kingambit|Sucker Punch|p1a: Swampert
|-damage|p1a: Swampert|10/100
|move|p1a: Swampert|Earthquake|p2a: Kingambit|[spread] p1b,p2a,p2b
|-supereffective|p2a: Kingambit|1
|-damage|p1b: Politoed|2/100
|-damage|p2a: Kingambit|0 fnt
|-damage|p2b: Palafin|57/100
|faint|p2a: Kingambit
|
|-weather|RainDance|[upkeep]
|-heal|p2b: Palafin|63/100|[from] item: Leftovers
|upkeep
|
|t:|1783908159
|switch|p2a: Incineroar|Incineroar, L50, M|38/100
|-ability|p2a: Incineroar|Intimidate|boost
|-unboost|p1a: Swampert|atk|1
|-unboost|p1b: Politoed|atk|1
|turn|4
|
|t:|1783908171
|switch|p1a: Sinistcha|Sinistcha, L50|100/100
|move|p1b: Politoed|Protect|p1b: Politoed
|-singleturn|p1b: Politoed|Protect
|move|p2a: Incineroar|Fake Out|p1a: Sinistcha
|-immune|p1a: Sinistcha
|move|p2b: Palafin|Bulk Up|p2b: Palafin
|-boost|p2b: Palafin|atk|1
|-boost|p2b: Palafin|def|1
|
|-weather|RainDance|[upkeep]
|-heal|p2b: Palafin|69/100|[from] item: Leftovers
|upkeep
|turn|5
|
|t:|1783908187
|move|p2b: Palafin|Wave Crash|p1a: Sinistcha
|-resisted|p1a: Sinistcha|1
|-damage|p1a: Sinistcha|29/100
|-damage|p2b: Palafin|48/100|[from] Recoil
|move|p2a: Incineroar|Darkest Lariat|p1a: Sinistcha
|-supereffective|p1a: Sinistcha|1
|-damage|p1a: Sinistcha|0 fnt
|faint|p1a: Sinistcha
|move|p1b: Politoed|Muddy Water|p2b: Palafin|[spread] p2a,p2b
|-supereffective|p2a: Incineroar|1
|-resisted|p2b: Palafin|1
|-damage|p2a: Incineroar|0 fnt
|-damage|p2b: Palafin|33/100
|-unboost|p2b: Palafin|accuracy|1
|faint|p2a: Incineroar
|
|-weather|RainDance|[upkeep]
|-heal|p2b: Palafin|39/100|[from] item: Leftovers
|upkeep
|inactive|Yugi_H0E has 30 seconds left.
|
|t:|1783908215
|switch|p2a: Floette|Floette-Eternal, L50, F|100/100
|switch|p1a: Gengar|Gengar, L50, M|100/100
|turn|6
|
|t:|1783908231
|detailschange|p2a: Floette|Floette-Mega, L50, F
|-mega|p2a: Floette|Floette|Floettite
|-ability|p2a: Floette|Fairy Aura
|move|p2b: Palafin|Jet Punch|p1a: Gengar
|-damage|p1a: Gengar|0 fnt
|-start|p2b: Palafin|Disable|Jet Punch|[from] ability: Cursed Body|[of] p1a: Gengar
|faint|p1a: Gengar
|move|p2a: Floette|Dazzling Gleam|p1b: Politoed
|-damage|p1b: Politoed|0 fnt
|faint|p1b: Politoed
|
|-weather|RainDance|[upkeep]
|-heal|p2b: Palafin|45/100|[from] item: Leftovers
|upkeep
|
|t:|1783908243
|switch|p1b: Swampert|Swampert-Mega, L50, F|10/100
|turn|7
|
|t:|1783908245
|move|p2a: Floette|Protect|p2a: Floette
|-singleturn|p2a: Floette|Protect
|move|p2b: Palafin|Protect|p2b: Palafin
|-singleturn|p2b: Palafin|Protect
|move|p1b: Swampert|Earthquake|p2a: Floette|[spread] 
|-activate|p2a: Floette|move: Protect
|-activate|p2b: Palafin|move: Protect
|
|-weather|RainDance|[upkeep]
|-heal|p2b: Palafin|51/100|[from] item: Leftovers
|upkeep
|turn|8
|
|t:|1783908251
|move|p1b: Swampert|Earthquake|p2b: Palafin|[spread] p2a,p2b
|-crit|p2b: Palafin
|-damage|p2a: Floette|52/100
|-damage|p2b: Palafin|0 fnt
|faint|p2b: Palafin
|move|p2a: Floette|Dazzling Gleam|p1b: Swampert
|-damage|p1b: Swampert|0 fnt
|faint|p1b: Swampert
|
|win|entei enthusiast
||entei enthusiast is ready for game 2.
||Yugi_H0E is ready for game 2.
|uhtml|next|Next: Game 2 of 3
|l|☆Yugi_H0E
|player|p1|
