|j|☆platinumflare
|j|☆babydimelavelda
|html|platinumflarebabydimelavelda    
|uhtml|bestof|Game 1 of a best-of-3
|t:|1785254807
|gametype|doubles
|player|p1|platinumflare|lance|1243
|player|p2|babydimelavelda|169|1280
|gen|9
|tier|[Gen 9 Champions] VGC 2026 Reg M-B (Bo3)
|rated|
|rule|Species Clause: Limit one of each Pokémon
|rule|Item Clause: Limit 1 of each item
|clearpoke
|poke|p1|Raichu, L50, F|
|poke|p1|Farigiraf, L50, M|
|poke|p1|Meowscarada, L50, M|
|poke|p1|Sneasler, L50, F|
|poke|p1|Talonflame, L50, F|
|poke|p1|Basculegion, L50, M|
|poke|p2|Tyranitar, L50, M|
|poke|p2|Excadrill, L50, M|
|poke|p2|Staraptor, L50, F|
|poke|p2|Sinistcha, L50|
|poke|p2|Gholdengo, L50|
|poke|p2|Milotic, L50, F|
|teampreview|4
|showteam|p1|Raichu||RaichuniteY|LightningRod|ZapCannon,FocusBlast,Protect,GrassKnot|Timid||F|||50|]Farigiraf||SitrusBerry|ArmorTail|Psychic,Roar,HyperVoice,Protect|Modest||M|||50|]Meowscarada||ChoiceScarf|Protean|FlowerTrick,ThroatChop,TripleAxel,Uturn|Jolly||M|||50|]Sneasler||WhiteHerb|Unburden|GunkShot,CloseCombat,Protect,FakeOut|Jolly||F|||50|]Talonflame||SharpBeak|GaleWings|Tailwind,DualWingbeat,Protect,FlareBlitz|Jolly||F|||50|]Basculegion||LifeOrb|Adaptability|WaveCrash,AquaJet,LastRespects,Protect|Adamant||M|||50|
|showteam|p2|Tyranitar||Tyranitarite|SandStream|KnockOff,RockSlide,HighHorsepower,Protect|Jolly||M|||50|]Excadrill||FocusSash|SandRush|HighHorsepower,RockSlide,IronHead,Protect|Adamant||M|||50|]Staraptor||Staraptite|Intimidate|BraveBird,CloseCombat,Tailwind,Protect|Jolly||F|||50|]Sinistcha||KasibBerry|Hospitality|MatchaGotcha,RagePowder,ShadowBall,Protect|Bold|||||50|]Gholdengo||LifeOrb|GoodasGold|MakeItRain,ShadowBall,NastyPlot,Protect|Modest|||||50|]Milotic||Leftovers|Competitive|Scald,IcyWind,Haze,Protect|Calm||F|||50|
|inactive|Battle timer is ON: inactive players will automatically lose when time's up. (requested by platinumflare)
|inactive|platinumflare has 60 seconds left.
|inactive|babydimelavelda has 60 seconds left.
|
|t:|1785254856
|teamsize|p1|4
|teamsize|p2|4
|start
|switch|p1a: Basculegion|Basculegion, L50, M|100/100
|switch|p1b: Meowscarada|Meowscarada, L50, M|100/100
|switch|p2a: Tyranitar|Tyranitar, L50, M|100/100
|switch|p2b: Excadrill|Excadrill, L50, M|100/100
|-weather|Sandstorm|[from] ability: Sand Stream|[of] p2a: Tyranitar
|turn|1
|
|t:|1785254879
|detailschange|p2a: Tyranitar|Tyranitar-Mega, L50, M
|-mega|p2a: Tyranitar|Tyranitar|Tyranitarite
|move|p1a: Basculegion|Aqua Jet|p2b: Excadrill
|-supereffective|p2b: Excadrill|1
|-enditem|p2b: Excadrill|Focus Sash
|-damage|p2b: Excadrill|1/100
|-damage|p1a: Basculegion|90/100|[from] item: Life Orb
|move|p1b: Meowscarada|U-turn|p2b: Excadrill
|-start|p1b: Meowscarada|typechange|Bug|[from] ability: Protean
|-resisted|p2b: Excadrill|1
|-damage|p2b: Excadrill|0 fnt
|faint|p2b: Excadrill
|
|t:|1785254884
|switch|p1b: Raichu|Raichu, L50, F|100/100|[from] U-turn
|move|p2a: Tyranitar|Knock Off|p1a: Basculegion
|-supereffective|p1a: Basculegion|1
|-crit|p1a: Basculegion
|-damage|p1a: Basculegion|0 fnt
|-enditem|p1a: Basculegion|Life Orb|[from] move: Knock Off|[of] p2a: Tyranitar
|faint|p1a: Basculegion
|
|-weather|Sandstorm|[upkeep]
|-damage|p1b: Raichu|94/100|[from] Sandstorm
|upkeep
|
|t:|1785254894
|switch|p2b: Sinistcha|Sinistcha, L50|100/100
|switch|p1a: Meowscarada|Meowscarada, L50, M|100/100
|turn|2
|
|t:|1785254902
|detailschange|p1b: Raichu|Raichu-Mega-Y, L50, F
|-mega|p1b: Raichu|Raichu|Raichunite Y
|move|p2a: Tyranitar|Protect|p2a: Tyranitar
|-singleturn|p2a: Tyranitar|Protect
|move|p2b: Sinistcha|Protect|p2b: Sinistcha
|-singleturn|p2b: Sinistcha|Protect
|move|p1a: Meowscarada|Flower Trick|p2a: Tyranitar
|-start|p1a: Meowscarada|typechange|Grass|[from] ability: Protean
|-activate|p2a: Tyranitar|move: Protect
|move|p1b: Raichu|Zap Cannon|p2a: Tyranitar
|-activate|p2a: Tyranitar|move: Protect
|
|-weather|Sandstorm|[upkeep]
|-damage|p1a: Meowscarada|94/100|[from] Sandstorm
|-damage|p1b: Raichu|88/100|[from] Sandstorm
|-damage|p2b: Sinistcha|94/100|[from] Sandstorm
|upkeep
|turn|3
|
|t:|1785254917
|move|p2b: Sinistcha|Rage Powder|p2b: Sinistcha
|-singleturn|p2b: Sinistcha|move: Rage Powder
|move|p1a: Meowscarada|Flower Trick|p2a: Tyranitar
|-supereffective|p2a: Tyranitar|1
|-crit|p2a: Tyranitar
|-damage|p2a: Tyranitar|34/100
|move|p1b: Raichu|Zap Cannon|p2b: Sinistcha
|-resisted|p2b: Sinistcha|1
|-damage|p2b: Sinistcha|63/100
|-status|p2b: Sinistcha|par
|move|p2a: Tyranitar|High Horsepower|p1b: Raichu
|-supereffective|p1b: Raichu|1
|-damage|p1b: Raichu|0 fnt
|faint|p1b: Raichu
|
|-weather|Sandstorm|[upkeep]
|-damage|p1a: Meowscarada|88/100|[from] Sandstorm
|-damage|p2b: Sinistcha|57/100 par|[from] Sandstorm
|upkeep
|
|t:|1785254921
|switch|p1b: Talonflame|Talonflame, L50, F|100/100
|turn|4
|inactive|babydimelavelda has 30 seconds left.
|
|t:|1785254953
|switch|p2a: Gholdengo|Gholdengo, L50|100/100
|move|p2b: Sinistcha|Protect|p2b: Sinistcha
|-singleturn|p2b: Sinistcha|Protect
|move|p1a: Meowscarada|Flower Trick|p2a: Gholdengo
|-resisted|p2a: Gholdengo|1
|-crit|p2a: Gholdengo
|-damage|p2a: Gholdengo|78/100
|move|p1b: Talonflame|Flare Blitz|p2b: Sinistcha
|-activate|p2b: Sinistcha|move: Protect
|
|-weather|Sandstorm|[upkeep]
|-damage|p1a: Meowscarada|82/100|[from] Sandstorm
|-damage|p1b: Talonflame|94/100|[from] Sandstorm
|-damage|p2b: Sinistcha|52/100 par|[from] Sandstorm
|upkeep
|turn|5
|
|t:|1785254971
|switch|p2b: Tyranitar|Tyranitar-Mega, L50, M|34/100
|move|p2a: Gholdengo|Protect|p2a: Gholdengo
|-singleturn|p2a: Gholdengo|Protect
|move|p1a: Meowscarada|Flower Trick|p2a: Gholdengo
|-activate|p2a: Gholdengo|move: Protect
|move|p1b: Talonflame|Flare Blitz|p2a: Gholdengo
|-activate|p2a: Gholdengo|move: Protect
|
|-weather|none
|upkeep
|turn|6
|inactive|babydimelavelda has 30 seconds left.
|inactive|babydimelavelda has 20 seconds left.
|inactive|babydimelavelda has 15 seconds left.
|
|t:|1785255013
|switch|p2b: Sinistcha|Sinistcha, L50|52/100 par
|-heal|p2a: Gholdengo|100/100|[from] ability: Hospitality|[of] p2b: Sinistcha
|move|p1a: Meowscarada|Flower Trick|p2b: Sinistcha
|-resisted|p2b: Sinistcha|1
|-crit|p2b: Sinistcha
|-damage|p2b: Sinistcha|33/100 par
|move|p1b: Talonflame|Flare Blitz|p2a: Gholdengo
|-supereffective|p2a: Gholdengo|1
|-damage|p2a: Gholdengo|35/100
|-damage|p1b: Talonflame|72/100|[from] Recoil
|move|p2a: Gholdengo|Shadow Ball|p1b: Talonflame
|-damage|p1b: Talonflame|10/100
|-unboost|p1b: Talonflame|spd|1
|-damage|p2a: Gholdengo|25/100|[from] item: Life Orb
|
|upkeep
|turn|7
|
|t:|1785255031
|move|p2b: Sinistcha|Rage Powder|p2b: Sinistcha
|-singleturn|p2b: Sinistcha|move: Rage Powder
|move|p1a: Meowscarada|Flower Trick|p2a: Gholdengo
|-resisted|p2a: Gholdengo|1
|-crit|p2a: Gholdengo
|-damage|p2a: Gholdengo|3/100
|move|p1b: Talonflame|Dual Wingbeat|p2b: Sinistcha
|-supereffective|p2b: Sinistcha|1
|-damage|p2b: Sinistcha|9/100 par
|-supereffective|p2b: Sinistcha|1
|-damage|p2b: Sinistcha|0 fnt
|faint|p2b: Sinistcha
|-hitcount|p2: Sinistcha|2
|move|p2a: Gholdengo|Make It Rain|p1a: Meowscarada|[spread] p1a,p1b
|-resisted|p1b: Talonflame|1
|-damage|p1a: Meowscarada|0 fnt
|-damage|p1b: Talonflame|0 fnt
|-unboost|p2a: Gholdengo|spa|2
|faint|p1a: Meowscarada
|faint|p1b: Talonflame
|-damage|p2a: Gholdengo|0 fnt|[from] item: Life Orb
|faint|p2a: Gholdengo
|
|win|babydimelavelda
||platinumflare is ready for game 2.
|l|☆babydimelavelda
|player|p2|
|inactive|babydimelavelda has 30 seconds to confirm battle start!
||babydimelavelda is ready for game 2.
|uhtml|next|Next: Game 2 of 3
|l|☆platinumflare
|player|p1|
|j|☆platinumflare
|player|p1|platinumflare|lance|
