|j|☆arcaninebr 2.0
|j|☆ZekromAllDay
|html|arcaninebr 2.0ZekromAllDay    
|uhtml|bestof|Game 1 of a best-of-3
|t:|1756504808
|gametype|doubles
|player|p1|arcaninebr 2.0|169|1042
|player|p2|ZekromAllDay|102|1142
|gen|9
|tier|[Gen 9] VGC 2025 Reg H (Bo3)
|rated|
|rule|Species Clause: Limit one of each Pokémon
|rule|Item Clause: Limit 1 of each item
|clearpoke
|poke|p1|Arcanine, L50, M|
|poke|p1|Electabuzz, L50, F|
|poke|p1|Rillaboom, L50, F|
|poke|p1|Sneasler, L50, M|
|poke|p1|Annihilape, L50, F|
|poke|p1|Dragonite, L50, F|
|poke|p2|Basculegion, L50, M|
|poke|p2|Pelipper, L50, M|
|poke|p2|Archaludon, L50, M|
|poke|p2|Dragonite, L50, F|
|poke|p2|Indeedee, L50, M|
|poke|p2|Sneasler, L50, F|
|teampreview|4
|showteam|p1|Arcanine||RockyHelmet|Intimidate|HeatWave,Snarl,Protect,WillOWisp|||M|||50|,,,,,Grass]Electabuzz||Eviolite|VitalSpirit|Protect,Taunt,Electroweb,FollowMe|||F|||50|,,,,,Electric]Rillaboom||AssaultVest|GrassySurge|WoodHammer,HighHorsepower,FakeOut,GrassyGlide|||F|||50|,,,,,Grass]Sneasler||GrassySeed|Unburden|CloseCombat,DireClaw,ThroatChop,FakeOut|||M|||50|,,,,,Dark]Annihilape||SafetyGoggles|Defiant|RageFist,CloseCombat,Taunt,Protect|||F|||50|,,,,,Fighting]Dragonite||LoadedDice|Multiscale|ScaleShot,ExtremeSpeed,StompingTantrum,Protect|||F|||50|,,,,,Normal
|showteam|p2|Basculegion||ChoiceBand|SwiftSwim|WaveCrash,LastRespects,AquaJet,FlipTurn|||M|||50|,,,,,Grass]Pelipper||CovertCloak|Drizzle|WeatherBall,Hurricane,Tailwind,MuddyWater|||M|||50|,,,,,Stellar]Archaludon||AssaultVest|Stamina|ElectroShot,DracoMeteor,BodyPress,FlashCannon|||M|||50|,,,,,Bug]Dragonite||LoadedDice|InnerFocus|ScaleShot,Tailwind,Haze,Protect|||F|||50|,,,,,Fairy]Indeedee||FocusSash|PsychicSurge|ExpandingForce,TrickRoom,TeraBlast,Protect|||M|||50|,,,,,Psychic]Sneasler||PsychicSeed|Unburden|CloseCombat,ThroatChop,DireClaw,Protect|||F|||50|,,,,,Dark
|
|t:|1756504841
|teamsize|p1|4
|teamsize|p2|4
|start
|switch|p1a: Arcanine|Arcanine, L50, M|100/100
|switch|p1b: Electabuzz|Electabuzz, L50, F|100/100
|switch|p2a: Dragonite|Dragonite, L50, F|100/100
|switch|p2b: Archaludon|Archaludon, L50, M|100/100
|-ability|p1a: Arcanine|Intimidate|boost
|-fail|p2a: Dragonite|unboost|Attack|[from] ability: Inner Focus|[of] p2a: Dragonite
|-unboost|p2b: Archaludon|atk|1
|turn|1
|
|t:|1756504885
|switch|p2a: Indeedee|Indeedee, L50, M|100/100
|-fieldstart|move: Psychic Terrain|[from] ability: Psychic Surge|[of] p2a: Indeedee
|move|p1b: Electabuzz|Electroweb|p2b: Archaludon|[spread] p2a,p2b
|-resisted|p2b: Archaludon
|-damage|p2a: Indeedee|83/100
|-damage|p2b: Archaludon|95/100
|-unboost|p2a: Indeedee|spe|1
|-unboost|p2b: Archaludon|spe|1
|-ability|p2b: Archaludon|Stamina|boost
|-boost|p2b: Archaludon|def|1
|move|p1a: Arcanine|Will-O-Wisp|p2a: Indeedee
|-status|p2a: Indeedee|brn
|move|p2b: Archaludon|Draco Meteor|p1b: Electabuzz
|-damage|p1b: Electabuzz|53/100
|-unboost|p2b: Archaludon|spa|2
|
|-damage|p2a: Indeedee|77/100 brn|[from] brn
|upkeep
|turn|2
|
|t:|1756504912
|switch|p1b: Rillaboom|Rillaboom, L50, F|100/100
|-fieldstart|move: Grassy Terrain|[from] ability: Grassy Surge|[of] p1b: Rillaboom
|switch|p1a: Sneasler|Sneasler, L50, M|100/100
|-enditem|p1a: Sneasler|Grassy Seed
|-boost|p1a: Sneasler|def|1|[from] item: Grassy Seed
|move|p2a: Indeedee|Expanding Force|p1a: Sneasler
|-supereffective|p1a: Sneasler
|-damage|p1a: Sneasler|0 fnt
|faint|p1a: Sneasler
|move|p2b: Archaludon|Body Press|p1b: Rillaboom
|-damage|p1b: Rillaboom|56/100
|
|-heal|p1b: Rillaboom|62/100|[from] Grassy Terrain
|-heal|p2a: Indeedee|83/100 brn|[from] Grassy Terrain
|-heal|p2b: Archaludon|100/100|[from] Grassy Terrain
|-damage|p2a: Indeedee|77/100 brn|[from] brn
|upkeep
|
|t:|1756504929
|switch|p1a: Arcanine|Arcanine, L50, M|100/100
|-ability|p1a: Arcanine|Intimidate|boost
|-unboost|p2a: Indeedee|atk|1
|-unboost|p2b: Archaludon|atk|1
|turn|3
|
|t:|1756504952
|-terastallize|p1b: Rillaboom|Grass
|move|p2a: Indeedee|Protect|p2a: Indeedee
|-singleturn|p2a: Indeedee|Protect
|move|p1b: Rillaboom|Grassy Glide|p2a: Indeedee
|-activate|p2a: Indeedee|move: Protect
|move|p1a: Arcanine|Snarl|p2b: Archaludon|[spread] p2b
|-activate|p2a: Indeedee|move: Protect
|-damage|p2b: Archaludon|90/100
|-unboost|p2b: Archaludon|spa|1
|-ability|p2b: Archaludon|Stamina|boost
|-boost|p2b: Archaludon|def|1
|move|p2b: Archaludon|Body Press|p1b: Rillaboom
|-damage|p1b: Rillaboom|9/100
|
|-heal|p1b: Rillaboom|15/100|[from] Grassy Terrain
|-heal|p2a: Indeedee|83/100 brn|[from] Grassy Terrain
|-heal|p2b: Archaludon|96/100|[from] Grassy Terrain
|-damage|p2a: Indeedee|77/100 brn|[from] brn
|upkeep
|turn|4
|
|t:|1756504971
|switch|p2a: Dragonite|Dragonite, L50, F|100/100
|move|p1b: Rillaboom|Wood Hammer|p2b: Archaludon
|-resisted|p2b: Archaludon
|-damage|p2b: Archaludon|88/100
|-ability|p2b: Archaludon|Stamina|boost
|-boost|p2b: Archaludon|def|1
|-damage|p1b: Rillaboom|12/100|[from] Recoil
|move|p1a: Arcanine|Heat Wave|p2a: Dragonite|[spread] p2a,p2b
|-resisted|p2a: Dragonite
|-damage|p2a: Dragonite|85/100
|-damage|p2b: Archaludon|64/100
|-status|p2b: Archaludon|brn
|-ability|p2b: Archaludon|Stamina|boost
|-boost|p2b: Archaludon|def|1
|move|p2b: Archaludon|Body Press|p1b: Rillaboom
|-damage|p1b: Rillaboom|0 fnt
|faint|p1b: Rillaboom
|
|-heal|p2b: Archaludon|71/100 brn|[from] Grassy Terrain
|-damage|p2b: Archaludon|64/100 brn|[from] brn
|upkeep
|
|t:|1756504987
|switch|p1b: Electabuzz|Electabuzz, L50, F|53/100
|turn|5
|
|t:|1756504999
|move|p1b: Electabuzz|Follow Me|p1b: Electabuzz
|-singleturn|p1b: Electabuzz|move: Follow Me
|move|p2a: Dragonite|Scale Shot|p1b: Electabuzz
|-damage|p1b: Electabuzz|44/100
|-damage|p1b: Electabuzz|34/100
|-damage|p1b: Electabuzz|23/100
|-damage|p1b: Electabuzz|14/100
|-damage|p1b: Electabuzz|3/100
|-hitcount|p1b: Electabuzz|5
|-unboost|p2a: Dragonite|def|1
|-boost|p2a: Dragonite|spe|1
|move|p1a: Arcanine|Will-O-Wisp|p2a: Dragonite
|-status|p2a: Dragonite|brn
|move|p2b: Archaludon|Body Press|p1b: Electabuzz
|-damage|p1b: Electabuzz|0 fnt
|faint|p1b: Electabuzz
|
|-heal|p2b: Archaludon|71/100 brn|[from] Grassy Terrain
|-damage|p2a: Dragonite|79/100 brn|[from] brn
|-damage|p2b: Archaludon|64/100 brn|[from] brn
|upkeep
|turn|6
|
|t:|1756505021
|move|p2a: Dragonite|Scale Shot|p1a: Arcanine
|-damage|p1a: Arcanine|93/100
|-damage|p1a: Arcanine|87/100
|-damage|p1a: Arcanine|81/100
|-damage|p1a: Arcanine|75/100
|-damage|p1a: Arcanine|69/100
|-hitcount|p1a: Arcanine|5
|-unboost|p2a: Dragonite|def|1
|-boost|p2a: Dragonite|spe|1
|move|p1a: Arcanine|Heat Wave|p2a: Dragonite|[spread] p2b
|-miss|p1a: Arcanine|p2a: Dragonite
|-damage|p2b: Archaludon|40/100 brn
|-ability|p2b: Archaludon|Stamina|boost
|-boost|p2b: Archaludon|def|1
|move|p2b: Archaludon|Body Press|p1a: Arcanine
|-crit|p1a: Arcanine
|-damage|p1a: Arcanine|0 fnt
|-damage|p2b: Archaludon|23/100 brn|[from] item: Rocky Helmet|[of] p1a: Arcanine
|faint|p1a: Arcanine
|
|win|ZekromAllDay
||arcaninebr 2.0 is ready for game 2.
|inactive|ZekromAllDay has 30 seconds to confirm battle start!
