|j|☆Awesome Person III
|j|☆Vicentefc2
|html|Awesome Person IIIVicentefc2    
|uhtml|bestof|Game 2 of a best-of-3
|t:|1757687334
|gametype|doubles
|player|p1|Awesome Person III|fisherman-gen4|1390
|player|p2|Vicentefc2|hilbert|1363
|gen|9
|tier|[Gen 9] VGC 2025 Reg H (Bo3)
|rated|
|rule|Species Clause: Limit one of each Pokémon
|rule|Item Clause: Limit 1 of each item
|clearpoke
|poke|p1|Dragonite, L50, M|
|poke|p1|Incineroar, L50, M|
|poke|p1|Rillaboom, L50, M|
|poke|p1|Sneasler, L50, F|
|poke|p1|Gholdengo, L50|
|poke|p1|Ursaluna-Bloodmoon, L50, M|
|poke|p2|Rillaboom, L50, M|
|poke|p2|Annihilape, L50, M|
|poke|p2|Politoed, L50, M|
|poke|p2|Murkrow, L50, M|
|poke|p2|Archaludon, L50, M|
|poke|p2|Maushold, L50|
|teampreview|4
|showteam|p1|Dragonite||LoadedDice|Multiscale|ScaleShot,Tailwind,Protect,Haze|||M|||50|,,,,,Fairy]Incineroar||SafetyGoggles|Intimidate|FlareBlitz,KnockOff,FakeOut,PartingShot|||M|||50|,,,,,Ghost]Rillaboom||MiracleSeed|GrassySurge|WoodHammer,GrassyGlide,HighHorsepower,FakeOut|||M|||50|,,,,,Water]Sneasler||FocusSash|Unburden|CloseCombat,DireClaw,ThroatChop,Protect|||F|||50|,,,,,Stellar]Gholdengo||LifeOrb|GoodasGold|MakeItRain,ShadowBall,Protect,NastyPlot||||||50|,,,,,Water]Ursaluna-Bloodmoon||AssaultVest|MindsEye|BloodMoon,EarthPower,HyperVoice,VacuumWave|||M|||50|,,,,,Electric
|showteam|p2|Rillaboom||AssaultVest|GrassySurge|WoodHammer,GrassyGlide,Uturn,FakeOut|||M|||50|,,,,,Fire]Annihilape||Leftovers|Defiant|DrainPunch,RageFist,BulkUp,Protect|||M|||50|,,,,,Fire]Politoed||LifeOrb|Drizzle|WeatherBall,IceBeam,RainDance,Protect|||M|||50|,,,,,Steel]Murkrow||Eviolite|Prankster|FoulPlay,Taunt,Haze,Tailwind|||M|||50|,,,,,Steel]Archaludon||PowerHerb|Sturdy|ElectroShot,DracoMeteor,FlashCannon,Protect|||M|||50|,,,,,Electric]Maushold||WideLens|Technician|PopulationBomb,FollowMe,BeatUp,Protect||||||50|,,,,,Ghost
|inactive|Battle timer is ON: inactive players will automatically lose when time's up. (requested by Awesome Person III)
|inactive|Awesome Person III has 60 seconds left.
|
|t:|1757687368
|teamsize|p1|4
|teamsize|p2|4
|start
|switch|p1a: Dragonite|Dragonite, L50, M|100/100
|switch|p1b: Sneasler|Sneasler, L50, F|100/100
|switch|p2a: edgar|Murkrow, L50, M|100/100
|switch|p2b: megadramon|Archaludon, L50, M|100/100
|turn|1
|inactive|Vicentefc2 has 30 seconds left.
|
|t:|1757687402
|move|p2b: megadramon|Protect|p2b: megadramon
|-singleturn|p2b: megadramon|Protect
|move|p2a: edgar|Tailwind|p2a: edgar
|-sidestart|p2: Vicentefc2|move: Tailwind
|move|p1b: Sneasler|Dire Claw|p2a: edgar
|-damage|p2a: edgar|50/100
|-status|p2a: edgar|slp
|move|p1a: Dragonite|Tailwind|p1a: Dragonite
|-sidestart|p1: Awesome Person III|move: Tailwind
|
|upkeep
|turn|2
|
|t:|1757687422
|switch|p2a: gamabunta|Politoed, L50, M|100/100
|-weather|RainDance|[from] ability: Drizzle|[of] p2a: gamabunta
|-terastallize|p2b: megadramon|Electric
|move|p1b: Sneasler|Close Combat|p2b: megadramon
|-damage|p2b: megadramon|49/100
|-unboost|p1b: Sneasler|def|1
|-unboost|p1b: Sneasler|spd|1
|move|p2b: megadramon|Electro Shot||[still]
|-prepare|p2b: megadramon|Electro Shot
|-boost|p2b: megadramon|spa|1
|-anim|p2b: megadramon|Electro Shot|p1b: Sneasler
|-enditem|p1b: Sneasler|Focus Sash
|-damage|p1b: Sneasler|1/100
|move|p1a: Dragonite|Scale Shot|p2b: megadramon
|-damage|p2b: megadramon|37/100
|-damage|p2b: megadramon|23/100
|-damage|p2b: megadramon|9/100
|-damage|p2b: megadramon|0 fnt
|faint|p2b: megadramon
|-hitcount|p2: megadramon|4
|-unboost|p1a: Dragonite|def|1
|-boost|p1a: Dragonite|spe|1
|
|-weather|RainDance|[upkeep]
|upkeep
|
|t:|1757687433
|switch|p2b: donkey kong|Rillaboom, L50, M|100/100
|-fieldstart|move: Grassy Terrain|[from] ability: Grassy Surge|[of] p2b: donkey kong
|turn|3
|
|t:|1757687452
|move|p2b: donkey kong|Fake Out|p1b: Sneasler
|-damage|p1b: Sneasler|0 fnt
|faint|p1b: Sneasler
|move|p1a: Dragonite|Scale Shot|p2b: donkey kong
|-damage|p2b: donkey kong|86/100
|-damage|p2b: donkey kong|72/100
|-damage|p2b: donkey kong|58/100
|-damage|p2b: donkey kong|44/100
|-damage|p2b: donkey kong|30/100
|-hitcount|p2b: donkey kong|5
|-unboost|p1a: Dragonite|def|1
|-boost|p1a: Dragonite|spe|1
|move|p2a: gamabunta|Ice Beam|p1a: Dragonite
|-supereffective|p1a: Dragonite
|-damage|p1a: Dragonite|26/100
|-damage|p2a: gamabunta|91/100|[from] item: Life Orb
|
|-weather|RainDance|[upkeep]
|-heal|p2b: donkey kong|37/100|[from] Grassy Terrain
|-heal|p2a: gamabunta|97/100|[from] Grassy Terrain
|upkeep
|
|t:|1757687460
|switch|p1b: Ursaluna|Ursaluna-Bloodmoon, L50, M|100/100
|turn|4
|inactive|Vicentefc2 has 30 seconds left.
|
|t:|1757687486
|switch|p2b: edgar|Murkrow, L50, M|50/100 slp
|-terastallize|p1b: Ursaluna|Electric
|move|p1a: Dragonite|Scale Shot|p2b: edgar
|-damage|p2b: edgar|33/100 slp
|-damage|p2b: edgar|15/100 slp
|-damage|p2b: edgar|0 fnt
|faint|p2b: edgar
|-hitcount|p2: edgar|3
|-unboost|p1a: Dragonite|def|1
|-boost|p1a: Dragonite|spe|1
|move|p2a: gamabunta|Weather Ball|p1b: Ursaluna
|-crit|p1b: Ursaluna
|-damage|p1b: Ursaluna|17/100
|-damage|p2a: gamabunta|87/100|[from] item: Life Orb
|move|p1b: Ursaluna|Blood Moon|p2a: gamabunta
|-damage|p2a: gamabunta|18/100
|
|-weather|RainDance|[upkeep]
|-heal|p2a: gamabunta|24/100|[from] Grassy Terrain
|-heal|p1b: Ursaluna|23/100|[from] Grassy Terrain
|-sideend|p2: Vicentefc2|move: Tailwind
|-sideend|p1: Awesome Person III|move: Tailwind
|upkeep
|
|t:|1757687509
|switch|p2b: donkey kong|Rillaboom, L50, M|37/100
|turn|5
|
|t:|1757687526
|move|p1a: Dragonite|Protect|p1a: Dragonite
|-singleturn|p1a: Dragonite|Protect
|move|p2b: donkey kong|Grassy Glide|p1a: Dragonite
|-activate|p1a: Dragonite|move: Protect
|move|p2a: gamabunta|Weather Ball|p1b: Ursaluna
|-damage|p1b: Ursaluna|0 fnt
|faint|p1b: Ursaluna
|-damage|p2a: gamabunta|15/100|[from] item: Life Orb
|
|-weather|RainDance|[upkeep]
|-heal|p2b: donkey kong|43/100|[from] Grassy Terrain
|-heal|p2a: gamabunta|21/100|[from] Grassy Terrain
|upkeep
|
|t:|1757687530
|switch|p1b: Gholdengo|Gholdengo, L50, shiny|100/100
|turn|6
|
|t:|1757687538
|move|p2b: donkey kong|Grassy Glide|p1a: Dragonite
|-resisted|p1a: Dragonite
|-damage|p1a: Dragonite|0 fnt
|faint|p1a: Dragonite
|move|p1b: Gholdengo|Shadow Ball|p2a: gamabunta
|-damage|p2a: gamabunta|0 fnt
|faint|p2a: gamabunta
|-damage|p1b: Gholdengo|91/100|[from] item: Life Orb
|
|-weather|none
|-heal|p1b: Gholdengo|97/100|[from] Grassy Terrain
|-heal|p2b: donkey kong|49/100|[from] Grassy Terrain
|upkeep
|turn|7
|
|t:|1757687550
|move|p1b: Gholdengo|Make It Rain|p2b: donkey kong
|-damage|p2b: donkey kong|0 fnt
|-unboost|p1b: Gholdengo|spa|1
|faint|p2b: donkey kong
|-damage|p1b: Gholdengo|87/100|[from] item: Life Orb
|
|win|Awesome Person III
|raw|Awesome Person III's rating: 1390 → 1408(+18 for winning)
|raw|Vicentefc2's rating: 1363 → 1345(-18 for losing)
