|j|☆Grogguu
|j|☆esid1470
|html|Grogguuesid1470    
|uhtml|bestof|Game 3 of a best-of-3
|t:|1756179987
|gametype|doubles
|player|p1|Grogguu|zinzolin|1091
|player|p2|esid1470|steven|1104
|gen|9
|tier|[Gen 9] VGC 2025 Reg H (Bo3)
|rated|
|rule|Species Clause: Limit one of each Pokémon
|rule|Item Clause: Limit 1 of each item
|clearpoke
|poke|p1|Dragonite, L50, M|
|poke|p1|Sneasler, L50, F|
|poke|p1|Primarina, L50, F|
|poke|p1|Rillaboom, L50, M|
|poke|p1|Magmar, L50, M|
|poke|p1|Volcarona, L50, M|
|poke|p2|Ninetales-Alola, L50, M|
|poke|p2|Baxcalibur, L50, F|
|poke|p2|Sneasler, L50, M|
|poke|p2|Kingambit, L50, M|
|poke|p2|Corviknight, L50, F|
|poke|p2|Garchomp, L50, M|
|teampreview|4
|showteam|p1|Dragonite||LoadedDice|Multiscale|ScaleShot,Tailwind,Haze,Protect|||M|||50|,,,,,Fairy]Sneasler||WhiteHerb|Unburden|CloseCombat,DireClaw,Coaching,Protect|||F|||50|,,,,,Ghost]Primarina||SitrusBerry|LiquidVoice|HyperVoice,Moonblast,CalmMind,Protect|||F|||50|,,,,,Grass]Rillaboom||AssaultVest|GrassySurge|WoodHammer,KnockOff,GrassyGlide,FakeOut|||M|||50|,,,,,Psychic]Magmar||Eviolite|FlameBody|Overheat,FollowMe,Taunt,SunnyDay|||M|||50|,,,,,Flying]Volcarona||GrassySeed|FlameBody|QuiverDance,HeatWave,GigaDrain,Protect|||M|||50|,,,,,Stellar
|showteam|p2|Ninetales-Alola||LightClay|SnowWarning|AuroraVeil,Blizzard,IcyWind,Encore|||M|||50|,,,,,Ghost]Baxcalibur||LoadedDice|IceBody|IcicleSpear,ScaleShot,SwordsDance,Protect|||F|||50|,,,,,Poison]Sneasler||FocusSash|Unburden|Coaching,DireClaw,CloseCombat,FakeOut|||M|||50|,,,,,Dark]Kingambit||BlackGlasses|Defiant|SuckerPunch,KowtowCleave,Protect,SwordsDance|||M|||50|,,,,,Dark]Corviknight||SitrusBerry|MirrorArmor|Tailwind,BraveBird,Roost,BulkUp|||F|||50|,,,,,Dragon]Garchomp||LifeOrb|RoughSkin|Earthquake,StompingTantrum,DragonClaw,Protect|||M|||50|,,,,,Steel
|j| teamthief420
|l| teamthief420
|c|☆Grogguu|yo team thief 420
|c|☆Grogguu|was good
|inactive|Battle timer is ON: inactive players will automatically lose when time's up. (requested by esid1470)
|
|t:|1756180017
|teamsize|p1|4
|teamsize|p2|4
|start
|switch|p1a: Dragonite|Dragonite, L50, M|100/100
|switch|p1b: Sneasler|Sneasler, L50, F|100/100
|switch|p2a: Ninetales|Ninetales-Alola, L50, M|100/100
|switch|p2b: Baxcalibur|Baxcalibur, L50, F|100/100
|-weather|Snowscape|[from] ability: Snow Warning|[of] p2a: Ninetales
|turn|1
|
|t:|1756180041
|-terastallize|p2b: Baxcalibur|Poison
|-terastallize|p1a: Dragonite|Fairy
|move|p1b: Sneasler|Dire Claw|p2a: Ninetales
|-supereffective|p2a: Ninetales
|-damage|p2a: Ninetales|10/100
|move|p2a: Ninetales|Aurora Veil|p2a: Ninetales
|-sidestart|p2: esid1470|move: Aurora Veil
|move|p2b: Baxcalibur|Swords Dance|p2b: Baxcalibur
|-boost|p2b: Baxcalibur|atk|2
|move|p1a: Dragonite|Scale Shot|p2b: Baxcalibur
|-crit|p2b: Baxcalibur
|-damage|p2b: Baxcalibur|77/100
|-damage|p2b: Baxcalibur|67/100
|-damage|p2b: Baxcalibur|58/100
|-damage|p2b: Baxcalibur|47/100
|-damage|p2b: Baxcalibur|38/100
|-hitcount|p2b: Baxcalibur|5
|-unboost|p1a: Dragonite|def|1
|-boost|p1a: Dragonite|spe|1
|
|-weather|Snowscape|[upkeep]
|-heal|p2b: Baxcalibur|44/100|[from] ability: Ice Body
|upkeep
|turn|2
|inactive|esid1470 has 30 seconds left.
|inactive|esid1470 has 20 seconds left.
|
|t:|1756180080
|switch|p2a: Corviknight|Corviknight, L50, F|100/100
|move|p2b: Baxcalibur|Protect|p2b: Baxcalibur
|-singleturn|p2b: Baxcalibur|Protect
|move|p1b: Sneasler|Close Combat|p2a: Corviknight
|-damage|p2a: Corviknight|66/100
|-unboost|p1b: Sneasler|def|1
|-unboost|p1b: Sneasler|spd|1
|-enditem|p1b: Sneasler|White Herb
|-clearnegativeboost|p1b: Sneasler|[silent]
|move|p1a: Dragonite|Scale Shot|p2b: Baxcalibur
|-activate|p2b: Baxcalibur|move: Protect
|
|-weather|Snowscape|[upkeep]
|-heal|p2b: Baxcalibur|50/100|[from] ability: Ice Body
|upkeep
|turn|3
|inactive|Grogguu has 30 seconds left.
|inactive|esid1470 has 30 seconds left.
|inactive|esid1470 has 20 seconds left.
|inactive|esid1470 has 15 seconds left.
|inactive|esid1470 has 10 seconds left.
|inactive|Grogguu has 20 seconds left.
|
|t:|1756180131
|move|p1b: Sneasler|Close Combat|p2b: Baxcalibur
|-resisted|p2b: Baxcalibur
|-crit|p2b: Baxcalibur
|-damage|p2b: Baxcalibur|7/100
|-unboost|p1b: Sneasler|def|1
|-unboost|p1b: Sneasler|spd|1
|move|p1a: Dragonite|Scale Shot|p2a: Corviknight
|-resisted|p2a: Corviknight
|-damage|p2a: Corviknight|61/100
|-resisted|p2a: Corviknight
|-damage|p2a: Corviknight|57/100
|-resisted|p2a: Corviknight
|-damage|p2a: Corviknight|52/100
|-resisted|p2a: Corviknight
|-damage|p2a: Corviknight|48/100
|-enditem|p2a: Corviknight|Sitrus Berry|[eat]
|-heal|p2a: Corviknight|73/100|[from] item: Sitrus Berry
|-hitcount|p2a: Corviknight|4
|-unboost|p1a: Dragonite|def|1
|-boost|p1a: Dragonite|spe|1
|move|p2b: Baxcalibur|Icicle Spear|p1a: Dragonite
|-damage|p1a: Dragonite|71/100
|-damage|p1a: Dragonite|5/100
|-damage|p1a: Dragonite|0 fnt
|faint|p1a: Dragonite
|-hitcount|p1: Dragonite|3
|move|p2a: Corviknight|Tailwind|p2a: Corviknight
|-sidestart|p2: esid1470|move: Tailwind
|
|-weather|Snowscape|[upkeep]
|-heal|p2b: Baxcalibur|13/100|[from] ability: Ice Body
|upkeep
|
|t:|1756180142
|switch|p1a: Volcarona|Volcarona, L50, M|100/100
|turn|4
|
|t:|1756180164
|move|p2b: Baxcalibur|Protect|p2b: Baxcalibur
|-singleturn|p2b: Baxcalibur|Protect
|move|p1b: Sneasler|Close Combat|p2a: Corviknight
|-damage|p2a: Corviknight|37/100
|-unboost|p1b: Sneasler|def|1
|-unboost|p1b: Sneasler|spd|1
|move|p2a: Corviknight|Brave Bird|p1b: Sneasler
|-supereffective|p1b: Sneasler
|-damage|p1b: Sneasler|0 fnt
|faint|p1b: Sneasler
|-damage|p2a: Corviknight|9/100|[from] Recoil
|move|p1a: Volcarona|Heat Wave|p2b: Baxcalibur|[spread] p2a
|-activate|p2b: Baxcalibur|move: Protect
|-supereffective|p2a: Corviknight
|-crit|p2a: Corviknight
|-damage|p2a: Corviknight|0 fnt
|faint|p2a: Corviknight
|
|-weather|Snowscape|[upkeep]
|-heal|p2b: Baxcalibur|18/100|[from] ability: Ice Body
|upkeep
|
|t:|1756180182
|switch|p1b: Primarina|Primarina, L50, F|100/100
|switch|p2a: Sneasler|Sneasler, L50, M|100/100
|turn|5
|
|t:|1756180199
|move|p1b: Primarina|Protect|p1b: Primarina
|-singleturn|p1b: Primarina|Protect
|move|p2a: Sneasler|Fake Out|p1b: Primarina
|-activate|p1b: Primarina|move: Protect
|move|p2b: Baxcalibur|Scale Shot|p1a: Volcarona
|-damage|p1a: Volcarona|60/100
|-damage|p1a: Volcarona|21/100
|-damage|p1a: Volcarona|0 fnt
|faint|p1a: Volcarona
|-hitcount|p1: Volcarona|3
|-unboost|p2b: Baxcalibur|def|1
|-boost|p2b: Baxcalibur|spe|1
|
|-weather|none
|upkeep
|turn|6
|
|t:|1756180217
|move|p2a: Sneasler|Dire Claw|p1b: Primarina
|-supereffective|p1b: Primarina
|-damage|p1b: Primarina|14/100
|-enditem|p1b: Primarina|Sitrus Berry|[eat]
|-heal|p1b: Primarina|38/100|[from] item: Sitrus Berry
|move|p2b: Baxcalibur|Icicle Spear|p1b: Primarina
|-resisted|p1b: Primarina
|-damage|p1b: Primarina|22/100
|-resisted|p1b: Primarina
|-damage|p1b: Primarina|6/100
|-resisted|p1b: Primarina
|-damage|p1b: Primarina|0 fnt
|faint|p1b: Primarina
|-hitcount|p1: Primarina|3
|
|win|esid1470
|raw|Grogguu's rating: 1091 → 1068(-23 for losing)
|raw|esid1470's rating: 1104 → 1128(+24 for winning)
|c|☆Grogguu|ggwp
|c|☆esid1470|ggwp
