|j|☆exessvgc
|j|☆Washingtung DC
|html|exessvgcWashingtung DC    
|uhtml|bestof|Game 1 of a best-of-3
|t:|1782484719
|gametype|doubles
|player|p1|exessvgc|lucas|1197
|player|p2|Washingtung DC|roughneck|1172
|gen|9
|tier|[Gen 9 Champions] VGC 2026 Reg M-B (Bo3)
|rated|
|rule|Species Clause: Limit one of each Pokémon
|rule|Item Clause: Limit 1 of each item
|clearpoke
|poke|p1|Charizard, L50, F|
|poke|p1|Sneasler, L50, M|
|poke|p1|Farigiraf, L50, M|
|poke|p1|Aerodactyl, L50, M|
|poke|p1|Kingambit, L50, M|
|poke|p1|Sylveon, L50, M|
|poke|p2|Swampert, L50, M|
|poke|p2|Pelipper, L50, F|
|poke|p2|Archaludon, L50, F|
|poke|p2|Grimmsnarl, L50, M|
|poke|p2|Metagross, L50|
|poke|p2|Sinistcha, L50|
|teampreview|4
|showteam|p1|Charizard||CharizarditeX|Blaze|DragonDance,DragonClaw,FlareBlitz,Protect|Jolly||F|||50|]Sneasler||WhiteHerb|Unburden|FakeOut,Protect,CloseCombat,DireClaw|Jolly||M|||50|]Farigiraf||SitrusBerry|ArmorTail|TrickRoom,Thunderbolt,HelpingHand,TwinBeam|Calm||M|||50|]Aerodactyl||FocusSash|Unnerve|RockSlide,Tailwind,DualWingbeat,Protect|Jolly||M|||50|]Kingambit||LifeOrb|Defiant|KowtowCleave,SuckerPunch,IronHead,Protect|Brave||M|||50|]Sylveon||FairyFeather|Pixilate|HyperVoice,HyperBeam,Protect,QuickAttack|Quiet||M|||50|
|showteam|p2|Swampert||Swampertite|Torrent|Earthquake,WaveCrash,StompingTantrum,Protect|Adamant||M|||50|]Pelipper||SitrusBerry|Drizzle|Tailwind,WeatherBall,Hurricane,Protect|Modest||F|||50|]Archaludon||Leftovers|Stamina|DragonPulse,ElectroShot,FlashCannon,Protect|Modest||F|||50|]Grimmsnarl||BlackGlasses|Prankster|SuckerPunch,PartingShot,LightScreen,SpiritBreak|Adamant||M|||50|]Metagross||Metagrossite|ClearBody|PsychicFangs,IronHead,Protect,BodyPress|Jolly|||||50|]Sinistcha||KasibBerry|Hospitality|TrickRoom,MatchaGotcha,RagePowder,Imprison|Modest|||||50|
|inactive|Battle timer is ON: inactive players will automatically lose when time's up. (requested by exessvgc)
|
|t:|1782484763
|teamsize|p1|4
|teamsize|p2|4
|start
|switch|p1a: DINOSAUVO|Aerodactyl, L50, M|100/100
|switch|p1b: LA GIRAFFA|Farigiraf, L50, M|100/100
|switch|p2a: Swampert|Swampert, L50, M|100/100
|switch|p2b: Sinistcha|Sinistcha, L50|100/100
|-ability|p1a: DINOSAUVO|Unnerve
|turn|1
|inactive|exessvgc has 30 seconds left.
|inactive|Washingtung DC has 30 seconds left.
|inactive|exessvgc has 20 seconds left.
|inactive|exessvgc has 15 seconds left.
|inactive|Washingtung DC has 20 seconds left.
|inactive|exessvgc has 10 seconds left.
|inactive|exessvgc has 5 seconds left.
|inactive|Washingtung DC has 15 seconds left.
|inactive|Washingtung DC has 10 seconds left.
|
|t:|1782484819
|detailschange|p2a: Swampert|Swampert-Mega, L50, M
|-mega|p2a: Swampert|Swampert|Swampertite
|move|p1b: LA GIRAFFA|Helping Hand|p1a: DINOSAUVO
|-singleturn|p1a: DINOSAUVO|Helping Hand|[of] p1b: LA GIRAFFA
|move|p1a: DINOSAUVO|Rock Slide|p2b: Sinistcha|[spread] p2b
|-miss|p1a: DINOSAUVO|p2a: Swampert
|-damage|p2b: Sinistcha|64/100
|move|p2a: Swampert|Stomping Tantrum|p1b: LA GIRAFFA
|-damage|p1b: LA GIRAFFA|56/100
|move|p2b: Sinistcha|Imprison|p2b: Sinistcha
|-start|p2b: Sinistcha|move: Imprison
|
|upkeep
|turn|2
|inactive|exessvgc has 30 seconds left.
|inactive|Washingtung DC has 30 seconds left.
|
|t:|1782484853
|move|p1b: LA GIRAFFA|Helping Hand|p1a: DINOSAUVO
|-singleturn|p1a: DINOSAUVO|Helping Hand|[of] p1b: LA GIRAFFA
|move|p1a: DINOSAUVO|Rock Slide|p2a: Swampert|[spread] p2a,p2b
|-resisted|p2a: Swampert|1
|-damage|p2a: Swampert|84/100
|-damage|p2b: Sinistcha|26/100
|move|p2a: Swampert|Wave Crash|p1b: LA GIRAFFA
|-crit|p1b: LA GIRAFFA
|-damage|p1b: LA GIRAFFA|0 fnt
|faint|p1b: LA GIRAFFA
|-damage|p2a: Swampert|63/100|[from] Recoil
|move|p2b: Sinistcha|Trick Room|p2b: Sinistcha
|-fieldstart|move: Trick Room|[of] p2b: Sinistcha
|
|upkeep
|
|t:|1782484870
|switch|p1b: Sylveon|Sylveon, L50, M|100/100
|turn|3
|
|t:|1782484888
|move|p2a: Swampert|Protect|p2a: Swampert
|-singleturn|p2a: Swampert|Protect
|move|p1b: Sylveon|Hyper Voice|p2b: Sinistcha|[spread] p2b
|-activate|p2a: Swampert|move: Protect
|-damage|p2b: Sinistcha|0 fnt
|faint|p2b: Sinistcha
|move|p1a: DINOSAUVO|Rock Slide|p2a: Swampert
|-activate|p2a: Swampert|move: Protect
|
|upkeep
|
|t:|1782484893
|switch|p2b: Archaludon|Archaludon, L50, F|100/100
|turn|4
|
|t:|1782484915
|move|p1b: Sylveon|Protect|p1b: Sylveon
|-singleturn|p1b: Sylveon|Protect
|move|p2a: Swampert|Stomping Tantrum|p1b: Sylveon
|-activate|p1b: Sylveon|move: Protect
|move|p2b: Archaludon|Flash Cannon|p1b: Sylveon
|-activate|p1b: Sylveon|move: Protect
|move|p1a: DINOSAUVO|Dual Wingbeat|p2a: Swampert
|-damage|p2a: Swampert|48/100
|-damage|p2a: Swampert|30/100
|-hitcount|p2a: Swampert|2
|
|upkeep
|turn|5
|
|t:|1782484938
|switch|p2a: Pelipper|Pelipper, L50, F|100/100
|-weather|RainDance|[from] ability: Drizzle|[of] p2a: Pelipper
|switch|p1a: EXESS|Charizard, L50, F|100/100
|move|p1b: Sylveon|Hyper Voice|p2b: Archaludon|[spread] p2a,p2b
|-damage|p2a: Pelipper|28/100
|-damage|p2b: Archaludon|46/100
|-ability|p2b: Archaludon|Stamina|boost
|-boost|p2b: Archaludon|def|1
|-enditem|p2a: Pelipper|Sitrus Berry|[eat]
|-heal|p2a: Pelipper|53/100|[from] item: Sitrus Berry
|move|p2b: Archaludon|Flash Cannon|p1a: EXESS
|-resisted|p1a: EXESS|1
|-damage|p1a: EXESS|73/100
|
|-weather|RainDance|[upkeep]
|-heal|p2b: Archaludon|52/100|[from] item: Leftovers
|upkeep
|turn|6
|inactive|exessvgc has 30 seconds left.
|
|t:|1782484967
|switch|p1a: DINOSAUVO|Aerodactyl, L50, M|100/100
|-ability|p1a: DINOSAUVO|Unnerve
|move|p1b: Sylveon|Hyper Voice|p2a: Pelipper|[spread] p2a,p2b
|-damage|p2a: Pelipper|0 fnt
|-damage|p2b: Archaludon|0 fnt
|faint|p2a: Pelipper
|faint|p2b: Archaludon
|
|-weather|RainDance|[upkeep]
|-fieldend|move: Trick Room
|upkeep
|-message|Washingtung DC forfeited.
|
|win|exessvgc
|l|☆Washingtung DC
|player|p2|
||Washingtung DC is ready for game 2.
||exessvgc is ready for game 2.
|uhtml|next|Next: Game 2 of 3
|l|☆exessvgc
|player|p1|
|j|☆exessvgc
|player|p1|exessvgc|lucas|
