|j|☆QueerCrocodile
|j|☆ub_slower
|html|QueerCrocodileub_slower    
|uhtml|bestof|Game 1 of a best-of-3
|t:|1786178433
|gametype|doubles
|player|p1|QueerCrocodile|canari|1531
|player|p2|ub_slower|265|1614
|gen|9
|tier|[Gen 9 Champions] VGC 2026 Reg M-B (Bo3)
|rated|
|rule|Species Clause: Limit one of each Pokémon
|rule|Item Clause: Limit 1 of each item
|clearpoke
|poke|p1|Floette-Eternal, L50, F|
|poke|p1|Whimsicott, L50, M, shiny|
|poke|p1|Arcanine-Hisui, L50, M|
|poke|p1|Basculegion, L50, M|
|poke|p1|Kingambit, L50, M, shiny|
|poke|p1|Sneasler, L50, F|
|poke|p2|Maushold, L50|
|poke|p2|Staraptor, L50, F|
|poke|p2|Gholdengo, L50|
|poke|p2|Sinistcha, L50|
|poke|p2|Arcanine-Hisui, L50, M|
|poke|p2|Kingambit, L50, M|
|teampreview|4
|showteam|p1|Floette-Eternal||Floettite|FlowerVeil|Moonblast,DazzlingGleam,LightofRuin,Protect|Modest||F|||50|]Whimsicott||FocusSash|Prankster|Tailwind,Moonblast,Encore,Protect|Timid||M|||50|]Arcanine-Hisui||SitrusBerry|RockHead|RockSlide,FlareBlitz,HeadSmash,Protect|Jolly||M|||50|]Basculegion||ChoiceScarf|Adaptability|WaveCrash,LastRespects,AquaJet,FlipTurn|Jolly||M|||50|]Kingambit||BlackGlasses|Defiant|KowtowCleave,SuckerPunch,IronHead,Protect|Adamant||M|||50|]Sneasler||WhiteHerb|Unburden|DireClaw,CloseCombat,RockTomb,Protect|Adamant||F|||50|
|showteam|p2|Maushold||ChopleBerry|FriendGuard|FollowMe,SuperFang,Charm,Protect|Timid|||||50|]Staraptor||Staraptite|Intimidate|CloseCombat,BraveBird,Roost,Protect|Jolly||F|||50|]Gholdengo||LifeOrb|GoodasGold|NastyPlot,MakeItRain,ShadowBall,Protect|Modest|||||50|]Sinistcha||SitrusBerry|Hospitality|RagePowder,MatchaGotcha,TrickRoom,Protect|Calm|||||50|]Arcanine-Hisui||FocusSash|RockHead|FlareBlitz,HeadSmash,ExtremeSpeed,Protect|Jolly||M|||50|]Kingambit||OccaBerry|Defiant|KowtowCleave,SuckerPunch,IronHead,Protect|Brave||M|||50|
|inactive|Battle timer is ON: inactive players will automatically lose when time's up. (requested by QueerCrocodile)
|inactive|ub_slower has 60 seconds left.
|inactive|ub_slower has 30 seconds left.
|inactive|ub_slower has 20 seconds left.
|inactive|ub_slower has 15 seconds left.
|
|t:|1786178510
|teamsize|p1|4
|teamsize|p2|4
|start
|switch|p1a: Kingambit|Kingambit, L50, M, shiny|100/100
|switch|p1b: Sneasler|Sneasler, L50, F|100/100
|switch|p2a: Maushold|Maushold, L50|100/100
|switch|p2b: Staraptor|Staraptor, L50, F|100/100
|-ability|p2b: Staraptor|Intimidate|boost
|-unboost|p1a: Kingambit|atk|1
|-ability|p1a: Kingambit|Defiant|boost
|-boost|p1a: Kingambit|atk|2
|-unboost|p1b: Sneasler|atk|1
|-enditem|p1b: Sneasler|White Herb
|-clearnegativeboost|p1b: Sneasler|[silent]
|turn|1
|
|t:|1786178531
|detailschange|p2b: Staraptor|Staraptor-Mega, L50, F
|-mega|p2b: Staraptor|Staraptor|Staraptite
|move|p2a: Maushold|Protect|p2a: Maushold
|-singleturn|p2a: Maushold|Protect
|move|p2b: Staraptor|Protect|p2b: Staraptor
|-singleturn|p2b: Staraptor|Protect
|move|p1a: Kingambit|Protect|p1a: Kingambit
|-singleturn|p1a: Kingambit|Protect
|move|p1b: Sneasler|Dire Claw|p2b: Staraptor
|-activate|p2b: Staraptor|move: Protect
|
|upkeep
|turn|2
|inactive|ub_slower has 30 seconds left.
|
|t:|1786178562
|switch|p1a: Basculegion|Basculegion, L50, M|100/100
|move|p1b: Sneasler|Close Combat|p2a: Maushold
|-supereffective|p2a: Maushold|1
|-enditem|p2a: Maushold|Chople Berry|[eat]
|-enditem|p2a: Maushold|Chople Berry|[weaken]
|-damage|p2a: Maushold|15/100
|-unboost|p1b: Sneasler|def|1
|-unboost|p1b: Sneasler|spd|1
|move|p2a: Maushold|Charm|p2b: Staraptor
|-boost|p2b: Staraptor|atk|2
|move|p2b: Staraptor|Close Combat|p1a: Basculegion
|-immune|p1a: Basculegion
|
|upkeep
|turn|3
|
|t:|1786178580
|switch|p2a: Gholdengo|Gholdengo, L50|100/100
|move|p2b: Staraptor|Protect|p2b: Staraptor
|-singleturn|p2b: Staraptor|Protect
|move|p1b: Sneasler|Dire Claw|p2b: Staraptor
|-activate|p2b: Staraptor|move: Protect
|move|p1a: Basculegion|Wave Crash|p2b: Staraptor
|-activate|p2b: Staraptor|move: Protect
|
|upkeep
|turn|4
|
|t:|1786178601
|switch|p2b: Maushold|Maushold, L50|15/100
|move|p1b: Sneasler|Dire Claw|p2b: Maushold
|-damage|p2b: Maushold|0 fnt
|faint|p2b: Maushold
|move|p1a: Basculegion|Wave Crash|p2a: Gholdengo
|-damage|p2a: Gholdengo|18/100
|-damage|p1a: Basculegion|77/100|[from] Recoil
|move|p2a: Gholdengo|Shadow Ball|p1a: Basculegion
|-supereffective|p1a: Basculegion|1
|-damage|p1a: Basculegion|0 fnt
|faint|p1a: Basculegion
|-damage|p2a: Gholdengo|9/100|[from] item: Life Orb
|
|upkeep
|
|t:|1786178609
|switch|p2b: Staraptor|Staraptor-Mega, L50, F|100/100
|switch|p1a: Floette|Floette-Eternal, L50, F|100/100
|turn|5
|inactive|ub_slower has 30 seconds left.
|
|t:|1786178641
|switch|p2a: Kingambit|Kingambit, L50, M|100/100
|detailschange|p1a: Floette|Floette-Mega, L50, F
|-mega|p1a: Floette|Floette|Floettite
|-ability|p1a: Floette|Fairy Aura
|move|p1b: Sneasler|Rock Tomb|p2a: Kingambit
|-resisted|p2a: Kingambit|1
|-damage|p2a: Kingambit|92/100
|-unboost|p2a: Kingambit|spe|1
|-ability|p2a: Kingambit|Defiant|boost
|-boost|p2a: Kingambit|atk|2
|move|p2b: Staraptor|Close Combat|p1a: Floette
|-resisted|p1a: Floette|1
|-damage|p1a: Floette|69/100
|-boost|p2b: Staraptor|def|1
|-boost|p2b: Staraptor|spd|1
|move|p1a: Floette|Dazzling Gleam|p2a: Kingambit|[spread] p2a,p2b
|-supereffective|p2b: Staraptor|1
|-damage|p2a: Kingambit|48/100
|-damage|p2b: Staraptor|27/100
|
|upkeep
|turn|6
|inactive|ub_slower has 30 seconds left.
|inactive|ub_slower has 20 seconds left.
|inactive|ub_slower has 15 seconds left.
|inactive|ub_slower has 10 seconds left.
|inactive|ub_slower has 5 seconds left.
|
|t:|1786178695
|move|p2b: Staraptor|Protect|p2b: Staraptor
|-singleturn|p2b: Staraptor|Protect
|move|p2a: Kingambit|Sucker Punch|p1b: Sneasler
|-resisted|p1b: Sneasler|1
|-damage|p1b: Sneasler|6/100
|move|p1b: Sneasler|Close Combat|p2a: Kingambit
|-supereffective|p2a: Kingambit|2
|-damage|p2a: Kingambit|0 fnt
|-unboost|p1b: Sneasler|def|1
|-unboost|p1b: Sneasler|spd|1
|faint|p2a: Kingambit
|move|p1a: Floette|Dazzling Gleam|p2b: Staraptor
|-activate|p2b: Staraptor|move: Protect
|
|upkeep
|
|t:|1786178703
|switch|p2a: Gholdengo|Gholdengo, L50|9/100
|turn|7
|
|t:|1786178716
|move|p2b: Staraptor|Protect|p2b: Staraptor
|-singleturn|p2b: Staraptor|Protect
|move|p1a: Floette|Protect|p1a: Floette
|-singleturn|p1a: Floette|Protect
|move|p1b: Sneasler|Dire Claw|p2b: Staraptor
|-activate|p2b: Staraptor|move: Protect
|move|p2a: Gholdengo|Make It Rain|p1a: Floette|[spread] p1b
|-activate|p1a: Floette|move: Protect
|-damage|p1b: Sneasler|0 fnt
|-unboost|p2a: Gholdengo|spa|2
|faint|p1b: Sneasler
|-damage|p2a: Gholdengo|0 fnt|[from] item: Life Orb
|faint|p2a: Gholdengo
|
|upkeep
|
|t:|1786178720
|switch|p1b: Kingambit|Kingambit, L50, M, shiny|100/100
|turn|8
|
|t:|1786178726
|move|p1b: Kingambit|Sucker Punch|p2b: Staraptor
|-resisted|p2b: Staraptor|1
|-damage|p2b: Staraptor|12/100
|move|p2b: Staraptor|Brave Bird|p1a: Floette
|-damage|p1a: Floette|9/100
|-damage|p2b: Staraptor|0 fnt|[from] Recoil
|faint|p2b: Staraptor
|
|win|QueerCrocodile
||QueerCrocodile is ready for game 2.
||ub_slower is ready for game 2.
|uhtml|next|Next: Game 2 of 3
|l|☆QueerCrocodile
|player|p1|
