|j|☆KuraiTenshi26
|j|☆frisbya
|html|KuraiTenshi26frisbya    
|uhtml|bestof|Game 1 of a best-of-3
|t:|1782270719
|gametype|doubles
|player|p1|KuraiTenshi26|miriam|1052
|player|p2|frisbya|1|1000
|gen|9
|tier|[Gen 9 Champions] VGC 2026 Reg M-B (Bo3)
|rated|
|rule|Species Clause: Limit one of each Pokémon
|rule|Item Clause: Limit 1 of each item
|clearpoke
|poke|p1|Lopunny, L50, F, shiny|
|poke|p1|Gholdengo, L50|
|poke|p1|Whimsicott, L50, M|
|poke|p1|Glimmora, L50, F|
|poke|p1|Garchomp, L50, F|
|poke|p1|Charizard, L50, M|
|poke|p2|Basculegion, L50, M|
|poke|p2|Delphox, L50, F|
|poke|p2|Garchomp, L50, F|
|poke|p2|Grimmsnarl, L50, M|
|poke|p2|Sinistcha, L50|
|poke|p2|Staraptor, L50, F|
|teampreview|4
|showteam|p1|Lopunny||Lopunnite|Limber|FakeOut,CloseCombat,TripleAxel,Protect|Jolly||F|||50|]Gholdengo||MetalCoat|GoodasGold|MakeItRain,ShadowBall,NastyPlot,Protect|Modest|||||50|]Whimsicott||FairyFeather|Prankster|Tailwind,Moonblast,Encore,SunnyDay|Bold||M|||50|]Glimmora||FocusSash|ToxicDebris|PowerGem,SludgeBomb,EarthPower,SpikyShield|Modest||F|||50|]Garchomp||LifeOrb|RoughSkin|Earthquake,DragonClaw,RockSlide,Protect|Jolly||F|||50|]Charizard||CharizarditeY|SolarPower|WeatherBall,HeatWave,SolarBeam,Protect|Modest||M|||50|
|showteam|p2|Basculegion||FocusSash|Adaptability|Liquidation,LastRespects,AquaJet,Protect|Adamant||M|||50|]Delphox||Delphoxite|Blaze|HeatWave,Psyshock,NastyPlot,Protect|Timid||F|||50|]Garchomp||LifeOrb|RoughSkin|DragonClaw,RockSlide,Earthquake,Protect|Jolly||F|||50|]Grimmsnarl||LightClay|Prankster|SpiritBreak,PartingShot,LightScreen,Reflect|Careful||M|||50|]Sinistcha||KasibBerry|Hospitality|MatchaGotcha,RagePowder,StrengthSap,Protect|Bold|||||50|]Staraptor||Staraptite|Intimidate|CloseCombat,BraveBird,Roost,Protect|Jolly||F|||50|
|
|t:|1782270798
|teamsize|p1|4
|teamsize|p2|4
|start
|switch|p1a: Garchomp|Garchomp, L50, F|100/100
|switch|p1b: Charizard|Charizard, L50, M|100/100
|switch|p2a: Grimmsnarl|Grimmsnarl, L50, M|100/100
|switch|p2b: Garchomp|Garchomp, L50, F|100/100
|turn|1
|
|t:|1782270846
|switch|p1b: Whimsicott|Whimsicott, L50, M|100/100
|move|p1a: Garchomp|Protect|p1a: Garchomp
|-singleturn|p1a: Garchomp|Protect
|move|p2a: Grimmsnarl|Reflect|p2a: Grimmsnarl
|-sidestart|p2: frisbya|Reflect
|move|p2b: Garchomp|Dragon Claw|p1a: Garchomp
|-activate|p1a: Garchomp|move: Protect
|
|upkeep
|turn|2
|
|t:|1782270895
|move|p2b: Garchomp|Protect|p2b: Garchomp
|-singleturn|p2b: Garchomp|Protect
|move|p1b: Whimsicott|Tailwind|p1b: Whimsicott
|-sidestart|p1: KuraiTenshi26|move: Tailwind
|move|p1a: Garchomp|Dragon Claw|p2b: Garchomp
|-activate|p2b: Garchomp|move: Protect
|move|p2a: Grimmsnarl|Spirit Break|p1a: Garchomp
|-supereffective|p1a: Garchomp|1
|-damage|p1a: Garchomp|31/100
|-unboost|p1a: Garchomp|spa|1
|-damage|p2a: Grimmsnarl|87/100|[from] ability: Rough Skin|[of] p1a: Garchomp
|
|upkeep
|turn|3
|
|t:|1782270977
|switch|p2b: Basculegion|Basculegion, L50, M|100/100
|move|p2a: Grimmsnarl|Parting Shot|p1b: Whimsicott
|-unboost|p1b: Whimsicott|atk|1
|-unboost|p1b: Whimsicott|spa|1
|
|t:|1782270982
|switch|p2a: Garchomp|Garchomp, L50, F|100/100|[from] Parting Shot
|move|p1a: Garchomp|Dragon Claw|p2b: Basculegion
|-damage|p2b: Basculegion|53/100
|-damage|p1a: Garchomp|22/100|[from] item: Life Orb
|move|p1b: Whimsicott|Moonblast|p2a: Garchomp
|-supereffective|p2a: Garchomp|1
|-damage|p2a: Garchomp|56/100
|
|upkeep
|turn|4
|
|t:|1782271030
|switch|p2a: Grimmsnarl|Grimmsnarl, L50, M|87/100
|switch|p2b: Delphox|Delphox, L50, F|100/100
|move|p1a: Garchomp|Dragon Claw|p2b: Delphox
|-damage|p2b: Delphox|49/100
|-damage|p1a: Garchomp|12/100|[from] item: Life Orb
|move|p1b: Whimsicott|Moonblast|p2b: Delphox
|-resisted|p2b: Delphox|1
|-damage|p2b: Delphox|37/100
|
|upkeep
|turn|5
|
|t:|1782271087
|move|p2b: Delphox|Protect|p2b: Delphox
|-singleturn|p2b: Delphox|Protect
|move|p1a: Garchomp|Dragon Claw|p2b: Delphox
|-activate|p2b: Delphox|move: Protect
|move|p1b: Whimsicott|Moonblast|p2b: Delphox
|-activate|p2b: Delphox|move: Protect
|move|p2a: Grimmsnarl|Spirit Break|p1a: Garchomp
|-supereffective|p1a: Garchomp|1
|-damage|p1a: Garchomp|0 fnt
|-damage|p2a: Grimmsnarl|75/100|[from] ability: Rough Skin|[of] p1a: Garchomp
|faint|p1a: Garchomp
|
|-sideend|p1: KuraiTenshi26|move: Tailwind
|upkeep
|
|t:|1782271091
|switch|p1a: Charizard|Charizard, L50, M|100/100
|turn|6
|
|t:|1782271135
|detailschange|p2b: Delphox|Delphox-Mega, L50, F
|-mega|p2b: Delphox|Delphox|Delphoxite
|detailschange|p1a: Charizard|Charizard-Mega-Y, L50, M
|-mega|p1a: Charizard|Charizard|Charizardite Y
|-weather|SunnyDay|[from] ability: Drought|[of] p1a: Charizard
|move|p1b: Whimsicott|Encore|p2b: Delphox
|-start|p2b: Delphox|Encore
|move|p2b: Delphox|Protect|p2b: Delphox
|-singleturn|p2b: Delphox|Protect
|move|p2a: Grimmsnarl|Light Screen|p2a: Grimmsnarl
|-sidestart|p2: frisbya|move: Light Screen
|move|p1a: Charizard|Heat Wave|p2b: Delphox|[spread] p2a
|-activate|p2b: Delphox|move: Protect
|-damage|p2a: Grimmsnarl|34/100
|
|-weather|SunnyDay|[upkeep]
|upkeep
|turn|7
|
|t:|1782271182
|switch|p2b: Basculegion|Basculegion, L50, M|53/100
|move|p2a: Grimmsnarl|Parting Shot|p1a: Charizard
|-unboost|p1a: Charizard|atk|1
|-unboost|p1a: Charizard|spa|1
|
|t:|1782271194
|switch|p2a: Delphox|Delphox-Mega, L50, F|37/100|[from] Parting Shot
|move|p1b: Whimsicott|Moonblast|p2a: Delphox
|-resisted|p2a: Delphox|1
|-damage|p2a: Delphox|31/100
|-unboost|p2a: Delphox|spa|1
|move|p1a: Charizard|Heat Wave|p2b: Basculegion|[spread] p2a
|-miss|p1a: Charizard|p2b: Basculegion
|-resisted|p2a: Delphox|1
|-damage|p2a: Delphox|18/100
|
|-weather|SunnyDay|[upkeep]
|upkeep
|turn|8
|
|t:|1782271219
|move|p1b: Whimsicott|Tailwind|p1b: Whimsicott
|-sidestart|p1: KuraiTenshi26|move: Tailwind
|move|p1a: Charizard|Solar Beam||[still]
|-prepare|p1a: Charizard|Solar Beam
|-anim|p1a: Charizard|Solar Beam|p2b: Basculegion
|-supereffective|p2b: Basculegion|1
|-damage|p2b: Basculegion|4/100
|move|p2a: Delphox|Heat Wave|p1b: Whimsicott|[spread] p1a,p1b
|-resisted|p1a: Charizard|1
|-supereffective|p1b: Whimsicott|1
|-damage|p1a: Charizard|82/100
|-damage|p1b: Whimsicott|8/100
|move|p2b: Basculegion|Last Respects|p1a: Charizard
|-damage|p1a: Charizard|44/100
|
|-weather|SunnyDay|[upkeep]
|-sideend|p2: frisbya|Reflect
|upkeep
|turn|9
|
|t:|1782271253
|move|p2b: Basculegion|Aqua Jet|p1b: Whimsicott
|-resisted|p1b: Whimsicott|1
|-damage|p1b: Whimsicott|2/100
|move|p1b: Whimsicott|Moonblast|p2b: Basculegion
|-damage|p2b: Basculegion|0 fnt
|faint|p2b: Basculegion
|move|p1a: Charizard|Weather Ball|p2a: Delphox
|-resisted|p2a: Delphox|1
|-damage|p2a: Delphox|0 fnt
|faint|p2a: Delphox
|
|-weather|SunnyDay|[upkeep]
|upkeep
|
|t:|1782271264
|switch|p2a: Grimmsnarl|Grimmsnarl, L50, M|34/100
|switch|p2b: Garchomp|Garchomp, L50, F|56/100
|turn|10
|
|t:|1782271287
|move|p2b: Garchomp|Protect|p2b: Garchomp
|-singleturn|p2b: Garchomp|Protect
|move|p1b: Whimsicott|Moonblast|p2b: Garchomp
|-activate|p2b: Garchomp|move: Protect
|move|p1a: Charizard|Weather Ball|p2a: Grimmsnarl
|-damage|p2a: Grimmsnarl|0 fnt
|faint|p2a: Grimmsnarl
|
|-weather|none
|upkeep
|turn|11
|
|t:|1782271309
|move|p1b: Whimsicott|Encore|p2b: Garchomp
|-start|p2b: Garchomp|Encore
|move|p2b: Garchomp|Protect|p2b: Garchomp
|-singleturn|p2b: Garchomp|Protect
|move|p1a: Charizard|Heat Wave|p2b: Garchomp
|-activate|p2b: Garchomp|move: Protect
|
|-sideend|p1: KuraiTenshi26|move: Tailwind
|upkeep
|turn|12
|
|t:|1782271318
|move|p2b: Garchomp|Protect||[still]
|-fail|p2b: Garchomp
|move|p1b: Whimsicott|Moonblast|p2b: Garchomp
|-supereffective|p2b: Garchomp|1
|-damage|p2b: Garchomp|27/100
|move|p1a: Charizard|Heat Wave|p2b: Garchomp
|-resisted|p2b: Garchomp|1
|-damage|p2b: Garchomp|12/100
|-status|p2b: Garchomp|brn
|
|-damage|p2b: Garchomp|6/100 brn|[from] brn
|upkeep
|turn|13
|
|t:|1782271329
|move|p2b: Garchomp|Protect|p2b: Garchomp
|-singleturn|p2b: Garchomp|Protect
|move|p1b: Whimsicott|Moonblast|p2b: Garchomp
|-activate|p2b: Garchomp|move: Protect
|move|p1a: Charizard|Heat Wave|p2b: Garchomp
|-activate|p2b: Garchomp|move: Protect
|
|-damage|p2b: Garchomp|0 fnt|[from] brn
|faint|p2b: Garchomp
|
|win|KuraiTenshi26
||KuraiTenshi26 is ready for game 2.
||frisbya is ready for game 2.
|uhtml|next|Next: Game 2 of 3
|l|☆KuraiTenshi26
|player|p1|
