|j|☆deltazero21
|j|☆andiom123
|html|deltazero21andiom123    
|uhtml|bestof|Game 2 of a best-of-3
|t:|1783298933
|gametype|doubles
|player|p1|deltazero21|ash-sinnoh|1245
|player|p2|andiom123|red|1153
|gen|9
|tier|[Gen 9 Champions] VGC 2026 Reg M-B (Bo3)
|rated|
|rule|Species Clause: Limit one of each Pokémon
|rule|Item Clause: Limit 1 of each item
|clearpoke
|poke|p1|Staraptor, L50, F|
|poke|p1|Whimsicott, L50, F|
|poke|p1|Gholdengo, L50|
|poke|p1|Rotom-Wash, L50|
|poke|p1|Garchomp, L50, F|
|poke|p1|Charizard, L50, F|
|poke|p2|Incineroar, L50, F|
|poke|p2|Farigiraf, L50, F|
|poke|p2|Sylveon, L50, F|
|poke|p2|Torkoal, L50, M|
|poke|p2|Kangaskhan, L50, F|
|poke|p2|Mawile, L50, M|
|teampreview|4
|showteam|p1|Staraptor||Staraptite|Intimidate|CloseCombat,BraveBird,Roost,Protect|Jolly||F|||50|]Whimsicott||FocusSash|Prankster|Tailwind,Moonblast,Charm,Encore|Modest||F|||50|]Gholdengo||MetalCoat|GoodasGold|MakeItRain,ShadowBall,NastyPlot,Protect|Modest|||||50|]Rotom-Wash||SitrusBerry|Levitate|Protect,WillOWisp,VoltSwitch,HydroPump|Calm|||||50|]Garchomp||LifeOrb|RoughSkin|Earthquake,DragonClaw,RockSlide,Protect|Jolly||F|||50|]Charizard||CharizarditeY|Blaze|Protect,HeatWave,SolarBeam,WeatherBall|Timid||F|||50|
|showteam|p2|Incineroar||MuscleBand|Intimidate|ThroatChop,FlareBlitz,FakeOut,PartingShot|Brave||F|||50|]Farigiraf||SitrusBerry|ArmorTail|FoulPlay,PsychicNoise,TrickRoom,HelpingHand|Relaxed||F|||50|]Sylveon||LifeOrb|Pixilate|HyperVoice,HyperBeam,QuickAttack,Detect|Modest||F|||50|]Torkoal||Charcoal|Drought|Eruption,EarthPower,Flamethrower,Protect|Quiet||M|||50|]Kangaskhan||Kangaskhanite|Scrappy|DoubleEdge,FakeOut,IcePunch,HammerArm|Brave||F|||50|]Mawile||Mawilite|HyperCutter|RockSlide,PlayRough,SuckerPunch,Protect|Brave||M|||50|
|
|t:|1783298956
|teamsize|p1|4
|teamsize|p2|4
|start
|switch|p1a: Rotom|Rotom-Wash, L50|100/100
|switch|p1b: Gholdengo|Gholdengo, L50|100/100
|switch|p2a: Farigiraf|Farigiraf, L50, F|100/100
|switch|p2b: Incineroar|Incineroar, L50, F|100/100
|-ability|p2b: Incineroar|Intimidate|boost
|-unboost|p1a: Rotom|atk|1
|-unboost|p1b: Gholdengo|atk|1
|turn|1
|inactive|Battle timer is ON: inactive players will automatically lose when time's up. (requested by deltazero21)
|
|t:|1783298976
|move|p1b: Gholdengo|Make It Rain|p2b: Incineroar|[spread] p2a,p2b
|-resisted|p2b: Incineroar|1
|-damage|p2a: Farigiraf|35/100
|-damage|p2b: Incineroar|70/100
|-unboost|p1b: Gholdengo|spa|2
|-enditem|p2a: Farigiraf|Sitrus Berry|[eat]
|-heal|p2a: Farigiraf|60/100|[from] item: Sitrus Berry
|move|p1a: Rotom|Hydro Pump|p2b: Incineroar
|-supereffective|p2b: Incineroar|1
|-damage|p2b: Incineroar|0 fnt
|faint|p2b: Incineroar
|move|p2a: Farigiraf|Trick Room|p2a: Farigiraf
|-fieldstart|move: Trick Room|[of] p2a: Farigiraf
|
|upkeep
|
|t:|1783298990
|switch|p2b: Kangaskhan|Kangaskhan, L50, F|100/100
|turn|2
|
|t:|1783299008
|switch|p1b: Staraptor|Staraptor, L50, F|100/100
|-ability|p1b: Staraptor|Intimidate|boost
|-unboost|p2a: Farigiraf|atk|1
|-fail|p2b: Kangaskhan|unboost|Attack|[from] ability: Scrappy|[of] p2b: Kangaskhan
|move|p2a: Farigiraf|Psychic Noise|p1a: Rotom
|-damage|p1a: Rotom|76/100
|-start|p1a: Rotom|move: Heal Block
|move|p2b: Kangaskhan|Hammer Arm|p1b: Staraptor
|-damage|p1b: Staraptor|51/100
|-unboost|p2b: Kangaskhan|spe|1
|move|p1a: Rotom|Will-O-Wisp|p2b: Kangaskhan
|-status|p2b: Kangaskhan|brn
|
|-damage|p2b: Kangaskhan|93/100 brn|[from] brn
|upkeep
|turn|3
|inactive|deltazero21 has 30 seconds left.
|inactive|andiom123 has 30 seconds left.
|
|t:|1783299040
|detailschange|p2b: Kangaskhan|Kangaskhan-Mega, L50, F
|-mega|p2b: Kangaskhan|Kangaskhan|Kangaskhanite
|move|p1b: Staraptor|Protect|p1b: Staraptor
|-singleturn|p1b: Staraptor|Protect
|move|p2b: Kangaskhan|Double-Edge|p1a: Rotom
|-damage|p1a: Rotom|42/100
|-damage|p1a: Rotom|33/100
|-hitcount|p1a: Rotom|2
|-damage|p2b: Kangaskhan|83/100 brn|[from] Recoil
|move|p2a: Farigiraf|Psychic Noise|p1b: Staraptor
|-activate|p1b: Staraptor|move: Protect
|move|p1a: Rotom|Volt Switch|p2b: Kangaskhan
|-damage|p2b: Kangaskhan|60/100 brn
|
|t:|1783299054
|switch|p1a: Gholdengo|Gholdengo, L50|100/100|[from] Volt Switch
|
|-damage|p2b: Kangaskhan|54/100 brn|[from] brn
|upkeep
|turn|4
|
|t:|1783299068
|switch|p1b: Rotom|Rotom-Wash, L50|33/100
|-enditem|p1b: Rotom|Sitrus Berry|[eat]
|-heal|p1b: Rotom|58/100|[from] item: Sitrus Berry
|move|p2b: Kangaskhan|Ice Punch|p1a: Gholdengo
|-resisted|p1a: Gholdengo|1
|-damage|p1a: Gholdengo|93/100
|-resisted|p1a: Gholdengo|1
|-damage|p1a: Gholdengo|92/100
|-hitcount|p1a: Gholdengo|2
|move|p2a: Farigiraf|Psychic Noise|p1b: Rotom
|-damage|p1b: Rotom|33/100
|-start|p1b: Rotom|move: Heal Block
|move|p1a: Gholdengo|Nasty Plot|p1a: Gholdengo
|-boost|p1a: Gholdengo|spa|2
|
|-damage|p2b: Kangaskhan|48/100 brn|[from] brn
|upkeep
|turn|5
|inactive|andiom123 has 30 seconds left.
|
|t:|1783299098
|move|p2a: Farigiraf|Foul Play|p1a: Gholdengo
|-supereffective|p1a: Gholdengo|1
|-damage|p1a: Gholdengo|63/100
|move|p2b: Kangaskhan|Double-Edge|p1b: Rotom
|-damage|p1b: Rotom|0 fnt
|faint|p1b: Rotom
|-damage|p2b: Kangaskhan|40/100 brn|[from] Recoil
|move|p1a: Gholdengo|Make It Rain|p2a: Farigiraf|[spread] p2b
|-miss|p1a: Gholdengo|p2a: Farigiraf
|-damage|p2b: Kangaskhan|0 fnt
|-unboost|p1a: Gholdengo|spa|2
|faint|p2b: Kangaskhan
|
|-fieldend|move: Trick Room
|upkeep
|
|t:|1783299112
|switch|p2b: Sylveon|Sylveon, L50, F|100/100
|switch|p1b: Whimsicott|Whimsicott, L50, F|100/100
|turn|6
|
|t:|1783299118
|move|p2b: Sylveon|Detect|p2b: Sylveon
|-singleturn|p2b: Sylveon|Protect
|move|p1b: Whimsicott|Tailwind|p1b: Whimsicott
|-sidestart|p1: deltazero21|move: Tailwind
|move|p1a: Gholdengo|Make It Rain|p2a: Farigiraf|[spread] p2a
|-activate|p2b: Sylveon|move: Protect
|-damage|p2a: Farigiraf|0 fnt
|-unboost|p1a: Gholdengo|spa|2
|faint|p2a: Farigiraf
|
|upkeep
|turn|7
|-message|andiom123 forfeited.
|
|win|deltazero21
||andiom123 is ready for game 3.
||deltazero21 is ready for game 3.
|uhtml|next|Next: Game 3 of 3
|l|☆deltazero21
|player|p1|
