|j|☆ChuckConde
|j|☆reydegonnet
|html|ChuckCondereydegonnet    
|uhtml|bestof|Game 2 of a best-of-3
|t:|1757174860
|gametype|doubles
|player|p1|ChuckConde|brycenman|
|player|p2|reydegonnet|1|
|gen|9
|tier|[Gen 9] VGC 2025 Reg H (Bo3)
|rule|Species Clause: Limit one of each Pokémon
|rule|Item Clause: Limit 1 of each item
|clearpoke
|poke|p1|Politoed, L50, F|
|poke|p1|Gothitelle, L50, M|
|poke|p1|Incineroar, L50, F|
|poke|p1|Amoonguss, L50, F|
|poke|p1|Kingdra, L50, F|
|poke|p1|Archaludon, L50, M|
|poke|p2|Whimsicott, L50, M|
|poke|p2|Annihilape, L50, F|
|poke|p2|Pelipper, L50, F|
|poke|p2|Archaludon, L50, M|
|poke|p2|Sneasler, L50, M|
|poke|p2|Indeedee, L50, M|
|teampreview|4
|showteam|p1|Politoed||Leftovers|Drizzle|Protect,WeatherBall,PerishSong,Encore|||F|||50|,,,,,Grass]Gothitelle||SitrusBerry|ShadowTag|Protect,Psychic,FakeOut,TrickRoom|||M|||50|,,,,,Dark]Incineroar||SafetyGoggles|Intimidate|Protect,KnockOff,FakeOut,PartingShot|||F|||50|,,,,,Ghost]Amoonguss||EjectButton|Regenerator|Protect,RagePowder,PollenPuff,Spore|||F|||50|,,,,,Fairy]Kingdra||LifeOrb|SwiftSwim|Protect,WeatherBall,DracoMeteor,MuddyWater|||F|||50|,,,,,Stellar]Archaludon||PowerHerb|Sturdy|Protect,ElectroShot,DragonPulse,FlashCannon|||M|||50|,,,,,Electric
|showteam|p2|Whimsicott||CovertCloak|Prankster|Tailwind,BeatUp,Moonblast,Taunt|||M|||50|,,,,,Steel]Annihilape||Leftovers|Defiant|RageFist,DrainPunch,Protect,BulkUp|||F|||50|,,,,,Fire]Pelipper||FocusSash|Drizzle|Tailwind,Hurricane,WeatherBall,Protect|||F|||50|,,,,,Stellar]Archaludon||AssaultVest|Stamina|ElectroShot,BodyPress,DracoMeteor,FlashCannon|||M|||50|,,,,,Bug]Sneasler||PsychicSeed|Unburden|Acrobatics,CloseCombat,DireClaw,ThroatChop|||M|||50|,,,,,Dark]Indeedee||ChoiceSpecs|PsychicSurge|ExpandingForce,Imprison,TrickRoom,Trick|||M|||50|,,,,,Psychic
|j| Zeepel
|j| renkinex
|j| matyel2030
|
|t:|1757174883
|teamsize|p1|4
|teamsize|p2|4
|start
|switch|p1a: Gothitelle|Gothitelle, L50, M|100/100
|switch|p1b: Politoed|Politoed, L50, F|100/100
|switch|p2a: Whimsicott|Whimsicott, L50, M, shiny|100/100
|switch|p2b: Annihilape|Annihilape, L50, F|100/100
|-weather|RainDance|[from] ability: Drizzle|[of] p1b: Politoed
|turn|1
|
|t:|1757174916
|-terastallize|p2b: Annihilape|Fire
|move|p2a: Whimsicott|Taunt|p1b: Politoed
|-start|p1b: Politoed|move: Taunt
|move|p2b: Annihilape|Bulk Up|p2b: Annihilape
|-boost|p2b: Annihilape|atk|1
|-boost|p2b: Annihilape|def|1
|move|p1b: Politoed|Weather Ball|p2b: Annihilape
|-supereffective|p2b: Annihilape
|-damage|p2b: Annihilape|7/100
|move|p1a: Gothitelle|Psychic|p2b: Annihilape
|-damage|p2b: Annihilape|0 fnt
|faint|p2b: Annihilape
|
|-weather|RainDance|[upkeep]
|upkeep
|
|t:|1757174924
|switch|p2b: Archaludon|Archaludon, L50, M|100/100
|turn|2
|
|t:|1757174941
|switch|p1b: Incineroar|Incineroar, L50, F|100/100
|-ability|p1b: Incineroar|Intimidate|boost
|-unboost|p2a: Whimsicott|atk|1
|-unboost|p2b: Archaludon|atk|1
|move|p2a: Whimsicott|Tailwind|p2a: Whimsicott
|-sidestart|p2: reydegonnet|move: Tailwind
|move|p2b: Archaludon|Electro Shot||[still]
|-prepare|p2b: Archaludon|Electro Shot
|-boost|p2b: Archaludon|spa|1
|-anim|p2b: Archaludon|Electro Shot|p1b: Incineroar
|-damage|p1b: Incineroar|63/100
|move|p1a: Gothitelle|Trick Room|p1a: Gothitelle
|-fieldstart|move: Trick Room|[of] p1a: Gothitelle
|
|-weather|RainDance|[upkeep]
|upkeep
|turn|3
|
|t:|1757174967
|switch|p1a: Politoed|Politoed, L50, F|100/100
|move|p1b: Incineroar|Fake Out|p2b: Archaludon
|-resisted|p2b: Archaludon
|-damage|p2b: Archaludon|96/100
|-ability|p2b: Archaludon|Stamina|boost
|-boost|p2b: Archaludon|def|1
|cant|p2b: Archaludon|flinch
|move|p2a: Whimsicott|Beat Up|p2b: Archaludon
|-damage|p2b: Archaludon|95/100
|-ability|p2b: Archaludon|Stamina|boost
|-boost|p2b: Archaludon|def|1
|-damage|p2b: Archaludon|94/100
|-ability|p2b: Archaludon|Stamina|boost
|-boost|p2b: Archaludon|def|1
|-damage|p2b: Archaludon|94/100
|-ability|p2b: Archaludon|Stamina|boost
|-boost|p2b: Archaludon|def|1
|-hitcount|p2b: Archaludon|3
|
|-weather|RainDance|[upkeep]
|upkeep
|turn|4
|
|t:|1757174991
|-terastallize|p1a: Politoed|Grass
|move|p2a: Whimsicott|Taunt|p1a: Politoed
|-start|p1a: Politoed|move: Taunt
|move|p1b: Incineroar|Parting Shot|p2b: Archaludon
|-unboost|p2b: Archaludon|atk|1
|-unboost|p2b: Archaludon|spa|1
|
|t:|1757175003
|switch|p1b: Archaludon|Archaludon, L50, M|100/100|[from] Parting Shot
|cant|p1a: Politoed|move: Taunt|Perish Song
|move|p2b: Archaludon|Body Press|p1b: Archaludon
|-supereffective|p1b: Archaludon
|-ability|p1b: Archaludon|Sturdy
|-damage|p1b: Archaludon|1/100
|
|-weather|RainDance|[upkeep]
|upkeep
|turn|5
|l| renkinex
|
|t:|1757175049
|move|p1b: Archaludon|Protect|p1b: Archaludon
|-singleturn|p1b: Archaludon|Protect
|move|p1a: Politoed|Weather Ball|p2b: Archaludon
|-resisted|p2b: Archaludon
|-damage|p2b: Archaludon|79/100
|-ability|p2b: Archaludon|Stamina|boost
|-boost|p2b: Archaludon|def|1
|move|p2b: Archaludon|Body Press|p1a: Politoed
|-damage|p1a: Politoed|8/100
|move|p2a: Whimsicott|Moonblast|p1b: Archaludon
|-activate|p1b: Archaludon|move: Protect
|
|-weather|none
|-heal|p1a: Politoed|14/100|[from] item: Leftovers
|-sideend|p2: reydegonnet|move: Tailwind
|upkeep
|turn|6
|
|t:|1757175072
|switch|p1a: Incineroar|Incineroar, L50, F|63/100
|-ability|p1a: Incineroar|Intimidate|boost
|-unboost|p2a: Whimsicott|atk|1
|-unboost|p2b: Archaludon|atk|1
|move|p2b: Archaludon|Body Press|p1a: Incineroar
|-supereffective|p1a: Incineroar
|-damage|p1a: Incineroar|0 fnt
|faint|p1a: Incineroar
|move|p1b: Archaludon|Flash Cannon|p2a: Whimsicott
|-supereffective|p2a: Whimsicott
|-damage|p2a: Whimsicott|17/100
|move|p2a: Whimsicott|Moonblast|p1b: Archaludon
|-damage|p1b: Archaludon|0 fnt
|faint|p1b: Archaludon
|
|-fieldend|move: Trick Room
|upkeep
|j| twinkdistroyer
|
|t:|1757175087
|switch|p1b: Politoed|Politoed, L50, F, tera:Grass|14/100
|switch|p1a: Gothitelle|Gothitelle, L50, M|100/100
|-weather|RainDance|[from] ability: Drizzle|[of] p1b: Politoed
|turn|7
|l| twinkdistroyer
|
|t:|1757175120
|move|p1a: Gothitelle|Fake Out|p2b: Archaludon
|-resisted|p2b: Archaludon
|-damage|p2b: Archaludon|78/100
|-ability|p2b: Archaludon|Stamina|boost
|-boost|p2b: Archaludon|def|1
|move|p2a: Whimsicott|Tailwind|p2a: Whimsicott
|-sidestart|p2: reydegonnet|move: Tailwind
|cant|p2b: Archaludon|flinch
|move|p1b: Politoed|Weather Ball|p2a: Whimsicott
|-resisted|p2a: Whimsicott
|-damage|p2a: Whimsicott|0 fnt
|faint|p2a: Whimsicott
|
|-weather|RainDance|[upkeep]
|-heal|p1b: Politoed|20/100|[from] item: Leftovers
|upkeep
|
|t:|1757175124
|switch|p2a: Pelipper|Pelipper, L50, F|100/100
|turn|8
|
|t:|1757175146
|move|p1b: Politoed|Protect|p1b: Politoed
|-singleturn|p1b: Politoed|Protect
|move|p2a: Pelipper|Hurricane|p1b: Politoed
|-activate|p1b: Politoed|move: Protect
|move|p2b: Archaludon|Draco Meteor|p1a: Gothitelle
|-damage|p1a: Gothitelle|61/100
|-unboost|p2b: Archaludon|spa|2
|move|p1a: Gothitelle|Trick Room|p1a: Gothitelle
|-fieldstart|move: Trick Room|[of] p1a: Gothitelle
|
|-weather|RainDance|[upkeep]
|-heal|p1b: Politoed|26/100|[from] item: Leftovers
|upkeep
|turn|9
|
|t:|1757175165
|move|p1a: Gothitelle|Psychic|p2a: Pelipper
|-damage|p2a: Pelipper|50/100
|move|p1b: Politoed|Perish Song|p1b: Politoed
|-start|p1a: Gothitelle|perish3|[silent]
|-start|p1b: Politoed|perish3|[silent]
|-start|p2a: Pelipper|perish3|[silent]
|-start|p2b: Archaludon|perish3|[silent]
|-fieldactivate|move: Perish Song
|move|p2b: Archaludon|Body Press|p1b: Politoed
|-damage|p1b: Politoed|0 fnt
|faint|p1b: Politoed
|move|p2a: Pelipper|Hurricane|p1a: Gothitelle
|-damage|p1a: Gothitelle|25/100
|-enditem|p1a: Gothitelle|Sitrus Berry|[eat]
|-heal|p1a: Gothitelle|50/100|[from] item: Sitrus Berry
|
|-weather|RainDance|[upkeep]
|-start|p1a: Gothitelle|perish3
|-start|p2b: Archaludon|perish3
|-start|p2a: Pelipper|perish3
|upkeep
|turn|10
|
|t:|1757175189
|move|p1a: Gothitelle|Protect|p1a: Gothitelle
|-singleturn|p1a: Gothitelle|Protect
|move|p2b: Archaludon|Body Press|p1a: Gothitelle
|-activate|p1a: Gothitelle|move: Protect
|move|p2a: Pelipper|Hurricane|p1a: Gothitelle
|-activate|p1a: Gothitelle|move: Protect
|
|-weather|RainDance|[upkeep]
|-start|p1a: Gothitelle|perish2
|-start|p2b: Archaludon|perish2
|-start|p2a: Pelipper|perish2
|-sideend|p2: reydegonnet|move: Tailwind
|upkeep
|turn|11
|
|t:|1757175206
|move|p1a: Gothitelle|Psychic|p2a: Pelipper
|-damage|p2a: Pelipper|0 fnt
|faint|p2a: Pelipper
|move|p2b: Archaludon|Body Press|p1a: Gothitelle
|-resisted|p1a: Gothitelle
|-damage|p1a: Gothitelle|7/100
|
|-weather|none
|-start|p1a: Gothitelle|perish1
|-start|p2b: Archaludon|perish1
|upkeep
|turn|12
|
|t:|1757175216
|move|p1a: Gothitelle|Protect|p1a: Gothitelle
|-singleturn|p1a: Gothitelle|Protect
|move|p2b: Archaludon|Body Press|p1a: Gothitelle
|-activate|p1a: Gothitelle|move: Protect
|
|-start|p1a: Gothitelle|perish0
|-start|p2b: Archaludon|perish0
|-fieldend|move: Trick Room
|faint|p1a: Gothitelle
|faint|p2b: Archaludon
|
|win|reydegonnet
|l|☆reydegonnet
|player|p2|
|l| matyel2030
|j|☆reydegonnet
|player|p2|reydegonnet|1|
|l| Zeepel
|l|☆ChuckConde
|player|p1|
|j| Zeepel
|l| Zeepel
