|j|☆lerry27
|j|☆Notverygood38011
|html|lerry27Notverygood38011    
|uhtml|bestof|Game 2 of a best-of-3
|t:|1783927987
|gametype|doubles
|player|p1|lerry27|265|1074
|player|p2|Notverygood38011|101|1084
|gen|9
|tier|[Gen 9 Champions] VGC 2026 Reg M-B (Bo3)
|rated|
|rule|Species Clause: Limit one of each Pokémon
|rule|Item Clause: Limit 1 of each item
|clearpoke
|poke|p1|Floette-Eternal, L50, F|
|poke|p1|Maushold-Four, L50|
|poke|p1|Gengar, L50, M, shiny|
|poke|p1|Incineroar, L50, M, shiny|
|poke|p1|Politoed, L50, M|
|poke|p1|Grimmsnarl, L50, M|
|poke|p2|Pyroar, L50, F|
|poke|p2|Torkoal, L50, M|
|poke|p2|Farigiraf, L50, M|
|poke|p2|Whimsicott, L50, M|
|poke|p2|Venusaur, L50, F|
|poke|p2|Kingambit, L50, F|
|teampreview|4
|showteam|p1|Floette-Eternal||Floettite|FlowerVeil|CalmMind,DazzlingGleam,DrainingKiss,Protect|Timid||F|||50|]Maushold-Four||ChopleBerry|FriendGuard|Uturn,HelpingHand,FollowMe,Protect|Impish|||||50|]Gengar||Gengarite|CursedBody|ShadowBall,PerishSong,Disable,Protect|Bold||M|||50|]Incineroar||PasshoBerry|Intimidate|FakeOut,ThroatChop,PartingShot,Protect|Careful||M|||50|]Politoed||SitrusBerry|Drizzle|WeatherBall,Encore,PerishSong,Protect|Calm||M|||50|]Grimmsnarl||LightClay|Prankster|FakeOut,PartingShot,LightScreen,Reflect|Careful||M|||50|
|showteam|p2|Pyroar||Pyroarite|Unnerve|HeatWave,Flamethrower,ScorchingSands,Protect|Timid||F|||50|]Torkoal||Charcoal|Drought|Eruption,Overheat,SolarBeam,Protect|Quiet||M|||50|]Farigiraf||SitrusBerry|ArmorTail|HyperVoice,Psychic,TrickRoom,Protect|Quiet||M|||50|]Whimsicott||FocusSash|Prankster|Moonblast,SunnyDay,Tailwind,Encore|Timid||M|||50|]Venusaur||Venusaurite|Chlorophyll|SludgeBomb,EarthPower,HelpingHand,SleepPowder|Modest||F|||50|]Kingambit||ChopleBerry|Defiant|KowtowCleave,IronHead,SuckerPunch,Protect|Brave||F|||50|
|
|t:|1783928001
|teamsize|p1|4
|teamsize|p2|4
|start
|switch|p1a: Maushold|Maushold-Four, L50|100/100
|switch|p1b: Gengar|Gengar, L50, M, shiny|100/100
|switch|p2a: Farigiraf|Farigiraf, L50, M|100/100
|switch|p2b: Kingambit|Kingambit, L50, F|100/100
|turn|1
|
|t:|1783928023
|detailschange|p1b: Gengar|Gengar-Mega, L50, M, shiny
|-mega|p1b: Gengar|Gengar|Gengarite
|move|p1a: Maushold|Follow Me|p1a: Maushold
|-singleturn|p1a: Maushold|move: Follow Me
|move|p1b: Gengar|Perish Song|p1b: Gengar
|-start|p1a: Maushold|perish3|[silent]
|-start|p1b: Gengar|perish3|[silent]
|-start|p2a: Farigiraf|perish3|[silent]
|-start|p2b: Kingambit|perish3|[silent]
|-fieldactivate|move: Perish Song
|move|p2b: Kingambit|Kowtow Cleave|p1a: Maushold
|-damage|p1a: Maushold|51/100
|move|p2a: Farigiraf|Trick Room|p2a: Farigiraf
|-fieldstart|move: Trick Room|[of] p2a: Farigiraf
|
|-start|p2b: Kingambit|perish3
|-start|p2a: Farigiraf|perish3
|-start|p1a: Maushold|perish3
|-start|p1b: Gengar|perish3
|upkeep
|turn|2
|
|t:|1783928043
|move|p1a: Maushold|Protect|p1a: Maushold
|-singleturn|p1a: Maushold|Protect
|move|p1b: Gengar|Protect|p1b: Gengar
|-singleturn|p1b: Gengar|Protect
|move|p2b: Kingambit|Kowtow Cleave|p1a: Maushold
|-activate|p1a: Maushold|move: Protect
|move|p2a: Farigiraf|Psychic|p1a: Maushold
|-activate|p1a: Maushold|move: Protect
|
|-start|p2b: Kingambit|perish2
|-start|p2a: Farigiraf|perish2
|-start|p1a: Maushold|perish2
|-start|p1b: Gengar|perish2
|upkeep
|turn|3
|
|t:|1783928086
|switch|p1b: Politoed|Politoed, L50, M|100/100
|-weather|RainDance|[from] ability: Drizzle|[of] p1b: Politoed
|move|p2b: Kingambit|Kowtow Cleave|p1b: Politoed
|-damage|p1b: Politoed|63/100
|move|p2a: Farigiraf|Psychic|p1b: Politoed
|-damage|p1b: Politoed|37/100
|-enditem|p1b: Politoed|Sitrus Berry|[eat]
|-heal|p1b: Politoed|62/100|[from] item: Sitrus Berry
|move|p1a: Maushold|U-turn|p1b: Politoed
|-damage|p1b: Politoed|53/100
|
|t:|1783928099
|switch|p1a: Gengar|Gengar-Mega, L50, M, shiny|100/100|[from] U-turn
|
|-weather|RainDance|[upkeep]
|-start|p2b: Kingambit|perish1
|-start|p2a: Farigiraf|perish1
|upkeep
|turn|4
|
|t:|1783928128
|switch|p1b: Grimmsnarl|Grimmsnarl, L50, M|100/100
|move|p1a: Gengar|Protect|p1a: Gengar
|-singleturn|p1a: Gengar|Protect
|move|p2b: Kingambit|Kowtow Cleave|p1b: Grimmsnarl
|-resisted|p1b: Grimmsnarl|2
|-damage|p1b: Grimmsnarl|86/100
|move|p2a: Farigiraf|Psychic|p1b: Grimmsnarl
|-immune|p1b: Grimmsnarl
|
|-weather|RainDance|[upkeep]
|-start|p2b: Kingambit|perish0
|-start|p2a: Farigiraf|perish0
|faint|p2b: Kingambit
|faint|p2a: Farigiraf
|upkeep
|
|t:|1783928140
|switch|p2b: Torkoal|Torkoal, L50, M|100/100
|switch|p2a: Venusaur|Venusaur, L50, F|100/100
|-weather|SunnyDay|[from] ability: Drought|[of] p2b: Torkoal
|turn|5
|
|t:|1783928169
|switch|p1a: Politoed|Politoed, L50, M|53/100
|-weather|RainDance|[from] ability: Drizzle|[of] p1a: Politoed
|move|p1b: Grimmsnarl|Fake Out|p2a: Venusaur
|-damage|p2a: Venusaur|87/100
|move|p2b: Torkoal|Eruption|p1b: Grimmsnarl|[spread] p1a,p1b
|-resisted|p1a: Politoed|1
|-damage|p1a: Politoed|42/100
|-damage|p1b: Grimmsnarl|59/100
|cant|p2a: Venusaur|flinch
|
|-weather|RainDance|[upkeep]
|-fieldend|move: Trick Room
|upkeep
|turn|6
|
|t:|1783928192
|detailschange|p2a: Venusaur|Venusaur-Mega, L50, F
|-mega|p2a: Venusaur|Venusaur|Venusaurite
|move|p2b: Torkoal|Protect|p2b: Torkoal
|-singleturn|p2b: Torkoal|Protect
|move|p1b: Grimmsnarl|Parting Shot|p2a: Venusaur
|-unboost|p2a: Venusaur|atk|1
|-unboost|p2a: Venusaur|spa|1
|
|t:|1783928198
|switch|p1b: Maushold|Maushold-Four, L50|51/100|[from] Parting Shot
|move|p2a: Venusaur|Sleep Powder|p1a: Politoed
|-status|p1a: Politoed|slp|[from] move: Sleep Powder
|cant|p1a: Politoed|slp
|
|-weather|RainDance|[upkeep]
|upkeep
|turn|7
|
|t:|1783928217
|switch|p1a: Gengar|Gengar-Mega, L50, M, shiny|100/100
|move|p1b: Maushold|Follow Me|p1b: Maushold
|-singleturn|p1b: Maushold|move: Follow Me
|move|p2a: Venusaur|Earth Power|p1b: Maushold
|-crit|p1b: Maushold
|-damage|p1b: Maushold|0 fnt
|faint|p1b: Maushold
|move|p2b: Torkoal|Eruption|p1a: Gengar
|-damage|p1a: Gengar|63/100
|
|-weather|RainDance|[upkeep]
|upkeep
|
|t:|1783928221
|switch|p1b: Grimmsnarl|Grimmsnarl, L50, M|59/100
|turn|8
|
|t:|1783928236
|move|p2a: Venusaur|Helping Hand|p2b: Torkoal
|-singleturn|p2b: Torkoal|Helping Hand|[of] p2a: Venusaur
|move|p1b: Grimmsnarl|Fake Out|p2a: Venusaur
|-damage|p2a: Venusaur|77/100
|move|p1a: Gengar|Perish Song|p1a: Gengar
|-start|p1a: Gengar|perish3|[silent]
|-start|p1b: Grimmsnarl|perish3|[silent]
|-start|p2a: Venusaur|perish3|[silent]
|-start|p2b: Torkoal|perish3|[silent]
|-fieldactivate|move: Perish Song
|move|p2b: Torkoal|Eruption|p1a: Gengar|[spread] p1a,p1b
|-damage|p1a: Gengar|24/100
|-damage|p1b: Grimmsnarl|24/100
|
|-weather|RainDance|[upkeep]
|-start|p1a: Gengar|perish3
|-start|p2a: Venusaur|perish3
|-start|p1b: Grimmsnarl|perish3
|-start|p2b: Torkoal|perish3
|upkeep
|turn|9
|-message|Notverygood38011 forfeited.
|
|win|lerry27
|l|☆Notverygood38011
|player|p2|
||Notverygood38011 is ready for game 3.
