|j|☆tuckered out1
|j|☆DragoniteMega149
|html|tuckered out1DragoniteMega149    
|uhtml|bestof|Game 2 of a best-of-3
|t:|1756165326
|gametype|doubles
|player|p1|tuckered out1|gentleman-gen4|1047
|player|p2|DragoniteMega149|red-lgpe|1088
|gen|9
|tier|[Gen 9] VGC 2025 Reg H (Bo3)
|rated|
|rule|Species Clause: Limit one of each Pokémon
|rule|Item Clause: Limit 1 of each item
|clearpoke
|poke|p1|Politoed, L50, M|
|poke|p1|Dragonite, L50, M|
|poke|p1|Grimmsnarl, L50, M|
|poke|p1|Porygon-Z, L50|
|poke|p1|Hydrapple, L50, M|
|poke|p1|Incineroar, L50, M|
|poke|p2|Sneasler, L50, F|
|poke|p2|Indeedee, L50, M|
|poke|p2|Dragonite, L50, M|
|poke|p2|Incineroar, L50, F|
|poke|p2|Electabuzz, L50, M|
|poke|p2|Ursaluna-Bloodmoon, L50, M|
|teampreview|4
|showteam|p1|Politoed||WacanBerry|Drizzle|WeatherBall,Psychic,IceBeam,HelpingHand|||M|||50|,,,,,Grass]Dragonite||ExpertBelt|InnerFocus|Tailwind,BreakingSwipe,Hurricane,Thunder|||M|||50|,,,,,Electric]Grimmsnarl||FocusSash|Prankster|Reflect,LightScreen,PartingShot,SuckerPunch|||M|||50|,,,,,Water]Porygon-Z||LifeOrb|Adaptability|IceBeam,ShadowBall,Thunderbolt,HyperBeam||||||50|,,,,,Normal]Hydrapple||AssaultVest|SupersweetSyrup|FickleBeam,EarthPower,TeraBlast,GyroBall|||M|||50|,,,,,Fighting]Incineroar||SitrusBerry|Intimidate|FakeOut,PartingShot,KnockOff,FlareBlitz|||M|||50|,,,,,Bug
|showteam|p2|Sneasler||PsychicSeed|Unburden|DireClaw,CloseCombat,Protect,ThroatChop|||F|||50|,,,,,Dark]Indeedee||FocusSash|PsychicSurge|Imprison,Protect,ExpandingForce,TrickRoom|||M|||50|,,,,,Psychic]Dragonite||LoadedDice|Multiscale|ScaleShot,Tailwind,Haze,Protect|||M|||50|,,,,,Fairy]Incineroar||SafetyGoggles|Intimidate|FakeOut,FlareBlitz,KnockOff,PartingShot|||F|||50|,,,,,Ghost]Electabuzz||Eviolite|VitalSpirit|FollowMe,Electroweb,Taunt,Protect|||M|||50|,,,,,Fairy]Ursaluna-Bloodmoon||LifeOrb|MindsEye|BloodMoon,HyperVoice,EarthPower,Protect|||M|||50|,,,,,Normal
|inactive|Battle timer is ON: inactive players will automatically lose when time's up. (requested by tuckered out1)
|
|t:|1756165353
|teamsize|p1|4
|teamsize|p2|4
|start
|switch|p1a: Incineroar|Incineroar, L50, M|100/100
|switch|p1b: Hydrapple|Hydrapple, L50, M|100/100
|switch|p2a: Electabuzz|Electabuzz, L50, M|100/100
|switch|p2b: Ursaluna|Ursaluna-Bloodmoon, L50, M|100/100
|-ability|p1a: Incineroar|Intimidate|boost
|-unboost|p2a: Electabuzz|atk|1
|-unboost|p2b: Ursaluna|atk|1
|-ability|p1b: Hydrapple|Supersweet Syrup
|-unboost|p2a: Electabuzz|evasion|1
|-unboost|p2b: Ursaluna|evasion|1
|turn|1
|
|t:|1756165366
|-terastallize|p1b: Hydrapple|Fighting
|move|p2a: Electabuzz|Protect|p2a: Electabuzz
|-singleturn|p2a: Electabuzz|Protect
|move|p2b: Ursaluna|Protect|p2b: Ursaluna
|-singleturn|p2b: Ursaluna|Protect
|move|p1a: Incineroar|Fake Out|p2a: Electabuzz
|-activate|p2a: Electabuzz|move: Protect
|move|p1b: Hydrapple|Tera Blast|p2b: Ursaluna|[anim] Tera Blast Fighting
|-activate|p2b: Ursaluna|move: Protect
|
|upkeep
|turn|2
|
|t:|1756165380
|move|p2a: Electabuzz|Follow Me|p2a: Electabuzz
|-singleturn|p2a: Electabuzz|move: Follow Me
|move|p1a: Incineroar|Knock Off|p2a: Electabuzz
|-damage|p2a: Electabuzz|62/100
|-enditem|p2a: Electabuzz|Eviolite|[from] move: Knock Off|[of] p1a: Incineroar
|move|p2b: Ursaluna|Earth Power|p1a: Incineroar
|-supereffective|p1a: Incineroar
|-damage|p1a: Incineroar|0 fnt
|faint|p1a: Incineroar
|-damage|p2b: Ursaluna|91/100|[from] item: Life Orb
|move|p1b: Hydrapple|Tera Blast|p2a: Electabuzz|[anim] Tera Blast Fighting
|-damage|p2a: Electabuzz|11/100
|
|upkeep
|
|t:|1756165390
|switch|p1a: Dragonite|Dragonite, L50, M|100/100
|turn|3
|
|t:|1756165406
|-terastallize|p2b: Ursaluna|Normal
|move|p2a: Electabuzz|Electroweb|p1a: Dragonite|[spread] p1a,p1b
|-damage|p1a: Dragonite|87/100
|-damage|p1b: Hydrapple|91/100
|-unboost|p1a: Dragonite|spe|1
|-unboost|p1b: Hydrapple|spe|1
|move|p2b: Ursaluna|Blood Moon|p1a: Dragonite
|-damage|p1a: Dragonite|0 fnt
|faint|p1a: Dragonite
|-damage|p2b: Ursaluna|81/100|[from] item: Life Orb
|move|p1b: Hydrapple|Tera Blast|p2b: Ursaluna|[anim] Tera Blast Fighting
|-supereffective|p2b: Ursaluna
|-damage|p2b: Ursaluna|0 fnt
|faint|p2b: Ursaluna
|
|upkeep
|
|t:|1756165416
|switch|p1a: Porygon-Z|Porygon-Z, L50|100/100
|switch|p2b: Indeedee|Indeedee, L50, M|100/100
|-fieldstart|move: Psychic Terrain|[from] ability: Psychic Surge|[of] p2b: Indeedee
|turn|4
|
|t:|1756165428
|move|p2a: Electabuzz|Follow Me|p2a: Electabuzz
|-singleturn|p2a: Electabuzz|move: Follow Me
|move|p2b: Indeedee|Expanding Force|p1b: Hydrapple|[spread] p1a,p1b
|-supereffective|p1b: Hydrapple
|-damage|p1a: Porygon-Z|25/100
|-damage|p1b: Hydrapple|25/100
|move|p1a: Porygon-Z|Thunderbolt|p2a: Electabuzz
|-resisted|p2a: Electabuzz
|-damage|p2a: Electabuzz|0 fnt
|faint|p2a: Electabuzz
|-damage|p1a: Porygon-Z|15/100|[from] item: Life Orb
|move|p1b: Hydrapple|Tera Blast|p2b: Indeedee|[anim] Tera Blast Fighting
|-damage|p2b: Indeedee|37/100
|
|upkeep
|
|t:|1756165432
|switch|p2a: Sneasler|Sneasler, L50, F|100/100
|-enditem|p2a: Sneasler|Psychic Seed
|-boost|p2a: Sneasler|spd|1|[from] item: Psychic Seed
|turn|5
|c|☆DragoniteMega149|GG kieran
|
|t:|1756165445
|move|p2a: Sneasler|Dire Claw|p1a: Porygon-Z
|-damage|p1a: Porygon-Z|0 fnt
|faint|p1a: Porygon-Z
|move|p2b: Indeedee|Expanding Force|p1b: Hydrapple
|-supereffective|p1b: Hydrapple
|-damage|p1b: Hydrapple|0 fnt
|faint|p1b: Hydrapple
|
|win|DragoniteMega149
|raw|tuckered out1's rating: 1047 → 1032(-15 for losing)
|raw|DragoniteMega149's rating: 1088 → 1112(+24 for winning)
|c|☆tuckered out1|Ggs
