|j|☆el1azsm
|j|☆hexagonfoot
|html|el1azsmhexagonfoot    
|uhtml|bestof|Game 3 of a best-of-3
|t:|1757832049
|gametype|doubles
|player|p1|el1azsm|proton|1087
|player|p2|hexagonfoot|caitlin|1200
|gen|9
|tier|[Gen 9] VGC 2025 Reg H (Bo3)
|rated|
|rule|Species Clause: Limit one of each Pokémon
|rule|Item Clause: Limit 1 of each item
|clearpoke
|poke|p1|Chesnaught, L50, F|
|poke|p1|Indeedee-F, L50, F|
|poke|p1|Dragonite, L50, M|
|poke|p1|Gholdengo, L50|
|poke|p1|Amoonguss, L50, F|
|poke|p1|Kingambit, L50, F|
|poke|p2|Gholdengo, L50|
|poke|p2|Sneasler, L50, M|
|poke|p2|Rillaboom, L50, M|
|poke|p2|Dragonite, L50, F|
|poke|p2|Ninetales-Alola, L50, F|
|poke|p2|Arcanine-Hisui, L50, M|
|teampreview|4
|showteam|p1|Chesnaught||PsychicSeed|Bulletproof|SpikyShield,KnockOff,BulkUp,BodyPress|||F|||50|,,,,,Water]Indeedee-F||SafetyGoggles|PsychicSurge|Protect,FollowMe,HelpingHand,AlluringVoice|||F|||50|,,,,,Fairy]Dragonite||LoadedDice|Multiscale|Protect,Tailwind,ScaleShot,ExtremeSpeed|||M|||50|,,,,,Normal]Gholdengo||FocusSash|GoodasGold|Protect,MakeItRain,ShadowBall,NastyPlot||||||50|,,,,,Water]Amoonguss||RockyHelmet|Regenerator|Protect,RagePowder,Spore,ClearSmog|||F|||50|,,,,,Water]Kingambit||AssaultVest|Defiant|IronHead,KowtowCleave,SuckerPunch,TeraBlast|||F|||50|,,,,,Flying
|showteam|p2|Gholdengo||GrassySeed|GoodasGold|NastyPlot,MakeItRain,ShadowBall,Protect||||||50|,,,,,Water]Sneasler||WhiteHerb|Unburden|CloseCombat,DireClaw,Coaching,Protect|||M|||50|,,,,,Ghost]Rillaboom||AssaultVest|GrassySurge|FakeOut,GrassyGlide,DrumBeating,HighHorsepower|||M|||50|,,,,,Fire]Dragonite||LoadedDice|Multiscale|ScaleShot,StompingTantrum,Tailwind,Protect|||F|||50|,,,,,Ground]Ninetales-Alola||FocusSash|SnowWarning|Blizzard,IcyWind,Encore,AuroraVeil|||F|||50|,,,,,Ghost]Arcanine-Hisui||ClearAmulet|Intimidate|RockSlide,FlareBlitz,ExtremeSpeed,Protect|||M|||50|,,,,,Water
|
|t:|1757832058
|teamsize|p1|4
|teamsize|p2|4
|start
|switch|p1a: Gholdengo|Gholdengo, L50|100/100
|switch|p1b: Indeedee|Indeedee-F, L50, F|100/100
|switch|p2a: Canada Water|Ninetales-Alola, L50, F|100/100
|switch|p2b: Silver Street|Gholdengo, L50|100/100
|-weather|Snowscape|[from] ability: Snow Warning|[of] p2a: Canada Water
|-fieldstart|move: Psychic Terrain|[from] ability: Psychic Surge|[of] p1b: Indeedee
|turn|1
|
|t:|1757832093
|-terastallize|p2b: Silver Street|Water
|move|p1b: Indeedee|Follow Me|p1b: Indeedee
|-singleturn|p1b: Indeedee|move: Follow Me
|move|p2a: Canada Water|Aurora Veil|p2a: Canada Water
|-sidestart|p2: hexagonfoot|move: Aurora Veil
|move|p1a: Gholdengo|Nasty Plot|p1a: Gholdengo
|-boost|p1a: Gholdengo|spa|2
|move|p2b: Silver Street|Nasty Plot|p2b: Silver Street
|-boost|p2b: Silver Street|spa|2
|
|-weather|Snowscape|[upkeep]
|upkeep
|turn|2
|
|t:|1757832117
|move|p1b: Indeedee|Follow Me|p1b: Indeedee
|-singleturn|p1b: Indeedee|move: Follow Me
|move|p2a: Canada Water|Blizzard|p1a: Gholdengo|[spread] p1a,p1b
|-resisted|p1a: Gholdengo
|-damage|p1a: Gholdengo|82/100
|-damage|p1b: Indeedee|68/100
|move|p1a: Gholdengo|Make It Rain|p2b: Silver Street|[spread] p2a,p2b
|-supereffective|p2a: Canada Water
|-resisted|p2b: Silver Street
|-enditem|p2a: Canada Water|Focus Sash
|-damage|p2a: Canada Water|1/100
|-damage|p2b: Silver Street|67/100
|-unboost|p1a: Gholdengo|spa|1
|move|p2b: Silver Street|Make It Rain|p1b: Indeedee|[spread] p1a,p1b
|-resisted|p1a: Gholdengo
|-damage|p1a: Gholdengo|32/100
|-damage|p1b: Indeedee|0 fnt
|-unboost|p2b: Silver Street|spa|1
|faint|p1b: Indeedee
|
|-weather|Snowscape|[upkeep]
|upkeep
|
|t:|1757832139
|switch|p1b: Kingambit|Kingambit, L50, F|100/100
|turn|3
|
|t:|1757832209
|move|p2a: Canada Water|Blizzard|p1b: Kingambit|[spread] p1a,p1b
|-resisted|p1a: Gholdengo
|-resisted|p1b: Kingambit
|-damage|p1a: Gholdengo|15/100
|-damage|p1b: Kingambit|91/100
|move|p1a: Gholdengo|Make It Rain|p2a: Canada Water|[spread] p2a,p2b
|-supereffective|p2a: Canada Water
|-resisted|p2b: Silver Street
|-damage|p2a: Canada Water|0 fnt
|-damage|p2b: Silver Street|43/100
|-unboost|p1a: Gholdengo|spa|1
|faint|p2a: Canada Water
|move|p2b: Silver Street|Make It Rain|p1a: Gholdengo|[spread] p1a,p1b
|-resisted|p1a: Gholdengo
|-resisted|p1b: Kingambit
|-damage|p1a: Gholdengo|0 fnt
|-damage|p1b: Kingambit|72/100
|-unboost|p2b: Silver Street|spa|1
|faint|p1a: Gholdengo
|move|p1b: Kingambit|Iron Head|p2b: Silver Street
|-resisted|p2b: Silver Street
|-damage|p2b: Silver Street|28/100
|
|-weather|Snowscape|[upkeep]
|upkeep
|
|t:|1757832229
|switch|p2a: Barking Riverside|Arcanine-Hisui, L50, M|100/100
|switch|p1a: Amoonguss|Amoonguss, L50, F|100/100
|-ability|p2a: Barking Riverside|Intimidate|boost
|-unboost|p1a: Amoonguss|atk|1
|-unboost|p1b: Kingambit|atk|1
|-ability|p1b: Kingambit|Defiant|boost
|-boost|p1b: Kingambit|atk|2
|turn|4
|inactive|Battle timer is ON: inactive players will automatically lose when time's up. (requested by el1azsm)
|
|t:|1757832297
|-terastallize|p1a: Amoonguss|Water
|move|p1a: Amoonguss|Rage Powder|p1a: Amoonguss
|-singleturn|p1a: Amoonguss|move: Rage Powder
|move|p2a: Barking Riverside|Rock Slide|p1a: Amoonguss|[spread] p1b
|-miss|p2a: Barking Riverside|p1a: Amoonguss
|-resisted|p1b: Kingambit
|-damage|p1b: Kingambit|60/100
|move|p2b: Silver Street|Make It Rain|p1b: Kingambit|[spread] p1a,p1b
|-resisted|p1a: Amoonguss
|-resisted|p1b: Kingambit
|-damage|p1a: Amoonguss|80/100
|-damage|p1b: Kingambit|48/100
|-unboost|p2b: Silver Street|spa|1
|move|p1b: Kingambit|Iron Head|p2b: Silver Street
|-resisted|p2b: Silver Street
|-damage|p2b: Silver Street|7/100
|
|-weather|Snowscape|[upkeep]
|upkeep
|turn|5
|inactive|el1azsm has 30 seconds left.
|inactive|hexagonfoot has 30 seconds left.
|
|t:|1757832323
|move|p1a: Amoonguss|Rage Powder|p1a: Amoonguss
|-singleturn|p1a: Amoonguss|move: Rage Powder
|move|p2a: Barking Riverside|Rock Slide|p1b: Kingambit|[spread] p1a,p1b
|-resisted|p1b: Kingambit
|-damage|p1a: Amoonguss|60/100
|-damage|p1b: Kingambit|38/100
|move|p2b: Silver Street|Make It Rain|p1b: Kingambit|[spread] p1a,p1b
|-resisted|p1a: Amoonguss
|-resisted|p1b: Kingambit
|-damage|p1a: Amoonguss|48/100
|-damage|p1b: Kingambit|29/100
|-unboost|p2b: Silver Street|spa|1
|move|p1b: Kingambit|Iron Head|p2a: Barking Riverside
|-damage|p2a: Barking Riverside|51/100
|
|-weather|none
|-sideend|p2: hexagonfoot|move: Aurora Veil
|-fieldend|move: Psychic Terrain
|upkeep
|turn|6
|inactive|el1azsm has 30 seconds left.
|inactive|hexagonfoot has 30 seconds left.
|inactive|hexagonfoot has 20 seconds left.
|inactive|hexagonfoot has 15 seconds left.
|
|t:|1757832366
|switch|p2b: Hampstead Heath|Rillaboom, L50, M|100/100
|-fieldstart|move: Grassy Terrain|[from] ability: Grassy Surge|[of] p2b: Hampstead Heath
|move|p2a: Barking Riverside|Extreme Speed|p1a: Amoonguss
|-damage|p1a: Amoonguss|27/100
|-damage|p2a: Barking Riverside|35/100|[from] item: Rocky Helmet|[of] p1a: Amoonguss
|move|p1b: Kingambit|Sucker Punch||[still]
|-fail|p1b: Kingambit
|move|p1a: Amoonguss|Clear Smog|p2b: Hampstead Heath
|-supereffective|p2b: Hampstead Heath
|-damage|p2b: Hampstead Heath|75/100
|-clearboost|p2b: Hampstead Heath
|
|-heal|p2a: Barking Riverside|41/100|[from] Grassy Terrain
|-heal|p2b: Hampstead Heath|81/100|[from] Grassy Terrain
|-heal|p1b: Kingambit|35/100|[from] Grassy Terrain
|-heal|p1a: Amoonguss|33/100|[from] Grassy Terrain
|upkeep
|turn|7
|inactive|el1azsm has 30 seconds left.
|inactive|hexagonfoot has 30 seconds left.
|inactive|hexagonfoot has 20 seconds left.
|inactive|hexagonfoot has 15 seconds left.
|inactive|hexagonfoot has 10 seconds left.
|inactive|hexagonfoot has 5 seconds left.
|
|t:|1757832417
|move|p2a: Barking Riverside|Extreme Speed|p1b: Kingambit
|-resisted|p1b: Kingambit
|-damage|p1b: Kingambit|25/100
|move|p2b: Hampstead Heath|High Horsepower|p1b: Kingambit
|-supereffective|p1b: Kingambit
|-damage|p1b: Kingambit|0 fnt
|faint|p1b: Kingambit
|move|p1a: Amoonguss|Spore|p2a: Barking Riverside
|-status|p2a: Barking Riverside|slp|[from] move: Spore
|
|-heal|p2a: Barking Riverside|47/100 slp|[from] Grassy Terrain
|-heal|p2b: Hampstead Heath|87/100|[from] Grassy Terrain
|-heal|p1a: Amoonguss|39/100|[from] Grassy Terrain
|upkeep
|turn|8
|
|t:|1757832428
|cant|p2a: Barking Riverside|slp
|move|p2b: Hampstead Heath|Drum Beating|p1a: Amoonguss
|-supereffective|p1a: Amoonguss
|-damage|p1a: Amoonguss|0 fnt
|faint|p1a: Amoonguss
|
|win|hexagonfoot
|raw|el1azsm's rating: 1087 → 1071(-16 for losing)
|raw|hexagonfoot's rating: 1200 → 1217(+17 for winning)
|l|☆el1azsm
|player|p1|
