|j|☆lindseyyy
|j|☆TenkiBD
|html|lindseyyyTenkiBD    
|uhtml|bestof|Game 2 of a best-of-3
|t:|1785008539
|gametype|doubles
|player|p1|lindseyyy|1|1177
|player|p2|TenkiBD|lucas|1130
|gen|9
|tier|[Gen 9 Champions] VGC 2026 Reg M-B (Bo3)
|rated|
|rule|Species Clause: Limit one of each Pokémon
|rule|Item Clause: Limit 1 of each item
|clearpoke
|poke|p1|Rotom-Wash, L50|
|poke|p1|Ninetales-Alola, L50, M|
|poke|p1|Kingambit, L50, F|
|poke|p1|Sneasler, L50, M|
|poke|p1|Tsareena, L50, F|
|poke|p1|Aerodactyl, L50, M|
|poke|p2|Charizard, L50, M|
|poke|p2|Floette-Eternal, L50, F|
|poke|p2|Garchomp, L50, M|
|poke|p2|Whimsicott, L50, F|
|poke|p2|Basculegion, L50, M|
|poke|p2|Kingambit, L50, F|
|teampreview|4
|showteam|p1|Rotom-Wash||Magnet|Levitate|WillOWisp,HydroPump,Thunderbolt,Protect|Modest|||||50|]Ninetales-Alola||NeverMeltIce|SnowWarning|Howl,Blizzard,IcyWind,Protect|Timid||M|||50|]Kingambit||BlackGlasses|Defiant|Protect,KowtowCleave,SuckerPunch,SwordsDance|Adamant||F|||50|]Sneasler||WhiteHerb|Unburden|CloseCombat,DireClaw,RockTomb,FakeOut|Adamant||M|||50|]Tsareena||ChoiceScarf|QueenlyMajesty|TropKick,TripleAxel,LowKick,KnockOff|Jolly||F|||50|]Aerodactyl||Aerodactylite|Unnerve|Protect,RockSlide,Tailwind,DualWingbeat|Jolly||M|||50|
|showteam|p2|Charizard||CharizarditeY|Blaze|HeatWave,SolarBeam,WeatherBall,Protect|Modest||M|||50|]Floette-Eternal||Floettite|FlowerVeil|Moonblast,DazzlingGleam,LightofRuin,Protect|Modest||F|||50|]Garchomp||LifeOrb|RoughSkin|DragonClaw,Earthquake,Protect,RockSlide|Jolly||M|||50|]Whimsicott||FocusSash|Prankster|Moonblast,Tailwind,Encore,Protect|Timid||F|||50|]Basculegion||MysticWater|Adaptability|WaveCrash,LastRespects,AquaJet,Protect|Adamant||M|||50|]Kingambit||BlackGlasses|Defiant|KowtowCleave,Protect,SuckerPunch,IronHead|Adamant||F|||50|
|inactive|Battle timer is ON: inactive players will automatically lose when time's up. (requested by lindseyyy)
|inactive|lindseyyy has 60 seconds left.
|
|t:|1785008581
|teamsize|p1|4
|teamsize|p2|4
|start
|switch|p1a: Regeena|Tsareena, L50, F|100/100
|switch|p1b: STELLVRIS|Aerodactyl, L50, M|100/100
|switch|p2a: Whimsicott|Whimsicott, L50, F|100/100
|switch|p2b: Kingambit|Kingambit, L50, F|100/100
|-ability|p1b: STELLVRIS|Unnerve
|turn|1
|
|t:|1785008601
|switch|p2b: Basculegion|Basculegion, L50, M|100/100
|detailschange|p1b: STELLVRIS|Aerodactyl-Mega, L50, M
|-mega|p1b: STELLVRIS|Aerodactyl|Aerodactylite
|move|p2a: Whimsicott|Protect|p2a: Whimsicott
|-singleturn|p2a: Whimsicott|Protect
|move|p1b: STELLVRIS|Tailwind|p1b: STELLVRIS
|-sidestart|p1: lindseyyy|move: Tailwind
|move|p1a: Regeena|Low Kick|p2b: Basculegion
|-immune|p2b: Basculegion
|
|upkeep
|turn|2
|inactive|lindseyyy has 30 seconds left.
|
|t:|1785008628
|switch|p1a: Simple&Clean|Rotom-Wash, L50|100/100
|switch|p2a: Kingambit|Kingambit, L50, F|100/100
|move|p1b: STELLVRIS|Protect|p1b: STELLVRIS
|-singleturn|p1b: STELLVRIS|Protect
|move|p2b: Basculegion|Wave Crash|p1b: STELLVRIS
|-activate|p1b: STELLVRIS|move: Protect
|
|upkeep
|turn|3
|inactive|TenkiBD has 30 seconds left.
|
|t:|1785008654
|switch|p1b: Regeena|Tsareena, L50, F|100/100
|move|p2b: Basculegion|Protect|p2b: Basculegion
|-singleturn|p2b: Basculegion|Protect
|move|p1a: Simple&Clean|Will-O-Wisp|p2a: Kingambit
|-status|p2a: Kingambit|brn
|move|p2a: Kingambit|Kowtow Cleave|p1a: Simple&Clean
|-damage|p1a: Simple&Clean|70/100
|
|-damage|p2a: Kingambit|94/100 brn|[from] brn
|upkeep
|turn|4
|
|t:|1785008672
|switch|p2b: Whimsicott|Whimsicott, L50, F|100/100
|move|p1b: Regeena|Trop Kick|p2b: Whimsicott
|-resisted|p2b: Whimsicott|1
|-damage|p2b: Whimsicott|67/100
|-unboost|p2b: Whimsicott|atk|1
|move|p1a: Simple&Clean|Thunderbolt|p2a: Kingambit
|-damage|p2a: Kingambit|44/100 brn
|move|p2a: Kingambit|Kowtow Cleave|p1b: Regeena
|-damage|p1b: Regeena|63/100
|
|-damage|p2a: Kingambit|38/100 brn|[from] brn
|-sideend|p1: lindseyyy|move: Tailwind
|upkeep
|turn|5
|inactive|TenkiBD has 30 seconds left.
|
|t:|1785008702
|switch|p1a: STELLVRIS|Aerodactyl-Mega, L50, M|100/100
|move|p2b: Whimsicott|Protect|p2b: Whimsicott
|-singleturn|p2b: Whimsicott|Protect
|move|p1b: Regeena|Trop Kick|p2b: Whimsicott
|-activate|p2b: Whimsicott|move: Protect
|move|p2a: Kingambit|Kowtow Cleave|p1a: STELLVRIS
|-damage|p1a: STELLVRIS|61/100
|
|-damage|p2a: Kingambit|32/100 brn|[from] brn
|upkeep
|turn|6
|inactive|lindseyyy has 30 seconds left.
|inactive|TenkiBD has 30 seconds left.
|inactive|lindseyyy has 20 seconds left.
|inactive|TenkiBD has 20 seconds left.
|
|t:|1785008740
|switch|p1b: Simple&Clean|Rotom-Wash, L50|70/100
|move|p2b: Whimsicott|Tailwind|p2b: Whimsicott
|-sidestart|p2: TenkiBD|move: Tailwind
|move|p1a: STELLVRIS|Tailwind|p1a: STELLVRIS
|-sidestart|p1: lindseyyy|move: Tailwind
|move|p2a: Kingambit|Iron Head|p1a: STELLVRIS
|-supereffective|p1a: STELLVRIS|1
|-damage|p1a: STELLVRIS|0 fnt
|faint|p1a: STELLVRIS
|
|-damage|p2a: Kingambit|27/100 brn|[from] brn
|upkeep
|
|t:|1785008754
|switch|p1a: Amanda|Sneasler, L50, M|100/100
|turn|7
|
|t:|1785008770
|move|p2b: Whimsicott|Protect|p2b: Whimsicott
|-singleturn|p2b: Whimsicott|Protect
|move|p2a: Kingambit|Sucker Punch|p1b: Simple&Clean
|-crit|p1b: Simple&Clean
|-damage|p1b: Simple&Clean|33/100
|move|p1a: Amanda|Dire Claw|p2b: Whimsicott
|-activate|p2b: Whimsicott|move: Protect
|move|p1b: Simple&Clean|Thunderbolt|p2a: Kingambit
|-damage|p2a: Kingambit|0 fnt
|faint|p2a: Kingambit
|
|upkeep
|
|t:|1785008780
|switch|p2a: Basculegion|Basculegion, L50, M|100/100
|turn|8
|
|t:|1785008804
|move|p2a: Basculegion|Aqua Jet|p1a: Amanda
|-damage|p1a: Amanda|48/100
|move|p2b: Whimsicott|Moonblast|p1a: Amanda
|-damage|p1a: Amanda|0 fnt
|faint|p1a: Amanda
|move|p1b: Simple&Clean|Thunderbolt|p2a: Basculegion
|-supereffective|p2a: Basculegion|1
|-damage|p2a: Basculegion|0 fnt
|faint|p2a: Basculegion
|
|upkeep
|
|t:|1785008825
|switch|p1a: Regeena|Tsareena, L50, F|63/100
|switch|p2a: Floette|Floette-Eternal, L50, F|100/100
|turn|9
|
|t:|1785008839
|move|p2b: Whimsicott|Protect|p2b: Whimsicott
|-singleturn|p2b: Whimsicott|Protect
|move|p2a: Floette|Protect|p2a: Floette
|-singleturn|p2a: Floette|Protect
|move|p1a: Regeena|Trop Kick|p2a: Floette
|-activate|p2a: Floette|move: Protect
|move|p1b: Simple&Clean|Thunderbolt|p2a: Floette
|-activate|p2a: Floette|move: Protect
|
|-sideend|p1: lindseyyy|move: Tailwind
|-sideend|p2: TenkiBD|move: Tailwind
|upkeep
|turn|10
|inactive|lindseyyy has 30 seconds left.
|
|t:|1785008868
|detailschange|p2a: Floette|Floette-Mega, L50, F
|-mega|p2a: Floette|Floette|Floettite
|-ability|p2a: Floette|Fairy Aura
|move|p2b: Whimsicott|Tailwind|p2b: Whimsicott
|-sidestart|p2: TenkiBD|move: Tailwind
|move|p2a: Floette|Dazzling Gleam|p1b: Simple&Clean|[spread] p1a,p1b
|-damage|p1a: Regeena|13/100
|-damage|p1b: Simple&Clean|0 fnt
|faint|p1b: Simple&Clean
|move|p1a: Regeena|Trop Kick|p2a: Floette
|-damage|p2a: Floette|56/100
|-unboost|p2a: Floette|atk|1
|
|upkeep
|turn|11
|
|t:|1785008892
|move|p2b: Whimsicott|Moonblast|p1a: Regeena
|-damage|p1a: Regeena|0 fnt
|faint|p1a: Regeena
|
|win|TenkiBD
||TenkiBD is ready for game 3.
||lindseyyy is ready for game 3.
|uhtml|next|Next: Game 3 of 3
|l|☆lindseyyy
|player|p1|
