|j|☆kyo_is_de4d
|j|☆Ariensan
|html|kyo_is_de4dAriensan    
|uhtml|bestof|Game 2 of a best-of-3
|t:|1784283777
|gametype|doubles
|player|p1|kyo_is_de4d|2|1079
|player|p2|Ariensan|102|1210
|gen|9
|tier|[Gen 9 Champions] VGC 2026 Reg M-B (Bo3)
|rated|
|rule|Species Clause: Limit one of each Pokémon
|rule|Item Clause: Limit 1 of each item
|clearpoke
|poke|p1|Floette-Eternal, L50, F|
|poke|p1|Charizard, L50, M, shiny|
|poke|p1|Kingambit, L50, F, shiny|
|poke|p1|Whimsicott, L50, F, shiny|
|poke|p1|Basculegion, L50, M, shiny|
|poke|p1|Garchomp, L50, F, shiny|
|poke|p2|Sneasler, L50, M|
|poke|p2|Incineroar, L50, M|
|poke|p2|Sinistcha, L50|
|poke|p2|Blastoise, L50, F|
|poke|p2|Delphox, L50, F|
|poke|p2|Kingambit, L50, F|
|teampreview|4
|showteam|p1|Floette-Eternal||Floettite|FlowerVeil|Protect,LightofRuin,Moonblast,DazzlingGleam|Modest||F|||50|]Charizard||CharizarditeY|Blaze|SolarBeam,HeatWave,WeatherBall,Protect|Modest||M|||50|]Kingambit||ChopleBerry|Defiant|IronHead,LowKick,KowtowCleave,SuckerPunch|Adamant||F|||50|]Whimsicott||FocusSash|Prankster|Moonblast,Tailwind,Encore,Protect|Timid||F|||50|]Basculegion||ChoiceScarf|Adaptability|WaveCrash,FlipTurn,LastRespects,AquaJet|Adamant||M|||50|]Garchomp||LifeOrb|RoughSkin|Earthquake,RockSlide,Protect,DragonClaw|Jolly||F|||50|
|showteam|p2|Sneasler||FocusSash|PoisonTouch|QuickGuard,FakeOut,PoisonJab,CloseCombat|Jolly||M|||50|]Incineroar||SitrusBerry|Intimidate|FakeOut,PartingShot,HelpingHand,FlareBlitz|Careful||M|||50|]Sinistcha||ColburBerry|Hospitality|MatchaGotcha,RagePowder,TrickRoom,Protect|Bold|||||50|]Blastoise||Blastoisinite|RainDish|WaterSpout,DarkPulse,ShellSmash,Protect|Modest||F|||50|]Delphox||Delphoxite|Blaze|HeatWave,Psyshock,NastyPlot,Protect|Timid||F|||50|]Kingambit||LifeOrb|Defiant|KowtowCleave,SuckerPunch,SwordsDance,Protect|Adamant||F|||50|
|
|t:|1784283880
|teamsize|p1|4
|teamsize|p2|4
|start
|switch|p1a: Whimsicott|Whimsicott, L50, F, shiny|100/100
|switch|p1b: Garchomp|Garchomp, L50, F, shiny|100/100
|switch|p2a: Sneasler|Sneasler, L50, M|100/100
|switch|p2b: Delphox|Delphox, L50, F|100/100
|turn|1
|
|t:|1784283914
|detailschange|p2b: Delphox|Delphox-Mega, L50, F
|-mega|p2b: Delphox|Delphox|Delphoxite
|move|p2a: Sneasler|Fake Out|p1a: Whimsicott
|-damage|p1a: Whimsicott|83/100
|cant|p1a: Whimsicott|flinch
|move|p2b: Delphox|Heat Wave|p1b: Garchomp|[spread] p1a,p1b
|-supereffective|p1a: Whimsicott|1
|-resisted|p1b: Garchomp|1
|-damage|p1a: Whimsicott|0 fnt
|-damage|p1b: Garchomp|78/100
|faint|p1a: Whimsicott
|move|p1b: Garchomp|Rock Slide|p2a: Sneasler|[spread] p2a,p2b
|-resisted|p2a: Sneasler|1
|-supereffective|p2b: Delphox|1
|-damage|p2a: Sneasler|77/100
|-damage|p2b: Delphox|46/100
|-damage|p1b: Garchomp|68/100|[from] item: Life Orb
|
|upkeep
|
|t:|1784283929
|switch|p1a: Basculegion|Basculegion, L50, M, shiny|100/100
|turn|2
|
|t:|1784283945
|switch|p2a: Kingambit|Kingambit, L50, F|100/100
|move|p2b: Delphox|Protect|p2b: Delphox
|-singleturn|p2b: Delphox|Protect
|move|p1a: Basculegion|Flip Turn|p2b: Delphox
|-activate|p2b: Delphox|move: Protect
|move|p1b: Garchomp|Earthquake|p2a: Kingambit|[spread] p1a,p2a
|-activate|p2b: Delphox|move: Protect
|-supereffective|p2a: Kingambit|1
|-damage|p1a: Basculegion|32/100
|-damage|p2a: Kingambit|19/100
|-damage|p1b: Garchomp|58/100|[from] item: Life Orb
|
|upkeep
|turn|3
|
|t:|1784283968
|switch|p1a: Charizard|Charizard, L50, M, shiny|100/100
|move|p2a: Kingambit|Sucker Punch||[still]
|-fail|p2a: Kingambit
|move|p2b: Delphox|Heat Wave|p1b: Garchomp|[spread] p1a,p1b
|-resisted|p1a: Charizard|1
|-resisted|p1b: Garchomp|1
|-damage|p1a: Charizard|77/100
|-damage|p1b: Garchomp|39/100
|move|p1b: Garchomp|Rock Slide|p2a: Kingambit|[spread] p2a,p2b
|-resisted|p2a: Kingambit|1
|-supereffective|p2b: Delphox|1
|-damage|p2a: Kingambit|9/100
|-damage|p2b: Delphox|0 fnt
|faint|p2b: Delphox
|-damage|p1b: Garchomp|29/100|[from] item: Life Orb
|
|upkeep
|
|t:|1784283988
|switch|p2b: Sneasler|Sneasler, L50, M|77/100
|turn|4
|
|t:|1784284007
|move|p1a: Charizard|Protect|p1a: Charizard
|-singleturn|p1a: Charizard|Protect
|move|p2b: Sneasler|Fake Out|p1a: Charizard
|-activate|p1a: Charizard|move: Protect
|move|p2a: Kingambit|Sucker Punch|p1b: Garchomp
|-damage|p1b: Garchomp|0 fnt
|-damage|p2a: Kingambit|0 fnt|[from] ability: Rough Skin|[of] p1b: Garchomp
|faint|p1b: Garchomp
|faint|p2a: Kingambit
|
|upkeep
|
|t:|1784284018
|switch|p1b: Basculegion|Basculegion, L50, M, shiny|32/100
|switch|p2a: Sinistcha|Sinistcha, L50|100/100
|-heal|p2b: Sneasler|100/100|[from] ability: Hospitality|[of] p2a: Sinistcha
|turn|5
|
|t:|1784284060
|detailschange|p1a: Charizard|Charizard-Mega-Y, L50, M, shiny
|-mega|p1a: Charizard|Charizard|Charizardite Y
|-weather|SunnyDay|[from] ability: Drought|[of] p1a: Charizard
|move|p2a: Sinistcha|Rage Powder|p2a: Sinistcha
|-singleturn|p2a: Sinistcha|move: Rage Powder
|move|p1b: Basculegion|Last Respects|p2a: Sinistcha
|-supereffective|p2a: Sinistcha|1
|-damage|p2a: Sinistcha|0 fnt
|faint|p2a: Sinistcha
|move|p2b: Sneasler|Poison Jab|p1b: Basculegion
|-resisted|p1b: Basculegion|1
|-damage|p1b: Basculegion|3/100
|-status|p1b: Basculegion|psn
|move|p1a: Charizard|Heat Wave|p2b: Sneasler|[miss]
|-miss|p1a: Charizard|p2b: Sneasler
|
|-weather|SunnyDay|[upkeep]
|-damage|p1b: Basculegion|0 fnt|[from] psn
|faint|p1b: Basculegion
|upkeep
|turn|6
|
|t:|1784284078
|move|p2b: Sneasler|Poison Jab|p1a: Charizard
|-damage|p1a: Charizard|32/100
|-status|p1a: Charizard|psn
|move|p1a: Charizard|Weather Ball|p2b: Sneasler
|-enditem|p2b: Sneasler|Focus Sash
|-damage|p2b: Sneasler|1/100
|
|-weather|SunnyDay|[upkeep]
|-damage|p1a: Charizard|19/100 psn|[from] psn
|upkeep
|turn|7
|
|t:|1784284089
|move|p2b: Sneasler|Poison Jab|p1a: Charizard
|-damage|p1a: Charizard|0 fnt
|faint|p1a: Charizard
|
|win|Ariensan
|raw|kyo_is_de4d's rating: 1079 → 1065(-14 for losing)
|raw|Ariensan's rating: 1210 → 1226(+16 for winning)
