|j|☆WashYoButt
|j|☆Karlye
|html|WashYoButtKarlye    
|uhtml|bestof|Game 3 of a best-of-3
|t:|1757703733
|gametype|doubles
|player|p1|WashYoButt|ariana|1156
|player|p2|Karlye|blue|1166
|gen|9
|tier|[Gen 9] VGC 2025 Reg H (Bo3)
|rated|
|rule|Species Clause: Limit one of each Pokémon
|rule|Item Clause: Limit 1 of each item
|clearpoke
|poke|p1|Gholdengo, L50|
|poke|p1|Basculegion, L50, M|
|poke|p1|Amoonguss, L50, F|
|poke|p1|Kommo-o, L50, F|
|poke|p1|Ninetales-Alola, L50, M|
|poke|p1|Incineroar, L50, M|
|poke|p2|Excadrill, L50, M|
|poke|p2|Tyranitar, L50, F|
|poke|p2|Sneasler, L50, F|
|poke|p2|Indeedee, L50, M|
|poke|p2|Corviknight, L50, M|
|poke|p2|Annihilape, L50, F|
|teampreview|4
|showteam|p1|Gholdengo||LifeOrb|GoodasGold|Protect,NastyPlot,ShadowBall,MakeItRain||||||50|,,,,,Water]Basculegion||ChoiceScarf|Adaptability|WaveCrash,LastRespects,AquaJet,FlipTurn|||M|||50|,,,,,Grass]Amoonguss||RockyHelmet|Regenerator|Spore,PollenPuff,RagePowder,ClearSmog|||F|||50|,,,,,Water]Kommo-o||Leftovers|Overcoat|IronDefense,BodyPress,Flamethrower,Protect|||F|||50|,,,,,Fire]Ninetales-Alola||FocusSash|SnowWarning|Protect,Moonblast,Blizzard,FreezeDry|||M|||50|,,,,,Ghost]Incineroar||SafetyGoggles|Intimidate|KnockOff,FlareBlitz,FakeOut,PartingShot|||M|||50|,,,,,Ghost
|showteam|p2|Excadrill||FocusSash|SandRush|IronHead,HighHorsepower,Earthquake,Protect|||M|||50|,,,,,Stellar]Tyranitar||AssaultVest|SandStream|RockSlide,KnockOff,TeraBlast,LowKick|||F|||50|,,,,,Flying]Sneasler||PsychicSeed|Unburden|DireClaw,CloseCombat,ThroatChop,Protect|||F|||50|,,,,,Dark]Indeedee||ChoiceScarf|PsychicSurge|ExpandingForce,TeraBlast,Protect,Trick|||M|||50|,,,,,Psychic]Corviknight||Leftovers|MirrorArmor|BraveBird,BulkUp,Roost,Tailwind|||M|||50|,,,,,Dragon]Annihilape||SafetyGoggles|Defiant|CloseCombat,FinalGambit,RageFist,Taunt|||F|||50|,,,,,Water
|inactive|Battle timer is ON: inactive players will automatically lose when time's up. (requested by Karlye)
|
|t:|1757703764
|teamsize|p1|4
|teamsize|p2|4
|start
|switch|p1a: Gholdengo|Gholdengo, L50|100/100
|switch|p1b: Incineroar|Incineroar, L50, M|100/100
|switch|p2a: Sneasler|Sneasler, L50, F, shiny|100/100
|switch|p2b: Indeedee|Indeedee, L50, M, shiny|100/100
|-fieldstart|move: Psychic Terrain|[from] ability: Psychic Surge|[of] p2b: Indeedee
|-enditem|p2a: Sneasler|Psychic Seed
|-boost|p2a: Sneasler|spd|1|[from] item: Psychic Seed
|-ability|p1b: Incineroar|Intimidate|boost
|-unboost|p2a: Sneasler|atk|1
|-unboost|p2b: Indeedee|atk|1
|turn|1
|inactive|Karlye has 30 seconds left.
|inactive|Karlye has 20 seconds left.
|
|t:|1757703800
|move|p2b: Indeedee|Protect|p2b: Indeedee
|-singleturn|p2b: Indeedee|Protect
|move|p1a: Gholdengo|Protect|p1a: Gholdengo
|-singleturn|p1a: Gholdengo|Protect
|move|p2a: Sneasler|Throat Chop|p1a: Gholdengo
|-activate|p1a: Gholdengo|move: Protect
|move|p1b: Incineroar|Flare Blitz|p2a: Sneasler
|-damage|p2a: Sneasler|22/100
|-damage|p1b: Incineroar|80/100|[from] Recoil
|
|upkeep
|turn|2
|inactive|Karlye has 30 seconds left.
|inactive|Karlye has 20 seconds left.
|inactive|Karlye has 15 seconds left.
|inactive|Karlye has 10 seconds left.
|inactive|Karlye has 5 seconds left.
|
|t:|1757703854
|switch|p2a: Tyranitar|Tyranitar, L50, F, shiny|100/100
|-weather|Sandstorm|[from] ability: Sand Stream|[of] p2a: Tyranitar
|switch|p2b: Corviknight|Corviknight, L50, M|100/100
|-terastallize|p1a: Gholdengo|Water
|move|p1a: Gholdengo|Make It Rain|p2b: Corviknight|[spread] p2a,p2b
|-supereffective|p2a: Tyranitar
|-crit|p2a: Tyranitar
|-resisted|p2b: Corviknight
|-damage|p2a: Tyranitar|18/100
|-damage|p2b: Corviknight|72/100
|-unboost|p1a: Gholdengo|spa|1
|-damage|p1a: Gholdengo|91/100|[from] item: Life Orb
|move|p1b: Incineroar|Parting Shot|p2b: Corviknight
|-ability|p2b: Corviknight|Mirror Armor
|-unboost|p1b: Incineroar|atk|1
|-ability|p2b: Corviknight|Mirror Armor
|-unboost|p1b: Incineroar|spa|1
|
|t:|1757703871
|switch|p1b: Ninetales|Ninetales-Alola, L50, M|100/100|[from] Parting Shot
|-weather|Snowscape|[from] ability: Snow Warning|[of] p1b: Ninetales
|
|-weather|Snowscape|[upkeep]
|-heal|p2b: Corviknight|78/100|[from] item: Leftovers
|upkeep
|turn|3
|inactive|Karlye has 30 seconds left.
|
|t:|1757703899
|switch|p2a: Indeedee|Indeedee, L50, M, shiny|100/100
|move|p1b: Ninetales|Blizzard|p2b: Corviknight|[spread] p2a,p2b
|-crit|p2a: Indeedee
|-damage|p2a: Indeedee|40/100
|-damage|p2b: Corviknight|48/100
|move|p1a: Gholdengo|Nasty Plot|p1a: Gholdengo
|-boost|p1a: Gholdengo|spa|2
|move|p2b: Corviknight|Brave Bird|p1b: Ninetales
|-damage|p1b: Ninetales|62/100
|-damage|p2b: Corviknight|39/100|[from] Recoil
|
|-weather|Snowscape|[upkeep]
|-heal|p2b: Corviknight|45/100|[from] item: Leftovers
|upkeep
|turn|4
|inactive|Karlye has 30 seconds left.
|
|t:|1757703930
|switch|p1b: Incineroar|Incineroar, L50, M|80/100
|-ability|p1b: Incineroar|Intimidate|boost
|-unboost|p2a: Indeedee|atk|1
|-ability|p2b: Corviknight|Mirror Armor
|-unboost|p1b: Incineroar|atk|1
|switch|p2b: Sneasler|Sneasler, L50, F, shiny|22/100
|-terastallize|p2a: Indeedee|Psychic
|move|p2a: Indeedee|Expanding Force|p1b: Incineroar|[spread] p1a
|-immune|p1b: Incineroar
|-damage|p1a: Gholdengo|0 fnt
|faint|p1a: Gholdengo
|
|-weather|Snowscape|[upkeep]
|upkeep
|
|t:|1757703944
|switch|p1a: Ninetales|Ninetales-Alola, L50, M|62/100
|turn|5
|inactive|Karlye has 30 seconds left.
|
|t:|1757703969
|move|p1a: Ninetales|Protect|p1a: Ninetales
|-singleturn|p1a: Ninetales|Protect
|move|p2a: Indeedee|Expanding Force|p1a: Ninetales|[spread] 
|-activate|p1a: Ninetales|move: Protect
|-immune|p1b: Incineroar
|move|p2b: Sneasler|Close Combat|p1b: Incineroar
|-supereffective|p1b: Incineroar
|-damage|p1b: Incineroar|0 fnt
|-unboost|p2b: Sneasler|def|1
|-unboost|p2b: Sneasler|spd|1
|faint|p1b: Incineroar
|
|-weather|Snowscape|[upkeep]
|-fieldend|move: Psychic Terrain
|upkeep
|
|t:|1757703980
|switch|p1b: Kommo-o|Kommo-o, L50, F|100/100
|turn|6
|
|t:|1757704001
|switch|p2a: Tyranitar|Tyranitar, L50, F, shiny|18/100
|-weather|Sandstorm|[from] ability: Sand Stream|[of] p2a: Tyranitar
|move|p1b: Kommo-o|Protect|p1b: Kommo-o
|-singleturn|p1b: Kommo-o|Protect
|move|p2b: Sneasler|Dire Claw|p1a: Ninetales
|-supereffective|p1a: Ninetales
|-damage|p1a: Ninetales|0 fnt
|faint|p1a: Ninetales
|
|-weather|Sandstorm|[upkeep]
|-damage|p2b: Sneasler|16/100|[from] Sandstorm
|upkeep
|turn|7
|-message|WashYoButt forfeited.
|
|win|Karlye
|raw|WashYoButt's rating: 1156 → 1132(-24 for losing)
|raw|Karlye's rating: 1166 → 1190(+24 for winning)
