|j|☆fsucia
|j|☆glitchy_potat
|html|fsuciaglitchy_potat    
|uhtml|bestof|Game 3 of a best-of-3
|t:|1755564647
|gametype|doubles
|player|p1|fsucia|102|1287
|player|p2|glitchy_potat|fantina|1336
|gen|9
|tier|[Gen 9] VGC 2025 Reg H (Bo3)
|rated|
|rule|Species Clause: Limit one of each Pokémon
|rule|Item Clause: Limit 1 of each item
|clearpoke
|poke|p1|Primarina, L50, F|
|poke|p1|Garchomp, L50, M|
|poke|p1|Gholdengo, L50|
|poke|p1|Talonflame, L50, M|
|poke|p1|Tyranitar, L50, F|
|poke|p1|Amoonguss, L50, M|
|poke|p2|Kingambit, L50, F|
|poke|p2|Sneasler, L50, F|
|poke|p2|Electabuzz, L50, F|
|poke|p2|Dragonite, L50, F|
|poke|p2|Rillaboom, L50, M|
|poke|p2|Volcarona, L50, F|
|teampreview|4
|showteam|p1|Primarina||ThroatSpray|LiquidVoice|Haze,Moonblast,Protect,HyperVoice|||F|||50|,,,,,Steel]Garchomp||LifeOrb|SandVeil|Protect,Earthquake,StompingTantrum,DragonClaw|||M|||50|,,,,,Fire]Gholdengo||MetalCoat|GoodasGold|Protect,NastyPlot,ShadowBall,MakeItRain||||||50|,,,,,Flying]Talonflame||CovertCloak|GaleWings|BraveBird,Tailwind,WillOWisp,Taunt|||M|||50|,,,,,Flying]Tyranitar||AssaultVest|SandStream|KnockOff,TeraBlast,LowKick,RockSlide|||F|||50|,,,,,Flying]Amoonguss||SitrusBerry|Regenerator|RagePowder,Spore,PollenPuff,Protect|||M|||50|,,,,,Water
|showteam|p2|Kingambit||BlackGlasses|Defiant|KowtowCleave,SuckerPunch,SwordsDance,Protect|||F|||50|,,,,,Flying]Sneasler||FocusSash|Unburden|DireClaw,CloseCombat,Coaching,Protect|||F|||50|,,,,,Stellar]Electabuzz||Eviolite|VitalSpirit|Electroweb,Taunt,FollowMe,Protect|||F|||50|,,,,,Ghost]Dragonite||LoadedDice|Multiscale|ScaleShot,Tailwind,ExtremeSpeed,Protect|||F|||50|,,,,,Fairy]Rillaboom||AssaultVest|GrassySurge|WoodHammer,GrassyGlide,Uturn,FakeOut|||M|||50|,,,,,Fire]Volcarona||CovertCloak|FlameBody|QuiverDance,HeatWave,TeraBlast,Protect|||F|||50|,,,,,Fairy
|inactive|Battle timer is ON: inactive players will automatically lose when time's up. (requested by glitchy_potat)
|
|t:|1755564687
|teamsize|p1|4
|teamsize|p2|4
|start
|switch|p1a: Garchomp|Garchomp, L50, M|100/100
|switch|p1b: Tyranitar|Tyranitar, L50, F|100/100
|switch|p2a: Rillaboom|Rillaboom, L50, M|100/100
|switch|p2b: Volcarona|Volcarona, L50, F|100/100
|-fieldstart|move: Grassy Terrain|[from] ability: Grassy Surge|[of] p2a: Rillaboom
|-weather|Sandstorm|[from] ability: Sand Stream|[of] p1b: Tyranitar
|turn|1
|
|t:|1755564707
|-terastallize|p1b: Tyranitar|Flying
|move|p2a: Rillaboom|Fake Out|p1b: Tyranitar
|-damage|p1b: Tyranitar|88/100
|move|p1a: Garchomp|Dragon Claw|p2b: Volcarona
|-damage|p2b: Volcarona|40/100
|-damage|p1a: Garchomp|91/100|[from] item: Life Orb
|move|p2b: Volcarona|Quiver Dance|p2b: Volcarona
|-boost|p2b: Volcarona|spa|1
|-boost|p2b: Volcarona|spd|1
|-boost|p2b: Volcarona|spe|1
|cant|p1b: Tyranitar|flinch
|
|-weather|Sandstorm|[upkeep]
|-damage|p2b: Volcarona|33/100|[from] Sandstorm
|-damage|p1b: Tyranitar|82/100|[from] Sandstorm
|-damage|p2a: Rillaboom|95/100|[from] Sandstorm
|-heal|p2b: Volcarona|40/100|[from] Grassy Terrain
|-heal|p1a: Garchomp|97/100|[from] Grassy Terrain
|-heal|p2a: Rillaboom|100/100|[from] Grassy Terrain
|upkeep
|turn|2
|
|t:|1755564732
|move|p2b: Volcarona|Protect|p2b: Volcarona
|-singleturn|p2b: Volcarona|Protect
|move|p1a: Garchomp|Dragon Claw|p2a: Rillaboom
|-damage|p2a: Rillaboom|47/100
|-damage|p1a: Garchomp|87/100|[from] item: Life Orb
|move|p2a: Rillaboom|Wood Hammer|p1b: Tyranitar
|-resisted|p1b: Tyranitar
|-damage|p1b: Tyranitar|48/100
|-damage|p2a: Rillaboom|37/100|[from] Recoil
|move|p1b: Tyranitar|Rock Slide|p2b: Volcarona|[spread] p2a
|-activate|p2b: Volcarona|move: Protect
|-damage|p2a: Rillaboom|10/100
|
|-weather|Sandstorm|[upkeep]
|-damage|p2b: Volcarona|33/100|[from] Sandstorm
|-damage|p1b: Tyranitar|43/100|[from] Sandstorm
|-damage|p2a: Rillaboom|4/100|[from] Sandstorm
|-heal|p2b: Volcarona|40/100|[from] Grassy Terrain
|-heal|p1a: Garchomp|93/100|[from] Grassy Terrain
|-heal|p2a: Rillaboom|10/100|[from] Grassy Terrain
|upkeep
|turn|3
|inactive|glitchy_potat has 30 seconds left.
|inactive|glitchy_potat has 20 seconds left.
|inactive|glitchy_potat has 15 seconds left.
|
|t:|1755564773
|switch|p2a: Kingambit|Kingambit, L50, F|100/100
|-terastallize|p2b: Volcarona|Fairy
|move|p2b: Volcarona|Tera Blast|p1b: Tyranitar|[anim] Tera Blast Fairy
|-damage|p1b: Tyranitar|1/100
|move|p1a: Garchomp|Dragon Claw|p2a: Kingambit
|-resisted|p2a: Kingambit
|-damage|p2a: Kingambit|82/100
|-damage|p1a: Garchomp|83/100|[from] item: Life Orb
|move|p1b: Tyranitar|Tera Blast|p2b: Volcarona|[anim] Tera Blast Flying
|-damage|p2b: Volcarona|0 fnt
|faint|p2b: Volcarona
|
|-weather|Sandstorm|[upkeep]
|-damage|p1b: Tyranitar|0 fnt|[from] Sandstorm
|faint|p1b: Tyranitar
|-heal|p1a: Garchomp|89/100|[from] Grassy Terrain
|-heal|p2a: Kingambit|87/100|[from] Grassy Terrain
|upkeep
|
|t:|1755564794
|switch|p2b: Rillaboom|Rillaboom, L50, M|10/100
|switch|p1b: Amoonguss|Amoonguss, L50, M|100/100
|turn|4
|inactive|glitchy_potat has 30 seconds left.
|inactive|glitchy_potat has 20 seconds left.
|
|t:|1755564832
|move|p2b: Rillaboom|Grassy Glide|p1a: Garchomp
|-damage|p1a: Garchomp|50/100
|move|p2a: Kingambit|Sucker Punch|p1a: Garchomp
|-damage|p1a: Garchomp|0 fnt
|faint|p1a: Garchomp
|move|p1b: Amoonguss|Pollen Puff|p2b: Rillaboom
|-supereffective|p2b: Rillaboom
|-damage|p2b: Rillaboom|0 fnt
|faint|p2b: Rillaboom
|
|-weather|Sandstorm|[upkeep]
|-damage|p1b: Amoonguss|95/100|[from] Sandstorm
|-heal|p2a: Kingambit|93/100|[from] Grassy Terrain
|-heal|p1b: Amoonguss|100/100|[from] Grassy Terrain
|upkeep
|
|t:|1755564841
|switch|p1a: Primarina|Primarina, L50, F|100/100
|switch|p2b: Sneasler|Sneasler, L50, F|100/100
|turn|5
|
|t:|1755564858
|move|p1a: Primarina|Protect|p1a: Primarina
|-singleturn|p1a: Primarina|Protect
|move|p2b: Sneasler|Coaching|p2a: Kingambit
|-boost|p2a: Kingambit|atk|1
|-boost|p2a: Kingambit|def|1
|move|p2a: Kingambit|Kowtow Cleave|p1b: Amoonguss
|-damage|p1b: Amoonguss|25/100
|-enditem|p1b: Amoonguss|Sitrus Berry|[eat]
|-heal|p1b: Amoonguss|50/100|[from] item: Sitrus Berry
|move|p1b: Amoonguss|Spore|p2a: Kingambit
|-status|p2a: Kingambit|slp|[from] move: Spore
|
|-weather|none
|-heal|p2a: Kingambit|99/100 slp|[from] Grassy Terrain
|-heal|p1b: Amoonguss|56/100|[from] Grassy Terrain
|-fieldend|move: Grassy Terrain
|upkeep
|turn|6
|
|t:|1755564879
|move|p1b: Amoonguss|Rage Powder|p1b: Amoonguss
|-singleturn|p1b: Amoonguss|move: Rage Powder
|move|p2b: Sneasler|Dire Claw|p1b: Amoonguss
|-damage|p1b: Amoonguss|20/100
|move|p1a: Primarina|Hyper Voice|p2a: Kingambit|[spread] p2a,p2b
|-crit|p2b: Sneasler
|-damage|p2a: Kingambit|67/100 slp
|-damage|p2b: Sneasler|32/100
|-enditem|p1a: Primarina|Throat Spray
|-boost|p1a: Primarina|spa|1|[from] item: Throat Spray
|cant|p2a: Kingambit|slp
|
|upkeep
|turn|7
|
|t:|1755564891
|move|p1b: Amoonguss|Rage Powder|p1b: Amoonguss
|-singleturn|p1b: Amoonguss|move: Rage Powder
|move|p2b: Sneasler|Dire Claw|p1b: Amoonguss
|-damage|p1b: Amoonguss|0 fnt
|faint|p1b: Amoonguss
|move|p1a: Primarina|Hyper Voice|p2b: Sneasler|[spread] p2a,p2b
|-damage|p2a: Kingambit|15/100 slp
|-damage|p2b: Sneasler|0 fnt
|faint|p2b: Sneasler
|cant|p2a: Kingambit|slp
|
|upkeep
|turn|8
|
|t:|1755564902
|-curestatus|p2a: Kingambit|slp|[msg]
|move|p2a: Kingambit|Sucker Punch|p1a: Primarina
|-resisted|p1a: Primarina
|-damage|p1a: Primarina|56/100
|move|p1a: Primarina|Hyper Voice|p2a: Kingambit
|-damage|p2a: Kingambit|0 fnt
|faint|p2a: Kingambit
|
|win|fsucia
|raw|fsucia's rating: 1287 → 1316(+29 for winning)
|raw|glitchy_potat's rating: 1336 → 1313(-23 for losing)
