|j|☆LooDeecolo
|j|☆wowiekazowee
|html|LooDeecolowowiekazowee    
|uhtml|bestof|Game 3 of a best-of-3
|t:|1756152039
|gametype|doubles
|player|p1|LooDeecolo|169|1051
|player|p2|wowiekazowee|idol|1025
|gen|9
|tier|[Gen 9] VGC 2025 Reg H (Bo3)
|rated|
|rule|Species Clause: Limit one of each Pokémon
|rule|Item Clause: Limit 1 of each item
|clearpoke
|poke|p1|Archaludon, L50, F|
|poke|p1|Pelipper, L50, F|
|poke|p1|Incineroar, L50, F|
|poke|p1|Amoonguss, L50, F|
|poke|p1|Basculegion, L50, M|
|poke|p1|Garchomp, L50, M|
|poke|p2|Pelipper, L50, F|
|poke|p2|Basculegion, L50, M|
|poke|p2|Archaludon, L50, F|
|poke|p2|Incineroar, L50, M|
|poke|p2|Sinistcha, L50|
|poke|p2|Ursaluna, L50, F|
|teampreview|4
|showteam|p1|Archaludon||AssaultVest|Stamina|DragonPulse,ElectroShot,BodyPress,Snarl|||F|||50|,,,,,Fighting]Pelipper||FocusSash|Drizzle|WeatherBall,Hurricane,Tailwind,Protect|||F|||50|,,,,,Water]Incineroar||SafetyGoggles|Intimidate|FakeOut,KnockOff,PartingShot,HelpingHand|||F|||50|,,,,,Fire]Amoonguss||CovertCloak|Regenerator|Spore,RagePowder,SludgeBomb,Protect|||F|||50|,,,,,Grass]Basculegion||ChoiceBand|SwiftSwim|AquaJet,FlipTurn,LastRespects,WaveCrash|||M|||50|,,,,,Water]Garchomp||LifeOrb|RoughSkin|Earthquake,RockSlide,Protect,DragonClaw|||M|||50|,,,,,Steel
|showteam|p2|Pelipper||FocusSash|Drizzle|Hurricane,WeatherBall,Tailwind,WideGuard|||F|||50|,,,,,Ghost]Basculegion||MysticWater|SwiftSwim|Protect,WaveCrash,AquaJet,LastRespects|||M|||50|,,,,,Water]Archaludon||AssaultVest|Stamina|ElectroShot,DragonPulse,FlashCannon,BodyPress|||F|||50|,,,,,Grass]Incineroar||SafetyGoggles|Intimidate|FakeOut,FlareBlitz,KnockOff,PartingShot|||M|||50|,,,,,Water]Sinistcha||SitrusBerry|Hospitality|MatchaGotcha,LifeDew,RagePowder,TrickRoom||||||50|,,,,,Water]Ursaluna||FlameOrb|Guts|Facade,HeadlongRush,SwordsDance,Protect|||F|||50|,,,,,Ghost
|inactive|Battle timer is ON: inactive players will automatically lose when time's up. (requested by LooDeecolo)
|
|t:|1756152062
|teamsize|p1|4
|teamsize|p2|4
|start
|switch|p1a: Archaludon|Archaludon, L50, F|100/100
|switch|p1b: Amoonguss|Amoonguss, L50, F|100/100
|switch|p2a: Sinistcha|Sinistcha, L50|100/100
|switch|p2b: Ursaluna|Ursaluna, L50, F|100/100
|turn|1
|inactive|LooDeecolo has 30 seconds left.
|inactive|LooDeecolo has 20 seconds left.
|inactive|LooDeecolo has 15 seconds left.
|inactive|LooDeecolo has 10 seconds left.
|
|t:|1756152110
|-terastallize|p1a: Archaludon|Fighting
|move|p2b: Ursaluna|Protect|p2b: Ursaluna
|-singleturn|p2b: Ursaluna|Protect
|move|p1a: Archaludon|Dragon Pulse|p2a: Sinistcha
|-damage|p2a: Sinistcha|56/100
|move|p1b: Amoonguss|Sludge Bomb|p2a: Sinistcha
|-damage|p2a: Sinistcha|25/100
|-enditem|p2a: Sinistcha|Sitrus Berry|[eat]
|-heal|p2a: Sinistcha|50/100|[from] item: Sitrus Berry
|move|p2a: Sinistcha|Trick Room|p2a: Sinistcha
|-fieldstart|move: Trick Room|[of] p2a: Sinistcha
|
|-status|p2b: Ursaluna|brn|[from] item: Flame Orb
|upkeep
|turn|2
|inactive|LooDeecolo has 30 seconds left.
|inactive|wowiekazowee has 30 seconds left.
|inactive|LooDeecolo has 20 seconds left.
|inactive|LooDeecolo has 15 seconds left.
|inactive|wowiekazowee has 20 seconds left.
|inactive|LooDeecolo has 10 seconds left.
|inactive|wowiekazowee has 15 seconds left.
|inactive|LooDeecolo has 5 seconds left.
|inactive|wowiekazowee has 10 seconds left.
|inactive|wowiekazowee has 5 seconds left.
|
|t:|1756152169
|switch|p1a: Incineroar|Incineroar, L50, F|100/100
|-ability|p1a: Incineroar|Intimidate|boost
|-unboost|p2a: Sinistcha|atk|1
|-unboost|p2b: Ursaluna|atk|1
|-terastallize|p2b: Ursaluna|Ghost
|move|p1b: Amoonguss|Rage Powder|p1b: Amoonguss
|-singleturn|p1b: Amoonguss|move: Rage Powder
|move|p2b: Ursaluna|Facade|p1b: Amoonguss
|-crit|p1b: Amoonguss
|-damage|p1b: Amoonguss|0 fnt
|faint|p1b: Amoonguss
|move|p2a: Sinistcha|Life Dew||[still]|[spread] p2a,p2b
|-heal|p2a: Sinistcha|75/100
|-fail|p2b: Ursaluna|heal
|
|-damage|p2b: Ursaluna|95/100 brn|[from] brn
|upkeep
|
|t:|1756152185
|switch|p1b: Garchomp|Garchomp, L50, M, shiny|100/100
|turn|3
|
|t:|1756152198
|move|p1b: Garchomp|Protect|p1b: Garchomp
|-singleturn|p1b: Garchomp|Protect
|move|p2b: Ursaluna|Headlong Rush|p1a: Incineroar
|-supereffective|p1a: Incineroar
|-damage|p1a: Incineroar|0 fnt
|-unboost|p2b: Ursaluna|def|1
|-unboost|p2b: Ursaluna|spd|1
|faint|p1a: Incineroar
|move|p2a: Sinistcha|Matcha Gotcha|p1b: Garchomp
|-activate|p1b: Garchomp|move: Protect
|
|-damage|p2b: Ursaluna|89/100 brn|[from] brn
|upkeep
|
|t:|1756152205
|switch|p1a: Archaludon|Archaludon, L50, F, tera:Fighting|100/100
|turn|4
|
|t:|1756152227
|move|p2a: Sinistcha|Rage Powder|p2a: Sinistcha
|-singleturn|p2a: Sinistcha|move: Rage Powder
|move|p2b: Ursaluna|Facade|p1a: Archaludon
|-damage|p1a: Archaludon|33/100
|-ability|p1a: Archaludon|Stamina|boost
|-boost|p1a: Archaludon|def|1
|move|p1a: Archaludon|Dragon Pulse|p2a: Sinistcha
|-damage|p2a: Sinistcha|25/100
|move|p1b: Garchomp|Earthquake|p2b: Ursaluna|[spread] p1a,p2a,p2b
|-resisted|p2a: Sinistcha
|-damage|p1a: Archaludon|2/100
|-damage|p2a: Sinistcha|3/100
|-damage|p2b: Ursaluna|30/100 brn
|-ability|p1a: Archaludon|Stamina|boost
|-boost|p1a: Archaludon|def|1
|-damage|p1b: Garchomp|91/100|[from] item: Life Orb
|
|-damage|p2b: Ursaluna|25/100 brn|[from] brn
|upkeep
|turn|5
|
|t:|1756152248
|move|p2b: Ursaluna|Facade|p1b: Garchomp
|-damage|p1b: Garchomp|7/100
|-damage|p2b: Ursaluna|12/100 brn|[from] ability: Rough Skin|[of] p1b: Garchomp
|move|p2a: Sinistcha|Life Dew|p2a: Sinistcha|[spread] p2a,p2b
|-heal|p2a: Sinistcha|28/100
|-heal|p2b: Ursaluna|37/100 brn
|move|p1a: Archaludon|Snarl|p2b: Ursaluna|[spread] p2a,p2b
|-supereffective|p2a: Sinistcha
|-supereffective|p2b: Ursaluna
|-damage|p2a: Sinistcha|0 fnt
|-damage|p2b: Ursaluna|0 fnt
|faint|p2a: Sinistcha
|faint|p2b: Ursaluna
|move|p1b: Garchomp|Earthquake|p1a: Archaludon
|-damage|p1a: Archaludon|0 fnt
|faint|p1a: Archaludon
|-damage|p1b: Garchomp|0 fnt|[from] item: Life Orb
|faint|p1b: Garchomp
|
|win|wowiekazowee
|raw|LooDeecolo's rating: 1051 → 1032(-19 for losing)
|raw|wowiekazowee's rating: 1025 → 1064(+39 for winning)
|l|☆LooDeecolo
|player|p1|
