|j|☆gingembre230197
|j|☆Rinirin
|html|gingembre230197Rinirin    
|uhtml|bestof|Game 1 of a best-of-3
|t:|1785507976
|gametype|doubles
|player|p1|gingembre230197|266|1189
|player|p2|Rinirin|lacey|1336
|gen|9
|tier|[Gen 9 Champions] VGC 2026 Reg M-B (Bo3)
|rated|
|rule|Species Clause: Limit one of each Pokémon
|rule|Item Clause: Limit 1 of each item
|clearpoke
|poke|p1|Charizard, L50, F, shiny|
|poke|p1|Toxapex, L50, F, shiny|
|poke|p1|Incineroar, L50, F, shiny|
|poke|p1|Whimsicott, L50, M, shiny|
|poke|p1|Basculegion, L50, M, shiny|
|poke|p1|Garchomp, L50, M, shiny|
|poke|p2|Staraptor, L50, M|
|poke|p2|Milotic, L50, F|
|poke|p2|Tyranitar, L50, M|
|poke|p2|Gholdengo, L50|
|poke|p2|Excadrill, L50, M|
|poke|p2|Sinistcha, L50|
|teampreview|4
|showteam|p1|Charizard||CharizarditeY|Blaze|Protect,SolarBeam,HeatWave,WeatherBall|Timid||F|||50|]Toxapex||Leftovers|Regenerator|Toxic,BanefulBunker,Infestation,WideGuard|Calm||F|||50|]Incineroar||SitrusBerry|Intimidate|FakeOut,DarkestLariat,PartingShot,FlareBlitz|Careful||F|||50|]Whimsicott||FocusSash|Prankster|Tailwind,Encore,Moonblast,HelpingHand|Timid||M|||50|]Basculegion||ChoiceScarf|Adaptability|AquaJet,WaveCrash,FlipTurn,LastRespects|Adamant||M|||50|]Garchomp||Garchompite|RoughSkin|DragonClaw,Earthquake,RockSlide,Protect|Jolly||M|||50|
|showteam|p2|Staraptor||Staraptite|Intimidate|BraveBird,CloseCombat,Tailwind,Protect|Jolly||M|||50|]Milotic||SitrusBerry|Competitive|Scald,IceBeam,IcyWind,Recover|Modest||F|||50|]Tyranitar||Tyranitarite|SandStream|RockSlide,KnockOff,LowKick,Protect|Adamant||M|||50|]Gholdengo||LifeOrb|GoodasGold|ShadowBall,MakeItRain,NastyPlot,Protect|Modest|||||50|]Excadrill||FocusSash|SandRush|HighHorsepower,IronHead,RockSlide,Protect|Adamant||M|||50|]Sinistcha||ColburBerry|Hospitality|MatchaGotcha,RagePowder,TrickRoom,Protect|Bold|||||50|
|
|t:|1785508005
|teamsize|p1|4
|teamsize|p2|4
|start
|switch|p1a: cancer|Incineroar, L50, F, shiny|100/100
|switch|p1b: too fast|Whimsicott, L50, M, shiny|100/100
|switch|p2a: Staraptor|Staraptor, L50, M|100/100
|switch|p2b: Milotic|Milotic, L50, F|100/100
|-ability|p2a: Staraptor|Intimidate|boost
|-unboost|p1a: cancer|atk|1
|-unboost|p1b: too fast|atk|1
|-ability|p1a: cancer|Intimidate|boost
|-unboost|p2a: Staraptor|atk|1
|-unboost|p2b: Milotic|atk|1
|-ability|p2b: Milotic|Competitive|boost
|-boost|p2b: Milotic|spa|2
|turn|1
|
|t:|1785508028
|move|p1a: cancer|Fake Out|p2b: Milotic
|-damage|p2b: Milotic|93/100
|move|p1b: too fast|Tailwind|p1b: too fast
|-sidestart|p1: gingembre230197|move: Tailwind
|move|p2a: Staraptor|Brave Bird|p1b: too fast
|-supereffective|p1b: too fast|1
|-damage|p1b: too fast|3/100
|-damage|p2a: Staraptor|75/100|[from] Recoil
|cant|p2b: Milotic|flinch
|
|upkeep
|turn|2
|
|t:|1785508053
|switch|p1b: Toxapex|Toxapex, L50, F, shiny|100/100
|move|p2a: Staraptor|Protect|p2a: Staraptor
|-singleturn|p2a: Staraptor|Protect
|move|p1a: cancer|Darkest Lariat|p2b: Milotic
|-damage|p2b: Milotic|70/100
|move|p2b: Milotic|Icy Wind|p1b: Toxapex|[spread] p1a,p1b
|-resisted|p1a: cancer|1
|-resisted|p1b: Toxapex|1
|-damage|p1a: cancer|91/100
|-damage|p1b: Toxapex|92/100
|-unboost|p1a: cancer|spe|1
|-unboost|p1b: Toxapex|spe|1
|
|-heal|p1b: Toxapex|97/100|[from] item: Leftovers
|upkeep
|turn|3
|inactive|Battle timer is ON: inactive players will automatically lose when time's up. (requested by Rinirin)
|
|t:|1785508087
|switch|p2a: Gholdengo|Gholdengo, L50|100/100
|move|p1b: Toxapex|Baneful Bunker|p1b: Toxapex
|-singleturn|p1b: Toxapex|move: Protect
|move|p2b: Milotic|Scald|p1a: cancer
|-supereffective|p1a: cancer|1
|-damage|p1a: cancer|0 fnt
|faint|p1a: cancer
|
|-heal|p1b: Toxapex|100/100|[from] item: Leftovers
|upkeep
|
|t:|1785508099
|switch|p1a: dragalis|Charizard, L50, F, shiny|100/100
|turn|4
|
|t:|1785508112
|detailschange|p1a: dragalis|Charizard-Mega-Y, L50, F, shiny
|-mega|p1a: dragalis|Charizard|Charizardite Y
|-weather|SunnyDay|[from] ability: Drought|[of] p1a: dragalis
|move|p2a: Gholdengo|Protect|p2a: Gholdengo
|-singleturn|p2a: Gholdengo|Protect
|move|p1a: dragalis|Solar Beam||[still]
|-prepare|p1a: dragalis|Solar Beam
|-anim|p1a: dragalis|Solar Beam|p2b: Milotic
|-supereffective|p2b: Milotic|1
|-damage|p2b: Milotic|0 fnt
|faint|p2b: Milotic
|move|p1b: Toxapex|Infestation|p2a: Gholdengo
|-activate|p2a: Gholdengo|move: Protect
|
|-weather|SunnyDay|[upkeep]
|-sideend|p1: gingembre230197|move: Tailwind
|upkeep
|
|t:|1785508126
|switch|p2b: Tyranitar|Tyranitar, L50, M|100/100
|-weather|Sandstorm|[from] ability: Sand Stream|[of] p2b: Tyranitar
|turn|5
|
|t:|1785508145
|switch|p1a: too fast|Whimsicott, L50, M, shiny|3/100
|switch|p2a: Staraptor|Staraptor, L50, M|75/100
|-ability|p2a: Staraptor|Intimidate|boost
|-unboost|p1a: too fast|atk|1
|-unboost|p1b: Toxapex|atk|1
|move|p2b: Tyranitar|Knock Off|p1b: Toxapex
|-crit|p1b: Toxapex
|-damage|p1b: Toxapex|30/100
|-enditem|p1b: Toxapex|Leftovers|[from] move: Knock Off|[of] p2b: Tyranitar
|move|p1b: Toxapex|Toxic|p2b: Tyranitar
|-status|p2b: Tyranitar|tox
|
|-weather|Sandstorm|[upkeep]
|-damage|p1a: too fast|0 fnt|[from] Sandstorm
|-damage|p2a: Staraptor|69/100|[from] Sandstorm
|-damage|p1b: Toxapex|25/100|[from] Sandstorm
|faint|p1a: too fast
|-damage|p2b: Tyranitar|93/100 tox|[from] psn
|upkeep
|
|t:|1785508163
|switch|p1a: dragalis|Charizard-Mega-Y, L50, F, shiny|100/100
|-weather|SunnyDay|[from] ability: Drought|[of] p1a: dragalis
|turn|6
|
|t:|1785508172
|switch|p2b: Gholdengo|Gholdengo, L50|100/100
|move|p2a: Staraptor|Protect|p2a: Staraptor
|-singleturn|p2a: Staraptor|Protect
|move|p1b: Toxapex|Baneful Bunker|p1b: Toxapex
|-singleturn|p1b: Toxapex|move: Protect
|move|p1a: dragalis|Solar Beam||[still]
|-prepare|p1a: dragalis|Solar Beam
|-anim|p1a: dragalis|Solar Beam|p2b: Gholdengo
|-resisted|p2b: Gholdengo|1
|-damage|p2b: Gholdengo|74/100
|
|-weather|SunnyDay|[upkeep]
|upkeep
|turn|7
|
|t:|1785508194
|detailschange|p2a: Staraptor|Staraptor-Mega, L50, M
|-mega|p2a: Staraptor|Staraptor|Staraptite
|move|p1b: Toxapex|Baneful Bunker||[still]
|-fail|p1b: Toxapex
|move|p2a: Staraptor|Tailwind|p2a: Staraptor
|-sidestart|p2: Rinirin|move: Tailwind
|move|p2b: Gholdengo|Shadow Ball|p1b: Toxapex
|-damage|p1b: Toxapex|0 fnt
|faint|p1b: Toxapex
|-damage|p2b: Gholdengo|65/100|[from] item: Life Orb
|move|p1a: dragalis|Heat Wave|p2a: Staraptor|[spread] p2a,p2b
|-supereffective|p2b: Gholdengo|1
|-damage|p2a: Staraptor|2/100
|-damage|p2b: Gholdengo|0 fnt
|faint|p2b: Gholdengo
|
|-weather|SunnyDay|[upkeep]
|upkeep
|
|t:|1785508215
|switch|p2b: Tyranitar|Tyranitar, L50, M|93/100 tox
|-weather|Sandstorm|[from] ability: Sand Stream|[of] p2b: Tyranitar
|turn|8
|
|t:|1785508225
|move|p1a: dragalis|Protect|p1a: dragalis
|-singleturn|p1a: dragalis|Protect
|move|p2a: Staraptor|Tailwind||[still]
|-fail|p2a: Staraptor
|move|p2b: Tyranitar|Rock Slide|p1a: dragalis
|-activate|p1a: dragalis|move: Protect
|
|-weather|Sandstorm|[upkeep]
|-damage|p2a: Staraptor|0 fnt|[from] Sandstorm
|-damage|p1a: dragalis|94/100|[from] Sandstorm
|faint|p2a: Staraptor
|-damage|p2b: Tyranitar|87/100 tox|[from] psn
|upkeep
|turn|9
|
|t:|1785508243
|move|p2b: Tyranitar|Rock Slide|p1a: dragalis
|-supereffective|p1a: dragalis|2
|-damage|p1a: dragalis|0 fnt
|faint|p1a: dragalis
|
|win|Rinirin
||Rinirin is ready for game 2.
||gingembre230197 is ready for game 2.
|uhtml|next|Next: Game 2 of 3
|l|☆gingembre230197
|player|p1|
