|j|☆josius111
|j|☆GS Barnabe
|html|josius111GS Barnabe    
|uhtml|bestof|Game 1 of a best-of-3
|t:|1785942248
|gametype|doubles
|player|p1|josius111|266|1049
|player|p2|GS Barnabe|1|1127
|gen|9
|tier|[Gen 9 Champions] VGC 2026 Reg M-B (Bo3)
|rated|
|rule|Species Clause: Limit one of each Pokémon
|rule|Item Clause: Limit 1 of each item
|clearpoke
|poke|p1|Typhlosion-Hisui, L50, F|
|poke|p1|Sneasler, L50, M|
|poke|p1|Tsareena, L50, F|
|poke|p1|Aerodactyl, L50, F|
|poke|p1|Blastoise, L50, M|
|poke|p1|Excadrill, L50, F|
|poke|p2|Clefable, L50, M|
|poke|p2|Tyranitar, L50, F|
|poke|p2|Garchomp, L50, F|
|poke|p2|Gholdengo, L50|
|poke|p2|Rotom-Wash, L50|
|poke|p2|Aerodactyl, L50, M|
|teampreview|4
|showteam|p1|Typhlosion-Hisui||ChoiceScarf|Frisk|HeatWave,ShadowBall,Overheat,Eruption|Timid||F|||50|]Sneasler||WhiteHerb|Unburden|Coaching,CloseCombat,FakeOut,DireClaw|Adamant||M|||50|]Tsareena||MiracleSeed|QueenlyMajesty|Protect,TropKick,LowKick,TripleAxel|Adamant||F|||50|]Aerodactyl||FocusSash|Unnerve|Protect,RockSlide,Tailwind,DualWingbeat|Jolly||F|||50|]Blastoise||Blastoisinite|RainDish|Protect,DarkPulse,WaterSpout,AuraSphere|Modest||M|||50|]Excadrill||Excadrite|MoldBreaker|Protect,IronHead,RockSlide,HighHorsepower|Jolly||F|||50|
|showteam|p2|Clefable||SitrusBerry|Unaware|Moonblast,FollowMe,HealPulse,Protect|Bold||M|||50|]Tyranitar||ChoiceScarf|SandStream|RockSlide,KnockOff,IcePunch,Superpower|Jolly||F|||50|]Garchomp||Garchompite|SandVeil|DracoMeteor,EarthPower,PowerGem,Protect|Modest||F|||50|]Gholdengo||LifeOrb|GoodasGold|MakeItRain,ShadowBall,NastyPlot,Protect|Modest|||||50|]Rotom-Wash||Leftovers|Levitate|HydroPump,VoltSwitch,WillOWisp,Protect|Calm|||||50|]Aerodactyl||Aerodactylite|RockHead|RockSlide,DualWingbeat,Tailwind,Protect|Jolly||M|||50|
|
|t:|1785942325
|teamsize|p1|4
|teamsize|p2|4
|start
|switch|p1a: Blastoise|Blastoise, L50, M|100/100
|switch|p1b: Aerodactyl|Aerodactyl, L50, F|100/100
|switch|p2a: Aerodactyl|Aerodactyl, L50, M|100/100
|switch|p2b: Tyranitar|Tyranitar, L50, F|100/100
|-ability|p1b: Aerodactyl|Unnerve
|-weather|Sandstorm|[from] ability: Sand Stream|[of] p2b: Tyranitar
|turn|1
|
|t:|1785942356
|switch|p2b: Gholdengo|Gholdengo, L50|100/100
|detailschange|p2a: Aerodactyl|Aerodactyl-Mega, L50, M
|-mega|p2a: Aerodactyl|Aerodactyl|Aerodactylite
|detailschange|p1a: Blastoise|Blastoise-Mega, L50, M
|-mega|p1a: Blastoise|Blastoise|Blastoisinite
|move|p2a: Aerodactyl|Tailwind|p2a: Aerodactyl
|-sidestart|p2: GS Barnabe|move: Tailwind
|move|p1b: Aerodactyl|Tailwind|p1b: Aerodactyl
|-sidestart|p1: josius111|move: Tailwind
|move|p1a: Blastoise|Water Spout|p2b: Gholdengo|[spread] p2a,p2b
|-supereffective|p2a: Aerodactyl|1
|-damage|p2a: Aerodactyl|1/100
|-damage|p2b: Gholdengo|31/100
|
|-weather|Sandstorm|[upkeep]
|-damage|p1a: Blastoise|94/100|[from] Sandstorm
|upkeep
|turn|2
|
|t:|1785942386
|move|p1b: Aerodactyl|Protect|p1b: Aerodactyl
|-singleturn|p1b: Aerodactyl|Protect
|move|p2a: Aerodactyl|Rock Slide|p1a: Blastoise|[spread] p1a
|-activate|p1b: Aerodactyl|move: Protect
|-damage|p1a: Blastoise|71/100
|move|p2b: Gholdengo|Make It Rain|p1a: Blastoise|[spread] p1a
|-activate|p1b: Aerodactyl|move: Protect
|-resisted|p1a: Blastoise|1
|-damage|p1a: Blastoise|48/100
|-unboost|p2b: Gholdengo|spa|2
|-damage|p2b: Gholdengo|22/100|[from] item: Life Orb
|move|p1a: Blastoise|Water Spout|p2b: Gholdengo|[spread] p2a,p2b
|-supereffective|p2a: Aerodactyl|1
|-damage|p2a: Aerodactyl|0 fnt
|-damage|p2b: Gholdengo|0 fnt
|faint|p2a: Aerodactyl
|faint|p2b: Gholdengo
|
|-weather|Sandstorm|[upkeep]
|-damage|p1a: Blastoise|42/100|[from] Sandstorm
|upkeep
|
|t:|1785942408
|switch|p2a: Rotom|Rotom-Wash, L50|100/100
|switch|p2b: Tyranitar|Tyranitar, L50, F|100/100
|turn|3
|
|t:|1785942436
|switch|p1b: Sneasler|Sneasler, L50, M|100/100
|move|p2b: Tyranitar|Rock Slide|p1a: Blastoise|[spread] p1a,p1b
|-resisted|p1b: Sneasler|1
|-damage|p1a: Blastoise|19/100
|-damage|p1b: Sneasler|75/100
|move|p2a: Rotom|Volt Switch|p1a: Blastoise
|-supereffective|p1a: Blastoise|1
|-damage|p1a: Blastoise|0 fnt
|faint|p1a: Blastoise
|
|-weather|Sandstorm|[upkeep]
|-damage|p1b: Sneasler|69/100|[from] Sandstorm
|-damage|p2a: Rotom|94/100|[from] Sandstorm
|-heal|p2a: Rotom|100/100|[from] item: Leftovers
|upkeep
|
|t:|1785942438
|switch|p1a: Typhlosion|Typhlosion-Hisui, L50, F|100/100
|-item|p2a: Rotom|Leftovers|[from] ability: Frisk|[of] p1a: Typhlosion
|-item|p2b: Tyranitar|Choice Scarf|[from] ability: Frisk|[of] p1a: Typhlosion
|turn|4
|
|t:|1785942464
|move|p1a: Typhlosion|Shadow Ball|p2a: Rotom
|-damage|p2a: Rotom|66/100
|move|p2b: Tyranitar|Rock Slide|p1a: Typhlosion|[spread] p1a,p1b
|-supereffective|p1a: Typhlosion|1
|-resisted|p1b: Sneasler|1
|-damage|p1a: Typhlosion|7/100
|-damage|p1b: Sneasler|42/100
|cant|p1b: Sneasler|flinch
|move|p2a: Rotom|Will-O-Wisp|p1b: Sneasler
|-status|p1b: Sneasler|brn
|
|-weather|Sandstorm|[upkeep]
|-damage|p1a: Typhlosion|1/100|[from] Sandstorm
|-damage|p1b: Sneasler|36/100 brn|[from] Sandstorm
|-damage|p2a: Rotom|60/100|[from] Sandstorm
|-heal|p2a: Rotom|66/100|[from] item: Leftovers
|-damage|p1b: Sneasler|31/100 brn|[from] brn
|-sideend|p1: josius111|move: Tailwind
|-sideend|p2: GS Barnabe|move: Tailwind
|upkeep
|turn|5
|
|t:|1785942498
|move|p1a: Typhlosion|Shadow Ball|p2a: Rotom
|-crit|p2a: Rotom
|-damage|p2a: Rotom|8/100
|move|p2b: Tyranitar|Rock Slide|p1b: Sneasler|[spread] p1a,p1b
|-supereffective|p1a: Typhlosion|1
|-resisted|p1b: Sneasler|1
|-damage|p1a: Typhlosion|0 fnt
|-damage|p1b: Sneasler|6/100 brn
|faint|p1a: Typhlosion
|move|p1b: Sneasler|Close Combat|p2b: Tyranitar
|-supereffective|p2b: Tyranitar|2
|-damage|p2b: Tyranitar|0 fnt
|-unboost|p1b: Sneasler|def|1
|-unboost|p1b: Sneasler|spd|1
|faint|p2b: Tyranitar
|-enditem|p1b: Sneasler|White Herb
|-clearnegativeboost|p1b: Sneasler|[silent]
|move|p2a: Rotom|Hydro Pump|p1b: Sneasler
|-damage|p1b: Sneasler|0 fnt
|faint|p1b: Sneasler
|
|-weather|none
|-heal|p2a: Rotom|14/100|[from] item: Leftovers
|upkeep
|
|t:|1785942509
|switch|p1b: Aerodactyl|Aerodactyl, L50, F|100/100
|-ability|p1b: Aerodactyl|Unnerve
|turn|6
|
|t:|1785942522
|move|p1b: Aerodactyl|Dual Wingbeat|p2a: Rotom
|-resisted|p2a: Rotom|1
|-damage|p2a: Rotom|4/100
|-resisted|p2a: Rotom|1
|-damage|p2a: Rotom|0 fnt
|faint|p2a: Rotom
|-hitcount|p2: Rotom|2
|
|win|josius111
