|j|☆BVSelf
|j|☆gjjkjhjgg
|html|BVSelfgjjkjhjgg    
|uhtml|bestof|Game 1 of a best-of-3
|t:|1783243510
|gametype|doubles
|player|p1|BVSelf|juan|1306
|player|p2|gjjkjhjgg|101|1212
|gen|9
|tier|[Gen 9 Champions] VGC 2026 Reg M-B (Bo3)
|rated|
|rule|Species Clause: Limit one of each Pokémon
|rule|Item Clause: Limit 1 of each item
|clearpoke
|poke|p1|Torkoal, L50, F|
|poke|p1|Venusaur, L50, F|
|poke|p1|Farigiraf, L50, F|
|poke|p1|Scrafty, L50, M|
|poke|p1|Mamoswine, L50, M|
|poke|p1|Pyroar, L50, M|
|poke|p2|Staraptor, L50, F|
|poke|p2|Sinistcha-Masterpiece, L50|
|poke|p2|Grimmsnarl, L50, M|
|poke|p2|Pelipper, L50, M|
|poke|p2|Swampert, L50, M|
|poke|p2|Scizor, L50, F|
|teampreview|4
|showteam|p1|Torkoal||HeatRock|Drought|Eruption,WeatherBall,HelpingHand,Protect|Quiet||F|||50|]Venusaur||LifeOrb|Chlorophyll|EnergyBall,SludgeBomb,EarthPower,Protect|Modest||F|||50|]Farigiraf||SitrusBerry|ArmorTail|Psychic,Thunderbolt,TrickRoom,Protect|Quiet||F|||50|]Scrafty||Scraftinite|Intimidate|KnockOff,DrainPunch,IcePunch,FakeOut|Adamant||M|||50|]Mamoswine||FocusSash|Oblivious|HighHorsepower,RockSlide,IceShard,Protect|Adamant||M|||50|]Pyroar||Pyroarite|Unnerve|HeatWave,Overheat,Yawn,Protect|Timid||M|||50|
|showteam|p2|Staraptor||Staraptite|Intimidate|Protect,CloseCombat,Tailwind,BraveBird|Jolly||F|||50|]Sinistcha-Masterpiece||SitrusBerry|Hospitality|ShadowBall,RagePowder,MatchaGotcha,LifeDew|Calm|||||50|]Grimmsnarl||LightClay|Prankster|LightScreen,Reflect,PartingShot,FakeOut|Impish||M|||50|]Pelipper||FocusSash|Drizzle|WeatherBall,Hurricane,WideGuard,HelpingHand|Timid||M|||50|]Swampert||Swampertite|Damp|Protect,WaveCrash,Earthquake,IcePunch|Adamant||M|||50|]Scizor||LifeOrb|Technician|Protect,SwordsDance,BulletPunch,DualWingbeat|Adamant||F|||50|
|inactive|Battle timer is ON: inactive players will automatically lose when time's up. (requested by gjjkjhjgg)
|
|t:|1783243555
|teamsize|p1|4
|teamsize|p2|4
|start
|switch|p1a: Venusaur|Venusaur, L50, F|100/100
|switch|p1b: Scrafty|Scrafty, L50, M|100/100
|switch|p2a: Staraptor|Staraptor, L50, F|100/100
|switch|p2b: Grimmsnarl|Grimmsnarl, L50, M|100/100
|-ability|p2a: Staraptor|Intimidate|boost
|-unboost|p1a: Venusaur|atk|1
|-unboost|p1b: Scrafty|atk|1
|-ability|p1b: Scrafty|Intimidate|boost
|-unboost|p2a: Staraptor|atk|1
|-unboost|p2b: Grimmsnarl|atk|1
|turn|1
|
|t:|1783243576
|switch|p1b: Farigiraf|Farigiraf, L50, F|100/100
|detailschange|p2a: Staraptor|Staraptor-Mega, L50, F
|-mega|p2a: Staraptor|Staraptor|Staraptite
|move|p2b: Grimmsnarl|Fake Out||[still]
|cant|p1b: Farigiraf|ability: Armor Tail|Fake Out|[of] p2b: Grimmsnarl
|move|p2a: Staraptor|Close Combat|p1b: Farigiraf
|-damage|p1b: Farigiraf|61/100
|-boost|p2a: Staraptor|def|1
|-boost|p2a: Staraptor|spd|1
|move|p1a: Venusaur|Sludge Bomb|p2a: Staraptor
|-damage|p2a: Staraptor|51/100
|-damage|p1a: Venusaur|90/100|[from] item: Life Orb
|
|upkeep
|turn|2
|
|t:|1783243600
|move|p1a: Venusaur|Protect|p1a: Venusaur
|-singleturn|p1a: Venusaur|Protect
|move|p2b: Grimmsnarl|Parting Shot|p2a: Staraptor
|-boost|p2a: Staraptor|atk|1
|-boost|p2a: Staraptor|spa|1
|
|t:|1783243607
|switch|p2b: Sinistcha|Sinistcha-Masterpiece, L50|100/100|[from] Parting Shot
|-heal|p2a: Staraptor|76/100|[from] ability: Hospitality|[of] p2b: Sinistcha
|move|p2a: Staraptor|Close Combat|p1b: Farigiraf
|-damage|p1b: Farigiraf|1/100
|-boost|p2a: Staraptor|def|1
|-boost|p2a: Staraptor|spd|1
|-enditem|p1b: Farigiraf|Sitrus Berry|[eat]
|-heal|p1b: Farigiraf|26/100|[from] item: Sitrus Berry
|move|p1b: Farigiraf|Trick Room|p1b: Farigiraf
|-fieldstart|move: Trick Room|[of] p1b: Farigiraf
|
|upkeep
|turn|3
|
|t:|1783243627
|move|p1b: Farigiraf|Psychic|p2a: Staraptor
|-supereffective|p2a: Staraptor|1
|-damage|p2a: Staraptor|26/100
|move|p2b: Sinistcha|Matcha Gotcha|p1a: Venusaur|[spread] p1a,p1b
|-resisted|p1a: Venusaur|2
|-damage|p1a: Venusaur|83/100
|-damage|p1b: Farigiraf|2/100
|-status|p1b: Farigiraf|brn
|move|p1a: Venusaur|Sludge Bomb|p2a: Staraptor
|-damage|p2a: Staraptor|0 fnt
|faint|p2a: Staraptor
|-damage|p1a: Venusaur|73/100|[from] item: Life Orb
|
|-damage|p1b: Farigiraf|0 fnt|[from] brn
|faint|p1b: Farigiraf
|upkeep
|
|t:|1783243645
|switch|p1b: Scrafty|Scrafty, L50, M|100/100
|switch|p2a: Pelipper|Pelipper, L50, M|100/100
|-ability|p1b: Scrafty|Intimidate|boost
|-unboost|p2a: Pelipper|atk|1
|-unboost|p2b: Sinistcha|atk|1
|-weather|RainDance|[from] ability: Drizzle|[of] p2a: Pelipper
|turn|4
|
|t:|1783243663
|switch|p2a: Grimmsnarl|Grimmsnarl, L50, M|100/100
|move|p1b: Scrafty|Fake Out|p2a: Grimmsnarl
|-damage|p2a: Grimmsnarl|87/100
|move|p2b: Sinistcha|Shadow Ball|p1a: Venusaur
|-damage|p1a: Venusaur|31/100
|-unboost|p1a: Venusaur|spd|1
|move|p1a: Venusaur|Energy Ball|p2a: Grimmsnarl
|-damage|p2a: Grimmsnarl|32/100
|-damage|p1a: Venusaur|22/100|[from] item: Life Orb
|
|-weather|RainDance|[upkeep]
|upkeep
|turn|5
|
|t:|1783243684
|switch|p2b: Pelipper|Pelipper, L50, M|100/100
|move|p1a: Venusaur|Protect|p1a: Venusaur
|-singleturn|p1a: Venusaur|Protect
|move|p2a: Grimmsnarl|Fake Out|p1a: Venusaur
|-activate|p1a: Venusaur|move: Protect
|move|p1b: Scrafty|Knock Off|p2b: Pelipper
|-damage|p2b: Pelipper|40/100
|-enditem|p2b: Pelipper|Focus Sash|[from] move: Knock Off|[of] p1b: Scrafty
|
|-weather|RainDance|[upkeep]
|upkeep
|turn|6
|
|t:|1783243705
|move|p2a: Grimmsnarl|Parting Shot|p1b: Scrafty
|-hint|Since gen 7, Dark is immune to Prankster moves.
|-immune|p1b: Scrafty
|move|p1b: Scrafty|Knock Off|p2a: Grimmsnarl
|-resisted|p2a: Grimmsnarl|2
|-damage|p2a: Grimmsnarl|21/100
|-enditem|p2a: Grimmsnarl|Light Clay|[from] move: Knock Off|[of] p1b: Scrafty
|move|p2b: Pelipper|Hurricane|p1b: Scrafty
|-supereffective|p1b: Scrafty|1
|-damage|p1b: Scrafty|11/100
|move|p1a: Venusaur|Sludge Bomb|p2b: Pelipper
|-damage|p2b: Pelipper|0 fnt
|faint|p2b: Pelipper
|-damage|p1a: Venusaur|12/100|[from] item: Life Orb
|
|-weather|RainDance|[upkeep]
|-fieldend|move: Trick Room
|upkeep
|
|t:|1783243713
|switch|p2b: Sinistcha|Sinistcha-Masterpiece, L50|100/100
|-heal|p2a: Grimmsnarl|46/100|[from] ability: Hospitality|[of] p2b: Sinistcha
|turn|7
|
|t:|1783243725
|switch|p1b: Torkoal|Torkoal, L50, F|100/100
|-weather|SunnyDay|[from] ability: Drought|[of] p1b: Torkoal
|move|p2a: Grimmsnarl|Reflect|p2a: Grimmsnarl
|-sidestart|p2: gjjkjhjgg|Reflect
|move|p1a: Venusaur|Sludge Bomb|p2a: Grimmsnarl
|-supereffective|p2a: Grimmsnarl|1
|-crit|p2a: Grimmsnarl
|-damage|p2a: Grimmsnarl|0 fnt
|faint|p2a: Grimmsnarl
|-damage|p1a: Venusaur|3/100|[from] item: Life Orb
|move|p2b: Sinistcha|Matcha Gotcha|p1a: Venusaur|[spread] p1a,p1b
|-resisted|p1a: Venusaur|2
|-resisted|p1b: Torkoal|1
|-damage|p1a: Venusaur|0 fnt
|-damage|p1b: Torkoal|81/100
|faint|p1a: Venusaur
|
|-weather|SunnyDay|[upkeep]
|upkeep
|
|t:|1783243733
|switch|p1a: Scrafty|Scrafty, L50, M|11/100
|-ability|p1a: Scrafty|Intimidate|boost
|-unboost|p2b: Sinistcha|atk|1
|turn|8
|
|t:|1783243742
|move|p2b: Sinistcha|Shadow Ball|p1b: Torkoal
|-damage|p1b: Torkoal|34/100
|-unboost|p1b: Torkoal|spd|1
|move|p1a: Scrafty|Knock Off|p2b: Sinistcha
|-supereffective|p2b: Sinistcha|1
|-damage|p2b: Sinistcha|42/100
|-enditem|p2b: Sinistcha|Sitrus Berry|[from] move: Knock Off|[of] p1a: Scrafty
|move|p1b: Torkoal|Weather Ball|p2b: Sinistcha
|-supereffective|p2b: Sinistcha|1
|-damage|p2b: Sinistcha|0 fnt
|faint|p2b: Sinistcha
|
|win|BVSelf
|l|☆gjjkjhjgg
|player|p2|
||gjjkjhjgg is ready for game 2.
|inactive|BVSelf has 30 seconds to confirm battle start!
||BVSelf is ready for game 2.
|uhtml|next|Next: Game 2 of 3
