|j|☆rom6x
|j|☆RustyTacos27
|html|rom6xRustyTacos27    
|uhtml|bestof|Game 1 of a best-of-3
|t:|1757775608
|gametype|doubles
|player|p1|rom6x|miku-ground|1193
|player|p2|RustyTacos27|1|1194
|gen|9
|tier|[Gen 9] VGC 2025 Reg H (Bo3)
|rated|
|rule|Species Clause: Limit one of each Pokémon
|rule|Item Clause: Limit 1 of each item
|clearpoke
|poke|p1|Serperior, L50, F|
|poke|p1|Rillaboom, L50, F|
|poke|p1|Volcarona, L50, M|
|poke|p1|Sneasler, L50, F|
|poke|p1|Ursaluna-Bloodmoon, L50, M|
|poke|p1|Incineroar, L50, F|
|poke|p2|Gholdengo, L50|
|poke|p2|Incineroar, L50, F|
|poke|p2|Sneasler, L50, F|
|poke|p2|Ninetales-Alola, L50, M|
|poke|p2|Ursaluna-Bloodmoon, L50, M|
|poke|p2|Rillaboom, L50, M|
|teampreview|4
|showteam|p1|Serperior||LightClay|Contrary|LeafStorm,Reflect,LightScreen,Glare|||F|||50|,,,,,Water]Rillaboom||MiracleSeed|GrassySurge|FakeOut,WoodHammer,GrassyGlide,Uturn|||F|||50|,,,,,Fire]Volcarona||GrassySeed|FlameBody|HeatWave,WillOWisp,QuiverDance,GigaDrain|||M|||50|,,,,,Dragon]Sneasler||FocusSash|Unburden|DireClaw,CloseCombat,Coaching,Protect|||F|||50|,,,,,Stellar]Ursaluna-Bloodmoon||AssaultVest|MindsEye|BloodMoon,HyperVoice,EarthPower,VacuumWave|||M|||50|,,,,,Ghost]Incineroar||SafetyGoggles|Intimidate|FakeOut,KnockOff,FlareBlitz,PartingShot|||F|||50|,,,,,Ghost
|showteam|p2|Gholdengo||LifeOrb|GoodasGold|MakeItRain,ShadowBall,NastyPlot,Protect||||||50|,,,,,Water]Incineroar||SitrusBerry|Intimidate|FlareBlitz,KnockOff,PartingShot,FakeOut|||F|||50|,,,,,Grass]Sneasler||GrassySeed|Unburden|CloseCombat,Acrobatics,SwordsDance,Protect|||F|||50|,,,,,Flying]Ninetales-Alola||FocusSash|SnowWarning|Blizzard,IcyWind,AuroraVeil,Encore|||M|||50|,,,,,Ghost]Ursaluna-Bloodmoon||Leftovers|MindsEye|BloodMoon,EarthPower,Yawn,Protect|||M|||50|,,,,,Water]Rillaboom||AssaultVest|GrassySurge|WoodHammer,GrassyGlide,FakeOut,Uturn|||M|||50|,,,,,Fire
|inactive|Battle timer is ON: inactive players will automatically lose when time's up. (requested by rom6x)
|inactive|rom6x has 60 seconds left.
|inactive|RustyTacos27 has 60 seconds left.
|
|t:|1757775645
|teamsize|p1|4
|teamsize|p2|4
|start
|switch|p1a: Serperior|Serperior, L50, F, shiny|100/100
|switch|p1b: Sneasler|Sneasler, L50, F|100/100
|switch|p2a: Ninetales|Ninetales-Alola, L50, M|100/100
|switch|p2b: Sneasler|Sneasler, L50, F|100/100
|-weather|Snowscape|[from] ability: Snow Warning|[of] p2a: Ninetales
|turn|1
|inactive|rom6x has 30 seconds left.
|
|t:|1757775676
|-terastallize|p2a: Ninetales|Ghost
|move|p1b: Sneasler|Dire Claw|p2a: Ninetales
|-resisted|p2a: Ninetales
|-damage|p2a: Ninetales|70/100
|-status|p2a: Ninetales|slp
|move|p1a: Serperior|Light Screen|p1a: Serperior
|-sidestart|p1: rom6x|move: Light Screen
|cant|p2a: Ninetales|slp
|move|p2b: Sneasler|Swords Dance|p2b: Sneasler
|-boost|p2b: Sneasler|atk|2
|
|-weather|Snowscape|[upkeep]
|upkeep
|turn|2
|inactive|rom6x has 30 seconds left.
|
|t:|1757775710
|switch|p2a: Incineroar|Incineroar, L50, F|100/100
|-ability|p2a: Incineroar|Intimidate|boost
|-boost|p1a: Serperior|atk|1
|-unboost|p1b: Sneasler|atk|1
|move|p1b: Sneasler|Close Combat|p2b: Sneasler
|-resisted|p2b: Sneasler
|-damage|p2b: Sneasler|66/100
|-unboost|p1b: Sneasler|def|1
|-unboost|p1b: Sneasler|spd|1
|move|p1a: Serperior|Reflect|p1a: Serperior
|-sidestart|p1: rom6x|Reflect
|move|p2b: Sneasler|Close Combat|p1a: Serperior
|-damage|p1a: Serperior|1/100
|-unboost|p2b: Sneasler|def|1
|-unboost|p2b: Sneasler|spd|1
|
|-weather|Snowscape|[upkeep]
|upkeep
|turn|3
|inactive|rom6x has 30 seconds left.
|inactive|RustyTacos27 has 30 seconds left.
|
|t:|1757775743
|switch|p1a: Rillaboom|Rillaboom, L50, F|100/100
|-fieldstart|move: Grassy Terrain|[from] ability: Grassy Surge|[of] p1a: Rillaboom
|-enditem|p2b: Sneasler|Grassy Seed
|-boost|p2b: Sneasler|def|1|[from] item: Grassy Seed
|move|p2b: Sneasler|Protect|p2b: Sneasler
|-singleturn|p2b: Sneasler|Protect
|move|p2a: Incineroar|Fake Out|p1a: Rillaboom
|-damage|p1a: Rillaboom|93/100
|move|p1b: Sneasler|Close Combat|p2b: Sneasler
|-activate|p2b: Sneasler|move: Protect
|
|-weather|Snowscape|[upkeep]
|-heal|p2b: Sneasler|71/100|[from] Grassy Terrain
|-heal|p1a: Rillaboom|98/100|[from] Grassy Terrain
|upkeep
|turn|4
|inactive|rom6x has 30 seconds left.
|inactive|rom6x has 20 seconds left.
|
|t:|1757775780
|switch|p2b: Gholdengo|Gholdengo, L50|100/100
|-terastallize|p1a: Rillaboom|Fire
|move|p1a: Rillaboom|Fake Out|p2b: Gholdengo
|-immune|p2b: Gholdengo
|move|p1b: Sneasler|Coaching|p1a: Rillaboom
|-boost|p1a: Rillaboom|atk|1
|-boost|p1a: Rillaboom|def|1
|move|p2a: Incineroar|Parting Shot|p1a: Rillaboom
|-unboost|p1a: Rillaboom|atk|1
|-unboost|p1a: Rillaboom|spa|1
|
|t:|1757775797
|switch|p2a: Ninetales|Ninetales-Alola, L50, M, tera:Ghost|70/100 slp|[from] Parting Shot
|
|-weather|Snowscape|[upkeep]
|-heal|p2a: Ninetales|76/100 slp|[from] Grassy Terrain
|-heal|p1a: Rillaboom|100/100|[from] Grassy Terrain
|upkeep
|turn|5
|
|t:|1757775818
|switch|p1b: Volcarona|Volcarona, L50, M|100/100
|-enditem|p1b: Volcarona|Grassy Seed
|-boost|p1b: Volcarona|def|1|[from] item: Grassy Seed
|cant|p2a: Ninetales|slp
|move|p2b: Gholdengo|Nasty Plot|p2b: Gholdengo
|-boost|p2b: Gholdengo|spa|2
|move|p1a: Rillaboom|Wood Hammer|p2a: Ninetales
|-damage|p2a: Ninetales|0 fnt
|faint|p2a: Ninetales
|-damage|p1a: Rillaboom|81/100|[from] Recoil
|
|-weather|none
|-heal|p1a: Rillaboom|87/100|[from] Grassy Terrain
|upkeep
|
|t:|1757775829
|switch|p2a: Incineroar|Incineroar, L50, F|100/100
|-ability|p2a: Incineroar|Intimidate|boost
|-unboost|p1a: Rillaboom|atk|1
|-unboost|p1b: Volcarona|atk|1
|turn|6
|
|t:|1757775850
|move|p2a: Incineroar|Fake Out|p1b: Volcarona
|-damage|p1b: Volcarona|95/100
|move|p2b: Gholdengo|Shadow Ball|p1b: Volcarona
|-damage|p1b: Volcarona|35/100
|-unboost|p1b: Volcarona|spd|1
|-damage|p2b: Gholdengo|91/100|[from] item: Life Orb
|cant|p1b: Volcarona|flinch
|move|p1a: Rillaboom|U-turn|p2b: Gholdengo
|-resisted|p2b: Gholdengo
|-damage|p2b: Gholdengo|86/100
|
|t:|1757775863
|switch|p1a: Sneasler|Sneasler, L50, F|100/100|[from] U-turn
|
|-heal|p2b: Gholdengo|92/100|[from] Grassy Terrain
|-heal|p1b: Volcarona|41/100|[from] Grassy Terrain
|upkeep
|turn|7
|inactive|rom6x has 30 seconds left.
|
|t:|1757775889
|switch|p1b: Serperior|Serperior, L50, F, shiny|1/100
|move|p2b: Gholdengo|Protect|p2b: Gholdengo
|-singleturn|p2b: Gholdengo|Protect
|move|p1a: Sneasler|Close Combat|p2a: Incineroar
|-supereffective|p2a: Incineroar
|-crit|p2a: Incineroar
|-damage|p2a: Incineroar|0 fnt
|-unboost|p1a: Sneasler|def|1
|-unboost|p1a: Sneasler|spd|1
|faint|p2a: Incineroar
|
|-heal|p1b: Serperior|7/100|[from] Grassy Terrain
|-heal|p2b: Gholdengo|98/100|[from] Grassy Terrain
|-fieldend|move: Grassy Terrain
|upkeep
|
|t:|1757775897
|switch|p2a: Sneasler|Sneasler, L50, F|71/100
|turn|8
|
|t:|1757775916
|move|p1a: Sneasler|Protect|p1a: Sneasler
|-singleturn|p1a: Sneasler|Protect
|move|p1b: Serperior|Glare|p2a: Sneasler
|-status|p2a: Sneasler|par
|move|p2b: Gholdengo|Make It Rain|p1a: Sneasler|[spread] p1b
|-activate|p1a: Sneasler|move: Protect
|-damage|p1b: Serperior|0 fnt
|-unboost|p2b: Gholdengo|spa|1
|faint|p1b: Serperior
|-damage|p2b: Gholdengo|89/100|[from] item: Life Orb
|move|p2a: Sneasler|Acrobatics|p1a: Sneasler
|-activate|p1a: Sneasler|move: Protect
|
|-sideend|p1: rom6x|move: Light Screen
|upkeep
|inactive|rom6x has 30 seconds left.
|
|t:|1757775942
|switch|p1b: Rillaboom|Rillaboom, L50, F, tera:Fire|87/100
|-fieldstart|move: Grassy Terrain|[from] ability: Grassy Surge|[of] p1b: Rillaboom
|turn|9
|
|t:|1757775953
|move|p1a: Sneasler|Protect||[still]
|-fail|p1a: Sneasler
|move|p2b: Gholdengo|Nasty Plot|p2b: Gholdengo
|-boost|p2b: Gholdengo|spa|2
|move|p1b: Rillaboom|Wood Hammer|p2b: Gholdengo
|-resisted|p2b: Gholdengo
|-damage|p2b: Gholdengo|31/100
|-damage|p1b: Rillaboom|70/100|[from] Recoil
|move|p2a: Sneasler|Swords Dance|p2a: Sneasler
|-boost|p2a: Sneasler|atk|2
|
|-heal|p2b: Gholdengo|37/100|[from] Grassy Terrain
|-heal|p1b: Rillaboom|76/100|[from] Grassy Terrain
|-heal|p2a: Sneasler|77/100 par|[from] Grassy Terrain
|-sideend|p1: rom6x|Reflect
|upkeep
|turn|10
|
|t:|1757775974
|move|p1a: Sneasler|Protect|p1a: Sneasler
|-singleturn|p1a: Sneasler|Protect
|move|p2b: Gholdengo|Shadow Ball|p1b: Rillaboom
|-damage|p1b: Rillaboom|0 fnt
|faint|p1b: Rillaboom
|-damage|p2b: Gholdengo|28/100|[from] item: Life Orb
|move|p2a: Sneasler|Close Combat|p1a: Sneasler
|-activate|p1a: Sneasler|move: Protect
|
|-heal|p2b: Gholdengo|34/100|[from] Grassy Terrain
|-heal|p2a: Sneasler|83/100 par|[from] Grassy Terrain
|upkeep
|
|t:|1757775979
|switch|p1b: Volcarona|Volcarona, L50, M|41/100
|turn|11
|
|t:|1757775987
|move|p2b: Gholdengo|Protect|p2b: Gholdengo
|-singleturn|p2b: Gholdengo|Protect
|move|p1a: Sneasler|Close Combat|p2a: Sneasler
|-resisted|p2a: Sneasler
|-damage|p2a: Sneasler|34/100 par
|-unboost|p1a: Sneasler|def|1
|-unboost|p1a: Sneasler|spd|1
|move|p1b: Volcarona|Heat Wave|p2a: Sneasler|[spread] p2a
|-activate|p2b: Gholdengo|move: Protect
|-crit|p2a: Sneasler
|-damage|p2a: Sneasler|0 fnt
|faint|p2a: Sneasler
|
|-heal|p2b: Gholdengo|40/100|[from] Grassy Terrain
|-heal|p1b: Volcarona|47/100|[from] Grassy Terrain
|upkeep
|turn|12
|
|t:|1757776001
|move|p1a: Sneasler|Dire Claw|p2b: Gholdengo
|-immune|p2b: Gholdengo
|move|p2b: Gholdengo|Shadow Ball|p1b: Volcarona
|-damage|p1b: Volcarona|0 fnt
|faint|p1b: Volcarona
|-damage|p2b: Gholdengo|30/100|[from] item: Life Orb
|
|-heal|p2b: Gholdengo|36/100|[from] Grassy Terrain
|upkeep
|turn|13
|-message|rom6x forfeited.
|
|win|RustyTacos27
|l|☆rom6x
|player|p1|
||rom6x is ready for game 2.
||RustyTacos27 is ready for game 2.
|uhtml|next|Next: Game 2 of 3
