|j|☆axcoquette
|j|☆HunterOnShowdown
|html|axcoquetteHunterOnShowdown    
|uhtml|bestof|Game 2 of a best-of-3
|t:|1783288254
|gametype|doubles
|player|p1|axcoquette|maid|1182
|player|p2|HunterOnShowdown|hilbert|1272
|gen|9
|tier|[Gen 9 Champions] VGC 2026 Reg M-B (Bo3)
|rated|
|rule|Species Clause: Limit one of each Pokémon
|rule|Item Clause: Limit 1 of each item
|clearpoke
|poke|p1|Delphox, L50, F|
|poke|p1|Sneasler, L50, F|
|poke|p1|Sinistcha, L50|
|poke|p1|Incineroar, L50, M|
|poke|p1|Kingambit, L50, M|
|poke|p1|Floette-Eternal, L50, F|
|poke|p2|Emboar, L50, M|
|poke|p2|Garchomp, L50, F|
|poke|p2|Sinistcha-Masterpiece, L50, shiny|
|poke|p2|Rotom-Wash, L50, shiny|
|poke|p2|Grimmsnarl, L50, M|
|poke|p2|Gholdengo, L50|
|teampreview|4
|showteam|p1|Delphox||Delphoxite|Blaze|Protect,NastyPlot,HeatWave,Psychic|Timid||F|||50|]Sneasler||FocusSash|Unburden|Protect,FakeOut,DireClaw,CloseCombat|Jolly||F|||50|]Sinistcha||KasibBerry|Hospitality|Protect,RagePowder,MatchaGotcha,LifeDew|Bold|||||50|]Incineroar||SitrusBerry|Intimidate|FakeOut,FlareBlitz,HelpingHand,PartingShot|Careful||M|||50|]Kingambit||BlackGlasses|Defiant|KowtowCleave,SwordsDance,SuckerPunch,Protect|Adamant||M|||50|]Floette-Eternal||Floettite|FlowerVeil|Moonblast,DazzlingGleam,CalmMind,Protect|Modest||F|||50|
|showteam|p2|Emboar||Emboarite|Reckless|FlareBlitz,CloseCombat,SuckerPunch,Protect|Adamant||M|||50|]Garchomp||LifeOrb|RoughSkin|RockSlide,StompingTantrum,DragonClaw,Protect|Jolly||F|||50|]Sinistcha-Masterpiece||SitrusBerry|Hospitality|TrickRoom,StrengthSap,MatchaGotcha,RagePowder|Sassy|||||50|]Rotom-Wash||Leftovers|Levitate|VoltSwitch,HydroPump,WillOWisp,Protect|Modest|||||50|]Grimmsnarl||LightClay|Prankster|Reflect,SpiritBreak,PartingShot,FakeOut|Careful||M|||50|]Gholdengo||ChoiceScarf|GoodasGold|PowerGem,MakeItRain,ShadowBall,Trick|Modest|||||50|
|inactive|Battle timer is ON: inactive players will automatically lose when time's up. (requested by HunterOnShowdown)
|inactive|axcoquette also wants the timer to be on.
|inactive|HunterOnShowdown has 60 seconds left.
|
|t:|1783288289
|teamsize|p1|4
|teamsize|p2|4
|start
|switch|p1a: Delphox|Delphox, L50, F|100/100
|switch|p1b: Incineroar|Incineroar, L50, M|100/100
|switch|p2a: Life Cycle|Rotom-Wash, L50, shiny|100/100
|switch|p2b: JARVIS|Grimmsnarl, L50, M|100/100
|-ability|p1b: Incineroar|Intimidate|boost
|-unboost|p2a: Life Cycle|atk|1
|-unboost|p2b: JARVIS|atk|1
|turn|1
|
|t:|1783288309
|detailschange|p1a: Delphox|Delphox-Mega, L50, F
|-mega|p1a: Delphox|Delphox|Delphoxite
|move|p1a: Delphox|Protect|p1a: Delphox
|-singleturn|p1a: Delphox|Protect
|move|p1b: Incineroar|Fake Out|p2a: Life Cycle
|-damage|p2a: Life Cycle|89/100
|move|p2b: JARVIS|Fake Out|p1b: Incineroar
|-damage|p1b: Incineroar|92/100
|cant|p2a: Life Cycle|flinch
|
|-heal|p2a: Life Cycle|95/100|[from] item: Leftovers
|upkeep
|turn|2
|
|t:|1783288324
|switch|p1a: Kingambit|Kingambit, L50, M|100/100
|move|p2a: Life Cycle|Hydro Pump|p1b: Incineroar
|-supereffective|p1b: Incineroar|1
|-damage|p1b: Incineroar|19/100
|-enditem|p1b: Incineroar|Sitrus Berry|[eat]
|-heal|p1b: Incineroar|44/100|[from] item: Sitrus Berry
|move|p1b: Incineroar|Parting Shot|p2a: Life Cycle
|-unboost|p2a: Life Cycle|atk|1
|-unboost|p2a: Life Cycle|spa|1
|
|t:|1783288334
|switch|p1b: Delphox|Delphox-Mega, L50, F|100/100|[from] Parting Shot
|move|p2b: JARVIS|Spirit Break|p1b: Delphox
|-resisted|p1b: Delphox|1
|-damage|p1b: Delphox|85/100
|-unboost|p1b: Delphox|spa|1
|
|-heal|p2a: Life Cycle|100/100|[from] item: Leftovers
|upkeep
|turn|3
|
|t:|1783288349
|move|p1b: Delphox|Protect|p1b: Delphox
|-singleturn|p1b: Delphox|Protect
|move|p2a: Life Cycle|Will-O-Wisp|p1a: Kingambit
|-status|p1a: Kingambit|brn
|move|p2b: JARVIS|Spirit Break|p1b: Delphox
|-activate|p1b: Delphox|move: Protect
|move|p1a: Kingambit|Swords Dance|p1a: Kingambit
|-boost|p1a: Kingambit|atk|2
|
|-damage|p1a: Kingambit|94/100 brn|[from] brn
|upkeep
|turn|4
|
|t:|1783288367
|switch|p1b: Sinistcha|Sinistcha, L50|100/100
|-heal|p1a: Kingambit|100/100 brn|[from] ability: Hospitality|[of] p1b: Sinistcha
|move|p2b: JARVIS|Reflect|p2b: JARVIS
|-sidestart|p2: HunterOnShowdown|Reflect
|move|p2a: Life Cycle|Hydro Pump|p1b: Sinistcha
|-resisted|p1b: Sinistcha|1
|-damage|p1b: Sinistcha|80/100
|move|p1a: Kingambit|Swords Dance|p1a: Kingambit
|-boost|p1a: Kingambit|atk|2
|
|-damage|p1a: Kingambit|94/100 brn|[from] brn
|upkeep
|turn|5
|
|t:|1783288386
|move|p2b: JARVIS|Parting Shot|p1b: Sinistcha
|-unboost|p1b: Sinistcha|atk|1
|-unboost|p1b: Sinistcha|spa|1
|
|t:|1783288393
|switch|p2b: Emboar|Emboar, L50, M|100/100|[from] Parting Shot
|move|p2a: Life Cycle|Volt Switch|p1a: Kingambit
|-damage|p1a: Kingambit|73/100 brn
|
|t:|1783288395
|switch|p2a: JARVIS|Grimmsnarl, L50, M|100/100|[from] Volt Switch
|move|p1b: Sinistcha|Matcha Gotcha|p2b: Emboar|[spread] p2a,p2b
|-resisted|p2b: Emboar|1
|-damage|p2a: JARVIS|84/100
|-heal|p1b: Sinistcha|89/100|[from] drain|[of] p2a: JARVIS
|-damage|p2b: Emboar|89/100
|-heal|p1b: Sinistcha|96/100|[from] drain|[of] p2b: Emboar
|move|p1a: Kingambit|Swords Dance|p1a: Kingambit
|-boost|p1a: Kingambit|atk|2
|
|-damage|p1a: Kingambit|67/100 brn|[from] brn
|upkeep
|turn|6
|
|t:|1783288419
|switch|p1b: Incineroar|Incineroar, L50, M|44/100
|-ability|p1b: Incineroar|Intimidate|boost
|-unboost|p2a: JARVIS|atk|1
|-unboost|p2b: Emboar|atk|1
|detailschange|p2b: Emboar|Emboar-Mega, L50, M
|-mega|p2b: Emboar|Emboar|Emboarite
|-ability|p2b: Emboar|Mold Breaker
|move|p1a: Kingambit|Protect|p1a: Kingambit
|-singleturn|p1a: Kingambit|Protect
|move|p2a: JARVIS|Fake Out|p1a: Kingambit
|-activate|p1a: Kingambit|move: Protect
|move|p2b: Emboar|Flare Blitz|p1b: Incineroar
|-resisted|p1b: Incineroar|1
|-damage|p1b: Incineroar|21/100
|-damage|p2b: Emboar|81/100|[from] Recoil
|
|-damage|p1a: Kingambit|61/100 brn|[from] brn
|upkeep
|turn|7
|
|t:|1783288438
|move|p1b: Incineroar|Fake Out|p2b: Emboar
|-damage|p2b: Emboar|73/100
|cant|p2b: Emboar|flinch
|move|p2a: JARVIS|Spirit Break|p1b: Incineroar
|-damage|p1b: Incineroar|1/100
|-unboost|p1b: Incineroar|spa|1
|move|p1a: Kingambit|Kowtow Cleave|p2a: JARVIS
|-resisted|p2a: JARVIS|2
|-damage|p2a: JARVIS|62/100
|
|-damage|p1a: Kingambit|56/100 brn|[from] brn
|upkeep
|turn|8
|
|t:|1783288465
|move|p1b: Incineroar|Helping Hand|p1a: Kingambit
|-singleturn|p1a: Kingambit|Helping Hand|[of] p1b: Incineroar
|move|p1a: Kingambit|Sucker Punch|p2b: Emboar
|-resisted|p2b: Emboar|1
|-damage|p2b: Emboar|19/100
|move|p2b: Emboar|Close Combat|p1a: Kingambit
|-supereffective|p1a: Kingambit|2
|-damage|p1a: Kingambit|0 fnt
|-unboost|p2b: Emboar|def|1
|-unboost|p2b: Emboar|spd|1
|faint|p1a: Kingambit
|move|p2a: JARVIS|Spirit Break|p1b: Incineroar
|-damage|p1b: Incineroar|0 fnt
|faint|p1b: Incineroar
|
|upkeep
|
|t:|1783288478
|switch|p1b: Delphox|Delphox-Mega, L50, F|85/100
|switch|p1a: Sinistcha|Sinistcha, L50|96/100
|-heal|p1b: Delphox|100/100|[from] ability: Hospitality|[of] p1a: Sinistcha
|turn|9
|
|t:|1783288501
|switch|p2b: Tyrannis|Garchomp, L50, F|100/100
|move|p1a: Sinistcha|Protect|p1a: Sinistcha
|-singleturn|p1a: Sinistcha|Protect
|move|p2a: JARVIS|Parting Shot|p1b: Delphox
|-unboost|p1b: Delphox|atk|1
|-unboost|p1b: Delphox|spa|1
|
|t:|1783288507
|switch|p2a: Life Cycle|Rotom-Wash, L50, shiny|100/100|[from] Parting Shot
|move|p1b: Delphox|Nasty Plot|p1b: Delphox
|-boost|p1b: Delphox|spa|2
|
|upkeep
|turn|10
|
|t:|1783288523
|move|p1a: Sinistcha|Rage Powder|p1a: Sinistcha
|-singleturn|p1a: Sinistcha|move: Rage Powder
|move|p1b: Delphox|Psychic|p2b: Tyrannis
|-damage|p2b: Tyrannis|20/100y
|move|p2b: Tyrannis|Rock Slide|p1a: Sinistcha|[spread] p1a,p1b
|-supereffective|p1b: Delphox|1
|-damage|p1a: Sinistcha|76/100
|-damage|p1b: Delphox|27/100
|-damage|p2b: Tyrannis|10/100|[from] item: Life Orb
|move|p2a: Life Cycle|Volt Switch|p1a: Sinistcha
|-resisted|p1a: Sinistcha|1
|-damage|p1a: Sinistcha|58/100
|
|t:|1783288530
|switch|p2a: JARVIS|Grimmsnarl, L50, M|62/100|[from] Volt Switch
|
|upkeep
|turn|11
|
|t:|1783288538
|move|p1b: Delphox|Protect|p1b: Delphox
|-singleturn|p1b: Delphox|Protect
|move|p1a: Sinistcha|Protect|p1a: Sinistcha
|-singleturn|p1a: Sinistcha|Protect
|move|p2b: Tyrannis|Dragon Claw|p1a: Sinistcha
|-activate|p1a: Sinistcha|move: Protect
|move|p2a: JARVIS|Spirit Break|p1a: Sinistcha
|-activate|p1a: Sinistcha|move: Protect
|
|-sideend|p2: HunterOnShowdown|Reflect
|upkeep
|turn|12
|
|t:|1783288552
|move|p2b: Tyrannis|Protect|p2b: Tyrannis
|-singleturn|p2b: Tyrannis|Protect
|move|p2a: JARVIS|Parting Shot|p1b: Delphox
|-unboost|p1b: Delphox|atk|1
|-unboost|p1b: Delphox|spa|1
|
|t:|1783288555
|switch|p2a: Life Cycle|Rotom-Wash, L50, shiny|100/100|[from] Parting Shot
|move|p1b: Delphox|Heat Wave|p2a: Life Cycle|[spread] p2a
|-activate|p2b: Tyrannis|move: Protect
|-resisted|p2a: Life Cycle|1
|-damage|p2a: Life Cycle|78/100
|move|p1a: Sinistcha|Life Dew|p1a: Sinistcha|[spread] p1a,p1b
|-heal|p1a: Sinistcha|84/100
|-heal|p1b: Delphox|52/100
|
|-heal|p2a: Life Cycle|84/100|[from] item: Leftovers
|upkeep
|turn|13
|
|t:|1783288575
|switch|p2b: JARVIS|Grimmsnarl, L50, M|62/100
|move|p1a: Sinistcha|Rage Powder|p1a: Sinistcha
|-singleturn|p1a: Sinistcha|move: Rage Powder
|move|p1b: Delphox|Heat Wave|p2a: Life Cycle|[spread] p2a,p2b
|-resisted|p2a: Life Cycle|1
|-damage|p2a: Life Cycle|64/100
|-damage|p2b: JARVIS|27/100
|move|p2a: Life Cycle|Volt Switch|p1a: Sinistcha
|-resisted|p1a: Sinistcha|1
|-damage|p1a: Sinistcha|67/100
|
|t:|1783288583
|switch|p2a: Emboar|Emboar-Mega, L50, M|19/100|[from] Volt Switch
|-ability|p2a: Emboar|Mold Breaker
|
|upkeep
|turn|14
|
|t:|1783288598
|move|p1b: Delphox|Protect|p1b: Delphox
|-singleturn|p1b: Delphox|Protect
|move|p1a: Sinistcha|Protect|p1a: Sinistcha
|-singleturn|p1a: Sinistcha|Protect
|move|p2b: JARVIS|Fake Out|p1b: Delphox
|-activate|p1b: Delphox|move: Protect
|move|p2a: Emboar|Flare Blitz|p1a: Sinistcha
|-activate|p1a: Sinistcha|move: Protect
|
|upkeep
|turn|15
|
|t:|1783288611
|move|p2b: JARVIS|Parting Shot|p1b: Delphox
|-unboost|p1b: Delphox|atk|1
|-unboost|p1b: Delphox|spa|1
|
|t:|1783288615
|switch|p2b: Life Cycle|Rotom-Wash, L50, shiny|64/100|[from] Parting Shot
|move|p1b: Delphox|Psychic|p2a: Emboar
|-supereffective|p2a: Emboar|1
|-damage|p2a: Emboar|0 fnt
|faint|p2a: Emboar
|move|p1a: Sinistcha|Life Dew|p1a: Sinistcha|[spread] p1a,p1b
|-heal|p1a: Sinistcha|92/100
|-heal|p1b: Delphox|77/100
|
|-heal|p2b: Life Cycle|69/100|[from] item: Leftovers
|upkeep
|
|t:|1783288619
|switch|p2a: JARVIS|Grimmsnarl, L50, M|27/100
|turn|16
|
|t:|1783288636
|move|p1b: Delphox|Protect|p1b: Delphox
|-singleturn|p1b: Delphox|Protect
|move|p2b: Life Cycle|Volt Switch|p1a: Sinistcha
|-resisted|p1a: Sinistcha|1
|-crit|p1a: Sinistcha
|-damage|p1a: Sinistcha|67/100
|
|t:|1783288639
|switch|p2b: Tyrannis|Garchomp, L50, F|10/100|[from] Volt Switch
|move|p1a: Sinistcha|Matcha Gotcha|p2a: JARVIS|[spread] p2a,p2b
|-damage|p2a: JARVIS|5/100
|-heal|p1a: Sinistcha|80/100|[from] drain|[of] p2a: JARVIS
|-damage|p2b: Tyrannis|0 fnt
|-heal|p1a: Sinistcha|86/100|[from] drain|[of] p2b: Tyrannis
|faint|p2b: Tyrannis
|move|p2a: JARVIS|Spirit Break|p1a: Sinistcha
|-damage|p1a: Sinistcha|64/100
|-unboost|p1a: Sinistcha|spa|1
|
|upkeep
|
|t:|1783288642
|switch|p2b: Life Cycle|Rotom-Wash, L50, shiny|69/100
|turn|17
|-message|HunterOnShowdown forfeited.
|
|win|axcoquette
|raw|axcoquette's rating: 1182 → 1213(+31 for winning)
|raw|HunterOnShowdown's rating: 1272 → 1241(-31 for losing)
