|j|☆marillrag1
|j|☆tchat 28
|html|marillrag1tchat 28    
|uhtml|bestof|Game 2 of a best-of-3
|t:|1785152477
|gametype|doubles
|player|p1|marillrag1|265|1133
|player|p2|tchat 28|1|1107
|gen|9
|tier|[Gen 9 Champions] VGC 2026 Reg M-B (Bo3)
|rated|
|rule|Species Clause: Limit one of each Pokémon
|rule|Item Clause: Limit 1 of each item
|clearpoke
|poke|p1|Delphox, L50, M|
|poke|p1|Sneasler, L50, F|
|poke|p1|Incineroar, L50, M|
|poke|p1|Sinistcha, L50|
|poke|p1|Kingambit, L50, F|
|poke|p1|Blastoise, L50, M|
|poke|p2|Sceptile, L50, M|
|poke|p2|Blastoise, L50, M|
|poke|p2|Raichu-Alola, L50, F|
|poke|p2|Incineroar, L50, M|
|poke|p2|Gholdengo, L50|
|poke|p2|Aerodactyl, L50, F|
|teampreview|4
|showteam|p1|Delphox||Delphoxite|Blaze|Protect,HeatWave,Psyshock,NastyPlot|Modest||M|||50|]Sneasler||FocusSash|PoisonTouch|PoisonJab,CloseCombat,FakeOut,QuickGuard|Jolly||F|||50|]Incineroar||SitrusBerry|Intimidate|FlareBlitz,FakeOut,PartingShot,HelpingHand|Careful||M|||50|]Sinistcha||ColburBerry|Hospitality|Protect,MatchaGotcha,RagePowder,TrickRoom|Bold|||||50|]Kingambit||LifeOrb|Defiant|Protect,KowtowCleave,SwordsDance,SuckerPunch|Adamant||F|||50|]Blastoise||Blastoisinite|Torrent|Protect,WaterSpout,DarkPulse,ShellSmash|Modest||M|||50|
|showteam|p2|Sceptile||Sceptilite|Overgrow|DragonPulse,EarthPower,EnergyBall,Protect|Modest||M|||50|]Blastoise||Blastoisinite|Torrent|FakeOut,IceBeam,WaterSpout,ShellSmash|Rash||M|||50|]Raichu-Alola||ChoiceScarf|SurgeSurfer|Discharge,VoltSwitch,DazzlingGleam,Psyshock|Hasty||F|||50|]Incineroar||SitrusBerry|Intimidate|FakeOut,FlareBlitz,DarkestLariat,Roar|Impish||M|||50|]Gholdengo||LifeOrb|GoodasGold|DazzlingGleam,FlashCannon,MakeItRain,ShadowBall|Modest|||||50|]Aerodactyl||KingsRock|Unnerve|Tailwind,RockSlide,DualWingbeat,Taunt|Jolly||F|||50|
|
|t:|1785152500
|teamsize|p1|4
|teamsize|p2|4
|start
|switch|p1a: Incineroar|Incineroar, L50, M|100/100
|switch|p1b: Sinistcha|Sinistcha, L50|100/100
|switch|p2a: Incineroar|Incineroar, L50, M|100/100
|switch|p2b: Aerodactyl|Aerodactyl, L50, F|100/100
|-ability|p2b: Aerodactyl|Unnerve
|-ability|p1a: Incineroar|Intimidate|boost
|-unboost|p2a: Incineroar|atk|1
|-unboost|p2b: Aerodactyl|atk|1
|-ability|p2a: Incineroar|Intimidate|boost
|-unboost|p1a: Incineroar|atk|1
|-unboost|p1b: Sinistcha|atk|1
|turn|1
|inactive|Battle timer is ON: inactive players will automatically lose when time's up. (requested by tchat 28)
|
|t:|1785152556
|switch|p1b: Blastoise|Blastoise, L50, M|100/100
|move|p2b: Aerodactyl|Taunt|p1b: Blastoise
|-start|p1b: Blastoise|move: Taunt
|move|p1a: Incineroar|Parting Shot|p2a: Incineroar
|-unboost|p2a: Incineroar|atk|1
|-unboost|p2a: Incineroar|spa|1
|
|t:|1785152566
|switch|p1a: Kingambit|Kingambit, L50, F|100/100|[from] Parting Shot
|move|p2a: Incineroar|Roar|p1b: Blastoise
|drag|p1b: Sinistcha|Sinistcha, L50|100/100
|
|upkeep
|turn|2
|
|t:|1785152585
|switch|p1b: Incineroar|Incineroar, L50, M|100/100
|-ability|p1b: Incineroar|Intimidate|boost
|-unboost|p2a: Incineroar|atk|1
|-unboost|p2b: Aerodactyl|atk|1
|switch|p2a: Sceptile|Sceptile, L50, M|100/100
|move|p2b: Aerodactyl|Dual Wingbeat|p1b: Incineroar|[miss]
|-miss|p2b: Aerodactyl|p1b: Incineroar
|move|p1a: Kingambit|Kowtow Cleave|p2b: Aerodactyl
|-damage|p2b: Aerodactyl|14/100
|-damage|p1a: Kingambit|90/100|[from] item: Life Orb
|
|upkeep
|turn|3
|inactive|tchat 28 has 30 seconds left.
|
|t:|1785152612
|switch|p2b: Incineroar|Incineroar, L50, M|100/100
|-ability|p2b: Incineroar|Intimidate|boost
|-unboost|p1a: Kingambit|atk|1
|-ability|p1a: Kingambit|Defiant|boost
|-boost|p1a: Kingambit|atk|2
|-unboost|p1b: Incineroar|atk|1
|detailschange|p2a: Sceptile|Sceptile-Mega, L50, M
|-mega|p2a: Sceptile|Sceptile|Sceptilite
|move|p1b: Incineroar|Fake Out|p2a: Sceptile
|-damage|p2a: Sceptile|89/100
|cant|p2a: Sceptile|flinch
|move|p1a: Kingambit|Swords Dance|p1a: Kingambit
|-boost|p1a: Kingambit|atk|2
|
|upkeep
|turn|4
|
|t:|1785152636
|move|p1a: Kingambit|Protect|p1a: Kingambit
|-singleturn|p1a: Kingambit|Protect
|move|p2b: Incineroar|Fake Out|p1a: Kingambit
|-activate|p1a: Kingambit|move: Protect
|move|p2a: Sceptile|Earth Power|p1a: Kingambit
|-activate|p1a: Kingambit|move: Protect
|move|p1b: Incineroar|Parting Shot|p2a: Sceptile
|-unboost|p2a: Sceptile|atk|1
|-unboost|p2a: Sceptile|spa|1
|
|t:|1785152654
|switch|p1b: Blastoise|Blastoise, L50, M|100/100|[from] Parting Shot
|
|upkeep
|turn|5
|
|t:|1785152668
|detailschange|p1b: Blastoise|Blastoise-Mega, L50, M
|-mega|p1b: Blastoise|Blastoise|Blastoisinite
|move|p1a: Kingambit|Sucker Punch|p2a: Sceptile
|-damage|p2a: Sceptile|0 fnt
|faint|p2a: Sceptile
|-damage|p1a: Kingambit|80/100|[from] item: Life Orb
|move|p1b: Blastoise|Shell Smash|p1b: Blastoise
|-unboost|p1b: Blastoise|def|1
|-unboost|p1b: Blastoise|spd|1
|-boost|p1b: Blastoise|atk|2
|-boost|p1b: Blastoise|spa|2
|-boost|p1b: Blastoise|spe|2
|move|p2b: Incineroar|Roar|p1b: Blastoise
|drag|p1b: Incineroar|Incineroar, L50, M|100/100
|-ability|p1b: Incineroar|Intimidate|boost
|-unboost|p2b: Incineroar|atk|1
|
|upkeep
|
|t:|1785152679
|switch|p2a: Aerodactyl|Aerodactyl, L50, F|14/100
|-ability|p2a: Aerodactyl|Unnerve
|turn|6
|inactive|marillrag1 has 30 seconds left.
|
|t:|1785152704
|move|p1b: Incineroar|Fake Out|p2b: Incineroar
|-damage|p2b: Incineroar|91/100
|move|p2a: Aerodactyl|Rock Slide|p1a: Kingambit|[spread] p1a,p1b
|-resisted|p1a: Kingambit|1
|-supereffective|p1b: Incineroar|1
|-damage|p1a: Kingambit|71/100
|-damage|p1b: Incineroar|57/100
|cant|p2b: Incineroar|flinch
|move|p1a: Kingambit|Kowtow Cleave|p2a: Aerodactyl
|-damage|p2a: Aerodactyl|0 fnt
|faint|p2a: Aerodactyl
|-damage|p1a: Kingambit|61/100|[from] item: Life Orb
|
|upkeep
|
|t:|1785152715
|switch|p2a: Raichu|Raichu-Alola, L50, F|100/100
|turn|7
|
|t:|1785152723
|move|p1a: Kingambit|Sucker Punch|p2a: Raichu
|-supereffective|p2a: Raichu|1
|-damage|p2a: Raichu|0 fnt
|faint|p2a: Raichu
|-damage|p1a: Kingambit|52/100|[from] item: Life Orb
|move|p1b: Incineroar|Parting Shot|p2b: Incineroar
|-unboost|p2b: Incineroar|atk|1
|-unboost|p2b: Incineroar|spa|1
|
|t:|1785152726
|switch|p1b: Blastoise|Blastoise-Mega, L50, M|100/100|[from] Parting Shot
|move|p2b: Incineroar|Flare Blitz|p1a: Kingambit
|-supereffective|p1a: Kingambit|1
|-damage|p1a: Kingambit|14/100
|-damage|p2b: Incineroar|78/100|[from] Recoil
|
|upkeep
|turn|8
|
|t:|1785152740
|move|p1a: Kingambit|Sucker Punch|p2b: Incineroar
|-resisted|p2b: Incineroar|1
|-damage|p2b: Incineroar|35/100
|-enditem|p2b: Incineroar|Sitrus Berry|[eat]
|-heal|p2b: Incineroar|60/100|[from] item: Sitrus Berry
|-damage|p1a: Kingambit|4/100|[from] item: Life Orb
|move|p1b: Blastoise|Water Spout|p2b: Incineroar
|-supereffective|p2b: Incineroar|1
|-damage|p2b: Incineroar|0 fnt
|faint|p2b: Incineroar
|
|win|marillrag1
|raw|marillrag1's rating: 1133 → 1156(+23 for winning)
|raw|tchat 28's rating: 1107 → 1084(-23 for losing)
|l|☆tchat 28
|player|p2|
