|badge|p2|bronze|gen9doublesou|100-6
|uhtml|medal-msg|Curious what those medals under the avatar are? PS now has Ladder Seasons! For more information, check out the thread on Smogon.
|j|☆Fairy Juice Jay
|j|☆sheepie_sheep
|html|Fairy Juice Jaysheepie_sheep    
|uhtml|bestof|Game 1 of a best-of-3
|t:|1757728346
|gametype|doubles
|player|p1|Fairy Juice Jay|burgh-masters|
|player|p2|sheepie_sheep|allister-unmasked|
|gen|9
|tier|[Gen 9] VGC 2025 Reg H (Bo3)
|rule|Species Clause: Limit one of each Pokémon
|rule|Item Clause: Limit 1 of each item
|clearpoke
|poke|p1|Serperior, L50, M|
|poke|p1|Illumise, L50, F|
|poke|p1|Metagross, L50|
|poke|p1|Primarina, L50, F|
|poke|p1|Kommo-o, L50, F|
|poke|p1|Arcanine-Hisui, L50, F|
|poke|p2|Scizor, L50, F|
|poke|p2|Politoed, L50, F|
|poke|p2|Salamence, L50, F|
|poke|p2|Glimmora, L50, F|
|poke|p2|Kingdra, L50, F|
|poke|p2|Brambleghast, L50, M|
|teampreview|4
|showteam|p1|Serperior||WideLens|Contrary|LeafStorm,TeraBlast,LeechSeed,Protect|||M|||50|,,,,,Fire]Illumise||CovertCloak|Prankster|Uturn,Encore,FakeTears,Tailwind|||F|||50|,,,,,Dark]Metagross||AssaultVest|ClearBody|HeavySlam,PsychicFangs,StompingTantrum,BulletPunch||||||50|,,,,,Water]Primarina||Leftovers|LiquidVoice|HyperVoice,Moonblast,CalmMind,Protect|||F|||50|,,,,,Poison]Kommo-o||ThroatSpray|Overcoat|ClangingScales,Flamethrower,ClangorousSoul,Protect|||F|||50|,,,,,Fire]Arcanine-Hisui||SafetyGoggles|Intimidate|FlareBlitz,RockSlide,WillOWisp,Protect|||F|||50|,,,,,Grass
|showteam|p2|Scizor||MetalCoat|Technician|SwordsDance,BulletPunch,Protect,BugBite|||F|||50|,,,,,Steel]Politoed||EjectButton|Drizzle|WeatherBall,Protect,HelpingHand,IcyWind|||F|||50|,,,,,Grass]Salamence||LumBerry|Intimidate|Tailwind,Hurricane,Protect,DracoMeteor|||F|||50|,,,,,Steel]Glimmora||PowerHerb|ToxicDebris|MeteorBeam,SludgeBomb,SpikyShield,EarthPower|||F|||50|,,,,,Grass]Kingdra||LifeOrb|SwiftSwim|MuddyWater,WeatherBall,DracoMeteor,Protect|||F|||50|,,,,,Water]Brambleghast||FocusSash|WindRider|PowerWhip,Poltergeist,Protect,ShadowSneak|||M|||50|,,,,,Stellar
|inactive|Battle timer is ON: inactive players will automatically lose when time's up. (requested by Fairy Juice Jay)
|inactive|sheepie_sheep also wants the timer to be on.
|c|☆sheepie_sheep|glhf
|c|☆Fairy Juice Jay|GLHF
|inactive|Fairy Juice Jay has 60 seconds left.
|
|t:|1757728405
|teamsize|p1|4
|teamsize|p2|4
|start
|switch|p1a: Theodora|Illumise, L50, F|100/100
|switch|p1b: Sylvester|Serperior, L50, M|100/100
|switch|p2a: Salamence|Salamence, L50, F|100/100
|switch|p2b: Glimmora|Glimmora, L50, F|100/100
|-ability|p2a: Salamence|Intimidate|boost
|-unboost|p1a: Theodora|atk|1
|-boost|p1b: Sylvester|atk|1
|turn|1
|
|t:|1757728422
|move|p1a: Theodora|Fake Tears|p1b: Sylvester
|-boost|p1b: Sylvester|spd|2
|move|p1b: Sylvester|Leaf Storm|p2b: Glimmora
|-damage|p2b: Glimmora|47/100
|-boost|p1b: Sylvester|spa|2
|move|p2b: Glimmora|Meteor Beam||[still]
|-prepare|p2b: Glimmora|Meteor Beam
|-boost|p2b: Glimmora|spa|1
|-enditem|p2b: Glimmora|Power Herb
|-anim|p2b: Glimmora|Meteor Beam|p1b: Sylvester
|-damage|p1b: Sylvester|44/100
|move|p2a: Salamence|Tailwind|p2a: Salamence
|-sidestart|p2: sheepie_sheep|move: Tailwind
|
|upkeep
|turn|2
|
|t:|1757728444
|move|p1b: Sylvester|Protect|p1b: Sylvester
|-singleturn|p1b: Sylvester|Protect
|move|p1a: Theodora|Encore|p2a: Salamence
|-start|p2a: Salamence|Encore
|move|p2b: Glimmora|Sludge Bomb|p1a: Theodora
|-damage|p1a: Theodora|27/100
|move|p2a: Salamence|Tailwind||[still]
|-fail|p2a: Salamence
|
|upkeep
|turn|3
|
|t:|1757728455
|switch|p2a: Scizor|Scizor, L50, F|100/100
|move|p2b: Glimmora|Spiky Shield|p2b: Glimmora
|-singleturn|p2b: Glimmora|move: Protect
|move|p1a: Theodora|Fake Tears|p1b: Sylvester
|-boost|p1b: Sylvester|spd|2
|move|p1b: Sylvester|Leaf Storm|p2b: Glimmora
|-activate|p2b: Glimmora|move: Protect
|
|upkeep
|turn|4
|inactive|Fairy Juice Jay has 30 seconds left.
|j| 21Kieran
|
|t:|1757728487
|move|p1b: Sylvester|Protect|p1b: Sylvester
|-singleturn|p1b: Sylvester|Protect
|move|p2a: Scizor|Bullet Punch|p1a: Theodora
|-damage|p1a: Theodora|0 fnt
|faint|p1a: Theodora
|move|p2b: Glimmora|Sludge Bomb|p1b: Sylvester
|-activate|p1b: Sylvester|move: Protect
|
|-sideend|p2: sheepie_sheep|move: Tailwind
|upkeep
|
|t:|1757728492
|switch|p1a: Primarina|Primarina, L50, F|100/100
|turn|5
|
|t:|1757728501
|-terastallize|p1b: Sylvester|Fire
|-terastallize|p2a: Scizor|Steel
|move|p2a: Scizor|Bullet Punch|p1b: Sylvester
|-resisted|p1b: Sylvester
|-damage|p1b: Sylvester|11/100
|move|p1b: Sylvester|Leaf Storm|p2b: Glimmora
|-damage|p2b: Glimmora|0 fnt
|-boost|p1b: Sylvester|spa|2
|faint|p2b: Glimmora
|move|p1a: Primarina|Hyper Voice|p2a: Scizor
|-crit|p2a: Scizor
|-damage|p2a: Scizor|12/100
|
|upkeep
|
|t:|1757728504
|switch|p2b: Brambleghast|Brambleghast, L50, M|100/100
|turn|6
|c| 21Kieran|"its not like ill use scizor or something"
|c|☆sheepie_sheep|lal
|c|☆sheepie_sheep|vgc uu
|c| 21Kieran|ah
|inactive|Fairy Juice Jay has 30 seconds left.
|inactive|Fairy Juice Jay has 20 seconds left.
|inactive|Fairy Juice Jay has 15 seconds left.
|
|t:|1757728548
|move|p1b: Sylvester|Protect|p1b: Sylvester
|-singleturn|p1b: Sylvester|Protect
|move|p2a: Scizor|Bullet Punch|p1b: Sylvester
|-activate|p1b: Sylvester|move: Protect
|move|p2b: Brambleghast|Power Whip|p1a: Primarina
|-supereffective|p1a: Primarina
|-crit|p1a: Primarina
|-damage|p1a: Primarina|0 fnt
|faint|p1a: Primarina
|
|upkeep
|
|t:|1757728554
|switch|p1a: Kommo-o|Kommo-o, L50, F|100/100
|turn|7
|
|t:|1757728570
|move|p2b: Brambleghast|Shadow Sneak|p1b: Sylvester
|-damage|p1b: Sylvester|0 fnt
|faint|p1b: Sylvester
|move|p1a: Kommo-o|Clanging Scales|p2a: Scizor|[spread] p2a,p2b
|-resisted|p2a: Scizor
|-damage|p2a: Scizor|0 fnt
|-damage|p2b: Brambleghast|31/100
|faint|p2a: Scizor
|-unboost|p1a: Kommo-o|def|1
|-enditem|p1a: Kommo-o|Throat Spray
|-boost|p1a: Kommo-o|spa|1|[from] item: Throat Spray
|
|upkeep
|
|t:|1757728572
|switch|p2a: Salamence|Salamence, L50, F|100/100
|-ability|p2a: Salamence|Intimidate|boost
|-unboost|p1a: Kommo-o|atk|1
|turn|8
|
|t:|1757728585
|move|p1a: Kommo-o|Clanging Scales|p2a: Salamence|[spread] p2a,p2b
|-supereffective|p2a: Salamence
|-damage|p2a: Salamence|0 fnt
|-damage|p2b: Brambleghast|0 fnt
|faint|p2a: Salamence
|faint|p2b: Brambleghast
|
|win|Fairy Juice Jay
||sheepie_sheep is ready for game 2.
|c|☆sheepie_sheep|gg
|c|☆Fairy Juice Jay|Yo??
|inactive|Fairy Juice Jay has 30 seconds to confirm battle start!
||Fairy Juice Jay is ready for game 2.
|uhtml|next|Next: Game 2 of 3
|c|☆sheepie_sheep|I thought you weren't max speed
|l| 21Kieran
|l|☆sheepie_sheep
|player|p2|
|l|☆Fairy Juice Jay
|player|p1|
