|j|☆slakingsd
|j|☆BenniBenBau
|html|slakingsdBenniBenBau    
|uhtml|bestof|Game 1 of a best-of-3
|t:|1756409207
|gametype|doubles
|player|p1|slakingsd|2|
|player|p2|BenniBenBau|brycen|
|gen|9
|tier|[Gen 9] VGC 2025 Reg H (Bo3)
|rule|Species Clause: Limit one of each Pokémon
|rule|Item Clause: Limit 1 of each item
|clearpoke
|poke|p1|Typhlosion-Hisui, L50, F|
|poke|p1|Whimsicott, L50, F|
|poke|p1|Ursaluna-Bloodmoon, L50, M|
|poke|p1|Primarina, L50, F|
|poke|p1|Rillaboom, L50, F|
|poke|p1|Indeedee-F, L50, F|
|poke|p2|Politoed, L50, M|
|poke|p2|Archaludon, L50, F|
|poke|p2|Kingdra, L50, F|
|poke|p2|Incineroar, L50, M|
|poke|p2|Amoonguss, L50, M|
|poke|p2|Gothitelle, L50, M|
|teampreview|4
|showteam|p1|Typhlosion-Hisui||Charcoal|Blaze|Eruption,HeatWave,ShadowBall,Protect|||F|||50|,,,,,Fire]Whimsicott||CovertCloak|Prankster|Tailwind,Moonblast,SunnyDay,Encore|||F|||50|,,,,,Dark]Ursaluna-Bloodmoon||LifeOrb|MindsEye|HyperVoice,BloodMoon,EarthPower,Protect|||M|||50|,,,,,Normal]Primarina||ThroatSpray|LiquidVoice|Moonblast,HyperVoice,Haze,Protect|||F|||50|,,,,,Grass]Rillaboom||AssaultVest|GrassySurge|WoodHammer,FakeOut,Uturn,GrassyGlide|||F|||50|,,,,,Ghost]Indeedee-F||SafetyGoggles|PsychicSurge|Psychic,FollowMe,TrickRoom,HelpingHand|||F|||50|,,,,,Fairy
|showteam|p2|Politoed||Leftovers|Drizzle|Protect,WeatherBall,PerishSong,Encore|||M|||50|,,,,,Grass]Archaludon||PowerHerb|Sturdy|Protect,ElectroShot,FlashCannon,DragonPulse|||F|||50|,,,,,Electric]Kingdra||LifeOrb|SwiftSwim|Protect,DracoMeteor,WeatherBall,MuddyWater|||F|||50|,,,,,Stellar]Incineroar||SafetyGoggles|Intimidate|FakeOut,KnockOff,PartingShot,Protect|||M|||50|,,,,,Ghost]Amoonguss||EjectButton|Regenerator|Protect,RagePowder,Spore,PollenPuff|||M|||50|,,,,,Fairy]Gothitelle||SitrusBerry|ShadowTag|Protect,Psychic,FakeOut,TrickRoom|||M|||50|,,,,,Dark
|
|t:|1756409260
|teamsize|p1|4
|teamsize|p2|4
|start
|switch|p1a: Typhlosion|Typhlosion-Hisui, L50, F|100/100
|switch|p1b: Whimsicott|Whimsicott, L50, F|100/100
|switch|p2a: Politoed|Politoed, L50, M|100/100
|switch|p2b: Kingdra|Kingdra, L50, F|100/100
|-weather|RainDance|[from] ability: Drizzle|[of] p2a: Politoed
|turn|1
|
|t:|1756409294
|-terastallize|p2b: Kingdra|Stellar
|move|p1b: Whimsicott|Sunny Day|p1b: Whimsicott
|-weather|SunnyDay
|move|p1a: Typhlosion|Shadow Ball|p2b: Kingdra
|-damage|p2b: Kingdra|55/100
|move|p2b: Kingdra|Draco Meteor|p1a: Typhlosion
|-damage|p1a: Typhlosion|0 fnt
|-unboost|p2b: Kingdra|spa|2
|faint|p1a: Typhlosion
|-damage|p2b: Kingdra|45/100|[from] item: Life Orb
|move|p2a: Politoed|Weather Ball|p1b: Whimsicott
|-supereffective|p1b: Whimsicott
|-damage|p1b: Whimsicott|15/100
|
|-weather|SunnyDay|[upkeep]
|upkeep
|
|t:|1756409316
|switch|p1a: Indeedee|Indeedee-F, L50, F|100/100
|-fieldstart|move: Psychic Terrain|[from] ability: Psychic Surge|[of] p1a: Indeedee
|turn|2
|
|t:|1756409348
|switch|p2a: Incineroar|Incineroar, L50, M|100/100
|-ability|p2a: Incineroar|Intimidate|boost
|-unboost|p1a: Indeedee|atk|1
|-unboost|p1b: Whimsicott|atk|1
|move|p2b: Kingdra|Muddy Water|p1b: Whimsicott|[spread] p1a,p1b
|-resisted|p1b: Whimsicott
|-damage|p1a: Indeedee|93/100
|-damage|p1b: Whimsicott|8/100
|-damage|p2b: Kingdra|35/100|[from] item: Life Orb
|move|p1b: Whimsicott|Moonblast|p2a: Incineroar
|-damage|p2a: Incineroar|81/100
|-unboost|p2a: Incineroar|spa|1
|move|p1a: Indeedee|Psychic|p2b: Kingdra
|-damage|p2b: Kingdra|0 fnt
|faint|p2b: Kingdra
|
|-weather|SunnyDay|[upkeep]
|upkeep
|
|t:|1756409364
|switch|p2b: Gothitelle|Gothitelle, L50, M|100/100
|turn|3
|inactive|Battle timer is ON: inactive players will automatically lose when time's up. (requested by BenniBenBau)
|
|t:|1756409466
|-terastallize|p1a: Indeedee|Fairy
|move|p1a: Indeedee|Follow Me|p1a: Indeedee
|-singleturn|p1a: Indeedee|move: Follow Me
|move|p1b: Whimsicott|Moonblast|p2b: Gothitelle
|-damage|p2b: Gothitelle|80/100
|-unboost|p2b: Gothitelle|spa|1
|move|p2b: Gothitelle|Psychic|p1a: Indeedee
|-damage|p1a: Indeedee|74/100
|move|p2a: Incineroar|Knock Off|p1a: Indeedee
|-resisted|p1a: Indeedee
|-damage|p1a: Indeedee|47/100
|-enditem|p1a: Indeedee|Safety Goggles|[from] move: Knock Off|[of] p2a: Incineroar
|
|-weather|SunnyDay|[upkeep]
|upkeep
|turn|4
|inactive|slakingsd has 30 seconds left.
|inactive|slakingsd has 20 seconds left.
|
|t:|1756409503
|move|p1a: Indeedee|Helping Hand|p1b: Whimsicott
|-singleturn|p1b: Whimsicott|Helping Hand|[of] p1a: Indeedee
|move|p1b: Whimsicott|Moonblast|p2a: Incineroar
|-damage|p2a: Incineroar|54/100
|move|p2b: Gothitelle|Psychic|p1b: Whimsicott
|-damage|p1b: Whimsicott|0 fnt
|faint|p1b: Whimsicott
|move|p2a: Incineroar|Knock Off|p1a: Indeedee
|-resisted|p1a: Indeedee
|-damage|p1a: Indeedee|28/100
|
|-weather|SunnyDay|[upkeep]
|upkeep
|
|t:|1756409519
|switch|p1b: Primarina|Primarina, L50, F|100/100
|turn|5
|
|t:|1756409540
|switch|p2a: Politoed|Politoed, L50, M|100/100
|-weather|RainDance|[from] ability: Drizzle|[of] p2a: Politoed
|move|p1a: Indeedee|Helping Hand|p1b: Primarina
|-singleturn|p1b: Primarina|Helping Hand|[of] p1a: Indeedee
|move|p1b: Primarina|Hyper Voice|p2b: Gothitelle|[spread] p2a,p2b
|-resisted|p2a: Politoed
|-damage|p2a: Politoed|76/100
|-damage|p2b: Gothitelle|36/100
|-enditem|p2b: Gothitelle|Sitrus Berry|[eat]
|-heal|p2b: Gothitelle|60/100|[from] item: Sitrus Berry
|-enditem|p1b: Primarina|Throat Spray
|-boost|p1b: Primarina|spa|1|[from] item: Throat Spray
|move|p2b: Gothitelle|Psychic|p1b: Primarina
|-crit|p1b: Primarina
|-damage|p1b: Primarina|65/100
|
|-weather|RainDance|[upkeep]
|-heal|p2a: Politoed|82/100|[from] item: Leftovers
|upkeep
|turn|6
|inactive|slakingsd has 30 seconds left.
|inactive|BenniBenBau has 30 seconds left.
|
|t:|1756409572
|move|p2a: Politoed|Weather Ball|p1a: Indeedee
|-damage|p1a: Indeedee|0 fnt
|faint|p1a: Indeedee
|move|p1b: Primarina|Hyper Voice|p2b: Gothitelle|[spread] p2a,p2b
|-resisted|p2a: Politoed
|-damage|p2a: Politoed|57/100
|-damage|p2b: Gothitelle|11/100
|move|p2b: Gothitelle|Psychic|p1b: Primarina
|-damage|p1b: Primarina|49/100
|
|-weather|RainDance|[upkeep]
|-heal|p2a: Politoed|63/100|[from] item: Leftovers
|-fieldend|move: Psychic Terrain
|upkeep
|turn|7
|inactive|BenniBenBau has 30 seconds left.
|
|t:|1756409604
|move|p2b: Gothitelle|Protect|p2b: Gothitelle
|-singleturn|p2b: Gothitelle|Protect
|move|p2a: Politoed|Perish Song|p2a: Politoed
|-start|p1b: Primarina|perish3|[silent]
|-start|p2a: Politoed|perish3|[silent]
|-start|p2b: Gothitelle|perish3|[silent]
|-fieldactivate|move: Perish Song
|move|p1b: Primarina|Hyper Voice|p2a: Politoed|[spread] p2a
|-activate|p2b: Gothitelle|move: Protect
|-resisted|p2a: Politoed
|-damage|p2a: Politoed|40/100
|
|-weather|RainDance|[upkeep]
|-heal|p2a: Politoed|46/100|[from] item: Leftovers
|-start|p2a: Politoed|perish3
|-start|p1b: Primarina|perish3
|-start|p2b: Gothitelle|perish3
|upkeep
|turn|8
|
|t:|1756409622
|move|p2a: Politoed|Protect|p2a: Politoed
|-singleturn|p2a: Politoed|Protect
|move|p1b: Primarina|Hyper Voice|p2a: Politoed|[spread] p2b
|-activate|p2a: Politoed|move: Protect
|-damage|p2b: Gothitelle|0 fnt
|faint|p2b: Gothitelle
|
|-weather|RainDance|[upkeep]
|-heal|p2a: Politoed|52/100|[from] item: Leftovers
|-start|p2a: Politoed|perish2
|-start|p1b: Primarina|perish2
|upkeep
|
|t:|1756409632
|switch|p2b: Incineroar|Incineroar, L50, M|54/100
|-ability|p2b: Incineroar|Intimidate|boost
|-unboost|p1b: Primarina|atk|1
|turn|9
|
|t:|1756409639
|move|p1b: Primarina|Protect|p1b: Primarina
|-singleturn|p1b: Primarina|Protect
|move|p2b: Incineroar|Fake Out|p1b: Primarina
|-activate|p1b: Primarina|move: Protect
|move|p2a: Politoed|Weather Ball|p1b: Primarina
|-activate|p1b: Primarina|move: Protect
|
|-weather|none
|-heal|p2a: Politoed|58/100|[from] item: Leftovers
|-start|p2a: Politoed|perish1
|-start|p1b: Primarina|perish1
|upkeep
|turn|10
|
|t:|1756409653
|move|p2b: Incineroar|Protect|p2b: Incineroar
|-singleturn|p2b: Incineroar|Protect
|move|p2a: Politoed|Encore|p1b: Primarina
|-start|p1b: Primarina|Encore
|move|p1b: Primarina|Protect||[still]
|-fail|p1b: Primarina
|
|-heal|p2a: Politoed|64/100|[from] item: Leftovers
|-start|p2a: Politoed|perish0
|-start|p1b: Primarina|perish0
|faint|p2a: Politoed
|faint|p1b: Primarina
|
|win|BenniBenBau
||BenniBenBau is ready for game 2.
|inactive|slakingsd has 30 seconds to confirm battle start!
||slakingsd is ready for game 2.
|uhtml|next|Next: Game 2 of 3
|l|☆slakingsd
|player|p1|
