|j|☆blackstorm games
|j|☆wind charmer
|html|blackstorm gameswind charmer    
|uhtml|bestof|Game 2 of a best-of-3
|t:|1756431259
|gametype|doubles
|player|p1|blackstorm games|1|1116
|player|p2|wind charmer|jasmine|1124
|gen|9
|tier|[Gen 9] VGC 2025 Reg H (Bo3)
|rated|
|rule|Species Clause: Limit one of each Pokémon
|rule|Item Clause: Limit 1 of each item
|clearpoke
|poke|p1|Gholdengo, L50|
|poke|p1|Incineroar, L50, M|
|poke|p1|Amoonguss, L50, F|
|poke|p1|Dragonite, L50, M|
|poke|p1|Primarina, L50, F|
|poke|p1|Garchomp, L50, M|
|poke|p2|Garchomp, L50, F|
|poke|p2|Milotic, L50, M|
|poke|p2|Gholdengo, L50|
|poke|p2|Talonflame, L50, F|
|poke|p2|Amoonguss, L50, M|
|poke|p2|Tyranitar, L50, F|
|teampreview|4
|showteam|p1|Gholdengo||LifeOrb|GoodasGold|MakeItRain,ShadowBall,NastyPlot,Protect||||||50|,,,,,Water]Incineroar||SafetyGoggles|Intimidate|KnockOff,FlareBlitz,FakeOut,PartingShot|||M|||50|,,,,,Ghost]Amoonguss||CovertCloak|Regenerator|RagePowder,PollenPuff,Protect,Spore|||F|||50|,,,,,Dark]Dragonite||LoadedDice|Multiscale|ScaleShot,Tailwind,Protect,Haze|||M|||50|,,,,,Fairy]Primarina||AssaultVest|LiquidVoice|HyperVoice,Moonblast,IcyWind,DazzlingGleam|||F|||50|,,,,,Poison]Garchomp||ClearAmulet|SandVeil|DragonClaw,Earthquake,SwordsDance,Protect|||M|||50|,,,,,Fire
|showteam|p2|Garchomp||LifeOrb|RoughSkin|Earthquake,StompingTantrum,DragonClaw,Protect|||F|||50|,,,,,Ground]Milotic||SafetyGoggles|Competitive|Scald,IcyWind,Haze,Protect|||M|||50|,,,,,Dragon]Gholdengo||MetalCoat|GoodasGold|MakeItRain,ShadowBall,NastyPlot,Protect||||||50|,,,,,Flying]Talonflame||CovertCloak|GaleWings|BraveBird,Tailwind,WillOWisp,Taunt|||F|||50|,,,,,Ghost]Amoonguss||SitrusBerry|Regenerator|Spore,PollenPuff,RagePowder,Protect|||M|||50|,,,,,Water]Tyranitar||AssaultVest|SandStream|RockSlide,KnockOff,LowKick,TeraBlast|||F|||50|,,,,,Flying
|
|t:|1756431308
|teamsize|p1|4
|teamsize|p2|4
|start
|switch|p1a: Primarina|Primarina, L50, F|100/100
|switch|p1b: Dragonite|Dragonite, L50, M|100/100
|switch|p2a: Milotic|Milotic, L50, M|100/100
|switch|p2b: Gholdengo|Gholdengo, L50|100/100
|turn|1
|
|t:|1756431326
|switch|p1b: Amoonguss|Amoonguss, L50, F|100/100
|move|p2b: Gholdengo|Make It Rain|p1b: Amoonguss|[spread] p1a,p1b
|-damage|p1a: Primarina|66/100
|-damage|p1b: Amoonguss|48/100
|-unboost|p2b: Gholdengo|spa|1
|move|p2a: Milotic|Icy Wind|p1b: Amoonguss|[spread] p1a,p1b
|-resisted|p1a: Primarina
|-supereffective|p1b: Amoonguss
|-damage|p1a: Primarina|63/100
|-damage|p1b: Amoonguss|26/100
|-unboost|p1a: Primarina|spe|1
|move|p1a: Primarina|Hyper Voice|p2b: Gholdengo|[spread] p2a,p2b
|-resisted|p2a: Milotic
|-damage|p2a: Milotic|89/100
|-damage|p2b: Gholdengo|54/100
|
|upkeep
|turn|2
|
|t:|1756431356
|move|p1b: Amoonguss|Protect|p1b: Amoonguss
|-singleturn|p1b: Amoonguss|Protect
|move|p2b: Gholdengo|Make It Rain|p1b: Amoonguss|[spread] p1a
|-activate|p1b: Amoonguss|move: Protect
|-crit|p1a: Primarina
|-damage|p1a: Primarina|6/100
|-unboost|p2b: Gholdengo|spa|1
|move|p2a: Milotic|Icy Wind|p1a: Primarina|[spread] p1a
|-activate|p1b: Amoonguss|move: Protect
|-resisted|p1a: Primarina
|-damage|p1a: Primarina|4/100
|-unboost|p1a: Primarina|spe|1
|move|p1a: Primarina|Hyper Voice|p2b: Gholdengo|[spread] p2a,p2b
|-resisted|p2a: Milotic
|-damage|p2a: Milotic|75/100
|-damage|p2b: Gholdengo|9/100
|
|upkeep
|turn|3
|
|t:|1756431386
|move|p1b: Amoonguss|Protect||[still]
|-fail|p1b: Amoonguss
|move|p2b: Gholdengo|Make It Rain|p1b: Amoonguss|[spread] p1a,p1b
|-damage|p1a: Primarina|0 fnt
|-damage|p1b: Amoonguss|0 fnt
|-unboost|p2b: Gholdengo|spa|1
|faint|p1a: Primarina
|faint|p1b: Amoonguss
|move|p2a: Milotic|Haze|p2a: Milotic
|-clearallboost
|
|upkeep
|
|t:|1756431397
|switch|p1a: Garchomp|Garchomp, L50, M|100/100
|switch|p1b: Dragonite|Dragonite, L50, M|100/100
|turn|4
|
|t:|1756431420
|move|p2a: Milotic|Protect|p2a: Milotic
|-singleturn|p2a: Milotic|Protect
|move|p1a: Garchomp|Earthquake|p2a: Milotic|[spread] p2b
|-activate|p2a: Milotic|move: Protect
|-immune|p1b: Dragonite
|-supereffective|p2b: Gholdengo
|-damage|p2b: Gholdengo|0 fnt
|faint|p2b: Gholdengo
|move|p1b: Dragonite|Scale Shot|p2a: Milotic
|-activate|p2a: Milotic|move: Protect
|
|upkeep
|
|t:|1756431429
|switch|p2b: Talonflame|Talonflame, L50, F|100/100
|turn|5
|
|t:|1756431458
|-terastallize|p1a: Garchomp|Fire
|move|p2b: Talonflame|Tailwind|p2b: Talonflame
|-sidestart|p2: wind charmer|move: Tailwind
|move|p2a: Milotic|Icy Wind|p1b: Dragonite|[spread] p1a,p1b
|-resisted|p1a: Garchomp
|-supereffective|p1b: Dragonite
|-damage|p1a: Garchomp|95/100
|-damage|p1b: Dragonite|77/100
|-unboost|p1b: Dragonite|spe|1
|move|p1a: Garchomp|Dragon Claw|p2a: Milotic
|-damage|p2a: Milotic|27/100
|move|p1b: Dragonite|Scale Shot|p2a: Milotic
|-damage|p2a: Milotic|12/100
|-damage|p2a: Milotic|0 fnt
|faint|p2a: Milotic
|-hitcount|p2: Milotic|2
|-unboost|p1b: Dragonite|def|1
|-boost|p1b: Dragonite|spe|1
|
|upkeep
|
|t:|1756431471
|switch|p2a: Garchomp|Garchomp, L50, F|100/100
|turn|6
|
|t:|1756431501
|-terastallize|p2a: Garchomp|Ground
|move|p1b: Dragonite|Protect|p1b: Dragonite
|-singleturn|p1b: Dragonite|Protect
|move|p2b: Talonflame|Brave Bird|p1a: Garchomp
|-damage|p1a: Garchomp|58/100
|-damage|p2b: Talonflame|88/100|[from] Recoil
|move|p2a: Garchomp|Dragon Claw|p1b: Dragonite
|-activate|p1b: Dragonite|move: Protect
|move|p1a: Garchomp|Dragon Claw|p2a: Garchomp
|-damage|p2a: Garchomp|58/100
|-damage|p1a: Garchomp|46/100|[from] ability: Rough Skin|[of] p2a: Garchomp
|
|upkeep
|turn|7
|-message|blackstorm games forfeited.
|
|win|wind charmer
|raw|blackstorm games's rating: 1116 → 1092(-24 for losing)
|raw|wind charmer's rating: 1124 → 1148(+24 for winning)
|l|☆blackstorm games
|player|p1|
