|j|☆the bags12
|j|☆ToastedArt
|html|the bags12ToastedArt    
|uhtml|bestof|Game 1 of a best-of-3
|t:|1785366552
|gametype|doubles
|player|p1|the bags12|falkner|1216
|player|p2|ToastedArt|iris|1124
|gen|9
|tier|[Gen 9 Champions] VGC 2026 Reg M-B (Bo3)
|rated|
|rule|Species Clause: Limit one of each Pokémon
|rule|Item Clause: Limit 1 of each item
|clearpoke
|poke|p1|Staraptor, L50, M, shiny|
|poke|p1|Garchomp, L50, M, shiny|
|poke|p1|Basculegion, L50, M, shiny|
|poke|p1|Scizor, L50, M, shiny|
|poke|p1|Grimmsnarl, L50, M, shiny|
|poke|p1|Incineroar, L50, M, shiny|
|poke|p2|Falinks, L50, shiny|
|poke|p2|Gholdengo, L50|
|poke|p2|Sinistcha, L50|
|poke|p2|Grimmsnarl, L50, M|
|poke|p2|Incineroar, L50, F|
|poke|p2|Hydreigon, L50, F, shiny|
|teampreview|4
|showteam|p1|Staraptor||Staraptite|Intimidate|CloseCombat,DualWingbeat,Roost,Protect|Adamant||M|||50|]Garchomp||LifeOrb|RoughSkin|DragonClaw,Earthquake,IronHead,RockSlide|Adamant||M|||50|]Basculegion||ChoiceScarf|Adaptability|LastRespects,WaveCrash,AquaJet,FlipTurn|Jolly||M|||50|]Scizor||MetalCoat|Technician|Uturn,BulletPunch,KnockOff,CloseCombat|Brave||M|||50|]Grimmsnarl||LightClay|Prankster|PartingShot,ScaryFace,Reflect,LightScreen|Calm||M|||50|]Incineroar||Leftovers|Intimidate|FlareBlitz,PartingShot,FakeOut,DarkestLariat|Adamant||M|||50|
|showteam|p2|Falinks||Falinksite|Defiant|NoRetreat,CloseCombat,RockSlide,Protect|Adamant|||||50|]Gholdengo||LifeOrb|GoodasGold|MakeItRain,ShadowBall,NastyPlot,Protect|Modest|||||50|]Sinistcha||CobaBerry|Hospitality|MatchaGotcha,RagePowder,TrickRoom,Protect|Relaxed|||||50|]Grimmsnarl||LightClay|Prankster|SpiritBreak,LightScreen,Reflect,PartingShot|Careful||M|||50|]Incineroar||SitrusBerry|Intimidate|FlareBlitz,Taunt,PartingShot,FakeOut|Careful||F|||50|]Hydreigon||ChoiceScarf|Levitate|DarkPulse,DracoMeteor,EarthPower,Snarl|Timid||F|||50|
|inactive|Battle timer is ON: inactive players will automatically lose when time's up. (requested by the bags12)
|inactive|ToastedArt also wants the timer to be on.
|inactive|the bags12 has 60 seconds left.
|inactive|ToastedArt has 60 seconds left.
|inactive|ToastedArt has 30 seconds left.
|
|t:|1785366613
|teamsize|p1|4
|teamsize|p2|4
|start
|switch|p1a: Mighty Eagle|Staraptor, L50, M, shiny|100/100
|switch|p1b: Haaland|Grimmsnarl, L50, M, shiny|100/100
|switch|p2a: Gholdengo|Gholdengo, L50|100/100
|switch|p2b: Grimmsnarl|Grimmsnarl, L50, M|100/100
|-ability|p1a: Mighty Eagle|Intimidate|boost
|-unboost|p2a: Gholdengo|atk|1
|-unboost|p2b: Grimmsnarl|atk|1
|turn|1
|inactive|ToastedArt has 30 seconds left.
|
|t:|1785366639
|detailschange|p1a: Mighty Eagle|Staraptor-Mega, L50, M, shiny
|-mega|p1a: Mighty Eagle|Staraptor|Staraptite
|move|p1b: Haaland|Light Screen|p1b: Haaland
|-sidestart|p1: the bags12|move: Light Screen
|move|p2b: Grimmsnarl|Reflect|p2b: Grimmsnarl
|-sidestart|p2: ToastedArt|Reflect
|move|p2a: Gholdengo|Nasty Plot|p2a: Gholdengo
|-boost|p2a: Gholdengo|spa|2
|move|p1a: Mighty Eagle|Close Combat|p2b: Grimmsnarl
|-damage|p2b: Grimmsnarl|45/100
|-boost|p1a: Mighty Eagle|def|1
|-boost|p1a: Mighty Eagle|spd|1
|
|upkeep
|turn|2
|
|t:|1785366661
|move|p2b: Grimmsnarl|Light Screen|p2b: Grimmsnarl
|-sidestart|p2: ToastedArt|move: Light Screen
|move|p1b: Haaland|Scary Face|p1a: Mighty Eagle
|-boost|p1a: Mighty Eagle|spe|2
|move|p1a: Mighty Eagle|Close Combat|p2b: Grimmsnarl
|-damage|p2b: Grimmsnarl|0 fnt
|-boost|p1a: Mighty Eagle|def|1
|-boost|p1a: Mighty Eagle|spd|1
|faint|p2b: Grimmsnarl
|move|p2a: Gholdengo|Nasty Plot|p2a: Gholdengo
|-boost|p2a: Gholdengo|spa|2
|
|upkeep
|
|t:|1785366669
|switch|p2b: Incineroar|Incineroar, L50, F|100/100
|-ability|p2b: Incineroar|Intimidate|boost
|-boost|p1a: Mighty Eagle|atk|1
|-unboost|p1b: Haaland|atk|1
|turn|3
|
|t:|1785366674
|switch|p1b: Incin|Incineroar, L50, M, shiny|100/100
|-ability|p1b: Incin|Intimidate|boost
|-unboost|p2a: Gholdengo|atk|1
|-unboost|p2b: Incineroar|atk|1
|move|p1a: Mighty Eagle|Protect|p1a: Mighty Eagle
|-singleturn|p1a: Mighty Eagle|Protect
|move|p2b: Incineroar|Fake Out|p1a: Mighty Eagle
|-activate|p1a: Mighty Eagle|move: Protect
|move|p2a: Gholdengo|Nasty Plot|p2a: Gholdengo
|-boost|p2a: Gholdengo|spa|2
|
|upkeep
|turn|4
|
|t:|1785366693
|move|p1a: Mighty Eagle|Close Combat|p2b: Incineroar
|-supereffective|p2b: Incineroar|1
|-damage|p2b: Incineroar|0 fnt
|-boost|p1a: Mighty Eagle|def|1
|-boost|p1a: Mighty Eagle|spd|1
|faint|p2b: Incineroar
|move|p2a: Gholdengo|Shadow Ball|p1a: Mighty Eagle
|-damage|p1a: Mighty Eagle|37/100
|-damage|p2a: Gholdengo|90/100|[from] item: Life Orb
|move|p1b: Incin|Flare Blitz|p2a: Gholdengo
|-supereffective|p2a: Gholdengo|1
|-damage|p2a: Gholdengo|2/100
|-damage|p1b: Incin|72/100|[from] Recoil
|
|-heal|p1b: Incin|78/100|[from] item: Leftovers
|upkeep
|
|t:|1785366700
|switch|p2b: Falinks|Falinks, L50, shiny|100/100
|turn|5
|
|t:|1785366713
|detailschange|p2b: Falinks|Falinks-Mega, L50, shiny
|-mega|p2b: Falinks|Falinks|Falinksite
|move|p1a: Mighty Eagle|Roost|p1a: Mighty Eagle
|-heal|p1a: Mighty Eagle|87/100
|-singleturn|p1a: Mighty Eagle|move: Roost
|move|p2b: Falinks|Close Combat|p1b: Incin
|-supereffective|p1b: Incin|1
|-damage|p1b: Incin|0 fnt
|-unboost|p2b: Falinks|def|1
|-unboost|p2b: Falinks|spd|1
|faint|p1b: Incin
|move|p2a: Gholdengo|Make It Rain|p1a: Mighty Eagle
|-damage|p1a: Mighty Eagle|5/100
|-unboost|p2a: Gholdengo|spa|2
|-damage|p2a: Gholdengo|0 fnt|[from] item: Life Orb
|faint|p2a: Gholdengo
|
|upkeep
|
|t:|1785366718
|switch|p1b: Haaland|Grimmsnarl, L50, M, shiny|100/100
|turn|6
|
|t:|1785366730
|move|p1b: Haaland|Reflect|p1b: Haaland
|-sidestart|p1: the bags12|Reflect
|move|p1a: Mighty Eagle|Roost|p1a: Mighty Eagle
|-heal|p1a: Mighty Eagle|55/100
|-singleturn|p1a: Mighty Eagle|move: Roost
|move|p2b: Falinks|Rock Slide|p1a: Mighty Eagle|[spread] p1a,p1b
|-resisted|p1a: Mighty Eagle|1
|-damage|p1a: Mighty Eagle|52/100
|-damage|p1b: Haaland|82/100
|
|upkeep
|turn|7
|
|t:|1785366737
|move|p1b: Haaland|Parting Shot|p1a: Mighty Eagle
|-boost|p1a: Mighty Eagle|atk|1
|-boost|p1a: Mighty Eagle|spa|1
|
|t:|1785366740
|switch|p1b: fih|Basculegion, L50, M, shiny|100/100|[from] Parting Shot
|move|p1a: Mighty Eagle|Dual Wingbeat|p2b: Falinks
|-supereffective|p2b: Falinks|1
|-damage|p2b: Falinks|0 fnt
|faint|p2b: Falinks
|-hitcount|p2: Falinks|1
|
|win|the bags12
