|j|☆IngeVGC
|j|☆huusjsj
|html|IngeVGChuusjsj    
|uhtml|bestof|Game 3 of a best-of-3
|t:|1755632235
|gametype|doubles
|player|p1|IngeVGC|fisherman-gen4|1167
|player|p2|huusjsj|bugcatcher-gen4dp|1468
|gen|9
|tier|[Gen 9] VGC 2025 Reg H (Bo3)
|rated|
|rule|Species Clause: Limit one of each Pokémon
|rule|Item Clause: Limit 1 of each item
|clearpoke
|poke|p1|Kingambit, L50, F|
|poke|p1|Rillaboom, L50, F|
|poke|p1|Electabuzz, L50, M|
|poke|p1|Volcarona, L50, F|
|poke|p1|Sneasler, L50, F|
|poke|p1|Dragonite, L50, M|
|poke|p2|Annihilape, L50, F|
|poke|p2|Maushold-Four, L50|
|poke|p2|Klefki, L50, M|
|poke|p2|Ursaluna-Bloodmoon, L50, M|
|poke|p2|Ninetales-Alola, L50, F|
|poke|p2|Sinistcha, L50|
|teampreview|4
|showteam|p1|Kingambit||BlackGlasses|Defiant|Protect,KowtowCleave,SuckerPunch,SwordsDance|||F|||50|,,,,,Dark]Rillaboom||AssaultVest|GrassySurge|WoodHammer,GrassyGlide,HighHorsepower,FakeOut|||F|||50|,,,,,Fire]Electabuzz||Eviolite|VitalSpirit|Protect,Thunderbolt,HelpingHand,FollowMe|||M|||50|,,,,,Ghost]Volcarona||CovertCloak|FlameBody|Protect,HeatWave,TeraBlast,QuiverDance|||F|||50|,,,,,Fairy]Sneasler||FocusSash|Unburden|CloseCombat,DireClaw,Coaching,FakeOut|||F|||50|,,,,,Stellar]Dragonite||LoadedDice|Multiscale|ScaleShot,Haze,ExtremeSpeed,Protect|||M|||50|,,,,,Fairy
|showteam|p2|Annihilape||Leftovers|Defiant|RageFist,BulkUp,DrainPunch,Protect|||F|||50|,,,,,Fire]Maushold-Four||SafetyGoggles|FriendGuard|FollowMe,Taunt,BeatUp,Protect||||||50|,,,,,Ghost]Klefki||LightClay|Prankster|Reflect,LightScreen,MistyTerrain,DazzlingGleam|||M|||50|,,,,,Ghost]Ursaluna-Bloodmoon||AssaultVest|MindsEye|BloodMoon,HyperVoice,EarthPower,VacuumWave|||M|||50|,,,,,Water]Ninetales-Alola||FocusSash|SnowWarning|Blizzard,FreezeDry,Encore,Protect|||F|||50|,,,,,Ghost]Sinistcha||SitrusBerry|Hospitality|MatchaGotcha,TrickRoom,LifeDew,RagePowder||||||50|,,,,,Water
|inactive|Battle timer is ON: inactive players will automatically lose when time's up. (requested by huusjsj)
|
|t:|1755632246
|teamsize|p1|4
|teamsize|p2|4
|start
|switch|p1a: Volcarona|Volcarona, L50, F|100/100
|switch|p1b: Snarf|Electabuzz, L50, M|100/100
|switch|p2a: Maushold|Maushold-Four, L50|100/100
|switch|p2b: Annihilape|Annihilape, L50, F, shiny|100/100
|turn|1
|
|t:|1755632252
|-terastallize|p2b: Annihilape|Fire
|move|p1a: Volcarona|Protect|p1a: Volcarona
|-singleturn|p1a: Volcarona|Protect
|move|p2a: Maushold|Taunt|p1a: Volcarona
|-activate|p1a: Volcarona|move: Protect
|move|p2b: Annihilape|Bulk Up|p2b: Annihilape
|-boost|p2b: Annihilape|atk|1
|-boost|p2b: Annihilape|def|1
|move|p1b: Snarf|Thunderbolt|p2a: Maushold
|-damage|p2a: Maushold|65/100
|-status|p2a: Maushold|par
|
|upkeep
|turn|2
|
|t:|1755632266
|move|p1b: Snarf|Follow Me|p1b: Snarf
|-singleturn|p1b: Snarf|move: Follow Me
|move|p2b: Annihilape|Bulk Up|p2b: Annihilape
|-boost|p2b: Annihilape|atk|1
|-boost|p2b: Annihilape|def|1
|move|p1a: Volcarona|Quiver Dance|p1a: Volcarona
|-boost|p1a: Volcarona|spa|1
|-boost|p1a: Volcarona|spd|1
|-boost|p1a: Volcarona|spe|1
|cant|p2a: Maushold|par
|
|upkeep
|turn|3
|
|t:|1755632290
|move|p1b: Snarf|Follow Me|p1b: Snarf
|-singleturn|p1b: Snarf|move: Follow Me
|move|p1a: Volcarona|Quiver Dance|p1a: Volcarona
|-boost|p1a: Volcarona|spa|1
|-boost|p1a: Volcarona|spd|1
|-boost|p1a: Volcarona|spe|1
|move|p2b: Annihilape|Bulk Up|p2b: Annihilape
|-boost|p2b: Annihilape|atk|1
|-boost|p2b: Annihilape|def|1
|cant|p2a: Maushold|par
|
|upkeep
|turn|4
|c|☆huusjsj|maushold🥀
|inactive|huusjsj has 30 seconds left.
|
|t:|1755632322
|move|p2a: Maushold|Protect|p2a: Maushold
|-singleturn|p2a: Maushold|Protect
|move|p1b: Snarf|Follow Me|p1b: Snarf
|-singleturn|p1b: Snarf|move: Follow Me
|move|p1a: Volcarona|Heat Wave|p2a: Maushold|[spread] p2b
|-activate|p2a: Maushold|move: Protect
|-resisted|p2b: Annihilape
|-damage|p2b: Annihilape|75/100
|move|p2b: Annihilape|Bulk Up|p2b: Annihilape
|-boost|p2b: Annihilape|atk|1
|-boost|p2b: Annihilape|def|1
|
|-heal|p2b: Annihilape|81/100|[from] item: Leftovers
|upkeep
|turn|5
|
|t:|1755632342
|cant|p2a: Maushold|par
|move|p1b: Snarf|Follow Me|p1b: Snarf
|-singleturn|p1b: Snarf|move: Follow Me
|move|p1a: Volcarona|Heat Wave|p2b: Annihilape|[spread] p2a,p2b
|-resisted|p2b: Annihilape
|-damage|p2a: Maushold|0 fnt
|-damage|p2b: Annihilape|58/100
|faint|p2a: Maushold
|move|p2b: Annihilape|Rage Fist|p1b: Snarf
|-damage|p1b: Snarf|0 fnt
|faint|p1b: Snarf
|
|-heal|p2b: Annihilape|64/100|[from] item: Leftovers
|upkeep
|
|t:|1755632352
|switch|p2a: Ninetales|Ninetales-Alola, L50, F, shiny|100/100
|switch|p1b: Vanessa|Sneasler, L50, F|100/100
|-weather|Snowscape|[from] ability: Snow Warning|[of] p2a: Ninetales
|turn|6
|
|t:|1755632360
|move|p1b: Vanessa|Fake Out|p2b: Annihilape
|-damage|p2b: Annihilape|60/100
|move|p1a: Volcarona|Heat Wave|p2b: Annihilape|[spread] p2a,p2b
|-supereffective|p2a: Ninetales
|-resisted|p2b: Annihilape
|-enditem|p2a: Ninetales|Focus Sash
|-damage|p2a: Ninetales|1/100
|-damage|p2b: Annihilape|28/100
|move|p2a: Ninetales|Blizzard|p1b: Vanessa|[spread] p1a,p1b
|-resisted|p1a: Volcarona
|-crit|p1b: Vanessa
|-damage|p1a: Volcarona|93/100
|-damage|p1b: Vanessa|33/100
|cant|p2b: Annihilape|flinch
|
|-weather|Snowscape|[upkeep]
|-heal|p2b: Annihilape|34/100|[from] item: Leftovers
|upkeep
|turn|7
|
|t:|1755632381
|move|p2b: Annihilape|Protect|p2b: Annihilape
|-singleturn|p2b: Annihilape|Protect
|move|p1a: Volcarona|Heat Wave|p2a: Ninetales|[spread] p2a
|-activate|p2b: Annihilape|move: Protect
|-supereffective|p2a: Ninetales
|-damage|p2a: Ninetales|0 fnt
|faint|p2a: Ninetales
|move|p1b: Vanessa|Close Combat|p2b: Annihilape
|-activate|p2b: Annihilape|move: Protect
|
|-weather|Snowscape|[upkeep]
|-heal|p2b: Annihilape|40/100|[from] item: Leftovers
|upkeep
|
|t:|1755632387
|switch|p2a: Ursaluna|Ursaluna-Bloodmoon, L50, M|100/100
|turn|8
|
|t:|1755632400
|-terastallize|p1a: Volcarona|Fairy
|move|p2b: Annihilape|Protect||[still]
|-fail|p2b: Annihilape
|move|p1a: Volcarona|Tera Blast|p2b: Annihilape|[anim] Tera Blast Fairy
|-resisted|p2b: Annihilape
|-crit|p2b: Annihilape
|-damage|p2b: Annihilape|0 fnt
|faint|p2b: Annihilape
|move|p1b: Vanessa|Close Combat|p2a: Ursaluna
|-supereffective|p2a: Ursaluna
|-damage|p2a: Ursaluna|10/100
|-unboost|p1b: Vanessa|def|1
|-unboost|p1b: Vanessa|spd|1
|move|p2a: Ursaluna|Hyper Voice|p1a: Volcarona|[spread] p1a,p1b
|-damage|p1a: Volcarona|78/100
|-damage|p1b: Vanessa|0 fnt
|faint|p1b: Vanessa
|
|-weather|Snowscape|[upkeep]
|upkeep
|
|t:|1755632402
|switch|p1b: Yellow Ord|Dragonite, L50, M|100/100
|turn|9
|-message|huusjsj forfeited.
|
|win|IngeVGC
|raw|IngeVGC's rating: 1167 → 1209(+42 for winning)
|raw|huusjsj's rating: 1468 → 1434(-34 for losing)
|l|☆huusjsj
|player|p2|
