|j|☆AN555GEL
|j|☆Gworf
|html|AN555GELGworf    
|uhtml|bestof|Game 1 of a best-of-3
|t:|1756243295
|gametype|doubles
|player|p1|AN555GEL|170|1186
|player|p2|Gworf|acetrainer-gen4dp|1098
|gen|9
|tier|[Gen 9] VGC 2025 Reg H (Bo3)
|rated|
|rule|Species Clause: Limit one of each Pokémon
|rule|Item Clause: Limit 1 of each item
|clearpoke
|poke|p1|Archaludon, L50, F|
|poke|p1|Basculegion, L50, M|
|poke|p1|Pelipper, L50, M|
|poke|p1|Incineroar, L50, M|
|poke|p1|Clefable, L50, F|
|poke|p1|Gholdengo, L50|
|poke|p2|Ninetales, L50, M|
|poke|p2|Archaludon, L50, M|
|poke|p2|Charizard, L50, M|
|poke|p2|Hatterene, L50, F|
|poke|p2|Indeedee, L50, M|
|poke|p2|Dragapult, L50, F|
|teampreview|4
|showteam|p1|Archaludon||AssaultVest|Stamina|ElectroShot,BodyPress,DragonPulse,Snarl|||F|||50|,,,,,Grass]Basculegion||ChoiceBand|SwiftSwim|AquaJet,WaveCrash,FlipTurn,LastRespects|||M|||50|,,,,,Water]Pelipper||FocusSash|Drizzle|WeatherBall,Hurricane,Tailwind,Protect|||M|||50|,,,,,Ghost]Incineroar||SitrusBerry|Intimidate|FakeOut,KnockOff,Taunt,PartingShot|||M|||50|,,,,,Ghost]Clefable||SafetyGoggles|Unaware|Moonblast,FollowMe,Protect,LifeDew|||F|||50|,,,,,Water]Gholdengo||LifeOrb|GoodasGold|MakeItRain,NastyPlot,ShadowBall,Protect||||||50|,,,,,Water
|showteam|p2|Ninetales||Charcoal|Drought|HeatWave,WeatherBall,NastyPlot,Protect|||M|||50|,,,,,Stellar]Archaludon||PowerHerb|Stamina|ElectroShot,FlashCannon,DragonPulse,BodyPress|||M|||50|,,,,,Ghost]Charizard||ChoiceSpecs|SolarPower|HeatWave,FireBlast,DragonPulse,ScorchingSands|||M|||50|,,,,,Ghost]Hatterene||LifeOrb|MagicBounce|ExpandingForce,MysticalFire,AfterYou,Protect|||F|||50|,,,,,Fire]Indeedee||ChoiceScarf|PsychicSurge|ExpandingForce,HyperVoice,AfterYou,Trick|||M|||50|,,,,,Psychic]Dragapult||FocusSash|ClearBody|DragonDarts,PhantomForce,Uturn,Protect|||F|||50|,,,,,Dragon
|inactive|Battle timer is ON: inactive players will automatically lose when time's up. (requested by Gworf)
|
|t:|1756243329
|teamsize|p1|4
|teamsize|p2|4
|start
|switch|p1a: Clefable|Clefable, L50, F|100/100
|switch|p1b: Archaludon|Archaludon, L50, F|100/100
|switch|p2a: Charizard|Charizard, L50, M|100/100
|switch|p2b: Dragapult|Dragapult, L50, F|100/100
|turn|1
|inactive|AN555GEL has 30 seconds left.
|inactive|AN555GEL has 20 seconds left.
|
|t:|1756243368
|switch|p1b: Incineroar|Incineroar, L50, M, shiny|100/100
|-ability|p1b: Incineroar|Intimidate|boost
|-unboost|p2a: Charizard|atk|1
|-fail|p2b: Dragapult|unboost|[from] ability: Clear Body|[of] p2b: Dragapult
|-terastallize|p1a: Clefable|Water
|move|p2b: Dragapult|U-turn|p1b: Incineroar
|-damage|p1b: Incineroar|79/100
|
|t:|1756243382
|switch|p2b: Archaludon|Archaludon, L50, M|100/100|[from] U-turn
|move|p2a: Charizard|Heat Wave|p1b: Incineroar|[spread] p1a,p1b
|-resisted|p1a: Clefable
|-resisted|p1b: Incineroar
|-damage|p1a: Clefable|77/100
|-damage|p1b: Incineroar|58/100
|-status|p1a: Clefable|brn
|move|p1a: Clefable|Moonblast|p2a: Charizard
|-resisted|p2a: Charizard
|-damage|p2a: Charizard|80/100
|-unboost|p2a: Charizard|spa|1
|
|-damage|p1a: Clefable|71/100 brn|[from] brn
|upkeep
|turn|2
|inactive|AN555GEL has 30 seconds left.
|inactive|Gworf has 30 seconds left.
|inactive|AN555GEL has 20 seconds left.
|inactive|Gworf has 20 seconds left.
|inactive|Gworf has 15 seconds left.
|
|t:|1756243429
|switch|p2a: Dragapult|Dragapult, L50, F|100/100
|switch|p1a: Archaludon|Archaludon, L50, F|100/100
|move|p2b: Archaludon|Body Press|p1b: Incineroar
|-supereffective|p1b: Incineroar
|-damage|p1b: Incineroar|21/100
|-enditem|p1b: Incineroar|Sitrus Berry|[eat]
|-heal|p1b: Incineroar|46/100|[from] item: Sitrus Berry
|move|p1b: Incineroar|Parting Shot|p2b: Archaludon
|-unboost|p2b: Archaludon|atk|1
|-unboost|p2b: Archaludon|spa|1
|
|t:|1756243437
|switch|p1b: Clefable|Clefable, L50, F, tera:Water|71/100 brn|[from] Parting Shot
|
|-damage|p1b: Clefable|65/100 brn|[from] brn
|upkeep
|turn|3
|inactive|Gworf has 30 seconds left.
|inactive|Gworf has 20 seconds left.
|inactive|Gworf has 15 seconds left.
|inactive|Gworf has 10 seconds left.
|
|t:|1756243486
|move|p1b: Clefable|Protect|p1b: Clefable
|-singleturn|p1b: Clefable|Protect
|move|p2a: Dragapult|Phantom Force||[still]
|-prepare|p2a: Dragapult|Phantom Force
|move|p2b: Archaludon|Body Press|p1a: Archaludon
|-supereffective|p1a: Archaludon
|-damage|p1a: Archaludon|67/100
|-ability|p1a: Archaludon|Stamina|boost
|-boost|p1a: Archaludon|def|1
|move|p1a: Archaludon|Snarl|p2b: Archaludon|[spread] p2b
|-miss|p1a: Archaludon|p2a: Dragapult
|-damage|p2b: Archaludon|86/100
|-unboost|p2b: Archaludon|spa|1
|-ability|p2b: Archaludon|Stamina|boost
|-boost|p2b: Archaludon|def|1
|
|-damage|p1b: Clefable|59/100 brn|[from] brn
|upkeep
|turn|4
|
|t:|1756243510
|move|p2a: Dragapult|Phantom Force|p1b: Clefable|[from] lockedmove
|-damage|p1b: Clefable|19/100 brn
|move|p2b: Archaludon|Body Press|p1b: Clefable
|-damage|p1b: Clefable|0 fnt
|faint|p1b: Clefable
|move|p1a: Archaludon|Dragon Pulse|p2a: Dragapult
|-supereffective|p2a: Dragapult
|-enditem|p2a: Dragapult|Focus Sash
|-damage|p2a: Dragapult|1/100
|
|upkeep
|
|t:|1756243522
|switch|p1b: Incineroar|Incineroar, L50, M, shiny|46/100
|-ability|p1b: Incineroar|Intimidate|boost
|-fail|p2a: Dragapult|unboost|[from] ability: Clear Body|[of] p2a: Dragapult
|-unboost|p2b: Archaludon|atk|1
|turn|5
|inactive|AN555GEL has 30 seconds left.
|inactive|Gworf has 30 seconds left.
|inactive|AN555GEL has 20 seconds left.
|inactive|AN555GEL has 15 seconds left.
|
|t:|1756243562
|-terastallize|p2b: Archaludon|Ghost
|move|p1b: Incineroar|Fake Out|p2b: Archaludon
|-immune|p2b: Archaludon
|move|p2a: Dragapult|U-turn|p1b: Incineroar
|-damage|p1b: Incineroar|23/100
|
|t:|1756243570
|switch|p2a: Ninetales|Ninetales, L50, M, shiny|100/100|[from] U-turn
|-weather|SunnyDay|[from] ability: Drought|[of] p2a: Ninetales
|move|p2b: Archaludon|Body Press|p1b: Incineroar
|-supereffective|p1b: Incineroar
|-damage|p1b: Incineroar|0 fnt
|faint|p1b: Incineroar
|move|p1a: Archaludon|Dragon Pulse|p2b: Archaludon
|-damage|p2b: Archaludon|37/100
|-ability|p2b: Archaludon|Stamina|boost
|-boost|p2b: Archaludon|def|1
|
|-weather|SunnyDay|[upkeep]
|upkeep
|
|t:|1756243574
|switch|p1b: Pelipper|Pelipper, L50, M, shiny|100/100
|-weather|RainDance|[from] ability: Drizzle|[of] p1b: Pelipper
|turn|6
|inactive|Gworf has 30 seconds left.
|
|t:|1756243601
|switch|p2a: Dragapult|Dragapult, L50, F|1/100
|move|p2b: Archaludon|Body Press|p1a: Archaludon
|-supereffective|p1a: Archaludon
|-damage|p1a: Archaludon|21/100
|-ability|p1a: Archaludon|Stamina|boost
|-boost|p1a: Archaludon|def|1
|move|p1a: Archaludon|Electro Shot||[still]
|-prepare|p1a: Archaludon|Electro Shot
|-boost|p1a: Archaludon|spa|1
|-anim|p1a: Archaludon|Electro Shot|p2b: Archaludon
|-damage|p2b: Archaludon|0 fnt
|faint|p2b: Archaludon
|move|p1b: Pelipper|Tailwind|p1b: Pelipper
|-sidestart|p1: AN555GEL|move: Tailwind
|
|-weather|RainDance|[upkeep]
|upkeep
|inactive|Gworf has 30 seconds left.
|
|t:|1756243631
|switch|p2b: Ninetales|Ninetales, L50, M, shiny|100/100
|-weather|SunnyDay|[from] ability: Drought|[of] p2b: Ninetales
|turn|7
|inactive|AN555GEL has 30 seconds left.
|inactive|AN555GEL has 20 seconds left.
|inactive|AN555GEL has 15 seconds left.
|
|t:|1756243674
|move|p2a: Dragapult|Protect|p2a: Dragapult
|-singleturn|p2a: Dragapult|Protect
|move|p1a: Archaludon|Body Press|p2b: Ninetales
|-damage|p2b: Ninetales|34/100
|move|p1b: Pelipper|Weather Ball|p2a: Dragapult
|-activate|p2a: Dragapult|move: Protect
|move|p2b: Ninetales|Heat Wave|p1a: Archaludon|[spread] p1a,p1b
|-resisted|p1b: Pelipper
|-damage|p1a: Archaludon|0 fnt
|-damage|p1b: Pelipper|62/100
|faint|p1a: Archaludon
|
|-weather|SunnyDay|[upkeep]
|upkeep
|turn|8
|inactive|Gworf has 30 seconds left.
|
|t:|1756243704
|move|p1b: Pelipper|Hurricane|p2b: Ninetales|[miss]
|-miss|p1b: Pelipper|p2b: Ninetales
|move|p2a: Dragapult|Dragon Darts|p1b: Pelipper
|-damage|p1b: Pelipper|27/100
|-anim|p2a: Dragapult|Dragon Darts|p1b: Pelipper
|-damage|p1b: Pelipper|0 fnt
|faint|p1b: Pelipper
|
|win|Gworf
||AN555GEL is ready for game 2.
|l|☆Gworf
|player|p2|
|inactive|Gworf has 30 seconds to confirm battle start!
||Gworf is ready for game 2.
|uhtml|next|Next: Game 2 of 3
