|j|☆thebrickwall285
|j|☆Catzuki
|html|thebrickwall285Catzuki    
|uhtml|bestof|Game 1 of a best-of-3
|t:|1785895715
|gametype|doubles
|player|p1|thebrickwall285|266|1148
|player|p2|Catzuki|101|1064
|gen|9
|tier|[Gen 9 Champions] VGC 2026 Reg M-B (Bo3)
|rated|
|rule|Species Clause: Limit one of each Pokémon
|rule|Item Clause: Limit 1 of each item
|clearpoke
|poke|p1|Scovillain, L50, F|
|poke|p1|Aerodactyl, L50, M|
|poke|p1|Sylveon, L50, F|
|poke|p1|Salazzle, L50, F|
|poke|p1|Meowstic, L50, M|
|poke|p1|Kingambit, L50, M|
|poke|p2|Grimmsnarl, L50, M|
|poke|p2|Hydreigon, L50, F|
|poke|p2|Toxapex, L50, M|
|poke|p2|Incineroar, L50, F|
|poke|p2|Charizard, L50, M|
|poke|p2|Venusaur, L50, M|
|teampreview|4
|showteam|p1|Scovillain||Scovillainite|Chlorophyll|Flamethrower,GigaDrain,RagePowder,LeechSeed|Modest||F|||50|]Aerodactyl||Aerodactylite|RockHead|DragonClaw,Tailwind,DualWingbeat,RockSlide|Jolly||M|||50|]Sylveon||SitrusBerry|Pixilate|CalmMind,Protect,HyperVoice,ShadowBall|Modest||F|||50|]Salazzle||ShellBell|Corrosion|FakeOut,Flamethrower,SludgeBomb,Toxic|Hasty||F|||50|]Meowstic||FocusSash|Prankster|FakeOut,TrickRoom,Psychic,SunnyDay|Sassy||M|||50|]Kingambit||Leftovers|Defiant|IronHead,LowKick,SuckerPunch,KowtowCleave|Adamant||M|||50|
|showteam|p2|Grimmsnarl||RoseliBerry|Prankster|PowerSwap,PartingShot,FakeOut,ScaryFace|Calm||M|||50|]Hydreigon||LifeOrb|Levitate|Protect,DracoMeteor,DarkPulse,FlashCannon|Modest||F|||50|]Toxapex||Leftovers|Regenerator|Infestation,Toxic,WideGuard,BanefulBunker|Bold||M|||50|]Incineroar||SitrusBerry|Intimidate|FlareBlitz,ThroatChop,FakeOut,PartingShot|Impish||F|||50|]Charizard||CharizarditeY|Blaze|HeatWave,Overheat,Hurricane,Protect|Modest||M|||50|]Venusaur||FocusSash|Chlorophyll|LeafStorm,SludgeBomb,EarthPower,Protect|Modest||M|||50|
|j| ah yo chill
|
|t:|1785895767
|teamsize|p1|4
|teamsize|p2|4
|start
|switch|p1a: Aerodactyl|Aerodactyl, L50, M|100/100
|switch|p1b: Salazzle|Salazzle, L50, F|100/100
|switch|p2a: Grimmsnarl|Grimmsnarl, L50, M|100/100
|switch|p2b: Hydreigon|Hydreigon, L50, F|100/100
|turn|1
|
|t:|1785895805
|detailschange|p1a: Aerodactyl|Aerodactyl-Mega, L50, M
|-mega|p1a: Aerodactyl|Aerodactyl|Aerodactylite
|move|p1b: Salazzle|Fake Out|p2b: Hydreigon
|-damage|p2b: Hydreigon|92/100
|move|p2a: Grimmsnarl|Scary Face|p1a: Aerodactyl
|-unboost|p1a: Aerodactyl|spe|2
|cant|p2b: Hydreigon|flinch
|move|p1a: Aerodactyl|Tailwind|p1a: Aerodactyl
|-sidestart|p1: thebrickwall285|move: Tailwind
|
|upkeep
|turn|2
|
|t:|1785895831
|move|p2a: Grimmsnarl|Scary Face|p1a: Aerodactyl
|-unboost|p1a: Aerodactyl|spe|2
|move|p1b: Salazzle|Sludge Bomb|p2a: Grimmsnarl
|-supereffective|p2a: Grimmsnarl|1
|-damage|p2a: Grimmsnarl|21/100
|-status|p2a: Grimmsnarl|psn
|move|p2b: Hydreigon|Flash Cannon|p1a: Aerodactyl
|-supereffective|p1a: Aerodactyl|1
|-damage|p1a: Aerodactyl|0 fnt
|faint|p1a: Aerodactyl
|-damage|p2b: Hydreigon|82/100|[from] item: Life Orb
|
|-damage|p2a: Grimmsnarl|9/100 psn|[from] psn
|upkeep
|
|t:|1785895843
|switch|p1a: Sylveon|Sylveon, L50, F|100/100
|turn|3
|
|t:|1785895877
|switch|p2b: Toxapex|Toxapex, L50, M|100/100
|move|p2a: Grimmsnarl|Parting Shot|p1a: Sylveon
|-unboost|p1a: Sylveon|atk|1
|-unboost|p1a: Sylveon|spa|1
|
|t:|1785895888
|switch|p2a: Charizard|Charizard, L50, M|100/100|[from] Parting Shot
|move|p1b: Salazzle|Toxic|p2b: Toxapex
|-status|p2b: Toxapex|tox
|move|p1a: Sylveon|Hyper Voice|p2b: Toxapex|[spread] p2a,p2b
|-resisted|p2a: Charizard|1
|-crit|p2a: Charizard
|-resisted|p2b: Toxapex|1
|-damage|p2a: Charizard|66/100
|-damage|p2b: Toxapex|89/100 tox
|
|-heal|p2b: Toxapex|95/100 tox|[from] item: Leftovers
|-damage|p2b: Toxapex|89/100 tox|[from] psn
|upkeep
|turn|4
|
|t:|1785895928
|detailschange|p2a: Charizard|Charizard-Mega-Y, L50, M
|-mega|p2a: Charizard|Charizard|Charizardite Y
|-weather|SunnyDay|[from] ability: Drought|[of] p2a: Charizard
|move|p1b: Salazzle|Toxic|p2a: Charizard
|-status|p2a: Charizard|tox
|move|p1a: Sylveon|Calm Mind|p1a: Sylveon
|-boost|p1a: Sylveon|spa|1
|-boost|p1a: Sylveon|spd|1
|move|p2a: Charizard|Overheat|p1a: Sylveon
|-damage|p1a: Sylveon|49/100
|-unboost|p2a: Charizard|spa|2
|-enditem|p1a: Sylveon|Sitrus Berry|[eat]
|-heal|p1a: Sylveon|74/100|[from] item: Sitrus Berry
|move|p2b: Toxapex|Toxic|p1a: Sylveon
|-status|p1a: Sylveon|tox
|
|-weather|SunnyDay|[upkeep]
|-heal|p2b: Toxapex|95/100 tox|[from] item: Leftovers
|-damage|p1a: Sylveon|68/100 tox|[from] psn
|-damage|p2a: Charizard|60/100 tox|[from] psn
|-damage|p2b: Toxapex|84/100 tox|[from] psn
|-sideend|p1: thebrickwall285|move: Tailwind
|upkeep
|turn|5
|
|t:|1785895958
|switch|p2a: Grimmsnarl|Grimmsnarl, L50, M|9/100 psn
|move|p1b: Salazzle|Sludge Bomb|p2a: Grimmsnarl
|-supereffective|p2a: Grimmsnarl|1
|-damage|p2a: Grimmsnarl|0 fnt
|faint|p2a: Grimmsnarl
|move|p1a: Sylveon|Calm Mind|p1a: Sylveon
|-boost|p1a: Sylveon|spa|1
|-boost|p1a: Sylveon|spd|1
|move|p2b: Toxapex|Infestation|p1a: Sylveon
|-resisted|p1a: Sylveon|1
|-damage|p1a: Sylveon|67/100 tox
|-activate|p1a: Sylveon|move: Infestation|[of] p2b: Toxapex
|
|-weather|SunnyDay|[upkeep]
|-heal|p2b: Toxapex|89/100 tox|[from] item: Leftovers
|-damage|p1a: Sylveon|55/100 tox|[from] psn
|-damage|p2b: Toxapex|72/100 tox|[from] psn
|-damage|p1a: Sylveon|43/100 tox|[from] move: Infestation|[partiallytrapped]
|upkeep
|
|t:|1785895974
|switch|p2a: Charizard|Charizard-Mega-Y, L50, M|60/100 tox
|turn|6
|
|t:|1785895992
|switch|p1b: Kingambit|Kingambit, L50, M|100/100
|move|p2a: Charizard|Heat Wave|p1b: Kingambit|[spread] p1a,p1b
|-supereffective|p1b: Kingambit|1
|-damage|p1a: Sylveon|22/100 tox
|-damage|p1b: Kingambit|0 fnt
|faint|p1b: Kingambit
|move|p1a: Sylveon|Hyper Voice|p2a: Charizard|[spread] p2a,p2b
|-resisted|p2a: Charizard|1
|-resisted|p2b: Toxapex|1
|-damage|p2a: Charizard|34/100 tox
|-damage|p2b: Toxapex|47/100 tox
|move|p2b: Toxapex|Toxic|p1a: Sylveon
|-fail|p1a: Sylveon|tox
|
|-weather|SunnyDay|[upkeep]
|-heal|p2b: Toxapex|53/100 tox|[from] item: Leftovers
|-damage|p2a: Charizard|28/100 tox|[from] psn
|-damage|p1a: Sylveon|4/100 tox|[from] psn
|-damage|p2b: Toxapex|30/100 tox|[from] psn
|-damage|p1a: Sylveon|0 fnt|[from] move: Infestation|[partiallytrapped]
|faint|p1a: Sylveon
|upkeep
|
|t:|1785896010
|switch|p1a: Salazzle|Salazzle, L50, F|100/100
|turn|7
|
|t:|1785896024
|-heal|p2b: Toxapex|63/100 tox|[from] ability: Regenerator|[silent]
|switch|p2b: Hydreigon|Hydreigon, L50, F|82/100
|move|p1a: Salazzle|Fake Out|p2a: Charizard
|-damage|p2a: Charizard|20/100y tox
|cant|p2a: Charizard|flinch
|
|-weather|SunnyDay|[upkeep]
|-damage|p2a: Charizard|8/100 tox|[from] psn
|upkeep
|turn|8
|
|t:|1785896052
|move|p1a: Salazzle|Toxic|p2b: Hydreigon
|-status|p2b: Hydreigon|tox
|move|p2b: Hydreigon|Dark Pulse|p1a: Salazzle
|-damage|p1a: Salazzle|0 fnt
|faint|p1a: Salazzle
|-damage|p2b: Hydreigon|73/100 tox|[from] item: Life Orb
|
|win|Catzuki
