|j|☆sogreenitslime
|j|☆UndeadParadox
|html|sogreenitslimeUndeadParadox    
|uhtml|bestof|Game 2 of a best-of-3
|t:|1756876808
|gametype|doubles
|player|p1|sogreenitslime|170|1116
|player|p2|UndeadParadox|guitarist|1369
|gen|9
|tier|[Gen 9] VGC 2025 Reg H (Bo3)
|rated|
|rule|Species Clause: Limit one of each Pokémon
|rule|Item Clause: Limit 1 of each item
|clearpoke
|poke|p1|Garchomp, L50, F|
|poke|p1|Glimmora, L50, M|
|poke|p1|Amoonguss, L50, M|
|poke|p1|Primarina, L50, F|
|poke|p1|Kingambit, L50, F|
|poke|p1|Rillaboom, L50, M|
|poke|p2|Sneasler, L50, F|
|poke|p2|Rillaboom, L50, M|
|poke|p2|Incineroar, L50, F|
|poke|p2|Gholdengo, L50|
|poke|p2|Hydreigon, L50, M|
|poke|p2|Gengar, L50, F|
|teampreview|4
|showteam|p1|Garchomp||RockyHelmet|RoughSkin|RockSlide,DragonClaw,StompingTantrum,PoisonJab|||F|||50|,,,,,Water]Glimmora||AssaultVest|ToxicDebris|PowerGem,SludgeBomb,EnergyBall,MortalSpin|||M|||50|,,,,,Grass]Amoonguss||SitrusBerry|Regenerator|PollenPuff,Spore,RagePowder,ClearSmog|||M|||50|,,,,,Water]Primarina||ThroatSpray|LiquidVoice|HyperVoice,Moonblast,Haze,Protect|||F|||50|,,,,,Poison]Kingambit||BlackGlasses|Defiant|SuckerPunch,KowtowCleave,IronHead,Protect|||F|||50|,,,,,Ghost]Rillaboom||MiracleSeed|GrassySurge|FakeOut,WoodHammer,GrassyGlide,HighHorsepower|||M|||50|,,,,,Grass
|showteam|p2|Sneasler||GrassySeed|Unburden|CloseCombat,DireClaw,Acrobatics,Protect|||F|||50|,,,,,Flying]Rillaboom||AssaultVest|GrassySurge|WoodHammer,GrassyGlide,FakeOut,HighHorsepower|||M|||50|,,,,,Fire]Incineroar||SafetyGoggles|Intimidate|FlareBlitz,KnockOff,PartingShot,FakeOut|||F|||50|,,,,,Ghost]Gholdengo||MetalCoat|GoodasGold|Protect,MakeItRain,ShadowBall,NastyPlot||||||50|,,,,,Water]Hydreigon||LifeOrb|Levitate|Flamethrower,DracoMeteor,DarkPulse,Protect|||M|||50|,,,,,Fire]Gengar||FocusSash|CursedBody|ShadowBall,Haze,Taunt,IcyWind|||F|||50|,,,,,Ghost
|inactive|Battle timer is ON: inactive players will automatically lose when time's up. (requested by sogreenitslime)
|
|t:|1756876842
|teamsize|p1|4
|teamsize|p2|4
|start
|switch|p1a: Garchomp|Garchomp, L50, F|100/100
|switch|p1b: Kingambit|Kingambit, L50, F|100/100
|switch|p2a: Sneasler|Sneasler, L50, F, shiny|100/100
|switch|p2b: Gholdengo|Gholdengo, L50, shiny|100/100
|turn|1
|
|t:|1756876866
|-terastallize|p2b: Gholdengo|Water
|move|p1b: Kingambit|Protect|p1b: Kingambit
|-singleturn|p1b: Kingambit|Protect
|move|p2a: Sneasler|Close Combat|p1b: Kingambit
|-activate|p1b: Kingambit|move: Protect
|move|p1a: Garchomp|Stomping Tantrum|p2a: Sneasler
|-supereffective|p2a: Sneasler
|-damage|p2a: Sneasler|0 fnt
|faint|p2a: Sneasler
|move|p2b: Gholdengo|Nasty Plot|p2b: Gholdengo
|-boost|p2b: Gholdengo|spa|2
|
|upkeep
|
|t:|1756876873
|switch|p2a: Hydreigon|Hydreigon, L50, M, shiny|100/100
|turn|2
|inactive|sogreenitslime has 30 seconds left.
|inactive|sogreenitslime has 20 seconds left.
|inactive|sogreenitslime has 15 seconds left.
|inactive|sogreenitslime has 10 seconds left.
|inactive|sogreenitslime has 5 seconds left.
|
|t:|1756876925
|-terastallize|p1a: Garchomp|Water
|move|p2a: Hydreigon|Protect|p2a: Hydreigon
|-singleturn|p2a: Hydreigon|Protect
|move|p1a: Garchomp|Stomping Tantrum|p2b: Gholdengo
|-damage|p2b: Gholdengo|57/100
|move|p2b: Gholdengo|Make It Rain|p1b: Kingambit|[spread] p1a,p1b
|-resisted|p1a: Garchomp
|-resisted|p1b: Kingambit
|-damage|p1a: Garchomp|31/100
|-damage|p1b: Kingambit|39/100
|-unboost|p2b: Gholdengo|spa|1
|move|p1b: Kingambit|Kowtow Cleave|p2b: Gholdengo
|-damage|p2b: Gholdengo|0 fnt
|faint|p2b: Gholdengo
|
|upkeep
|
|t:|1756876939
|switch|p2b: Rillaboom|Rillaboom, L50, M|100/100
|-fieldstart|move: Grassy Terrain|[from] ability: Grassy Surge|[of] p2b: Rillaboom
|turn|3
|
|t:|1756876947
|switch|p1a: Rillaboom|Rillaboom, L50, M|100/100
|move|p1b: Kingambit|Protect|p1b: Kingambit
|-singleturn|p1b: Kingambit|Protect
|move|p2b: Rillaboom|Grassy Glide|p1a: Rillaboom
|-resisted|p1a: Rillaboom
|-damage|p1a: Rillaboom|83/100
|move|p2a: Hydreigon|Flamethrower|p1b: Kingambit
|-activate|p1b: Kingambit|move: Protect
|
|-heal|p1a: Rillaboom|88/100|[from] Grassy Terrain
|-heal|p1b: Kingambit|45/100|[from] Grassy Terrain
|upkeep
|turn|4
|
|t:|1756876971
|move|p1a: Rillaboom|Fake Out|p2b: Rillaboom
|-damage|p2b: Rillaboom|88/100
|move|p2a: Hydreigon|Flamethrower|p1a: Rillaboom
|-supereffective|p1a: Rillaboom
|-damage|p1a: Rillaboom|3/100
|-damage|p2a: Hydreigon|91/100|[from] item: Life Orb
|cant|p2b: Rillaboom|flinch
|move|p1b: Kingambit|Kowtow Cleave|p2b: Rillaboom
|-damage|p2b: Rillaboom|26/100
|
|-heal|p2b: Rillaboom|32/100|[from] Grassy Terrain
|-heal|p1a: Rillaboom|9/100|[from] Grassy Terrain
|-heal|p1b: Kingambit|51/100|[from] Grassy Terrain
|upkeep
|turn|5
|
|t:|1756876992
|move|p2b: Rillaboom|Grassy Glide|p1a: Rillaboom
|-resisted|p1a: Rillaboom
|-damage|p1a: Rillaboom|0 fnt
|faint|p1a: Rillaboom
|move|p1b: Kingambit|Sucker Punch||[still]
|-fail|p1b: Kingambit
|move|p2a: Hydreigon|Flamethrower|p1b: Kingambit
|-supereffective|p1b: Kingambit
|-damage|p1b: Kingambit|0 fnt
|faint|p1b: Kingambit
|-damage|p2a: Hydreigon|82/100|[from] item: Life Orb
|
|-heal|p2b: Rillaboom|38/100|[from] Grassy Terrain
|upkeep
|
|t:|1756877004
|switch|p1a: Garchomp|Garchomp, L50, F, tera:Water|31/100
|switch|p1b: Amoonguss|Amoonguss, L50, M|100/100
|turn|6
|
|t:|1756877018
|move|p1b: Amoonguss|Rage Powder|p1b: Amoonguss
|-singleturn|p1b: Amoonguss|move: Rage Powder
|move|p2b: Rillaboom|Grassy Glide|p1a: Garchomp
|-supereffective|p1a: Garchomp
|-damage|p1a: Garchomp|0 fnt
|-damage|p2b: Rillaboom|25/100|[from] ability: Rough Skin|[of] p1a: Garchomp
|-damage|p2b: Rillaboom|9/100|[from] item: Rocky Helmet|[of] p1a: Garchomp
|faint|p1a: Garchomp
|move|p2a: Hydreigon|Flamethrower|p1b: Amoonguss
|-supereffective|p1b: Amoonguss
|-damage|p1b: Amoonguss|35/100
|-enditem|p1b: Amoonguss|Sitrus Berry|[eat]
|-heal|p1b: Amoonguss|60/100|[from] item: Sitrus Berry
|-damage|p2a: Hydreigon|72/100|[from] item: Life Orb
|
|-heal|p2b: Rillaboom|15/100|[from] Grassy Terrain
|-heal|p1b: Amoonguss|66/100|[from] Grassy Terrain
|upkeep
|turn|7
|
|t:|1756877035
|move|p2a: Hydreigon|Flamethrower|p1b: Amoonguss
|-supereffective|p1b: Amoonguss
|-damage|p1b: Amoonguss|1/100
|-damage|p2a: Hydreigon|63/100|[from] item: Life Orb
|move|p2b: Rillaboom|High Horsepower|p1b: Amoonguss|[miss]
|-miss|p2b: Rillaboom|p1b: Amoonguss
|move|p1b: Amoonguss|Pollen Puff|p2b: Rillaboom
|-supereffective|p2b: Rillaboom
|-damage|p2b: Rillaboom|0 fnt
|faint|p2b: Rillaboom
|
|-heal|p1b: Amoonguss|7/100|[from] Grassy Terrain
|-fieldend|move: Grassy Terrain
|upkeep
|turn|8
|
|t:|1756877049
|move|p2a: Hydreigon|Flamethrower|p1b: Amoonguss
|-supereffective|p1b: Amoonguss
|-damage|p1b: Amoonguss|0 fnt
|faint|p1b: Amoonguss
|-damage|p2a: Hydreigon|53/100|[from] item: Life Orb
|
|win|UndeadParadox
|raw|sogreenitslime's rating: 1116 → 1107(-9 for losing)
|raw|UndeadParadox's rating: 1369 → 1377(+8 for winning)
|c|☆UndeadParadox|ggs
