|j|ŌĆĮBreadPudding248
|j|ŌśåILoveMIR
|html|BreadPudding248ILoveMIR    
|uhtml|bestof|Game 2 of a best-of-3
|t:|1783631047
|gametype|doubles
|player|p1|BreadPudding248|101|1410
|player|p2|ILoveMIR|shauntal|1478
|gen|9
|tier|[Gen 9 Champions] VGC 2026 Reg M-B (Bo3)
|rated|
|rule|Species Clause: Limit one of each Pok├®mon
|rule|Item Clause: Limit 1 of each item
|clearpoke
|poke|p1|Charizard, L50, M|
|poke|p1|Whimsicott, L50, F|
|poke|p1|Kingambit, L50, F|
|poke|p1|Basculegion, L50, M|
|poke|p1|Garchomp, L50, M|
|poke|p1|Floette-Eternal, L50, F|
|poke|p2|Blaziken, L50, M|
|poke|p2|Ninetales-Alola, L50, F|
|poke|p2|Tsareena, L50, F|
|poke|p2|Talonflame, L50, F|
|poke|p2|Milotic, L50, M|
|poke|p2|Gholdengo, L50|
|teampreview|4
|showteam|p1|Charizard||CharizarditeY|Blaze|HeatWave,WeatherBall,SolarBeam,Protect|Modest||M|||50|]Whimsicott||FocusSash|Prankster|Protect,Moonblast,Encore,Tailwind|Timid||F|||50|]Kingambit||BlackGlasses|Defiant|KowtowCleave,SuckerPunch,IronHead,Protect|Adamant||F|||50|]Basculegion||LifeOrb|Adaptability|WaveCrash,LastRespects,AquaJet,Protect|Adamant||M|||50|]Garchomp||SitrusBerry|RoughSkin|Earthquake,RockSlide,DragonClaw,Protect|Jolly||M|||50|]Floette-Eternal||Floettite|FlowerVeil|Moonblast,DazzlingGleam,LightofRuin,Protect|Modest||F|||50|
|showteam|p2|Blaziken||Blazikenite|SpeedBoost|FlareBlitz,CloseCombat,RockSlide,Protect|Adamant||M|||50|]Ninetales-Alola||NeverMeltIce|SnowWarning|Blizzard,FreezeDry,Encore,Protect|Timid||F|||50|]Tsareena||WideLens|QueenlyMajesty|PowerWhip,TripleAxel,LowKick,Taunt|Adamant||F|||50|]Talonflame|||GaleWings|Acrobatics,WillOWisp,Tailwind,Protect|Jolly||F|||50|]Milotic||ExpertBelt|Competitive|Scald,IceBeam,Recover,Protect|Modest||M|||50|]Gholdengo||LifeOrb|GoodasGold|MakeItRain,ShadowBall,PowerGem,Protect|Modest|||||50|
|inactive|Battle timer is ON: inactive players will automatically lose when time's up. (requested by ILoveMIR)
|inactive|BreadPudding248 also wants the timer to be on.
|inactive|BreadPudding248 has 60 seconds left.
|
|t:|1783631082
|teamsize|p1|4
|teamsize|p2|4
|start
|switch|p1a: Basculegion|Basculegion, L50, M|100/100
|switch|p1b: Whimsicott|Whimsicott, L50, F|100/100
|switch|p2a: Gholdengo|Gholdengo, L50|100/100
|switch|p2b: Talonflame|Talonflame, L50, F|100/100
|turn|1
|
|t:|1783631102
|switch|p1a: Garchomp|Garchomp, L50, M|100/100
|move|p2b: Talonflame|Tailwind|p2b: Talonflame
|-sidestart|p2: ILoveMIR|move: Tailwind
|move|p1b: Whimsicott|Encore|p2b: Talonflame
|-start|p2b: Talonflame|Encore
|move|p2a: Gholdengo|Shadow Ball|p1a: Garchomp
|-damage|p1a: Garchomp|38/100
|-enditem|p1a: Garchomp|Sitrus Berry|[eat]
|-heal|p1a: Garchomp|63/100|[from] item: Sitrus Berry
|-damage|p2a: Gholdengo|90/100|[from] item: Life Orb
|
|upkeep
|turn|2
|
|t:|1783631115
|switch|p2b: Tsareena|Tsareena, L50, F|100/100
|move|p2a: Gholdengo|Protect|p2a: Gholdengo
|-singleturn|p2a: Gholdengo|Protect
|move|p1b: Whimsicott|Tailwind|p1b: Whimsicott
|-sidestart|p1: BreadPudding248|move: Tailwind
|move|p1a: Garchomp|Earthquake|p2a: Gholdengo|[spread] p1b,p2b
|-activate|p2a: Gholdengo|move: Protect
|-resisted|p1b: Whimsicott|1
|-resisted|p2b: Tsareena|1
|-damage|p1b: Whimsicott|72/100
|-damage|p2b: Tsareena|79/100
|
|upkeep
|turn|3
|c|ŌśåILoveMIR|hi alex
|inactive|ILoveMIR has 30 seconds left.
|inactive|ILoveMIR has 20 seconds left.
|c|ŌśåILoveMIR|ashley says hi
|inactive|ILoveMIR has 15 seconds left.
|inactive|ILoveMIR has 10 seconds left.
|
|t:|1783631163
|move|p1b: Whimsicott|Moonblast|p2b: Tsareena
|-damage|p2b: Tsareena|42/100
|move|p1a: Garchomp|Rock Slide|p2a: Gholdengo|[spread] p2a
|-miss|p1a: Garchomp|p2b: Tsareena
|-resisted|p2a: Gholdengo|1
|-damage|p2a: Gholdengo|80/100
|cant|p2a: Gholdengo|flinch
|move|p2b: Tsareena|Triple Axel|p1a: Garchomp
|-supereffective|p1a: Garchomp|2
|-damage|p1a: Garchomp|34/100
|-damage|p2b: Tsareena|30/100|[from] ability: Rough Skin|[of] p1a: Garchomp
|-supereffective|p1a: Garchomp|2
|-damage|p1a: Garchomp|0 fnt
|-damage|p2b: Tsareena|17/100|[from] ability: Rough Skin|[of] p1a: Garchomp
|faint|p1a: Garchomp
|-hitcount|p1: Garchomp|2
|
|upkeep
|n|ŌśåBreadPudding248|breadpudding248
|
|t:|1783631184
|switch|p1a: Charizard|Charizard, L50, M|100/100
|turn|4
|c|ŌśåBreadPudding248|Hello!
|c|ŌśåBreadPudding248|Scobey?
|c|ŌśåILoveMIR|ye ye
|c|ŌśåBreadPudding248|Hi Ashley!
|inactive|BreadPudding248 has 30 seconds left.
|
|t:|1783631219
|move|p1a: Charizard|Protect|p1a: Charizard
|-singleturn|p1a: Charizard|Protect
|move|p1b: Whimsicott|Moonblast|p2b: Tsareena
|-damage|p2b: Tsareena|0 fnt
|faint|p2b: Tsareena
|move|p2a: Gholdengo|Power Gem|p1a: Charizard
|-activate|p1a: Charizard|move: Protect
|
|-sideend|p2: ILoveMIR|move: Tailwind
|upkeep
|
|t:|1783631224
|switch|p2b: Talonflame|Talonflame, L50, F|100/100
|turn|5
|inactive|BreadPudding248 has 30 seconds left.
|
|t:|1783631251
|switch|p1a: Basculegion|Basculegion, L50, M|100/100
|move|p2a: Gholdengo|Protect|p2a: Gholdengo
|-singleturn|p2a: Gholdengo|Protect
|move|p1b: Whimsicott|Encore||[still]
|-fail|p1b: Whimsicott
|move|p2b: Talonflame|Acrobatics|p1b: Whimsicott
|-supereffective|p1b: Whimsicott|1
|-damage|p1b: Whimsicott|0 fnt
|faint|p1b: Whimsicott
|
|-sideend|p1: BreadPudding248|move: Tailwind
|upkeep
|
|t:|1783631260
|switch|p1b: Charizard|Charizard, L50, M|100/100
|turn|6
|inactive|BreadPudding248 has 30 seconds left.
|inactive|ILoveMIR has 30 seconds left.
|
|t:|1783631288
|detailschange|p1b: Charizard|Charizard-Mega-Y, L50, M
|-mega|p1b: Charizard|Charizard|Charizardite Y
|-weather|SunnyDay|[from] ability: Drought|[of] p1b: Charizard
|move|p1a: Basculegion|Protect|p1a: Basculegion
|-singleturn|p1a: Basculegion|Protect
|move|p2b: Talonflame|Tailwind|p2b: Talonflame
|-sidestart|p2: ILoveMIR|move: Tailwind
|move|p2a: Gholdengo|Shadow Ball|p1a: Basculegion
|-activate|p1a: Basculegion|move: Protect
|move|p1b: Charizard|Heat Wave|p2a: Gholdengo|[spread] p2a,p2b
|-supereffective|p2a: Gholdengo|1
|-resisted|p2b: Talonflame|1
|-damage|p2a: Gholdengo|0 fnt
|-damage|p2b: Talonflame|54/100
|faint|p2a: Gholdengo
|
|-weather|SunnyDay|[upkeep]
|upkeep
|
|t:|1783631292
|switch|p2a: Blaziken|Blaziken, L50, M|100/100
|turn|7
|
|t:|1783631304
|detailschange|p2a: Blaziken|Blaziken-Mega, L50, M
|-mega|p2a: Blaziken|Blaziken|Blazikenite
|move|p1a: Basculegion|Aqua Jet|p2b: Talonflame
|-supereffective|p2b: Talonflame|1
|-damage|p2b: Talonflame|5/100
|-damage|p1a: Basculegion|90/100|[from] item: Life Orb
|move|p2b: Talonflame|Acrobatics|p1a: Basculegion
|-damage|p1a: Basculegion|40/100
|move|p2a: Blaziken|Flare Blitz|p1a: Basculegion
|-resisted|p1a: Basculegion|1
|-damage|p1a: Basculegion|0 fnt
|faint|p1a: Basculegion
|-damage|p2a: Blaziken|82/100|[from] Recoil
|move|p1b: Charizard|Weather Ball|p2a: Blaziken
|-resisted|p2a: Blaziken|1
|-damage|p2a: Blaziken|22/100
|
|-weather|SunnyDay|[upkeep]
|-ability|p2a: Blaziken|Speed Boost|boost
|-boost|p2a: Blaziken|spe|1
|upkeep
|turn|8
|
|t:|1783631316
|move|p2a: Blaziken|Rock Slide|p1b: Charizard
|-supereffective|p1b: Charizard|2
|-damage|p1b: Charizard|0 fnt
|faint|p1b: Charizard
|
|win|ILoveMIR
|raw|BreadPudding248's rating: 1410 → 1394(-16 for losing)
|raw|ILoveMIR's rating: 1478 → 1494(+16 for winning)
