|j|☆mikoksor
|j|☆ariel.mr_
|html|mikoksorariel.mr_    
|uhtml|bestof|Game 1 of a best-of-3
|t:|1783973999
|gametype|doubles
|player|p1|mikoksor|101|1230
|player|p2|ariel.mr_|hilbert|1180
|gen|9
|tier|[Gen 9 Champions] VGC 2026 Reg M-B (Bo3)
|rated|
|rule|Species Clause: Limit one of each Pokémon
|rule|Item Clause: Limit 1 of each item
|clearpoke
|poke|p1|Froslass, L50, F|
|poke|p1|Tsareena, L50, F|
|poke|p1|Garchomp, L50, M|
|poke|p1|Lycanroc-Dusk, L50, F|
|poke|p1|Metagross, L50|
|poke|p1|Whimsicott, L50, F|
|poke|p2|Charizard, L50, M, shiny|
|poke|p2|Kingambit, L50, M|
|poke|p2|Sylveon, L50, F|
|poke|p2|Garchomp, L50, F|
|poke|p2|Aerodactyl, L50, F|
|poke|p2|Farigiraf, L50, M|
|teampreview|4
|showteam|p1|Froslass||Froslassite|SnowCloak|IceBeam,ShadowBall,Blizzard,Protect|Modest||F|||50|]Tsareena||SitrusBerry|QueenlyMajesty|TropKick,LowKick,Taunt,Uturn|Adamant||F|||50|]Garchomp||LifeOrb|RoughSkin|StompingTantrum,DragonClaw,RockSlide,Protect|Jolly||M|||50|]Lycanroc-Dusk||FocusSash|ToughClaws|RockSlide,CloseCombat,Accelerock,Protect|Adamant||F|||50|]Metagross||Metagrossite|ClearBody|IronHead,PsychicFangs,StompingTantrum,Protect|Adamant|||||50|]Whimsicott||FairyFeather|Prankster|Moonblast,Tailwind,Encore,Protect|Timid||F|||50|
|showteam|p2|Charizard||CharizarditeY|SolarPower|Protect,HeatWave,SolarBeam,WeatherBall|Modest||M|||50|]Kingambit||FocusSash|Defiant|IronHead,SuckerPunch,KowtowCleave,LowKick|Adamant||M|||50|]Sylveon||FairyFeather|Pixilate|Protect,HyperVoice,HyperBeam,QuickAttack|Modest||F|||50|]Garchomp||LifeOrb|RoughSkin|Protect,DragonClaw,Earthquake,RockSlide|Jolly||F|||50|]Aerodactyl||Aerodactylite|Unnerve|IceFang,RockSlide,Tailwind,DualWingbeat|Jolly||F|||50|]Farigiraf||SitrusBerry|ArmorTail|TrickRoom,Psychic,Thunderbolt,Roar|Bold||M|||50|
|inactive|Battle timer is ON: inactive players will automatically lose when time's up. (requested by ariel.mr_)
|inactive|mikoksor has 60 seconds left.
|inactive|ariel.mr_ has 60 seconds left.
|
|t:|1783974039
|teamsize|p1|4
|teamsize|p2|4
|start
|switch|p1a: Garchomp|Garchomp, L50, M|100/100
|switch|p1b: Tsareena|Tsareena, L50, F|100/100
|switch|p2a: Kingambit|Kingambit, L50, M|100/100
|switch|p2b: Aerodactyl|Aerodactyl, L50, F|100/100
|-ability|p2b: Aerodactyl|Unnerve
|turn|1
|inactive|ariel.mr_ has 30 seconds left.
|inactive|ariel.mr_ has 20 seconds left.
|
|t:|1783974078
|detailschange|p2b: Aerodactyl|Aerodactyl-Mega, L50, F
|-mega|p2b: Aerodactyl|Aerodactyl|Aerodactylite
|move|p2b: Aerodactyl|Ice Fang|p1a: Garchomp
|-supereffective|p1a: Garchomp|2
|-damage|p1a: Garchomp|0 fnt
|-damage|p2b: Aerodactyl|87/100|[from] ability: Rough Skin|[of] p1a: Garchomp
|faint|p1a: Garchomp
|move|p2a: Kingambit|Kowtow Cleave|p1b: Tsareena
|-damage|p1b: Tsareena|60/100
|move|p1b: Tsareena|U-turn|p2a: Kingambit
|-damage|p2a: Kingambit|79/100
|
|t:|1783974093
|switch|p1b: Froslass|Froslass, L50, F|100/100|[from] U-turn
|
|upkeep
|
|t:|1783974096
|switch|p1a: Tsareena|Tsareena, L50, F|60/100
|turn|2
|
|t:|1783974116
|move|p1b: Froslass|Protect|p1b: Froslass
|-singleturn|p1b: Froslass|Protect
|move|p2a: Kingambit|Sucker Punch||[still]
|cant|p1a: Tsareena|ability: Queenly Majesty|Sucker Punch|[of] p2a: Kingambit
|move|p2b: Aerodactyl|Dual Wingbeat|p1a: Tsareena
|-supereffective|p1a: Tsareena|1
|-damage|p1a: Tsareena|19/100
|-enditem|p1a: Tsareena|Sitrus Berry|[eat]
|-heal|p1a: Tsareena|44/100|[from] item: Sitrus Berry
|-supereffective|p1a: Tsareena|1
|-damage|p1a: Tsareena|3/100
|-hitcount|p1a: Tsareena|2
|move|p1a: Tsareena|Low Kick|p2a: Kingambit
|-supereffective|p2a: Kingambit|2
|-damage|p2a: Kingambit|0 fnt
|faint|p2a: Kingambit
|
|upkeep
|
|t:|1783974130
|switch|p2a: Sylveon|Sylveon, L50, F|100/100
|turn|3
|inactive|mikoksor has 30 seconds left.
|inactive|mikoksor has 20 seconds left.
|inactive|mikoksor has 15 seconds left.
|
|t:|1783974173
|detailschange|p1b: Froslass|Froslass-Mega, L50, F
|-mega|p1b: Froslass|Froslass|Froslassite
|-weather|Snowscape|[from] ability: Snow Warning|[of] p1b: Froslass
|move|p2b: Aerodactyl|Rock Slide|p1a: Tsareena|[spread] p1a,p1b
|-supereffective|p1b: Froslass|1
|-damage|p1a: Tsareena|0 fnt
|-damage|p1b: Froslass|44/100
|faint|p1a: Tsareena
|move|p1b: Froslass|Blizzard|p2b: Aerodactyl|[spread] p2a,p2b
|-crit|p2a: Sylveon
|-supereffective|p2b: Aerodactyl|1
|-damage|p2a: Sylveon|40/100
|-damage|p2b: Aerodactyl|0 fnt
|faint|p2b: Aerodactyl
|move|p2a: Sylveon|Hyper Voice|p1b: Froslass
|-damage|p1b: Froslass|0 fnt
|faint|p1b: Froslass
|
|-weather|Snowscape|[upkeep]
|upkeep
|
|t:|1783974188
|switch|p2b: Farigiraf|Farigiraf, L50, M|100/100
|switch|p1a: Metagross|Metagross, L50|100/100
|turn|4
|
|t:|1783974202
|move|p1a: Metagross|Iron Head|p2a: Sylveon
|-supereffective|p2a: Sylveon|1
|-damage|p2a: Sylveon|0 fnt
|faint|p2a: Sylveon
|move|p2b: Farigiraf|Thunderbolt|p1a: Metagross
|-damage|p1a: Metagross|73/100
|-status|p1a: Metagross|par
|
|-weather|Snowscape|[upkeep]
|upkeep
|turn|5
|
|t:|1783974209
|move|p2b: Farigiraf|Thunderbolt|p1a: Metagross
|-damage|p1a: Metagross|47/100 par
|move|p1a: Metagross|Iron Head|p2b: Farigiraf
|-damage|p2b: Farigiraf|61/100
|
|-weather|Snowscape|[upkeep]
|upkeep
|turn|6
|
|t:|1783974215
|move|p2b: Farigiraf|Thunderbolt|p1a: Metagross
|-damage|p1a: Metagross|19/100 par
|move|p1a: Metagross|Iron Head|p2b: Farigiraf
|-crit|p2b: Farigiraf
|-damage|p2b: Farigiraf|7/100
|-enditem|p2b: Farigiraf|Sitrus Berry|[eat]
|-heal|p2b: Farigiraf|32/100|[from] item: Sitrus Berry
|
|-weather|Snowscape|[upkeep]
|upkeep
|turn|7
|
|t:|1783974219
|move|p2b: Farigiraf|Thunderbolt|p1a: Metagross
|-damage|p1a: Metagross|0 fnt
|faint|p1a: Metagross
|
|win|ariel.mr_
||mikoksor is ready for game 2.
||ariel.mr_ is ready for game 2.
|uhtml|next|Next: Game 2 of 3
