|j|☆A Regu1ar Guy
|j|☆dialghite
|html|A Regu1ar Guydialghite    
|uhtml|bestof|Game 1 of a best-of-3
|t:|1756672963
|gametype|doubles
|player|p1|A Regu1ar Guy|elesa|1385
|player|p2|dialghite|volkner|1497
|gen|9
|tier|[Gen 9] VGC 2025 Reg H (Bo3)
|rated|
|rule|Species Clause: Limit one of each Pokémon
|rule|Item Clause: Limit 1 of each item
|clearpoke
|poke|p1|Volcarona, L50, F|
|poke|p1|Rillaboom, L50, M|
|poke|p1|Electabuzz, L50, F|
|poke|p1|Tauros-Paldea-Aqua, L50, M|
|poke|p1|Dragonite, L50, M|
|poke|p1|Kingambit, L50, M|
|poke|p2|Indeedee, L50, M|
|poke|p2|Sneasler, L50, F|
|poke|p2|Tyranitar, L50, M|
|poke|p2|Excadrill, L50, F|
|poke|p2|Corviknight, L50, M|
|poke|p2|Annihilape, L50, M|
|teampreview|4
|showteam|p1|Volcarona||GrassySeed|FlameBody|HeatWave,GigaDrain,QuiverDance,Protect|||F|||50|,,,,,Grass]Rillaboom||AssaultVest|GrassySurge|FakeOut,WoodHammer,GrassyGlide,HighHorsepower|||M|||50|,,,,,Fire]Electabuzz||Eviolite|VitalSpirit|Thunderbolt,FollowMe,Taunt,Protect|||F|||50|,,,,,Ghost]Tauros-Paldea-Aqua||MirrorHerb|Intimidate|WaveCrash,AquaJet,CloseCombat,Protect|||M|||50|,,,,,Water]Dragonite||LoadedDice|Multiscale|ScaleShot,ExtremeSpeed,Haze,Protect|||M|||50|,,,,,Fairy]Kingambit||BlackGlasses|Defiant|KowtowCleave,SuckerPunch,SwordsDance,Protect|||M|||50|,,,,,Dark
|showteam|p2|Indeedee||ChoiceScarf|PsychicSurge|ExpandingForce,TeraBlast,Trick,Protect|||M|||50|,,,,,Psychic]Sneasler||PsychicSeed|Unburden|CloseCombat,DireClaw,ThroatChop,Protect|||F|||50|,,,,,Dark]Tyranitar||AssaultVest|SandStream|RockSlide,KnockOff,TeraBlast,LowKick|||M|||50|,,,,,Flying]Excadrill||FocusSash|SandRush|Earthquake,IronHead,HighHorsepower,Protect|||F|||50|,,,,,Ground]Corviknight||Leftovers|MirrorArmor|BraveBird,Tailwind,Roost,BulkUp|||M|||50|,,,,,Dragon]Annihilape||SafetyGoggles|Defiant|CloseCombat,RageFist,FinalGambit,Taunt|||M|||50|,,,,,Water
|inactive|Battle timer is ON: inactive players will automatically lose when time's up. (requested by dialghite)
|inactive|A Regu1ar Guy has 60 seconds left.
|inactive|dialghite has 60 seconds left.
|
|t:|1756673026
|teamsize|p1|4
|teamsize|p2|4
|start
|switch|p1a: Volcarona|Volcarona, L50, F, shiny|100/100
|switch|p1b: Electabuzz|Electabuzz, L50, F|100/100
|switch|p2a: Annihilape|Annihilape, L50, M|100/100
|switch|p2b: Tyranitar|Tyranitar, L50, M|100/100
|-weather|Sandstorm|[from] ability: Sand Stream|[of] p2b: Tyranitar
|turn|1
|
|t:|1756673043
|-terastallize|p1a: Volcarona|Grass
|move|p1b: Electabuzz|Follow Me|p1b: Electabuzz
|-singleturn|p1b: Electabuzz|move: Follow Me
|move|p2a: Annihilape|Taunt|p1b: Electabuzz
|-start|p1b: Electabuzz|move: Taunt
|move|p1a: Volcarona|Quiver Dance|p1a: Volcarona
|-boost|p1a: Volcarona|spa|1
|-boost|p1a: Volcarona|spd|1
|-boost|p1a: Volcarona|spe|1
|move|p2b: Tyranitar|Rock Slide|p1b: Electabuzz|[spread] p1a,p1b
|-damage|p1a: Volcarona|65/100
|-damage|p1b: Electabuzz|74/100
|
|-weather|Sandstorm|[upkeep]
|-damage|p1a: Volcarona|58/100|[from] Sandstorm
|-damage|p1b: Electabuzz|69/100|[from] Sandstorm
|upkeep
|turn|2
|
|t:|1756673066
|switch|p1b: Rillaboom|Rillaboom, L50, M|100/100
|-fieldstart|move: Grassy Terrain|[from] ability: Grassy Surge|[of] p1b: Rillaboom
|-enditem|p1a: Volcarona|Grassy Seed
|-boost|p1a: Volcarona|def|1|[from] item: Grassy Seed
|move|p1a: Volcarona|Protect|p1a: Volcarona
|-singleturn|p1a: Volcarona|Protect
|move|p2a: Annihilape|Rage Fist|p1b: Rillaboom
|-damage|p1b: Rillaboom|83/100
|move|p2b: Tyranitar|Knock Off|p1a: Volcarona
|-activate|p1a: Volcarona|move: Protect
|
|-weather|Sandstorm|[upkeep]
|-damage|p1a: Volcarona|52/100|[from] Sandstorm
|-damage|p1b: Rillaboom|77/100|[from] Sandstorm
|-heal|p1a: Volcarona|58/100|[from] Grassy Terrain
|-heal|p1b: Rillaboom|83/100|[from] Grassy Terrain
|upkeep
|turn|3
|inactive|dialghite has 30 seconds left.
|
|t:|1756673097
|-terastallize|p2a: Annihilape|Water
|move|p1b: Rillaboom|Fake Out|p2b: Tyranitar
|-resisted|p2b: Tyranitar
|-damage|p2b: Tyranitar|95/100
|move|p1a: Volcarona|Giga Drain|p2a: Annihilape
|-supereffective|p2a: Annihilape
|-damage|p2a: Annihilape|0 fnt
|-heal|p1a: Volcarona|100/100|[from] drain|[of] p2a: Annihilape
|faint|p2a: Annihilape
|cant|p2b: Tyranitar|flinch
|
|-weather|Sandstorm|[upkeep]
|-damage|p1a: Volcarona|94/100|[from] Sandstorm
|-damage|p1b: Rillaboom|77/100|[from] Sandstorm
|-heal|p1a: Volcarona|100/100|[from] Grassy Terrain
|-heal|p1b: Rillaboom|83/100|[from] Grassy Terrain
|-heal|p2b: Tyranitar|100/100|[from] Grassy Terrain
|upkeep
|
|t:|1756673107
|switch|p2a: Sneasler|Sneasler, L50, F|100/100
|turn|4
|
|t:|1756673116
|move|p1a: Volcarona|Protect|p1a: Volcarona
|-singleturn|p1a: Volcarona|Protect
|move|p2a: Sneasler|Dire Claw|p1b: Rillaboom
|-supereffective|p1b: Rillaboom
|-damage|p1b: Rillaboom|3/100
|move|p1b: Rillaboom|High Horsepower|p2a: Sneasler
|-supereffective|p2a: Sneasler
|-damage|p2a: Sneasler|0 fnt
|faint|p2a: Sneasler
|move|p2b: Tyranitar|Rock Slide|p1b: Rillaboom|[spread] p1b
|-activate|p1a: Volcarona|move: Protect
|-damage|p1b: Rillaboom|0 fnt
|faint|p1b: Rillaboom
|
|-weather|Sandstorm|[upkeep]
|-damage|p1a: Volcarona|94/100|[from] Sandstorm
|-heal|p1a: Volcarona|100/100|[from] Grassy Terrain
|upkeep
|
|t:|1756673122
|switch|p2a: Excadrill|Excadrill, L50, F|100/100
|switch|p1b: Dragonite|Dragonite, L50, M|100/100
|turn|5
|
|t:|1756673126
|move|p2a: Excadrill|Iron Head|p1a: Volcarona
|-damage|p1a: Volcarona|63/100
|cant|p1a: Volcarona|flinch
|move|p1b: Dragonite|Scale Shot|p2b: Tyranitar
|-damage|p2b: Tyranitar|90/100
|-damage|p2b: Tyranitar|79/100
|-damage|p2b: Tyranitar|69/100
|-damage|p2b: Tyranitar|57/100
|-hitcount|p2b: Tyranitar|4
|-unboost|p1b: Dragonite|def|1
|-boost|p1b: Dragonite|spe|1
|move|p2b: Tyranitar|Rock Slide|p1b: Dragonite|[spread] p1a,p1b
|-supereffective|p1b: Dragonite
|-damage|p1a: Volcarona|37/100
|-damage|p1b: Dragonite|46/100
|
|-weather|none
|-heal|p1a: Volcarona|44/100|[from] Grassy Terrain
|-heal|p2b: Tyranitar|63/100|[from] Grassy Terrain
|upkeep
|turn|6
|
|t:|1756673146
|switch|p1b: Electabuzz|Electabuzz, L50, F|69/100
|move|p1a: Volcarona|Giga Drain|p2b: Tyranitar
|-supereffective|p2b: Tyranitar
|-damage|p2b: Tyranitar|0 fnt
|-heal|p1a: Volcarona|76/100|[from] drain|[of] p2b: Tyranitar
|faint|p2b: Tyranitar
|move|p2a: Excadrill|Iron Head|p1a: Volcarona
|-damage|p1a: Volcarona|40/100
|
|-heal|p1a: Volcarona|46/100|[from] Grassy Terrain
|-heal|p1b: Electabuzz|74/100|[from] Grassy Terrain
|-fieldend|move: Grassy Terrain
|upkeep
|turn|7
|-message|dialghite forfeited.
|
|win|A Regu1ar Guy
