|j|☆erp_01
|j|☆dropddead
|html|erp_01dropddead    
|uhtml|bestof|Game 1 of a best-of-3
|t:|1785692588
|gametype|doubles
|player|p1|erp_01|roy|1244
|player|p2|dropddead|crasherwake|1130
|gen|9
|tier|[Gen 9 Champions] VGC 2026 Reg M-B (Bo3)
|rated|
|rule|Species Clause: Limit one of each Pokémon
|rule|Item Clause: Limit 1 of each item
|clearpoke
|poke|p1|Froslass, L50, F|
|poke|p1|Sneasler, L50, M|
|poke|p1|Milotic, L50, F|
|poke|p1|Charizard, L50, M|
|poke|p1|Kingambit, L50, M, shiny|
|poke|p1|Sinistcha-Masterpiece, L50|
|poke|p2|Staraptor, L50, F|
|poke|p2|Vanilluxe, L50, F|
|poke|p2|Farigiraf, L50, F|
|poke|p2|Blastoise, L50, F|
|poke|p2|Kingambit, L50, F|
|poke|p2|Camerupt, L50, M|
|teampreview|4
|showteam|p1|Froslass||Froslassite|SnowCloak|Blizzard,AuroraVeil,ShadowBall,Protect|Timid||F|||50|]Sneasler||FocusSash|PoisonTouch|CloseCombat,PoisonJab,Coaching,FakeOut|Jolly||M|||50|]Milotic||Leftovers|Competitive|Scald,IcyWind,Recover,Protect|Calm||F|||50|]Charizard||CharizarditeX|SolarPower|FlareBlitz,DragonClaw,DragonDance,Protect|Adamant||M|||50|]Kingambit||BlackGlasses|Defiant|KowtowCleave,SuckerPunch,SwordsDance,Protect|Adamant||M|||50|]Sinistcha-Masterpiece||ColburBerry|Hospitality|MatchaGotcha,TrickRoom,RagePowder,Protect|Bold|||||50|
|showteam|p2|Staraptor||ChoiceScarf|Intimidate|FinalGambit,BraveBird,CloseCombat,Uturn|Jolly||F|||50|]Vanilluxe||NeverMeltIce|SnowWarning|Blizzard,FreezeDry,Protect,IceShard|Quiet||F|||50|]Farigiraf||SitrusBerry|ArmorTail|PsychicFangs,Thunderbolt,HelpingHand,TrickRoom|Relaxed||F|||50|]Blastoise||Blastoisinite|RainDish|FakeOut,WaterSpout,AuraSphere,DarkPulse|Quiet||F|||50|]Kingambit||LifeOrb|Defiant|KowtowCleave,IronHead,Protect,SuckerPunch|Brave||F|||50|]Camerupt||Cameruptite|SolidRock|HeatWave,EarthPower,Protect,AncientPower|Quiet||M|||50|
|inactive|Battle timer is ON: inactive players will automatically lose when time's up. (requested by dropddead)
|inactive|erp_01 has 60 seconds left.
|
|t:|1785692628
|teamsize|p1|4
|teamsize|p2|4
|start
|switch|p1a: Charizard|Charizard, L50, M|100/100
|switch|p1b: Sinistcha|Sinistcha-Masterpiece, L50|100/100
|switch|p2a: Farigiraf|Farigiraf, L50, F|100/100
|switch|p2b: Staraptor|Staraptor, L50, F|100/100
|-ability|p2b: Staraptor|Intimidate|boost
|-unboost|p1a: Charizard|atk|1
|-unboost|p1b: Sinistcha|atk|1
|turn|1
|inactive|erp_01 has 30 seconds left.
|
|t:|1785692659
|switch|p1a: Sneasler|Sneasler, L50, M|100/100
|move|p2a: Farigiraf|Helping Hand|p2b: Staraptor
|-singleturn|p2b: Staraptor|Helping Hand|[of] p2a: Farigiraf
|move|p2b: Staraptor|Brave Bird|p1b: Sinistcha
|-supereffective|p1b: Sinistcha|1
|-damage|p1b: Sinistcha|0 fnt
|faint|p1b: Sinistcha
|-damage|p2b: Staraptor|69/100|[from] Recoil
|
|upkeep
|
|t:|1785692669
|switch|p1b: Milotic|Milotic, L50, F|100/100
|turn|2
|
|t:|1785692685
|move|p2b: Staraptor|Brave Bird|p1a: Sneasler
|-supereffective|p1a: Sneasler|1
|-enditem|p1a: Sneasler|Focus Sash
|-damage|p1a: Sneasler|1/100
|-damage|p2b: Staraptor|43/100|[from] Recoil
|move|p1a: Sneasler|Poison Jab|p2a: Farigiraf
|-damage|p2a: Farigiraf|64/100
|move|p1b: Milotic|Icy Wind|p2b: Staraptor|[spread] p2a,p2b
|-supereffective|p2b: Staraptor|1
|-damage|p2a: Farigiraf|55/100
|-damage|p2b: Staraptor|15/100
|-unboost|p2a: Farigiraf|spe|1
|-unboost|p2b: Staraptor|spe|1
|move|p2a: Farigiraf|Psychic Fangs|p1a: Sneasler
|-supereffective|p1a: Sneasler|2
|-damage|p1a: Sneasler|0 fnt
|faint|p1a: Sneasler
|
|upkeep
|
|t:|1785692690
|switch|p1a: Charizard|Charizard, L50, M|100/100
|turn|3
|
|t:|1785692715
|detailschange|p1a: Charizard|Charizard-Mega-X, L50, M
|-mega|p1a: Charizard|Charizard|Charizardite X
|move|p2b: Staraptor|Brave Bird|p1b: Milotic
|-damage|p1b: Milotic|50/100g
|-damage|p2b: Staraptor|0 fnt|[from] Recoil
|faint|p2b: Staraptor
|move|p1a: Charizard|Dragon Claw|p2a: Farigiraf
|-damage|p2a: Farigiraf|12/100
|-enditem|p2a: Farigiraf|Sitrus Berry|[eat]
|-heal|p2a: Farigiraf|37/100|[from] item: Sitrus Berry
|move|p1b: Milotic|Icy Wind|p2a: Farigiraf
|-crit|p2a: Farigiraf
|-damage|p2a: Farigiraf|19/100
|-unboost|p2a: Farigiraf|spe|1
|move|p2a: Farigiraf|Trick Room|p2a: Farigiraf
|-fieldstart|move: Trick Room|[of] p2a: Farigiraf
|
|-heal|p1b: Milotic|56/100|[from] item: Leftovers
|upkeep
|
|t:|1785692731
|switch|p2b: Vanilluxe|Vanilluxe, L50, F|100/100
|-weather|Snowscape|[from] ability: Snow Warning|[of] p2b: Vanilluxe
|turn|4
|
|t:|1785692749
|move|p1b: Milotic|Protect|p1b: Milotic
|-singleturn|p1b: Milotic|Protect
|move|p2a: Farigiraf|Thunderbolt|p1b: Milotic
|-activate|p1b: Milotic|move: Protect
|move|p2b: Vanilluxe|Blizzard|p1a: Charizard|[spread] p1a
|-activate|p1b: Milotic|move: Protect
|-damage|p1a: Charizard|40/100
|move|p1a: Charizard|Flare Blitz|p2b: Vanilluxe
|-supereffective|p2b: Vanilluxe|1
|-damage|p2b: Vanilluxe|0 fnt
|faint|p2b: Vanilluxe
|-damage|p1a: Charizard|4/100|[from] Recoil
|
|-weather|Snowscape|[upkeep]
|-heal|p1b: Milotic|62/100|[from] item: Leftovers
|upkeep
|
|t:|1785692758
|switch|p2b: Camerupt|Camerupt, L50, M|100/100
|turn|5
|inactive|erp_01 has 30 seconds left.
|
|t:|1785692794
|detailschange|p2b: Camerupt|Camerupt-Mega, L50, M
|-mega|p2b: Camerupt|Camerupt|Cameruptite
|move|p2a: Farigiraf|Helping Hand|p2b: Camerupt
|-singleturn|p2b: Camerupt|Helping Hand|[of] p2a: Farigiraf
|move|p1a: Charizard|Protect|p1a: Charizard
|-singleturn|p1a: Charizard|Protect
|move|p2b: Camerupt|Earth Power|p1b: Milotic
|-crit|p1b: Milotic
|-damage|p1b: Milotic|0 fnt
|faint|p1b: Milotic
|
|-weather|Snowscape|[upkeep]
|upkeep
|turn|6
|-message|erp_01 forfeited.
|
|win|dropddead
|l|☆erp_01
|player|p1|
||erp_01 is ready for game 2.
