|j|☆LozzArcher
|j|☆Bl0ste
|html|LozzArcherBl0ste    
|uhtml|bestof|Game 2 of a best-of-3
|t:|1756772472
|gametype|doubles
|player|p1|LozzArcher|ghetsis|1052
|player|p2|Bl0ste|li|1075
|gen|9
|tier|[Gen 9] VGC 2025 Reg H (Bo3)
|rated|
|rule|Species Clause: Limit one of each Pokémon
|rule|Item Clause: Limit 1 of each item
|clearpoke
|poke|p1|Basculegion, L50, M|
|poke|p1|Annihilape, L50, M|
|poke|p1|Archaludon, L50, M|
|poke|p1|Pelipper, L50, M|
|poke|p1|Incineroar, L50, M|
|poke|p1|Maushold-Four, L50|
|poke|p2|Lycanroc, L50, F|
|poke|p2|Tyranitar, L50, M|
|poke|p2|Indeedee-F, L50, F|
|poke|p2|Armarouge, L50, M|
|poke|p2|Dondozo, L50, F|
|poke|p2|Tatsugiri-Droopy, L50, F|
|teampreview|4
|showteam|p1|Basculegion||ChoiceBand|SwiftSwim|WaveCrash,LastRespects,AquaJet,FlipTurn|||M|||50|,,,,,Grass]Annihilape||Leftovers|Defiant|RageFist,BulkUp,DrainPunch,Protect|||M|||50|,,,,,Fire]Archaludon||AssaultVest|Stamina|ElectroShot,BodyPress,DracoMeteor,FlashCannon|||M|||50|,,,,,Grass]Pelipper||FocusSash|Drizzle|Tailwind,Protect,WeatherBall,Hurricane|||M|||50|,,,,,Stellar]Incineroar||SitrusBerry|Intimidate|FlareBlitz,KnockOff,FakeOut,PartingShot|||M|||50|,,,,,Flying]Maushold-Four||SafetyGoggles|FriendGuard|FollowMe,Taunt,Protect,BeatUp||||||50|,,,,,Ghost
|showteam|p2|Lycanroc||FocusSash|SandRush|RockSlide,Endeavor,CloseCombat,Protect|||F|||50|,,,,,Ghost]Tyranitar||ChoiceBand|SandStream|RockSlide,LowKick,TeraBlast,Assurance|||M|||50|,,,,,Flying]Indeedee-F||SafetyGoggles|PsychicSurge|DazzlingGleam,FollowMe,HelpingHand,TrickRoom|||F|||50|,,,,,Fairy]Armarouge||LifeOrb|FlashFire|ExpandingForce,EnergyBall,HeatWave,TrickRoom|||M|||50|,,,,,Grass]Dondozo||LumBerry|Unaware|WaveCrash,RockSlide,TeraBlast,Rest|||F|||50|,,,,,Grass]Tatsugiri-Droopy||ChoiceSpecs|Commander|MuddyWater,DracoMeteor,SleepTalk,HydroPump|||F|||50|,,,,,Water
|
|t:|1756772496
|teamsize|p1|4
|teamsize|p2|4
|start
|switch|p1a: Pelipper|Pelipper, L50, M|100/100
|switch|p1b: Basculegion|Basculegion, L50, M|100/100
|switch|p2a: Tyranitar|Tyranitar, L50, M|100/100
|switch|p2b: Lycanroc|Lycanroc, L50, F|100/100
|-weather|RainDance|[from] ability: Drizzle|[of] p1a: Pelipper
|-weather|Sandstorm|[from] ability: Sand Stream|[of] p2a: Tyranitar
|turn|1
|inactive|Battle timer is ON: inactive players will automatically lose when time's up. (requested by LozzArcher)
|
|t:|1756772514
|switch|p1a: Incineroar|Incineroar, L50, M|100/100
|-ability|p1a: Incineroar|Intimidate|boost
|-unboost|p2a: Tyranitar|atk|1
|-unboost|p2b: Lycanroc|atk|1
|move|p2b: Lycanroc|Rock Slide|p1a: Incineroar|[spread] p1a,p1b
|-supereffective|p1a: Incineroar
|-damage|p1a: Incineroar|60/100
|-damage|p1b: Basculegion|74/100
|move|p1b: Basculegion|Wave Crash|p2a: Tyranitar
|-supereffective|p2a: Tyranitar
|-damage|p2a: Tyranitar|0 fnt
|faint|p2a: Tyranitar
|-damage|p1b: Basculegion|45/100|[from] Recoil
|
|-weather|Sandstorm|[upkeep]
|-damage|p1b: Basculegion|39/100|[from] Sandstorm
|-damage|p1a: Incineroar|54/100|[from] Sandstorm
|upkeep
|
|t:|1756772529
|switch|p2a: Dondozo|Dondozo, L50, F|100/100
|turn|2
|inactive|LozzArcher has 30 seconds left.
|
|t:|1756772558
|switch|p2b: Tatsugiri|Tatsugiri-Droopy, L50, F|100/100
|-activate|p2b: Tatsugiri|ability: Commander|[of] p2a: Dondozo
|-boost|p2a: Dondozo|atk|2
|-boost|p2a: Dondozo|spa|2
|-boost|p2a: Dondozo|spe|2
|-boost|p2a: Dondozo|def|2
|-boost|p2a: Dondozo|spd|2
|switch|p1b: Archaludon|Archaludon, L50, M|100/100
|move|p1a: Incineroar|Fake Out|p2a: Dondozo
|-damage|p2a: Dondozo|96/100
|cant|p2a: Dondozo|flinch
|
|-weather|Sandstorm|[upkeep]
|-damage|p2a: Dondozo|89/100|[from] Sandstorm
|-damage|p2b: Tatsugiri|94/100|[from] Sandstorm
|-damage|p1a: Incineroar|47/100|[from] Sandstorm
|-enditem|p1a: Incineroar|Sitrus Berry|[eat]
|-heal|p1a: Incineroar|72/100|[from] item: Sitrus Berry
|upkeep
|turn|3
|inactive|LozzArcher has 30 seconds left.
|
|t:|1756772588
|switch|p1a: Pelipper|Pelipper, L50, M|100/100
|-weather|RainDance|[from] ability: Drizzle|[of] p1a: Pelipper
|-terastallize|p1b: Archaludon|Grass
|move|p2a: Dondozo|Rock Slide|p1b: Archaludon|[spread] p1a,p1b
|-supereffective|p1a: Pelipper
|-enditem|p1a: Pelipper|Focus Sash
|-damage|p1a: Pelipper|1/100
|-damage|p1b: Archaludon|77/100
|-ability|p1b: Archaludon|Stamina|boost
|-boost|p1b: Archaludon|def|1
|move|p1b: Archaludon|Electro Shot||[still]
|-prepare|p1b: Archaludon|Electro Shot
|-boost|p1b: Archaludon|spa|1
|-anim|p1b: Archaludon|Electro Shot|p2a: Dondozo
|-supereffective|p2a: Dondozo
|-damage|p2a: Dondozo|41/100
|
|-weather|RainDance|[upkeep]
|upkeep
|turn|4
|
|t:|1756772607
|move|p2a: Dondozo|Rock Slide|p1a: Pelipper|[spread] p1a,p1b
|-supereffective|p1a: Pelipper
|-damage|p1a: Pelipper|0 fnt
|-damage|p1b: Archaludon|50/100
|-ability|p1b: Archaludon|Stamina|boost
|-boost|p1b: Archaludon|def|1
|faint|p1a: Pelipper
|cant|p1b: Archaludon|flinch
|
|-weather|RainDance|[upkeep]
|upkeep
|
|t:|1756772620
|switch|p1a: Incineroar|Incineroar, L50, M|72/100
|-ability|p1a: Incineroar|Intimidate|boost
|-unboost|p2a: Dondozo|atk|1
|-unboost|p2b: Tatsugiri|atk|1
|turn|5
|
|t:|1756772626
|move|p1a: Incineroar|Fake Out|p2a: Dondozo
|-damage|p2a: Dondozo|36/100
|cant|p2a: Dondozo|flinch
|move|p1b: Archaludon|Electro Shot||[still]
|-prepare|p1b: Archaludon|Electro Shot
|-boost|p1b: Archaludon|spa|1
|-anim|p1b: Archaludon|Electro Shot|p2a: Dondozo
|-supereffective|p2a: Dondozo
|-damage|p2a: Dondozo|0 fnt
|faint|p2a: Dondozo
|
|-weather|RainDance|[upkeep]
|upkeep
|
|t:|1756772628
|switch|p2a: Lycanroc|Lycanroc, L50, F|100/100
|turn|6
|
|t:|1756772648
|-terastallize|p2a: Lycanroc|Ghost
|move|p2a: Lycanroc|Rock Slide|p1a: Incineroar|[spread] p1a,p1b
|-supereffective|p1a: Incineroar
|-damage|p1a: Incineroar|14/100
|-damage|p1b: Archaludon|40/100
|-ability|p1b: Archaludon|Stamina|boost
|-boost|p1b: Archaludon|def|1
|move|p2b: Tatsugiri|Muddy Water|p1a: Incineroar|[spread] p1a,p1b
|-supereffective|p1a: Incineroar
|-resisted|p1b: Archaludon
|-crit|p1b: Archaludon
|-damage|p1a: Incineroar|0 fnt
|-damage|p1b: Archaludon|2/100
|-ability|p1b: Archaludon|Stamina|boost
|-boost|p1b: Archaludon|def|1
|faint|p1a: Incineroar
|move|p1b: Archaludon|Electro Shot||[still]
|-prepare|p1b: Archaludon|Electro Shot
|-boost|p1b: Archaludon|spa|1
|-anim|p1b: Archaludon|Electro Shot|p2a: Lycanroc
|-enditem|p2a: Lycanroc|Focus Sash
|-damage|p2a: Lycanroc|1/100
|
|-weather|RainDance|[upkeep]
|upkeep
|
|t:|1756772666
|switch|p1a: Basculegion|Basculegion, L50, M|39/100
|turn|7
|inactive|LozzArcher has 30 seconds left.
|inactive|LozzArcher has 20 seconds left.
|
|t:|1756772706
|move|p2a: Lycanroc|Protect|p2a: Lycanroc
|-singleturn|p2a: Lycanroc|Protect
|move|p1a: Basculegion|Last Respects|p2a: Lycanroc
|-activate|p2a: Lycanroc|move: Protect
|move|p2b: Tatsugiri|Muddy Water|p1a: Basculegion|[spread] 
|-miss|p2b: Tatsugiri|p1a: Basculegion
|-miss|p2b: Tatsugiri|p1b: Archaludon
|move|p1b: Archaludon|Electro Shot||[still]
|-prepare|p1b: Archaludon|Electro Shot
|-boost|p1b: Archaludon|spa|1
|-anim|p1b: Archaludon|Electro Shot|p2b: Tatsugiri
|-damage|p2b: Tatsugiri|0 fnt
|faint|p2b: Tatsugiri
|
|-weather|none
|upkeep
|turn|8
|c|☆Bl0ste|xd
|c|☆LozzArcher|no way XD
|
|t:|1756772724
|move|p2a: Lycanroc|Rock Slide|p1a: Basculegion|[spread] p1a,p1b
|-damage|p1a: Basculegion|3/100
|-damage|p1b: Archaludon|0 fnt
|faint|p1b: Archaludon
|cant|p1a: Basculegion|flinch
|
|upkeep
|turn|9
|c|☆LozzArcher|100% skill
|
|t:|1756772733
|move|p2a: Lycanroc|Rock Slide|p1a: Basculegion
|-damage|p1a: Basculegion|0 fnt
|faint|p1a: Basculegion
|
|win|Bl0ste
|raw|LozzArcher's rating: 1052 → 1035(-17 for losing)
|raw|Bl0ste's rating: 1075 → 1102(+27 for winning)
