|j|☆CookerOcean2007
|j|☆natsukookie
|html|CookerOcean2007natsukookie    
|uhtml|bestof|Game 2 of a best-of-3
|t:|1785595163
|gametype|doubles
|player|p1|CookerOcean2007|170|1098
|player|p2|natsukookie|102|1000
|gen|9
|tier|[Gen 9 Champions] VGC 2026 Reg M-B (Bo3)
|rated|
|rule|Species Clause: Limit one of each Pokémon
|rule|Item Clause: Limit 1 of each item
|clearpoke
|poke|p1|Charizard, L50, F|
|poke|p1|Venusaur, L50, M|
|poke|p1|Mamoswine, L50, M|
|poke|p1|Garchomp, L50, F|
|poke|p1|Incineroar, L50, M|
|poke|p1|Toxapex, L50, F|
|poke|p2|Hatterene, L50, F|
|poke|p2|Oranguru, L50, F|
|poke|p2|Mawile, L50, F|
|poke|p2|Kangaskhan, L50, F|
|poke|p2|Venusaur, L50, M|
|poke|p2|Torkoal, L50, M|
|teampreview|4
|showteam|p1|Charizard||CharizarditeY|Blaze|HeatWave,WeatherBall,HelpingHand,Protect|Modest||F|||50|]Venusaur||LifeOrb|Chlorophyll|LeafStorm,SludgeBomb,EarthPower,Protect|Modest||M|||50|]Mamoswine||FocusSash|Oblivious|HighHorsepower,RockTomb,IceShard,Protect|Jolly||M|||50|]Garchomp||ChoiceScarf|RoughSkin|DragonClaw,Earthquake,RockSlide,StompingTantrum|Adamant||F|||50|]Incineroar||SitrusBerry|Intimidate|FlareBlitz,ThroatChop,PartingShot,FakeOut|Impish||M|||50|]Toxapex||Leftovers|Regenerator|Toxic,Infestation,WideGuard,BanefulBunker|Bold||F|||50|
|showteam|p2|Hatterene||LifeOrb|MagicBounce|Protect,Psychic,TrickRoom,DazzlingGleam|Quiet||F|||50|]Oranguru||MentalHerb|InnerFocus|Protect,Instruct,Psychic,TrickRoom|Bold||F|||50|]Mawile||Mawilite|HyperCutter|SuckerPunch,PlayRough,Protect,IronHead|Brave||F|||50|]Kangaskhan||SilkScarf|Scrappy|LastResort,FakeOut|Brave||F|||50|]Venusaur||FocusSash|Chlorophyll|LeafStorm,SludgeBomb,SleepPowder,Protect|Modest||M|||50|]Torkoal||Charcoal|Drought|Eruption,Protect,EarthPower,HeatWave|Quiet||M|||50|
|inactive|Battle timer is ON: inactive players will automatically lose when time's up. (requested by CookerOcean2007)
|
|t:|1785595229
|teamsize|p1|4
|teamsize|p2|4
|start
|switch|p1a: Charizard|Charizard, L50, F|100/100
|switch|p1b: Mamoswine|Mamoswine, L50, M|100/100
|switch|p2a: Kangaskhan|Kangaskhan, L50, F|100/100
|switch|p2b: Oranguru|Oranguru, L50, F|100/100
|turn|1
|inactive|natsukookie has 30 seconds left.
|
|t:|1785595256
|switch|p1b: Incineroar|Incineroar, L50, M|100/100
|-ability|p1b: Incineroar|Intimidate|boost
|-fail|p2a: Kangaskhan|unboost|Attack|[from] ability: Scrappy|[of] p2a: Kangaskhan
|-fail|p2b: Oranguru|unboost|Attack|[from] ability: Inner Focus|[of] p2b: Oranguru
|detailschange|p1a: Charizard|Charizard-Mega-Y, L50, F
|-mega|p1a: Charizard|Charizard|Charizardite Y
|-weather|SunnyDay|[from] ability: Drought|[of] p1a: Charizard
|move|p2a: Kangaskhan|Fake Out|p1b: Incineroar
|-damage|p1b: Incineroar|80/100
|move|p1a: Charizard|Heat Wave|p2a: Kangaskhan|[spread] p2b
|-miss|p1a: Charizard|p2a: Kangaskhan
|-damage|p2b: Oranguru|49/100
|move|p2b: Oranguru|Trick Room|p2b: Oranguru
|-fieldstart|move: Trick Room|[of] p2b: Oranguru
|
|-weather|SunnyDay|[upkeep]
|upkeep
|turn|2
|inactive|CookerOcean2007 has 30 seconds left.
|inactive|natsukookie has 30 seconds left.
|
|t:|1785595290
|move|p1b: Incineroar|Fake Out|p2a: Kangaskhan
|-damage|p2a: Kangaskhan|89/100
|move|p2b: Oranguru|Psychic|p1a: Charizard
|-damage|p1a: Charizard|74/100
|-unboost|p1a: Charizard|spd|1
|cant|p2a: Kangaskhan|flinch
|move|p1a: Charizard|Heat Wave|p2a: Kangaskhan|[spread] p2a,p2b
|-damage|p2a: Kangaskhan|29/100
|-damage|p2b: Oranguru|4/100
|
|-weather|SunnyDay|[upkeep]
|upkeep
|turn|3
|inactive|CookerOcean2007 has 30 seconds left.
|inactive|CookerOcean2007 has 20 seconds left.
|inactive|CookerOcean2007 has 15 seconds left.
|inactive|CookerOcean2007 has 10 seconds left.
|
|t:|1785595337
|switch|p1b: Mamoswine|Mamoswine, L50, M|100/100
|move|p2b: Oranguru|Instruct|p2a: Kangaskhan
|-singleturn|p2a: Kangaskhan|move: Instruct|[of] p2b: Oranguru
|move|p2a: Kangaskhan|Fake Out||[still]
|-hint|Fake Out only works on your first turn out.
|-fail|p2a: Kangaskhan
|move|p2a: Kangaskhan|Last Resort|p1a: Charizard
|-damage|p1a: Charizard|0 fnt
|faint|p1a: Charizard
|
|-weather|SunnyDay|[upkeep]
|upkeep
|
|t:|1785595353
|switch|p1a: Incineroar|Incineroar, L50, M|80/100
|-ability|p1a: Incineroar|Intimidate|boost
|-fail|p2a: Kangaskhan|unboost|Attack|[from] ability: Scrappy|[of] p2a: Kangaskhan
|-fail|p2b: Oranguru|unboost|Attack|[from] ability: Inner Focus|[of] p2b: Oranguru
|turn|4
|
|t:|1785595377
|move|p1a: Incineroar|Fake Out|p2a: Kangaskhan
|-damage|p2a: Kangaskhan|19/100
|move|p1b: Mamoswine|Ice Shard|p2b: Oranguru
|-damage|p2b: Oranguru|0 fnt
|faint|p2b: Oranguru
|cant|p2a: Kangaskhan|flinch
|
|-weather|SunnyDay|[upkeep]
|upkeep
|
|t:|1785595387
|switch|p2b: Mawile|Mawile, L50, F|100/100
|turn|5
|inactive|CookerOcean2007 has 30 seconds left.
|inactive|CookerOcean2007 has 20 seconds left.
|inactive|CookerOcean2007 has 15 seconds left.
|inactive|CookerOcean2007 has 10 seconds left.
|
|t:|1785595435
|detailschange|p2b: Mawile|Mawile-Mega, L50, F
|-mega|p2b: Mawile|Mawile|Mawilite
|move|p1b: Mamoswine|Protect|p1b: Mamoswine
|-singleturn|p1b: Mamoswine|Protect
|move|p2b: Mawile|Play Rough|p1a: Incineroar
|-damage|p1a: Incineroar|6/100
|-enditem|p1a: Incineroar|Sitrus Berry|[eat]
|-heal|p1a: Incineroar|31/100|[from] item: Sitrus Berry
|move|p1a: Incineroar|Flare Blitz|p2b: Mawile
|-supereffective|p2b: Mawile|1
|-damage|p2b: Mawile|0 fnt
|faint|p2b: Mawile
|-damage|p1a: Incineroar|5/100|[from] Recoil
|move|p2a: Kangaskhan|Last Resort|p1a: Incineroar
|-damage|p1a: Incineroar|0 fnt
|faint|p1a: Incineroar
|
|-weather|none
|-fieldend|move: Trick Room
|upkeep
|
|t:|1785595454
|switch|p1a: Garchomp|Garchomp, L50, F|100/100
|switch|p2b: Venusaur|Venusaur, L50, M|100/100
|turn|6
|inactive|natsukookie has 30 seconds left.
|inactive|natsukookie has 20 seconds left.
|inactive|natsukookie has 15 seconds left.
|
|t:|1785595495
|move|p1a: Garchomp|Rock Slide|p2b: Venusaur|[spread] p2a,p2b
|-damage|p2a: Kangaskhan|0 fnt
|-damage|p2b: Venusaur|71/100
|faint|p2a: Kangaskhan
|move|p1b: Mamoswine|High Horsepower|p2b: Venusaur
|-damage|p2b: Venusaur|7/100
|cant|p2b: Venusaur|flinch
|
|upkeep
|turn|7
|
|t:|1785595507
|move|p1b: Mamoswine|Ice Shard|p2b: Venusaur
|-supereffective|p2b: Venusaur|1
|-damage|p2b: Venusaur|0 fnt
|faint|p2b: Venusaur
|
|win|CookerOcean2007
|raw|CookerOcean2007's rating: 1098 → 1116(+18 for winning)
|raw|natsukookie's rating: 1000 → 1000(+0 for losing)
|l|☆CookerOcean2007
|player|p1|
