|j|☆Jacrepid
|j|☆Cfing
|html|JacrepidCfing    
|uhtml|bestof|Game 2 of a best-of-3
|t:|1756847946
|gametype|doubles
|player|p1|Jacrepid|101|1116
|player|p2|Cfing|hiker-gen4|1147
|gen|9
|tier|[Gen 9] VGC 2025 Reg H (Bo3)
|rated|
|rule|Species Clause: Limit one of each Pokémon
|rule|Item Clause: Limit 1 of each item
|clearpoke
|poke|p1|Archaludon, L50, F|
|poke|p1|Pelipper, L50, F|
|poke|p1|Basculegion, L50, M|
|poke|p1|Sinistcha, L50|
|poke|p1|Incineroar, L50, M|
|poke|p1|Kommo-o, L50, F|
|poke|p2|Whimsicott, L50, F|
|poke|p2|Annihilape, L50, M|
|poke|p2|Pelipper, L50, M|
|poke|p2|Archaludon, L50, F|
|poke|p2|Sneasler, L50, M|
|poke|p2|Indeedee, L50, M|
|teampreview|4
|showteam|p1|Archaludon||AssaultVest|Stamina|ElectroShot,BodyPress,FlashCannon,DracoMeteor|||F|||50|,,,,,Bug]Pelipper||FocusSash|Drizzle|Tailwind,Protect,WeatherBall,Hurricane|||F|||50|,,,,,Stellar]Basculegion||ChoiceBand|SwiftSwim|WaveCrash,FlipTurn,LastRespects,TeraBlast|||M|||50|,,,,,Grass]Sinistcha||RockyHelmet|Hospitality|RagePowder,TrickRoom,LifeDew,MatchaGotcha||||||50|,,,,,Water]Incineroar||SafetyGoggles|Intimidate|FakeOut,KnockOff,FlareBlitz,PartingShot|||M|||50|,,,,,Ghost]Kommo-o||LifeOrb|Overcoat|BodyPress,IronDefense,IronHead,Protect|||F|||50|,,,,,Steel
|showteam|p2|Whimsicott||FocusSash|Prankster|Tailwind,Taunt,Moonblast,BeatUp|||F|||50|,,,,,Ghost]Annihilape||AssaultVest|Defiant|RageFist,CloseCombat,RockSlide,DrainPunch|||M|||50|,,,,,Fire]Pelipper||CovertCloak|Drizzle|Tailwind,Hurricane,WeatherBall,Protect|||M|||50|,,,,,Ground]Archaludon||LifeOrb|Stamina|ElectroShot,Protect,DracoMeteor,BodyPress|||F|||50|,,,,,Stellar]Sneasler||PsychicSeed|Unburden|Acrobatics,CloseCombat,DireClaw,ThroatChop|||M|||50|,,,,,Dark]Indeedee||ChoiceSpecs|PsychicSurge|ExpandingForce,Imprison,TrickRoom,Trick|||M|||50|,,,,,Psychic
|inactive|Battle timer is ON: inactive players will automatically lose when time's up. (requested by Cfing)
|inactive|Jacrepid has 60 seconds left.
|
|t:|1756847982
|teamsize|p1|4
|teamsize|p2|4
|start
|switch|p1a: Sinistcha|Sinistcha, L50|100/100
|switch|p1b: Incineroar|Incineroar, L50, M|100/100
|switch|p2a: Whimsicott|Whimsicott, L50, F|100/100
|switch|p2b: Annihilape|Annihilape, L50, M|100/100
|-ability|p1b: Incineroar|Intimidate|boost
|-unboost|p2a: Whimsicott|atk|1
|-unboost|p2b: Annihilape|atk|1
|-ability|p2b: Annihilape|Defiant|boost
|-boost|p2b: Annihilape|atk|2
|turn|1
|
|t:|1756848007
|-terastallize|p1a: Sinistcha|Water
|move|p1b: Incineroar|Fake Out|p2a: Whimsicott
|-damage|p2a: Whimsicott|84/100
|cant|p2a: Whimsicott|flinch
|move|p2b: Annihilape|Rage Fist|p1a: Sinistcha
|-damage|p1a: Sinistcha|68/100
|-damage|p2b: Annihilape|84/100|[from] item: Rocky Helmet|[of] p1a: Sinistcha
|move|p1a: Sinistcha|Trick Room|p1a: Sinistcha
|-fieldstart|move: Trick Room|[of] p1a: Sinistcha
|
|upkeep
|turn|2
|inactive|Jacrepid has 30 seconds left.
|inactive|Cfing has 30 seconds left.
|inactive|Jacrepid has 20 seconds left.
|inactive|Cfing has 20 seconds left.
|inactive|Jacrepid has 15 seconds left.
|
|t:|1756848052
|-terastallize|p2b: Annihilape|Fire
|move|p1b: Incineroar|Knock Off|p2b: Annihilape
|-damage|p2b: Annihilape|45/100
|-enditem|p2b: Annihilape|Assault Vest|[from] move: Knock Off|[of] p1b: Incineroar
|move|p1a: Sinistcha|Matcha Gotcha|p2b: Annihilape|[spread] p2a,p2b
|-resisted|p2a: Whimsicott
|-resisted|p2b: Annihilape
|-damage|p2a: Whimsicott|66/100
|-heal|p1a: Sinistcha|75/100|[from] drain|[of] p2a: Whimsicott
|-damage|p2b: Annihilape|34/100
|-heal|p1a: Sinistcha|81/100|[from] drain|[of] p2b: Annihilape
|move|p2b: Annihilape|Close Combat|p1b: Incineroar
|-supereffective|p1b: Incineroar
|-damage|p1b: Incineroar|0 fnt
|-unboost|p2b: Annihilape|def|1
|-unboost|p2b: Annihilape|spd|1
|faint|p1b: Incineroar
|move|p2a: Whimsicott|Moonblast|p1a: Sinistcha
|-damage|p1a: Sinistcha|50/100
|
|upkeep
|
|t:|1756848067
|switch|p1b: Archaludon|Archaludon, L50, F, shiny|100/100
|turn|3
|inactive|Cfing has 30 seconds left.
|
|t:|1756848092
|switch|p1a: Pelipper|Pelipper, L50, F|100/100
|-weather|RainDance|[from] ability: Drizzle|[of] p1a: Pelipper
|move|p2a: Whimsicott|Taunt|p1a: Pelipper
|-start|p1a: Pelipper|move: Taunt
|move|p1b: Archaludon|Electro Shot||[still]
|-prepare|p1b: Archaludon|Electro Shot
|-boost|p1b: Archaludon|spa|1
|-anim|p1b: Archaludon|Electro Shot|p2b: Annihilape
|-damage|p2b: Annihilape|0 fnt
|faint|p2b: Annihilape
|
|-weather|RainDance|[upkeep]
|upkeep
|
|t:|1756848115
|switch|p2b: Pelipper|Pelipper, L50, M|100/100
|turn|4
|
|t:|1756848128
|move|p2b: Pelipper|Protect|p2b: Pelipper
|-singleturn|p2b: Pelipper|Protect
|move|p1b: Archaludon|Flash Cannon|p2a: Whimsicott
|-supereffective|p2a: Whimsicott
|-damage|p2a: Whimsicott|0 fnt
|faint|p2a: Whimsicott
|move|p1a: Pelipper|Weather Ball|p2b: Pelipper
|-activate|p2b: Pelipper|move: Protect
|
|-weather|RainDance|[upkeep]
|upkeep
|
|t:|1756848140
|switch|p2a: Archaludon|Archaludon, L50, F|100/100
|turn|5
|
|t:|1756848155
|move|p2a: Archaludon|Protect|p2a: Archaludon
|-singleturn|p2a: Archaludon|Protect
|move|p2b: Pelipper|Hurricane|p1a: Pelipper
|-crit|p1a: Pelipper
|-enditem|p1a: Pelipper|Focus Sash
|-damage|p1a: Pelipper|1/100
|move|p1b: Archaludon|Electro Shot||[still]
|-prepare|p1b: Archaludon|Electro Shot
|-boost|p1b: Archaludon|spa|1
|-anim|p1b: Archaludon|Electro Shot|p2b: Pelipper
|-supereffective|p2b: Pelipper
|-damage|p2b: Pelipper|0 fnt
|faint|p2b: Pelipper
|move|p1a: Pelipper|Weather Ball|p2a: Archaludon
|-activate|p2a: Archaludon|move: Protect
|
|-weather|RainDance|[upkeep]
|-end|p1a: Pelipper|move: Taunt
|-fieldend|move: Trick Room
|upkeep
|turn|6
|
|t:|1756848176
|move|p2a: Archaludon|Draco Meteor|p1b: Archaludon
|-damage|p1b: Archaludon|30/100
|-unboost|p2a: Archaludon|spa|2
|-ability|p1b: Archaludon|Stamina|boost
|-boost|p1b: Archaludon|def|1
|-damage|p2a: Archaludon|91/100|[from] item: Life Orb
|move|p1a: Pelipper|Tailwind|p1a: Pelipper
|-sidestart|p1: Jacrepid|move: Tailwind
|move|p1b: Archaludon|Draco Meteor|p2a: Archaludon|[miss]
|-miss|p1b: Archaludon|p2a: Archaludon
|
|-weather|RainDance|[upkeep]
|upkeep
|turn|7
|
|t:|1756848194
|move|p2a: Archaludon|Protect|p2a: Archaludon
|-singleturn|p2a: Archaludon|Protect
|move|p1a: Pelipper|Hurricane|p2a: Archaludon
|-activate|p2a: Archaludon|move: Protect
|move|p1b: Archaludon|Draco Meteor|p2a: Archaludon
|-activate|p2a: Archaludon|move: Protect
|
|-weather|none
|upkeep
|turn|8
|
|t:|1756848207
|switch|p1a: Sinistcha|Sinistcha, L50, tera:Water|50/100
|-heal|p1b: Archaludon|55/100|[from] ability: Hospitality|[of] p1a: Sinistcha
|move|p1b: Archaludon|Draco Meteor|p2a: Archaludon
|-damage|p2a: Archaludon|0 fnt
|-unboost|p1b: Archaludon|spa|2
|faint|p2a: Archaludon
|
|win|Jacrepid
|raw|Jacrepid's rating: 1116 → 1143(+27 for winning)
|raw|Cfing's rating: 1147 → 1120(-27 for losing)
