|j|☆Frakub
|j|☆Tlayer4002
|html|FrakubTlayer4002    
|uhtml|bestof|Game 2 of a best-of-3
|t:|1755254952
|gametype|doubles
|player|p1|Frakub|acetrainer-gen4dp|1226
|player|p2|Tlayer4002|2|1376
|gen|9
|tier|[Gen 9] VGC 2025 Reg H (Bo3)
|rated|
|rule|Species Clause: Limit one of each Pokémon
|rule|Item Clause: Limit 1 of each item
|clearpoke
|poke|p1|Kingambit, L50, F|
|poke|p1|Rillaboom, L50, F|
|poke|p1|Ninetales-Alola, L50, M|
|poke|p1|Dragonite, L50, M|
|poke|p1|Magmar, L50, F|
|poke|p1|Sneasler, L50, F|
|poke|p2|Annihilape, L50, F|
|poke|p2|Indeedee, L50, M|
|poke|p2|Amoonguss, L50, M|
|poke|p2|Ninetales-Alola, L50, M|
|poke|p2|Volcarona, L50, M|
|poke|p2|Incineroar, L50, M|
|teampreview|4
|showteam|p1|Kingambit||BlackGlasses|Defiant|KowtowCleave,SuckerPunch,SwordsDance,Protect|||F|||50|,,,,,Dark]Rillaboom||AssaultVest|GrassySurge|WoodHammer,GrassyGlide,HighHorsepower,FakeOut|||F|||50|,,,,,Fire]Ninetales-Alola||LightClay|SnowWarning|Blizzard,FreezeDry,Protect,AuroraVeil|||M|||50|,,,,,Ghost]Dragonite||LoadedDice|Multiscale|ScaleShot,ExtremeSpeed,Haze,Protect|||M|||50|,,,,,Steel]Magmar||Eviolite|VitalSpirit|Taunt,Overheat,FollowMe,Protect|||F|||50|,,,,,Ghost]Sneasler||FocusSash|PoisonTouch|FakeOut,DireClaw,CloseCombat,Protect|||F|||50|,,,,,Ghost
|showteam|p2|Annihilape||PsychicSeed|VitalSpirit|DrainPunch,RageFist,BulkUp,Protect|||F|||50|,,,,,Water]Indeedee||ChoiceScarf|PsychicSurge|ExpandingForce,Trick,HyperVoice,TeraBlast|||M|||50|,,,,,Fighting]Amoonguss||SitrusBerry|Regenerator|PollenPuff,RagePowder,ClearSmog,Spore|||M|||50|,,,,,Water]Ninetales-Alola||LightClay|SnowWarning|Blizzard,AuroraVeil,Encore,Protect|||M|||50|,,,,,Steel]Volcarona||Leftovers|FlameBody|HeatWave,TeraBlast,QuiverDance,Protect|||M|||50|,,,,,Fairy]Incineroar||AssaultVest|Intimidate|FlareBlitz,KnockOff,Uturn,FakeOut|||M|||50|,,,,,Ghost
|inactive|Battle timer is ON: inactive players will automatically lose when time's up. (requested by Frakub)
|inactive|Frakub has 60 seconds left.
|
|t:|1755254983
|teamsize|p1|4
|teamsize|p2|4
|start
|switch|p1a: Kingambit|Kingambit, L50, F|100/100
|switch|p1b: Magmar|Magmar, L50, F|100/100
|switch|p2a: Ninetales|Ninetales-Alola, L50, M|100/100
|switch|p2b: Annihilape|Annihilape, L50, F|100/100
|-weather|Snowscape|[from] ability: Snow Warning|[of] p2a: Ninetales
|turn|1
|
|t:|1755255006
|move|p1a: Kingambit|Protect|p1a: Kingambit
|-singleturn|p1a: Kingambit|Protect
|move|p2a: Ninetales|Aurora Veil|p2a: Ninetales
|-sidestart|p2: Tlayer4002|move: Aurora Veil
|move|p1b: Magmar|Taunt|p2b: Annihilape
|-start|p2b: Annihilape|move: Taunt
|cant|p2b: Annihilape|move: Taunt|Bulk Up
|
|-weather|Snowscape|[upkeep]
|upkeep
|turn|2
|
|t:|1755255017
|move|p1b: Magmar|Follow Me|p1b: Magmar
|-singleturn|p1b: Magmar|move: Follow Me
|move|p2a: Ninetales|Blizzard|p1b: Magmar|[spread] p1a,p1b
|-resisted|p1a: Kingambit
|-resisted|p1b: Magmar
|-damage|p1a: Kingambit|86/100
|-damage|p1b: Magmar|89/100
|-status|p1b: Magmar|frz
|move|p2b: Annihilape|Drain Punch|p1b: Magmar
|-damage|p1b: Magmar|59/100 frz
|move|p1a: Kingambit|Swords Dance|p1a: Kingambit
|-boost|p1a: Kingambit|atk|2
|
|-weather|Snowscape|[upkeep]
|upkeep
|turn|3
|
|t:|1755255034
|switch|p2a: Amoonguss|Amoonguss, L50, M|100/100
|move|p1a: Kingambit|Protect|p1a: Kingambit
|-singleturn|p1a: Kingambit|Protect
|-curestatus|p1b: Magmar|frz|[msg]
|move|p1b: Magmar|Follow Me|p1b: Magmar
|-singleturn|p1b: Magmar|move: Follow Me
|move|p2b: Annihilape|Drain Punch|p1b: Magmar
|-damage|p1b: Magmar|29/100
|
|-weather|Snowscape|[upkeep]
|-end|p2b: Annihilape|move: Taunt
|upkeep
|turn|4
|
|t:|1755255052
|-terastallize|p1a: Kingambit|Dark
|move|p1b: Magmar|Overheat|p2a: Amoonguss
|-supereffective|p2a: Amoonguss
|-damage|p2a: Amoonguss|51/100
|-unboost|p1b: Magmar|spa|2
|move|p2b: Annihilape|Drain Punch|p1b: Magmar
|-damage|p1b: Magmar|0 fnt
|faint|p1b: Magmar
|move|p1a: Kingambit|Kowtow Cleave|p2a: Amoonguss
|-damage|p2a: Amoonguss|0 fnt
|faint|p2a: Amoonguss
|
|-weather|Snowscape|[upkeep]
|upkeep
|
|t:|1755255066
|switch|p1b: Sneasler|Sneasler, L50, F|100/100
|switch|p2a: Indeedee|Indeedee, L50, M|100/100
|-fieldstart|move: Psychic Terrain|[from] ability: Psychic Surge|[of] p2a: Indeedee
|-enditem|p2b: Annihilape|Psychic Seed
|-boost|p2b: Annihilape|spd|1|[from] item: Psychic Seed
|turn|5
|
|t:|1755255076
|switch|p1b: Rillaboom|Rillaboom, L50, F|100/100
|-fieldstart|move: Grassy Terrain|[from] ability: Grassy Surge|[of] p1b: Rillaboom
|-terastallize|p2a: Indeedee|Fighting
|move|p1a: Kingambit|Protect|p1a: Kingambit
|-singleturn|p1a: Kingambit|Protect
|move|p2a: Indeedee|Tera Blast|p1a: Kingambit|[anim] Tera Blast Fighting
|-activate|p1a: Kingambit|move: Protect
|move|p2b: Annihilape|Bulk Up|p2b: Annihilape
|-boost|p2b: Annihilape|atk|1
|-boost|p2b: Annihilape|def|1
|
|-weather|none
|-heal|p1a: Kingambit|92/100|[from] Grassy Terrain
|upkeep
|turn|6
|
|t:|1755255092
|move|p1b: Rillaboom|Fake Out|p2a: Indeedee
|-damage|p2a: Indeedee|82/100
|cant|p2a: Indeedee|flinch
|move|p2b: Annihilape|Drain Punch|p1a: Kingambit
|-supereffective|p1a: Kingambit
|-damage|p1a: Kingambit|22/100
|move|p1a: Kingambit|Kowtow Cleave|p2b: Annihilape
|-damage|p2b: Annihilape|44/100
|
|-heal|p2a: Indeedee|88/100|[from] Grassy Terrain
|-heal|p2b: Annihilape|50/100|[from] Grassy Terrain
|-heal|p1a: Kingambit|28/100|[from] Grassy Terrain
|upkeep
|turn|7
|
|t:|1755255115
|switch|p1b: Sneasler|Sneasler, L50, F|100/100
|move|p1a: Kingambit|Protect|p1a: Kingambit
|-singleturn|p1a: Kingambit|Protect
|move|p2a: Indeedee|Tera Blast|p1a: Kingambit|[anim] Tera Blast Fighting
|-activate|p1a: Kingambit|move: Protect
|move|p2b: Annihilape|Drain Punch|p1b: Sneasler
|-resisted|p1b: Sneasler
|-damage|p1b: Sneasler|54/100
|-heal|p2b: Annihilape|66/100|[from] drain|[of] p1b: Sneasler
|
|-heal|p2a: Indeedee|94/100|[from] Grassy Terrain
|-heal|p1b: Sneasler|60/100|[from] Grassy Terrain
|-heal|p2b: Annihilape|72/100|[from] Grassy Terrain
|-heal|p1a: Kingambit|34/100|[from] Grassy Terrain
|upkeep
|turn|8
|
|t:|1755255129
|move|p1b: Sneasler|Fake Out|p2a: Indeedee
|-damage|p2a: Indeedee|73/100
|move|p1a: Kingambit|Sucker Punch|p2b: Annihilape
|-damage|p2b: Annihilape|18/100
|cant|p2a: Indeedee|flinch
|move|p2b: Annihilape|Drain Punch|p1a: Kingambit
|-supereffective|p1a: Kingambit
|-damage|p1a: Kingambit|0 fnt
|-heal|p2b: Annihilape|35/100|[from] drain|[of] p1a: Kingambit
|faint|p1a: Kingambit
|
|-heal|p2a: Indeedee|79/100|[from] Grassy Terrain
|-heal|p1b: Sneasler|66/100|[from] Grassy Terrain
|-heal|p2b: Annihilape|41/100|[from] Grassy Terrain
|-sideend|p2: Tlayer4002|move: Aurora Veil
|upkeep
|
|t:|1755255136
|switch|p1a: Rillaboom|Rillaboom, L50, F|100/100
|turn|9
|
|t:|1755255148
|switch|p2a: Ninetales|Ninetales-Alola, L50, M|100/100
|-weather|Snowscape|[from] ability: Snow Warning|[of] p2a: Ninetales
|move|p2b: Annihilape|Protect|p2b: Annihilape
|-singleturn|p2b: Annihilape|Protect
|move|p1b: Sneasler|Dire Claw|p2b: Annihilape
|-activate|p2b: Annihilape|move: Protect
|move|p1a: Rillaboom|Wood Hammer|p2b: Annihilape
|-activate|p2b: Annihilape|move: Protect
|
|-weather|Snowscape|[upkeep]
|-heal|p1b: Sneasler|71/100|[from] Grassy Terrain
|-heal|p2b: Annihilape|47/100|[from] Grassy Terrain
|-fieldend|move: Grassy Terrain
|upkeep
|turn|10
|
|t:|1755255160
|move|p1b: Sneasler|Dire Claw|p2a: Ninetales
|-supereffective|p2a: Ninetales
|-damage|p2a: Ninetales|23/100
|-status|p2a: Ninetales|psn|[from] ability: Poison Touch|[of] p1b: Sneasler
|move|p2a: Ninetales|Aurora Veil|p2a: Ninetales
|-sidestart|p2: Tlayer4002|move: Aurora Veil
|move|p1a: Rillaboom|Wood Hammer|p2b: Annihilape
|-damage|p2b: Annihilape|21/100
|-damage|p1a: Rillaboom|92/100|[from] Recoil
|move|p2b: Annihilape|Drain Punch|p1a: Rillaboom
|-damage|p1a: Rillaboom|44/100
|-heal|p2b: Annihilape|44/100|[from] drain|[of] p1a: Rillaboom
|
|-weather|Snowscape|[upkeep]
|-damage|p2a: Ninetales|11/100 psn|[from] psn
|upkeep
|turn|11
|
|t:|1755255177
|move|p2b: Annihilape|Protect|p2b: Annihilape
|-singleturn|p2b: Annihilape|Protect
|move|p1b: Sneasler|Dire Claw|p2b: Annihilape
|-activate|p2b: Annihilape|move: Protect
|move|p2a: Ninetales|Blizzard|p1a: Rillaboom|[spread] p1a,p1b
|-supereffective|p1a: Rillaboom
|-damage|p1a: Rillaboom|3/100
|-damage|p1b: Sneasler|33/100
|move|p1a: Rillaboom|Wood Hammer|p2a: Ninetales
|-damage|p2a: Ninetales|0 fnt
|faint|p2a: Ninetales
|-damage|p1a: Rillaboom|0 fnt|[from] Recoil
|faint|p1a: Rillaboom
|
|-weather|Snowscape|[upkeep]
|upkeep
|
|t:|1755255187
|switch|p2a: Indeedee|Indeedee, L50, M, tera:Fighting|79/100
|-fieldstart|move: Psychic Terrain|[from] ability: Psychic Surge|[of] p2a: Indeedee
|turn|12
|
|t:|1755255193
|move|p1b: Sneasler|Protect|p1b: Sneasler
|-singleturn|p1b: Sneasler|Protect
|move|p2a: Indeedee|Expanding Force|p1b: Sneasler
|-activate|p1b: Sneasler|move: Protect
|move|p2b: Annihilape|Drain Punch|p1b: Sneasler
|-activate|p1b: Sneasler|move: Protect
|
|-weather|Snowscape|[upkeep]
|upkeep
|turn|13
|
|t:|1755255207
|move|p2a: Indeedee|Expanding Force|p1b: Sneasler
|-supereffective|p1b: Sneasler
|-damage|p1b: Sneasler|0 fnt
|faint|p1b: Sneasler
|
|win|Tlayer4002
|raw|Frakub's rating: 1226 → 1211(-15 for losing)
|raw|Tlayer4002's rating: 1376 → 1388(+12 for winning)
|c|☆Frakub|gg
|l|☆Tlayer4002
|player|p2|
