|j|☆VermillionAcademy
|j|☆fookinraw42
|html|VermillionAcademyfookinraw42    
|uhtml|bestof|Game 1 of a best-of-3
|t:|1756329808
|gametype|doubles
|player|p1|VermillionAcademy|2|1019
|player|p2|fookinraw42|flannery|1098
|gen|9
|tier|[Gen 9] VGC 2025 Reg H (Bo3)
|rated|
|rule|Species Clause: Limit one of each Pokémon
|rule|Item Clause: Limit 1 of each item
|clearpoke
|poke|p1|Incineroar, L50, M|
|poke|p1|Rillaboom, L50, F|
|poke|p1|Ninetales-Alola, L50, M|
|poke|p1|Frosmoth, L50, M|
|poke|p1|Maushold-Four, L50|
|poke|p1|Annihilape, L50, F|
|poke|p2|Gholdengo, L50|
|poke|p2|Amoonguss, L50, M|
|poke|p2|Basculegion, L50, M|
|poke|p2|Incineroar, L50, M|
|poke|p2|Archaludon, L50, M|
|poke|p2|Pelipper, L50, M|
|teampreview|4
|showteam|p1|Incineroar||SafetyGoggles|Intimidate|FlareBlitz,KnockOff,FakeOut,PartingShot|||M|||50|,,,,,Ghost]Rillaboom||AssaultVest|GrassySurge|WoodHammer,GrassyGlide,Uturn,FakeOut|||F|||50|,,,,,Fire]Ninetales-Alola||CovertCloak|SnowWarning|Moonblast,AuroraVeil,Disable,Encore|||M|||50|,,,,,Fire]Frosmoth||Leftovers|IceScales|Blizzard,TeraBlast,QuiverDance,Protect|||M|||50|,,,,,Water]Maushold-Four||RockyHelmet|FriendGuard|FollowMe,BeatUp,Taunt,Protect||||||50|,,,,,Water]Annihilape||SitrusBerry|Defiant|RageFist,DrainPunch,BulkUp,Protect|||F|||50|,,,,,Fire
|showteam|p2|Gholdengo||LifeOrb|GoodasGold|MakeItRain,ShadowBall,NastyPlot,Protect||||||50|,,,,,Water]Amoonguss||SitrusBerry|Regenerator|Spore,RagePowder,PollenPuff,ClearSmog|||M|||50|,,,,,Electric]Basculegion||ChoiceBand|SwiftSwim|WaveCrash,FlipTurn,AquaJet,LastRespects|||M|||50|,,,,,Water]Incineroar||SafetyGoggles|Intimidate|KnockOff,PartingShot,WillOWisp,FakeOut|||M|||50|,,,,,Ghost]Archaludon||AssaultVest|Stamina|FlashCannon,DracoMeteor,ElectroShot,BodyPress|||M|||50|,,,,,Bug]Pelipper||CovertCloak|Drizzle|WeatherBall,Hurricane,Tailwind,Protect|||M|||50|,,,,,Dragon
|inactive|Battle timer is ON: inactive players will automatically lose when time's up. (requested by fookinraw42)
|inactive|fookinraw42 has 60 seconds left.
|
|t:|1756329853
|teamsize|p1|4
|teamsize|p2|4
|start
|switch|p1a: Frosmoth|Frosmoth, L50, M|100/100
|switch|p1b: Maushold|Maushold-Four, L50|100/100
|switch|p2a: Amoonguss|Amoonguss, L50, M|100/100
|switch|p2b: Gholdengo|Gholdengo, L50|100/100
|turn|1
|inactive|fookinraw42 has 30 seconds left.
|
|t:|1756329884
|-terastallize|p1a: Frosmoth|Water
|move|p1b: Maushold|Follow Me|p1b: Maushold
|-singleturn|p1b: Maushold|move: Follow Me
|move|p2b: Gholdengo|Nasty Plot|p2b: Gholdengo
|-boost|p2b: Gholdengo|spa|2
|move|p1a: Frosmoth|Quiver Dance|p1a: Frosmoth
|-boost|p1a: Frosmoth|spa|1
|-boost|p1a: Frosmoth|spd|1
|-boost|p1a: Frosmoth|spe|1
|move|p2a: Amoonguss|Spore|p1b: Maushold
|-status|p1b: Maushold|slp|[from] move: Spore
|
|upkeep
|turn|2
|inactive|fookinraw42 has 30 seconds left.
|inactive|VermillionAcademy has 30 seconds left.
|
|t:|1756329917
|-terastallize|p2a: Amoonguss|Electric
|move|p2b: Gholdengo|Make It Rain|p1a: Frosmoth|[spread] p1a,p1b
|-resisted|p1a: Frosmoth
|-damage|p1a: Frosmoth|84/100
|-damage|p1b: Maushold|0 fnt
|-unboost|p2b: Gholdengo|spa|1
|faint|p1b: Maushold
|-damage|p2b: Gholdengo|91/100|[from] item: Life Orb
|move|p1a: Frosmoth|Blizzard|p2b: Gholdengo|[spread] p2b
|-miss|p1a: Frosmoth|p2a: Amoonguss
|-resisted|p2b: Gholdengo
|-damage|p2b: Gholdengo|60/100
|move|p2a: Amoonguss|Clear Smog|p1a: Frosmoth
|-damage|p1a: Frosmoth|78/100
|-clearboost|p1a: Frosmoth
|
|-heal|p1a: Frosmoth|84/100|[from] item: Leftovers
|upkeep
|
|t:|1756329935
|switch|p1b: Ninetales|Ninetales-Alola, L50, M|100/100
|-weather|Snowscape|[from] ability: Snow Warning|[of] p1b: Ninetales
|turn|3
|
|t:|1756329954
|switch|p1b: Rillaboom|Rillaboom, L50, F|100/100
|-fieldstart|move: Grassy Terrain|[from] ability: Grassy Surge|[of] p1b: Rillaboom
|switch|p2b: Pelipper|Pelipper, L50, M|100/100
|-weather|RainDance|[from] ability: Drizzle|[of] p2b: Pelipper
|move|p1a: Frosmoth|Blizzard|p2a: Amoonguss|[spread] p2a,p2b
|-damage|p2a: Amoonguss|73/100
|-damage|p2b: Pelipper|59/100
|move|p2a: Amoonguss|Spore|p1a: Frosmoth
|-status|p1a: Frosmoth|slp|[from] move: Spore
|
|-weather|RainDance|[upkeep]
|-heal|p1a: Frosmoth|90/100 slp|[from] Grassy Terrain
|-heal|p1a: Frosmoth|95/100 slp|[from] item: Leftovers
|-heal|p2a: Amoonguss|79/100|[from] Grassy Terrain
|upkeep
|turn|4
|inactive|VermillionAcademy has 30 seconds left.
|
|t:|1756329981
|switch|p2a: Archaludon|Archaludon, L50, M|100/100
|move|p1b: Rillaboom|Fake Out|p2b: Pelipper
|-damage|p2b: Pelipper|45/100
|cant|p1a: Frosmoth|slp
|move|p2b: Pelipper|Tailwind|p2b: Pelipper
|-sidestart|p2: fookinraw42|move: Tailwind
|
|-weather|RainDance|[upkeep]
|-heal|p1a: Frosmoth|100/100 slp|[from] Grassy Terrain
|upkeep
|turn|5
|
|t:|1756330004
|switch|p2b: Amoonguss|Amoonguss, L50, M, tera:Electric|100/100
|switch|p1b: Ninetales|Ninetales-Alola, L50, M|100/100
|-weather|Snowscape|[from] ability: Snow Warning|[of] p1b: Ninetales
|move|p2a: Archaludon|Draco Meteor|p1a: Frosmoth
|-damage|p1a: Frosmoth|66/100 slp
|-unboost|p2a: Archaludon|spa|2
|-curestatus|p1a: Frosmoth|slp|[msg]
|move|p1a: Frosmoth|Quiver Dance|p1a: Frosmoth
|-boost|p1a: Frosmoth|spa|1
|-boost|p1a: Frosmoth|spd|1
|-boost|p1a: Frosmoth|spe|1
|
|-weather|Snowscape|[upkeep]
|-heal|p1a: Frosmoth|72/100|[from] Grassy Terrain
|-heal|p1a: Frosmoth|78/100|[from] item: Leftovers
|upkeep
|turn|6
|inactive|VermillionAcademy has 30 seconds left.
|inactive|fookinraw42 has 30 seconds left.
|inactive|VermillionAcademy has 20 seconds left.
|inactive|VermillionAcademy has 15 seconds left.
|
|t:|1756330049
|switch|p2a: Pelipper|Pelipper, L50, M|45/100
|-weather|RainDance|[from] ability: Drizzle|[of] p2a: Pelipper
|move|p1a: Frosmoth|Protect|p1a: Frosmoth
|-singleturn|p1a: Frosmoth|Protect
|move|p1b: Ninetales|Moonblast|p2b: Amoonguss
|-damage|p2b: Amoonguss|78/100
|-unboost|p2b: Amoonguss|spa|1
|move|p2b: Amoonguss|Spore|p1a: Frosmoth
|-activate|p1a: Frosmoth|move: Protect
|
|-weather|RainDance|[upkeep]
|-heal|p1a: Frosmoth|83/100|[from] Grassy Terrain
|-heal|p1a: Frosmoth|89/100|[from] item: Leftovers
|-heal|p2b: Amoonguss|84/100|[from] Grassy Terrain
|upkeep
|turn|7
|
|t:|1756330071
|switch|p1b: Rillaboom|Rillaboom, L50, F|100/100
|move|p2a: Pelipper|Hurricane|p1b: Rillaboom
|-supereffective|p1b: Rillaboom
|-damage|p1b: Rillaboom|42/100
|move|p1a: Frosmoth|Blizzard|p2a: Pelipper|[spread] 
|-miss|p1a: Frosmoth|p2a: Pelipper
|-miss|p1a: Frosmoth|p2b: Amoonguss
|move|p2b: Amoonguss|Clear Smog|p1a: Frosmoth
|-damage|p1a: Frosmoth|85/100
|-clearboost|p1a: Frosmoth
|
|-weather|RainDance|[upkeep]
|-heal|p1b: Rillaboom|48/100|[from] Grassy Terrain
|-heal|p2b: Amoonguss|90/100|[from] Grassy Terrain
|-heal|p1a: Frosmoth|91/100|[from] Grassy Terrain
|-heal|p1a: Frosmoth|96/100|[from] item: Leftovers
|-sideend|p2: fookinraw42|move: Tailwind
|-fieldend|move: Grassy Terrain
|upkeep
|turn|8
|inactive|fookinraw42 has 30 seconds left.
|
|t:|1756330098
|switch|p1b: Ninetales|Ninetales-Alola, L50, M|100/100
|-weather|Snowscape|[from] ability: Snow Warning|[of] p1b: Ninetales
|move|p1a: Frosmoth|Blizzard|p2b: Amoonguss|[spread] p2a,p2b
|-damage|p2a: Pelipper|7/100
|-damage|p2b: Amoonguss|62/100
|move|p2a: Pelipper|Hurricane|p1b: Ninetales
|-damage|p1b: Ninetales|64/100
|move|p2b: Amoonguss|Spore|p1a: Frosmoth
|-status|p1a: Frosmoth|slp|[from] move: Spore
|
|-weather|Snowscape|[upkeep]
|-heal|p1a: Frosmoth|100/100 slp|[from] item: Leftovers
|upkeep
|turn|9
|inactive|fookinraw42 has 30 seconds left.
|
|t:|1756330126
|switch|p2a: Gholdengo|Gholdengo, L50|60/100
|move|p1b: Ninetales|Aurora Veil|p1b: Ninetales
|-sidestart|p1: VermillionAcademy|move: Aurora Veil
|cant|p1a: Frosmoth|slp
|move|p2b: Amoonguss|Pollen Puff|p2a: Gholdengo
|-heal|p2a: Gholdengo|100/100
|
|-weather|Snowscape|[upkeep]
|upkeep
|turn|10
|inactive|fookinraw42 has 30 seconds left.
|
|t:|1756330158
|move|p1b: Ninetales|Encore|p2b: Amoonguss
|-start|p2b: Amoonguss|Encore
|move|p2a: Gholdengo|Make It Rain|p1a: Frosmoth|[spread] p1a,p1b
|-resisted|p1a: Frosmoth
|-supereffective|p1b: Ninetales
|-damage|p1a: Frosmoth|90/100 slp
|-damage|p1b: Ninetales|0 fnt
|-unboost|p2a: Gholdengo|spa|1
|faint|p1b: Ninetales
|-damage|p2a: Gholdengo|91/100|[from] item: Life Orb
|cant|p1a: Frosmoth|slp
|move|p2b: Amoonguss|Pollen Puff|p1a: Frosmoth
|-damage|p1a: Frosmoth|85/100 slp
|
|-weather|Snowscape|[upkeep]
|-heal|p1a: Frosmoth|91/100 slp|[from] item: Leftovers
|upkeep
|
|t:|1756330173
|switch|p1b: Rillaboom|Rillaboom, L50, F|48/100
|-fieldstart|move: Grassy Terrain|[from] ability: Grassy Surge|[of] p1b: Rillaboom
|turn|11
|
|t:|1756330184
|switch|p2b: Pelipper|Pelipper, L50, M|7/100
|-weather|RainDance|[from] ability: Drizzle|[of] p2b: Pelipper
|move|p2a: Gholdengo|Nasty Plot|p2a: Gholdengo
|-boost|p2a: Gholdengo|spa|2
|move|p1b: Rillaboom|Wood Hammer|p2a: Gholdengo
|-resisted|p2a: Gholdengo
|-damage|p2a: Gholdengo|40/100
|-damage|p1b: Rillaboom|33/100|[from] Recoil
|-curestatus|p1a: Frosmoth|slp|[msg]
|move|p1a: Frosmoth|Quiver Dance|p1a: Frosmoth
|-boost|p1a: Frosmoth|spa|1
|-boost|p1a: Frosmoth|spd|1
|-boost|p1a: Frosmoth|spe|1
|
|-weather|RainDance|[upkeep]
|-heal|p2a: Gholdengo|45/100|[from] Grassy Terrain
|-heal|p1a: Frosmoth|96/100|[from] Grassy Terrain
|-heal|p1a: Frosmoth|100/100|[from] item: Leftovers
|-heal|p1b: Rillaboom|39/100|[from] Grassy Terrain
|upkeep
|turn|12
|
|t:|1756330208
|move|p2a: Gholdengo|Protect|p2a: Gholdengo
|-singleturn|p2a: Gholdengo|Protect
|move|p1b: Rillaboom|Grassy Glide|p2b: Pelipper
|-damage|p2b: Pelipper|0 fnt
|faint|p2b: Pelipper
|move|p1a: Frosmoth|Tera Blast|p2a: Gholdengo|[anim] Tera Blast Water
|-activate|p2a: Gholdengo|move: Protect
|
|-weather|RainDance|[upkeep]
|-heal|p2a: Gholdengo|51/100|[from] Grassy Terrain
|-heal|p1b: Rillaboom|45/100|[from] Grassy Terrain
|upkeep
|
|t:|1756330219
|switch|p2b: Archaludon|Archaludon, L50, M|100/100
|turn|13
|
|t:|1756330232
|move|p2a: Gholdengo|Shadow Ball|p1b: Rillaboom
|-damage|p1b: Rillaboom|4/100
|-damage|p2a: Gholdengo|42/100|[from] item: Life Orb
|move|p1a: Frosmoth|Quiver Dance|p1a: Frosmoth
|-boost|p1a: Frosmoth|spa|1
|-boost|p1a: Frosmoth|spd|1
|-boost|p1a: Frosmoth|spe|1
|move|p2b: Archaludon|Electro Shot||[still]
|-prepare|p2b: Archaludon|Electro Shot
|-boost|p2b: Archaludon|spa|1
|-anim|p2b: Archaludon|Electro Shot|p1a: Frosmoth
|-supereffective|p1a: Frosmoth
|-damage|p1a: Frosmoth|78/100
|move|p1b: Rillaboom|Wood Hammer|p2a: Gholdengo
|-resisted|p2a: Gholdengo
|-damage|p2a: Gholdengo|0 fnt
|faint|p2a: Gholdengo
|-damage|p1b: Rillaboom|0 fnt|[from] Recoil
|faint|p1b: Rillaboom
|
|-weather|RainDance|[upkeep]
|-heal|p1a: Frosmoth|84/100|[from] Grassy Terrain
|-heal|p1a: Frosmoth|90/100|[from] item: Leftovers
|-sideend|p1: VermillionAcademy|move: Aurora Veil
|upkeep
|
|t:|1756330253
|switch|p2a: Amoonguss|Amoonguss, L50, M, tera:Electric|95/100
|turn|14
|
|t:|1756330266
|move|p1a: Frosmoth|Blizzard|p2a: Amoonguss|[spread] p2a
|-miss|p1a: Frosmoth|p2b: Archaludon
|-damage|p2a: Amoonguss|40/100
|-enditem|p2a: Amoonguss|Sitrus Berry|[eat]
|-heal|p2a: Amoonguss|65/100|[from] item: Sitrus Berry
|move|p2b: Archaludon|Electro Shot||[still]
|-prepare|p2b: Archaludon|Electro Shot
|-boost|p2b: Archaludon|spa|1
|-anim|p2b: Archaludon|Electro Shot|p1a: Frosmoth
|-supereffective|p1a: Frosmoth
|-damage|p1a: Frosmoth|42/100
|move|p2a: Amoonguss|Spore|p1a: Frosmoth
|-status|p1a: Frosmoth|slp|[from] move: Spore
|
|-weather|RainDance|[upkeep]
|-heal|p1a: Frosmoth|48/100 slp|[from] Grassy Terrain
|-heal|p1a: Frosmoth|54/100 slp|[from] item: Leftovers
|-heal|p2a: Amoonguss|70/100|[from] Grassy Terrain
|upkeep
|turn|15
|
|t:|1756330286
|cant|p1a: Frosmoth|slp
|move|p2b: Archaludon|Electro Shot||[still]
|-prepare|p2b: Archaludon|Electro Shot
|-boost|p2b: Archaludon|spa|1
|-anim|p2b: Archaludon|Electro Shot|p1a: Frosmoth
|-supereffective|p1a: Frosmoth
|-damage|p1a: Frosmoth|0 fnt
|faint|p1a: Frosmoth
|
|win|fookinraw42
||VermillionAcademy is ready for game 2.
||fookinraw42 is ready for game 2.
|uhtml|next|Next: Game 2 of 3
|l|☆VermillionAcademy
|player|p1|
