|j|☆hami_hiku
|j|☆tizio20
|html|hami_hikutizio20    
|uhtml|bestof|Game 2 of a best-of-3
|t:|1783530768
|gametype|doubles
|player|p1|hami_hiku|265|
|player|p2|tizio20|169|
|gen|9
|tier|[Gen 9 Champions] VGC 2026 Reg M-B (Bo3)
|rule|Species Clause: Limit one of each Pokémon
|rule|Item Clause: Limit 1 of each item
|clearpoke
|poke|p1|Swampert, L50, F|
|poke|p1|Pelipper, L50, M|
|poke|p1|Archaludon, L50, M|
|poke|p1|Farigiraf, L50, F|
|poke|p1|Incineroar, L50, F|
|poke|p1|Mawile, L50, F|
|poke|p2|Froslass, L50, F|
|poke|p2|Sneasler, L50, F|
|poke|p2|Kingambit, L50, M|
|poke|p2|Rotom-Mow, L50|
|poke|p2|Garchomp, L50, F|
|poke|p2|Aerodactyl, L50, F|
|teampreview|4
|showteam|p1|Swampert||Swampertite|Torrent|WaveCrash,Earthquake,IcePunch,Protect|Adamant||F|||50|]Pelipper||FocusSash|Drizzle|WeatherBall,Hurricane,Tailwind,Protect|Timid||M|||50|]Archaludon||Leftovers|Stamina|ElectroShot,FlashCannon,DragonPulse,Protect|Modest||M|||50|]Farigiraf||SitrusBerry|ArmorTail|Psychic,Thunderbolt,TrickRoom,RainDance|Relaxed||F|||50|]Incineroar||ShucaBerry|Intimidate|FlareBlitz,DarkestLariat,PartingShot,FakeOut|Adamant||F|||50|]Mawile||Mawilite|HyperCutter|PlayRough,IronHead,SuckerPunch,Protect|Adamant||F|||50|
|showteam|p2|Froslass||Froslassite|CursedBody|Blizzard,ShadowBall,AuroraVeil,Protect|Timid||F|||50|]Sneasler||WhiteHerb|Unburden|CloseCombat,DireClaw,FakeOut,Protect|Adamant||F|||50|]Kingambit||BlackGlasses|Defiant|KowtowCleave,IronHead,SuckerPunch,Protect|Adamant||M|||50|]Rotom-Mow||Leftovers|Levitate|LeafStorm,Thunderbolt,WillOWisp,Protect|Timid|||||50|]Garchomp||LifeOrb|RoughSkin|DragonClaw,RockSlide,StompingTantrum,Protect|Jolly||F|||50|]Aerodactyl||Aerodactylite|Unnerve|RockSlide,IceFang,DualWingbeat,Tailwind|Jolly||F|||50|
|inactive|Battle timer is ON: inactive players will automatically lose when time's up. (requested by hami_hiku)
|j| racnarok645
|inactive|hami_hiku has 60 seconds left.
|inactive|tizio20 has 60 seconds left.
|j| TheFiendishMeep
|
|t:|1783530818
|teamsize|p1|4
|teamsize|p2|4
|start
|switch|p1a: Farigiraf|Farigiraf, L50, F|100/100
|switch|p1b: Incineroar|Incineroar, L50, F|100/100
|switch|p2a: Kingambit|Kingambit, L50, M|100/100
|switch|p2b: Froslass|Froslass, L50, F|100/100
|-ability|p1b: Incineroar|Intimidate|boost
|-unboost|p2a: Kingambit|atk|1
|-ability|p2a: Kingambit|Defiant|boost
|-boost|p2a: Kingambit|atk|2
|-unboost|p2b: Froslass|atk|1
|turn|1
|inactive|tizio20 has 30 seconds left.
|
|t:|1783530844
|detailschange|p2b: Froslass|Froslass-Mega, L50, F
|-mega|p2b: Froslass|Froslass|Froslassite
|-weather|Snowscape|[from] ability: Snow Warning|[of] p2b: Froslass
|move|p2b: Froslass|Aurora Veil|p2b: Froslass
|-sidestart|p2: tizio20|move: Aurora Veil
|move|p1b: Incineroar|Flare Blitz|p2a: Kingambit
|-supereffective|p2a: Kingambit|1
|-damage|p2a: Kingambit|32/100
|-damage|p1b: Incineroar|76/100|[from] Recoil
|move|p2a: Kingambit|Kowtow Cleave|p1a: Farigiraf
|-supereffective|p1a: Farigiraf|1
|-damage|p1a: Farigiraf|0 fnt
|faint|p1a: Farigiraf
|
|-weather|Snowscape|[upkeep]
|upkeep
|
|t:|1783530862
|switch|p1a: Mawile|Mawile, L50, F|100/100
|turn|2
|
|t:|1783530874
|detailschange|p1a: Mawile|Mawile-Mega, L50, F
|-mega|p1a: Mawile|Mawile|Mawilite
|move|p2b: Froslass|Protect|p2b: Froslass
|-singleturn|p2b: Froslass|Protect
|move|p1a: Mawile|Protect|p1a: Mawile
|-singleturn|p1a: Mawile|Protect
|move|p2a: Kingambit|Protect|p2a: Kingambit
|-singleturn|p2a: Kingambit|Protect
|move|p1b: Incineroar|Flare Blitz|p2a: Kingambit
|-activate|p2a: Kingambit|move: Protect
|
|-weather|Snowscape|[upkeep]
|upkeep
|turn|3
|inactive|hami_hiku has 30 seconds left.
|inactive|hami_hiku has 20 seconds left.
|
|t:|1783530910
|switch|p2b: Rotom|Rotom-Mow, L50|100/100
|move|p2a: Kingambit|Sucker Punch|p1b: Incineroar
|-resisted|p1b: Incineroar|1
|-damage|p1b: Incineroar|38/100
|move|p1b: Incineroar|Flare Blitz|p2a: Kingambit
|-supereffective|p2a: Kingambit|1
|-damage|p2a: Kingambit|0 fnt
|faint|p2a: Kingambit
|-damage|p1b: Incineroar|27/100|[from] Recoil
|move|p1a: Mawile|Iron Head|p2b: Rotom
|-resisted|p2b: Rotom|1
|-damage|p2b: Rotom|69/100
|
|-weather|Snowscape|[upkeep]
|-heal|p2b: Rotom|75/100|[from] item: Leftovers
|upkeep
|
|t:|1783530920
|switch|p2a: Sneasler|Sneasler, L50, F|100/100
|turn|4
|inactive|hami_hiku has 30 seconds left.
|
|t:|1783530951
|switch|p1b: Pelipper|Pelipper, L50, M|100/100
|-weather|RainDance|[from] ability: Drizzle|[of] p1b: Pelipper
|move|p1a: Mawile|Protect|p1a: Mawile
|-singleturn|p1a: Mawile|Protect
|move|p2a: Sneasler|Dire Claw|p1b: Pelipper
|-damage|p1b: Pelipper|40/100
|-status|p1b: Pelipper|par
|move|p2b: Rotom|Will-O-Wisp|p1a: Mawile
|-activate|p1a: Mawile|move: Protect
|
|-weather|RainDance|[upkeep]
|-heal|p2b: Rotom|80/100|[from] item: Leftovers
|upkeep
|turn|5
|inactive|hami_hiku has 30 seconds left.
|inactive|hami_hiku has 20 seconds left.
|inactive|hami_hiku has 15 seconds left.
|inactive|hami_hiku has 10 seconds left.
|
|t:|1783530998
|switch|p1a: Incineroar|Incineroar, L50, F|27/100
|-ability|p1a: Incineroar|Intimidate|boost
|-unboost|p2a: Sneasler|atk|1
|-unboost|p2b: Rotom|atk|1
|-enditem|p2a: Sneasler|White Herb
|-clearnegativeboost|p2a: Sneasler|[silent]
|cant|p1b: Pelipper|par
|move|p2a: Sneasler|Close Combat|p1a: Incineroar
|-supereffective|p1a: Incineroar|1
|-damage|p1a: Incineroar|0 fnt
|-unboost|p2a: Sneasler|def|1
|-unboost|p2a: Sneasler|spd|1
|faint|p1a: Incineroar
|move|p2b: Rotom|Thunderbolt|p1b: Pelipper
|-supereffective|p1b: Pelipper|2
|-damage|p1b: Pelipper|0 fnt
|faint|p1b: Pelipper
|
|-weather|RainDance|[upkeep]
|-heal|p2b: Rotom|86/100|[from] item: Leftovers
|-sideend|p2: tizio20|move: Aurora Veil
|upkeep
|
|t:|1783531016
|switch|p1a: Mawile|Mawile-Mega, L50, F|100/100
|turn|6
|
|t:|1783531029
|switch|p2a: Froslass|Froslass-Mega, L50, F|100/100
|-weather|Snowscape|[from] ability: Snow Warning|[of] p2a: Froslass
|move|p1a: Mawile|Sucker Punch||[still]
|-fail|p1a: Mawile
|move|p2b: Rotom|Will-O-Wisp|p1a: Mawile
|-status|p1a: Mawile|brn
|
|-weather|Snowscape|[upkeep]
|-heal|p2b: Rotom|92/100|[from] item: Leftovers
|-damage|p1a: Mawile|93/100 brn|[from] brn
|upkeep
|turn|7
|
|t:|1783531045
|move|p1a: Mawile|Sucker Punch|p2b: Rotom
|-damage|p2b: Rotom|68/100
|move|p2a: Froslass|Aurora Veil|p2a: Froslass
|-sidestart|p2: tizio20|move: Aurora Veil
|move|p2b: Rotom|Thunderbolt|p1a: Mawile
|-damage|p1a: Mawile|50/100y brn
|
|-weather|Snowscape|[upkeep]
|-heal|p2b: Rotom|73/100|[from] item: Leftovers
|-damage|p1a: Mawile|43/100 brn|[from] brn
|upkeep
|turn|8
|
|t:|1783531057
|move|p1a: Mawile|Sucker Punch|p2a: Froslass
|-supereffective|p2a: Froslass|1
|-damage|p2a: Froslass|70/100
|move|p2a: Froslass|Shadow Ball|p1a: Mawile
|-damage|p1a: Mawile|0 fnt
|faint|p1a: Mawile
|
|win|tizio20
||hami_hiku is ready for game 3.
|inactive|tizio20 has 30 seconds to confirm battle start!
||tizio20 is ready for game 3.
|uhtml|next|Next: Game 3 of 3
|l| TheFiendishMeep
