|j|☆latios66
|j|☆RonJohn
|html|latios66RonJohn    
|uhtml|bestof|Game 1 of a best-of-3
|t:|1756326885
|gametype|doubles
|player|p1|latios66|265|1068
|player|p2|RonJohn|169|1116
|gen|9
|tier|[Gen 9] VGC 2025 Reg H (Bo3)
|rated|
|rule|Species Clause: Limit one of each Pokémon
|rule|Item Clause: Limit 1 of each item
|clearpoke
|poke|p1|Indeedee, L50, M|
|poke|p1|Drifblim, L50, M|
|poke|p1|Volcarona, L50, F|
|poke|p1|Kommo-o, L50, M|
|poke|p1|Toxtricity, L50, M|
|poke|p1|Hydreigon, L50, M|
|poke|p2|Ninetales-Alola, L50, F|
|poke|p2|Dragonite, L50, F|
|poke|p2|Amoonguss, L50, M|
|poke|p2|Incineroar, L50, M|
|poke|p2|Gholdengo, L50|
|poke|p2|Ursaluna-Bloodmoon, L50, M|
|teampreview|4
|showteam|p1|Indeedee||FocusSash|PsychicSurge|ExpandingForce,TeraBlast,Imprison,TrickRoom|||M|||50|,,,,,Ground]Drifblim||PsychicSeed|Unburden|ShadowBall,WillOWisp,StrengthSap,Tailwind|||M|||50|,,,,,Grass]Volcarona||LifeOrb|FlameBody|BugBuzz,HeatWave,TeraBlast,Protect|||F|||50|,,,,,Fairy]Kommo-o||Leftovers|Soundproof|BodyPress,Flamethrower,IronDefense,Protect|||M|||50|,,,,,Fire]Toxtricity||ChoiceSpecs|PunkRock|Overdrive,SludgeBomb,Boomburst,VoltSwitch|||M|||50|,,,,,Normal]Hydreigon||AssaultVest|Levitate|DarkPulse,DracoMeteor,EarthPower,Snarl|||M|||50|,,,,,Ghost
|showteam|p2|Ninetales-Alola||FocusSash|SnowWarning|Blizzard,IcyWind,Protect,Encore|||F|||50|,,,,,Ice]Dragonite||LoadedDice|Multiscale|ScaleShot,Tailwind,Protect,Haze|||F|||50|,,,,,Fairy]Amoonguss||SitrusBerry|Regenerator|PollenPuff,Spore,Protect,RagePowder|||M|||50|,,,,,Psychic]Incineroar||SafetyGoggles|Intimidate|FlareBlitz,KnockOff,FakeOut,PartingShot|||M|||50|,,,,,Ghost]Gholdengo||LifeOrb|GoodasGold|MakeItRain,ShadowBall,Protect,NastyPlot||||||50|,,,,,Water]Ursaluna-Bloodmoon||AssaultVest|MindsEye|BloodMoon,EarthPower,HyperVoice,VacuumWave|||M|||50|,,,,,Water
|inactive|Battle timer is ON: inactive players will automatically lose when time's up. (requested by RonJohn)
|inactive|RonJohn has 60 seconds left.
|
|t:|1756326944
|teamsize|p1|4
|teamsize|p2|4
|start
|switch|p1a: Indeedee|Indeedee, L50, M|100/100
|switch|p1b: Drifblim|Drifblim, L50, M|100/100
|switch|p2a: Amoonguss|Amoonguss, L50, M|100/100
|switch|p2b: Dragonite|Dragonite, L50, F|100/100
|-fieldstart|move: Psychic Terrain|[from] ability: Psychic Surge|[of] p1a: Indeedee
|-enditem|p1b: Drifblim|Psychic Seed
|-boost|p1b: Drifblim|spd|1|[from] item: Psychic Seed
|turn|1
|inactive|RonJohn has 30 seconds left.
|
|t:|1756326971
|-terastallize|p2a: Amoonguss|Psychic
|move|p2a: Amoonguss|Rage Powder|p2a: Amoonguss
|-singleturn|p2a: Amoonguss|move: Rage Powder
|move|p1b: Drifblim|Shadow Ball|p2a: Amoonguss
|-supereffective|p2a: Amoonguss
|-damage|p2a: Amoonguss|61/100
|move|p1a: Indeedee|Expanding Force|p2a: Amoonguss|[spread] p2a,p2b
|-resisted|p2a: Amoonguss
|-damage|p2a: Amoonguss|40/100
|-damage|p2b: Dragonite|74/100
|-enditem|p2a: Amoonguss|Sitrus Berry|[eat]
|-heal|p2a: Amoonguss|65/100|[from] item: Sitrus Berry
|move|p2b: Dragonite|Scale Shot|p1a: Indeedee
|-damage|p1a: Indeedee|67/100
|-damage|p1a: Indeedee|33/100
|-damage|p1a: Indeedee|4/100
|-damage|p1a: Indeedee|0 fnt
|faint|p1a: Indeedee
|-hitcount|p1: Indeedee|4
|-unboost|p2b: Dragonite|def|1
|-boost|p2b: Dragonite|spe|1
|
|upkeep
|
|t:|1756326988
|switch|p1a: Toxtricity|Toxtricity, L50, M|100/100
|turn|2
|inactive|RonJohn has 30 seconds left.
|
|t:|1756327015
|switch|p2a: Ursaluna|Ursaluna-Bloodmoon, L50, M|100/100
|-terastallize|p1a: Toxtricity|Normal
|move|p1b: Drifblim|Tailwind|p1b: Drifblim
|-sidestart|p1: latios66|move: Tailwind
|move|p1a: Toxtricity|Boomburst|p2b: Dragonite|[spread] p2a,p2b
|-immune|p1b: Drifblim
|-damage|p2a: Ursaluna|37/100
|-damage|p2b: Dragonite|0 fnt
|faint|p2b: Dragonite
|
|upkeep
|
|t:|1756327034
|switch|p2b: Gholdengo|Gholdengo, L50|100/100
|turn|3
|inactive|RonJohn has 30 seconds left.
|
|t:|1756327061
|move|p1b: Drifblim|Shadow Ball|p2b: Gholdengo
|-supereffective|p2b: Gholdengo
|-damage|p2b: Gholdengo|52/100
|move|p1a: Toxtricity|Boomburst|p2a: Ursaluna|[spread] p2a
|-immune|p1b: Drifblim
|-immune|p2b: Gholdengo
|-damage|p2a: Ursaluna|0 fnt
|faint|p2a: Ursaluna
|move|p2b: Gholdengo|Shadow Ball|p1b: Drifblim
|-supereffective|p1b: Drifblim
|-damage|p1b: Drifblim|21/100
|-unboost|p1b: Drifblim|spd|1
|-damage|p2b: Gholdengo|42/100|[from] item: Life Orb
|
|upkeep
|
|t:|1756327074
|switch|p2a: Amoonguss|Amoonguss, L50, M, tera:Psychic|99/100
|turn|4
|
|t:|1756327087
|move|p2a: Amoonguss|Rage Powder|p2a: Amoonguss
|-singleturn|p2a: Amoonguss|move: Rage Powder
|move|p1b: Drifblim|Shadow Ball|p2a: Amoonguss
|-supereffective|p2a: Amoonguss
|-damage|p2a: Amoonguss|60/100
|move|p1a: Toxtricity|Boomburst|p2a: Amoonguss|[spread] p2a
|-immune|p1b: Drifblim
|-immune|p2b: Gholdengo
|-damage|p2a: Amoonguss|0 fnt
|faint|p2a: Amoonguss
|move|p2b: Gholdengo|Shadow Ball|p1b: Drifblim
|-supereffective|p1b: Drifblim
|-damage|p1b: Drifblim|0 fnt
|faint|p1b: Drifblim
|-damage|p2b: Gholdengo|32/100|[from] item: Life Orb
|
|upkeep
|
|t:|1756327097
|switch|p1b: Volcarona|Volcarona, L50, F|100/100
|turn|5
|
|t:|1756327108
|move|p2b: Gholdengo|Protect|p2b: Gholdengo
|-singleturn|p2b: Gholdengo|Protect
|move|p1b: Volcarona|Heat Wave|p2b: Gholdengo
|-activate|p2b: Gholdengo|move: Protect
|move|p1a: Toxtricity|Boomburst|p2b: Gholdengo|[spread] p1b
|-activate|p2b: Gholdengo|move: Protect
|-damage|p1b: Volcarona|2/100
|
|-sideend|p1: latios66|move: Tailwind
|-fieldend|move: Psychic Terrain
|upkeep
|turn|6
|
|t:|1756327127
|move|p1b: Volcarona|Heat Wave|p2b: Gholdengo
|-supereffective|p2b: Gholdengo
|-damage|p2b: Gholdengo|0 fnt
|faint|p2b: Gholdengo
|-damage|p1b: Volcarona|0 fnt|[from] item: Life Orb
|faint|p1b: Volcarona
|
|win|latios66
