|j|☆MeerMika
|j|☆Majene
|html|MeerMikaMajene    
|uhtml|bestof|Game 1 of a best-of-3
|t:|1782560091
|gametype|doubles
|player|p1|MeerMika|neroli|
|player|p2|Majene|medium|
|gen|9
|tier|[Gen 9 Champions] VGC 2026 Reg M-B (Bo3)
|rule|Species Clause: Limit one of each Pokémon
|rule|Item Clause: Limit 1 of each item
|clearpoke
|poke|p1|Blaziken, L50, M, shiny|
|poke|p1|Kingambit, L50, M|
|poke|p1|Basculegion, L50, M|
|poke|p1|Whimsicott, L50, F|
|poke|p1|Torkoal, L50, M|
|poke|p1|Raichu, L50, M|
|poke|p2|Annihilape, L50, F|
|poke|p2|Maushold-Four, L50|
|poke|p2|Dragalge, L50, M|
|poke|p2|Incineroar, L50, M|
|poke|p2|Farigiraf, L50, M|
|poke|p2|Mawile, L50, F|
|teampreview|4
|showteam|p1|Blaziken||Blazikenite|SpeedBoost|FlareBlitz,CloseCombat,Protect,RockSlide|Adamant||M|||50|]Kingambit||ChopleBerry|Defiant|KowtowCleave,SuckerPunch,IronHead,Protect|Adamant||M|||50|]Basculegion||LifeOrb|Adaptability|WaveCrash,AquaJet,LastRespects,Protect|Adamant||M|||50|]Whimsicott||FocusSash|Prankster|Moonblast,Tailwind,Encore,Protect|Modest||F|||50|]Torkoal||Leftovers|Drought|BurningJealousy,Protect,Yawn,WeatherBall|Relaxed||M|||50|]Raichu||RaichuniteY|LightningRod|ZapCannon,FocusBlast,GrassKnot,Protect|Modest||M|||50|
|showteam|p2|Annihilape||Leftovers|Defiant|BulkUp,Protect,RageFist,CloseCombat|Adamant||F|||50|]Maushold-Four||WideLens|Technician|PopulationBomb,Protect,Encore,FollowMe|Jolly|||||50|]Dragalge||Dragalgite|Adaptability|DragonPulse,Protect,FlipTurn,SludgeBomb|Quiet||M|||50|]Incineroar||SitrusBerry|Intimidate|FakeOut,DarkestLariat,WillOWisp,PartingShot|Careful||M|||50|]Farigiraf||ColburBerry|ArmorTail|TrickRoom,Protect,TwinBeam,HelpingHand|Sassy||M|||50|]Mawile||Mawilite|Intimidate|IronHead,Protect,PlayRough,BrickBreak|Adamant||F|||50|
|inactive|Battle timer is ON: inactive players will automatically lose when time's up. (requested by MeerMika)
|inactiveoff|Battle timer is now OFF.
|c|☆Majene|glhf
|c|☆MeerMika|mag ik je paste nog?
|c|☆Majene|de ots hier heeft ook de natures
|j| robbie0301
|
|t:|1782560337
|teamsize|p1|4
|teamsize|p2|4
|start
|switch|p1a: Kingambit|Kingambit, L50, M|100/100
|switch|p1b: Blaziken|Blaziken, L50, M, shiny|100/100
|switch|p2a: Incineroar|Incineroar, L50, M|100/100
|switch|p2b: Farigiraf|Farigiraf, L50, M|100/100
|-ability|p2a: Incineroar|Intimidate|boost
|-unboost|p1a: Kingambit|atk|1
|-ability|p1a: Kingambit|Defiant|boost
|-boost|p1a: Kingambit|atk|2
|-unboost|p1b: Blaziken|atk|1
|turn|1
|
|t:|1782560370
|switch|p1b: Torkoal|Torkoal, L50, M|100/100
|-weather|SunnyDay|[from] ability: Drought|[of] p1b: Torkoal
|move|p1a: Kingambit|Protect|p1a: Kingambit
|-singleturn|p1a: Kingambit|Protect
|move|p2a: Incineroar|Fake Out|p1a: Kingambit
|-activate|p1a: Kingambit|move: Protect
|move|p2b: Farigiraf|Trick Room|p2b: Farigiraf
|-fieldstart|move: Trick Room|[of] p2b: Farigiraf
|
|-weather|SunnyDay|[upkeep]
|upkeep
|turn|2
|
|t:|1782560391
|move|p2b: Farigiraf|Protect|p2b: Farigiraf
|-singleturn|p2b: Farigiraf|Protect
|move|p1b: Torkoal|Burning Jealousy|p2a: Incineroar|[spread] p2a
|-activate|p2b: Farigiraf|move: Protect
|-resisted|p2a: Incineroar|1
|-damage|p2a: Incineroar|90/100
|move|p1a: Kingambit|Kowtow Cleave|p2b: Farigiraf
|-activate|p2b: Farigiraf|move: Protect
|move|p2a: Incineroar|Will-O-Wisp|p1a: Kingambit
|-status|p1a: Kingambit|brn
|
|-weather|SunnyDay|[upkeep]
|-damage|p1a: Kingambit|93/100 brn|[from] brn
|upkeep
|turn|3
|
|t:|1782560413
|move|p1b: Torkoal|Yawn|p2a: Incineroar
|-start|p2a: Incineroar|move: Yawn|[of] p1b: Torkoal
|move|p2b: Farigiraf|Twin Beam|p1b: Torkoal
|-damage|p1b: Torkoal|84/100
|-damage|p1b: Torkoal|67/100
|-hitcount|p1b: Torkoal|2
|move|p1a: Kingambit|Kowtow Cleave|p2b: Farigiraf
|-supereffective|p2b: Farigiraf|1
|-enditem|p2b: Farigiraf|Colbur Berry|[eat]
|-enditem|p2b: Farigiraf|Colbur Berry|[weaken]
|-damage|p2b: Farigiraf|64/100
|move|p2a: Incineroar|Parting Shot|p1b: Torkoal
|-unboost|p1b: Torkoal|atk|1
|-unboost|p1b: Torkoal|spa|1
|
|t:|1782560442
|switch|p2a: Mawile|Mawile, L50, F|100/100|[from] Parting Shot
|-ability|p2a: Mawile|Intimidate|boost
|-unboost|p1a: Kingambit|atk|1
|-ability|p1a: Kingambit|Defiant|boost
|-boost|p1a: Kingambit|atk|2
|-unboost|p1b: Torkoal|atk|1
|
|-weather|SunnyDay|[upkeep]
|-heal|p1b: Torkoal|73/100|[from] item: Leftovers
|-damage|p1a: Kingambit|87/100 brn|[from] brn
|upkeep
|turn|4
|
|t:|1782560474
|detailschange|p2a: Mawile|Mawile-Mega, L50, F
|-mega|p2a: Mawile|Mawile|Mawilite
|move|p2a: Mawile|Protect|p2a: Mawile
|-singleturn|p2a: Mawile|Protect
|move|p1b: Torkoal|Weather Ball|p2a: Mawile
|-activate|p2a: Mawile|move: Protect
|move|p2b: Farigiraf|Twin Beam|p1b: Torkoal
|-damage|p1b: Torkoal|55/100
|-damage|p1b: Torkoal|38/100
|-hitcount|p1b: Torkoal|2
|move|p1a: Kingambit|Kowtow Cleave|p2b: Farigiraf
|-supereffective|p2b: Farigiraf|1
|-damage|p2b: Farigiraf|0 fnt
|faint|p2b: Farigiraf
|
|-weather|SunnyDay|[upkeep]
|-heal|p1b: Torkoal|44/100|[from] item: Leftovers
|-damage|p1a: Kingambit|81/100 brn|[from] brn
|upkeep
|
|t:|1782560491
|switch|p2b: Annihilape|Annihilape, L50, F|100/100
|turn|5
|j| LivioVGC
|
|t:|1782560512
|move|p1b: Torkoal|Burning Jealousy|p2a: Mawile|[spread] p2a,p2b
|-supereffective|p2a: Mawile|1
|-damage|p2a: Mawile|57/100
|-damage|p2b: Annihilape|83/100
|move|p2a: Mawile|Play Rough|p1a: Kingambit
|-damage|p1a: Kingambit|8/100 brn
|move|p1a: Kingambit|Kowtow Cleave|p2a: Mawile
|-resisted|p2a: Mawile|1
|-damage|p2a: Mawile|36/100
|move|p2b: Annihilape|Close Combat|p1b: Torkoal
|-damage|p1b: Torkoal|1/100
|-unboost|p2b: Annihilape|def|1
|-unboost|p2b: Annihilape|spd|1
|
|-weather|none
|-heal|p1b: Torkoal|7/100|[from] item: Leftovers
|-heal|p2b: Annihilape|89/100|[from] item: Leftovers
|-damage|p1a: Kingambit|2/100 brn|[from] brn
|-fieldend|move: Trick Room
|upkeep
|turn|6
|j| sushishine
|l| sushishine
|
|t:|1782560548
|switch|p2b: Incineroar|Incineroar, L50, M|90/100
|-ability|p2b: Incineroar|Intimidate|boost
|-unboost|p1a: Kingambit|atk|1
|-ability|p1a: Kingambit|Defiant|boost
|-boost|p1a: Kingambit|atk|2
|-unboost|p1b: Torkoal|atk|1
|move|p2a: Mawile|Protect|p2a: Mawile
|-singleturn|p2a: Mawile|Protect
|move|p1a: Kingambit|Iron Head|p2a: Mawile
|-activate|p2a: Mawile|move: Protect
|move|p1b: Torkoal|Yawn|p2b: Incineroar
|-start|p2b: Incineroar|move: Yawn|[of] p1b: Torkoal
|
|-heal|p1b: Torkoal|14/100|[from] item: Leftovers
|-damage|p1a: Kingambit|0 fnt|[from] brn
|faint|p1a: Kingambit
|upkeep
|
|t:|1782560558
|switch|p1a: Blaziken|Blaziken, L50, M, shiny|100/100
|turn|7
|l| LivioVGC
|
|t:|1782560581
|detailschange|p1a: Blaziken|Blaziken-Mega, L50, M, shiny
|-mega|p1a: Blaziken|Blaziken|Blazikenite
|move|p1a: Blaziken|Protect|p1a: Blaziken
|-singleturn|p1a: Blaziken|Protect
|move|p2b: Incineroar|Parting Shot|p1a: Blaziken
|-activate|p1a: Blaziken|move: Protect
|move|p2a: Mawile|Brick Break|p1b: Torkoal
|-damage|p1b: Torkoal|0 fnt
|faint|p1b: Torkoal
|
|-end|p2b: Incineroar|move: Yawn|[silent]
|-status|p2b: Incineroar|slp
|-ability|p1a: Blaziken|Speed Boost|boost
|-boost|p1a: Blaziken|spe|1
|upkeep
|
|t:|1782560588
|switch|p1b: Basculegion|Basculegion, L50, M|100/100
|turn|8
|
|t:|1782560597
|switch|p2b: Annihilape|Annihilape, L50, F|89/100
|move|p2a: Mawile|Protect|p2a: Mawile
|-singleturn|p2a: Mawile|Protect
|move|p1b: Basculegion|Aqua Jet|p2b: Annihilape
|-damage|p2b: Annihilape|52/100
|-damage|p1b: Basculegion|90/100|[from] item: Life Orb
|move|p1a: Blaziken|Flare Blitz|p2a: Mawile
|-activate|p2a: Mawile|move: Protect
|
|-heal|p2b: Annihilape|58/100|[from] item: Leftovers
|-ability|p1a: Blaziken|Speed Boost|boost
|-boost|p1a: Blaziken|spe|1
|upkeep
|turn|9
|
|t:|1782560617
|move|p1a: Blaziken|Flare Blitz|p2b: Annihilape
|-damage|p2b: Annihilape|0 fnt
|faint|p2b: Annihilape
|-damage|p1a: Blaziken|73/100|[from] Recoil
|move|p1b: Basculegion|Wave Crash|p2a: Mawile
|-damage|p2a: Mawile|0 fnt
|faint|p2a: Mawile
|-damage|p1b: Basculegion|80/100|[from] Recoil
|-damage|p1b: Basculegion|70/100|[from] item: Life Orb
|
|-ability|p1a: Blaziken|Speed Boost|boost
|-boost|p1a: Blaziken|spe|1
|upkeep
|-message|Majene forfeited.
|
|win|MeerMika
||Majene is ready for game 2.
||MeerMika is ready for game 2.
|uhtml|next|Next: Game 2 of 3
|j| LivioVGC
|j| GurbederBeste
|l| LivioVGC
|l| GurbederBeste
|l| robbie0301
|j| Dijkbewaker
