|j|☆Ace Goldheart
|j|☆Viiragon
|html|Ace GoldheartViiragon    
|uhtml|bestof|Game 1 of a best-of-3
|t:|1757785910
|gametype|doubles
|player|p1|Ace Goldheart|depotagent|
|player|p2|Viiragon|1|
|gen|9
|tier|[Gen 9] VGC 2025 Reg H (Bo3)
|rule|Species Clause: Limit one of each Pokémon
|rule|Item Clause: Limit 1 of each item
|clearpoke
|poke|p1|Charizard, L50, M|
|poke|p1|Meowstic, L50, M|
|poke|p1|Typhlosion-Hisui, L50, F|
|poke|p1|Torkoal, L50, M|
|poke|p1|Milotic, L50, F|
|poke|p1|Noivern, L50, F|
|poke|p2|Whimsicott, L50, F|
|poke|p2|Lilligant-Hisui, L50, F|
|poke|p2|Amoonguss, L50, F|
|poke|p2|Rillaboom, L50, M|
|poke|p2|Venusaur, L50, M|
|poke|p2|Meowscarada, L50, F|
|teampreview|4
|showteam|p1|Charizard||ChoiceSpecs|SolarPower|TeraBlast,HeatWave,FireBlast,AirSlash|||M|||50|,,,,,Ghost]Meowstic||CovertCloak|Prankster|SunnyDay,ThunderWave,Reflect,RainDance|||M|||50|,,,,,Dark]Typhlosion-Hisui||ChoiceScarf|Blaze|Eruption,InfernalParade,TeraBlast,ConfuseRay|||F|||50|,,,,,Fire]Torkoal||Charcoal|Drought|Eruption,BodyPress,Protect,WeatherBall|||M|||50|,,,,,Fighting]Milotic||Leftovers|MarvelScale|Recover,Attract,Scald,Protect|||F|||50|,,,,,Grass]Noivern||LifeOrb|Infiltrator|DracoMeteor,Hurricane,Tailwind,Boomburst|||F|||50|,,,,,Normal
|showteam|p2|Whimsicott||CovertCloak|Prankster|SunnyDay,HelpingHand,Encore,LightScreen|||F|||50|,,,,,Dark]Lilligant-Hisui||LifeOrb|Chlorophyll|CloseCombat,SolarBlade,TeraBlast,SleepPowder|||F|||50|,,,,,Fire]Amoonguss||RockyHelmet|Regenerator|Spore,RagePowder,Protect,SludgeBomb|||F|||50|,,,,,Poison]Rillaboom||AssaultVest|GrassySurge|WoodHammer,GrassyGlide,FakeOut,Uturn|||M|||50|,,,,,Water]Venusaur||BlackSludge|Chlorophyll|EarthPower,GigaDrain,WeatherBall,Protect|||M|||50|,,,,,Fire]Meowscarada||FocusSash|Protean|FlowerTrick,KnockOff,SuckerPunch,Uturn|||F|||50|,,,,,Dark
|c|☆Viiragon|Fuk XD
|j| HiFromPikachu
|c| HiFromPikachu|hi hi
|c|☆Viiragon|Hello!
|
|t:|1757785975
|teamsize|p1|4
|teamsize|p2|4
|start
|switch|p1a: Goku|Charizard, L50, M, shiny|100/100
|switch|p1b: Son Goku|Meowstic, L50, M, shiny|100/100
|switch|p2a: Nino|Whimsicott, L50, F|100/100
|switch|p2b: Hawkeye|Rillaboom, L50, M, shiny|100/100
|-fieldstart|move: Grassy Terrain|[from] ability: Grassy Surge|[of] p2b: Hawkeye
|turn|1
|
|t:|1757786008
|move|p2b: Hawkeye|Fake Out|p1a: Goku
|-damage|p1a: Goku|80/100
|move|p2a: Nino|Light Screen|p2a: Nino
|-sidestart|p2: Viiragon|move: Light Screen
|move|p1b: Son Goku|Sunny Day|p1b: Son Goku
|-weather|SunnyDay
|cant|p1a: Goku|flinch
|
|-weather|SunnyDay|[upkeep]
|-damage|p1a: Goku|68/100|[from] ability: Solar Power|[of] p1a: Goku
|upkeep
|turn|2
|
|t:|1757786069
|move|p2a: Nino|Encore|p1b: Son Goku
|-start|p1b: Son Goku|Encore
|move|p1b: Son Goku|Sunny Day||[still]
|-fail|p1b: Son Goku
|move|p1a: Goku|Heat Wave|p2a: Nino|[spread] p2a,p2b
|-supereffective|p2a: Nino
|-supereffective|p2b: Hawkeye
|-damage|p2a: Nino|0 fnt
|-damage|p2b: Hawkeye|0 fnt
|faint|p2a: Nino
|faint|p2b: Hawkeye
|
|-weather|SunnyDay|[upkeep]
|-damage|p1a: Goku|56/100|[from] ability: Solar Power|[of] p1a: Goku
|upkeep
|
|t:|1757786082
|switch|p2b: Dorcas|Amoonguss, L50, F|100/100
|switch|p2a: Merlinus|Venusaur, L50, M, shiny|100/100
|turn|3
|
|t:|1757786122
|switch|p1b: Tortilla|Torkoal, L50, M|100/100
|-terastallize|p2a: Merlinus|Fire
|move|p2b: Dorcas|Protect|p2b: Dorcas
|-singleturn|p2b: Dorcas|Protect
|move|p2a: Merlinus|Weather Ball|p1a: Goku
|-resisted|p1a: Goku
|-damage|p1a: Goku|6/100
|move|p1a: Goku|Heat Wave|p2a: Merlinus|[spread] p2a
|-activate|p2b: Dorcas|move: Protect
|-resisted|p2a: Merlinus
|-damage|p2a: Merlinus|55/100
|
|-weather|SunnyDay|[upkeep]
|-damage|p1a: Goku|0 fnt|[from] ability: Solar Power|[of] p1a: Goku
|faint|p1a: Goku
|-heal|p2a: Merlinus|61/100|[from] Grassy Terrain
|-damage|p2a: Merlinus|49/100|[from] item: Black Sludge
|upkeep
|
|t:|1757786144
|switch|p1a: Not Goku|Typhlosion-Hisui, L50, F, shiny|100/100
|turn|4
|
|t:|1757786178
|-terastallize|p1a: Not Goku|Fire
|move|p2a: Merlinus|Earth Power|p1a: Not Goku
|-supereffective|p1a: Not Goku
|-damage|p1a: Not Goku|23/100
|move|p1a: Not Goku|Eruption|p2b: Dorcas|[spread] p2a,p2b
|-resisted|p2a: Merlinus
|-crit|p2a: Merlinus
|-supereffective|p2b: Dorcas
|-damage|p2a: Merlinus|14/100
|-damage|p2b: Dorcas|62/100
|move|p2b: Dorcas|Spore|p1b: Tortilla
|-status|p1b: Tortilla|slp|[from] move: Spore
|cant|p1b: Tortilla|slp
|
|-weather|SunnyDay|[upkeep]
|-heal|p2a: Merlinus|20/100|[from] Grassy Terrain
|-damage|p2a: Merlinus|8/100|[from] item: Black Sludge
|-heal|p1a: Not Goku|29/100|[from] Grassy Terrain
|-heal|p2b: Dorcas|68/100|[from] Grassy Terrain
|upkeep
|turn|5
|
|t:|1757786219
|switch|p1a: Son Goku|Meowstic, L50, M, shiny|100/100
|cant|p1b: Tortilla|slp
|move|p2a: Merlinus|Earth Power|p1a: Son Goku
|-damage|p1a: Son Goku|77/100
|move|p2b: Dorcas|Sludge Bomb|p1b: Tortilla
|-damage|p1b: Tortilla|62/100 slp
|
|-weather|none
|-heal|p2a: Merlinus|13/100|[from] Grassy Terrain
|-damage|p2a: Merlinus|1/100|[from] item: Black Sludge
|-heal|p1a: Son Goku|83/100|[from] Grassy Terrain
|-heal|p2b: Dorcas|74/100|[from] Grassy Terrain
|-heal|p1b: Tortilla|68/100 slp|[from] Grassy Terrain
|-sideend|p2: Viiragon|move: Light Screen
|-fieldend|move: Grassy Terrain
|upkeep
|turn|6
|c| HiFromPikachu|Do you guys think torkoal is a honk shooo or a mimimimimi type of sleeper?
|c|☆Viiragon|mimimimi
|
|t:|1757786274
|-curestatus|p1b: Tortilla|slp|[msg]
|move|p1b: Tortilla|Protect|p1b: Tortilla
|-singleturn|p1b: Tortilla|Protect
|move|p2b: Dorcas|Rage Powder|p2b: Dorcas
|-singleturn|p2b: Dorcas|move: Rage Powder
|move|p1a: Son Goku|Thunder Wave|p2b: Dorcas|[miss]
|-miss|p1a: Son Goku|p2b: Dorcas
|move|p2a: Merlinus|Giga Drain|p1a: Son Goku
|-damage|p1a: Son Goku|56/100
|-heal|p2a: Merlinus|17/100|[from] drain|[of] p1a: Son Goku
|
|-damage|p2a: Merlinus|5/100|[from] item: Black Sludge
|upkeep
|turn|7
|
|t:|1757786321
|move|p1a: Son Goku|Thunder Wave|p2b: Dorcas
|-status|p2b: Dorcas|par
|move|p2a: Merlinus|Earth Power|p1b: Tortilla
|-supereffective|p1b: Tortilla
|-damage|p1b: Tortilla|0 fnt
|faint|p1b: Tortilla
|move|p2b: Dorcas|Spore|p1a: Son Goku
|-status|p1a: Son Goku|slp|[from] move: Spore
|
|-damage|p2a: Merlinus|0 fnt|[from] item: Black Sludge
|faint|p2a: Merlinus
|upkeep
|
|t:|1757786334
|switch|p1b: Not Goku|Typhlosion-Hisui, L50, F, shiny, tera:Fire|29/100
|turn|8
|
|t:|1757786345
|cant|p1a: Son Goku|slp
|move|p1b: Not Goku|Eruption|p2b: Dorcas
|-supereffective|p2b: Dorcas
|-damage|p2b: Dorcas|10/100 par
|cant|p2b: Dorcas|par
|
|upkeep
|turn|9
|c|☆Viiragon|Damn XD
|c| HiFromPikachu|Rip the para
|
|t:|1757786362
|cant|p1a: Son Goku|slp
|move|p1b: Not Goku|Eruption|p2b: Dorcas
|-supereffective|p2b: Dorcas
|-damage|p2b: Dorcas|0 fnt
|faint|p2b: Dorcas
|
|win|Ace Goldheart
|c| HiFromPikachu|ggs
||Ace Goldheart is ready for game 2.
|inactive|Viiragon has 30 seconds to confirm battle start!
||Viiragon is ready for game 2.
|uhtml|next|Next: Game 2 of 3
