|j|☆atahualpamaia
|j|☆Sherogenzzz
|html|atahualpamaiaSherogenzzz    
|uhtml|bestof|Game 3 of a best-of-3
|t:|1757030374
|gametype|doubles
|player|p1|atahualpamaia|lucas|1059
|player|p2|Sherogenzzz|266|1043
|gen|9
|tier|[Gen 9] VGC 2025 Reg H (Bo3)
|rated|
|rule|Species Clause: Limit one of each Pokémon
|rule|Item Clause: Limit 1 of each item
|clearpoke
|poke|p1|Dragonite, L50, M|
|poke|p1|Ursaluna-Bloodmoon, L50, M|
|poke|p1|Sneasler, L50, M|
|poke|p1|Braviary, L50, M|
|poke|p1|Whimsicott, L50, F|
|poke|p1|Farigiraf, L50, F|
|poke|p2|Gothitelle, L50, F|
|poke|p2|Amoonguss, L50, M|
|poke|p2|Gallade, L50, M|
|poke|p2|Incineroar, L50, F|
|poke|p2|Baxcalibur, L50, M|
|poke|p2|Ninetales-Alola, L50, M|
|teampreview|4
|showteam|p1|Dragonite||LoadedDice|Multiscale|ScaleShot,IcePunch,StompingTantrum,Protect|||M|||50|,,,,,Steel]Ursaluna-Bloodmoon||SitrusBerry|MindsEye|BloodMoon,EarthPower,HyperVoice,Protect|||M|||50|,,,,,Ghost]Sneasler||WhiteHerb|Unburden|CloseCombat,DireClaw,ThroatChop,Protect|||M|||50|,,,,,Ghost]Braviary||LifeOrb|Defiant|BraveBird,CloseCombat,HelpingHand,Protect|||M|||50|,,,,,Flying]Whimsicott||FocusSash|Prankster|Moonblast,Taunt,Tailwind,Protect|||F|||50|,,,,,Ghost]Farigiraf||ThroatSpray|ArmorTail|HyperVoice,HelpingHand,TrickRoom,Protect|||F|||50|,,,,,Water
|showteam|p2|Gothitelle||Leftovers|ShadowTag|FakeOut,Protect,TrickRoom,Psychic|||F|||50|,,,,,Dark]Amoonguss||SitrusBerry|Regenerator|Protect,PollenPuff,RagePowder,Spore|||M|||50|,,,,,Dark]Gallade||LifeOrb|Sharpness|Protect,SacredSword,SwordsDance,PsychoCut|||M|||50|,,,,,Steel]Incineroar||SafetyGoggles|Intimidate|FakeOut,PartingShot,FlareBlitz,KnockOff|||F|||50|,,,,,Water]Baxcalibur||ClearAmulet|IceBody|Protect,GlaiveRush,IceShard,SwordsDance|||M|||50|,,,,,Steel]Ninetales-Alola||FocusSash|SnowWarning|Protect,AuroraVeil,FoulPlay,Disable|||M|||50|,,,,,Steel
|inactive|Battle timer is ON: inactive players will automatically lose when time's up. (requested by atahualpamaia)
|
|t:|1757030403
|teamsize|p1|4
|teamsize|p2|4
|start
|switch|p1a: Braviary|Braviary, L50, M|100/100
|switch|p1b: Ursaluna|Ursaluna-Bloodmoon, L50, M|100/100
|switch|p2a: Amoonguss|Amoonguss, L50, M|100/100
|switch|p2b: Ninetales|Ninetales-Alola, L50, M|100/100
|-weather|Snowscape|[from] ability: Snow Warning|[of] p2b: Ninetales
|turn|1
|
|t:|1757030425
|-terastallize|p1a: Braviary|Flying
|move|p2a: Amoonguss|Rage Powder|p2a: Amoonguss
|-singleturn|p2a: Amoonguss|move: Rage Powder
|move|p2b: Ninetales|Aurora Veil|p2b: Ninetales
|-sidestart|p2: Sherogenzzz|move: Aurora Veil
|move|p1a: Braviary|Brave Bird|p2a: Amoonguss
|-supereffective|p2a: Amoonguss
|-damage|p2a: Amoonguss|0 fnt
|faint|p2a: Amoonguss
|-damage|p1a: Braviary|63/100|[from] Recoil
|-damage|p1a: Braviary|53/100|[from] item: Life Orb
|move|p1b: Ursaluna|Earth Power|p2b: Ninetales
|-damage|p2b: Ninetales|68/100
|
|-weather|Snowscape|[upkeep]
|upkeep
|
|t:|1757030441
|switch|p2a: Baxcalibur|Baxcalibur, L50, M|100/100
|turn|2
|
|t:|1757030463
|-terastallize|p2a: Baxcalibur|Steel
|move|p2b: Ninetales|Protect|p2b: Ninetales
|-singleturn|p2b: Ninetales|Protect
|move|p1b: Ursaluna|Protect|p1b: Ursaluna
|-singleturn|p1b: Ursaluna|Protect
|move|p2a: Baxcalibur|Glaive Rush|p1a: Braviary
|-damage|p1a: Braviary|0 fnt
|-singlemove|p2a: Baxcalibur|Glaive Rush|[silent]
|faint|p1a: Braviary
|
|-weather|Snowscape|[upkeep]
|upkeep
|
|t:|1757030474
|switch|p1a: Farigiraf|Farigiraf, L50, F|100/100
|turn|3
|
|t:|1757030486
|move|p2a: Baxcalibur|Ice Shard||[still]
|cant|p1a: Farigiraf|ability: Armor Tail|Ice Shard|[of] p2a: Baxcalibur
|move|p2b: Ninetales|Foul Play|p1a: Farigiraf
|-supereffective|p1a: Farigiraf
|-damage|p1a: Farigiraf|73/100
|move|p1b: Ursaluna|Earth Power|p2a: Baxcalibur
|-supereffective|p2a: Baxcalibur
|-damage|p2a: Baxcalibur|40/100
|move|p1a: Farigiraf|Trick Room|p1a: Farigiraf
|-fieldstart|move: Trick Room|[of] p1a: Farigiraf
|
|-weather|Snowscape|[upkeep]
|-heal|p2a: Baxcalibur|46/100|[from] ability: Ice Body
|upkeep
|turn|4
|
|t:|1757030507
|switch|p2a: Gothitelle|Gothitelle, L50, F|100/100
|move|p1b: Ursaluna|Protect|p1b: Ursaluna
|-singleturn|p1b: Ursaluna|Protect
|move|p1a: Farigiraf|Hyper Voice|p2b: Ninetales|[spread] p2a,p2b
|-damage|p2a: Gothitelle|85/100
|-damage|p2b: Ninetales|50/100
|-enditem|p1a: Farigiraf|Throat Spray
|-boost|p1a: Farigiraf|spa|1|[from] item: Throat Spray
|move|p2b: Ninetales|Foul Play|p1a: Farigiraf
|-supereffective|p1a: Farigiraf
|-damage|p1a: Farigiraf|46/100
|
|-weather|Snowscape|[upkeep]
|-heal|p2a: Gothitelle|91/100|[from] item: Leftovers
|upkeep
|turn|5
|inactive|Sherogenzzz has 30 seconds left.
|
|t:|1757030535
|move|p1b: Ursaluna|Protect|p1b: Ursaluna
|-singleturn|p1b: Ursaluna|Protect
|move|p1a: Farigiraf|Protect|p1a: Farigiraf
|-singleturn|p1a: Farigiraf|Protect
|move|p2b: Ninetales|Protect|p2b: Ninetales
|-singleturn|p2b: Ninetales|Protect
|move|p2a: Gothitelle|Trick Room|p2a: Gothitelle
|-fieldend|move: Trick Room
|
|-weather|none
|-heal|p2a: Gothitelle|98/100|[from] item: Leftovers
|-sideend|p2: Sherogenzzz|move: Aurora Veil
|upkeep
|turn|6
|
|t:|1757030554
|move|p1a: Farigiraf|Helping Hand|p1b: Ursaluna
|-singleturn|p1b: Ursaluna|Helping Hand|[of] p1a: Farigiraf
|move|p2b: Ninetales|Aurora Veil||[still]
|-fail|p2b: Ninetales
|move|p1b: Ursaluna|Blood Moon|p2a: Gothitelle
|-damage|p2a: Gothitelle|0 fnt
|faint|p2a: Gothitelle
|
|upkeep
|
|t:|1757030562
|switch|p2a: Baxcalibur|Baxcalibur, L50, M, tera:Steel|46/100
|turn|7
|
|t:|1757030577
|move|p1a: Farigiraf|Protect|p1a: Farigiraf
|-singleturn|p1a: Farigiraf|Protect
|move|p2a: Baxcalibur|Glaive Rush|p1b: Ursaluna
|-damage|p1b: Ursaluna|54/100
|-singlemove|p2a: Baxcalibur|Glaive Rush|[silent]
|move|p2b: Ninetales|Foul Play|p1a: Farigiraf
|-activate|p1a: Farigiraf|move: Protect
|move|p1b: Ursaluna|Earth Power|p2a: Baxcalibur
|-supereffective|p2a: Baxcalibur
|-damage|p2a: Baxcalibur|0 fnt
|faint|p2a: Baxcalibur
|
|upkeep
|turn|8
|inactive|Sherogenzzz has 30 seconds left.
|
|t:|1757030610
|move|p1a: Farigiraf|Helping Hand|p1b: Ursaluna
|-singleturn|p1b: Ursaluna|Helping Hand|[of] p1a: Farigiraf
|move|p2b: Ninetales|Foul Play|p1a: Farigiraf
|-supereffective|p1a: Farigiraf
|-damage|p1a: Farigiraf|18/100
|move|p1b: Ursaluna|Earth Power|p2b: Ninetales
|-damage|p2b: Ninetales|0 fnt
|faint|p2b: Ninetales
|
|win|atahualpamaia
|raw|atahualpamaia's rating: 1059 → 1089(+30 for winning)
|raw|Sherogenzzz's rating: 1043 → 1027(-16 for losing)
|l|☆Sherogenzzz
|player|p2|
