|j|☆xepher008
|j|☆Shrimpy123456
|html|xepher008Shrimpy123456    
|uhtml|bestof|Game 1 of a best-of-3
|t:|1783000328
|gametype|doubles
|player|p1|xepher008|1|1000
|player|p2|Shrimpy123456|101|1034
|gen|9
|tier|[Gen 9 Champions] VGC 2026 Reg M-B (Bo3)
|rated|
|rule|Species Clause: Limit one of each Pokémon
|rule|Item Clause: Limit 1 of each item
|clearpoke
|poke|p1|Dragalge, L50, F|
|poke|p1|Grimmsnarl, L50, M|
|poke|p1|Incineroar, L50, F|
|poke|p1|Sinistcha, L50|
|poke|p1|Eelektross, L50, M|
|poke|p1|Hydreigon, L50, M|
|poke|p2|Sableye, L50, F|
|poke|p2|Clefable, L50, F|
|poke|p2|Kingambit, L50, F, shiny|
|poke|p2|Gardevoir, L50, F, shiny|
|poke|p2|Basculegion, L50, M|
|poke|p2|Talonflame, L50, M|
|teampreview|4
|showteam|p1|Dragalge||Dragalgite|Adaptability|DracoMeteor,SludgeBomb,Thunderbolt,Protect|Modest||F|||50|]Grimmsnarl||LightClay|Prankster|SpiritBreak,PartingShot,Reflect,LightScreen|Careful||M|||50|]Incineroar||SitrusBerry|Intimidate|FakeOut,ThroatChop,FlareBlitz,PartingShot|Careful||F|||50|]Sinistcha||CobaBerry|Hospitality|MatchaGotcha,LifeDew,RagePowder,TrickRoom|Sassy|||||50|]Eelektross||Eelektrossite|Levitate|Thunderbolt,Discharge,GrassKnot,Protect|Modest||M|||50|]Hydreigon||FocusSash|Levitate|DracoMeteor,Snarl,EarthPower,Protect|Timid||M|||50|
|showteam|p2|Sableye||FocusSash|Prankster|FakeOut,LightScreen,WillOWisp,Hex|Careful||F|||50|]Clefable||Leftovers|MagicGuard|Moonblast,HelpingHand,Protect,FollowMe|Bold||F|||50|]Kingambit||ChopleBerry|SupremeOverlord|SuckerPunch,SwordsDance,KowtowCleave,IronHead|Adamant||F|||50|]Gardevoir||Gardevoirite|Trace|HyperVoice,Protect,Psyshock,VacuumWave|Modest||F|||50|]Basculegion||MysticWater|Adaptability|WaveCrash,LastRespects,Protect,AquaJet|Adamant||M|||50|]Talonflame||SharpBeak|GaleWings|BraveBird,Overheat,Tailwind,Protect|Jolly||M|||50|
|inactive|Battle timer is ON: inactive players will automatically lose when time's up. (requested by xepher008)
|
|t:|1783000397
|teamsize|p1|4
|teamsize|p2|4
|start
|switch|p1a: Ross|Eelektross, L50, M|100/100
|switch|p1b: Gon|Hydreigon, L50, M|100/100
|switch|p2a: Sableye|Sableye, L50, F|100/100
|switch|p2b: Talonflame|Talonflame, L50, M|100/100
|turn|1
|inactive|xepher008 has 30 seconds left.
|
|t:|1783000427
|move|p2a: Sableye|Fake Out|p1a: Ross
|-damage|p1a: Ross|92/100
|move|p2b: Talonflame|Tailwind|p2b: Talonflame
|-sidestart|p2: Shrimpy123456|move: Tailwind
|move|p1b: Gon|Draco Meteor|p2a: Sableye
|-damage|p2a: Sableye|20/100y
|-unboost|p1b: Gon|spa|2
|cant|p1a: Ross|flinch
|
|upkeep
|turn|2
|inactive|Shrimpy123456 has 30 seconds left.
|
|t:|1783000458
|detailschange|p1a: Ross|Eelektross-Mega, L50, M
|-mega|p1a: Ross|Eelektross|Eelektrossite
|move|p2b: Talonflame|Protect|p2b: Talonflame
|-singleturn|p2b: Talonflame|Protect
|move|p1b: Gon|Protect|p1b: Gon
|-singleturn|p1b: Gon|Protect
|move|p2a: Sableye|Light Screen|p2a: Sableye
|-sidestart|p2: Shrimpy123456|move: Light Screen
|move|p1a: Ross|Discharge|p2b: Talonflame|[spread] p2a
|-activate|p1b: Gon|move: Protect
|-activate|p2b: Talonflame|move: Protect
|-damage|p2a: Sableye|0 fnt
|faint|p2a: Sableye
|-ability|p1a: Ross|Eelevate|boost
|-boost|p1a: Ross|spa|1
|
|upkeep
|
|t:|1783000473
|switch|p2a: Clefable|Clefable, L50, F|100/100
|turn|3
|inactive|xepher008 has 30 seconds left.
|
|t:|1783000499
|switch|p1b: Cha|Sinistcha, L50|100/100
|-heal|p1a: Ross|100/100|[from] ability: Hospitality|[of] p1b: Cha
|move|p2a: Clefable|Helping Hand|p2b: Talonflame
|-singleturn|p2b: Talonflame|Helping Hand|[of] p2a: Clefable
|move|p2b: Talonflame|Overheat|p1a: Ross
|-damage|p1a: Ross|54/100
|-unboost|p2b: Talonflame|spa|2
|move|p1a: Ross|Thunderbolt|p2b: Talonflame
|-supereffective|p2b: Talonflame|1
|-damage|p2b: Talonflame|0 fnt
|faint|p2b: Talonflame
|-ability|p1a: Ross|Eelevate|boost
|-boost|p1a: Ross|spa|1
|
|upkeep
|
|t:|1783000514
|switch|p2b: Gardevoir|Gardevoir, L50, F, shiny|100/100
|-ability|p2b: Gardevoir|Eelevate|Trace|[from] ability: Trace|[of] p1a: Ross
|turn|4
|inactive|Shrimpy123456 has 30 seconds left.
|
|t:|1783000540
|detailschange|p2b: Gardevoir|Gardevoir-Mega, L50, F, shiny
|-mega|p2b: Gardevoir|Gardevoir|Gardevoirite
|move|p1a: Ross|Protect|p1a: Ross
|-singleturn|p1a: Ross|Protect
|move|p2b: Gardevoir|Hyper Voice|p1a: Ross|[spread] p1b
|-activate|p1a: Ross|move: Protect
|-damage|p1b: Cha|51/100
|move|p2a: Clefable|Moonblast|p1b: Cha
|-damage|p1b: Cha|25/100
|move|p1b: Cha|Trick Room|p1b: Cha
|-fieldstart|move: Trick Room|[of] p1b: Cha
|
|-sideend|p2: Shrimpy123456|move: Tailwind
|upkeep
|turn|5
|inactive|xepher008 has 30 seconds left.
|
|t:|1783000574
|move|p2a: Clefable|Follow Me|p2a: Clefable
|-singleturn|p2a: Clefable|move: Follow Me
|move|p1b: Cha|Life Dew|p1b: Cha|[spread] p1a,p1b
|-heal|p1a: Ross|79/100
|-heal|p1b: Cha|51/100
|move|p1a: Ross|Thunderbolt|p2a: Clefable
|-damage|p2a: Clefable|40/100
|move|p2b: Gardevoir|Hyper Voice|p1b: Cha|[spread] p1a,p1b
|-damage|p1a: Ross|22/100
|-damage|p1b: Cha|3/100
|
|-heal|p2a: Clefable|46/100|[from] item: Leftovers
|upkeep
|turn|6
|inactive|xepher008 has 30 seconds left.
|
|t:|1783000601
|move|p2a: Clefable|Follow Me|p2a: Clefable
|-singleturn|p2a: Clefable|move: Follow Me
|move|p1b: Cha|Matcha Gotcha|p2b: Gardevoir|[spread] p2b
|-miss|p1b: Cha|p2a: Clefable
|-damage|p2b: Gardevoir|83/100
|-heal|p1b: Cha|10/100|[from] drain|[of] p2b: Gardevoir
|move|p1a: Ross|Discharge|p2b: Gardevoir|[spread] p1b,p2a,p2b
|-resisted|p1b: Cha|1
|-damage|p1b: Cha|0 fnt
|-damage|p2a: Clefable|8/100
|-damage|p2b: Gardevoir|35/100
|-status|p2a: Clefable|par
|-status|p2b: Gardevoir|par
|faint|p1b: Cha
|-ability|p1a: Ross|Eelevate|boost
|-boost|p1a: Ross|spa|1
|move|p2b: Gardevoir|Hyper Voice|p1a: Ross
|-damage|p1a: Ross|0 fnt
|faint|p1a: Ross
|
|-heal|p2a: Clefable|14/100 par|[from] item: Leftovers
|-sideend|p2: Shrimpy123456|move: Light Screen
|upkeep
|inactive|xepher008 has 30 seconds left.
|
|t:|1783000626
|switch|p1b: Gon|Hydreigon, L50, M|100/100
|switch|p1a: Grim|Grimmsnarl, L50, M|100/100
|turn|7
|
|t:|1783000641
|move|p2a: Clefable|Protect|p2a: Clefable
|-singleturn|p2a: Clefable|Protect
|move|p2b: Gardevoir|Protect|p2b: Gardevoir
|-singleturn|p2b: Gardevoir|Protect
|move|p1b: Gon|Protect|p1b: Gon
|-singleturn|p1b: Gon|Protect
|move|p1a: Grim|Spirit Break|p2a: Clefable
|-activate|p2a: Clefable|move: Protect
|
|-heal|p2a: Clefable|20/100y par|[from] item: Leftovers
|upkeep
|turn|8
|inactive|xepher008 has 30 seconds left.
|
|t:|1783000668
|move|p2a: Clefable|Helping Hand|p2b: Gardevoir
|-singleturn|p2b: Gardevoir|Helping Hand|[of] p2a: Clefable
|move|p1a: Grim|Light Screen|p1a: Grim
|-sidestart|p1: xepher008|move: Light Screen
|move|p2b: Gardevoir|Hyper Voice|p1a: Grim|[spread] p1a,p1b
|-supereffective|p1a: Grim|1
|-supereffective|p1b: Gon|2
|-damage|p1a: Grim|8/100
|-enditem|p1b: Gon|Focus Sash
|-damage|p1b: Gon|1/100
|move|p1b: Gon|Earth Power|p2a: Clefable
|-damage|p2a: Clefable|0 fnt
|faint|p2a: Clefable
|
|-fieldend|move: Trick Room
|upkeep
|turn|9
|
|t:|1783000691
|move|p2b: Gardevoir|Vacuum Wave|p1b: Gon
|-supereffective|p1b: Gon|1
|-damage|p1b: Gon|0 fnt
|faint|p1b: Gon
|move|p1a: Grim|Spirit Break|p2b: Gardevoir
|-damage|p2b: Gardevoir|0 fnt
|faint|p2b: Gardevoir
|
|win|xepher008
|l|☆Shrimpy123456
|player|p2|
|inactive|xepher008 has 30 seconds to confirm battle start!
|inactive|Shrimpy123456 has 30 seconds to confirm battle start!
