|j|☆ncnxx
|j|☆new mental
|html|ncnxxnew mental    
|uhtml|bestof|Game 2 of a best-of-3
|t:|1786098211
|gametype|doubles
|player|p1|ncnxx|1|1211
|player|p2|new mental|volkner|1246
|gen|9
|tier|[Gen 9 Champions] VGC 2026 Reg M-B (Bo3)
|rated|
|rule|Species Clause: Limit one of each Pokémon
|rule|Item Clause: Limit 1 of each item
|clearpoke
|poke|p1|Charizard, L50, M|
|poke|p1|Floette-Eternal, L50, F|
|poke|p1|Whimsicott, L50, M|
|poke|p1|Garchomp, L50, F|
|poke|p1|Basculegion, L50, M|
|poke|p1|Kingambit, L50, F|
|poke|p2|Charizard, L50, F|
|poke|p2|Garchomp, L50, M|
|poke|p2|Incineroar, L50, F|
|poke|p2|Venusaur, L50, F|
|poke|p2|Toxapex, L50, M|
|poke|p2|Sylveon, L50, M|
|teampreview|4
|showteam|p1|Charizard||CharizarditeY|Blaze|HeatWave,WeatherBall,SolarBeam,Protect|Modest||M|||50|]Floette-Eternal||Floettite|FlowerVeil|DazzlingGleam,Moonblast,LightofRuin,Protect|Modest||F|||50|]Whimsicott||FocusSash|Prankster|Tailwind,Moonblast,Encore,Protect|Timid||M|||50|]Garchomp||SitrusBerry|RoughSkin|StompingTantrum,RockSlide,DragonClaw,PoisonJab|Adamant||F|||50|]Basculegion||ChoiceScarf|Adaptability|LastRespects,WaveCrash,FlipTurn,AquaJet|Jolly||M|||50|]Kingambit||LifeOrb|Defiant|SuckerPunch,KowtowCleave,IronHead,LowKick|Adamant||F|||50|
|showteam|p2|Charizard||CharizarditeY|Blaze|WeatherBall,HeatWave,AncientPower,Protect|Modest||F|||50|]Garchomp||ChoiceScarf|RoughSkin|RockSlide,DragonClaw,Earthquake,StompingTantrum|Adamant||M|||50|]Incineroar||SitrusBerry|Intimidate|FlareBlitz,FakeOut,DarkestLariat,PartingShot|Impish||F|||50|]Venusaur||LifeOrb|Chlorophyll|SludgeBomb,LeafStorm,EarthPower,Protect|Modest||F|||50|]Toxapex||Leftovers|Regenerator|Infestation,Toxic,WideGuard,BanefulBunker|Bold||M|||50|]Sylveon||FairyFeather|Pixilate|HyperVoice,QuickAttack,Yawn,Detect|Modest||M|||50|
|inactive|Battle timer is ON: inactive players will automatically lose when time's up. (requested by new mental)
|
|t:|1786098229
|teamsize|p1|4
|teamsize|p2|4
|start
|switch|p1a: Whimsicott|Whimsicott, L50, M|100/100
|switch|p1b: Kingambit|Kingambit, L50, F|100/100
|switch|p2a: Charizard|Charizard, L50, F|100/100
|switch|p2b: Toxapex|Toxapex, L50, M|100/100
|turn|1
|
|t:|1786098248
|switch|p1b: Garchomp|Garchomp, L50, F|100/100
|detailschange|p2a: Charizard|Charizard-Mega-Y, L50, F
|-mega|p2a: Charizard|Charizard|Charizardite Y
|-weather|SunnyDay|[from] ability: Drought|[of] p2a: Charizard
|move|p1a: Whimsicott|Tailwind|p1a: Whimsicott
|-sidestart|p1: ncnxx|move: Tailwind
|move|p2a: Charizard|Heat Wave|p1b: Garchomp|[spread] p1a
|-miss|p2a: Charizard|p1b: Garchomp
|-supereffective|p1a: Whimsicott|1
|-enditem|p1a: Whimsicott|Focus Sash
|-damage|p1a: Whimsicott|1/100
|move|p2b: Toxapex|Toxic|p1a: Whimsicott
|-status|p1a: Whimsicott|tox
|
|-weather|SunnyDay|[upkeep]
|-damage|p1a: Whimsicott|0 fnt|[from] psn
|faint|p1a: Whimsicott
|upkeep
|
|t:|1786098268
|switch|p1a: Floette|Floette-Eternal, L50, F|100/100
|turn|2
|
|t:|1786098278
|switch|p2a: Incineroar|Incineroar, L50, F|100/100
|-ability|p2a: Incineroar|Intimidate|boost
|-unboost|p1a: Floette|atk|1
|-unboost|p1b: Garchomp|atk|1
|detailschange|p1a: Floette|Floette-Mega, L50, F
|-mega|p1a: Floette|Floette|Floettite
|-ability|p1a: Floette|Fairy Aura
|move|p1a: Floette|Dazzling Gleam|p2a: Incineroar|[spread] p2a,p2b
|-resisted|p2b: Toxapex|1
|-damage|p2a: Incineroar|61/100
|-damage|p2b: Toxapex|82/100
|move|p1b: Garchomp|Rock Slide|p2b: Toxapex|[spread] p2a,p2b
|-supereffective|p2a: Incineroar|1
|-damage|p2a: Incineroar|41/100
|-damage|p2b: Toxapex|72/100
|-enditem|p2a: Incineroar|Sitrus Berry|[eat]
|-heal|p2a: Incineroar|66/100|[from] item: Sitrus Berry
|move|p2b: Toxapex|Toxic|p1b: Garchomp
|-status|p1b: Garchomp|tox
|
|-weather|SunnyDay|[upkeep]
|-heal|p2b: Toxapex|78/100|[from] item: Leftovers
|-damage|p1b: Garchomp|93/100 tox|[from] psn
|upkeep
|turn|3
|
|t:|1786098297
|switch|p1b: Kingambit|Kingambit, L50, F|100/100
|move|p1a: Floette|Protect|p1a: Floette
|-singleturn|p1a: Floette|Protect
|move|p2a: Incineroar|Fake Out|p1a: Floette
|-activate|p1a: Floette|move: Protect
|move|p2b: Toxapex|Infestation|p1b: Kingambit
|-damage|p1b: Kingambit|96/100
|-activate|p1b: Kingambit|move: Infestation|[of] p2b: Toxapex
|
|-weather|SunnyDay|[upkeep]
|-heal|p2b: Toxapex|84/100|[from] item: Leftovers
|-damage|p1b: Kingambit|83/100|[from] move: Infestation|[partiallytrapped]
|upkeep
|turn|4
|
|t:|1786098314
|move|p1a: Floette|Moonblast|p2a: Incineroar
|-damage|p2a: Incineroar|9/100
|-unboost|p2a: Incineroar|spa|1
|move|p1b: Kingambit|Low Kick|p2a: Incineroar
|-supereffective|p2a: Incineroar|1
|-damage|p2a: Incineroar|0 fnt
|faint|p2a: Incineroar
|-damage|p1b: Kingambit|74/100|[from] item: Life Orb
|move|p2b: Toxapex|Toxic|p1a: Floette
|-status|p1a: Floette|tox
|
|-weather|SunnyDay|[upkeep]
|-heal|p2b: Toxapex|89/100|[from] item: Leftovers
|-damage|p1a: Floette|94/100 tox|[from] psn
|-damage|p1b: Kingambit|61/100|[from] move: Infestation|[partiallytrapped]
|-sideend|p1: ncnxx|move: Tailwind
|upkeep
|
|t:|1786098328
|switch|p2a: Venusaur|Venusaur, L50, F|100/100
|turn|5
|
|t:|1786098332
|switch|p1a: Garchomp|Garchomp, L50, F|93/100 tox
|move|p2a: Venusaur|Earth Power|p1b: Kingambit
|-supereffective|p1b: Kingambit|1
|-damage|p1b: Kingambit|0 fnt
|faint|p1b: Kingambit
|-damage|p2a: Venusaur|90/100|[from] item: Life Orb
|move|p2b: Toxapex|Infestation|p1a: Garchomp
|-damage|p1a: Garchomp|91/100 tox
|-activate|p1a: Garchomp|move: Infestation|[of] p2b: Toxapex
|-damage|p2b: Toxapex|77/100|[from] ability: Rough Skin|[of] p1a: Garchomp
|
|-weather|none
|-heal|p2b: Toxapex|83/100|[from] item: Leftovers
|-damage|p1a: Garchomp|85/100 tox|[from] psn
|-damage|p1a: Garchomp|73/100 tox|[from] move: Infestation|[partiallytrapped]
|upkeep
|
|t:|1786098341
|switch|p1b: Floette|Floette-Mega, L50, F|94/100 tox
|-ability|p1b: Floette|Fairy Aura
|turn|6
|
|t:|1786098350
|-heal|p2b: Toxapex|100/100|[from] ability: Regenerator|[silent]
|switch|p2b: Charizard|Charizard-Mega-Y, L50, F|100/100
|-weather|SunnyDay|[from] ability: Drought|[of] p2b: Charizard
|move|p2a: Venusaur|Leaf Storm|p1a: Garchomp
|-damage|p1a: Garchomp|4/100 tox
|-unboost|p2a: Venusaur|spa|2
|-enditem|p1a: Garchomp|Sitrus Berry|[eat]
|-heal|p1a: Garchomp|28/100 tox|[from] item: Sitrus Berry
|-damage|p2a: Venusaur|80/100|[from] item: Life Orb
|move|p1b: Floette|Moonblast|p2a: Venusaur
|-resisted|p2a: Venusaur|1
|-damage|p2a: Venusaur|38/100
|move|p1a: Garchomp|Dragon Claw|p2a: Venusaur
|-damage|p2a: Venusaur|0 fnt
|faint|p2a: Venusaur
|
|-weather|SunnyDay|[upkeep]
|-damage|p1b: Floette|88/100 tox|[from] psn
|-damage|p1a: Garchomp|16/100 tox|[from] psn
|-end|p1a: Garchomp|Infestation|[partiallytrapped]|[silent]
|upkeep
|
|t:|1786098353
|switch|p2a: Toxapex|Toxapex, L50, M|100/100
|turn|7
|
|t:|1786098373
|move|p2b: Charizard|Protect|p2b: Charizard
|-singleturn|p2b: Charizard|Protect
|move|p2a: Toxapex|Baneful Bunker|p2a: Toxapex
|-singleturn|p2a: Toxapex|move: Protect
|move|p1b: Floette|Moonblast|p2b: Charizard
|-activate|p2b: Charizard|move: Protect
|move|p1a: Garchomp|Stomping Tantrum|p2a: Toxapex
|-activate|p2a: Toxapex|move: Protect
|
|-weather|SunnyDay|[upkeep]
|-damage|p1b: Floette|77/100 tox|[from] psn
|-damage|p1a: Garchomp|0 fnt|[from] psn
|faint|p1a: Garchomp
|upkeep
|turn|8
|
|t:|1786098379
|move|p1b: Floette|Light of Ruin|p2a: Toxapex|[miss]
|-miss|p1b: Floette|p2a: Toxapex
|move|p2b: Charizard|Weather Ball|p1b: Floette
|-damage|p1b: Floette|6/100 tox
|move|p2a: Toxapex|Infestation|p1b: Floette
|-resisted|p1b: Floette|1
|-damage|p1b: Floette|5/100 tox
|-activate|p1b: Floette|move: Infestation|[of] p2a: Toxapex
|
|-weather|SunnyDay|[upkeep]
|-damage|p1b: Floette|0 fnt|[from] psn
|faint|p1b: Floette
|
|win|new mental
|raw|ncnxx's rating: 1211 → 1186(-25 for losing)
|raw|new mental's rating: 1211 → 1236(+25 for winning)
