|j|☆Toradashi
|j|☆saboyita
|html|Toradashisaboyita    
|uhtml|bestof|Game 2 of a best-of-3
|t:|1756344898
|gametype|doubles
|player|p1|Toradashi|drayden|1077
|player|p2|saboyita|grimsley|1180
|gen|9
|tier|[Gen 9] VGC 2025 Reg H (Bo3)
|rated|
|rule|Species Clause: Limit one of each Pokémon
|rule|Item Clause: Limit 1 of each item
|clearpoke
|poke|p1|Dragonite, L50, M|
|poke|p1|Ursaluna-Bloodmoon, L50, M|
|poke|p1|Archaludon, L50, M|
|poke|p1|Whimsicott, L50, F|
|poke|p1|Gholdengo, L50|
|poke|p1|Incineroar, L50, M|
|poke|p2|Amoonguss, L50, F|
|poke|p2|Hydreigon, L50, M|
|poke|p2|Whimsicott, L50, M|
|poke|p2|Maushold-Four, L50|
|poke|p2|Annihilape, L50, M|
|poke|p2|Ursaluna-Bloodmoon, L50, M|
|teampreview|4
|showteam|p1|Dragonite||LoadedDice|Multiscale|ScaleShot,ExtremeSpeed,IceSpinner,Protect|||M|||50|,,,,,Fairy]Ursaluna-Bloodmoon||AssaultVest|MindsEye|BloodMoon,HyperVoice,EarthPower,VacuumWave|||M|||50|,,,,,Water]Archaludon||PowerHerb|Sturdy|ElectroShot,FlashCannon,DracoMeteor,Protect|||M|||50|,,,,,Stellar]Whimsicott||CovertCloak|Prankster|FakeTears,Tailwind,Encore,Moonblast|||F|||50|,,,,,Poison]Gholdengo||ChoiceSpecs|GoodasGold|MakeItRain,ShadowBall,PowerGem,SteelBeam||||||50|,,,,,Flying]Incineroar||MirrorHerb|Intimidate|FakeOut,PartingShot,KnockOff,FlareBlitz|||M|||50|,,,,,Ghost
|showteam|p2|Amoonguss||MentalHerb|Regenerator|ClearSmog,Spore,RagePowder,Protect|||F|||50|,,,,,Water]Hydreigon||ChoiceSpecs|Levitate|Snarl,HeatWave,DarkPulse,DracoMeteor|||M|||50|,,,,,Ghost]Whimsicott||CovertCloak|Prankster|BeatUp,Encore,HelpingHand,Tailwind|||M|||50|,,,,,Dark]Maushold-Four||WideLens|Technician|PopulationBomb,Taunt,FollowMe,Protect||||||50|,,,,,Ghost]Annihilape||Leftovers|Defiant|RageFist,CloseCombat,FinalGambit,Protect|||M|||50|,,,,,Water]Ursaluna-Bloodmoon||LifeOrb|MindsEye|HyperVoice,EarthPower,BloodMoon,Protect|||M|||50|,,,,,Water
|inactive|Battle timer is ON: inactive players will automatically lose when time's up. (requested by Toradashi)
|inactive|saboyita also wants the timer to be on.
|inactive|Toradashi has 60 seconds left.
|inactive|Toradashi has 30 seconds left.
|inactive|Toradashi has 20 seconds left.
|inactive|Toradashi has 15 seconds left.
|inactive|Toradashi has 10 seconds left.
|inactive|Toradashi has 5 seconds left.
|
|t:|1756344984
|teamsize|p1|4
|teamsize|p2|4
|start
|switch|p1a: Archaludon|Archaludon, L50, M, shiny|100/100
|switch|p1b: Quinn|Whimsicott, L50, F, shiny|100/100
|switch|p2a: Whimsicott|Whimsicott, L50, M|100/100
|switch|p2b: Annihilape|Annihilape, L50, M|100/100
|turn|1
|inactive|Toradashi has 30 seconds left.
|
|t:|1756345017
|switch|p2b: Ursaluna|Ursaluna-Bloodmoon, L50, M|100/100
|move|p2a: Whimsicott|Tailwind|p2a: Whimsicott
|-sidestart|p2: saboyita|move: Tailwind
|move|p1b: Quinn|Tailwind|p1b: Quinn
|-sidestart|p1: Toradashi|move: Tailwind
|move|p1a: Archaludon|Flash Cannon|p2a: Whimsicott
|-supereffective|p2a: Whimsicott
|-damage|p2a: Whimsicott|0 fnt
|faint|p2a: Whimsicott
|
|upkeep
|
|t:|1756345030
|switch|p2a: Annihilape|Annihilape, L50, M|100/100
|turn|2
|inactive|saboyita has 30 seconds left.
|
|t:|1756345060
|switch|p1a: Kenji|Incineroar, L50, M|100/100
|-ability|p1a: Kenji|Intimidate|boost
|-unboost|p2a: Annihilape|atk|1
|-ability|p2a: Annihilape|Defiant|boost
|-boost|p2a: Annihilape|atk|2
|-unboost|p2b: Ursaluna|atk|1
|-enditem|p1a: Kenji|Mirror Herb
|-boost|p1a: Kenji|atk|2|[from] item: Mirror Herb
|move|p2a: Annihilape|Protect|p2a: Annihilape
|-singleturn|p2a: Annihilape|Protect
|move|p1b: Quinn|Fake Tears|p2b: Ursaluna
|-unboost|p2b: Ursaluna|spd|2
|move|p2b: Ursaluna|Hyper Voice|p1b: Quinn|[spread] p1a,p1b
|-damage|p1a: Kenji|52/100
|-damage|p1b: Quinn|39/100
|-damage|p2b: Ursaluna|91/100|[from] item: Life Orb
|
|upkeep
|turn|3
|inactive|Toradashi has 30 seconds left.
|
|t:|1756345090
|move|p1a: Kenji|Fake Out|p2b: Ursaluna
|-damage|p2b: Ursaluna|74/100
|move|p1b: Quinn|Encore|p2a: Annihilape
|-start|p2a: Annihilape|Encore
|move|p2a: Annihilape|Protect||[still]
|-fail|p2a: Annihilape
|cant|p2b: Ursaluna|flinch
|
|upkeep
|turn|4
|inactive|Toradashi has 30 seconds left.
|inactive|Toradashi has 20 seconds left.
|
|t:|1756345127
|switch|p1b: Jinu|Gholdengo, L50|100/100
|move|p2a: Annihilape|Protect|p2a: Annihilape
|-singleturn|p2a: Annihilape|Protect
|move|p1a: Kenji|Knock Off|p2b: Ursaluna
|-damage|p2b: Ursaluna|14/100
|-enditem|p2b: Ursaluna|Life Orb|[from] move: Knock Off|[of] p1a: Kenji
|move|p2b: Ursaluna|Hyper Voice|p1b: Jinu|[spread] p1a,p1b
|-resisted|p1b: Jinu
|-damage|p1a: Kenji|16/100
|-damage|p1b: Jinu|78/100
|
|-sideend|p1: Toradashi|move: Tailwind
|-sideend|p2: saboyita|move: Tailwind
|upkeep
|turn|5
|
|t:|1756345150
|-terastallize|p2a: Annihilape|Water
|move|p2a: Annihilape|Protect||[still]
|-fail|p2a: Annihilape
|move|p1b: Jinu|Shadow Ball|p2a: Annihilape
|-damage|p2a: Annihilape|32/100
|move|p1a: Kenji|Knock Off|p2b: Ursaluna
|-damage|p2b: Ursaluna|0 fnt
|faint|p2b: Ursaluna
|
|-heal|p2a: Annihilape|38/100|[from] item: Leftovers
|-end|p2a: Annihilape|Encore
|upkeep
|
|t:|1756345161
|switch|p2b: Hydreigon|Hydreigon, L50, M|100/100
|turn|6
|inactive|Toradashi has 30 seconds left.
|inactive|saboyita has 30 seconds left.
|inactive|saboyita has 20 seconds left.
|
|t:|1756345201
|move|p2b: Hydreigon|Snarl|p1a: Kenji|[spread] p1b
|-miss|p2b: Hydreigon|p1a: Kenji
|-supereffective|p1b: Jinu
|-damage|p1b: Jinu|0 fnt
|faint|p1b: Jinu
|move|p2a: Annihilape|Rage Fist|p1a: Kenji
|-resisted|p1a: Kenji
|-damage|p1a: Kenji|0 fnt
|faint|p1a: Kenji
|
|-heal|p2a: Annihilape|44/100|[from] item: Leftovers
|upkeep
|
|t:|1756345212
|switch|p1b: Quinn|Whimsicott, L50, F, shiny|39/100
|switch|p1a: Archaludon|Archaludon, L50, M, shiny|100/100
|turn|7
|inactive|Toradashi has 30 seconds left.
|inactive|Toradashi has 20 seconds left.
|inactive|Toradashi has 15 seconds left.
|inactive|saboyita has 30 seconds left.
|
|t:|1756345263
|-terastallize|p1a: Archaludon|Stellar
|move|p1b: Quinn|Tailwind|p1b: Quinn
|-sidestart|p1: Toradashi|move: Tailwind
|move|p1a: Archaludon|Draco Meteor|p2b: Hydreigon
|-supereffective|p2b: Hydreigon
|-damage|p2b: Hydreigon|0 fnt
|-unboost|p1a: Archaludon|spa|2
|faint|p2b: Hydreigon
|move|p2a: Annihilape|Rage Fist|p1a: Archaludon
|-damage|p1a: Archaludon|41/100
|
|-heal|p2a: Annihilape|50/100|[from] item: Leftovers
|upkeep
|turn|8
|inactive|Toradashi has 30 seconds left.
|
|t:|1756345294
|move|p1b: Quinn|Fake Tears|p2a: Annihilape
|-unboost|p2a: Annihilape|spd|2
|-ability|p2a: Annihilape|Defiant|boost
|-boost|p2a: Annihilape|atk|2
|move|p1a: Archaludon|Electro Shot||[still]
|-prepare|p1a: Archaludon|Electro Shot
|-boost|p1a: Archaludon|spa|1
|-enditem|p1a: Archaludon|Power Herb
|-anim|p1a: Archaludon|Electro Shot|p2a: Annihilape
|-supereffective|p2a: Annihilape
|-crit|p2a: Annihilape
|-damage|p2a: Annihilape|0 fnt
|faint|p2a: Annihilape
|
|win|Toradashi
|raw|Toradashi's rating: 1077 → 1114(+37 for winning)
|raw|saboyita's rating: 1180 → 1148(-32 for losing)
