|j|☆ikeharuta1712
|j|☆ToastedArt
|html|ikeharuta1712ToastedArt    
|uhtml|bestof|Game 2 of a best-of-3
|t:|1785328500
|gametype|doubles
|player|p1|ikeharuta1712|2|1090
|player|p2|ToastedArt|artist|1109
|gen|9
|tier|[Gen 9 Champions] VGC 2026 Reg M-B (Bo3)
|rated|
|rule|Species Clause: Limit one of each Pokémon
|rule|Item Clause: Limit 1 of each item
|clearpoke
|poke|p1|Tyranitar, L50, M|
|poke|p1|Excadrill, L50, F|
|poke|p1|Whimsicott, L50, M|
|poke|p1|Incineroar, L50, F|
|poke|p1|Milotic, L50, F|
|poke|p1|Farigiraf, L50, F|
|poke|p2|Floette-Eternal, L50, F|
|poke|p2|Sneasler, L50, F|
|poke|p2|Incineroar, L50, M|
|poke|p2|Sinistcha, L50|
|poke|p2|Rotom-Wash, L50|
|poke|p2|Falinks, L50, shiny|
|teampreview|4
|showteam|p1|Tyranitar||Tyranitarite|SandStream|RockSlide,Protect,KnockOff,DragonDance|Adamant||M|||50|]Excadrill||FocusSash|SandRush|IronHead,Protect,Earthquake,SwordsDance|Adamant||F|||50|]Whimsicott||OccaBerry|Prankster|Tailwind,Moonblast,Encore,Protect|Timid||M|||50|]Incineroar||BabiriBerry|Intimidate|FakeOut,PartingShot,FlareBlitz,Protect|Adamant||F|||50|]Milotic||Leftovers|Competitive|Protect,MuddyWater,Coil,IcyWind|Calm||F|||50|]Farigiraf||SitrusBerry|ArmorTail|TrickRoom,HelpingHand,Psychic,Protect|Bold||F|||50|
|showteam|p2|Floette-Eternal||Floettite|FlowerVeil|Moonblast,CalmMind,DazzlingGleam,Protect|Modest||F|||50|]Sneasler||FocusSash|PoisonTouch|CloseCombat,DireClaw,FakeOut,Coaching|Jolly||F|||50|]Incineroar||SitrusBerry|Intimidate|PartingShot,ThroatChop,FakeOut,FlareBlitz|Careful||M|||50|]Sinistcha||OccaBerry|Hospitality|MatchaGotcha,TrickRoom,RagePowder,Protect|Relaxed|||||50|]Rotom-Wash||ChoiceScarf|Levitate|Electroweb,VoltSwitch,HydroPump,WillOWisp|Timid|||||50|]Falinks||Falinksite|Defiant|NoRetreat,CloseCombat,RockSlide,Protect|Adamant|||||50|
|inactive|Battle timer is ON: inactive players will automatically lose when time's up. (requested by ToastedArt)
|inactive|ikeharuta1712 has 60 seconds left.
|inactive|ToastedArt has 60 seconds left.
|
|t:|1785328551
|teamsize|p1|4
|teamsize|p2|4
|start
|switch|p1a: Farigiraf|Farigiraf, L50, F|100/100
|switch|p1b: Milotic|Milotic, L50, F|100/100
|switch|p2a: Falinks|Falinks, L50, shiny|100/100
|switch|p2b: Sneasler|Sneasler, L50, F|100/100
|turn|1
|
|t:|1785328570
|detailschange|p2a: Falinks|Falinks-Mega, L50, shiny
|-mega|p2a: Falinks|Falinks|Falinksite
|move|p2b: Sneasler|Close Combat|p1a: Farigiraf
|-damage|p1a: Farigiraf|53/100
|-unboost|p2b: Sneasler|def|1
|-unboost|p2b: Sneasler|spd|1
|-status|p1a: Farigiraf|psn|[from] ability: Poison Touch|[of] p2b: Sneasler
|move|p2a: Falinks|Close Combat|p1a: Farigiraf
|-damage|p1a: Farigiraf|4/100 psn
|-unboost|p2a: Falinks|def|1
|-unboost|p2a: Falinks|spd|1
|-enditem|p1a: Farigiraf|Sitrus Berry|[eat]
|-heal|p1a: Farigiraf|29/100 psn|[from] item: Sitrus Berry
|move|p1b: Milotic|Coil|p1b: Milotic
|-boost|p1b: Milotic|atk|1
|-boost|p1b: Milotic|def|1
|-boost|p1b: Milotic|accuracy|1
|move|p1a: Farigiraf|Trick Room|p1a: Farigiraf
|-fieldstart|move: Trick Room|[of] p1a: Farigiraf
|
|-damage|p1a: Farigiraf|17/100 psn|[from] psn
|upkeep
|turn|2
|inactive|ikeharuta1712 has 30 seconds left.
|inactive|ToastedArt has 30 seconds left.
|
|t:|1785328602
|switch|p2a: Sinistcha|Sinistcha, L50|100/100
|move|p1a: Farigiraf|Psychic|p2b: Sneasler
|-supereffective|p2b: Sneasler|2
|-enditem|p2b: Sneasler|Focus Sash
|-damage|p2b: Sneasler|1/100
|move|p1b: Milotic|Muddy Water|p2a: Sinistcha|[spread] p2a,p2b
|-resisted|p2a: Sinistcha|1
|-crit|p2a: Sinistcha
|-damage|p2a: Sinistcha|83/100
|-damage|p2b: Sneasler|0 fnt
|-unboost|p2a: Sinistcha|accuracy|1
|faint|p2b: Sneasler
|
|-damage|p1a: Farigiraf|5/100 psn|[from] psn
|upkeep
|
|t:|1785328610
|switch|p2b: Falinks|Falinks-Mega, L50, shiny|100/100
|turn|3
|inactive|ikeharuta1712 has 30 seconds left.
|inactive|ikeharuta1712 has 20 seconds left.
|
|t:|1785328647
|move|p2b: Falinks|Protect|p2b: Falinks
|-singleturn|p2b: Falinks|Protect
|move|p1a: Farigiraf|Psychic|p2b: Falinks
|-activate|p2b: Falinks|move: Protect
|move|p1b: Milotic|Coil|p1b: Milotic
|-boost|p1b: Milotic|atk|1
|-boost|p1b: Milotic|def|1
|-boost|p1b: Milotic|accuracy|1
|move|p2a: Sinistcha|Trick Room|p2a: Sinistcha
|-fieldend|move: Trick Room
|
|-damage|p1a: Farigiraf|0 fnt|[from] psn
|faint|p1a: Farigiraf
|upkeep
|
|t:|1785328661
|switch|p1a: Tyranitar|Tyranitar, L50, M|100/100
|-weather|Sandstorm|[from] ability: Sand Stream|[of] p1a: Tyranitar
|turn|4
|
|t:|1785328670
|move|p1a: Tyranitar|Protect|p1a: Tyranitar
|-singleturn|p1a: Tyranitar|Protect
|move|p2a: Sinistcha|Rage Powder|p2a: Sinistcha
|-singleturn|p2a: Sinistcha|move: Rage Powder
|move|p2b: Falinks|No Retreat|p2b: Falinks
|-boost|p2b: Falinks|atk|1
|-boost|p2b: Falinks|def|1
|-boost|p2b: Falinks|spa|1
|-boost|p2b: Falinks|spd|1
|-boost|p2b: Falinks|spe|1
|-start|p2b: Falinks|move: No Retreat
|move|p1b: Milotic|Icy Wind|p2a: Sinistcha|[spread] p2a,p2b
|-supereffective|p2a: Sinistcha|1
|-damage|p2a: Sinistcha|66/100
|-damage|p2b: Falinks|90/100
|-unboost|p2a: Sinistcha|spe|1
|-unboost|p2b: Falinks|spe|1
|-ability|p2b: Falinks|Defiant|boost
|-boost|p2b: Falinks|atk|2
|
|-weather|Sandstorm|[upkeep]
|-damage|p2b: Falinks|84/100|[from] Sandstorm
|-damage|p1b: Milotic|94/100|[from] Sandstorm
|-damage|p2a: Sinistcha|60/100|[from] Sandstorm
|-heal|p1b: Milotic|100/100|[from] item: Leftovers
|upkeep
|turn|5
|inactive|ikeharuta1712 has 30 seconds left.
|
|t:|1785328699
|detailschange|p1a: Tyranitar|Tyranitar-Mega, L50, M
|-mega|p1a: Tyranitar|Tyranitar|Tyranitarite
|move|p2b: Falinks|Close Combat|p1a: Tyranitar
|-supereffective|p1a: Tyranitar|2
|-damage|p1a: Tyranitar|0 fnt
|-unboost|p2b: Falinks|def|1
|-unboost|p2b: Falinks|spd|1
|faint|p1a: Tyranitar
|move|p1b: Milotic|Muddy Water|p2a: Sinistcha|[spread] p2a,p2b
|-resisted|p2a: Sinistcha|1
|-damage|p2a: Sinistcha|50/100y
|-damage|p2b: Falinks|50/100y
|-unboost|p2b: Falinks|accuracy|1
|-ability|p2b: Falinks|Defiant|boost
|-boost|p2b: Falinks|atk|2
|move|p2a: Sinistcha|Matcha Gotcha|p1b: Milotic|[miss]
|-miss|p2a: Sinistcha|p1b: Milotic
|
|-weather|Sandstorm|[upkeep]
|-damage|p2b: Falinks|43/100|[from] Sandstorm
|-damage|p1b: Milotic|94/100|[from] Sandstorm
|-damage|p2a: Sinistcha|43/100|[from] Sandstorm
|-heal|p1b: Milotic|100/100|[from] item: Leftovers
|upkeep
|
|t:|1785328717
|switch|p1a: Excadrill|Excadrill, L50, F|100/100
|turn|6
|
|t:|1785328730
|move|p1a: Excadrill|Earthquake|p2a: Sinistcha|[spread] p1b,p2a,p2b
|-resisted|p2a: Sinistcha|1
|-damage|p1b: Milotic|79/100
|-damage|p2a: Sinistcha|24/100
|-damage|p2b: Falinks|1/100
|move|p2b: Falinks|Close Combat|p1a: Excadrill|[miss]
|-miss|p2b: Falinks|p1a: Excadrill
|move|p1b: Milotic|Muddy Water|p2a: Sinistcha|[spread] p2a,p2b
|-resisted|p2a: Sinistcha|1
|-damage|p2a: Sinistcha|12/100
|-damage|p2b: Falinks|0 fnt
|faint|p2b: Falinks
|move|p2a: Sinistcha|Matcha Gotcha|p1b: Milotic|[spread] p1a,p1b
|-supereffective|p1b: Milotic|1
|-damage|p1a: Excadrill|68/100
|-heal|p2a: Sinistcha|29/100|[from] drain|[of] p1a: Excadrill
|-damage|p1b: Milotic|49/100
|-heal|p2a: Sinistcha|46/100|[from] drain|[of] p1b: Milotic
|
|-weather|Sandstorm|[upkeep]
|-damage|p1b: Milotic|43/100|[from] Sandstorm
|-damage|p2a: Sinistcha|39/100|[from] Sandstorm
|-heal|p1b: Milotic|49/100|[from] item: Leftovers
|upkeep
|
|t:|1785328739
|switch|p2b: Rotom|Rotom-Wash, L50|100/100
|turn|7
|
|t:|1785328760
|move|p1b: Milotic|Protect|p1b: Milotic
|-singleturn|p1b: Milotic|Protect
|move|p1a: Excadrill|Iron Head|p2b: Rotom
|-resisted|p2b: Rotom|2
|-crit|p2b: Rotom
|-damage|p2b: Rotom|79/100
|move|p2b: Rotom|Hydro Pump|p1a: Excadrill
|-supereffective|p1a: Excadrill|1
|-damage|p1a: Excadrill|0 fnt
|faint|p1a: Excadrill
|move|p2a: Sinistcha|Matcha Gotcha|p1b: Milotic
|-activate|p1b: Milotic|move: Protect
|
|-weather|Sandstorm|[upkeep]
|-damage|p2b: Rotom|73/100|[from] Sandstorm
|-damage|p1b: Milotic|43/100|[from] Sandstorm
|-damage|p2a: Sinistcha|33/100|[from] Sandstorm
|-heal|p1b: Milotic|49/100|[from] item: Leftovers
|upkeep
|turn|8
|
|t:|1785328779
|move|p2b: Rotom|Hydro Pump|p1b: Milotic|[miss]
|-miss|p2b: Rotom|p1b: Milotic
|move|p1b: Milotic|Muddy Water|p2a: Sinistcha|[spread] p2a,p2b
|-resisted|p2a: Sinistcha|1
|-resisted|p2b: Rotom|1
|-damage|p2a: Sinistcha|23/100
|-damage|p2b: Rotom|61/100
|move|p2a: Sinistcha|Matcha Gotcha|p1b: Milotic
|-supereffective|p1b: Milotic|1
|-damage|p1b: Milotic|4/100
|-heal|p2a: Sinistcha|48/100|[from] drain|[of] p1b: Milotic
|
|-weather|none
|-heal|p1b: Milotic|10/100|[from] item: Leftovers
|upkeep
|turn|9
|
|t:|1785328792
|move|p2b: Rotom|Hydro Pump|p1b: Milotic
|-resisted|p1b: Milotic|1
|-damage|p1b: Milotic|0 fnt
|faint|p1b: Milotic
|
|win|ToastedArt
|raw|ikeharuta1712's rating: 1090 → 1068(-22 for losing)
|raw|ToastedArt's rating: 1109 → 1133(+24 for winning)
