|j|☆bimbo mafioso
|j|☆Nerd-3049
|html|bimbo mafiosoNerd-3049    
|uhtml|bestof|Game 1 of a best-of-3
|t:|1757189276
|gametype|doubles
|player|p1|bimbo mafioso|swimmerf|1183
|player|p2|Nerd-3049|psychic-gen4|1087
|gen|9
|tier|[Gen 9] VGC 2025 Reg H (Bo3)
|rated|
|rule|Species Clause: Limit one of each Pokémon
|rule|Item Clause: Limit 1 of each item
|clearpoke
|poke|p1|Amoonguss, L50, F|
|poke|p1|Dragonite, L50, M|
|poke|p1|Incineroar, L50, M|
|poke|p1|Sneasler, L50, F|
|poke|p1|Ursaluna-Bloodmoon, L50, M|
|poke|p1|Gholdengo, L50|
|poke|p2|Samurott-Hisui, L50, M|
|poke|p2|Grimmsnarl, L50, M|
|poke|p2|Meowscarada, L50, M|
|poke|p2|Incineroar, L50, M|
|poke|p2|Kingambit, L50, M|
|poke|p2|Tyranitar, L50, F|
|teampreview|4
|showteam|p1|Amoonguss||SitrusBerry|Regenerator|Spore,RagePowder,PollenPuff,Protect|||F|||50|,,,,,Water]Dragonite||LoadedDice|Multiscale|ScaleShot,Tailwind,Haze,Protect|||M|||50|,,,,,Fairy]Incineroar||SafetyGoggles|Intimidate|FakeOut,KnockOff,FlareBlitz,PartingShot|||M|||50|,,,,,Ghost]Sneasler||FocusSash|Unburden|CloseCombat,DireClaw,Coaching,Protect|||F|||50|,,,,,Stellar]Ursaluna-Bloodmoon||AssaultVest|MindsEye|HyperVoice,EarthPower,BloodMoon,VacuumWave|||M|||50|,,,,,Poison]Gholdengo||LifeOrb|GoodasGold|MakeItRain,ShadowBall,NastyPlot,Protect||||||50|,,,,,Water
|showteam|p2|Samurott-Hisui||AssaultVest|Sharpness|AquaCutter,AquaJet,CeaselessEdge,SacredSword|||M|||50|,,,,,Fairy]Grimmsnarl||LightClay|Prankster|ThunderWave,SpiritBreak,Reflect,LightScreen|||M|||50|,,,,,Ghost]Meowscarada||FocusSash|Overgrow|FlowerTrick,KnockOff,Uturn,Protect|||M|||50|,,,,,Grass]Incineroar||SafetyGoggles|Intimidate|KnockOff,WillOWisp,PartingShot,FakeOut|||M|||50|,,,,,Ghost]Kingambit||BlackGlasses|Defiant|KowtowCleave,SuckerPunch,Protect,LowKick|||M|||50|,,,,,Flying]Tyranitar||ClearAmulet|SandStream|RockSlide,KnockOff,DragonDance,Protect|||F|||50|,,,,,Ghost
|inactive|Battle timer is ON: inactive players will automatically lose when time's up. (requested by bimbo mafioso)
|c|☆bimbo mafioso|huh
|c|☆bimbo mafioso|full dark types
|c|☆bimbo mafioso|interesting
|c|☆bimbo mafioso|you must hate prankster
|inactive|bimbo mafioso has 60 seconds left.
|inactive|bimbo mafioso has 30 seconds left.
|inactive|bimbo mafioso has 20 seconds left.
|inactive|bimbo mafioso has 15 seconds left.
|inactive|bimbo mafioso has 10 seconds left.
|inactive|bimbo mafioso has 5 seconds left.
|
|t:|1757189364
|teamsize|p1|4
|teamsize|p2|4
|start
|switch|p1a: Dragonite|Dragonite, L50, M|100/100
|switch|p1b: Ursaluna|Ursaluna-Bloodmoon, L50, M|100/100
|switch|p2a: Grimmsnarl|Grimmsnarl, L50, M|100/100
|switch|p2b: Tyranitar|Tyranitar, L50, F|100/100
|-weather|Sandstorm|[from] ability: Sand Stream|[of] p2b: Tyranitar
|turn|1
|
|t:|1757189389
|move|p2a: Grimmsnarl|Light Screen|p2a: Grimmsnarl
|-sidestart|p2: Nerd-3049|move: Light Screen
|move|p1a: Dragonite|Scale Shot|p2b: Tyranitar|[miss]
|-miss|p1a: Dragonite|p2b: Tyranitar
|move|p2b: Tyranitar|Dragon Dance|p2b: Tyranitar
|-boost|p2b: Tyranitar|atk|1
|-boost|p2b: Tyranitar|spe|1
|move|p1b: Ursaluna|Earth Power|p2b: Tyranitar
|-supereffective|p2b: Tyranitar
|-damage|p2b: Tyranitar|62/100
|
|-weather|Sandstorm|[upkeep]
|-damage|p1a: Dragonite|95/100|[from] Sandstorm
|-damage|p2a: Grimmsnarl|95/100|[from] Sandstorm
|upkeep
|turn|2
|inactive|bimbo mafioso has 30 seconds left.
|
|t:|1757189414
|-terastallize|p1a: Dragonite|Fairy
|move|p2a: Grimmsnarl|Reflect|p2a: Grimmsnarl
|-sidestart|p2: Nerd-3049|Reflect
|move|p2b: Tyranitar|Rock Slide|p1b: Ursaluna|[spread] p1a,p1b
|-crit|p1a: Dragonite
|-resisted|p1b: Ursaluna
|-damage|p1a: Dragonite|26/100
|-damage|p1b: Ursaluna|86/100
|move|p1a: Dragonite|Scale Shot|p2b: Tyranitar
|-damage|p2b: Tyranitar|53/100
|-damage|p2b: Tyranitar|45/100
|-damage|p2b: Tyranitar|37/100
|-damage|p2b: Tyranitar|29/100
|-damage|p2b: Tyranitar|21/100
|-hitcount|p2b: Tyranitar|5
|-unboost|p1a: Dragonite|def|1
|-boost|p1a: Dragonite|spe|1
|move|p1b: Ursaluna|Earth Power|p2b: Tyranitar
|-supereffective|p2b: Tyranitar
|-damage|p2b: Tyranitar|0 fnt
|faint|p2b: Tyranitar
|
|-weather|Sandstorm|[upkeep]
|-damage|p1a: Dragonite|20/100|[from] Sandstorm
|-damage|p2a: Grimmsnarl|89/100|[from] Sandstorm
|upkeep
|
|t:|1757189433
|switch|p2b: Incineroar|Incineroar, L50, M|100/100
|-ability|p2b: Incineroar|Intimidate|boost
|-unboost|p1a: Dragonite|atk|1
|-unboost|p1b: Ursaluna|atk|1
|turn|3
|l|☆bimbo mafioso
|inactive|bimbo mafioso disconnected and has a minute to reconnect!
|player|p1|
|j|☆bimbo mafioso
|inactive|bimbo mafioso reconnected and has 35 seconds left.
|player|p1|bimbo mafioso|swimmerf|
|inactive|bimbo mafioso has 30 seconds left.
|
|t:|1757189463
|switch|p1b: Incineroar|Incineroar, L50, M|100/100
|-ability|p1b: Incineroar|Intimidate|boost
|-unboost|p2a: Grimmsnarl|atk|1
|-unboost|p2b: Incineroar|atk|1
|move|p1a: Dragonite|Protect|p1a: Dragonite
|-singleturn|p1a: Dragonite|Protect
|move|p2b: Incineroar|Fake Out|p1b: Incineroar
|-damage|p1b: Incineroar|94/100
|move|p2a: Grimmsnarl|Spirit Break|p1b: Incineroar
|-damage|p1b: Incineroar|74/100
|-unboost|p1b: Incineroar|spa|1
|
|-weather|Sandstorm|[upkeep]
|-damage|p1a: Dragonite|14/100|[from] Sandstorm
|-damage|p2a: Grimmsnarl|83/100|[from] Sandstorm
|upkeep
|turn|4
|
|t:|1757189484
|move|p1b: Incineroar|Fake Out|p2a: Grimmsnarl
|-damage|p2a: Grimmsnarl|75/100
|move|p1a: Dragonite|Tailwind|p1a: Dragonite
|-sidestart|p1: bimbo mafioso|move: Tailwind
|move|p2b: Incineroar|Parting Shot|p1b: Incineroar
|-unboost|p1b: Incineroar|atk|1
|-unboost|p1b: Incineroar|spa|1
|
|t:|1757189492
|switch|p2b: Meowscarada|Meowscarada, L50, M|100/100|[from] Parting Shot
|cant|p2a: Grimmsnarl|flinch
|
|-weather|Sandstorm|[upkeep]
|-damage|p1a: Dragonite|8/100|[from] Sandstorm
|-damage|p2b: Meowscarada|95/100|[from] Sandstorm
|-damage|p2a: Grimmsnarl|69/100|[from] Sandstorm
|upkeep
|turn|5
|
|t:|1757189504
|move|p1a: Dragonite|Haze|p1a: Dragonite
|-clearallboost
|move|p2b: Meowscarada|U-turn|p1a: Dragonite
|-resisted|p1a: Dragonite
|-damage|p1a: Dragonite|0 fnt
|faint|p1a: Dragonite
|
|t:|1757189509
|switch|p2b: Incineroar|Incineroar, L50, M|100/100|[from] U-turn
|-ability|p2b: Incineroar|Intimidate|boost
|-unboost|p1b: Incineroar|atk|1
|move|p1b: Incineroar|Flare Blitz|p2b: Incineroar
|-resisted|p2b: Incineroar
|-crit|p2b: Incineroar
|-damage|p2b: Incineroar|66/100
|-damage|p1b: Incineroar|63/100|[from] Recoil
|move|p2a: Grimmsnarl|Spirit Break|p1b: Incineroar
|-damage|p1b: Incineroar|35/100
|-unboost|p1b: Incineroar|spa|1
|
|-weather|none
|upkeep
|
|t:|1757189523
|switch|p1a: Sneasler|Sneasler, L50, F|100/100
|turn|6
|
|t:|1757189535
|move|p1a: Sneasler|Protect|p1a: Sneasler
|-singleturn|p1a: Sneasler|Protect
|move|p1b: Incineroar|Parting Shot|p2a: Grimmsnarl
|-unboost|p2a: Grimmsnarl|atk|1
|-unboost|p2a: Grimmsnarl|spa|1
|
|t:|1757189541
|switch|p1b: Ursaluna|Ursaluna-Bloodmoon, L50, M|86/100|[from] Parting Shot
|move|p2b: Incineroar|Will-O-Wisp|p1a: Sneasler
|-activate|p1a: Sneasler|move: Protect
|move|p2a: Grimmsnarl|Spirit Break|p1b: Ursaluna
|-damage|p1b: Ursaluna|70/100
|-unboost|p1b: Ursaluna|spa|1
|
|upkeep
|turn|7
|
|t:|1757189565
|-terastallize|p2b: Incineroar|Ghost
|move|p1a: Sneasler|Dire Claw|p2a: Grimmsnarl
|-supereffective|p2a: Grimmsnarl
|-damage|p2a: Grimmsnarl|14/100
|-status|p2a: Grimmsnarl|par
|move|p1b: Ursaluna|Blood Moon|p2a: Grimmsnarl
|-damage|p2a: Grimmsnarl|0 fnt
|faint|p2a: Grimmsnarl
|move|p2b: Incineroar|Will-O-Wisp|p1a: Sneasler
|-status|p1a: Sneasler|brn
|
|-damage|p1a: Sneasler|95/100 brn|[from] brn
|-sideend|p1: bimbo mafioso|move: Tailwind
|upkeep
|
|t:|1757189577
|switch|p2a: Meowscarada|Meowscarada, L50, M|95/100
|turn|8
|
|t:|1757189590
|switch|p1b: Incineroar|Incineroar, L50, M|35/100
|-ability|p1b: Incineroar|Intimidate|boost
|-unboost|p2a: Meowscarada|atk|1
|-unboost|p2b: Incineroar|atk|1
|move|p2a: Meowscarada|Knock Off|p1b: Incineroar
|-resisted|p1b: Incineroar
|-damage|p1b: Incineroar|21/100
|-enditem|p1b: Incineroar|Safety Goggles|[from] move: Knock Off|[of] p2a: Meowscarada
|move|p1a: Sneasler|Dire Claw|p2a: Meowscarada
|-supereffective|p2a: Meowscarada
|-crit|p2a: Meowscarada
|-damage|p2a: Meowscarada|0 fnt
|faint|p2a: Meowscarada
|move|p2b: Incineroar|Knock Off|p1b: Incineroar
|-resisted|p1b: Incineroar
|-damage|p1b: Incineroar|13/100
|
|-damage|p1a: Sneasler|89/100 brn|[from] brn
|-sideend|p2: Nerd-3049|move: Light Screen
|upkeep
|turn|9
|-message|Nerd-3049 forfeited.
|
|win|bimbo mafioso
|l|☆Nerd-3049
|player|p2|
|raw|bimbo mafioso's rating: 1183 → 1201(+18 for winning)
|raw|Nerd-3049's rating: 1087 → 1070(-17 for losing)
