|j|☆pechugadepollico
|j|☆cillianvgc
|html|pechugadepollicocillianvgc    
|uhtml|bestof|Game 1 of a best-of-3
|t:|1785335122
|gametype|doubles
|player|p1|pechugadepollico|102|1222
|player|p2|cillianvgc|nate|1282
|gen|9
|tier|[Gen 9 Champions] VGC 2026 Reg M-B (Bo3)
|rated|
|rule|Species Clause: Limit one of each Pokémon
|rule|Item Clause: Limit 1 of each item
|clearpoke
|poke|p1|Milotic, L50, F, shiny|
|poke|p1|Ceruledge, L50, F|
|poke|p1|Raichu, L50, F|
|poke|p1|Incineroar, L50, F|
|poke|p1|Sneasler, L50, M|
|poke|p1|Ninetales-Alola, L50, F, shiny|
|poke|p2|Chandelure, L50, F|
|poke|p2|Incineroar, L50, M|
|poke|p2|Sinistcha, L50|
|poke|p2|Torkoal, L50, M|
|poke|p2|Kommo-o, L50, M|
|poke|p2|Venusaur, L50, M|
|teampreview|4
|showteam|p1|Milotic||Leftovers|Competitive|Recover,Coil,Hypnosis,HydroPump|Calm||F|||50|]Ceruledge||ColburBerry|FlashFire|Protect,BulkUp,BitterBlade,ShadowSneak|Adamant||F|||50|]Raichu||RaichuniteY|LightningRod|Protect,FakeOut,ZapCannon,FocusBlast|Timid||F|||50|]Incineroar||SitrusBerry|Intimidate|FakeOut,PartingShot,DarkestLariat,FlareBlitz|Bold||F|||50|]Sneasler||FocusSash|PoisonTouch|Protect,FakeOut,DireClaw,CloseCombat|Jolly||M|||50|]Ninetales-Alola||LifeOrb|SnowWarning|Protect,Encore,FreezeDry,Blizzard|Timid||F|||50|
|showteam|p2|Chandelure||Chandelurite|FlashFire|HeatWave,ShadowBall,Protect,TrickRoom|Modest||F|||50|]Incineroar||SitrusBerry|Intimidate|FlareBlitz,FakeOut,PartingShot,WillOWisp|Relaxed||M|||50|]Sinistcha||BrightPowder|Hospitality|MatchaGotcha,RagePowder,LifeDew,TrickRoom|Sassy|||||50|]Torkoal||Charcoal|Drought|Eruption,HeatWave,SolarBeam,Protect|Quiet||M|||50|]Kommo-o||DragonFang|Soundproof|ClangorousSoul,AuraSphere,Protect,ClangingScales|Rash||M|||50|]Venusaur||Venusaurite|Chlorophyll|GigaDrain,SludgeBomb,EarthPower,Protect|Modest||M|||50|
|
|t:|1785335176
|teamsize|p1|4
|teamsize|p2|4
|start
|switch|p1a: Milotic|Milotic, L50, F, shiny|100/100
|switch|p1b: Incineroar|Incineroar, L50, F|100/100
|switch|p2a: Venusaur|Venusaur, L50, M|100/100
|switch|p2b: KommUh-oh|Kommo-o, L50, M|100/100
|-ability|p1b: Incineroar|Intimidate|boost
|-unboost|p2a: Venusaur|atk|1
|-unboost|p2b: KommUh-oh|atk|1
|turn|1
|
|t:|1785335194
|detailschange|p2a: Venusaur|Venusaur-Mega, L50, M
|-mega|p2a: Venusaur|Venusaur|Venusaurite
|move|p1b: Incineroar|Fake Out|p2a: Venusaur
|-damage|p2a: Venusaur|91/100
|move|p2b: KommUh-oh|Clangorous Soul|p2b: KommUh-oh
|-boost|p2b: KommUh-oh|atk|1
|-boost|p2b: KommUh-oh|def|1
|-boost|p2b: KommUh-oh|spa|1
|-boost|p2b: KommUh-oh|spd|1
|-boost|p2b: KommUh-oh|spe|1
|-damage|p2b: KommUh-oh|67/100
|move|p1a: Milotic|Coil|p1a: Milotic
|-boost|p1a: Milotic|atk|1
|-boost|p1a: Milotic|def|1
|-boost|p1a: Milotic|accuracy|1
|cant|p2a: Venusaur|flinch
|
|upkeep
|turn|2
|
|t:|1785335223
|move|p2b: KommUh-oh|Aura Sphere|p1b: Incineroar
|-supereffective|p1b: Incineroar|1
|-damage|p1b: Incineroar|3/100
|-enditem|p1b: Incineroar|Sitrus Berry|[eat]
|-heal|p1b: Incineroar|28/100|[from] item: Sitrus Berry
|move|p1a: Milotic|Hypnosis|p2a: Venusaur
|-status|p2a: Venusaur|slp|[from] move: Hypnosis
|cant|p2a: Venusaur|slp
|move|p1b: Incineroar|Parting Shot|p2b: KommUh-oh
|-immune|p2b: KommUh-oh|[from] ability: Soundproof
|
|upkeep
|turn|3
|
|t:|1785335244
|move|p2b: KommUh-oh|Aura Sphere|p1b: Incineroar
|-supereffective|p1b: Incineroar|1
|-damage|p1b: Incineroar|0 fnt
|faint|p1b: Incineroar
|move|p1a: Milotic|Coil|p1a: Milotic
|-boost|p1a: Milotic|atk|1
|-boost|p1a: Milotic|def|1
|-boost|p1a: Milotic|accuracy|1
|-curestatus|p2a: Venusaur|slp|[msg]
|move|p2a: Venusaur|Giga Drain|p1a: Milotic
|-supereffective|p1a: Milotic|1
|-damage|p1a: Milotic|46/100
|-heal|p2a: Venusaur|100/100|[from] drain|[of] p1a: Milotic
|
|-heal|p1a: Milotic|52/100|[from] item: Leftovers
|upkeep
|
|t:|1785335250
|switch|p1b: Sneasler|Sneasler, L50, M|100/100
|turn|4
|
|t:|1785335267
|move|p1b: Sneasler|Fake Out|p2a: Venusaur
|-damage|p2a: Venusaur|88/100
|move|p2b: KommUh-oh|Clanging Scales|p1a: Milotic|[spread] p1a,p1b
|-damage|p1a: Milotic|4/100
|-damage|p1b: Sneasler|1/100
|-unboost|p2b: KommUh-oh|def|1
|move|p1a: Milotic|Hypnosis|p2b: KommUh-oh
|-status|p2b: KommUh-oh|slp|[from] move: Hypnosis
|cant|p2a: Venusaur|flinch
|
|-heal|p1a: Milotic|10/100|[from] item: Leftovers
|upkeep
|turn|5
|
|t:|1785335283
|move|p1b: Sneasler|Dire Claw|p2a: Venusaur
|-damage|p2a: Venusaur|56/100
|cant|p2b: KommUh-oh|slp
|move|p1a: Milotic|Recover|p1a: Milotic
|-heal|p1a: Milotic|60/100
|move|p2a: Venusaur|Giga Drain|p1a: Milotic
|-supereffective|p1a: Milotic|1
|-damage|p1a: Milotic|10/100
|-heal|p2a: Venusaur|84/100|[from] drain|[of] p1a: Milotic
|
|-heal|p1a: Milotic|16/100|[from] item: Leftovers
|upkeep
|turn|6
|
|t:|1785335296
|move|p1b: Sneasler|Close Combat|p2b: KommUh-oh
|-damage|p2b: KommUh-oh|10/100 slp
|-unboost|p1b: Sneasler|def|1
|-unboost|p1b: Sneasler|spd|1
|-curestatus|p2b: KommUh-oh|slp|[msg]
|move|p2b: KommUh-oh|Clangorous Soul||[still]
|-fail|p2b: KommUh-oh
|move|p1a: Milotic|Recover|p1a: Milotic
|-heal|p1a: Milotic|66/100
|move|p2a: Venusaur|Giga Drain|p1a: Milotic
|-supereffective|p1a: Milotic|1
|-damage|p1a: Milotic|11/100
|-heal|p2a: Venusaur|100/100|[from] drain|[of] p1a: Milotic
|
|-heal|p1a: Milotic|17/100|[from] item: Leftovers
|upkeep
|turn|7
|
|t:|1785335318
|switch|p2a: Sinistcha|Sinistcha, L50|100/100
|-heal|p2b: KommUh-oh|35/100|[from] ability: Hospitality|[of] p2a: Sinistcha
|move|p1b: Sneasler|Close Combat|p2b: KommUh-oh
|-damage|p2b: KommUh-oh|0 fnt
|-unboost|p1b: Sneasler|def|1
|-unboost|p1b: Sneasler|spd|1
|faint|p2b: KommUh-oh
|move|p1a: Milotic|Hypnosis|p2a: Sinistcha
|-status|p2a: Sinistcha|slp|[from] move: Hypnosis
|
|-heal|p1a: Milotic|23/100|[from] item: Leftovers
|upkeep
|
|t:|1785335326
|switch|p2b: Venusaur|Venusaur-Mega, L50, M|100/100
|turn|8
|
|t:|1785335337
|move|p1b: Sneasler|Dire Claw|p2b: Venusaur
|-damage|p2b: Venusaur|64/100
|move|p1a: Milotic|Hypnosis|p2b: Venusaur
|-status|p2b: Venusaur|slp|[from] move: Hypnosis
|cant|p2b: Venusaur|slp
|cant|p2a: Sinistcha|slp
|
|-heal|p1a: Milotic|29/100|[from] item: Leftovers
|upkeep
|turn|9
|
|t:|1785335346
|move|p1b: Sneasler|Dire Claw|p2b: Venusaur
|-damage|p2b: Venusaur|31/100 slp
|-fail|p2b: Venusaur|slp
|move|p1a: Milotic|Recover|p1a: Milotic
|-heal|p1a: Milotic|79/100
|-curestatus|p2b: Venusaur|slp|[msg]
|move|p2b: Venusaur|Giga Drain|p1a: Milotic
|-supereffective|p1a: Milotic|1
|-damage|p1a: Milotic|28/100
|-heal|p2b: Venusaur|60/100|[from] drain|[of] p1a: Milotic
|cant|p2a: Sinistcha|slp
|
|-heal|p1a: Milotic|34/100|[from] item: Leftovers
|upkeep
|turn|10
|
|t:|1785335366
|move|p2b: Venusaur|Protect|p2b: Venusaur
|-singleturn|p2b: Venusaur|Protect
|move|p1b: Sneasler|Dire Claw|p2b: Venusaur
|-activate|p2b: Venusaur|move: Protect
|move|p1a: Milotic|Recover|p1a: Milotic
|-heal|p1a: Milotic|84/100
|-curestatus|p2a: Sinistcha|slp|[msg]
|move|p2a: Sinistcha|Trick Room|p2a: Sinistcha
|-fieldstart|move: Trick Room|[of] p2a: Sinistcha
|
|-heal|p1a: Milotic|90/100|[from] item: Leftovers
|upkeep
|turn|11
|
|t:|1785335381
|move|p1b: Sneasler|Protect|p1b: Sneasler
|-singleturn|p1b: Sneasler|Protect
|move|p2a: Sinistcha|Matcha Gotcha|p1a: Milotic|[spread] p1a
|-activate|p1b: Sneasler|move: Protect
|-supereffective|p1a: Milotic|1
|-damage|p1a: Milotic|60/100
|-status|p1a: Milotic|brn
|move|p2b: Venusaur|Giga Drain|p1a: Milotic
|-supereffective|p1a: Milotic|1
|-damage|p1a: Milotic|6/100 brn
|-heal|p2b: Venusaur|90/100|[from] drain|[of] p1a: Milotic
|move|p1a: Milotic|Hypnosis|p2a: Sinistcha|[miss]
|-miss|p1a: Milotic|p2a: Sinistcha
|
|-heal|p1a: Milotic|12/100 brn|[from] item: Leftovers
|-damage|p1a: Milotic|6/100 brn|[from] brn
|upkeep
|turn|12
|-message|pechugadepollico forfeited.
|
|win|cillianvgc
|l|☆pechugadepollico
|player|p1|
||pechugadepollico is ready for game 2.
