|j|☆vincy18
|j|☆moth.o
|html|vincy18moth.o    
|uhtml|bestof|Game 1 of a best-of-3
|t:|1756545462
|gametype|doubles
|player|p1|vincy18|will|1129
|player|p2|moth.o|roxie|1146
|gen|9
|tier|[Gen 9] VGC 2025 Reg H (Bo3)
|rated|
|rule|Species Clause: Limit one of each Pokémon
|rule|Item Clause: Limit 1 of each item
|clearpoke
|poke|p1|Annihilape, L50, F|
|poke|p1|Whimsicott, L50, M|
|poke|p1|Gholdengo, L50|
|poke|p1|Electabuzz, L50, F|
|poke|p1|Pelipper, L50, M|
|poke|p1|Sneasler, L50, F|
|poke|p2|Arcanine-Hisui, L50, F|
|poke|p2|Indeedee-F, L50, F|
|poke|p2|Gallade, L50, M|
|poke|p2|Gholdengo, L50|
|poke|p2|Whimsicott, L50, M|
|poke|p2|Hydreigon, L50, M|
|teampreview|4
|showteam|p1|Annihilape||SafetyGoggles|Defiant|RageFist,DrainPunch,BulkUp,Protect|||F|||50|,,,,,Fire]Whimsicott||CovertCloak|Prankster|Tailwind,BeatUp,Encore,Moonblast|||M|||50|,,,,,Ghost]Gholdengo||LifeOrb|GoodasGold|NastyPlot,Protect,ShadowBall,MakeItRain||||||50|,,,,,Water]Electabuzz||Eviolite|VitalSpirit|FollowMe,Protect,Electroweb,Taunt|||F|||50|,,,,,Ghost]Pelipper||FocusSash|Drizzle|Hurricane,WeatherBall,Tailwind,Protect|||M|||50|,,,,,Grass]Sneasler||MirrorHerb|Unburden|FakeOut,DireClaw,CloseCombat,ThroatChop|||F|||50|,,,,,Stellar
|showteam|p2|Arcanine-Hisui||SafetyGoggles|Intimidate|Protect,RockSlide,FlareBlitz,ExtremeSpeed|||F|||50|,,,,,Fairy]Indeedee-F||SitrusBerry|PsychicSurge|TrickRoom,FollowMe,Psychic,HelpingHand|||F|||50|,,,,,Fairy]Gallade||LifeOrb|Sharpness|Protect,ThroatChop,SacredSword,PsychoCut|||M|||50|,,,,,Grass]Gholdengo||ChoiceSpecs|GoodasGold|MakeItRain,ShadowBall,PowerGem,Thunderbolt||||||50|,,,,,Steel]Whimsicott||CovertCloak|Prankster|Uturn,Moonblast,Encore,Tailwind|||M|||50|,,,,,Dark]Hydreigon||AssaultVest|Levitate|Uturn,Snarl,DarkPulse,DracoMeteor|||M|||50|,,,,,Ghost
|inactive|Battle timer is ON: inactive players will automatically lose when time's up. (requested by vincy18)
|inactive|vincy18 has 60 seconds left.
|inactive|moth.o has 60 seconds left.
|
|t:|1756545513
|teamsize|p1|4
|teamsize|p2|4
|start
|switch|p1a: Gholdengo|Gholdengo, L50|100/100
|switch|p1b: Annihilape|Annihilape, L50, F|100/100
|switch|p2a: Servicial|Indeedee-F, L50, F|100/100
|switch|p2b: Gholdengo|Gholdengo, L50|100/100
|-fieldstart|move: Psychic Terrain|[from] ability: Psychic Surge|[of] p2a: Servicial
|turn|1
|inactive|vincy18 has 30 seconds left.
|inactive|moth.o has 30 seconds left.
|inactive|vincy18 has 20 seconds left.
|
|t:|1756545550
|switch|p1b: Electabuzz|Electabuzz, L50, F|100/100
|-terastallize|p1a: Gholdengo|Water
|move|p1a: Gholdengo|Nasty Plot|p1a: Gholdengo
|-boost|p1a: Gholdengo|spa|2
|move|p2b: Gholdengo|Shadow Ball|p1a: Gholdengo
|-damage|p1a: Gholdengo|30/100
|move|p2a: Servicial|Psychic|p1b: Electabuzz
|-damage|p1b: Electabuzz|69/100
|
|upkeep
|turn|2
|
|t:|1756545574
|move|p1b: Electabuzz|Follow Me|p1b: Electabuzz
|-singleturn|p1b: Electabuzz|move: Follow Me
|move|p1a: Gholdengo|Make It Rain|p2b: Gholdengo|[spread] p2a,p2b
|-resisted|p2b: Gholdengo
|-damage|p2a: Servicial|0 fnt
|-damage|p2b: Gholdengo|34/100
|-unboost|p1a: Gholdengo|spa|1
|faint|p2a: Servicial
|-damage|p1a: Gholdengo|20/100|[from] item: Life Orb
|move|p2b: Gholdengo|Shadow Ball|p1b: Electabuzz
|-damage|p1b: Electabuzz|14/100
|
|upkeep
|
|t:|1756545588
|switch|p2a: Fenrir|Arcanine-Hisui, L50, F|100/100
|-ability|p2a: Fenrir|Intimidate|boost
|-unboost|p1a: Gholdengo|atk|1
|-unboost|p1b: Electabuzz|atk|1
|turn|3
|
|t:|1756545596
|move|p1a: Gholdengo|Protect|p1a: Gholdengo
|-singleturn|p1a: Gholdengo|Protect
|move|p2a: Fenrir|Rock Slide|p1b: Electabuzz|[spread] p1b
|-activate|p1a: Gholdengo|move: Protect
|-damage|p1b: Electabuzz|0 fnt
|faint|p1b: Electabuzz
|move|p2b: Gholdengo|Shadow Ball|p1a: Gholdengo
|-activate|p1a: Gholdengo|move: Protect
|
|upkeep
|
|t:|1756545604
|switch|p1b: Annihilape|Annihilape, L50, F|100/100
|turn|4
|
|t:|1756545622
|-terastallize|p2a: Fenrir|Fairy
|move|p1b: Annihilape|Rage Fist|p2b: Gholdengo
|-supereffective|p2b: Gholdengo
|-damage|p2b: Gholdengo|0 fnt
|faint|p2b: Gholdengo
|move|p2a: Fenrir|Rock Slide|p1a: Gholdengo|[spread] p1a,p1b
|-resisted|p1b: Annihilape
|-damage|p1a: Gholdengo|0 fnt
|-damage|p1b: Annihilape|87/100
|faint|p1a: Gholdengo
|
|upkeep
|
|t:|1756545634
|switch|p1a: Pelipper|Pelipper, L50, M|100/100
|switch|p2b: Galantería|Gallade, L50, M, shiny|100/100
|-weather|RainDance|[from] ability: Drizzle|[of] p1a: Pelipper
|turn|5
|
|t:|1756545655
|move|p1b: Annihilape|Protect|p1b: Annihilape
|-singleturn|p1b: Annihilape|Protect
|move|p2a: Fenrir|Rock Slide|p1a: Pelipper|[spread] p1a
|-activate|p1b: Annihilape|move: Protect
|-supereffective|p1a: Pelipper
|-damage|p1a: Pelipper|47/100
|move|p2b: Galantería|Psycho Cut|p1a: Pelipper
|-damage|p1a: Pelipper|0 fnt
|faint|p1a: Pelipper
|-damage|p2b: Galantería|91/100|[from] item: Life Orb
|
|-weather|RainDance|[upkeep]
|-fieldend|move: Psychic Terrain
|upkeep
|turn|6
|j| Trestkon
|
|t:|1756545676
|move|p2b: Galantería|Protect|p2b: Galantería
|-singleturn|p2b: Galantería|Protect
|move|p2a: Fenrir|Rock Slide|p1b: Annihilape|[miss]
|-miss|p2a: Fenrir|p1b: Annihilape
|move|p1b: Annihilape|Rage Fist|p2b: Galantería
|-activate|p2b: Galantería|move: Protect
|
|-weather|RainDance|[upkeep]
|upkeep
|turn|7
|
|t:|1756545691
|move|p1b: Annihilape|Rage Fist|p2b: Galantería
|-supereffective|p2b: Galantería
|-damage|p2b: Galantería|0 fnt
|faint|p2b: Galantería
|move|p2a: Fenrir|Flare Blitz|p1b: Annihilape
|-damage|p1b: Annihilape|56/100
|-damage|p2a: Fenrir|88/100|[from] Recoil
|
|-weather|RainDance|[upkeep]
|upkeep
|turn|8
|-message|moth.o forfeited.
|
|win|vincy18
||vincy18 is ready for game 2.
||moth.o is ready for game 2.
|uhtml|next|Next: Game 2 of 3
|l| Trestkon
|l|☆vincy18
|player|p1|
