|j|☆BanFox Blizzards
|j|☆Nails
|html|BanFox BlizzardsNails    
|uhtml|bestof|Game 1 of a best-of-3
|t:|1783375218
|gametype|doubles
|player|p1|BanFox Blizzards|gentleman-gen4dp|
|player|p2|Nails|#scl2terrors|
|gen|9
|tier|[Gen 9 Champions] VGC 2026 Reg M-B (Bo3)
|rule|Species Clause: Limit one of each Pokémon
|rule|Item Clause: Limit 1 of each item
|clearpoke
|poke|p1|Kingambit, L50, M|
|poke|p1|Charizard, L50, F|
|poke|p1|Aerodactyl, L50, F|
|poke|p1|Farigiraf, L50, F|
|poke|p1|Garchomp, L50, M|
|poke|p1|Sylveon, L50, F|
|poke|p2|Sinistcha, L50|
|poke|p2|Floette-Eternal, L50, F|
|poke|p2|Sneasler, L50, M|
|poke|p2|Incineroar, L50, M|
|poke|p2|Blastoise, L50, F|
|poke|p2|Kingambit, L50, F|
|teampreview|4
|showteam|p1|Kingambit||FocusSash|Defiant|KowtowCleave,IronHead,SuckerPunch,LowKick|Adamant||M|||50|]Charizard||CharizarditeY|Blaze|HeatWave,SolarBeam,WeatherBall,Protect|Modest||F|||50|]Aerodactyl||Aerodactylite|Unnerve|RockSlide,DualWingbeat,IceFang,Tailwind|Jolly||F|||50|]Farigiraf||SitrusBerry|ArmorTail|Psychic,Thunderbolt,TrickRoom,Protect|Bold||F|||50|]Garchomp||LifeOrb|RoughSkin|Earthquake,DragonClaw,StompingTantrum,Protect|Jolly||M|||50|]Sylveon||FairyFeather|Pixilate|HyperVoice,HyperBeam,QuickAttack,Protect|Modest||F|||50|
|showteam|p2|Sinistcha||KasibBerry|Hospitality|MatchaGotcha,LifeDew,RagePowder,Protect|Relaxed|||||50|]Floette-Eternal||Floettite|FlowerVeil|DazzlingGleam,DrainingKiss,CalmMind,Protect|Timid||F|||50|]Sneasler||FocusSash|PoisonTouch|CloseCombat,DireClaw,FakeOut,Protect|Jolly||M|||50|]Incineroar||SitrusBerry|Intimidate|FlareBlitz,FakeOut,HelpingHand,PartingShot|Impish||M|||50|]Blastoise||Blastoisinite|RainDish|WaterSpout,DarkPulse,ShellSmash,Protect|Modest||F|||50|]Kingambit||BlackGlasses|Defiant|KowtowCleave,SuckerPunch,SwordsDance,Protect|Adamant||F|||50|
|c|☆Nails|hf
|j| TabuVGC
|c|☆BanFox Blizzards|u2
|j| templevgc
|j| venudoat
|j| FBIsurveillanceman
|j| RylektVGC
|j|+Howkings
|j| xmarsh
|j| SeaWolfMikes
|l| xmarsh
|j| Shajsjdndffc
|l| Shajsjdndffc
|
|t:|1783375344
|teamsize|p1|4
|teamsize|p2|4
|start
|switch|p1a: Charizard|Charizard, L50, F|100/100
|switch|p1b: Kingambit|Kingambit, L50, M|100/100
|switch|p2a: Sneasler|Sneasler, L50, M|100/100
|switch|p2b: Floette|Floette-Eternal, L50, F|100/100
|turn|1
|j| Betonthecrit
|j| YOASOBI stan
|inactive|Battle timer is ON: inactive players will automatically lose when time's up. (requested by BanFox Blizzards)
|l| YOASOBI stan
|
|t:|1783375392
|detailschange|p2b: Floette|Floette-Mega, L50, F
|-mega|p2b: Floette|Floette|Floettite
|-ability|p2b: Floette|Fairy Aura
|detailschange|p1a: Charizard|Charizard-Mega-Y, L50, F
|-mega|p1a: Charizard|Charizard|Charizardite Y
|-weather|SunnyDay|[from] ability: Drought|[of] p1a: Charizard
|move|p2a: Sneasler|Fake Out|p1b: Kingambit
|-resisted|p1b: Kingambit|1
|-damage|p1b: Kingambit|93/100
|move|p2b: Floette|Calm Mind|p2b: Floette
|-boost|p2b: Floette|spa|1
|-boost|p2b: Floette|spd|1
|move|p1a: Charizard|Heat Wave|p2b: Floette|[spread] p2a,p2b
|-damage|p2a: Sneasler|16/100
|-damage|p2b: Floette|70/100
|cant|p1b: Kingambit|flinch
|
|-weather|SunnyDay|[upkeep]
|upkeep
|turn|2
|j| YOASOBI stan
|l| YOASOBI stan
|j| YOASOBI stan
|inactive|BanFox Blizzards has 30 seconds left.
|inactive|Nails has 30 seconds left.
|inactive|BanFox Blizzards has 20 seconds left.
|inactive|Nails has 20 seconds left.
|inactive|BanFox Blizzards has 15 seconds left.
|inactive|Nails has 15 seconds left.
|inactive|Nails has 10 seconds left.
|inactive|Nails has 5 seconds left.
|
|t:|1783375443
|move|p1b: Kingambit|Sucker Punch|p2a: Sneasler
|-resisted|p2a: Sneasler|1
|-damage|p2a: Sneasler|0 fnt
|faint|p2a: Sneasler
|move|p2b: Floette|Calm Mind|p2b: Floette
|-boost|p2b: Floette|spa|1
|-boost|p2b: Floette|spd|1
|move|p1a: Charizard|Heat Wave|p2b: Floette
|-damage|p2b: Floette|33/100
|-status|p2b: Floette|brn
|
|-weather|SunnyDay|[upkeep]
|-damage|p2b: Floette|28/100 brn|[from] brn
|upkeep
|inactive|Nails has 30 seconds left.
|inactive|Nails has 20 seconds left.
|inactive|Nails has 15 seconds left.
|inactive|Nails has 10 seconds left.
|
|t:|1783375489
|switch|p2a: Incineroar|Incineroar, L50, M|100/100
|-ability|p2a: Incineroar|Intimidate|boost
|-unboost|p1a: Charizard|atk|1
|-unboost|p1b: Kingambit|atk|1
|-ability|p1b: Kingambit|Defiant|boost
|-boost|p1b: Kingambit|atk|2
|turn|3
|inactive|Nails has 30 seconds left.
|inactive|Nails has 20 seconds left.
|inactive|Nails has 15 seconds left.
|
|t:|1783375530
|move|p2b: Floette|Protect|p2b: Floette
|-singleturn|p2b: Floette|Protect
|move|p1a: Charizard|Protect|p1a: Charizard
|-singleturn|p1a: Charizard|Protect
|move|p1b: Kingambit|Sucker Punch||[still]
|-fail|p1b: Kingambit
|move|p2a: Incineroar|Flare Blitz|p1b: Kingambit
|-supereffective|p1b: Kingambit|1
|-damage|p1b: Kingambit|0 fnt
|faint|p1b: Kingambit
|-damage|p2a: Incineroar|72/100|[from] Recoil
|
|-weather|SunnyDay|[upkeep]
|-damage|p2b: Floette|22/100 brn|[from] brn
|upkeep
|
|t:|1783375552
|switch|p1b: Sylveon|Sylveon, L50, F|100/100
|turn|4
|inactive|Nails has 30 seconds left.
|inactive|Nails has 20 seconds left.
|inactive|Nails has 15 seconds left.
|
|t:|1783375593
|move|p2a: Incineroar|Helping Hand|p2b: Floette
|-singleturn|p2b: Floette|Helping Hand|[of] p2a: Incineroar
|move|p1b: Sylveon|Quick Attack|p2b: Floette
|-damage|p2b: Floette|3/100 brn
|move|p2b: Floette|Draining Kiss|p1b: Sylveon
|-damage|p1b: Sylveon|20/100y
|-heal|p2b: Floette|69/100 brn|[from] drain|[of] p1b: Sylveon
|move|p1a: Charizard|Heat Wave|p2b: Floette|[spread] p2a,p2b
|-resisted|p2a: Incineroar|1
|-damage|p2a: Incineroar|44/100
|-damage|p2b: Floette|46/100 brn
|-enditem|p2a: Incineroar|Sitrus Berry|[eat]
|-heal|p2a: Incineroar|68/100|[from] item: Sitrus Berry
|
|-weather|SunnyDay|[upkeep]
|-damage|p2b: Floette|41/100 brn|[from] brn
|upkeep
|turn|5
|inactive|BanFox Blizzards has 30 seconds left.
|inactive|Nails has 30 seconds left.
|inactive|Nails has 20 seconds left.
|
|t:|1783375631
|switch|p1a: Farigiraf|Farigiraf, L50, F|100/100
|move|p2b: Floette|Draining Kiss|p1b: Sylveon
|-damage|p1b: Sylveon|0 fnt
|-heal|p2b: Floette|58/100 brn|[from] drain|[of] p1b: Sylveon
|faint|p1b: Sylveon
|move|p2a: Incineroar|Parting Shot|p1a: Farigiraf
|-unboost|p1a: Farigiraf|atk|1
|-unboost|p1a: Farigiraf|spa|1
|
|t:|1783375635
|switch|p2a: Sinistcha|Sinistcha, L50|100/100|[from] Parting Shot
|-heal|p2b: Floette|83/100 brn|[from] ability: Hospitality|[of] p2a: Sinistcha
|
|-weather|none
|-damage|p2b: Floette|77/100 brn|[from] brn
|upkeep
|
|t:|1783375637
|switch|p1b: Charizard|Charizard-Mega-Y, L50, F|100/100
|-weather|SunnyDay|[from] ability: Drought|[of] p1b: Charizard
|turn|6
|j| Keith Jones
|
|t:|1783375652
|switch|p2a: Incineroar|Incineroar, L50, M|68/100
|-ability|p2a: Incineroar|Intimidate|boost
|-unboost|p1a: Farigiraf|atk|1
|-unboost|p1b: Charizard|atk|1
|move|p1a: Farigiraf|Protect|p1a: Farigiraf
|-singleturn|p1a: Farigiraf|Protect
|move|p2b: Floette|Draining Kiss|p1a: Farigiraf
|-activate|p1a: Farigiraf|move: Protect
|move|p1b: Charizard|Heat Wave|p2b: Floette|[spread] p2a,p2b
|-resisted|p2a: Incineroar|1
|-damage|p2a: Incineroar|43/100
|-damage|p2b: Floette|52/100 brn
|
|-weather|SunnyDay|[upkeep]
|-damage|p2b: Floette|46/100 brn|[from] brn
|upkeep
|turn|7
|
|t:|1783375674
|move|p2b: Floette|Draining Kiss|p1a: Farigiraf
|-damage|p1a: Farigiraf|43/100
|-heal|p2b: Floette|100/100 brn|[from] drain|[of] p1a: Farigiraf
|-enditem|p1a: Farigiraf|Sitrus Berry|[eat]
|-heal|p1a: Farigiraf|68/100|[from] item: Sitrus Berry
|move|p1b: Charizard|Heat Wave|p2b: Floette|[spread] p2a,p2b
|-resisted|p2a: Incineroar|1
|-damage|p2a: Incineroar|15/100
|-damage|p2b: Floette|74/100 brn
|move|p2a: Incineroar|Parting Shot|p1b: Charizard
|-unboost|p1b: Charizard|atk|1
|-unboost|p1b: Charizard|spa|1
|
|t:|1783375678
|switch|p2a: Sinistcha|Sinistcha, L50|100/100|[from] Parting Shot
|-heal|p2b: Floette|99/100 brn|[from] ability: Hospitality|[of] p2a: Sinistcha
|move|p1a: Farigiraf|Psychic|p2b: Floette
|-damage|p2b: Floette|89/100 brn
|
|-weather|SunnyDay|[upkeep]
|-damage|p2b: Floette|83/100 brn|[from] brn
|upkeep
|turn|8
|l| templevgc
|
|t:|1783375702
|move|p2b: Floette|Dazzling Gleam|p1a: Farigiraf|[spread] p1a,p1b
|-resisted|p1b: Charizard|1
|-damage|p1a: Farigiraf|0 fnt
|-damage|p1b: Charizard|68/100
|faint|p1a: Farigiraf
|move|p1b: Charizard|Heat Wave|p2a: Sinistcha|[spread] p2a,p2b
|-supereffective|p2a: Sinistcha|1
|-damage|p2a: Sinistcha|19/100
|-damage|p2b: Floette|67/100 brn
|move|p2a: Sinistcha|Matcha Gotcha|p1b: Charizard|[miss]
|-miss|p2a: Sinistcha|p1b: Charizard
|
|-weather|SunnyDay|[upkeep]
|-damage|p2b: Floette|62/100 brn|[from] brn
|upkeep
|turn|9
|
|t:|1783375715
|move|p2b: Floette|Protect|p2b: Floette
|-singleturn|p2b: Floette|Protect
|move|p1b: Charizard|Heat Wave|p2a: Sinistcha|[spread] p2a
|-activate|p2b: Floette|move: Protect
|-supereffective|p2a: Sinistcha|1
|-damage|p2a: Sinistcha|0 fnt
|faint|p2a: Sinistcha
|
|-weather|SunnyDay|[upkeep]
|-damage|p2b: Floette|56/100 brn|[from] brn
|upkeep
|
|t:|1783375717
|switch|p2a: Incineroar|Incineroar, L50, M|15/100
|-ability|p2a: Incineroar|Intimidate|boost
|-unboost|p1b: Charizard|atk|1
|turn|10
|
|t:|1783375722
|move|p1b: Charizard|Protect|p1b: Charizard
|-singleturn|p1b: Charizard|Protect
|move|p2a: Incineroar|Fake Out|p1b: Charizard
|-activate|p1b: Charizard|move: Protect
|move|p2b: Floette|Calm Mind|p2b: Floette
|-boost|p2b: Floette|spa|1
|-boost|p2b: Floette|spd|1
|
|-weather|none
|-damage|p2b: Floette|50/100g brn|[from] brn
|upkeep
|turn|11
|
|t:|1783375727
|move|p2a: Incineroar|Helping Hand|p2b: Floette
|-singleturn|p2b: Floette|Helping Hand|[of] p2a: Incineroar
|move|p2b: Floette|Draining Kiss|p1b: Charizard
|-resisted|p1b: Charizard|1
|-damage|p1b: Charizard|9/100
|-heal|p2b: Floette|100/100 brn|[from] drain|[of] p1b: Charizard
|move|p1b: Charizard|Heat Wave|p2a: Incineroar|[spread] p2a,p2b
|-resisted|p2a: Incineroar|1
|-crit|p2b: Floette
|-damage|p2a: Incineroar|4/100
|-damage|p2b: Floette|51/100 brn
|
|-damage|p2b: Floette|46/100 brn|[from] brn
|upkeep
|turn|12
|
|t:|1783375733
|move|p2b: Floette|Dazzling Gleam|p1b: Charizard
|-resisted|p1b: Charizard|1
|-damage|p1b: Charizard|0 fnt
|faint|p1b: Charizard
|
|win|Nails
||Nails is ready for game 2.
||BanFox Blizzards is ready for game 2.
|uhtml|next|Next: Game 2 of 3
|j| templevgc
|j| Code
|j| Ally
|l| Ally
|j| nwod opmac
|j| aurarayquaza
|l| aurarayquaza
|l| Betonthecrit
|l|+Howkings
|l| FBIsurveillanceman
|j| Finabas
|j| zgrzgr
|l| Code
|l| zgrzgr
|j| redjoker2048
|l| SeaWolfMikes
|l|☆BanFox Blizzards
|player|p1|
|l| redjoker2048
|j| RolloutsForever
|l| YOASOBI stan
|l| RolloutsForever
|j| redjoker2048
|l| Keith Jones
|l| redjoker2048
|j| GinGiao
|l| GinGiao
|l| Finabas
|j| Vikram chan
|l| Vikram chan
|j| Bricks And Steel
|l| Bricks And Steel
|j| MichaelderBeste2
|j| Code
|j| Buzzcut Mochi
|l| MichaelderBeste2
|l| Code
|l| Buzzcut Mochi
|l| venudoat
|j|+PinkSylvie
|l|+PinkSylvie
|j| tryingsomethingnew
|l| tryingsomethingnew
|l| templevgc
|j| vkelap9
|l| vkelap9
|j| vkelap9
|l| vkelap9
|l| RylektVGC
|n|☆Nails|nails
|n| TabuVGC|tabuvgc
|n| TabuVGC@!|tabuvgc
|n| TabuVGC|tabuvgc
|l| TabuVGC
|j| Mogo
|l| Mogo
|n|☆Nails@!|nails
|j| Snorlaxpikachu1
