|j|☆LeonardPlayz
|j|☆RXUXBXEXN
|html|LeonardPlayzRXUXBXEXN    
|uhtml|bestof|Game 2 of a best-of-3
|t:|1783594066
|gametype|doubles
|player|p1|LeonardPlayz|hilbert-wonderlauncher|1104
|player|p2|RXUXBXEXN|1|1081
|gen|9
|tier|[Gen 9 Champions] VGC 2026 Reg M-B (Bo3)
|rated|
|rule|Species Clause: Limit one of each Pokémon
|rule|Item Clause: Limit 1 of each item
|clearpoke
|poke|p1|Aerodactyl, L50, F|
|poke|p1|Sceptile, L50, M|
|poke|p1|Rotom-Heat, L50|
|poke|p1|Mamoswine, L50, M|
|poke|p1|Gholdengo, L50|
|poke|p1|Kingambit, L50, F|
|poke|p2|Froslass, L50, F, shiny|
|poke|p2|Scovillain, L50, M, shiny|
|poke|p2|Lycanroc-Dusk, L50, F|
|poke|p2|Kingambit, L50, F|
|poke|p2|Basculegion, L50, M|
|poke|p2|Sneasler, L50, M|
|teampreview|4
|showteam|p1|Aerodactyl||Aerodactylite|RockHead|Tailwind,RockSlide,DualWingbeat,Protect|Jolly||F|||50|]Sceptile||Sceptilite|Overgrow|GigaDrain,DragonPulse,EarthPower,Protect|Timid||M|||50|]Rotom-Heat||ChoiceScarf|Levitate|Overheat,Thunderbolt,Discharge,VoltSwitch|Timid|||||50|]Mamoswine||LifeOrb|Oblivious|IceShard,HighHorsepower,RockSlide,Protect|Adamant||M|||50|]Gholdengo||MetalCoat|GoodasGold|MakeItRain,ShadowBall,NastyPlot,Protect|Modest|||||50|]Kingambit||FocusSash|Defiant|SuckerPunch,KowtowCleave,LowKick,Protect|Adamant||F|||50|
|showteam|p2|Froslass||Froslassite|CursedBody|Blizzard,ShadowBall,AuroraVeil,Protect|Modest||F|||50|]Scovillain||Scovillainite|Moody|Overheat,GigaDrain,RagePowder,Protect|Modest||M|||50|]Lycanroc-Dusk||FocusSash|ToughClaws|RockSlide,CloseCombat,Accelerock,Protect|Adamant||F|||50|]Kingambit||BlackGlasses|Defiant|KowtowCleave,SuckerPunch,SwordsDance,Protect|Adamant||F|||50|]Basculegion||SitrusBerry|Adaptability|WaveCrash,LastRespects,AquaJet,Protect|Adamant||M|||50|]Sneasler||WhiteHerb|Unburden|CloseCombat,GunkShot,FakeOut,Protect|Adamant||M|||50|
|inactive|Battle timer is ON: inactive players will automatically lose when time's up. (requested by LeonardPlayz)
|
|t:|1783594083
|teamsize|p1|4
|teamsize|p2|4
|start
|switch|p1a: Sceptile|Sceptile, L50, M|100/100
|switch|p1b: Rotom|Rotom-Heat, L50|100/100
|switch|p2a: Scovillain|Scovillain, L50, M, shiny|100/100
|switch|p2b: Sneasler|Sneasler, L50, M|100/100
|turn|1
|
|t:|1783594104
|detailschange|p1a: Sceptile|Sceptile-Mega, L50, M
|-mega|p1a: Sceptile|Sceptile|Sceptilite
|detailschange|p2a: Scovillain|Scovillain-Mega, L50, M, shiny
|-mega|p2a: Scovillain|Scovillain|Scovillainite
|move|p1a: Sceptile|Protect|p1a: Sceptile
|-singleturn|p1a: Sceptile|Protect
|move|p2a: Scovillain|Rage Powder|p2a: Scovillain
|-singleturn|p2a: Scovillain|move: Rage Powder
|move|p1b: Rotom|Discharge|p2a: Scovillain|[spread] p2a,p2b
|-activate|p1a: Sceptile|move: Protect
|-resisted|p2a: Scovillain|1
|-damage|p2a: Scovillain|85/100
|-damage|p2b: Sneasler|64/100
|-immune|p1b: Rotom
|move|p2b: Sneasler|Gunk Shot|p1a: Sceptile
|-activate|p1a: Sceptile|move: Protect
|
|upkeep
|turn|2
|
|t:|1783594126
|move|p1b: Rotom|Discharge|p2b: Sneasler|[spread] p2a,p2b
|-ability|p1a: Sceptile|Lightning Rod|boost
|-boost|p1a: Sceptile|spa|1
|-resisted|p2a: Scovillain|1
|-damage|p2a: Scovillain|72/100
|-damage|p2b: Sneasler|27/100
|-status|p2b: Sneasler|par
|-immune|p1b: Rotom
|move|p1a: Sceptile|Earth Power|p2b: Sneasler
|-supereffective|p2b: Sneasler|1
|-damage|p2b: Sneasler|0 fnt
|faint|p2b: Sneasler
|move|p2a: Scovillain|Overheat|p1a: Sceptile
|-damage|p1a: Sceptile|5/100
|-unboost|p2a: Scovillain|spa|2
|
|upkeep
|
|t:|1783594143
|switch|p2b: Kingambit|Kingambit, L50, F|100/100
|turn|3
|
|t:|1783594163
|move|p1a: Sceptile|Protect|p1a: Sceptile
|-singleturn|p1a: Sceptile|Protect
|move|p2b: Kingambit|Sucker Punch|p1b: Rotom
|-damage|p1b: Rotom|29/100
|move|p1b: Rotom|Discharge|p2a: Scovillain|[spread] p2a,p2b
|-activate|p1a: Sceptile|move: Protect
|-resisted|p2a: Scovillain|1
|-damage|p2a: Scovillain|57/100
|-damage|p2b: Kingambit|77/100
|-immune|p1b: Rotom
|move|p2a: Scovillain|Overheat|p1a: Sceptile
|-activate|p1a: Sceptile|move: Protect
|
|upkeep
|turn|4
|inactive|LeonardPlayz has 30 seconds left.
|
|t:|1783594194
|move|p2b: Kingambit|Sucker Punch|p1b: Rotom
|-damage|p1b: Rotom|0 fnt
|faint|p1b: Rotom
|move|p1a: Sceptile|Earth Power|p2b: Kingambit
|-supereffective|p2b: Kingambit|1
|-damage|p2b: Kingambit|0 fnt
|faint|p2b: Kingambit
|move|p2a: Scovillain|Overheat|p1a: Sceptile
|-damage|p1a: Sceptile|0 fnt
|-unboost|p2a: Scovillain|spa|2
|faint|p1a: Sceptile
|
|upkeep
|
|t:|1783594208
|switch|p1a: Aerodactyl|Aerodactyl, L50, F|100/100
|switch|p1b: Kingambit|Kingambit, L50, F|100/100
|switch|p2b: Basculegion|Basculegion, L50, M|100/100
|turn|5
|
|t:|1783594231
|move|p1a: Aerodactyl|Protect|p1a: Aerodactyl
|-singleturn|p1a: Aerodactyl|Protect
|move|p2a: Scovillain|Rage Powder|p2a: Scovillain
|-singleturn|p2a: Scovillain|move: Rage Powder
|move|p1b: Kingambit|Sucker Punch||[still]
|-fail|p1b: Kingambit
|move|p2b: Basculegion|Last Respects|p1a: Aerodactyl
|-activate|p1a: Aerodactyl|move: Protect
|
|upkeep
|turn|6
|
|t:|1783594248
|move|p2b: Basculegion|Protect|p2b: Basculegion
|-singleturn|p2b: Basculegion|Protect
|move|p1a: Aerodactyl|Dual Wingbeat|p2a: Scovillain
|-supereffective|p2a: Scovillain|1
|-damage|p2a: Scovillain|15/100
|-status|p1a: Aerodactyl|brn|[from] ability: Spicy Spray|[of] p2a: Scovillain
|-supereffective|p2a: Scovillain|1
|-damage|p2a: Scovillain|0 fnt
|faint|p2a: Scovillain
|-hitcount|p2: Scovillain|2
|move|p1b: Kingambit|Kowtow Cleave|p2b: Basculegion
|-activate|p2b: Basculegion|move: Protect
|
|-damage|p1a: Aerodactyl|94/100 brn|[from] brn
|upkeep
|turn|7
|
|t:|1783594262
|move|p2b: Basculegion|Aqua Jet|p1b: Kingambit
|-damage|p1b: Kingambit|75/100
|move|p1a: Aerodactyl|Tailwind|p1a: Aerodactyl
|-sidestart|p1: LeonardPlayz|move: Tailwind
|move|p1b: Kingambit|Kowtow Cleave|p2b: Basculegion
|-supereffective|p2b: Basculegion|1
|-damage|p2b: Basculegion|0 fnt
|faint|p2b: Basculegion
|
|win|LeonardPlayz
||LeonardPlayz is ready for game 3.
|l|☆RXUXBXEXN
|player|p2|
|inactive|RXUXBXEXN has 30 seconds to confirm battle start!
||RXUXBXEXN is ready for game 3.
|uhtml|next|Next: Game 3 of 3
