|j|☆prof.Jirofales
|j|☆Notaplaceofhonor
|html|prof.JirofalesNotaplaceofhonor    
|uhtml|bestof|Game 2 of a best-of-3
|t:|1756266375
|gametype|doubles
|player|p1|prof.Jirofales|169|1165
|player|p2|Notaplaceofhonor|juan-gen3|1197
|gen|9
|tier|[Gen 9] VGC 2025 Reg H (Bo3)
|rated|
|rule|Species Clause: Limit one of each Pokémon
|rule|Item Clause: Limit 1 of each item
|clearpoke
|poke|p1|Rillaboom, L50, M|
|poke|p1|Sneasler, L50, F|
|poke|p1|Basculegion, L50, M|
|poke|p1|Volcarona, L50, F|
|poke|p1|Dragonite, L50, F|
|poke|p1|Incineroar, L50, M|
|poke|p2|Ursaluna, L50, F|
|poke|p2|Incineroar, L50, M|
|poke|p2|Porygon2, L50|
|poke|p2|Jumpluff, L50, F|
|poke|p2|Gholdengo, L50|
|poke|p2|Sneasler, L50, M|
|teampreview|4
|showteam|p1|Rillaboom||AssaultVest|GrassySurge|FakeOut,GrassyGlide,WoodHammer,HighHorsepower|||M|||50|,,,,,Fire]Sneasler||FocusSash|Unburden|FakeOut,DireClaw,CloseCombat,Coaching|||F|||50|,,,,,Ghost]Basculegion||ChoiceScarf|Adaptability|FlipTurn,WaveCrash,LastRespects,TeraBlast|||M|||50|,,,,,Flying]Volcarona||CovertCloak|FlameBody|HeatWave,TeraBlast,QuiverDance,Protect|||F|||50|,,,,,Fairy]Dragonite||LoadedDice|Multiscale|ScaleShot,Tailwind,Haze,Protect|||F|||50|,,,,,Steel]Incineroar||SafetyGoggles|Intimidate|FakeOut,FlareBlitz,KnockOff,PartingShot|||M|||50|,,,,,Ghost
|showteam|p2|Ursaluna||FlameOrb|Guts|Protect,Facade,Earthquake,HeadlongRush|||F|||50|,,,,,Ghost]Incineroar||SafetyGoggles|Intimidate|FlareBlitz,FakeOut,KnockOff,PartingShot|||M|||50|,,,,,Ghost]Porygon2||Eviolite|Download|Recover,TeraBlast,IceBeam,TrickRoom||||||50|,,,,,Fighting]Jumpluff||CovertCloak|Chlorophyll|SleepPowder,Tailwind,PollenPuff,RagePowder|||F|||50|,,,,,Water]Gholdengo||LifeOrb|GoodasGold|Protect,NastyPlot,MakeItRain,ShadowBall||||||50|,,,,,Steel]Sneasler||FocusSash|Unburden|Protect,CloseCombat,DireClaw,ThroatChop|||M|||50|,,,,,Stellar
|j| PhanpythePirate
|
|t:|1756266394
|teamsize|p1|4
|teamsize|p2|4
|start
|switch|p1a: Volcarona|Volcarona, L50, F|100/100
|switch|p1b: Basculegion|Basculegion, L50, M|100/100
|switch|p2a: Jumpluff|Jumpluff, L50, F|100/100
|switch|p2b: Incineroar|Incineroar, L50, M|100/100
|-ability|p2b: Incineroar|Intimidate|boost
|-unboost|p1a: Volcarona|atk|1
|-unboost|p1b: Basculegion|atk|1
|turn|1
|
|t:|1756266411
|move|p2b: Incineroar|Fake Out|p1b: Basculegion
|-immune|p1b: Basculegion
|move|p1b: Basculegion|Flip Turn|p2b: Incineroar
|-supereffective|p2b: Incineroar
|-damage|p2b: Incineroar|63/100
|
|t:|1756266417
|switch|p1b: Incineroar|Incineroar, L50, M|100/100|[from] Flip Turn
|-ability|p1b: Incineroar|Intimidate|boost
|-unboost|p2a: Jumpluff|atk|1
|-unboost|p2b: Incineroar|atk|1
|move|p2a: Jumpluff|Tailwind|p2a: Jumpluff
|-sidestart|p2: Notaplaceofhonor|move: Tailwind
|move|p1a: Volcarona|Quiver Dance|p1a: Volcarona
|-boost|p1a: Volcarona|spa|1
|-boost|p1a: Volcarona|spd|1
|-boost|p1a: Volcarona|spe|1
|
|upkeep
|turn|2
|
|t:|1756266433
|move|p1a: Volcarona|Protect|p1a: Volcarona
|-singleturn|p1a: Volcarona|Protect
|move|p2a: Jumpluff|Sleep Powder|p1a: Volcarona
|-activate|p1a: Volcarona|move: Protect
|move|p2b: Incineroar|Parting Shot|p1b: Incineroar
|-unboost|p1b: Incineroar|atk|1
|-unboost|p1b: Incineroar|spa|1
|
|t:|1756266440
|switch|p2b: Ursaluna|Ursaluna, L50, F|100/100|[from] Parting Shot
|move|p1b: Incineroar|Flare Blitz|p2a: Jumpluff
|-supereffective|p2a: Jumpluff
|-damage|p2a: Jumpluff|11/100
|-damage|p1b: Incineroar|74/100|[from] Recoil
|
|-status|p2b: Ursaluna|brn|[from] item: Flame Orb
|upkeep
|turn|3
|
|t:|1756266460
|switch|p1b: Sneasler|Sneasler, L50, F|100/100
|move|p2a: Jumpluff|Sleep Powder|p1a: Volcarona
|-status|p1a: Volcarona|slp|[from] move: Sleep Powder
|cant|p1a: Volcarona|slp
|move|p2b: Ursaluna|Earthquake|p1b: Sneasler|[spread] p1a,p1b
|-immune|p2a: Jumpluff
|-supereffective|p1b: Sneasler
|-damage|p1a: Volcarona|30/100 slp
|-enditem|p1b: Sneasler|Focus Sash
|-damage|p1b: Sneasler|1/100
|
|-damage|p2b: Ursaluna|95/100 brn|[from] brn
|upkeep
|turn|4
|
|t:|1756266499
|switch|p1a: Incineroar|Incineroar, L50, M|74/100
|-ability|p1a: Incineroar|Intimidate|boost
|-unboost|p2a: Jumpluff|atk|1
|-unboost|p2b: Ursaluna|atk|1
|-terastallize|p2b: Ursaluna|Ghost
|move|p1b: Sneasler|Coaching|p1a: Incineroar
|-boost|p1a: Incineroar|atk|1
|-boost|p1a: Incineroar|def|1
|move|p2a: Jumpluff|Sleep Powder|p1b: Sneasler
|-status|p1b: Sneasler|slp|[from] move: Sleep Powder
|move|p2b: Ursaluna|Earthquake|p1b: Sneasler|[spread] p1a,p1b
|-immune|p2a: Jumpluff
|-supereffective|p1a: Incineroar
|-supereffective|p1b: Sneasler
|-damage|p1a: Incineroar|23/100
|-damage|p1b: Sneasler|0 fnt
|faint|p1b: Sneasler
|
|-damage|p2b: Ursaluna|89/100 brn|[from] brn
|-sideend|p2: Notaplaceofhonor|move: Tailwind
|upkeep
|
|t:|1756266521
|switch|p1b: Volcarona|Volcarona, L50, F|30/100 slp
|turn|5
|
|t:|1756266533
|cant|p1b: Volcarona|slp
|move|p1a: Incineroar|Fake Out|p2a: Jumpluff
|-damage|p2a: Jumpluff|0 fnt
|faint|p2a: Jumpluff
|move|p2b: Ursaluna|Earthquake|p1b: Volcarona|[spread] p1a,p1b
|-supereffective|p1a: Incineroar
|-damage|p1a: Incineroar|0 fnt
|-damage|p1b: Volcarona|0 fnt
|faint|p1a: Incineroar
|faint|p1b: Volcarona
|
|-damage|p2b: Ursaluna|83/100 brn|[from] brn
|upkeep
|
|t:|1756266547
|switch|p2a: Sneasler|Sneasler, L50, M|100/100
|switch|p1b: Basculegion|Basculegion, L50, M|100/100
|turn|6
|
|t:|1756266556
|move|p1b: Basculegion|Last Respects|p2a: Sneasler
|-enditem|p2a: Sneasler|Focus Sash
|-damage|p2a: Sneasler|1/100
|move|p2a: Sneasler|Throat Chop|p1b: Basculegion
|-supereffective|p1b: Basculegion
|-damage|p1b: Basculegion|40/100
|-start|p1b: Basculegion|Throat Chop|[silent]
|move|p2b: Ursaluna|Headlong Rush|p1b: Basculegion
|-damage|p1b: Basculegion|0 fnt
|-unboost|p2b: Ursaluna|def|1
|-unboost|p2b: Ursaluna|spd|1
|faint|p1b: Basculegion
|
|win|Notaplaceofhonor
