|j|☆sidhuistic
|j|☆Torkoal waifu
|html|sidhuisticTorkoal waifu    
|uhtml|bestof|Game 1 of a best-of-3
|t:|1785165510
|gametype|doubles
|player|p1|sidhuistic|richboy-gen4|1140
|player|p2|Torkoal waifu|102|1049
|gen|9
|tier|[Gen 9 Champions] VGC 2026 Reg M-B (Bo3)
|rated|
|rule|Species Clause: Limit one of each Pokémon
|rule|Item Clause: Limit 1 of each item
|clearpoke
|poke|p1|Tyranitar, L50, M|
|poke|p1|Excadrill, L50, F|
|poke|p1|Milotic, L50, F|
|poke|p1|Sinistcha, L50|
|poke|p1|Staraptor, L50, M|
|poke|p1|Gholdengo, L50|
|poke|p2|Charizard, L50, F|
|poke|p2|Aerodactyl, L50, M|
|poke|p2|Farigiraf, L50, F|
|poke|p2|Kingambit, L50, M|
|poke|p2|Garchomp, L50, F|
|poke|p2|Sylveon, L50, F|
|teampreview|4
|showteam|p1|Tyranitar||Tyranitarite|SandStream|KnockOff,RockSlide,DragonDance,Protect|Jolly||M|||50|]Excadrill||FocusSash|SandRush|Earthquake,SwordsDance,RockSlide,Protect|Adamant||F|||50|]Milotic||SitrusBerry|Competitive|Scald,IcyWind,Haze,Protect|Calm||F|||50|]Sinistcha||ColburBerry|Hospitality|MatchaGotcha,ShadowBall,Protect,RagePowder|Bold|||||50|]Staraptor||Staraptite|Intimidate|CloseCombat,BraveBird,Tailwind,Protect|Jolly||M|||50|]Gholdengo||LifeOrb|GoodasGold|MakeItRain,ShadowBall,NastyPlot,Protect|Modest|||||50|
|showteam|p2|Charizard||CharizarditeY|SolarPower|WeatherBall,HeatWave,SolarBeam,Protect|Modest||F|||50|]Aerodactyl||Aerodactylite|Unnerve|RockSlide,DualWingbeat,Tailwind,IceFang|Jolly||M|||50|]Farigiraf||SitrusBerry|ArmorTail|TrickRoom,Psychic,Roar,Thunderbolt|Bold||F|||50|]Kingambit||FocusSash|Defiant|KowtowCleave,SuckerPunch,LowKick,IronHead|Adamant||M|||50|]Garchomp||LifeOrb|RoughSkin|Earthquake,StompingTantrum,DragonClaw,Protect|Jolly||F|||50|]Sylveon||FairyFeather|Pixilate|HyperBeam,HyperVoice,QuickAttack,Detect|Modest||F|||50|
|inactive|Battle timer is ON: inactive players will automatically lose when time's up. (requested by sidhuistic)
|inactive|Torkoal waifu has 60 seconds left.
|inactive|Torkoal waifu has 30 seconds left.
|inactive|Torkoal waifu has 20 seconds left.
|inactive|Torkoal waifu has 15 seconds left.
|inactive|Torkoal waifu has 10 seconds left.
|inactive|Torkoal waifu has 5 seconds left.
|
|t:|1785165623
|teamsize|p1|4
|teamsize|p2|4
|start
|switch|p1a: Tyranitar|Tyranitar, L50, M|100/100
|switch|p1b: Excadrill|Excadrill, L50, F|100/100
|switch|p2a: Farigiraf|Farigiraf, L50, F|100/100
|switch|p2b: Kingambit|Kingambit, L50, M|100/100
|-weather|Sandstorm|[from] ability: Sand Stream|[of] p1a: Tyranitar
|turn|1
|inactive|sidhuistic has 30 seconds left.
|inactive|Torkoal waifu has 30 seconds left.
|inactive|sidhuistic has 20 seconds left.
|inactive|Torkoal waifu has 20 seconds left.
|inactive|sidhuistic has 15 seconds left.
|inactive|Torkoal waifu has 15 seconds left.
|inactive|sidhuistic has 10 seconds left.
|inactive|Torkoal waifu has 10 seconds left.
|
|t:|1785165669
|detailschange|p1a: Tyranitar|Tyranitar-Mega, L50, M
|-mega|p1a: Tyranitar|Tyranitar|Tyranitarite
|move|p1b: Excadrill|Swords Dance|p1b: Excadrill
|-boost|p1b: Excadrill|atk|2
|move|p1a: Tyranitar|Knock Off|p2a: Farigiraf
|-supereffective|p2a: Farigiraf|1
|-damage|p2a: Farigiraf|18/100
|-enditem|p2a: Farigiraf|Sitrus Berry|[from] move: Knock Off|[of] p1a: Tyranitar
|move|p2b: Kingambit|Low Kick|p1a: Tyranitar
|-supereffective|p1a: Tyranitar|2
|-damage|p1a: Tyranitar|0 fnt
|faint|p1a: Tyranitar
|move|p2a: Farigiraf|Trick Room|p2a: Farigiraf
|-fieldstart|move: Trick Room|[of] p2a: Farigiraf
|
|-weather|Sandstorm|[upkeep]
|-damage|p2a: Farigiraf|12/100|[from] Sandstorm
|upkeep
|
|t:|1785165682
|switch|p1a: Sinistcha|Sinistcha, L50|100/100
|turn|2
|inactive|Torkoal waifu has 30 seconds left.
|inactive|Torkoal waifu has 20 seconds left.
|
|t:|1785165721
|switch|p2a: Charizard|Charizard, L50, F|100/100
|move|p1b: Excadrill|Protect|p1b: Excadrill
|-singleturn|p1b: Excadrill|Protect
|move|p1a: Sinistcha|Matcha Gotcha|p2b: Kingambit|[spread] p2a,p2b
|-resisted|p2a: Charizard|2
|-resisted|p2b: Kingambit|1
|-damage|p2a: Charizard|93/100
|-damage|p2b: Kingambit|85/100
|move|p2b: Kingambit|Kowtow Cleave|p1a: Sinistcha
|-supereffective|p1a: Sinistcha|1
|-enditem|p1a: Sinistcha|Colbur Berry|[eat]
|-enditem|p1a: Sinistcha|Colbur Berry|[weaken]
|-damage|p1a: Sinistcha|60/100
|
|-weather|Sandstorm|[upkeep]
|-damage|p1a: Sinistcha|54/100|[from] Sandstorm
|-damage|p2a: Charizard|87/100|[from] Sandstorm
|upkeep
|turn|3
|inactive|Torkoal waifu has 30 seconds left.
|inactive|Torkoal waifu has 20 seconds left.
|
|t:|1785165761
|detailschange|p2a: Charizard|Charizard-Mega-Y, L50, F
|-mega|p2a: Charizard|Charizard|Charizardite Y
|-weather|SunnyDay|[from] ability: Drought|[of] p2a: Charizard
|move|p2a: Charizard|Protect|p2a: Charizard
|-singleturn|p2a: Charizard|Protect
|move|p1a: Sinistcha|Rage Powder|p1a: Sinistcha
|-singleturn|p1a: Sinistcha|move: Rage Powder
|move|p2b: Kingambit|Kowtow Cleave|p1a: Sinistcha
|-supereffective|p1a: Sinistcha|1
|-damage|p1a: Sinistcha|0 fnt
|faint|p1a: Sinistcha
|move|p1b: Excadrill|Rock Slide|p2b: Kingambit|[spread] p2b
|-activate|p2a: Charizard|move: Protect
|-resisted|p2b: Kingambit|1
|-damage|p2b: Kingambit|65/100
|
|-weather|SunnyDay|[upkeep]
|upkeep
|
|t:|1785165774
|switch|p1a: Milotic|Milotic, L50, F|100/100
|turn|4
|inactive|Torkoal waifu has 30 seconds left.
|inactive|Torkoal waifu has 20 seconds left.
|inactive|Torkoal waifu has 15 seconds left.
|inactive|Torkoal waifu has 10 seconds left.
|inactive|Torkoal waifu has 5 seconds left.
|
|t:|1785165829
|move|p1b: Excadrill|Protect|p1b: Excadrill
|-singleturn|p1b: Excadrill|Protect
|move|p2b: Kingambit|Kowtow Cleave|p1a: Milotic
|-damage|p1a: Milotic|52/100
|move|p1a: Milotic|Scald|p2a: Charizard
|-supereffective|p2a: Charizard|1
|-damage|p2a: Charizard|63/100
|move|p2a: Charizard|Weather Ball|p1b: Excadrill
|-activate|p1b: Excadrill|move: Protect
|
|-weather|SunnyDay|[upkeep]
|upkeep
|turn|5
|
|t:|1785165848
|move|p1a: Milotic|Protect|p1a: Milotic
|-singleturn|p1a: Milotic|Protect
|move|p2a: Charizard|Protect|p2a: Charizard
|-singleturn|p2a: Charizard|Protect
|move|p1b: Excadrill|Protect||[still]
|-fail|p1b: Excadrill
|move|p2b: Kingambit|Sucker Punch||[still]
|-fail|p2b: Kingambit
|
|-weather|SunnyDay|[upkeep]
|-fieldend|move: Trick Room
|upkeep
|turn|6
|inactive|Torkoal waifu has 30 seconds left.
|inactive|Torkoal waifu has 20 seconds left.
|inactive|Torkoal waifu has 15 seconds left.
|inactive|Torkoal waifu has 10 seconds left.
|
|t:|1785165893
|move|p1b: Excadrill|Rock Slide|p2b: Kingambit|[spread] p2a,p2b
|-supereffective|p2a: Charizard|2
|-resisted|p2b: Kingambit|1
|-damage|p2a: Charizard|0 fnt
|-damage|p2b: Kingambit|46/100
|faint|p2a: Charizard
|move|p1a: Milotic|Icy Wind|p2b: Kingambit
|-resisted|p2b: Kingambit|1
|-damage|p2b: Kingambit|39/100
|-unboost|p2b: Kingambit|spe|1
|-ability|p2b: Kingambit|Defiant|boost
|-boost|p2b: Kingambit|atk|2
|cant|p2b: Kingambit|flinch
|
|-weather|SunnyDay|[upkeep]
|upkeep
|
|t:|1785165917
|switch|p2a: Farigiraf|Farigiraf, L50, F|12/100
|turn|7
|
|t:|1785165932
|move|p1a: Milotic|Protect|p1a: Milotic
|-singleturn|p1a: Milotic|Protect
|move|p2b: Kingambit|Sucker Punch|p1b: Excadrill
|-enditem|p1b: Excadrill|Focus Sash
|-damage|p1b: Excadrill|1/100
|move|p1b: Excadrill|Earthquake|p2b: Kingambit|[spread] p2a,p2b
|-activate|p1a: Milotic|move: Protect
|-supereffective|p2b: Kingambit|1
|-damage|p2a: Farigiraf|0 fnt
|-damage|p2b: Kingambit|0 fnt
|faint|p2a: Farigiraf
|faint|p2b: Kingambit
|
|-weather|none
|upkeep
|
|t:|1785165946
|switch|p2a: Sylveon|Sylveon, L50, F|100/100
|turn|8
|
|t:|1785165964
|move|p2a: Sylveon|Quick Attack|p1b: Excadrill
|-resisted|p1b: Excadrill|1
|-damage|p1b: Excadrill|0 fnt
|faint|p1b: Excadrill
|move|p1a: Milotic|Scald|p1: Excadrill|[notarget]
|-fail|p1a: Milotic
|
|upkeep
|turn|9
|
|t:|1785165973
|move|p1a: Milotic|Scald|p2a: Sylveon
|-damage|p2a: Sylveon|77/100
|move|p2a: Sylveon|Hyper Beam|p1a: Milotic
|-damage|p1a: Milotic|0 fnt
|-mustrecharge|p2a: Sylveon
|faint|p1a: Milotic
|
|win|Torkoal waifu
||sidhuistic is ready for game 2.
|inactive|Torkoal waifu has 30 seconds to confirm battle start!
||Torkoal waifu is ready for game 2.
|uhtml|next|Next: Game 2 of 3
|l|☆sidhuistic
|player|p1|
