|j|☆Jiaco5
|j|☆lolgz
|html|Jiaco5lolgz    
|uhtml|bestof|Game 2 of a best-of-3
|t:|1782522430
|gametype|doubles
|player|p1|Jiaco5|101|1149
|player|p2|lolgz|dawn|1189
|gen|9
|tier|[Gen 9 Champions] VGC 2026 Reg M-B (Bo3)
|rated|
|rule|Species Clause: Limit one of each Pokémon
|rule|Item Clause: Limit 1 of each item
|clearpoke
|poke|p1|Blaziken, L50, M|
|poke|p1|Aerodactyl, L50, F|
|poke|p1|Kingambit, L50, M|
|poke|p1|Basculegion, L50, M|
|poke|p1|Sylveon, L50, M|
|poke|p1|Tsareena, L50, F|
|poke|p2|Torkoal, L50, F|
|poke|p2|Vileplume, L50, F|
|poke|p2|Farigiraf, L50, F|
|poke|p2|Scrafty, L50, M|
|poke|p2|Gallade, L50, M|
|poke|p2|Mawile, L50, M|
|teampreview|4
|showteam|p1|Blaziken||Blazikenite|SpeedBoost|FlareBlitz,CloseCombat,Protect,RockSlide|Adamant||M|||50|]Aerodactyl||Aerodactylite|Unnerve|RockSlide,DualWingbeat,Protect,Tailwind|Jolly||F|||50|]Kingambit||OccaBerry|Defiant|KowtowCleave,Protect,IronHead,SuckerPunch|Adamant||M|||50|]Basculegion||LifeOrb|Adaptability|WaveCrash,Protect,LastRespects,AquaJet|Adamant||M|||50|]Sylveon||FairyFeather|Pixilate|HyperBeam,HyperVoice,Protect,Yawn|Modest||M|||50|]Tsareena||WideLens|QueenlyMajesty|Protect,PowerWhip,HighJumpKick,TripleAxel|Adamant||F|||50|
|showteam|p2|Torkoal||Charcoal|Drought|Eruption,WeatherBall,EarthPower,Protect|Quiet||F|||50|]Vileplume||FocusSash|Chlorophyll|EnergyBall,SludgeBomb,SleepPowder,AfterYou|Timid||F|||50|]Farigiraf||SitrusBerry|ArmorTail|TrickRoom,Thunderbolt,Psychic,HelpingHand|Relaxed||F|||50|]Scrafty||Scraftinite|Intimidate|FakeOut,CloseCombat,KnockOff,RockTomb|Brave||M|||50|]Gallade||IronBall|Sharpness|SacredSword,PsychoCut,WideGuard,TrickRoom|Brave||M|||50|]Mawile||Mawilite|HyperCutter|SuckerPunch,PlayRough,SwordsDance,Protect|Brave||M|||50|
|inactive|Battle timer is ON: inactive players will automatically lose when time's up. (requested by lolgz)
|inactive|Jiaco5 has 60 seconds left.
|
|t:|1782522468
|teamsize|p1|4
|teamsize|p2|4
|start
|switch|p1a: Blaziken|Blaziken, L50, M|100/100
|switch|p1b: Aerodactyl|Aerodactyl, L50, F|100/100
|switch|p2a: Vileplume|Vileplume, L50, F|100/100
|switch|p2b: Torkoal|Torkoal, L50, F|100/100
|-ability|p1b: Aerodactyl|Unnerve
|-weather|SunnyDay|[from] ability: Drought|[of] p2b: Torkoal
|turn|1
|
|t:|1782522486
|move|p1b: Aerodactyl|Protect|p1b: Aerodactyl
|-singleturn|p1b: Aerodactyl|Protect
|move|p1a: Blaziken|Protect|p1a: Blaziken
|-singleturn|p1a: Blaziken|Protect
|move|p2a: Vileplume|Sleep Powder|p1a: Blaziken
|-activate|p1a: Blaziken|move: Protect
|move|p2b: Torkoal|Eruption|p1b: Aerodactyl|[spread] 
|-activate|p1a: Blaziken|move: Protect
|-activate|p1b: Aerodactyl|move: Protect
|
|-weather|SunnyDay|[upkeep]
|-ability|p1a: Blaziken|Speed Boost|boost
|-boost|p1a: Blaziken|spe|1
|upkeep
|turn|2
|
|t:|1782522498
|detailschange|p1a: Blaziken|Blaziken-Mega, L50, M
|-mega|p1a: Blaziken|Blaziken|Blazikenite
|move|p1a: Blaziken|Flare Blitz|p2a: Vileplume
|-supereffective|p2a: Vileplume|1
|-enditem|p2a: Vileplume|Focus Sash
|-damage|p2a: Vileplume|1/100
|-damage|p1a: Blaziken|68/100|[from] Recoil
|move|p2a: Vileplume|Sleep Powder|p1a: Blaziken
|-status|p1a: Blaziken|slp|[from] move: Sleep Powder
|move|p1b: Aerodactyl|Rock Slide|p2a: Vileplume|[spread] p2a,p2b
|-supereffective|p2b: Torkoal|1
|-damage|p2a: Vileplume|0 fnt
|-damage|p2b: Torkoal|62/100
|faint|p2a: Vileplume
|cant|p2b: Torkoal|flinch
|
|-weather|SunnyDay|[upkeep]
|-ability|p1a: Blaziken|Speed Boost|boost
|-boost|p1a: Blaziken|spe|1
|upkeep
|
|t:|1782522511
|switch|p2a: Farigiraf|Farigiraf, L50, F|100/100
|turn|3
|
|t:|1782522516
|cant|p1a: Blaziken|slp
|move|p1b: Aerodactyl|Rock Slide|p2a: Farigiraf|[spread] p2a,p2b
|-supereffective|p2b: Torkoal|1
|-damage|p2a: Farigiraf|82/100
|-damage|p2b: Torkoal|27/100
|move|p2b: Torkoal|Earth Power|p1a: Blaziken
|-supereffective|p1a: Blaziken|1
|-damage|p1a: Blaziken|0 fnt
|faint|p1a: Blaziken
|cant|p2a: Farigiraf|flinch
|
|-weather|SunnyDay|[upkeep]
|upkeep
|
|t:|1782522533
|switch|p1a: Tsareena|Tsareena, L50, F|100/100
|turn|4
|
|t:|1782522539
|move|p1b: Aerodactyl|Rock Slide|p2a: Farigiraf|[spread] p2a,p2b
|-supereffective|p2b: Torkoal|1
|-crit|p2b: Torkoal
|-damage|p2a: Farigiraf|65/100
|-damage|p2b: Torkoal|0 fnt
|faint|p2b: Torkoal
|move|p1a: Tsareena|Power Whip|p2a: Farigiraf
|-damage|p2a: Farigiraf|16/100
|move|p2a: Farigiraf|Trick Room|p2a: Farigiraf
|-fieldstart|move: Trick Room|[of] p2a: Farigiraf
|
|-weather|SunnyDay|[upkeep]
|upkeep
|
|t:|1782522541
|switch|p2b: Mawile|Mawile, L50, M|100/100
|turn|5
|inactive|Jiaco5 has 30 seconds left.
|
|t:|1782522566
|detailschange|p2b: Mawile|Mawile-Mega, L50, M
|-mega|p2b: Mawile|Mawile|Mawilite
|move|p1a: Tsareena|Protect|p1a: Tsareena
|-singleturn|p1a: Tsareena|Protect
|move|p2b: Mawile|Play Rough|p1a: Tsareena
|-activate|p1a: Tsareena|move: Protect
|move|p2a: Farigiraf|Psychic|p1a: Tsareena
|-activate|p1a: Tsareena|move: Protect
|move|p1b: Aerodactyl|Rock Slide|p2a: Farigiraf|[spread] p2a,p2b
|-resisted|p2b: Mawile|1
|-damage|p2a: Farigiraf|0 fnt
|-damage|p2b: Mawile|88/100
|faint|p2a: Farigiraf
|
|-weather|none
|upkeep
|turn|6
|
|t:|1782522584
|move|p2b: Mawile|Play Rough|p1a: Tsareena|[miss]
|-miss|p2b: Mawile|p1a: Tsareena
|move|p1a: Tsareena|Power Whip|p2b: Mawile
|-resisted|p2b: Mawile|1
|-damage|p2b: Mawile|61/100
|move|p1b: Aerodactyl|Rock Slide|p2b: Mawile
|-resisted|p2b: Mawile|1
|-damage|p2b: Mawile|47/100
|
|upkeep
|turn|7
|
|t:|1782522604
|move|p1a: Tsareena|Protect|p1a: Tsareena
|-singleturn|p1a: Tsareena|Protect
|move|p1b: Aerodactyl|Protect|p1b: Aerodactyl
|-singleturn|p1b: Aerodactyl|Protect
|move|p2b: Mawile|Play Rough|p1a: Tsareena
|-activate|p1a: Tsareena|move: Protect
|
|upkeep
|turn|8
|
|t:|1782522615
|move|p2b: Mawile|Play Rough|p1a: Tsareena
|-damage|p1a: Tsareena|0 fnt
|faint|p1a: Tsareena
|move|p1b: Aerodactyl|Rock Slide|p2b: Mawile
|-resisted|p2b: Mawile|1
|-damage|p2b: Mawile|32/100
|
|-fieldend|move: Trick Room
|upkeep
|c|☆lolgz|CHEEZE
|
|t:|1782522618
|switch|p1a: Basculegion|Basculegion, L50, M|100/100
|turn|9
|
|t:|1782522624
|move|p1a: Basculegion|Protect|p1a: Basculegion
|-singleturn|p1a: Basculegion|Protect
|move|p1b: Aerodactyl|Rock Slide|p2b: Mawile
|-resisted|p2b: Mawile|1
|-damage|p2b: Mawile|19/100
|move|p2b: Mawile|Play Rough|p1b: Aerodactyl
|-damage|p1b: Aerodactyl|0 fnt
|faint|p1b: Aerodactyl
|
|upkeep
|turn|10
|
|t:|1782522633
|move|p1a: Basculegion|Aqua Jet|p2b: Mawile
|-damage|p2b: Mawile|0 fnt
|faint|p2b: Mawile
|-damage|p1a: Basculegion|90/100|[from] item: Life Orb
|
|win|Jiaco5
