|j|☆Mr James Freak
|j|☆GlitchXDGOAT
|html|Mr James FreakGlitchXDGOAT    
|uhtml|bestof|Game 2 of a best-of-3
|t:|1784384909
|gametype|doubles
|player|p1|Mr James Freak|scientist|1475
|player|p2|GlitchXDGOAT|2|1391
|gen|9
|tier|[Gen 9 Champions] VGC 2026 Reg M-B (Bo3)
|rated|
|rule|Species Clause: Limit one of each Pokémon
|rule|Item Clause: Limit 1 of each item
|clearpoke
|poke|p1|Sinistcha-Masterpiece, L50, shiny|
|poke|p1|Sneasler, L50, F, shiny|
|poke|p1|Delphox, L50, M, shiny|
|poke|p1|Kingambit, L50, F, shiny|
|poke|p1|Ninetales-Alola, L50, M, shiny|
|poke|p1|Incineroar, L50, F, shiny|
|poke|p2|Farigiraf, L50, M|
|poke|p2|Floette-Eternal, L50, F|
|poke|p2|Whimsicott, L50, M|
|poke|p2|Kingambit, L50, F|
|poke|p2|Charizard, L50, M|
|poke|p2|Garchomp, L50, M|
|teampreview|4
|showteam|p1|Sinistcha-Masterpiece||OccaBerry|Hospitality|MatchaGotcha,RagePowder,TrickRoom,Protect|Bold|||||50|]Sneasler||WhiteHerb|Unburden|CloseCombat,DireClaw,FakeOut,QuickGuard|Jolly||F|||50|]Delphox||Delphoxite|Blaze|HeatWave,Psyshock,NastyPlot,Protect|Timid||M|||50|]Kingambit||ChopleBerry|Defiant|KowtowCleave,SuckerPunch,LowKick,Protect|Adamant||F|||50|]Ninetales-Alola||FocusSash|SnowWarning|Blizzard,FreezeDry,Encore,Protect|Timid||M|||50|]Incineroar||PasshoBerry|Intimidate|FakeOut,PartingShot,FlareBlitz,ThroatChop|Careful||F|||50|
|showteam|p2|Farigiraf||SitrusBerry|ArmorTail|Psychic,HelpingHand,Roar,TrickRoom|Bold||M|||50|]Floette-Eternal||Floettite|FlowerVeil|Moonblast,DrainingKiss,CalmMind,Protect|Quiet||F|||50|]Whimsicott||FairyFeather|Prankster|Moonblast,Tailwind,Encore,Protect|Timid||M|||50|]Kingambit||FocusSash|Defiant|SuckerPunch,KowtowCleave,IronHead,LowKick|Adamant||F|||50|]Charizard||CharizarditeY|Blaze|HeatWave,WeatherBall,SolarBeam,Protect|Modest||M|||50|]Garchomp||LifeOrb|RoughSkin|DragonClaw,RockSlide,Earthquake,Protect|Jolly||M|||50|
|inactive|Battle timer is ON: inactive players will automatically lose when time's up. (requested by GlitchXDGOAT)
|
|t:|1784384929
|teamsize|p1|4
|teamsize|p2|4
|start
|switch|p1a: Delphox|Delphox, L50, M, shiny|100/100
|switch|p1b: Sneasler|Sneasler, L50, F, shiny|100/100
|switch|p2a: Kingambit|Kingambit, L50, F|100/100
|switch|p2b: Charizard|Charizard, L50, M|100/100
|turn|1
|c|☆GlitchXDGOAT|GG on game 1 btw and glhf
|inactive|Mr James Freak has 30 seconds left.
|inactive|GlitchXDGOAT has 30 seconds left.
|
|t:|1784384957
|switch|p2a: Farigiraf|Farigiraf, L50, M|100/100
|detailschange|p1a: Delphox|Delphox-Mega, L50, M, shiny
|-mega|p1a: Delphox|Delphox|Delphoxite
|detailschange|p2b: Charizard|Charizard-Mega-Y, L50, M
|-mega|p2b: Charizard|Charizard|Charizardite Y
|-weather|SunnyDay|[from] ability: Drought|[of] p2b: Charizard
|move|p1a: Delphox|Nasty Plot|p1a: Delphox
|-boost|p1a: Delphox|spa|2
|move|p1b: Sneasler|Close Combat|p2a: Farigiraf
|-damage|p2a: Farigiraf|54/100
|-unboost|p1b: Sneasler|def|1
|-unboost|p1b: Sneasler|spd|1
|-enditem|p1b: Sneasler|White Herb
|-clearnegativeboost|p1b: Sneasler|[silent]
|move|p2b: Charizard|Weather Ball|p1b: Sneasler
|-damage|p1b: Sneasler|0 fnt
|faint|p1b: Sneasler
|
|-weather|SunnyDay|[upkeep]
|upkeep
|
|t:|1784384978
|switch|p1b: Kingambit|Kingambit, L50, F, shiny|100/100
|turn|2
|
|t:|1784384993
|move|p2b: Charizard|Protect|p2b: Charizard
|-singleturn|p2b: Charizard|Protect
|move|p1b: Kingambit|Protect|p1b: Kingambit
|-singleturn|p1b: Kingambit|Protect
|move|p1a: Delphox|Psyshock|p2b: Charizard
|-activate|p2b: Charizard|move: Protect
|move|p2a: Farigiraf|Roar|p1a: Delphox
|drag|p1a: Sinistcha|Sinistcha-Masterpiece, L50, shiny|100/100
|
|-weather|SunnyDay|[upkeep]
|upkeep
|turn|3
|
|t:|1784385012
|switch|p1b: Delphox|Delphox-Mega, L50, M, shiny|100/100
|move|p2a: Farigiraf|Helping Hand|p2b: Charizard
|-singleturn|p2b: Charizard|Helping Hand|[of] p2a: Farigiraf
|move|p2b: Charizard|Heat Wave|p1a: Sinistcha|[spread] p1a,p1b
|-supereffective|p1a: Sinistcha|1
|-enditem|p1a: Sinistcha|Occa Berry|[eat]
|-enditem|p1a: Sinistcha|Occa Berry|[weaken]
|-resisted|p1b: Delphox|1
|-damage|p1a: Sinistcha|0 fnt
|-damage|p1b: Delphox|53/100
|faint|p1a: Sinistcha
|
|-weather|SunnyDay|[upkeep]
|upkeep
|
|t:|1784385022
|switch|p1a: Kingambit|Kingambit, L50, F, shiny|100/100
|turn|4
|
|t:|1784385028
|move|p2a: Farigiraf|Helping Hand|p2b: Charizard
|-singleturn|p2b: Charizard|Helping Hand|[of] p2a: Farigiraf
|move|p1a: Kingambit|Protect|p1a: Kingambit
|-singleturn|p1a: Kingambit|Protect
|move|p1b: Delphox|Psyshock|p2b: Charizard
|-crit|p2b: Charizard
|-damage|p2b: Charizard|11/100
|move|p2b: Charizard|Heat Wave|p1a: Kingambit|[spread] p1b
|-activate|p1a: Kingambit|move: Protect
|-resisted|p1b: Delphox|1
|-damage|p1b: Delphox|7/100
|
|-weather|SunnyDay|[upkeep]
|upkeep
|turn|5
|
|t:|1784385043
|move|p2b: Charizard|Protect|p2b: Charizard
|-singleturn|p2b: Charizard|Protect
|move|p1b: Delphox|Heat Wave|p2a: Farigiraf|[spread] p2a
|-activate|p2b: Charizard|move: Protect
|-damage|p2a: Farigiraf|0 fnt
|faint|p2a: Farigiraf
|move|p1a: Kingambit|Kowtow Cleave|p2b: Charizard
|-activate|p2b: Charizard|move: Protect
|
|-weather|none
|upkeep
|
|t:|1784385050
|switch|p2a: Kingambit|Kingambit, L50, F|100/100
|turn|6
|
|t:|1784385056
|move|p2a: Kingambit|Sucker Punch|p1b: Delphox
|-supereffective|p1b: Delphox|1
|-damage|p1b: Delphox|0 fnt
|faint|p1b: Delphox
|move|p2b: Charizard|Heat Wave|p1a: Kingambit
|-supereffective|p1a: Kingambit|1
|-damage|p1a: Kingambit|0 fnt
|faint|p1a: Kingambit
|
|win|GlitchXDGOAT
|raw|Mr James Freak's rating: 1475 → 1450(-25 for losing)
|raw|GlitchXDGOAT's rating: 1391 → 1416(+25 for winning)
|c|☆GlitchXDGOAT|GG
|l|☆Mr James Freak
|player|p1|
