|j|☆Sodamario
|j|☆PRLT1 Jurrasicz
|html|SodamarioPRLT1 Jurrasicz    
|uhtml|bestof|Game 2 of a best-of-3
|t:|1783435563
|gametype|doubles
|player|p1|Sodamario|cynthia-gen4|1420
|player|p2|PRLT1 Jurrasicz|pokemaniac|1443
|gen|9
|tier|[Gen 9 Champions] VGC 2026 Reg M-B (Bo3)
|rated|
|rule|Species Clause: Limit one of each Pokémon
|rule|Item Clause: Limit 1 of each item
|clearpoke
|poke|p1|Ceruledge, L50, F|
|poke|p1|Milotic, L50, M|
|poke|p1|Incineroar, L50, F|
|poke|p1|Raichu, L50, F|
|poke|p1|Ninetales-Alola, L50, F|
|poke|p1|Sinistcha, L50|
|poke|p2|Charizard, L50, F|
|poke|p2|Whimsicott, L50, M|
|poke|p2|Floette-Eternal, L50, F|
|poke|p2|Basculegion, L50, M|
|poke|p2|Garchomp, L50, F|
|poke|p2|Kingambit, L50, F, shiny|
|teampreview|4
|showteam|p1|Ceruledge||ColburBerry|FlashFire|BitterBlade,ShadowSneak,BulkUp,Protect|Adamant||F|||50|]Milotic||Leftovers|Competitive|MuddyWater,Coil,Hypnosis,Protect|Bold||M|||50|]Incineroar||SitrusBerry|Intimidate|FlareBlitz,PartingShot,FakeOut,DarkestLariat|Impish||F|||50|]Raichu||RaichuniteY|LightningRod|ZapCannon,FocusBlast,FakeOut,Protect|Timid||F|||50|]Ninetales-Alola||NeverMeltIce|SnowWarning|Blizzard,FreezeDry,AuroraVeil,Protect|Timid||F|||50|]Sinistcha||KasibBerry|Hospitality|MatchaGotcha,RagePowder,TrickRoom,Protect|Bold|||||50|
|showteam|p2|Charizard||CharizarditeY|Blaze|HeatWave,SolarBeam,WeatherBall,Protect|Modest||F|||50|]Whimsicott||FocusSash|Prankster|Moonblast,Encore,Tailwind,Protect|Timid||M|||50|]Floette-Eternal||Floettite|FlowerVeil|Moonblast,DazzlingGleam,LightofRuin,Protect|Modest||F|||50|]Basculegion||MysticWater|Adaptability|WaveCrash,AquaJet,LastRespects,Protect|Adamant||M|||50|]Garchomp||LifeOrb|RoughSkin|DragonClaw,Earthquake,RockSlide,Protect|Jolly||F|||50|]Kingambit||OccaBerry|Defiant|KowtowCleave,SuckerPunch,IronHead,Protect|Adamant||F|||50|
|inactive|Battle timer is ON: inactive players will automatically lose when time's up. (requested by PRLT1 Jurrasicz)
|inactive|Sodamario has 60 seconds left.
|
|t:|1783435622
|teamsize|p1|4
|teamsize|p2|4
|start
|switch|p1a: Sinistcha|Sinistcha, L50|100/100
|switch|p1b: Raichu|Raichu, L50, F|100/100
|switch|p2a: Whimsicott|Whimsicott, L50, M|100/100
|switch|p2b: Floette|Floette-Eternal, L50, F|100/100
|turn|1
|inactive|PRLT1 Jurrasicz has 30 seconds left.
|inactive|PRLT1 Jurrasicz has 20 seconds left.
|
|t:|1783435660
|switch|p1a: Ceruledge|Ceruledge, L50, F|100/100
|detailschange|p1b: Raichu|Raichu-Mega-Y, L50, F
|-mega|p1b: Raichu|Raichu|Raichunite Y
|detailschange|p2b: Floette|Floette-Mega, L50, F
|-mega|p2b: Floette|Floette|Floettite
|-ability|p2b: Floette|Fairy Aura
|move|p2b: Floette|Protect|p2b: Floette
|-singleturn|p2b: Floette|Protect
|move|p1b: Raichu|Fake Out|p2b: Floette
|-activate|p2b: Floette|move: Protect
|move|p2a: Whimsicott|Moonblast|p1b: Raichu
|-damage|p1b: Raichu|39/100
|-unboost|p1b: Raichu|spa|1
|
|upkeep
|turn|2
|inactive|Sodamario has 30 seconds left.
|inactive|PRLT1 Jurrasicz has 30 seconds left.
|inactive|PRLT1 Jurrasicz has 20 seconds left.
|
|t:|1783435700
|move|p1b: Raichu|Protect|p1b: Raichu
|-singleturn|p1b: Raichu|Protect
|move|p2a: Whimsicott|Moonblast|p1a: Ceruledge
|-resisted|p1a: Ceruledge|1
|-damage|p1a: Ceruledge|78/100
|move|p2b: Floette|Dazzling Gleam|p1b: Raichu|[spread] p1a
|-activate|p1b: Raichu|move: Protect
|-resisted|p1a: Ceruledge|1
|-damage|p1a: Ceruledge|53/100
|move|p1a: Ceruledge|Bitter Blade|p2b: Floette
|-damage|p2b: Floette|34/100
|-heal|p1a: Ceruledge|82/100|[from] drain|[of] p2b: Floette
|
|upkeep
|turn|3
|inactive|Sodamario has 30 seconds left.
|inactive|PRLT1 Jurrasicz has 30 seconds left.
|
|t:|1783435728
|switch|p1b: Ninetales|Ninetales-Alola, L50, F|100/100
|-weather|Snowscape|[from] ability: Snow Warning|[of] p1b: Ninetales
|move|p2a: Whimsicott|Tailwind|p2a: Whimsicott
|-sidestart|p2: PRLT1 Jurrasicz|move: Tailwind
|move|p2b: Floette|Light of Ruin|p1a: Ceruledge
|-resisted|p1a: Ceruledge|1
|-damage|p1a: Ceruledge|21/100
|-damage|p2b: Floette|0 fnt|[from] Recoil
|faint|p2b: Floette
|move|p1a: Ceruledge|Bitter Blade|p2a: Whimsicott
|-supereffective|p2a: Whimsicott|1
|-enditem|p2a: Whimsicott|Focus Sash
|-damage|p2a: Whimsicott|1/100
|-heal|p1a: Ceruledge|58/100|[from] drain|[of] p2a: Whimsicott
|
|-weather|Snowscape|[upkeep]
|upkeep
|
|t:|1783435742
|switch|p2b: Kingambit|Kingambit, L50, F, shiny|100/100
|turn|4
|inactive|Sodamario has 30 seconds left.
|
|t:|1783435773
|switch|p1b: Sinistcha|Sinistcha, L50|100/100
|-heal|p1a: Ceruledge|83/100|[from] ability: Hospitality|[of] p1b: Sinistcha
|move|p2a: Whimsicott|Moonblast|p1a: Ceruledge
|-resisted|p1a: Ceruledge|1
|-damage|p1a: Ceruledge|66/100
|-unboost|p1a: Ceruledge|spa|1
|move|p2b: Kingambit|Iron Head|p1b: Sinistcha
|-damage|p1b: Sinistcha|61/100
|move|p1a: Ceruledge|Bitter Blade|p2b: Kingambit
|-supereffective|p2b: Kingambit|1
|-enditem|p2b: Kingambit|Occa Berry|[eat]
|-enditem|p2b: Kingambit|Occa Berry|[weaken]
|-damage|p2b: Kingambit|61/100
|-heal|p1a: Ceruledge|88/100|[from] drain|[of] p2b: Kingambit
|
|-weather|Snowscape|[upkeep]
|upkeep
|turn|5
|inactive|Sodamario has 30 seconds left.
|inactive|PRLT1 Jurrasicz has 30 seconds left.
|
|t:|1783435805
|move|p2b: Kingambit|Protect|p2b: Kingambit
|-singleturn|p2b: Kingambit|Protect
|move|p1a: Ceruledge|Shadow Sneak|p2a: Whimsicott
|-damage|p2a: Whimsicott|0 fnt
|faint|p2a: Whimsicott
|move|p1b: Sinistcha|Matcha Gotcha|p2b: Kingambit
|-activate|p2b: Kingambit|move: Protect
|
|-weather|Snowscape|[upkeep]
|upkeep
|
|t:|1783435810
|switch|p2a: Basculegion|Basculegion, L50, M|100/100
|turn|6
|
|t:|1783435824
|move|p1b: Sinistcha|Rage Powder|p1b: Sinistcha
|-singleturn|p1b: Sinistcha|move: Rage Powder
|move|p2a: Basculegion|Last Respects|p1b: Sinistcha
|-supereffective|p1b: Sinistcha|1
|-enditem|p1b: Sinistcha|Kasib Berry|[eat]
|-enditem|p1b: Sinistcha|Kasib Berry|[weaken]
|-damage|p1b: Sinistcha|0 fnt
|faint|p1b: Sinistcha
|move|p2b: Kingambit|Kowtow Cleave|p1a: Ceruledge
|-supereffective|p1a: Ceruledge|1
|-enditem|p1a: Ceruledge|Colbur Berry|[eat]
|-enditem|p1a: Ceruledge|Colbur Berry|[weaken]
|-damage|p1a: Ceruledge|29/100
|move|p1a: Ceruledge|Bitter Blade|p2b: Kingambit
|-supereffective|p2b: Kingambit|1
|-damage|p2b: Kingambit|0 fnt
|-heal|p1a: Ceruledge|65/100|[from] drain|[of] p2b: Kingambit
|faint|p2b: Kingambit
|
|-weather|Snowscape|[upkeep]
|-sideend|p2: PRLT1 Jurrasicz|move: Tailwind
|upkeep
|
|t:|1783435837
|switch|p1b: Ninetales|Ninetales-Alola, L50, F|100/100
|turn|7
|
|t:|1783435846
|move|p1a: Ceruledge|Shadow Sneak|p2a: Basculegion
|-supereffective|p2a: Basculegion|1
|-crit|p2a: Basculegion
|-damage|p2a: Basculegion|20/100y
|move|p1b: Ninetales|Freeze-Dry|p2a: Basculegion
|-supereffective|p2a: Basculegion|1
|-damage|p2a: Basculegion|0 fnt
|faint|p2a: Basculegion
|
|win|Sodamario
||Sodamario is ready for game 3.
|inactive|PRLT1 Jurrasicz has 30 seconds to confirm battle start!
|inactive|PRLT1 Jurrasicz has 20 seconds to confirm battle start!
||PRLT1 Jurrasicz is ready for game 3.
|uhtml|next|Next: Game 3 of 3
