|j|☆fuggdafogg
|j|☆IlluminaGielBakker
|html|fuggdafoggIlluminaGielBakker    
|uhtml|bestof|Game 3 of a best-of-3
|t:|1754337914
|gametype|doubles
|player|p1|fuggdafogg|gordie|1318
|player|p2|IlluminaGielBakker|wattson|1252
|gen|9
|tier|[Gen 9] VGC 2025 Reg H (Bo3)
|rated|
|rule|Species Clause: Limit one of each Pokémon
|rule|Item Clause: Limit 1 of each item
|clearpoke
|poke|p1|Sneasler, L50, M|
|poke|p1|Primarina, L50, M|
|poke|p1|Dragapult, L50, M|
|poke|p1|Corviknight, L50, M|
|poke|p1|Indeedee, L50, M|
|poke|p1|Magmar, L50, M|
|poke|p2|Porygon2, L50|
|poke|p2|Incineroar, L50, M|
|poke|p2|Pelipper, L50, F|
|poke|p2|Sneasler, L50, F|
|poke|p2|Ursaluna, L50, F|
|poke|p2|Gholdengo, L50|
|teampreview|4
|showteam|p1|Sneasler||FocusSash|Unburden|CloseCombat,DireClaw,Coaching,ThroatChop|||M|||50|,,,,,Stellar]Primarina||SitrusBerry|LiquidVoice|HyperVoice,Moonblast,Protect,Haze|||M|||50|,,,,,Steel]Dragapult||ChoiceBand|ClearBody|DragonDarts,Outrage,PhantomForce,TeraBlast|||M|||50|,,,,,Ghost]Corviknight||PsychicSeed|MirrorArmor|IronHead,BulkUp,PowerTrip,Roost|||M|||50|,,,,,Dragon]Indeedee||ChoiceScarf|PsychicSurge|ExpandingForce,TeraBlast,Trick,DazzlingGleam|||M|||50|,,,,,Psychic]Magmar||Eviolite|VitalSpirit|Protect,WillOWisp,FollowMe,HeatWave|||M|||50|,,,,,Ghost
|showteam|p2|Porygon2||Eviolite|Download|TeraBlast,IceBeam,Recover,TrickRoom||||||50|,,,,,Electric]Incineroar||SafetyGoggles|Intimidate|FakeOut,KnockOff,FlareBlitz,PartingShot|||M|||50|,,,,,Ghost]Pelipper||CovertCloak|Drizzle|WeatherBall,WideGuard,Hurricane,Tailwind|||F|||50|,,,,,Grass]Sneasler||FocusSash|Unburden|FakeOut,CloseCombat,DireClaw,Protect|||F|||50|,,,,,Stellar]Ursaluna||FlameOrb|Guts|Facade,HeadlongRush,Earthquake,Protect|||F|||50|,,,,,Poison]Gholdengo||Leftovers|GoodasGold|MakeItRain,ShadowBall,NastyPlot,Protect||||||50|,,,,,Water
|inactive|Battle timer is ON: inactive players will automatically lose when time's up. (requested by IlluminaGielBakker)
|inactive|fuggdafogg has 60 seconds left.
|
|t:|1754337947
|teamsize|p1|4
|teamsize|p2|4
|start
|switch|p1a: Corviknight|Corviknight, L50, M|100/100
|switch|p1b: Indeedee|Indeedee, L50, M|100/100
|switch|p2a: Gholdengo|Gholdengo, L50|100/100
|switch|p2b: Incineroar|Incineroar, L50, M, shiny|100/100
|-fieldstart|move: Psychic Terrain|[from] ability: Psychic Surge|[of] p1b: Indeedee
|-enditem|p1a: Corviknight|Psychic Seed
|-boost|p1a: Corviknight|spd|1|[from] item: Psychic Seed
|-ability|p2b: Incineroar|Intimidate|boost
|-ability|p1a: Corviknight|Mirror Armor
|-unboost|p2b: Incineroar|atk|1
|-unboost|p1b: Indeedee|atk|1
|turn|1
|
|t:|1754337965
|switch|p1b: Dragapult|Dragapult, L50, M|100/100
|move|p2a: Gholdengo|Nasty Plot|p2a: Gholdengo
|-boost|p2a: Gholdengo|spa|2
|move|p1a: Corviknight|Bulk Up|p1a: Corviknight
|-boost|p1a: Corviknight|atk|1
|-boost|p1a: Corviknight|def|1
|move|p2b: Incineroar|Knock Off|p1b: Dragapult
|-supereffective|p1b: Dragapult
|-damage|p1b: Dragapult|18/100
|-enditem|p1b: Dragapult|Choice Band|[from] move: Knock Off|[of] p2b: Incineroar
|
|upkeep
|turn|2
|
|t:|1754337983
|-terastallize|p2a: Gholdengo|Water
|move|p1b: Dragapult|Phantom Force||[still]
|-prepare|p1b: Dragapult|Phantom Force
|move|p2a: Gholdengo|Shadow Ball|p1a: Corviknight
|-damage|p1a: Corviknight|47/100
|move|p1a: Corviknight|Power Trip|p2a: Gholdengo
|-damage|p2a: Gholdengo|72/100
|move|p2b: Incineroar|Flare Blitz|p1a: Corviknight
|-supereffective|p1a: Corviknight
|-damage|p1a: Corviknight|2/100
|-damage|p2b: Incineroar|86/100|[from] Recoil
|
|-heal|p2a: Gholdengo|79/100|[from] item: Leftovers
|upkeep
|turn|3
|
|t:|1754337995
|switch|p2b: Porygon2|Porygon2, L50|100/100
|-ability|p2b: Porygon2|Download|boost
|-boost|p2b: Porygon2|spa|1
|move|p1b: Dragapult|Phantom Force|p2a: Gholdengo|[from] lockedmove
|-damage|p2a: Gholdengo|39/100
|move|p2a: Gholdengo|Make It Rain|p1b: Dragapult|[spread] p1a,p1b
|-resisted|p1a: Corviknight
|-damage|p1a: Corviknight|0 fnt
|-damage|p1b: Dragapult|0 fnt
|-unboost|p2a: Gholdengo|spa|1
|faint|p1a: Corviknight
|faint|p1b: Dragapult
|
|-heal|p2a: Gholdengo|45/100|[from] item: Leftovers
|upkeep
|
|t:|1754338003
|switch|p1b: Indeedee|Indeedee, L50, M|100/100
|switch|p1a: Sneasler|Sneasler, L50, M|100/100
|turn|4
|
|t:|1754338019
|switch|p2b: Incineroar|Incineroar, L50, M, shiny|86/100
|-ability|p2b: Incineroar|Intimidate|boost
|-unboost|p1a: Sneasler|atk|1
|-unboost|p1b: Indeedee|atk|1
|-terastallize|p1b: Indeedee|Psychic
|move|p1b: Indeedee|Expanding Force|p2a: Gholdengo|[spread] p2a
|-immune|p2b: Incineroar
|-crit|p2a: Gholdengo
|-damage|p2a: Gholdengo|0 fnt
|faint|p2a: Gholdengo
|move|p1a: Sneasler|Close Combat|p2b: Incineroar
|-supereffective|p2b: Incineroar
|-damage|p2b: Incineroar|14/100
|-unboost|p1a: Sneasler|def|1
|-unboost|p1a: Sneasler|spd|1
|
|upkeep
|
|t:|1754338032
|switch|p2a: Porygon2|Porygon2, L50|100/100
|-ability|p2a: Porygon2|Download|boost
|-boost|p2a: Porygon2|atk|1
|turn|5
|
|t:|1754338049
|move|p1b: Indeedee|Expanding Force|p2a: Porygon2|[spread] p2a
|-immune|p2b: Incineroar
|-damage|p2a: Porygon2|54/100
|move|p1a: Sneasler|Close Combat|p2a: Porygon2
|-supereffective|p2a: Porygon2
|-damage|p2a: Porygon2|0 fnt
|-unboost|p1a: Sneasler|def|1
|-unboost|p1a: Sneasler|spd|1
|faint|p2a: Porygon2
|move|p2b: Incineroar|Knock Off|p1a: Sneasler
|-resisted|p1a: Sneasler
|-damage|p1a: Sneasler|29/100
|-enditem|p1a: Sneasler|Focus Sash|[from] move: Knock Off|[of] p2b: Incineroar
|
|-fieldend|move: Psychic Terrain
|upkeep
|
|t:|1754338054
|switch|p2a: Ursaluna|Ursaluna, L50, F|100/100
|turn|6
|
|t:|1754338065
|move|p1a: Sneasler|Close Combat|p2b: Incineroar
|-supereffective|p2b: Incineroar
|-damage|p2b: Incineroar|0 fnt
|-unboost|p1a: Sneasler|def|1
|-unboost|p1a: Sneasler|spd|1
|faint|p2b: Incineroar
|move|p1b: Indeedee|Expanding Force|p2a: Ursaluna
|-damage|p2a: Ursaluna|60/100
|move|p2a: Ursaluna|Earthquake|p1b: Indeedee|[spread] p1a,p1b
|-supereffective|p1a: Sneasler
|-damage|p1a: Sneasler|0 fnt
|-damage|p1b: Indeedee|5/100
|faint|p1a: Sneasler
|
|-status|p2a: Ursaluna|brn|[from] item: Flame Orb
|upkeep
|turn|7
|c|☆IlluminaGielBakker|ggs
|
|t:|1754338075
|move|p1b: Indeedee|Expanding Force|p2a: Ursaluna
|-damage|p2a: Ursaluna|14/100 brn
|move|p2a: Ursaluna|Earthquake|p1b: Indeedee
|-damage|p1b: Indeedee|0 fnt
|faint|p1b: Indeedee
|
|win|IlluminaGielBakker
|raw|fuggdafogg's rating: 1318 → 1294(-24 for losing)
|raw|IlluminaGielBakker's rating: 1252 → 1282(+30 for winning)
|l|☆fuggdafogg
|player|p1|
|l|☆IlluminaGielBakker
|player|p2|
|j|☆IlluminaGielBakker
|player|p2|IlluminaGielBakker|wattson|
