|j|☆herobrinevevo
|j|☆mojokfytu
|html|herobrinevevomojokfytu    
|uhtml|bestof|Game 1 of a best-of-3
|t:|1785968101
|gametype|doubles
|player|p1|herobrinevevo|2|1089
|player|p2|mojokfytu|102|1000
|gen|9
|tier|[Gen 9 Champions] VGC 2026 Reg M-B (Bo3)
|rated|
|rule|Species Clause: Limit one of each Pokémon
|rule|Item Clause: Limit 1 of each item
|clearpoke
|poke|p1|Palafin, L50, M|
|poke|p1|Blaziken, L50, M|
|poke|p1|Corviknight, L50, M|
|poke|p1|Garchomp, L50, F|
|poke|p1|Basculegion, L50, M|
|poke|p1|Clefable, L50, M|
|poke|p2|Swampert, L50, F|
|poke|p2|Pelipper, L50, M|
|poke|p2|Archaludon, L50, F|
|poke|p2|Charizard, L50, F|
|poke|p2|Venusaur, L50, M|
|poke|p2|Grimmsnarl, L50, M|
|teampreview|4
|showteam|p1|Palafin||ChoiceScarf|ZerotoHero|FlipTurn,CloseCombat,IronHead,WaveCrash|Adamant||M|||50|]Blaziken||Blazikenite|SpeedBoost|Detect,FlareBlitz,BrickBreak,BraveBird|Adamant||M|||50|]Corviknight||Leftovers|MirrorArmor|IronDefense,Roost,Defog,BodyPress|Calm||M|||50|]Garchomp||FocusSash|RoughSkin|Earthquake,DragonClaw,Liquidation,SwordsDance|Jolly||F|||50|]Basculegion||LifeOrb|Adaptability|LastRespects,AquaJet,Liquidation,FlipTurn|Jolly||M|||50|]Clefable||MentalHerb|MagicGuard|StealthRock,ThunderWave,Moonblast,Moonlight|Calm||M|||50|
|showteam|p2|Swampert||Swampertite|Damp|Protect,WaveCrash,Earthquake,IcePunch|Jolly||F|||50|]Pelipper||SitrusBerry|Drizzle|Tailwind,WideGuard,Hurricane,WeatherBall|Modest||M|||50|]Archaludon||Leftovers|Stalwart|Protect,DragonPulse,FlashCannon,ElectroShot|Timid||F|||50|]Charizard||CharizarditeY|SolarPower|HeatWave,WeatherBall,SolarBeam,FocusBlast|Timid||F|||50|]Venusaur||FocusSash|Chlorophyll|SleepPowder,EarthPower,SludgeBomb,Protect|Modest||M|||50|]Grimmsnarl||LightClay|Prankster|Reflect,LightScreen,PartingShot,SpiritBreak|Careful||M|||50|
|inactive|Battle timer is ON: inactive players will automatically lose when time's up. (requested by herobrinevevo)
|inactive|mojokfytu has 60 seconds left.
|inactive|mojokfytu has 30 seconds left.
|inactive|herobrinevevo has 60 seconds left.
|
|t:|1785968174
|teamsize|p1|4
|teamsize|p2|4
|start
|switch|p1a: Palafin|Palafin, L50, M|100/100
|switch|p1b: Corviknight|Corviknight, L50, M|100/100
|switch|p2a: Grimmsnarl|Grimmsnarl, L50, M|100/100
|switch|p2b: Charizard|Charizard, L50, F|100/100
|turn|1
|
|t:|1785968194
|switch|p1b: Blaziken|Blaziken, L50, M|100/100
|detailschange|p2b: Charizard|Charizard-Mega-Y, L50, F
|-mega|p2b: Charizard|Charizard|Charizardite Y
|-weather|SunnyDay|[from] ability: Drought|[of] p2b: Charizard
|move|p2a: Grimmsnarl|Reflect|p2a: Grimmsnarl
|-sidestart|p2: mojokfytu|Reflect
|move|p1a: Palafin|Flip Turn|p2b: Charizard
|-supereffective|p2b: Charizard|1
|-damage|p2b: Charizard|78/100
|
|t:|1785968207
|detailschange|p1a: Palafin|Palafin-Hero, L50, M
|switch|p1a: Corviknight|Corviknight, L50, M|100/100|[from] Flip Turn
|move|p2b: Charizard|Heat Wave|p1b: Blaziken|[spread] p1a,p1b
|-supereffective|p1a: Corviknight|1
|-resisted|p1b: Blaziken|1
|-damage|p1a: Corviknight|0 fnt
|-damage|p1b: Blaziken|60/100
|faint|p1a: Corviknight
|
|-weather|SunnyDay|[upkeep]
|upkeep
|
|t:|1785968211
|switch|p1a: Palafin|Palafin-Hero, L50, M|100/100
|-activate|p1a: Palafin|ability: Zero to Hero
|turn|2
|inactive|mojokfytu has 30 seconds left.
|inactive|mojokfytu has 20 seconds left.
|
|t:|1785968247
|switch|p2b: Pelipper|Pelipper, L50, M|100/100
|-weather|RainDance|[from] ability: Drizzle|[of] p2b: Pelipper
|detailschange|p1b: Blaziken|Blaziken-Mega, L50, M
|-mega|p1b: Blaziken|Blaziken|Blazikenite
|move|p1b: Blaziken|Detect|p1b: Blaziken
|-singleturn|p1b: Blaziken|Protect
|move|p2a: Grimmsnarl|Parting Shot|p1a: Palafin
|-unboost|p1a: Palafin|atk|1
|-unboost|p1a: Palafin|spa|1
|
|t:|1785968257
|switch|p2a: Archaludon|Archaludon, L50, F|100/100|[from] Parting Shot
|move|p1a: Palafin|Wave Crash|p2b: Pelipper
|-resisted|p2b: Pelipper|1
|-damage|p2b: Pelipper|70/100
|-damage|p1a: Palafin|90/100|[from] Recoil
|
|-weather|RainDance|[upkeep]
|-ability|p1b: Blaziken|Speed Boost|boost
|-boost|p1b: Blaziken|spe|1
|upkeep
|turn|3
|
|t:|1785968281
|switch|p1a: Basculegion|Basculegion, L50, M|100/100
|move|p2a: Archaludon|Protect|p2a: Archaludon
|-singleturn|p2a: Archaludon|Protect
|move|p1b: Blaziken|Brave Bird|p2b: Pelipper
|-damage|p2b: Pelipper|32/100
|-enditem|p2b: Pelipper|Sitrus Berry|[eat]
|-heal|p2b: Pelipper|57/100|[from] item: Sitrus Berry
|-damage|p1b: Blaziken|49/100|[from] Recoil
|move|p2b: Pelipper|Weather Ball|p1b: Blaziken
|-supereffective|p1b: Blaziken|1
|-damage|p1b: Blaziken|0 fnt
|faint|p1b: Blaziken
|
|-weather|RainDance|[upkeep]
|upkeep
|
|t:|1785968294
|switch|p1b: Palafin|Palafin-Hero, L50, M|90/100
|turn|4
|
|t:|1785968318
|switch|p2a: Grimmsnarl|Grimmsnarl, L50, M|100/100
|move|p1b: Palafin|Wave Crash|p2a: Grimmsnarl
|-damage|p2a: Grimmsnarl|4/100
|-damage|p1b: Palafin|55/100|[from] Recoil
|move|p1a: Basculegion|Last Respects|p2a: Grimmsnarl
|-resisted|p2a: Grimmsnarl|1
|-damage|p2a: Grimmsnarl|0 fnt
|faint|p2a: Grimmsnarl
|-damage|p1a: Basculegion|90/100|[from] item: Life Orb
|move|p2b: Pelipper|Tailwind|p2b: Pelipper
|-sidestart|p2: mojokfytu|move: Tailwind
|
|-weather|RainDance|[upkeep]
|upkeep
|
|t:|1785968332
|switch|p2a: Archaludon|Archaludon, L50, F|100/100
|turn|5
|
|t:|1785968352
|move|p2a: Archaludon|Electro Shot||[still]
|-prepare|p2a: Archaludon|Electro Shot
|-boost|p2a: Archaludon|spa|1
|-anim|p2a: Archaludon|Electro Shot|p1b: Palafin
|-supereffective|p1b: Palafin|1
|-damage|p1b: Palafin|0 fnt
|faint|p1b: Palafin
|move|p2b: Pelipper|Hurricane|p1a: Basculegion
|-damage|p1a: Basculegion|31/100
|move|p1a: Basculegion|Last Respects|p2a: Archaludon
|-damage|p2a: Archaludon|1/100
|-damage|p1a: Basculegion|22/100|[from] item: Life Orb
|
|-weather|RainDance|[upkeep]
|-heal|p2a: Archaludon|7/100|[from] item: Leftovers
|upkeep
|turn|6
|-message|herobrinevevo forfeited.
|
|win|mojokfytu
|l|☆herobrinevevo
|player|p1|
