|j|☆squarer55
|j|☆TrashTest6116
|html|squarer55TrashTest6116    
|uhtml|bestof|Game 3 of a best-of-3
|t:|1783697551
|gametype|doubles
|player|p1|squarer55|blue|1057
|player|p2|TrashTest6116|colress|1105
|gen|9
|tier|[Gen 9 Champions] VGC 2026 Reg M-B (Bo3)
|rated|
|rule|Species Clause: Limit one of each Pokémon
|rule|Item Clause: Limit 1 of each item
|clearpoke
|poke|p1|Grimmsnarl, L50, M|
|poke|p1|Archaludon, L50, F|
|poke|p1|Swampert, L50, F|
|poke|p1|Pelipper, L50, F|
|poke|p1|Sinistcha, L50|
|poke|p1|Metagross, L50|
|poke|p2|Blastoise, L50, F|
|poke|p2|Delphox, L50, M|
|poke|p2|Incineroar, L50, F|
|poke|p2|Sneasler, L50, M|
|poke|p2|Sinistcha-Masterpiece, L50|
|poke|p2|Kingambit, L50, M|
|teampreview|4
|showteam|p1|Grimmsnarl||LightClay|Prankster|Reflect,LightScreen,PartingShot,FoulPlay|Calm||M|||50|]Archaludon||Leftovers|Stamina|Protect,FlashCannon,ElectroShot,DragonPulse|Modest||F|||50|]Swampert||Swampertite|Damp|Protect,WaveCrash,IcePunch,HighHorsepower|Adamant||F|||50|]Pelipper||SitrusBerry|Drizzle|Tailwind,WeatherBall,Hurricane,WideGuard|Modest||F|||50|]Sinistcha||CobaBerry|Hospitality|MatchaGotcha,RagePowder,TrickRoom,Protect|Relaxed|||||50|]Metagross||Metagrossite|ClearBody|IronHead,PsychicFangs,BodyPress,Protect|Jolly|||||50|
|showteam|p2|Blastoise||Blastoisinite|Torrent|Protect,ShellSmash,WaterSpout,DarkPulse|Modest||F|||50|]Delphox||Delphoxite|Blaze|Protect,NastyPlot,HeatWave,Psyshock|Timid||M|||50|]Incineroar||SitrusBerry|Intimidate|FakeOut,FlareBlitz,HelpingHand,PartingShot|Impish||F|||50|]Sneasler||FocusSash|PoisonTouch|CloseCombat,PoisonJab,FakeOut,QuickGuard|Jolly||M|||50|]Sinistcha-Masterpiece||OccaBerry|Hospitality|Protect,MatchaGotcha,RagePowder,LifeDew|Bold|||||50|]Kingambit||LifeOrb|Defiant|KowtowCleave,SuckerPunch,SwordsDance,Protect|Adamant||M|||50|
|
|t:|1783697573
|teamsize|p1|4
|teamsize|p2|4
|start
|switch|p1a: Grimmsnarl|Grimmsnarl, L50, M|100/100
|switch|p1b: Sinistcha|Sinistcha, L50|100/100
|switch|p2a: Sneasler|Sneasler, L50, M|100/100
|switch|p2b: Kingambit|Kingambit, L50, M|100/100
|turn|1
|
|t:|1783697584
|move|p1a: Grimmsnarl|Reflect|p1a: Grimmsnarl
|-sidestart|p1: squarer55|Reflect
|move|p2a: Sneasler|Poison Jab|p1a: Grimmsnarl
|-supereffective|p1a: Grimmsnarl|1
|-damage|p1a: Grimmsnarl|34/100
|-status|p1a: Grimmsnarl|psn|[from] ability: Poison Touch|[of] p2a: Sneasler
|move|p1b: Sinistcha|Matcha Gotcha|p2a: Sneasler|[spread] p2a,p2b
|-resisted|p2a: Sneasler|1
|-resisted|p2b: Kingambit|1
|-damage|p2a: Sneasler|83/100
|-damage|p2b: Kingambit|87/100
|-status|p2b: Kingambit|brn
|move|p2b: Kingambit|Swords Dance|p2b: Kingambit
|-boost|p2b: Kingambit|atk|2
|
|-damage|p1a: Grimmsnarl|22/100 psn|[from] psn
|-damage|p2b: Kingambit|81/100 brn|[from] brn
|upkeep
|turn|2
|inactive|Battle timer is ON: inactive players will automatically lose when time's up. (requested by TrashTest6116)
|
|t:|1783697627
|move|p1a: Grimmsnarl|Parting Shot|p2a: Sneasler
|-unboost|p2a: Sneasler|atk|1
|-unboost|p2a: Sneasler|spa|1
|
|t:|1783697632
|switch|p1a: Swampert|Swampert, L50, F|100/100|[from] Parting Shot
|move|p2a: Sneasler|Poison Jab|p1a: Swampert
|-resisted|p1a: Swampert|1
|-damage|p1a: Swampert|90/100
|move|p2b: Kingambit|Kowtow Cleave|p1b: Sinistcha
|-supereffective|p1b: Sinistcha|1
|-damage|p1b: Sinistcha|24/100
|-damage|p2b: Kingambit|71/100 brn|[from] item: Life Orb
|move|p1b: Sinistcha|Trick Room|p1b: Sinistcha
|-fieldstart|move: Trick Room|[of] p1b: Sinistcha
|
|-damage|p2b: Kingambit|65/100 brn|[from] brn
|upkeep
|turn|3
|inactive|squarer55 has 30 seconds left.
|
|t:|1783697660
|switch|p2a: Sinistcha|Sinistcha-Masterpiece, L50|100/100
|-heal|p2b: Kingambit|90/100 brn|[from] ability: Hospitality|[of] p2a: Sinistcha
|detailschange|p1a: Swampert|Swampert-Mega, L50, F
|-mega|p1a: Swampert|Swampert|Swampertite
|move|p2b: Kingambit|Kowtow Cleave|p1a: Swampert
|-damage|p1a: Swampert|52/100
|-damage|p2b: Kingambit|80/100 brn|[from] item: Life Orb
|move|p1b: Sinistcha|Matcha Gotcha|p2b: Kingambit|[spread] p2a,p2b
|-resisted|p2a: Sinistcha|1
|-resisted|p2b: Kingambit|1
|-damage|p2a: Sinistcha|87/100
|-heal|p1b: Sinistcha|30/100|[from] drain|[of] p2a: Sinistcha
|-damage|p2b: Kingambit|68/100 brn
|-heal|p1b: Sinistcha|37/100|[from] drain|[of] p2b: Kingambit
|move|p1a: Swampert|High Horsepower|p2b: Kingambit
|-supereffective|p2b: Kingambit|1
|-damage|p2b: Kingambit|0 fnt
|faint|p2b: Kingambit
|
|upkeep
|
|t:|1783697666
|switch|p2b: Sneasler|Sneasler, L50, M|83/100
|turn|4
|inactive|squarer55 has 30 seconds left.
|
|t:|1783697693
|move|p1b: Sinistcha|Protect|p1b: Sinistcha
|-singleturn|p1b: Sinistcha|Protect
|move|p1a: Swampert|Protect|p1a: Swampert
|-singleturn|p1a: Swampert|Protect
|move|p2a: Sinistcha|Matcha Gotcha|p1b: Sinistcha|[spread] 
|-activate|p1a: Swampert|move: Protect
|-activate|p1b: Sinistcha|move: Protect
|move|p2b: Sneasler|Poison Jab|p1b: Sinistcha
|-activate|p1b: Sinistcha|move: Protect
|
|upkeep
|turn|5
|inactive|squarer55 has 30 seconds left.
|
|t:|1783697726
|move|p1a: Swampert|Protect||[still]
|-fail|p1a: Swampert
|move|p1b: Sinistcha|Matcha Gotcha|p2b: Sneasler|[spread] p2a,p2b
|-resisted|p2a: Sinistcha|1
|-resisted|p2b: Sneasler|1
|-damage|p2a: Sinistcha|73/100
|-heal|p1b: Sinistcha|44/100|[from] drain|[of] p2a: Sinistcha
|-damage|p2b: Sneasler|67/100
|-heal|p1b: Sinistcha|52/100|[from] drain|[of] p2b: Sneasler
|-status|p2a: Sinistcha|brn
|move|p2a: Sinistcha|Matcha Gotcha|p1a: Swampert|[spread] p1a
|-miss|p2a: Sinistcha|p1b: Sinistcha
|-supereffective|p1a: Swampert|2
|-damage|p1a: Swampert|0 fnt
|-heal|p2a: Sinistcha|100/100 brn|[from] drain|[of] p1a: Swampert
|faint|p1a: Swampert
|move|p2b: Sneasler|Poison Jab|p1b: Sinistcha
|-damage|p1b: Sinistcha|29/100
|-status|p1b: Sinistcha|psn|[from] ability: Poison Touch|[of] p2b: Sneasler
|
|-damage|p1b: Sinistcha|16/100 psn|[from] psn
|-damage|p2a: Sinistcha|93/100 brn|[from] brn
|upkeep
|inactive|squarer55 has 30 seconds left.
|
|t:|1783697758
|switch|p1a: Pelipper|Pelipper, L50, F|100/100
|-weather|RainDance|[from] ability: Drizzle|[of] p1a: Pelipper
|turn|6
|j| Alassus
|
|t:|1783697770
|switch|p2b: Blastoise|Blastoise, L50, F|100/100
|move|p1b: Sinistcha|Matcha Gotcha|p2a: Sinistcha|[spread] p2b
|-miss|p1b: Sinistcha|p2a: Sinistcha
|-supereffective|p2b: Blastoise|1
|-damage|p2b: Blastoise|48/100
|-heal|p1b: Sinistcha|42/100 psn|[from] drain|[of] p2b: Blastoise
|move|p1a: Pelipper|Hurricane|p2b: Blastoise
|-damage|p2b: Blastoise|0 fnt
|faint|p2b: Blastoise
|move|p2a: Sinistcha|Matcha Gotcha|p1a: Pelipper|[spread] p1a
|-miss|p2a: Sinistcha|p1b: Sinistcha
|-damage|p1a: Pelipper|67/100
|-heal|p2a: Sinistcha|100/100 brn|[from] drain|[of] p1a: Pelipper
|
|-weather|RainDance|[upkeep]
|-damage|p1b: Sinistcha|29/100 psn|[from] psn
|-damage|p2a: Sinistcha|93/100 brn|[from] brn
|-fieldend|move: Trick Room
|upkeep
|
|t:|1783697772
|switch|p2b: Sneasler|Sneasler, L50, M|67/100
|turn|7
|inactive|squarer55 has 30 seconds left.
|inactive|squarer55 has 20 seconds left.
|
|t:|1783697809
|move|p2b: Sneasler|Fake Out|p1a: Pelipper
|-damage|p1a: Pelipper|56/100
|-status|p1a: Pelipper|psn|[from] ability: Poison Touch|[of] p2b: Sneasler
|move|p1b: Sinistcha|Rage Powder|p1b: Sinistcha
|-singleturn|p1b: Sinistcha|move: Rage Powder
|move|p2a: Sinistcha|Matcha Gotcha|p1b: Sinistcha|[spread] p1a,p1b
|-resisted|p1b: Sinistcha|1
|-damage|p1a: Pelipper|23/100 psn
|-heal|p2a: Sinistcha|100/100 brn|[from] drain|[of] p1a: Pelipper
|-damage|p1b: Sinistcha|19/100 psn
|-enditem|p1a: Pelipper|Sitrus Berry|[eat]
|-heal|p1a: Pelipper|48/100 psn|[from] item: Sitrus Berry
|cant|p1a: Pelipper|flinch
|
|-weather|RainDance|[upkeep]
|-damage|p1a: Pelipper|36/100 psn|[from] psn
|-damage|p1b: Sinistcha|6/100 psn|[from] psn
|-damage|p2a: Sinistcha|93/100 brn|[from] brn
|upkeep
|turn|8
|inactive|TrashTest6116 has 30 seconds left.
|
|t:|1783697836
|move|p1b: Sinistcha|Rage Powder|p1b: Sinistcha
|-singleturn|p1b: Sinistcha|move: Rage Powder
|move|p2b: Sneasler|Poison Jab|p1b: Sinistcha
|-damage|p1b: Sinistcha|0 fnt
|faint|p1b: Sinistcha
|move|p2a: Sinistcha|Matcha Gotcha|p1a: Pelipper
|-damage|p1a: Pelipper|0 fnt
|-heal|p2a: Sinistcha|100/100 brn|[from] drain|[of] p1a: Pelipper
|faint|p1a: Pelipper
|
|-weather|RainDance|[upkeep]
|-damage|p2a: Sinistcha|93/100 brn|[from] brn
|-sideend|p1: squarer55|Reflect
|upkeep
|
|t:|1783697856
|switch|p1b: Grimmsnarl|Grimmsnarl, L50, M|22/100 psn
|turn|9
|l| Alassus
|
|t:|1783697874
|move|p2a: Sinistcha|Rage Powder|p2a: Sinistcha
|-singleturn|p2a: Sinistcha|move: Rage Powder
|move|p1b: Grimmsnarl|Light Screen|p1b: Grimmsnarl
|-sidestart|p1: squarer55|move: Light Screen
|move|p2b: Sneasler|Poison Jab|p1b: Grimmsnarl
|-supereffective|p1b: Grimmsnarl|1
|-damage|p1b: Grimmsnarl|0 fnt
|faint|p1b: Grimmsnarl
|
|win|TrashTest6116
|raw|squarer55's rating: 1057 → 1041(-16 for losing)
|raw|TrashTest6116's rating: 1105 → 1127(+22 for winning)
