|j|☆danicruz.music
|j|☆SuperPokeVGC
|html|danicruz.musicSuperPokeVGC    
|uhtml|bestof|Game 3 of a best-of-3
|t:|1756604274
|gametype|doubles
|player|p1|danicruz.music|whitney|1155
|player|p2|SuperPokeVGC|ltsurge|1228
|gen|9
|tier|[Gen 9] VGC 2025 Reg H (Bo3)
|rated|
|rule|Species Clause: Limit one of each Pokémon
|rule|Item Clause: Limit 1 of each item
|clearpoke
|poke|p1|Dondozo, L50, F|
|poke|p1|Tatsugiri, L50, F|
|poke|p1|Pelipper, L50, M|
|poke|p1|Archaludon, L50, M|
|poke|p1|Corviknight, L50, M|
|poke|p1|Rillaboom, L50, M|
|poke|p2|Incineroar, L50, M|
|poke|p2|Rillaboom, L50, F|
|poke|p2|Rotom-Wash, L50|
|poke|p2|Ursaluna-Bloodmoon, L50, M|
|poke|p2|Sneasler, L50, F|
|poke|p2|Dragonite, L50, F|
|teampreview|4
|showteam|p1|Dondozo||Leftovers|Unaware|WaveCrash,Earthquake,OrderUp,Protect|||F|||50|,,,,,Ground]Tatsugiri||FocusSash|Commander|DragonPulse,DracoMeteor,MuddyWater,IcyWind|||F|||50|,,,,,Fairy]Pelipper||CovertCloak|Drizzle|Hurricane,WeatherBall,WideGuard,Tailwind|||M|||50|,,,,,Water]Archaludon||PowerHerb|Stalwart|ElectroShot,MeteorBeam,DracoMeteor,Protect|||M|||50|,,,,,Electric]Corviknight||SitrusBerry|Unnerve|BraveBird,Tailwind,Roost,Protect|||M|||50|,,,,,Flying]Rillaboom||AssaultVest|GrassySurge|GrassyGlide,WoodHammer,FakeOut,Uturn|||M|||50|,,,,,Grass
|showteam|p2|Incineroar||SafetyGoggles|Intimidate|FakeOut,KnockOff,FlareBlitz,PartingShot|||M|||50|,,,,,Ghost]Rillaboom||AssaultVest|GrassySurge|FakeOut,GrassyGlide,WoodHammer,Uturn|||F|||50|,,,,,Fire]Rotom-Wash||ChoiceSpecs|Levitate|HydroPump,Thunderbolt,VoltSwitch,Trick||||||50|,,,,,Steel]Ursaluna-Bloodmoon||Leftovers|MindsEye|BloodMoon,EarthPower,Yawn,Protect|||M|||50|,,,,,Ghost]Sneasler||FocusSash|Unburden|DireClaw,CloseCombat,Coaching,Protect|||F|||50|,,,,,Stellar]Dragonite||LoadedDice|Multiscale|ScaleShot,ExtremeSpeed,LowKick,Protect|||F|||50|,,,,,Fairy
|inactive|Battle timer is ON: inactive players will automatically lose when time's up. (requested by danicruz.music)
|inactive|SuperPokeVGC also wants the timer to be on.
|inactive|SuperPokeVGC has 60 seconds left.
|
|t:|1756604308
|teamsize|p1|4
|teamsize|p2|4
|start
|switch|p1a: Pelipper|Pelipper, L50, M|100/100
|switch|p1b: Archaludon|Archaludon, L50, M|100/100
|switch|p2a: Dragonite|Dragonite, L50, F|100/100
|switch|p2b: Sneasler|Sneasler, L50, F|100/100
|-weather|RainDance|[from] ability: Drizzle|[of] p1a: Pelipper
|turn|1
|inactive|danicruz.music has 30 seconds left.
|inactive|SuperPokeVGC has 30 seconds left.
|inactive|danicruz.music has 20 seconds left.
|
|t:|1756604343
|-terastallize|p2a: Dragonite|Fairy
|move|p2b: Sneasler|Close Combat|p1b: Archaludon
|-supereffective|p1b: Archaludon
|-damage|p1b: Archaludon|0 fnt
|-unboost|p2b: Sneasler|def|1
|-unboost|p2b: Sneasler|spd|1
|faint|p1b: Archaludon
|move|p2a: Dragonite|Scale Shot|p1a: Pelipper
|-damage|p1a: Pelipper|84/100
|-damage|p1a: Pelipper|69/100
|-damage|p1a: Pelipper|53/100
|-damage|p1a: Pelipper|36/100
|-damage|p1a: Pelipper|20/100
|-hitcount|p1a: Pelipper|5
|-unboost|p2a: Dragonite|def|1
|-boost|p2a: Dragonite|spe|1
|move|p1a: Pelipper|Hurricane|p2b: Sneasler
|-supereffective|p2b: Sneasler
|-enditem|p2b: Sneasler|Focus Sash
|-damage|p2b: Sneasler|1/100
|
|-weather|RainDance|[upkeep]
|upkeep
|
|t:|1756604352
|switch|p1b: Dondozo|Dondozo, L50, F|100/100
|turn|2
|inactive|SuperPokeVGC has 30 seconds left.
|
|t:|1756604382
|switch|p1a: Tatsugiri|Tatsugiri, L50, F|100/100
|-activate|p1a: Tatsugiri|ability: Commander|[of] p1b: Dondozo
|-boost|p1b: Dondozo|atk|2
|-boost|p1b: Dondozo|spa|2
|-boost|p1b: Dondozo|spe|2
|-boost|p1b: Dondozo|def|2
|-boost|p1b: Dondozo|spd|2
|-terastallize|p1b: Dondozo|Ground
|move|p2b: Sneasler|Protect|p2b: Sneasler
|-singleturn|p2b: Sneasler|Protect
|move|p2a: Dragonite|Low Kick|p1b: Dondozo
|-damage|p1b: Dondozo|87/100
|move|p1b: Dondozo|Earthquake|p2b: Sneasler|[spread] p2a
|-miss|p1b: Dondozo|p1a: Tatsugiri
|-activate|p2b: Sneasler|move: Protect
|-damage|p2a: Dragonite|59/100
|
|-weather|RainDance|[upkeep]
|-heal|p1b: Dondozo|93/100|[from] item: Leftovers
|upkeep
|turn|3
|inactive|SuperPokeVGC has 30 seconds left.
|inactive|SuperPokeVGC has 20 seconds left.
|
|t:|1756604418
|switch|p2a: Rillaboom|Rillaboom, L50, F|100/100
|-fieldstart|move: Grassy Terrain|[from] ability: Grassy Surge|[of] p2a: Rillaboom
|move|p2b: Sneasler|Dire Claw|p1b: Dondozo
|-resisted|p1b: Dondozo
|-damage|p1b: Dondozo|87/100
|-status|p1b: Dondozo|psn
|move|p1b: Dondozo|Earthquake|p2a: Rillaboom|[spread] p2a,p2b
|-miss|p1b: Dondozo|p1a: Tatsugiri
|-resisted|p2a: Rillaboom
|-supereffective|p2b: Sneasler
|-damage|p2a: Rillaboom|81/100
|-damage|p2b: Sneasler|0 fnt
|faint|p2b: Sneasler
|
|-weather|RainDance|[upkeep]
|-heal|p2a: Rillaboom|87/100|[from] Grassy Terrain
|-heal|p1b: Dondozo|93/100 psn|[from] Grassy Terrain
|-heal|p1b: Dondozo|99/100 psn|[from] item: Leftovers
|-damage|p1b: Dondozo|87/100 psn|[from] psn
|upkeep
|
|t:|1756604430
|switch|p2b: Incineroar|Incineroar, L50, M|100/100
|-ability|p2b: Incineroar|Intimidate|boost
|-unboost|p1a: Tatsugiri|atk|1
|-unboost|p1b: Dondozo|atk|1
|turn|4
|
|t:|1756604445
|switch|p2b: Dragonite|Dragonite, L50, F, tera:Fairy|59/100
|move|p1b: Dondozo|Protect|p1b: Dondozo
|-singleturn|p1b: Dondozo|Protect
|move|p2a: Rillaboom|Fake Out|p1b: Dondozo
|-activate|p1b: Dondozo|move: Protect
|
|-weather|RainDance|[upkeep]
|-heal|p2b: Dragonite|65/100|[from] Grassy Terrain
|-heal|p2a: Rillaboom|93/100|[from] Grassy Terrain
|-heal|p1b: Dondozo|93/100 psn|[from] Grassy Terrain
|-heal|p1b: Dondozo|99/100 psn|[from] item: Leftovers
|-damage|p1b: Dondozo|87/100 psn|[from] psn
|upkeep
|turn|5
|
|t:|1756604465
|move|p2b: Dragonite|Protect|p2b: Dragonite
|-singleturn|p2b: Dragonite|Protect
|move|p2a: Rillaboom|U-turn|p1b: Dondozo
|-damage|p1b: Dondozo|80/100 psn
|
|t:|1756604469
|switch|p2a: Incineroar|Incineroar, L50, M|100/100|[from] U-turn
|-ability|p2a: Incineroar|Intimidate|boost
|-unboost|p1a: Tatsugiri|atk|1
|-unboost|p1b: Dondozo|atk|1
|move|p1b: Dondozo|Wave Crash|p2b: Dragonite
|-activate|p2b: Dragonite|move: Protect
|
|-weather|none
|-heal|p2b: Dragonite|71/100|[from] Grassy Terrain
|-heal|p1b: Dondozo|86/100 psn|[from] Grassy Terrain
|-heal|p1b: Dondozo|92/100 psn|[from] item: Leftovers
|-damage|p1b: Dondozo|80/100 psn|[from] psn
|upkeep
|turn|6
|
|t:|1756604483
|switch|p2b: Rillaboom|Rillaboom, L50, F|93/100
|move|p2a: Incineroar|Fake Out|p1b: Dondozo
|-damage|p1b: Dondozo|76/100 psn
|cant|p1b: Dondozo|flinch
|
|-heal|p2b: Rillaboom|99/100|[from] Grassy Terrain
|-heal|p1b: Dondozo|83/100 psn|[from] Grassy Terrain
|-heal|p1b: Dondozo|89/100 psn|[from] item: Leftovers
|-damage|p1b: Dondozo|76/100 psn|[from] psn
|upkeep
|turn|7
|-message|danicruz.music forfeited.
|
|win|SuperPokeVGC
|raw|danicruz.music's rating: 1155 → 1135(-20 for losing)
|raw|SuperPokeVGC's rating: 1228 → 1248(+20 for winning)
