|j|‽coglio6789
|j|☆MoscaacsoM
|html|coglio6789MoscaacsoM    
|uhtml|bestof|Game 2 of a best-of-3
|t:|1785852185
|gametype|doubles
|player|p1|coglio6789|266|1179
|player|p2|MoscaacsoM|alder|1126
|gen|9
|tier|[Gen 9 Champions] VGC 2026 Reg M-B (Bo3)
|rated|
|rule|Species Clause: Limit one of each Pokémon
|rule|Item Clause: Limit 1 of each item
|clearpoke
|poke|p1|Rotom-Wash, L50|
|poke|p1|Kingambit, L50, M|
|poke|p1|Garchomp, L50, F|
|poke|p1|Charizard, L50, F|
|poke|p1|Aerodactyl, L50, M|
|poke|p1|Sneasler, L50, F|
|poke|p2|Charizard, L50, F|
|poke|p2|Garchomp, L50, F|
|poke|p2|Kingambit, L50, F|
|poke|p2|Whimsicott, L50, F|
|poke|p2|Floette-Eternal, L50, F|
|poke|p2|Basculegion, L50, M|
|teampreview|4
|showteam|p1|Rotom-Wash||SitrusBerry|Levitate|HydroPump,Thunderbolt,WillOWisp,Protect|Modest|||||50|]Kingambit||FocusSash|Defiant|KowtowCleave,SuckerPunch,IronHead,Protect|Adamant||M|||50|]Garchomp||LifeOrb|RoughSkin|Earthquake,DragonClaw,Protect,RockSlide|Jolly||F|||50|]Charizard||CharizarditeY|Blaze|HeatWave,WeatherBall,SolarBeam,Protect|Modest||F|||50|]Aerodactyl||Aerodactylite|Unnerve|RockSlide,DualWingbeat,Tailwind,Protect|Jolly||M|||50|]Sneasler||WhiteHerb|Unburden|CloseCombat,DireClaw,FakeOut,Protect|Adamant||F|||50|
|showteam|p2|Charizard||CharizarditeY|Blaze|Protect,HeatWave,SolarBeam,WeatherBall|Modest||F|||50|]Garchomp||LifeOrb|RoughSkin|StompingTantrum,RockSlide,DragonClaw,Protect|Jolly||F|||50|]Kingambit||BlackGlasses|Defiant|KowtowCleave,Protect,IronHead,SuckerPunch|Adamant||F|||50|]Whimsicott||FocusSash|Prankster|Moonblast,Tailwind,Protect,Encore|Timid||F|||50|]Floette-Eternal||Floettite|FlowerVeil|Protect,DazzlingGleam,Moonblast,LightofRuin|Timid||F|||50|]Basculegion||MysticWater|Adaptability|AquaJet,WaveCrash,Protect,LastRespects|Adamant||M|||50|
|inactive|Battle timer is ON: inactive players will automatically lose when time's up. (requested by MoscaacsoM)
|
|t:|1785852206
|teamsize|p1|4
|teamsize|p2|4
|start
|switch|p1a: Aerodactyl|Aerodactyl, L50, M|100/100
|switch|p1b: Kingambit|Kingambit, L50, M|100/100
|switch|p2a: Floette|Floette-Eternal, L50, F|100/100
|switch|p2b: Whimsicott|Whimsicott, L50, F|100/100
|-ability|p1a: Aerodactyl|Unnerve
|turn|1
|inactive|MoscaacsoM has 30 seconds left.
|
|t:|1785852231
|detailschange|p1a: Aerodactyl|Aerodactyl-Mega, L50, M
|-mega|p1a: Aerodactyl|Aerodactyl|Aerodactylite
|detailschange|p2a: Floette|Floette-Mega, L50, F
|-mega|p2a: Floette|Floette|Floettite
|-ability|p2a: Floette|Fairy Aura
|move|p2b: Whimsicott|Tailwind|p2b: Whimsicott
|-sidestart|p2: MoscaacsoM|move: Tailwind
|move|p2a: Floette|Dazzling Gleam|p1a: Aerodactyl|[spread] p1a,p1b
|-damage|p1a: Aerodactyl|47/100
|-damage|p1b: Kingambit|45/100
|move|p1a: Aerodactyl|Tailwind|p1a: Aerodactyl
|-sidestart|p1: coglio6789|move: Tailwind
|move|p1b: Kingambit|Iron Head|p2b: Whimsicott
|-supereffective|p2b: Whimsicott|1
|-enditem|p2b: Whimsicott|Focus Sash
|-damage|p2b: Whimsicott|1/100
|
|upkeep
|turn|2
|
|t:|1785852256
|switch|p1a: Sneasler|Sneasler, L50, F|100/100
|move|p2b: Whimsicott|Protect|p2b: Whimsicott
|-singleturn|p2b: Whimsicott|Protect
|move|p1b: Kingambit|Protect|p1b: Kingambit
|-singleturn|p1b: Kingambit|Protect
|move|p2a: Floette|Dazzling Gleam|p1a: Sneasler|[spread] p1a
|-activate|p1b: Kingambit|move: Protect
|-damage|p1a: Sneasler|38/100
|
|upkeep
|turn|3
|
|t:|1785852275
|move|p1b: Kingambit|Sucker Punch|p2b: Whimsicott
|-resisted|p2b: Whimsicott|1
|-damage|p2b: Whimsicott|0 fnt
|faint|p2b: Whimsicott
|move|p2a: Floette|Dazzling Gleam|p1a: Sneasler|[spread] p1a,p1b
|-damage|p1a: Sneasler|0 fnt
|-damage|p1b: Kingambit|0 fnt
|faint|p1a: Sneasler
|faint|p1b: Kingambit
|
|upkeep
|
|t:|1785852287
|switch|p2b: Garchomp|Garchomp, L50, F|100/100
|switch|p1a: Rotom|Rotom-Wash, L50|100/100
|switch|p1b: Aerodactyl|Aerodactyl-Mega, L50, M|47/100
|turn|4
|
|t:|1785852299
|move|p1b: Aerodactyl|Protect|p1b: Aerodactyl
|-singleturn|p1b: Aerodactyl|Protect
|move|p1a: Rotom|Protect|p1a: Rotom
|-singleturn|p1a: Rotom|Protect
|move|p2b: Garchomp|Dragon Claw|p1a: Rotom
|-activate|p1a: Rotom|move: Protect
|move|p2a: Floette|Dazzling Gleam|p1a: Rotom|[spread] 
|-activate|p1a: Rotom|move: Protect
|-activate|p1b: Aerodactyl|move: Protect
|
|-sideend|p2: MoscaacsoM|move: Tailwind
|-sideend|p1: coglio6789|move: Tailwind
|upkeep
|turn|5
|
|t:|1785852312
|move|p1b: Aerodactyl|Rock Slide|p2b: Garchomp|[spread] p2a,p2b
|-resisted|p2b: Garchomp|1
|-damage|p2a: Floette|60/100
|-damage|p2b: Garchomp|86/100
|move|p2a: Floette|Dazzling Gleam|p1a: Rotom|[spread] p1a,p1b
|-crit|p1a: Rotom
|-damage|p1a: Rotom|28/100
|-damage|p1b: Aerodactyl|0 fnt
|-enditem|p1a: Rotom|Sitrus Berry|[eat]
|-heal|p1a: Rotom|52/100|[from] item: Sitrus Berry
|faint|p1b: Aerodactyl
|move|p2b: Garchomp|Dragon Claw|p1a: Rotom
|-damage|p1a: Rotom|0 fnt
|faint|p1a: Rotom
|-damage|p2b: Garchomp|77/100|[from] item: Life Orb
|
|win|MoscaacsoM
|raw|coglio6789's rating: 1179 → 1150(-29 for losing)
|raw|MoscaacsoM's rating: 1126 → 1155(+29 for winning)
