|j|☆AuroraaaVGC01
|j|‽strangemeteor
|html|AuroraaaVGC01strangemeteor    
|uhtml|bestof|Game 1 of a best-of-3
|t:|1782717716
|gametype|doubles
|player|p1|AuroraaaVGC01|penny|1000
|player|p2|strangemeteor|policeman-gen4|1000
|gen|9
|tier|[Gen 9 Champions] VGC 2026 Reg M-B (Bo3)
|rated|
|rule|Species Clause: Limit one of each Pokémon
|rule|Item Clause: Limit 1 of each item
|clearpoke
|poke|p1|Floette-Eternal, L50, F|
|poke|p1|Hydreigon, L50, F|
|poke|p1|Incineroar, L50, M|
|poke|p1|Whimsicott, L50, F|
|poke|p1|Blastoise, L50, F|
|poke|p1|Blaziken, L50, F|
|poke|p2|Golurk, L50, shiny|
|poke|p2|Kangaskhan, L50, F, shiny|
|poke|p2|Excadrill, L50, F, shiny|
|poke|p2|Aegislash, L50, M, shiny|
|poke|p2|Hatterene, L50, F, shiny|
|poke|p2|Corviknight, L50, M, shiny|
|teampreview|4
|showteam|p1|Floette-Eternal||Floettite|FlowerVeil|Moonblast,DazzlingGleam,CalmMind,Protect|Modest||F|||50|]Hydreigon||LifeOrb|Levitate|DarkPulse,DracoMeteor,EarthPower,Protect|Modest||F|||50|]Incineroar||PasshoBerry|Intimidate|FlareBlitz,PartingShot,Taunt,FakeOut|Impish||M|||50|]Whimsicott||FocusSash|Prankster|Moonblast,Encore,Tailwind,Protect|Timid||F|||50|]Blastoise||Leftovers|RainDish|WaveCrash,FlipTurn,LifeDew,FakeOut|Careful||F|||50|]Blaziken||Blazikenite|SpeedBoost|FlareBlitz,CloseCombat,RockTomb,Protect|Adamant||F|||50|
|showteam|p2|Golurk||SoftSand|NoGuard|Earthquake,DynamicPunch,Protect,ShadowPunch|Adamant|||||50|]Kangaskhan||Kangaskhanite|Scrappy|DrainPunch,IcePunch,SuckerPunch,FakeOut|Adamant||F|||50|]Excadrill||ChoiceScarf|MoldBreaker|Earthquake,IronHead,RockSlide,XScissor|Adamant||F|||50|]Aegislash||MentalHerb|StanceChange|KingsShield,BrickBreak,IronHead,ShadowSneak|Adamant||M|||50|]Hatterene||FocusSash|MagicBounce|DazzlingGleam,Psychic,MysticalFire,PsychicTerrain|Modest||F|||50|]Corviknight||LumBerry|MirrorArmor|Tailwind,BraveBird,BodyPress,Roost|Impish||M|||50|
|inactive|Battle timer is ON: inactive players will automatically lose when time's up. (requested by AuroraaaVGC01)
|inactive|strangemeteor also wants the timer to be on.
|
|t:|1782717746
|teamsize|p1|4
|teamsize|p2|4
|start
|switch|p1a: Mario|Incineroar, L50, M|100/100
|switch|p1b: Blaziken|Blaziken, L50, F|100/100
|switch|p2a: Corviknight|Corviknight, L50, M, shiny|100/100
|switch|p2b: Kangaskhan|Kangaskhan, L50, F, shiny|100/100
|-ability|p1a: Mario|Intimidate|boost
|-ability|p2a: Corviknight|Mirror Armor
|-unboost|p1a: Mario|atk|1
|-fail|p2b: Kangaskhan|unboost|Attack|[from] ability: Scrappy|[of] p2b: Kangaskhan
|turn|1
|
|t:|1782717771
|move|p1b: Blaziken|Protect|p1b: Blaziken
|-singleturn|p1b: Blaziken|Protect
|move|p2b: Kangaskhan|Fake Out|p1a: Mario
|-damage|p1a: Mario|85/100
|move|p2a: Corviknight|Tailwind|p2a: Corviknight
|-sidestart|p2: strangemeteor|move: Tailwind
|cant|p1a: Mario|flinch
|
|-ability|p1b: Blaziken|Speed Boost|boost
|-boost|p1b: Blaziken|spe|1
|upkeep
|turn|2
|inactive|AuroraaaVGC01 has 30 seconds left.
|inactive|strangemeteor has 30 seconds left.
|inactive|AuroraaaVGC01 has 20 seconds left.
|
|t:|1782717807
|switch|p1b: Mine Turtle|Blastoise, L50, F|100/100
|move|p2b: Kangaskhan|Drain Punch|p1a: Mario
|-supereffective|p1a: Mario|1
|-damage|p1a: Mario|45/100
|move|p2a: Corviknight|Brave Bird|p1b: Mine Turtle
|-damage|p1b: Mine Turtle|65/100
|-damage|p2a: Corviknight|89/100|[from] Recoil
|move|p1a: Mario|Parting Shot|p2b: Kangaskhan
|-unboost|p2b: Kangaskhan|atk|1
|-unboost|p2b: Kangaskhan|spa|1
|
|t:|1782717820
|switch|p1a: Blaziken|Blaziken, L50, F|100/100|[from] Parting Shot
|
|-heal|p1b: Mine Turtle|71/100|[from] item: Leftovers
|upkeep
|turn|3
|
|t:|1782717840
|switch|p2b: Golurk|Golurk, L50, shiny|100/100
|detailschange|p1a: Blaziken|Blaziken-Mega, L50, F
|-mega|p1a: Blaziken|Blaziken|Blazikenite
|move|p1b: Mine Turtle|Fake Out|p2a: Corviknight
|-resisted|p2a: Corviknight|1
|-crit|p2a: Corviknight
|-damage|p2a: Corviknight|85/100
|cant|p2a: Corviknight|flinch
|move|p1a: Blaziken|Close Combat|p2b: Golurk
|-immune|p2b: Golurk
|
|-heal|p1b: Mine Turtle|77/100|[from] item: Leftovers
|-ability|p1a: Blaziken|Speed Boost|boost
|-boost|p1a: Blaziken|spe|1
|upkeep
|turn|4
|
|t:|1782717865
|switch|p1b: Mario|Incineroar, L50, M|45/100
|-ability|p1b: Mario|Intimidate|boost
|-ability|p2a: Corviknight|Mirror Armor
|-unboost|p1b: Mario|atk|1
|-unboost|p2b: Golurk|atk|1
|move|p1a: Blaziken|Protect|p1a: Blaziken
|-singleturn|p1a: Blaziken|Protect
|move|p2b: Golurk|Earthquake|p1b: Mario|[spread] p1b
|-activate|p1a: Blaziken|move: Protect
|-immune|p2a: Corviknight
|-supereffective|p1b: Mario|1
|-damage|p1b: Mario|0 fnt
|faint|p1b: Mario
|move|p2a: Corviknight|Roost|p2a: Corviknight
|-heal|p2a: Corviknight|100/100
|-singleturn|p2a: Corviknight|move: Roost
|
|-sideend|p2: strangemeteor|move: Tailwind
|-ability|p1a: Blaziken|Speed Boost|boost
|-boost|p1a: Blaziken|spe|1
|upkeep
|
|t:|1782717885
|switch|p1b: Mine Turtle|Blastoise, L50, F|77/100
|turn|5
|
|t:|1782717898
|move|p1b: Mine Turtle|Fake Out|p2a: Corviknight
|-resisted|p2a: Corviknight|1
|-damage|p2a: Corviknight|97/100
|move|p1a: Blaziken|Flare Blitz|p2b: Golurk
|-damage|p2b: Golurk|0 fnt
|faint|p2b: Golurk
|-damage|p1a: Blaziken|71/100|[from] Recoil
|cant|p2a: Corviknight|flinch
|
|-heal|p1b: Mine Turtle|83/100|[from] item: Leftovers
|-ability|p1a: Blaziken|Speed Boost|boost
|-boost|p1a: Blaziken|spe|1
|upkeep
|inactive|strangemeteor has 30 seconds left.
|
|t:|1782717931
|switch|p2b: Kangaskhan|Kangaskhan, L50, F, shiny|100/100
|turn|6
|
|t:|1782717943
|move|p1a: Blaziken|Protect|p1a: Blaziken
|-singleturn|p1a: Blaziken|Protect
|move|p2b: Kangaskhan|Fake Out|p1b: Mine Turtle
|-damage|p1b: Mine Turtle|69/100
|cant|p1b: Mine Turtle|flinch
|move|p2a: Corviknight|Brave Bird|p1a: Blaziken
|-activate|p1a: Blaziken|move: Protect
|
|-heal|p1b: Mine Turtle|75/100|[from] item: Leftovers
|-ability|p1a: Blaziken|Speed Boost|boost
|-boost|p1a: Blaziken|spe|1
|upkeep
|turn|7
|inactive|strangemeteor has 30 seconds left.
|inactive|strangemeteor has 20 seconds left.
|j| redshoes7
|inactive|strangemeteor has 15 seconds left.
|
|t:|1782717986
|detailschange|p2b: Kangaskhan|Kangaskhan-Mega, L50, F, shiny
|-mega|p2b: Kangaskhan|Kangaskhan|Kangaskhanite
|move|p1a: Blaziken|Flare Blitz|p2a: Corviknight
|-supereffective|p2a: Corviknight|1
|-damage|p2a: Corviknight|0 fnt
|faint|p2a: Corviknight
|-damage|p1a: Blaziken|35/100|[from] Recoil
|move|p2b: Kangaskhan|Drain Punch|p1b: Mine Turtle
|-damage|p1b: Mine Turtle|48/100
|-damage|p1b: Mine Turtle|42/100
|-hitcount|p1b: Mine Turtle|2
|move|p1b: Mine Turtle|Life Dew|p1b: Mine Turtle|[spread] p1a,p1b
|-heal|p1a: Blaziken|60/100
|-heal|p1b: Mine Turtle|67/100
|
|-heal|p1b: Mine Turtle|73/100|[from] item: Leftovers
|-ability|p1a: Blaziken|Speed Boost|boost
|-boost|p1a: Blaziken|spe|1
|upkeep
|inactive|strangemeteor has 30 seconds left.
|
|t:|1782718013
|switch|p2a: Hatterene|Hatterene, L50, F, shiny|100/100
|turn|8
|
|t:|1782718033
|move|p1a: Blaziken|Flare Blitz|p2a: Hatterene
|-damage|p2a: Hatterene|17/100
|-damage|p1a: Blaziken|36/100|[from] Recoil
|move|p2b: Kangaskhan|Drain Punch|p1b: Mine Turtle
|-damage|p1b: Mine Turtle|49/100
|-damage|p1b: Mine Turtle|44/100
|-hitcount|p1b: Mine Turtle|2
|move|p1b: Mine Turtle|Flip Turn|p2a: Hatterene
|-damage|p2a: Hatterene|0 fnt
|faint|p2a: Hatterene
|
|t:|1782718045
|switch|p1b: Fury|Hydreigon, L50, F|100/100|[from] Flip Turn
|
|-ability|p1a: Blaziken|Speed Boost|boost
|-boost|p1a: Blaziken|spe|1
|upkeep
|turn|9
|l| redshoes7
|
|t:|1782718064
|move|p1a: Blaziken|Close Combat|p2b: Kangaskhan
|-supereffective|p2b: Kangaskhan|1
|-damage|p2b: Kangaskhan|0 fnt
|-unboost|p1a: Blaziken|def|1
|-unboost|p1a: Blaziken|spd|1
|faint|p2b: Kangaskhan
|
|win|AuroraaaVGC01
||strangemeteor is ready for game 2.
|inactive|AuroraaaVGC01 has 30 seconds to confirm battle start!
||AuroraaaVGC01 is ready for game 2.
|uhtml|next|Next: Game 2 of 3
