|j|☆naibot2814
|j|☆Chuchobeto2504
|html|naibot2814Chuchobeto2504    
|uhtml|bestof|Game 1 of a best-of-3
|t:|1783820358
|gametype|doubles
|player|p1|naibot2814|colress|1311
|player|p2|Chuchobeto2504|102|1168
|gen|9
|tier|[Gen 9 Champions] VGC 2026 Reg M-B (Bo3)
|rated|
|rule|Species Clause: Limit one of each Pokémon
|rule|Item Clause: Limit 1 of each item
|clearpoke
|poke|p1|Gholdengo, L50|
|poke|p1|Garchomp, L50, M, shiny|
|poke|p1|Whimsicott, L50, F|
|poke|p1|Incineroar, L50, M|
|poke|p1|Basculegion, L50, M, shiny|
|poke|p1|Charizard, L50, M|
|poke|p2|Blaziken, L50, M|
|poke|p2|Venusaur, L50, F|
|poke|p2|Ninetales-Alola, L50, M|
|poke|p2|Lycanroc-Dusk, L50, M|
|poke|p2|Kingambit, L50, F|
|poke|p2|Basculegion, L50, M|
|teampreview|4
|showteam|p1|Gholdengo||SpellTag|GoodasGold|ShadowBall,MakeItRain,NastyPlot,Protect|Modest|||||50|]Garchomp||LifeOrb|RoughSkin|DragonClaw,Earthquake,RockSlide,Protect|Jolly||M|||50|]Whimsicott||FocusSash|Prankster|Tailwind,Encore,Moonblast,Protect|Timid||F|||50|]Incineroar||SitrusBerry|Intimidate|FakeOut,ThroatChop,FlareBlitz,PartingShot|Impish||M|||50|]Basculegion||MysticWater|Adaptability|WaveCrash,LastRespects,AquaJet,FlipTurn|Adamant||M|||50|]Charizard||CharizarditeY|Blaze|WeatherBall,HeatWave,SolarBeam,Protect|Modest||M|||50|
|showteam|p2|Blaziken||Blazikenite|SpeedBoost|CloseCombat,FlareBlitz,StoneEdge,Detect|Adamant||M|||50|]Venusaur||Venusaurite|Chlorophyll|GigaDrain,SludgeBomb,EarthPower,Protect|Modest||F|||50|]Ninetales-Alola||NeverMeltIce|SnowWarning|Blizzard,FreezeDry,Encore,Protect|Timid||M|||50|]Lycanroc-Dusk||FocusSash|ToughClaws|Accelerock,RockSlide,CloseCombat,Protect|Adamant||M|||50|]Kingambit||LifeOrb|Defiant|KowtowCleave,SuckerPunch,IronHead,Protect|Adamant||F|||50|]Basculegion||ChoiceScarf|Adaptability|WaveCrash,LastRespects,AquaJet,FlipTurn|Adamant||M|||50|
|inactive|Battle timer is ON: inactive players will automatically lose when time's up. (requested by Chuchobeto2504)
|inactive|naibot2814 has 60 seconds left.
|
|t:|1783820417
|teamsize|p1|4
|teamsize|p2|4
|start
|switch|p1a: Whimsicott|Whimsicott, L50, F|100/100
|switch|p1b: Charizard|Charizard, L50, M|100/100
|switch|p2a: Kingambit|Kingambit, L50, F|100/100
|switch|p2b: Basculegion|Basculegion, L50, M|100/100
|turn|1
|inactive|naibot2814 has 30 seconds left.
|inactive|Chuchobeto2504 has 30 seconds left.
|
|t:|1783820448
|move|p1a: Whimsicott|Protect|p1a: Whimsicott
|-singleturn|p1a: Whimsicott|Protect
|move|p1b: Charizard|Protect|p1b: Charizard
|-singleturn|p1b: Charizard|Protect
|move|p2a: Kingambit|Protect|p2a: Kingambit
|-singleturn|p2a: Kingambit|Protect
|move|p2b: Basculegion|Flip Turn|p1b: Charizard
|-activate|p1b: Charizard|move: Protect
|
|upkeep
|turn|2
|
|t:|1783820463
|detailschange|p1b: Charizard|Charizard-Mega-Y, L50, M
|-mega|p1b: Charizard|Charizard|Charizardite Y
|-weather|SunnyDay|[from] ability: Drought|[of] p1b: Charizard
|move|p1a: Whimsicott|Tailwind|p1a: Whimsicott
|-sidestart|p1: naibot2814|move: Tailwind
|move|p2a: Kingambit|Sucker Punch|p1b: Charizard
|-damage|p1b: Charizard|47/100
|-damage|p2a: Kingambit|90/100|[from] item: Life Orb
|move|p1b: Charizard|Solar Beam||[still]
|-prepare|p1b: Charizard|Solar Beam
|-anim|p1b: Charizard|Solar Beam|p2b: Basculegion
|-supereffective|p2b: Basculegion|1
|-damage|p2b: Basculegion|0 fnt
|faint|p2b: Basculegion
|
|-weather|SunnyDay|[upkeep]
|upkeep
|
|t:|1783820479
|switch|p2b: Ninetales|Ninetales-Alola, L50, M|100/100
|-weather|Snowscape|[from] ability: Snow Warning|[of] p2b: Ninetales
|turn|3
|
|t:|1783820494
|switch|p1b: Basculegion|Basculegion, L50, M, shiny|100/100
|move|p2a: Kingambit|Sucker Punch||[still]
|-fail|p2a: Kingambit
|move|p1a: Whimsicott|Moonblast|p2a: Kingambit
|-damage|p2a: Kingambit|57/100
|move|p2b: Ninetales|Blizzard|p1a: Whimsicott|[spread] p1a,p1b
|-supereffective|p1a: Whimsicott|1
|-resisted|p1b: Basculegion|1
|-damage|p1a: Whimsicott|2/100
|-damage|p1b: Basculegion|83/100
|
|-weather|Snowscape|[upkeep]
|upkeep
|turn|4
|
|t:|1783820515
|move|p1b: Basculegion|Aqua Jet|p2a: Kingambit
|-damage|p2a: Kingambit|31/100
|move|p2a: Kingambit|Sucker Punch||[still]
|-fail|p2a: Kingambit
|move|p1a: Whimsicott|Moonblast|p2a: Kingambit
|-damage|p2a: Kingambit|0 fnt
|faint|p2a: Kingambit
|move|p2b: Ninetales|Blizzard|p1b: Basculegion|[spread] p1a,p1b
|-supereffective|p1a: Whimsicott|1
|-resisted|p1b: Basculegion|1
|-damage|p1a: Whimsicott|0 fnt
|-damage|p1b: Basculegion|68/100
|faint|p1a: Whimsicott
|
|-weather|Snowscape|[upkeep]
|upkeep
|
|t:|1783820531
|switch|p1a: Charizard|Charizard-Mega-Y, L50, M|47/100
|switch|p2a: Venusaur|Venusaur, L50, F|100/100
|-weather|SunnyDay|[from] ability: Drought|[of] p1a: Charizard
|turn|5
|
|t:|1783820550
|detailschange|p2a: Venusaur|Venusaur-Mega, L50, F
|-mega|p2a: Venusaur|Venusaur|Venusaurite
|move|p2b: Ninetales|Protect|p2b: Ninetales
|-singleturn|p2b: Ninetales|Protect
|move|p2a: Venusaur|Protect|p2a: Venusaur
|-singleturn|p2a: Venusaur|Protect
|move|p1a: Charizard|Heat Wave|p2b: Ninetales|[spread] 
|-activate|p2a: Venusaur|move: Protect
|-activate|p2b: Ninetales|move: Protect
|move|p1b: Basculegion|Last Respects|p2a: Venusaur
|-activate|p2a: Venusaur|move: Protect
|
|-weather|SunnyDay|[upkeep]
|-sideend|p1: naibot2814|move: Tailwind
|upkeep
|turn|6
|inactive|Chuchobeto2504 has 30 seconds left.
|
|t:|1783820577
|move|p1b: Basculegion|Aqua Jet|p2b: Ninetales
|-crit|p2b: Ninetales
|-damage|p2b: Ninetales|68/100
|move|p2b: Ninetales|Freeze-Dry|p1a: Charizard
|-damage|p1a: Charizard|24/100
|move|p1a: Charizard|Heat Wave|p2b: Ninetales|[spread] p2a,p2b
|-supereffective|p2a: Venusaur|1
|-supereffective|p2b: Ninetales|1
|-damage|p2a: Venusaur|54/100
|-damage|p2b: Ninetales|0 fnt
|faint|p2b: Ninetales
|move|p2a: Venusaur|Giga Drain|p1b: Basculegion
|-supereffective|p1b: Basculegion|1
|-damage|p1b: Basculegion|0 fnt
|-heal|p2a: Venusaur|95/100|[from] drain|[of] p1b: Basculegion
|faint|p1b: Basculegion
|
|-weather|SunnyDay|[upkeep]
|upkeep
|
|t:|1783820588
|switch|p1b: Gholdengo|Gholdengo, L50|100/100
|turn|7
|
|t:|1783820597
|move|p1a: Charizard|Weather Ball|p2a: Venusaur
|-supereffective|p2a: Venusaur|1
|-damage|p2a: Venusaur|28/100
|move|p1b: Gholdengo|Shadow Ball|p2a: Venusaur
|-damage|p2a: Venusaur|0 fnt
|faint|p2a: Venusaur
|
|win|naibot2814
||naibot2814 is ready for game 2.
|inactive|Chuchobeto2504 has 30 seconds to confirm battle start!
||Chuchobeto2504 is ready for game 2.
|uhtml|next|Next: Game 2 of 3
