|j|☆fanman64
|j|☆ParroTiest
|html|fanman64ParroTiest    
|uhtml|bestof|Game 1 of a best-of-3
|t:|1756232765
|gametype|doubles
|player|p1|fanman64|266|1117
|player|p2|ParroTiest|wallace|1166
|gen|9
|tier|[Gen 9] VGC 2025 Reg H (Bo3)
|rated|
|rule|Species Clause: Limit one of each Pokémon
|rule|Item Clause: Limit 1 of each item
|clearpoke
|poke|p1|Tauros-Paldea-Blaze, L50, M|
|poke|p1|Rillaboom, L50, M|
|poke|p1|Tyranitar, L50, M|
|poke|p1|Kommo-o, L50, M|
|poke|p1|Basculegion, L50, M|
|poke|p1|Magmar, L50, M|
|poke|p2|Grimmsnarl, L50, M|
|poke|p2|Ursaluna-Bloodmoon, L50, M|
|poke|p2|Farigiraf, L50, M|
|poke|p2|Gholdengo, L50|
|poke|p2|Rillaboom, L50, M|
|poke|p2|Volcarona, L50, F|
|teampreview|4
|showteam|p1|Tauros-Paldea-Blaze||ClearAmulet|Intimidate|RagingBull,CloseCombat,Protect,WillOWisp|||M|||50|,,,,,Grass]Rillaboom||MiracleSeed|GrassySurge|WoodHammer,GrassyGlide,Uturn,FakeOut|||M|||50|,,,,,Grass]Tyranitar||AssaultVest|SandStream|KnockOff,RockSlide,LowKick,TeraBlast|||M|||50|,,,,,Flying]Kommo-o||ThroatSpray|Soundproof|ClangingScales,Flamethrower,Protect,ClangorousSoul|||M|||50|,,,,,Fire]Basculegion||ChoiceScarf|Adaptability|WaveCrash,LastRespects,FlipTurn,AquaJet|||M|||50|,,,,,Water]Magmar||Eviolite|VitalSpirit|Overheat,ClearSmog,FollowMe,Protect|||M|||50|,,,,,Fairy
|showteam|p2|Grimmsnarl||LightClay|Prankster|Reflect,LightScreen,SpiritBreak,Taunt|||M|||50|,,,,,Ghost]Ursaluna-Bloodmoon||LifeOrb|MindsEye|BloodMoon,HyperVoice,EarthPower,Protect|||M|||50|,,,,,Normal]Farigiraf||ThroatSpray|ArmorTail|HyperVoice,Psychic,TrickRoom,Protect|||M|||50|,,,,,Fairy]Gholdengo||ChoiceSpecs|GoodasGold|MakeItRain,ShadowBall,PowerGem,Trick||||||50|,,,,,Water]Rillaboom||AssaultVest|GrassySurge|FakeOut,WoodHammer,GrassyGlide,Uturn|||M|||50|,,,,,Fire]Volcarona||Leftovers|FlameBody|QuiverDance,HeatWave,GigaDrain,Protect|||F|||50|,,,,,Grass
|inactive|Battle timer is ON: inactive players will automatically lose when time's up. (requested by ParroTiest)
|inactive|fanman64 has 60 seconds left.
|inactive|ParroTiest has 60 seconds left.
|
|t:|1756232818
|teamsize|p1|4
|teamsize|p2|4
|start
|switch|p1a: Kommo-o|Kommo-o, L50, M|100/100
|switch|p1b: Basculegion|Basculegion, L50, M|100/100
|switch|p2a: gremlin|Grimmsnarl, L50, M, shiny|100/100
|switch|p2b: no fake out|Farigiraf, L50, M|100/100
|turn|1
|inactive|fanman64 has 30 seconds left.
|
|t:|1756232843
|move|p2a: gremlin|Taunt|p1a: Kommo-o
|-start|p1a: Kommo-o|move: Taunt
|move|p1b: Basculegion|Flip Turn|p2b: no fake out
|-damage|p2b: no fake out|60/100
|
|t:|1756232851
|switch|p1b: Tauros|Tauros-Paldea-Blaze, L50, M|100/100|[from] Flip Turn
|-ability|p1b: Tauros|Intimidate|boost
|-unboost|p2a: gremlin|atk|1
|-unboost|p2b: no fake out|atk|1
|move|p1a: Kommo-o|Clanging Scales|p2b: no fake out|[spread] p2b
|-immune|p2a: gremlin
|-damage|p2b: no fake out|30/100
|-unboost|p1a: Kommo-o|def|1
|-enditem|p1a: Kommo-o|Throat Spray
|-boost|p1a: Kommo-o|spa|1|[from] item: Throat Spray
|move|p2b: no fake out|Trick Room|p2b: no fake out
|-fieldstart|move: Trick Room|[of] p2b: no fake out
|
|upkeep
|turn|2
|inactive|fanman64 has 30 seconds left.
|inactive|ParroTiest has 30 seconds left.
|inactive|fanman64 has 20 seconds left.
|
|t:|1756232888
|-terastallize|p1a: Kommo-o|Fire
|move|p2a: gremlin|Light Screen|p2a: gremlin
|-sidestart|p2: ParroTiest|move: Light Screen
|move|p2b: no fake out|Hyper Voice|p1a: Kommo-o|[spread] p1b
|-immune|p1a: Kommo-o|[from] ability: Soundproof
|-damage|p1b: Tauros|56/100
|-enditem|p2b: no fake out|Throat Spray
|-boost|p2b: no fake out|spa|1|[from] item: Throat Spray
|move|p1a: Kommo-o|Flamethrower|p2a: gremlin
|-damage|p2a: gremlin|66/100
|-status|p2a: gremlin|brn
|move|p1b: Tauros|Raging Bull|p2b: no fake out
|-sideend|p2: ParroTiest|move: Light Screen
|-damage|p2b: no fake out|0 fnt
|faint|p2b: no fake out
|
|-damage|p2a: gremlin|60/100 brn|[from] brn
|upkeep
|
|t:|1756232902
|switch|p2b: instakill button|Ursaluna-Bloodmoon, L50, M|100/100
|turn|3
|inactive|fanman64 has 30 seconds left.
|inactive|fanman64 has 20 seconds left.
|inactive|fanman64 has 15 seconds left.
|inactive|fanman64 has 10 seconds left.
|
|t:|1756232948
|switch|p1a: Basculegion|Basculegion, L50, M|100/100
|move|p2a: gremlin|Light Screen|p2a: gremlin
|-sidestart|p2: ParroTiest|move: Light Screen
|move|p2b: instakill button|Earth Power|p1b: Tauros
|-supereffective|p1b: Tauros
|-damage|p1b: Tauros|0 fnt
|faint|p1b: Tauros
|-damage|p2b: instakill button|90/100|[from] item: Life Orb
|
|-damage|p2a: gremlin|54/100 brn|[from] brn
|upkeep
|
|t:|1756232956
|switch|p1b: Tyranitar|Tyranitar, L50, M|100/100
|-weather|Sandstorm|[from] ability: Sand Stream|[of] p1b: Tyranitar
|turn|4
|inactive|ParroTiest has 30 seconds left.
|
|t:|1756232986
|move|p2a: gremlin|Reflect|p2a: gremlin
|-sidestart|p2: ParroTiest|Reflect
|move|p1b: Tyranitar|Low Kick|p2b: instakill button
|-supereffective|p2b: instakill button
|-damage|p2b: instakill button|47/100
|move|p2b: instakill button|Blood Moon|p1a: Basculegion
|-damage|p1a: Basculegion|0 fnt
|faint|p1a: Basculegion
|-damage|p2b: instakill button|37/100|[from] item: Life Orb
|
|-weather|Sandstorm|[upkeep]
|-damage|p2a: gremlin|48/100 brn|[from] Sandstorm
|-damage|p2a: gremlin|42/100 brn|[from] brn
|upkeep
|
|t:|1756232995
|switch|p1a: Kommo-o|Kommo-o, L50, M, tera:Fire|100/100
|turn|5
|inactive|fanman64 has 30 seconds left.
|
|t:|1756233025
|move|p2b: instakill button|Protect|p2b: instakill button
|-singleturn|p2b: instakill button|Protect
|move|p1a: Kommo-o|Protect|p1a: Kommo-o
|-singleturn|p1a: Kommo-o|Protect
|move|p2a: gremlin|Taunt|p1a: Kommo-o
|-activate|p1a: Kommo-o|move: Protect
|move|p1b: Tyranitar|Low Kick|p2b: instakill button
|-activate|p2b: instakill button|move: Protect
|
|-weather|Sandstorm|[upkeep]
|-damage|p2a: gremlin|36/100 brn|[from] Sandstorm
|-damage|p1a: Kommo-o|94/100|[from] Sandstorm
|-damage|p2a: gremlin|30/100 brn|[from] brn
|-fieldend|move: Trick Room
|upkeep
|turn|6
|
|t:|1756233042
|switch|p2a: monke|Rillaboom, L50, M|100/100
|-fieldstart|move: Grassy Terrain|[from] ability: Grassy Surge|[of] p2a: monke
|move|p1a: Kommo-o|Clanging Scales|p2a: monke|[spread] p2a,p2b
|-damage|p2a: monke|88/100
|-damage|p2b: instakill button|10/100
|-unboost|p1a: Kommo-o|def|1
|move|p2b: instakill button|Earth Power|p1a: Kommo-o
|-supereffective|p1a: Kommo-o
|-damage|p1a: Kommo-o|0 fnt
|faint|p1a: Kommo-o
|-damage|p2b: instakill button|0 fnt|[from] item: Life Orb
|faint|p2b: instakill button
|move|p1b: Tyranitar|Rock Slide|p2a: monke
|-damage|p2a: monke|58/100
|
|-weather|Sandstorm|[upkeep]
|-damage|p2a: monke|52/100|[from] Sandstorm
|-heal|p2a: monke|58/100|[from] Grassy Terrain
|upkeep
|
|t:|1756233054
|switch|p2b: gremlin|Grimmsnarl, L50, M, shiny|30/100 brn
|turn|7
|
|t:|1756233066
|move|p2a: monke|Wood Hammer|p1b: Tyranitar
|-supereffective|p1b: Tyranitar
|-damage|p1b: Tyranitar|0 fnt
|faint|p1b: Tyranitar
|-damage|p2a: monke|26/100|[from] Recoil
|
|win|ParroTiest
||ParroTiest is ready for game 2.
||fanman64 is ready for game 2.
|uhtml|next|Next: Game 2 of 3
|l|☆fanman64
|player|p1|
