|j|☆Romaniumm
|j|☆bosspark1737376
|html|Romaniummbosspark1737376    
|uhtml|bestof|Game 1 of a best-of-3
|t:|1783885692
|gametype|doubles
|player|p1|Romaniumm|cynthia-gen4|1183
|player|p2|bosspark1737376|swimmerf|1158
|gen|9
|tier|[Gen 9 Champions] VGC 2026 Reg M-B (Bo3)
|rated|
|rule|Species Clause: Limit one of each Pokémon
|rule|Item Clause: Limit 1 of each item
|clearpoke
|poke|p1|Pelipper, L50, F|
|poke|p1|Swampert, L50, F|
|poke|p1|Sableye, L50, M|
|poke|p1|Archaludon, L50, M|
|poke|p1|Sinistcha-Masterpiece, L50|
|poke|p1|Floette-Eternal, L50, F|
|poke|p2|Gardevoir, L50, M, shiny|
|poke|p2|Sinistcha, L50|
|poke|p2|Incineroar, L50, M|
|poke|p2|Kingambit, L50, F|
|poke|p2|Garchomp, L50, F|
|poke|p2|Raichu, L50, F|
|teampreview|4
|showteam|p1|Pelipper||FocusSash|Drizzle|Protect,Hurricane,WeatherBall,Tailwind|Modest||F|||50|]Swampert||Swampertite|Torrent|Protect,Earthquake,FlipTurn,WaveCrash|Adamant||F|||50|]Sableye||SitrusBerry|Prankster|FakeOut,RainDance,Encore,FoulPlay|Careful||M|||50|]Archaludon||Leftovers|Stamina|Protect,ElectroShot,DragonPulse,FlashCannon|Modest||M|||50|]Sinistcha-Masterpiece||KasibBerry|Hospitality|Protect,MatchaGotcha,RagePowder,TrickRoom|Calm|||||50|]Floette-Eternal||Floettite|FlowerVeil|Protect,DazzlingGleam,Moonblast,LightofRuin|Timid||F|||50|
|showteam|p2|Gardevoir||Gardevoirite|Telepathy|HyperVoice,Psychic,CalmMind,Protect|Modest||M|||50|]Sinistcha||ColburBerry|Hospitality|MatchaGotcha,RagePowder,LifeDew,Protect|Bold|||||50|]Incineroar||SitrusBerry|Intimidate|FakeOut,FlareBlitz,ThroatChop,PartingShot|Impish||M|||50|]Kingambit||ChopleBerry|Defiant|KowtowCleave,SuckerPunch,SwordsDance,Protect|Adamant||F|||50|]Garchomp||LifeOrb|RoughSkin|DragonClaw,RockSlide,StompingTantrum,Protect|Jolly||F|||50|]Raichu||RaichuniteY|LightningRod|FakeOut,ZapCannon,FocusBlast,Protect|Timid||F|||50|
|inactive|Battle timer is ON: inactive players will automatically lose when time's up. (requested by bosspark1737376)
|
|t:|1783885724
|teamsize|p1|4
|teamsize|p2|4
|start
|switch|p1a: Pelipper|Pelipper, L50, F|100/100
|switch|p1b: Swampert|Swampert, L50, F|100/100
|switch|p2a: Gardevoir|Gardevoir, L50, M, shiny|100/100
|switch|p2b: Incineroar|Incineroar, L50, M|100/100
|-weather|RainDance|[from] ability: Drizzle|[of] p1a: Pelipper
|-ability|p2b: Incineroar|Intimidate|boost
|-unboost|p1a: Pelipper|atk|1
|-unboost|p1b: Swampert|atk|1
|turn|1
|inactive|bosspark1737376 has 30 seconds left.
|
|t:|1783885752
|detailschange|p2a: Gardevoir|Gardevoir-Mega, L50, M, shiny
|-mega|p2a: Gardevoir|Gardevoir|Gardevoirite
|detailschange|p1b: Swampert|Swampert-Mega, L50, F
|-mega|p1b: Swampert|Swampert|Swampertite
|move|p1b: Swampert|Protect|p1b: Swampert
|-singleturn|p1b: Swampert|Protect
|move|p1a: Pelipper|Protect|p1a: Pelipper
|-singleturn|p1a: Pelipper|Protect
|move|p2b: Incineroar|Fake Out|p1b: Swampert
|-activate|p1b: Swampert|move: Protect
|move|p2a: Gardevoir|Calm Mind|p2a: Gardevoir
|-boost|p2a: Gardevoir|spa|1
|-boost|p2a: Gardevoir|spd|1
|
|-weather|RainDance|[upkeep]
|upkeep
|turn|2
|inactive|bosspark1737376 has 30 seconds left.
|
|t:|1783885778
|switch|p2b: Sinistcha|Sinistcha, L50|100/100
|move|p2a: Gardevoir|Protect|p2a: Gardevoir
|-singleturn|p2a: Gardevoir|Protect
|move|p1b: Swampert|Earthquake|p2b: Sinistcha|[spread] p2b
|-activate|p2a: Gardevoir|move: Protect
|-immune|p1a: Pelipper
|-resisted|p2b: Sinistcha|1
|-damage|p2b: Sinistcha|86/100
|move|p1a: Pelipper|Weather Ball|p2b: Sinistcha
|-resisted|p2b: Sinistcha|1
|-damage|p2b: Sinistcha|55/100
|
|-weather|RainDance|[upkeep]
|upkeep
|turn|3
|
|t:|1783885795
|switch|p2b: Incineroar|Incineroar, L50, M|100/100
|-ability|p2b: Incineroar|Intimidate|boost
|-unboost|p1a: Pelipper|atk|1
|-unboost|p1b: Swampert|atk|1
|move|p1b: Swampert|Earthquake|p2a: Gardevoir|[spread] p2a,p2b
|-immune|p1a: Pelipper
|-supereffective|p2b: Incineroar|1
|-damage|p2a: Gardevoir|72/100
|-damage|p2b: Incineroar|66/100
|move|p2a: Gardevoir|Hyper Voice|p1b: Swampert|[spread] p1a,p1b
|-enditem|p1a: Pelipper|Focus Sash
|-damage|p1a: Pelipper|1/100
|-damage|p1b: Swampert|35/100
|move|p1a: Pelipper|Hurricane|p2b: Incineroar
|-damage|p2b: Incineroar|19/100
|-start|p2b: Incineroar|confusion
|-enditem|p2b: Incineroar|Sitrus Berry|[eat]
|-heal|p2b: Incineroar|44/100|[from] item: Sitrus Berry
|
|-weather|RainDance|[upkeep]
|upkeep
|turn|4
|inactive|bosspark1737376 has 30 seconds left.
|
|t:|1783885821
|switch|p2b: Sinistcha|Sinistcha, L50|55/100
|-heal|p2a: Gardevoir|96/100|[from] ability: Hospitality|[of] p2b: Sinistcha
|move|p1b: Swampert|Protect|p1b: Swampert
|-singleturn|p1b: Swampert|Protect
|move|p1a: Pelipper|Protect|p1a: Pelipper
|-singleturn|p1a: Pelipper|Protect
|move|p2a: Gardevoir|Hyper Voice|p1b: Swampert|[spread] 
|-activate|p1a: Pelipper|move: Protect
|-activate|p1b: Swampert|move: Protect
|
|-weather|RainDance|[upkeep]
|upkeep
|turn|5
|inactive|Romaniumm has 30 seconds left.
|
|t:|1783885850
|switch|p2b: Incineroar|Incineroar, L50, M|44/100
|-ability|p2b: Incineroar|Intimidate|boost
|-unboost|p1a: Pelipper|atk|1
|-unboost|p1b: Swampert|atk|1
|move|p1b: Swampert|Flip Turn|p2a: Gardevoir
|-damage|p2a: Gardevoir|67/100
|
|t:|1783885858
|switch|p1b: Archaludon|Archaludon, L50, M|100/100|[from] Flip Turn
|move|p2a: Gardevoir|Hyper Voice|p1b: Archaludon|[spread] p1a,p1b
|-damage|p1a: Pelipper|0 fnt
|-damage|p1b: Archaludon|20/100y
|-ability|p1b: Archaludon|Stamina|boost
|-boost|p1b: Archaludon|def|1
|faint|p1a: Pelipper
|
|-weather|none
|-heal|p1b: Archaludon|26/100|[from] item: Leftovers
|upkeep
|
|t:|1783885870
|switch|p1a: Sinistcha|Sinistcha-Masterpiece, L50|100/100
|-heal|p1b: Archaludon|51/100|[from] ability: Hospitality|[of] p1a: Sinistcha
|turn|6
|
|t:|1783885881
|move|p1b: Archaludon|Protect|p1b: Archaludon
|-singleturn|p1b: Archaludon|Protect
|move|p2a: Gardevoir|Hyper Voice|p1b: Archaludon|[spread] p1a
|-activate|p1b: Archaludon|move: Protect
|-damage|p1a: Sinistcha|30/100
|move|p2b: Incineroar|Flare Blitz|p1a: Sinistcha
|-supereffective|p1a: Sinistcha|1
|-damage|p1a: Sinistcha|0 fnt
|faint|p1a: Sinistcha
|-damage|p2b: Incineroar|35/100|[from] Recoil
|
|-heal|p1b: Archaludon|57/100|[from] item: Leftovers
|upkeep
|
|t:|1783885893
|switch|p1a: Swampert|Swampert-Mega, L50, F|35/100
|turn|7
|
|t:|1783885899
|switch|p2b: Sinistcha|Sinistcha, L50|55/100
|-heal|p2a: Gardevoir|92/100|[from] ability: Hospitality|[of] p2b: Sinistcha
|move|p2a: Gardevoir|Protect|p2a: Gardevoir
|-singleturn|p2a: Gardevoir|Protect
|move|p1b: Archaludon|Flash Cannon|p2a: Gardevoir
|-activate|p2a: Gardevoir|move: Protect
|move|p1a: Swampert|Earthquake|p2a: Gardevoir|[spread] p1b,p2b
|-activate|p2a: Gardevoir|move: Protect
|-supereffective|p1b: Archaludon|1
|-resisted|p2b: Sinistcha|1
|-damage|p1b: Archaludon|8/100
|-damage|p2b: Sinistcha|34/100
|-ability|p1b: Archaludon|Stamina|boost
|-boost|p1b: Archaludon|def|1
|
|-heal|p1b: Archaludon|14/100|[from] item: Leftovers
|upkeep
|turn|8
|
|t:|1783885918
|switch|p2b: Incineroar|Incineroar, L50, M|35/100
|-ability|p2b: Incineroar|Intimidate|boost
|-unboost|p1a: Swampert|atk|1
|-unboost|p1b: Archaludon|atk|1
|move|p2a: Gardevoir|Hyper Voice|p1a: Swampert|[spread] p1a,p1b
|-damage|p1a: Swampert|0 fnt
|-damage|p1b: Archaludon|0 fnt
|faint|p1a: Swampert
|faint|p1b: Archaludon
|
|win|bosspark1737376
||Romaniumm is ready for game 2.
|inactive|bosspark1737376 has 30 seconds to confirm battle start!
||bosspark1737376 is ready for game 2.
|uhtml|next|Next: Game 2 of 3
|l|☆Romaniumm
|player|p1|
