|j|☆estarla
|j|☆bigdamagego
|html|estarlabigdamagego    
|uhtml|bestof|Game 1 of a best-of-3
|t:|1783425542
|gametype|doubles
|player|p1|estarla|169|1213
|player|p2|bigdamagego|steven|1128
|gen|9
|tier|[Gen 9 Champions] VGC 2026 Reg M-B (Bo3)
|rated|
|rule|Species Clause: Limit one of each Pokémon
|rule|Item Clause: Limit 1 of each item
|clearpoke
|poke|p1|Farigiraf, L50, F|
|poke|p1|Incineroar, L50, F|
|poke|p1|Mawile, L50, M|
|poke|p1|Tyrantrum, L50, F|
|poke|p1|Torkoal, L50, F|
|poke|p1|Sinistcha-Masterpiece, L50|
|poke|p2|Floette-Eternal, L50, F|
|poke|p2|Delphox, L50, M|
|poke|p2|Kingambit, L50, F|
|poke|p2|Sneasler, L50, M|
|poke|p2|Sinistcha, L50|
|poke|p2|Incineroar, L50, F|
|teampreview|4
|showteam|p1|Farigiraf||ColburBerry|ArmorTail|TrickRoom,HelpingHand,Psychic,Thunderbolt|Relaxed||F|||50|]Incineroar||Charcoal|Intimidate|FlareBlitz,PartingShot,FakeOut,DarkestLariat|Adamant||F|||50|]Mawile||Mawilite|Intimidate|Protect,PlayRough,SuckerPunch,SwordsDance|Brave||M|||50|]Tyrantrum||ExpertBelt|StrongJaw|RockSlide,CloseCombat,IceFang,Protect|Adamant||F|||50|]Torkoal||LifeOrb|Drought|Eruption,HeatWave,Protect,WeatherBall|Quiet||F|||50|]Sinistcha-Masterpiece||SitrusBerry|Hospitality|GigaDrain,RagePowder,TrickRoom,LifeDew|Bold|||||50|
|showteam|p2|Floette-Eternal||Floettite|FlowerVeil|Protect,CalmMind,DazzlingGleam,DrainingKiss|Modest||F|||50|]Delphox||Delphoxite|Blaze|HeatWave,Psychic,NastyPlot,Protect|Timid||M|||50|]Kingambit||BlackGlasses|Defiant|SuckerPunch,KowtowCleave,SwordsDance,Protect|Adamant||F|||50|]Sneasler||FocusSash|PoisonTouch|FakeOut,PoisonJab,CloseCombat,QuickGuard|Jolly||M|||50|]Sinistcha||CobaBerry|Hospitality|MatchaGotcha,RagePowder,Protect,TrickRoom|Calm|||||50|]Incineroar||SitrusBerry|Intimidate|FakeOut,FlareBlitz,ThroatChop,PartingShot|Bold||F|||50|
|j| floettefan670
|
|t:|1783425593
|teamsize|p1|4
|teamsize|p2|4
|start
|switch|p1a: Farigiraf|Farigiraf, L50, F|100/100
|switch|p1b: Incineroar|Incineroar, L50, F|100/100
|switch|p2a: Kingambit|Kingambit, L50, F|100/100
|switch|p2b: Incineroar|Incineroar, L50, F|100/100
|-ability|p2b: Incineroar|Intimidate|boost
|-unboost|p1a: Farigiraf|atk|1
|-unboost|p1b: Incineroar|atk|1
|-ability|p1b: Incineroar|Intimidate|boost
|-unboost|p2a: Kingambit|atk|1
|-ability|p2a: Kingambit|Defiant|boost
|-boost|p2a: Kingambit|atk|2
|-unboost|p2b: Incineroar|atk|1
|turn|1
|
|t:|1783425619
|move|p1b: Incineroar|Fake Out|p2a: Kingambit
|-resisted|p2a: Kingambit|1
|-damage|p2a: Kingambit|97/100
|move|p2b: Incineroar|Throat Chop|p1a: Farigiraf
|-supereffective|p1a: Farigiraf|1
|-enditem|p1a: Farigiraf|Colbur Berry|[eat]
|-enditem|p1a: Farigiraf|Colbur Berry|[weaken]
|-damage|p1a: Farigiraf|86/100
|-start|p1a: Farigiraf|Throat Chop|[silent]
|cant|p2a: Kingambit|flinch
|move|p1a: Farigiraf|Trick Room|p1a: Farigiraf
|-fieldstart|move: Trick Room|[of] p1a: Farigiraf
|
|upkeep
|turn|2
|
|t:|1783425636
|move|p1a: Farigiraf|Helping Hand|p1b: Incineroar
|-singleturn|p1b: Incineroar|Helping Hand|[of] p1a: Farigiraf
|move|p2a: Kingambit|Protect|p2a: Kingambit
|-singleturn|p2a: Kingambit|Protect
|move|p1b: Incineroar|Flare Blitz|p2a: Kingambit
|-activate|p2a: Kingambit|move: Protect
|move|p2b: Incineroar|Parting Shot|p1b: Incineroar
|-unboost|p1b: Incineroar|atk|1
|-unboost|p1b: Incineroar|spa|1
|
|t:|1783425657
|switch|p2b: Delphox|Delphox, L50, M|100/100|[from] Parting Shot
|
|-end|p1a: Farigiraf|Throat Chop|[silent]
|upkeep
|turn|3
|
|t:|1783425680
|switch|p2b: Incineroar|Incineroar, L50, F|100/100
|-ability|p2b: Incineroar|Intimidate|boost
|-unboost|p1a: Farigiraf|atk|1
|-unboost|p1b: Incineroar|atk|1
|move|p1a: Farigiraf|Thunderbolt|p2b: Incineroar
|-damage|p2b: Incineroar|78/100
|-status|p2b: Incineroar|par
|move|p2a: Kingambit|Kowtow Cleave|p1b: Incineroar
|-resisted|p1b: Incineroar|1
|-damage|p1b: Incineroar|59/100
|move|p1b: Incineroar|Parting Shot|p2b: Incineroar
|-unboost|p2b: Incineroar|atk|1
|-unboost|p2b: Incineroar|spa|1
|
|t:|1783425687
|switch|p1b: Torkoal|Torkoal, L50, F|100/100|[from] Parting Shot
|-weather|SunnyDay|[from] ability: Drought|[of] p1b: Torkoal
|
|-weather|SunnyDay|[upkeep]
|upkeep
|turn|4
|
|t:|1783425706
|move|p1a: Farigiraf|Helping Hand|p1b: Torkoal
|-singleturn|p1b: Torkoal|Helping Hand|[of] p1a: Farigiraf
|move|p2a: Kingambit|Protect|p2a: Kingambit
|-singleturn|p2a: Kingambit|Protect
|move|p1b: Torkoal|Eruption|p2b: Incineroar|[spread] p2b
|-activate|p2a: Kingambit|move: Protect
|-resisted|p2b: Incineroar|1
|-crit|p2b: Incineroar
|-damage|p2b: Incineroar|0 fnt
|faint|p2b: Incineroar
|-damage|p1b: Torkoal|90/100|[from] item: Life Orb
|
|-weather|SunnyDay|[upkeep]
|upkeep
|
|t:|1783425719
|switch|p2b: Delphox|Delphox, L50, M|100/100
|turn|5
|
|t:|1783425732
|switch|p2a: Sinistcha|Sinistcha, L50|100/100
|detailschange|p2b: Delphox|Delphox-Mega, L50, M
|-mega|p2b: Delphox|Delphox|Delphoxite
|move|p1a: Farigiraf|Helping Hand|p1b: Torkoal
|-singleturn|p1b: Torkoal|Helping Hand|[of] p1a: Farigiraf
|move|p1b: Torkoal|Eruption|p2a: Sinistcha|[spread] p2a,p2b
|-supereffective|p2a: Sinistcha|1
|-resisted|p2b: Delphox|1
|-damage|p2a: Sinistcha|0 fnt
|-damage|p2b: Delphox|46/100
|faint|p2a: Sinistcha
|-damage|p1b: Torkoal|80/100|[from] item: Life Orb
|move|p2b: Delphox|Nasty Plot|p2b: Delphox
|-boost|p2b: Delphox|spa|2
|
|-weather|SunnyDay|[upkeep]
|-fieldend|move: Trick Room
|upkeep
|
|t:|1783425742
|switch|p2a: Kingambit|Kingambit, L50, F|97/100
|turn|6
|
|t:|1783425748
|move|p1b: Torkoal|Protect|p1b: Torkoal
|-singleturn|p1b: Torkoal|Protect
|move|p2b: Delphox|Psychic|p1b: Torkoal
|-activate|p1b: Torkoal|move: Protect
|move|p2a: Kingambit|Kowtow Cleave|p1a: Farigiraf
|-supereffective|p1a: Farigiraf|1
|-damage|p1a: Farigiraf|0 fnt
|faint|p1a: Farigiraf
|
|-weather|SunnyDay|[upkeep]
|upkeep
|
|t:|1783425756
|switch|p1a: Mawile|Mawile, L50, M|100/100
|-ability|p1a: Mawile|Intimidate|boost
|-unboost|p2a: Kingambit|atk|1
|-ability|p2a: Kingambit|Defiant|boost
|-boost|p2a: Kingambit|atk|2
|-unboost|p2b: Delphox|atk|1
|turn|7
|
|t:|1783425762
|detailschange|p1a: Mawile|Mawile-Mega, L50, M
|-mega|p1a: Mawile|Mawile|Mawilite
|move|p2a: Kingambit|Sucker Punch|p1b: Torkoal
|-damage|p1b: Torkoal|24/100
|move|p1a: Mawile|Sucker Punch|p2b: Delphox
|-supereffective|p2b: Delphox|1
|-damage|p2b: Delphox|0 fnt
|faint|p2b: Delphox
|move|p1b: Torkoal|Heat Wave|p2a: Kingambit
|-supereffective|p2a: Kingambit|1
|-damage|p2a: Kingambit|0 fnt
|faint|p2a: Kingambit
|-damage|p1b: Torkoal|14/100|[from] item: Life Orb
|
|win|estarla
