|j|☆Ztringz
|j|☆Raj Desexy
|html|ZtringzRaj Desexy    
|uhtml|bestof|Game 3 of a best-of-3
|t:|1754522684
|gametype|doubles
|player|p1|Ztringz|266|1177
|player|p2|Raj Desexy|waitress-gen4|1217
|gen|9
|tier|[Gen 9] VGC 2025 Reg H (Bo3)
|rated|
|rule|Species Clause: Limit one of each Pokémon
|rule|Item Clause: Limit 1 of each item
|clearpoke
|poke|p1|Rillaboom, L50, M|
|poke|p1|Pelipper, L50, F|
|poke|p1|Basculegion, L50, M|
|poke|p1|Archaludon, L50, M|
|poke|p1|Garchomp, L50, F|
|poke|p1|Electabuzz, L50, F|
|poke|p2|Gholdengo, L50|
|poke|p2|Rillaboom, L50, M|
|poke|p2|Arcanine-Hisui, L50, F|
|poke|p2|Sneasler, L50, M|
|poke|p2|Dragonite, L50, F|
|poke|p2|Ninetales-Alola, L50, M|
|teampreview|4
|showteam|p1|Rillaboom||MiracleSeed|GrassySurge|FakeOut,GrassyGlide,WoodHammer,HighHorsepower|||M|||50|,,,,,Grass]Pelipper||FocusSash|Drizzle|Tailwind,Hurricane,WeatherBall,Protect|||F|||50|,,,,,Flying]Basculegion||ChoiceBand|SwiftSwim|WaveCrash,FlipTurn,AquaJet,LastRespects|||M|||50|,,,,,Water]Archaludon||AssaultVest|Stamina|ElectroShot,FlashCannon,BodyPress,DracoMeteor|||M|||50|,,,,,Grass]Garchomp||RockyHelmet|RoughSkin|PoisonJab,Earthquake,RockSlide,DragonClaw|||F|||50|,,,,,Fire]Electabuzz||Eviolite|VitalSpirit|Electroweb,FollowMe,Taunt,Protect|||F|||50|,,,,,Ghost
|showteam|p2|Gholdengo||GrassySeed|GoodasGold|MakeItRain,NastyPlot,ShadowBall,Protect||||||50|,,,,,Water]Rillaboom||AssaultVest|GrassySurge|FakeOut,GrassyGlide,WoodHammer,Uturn|||M|||50|,,,,,Fire]Arcanine-Hisui||ClearAmulet|Intimidate|RockSlide,FlareBlitz,ExtremeSpeed,Protect|||F|||50|,,,,,Water]Sneasler||FocusSash|Unburden|CloseCombat,DireClaw,Coaching,Protect|||M|||50|,,,,,Stellar]Dragonite||LoadedDice|Multiscale|ScaleShot,StompingTantrum,Protect,Tailwind|||F|||50|,,,,,Ground]Ninetales-Alola||CovertCloak|SnowWarning|Blizzard,IcyWind,AuroraVeil,Encore|||M|||50|,,,,,Ice
|
|t:|1754522699
|teamsize|p1|4
|teamsize|p2|4
|start
|switch|p1a: Pelipper|Pelipper, L50, F|100/100
|switch|p1b: Archaludon|Archaludon, L50, M|100/100
|switch|p2a: N17|Rillaboom, L50, M|100/100
|switch|p2b: Crazy World|Gholdengo, L50|100/100
|-weather|RainDance|[from] ability: Drizzle|[of] p1a: Pelipper
|-fieldstart|move: Grassy Terrain|[from] ability: Grassy Surge|[of] p2a: N17
|-enditem|p2b: Crazy World|Grassy Seed
|-boost|p2b: Crazy World|def|1|[from] item: Grassy Seed
|turn|1
|
|t:|1754522706
|switch|p2a: Linger|Ninetales-Alola, L50, M|100/100
|-weather|Snowscape|[from] ability: Snow Warning|[of] p2a: Linger
|move|p1a: Pelipper|Protect|p1a: Pelipper
|-singleturn|p1a: Pelipper|Protect
|move|p2b: Crazy World|Nasty Plot|p2b: Crazy World
|-boost|p2b: Crazy World|spa|2
|move|p1b: Archaludon|Electro Shot||[still]
|-prepare|p1b: Archaludon|Electro Shot
|-boost|p1b: Archaludon|spa|1
|
|-weather|Snowscape|[upkeep]
|upkeep
|turn|2
|
|t:|1754522711
|move|p2b: Crazy World|Protect|p2b: Crazy World
|-singleturn|p2b: Crazy World|Protect
|move|p2a: Linger|Encore|p1b: Archaludon
|-start|p1b: Archaludon|Encore
|move|p1a: Pelipper|Tailwind|p1a: Pelipper
|-sidestart|p1: Ztringz|move: Tailwind
|move|p1b: Archaludon|Electro Shot|p2b: Crazy World|[from] lockedmove
|-activate|p2b: Crazy World|move: Protect
|
|-weather|Snowscape|[upkeep]
|upkeep
|turn|3
|
|t:|1754522731
|switch|p1a: Basculegion|Basculegion, L50, M|100/100
|move|p1b: Archaludon|Electro Shot||[still]
|-prepare|p1b: Archaludon|Electro Shot
|-boost|p1b: Archaludon|spa|1
|move|p2a: Linger|Blizzard|p1a: Basculegion|[spread] p1a,p1b
|-resisted|p1a: Basculegion
|-damage|p1a: Basculegion|84/100
|-damage|p1b: Archaludon|80/100
|-ability|p1b: Archaludon|Stamina|boost
|-boost|p1b: Archaludon|def|1
|move|p2b: Crazy World|Shadow Ball|p1a: Basculegion
|-supereffective|p1a: Basculegion
|-damage|p1a: Basculegion|0 fnt
|faint|p1a: Basculegion
|
|-weather|Snowscape|[upkeep]
|-heal|p1b: Archaludon|86/100|[from] Grassy Terrain
|upkeep
|
|t:|1754522742
|switch|p1a: Rillaboom|Rillaboom, L50, M|100/100
|turn|4
|
|t:|1754522748
|switch|p2a: N17|Rillaboom, L50, M|100/100
|move|p2b: Crazy World|Protect|p2b: Crazy World
|-singleturn|p2b: Crazy World|Protect
|move|p1a: Rillaboom|Fake Out|p2a: N17
|-damage|p2a: N17|88/100
|move|p1b: Archaludon|Electro Shot|p2a: N17|[from] lockedmove
|-resisted|p2a: N17
|-damage|p2a: N17|58/100
|
|-weather|Snowscape|[upkeep]
|-heal|p1b: Archaludon|92/100|[from] Grassy Terrain
|-heal|p2a: N17|63/100|[from] Grassy Terrain
|-end|p1b: Archaludon|Encore
|upkeep
|turn|5
|
|t:|1754522773
|move|p2a: N17|Fake Out|p1b: Archaludon
|-resisted|p1b: Archaludon
|-damage|p1b: Archaludon|89/100
|-ability|p1b: Archaludon|Stamina|boost
|-boost|p1b: Archaludon|def|1
|move|p1a: Rillaboom|High Horsepower|p2b: Crazy World
|-supereffective|p2b: Crazy World
|-damage|p2b: Crazy World|52/100
|cant|p1b: Archaludon|flinch
|move|p2b: Crazy World|Shadow Ball|p1b: Archaludon
|-damage|p1b: Archaludon|30/100
|-ability|p1b: Archaludon|Stamina|boost
|-boost|p1b: Archaludon|def|1
|
|-weather|none
|-heal|p1b: Archaludon|36/100|[from] Grassy Terrain
|-heal|p2b: Crazy World|58/100|[from] Grassy Terrain
|-heal|p2a: N17|69/100|[from] Grassy Terrain
|-sideend|p1: Ztringz|move: Tailwind
|-fieldend|move: Grassy Terrain
|upkeep
|turn|6
|
|t:|1754522793
|move|p2b: Crazy World|Shadow Ball|p1b: Archaludon
|-damage|p1b: Archaludon|0 fnt
|faint|p1b: Archaludon
|move|p1a: Rillaboom|High Horsepower|p2b: Crazy World
|-supereffective|p2b: Crazy World
|-damage|p2b: Crazy World|8/100
|move|p2a: N17|U-turn|p1a: Rillaboom
|-supereffective|p1a: Rillaboom
|-damage|p1a: Rillaboom|49/100
|
|t:|1754522795
|switch|p2a: Linger|Ninetales-Alola, L50, M|100/100|[from] U-turn
|-weather|Snowscape|[from] ability: Snow Warning|[of] p2a: Linger
|
|-weather|Snowscape|[upkeep]
|upkeep
|
|t:|1754522799
|switch|p1b: Pelipper|Pelipper, L50, F|100/100
|-weather|RainDance|[from] ability: Drizzle|[of] p1b: Pelipper
|turn|7
|
|t:|1754522812
|-terastallize|p1b: Pelipper|Flying
|move|p2a: Linger|Icy Wind|p1b: Pelipper|[spread] p1a,p1b
|-supereffective|p1a: Rillaboom
|-supereffective|p1b: Pelipper
|-damage|p1a: Rillaboom|12/100
|-damage|p1b: Pelipper|52/100
|-unboost|p1a: Rillaboom|spe|1
|-unboost|p1b: Pelipper|spe|1
|move|p2b: Crazy World|Shadow Ball|p1a: Rillaboom
|-damage|p1a: Rillaboom|0 fnt
|faint|p1a: Rillaboom
|move|p1b: Pelipper|Hurricane|p2a: Linger
|-damage|p2a: Linger|30/100
|
|-weather|RainDance|[upkeep]
|upkeep
|turn|8
|-message|Ztringz forfeited.
|
|win|Raj Desexy
|raw|Ztringz's rating: 1177 → 1155(-22 for losing)
|raw|Raj Desexy's rating: 1217 → 1239(+22 for winning)
|l|☆Ztringz
|player|p1|
