|j|☆anino23
|j|☆latios66
|html|anino23latios66    
|uhtml|bestof|Game 3 of a best-of-3
|t:|1756500035
|gametype|doubles
|player|p1|anino23|1|1139
|player|p2|latios66|1|1070
|gen|9
|tier|[Gen 9] VGC 2025 Reg H (Bo3)
|rated|
|rule|Species Clause: Limit one of each Pokémon
|rule|Item Clause: Limit 1 of each item
|clearpoke
|poke|p1|Gholdengo, L50|
|poke|p1|Ursaluna, L50, F|
|poke|p1|Incineroar, L50, M|
|poke|p1|Porygon2, L50|
|poke|p1|Dragonite, L50, F|
|poke|p1|Kilowattrel, L50, F|
|poke|p2|Archaludon, L50, M|
|poke|p2|Pelipper, L50, M|
|poke|p2|Indeedee, L50, M|
|poke|p2|Zoroark-Hisui, L50, F|
|poke|p2|Basculegion, L50, M|
|poke|p2|Sneasler, L50, M|
|teampreview|4
|showteam|p1|Gholdengo||ChoiceSpecs|GoodasGold|MakeItRain,FocusBlast,ShadowBall,Trick||||||50|,,,,,Dragon]Ursaluna||FlameOrb|Guts|Facade,HeadlongRush,Earthquake,Protect|||F|||50|,,,,,Ghost]Incineroar||SafetyGoggles|Intimidate|FakeOut,FlareBlitz,KnockOff,PartingShot|||M|||50|,,,,,Bug]Porygon2||Eviolite|Download|IceBeam,TeraBlast,Recover,TrickRoom||||||50|,,,,,Fairy]Dragonite||LoadedDice|Multiscale|ScaleShot,Haze,Protect,ExtremeSpeed|||F|||50|,,,,,Normal]Kilowattrel||FocusSash|Competitive|Thunderbolt,AirSlash,Protect,Tailwind|||F|||50|,,,,,Electric
|showteam|p2|Archaludon||AssaultVest|Stamina|ElectroShot,DracoMeteor,BodyPress,FlashCannon|||M|||50|,,,,,Grass]Pelipper||FocusSash|Drizzle|WeatherBall,Hurricane,Tailwind,Protect|||M|||50|,,,,,Ghost]Indeedee||ChoiceScarf|PsychicSurge|ExpandingForce,TeraBlast,Trick,DazzlingGleam|||M|||50|,,,,,Ground]Zoroark-Hisui||ThroatSpray|Illusion|HyperVoice,Taunt,IcyWind,ShadowBall|||F|||50|,,,,,Normal]Basculegion||ChoiceBand|SwiftSwim|FlipTurn,WaveCrash,LastRespects,AquaJet|||M|||50|,,,,,Poison]Sneasler||PsychicSeed|Unburden|DireClaw,ThroatChop,CloseCombat,Protect|||M|||50|,,,,,Dark
|inactive|Battle timer is ON: inactive players will automatically lose when time's up. (requested by anino23)
|inactive|anino23 has 60 seconds left.
|inactive|latios66 has 60 seconds left.
|
|t:|1756500072
|teamsize|p1|4
|teamsize|p2|4
|start
|switch|p1a: Incineroar|Incineroar, L50, M|100/100
|switch|p1b: Kilowattrel|Kilowattrel, L50, F|100/100
|switch|p2a: Empire|Basculegion, L50, M|100/100
|switch|p2b: Smellypper|Pelipper, L50, M|100/100
|-weather|RainDance|[from] ability: Drizzle|[of] p2b: Smellypper
|-ability|p1a: Incineroar|Intimidate|boost
|-unboost|p2a: Empire|atk|1
|-unboost|p2b: Smellypper|atk|1
|turn|1
|j| Ferchoxx
|inactive|anino23 has 30 seconds left.
|inactive|anino23 has 20 seconds left.
|inactive|anino23 has 15 seconds left.
|
|t:|1756500117
|move|p1a: Incineroar|Fake Out|p2b: Smellypper
|-damage|p2b: Smellypper|85/100
|move|p2a: Empire|Flip Turn|p1a: Incineroar
|-supereffective|p1a: Incineroar
|-damage|p1a: Incineroar|24/100
|
|t:|1756500123
|switch|p2a: Arching|Archaludon, L50, M|100/100|[from] Flip Turn
|move|p1b: Kilowattrel|Tailwind|p1b: Kilowattrel
|-sidestart|p1: anino23|move: Tailwind
|cant|p2b: Smellypper|flinch
|
|-weather|RainDance|[upkeep]
|upkeep
|turn|2
|
|t:|1756500140
|move|p2b: Smellypper|Protect|p2b: Smellypper
|-singleturn|p2b: Smellypper|Protect
|move|p1b: Kilowattrel|Thunderbolt|p2b: Smellypper
|-activate|p2b: Smellypper|move: Protect
|move|p1a: Incineroar|Parting Shot|p2a: Arching
|-unboost|p2a: Arching|atk|1
|-unboost|p2a: Arching|spa|1
|
|t:|1756500148
|switch|p1a: Ursaluna|Ursaluna, L50, F|100/100|[from] Parting Shot
|move|p2a: Arching|Electro Shot||[still]
|-prepare|p2a: Arching|Electro Shot
|-boost|p2a: Arching|spa|1
|-anim|p2a: Arching|Electro Shot|p1b: Kilowattrel
|-damage|p1b: Kilowattrel|24/100
|
|-weather|RainDance|[upkeep]
|-status|p1a: Ursaluna|brn|[from] item: Flame Orb
|upkeep
|turn|3
|inactive|latios66 has 30 seconds left.
|inactive|latios66 has 20 seconds left.
|inactive|latios66 has 15 seconds left.
|
|t:|1756500189
|switch|p2b: Empire|Basculegion, L50, M|100/100
|-terastallize|p2a: Arching|Grass
|move|p1b: Kilowattrel|Thunderbolt|p2b: Empire
|-supereffective|p2b: Empire
|-damage|p2b: Empire|6/100
|move|p1a: Ursaluna|Headlong Rush|p2a: Arching
|-resisted|p2a: Arching
|-damage|p2a: Arching|61/100
|-unboost|p1a: Ursaluna|def|1
|-unboost|p1a: Ursaluna|spd|1
|-ability|p2a: Arching|Stamina|boost
|-boost|p2a: Arching|def|1
|move|p2a: Arching|Draco Meteor|p1a: Ursaluna
|-damage|p1a: Ursaluna|16/100 brn
|-unboost|p2a: Arching|spa|2
|
|-weather|RainDance|[upkeep]
|-damage|p1a: Ursaluna|10/100 brn|[from] brn
|upkeep
|turn|4
|inactive|anino23 has 30 seconds left.
|inactive|latios66 has 30 seconds left.
|inactive|anino23 has 20 seconds left.
|inactive|latios66 has 20 seconds left.
|inactive|latios66 has 15 seconds left.
|inactive|latios66 has 10 seconds left.
|inactive|anino23 has 15 seconds left.
|inactive|latios66 has 5 seconds left.
|
|t:|1756500242
|move|p1a: Ursaluna|Protect|p1a: Ursaluna
|-singleturn|p1a: Ursaluna|Protect
|move|p2b: Empire|Aqua Jet|p1a: Ursaluna
|-activate|p1a: Ursaluna|move: Protect
|move|p1b: Kilowattrel|Air Slash|p2a: Arching
|-supereffective|p2a: Arching
|-damage|p2a: Arching|17/100
|-ability|p2a: Arching|Stamina|boost
|-boost|p2a: Arching|def|1
|cant|p2a: Arching|flinch
|
|-weather|RainDance|[upkeep]
|-damage|p1a: Ursaluna|4/100 brn|[from] brn
|-sideend|p1: anino23|move: Tailwind
|upkeep
|turn|5
|
|t:|1756500260
|switch|p1a: Incineroar|Incineroar, L50, M|24/100
|-ability|p1a: Incineroar|Intimidate|boost
|-unboost|p2a: Arching|atk|1
|-unboost|p2b: Empire|atk|1
|move|p1b: Kilowattrel|Protect|p1b: Kilowattrel
|-singleturn|p1b: Kilowattrel|Protect
|move|p2b: Empire|Aqua Jet|p1b: Kilowattrel
|-activate|p1b: Kilowattrel|move: Protect
|move|p2a: Arching|Body Press|p1a: Incineroar
|-supereffective|p1a: Incineroar
|-damage|p1a: Incineroar|0 fnt
|faint|p1a: Incineroar
|
|-weather|none
|upkeep
|
|t:|1756500280
|switch|p1a: Ursaluna|Ursaluna, L50, F|4/100 brn
|turn|6
|
|t:|1756500290
|move|p2b: Empire|Aqua Jet|p1b: Kilowattrel
|-damage|p1b: Kilowattrel|0 fnt
|faint|p1b: Kilowattrel
|move|p2a: Arching|Body Press|p1a: Ursaluna
|-supereffective|p1a: Ursaluna
|-damage|p1a: Ursaluna|0 fnt
|faint|p1a: Ursaluna
|
|upkeep
|
|t:|1756500301
|switch|p1a: Dragonite|Dragonite, L50, F|100/100
|turn|7
|inactive|anino23 has 30 seconds left.
|
|t:|1756500331
|switch|p2b: Smellypper|Pelipper, L50, M|85/100
|-weather|RainDance|[from] ability: Drizzle|[of] p2b: Smellypper
|-terastallize|p1a: Dragonite|Normal
|move|p1a: Dragonite|Extreme Speed|p2a: Arching
|-damage|p2a: Arching|0 fnt
|faint|p2a: Arching
|
|-weather|RainDance|[upkeep]
|upkeep
|
|t:|1756500341
|switch|p2a: Goodee|Indeedee, L50, M|100/100
|-fieldstart|move: Psychic Terrain|[from] ability: Psychic Surge|[of] p2a: Goodee
|turn|8
|
|t:|1756500353
|move|p2a: Goodee|Expanding Force|p1a: Dragonite
|-damage|p1a: Dragonite|70/100
|move|p2b: Smellypper|Tailwind|p2b: Smellypper
|-sidestart|p2: latios66|move: Tailwind
|move|p1a: Dragonite|Scale Shot|p2b: Smellypper
|-damage|p2b: Smellypper|64/100
|-damage|p2b: Smellypper|44/100
|-damage|p2b: Smellypper|22/100
|-damage|p2b: Smellypper|1/100
|-damage|p2b: Smellypper|0 fnt
|faint|p2b: Smellypper
|-hitcount|p2: Smellypper|5
|-unboost|p1a: Dragonite|def|1
|-boost|p1a: Dragonite|spe|1
|
|-weather|RainDance|[upkeep]
|upkeep
|
|t:|1756500365
|switch|p2b: Empire|Basculegion, L50, M|6/100
|turn|9
|inactive|anino23 has 30 seconds left.
|
|t:|1756500392
|move|p1a: Dragonite|Protect|p1a: Dragonite
|-singleturn|p1a: Dragonite|Protect
|move|p2b: Empire|Wave Crash|p1a: Dragonite
|-activate|p1a: Dragonite|move: Protect
|move|p2a: Goodee|Expanding Force|p1a: Dragonite
|-activate|p1a: Dragonite|move: Protect
|
|-weather|RainDance|[upkeep]
|upkeep
|turn|10
|
|t:|1756500410
|move|p2b: Empire|Wave Crash|p1a: Dragonite
|-damage|p1a: Dragonite|0 fnt
|faint|p1a: Dragonite
|-damage|p2b: Empire|0 fnt|[from] Recoil
|faint|p2b: Empire
|
|win|latios66
|raw|anino23's rating: 1139 → 1109(-30 for losing)
|raw|latios66's rating: 1070 → 1105(+35 for winning)
|l|☆anino23
|player|p1|
