|j|☆tsteelerfan
|j|☆CrawlingKingSnake
|html|tsteelerfanCrawlingKingSnake    
|uhtml|bestof|Game 1 of a best-of-3
|t:|1785123706
|gametype|doubles
|player|p1|tsteelerfan|170|1069
|player|p2|CrawlingKingSnake|kamado-armor|1142
|gen|9
|tier|[Gen 9 Champions] VGC 2026 Reg M-B (Bo3)
|rated|
|rule|Species Clause: Limit one of each Pokémon
|rule|Item Clause: Limit 1 of each item
|clearpoke
|poke|p1|Rampardos, L50, F|
|poke|p1|Farigiraf, L50, M|
|poke|p1|Skeledirge, L50, F|
|poke|p1|Dragalge, L50, M|
|poke|p1|Milotic, L50, M|
|poke|p1|Scrafty, L50, F|
|poke|p2|Floette-Eternal, L50, F|
|poke|p2|Palafin, L50, F, shiny|
|poke|p2|Incineroar, L50, M|
|poke|p2|Toxapex, L50, F|
|poke|p2|Delphox, L50, F|
|poke|p2|Kingambit, L50, F|
|teampreview|4
|showteam|p1|Rampardos||LifeOrb|SheerForce|RockSlide,HammerArm,IronHead,Protect|Brave||F|||50|]Farigiraf||SitrusBerry|ArmorTail|TrickRoom,Protect,Psychic,Thunderbolt|Relaxed||M|||50|]Skeledirge||PasshoBerry|Unaware|ShadowBall,EarthPower,TorchSong,HyperVoice|Quiet||F|||50|]Dragalge||Dragalgite|Adaptability|DragonPulse,FocusBlast,SludgeBomb,Protect|Quiet||M|||50|]Milotic||Leftovers|Competitive|Coil,Hypnosis,HydroPump,Protect|Timid||M|||50|]Scrafty||Scraftinite|Intimidate|FakeOut,Detect,KnockOff,CloseCombat|Brave||F|||50|
|showteam|p2|Floette-Eternal||Floettite|FlowerVeil|DazzlingGleam,DrainingKiss,CalmMind,Protect|Modest||F|||50|]Palafin||LifeOrb|ZerotoHero|WaveCrash,JetPunch,CloseCombat,Protect|Adamant||F|||50|]Incineroar||SitrusBerry|Intimidate|FlareBlitz,FakeOut,DarkestLariat,PartingShot|Careful||M|||50|]Toxapex||Leftovers|Regenerator|Infestation,Toxic,WideGuard,BanefulBunker|Bold||F|||50|]Delphox||Delphoxite|Blaze|HeatWave,Psychic,NastyPlot,Protect|Timid||F|||50|]Kingambit||FocusSash|Defiant|KowtowCleave,SuckerPunch,IronHead,LowKick|Adamant||F|||50|
|inactive|Battle timer is ON: inactive players will automatically lose when time's up. (requested by CrawlingKingSnake)
|inactive|tsteelerfan has 60 seconds left.
|inactive|CrawlingKingSnake has 60 seconds left.
|
|t:|1785123749
|teamsize|p1|4
|teamsize|p2|4
|start
|switch|p1a: Farigiraf|Farigiraf, L50, M|100/100
|switch|p1b: Milotic|Milotic, L50, M|100/100
|switch|p2a: Floette|Floette-Eternal, L50, F|100/100
|switch|p2b: Palafin|Palafin, L50, F, shiny|100/100
|turn|1
|inactive|tsteelerfan has 30 seconds left.
|
|t:|1785123777
|detailschange|p2b: Palafin|Palafin-Hero, L50, F, shiny
|switch|p2b: Toxapex|Toxapex, L50, F|100/100
|detailschange|p2a: Floette|Floette-Mega, L50, F
|-mega|p2a: Floette|Floette|Floettite
|-ability|p2a: Floette|Fairy Aura
|move|p2a: Floette|Calm Mind|p2a: Floette
|-boost|p2a: Floette|spa|1
|-boost|p2a: Floette|spd|1
|move|p1b: Milotic|Hypnosis|p2a: Floette
|-status|p2a: Floette|slp|[from] move: Hypnosis
|move|p1a: Farigiraf|Trick Room|p1a: Farigiraf
|-fieldstart|move: Trick Room|[of] p1a: Farigiraf
|
|upkeep
|turn|2
|
|t:|1785123799
|switch|p1b: Dragalge|Dragalge, L50, M|100/100
|move|p2b: Toxapex|Toxic|p1b: Dragalge
|-immune|p1b: Dragalge
|move|p1a: Farigiraf|Thunderbolt|p2b: Toxapex
|-supereffective|p2b: Toxapex|1
|-damage|p2b: Toxapex|63/100
|cant|p2a: Floette|slp
|
|-heal|p2b: Toxapex|68/100|[from] item: Leftovers
|upkeep
|turn|3
|
|t:|1785123816
|detailschange|p1b: Dragalge|Dragalge-Mega, L50, M
|-mega|p1b: Dragalge|Dragalge|Dragalgite
|cant|p2a: Floette|slp
|move|p2b: Toxapex|Infestation|p1b: Dragalge
|-resisted|p1b: Dragalge|1
|-damage|p1b: Dragalge|98/100
|-activate|p1b: Dragalge|move: Infestation|[of] p2b: Toxapex
|move|p1b: Dragalge|Sludge Bomb|p2a: Floette
|-supereffective|p2a: Floette|1
|-damage|p2a: Floette|52/100 slp
|move|p1a: Farigiraf|Thunderbolt|p2b: Toxapex
|-supereffective|p2b: Toxapex|1
|-damage|p2b: Toxapex|35/100
|
|-heal|p2b: Toxapex|41/100|[from] item: Leftovers
|-damage|p1b: Dragalge|86/100|[from] move: Infestation|[partiallytrapped]
|upkeep
|turn|4
|
|t:|1785123836
|move|p2b: Toxapex|Baneful Bunker|p2b: Toxapex
|-singleturn|p2b: Toxapex|move: Protect
|move|p1b: Dragalge|Sludge Bomb|p2a: Floette
|-supereffective|p2a: Floette|1
|-damage|p2a: Floette|5/100 slp
|move|p1a: Farigiraf|Psychic|p2b: Toxapex
|-activate|p2b: Toxapex|move: Protect
|-curestatus|p2a: Floette|slp|[msg]
|move|p2a: Floette|Draining Kiss|p1b: Dragalge
|-damage|p1b: Dragalge|50/100g
|-heal|p2a: Floette|29/100|[from] drain|[of] p1b: Dragalge
|
|-heal|p2b: Toxapex|47/100|[from] item: Leftovers
|-damage|p1b: Dragalge|38/100|[from] move: Infestation|[partiallytrapped]
|upkeep
|turn|5
|
|t:|1785123855
|-heal|p2b: Toxapex|80/100|[from] ability: Regenerator|[silent]
|switch|p2b: Kingambit|Kingambit, L50, F|100/100
|move|p2a: Floette|Protect|p2a: Floette
|-singleturn|p2a: Floette|Protect
|move|p1b: Dragalge|Sludge Bomb|p2a: Floette
|-activate|p2a: Floette|move: Protect
|move|p1a: Farigiraf|Psychic|p2b: Kingambit
|-immune|p2b: Kingambit
|
|-end|p1b: Dragalge|Infestation|[partiallytrapped]|[silent]
|-fieldend|move: Trick Room
|upkeep
|turn|6
|
|t:|1785123869
|-heal|p1b: Dragalge|71/100|[from] ability: Regenerator|[silent]
|switch|p1b: Milotic|Milotic, L50, M|100/100
|move|p1a: Farigiraf|Protect|p1a: Farigiraf
|-singleturn|p1a: Farigiraf|Protect
|move|p2a: Floette|Dazzling Gleam|p1a: Farigiraf|[spread] p1b
|-activate|p1a: Farigiraf|move: Protect
|-damage|p1b: Milotic|52/100
|move|p2b: Kingambit|Kowtow Cleave|p1a: Farigiraf
|-activate|p1a: Farigiraf|move: Protect
|
|-heal|p1b: Milotic|58/100|[from] item: Leftovers
|upkeep
|turn|7
|inactive|tsteelerfan has 30 seconds left.
|
|t:|1785123901
|move|p2a: Floette|Draining Kiss|p1a: Farigiraf
|-damage|p1a: Farigiraf|55/100
|-heal|p2a: Floette|72/100|[from] drain|[of] p1a: Farigiraf
|move|p1b: Milotic|Hydro Pump|p2a: Floette
|-damage|p2a: Floette|51/100
|move|p2b: Kingambit|Kowtow Cleave|p1a: Farigiraf
|-supereffective|p1a: Farigiraf|1
|-damage|p1a: Farigiraf|0 fnt
|faint|p1a: Farigiraf
|
|-heal|p1b: Milotic|64/100|[from] item: Leftovers
|upkeep
|
|t:|1785123914
|switch|p1a: Skeledirge|Skeledirge, L50, F|100/100
|turn|8
|
|t:|1785123927
|move|p2a: Floette|Draining Kiss|p1b: Milotic
|-damage|p1b: Milotic|26/100
|-heal|p2a: Floette|84/100|[from] drain|[of] p1b: Milotic
|move|p1b: Milotic|Coil|p1b: Milotic
|-boost|p1b: Milotic|atk|1
|-boost|p1b: Milotic|def|1
|-boost|p1b: Milotic|accuracy|1
|move|p2b: Kingambit|Kowtow Cleave|p1b: Milotic
|-damage|p1b: Milotic|0 fnt
|faint|p1b: Milotic
|move|p1a: Skeledirge|Torch Song|p2b: Kingambit
|-supereffective|p2b: Kingambit|1
|-damage|p2b: Kingambit|10/100
|-boost|p1a: Skeledirge|spa|1
|
|upkeep
|
|t:|1785123936
|switch|p1b: Dragalge|Dragalge-Mega, L50, M|71/100
|turn|9
|
|t:|1785123958
|move|p2b: Kingambit|Sucker Punch|p1a: Skeledirge
|-supereffective|p1a: Skeledirge|1
|-damage|p1a: Skeledirge|32/100
|move|p2a: Floette|Dazzling Gleam|p1b: Dragalge|[spread] p1a,p1b
|-resisted|p1a: Skeledirge|1
|-damage|p1a: Skeledirge|11/100
|-damage|p1b: Dragalge|27/100
|move|p1a: Skeledirge|Hyper Voice|p2a: Floette|[spread] p2a,p2b
|-crit|p2a: Floette
|-resisted|p2b: Kingambit|1
|-damage|p2a: Floette|48/100
|-damage|p2b: Kingambit|0 fnt
|faint|p2b: Kingambit
|move|p1b: Dragalge|Sludge Bomb|p2a: Floette
|-supereffective|p2a: Floette|1
|-damage|p2a: Floette|2/100
|-status|p2a: Floette|psn
|
|-damage|p2a: Floette|0 fnt|[from] psn
|faint|p2a: Floette
|upkeep
|
|t:|1785123964
|switch|p2a: Palafin|Palafin-Hero, L50, F, shiny|100/100
|switch|p2b: Toxapex|Toxapex, L50, F|80/100
|-activate|p2a: Palafin|ability: Zero to Hero
|turn|10
|
|t:|1785123975
|move|p2a: Palafin|Jet Punch|p1a: Skeledirge
|-supereffective|p1a: Skeledirge|1
|-enditem|p1a: Skeledirge|Passho Berry|[eat]
|-enditem|p1a: Skeledirge|Passho Berry|[weaken]
|-damage|p1a: Skeledirge|0 fnt
|faint|p1a: Skeledirge
|-damage|p2a: Palafin|90/100|[from] item: Life Orb
|move|p1b: Dragalge|Sludge Bomb|p2b: Toxapex
|-resisted|p2b: Toxapex|1
|-damage|p2b: Toxapex|63/100
|move|p2b: Toxapex|Infestation|p1b: Dragalge
|-resisted|p1b: Dragalge|1
|-damage|p1b: Dragalge|25/100
|-activate|p1b: Dragalge|move: Infestation|[of] p2b: Toxapex
|
|-heal|p2b: Toxapex|68/100|[from] item: Leftovers
|-damage|p1b: Dragalge|13/100|[from] move: Infestation|[partiallytrapped]
|upkeep
|turn|11
|-message|tsteelerfan forfeited.
|
|win|CrawlingKingSnake
|l|☆tsteelerfan
|player|p1|
||CrawlingKingSnake is ready for game 2.
||tsteelerfan is ready for game 2.
|uhtml|next|Next: Game 2 of 3
