|j|☆spellbreakvgc
|j|☆rafe_model_k
|html|spellbreakvgcrafe_model_k    
|uhtml|bestof|Game 2 of a best-of-3
|t:|1756208969
|gametype|doubles
|player|p1|spellbreakvgc|lance|1163
|player|p2|rafe_model_k|2|1118
|gen|9
|tier|[Gen 9] VGC 2025 Reg H (Bo3)
|rated|
|rule|Species Clause: Limit one of each Pokémon
|rule|Item Clause: Limit 1 of each item
|clearpoke
|poke|p1|Whimsicott, L50, M|
|poke|p1|Typhlosion-Hisui, L50, F|
|poke|p1|Dragapult, L50, F|
|poke|p1|Electabuzz, L50, M|
|poke|p1|Torkoal, L50, M|
|poke|p1|Lilligant-Hisui, L50, F|
|poke|p2|Pelipper, L50, F|
|poke|p2|Maushold-Four, L50|
|poke|p2|Dragonite, L50, M|
|poke|p2|Archaludon, L50, F|
|poke|p2|Grimmsnarl, L50, M|
|poke|p2|Gholdengo, L50|
|teampreview|4
|showteam|p1|Whimsicott||CovertCloak|Prankster|Tailwind,SunnyDay,Encore,Moonblast|||M|||50|,,,,,Ghost]Typhlosion-Hisui||ChoiceSpecs|Blaze|Eruption,HeatWave,ShadowBall,Overheat|||F|||50|,,,,,Fire]Dragapult||ChoiceBand|ClearBody|DragonDarts,Outrage,SuckerPunch,Uturn|||F|||50|,,,,,Dragon]Electabuzz||Eviolite|VitalSpirit|VoltSwitch,FollowMe,Feint,Protect|||M|||50|,,,,,Ghost]Torkoal||LifeOrb|Drought|Eruption,HeatWave,WeatherBall,EarthPower|||M|||50|,,,,,Fire]Lilligant-Hisui||FocusSash|Chlorophyll|CloseCombat,SleepPowder,AfterYou,LeafBlade|||F|||50|,,,,,Ghost
|showteam|p2|Pelipper||FocusSash|Drizzle|Protect,MuddyWater,Hurricane,Tailwind|||F|||50|,,,,,Ground]Maushold-Four||SafetyGoggles|FriendGuard|Protect,SuperFang,FollowMe,BeatUp||||||50|,,,,,Ghost]Dragonite||LoadedDice|InnerFocus|Protect,ExtremeSpeed,ScaleShot,Haze|||M|||50|,,,,,Steel]Archaludon||AssaultVest|Stamina|DragonPulse,ElectroShot,BodyPress,Snarl|||F|||50|,,,,,Bug]Grimmsnarl||LightClay|Prankster|FoulPlay,LightScreen,Reflect,ThunderWave|||M|||50|,,,,,Ghost]Gholdengo||LifeOrb|GoodasGold|Protect,MakeItRain,ShadowBall,NastyPlot||||||50|,,,,,Water
|inactive|Battle timer is ON: inactive players will automatically lose when time's up. (requested by spellbreakvgc)
|inactive|rafe_model_k has 60 seconds left.
|
|t:|1756209025
|teamsize|p1|4
|teamsize|p2|4
|start
|switch|p1a: Whimsicott|Whimsicott, L50, M|100/100
|switch|p1b: Typhlosion|Typhlosion-Hisui, L50, F|100/100
|switch|p2a: Dragonite|Dragonite, L50, M|100/100
|switch|p2b: Grimmsnarl|Grimmsnarl, L50, M|100/100
|turn|1
|inactive|rafe_model_k has 30 seconds left.
|
|t:|1756209051
|-terastallize|p1b: Typhlosion|Fire
|move|p1a: Whimsicott|Sunny Day|p1a: Whimsicott
|-weather|SunnyDay
|move|p2b: Grimmsnarl|Thunder Wave|p1b: Typhlosion
|-status|p1b: Typhlosion|par
|move|p2a: Dragonite|Scale Shot|p1b: Typhlosion
|-damage|p1b: Typhlosion|80/100 par
|-damage|p1b: Typhlosion|56/100 par
|-damage|p1b: Typhlosion|36/100 par
|-crit|p1b: Typhlosion
|-damage|p1b: Typhlosion|6/100 par
|-hitcount|p1b: Typhlosion|4
|-unboost|p2a: Dragonite|def|1
|-boost|p2a: Dragonite|spe|1
|move|p1b: Typhlosion|Eruption|p2b: Grimmsnarl|[spread] p2a,p2b
|-resisted|p2a: Dragonite
|-damage|p2a: Dragonite|92/100
|-damage|p2b: Grimmsnarl|87/100
|
|-weather|SunnyDay|[upkeep]
|upkeep
|turn|2
|inactive|rafe_model_k has 30 seconds left.
|
|t:|1756209079
|-terastallize|p2a: Dragonite|Steel
|move|p1a: Whimsicott|Encore|p2a: Dragonite
|-start|p2a: Dragonite|Encore
|move|p2b: Grimmsnarl|Light Screen|p2b: Grimmsnarl
|-sidestart|p2: rafe_model_k|move: Light Screen
|move|p2a: Dragonite|Scale Shot|p1b: Typhlosion
|-damage|p1b: Typhlosion|0 fnt
|faint|p1b: Typhlosion
|-hitcount|p1: Typhlosion|1
|-unboost|p2a: Dragonite|def|1
|-boost|p2a: Dragonite|spe|1
|
|-weather|SunnyDay|[upkeep]
|upkeep
|
|t:|1756209099
|switch|p1b: Lilligant|Lilligant-Hisui, L50, F|100/100
|turn|3
|
|t:|1756209114
|switch|p2a: Pelipper|Pelipper, L50, F|100/100
|-weather|RainDance|[from] ability: Drizzle|[of] p2a: Pelipper
|move|p2b: Grimmsnarl|Reflect|p2b: Grimmsnarl
|-sidestart|p2: rafe_model_k|Reflect
|move|p1a: Whimsicott|Moonblast|p2a: Pelipper
|-damage|p2a: Pelipper|59/100
|move|p1b: Lilligant|Close Combat|p2a: Pelipper
|-resisted|p2a: Pelipper
|-damage|p2a: Pelipper|36/100
|-unboost|p1b: Lilligant|def|1
|-unboost|p1b: Lilligant|spd|1
|
|-weather|RainDance|[upkeep]
|upkeep
|turn|4
|
|t:|1756209136
|move|p1a: Whimsicott|Sunny Day|p1a: Whimsicott
|-weather|SunnyDay
|move|p2b: Grimmsnarl|Reflect||[still]
|-fail|p2b: Grimmsnarl
|move|p1b: Lilligant|Leaf Blade|p2a: Pelipper
|-damage|p2a: Pelipper|0 fnt
|faint|p2a: Pelipper
|
|-weather|SunnyDay|[upkeep]
|upkeep
|
|t:|1756209147
|switch|p2a: Dragonite|Dragonite, L50, M, tera:Steel|92/100
|turn|5
|
|t:|1756209165
|move|p1a: Whimsicott|Tailwind|p1a: Whimsicott
|-sidestart|p1: spellbreakvgc|move: Tailwind
|move|p2b: Grimmsnarl|Thunder Wave|p1a: Whimsicott
|-status|p1a: Whimsicott|par
|move|p1b: Lilligant|Close Combat|p2a: Dragonite
|-supereffective|p2a: Dragonite
|-damage|p2a: Dragonite|18/100
|-unboost|p1b: Lilligant|def|1
|-unboost|p1b: Lilligant|spd|1
|move|p2a: Dragonite|Scale Shot|p1b: Lilligant
|-crit|p1b: Lilligant
|-damage|p1b: Lilligant|31/100
|-damage|p1b: Lilligant|0 fnt
|faint|p1b: Lilligant
|-hitcount|p1: Lilligant|2
|-unboost|p2a: Dragonite|def|1
|-boost|p2a: Dragonite|spe|1
|
|-weather|SunnyDay|[upkeep]
|upkeep
|
|t:|1756209179
|switch|p1b: Torkoal|Torkoal, L50, M|100/100
|turn|6
|inactive|rafe_model_k has 30 seconds left.
|
|t:|1756209210
|move|p2a: Dragonite|Scale Shot|p1b: Torkoal
|-damage|p1b: Torkoal|88/100
|-damage|p1b: Torkoal|76/100
|-damage|p1b: Torkoal|64/100
|-damage|p1b: Torkoal|52/100
|-damage|p1b: Torkoal|39/100
|-hitcount|p1b: Torkoal|5
|-unboost|p2a: Dragonite|def|1
|-boost|p2a: Dragonite|spe|1
|move|p1a: Whimsicott|Moonblast|p2a: Dragonite
|-resisted|p2a: Dragonite
|-damage|p2a: Dragonite|6/100
|move|p2b: Grimmsnarl|Foul Play|p1b: Torkoal
|-damage|p1b: Torkoal|20/100
|move|p1b: Torkoal|Heat Wave|p2a: Dragonite|[spread] p2a,p2b
|-supereffective|p2a: Dragonite
|-damage|p2a: Dragonite|0 fnt
|-damage|p2b: Grimmsnarl|49/100
|faint|p2a: Dragonite
|-damage|p1b: Torkoal|11/100|[from] item: Life Orb
|
|-weather|SunnyDay|[upkeep]
|upkeep
|
|t:|1756209217
|switch|p2a: Archaludon|Archaludon, L50, F|100/100
|turn|7
|-message|spellbreakvgc forfeited.
|
|win|rafe_model_k
