|j|☆aqoursfan1
|j|☆Artere Happy
|html|aqoursfan1Artere Happy    
|uhtml|bestof|Game 1 of a best-of-3
|t:|1786000606
|gametype|doubles
|player|p1|aqoursfan1|anabel-gen7|1255
|player|p2|Artere Happy|1|1134
|gen|9
|tier|[Gen 9 Champions] VGC 2026 Reg M-B (Bo3)
|rated|
|rule|Species Clause: Limit one of each Pokémon
|rule|Item Clause: Limit 1 of each item
|clearpoke
|poke|p1|Raichu, L50, M|
|poke|p1|Kingambit, L50, M|
|poke|p1|Sylveon, L50, M, shiny|
|poke|p1|Whimsicott, L50, M|
|poke|p1|Basculegion, L50, M|
|poke|p1|Charizard, L50, F, shiny|
|poke|p2|Gengar, L50, M|
|poke|p2|Archaludon, L50, F|
|poke|p2|Politoed, L50, M|
|poke|p2|Swampert, L50, F|
|poke|p2|Vivillon, L50, F|
|poke|p2|Incineroar, L50, M|
|teampreview|4
|showteam|p1|Raichu||RaichuniteY|LightningRod|ZapCannon,FocusBlast,FakeOut,Protect|Timid||M|||50|]Kingambit||FocusSash|Defiant|KowtowCleave,SuckerPunch,IronHead,Protect|Adamant||M|||50|]Sylveon||FairyFeather|Pixilate|HyperVoice,HyperBeam,QuickAttack,Detect|Modest||M|||50|]Whimsicott||LifeOrb|Prankster|Moonblast,Encore,Tailwind,Protect|Timid||M|||50|]Basculegion||MysticWater|Adaptability|WaveCrash,LastRespects,AquaJet,Protect|Adamant||M|||50|]Charizard||CharizarditeY|Blaze|HeatWave,WeatherBall,SolarBeam,Protect|Modest||F|||50|
|showteam|p2|Gengar||Gengarite|CursedBody|Disable,SludgeBomb,PerishSong,Protect|Modest||M|||50|]Archaludon||Leftovers|Stamina|ElectroShot,DragonPulse,FlashCannon,Protect|Bold||F|||50|]Politoed||SitrusBerry|Drizzle|WeatherBall,Encore,PerishSong,Protect|Calm||M|||50|]Swampert||Swampertite|Torrent|WaveCrash,HighHorsepower,IcePunch,Protect|Adamant||F|||50|]Vivillon||FocusSash|CompoundEyes|Hurricane,SleepPowder,RagePowder,Protect|Timid||F|||50|]Incineroar||PasshoBerry|Intimidate|ThroatChop,FakeOut,PartingShot,Protect|Impish||M|||50|
|inactive|Battle timer is ON: inactive players will automatically lose when time's up. (requested by aqoursfan1)
|
|t:|1786000634
|teamsize|p1|4
|teamsize|p2|4
|start
|switch|p1a: Kingambit|Kingambit, L50, M|100/100
|switch|p1b: Charizard|Charizard, L50, F, shiny|100/100
|switch|p2a: Vivillon|Vivillon, L50, F|100/100
|switch|p2b: Gengar|Gengar, L50, M|100/100
|turn|1
|
|t:|1786000656
|detailschange|p2b: Gengar|Gengar-Mega, L50, M
|-mega|p2b: Gengar|Gengar|Gengarite
|move|p2b: Gengar|Protect|p2b: Gengar
|-singleturn|p2b: Gengar|Protect
|move|p2a: Vivillon|Sleep Powder|p1b: Charizard
|-status|p1b: Charizard|slp|[from] move: Sleep Powder
|cant|p1b: Charizard|slp
|move|p1a: Kingambit|Iron Head|p2a: Vivillon
|-damage|p2a: Vivillon|6/100
|
|upkeep
|turn|2
|
|t:|1786000678
|move|p2b: Gengar|Perish Song|p2b: Gengar
|-start|p1a: Kingambit|perish3|[silent]
|-start|p1b: Charizard|perish3|[silent]
|-start|p2a: Vivillon|perish3|[silent]
|-start|p2b: Gengar|perish3|[silent]
|-fieldactivate|move: Perish Song
|move|p2a: Vivillon|Sleep Powder|p1a: Kingambit
|-status|p1a: Kingambit|slp|[from] move: Sleep Powder
|cant|p1b: Charizard|slp
|cant|p1a: Kingambit|slp
|
|-start|p2b: Gengar|perish3
|-start|p2a: Vivillon|perish3
|-start|p1b: Charizard|perish3
|-start|p1a: Kingambit|perish3
|upkeep
|turn|3
|
|t:|1786000692
|switch|p2a: Politoed|Politoed, L50, M|100/100
|-weather|RainDance|[from] ability: Drizzle|[of] p2a: Politoed
|move|p2b: Gengar|Protect|p2b: Gengar
|-singleturn|p2b: Gengar|Protect
|-curestatus|p1b: Charizard|slp|[msg]
|move|p1b: Charizard|Heat Wave|p2b: Gengar|[spread] p2a
|-activate|p2b: Gengar|move: Protect
|-resisted|p2a: Politoed|1
|-damage|p2a: Politoed|95/100
|cant|p1a: Kingambit|slp
|
|-weather|RainDance|[upkeep]
|-start|p2b: Gengar|perish2
|-start|p1b: Charizard|perish2
|-start|p1a: Kingambit|perish2
|upkeep
|turn|4
|
|t:|1786000713
|detailschange|p1b: Charizard|Charizard-Mega-Y, L50, F, shiny
|-mega|p1b: Charizard|Charizard|Charizardite Y
|-weather|SunnyDay|[from] ability: Drought|[of] p1b: Charizard
|move|p2a: Politoed|Protect|p2a: Politoed
|-singleturn|p2a: Politoed|Protect
|move|p2b: Gengar|Disable|p1b: Charizard
|-start|p1b: Charizard|Disable|Heat Wave
|move|p1b: Charizard|Solar Beam||[still]
|-prepare|p1b: Charizard|Solar Beam
|-anim|p1b: Charizard|Solar Beam|p2a: Politoed
|-activate|p2a: Politoed|move: Protect
|-curestatus|p1a: Kingambit|slp|[msg]
|move|p1a: Kingambit|Kowtow Cleave|p2a: Politoed
|-activate|p2a: Politoed|move: Protect
|
|-weather|SunnyDay|[upkeep]
|-start|p2b: Gengar|perish1
|-start|p1b: Charizard|perish1
|-start|p1a: Kingambit|perish1
|upkeep
|turn|5
|-message|aqoursfan1 forfeited.
|
|win|Artere Happy
