|j|☆dogpeg
|j|☆Omaruco
|html|dogpegOmaruco    
|uhtml|bestof|Game 2 of a best-of-3
|t:|1785967889
|gametype|doubles
|player|p1|dogpeg|266|1268
|player|p2|Omaruco|arven-s|1239
|gen|9
|tier|[Gen 9 Champions] VGC 2026 Reg M-B (Bo3)
|rated|
|rule|Species Clause: Limit one of each Pokémon
|rule|Item Clause: Limit 1 of each item
|clearpoke
|poke|p1|Charizard, L50, M|
|poke|p1|Garchomp, L50, M|
|poke|p1|Kingambit, L50, M|
|poke|p1|Basculegion, L50, M|
|poke|p1|Whimsicott, L50, F|
|poke|p1|Incineroar, L50, F|
|poke|p2|Charizard, L50, F|
|poke|p2|Garchomp, L50, M|
|poke|p2|Incineroar, L50, F|
|poke|p2|Venusaur, L50, F|
|poke|p2|Raichu, L50, F|
|poke|p2|Sylveon, L50, F|
|teampreview|4
|showteam|p1|Charizard||CharizarditeY|Blaze|HeatWave,WeatherBall,SolarBeam,Protect|Modest||M|||50|]Garchomp||LifeOrb|RoughSkin|Earthquake,DragonClaw,RockSlide,Protect|Jolly||M|||50|]Kingambit||BlackGlasses|Defiant|SuckerPunch,IronHead,KowtowCleave,Protect|Adamant||M|||50|]Basculegion||ChoiceScarf|Adaptability|WaveCrash,LastRespects,AquaJet,FlipTurn|Jolly||M|||50|]Whimsicott||FocusSash|Prankster|Moonblast,Tailwind,Encore,Protect|Timid||F|||50|]Incineroar||SitrusBerry|Intimidate|FakeOut,FlareBlitz,ThroatChop,PartingShot|Careful||F|||50|
|showteam|p2|Charizard||CharizarditeY|Blaze|WeatherBall,HeatWave,HelpingHand,Protect|Modest||F|||50|]Garchomp||ChoiceScarf|RoughSkin|RockSlide,DragonClaw,Earthquake,StompingTantrum|Adamant||M|||50|]Incineroar||SitrusBerry|Intimidate|FlareBlitz,FakeOut,DarkestLariat,PartingShot|Impish||F|||50|]Venusaur||LifeOrb|Chlorophyll|SludgeBomb,LeafStorm,EarthPower,Protect|Modest||F|||50|]Raichu||RaichuniteY|LightningRod|Protect,ZapCannon,FakeOut,FocusBlast|Timid||F|||50|]Sylveon||FairyFeather|Pixilate|QuickAttack,Protect,HyperBeam,HyperVoice|Modest||F|||50|
|inactive|Battle timer is ON: inactive players will automatically lose when time's up. (requested by Omaruco)
|inactive|Omaruco has 60 seconds left.
|inactive|Omaruco has 30 seconds left.
|
|t:|1785967952
|teamsize|p1|4
|teamsize|p2|4
|start
|switch|p1a: Basculegion|Basculegion, L50, M|100/100
|switch|p1b: Whimsicott|Whimsicott, L50, F|100/100
|switch|p2a: Raichu|Raichu, L50, F|100/100
|switch|p2b: Venusaur|Venusaur, L50, F|100/100
|turn|1
|inactive|dogpeg has 30 seconds left.
|
|t:|1785967986
|switch|p2a: Incineroar|Incineroar, L50, F|100/100
|-ability|p2a: Incineroar|Intimidate|boost
|-unboost|p1a: Basculegion|atk|1
|-unboost|p1b: Whimsicott|atk|1
|move|p1b: Whimsicott|Protect|p1b: Whimsicott
|-singleturn|p1b: Whimsicott|Protect
|move|p1a: Basculegion|Flip Turn|p2b: Venusaur
|-resisted|p2b: Venusaur|1
|-damage|p2b: Venusaur|84/100
|
|t:|1785968001
|switch|p1a: Charizard|Charizard, L50, M|100/100|[from] Flip Turn
|move|p2b: Venusaur|Leaf Storm|p1a: Charizard
|-resisted|p1a: Charizard|2
|-damage|p1a: Charizard|74/100
|-unboost|p2b: Venusaur|spa|2
|-damage|p2b: Venusaur|74/100|[from] item: Life Orb
|
|upkeep
|turn|2
|
|t:|1785968025
|switch|p1a: Garchomp|Garchomp, L50, M|100/100
|switch|p2b: Garchomp|Garchomp, L50, M|100/100
|move|p1b: Whimsicott|Moonblast|p2a: Incineroar
|-damage|p2a: Incineroar|71/100
|move|p2a: Incineroar|Flare Blitz|p1b: Whimsicott
|-supereffective|p1b: Whimsicott|1
|-enditem|p1b: Whimsicott|Focus Sash
|-damage|p1b: Whimsicott|1/100
|-damage|p2a: Incineroar|49/100|[from] Recoil
|-enditem|p2a: Incineroar|Sitrus Berry|[eat]
|-heal|p2a: Incineroar|73/100|[from] item: Sitrus Berry
|
|upkeep
|turn|3
|inactive|dogpeg has 30 seconds left.
|
|t:|1785968054
|move|p1b: Whimsicott|Tailwind|p1b: Whimsicott
|-sidestart|p1: dogpeg|move: Tailwind
|move|p1a: Garchomp|Dragon Claw|p2b: Garchomp
|-supereffective|p2b: Garchomp|1
|-damage|p2b: Garchomp|0 fnt
|-damage|p1a: Garchomp|87/100|[from] ability: Rough Skin|[of] p2b: Garchomp
|faint|p2b: Garchomp
|-damage|p1a: Garchomp|77/100|[from] item: Life Orb
|move|p2a: Incineroar|Parting Shot|p1a: Garchomp
|-unboost|p1a: Garchomp|atk|1
|-unboost|p1a: Garchomp|spa|1
|
|t:|1785968060
|switch|p2a: Venusaur|Venusaur, L50, F|74/100|[from] Parting Shot
|
|upkeep
|
|t:|1785968066
|switch|p2b: Incineroar|Incineroar, L50, F|73/100
|-ability|p2b: Incineroar|Intimidate|boost
|-unboost|p1a: Garchomp|atk|1
|-unboost|p1b: Whimsicott|atk|1
|turn|4
|
|t:|1785968078
|switch|p1a: Charizard|Charizard, L50, M|74/100
|move|p1b: Whimsicott|Protect|p1b: Whimsicott
|-singleturn|p1b: Whimsicott|Protect
|move|p2a: Venusaur|Leaf Storm|p1a: Charizard|[miss]
|-miss|p2a: Venusaur|p1a: Charizard
|move|p2b: Incineroar|Parting Shot|p1b: Whimsicott
|-activate|p1b: Whimsicott|move: Protect
|
|upkeep
|turn|5
|inactive|dogpeg has 30 seconds left.
|inactive|dogpeg has 20 seconds left.
|inactive|dogpeg has 15 seconds left.
|inactive|dogpeg has 10 seconds left.
|
|t:|1785968123
|switch|p1b: Garchomp|Garchomp, L50, M|77/100
|move|p1a: Charizard|Protect|p1a: Charizard
|-singleturn|p1a: Charizard|Protect
|move|p2a: Venusaur|Protect|p2a: Venusaur
|-singleturn|p2a: Venusaur|Protect
|move|p2b: Incineroar|Parting Shot|p1a: Charizard
|-activate|p1a: Charizard|move: Protect
|
|upkeep
|turn|6
|
|t:|1785968137
|detailschange|p1a: Charizard|Charizard-Mega-Y, L50, M
|-mega|p1a: Charizard|Charizard|Charizardite Y
|-weather|SunnyDay|[from] ability: Drought|[of] p1a: Charizard
|move|p1b: Garchomp|Earthquake|p2a: Venusaur|[spread] p2a,p2b
|-immune|p1a: Charizard
|-supereffective|p2b: Incineroar|1
|-damage|p2a: Venusaur|6/100
|-damage|p2b: Incineroar|2/100
|-damage|p1b: Garchomp|68/100|[from] item: Life Orb
|move|p1a: Charizard|Heat Wave|p2a: Venusaur|[spread] p2a,p2b
|-supereffective|p2a: Venusaur|1
|-resisted|p2b: Incineroar|1
|-damage|p2a: Venusaur|0 fnt
|-damage|p2b: Incineroar|0 fnt
|faint|p2a: Venusaur
|faint|p2b: Incineroar
|
|-weather|SunnyDay|[upkeep]
|-sideend|p1: dogpeg|move: Tailwind
|upkeep
|-message|Omaruco forfeited.
|
|win|dogpeg
|raw|dogpeg's rating: 1268 → 1291(+23 for winning)
|raw|Omaruco's rating: 1239 → 1216(-23 for losing)
