|j|☆latios66
|j|☆Elbovino
|html|latios66Elbovino    
|uhtml|bestof|Game 2 of a best-of-3
|t:|1756927670
|gametype|doubles
|player|p1|latios66|265|1172
|player|p2|Elbovino|riley|1189
|gen|9
|tier|[Gen 9] VGC 2025 Reg H (Bo3)
|rated|
|rule|Species Clause: Limit one of each Pokémon
|rule|Item Clause: Limit 1 of each item
|clearpoke
|poke|p1|Toedscruel, L50, M|
|poke|p1|Weezing-Galar, L50, M|
|poke|p1|Kilowattrel, L50, M|
|poke|p1|Garchomp, L50, F|
|poke|p1|Typhlosion-Hisui, L50, M|
|poke|p1|Tauros-Paldea-Aqua, L50, M|
|poke|p2|Gallade, L50, M|
|poke|p2|Indeedee-F, L50, F|
|poke|p2|Torkoal, L50, F|
|poke|p2|Hatterene, L50, F|
|poke|p2|Ursaluna, L50, F|
|poke|p2|Zoroark-Hisui, L50, F|
|teampreview|4
|showteam|p1|Toedscruel||CovertCloak|MyceliumMight|Spore,EarthPower,AcidSpray,RagePowder|||M|||50|,,,,,Water]Weezing-Galar||ChoiceSpecs|NeutralizingGas|DazzlingGleam,SludgeBomb,StrangeSteam,Flamethrower|||M|||50|,,,,,Fire]Kilowattrel||FocusSash|Competitive|Discharge,VoltSwitch,Tailwind,AirSlash|||M|||50|,,,,,Electric]Garchomp||LifeOrb|RoughSkin|Protect,Earthquake,DragonClaw,StompingTantrum|||F|||50|,,,,,Ground]Typhlosion-Hisui||ChoiceScarf|Blaze|Eruption,HeatWave,ShadowBall,Overheat|||M|||50|,,,,,Fire]Tauros-Paldea-Aqua||AbilityShield|Intimidate|WaveCrash,CloseCombat,AquaJet,Protect|||M|||50|,,,,,Fighting
|showteam|p2|Gallade||ClearAmulet|Sharpness|SacredSword,PsychoCut,WideGuard,TrickRoom|||M|||50|,,,,,Grass]Indeedee-F||PsychicSeed|PsychicSurge|FollowMe,Psychic,TrickRoom,HelpingHand|||F|||50|,,,,,Water]Torkoal||Charcoal|Drought|Eruption,WeatherBall,EarthPower,Protect|||F|||50|,,,,,Fire]Hatterene||LifeOrb|MagicBounce|ExpandingForce,DazzlingGleam,TrickRoom,Protect|||F|||50|,,,,,Psychic]Ursaluna||FlameOrb|Guts|Earthquake,Facade,HeadlongRush,Protect|||F|||50|,,,,,Ghost]Zoroark-Hisui||FocusSash|Illusion|HyperVoice,ShadowBall,Protect,TeraBlast|||F|||50|,,,,,Fighting
|inactive|Battle timer is ON: inactive players will automatically lose when time's up. (requested by Elbovino)
|
|t:|1756927697
|teamsize|p1|4
|teamsize|p2|4
|start
|switch|p1a: Typhlosion|Typhlosion-Hisui, L50, M|100/100
|switch|p1b: Weezing|Weezing-Galar, L50, M|100/100
|switch|p2a: Indeedee|Indeedee-F, L50, F|100/100
|switch|p2b: Gallade|Gallade, L50, M|100/100
|-ability|p1b: Weezing|Neutralizing Gas
|turn|1
|
|t:|1756927713
|-terastallize|p1a: Typhlosion|Fire
|move|p2b: Gallade|Wide Guard|p2b: Gallade
|-singleturn|p2b: Gallade|Wide Guard
|move|p1a: Typhlosion|Eruption|p2a: Indeedee|[spread] 
|-activate|p2a: Indeedee|move: Wide Guard
|-activate|p2b: Gallade|move: Wide Guard
|move|p1b: Weezing|Dazzling Gleam|p2b: Gallade|[spread] 
|-activate|p2a: Indeedee|move: Wide Guard
|-activate|p2b: Gallade|move: Wide Guard
|move|p2a: Indeedee|Trick Room|p2a: Indeedee
|-fieldstart|move: Trick Room|[of] p2a: Indeedee
|
|upkeep
|turn|2
|inactive|Elbovino has 30 seconds left.
|
|t:|1756927747
|-end|p1b: Weezing|ability: Neutralizing Gas
|-fieldstart|move: Psychic Terrain|[from] ability: Psychic Surge|[of] p2a: Indeedee
|-enditem|p2a: Indeedee|Psychic Seed
|-boost|p2a: Indeedee|spd|1|[from] item: Psychic Seed
|switch|p1b: Kilowattrel|Kilowattrel, L50, M|100/100
|-terastallize|p2b: Gallade|Grass
|move|p2a: Indeedee|Helping Hand|p2b: Gallade
|-singleturn|p2b: Gallade|Helping Hand|[of] p2a: Indeedee
|move|p2b: Gallade|Psycho Cut|p1a: Typhlosion
|-damage|p1a: Typhlosion|0 fnt
|faint|p1a: Typhlosion
|
|upkeep
|
|t:|1756927769
|switch|p1a: Garchomp|Garchomp, L50, F|100/100
|turn|3
|
|t:|1756927783
|move|p1a: Garchomp|Protect|p1a: Garchomp
|-singleturn|p1a: Garchomp|Protect
|move|p2b: Gallade|Psycho Cut|p1a: Garchomp
|-activate|p1a: Garchomp|move: Protect
|move|p2a: Indeedee|Psychic|p1b: Kilowattrel
|-damage|p1b: Kilowattrel|29/100
|move|p1b: Kilowattrel|Air Slash|p2b: Gallade|[miss]
|-miss|p1b: Kilowattrel|p2b: Gallade
|
|upkeep
|turn|4
|
|t:|1756927805
|move|p1a: Garchomp|Protect||[still]
|-fail|p1a: Garchomp
|move|p2b: Gallade|Psycho Cut|p1a: Garchomp
|-damage|p1a: Garchomp|21/100
|move|p2a: Indeedee|Psychic|p1b: Kilowattrel
|-damage|p1b: Kilowattrel|0 fnt
|faint|p1b: Kilowattrel
|
|upkeep
|
|t:|1756927813
|switch|p1b: Weezing|Weezing-Galar, L50, M|100/100
|-ability|p1b: Weezing|Neutralizing Gas
|turn|5
|
|t:|1756927821
|move|p1a: Garchomp|Protect|p1a: Garchomp
|-singleturn|p1a: Garchomp|Protect
|move|p2b: Gallade|Psycho Cut|p1b: Weezing
|-supereffective|p1b: Weezing
|-damage|p1b: Weezing|8/100
|move|p2a: Indeedee|Psychic|p1a: Garchomp
|-activate|p1a: Garchomp|move: Protect
|move|p1b: Weezing|Flamethrower|p2b: Gallade
|-supereffective|p2b: Gallade
|-damage|p2b: Gallade|28/100
|
|-fieldend|move: Trick Room
|upkeep
|turn|6
|
|t:|1756927843
|move|p1a: Garchomp|Stomping Tantrum|p2a: Indeedee
|-damage|p2a: Indeedee|54/100
|-damage|p1a: Garchomp|11/100|[from] item: Life Orb
|move|p1b: Weezing|Flamethrower|p2a: Indeedee
|-damage|p2a: Indeedee|30/100
|move|p2a: Indeedee|Trick Room|p2a: Indeedee
|-fieldstart|move: Trick Room|[of] p2a: Indeedee
|move|p2b: Gallade|Trick Room|p2b: Gallade
|-fieldend|move: Trick Room
|
|-fieldend|move: Psychic Terrain
|upkeep
|turn|7
|
|t:|1756927860
|move|p2a: Indeedee|Follow Me|p2a: Indeedee
|-singleturn|p2a: Indeedee|move: Follow Me
|move|p1a: Garchomp|Stomping Tantrum|p2a: Indeedee
|-damage|p2a: Indeedee|0 fnt
|faint|p2a: Indeedee
|-damage|p1a: Garchomp|1/100|[from] item: Life Orb
|move|p1b: Weezing|Flamethrower|p2b: Gallade
|-supereffective|p2b: Gallade
|-damage|p2b: Gallade|0 fnt
|faint|p2b: Gallade
|
|upkeep
|
|t:|1756927869
|switch|p2a: Hatterene|Hatterene, L50, F|100/100
|switch|p2b: Torkoal|Torkoal, L50, F|100/100
|turn|8
|
|t:|1756927890
|move|p1a: Garchomp|Protect|p1a: Garchomp
|-singleturn|p1a: Garchomp|Protect
|move|p1b: Weezing|Flamethrower|p2a: Hatterene
|-damage|p2a: Hatterene|60/100
|move|p2a: Hatterene|Dazzling Gleam|p1b: Weezing|[spread] p1b
|-activate|p1a: Garchomp|move: Protect
|-resisted|p1b: Weezing
|-damage|p1b: Weezing|0 fnt
|faint|p1b: Weezing
|-end|p1b: Weezing|ability: Neutralizing Gas
|-weather|SunnyDay|[from] ability: Drought|[of] p2b: Torkoal
|-damage|p2a: Hatterene|50/100|[from] item: Life Orb
|move|p2b: Torkoal|Earth Power|p1a: Garchomp
|-activate|p1a: Garchomp|move: Protect
|
|-weather|SunnyDay|[upkeep]
|upkeep
|turn|9
|
|t:|1756927901
|move|p1a: Garchomp|Earthquake|p2b: Torkoal|[spread] p2a,p2b
|-supereffective|p2b: Torkoal
|-damage|p2a: Hatterene|0 fnt
|-damage|p2b: Torkoal|20/100
|faint|p2a: Hatterene
|-damage|p1a: Garchomp|0 fnt|[from] item: Life Orb
|faint|p1a: Garchomp
|
|win|Elbovino
|raw|latios66's rating: 1172 → 1148(-24 for losing)
|raw|Elbovino's rating: 1189 → 1213(+24 for winning)
