|j|☆KodeBeast0526
|j|☆bruh.mov
|html|KodeBeast0526bruh.mov    
|uhtml|bestof|Game 3 of a best-of-3
|t:|1784143922
|gametype|doubles
|player|p1|KodeBeast0526|sailor|1102
|player|p2|bruh.mov|ghetsis|1030
|gen|9
|tier|[Gen 9 Champions] VGC 2026 Reg M-B (Bo3)
|rated|
|rule|Species Clause: Limit one of each Pokémon
|rule|Item Clause: Limit 1 of each item
|clearpoke
|poke|p1|Aerodactyl, L50, M|
|poke|p1|Kingambit, L50, M|
|poke|p1|Sylveon, L50, M|
|poke|p1|Garchomp, L50, M|
|poke|p1|Charizard, L50, M|
|poke|p1|Incineroar, L50, M|
|poke|p2|Sylveon, L50, M, shiny|
|poke|p2|Milotic, L50, M, shiny|
|poke|p2|Charizard, L50, M, shiny|
|poke|p2|Swampert, L50, M|
|poke|p2|Sableye, L50, M|
|poke|p2|Scizor, L50, M|
|teampreview|4
|showteam|p1|Aerodactyl||Aerodactylite|Unnerve|RockSlide,IceFang,Tailwind,WideGuard|Jolly||M|||50|]Kingambit||FocusSash|Defiant|KowtowCleave,SuckerPunch,IronHead,Protect|Adamant||M|||50|]Sylveon||FairyFeather|Pixilate|Detect,HyperVoice,HyperBeam,QuickAttack|Modest||M|||50|]Garchomp||LifeOrb|RoughSkin|Earthquake,DragonClaw,StompingTantrum,Protect|Jolly||M|||50|]Charizard||CharizarditeY|Blaze|Protect,HeatWave,SolarBeam,WeatherBall|Modest||M|||50|]Incineroar||SitrusBerry|Intimidate|DarkestLariat,FlareBlitz,FakeOut,PartingShot|Impish||M|||50|
|showteam|p2|Sylveon||FairyFeather|Pixilate|HyperBeam,HyperVoice,QuickAttack,Roar|Quiet||M|||50|]Milotic||Leftovers|Competitive|DrainingKiss,Scald,LifeDew,Protect|Bold||M|||50|]Charizard||CharizarditeY|SolarPower|Protect,AncientPower,WeatherBall,Hurricane|Timid||M|||50|]Swampert||Swampertite|Torrent|WaveCrash,IcePunch,RockSlide,Earthquake|Jolly||M|||50|]Sableye||LightClay|Prankster|FoulPlay,RainDance,Reflect,LightScreen|Sassy||M|||50|]Scizor||Scizorite|Technician|BulletPunch,DualWingbeat,CloseCombat,Uturn|Adamant||M|||50|
|inactive|Battle timer is ON: inactive players will automatically lose when time's up. (requested by bruh.mov)
|
|t:|1784143958
|teamsize|p1|4
|teamsize|p2|4
|start
|switch|p1a: Incineroar|Incineroar, L50, M|100/100
|switch|p1b: Aerodactyl|Aerodactyl, L50, M|100/100
|switch|p2a: Sableye|Sableye, L50, M|100/100
|switch|p2b: Swampert|Swampert, L50, M|100/100
|-ability|p1b: Aerodactyl|Unnerve
|-ability|p1a: Incineroar|Intimidate|boost
|-unboost|p2a: Sableye|atk|1
|-unboost|p2b: Swampert|atk|1
|turn|1
|
|t:|1784143975
|switch|p2b: Scizor|Scizor, L50, M|100/100
|move|p1a: Incineroar|Fake Out|p2b: Scizor
|-resisted|p2b: Scizor|1
|-damage|p2b: Scizor|94/100
|move|p2a: Sableye|Reflect|p2a: Sableye
|-sidestart|p2: bruh.mov|Reflect
|move|p1b: Aerodactyl|Tailwind|p1b: Aerodactyl
|-sidestart|p1: KodeBeast0526|move: Tailwind
|
|upkeep
|turn|2
|
|t:|1784143989
|move|p2b: Scizor|Bullet Punch|p1b: Aerodactyl
|-supereffective|p1b: Aerodactyl|1
|-damage|p1b: Aerodactyl|16/100
|move|p2a: Sableye|Rain Dance|p2a: Sableye
|-weather|RainDance
|move|p1b: Aerodactyl|Rock Slide|p2b: Scizor|[spread] p2a,p2b
|-damage|p2a: Sableye|80/100
|-damage|p2b: Scizor|81/100
|move|p1a: Incineroar|Flare Blitz|p2a: Sableye
|-damage|p2a: Sableye|60/100
|-damage|p1a: Incineroar|96/100|[from] Recoil
|
|-weather|RainDance|[upkeep]
|upkeep
|turn|3
|
|t:|1784144009
|move|p1b: Aerodactyl|Ice Fang|p2a: Sableye
|-damage|p2a: Sableye|45/100
|move|p1a: Incineroar|Flare Blitz|p2b: Scizor
|-supereffective|p2b: Scizor|2
|-damage|p2b: Scizor|25/100
|-damage|p1a: Incineroar|79/100|[from] Recoil
|move|p2b: Scizor|U-turn|p1a: Incineroar
|-crit|p1a: Incineroar
|-damage|p1a: Incineroar|34/100
|-enditem|p1a: Incineroar|Sitrus Berry|[eat]
|-heal|p1a: Incineroar|59/100|[from] item: Sitrus Berry
|
|t:|1784144020
|switch|p2b: Sylveon|Sylveon, L50, M, shiny|100/100|[from] U-turn
|cant|p2a: Sableye|flinch
|
|-weather|RainDance|[upkeep]
|upkeep
|turn|4
|
|t:|1784144037
|move|p2b: Sylveon|Quick Attack|p1b: Aerodactyl
|-damage|p1b: Aerodactyl|0 fnt
|faint|p1b: Aerodactyl
|move|p2a: Sableye|Light Screen|p2a: Sableye
|-sidestart|p2: bruh.mov|move: Light Screen
|move|p1a: Incineroar|Darkest Lariat|p2a: Sableye
|-damage|p2a: Sableye|16/100
|
|-weather|RainDance|[upkeep]
|-sideend|p1: KodeBeast0526|move: Tailwind
|upkeep
|
|t:|1784144050
|switch|p1b: Garchomp|Garchomp, L50, M|100/100
|turn|5
|
|t:|1784144055
|switch|p1a: Charizard|Charizard, L50, M|100/100
|switch|p2a: Scizor|Scizor, L50, M|25/100
|move|p1b: Garchomp|Earthquake|p2a: Scizor|[spread] p2a,p2b
|-immune|p1a: Charizard
|-damage|p2a: Scizor|0 fnt
|-damage|p2b: Sylveon|63/100
|faint|p2a: Scizor
|-damage|p1b: Garchomp|90/100|[from] item: Life Orb
|move|p2b: Sylveon|Hyper Voice|p1b: Garchomp|[spread] p1a,p1b
|-resisted|p1a: Charizard|1
|-supereffective|p1b: Garchomp|1
|-damage|p1a: Charizard|71/100
|-damage|p1b: Garchomp|0 fnt
|faint|p1b: Garchomp
|
|-weather|RainDance|[upkeep]
|upkeep
|
|t:|1784144070
|switch|p1b: Incineroar|Incineroar, L50, M|59/100
|switch|p2a: Sableye|Sableye, L50, M|16/100
|-ability|p1b: Incineroar|Intimidate|boost
|-unboost|p2a: Sableye|atk|1
|-unboost|p2b: Sylveon|atk|1
|turn|6
|
|t:|1784144084
|move|p1b: Incineroar|Fake Out|p2b: Sylveon
|-damage|p2b: Sylveon|56/100
|move|p2a: Sableye|Rain Dance||[still]
|-fail|p2a: Sableye
|move|p1a: Charizard|Weather Ball|p2a: Sableye
|-damage|p2a: Sableye|0 fnt
|faint|p2a: Sableye
|cant|p2b: Sylveon|flinch
|
|-weather|none
|upkeep
|
|t:|1784144089
|switch|p2a: Swampert|Swampert, L50, M|100/100
|turn|7
|
|t:|1784144107
|detailschange|p2a: Swampert|Swampert-Mega, L50, M
|-mega|p2a: Swampert|Swampert|Swampertite
|move|p1a: Charizard|Protect|p1a: Charizard
|-singleturn|p1a: Charizard|Protect
|move|p2a: Swampert|Rock Slide|p1a: Charizard|[spread] p1b
|-activate|p1a: Charizard|move: Protect
|-supereffective|p1b: Incineroar|1
|-damage|p1b: Incineroar|31/100
|cant|p1b: Incineroar|flinch
|move|p2b: Sylveon|Hyper Beam|p1a: Charizard
|-activate|p1a: Charizard|move: Protect
|
|upkeep
|turn|8
|
|t:|1784144123
|detailschange|p1a: Charizard|Charizard-Mega-Y, L50, M
|-mega|p1a: Charizard|Charizard|Charizardite Y
|-weather|SunnyDay|[from] ability: Drought|[of] p1a: Charizard
|move|p1a: Charizard|Solar Beam||[still]
|-prepare|p1a: Charizard|Solar Beam
|-anim|p1a: Charizard|Solar Beam|p2a: Swampert
|-supereffective|p2a: Swampert|2
|-damage|p2a: Swampert|0 fnt
|faint|p2a: Swampert
|move|p1b: Incineroar|Parting Shot|p2b: Sylveon
|-unboost|p2b: Sylveon|atk|1
|-unboost|p2b: Sylveon|spa|1
|move|p2b: Sylveon|Hyper Beam|p1a: Charizard
|-resisted|p1a: Charizard|1
|-damage|p1a: Charizard|36/100
|-mustrecharge|p2b: Sylveon
|
|-weather|SunnyDay|[upkeep]
|-sideend|p2: bruh.mov|Reflect
|upkeep
|turn|9
|-message|bruh.mov forfeited.
|
|win|KodeBeast0526
|raw|KodeBeast0526's rating: 1102 → 1122(+20 for winning)
|raw|bruh.mov's rating: 1030 → 1018(-12 for losing)
|l|☆bruh.mov
|player|p2|
