|j|☆Dungx showdown
|j|☆NoitUK_VGC
|html|Dungx showdownNoitUK_VGC    
|uhtml|bestof|Game 2 of a best-of-3
|t:|1783858752
|gametype|doubles
|player|p1|Dungx showdown|miku-ghost|1221
|player|p2|NoitUK_VGC|102|1151
|gen|9
|tier|[Gen 9 Champions] VGC 2026 Reg M-B (Bo3)
|rated|
|rule|Species Clause: Limit one of each Pokémon
|rule|Item Clause: Limit 1 of each item
|clearpoke
|poke|p1|Pelipper, L50, M|
|poke|p1|Archaludon, L50, M|
|poke|p1|Basculegion, L50, M|
|poke|p1|Dragonite, L50, F|
|poke|p1|Metagross, L50|
|poke|p1|Sableye, L50, M|
|poke|p2|Archaludon, L50, F|
|poke|p2|Swampert, L50, F|
|poke|p2|Pelipper, L50, F|
|poke|p2|Raichu, L50, F|
|poke|p2|Sableye, L50, F|
|poke|p2|Kingambit, L50, M|
|teampreview|4
|showteam|p1|Pelipper||FocusSash|Drizzle|Tailwind,Protect,WeatherBall,Hurricane|Modest||M|||50|]Archaludon||Leftovers|Stamina|ElectroShot,Protect,FlashCannon,DragonPulse|Modest||M|||50|]Basculegion||LifeOrb|SwiftSwim|AquaJet,WaveCrash,Protect,LastRespects|Adamant||M|||50|]Dragonite||Dragoninite|InnerFocus|Hurricane,WeatherBall,Protect,DracoMeteor|Modest||F|||50|]Metagross||Metagrossite|ClearBody|PsychicFangs,Protect,MeteorMash,HammerArm|Adamant|||||50|]Sableye||RoseliBerry|Prankster|LightScreen,Reflect,FoulPlay,RainDance|Calm||M|||50|
|showteam|p2|Archaludon||Leftovers|Stamina|Protect,ElectroShot,FlashCannon,DragonPulse|Modest||F|||50|]Swampert||Swampertite|Torrent|Protect,WaveCrash,Earthquake,IcePunch|Adamant||F|||50|]Pelipper||SitrusBerry|Drizzle|WideGuard,WeatherBall,Hurricane,Tailwind|Bold||F|||50|]Raichu||RaichuniteX|LightningRod|FakeOut,VoltTackle,VoltSwitch,PlayRough|Hasty||F|||50|]Sableye||RoseliBerry|Prankster|Encore,Disable,WillOWisp,RainDance|Relaxed||F|||50|]Kingambit||ChopleBerry|Defiant|KowtowCleave,SuckerPunch,IronHead,LowKick|Adamant||M|||50|
|inactive|Battle timer is ON: inactive players will automatically lose when time's up. (requested by Dungx showdown)
|inactive|Dungx showdown has 60 seconds left.
|inactive|NoitUK_VGC has 60 seconds left.
|
|t:|1783858789
|teamsize|p1|4
|teamsize|p2|4
|start
|switch|p1a: Dragoncry|Dragonite, L50, F|100/100
|switch|p1b: Hạt tiêu|Sableye, L50, M|100/100
|switch|p2a: Sableye|Sableye, L50, F|100/100
|switch|p2b: Swampert|Swampert, L50, F|100/100
|turn|1
|inactive|NoitUK_VGC has 30 seconds left.
|inactive|Dungx showdown has 30 seconds left.
|
|t:|1783858820
|move|p1a: Dragoncry|Protect|p1a: Dragoncry
|-singleturn|p1a: Dragoncry|Protect
|move|p2b: Swampert|Protect|p2b: Swampert
|-singleturn|p2b: Swampert|Protect
|move|p1b: Hạt tiêu|Reflect|p1b: Hạt tiêu
|-sidestart|p1: Dungx showdown|Reflect
|move|p2a: Sableye|Will-O-Wisp|p1a: Dragoncry
|-activate|p1a: Dragoncry|move: Protect
|
|upkeep
|turn|2
|
|t:|1783858842
|switch|p1a: Roblox|Archaludon, L50, M|100/100
|switch|p2b: Archaludon|Archaludon, L50, F|100/100
|move|p2a: Sableye|Encore||[still]
|-fail|p2a: Sableye
|move|p1b: Hạt tiêu|Foul Play|p2b: Archaludon
|-damage|p2b: Archaludon|77/100
|-ability|p2b: Archaludon|Stamina|boost
|-boost|p2b: Archaludon|def|1
|
|-heal|p2b: Archaludon|83/100|[from] item: Leftovers
|upkeep
|turn|3
|
|t:|1783858863
|move|p2b: Archaludon|Protect|p2b: Archaludon
|-singleturn|p2b: Archaludon|Protect
|move|p1b: Hạt tiêu|Light Screen|p1b: Hạt tiêu
|-sidestart|p1: Dungx showdown|move: Light Screen
|move|p2a: Sableye|Will-O-Wisp|p1a: Roblox
|-status|p1a: Roblox|brn
|move|p1a: Roblox|Dragon Pulse|p2a: Sableye
|-damage|p2a: Sableye|49/100
|
|-heal|p2b: Archaludon|89/100|[from] item: Leftovers
|-damage|p1a: Roblox|93/100 brn|[from] brn
|upkeep
|turn|4
|
|t:|1783858881
|move|p1b: Hạt tiêu|Rain Dance|p1b: Hạt tiêu
|-weather|RainDance
|move|p2a: Sableye|Disable|p1a: Roblox
|-start|p1a: Roblox|Disable|Dragon Pulse
|move|p2b: Archaludon|Dragon Pulse|p1a: Roblox
|-damage|p1a: Roblox|64/100 brn
|-ability|p1a: Roblox|Stamina|boost
|-boost|p1a: Roblox|def|1
|move|p1a: Roblox|Electro Shot||[still]
|-prepare|p1a: Roblox|Electro Shot
|-boost|p1a: Roblox|spa|1
|-anim|p1a: Roblox|Electro Shot|p2a: Sableye
|-damage|p2a: Sableye|0 fnt
|faint|p2a: Sableye
|
|-weather|RainDance|[upkeep]
|-heal|p2b: Archaludon|95/100|[from] item: Leftovers
|-heal|p1a: Roblox|70/100 brn|[from] item: Leftovers
|-damage|p1a: Roblox|64/100 brn|[from] brn
|upkeep
|
|t:|1783858898
|switch|p2a: Swampert|Swampert, L50, F|100/100
|turn|5
|
|t:|1783858914
|detailschange|p2a: Swampert|Swampert-Mega, L50, F
|-mega|p2a: Swampert|Swampert|Swampertite
|move|p1a: Roblox|Protect|p1a: Roblox
|-singleturn|p1a: Roblox|Protect
|move|p2a: Swampert|Wave Crash|p1b: Hạt tiêu
|-damage|p1b: Hạt tiêu|0 fnt
|faint|p1b: Hạt tiêu
|-damage|p2a: Swampert|70/100|[from] Recoil
|move|p2b: Archaludon|Electro Shot||[still]
|-prepare|p2b: Archaludon|Electro Shot
|-boost|p2b: Archaludon|spa|1
|-anim|p2b: Archaludon|Electro Shot|p1a: Roblox
|-activate|p1a: Roblox|move: Protect
|
|-weather|RainDance|[upkeep]
|-heal|p2b: Archaludon|100/100|[from] item: Leftovers
|-heal|p1a: Roblox|70/100 brn|[from] item: Leftovers
|-damage|p1a: Roblox|64/100 brn|[from] brn
|-sideend|p1: Dungx showdown|Reflect
|upkeep
|
|t:|1783858924
|switch|p1b: Dragoncry|Dragonite, L50, F|100/100
|turn|6
|
|t:|1783858946
|detailschange|p1b: Dragoncry|Dragonite-Mega, L50, F
|-mega|p1b: Dragoncry|Dragonite|Dragoninite
|move|p2a: Swampert|Ice Punch|p1b: Dragoncry
|-supereffective|p1b: Dragoncry|2
|-damage|p1b: Dragoncry|42/100
|move|p1b: Dragoncry|Hurricane|p2a: Swampert
|-damage|p2a: Swampert|3/100
|move|p2b: Archaludon|Dragon Pulse|p1a: Roblox
|-damage|p1a: Roblox|23/100 brn
|-ability|p1a: Roblox|Stamina|boost
|-boost|p1a: Roblox|def|1
|move|p1a: Roblox|Electro Shot||[still]
|-prepare|p1a: Roblox|Electro Shot
|-boost|p1a: Roblox|spa|1
|-anim|p1a: Roblox|Electro Shot|p2b: Archaludon
|-resisted|p2b: Archaludon|1
|-damage|p2b: Archaludon|58/100
|-ability|p2b: Archaludon|Stamina|boost
|-boost|p2b: Archaludon|def|1
|
|-weather|RainDance|[upkeep]
|-heal|p2b: Archaludon|64/100|[from] item: Leftovers
|-heal|p1a: Roblox|29/100 brn|[from] item: Leftovers
|-damage|p1a: Roblox|23/100 brn|[from] brn
|upkeep
|turn|7
|inactive|NoitUK_VGC has 30 seconds left.
|
|t:|1783858977
|move|p1a: Roblox|Protect|p1a: Roblox
|-singleturn|p1a: Roblox|Protect
|move|p2a: Swampert|Ice Punch|p1b: Dragoncry
|-supereffective|p1b: Dragoncry|2
|-damage|p1b: Dragoncry|0 fnt
|faint|p1b: Dragoncry
|move|p2b: Archaludon|Electro Shot||[still]
|-prepare|p2b: Archaludon|Electro Shot
|-boost|p2b: Archaludon|spa|1
|-anim|p2b: Archaludon|Electro Shot|p1a: Roblox
|-activate|p1a: Roblox|move: Protect
|
|-weather|RainDance|[upkeep]
|-heal|p2b: Archaludon|71/100|[from] item: Leftovers
|-heal|p1a: Roblox|29/100 brn|[from] item: Leftovers
|-damage|p1a: Roblox|23/100 brn|[from] brn
|-end|p1a: Roblox|Disable
|-sideend|p1: Dungx showdown|move: Light Screen
|upkeep
|
|t:|1783858981
|switch|p1b: Recoil|Basculegion, L50, M|100/100
|turn|8
|inactive|NoitUK_VGC has 30 seconds left.
|
|t:|1783859007
|move|p1b: Recoil|Wave Crash|p2a: Swampert
|-damage|p2a: Swampert|0 fnt
|faint|p2a: Swampert
|-damage|p1b: Recoil|98/100|[from] Recoil
|-damage|p1b: Recoil|89/100|[from] item: Life Orb
|move|p2b: Archaludon|Dragon Pulse|p1a: Roblox
|-damage|p1a: Roblox|0 fnt
|faint|p1a: Roblox
|
|-weather|none
|-heal|p2b: Archaludon|77/100|[from] item: Leftovers
|upkeep
|
|t:|1783859018
|switch|p2a: Kingambit|Kingambit, L50, M|100/100
|turn|9
|
|t:|1783859027
|move|p2a: Kingambit|Sucker Punch|p1b: Recoil
|-supereffective|p1b: Recoil|1
|-damage|p1b: Recoil|2/100
|move|p1b: Recoil|Last Respects|p2b: Archaludon
|-damage|p2b: Archaludon|28/100
|-ability|p2b: Archaludon|Stamina|boost
|-boost|p2b: Archaludon|def|1
|-damage|p1b: Recoil|0 fnt|[from] item: Life Orb
|faint|p1b: Recoil
|
|win|NoitUK_VGC
||Dungx showdown is ready for game 3.
|inactive|NoitUK_VGC has 30 seconds to confirm battle start!
||NoitUK_VGC is ready for game 3.
|uhtml|next|Next: Game 3 of 3
|l|☆Dungx showdown
|player|p1|
