|j|☆pomidorowa
|j|☆hoangcuubao1
|html|pomidorowahoangcuubao1    
|uhtml|bestof|Game 1 of a best-of-3
|t:|1784970808
|gametype|doubles
|player|p1|pomidorowa|clown|1047
|player|p2|hoangcuubao1|101|1000
|gen|9
|tier|[Gen 9 Champions] VGC 2026 Reg M-B (Bo3)
|rated|
|rule|Species Clause: Limit one of each Pokémon
|rule|Item Clause: Limit 1 of each item
|clearpoke
|poke|p1|Dragalge, L50, F|
|poke|p1|Swampert, L50, F|
|poke|p1|Archaludon, L50, F|
|poke|p1|Pelipper, L50, F|
|poke|p1|Sinistcha, L50|
|poke|p1|Grimmsnarl, L50, M|
|poke|p2|Swampert, L50, M|
|poke|p2|Kingambit, L50, M|
|poke|p2|Archaludon, L50, M|
|poke|p2|Basculegion, L50, M|
|poke|p2|Sneasler, L50, F|
|poke|p2|Sableye, L50, M|
|teampreview|4
|showteam|p1|Dragalge||Dragalgite|PoisonPoint|Toxic,Protect,SludgeBomb,DragonPulse|Modest||F|||50|]Swampert||Swampertite|Torrent|HighHorsepower,Protect,WaveCrash,KnockOff|Adamant||F|||50|]Archaludon||Leftovers|Stamina|ElectroShot,FlashCannon,Protect,AuraSphere|Modest||F|||50|]Pelipper||FocusSash|Drizzle|Tailwind,WeatherBall,Hurricane,Protect|Modest||F|||50|]Sinistcha||SitrusBerry|Hospitality|MatchaGotcha,LifeDew,RagePowder,TrickRoom|Serious|||||50|]Grimmsnarl||LightClay|Prankster|LightScreen,Reflect,FoulPlay,PartingShot|Careful||M|||50|
|showteam|p2|Swampert||Swampertite|Torrent|Earthquake,FlipTurn,WaveCrash,IcePunch|Adamant||M|||50|]Kingambit||BlackGlasses|Defiant|KowtowCleave,SuckerPunch,SwordsDance,IronHead|Adamant||M|||50|]Archaludon||Magnet|Stamina|ElectroShot,DracoMeteor,AuraSphere,FlashCannon|Modest||M|||50|]Basculegion||ChoiceScarf|Adaptability|LastRespects,WaveCrash,HeadSmash,FlipTurn|Jolly||M|||50|]Sneasler||MuscleBand|PoisonTouch|FakeOut,Uturn,DireClaw,CloseCombat|Jolly||F|||50|]Sableye||FocusSash|Prankster|RainDance,Protect,ThunderWave,FakeOut|Timid||M|||50|
|
|t:|1784970849
|teamsize|p1|4
|teamsize|p2|4
|start
|switch|p1a: Grimmsnarl|Grimmsnarl, L50, M|100/100
|switch|p1b: Dragalge|Dragalge, L50, F|100/100
|switch|p2a: Sableye|Sableye, L50, M|100/100
|switch|p2b: Swampert|Swampert, L50, M|100/100
|turn|1
|
|t:|1784970874
|detailschange|p2b: Swampert|Swampert-Mega, L50, M
|-mega|p2b: Swampert|Swampert|Swampertite
|move|p2a: Sableye|Rain Dance|p2a: Sableye
|-weather|RainDance
|move|p1a: Grimmsnarl|Reflect|p1a: Grimmsnarl
|-sidestart|p1: pomidorowa|Reflect
|move|p2b: Swampert|Ice Punch|p1b: Dragalge
|-supereffective|p1b: Dragalge|1
|-damage|p1b: Dragalge|49/100
|move|p1b: Dragalge|Toxic|p2b: Swampert
|-status|p2b: Swampert|tox
|
|-weather|RainDance|[upkeep]
|-damage|p2b: Swampert|94/100 tox|[from] psn
|upkeep
|turn|2
|
|t:|1784970906
|detailschange|p1b: Dragalge|Dragalge-Mega, L50, F
|-mega|p1b: Dragalge|Dragalge|Dragalgite
|move|p2a: Sableye|Protect|p2a: Sableye
|-singleturn|p2a: Sableye|Protect
|move|p1b: Dragalge|Protect|p1b: Dragalge
|-singleturn|p1b: Dragalge|Protect
|move|p2b: Swampert|Earthquake|p1b: Dragalge|[spread] p1a
|-activate|p2a: Sableye|move: Protect
|-activate|p1b: Dragalge|move: Protect
|-crit|p1a: Grimmsnarl
|-damage|p1a: Grimmsnarl|29/100
|move|p1a: Grimmsnarl|Foul Play|p2b: Swampert
|-damage|p2b: Swampert|37/100 tox
|
|-weather|RainDance|[upkeep]
|-damage|p2b: Swampert|26/100 tox|[from] psn
|upkeep
|turn|3
|
|t:|1784970938
|-heal|p1b: Dragalge|82/100|[from] ability: Regenerator|[silent]
|switch|p1b: Archaludon|Archaludon, L50, F|100/100
|move|p2a: Sableye|Protect||[still]
|-fail|p2a: Sableye
|move|p1a: Grimmsnarl|Parting Shot|p2b: Swampert
|-unboost|p2b: Swampert|atk|1
|-unboost|p2b: Swampert|spa|1
|
|t:|1784970952
|switch|p1a: Dragalge|Dragalge-Mega, L50, F|82/100|[from] Parting Shot
|move|p2b: Swampert|Earthquake|p1a: Dragalge|[spread] p2a,p1a,p1b
|-supereffective|p1a: Dragalge|1
|-supereffective|p1b: Archaludon|1
|-damage|p2a: Sableye|57/100
|-damage|p1a: Dragalge|37/100
|-damage|p1b: Archaludon|69/100
|-ability|p1b: Archaludon|Stamina|boost
|-boost|p1b: Archaludon|def|1
|
|-weather|RainDance|[upkeep]
|-heal|p1b: Archaludon|75/100|[from] item: Leftovers
|-damage|p2b: Swampert|9/100 tox|[from] psn
|upkeep
|turn|4
|
|t:|1784970990
|move|p1a: Dragalge|Protect|p1a: Dragalge
|-singleturn|p1a: Dragalge|Protect
|move|p2a: Sableye|Thunder Wave|p1b: Archaludon
|-status|p1b: Archaludon|par
|move|p2b: Swampert|Flip Turn|p1b: Archaludon
|-resisted|p1b: Archaludon|1
|-damage|p1b: Archaludon|69/100 par
|-ability|p1b: Archaludon|Stamina|boost
|-boost|p1b: Archaludon|def|1
|
|t:|1784971003
|switch|p2b: Sneasler|Sneasler, L50, F|100/100|[from] Flip Turn
|move|p1b: Archaludon|Electro Shot||[still]
|-prepare|p1b: Archaludon|Electro Shot
|-boost|p1b: Archaludon|spa|1
|-anim|p1b: Archaludon|Electro Shot|p2a: Sableye
|-crit|p2a: Sableye
|-damage|p2a: Sableye|0 fnt
|faint|p2a: Sableye
|
|-weather|RainDance|[upkeep]
|-heal|p1b: Archaludon|75/100 par|[from] item: Leftovers
|upkeep
|
|t:|1784971019
|switch|p2a: Swampert|Swampert-Mega, L50, M|9/100 tox
|turn|5
|
|t:|1784971044
|-heal|p1a: Dragalge|70/100|[from] ability: Regenerator|[silent]
|switch|p1a: Grimmsnarl|Grimmsnarl, L50, M|29/100
|move|p1b: Archaludon|Protect|p1b: Archaludon
|-singleturn|p1b: Archaludon|Protect
|move|p2b: Sneasler|Fake Out|p1b: Archaludon
|-activate|p1b: Archaludon|move: Protect
|move|p2a: Swampert|Flip Turn|p1a: Grimmsnarl
|-damage|p1a: Grimmsnarl|0 fnt
|faint|p1a: Grimmsnarl
|
|t:|1784971057
|switch|p2a: Kingambit|Kingambit, L50, M|100/100|[from] Flip Turn
|
|-weather|none
|-heal|p1b: Archaludon|81/100 par|[from] item: Leftovers
|upkeep
|
|t:|1784971064
|switch|p1a: Pelipper|Pelipper, L50, F|100/100
|-weather|RainDance|[from] ability: Drizzle|[of] p1a: Pelipper
|turn|6
|
|t:|1784971084
|move|p2b: Sneasler|Close Combat|p1b: Archaludon
|-supereffective|p1b: Archaludon|1
|-damage|p1b: Archaludon|46/100 par
|-unboost|p2b: Sneasler|def|1
|-unboost|p2b: Sneasler|spd|1
|-ability|p1b: Archaludon|Stamina|boost
|-boost|p1b: Archaludon|def|1
|move|p1a: Pelipper|Tailwind|p1a: Pelipper
|-sidestart|p1: pomidorowa|move: Tailwind
|move|p1b: Archaludon|Aura Sphere|p2a: Kingambit
|-supereffective|p2a: Kingambit|2
|-crit|p2a: Kingambit
|-damage|p2a: Kingambit|0 fnt
|faint|p2a: Kingambit
|
|-weather|RainDance|[upkeep]
|-heal|p1b: Archaludon|52/100 par|[from] item: Leftovers
|upkeep
|
|t:|1784971102
|switch|p2a: Swampert|Swampert-Mega, L50, M|9/100 tox
|turn|7
|
|t:|1784971111
|move|p1b: Archaludon|Protect|p1b: Archaludon
|-singleturn|p1b: Archaludon|Protect
|move|p2a: Swampert|Wave Crash|p1b: Archaludon
|-activate|p1b: Archaludon|move: Protect
|move|p1a: Pelipper|Hurricane|p2b: Sneasler
|-supereffective|p2b: Sneasler|1
|-damage|p2b: Sneasler|0 fnt
|faint|p2b: Sneasler
|
|-weather|RainDance|[upkeep]
|-heal|p1b: Archaludon|58/100 par|[from] item: Leftovers
|-damage|p2a: Swampert|3/100 tox|[from] psn
|upkeep
|turn|8
|-message|hoangcuubao1 forfeited.
|raw|pomidorowa's rating: 1047 → 1076(+29 for winning)
|raw|hoangcuubao1's rating: 1000 → 1000(+0 for losing)
|
|win|pomidorowa
|l|☆hoangcuubao1
|player|p2|
