|j|☆fghdffdghhdfg
|j|☆phi11y
|html|fghdffdghhdfgphi11y    
|uhtml|bestof|Game 1 of a best-of-3
|t:|1783033766
|gametype|doubles
|player|p1|fghdffdghhdfg|2|1100
|player|p2|phi11y|n|1028
|gen|9
|tier|[Gen 9 Champions] VGC 2026 Reg M-B (Bo3)
|rated|
|rule|Species Clause: Limit one of each Pokémon
|rule|Item Clause: Limit 1 of each item
|clearpoke
|poke|p1|Garchomp, L50, F, shiny|
|poke|p1|Corviknight, L50, F, shiny|
|poke|p1|Metagross, L50, shiny|
|poke|p1|Greninja, L50, M, shiny|
|poke|p1|Sinistcha-Masterpiece, L50, shiny|
|poke|p1|Basculegion, L50, M, shiny|
|poke|p2|Sneasler, L50, M|
|poke|p2|Floette-Eternal, L50, F|
|poke|p2|Incineroar, L50, M|
|poke|p2|Gholdengo, L50|
|poke|p2|Venusaur, L50, M|
|poke|p2|Charizard, L50, F|
|teampreview|4
|showteam|p1|Garchomp||Garchompite|RoughSkin|Earthquake,RockSlide,PoisonJab,DragonClaw|Jolly||F|||50|]Corviknight||SitrusBerry|MirrorArmor|Tailwind,Uturn,BodyPress,IronHead|Impish||F|||50|]Metagross||Metagrossite|ClearBody|Earthquake,PsychicFangs,BodyPress,IronHead|Jolly|||||50|]Greninja||LifeOrb|Protean|WaterShuriken,DarkPulse,Uturn,IceBeam|Timid||M|||50|]Sinistcha-Masterpiece||BigRoot|Hospitality|StrengthSap,ShadowBall,MatchaGotcha,RagePowder|Modest|||||50|]Basculegion||ChoiceScarf|Adaptability|AquaJet,FlipTurn,LastRespects,WaveCrash|Adamant||M|||50|
|showteam|p2|Sneasler||FocusSash|Unburden|CloseCombat,DireClaw,FakeOut,Protect|Jolly||M|||50|]Floette-Eternal||Floettite|FlowerVeil|Moonblast,DazzlingGleam,CalmMind,Protect|Modest||F|||50|]Incineroar||SitrusBerry|Intimidate|FlareBlitz,PartingShot,FakeOut,Protect|Impish||M|||50|]Gholdengo||ChoiceScarf|GoodasGold|MakeItRain,ShadowBall,Thunderbolt,Trick|Timid|||||50|]Venusaur||LifeOrb|Chlorophyll|SludgeBomb,EarthPower,SleepPowder,Protect|Modest||M|||50|]Charizard||CharizarditeY|SolarPower|HeatWave,SolarBeam,WeatherBall,Protect|Modest||F|||50|
|inactive|Battle timer is ON: inactive players will automatically lose when time's up. (requested by fghdffdghhdfg)
|inactive|phi11y has 60 seconds left.
|
|t:|1783033802
|teamsize|p1|4
|teamsize|p2|4
|start
|switch|p1a: Garchomp|Garchomp, L50, F, shiny|100/100
|switch|p1b: Corviknight|Corviknight, L50, F, shiny|100/100
|switch|p2a: Venusaur|Venusaur, L50, M|100/100
|switch|p2b: Charizard|Charizard, L50, F|100/100
|turn|1
|
|t:|1783033823
|detailschange|p1a: Garchomp|Garchomp-Mega, L50, F, shiny
|-mega|p1a: Garchomp|Garchomp|Garchompite
|move|p2b: Charizard|Protect|p2b: Charizard
|-singleturn|p2b: Charizard|Protect
|move|p1a: Garchomp|Rock Slide|p2b: Charizard|[spread] p2a
|-activate|p2b: Charizard|move: Protect
|-damage|p2a: Venusaur|69/100
|move|p2a: Venusaur|Sleep Powder|p1a: Garchomp
|-status|p1a: Garchomp|slp|[from] move: Sleep Powder
|move|p1b: Corviknight|Tailwind|p1b: Corviknight
|-sidestart|p1: fghdffdghhdfg|move: Tailwind
|
|upkeep
|turn|2
|
|t:|1783033848
|switch|p2a: Incineroar|Incineroar, L50, M|100/100
|-ability|p2a: Incineroar|Intimidate|boost
|-unboost|p1a: Garchomp|atk|1
|-ability|p1b: Corviknight|Mirror Armor
|-unboost|p2a: Incineroar|atk|1
|detailschange|p2b: Charizard|Charizard-Mega-Y, L50, F
|-mega|p2b: Charizard|Charizard|Charizardite Y
|-weather|SunnyDay|[from] ability: Drought|[of] p2b: Charizard
|cant|p1a: Garchomp|slp
|move|p1b: Corviknight|Iron Head|p2a: Incineroar
|-resisted|p2a: Incineroar|1
|-damage|p2a: Incineroar|89/100
|move|p2b: Charizard|Solar Beam||[still]
|-prepare|p2b: Charizard|Solar Beam
|-anim|p2b: Charizard|Solar Beam|p1a: Garchomp
|-damage|p1a: Garchomp|48/100 slp
|
|-weather|SunnyDay|[upkeep]
|upkeep
|turn|3
|
|t:|1783033868
|move|p2a: Incineroar|Fake Out|p1b: Corviknight
|-resisted|p1b: Corviknight|1
|-damage|p1b: Corviknight|98/100
|-curestatus|p1a: Garchomp|slp|[msg]
|move|p1a: Garchomp|Rock Slide|p2a: Incineroar|[spread] p2a,p2b
|-supereffective|p2a: Incineroar|1
|-supereffective|p2b: Charizard|2
|-damage|p2a: Incineroar|63/100
|-damage|p2b: Charizard|27/100
|cant|p1b: Corviknight|flinch
|move|p2b: Charizard|Solar Beam||[still]
|-prepare|p2b: Charizard|Solar Beam
|-anim|p2b: Charizard|Solar Beam|p1a: Garchomp
|-damage|p1a: Garchomp|0 fnt
|faint|p1a: Garchomp
|
|-weather|SunnyDay|[upkeep]
|upkeep
|
|t:|1783033882
|switch|p1a: Greninja|Greninja, L50, M, shiny|100/100
|turn|4
|
|t:|1783033902
|move|p2b: Charizard|Protect|p2b: Charizard
|-singleturn|p2b: Charizard|Protect
|move|p1a: Greninja|Water Shuriken|p2b: Charizard
|-start|p1a: Greninja|typechange|Water|[from] ability: Protean
|-activate|p2b: Charizard|move: Protect
|move|p1b: Corviknight|Body Press|p2b: Charizard
|-activate|p2b: Charizard|move: Protect
|move|p2a: Incineroar|Parting Shot|p1a: Greninja
|-unboost|p1a: Greninja|atk|1
|-unboost|p1a: Greninja|spa|1
|
|t:|1783033916
|switch|p2a: Gholdengo|Gholdengo, L50|100/100|[from] Parting Shot
|
|-weather|SunnyDay|[upkeep]
|-sideend|p1: fghdffdghhdfg|move: Tailwind
|upkeep
|turn|5
|
|t:|1783033931
|move|p2a: Gholdengo|Make It Rain|p1b: Corviknight|[spread] p1a,p1b
|-resisted|p1a: Greninja|1
|-resisted|p1b: Corviknight|1
|-damage|p1a: Greninja|66/100
|-damage|p1b: Corviknight|74/100
|-unboost|p2a: Gholdengo|spa|2
|move|p1a: Greninja|Dark Pulse|p2a: Gholdengo
|-supereffective|p2a: Gholdengo|1
|-damage|p2a: Gholdengo|47/100
|-damage|p1a: Greninja|57/100|[from] item: Life Orb
|move|p2b: Charizard|Heat Wave|p1b: Corviknight|[spread] p1a,p1b
|-resisted|p1a: Greninja|1
|-supereffective|p1b: Corviknight|1
|-damage|p1a: Greninja|2/100
|-damage|p1b: Corviknight|0 fnt
|-status|p1a: Greninja|brn
|faint|p1b: Corviknight
|
|-weather|SunnyDay|[upkeep]
|-damage|p1a: Greninja|0 fnt|[from] brn
|faint|p1a: Greninja
|upkeep
|-message|fghdffdghhdfg forfeited.
|raw|fghdffdghhdfg's rating: 1100 → 1070(-30 for losing)
|raw|phi11y's rating: 1028 → 1071(+43 for winning)
|
|win|phi11y
|l|☆fghdffdghhdfg
|player|p1|
