|j|☆sturmkitten69
|j|☆dasbgedasb
|html|sturmkitten69dasbgedasb    
|uhtml|bestof|Game 2 of a best-of-3
|t:|1783567378
|gametype|doubles
|player|p1|sturmkitten69|fisherman-gen4|1043
|player|p2|dasbgedasb|1|1080
|gen|9
|tier|[Gen 9 Champions] VGC 2026 Reg M-B (Bo3)
|rated|
|rule|Species Clause: Limit one of each Pokémon
|rule|Item Clause: Limit 1 of each item
|clearpoke
|poke|p1|Meganium, L50, F|
|poke|p1|Aerodactyl, L50, M|
|poke|p1|Sableye, L50, F|
|poke|p1|Samurott-Hisui, L50, F|
|poke|p1|Aegislash, L50, F|
|poke|p1|Archaludon, L50, F|
|poke|p2|Staraptor, L50, M|
|poke|p2|Sinistcha, L50|
|poke|p2|Corviknight, L50, M|
|poke|p2|Grimmsnarl, L50, M|
|poke|p2|Basculegion, L50, M|
|poke|p2|Raichu, L50, F|
|teampreview|4
|showteam|p1|Meganium||Meganiumite|LeafGuard|SolarBeam,Protect,DazzlingGleam,EarthPower|Calm||F|||50|]Aerodactyl||Aerodactylite|Unnerve|RockSlide,Protect,Tailwind,DualWingbeat|Jolly||M|||50|]Sableye||LightClay|Prankster|LightScreen,Reflect,RainDance,Encore|Bold||F|||50|]Samurott-Hisui||FocusSash|Sharpness|CeaselessEdge,AquaJet,RazorShell,Protect|Adamant||F|||50|]Aegislash||LifeOrb|StanceChange|SacredSword,ShadowSneak,KingsShield,IronHead|Adamant||F|||50|]Archaludon||Leftovers|Stamina|ElectroShot,Protect,DragonPulse,AuraSphere|Calm||F|||50|
|showteam|p2|Staraptor||Staraptite|Intimidate|BraveBird,CloseCombat,Protect,Roost|Jolly||M|||50|]Sinistcha||OccaBerry|Hospitality|LifeDew,StrengthSap,MatchaGotcha,Protect|Calm|||||50|]Corviknight||FocusSash|Unnerve|Tailwind,IronHead,Reflect,Uturn|Impish||M|||50|]Grimmsnarl||Leftovers|Prankster|FakeOut,BrickBreak,PartingShot,LightScreen|Careful||M|||50|]Basculegion||MysticWater|Adaptability|WaveCrash,LastRespects,FlipTurn,Protect|Adamant||M|||50|]Raichu||RaichuniteY|Static|ZapCannon,FocusBlast,DazzlingGleam,Protect|Timid||F|||50|
|inactive|Battle timer is ON: inactive players will automatically lose when time's up. (requested by sturmkitten69)
|
|t:|1783567431
|teamsize|p1|4
|teamsize|p2|4
|start
|switch|p1a: Sableye|Sableye, L50, F|100/100
|switch|p1b: Aegislash|Aegislash, L50, F|100/100
|switch|p2a: Staraptor|Staraptor, L50, M|100/100
|switch|p2b: Grimmsnarl|Grimmsnarl, L50, M|100/100
|-ability|p2a: Staraptor|Intimidate|boost
|-unboost|p1a: Sableye|atk|1
|-unboost|p1b: Aegislash|atk|1
|turn|1
|inactive|sturmkitten69 has 30 seconds left.
|inactive|sturmkitten69 has 20 seconds left.
|inactive|sturmkitten69 has 15 seconds left.
|inactive|sturmkitten69 has 10 seconds left.
|inactive|sturmkitten69 has 5 seconds left.
|
|t:|1783567482
|detailschange|p2a: Staraptor|Staraptor-Mega, L50, M
|-mega|p2a: Staraptor|Staraptor|Staraptite
|-formechange|p1b: Aegislash|Aegislash-Blade|
|move|p1b: Aegislash|Shadow Sneak|p2b: Grimmsnarl
|-resisted|p2b: Grimmsnarl|1
|-damage|p2b: Grimmsnarl|88/100
|-damage|p1b: Aegislash|90/100|[from] item: Life Orb
|move|p2b: Grimmsnarl|Parting Shot|p1b: Aegislash
|-unboost|p1b: Aegislash|atk|1
|-unboost|p1b: Aegislash|spa|1
|
|t:|1783567497
|switch|p2b: Sinistcha|Sinistcha, L50|100/100|[from] Parting Shot
|move|p1a: Sableye|Reflect|p1a: Sableye
|-sidestart|p1: sturmkitten69|Reflect
|move|p2a: Staraptor|Brave Bird|p1a: Sableye
|-damage|p1a: Sableye|59/100
|-damage|p2a: Staraptor|90/100|[from] Recoil
|
|upkeep
|turn|2
|inactive|sturmkitten69 has 30 seconds left.
|
|t:|1783567525
|move|p1b: Aegislash|Shadow Sneak|p2b: Sinistcha
|-supereffective|p2b: Sinistcha|1
|-damage|p2b: Sinistcha|72/100
|-damage|p1b: Aegislash|81/100|[from] item: Life Orb
|move|p1a: Sableye|Encore|p2a: Staraptor
|-start|p2a: Staraptor|Encore
|move|p2a: Staraptor|Brave Bird|p1a: Sableye
|-damage|p1a: Sableye|14/100
|-damage|p2a: Staraptor|79/100|[from] Recoil
|move|p2b: Sinistcha|Strength Sap|p1b: Aegislash
|-unboost|p1b: Aegislash|atk|1
|-heal|p2b: Sinistcha|100/100
|
|upkeep
|turn|3
|inactive|sturmkitten69 has 30 seconds left.
|
|t:|1783567555
|switch|p1b: Meganium|Meganium, L50, F|100/100
|move|p1a: Sableye|Light Screen|p1a: Sableye
|-sidestart|p1: sturmkitten69|move: Light Screen
|move|p2a: Staraptor|Brave Bird|p1b: Meganium
|-supereffective|p1b: Meganium|1
|-damage|p1b: Meganium|20/100r
|-damage|p2a: Staraptor|54/100|[from] Recoil
|move|p2b: Sinistcha|Matcha Gotcha|p1a: Sableye|[spread] p1b
|-miss|p2b: Sinistcha|p1a: Sableye
|-resisted|p1b: Meganium|1
|-damage|p1b: Meganium|13/100
|
|upkeep
|turn|4
|inactive|dasbgedasb has 30 seconds left.
|inactive|dasbgedasb has 20 seconds left.
|
|t:|1783567592
|switch|p2a: Grimmsnarl|Grimmsnarl, L50, M|88/100
|switch|p1a: Samurott|Samurott-Hisui, L50, F|100/100
|detailschange|p1b: Meganium|Meganium-Mega, L50, F
|-mega|p1b: Meganium|Meganium|Meganiumite
|move|p1b: Meganium|Dazzling Gleam|p2a: Grimmsnarl|[spread] p2a,p2b
|-supereffective|p2a: Grimmsnarl|1
|-damage|p2a: Grimmsnarl|35/100
|-damage|p2b: Sinistcha|69/100
|move|p2b: Sinistcha|Life Dew|p2b: Sinistcha|[spread] p2a,p2b
|-heal|p2a: Grimmsnarl|60/100
|-heal|p2b: Sinistcha|94/100
|
|-heal|p2a: Grimmsnarl|66/100|[from] item: Leftovers
|upkeep
|turn|5
|
|t:|1783567614
|switch|p1b: Aegislash|Aegislash, L50, F|81/100
|move|p2a: Grimmsnarl|Light Screen|p2a: Grimmsnarl
|-sidestart|p2: dasbgedasb|move: Light Screen
|move|p1a: Samurott|Ceaseless Edge|p2b: Sinistcha
|-supereffective|p2b: Sinistcha|1
|-damage|p2b: Sinistcha|8/100
|-sidestart|p2: dasbgedasb|Spikes
|move|p2b: Sinistcha|Life Dew|p2b: Sinistcha|[spread] p2a,p2b
|-heal|p2a: Grimmsnarl|91/100
|-heal|p2b: Sinistcha|34/100
|
|-heal|p2a: Grimmsnarl|97/100|[from] item: Leftovers
|upkeep
|turn|6
|inactive|sturmkitten69 has 30 seconds left.
|
|t:|1783567645
|move|p2a: Grimmsnarl|Parting Shot|p1b: Aegislash
|-unboost|p1b: Aegislash|atk|1
|-unboost|p1b: Aegislash|spa|1
|
|t:|1783567651
|switch|p2a: Raichu|Raichu, L50, F|100/100|[from] Parting Shot
|-damage|p2a: Raichu|88/100|[from] Spikes
|-formechange|p1b: Aegislash|Aegislash-Blade|
|move|p1b: Aegislash|Shadow Sneak|p2b: Sinistcha
|-supereffective|p2b: Sinistcha|1
|-damage|p2b: Sinistcha|0 fnt
|faint|p2b: Sinistcha
|-damage|p1b: Aegislash|71/100|[from] item: Life Orb
|move|p1a: Samurott|Razor Shell|p2a: Raichu
|-damage|p2a: Raichu|0 fnt
|faint|p2a: Raichu
|
|upkeep
|
|t:|1783567666
|switch|p2a: Staraptor|Staraptor-Mega, L50, M|54/100
|switch|p2b: Grimmsnarl|Grimmsnarl, L50, M|97/100
|-damage|p2b: Grimmsnarl|84/100|[from] Spikes
|turn|7
|inactive|sturmkitten69 has 30 seconds left.
|inactive|sturmkitten69 has 20 seconds left.
|
|t:|1783567702
|switch|p1a: Sableye|Sableye, L50, F|14/100
|move|p2b: Grimmsnarl|Fake Out|p1a: Sableye
|-immune|p1a: Sableye
|move|p2a: Staraptor|Roost|p2a: Staraptor
|-heal|p2a: Staraptor|100/100
|-singleturn|p2a: Staraptor|move: Roost
|move|p1b: Aegislash|Iron Head|p2b: Grimmsnarl
|-supereffective|p2b: Grimmsnarl|1
|-damage|p2b: Grimmsnarl|0 fnt
|faint|p2b: Grimmsnarl
|-damage|p1b: Aegislash|62/100|[from] item: Life Orb
|
|upkeep
|turn|8
|l|☆sturmkitten69
|inactive|sturmkitten69 disconnected and has a minute to reconnect!
|player|p1|
|inactive|sturmkitten69 has 30 seconds left.
|inactive|sturmkitten69 has 20 seconds left.
|j|☆sturmkitten69
|inactive|sturmkitten69 reconnected and has 20 seconds left.
|player|p1|sturmkitten69|fisherman-gen4|
|inactive|sturmkitten69 has 15 seconds left.
|inactive|sturmkitten69 has 10 seconds left.
|inactive|sturmkitten69 has 5 seconds left.
|
|t:|1783567756
|move|p1a: Sableye|Encore|p2a: Staraptor
|-start|p2a: Staraptor|Encore
|move|p2a: Staraptor|Roost||[still]
|-fail|p2a: Staraptor|heal
|move|p1b: Aegislash|Sacred Sword|p2a: Staraptor
|-resisted|p2a: Staraptor|1
|-damage|p2a: Staraptor|84/100
|-damage|p1b: Aegislash|52/100|[from] item: Life Orb
|
|-sideend|p1: sturmkitten69|Reflect
|upkeep
|turn|9
|
|t:|1783567770
|switch|p1b: Meganium|Meganium-Mega, L50, F|13/100
|move|p1a: Sableye|Reflect|p1a: Sableye
|-sidestart|p1: sturmkitten69|Reflect
|move|p2a: Staraptor|Roost|p2a: Staraptor
|-heal|p2a: Staraptor|100/100
|-singleturn|p2a: Staraptor|move: Roost
|
|-sideend|p2: dasbgedasb|move: Light Screen
|upkeep
|turn|10
|
|t:|1783567784
|switch|p1a: Aegislash|Aegislash, L50, F|52/100
|move|p2a: Staraptor|Roost||[still]
|-fail|p2a: Staraptor|heal
|move|p1b: Meganium|Dazzling Gleam|p2a: Staraptor
|-supereffective|p2a: Staraptor|1
|-damage|p2a: Staraptor|21/100
|
|-end|p2a: Staraptor|Encore
|-sideend|p1: sturmkitten69|move: Light Screen
|upkeep
|turn|11
|inactive|sturmkitten69 has 30 seconds left.
|
|t:|1783567811
|move|p2a: Staraptor|Close Combat|p1b: Meganium
|-resisted|p1b: Meganium|1
|-damage|p1b: Meganium|0 fnt
|-boost|p2a: Staraptor|def|1
|-boost|p2a: Staraptor|spd|1
|faint|p1b: Meganium
|-formechange|p1a: Aegislash|Aegislash-Blade|
|move|p1a: Aegislash|Iron Head|p2a: Staraptor
|-damage|p2a: Staraptor|0 fnt
|faint|p2a: Staraptor
|-damage|p1a: Aegislash|43/100|[from] item: Life Orb
|
|win|sturmkitten69
|raw|sturmkitten69's rating: 1043 → 1080(+37 for winning)
|raw|dasbgedasb's rating: 1080 → 1056(-24 for losing)
|l|☆dasbgedasb
|player|p2|
