|j|☆hytgogogo
|j|☆Il Mule
|html|hytgogogoIl Mule    
|uhtml|bestof|Game 2 of a best-of-3
|t:|1756294345
|gametype|doubles
|player|p1|hytgogogo|2|1582
|player|p2|Il Mule|salvatore|1455
|gen|9
|tier|[Gen 9] VGC 2025 Reg H (Bo3)
|rated|
|rule|Species Clause: Limit one of each Pokémon
|rule|Item Clause: Limit 1 of each item
|clearpoke
|poke|p1|Dragonite, L50, F|
|poke|p1|Annihilape, L50, M|
|poke|p1|Electabuzz, L50, M|
|poke|p1|Gholdengo, L50|
|poke|p1|Ursaluna, L50, F|
|poke|p1|Incineroar, L50, F|
|poke|p2|Corviknight, L50, M|
|poke|p2|Garchomp, L50, M|
|poke|p2|Tyranitar, L50, M|
|poke|p2|Gholdengo, L50|
|poke|p2|Sneasler, L50, M|
|poke|p2|Incineroar, L50, M|
|teampreview|4
|showteam|p1|Dragonite||LoadedDice|Multiscale|ScaleShot,Tailwind,Haze,Protect|||F|||50|,,,,,Steel]Annihilape||SafetyGoggles|Defiant|CloseCombat,FinalGambit,RageFist,Coaching|||M|||50|,,,,,Steel]Electabuzz||Eviolite|VitalSpirit|Electroweb,FollowMe,Taunt,Protect|||M|||50|,,,,,Dragon]Gholdengo||LifeOrb|GoodasGold|MakeItRain,ShadowBall,NastyPlot,Protect||||||50|,,,,,Water]Ursaluna||FlameOrb|Guts|Facade,Earthquake,HeadlongRush,Protect|||F|||50|,,,,,Ghost]Incineroar||AssaultVest|Intimidate|FakeOut,FlareBlitz,KnockOff,Uturn|||F|||50|,,,,,Grass
|showteam|p2|Corviknight||CovertCloak|MirrorArmor|BraveBird,Taunt,Roost,Tailwind|||M|||50|,,,,,Dragon]Garchomp||ClearAmulet|RoughSkin|Earthquake,DragonClaw,StompingTantrum,Protect|||M|||50|,,,,,Steel]Tyranitar||AssaultVest|SandStream|RockSlide,KnockOff,TeraBlast,LowKick|||M|||50|,,,,,Flying]Gholdengo||LifeOrb|GoodasGold|MakeItRain,ShadowBall,NastyPlot,Protect||||||50|,,,,,Water]Sneasler||WhiteHerb|Unburden|DireClaw,CloseCombat,Coaching,Protect|||M|||50|,,,,,Ghost]Incineroar||SitrusBerry|Intimidate|FlareBlitz,WillOWisp,PartingShot,FakeOut|||M|||50|,,,,,Grass
|j| adult only
|
|t:|1756294390
|teamsize|p1|4
|teamsize|p2|4
|start
|switch|p1a: Annihilape|Annihilape, L50, M|100/100
|switch|p1b: Dragonite|Dragonite, L50, F|100/100
|switch|p2a: Sneasler|Sneasler, L50, M|100/100
|switch|p2b: Garchomp|Garchomp, L50, M|100/100
|turn|1
|
|t:|1756294405
|-terastallize|p2b: Garchomp|Steel
|move|p1b: Dragonite|Protect|p1b: Dragonite
|-singleturn|p1b: Dragonite|Protect
|move|p2a: Sneasler|Coaching|p2b: Garchomp
|-boost|p2b: Garchomp|atk|1
|-boost|p2b: Garchomp|def|1
|move|p2b: Garchomp|Dragon Claw|p1a: Annihilape
|-damage|p1a: Annihilape|38/100
|move|p1a: Annihilape|Coaching|p1b: Dragonite
|-boost|p1b: Dragonite|atk|1
|-boost|p1b: Dragonite|def|1
|
|upkeep
|turn|2
|
|t:|1756294437
|-terastallize|p1b: Dragonite|Steel
|move|p2a: Sneasler|Close Combat|p1b: Dragonite
|-supereffective|p1b: Dragonite
|-damage|p1b: Dragonite|59/100
|-unboost|p2a: Sneasler|def|1
|-unboost|p2a: Sneasler|spd|1
|-enditem|p2a: Sneasler|White Herb
|-clearnegativeboost|p2a: Sneasler|[silent]
|move|p2b: Garchomp|Dragon Claw|p1b: Dragonite
|-resisted|p1b: Dragonite
|-damage|p1b: Dragonite|36/100
|move|p1a: Annihilape|Coaching|p1b: Dragonite
|-boost|p1b: Dragonite|atk|1
|-boost|p1b: Dragonite|def|1
|move|p1b: Dragonite|Scale Shot|p2a: Sneasler
|-damage|p2a: Sneasler|57/100
|-damage|p2a: Sneasler|11/100
|-damage|p2a: Sneasler|0 fnt
|faint|p2a: Sneasler
|-hitcount|p2: Sneasler|3
|-unboost|p1b: Dragonite|def|1
|-boost|p1b: Dragonite|spe|1
|
|upkeep
|c| adult only|i ragazzi del coaching
|
|t:|1756294457
|switch|p2a: Incineroar|Incineroar, L50, M|100/100
|-ability|p2a: Incineroar|Intimidate|boost
|-unboost|p1a: Annihilape|atk|1
|-ability|p1a: Annihilape|Defiant|boost
|-boost|p1a: Annihilape|atk|2
|-unboost|p1b: Dragonite|atk|1
|turn|3
|c|☆Il Mule|qualcuno direbbe forfait
|j| procioni proni
|
|t:|1756294491
|switch|p2a: Corviknight|Corviknight, L50, M, shiny|100/100
|move|p1b: Dragonite|Tailwind|p1b: Dragonite
|-sidestart|p1: hytgogogo|move: Tailwind
|move|p1a: Annihilape|Close Combat|p2b: Garchomp
|-supereffective|p2b: Garchomp
|-damage|p2b: Garchomp|9/100
|-unboost|p1a: Annihilape|def|1
|-unboost|p1a: Annihilape|spd|1
|-damage|p1a: Annihilape|26/100|[from] ability: Rough Skin|[of] p2b: Garchomp
|move|p2b: Garchomp|Earthquake|p1a: Annihilape|[spread] p1a,p1b
|-immune|p2a: Corviknight
|-supereffective|p1b: Dragonite
|-damage|p1a: Annihilape|0 fnt
|-damage|p1b: Dragonite|0 fnt
|faint|p1a: Annihilape
|faint|p1b: Dragonite
|
|upkeep
|
|t:|1756294499
|switch|p1a: Electabuzz|Electabuzz, L50, M|100/100
|switch|p1b: Ursaluna|Ursaluna, L50, F|100/100
|turn|4
|c| adult only|ma ha retto
|c|☆Il Mule|vabbè è persa
|
|t:|1756294516
|switch|p2a: Incineroar|Incineroar, L50, M|100/100
|-ability|p2a: Incineroar|Intimidate|boost
|-unboost|p1a: Electabuzz|atk|1
|-unboost|p1b: Ursaluna|atk|1
|move|p2b: Garchomp|Protect|p2b: Garchomp
|-singleturn|p2b: Garchomp|Protect
|move|p1a: Electabuzz|Taunt|p2a: Incineroar
|-start|p2a: Incineroar|move: Taunt
|move|p1b: Ursaluna|Headlong Rush|p2b: Garchomp
|-activate|p2b: Garchomp|move: Protect
|
|-status|p1b: Ursaluna|brn|[from] item: Flame Orb
|upkeep
|turn|5
|c| adult only|dici
|c| adult only|si
|c| adult only|abbastanza
|
|t:|1756294554
|move|p2a: Incineroar|Fake Out|p1b: Ursaluna
|-damage|p1b: Ursaluna|91/100 brn
|move|p1a: Electabuzz|Electroweb|p2b: Garchomp|[spread] p2a,p2b
|-damage|p2a: Incineroar|90/100
|-damage|p2b: Garchomp|0 fnt
|-unboost|p2a: Incineroar|spe|1
|faint|p2b: Garchomp
|cant|p1b: Ursaluna|flinch
|
|-damage|p1b: Ursaluna|86/100 brn|[from] brn
|upkeep
|c| adult only|magari eviti web
|
|t:|1756294561
|switch|p2b: Corviknight|Corviknight, L50, M, shiny|100/100
|turn|6
|
|t:|1756294586
|move|p1a: Electabuzz|Follow Me|p1a: Electabuzz
|-singleturn|p1a: Electabuzz|move: Follow Me
|move|p1b: Ursaluna|Headlong Rush|p2a: Incineroar
|-supereffective|p2a: Incineroar
|-damage|p2a: Incineroar|0 fnt
|-unboost|p1b: Ursaluna|def|1
|-unboost|p1b: Ursaluna|spd|1
|faint|p2a: Incineroar
|move|p2b: Corviknight|Tailwind|p2b: Corviknight
|-sidestart|p2: Il Mule|move: Tailwind
|
|-damage|p1b: Ursaluna|80/100 brn|[from] brn
|-sideend|p1: hytgogogo|move: Tailwind
|upkeep
|turn|7
|-message|Il Mule forfeited.
|
|win|hytgogogo
|raw|hytgogogo's rating: 1582 → 1595(+13 for winning)
|raw|Il Mule's rating: 1455 → 1442(-13 for losing)
|l|☆Il Mule
|player|p2|
|c|☆hytgogogo|ggs
|l| adult only
|l| procioni proni
|l|☆hytgogogo
|player|p1|
|j|☆hytgogogo
|player|p1|hytgogogo|2|
