|j|☆Zengikk
|j|☆Diegoelsocorrista
|html|ZengikkDiegoelsocorrista    
|uhtml|bestof|Game 2 of a best-of-3
|t:|1757790633
|gametype|doubles
|player|p1|Zengikk|giovanni|1169
|player|p2|Diegoelsocorrista|blaine|1094
|gen|9
|tier|[Gen 9] VGC 2025 Reg H (Bo3)
|rated|
|rule|Species Clause: Limit one of each Pokémon
|rule|Item Clause: Limit 1 of each item
|clearpoke
|poke|p1|Milotic, L50, F|
|poke|p1|Tyranitar, L50, M|
|poke|p1|Talonflame, L50, F|
|poke|p1|Garchomp, L50, M|
|poke|p1|Amoonguss, L50, F|
|poke|p1|Gholdengo, L50|
|poke|p2|Archaludon, L50, M|
|poke|p2|Rillaboom, L50, M|
|poke|p2|Basculegion, L50, M|
|poke|p2|Kingambit, L50, M|
|poke|p2|Pelipper, L50, M|
|poke|p2|Electabuzz, L50, M|
|teampreview|4
|showteam|p1|Milotic||SafetyGoggles|Competitive|Scald,IcyWind,Haze,Protect|||F|||50|,,,,,Dragon]Tyranitar||AssaultVest|SandStream|RockSlide,KnockOff,LowKick,TeraBlast|||M|||50|,,,,,Flying]Talonflame||CovertCloak|GaleWings|BraveBird,Tailwind,WillOWisp,Taunt|||F|||50|,,,,,Ghost]Garchomp||LifeOrb|RoughSkin|Protect,StompingTantrum,Earthquake,DragonClaw|||M|||50|,,,,,Steel]Amoonguss||SitrusBerry|Regenerator|Protect,RagePowder,Spore,PollenPuff|||F|||50|,,,,,Water]Gholdengo||ChoiceSpecs|GoodasGold|MakeItRain,ShadowBall,Thunderbolt,Trick||||||50|,,,,,Flying
|showteam|p2|Archaludon||AssaultVest|Stamina|ElectroShot,DracoMeteor,FlashCannon,BodyPress|||M|||50|,,,,,Fairy]Rillaboom||LoadedDice|GrassySurge|BulletSeed,GrassyGlide,FakeOut,Uturn|||M|||50|,,,,,Fire]Basculegion||ChoiceBand|SwiftSwim|WaveCrash,LastRespects,FlipTurn,AquaJet|||M|||50|,,,,,Grass]Kingambit||BlackGlasses|Defiant|KowtowCleave,SuckerPunch,SwordsDance,Protect|||M|||50|,,,,,Dark]Pelipper||FocusSash|Drizzle|WeatherBall,Hurricane,Tailwind,Protect|||M|||50|,,,,,Ghost]Electabuzz||Eviolite|VitalSpirit|Electroweb,Taunt,FollowMe,Protect|||M|||50|,,,,,Ghost
|inactive|Battle timer is ON: inactive players will automatically lose when time's up. (requested by Zengikk)
|
|t:|1757790661
|teamsize|p1|4
|teamsize|p2|4
|start
|switch|p1a: Talonflame|Talonflame, L50, F, shiny|100/100
|switch|p1b: Gholdengo|Gholdengo, L50|100/100
|switch|p2a: Kingambit|Kingambit, L50, M, shiny|100/100
|switch|p2b: Electabuzz|Electabuzz, L50, M|100/100
|turn|1
|
|t:|1757790682
|switch|p1b: Tyranitar|Tyranitar, L50, M, shiny|100/100
|-weather|Sandstorm|[from] ability: Sand Stream|[of] p1b: Tyranitar
|move|p2b: Electabuzz|Follow Me|p2b: Electabuzz
|-singleturn|p2b: Electabuzz|move: Follow Me
|move|p1a: Talonflame|Will-O-Wisp|p2b: Electabuzz
|-status|p2b: Electabuzz|brn
|move|p2a: Kingambit|Swords Dance|p2a: Kingambit
|-boost|p2a: Kingambit|atk|2
|
|-weather|Sandstorm|[upkeep]
|-damage|p1a: Talonflame|95/100|[from] Sandstorm
|-damage|p2b: Electabuzz|95/100 brn|[from] Sandstorm
|-damage|p2b: Electabuzz|89/100 brn|[from] brn
|upkeep
|turn|2
|inactive|Zengikk has 30 seconds left.
|inactive|Zengikk has 20 seconds left.
|inactive|Zengikk has 15 seconds left.
|inactive|Zengikk has 10 seconds left.
|
|t:|1757790728
|-terastallize|p1b: Tyranitar|Flying
|move|p2b: Electabuzz|Follow Me|p2b: Electabuzz
|-singleturn|p2b: Electabuzz|move: Follow Me
|move|p1a: Talonflame|Taunt|p2b: Electabuzz
|-start|p2b: Electabuzz|move: Taunt
|move|p1b: Tyranitar|Low Kick|p2b: Electabuzz
|-damage|p2b: Electabuzz|72/100 brn
|move|p2a: Kingambit|Kowtow Cleave|p1a: Talonflame
|-damage|p1a: Talonflame|0 fnt
|faint|p1a: Talonflame
|
|-weather|Sandstorm|[upkeep]
|-damage|p2b: Electabuzz|67/100 brn|[from] Sandstorm
|-damage|p1b: Tyranitar|95/100|[from] Sandstorm
|-damage|p2b: Electabuzz|61/100 brn|[from] brn
|upkeep
|
|t:|1757790746
|switch|p1a: Milotic|Milotic, L50, F, shiny|100/100
|turn|3
|
|t:|1757790768
|-terastallize|p2a: Kingambit|Dark
|move|p2b: Electabuzz|Electroweb|p1a: Milotic|[spread] p1a,p1b
|-supereffective|p1a: Milotic
|-supereffective|p1b: Tyranitar
|-damage|p1a: Milotic|77/100
|-damage|p1b: Tyranitar|75/100
|-unboost|p1a: Milotic|spe|1
|-ability|p1a: Milotic|Competitive|boost
|-boost|p1a: Milotic|spa|2
|-unboost|p1b: Tyranitar|spe|1
|move|p2a: Kingambit|Kowtow Cleave|p1a: Milotic
|-damage|p1a: Milotic|0 fnt
|faint|p1a: Milotic
|move|p1b: Tyranitar|Low Kick|p2a: Kingambit
|-supereffective|p2a: Kingambit
|-damage|p2a: Kingambit|40/100
|
|-weather|Sandstorm|[upkeep]
|-damage|p2b: Electabuzz|55/100 brn|[from] Sandstorm
|-damage|p2a: Kingambit|34/100|[from] Sandstorm
|-damage|p1b: Tyranitar|69/100|[from] Sandstorm
|-damage|p2b: Electabuzz|49/100 brn|[from] brn
|upkeep
|
|t:|1757790787
|switch|p1a: Gholdengo|Gholdengo, L50|100/100
|turn|4
|
|t:|1757790795
|move|p2a: Kingambit|Protect|p2a: Kingambit
|-singleturn|p2a: Kingambit|Protect
|move|p1a: Gholdengo|Make It Rain|p2b: Electabuzz|[spread] p2b
|-activate|p2a: Kingambit|move: Protect
|-resisted|p2b: Electabuzz
|-damage|p2b: Electabuzz|22/100 brn
|-unboost|p1a: Gholdengo|spa|1
|move|p2b: Electabuzz|Electroweb|p1b: Tyranitar|[spread] p1a
|-miss|p2b: Electabuzz|p1b: Tyranitar
|-damage|p1a: Gholdengo|84/100
|-unboost|p1a: Gholdengo|spe|1
|move|p1b: Tyranitar|Rock Slide|p2b: Electabuzz|[spread] p2b
|-activate|p2a: Kingambit|move: Protect
|-damage|p2b: Electabuzz|0 fnt
|faint|p2b: Electabuzz
|
|-weather|Sandstorm|[upkeep]
|-damage|p2a: Kingambit|28/100|[from] Sandstorm
|-damage|p1b: Tyranitar|63/100|[from] Sandstorm
|upkeep
|
|t:|1757790812
|switch|p2b: Pelipper|Pelipper, L50, M|100/100
|-weather|RainDance|[from] ability: Drizzle|[of] p2b: Pelipper
|turn|5
|
|t:|1757790822
|move|p2a: Kingambit|Sucker Punch|p1b: Tyranitar
|-damage|p1b: Tyranitar|0 fnt
|faint|p1b: Tyranitar
|move|p2b: Pelipper|Tailwind|p2b: Pelipper
|-sidestart|p2: Diegoelsocorrista|move: Tailwind
|move|p1a: Gholdengo|Make It Rain|p2b: Pelipper|[spread] p2a,p2b
|-resisted|p2b: Pelipper
|-damage|p2a: Kingambit|0 fnt
|-damage|p2b: Pelipper|59/100
|-unboost|p1a: Gholdengo|spa|1
|faint|p2a: Kingambit
|
|-weather|RainDance|[upkeep]
|upkeep
|
|t:|1757790830
|switch|p2a: Rillaboom|Rillaboom, L50, M|100/100
|-fieldstart|move: Grassy Terrain|[from] ability: Grassy Surge|[of] p2a: Rillaboom
|turn|6
|
|t:|1757790842
|move|p2a: Rillaboom|Bullet Seed|p1a: Gholdengo
|-resisted|p1a: Gholdengo
|-damage|p1a: Gholdengo|75/100
|-resisted|p1a: Gholdengo
|-damage|p1a: Gholdengo|65/100
|-resisted|p1a: Gholdengo
|-damage|p1a: Gholdengo|54/100
|-resisted|p1a: Gholdengo
|-damage|p1a: Gholdengo|44/100
|-hitcount|p1a: Gholdengo|4
|move|p2b: Pelipper|Weather Ball|p1a: Gholdengo
|-damage|p1a: Gholdengo|0 fnt
|faint|p1a: Gholdengo
|
|win|Diegoelsocorrista
|raw|Zengikk's rating: 1169 → 1139(-30 for losing)
|raw|Diegoelsocorrista's rating: 1094 → 1125(+31 for winning)
