|j|☆LuizVGC
|j|☆jmbasson
|html|LuizVGCjmbasson    
|uhtml|bestof|Game 3 of a best-of-3
|t:|1756771262
|gametype|doubles
|player|p1|LuizVGC|101|1101
|player|p2|jmbasson|elesa|1219
|gen|9
|tier|[Gen 9] VGC 2025 Reg H (Bo3)
|rated|
|rule|Species Clause: Limit one of each Pokémon
|rule|Item Clause: Limit 1 of each item
|clearpoke
|poke|p1|Annihilape, L50, F|
|poke|p1|Sneasler, L50, F|
|poke|p1|Dragonite, L50, M|
|poke|p1|Indeedee, L50, M|
|poke|p1|Ninetales-Alola, L50, F|
|poke|p1|Garchomp, L50, M|
|poke|p2|Electabuzz, L50, M|
|poke|p2|Kingambit, L50, F|
|poke|p2|Volcarona, L50, F|
|poke|p2|Dragonite, L50, M|
|poke|p2|Sneasler, L50, F|
|poke|p2|Rillaboom, L50, F|
|teampreview|4
|showteam|p1|Annihilape||ChoiceScarf|Defiant|FinalGambit,CloseCombat,Coaching,Uturn|||F|||50|,,,,,Flying]Sneasler||PsychicSeed|Unburden|Protect,ThroatChop,DireClaw,CloseCombat|||F|||50|,,,,,Dark]Dragonite||LoadedDice|Multiscale|ScaleShot,Haze,Protect,StompingTantrum|||M|||50|,,,,,Fairy]Indeedee||FocusSash|PsychicSurge|ExpandingForce,HelpingHand,TrickRoom,Imprison|||M|||50|,,,,,Fairy]Ninetales-Alola||NeverMeltIce|SnowWarning|Blizzard,Protect,Encore,AuroraVeil|||F|||50|,,,,,Ice]Garchomp||LifeOrb|RoughSkin|Protect,Earthquake,DragonClaw,StompingTantrum|||M|||50|,,,,,Steel
|showteam|p2|Electabuzz||Eviolite|VitalSpirit|FollowMe,Thunderbolt,Taunt,Protect|||M|||50|,,,,,Ghost]Kingambit||BlackGlasses|Defiant|KowtowCleave,SuckerPunch,SwordsDance,Protect|||F|||50|,,,,,Dark]Volcarona||Leftovers|FlameBody|HeatWave,TeraBlast,QuiverDance,Protect|||F|||50|,,,,,Fairy]Dragonite||LoadedDice|Multiscale|ScaleShot,ExtremeSpeed,Haze,Protect|||M|||50|,,,,,Fairy]Sneasler||FocusSash|Unburden|DireClaw,CloseCombat,Coaching,FakeOut|||F|||50|,,,,,Stellar]Rillaboom||AssaultVest|GrassySurge|FakeOut,WoodHammer,GrassyGlide,HighHorsepower|||F|||50|,,,,,Fire
|
|t:|1756771290
|teamsize|p1|4
|teamsize|p2|4
|start
|switch|p1a: Annihilape|Annihilape, L50, F|100/100
|switch|p1b: Dragonite|Dragonite, L50, M|100/100
|switch|p2a: Electabuzz|Electabuzz, L50, M|100/100
|switch|p2b: Volcarona|Volcarona, L50, F|100/100
|turn|1
|
|t:|1756771318
|move|p2a: Electabuzz|Follow Me|p2a: Electabuzz
|-singleturn|p2a: Electabuzz|move: Follow Me
|move|p1a: Annihilape|Final Gambit|p2a: Electabuzz
|-damage|p2a: Electabuzz|0 fnt
|faint|p1a: Annihilape
|faint|p2a: Electabuzz
|move|p2b: Volcarona|Quiver Dance|p2b: Volcarona
|-boost|p2b: Volcarona|spa|1
|-boost|p2b: Volcarona|spd|1
|-boost|p2b: Volcarona|spe|1
|move|p1b: Dragonite|Stomping Tantrum|p2b: Volcarona
|-damage|p2b: Volcarona|70/100
|-status|p1b: Dragonite|brn|[from] ability: Flame Body|[of] p2b: Volcarona
|
|-heal|p2b: Volcarona|77/100|[from] item: Leftovers
|-damage|p1b: Dragonite|94/100 brn|[from] brn
|upkeep
|
|t:|1756771337
|switch|p1a: Sneasler|Sneasler, L50, F|100/100
|switch|p2a: Kingambit|Kingambit, L50, F|100/100
|turn|2
|inactive|Battle timer is ON: inactive players will automatically lose when time's up. (requested by jmbasson)
|inactive|jmbasson has 60 seconds left.
|
|t:|1756771374
|move|p2b: Volcarona|Protect|p2b: Volcarona
|-singleturn|p2b: Volcarona|Protect
|move|p1a: Sneasler|Protect|p1a: Sneasler
|-singleturn|p1a: Sneasler|Protect
|move|p2a: Kingambit|Protect|p2a: Kingambit
|-singleturn|p2a: Kingambit|Protect
|move|p1b: Dragonite|Haze|p1b: Dragonite
|-clearallboost
|
|-heal|p2b: Volcarona|83/100|[from] item: Leftovers
|-damage|p1b: Dragonite|88/100 brn|[from] brn
|upkeep
|turn|3
|
|t:|1756771395
|switch|p1b: Indeedee|Indeedee, L50, M|100/100
|-fieldstart|move: Psychic Terrain|[from] ability: Psychic Surge|[of] p1b: Indeedee
|-enditem|p1a: Sneasler|Psychic Seed
|-boost|p1a: Sneasler|spd|1|[from] item: Psychic Seed
|-terastallize|p2a: Kingambit|Dark
|move|p2a: Kingambit|Sucker Punch|p1a: Sneasler
|-activate|p1a: Sneasler|move: Psychic Terrain
|move|p1a: Sneasler|Close Combat|p2a: Kingambit
|-supereffective|p2a: Kingambit
|-damage|p2a: Kingambit|11/100
|-unboost|p1a: Sneasler|def|1
|-unboost|p1a: Sneasler|spd|1
|move|p2b: Volcarona|Heat Wave|p1b: Indeedee|[spread] p1a,p1b
|-damage|p1a: Sneasler|57/100
|-damage|p1b: Indeedee|54/100
|
|-heal|p2b: Volcarona|89/100|[from] item: Leftovers
|upkeep
|turn|4
|
|t:|1756771417
|switch|p2b: Rillaboom|Rillaboom, L50, F|100/100
|-fieldstart|move: Grassy Terrain|[from] ability: Grassy Surge|[of] p2b: Rillaboom
|move|p1a: Sneasler|Throat Chop|p2a: Kingambit
|-resisted|p2a: Kingambit
|-damage|p2a: Kingambit|0 fnt
|faint|p2a: Kingambit
|move|p1b: Indeedee|Expanding Force|p2b: Rillaboom
|-damage|p2b: Rillaboom|75/100
|
|-heal|p1a: Sneasler|63/100|[from] Grassy Terrain
|-heal|p1b: Indeedee|60/100|[from] Grassy Terrain
|-heal|p2b: Rillaboom|81/100|[from] Grassy Terrain
|upkeep
|
|t:|1756771425
|switch|p2a: Volcarona|Volcarona, L50, F|89/100
|turn|5
|
|t:|1756771444
|switch|p1b: Dragonite|Dragonite, L50, M|88/100 brn
|move|p1a: Sneasler|Protect|p1a: Sneasler
|-singleturn|p1a: Sneasler|Protect
|move|p2b: Rillaboom|Fake Out|p1a: Sneasler
|-activate|p1a: Sneasler|move: Protect
|move|p2a: Volcarona|Heat Wave|p1b: Dragonite|[spread] p1b
|-activate|p1a: Sneasler|move: Protect
|-resisted|p1b: Dragonite
|-damage|p1b: Dragonite|72/100 brn
|
|-heal|p1a: Sneasler|69/100|[from] Grassy Terrain
|-heal|p2a: Volcarona|95/100|[from] Grassy Terrain
|-heal|p2a: Volcarona|100/100|[from] item: Leftovers
|-heal|p2b: Rillaboom|87/100|[from] Grassy Terrain
|-damage|p1b: Dragonite|66/100 brn|[from] brn
|upkeep
|turn|6
|
|t:|1756771464
|switch|p1b: Indeedee|Indeedee, L50, M|60/100
|-fieldstart|move: Psychic Terrain|[from] ability: Psychic Surge|[of] p1b: Indeedee
|move|p1a: Sneasler|Dire Claw|p2b: Rillaboom
|-supereffective|p2b: Rillaboom
|-damage|p2b: Rillaboom|8/100
|move|p2a: Volcarona|Heat Wave|p1b: Indeedee|[spread] p1a,p1b
|-damage|p1a: Sneasler|28/100
|-damage|p1b: Indeedee|8/100
|move|p2b: Rillaboom|High Horsepower|p1a: Sneasler
|-supereffective|p1a: Sneasler
|-damage|p1a: Sneasler|0 fnt
|faint|p1a: Sneasler
|
|upkeep
|
|t:|1756771480
|switch|p1a: Dragonite|Dragonite, L50, M|66/100 brn
|turn|7
|
|t:|1756771488
|move|p1b: Indeedee|Expanding Force|p2b: Rillaboom|[spread] p2a,p2b
|-damage|p2a: Volcarona|50/100
|-damage|p2b: Rillaboom|0 fnt
|faint|p2b: Rillaboom
|move|p2a: Volcarona|Heat Wave|p1a: Dragonite|[spread] p1a,p1b
|-resisted|p1a: Dragonite
|-crit|p1a: Dragonite
|-damage|p1a: Dragonite|44/100 brn
|-damage|p1b: Indeedee|0 fnt
|faint|p1b: Indeedee
|move|p1a: Dragonite|Scale Shot|p2a: Volcarona
|-damage|p2a: Volcarona|43/100
|-damage|p2a: Volcarona|37/100
|-damage|p2a: Volcarona|29/100
|-damage|p2a: Volcarona|21/100
|-hitcount|p2a: Volcarona|4
|-unboost|p1a: Dragonite|def|1
|-boost|p1a: Dragonite|spe|1
|
|-heal|p2a: Volcarona|28/100|[from] item: Leftovers
|-damage|p1a: Dragonite|38/100 brn|[from] brn
|upkeep
|turn|8
|
|t:|1756771508
|move|p2a: Volcarona|Protect|p2a: Volcarona
|-singleturn|p2a: Volcarona|Protect
|move|p1a: Dragonite|Scale Shot|p2a: Volcarona
|-activate|p2a: Volcarona|move: Protect
|
|-heal|p2a: Volcarona|34/100|[from] item: Leftovers
|-damage|p1a: Dragonite|32/100 brn|[from] brn
|upkeep
|turn|9
|
|t:|1756771521
|move|p2a: Volcarona|Protect||[still]
|-fail|p2a: Volcarona
|move|p1a: Dragonite|Scale Shot|p2a: Volcarona
|-damage|p2a: Volcarona|27/100
|-damage|p2a: Volcarona|19/100
|-damage|p2a: Volcarona|12/100
|-damage|p2a: Volcarona|6/100
|-damage|p2a: Volcarona|0 fnt
|faint|p2a: Volcarona
|-hitcount|p2: Volcarona|5
|
|win|LuizVGC
|raw|LuizVGC's rating: 1101 → 1134(+33 for winning)
|raw|jmbasson's rating: 1219 → 1186(-33 for losing)
|l|☆jmbasson
|player|p2|
