|j|☆Davirate
|j|☆sbhaga34
|html|Daviratesbhaga34    
|uhtml|bestof|Game 2 of a best-of-3
|t:|1756950967
|gametype|doubles
|player|p1|Davirate|steven-masters2|1253
|player|p2|sbhaga34|hugh|1268
|gen|9
|tier|[Gen 9] VGC 2025 Reg H (Bo3)
|rated|
|rule|Species Clause: Limit one of each Pokémon
|rule|Item Clause: Limit 1 of each item
|clearpoke
|poke|p1|Garchomp, L50, F|
|poke|p1|Gholdengo, L50|
|poke|p1|Tyranitar, L50, F|
|poke|p1|Talonflame, L50, M|
|poke|p1|Sinistcha, L50|
|poke|p1|Milotic, L50, M|
|poke|p2|Indeedee-F, L50, F|
|poke|p2|Talonflame, L50, M|
|poke|p2|Tyranitar, L50, F|
|poke|p2|Excadrill, L50, M|
|poke|p2|Gardevoir, L50, F|
|poke|p2|Annihilape, L50, M|
|teampreview|4
|showteam|p1|Garchomp||LifeOrb|RoughSkin|Earthquake,DragonClaw,StompingTantrum,Protect|||F|||50|,,,,,Fairy]Gholdengo||ChoiceSpecs|GoodasGold|MakeItRain,ShadowBall,Thunderbolt,PowerGem||||||50|,,,,,Steel]Tyranitar||AssaultVest|SandStream|RockSlide,KnockOff,TeraBlast,LowKick|||F|||50|,,,,,Flying]Talonflame||CovertCloak|GaleWings|BraveBird,WillOWisp,Tailwind,Taunt|||M|||50|,,,,,Grass]Sinistcha||SitrusBerry|Hospitality|MatchaGotcha,StrengthSap,RagePowder,TrickRoom||||||50|,,,,,Water]Milotic||SafetyGoggles|Competitive|Scald,IcyWind,Haze,Protect|||M|||50|,,,,,Dragon
|showteam|p2|Indeedee-F||SafetyGoggles|PsychicSurge|FollowMe,TrickRoom,HelpingHand,Psychic|||F|||50|,,,,,Water]Talonflame||CovertCloak|GaleWings|Tailwind,Taunt,BraveBird,Uturn|||M|||50|,,,,,Dark]Tyranitar||WeaknessPolicy|SandStream|RockSlide,KnockOff,LowKick,Protect|||F|||50|,,,,,Flying]Excadrill||FocusSash|SandRush|Earthquake,IronHead,SwordsDance,Protect|||M|||50|,,,,,Ground]Gardevoir||ChoiceScarf|Telepathy|ExpandingForce,DazzlingGleam,Moonblast,IcyWind|||F|||50|,,,,,Psychic]Annihilape||Leftovers|Defiant|FinalGambit,CloseCombat,RageFist,Uturn|||M|||50|,,,,,Stellar
|inactive|Battle timer is ON: inactive players will automatically lose when time's up. (requested by sbhaga34)
|
|t:|1756951007
|teamsize|p1|4
|teamsize|p2|4
|start
|switch|p1a: Talonflame|Talonflame, L50, M|100/100
|switch|p1b: Gholdengo|Gholdengo, L50|100/100
|switch|p2a: Talonflame|Talonflame, L50, M|100/100
|switch|p2b: Tyranitar|Tyranitar, L50, F|100/100
|-weather|Sandstorm|[from] ability: Sand Stream|[of] p2b: Tyranitar
|turn|1
|
|t:|1756951026
|move|p2b: Tyranitar|Protect|p2b: Tyranitar
|-singleturn|p2b: Tyranitar|Protect
|move|p1a: Talonflame|Tailwind|p1a: Talonflame
|-sidestart|p1: Davirate|move: Tailwind
|move|p2a: Talonflame|Tailwind|p2a: Talonflame
|-sidestart|p2: sbhaga34|move: Tailwind
|move|p1b: Gholdengo|Make It Rain|p2b: Tyranitar|[spread] p2a
|-activate|p2b: Tyranitar|move: Protect
|-resisted|p2a: Talonflame
|-damage|p2a: Talonflame|58/100
|-unboost|p1b: Gholdengo|spa|1
|
|-weather|Sandstorm|[upkeep]
|-damage|p1a: Talonflame|95/100|[from] Sandstorm
|-damage|p2a: Talonflame|52/100|[from] Sandstorm
|upkeep
|turn|2
|inactive|sbhaga34 has 30 seconds left.
|
|t:|1756951056
|move|p1a: Talonflame|Will-O-Wisp|p2b: Tyranitar
|-status|p2b: Tyranitar|brn
|move|p2a: Talonflame|U-turn|p1b: Gholdengo
|-resisted|p1b: Gholdengo
|-damage|p1b: Gholdengo|97/100
|
|t:|1756951062
|switch|p2a: Excadrill|Excadrill, L50, M, shiny|100/100|[from] U-turn
|move|p1b: Gholdengo|Make It Rain|p2b: Tyranitar|[spread] p2a,p2b
|-resisted|p2a: Excadrill
|-supereffective|p2b: Tyranitar
|-damage|p2a: Excadrill|73/100
|-damage|p2b: Tyranitar|41/100 brn
|-unboost|p1b: Gholdengo|spa|1
|-enditem|p2b: Tyranitar|Weakness Policy
|-boost|p2b: Tyranitar|atk|2|[from] item: Weakness Policy
|-boost|p2b: Tyranitar|spa|2|[from] item: Weakness Policy
|move|p2b: Tyranitar|Rock Slide|p1a: Talonflame|[spread] p1a
|-miss|p2b: Tyranitar|p1b: Gholdengo
|-supereffective|p1a: Talonflame
|-damage|p1a: Talonflame|0 fnt
|faint|p1a: Talonflame
|
|-weather|Sandstorm|[upkeep]
|-damage|p2b: Tyranitar|35/100 brn|[from] brn
|upkeep
|
|t:|1756951079
|switch|p1a: Sinistcha|Sinistcha, L50|100/100
|-heal|p1b: Gholdengo|100/100|[from] ability: Hospitality|[of] p1a: Sinistcha
|turn|3
|inactive|Davirate has 30 seconds left.
|j| teamthief420
|inactive|Davirate has 20 seconds left.
|
|t:|1756951118
|switch|p1b: Garchomp|Garchomp, L50, F|100/100
|-terastallize|p1a: Sinistcha|Water
|move|p2a: Excadrill|Protect|p2a: Excadrill
|-singleturn|p2a: Excadrill|Protect
|move|p2b: Tyranitar|Knock Off|p1a: Sinistcha
|-damage|p1a: Sinistcha|62/100
|-enditem|p1a: Sinistcha|Sitrus Berry|[from] move: Knock Off|[of] p2b: Tyranitar
|move|p1a: Sinistcha|Strength Sap|p2a: Excadrill
|-activate|p2a: Excadrill|move: Protect
|
|-weather|Sandstorm|[upkeep]
|-damage|p1a: Sinistcha|56/100|[from] Sandstorm
|-damage|p2b: Tyranitar|30/100 brn|[from] brn
|upkeep
|turn|4
|inactive|Davirate has 30 seconds left.
|inactive|sbhaga34 has 30 seconds left.
|l| teamthief420
|inactive|Davirate has 20 seconds left.
|inactive|sbhaga34 has 20 seconds left.
|inactive|Davirate has 15 seconds left.
|inactive|sbhaga34 has 15 seconds left.
|inactive|Davirate has 10 seconds left.
|
|t:|1756951165
|switch|p2b: Gardevoir|Gardevoir, L50, F, shiny|100/100
|-terastallize|p2a: Excadrill|Ground
|move|p2a: Excadrill|Earthquake|p1b: Garchomp|[spread] p1a,p1b
|-activate|p2b: Gardevoir|ability: Telepathy
|-damage|p1a: Sinistcha|15/100
|-damage|p1b: Garchomp|45/100
|move|p1b: Garchomp|Dragon Claw|p2b: Gardevoir
|-immune|p2b: Gardevoir
|move|p1a: Sinistcha|Strength Sap|p2a: Excadrill
|-unboost|p2a: Excadrill|atk|1
|-heal|p1a: Sinistcha|100/100
|
|-weather|Sandstorm|[upkeep]
|-damage|p2b: Gardevoir|95/100|[from] Sandstorm
|-damage|p1a: Sinistcha|94/100|[from] Sandstorm
|-sideend|p1: Davirate|move: Tailwind
|-sideend|p2: sbhaga34|move: Tailwind
|upkeep
|turn|5
|inactive|Davirate has 30 seconds left.
|
|t:|1756951200
|move|p1b: Garchomp|Protect|p1b: Garchomp
|-singleturn|p1b: Garchomp|Protect
|move|p2a: Excadrill|Iron Head|p1a: Sinistcha
|-resisted|p1a: Sinistcha
|-damage|p1a: Sinistcha|84/100
|move|p2b: Gardevoir|Dazzling Gleam|p1a: Sinistcha|[spread] p1a
|-activate|p1b: Garchomp|move: Protect
|-damage|p1a: Sinistcha|48/100
|cant|p1a: Sinistcha|flinch
|
|-weather|none
|upkeep
|turn|6
|inactive|Davirate has 30 seconds left.
|
|t:|1756951233
|move|p2b: Gardevoir|Dazzling Gleam|p1b: Garchomp|[spread] p1a,p1b
|-supereffective|p1b: Garchomp
|-damage|p1a: Sinistcha|14/100
|-damage|p1b: Garchomp|0 fnt
|faint|p1b: Garchomp
|move|p2a: Excadrill|Iron Head|p1a: Sinistcha
|-resisted|p1a: Sinistcha
|-damage|p1a: Sinistcha|2/100
|move|p1a: Sinistcha|Matcha Gotcha|p2b: Gardevoir|[spread] p2a,p2b
|-supereffective|p2a: Excadrill
|-damage|p2a: Excadrill|12/100
|-heal|p1a: Sinistcha|34/100|[from] drain|[of] p2a: Excadrill
|-damage|p2b: Gardevoir|72/100
|-heal|p1a: Sinistcha|44/100|[from] drain|[of] p2b: Gardevoir
|
|upkeep
|
|t:|1756951247
|switch|p1b: Gholdengo|Gholdengo, L50|100/100
|turn|7
|
|t:|1756951263
|move|p2a: Excadrill|Protect|p2a: Excadrill
|-singleturn|p2a: Excadrill|Protect
|move|p2b: Gardevoir|Dazzling Gleam|p1b: Gholdengo|[spread] p1a,p1b
|-resisted|p1b: Gholdengo
|-damage|p1a: Sinistcha|10/100
|-damage|p1b: Gholdengo|83/100
|move|p1b: Gholdengo|Make It Rain|p2b: Gardevoir|[spread] p2b
|-activate|p2a: Excadrill|move: Protect
|-supereffective|p2b: Gardevoir
|-damage|p2b: Gardevoir|0 fnt
|-unboost|p1b: Gholdengo|spa|1
|faint|p2b: Gardevoir
|move|p1a: Sinistcha|Matcha Gotcha|p2a: Excadrill
|-activate|p2a: Excadrill|move: Protect
|
|upkeep
|
|t:|1756951285
|switch|p2b: Talonflame|Talonflame, L50, M|52/100
|turn|8
|
|t:|1756951297
|switch|p2a: Tyranitar|Tyranitar, L50, F|30/100 brn
|-weather|Sandstorm|[from] ability: Sand Stream|[of] p2a: Tyranitar
|move|p2b: Talonflame|Brave Bird|p1a: Sinistcha
|-damage|p1a: Sinistcha|0 fnt
|faint|p1a: Sinistcha
|-damage|p2b: Talonflame|48/100|[from] Recoil
|move|p1b: Gholdengo|Make It Rain|p2b: Talonflame|[spread] p2a,p2b
|-supereffective|p2a: Tyranitar
|-resisted|p2b: Talonflame
|-damage|p2a: Tyranitar|0 fnt
|-damage|p2b: Talonflame|20/100
|-unboost|p1b: Gholdengo|spa|1
|faint|p2a: Tyranitar
|
|-weather|Sandstorm|[upkeep]
|-damage|p2b: Talonflame|14/100|[from] Sandstorm
|upkeep
|
|t:|1756951313
|switch|p2a: Excadrill|Excadrill, L50, M, shiny, tera:Ground|12/100
|turn|9
|
|t:|1756951317
|move|p2a: Excadrill|Earthquake|p1b: Gholdengo|[spread] p1b
|-immune|p2b: Talonflame
|-supereffective|p1b: Gholdengo
|-damage|p1b: Gholdengo|0 fnt
|faint|p1b: Gholdengo
|
|win|sbhaga34
||sbhaga34 is ready for game 3.
