|j|☆piase
|j|☆mrpokemon33
|html|piasemrpokemon33    
|uhtml|bestof|Game 2 of a best-of-3
|t:|1785779367
|gametype|doubles
|player|p1|piase|cynthia-gen4|
|player|p2|mrpokemon33|steven|
|gen|9
|tier|[Gen 9 Champions] VGC 2026 Reg M-B (Bo3)
|rule|Species Clause: Limit one of each Pokémon
|rule|Item Clause: Limit 1 of each item
|clearpoke
|poke|p1|Tsareena, L50, F, shiny|
|poke|p1|Maushold-Four, L50, shiny|
|poke|p1|Floette-Eternal, L50, F|
|poke|p1|Jolteon, L50, F, shiny|
|poke|p1|Dragapult, L50, F, shiny|
|poke|p1|Hawlucha, L50, F, shiny|
|poke|p2|Oranguru, L50, M, shiny|
|poke|p2|Farigiraf, L50, F, shiny|
|poke|p2|Trevenant, L50, M, shiny|
|poke|p2|Drampa, L50, F|
|poke|p2|Incineroar, L50, F, shiny|
|poke|p2|Orthworm, L50, M, shiny|
|teampreview|4
|showteam|p1|Tsareena||OccaBerry|QueenlyMajesty|TripleAxel,RapidSpin,Protect,Taunt|Careful||F|||50|]Maushold-Four||ChopleBerry|FriendGuard|FollowMe,Encore,PopulationBomb,Protect|Jolly|||||50|]Floette-Eternal||Floettite|FlowerVeil|DazzlingGleam,Protect,DrainingKiss,Substitute|Timid||F|||50|]Jolteon||Leftovers|VoltAbsorb|Roar,Yawn,VoltSwitch,Protect|Timid||F|||50|]Dragapult||LifeOrb|ClearBody|DragonDarts,DragonTail,Protect,PhantomForce|Adamant||F|||50|]Hawlucha||Hawluchanite|Limber|Defog,Detect,PoisonJab,HighJumpKick|Adamant||F|||50|
|showteam|p2|Oranguru||MentalHerb|Telepathy|TrickRoom,SkillSwap,FoulPlay,Psychic|Sassy||M|||50|]Farigiraf||SitrusBerry|ArmorTail|TrickRoom,Psychic,Thunderbolt,Protect|Sassy||F|||50|]Trevenant||OccaBerry|Harvest|TrickRoom,HornLeech,WillOWisp,DestinyBond|Sassy||M|||50|]Drampa||DragonFang|CloudNine|DragonDance,Thunder,DragonPulse,LightScreen|Calm||F|||50|]Incineroar||LifeOrb|Intimidate|BlazeKick,DarkestLariat,CloseCombat,HeatWave|Brave||F|||50|]Orthworm||FocusSash|SandVeil|Earthquake,RockSlide,Protect,StealthRock|Impish||M|||50|
|
|t:|1785779422
|teamsize|p1|4
|teamsize|p2|4
|start
|switch|p1a: Jolteon|Jolteon, L50, F, shiny|100/100
|switch|p1b: Dragapult|Dragapult, L50, F, shiny|100/100
|switch|p2a: Oranguru|Oranguru, L50, M, shiny|100/100
|switch|p2b: Farigiraf|Farigiraf, L50, F, shiny|100/100
|turn|1
|
|t:|1785779452
|move|p2a: Oranguru|Foul Play|p1b: Dragapult
|-supereffective|p1b: Dragapult|1
|-damage|p1b: Dragapult|16/100
|move|p1a: Jolteon|Roar|p2b: Farigiraf
|drag|p2b: Incineroar|Incineroar, L50, F, shiny|100/100
|-ability|p2b: Incineroar|Intimidate|boost
|-unboost|p1a: Jolteon|atk|1
|-fail|p1b: Dragapult|unboost|[from] ability: Clear Body|[of] p1b: Dragapult
|move|p1b: Dragapult|Dragon Tail|p2a: Oranguru
|-damage|p2a: Oranguru|52/100
|-damage|p1b: Dragapult|6/100|[from] item: Life Orb
|drag|p2a: Farigiraf|Farigiraf, L50, F, shiny|100/100
|
|upkeep
|turn|2
|
|t:|1785779485
|move|p1b: Dragapult|Protect|p1b: Dragapult
|-singleturn|p1b: Dragapult|Protect
|move|p2b: Incineroar|Heat Wave|p1a: Jolteon|[spread] p1a
|-activate|p1b: Dragapult|move: Protect
|-damage|p1a: Jolteon|74/100
|-damage|p2b: Incineroar|90/100|[from] item: Life Orb
|move|p1a: Jolteon|Roar|p2a: Farigiraf
|drag|p2a: Trevenant|Trevenant, L50, M, shiny|100/100
|
|-heal|p1a: Jolteon|80/100|[from] item: Leftovers
|upkeep
|turn|3
|
|t:|1785779507
|switch|p1b: Floette|Floette-Eternal, L50, F|100/100
|move|p2b: Incineroar|Heat Wave|p1b: Floette|[spread] p1b
|-miss|p2b: Incineroar|p1a: Jolteon
|-damage|p1b: Floette|76/100
|-damage|p2b: Incineroar|80/100|[from] item: Life Orb
|move|p1a: Jolteon|Roar|p2a: Trevenant
|drag|p2a: Oranguru|Oranguru, L50, M, shiny|52/100
|
|-heal|p1a: Jolteon|86/100|[from] item: Leftovers
|upkeep
|turn|4
|
|t:|1785779529
|detailschange|p1b: Floette|Floette-Mega, L50, F
|-mega|p1b: Floette|Floette|Floettite
|-ability|p1b: Floette|Fairy Aura
|move|p1b: Floette|Dazzling Gleam|p2b: Incineroar|[spread] p2a,p2b
|-damage|p2a: Oranguru|20/100y
|-damage|p2b: Incineroar|37/100
|move|p2b: Incineroar|Close Combat|p1a: Jolteon
|-damage|p1a: Jolteon|12/100
|-unboost|p2b: Incineroar|def|1
|-unboost|p2b: Incineroar|spd|1
|-damage|p2b: Incineroar|27/100|[from] item: Life Orb
|move|p1a: Jolteon|Roar|p2a: Oranguru
|drag|p2a: Trevenant|Trevenant, L50, M, shiny|100/100
|
|-heal|p1a: Jolteon|18/100|[from] item: Leftovers
|upkeep
|turn|5
|
|t:|1785779557
|switch|p2b: Farigiraf|Farigiraf, L50, F, shiny|100/100
|move|p1b: Floette|Draining Kiss|p2b: Farigiraf
|-damage|p2b: Farigiraf|70/100
|-heal|p1b: Floette|100/100|[from] drain|[of] p2b: Farigiraf
|move|p2a: Trevenant|Destiny Bond|p2a: Trevenant
|-singlemove|p2a: Trevenant|Destiny Bond
|move|p1a: Jolteon|Roar|p2a: Trevenant
|drag|p2a: Incineroar|Incineroar, L50, F, shiny|27/100
|-ability|p2a: Incineroar|Intimidate|boost
|-unboost|p1a: Jolteon|atk|1
|-unboost|p1b: Floette|atk|1
|
|-heal|p1a: Jolteon|24/100|[from] item: Leftovers
|upkeep
|turn|6
|
|t:|1785779595
|move|p1b: Floette|Dazzling Gleam|p2a: Incineroar|[spread] p2a,p2b
|-damage|p2a: Incineroar|0 fnt
|-damage|p2b: Farigiraf|36/100
|-enditem|p2b: Farigiraf|Sitrus Berry|[eat]
|-heal|p2b: Farigiraf|60/100|[from] item: Sitrus Berry
|faint|p2a: Incineroar
|move|p1a: Jolteon|Roar|p2b: Farigiraf
|drag|p2b: Trevenant|Trevenant, L50, M, shiny|100/100
|
|-heal|p1a: Jolteon|30/100|[from] item: Leftovers
|upkeep
|
|t:|1785779616
|switch|p2a: Farigiraf|Farigiraf, L50, F, shiny|60/100
|turn|7
|
|t:|1785779640
|move|p2a: Farigiraf|Protect|p2a: Farigiraf
|-singleturn|p2a: Farigiraf|Protect
|move|p1b: Floette|Dazzling Gleam|p2a: Farigiraf|[spread] p2b
|-activate|p2a: Farigiraf|move: Protect
|-damage|p2b: Trevenant|63/100
|move|p1a: Jolteon|Roar|p2b: Trevenant
|drag|p2b: Oranguru|Oranguru, L50, M, shiny|20/100y
|
|-heal|p1a: Jolteon|36/100|[from] item: Leftovers
|upkeep
|turn|8
|
|t:|1785779655
|move|p1b: Floette|Dazzling Gleam|p2b: Oranguru|[spread] p2a,p2b
|-damage|p2a: Farigiraf|28/100
|-damage|p2b: Oranguru|0 fnt
|faint|p2b: Oranguru
|move|p1a: Jolteon|Roar|p2a: Farigiraf
|drag|p2a: Trevenant|Trevenant, L50, M, shiny|63/100
|
|-heal|p1a: Jolteon|41/100|[from] item: Leftovers
|upkeep
|
|t:|1785779663
|switch|p2b: Farigiraf|Farigiraf, L50, F, shiny|28/100
|turn|9
|
|t:|1785779675
|move|p1a: Jolteon|Yawn|p2b: Farigiraf
|-start|p2b: Farigiraf|move: Yawn|[of] p1a: Jolteon
|move|p1b: Floette|Dazzling Gleam|p2b: Farigiraf|[spread] p2a,p2b
|-damage|p2a: Trevenant|30/100
|-damage|p2b: Farigiraf|0 fnt
|faint|p2b: Farigiraf
|move|p2a: Trevenant|Horn Leech|p1a: Jolteon
|-damage|p1a: Jolteon|1/100
|-heal|p2a: Trevenant|48/100|[from] drain|[of] p1a: Jolteon
|
|-heal|p1a: Jolteon|7/100|[from] item: Leftovers
|upkeep
|turn|10
|
|t:|1785779689
|move|p1a: Jolteon|Volt Switch|p2a: Trevenant
|-resisted|p2a: Trevenant|1
|-damage|p2a: Trevenant|38/100
|
|t:|1785779706
|switch|p1a: Maushold|Maushold-Four, L50, shiny|100/100|[from] Volt Switch
|move|p1b: Floette|Dazzling Gleam|p2a: Trevenant
|-damage|p2a: Trevenant|0 fnt
|faint|p2a: Trevenant
|
|win|piase
||mrpokemon33 is ready for game 3.
|inactive|piase has 30 seconds to confirm battle start!
||piase is ready for game 3.
|uhtml|next|Next: Game 3 of 3
