|j|☆WeezMan666
|j|☆vassa777_vgc
|html|WeezMan666vassa777_vgc    
|uhtml|bestof|Game 1 of a best-of-3
|t:|1756460772
|gametype|doubles
|player|p1|WeezMan666|roxie|1094
|player|p2|vassa777_vgc|miku-ghost|1265
|gen|9
|tier|[Gen 9] VGC 2025 Reg H (Bo3)
|rated|
|rule|Species Clause: Limit one of each Pokémon
|rule|Item Clause: Limit 1 of each item
|clearpoke
|poke|p1|Dragonite, L50, M|
|poke|p1|Gholdengo, L50|
|poke|p1|Ursaluna-Bloodmoon, L50, M|
|poke|p1|Annihilape, L50, M|
|poke|p1|Maushold, L50|
|poke|p1|Rillaboom, L50, F|
|poke|p2|Sneasler, L50, F|
|poke|p2|Primarina, L50, F|
|poke|p2|Kingambit, L50, M|
|poke|p2|Rillaboom, L50, M|
|poke|p2|Electabuzz, L50, M|
|poke|p2|Dragapult, L50, M|
|teampreview|4
|showteam|p1|Dragonite||LoadedDice|Multiscale|ScaleShot,ExtremeSpeed,Tailwind,Protect|||M|||50|,,,,,Fairy]Gholdengo||GrassySeed|GoodasGold|NastyPlot,MakeItRain,ShadowBall,Protect||||||50|,,,,,Water]Ursaluna-Bloodmoon||AssaultVest|MindsEye|BloodMoon,HyperVoice,EarthPower,VacuumWave|||M|||50|,,,,,Water]Annihilape||LifeOrb|Defiant|CloseCombat,RageFist,FinalGambit,Protect|||M|||50|,,,,,Grass]Maushold||SafetyGoggles|FriendGuard|BeatUp,HelpingHand,FollowMe,Protect||||||50|,,,,,Ghost]Rillaboom||MiracleSeed|GrassySurge|DrumBeating,GrassyGlide,FakeOut,KnockOff|||F|||50|,,,,,Grass
|showteam|p2|Sneasler||FocusSash|PoisonTouch|DireClaw,CloseCombat,Protect,FakeOut|||F|||50|,,,,,Stellar]Primarina||ThroatSpray|LiquidVoice|Protect,HyperVoice,Moonblast,Haze|||F|||50|,,,,,Poison]Kingambit||BlackGlasses|Defiant|KowtowCleave,SwordsDance,SuckerPunch,Protect|||M|||50|,,,,,Dark]Rillaboom||AssaultVest|GrassySurge|WoodHammer,Uturn,GrassyGlide,FakeOut|||M|||50|,,,,,Fire]Electabuzz||Eviolite|VitalSpirit|Electroweb,Taunt,Protect,FollowMe|||M|||50|,,,,,Fairy]Dragapult||ChoiceBand|ClearBody|DragonDarts,Uturn,PhantomForce,Outrage|||M|||50|,,,,,Dragon
|inactive|Battle timer is ON: inactive players will automatically lose when time's up. (requested by WeezMan666)
|
|t:|1756460792
|teamsize|p1|4
|teamsize|p2|4
|start
|switch|p1a: Maushold|Maushold, L50|100/100
|switch|p1b: Annihilape|Annihilape, L50, M|100/100
|switch|p2a: Dragapult|Dragapult, L50, M, shiny|100/100
|switch|p2b: Sneasler|Sneasler, L50, F, shiny|100/100
|turn|1
|
|t:|1756460803
|-terastallize|p2a: Dragapult|Dragon
|move|p1a: Maushold|Protect|p1a: Maushold
|-singleturn|p1a: Maushold|Protect
|move|p1b: Annihilape|Protect|p1b: Annihilape
|-singleturn|p1b: Annihilape|Protect
|move|p2a: Dragapult|Dragon Darts|p1a: Maushold
|-activate|p1b: Annihilape|move: Protect
|move|p2b: Sneasler|Dire Claw|p1b: Annihilape
|-activate|p1b: Annihilape|move: Protect
|
|upkeep
|turn|2
|
|t:|1756460827
|move|p2a: Dragapult|Dragon Darts|p1a: Maushold
|-damage|p1a: Maushold|40/100
|-anim|p2a: Dragapult|Dragon Darts|p1b: Annihilape
|-damage|p1b: Annihilape|61/100
|move|p2b: Sneasler|Dire Claw|p1b: Annihilape
|-resisted|p1b: Annihilape
|-damage|p1b: Annihilape|46/100
|-status|p1b: Annihilape|psn
|move|p1a: Maushold|Beat Up|p1b: Annihilape
|-damage|p1b: Annihilape|44/100 psn
|-damage|p1b: Annihilape|41/100 psn
|-damage|p1b: Annihilape|40/100 psn
|-hitcount|p1b: Annihilape|3
|move|p1b: Annihilape|Rage Fist|p2a: Dragapult
|-damage|p2a: Dragapult|0 fnt
|faint|p2a: Dragapult
|-damage|p1b: Annihilape|30/100 psn|[from] item: Life Orb
|
|-damage|p1b: Annihilape|17/100 psn|[from] psn
|upkeep
|
|t:|1756460848
|switch|p2a: Electabuzz|Electabuzz, L50, M|100/100
|turn|3
|
|t:|1756460859
|-terastallize|p1a: Maushold|Ghost
|move|p2b: Sneasler|Protect|p2b: Sneasler
|-singleturn|p2b: Sneasler|Protect
|move|p2a: Electabuzz|Protect|p2a: Electabuzz
|-singleturn|p2a: Electabuzz|Protect
|move|p1a: Maushold|Follow Me|p1a: Maushold
|-singleturn|p1a: Maushold|move: Follow Me
|move|p1b: Annihilape|Rage Fist|p2a: Electabuzz
|-activate|p2a: Electabuzz|move: Protect
|
|-damage|p1b: Annihilape|5/100 psn|[from] psn
|upkeep
|turn|4
|
|t:|1756460874
|move|p1a: Maushold|Follow Me|p1a: Maushold
|-singleturn|p1a: Maushold|move: Follow Me
|move|p2b: Sneasler|Dire Claw|p1a: Maushold
|-resisted|p1a: Maushold
|-damage|p1a: Maushold|17/100
|-status|p1a: Maushold|par
|move|p1b: Annihilape|Rage Fist|p2a: Electabuzz
|-damage|p2a: Electabuzz|0 fnt
|faint|p2a: Electabuzz
|-damage|p1b: Annihilape|0 fnt|[from] item: Life Orb
|faint|p1b: Annihilape
|
|upkeep
|
|t:|1756460888
|switch|p1b: Gholdengo|Gholdengo, L50|100/100
|switch|p2a: Primarina|Primarina, L50, F, shiny|100/100
|turn|5
|
|t:|1756460897
|move|p1a: Maushold|Protect|p1a: Maushold
|-singleturn|p1a: Maushold|Protect
|move|p2b: Sneasler|Dire Claw|p1a: Maushold
|-activate|p1a: Maushold|move: Protect
|move|p1b: Gholdengo|Nasty Plot|p1b: Gholdengo
|-boost|p1b: Gholdengo|spa|2
|move|p2a: Primarina|Hyper Voice|p1a: Maushold|[spread] p1b
|-activate|p1a: Maushold|move: Protect
|-damage|p1b: Gholdengo|73/100
|-enditem|p2a: Primarina|Throat Spray
|-boost|p2a: Primarina|spa|1|[from] item: Throat Spray
|
|upkeep
|turn|6
|
|t:|1756460910
|move|p2a: Primarina|Protect|p2a: Primarina
|-singleturn|p2a: Primarina|Protect
|move|p2b: Sneasler|Dire Claw|p1a: Maushold
|-resisted|p1a: Maushold
|-damage|p1a: Maushold|0 fnt
|faint|p1a: Maushold
|move|p1b: Gholdengo|Make It Rain|p2b: Sneasler|[spread] p2b
|-activate|p2a: Primarina|move: Protect
|-enditem|p2b: Sneasler|Focus Sash
|-damage|p2b: Sneasler|1/100
|-unboost|p1b: Gholdengo|spa|1
|
|upkeep
|
|t:|1756460912
|switch|p1a: Dragonite|Dragonite, L50, M|100/100
|turn|7
|
|t:|1756460918
|move|p1a: Dragonite|Extreme Speed|p2b: Sneasler
|-crit|p2b: Sneasler
|-damage|p2b: Sneasler|0 fnt
|faint|p2b: Sneasler
|move|p1b: Gholdengo|Make It Rain|p2a: Primarina
|-crit|p2a: Primarina
|-damage|p2a: Primarina|0 fnt
|-unboost|p1b: Gholdengo|spa|1
|faint|p2a: Primarina
|
|win|WeezMan666
||vassa777_vgc is ready for game 2.
||WeezMan666 is ready for game 2.
|uhtml|next|Next: Game 2 of 3
|l|☆vassa777_vgc
|player|p2|
