|j|☆Zady11
|j|☆palle synchro
|html|Zady11palle synchro    
|uhtml|bestof|Game 2 of a best-of-3
|t:|1754829443
|gametype|doubles
|player|p1|Zady11|guitarist|1353
|player|p2|palle synchro|volkner|1435
|gen|9
|tier|[Gen 9] VGC 2025 Reg H (Bo3)
|rated|
|rule|Species Clause: Limit one of each Pokémon
|rule|Item Clause: Limit 1 of each item
|clearpoke
|poke|p1|Whimsicott, L50, M|
|poke|p1|Typhlosion-Hisui, L50, F|
|poke|p1|Basculegion, L50, M|
|poke|p1|Ursaluna-Bloodmoon, L50, M|
|poke|p1|Farigiraf, L50, M|
|poke|p1|Maushold-Four, L50|
|poke|p2|Whimsicott, L50, M|
|poke|p2|Dragonite, L50, F|
|poke|p2|Indeedee, L50, M|
|poke|p2|Sneasler, L50, F|
|poke|p2|Ursaluna-Bloodmoon, L50, M|
|poke|p2|Archaludon, L50, F|
|teampreview|4
|showteam|p1|Whimsicott||CovertCloak|Prankster|Moonblast,SunnyDay,Encore,Tailwind|||M|||50|,,,,,Water]Typhlosion-Hisui||ChoiceSpecs|Blaze|Eruption,HeatWave,ShadowBall,Overheat|||F|||50|,,,,,Fire]Basculegion||ChoiceScarf|Adaptability|WaveCrash,LastRespects,AquaJet,FlipTurn|||M|||50|,,,,,Water]Ursaluna-Bloodmoon||LifeOrb|MindsEye|BloodMoon,HyperVoice,EarthPower,Protect|||M|||50|,,,,,Normal]Farigiraf||ThroatSpray|ArmorTail|HyperVoice,HelpingHand,Psychic,TrickRoom|||M|||50|,,,,,Fire]Maushold-Four||WideLens|Technician|PopulationBomb,Taunt,FollowMe,Protect||||||50|,,,,,Ghost
|showteam|p2|Whimsicott||CovertCloak|Prankster|Moonblast,Taunt,Tailwind,FakeTears|||M|||50|,,,,,Water]Dragonite||LoadedDice|Multiscale|ScaleShot,StompingTantrum,Haze,Protect|||F|||50|,,,,,Steel]Indeedee||FocusSash|PsychicSurge|ExpandingForce,TeraBlast,Imprison,TrickRoom|||M|||50|,,,,,Psychic]Sneasler||PsychicSeed|Unburden|CloseCombat,DireClaw,ThroatChop,Protect|||F|||50|,,,,,Dark]Ursaluna-Bloodmoon||LifeOrb|MindsEye|HyperVoice,BloodMoon,EarthPower,Protect|||M|||50|,,,,,Normal]Archaludon||PowerHerb|Stalwart|ElectroShot,DragonPulse,Thunderbolt,Protect|||F|||50|,,,,,Electric
|inactive|Battle timer is ON: inactive players will automatically lose when time's up. (requested by palle synchro)
|
|t:|1754829458
|teamsize|p1|4
|teamsize|p2|4
|start
|switch|p1a: Sr Rubio|Whimsicott, L50, M|100/100
|switch|p1b: Sr Azul|Basculegion, L50, M|100/100
|switch|p2a: Whimsicott|Whimsicott, L50, M|100/100
|switch|p2b: Dragonite|Dragonite, L50, F|100/100
|turn|1
|inactive|Zady11 has 30 seconds left.
|inactive|Zady11 has 20 seconds left.
|
|t:|1754829496
|switch|p1a: Sr Blanco|Maushold-Four, L50|100/100
|move|p2a: Whimsicott|Tailwind|p2a: Whimsicott
|-sidestart|p2: palle synchro|move: Tailwind
|move|p2b: Dragonite|Scale Shot|p1b: Sr Azul
|-damage|p1b: Sr Azul|83/100
|-crit|p1b: Sr Azul
|-damage|p1b: Sr Azul|55/100
|-damage|p1b: Sr Azul|36/100
|-damage|p1b: Sr Azul|18/100
|-damage|p1b: Sr Azul|0 fnt
|faint|p1b: Sr Azul
|-hitcount|p1: Sr Azul|5
|-unboost|p2b: Dragonite|def|1
|-boost|p2b: Dragonite|spe|1
|
|upkeep
|
|t:|1754829512
|switch|p1b: Sr Rubio|Whimsicott, L50, M|100/100
|turn|2
|inactive|Zady11 has 30 seconds left.
|inactive|Zady11 has 20 seconds left.
|
|t:|1754829548
|move|p2a: Whimsicott|Taunt|p1b: Sr Rubio
|-start|p1b: Sr Rubio|move: Taunt
|move|p2b: Dragonite|Scale Shot|p1a: Sr Blanco
|-damage|p1a: Sr Blanco|78/100
|-damage|p1a: Sr Blanco|56/100
|-damage|p1a: Sr Blanco|29/100
|-damage|p1a: Sr Blanco|7/100
|-hitcount|p1a: Sr Blanco|4
|-unboost|p2b: Dragonite|def|1
|-boost|p2b: Dragonite|spe|1
|move|p1a: Sr Blanco|Population Bomb|p2b: Dragonite
|-damage|p2b: Dragonite|89/100
|-damage|p2b: Dragonite|65/100
|-damage|p2b: Dragonite|38/100
|-damage|p2b: Dragonite|14/100
|-damage|p2b: Dragonite|0 fnt
|faint|p2b: Dragonite
|-hitcount|p2: Dragonite|5
|move|p1b: Sr Rubio|Moonblast|p2a: Whimsicott
|-damage|p2a: Whimsicott|65/100
|
|upkeep
|
|t:|1754829559
|switch|p2b: Indeedee|Indeedee, L50, M|100/100
|-fieldstart|move: Psychic Terrain|[from] ability: Psychic Surge|[of] p2b: Indeedee
|turn|3
|inactive|Zady11 has 30 seconds left.
|inactive|Zady11 has 20 seconds left.
|
|t:|1754829596
|-terastallize|p2b: Indeedee|Psychic
|move|p2a: Whimsicott|Moonblast|p1b: Sr Rubio
|-damage|p1b: Sr Rubio|71/100
|move|p2b: Indeedee|Expanding Force|p1b: Sr Rubio|[spread] p1a,p1b
|-damage|p1a: Sr Blanco|0 fnt
|-damage|p1b: Sr Rubio|3/100
|faint|p1a: Sr Blanco
|move|p1b: Sr Rubio|Moonblast|p2b: Indeedee
|-damage|p2b: Indeedee|60/100
|-unboost|p2b: Indeedee|spa|1
|
|upkeep
|
|t:|1754829608
|switch|p1a: Sr Rosa|Typhlosion-Hisui, L50, F|100/100
|turn|4
|
|t:|1754829617
|-terastallize|p1a: Sr Rosa|Fire
|move|p2a: Whimsicott|Moonblast|p1b: Sr Rubio
|-damage|p1b: Sr Rubio|0 fnt
|faint|p1b: Sr Rubio
|move|p2b: Indeedee|Expanding Force|p1a: Sr Rosa
|-damage|p1a: Sr Rosa|8/100
|move|p1a: Sr Rosa|Heat Wave|p2b: Indeedee|[spread] p2a
|-miss|p1a: Sr Rosa|p2b: Indeedee
|-supereffective|p2a: Whimsicott
|-crit|p2a: Whimsicott
|-damage|p2a: Whimsicott|0 fnt
|faint|p2a: Whimsicott
|
|-sideend|p2: palle synchro|move: Tailwind
|upkeep
|
|t:|1754829624
|switch|p2a: Sneasler|Sneasler, L50, F|100/100
|-enditem|p2a: Sneasler|Psychic Seed
|-boost|p2a: Sneasler|spd|1|[from] item: Psychic Seed
|turn|5
|-message|Zady11 forfeited.
|
|win|palle synchro
|raw|Zady11's rating: 1353 → 1338(-15 for losing)
|raw|palle synchro's rating: 1435 → 1450(+15 for winning)
