|j|☆chikago
|j|☆testdigi
|html|chikagotestdigi    
|uhtml|bestof|Game 2 of a best-of-3
|t:|1785410359
|gametype|doubles
|player|p1|chikago|102|1080
|player|p2|testdigi|169|1186
|gen|9
|tier|[Gen 9 Champions] VGC 2026 Reg M-B (Bo3)
|rated|
|rule|Species Clause: Limit one of each Pokémon
|rule|Item Clause: Limit 1 of each item
|clearpoke
|poke|p1|Archaludon, L50, M, shiny|
|poke|p1|Kingambit, L50, M, shiny|
|poke|p1|Pelipper, L50, M, shiny|
|poke|p1|Altaria, L50, M, shiny|
|poke|p1|Gengar, L50, M, shiny|
|poke|p1|Farigiraf, L50, M, shiny|
|poke|p2|Tyranitar, L50, M|
|poke|p2|Excadrill, L50, F|
|poke|p2|Gholdengo, L50, shiny|
|poke|p2|Milotic, L50, M, shiny|
|poke|p2|Sinistcha, L50|
|poke|p2|Staraptor, L50, F|
|teampreview|4
|showteam|p1|Archaludon||Leftovers|Stamina|ElectroShot,AuraSphere,FlashCannon,Protect|Modest||M|||50|]Kingambit||ChopleBerry|Defiant|KowtowCleave,SuckerPunch,IronHead,Protect|Adamant||M|||50|]Pelipper||FocusSash|Drizzle|Hurricane,Tailwind,Protect,WeatherBall|Serious||M|||50|]Altaria||Altarianite|CloudNine|Earthquake,BodySlam,HeatWave,Protect|Lonely||M|||50|]Gengar||Gengarite|CursedBody|PerishSong,DestinyBond,Protect,ShadowBall|Modest||M|||50|]Farigiraf||MentalHerb|ArmorTail|PsychicTerrain,DazzlingGleam,LightScreen,Protect|Modest||M|||50|
|showteam|p2|Tyranitar||Tyranitarite|SandStream|RockSlide,KnockOff,LowKick,Protect|Jolly||M|||50|]Excadrill||FocusSash|SandRush|HighHorsepower,IronHead,RockTomb,Protect|Adamant||F|||50|]Gholdengo||LifeOrb|GoodasGold|ShadowBall,MakeItRain,NastyPlot,Protect|Modest|||||50|]Milotic||Leftovers|Competitive|Scald,Recover,IcyWind,Protect|Calm||M|||50|]Sinistcha||ColburBerry|Hospitality|MatchaGotcha,StrengthSap,RagePowder,Protect|Bold|||||50|]Staraptor||Staraptite|Intimidate|CloseCombat,BraveBird,Tailwind,Protect|Jolly||F|||50|
|
|t:|1785410390
|teamsize|p1|4
|teamsize|p2|4
|start
|switch|p1a: Gengar|Gengar, L50, M, shiny|100/100
|switch|p1b: Farigiraf|Farigiraf, L50, M, shiny|100/100
|switch|p2a: Excadrill|Excadrill, L50, F|100/100
|switch|p2b: Staraptor|Staraptor, L50, F|100/100
|-ability|p2b: Staraptor|Intimidate|boost
|-unboost|p1a: Gengar|atk|1
|-unboost|p1b: Farigiraf|atk|1
|turn|1
|inactive|Battle timer is ON: inactive players will automatically lose when time's up. (requested by testdigi)
|inactive|testdigi has 60 seconds left.
|
|t:|1785410423
|switch|p2a: Gholdengo|Gholdengo, L50, shiny|100/100
|detailschange|p2b: Staraptor|Staraptor-Mega, L50, F
|-mega|p2b: Staraptor|Staraptor|Staraptite
|move|p2b: Staraptor|Close Combat|p1b: Farigiraf
|-damage|p1b: Farigiraf|44/100
|-boost|p2b: Staraptor|def|1
|-boost|p2b: Staraptor|spd|1
|move|p1a: Gengar|Shadow Ball|p2b: Staraptor
|-damage|p2b: Staraptor|68/100
|-boost|p2b: Staraptor|spd|1
|move|p1b: Farigiraf|Dazzling Gleam|p2b: Staraptor|[spread] p2a,p2b
|-resisted|p2a: Gholdengo|1
|-supereffective|p2b: Staraptor|1
|-damage|p2a: Gholdengo|88/100
|-damage|p2b: Staraptor|48/100
|
|upkeep
|turn|2
|inactive|chikago has 30 seconds left.
|
|t:|1785410452
|detailschange|p1a: Gengar|Gengar-Mega, L50, M, shiny
|-mega|p1a: Gengar|Gengar|Gengarite
|move|p2a: Gholdengo|Protect|p2a: Gholdengo
|-singleturn|p2a: Gholdengo|Protect
|move|p1b: Farigiraf|Protect|p1b: Farigiraf
|-singleturn|p1b: Farigiraf|Protect
|move|p1a: Gengar|Destiny Bond|p1a: Gengar
|-singlemove|p1a: Gengar|Destiny Bond
|move|p2b: Staraptor|Tailwind|p2b: Staraptor
|-sidestart|p2: testdigi|move: Tailwind
|
|upkeep
|turn|3
|
|t:|1785410470
|switch|p2a: Tyranitar|Tyranitar, L50, M|100/100
|-weather|Sandstorm|[from] ability: Sand Stream|[of] p2a: Tyranitar
|move|p2b: Staraptor|Close Combat|p1b: Farigiraf
|-damage|p1b: Farigiraf|0 fnt
|-boost|p2b: Staraptor|def|1
|-boost|p2b: Staraptor|spd|1
|faint|p1b: Farigiraf
|move|p1a: Gengar|Shadow Ball|p2a: Tyranitar
|-resisted|p2a: Tyranitar|1
|-damage|p2a: Tyranitar|83/100
|-unboost|p2a: Tyranitar|spd|1
|
|-weather|Sandstorm|[upkeep]
|-damage|p2b: Staraptor|42/100|[from] Sandstorm
|-damage|p1a: Gengar|94/100|[from] Sandstorm
|upkeep
|
|t:|1785410480
|switch|p1b: Altaria|Altaria, L50, M, shiny|100/100
|-ability|p1b: Altaria|Cloud Nine
|turn|4
|inactive|testdigi has 30 seconds left.
|inactive|testdigi has 20 seconds left.
|
|t:|1785410519
|move|p2b: Staraptor|Close Combat|p1b: Altaria
|-resisted|p1b: Altaria|1
|-damage|p1b: Altaria|64/100
|-boost|p2b: Staraptor|def|1
|-boost|p2b: Staraptor|spd|1
|move|p2a: Tyranitar|Rock Slide|p1a: Gengar|[spread] p1a,p1b
|-supereffective|p1b: Altaria|1
|-damage|p1a: Gengar|45/100
|-damage|p1b: Altaria|0 fnt
|faint|p1b: Altaria
|cant|p1a: Gengar|flinch
|
|-weather|Sandstorm|[upkeep]
|-damage|p2b: Staraptor|36/100|[from] Sandstorm
|-damage|p1a: Gengar|40/100|[from] Sandstorm
|upkeep
|
|t:|1785410532
|switch|p1b: Archaludon|Archaludon, L50, M, shiny|100/100
|turn|5
|
|t:|1785410548
|move|p2b: Staraptor|Protect|p2b: Staraptor
|-singleturn|p2b: Staraptor|Protect
|move|p2a: Tyranitar|Knock Off|p1b: Archaludon
|-damage|p1b: Archaludon|56/100
|-ability|p1b: Archaludon|Stamina|boost
|-boost|p1b: Archaludon|def|1
|-enditem|p1b: Archaludon|Leftovers|[from] move: Knock Off|[of] p2a: Tyranitar
|move|p1a: Gengar|Shadow Ball|p2b: Staraptor
|-activate|p2b: Staraptor|move: Protect
|move|p1b: Archaludon|Aura Sphere|p2a: Tyranitar
|-supereffective|p2a: Tyranitar|2
|-damage|p2a: Tyranitar|0 fnt
|faint|p2a: Tyranitar
|
|-weather|Sandstorm|[upkeep]
|-damage|p2b: Staraptor|30/100|[from] Sandstorm
|-damage|p1a: Gengar|34/100|[from] Sandstorm
|-sideend|p2: testdigi|move: Tailwind
|upkeep
|
|t:|1785410560
|switch|p2a: Excadrill|Excadrill, L50, F|100/100
|turn|6
|
|t:|1785410574
|move|p1a: Gengar|Protect|p1a: Gengar
|-singleturn|p1a: Gengar|Protect
|move|p2a: Excadrill|High Horsepower|p1a: Gengar
|-activate|p1a: Gengar|move: Protect
|move|p2b: Staraptor|Close Combat|p1b: Archaludon
|-supereffective|p1b: Archaludon|1
|-damage|p1b: Archaludon|0 fnt
|-boost|p2b: Staraptor|def|1
|-boost|p2b: Staraptor|spd|1
|faint|p1b: Archaludon
|
|-weather|Sandstorm|[upkeep]
|-damage|p1a: Gengar|28/100|[from] Sandstorm
|-damage|p2b: Staraptor|23/100|[from] Sandstorm
|upkeep
|turn|7
|
|t:|1785410588
|move|p2a: Excadrill|High Horsepower|p1a: Gengar
|-supereffective|p1a: Gengar|1
|-damage|p1a: Gengar|0 fnt
|faint|p1a: Gengar
|
|win|testdigi
