|j|☆shaboogles
|j|☆Coban7
|html|shabooglesCoban7    
|uhtml|bestof|Game 1 of a best-of-3
|t:|1783535012
|gametype|doubles
|player|p1|shaboogles|furisodegirl-white|
|player|p2|Coban7|169|
|gen|9
|tier|[Gen 9 Champions] VGC 2026 Reg M-B (Bo3)
|rule|Species Clause: Limit one of each Pokémon
|rule|Item Clause: Limit 1 of each item
|clearpoke
|poke|p1|Chandelure, L50, M|
|poke|p1|Garganacl, L50, M|
|poke|p1|Greninja, L50, M|
|poke|p1|Rotom-Mow, L50|
|poke|p1|Krookodile, L50, F|
|poke|p1|Ariados, L50, M|
|poke|p2|Umbreon, L50, M, shiny|
|poke|p2|Hippowdon, L50, F|
|poke|p2|Lucario, L50, M, shiny|
|poke|p2|Ariados, L50, F|
|poke|p2|Lycanroc, L50, F, shiny|
|poke|p2|Houndstone, L50, M|
|teampreview|4
|showteam|p1|Chandelure||Chandelurite|Infiltrator|HeatWave,ShadowBall,TrickRoom,Protect|Modest||M|||50|]Garganacl||Leftovers|PurifyingSalt|WideGuard,SaltCure,Recover,Protect|Sassy||M|||50|]Greninja||Greninjite|Torrent|IcyWind,Protect,HydroPump,DarkPulse|Timid||M|||50|]Rotom-Mow||ChoiceScarf|Levitate|Thunderbolt,LeafStorm,Electroweb,Trick|Timid|||||50|]Krookodile||PasshoBerry|Intimidate|Crunch,Taunt,Protect,HighHorsepower|Adamant||F|||50|]Ariados||ScopeLens|Sniper|CrossPoison,Protect,RagePowder,KnockOff|Impish||M|||50|
|showteam|p2|Umbreon||Leftovers|InnerFocus|FoulPlay,Wish,Toxic,Protect|Bold||M|||50|]Hippowdon||SmoothRock|SandStream|StompingTantrum,SandTomb,SlackOff,Protect|Sassy||F|||50|]Lucario||Lucarionite|InnerFocus|AuraSphere,FlashCannon,VacuumWave,Protect|Timid||M|||50|]Ariados||OccaBerry|Insomnia|PoisonJab,StringShot,RagePowder,Protect|Impish||F|||50|]Lycanroc||FocusSash|SandRush|RockSlide,CloseCombat,Accelerock,Protect|Adamant||F|||50|]Houndstone||SitrusBerry|SandRush|LastRespects,WillOWisp,AllySwitch,Protect|Adamant||M|||50|
|
|t:|1783535079
|teamsize|p1|4
|teamsize|p2|4
|start
|switch|p1a: Rotom|Rotom-Mow, L50|100/100
|switch|p1b: Krookodile|Krookodile, L50, F|100/100
|switch|p2a: Hippowdon|Hippowdon, L50, F|100/100
|switch|p2b: Umbreon|Umbreon, L50, M, shiny|100/100
|-ability|p1b: Krookodile|Intimidate|boost
|-unboost|p2a: Hippowdon|atk|1
|-fail|p2b: Umbreon|unboost|Attack|[from] ability: Inner Focus|[of] p2b: Umbreon
|-weather|Sandstorm|[from] ability: Sand Stream|[of] p2a: Hippowdon
|turn|1
|
|t:|1783535097
|move|p2a: Hippowdon|Protect|p2a: Hippowdon
|-singleturn|p2a: Hippowdon|Protect
|move|p1a: Rotom|Leaf Storm|p2a: Hippowdon
|-activate|p2a: Hippowdon|move: Protect
|move|p1b: Krookodile|Taunt|p2b: Umbreon
|-start|p2b: Umbreon|move: Taunt
|cant|p2b: Umbreon|move: Taunt|Toxic
|
|-weather|Sandstorm|[upkeep]
|-damage|p1a: Rotom|94/100|[from] Sandstorm
|-damage|p2b: Umbreon|94/100|[from] Sandstorm
|-heal|p2b: Umbreon|100/100|[from] item: Leftovers
|upkeep
|turn|2
|
|t:|1783535114
|switch|p2a: Lucario|Lucario, L50, M, shiny|100/100
|move|p1a: Rotom|Leaf Storm|p2a: Lucario
|-resisted|p2a: Lucario|1
|-damage|p2a: Lucario|55/100
|-unboost|p1a: Rotom|spa|2
|move|p1b: Krookodile|High Horsepower|p2a: Lucario
|-supereffective|p2a: Lucario|1
|-damage|p2a: Lucario|0 fnt
|faint|p2a: Lucario
|move|p2b: Umbreon|Foul Play|p1a: Rotom
|-damage|p1a: Rotom|67/100
|
|-weather|Sandstorm|[upkeep]
|-damage|p1a: Rotom|61/100|[from] Sandstorm
|-damage|p2b: Umbreon|94/100|[from] Sandstorm
|-heal|p2b: Umbreon|100/100|[from] item: Leftovers
|upkeep
|
|t:|1783535127
|switch|p2a: Hippowdon|Hippowdon, L50, F|100/100
|turn|3
|
|t:|1783535137
|move|p1a: Rotom|Leaf Storm|p2a: Hippowdon
|-supereffective|p2a: Hippowdon|1
|-damage|p2a: Hippowdon|60/100
|-unboost|p1a: Rotom|spa|2
|move|p1b: Krookodile|Crunch|p2a: Hippowdon
|-damage|p2a: Hippowdon|27/100
|move|p2b: Umbreon|Foul Play|p1a: Rotom
|-damage|p1a: Rotom|35/100
|move|p2a: Hippowdon|Sand Tomb|p1b: Krookodile
|-damage|p1b: Krookodile|86/100
|-activate|p1b: Krookodile|move: Sand Tomb|[of] p2a: Hippowdon
|
|-weather|Sandstorm|[upkeep]
|-damage|p1a: Rotom|29/100|[from] Sandstorm
|-damage|p2b: Umbreon|94/100|[from] Sandstorm
|-heal|p2b: Umbreon|100/100|[from] item: Leftovers
|-damage|p1b: Krookodile|73/100|[from] move: Sand Tomb|[partiallytrapped]
|-end|p2b: Umbreon|move: Taunt
|upkeep
|turn|4
|
|t:|1783535166
|switch|p1a: Greninja|Greninja, L50, M|100/100
|move|p2a: Hippowdon|Protect|p2a: Hippowdon
|-singleturn|p2a: Hippowdon|Protect
|move|p1b: Krookodile|Taunt|p2a: Hippowdon
|-activate|p2a: Hippowdon|move: Protect
|move|p2b: Umbreon|Toxic|p1b: Krookodile|[miss]
|-miss|p2b: Umbreon|p1b: Krookodile
|
|-weather|Sandstorm|[upkeep]
|-damage|p1a: Greninja|93/100|[from] Sandstorm
|-damage|p2b: Umbreon|94/100|[from] Sandstorm
|-heal|p2b: Umbreon|100/100|[from] item: Leftovers
|-damage|p1b: Krookodile|61/100|[from] move: Sand Tomb|[partiallytrapped]
|upkeep
|turn|5
|
|t:|1783535199
|switch|p2a: Houndstone|Houndstone, L50, M|100/100
|detailschange|p1a: Greninja|Greninja-Mega, L50, M
|-mega|p1a: Greninja|Greninja|Greninjite
|move|p1a: Greninja|Dark Pulse|p2a: Houndstone
|-start|p1a: Greninja|typechange|Dark|[from] ability: Protean
|-supereffective|p2a: Houndstone|1
|-damage|p2a: Houndstone|16/100
|-enditem|p2a: Houndstone|Sitrus Berry|[eat]
|-heal|p2a: Houndstone|41/100|[from] item: Sitrus Berry
|move|p1b: Krookodile|Taunt|p2b: Umbreon
|-start|p2b: Umbreon|move: Taunt
|cant|p2b: Umbreon|move: Taunt|Wish
|
|-weather|Sandstorm|[upkeep]
|-damage|p1a: Greninja|87/100|[from] Sandstorm
|-damage|p2b: Umbreon|94/100|[from] Sandstorm
|-heal|p2b: Umbreon|100/100|[from] item: Leftovers
|-end|p1b: Krookodile|Sand Tomb|[partiallytrapped]|[silent]
|upkeep
|turn|6
|
|t:|1783535233
|move|p2a: Houndstone|Ally Switch|p2a: Houndstone
|swap|p2a: Houndstone|1|[from] move: Ally Switch
|move|p1a: Greninja|Dark Pulse|p2a: Umbreon
|-resisted|p2a: Umbreon|1
|-damage|p2a: Umbreon|86/100
|move|p1b: Krookodile|Crunch|p2a: Umbreon
|-resisted|p2a: Umbreon|1
|-damage|p2a: Umbreon|72/100
|move|p2a: Umbreon|Foul Play|p1b: Krookodile
|-resisted|p1b: Krookodile|1
|-damage|p1b: Krookodile|37/100
|
|-weather|Sandstorm|[upkeep]
|-damage|p1a: Greninja|81/100|[from] Sandstorm
|-damage|p2a: Umbreon|66/100|[from] Sandstorm
|-heal|p2a: Umbreon|72/100|[from] item: Leftovers
|upkeep
|turn|7
|j| dva six seven
|
|t:|1783535241
|move|p2b: Houndstone|Will-O-Wisp|p1b: Krookodile
|-status|p1b: Krookodile|brn
|move|p1a: Greninja|Dark Pulse|p2b: Houndstone
|-supereffective|p2b: Houndstone|1
|-damage|p2b: Houndstone|0 fnt
|faint|p2b: Houndstone
|move|p1b: Krookodile|Crunch|p2a: Umbreon
|-resisted|p2a: Umbreon|1
|-damage|p2a: Umbreon|65/100
|move|p2a: Umbreon|Foul Play|p1a: Greninja
|-resisted|p1a: Greninja|1
|-damage|p1a: Greninja|57/100
|
|-weather|Sandstorm|[upkeep]
|-damage|p1a: Greninja|51/100|[from] Sandstorm
|-damage|p2a: Umbreon|59/100|[from] Sandstorm
|-heal|p2a: Umbreon|65/100|[from] item: Leftovers
|-damage|p1b: Krookodile|31/100 brn|[from] brn
|-end|p2a: Umbreon|move: Taunt
|upkeep
|
|t:|1783535247
|switch|p2b: Hippowdon|Hippowdon, L50, F|27/100
|turn|8
|
|t:|1783535262
|move|p1a: Greninja|Dark Pulse|p2b: Hippowdon
|-damage|p2b: Hippowdon|0 fnt
|faint|p2b: Hippowdon
|move|p1b: Krookodile|Taunt|p2a: Umbreon
|-start|p2a: Umbreon|move: Taunt
|move|p2a: Umbreon|Foul Play|p1a: Greninja
|-resisted|p1a: Greninja|1
|-damage|p1a: Greninja|23/100
|
|-weather|none
|-heal|p2a: Umbreon|70/100|[from] item: Leftovers
|-damage|p1b: Krookodile|25/100 brn|[from] brn
|upkeep
|turn|9
|
|t:|1783535267
|move|p1a: Greninja|Hydro Pump|p2a: Umbreon|[miss]
|-miss|p1a: Greninja|p2a: Umbreon
|move|p1b: Krookodile|High Horsepower|p2a: Umbreon
|-damage|p2a: Umbreon|53/100
|move|p2a: Umbreon|Foul Play|p1a: Greninja
|-resisted|p1a: Greninja|1
|-damage|p1a: Greninja|0 fnt
|faint|p1a: Greninja
|
|-heal|p2a: Umbreon|59/100|[from] item: Leftovers
|-damage|p1b: Krookodile|19/100 brn|[from] brn
|upkeep
|
|t:|1783535272
|switch|p1a: Rotom|Rotom-Mow, L50|29/100
|turn|10
|
|t:|1783535279
|move|p1a: Rotom|Trick|p2a: Umbreon
|-activate|p1a: Rotom|move: Trick|[of] p2a: Umbreon
|-item|p2a: Umbreon|Choice Scarf|[from] move: Trick
|-item|p1a: Rotom|Leftovers|[from] move: Trick
|move|p2a: Umbreon|Foul Play|p1a: Rotom
|-damage|p1a: Rotom|2/100
|move|p1b: Krookodile|High Horsepower|p2a: Umbreon
|-damage|p2a: Umbreon|40/100
|
|-heal|p1a: Rotom|8/100|[from] item: Leftovers
|-damage|p1b: Krookodile|13/100 brn|[from] brn
|-end|p2a: Umbreon|move: Taunt
|upkeep
|turn|11
|
|t:|1783535292
|move|p1a: Rotom|Thunderbolt|p2a: Umbreon
|-damage|p2a: Umbreon|12/100
|move|p2a: Umbreon|Foul Play|p1a: Rotom
|-damage|p1a: Rotom|0 fnt
|faint|p1a: Rotom
|move|p1b: Krookodile|High Horsepower|p2a: Umbreon
|-damage|p2a: Umbreon|0 fnt
|faint|p2a: Umbreon
|
|win|shaboogles
||Coban7 is ready for game 2.
||shaboogles is ready for game 2.
|uhtml|next|Next: Game 2 of 3
|l|☆Coban7
|player|p2|
