|j|☆MMAonPoint
|j|☆KodeBeast0526
|html|MMAonPointKodeBeast0526    
|uhtml|bestof|Game 2 of a best-of-3
|t:|1784209023
|gametype|doubles
|player|p1|MMAonPoint|1|1214
|player|p2|KodeBeast0526|hiker|1115
|gen|9
|tier|[Gen 9 Champions] VGC 2026 Reg M-B (Bo3)
|rated|
|rule|Species Clause: Limit one of each Pokémon
|rule|Item Clause: Limit 1 of each item
|clearpoke
|poke|p1|Staraptor, L50, M, shiny|
|poke|p1|Incineroar, L50, F, shiny|
|poke|p1|Primarina, L50, M, shiny|
|poke|p1|Garchomp, L50, F, shiny|
|poke|p1|Whimsicott, L50, F, shiny|
|poke|p1|Gengar, L50, F|
|poke|p2|Aerodactyl, L50, M|
|poke|p2|Kingambit, L50, M|
|poke|p2|Sylveon, L50, M|
|poke|p2|Garchomp, L50, M|
|poke|p2|Charizard, L50, M|
|poke|p2|Incineroar, L50, M|
|teampreview|4
|showteam|p1|Staraptor||Staraptite|Intimidate|CloseCombat,BraveBird,Protect,BlazeKick|Jolly||M|||50|]Incineroar||SitrusBerry|Intimidate|FlareBlitz,DarkestLariat,FakeOut,PartingShot|Adamant||F|||50|]Primarina||ChoiceScarf|LiquidVoice|HyperVoice,Blizzard,Moonblast,Psychic|Timid||M|||50|]Garchomp||LifeOrb|RoughSkin|DragonClaw,Earthquake,RockSlide,Protect|Jolly||F|||50|]Whimsicott||FocusSash|Prankster|Moonblast,Charm,Encore,Tailwind|Timid||F|||50|]Gengar||Gengarite|CursedBody|SludgeBomb,ShadowBall,FocusBlast,Protect|Timid||F|||50|
|showteam|p2|Aerodactyl||Aerodactylite|Unnerve|RockSlide,IceFang,Tailwind,WideGuard|Jolly||M|||50|]Kingambit||FocusSash|Defiant|KowtowCleave,SuckerPunch,IronHead,Protect|Adamant||M|||50|]Sylveon||FairyFeather|Pixilate|Detect,HyperVoice,HyperBeam,QuickAttack|Modest||M|||50|]Garchomp||LifeOrb|RoughSkin|Earthquake,DragonClaw,StompingTantrum,Protect|Jolly||M|||50|]Charizard||CharizarditeY|Blaze|Protect,HeatWave,SolarBeam,WeatherBall|Modest||M|||50|]Incineroar||SitrusBerry|Intimidate|DarkestLariat,FlareBlitz,FakeOut,PartingShot|Impish||M|||50|
|inactive|Battle timer is ON: inactive players will automatically lose when time's up. (requested by MMAonPoint)
|
|t:|1784209045
|teamsize|p1|4
|teamsize|p2|4
|start
|switch|p1a: Primarina|Primarina, L50, M, shiny|100/100
|switch|p1b: Whimsicott|Whimsicott, L50, F, shiny|100/100
|switch|p2a: Incineroar|Incineroar, L50, M|100/100
|switch|p2b: Charizard|Charizard, L50, M|100/100
|-ability|p2a: Incineroar|Intimidate|boost
|-unboost|p1a: Primarina|atk|1
|-unboost|p1b: Whimsicott|atk|1
|turn|1
|
|t:|1784209051
|detailschange|p2b: Charizard|Charizard-Mega-Y, L50, M
|-mega|p2b: Charizard|Charizard|Charizardite Y
|-weather|SunnyDay|[from] ability: Drought|[of] p2b: Charizard
|move|p2a: Incineroar|Fake Out|p1b: Whimsicott
|-damage|p1b: Whimsicott|85/100
|cant|p1b: Whimsicott|flinch
|move|p1a: Primarina|Hyper Voice|p2b: Charizard|[spread] p2a,p2b
|-supereffective|p2a: Incineroar|1
|-supereffective|p2b: Charizard|1
|-damage|p2a: Incineroar|69/100
|-damage|p2b: Charizard|68/100
|move|p2b: Charizard|Solar Beam||[still]
|-prepare|p2b: Charizard|Solar Beam
|-anim|p2b: Charizard|Solar Beam|p1a: Primarina
|-supereffective|p1a: Primarina|1
|-damage|p1a: Primarina|8/100
|
|-weather|SunnyDay|[upkeep]
|upkeep
|turn|2
|
|t:|1784209070
|move|p1b: Whimsicott|Tailwind|p1b: Whimsicott
|-sidestart|p1: MMAonPoint|move: Tailwind
|move|p1a: Primarina|Hyper Voice|p2a: Incineroar|[spread] p2a,p2b
|-supereffective|p2a: Incineroar|1
|-supereffective|p2b: Charizard|1
|-damage|p2a: Incineroar|36/100
|-damage|p2b: Charizard|37/100
|-enditem|p2a: Incineroar|Sitrus Berry|[eat]
|-heal|p2a: Incineroar|61/100|[from] item: Sitrus Berry
|move|p2b: Charizard|Solar Beam||[still]
|-prepare|p2b: Charizard|Solar Beam
|-anim|p2b: Charizard|Solar Beam|p1a: Primarina
|-supereffective|p1a: Primarina|1
|-damage|p1a: Primarina|0 fnt
|faint|p1a: Primarina
|move|p2a: Incineroar|Flare Blitz|p1b: Whimsicott
|-supereffective|p1b: Whimsicott|1
|-damage|p1b: Whimsicott|0 fnt
|faint|p1b: Whimsicott
|-damage|p2a: Incineroar|42/100|[from] Recoil
|
|-weather|SunnyDay|[upkeep]
|upkeep
|
|t:|1784209091
|switch|p1b: Garchomp|Garchomp, L50, F, shiny|100/100
|switch|p1a: Staraptor|Staraptor, L50, M, shiny|100/100
|-ability|p1a: Staraptor|Intimidate|boost
|-unboost|p2a: Incineroar|atk|1
|-unboost|p2b: Charizard|atk|1
|turn|3
|
|t:|1784209100
|switch|p2a: Sylveon|Sylveon, L50, M|100/100
|detailschange|p1a: Staraptor|Staraptor-Mega, L50, M, shiny
|-mega|p1a: Staraptor|Staraptor|Staraptite
|move|p1a: Staraptor|Close Combat|p2a: Sylveon
|-resisted|p2a: Sylveon|1
|-damage|p2a: Sylveon|61/100
|-boost|p1a: Staraptor|def|1
|-boost|p1a: Staraptor|spd|1
|move|p1b: Garchomp|Dragon Claw|p2b: Charizard
|-damage|p2b: Charizard|0 fnt
|faint|p2b: Charizard
|-damage|p1b: Garchomp|90/100|[from] item: Life Orb
|
|-weather|SunnyDay|[upkeep]
|upkeep
|
|t:|1784209107
|switch|p2b: Incineroar|Incineroar, L50, M|42/100
|-ability|p2b: Incineroar|Intimidate|boost
|-boost|p1a: Staraptor|atk|1
|-unboost|p1b: Garchomp|atk|1
|turn|4
|
|t:|1784209114
|move|p1a: Staraptor|Protect|p1a: Staraptor
|-singleturn|p1a: Staraptor|Protect
|move|p1b: Garchomp|Protect|p1b: Garchomp
|-singleturn|p1b: Garchomp|Protect
|move|p2b: Incineroar|Fake Out|p1a: Staraptor
|-activate|p1a: Staraptor|move: Protect
|move|p2a: Sylveon|Hyper Beam|p1a: Staraptor
|-activate|p1a: Staraptor|move: Protect
|
|-weather|SunnyDay|[upkeep]
|upkeep
|turn|5
|
|t:|1784209121
|move|p2a: Sylveon|Detect|p2a: Sylveon
|-singleturn|p2a: Sylveon|Protect
|move|p1a: Staraptor|Brave Bird|p2a: Sylveon
|-activate|p2a: Sylveon|move: Protect
|move|p1b: Garchomp|Earthquake|p2a: Sylveon|[spread] p2b
|-activate|p2a: Sylveon|move: Protect
|-immune|p1a: Staraptor
|-supereffective|p2b: Incineroar|1
|-damage|p2b: Incineroar|0 fnt
|faint|p2b: Incineroar
|-damage|p1b: Garchomp|80/100|[from] item: Life Orb
|
|-weather|none
|-sideend|p1: MMAonPoint|move: Tailwind
|upkeep
|
|t:|1784209125
|switch|p2b: Aerodactyl|Aerodactyl, L50, M|100/100
|-ability|p2b: Aerodactyl|Unnerve
|turn|6
|
|t:|1784209135
|move|p2b: Aerodactyl|Tailwind|p2b: Aerodactyl
|-sidestart|p2: KodeBeast0526|move: Tailwind
|move|p2a: Sylveon|Hyper Voice|p1b: Garchomp|[spread] p1a,p1b
|-supereffective|p1a: Staraptor|1
|-supereffective|p1b: Garchomp|1
|-damage|p1a: Staraptor|28/100
|-damage|p1b: Garchomp|0 fnt
|faint|p1b: Garchomp
|move|p1a: Staraptor|Close Combat|p2b: Aerodactyl
|-crit|p2b: Aerodactyl
|-damage|p2b: Aerodactyl|0 fnt
|-boost|p1a: Staraptor|def|1
|-boost|p1a: Staraptor|spd|1
|faint|p2b: Aerodactyl
|
|upkeep
|turn|7
|
|t:|1784209142
|move|p1a: Staraptor|Protect|p1a: Staraptor
|-singleturn|p1a: Staraptor|Protect
|move|p2a: Sylveon|Hyper Voice|p1a: Staraptor
|-activate|p1a: Staraptor|move: Protect
|
|upkeep
|turn|8
|
|t:|1784209150
|move|p2a: Sylveon|Hyper Voice|p1a: Staraptor
|-supereffective|p1a: Staraptor|1
|-damage|p1a: Staraptor|0 fnt
|faint|p1a: Staraptor
|
|win|KodeBeast0526
||MMAonPoint is ready for game 3.
||MMAonPoint is ready for game 3.
