|j|☆STL Donductor
|j|☆inoshikacho2
|html|STL Donductorinoshikacho2    
|uhtml|bestof|Game 1 of a best-of-3
|t:|1756433645
|gametype|doubles
|player|p1|STL Donductor|hilbert|1250
|player|p2|inoshikacho2|265|1381
|gen|9
|tier|[Gen 9] VGC 2025 Reg H (Bo3)
|rated|
|rule|Species Clause: Limit one of each Pokémon
|rule|Item Clause: Limit 1 of each item
|clearpoke
|poke|p1|Weezing-Galar, L50, M|
|poke|p1|Toedscruel, L50, F|
|poke|p1|Kilowattrel, L50, M|
|poke|p1|Garchomp, L50, M|
|poke|p1|Corviknight, L50, M|
|poke|p1|Typhlosion-Hisui, L50, M|
|poke|p2|Pelipper, L50, F|
|poke|p2|Archaludon, L50, F|
|poke|p2|Sinistcha, L50|
|poke|p2|Ursaluna, L50, M|
|poke|p2|Dragonite, L50, M|
|poke|p2|Incineroar, L50, M|
|teampreview|4
|showteam|p1|Weezing-Galar||ChoiceSpecs|NeutralizingGas|StrangeSteam,SludgeBomb,DazzlingGleam,Flamethrower|||M|||50|,,,,,Water]Toedscruel||CovertCloak|MyceliumMight|Spore,RagePowder,AcidSpray,EarthPower|||F|||50|,,,,,Water]Kilowattrel||FocusSash|Competitive|Discharge,AirSlash,Tailwind,Protect|||M|||50|,,,,,Ghost]Garchomp||LifeOrb|RoughSkin|Earthquake,DragonClaw,StompingTantrum,Protect|||M|||50|,,,,,Ground]Corviknight||SitrusBerry|MirrorArmor|BraveBird,Roost,Taunt,Protect|||M|||50|,,,,,Dragon]Typhlosion-Hisui||ChoiceScarf|Blaze|Eruption,HeatWave,ShadowBall,WillOWisp|||M|||50|,,,,,Fire
|showteam|p2|Pelipper||FocusSash|Drizzle|MuddyWater,Hurricane,Protect,Tailwind|||F|||50|,,,,,Ground]Archaludon||AssaultVest|Stamina|FlashCannon,BodyPress,ElectroShot,Snarl|||F|||50|,,,,,Bug]Sinistcha||SitrusBerry|Hospitality|MatchaGotcha,LifeDew,RagePowder,TrickRoom||||||50|,,,,,Dark]Ursaluna||FlameOrb|Guts|Protect,Facade,HeadlongRush,Earthquake|||M|||50|,,,,,Ghost]Dragonite||LoadedDice|Multiscale|Protect,ScaleShot,Haze,Tailwind|||M|||50|,,,,,Fairy]Incineroar||SafetyGoggles|Intimidate|FakeOut,PartingShot,KnockOff,FlareBlitz|||M|||50|,,,,,Ghost
|inactive|Battle timer is ON: inactive players will automatically lose when time's up. (requested by STL Donductor)
|inactive|STL Donductor has 60 seconds left.
|
|t:|1756433704
|teamsize|p1|4
|teamsize|p2|4
|start
|switch|p1a: Oleander|Weezing-Galar, L50, M, shiny|100/100
|switch|p1b: Mirkwood|Toedscruel, L50, F, shiny|100/100
|switch|p2a: Incineroar|Incineroar, L50, M|100/100
|switch|p2b: Sinistcha|Sinistcha, L50|100/100
|-ability|p1a: Oleander|Neutralizing Gas
|turn|1
|inactive|STL Donductor has 30 seconds left.
|inactive|STL Donductor has 20 seconds left.
|inactive|STL Donductor has 15 seconds left.
|inactive|STL Donductor has 10 seconds left.
|inactive|STL Donductor has 5 seconds left.
|
|t:|1756433754
|move|p2a: Incineroar|Fake Out|p1a: Oleander
|-damage|p1a: Oleander|89/100
|move|p1b: Mirkwood|Acid Spray|p2b: Sinistcha
|-damage|p2b: Sinistcha|93/100
|-unboost|p2b: Sinistcha|spd|2
|cant|p1a: Oleander|flinch
|move|p2b: Sinistcha|Trick Room|p2b: Sinistcha
|-fieldstart|move: Trick Room|[of] p2b: Sinistcha
|
|upkeep
|turn|2
|inactive|STL Donductor has 30 seconds left.
|inactive|STL Donductor has 20 seconds left.
|inactive|STL Donductor has 15 seconds left.
|inactive|STL Donductor has 10 seconds left.
|inactive|STL Donductor has 5 seconds left.
|
|t:|1756433806
|move|p1a: Oleander|Flamethrower|p2b: Sinistcha
|-supereffective|p2b: Sinistcha
|-damage|p2b: Sinistcha|0 fnt
|faint|p2b: Sinistcha
|move|p2a: Incineroar|Flare Blitz|p1b: Mirkwood
|-supereffective|p1b: Mirkwood
|-damage|p1b: Mirkwood|0 fnt
|faint|p1b: Mirkwood
|-damage|p2a: Incineroar|70/100|[from] Recoil
|
|upkeep
|
|t:|1756433820
|switch|p2b: Ursaluna|Ursaluna, L50, M|100/100
|switch|p1b: Voltaire|Kilowattrel, L50, M|100/100
|turn|3
|inactive|STL Donductor has 30 seconds left.
|inactive|inoshikacho2 has 30 seconds left.
|inactive|inoshikacho2 has 20 seconds left.
|inactive|inoshikacho2 has 15 seconds left.
|
|t:|1756433862
|-end|p1a: Oleander|ability: Neutralizing Gas
|-ability|p2a: Incineroar|Intimidate|boost
|-unboost|p1a: Oleander|atk|1
|-unboost|p1b: Voltaire|atk|1
|-ability|p1b: Voltaire|Competitive|boost
|-boost|p1b: Voltaire|spa|2
|switch|p1a: Greyscale|Garchomp, L50, M|100/100
|move|p2b: Ursaluna|Headlong Rush|p1a: Greyscale
|-damage|p1a: Greyscale|23/100
|-unboost|p2b: Ursaluna|def|1
|-unboost|p2b: Ursaluna|spd|1
|-damage|p2b: Ursaluna|88/100|[from] ability: Rough Skin|[of] p1a: Greyscale
|move|p2a: Incineroar|Knock Off|p1a: Greyscale
|-damage|p1a: Greyscale|0 fnt
|-damage|p2a: Incineroar|57/100|[from] ability: Rough Skin|[of] p1a: Greyscale
|-enditem|p1a: Greyscale|Life Orb|[from] move: Knock Off|[of] p2a: Incineroar
|faint|p1a: Greyscale
|move|p1b: Voltaire|Air Slash|p2b: Ursaluna
|-damage|p2b: Ursaluna|0 fnt
|faint|p2b: Ursaluna
|
|upkeep
|
|t:|1756433881
|switch|p2b: Dragonite|Dragonite, L50, M|100/100
|switch|p1a: Oleander|Weezing-Galar, L50, M, shiny|89/100
|-ability|p1a: Oleander|Neutralizing Gas
|turn|4
|
|t:|1756433904
|move|p2b: Dragonite|Protect|p2b: Dragonite
|-singleturn|p2b: Dragonite|Protect
|move|p1b: Voltaire|Protect|p1b: Voltaire
|-singleturn|p1b: Voltaire|Protect
|move|p1a: Oleander|Dazzling Gleam|p2a: Incineroar|[spread] p2a
|-activate|p2b: Dragonite|move: Protect
|-damage|p2a: Incineroar|27/100
|move|p2a: Incineroar|Flare Blitz|p1a: Oleander
|-damage|p1a: Oleander|46/100
|-damage|p2a: Incineroar|16/100|[from] Recoil
|
|upkeep
|turn|5
|inactive|STL Donductor has 30 seconds left.
|inactive|STL Donductor has 20 seconds left.
|inactive|STL Donductor has 15 seconds left.
|
|t:|1756433947
|-terastallize|p1a: Oleander|Water
|move|p1a: Oleander|Dazzling Gleam|p2b: Dragonite|[spread] p2a,p2b
|-supereffective|p2b: Dragonite
|-damage|p2a: Incineroar|0 fnt
|-damage|p2b: Dragonite|20/100
|faint|p2a: Incineroar
|move|p2b: Dragonite|Scale Shot|p1b: Voltaire
|-damage|p1b: Voltaire|73/100
|-damage|p1b: Voltaire|46/100
|-damage|p1b: Voltaire|19/100
|-damage|p1b: Voltaire|0 fnt
|faint|p1b: Voltaire
|-hitcount|p1: Voltaire|4
|-unboost|p2b: Dragonite|def|1
|-boost|p2b: Dragonite|spe|1
|
|-fieldend|move: Trick Room
|upkeep
|turn|6
|
|t:|1756433955
|move|p2b: Dragonite|Scale Shot|p1a: Oleander
|-damage|p1a: Oleander|33/100
|-damage|p1a: Oleander|17/100
|-damage|p1a: Oleander|3/100
|-damage|p1a: Oleander|0 fnt
|faint|p1a: Oleander
|-end|p1a: Oleander|ability: Neutralizing Gas
|-hitcount|p1: Oleander|4
|
|win|inoshikacho2
|c|☆inoshikacho2|?
