|j|☆refisio
|j|☆Duckie98
|html|refisioDuckie98    
|uhtml|bestof|Game 3 of a best-of-3
|t:|1783471754
|gametype|doubles
|player|p1|refisio|2|
|player|p2|Duckie98|1|
|gen|9
|tier|[Gen 9 Champions] VGC 2026 Reg M-B (Bo3)
|rule|Species Clause: Limit one of each Pokémon
|rule|Item Clause: Limit 1 of each item
|clearpoke
|poke|p1|Simipour, L50, M|
|poke|p1|Glimmora, L50, M|
|poke|p1|Aerodactyl, L50, F|
|poke|p1|Corviknight, L50, F|
|poke|p1|Maushold, L50|
|poke|p1|Annihilape, L50, M|
|poke|p2|Talonflame, L50, F|
|poke|p2|Tinkaton, L50, F|
|poke|p2|Politoed, L50, M|
|poke|p2|Dragonite, L50, M|
|poke|p2|Excadrill, L50, F|
|poke|p2|Hippowdon, L50, M|
|teampreview|4
|showteam|p1|Simipour||MysticWater|Torrent|FakeOut,Scald,IcyWind,HelpingHand|Timid||M|||50|]Glimmora||ChoiceScarf|ToxicDebris|EarthPower,EnergyBall,PowerGem,DazzlingGleam|Modest||M|||50|]Aerodactyl||FocusSash|Unnerve|DualWingbeat,RockSlide,Protect,Tailwind|Jolly||F|||50|]Corviknight||SitrusBerry|Unnerve|BodyPress,IronDefense,Roost,BraveBird|Impish||F|||50|]Maushold||ChopleBerry|FriendGuard|SuperFang,BeatUp,FollowMe,Protect|Timid|||||50|]Annihilape||Leftovers|Defiant|RageFist,DrainPunch,Protect,BulkUp|Adamant||M|||50|
|showteam|p2|Talonflame|||GaleWings|Tailwind,Acrobatics,BlazeKick,Taunt|Jolly||F|||50|]Tinkaton||Leftovers|MoldBreaker|GigatonHammer,PlayRough,FakeOut,Protect|Impish||F|||50|]Politoed||DampRock|Drizzle|Encore,Surf,LowKick,Psychic|Bold||M|||50|]Dragonite||Dragoninite|Multiscale|IceBeam,DracoMeteor,Hurricane,Thunder|Modest||M|||50|]Excadrill||ExpertBelt|SandRush|Earthquake,IronHead,RockSlide,Protect|Adamant||F|||50|]Hippowdon||ChestoBerry|SandStream|HighHorsepower,RockSlide,Protect,Rest|Impish||M|||50|
|j| skittycel
|l| skittycel
|
|t:|1783471811
|teamsize|p1|4
|teamsize|p2|4
|start
|switch|p1a: Maushold|Maushold, L50|100/100
|switch|p1b: Annihilape|Annihilape, L50, M|100/100
|switch|p2a: The Arrogant|Tinkaton, L50, F|100/100
|switch|p2b: Dragonite|Dragonite, L50, M|100/100
|-ability|p2a: The Arrogant|Mold Breaker
|turn|1
|
|t:|1783471842
|switch|p2b: Hippowdon|Hippowdon, L50, M|100/100
|-weather|Sandstorm|[from] ability: Sand Stream|[of] p2b: Hippowdon
|move|p1b: Annihilape|Protect|p1b: Annihilape
|-singleturn|p1b: Annihilape|Protect
|move|p2a: The Arrogant|Fake Out|p1a: Maushold
|-damage|p1a: Maushold|87/100
|cant|p1a: Maushold|flinch
|
|-weather|Sandstorm|[upkeep]
|-damage|p1a: Maushold|81/100|[from] Sandstorm
|-damage|p1b: Annihilape|94/100|[from] Sandstorm
|-heal|p1b: Annihilape|100/100|[from] item: Leftovers
|upkeep
|turn|2
|
|t:|1783471875
|move|p1a: Maushold|Beat Up|p1b: Annihilape
|-damage|p1b: Annihilape|98/100
|-damage|p1b: Annihilape|96/100
|-damage|p1b: Annihilape|94/100
|-damage|p1b: Annihilape|93/100
|-hitcount|p1b: Annihilape|4
|move|p2a: The Arrogant|Play Rough|p1b: Annihilape
|-supereffective|p1b: Annihilape|1
|-damage|p1b: Annihilape|23/100
|move|p1b: Annihilape|Drain Punch|p2a: The Arrogant
|-damage|p2a: The Arrogant|58/100
|-heal|p1b: Annihilape|40/100|[from] drain|[of] p2a: The Arrogant
|move|p2b: Hippowdon|Rock Slide|p1b: Annihilape|[spread] p1a,p1b
|-resisted|p1b: Annihilape|1
|-damage|p1a: Maushold|61/100
|-damage|p1b: Annihilape|35/100
|
|-weather|Sandstorm|[upkeep]
|-damage|p1a: Maushold|55/100|[from] Sandstorm
|-damage|p1b: Annihilape|29/100|[from] Sandstorm
|-heal|p2a: The Arrogant|64/100|[from] item: Leftovers
|-heal|p1b: Annihilape|35/100|[from] item: Leftovers
|upkeep
|turn|3
|
|t:|1783471903
|move|p1a: Maushold|Follow Me|p1a: Maushold
|-singleturn|p1a: Maushold|move: Follow Me
|move|p2a: The Arrogant|Play Rough|p1a: Maushold
|-damage|p1a: Maushold|15/100
|move|p1b: Annihilape|Rage Fist|p2a: The Arrogant
|-damage|p2a: The Arrogant|0 fnt
|faint|p2a: The Arrogant
|move|p2b: Hippowdon|High Horsepower|p1a: Maushold|[miss]
|-miss|p2b: Hippowdon|p1a: Maushold
|
|-weather|Sandstorm|[upkeep]
|-damage|p1a: Maushold|9/100|[from] Sandstorm
|-damage|p1b: Annihilape|29/100|[from] Sandstorm
|-heal|p1b: Annihilape|35/100|[from] item: Leftovers
|upkeep
|
|t:|1783471917
|switch|p2a: Excadrill|Excadrill, L50, F|100/100
|turn|4
|
|t:|1783471926
|move|p2b: Hippowdon|Protect|p2b: Hippowdon
|-singleturn|p2b: Hippowdon|Protect
|move|p1a: Maushold|Follow Me|p1a: Maushold
|-singleturn|p1a: Maushold|move: Follow Me
|move|p2a: Excadrill|Earthquake|p1b: Annihilape|[spread] p1a,p1b
|-activate|p2b: Hippowdon|move: Protect
|-crit|p1b: Annihilape
|-damage|p1a: Maushold|0 fnt
|-damage|p1b: Annihilape|0 fnt
|faint|p1a: Maushold
|faint|p1b: Annihilape
|
|-weather|Sandstorm|[upkeep]
|upkeep
|
|t:|1783471937
|switch|p1a: Corviknight|Corviknight, L50, F|100/100
|switch|p1b: Glimmora|Glimmora, L50, M|100/100
|-ability|p1a: Corviknight|Unnerve
|turn|5
|
|t:|1783471956
|move|p2a: Excadrill|Iron Head|p1b: Glimmora
|-supereffective|p1b: Glimmora|1
|-damage|p1b: Glimmora|0 fnt
|-activate|p1b: Glimmora|ability: Toxic Debris
|-sidestart|p2: Duckie98|move: Toxic Spikes
|faint|p1b: Glimmora
|move|p1a: Corviknight|Iron Defense|p1a: Corviknight
|-boost|p1a: Corviknight|def|2
|move|p2b: Hippowdon|Rock Slide|p1a: Corviknight
|-damage|p1a: Corviknight|94/100
|
|-weather|none
|upkeep
|turn|6
|
|t:|1783471973
|switch|p2b: Dragonite|Dragonite, L50, M|100/100
|move|p2a: Excadrill|Iron Head|p1a: Corviknight
|-resisted|p1a: Corviknight|1
|-damage|p1a: Corviknight|86/100
|move|p1a: Corviknight|Body Press|p2a: Excadrill
|-supereffective|p2a: Excadrill|1
|-damage|p2a: Excadrill|0 fnt
|faint|p2a: Excadrill
|
|upkeep
|
|t:|1783471981
|switch|p2a: Hippowdon|Hippowdon, L50, M|100/100
|-status|p2a: Hippowdon|psn
|-weather|Sandstorm|[from] ability: Sand Stream|[of] p2a: Hippowdon
|turn|7
|
|t:|1783471991
|detailschange|p2b: Dragonite|Dragonite-Mega, L50, M
|-mega|p2b: Dragonite|Dragonite|Dragoninite
|move|p2b: Dragonite|Draco Meteor|p1a: Corviknight
|-resisted|p1a: Corviknight|1
|-damage|p1a: Corviknight|43/100
|-unboost|p2b: Dragonite|spa|2
|-enditem|p1a: Corviknight|Sitrus Berry|[eat]
|-heal|p1a: Corviknight|68/100|[from] item: Sitrus Berry
|move|p1a: Corviknight|Body Press|p2b: Dragonite
|-resisted|p2b: Dragonite|1
|-damage|p2b: Dragonite|89/100
|move|p2a: Hippowdon|Rock Slide|p1a: Corviknight
|-crit|p1a: Corviknight
|-damage|p1a: Corviknight|51/100
|
|-weather|Sandstorm|[upkeep]
|-damage|p2b: Dragonite|83/100|[from] Sandstorm
|-damage|p2a: Hippowdon|87/100 psn|[from] psn
|upkeep
|turn|8
|
|t:|1783472015
|move|p2b: Dragonite|Ice Beam|p1a: Corviknight
|-damage|p1a: Corviknight|32/100
|move|p1a: Corviknight|Roost|p1a: Corviknight
|-heal|p1a: Corviknight|82/100
|-singleturn|p1a: Corviknight|move: Roost
|move|p2a: Hippowdon|High Horsepower|p1a: Corviknight
|-supereffective|p1a: Corviknight|1
|-damage|p1a: Corviknight|58/100
|
|-weather|Sandstorm|[upkeep]
|-damage|p2b: Dragonite|77/100|[from] Sandstorm
|-damage|p2a: Hippowdon|75/100 psn|[from] psn
|upkeep
|turn|9
|
|t:|1783472029
|move|p2b: Dragonite|Ice Beam|p1a: Corviknight
|-damage|p1a: Corviknight|40/100
|move|p1a: Corviknight|Roost|p1a: Corviknight
|-heal|p1a: Corviknight|90/100
|-singleturn|p1a: Corviknight|move: Roost
|move|p2a: Hippowdon|Rock Slide|p1a: Corviknight
|-resisted|p1a: Corviknight|1
|-damage|p1a: Corviknight|87/100
|
|-weather|Sandstorm|[upkeep]
|-damage|p2b: Dragonite|71/100|[from] Sandstorm
|-damage|p2a: Hippowdon|63/100 psn|[from] psn
|upkeep
|turn|10
|
|t:|1783472047
|move|p2b: Dragonite|Ice Beam|p1a: Corviknight
|-damage|p1a: Corviknight|68/100
|-status|p1a: Corviknight|frz
|cant|p1a: Corviknight|frz
|move|p2a: Hippowdon|High Horsepower|p1a: Corviknight
|-immune|p1a: Corviknight
|
|-weather|Sandstorm|[upkeep]
|-damage|p2b: Dragonite|65/100|[from] Sandstorm
|-damage|p2a: Hippowdon|51/100 psn|[from] psn
|upkeep
|turn|11
|
|t:|1783472060
|move|p2b: Dragonite|Ice Beam|p1a: Corviknight
|-damage|p1a: Corviknight|49/100 frz
|cant|p1a: Corviknight|frz
|move|p2a: Hippowdon|Rest|p2a: Hippowdon
|-status|p2a: Hippowdon|slp|[from] move: Rest
|-heal|p2a: Hippowdon|100/100 slp|[silent]
|
|-weather|none
|upkeep
|turn|12
|
|t:|1783472078
|move|p2b: Dragonite|Ice Beam|p1a: Corviknight
|-damage|p1a: Corviknight|30/100 frz
|-curestatus|p1a: Corviknight|frz|[msg]
|move|p1a: Corviknight|Roost|p1a: Corviknight
|-heal|p1a: Corviknight|80/100
|-singleturn|p1a: Corviknight|move: Roost
|cant|p2a: Hippowdon|slp
|
|upkeep
|turn|13
|
|t:|1783472092
|move|p2b: Dragonite|Ice Beam|p1a: Corviknight
|-damage|p1a: Corviknight|61/100
|-status|p1a: Corviknight|frz
|-curestatus|p1a: Corviknight|frz|[msg]
|move|p1a: Corviknight|Body Press|p2b: Dragonite
|-resisted|p2b: Dragonite|1
|-damage|p2b: Dragonite|44/100
|cant|p2a: Hippowdon|slp
|
|upkeep
|turn|14
|j| MiXwX_
|
|t:|1783472103
|move|p2b: Dragonite|Ice Beam|p1a: Corviknight
|-damage|p1a: Corviknight|41/100
|move|p1a: Corviknight|Body Press|p2b: Dragonite
|-resisted|p2b: Dragonite|1
|-damage|p2b: Dragonite|23/100
|-curestatus|p2a: Hippowdon|slp|[msg]
|move|p2a: Hippowdon|Rock Slide|p1a: Corviknight
|-damage|p1a: Corviknight|35/100
|
|upkeep
|turn|15
|
|t:|1783472115
|move|p2b: Dragonite|Ice Beam|p1a: Corviknight
|-damage|p1a: Corviknight|16/100
|move|p1a: Corviknight|Roost|p1a: Corviknight
|-heal|p1a: Corviknight|66/100
|-singleturn|p1a: Corviknight|move: Roost
|move|p2a: Hippowdon|Rock Slide|p1a: Corviknight
|-resisted|p1a: Corviknight|1
|-damage|p1a: Corviknight|63/100
|
|upkeep
|turn|16
|
|t:|1783472131
|move|p2b: Dragonite|Ice Beam|p1a: Corviknight
|-damage|p1a: Corviknight|45/100
|move|p1a: Corviknight|Body Press|p2b: Dragonite
|-resisted|p2b: Dragonite|1
|-damage|p2b: Dragonite|4/100
|move|p2a: Hippowdon|Rock Slide|p1a: Corviknight
|-crit|p1a: Corviknight
|-damage|p1a: Corviknight|26/100
|
|upkeep
|turn|17
|
|t:|1783472146
|move|p2b: Dragonite|Ice Beam|p1a: Corviknight
|-damage|p1a: Corviknight|8/100
|move|p1a: Corviknight|Roost|p1a: Corviknight
|-heal|p1a: Corviknight|59/100
|-singleturn|p1a: Corviknight|move: Roost
|move|p2a: Hippowdon|High Horsepower|p1a: Corviknight
|-supereffective|p1a: Corviknight|1
|-damage|p1a: Corviknight|35/100
|
|upkeep
|turn|18
|
|t:|1783472168
|move|p2b: Dragonite|Ice Beam|p1a: Corviknight
|-damage|p1a: Corviknight|15/100
|move|p1a: Corviknight|Roost|p1a: Corviknight
|-heal|p1a: Corviknight|65/100
|-singleturn|p1a: Corviknight|move: Roost
|move|p2a: Hippowdon|Rock Slide|p1a: Corviknight
|-resisted|p1a: Corviknight|1
|-damage|p1a: Corviknight|62/100
|
|upkeep
|turn|19
|
|t:|1783472183
|move|p2b: Dragonite|Ice Beam|p1a: Corviknight
|-damage|p1a: Corviknight|43/100
|move|p1a: Corviknight|Body Press|p2b: Dragonite
|-resisted|p2b: Dragonite|1
|-damage|p2b: Dragonite|0 fnt
|faint|p2b: Dragonite
|move|p2a: Hippowdon|Rock Slide|p1a: Corviknight
|-damage|p1a: Corviknight|38/100
|
|upkeep
|turn|20
|
|t:|1783472202
|move|p1a: Corviknight|Body Press|p2a: Hippowdon
|-damage|p2a: Hippowdon|70/100
|move|p2a: Hippowdon|Rock Slide|p1a: Corviknight
|-damage|p1a: Corviknight|32/100
|
|upkeep
|turn|21
|
|t:|1783472209
|move|p1a: Corviknight|Iron Defense|p1a: Corviknight
|-boost|p1a: Corviknight|def|2
|move|p2a: Hippowdon|Rock Slide|p1a: Corviknight
|-damage|p1a: Corviknight|28/100
|
|upkeep
|turn|22
|
|t:|1783472222
|move|p1a: Corviknight|Body Press|p2a: Hippowdon
|-damage|p2a: Hippowdon|25/100
|move|p2a: Hippowdon|Rock Slide|p1a: Corviknight
|-damage|p1a: Corviknight|23/100
|
|upkeep
|turn|23
|
|t:|1783472229
|move|p1a: Corviknight|Body Press|p2a: Hippowdon
|-damage|p2a: Hippowdon|0 fnt
|faint|p2a: Hippowdon
|
|win|refisio
