|j|☆fosa25
|j|☆Mtcoc2
|html|fosa25Mtcoc2    
|uhtml|bestof|Game 3 of a best-of-3
|t:|1757003063
|gametype|doubles
|player|p1|fosa25|psychicf|1235
|player|p2|Mtcoc2|169|1247
|gen|9
|tier|[Gen 9] VGC 2025 Reg H (Bo3)
|rated|
|rule|Species Clause: Limit one of each Pokémon
|rule|Item Clause: Limit 1 of each item
|clearpoke
|poke|p1|Gholdengo, L50|
|poke|p1|Magmar, L50, F|
|poke|p1|Dragonite, L50, F|
|poke|p1|Rillaboom, L50, M|
|poke|p1|Annihilape, L50, M|
|poke|p1|Sylveon, L50, F|
|poke|p2|Charizard, L50, M|
|poke|p2|Torkoal, L50, M|
|poke|p2|Porygon2, L50|
|poke|p2|Incineroar, L50, M|
|poke|p2|Jumpluff, L50, F|
|poke|p2|Ursaluna, L50, F|
|teampreview|4
|showteam|p1|Gholdengo||LifeOrb|GoodasGold|Protect,NastyPlot,MakeItRain,ShadowBall||||||50|,,,,,Water]Magmar||Eviolite|VitalSpirit|Taunt,WillOWisp,FollowMe,BurningJealousy|||F|||50|,,,,,Ghost]Dragonite||LoadedDice|Multiscale|Protect,Haze,Tailwind,ScaleShot|||F|||50|,,,,,Fairy]Rillaboom||AssaultVest|GrassySurge|FakeOut,GrassyGlide,WoodHammer,HighHorsepower|||M|||50|,,,,,Fire]Annihilape||SafetyGoggles|Defiant|Protect,BulkUp,RageFist,DrainPunch|||M|||50|,,,,,Steel]Sylveon||ThroatSpray|Pixilate|TeraBlast,HyperVoice,Protect,BabyDollEyes|||F|||50|,,,,,Water
|showteam|p2|Charizard||ChoiceSpecs|SolarPower|HeatWave,Overheat,WeatherBall,AirSlash|||M|||50|,,,,,Ghost]Torkoal||EjectPack|Drought|Eruption,Overheat,HelpingHand,Protect|||M|||50|,,,,,Fire]Porygon2||Eviolite|Download|TeraBlast,IceBeam,Recover,TrickRoom||||||50|,,,,,Fighting]Incineroar||SitrusBerry|Intimidate|FlareBlitz,KnockOff,FakeOut,PartingShot|||M|||50|,,,,,Ghost]Jumpluff||CovertCloak|Chlorophyll|SleepPowder,SunnyDay,RagePowder,Tailwind|||F|||50|,,,,,Water]Ursaluna||FlameOrb|Guts|HeadlongRush,Facade,Earthquake,Protect|||F|||50|,,,,,Ghost
|inactive|Battle timer is ON: inactive players will automatically lose when time's up. (requested by fosa25)
|
|t:|1757003079
|teamsize|p1|4
|teamsize|p2|4
|start
|switch|p1a: Dragonite|Dragonite, L50, F|100/100
|switch|p1b: Sylveon|Sylveon, L50, F|100/100
|switch|p2a: Porygon2|Porygon2, L50|100/100
|switch|p2b: Ursaluna|Ursaluna, L50, F|100/100
|-ability|p2a: Porygon2|Download|boost
|-boost|p2a: Porygon2|atk|1
|turn|1
|
|t:|1757003095
|switch|p1a: Magmar|Magmar, L50, F|100/100
|move|p2b: Ursaluna|Protect|p2b: Ursaluna
|-singleturn|p2b: Ursaluna|Protect
|move|p1b: Sylveon|Hyper Voice|p2a: Porygon2|[spread] p2a
|-activate|p2b: Ursaluna|move: Protect
|-damage|p2a: Porygon2|78/100
|-enditem|p1b: Sylveon|Throat Spray
|-boost|p1b: Sylveon|spa|1|[from] item: Throat Spray
|move|p2a: Porygon2|Trick Room|p2a: Porygon2
|-fieldstart|move: Trick Room|[of] p2a: Porygon2
|
|-status|p2b: Ursaluna|brn|[from] item: Flame Orb
|upkeep
|turn|2
|inactive|Mtcoc2 has 30 seconds left.
|
|t:|1757003121
|move|p1a: Magmar|Follow Me|p1a: Magmar
|-singleturn|p1a: Magmar|move: Follow Me
|move|p1b: Sylveon|Baby-Doll Eyes|p2b: Ursaluna
|-unboost|p2b: Ursaluna|atk|1
|move|p2a: Porygon2|Recover|p2a: Porygon2
|-heal|p2a: Porygon2|100/100
|move|p2b: Ursaluna|Headlong Rush|p1a: Magmar
|-supereffective|p1a: Magmar
|-damage|p1a: Magmar|0 fnt
|-unboost|p2b: Ursaluna|def|1
|-unboost|p2b: Ursaluna|spd|1
|faint|p1a: Magmar
|
|-damage|p2b: Ursaluna|95/100 brn|[from] brn
|upkeep
|
|t:|1757003133
|switch|p1a: Dragonite|Dragonite, L50, F|100/100
|turn|3
|
|t:|1757003148
|move|p1b: Sylveon|Protect|p1b: Sylveon
|-singleturn|p1b: Sylveon|Protect
|move|p1a: Dragonite|Protect|p1a: Dragonite
|-singleturn|p1a: Dragonite|Protect
|move|p2a: Porygon2|Ice Beam|p1a: Dragonite
|-activate|p1a: Dragonite|move: Protect
|move|p2b: Ursaluna|Facade|p1b: Sylveon
|-activate|p1b: Sylveon|move: Protect
|
|-damage|p2b: Ursaluna|89/100 brn|[from] brn
|upkeep
|turn|4
|
|t:|1757003162
|-terastallize|p1a: Dragonite|Fairy
|move|p1b: Sylveon|Baby-Doll Eyes|p2b: Ursaluna
|-unboost|p2b: Ursaluna|atk|1
|move|p2a: Porygon2|Ice Beam|p1a: Dragonite
|-damage|p1a: Dragonite|85/100
|move|p2b: Ursaluna|Facade|p1a: Dragonite
|-damage|p1a: Dragonite|15/100
|move|p1a: Dragonite|Scale Shot|p2b: Ursaluna
|-damage|p2b: Ursaluna|74/100 brn
|-damage|p2b: Ursaluna|57/100 brn
|-damage|p2b: Ursaluna|42/100 brn
|-damage|p2b: Ursaluna|27/100 brn
|-hitcount|p2b: Ursaluna|4
|-unboost|p1a: Dragonite|def|1
|-boost|p1a: Dragonite|spe|1
|
|-damage|p2b: Ursaluna|22/100 brn|[from] brn
|upkeep
|turn|5
|
|t:|1757003187
|switch|p2b: Charizard|Charizard, L50, M|100/100
|move|p1a: Dragonite|Protect|p1a: Dragonite
|-singleturn|p1a: Dragonite|Protect
|move|p2a: Porygon2|Tera Blast|p1a: Dragonite
|-activate|p1a: Dragonite|move: Protect
|move|p1b: Sylveon|Hyper Voice|p2a: Porygon2|[spread] p2a,p2b
|-resisted|p2b: Charizard
|-damage|p2a: Porygon2|66/100
|-damage|p2b: Charizard|65/100
|
|-fieldend|move: Trick Room
|upkeep
|turn|6
|inactive|fosa25 has 30 seconds left.
|inactive|Mtcoc2 has 30 seconds left.
|
|t:|1757003220
|switch|p2b: Ursaluna|Ursaluna, L50, F|22/100 brn
|move|p1a: Dragonite|Scale Shot|p2a: Porygon2
|-crit|p2a: Porygon2
|-damage|p2a: Porygon2|52/100
|-damage|p2a: Porygon2|43/100
|-damage|p2a: Porygon2|34/100
|-damage|p2a: Porygon2|26/100
|-damage|p2a: Porygon2|17/100
|-hitcount|p2a: Porygon2|5
|-unboost|p1a: Dragonite|def|1
|-boost|p1a: Dragonite|spe|1
|move|p1b: Sylveon|Tera Blast|p2a: Porygon2
|-crit|p2a: Porygon2
|-damage|p2a: Porygon2|0 fnt
|faint|p2a: Porygon2
|
|-damage|p2b: Ursaluna|16/100 brn|[from] brn
|upkeep
|
|t:|1757003237
|switch|p2a: Torkoal|Torkoal, L50, M|100/100
|-weather|SunnyDay|[from] ability: Drought|[of] p2a: Torkoal
|turn|7
|
|t:|1757003253
|move|p1a: Dragonite|Tailwind|p1a: Dragonite
|-sidestart|p1: fosa25|move: Tailwind
|move|p1b: Sylveon|Hyper Voice|p2a: Torkoal|[spread] p2a,p2b
|-resisted|p2a: Torkoal
|-damage|p2a: Torkoal|65/100
|-damage|p2b: Ursaluna|0 fnt
|faint|p2b: Ursaluna
|move|p2a: Torkoal|Overheat|p1a: Dragonite
|-damage|p1a: Dragonite|0 fnt
|-unboost|p2a: Torkoal|spa|2
|faint|p1a: Dragonite
|-enditem|p2a: Torkoal|Eject Pack
|
|t:|1757003263
|switch|p2a: Charizard|Charizard, L50, M|65/100
|
|-weather|SunnyDay|[upkeep]
|-damage|p2a: Charizard|52/100|[from] ability: Solar Power|[of] p2a: Charizard
|upkeep
|
|t:|1757003268
|switch|p1a: Gholdengo|Gholdengo, L50|100/100
|switch|p2b: Torkoal|Torkoal, L50, M|65/100
|turn|8
|
|t:|1757003279
|-terastallize|p2b: Torkoal|Fire
|move|p1a: Gholdengo|Shadow Ball|p2a: Charizard
|-damage|p2a: Charizard|0 fnt
|faint|p2a: Charizard
|-damage|p1a: Gholdengo|91/100|[from] item: Life Orb
|move|p1b: Sylveon|Hyper Voice|p2b: Torkoal
|-resisted|p2b: Torkoal
|-damage|p2b: Torkoal|16/100
|move|p2b: Torkoal|Eruption|p1b: Sylveon|[spread] p1a,p1b
|-supereffective|p1a: Gholdengo
|-damage|p1a: Gholdengo|60/100
|-damage|p1b: Sylveon|89/100
|
|-weather|SunnyDay|[upkeep]
|upkeep
|turn|9
|c|☆fosa25|Gg
|-message|Mtcoc2 forfeited.
|
|win|fosa25
|raw|fosa25's rating: 1235 → 1261(+26 for winning)
|raw|Mtcoc2's rating: 1247 → 1221(-26 for losing)
|l|☆Mtcoc2
|player|p2|
