|j|☆marillrag1
|j|☆1Manuel1410
|html|marillrag11Manuel1410    
|uhtml|bestof|Game 1 of a best-of-3
|t:|1785167262
|gametype|doubles
|player|p1|marillrag1|265|1156
|player|p2|1Manuel1410|pokemaniac|1125
|gen|9
|tier|[Gen 9 Champions] VGC 2026 Reg M-B (Bo3)
|rated|
|rule|Species Clause: Limit one of each Pokémon
|rule|Item Clause: Limit 1 of each item
|clearpoke
|poke|p1|Raichu, L50, M|
|poke|p1|Sylveon, L50, M|
|poke|p1|Arcanine-Hisui, L50, F|
|poke|p1|Kingambit, L50, F|
|poke|p1|Farigiraf, L50, F|
|poke|p1|Staraptor, L50, M|
|poke|p2|Gengar, L50, F|
|poke|p2|Incineroar, L50, M|
|poke|p2|Sinistcha, L50|
|poke|p2|Tinkaton, L50, F|
|poke|p2|Kommo-o, L50, M|
|poke|p2|Rotom-Wash, L50|
|teampreview|4
|showteam|p1|Raichu||RaichuniteY|LightningRod|Protect,ZapCannon,FocusBlast,FakeOut|Timid||M|||50|]Sylveon||FairyFeather|Pixilate|Detect,HyperVoice,HyperBeam,QuickAttack|Modest||M|||50|]Arcanine-Hisui||FocusSash|RockHead|Protect,FlareBlitz,HeadSmash,ExtremeSpeed|Jolly||F|||50|]Kingambit||LifeOrb|Defiant|Protect,KowtowCleave,SwordsDance,SuckerPunch|Adamant||F|||50|]Farigiraf||SitrusBerry|ArmorTail|Protect,Psychic,HelpingHand,TrickRoom|Calm||F|||50|]Staraptor||Staraptite|Intimidate|Protect,DualWingbeat,CloseCombat,Tailwind|Jolly||M|||50|
|showteam|p2|Gengar||Gengarite|CursedBody|Protect,PerishSong,Disable,ShadowBall|Modest||F|||50|]Incineroar||IronBall|Intimidate|Protect,FakeOut,PartingShot,FlareBlitz|Impish||M|||50|]Sinistcha||FocusSash|Hospitality|Protect,TrickRoom,MatchaGotcha,RagePowder|Relaxed|||||50|]Tinkaton||SitrusBerry|MoldBreaker|Protect,Encore,FakeOut,GigatonHammer|Jolly||F|||50|]Kommo-o||Leftovers|Soundproof|ClangorousSoul,AuraSphere,DragonPulse,Protect|Timid||M|||50|]Rotom-Wash||WideLens|Levitate|Protect,Thunderbolt,HydroPump,WillOWisp|Calm|||||50|
|inactive|Battle timer is ON: inactive players will automatically lose when time's up. (requested by 1Manuel1410)
|inactive|marillrag1 has 60 seconds left.
|inactive|marillrag1 has 30 seconds left.
|inactive|marillrag1 has 20 seconds left.
|
|t:|1785167334
|teamsize|p1|4
|teamsize|p2|4
|start
|switch|p1a: Staraptor|Staraptor, L50, M|100/100
|switch|p1b: Farigiraf|Farigiraf, L50, F|100/100
|switch|p2a: Tinkaton|Tinkaton, L50, F|100/100
|switch|p2b: Gengar|Gengar, L50, F|100/100
|-ability|p1a: Staraptor|Intimidate|boost
|-unboost|p2a: Tinkaton|atk|1
|-unboost|p2b: Gengar|atk|1
|-ability|p2a: Tinkaton|Mold Breaker
|turn|1
|
|t:|1785167357
|switch|p1a: Kingambit|Kingambit, L50, F|100/100
|detailschange|p2b: Gengar|Gengar-Mega, L50, F
|-mega|p2b: Gengar|Gengar|Gengarite
|move|p2a: Tinkaton|Fake Out|p1a: Kingambit
|-resisted|p1a: Kingambit|1
|-damage|p1a: Kingambit|97/100
|move|p2b: Gengar|Perish Song|p2b: Gengar
|-start|p1a: Kingambit|perish3|[silent]
|-start|p1b: Farigiraf|perish3|[silent]
|-start|p2a: Tinkaton|perish3|[silent]
|-start|p2b: Gengar|perish3|[silent]
|-fieldactivate|move: Perish Song
|move|p1b: Farigiraf|Trick Room|p1b: Farigiraf
|-fieldstart|move: Trick Room|[of] p1b: Farigiraf
|
|-start|p1a: Kingambit|perish3
|-start|p1b: Farigiraf|perish3
|-start|p2a: Tinkaton|perish3
|-start|p2b: Gengar|perish3
|upkeep
|turn|2
|inactive|marillrag1 has 30 seconds left.
|inactive|marillrag1 has 20 seconds left.
|
|t:|1785167395
|switch|p2a: Rotom|Rotom-Wash, L50|100/100
|move|p2b: Gengar|Protect|p2b: Gengar
|-singleturn|p2b: Gengar|Protect
|move|p1a: Kingambit|Swords Dance|p1a: Kingambit
|-boost|p1a: Kingambit|atk|2
|move|p1b: Farigiraf|Psychic|p2b: Gengar
|-activate|p2b: Gengar|move: Protect
|
|-start|p1a: Kingambit|perish2
|-start|p1b: Farigiraf|perish2
|-start|p2b: Gengar|perish2
|upkeep
|turn|3
|
|t:|1785167419
|switch|p2b: Tinkaton|Tinkaton, L50, F|100/100
|-ability|p2b: Tinkaton|Mold Breaker
|move|p1a: Kingambit|Kowtow Cleave|p2b: Tinkaton
|-resisted|p2b: Tinkaton|1
|-damage|p2b: Tinkaton|19/100
|-enditem|p2b: Tinkaton|Sitrus Berry|[eat]
|-heal|p2b: Tinkaton|44/100|[from] item: Sitrus Berry
|-damage|p1a: Kingambit|87/100|[from] item: Life Orb
|move|p1b: Farigiraf|Psychic|p2a: Rotom
|-damage|p2a: Rotom|72/100
|move|p2a: Rotom|Will-O-Wisp|p1a: Kingambit
|-status|p1a: Kingambit|brn
|
|-damage|p1a: Kingambit|82/100 brn|[from] brn
|-start|p1a: Kingambit|perish1
|-start|p1b: Farigiraf|perish1
|upkeep
|turn|4
|
|t:|1785167440
|switch|p1a: Sylveon|Sylveon, L50, M|100/100
|switch|p1b: Staraptor|Staraptor, L50, M|100/100
|-ability|p1b: Staraptor|Intimidate|boost
|-unboost|p2a: Rotom|atk|1
|-unboost|p2b: Tinkaton|atk|1
|move|p2b: Tinkaton|Fake Out|p1a: Sylveon
|-damage|p1a: Sylveon|92/100
|move|p2a: Rotom|Thunderbolt|p1a: Sylveon
|-damage|p1a: Sylveon|65/100
|
|upkeep
|turn|5
|inactive|marillrag1 has 30 seconds left.
|inactive|1Manuel1410 has 30 seconds left.
|inactive|marillrag1 has 20 seconds left.
|inactive|marillrag1 has 15 seconds left.
|
|t:|1785167483
|switch|p2b: Sinistcha|Sinistcha, L50|100/100
|-heal|p2a: Rotom|97/100|[from] ability: Hospitality|[of] p2b: Sinistcha
|switch|p1b: Kingambit|Kingambit, L50, F|82/100 brn
|move|p1a: Sylveon|Hyper Beam|p2b: Sinistcha
|-enditem|p2b: Sinistcha|Focus Sash
|-damage|p2b: Sinistcha|1/100
|-mustrecharge|p1a: Sylveon
|move|p2a: Rotom|Will-O-Wisp|p1b: Kingambit
|-fail|p1b: Kingambit|brn
|
|-damage|p1b: Kingambit|76/100 brn|[from] brn
|-fieldend|move: Trick Room
|upkeep
|turn|6
|
|t:|1785167500
|switch|p2b: Tinkaton|Tinkaton, L50, F|44/100
|-ability|p2b: Tinkaton|Mold Breaker
|move|p2a: Rotom|Hydro Pump|p1b: Kingambit
|-damage|p1b: Kingambit|42/100 brn
|cant|p1a: Sylveon|recharge
|move|p1b: Kingambit|Swords Dance|p1b: Kingambit
|-boost|p1b: Kingambit|atk|2
|
|-damage|p1b: Kingambit|37/100 brn|[from] brn
|upkeep
|turn|7
|
|t:|1785167521
|switch|p2a: Sinistcha|Sinistcha, L50|1/100
|-heal|p2b: Tinkaton|68/100|[from] ability: Hospitality|[of] p2a: Sinistcha
|move|p1a: Sylveon|Detect|p1a: Sylveon
|-singleturn|p1a: Sylveon|Protect
|move|p1b: Kingambit|Protect|p1b: Kingambit
|-singleturn|p1b: Kingambit|Protect
|move|p2b: Tinkaton|Encore|p1b: Kingambit
|-activate|p1b: Kingambit|move: Protect
|
|-damage|p1b: Kingambit|31/100 brn|[from] brn
|upkeep
|turn|8
|inactive|1Manuel1410 has 30 seconds left.
|
|t:|1785167550
|move|p2a: Sinistcha|Rage Powder|p2a: Sinistcha
|-singleturn|p2a: Sinistcha|move: Rage Powder
|move|p1a: Sylveon|Quick Attack|p2a: Sinistcha
|-damage|p2a: Sinistcha|0 fnt
|faint|p2a: Sinistcha
|move|p1b: Kingambit|Sucker Punch||[still]
|-fail|p1b: Kingambit
|move|p2b: Tinkaton|Encore|p1b: Kingambit
|-start|p1b: Kingambit|Encore
|
|-damage|p1b: Kingambit|25/100 brn|[from] brn
|upkeep
|
|t:|1785167559
|switch|p2a: Gengar|Gengar-Mega, L50, F|100/100
|turn|9
|
|t:|1785167579
|move|p1b: Kingambit|Sucker Punch||[still]
|-fail|p1b: Kingambit
|move|p2a: Gengar|Disable|p1b: Kingambit
|-start|p1b: Kingambit|Disable|Sucker Punch
|move|p2b: Tinkaton|Encore|p1a: Sylveon
|-start|p1a: Sylveon|Encore
|move|p1a: Sylveon|Quick Attack|p2a: Gengar
|-resisted|p2a: Gengar|1
|-damage|p2a: Gengar|92/100
|
|-damage|p1b: Kingambit|19/100 brn|[from] brn
|upkeep
|turn|10
|
|t:|1785167597
|move|p1a: Sylveon|Quick Attack|p2a: Gengar
|-resisted|p2a: Gengar|1
|-damage|p2a: Gengar|85/100
|move|p2a: Gengar|Shadow Ball|p1a: Sylveon
|-damage|p1a: Sylveon|25/100
|-unboost|p1a: Sylveon|spd|1
|move|p2b: Tinkaton|Gigaton Hammer|p1a: Sylveon
|-supereffective|p1a: Sylveon|1
|-damage|p1a: Sylveon|0 fnt
|faint|p1a: Sylveon
|-activate|p1b: Kingambit|move: Struggle
|move|p1b: Kingambit|Struggle|p2b: Tinkaton
|-damage|p2b: Tinkaton|38/100
|-damage|p1b: Kingambit|0 fnt|[from] recoil
|faint|p1b: Kingambit
|
|upkeep
|
|t:|1785167611
|switch|p1a: Farigiraf|Farigiraf, L50, F|100/100
|switch|p1b: Staraptor|Staraptor, L50, M|100/100
|-ability|p1b: Staraptor|Intimidate|boost
|-unboost|p2a: Gengar|atk|1
|-unboost|p2b: Tinkaton|atk|1
|turn|11
|inactive|marillrag1 has 30 seconds left.
|
|t:|1785167644
|switch|p2b: Rotom|Rotom-Wash, L50|97/100
|detailschange|p1b: Staraptor|Staraptor-Mega, L50, M
|-mega|p1b: Staraptor|Staraptor|Staraptite
|move|p1a: Farigiraf|Helping Hand|p1b: Staraptor
|-singleturn|p1b: Staraptor|Helping Hand|[of] p1a: Farigiraf
|move|p1b: Staraptor|Dual Wingbeat|p2a: Gengar
|-damage|p2a: Gengar|52/100
|-damage|p2a: Gengar|22/100
|-hitcount|p2a: Gengar|2
|move|p2a: Gengar|Perish Song|p2a: Gengar
|-start|p1a: Farigiraf|perish3|[silent]
|-start|p1b: Staraptor|perish3|[silent]
|-start|p2a: Gengar|perish3|[silent]
|-start|p2b: Rotom|perish3|[silent]
|-fieldactivate|move: Perish Song
|
|-start|p1b: Staraptor|perish3
|-start|p2a: Gengar|perish3
|-start|p2b: Rotom|perish3
|-start|p1a: Farigiraf|perish3
|upkeep
|turn|12
|inactive|marillrag1 has 30 seconds left.
|
|t:|1785167673
|move|p2a: Gengar|Protect|p2a: Gengar
|-singleturn|p2a: Gengar|Protect
|move|p2b: Rotom|Protect|p2b: Rotom
|-singleturn|p2b: Rotom|Protect
|move|p1b: Staraptor|Close Combat|p2b: Rotom
|-activate|p2b: Rotom|move: Protect
|move|p1a: Farigiraf|Trick Room|p1a: Farigiraf
|-fieldstart|move: Trick Room|[of] p1a: Farigiraf
|
|-start|p1a: Farigiraf|perish2
|-start|p2b: Rotom|perish2
|-start|p2a: Gengar|perish2
|-start|p1b: Staraptor|perish2
|upkeep
|turn|13
|
|t:|1785167686
|switch|p2a: Tinkaton|Tinkaton, L50, F|38/100
|-ability|p2a: Tinkaton|Mold Breaker
|move|p1a: Farigiraf|Psychic|p2a: Tinkaton
|-resisted|p2a: Tinkaton|1
|-damage|p2a: Tinkaton|21/100
|-unboost|p2a: Tinkaton|spd|1
|move|p2b: Rotom|Will-O-Wisp|p1b: Staraptor
|-status|p1b: Staraptor|brn
|move|p1b: Staraptor|Close Combat|p2b: Rotom
|-damage|p2b: Rotom|66/100
|-boost|p1b: Staraptor|def|1
|-boost|p1b: Staraptor|spd|1
|
|-damage|p1b: Staraptor|94/100 brn|[from] brn
|-start|p1a: Farigiraf|perish1
|-start|p2b: Rotom|perish1
|-start|p1b: Staraptor|perish1
|upkeep
|turn|14
|-message|marillrag1 forfeited.
|
|win|1Manuel1410
||marillrag1 is ready for game 2.
|inactive|1Manuel1410 has 30 seconds to confirm battle start!
||1Manuel1410 is ready for game 2.
|uhtml|next|Next: Game 2 of 3
