|j|ŌśåVenuDaAscoInRain
|j|Ōśåluisreey
|html|VenuDaAscoInRainluisreey    
|uhtml|bestof|Game 2 of a best-of-3
|t:|1783525593
|gametype|doubles
|player|p1|VenuDaAscoInRain|li|1318
|player|p2|luisreey|n|1239
|gen|9
|tier|[Gen 9 Champions] VGC 2026 Reg M-B (Bo3)
|rated|
|rule|Species Clause: Limit one of each Pok├®mon
|rule|Item Clause: Limit 1 of each item
|clearpoke
|poke|p1|Charizard, L50, M, shiny|
|poke|p1|Farigiraf, L50, M, shiny|
|poke|p1|Kingambit, L50, M, shiny|
|poke|p1|Sylveon, L50, M, shiny|
|poke|p1|Aerodactyl, L50, M, shiny|
|poke|p1|Garchomp, L50, M, shiny|
|poke|p2|Charizard, L50, F|
|poke|p2|Aerodactyl, L50, F|
|poke|p2|Garchomp, L50, F|
|poke|p2|Kingambit, L50, M|
|poke|p2|Farigiraf, L50, M|
|poke|p2|Sylveon, L50, F|
|teampreview|4
|showteam|p1|Charizard||CharizarditeY|SolarPower|Protect,WeatherBall,HeatWave,SolarBeam|Modest||M|||50|]Farigiraf||ExpertBelt|ArmorTail|SunnyDay,PsychicFangs,Thunderbolt,TrickRoom|Bold||M|||50|]Kingambit||FocusSash|Defiant|KowtowCleave,SuckerPunch,IronHead,LowKick|Adamant||M|||50|]Sylveon||FairyFeather|Pixilate|Detect,HyperVoice,HyperBeam,QuickAttack|Modest||M|||50|]Aerodactyl||Aerodactylite|Unnerve|IceFang,RockSlide,DualWingbeat,Tailwind|Jolly||M|||50|]Garchomp||LifeOrb|RoughSkin|Protect,StompingTantrum,DragonClaw,Earthquake|Adamant||M|||50|
|showteam|p2|Charizard||CharizarditeY|SolarPower|WeatherBall,HeatWave,SolarBeam,Protect|Modest||F|||50|]Aerodactyl||Aerodactylite|Unnerve|Tailwind,DualWingbeat,IceFang,RockSlide|Hasty||F|||50|]Garchomp||LifeOrb|RoughSkin|DragonClaw,Earthquake,StompingTantrum,Protect|Jolly||F|||50|]Kingambit||FocusSash|Defiant|KowtowCleave,SuckerPunch,LowKick,IronHead|Adamant||M|||50|]Farigiraf||SitrusBerry|ArmorTail|PsychicFangs,Thunderbolt,TrickRoom,Roar|Relaxed||M|||50|]Sylveon||FairyFeather|Pixilate|HyperBeam,HyperVoice,QuickAttack,Protect|Modest||F|||50|
|inactive|Battle timer is ON: inactive players will automatically lose when time's up. (requested by VenuDaAscoInRain)
|inactive|luisreey has 60 seconds left.
|c|Ōśåluisreey|para que da├▒os llevas cinta experto en fari? si me lo puedes contestar luego porfa
|c|ŌśåVenuDaAscoInRain|es para matar a glimmora y asegurar kills con rayo
|inactive|luisreey has 30 seconds left.
|c|ŌśåVenuDaAscoInRain|solo eso tampoco es algo muy bueno la verdad
|inactive|luisreey has 20 seconds left.
|inactive|luisreey has 15 seconds left.
|inactive|luisreey has 10 seconds left.
|
|t:|1783525676
|teamsize|p1|4
|teamsize|p2|4
|start
|switch|p1a: Aerodactyl|Aerodactyl, L50, M, shiny|100/100
|switch|p1b: Kingambit|Kingambit, L50, M, shiny|100/100
|switch|p2a: Aerodactyl|Aerodactyl, L50, F|100/100
|switch|p2b: Kingambit|Kingambit, L50, M|100/100
|-ability|p1a: Aerodactyl|Unnerve
|-ability|p2a: Aerodactyl|Unnerve
|turn|1
|c|ŌśåVenuDaAscoInRain|veo que llevas el team de riopaser pero sin rain
|c|ŌśåVenuDaAscoInRain|sin sol digo
|c|ŌśåVenuDaAscoInRain|sunny day ese ataque tio
|c|ŌśåVenuDaAscoInRain|estoy cuajado ya
|inactive|luisreey has 30 seconds left.
|
|t:|1783525704
|detailschange|p2a: Aerodactyl|Aerodactyl-Mega, L50, F
|-mega|p2a: Aerodactyl|Aerodactyl|Aerodactylite
|detailschange|p1a: Aerodactyl|Aerodactyl-Mega, L50, M, shiny
|-mega|p1a: Aerodactyl|Aerodactyl|Aerodactylite
|move|p1a: Aerodactyl|Tailwind|p1a: Aerodactyl
|-sidestart|p1: VenuDaAscoInRain|move: Tailwind
|move|p2a: Aerodactyl|Rock Slide|p1a: Aerodactyl|[spread] p1a,p1b
|-supereffective|p1a: Aerodactyl|1
|-resisted|p1b: Kingambit|1
|-damage|p1a: Aerodactyl|40/100
|-damage|p1b: Kingambit|87/100
|move|p1b: Kingambit|Iron Head|p2a: Aerodactyl
|-supereffective|p2a: Aerodactyl|1
|-damage|p2a: Aerodactyl|0 fnt
|faint|p2a: Aerodactyl
|move|p2b: Kingambit|Low Kick|p1b: Kingambit
|-supereffective|p1b: Kingambit|2
|-crit|p1b: Kingambit
|-damage|p1b: Kingambit|0 fnt
|faint|p1b: Kingambit
|
|upkeep
|
|t:|1783525722
|switch|p2a: Farigiraf|Farigiraf, L50, M|100/100
|switch|p1b: Garchomp|Garchomp, L50, M, shiny|100/100
|turn|2
|inactive|luisreey has 30 seconds left.
|
|t:|1783525748
|switch|p1a: Sylveon|Sylveon, L50, M, shiny|100/100
|move|p2b: Kingambit|Sucker Punch||[still]
|-fail|p2b: Kingambit
|move|p1b: Garchomp|Stomping Tantrum|p2b: Kingambit
|-supereffective|p2b: Kingambit|1
|-damage|p2b: Kingambit|6/100
|-damage|p1b: Garchomp|90/100|[from] item: Life Orb
|move|p2a: Farigiraf|Trick Room|p2a: Farigiraf
|-fieldstart|move: Trick Room|[of] p2a: Farigiraf
|
|upkeep
|turn|3
|inactive|luisreey has 30 seconds left.
|
|t:|1783525782
|move|p1a: Sylveon|Detect|p1a: Sylveon
|-singleturn|p1a: Sylveon|Protect
|move|p2a: Farigiraf|Psychic Fangs|p1b: Garchomp
|-damage|p1b: Garchomp|68/100
|-damage|p2a: Farigiraf|87/100|[from] ability: Rough Skin|[of] p1b: Garchomp
|move|p2b: Kingambit|Iron Head|p1a: Sylveon
|-activate|p1a: Sylveon|move: Protect
|move|p1b: Garchomp|Earthquake|p2a: Farigiraf|[spread] p2a,p2b
|-activate|p1a: Sylveon|move: Protect
|-supereffective|p2b: Kingambit|1
|-damage|p2a: Farigiraf|48/100
|-damage|p2b: Kingambit|0 fnt
|-enditem|p2a: Farigiraf|Sitrus Berry|[eat]
|-heal|p2a: Farigiraf|73/100|[from] item: Sitrus Berry
|faint|p2b: Kingambit
|-damage|p1b: Garchomp|59/100|[from] item: Life Orb
|
|upkeep
|
|t:|1783525798
|switch|p2b: Sylveon|Sylveon, L50, F|100/100
|turn|4
|inactive|VenuDaAscoInRain has 30 seconds left.
|
|t:|1783525823
|switch|p1b: Aerodactyl|Aerodactyl-Mega, L50, M, shiny|40/100
|move|p2a: Farigiraf|Psychic Fangs|p1a: Sylveon
|-damage|p1a: Sylveon|68/100
|move|p2b: Sylveon|Hyper Voice|p1a: Sylveon|[spread] p1a,p1b
|-damage|p1a: Sylveon|28/100
|-damage|p1b: Aerodactyl|0 fnt
|faint|p1b: Aerodactyl
|move|p1a: Sylveon|Hyper Voice|p2a: Farigiraf|[spread] p2a,p2b
|-damage|p2a: Farigiraf|24/100
|-damage|p2b: Sylveon|62/100
|
|-sideend|p1: VenuDaAscoInRain|move: Tailwind
|upkeep
|
|t:|1783525825
|switch|p1b: Garchomp|Garchomp, L50, M, shiny|59/100
|turn|5
|inactive|luisreey has 30 seconds left.
|inactive|luisreey has 20 seconds left.
|
|t:|1783525861
|move|p1a: Sylveon|Detect|p1a: Sylveon
|-singleturn|p1a: Sylveon|Protect
|move|p1b: Garchomp|Protect|p1b: Garchomp
|-singleturn|p1b: Garchomp|Protect
|move|p2a: Farigiraf|Psychic Fangs|p1a: Sylveon
|-activate|p1a: Sylveon|move: Protect
|move|p2b: Sylveon|Hyper Voice|p1b: Garchomp|[spread] 
|-activate|p1a: Sylveon|move: Protect
|-activate|p1b: Garchomp|move: Protect
|
|upkeep
|turn|6
|c|ŌśåVenuDaAscoInRain|si salta salta supongo?
|
|t:|1783525879
|move|p1a: Sylveon|Detect||[still]
|-fail|p1a: Sylveon
|move|p1b: Garchomp|Protect|p1b: Garchomp
|-singleturn|p1b: Garchomp|Protect
|move|p2a: Farigiraf|Psychic Fangs|p1a: Sylveon
|-damage|p1a: Sylveon|0 fnt
|faint|p1a: Sylveon
|move|p2b: Sylveon|Hyper Voice|p1b: Garchomp
|-activate|p1b: Garchomp|move: Protect
|
|-fieldend|move: Trick Room
|upkeep
|turn|7
|c|ŌśåVenuDaAscoInRain|eq critico por dios!
|c|ŌśåVenuDaAscoInRain|juego lleno de rng!
|c|ŌśåVenuDaAscoInRain|HAZLO!
|c|ŌśåVenuDaAscoInRain|make my dream true!
|inactive|luisreey has 30 seconds left.
|inactive|luisreey has 20 seconds left.
|
|t:|1783525915
|move|p1b: Garchomp|Earthquake|p2a: Farigiraf|[spread] p2a,p2b
|-damage|p2a: Farigiraf|0 fnt
|-damage|p2b: Sylveon|10/100
|faint|p2a: Farigiraf
|-damage|p1b: Garchomp|49/100|[from] item: Life Orb
|move|p2b: Sylveon|Hyper Voice|p1b: Garchomp
|-supereffective|p1b: Garchomp|1
|-damage|p1b: Garchomp|0 fnt
|faint|p1b: Garchomp
|
|win|luisreey
