|j|☆Zaviden
|j|☆PixelJaguar
|html|ZavidenPixelJaguar    
|uhtml|bestof|Game 2 of a best-of-3
|t:|1785766353
|gametype|doubles
|player|p1|Zaviden|266|1072
|player|p2|PixelJaguar|brycen|1136
|gen|9
|tier|[Gen 9 Champions] VGC 2026 Reg M-B (Bo3)
|rated|
|rule|Species Clause: Limit one of each Pokémon
|rule|Item Clause: Limit 1 of each item
|clearpoke
|poke|p1|Banette, L50, F|
|poke|p1|Sinistcha-Masterpiece, L50|
|poke|p1|Toxapex, L50, F|
|poke|p1|Mamoswine, L50, F|
|poke|p1|Aerodactyl, L50, F|
|poke|p1|Vivillon-Pokeball, L50, F|
|poke|p2|Staraptor, L50, M|
|poke|p2|Metagross, L50|
|poke|p2|Farigiraf, L50, F|
|poke|p2|Whimsicott, L50, M|
|poke|p2|Garchomp, L50, M|
|poke|p2|Ceruledge, L50, M|
|teampreview|4
|showteam|p1|Banette||Banettite|CursedBody|SwordsDance,ShadowSneak,Protect,DestinyBond|Adamant||F|||50|]Sinistcha-Masterpiece||SitrusBerry|Hospitality|MatchaGotcha,RagePowder,Protect,LifeDew|Bold|||||50|]Toxapex||Leftovers|Regenerator|BanefulBunker,Infestation,Recover,Toxic|Bold||F|||50|]Mamoswine||ChoiceScarf|Oblivious|Earthquake,IcicleCrash,IceShard,HighHorsepower|Jolly||F|||50|]Aerodactyl||Aerodactylite|RockHead|RockSlide,Crunch,DualWingbeat,Tailwind|Jolly||F|||50|]Vivillon-Pokeball||FocusSash|CompoundEyes|SleepPowder,PollenPuff,Tailwind,Protect|Timid||F|||50|
|showteam|p2|Staraptor||Staraptite|Intimidate|CloseCombat,BraveBird,Protect,Roost|Jolly||M|||50|]Metagross||Metagrossite|ClearBody|Protect,IronHead,PsychicFangs,StompingTantrum|Adamant|||||50|]Farigiraf||SitrusBerry|ArmorTail|HelpingHand,Psychic,Thunderbolt,TrickRoom|Calm||F|||50|]Whimsicott||FocusSash|Prankster|Moonblast,Tailwind,Charm,Encore|Timid||M|||50|]Garchomp||LifeOrb|RoughSkin|Protect,StompingTantrum,RockSlide,DragonClaw|Jolly||M|||50|]Ceruledge||ColburBerry|FlashFire|Protect,ShadowSneak,BulkUp,BitterBlade|Adamant||M|||50|
|
|t:|1785766379
|teamsize|p1|4
|teamsize|p2|4
|start
|switch|p1a: Aerodactyl|Aerodactyl, L50, F|100/100
|switch|p1b: Vivillon|Vivillon-Pokeball, L50, F|100/100
|switch|p2a: Big Bird|Staraptor, L50, M|100/100
|switch|p2b: Whimsicott|Whimsicott, L50, M|100/100
|-ability|p2a: Big Bird|Intimidate|boost
|-unboost|p1a: Aerodactyl|atk|1
|-unboost|p1b: Vivillon|atk|1
|turn|1
|
|t:|1785766410
|detailschange|p1a: Aerodactyl|Aerodactyl-Mega, L50, F
|-mega|p1a: Aerodactyl|Aerodactyl|Aerodactylite
|detailschange|p2a: Big Bird|Staraptor-Mega, L50, M
|-mega|p2a: Big Bird|Staraptor|Staraptite
|move|p2b: Whimsicott|Tailwind|p2b: Whimsicott
|-sidestart|p2: PixelJaguar|move: Tailwind
|move|p2a: Big Bird|Brave Bird|p1b: Vivillon
|-supereffective|p1b: Vivillon|1
|-enditem|p1b: Vivillon|Focus Sash
|-damage|p1b: Vivillon|1/100
|-damage|p2a: Big Bird|73/100|[from] Recoil
|move|p1a: Aerodactyl|Dual Wingbeat|p2a: Big Bird
|-supereffective|p2a: Big Bird|1
|-damage|p2a: Big Bird|38/100
|-supereffective|p2a: Big Bird|1
|-damage|p2a: Big Bird|3/100
|-hitcount|p2a: Big Bird|2
|move|p1b: Vivillon|Sleep Powder|p2a: Big Bird
|-status|p2a: Big Bird|slp|[from] move: Sleep Powder
|
|upkeep
|turn|2
|
|t:|1785766435
|move|p2b: Whimsicott|Moonblast|p1a: Aerodactyl
|-crit|p1a: Aerodactyl
|-damage|p1a: Aerodactyl|36/100
|-unboost|p1a: Aerodactyl|spa|1
|cant|p2a: Big Bird|slp
|move|p1a: Aerodactyl|Dual Wingbeat|p2b: Whimsicott
|-supereffective|p2b: Whimsicott|1
|-damage|p2b: Whimsicott|43/100
|-supereffective|p2b: Whimsicott|1
|-damage|p2b: Whimsicott|0 fnt
|faint|p2b: Whimsicott
|-hitcount|p2: Whimsicott|2
|move|p1b: Vivillon|Pollen Puff|p2a: Big Bird
|-resisted|p2a: Big Bird|2
|-damage|p2a: Big Bird|0 fnt
|faint|p2a: Big Bird
|
|upkeep
|
|t:|1785766452
|switch|p2b: Ceruledge|Ceruledge, L50, M|100/100
|switch|p2a: Garchomp|Garchomp, L50, M|100/100
|turn|3
|
|t:|1785766468
|switch|p1a: Sinistcha|Sinistcha-Masterpiece, L50|100/100
|-heal|p1b: Vivillon|25/100|[from] ability: Hospitality|[of] p1a: Sinistcha
|move|p1b: Vivillon|Protect|p1b: Vivillon
|-singleturn|p1b: Vivillon|Protect
|move|p2b: Ceruledge|Shadow Sneak|p1b: Vivillon
|-activate|p1b: Vivillon|move: Protect
|move|p2a: Garchomp|Rock Slide|p1a: Sinistcha|[spread] p1a
|-activate|p1b: Vivillon|move: Protect
|-damage|p1a: Sinistcha|77/100
|-damage|p2a: Garchomp|90/100|[from] item: Life Orb
|
|upkeep
|turn|4
|
|t:|1785766492
|move|p1a: Sinistcha|Protect|p1a: Sinistcha
|-singleturn|p1a: Sinistcha|Protect
|move|p2b: Ceruledge|Shadow Sneak|p1b: Vivillon
|-damage|p1b: Vivillon|0 fnt
|faint|p1b: Vivillon
|move|p2a: Garchomp|Rock Slide|p1a: Sinistcha
|-activate|p1a: Sinistcha|move: Protect
|
|-sideend|p2: PixelJaguar|move: Tailwind
|upkeep
|
|t:|1785766502
|switch|p1b: Mamoswine|Mamoswine, L50, F|100/100
|turn|5
|
|t:|1785766518
|move|p1a: Sinistcha|Rage Powder|p1a: Sinistcha
|-singleturn|p1a: Sinistcha|move: Rage Powder
|move|p2b: Ceruledge|Shadow Sneak|p1a: Sinistcha
|-supereffective|p1a: Sinistcha|1
|-damage|p1a: Sinistcha|39/100
|-enditem|p1a: Sinistcha|Sitrus Berry|[eat]
|-heal|p1a: Sinistcha|64/100|[from] item: Sitrus Berry
|move|p1b: Mamoswine|Earthquake|p2b: Ceruledge|[spread] p1a,p2a,p2b
|-resisted|p1a: Sinistcha|1
|-supereffective|p2b: Ceruledge|1
|-damage|p1a: Sinistcha|48/100
|-damage|p2a: Garchomp|51/100
|-damage|p2b: Ceruledge|16/100
|move|p2a: Garchomp|Rock Slide|p1a: Sinistcha|[spread] p1a
|-miss|p2a: Garchomp|p1b: Mamoswine
|-damage|p1a: Sinistcha|25/100
|-damage|p2a: Garchomp|41/100|[from] item: Life Orb
|
|upkeep
|turn|6
|
|t:|1785766536
|move|p1a: Sinistcha|Rage Powder|p1a: Sinistcha
|-singleturn|p1a: Sinistcha|move: Rage Powder
|move|p2b: Ceruledge|Shadow Sneak|p1a: Sinistcha
|-supereffective|p1a: Sinistcha|1
|-damage|p1a: Sinistcha|0 fnt
|faint|p1a: Sinistcha
|move|p1b: Mamoswine|Earthquake|p2b: Ceruledge|[spread] p2a,p2b
|-supereffective|p2b: Ceruledge|1
|-damage|p2a: Garchomp|2/100
|-damage|p2b: Ceruledge|0 fnt
|faint|p2b: Ceruledge
|move|p2a: Garchomp|Rock Slide|p1b: Mamoswine|[miss]
|-miss|p2a: Garchomp|p1b: Mamoswine
|
|upkeep
|
|t:|1785766546
|switch|p1a: Aerodactyl|Aerodactyl-Mega, L50, F|36/100
|turn|7
|
|t:|1785766552
|move|p1a: Aerodactyl|Crunch|p2a: Garchomp
|-damage|p2a: Garchomp|0 fnt
|-damage|p1a: Aerodactyl|24/100|[from] ability: Rough Skin|[of] p2a: Garchomp
|faint|p2a: Garchomp
|
|win|Zaviden
||PixelJaguar is ready for game 3.
||Zaviden is ready for game 3.
|uhtml|next|Next: Game 3 of 3
