|j|☆tulpeon
|j|☆SunDiazVGC
|html|tulpeonSunDiazVGC    
|uhtml|bestof|Game 1 of a best-of-3
|t:|1756314587
|gametype|doubles
|player|p1|tulpeon|hilda|1072
|player|p2|SunDiazVGC|marley|1042
|gen|9
|tier|[Gen 9] VGC 2025 Reg H (Bo3)
|rated|
|rule|Species Clause: Limit one of each Pokémon
|rule|Item Clause: Limit 1 of each item
|clearpoke
|poke|p1|Archaludon, L50, F|
|poke|p1|Pelipper, L50, F|
|poke|p1|Grimmsnarl, L50, M|
|poke|p1|Amoonguss, L50, F|
|poke|p1|Basculegion, L50, M|
|poke|p1|Incineroar, L50, M|
|poke|p2|Excadrill, L50, F|
|poke|p2|Tyranitar, L50, M|
|poke|p2|Talonflame, L50, M|
|poke|p2|Gholdengo, L50|
|poke|p2|Amoonguss, L50, F|
|poke|p2|Archaludon, L50, M|
|teampreview|4
|showteam|p1|Archaludon||AssaultVest|Stamina|ElectroShot,BodyPress,FlashCannon,DracoMeteor|||F|||50|,,,,,Flying]Pelipper||FocusSash|Drizzle|Tailwind,Hurricane,WeatherBall,Protect|||F|||50|,,,,,Ghost]Grimmsnarl||LightClay|Prankster|PartingShot,SpiritBreak,LightScreen,Reflect|||M|||50|,,,,,Steel]Amoonguss||RockyHelmet|Regenerator|PollenPuff,RagePowder,Spore,Protect|||F|||50|,,,,,Dark]Basculegion||ChoiceBand|Adaptability|WaveCrash,LastRespects,FlipTurn,TeraBlast|||M|||50|,,,,,Stellar]Incineroar||SafetyGoggles|Intimidate|FakeOut,PartingShot,KnockOff,FlareBlitz|||M|||50|,,,,,Ghost
|showteam|p2|Excadrill||FocusSash|SandRush|Earthquake,HighHorsepower,RockSlide,Protect|||F|||50|,,,,,Ghost]Tyranitar||AssaultVest|SandStream|TeraBlast,RockSlide,KnockOff,HighHorsepower|||M|||50|,,,,,Flying]Talonflame||CovertCloak|GaleWings|Tailwind,BraveBird,Taunt,Protect|||M|||50|,,,,,Flying]Gholdengo||ChoiceSpecs|GoodasGold|MakeItRain,ShadowBall,Thunderbolt,Trick||||||50|,,,,,Flying]Amoonguss||SitrusBerry|Regenerator|Spore,SludgeBomb,RagePowder,Protect|||F|||50|,,,,,Water]Archaludon||PowerHerb|Stalwart|ElectroShot,Thunderbolt,DragonPulse,Protect|||M|||50|,,,,,Electric
|inactive|Battle timer is ON: inactive players will automatically lose when time's up. (requested by tulpeon)
|
|t:|1756314623
|teamsize|p1|4
|teamsize|p2|4
|start
|switch|p1a: la poste|Pelipper, L50, F|100/100
|switch|p1b: Grimmsnarl|Grimmsnarl, L50, M|100/100
|switch|p2a: Archaludon|Archaludon, L50, M|100/100
|switch|p2b: Talonflame|Talonflame, L50, M|100/100
|-weather|RainDance|[from] ability: Drizzle|[of] p1a: la poste
|turn|1
|
|t:|1756314636
|switch|p2b: Tyranitar|Tyranitar, L50, M|100/100
|-weather|Sandstorm|[from] ability: Sand Stream|[of] p2b: Tyranitar
|move|p1b: Grimmsnarl|Light Screen|p1b: Grimmsnarl
|-sidestart|p1: tulpeon|move: Light Screen
|move|p1a: la poste|Tailwind|p1a: la poste
|-sidestart|p1: tulpeon|move: Tailwind
|move|p2a: Archaludon|Electro Shot||[still]
|-prepare|p2a: Archaludon|Electro Shot
|-boost|p2a: Archaludon|spa|1
|-enditem|p2a: Archaludon|Power Herb
|-anim|p2a: Archaludon|Electro Shot|p1b: Grimmsnarl
|-damage|p1b: Grimmsnarl|55/100
|
|-weather|Sandstorm|[upkeep]
|-damage|p1a: la poste|95/100|[from] Sandstorm
|-damage|p1b: Grimmsnarl|49/100|[from] Sandstorm
|upkeep
|turn|2
|inactive|tulpeon has 30 seconds left.
|inactive|SunDiazVGC has 30 seconds left.
|
|t:|1756314665
|switch|p1a: arch btw|Archaludon, L50, F, shiny|100/100
|move|p1b: Grimmsnarl|Parting Shot|p2a: Archaludon
|-unboost|p2a: Archaludon|atk|1
|-unboost|p2a: Archaludon|spa|1
|
|t:|1756314670
|switch|p1b: la poste|Pelipper, L50, F|95/100|[from] Parting Shot
|-weather|RainDance|[from] ability: Drizzle|[of] p1b: la poste
|move|p2a: Archaludon|Thunderbolt|p1b: la poste
|-supereffective|p1b: la poste
|-damage|p1b: la poste|0 fnt
|faint|p1b: la poste
|move|p2b: Tyranitar|Knock Off|p1a: arch btw
|-damage|p1a: arch btw|65/100
|-ability|p1a: arch btw|Stamina|boost
|-boost|p1a: arch btw|def|1
|-enditem|p1a: arch btw|Assault Vest|[from] move: Knock Off|[of] p2b: Tyranitar
|
|-weather|RainDance|[upkeep]
|upkeep
|
|t:|1756314693
|switch|p1b: Basculegion|Basculegion, L50, M, shiny|100/100
|turn|3
|
|t:|1756314715
|switch|p2b: Talonflame|Talonflame, L50, M|100/100
|move|p1b: Basculegion|Wave Crash|p2b: Talonflame
|-supereffective|p2b: Talonflame
|-damage|p2b: Talonflame|0 fnt
|faint|p2b: Talonflame
|-damage|p1b: Basculegion|74/100|[from] Recoil
|move|p1a: arch btw|Electro Shot||[still]
|-prepare|p1a: arch btw|Electro Shot
|-boost|p1a: arch btw|spa|1
|-anim|p1a: arch btw|Electro Shot|p2a: Archaludon
|-resisted|p2a: Archaludon
|-damage|p2a: Archaludon|51/100
|move|p2a: Archaludon|Electro Shot||[still]
|-prepare|p2a: Archaludon|Electro Shot
|-boost|p2a: Archaludon|spa|1
|-anim|p2a: Archaludon|Electro Shot|p1a: arch btw
|-resisted|p1a: arch btw
|-crit|p1a: arch btw
|-damage|p1a: arch btw|0 fnt
|faint|p1a: arch btw
|
|-weather|RainDance|[upkeep]
|upkeep
|
|t:|1756314733
|switch|p2b: Tyranitar|Tyranitar, L50, M|100/100
|switch|p1a: Grimmsnarl|Grimmsnarl, L50, M|49/100
|-weather|Sandstorm|[from] ability: Sand Stream|[of] p2b: Tyranitar
|turn|4
|
|t:|1756314757
|-terastallize|p1b: Basculegion|Stellar
|move|p1a: Grimmsnarl|Reflect|p1a: Grimmsnarl
|-sidestart|p1: tulpeon|Reflect
|move|p1b: Basculegion|Wave Crash|p2b: Tyranitar
|-supereffective|p2b: Tyranitar
|-damage|p2b: Tyranitar|0 fnt
|faint|p2b: Tyranitar
|-damage|p1b: Basculegion|45/100|[from] Recoil
|move|p2a: Archaludon|Thunderbolt|p1a: Grimmsnarl
|-damage|p1a: Grimmsnarl|20/100
|
|-weather|Sandstorm|[upkeep]
|-damage|p1b: Basculegion|38/100|[from] Sandstorm
|-damage|p1a: Grimmsnarl|14/100|[from] Sandstorm
|-sideend|p1: tulpeon|move: Tailwind
|upkeep
|
|t:|1756314768
|switch|p2b: Excadrill|Excadrill, L50, F|100/100
|turn|5
|
|t:|1756314778
|move|p2a: Archaludon|Protect|p2a: Archaludon
|-singleturn|p2a: Archaludon|Protect
|move|p2b: Excadrill|Earthquake|p1b: Basculegion|[spread] p1a,p1b
|-activate|p2a: Archaludon|move: Protect
|-damage|p1a: Grimmsnarl|0 fnt
|-damage|p1b: Basculegion|5/100
|faint|p1a: Grimmsnarl
|move|p1b: Basculegion|Wave Crash|p2b: Excadrill
|-supereffective|p2b: Excadrill
|-enditem|p2b: Excadrill|Focus Sash
|-damage|p2b: Excadrill|1/100
|-damage|p1b: Basculegion|0 fnt|[from] Recoil
|faint|p1b: Basculegion
|
|win|SunDiazVGC
||SunDiazVGC is ready for game 2.
|inactive|tulpeon has 30 seconds to confirm battle start!
||tulpeon is ready for game 2.
|uhtml|next|Next: Game 2 of 3
