|j|☆CHIAYI1208
|j|☆PatrickVG ✔
|html|CHIAYI1208PatrickVG ✔    
|uhtml|bestof|Game 1 of a best-of-3
|t:|1785845343
|gametype|doubles
|player|p1|CHIAYI1208|marley|
|player|p2|PatrickVG ✔|lillie-masters2|
|gen|9
|tier|[Gen 9 Champions] VGC 2026 Reg M-B (Bo3)
|rule|Species Clause: Limit one of each Pokémon
|rule|Item Clause: Limit 1 of each item
|clearpoke
|poke|p1|Raichu, L50, M|
|poke|p1|Mawile, L50, M|
|poke|p1|Farigiraf, L50, F|
|poke|p1|Torkoal, L50, F|
|poke|p1|Vivillon, L50, M|
|poke|p1|Mamoswine, L50, M|
|poke|p2|Staraptor, L50, F|
|poke|p2|Vanilluxe, L50, M|
|poke|p2|Farigiraf, L50, F|
|poke|p2|Blastoise, L50, F|
|poke|p2|Kingambit, L50, M|
|poke|p2|Camerupt, L50, M|
|teampreview|4
|showteam|p1|Raichu||RaichuniteY|LightningRod|FakeOut,ZapCannon,FocusBlast,Protect|Timid||M|||50|]Mawile||Mawilite|Intimidate|Protect,PlayRough,SuckerPunch,RockSlide|Brave||M|||50|]Farigiraf||SitrusBerry|ArmorTail|Psychic,Thunderbolt,TrickRoom,HelpingHand|Relaxed||F|||50|]Torkoal||Charcoal|Drought|Eruption,WeatherBall,EarthPower,Protect|Quiet||F|||50|]Vivillon||FocusSash|CompoundEyes|SleepPowder,Hurricane,RagePowder,Protect|Timid||M|||50|]Mamoswine||LifeOrb|Oblivious|IcicleCrash,IceShard,HighHorsepower,Protect|Adamant||M|||50|
|showteam|p2|Staraptor||ChoiceScarf|Intimidate|FinalGambit,BraveBird,CloseCombat,Uturn|Jolly||F|||50|]Vanilluxe||NeverMeltIce|SnowWarning|Blizzard,FreezeDry,Protect,IceShard|Quiet||M|||50|]Farigiraf||SitrusBerry|ArmorTail|HyperVoice,PsychicFangs,Imprison,TrickRoom|Relaxed||F|||50|]Blastoise||Blastoisinite|RainDish|FakeOut,WaterSpout,AuraSphere,DarkPulse|Quiet||F|||50|]Kingambit||LifeOrb|Defiant|KowtowCleave,IronHead,Protect,SuckerPunch|Brave||M|||50|]Camerupt||Cameruptite|SolidRock|HeatWave,EarthPower,Protect,AncientPower|Quiet||M|||50|
|c|☆CHIAYI1208|有了
|j| Midoria100
|l| Midoria100
|j| ChienX2
|c|☆PatrickVG ✔|Glhf
|c|☆CHIAYI1208|請多指教
|j| Midoria100
|l| Midoria100
|j| Midoria100
|
|t:|1785845517
|teamsize|p1|4
|teamsize|p2|4
|start
|switch|p1a: Vivillon|Vivillon, L50, M|100/100
|switch|p1b: Raichu|Raichu, L50, M|100/100
|switch|p2a: Staraptor|Staraptor, L50, F|100/100
|switch|p2b: Farigiraf|Farigiraf, L50, F|100/100
|-ability|p2a: Staraptor|Intimidate|boost
|-unboost|p1a: Vivillon|atk|1
|-unboost|p1b: Raichu|atk|1
|turn|1
|
|t:|1785845582
|detailschange|p1b: Raichu|Raichu-Mega-Y, L50, M
|-mega|p1b: Raichu|Raichu|Raichunite Y
|move|p1b: Raichu|Protect|p1b: Raichu
|-singleturn|p1b: Raichu|Protect
|move|p2a: Staraptor|Final Gambit|p1b: Raichu
|-activate|p1b: Raichu|move: Protect
|move|p1a: Vivillon|Sleep Powder|p2b: Farigiraf
|-status|p2b: Farigiraf|slp|[from] move: Sleep Powder
|cant|p2b: Farigiraf|slp
|
|upkeep
|turn|2
|
|t:|1785845609
|move|p1a: Vivillon|Rage Powder|p1a: Vivillon
|-singleturn|p1a: Vivillon|move: Rage Powder
|move|p2a: Staraptor|Final Gambit|p1a: Vivillon
|-enditem|p1a: Vivillon|Focus Sash
|-damage|p1a: Vivillon|1/100
|faint|p2a: Staraptor
|move|p1b: Raichu|Zap Cannon|p2b: Farigiraf
|-crit|p2b: Farigiraf
|-damage|p2b: Farigiraf|16/100 slp
|-enditem|p2b: Farigiraf|Sitrus Berry|[eat]
|-heal|p2b: Farigiraf|41/100 slp|[from] item: Sitrus Berry
|-curestatus|p2b: Farigiraf|slp|[msg]
|move|p2b: Farigiraf|Trick Room|p2b: Farigiraf
|-fieldstart|move: Trick Room|[of] p2b: Farigiraf
|
|upkeep
|
|t:|1785845623
|switch|p2a: Camerupt|Camerupt, L50, M|100/100
|turn|3
|
|t:|1785845666
|detailschange|p2a: Camerupt|Camerupt-Mega, L50, M
|-mega|p2a: Camerupt|Camerupt|Cameruptite
|move|p1a: Vivillon|Protect|p1a: Vivillon
|-singleturn|p1a: Vivillon|Protect
|move|p2a: Camerupt|Heat Wave|p1b: Raichu|[spread] p1b
|-activate|p1a: Vivillon|move: Protect
|-damage|p1b: Raichu|23/100
|move|p2b: Farigiraf|Hyper Voice|p1b: Raichu|[spread] p1b
|-activate|p1a: Vivillon|move: Protect
|-damage|p1b: Raichu|0 fnt
|faint|p1b: Raichu
|
|upkeep
|
|t:|1785845678
|switch|p1b: Torkoal|Torkoal, L50, F|100/100
|-weather|SunnyDay|[from] ability: Drought|[of] p1b: Torkoal
|turn|4
|
|t:|1785845719
|move|p2a: Camerupt|Heat Wave|p1b: Torkoal|[spread] p1a,p1b
|-supereffective|p1a: Vivillon|1
|-resisted|p1b: Torkoal|1
|-damage|p1a: Vivillon|0 fnt
|-damage|p1b: Torkoal|45/100
|faint|p1a: Vivillon
|move|p1b: Torkoal|Earth Power|p2a: Camerupt
|-supereffective|p2a: Camerupt|1
|-damage|p2a: Camerupt|51/100
|move|p2b: Farigiraf|Hyper Voice|p1b: Torkoal
|-damage|p1b: Torkoal|4/100
|
|-weather|SunnyDay|[upkeep]
|upkeep
|
|t:|1785845727
|switch|p1a: Mamoswine|Mamoswine, L50, M|100/100
|turn|5
|
|t:|1785845743
|move|p1b: Torkoal|Protect|p1b: Torkoal
|-singleturn|p1b: Torkoal|Protect
|move|p1a: Mamoswine|Protect|p1a: Mamoswine
|-singleturn|p1a: Mamoswine|Protect
|move|p2a: Camerupt|Heat Wave|p1b: Torkoal|[spread] 
|-activate|p1a: Mamoswine|move: Protect
|-activate|p1b: Torkoal|move: Protect
|move|p2b: Farigiraf|Hyper Voice|p1b: Torkoal|[spread] 
|-activate|p1a: Mamoswine|move: Protect
|-activate|p1b: Torkoal|move: Protect
|
|-weather|SunnyDay|[upkeep]
|upkeep
|turn|6
|
|t:|1785845757
|move|p1b: Torkoal|Earth Power|p2a: Camerupt
|-supereffective|p2a: Camerupt|1
|-damage|p2a: Camerupt|0 fnt
|faint|p2a: Camerupt
|move|p2b: Farigiraf|Hyper Voice|p1a: Mamoswine|[spread] p1a,p1b
|-damage|p1a: Mamoswine|67/100
|-damage|p1b: Torkoal|0 fnt
|faint|p1b: Torkoal
|move|p1a: Mamoswine|Icicle Crash|p2b: Farigiraf
|-damage|p2b: Farigiraf|0 fnt
|faint|p2b: Farigiraf
|-damage|p1a: Mamoswine|58/100|[from] item: Life Orb
|
|-weather|SunnyDay|[upkeep]
|-fieldend|move: Trick Room
|upkeep
|
|t:|1785845770
|switch|p2b: Kingambit|Kingambit, L50, M|100/100
|turn|7
|
|t:|1785845783
|move|p2b: Kingambit|Sucker Punch|p1a: Mamoswine
|-damage|p1a: Mamoswine|3/100
|-damage|p2b: Kingambit|90/100|[from] item: Life Orb
|move|p1a: Mamoswine|High Horsepower|p2b: Kingambit
|-supereffective|p2b: Kingambit|1
|-damage|p2b: Kingambit|0 fnt
|faint|p2b: Kingambit
|-damage|p1a: Mamoswine|0 fnt|[from] item: Life Orb
|faint|p1a: Mamoswine
|
|win|CHIAYI1208
||CHIAYI1208 is ready for game 2.
|inactive|PatrickVG ✔ has 30 seconds to confirm battle start!
|inactive|PatrickVG ✔ has 20 seconds to confirm battle start!
||PatrickVG ✔ is ready for game 2.
|uhtml|next|Next: Game 2 of 3
|j| kuoli00021
|l| ChienX2
|l| kuoli00021
|l| Midoria100
