|j|☆viatles
|j|☆crazymac9
|html|viatlescrazymac9    
|uhtml|bestof|Game 1 of a best-of-3
|t:|1783563980
|gametype|doubles
|player|p1|viatles|hiker|1053
|player|p2|crazymac9|maid|1054
|gen|9
|tier|[Gen 9 Champions] VGC 2026 Reg M-B (Bo3)
|rated|
|rule|Species Clause: Limit one of each Pokémon
|rule|Item Clause: Limit 1 of each item
|clearpoke
|poke|p1|Beedrill, L50, F, shiny|
|poke|p1|Milotic, L50, M, shiny|
|poke|p1|Talonflame, L50, F, shiny|
|poke|p1|Farigiraf, L50, F|
|poke|p1|Garchomp, L50, M|
|poke|p1|Sableye, L50, F|
|poke|p2|Falinks, L50|
|poke|p2|Charizard, L50, F|
|poke|p2|Sinistcha, L50|
|poke|p2|Empoleon, L50, M|
|poke|p2|Liepard, L50, F|
|poke|p2|Gholdengo, L50|
|teampreview|4
|showteam|p1|Beedrill||Beedrillite|Swarm|Uturn,DrillRun,PoisonJab,Protect|Jolly||F|||50|]Milotic||Leftovers|Competitive|IcyWind,Scald,Protect,LifeDew|Bold||M|||50|]Talonflame||SharpBeak|GaleWings|DualWingbeat,Tailwind,Protect,WillOWisp|Jolly||F|||50|]Farigiraf||SitrusBerry|ArmorTail|TrickRoom,Thunderbolt,TwinBeam,HelpingHand|Bold||F|||50|]Garchomp||LifeOrb|RoughSkin|DragonPulse,EarthPower,PowerGem,Protect|Modest||M|||50|]Sableye||RoseliBerry|Prankster|FakeOut,FoulPlay,RainDance,Quash|Sassy||F|||50|
|showteam|p2|Falinks||Falinksite|Defiant|PsychUp,BrickBreak,ThroatChop,Protect|Jolly|||||50|]Charizard||CharizarditeX|Blaze|FirePunch,DragonClaw,BellyDrum,Protect|Jolly||F|||50|]Sinistcha||CobaBerry|Hospitality|MatchaGotcha,Protect,RagePowder,LifeDew|Bold|||||50|]Empoleon||Leftovers|Competitive|Protect,Roost,ChillingWater,IcyWind|Calm||M|||50|]Liepard||FocusSash|Prankster|FakeOut,Encore,KnockOff,Yawn|Jolly||F|||50|]Gholdengo||MetalCoat|GoodasGold|MakeItRain,ShadowBall,PowerGem,Protect|Modest|||||50|
|c|☆viatles|gl hf
|c|☆viatles|oooh falinks
|
|t:|1783564026
|teamsize|p1|4
|teamsize|p2|4
|start
|switch|p1a: Sableye|Sableye, L50, F|100/100
|switch|p1b: Malsumas|Beedrill, L50, F, shiny|100/100
|switch|p2a: Liepard|Liepard, L50, F|100/100
|switch|p2b: Charizard|Charizard, L50, F|100/100
|turn|1
|
|t:|1783564068
|move|p2b: Charizard|Protect|p2b: Charizard
|-singleturn|p2b: Charizard|Protect
|move|p1b: Malsumas|Protect|p1b: Malsumas
|-singleturn|p1b: Malsumas|Protect
|move|p2a: Liepard|Fake Out|p1b: Malsumas
|-activate|p1b: Malsumas|move: Protect
|move|p1a: Sableye|Foul Play|p2b: Charizard
|-activate|p2b: Charizard|move: Protect
|
|upkeep
|turn|2
|
|t:|1783564129
|switch|p2b: Gholdengo|Gholdengo, L50|100/100
|switch|p1b: Pentious|Milotic, L50, M, shiny|100/100
|move|p2a: Liepard|Yawn|p1b: Pentious
|-start|p1b: Pentious|move: Yawn|[of] p2a: Liepard
|move|p1a: Sableye|Foul Play|p2b: Gholdengo
|-supereffective|p2b: Gholdengo|1
|-damage|p2b: Gholdengo|59/100
|
|upkeep
|turn|3
|inactive|Battle timer is ON: inactive players will automatically lose when time's up. (requested by viatles)
|
|t:|1783564144
|move|p2b: Gholdengo|Protect|p2b: Gholdengo
|-singleturn|p2b: Gholdengo|Protect
|move|p2a: Liepard|Knock Off|p1b: Pentious
|-damage|p1b: Pentious|68/100
|-enditem|p1b: Pentious|Leftovers|[from] move: Knock Off|[of] p2a: Liepard
|move|p1b: Pentious|Icy Wind|p2a: Liepard|[spread] p2a
|-activate|p2b: Gholdengo|move: Protect
|-damage|p2a: Liepard|78/100
|-unboost|p2a: Liepard|spe|1
|move|p1a: Sableye|Foul Play|p2b: Gholdengo
|-activate|p2b: Gholdengo|move: Protect
|
|-end|p1b: Pentious|move: Yawn|[silent]
|-status|p1b: Pentious|slp
|upkeep
|turn|4
|inactive|crazymac9 has 30 seconds left.
|inactive|crazymac9 has 20 seconds left.
|inactive|crazymac9 has 15 seconds left.
|
|t:|1783564186
|move|p2a: Liepard|Encore|p1b: Pentious
|-start|p1b: Pentious|Encore
|move|p2b: Gholdengo|Make It Rain|p1b: Pentious|[spread] p1a,p1b
|-resisted|p1b: Pentious|1
|-damage|p1a: Sableye|25/100
|-damage|p1b: Pentious|46/100 slp
|-unboost|p2b: Gholdengo|spa|2
|cant|p1b: Pentious|slp
|move|p1a: Sableye|Foul Play|p2b: Gholdengo
|-supereffective|p2b: Gholdengo|1
|-damage|p2b: Gholdengo|13/100
|
|upkeep
|turn|5
|
|t:|1783564207
|move|p2b: Gholdengo|Protect|p2b: Gholdengo
|-singleturn|p2b: Gholdengo|Protect
|move|p2a: Liepard|Knock Off|p1a: Sableye
|-damage|p1a: Sableye|0 fnt
|-enditem|p1a: Sableye|Roseli Berry|[from] move: Knock Off|[of] p2a: Liepard
|faint|p1a: Sableye
|cant|p1b: Pentious|slp
|
|upkeep
|
|t:|1783564216
|switch|p1a: Malsumas|Beedrill, L50, F, shiny|100/100
|turn|6
|
|t:|1783564233
|switch|p2a: Sinistcha|Sinistcha, L50|100/100
|-heal|p2b: Gholdengo|38/100|[from] ability: Hospitality|[of] p2a: Sinistcha
|detailschange|p1a: Malsumas|Beedrill-Mega, L50, F, shiny
|-mega|p1a: Malsumas|Beedrill|Beedrillite
|move|p1a: Malsumas|U-turn|p2b: Gholdengo
|-resisted|p2b: Gholdengo|2
|-crit|p2b: Gholdengo
|-damage|p2b: Gholdengo|14/100
|
|t:|1783564241
|switch|p1a: Garchomp|Garchomp, L50, M|100/100|[from] U-turn
|move|p2b: Gholdengo|Power Gem|p1a: Garchomp
|-resisted|p1a: Garchomp|1
|-damage|p1a: Garchomp|90/100
|-curestatus|p1b: Pentious|slp|[msg]
|move|p1b: Pentious|Icy Wind|p2a: Sinistcha|[spread] p2a,p2b
|-supereffective|p2a: Sinistcha|1
|-resisted|p2b: Gholdengo|1
|-damage|p2a: Sinistcha|81/100
|-damage|p2b: Gholdengo|8/100
|-unboost|p2a: Sinistcha|spe|1
|-unboost|p2b: Gholdengo|spe|1
|
|-end|p1b: Pentious|Encore
|upkeep
|turn|7
|inactive|viatles has 30 seconds left.
|
|t:|1783564268
|move|p2b: Gholdengo|Protect|p2b: Gholdengo
|-singleturn|p2b: Gholdengo|Protect
|move|p1a: Garchomp|Power Gem|p2b: Gholdengo
|-activate|p2b: Gholdengo|move: Protect
|move|p1b: Pentious|Icy Wind|p2a: Sinistcha|[spread] p2a
|-activate|p2b: Gholdengo|move: Protect
|-supereffective|p2a: Sinistcha|1
|-damage|p2a: Sinistcha|62/100
|-unboost|p2a: Sinistcha|spe|1
|move|p2a: Sinistcha|Life Dew|p2a: Sinistcha|[spread] p2a
|-immune|p2b: Gholdengo|[from] ability: Good as Gold
|-heal|p2a: Sinistcha|87/100
|
|upkeep
|turn|8
|inactive|crazymac9 has 30 seconds left.
|inactive|crazymac9 has 20 seconds left.
|inactive|crazymac9 has 15 seconds left.
|inactive|crazymac9 has 10 seconds left.
|
|t:|1783564314
|move|p2a: Sinistcha|Rage Powder|p2a: Sinistcha
|-singleturn|p2a: Sinistcha|move: Rage Powder
|move|p1a: Garchomp|Power Gem|p2a: Sinistcha
|-damage|p2a: Sinistcha|60/100
|-damage|p1a: Garchomp|81/100|[from] item: Life Orb
|move|p1b: Pentious|Icy Wind|p2b: Gholdengo|[spread] p2a,p2b
|-supereffective|p2a: Sinistcha|1
|-resisted|p2b: Gholdengo|1
|-damage|p2a: Sinistcha|40/100
|-damage|p2b: Gholdengo|2/100
|-unboost|p2a: Sinistcha|spe|1
|-unboost|p2b: Gholdengo|spe|1
|move|p2b: Gholdengo|Shadow Ball|p1b: Pentious
|-damage|p1b: Pentious|29/100
|
|upkeep
|turn|9
|
|t:|1783564335
|move|p2a: Sinistcha|Protect|p2a: Sinistcha
|-singleturn|p2a: Sinistcha|Protect
|move|p1a: Garchomp|Dragon Pulse|p2a: Sinistcha
|-activate|p2a: Sinistcha|move: Protect
|move|p1b: Pentious|Icy Wind|p2b: Gholdengo|[spread] p2b
|-activate|p2a: Sinistcha|move: Protect
|-resisted|p2b: Gholdengo|1
|-damage|p2b: Gholdengo|0 fnt
|faint|p2b: Gholdengo
|
|upkeep
|
|t:|1783564346
|switch|p2b: Charizard|Charizard, L50, F|100/100
|turn|10
|
|t:|1783564360
|detailschange|p2b: Charizard|Charizard-Mega-X, L50, F
|-mega|p2b: Charizard|Charizard|Charizardite X
|move|p1a: Garchomp|Protect|p1a: Garchomp
|-singleturn|p1a: Garchomp|Protect
|move|p2a: Sinistcha|Rage Powder|p2a: Sinistcha
|-singleturn|p2a: Sinistcha|move: Rage Powder
|move|p2b: Charizard|Belly Drum|p2b: Charizard
|-damage|p2b: Charizard|50/100y
|-setboost|p2b: Charizard|atk|6|[from] move: Belly Drum
|move|p1b: Pentious|Icy Wind|p2b: Charizard|[spread] p2a,p2b
|-supereffective|p2a: Sinistcha|1
|-damage|p2a: Sinistcha|20/100y
|-damage|p2b: Charizard|39/100
|-unboost|p2a: Sinistcha|spe|1
|-unboost|p2b: Charizard|spe|1
|
|upkeep
|turn|11
|inactive|crazymac9 has 30 seconds left.
|
|t:|1783564388
|switch|p1a: Malsumas|Beedrill-Mega, L50, F, shiny|100/100
|move|p2a: Sinistcha|Rage Powder|p2a: Sinistcha
|-singleturn|p2a: Sinistcha|move: Rage Powder
|move|p2b: Charizard|Dragon Claw|p1a: Malsumas
|-damage|p1a: Malsumas|0 fnt
|faint|p1a: Malsumas
|move|p1b: Pentious|Icy Wind|p2b: Charizard|[spread] p2b
|-miss|p1b: Pentious|p2a: Sinistcha
|-damage|p2b: Charizard|27/100
|-unboost|p2b: Charizard|spe|1
|
|upkeep
|
|t:|1783564405
|switch|p1a: Garchomp|Garchomp, L50, M|81/100
|turn|12
|inactive|viatles has 30 seconds left.
|
|t:|1783564439
|move|p1a: Garchomp|Protect|p1a: Garchomp
|-singleturn|p1a: Garchomp|Protect
|move|p2b: Charizard|Protect|p2b: Charizard
|-singleturn|p2b: Charizard|Protect
|move|p2a: Sinistcha|Protect|p2a: Sinistcha
|-singleturn|p2a: Sinistcha|Protect
|move|p1b: Pentious|Icy Wind|p2a: Sinistcha|[spread] 
|-activate|p2a: Sinistcha|move: Protect
|-activate|p2b: Charizard|move: Protect
|
|upkeep
|turn|13
|inactive|viatles has 30 seconds left.
|
|t:|1783564469
|move|p2a: Sinistcha|Rage Powder|p2a: Sinistcha
|-singleturn|p2a: Sinistcha|move: Rage Powder
|move|p1a: Garchomp|Dragon Pulse|p2a: Sinistcha
|-damage|p2a: Sinistcha|0 fnt
|faint|p2a: Sinistcha
|-damage|p1a: Garchomp|71/100|[from] item: Life Orb
|move|p1b: Pentious|Scald|p2b: Charizard
|-damage|p2b: Charizard|0 fnt
|faint|p2b: Charizard
|
|upkeep
|-message|crazymac9 forfeited.
|
|win|viatles
|l|☆crazymac9
|player|p2|
