|j|☆MrrLonely
|j|☆xysting
|html|MrrLonelyxysting    
|uhtml|bestof|Game 2 of a best-of-3
|t:|1785823778
|gametype|doubles
|player|p1|MrrLonely|preschooler|
|player|p2|xysting|2|
|gen|9
|tier|[Gen 9 Champions] VGC 2026 Reg M-B (Bo3)
|rule|Species Clause: Limit one of each Pokémon
|rule|Item Clause: Limit 1 of each item
|clearpoke
|poke|p1|Gengar, L50, F, shiny|
|poke|p1|Abomasnow, L50, M|
|poke|p1|Dragonite, L50, F|
|poke|p1|Krookodile, L50, M|
|poke|p1|Volcarona, L50, M|
|poke|p1|Espeon, L50, F|
|poke|p2|Metagross, L50|
|poke|p2|Excadrill, L50, M|
|poke|p2|Mamoswine, L50, F|
|poke|p2|Raichu, L50, F|
|poke|p2|Charizard, L50, M|
|poke|p2|Abomasnow, L50, M|
|teampreview|4
|showteam|p1|Gengar||Gengarite|CursedBody|Disable,Protect,SludgeWave,ShadowBall|Timid||F|||50|]Abomasnow||FocusSash|SnowWarning|AuroraVeil,Blizzard,IceShard,Protect|Sassy||M|||50|]Dragonite||LifeOrb|Multiscale|Protect,DragonClaw,Earthquake,ExtremeSpeed|Jolly||F|||50|]Krookodile||ChoiceScarf|Intimidate|KnockOff,Earthquake,RockSlide,HighHorsepower|Jolly||M|||50|]Volcarona||Leftovers|FlameBody|FieryDance,QuiverDance,Protect,BugBuzz|Modest||M|||50|]Espeon||LightClay|MagicBounce|Reflect,LightScreen,DazzlingGleam,Protect|Timid||F|||50|
|showteam|p2|Metagross||Metagrossite|ClearBody|Earthquake,BodySlam,HammerArm,IcePunch|Adamant|||||50|]Excadrill||Excadrite|SandRush|FocusBlast,IronHead,RockBlast,ThroatChop|Adamant||M|||50|]Mamoswine||FocusSash|Oblivious|Avalanche,HeavySlam,IcicleSpear,Trailblaze|Careful||F|||50|]Raichu||ChoiceScarf|Static|Facade,DrainingKiss,FocusBlast,Thunder|Gentle||F|||50|]Charizard||Leftovers|Blaze|AirSlash,DragonClaw,FlareBlitz,IronTail|Hasty||M|||50|]Abomasnow||MentalHerb|SnowWarning|GigaDrain,WeatherBall,BodySlam,IceBeam|Quiet||M|||50|
|
|t:|1785823791
|teamsize|p1|4
|teamsize|p2|4
|start
|switch|p1a: Gengar|Gengar, L50, F, shiny|100/100
|switch|p1b: Abomasnow|Abomasnow, L50, M|100/100
|switch|p2a: Metagross|Metagross, L50|100/100
|switch|p2b: Charizard|Charizard, L50, M|100/100
|-weather|Snowscape|[from] ability: Snow Warning|[of] p1b: Abomasnow
|turn|1
|
|t:|1785823810
|detailschange|p1a: Gengar|Gengar-Mega, L50, F, shiny
|-mega|p1a: Gengar|Gengar|Gengarite
|detailschange|p2a: Metagross|Metagross-Mega, L50
|-mega|p2a: Metagross|Metagross|Metagrossite
|move|p1a: Gengar|Shadow Ball|p2a: Metagross
|-supereffective|p2a: Metagross|1
|-damage|p2a: Metagross|5/100
|-unboost|p2a: Metagross|spd|1
|move|p2b: Charizard|Flare Blitz|p1a: Gengar
|-damage|p1a: Gengar|32/100
|-damage|p2b: Charizard|79/100|[from] Recoil
|move|p2a: Metagross|Hammer Arm|p1b: Abomasnow
|-supereffective|p1b: Abomasnow|1
|-damage|p1b: Abomasnow|28/100
|-unboost|p2a: Metagross|spe|1
|move|p1b: Abomasnow|Aurora Veil|p1b: Abomasnow
|-sidestart|p1: MrrLonely|move: Aurora Veil
|
|-weather|Snowscape|[upkeep]
|-heal|p2b: Charizard|85/100|[from] item: Leftovers
|upkeep
|turn|2
|
|t:|1785823842
|switch|p1a: Dragonite|Dragonite, L50, F|100/100
|move|p1b: Abomasnow|Protect|p1b: Abomasnow
|-singleturn|p1b: Abomasnow|Protect
|move|p2b: Charizard|Flare Blitz|p1a: Dragonite
|-resisted|p1a: Dragonite|1
|-damage|p1a: Dragonite|91/100
|-damage|p2b: Charizard|82/100|[from] Recoil
|move|p2a: Metagross|Hammer Arm|p1b: Abomasnow
|-activate|p1b: Abomasnow|move: Protect
|
|-weather|Snowscape|[upkeep]
|-heal|p2b: Charizard|88/100|[from] item: Leftovers
|upkeep
|turn|3
|
|t:|1785823879
|move|p1a: Dragonite|Extreme Speed|p2a: Metagross
|-resisted|p2a: Metagross|1
|-damage|p2a: Metagross|0 fnt
|faint|p2a: Metagross
|-damage|p1a: Dragonite|81/100|[from] item: Life Orb
|move|p2b: Charizard|Air Slash|p1b: Abomasnow
|-supereffective|p1b: Abomasnow|1
|-damage|p1b: Abomasnow|2/100
|move|p1b: Abomasnow|Blizzard|p2b: Charizard
|-damage|p2b: Charizard|41/100
|
|-weather|Snowscape|[upkeep]
|-heal|p2b: Charizard|47/100|[from] item: Leftovers
|upkeep
|
|t:|1785823892
|switch|p2a: Mamoswine|Mamoswine, L50, F|100/100
|turn|4
|
|t:|1785823901
|move|p2b: Charizard|Air Slash|p1b: Abomasnow
|-supereffective|p1b: Abomasnow|1
|-damage|p1b: Abomasnow|0 fnt
|faint|p1b: Abomasnow
|move|p1a: Dragonite|Dragon Claw|p2b: Charizard
|-damage|p2b: Charizard|0 fnt
|faint|p2b: Charizard
|-damage|p1a: Dragonite|71/100|[from] item: Life Orb
|move|p2a: Mamoswine|Avalanche|p1a: Dragonite
|-supereffective|p1a: Dragonite|2
|-damage|p1a: Dragonite|0 fnt
|faint|p1a: Dragonite
|
|-weather|Snowscape|[upkeep]
|upkeep
|
|t:|1785823918
|switch|p2b: Excadrill|Excadrill, L50, M|100/100
|switch|p1a: Gengar|Gengar-Mega, L50, F, shiny|32/100
|switch|p1b: Volcarona|Volcarona, L50, M|100/100
|turn|5
|
|t:|1785823942
|move|p1a: Gengar|Protect|p1a: Gengar
|-singleturn|p1a: Gengar|Protect
|move|p1b: Volcarona|Fiery Dance|p2a: Mamoswine
|-supereffective|p2a: Mamoswine|1
|-damage|p2a: Mamoswine|21/100
|-boost|p1b: Volcarona|spa|1
|move|p2b: Excadrill|Rock Blast|p1b: Volcarona
|-supereffective|p1b: Volcarona|2
|-damage|p1b: Volcarona|60/100
|-supereffective|p1b: Volcarona|2
|-damage|p1b: Volcarona|24/100
|-supereffective|p1b: Volcarona|2
|-damage|p1b: Volcarona|0 fnt
|faint|p1b: Volcarona
|-hitcount|p1: Volcarona|3
|move|p2a: Mamoswine|Icicle Spear|p1a: Gengar
|-activate|p1a: Gengar|move: Protect
|
|-weather|none
|-sideend|p1: MrrLonely|move: Aurora Veil
|upkeep
|turn|6
|
|t:|1785823978
|move|p1a: Gengar|Sludge Wave|p2b: Excadrill|[spread] p2a
|-immune|p2b: Excadrill
|-resisted|p2a: Mamoswine|1
|-damage|p2a: Mamoswine|2/100
|move|p2b: Excadrill|Throat Chop|p1a: Gengar
|-supereffective|p1a: Gengar|1
|-damage|p1a: Gengar|0 fnt
|faint|p1a: Gengar
|
|win|xysting
|l|☆MrrLonely
|player|p1|
