|j|☆jsajsajs
|j|☆P!nkbearz07
|html|jsajsajsP!nkbearz07    
|uhtml|bestof|Game 2 of a best-of-3
|t:|1757724297
|gametype|doubles
|player|p1|jsajsajs|blue|1079
|player|p2|P!nkbearz07|marlon|1089
|gen|9
|tier|[Gen 9] VGC 2025 Reg H (Bo3)
|rated|
|rule|Species Clause: Limit one of each Pokémon
|rule|Item Clause: Limit 1 of each item
|clearpoke
|poke|p1|Dragonite, L50, M|
|poke|p1|Amoonguss, L50, F|
|poke|p1|Ursaluna, L50, M|
|poke|p1|Smeargle, L50, M|
|poke|p1|Gholdengo, L50|
|poke|p1|Incineroar, L50, M|
|poke|p2|Tyranitar, L50, F|
|poke|p2|Excadrill, L50, M|
|poke|p2|Empoleon, L50, M|
|poke|p2|Annihilape, L50, M|
|poke|p2|Gholdengo, L50|
|poke|p2|Hydreigon, L50, F|
|teampreview|4
|showteam|p1|Dragonite||LoadedDice|Multiscale|ScaleShot,ExtremeSpeed,Haze,Protect|||M|||50|,,,,,Fairy]Amoonguss||RockyHelmet|Regenerator|PollenPuff,Spore,RagePowder,Protect|||F|||50|,,,,,Water]Ursaluna||FlameOrb|Guts|HeadlongRush,Facade,Earthquake,Protect|||M|||50|,,,,,Ghost]Smeargle||FocusSash|Moody|Endeavor,Spore,FollowMe,SpikyShield|||M|||50|,,,,,Ghost]Gholdengo||Leftovers|GoodasGold|MakeItRain,ShadowBall,NastyPlot,Protect||||||50|,,,,,Fairy]Incineroar||SafetyGoggles|Intimidate|FlareBlitz,KnockOff,FakeOut,PartingShot|||M|||50|,,,,,Ghost
|showteam|p2|Tyranitar||AssaultVest|SandStream|RockSlide,KnockOff,TeraBlast,LowKick|||F|||50|,,,,,Flying]Excadrill||FocusSash|SandRush|Earthquake,HighHorsepower,IronHead,Protect|||M|||50|,,,,,Ground]Empoleon||CovertCloak|Competitive|HydroPump,FlashCannon,IcyWind,Protect|||M|||50|,,,,,Grass]Annihilape||ChoiceScarf|Defiant|RageFist,CloseCombat,FinalGambit,Coaching|||M|||50|,,,,,Grass]Gholdengo||LifeOrb|GoodasGold|Protect,NastyPlot,ShadowBall,MakeItRain||||||50|,,,,,Steel]Hydreigon||ChoiceSpecs|Levitate|HeatWave,Snarl,DarkPulse,DracoMeteor|||F|||50|,,,,,Fire
|inactive|Battle timer is ON: inactive players will automatically lose when time's up. (requested by jsajsajs)
|inactive|P!nkbearz07 also wants the timer to be on.
|inactive|jsajsajs has 60 seconds left.
|inactive|P!nkbearz07 has 60 seconds left.
|
|t:|1757724354
|teamsize|p1|4
|teamsize|p2|4
|start
|switch|p1a: Smeargle|Smeargle, L50, M, shiny|100/100
|switch|p1b: Gholdengo|Gholdengo, L50|100/100
|switch|p2a: Nightmare|Hydreigon, L50, F|100/100
|switch|p2b: Atlantis|Empoleon, L50, M, shiny|100/100
|turn|1
|
|t:|1757724377
|-terastallize|p2b: Atlantis|Grass
|move|p2a: Nightmare|Heat Wave|p1b: Gholdengo|[spread] p1a,p1b
|-supereffective|p1b: Gholdengo
|-damage|p1a: Smeargle|18/100
|-damage|p1b: Gholdengo|6/100
|move|p1a: Smeargle|Spore|p2a: Nightmare
|-status|p2a: Nightmare|slp|[from] move: Spore
|move|p1b: Gholdengo|Nasty Plot|p1b: Gholdengo
|-boost|p1b: Gholdengo|spa|2
|move|p2b: Atlantis|Flash Cannon|p1b: Gholdengo
|-resisted|p1b: Gholdengo
|-damage|p1b: Gholdengo|0 fnt
|faint|p1b: Gholdengo
|
|-ability|p1a: Smeargle|Moody|boost
|-boost|p1a: Smeargle|spa|2
|-unboost|p1a: Smeargle|def|1
|upkeep
|
|t:|1757724401
|switch|p1b: Artemisa|Amoonguss, L50, F, shiny|100/100
|turn|2
|
|t:|1757724421
|move|p2b: Atlantis|Protect|p2b: Atlantis
|-singleturn|p2b: Atlantis|Protect
|cant|p2a: Nightmare|slp
|move|p1a: Smeargle|Endeavor|p2a: Nightmare
|-damage|p2a: Nightmare|18/100 slp
|move|p1b: Artemisa|Pollen Puff|p2a: Nightmare
|-supereffective|p2a: Nightmare
|-crit|p2a: Nightmare
|-damage|p2a: Nightmare|0 fnt
|faint|p2a: Nightmare
|
|-ability|p1a: Smeargle|Moody|boost
|-boost|p1a: Smeargle|spd|2
|-unboost|p1a: Smeargle|def|1
|upkeep
|
|t:|1757724432
|switch|p2a: Oil Rig|Excadrill, L50, M, shiny|100/100
|turn|3
|
|t:|1757724454
|-terastallize|p1b: Artemisa|Water
|move|p1a: Smeargle|Spiky Shield|p1a: Smeargle
|-singleturn|p1a: Smeargle|move: Protect
|move|p2a: Oil Rig|Earthquake|p1b: Artemisa|[spread] p2b,p1b
|-activate|p1a: Smeargle|move: Protect
|-resisted|p2b: Atlantis
|-damage|p2b: Atlantis|83/100
|-damage|p1b: Artemisa|63/100
|move|p2b: Atlantis|Icy Wind|p1a: Smeargle|[spread] p1b
|-activate|p1a: Smeargle|move: Protect
|-resisted|p1b: Artemisa
|-damage|p1b: Artemisa|59/100
|-unboost|p1b: Artemisa|spe|1
|move|p1b: Artemisa|Spore|p2a: Oil Rig
|-status|p2a: Oil Rig|slp|[from] move: Spore
|
|-ability|p1a: Smeargle|Moody|boost
|-boost|p1a: Smeargle|atk|2
|-unboost|p1a: Smeargle|spd|1
|upkeep
|turn|4
|inactive|jsajsajs has 30 seconds left.
|
|t:|1757724488
|cant|p2a: Oil Rig|slp
|move|p1a: Smeargle|Endeavor|p2b: Atlantis
|-damage|p2b: Atlantis|17/100
|move|p2b: Atlantis|Flash Cannon|p1a: Smeargle
|-damage|p1a: Smeargle|0 fnt
|faint|p1a: Smeargle
|move|p1b: Artemisa|Pollen Puff|p2b: Atlantis
|-supereffective|p2b: Atlantis
|-damage|p2b: Atlantis|0 fnt
|faint|p2b: Atlantis
|
|upkeep
|
|t:|1757724499
|switch|p1a: Ursaluna|Ursaluna, L50, M, shiny|100/100
|switch|p2b: DK|Annihilape, L50, M|100/100
|turn|5
|inactive|P!nkbearz07 has 30 seconds left.
|inactive|P!nkbearz07 has 20 seconds left.
|inactive|jsajsajs has 30 seconds left.
|
|t:|1757724546
|move|p1b: Artemisa|Rage Powder|p1b: Artemisa
|-singleturn|p1b: Artemisa|move: Rage Powder
|move|p2b: DK|Close Combat|p1b: Artemisa
|-damage|p1b: Artemisa|12/100
|-unboost|p2b: DK|def|1
|-unboost|p2b: DK|spd|1
|-damage|p2b: DK|84/100|[from] item: Rocky Helmet|[of] p1b: Artemisa
|cant|p2a: Oil Rig|slp
|move|p1a: Ursaluna|Headlong Rush|p2a: Oil Rig
|-supereffective|p2a: Oil Rig
|-enditem|p2a: Oil Rig|Focus Sash
|-damage|p2a: Oil Rig|1/100 slp
|-unboost|p1a: Ursaluna|def|1
|-unboost|p1a: Ursaluna|spd|1
|
|-status|p1a: Ursaluna|brn|[from] item: Flame Orb
|upkeep
|turn|6
|
|t:|1757724567
|move|p1b: Artemisa|Rage Powder|p1b: Artemisa
|-singleturn|p1b: Artemisa|move: Rage Powder
|move|p2b: DK|Close Combat|p1b: Artemisa
|-damage|p1b: Artemisa|0 fnt
|-unboost|p2b: DK|def|1
|-unboost|p2b: DK|spd|1
|-damage|p2b: DK|67/100|[from] item: Rocky Helmet|[of] p1b: Artemisa
|faint|p1b: Artemisa
|-curestatus|p2a: Oil Rig|slp|[msg]
|move|p2a: Oil Rig|Iron Head|p1a: Ursaluna
|-damage|p1a: Ursaluna|55/100 brn
|move|p1a: Ursaluna|Earthquake|p2b: DK|[spread] p2a,p2b
|-supereffective|p2a: Oil Rig
|-damage|p2a: Oil Rig|0 fnt
|-damage|p2b: DK|0 fnt
|faint|p2a: Oil Rig
|faint|p2b: DK
|
|win|jsajsajs
|inactive|jsajsajs has 30 seconds to confirm battle start!
|inactive|P!nkbearz07 has 30 seconds to confirm battle start!
||P!nkbearz07 is ready for game 3.
||jsajsajs is ready for game 3.
|uhtml|next|Next: Game 3 of 3
