|j|☆Scoseb
|j|☆rZelot
|html|ScosebrZelot    
|uhtml|bestof|Game 1 of a best-of-3
|t:|1783519569
|gametype|doubles
|player|p1|Scoseb|brycenman|1171
|player|p2|rZelot|gardenia|1101
|gen|9
|tier|[Gen 9 Champions] VGC 2026 Reg M-B (Bo3)
|rated|
|rule|Species Clause: Limit one of each Pokémon
|rule|Item Clause: Limit 1 of each item
|clearpoke
|poke|p1|Staraptor, L50, M|
|poke|p1|Zoroark-Hisui, L50, M|
|poke|p1|Gholdengo, L50|
|poke|p1|Whimsicott, L50, F|
|poke|p1|Incineroar, L50, M|
|poke|p1|Drampa, L50, M|
|poke|p2|Scrafty, L50, M, shiny|
|poke|p2|Toxapex, L50, F, shiny|
|poke|p2|Rotom-Heat, L50, shiny|
|poke|p2|Sinistcha, L50|
|poke|p2|Ninetales-Alola, L50, M, shiny|
|poke|p2|Hydreigon, L50, F|
|teampreview|4
|showteam|p1|Staraptor||Staraptite|Reckless|CloseCombat,Protect,BraveBird,Roost|Jolly||M|||50|]Zoroark-Hisui||FocusSash|Illusion|BitterMalice,IcyWind,Taunt,FakeTears|Timid||M|||50|]Gholdengo||LifeOrb|GoodasGold|MakeItRain,ShadowBall,Protect,PowerGem|Modest|||||50|]Whimsicott||FairyFeather|Prankster|Tailwind,Moonblast,Charm,Protect|Timid||F|||50|]Incineroar||SitrusBerry|Intimidate|FakeOut,PartingShot,FlareBlitz,DarkestLariat|Careful||M|||50|]Drampa||Drampanite|CloudNine|HyperVoice,DragonPulse,Protect,CalmMind|Timid||M|||50|
|showteam|p2|Scrafty||Scraftinite|Intimidate|FakeOut,KnockOff,DrainPunch,SwordsDance|Adamant||M|||50|]Toxapex||SitrusBerry|Regenerator|Stockpile,Infestation,Toxic,Recover|Bold||F|||50|]Rotom-Heat||Leftovers|Levitate|VoltSwitch,Overheat,Thunderbolt,WillOWisp|Calm|||||50|]Sinistcha||CobaBerry|Hospitality|MatchaGotcha,TrickRoom,RagePowder,Protect|Sassy|||||50|]Ninetales-Alola||FocusSash|SnowWarning|FreezeDry,Blizzard,AuroraVeil,Protect|Timid||M|||50|]Hydreigon||ChoiceScarf|Levitate|DarkPulse,Snarl,DracoMeteor,EarthPower|Timid||F|||50|
|inactive|Battle timer is ON: inactive players will automatically lose when time's up. (requested by rZelot)
|inactive|Scoseb also wants the timer to be on.
|inactive|Scoseb has 60 seconds left.
|
|t:|1783519601
|teamsize|p1|4
|teamsize|p2|4
|start
|switch|p1a: Gholdengo|Gholdengo, L50|100/100
|switch|p1b: Drampa|Drampa, L50, M|100/100
|switch|p2a: Scrafty|Scrafty, L50, M, shiny|100/100
|switch|p2b: Hydreigon|Hydreigon, L50, F|100/100
|-ability|p2a: Scrafty|Intimidate|boost
|-unboost|p1a: Gholdengo|atk|1
|-unboost|p1b: Drampa|atk|1
|turn|1
|inactive|rZelot has 30 seconds left.
|
|t:|1783519628
|detailschange|p2a: Scrafty|Scrafty-Mega, L50, M, shiny
|-mega|p2a: Scrafty|Scrafty|Scraftinite
|-ability|p2a: Scrafty|Intimidate|boost
|-unboost|p1a: Gholdengo|atk|1
|-unboost|p1b: Drampa|atk|1
|move|p1a: Gholdengo|Protect|p1a: Gholdengo
|-singleturn|p1a: Gholdengo|Protect
|move|p2b: Hydreigon|Snarl|p1a: Gholdengo|[spread] p1b
|-activate|p1a: Gholdengo|move: Protect
|-supereffective|p1b: Drampa|1
|-damage|p1b: Drampa|18/100
|-unboost|p1b: Drampa|spa|1
|replace|p1b: Zoroark|Zoroark-Hisui, L50, M
|-end|p1b: Zoroark|Illusion
|move|p1b: Zoroark|Icy Wind|p2b: Hydreigon|[spread] p2a,p2b
|-supereffective|p2b: Hydreigon|1
|-damage|p2a: Scrafty|91/100
|-damage|p2b: Hydreigon|77/100
|-unboost|p2a: Scrafty|spe|1
|-unboost|p2b: Hydreigon|spe|1
|move|p2a: Scrafty|Knock Off|p1b: Zoroark
|-supereffective|p1b: Zoroark|1
|-damage|p1b: Zoroark|0 fnt
|-enditem|p1b: Zoroark|Focus Sash|[from] move: Knock Off|[of] p2a: Scrafty
|faint|p1b: Zoroark
|
|upkeep
|
|t:|1783519648
|switch|p1b: Incineroar|Incineroar, L50, M|100/100
|-ability|p1b: Incineroar|Intimidate|boost
|-unboost|p2a: Scrafty|atk|1
|-unboost|p2b: Hydreigon|atk|1
|turn|2
|
|t:|1783519659
|switch|p2a: Toxapex|Toxapex, L50, F, shiny|100/100
|move|p1b: Incineroar|Fake Out|p2b: Hydreigon
|-damage|p2b: Hydreigon|65/100
|cant|p2b: Hydreigon|flinch
|move|p1a: Gholdengo|Make It Rain|p2b: Hydreigon|[spread] p2a,p2b
|-resisted|p2a: Toxapex|1
|-damage|p2a: Toxapex|75/100
|-damage|p2b: Hydreigon|0 fnt
|-unboost|p1a: Gholdengo|spa|2
|faint|p2b: Hydreigon
|-damage|p1a: Gholdengo|90/100|[from] item: Life Orb
|
|upkeep
|
|t:|1783519670
|switch|p2b: Scrafty|Scrafty-Mega, L50, M, shiny|91/100
|-ability|p2b: Scrafty|Intimidate|boost
|-unboost|p1a: Gholdengo|atk|1
|-unboost|p1b: Incineroar|atk|1
|turn|3
|
|t:|1783519681
|move|p1a: Gholdengo|Shadow Ball|p2a: Toxapex
|-damage|p2a: Toxapex|52/100
|-unboost|p2a: Toxapex|spd|1
|-damage|p1a: Gholdengo|81/100|[from] item: Life Orb
|move|p2b: Scrafty|Knock Off|p1a: Gholdengo
|-supereffective|p1a: Gholdengo|1
|-damage|p1a: Gholdengo|0 fnt
|-enditem|p1a: Gholdengo|Life Orb|[from] move: Knock Off|[of] p2b: Scrafty
|faint|p1a: Gholdengo
|move|p1b: Incineroar|Parting Shot|p2b: Scrafty
|-unboost|p2b: Scrafty|atk|1
|-unboost|p2b: Scrafty|spa|1
|
|t:|1783519692
|switch|p1b: Drampa|Drampa, L50, M|100/100|[from] Parting Shot
|-ability|p1b: Drampa|Cloud Nine
|move|p2a: Toxapex|Toxic|p1b: Drampa
|-status|p1b: Drampa|tox
|
|-damage|p1b: Drampa|94/100 tox|[from] psn
|upkeep
|
|t:|1783519700
|switch|p1a: Incineroar|Incineroar, L50, M|100/100
|-ability|p1a: Incineroar|Intimidate|boost
|-unboost|p2a: Toxapex|atk|1
|-unboost|p2b: Scrafty|atk|1
|turn|4
|
|t:|1783519711
|switch|p2b: Sinistcha|Sinistcha, L50|100/100
|-heal|p2a: Toxapex|77/100|[from] ability: Hospitality|[of] p2b: Sinistcha
|detailschange|p1b: Drampa|Drampa-Mega, L50, M
|-mega|p1b: Drampa|Drampa|Drampanite
|move|p1a: Incineroar|Fake Out|p2b: Sinistcha
|-immune|p2b: Sinistcha
|move|p1b: Drampa|Calm Mind|p1b: Drampa
|-boost|p1b: Drampa|spa|1
|-boost|p1b: Drampa|spd|1
|move|p2a: Toxapex|Recover|p2a: Toxapex
|-heal|p2a: Toxapex|100/100
|
|-damage|p1b: Drampa|82/100 tox|[from] psn
|upkeep
|turn|5
|inactive|rZelot has 30 seconds left.
|
|t:|1783519738
|move|p2b: Sinistcha|Rage Powder|p2b: Sinistcha
|-singleturn|p2b: Sinistcha|move: Rage Powder
|move|p1b: Drampa|Dragon Pulse|p2b: Sinistcha
|-damage|p2b: Sinistcha|23/100
|move|p1a: Incineroar|Darkest Lariat|p2b: Sinistcha
|-supereffective|p2b: Sinistcha|1
|-crit|p2b: Sinistcha
|-damage|p2b: Sinistcha|0 fnt
|faint|p2b: Sinistcha
|move|p2a: Toxapex|Infestation|p1b: Drampa
|-damage|p1b: Drampa|79/100 tox
|-activate|p1b: Drampa|move: Infestation|[of] p2a: Toxapex
|
|-damage|p1b: Drampa|62/100 tox|[from] psn
|-damage|p1b: Drampa|50/100g tox|[from] move: Infestation|[partiallytrapped]
|upkeep
|
|t:|1783519743
|switch|p2b: Scrafty|Scrafty-Mega, L50, M, shiny|91/100
|-ability|p2b: Scrafty|Intimidate|boost
|-unboost|p1a: Incineroar|atk|1
|-unboost|p1b: Drampa|atk|1
|turn|6
|inactive|rZelot has 30 seconds left.
|inactive|rZelot has 20 seconds left.
|
|t:|1783519780
|move|p2b: Scrafty|Fake Out|p1b: Drampa
|-damage|p1b: Drampa|36/100 tox
|-ability|p1b: Drampa|Berserk|boost
|-boost|p1b: Drampa|spa|1
|cant|p1b: Drampa|flinch
|move|p1a: Incineroar|Flare Blitz|p2b: Scrafty
|-damage|p2b: Scrafty|66/100
|-damage|p1a: Incineroar|93/100|[from] Recoil
|move|p2a: Toxapex|Toxic|p1a: Incineroar
|-status|p1a: Incineroar|tox
|
|-damage|p1b: Drampa|14/100 tox|[from] psn
|-damage|p1a: Incineroar|87/100 tox|[from] psn
|-damage|p1b: Drampa|1/100 tox|[from] move: Infestation|[partiallytrapped]
|upkeep
|turn|7
|
|t:|1783519797
|move|p2b: Scrafty|Drain Punch|p1a: Incineroar
|-supereffective|p1a: Incineroar|1
|-damage|p1a: Incineroar|27/100 tox
|-heal|p2b: Scrafty|100/100|[from] drain|[of] p1a: Incineroar
|-enditem|p1a: Incineroar|Sitrus Berry|[eat]
|-heal|p1a: Incineroar|52/100 tox|[from] item: Sitrus Berry
|move|p1b: Drampa|Hyper Voice|p2a: Toxapex|[spread] p2a,p2b
|-damage|p2a: Toxapex|5/100
|-damage|p2b: Scrafty|28/100
|-enditem|p2a: Toxapex|Sitrus Berry|[eat]
|-heal|p2a: Toxapex|30/100|[from] item: Sitrus Berry
|move|p1a: Incineroar|Parting Shot|p2b: Scrafty
|-unboost|p2b: Scrafty|atk|1
|-unboost|p2b: Scrafty|spa|1
|move|p2a: Toxapex|Stockpile|p2a: Toxapex
|-start|p2a: Toxapex|stockpile1
|-boost|p2a: Toxapex|def|1
|-boost|p2a: Toxapex|spd|1
|
|-damage|p1b: Drampa|0 fnt|[from] psn
|faint|p1b: Drampa
|-damage|p1a: Incineroar|40/100 tox|[from] psn
|upkeep
|turn|8
|-message|Scoseb forfeited.
|
|win|rZelot
||rZelot is ready for game 2.
||Scoseb is ready for game 2.
|uhtml|next|Next: Game 2 of 3
|l|☆rZelot
|player|p2|
