|j|☆bighamsterbaseball
|j|☆Cello L.
|html|bighamsterbaseballCello L.    
|uhtml|bestof|Game 2 of a best-of-3
|t:|1782264901
|gametype|doubles
|player|p1|bighamsterbaseball|pokemaniac|1179
|player|p2|Cello L.|cynthia-gen4|1172
|gen|9
|tier|[Gen 9 Champions] VGC 2026 Reg M-B (Bo3)
|rated|
|rule|Species Clause: Limit one of each Pokémon
|rule|Item Clause: Limit 1 of each item
|clearpoke
|poke|p1|Pidgeot, L50, F|
|poke|p1|Tyranitar, L50, M|
|poke|p1|Excadrill, L50, M|
|poke|p1|Tsareena, L50, F|
|poke|p1|Gholdengo, L50|
|poke|p1|Rotom-Wash, L50|
|poke|p2|Froslass, L50, F|
|poke|p2|Dragonite, L50, F|
|poke|p2|Garchomp, L50, F|
|poke|p2|Basculegion, L50, M|
|poke|p2|Sneasler, L50, F|
|poke|p2|Kingambit, L50, F|
|teampreview|4
|showteam|p1|Pidgeot||Pidgeotite|BigPecks|Hurricane,HeatWave,Tailwind,Protect|Timid||F|||50|]Tyranitar||Tyranitarite|SandStream|RockSlide,KnockOff,LowKick,Protect|Jolly||M|||50|]Excadrill||FocusSash|SandRush|Earthquake,IronHead,RockSlide,Protect|Adamant||M|||50|]Tsareena||ChoiceScarf|QueenlyMajesty|PowerWhip,TripleAxel,LowKick,Uturn|Jolly||F|||50|]Gholdengo||Leftovers|GoodasGold|MakeItRain,ShadowBall,NastyPlot,Protect|Timid|||||50|]Rotom-Wash||SitrusBerry|Levitate|Thunderbolt,HydroPump,WillOWisp,Protect|Modest|||||50|
|showteam|p2|Froslass||Froslassite|CursedBody|Blizzard,ShadowBall,AuroraVeil,Protect|Timid||F|||50|]Dragonite||Dragoninite|Multiscale|DragonPulse,Thunderbolt,Flamethrower,Protect|Modest||F|||50|]Garchomp||LifeOrb|RoughSkin|Earthquake,StompingTantrum,DragonClaw,Protect|Jolly||F|||50|]Basculegion||SitrusBerry|Adaptability|WaveCrash,LastRespects,AquaJet,Protect|Adamant||M|||50|]Sneasler||WhiteHerb|Unburden|CloseCombat,DireClaw,FakeOut,Protect|Jolly||F|||50|]Kingambit||BlackGlasses|Defiant|KowtowCleave,SuckerPunch,IronHead,Protect|Adamant||F|||50|
|
|t:|1782264982
|teamsize|p1|4
|teamsize|p2|4
|start
|switch|p1a: Pidgeot|Pidgeot, L50, F|100/100
|switch|p1b: Gholdengo|Gholdengo, L50|100/100
|switch|p2a: Grace|Froslass, L50, F|100/100
|switch|p2b: Courage|Garchomp, L50, F|100/100
|turn|1
|
|t:|1782265055
|switch|p2a: Ambition|Kingambit, L50, F|100/100
|move|p1a: Pidgeot|Protect|p1a: Pidgeot
|-singleturn|p1a: Pidgeot|Protect
|move|p2b: Courage|Stomping Tantrum|p1b: Gholdengo
|-supereffective|p1b: Gholdengo|1
|-damage|p1b: Gholdengo|4/100
|-damage|p2b: Courage|90/100|[from] item: Life Orb
|move|p1b: Gholdengo|Make It Rain|p2b: Courage|[spread] p2a,p2b
|-resisted|p2a: Ambition|1
|-damage|p2a: Ambition|76/100
|-damage|p2b: Courage|47/100
|-unboost|p1b: Gholdengo|spa|2
|
|-heal|p1b: Gholdengo|10/100|[from] item: Leftovers
|upkeep
|turn|2
|
|t:|1782265089
|switch|p1b: Tsareena|Tsareena, L50, F|100/100
|detailschange|p1a: Pidgeot|Pidgeot-Mega, L50, F
|-mega|p1a: Pidgeot|Pidgeot|Pidgeotite
|move|p2a: Ambition|Sucker Punch||[still]
|cant|p1b: Tsareena|ability: Queenly Majesty|Sucker Punch|[of] p2a: Ambition
|move|p1a: Pidgeot|Hurricane|p2b: Courage
|-damage|p2b: Courage|0 fnt
|faint|p2b: Courage
|
|upkeep
|
|t:|1782265099
|switch|p2b: Grace|Froslass, L50, F|100/100
|turn|3
|
|t:|1782265118
|detailschange|p2b: Grace|Froslass-Mega, L50, F
|-mega|p2b: Grace|Froslass|Froslassite
|-weather|Snowscape|[from] ability: Snow Warning|[of] p2b: Grace
|move|p1b: Tsareena|Power Whip|p2b: Grace
|-damage|p2b: Grace|48/100
|move|p1a: Pidgeot|Heat Wave|p2a: Ambition|[spread] p2a,p2b
|-supereffective|p2a: Ambition|1
|-supereffective|p2b: Grace|1
|-damage|p2a: Ambition|23/100
|-damage|p2b: Grace|0 fnt
|faint|p2b: Grace
|move|p2a: Ambition|Iron Head|p1b: Tsareena
|-crit|p1b: Tsareena
|-damage|p1b: Tsareena|13/100
|
|-weather|Snowscape|[upkeep]
|upkeep
|
|t:|1782265129
|switch|p2b: Stairs|Sneasler, L50, F|100/100
|turn|4
|
|t:|1782265172
|switch|p1b: Gholdengo|Gholdengo, L50|10/100
|move|p2b: Stairs|Protect|p2b: Stairs
|-singleturn|p2b: Stairs|Protect
|move|p1a: Pidgeot|Heat Wave|p2b: Stairs|[spread] p2a
|-activate|p2b: Stairs|move: Protect
|-supereffective|p2a: Ambition|1
|-damage|p2a: Ambition|0 fnt
|faint|p2a: Ambition
|
|-weather|Snowscape|[upkeep]
|-heal|p1b: Gholdengo|17/100|[from] item: Leftovers
|upkeep
|turn|5
|-message|Cello L. forfeited.
|
|win|bighamsterbaseball
||Cello L. is ready for game 3.
||bighamsterbaseball is ready for game 3.
|uhtml|next|Next: Game 3 of 3
