|j|☆InsanityWar22
|j|☆DragonairJordan23
|html|InsanityWar22DragonairJordan23    
|uhtml|bestof|Game 1 of a best-of-3
|t:|1783707884
|gametype|doubles
|player|p1|InsanityWar22|102|1171
|player|p2|DragonairJordan23|dancer|1104
|gen|9
|tier|[Gen 9 Champions] VGC 2026 Reg M-B (Bo3)
|rated|
|rule|Species Clause: Limit one of each Pokémon
|rule|Item Clause: Limit 1 of each item
|clearpoke
|poke|p1|Pelipper, L50, M|
|poke|p1|Archaludon, L50, F|
|poke|p1|Swampert, L50, F|
|poke|p1|Incineroar, L50, F|
|poke|p1|Floette-Eternal, L50, F|
|poke|p1|Sinistcha, L50|
|poke|p2|Kommo-o, L50, F|
|poke|p2|Glimmora, L50, M|
|poke|p2|Froslass, L50, F|
|poke|p2|Incineroar, L50, M|
|poke|p2|Vivillon, L50, M|
|poke|p2|Farigiraf, L50, M|
|teampreview|4
|showteam|p1|Pelipper||FocusSash|Drizzle|Tailwind,WeatherBall,Hurricane,WideGuard|Modest||M|||50|]Archaludon||ChopleBerry|Stamina|Protect,ElectroShot,DragonPulse,FlashCannon|Calm||F|||50|]Swampert||Swampertite|Torrent|Protect,IcePunch,WaveCrash,Earthquake|Adamant||F|||50|]Incineroar||SitrusBerry|Intimidate|FakeOut,FlareBlitz,DarkestLariat,Taunt|Relaxed||F|||50|]Floette-Eternal||Floettite|FlowerVeil|Protect,DazzlingGleam,Moonblast,LightofRuin|Modest||F|||50|]Sinistcha||Leftovers|Hospitality|TrickRoom,MatchaGotcha,LifeDew,RagePowder|Calm|||||50|
|showteam|p2|Kommo-o||Leftovers|Soundproof|IronDefense,BodyPress,DragonTail,Protect|Impish||F|||50|]Glimmora||FocusSash|ToxicDebris|PowerGem,SludgeBomb,EarthPower,SpikyShield|Timid||M|||50|]Froslass||Froslassite|SnowCloak|Blizzard,ShadowBall,AuroraVeil,Protect|Timid||F|||50|]Incineroar||SitrusBerry|Intimidate|FakeOut,FlareBlitz,ThroatChop,PartingShot|Careful||M|||50|]Vivillon||ChoiceScarf|CompoundEyes|Hurricane,RagePowder,Tailwind,SleepPowder|Timid||M|||50|]Farigiraf||ColburBerry|ArmorTail|Thunderbolt,Psychic,Protect,TrickRoom|Quiet||M|||50|
|inactive|Battle timer is ON: inactive players will automatically lose when time's up. (requested by InsanityWar22)
|inactive|InsanityWar22 has 60 seconds left.
|inactive|DragonairJordan23 has 60 seconds left.
|
|t:|1783707932
|teamsize|p1|4
|teamsize|p2|4
|start
|switch|p1a: Incineroar|Incineroar, L50, F|100/100
|switch|p1b: Swampert|Swampert, L50, F|100/100
|switch|p2a: Froslass|Froslass, L50, F|100/100
|switch|p2b: Incineroar|Incineroar, L50, M|100/100
|-ability|p2b: Incineroar|Intimidate|boost
|-unboost|p1a: Incineroar|atk|1
|-unboost|p1b: Swampert|atk|1
|-ability|p1a: Incineroar|Intimidate|boost
|-unboost|p2a: Froslass|atk|1
|-unboost|p2b: Incineroar|atk|1
|turn|1
|
|t:|1783707943
|switch|p2b: Kommo-o|Kommo-o, L50, F|100/100
|detailschange|p2a: Froslass|Froslass-Mega, L50, F
|-mega|p2a: Froslass|Froslass|Froslassite
|-weather|Snowscape|[from] ability: Snow Warning|[of] p2a: Froslass
|detailschange|p1b: Swampert|Swampert-Mega, L50, F
|-mega|p1b: Swampert|Swampert|Swampertite
|move|p1b: Swampert|Protect|p1b: Swampert
|-singleturn|p1b: Swampert|Protect
|move|p2a: Froslass|Aurora Veil|p2a: Froslass
|-sidestart|p2: DragonairJordan23|move: Aurora Veil
|move|p1a: Incineroar|Flare Blitz|p2a: Froslass
|-supereffective|p2a: Froslass|1
|-damage|p2a: Froslass|55/100
|-status|p2a: Froslass|brn
|-damage|p1a: Incineroar|87/100|[from] Recoil
|
|-weather|Snowscape|[upkeep]
|-damage|p2a: Froslass|49/100 brn|[from] brn
|upkeep
|turn|2
|
|t:|1783707962
|switch|p2a: Incineroar|Incineroar, L50, M|100/100
|-ability|p2a: Incineroar|Intimidate|boost
|-unboost|p1a: Incineroar|atk|1
|-unboost|p1b: Swampert|atk|1
|switch|p1a: Pelipper|Pelipper, L50, M|100/100
|-weather|RainDance|[from] ability: Drizzle|[of] p1a: Pelipper
|move|p1b: Swampert|Ice Punch|p2b: Kommo-o
|-supereffective|p2b: Kommo-o|1
|-damage|p2b: Kommo-o|84/100
|-status|p2b: Kommo-o|frz
|cant|p2b: Kommo-o|frz
|
|-weather|RainDance|[upkeep]
|-heal|p2b: Kommo-o|90/100 frz|[from] item: Leftovers
|upkeep
|turn|3
|inactive|DragonairJordan23 has 30 seconds left.
|
|t:|1783707988
|switch|p1b: Archaludon|Archaludon, L50, F|100/100
|move|p2a: Incineroar|Fake Out|p1a: Pelipper
|-damage|p1a: Pelipper|85/100
|cant|p1a: Pelipper|flinch
|cant|p2b: Kommo-o|frz
|
|-weather|RainDance|[upkeep]
|-heal|p2b: Kommo-o|96/100 frz|[from] item: Leftovers
|upkeep
|turn|4
|
|t:|1783707997
|switch|p2b: Froslass|Froslass-Mega, L50, F|49/100 brn
|-weather|Snowscape|[from] ability: Snow Warning|[of] p2b: Froslass
|move|p1a: Pelipper|Tailwind|p1a: Pelipper
|-sidestart|p1: InsanityWar22|move: Tailwind
|move|p1b: Archaludon|Dragon Pulse|p2b: Froslass
|-damage|p2b: Froslass|14/100 brn
|move|p2a: Incineroar|Parting Shot|p1b: Archaludon
|-unboost|p1b: Archaludon|atk|1
|-unboost|p1b: Archaludon|spa|1
|
|t:|1783708006
|switch|p2a: Glimmora|Glimmora, L50, M|100/100|[from] Parting Shot
|
|-weather|Snowscape|[upkeep]
|-damage|p2b: Froslass|8/100 brn|[from] brn
|upkeep
|turn|5
|
|t:|1783708015
|switch|p2b: Incineroar|Incineroar, L50, M|100/100
|-ability|p2b: Incineroar|Intimidate|boost
|-unboost|p1a: Pelipper|atk|1
|-unboost|p1b: Archaludon|atk|1
|move|p1a: Pelipper|Weather Ball|p2a: Glimmora
|-damage|p2a: Glimmora|72/100
|move|p1b: Archaludon|Flash Cannon|p2a: Glimmora
|-supereffective|p2a: Glimmora|1
|-damage|p2a: Glimmora|28/100
|move|p2a: Glimmora|Power Gem|p1a: Pelipper
|-supereffective|p1a: Pelipper|1
|-damage|p1a: Pelipper|0 fnt
|faint|p1a: Pelipper
|
|-weather|Snowscape|[upkeep]
|-sideend|p2: DragonairJordan23|move: Aurora Veil
|upkeep
|
|t:|1783708023
|switch|p1a: Swampert|Swampert-Mega, L50, F|100/100
|turn|6
|
|t:|1783708034
|switch|p2a: Kommo-o|Kommo-o, L50, F|96/100 frz
|move|p1a: Swampert|Protect|p1a: Swampert
|-singleturn|p1a: Swampert|Protect
|move|p2b: Incineroar|Fake Out|p1a: Swampert
|-activate|p1a: Swampert|move: Protect
|move|p1b: Archaludon|Flash Cannon|p2a: Kommo-o
|-damage|p2a: Kommo-o|74/100 frz
|
|-weather|Snowscape|[upkeep]
|-heal|p2a: Kommo-o|80/100 frz|[from] item: Leftovers
|upkeep
|turn|7
|
|t:|1783708052
|switch|p2b: Glimmora|Glimmora, L50, M|28/100
|move|p1b: Archaludon|Protect|p1b: Archaludon
|-singleturn|p1b: Archaludon|Protect
|-curestatus|p2a: Kommo-o|frz|[msg]
|move|p2a: Kommo-o|Protect|p2a: Kommo-o
|-singleturn|p2a: Kommo-o|Protect
|move|p1a: Swampert|Earthquake|p2b: Glimmora|[spread] p2b
|-activate|p1b: Archaludon|move: Protect
|-activate|p2a: Kommo-o|move: Protect
|-supereffective|p2b: Glimmora|2
|-damage|p2b: Glimmora|0 fnt
|-activate|p2b: Glimmora|ability: Toxic Debris
|-sidestart|p1: InsanityWar22|move: Toxic Spikes
|faint|p2b: Glimmora
|
|-weather|Snowscape|[upkeep]
|-heal|p2a: Kommo-o|86/100|[from] item: Leftovers
|-sideend|p1: InsanityWar22|move: Tailwind
|upkeep
|
|t:|1783708058
|switch|p2b: Incineroar|Incineroar, L50, M|100/100
|-ability|p2b: Incineroar|Intimidate|boost
|-unboost|p1a: Swampert|atk|1
|-unboost|p1b: Archaludon|atk|1
|turn|8
|
|t:|1783708069
|switch|p1a: Incineroar|Incineroar, L50, F|87/100
|-status|p1a: Incineroar|psn
|-ability|p1a: Incineroar|Intimidate|boost
|-unboost|p2a: Kommo-o|atk|1
|-unboost|p2b: Incineroar|atk|1
|move|p2b: Incineroar|Fake Out|p1b: Archaludon
|-resisted|p1b: Archaludon|1
|-damage|p1b: Archaludon|97/100
|-ability|p1b: Archaludon|Stamina|boost
|-boost|p1b: Archaludon|def|1
|move|p2a: Kommo-o|Iron Defense|p2a: Kommo-o
|-boost|p2a: Kommo-o|def|2
|cant|p1b: Archaludon|flinch
|
|-weather|none
|-heal|p2a: Kommo-o|92/100|[from] item: Leftovers
|-damage|p1a: Incineroar|75/100 psn|[from] psn
|upkeep
|turn|9
|
|t:|1783708092
|switch|p1b: Swampert|Swampert-Mega, L50, F|100/100
|-status|p1b: Swampert|psn
|move|p2a: Kommo-o|Protect|p2a: Kommo-o
|-singleturn|p2a: Kommo-o|Protect
|move|p2b: Incineroar|Parting Shot|p1b: Swampert
|-unboost|p1b: Swampert|atk|1
|-unboost|p1b: Swampert|spa|1
|
|t:|1783708100
|switch|p2b: Froslass|Froslass-Mega, L50, F|8/100 brn|[from] Parting Shot
|-weather|Snowscape|[from] ability: Snow Warning|[of] p2b: Froslass
|move|p1a: Incineroar|Taunt|p2b: Froslass
|-start|p2b: Froslass|move: Taunt
|
|-weather|Snowscape|[upkeep]
|-heal|p2a: Kommo-o|98/100|[from] item: Leftovers
|-damage|p1b: Swampert|87/100 psn|[from] psn
|-damage|p1a: Incineroar|63/100 psn|[from] psn
|-damage|p2b: Froslass|2/100 brn|[from] brn
|upkeep
|turn|10
|
|t:|1783708118
|move|p1b: Swampert|Protect|p1b: Swampert
|-singleturn|p1b: Swampert|Protect
|move|p2b: Froslass|Blizzard|p1a: Incineroar|[spread] p1a
|-activate|p1b: Swampert|move: Protect
|-resisted|p1a: Incineroar|1
|-damage|p1a: Incineroar|43/100 psn
|-enditem|p1a: Incineroar|Sitrus Berry|[eat]
|-heal|p1a: Incineroar|67/100 psn|[from] item: Sitrus Berry
|move|p2a: Kommo-o|Iron Defense|p2a: Kommo-o
|-boost|p2a: Kommo-o|def|2
|move|p1a: Incineroar|Flare Blitz|p2a: Kommo-o
|-resisted|p2a: Kommo-o|1
|-damage|p2a: Kommo-o|93/100
|-damage|p1a: Incineroar|66/100 psn|[from] Recoil
|
|-weather|Snowscape|[upkeep]
|-heal|p2a: Kommo-o|99/100|[from] item: Leftovers
|-damage|p1b: Swampert|75/100 psn|[from] psn
|-damage|p1a: Incineroar|54/100 psn|[from] psn
|-damage|p2b: Froslass|0 fnt|[from] brn
|faint|p2b: Froslass
|upkeep
|
|t:|1783708130
|switch|p2b: Incineroar|Incineroar, L50, M|100/100
|-ability|p2b: Incineroar|Intimidate|boost
|-unboost|p1a: Incineroar|atk|1
|-unboost|p1b: Swampert|atk|1
|turn|11
|
|t:|1783708140
|move|p2b: Incineroar|Fake Out|p1a: Incineroar
|-damage|p1a: Incineroar|44/100 psn
|move|p1b: Swampert|Ice Punch|p2a: Kommo-o
|-supereffective|p2a: Kommo-o|1
|-damage|p2a: Kommo-o|91/100
|move|p2a: Kommo-o|Iron Defense|p2a: Kommo-o
|-boost|p2a: Kommo-o|def|2
|cant|p1a: Incineroar|flinch
|
|-weather|Snowscape|[upkeep]
|-heal|p2a: Kommo-o|97/100|[from] item: Leftovers
|-damage|p1b: Swampert|62/100 psn|[from] psn
|-damage|p1a: Incineroar|32/100 psn|[from] psn
|upkeep
|turn|12
|
|t:|1783708161
|move|p1b: Swampert|Wave Crash|p2b: Incineroar
|-supereffective|p2b: Incineroar|1
|-damage|p2b: Incineroar|36/100
|-enditem|p2b: Incineroar|Sitrus Berry|[eat]
|-heal|p2b: Incineroar|61/100|[from] item: Sitrus Berry
|-damage|p1b: Swampert|40/100 psn|[from] Recoil
|move|p2a: Kommo-o|Body Press|p1b: Swampert
|-damage|p1b: Swampert|0 fnt
|faint|p1b: Swampert
|move|p2b: Incineroar|Throat Chop|p1a: Incineroar
|-resisted|p1a: Incineroar|1
|-damage|p1a: Incineroar|19/100 psn
|-start|p1a: Incineroar|Throat Chop|[silent]
|move|p1a: Incineroar|Darkest Lariat|p2b: Incineroar
|-resisted|p2b: Incineroar|1
|-damage|p2b: Incineroar|49/100
|
|-weather|Snowscape|[upkeep]
|-heal|p2a: Kommo-o|100/100|[from] item: Leftovers
|-damage|p1a: Incineroar|7/100 psn|[from] psn
|upkeep
|
|t:|1783708170
|switch|p1b: Archaludon|Archaludon, L50, F|97/100
|turn|13
|
|t:|1783708179
|move|p2a: Kommo-o|Body Press|p1b: Archaludon
|-supereffective|p1b: Archaludon|1
|-enditem|p1b: Archaludon|Chople Berry|[eat]
|-enditem|p1b: Archaludon|Chople Berry|[weaken]
|-damage|p1b: Archaludon|0 fnt
|faint|p1b: Archaludon
|move|p2b: Incineroar|Throat Chop|p1a: Incineroar
|-resisted|p1a: Incineroar|1
|-damage|p1a: Incineroar|0 fnt
|faint|p1a: Incineroar
|
|win|DragonairJordan23
