|j|☆ThetaB
|j|☆chapa3112
|html|ThetaBchapa3112    
|uhtml|bestof|Game 1 of a best-of-3
|t:|1782584112
|gametype|doubles
|player|p1|ThetaB|palmer|1097
|player|p2|chapa3112|169|1059
|gen|9
|tier|[Gen 9 Champions] VGC 2026 Reg M-B (Bo3)
|rated|
|rule|Species Clause: Limit one of each Pokémon
|rule|Item Clause: Limit 1 of each item
|clearpoke
|poke|p1|Hydreigon, L50, M|
|poke|p1|Garchomp, L50, M|
|poke|p1|Metagross, L50|
|poke|p1|Charizard, L50, M|
|poke|p1|Grimmsnarl, L50, M|
|poke|p1|Toxapex, L50, M|
|poke|p2|Staraptor, L50, F|
|poke|p2|Whimsicott, L50, F|
|poke|p2|Sinistcha, L50|
|poke|p2|Raichu, L50, M|
|poke|p2|Froslass, L50, F|
|poke|p2|Garchomp, L50, F|
|teampreview|4
|showteam|p1|Hydreigon||ChoiceScarf|Levitate|HeatWave,DarkPulse,DracoMeteor,Snarl|Modest||M|||50|]Garchomp||SitrusBerry|RoughSkin|Earthquake,RockSlide,DragonClaw,Protect|Adamant||M|||50|]Metagross||Metagrossite|ClearBody|IronHead,HammerArm,BulletPunch,Protect|Adamant|||||50|]Charizard||CharizarditeY|Blaze|Protect,HeatWave,SolarBeam,WeatherBall|Timid||M|||50|]Grimmsnarl||RoseliBerry|Prankster|FakeOut,FoulPlay,Reflect,PartingShot|Sassy||M|||50|]Toxapex||Leftovers|Regenerator|Infestation,Toxic,BanefulBunker,WideGuard|Bold||M|||50|
|showteam|p2|Staraptor||Staraptite|Intimidate|CloseCombat,BlazeKick,BraveBird,Protect|Jolly||F|||50|]Whimsicott||FocusSash|Prankster|Tailwind,Charm,Moonblast,Encore|Timid||F|||50|]Sinistcha||SitrusBerry|Hospitality|RagePowder,MatchaGotcha,LifeDew,StrengthSap|Bold|||||50|]Raichu||MentalHerb|LightningRod|FakeOut,Charm,Nuzzle,VoltSwitch|Timid||M|||50|]Froslass||Froslassite|SnowCloak|Blizzard,ShadowBall,Protect,AuroraVeil|Timid||F|||50|]Garchomp||YacheBerry|RoughSkin|DragonClaw,Earthquake,Protect,RockSlide|Jolly||F|||50|
|inactive|Battle timer is ON: inactive players will automatically lose when time's up. (requested by chapa3112)
|
|t:|1782584154
|teamsize|p1|4
|teamsize|p2|4
|start
|switch|p1a: Grimmsnarl|Grimmsnarl, L50, M|100/100
|switch|p1b: Charizard|Charizard, L50, M|100/100
|switch|p2a: Whimsicott|Whimsicott, L50, F|100/100
|switch|p2b: Froslass|Froslass, L50, F|100/100
|turn|1
|inactive|chapa3112 has 30 seconds left.
|
|t:|1782584186
|switch|p2a: Raichu|Raichu, L50, M|100/100
|detailschange|p1b: Charizard|Charizard-Mega-Y, L50, M
|-mega|p1b: Charizard|Charizard|Charizardite Y
|-weather|SunnyDay|[from] ability: Drought|[of] p1b: Charizard
|move|p2b: Froslass|Protect|p2b: Froslass
|-singleturn|p2b: Froslass|Protect
|move|p1a: Grimmsnarl|Fake Out|p2a: Raichu
|-damage|p2a: Raichu|82/100
|move|p1b: Charizard|Heat Wave|p2a: Raichu|[spread] p2a
|-activate|p2b: Froslass|move: Protect
|-damage|p2a: Raichu|13/100
|
|-weather|SunnyDay|[upkeep]
|upkeep
|turn|2
|inactive|chapa3112 has 30 seconds left.
|
|t:|1782584215
|switch|p1b: Toxapex|Toxapex, L50, M|100/100
|detailschange|p2b: Froslass|Froslass-Mega, L50, F
|-mega|p2b: Froslass|Froslass|Froslassite
|-weather|Snowscape|[from] ability: Snow Warning|[of] p2b: Froslass
|move|p2a: Raichu|Fake Out|p1a: Grimmsnarl
|-damage|p1a: Grimmsnarl|92/100
|cant|p1a: Grimmsnarl|flinch
|move|p2b: Froslass|Blizzard|p1a: Grimmsnarl|[spread] p1a,p1b
|-resisted|p1b: Toxapex|1
|-damage|p1a: Grimmsnarl|50/100g
|-damage|p1b: Toxapex|82/100
|
|-weather|Snowscape|[upkeep]
|-heal|p1b: Toxapex|88/100|[from] item: Leftovers
|upkeep
|turn|3
|inactive|ThetaB has 30 seconds left.
|inactive|ThetaB has 20 seconds left.
|
|t:|1782584253
|move|p2b: Froslass|Protect|p2b: Froslass
|-singleturn|p2b: Froslass|Protect
|move|p1b: Toxapex|Wide Guard|p1b: Toxapex
|-singleturn|p1b: Toxapex|Wide Guard
|move|p1a: Grimmsnarl|Parting Shot|p2b: Froslass
|-activate|p2b: Froslass|move: Protect
|move|p2a: Raichu|Volt Switch|p1b: Toxapex
|-supereffective|p1b: Toxapex|1
|-damage|p1b: Toxapex|52/100
|
|t:|1782584262
|switch|p2a: Sinistcha|Sinistcha, L50|100/100|[from] Volt Switch
|
|-weather|Snowscape|[upkeep]
|-heal|p1b: Toxapex|58/100|[from] item: Leftovers
|upkeep
|turn|4
|
|t:|1782584276
|-heal|p1b: Toxapex|91/100|[from] ability: Regenerator|[silent]
|switch|p1b: Charizard|Charizard-Mega-Y, L50, M|100/100
|-weather|SunnyDay|[from] ability: Drought|[of] p1b: Charizard
|move|p2a: Sinistcha|Rage Powder|p2a: Sinistcha
|-singleturn|p2a: Sinistcha|move: Rage Powder
|move|p1a: Grimmsnarl|Parting Shot|p2a: Sinistcha
|-unboost|p2a: Sinistcha|atk|1
|-unboost|p2a: Sinistcha|spa|1
|
|t:|1782584283
|switch|p1a: Toxapex|Toxapex, L50, M|91/100|[from] Parting Shot
|move|p2b: Froslass|Shadow Ball|p1b: Charizard
|-damage|p1b: Charizard|58/100
|
|-weather|SunnyDay|[upkeep]
|-heal|p1a: Toxapex|97/100|[from] item: Leftovers
|upkeep
|turn|5
|inactive|chapa3112 has 30 seconds left.
|
|t:|1782584311
|move|p2b: Froslass|Protect|p2b: Froslass
|-singleturn|p2b: Froslass|Protect
|move|p1b: Charizard|Heat Wave|p2b: Froslass|[spread] p2a
|-activate|p2b: Froslass|move: Protect
|-supereffective|p2a: Sinistcha|1
|-damage|p2a: Sinistcha|0 fnt
|faint|p2a: Sinistcha
|move|p1a: Toxapex|Toxic|p2b: Froslass
|-activate|p2b: Froslass|move: Protect
|
|-weather|SunnyDay|[upkeep]
|-heal|p1a: Toxapex|100/100|[from] item: Leftovers
|upkeep
|
|t:|1782584319
|switch|p2a: Raichu|Raichu, L50, M|13/100
|turn|6
|
|t:|1782584334
|switch|p2b: Whimsicott|Whimsicott, L50, F|100/100
|move|p1b: Charizard|Protect|p1b: Charizard
|-singleturn|p1b: Charizard|Protect
|move|p2a: Raichu|Nuzzle|p1a: Toxapex
|-supereffective|p1a: Toxapex|1
|-damage|p1a: Toxapex|91/100
|-status|p1a: Toxapex|par
|move|p1a: Toxapex|Toxic|p2b: Whimsicott
|-status|p2b: Whimsicott|tox
|
|-weather|SunnyDay|[upkeep]
|-heal|p1a: Toxapex|96/100 par|[from] item: Leftovers
|-damage|p2b: Whimsicott|94/100 tox|[from] psn
|upkeep
|turn|7
|
|t:|1782584350
|switch|p1b: Grimmsnarl|Grimmsnarl, L50, M|50/100g
|move|p2b: Whimsicott|Encore|p1b: Grimmsnarl
|-hint|Since gen 7, Dark is immune to Prankster moves.
|-immune|p1b: Grimmsnarl
|move|p2a: Raichu|Volt Switch|p1a: Toxapex
|-supereffective|p1a: Toxapex|1
|-damage|p1a: Toxapex|61/100 par
|
|t:|1782584357
|switch|p2a: Froslass|Froslass-Mega, L50, F|100/100|[from] Volt Switch
|-weather|Snowscape|[from] ability: Snow Warning|[of] p2a: Froslass
|move|p1a: Toxapex|Toxic|p2a: Froslass
|-status|p2a: Froslass|tox
|
|-weather|Snowscape|[upkeep]
|-heal|p1a: Toxapex|66/100 par|[from] item: Leftovers
|-damage|p2a: Froslass|93/100 tox|[from] psn
|-damage|p2b: Whimsicott|82/100 tox|[from] psn
|upkeep
|turn|8
|inactive|ThetaB has 30 seconds left.
|
|t:|1782584383
|switch|p2a: Raichu|Raichu, L50, M|13/100
|move|p1b: Grimmsnarl|Parting Shot|p2a: Raichu
|-unboost|p2a: Raichu|atk|1
|-unboost|p2a: Raichu|spa|1
|
|t:|1782584391
|switch|p1b: Charizard|Charizard-Mega-Y, L50, M|58/100|[from] Parting Shot
|-weather|SunnyDay|[from] ability: Drought|[of] p1b: Charizard
|move|p2b: Whimsicott|Moonblast|p1b: Charizard
|-resisted|p1b: Charizard|1
|-damage|p1b: Charizard|44/100
|-unboost|p1b: Charizard|spa|1
|cant|p1a: Toxapex|par
|
|-weather|SunnyDay|[upkeep]
|-heal|p1a: Toxapex|72/100 par|[from] item: Leftovers
|-damage|p2b: Whimsicott|64/100 tox|[from] psn
|upkeep
|turn|9
|
|t:|1782584408
|switch|p2b: Froslass|Froslass-Mega, L50, F|93/100 tox
|-weather|Snowscape|[from] ability: Snow Warning|[of] p2b: Froslass
|switch|p1b: Hydreigon|Hydreigon, L50, M|100/100
|move|p2a: Raichu|Volt Switch|p1a: Toxapex
|-supereffective|p1a: Toxapex|1
|-damage|p1a: Toxapex|48/100 par
|
|t:|1782584416
|switch|p2a: Whimsicott|Whimsicott, L50, F|64/100 tox|[from] Volt Switch
|move|p1a: Toxapex|Infestation|p2a: Whimsicott
|-crit|p2a: Whimsicott
|-damage|p2a: Whimsicott|58/100 tox
|-activate|p2a: Whimsicott|move: Infestation|[of] p1a: Toxapex
|
|-weather|Snowscape|[upkeep]
|-heal|p1a: Toxapex|54/100 par|[from] item: Leftovers
|-damage|p2b: Froslass|87/100 tox|[from] psn
|-damage|p2a: Whimsicott|52/100 tox|[from] psn
|-damage|p2a: Whimsicott|40/100 tox|[from] move: Infestation|[partiallytrapped]
|upkeep
|turn|10
|
|t:|1782584434
|move|p1a: Toxapex|Wide Guard|p1a: Toxapex
|-singleturn|p1a: Toxapex|Wide Guard
|move|p2a: Whimsicott|Tailwind|p2a: Whimsicott
|-sidestart|p2: chapa3112|move: Tailwind
|move|p2b: Froslass|Blizzard|p1b: Hydreigon|[spread] 
|-activate|p1a: Toxapex|move: Wide Guard
|-activate|p1b: Hydreigon|move: Wide Guard
|move|p1b: Hydreigon|Heat Wave|p2a: Whimsicott|[spread] p2a,p2b
|-supereffective|p2a: Whimsicott|1
|-supereffective|p2b: Froslass|1
|-crit|p2b: Froslass
|-damage|p2a: Whimsicott|0 fnt
|-damage|p2b: Froslass|2/100 tox
|faint|p2a: Whimsicott
|
|-weather|Snowscape|[upkeep]
|-heal|p1a: Toxapex|59/100 par|[from] item: Leftovers
|-damage|p2b: Froslass|0 fnt|[from] psn
|faint|p2b: Froslass
|upkeep
|-message|chapa3112 forfeited.
|
|win|ThetaB
|l|☆chapa3112
|player|p2|
||chapa3112 is ready for game 2.
|inactive|ThetaB has 30 seconds to confirm battle start!
||ThetaB is ready for game 2.
|uhtml|next|Next: Game 2 of 3
