|j|☆cascais shopping
|j|☆new mental
|html|cascais shoppingnew mental    
|uhtml|bestof|Game 1 of a best-of-3
|t:|1784627120
|gametype|doubles
|player|p1|cascais shopping|lucas|1344
|player|p2|new mental|volkner|1288
|gen|9
|tier|[Gen 9 Champions] VGC 2026 Reg M-B (Bo3)
|rated|
|rule|Species Clause: Limit one of each Pokémon
|rule|Item Clause: Limit 1 of each item
|clearpoke
|poke|p1|Garchomp, L50, M|
|poke|p1|Venusaur, L50, M|
|poke|p1|Incineroar, L50, M|
|poke|p1|Charizard, L50, M|
|poke|p1|Toxapex, L50, F|
|poke|p1|Annihilape, L50, F|
|poke|p2|Aerodactyl, L50, M|
|poke|p2|Garchomp, L50, M|
|poke|p2|Kingambit, L50, M|
|poke|p2|Charizard, L50, F|
|poke|p2|Sylveon, L50, F|
|poke|p2|Farigiraf, L50, F|
|teampreview|4
|showteam|p1|Garchomp||ChoiceScarf|RoughSkin|Earthquake,RockSlide,DragonClaw,StompingTantrum|Adamant||M|||50|]Venusaur||LifeOrb|Chlorophyll|SludgeBomb,SolarBeam,EarthPower,Protect|Modest||M|||50|]Incineroar||SitrusBerry|Intimidate|FakeOut,FlareBlitz,ThroatChop,PartingShot|Impish||M|||50|]Charizard||CharizarditeY|Blaze|HeatWave,WeatherBall,Protect,HelpingHand|Modest||M|||50|]Toxapex||Leftovers|Regenerator|Infestation,Toxic,WideGuard,BanefulBunker|Impish||F|||50|]Annihilape||FocusSash|Defiant|CloseCombat,PhantomForce,RockTomb,Protect|Jolly||F|||50|
|showteam|p2|Aerodactyl||Aerodactylite|Unnerve|IceFang,RockSlide,Tailwind,DualWingbeat|Jolly||M|||50|]Garchomp||LifeOrb|RoughSkin|DragonClaw,RockSlide,Earthquake,Protect|Jolly||M|||50|]Kingambit||FocusSash|Defiant|SuckerPunch,KowtowCleave,IronHead,LowKick|Adamant||M|||50|]Charizard||CharizarditeY|SolarPower|Protect,WeatherBall,HeatWave,SolarBeam|Modest||F|||50|]Sylveon||FairyFeather|Pixilate|Protect,HyperVoice,HyperBeam,QuickAttack|Modest||F|||50|]Farigiraf||SitrusBerry|ArmorTail|TrickRoom,Thunderbolt,Roar,Psychic|Bold||F|||50|
|
|t:|1784627132
|teamsize|p1|4
|teamsize|p2|4
|start
|switch|p1a: Venusaur|Venusaur, L50, M|100/100
|switch|p1b: Charizard|Charizard, L50, M|100/100
|switch|p2a: Charizard|Charizard, L50, F|100/100
|switch|p2b: Garchomp|Garchomp, L50, M|100/100
|turn|1
|inactive|Battle timer is ON: inactive players will automatically lose when time's up. (requested by new mental)
|
|t:|1784627154
|switch|p1b: Toxapex|Toxapex, L50, F|100/100
|switch|p1a: Incineroar|Incineroar, L50, M|100/100
|-ability|p1a: Incineroar|Intimidate|boost
|-unboost|p2a: Charizard|atk|1
|-unboost|p2b: Garchomp|atk|1
|detailschange|p2a: Charizard|Charizard-Mega-Y, L50, F
|-mega|p2a: Charizard|Charizard|Charizardite Y
|-weather|SunnyDay|[from] ability: Drought|[of] p2a: Charizard
|move|p2b: Garchomp|Rock Slide|p1b: Toxapex|[spread] p1a
|-miss|p2b: Garchomp|p1b: Toxapex
|-supereffective|p1a: Incineroar|1
|-damage|p1a: Incineroar|74/100
|-damage|p2b: Garchomp|90/100|[from] item: Life Orb
|move|p2a: Charizard|Heat Wave|p1b: Toxapex|[spread] p1a,p1b
|-resisted|p1a: Incineroar|1
|-resisted|p1b: Toxapex|1
|-damage|p1a: Incineroar|46/100
|-damage|p1b: Toxapex|75/100
|-enditem|p1a: Incineroar|Sitrus Berry|[eat]
|-heal|p1a: Incineroar|70/100|[from] item: Sitrus Berry
|
|-weather|SunnyDay|[upkeep]
|-heal|p1b: Toxapex|81/100|[from] item: Leftovers
|upkeep
|turn|2
|inactive|cascais shopping has 30 seconds left.
|inactive|new mental has 30 seconds left.
|
|t:|1784627182
|switch|p2b: Farigiraf|Farigiraf, L50, F|100/100
|move|p1b: Toxapex|Wide Guard|p1b: Toxapex
|-singleturn|p1b: Toxapex|Wide Guard
|move|p2a: Charizard|Solar Beam||[still]
|-prepare|p2a: Charizard|Solar Beam
|-anim|p2a: Charizard|Solar Beam|p1b: Toxapex
|-damage|p1b: Toxapex|47/100
|move|p1a: Incineroar|Parting Shot|p2a: Charizard
|-unboost|p2a: Charizard|atk|1
|-unboost|p2a: Charizard|spa|1
|
|t:|1784627193
|switch|p1a: Charizard|Charizard, L50, M|100/100|[from] Parting Shot
|
|-weather|SunnyDay|[upkeep]
|-heal|p1b: Toxapex|52/100|[from] item: Leftovers
|upkeep
|turn|3
|inactive|cascais shopping has 30 seconds left.
|
|t:|1784627218
|switch|p2b: Garchomp|Garchomp, L50, M|90/100
|detailschange|p1a: Charizard|Charizard-Mega-Y, L50, M
|-mega|p1a: Charizard|Charizard|Charizardite Y
|move|p1a: Charizard|Heat Wave|p2a: Charizard|[spread] p2a,p2b
|-resisted|p2a: Charizard|1
|-resisted|p2b: Garchomp|1
|-damage|p2a: Charizard|71/100
|-damage|p2b: Garchomp|55/100
|move|p2a: Charizard|Weather Ball|p1a: Charizard
|-resisted|p1a: Charizard|1
|-damage|p1a: Charizard|76/100
|move|p1b: Toxapex|Infestation|p2a: Charizard
|-resisted|p2a: Charizard|2
|-damage|p2a: Charizard|71/100
|-activate|p2a: Charizard|move: Infestation|[of] p1b: Toxapex
|
|-weather|SunnyDay|[upkeep]
|-heal|p1b: Toxapex|58/100|[from] item: Leftovers
|-damage|p2a: Charizard|59/100|[from] move: Infestation|[partiallytrapped]
|upkeep
|turn|4
|inactive|cascais shopping has 30 seconds left.
|inactive|new mental has 30 seconds left.
|inactive|cascais shopping has 20 seconds left.
|
|t:|1784627256
|move|p1b: Toxapex|Wide Guard|p1b: Toxapex
|-singleturn|p1b: Toxapex|Wide Guard
|move|p2b: Garchomp|Rock Slide|p1b: Toxapex|[spread] 
|-activate|p1a: Charizard|move: Wide Guard
|-activate|p1b: Toxapex|move: Wide Guard
|move|p1a: Charizard|Heat Wave|p2a: Charizard|[spread] p2a,p2b
|-resisted|p2a: Charizard|1
|-resisted|p2b: Garchomp|1
|-damage|p2a: Charizard|33/100
|-damage|p2b: Garchomp|22/100
|move|p2a: Charizard|Solar Beam||[still]
|-prepare|p2a: Charizard|Solar Beam
|-anim|p2a: Charizard|Solar Beam|p1b: Toxapex
|-damage|p1b: Toxapex|37/100
|
|-weather|SunnyDay|[upkeep]
|-heal|p1b: Toxapex|43/100|[from] item: Leftovers
|-damage|p2a: Charizard|21/100|[from] move: Infestation|[partiallytrapped]
|upkeep
|turn|5
|inactive|cascais shopping has 30 seconds left.
|
|t:|1784627282
|move|p1b: Toxapex|Wide Guard|p1b: Toxapex
|-singleturn|p1b: Toxapex|Wide Guard
|move|p2b: Garchomp|Rock Slide|p1b: Toxapex|[spread] 
|-activate|p1a: Charizard|move: Wide Guard
|-activate|p1b: Toxapex|move: Wide Guard
|move|p1a: Charizard|Heat Wave|p2a: Charizard|[spread] p2a
|-miss|p1a: Charizard|p2b: Garchomp
|-resisted|p2a: Charizard|1
|-damage|p2a: Charizard|0 fnt
|faint|p2a: Charizard
|
|-weather|none
|-heal|p1b: Toxapex|49/100|[from] item: Leftovers
|upkeep
|
|t:|1784627286
|switch|p2a: Farigiraf|Farigiraf, L50, F|100/100
|turn|6
|inactive|cascais shopping has 30 seconds left.
|inactive|cascais shopping has 20 seconds left.
|
|t:|1784627321
|switch|p1a: Venusaur|Venusaur, L50, M|100/100
|-heal|p1b: Toxapex|82/100|[from] ability: Regenerator|[silent]
|switch|p1b: Incineroar|Incineroar, L50, M|70/100
|-ability|p1b: Incineroar|Intimidate|boost
|-unboost|p2a: Farigiraf|atk|1
|-unboost|p2b: Garchomp|atk|1
|move|p2b: Garchomp|Dragon Claw|p1a: Venusaur
|-damage|p1a: Venusaur|55/100
|-damage|p2b: Garchomp|12/100|[from] item: Life Orb
|move|p2a: Farigiraf|Psychic|p1b: Incineroar
|-immune|p1b: Incineroar
|
|upkeep
|turn|7
|-message|new mental forfeited.
|
|win|cascais shopping
