|j|☆zio_gelato
|j|☆Er ciccio98
|html|zio_gelatoEr ciccio98    
|uhtml|bestof|Game 3 of a best-of-3
|t:|1757841100
|gametype|doubles
|player|p1|zio_gelato|cynthia-gen4|
|player|p2|Er ciccio98|101|
|gen|9
|tier|[Gen 9] VGC 2025 Reg H (Bo3)
|rule|Species Clause: Limit one of each Pokémon
|rule|Item Clause: Limit 1 of each item
|clearpoke
|poke|p1|Archaludon, L50, M|
|poke|p1|Rillaboom, L50, F|
|poke|p1|Basculegion, L50, M|
|poke|p1|Kingambit, L50, F|
|poke|p1|Pelipper, L50, M|
|poke|p1|Electabuzz, L50, F|
|poke|p2|Incineroar, L50, F|
|poke|p2|Torkoal, L50, M|
|poke|p2|Electabuzz, L50, M|
|poke|p2|Ursaluna-Bloodmoon, L50, M|
|poke|p2|Mimikyu, L50, M|
|poke|p2|Lilligant-Hisui, L50, F|
|teampreview|4
|showteam|p1|Archaludon||AssaultVest|Stamina|ElectroShot,DracoMeteor,FlashCannon,BodyPress|||M|||50|,,,,,Fairy]Rillaboom||GrassySeed|GrassySurge|WoodHammer,GrassyGlide,FakeOut,HighHorsepower|||F|||50|,,,,,Fire]Basculegion||ChoiceBand|SwiftSwim|WaveCrash,LastRespects,FlipTurn,AquaJet|||M|||50|,,,,,Grass]Kingambit||BlackGlasses|Defiant|KowtowCleave,SuckerPunch,SwordsDance,Protect|||F|||50|,,,,,Dark]Pelipper||FocusSash|Drizzle|WeatherBall,Hurricane,Tailwind,Protect|||M|||50|,,,,,Ghost]Electabuzz||Eviolite|VitalSpirit|Electroweb,Taunt,FollowMe,Protect|||F|||50|,,,,,Ghost
|showteam|p2|Incineroar||AssaultVest|Intimidate|FakeOut,KnockOff,FlareBlitz,Uturn|||F|||50|,,,,,Bug]Torkoal||Charcoal|Drought|Eruption,Protect,Flamethrower,ClearSmog|||M|||50|,,,,,Fire]Electabuzz||Eviolite|Static|FollowMe,Electroweb,Taunt,HelpingHand|||M|||50|,,,,,Ghost]Ursaluna-Bloodmoon||LifeOrb|MindsEye|HyperVoice,BloodMoon,Protect,EarthPower|||M|||50|,,,,,Normal]Mimikyu||MentalHerb|Disguise|ShadowSneak,PlayRough,ShadowClaw,TrickRoom|||M|||50|,,,,,Steel]Lilligant-Hisui||FocusSash|Chlorophyll|AfterYou,CloseCombat,SleepPowder,LeafBlade|||F|||50|,,,,,Ghost
|inactive|Battle timer is ON: inactive players will automatically lose when time's up. (requested by zio_gelato)
|
|t:|1757841127
|teamsize|p1|4
|teamsize|p2|4
|start
|switch|p1a: Rillaboom|Rillaboom, L50, F|100/100
|switch|p1b: Basculegion|Basculegion, L50, M|100/100
|switch|p2a: Torkoal|Torkoal, L50, M|100/100
|switch|p2b: Lilligant|Lilligant-Hisui, L50, F|100/100
|-fieldstart|move: Grassy Terrain|[from] ability: Grassy Surge|[of] p1a: Rillaboom
|-enditem|p1a: Rillaboom|Grassy Seed
|-boost|p1a: Rillaboom|def|1|[from] item: Grassy Seed
|-weather|SunnyDay|[from] ability: Drought|[of] p2a: Torkoal
|turn|1
|inactive|zio_gelato has 30 seconds left.
|inactive|zio_gelato has 20 seconds left.
|inactive|zio_gelato has 15 seconds left.
|
|t:|1757841170
|switch|p1b: Pelipper|Pelipper, L50, M|100/100
|-weather|RainDance|[from] ability: Drizzle|[of] p1b: Pelipper
|-terastallize|p2b: Lilligant|Ghost
|-terastallize|p1a: Rillaboom|Fire
|move|p2a: Torkoal|Protect|p2a: Torkoal
|-singleturn|p2a: Torkoal|Protect
|move|p2b: Lilligant|Leaf Blade|p1b: Pelipper
|-damage|p1b: Pelipper|30/100
|move|p1a: Rillaboom|High Horsepower|p2a: Torkoal
|-activate|p2a: Torkoal|move: Protect
|
|-weather|RainDance|[upkeep]
|upkeep
|turn|2
|inactive|Er ciccio98 has 30 seconds left.
|
|t:|1757841202
|switch|p2b: Ursaluna|Ursaluna-Bloodmoon, L50, M|100/100
|switch|p1b: Archaludon|Archaludon, L50, M|100/100
|switch|p2a: Electabuzz|Electabuzz, L50, M|100/100
|move|p1a: Rillaboom|Wood Hammer|p2a: Electabuzz
|-damage|p2a: Electabuzz|39/100
|-status|p1a: Rillaboom|par|[from] ability: Static|[of] p2a: Electabuzz
|-damage|p1a: Rillaboom|84/100 par|[from] Recoil
|
|-weather|RainDance|[upkeep]
|-heal|p2a: Electabuzz|45/100|[from] Grassy Terrain
|-heal|p1a: Rillaboom|90/100 par|[from] Grassy Terrain
|upkeep
|turn|3
|inactive|zio_gelato has 30 seconds left.
|inactive|Er ciccio98 has 30 seconds left.
|
|t:|1757841235
|move|p2a: Electabuzz|Helping Hand|p2b: Ursaluna
|-singleturn|p2b: Ursaluna|Helping Hand|[of] p2a: Electabuzz
|move|p1b: Archaludon|Draco Meteor|p2b: Ursaluna|[miss]
|-miss|p1b: Archaludon|p2b: Ursaluna
|move|p2b: Ursaluna|Blood Moon|p1b: Archaludon
|-resisted|p1b: Archaludon
|-damage|p1b: Archaludon|46/100
|-ability|p1b: Archaludon|Stamina|boost
|-boost|p1b: Archaludon|def|1
|-damage|p2b: Ursaluna|91/100|[from] item: Life Orb
|move|p1a: Rillaboom|High Horsepower|p2b: Ursaluna
|-damage|p2b: Ursaluna|70/100
|
|-weather|RainDance|[upkeep]
|-heal|p2a: Electabuzz|51/100|[from] Grassy Terrain
|-heal|p1b: Archaludon|52/100|[from] Grassy Terrain
|-heal|p2b: Ursaluna|76/100|[from] Grassy Terrain
|-heal|p1a: Rillaboom|96/100 par|[from] Grassy Terrain
|upkeep
|turn|4
|
|t:|1757841257
|move|p2a: Electabuzz|Follow Me|p2a: Electabuzz
|-singleturn|p2a: Electabuzz|move: Follow Me
|move|p1b: Archaludon|Body Press|p2a: Electabuzz
|-damage|p2a: Electabuzz|20/100
|-status|p1b: Archaludon|par|[from] ability: Static|[of] p2a: Electabuzz
|move|p2b: Ursaluna|Hyper Voice|p1b: Archaludon|[spread] p1a,p1b
|-resisted|p1b: Archaludon
|-damage|p1a: Rillaboom|43/100 par
|-damage|p1b: Archaludon|34/100 par
|-ability|p1b: Archaludon|Stamina|boost
|-boost|p1b: Archaludon|def|1
|-damage|p2b: Ursaluna|66/100|[from] item: Life Orb
|move|p1a: Rillaboom|Wood Hammer|p2a: Electabuzz
|-damage|p2a: Electabuzz|0 fnt
|faint|p2a: Electabuzz
|-damage|p1a: Rillaboom|38/100 par|[from] Recoil
|
|-weather|RainDance|[upkeep]
|-heal|p2b: Ursaluna|72/100|[from] Grassy Terrain
|-heal|p1b: Archaludon|40/100 par|[from] Grassy Terrain
|-heal|p1a: Rillaboom|44/100 par|[from] Grassy Terrain
|upkeep
|
|t:|1757841277
|switch|p2a: Lilligant|Lilligant-Hisui, L50, F, tera:Ghost|100/100
|turn|5
|
|t:|1757841295
|move|p1a: Rillaboom|Grassy Glide|p2a: Lilligant
|-damage|p2a: Lilligant|43/100
|move|p2a: Lilligant|Close Combat|p1b: Archaludon
|-supereffective|p1b: Archaludon
|-damage|p1b: Archaludon|5/100 par
|-unboost|p2a: Lilligant|def|1
|-unboost|p2a: Lilligant|spd|1
|-ability|p1b: Archaludon|Stamina|boost
|-boost|p1b: Archaludon|def|1
|move|p2b: Ursaluna|Hyper Voice|p1a: Rillaboom|[spread] p1a,p1b
|-resisted|p1b: Archaludon
|-damage|p1a: Rillaboom|0 fnt
|-damage|p1b: Archaludon|0 fnt
|faint|p1a: Rillaboom
|faint|p1b: Archaludon
|-damage|p2b: Ursaluna|62/100|[from] item: Life Orb
|
|-weather|none
|-heal|p2a: Lilligant|49/100|[from] Grassy Terrain
|-heal|p2b: Ursaluna|68/100|[from] Grassy Terrain
|-fieldend|move: Grassy Terrain
|upkeep
|
|t:|1757841311
|switch|p1b: Basculegion|Basculegion, L50, M|100/100
|switch|p1a: Pelipper|Pelipper, L50, M|30/100
|-weather|RainDance|[from] ability: Drizzle|[of] p1a: Pelipper
|turn|6
|
|t:|1757841332
|switch|p2a: Torkoal|Torkoal, L50, M|100/100
|-weather|SunnyDay|[from] ability: Drought|[of] p2a: Torkoal
|move|p1b: Basculegion|Last Respects|p2a: Torkoal
|-damage|p2a: Torkoal|17/100
|move|p1a: Pelipper|Weather Ball|p2b: Ursaluna
|-damage|p2b: Ursaluna|13/100
|move|p2b: Ursaluna|Hyper Voice|p1b: Basculegion|[spread] p1a,p1b
|-damage|p1a: Pelipper|0 fnt
|-damage|p1b: Basculegion|47/100
|faint|p1a: Pelipper
|-damage|p2b: Ursaluna|3/100|[from] item: Life Orb
|
|-weather|SunnyDay|[upkeep]
|upkeep
|turn|7
|inactive|Er ciccio98 has 30 seconds left.
|
|t:|1757841361
|move|p1b: Basculegion|Last Respects|p2a: Torkoal
|-damage|p2a: Torkoal|0 fnt
|faint|p2a: Torkoal
|move|p2b: Ursaluna|Hyper Voice|p1b: Basculegion
|-damage|p1b: Basculegion|0 fnt
|faint|p1b: Basculegion
|-damage|p2b: Ursaluna|0 fnt|[from] item: Life Orb
|faint|p2b: Ursaluna
|
|win|Er ciccio98
