|j|☆Libertas350
|j|☆neuesspielzeug
|html|Libertas350neuesspielzeug    
|uhtml|bestof|Game 1 of a best-of-3
|t:|1782505040
|gametype|doubles
|player|p1|Libertas350|hiker-gen4|1000
|player|p2|neuesspielzeug|265|1047
|gen|9
|tier|[Gen 9 Champions] VGC 2026 Reg M-B (Bo3)
|rated|
|rule|Species Clause: Limit one of each Pokémon
|rule|Item Clause: Limit 1 of each item
|clearpoke
|poke|p1|Blaziken, L50, F|
|poke|p1|Aerodactyl, L50, F|
|poke|p1|Kingambit, L50, M, shiny|
|poke|p1|Raichu, L50, M|
|poke|p1|Sylveon, L50, F, shiny|
|poke|p1|Torkoal, L50, M|
|poke|p2|Mawile, L50, M|
|poke|p2|Gyarados, L50, F|
|poke|p2|Manectric, L50, F|
|poke|p2|Hydreigon, L50, M|
|poke|p2|Garchomp, L50, F|
|poke|p2|Rotom-Heat, L50|
|teampreview|4
|showteam|p1|Blaziken||Blazikenite|SpeedBoost|Detect,CloseCombat,BlazeKick,RockSlide|Adamant||F|||50|]Aerodactyl||Aerodactylite|Unnerve|RockSlide,DualWingbeat,IceFang,Tailwind|Jolly||F|||50|]Kingambit||LifeOrb|Defiant|KowtowCleave,Protect,IronHead,SuckerPunch|Adamant||M|||50|]Raichu||RaichuniteY|LightningRod|VoltSwitch,DrainPunch,GrassKnot,Thunderbolt|Hasty||M|||50|]Sylveon||FairyFeather|Pixilate|HyperVoice,Moonblast,QuickAttack,Protect|Sassy||F|||50|]Torkoal||Leftovers|Drought|BurningJealousy,WeatherBall,Protect,Yawn|Bold||M|||50|
|showteam|p2|Mawile||Mawilite|Intimidate|PlayRough,IronHead,SuckerPunch,Protect|Adamant||M|||50|]Gyarados||LifeOrb|Intimidate|Waterfall,Protect,IceFang,StoneEdge|Adamant||F|||50|]Manectric||Manectite|LightningRod|Snarl,VoltSwitch,Protect,Thunderbolt|Timid||F|||50|]Hydreigon||FocusSash|Levitate|DracoMeteor,Protect,Taunt,DarkPulse|Timid||M|||50|]Garchomp||LumBerry|RoughSkin|DragonClaw,Protect,RockSlide,Earthquake|Adamant||F|||50|]Rotom-Heat||SitrusBerry|Levitate|WillOWisp,Thunderbolt,Overheat,Protect|Modest|||||50|
|inactive|Battle timer is ON: inactive players will automatically lose when time's up. (requested by Libertas350)
|inactive|neuesspielzeug has 60 seconds left.
|
|t:|1782505121
|teamsize|p1|4
|teamsize|p2|4
|start
|switch|p1a: Aerodactyl|Aerodactyl, L50, F|100/100
|switch|p1b: Kingambit|Kingambit, L50, M, shiny|100/100
|switch|p2a: Gyarados|Gyarados, L50, F|100/100
|switch|p2b: Rotom|Rotom-Heat, L50|100/100
|-ability|p1a: Aerodactyl|Unnerve
|-ability|p2a: Gyarados|Intimidate|boost
|-unboost|p1a: Aerodactyl|atk|1
|-unboost|p1b: Kingambit|atk|1
|-ability|p1b: Kingambit|Defiant|boost
|-boost|p1b: Kingambit|atk|2
|turn|1
|inactive|Libertas350 has 30 seconds left.
|
|t:|1782505152
|move|p1a: Aerodactyl|Tailwind|p1a: Aerodactyl
|-sidestart|p1: Libertas350|move: Tailwind
|move|p1b: Kingambit|Kowtow Cleave|p2b: Rotom
|-damage|p2b: Rotom|0 fnt
|faint|p2b: Rotom
|-damage|p1b: Kingambit|90/100|[from] item: Life Orb
|move|p2a: Gyarados|Waterfall|p1a: Aerodactyl
|-supereffective|p1a: Aerodactyl|1
|-damage|p1a: Aerodactyl|0 fnt
|faint|p1a: Aerodactyl
|-damage|p2a: Gyarados|90/100|[from] item: Life Orb
|
|upkeep
|
|t:|1782505167
|switch|p1a: Torkoal|Torkoal, L50, M|100/100
|switch|p2b: Garchomp|Garchomp, L50, F|100/100
|-weather|SunnyDay|[from] ability: Drought|[of] p1a: Torkoal
|turn|2
|
|t:|1782505183
|move|p2b: Garchomp|Protect|p2b: Garchomp
|-singleturn|p2b: Garchomp|Protect
|move|p1b: Kingambit|Protect|p1b: Kingambit
|-singleturn|p1b: Kingambit|Protect
|move|p2a: Gyarados|Protect|p2a: Gyarados
|-singleturn|p2a: Gyarados|Protect
|move|p1a: Torkoal|Protect||[still]
|-fail|p1a: Torkoal
|
|-weather|SunnyDay|[upkeep]
|upkeep
|turn|3
|
|t:|1782505202
|move|p1b: Kingambit|Sucker Punch|p2b: Garchomp
|-damage|p2b: Garchomp|21/100
|-damage|p1b: Kingambit|78/100|[from] ability: Rough Skin|[of] p2b: Garchomp
|-damage|p1b: Kingambit|68/100|[from] item: Life Orb
|move|p2b: Garchomp|Earthquake|p1a: Torkoal|[spread] p1a,p1b
|-immune|p2a: Gyarados
|-supereffective|p1a: Torkoal|1
|-supereffective|p1b: Kingambit|1
|-damage|p1a: Torkoal|58/100
|-damage|p1b: Kingambit|12/100
|move|p2a: Gyarados|Waterfall|p1b: Kingambit
|-damage|p1b: Kingambit|0 fnt
|faint|p1b: Kingambit
|-damage|p2a: Gyarados|80/100|[from] item: Life Orb
|move|p1a: Torkoal|Burning Jealousy|p2b: Garchomp|[spread] p2a,p2b
|-resisted|p2a: Gyarados|1
|-resisted|p2b: Garchomp|1
|-damage|p2a: Gyarados|66/100
|-damage|p2b: Garchomp|9/100
|
|-weather|SunnyDay|[upkeep]
|-heal|p1a: Torkoal|64/100|[from] item: Leftovers
|upkeep
|
|t:|1782505224
|switch|p1b: Blaziken|Blaziken, L50, F|100/100
|turn|4
|
|t:|1782505242
|switch|p2a: Manectric|Manectric, L50, F|100/100
|detailschange|p1b: Blaziken|Blaziken-Mega, L50, F
|-mega|p1b: Blaziken|Blaziken|Blazikenite
|move|p1b: Blaziken|Detect|p1b: Blaziken
|-singleturn|p1b: Blaziken|Protect
|move|p2b: Garchomp|Rock Slide|p1a: Torkoal|[spread] p1a
|-activate|p1b: Blaziken|move: Protect
|-supereffective|p1a: Torkoal|1
|-damage|p1a: Torkoal|40/100
|cant|p1a: Torkoal|flinch
|
|-weather|SunnyDay|[upkeep]
|-heal|p1a: Torkoal|46/100|[from] item: Leftovers
|-sideend|p1: Libertas350|move: Tailwind
|-ability|p1b: Blaziken|Speed Boost|boost
|-boost|p1b: Blaziken|spe|1
|upkeep
|turn|5
|
|t:|1782505263
|switch|p2b: Gyarados|Gyarados, L50, F|66/100
|-ability|p2b: Gyarados|Intimidate|boost
|-unboost|p1a: Torkoal|atk|1
|-unboost|p1b: Blaziken|atk|1
|detailschange|p2a: Manectric|Manectric-Mega, L50, F
|-mega|p2a: Manectric|Manectric|Manectite
|-ability|p2a: Manectric|Intimidate|boost
|-unboost|p1a: Torkoal|atk|1
|-unboost|p1b: Blaziken|atk|1
|move|p1b: Blaziken|Rock Slide|p2b: Gyarados|[spread] p2a,p2b
|-supereffective|p2b: Gyarados|1
|-damage|p2a: Manectric|79/100
|-damage|p2b: Gyarados|32/100
|cant|p2a: Manectric|flinch
|move|p1a: Torkoal|Burning Jealousy|p2b: Gyarados|[spread] p2a,p2b
|-resisted|p2b: Gyarados|1
|-damage|p2a: Manectric|44/100
|-damage|p2b: Gyarados|19/100
|
|-weather|SunnyDay|[upkeep]
|-heal|p1a: Torkoal|53/100|[from] item: Leftovers
|-ability|p1b: Blaziken|Speed Boost|boost
|-boost|p1b: Blaziken|spe|1
|upkeep
|turn|6
|inactive|Libertas350 has 30 seconds left.
|inactive|neuesspielzeug has 30 seconds left.
|
|t:|1782505296
|move|p1b: Blaziken|Detect|p1b: Blaziken
|-singleturn|p1b: Blaziken|Protect
|move|p2b: Gyarados|Protect|p2b: Gyarados
|-singleturn|p2b: Gyarados|Protect
|move|p2a: Manectric|Volt Switch|p1a: Torkoal
|-damage|p1a: Torkoal|2/100
|
|t:|1782505303
|switch|p2a: Garchomp|Garchomp, L50, F|9/100|[from] Volt Switch
|move|p1a: Torkoal|Weather Ball|p2b: Gyarados
|-activate|p2b: Gyarados|move: Protect
|
|-weather|none
|-heal|p1a: Torkoal|8/100|[from] item: Leftovers
|-ability|p1b: Blaziken|Speed Boost|boost
|-boost|p1b: Blaziken|spe|1
|upkeep
|turn|7
|
|t:|1782505319
|move|p1b: Blaziken|Rock Slide|p2a: Garchomp|[spread] p2a,p2b
|-resisted|p2a: Garchomp|1
|-crit|p2a: Garchomp
|-supereffective|p2b: Gyarados|1
|-damage|p2a: Garchomp|0 fnt
|-damage|p2b: Gyarados|0 fnt
|faint|p2a: Garchomp
|faint|p2b: Gyarados
|move|p1a: Torkoal|Burning Jealousy|p2: Garchomp|[notarget]
|-fail|p1a: Torkoal
|
|-heal|p1a: Torkoal|14/100|[from] item: Leftovers
|-ability|p1b: Blaziken|Speed Boost|boost
|-boost|p1b: Blaziken|spe|1
|upkeep
|
|t:|1782505330
|switch|p2b: Manectric|Manectric-Mega, L50, F|44/100
|-ability|p2b: Manectric|Intimidate|boost
|-unboost|p1a: Torkoal|atk|1
|-unboost|p1b: Blaziken|atk|1
|turn|8
|
|t:|1782505343
|move|p1b: Blaziken|Close Combat|p2b: Manectric
|-damage|p2b: Manectric|0 fnt
|-unboost|p1b: Blaziken|def|1
|-unboost|p1b: Blaziken|spd|1
|faint|p2b: Manectric
|
|win|Libertas350
