|j|☆nanum56770
|j|☆odio esta reg
|html|nanum56770odio esta reg    
|uhtml|bestof|Game 2 of a best-of-3
|t:|1785491760
|gametype|doubles
|player|p1|nanum56770|170|1066
|player|p2|odio esta reg|101|1041
|gen|9
|tier|[Gen 9 Champions] VGC 2026 Reg M-B (Bo3)
|rated|
|rule|Species Clause: Limit one of each Pokémon
|rule|Item Clause: Limit 1 of each item
|clearpoke
|poke|p1|Ceruledge, L50, M|
|poke|p1|Malamar, L50, F|
|poke|p1|Milotic, L50, M|
|poke|p1|Farigiraf, L50, F|
|poke|p1|Sableye, L50, M|
|poke|p1|Basculegion, L50, M|
|poke|p2|Charizard, L50, F|
|poke|p2|Garchomp, L50, M|
|poke|p2|Incineroar, L50, M|
|poke|p2|Venusaur, L50, M|
|poke|p2|Toxapex, L50, F|
|poke|p2|Sylveon, L50, M|
|teampreview|4
|showteam|p1|Ceruledge||FocusSash|FlashFire|ShadowSneak,Protect,BulkUp,BitterBlade|Jolly||M|||50|]Malamar||Malamarite|Contrary|Superpower,PsychoCut,FoulPlay,Protect|Sassy||F|||50|]Milotic||Leftovers|Competitive|Coil,Hypnosis,Scald,Recover|Bold||M|||50|]Farigiraf||SitrusBerry|ArmorTail|Thunderbolt,Psychic,TrickRoom,HyperVoice|Quiet||F|||50|]Sableye||MentalHerb|Prankster|WillOWisp,Taunt,LightScreen,Reflect|Relaxed||M|||50|]Basculegion||QuickClaw|Adaptability|Protect,WaveCrash,AquaJet,LastRespects|Hasty||M|||50|
|showteam|p2|Charizard||CharizarditeY|SolarPower|WeatherBall,HeatWave,AncientPower,Protect|Modest||F|||50|]Garchomp||ChoiceScarf|RoughSkin|RockSlide,DragonClaw,Earthquake,StompingTantrum|Adamant||M|||50|]Incineroar||SitrusBerry|Intimidate|FlareBlitz,FakeOut,DarkestLariat,PartingShot|Impish||M|||50|]Venusaur||LifeOrb|Chlorophyll|SludgeBomb,LeafStorm,EarthPower,Protect|Modest||M|||50|]Toxapex||Leftovers|Regenerator|Infestation,Toxic,WideGuard,BanefulBunker|Bold||F|||50|]Sylveon||FairyFeather|Pixilate|HyperVoice,QuickAttack,Yawn,Detect|Modest||M|||50|
|inactive|Battle timer is ON: inactive players will automatically lose when time's up. (requested by odio esta reg)
|inactive|nanum56770 also wants the timer to be on.
|inactive|odio esta reg has 60 seconds left.
|
|t:|1785491815
|teamsize|p1|4
|teamsize|p2|4
|start
|switch|p1a: Ceruledge|Ceruledge, L50, M|100/100
|switch|p1b: Milotic|Milotic, L50, M|100/100
|switch|p2a: Toxapex|Toxapex, L50, F|100/100
|switch|p2b: Garchomp|Garchomp, L50, M|100/100
|turn|1
|
|t:|1785491836
|move|p1a: Ceruledge|Protect|p1a: Ceruledge
|-singleturn|p1a: Ceruledge|Protect
|move|p2b: Garchomp|Stomping Tantrum|p1a: Ceruledge
|-activate|p1a: Ceruledge|move: Protect
|move|p1b: Milotic|Coil|p1b: Milotic
|-boost|p1b: Milotic|atk|1
|-boost|p1b: Milotic|def|1
|-boost|p1b: Milotic|accuracy|1
|move|p2a: Toxapex|Toxic|p1b: Milotic
|-status|p1b: Milotic|tox
|
|-damage|p1b: Milotic|94/100 tox|[from] psn
|upkeep
|turn|2
|inactive|nanum56770 has 30 seconds left.
|
|t:|1785491863
|move|p2b: Garchomp|Stomping Tantrum|p1a: Ceruledge
|-supereffective|p1a: Ceruledge|1
|-enditem|p1a: Ceruledge|Focus Sash
|-damage|p1a: Ceruledge|1/100
|move|p1a: Ceruledge|Bulk Up|p1a: Ceruledge
|-boost|p1a: Ceruledge|atk|1
|-boost|p1a: Ceruledge|def|1
|move|p1b: Milotic|Hypnosis|p2b: Garchomp
|-status|p2b: Garchomp|slp|[from] move: Hypnosis
|move|p2a: Toxapex|Infestation|p1b: Milotic
|-damage|p1b: Milotic|91/100 tox
|-activate|p1b: Milotic|move: Infestation|[of] p2a: Toxapex
|
|-heal|p1b: Milotic|97/100 tox|[from] item: Leftovers
|-damage|p1b: Milotic|85/100 tox|[from] psn
|-damage|p1b: Milotic|73/100 tox|[from] move: Infestation|[partiallytrapped]
|upkeep
|turn|3
|inactive|nanum56770 has 30 seconds left.
|
|t:|1785491891
|cant|p2b: Garchomp|slp
|move|p1a: Ceruledge|Bitter Blade|p2b: Garchomp
|-resisted|p2b: Garchomp|1
|-damage|p2b: Garchomp|68/100 slp
|-heal|p1a: Ceruledge|19/100|[from] drain|[of] p2b: Garchomp
|-damage|p1a: Ceruledge|7/100|[from] ability: Rough Skin|[of] p2b: Garchomp
|move|p1b: Milotic|Coil|p1b: Milotic
|-boost|p1b: Milotic|atk|1
|-boost|p1b: Milotic|def|1
|-boost|p1b: Milotic|accuracy|1
|move|p2a: Toxapex|Infestation|p1a: Ceruledge
|-resisted|p1a: Ceruledge|2
|-damage|p1a: Ceruledge|7/100
|-activate|p1a: Ceruledge|move: Infestation|[of] p2a: Toxapex
|
|-heal|p1b: Milotic|79/100 tox|[from] item: Leftovers
|-damage|p1b: Milotic|61/100 tox|[from] psn
|-damage|p1a: Ceruledge|0 fnt|[from] move: Infestation|[partiallytrapped]
|faint|p1a: Ceruledge
|-damage|p1b: Milotic|49/100 tox|[from] move: Infestation|[partiallytrapped]
|upkeep
|inactive|nanum56770 has 30 seconds left.
|inactive|nanum56770 has 20 seconds left.
|inactive|nanum56770 has 15 seconds left.
|
|t:|1785491934
|switch|p1a: Malamar|Malamar, L50, F|100/100
|turn|4
|
|t:|1785491944
|switch|p2b: Venusaur|Venusaur, L50, M|100/100
|detailschange|p1a: Malamar|Malamar-Mega, L50, F
|-mega|p1a: Malamar|Malamar|Malamarite
|move|p2a: Toxapex|Baneful Bunker|p2a: Toxapex
|-singleturn|p2a: Toxapex|move: Protect
|move|p1b: Milotic|Hypnosis|p2a: Toxapex
|-activate|p2a: Toxapex|move: Protect
|move|p1a: Malamar|Superpower|p2b: Venusaur
|-resisted|p2b: Venusaur|1
|-damage|p2b: Venusaur|83/100
|-boost|p1a: Malamar|atk|1
|-boost|p1a: Malamar|def|1
|
|-heal|p1b: Milotic|54/100 tox|[from] item: Leftovers
|-damage|p1b: Milotic|31/100 tox|[from] psn
|-damage|p1b: Milotic|18/100 tox|[from] move: Infestation|[partiallytrapped]
|upkeep
|turn|5
|
|t:|1785491967
|switch|p2a: Garchomp|Garchomp, L50, M|68/100 slp
|move|p2b: Venusaur|Protect|p2b: Venusaur
|-singleturn|p2b: Venusaur|Protect
|move|p1b: Milotic|Recover|p1b: Milotic
|-heal|p1b: Milotic|68/100 tox
|move|p1a: Malamar|Psycho Cut|p2a: Garchomp
|-damage|p2a: Garchomp|32/100 slp
|
|-heal|p1b: Milotic|74/100 tox|[from] item: Leftovers
|-damage|p1b: Milotic|45/100 tox|[from] psn
|-end|p1b: Milotic|Infestation|[partiallytrapped]|[silent]
|upkeep
|turn|6
|inactive|nanum56770 has 30 seconds left.
|
|t:|1785491997
|cant|p2a: Garchomp|slp
|move|p2b: Venusaur|Leaf Storm|p1b: Milotic|[miss]
|-miss|p2b: Venusaur|p1b: Milotic
|move|p1b: Milotic|Hypnosis|p2b: Venusaur
|-status|p2b: Venusaur|slp|[from] move: Hypnosis
|move|p1a: Malamar|Superpower|p2a: Garchomp
|-damage|p2a: Garchomp|0 fnt
|-boost|p1a: Malamar|atk|1
|-boost|p1a: Malamar|def|1
|-damage|p1a: Malamar|87/100|[from] ability: Rough Skin|[of] p2a: Garchomp
|faint|p2a: Garchomp
|
|-heal|p1b: Milotic|50/100g tox|[from] item: Leftovers
|-damage|p1b: Milotic|15/100 tox|[from] psn
|upkeep
|
|t:|1785492008
|switch|p2a: Charizard|Charizard, L50, F|100/100
|turn|7
|inactive|nanum56770 has 30 seconds left.
|
|t:|1785492039
|detailschange|p2a: Charizard|Charizard-Mega-Y, L50, F
|-mega|p2a: Charizard|Charizard|Charizardite Y
|-weather|SunnyDay|[from] ability: Drought|[of] p2a: Charizard
|cant|p2b: Venusaur|slp
|move|p2a: Charizard|Weather Ball|p1a: Malamar
|-damage|p1a: Malamar|33/100
|move|p1b: Milotic|Scald|p2a: Charizard
|-supereffective|p2a: Charizard|1
|-damage|p2a: Charizard|77/100
|move|p1a: Malamar|Foul Play|p2a: Charizard
|-damage|p2a: Charizard|48/100
|
|-weather|SunnyDay|[upkeep]
|-heal|p1b: Milotic|21/100 tox|[from] item: Leftovers
|-damage|p1b: Milotic|0 fnt|[from] psn
|faint|p1b: Milotic
|upkeep
|
|t:|1785492057
|switch|p1b: Farigiraf|Farigiraf, L50, F|100/100
|turn|8
|inactive|nanum56770 has 30 seconds left.
|
|t:|1785492084
|move|p1a: Malamar|Protect|p1a: Malamar
|-singleturn|p1a: Malamar|Protect
|-curestatus|p2b: Venusaur|slp|[msg]
|move|p2b: Venusaur|Leaf Storm|p1b: Farigiraf
|-damage|p1b: Farigiraf|19/100
|-unboost|p2b: Venusaur|spa|2
|-enditem|p1b: Farigiraf|Sitrus Berry|[eat]
|-heal|p1b: Farigiraf|44/100|[from] item: Sitrus Berry
|-damage|p2b: Venusaur|73/100|[from] item: Life Orb
|move|p2a: Charizard|Heat Wave|p1b: Farigiraf|[spread] p1b
|-activate|p1a: Malamar|move: Protect
|-damage|p1b: Farigiraf|0 fnt
|faint|p1b: Farigiraf
|
|-weather|SunnyDay|[upkeep]
|upkeep
|turn|9
|
|t:|1785492103
|move|p2b: Venusaur|Sludge Bomb|p1a: Malamar
|-damage|p1a: Malamar|16/100
|-damage|p2b: Venusaur|64/100|[from] item: Life Orb
|move|p2a: Charizard|Weather Ball|p1a: Malamar
|-damage|p1a: Malamar|0 fnt
|faint|p1a: Malamar
|
|win|odio esta reg
|raw|nanum56770's rating: 1066 → 1045(-21 for losing)
|raw|odio esta reg's rating: 1041 → 1077(+36 for winning)
