|j|☆FERA kApset
|j|☆Pikapower25
|html|FERA kApsetPikapower25    
|uhtml|bestof|Game 3 of a best-of-3
|t:|1782498215
|gametype|doubles
|player|p1|FERA kApset|byron|1102
|player|p2|Pikapower25|265|1000
|gen|9
|tier|[Gen 9 Champions] VGC 2026 Reg M-B (Bo3)
|rated|
|rule|Species Clause: Limit one of each Pokémon
|rule|Item Clause: Limit 1 of each item
|clearpoke
|poke|p1|Aerodactyl, L50, F|
|poke|p1|Garchomp, L50, F|
|poke|p1|Kingambit, L50, M|
|poke|p1|Farigiraf, L50, F|
|poke|p1|Sylveon, L50, F|
|poke|p1|Charizard, L50, M|
|poke|p2|Raichu, L50, F|
|poke|p2|Metagross, L50|
|poke|p2|Garchomp, L50, M|
|poke|p2|Scrafty, L50, F|
|poke|p2|Abomasnow, L50, M|
|poke|p2|Whimsicott, L50, F|
|teampreview|4
|showteam|p1|Aerodactyl||Aerodactylite|Unnerve|RockSlide,Protect,DualWingbeat,Tailwind|Jolly||F|||50|]Garchomp||LifeOrb|RoughSkin|Protect,DragonClaw,Earthquake,StompingTantrum|Adamant||F|||50|]Kingambit||FocusSash|Defiant|LowKick,IronHead,SuckerPunch,Protect|Adamant||M|||50|]Farigiraf||SitrusBerry|ArmorTail|Roar,TwinBeam,TrickRoom,EnergyBall|Bold||F|||50|]Sylveon||FairyFeather|Pixilate|HyperVoice,Protect,HyperBeam,QuickAttack|Bold||F|||50|]Charizard||CharizarditeY|Blaze|HeatWave,WeatherBall,SolarBeam,Protect|Modest||M|||50|
|showteam|p2|Raichu||RaichuniteY|LightningRod|FakeOut,ZapCannon,FocusBlast,Protect|Timid||F|||50|]Metagross||Metagrossite|ClearBody|Protect,PsychicFangs,MeteorMash,StompingTantrum|Adamant|||||50|]Garchomp||LifeOrb|RoughSkin|Protect,Earthquake,RockSlide,DragonClaw|Jolly||M|||50|]Scrafty||Leftovers|Intimidate|ThroatChop,FakeOut,LowKick,SuperFang|Jolly||F|||50|]Abomasnow||OccaBerry|SnowWarning|AuroraVeil,Blizzard,GigaDrain,EarthPower|Modest||M|||50|]Whimsicott||FocusSash|Prankster|EnergyBall,Tailwind,WorrySeed,Encore|Timid||F|||50|
|inactive|Battle timer is ON: inactive players will automatically lose when time's up. (requested by FERA kApset)
|inactive|Pikapower25 has 60 seconds left.
|inactive|Pikapower25 has 30 seconds left.
|inactive|Pikapower25 has 20 seconds left.
|inactive|Pikapower25 has 15 seconds left.
|
|t:|1782498291
|teamsize|p1|4
|teamsize|p2|4
|start
|switch|p1a: Aerodactyl|Aerodactyl, L50, F|100/100
|switch|p1b: Sylveon|Sylveon, L50, F|100/100
|switch|p2a: Garchomp|Garchomp, L50, M|100/100
|switch|p2b: Abomasnow|Abomasnow, L50, M|100/100
|-ability|p1a: Aerodactyl|Unnerve
|-weather|Snowscape|[from] ability: Snow Warning|[of] p2b: Abomasnow
|turn|1
|
|t:|1782498309
|detailschange|p1a: Aerodactyl|Aerodactyl-Mega, L50, F
|-mega|p1a: Aerodactyl|Aerodactyl|Aerodactylite
|move|p1a: Aerodactyl|Tailwind|p1a: Aerodactyl
|-sidestart|p1: FERA kApset|move: Tailwind
|move|p1b: Sylveon|Hyper Voice|p2a: Garchomp|[spread] p2a,p2b
|-supereffective|p2a: Garchomp|1
|-damage|p2a: Garchomp|4/100
|-damage|p2b: Abomasnow|60/100
|move|p2a: Garchomp|Rock Slide|p1b: Sylveon|[spread] p1a,p1b
|-supereffective|p1a: Aerodactyl|1
|-damage|p1a: Aerodactyl|51/100
|-damage|p1b: Sylveon|70/100
|-damage|p2a: Garchomp|0 fnt|[from] item: Life Orb
|faint|p2a: Garchomp
|move|p2b: Abomasnow|Blizzard|p1a: Aerodactyl|[spread] p1a,p1b
|-supereffective|p1a: Aerodactyl|1
|-damage|p1a: Aerodactyl|0 fnt
|-damage|p1b: Sylveon|44/100
|faint|p1a: Aerodactyl
|
|-weather|Snowscape|[upkeep]
|upkeep
|
|t:|1782498330
|switch|p1a: Kingambit|Kingambit, L50, M|100/100
|switch|p2a: Metagross|Metagross, L50|100/100
|turn|2
|inactive|Pikapower25 has 30 seconds left.
|
|t:|1782498363
|detailschange|p2a: Metagross|Metagross-Mega, L50
|-mega|p2a: Metagross|Metagross|Metagrossite
|move|p1b: Sylveon|Protect|p1b: Sylveon
|-singleturn|p1b: Sylveon|Protect
|move|p1a: Kingambit|Iron Head|p2b: Abomasnow
|-supereffective|p2b: Abomasnow|1
|-damage|p2b: Abomasnow|0 fnt
|faint|p2b: Abomasnow
|move|p2a: Metagross|Meteor Mash|p1b: Sylveon
|-activate|p1b: Sylveon|move: Protect
|
|-weather|Snowscape|[upkeep]
|upkeep
|
|t:|1782498375
|switch|p2b: Scrafty|Scrafty, L50, F|100/100
|-ability|p2b: Scrafty|Intimidate|boost
|-unboost|p1a: Kingambit|atk|1
|-ability|p1a: Kingambit|Defiant|boost
|-boost|p1a: Kingambit|atk|2
|-unboost|p1b: Sylveon|atk|1
|turn|3
|inactive|FERA kApset has 30 seconds left.
|inactive|FERA kApset has 20 seconds left.
|inactive|Pikapower25 has 30 seconds left.
|
|t:|1782498415
|move|p2b: Scrafty|Fake Out|p1b: Sylveon
|-damage|p1b: Sylveon|34/100
|move|p1a: Kingambit|Low Kick|p2a: Metagross
|-damage|p2a: Metagross|49/100
|cant|p1b: Sylveon|flinch
|move|p2a: Metagross|Meteor Mash|p1b: Sylveon
|-supereffective|p1b: Sylveon|1
|-damage|p1b: Sylveon|0 fnt
|faint|p1b: Sylveon
|
|-weather|Snowscape|[upkeep]
|upkeep
|
|t:|1782498426
|switch|p1b: Farigiraf|Farigiraf, L50, F|100/100
|turn|4
|
|t:|1782498446
|move|p1a: Kingambit|Low Kick|p2b: Scrafty
|-supereffective|p2b: Scrafty|1
|-damage|p2b: Scrafty|32/100
|move|p2a: Metagross|Stomping Tantrum|p1a: Kingambit
|-supereffective|p1a: Kingambit|1
|-damage|p1a: Kingambit|36/100
|move|p2b: Scrafty|Low Kick|p1a: Kingambit
|-supereffective|p1a: Kingambit|2
|-damage|p1a: Kingambit|0 fnt
|faint|p1a: Kingambit
|move|p1b: Farigiraf|Trick Room|p1b: Farigiraf
|-fieldstart|move: Trick Room|[of] p1b: Farigiraf
|
|-weather|Snowscape|[upkeep]
|-heal|p2b: Scrafty|38/100|[from] item: Leftovers
|-sideend|p1: FERA kApset|move: Tailwind
|upkeep
|turn|5
|
|t:|1782498467
|move|p1b: Farigiraf|Energy Ball|p2b: Scrafty
|-damage|p2b: Scrafty|15/100
|move|p2b: Scrafty|Super Fang|p1b: Farigiraf
|-damage|p1b: Farigiraf|50/100y
|-enditem|p1b: Farigiraf|Sitrus Berry|[eat]
|-heal|p1b: Farigiraf|75/100|[from] item: Sitrus Berry
|move|p2a: Metagross|Meteor Mash|p1b: Farigiraf
|-damage|p1b: Farigiraf|28/100
|-boost|p2a: Metagross|atk|1
|
|-weather|none
|-heal|p2b: Scrafty|21/100|[from] item: Leftovers
|upkeep
|turn|6
|inactive|Pikapower25 has 30 seconds left.
|
|t:|1782498495
|move|p1b: Farigiraf|Energy Ball|p2b: Scrafty
|-damage|p2b: Scrafty|1/100
|move|p2b: Scrafty|Throat Chop|p1b: Farigiraf
|-supereffective|p1b: Farigiraf|1
|-damage|p1b: Farigiraf|0 fnt
|faint|p1b: Farigiraf
|
|win|Pikapower25
|raw|FERA kApset's rating: 1102 → 1070(-32 for losing)
|raw|Pikapower25's rating: 1000 → 1051(+51 for winning)
