|j|☆lerry27
|j|☆Shrieeeiak
|html|lerry27Shrieeeiak    
|uhtml|bestof|Game 1 of a best-of-3
|t:|1782569729
|gametype|doubles
|player|p1|lerry27|brycen|1099
|player|p2|Shrieeeiak|n|1026
|gen|9
|tier|[Gen 9 Champions] VGC 2026 Reg M-B (Bo3)
|rated|
|rule|Species Clause: Limit one of each Pokémon
|rule|Item Clause: Limit 1 of each item
|clearpoke
|poke|p1|Gengar, L50, M, shiny|
|poke|p1|Maushold-Four, L50|
|poke|p1|Blastoise, L50, M|
|poke|p1|Sinistcha, L50|
|poke|p1|Politoed, L50, M|
|poke|p1|Incineroar, L50, M, shiny|
|poke|p2|Golurk, L50, shiny|
|poke|p2|Sinistcha-Masterpiece, L50|
|poke|p2|Tauros-Paldea-Aqua, L50, M|
|poke|p2|Chandelure, L50, M, shiny|
|poke|p2|Sylveon, L50, M, shiny|
|poke|p2|Garchomp, L50, F|
|teampreview|4
|showteam|p1|Gengar||Gengarite|CursedBody|SludgeBomb,PerishSong,ShadowBall,Protect|Modest||M|||50|]Maushold-Four||ChopleBerry|FriendGuard|FollowMe,HelpingHand,Uturn,Protect|Impish|||||50|]Blastoise||Blastoisinite|Torrent|WaterSpout,DarkPulse,ShellSmash,Protect|Modest||M|||50|]Sinistcha||KasibBerry|Hospitality|LifeDew,MatchaGotcha,RagePowder,Protect|Bold|||||50|]Politoed||SitrusBerry|Drizzle|WeatherBall,IceBeam,PerishSong,Protect|Calm||M|||50|]Incineroar||PasshoBerry|Intimidate|FakeOut,ThroatChop,PartingShot,Protect|Careful||M|||50|
|showteam|p2|Golurk||Golurkite|IronFist|IcePunch,HighHorsepower,Poltergeist,DrainPunch|Adamant|||||50|]Sinistcha-Masterpiece||ColburBerry|Hospitality|MatchaGotcha,StrengthSap,RagePowder,TrickRoom|Calm|||||50|]Tauros-Paldea-Aqua||ChoiceScarf|Intimidate|CloseCombat,AquaJet,RagingBull,RockSlide|Jolly||M|||50|]Chandelure||FocusSash|Infiltrator|HeatWave,EnergyBall,ShadowBall,Protect|Modest||M|||50|]Sylveon||FairyFeather|Pixilate|HyperVoice,DrainingKiss,Protect,HelpingHand|Quiet||M|||50|]Garchomp||LifeOrb|RoughSkin|DragonClaw,PoisonJab,RockSlide,StompingTantrum|Jolly||F|||50|
|inactive|Battle timer is ON: inactive players will automatically lose when time's up. (requested by Shrieeeiak)
|c|☆Shrieeeiak|perish trap
|inactive|lerry27 has 60 seconds left.
|inactive|Shrieeeiak has 60 seconds left.
|c|☆lerry27|Yes
|inactive|lerry27 has 30 seconds left.
|c|☆Shrieeeiak|Good luck
|inactive|lerry27 has 20 seconds left.
|inactive|lerry27 has 15 seconds left.
|inactive|lerry27 has 10 seconds left.
|inactive|lerry27 has 5 seconds left.
|
|t:|1782569814
|teamsize|p1|4
|teamsize|p2|4
|start
|switch|p1a: Maushold|Maushold-Four, L50|100/100
|switch|p1b: Blastoise|Blastoise, L50, M|100/100
|switch|p2a: Chandelure|Chandelure, L50, M, shiny|100/100
|switch|p2b: Golurk|Golurk, L50, shiny|100/100
|turn|1
|inactive|Shrieeeiak has 30 seconds left.
|inactive|Shrieeeiak has 20 seconds left.
|
|t:|1782569850
|detailschange|p1b: Blastoise|Blastoise-Mega, L50, M
|-mega|p1b: Blastoise|Blastoise|Blastoisinite
|detailschange|p2b: Golurk|Golurk-Mega, L50, shiny
|-mega|p2b: Golurk|Golurk|Golurkite
|move|p1a: Maushold|Follow Me|p1a: Maushold
|-singleturn|p1a: Maushold|move: Follow Me
|move|p1b: Blastoise|Shell Smash|p1b: Blastoise
|-unboost|p1b: Blastoise|def|1
|-unboost|p1b: Blastoise|spd|1
|-boost|p1b: Blastoise|atk|2
|-boost|p1b: Blastoise|spa|2
|-boost|p1b: Blastoise|spe|2
|move|p2a: Chandelure|Energy Ball|p1a: Maushold
|-damage|p1a: Maushold|51/100
|move|p2b: Golurk|Drain Punch|p1a: Maushold
|-supereffective|p1a: Maushold|1
|-enditem|p1a: Maushold|Chople Berry|[eat]
|-enditem|p1a: Maushold|Chople Berry|[weaken]
|-damage|p1a: Maushold|26/100
|
|upkeep
|turn|2
|inactive|Shrieeeiak has 30 seconds left.
|
|t:|1782569880
|move|p2a: Chandelure|Protect|p2a: Chandelure
|-singleturn|p2a: Chandelure|Protect
|move|p1a: Maushold|Follow Me|p1a: Maushold
|-singleturn|p1a: Maushold|move: Follow Me
|move|p1b: Blastoise|Water Spout|p2b: Golurk|[spread] p2b
|-activate|p2a: Chandelure|move: Protect
|-supereffective|p2b: Golurk|1
|-damage|p2b: Golurk|0 fnt
|faint|p2b: Golurk
|
|upkeep
|
|t:|1782569892
|switch|p2b: Sinistcha|Sinistcha-Masterpiece, L50|100/100
|turn|3
|
|t:|1782569906
|move|p1a: Maushold|Follow Me|p1a: Maushold
|-singleturn|p1a: Maushold|move: Follow Me
|move|p1b: Blastoise|Dark Pulse|p2b: Sinistcha
|-supereffective|p2b: Sinistcha|1
|-enditem|p2b: Sinistcha|Colbur Berry|[eat]
|-enditem|p2b: Sinistcha|Colbur Berry|[weaken]
|-damage|p2b: Sinistcha|16/100
|move|p2a: Chandelure|Heat Wave|p1a: Maushold|[spread] p1a
|-miss|p2a: Chandelure|p1b: Blastoise
|-damage|p1a: Maushold|0 fnt
|faint|p1a: Maushold
|move|p2b: Sinistcha|Matcha Gotcha|p1b: Blastoise
|-supereffective|p1b: Blastoise|1
|-damage|p1b: Blastoise|3/100
|-heal|p2b: Sinistcha|58/100|[from] drain|[of] p1b: Blastoise
|
|upkeep
|
|t:|1782569922
|switch|p1a: Incineroar|Incineroar, L50, M, shiny|100/100
|-ability|p1a: Incineroar|Intimidate|boost
|-unboost|p2a: Chandelure|atk|1
|-unboost|p2b: Sinistcha|atk|1
|turn|4
|
|t:|1782569938
|move|p1b: Blastoise|Dark Pulse|p2b: Sinistcha
|-supereffective|p2b: Sinistcha|1
|-damage|p2b: Sinistcha|0 fnt
|faint|p2b: Sinistcha
|move|p2a: Chandelure|Heat Wave|p1b: Blastoise|[spread] p1a,p1b
|-resisted|p1a: Incineroar|1
|-resisted|p1b: Blastoise|1
|-damage|p1a: Incineroar|81/100
|-damage|p1b: Blastoise|0 fnt
|faint|p1b: Blastoise
|move|p1a: Incineroar|Throat Chop|p2a: Chandelure
|-supereffective|p2a: Chandelure|1
|-damage|p2a: Chandelure|20/100y
|-start|p2a: Chandelure|Throat Chop|[silent]
|
|upkeep
|
|t:|1782569944
|switch|p1b: Politoed|Politoed, L50, M|100/100
|switch|p2b: Sylveon|Sylveon, L50, M, shiny|100/100
|-weather|RainDance|[from] ability: Drizzle|[of] p1b: Politoed
|turn|5
|
|t:|1782569951
|move|p2a: Chandelure|Energy Ball|p1b: Politoed
|-supereffective|p1b: Politoed|1
|-damage|p1b: Politoed|34/100
|-enditem|p1b: Politoed|Sitrus Berry|[eat]
|-heal|p1b: Politoed|58/100|[from] item: Sitrus Berry
|move|p1a: Incineroar|Throat Chop|p2a: Chandelure
|-supereffective|p2a: Chandelure|1
|-damage|p2a: Chandelure|0 fnt
|faint|p2a: Chandelure
|move|p1b: Politoed|Weather Ball|p2b: Sylveon
|-crit|p2b: Sylveon
|-damage|p2b: Sylveon|48/100
|move|p2b: Sylveon|Hyper Voice|p1b: Politoed|[spread] p1a,p1b
|-crit|p1b: Politoed
|-damage|p1a: Incineroar|40/100
|-damage|p1b: Politoed|0 fnt
|faint|p1b: Politoed
|
|-weather|RainDance|[upkeep]
|upkeep
|turn|6
|
|t:|1782569975
|move|p1a: Incineroar|Throat Chop|p2b: Sylveon
|-resisted|p2b: Sylveon|1
|-damage|p2b: Sylveon|24/100
|-start|p2b: Sylveon|Throat Chop|[silent]
|cant|p2b: Sylveon|move: Throat Chop
|
|-weather|RainDance|[upkeep]
|upkeep
|turn|7
|
|t:|1782569998
|move|p2b: Sylveon|Protect|p2b: Sylveon
|-singleturn|p2b: Sylveon|Protect
|move|p1a: Incineroar|Throat Chop|p2b: Sylveon
|-activate|p2b: Sylveon|move: Protect
|
|-weather|RainDance|[upkeep]
|-end|p2b: Sylveon|Throat Chop|[silent]
|upkeep
|turn|8
|inactive|Shrieeeiak has 30 seconds left.
|
|t:|1782570025
|move|p1a: Incineroar|Throat Chop|p2b: Sylveon
|-resisted|p2b: Sylveon|1
|-damage|p2b: Sylveon|1/100
|-start|p2b: Sylveon|Throat Chop|[silent]
|cant|p2b: Sylveon|move: Throat Chop
|
|-weather|RainDance|[upkeep]
|upkeep
|turn|9
|inactive|lerry27 has 30 seconds left.
|c|☆lerry27|No hyper voice on throat chop
|inactive|lerry27 has 20 seconds left.
|
|t:|1782570062
|move|p1a: Incineroar|Throat Chop|p2b: Sylveon
|-resisted|p2b: Sylveon|1
|-damage|p2b: Sylveon|0 fnt
|faint|p2b: Sylveon
|
|win|lerry27
||Shrieeeiak is ready for game 2.
||lerry27 is ready for game 2.
|uhtml|next|Next: Game 2 of 3
|l|☆Shrieeeiak
|player|p2|
