|j|☆Capravolante97
|j|☆jeanryupr
|html|Capravolante97jeanryupr    
|uhtml|bestof|Game 1 of a best-of-3
|t:|1785789657
|gametype|doubles
|player|p1|Capravolante97|fantina|1264
|player|p2|jeanryupr|169|1207
|gen|9
|tier|[Gen 9 Champions] VGC 2026 Reg M-B (Bo3)
|rated|
|rule|Species Clause: Limit one of each Pokémon
|rule|Item Clause: Limit 1 of each item
|clearpoke
|poke|p1|Salazzle, L50, F, shiny|
|poke|p1|Staraptor, L50, F|
|poke|p1|Gholdengo, L50|
|poke|p1|Tyranitar, L50, F|
|poke|p1|Sinistcha, L50|
|poke|p1|Garchomp, L50, M, shiny|
|poke|p2|Raichu, L50, M|
|poke|p2|Aerodactyl, L50, M|
|poke|p2|Floette-Eternal, L50, F|
|poke|p2|Kingambit, L50, F|
|poke|p2|Farigiraf, L50, M|
|poke|p2|Kommo-o, L50, M|
|teampreview|4
|showteam|p1|Salazzle||FocusSash|Corrosion|FakeOut,Endeavor,Overheat,SludgeBomb|Timid||F|||50|]Staraptor||Staraptite|Intimidate|CloseCombat,BraveBird,Tailwind,Protect|Jolly||F|||50|]Gholdengo||LifeOrb|GoodasGold|MakeItRain,ShadowBall,NastyPlot,Protect|Modest|||||50|]Tyranitar||ChoiceScarf|SandStream|IcePunch,KnockOff,RockSlide,HighHorsepower|Jolly||F|||50|]Sinistcha||KasibBerry|Hospitality|MatchaGotcha,RagePowder,Protect,TrickRoom|Calm|||||50|]Garchomp||Garchompite|RoughSkin|PowerGem,DracoMeteor,EarthPower,Protect|Modest||M|||50|
|showteam|p2|Raichu||RaichuniteY|LightningRod|ZapCannon,FocusBlast,FakeOut,Protect|Timid||M|||50|]Aerodactyl||FocusSash|Unnerve|WideGuard,DualWingbeat,RockSlide,Tailwind|Jolly||M|||50|]Floette-Eternal||Floettite|FlowerVeil|CalmMind,DazzlingGleam,DrainingKiss,Protect|Timid||F|||50|]Kingambit||LifeOrb|Defiant|KowtowCleave,Protect,SuckerPunch,SwordsDance|Adamant||F|||50|]Farigiraf||SitrusBerry|ArmorTail|TrickRoom,HelpingHand,Thunderbolt,Psychic|Bold||M|||50|]Kommo-o||Leftovers|Soundproof|ClangingScales,AuraSphere,ClangorousSoul,Protect|Modest||M|||50|
|inactive|Battle timer is ON: inactive players will automatically lose when time's up. (requested by Capravolante97)
|inactive|Capravolante97 has 60 seconds left.
|inactive|Capravolante97 has 30 seconds left.
|inactive|Capravolante97 has 20 seconds left.
|inactive|Capravolante97 has 15 seconds left.
|inactive|Capravolante97 has 10 seconds left.
|inactive|Capravolante97 has 5 seconds left.
|
|t:|1785789744
|teamsize|p1|4
|teamsize|p2|4
|start
|switch|p1a: Tyranitar|Tyranitar, L50, F|100/100
|switch|p1b: Staraptor|Staraptor, L50, F|100/100
|switch|p2a: Kingambit|Kingambit, L50, F|100/100
|switch|p2b: Kommo-o|Kommo-o, L50, M|100/100
|-weather|Sandstorm|[from] ability: Sand Stream|[of] p1a: Tyranitar
|-ability|p1b: Staraptor|Intimidate|boost
|-unboost|p2a: Kingambit|atk|1
|-ability|p2a: Kingambit|Defiant|boost
|-boost|p2a: Kingambit|atk|2
|-unboost|p2b: Kommo-o|atk|1
|turn|1
|inactive|Capravolante97 has 30 seconds left.
|inactive|Capravolante97 has 20 seconds left.
|inactive|Capravolante97 has 15 seconds left.
|inactive|Capravolante97 has 10 seconds left.
|inactive|Capravolante97 has 5 seconds left.
|
|t:|1785789797
|switch|p2a: Farigiraf|Farigiraf, L50, M|100/100
|detailschange|p1b: Staraptor|Staraptor-Mega, L50, F
|-mega|p1b: Staraptor|Staraptor|Staraptite
|move|p1a: Tyranitar|Ice Punch|p2b: Kommo-o
|-supereffective|p2b: Kommo-o|1
|-damage|p2b: Kommo-o|54/100
|move|p1b: Staraptor|Close Combat|p2a: Farigiraf
|-damage|p2a: Farigiraf|57/100
|-boost|p1b: Staraptor|def|1
|-boost|p1b: Staraptor|spd|1
|move|p2b: Kommo-o|Clangorous Soul|p2b: Kommo-o
|-boost|p2b: Kommo-o|atk|1
|-boost|p2b: Kommo-o|def|1
|-boost|p2b: Kommo-o|spa|1
|-boost|p2b: Kommo-o|spd|1
|-boost|p2b: Kommo-o|spe|1
|-damage|p2b: Kommo-o|21/100
|
|-weather|Sandstorm|[upkeep]
|-damage|p1b: Staraptor|94/100|[from] Sandstorm
|-damage|p2b: Kommo-o|15/100|[from] Sandstorm
|-damage|p2a: Farigiraf|51/100|[from] Sandstorm
|-heal|p2b: Kommo-o|21/100|[from] item: Leftovers
|upkeep
|turn|2
|inactive|Capravolante97 has 30 seconds left.
|inactive|Capravolante97 has 20 seconds left.
|inactive|Capravolante97 has 15 seconds left.
|inactive|Capravolante97 has 10 seconds left.
|inactive|Capravolante97 has 5 seconds left.
|
|t:|1785789852
|move|p2a: Farigiraf|Helping Hand|p2b: Kommo-o
|-singleturn|p2b: Kommo-o|Helping Hand|[of] p2a: Farigiraf
|move|p1a: Tyranitar|Ice Punch|p2a: Farigiraf
|-damage|p2a: Farigiraf|28/100
|-enditem|p2a: Farigiraf|Sitrus Berry|[eat]
|-heal|p2a: Farigiraf|52/100|[from] item: Sitrus Berry
|move|p1b: Staraptor|Close Combat|p2a: Farigiraf
|-damage|p2a: Farigiraf|8/100
|-boost|p1b: Staraptor|def|1
|-boost|p1b: Staraptor|spd|1
|move|p2b: Kommo-o|Clanging Scales|p1b: Staraptor|[spread] p1a,p1b
|-damage|p1a: Tyranitar|50/100g
|-damage|p1b: Staraptor|52/100
|-unboost|p2b: Kommo-o|def|1
|
|-weather|Sandstorm|[upkeep]
|-damage|p1b: Staraptor|46/100|[from] Sandstorm
|-damage|p2b: Kommo-o|15/100|[from] Sandstorm
|-damage|p2a: Farigiraf|2/100|[from] Sandstorm
|-heal|p2b: Kommo-o|21/100|[from] item: Leftovers
|upkeep
|turn|3
|inactive|Capravolante97 has 30 seconds left.
|
|t:|1785789881
|move|p2b: Kommo-o|Protect|p2b: Kommo-o
|-singleturn|p2b: Kommo-o|Protect
|move|p1a: Tyranitar|Ice Punch|p2b: Kommo-o
|-activate|p2b: Kommo-o|move: Protect
|move|p1b: Staraptor|Close Combat|p2a: Farigiraf
|-damage|p2a: Farigiraf|0 fnt
|-boost|p1b: Staraptor|def|1
|-boost|p1b: Staraptor|spd|1
|faint|p2a: Farigiraf
|
|-weather|Sandstorm|[upkeep]
|-damage|p1b: Staraptor|40/100|[from] Sandstorm
|-damage|p2b: Kommo-o|15/100|[from] Sandstorm
|-heal|p2b: Kommo-o|21/100|[from] item: Leftovers
|upkeep
|
|t:|1785789888
|switch|p2a: Floette|Floette-Eternal, L50, F|100/100
|turn|4
|inactive|Capravolante97 has 30 seconds left.
|inactive|Capravolante97 has 20 seconds left.
|inactive|Capravolante97 has 15 seconds left.
|inactive|Capravolante97 has 10 seconds left.
|inactive|Capravolante97 has 5 seconds left.
|
|t:|1785789941
|switch|p2b: Kingambit|Kingambit, L50, F|100/100
|detailschange|p2a: Floette|Floette-Mega, L50, F
|-mega|p2a: Floette|Floette|Floettite
|-ability|p2a: Floette|Fairy Aura
|move|p1b: Staraptor|Protect|p1b: Staraptor
|-singleturn|p1b: Staraptor|Protect
|move|p1a: Tyranitar|Ice Punch|p2b: Kingambit
|-resisted|p2b: Kingambit|1
|-damage|p2b: Kingambit|89/100
|move|p2a: Floette|Dazzling Gleam|p1b: Staraptor|[spread] p1a
|-activate|p1b: Staraptor|move: Protect
|-supereffective|p1a: Tyranitar|1
|-damage|p1a: Tyranitar|0 fnt
|faint|p1a: Tyranitar
|
|-weather|Sandstorm|[upkeep]
|-damage|p1b: Staraptor|34/100|[from] Sandstorm
|-damage|p2a: Floette|93/100|[from] Sandstorm
|upkeep
|inactive|Capravolante97 has 30 seconds left.
|inactive|Capravolante97 has 20 seconds left.
|
|t:|1785789978
|switch|p1a: Gholdengo|Gholdengo, L50|100/100
|turn|5
|inactive|Capravolante97 has 30 seconds left.
|inactive|Capravolante97 has 20 seconds left.
|inactive|Capravolante97 has 15 seconds left.
|inactive|jeanryupr has 30 seconds left.
|
|t:|1785790021
|switch|p1a: Sinistcha|Sinistcha, L50|100/100
|-heal|p1b: Staraptor|59/100|[from] ability: Hospitality|[of] p1a: Sinistcha
|switch|p2b: Kommo-o|Kommo-o, L50, M|21/100
|move|p1b: Staraptor|Close Combat|p2b: Kommo-o
|-damage|p2b: Kommo-o|0 fnt
|-boost|p1b: Staraptor|def|1
|-boost|p1b: Staraptor|spd|1
|faint|p2b: Kommo-o
|move|p2a: Floette|Dazzling Gleam|p1b: Staraptor|[spread] p1a,p1b
|-supereffective|p1b: Staraptor|1
|-damage|p1a: Sinistcha|57/100
|-damage|p1b: Staraptor|26/100
|
|-weather|none
|upkeep
|
|t:|1785790035
|switch|p2b: Kingambit|Kingambit, L50, F|89/100
|turn|6
|inactive|Capravolante97 has 30 seconds left.
|inactive|Capravolante97 has 20 seconds left.
|
|t:|1785790071
|switch|p1a: Gholdengo|Gholdengo, L50|100/100
|move|p1b: Staraptor|Protect|p1b: Staraptor
|-singleturn|p1b: Staraptor|Protect
|move|p2b: Kingambit|Protect|p2b: Kingambit
|-singleturn|p2b: Kingambit|Protect
|move|p2a: Floette|Calm Mind|p2a: Floette
|-boost|p2a: Floette|spa|1
|-boost|p2a: Floette|spd|1
|
|upkeep
|turn|7
|
|t:|1785790091
|move|p2b: Kingambit|Protect||[still]
|-fail|p2b: Kingambit
|move|p1b: Staraptor|Close Combat|p2b: Kingambit
|-supereffective|p2b: Kingambit|2
|-damage|p2b: Kingambit|0 fnt
|-boost|p1b: Staraptor|def|1
|-boost|p1b: Staraptor|spd|1
|faint|p2b: Kingambit
|move|p2a: Floette|Dazzling Gleam|p1a: Gholdengo|[spread] p1a,p1b
|-resisted|p1a: Gholdengo|1
|-supereffective|p1b: Staraptor|1
|-damage|p1a: Gholdengo|67/100
|-damage|p1b: Staraptor|0 fnt
|faint|p1b: Staraptor
|move|p1a: Gholdengo|Nasty Plot|p1a: Gholdengo
|-boost|p1a: Gholdengo|spa|2
|
|upkeep
|
|t:|1785790102
|switch|p1b: Sinistcha|Sinistcha, L50|57/100
|-heal|p1a: Gholdengo|92/100|[from] ability: Hospitality|[of] p1b: Sinistcha
|turn|8
|
|t:|1785790126
|move|p1b: Sinistcha|Protect|p1b: Sinistcha
|-singleturn|p1b: Sinistcha|Protect
|move|p2a: Floette|Dazzling Gleam|p1b: Sinistcha|[spread] p1a
|-activate|p1b: Sinistcha|move: Protect
|-resisted|p1a: Gholdengo|1
|-damage|p1a: Gholdengo|61/100
|move|p1a: Gholdengo|Nasty Plot|p1a: Gholdengo
|-boost|p1a: Gholdengo|spa|2
|
|upkeep
|turn|9
|
|t:|1785790140
|move|p2a: Floette|Dazzling Gleam|p1b: Sinistcha|[spread] p1a,p1b
|-resisted|p1a: Gholdengo|1
|-damage|p1a: Gholdengo|27/100
|-damage|p1b: Sinistcha|0 fnt
|faint|p1b: Sinistcha
|move|p1a: Gholdengo|Make It Rain|p2a: Floette
|-supereffective|p2a: Floette|1
|-damage|p2a: Floette|0 fnt
|-unboost|p1a: Gholdengo|spa|2
|faint|p2a: Floette
|-damage|p1a: Gholdengo|17/100|[from] item: Life Orb
|
|win|Capravolante97
