|j|☆Bass pro stan
|j|☆fly butterfly fly
|html|Bass pro stanfly butterfly fly    
|uhtml|bestof|Game 2 of a best-of-3
|t:|1784843038
|gametype|doubles
|player|p1|Bass pro stan|fisherman-gen4|1161
|player|p2|fly butterfly fly|170|1176
|gen|9
|tier|[Gen 9 Champions] VGC 2026 Reg M-B (Bo3)
|rated|
|rule|Species Clause: Limit one of each Pokémon
|rule|Item Clause: Limit 1 of each item
|clearpoke
|poke|p1|Toxicroak, L50, F|
|poke|p1|Vaporeon, L50, F|
|poke|p1|Heliolisk, L50, M|
|poke|p1|Politoed, L50, M|
|poke|p1|Vivillon-Icy Snow, L50, M|
|poke|p1|Dragonite, L50, M|
|poke|p2|Kangaskhan, L50, F|
|poke|p2|Farigiraf, L50, F|
|poke|p2|Torkoal, L50, M|
|poke|p2|Vileplume, L50, M|
|poke|p2|Kommo-o, L50, M|
|poke|p2|Pyroar, L50, F|
|teampreview|4
|showteam|p1|Toxicroak||ShucaBerry|DrySkin|HelpingHand,GunkShot,FakeOut,Encore|Adamant||F|||50|]Vaporeon||Leftovers|WaterAbsorb|CalmMind,Protect,Surf,IceBeam|Modest||F|||50|]Heliolisk||ChoiceScarf|DrySkin|Surf,ShedTail,Thunderbolt,BreakingSwipe|Timid||M|||50|]Politoed||LifeOrb|Drizzle|Surf,EarthPower,IceBeam,Protect|Modest||M|||50|]Vivillon-Icy Snow||FocusSash|FriendGuard|RagePowder,PollenPuff,Tailwind,Protect|Timid||M|||50|]Dragonite||Dragoninite|Multiscale|ExtremeSpeed,DragonPulse,Hurricane,Protect|Modest||M|||50|
|showteam|p2|Kangaskhan||SilkScarf|Scrappy|FakeOut,LastResort|Adamant||F|||50|]Farigiraf||ColburBerry|ArmorTail|Psychic,Thunderbolt,Protect,TrickRoom|Bold||F|||50|]Torkoal||Charcoal|Drought|Eruption,WeatherBall,HelpingHand,Protect|Quiet||M|||50|]Vileplume||FocusSash|Chlorophyll|SleepPowder,EnergyBall,SludgeBomb,AfterYou|Timid||M|||50|]Kommo-o||HabanBerry|Overcoat|ClangingScales,AuraSphere,ClangorousSoul,Protect|Modest||M|||50|]Pyroar||Pyroarite|Unnerve|HeatWave,Overheat,ScorchingSands,Protect|Timid||F|||50|
|inactive|Battle timer is ON: inactive players will automatically lose when time's up. (requested by Bass pro stan)
|
|t:|1784843052
|teamsize|p1|4
|teamsize|p2|4
|start
|switch|p1a: Toxicroak|Toxicroak, L50, F|100/100
|switch|p1b: Vaporeon|Vaporeon, L50, F|100/100
|switch|p2a: Kangaskhan|Kangaskhan, L50, F|100/100
|switch|p2b: Farigiraf|Farigiraf, L50, F|100/100
|turn|1
|inactive|fly butterfly fly has 30 seconds left.
|inactive|fly butterfly fly has 20 seconds left.
|
|t:|1784843091
|move|p2a: Kangaskhan|Fake Out|p1b: Vaporeon
|-damage|p1b: Vaporeon|77/100
|move|p1a: Toxicroak|Encore|p2a: Kangaskhan
|-start|p2a: Kangaskhan|Encore
|cant|p1b: Vaporeon|flinch
|move|p2b: Farigiraf|Psychic|p1a: Toxicroak
|-supereffective|p1a: Toxicroak|2
|-damage|p1a: Toxicroak|0 fnt
|faint|p1a: Toxicroak
|
|-heal|p1b: Vaporeon|83/100|[from] item: Leftovers
|upkeep
|
|t:|1784843106
|switch|p1a: Vivillon|Vivillon-Icy Snow, L50, M|100/100
|turn|2
|inactive|fly butterfly fly has 30 seconds left.
|inactive|fly butterfly fly has 20 seconds left.
|
|t:|1784843141
|switch|p2a: Kommo-o|Kommo-o, L50, M|100/100
|move|p1a: Vivillon|Pollen Puff|p2b: Farigiraf
|-supereffective|p2b: Farigiraf|1
|-damage|p2b: Farigiraf|27/100
|move|p1b: Vaporeon|Calm Mind|p1b: Vaporeon
|-boost|p1b: Vaporeon|spa|1
|-boost|p1b: Vaporeon|spd|1
|move|p2b: Farigiraf|Thunderbolt|p1a: Vivillon
|-supereffective|p1a: Vivillon|1
|-damage|p1a: Vivillon|7/100
|
|-heal|p1b: Vaporeon|89/100|[from] item: Leftovers
|upkeep
|turn|3
|
|t:|1784843166
|switch|p2b: Kangaskhan|Kangaskhan, L50, F|100/100
|move|p1a: Vivillon|Tailwind|p1a: Vivillon
|-sidestart|p1: Bass pro stan|move: Tailwind
|move|p1b: Vaporeon|Surf|p2b: Kangaskhan|[spread] p1a,p2a,p2b
|-resisted|p2a: Kommo-o|1
|-damage|p1a: Vivillon|0 fnt
|-damage|p2a: Kommo-o|75/100
|-damage|p2b: Kangaskhan|55/100
|faint|p1a: Vivillon
|move|p2a: Kommo-o|Clanging Scales|p1b: Vaporeon
|-damage|p1b: Vaporeon|69/100
|-unboost|p2a: Kommo-o|def|1
|
|-heal|p1b: Vaporeon|75/100|[from] item: Leftovers
|upkeep
|
|t:|1784843170
|switch|p1a: Politoed|Politoed, L50, M|100/100
|-weather|RainDance|[from] ability: Drizzle|[of] p1a: Politoed
|turn|4
|inactive|fly butterfly fly has 30 seconds left.
|
|t:|1784843203
|move|p2b: Kangaskhan|Fake Out|p1b: Vaporeon
|-damage|p1b: Vaporeon|54/100
|move|p1a: Politoed|Ice Beam|p2a: Kommo-o
|-supereffective|p2a: Kommo-o|1
|-damage|p2a: Kommo-o|0 fnt
|faint|p2a: Kommo-o
|-damage|p1a: Politoed|90/100|[from] item: Life Orb
|cant|p1b: Vaporeon|flinch
|
|-weather|RainDance|[upkeep]
|-heal|p1b: Vaporeon|60/100|[from] item: Leftovers
|upkeep
|
|t:|1784843214
|switch|p2a: Torkoal|Torkoal, L50, M|100/100
|-weather|SunnyDay|[from] ability: Drought|[of] p2a: Torkoal
|turn|5
|
|t:|1784843220
|switch|p2b: Farigiraf|Farigiraf, L50, F|27/100
|move|p2a: Torkoal|Protect|p2a: Torkoal
|-singleturn|p2a: Torkoal|Protect
|move|p1a: Politoed|Surf|p2a: Torkoal|[spread] p2b
|-activate|p2a: Torkoal|move: Protect
|-heal|p1b: Vaporeon|85/100|[from] ability: Water Absorb|[of] p1a: Politoed
|-damage|p2b: Farigiraf|8/100
|-damage|p1a: Politoed|81/100|[from] item: Life Orb
|move|p1b: Vaporeon|Ice Beam|p2b: Farigiraf
|-damage|p2b: Farigiraf|0 fnt
|faint|p2b: Farigiraf
|
|-weather|SunnyDay|[upkeep]
|-heal|p1b: Vaporeon|91/100|[from] item: Leftovers
|upkeep
|
|t:|1784843235
|switch|p2b: Kangaskhan|Kangaskhan, L50, F|55/100
|turn|6
|
|t:|1784843252
|move|p2b: Kangaskhan|Fake Out|p1b: Vaporeon
|-damage|p1b: Vaporeon|70/100
|move|p1a: Politoed|Surf|p2b: Kangaskhan|[spread] p2a,p2b
|-heal|p1b: Vaporeon|95/100|[from] ability: Water Absorb|[of] p1a: Politoed
|-supereffective|p2a: Torkoal|1
|-damage|p2a: Torkoal|51/100
|-damage|p2b: Kangaskhan|34/100
|-damage|p1a: Politoed|71/100|[from] item: Life Orb
|cant|p1b: Vaporeon|flinch
|move|p2a: Torkoal|Weather Ball|p1a: Politoed
|-resisted|p1a: Politoed|1
|-crit|p1a: Politoed
|-damage|p1a: Politoed|7/100
|
|-weather|SunnyDay|[upkeep]
|-heal|p1b: Vaporeon|100/100|[from] item: Leftovers
|-sideend|p1: Bass pro stan|move: Tailwind
|upkeep
|turn|7
|inactive|Bass pro stan has 30 seconds left.
|inactive|fly butterfly fly has 30 seconds left.
|inactive|fly butterfly fly has 20 seconds left.
|
|t:|1784843289
|move|p2a: Torkoal|Helping Hand|p2b: Kangaskhan
|-singleturn|p2b: Kangaskhan|Helping Hand|[of] p2a: Torkoal
|move|p2b: Kangaskhan|Last Resort|p1b: Vaporeon
|-damage|p1b: Vaporeon|0 fnt
|faint|p1b: Vaporeon
|move|p1a: Politoed|Surf|p2b: Kangaskhan|[spread] p2a,p2b
|-supereffective|p2a: Torkoal|1
|-damage|p2a: Torkoal|2/100
|-damage|p2b: Kangaskhan|16/100
|-damage|p1a: Politoed|0 fnt|[from] item: Life Orb
|faint|p1a: Politoed
|
|win|fly butterfly fly
|raw|Bass pro stan's rating: 1161 → 1137(-24 for losing)
|raw|fly butterfly fly's rating: 1176 → 1200(+24 for winning)
