|j|☆lctrem
|j|☆lateralvs
|html|lctremlateralvs    
|uhtml|bestof|Game 1 of a best-of-3
|t:|1756323698
|gametype|doubles
|player|p1|lctrem|2|
|player|p2|lateralvs|giovanni|
|gen|9
|tier|[Gen 9] VGC 2025 Reg H (Bo3)
|rule|Species Clause: Limit one of each Pokémon
|rule|Item Clause: Limit 1 of each item
|clearpoke
|poke|p1|Baxcalibur, L50, F|
|poke|p1|Kingambit, L50, F|
|poke|p1|Volcarona, L50, M|
|poke|p1|Dondozo, L50, F|
|poke|p1|Sneasler, L50, F|
|poke|p1|Rillaboom, L50, F|
|poke|p2|Ursaluna, L50, F|
|poke|p2|Gholdengo, L50|
|poke|p2|Porygon2, L50|
|poke|p2|Amoonguss, L50, F|
|poke|p2|Incineroar, L50, M|
|poke|p2|Hydreigon, L50, F|
|teampreview|4
|showteam|p1|Baxcalibur||LoadedDice|ThermalExchange|ScaleShot,IcicleSpear,IceShard,Protect|||F|||50|,,,,,Ghost]Kingambit||SafetyGoggles|Defiant|KowtowCleave,SuckerPunch,SwordsDance,Protect|||F|||50|,,,,,Ghost]Volcarona||CovertCloak|FlameBody|HeatWave,TeraBlast,QuiverDance,Protect|||M|||50|,,,,,Fairy]Dondozo||Leftovers|Unaware|Liquidation,Fissure,Yawn,Protect|||F|||50|,,,,,Poison]Sneasler||FocusSash|Unburden|CloseCombat,DireClaw,Coaching,Protect|||F|||50|,,,,,Stellar]Rillaboom||AssaultVest|GrassySurge|WoodHammer,GrassyGlide,HighHorsepower,FakeOut|||F|||50|,,,,,Water
|showteam|p2|Ursaluna||FlameOrb|Guts|Facade,Earthquake,HeadlongRush,Protect|||F|||50|,,,,,Fairy]Gholdengo||MetalCoat|GoodasGold|MakeItRain,ShadowBall,NastyPlot,Protect||||||50|,,,,,Flying]Porygon2||Eviolite|Download|TeraBlast,IceBeam,TrickRoom,Recover||||||50|,,,,,Fighting]Amoonguss||CovertCloak|Regenerator|PollenPuff,Spore,RagePowder,Protect|||F|||50|,,,,,Fire]Incineroar||SitrusBerry|Intimidate|FlareBlitz,KnockOff,PartingShot,FakeOut|||M|||50|,,,,,Grass]Hydreigon||SafetyGoggles|Levitate|DracoMeteor,Snarl,Tailwind,Protect|||F|||50|,,,,,Ghost
|inactive|Battle timer is ON: inactive players will automatically lose when time's up. (requested by lctrem)
|
|t:|1756323733
|teamsize|p1|4
|teamsize|p2|4
|start
|switch|p1a: Volcarona|Volcarona, L50, M|100/100
|switch|p1b: Rillaboom|Rillaboom, L50, F|100/100
|switch|p2a: Porygon2|Porygon2, L50|100/100
|switch|p2b: Amoonguss|Amoonguss, L50, F|100/100
|-fieldstart|move: Grassy Terrain|[from] ability: Grassy Surge|[of] p1b: Rillaboom
|-ability|p2a: Porygon2|Download|boost
|-boost|p2a: Porygon2|atk|1
|turn|1
|inactive|lateralvs has 30 seconds left.
|
|t:|1756323766
|switch|p1a: Kingambit|Kingambit, L50, F|100/100
|move|p1b: Rillaboom|Fake Out|p2a: Porygon2
|-damage|p2a: Porygon2|92/100
|move|p2b: Amoonguss|Spore|p1a: Kingambit
|-activate|p1a: Kingambit|item: Safety Goggles|Spore
|cant|p2a: Porygon2|flinch
|
|-heal|p2a: Porygon2|98/100|[from] Grassy Terrain
|upkeep
|turn|2
|inactive|lctrem has 30 seconds left.
|inactive|lateralvs has 30 seconds left.
|inactive|lateralvs has 20 seconds left.
|inactive|lateralvs has 15 seconds left.
|
|t:|1756323810
|-terastallize|p1a: Kingambit|Ghost
|-terastallize|p2a: Porygon2|Fighting
|move|p1b: Rillaboom|Wood Hammer|p2a: Porygon2
|-damage|p2a: Porygon2|49/100
|-damage|p1b: Rillaboom|85/100|[from] Recoil
|move|p1a: Kingambit|Swords Dance|p1a: Kingambit
|-boost|p1a: Kingambit|atk|2
|move|p2a: Porygon2|Tera Blast|p1a: Kingambit|[anim] Tera Blast Fighting
|-immune|p1a: Kingambit
|move|p2b: Amoonguss|Pollen Puff|p1b: Rillaboom
|-supereffective|p1b: Rillaboom
|-damage|p1b: Rillaboom|61/100
|
|-heal|p1b: Rillaboom|67/100|[from] Grassy Terrain
|-heal|p2a: Porygon2|56/100|[from] Grassy Terrain
|upkeep
|turn|3
|
|t:|1756323827
|switch|p2b: Ursaluna|Ursaluna, L50, F|100/100
|move|p1b: Rillaboom|Wood Hammer|p2a: Porygon2
|-damage|p2a: Porygon2|4/100
|-damage|p1b: Rillaboom|51/100|[from] Recoil
|move|p1a: Kingambit|Kowtow Cleave|p2a: Porygon2
|-resisted|p2a: Porygon2
|-damage|p2a: Porygon2|0 fnt
|faint|p2a: Porygon2
|
|-heal|p1b: Rillaboom|57/100|[from] Grassy Terrain
|-status|p2b: Ursaluna|brn|[from] item: Flame Orb
|upkeep
|inactive|lateralvs has 30 seconds left.
|
|t:|1756323858
|switch|p2a: Incineroar|Incineroar, L50, M|100/100
|-ability|p2a: Incineroar|Intimidate|boost
|-unboost|p1a: Kingambit|atk|1
|-ability|p1a: Kingambit|Defiant|boost
|-boost|p1a: Kingambit|atk|2
|-unboost|p1b: Rillaboom|atk|1
|turn|4
|
|t:|1756323869
|switch|p1b: Sneasler|Sneasler, L50, F|100/100
|move|p1a: Kingambit|Protect|p1a: Kingambit
|-singleturn|p1a: Kingambit|Protect
|move|p2a: Incineroar|Fake Out|p1b: Sneasler
|-damage|p1b: Sneasler|80/100
|move|p2b: Ursaluna|Headlong Rush|p1a: Kingambit
|-activate|p1a: Kingambit|move: Protect
|
|-heal|p1b: Sneasler|86/100|[from] Grassy Terrain
|-damage|p2b: Ursaluna|95/100 brn|[from] brn
|upkeep
|turn|5
|
|t:|1756323894
|switch|p2a: Amoonguss|Amoonguss, L50, F|100/100
|move|p1b: Sneasler|Close Combat|p2a: Amoonguss
|-resisted|p2a: Amoonguss
|-damage|p2a: Amoonguss|68/100
|-unboost|p1b: Sneasler|def|1
|-unboost|p1b: Sneasler|spd|1
|move|p1a: Kingambit|Kowtow Cleave|p2b: Ursaluna
|-damage|p2b: Ursaluna|9/100 brn
|move|p2b: Ursaluna|Headlong Rush|p1a: Kingambit
|-damage|p1a: Kingambit|13/100
|-unboost|p2b: Ursaluna|def|1
|-unboost|p2b: Ursaluna|spd|1
|
|-heal|p1b: Sneasler|91/100|[from] Grassy Terrain
|-heal|p1a: Kingambit|18/100|[from] Grassy Terrain
|-heal|p2b: Ursaluna|15/100 brn|[from] Grassy Terrain
|-heal|p2a: Amoonguss|74/100|[from] Grassy Terrain
|-damage|p2b: Ursaluna|9/100 brn|[from] brn
|-fieldend|move: Grassy Terrain
|upkeep
|turn|6
|inactive|lateralvs has 30 seconds left.
|inactive|lateralvs has 20 seconds left.
|inactive|lateralvs has 15 seconds left.
|inactive|lateralvs has 10 seconds left.
|inactive|lctrem has 30 seconds left.
|
|t:|1756323950
|switch|p2b: Incineroar|Incineroar, L50, M|100/100
|-ability|p2b: Incineroar|Intimidate|boost
|-unboost|p1a: Kingambit|atk|1
|-ability|p1a: Kingambit|Defiant|boost
|-boost|p1a: Kingambit|atk|2
|-unboost|p1b: Sneasler|atk|1
|move|p1b: Sneasler|Close Combat|p2b: Incineroar
|-supereffective|p2b: Incineroar
|-damage|p2b: Incineroar|10/100
|-unboost|p1b: Sneasler|def|1
|-unboost|p1b: Sneasler|spd|1
|-enditem|p2b: Incineroar|Sitrus Berry|[eat]
|-heal|p2b: Incineroar|35/100|[from] item: Sitrus Berry
|move|p1a: Kingambit|Kowtow Cleave|p2a: Amoonguss
|-damage|p2a: Amoonguss|0 fnt
|faint|p2a: Amoonguss
|
|upkeep
|
|t:|1756323964
|switch|p2a: Ursaluna|Ursaluna, L50, F|9/100 brn
|turn|7
|
|t:|1756323980
|move|p1b: Sneasler|Protect|p1b: Sneasler
|-singleturn|p1b: Sneasler|Protect
|move|p1a: Kingambit|Protect|p1a: Kingambit
|-singleturn|p1a: Kingambit|Protect
|move|p2b: Incineroar|Knock Off|p1a: Kingambit
|-activate|p1a: Kingambit|move: Protect
|move|p2a: Ursaluna|Earthquake|p1a: Kingambit|[spread] p2b
|-activate|p1a: Kingambit|move: Protect
|-activate|p1b: Sneasler|move: Protect
|-supereffective|p2b: Incineroar
|-damage|p2b: Incineroar|0 fnt
|faint|p2b: Incineroar
|
|-damage|p2a: Ursaluna|4/100 brn|[from] brn
|upkeep
|turn|8
|-message|lateralvs forfeited.
|
|win|lctrem
||lateralvs is ready for game 2.
||lctrem is ready for game 2.
|uhtml|next|Next: Game 2 of 3
|l|☆lctrem
|player|p1|
