|j|☆gimunino
|j|☆uglybeast
|html|gimuninouglybeast    
|uhtml|bestof|Game 3 of a best-of-3
|t:|1755434579
|gametype|doubles
|player|p1|gimunino|blue|1162
|player|p2|uglybeast|lucas|1285
|gen|9
|tier|[Gen 9] VGC 2025 Reg H (Bo3)
|rated|
|rule|Species Clause: Limit one of each Pokémon
|rule|Item Clause: Limit 1 of each item
|clearpoke
|poke|p1|Primarina, L50, M|
|poke|p1|Tyranitar, L50, M|
|poke|p1|Talonflame, L50, M|
|poke|p1|Garchomp, L50, M|
|poke|p1|Amoonguss, L50, F|
|poke|p1|Gholdengo, L50|
|poke|p2|Volcarona, L50, F|
|poke|p2|Samurott-Hisui, L50, M|
|poke|p2|Gholdengo, L50|
|poke|p2|Sneasler, L50, F|
|poke|p2|Ursaluna-Bloodmoon, L50, M|
|poke|p2|Indeedee, L50, M|
|teampreview|4
|showteam|p1|Primarina||MysticWater|LiquidVoice|HyperVoice,Moonblast,Haze,Protect|||M|||50|,,,,,Poison]Tyranitar||AssaultVest|SandStream|RockSlide,KnockOff,LowKick,TeraBlast|||M|||50|,,,,,Flying]Talonflame||CovertCloak|GaleWings|BraveBird,Tailwind,WillOWisp,Taunt|||M|||50|,,,,,Ghost]Garchomp||LifeOrb|RoughSkin|StompingTantrum,Earthquake,DragonClaw,Protect|||M|||50|,,,,,Steel]Amoonguss||SitrusBerry|Regenerator|PollenPuff,Spore,RagePowder,Protect|||F|||50|,,,,,Water]Gholdengo||MetalCoat|GoodasGold|MakeItRain,ShadowBall,NastyPlot,Protect||||||50|,,,,,Flying
|showteam|p2|Volcarona||SitrusBerry|FlameBody|FieryDance,StruggleBug,Tailwind,RagePowder|||F|||50|,,,,,Dragon]Samurott-Hisui||AssaultVest|Sharpness|AquaCutter,SacredSword,SuckerPunch,FlipTurn|||M|||50|,,,,,Poison]Gholdengo||Leftovers|GoodasGold|MakeItRain,ShadowBall,NastyPlot,Protect||||||50|,,,,,Water]Sneasler||PsychicSeed|Unburden|DireClaw,CloseCombat,ThroatChop,Protect|||F|||50|,,,,,Dark]Ursaluna-Bloodmoon||LifeOrb|MindsEye|BloodMoon,HyperVoice,EarthPower,Protect|||M|||50|,,,,,Normal]Indeedee||FocusSash|PsychicSurge|ExpandingForce,TeraBlast,Imprison,TrickRoom|||M|||50|,,,,,Fighting
|inactive|Battle timer is ON: inactive players will automatically lose when time's up. (requested by gimunino)
|
|t:|1755434647
|teamsize|p1|4
|teamsize|p2|4
|start
|switch|p1a: Tyranitar|Tyranitar, L50, M|100/100
|switch|p1b: Garchomp|Garchomp, L50, M|100/100
|switch|p2a: Tyrotrela|Gholdengo, L50, shiny|100/100
|switch|p2b: Salmonella|Volcarona, L50, F, shiny|100/100
|-weather|Sandstorm|[from] ability: Sand Stream|[of] p1a: Tyranitar
|turn|1
|inactive|uglybeast has 30 seconds left.
|
|t:|1755434681
|-terastallize|p2a: Tyrotrela|Water
|move|p1b: Garchomp|Stomping Tantrum|p2a: Tyrotrela
|-damage|p2a: Tyrotrela|49/100
|-damage|p1b: Garchomp|91/100|[from] item: Life Orb
|move|p2b: Salmonella|Tailwind|p2b: Salmonella
|-sidestart|p2: uglybeast|move: Tailwind
|move|p2a: Tyrotrela|Nasty Plot|p2a: Tyrotrela
|-boost|p2a: Tyrotrela|spa|2
|move|p1a: Tyranitar|Rock Slide|p2a: Tyrotrela|[spread] p2a,p2b
|-supereffective|p2b: Salmonella
|-damage|p2a: Tyrotrela|13/100
|-damage|p2b: Salmonella|0 fnt
|faint|p2b: Salmonella
|
|-weather|Sandstorm|[upkeep]
|-damage|p2a: Tyrotrela|7/100|[from] Sandstorm
|-heal|p2a: Tyrotrela|13/100|[from] item: Leftovers
|upkeep
|inactive|uglybeast has 30 seconds left.
|inactive|uglybeast has 20 seconds left.
|
|t:|1755434719
|switch|p2b: Sangria|Ursaluna-Bloodmoon, L50, M|100/100
|turn|2
|
|t:|1755434735
|-terastallize|p1a: Tyranitar|Flying
|move|p2a: Tyrotrela|Make It Rain|p1a: Tyranitar|[spread] p1a,p1b
|-damage|p1a: Tyranitar|43/100
|-damage|p1b: Garchomp|0 fnt
|-unboost|p2a: Tyrotrela|spa|1
|faint|p1b: Garchomp
|move|p2b: Sangria|Hyper Voice|p1a: Tyranitar
|-damage|p1a: Tyranitar|6/100
|-damage|p2b: Sangria|91/100|[from] item: Life Orb
|move|p1a: Tyranitar|Rock Slide|p2b: Sangria|[spread] p2a,p2b
|-resisted|p2b: Sangria
|-damage|p2a: Tyrotrela|0 fnt
|-damage|p2b: Sangria|78/100
|faint|p2a: Tyrotrela
|
|-weather|Sandstorm|[upkeep]
|-damage|p1a: Tyranitar|0 fnt|[from] Sandstorm
|faint|p1a: Tyranitar
|upkeep
|
|t:|1755434747
|switch|p1b: Amoonguss|Amoonguss, L50, F|100/100
|switch|p2a: Diva|Sneasler, L50, F, shiny|100/100
|switch|p1a: Primarina|Primarina, L50, M|100/100
|turn|3
|inactive|uglybeast has 30 seconds left.
|
|t:|1755434773
|move|p2b: Sangria|Protect|p2b: Sangria
|-singleturn|p2b: Sangria|Protect
|move|p1a: Primarina|Protect|p1a: Primarina
|-singleturn|p1a: Primarina|Protect
|move|p2a: Diva|Dire Claw|p1a: Primarina
|-activate|p1a: Primarina|move: Protect
|move|p1b: Amoonguss|Spore|p2a: Diva
|-status|p2a: Diva|slp|[from] move: Spore
|
|-weather|Sandstorm|[upkeep]
|-damage|p2a: Diva|95/100 slp|[from] Sandstorm
|-damage|p1a: Primarina|95/100|[from] Sandstorm
|-damage|p1b: Amoonguss|95/100|[from] Sandstorm
|upkeep
|turn|4
|
|t:|1755434790
|move|p1b: Amoonguss|Rage Powder|p1b: Amoonguss
|-singleturn|p1b: Amoonguss|move: Rage Powder
|cant|p2a: Diva|slp
|move|p2b: Sangria|Earth Power|p1b: Amoonguss
|-damage|p1b: Amoonguss|34/100
|-enditem|p1b: Amoonguss|Sitrus Berry|[eat]
|-heal|p1b: Amoonguss|59/100|[from] item: Sitrus Berry
|-damage|p2b: Sangria|68/100|[from] item: Life Orb
|move|p1a: Primarina|Hyper Voice|p2b: Sangria|[spread] p2a,p2b
|-supereffective|p2b: Sangria
|-damage|p2a: Diva|39/100 slp
|-damage|p2b: Sangria|0 fnt
|faint|p2b: Sangria
|
|-weather|Sandstorm|[upkeep]
|-damage|p2a: Diva|33/100 slp|[from] Sandstorm
|-damage|p1a: Primarina|89/100|[from] Sandstorm
|-damage|p1b: Amoonguss|53/100|[from] Sandstorm
|-sideend|p2: uglybeast|move: Tailwind
|upkeep
|turn|5
|
|t:|1755434805
|-curestatus|p2a: Diva|slp|[msg]
|move|p2a: Diva|Protect|p2a: Diva
|-singleturn|p2a: Diva|Protect
|move|p1b: Amoonguss|Rage Powder|p1b: Amoonguss
|-singleturn|p1b: Amoonguss|move: Rage Powder
|move|p1a: Primarina|Hyper Voice|p2a: Diva
|-activate|p2a: Diva|move: Protect
|
|-weather|none
|upkeep
|turn|6
|
|t:|1755434811
|move|p1b: Amoonguss|Rage Powder|p1b: Amoonguss
|-singleturn|p1b: Amoonguss|move: Rage Powder
|move|p2a: Diva|Dire Claw|p1b: Amoonguss
|-damage|p1b: Amoonguss|16/100
|-status|p1b: Amoonguss|par
|move|p1a: Primarina|Hyper Voice|p2a: Diva
|-damage|p2a: Diva|0 fnt
|faint|p2a: Diva
|
|win|gimunino
|raw|gimunino's rating: 1162 → 1195(+33 for winning)
|raw|uglybeast's rating: 1285 → 1252(-33 for losing)
|c|☆uglybeast|Gg
|l|☆gimunino
|player|p1|
