|j|☆wond3ricey
|j|☆kryOOOOO
|html|wond3riceykryOOOOO    
|uhtml|bestof|Game 3 of a best-of-3
|t:|1785111175
|gametype|doubles
|player|p1|wond3ricey|lady|
|player|p2|kryOOOOO|265|
|gen|9
|tier|[Gen 9 Champions] VGC 2026 Reg M-B (Bo3)
|rule|Species Clause: Limit one of each Pokémon
|rule|Item Clause: Limit 1 of each item
|clearpoke
|poke|p1|Archaludon, L50, M|
|poke|p1|Swampert, L50, F, shiny|
|poke|p1|Raichu, L50, M, shiny|
|poke|p1|Klefki, L50, M|
|poke|p1|Rotom-Mow, L50|
|poke|p1|Dragonite, L50, F|
|poke|p2|Floette-Eternal, L50, F|
|poke|p2|Venusaur, L50, F|
|poke|p2|Tyranitar, L50, F|
|poke|p2|Corviknight, L50, M|
|poke|p2|Trevenant, L50, F|
|poke|p2|Rotom-Heat, L50|
|teampreview|4
|showteam|p1|Archaludon||Leftovers|Stamina|ElectroShot,DracoMeteor,FlashCannon,Protect|Timid||M|||50|]Swampert||Swampertite|Torrent|WaveCrash,Earthquake,IcePunch,FlipTurn|Adamant||F|||50|]Raichu||DampRock|LightningRod|FakeOut,RainDance,VoltSwitch,Thunder|Hasty||M|||50|]Klefki||MentalHerb|Prankster|LightScreen,Reflect,ThunderWave,RainDance|Bold||M|||50|]Rotom-Mow||ChoiceScarf|Levitate|Thunderbolt,VoltSwitch,Trick,LeafStorm|Timid|||||50|]Dragonite||SitrusBerry|Multiscale|Hurricane,Thunderbolt,Roost,Tailwind|Modest||F|||50|
|showteam|p2|Floette-Eternal||Floettite|FlowerVeil|CalmMind,Protect,DazzlingGleam,Moonblast|Bold||F|||50|]Venusaur||FocusSash|Overgrow|GigaDrain,SludgeBomb,LeechSeed,Protect|Quiet||F|||50|]Tyranitar||Tyranitarite|SandStream|Protect,Earthquake,KnockOff,RockSlide|Brave||F|||50|]Corviknight||Leftovers|Pressure|Protect,BulkUp,BodyPress,Roost|Bold||M|||50|]Trevenant||SitrusBerry|Harvest|TrickRoom,LeechSeed,Protect,Poltergeist|Impish||F|||50|]Rotom-Heat||Charcoal|Levitate|Protect,WillOWisp,NastyPlot,Overheat|Quiet|||||50|
|j| robbie0301
|c|☆wond3ricey|wait
|c|☆wond3ricey|how do you play with closed teamsheet
|c|☆wond3ricey|bc i didnt see the option
|c| robbie0301|Ill explain it later in announcements
|c|☆wond3ricey|ok
|inactive|Battle timer is ON: inactive players will automatically lose when time's up. (requested by wond3ricey)
|
|t:|1785111226
|teamsize|p1|4
|teamsize|p2|4
|start
|switch|p1a: Dragonite|Dragonite, L50, F|100/100
|switch|p1b: Raichu|Raichu, L50, M, shiny|100/100
|switch|p2a: Floette|Floette-Eternal, L50, F|100/100
|switch|p2b: Rotom|Rotom-Heat, L50|100/100
|turn|1
|
|t:|1785111241
|detailschange|p2a: Floette|Floette-Mega, L50, F
|-mega|p2a: Floette|Floette|Floettite
|-ability|p2a: Floette|Fairy Aura
|move|p2a: Floette|Protect|p2a: Floette
|-singleturn|p2a: Floette|Protect
|move|p1b: Raichu|Fake Out|p2a: Floette
|-activate|p2a: Floette|move: Protect
|move|p1a: Dragonite|Tailwind|p1a: Dragonite
|-sidestart|p1: wond3ricey|move: Tailwind
|move|p2b: Rotom|Nasty Plot|p2b: Rotom
|-boost|p2b: Rotom|spa|2
|
|upkeep
|turn|2
|inactive|wond3ricey has 30 seconds left.
|j| guccirain2006
|inactive|wond3ricey has 20 seconds left.
|inactive|wond3ricey has 15 seconds left.
|
|t:|1785111281
|switch|p1a: Swampert|Swampert, L50, F, shiny|100/100
|move|p1b: Raichu|Rain Dance|p1b: Raichu
|-weather|RainDance
|move|p2a: Floette|Calm Mind|p2a: Floette
|-boost|p2a: Floette|spa|1
|-boost|p2a: Floette|spd|1
|move|p2b: Rotom|Overheat|p1b: Raichu
|-damage|p1b: Raichu|0 fnt
|-unboost|p2b: Rotom|spa|2
|faint|p1b: Raichu
|
|-weather|RainDance|[upkeep]
|upkeep
|
|t:|1785111290
|switch|p1b: Archaludon|Archaludon, L50, M|100/100
|turn|3
|
|t:|1785111312
|switch|p2b: Venusaur|Venusaur, L50, F|100/100
|detailschange|p1a: Swampert|Swampert-Mega, L50, F, shiny
|-mega|p1a: Swampert|Swampert|Swampertite
|move|p2a: Floette|Protect|p2a: Floette
|-singleturn|p2a: Floette|Protect
|move|p1a: Swampert|Ice Punch|p2b: Venusaur
|-supereffective|p2b: Venusaur|1
|-damage|p2b: Venusaur|25/100
|move|p1b: Archaludon|Flash Cannon|p2a: Floette
|-activate|p2a: Floette|move: Protect
|
|-weather|RainDance|[upkeep]
|upkeep
|turn|4
|
|t:|1785111333
|move|p1a: Swampert|Ice Punch|p2b: Venusaur
|-supereffective|p2b: Venusaur|1
|-crit|p2b: Venusaur
|-damage|p2b: Venusaur|0 fnt
|faint|p2b: Venusaur
|move|p1b: Archaludon|Flash Cannon|p2a: Floette
|-supereffective|p2a: Floette|1
|-damage|p2a: Floette|56/100
|move|p2a: Floette|Moonblast|p1b: Archaludon
|-damage|p1b: Archaludon|0 fnt
|faint|p1b: Archaludon
|
|-weather|RainDance|[upkeep]
|-sideend|p1: wond3ricey|move: Tailwind
|upkeep
|
|t:|1785111346
|switch|p1b: Dragonite|Dragonite, L50, F|100/100
|switch|p2b: Corviknight|Corviknight, L50, M|100/100
|-ability|p2b: Corviknight|Pressure
|turn|5
|
|t:|1785111366
|move|p2a: Floette|Protect|p2a: Floette
|-singleturn|p2a: Floette|Protect
|move|p1a: Swampert|Wave Crash|p2a: Floette
|-activate|p2a: Floette|move: Protect
|move|p1b: Dragonite|Tailwind|p1b: Dragonite
|-sidestart|p1: wond3ricey|move: Tailwind
|move|p2b: Corviknight|Bulk Up|p2b: Corviknight
|-boost|p2b: Corviknight|atk|1
|-boost|p2b: Corviknight|def|1
|
|-weather|RainDance|[upkeep]
|upkeep
|turn|6
|
|t:|1785111377
|move|p1a: Swampert|Wave Crash|p2a: Floette
|-damage|p2a: Floette|0 fnt
|faint|p2a: Floette
|-damage|p1a: Swampert|80/100|[from] Recoil
|move|p1b: Dragonite|Thunderbolt|p2b: Corviknight
|-supereffective|p2b: Corviknight|1
|-damage|p2b: Corviknight|53/100
|move|p2b: Corviknight|Body Press|p1a: Swampert
|-damage|p1a: Swampert|47/100
|
|-weather|RainDance|[upkeep]
|-heal|p2b: Corviknight|59/100|[from] item: Leftovers
|upkeep
|
|t:|1785111388
|switch|p2a: Rotom|Rotom-Heat, L50|100/100
|turn|7
|
|t:|1785111410
|move|p2b: Corviknight|Protect|p2b: Corviknight
|-singleturn|p2b: Corviknight|Protect
|move|p1a: Swampert|Wave Crash|p2b: Corviknight
|-activate|p2b: Corviknight|move: Protect
|move|p1b: Dragonite|Thunderbolt|p2b: Corviknight
|-activate|p2b: Corviknight|move: Protect
|move|p2a: Rotom|Will-O-Wisp|p1a: Swampert
|-status|p1a: Swampert|brn
|
|-weather|RainDance|[upkeep]
|-heal|p2b: Corviknight|64/100|[from] item: Leftovers
|-damage|p1a: Swampert|41/100 brn|[from] brn
|upkeep
|turn|8
|
|t:|1785111435
|move|p1a: Swampert|Wave Crash|p2b: Corviknight
|-damage|p2b: Corviknight|40/100
|-damage|p1a: Swampert|31/100 brn|[from] Recoil
|move|p1b: Dragonite|Thunderbolt|p2b: Corviknight
|-supereffective|p2b: Corviknight|1
|-damage|p2b: Corviknight|0 fnt
|faint|p2b: Corviknight
|move|p2a: Rotom|Will-O-Wisp|p1b: Dragonite
|-status|p1b: Dragonite|brn
|
|-weather|RainDance|[upkeep]
|-damage|p1a: Swampert|25/100 brn|[from] brn
|-damage|p1b: Dragonite|93/100 brn|[from] brn
|-sideend|p1: wond3ricey|move: Tailwind
|upkeep
|turn|9
|
|t:|1785111458
|move|p2a: Rotom|Protect|p2a: Rotom
|-singleturn|p2a: Rotom|Protect
|move|p1a: Swampert|Wave Crash|p2a: Rotom
|-activate|p2a: Rotom|move: Protect
|move|p1b: Dragonite|Hurricane|p2a: Rotom
|-activate|p2a: Rotom|move: Protect
|
|-weather|none
|-damage|p1a: Swampert|19/100 brn|[from] brn
|-damage|p1b: Dragonite|87/100 brn|[from] brn
|upkeep
|turn|10
|
|t:|1785111471
|move|p1a: Swampert|Wave Crash|p2a: Rotom
|-supereffective|p2a: Rotom|1
|-crit|p2a: Rotom
|-damage|p2a: Rotom|0 fnt
|faint|p2a: Rotom
|-damage|p1a: Swampert|0 fnt|[from] Recoil
|faint|p1a: Swampert
|
|win|wond3ricey
|c|☆kryOOOOO|gg
|l|☆kryOOOOO
|player|p2|
|c|☆wond3ricey|ggs
