|j|☆asmodeo666
|j|☆shjwlwlwlw
|html|asmodeo666shjwlwlwlw    
|uhtml|bestof|Game 1 of a best-of-3
|t:|1757769534
|gametype|doubles
|player|p1|asmodeo666|1|1126
|player|p2|shjwlwlwlw|169|1074
|gen|9
|tier|[Gen 9] VGC 2025 Reg H (Bo3)
|rated|
|rule|Species Clause: Limit one of each Pokémon
|rule|Item Clause: Limit 1 of each item
|clearpoke
|poke|p1|Archaludon, L50, F|
|poke|p1|Mimikyu, L50, M|
|poke|p1|Dragonite, L50, M|
|poke|p1|Incineroar, L50, M|
|poke|p1|Rillaboom, L50, M|
|poke|p1|Sneasler, L50, F|
|poke|p2|Serperior, L50, F|
|poke|p2|Indeedee-F, L50, F|
|poke|p2|Arcanine-Hisui, L50, F|
|poke|p2|Kilowattrel, L50, M|
|poke|p2|Ursaluna, L50, M|
|poke|p2|Tinkaton, L50, F|
|teampreview|4
|showteam|p1|Archaludon||PowerHerb|Sturdy|ElectroShot,DracoMeteor,FlashCannon,Protect|||F|||50|,,,,,Electric]Mimikyu||ClearAmulet|Disguise|PlayRough,ShadowSneak,SwordsDance,Protect|||M|||50|,,,,,Fairy]Dragonite||LoadedDice|Multiscale|ScaleShot,Tailwind,Haze,Protect|||M|||50|,,,,,Steel]Incineroar||SafetyGoggles|Intimidate|FakeOut,FlareBlitz,KnockOff,PartingShot|||M|||50|,,,,,Ghost]Rillaboom||AssaultVest|GrassySurge|FakeOut,GrassyGlide,WoodHammer,Uturn|||M|||50|,,,,,Fire]Sneasler||FocusSash|Unburden|FakeOut,DireClaw,CloseCombat,Taunt|||F|||50|,,,,,Ghost
|showteam|p2|Serperior||LifeOrb|Contrary|TeraBlast,LeafStorm,KnockOff,Protect|||F|||50|,,,,,Stellar]Indeedee-F||SitrusBerry|PsychicSurge|FollowMe,Imprison,TrickRoom,Psychic|||F|||50|,,,,,Psychic]Arcanine-Hisui||FocusSash|Intimidate|RockSlide,FlareBlitz,Protect,ExtremeSpeed|||F|||50|,,,,,Fire]Kilowattrel||CovertCloak|WindPower|Tailwind,Discharge,Protect,AirSlash|||M|||50|,,,,,Electric]Ursaluna||FlameOrb|Guts|Facade,HeadlongRush,Earthquake,Protect|||M|||50|,,,,,Ground]Tinkaton||AssaultVest|MoldBreaker|FakeOut,KnockOff,GigatonHammer,PlayRough|||F|||50|,,,,,Fairy
|inactive|Battle timer is ON: inactive players will automatically lose when time's up. (requested by shjwlwlwlw)
|inactive|shjwlwlwlw has 60 seconds left.
|
|t:|1757769579
|teamsize|p1|4
|teamsize|p2|4
|start
|switch|p1a: Archaludon|Archaludon, L50, F|100/100
|switch|p1b: Dragonite|Dragonite, L50, M|100/100
|switch|p2a: Serperior|Serperior, L50, F|100/100
|switch|p2b: Indeedee|Indeedee-F, L50, F|100/100
|-fieldstart|move: Psychic Terrain|[from] ability: Psychic Surge|[of] p2b: Indeedee
|turn|1
|
|t:|1757769598
|switch|p1a: Rillaboom|Rillaboom, L50, M|100/100
|-fieldstart|move: Grassy Terrain|[from] ability: Grassy Surge|[of] p1a: Rillaboom
|move|p2a: Serperior|Protect|p2a: Serperior
|-singleturn|p2a: Serperior|Protect
|move|p1b: Dragonite|Scale Shot|p2a: Serperior
|-activate|p2a: Serperior|move: Protect
|move|p2b: Indeedee|Trick Room|p2b: Indeedee
|-fieldstart|move: Trick Room|[of] p2b: Indeedee
|
|upkeep
|turn|2
|
|t:|1757769618
|switch|p2a: Ursaluna|Ursaluna, L50, M|100/100
|move|p2b: Indeedee|Follow Me|p2b: Indeedee
|-singleturn|p2b: Indeedee|move: Follow Me
|move|p1a: Rillaboom|U-turn|p2b: Indeedee
|-supereffective|p2b: Indeedee
|-damage|p2b: Indeedee|38/100
|-enditem|p2b: Indeedee|Sitrus Berry|[eat]
|-heal|p2b: Indeedee|63/100|[from] item: Sitrus Berry
|
|t:|1757769627
|switch|p1a: Mimikyu|Mimikyu, L50, M|100/100|[from] U-turn
|move|p1b: Dragonite|Scale Shot|p2b: Indeedee
|-crit|p2b: Indeedee
|-damage|p2b: Indeedee|30/100
|-damage|p2b: Indeedee|7/100
|-damage|p2b: Indeedee|0 fnt
|faint|p2b: Indeedee
|-hitcount|p2: Indeedee|3
|-unboost|p1b: Dragonite|def|1
|-boost|p1b: Dragonite|spe|1
|
|-status|p2a: Ursaluna|brn|[from] item: Flame Orb
|upkeep
|
|t:|1757769635
|switch|p2b: Arcanine|Arcanine-Hisui, L50, F|100/100
|-ability|p2b: Arcanine|Intimidate|boost
|-fail|p1a: Mimikyu|unboost|[from] item: Clear Amulet|[of] p1a: Mimikyu
|-unboost|p1b: Dragonite|atk|1
|turn|3
|
|t:|1757769650
|move|p1a: Mimikyu|Protect|p1a: Mimikyu
|-singleturn|p1a: Mimikyu|Protect
|move|p1b: Dragonite|Protect|p1b: Dragonite
|-singleturn|p1b: Dragonite|Protect
|move|p2a: Ursaluna|Headlong Rush|p1a: Mimikyu
|-activate|p1a: Mimikyu|move: Protect
|move|p2b: Arcanine|Rock Slide|p1a: Mimikyu|[spread] 
|-activate|p1a: Mimikyu|move: Protect
|-activate|p1b: Dragonite|move: Protect
|
|-damage|p2a: Ursaluna|95/100 brn|[from] brn
|upkeep
|turn|4
|inactive|asmodeo666 has 30 seconds left.
|inactive|shjwlwlwlw has 30 seconds left.
|
|t:|1757769683
|switch|p1a: Archaludon|Archaludon, L50, F|100/100
|move|p2b: Arcanine|Extreme Speed|p1b: Dragonite
|-damage|p1b: Dragonite|77/100
|move|p2a: Ursaluna|Facade|p1b: Dragonite
|-damage|p1b: Dragonite|0 fnt
|faint|p1b: Dragonite
|
|-heal|p2a: Ursaluna|100/100 brn|[from] Grassy Terrain
|-damage|p2a: Ursaluna|95/100 brn|[from] brn
|upkeep
|
|t:|1757769692
|switch|p1b: Mimikyu|Mimikyu, L50, M|100/100
|turn|5
|inactive|shjwlwlwlw has 30 seconds left.
|inactive|shjwlwlwlw has 20 seconds left.
|
|t:|1757769729
|switch|p2b: Serperior|Serperior, L50, F|100/100
|move|p1a: Archaludon|Protect|p1a: Archaludon
|-singleturn|p1a: Archaludon|Protect
|move|p2a: Ursaluna|Headlong Rush|p1a: Archaludon
|-activate|p1a: Archaludon|move: Protect
|move|p1b: Mimikyu|Swords Dance|p1b: Mimikyu
|-boost|p1b: Mimikyu|atk|2
|
|-heal|p2a: Ursaluna|100/100 brn|[from] Grassy Terrain
|-damage|p2a: Ursaluna|95/100 brn|[from] brn
|-fieldend|move: Trick Room
|-fieldend|move: Grassy Terrain
|upkeep
|turn|6
|inactive|shjwlwlwlw has 30 seconds left.
|inactive|asmodeo666 has 30 seconds left.
|
|t:|1757769759
|-terastallize|p1b: Mimikyu|Fairy
|move|p2b: Serperior|Knock Off|p1b: Mimikyu
|-activate|p1b: Mimikyu|ability: Disguise
|-damage|p1b: Mimikyu|100/100
|-enditem|p1b: Mimikyu|Clear Amulet|[from] move: Knock Off|[of] p2b: Serperior
|detailschange|p1b: Mimikyu|Mimikyu-Busted, L50, M, tera:Fairy
|-damage|p1b: Mimikyu|88/100|[from] pokemon: Mimikyu-Busted
|-damage|p2b: Serperior|90/100|[from] item: Life Orb
|move|p1b: Mimikyu|Play Rough|p2a: Ursaluna
|-damage|p2a: Ursaluna|25/100 brn
|move|p1a: Archaludon|Electro Shot||[still]
|-prepare|p1a: Archaludon|Electro Shot
|-boost|p1a: Archaludon|spa|1
|-enditem|p1a: Archaludon|Power Herb
|-anim|p1a: Archaludon|Electro Shot|p2b: Serperior
|-resisted|p2b: Serperior
|-damage|p2b: Serperior|47/100
|move|p2a: Ursaluna|Headlong Rush|p1a: Archaludon
|-supereffective|p1a: Archaludon
|-crit|p1a: Archaludon
|-ability|p1a: Archaludon|Sturdy
|-damage|p1a: Archaludon|1/100
|-unboost|p2a: Ursaluna|def|1
|-unboost|p2a: Ursaluna|spd|1
|
|-damage|p2a: Ursaluna|19/100 brn|[from] brn
|upkeep
|turn|7
|inactive|shjwlwlwlw has 30 seconds left.
|
|t:|1757769791
|-terastallize|p2b: Serperior|Stellar
|move|p1b: Mimikyu|Shadow Sneak|p2b: Serperior
|-damage|p2b: Serperior|1/100
|move|p2b: Serperior|Tera Blast|p1b: Mimikyu|[anim] Tera Blast Stellar
|-supereffective|p1b: Mimikyu
|-damage|p1b: Mimikyu|0 fnt
|-boost|p2b: Serperior|atk|1
|-boost|p2b: Serperior|spa|1
|faint|p1b: Mimikyu
|-damage|p2b: Serperior|0 fnt|[from] item: Life Orb
|faint|p2b: Serperior
|move|p1a: Archaludon|Flash Cannon|p2a: Ursaluna
|-damage|p2a: Ursaluna|0 fnt
|faint|p2a: Ursaluna
|
|upkeep
|
|t:|1757769806
|switch|p2b: Arcanine|Arcanine-Hisui, L50, F|100/100
|switch|p1b: Rillaboom|Rillaboom, L50, M|100/100
|-ability|p2b: Arcanine|Intimidate|boost
|-unboost|p1a: Archaludon|atk|1
|-unboost|p1b: Rillaboom|atk|1
|-fieldstart|move: Grassy Terrain|[from] ability: Grassy Surge|[of] p1b: Rillaboom
|turn|8
|
|t:|1757769813
|move|p1b: Rillaboom|Fake Out|p2b: Arcanine
|-resisted|p2b: Arcanine
|-damage|p2b: Arcanine|95/100
|cant|p2b: Arcanine|flinch
|move|p1a: Archaludon|Draco Meteor|p2b: Arcanine|[miss]
|-miss|p1a: Archaludon|p2b: Arcanine
|
|-heal|p2b: Arcanine|100/100|[from] Grassy Terrain
|-heal|p1a: Archaludon|7/100|[from] Grassy Terrain
|upkeep
|turn|9
|
|t:|1757769819
|move|p2b: Arcanine|Extreme Speed|p1a: Archaludon
|-resisted|p1a: Archaludon
|-damage|p1a: Archaludon|0 fnt
|faint|p1a: Archaludon
|move|p1b: Rillaboom|Wood Hammer|p2b: Arcanine
|-crit|p2b: Arcanine
|-enditem|p2b: Arcanine|Focus Sash
|-damage|p2b: Arcanine|1/100
|-damage|p1b: Rillaboom|73/100|[from] Recoil
|
|-heal|p2b: Arcanine|7/100|[from] Grassy Terrain
|-heal|p1b: Rillaboom|79/100|[from] Grassy Terrain
|upkeep
|turn|10
|
|t:|1757769826
|move|p1b: Rillaboom|Grassy Glide|p2b: Arcanine
|-crit|p2b: Arcanine
|-damage|p2b: Arcanine|0 fnt
|faint|p2b: Arcanine
|
|win|asmodeo666
||asmodeo666 is ready for game 2.
|l|☆asmodeo666
|player|p1|
||shjwlwlwlw is ready for game 2.
|uhtml|next|Next: Game 2 of 3
|l|☆shjwlwlwlw
|player|p2|
