|j|☆namboyVGC
|j|☆tjauny
|html|namboyVGCtjauny    
|uhtml|bestof|Game 2 of a best-of-3
|t:|1784319105
|gametype|doubles
|player|p1|namboyVGC|pokemonranger-gen4|1115
|player|p2|tjauny|n|1079
|gen|9
|tier|[Gen 9 Champions] VGC 2026 Reg M-B (Bo3)
|rated|
|rule|Species Clause: Limit one of each Pokémon
|rule|Item Clause: Limit 1 of each item
|clearpoke
|poke|p1|Tyranitar, L50, F|
|poke|p1|Excadrill, L50, F|
|poke|p1|Milotic, L50, F|
|poke|p1|Sinistcha, L50|
|poke|p1|Staraptor, L50, F|
|poke|p1|Gholdengo, L50|
|poke|p2|Sableye, L50, M|
|poke|p2|Snorlax, L50, M|
|poke|p2|Gengar, L50, F, shiny|
|poke|p2|Kingambit, L50, M|
|poke|p2|Farigiraf, L50, M|
|poke|p2|Mawile, L50, F|
|teampreview|4
|showteam|p1|Tyranitar||Tyranitarite|SandStream|KnockOff,RockSlide,HighHorsepower,Protect|Jolly||F|||50|]Excadrill||FocusSash|SandRush|Earthquake,IronHead,RockSlide,Protect|Adamant||F|||50|]Milotic||SitrusBerry|Competitive|Scald,IcyWind,Haze,Protect|Calm||F|||50|]Sinistcha||ColburBerry|Hospitality|MatchaGotcha,ShadowBall,Protect,RagePowder|Bold|||||50|]Staraptor||Staraptite|Intimidate|CloseCombat,BraveBird,Tailwind,Protect|Jolly||F|||50|]Gholdengo||LifeOrb|GoodasGold|MakeItRain,ShadowBall,NastyPlot,Protect|Modest|||||50|
|showteam|p2|Sableye||FocusSash|Prankster|Imprison,Protect,FakeOut,KnockOff|Sassy||M|||50|]Snorlax||SitrusBerry|ThickFat|SelfDestruct,BellyDrum,Earthquake,DoubleEdge|Adamant||M|||50|]Gengar||Gengarite|CursedBody|PerishSong,Protect,ShadowBall,SludgeBomb|Timid||F|||50|]Kingambit||LifeOrb|SupremeOverlord|KowtowCleave,SuckerPunch,IronHead,Protect|Adamant||M|||50|]Farigiraf||ColburBerry|ArmorTail|TrickRoom,Psychic,HelpingHand,Protect|Bold||M|||50|]Mawile||Mawilite|HyperCutter|IronHead,PlayRough,SwordsDance,Protect|Adamant||F|||50|
|inactive|Battle timer is ON: inactive players will automatically lose when time's up. (requested by namboyVGC)
|
|t:|1784319132
|teamsize|p1|4
|teamsize|p2|4
|start
|switch|p1a: Tyranitar|Tyranitar, L50, F|100/100
|switch|p1b: Gholdengo|Gholdengo, L50|100/100
|switch|p2a: Farigiraf|Farigiraf, L50, M|100/100
|switch|p2b: Fat Man|Snorlax, L50, M|100/100
|-weather|Sandstorm|[from] ability: Sand Stream|[of] p1a: Tyranitar
|turn|1
|
|t:|1784319149
|detailschange|p1a: Tyranitar|Tyranitar-Mega, L50, F
|-mega|p1a: Tyranitar|Tyranitar|Tyranitarite
|move|p2a: Farigiraf|Protect|p2a: Farigiraf
|-singleturn|p2a: Farigiraf|Protect
|move|p1a: Tyranitar|Knock Off|p2a: Farigiraf
|-activate|p2a: Farigiraf|move: Protect
|move|p1b: Gholdengo|Make It Rain|p2a: Farigiraf|[spread] p2b
|-activate|p2a: Farigiraf|move: Protect
|-damage|p2b: Fat Man|66/100
|-unboost|p1b: Gholdengo|spa|2
|-damage|p1b: Gholdengo|90/100|[from] item: Life Orb
|move|p2b: Fat Man|Earthquake|p1a: Tyranitar|[spread] p1a,p1b
|-activate|p2a: Farigiraf|move: Protect
|-supereffective|p1a: Tyranitar|1
|-supereffective|p1b: Gholdengo|1
|-damage|p1a: Tyranitar|66/100
|-damage|p1b: Gholdengo|46/100
|
|-weather|Sandstorm|[upkeep]
|-damage|p2a: Farigiraf|93/100|[from] Sandstorm
|-damage|p2b: Fat Man|60/100|[from] Sandstorm
|upkeep
|turn|2
|
|t:|1784319172
|switch|p1b: Sinistcha|Sinistcha, L50|100/100
|-heal|p1a: Tyranitar|91/100|[from] ability: Hospitality|[of] p1b: Sinistcha
|move|p1a: Tyranitar|Rock Slide|p2b: Fat Man|[spread] p2a,p2b
|-damage|p2a: Farigiraf|71/100
|-damage|p2b: Fat Man|26/100
|-enditem|p2b: Fat Man|Sitrus Berry|[eat]
|-heal|p2b: Fat Man|51/100|[from] item: Sitrus Berry
|cant|p2b: Fat Man|flinch
|move|p2a: Farigiraf|Trick Room|p2a: Farigiraf
|-fieldstart|move: Trick Room|[of] p2a: Farigiraf
|
|-weather|Sandstorm|[upkeep]
|-damage|p2b: Fat Man|45/100|[from] Sandstorm
|-damage|p2a: Farigiraf|64/100|[from] Sandstorm
|-damage|p1b: Sinistcha|94/100|[from] Sandstorm
|upkeep
|turn|3
|
|t:|1784319200
|move|p2a: Farigiraf|Helping Hand|p2b: Fat Man
|-singleturn|p2b: Fat Man|Helping Hand|[of] p2a: Farigiraf
|move|p2b: Fat Man|Earthquake|p1b: Sinistcha|[spread] p2a,p1a,p1b
|-supereffective|p1a: Tyranitar|1
|-resisted|p1b: Sinistcha|1
|-damage|p2a: Farigiraf|34/100
|-damage|p1a: Tyranitar|44/100
|-damage|p1b: Sinistcha|78/100
|move|p1b: Sinistcha|Matcha Gotcha|p2a: Farigiraf|[spread] p2a,p2b
|-crit|p2b: Fat Man
|-damage|p2a: Farigiraf|11/100
|-heal|p1b: Sinistcha|93/100|[from] drain|[of] p2a: Farigiraf
|-damage|p2b: Fat Man|25/100
|-heal|p1b: Sinistcha|100/100|[from] drain|[of] p2b: Fat Man
|-status|p2b: Fat Man|brn
|move|p1a: Tyranitar|Knock Off|p2a: Farigiraf
|-supereffective|p2a: Farigiraf|1
|-enditem|p2a: Farigiraf|Colbur Berry|[eat]
|-enditem|p2a: Farigiraf|Colbur Berry|[weaken]
|-damage|p2a: Farigiraf|0 fnt
|faint|p2a: Farigiraf
|
|-weather|Sandstorm|[upkeep]
|-damage|p2b: Fat Man|19/100 brn|[from] Sandstorm
|-damage|p1b: Sinistcha|94/100|[from] Sandstorm
|-damage|p2b: Fat Man|13/100 brn|[from] brn
|upkeep
|
|t:|1784319222
|switch|p2a: Gengar|Gengar, L50, F, shiny|100/100
|turn|4
|
|t:|1784319236
|detailschange|p2a: Gengar|Gengar-Mega, L50, F, shiny
|-mega|p2a: Gengar|Gengar|Gengarite
|move|p2b: Fat Man|Double-Edge|p1a: Tyranitar
|-resisted|p1a: Tyranitar|1
|-damage|p1a: Tyranitar|35/100
|-damage|p2b: Fat Man|10/100 brn|[from] Recoil
|move|p1b: Sinistcha|Shadow Ball|p2a: Gengar
|-supereffective|p2a: Gengar|1
|-damage|p2a: Gengar|26/100
|move|p1a: Tyranitar|Knock Off|p2a: Gengar
|-supereffective|p2a: Gengar|1
|-damage|p2a: Gengar|0 fnt
|faint|p2a: Gengar
|
|-weather|Sandstorm|[upkeep]
|-damage|p2b: Fat Man|5/100 brn|[from] Sandstorm
|-damage|p1b: Sinistcha|88/100|[from] Sandstorm
|-damage|p2b: Fat Man|0 fnt|[from] brn
|faint|p2b: Fat Man
|upkeep
|
|t:|1784319254
|switch|p2a: Kingambit|Kingambit, L50, M|100/100
|-activate|p2a: Kingambit|ability: Supreme Overlord
|-start|p2a: Kingambit|fallen3|[silent]
|turn|5
|
|t:|1784319265
|move|p2a: Kingambit|Protect|p2a: Kingambit
|-singleturn|p2a: Kingambit|Protect
|move|p1b: Sinistcha|Matcha Gotcha|p2a: Kingambit
|-activate|p2a: Kingambit|move: Protect
|move|p1a: Tyranitar|High Horsepower|p2a: Kingambit
|-activate|p2a: Kingambit|move: Protect
|
|-weather|none
|upkeep
|turn|6
|
|t:|1784319288
|move|p1b: Sinistcha|Rage Powder|p1b: Sinistcha
|-singleturn|p1b: Sinistcha|move: Rage Powder
|move|p2a: Kingambit|Iron Head|p1b: Sinistcha
|-damage|p1b: Sinistcha|24/100
|-damage|p2a: Kingambit|90/100|[from] item: Life Orb
|move|p1a: Tyranitar|High Horsepower|p2a: Kingambit
|-supereffective|p2a: Kingambit|1
|-damage|p2a: Kingambit|22/100
|
|-fieldend|move: Trick Room
|upkeep
|turn|7
|
|t:|1784319300
|move|p1a: Tyranitar|High Horsepower|p2a: Kingambit
|-supereffective|p2a: Kingambit|1
|-damage|p2a: Kingambit|0 fnt
|faint|p2a: Kingambit
|-end|p2a: Kingambit|fallen3|[silent]
|
|win|namboyVGC
|raw|namboyVGC's rating: 1115 → 1137(+22 for winning)
|raw|tjauny's rating: 1079 → 1059(-20 for losing)
