|j|☆FunkleVGC
|j|☆DttDMarce
|html|FunkleVGCDttDMarce    
|uhtml|bestof|Game 3 of a best-of-3
|t:|1784813727
|gametype|doubles
|player|p1|FunkleVGC|fisherman-gen4|1221
|player|p2|DttDMarce|265|1128
|gen|9
|tier|[Gen 9 Champions] VGC 2026 Reg M-B (Bo3)
|rated|
|rule|Species Clause: Limit one of each Pokémon
|rule|Item Clause: Limit 1 of each item
|clearpoke
|poke|p1|Gyarados, L50, F|
|poke|p1|Talonflame, L50, M|
|poke|p1|Sneasler, L50, M|
|poke|p1|Rotom-Mow, L50|
|poke|p1|Gholdengo, L50|
|poke|p1|Garchomp, L50, M|
|poke|p2|Charizard, L50, F|
|poke|p2|Kingambit, L50, F|
|poke|p2|Sylveon, L50, M|
|poke|p2|Garchomp, L50, F|
|poke|p2|Aerodactyl, L50, M|
|poke|p2|Farigiraf, L50, F|
|teampreview|4
|showteam|p1|Gyarados||Gyaradosite|Intimidate|Waterfall,Crunch,DragonDance,Protect|Adamant||F|||50|]Talonflame||SharpBeak|GaleWings|DualWingbeat,FlareBlitz,Tailwind,Protect|Jolly||M|||50|]Sneasler||FocusSash|PoisonTouch|PoisonJab,CloseCombat,FakeOut,Coaching|Jolly||M|||50|]Rotom-Mow||ChoiceScarf|Levitate|LeafStorm,Thunderbolt,Electroweb,VoltSwitch|Timid|||||50|]Gholdengo||Leftovers|GoodasGold|MakeItRain,ShadowBall,NastyPlot,Protect|Modest|||||50|]Garchomp||LifeOrb|RoughSkin|Earthquake,DragonClaw,RockSlide,Protect|Jolly||M|||50|
|showteam|p2|Charizard||CharizarditeY|SolarPower|Protect,HeatWave,SolarBeam,WeatherBall|Modest||F|||50|]Kingambit||FocusSash|Defiant|IronHead,SuckerPunch,KowtowCleave,LowKick|Adamant||F|||50|]Sylveon||FairyFeather|Pixilate|Detect,HyperVoice,HyperBeam,QuickAttack|Modest||M|||50|]Garchomp||LifeOrb|RoughSkin|Protect,DragonClaw,Earthquake,RockSlide|Jolly||F|||50|]Aerodactyl||Aerodactylite|Unnerve|IceFang,RockSlide,Tailwind,DualWingbeat|Jolly||M|||50|]Farigiraf||SitrusBerry|ArmorTail|TrickRoom,Psychic,Thunderbolt,Roar|Bold||F|||50|
|inactive|Battle timer is ON: inactive players will automatically lose when time's up. (requested by FunkleVGC)
|inactive|DttDMarce has 60 seconds left.
|
|t:|1784813795
|teamsize|p1|4
|teamsize|p2|4
|start
|switch|p1a: Gyarados|Gyarados, L50, F|100/100
|switch|p1b: Rotom|Rotom-Mow, L50|100/100
|switch|p2a: Farigiraf|Farigiraf, L50, F|100/100
|switch|p2b: Garchomp|Garchomp, L50, F|100/100
|-ability|p1a: Gyarados|Intimidate|boost
|-unboost|p2a: Farigiraf|atk|1
|-unboost|p2b: Garchomp|atk|1
|turn|1
|
|t:|1784813817
|switch|p2a: Sylveon|Sylveon, L50, M|100/100
|detailschange|p1a: Gyarados|Gyarados-Mega, L50, F
|-mega|p1a: Gyarados|Gyarados|Gyaradosite
|-ability|p1a: Gyarados|Mold Breaker
|move|p1b: Rotom|Leaf Storm|p2b: Garchomp
|-damage|p2b: Garchomp|33/100
|-unboost|p1b: Rotom|spa|2
|move|p2b: Garchomp|Dragon Claw|p1a: Gyarados
|-damage|p1a: Gyarados|72/100
|-damage|p2b: Garchomp|24/100|[from] item: Life Orb
|move|p1a: Gyarados|Dragon Dance|p1a: Gyarados
|-boost|p1a: Gyarados|atk|1
|-boost|p1a: Gyarados|spe|1
|
|upkeep
|turn|2
|inactive|FunkleVGC has 30 seconds left.
|
|t:|1784813843
|switch|p2b: Farigiraf|Farigiraf, L50, F|100/100
|move|p1a: Gyarados|Protect|p1a: Gyarados
|-singleturn|p1a: Gyarados|Protect
|move|p2a: Sylveon|Detect|p2a: Sylveon
|-singleturn|p2a: Sylveon|Protect
|move|p1b: Rotom|Leaf Storm|p2b: Farigiraf
|-damage|p2b: Farigiraf|74/100
|-unboost|p1b: Rotom|spa|2
|
|upkeep
|turn|3
|
|t:|1784813865
|switch|p1b: Talonflame|Talonflame, L50, M|100/100
|move|p1a: Gyarados|Crunch|p2b: Farigiraf
|-supereffective|p2b: Farigiraf|1
|-damage|p2b: Farigiraf|0 fnt
|faint|p2b: Farigiraf
|move|p2a: Sylveon|Hyper Voice|p1a: Gyarados|[spread] p1a,p1b
|-supereffective|p1a: Gyarados|1
|-resisted|p1b: Talonflame|1
|-damage|p1a: Gyarados|0 fnt
|-damage|p1b: Talonflame|65/100
|faint|p1a: Gyarados
|
|upkeep
|
|t:|1784813882
|switch|p1a: Garchomp|Garchomp, L50, M|100/100
|switch|p2b: Garchomp|Garchomp, L50, F|24/100
|turn|4
|inactive|DttDMarce has 30 seconds left.
|
|t:|1784813909
|switch|p2b: Charizard|Charizard, L50, F|100/100
|move|p2a: Sylveon|Detect|p2a: Sylveon
|-singleturn|p2a: Sylveon|Protect
|move|p1b: Talonflame|Tailwind|p1b: Talonflame
|-sidestart|p1: FunkleVGC|move: Tailwind
|move|p1a: Garchomp|Earthquake|p2a: Sylveon|[spread] 
|-activate|p2a: Sylveon|move: Protect
|-immune|p1b: Talonflame
|-immune|p2b: Charizard
|
|upkeep
|turn|5
|
|t:|1784813927
|detailschange|p2b: Charizard|Charizard-Mega-Y, L50, F
|-mega|p2b: Charizard|Charizard|Charizardite Y
|-weather|SunnyDay|[from] ability: Drought|[of] p2b: Charizard
|move|p2b: Charizard|Protect|p2b: Charizard
|-singleturn|p2b: Charizard|Protect
|move|p1b: Talonflame|Flare Blitz|p2a: Sylveon
|-damage|p2a: Sylveon|18/100
|-damage|p1b: Talonflame|34/100|[from] Recoil
|move|p1a: Garchomp|Rock Slide|p2a: Sylveon|[spread] p2a
|-activate|p2b: Charizard|move: Protect
|-crit|p2a: Sylveon
|-damage|p2a: Sylveon|0 fnt
|faint|p2a: Sylveon
|-damage|p1a: Garchomp|90/100|[from] item: Life Orb
|
|-weather|SunnyDay|[upkeep]
|upkeep
|
|t:|1784813930
|switch|p2a: Garchomp|Garchomp, L50, F|24/100
|turn|6
|
|t:|1784813946
|move|p1b: Talonflame|Dual Wingbeat|p2a: Garchomp
|-damage|p2a: Garchomp|4/100
|-damage|p1b: Talonflame|21/100|[from] ability: Rough Skin|[of] p2a: Garchomp
|-damage|p2a: Garchomp|0 fnt
|-damage|p1b: Talonflame|9/100|[from] ability: Rough Skin|[of] p2a: Garchomp
|faint|p2a: Garchomp
|-hitcount|p2: Garchomp|2
|move|p1a: Garchomp|Rock Slide|p2b: Charizard
|-supereffective|p2b: Charizard|2
|-damage|p2b: Charizard|0 fnt
|faint|p2b: Charizard
|-damage|p1a: Garchomp|80/100|[from] item: Life Orb
|
|win|FunkleVGC
|raw|FunkleVGC's rating: 1221 → 1239(+18 for winning)
|raw|DttDMarce's rating: 1128 → 1110(-18 for losing)
|l|☆FunkleVGC
|player|p1|
