|j|☆TJP195
|j|☆Quill86
|html|TJP195Quill86    
|uhtml|bestof|Game 1 of a best-of-3
|t:|1757693620
|gametype|doubles
|player|p1|TJP195|rocketgrunt|1201
|player|p2|Quill86|lucas|1221
|gen|9
|tier|[Gen 9] VGC 2025 Reg H (Bo3)
|rated|
|rule|Species Clause: Limit one of each Pokémon
|rule|Item Clause: Limit 1 of each item
|clearpoke
|poke|p1|Braviary-Hisui, L50, M|
|poke|p1|Ursaluna, L50, M|
|poke|p1|Indeedee-F, L50, F|
|poke|p1|Scrafty, L50, M|
|poke|p1|Meowstic, L50, M|
|poke|p1|Volcarona, L50, M|
|poke|p2|Incineroar, L50, M|
|poke|p2|Gholdengo, L50|
|poke|p2|Ursaluna-Bloodmoon, L50, M|
|poke|p2|Indeedee-F, L50, F|
|poke|p2|Gallade, L50, M|
|poke|p2|Torkoal, L50, M|
|teampreview|4
|showteam|p1|Braviary-Hisui||ChoiceSpecs|TintedLens|ExpandingForce,HeatWave,Snarl,Hurricane|||M|||50|,,,,,Psychic]Ursaluna||FlameOrb|Guts|Facade,Protect,HeadlongRush,Earthquake|||M|||50|,,,,,Ghost]Indeedee-F||SafetyGoggles|PsychicSurge|TrickRoom,FollowMe,HelpingHand,DazzlingGleam|||F|||50|,,,,,Fairy]Scrafty||AssaultVest|Intimidate|CloseCombat,KnockOff,PoisonJab,RockSlide|||M|||50|,,,,,Poison]Meowstic||MentalHerb|Prankster|PsychicTerrain,TrickRoom,LightScreen,RainDance|||M|||50|,,,,,Grass]Volcarona||RockyHelmet|FlameBody|RagePowder,Protect,FieryDance,GigaDrain|||M|||50|,,,,,Grass
|showteam|p2|Incineroar||SafetyGoggles|Intimidate|FakeOut,FlareBlitz,KnockOff,PartingShot|||M|||50|,,,,,Ghost]Gholdengo||SitrusBerry|GoodasGold|MakeItRain,ShadowBall,NastyPlot,Protect||||||50|,,,,,Water]Ursaluna-Bloodmoon||LifeOrb|MindsEye|BloodMoon,HyperVoice,EarthPower,Protect|||M|||50|,,,,,Normal]Indeedee-F||PsychicSeed|PsychicSurge|FollowMe,TrickRoom,HelpingHand,DazzlingGleam|||F|||50|,,,,,Fairy]Gallade||ClearAmulet|Sharpness|SacredSword,PsychoCut,WideGuard,TrickRoom|||M|||50|,,,,,Grass]Torkoal||Leftovers|Drought|Eruption,WeatherBall,Yawn,Protect|||M|||50|,,,,,Fire
|inactive|Battle timer is ON: inactive players will automatically lose when time's up. (requested by Quill86)
|
|t:|1757693667
|teamsize|p1|4
|teamsize|p2|4
|start
|switch|p1a: Meowstic|Meowstic, L50, M, shiny|100/100
|switch|p1b: Braviary|Braviary-Hisui, L50, M, shiny|100/100
|switch|p2a: Incineroar|Incineroar, L50, M|100/100
|switch|p2b: Gholdengo|Gholdengo, L50|100/100
|-ability|p2a: Incineroar|Intimidate|boost
|-unboost|p1a: Meowstic|atk|1
|-unboost|p1b: Braviary|atk|1
|turn|1
|inactive|Quill86 has 30 seconds left.
|
|t:|1757693697
|switch|p1b: Scrafty|Scrafty, L50, M, shiny|100/100
|-ability|p1b: Scrafty|Intimidate|boost
|-unboost|p2a: Incineroar|atk|1
|-unboost|p2b: Gholdengo|atk|1
|move|p2a: Incineroar|Fake Out|p1b: Scrafty
|-damage|p1b: Scrafty|94/100
|move|p2b: Gholdengo|Nasty Plot|p2b: Gholdengo
|-boost|p2b: Gholdengo|spa|2
|move|p1a: Meowstic|Trick Room|p1a: Meowstic
|-fieldstart|move: Trick Room|[of] p1a: Meowstic
|
|upkeep
|turn|2
|inactive|TJP195 has 30 seconds left.
|
|t:|1757693727
|-terastallize|p2b: Gholdengo|Water
|move|p1a: Meowstic|Light Screen|p1a: Meowstic
|-sidestart|p1: TJP195|move: Light Screen
|move|p1b: Scrafty|Close Combat|p2a: Incineroar
|-supereffective|p2a: Incineroar
|-damage|p2a: Incineroar|25/100
|-unboost|p1b: Scrafty|def|1
|-unboost|p1b: Scrafty|spd|1
|move|p2a: Incineroar|Parting Shot|p1b: Scrafty
|-unboost|p1b: Scrafty|atk|1
|-unboost|p1b: Scrafty|spa|1
|
|t:|1757693736
|switch|p2a: Torkoal|Torkoal, L50, M|100/100|[from] Parting Shot
|-weather|SunnyDay|[from] ability: Drought|[of] p2a: Torkoal
|move|p2b: Gholdengo|Make It Rain|p1b: Scrafty|[spread] p1a,p1b
|-damage|p1a: Meowstic|31/100
|-damage|p1b: Scrafty|38/100
|-unboost|p2b: Gholdengo|spa|1
|
|-weather|SunnyDay|[upkeep]
|upkeep
|turn|3
|
|t:|1757693752
|move|p1a: Meowstic|Rain Dance|p1a: Meowstic
|-weather|RainDance
|move|p2a: Torkoal|Eruption|p1a: Meowstic|[spread] p1a,p1b
|-damage|p1a: Meowstic|14/100
|-damage|p1b: Scrafty|24/100
|move|p1b: Scrafty|Knock Off|p2a: Torkoal
|-damage|p2a: Torkoal|80/100
|-enditem|p2a: Torkoal|Leftovers|[from] move: Knock Off|[of] p1b: Scrafty
|move|p2b: Gholdengo|Shadow Ball|p1a: Meowstic
|-supereffective|p1a: Meowstic
|-damage|p1a: Meowstic|0 fnt
|faint|p1a: Meowstic
|
|-weather|RainDance|[upkeep]
|upkeep
|
|t:|1757693761
|switch|p1a: Braviary|Braviary-Hisui, L50, M, shiny|100/100
|turn|4
|
|t:|1757693771
|switch|p2a: Incineroar|Incineroar, L50, M|25/100
|-ability|p2a: Incineroar|Intimidate|boost
|-unboost|p1a: Braviary|atk|1
|-unboost|p1b: Scrafty|atk|1
|switch|p1b: Ursaluna|Ursaluna, L50, M, shiny|100/100
|-terastallize|p1a: Braviary|Psychic
|move|p1a: Braviary|Expanding Force|p2a: Incineroar
|-immune|p2a: Incineroar
|move|p2b: Gholdengo|Make It Rain|p1a: Braviary|[spread] p1a,p1b
|-damage|p1a: Braviary|53/100
|-damage|p1b: Ursaluna|67/100
|-unboost|p2b: Gholdengo|spa|1
|
|-weather|RainDance|[upkeep]
|-status|p1b: Ursaluna|brn|[from] item: Flame Orb
|upkeep
|turn|5
|
|t:|1757693790
|move|p2a: Incineroar|Fake Out|p1b: Ursaluna
|-damage|p1b: Ursaluna|57/100 brn
|cant|p1b: Ursaluna|flinch
|move|p1a: Braviary|Expanding Force|p2b: Gholdengo
|-damage|p2b: Gholdengo|20/100
|-enditem|p2b: Gholdengo|Sitrus Berry|[eat]
|-heal|p2b: Gholdengo|45/100|[from] item: Sitrus Berry
|move|p2b: Gholdengo|Shadow Ball|p1a: Braviary
|-supereffective|p1a: Braviary
|-damage|p1a: Braviary|0 fnt
|faint|p1a: Braviary
|
|-weather|RainDance|[upkeep]
|-damage|p1b: Ursaluna|51/100 brn|[from] brn
|-fieldend|move: Trick Room
|upkeep
|
|t:|1757693798
|switch|p1a: Scrafty|Scrafty, L50, M, shiny|24/100
|-ability|p1a: Scrafty|Intimidate|boost
|-unboost|p2a: Incineroar|atk|1
|-unboost|p2b: Gholdengo|atk|1
|turn|6
|
|t:|1757693813
|move|p2b: Gholdengo|Make It Rain|p1b: Ursaluna|[spread] p1a,p1b
|-damage|p1a: Scrafty|6/100
|-damage|p1b: Ursaluna|26/100 brn
|-unboost|p2b: Gholdengo|spa|1
|move|p2a: Incineroar|Knock Off|p1b: Ursaluna
|-damage|p1b: Ursaluna|5/100 brn
|-enditem|p1b: Ursaluna|Flame Orb|[from] move: Knock Off|[of] p2a: Incineroar
|move|p1a: Scrafty|Rock Slide|p2a: Incineroar|[spread] p2a,p2b
|-supereffective|p2a: Incineroar
|-crit|p2b: Gholdengo
|-damage|p2a: Incineroar|2/100
|-damage|p2b: Gholdengo|24/100
|move|p1b: Ursaluna|Facade|p2b: Gholdengo
|-damage|p2b: Gholdengo|0 fnt
|faint|p2b: Gholdengo
|
|-weather|RainDance|[upkeep]
|-damage|p1b: Ursaluna|0 fnt|[from] brn
|faint|p1b: Ursaluna
|-sideend|p1: TJP195|move: Light Screen
|upkeep
|
|t:|1757693818
|switch|p2b: Torkoal|Torkoal, L50, M|80/100
|-weather|SunnyDay|[from] ability: Drought|[of] p2b: Torkoal
|turn|7
|-message|TJP195 forfeited.
|
|win|Quill86
||TJP195 is ready for game 2.
||Quill86 is ready for game 2.
|uhtml|next|Next: Game 2 of 3
|l|☆Quill86
|player|p2|
|l|☆TJP195
|player|p1|
|j|☆Quill86
|player|p2|Quill86|lucas|
