|j|☆Pffbear
|j|☆Krushka27
|html|PffbearKrushka27    
|uhtml|bestof|Game 1 of a best-of-3
|t:|1785974047
|gametype|doubles
|player|p1|Pffbear|102|
|player|p2|Krushka27|veteranf|
|gen|9
|tier|[Gen 9 Champions] VGC 2026 Reg M-B (Bo3)
|rule|Species Clause: Limit one of each Pokémon
|rule|Item Clause: Limit 1 of each item
|clearpoke
|poke|p1|Aerodactyl, L50, F|
|poke|p1|Sylveon, L50, F|
|poke|p1|Corviknight, L50, F|
|poke|p1|Samurott-Hisui, L50, F|
|poke|p1|Toxicroak, L50, F|
|poke|p1|Spiritomb, L50, F|
|poke|p2|Mawile, L50, F|
|poke|p2|Morpeko, L50, M|
|poke|p2|Gliscor, L50, M|
|poke|p2|Farigiraf, L50, F|
|poke|p2|Milotic, L50, M|
|poke|p2|Gallade, L50, M|
|teampreview|4
|showteam|p1|Aerodactyl||Aerodactylite|RockHead|RockSlide,Tailwind,DualWingbeat,Protect|Jolly||F|||50|]Sylveon||FairyFeather|Pixilate|HyperVoice,HyperBeam,QuickAttack,Detect|Modest||F|||50|]Corviknight||Leftovers|Pressure|Defog,BraveBird,Roost,Uturn|Relaxed||F|||50|]Samurott-Hisui||BlackGlasses|Sharpness|CeaselessEdge,SacredSword,RazorShell,SuckerPunch|Jolly||F|||50|]Toxicroak||LifeOrb|Anticipation|DrainPunch,GunkShot,SuckerPunch,Protect|Jolly||F|||50|]Spiritomb||SitrusBerry|Pressure|DarkPulse,SuckerPunch,WillOWisp,Protect|Sassy||F|||50|
|showteam|p2|Mawile||Mawilite|Intimidate|IronHead,PlayRough,SuckerPunch,Protect|Brave||F|||50|]Morpeko||FocusSash|HungerSwitch|FakeOut,Protect,AuraWheel,PartingShot|Adamant||M|||50|]Gliscor||SitrusBerry|SandVeil|Crabhammer,DualWingbeat,Protect,Uturn|Adamant||M|||50|]Farigiraf||ColburBerry|ArmorTail|TrickRoom,Psychic,Thunderbolt,DazzlingGleam|Relaxed||F|||50|]Milotic||Leftovers|Competitive|Coil,Hypnosis,Blizzard,HydroPump|Modest||M|||50|]Gallade||LifeOrb|Sharpness|AquaCutter,SacredSword,WideGuard,Protect|Relaxed||M|||50|
|
|t:|1785974079
|teamsize|p1|4
|teamsize|p2|4
|start
|switch|p1a: Aerodactyl|Aerodactyl, L50, F|100/100
|switch|p1b: Spiritomb|Spiritomb, L50, F|100/100
|switch|p2a: Morp|Morpeko, L50, M|100/100
|switch|p2b: Grue The Giraffe|Farigiraf, L50, F|100/100
|-ability|p1b: Spiritomb|Pressure
|turn|1
|
|t:|1785974097
|detailschange|p1a: Aerodactyl|Aerodactyl-Mega, L50, F
|-mega|p1a: Aerodactyl|Aerodactyl|Aerodactylite
|move|p1a: Aerodactyl|Protect|p1a: Aerodactyl
|-singleturn|p1a: Aerodactyl|Protect
|move|p2a: Morp|Aura Wheel|p1a: Aerodactyl
|-activate|p1a: Aerodactyl|move: Protect
|move|p2b: Grue The Giraffe|Thunderbolt|p1a: Aerodactyl
|-activate|p1a: Aerodactyl|move: Protect
|move|p1b: Spiritomb|Dark Pulse|p2b: Grue The Giraffe
|-supereffective|p2b: Grue The Giraffe|1
|-enditem|p2b: Grue The Giraffe|Colbur Berry|[eat]
|-enditem|p2b: Grue The Giraffe|Colbur Berry|[weaken]
|-damage|p2b: Grue The Giraffe|77/100
|
|-formechange|p2a: Morp|Morpeko-Hangry|
|upkeep
|turn|2
|
|t:|1785974118
|switch|p1a: Sylveon|Sylveon, L50, F|100/100
|move|p2a: Morp|Parting Shot|p1a: Sylveon
|-unboost|p1a: Sylveon|atk|1
|-unboost|p1a: Sylveon|spa|1
|
|t:|1785974125
|switch|p2a: Milo|Milotic, L50, M|100/100|[from] Parting Shot
|move|p1b: Spiritomb|Dark Pulse|p2b: Grue The Giraffe
|-supereffective|p2b: Grue The Giraffe|1
|-damage|p2b: Grue The Giraffe|31/100
|move|p2b: Grue The Giraffe|Trick Room|p2b: Grue The Giraffe
|-fieldstart|move: Trick Room|[of] p2b: Grue The Giraffe
|
|upkeep
|turn|3
|
|t:|1785974168
|switch|p2b: Morp|Morpeko, L50, M|100/100
|move|p1a: Sylveon|Detect|p1a: Sylveon
|-singleturn|p1a: Sylveon|Protect
|move|p1b: Spiritomb|Dark Pulse|p2b: Morp
|-resisted|p2b: Morp|1
|-damage|p2b: Morp|72/100
|move|p2a: Milo|Coil|p2a: Milo
|-boost|p2a: Milo|atk|1
|-boost|p2a: Milo|def|1
|-boost|p2a: Milo|accuracy|1
|
|-formechange|p2b: Morp|Morpeko-Hangry|
|upkeep
|turn|4
|
|t:|1785974187
|switch|p1a: Samurott|Samurott-Hisui, L50, F|100/100
|move|p1b: Spiritomb|Protect|p1b: Spiritomb
|-singleturn|p1b: Spiritomb|Protect
|move|p2b: Morp|Fake Out|p1a: Samurott
|-damage|p1a: Samurott|83/100
|move|p2a: Milo|Hydro Pump|p1b: Spiritomb
|-activate|p1b: Spiritomb|move: Protect
|
|-formechange|p2b: Morp|Morpeko|
|upkeep
|turn|5
|
|t:|1785974199
|move|p1b: Spiritomb|Dark Pulse|p2a: Milo
|-damage|p2a: Milo|80/100
|cant|p2a: Milo|flinch
|move|p1a: Samurott|Sacred Sword|p2b: Morp
|-supereffective|p2b: Morp|1
|-damage|p2b: Morp|0 fnt
|faint|p2b: Morp
|
|-heal|p2a: Milo|86/100|[from] item: Leftovers
|upkeep
|
|t:|1785974211
|switch|p2b: Mawie|Mawile, L50, F|100/100
|-ability|p2b: Mawie|Intimidate|boost
|-unboost|p1a: Samurott|atk|1
|-unboost|p1b: Spiritomb|atk|1
|turn|6
|
|t:|1785974227
|detailschange|p2b: Mawie|Mawile-Mega, L50, F
|-mega|p2b: Mawie|Mawile|Mawilite
|move|p1b: Spiritomb|Will-O-Wisp|p2b: Mawie
|-status|p2b: Mawie|brn
|move|p2b: Mawie|Play Rough|p1b: Spiritomb
|-supereffective|p1b: Spiritomb|1
|-damage|p1b: Spiritomb|8/100
|-enditem|p1b: Spiritomb|Sitrus Berry|[eat]
|-heal|p1b: Spiritomb|33/100|[from] item: Sitrus Berry
|move|p2a: Milo|Hypnosis|p1a: Samurott
|-status|p1a: Samurott|slp|[from] move: Hypnosis
|cant|p1a: Samurott|slp
|
|-heal|p2a: Milo|92/100|[from] item: Leftovers
|-damage|p2b: Mawie|94/100 brn|[from] brn
|-fieldend|move: Trick Room
|upkeep
|turn|7
|c|☆Pffbear|wow
|
|t:|1785974263
|move|p1b: Spiritomb|Protect|p1b: Spiritomb
|-singleturn|p1b: Spiritomb|Protect
|cant|p1a: Samurott|slp
|move|p2a: Milo|Blizzard|p1b: Spiritomb|[spread] p1a
|-activate|p1b: Spiritomb|move: Protect
|-resisted|p1a: Samurott|1
|-damage|p1a: Samurott|68/100 slp
|move|p2b: Mawie|Iron Head|p1a: Samurott
|-resisted|p1a: Samurott|1
|-damage|p1a: Samurott|46/100 slp
|
|-heal|p2a: Milo|98/100|[from] item: Leftovers
|-damage|p2b: Mawie|88/100 brn|[from] brn
|upkeep
|turn|8
|c|☆Krushka27|i suckkkk
|c|☆Krushka27|christ
|c|☆Pffbear|same
|c|☆Pffbear|sleep is carrying u rn
|c|☆Krushka27|I KNOW
|c|☆Krushka27|need anything I can get
|c|☆Krushka27|cuz otherwise i'm a quickdrop
|
|t:|1785974299
|-curestatus|p1a: Samurott|slp|[msg]
|move|p1a: Samurott|Sacred Sword|p2a: Milo
|-damage|p2a: Milo|72/100
|move|p2a: Milo|Hydro Pump|p1b: Spiritomb
|-damage|p1b: Spiritomb|0 fnt
|faint|p1b: Spiritomb
|move|p2b: Mawie|Iron Head|p1a: Samurott
|-resisted|p1a: Samurott|1
|-damage|p1a: Samurott|21/100
|
|-heal|p2a: Milo|78/100|[from] item: Leftovers
|-damage|p2b: Mawie|82/100 brn|[from] brn
|upkeep
|c|☆Pffbear|YES
|
|t:|1785974312
|switch|p1b: Aerodactyl|Aerodactyl-Mega, L50, F|100/100
|turn|9
|
|t:|1785974331
|move|p1b: Aerodactyl|Rock Slide|p2a: Milo|[spread] p2a
|-miss|p1b: Aerodactyl|p2b: Mawie
|-damage|p2a: Milo|59/100
|move|p1a: Samurott|Sacred Sword|p2a: Milo
|-damage|p2a: Milo|34/100
|cant|p2a: Milo|flinch
|move|p2b: Mawie|Play Rough|p1a: Samurott
|-supereffective|p1a: Samurott|1
|-damage|p1a: Samurott|0 fnt
|faint|p1a: Samurott
|
|-heal|p2a: Milo|40/100|[from] item: Leftovers
|-damage|p2b: Mawie|77/100 brn|[from] brn
|upkeep
|
|t:|1785974339
|switch|p1a: Sylveon|Sylveon, L50, F|100/100
|turn|10
|
|t:|1785974357
|switch|p2b: Grue The Giraffe|Farigiraf, L50, F|31/100
|move|p1a: Sylveon|Detect|p1a: Sylveon
|-singleturn|p1a: Sylveon|Protect
|move|p1b: Aerodactyl|Dual Wingbeat|p2a: Milo
|-damage|p2a: Milo|23/100
|-damage|p2a: Milo|5/100
|-hitcount|p2a: Milo|2
|move|p2a: Milo|Hydro Pump|p1b: Aerodactyl
|-supereffective|p1b: Aerodactyl|1
|-damage|p1b: Aerodactyl|0 fnt
|faint|p1b: Aerodactyl
|
|-heal|p2a: Milo|11/100|[from] item: Leftovers
|upkeep
|turn|11
|c|☆Pffbear|gg
|
|t:|1785974384
|move|p2a: Milo|Hypnosis|p1a: Sylveon
|-status|p1a: Sylveon|slp|[from] move: Hypnosis
|cant|p1a: Sylveon|slp
|move|p2b: Grue The Giraffe|Psychic|p1a: Sylveon
|-damage|p1a: Sylveon|76/100 slp
|
|-heal|p2a: Milo|17/100|[from] item: Leftovers
|upkeep
|turn|12
|c|☆Pffbear|i hate sleep
|
|t:|1785974395
|move|p2a: Milo|Hydro Pump|p1a: Sylveon
|-damage|p1a: Sylveon|41/100 slp
|-curestatus|p1a: Sylveon|slp|[msg]
|move|p1a: Sylveon|Hyper Voice|p2a: Milo|[spread] p2a,p2b
|-damage|p2a: Milo|0 fnt
|-damage|p2b: Grue The Giraffe|0 fnt
|faint|p2a: Milo
|faint|p2b: Grue The Giraffe
|
|upkeep
|
|t:|1785974405
|switch|p2a: Mawie|Mawile-Mega, L50, F|77/100 brn
|turn|13
|c|☆Pffbear|but now the mawie just kills
|
|t:|1785974414
|move|p1a: Sylveon|Hyper Beam|p2a: Mawie
|-resisted|p2a: Mawie|1
|-damage|p2a: Mawie|24/100 brn
|-mustrecharge|p1a: Sylveon
|move|p2a: Mawie|Iron Head|p1a: Sylveon
|-supereffective|p1a: Sylveon|1
|-crit|p1a: Sylveon
|-damage|p1a: Sylveon|0 fnt
|faint|p1a: Sylveon
|
|win|Krushka27
||Pffbear is ready for game 2.
|inactive|Krushka27 has 30 seconds to confirm battle start!
||Krushka27 is ready for game 2.
|uhtml|next|Next: Game 2 of 3
