|j|☆spruffer
|j|☆xongog
|html|sprufferxongog    
|uhtml|bestof|Game 3 of a best-of-3
|t:|1784919196
|gametype|doubles
|player|p1|spruffer|koga|
|player|p2|xongog|medium|
|gen|9
|tier|[Gen 9 Champions] VGC 2026 Reg M-B (Bo3)
|rule|Species Clause: Limit one of each Pokémon
|rule|Item Clause: Limit 1 of each item
|clearpoke
|poke|p1|Basculegion, L50, M, shiny|
|poke|p1|Tyranitar, L50, F|
|poke|p1|Dragonite, L50, F|
|poke|p1|Raichu, L50, F|
|poke|p1|Sableye, L50, M|
|poke|p1|Floette-Eternal, L50, F|
|poke|p2|Archaludon, L50, F|
|poke|p2|Politoed, L50, M|
|poke|p2|Swampert, L50, F|
|poke|p2|Overqwil, L50, M|
|poke|p2|Heliolisk, L50, M|
|poke|p2|Klefki, L50, F|
|teampreview|4
|showteam|p1|Basculegion||LifeOrb|Adaptability|LastRespects,WaveCrash,AquaJet,Protect|Jolly||M|||50|]Tyranitar||ChoiceScarf|SandStream|RockSlide,FirePunch,BodyPress,HeavySlam|Jolly||F|||50|]Dragonite||DragonFang|Multiscale|DragonClaw,DragonDance,ExtremeSpeed,Protect|Adamant||F|||50|]Raichu||RaichuniteY|LightningRod|FakeOut,Thunderbolt,ZapCannon,Protect|Modest||F|||50|]Sableye||Sablenite|Prankster|Encore,FoulPlay,Reflect,LightScreen|Serious||M|||50|]Floette-Eternal||Floettite|FlowerVeil|DazzlingGleam,Psychic,CalmMind,Protect|Bold||F|||50|
|showteam|p2|Archaludon||Leftovers|Stamina|FlashCannon,ElectroShot,Protect,AuraSphere|Serious||F|||50|]Politoed||SitrusBerry|Drizzle|WeatherBall,Protect,PerishSong,RainDance|Sassy||M|||50|]Swampert||Swampertite|Torrent|WaveCrash,KnockOff,Protect,RockSlide|Adamant||F|||50|]Overqwil||ExpertBelt|SwiftSwim|Liquidation,ThroatChop,PoisonJab,Protect|Jolly||M|||50|]Heliolisk||ChoiceScarf|DrySkin|VoltSwitch,Surf,DarkPulse,HyperVoice|Modest||M|||50|]Klefki||LightClay|Prankster|DazzlingGleam,LightScreen,Reflect,ThunderWave|Calm||F|||50|
|j| presidentperssson
|j| RunningRad
|j| amarokay
|j| brtsz
|j| SneakyEne
|
|t:|1784919308
|teamsize|p1|4
|teamsize|p2|4
|start
|switch|p1a: Sableye|Sableye, L50, M|100/100
|switch|p1b: Raichu|Raichu, L50, F|100/100
|switch|p2a: Klefki|Klefki, L50, F|100/100
|switch|p2b: Politoed|Politoed, L50, M|100/100
|-weather|RainDance|[from] ability: Drizzle|[of] p2b: Politoed
|turn|1
|j| quasmosis
|
|t:|1784919351
|switch|p2b: Swampert|Swampert, L50, F|100/100
|move|p1b: Raichu|Fake Out|p2a: Klefki
|-resisted|p2a: Klefki|1
|-damage|p2a: Klefki|95/100
|cant|p2a: Klefki|flinch
|move|p1a: Sableye|Light Screen|p1a: Sableye
|-sidestart|p1: spruffer|move: Light Screen
|
|-weather|RainDance|[upkeep]
|upkeep
|turn|2
|
|t:|1784919384
|detailschange|p2b: Swampert|Swampert-Mega, L50, F
|-mega|p2b: Swampert|Swampert|Swampertite
|move|p1b: Raichu|Protect|p1b: Raichu
|-singleturn|p1b: Raichu|Protect
|move|p2b: Swampert|Wave Crash|p1b: Raichu
|-activate|p1b: Raichu|move: Protect
|move|p2a: Klefki|Dazzling Gleam|p1a: Sableye|[spread] p1a
|-activate|p1b: Raichu|move: Protect
|-supereffective|p1a: Sableye|1
|-damage|p1a: Sableye|66/100
|move|p1a: Sableye|Foul Play|p2b: Swampert
|-damage|p2b: Swampert|55/100
|
|-weather|RainDance|[upkeep]
|upkeep
|turn|3
|
|t:|1784919460
|switch|p1b: Basculegion|Basculegion, L50, M, shiny|100/100
|move|p2a: Klefki|Light Screen|p2a: Klefki
|-sidestart|p2: xongog|move: Light Screen
|move|p2b: Swampert|Wave Crash|p1a: Sableye
|-damage|p1a: Sableye|0 fnt
|faint|p1a: Sableye
|-damage|p2b: Swampert|38/100|[from] Recoil
|
|-weather|RainDance|[upkeep]
|upkeep
|
|t:|1784919504
|switch|p1a: Raichu|Raichu, L50, F|100/100
|turn|4
|
|t:|1784919515
|detailschange|p1a: Raichu|Raichu-Mega-Y, L50, F
|-mega|p1a: Raichu|Raichu|Raichunite Y
|move|p2b: Swampert|Protect|p2b: Swampert
|-singleturn|p2b: Swampert|Protect
|move|p1a: Raichu|Fake Out|p2a: Klefki
|-resisted|p2a: Klefki|1
|-damage|p2a: Klefki|90/100
|move|p1b: Basculegion|Aqua Jet|p2b: Swampert
|-activate|p2b: Swampert|move: Protect
|cant|p2a: Klefki|flinch
|
|-weather|RainDance|[upkeep]
|upkeep
|turn|5
|
|t:|1784919579
|move|p1a: Raichu|Protect|p1a: Raichu
|-singleturn|p1a: Raichu|Protect
|move|p1b: Basculegion|Aqua Jet|p2b: Swampert
|-damage|p2b: Swampert|0 fnt
|faint|p2b: Swampert
|-damage|p1b: Basculegion|90/100|[from] item: Life Orb
|move|p2a: Klefki|Reflect|p2a: Klefki
|-sidestart|p2: xongog|Reflect
|
|-weather|none
|-sideend|p1: spruffer|move: Light Screen
|upkeep
|
|t:|1784919594
|switch|p2b: Politoed|Politoed, L50, M|100/100
|-weather|RainDance|[from] ability: Drizzle|[of] p2b: Politoed
|turn|6
|
|t:|1784919611
|move|p1a: Raichu|Zap Cannon|p2a: Klefki
|-damage|p2a: Klefki|46/100
|-status|p2a: Klefki|par
|move|p1b: Basculegion|Last Respects|p2b: Politoed
|-damage|p2b: Politoed|36/100
|-enditem|p2b: Politoed|Sitrus Berry|[eat]
|-heal|p2b: Politoed|61/100|[from] item: Sitrus Berry
|-damage|p1b: Basculegion|80/100|[from] item: Life Orb
|move|p2b: Politoed|Weather Ball|p1a: Raichu
|-damage|p1a: Raichu|18/100
|move|p2a: Klefki|Dazzling Gleam|p1b: Basculegion|[spread] p1a,p1b
|-damage|p1a: Raichu|0 fnt
|-damage|p1b: Basculegion|61/100
|faint|p1a: Raichu
|
|-weather|RainDance|[upkeep]
|upkeep
|
|t:|1784919625
|switch|p1a: Dragonite|Dragonite, L50, F|100/100
|turn|7
|
|t:|1784919653
|move|p2a: Klefki|Thunder Wave|p1b: Basculegion|[miss]
|-miss|p2a: Klefki|p1b: Basculegion
|move|p1b: Basculegion|Last Respects|p2b: Politoed
|-damage|p2b: Politoed|0 fnt
|faint|p2b: Politoed
|-damage|p1b: Basculegion|52/100|[from] item: Life Orb
|move|p1a: Dragonite|Dragon Dance|p1a: Dragonite
|-boost|p1a: Dragonite|atk|1
|-boost|p1a: Dragonite|spe|1
|
|-weather|RainDance|[upkeep]
|upkeep
|
|t:|1784919660
|switch|p2b: Archaludon|Archaludon, L50, F|100/100
|turn|8
|c|☆xongog|fucked up miss
|
|t:|1784919721
|move|p1a: Dragonite|Dragon Claw|p2b: Archaludon
|-damage|p2b: Archaludon|63/100
|-ability|p2b: Archaludon|Stamina|boost
|-boost|p2b: Archaludon|def|1
|move|p1b: Basculegion|Last Respects|p2b: Archaludon
|-damage|p2b: Archaludon|24/100
|-ability|p2b: Archaludon|Stamina|boost
|-boost|p2b: Archaludon|def|1
|-damage|p1b: Basculegion|42/100|[from] item: Life Orb
|move|p2b: Archaludon|Electro Shot||[still]
|-prepare|p2b: Archaludon|Electro Shot
|-boost|p2b: Archaludon|spa|1
|-anim|p2b: Archaludon|Electro Shot|p1b: Basculegion
|-supereffective|p1b: Basculegion|1
|-damage|p1b: Basculegion|0 fnt
|faint|p1b: Basculegion
|move|p2a: Klefki|Dazzling Gleam|p1a: Dragonite
|-supereffective|p1a: Dragonite|1
|-damage|p1a: Dragonite|75/100
|
|-weather|RainDance|[upkeep]
|-heal|p2b: Archaludon|30/100|[from] item: Leftovers
|upkeep
|turn|9
|
|t:|1784919816
|move|p1a: Dragonite|Protect|p1a: Dragonite
|-singleturn|p1a: Dragonite|Protect
|move|p2b: Archaludon|Protect|p2b: Archaludon
|-singleturn|p2b: Archaludon|Protect
|move|p2a: Klefki|Thunder Wave|p1a: Dragonite
|-activate|p1a: Dragonite|move: Protect
|
|-weather|RainDance|[upkeep]
|-heal|p2b: Archaludon|36/100|[from] item: Leftovers
|upkeep
|turn|10
|c|☆spruffer|lowkey this is a gg
|c|☆xongog|many are saying this
|c|☆spruffer|my showdown had your reflect timer at 1 so i tried protecting but it reupdated
|c|☆spruffer|cause light clay
|
|t:|1784919879
|move|p2a: Klefki|Thunder Wave|p1a: Dragonite
|-status|p1a: Dragonite|par
|move|p2b: Archaludon|Electro Shot||[still]
|-prepare|p2b: Archaludon|Electro Shot
|-boost|p2b: Archaludon|spa|1
|-anim|p2b: Archaludon|Electro Shot|p1a: Dragonite
|-damage|p1a: Dragonite|0 fnt
|faint|p1a: Dragonite
|
|win|xongog
|c|☆xongog|gg
|c|☆spruffer|gg
|l| RunningRad
|l| amarokay
|l| SneakyEne
|l|☆spruffer
|player|p1|
|j| SneakyEne
|l| brtsz
|l| SneakyEne
|j|☆spruffer
|player|p1|spruffer|koga|
