|j|☆theraclod
|j|☆15Hugs
|html|theraclod15Hugs    
|uhtml|bestof|Game 1 of a best-of-3
|t:|1786035354
|gametype|doubles
|player|p1|theraclod|rocketgrunt|1047
|player|p2|15Hugs|ingo|1115
|gen|9
|tier|[Gen 9 Champions] VGC 2026 Reg M-B (Bo3)
|rated|
|rule|Species Clause: Limit one of each Pokémon
|rule|Item Clause: Limit 1 of each item
|clearpoke
|poke|p1|Beedrill, L50, M|
|poke|p1|Dragonite, L50, F|
|poke|p1|Talonflame, L50, F|
|poke|p1|Arcanine-Hisui, L50, F|
|poke|p1|Milotic, L50, F|
|poke|p1|Kingambit, L50, M|
|poke|p2|Mawile, L50, M|
|poke|p2|Sneasler, L50, M|
|poke|p2|Raichu, L50, F|
|poke|p2|Hydreigon, L50, F|
|poke|p2|Farigiraf, L50, M, shiny|
|poke|p2|Sinistcha, L50|
|teampreview|4
|showteam|p1|Beedrill||Beedrillite|Sniper|PoisonJab,Uturn,ThroatChop,Protect|Adamant||M|||50|]Dragonite||WhiteHerb|Multiscale|DracoMeteor,Thunder,Hurricane,ExtremeSpeed|Modest||F|||50|]Talonflame||FocusSash|GaleWings|Acrobatics,UpperHand,Tailwind,SunnyDay|Adamant||F|||50|]Arcanine-Hisui||Charcoal|Intimidate|HeatWave,PowerGem,ScorchingSands,Protect|Timid||F|||50|]Milotic||Leftovers|Competitive|Scald,IcyWind,Recover,Protect|Bold||F|||50|]Kingambit||ChopleBerry|Defiant|SuckerPunch,KowtowCleave,Protect,IronHead|Brave||M|||50|
|showteam|p2|Mawile||Mawilite|Intimidate|Protect,PlayRough,IronHead,SuckerPunch|Brave||M|||50|]Sneasler||WhiteHerb|Unburden|FakeOut,RockTomb,CloseCombat,DireClaw|Jolly||M|||50|]Raichu||RaichuniteY|LightningRod|Protect,FakeOut,ZapCannon,FocusBlast|Timid||F|||50|]Hydreigon||ChoiceScarf|Levitate|DracoMeteor,Snarl,DarkPulse,EarthPower|Timid||F|||50|]Farigiraf||SitrusBerry|ArmorTail|TrickRoom,HelpingHand,FoulPlay,Psychic|Quiet||M|||50|]Sinistcha||KasibBerry|Hospitality|TrickRoom,Hex,MatchaGotcha,RagePowder|Modest|||||50|
|inactive|Battle timer is ON: inactive players will automatically lose when time's up. (requested by 15Hugs)
|inactive|15Hugs has 60 seconds left.
|
|t:|1786035450
|teamsize|p1|4
|teamsize|p2|4
|start
|switch|p1a: i last 1 turn|Beedrill, L50, M|100/100
|switch|p1b: Milotic|Milotic, L50, F|100/100
|switch|p2a: Sneasler|Sneasler, L50, M|100/100
|switch|p2b: Farigiraf|Farigiraf, L50, M, shiny|100/100
|turn|1
|inactive|15Hugs has 30 seconds left.
|
|t:|1786035480
|detailschange|p1a: i last 1 turn|Beedrill-Mega, L50, M
|-mega|p1a: i last 1 turn|Beedrill|Beedrillite
|move|p2a: Sneasler|Fake Out|p1b: Milotic
|-damage|p1b: Milotic|86/100
|move|p1a: i last 1 turn|U-turn|p2b: Farigiraf
|-supereffective|p2b: Farigiraf|1
|-damage|p2b: Farigiraf|0 fnt
|faint|p2b: Farigiraf
|
|t:|1786035489
|switch|p1a: Arcanine|Arcanine-Hisui, L50, F|100/100|[from] U-turn
|-ability|p1a: Arcanine|Intimidate|boost
|-unboost|p2a: Sneasler|atk|1
|-enditem|p2a: Sneasler|White Herb
|-clearnegativeboost|p2a: Sneasler|[silent]
|cant|p1b: Milotic|flinch
|
|-heal|p1b: Milotic|91/100|[from] item: Leftovers
|upkeep
|
|t:|1786035504
|switch|p2b: Hydreigon|Hydreigon, L50, F|100/100
|turn|2
|
|t:|1786035512
|move|p1a: Arcanine|Protect|p1a: Arcanine
|-singleturn|p1a: Arcanine|Protect
|move|p2a: Sneasler|Dire Claw|p1b: Milotic
|-damage|p1b: Milotic|53/100
|move|p2b: Hydreigon|Earth Power|p1a: Arcanine
|-activate|p1a: Arcanine|move: Protect
|move|p1b: Milotic|Scald|p2a: Sneasler
|-damage|p2a: Sneasler|49/100
|
|-heal|p1b: Milotic|59/100|[from] item: Leftovers
|upkeep
|turn|3
|inactive|15Hugs has 30 seconds left.
|inactive|15Hugs has 20 seconds left.
|inactive|15Hugs has 15 seconds left.
|inactive|15Hugs has 10 seconds left.
|inactive|15Hugs has 5 seconds left.
|
|t:|1786035564
|move|p2a: Sneasler|Close Combat|p1b: Milotic
|-damage|p1b: Milotic|8/100
|-unboost|p2a: Sneasler|def|1
|-unboost|p2a: Sneasler|spd|1
|move|p2b: Hydreigon|Earth Power|p1a: Arcanine
|-supereffective|p1a: Arcanine|2
|-damage|p1a: Arcanine|0 fnt
|faint|p1a: Arcanine
|move|p1b: Milotic|Recover|p1b: Milotic
|-heal|p1b: Milotic|58/100
|
|-heal|p1b: Milotic|64/100|[from] item: Leftovers
|upkeep
|
|t:|1786035576
|switch|p1a: i last 1 turn|Beedrill-Mega, L50, M|100/100
|turn|4
|
|t:|1786035589
|move|p2a: Sneasler|Rock Tomb|p1a: i last 1 turn
|-supereffective|p1a: i last 1 turn|1
|-damage|p1a: i last 1 turn|0 fnt
|faint|p1a: i last 1 turn
|move|p2b: Hydreigon|Earth Power|p1b: Milotic
|-damage|p1b: Milotic|37/100
|move|p1b: Milotic|Scald|p2a: Sneasler
|-damage|p2a: Sneasler|0 fnt
|faint|p2a: Sneasler
|
|-heal|p1b: Milotic|43/100|[from] item: Leftovers
|upkeep
|
|t:|1786035600
|switch|p1a: Kingambit|Kingambit, L50, M|100/100
|switch|p2a: Raichu|Raichu, L50, F|100/100
|turn|5
|
|t:|1786035622
|detailschange|p2a: Raichu|Raichu-Mega-Y, L50, F
|-mega|p2a: Raichu|Raichu|Raichunite Y
|move|p1a: Kingambit|Protect|p1a: Kingambit
|-singleturn|p1a: Kingambit|Protect
|move|p2a: Raichu|Fake Out|p1a: Kingambit
|-activate|p1a: Kingambit|move: Protect
|move|p2b: Hydreigon|Earth Power|p1a: Kingambit
|-activate|p1a: Kingambit|move: Protect
|move|p1b: Milotic|Recover|p1b: Milotic
|-heal|p1b: Milotic|93/100
|
|-heal|p1b: Milotic|98/100|[from] item: Leftovers
|upkeep
|turn|6
|
|t:|1786035638
|move|p2a: Raichu|Protect|p2a: Raichu
|-singleturn|p2a: Raichu|Protect
|move|p1b: Milotic|Protect|p1b: Milotic
|-singleturn|p1b: Milotic|Protect
|move|p1a: Kingambit|Sucker Punch||[still]
|-fail|p1a: Kingambit
|move|p2b: Hydreigon|Earth Power|p1a: Kingambit
|-supereffective|p1a: Kingambit|1
|-damage|p1a: Kingambit|50/100g
|
|-heal|p1b: Milotic|100/100|[from] item: Leftovers
|upkeep
|turn|7
|
|t:|1786035652
|move|p1a: Kingambit|Protect|p1a: Kingambit
|-singleturn|p1a: Kingambit|Protect
|move|p2b: Hydreigon|Earth Power|p1a: Kingambit
|-activate|p1a: Kingambit|move: Protect
|move|p2a: Raichu|Zap Cannon|p1b: Milotic
|-supereffective|p1b: Milotic|1
|-damage|p1b: Milotic|0 fnt
|faint|p1b: Milotic
|
|upkeep
|turn|8
|
|t:|1786035662
|move|p1a: Kingambit|Sucker Punch|p2a: Raichu
|-crit|p2a: Raichu
|-damage|p2a: Raichu|0 fnt
|faint|p2a: Raichu
|move|p2b: Hydreigon|Earth Power|p1a: Kingambit
|-supereffective|p1a: Kingambit|1
|-damage|p1a: Kingambit|0 fnt
|faint|p1a: Kingambit
|
|win|15Hugs
||theraclod is ready for game 2.
|l|☆theraclod
|player|p1|
|inactive|15Hugs has 30 seconds to confirm battle start!
