|j|☆sfeb
|j|☆ninha1600
|html|sfebninha1600    
|uhtml|bestof|Game 2 of a best-of-3
|t:|1756364793
|gametype|doubles
|player|p1|sfeb|hilbert|1040
|player|p2|ninha1600|lady|1023
|gen|9
|tier|[Gen 9] VGC 2025 Reg H (Bo3)
|rated|
|rule|Species Clause: Limit one of each Pokémon
|rule|Item Clause: Limit 1 of each item
|clearpoke
|poke|p1|Ninetales-Alola, L50, F|
|poke|p1|Garchomp, L50, M|
|poke|p1|Gholdengo, L50|
|poke|p1|Volcarona, L50, M|
|poke|p1|Mienshao, L50, M|
|poke|p1|Electabuzz, L50, M|
|poke|p2|Maushold, L50|
|poke|p2|Annihilape, L50, M|
|poke|p2|Gholdengo, L50|
|poke|p2|Rillaboom, L50, M|
|poke|p2|Murkrow, L50, F|
|poke|p2|Baxcalibur, L50, F|
|teampreview|4
|showteam|p1|Ninetales-Alola||LightClay|SnowWarning|AuroraVeil,Blizzard,Encore,Moonblast|||F|||50|,,,,,Water]Garchomp||LifeOrb|RoughSkin|Earthquake,DragonClaw,Protect,SwordsDance|||M|||50|,,,,,Ghost]Gholdengo||MetalCoat|GoodasGold|MakeItRain,ShadowBall,NastyPlot,Protect||||||50|,,,,,Dark]Volcarona||SafetyGoggles|FlameBody|HeatWave,GigaDrain,Protect,QuiverDance|||M|||50|,,,,,Grass]Mienshao||FocusSash|InnerFocus|FakeOut,CloseCombat,Taunt,KnockOff|||M|||50|,,,,,Dark]Electabuzz||Eviolite|VitalSpirit|Electroweb,FollowMe,Protect,Thunder|||M|||50|,,,,,Electric
|showteam|p2|Maushold||WideLens|FriendGuard|Protect,FollowMe,PopulationBomb,BeatUp||||||50|,,,,,Ghost]Annihilape||Leftovers|Defiant|RageFist,DrainPunch,Protect,Coaching|||M|||50|,,,,,Electric]Gholdengo||ChoiceSpecs|GoodasGold|MakeItRain,PowerGem,ShadowBall,Thunderbolt||||||50|,,,,,Water]Rillaboom||AssaultVest|GrassySurge|FakeOut,WoodHammer,HighHorsepower,GrassyGlide|||M|||50|,,,,,Fire]Murkrow||Eviolite|Prankster|FoulPlay,Quash,Haze,Tailwind|||F|||50|,,,,,Ghost]Baxcalibur||LoadedDice|ThermalExchange|ScaleShot,IcicleSpear,Protect,IceShard|||F|||50|,,,,,Ghost
|inactive|Battle timer is ON: inactive players will automatically lose when time's up. (requested by sfeb)
|inactive|ninha1600 has 60 seconds left.
|
|t:|1756364842
|teamsize|p1|4
|teamsize|p2|4
|start
|switch|p1a: Ninetales|Ninetales-Alola, L50, F|100/100
|switch|p1b: Mienshao|Mienshao, L50, M|100/100
|switch|p2a: Rillaboom|Rillaboom, L50, M|100/100
|switch|p2b: Baxcalibur|Baxcalibur, L50, F|100/100
|-weather|Snowscape|[from] ability: Snow Warning|[of] p1a: Ninetales
|-fieldstart|move: Grassy Terrain|[from] ability: Grassy Surge|[of] p2a: Rillaboom
|turn|1
|
|t:|1756364867
|switch|p2a: Annihilape|Annihilape, L50, M, shiny|100/100
|move|p2b: Baxcalibur|Protect|p2b: Baxcalibur
|-singleturn|p2b: Baxcalibur|Protect
|move|p1b: Mienshao|Knock Off|p2b: Baxcalibur
|-activate|p2b: Baxcalibur|move: Protect
|move|p1a: Ninetales|Aurora Veil|p1a: Ninetales
|-sidestart|p1: sfeb|move: Aurora Veil
|
|-weather|Snowscape|[upkeep]
|upkeep
|turn|2
|
|t:|1756364890
|-terastallize|p2b: Baxcalibur|Ghost
|move|p1b: Mienshao|Close Combat|p2b: Baxcalibur
|-immune|p2b: Baxcalibur
|move|p1a: Ninetales|Moonblast|p2a: Annihilape
|-supereffective|p2a: Annihilape
|-damage|p2a: Annihilape|32/100
|move|p2a: Annihilape|Coaching|p2b: Baxcalibur
|-boost|p2b: Baxcalibur|atk|1
|-boost|p2b: Baxcalibur|def|1
|move|p2b: Baxcalibur|Scale Shot|p1b: Mienshao
|-damage|p1b: Mienshao|73/100
|-damage|p1b: Mienshao|44/100
|-damage|p1b: Mienshao|19/100
|-damage|p1b: Mienshao|0 fnt
|faint|p1b: Mienshao
|-hitcount|p1: Mienshao|4
|-unboost|p2b: Baxcalibur|def|1
|-boost|p2b: Baxcalibur|spe|1
|
|-weather|Snowscape|[upkeep]
|-heal|p2a: Annihilape|38/100|[from] Grassy Terrain
|-heal|p2a: Annihilape|44/100|[from] item: Leftovers
|upkeep
|
|t:|1756364903
|switch|p1b: Volcarona|Volcarona, L50, M|100/100
|turn|3
|inactive|ninha1600 has 30 seconds left.
|inactive|ninha1600 has 20 seconds left.
|inactive|ninha1600 has 15 seconds left.
|
|t:|1756364946
|move|p2b: Baxcalibur|Scale Shot|p1b: Volcarona
|-crit|p1b: Volcarona
|-damage|p1b: Volcarona|63/100
|-damage|p1b: Volcarona|44/100
|-damage|p1b: Volcarona|27/100
|-damage|p1b: Volcarona|8/100
|-damage|p1b: Volcarona|0 fnt
|faint|p1b: Volcarona
|-hitcount|p1: Volcarona|5
|-unboost|p2b: Baxcalibur|def|1
|-boost|p2b: Baxcalibur|spe|1
|move|p1a: Ninetales|Moonblast|p2a: Annihilape
|-supereffective|p2a: Annihilape
|-damage|p2a: Annihilape|0 fnt
|faint|p2a: Annihilape
|
|-weather|Snowscape|[upkeep]
|upkeep
|
|t:|1756364970
|switch|p1b: Garchomp|Garchomp, L50, M|100/100
|switch|p2a: Rillaboom|Rillaboom, L50, M|100/100
|turn|4
|
|t:|1756364992
|move|p1b: Garchomp|Protect|p1b: Garchomp
|-singleturn|p1b: Garchomp|Protect
|move|p2a: Rillaboom|Fake Out|p1a: Ninetales
|-damage|p1a: Ninetales|92/100
|move|p2b: Baxcalibur|Scale Shot|p1b: Garchomp
|-activate|p1b: Garchomp|move: Protect
|cant|p1a: Ninetales|flinch
|
|-weather|Snowscape|[upkeep]
|-heal|p1a: Ninetales|98/100|[from] Grassy Terrain
|upkeep
|turn|5
|inactive|sfeb has 30 seconds left.
|
|t:|1756365021
|-terastallize|p1b: Garchomp|Ghost
|move|p2b: Baxcalibur|Protect|p2b: Baxcalibur
|-singleturn|p2b: Baxcalibur|Protect
|move|p1a: Ninetales|Blizzard|p2b: Baxcalibur|[spread] p2a
|-activate|p2b: Baxcalibur|move: Protect
|-supereffective|p2a: Rillaboom
|-damage|p2a: Rillaboom|64/100
|move|p1b: Garchomp|Dragon Claw|p2b: Baxcalibur
|-activate|p2b: Baxcalibur|move: Protect
|move|p2a: Rillaboom|Wood Hammer|p1b: Garchomp
|-damage|p1b: Garchomp|57/100
|-damage|p2a: Rillaboom|51/100|[from] ability: Rough Skin|[of] p1b: Garchomp
|-damage|p2a: Rillaboom|38/100|[from] Recoil
|
|-weather|none
|-heal|p1a: Ninetales|100/100|[from] Grassy Terrain
|-heal|p1b: Garchomp|63/100|[from] Grassy Terrain
|-heal|p2a: Rillaboom|44/100|[from] Grassy Terrain
|-fieldend|move: Grassy Terrain
|upkeep
|turn|6
|inactive|sfeb has 30 seconds left.
|inactive|ninha1600 has 30 seconds left.
|inactive|ninha1600 has 20 seconds left.
|inactive|ninha1600 has 15 seconds left.
|
|t:|1756365061
|move|p1b: Garchomp|Protect|p1b: Garchomp
|-singleturn|p1b: Garchomp|Protect
|move|p2b: Baxcalibur|Scale Shot|p1b: Garchomp
|-activate|p1b: Garchomp|move: Protect
|move|p1a: Ninetales|Blizzard|p2b: Baxcalibur|[spread] p2a
|-miss|p1a: Ninetales|p2b: Baxcalibur
|-supereffective|p2a: Rillaboom
|-damage|p2a: Rillaboom|8/100
|move|p2a: Rillaboom|Wood Hammer|p1b: Garchomp
|-activate|p1b: Garchomp|move: Protect
|
|upkeep
|turn|7
|inactive|sfeb has 30 seconds left.
|
|t:|1756365087
|move|p2b: Baxcalibur|Scale Shot|p1b: Garchomp
|-damage|p1b: Garchomp|49/100
|-damage|p1b: Garchomp|36/100
|-damage|p1b: Garchomp|24/100
|-damage|p1b: Garchomp|11/100
|-damage|p1b: Garchomp|0 fnt
|faint|p1b: Garchomp
|-hitcount|p1: Garchomp|5
|-unboost|p2b: Baxcalibur|def|1
|-boost|p2b: Baxcalibur|spe|1
|move|p1a: Ninetales|Moonblast|p2a: Rillaboom
|-damage|p2a: Rillaboom|0 fnt
|faint|p2a: Rillaboom
|
|upkeep
|
|t:|1756365101
|switch|p2a: Maushold|Maushold, L50|100/100
|turn|8
|
|t:|1756365109
|move|p2b: Baxcalibur|Icicle Spear|p1a: Ninetales
|-resisted|p1a: Ninetales
|-damage|p1a: Ninetales|91/100
|-resisted|p1a: Ninetales
|-damage|p1a: Ninetales|81/100
|-resisted|p1a: Ninetales
|-damage|p1a: Ninetales|72/100
|-resisted|p1a: Ninetales
|-damage|p1a: Ninetales|61/100
|-hitcount|p1a: Ninetales|4
|move|p1a: Ninetales|Blizzard|p2b: Baxcalibur|[spread] p2a,p2b
|-damage|p2a: Maushold|61/100
|-damage|p2b: Baxcalibur|80/100
|move|p2a: Maushold|Population Bomb|p1a: Ninetales
|-damage|p1a: Ninetales|55/100
|-damage|p1a: Ninetales|48/100
|-damage|p1a: Ninetales|41/100
|-damage|p1a: Ninetales|34/100
|-damage|p1a: Ninetales|27/100
|-damage|p1a: Ninetales|20/100
|-damage|p1a: Ninetales|14/100
|-damage|p1a: Ninetales|8/100
|-crit|p1a: Ninetales
|-damage|p1a: Ninetales|0 fnt
|faint|p1a: Ninetales
|-hitcount|p1: Ninetales|9
|
|win|ninha1600
|raw|sfeb's rating: 1040 → 1023(-17 for losing)
|raw|ninha1600's rating: 1023 → 1061(+38 for winning)
|l|☆sfeb
|player|p1|
|c|☆ninha1600|gg
