|j|☆Brendu04
|j|☆cereales testea
|html|Brendu04cereales testea    
|uhtml|bestof|Game 2 of a best-of-3
|t:|1754329844
|gametype|doubles
|player|p1|Brendu04|gambler|1201
|player|p2|cereales testea|tate|1332
|gen|9
|tier|[Gen 9] VGC 2025 Reg H (Bo3)
|rated|
|rule|Species Clause: Limit one of each Pokémon
|rule|Item Clause: Limit 1 of each item
|clearpoke
|poke|p1|Sneasler, L50, M|
|poke|p1|Baxcalibur, L50, M|
|poke|p1|Volcarona, L50, F|
|poke|p1|Rillaboom, L50, M|
|poke|p1|Kingambit, L50, M|
|poke|p1|Dondozo, L50, M|
|poke|p2|Annihilape, L50, M|
|poke|p2|Dragonite, L50, F|
|poke|p2|Gholdengo, L50|
|poke|p2|Electabuzz, L50, F|
|poke|p2|Rillaboom, L50, F|
|poke|p2|Incineroar, L50, F|
|teampreview|4
|showteam|p1|Sneasler||FocusSash|Unburden|FakeOut,CloseCombat,DireClaw,Coaching|||M|||50|,,,,,Ghost]Baxcalibur||LoadedDice|ThermalExchange|Protect,IceShard,ScaleShot,IcicleSpear|||M|||50|,,,,,Ghost]Volcarona||CovertCloak|FlameBody|QuiverDance,HeatWave,TeraBlast,RagePowder|||F|||50|,,,,,Fairy]Rillaboom||AssaultVest|GrassySurge|GrassyGlide,FakeOut,HighHorsepower,WoodHammer|||M|||50|,,,,,Fire]Kingambit||SafetyGoggles|Defiant|Protect,SwordsDance,SuckerPunch,KowtowCleave|||M|||50|,,,,,Dark]Dondozo||Leftovers|Unaware|WaveCrash,Fissure,Yawn,Protect|||M|||50|,,,,,Grass
|showteam|p2|Annihilape||FocusSash|Defiant|Taunt,CloseCombat,RageFist,Coaching|||M|||50|,,,,,Stellar]Dragonite||LoadedDice|Multiscale|Protect,ScaleShot,Haze,ExtremeSpeed|||F|||50|,,,,,Fairy]Gholdengo||SitrusBerry|GoodasGold|MakeItRain,ShadowBall,NastyPlot,Protect||||||50|,,,,,Water]Electabuzz||Eviolite|VitalSpirit|Protect,Electroweb,Taunt,FollowMe|||F|||50|,,,,,Dragon]Rillaboom||AssaultVest|GrassySurge|FakeOut,WoodHammer,HighHorsepower,GrassyGlide|||F|||50|,,,,,Fire]Incineroar||MirrorHerb|Intimidate|FakeOut,PartingShot,FlareBlitz,KnockOff|||F|||50|,,,,,Ghost
|inactive|Battle timer is ON: inactive players will automatically lose when time's up. (requested by Brendu04)
|
|t:|1754329871
|teamsize|p1|4
|teamsize|p2|4
|start
|switch|p1a: Sneasler|Sneasler, L50, M|100/100
|switch|p1b: Baxcalibur|Baxcalibur, L50, M|100/100
|switch|p2a: Gholdengo|Gholdengo, L50|100/100
|switch|p2b: Incineroar|Incineroar, L50, F|100/100
|-ability|p2b: Incineroar|Intimidate|boost
|-unboost|p1a: Sneasler|atk|1
|-unboost|p1b: Baxcalibur|atk|1
|turn|1
|inactive|Brendu04 has 30 seconds left.
|inactive|Brendu04 has 20 seconds left.
|
|t:|1754329909
|switch|p1b: Kingambit|Kingambit, L50, M|100/100
|move|p2b: Incineroar|Fake Out|p1a: Sneasler
|-damage|p1a: Sneasler|81/100
|cant|p1a: Sneasler|flinch
|move|p2a: Gholdengo|Nasty Plot|p2a: Gholdengo
|-boost|p2a: Gholdengo|spa|2
|
|upkeep
|turn|2
|
|t:|1754329926
|-terastallize|p2a: Gholdengo|Water
|move|p1b: Kingambit|Protect|p1b: Kingambit
|-singleturn|p1b: Kingambit|Protect
|move|p1a: Sneasler|Close Combat|p2b: Incineroar
|-supereffective|p2b: Incineroar
|-damage|p2b: Incineroar|24/100
|-unboost|p1a: Sneasler|def|1
|-unboost|p1a: Sneasler|spd|1
|move|p2a: Gholdengo|Make It Rain|p1a: Sneasler|[spread] p1a
|-activate|p1b: Kingambit|move: Protect
|-damage|p1a: Sneasler|0 fnt
|-unboost|p2a: Gholdengo|spa|1
|faint|p1a: Sneasler
|move|p2b: Incineroar|Flare Blitz|p1b: Kingambit
|-activate|p1b: Kingambit|move: Protect
|
|upkeep
|
|t:|1754329934
|switch|p1a: Volcarona|Volcarona, L50, F|100/100
|turn|3
|
|t:|1754329948
|move|p1b: Kingambit|Sucker Punch|p2b: Incineroar
|-resisted|p2b: Incineroar
|-damage|p2b: Incineroar|8/100
|move|p2a: Gholdengo|Shadow Ball|p1a: Volcarona
|-damage|p1a: Volcarona|46/100
|move|p1a: Volcarona|Heat Wave|p2a: Gholdengo|[spread] p2a,p2b
|-resisted|p2a: Gholdengo
|-resisted|p2b: Incineroar
|-damage|p2a: Gholdengo|82/100
|-damage|p2b: Incineroar|0 fnt
|faint|p2b: Incineroar
|
|upkeep
|inactive|cereales testea has 30 seconds left.
|inactive|cereales testea has 20 seconds left.
|
|t:|1754329988
|switch|p2b: Dragonite|Dragonite, L50, F|100/100
|turn|4
|inactive|Brendu04 has 30 seconds left.
|inactive|Brendu04 has 20 seconds left.
|inactive|Brendu04 has 15 seconds left.
|inactive|Brendu04 has 10 seconds left.
|inactive|Brendu04 has 5 seconds left.
|
|t:|1754330043
|move|p1b: Kingambit|Protect|p1b: Kingambit
|-singleturn|p1b: Kingambit|Protect
|move|p2a: Gholdengo|Shadow Ball|p1a: Volcarona
|-damage|p1a: Volcarona|0 fnt
|faint|p1a: Volcarona
|move|p2b: Dragonite|Scale Shot|p1b: Kingambit
|-activate|p1b: Kingambit|move: Protect
|
|upkeep
|
|t:|1754330045
|switch|p1a: Baxcalibur|Baxcalibur, L50, M|100/100
|turn|5
|
|t:|1754330068
|move|p1a: Baxcalibur|Protect|p1a: Baxcalibur
|-singleturn|p1a: Baxcalibur|Protect
|move|p2b: Dragonite|Extreme Speed|p1a: Baxcalibur
|-activate|p1a: Baxcalibur|move: Protect
|move|p2a: Gholdengo|Shadow Ball|p1a: Baxcalibur
|-activate|p1a: Baxcalibur|move: Protect
|move|p1b: Kingambit|Swords Dance|p1b: Kingambit
|-boost|p1b: Kingambit|atk|2
|
|upkeep
|turn|6
|
|t:|1754330092
|-terastallize|p1a: Baxcalibur|Ghost
|move|p2b: Dragonite|Extreme Speed|p1a: Baxcalibur
|-immune|p1a: Baxcalibur
|move|p1b: Kingambit|Sucker Punch|p2a: Gholdengo
|-damage|p2a: Gholdengo|2/100
|-enditem|p2a: Gholdengo|Sitrus Berry|[eat]
|-heal|p2a: Gholdengo|27/100|[from] item: Sitrus Berry
|move|p2a: Gholdengo|Make It Rain|p1a: Baxcalibur|[spread] p1a,p1b
|-resisted|p1b: Kingambit
|-damage|p1a: Baxcalibur|43/100
|-damage|p1b: Kingambit|66/100
|-unboost|p2a: Gholdengo|spa|1
|move|p1a: Baxcalibur|Icicle Spear|p2b: Dragonite
|-supereffective|p2b: Dragonite
|-crit|p2b: Dragonite
|-damage|p2b: Dragonite|52/100
|-supereffective|p2b: Dragonite
|-damage|p2b: Dragonite|0 fnt
|faint|p2b: Dragonite
|-hitcount|p2: Dragonite|2
|
|upkeep
|
|t:|1754330100
|switch|p2b: Annihilape|Annihilape, L50, M, shiny|100/100
|turn|7
|inactive|cereales testea has 30 seconds left.
|inactive|cereales testea has 20 seconds left.
|inactive|cereales testea has 15 seconds left.
|
|t:|1754330141
|move|p1b: Kingambit|Protect|p1b: Kingambit
|-singleturn|p1b: Kingambit|Protect
|move|p2b: Annihilape|Close Combat|p1b: Kingambit
|-activate|p1b: Kingambit|move: Protect
|move|p2a: Gholdengo|Shadow Ball|p1a: Baxcalibur
|-supereffective|p1a: Baxcalibur
|-damage|p1a: Baxcalibur|0 fnt
|faint|p1a: Baxcalibur
|
|upkeep
|turn|8
|
|t:|1754330151
|move|p1b: Kingambit|Sucker Punch|p2b: Annihilape
|-damage|p2b: Annihilape|18/100
|move|p2b: Annihilape|Close Combat|p1b: Kingambit
|-supereffective|p1b: Kingambit
|-damage|p1b: Kingambit|0 fnt
|-unboost|p2b: Annihilape|def|1
|-unboost|p2b: Annihilape|spd|1
|faint|p1b: Kingambit
|
|win|cereales testea
|raw|Brendu04's rating: 1201 → 1185(-16 for losing)
|raw|cereales testea's rating: 1332 → 1345(+13 for winning)
|l|☆Brendu04
|player|p1|
