|j|☆tonsofpax
|j|☆themadshow
|html|tonsofpaxthemadshow    
|uhtml|bestof|Game 2 of a best-of-3
|t:|1756747766
|gametype|doubles
|player|p1|tonsofpax|bellelba|
|player|p2|themadshow|1|
|gen|9
|tier|[Gen 9] VGC 2025 Reg H (Bo3)
|rule|Species Clause: Limit one of each Pokémon
|rule|Item Clause: Limit 1 of each item
|clearpoke
|poke|p1|Indeedee-F, L50, F|
|poke|p1|Oricorio-Sensu, L50, F|
|poke|p1|Tauros-Paldea-Blaze, L50, M|
|poke|p1|Gastrodon-East, L50, F|
|poke|p1|Ribombee, L50, M|
|poke|p1|Raichu, L50, M|
|poke|p2|Torkoal, L50, M|
|poke|p2|Lilligant-Hisui, L50, F|
|poke|p2|Maushold, L50|
|poke|p2|Zebstrika, L50, M|
|poke|p2|Clefairy, L50, M|
|poke|p2|Gastrodon, L50, F|
|teampreview|4
|showteam|p1|Indeedee-F||RockyHelmet|PsychicSurge|FollowMe,TrickRoom,DazzlingGleam,HelpingHand|||F|||50|,,,,,Grass]Oricorio-Sensu||LifeOrb|Dancer|RevelationDance,AirSlash,QuiverDance,Protect|||F|||50|,,,,,Grass]Tauros-Paldea-Blaze||SafetyGoggles|Intimidate|FlareBlitz,CloseCombat,Protect,RagingBull|||M|||50|,,,,,Fire]Gastrodon-East||SitrusBerry|StormDrain|ClearSmog,EarthPower,Yawn,Protect|||F|||50|,,,,,Ghost]Ribombee||FocusSash|ShieldDust|Tailwind,QuiverDance,PollenPuff,Moonblast|||M|||50|,,,,,Fairy]Raichu||AssaultVest|LightningRod|FakeOut,Nuzzle,KnockOff,VoltSwitch|||M|||50|,,,,,Ghost
|showteam|p2|Torkoal||Charcoal|Drought|Protect,Eruption,HeatWave,EarthPower|||M|||50|,,,,,Fire]Lilligant-Hisui||FocusSash|Chlorophyll|AfterYou,SleepPowder,PetalBlizzard,CloseCombat|||F|||50|,,,,,Ghost]Maushold||WideLens|Technician|PopulationBomb,Bite,Feint,Protect||||||50|,,,,,Normal]Zebstrika||LifeOrb|SapSipper|VoltSwitch,HighHorsepower,WildCharge,FlameCharge|||M|||50|,,,,,Ground]Clefairy||Eviolite|FriendGuard|FollowMe,LifeDew,HelpingHand,Protect|||M|||50|,,,,,Ghost]Gastrodon||Leftovers|StormDrain|ClearSmog,IcyWind,Yawn,Protect|||F|||50|,,,,,Poison
|inactive|Battle timer is ON: inactive players will automatically lose when time's up. (requested by tonsofpax)
|inactive|tonsofpax has 60 seconds left.
|
|t:|1756747827
|teamsize|p1|4
|teamsize|p2|4
|start
|switch|p1a: Absolutelee|Indeedee-F, L50, F|100/100
|switch|p1b: Truthos|Tauros-Paldea-Blaze, L50, M|100/100
|switch|p2a: Torkoal|Torkoal, L50, M|100/100
|switch|p2b: Lilligant|Lilligant-Hisui, L50, F|100/100
|-ability|p1b: Truthos|Intimidate|boost
|-unboost|p2a: Torkoal|atk|1
|-unboost|p2b: Lilligant|atk|1
|-fieldstart|move: Psychic Terrain|[from] ability: Psychic Surge|[of] p1a: Absolutelee
|-weather|SunnyDay|[from] ability: Drought|[of] p2a: Torkoal
|turn|1
|inactive|tonsofpax has 30 seconds left.
|
|t:|1756747853
|move|p1a: Absolutelee|Follow Me|p1a: Absolutelee
|-singleturn|p1a: Absolutelee|move: Follow Me
|move|p2b: Lilligant|Sleep Powder|p1a: Absolutelee
|-status|p1a: Absolutelee|slp|[from] move: Sleep Powder
|move|p1b: Truthos|Raging Bull|p2a: Torkoal
|-resisted|p2a: Torkoal
|-damage|p2a: Torkoal|75/100
|move|p2a: Torkoal|Earth Power|p1a: Absolutelee
|-damage|p1a: Absolutelee|74/100 slp
|
|-weather|SunnyDay|[upkeep]
|upkeep
|turn|2
|inactive|themadshow has 30 seconds left.
|inactive|themadshow has 20 seconds left.
|inactive|themadshow has 15 seconds left.
|
|t:|1756747896
|cant|p1a: Absolutelee|slp
|move|p2b: Lilligant|Close Combat|p1b: Truthos
|-damage|p1b: Truthos|60/100
|-unboost|p2b: Lilligant|def|1
|-unboost|p2b: Lilligant|spd|1
|move|p1b: Truthos|Close Combat|p2a: Torkoal
|-damage|p2a: Torkoal|34/100
|-unboost|p1b: Truthos|def|1
|-unboost|p1b: Truthos|spd|1
|move|p2a: Torkoal|Heat Wave|p1b: Truthos|[spread] p1a,p1b
|-crit|p1a: Absolutelee
|-resisted|p1b: Truthos
|-damage|p1a: Absolutelee|0 fnt
|-damage|p1b: Truthos|0 fnt
|faint|p1a: Absolutelee
|faint|p1b: Truthos
|
|-weather|SunnyDay|[upkeep]
|upkeep
|
|t:|1756747911
|switch|p1b: Ribombagree|Ribombee, L50, M, shiny|100/100
|switch|p1a: Oriconsensus|Oricorio-Sensu, L50, F|100/100
|turn|3
|inactive|tonsofpax has 30 seconds left.
|
|t:|1756747940
|move|p2b: Lilligant|Close Combat|p1b: Ribombagree
|-resisted|p1b: Ribombagree
|-damage|p1b: Ribombagree|84/100
|-unboost|p2b: Lilligant|def|1
|-unboost|p2b: Lilligant|spd|1
|move|p1b: Ribombagree|Tailwind|p1b: Ribombagree
|-sidestart|p1: tonsofpax|move: Tailwind
|move|p1a: Oriconsensus|Revelation Dance|p2a: Torkoal
|-damage|p2a: Torkoal|0 fnt
|faint|p2a: Torkoal
|-damage|p1a: Oriconsensus|91/100|[from] item: Life Orb
|
|-weather|SunnyDay|[upkeep]
|upkeep
|
|t:|1756747961
|switch|p2a: Maushold|Maushold, L50|100/100
|turn|4
|inactive|tonsofpax has 30 seconds left.
|inactive|themadshow has 30 seconds left.
|inactive|themadshow has 20 seconds left.
|
|t:|1756747997
|move|p1a: Oriconsensus|Protect|p1a: Oriconsensus
|-singleturn|p1a: Oriconsensus|Protect
|move|p1b: Ribombagree|Moonblast|p2b: Lilligant
|-supereffective|p2b: Lilligant
|-enditem|p2b: Lilligant|Focus Sash
|-damage|p2b: Lilligant|1/100
|move|p2b: Lilligant|Sleep Powder|p1a: Oriconsensus
|-activate|p1a: Oriconsensus|move: Protect
|move|p2a: Maushold|Population Bomb|p1b: Ribombagree
|-damage|p1b: Ribombagree|63/100
|-damage|p1b: Ribombagree|42/100
|-damage|p1b: Ribombagree|20/100
|-damage|p1b: Ribombagree|0 fnt
|faint|p1b: Ribombagree
|-hitcount|p1: Ribombagree|4
|
|-weather|SunnyDay|[upkeep]
|upkeep
|turn|5
|inactive|tonsofpax has 30 seconds left.
|inactive|themadshow has 30 seconds left.
|
|t:|1756748023
|-terastallize|p1a: Oriconsensus|Grass
|move|p2a: Maushold|Protect|p2a: Maushold
|-singleturn|p2a: Maushold|Protect
|move|p2b: Lilligant|Sleep Powder|p1a: Oriconsensus
|-immune|p1a: Oriconsensus
|move|p1a: Oriconsensus|Quiver Dance|p1a: Oriconsensus
|-boost|p1a: Oriconsensus|spa|1
|-boost|p1a: Oriconsensus|spd|1
|-boost|p1a: Oriconsensus|spe|1
|
|-weather|none
|-fieldend|move: Psychic Terrain
|upkeep
|turn|6
|
|t:|1756748044
|move|p1a: Oriconsensus|Revelation Dance|p2a: Maushold
|-damage|p2a: Maushold|0 fnt
|faint|p2a: Maushold
|-damage|p1a: Oriconsensus|81/100|[from] item: Life Orb
|move|p2b: Lilligant|Close Combat|p1a: Oriconsensus
|-damage|p1a: Oriconsensus|23/100
|-unboost|p2b: Lilligant|def|1
|-unboost|p2b: Lilligant|spd|1
|
|-sideend|p1: tonsofpax|move: Tailwind
|upkeep
|
|t:|1756748054
|switch|p2a: Zebstrika|Zebstrika, L50, M|100/100
|turn|7
|
|t:|1756748068
|move|p1a: Oriconsensus|Protect|p1a: Oriconsensus
|-singleturn|p1a: Oriconsensus|Protect
|move|p2b: Lilligant|Close Combat|p1a: Oriconsensus
|-activate|p1a: Oriconsensus|move: Protect
|move|p2a: Zebstrika|Wild Charge|p1a: Oriconsensus
|-activate|p1a: Oriconsensus|move: Protect
|
|upkeep
|turn|8
|
|t:|1756748084
|move|p1a: Oriconsensus|Revelation Dance|p2b: Lilligant
|-resisted|p2b: Lilligant
|-damage|p2b: Lilligant|0 fnt
|faint|p2b: Lilligant
|-damage|p1a: Oriconsensus|13/100|[from] item: Life Orb
|move|p2a: Zebstrika|Wild Charge|p1a: Oriconsensus
|-resisted|p1a: Oriconsensus
|-damage|p1a: Oriconsensus|0 fnt
|faint|p1a: Oriconsensus
|-damage|p2a: Zebstrika|97/100|[from] Recoil
|-damage|p2a: Zebstrika|87/100|[from] item: Life Orb
|
|win|themadshow
||themadshow is ready for game 3.
||tonsofpax is ready for game 3.
|uhtml|next|Next: Game 3 of 3
|l|☆themadshow
|player|p2|
