|j|☆TREY_NJVGC
|j|☆Kampfstube
|html|TREY_NJVGCKampfstube    
|uhtml|bestof|Game 1 of a best-of-3
|t:|1756617295
|gametype|doubles
|player|p1|TREY_NJVGC|marlon|1033
|player|p2|Kampfstube|n|1044
|gen|9
|tier|[Gen 9] VGC 2025 Reg H (Bo3)
|rated|
|rule|Species Clause: Limit one of each Pokémon
|rule|Item Clause: Limit 1 of each item
|clearpoke
|poke|p1|Golurk, L50|
|poke|p1|Torkoal, L50, M|
|poke|p1|Lilligant-Hisui, L50, F|
|poke|p1|Incineroar, L50, F|
|poke|p1|Indeedee-F, L50, F|
|poke|p1|Braviary-Hisui, L50, M|
|poke|p2|Grimmsnarl, L50, M|
|poke|p2|Volcarona, L50, F|
|poke|p2|Annihilape, L50, F|
|poke|p2|Ursaluna-Bloodmoon, L50, M|
|poke|p2|Dragonite, L50, M|
|poke|p2|Amoonguss, L50, F|
|teampreview|4
|showteam|p1|Golurk||ClearAmulet|NoGuard|HighHorsepower,Protect,HeatCrash,Poltergeist||||||50|,,,,,Fire]Torkoal||Charcoal|Drought|Eruption,Protect,Flamethrower,EarthPower|||M|||50|,,,,,Fire]Lilligant-Hisui||FocusSash|Chlorophyll|IceSpinner,CloseCombat,LeafBlade,AfterYou|||F|||50|,,,,,Ghost]Incineroar||AssaultVest|Intimidate|FakeOut,KnockOff,Uturn,FlareBlitz|||F|||50|,,,,,Ghost]Indeedee-F||SafetyGoggles|PsychicSurge|FollowMe,TrickRoom,HelpingHand,Psychic|||F|||50|,,,,,Fairy]Braviary-Hisui||LifeOrb|SheerForce|Hurricane,ExpandingForce,Protect,HeatWave|||M|||50|,,,,,Psychic
|showteam|p2|Grimmsnarl||CovertCloak|Prankster|SpiritBreak,LightScreen,Reflect,ThunderWave|||M|||50|,,,,,Steel]Volcarona||Leftovers|FlameBody|GigaDrain,QuiverDance,HeatWave,Protect|||F|||50|,,,,,Grass]Annihilape||SafetyGoggles|Defiant|BulkUp,DrainPunch,Protect,RageFist|||F|||50|,,,,,Fire]Ursaluna-Bloodmoon||AssaultVest|MindsEye|EarthPower,BloodMoon,HyperVoice,VacuumWave|||M|||50|,,,,,Water]Dragonite||LoadedDice|Multiscale|ScaleShot,ExtremeSpeed,Protect,Haze|||M|||50|,,,,,Fairy]Amoonguss||RockyHelmet|Regenerator|Spore,RagePowder,Protect,PollenPuff|||F|||50|,,,,,Water
|inactive|Battle timer is ON: inactive players will automatically lose when time's up. (requested by Kampfstube)
|inactive|TREY_NJVGC has 60 seconds left.
|inactive|Kampfstube has 60 seconds left.
|inactive|TREY_NJVGC has 30 seconds left.
|inactive|TREY_NJVGC has 20 seconds left.
|inactive|TREY_NJVGC has 15 seconds left.
|inactive|TREY_NJVGC has 10 seconds left.
|
|t:|1756617376
|teamsize|p1|4
|teamsize|p2|4
|start
|switch|p1a: Torkoal|Torkoal, L50, M|100/100
|switch|p1b: Lilligant|Lilligant-Hisui, L50, F|100/100
|switch|p2a: Grimmsnarl|Grimmsnarl, L50, M|100/100
|switch|p2b: Annihilape|Annihilape, L50, F|100/100
|-weather|SunnyDay|[from] ability: Drought|[of] p1a: Torkoal
|turn|1
|inactive|TREY_NJVGC has 30 seconds left.
|inactive|Kampfstube has 30 seconds left.
|inactive|Kampfstube has 20 seconds left.
|inactive|Kampfstube has 15 seconds left.
|inactive|Kampfstube has 10 seconds left.
|inactive|Kampfstube has 5 seconds left.
|
|t:|1756617427
|-terastallize|p2b: Annihilape|Fire
|-terastallize|p1a: Torkoal|Fire
|move|p2a: Grimmsnarl|Thunder Wave|p1b: Lilligant
|-status|p1b: Lilligant|par
|cant|p1b: Lilligant|par
|move|p2b: Annihilape|Bulk Up|p2b: Annihilape
|-boost|p2b: Annihilape|atk|1
|-boost|p2b: Annihilape|def|1
|move|p1a: Torkoal|Eruption|p2a: Grimmsnarl|[spread] p2a,p2b
|-resisted|p2b: Annihilape
|-damage|p2a: Grimmsnarl|0 fnt
|-damage|p2b: Annihilape|58/100
|faint|p2a: Grimmsnarl
|
|-weather|SunnyDay|[upkeep]
|upkeep
|
|t:|1756617444
|switch|p2a: Dragonite|Dragonite, L50, M|100/100
|turn|2
|inactive|Kampfstube has 30 seconds left.
|
|t:|1756617470
|move|p2b: Annihilape|Protect|p2b: Annihilape
|-singleturn|p2b: Annihilape|Protect
|move|p1b: Lilligant|After You|p1a: Torkoal
|-activate|p1a: Torkoal|move: After You
|move|p1a: Torkoal|Earth Power|p2b: Annihilape
|-activate|p2b: Annihilape|move: Protect
|move|p2a: Dragonite|Scale Shot|p1b: Lilligant
|-damage|p1b: Lilligant|79/100 par
|-damage|p1b: Lilligant|58/100 par
|-damage|p1b: Lilligant|36/100 par
|-damage|p1b: Lilligant|16/100 par
|-hitcount|p1b: Lilligant|4
|-unboost|p2a: Dragonite|def|1
|-boost|p2a: Dragonite|spe|1
|
|-weather|SunnyDay|[upkeep]
|upkeep
|turn|3
|inactive|Kampfstube has 30 seconds left.
|inactive|TREY_NJVGC has 30 seconds left.
|inactive|Kampfstube has 20 seconds left.
|inactive|TREY_NJVGC has 20 seconds left.
|
|t:|1756617513
|move|p1a: Torkoal|Protect|p1a: Torkoal
|-singleturn|p1a: Torkoal|Protect
|move|p2a: Dragonite|Scale Shot|p1b: Lilligant
|-damage|p1b: Lilligant|0 fnt
|faint|p1b: Lilligant
|-hitcount|p1: Lilligant|1
|-unboost|p2a: Dragonite|def|1
|-boost|p2a: Dragonite|spe|1
|move|p2b: Annihilape|Drain Punch|p1a: Torkoal
|-activate|p1a: Torkoal|move: Protect
|
|-weather|SunnyDay|[upkeep]
|upkeep
|
|t:|1756617518
|switch|p1b: Indeedee|Indeedee-F, L50, F|100/100
|-fieldstart|move: Psychic Terrain|[from] ability: Psychic Surge|[of] p1b: Indeedee
|turn|4
|
|t:|1756617538
|move|p1b: Indeedee|Follow Me|p1b: Indeedee
|-singleturn|p1b: Indeedee|move: Follow Me
|move|p2a: Dragonite|Scale Shot|p1b: Indeedee
|-damage|p1b: Indeedee|87/100
|-damage|p1b: Indeedee|75/100
|-damage|p1b: Indeedee|60/100
|-damage|p1b: Indeedee|47/100
|-hitcount|p1b: Indeedee|4
|-unboost|p2a: Dragonite|def|1
|-boost|p2a: Dragonite|spe|1
|move|p2b: Annihilape|Drain Punch|p1b: Indeedee
|-damage|p1b: Indeedee|0 fnt
|-heal|p2b: Annihilape|77/100|[from] drain|[of] p1b: Indeedee
|faint|p1b: Indeedee
|move|p1a: Torkoal|Eruption|p2a: Dragonite|[spread] p2a,p2b
|-resisted|p2a: Dragonite
|-crit|p2a: Dragonite
|-resisted|p2b: Annihilape
|-damage|p2a: Dragonite|54/100
|-damage|p2b: Annihilape|33/100
|
|-weather|SunnyDay|[upkeep]
|upkeep
|
|t:|1756617546
|switch|p1b: Incineroar|Incineroar, L50, F|100/100
|-ability|p1b: Incineroar|Intimidate|boost
|-unboost|p2a: Dragonite|atk|1
|-unboost|p2b: Annihilape|atk|1
|-ability|p2b: Annihilape|Defiant|boost
|-boost|p2b: Annihilape|atk|2
|turn|5
|
|t:|1756617565
|move|p2a: Dragonite|Scale Shot|p1a: Torkoal
|-damage|p1a: Torkoal|93/100
|-damage|p1a: Torkoal|86/100
|-damage|p1a: Torkoal|78/100
|-damage|p1a: Torkoal|72/100
|-hitcount|p1a: Torkoal|4
|-unboost|p2a: Dragonite|def|1
|-boost|p2a: Dragonite|spe|1
|move|p2b: Annihilape|Drain Punch|p1b: Incineroar
|-supereffective|p1b: Incineroar
|-damage|p1b: Incineroar|0 fnt
|-heal|p2b: Annihilape|79/100|[from] drain|[of] p1b: Incineroar
|faint|p1b: Incineroar
|move|p1a: Torkoal|Eruption|p2b: Annihilape|[spread] p2a,p2b
|-resisted|p2a: Dragonite
|-resisted|p2b: Annihilape
|-damage|p2a: Dragonite|12/100
|-damage|p2b: Annihilape|47/100
|
|-weather|none
|upkeep
|turn|6
|-message|TREY_NJVGC forfeited.
|
|win|Kampfstube
