|j|☆Needels
|j|☆drogaplut003
|html|Needelsdrogaplut003    
|uhtml|bestof|Game 2 of a best-of-3
|t:|1756498622
|gametype|doubles
|player|p1|Needels|eusine|1105
|player|p2|drogaplut003|2|1238
|gen|9
|tier|[Gen 9] VGC 2025 Reg H (Bo3)
|rated|
|rule|Species Clause: Limit one of each Pokémon
|rule|Item Clause: Limit 1 of each item
|clearpoke
|poke|p1|Charizard, L50, M|
|poke|p1|Torkoal, L50, F|
|poke|p1|Porygon2, L50|
|poke|p1|Incineroar, L50, M|
|poke|p1|Jumpluff, L50, F|
|poke|p1|Ursaluna, L50, F|
|poke|p2|Porygon-Z, L50|
|poke|p2|Amoonguss, L50, F|
|poke|p2|Dragonite, L50, M|
|poke|p2|Garchomp, L50, M|
|poke|p2|Sneasler, L50, F|
|poke|p2|Kingambit, L50, F|
|teampreview|4
|showteam|p1|Charizard||ChoiceSpecs|SolarPower|HeatWave,Overheat,WeatherBall,DragonPulse|||M|||50|,,,,,Ghost]Torkoal||EjectPack|Drought|Eruption,Overheat,HelpingHand,Protect|||F|||50|,,,,,Fire]Porygon2||Eviolite|Download|TeraBlast,IceBeam,Recover,TrickRoom||||||50|,,,,,Fighting]Incineroar||SitrusBerry|Intimidate|FlareBlitz,KnockOff,FakeOut,PartingShot|||M|||50|,,,,,Ghost]Jumpluff||CovertCloak|Chlorophyll|SleepPowder,SunnyDay,RagePowder,Tailwind|||F|||50|,,,,,Water]Ursaluna||FlameOrb|Guts|HeadlongRush,Facade,Earthquake,Protect|||F|||50|,,,,,Ghost
|showteam|p2|Porygon-Z||LifeOrb|Adaptability|ShadowBall,TriAttack,HyperBeam,Protect||||||50|,,,,,Ghost]Amoonguss||RockyHelmet|Regenerator|SludgeBomb,Spore,RagePowder,Protect|||F|||50|,,,,,Water]Dragonite||LoadedDice|Multiscale|ScaleShot,Tailwind,HelpingHand,Protect|||M|||50|,,,,,Fairy]Garchomp||ChoiceBand|RoughSkin|Earthquake,StompingTantrum,DragonClaw,PoisonJab|||M|||50|,,,,,Poison]Sneasler||FocusSash|Unburden|DireClaw,CloseCombat,Coaching,Taunt|||F|||50|,,,,,Ghost]Kingambit||AssaultVest|Defiant|KowtowCleave,SuckerPunch,IronHead,LowKick|||F|||50|,,,,,Dark
|inactive|Battle timer is ON: inactive players will automatically lose when time's up. (requested by drogaplut003)
|
|t:|1756498654
|teamsize|p1|4
|teamsize|p2|4
|start
|switch|p1a: Charizard|Charizard, L50, M, shiny|100/100
|switch|p1b: Jumpluff|Jumpluff, L50, F, shiny|100/100
|switch|p2a: Porygon-Z|Porygon-Z, L50|100/100
|switch|p2b: Sneasler|Sneasler, L50, F|100/100
|turn|1
|
|t:|1756498678
|switch|p1a: Torkoal|Torkoal, L50, F|100/100
|-weather|SunnyDay|[from] ability: Drought|[of] p1a: Torkoal
|move|p1b: Jumpluff|Tailwind|p1b: Jumpluff
|-sidestart|p1: Needels|move: Tailwind
|move|p2b: Sneasler|Dire Claw|p1b: Jumpluff
|-supereffective|p1b: Jumpluff
|-damage|p1b: Jumpluff|0 fnt
|faint|p1b: Jumpluff
|move|p2a: Porygon-Z|Hyper Beam|p1a: Torkoal
|-damage|p1a: Torkoal|0 fnt
|-mustrecharge|p2a: Porygon-Z
|faint|p1a: Torkoal
|-damage|p2a: Porygon-Z|91/100|[from] item: Life Orb
|
|-weather|SunnyDay|[upkeep]
|upkeep
|
|t:|1756498691
|switch|p1b: Ursaluna|Ursaluna, L50, F|100/100
|switch|p1a: Charizard|Charizard, L50, M, shiny|100/100
|turn|2
|
|t:|1756498699
|move|p1a: Charizard|Heat Wave|p2b: Sneasler|[spread] p2a,p2b
|-damage|p2a: Porygon-Z|0 fnt
|-enditem|p2b: Sneasler|Focus Sash
|-damage|p2b: Sneasler|1/100
|faint|p2a: Porygon-Z
|move|p2b: Sneasler|Dire Claw|p1a: Charizard
|-damage|p1a: Charizard|44/100
|move|p1b: Ursaluna|Earthquake|p2b: Sneasler|[spread] p2b
|-immune|p1a: Charizard
|-supereffective|p2b: Sneasler
|-damage|p2b: Sneasler|0 fnt
|faint|p2b: Sneasler
|
|-weather|SunnyDay|[upkeep]
|-damage|p1a: Charizard|31/100|[from] ability: Solar Power|[of] p1a: Charizard
|-status|p1b: Ursaluna|brn|[from] item: Flame Orb
|upkeep
|
|t:|1756498711
|switch|p2b: Kingambit|Kingambit, L50, F|100/100
|switch|p2a: Dragonite|Dragonite, L50, M|100/100
|turn|3
|inactive|Needels has 30 seconds left.
|inactive|Needels has 20 seconds left.
|inactive|Needels has 15 seconds left.
|inactive|Needels has 10 seconds left.
|inactive|Needels has 5 seconds left.
|
|t:|1756498765
|-terastallize|p1b: Ursaluna|Ghost
|-terastallize|p2b: Kingambit|Dark
|move|p2b: Kingambit|Sucker Punch|p1a: Charizard
|-damage|p1a: Charizard|0 fnt
|faint|p1a: Charizard
|move|p1b: Ursaluna|Headlong Rush|p2b: Kingambit
|-damage|p2b: Kingambit|22/100
|-unboost|p1b: Ursaluna|def|1
|-unboost|p1b: Ursaluna|spd|1
|move|p2a: Dragonite|Scale Shot|p1b: Ursaluna
|-damage|p1b: Ursaluna|83/100 brn
|-damage|p1b: Ursaluna|66/100 brn
|-damage|p1b: Ursaluna|48/100 brn
|-damage|p1b: Ursaluna|29/100 brn
|-hitcount|p1b: Ursaluna|4
|-unboost|p2a: Dragonite|def|1
|-boost|p2a: Dragonite|spe|1
|
|-weather|SunnyDay|[upkeep]
|-damage|p1b: Ursaluna|23/100 brn|[from] brn
|upkeep
|turn|4
|
|t:|1756498778
|move|p1b: Ursaluna|Protect|p1b: Ursaluna
|-singleturn|p1b: Ursaluna|Protect
|move|p2b: Kingambit|Sucker Punch||[still]
|-fail|p2b: Kingambit
|move|p2a: Dragonite|Tailwind|p2a: Dragonite
|-sidestart|p2: drogaplut003|move: Tailwind
|
|-weather|SunnyDay|[upkeep]
|-damage|p1b: Ursaluna|17/100 brn|[from] brn
|-sideend|p1: Needels|move: Tailwind
|upkeep
|turn|5
|-message|Needels forfeited.
|
|win|drogaplut003
|raw|Needels's rating: 1105 → 1089(-16 for losing)
|raw|drogaplut003's rating: 1238 → 1254(+16 for winning)
