|j|☆Bruneauxx
|j|☆Dat guy In black
|html|BruneauxxDat guy In black    
|uhtml|bestof|Game 1 of a best-of-3
|t:|1757817034
|gametype|doubles
|player|p1|Bruneauxx|fisherman-gen4|1178
|player|p2|Dat guy In black|170|1112
|gen|9
|tier|[Gen 9] VGC 2025 Reg H (Bo3)
|rated|
|rule|Species Clause: Limit one of each Pokémon
|rule|Item Clause: Limit 1 of each item
|clearpoke
|poke|p1|Braviary-Hisui, L50, M|
|poke|p1|Sneasler, L50, F|
|poke|p1|Indeedee-F, L50, F|
|poke|p1|Pelipper, L50, F|
|poke|p1|Archaludon, L50, M|
|poke|p1|Kingambit, L50, M|
|poke|p2|Sneasler, L50, M|
|poke|p2|Dragapult, L50, F|
|poke|p2|Rillaboom, L50, F|
|poke|p2|Gastrodon-East, L50, M|
|poke|p2|Volcarona, L50, M|
|poke|p2|Electabuzz, L50, M|
|teampreview|4
|showteam|p1|Braviary-Hisui||TwistedSpoon|TintedLens|ExpandingForce,AirSlash,EsperWing,Protect|||M|||50|,,,,,Psychic]Sneasler||PsychicSeed|Unburden|DireClaw,CloseCombat,ThroatChop,Protect|||F|||50|,,,,,Dark]Indeedee-F||SafetyGoggles|PsychicSurge|DazzlingGleam,FollowMe,TrickRoom,HelpingHand|||F|||50|,,,,,Fairy]Pelipper||FocusSash|Drizzle|Hurricane,WeatherBall,Tailwind,Protect|||F|||50|,,,,,Stellar]Archaludon||AssaultVest|Stamina|ElectroShot,FlashCannon,DragonPulse,BodyPress|||M|||50|,,,,,Grass]Kingambit||BlackGlasses|Defiant|KowtowCleave,LowKick,SuckerPunch,Protect|||M|||50|,,,,,Dark
|showteam|p2|Sneasler||FocusSash|PoisonTouch|DireClaw,CloseCombat,Coaching,Protect|||M|||50|,,,,,Ghost]Dragapult||ChoiceBand|ClearBody|DragonDarts,TeraBlast,PhantomForce,Uturn|||F|||50|,,,,,Fighting]Rillaboom||AssaultVest|GrassySurge|FakeOut,GrassyGlide,WoodHammer,Uturn|||F|||50|,,,,,Fire]GastrodonEast||GrassySeed|StormDrain|ClearSmog,EarthPower,IceBeam,Recover|||M|||50|,,,,,Poison]Volcarona||CovertCloak|FlameBody|HeatWave,TeraBlast,QuiverDance,Protect|||M|||50|,,,,,Fairy]Electabuzz||Eviolite|VitalSpirit|FollowMe,Electroweb,Taunt,Protect|||M|||50|,,,,,Ghost
|inactive|Battle timer is ON: inactive players will automatically lose when time's up. (requested by Bruneauxx)
|
|t:|1757817057
|teamsize|p1|4
|teamsize|p2|4
|start
|switch|p1a: Indeedee|Indeedee-F, L50, F|100/100
|switch|p1b: Braviary|Braviary-Hisui, L50, M|100/100
|switch|p2a: Electabuzz|Electabuzz, L50, M|100/100
|switch|p2b: Dragapult|Dragapult, L50, F|100/100
|-fieldstart|move: Psychic Terrain|[from] ability: Psychic Surge|[of] p1a: Indeedee
|turn|1
|
|t:|1757817079
|switch|p1a: Sneasler|Sneasler, L50, F|100/100
|-enditem|p1a: Sneasler|Psychic Seed
|-boost|p1a: Sneasler|spd|1|[from] item: Psychic Seed
|-terastallize|p1b: Braviary|Psychic
|move|p2b: Dragapult|U-turn|p1a: Sneasler
|-resisted|p1a: Sneasler
|-damage|p1a: Sneasler|84/100
|
|t:|1757817084
|switch|p2b: Rillaboom|Rillaboom, L50, F|100/100|[from] U-turn
|-fieldstart|move: Grassy Terrain|[from] ability: Grassy Surge|[of] p2b: Rillaboom
|move|p2a: Electabuzz|Taunt|p1a: Sneasler
|-start|p1a: Sneasler|move: Taunt
|move|p1b: Braviary|Expanding Force|p2a: Electabuzz
|-damage|p2a: Electabuzz|37/100
|
|-heal|p1a: Sneasler|90/100|[from] Grassy Terrain
|-heal|p2a: Electabuzz|43/100|[from] Grassy Terrain
|upkeep
|turn|2
|
|t:|1757817106
|switch|p1b: Indeedee|Indeedee-F, L50, F|100/100
|-fieldstart|move: Psychic Terrain|[from] ability: Psychic Surge|[of] p1b: Indeedee
|move|p2b: Rillaboom|Fake Out|p1a: Sneasler
|-activate|p1a: Sneasler|move: Psychic Terrain
|move|p1a: Sneasler|Dire Claw|p2b: Rillaboom
|-supereffective|p2b: Rillaboom
|-damage|p2b: Rillaboom|22/100
|-status|p2b: Rillaboom|par
|move|p2a: Electabuzz|Electroweb|p1a: Sneasler|[spread] p1a,p1b
|-damage|p1a: Sneasler|77/100
|-damage|p1b: Indeedee|90/100
|-unboost|p1a: Sneasler|spe|1
|-unboost|p1b: Indeedee|spe|1
|
|upkeep
|turn|3
|
|t:|1757817129
|move|p2a: Electabuzz|Follow Me|p2a: Electabuzz
|-singleturn|p2a: Electabuzz|move: Follow Me
|move|p1a: Sneasler|Dire Claw|p2a: Electabuzz
|-damage|p2a: Electabuzz|2/100
|move|p1b: Indeedee|Dazzling Gleam|p2b: Rillaboom|[spread] p2a,p2b
|-damage|p2a: Electabuzz|0 fnt
|-damage|p2b: Rillaboom|13/100 par
|faint|p2a: Electabuzz
|move|p2b: Rillaboom|U-turn|p1b: Indeedee
|-supereffective|p1b: Indeedee
|-damage|p1b: Indeedee|45/100
|
|t:|1757817136
|switch|p2b: Gastrodon|Gastrodon-East, L50, M|100/100|[from] U-turn
|
|-end|p1a: Sneasler|move: Taunt
|upkeep
|
|t:|1757817138
|switch|p2a: Rillaboom|Rillaboom, L50, F|13/100 par
|-fieldstart|move: Grassy Terrain|[from] ability: Grassy Surge|[of] p2a: Rillaboom
|-enditem|p2b: Gastrodon|Grassy Seed
|-boost|p2b: Gastrodon|def|1|[from] item: Grassy Seed
|turn|4
|
|t:|1757817151
|switch|p1b: Kingambit|Kingambit, L50, M|100/100
|move|p1a: Sneasler|Protect|p1a: Sneasler
|-singleturn|p1a: Sneasler|Protect
|move|p2a: Rillaboom|Fake Out|p1b: Kingambit
|-resisted|p1b: Kingambit
|-damage|p1b: Kingambit|96/100
|move|p2b: Gastrodon|Earth Power|p1a: Sneasler
|-activate|p1a: Sneasler|move: Protect
|
|-heal|p1a: Sneasler|83/100|[from] Grassy Terrain
|-heal|p1b: Kingambit|100/100|[from] Grassy Terrain
|-heal|p2a: Rillaboom|19/100 par|[from] Grassy Terrain
|upkeep
|turn|5
|inactive|Dat guy In black has 30 seconds left.
|inactive|Dat guy In black has 20 seconds left.
|
|t:|1757817191
|move|p1b: Kingambit|Sucker Punch|p2a: Rillaboom
|-damage|p2a: Rillaboom|0 fnt
|faint|p2a: Rillaboom
|move|p1a: Sneasler|Dire Claw|p2b: Gastrodon
|-resisted|p2b: Gastrodon
|-damage|p2b: Gastrodon|89/100
|-status|p2b: Gastrodon|psn
|move|p2b: Gastrodon|Earth Power|p1a: Sneasler
|-supereffective|p1a: Sneasler
|-damage|p1a: Sneasler|25/100
|
|-heal|p1a: Sneasler|31/100|[from] Grassy Terrain
|-heal|p2b: Gastrodon|95/100 psn|[from] Grassy Terrain
|-damage|p2b: Gastrodon|82/100 psn|[from] psn
|upkeep
|
|t:|1757817194
|switch|p2a: Dragapult|Dragapult, L50, F|100/100
|turn|6
|
|t:|1757817217
|-terastallize|p2a: Dragapult|Fighting
|move|p1b: Kingambit|Sucker Punch|p2a: Dragapult
|-resisted|p2a: Dragapult
|-damage|p2a: Dragapult|66/100
|move|p1a: Sneasler|Dire Claw|p2a: Dragapult
|-damage|p2a: Dragapult|5/100
|-status|p2a: Dragapult|psn
|move|p2a: Dragapult|Tera Blast|p1b: Kingambit|[anim] Tera Blast Fighting
|-supereffective|p1b: Kingambit
|-damage|p1b: Kingambit|0 fnt
|faint|p1b: Kingambit
|move|p2b: Gastrodon|Earth Power|p1a: Sneasler
|-supereffective|p1a: Sneasler
|-damage|p1a: Sneasler|0 fnt
|faint|p1a: Sneasler
|
|-heal|p2a: Dragapult|11/100 psn|[from] Grassy Terrain
|-heal|p2b: Gastrodon|88/100 psn|[from] Grassy Terrain
|-damage|p2a: Dragapult|0 fnt|[from] psn
|faint|p2a: Dragapult
|-damage|p2b: Gastrodon|76/100 psn|[from] psn
|upkeep
|
|t:|1757817225
|switch|p1a: Braviary|Braviary-Hisui, L50, M, tera:Psychic|100/100
|switch|p1b: Indeedee|Indeedee-F, L50, F|45/100
|-fieldstart|move: Psychic Terrain|[from] ability: Psychic Surge|[of] p1b: Indeedee
|turn|7
|
|t:|1757817235
|move|p1b: Indeedee|Helping Hand|p1a: Braviary
|-singleturn|p1a: Braviary|Helping Hand|[of] p1b: Indeedee
|move|p1a: Braviary|Expanding Force|p2b: Gastrodon
|-damage|p2b: Gastrodon|0 fnt
|faint|p2b: Gastrodon
|
|win|Bruneauxx
||Dat guy In black is ready for game 2.
||Bruneauxx is ready for game 2.
|uhtml|next|Next: Game 2 of 3
