|j|☆testdigi
|j|☆Pikapower25
|html|testdigiPikapower25    
|uhtml|bestof|Game 1 of a best-of-3
|t:|1784903753
|gametype|doubles
|player|p1|testdigi|101|1109
|player|p2|Pikapower25|2|1107
|gen|9
|tier|[Gen 9 Champions] VGC 2026 Reg M-B (Bo3)
|rated|
|rule|Species Clause: Limit one of each Pokémon
|rule|Item Clause: Limit 1 of each item
|clearpoke
|poke|p1|Raichu, L50, F|
|poke|p1|Sinistcha, L50|
|poke|p1|Corviknight, L50, M|
|poke|p1|Sylveon, L50, M|
|poke|p1|Garchomp, L50, F|
|poke|p1|Tyranitar, L50, F|
|poke|p2|Raichu, L50, M|
|poke|p2|Mamoswine, L50, M|
|poke|p2|Chandelure, L50, F|
|poke|p2|Corviknight, L50, F|
|poke|p2|Alcremie, L50, F|
|poke|p2|Mr. Rime, L50, F|
|teampreview|4
|showteam|p1|Raichu||RaichuniteY|LightningRod|ZapCannon,FocusBlast,FakeOut,Protect|Timid||F|||50|]Sinistcha||KasibBerry|Hospitality|MatchaGotcha,ShadowBall,RagePowder,Protect|Modest|||||50|]Corviknight||OccaBerry|MirrorArmor|IronHead,BraveBird,Tailwind,Protect|Adamant||M|||50|]Sylveon||FairyFeather|Pixilate|HyperVoice,QuickAttack,Yawn,Detect|Modest||M|||50|]Garchomp||SitrusBerry|RoughSkin|DragonClaw,StompingTantrum,RockSlide,Protect|Adamant||F|||50|]Tyranitar||FocusSash|SandStream|RockSlide,KnockOff,Superpower,Protect|Adamant||F|||50|
|showteam|p2|Raichu||RaichuniteY|LightningRod|ZapCannon,FocusBlast,FakeOut,Protect|Timid||M|||50|]Mamoswine||LifeOrb|Oblivious|HighHorsepower,IcicleCrash,IceShard,Protect|Adamant||M|||50|]Chandelure||Chandelurite|FlashFire|HeatWave,ShadowBall,EnergyBall,Protect|Modest||F|||50|]Corviknight||Leftovers|MirrorArmor|Roost,BodyPress,HeavySlam,BulkUp|Adamant||F|||50|]Alcremie||FairyFeather|AromaVeil|Decorate,HelpingHand,EnergyBall,AlluringVoice|Timid||F|||50|]Mr. Rime||SitrusBerry|ScreenCleaner|SheerCold,Psychic,Protect,RolePlay|Bold||F|||50|
|inactive|Battle timer is ON: inactive players will automatically lose when time's up. (requested by testdigi)
|inactive|Pikapower25 has 60 seconds left.
|
|t:|1784903813
|teamsize|p1|4
|teamsize|p2|4
|start
|switch|p1a: Raichu|Raichu, L50, F|100/100
|switch|p1b: Sylveon|Sylveon, L50, M|100/100
|switch|p2a: Raichu|Raichu, L50, M|100/100
|switch|p2b: Mr. Rime|Mr. Rime, L50, F|100/100
|turn|1
|inactive|Pikapower25 has 30 seconds left.
|
|t:|1784903841
|detailschange|p2a: Raichu|Raichu-Mega-Y, L50, M
|-mega|p2a: Raichu|Raichu|Raichunite Y
|move|p2a: Raichu|Fake Out|p1a: Raichu
|-damage|p1a: Raichu|84/100
|cant|p1a: Raichu|flinch
|move|p1b: Sylveon|Hyper Voice|p2a: Raichu|[spread] p2a,p2b
|-damage|p2a: Raichu|46/100
|-damage|p2b: Mr. Rime|56/100
|move|p2b: Mr. Rime|Role Play|p2a: Raichu
|-ability|p2b: Mr. Rime|No Guard|Screen Cleaner|[from] move: Role Play|[of] p2a: Raichu
|
|upkeep
|turn|2
|inactive|testdigi has 30 seconds left.
|
|t:|1784903874
|detailschange|p1a: Raichu|Raichu-Mega-Y, L50, F
|-mega|p1a: Raichu|Raichu|Raichunite Y
|move|p2a: Raichu|Protect|p2a: Raichu
|-singleturn|p2a: Raichu|Protect
|move|p1a: Raichu|Zap Cannon|p2b: Mr. Rime
|-damage|p2b: Mr. Rime|1/100
|-status|p2b: Mr. Rime|par
|-enditem|p2b: Mr. Rime|Sitrus Berry|[eat]
|-heal|p2b: Mr. Rime|26/100 par|[from] item: Sitrus Berry
|move|p1b: Sylveon|Hyper Voice|p2b: Mr. Rime|[spread] p2b
|-activate|p2a: Raichu|move: Protect
|-damage|p2b: Mr. Rime|0 fnt
|faint|p2b: Mr. Rime
|
|upkeep
|
|t:|1784903892
|switch|p2b: Mamoswine|Mamoswine, L50, M|100/100
|turn|3
|
|t:|1784903898
|move|p1a: Raichu|Focus Blast|p2b: Mamoswine
|-supereffective|p2b: Mamoswine|1
|-damage|p2b: Mamoswine|1/100
|-unboost|p2b: Mamoswine|spd|1
|move|p2a: Raichu|Zap Cannon|p1b: Sylveon
|-damage|p1b: Sylveon|55/100
|-status|p1b: Sylveon|par
|move|p2b: Mamoswine|High Horsepower|p1a: Raichu
|-supereffective|p1a: Raichu|1
|-damage|p1a: Raichu|0 fnt
|faint|p1a: Raichu
|-damage|p2b: Mamoswine|0 fnt|[from] item: Life Orb
|faint|p2b: Mamoswine
|move|p1b: Sylveon|Yawn|p2a: Raichu
|-start|p2a: Raichu|move: Yawn|[of] p1b: Sylveon
|
|upkeep
|inactive|Pikapower25 has 30 seconds left.
|
|t:|1784903932
|switch|p1a: Tyranitar|Tyranitar, L50, F|100/100
|switch|p2b: Alcremie|Alcremie, L50, F|100/100
|-weather|Sandstorm|[from] ability: Sand Stream|[of] p1a: Tyranitar
|turn|4
|inactive|Pikapower25 has 30 seconds left.
|inactive|Pikapower25 has 20 seconds left.
|inactive|Pikapower25 has 15 seconds left.
|
|t:|1784903973
|move|p2b: Alcremie|Helping Hand|p2a: Raichu
|-singleturn|p2a: Raichu|Helping Hand|[of] p2b: Alcremie
|move|p1a: Tyranitar|Protect|p1a: Tyranitar
|-singleturn|p1a: Tyranitar|Protect
|move|p1b: Sylveon|Detect|p1b: Sylveon
|-singleturn|p1b: Sylveon|Protect
|move|p2a: Raichu|Focus Blast|p1a: Tyranitar
|-activate|p1a: Tyranitar|move: Protect
|
|-weather|Sandstorm|[upkeep]
|-damage|p2a: Raichu|40/100|[from] Sandstorm
|-damage|p2b: Alcremie|94/100|[from] Sandstorm
|-damage|p1b: Sylveon|49/100 par|[from] Sandstorm
|-end|p2a: Raichu|move: Yawn|[silent]
|-status|p2a: Raichu|slp
|upkeep
|turn|5
|
|t:|1784903997
|cant|p2a: Raichu|slp
|move|p1a: Tyranitar|Rock Slide|p2a: Raichu|[spread] p2a,p2b
|-crit|p2b: Alcremie
|-damage|p2a: Raichu|0 fnt
|-damage|p2b: Alcremie|38/100
|faint|p2a: Raichu
|move|p2b: Alcremie|Alluring Voice|p1a: Tyranitar
|-supereffective|p1a: Tyranitar|1
|-damage|p1a: Tyranitar|50/100g
|move|p1b: Sylveon|Yawn|p2b: Alcremie
|-start|p2b: Alcremie|move: Yawn|[of] p1b: Sylveon
|
|-weather|Sandstorm|[upkeep]
|-damage|p2b: Alcremie|32/100|[from] Sandstorm
|-damage|p1b: Sylveon|43/100 par|[from] Sandstorm
|upkeep
|turn|6
|inactive|Pikapower25 has 30 seconds left.
|
|t:|1784904026
|move|p1a: Tyranitar|Knock Off|p2b: Alcremie
|-resisted|p2b: Alcremie|1
|-damage|p2b: Alcremie|0 fnt
|-enditem|p2b: Alcremie|Fairy Feather|[from] move: Knock Off|[of] p1a: Tyranitar
|faint|p2b: Alcremie
|
|win|testdigi
||Pikapower25 is ready for game 2.
|inactive|testdigi has 30 seconds to confirm battle start!
|inactive|testdigi has 20 seconds to confirm battle start!
|inactive|testdigi has 10 seconds to confirm battle start!
|uhtml|next|Next: Game 2 of 3
