|j|â˜†JulesRen
|j|â˜†lillyrosethedemon
|html|JulesRenlillyrosethedemon    
|uhtml|bestof|Game 2 of a best-of-3
|t:|1757201244
|gametype|doubles
|player|p1|JulesRen|265|1157
|player|p2|lillyrosethedemon|parasollady|1197
|gen|9
|tier|[Gen 9] VGC 2025 Reg H (Bo3)
|rated|
|rule|Species Clause: Limit one of each PokÃ©mon
|rule|Item Clause: Limit 1 of each item
|clearpoke
|poke|p1|Tyranitar, L50, M|
|poke|p1|Garchomp, L50, F|
|poke|p1|Murkrow, L50, M|
|poke|p1|Ursaluna-Bloodmoon, L50, M|
|poke|p1|Sneasler, L50, M|
|poke|p1|Farigiraf, L50, M|
|poke|p2|Incineroar, L50, F|
|poke|p2|Ursaluna, L50, M|
|poke|p2|Kilowattrel, L50, F|
|poke|p2|Gholdengo, L50|
|poke|p2|Amoonguss, L50, F|
|poke|p2|Farigiraf, L50, F|
|teampreview|4
|showteam|p1|Tyranitar||AssaultVest|SandStream|RockSlide,TeraBlast,LowKick,KnockOff|||M|||50|,,,,,Flying]Garchomp||BrightPowder|SandVeil|Earthquake,DragonClaw,StompingTantrum,Protect|||F|||50|,,,,,Fire]Murkrow||Eviolite|Prankster|Haze,Tailwind,FoulPlay,Taunt|||M|||50|,,,,,Ghost]Ursaluna-Bloodmoon||FocusSash|MindsEye|BloodMoon,EarthPower,HyperVoice,Protect|||M|||50|,,,,,Normal]Sneasler||WhiteHerb|Unburden|ThroatChop,CloseCombat,DireClaw,Protect|||M|||50|,,,,,Dark]Farigiraf||ThroatSpray|ArmorTail|HyperVoice,Imprison,TrickRoom,Psychic|||M|||50|,,,,,Fairy
|showteam|p2|Incineroar||SafetyGoggles|Intimidate|FakeOut,KnockOff,FlareBlitz,PartingShot|||F|||50|,,,,,Ghost]Ursaluna||FlameOrb|Guts|Facade,HeadlongRush,Earthquake,Protect|||M|||50|,,,,,Fairy]Kilowattrel||FocusSash|Competitive|Thunderbolt,AirSlash,Tailwind,Protect|||F|||50|,,,,,Ghost]Gholdengo||LifeOrb|GoodasGold|MakeItRain,ShadowBall,NastyPlot,Protect||||||50|,,,,,Flying]Amoonguss||SitrusBerry|Regenerator|Spore,RagePowder,SludgeBomb,Protect|||F|||50|,,,,,Water]Farigiraf||ThroatSpray|ArmorTail|HyperVoice,Psychic,Protect,TrickRoom|||F|||50|,,,,,Fairy
|
|t:|1757201289
|teamsize|p1|4
|teamsize|p2|4
|start
|switch|p1a: Tyranitar|Tyranitar, L50, M|100/100
|switch|p1b: Murkrow|Murkrow, L50, M|100/100
|switch|p2a: Incineroar|Incineroar, L50, F|100/100
|switch|p2b: Dinko|Ursaluna, L50, M|100/100
|-weather|Sandstorm|[from] ability: Sand Stream|[of] p1a: Tyranitar
|-ability|p2a: Incineroar|Intimidate|boost
|-unboost|p1a: Tyranitar|atk|1
|-unboost|p1b: Murkrow|atk|1
|turn|1
|
|t:|1757201335
|move|p2b: Dinko|Protect|p2b: Dinko
|-singleturn|p2b: Dinko|Protect
|move|p1b: Murkrow|Haze|p1b: Murkrow
|-clearallboost
|move|p1a: Tyranitar|Rock Slide|p2a: Incineroar|[spread] p2a
|-activate|p2b: Dinko|move: Protect
|-supereffective|p2a: Incineroar
|-damage|p2a: Incineroar|41/100
|cant|p2a: Incineroar|flinch
|
|-weather|Sandstorm|[upkeep]
|-damage|p1b: Murkrow|95/100|[from] Sandstorm
|-status|p2b: Dinko|brn|[from] item: Flame Orb
|upkeep
|turn|2
|
|t:|1757201361
|-terastallize|p2a: Incineroar|Ghost
|move|p1a: Tyranitar|Knock Off|p2b: Dinko
|-crit|p2b: Dinko
|-damage|p2b: Dinko|41/100 brn
|-enditem|p2b: Dinko|Flame Orb|[from] move: Knock Off|[of] p1a: Tyranitar
|move|p1b: Murkrow|Foul Play|p2b: Dinko
|-damage|p2b: Dinko|0 fnt
|faint|p2b: Dinko
|move|p2a: Incineroar|Parting Shot|p1a: Tyranitar
|-unboost|p1a: Tyranitar|atk|1
|-unboost|p1a: Tyranitar|spa|1
|
|t:|1757201371
|switch|p2a: Mr Worldwide|Gholdengo, L50|100/100|[from] Parting Shot
|
|-weather|Sandstorm|[upkeep]
|-damage|p1b: Murkrow|89/100|[from] Sandstorm
|upkeep
|
|t:|1757201378
|switch|p2b: Incineroar|Incineroar, L50, F, tera:Ghost|41/100
|-ability|p2b: Incineroar|Intimidate|boost
|-unboost|p1a: Tyranitar|atk|1
|-unboost|p1b: Murkrow|atk|1
|turn|3
|
|t:|1757201390
|move|p2b: Incineroar|Fake Out|p1a: Tyranitar
|-resisted|p1a: Tyranitar
|-damage|p1a: Tyranitar|96/100
|move|p1b: Murkrow|Tailwind|p1b: Murkrow
|-sidestart|p1: JulesRen|move: Tailwind
|cant|p1a: Tyranitar|flinch
|move|p2a: Mr Worldwide|Make It Rain|p1b: Murkrow|[spread] p1a,p1b
|-supereffective|p1a: Tyranitar
|-damage|p1a: Tyranitar|45/100
|-damage|p1b: Murkrow|44/100
|-unboost|p2a: Mr Worldwide|spa|1
|-damage|p2a: Mr Worldwide|91/100|[from] item: Life Orb
|
|-weather|Sandstorm|[upkeep]
|-damage|p1b: Murkrow|38/100|[from] Sandstorm
|upkeep
|turn|4
|
|t:|1757201409
|move|p2a: Mr Worldwide|Protect|p2a: Mr Worldwide
|-singleturn|p2a: Mr Worldwide|Protect
|move|p1b: Murkrow|Haze|p1b: Murkrow
|-clearallboost
|move|p1a: Tyranitar|Knock Off|p2a: Mr Worldwide
|-activate|p2a: Mr Worldwide|move: Protect
|move|p2b: Incineroar|Parting Shot|p1a: Tyranitar
|-unboost|p1a: Tyranitar|atk|1
|-unboost|p1a: Tyranitar|spa|1
|
|t:|1757201418
|switch|p2b: Big Bird|Kilowattrel, L50, F|100/100|[from] Parting Shot
|
|-weather|Sandstorm|[upkeep]
|-damage|p1b: Murkrow|32/100|[from] Sandstorm
|-damage|p2b: Big Bird|94/100|[from] Sandstorm
|upkeep
|turn|5
|
|t:|1757201427
|switch|p2a: Incineroar|Incineroar, L50, F, tera:Ghost|41/100
|-ability|p2a: Incineroar|Intimidate|boost
|-unboost|p1a: Tyranitar|atk|1
|-unboost|p1b: Murkrow|atk|1
|move|p1b: Murkrow|Taunt|p2b: Big Bird
|-start|p2b: Big Bird|move: Taunt
|move|p1a: Tyranitar|Knock Off|p2a: Incineroar
|-supereffective|p2a: Incineroar
|-damage|p2a: Incineroar|0 fnt
|-enditem|p2a: Incineroar|Safety Goggles|[from] move: Knock Off|[of] p1a: Tyranitar
|faint|p2a: Incineroar
|move|p2b: Big Bird|Thunderbolt|p1b: Murkrow
|-supereffective|p1b: Murkrow
|-damage|p1b: Murkrow|0 fnt
|faint|p1b: Murkrow
|
|-weather|none
|upkeep
|
|t:|1757201450
|switch|p1b: Ursaluna|Ursaluna-Bloodmoon, L50, M|100/100
|switch|p2a: Mr Worldwide|Gholdengo, L50|91/100
|turn|6
|
|t:|1757201466
|-terastallize|p1b: Ursaluna|Normal
|move|p2a: Mr Worldwide|Protect|p2a: Mr Worldwide
|-singleturn|p2a: Mr Worldwide|Protect
|move|p1a: Tyranitar|Knock Off|p2a: Mr Worldwide
|-activate|p2a: Mr Worldwide|move: Protect
|move|p1b: Ursaluna|Hyper Voice|p2b: Big Bird|[spread] p2b
|-activate|p2a: Mr Worldwide|move: Protect
|-damage|p2b: Big Bird|0 fnt
|faint|p2b: Big Bird
|
|-sideend|p1: JulesRen|move: Tailwind
|upkeep
|turn|7
|
|t:|1757201500
|move|p2a: Mr Worldwide|Make It Rain|p1b: Ursaluna|[spread] p1a,p1b
|-supereffective|p1a: Tyranitar
|-damage|p1a: Tyranitar|0 fnt
|-damage|p1b: Ursaluna|24/100
|-unboost|p2a: Mr Worldwide|spa|1
|faint|p1a: Tyranitar
|-damage|p2a: Mr Worldwide|82/100|[from] item: Life Orb
|move|p1b: Ursaluna|Blood Moon|p2a: Mr Worldwide
|-resisted|p2a: Mr Worldwide
|-damage|p2a: Mr Worldwide|21/100
|
|upkeep
|
|t:|1757201509
|switch|p1a: Garchomp|Garchomp, L50, F|100/100
|turn|8
|
|t:|1757201515
|move|p1b: Ursaluna|Protect|p1b: Ursaluna
|-singleturn|p1b: Ursaluna|Protect
|move|p1a: Garchomp|Earthquake|p2a: Mr Worldwide|[spread] p2a
|-activate|p1b: Ursaluna|move: Protect
|-supereffective|p2a: Mr Worldwide
|-damage|p2a: Mr Worldwide|0 fnt
|faint|p2a: Mr Worldwide
|
|win|JulesRen
|raw|JulesRen's rating: 1157 → 1185(+28 for winning)
|raw|lillyrosethedemon's rating: 1197 → 1169(-28 for losing)
