|j|☆syndra1999
|j|☆gundi8
|html|syndra1999gundi8    
|uhtml|bestof|Game 2 of a best-of-3
|t:|1757630903
|gametype|doubles
|player|p1|syndra1999|169|1139
|player|p2|gundi8|ethan-gen2|1104
|gen|9
|tier|[Gen 9] VGC 2025 Reg H (Bo3)
|rated|
|rule|Species Clause: Limit one of each Pokémon
|rule|Item Clause: Limit 1 of each item
|clearpoke
|poke|p1|Ursaluna-Bloodmoon, L50, M|
|poke|p1|Dragonite, L50, F|
|poke|p1|Gholdengo, L50|
|poke|p1|Rillaboom, L50, M|
|poke|p1|Ninetales-Alola, L50, M|
|poke|p1|Porygon2, L50|
|poke|p2|Garchomp, L50, M|
|poke|p2|Jumpluff, L50, F|
|poke|p2|Torkoal, L50, M|
|poke|p2|Dragonite, L50, F|
|poke|p2|Kingambit, L50, F|
|poke|p2|Typhlosion-Hisui, L50, M|
|teampreview|4
|showteam|p1|Ursaluna-Bloodmoon||AssaultVest|MindsEye|HyperVoice,BloodMoon,EarthPower,VacuumWave|||M|||50|,,,,,Water]Dragonite||LoadedDice|Multiscale|ScaleShot,Tailwind,Haze,Protect|||F|||50|,,,,,Fairy]Gholdengo||LifeOrb|GoodasGold|MakeItRain,ShadowBall,NastyPlot,Protect||||||50|,,,,,Water]Rillaboom||MiracleSeed|GrassySurge|FakeOut,GrassyGlide,WoodHammer,HighHorsepower|||M|||50|,,,,,Grass]Ninetales-Alola||CovertCloak|SnowWarning|AuroraVeil,Blizzard,HelpingHand,FreezeDry|||M|||50|,,,,,Ice]Porygon2||Eviolite|Download|TrickRoom,TeraBlast,Recover,Thunderbolt||||||50|,,,,,Fighting
|showteam|p2|Garchomp||LifeOrb|RoughSkin|DragonClaw,StompingTantrum,Earthquake,Protect|||M|||50|,,,,,Fire]Jumpluff||CovertCloak|Chlorophyll|LeafStorm,SleepPowder,Encore,Tailwind|||F|||50|,,,,,Dark]Torkoal||EjectPack|Drought|Overheat,BurningJealousy,HelpingHand,Protect|||M|||50|,,,,,Flying]Dragonite||LoadedDice|InnerFocus|ScaleShot,ExtremeSpeed,Haze,Protect|||F|||50|,,,,,Fairy]Kingambit||AssaultVest|Defiant|IronHead,SuckerPunch,Assurance,LowKick|||F|||50|,,,,,Flying]Typhlosion-Hisui||ChoiceSpecs|Blaze|Eruption,ShadowBall,HeatWave,Overheat|||M|||50|,,,,,Fire
|inactive|Battle timer is ON: inactive players will automatically lose when time's up. (requested by gundi8)
|inactive|syndra1999 has 60 seconds left.
|
|t:|1757630960
|teamsize|p1|4
|teamsize|p2|4
|start
|switch|p1a: Gholdengo|Gholdengo, L50|100/100
|switch|p1b: Rillaboom|Rillaboom, L50, M|100/100
|switch|p2a: Kingambit|Kingambit, L50, F|100/100
|switch|p2b: Typhlosion|Typhlosion-Hisui, L50, M|100/100
|-fieldstart|move: Grassy Terrain|[from] ability: Grassy Surge|[of] p1b: Rillaboom
|turn|1
|inactive|syndra1999 has 30 seconds left.
|inactive|syndra1999 has 20 seconds left.
|
|t:|1757630997
|-terastallize|p1a: Gholdengo|Water
|move|p1b: Rillaboom|Fake Out|p2a: Kingambit
|-resisted|p2a: Kingambit
|-damage|p2a: Kingambit|94/100
|move|p2b: Typhlosion|Eruption|p1b: Rillaboom|[spread] p1a,p1b
|-resisted|p1a: Gholdengo
|-supereffective|p1b: Rillaboom
|-damage|p1a: Gholdengo|58/100
|-damage|p1b: Rillaboom|0 fnt
|faint|p1b: Rillaboom
|move|p1a: Gholdengo|Shadow Ball|p2b: Typhlosion
|-supereffective|p2b: Typhlosion
|-damage|p2b: Typhlosion|0 fnt
|faint|p2b: Typhlosion
|-damage|p1a: Gholdengo|49/100|[from] item: Life Orb
|cant|p2a: Kingambit|flinch
|
|-heal|p1a: Gholdengo|55/100|[from] Grassy Terrain
|-heal|p2a: Kingambit|100/100|[from] Grassy Terrain
|upkeep
|
|t:|1757631020
|switch|p2b: Garchomp|Garchomp, L50, M|100/100
|switch|p1b: Dragonite|Dragonite, L50, F|100/100
|turn|2
|inactive|syndra1999 has 30 seconds left.
|
|t:|1757631047
|switch|p1a: Ursaluna|Ursaluna-Bloodmoon, L50, M|100/100
|-terastallize|p2b: Garchomp|Fire
|move|p2b: Garchomp|Dragon Claw|p1b: Dragonite
|-supereffective|p1b: Dragonite
|-damage|p1b: Dragonite|42/100
|-damage|p2b: Garchomp|91/100|[from] item: Life Orb
|move|p1b: Dragonite|Tailwind|p1b: Dragonite
|-sidestart|p1: syndra1999|move: Tailwind
|move|p2a: Kingambit|Assurance|p1a: Ursaluna
|-damage|p1a: Ursaluna|75/100
|
|-heal|p2b: Garchomp|97/100|[from] Grassy Terrain
|-heal|p1a: Ursaluna|81/100|[from] Grassy Terrain
|upkeep
|turn|3
|inactive|syndra1999 has 30 seconds left.
|inactive|gundi8 has 30 seconds left.
|inactive|syndra1999 has 20 seconds left.
|inactive|syndra1999 has 15 seconds left.
|
|t:|1757631088
|move|p1b: Dragonite|Protect|p1b: Dragonite
|-singleturn|p1b: Dragonite|Protect
|move|p2b: Garchomp|Dragon Claw|p1b: Dragonite
|-activate|p1b: Dragonite|move: Protect
|move|p1a: Ursaluna|Earth Power|p2a: Kingambit
|-supereffective|p2a: Kingambit
|-damage|p2a: Kingambit|36/100
|move|p2a: Kingambit|Low Kick|p1a: Ursaluna
|-supereffective|p1a: Ursaluna
|-damage|p1a: Ursaluna|15/100
|
|-heal|p2b: Garchomp|100/100|[from] Grassy Terrain
|-heal|p1a: Ursaluna|20/100|[from] Grassy Terrain
|-heal|p2a: Kingambit|42/100|[from] Grassy Terrain
|upkeep
|turn|4
|inactive|syndra1999 has 30 seconds left.
|inactive|gundi8 has 30 seconds left.
|
|t:|1757631119
|switch|p1a: Gholdengo|Gholdengo, L50, tera:Water|55/100
|move|p2a: Kingambit|Sucker Punch||[still]
|-fail|p2a: Kingambit
|move|p1b: Dragonite|Scale Shot|p2b: Garchomp
|-damage|p2b: Garchomp|86/100
|-damage|p2b: Garchomp|74/100
|-damage|p2b: Garchomp|61/100
|-damage|p2b: Garchomp|48/100
|-hitcount|p2b: Garchomp|4
|-unboost|p1b: Dragonite|def|1
|-boost|p1b: Dragonite|spe|1
|move|p2b: Garchomp|Dragon Claw|p1b: Dragonite
|-supereffective|p1b: Dragonite
|-damage|p1b: Dragonite|0 fnt
|faint|p1b: Dragonite
|-damage|p2b: Garchomp|39/100|[from] item: Life Orb
|
|-heal|p1a: Gholdengo|61/100|[from] Grassy Terrain
|-heal|p2b: Garchomp|44/100|[from] Grassy Terrain
|-heal|p2a: Kingambit|48/100|[from] Grassy Terrain
|upkeep
|
|t:|1757631139
|switch|p1b: Ursaluna|Ursaluna-Bloodmoon, L50, M|20/100
|turn|5
|inactive|syndra1999 has 30 seconds left.
|
|t:|1757631169
|switch|p2a: Torkoal|Torkoal, L50, M, shiny|100/100
|-weather|SunnyDay|[from] ability: Drought|[of] p2a: Torkoal
|move|p2b: Garchomp|Protect|p2b: Garchomp
|-singleturn|p2b: Garchomp|Protect
|move|p1a: Gholdengo|Nasty Plot|p1a: Gholdengo
|-boost|p1a: Gholdengo|spa|2
|move|p1b: Ursaluna|Earth Power|p2a: Torkoal
|-supereffective|p2a: Torkoal
|-damage|p2a: Torkoal|14/100
|
|-weather|SunnyDay|[upkeep]
|-heal|p1a: Gholdengo|67/100|[from] Grassy Terrain
|-heal|p2b: Garchomp|50/100|[from] Grassy Terrain
|-heal|p1b: Ursaluna|26/100|[from] Grassy Terrain
|-heal|p2a: Torkoal|19/100|[from] Grassy Terrain
|-sideend|p1: syndra1999|move: Tailwind
|-fieldend|move: Grassy Terrain
|upkeep
|turn|6
|inactive|syndra1999 has 30 seconds left.
|
|t:|1757631201
|move|p2a: Torkoal|Helping Hand|p2b: Garchomp
|-singleturn|p2b: Garchomp|Helping Hand|[of] p2a: Torkoal
|move|p2b: Garchomp|Earthquake|p1a: Gholdengo|[spread] p2a,p1a,p1b
|-supereffective|p2a: Torkoal
|-damage|p2a: Torkoal|0 fnt
|-damage|p1a: Gholdengo|0 fnt
|-damage|p1b: Ursaluna|0 fnt
|faint|p2a: Torkoal
|faint|p1a: Gholdengo
|faint|p1b: Ursaluna
|-damage|p2b: Garchomp|41/100|[from] item: Life Orb
|
|win|gundi8
|raw|syndra1999's rating: 1139 → 1111(-28 for losing)
|raw|gundi8's rating: 1104 → 1132(+28 for winning)
|l|☆syndra1999
|player|p1|
