|j|☆iplaypadel
|j|☆natsukivgc
|html|iplaypadelnatsukivgc    
|uhtml|bestof|Game 2 of a best-of-3
|t:|1785482998
|gametype|doubles
|player|p1|iplaypadel|170|1154
|player|p2|natsukivgc|1|1202
|gen|9
|tier|[Gen 9 Champions] VGC 2026 Reg M-B (Bo3)
|rated|
|rule|Species Clause: Limit one of each Pokémon
|rule|Item Clause: Limit 1 of each item
|clearpoke
|poke|p1|Heracross, L50, M|
|poke|p1|Farigiraf, L50, F|
|poke|p1|Incineroar, L50, M|
|poke|p1|Basculegion, L50, M|
|poke|p1|Sylveon, L50, M|
|poke|p1|Tyranitar, L50, F|
|poke|p2|Charizard, L50, M|
|poke|p2|Sneasler, L50, M|
|poke|p2|Kingambit, L50, F|
|poke|p2|Dragonite, L50, M|
|poke|p2|Floette-Eternal, L50, F|
|poke|p2|Whimsicott, L50, M|
|teampreview|4
|showteam|p1|Heracross||Heracronite|Moxie|PinMissile,CloseCombat,BulletSeed,Protect|Adamant||M|||50|]Farigiraf||SitrusBerry|ArmorTail|TrickRoom,Psychic,Thunderbolt,Protect|Bold||F|||50|]Incineroar||ChopleBerry|Intimidate|FakeOut,FlareBlitz,ThroatChop,PartingShot|Careful||M|||50|]Basculegion||ChoiceScarf|Adaptability|WaveCrash,LastRespects,Liquidation,FlipTurn|Jolly||M|||50|]Sylveon||FairyFeather|Pixilate|HyperVoice,HyperBeam,QuickAttack,Detect|Modest||M|||50|]Tyranitar||Leftovers|SandStream|DragonDance,RockSlide,KnockOff,Protect|Adamant||F|||50|
|showteam|p2|Charizard||CharizarditeY|Blaze|HeatWave,SolarBeam,WeatherBall,Protect|Modest||M|||50|]Sneasler||WhiteHerb|Unburden|CloseCombat,DireClaw,FakeOut,Coaching|Jolly||M|||50|]Kingambit||BlackGlasses|Defiant|KowtowCleave,SuckerPunch,SwordsDance,Protect|Adamant||F|||50|]Dragonite||LifeOrb|InnerFocus|DragonClaw,LowKick,ExtremeSpeed,Protect|Adamant||M|||50|]Floette-Eternal||Floettite|FlowerVeil|Moonblast,DazzlingGleam,LightofRuin,Protect|Modest||F|||50|]Whimsicott||FocusSash|Prankster|Moonblast,Tailwind,Encore,Protect|Timid||M|||50|
|inactive|Battle timer is ON: inactive players will automatically lose when time's up. (requested by iplaypadel)
|
|t:|1785483018
|teamsize|p1|4
|teamsize|p2|4
|start
|switch|p1a: Heracross|Heracross, L50, M|100/100
|switch|p1b: Sylveon|Sylveon, L50, M|100/100
|switch|p2a: Dragonite|Dragonite, L50, M|100/100
|switch|p2b: Sneasler|Sneasler, L50, M|100/100
|turn|1
|inactive|natsukivgc has 30 seconds left.
|
|t:|1785483048
|switch|p2a: Charizard|Charizard, L50, M|100/100
|switch|p1b: Incineroar|Incineroar, L50, M|100/100
|-ability|p1b: Incineroar|Intimidate|boost
|-unboost|p2a: Charizard|atk|1
|-unboost|p2b: Sneasler|atk|1
|-enditem|p2b: Sneasler|White Herb
|-clearnegativeboost|p2b: Sneasler|[silent]
|detailschange|p1a: Heracross|Heracross-Mega, L50, M
|-mega|p1a: Heracross|Heracross|Heracronite
|move|p2b: Sneasler|Dire Claw|p1b: Incineroar
|-damage|p1b: Incineroar|62/100
|move|p1a: Heracross|Pin Missile|p2b: Sneasler
|-resisted|p2b: Sneasler|2
|-damage|p2b: Sneasler|91/100
|-resisted|p2b: Sneasler|2
|-damage|p2b: Sneasler|84/100
|-resisted|p2b: Sneasler|2
|-damage|p2b: Sneasler|75/100
|-resisted|p2b: Sneasler|2
|-damage|p2b: Sneasler|68/100
|-resisted|p2b: Sneasler|2
|-damage|p2b: Sneasler|60/100
|-hitcount|p2b: Sneasler|5
|
|upkeep
|turn|2
|inactive|natsukivgc has 30 seconds left.
|
|t:|1785483080
|detailschange|p2a: Charizard|Charizard-Mega-Y, L50, M
|-mega|p2a: Charizard|Charizard|Charizardite Y
|-weather|SunnyDay|[from] ability: Drought|[of] p2a: Charizard
|move|p2a: Charizard|Protect|p2a: Charizard
|-singleturn|p2a: Charizard|Protect
|move|p1a: Heracross|Protect|p1a: Heracross
|-singleturn|p1a: Heracross|Protect
|move|p2b: Sneasler|Close Combat|p1b: Incineroar
|-supereffective|p1b: Incineroar|1
|-enditem|p1b: Incineroar|Chople Berry|[eat]
|-enditem|p1b: Incineroar|Chople Berry|[weaken]
|-damage|p1b: Incineroar|6/100
|-unboost|p2b: Sneasler|def|1
|-unboost|p2b: Sneasler|spd|1
|move|p1b: Incineroar|Parting Shot|p2b: Sneasler
|-unboost|p2b: Sneasler|atk|1
|-unboost|p2b: Sneasler|spa|1
|
|t:|1785483097
|switch|p1b: Tyranitar|Tyranitar, L50, F|100/100|[from] Parting Shot
|-weather|Sandstorm|[from] ability: Sand Stream|[of] p1b: Tyranitar
|
|-weather|Sandstorm|[upkeep]
|-damage|p2b: Sneasler|54/100|[from] Sandstorm
|-damage|p2a: Charizard|94/100|[from] Sandstorm
|-damage|p1a: Heracross|94/100|[from] Sandstorm
|upkeep
|turn|3
|inactive|natsukivgc has 30 seconds left.
|
|t:|1785483132
|switch|p1b: Incineroar|Incineroar, L50, M|6/100
|-ability|p1b: Incineroar|Intimidate|boost
|-unboost|p2a: Charizard|atk|1
|-unboost|p2b: Sneasler|atk|1
|move|p2b: Sneasler|Dire Claw|p1a: Heracross
|-damage|p1a: Heracross|74/100
|move|p2a: Charizard|Heat Wave|p1b: Incineroar|[spread] p1a,p1b
|-supereffective|p1a: Heracross|1
|-resisted|p1b: Incineroar|1
|-damage|p1a: Heracross|2/100
|-damage|p1b: Incineroar|0 fnt
|faint|p1b: Incineroar
|move|p1a: Heracross|Pin Missile|p2b: Sneasler
|-resisted|p2b: Sneasler|2
|-damage|p2b: Sneasler|42/100
|-resisted|p2b: Sneasler|2
|-damage|p2b: Sneasler|29/100
|-resisted|p2b: Sneasler|2
|-damage|p2b: Sneasler|19/100
|-resisted|p2b: Sneasler|2
|-crit|p2b: Sneasler
|-damage|p2b: Sneasler|1/100
|-resisted|p2b: Sneasler|2
|-damage|p2b: Sneasler|0 fnt
|faint|p2b: Sneasler
|-hitcount|p2: Sneasler|5
|
|-weather|Sandstorm|[upkeep]
|-damage|p2a: Charizard|88/100|[from] Sandstorm
|-damage|p1a: Heracross|0 fnt|[from] Sandstorm
|faint|p1a: Heracross
|upkeep
|inactive|natsukivgc has 30 seconds left.
|
|t:|1785483162
|switch|p2b: Kingambit|Kingambit, L50, F|100/100
|switch|p1a: Sylveon|Sylveon, L50, M|100/100
|switch|p1b: Tyranitar|Tyranitar, L50, F|100/100
|turn|4
|
|t:|1785483179
|move|p2a: Charizard|Heat Wave|p1a: Sylveon|[spread] p1a
|-miss|p2a: Charizard|p1b: Tyranitar
|-damage|p1a: Sylveon|67/100
|move|p1b: Tyranitar|Dragon Dance|p1b: Tyranitar
|-boost|p1b: Tyranitar|atk|1
|-boost|p1b: Tyranitar|spe|1
|move|p1a: Sylveon|Hyper Voice|p2a: Charizard|[spread] p2a,p2b
|-resisted|p2a: Charizard|1
|-damage|p2a: Charizard|68/100
|-damage|p2b: Kingambit|65/100
|move|p2b: Kingambit|Kowtow Cleave|p1a: Sylveon
|-resisted|p1a: Sylveon|1
|-damage|p1a: Sylveon|41/100
|
|-weather|Sandstorm|[upkeep]
|-damage|p2a: Charizard|62/100|[from] Sandstorm
|-damage|p1a: Sylveon|34/100|[from] Sandstorm
|upkeep
|turn|5
|inactive|natsukivgc has 30 seconds left.
|
|t:|1785483210
|move|p1b: Tyranitar|Rock Slide|p2b: Kingambit|[spread] p2a,p2b
|-supereffective|p2a: Charizard|2
|-resisted|p2b: Kingambit|1
|-damage|p2a: Charizard|0 fnt
|-damage|p2b: Kingambit|46/100
|faint|p2a: Charizard
|move|p1a: Sylveon|Hyper Voice|p2b: Kingambit
|-damage|p2b: Kingambit|0 fnt
|faint|p2b: Kingambit
|
|-weather|Sandstorm|[upkeep]
|-damage|p1a: Sylveon|28/100|[from] Sandstorm
|upkeep
|
|t:|1785483221
|switch|p2a: Dragonite|Dragonite, L50, M|100/100
|turn|6
|
|t:|1785483240
|move|p2a: Dragonite|Protect|p2a: Dragonite
|-singleturn|p2a: Dragonite|Protect
|move|p1b: Tyranitar|Rock Slide|p2a: Dragonite
|-activate|p2a: Dragonite|move: Protect
|move|p1a: Sylveon|Hyper Voice|p2a: Dragonite
|-activate|p2a: Dragonite|move: Protect
|
|-weather|none
|upkeep
|turn|7
|
|t:|1785483250
|move|p2a: Dragonite|Extreme Speed|p1a: Sylveon
|-damage|p1a: Sylveon|0 fnt
|faint|p1a: Sylveon
|-damage|p2a: Dragonite|90/100|[from] item: Life Orb
|move|p1b: Tyranitar|Rock Slide|p2a: Dragonite
|-supereffective|p2a: Dragonite|1
|-damage|p2a: Dragonite|0 fnt
|faint|p2a: Dragonite
|
|win|iplaypadel
|raw|iplaypadel's rating: 1154 → 1182(+28 for winning)
|raw|natsukivgc's rating: 1202 → 1174(-28 for losing)
