|j|☆Gurkensusli
|j|☆avalos jr
|html|Gurkensusliavalos jr    
|uhtml|bestof|Game 1 of a best-of-3
|t:|1783248174
|gametype|doubles
|player|p1|Gurkensusli|170|1049
|player|p2|avalos jr|miku-ghost|1033
|gen|9
|tier|[Gen 9 Champions] VGC 2026 Reg M-B (Bo3)
|rated|
|rule|Species Clause: Limit one of each Pokémon
|rule|Item Clause: Limit 1 of each item
|clearpoke
|poke|p1|Gengar, L50, F|
|poke|p1|Incineroar, L50, M|
|poke|p1|Garchomp, L50, F|
|poke|p1|Sneasler, L50, M|
|poke|p1|Whimsicott, L50, F|
|poke|p1|Starmie, L50|
|poke|p2|Floette-Eternal, L50, F|
|poke|p2|Incineroar, L50, M, shiny|
|poke|p2|Sinistcha, L50, shiny|
|poke|p2|Garchomp, L50, M, shiny|
|poke|p2|Whimsicott, L50, F, shiny|
|poke|p2|Delphox, L50, F, shiny|
|teampreview|4
|showteam|p1|Gengar||Gengarite|CursedBody|SludgeBomb,ShadowBall,DestinyBond,WillOWisp|Timid||F|||50|]Incineroar||SitrusBerry|Intimidate|FakeOut,FlareBlitz,Protect,PartingShot|Adamant||M|||50|]Garchomp||ChoiceScarf|RoughSkin|StompingTantrum,RockSlide,DragonClaw,IronHead|Jolly||F|||50|]Sneasler||LifeOrb|PoisonTouch|FakeOut,CloseCombat,DireClaw,Protect|Jolly||M|||50|]Whimsicott||FocusSash|Prankster|Moonblast,Tailwind,HelpingHand,Taunt|Bold||F|||50|]Starmie||Starminite|NaturalCure|AquaJet,IceSpinner,Liquidation,FlipTurn|Jolly|||||50|
|showteam|p2|Floette-Eternal||Floettite|FlowerVeil|DrainingKiss,DazzlingGleam,CalmMind,Protect|Modest||F|||50|]Incineroar||Charcoal|Intimidate|FakeOut,ThroatChop,FlareBlitz,PartingShot|Adamant||M|||50|]Sinistcha||KasibBerry|Hospitality|MatchaGotcha,RagePowder,LifeDew,TrickRoom|Bold|||||50|]Garchomp||LifeOrb|RoughSkin|RockTomb,Earthquake,DragonClaw,Protect|Jolly||M|||50|]Whimsicott||FairyFeather|Prankster|Moonblast,Tailwind,Encore,Protect|Timid||F|||50|]Delphox||Delphoxite|Blaze|HeatWave,Psychic,NastyPlot,Protect|Timid||F|||50|
|inactive|Battle timer is ON: inactive players will automatically lose when time's up. (requested by Gurkensusli)
|inactive|avalos jr also wants the timer to be on.
|inactive|Gurkensusli has 60 seconds left.
|inactive|avalos jr has 60 seconds left.
|
|t:|1783248226
|teamsize|p1|4
|teamsize|p2|4
|start
|switch|p1a: Gengar|Gengar, L50, F|100/100
|switch|p1b: Whimsicott|Whimsicott, L50, F|100/100
|switch|p2a: Psychopomp|Delphox, L50, F, shiny|100/100
|switch|p2b: Mr. Meow|Incineroar, L50, M, shiny|100/100
|-ability|p2b: Mr. Meow|Intimidate|boost
|-unboost|p1a: Gengar|atk|1
|-unboost|p1b: Whimsicott|atk|1
|turn|1
|inactive|Gurkensusli has 30 seconds left.
|inactive|Gurkensusli has 20 seconds left.
|inactive|Gurkensusli has 15 seconds left.
|inactive|Gurkensusli has 10 seconds left.
|inactive|Gurkensusli has 5 seconds left.
|
|t:|1783248276
|switch|p1a: Garchomp|Garchomp, L50, F|100/100
|detailschange|p2a: Psychopomp|Delphox-Mega, L50, F, shiny
|-mega|p2a: Psychopomp|Delphox|Delphoxite
|move|p2a: Psychopomp|Protect|p2a: Psychopomp
|-singleturn|p2a: Psychopomp|Protect
|move|p1b: Whimsicott|Tailwind|p1b: Whimsicott
|-sidestart|p1: Gurkensusli|move: Tailwind
|move|p2b: Mr. Meow|Throat Chop|p1a: Garchomp
|-damage|p1a: Garchomp|57/100
|-start|p1a: Garchomp|Throat Chop|[silent]
|-damage|p2b: Mr. Meow|87/100|[from] ability: Rough Skin|[of] p1a: Garchomp
|
|upkeep
|turn|2
|
|t:|1783248298
|switch|p2a: Beri|Sinistcha, L50, shiny|100/100
|-heal|p2b: Mr. Meow|100/100|[from] ability: Hospitality|[of] p2a: Beri
|move|p1b: Whimsicott|Helping Hand|p1a: Garchomp
|-singleturn|p1a: Garchomp|Helping Hand|[of] p1b: Whimsicott
|move|p1a: Garchomp|Rock Slide|p2b: Mr. Meow|[spread] p2a,p2b
|-supereffective|p2b: Mr. Meow|1
|-damage|p2a: Beri|78/100
|-damage|p2b: Mr. Meow|46/100
|move|p2b: Mr. Meow|Parting Shot|p1a: Garchomp
|-unboost|p1a: Garchomp|atk|1
|-unboost|p1a: Garchomp|spa|1
|
|t:|1783248308
|switch|p2b: Psychopomp|Delphox-Mega, L50, F, shiny|100/100|[from] Parting Shot
|
|-end|p1a: Garchomp|Throat Chop|[silent]
|upkeep
|turn|3
|
|t:|1783248324
|switch|p2a: Mr. Meow|Incineroar, L50, M, shiny|46/100
|-ability|p2a: Mr. Meow|Intimidate|boost
|-unboost|p1a: Garchomp|atk|1
|-unboost|p1b: Whimsicott|atk|1
|move|p2b: Psychopomp|Protect|p2b: Psychopomp
|-singleturn|p2b: Psychopomp|Protect
|move|p1b: Whimsicott|Taunt|p2a: Mr. Meow
|-hint|Since gen 7, Dark is immune to Prankster moves.
|-immune|p2a: Mr. Meow
|move|p1a: Garchomp|Rock Slide|p2a: Mr. Meow|[spread] p2a
|-activate|p2b: Psychopomp|move: Protect
|-supereffective|p2a: Mr. Meow|1
|-damage|p2a: Mr. Meow|25/100
|
|upkeep
|turn|4
|inactive|Gurkensusli has 30 seconds left.
|inactive|Gurkensusli has 20 seconds left.
|
|t:|1783248363
|switch|p1a: Sneasler|Sneasler, L50, M|100/100
|move|p2a: Mr. Meow|Fake Out|p1a: Sneasler
|-damage|p1a: Sneasler|74/100
|move|p1b: Whimsicott|Moonblast|p2a: Mr. Meow
|-damage|p2a: Mr. Meow|0 fnt
|faint|p2a: Mr. Meow
|move|p2b: Psychopomp|Psychic|p1a: Sneasler
|-supereffective|p1a: Sneasler|2
|-damage|p1a: Sneasler|0 fnt
|faint|p1a: Sneasler
|
|-sideend|p1: Gurkensusli|move: Tailwind
|upkeep
|inactive|Gurkensusli has 30 seconds left.
|inactive|Gurkensusli has 20 seconds left.
|inactive|Gurkensusli has 15 seconds left.
|
|t:|1783248405
|switch|p1a: Gengar|Gengar, L50, F|100/100
|switch|p2a: Jet|Garchomp, L50, M, shiny|100/100
|turn|5
|
|t:|1783248413
|detailschange|p1a: Gengar|Gengar-Mega, L50, F
|-mega|p1a: Gengar|Gengar|Gengarite
|move|p1b: Whimsicott|Tailwind|p1b: Whimsicott
|-sidestart|p1: Gurkensusli|move: Tailwind
|move|p1a: Gengar|Shadow Ball|p2b: Psychopomp
|-supereffective|p2b: Psychopomp|1
|-damage|p2b: Psychopomp|4/100
|-unboost|p2b: Psychopomp|spd|1
|move|p2b: Psychopomp|Heat Wave|p1b: Whimsicott|[spread] p1a,p1b
|-supereffective|p1b: Whimsicott|1
|-damage|p1a: Gengar|42/100
|-enditem|p1b: Whimsicott|Focus Sash
|-damage|p1b: Whimsicott|1/100
|move|p2a: Jet|Earthquake|p1a: Gengar|[spread] p1a,p1b
|-immune|p2b: Psychopomp|[from] ability: Levitate
|-supereffective|p1a: Gengar|1
|-resisted|p1b: Whimsicott|1
|-damage|p1a: Gengar|0 fnt
|-damage|p1b: Whimsicott|0 fnt
|faint|p1a: Gengar
|faint|p1b: Whimsicott
|-damage|p2a: Jet|90/100|[from] item: Life Orb
|
|upkeep
|
|t:|1783248433
|switch|p1b: Garchomp|Garchomp, L50, F|57/100
|turn|6
|
|t:|1783248451
|move|p1b: Garchomp|Rock Slide|p2b: Psychopomp|[spread] p2a,p2b
|-resisted|p2a: Jet|1
|-supereffective|p2b: Psychopomp|1
|-damage|p2a: Jet|80/100
|-damage|p2b: Psychopomp|0 fnt
|faint|p2b: Psychopomp
|move|p2a: Jet|Dragon Claw|p1b: Garchomp
|-supereffective|p1b: Garchomp|1
|-damage|p1b: Garchomp|0 fnt
|-damage|p2a: Jet|68/100|[from] ability: Rough Skin|[of] p1b: Garchomp
|faint|p1b: Garchomp
|-damage|p2a: Jet|58/100|[from] item: Life Orb
|
|win|avalos jr
||Gurkensusli is ready for game 2.
||avalos jr is ready for game 2.
|uhtml|next|Next: Game 2 of 3
|l|☆Gurkensusli
|player|p1|
