|j|☆WASHINGTONGARGACHA
|j|☆KorrinaOps5
|html|WASHINGTONGARGACHAKorrinaOps5    
|uhtml|bestof|Game 1 of a best-of-3
|t:|1757791948
|gametype|doubles
|player|p1|WASHINGTONGARGACHA|266|1119
|player|p2|KorrinaOps5|266|1097
|gen|9
|tier|[Gen 9] VGC 2025 Reg H (Bo3)
|rated|
|rule|Species Clause: Limit one of each Pokémon
|rule|Item Clause: Limit 1 of each item
|clearpoke
|poke|p1|Typhlosion-Hisui, L50, M|
|poke|p1|Whimsicott, L50, F|
|poke|p1|Dragapult, L50, M|
|poke|p1|Torkoal, L50, M|
|poke|p1|Lilligant-Hisui, L50, F|
|poke|p1|Electabuzz, L50, M|
|poke|p2|Pelipper, L50, M|
|poke|p2|Dragonite, L50, F|
|poke|p2|Sinistcha, L50|
|poke|p2|Incineroar, L50, F|
|poke|p2|Archaludon, L50, F|
|poke|p2|Ursaluna, L50, F|
|teampreview|4
|showteam|p1|Typhlosion-Hisui||ChoiceSpecs|Blaze|HeatWave,Eruption,ShadowBall,FocusPunch|||M|||50|,,,,,Fire]Whimsicott||CovertCloak|Prankster|Tailwind,Moonblast,SunnyDay,Encore|||F|||50|,,,,,Water]Dragapult||ChoiceBand|ClearBody|Uturn,SuckerPunch,DragonDarts,PhantomForce|||M|||50|,,,,,Dragon]Torkoal||LifeOrb|Drought|HeatWave,Eruption,Protect,WeatherBall|||M|||50|,,,,,Fire]Lilligant-Hisui||FocusSash|Chlorophyll|CloseCombat,SleepPowder,AfterYou,LeafBlade|||F|||50|,,,,,Ghost]Electabuzz||Eviolite|VitalSpirit|FollowMe,Taunt,Electroweb,Protect|||M|||50|,,,,,Grass
|showteam|p2|Pelipper||FocusSash|Drizzle|MuddyWater,Hurricane,Tailwind,Protect|||M|||50|,,,,,Stellar]Dragonite||LoadedDice|Multiscale|ScaleShot,Tailwind,Haze,Protect|||F|||50|,,,,,Steel]Sinistcha||SitrusBerry|Hospitality|MatchaGotcha,RagePowder,LifeDew,TrickRoom||||||50|,,,,,Water]Incineroar||SafetyGoggles|Intimidate|KnockOff,Taunt,PartingShot,FakeOut|||F|||50|,,,,,Ghost]Archaludon||AssaultVest|Stamina|FlashCannon,Snarl,BodyPress,ElectroShot|||F|||50|,,,,,Fighting]Ursaluna||FlameOrb|Guts|Facade,HeadlongRush,Earthquake,Protect|||F|||50|,,,,,Fairy
|inactive|Battle timer is ON: inactive players will automatically lose when time's up. (requested by KorrinaOps5)
|inactive|KorrinaOps5 has 60 seconds left.
|
|t:|1757792033
|teamsize|p1|4
|teamsize|p2|4
|start
|switch|p1a: Electabuzz|Electabuzz, L50, M|100/100
|switch|p1b: Dragapult|Dragapult, L50, M|100/100
|switch|p2a: Incineroar|Incineroar, L50, F|100/100
|switch|p2b: Archaludon|Archaludon, L50, F|100/100
|-ability|p2a: Incineroar|Intimidate|boost
|-unboost|p1a: Electabuzz|atk|1
|-fail|p1b: Dragapult|unboost|[from] ability: Clear Body|[of] p1b: Dragapult
|turn|1
|inactive|WASHINGTONGARGACHA has 30 seconds left.
|inactive|KorrinaOps5 has 30 seconds left.
|inactive|KorrinaOps5 has 20 seconds left.
|inactive|KorrinaOps5 has 15 seconds left.
|
|t:|1757792078
|-terastallize|p1b: Dragapult|Dragon
|move|p1a: Electabuzz|Follow Me|p1a: Electabuzz
|-singleturn|p1a: Electabuzz|move: Follow Me
|move|p1b: Dragapult|Dragon Darts|p2b: Archaludon
|-damage|p2b: Archaludon|70/100
|-ability|p2b: Archaludon|Stamina|boost
|-boost|p2b: Archaludon|def|1
|-anim|p1b: Dragapult|Dragon Darts|p2a: Incineroar
|-damage|p2a: Incineroar|53/100
|move|p2a: Incineroar|Parting Shot|p1a: Electabuzz
|-unboost|p1a: Electabuzz|atk|1
|-unboost|p1a: Electabuzz|spa|1
|
|t:|1757792090
|switch|p2a: Pelipper|Pelipper, L50, M|100/100|[from] Parting Shot
|-weather|RainDance|[from] ability: Drizzle|[of] p2a: Pelipper
|move|p2b: Archaludon|Electro Shot||[still]
|-prepare|p2b: Archaludon|Electro Shot
|-boost|p2b: Archaludon|spa|1
|-anim|p2b: Archaludon|Electro Shot|p1a: Electabuzz
|-resisted|p1a: Electabuzz
|-damage|p1a: Electabuzz|80/100
|
|-weather|RainDance|[upkeep]
|upkeep
|turn|2
|inactive|KorrinaOps5 has 30 seconds left.
|inactive|KorrinaOps5 has 20 seconds left.
|inactive|KorrinaOps5 has 15 seconds left.
|inactive|KorrinaOps5 has 10 seconds left.
|inactive|KorrinaOps5 has 5 seconds left.
|
|t:|1757792142
|move|p1a: Electabuzz|Follow Me|p1a: Electabuzz
|-singleturn|p1a: Electabuzz|move: Follow Me
|move|p1b: Dragapult|Dragon Darts|p2a: Pelipper
|-damage|p2a: Pelipper|44/100
|-anim|p1b: Dragapult|Dragon Darts|p2b: Archaludon
|-damage|p2b: Archaludon|50/100
|-ability|p2b: Archaludon|Stamina|boost
|-boost|p2b: Archaludon|def|1
|move|p2a: Pelipper|Hurricane|p1a: Electabuzz
|-resisted|p1a: Electabuzz
|-damage|p1a: Electabuzz|62/100
|move|p2b: Archaludon|Flash Cannon|p1a: Electabuzz
|-resisted|p1a: Electabuzz
|-damage|p1a: Electabuzz|43/100
|
|-weather|RainDance|[upkeep]
|upkeep
|turn|3
|
|t:|1757792162
|switch|p2a: Incineroar|Incineroar, L50, F|53/100
|-ability|p2a: Incineroar|Intimidate|boost
|-unboost|p1a: Electabuzz|atk|1
|-fail|p1b: Dragapult|unboost|[from] ability: Clear Body|[of] p1b: Dragapult
|move|p1a: Electabuzz|Follow Me|p1a: Electabuzz
|-singleturn|p1a: Electabuzz|move: Follow Me
|move|p1b: Dragapult|Dragon Darts|p2a: Incineroar
|-damage|p2a: Incineroar|2/100
|-anim|p1b: Dragapult|Dragon Darts|p2b: Archaludon
|-damage|p2b: Archaludon|33/100
|-ability|p2b: Archaludon|Stamina|boost
|-boost|p2b: Archaludon|def|1
|move|p2b: Archaludon|Body Press|p1a: Electabuzz
|-damage|p1a: Electabuzz|0 fnt
|faint|p1a: Electabuzz
|
|-weather|RainDance|[upkeep]
|upkeep
|
|t:|1757792180
|switch|p1a: Torkoal|Torkoal, L50, M|100/100
|-weather|SunnyDay|[from] ability: Drought|[of] p1a: Torkoal
|turn|4
|
|t:|1757792200
|move|p2a: Incineroar|Fake Out|p1b: Dragapult
|-damage|p1b: Dragapult|85/100
|cant|p1b: Dragapult|flinch
|move|p2b: Archaludon|Body Press|p1b: Dragapult
|-damage|p1b: Dragapult|0 fnt
|faint|p1b: Dragapult
|move|p1a: Torkoal|Heat Wave|p2a: Incineroar|[spread] p2a,p2b
|-resisted|p2a: Incineroar
|-crit|p2b: Archaludon
|-damage|p2a: Incineroar|0 fnt
|-damage|p2b: Archaludon|0 fnt
|faint|p2a: Incineroar
|faint|p2b: Archaludon
|-damage|p1a: Torkoal|91/100|[from] item: Life Orb
|
|-weather|SunnyDay|[upkeep]
|upkeep
|inactive|KorrinaOps5 has 30 seconds left.
|inactive|KorrinaOps5 has 20 seconds left.
|inactive|KorrinaOps5 has 15 seconds left.
|inactive|KorrinaOps5 has 10 seconds left.
|
|t:|1757792246
|switch|p1b: Lilligant|Lilligant-Hisui, L50, F|100/100
|switch|p2a: Pelipper|Pelipper, L50, M|44/100
|switch|p2b: Dragonite|Dragonite, L50, F|100/100
|-weather|RainDance|[from] ability: Drizzle|[of] p2a: Pelipper
|turn|5
|inactive|WASHINGTONGARGACHA has 30 seconds left.
|inactive|WASHINGTONGARGACHA has 20 seconds left.
|inactive|WASHINGTONGARGACHA has 15 seconds left.
|inactive|WASHINGTONGARGACHA has 10 seconds left.
|
|t:|1757792294
|move|p2b: Dragonite|Protect|p2b: Dragonite
|-singleturn|p2b: Dragonite|Protect
|move|p1a: Torkoal|Protect|p1a: Torkoal
|-singleturn|p1a: Torkoal|Protect
|move|p1b: Lilligant|Sleep Powder|p2b: Dragonite
|-activate|p2b: Dragonite|move: Protect
|move|p2a: Pelipper|Muddy Water|p1a: Torkoal|[spread] p1b
|-activate|p1a: Torkoal|move: Protect
|-resisted|p1b: Lilligant
|-damage|p1b: Lilligant|68/100
|
|-weather|RainDance|[upkeep]
|upkeep
|turn|6
|inactive|KorrinaOps5 has 30 seconds left.
|
|t:|1757792321
|move|p1b: Lilligant|Sleep Powder|p2b: Dragonite
|-status|p2b: Dragonite|slp|[from] move: Sleep Powder
|cant|p2b: Dragonite|slp
|move|p2a: Pelipper|Muddy Water|p1b: Lilligant|[spread] p1a,p1b
|-supereffective|p1a: Torkoal
|-resisted|p1b: Lilligant
|-damage|p1a: Torkoal|0 fnt
|-damage|p1b: Lilligant|32/100
|faint|p1a: Torkoal
|
|-weather|RainDance|[upkeep]
|upkeep
|turn|7
|
|t:|1757792337
|move|p1b: Lilligant|Leaf Blade|p2b: Dragonite
|-resisted|p2b: Dragonite
|-crit|p2b: Dragonite
|-damage|p2b: Dragonite|92/100 slp
|-curestatus|p2b: Dragonite|slp|[msg]
|move|p2b: Dragonite|Scale Shot|p1b: Lilligant
|-damage|p1b: Lilligant|9/100
|-damage|p1b: Lilligant|0 fnt
|faint|p1b: Lilligant
|-hitcount|p1: Lilligant|2
|
|win|KorrinaOps5
