|j|☆FunkleVGC
|j|☆TheNo0dles
|html|FunkleVGCTheNo0dles    
|uhtml|bestof|Game 2 of a best-of-3
|t:|1782258514
|gametype|doubles
|player|p1|FunkleVGC|fisherman-gen4|1203
|player|p2|TheNo0dles|nate|1040
|gen|9
|tier|[Gen 9 Champions] VGC 2026 Reg M-B (Bo3)
|rated|
|rule|Species Clause: Limit one of each Pokémon
|rule|Item Clause: Limit 1 of each item
|clearpoke
|poke|p1|Mawile, L50, M|
|poke|p1|Farigiraf, L50, M|
|poke|p1|Pelipper, L50, M|
|poke|p1|Archaludon, L50, F|
|poke|p1|Basculegion, L50, M|
|poke|p1|Maushold-Four, L50|
|poke|p2|Samurott, L50, M, shiny|
|poke|p2|Dragonite, L50, M|
|poke|p2|Meowstic, L50, M|
|poke|p2|Lucario, L50, F, shiny|
|poke|p2|Ninetales-Alola, L50, F|
|poke|p2|Archaludon, L50, M|
|teampreview|4
|showteam|p1|Mawile||Mawilite|HyperCutter|IronHead,PlayRough,SuckerPunch,Protect|Adamant||M|||50|]Farigiraf||SitrusBerry|ArmorTail|Psychic,HelpingHand,TrickRoom,Protect|Bold||M|||50|]Pelipper||LifeOrb|Drizzle|WeatherBall,Hurricane,Tailwind,Protect|Modest||M|||50|]Archaludon||Leftovers|Stamina|ElectroShot,FlashCannon,DragonPulse,Protect|Modest||F|||50|]Basculegion||ChoiceScarf|Adaptability|WaveCrash,LastRespects,FlipTurn,AquaJet|Jolly||M|||50|]Maushold-Four||FocusSash|FriendGuard|SuperFang,FollowMe,Encore,Protect|Jolly|||||50|
|showteam|p2|Samurott||SitrusBerry|ShellArmor|HydroPump,IceBeam,Taunt,VacuumWave|Mild||M|||50|]Dragonite||RoseliBerry|Multiscale|ExtremeSpeed,DragonClaw,Tailwind,Protect|Jolly||M|||50|]Meowstic||FocusSash|Prankster|RainDance,FakeOut,TrickRoom,LightScreen|Timid||M|||50|]Lucario||Lucarionite|InnerFocus|BulletPunch,CloseCombat,MeteorMash,Protect|Adamant||F|||50|]Ninetales-Alola||KebiaBerry|SnowWarning|Blizzard,AuroraVeil,Moonblast,Protect|Bold||F|||50|]Archaludon||ChoiceScarf|Sturdy|Thunderbolt,DracoMeteor,FlashCannon,AuraSphere|Timid||M|||50|
|inactive|Battle timer is ON: inactive players will automatically lose when time's up. (requested by FunkleVGC)
|
|t:|1782258559
|teamsize|p1|4
|teamsize|p2|4
|start
|switch|p1a: Archaludon|Archaludon, L50, F|100/100
|switch|p1b: Basculegion|Basculegion, L50, M|100/100
|switch|p2a: Archaludon|Archaludon, L50, M|100/100
|switch|p2b: Samurott|Samurott, L50, M, shiny|100/100
|turn|1
|inactive|TheNo0dles has 30 seconds left.
|
|t:|1782258584
|move|p2a: Archaludon|Thunderbolt|p1b: Basculegion
|-supereffective|p1b: Basculegion|1
|-damage|p1b: Basculegion|34/100
|move|p1b: Basculegion|Flip Turn|p2b: Samurott
|-resisted|p2b: Samurott|1
|-damage|p2b: Samurott|76/100
|
|t:|1782258590
|switch|p1b: Pelipper|Pelipper, L50, M|100/100|[from] Flip Turn
|-weather|RainDance|[from] ability: Drizzle|[of] p1b: Pelipper
|move|p1a: Archaludon|Electro Shot||[still]
|-prepare|p1a: Archaludon|Electro Shot
|-boost|p1a: Archaludon|spa|1
|-anim|p1a: Archaludon|Electro Shot|p2b: Samurott
|-supereffective|p2b: Samurott|1
|-damage|p2b: Samurott|0 fnt
|faint|p2b: Samurott
|
|-weather|RainDance|[upkeep]
|upkeep
|
|t:|1782258606
|switch|p2b: Lucario|Lucario, L50, F, shiny|100/100
|turn|2
|
|t:|1782258625
|switch|p1a: Basculegion|Basculegion, L50, M|34/100
|switch|p1b: Mawile|Mawile, L50, M|100/100
|detailschange|p2b: Lucario|Lucario-Mega, L50, F, shiny
|-mega|p2b: Lucario|Lucario|Lucarionite
|move|p2a: Archaludon|Thunderbolt|p1b: Mawile
|-crit|p1b: Mawile
|-damage|p1b: Mawile|15/100
|move|p2b: Lucario|Close Combat|p1a: Basculegion
|-immune|p1a: Basculegion
|
|-weather|RainDance|[upkeep]
|upkeep
|turn|3
|
|t:|1782258645
|switch|p1a: Archaludon|Archaludon, L50, F|100/100
|detailschange|p1b: Mawile|Mawile-Mega, L50, M
|-mega|p1b: Mawile|Mawile|Mawilite
|move|p2b: Lucario|Bullet Punch|p1a: Archaludon
|-resisted|p1a: Archaludon|1
|-damage|p1a: Archaludon|88/100
|-ability|p1a: Archaludon|Stamina|boost
|-boost|p1a: Archaludon|def|1
|move|p2a: Archaludon|Thunderbolt|p1a: Archaludon
|-resisted|p1a: Archaludon|1
|-damage|p1a: Archaludon|73/100
|-ability|p1a: Archaludon|Stamina|boost
|-boost|p1a: Archaludon|def|1
|move|p1b: Mawile|Play Rough|p2b: Lucario
|-damage|p2b: Lucario|0 fnt
|faint|p2b: Lucario
|
|-weather|RainDance|[upkeep]
|-heal|p1a: Archaludon|79/100|[from] item: Leftovers
|upkeep
|
|t:|1782258662
|switch|p2b: Ninetales|Ninetales-Alola, L50, F|100/100
|-weather|Snowscape|[from] ability: Snow Warning|[of] p2b: Ninetales
|turn|4
|
|t:|1782258675
|move|p2b: Ninetales|Protect|p2b: Ninetales
|-singleturn|p2b: Ninetales|Protect
|move|p1b: Mawile|Protect|p1b: Mawile
|-singleturn|p1b: Mawile|Protect
|move|p2a: Archaludon|Thunderbolt|p1b: Mawile
|-activate|p1b: Mawile|move: Protect
|move|p1a: Archaludon|Flash Cannon|p2b: Ninetales
|-activate|p2b: Ninetales|move: Protect
|
|-weather|Snowscape|[upkeep]
|-heal|p1a: Archaludon|85/100|[from] item: Leftovers
|upkeep
|turn|5
|
|t:|1782258689
|switch|p1b: Pelipper|Pelipper, L50, M|100/100
|-weather|RainDance|[from] ability: Drizzle|[of] p1b: Pelipper
|move|p2a: Archaludon|Thunderbolt|p1b: Pelipper
|-supereffective|p1b: Pelipper|2
|-damage|p1b: Pelipper|0 fnt
|faint|p1b: Pelipper
|move|p2b: Ninetales|Moonblast|p1a: Archaludon
|-damage|p1a: Archaludon|57/100
|-unboost|p1a: Archaludon|spa|1
|-ability|p1a: Archaludon|Stamina|boost
|-boost|p1a: Archaludon|def|1
|move|p1a: Archaludon|Electro Shot||[still]
|-prepare|p1a: Archaludon|Electro Shot
|-boost|p1a: Archaludon|spa|1
|-anim|p1a: Archaludon|Electro Shot|p2b: Ninetales
|-damage|p2b: Ninetales|60/100
|
|-weather|RainDance|[upkeep]
|-heal|p1a: Archaludon|63/100|[from] item: Leftovers
|upkeep
|
|t:|1782258707
|switch|p1b: Basculegion|Basculegion, L50, M|34/100
|turn|6
|inactive|FunkleVGC has 30 seconds left.
|
|t:|1782258739
|move|p2b: Ninetales|Protect|p2b: Ninetales
|-singleturn|p2b: Ninetales|Protect
|move|p1b: Basculegion|Aqua Jet|p2b: Ninetales
|-activate|p2b: Ninetales|move: Protect
|move|p2a: Archaludon|Thunderbolt|p1b: Basculegion
|-supereffective|p1b: Basculegion|1
|-damage|p1b: Basculegion|0 fnt
|faint|p1b: Basculegion
|move|p1a: Archaludon|Flash Cannon|p2b: Ninetales
|-activate|p2b: Ninetales|move: Protect
|
|-weather|RainDance|[upkeep]
|-heal|p1a: Archaludon|70/100|[from] item: Leftovers
|upkeep
|
|t:|1782258751
|switch|p1b: Mawile|Mawile-Mega, L50, M|15/100
|turn|7
|
|t:|1782258759
|move|p1b: Mawile|Sucker Punch|p2a: Archaludon
|-damage|p2a: Archaludon|58/100
|move|p2a: Archaludon|Thunderbolt|p1b: Mawile
|-damage|p1b: Mawile|0 fnt
|faint|p1b: Mawile
|move|p2b: Ninetales|Moonblast|p1a: Archaludon
|-damage|p1a: Archaludon|42/100
|-ability|p1a: Archaludon|Stamina|boost
|-boost|p1a: Archaludon|def|1
|move|p1a: Archaludon|Electro Shot||[still]
|-prepare|p1a: Archaludon|Electro Shot
|-boost|p1a: Archaludon|spa|1
|-anim|p1a: Archaludon|Electro Shot|p2b: Ninetales
|-damage|p2b: Ninetales|0 fnt
|faint|p2b: Ninetales
|
|-weather|RainDance|[upkeep]
|-heal|p1a: Archaludon|48/100|[from] item: Leftovers
|upkeep
|turn|8
|
|t:|1782258775
|move|p1a: Archaludon|Protect|p1a: Archaludon
|-singleturn|p1a: Archaludon|Protect
|move|p2a: Archaludon|Thunderbolt|p1a: Archaludon
|-activate|p1a: Archaludon|move: Protect
|
|-weather|RainDance|[upkeep]
|-heal|p1a: Archaludon|54/100|[from] item: Leftovers
|upkeep
|turn|9
|
|t:|1782258783
|move|p2a: Archaludon|Thunderbolt|p1a: Archaludon
|-resisted|p1a: Archaludon|1
|-damage|p1a: Archaludon|40/100
|-ability|p1a: Archaludon|Stamina|boost
|-boost|p1a: Archaludon|def|1
|move|p1a: Archaludon|Dragon Pulse|p2a: Archaludon
|-crit|p2a: Archaludon
|-damage|p2a: Archaludon|0 fnt
|faint|p2a: Archaludon
|
|win|FunkleVGC
|raw|FunkleVGC's rating: 1203 → 1217(+14 for winning)
|raw|TheNo0dles's rating: 1040 → 1031(-9 for losing)
