|j|☆C.blaze
|j|☆Jakobtc
|html|C.blazeJakobtc    
|uhtml|bestof|Game 1 of a best-of-3
|t:|1756673105
|gametype|doubles
|player|p1|C.blaze|169|1109
|player|p2|Jakobtc|riley|1142
|gen|9
|tier|[Gen 9] VGC 2025 Reg H (Bo3)
|rated|
|rule|Species Clause: Limit one of each Pokémon
|rule|Item Clause: Limit 1 of each item
|clearpoke
|poke|p1|Garchomp, L50, M|
|poke|p1|Volcarona, L50, M|
|poke|p1|Clefairy, L50, F|
|poke|p1|Torkoal, L50, F|
|poke|p1|Ursaluna, L50, F|
|poke|p1|Farigiraf, L50, M|
|poke|p2|Gholdengo, L50|
|poke|p2|Incineroar, L50, F|
|poke|p2|Ursaluna, L50, F|
|poke|p2|Porygon2, L50|
|poke|p2|Kilowattrel, L50, M|
|poke|p2|Sneasler, L50, M|
|teampreview|4
|showteam|p1|Garchomp||ClearAmulet|RoughSkin|DragonClaw,StompingTantrum,Protect,SwordsDance|||M|||50|,,,,,Steel]Volcarona||SafetyGoggles|FlameBody|FieryDance,StruggleBug,RagePowder,QuiverDance|||M|||50|,,,,,Water]Clefairy||Eviolite|FriendGuard|Moonblast,FollowMe,HelpingHand,AfterYou|||F|||50|,,,,,Grass]Torkoal||Charcoal|Drought|Eruption,WeatherBall,Protect,Yawn|||F|||50|,,,,,Fire]Ursaluna||FlameOrb|Guts|Facade,HeadlongRush,Protect,Earthquake|||F|||50|,,,,,Ghost]Farigiraf||MentalHerb|ArmorTail|FoulPlay,Imprison,AllySwitch,TrickRoom|||M|||50|,,,,,Fairy
|showteam|p2|Gholdengo||LifeOrb|GoodasGold|MakeItRain,ShadowBall,NastyPlot,Protect||||||50|,,,,,Dragon]Incineroar||SafetyGoggles|Intimidate|FakeOut,FlareBlitz,KnockOff,PartingShot|||F|||50|,,,,,Bug]Ursaluna||FlameOrb|Guts|Facade,HeadlongRush,Earthquake,Protect|||F|||50|,,,,,Ghost]Porygon2||Eviolite|Download|TeraBlast,IceBeam,Recover,TrickRoom||||||50|,,,,,Flying]Kilowattrel||FocusSash|Competitive|AirSlash,Thunderbolt,Tailwind,Protect|||M|||50|,,,,,Ghost]Sneasler||WhiteHerb|Unburden|DireClaw,CloseCombat,ThroatChop,Protect|||M|||50|,,,,,Stellar
|c|☆Jakobtc|glhf
|
|t:|1756673152
|teamsize|p1|4
|teamsize|p2|4
|start
|switch|p1a: Volcarona|Volcarona, L50, M|100/100
|switch|p1b: Torkoal|Torkoal, L50, F|100/100
|switch|p2a: Incineroar|Incineroar, L50, F|100/100
|switch|p2b: Porygon2|Porygon2, L50, shiny|100/100
|-ability|p2b: Porygon2|Download|boost
|-boost|p2b: Porygon2|spa|1
|-ability|p2a: Incineroar|Intimidate|boost
|-unboost|p1a: Volcarona|atk|1
|-unboost|p1b: Torkoal|atk|1
|-weather|SunnyDay|[from] ability: Drought|[of] p1b: Torkoal
|turn|1
|
|t:|1756673172
|move|p1b: Torkoal|Protect|p1b: Torkoal
|-singleturn|p1b: Torkoal|Protect
|move|p2a: Incineroar|Fake Out|p1a: Volcarona
|-damage|p1a: Volcarona|82/100
|cant|p1a: Volcarona|flinch
|move|p2b: Porygon2|Tera Blast|p1b: Torkoal
|-activate|p1b: Torkoal|move: Protect
|
|-weather|SunnyDay|[upkeep]
|upkeep
|turn|2
|
|t:|1756673193
|switch|p1b: Clefairy|Clefairy, L50, F|100/100
|-terastallize|p1a: Volcarona|Water
|-terastallize|p2b: Porygon2|Flying
|move|p1a: Volcarona|Quiver Dance|p1a: Volcarona
|-boost|p1a: Volcarona|spa|1
|-boost|p1a: Volcarona|spd|1
|-boost|p1a: Volcarona|spe|1
|move|p2b: Porygon2|Tera Blast|p1a: Volcarona|[anim] Tera Blast Flying
|-damage|p1a: Volcarona|55/100
|move|p2a: Incineroar|Knock Off|p1b: Clefairy
|-resisted|p1b: Clefairy
|-damage|p1b: Clefairy|76/100
|-enditem|p1b: Clefairy|Eviolite|[from] move: Knock Off|[of] p2a: Incineroar
|
|-weather|SunnyDay|[upkeep]
|upkeep
|turn|3
|
|t:|1756673210
|move|p1b: Clefairy|Follow Me|p1b: Clefairy
|-singleturn|p1b: Clefairy|move: Follow Me
|move|p1a: Volcarona|Fiery Dance|p2b: Porygon2
|-damage|p2b: Porygon2|44/100
|move|p2a: Incineroar|Flare Blitz|p1b: Clefairy
|-damage|p1b: Clefairy|0 fnt
|faint|p1b: Clefairy
|-damage|p2a: Incineroar|79/100|[from] Recoil
|move|p2b: Porygon2|Trick Room|p2b: Porygon2
|-fieldstart|move: Trick Room|[of] p2b: Porygon2
|
|-weather|SunnyDay|[upkeep]
|upkeep
|
|t:|1756673217
|switch|p1b: Torkoal|Torkoal, L50, F|100/100
|turn|4
|
|t:|1756673233
|move|p1b: Torkoal|Eruption|p2a: Incineroar|[spread] p2a,p2b
|-resisted|p2a: Incineroar
|-damage|p2a: Incineroar|41/100
|-damage|p2b: Porygon2|0 fnt
|faint|p2b: Porygon2
|move|p2a: Incineroar|Knock Off|p1b: Torkoal
|-damage|p1b: Torkoal|65/100
|-enditem|p1b: Torkoal|Charcoal|[from] move: Knock Off|[of] p2a: Incineroar
|move|p1a: Volcarona|Fiery Dance|p2a: Incineroar
|-resisted|p2a: Incineroar
|-damage|p2a: Incineroar|1/100
|
|-weather|SunnyDay|[upkeep]
|upkeep
|
|t:|1756673244
|switch|p2b: Ursaluna|Ursaluna, L50, F|100/100
|turn|5
|
|t:|1756673253
|move|p2b: Ursaluna|Protect|p2b: Ursaluna
|-singleturn|p2b: Ursaluna|Protect
|move|p1b: Torkoal|Eruption|p2b: Ursaluna|[spread] p2a
|-activate|p2b: Ursaluna|move: Protect
|-resisted|p2a: Incineroar
|-damage|p2a: Incineroar|0 fnt
|faint|p2a: Incineroar
|move|p1a: Volcarona|Fiery Dance|p2b: Ursaluna
|-activate|p2b: Ursaluna|move: Protect
|
|-weather|none
|-status|p2b: Ursaluna|brn|[from] item: Flame Orb
|upkeep
|
|t:|1756673263
|switch|p2a: Gholdengo|Gholdengo, L50|100/100
|turn|6
|
|t:|1756673290
|move|p1b: Torkoal|Protect|p1b: Torkoal
|-singleturn|p1b: Torkoal|Protect
|move|p2a: Gholdengo|Protect|p2a: Gholdengo
|-singleturn|p2a: Gholdengo|Protect
|move|p2b: Ursaluna|Facade|p1b: Torkoal
|-activate|p1b: Torkoal|move: Protect
|move|p1a: Volcarona|Fiery Dance|p2b: Ursaluna
|-damage|p2b: Ursaluna|30/100 brn
|-boost|p1a: Volcarona|spa|1
|
|-damage|p2b: Ursaluna|24/100 brn|[from] brn
|upkeep
|turn|7
|
|t:|1756673309
|move|p1b: Torkoal|Eruption|p2b: Ursaluna|[spread] p2a,p2b
|-supereffective|p2a: Gholdengo
|-damage|p2a: Gholdengo|39/100
|-damage|p2b: Ursaluna|0 fnt
|faint|p2b: Ursaluna
|move|p2a: Gholdengo|Shadow Ball|p1a: Volcarona
|-damage|p1a: Volcarona|13/100
|-damage|p2a: Gholdengo|30/100|[from] item: Life Orb
|move|p1a: Volcarona|Fiery Dance|p2a: Gholdengo
|-supereffective|p2a: Gholdengo
|-damage|p2a: Gholdengo|0 fnt
|faint|p2a: Gholdengo
|
|win|C.blaze
||C.blaze is ready for game 2.
|inactive|Jakobtc has 30 seconds to confirm battle start!
