|j|☆SeptemberCup
|j|☆Blitzball Ace
|html|SeptemberCupBlitzball Ace    
|uhtml|bestof|Game 2 of a best-of-3
|t:|1757211713
|gametype|doubles
|player|p1|SeptemberCup|colress|1198
|player|p2|Blitzball Ace|kamado-armor|1255
|gen|9
|tier|[Gen 9] VGC 2025 Reg H (Bo3)
|rated|
|rule|Species Clause: Limit one of each Pokémon
|rule|Item Clause: Limit 1 of each item
|clearpoke
|poke|p1|Spewpa, L50, F|
|poke|p1|Malamar, L50, F|
|poke|p1|Drifblim, L50, M|
|poke|p1|Indeedee, L50, M|
|poke|p1|Excadrill, L50, M|
|poke|p1|Tyranitar, L50, M|
|poke|p2|Porygon2, L50|
|poke|p2|Incineroar, L50, F|
|poke|p2|Ursaluna, L50, M|
|poke|p2|Amoonguss, L50, M|
|poke|p2|Gholdengo, L50|
|poke|p2|Dragonite, L50, F|
|teampreview|4
|showteam|p1|Spewpa||Eviolite|FriendGuard|RagePowder,StringShot,StruggleBug,Protect|||F|||50|,,,,,Water]Malamar||CovertCloak|Contrary|Superpower,KnockOff,TopsyTurvy,Protect|||F|||50|,,,,,Poison]Drifblim||PsychicSeed|Unburden|Minimize,BatonPass,ShadowBall,Tailwind|||M|||50|,,,,,Dark]Indeedee||ChoiceSpecs|PsychicSurge|ExpandingForce,DazzlingGleam,TeraBlast,Trick|||M|||50|,,,,,Fighting]Excadrill||FocusSash|SandRush|HighHorsepower,IronHead,Earthquake,Protect|||M|||50|,,,,,Stellar]Tyranitar||AssaultVest|SandStream|TeraBlast,RockSlide,KnockOff,LowKick|||M|||50|,,,,,Flying
|showteam|p2|Porygon2||Eviolite|Download|TeraBlast,IceBeam,Recover,TrickRoom||||||50|,,,,,Fighting]Incineroar||SafetyGoggles|Intimidate|FakeOut,KnockOff,FlareBlitz,PartingShot|||F|||50|,,,,,Ghost]Ursaluna||FlameOrb|Guts|HeadlongRush,Facade,Earthquake,Protect|||M|||50|,,,,,Ghost]Amoonguss||SitrusBerry|Regenerator|PollenPuff,Spore,RagePowder,Protect|||M|||50|,,,,,Water]Gholdengo||LifeOrb|GoodasGold|MakeItRain,ShadowBall,NastyPlot,Protect||||||50|,,,,,Dragon]Dragonite||LoadedDice|Multiscale|ScaleShot,Haze,Tailwind,Protect|||F|||50|,,,,,Steel
|inactive|Battle timer is ON: inactive players will automatically lose when time's up. (requested by Blitzball Ace)
|
|t:|1757211753
|teamsize|p1|4
|teamsize|p2|4
|start
|switch|p1a: Goodyear|Drifblim, L50, M, shiny|100/100
|switch|p1b: Indeedee|Indeedee, L50, M|100/100
|switch|p2a: Dragonite|Dragonite, L50, F, shiny|100/100
|switch|p2b: Gholdengo|Gholdengo, L50|100/100
|-fieldstart|move: Psychic Terrain|[from] ability: Psychic Surge|[of] p1b: Indeedee
|-enditem|p1a: Goodyear|Psychic Seed
|-boost|p1a: Goodyear|spd|1|[from] item: Psychic Seed
|turn|1
|inactive|Blitzball Ace has 30 seconds left.
|
|t:|1757211788
|move|p2b: Gholdengo|Protect|p2b: Gholdengo
|-singleturn|p2b: Gholdengo|Protect
|move|p1a: Goodyear|Shadow Ball|p2a: Dragonite
|-damage|p2a: Dragonite|81/100
|move|p1b: Indeedee|Expanding Force|p2a: Dragonite|[spread] p2a
|-activate|p2b: Gholdengo|move: Protect
|-damage|p2a: Dragonite|0 fnt
|faint|p2a: Dragonite
|
|upkeep
|inactive|Blitzball Ace has 30 seconds left.
|
|t:|1757211822
|switch|p2a: Ursaluna|Ursaluna, L50, M|100/100
|turn|2
|
|t:|1757211840
|switch|p2b: Incineroar|Incineroar, L50, F, shiny|100/100
|-ability|p2b: Incineroar|Intimidate|boost
|-unboost|p1a: Goodyear|atk|1
|-unboost|p1b: Indeedee|atk|1
|move|p2a: Ursaluna|Protect|p2a: Ursaluna
|-singleturn|p2a: Ursaluna|Protect
|move|p1a: Goodyear|Minimize|p1a: Goodyear
|-boost|p1a: Goodyear|evasion|2
|move|p1b: Indeedee|Expanding Force|p2a: Ursaluna|[spread] 
|-activate|p2a: Ursaluna|move: Protect
|-immune|p2b: Incineroar
|
|-status|p2a: Ursaluna|brn|[from] item: Flame Orb
|upkeep
|turn|3
|inactive|SeptemberCup has 30 seconds left.
|inactive|Blitzball Ace has 30 seconds left.
|
|t:|1757211873
|move|p1a: Goodyear|Minimize|p1a: Goodyear
|-boost|p1a: Goodyear|evasion|2
|move|p1b: Indeedee|Expanding Force|p2b: Incineroar|[spread] p2a
|-immune|p2b: Incineroar
|-damage|p2a: Ursaluna|37/100 brn
|move|p2b: Incineroar|Knock Off|p1b: Indeedee
|-supereffective|p1b: Indeedee
|-damage|p1b: Indeedee|0 fnt
|-enditem|p1b: Indeedee|Choice Specs|[from] move: Knock Off|[of] p2b: Incineroar
|faint|p1b: Indeedee
|move|p2a: Ursaluna|Facade|p1a: Goodyear
|-immune|p1a: Goodyear
|
|-damage|p2a: Ursaluna|31/100 brn|[from] brn
|upkeep
|
|t:|1757211890
|switch|p1b: CONFETI!!!|Spewpa, L50, F, shiny|100/100
|turn|4
|inactive|Blitzball Ace has 30 seconds left.
|
|t:|1757211922
|move|p1b: CONFETI!!!|Protect|p1b: CONFETI!!!
|-singleturn|p1b: CONFETI!!!|Protect
|move|p1a: Goodyear|Baton Pass|p1a: Goodyear
|
|t:|1757211932
|switch|p1a: My frien :)|Malamar, L50, F|100/100|[from] Baton Pass
|move|p2b: Incineroar|Flare Blitz|p1a: My frien :)
|-damage|p1a: My frien :)|64/100
|-damage|p2b: Incineroar|89/100|[from] Recoil
|move|p2a: Ursaluna|Facade|p1b: CONFETI!!!
|-activate|p1b: CONFETI!!!|move: Protect
|
|-damage|p2a: Ursaluna|25/100 brn|[from] brn
|upkeep
|turn|5
|
|t:|1757211954
|-terastallize|p2a: Ursaluna|Ghost
|move|p2b: Incineroar|Flare Blitz|p1b: CONFETI!!!
|-supereffective|p1b: CONFETI!!!
|-damage|p1b: CONFETI!!!|0 fnt
|faint|p1b: CONFETI!!!
|-damage|p2b: Incineroar|62/100|[from] Recoil
|move|p1a: My frien :)|Knock Off|p2a: Ursaluna
|-supereffective|p2a: Ursaluna
|-damage|p2a: Ursaluna|0 fnt
|-enditem|p2a: Ursaluna|Flame Orb|[from] move: Knock Off|[of] p1a: My frien :)
|faint|p2a: Ursaluna
|
|-fieldend|move: Psychic Terrain
|upkeep
|
|t:|1757211966
|switch|p2a: Gholdengo|Gholdengo, L50|100/100
|switch|p1b: Goodyear|Drifblim, L50, M, shiny|100/100
|turn|6
|
|t:|1757211980
|move|p2a: Gholdengo|Make It Rain|p1a: My frien :)|[spread] p1a,p1b
|-damage|p1a: My frien :)|24/100
|-damage|p1b: Goodyear|19/100
|-unboost|p2a: Gholdengo|spa|1
|-damage|p2a: Gholdengo|91/100|[from] item: Life Orb
|move|p1b: Goodyear|Shadow Ball|p2a: Gholdengo
|-supereffective|p2a: Gholdengo
|-damage|p2a: Gholdengo|20/100
|-unboost|p2a: Gholdengo|spd|1
|move|p2b: Incineroar|Flare Blitz|p1a: My frien :)|[miss]
|-miss|p2b: Incineroar|p1a: My frien :)
|move|p1a: My frien :)|Superpower|p2b: Incineroar
|-supereffective|p2b: Incineroar
|-damage|p2b: Incineroar|23/100
|-boost|p1a: My frien :)|atk|1
|-boost|p1a: My frien :)|def|1
|
|upkeep
|turn|7
|
|t:|1757211994
|move|p2a: Gholdengo|Make It Rain|p1b: Goodyear|[spread] p1b
|-miss|p2a: Gholdengo|p1a: My frien :)
|-damage|p1b: Goodyear|0 fnt
|-unboost|p2a: Gholdengo|spa|1
|faint|p1b: Goodyear
|-damage|p2a: Gholdengo|11/100|[from] item: Life Orb
|move|p2b: Incineroar|Flare Blitz|p1a: My frien :)
|-damage|p1a: My frien :)|0 fnt
|faint|p1a: My frien :)
|-damage|p2b: Incineroar|15/100|[from] Recoil
|
|win|Blitzball Ace
|raw|SeptemberCup's rating: 1198 → 1177(-21 for losing)
|raw|Blitzball Ace's rating: 1255 → 1276(+21 for winning)
