|j|☆Lab01JNEST
|j|☆Alecat
|html|Lab01JNESTAlecat    
|uhtml|bestof|Game 1 of a best-of-3
|t:|1757687669
|gametype|doubles
|player|p1|Lab01JNEST|266|1239
|player|p2|Alecat|scientistf|1237
|gen|9
|tier|[Gen 9] VGC 2025 Reg H (Bo3)
|rated|
|rule|Species Clause: Limit one of each Pokémon
|rule|Item Clause: Limit 1 of each item
|clearpoke
|poke|p1|Tyranitar, L50, F|
|poke|p1|Garchomp, L50, M|
|poke|p1|Sinistcha, L50|
|poke|p1|Dragonite, L50, F|
|poke|p1|Corviknight, L50, M|
|poke|p1|Volcarona, L50, M|
|poke|p2|Sneasler, L50, M|
|poke|p2|Magmar, L50, F|
|poke|p2|Rillaboom, L50, F|
|poke|p2|Espathra, L50, F|
|poke|p2|Kingambit, L50, M|
|poke|p2|Arcanine-Hisui, L50, M|
|teampreview|4
|showteam|p1|Tyranitar||AssaultVest|SandStream|RockSlide,KnockOff,TeraBlast,LowKick|||F|||50|,,,,,Flying]Garchomp||LifeOrb|RoughSkin|Protect,DragonClaw,StompingTantrum,Earthquake|||M|||50|,,,,,Ground]Sinistcha||RockyHelmet|Hospitality|MatchaGotcha,LifeDew,TrickRoom,RagePowder||||||50|,,,,,Dark]Dragonite||ChoiceBand|InnerFocus|Outrage,ExtremeSpeed,IceSpinner,AerialAce|||F|||50|,,,,,Normal]Corviknight||SitrusBerry|MirrorArmor|Tailwind,BulkUp,Roost,BraveBird|||M|||50|,,,,,Dragon]Volcarona||Leftovers|FlameBody|FieryDance,GigaDrain,QuiverDance,Protect|||M|||50|,,,,,Dragon
|showteam|p2|Sneasler||FocusSash|Unburden|FakeOut,CloseCombat,DireClaw,Coaching|||M|||50|,,,,,Ghost]Magmar||Eviolite|VitalSpirit|FollowMe,HeatWave,Taunt,Protect|||F|||50|,,,,,Dragon]Rillaboom||AssaultVest|GrassySurge|FakeOut,WoodHammer,GrassyGlide,HighHorsepower|||F|||50|,,,,,Fire]Espathra||GrassySeed|SpeedBoost|StoredPower,TeraBlast,CalmMind,Protect|||F|||50|,,,,,Fighting]Kingambit||SafetyGoggles|Defiant|KowtowCleave,SuckerPunch,SwordsDance,Protect|||M|||50|,,,,,Dark]Arcanine-Hisui||LoadedDice|Intimidate|FlareBlitz,RockBlast,ExtremeSpeed,Protect|||M|||50|,,,,,Ghost
|inactive|Battle timer is ON: inactive players will automatically lose when time's up. (requested by Lab01JNEST)
|inactive|Alecat also wants the timer to be on.
|inactive|Alecat has 60 seconds left.
|
|t:|1757687723
|teamsize|p1|4
|teamsize|p2|4
|start
|switch|p1a: Tyranitar|Tyranitar, L50, F|100/100
|switch|p1b: Volcarona|Volcarona, L50, M|100/100
|switch|p2a: Kingambit|Kingambit, L50, M|100/100
|switch|p2b: Magmar|Magmar, L50, F|100/100
|-weather|Sandstorm|[from] ability: Sand Stream|[of] p1a: Tyranitar
|turn|1
|
|t:|1757687747
|switch|p2a: Espathra|Espathra, L50, F, shiny|100/100
|move|p2b: Magmar|Taunt|p1b: Volcarona
|-start|p1b: Volcarona|move: Taunt
|cant|p1b: Volcarona|move: Taunt|Quiver Dance
|move|p1a: Tyranitar|Rock Slide|p2b: Magmar|[spread] p2a,p2b
|-supereffective|p2b: Magmar
|-damage|p2a: Espathra|63/100
|-damage|p2b: Magmar|34/100
|
|-weather|Sandstorm|[upkeep]
|-damage|p2b: Magmar|28/100|[from] Sandstorm
|-damage|p1b: Volcarona|94/100|[from] Sandstorm
|-damage|p2a: Espathra|57/100|[from] Sandstorm
|-heal|p1b: Volcarona|100/100|[from] item: Leftovers
|upkeep
|turn|2
|
|t:|1757687765
|switch|p1b: Dragonite|Dragonite, L50, F|100/100
|move|p2b: Magmar|Protect|p2b: Magmar
|-singleturn|p2b: Magmar|Protect
|move|p2a: Espathra|Protect|p2a: Espathra
|-singleturn|p2a: Espathra|Protect
|move|p1a: Tyranitar|Rock Slide|p2b: Magmar|[spread] 
|-activate|p2a: Espathra|move: Protect
|-activate|p2b: Magmar|move: Protect
|
|-weather|Sandstorm|[upkeep]
|-damage|p2b: Magmar|23/100|[from] Sandstorm
|-damage|p2a: Espathra|51/100|[from] Sandstorm
|-damage|p1b: Dragonite|95/100|[from] Sandstorm
|-ability|p2a: Espathra|Speed Boost|boost
|-boost|p2a: Espathra|spe|1
|upkeep
|turn|3
|
|t:|1757687788
|switch|p2b: Rillaboom|Rillaboom, L50, F|100/100
|-fieldstart|move: Grassy Terrain|[from] ability: Grassy Surge|[of] p2b: Rillaboom
|-enditem|p2a: Espathra|Grassy Seed
|-boost|p2a: Espathra|def|1|[from] item: Grassy Seed
|-terastallize|p2a: Espathra|Fighting
|move|p1b: Dragonite|Extreme Speed|p2a: Espathra
|-damage|p2a: Espathra|13/100
|move|p2a: Espathra|Tera Blast|p1a: Tyranitar|[anim] Tera Blast Fighting
|-supereffective|p1a: Tyranitar
|-damage|p1a: Tyranitar|44/100
|move|p1a: Tyranitar|Rock Slide|p2b: Rillaboom|[spread] p2a
|-miss|p1a: Tyranitar|p2b: Rillaboom
|-resisted|p2a: Espathra
|-damage|p2a: Espathra|1/100
|
|-weather|Sandstorm|[upkeep]
|-damage|p2a: Espathra|0 fnt|[from] Sandstorm
|-damage|p1b: Dragonite|89/100|[from] Sandstorm
|-damage|p2b: Rillaboom|95/100|[from] Sandstorm
|faint|p2a: Espathra
|-heal|p2b: Rillaboom|100/100|[from] Grassy Terrain
|-heal|p1a: Tyranitar|50/100|[from] Grassy Terrain
|upkeep
|
|t:|1757687812
|switch|p2a: Kingambit|Kingambit, L50, M|100/100
|turn|4
|inactive|Alecat has 30 seconds left.
|
|t:|1757687840
|-terastallize|p1a: Tyranitar|Flying
|move|p2b: Rillaboom|Fake Out|p1a: Tyranitar
|-damage|p1a: Tyranitar|38/100
|move|p1b: Dragonite|Extreme Speed|p2b: Rillaboom
|-damage|p2b: Rillaboom|53/100
|cant|p1a: Tyranitar|flinch
|move|p2a: Kingambit|Swords Dance|p2a: Kingambit
|-boost|p2a: Kingambit|atk|2
|
|-weather|Sandstorm|[upkeep]
|-damage|p1b: Dragonite|83/100|[from] Sandstorm
|-damage|p2b: Rillaboom|47/100|[from] Sandstorm
|-damage|p1a: Tyranitar|32/100|[from] Sandstorm
|-heal|p2b: Rillaboom|53/100|[from] Grassy Terrain
|upkeep
|turn|5
|
|t:|1757687862
|move|p1b: Dragonite|Extreme Speed|p2b: Rillaboom
|-damage|p2b: Rillaboom|6/100
|move|p2a: Kingambit|Sucker Punch|p1a: Tyranitar
|-damage|p1a: Tyranitar|0 fnt
|faint|p1a: Tyranitar
|move|p2b: Rillaboom|Wood Hammer|p1b: Dragonite
|-resisted|p1b: Dragonite
|-damage|p1b: Dragonite|62/100
|-damage|p2b: Rillaboom|0 fnt|[from] Recoil
|faint|p2b: Rillaboom
|
|-weather|none
|upkeep
|
|t:|1757687873
|switch|p2b: Magmar|Magmar, L50, F|23/100
|switch|p1a: Garchomp|Garchomp, L50, M|100/100
|turn|6
|
|t:|1757687883
|move|p2b: Magmar|Protect|p2b: Magmar
|-singleturn|p2b: Magmar|Protect
|move|p1b: Dragonite|Extreme Speed|p2b: Magmar
|-activate|p2b: Magmar|move: Protect
|move|p2a: Kingambit|Sucker Punch|p1a: Garchomp
|-damage|p1a: Garchomp|21/100
|-damage|p2a: Kingambit|88/100|[from] ability: Rough Skin|[of] p1a: Garchomp
|move|p1a: Garchomp|Stomping Tantrum|p2a: Kingambit
|-supereffective|p2a: Kingambit
|-damage|p2a: Kingambit|12/100
|-damage|p1a: Garchomp|12/100|[from] item: Life Orb
|
|-heal|p2b: Magmar|28/100|[from] Grassy Terrain
|-heal|p1a: Garchomp|17/100|[from] Grassy Terrain
|-heal|p2a: Kingambit|17/100|[from] Grassy Terrain
|upkeep
|turn|7
|inactive|Alecat has 30 seconds left.
|
|t:|1757687908
|move|p2a: Kingambit|Protect|p2a: Kingambit
|-singleturn|p2a: Kingambit|Protect
|move|p1b: Dragonite|Extreme Speed|p2a: Kingambit
|-activate|p2a: Kingambit|move: Protect
|move|p2b: Magmar|Heat Wave|p1b: Dragonite|[spread] p1a,p1b
|-resisted|p1a: Garchomp
|-resisted|p1b: Dragonite
|-damage|p1a: Garchomp|5/100
|-damage|p1b: Dragonite|51/100
|move|p1a: Garchomp|Dragon Claw|p2b: Magmar
|-damage|p2b: Magmar|0 fnt
|faint|p2b: Magmar
|-damage|p1a: Garchomp|0 fnt|[from] item: Life Orb
|faint|p1a: Garchomp
|
|-heal|p2a: Kingambit|23/100|[from] Grassy Terrain
|-fieldend|move: Grassy Terrain
|upkeep
|
|t:|1757687920
|switch|p1a: Volcarona|Volcarona, L50, M|100/100
|turn|8
|
|t:|1757687928
|move|p1b: Dragonite|Extreme Speed|p2a: Kingambit
|-resisted|p2a: Kingambit
|-damage|p2a: Kingambit|6/100
|move|p1a: Volcarona|Fiery Dance|p2a: Kingambit
|-supereffective|p2a: Kingambit
|-damage|p2a: Kingambit|0 fnt
|faint|p2a: Kingambit
|
|win|Lab01JNEST
||Alecat is ready for game 2.
|inactive|Lab01JNEST has 30 seconds to confirm battle start!
|l|☆Lab01JNEST
|player|p1|
||Lab01JNEST is ready for game 2.
|uhtml|next|Next: Game 2 of 3
