|j|☆mmmspicy69
|j|☆pokeopposition
|html|mmmspicy69pokeopposition    
|uhtml|bestof|Game 1 of a best-of-3
|t:|1782623009
|gametype|doubles
|player|p1|mmmspicy69|cynthia|1204
|player|p2|pokeopposition|silver|1132
|gen|9
|tier|[Gen 9 Champions] VGC 2026 Reg M-B (Bo3)
|rated|
|rule|Species Clause: Limit one of each Pokémon
|rule|Item Clause: Limit 1 of each item
|clearpoke
|poke|p1|Staraptor, L50, M|
|poke|p1|Sinistcha, L50|
|poke|p1|Whimsicott, L50, M|
|poke|p1|Kingambit, L50, M|
|poke|p1|Mawile, L50, M|
|poke|p1|Farigiraf, L50, M|
|poke|p2|Charizard, L50, M, shiny|
|poke|p2|Meowscarada, L50, M, shiny|
|poke|p2|Basculegion, L50, M, shiny|
|poke|p2|Incineroar, L50, M|
|poke|p2|Sneasler, L50, M, shiny|
|poke|p2|Aerodactyl, L50, F, shiny|
|teampreview|4
|showteam|p1|Staraptor||Staraptite|Intimidate|Protect,CloseCombat,BraveBird,Roost|Adamant||M|||50|]Sinistcha||ColburBerry|Hospitality|MatchaGotcha,StrengthSap,RagePowder,TrickRoom|Modest|||||50|]Whimsicott||FocusSash|Prankster|Tailwind,Taunt,Charm,Moonblast|Bold||M|||50|]Kingambit||BlackGlasses|Defiant|KowtowCleave,SwordsDance,SuckerPunch,Protect|Brave||M|||50|]Mawile||Mawilite|HyperCutter|SuckerPunch,IronHead,PlayRough,Protect|Adamant||M|||50|]Farigiraf||SitrusBerry|ArmorTail|TwinBeam,HelpingHand,Thunderbolt,TrickRoom|Quiet||M|||50|
|showteam|p2|Charizard||CharizarditeY|Blaze|HeatWave,WeatherBall,SolarBeam,Protect|Modest||M|||50|]Meowscarada||ChoiceScarf|Protean|TripleAxel,FlowerTrick,Uturn,KnockOff|Jolly||M|||50|]Basculegion||SitrusBerry|Adaptability|Liquidation,LastRespects,FlipTurn,Protect|Adamant||M|||50|]Incineroar||PasshoBerry|Intimidate|FakeOut,FlareBlitz,Taunt,PartingShot|Impish||M|||50|]Sneasler||FocusSash|Unburden|FakeOut,CloseCombat,DireClaw,Protect|Adamant||M|||50|]Aerodactyl||Aerodactylite|Pressure|RockSlide,DualWingbeat,Tailwind,Protect|Jolly||F|||50|
|
|t:|1782623059
|teamsize|p1|4
|teamsize|p2|4
|start
|switch|p1a: Farigiraf|Farigiraf, L50, M|100/100
|switch|p1b: Kingambit|Kingambit, L50, M|100/100
|switch|p2a: Charizard|Charizard, L50, M, shiny|100/100
|switch|p2b: Sneasler|Sneasler, L50, M, shiny|100/100
|turn|1
|
|t:|1782623079
|detailschange|p2a: Charizard|Charizard-Mega-Y, L50, M, shiny
|-mega|p2a: Charizard|Charizard|Charizardite Y
|-weather|SunnyDay|[from] ability: Drought|[of] p2a: Charizard
|move|p1b: Kingambit|Sucker Punch|p2a: Charizard
|-damage|p2a: Charizard|49/100
|move|p2b: Sneasler|Dire Claw|p1a: Farigiraf
|-damage|p1a: Farigiraf|56/100
|move|p2a: Charizard|Heat Wave|p1b: Kingambit|[spread] p1b
|-miss|p2a: Charizard|p1a: Farigiraf
|-supereffective|p1b: Kingambit|1
|-crit|p1b: Kingambit
|-damage|p1b: Kingambit|0 fnt
|faint|p1b: Kingambit
|move|p1a: Farigiraf|Thunderbolt|p2a: Charizard
|-supereffective|p2a: Charizard|1
|-damage|p2a: Charizard|2/100
|
|-weather|SunnyDay|[upkeep]
|upkeep
|
|t:|1782623098
|switch|p1b: Staraptor|Staraptor, L50, M|100/100
|-ability|p1b: Staraptor|Intimidate|boost
|-unboost|p2a: Charizard|atk|1
|-unboost|p2b: Sneasler|atk|1
|turn|2
|
|t:|1782623125
|switch|p2a: Incineroar|Incineroar, L50, M|100/100
|-ability|p2a: Incineroar|Intimidate|boost
|-unboost|p1a: Farigiraf|atk|1
|-unboost|p1b: Staraptor|atk|1
|detailschange|p1b: Staraptor|Staraptor-Mega, L50, M
|-mega|p1b: Staraptor|Staraptor|Staraptite
|move|p1b: Staraptor|Protect|p1b: Staraptor
|-singleturn|p1b: Staraptor|Protect
|move|p2b: Sneasler|Dire Claw|p1b: Staraptor
|-activate|p1b: Staraptor|move: Protect
|move|p1a: Farigiraf|Twin Beam|p2b: Sneasler
|-supereffective|p2b: Sneasler|2
|-enditem|p2b: Sneasler|Focus Sash
|-damage|p2b: Sneasler|1/100
|-supereffective|p2b: Sneasler|2
|-damage|p2b: Sneasler|0 fnt
|faint|p2b: Sneasler
|-hitcount|p2: Sneasler|2
|
|-weather|SunnyDay|[upkeep]
|upkeep
|
|t:|1782623133
|switch|p2b: Aerodactyl|Aerodactyl, L50, F, shiny|100/100
|-ability|p2b: Aerodactyl|Pressure
|turn|3
|
|t:|1782623153
|move|p2b: Aerodactyl|Dual Wingbeat|p1b: Staraptor|[miss]
|-miss|p2b: Aerodactyl|p1b: Staraptor
|move|p1b: Staraptor|Close Combat|p2a: Incineroar
|-supereffective|p2a: Incineroar|1
|-damage|p2a: Incineroar|21/100
|-boost|p1b: Staraptor|def|1
|-boost|p1b: Staraptor|spd|1
|move|p2a: Incineroar|Parting Shot|p1a: Farigiraf
|-unboost|p1a: Farigiraf|atk|1
|-unboost|p1a: Farigiraf|spa|1
|
|t:|1782623162
|switch|p2a: Charizard|Charizard-Mega-Y, L50, M, shiny|2/100|[from] Parting Shot
|move|p1a: Farigiraf|Thunderbolt|p2b: Aerodactyl
|-supereffective|p2b: Aerodactyl|1
|-damage|p2b: Aerodactyl|48/100
|
|-weather|SunnyDay|[upkeep]
|upkeep
|turn|4
|
|t:|1782623171
|move|p1b: Staraptor|Protect|p1b: Staraptor
|-singleturn|p1b: Staraptor|Protect
|move|p2b: Aerodactyl|Dual Wingbeat|p1b: Staraptor
|-activate|p1b: Staraptor|move: Protect
|move|p2a: Charizard|Heat Wave|p1a: Farigiraf|[spread] p1a
|-activate|p1b: Staraptor|move: Protect
|-damage|p1a: Farigiraf|0 fnt
|faint|p1a: Farigiraf
|
|-weather|SunnyDay|[upkeep]
|upkeep
|
|t:|1782623178
|switch|p1a: Whimsicott|Whimsicott, L50, M|100/100
|turn|5
|
|t:|1782623197
|move|p1a: Whimsicott|Tailwind|p1a: Whimsicott
|-sidestart|p1: mmmspicy69|move: Tailwind
|move|p1b: Staraptor|Close Combat|p2a: Charizard
|-resisted|p2a: Charizard|1
|-damage|p2a: Charizard|0 fnt
|-boost|p1b: Staraptor|def|1
|-boost|p1b: Staraptor|spd|1
|faint|p2a: Charizard
|move|p2b: Aerodactyl|Dual Wingbeat|p1b: Staraptor|[miss]
|-miss|p2b: Aerodactyl|p1b: Staraptor
|
|-weather|none
|upkeep
|-message|pokeopposition forfeited.
|
|win|mmmspicy69
||pokeopposition is ready for game 2.
||mmmspicy69 is ready for game 2.
|uhtml|next|Next: Game 2 of 3
