|j|☆LearningtoLearn
|j|☆0rion1798
|html|LearningtoLearn0rion1798    
|uhtml|bestof|Game 2 of a best-of-3
|t:|1755234208
|gametype|doubles
|player|p1|LearningtoLearn|pokemonbreeder-gen4|1158
|player|p2|0rion1798|clair|1225
|gen|9
|tier|[Gen 9] VGC 2025 Reg H (Bo3)
|rated|
|rule|Species Clause: Limit one of each Pokémon
|rule|Item Clause: Limit 1 of each item
|clearpoke
|poke|p1|Smeargle, L50, F|
|poke|p1|Chandelure, L50, F|
|poke|p1|Rillaboom, L50, M|
|poke|p1|Gyarados, L50, F|
|poke|p1|Ninetales-Alola, L50, M|
|poke|p1|Ursaluna, L50, F|
|poke|p2|Sneasler, L50, F|
|poke|p2|Indeedee, L50, M|
|poke|p2|Ursaluna-Bloodmoon, L50, M|
|poke|p2|Electabuzz, L50, F|
|poke|p2|Incineroar, L50, F|
|poke|p2|Dragonite, L50, F|
|teampreview|4
|showteam|p1|Smeargle||FocusSash|Moody|Spore,FollowMe,FakeOut,Decorate|||F|||50|,,,,,Grass]Chandelure||LifeOrb|FlashFire|Protect,HeatWave,TrickRoom,ShadowBall|||F|||50|,,,,,Grass]Rillaboom||ChoiceBand|GrassySurge|GrassyGlide,WoodHammer,Uturn,HighHorsepower|||M|||50|,,,,,Grass]Gyarados||SitrusBerry|Intimidate|Waterfall,ThunderWave,Taunt,Protect|||F|||50|,,,,,Fairy]Ninetales-Alola||ChoiceSpecs|SnowWarning|Blizzard,FreezeDry,DazzlingGleam,IcyWind|||M|||50|,,,,,Ghost]Ursaluna||FlameOrb|Guts|Facade,Earthquake,HeadlongRush,Protect|||F|||50|,,,,,Ghost
|showteam|p2|Sneasler||PsychicSeed|Unburden|CloseCombat,DireClaw,ThroatChop,Protect|||F|||50|,,,,,Dark]Indeedee||FocusSash|PsychicSurge|ExpandingForce,TrickRoom,HelpingHand,Protect|||M|||50|,,,,,Psychic]Ursaluna-Bloodmoon||LifeOrb|MindsEye|BloodMoon,HyperVoice,EarthPower,Protect|||M|||50|,,,,,Normal]Electabuzz||Eviolite|VitalSpirit|Electroweb,FollowMe,Taunt,Protect|||F|||50|,,,,,Dragon]Incineroar||SafetyGoggles|Intimidate|FlareBlitz,KnockOff,PartingShot,FakeOut|||F|||50|,,,,,Ghost]Dragonite||LoadedDice|Multiscale|ScaleShot,Tailwind,Haze,Protect|||F|||50|,,,,,Fairy
|inactive|Battle timer is ON: inactive players will automatically lose when time's up. (requested by 0rion1798)
|inactive|0rion1798 has 60 seconds left.
|
|t:|1755234240
|teamsize|p1|4
|teamsize|p2|4
|start
|switch|p1a: Smeargle|Smeargle, L50, F|100/100
|switch|p1b: Ninetales|Ninetales-Alola, L50, M|100/100
|switch|p2a: Incineroar|Incineroar, L50, F|100/100
|switch|p2b: Electabuzz|Electabuzz, L50, F|100/100
|-weather|Snowscape|[from] ability: Snow Warning|[of] p1b: Ninetales
|-ability|p2a: Incineroar|Intimidate|boost
|-unboost|p1a: Smeargle|atk|1
|-unboost|p1b: Ninetales|atk|1
|turn|1
|
|t:|1755234269
|-terastallize|p1b: Ninetales|Ghost
|move|p2a: Incineroar|Fake Out|p1a: Smeargle
|-damage|p1a: Smeargle|78/100
|move|p1b: Ninetales|Blizzard|p2b: Electabuzz|[spread] p2a,p2b
|-resisted|p2a: Incineroar
|-damage|p2a: Incineroar|80/100
|-damage|p2b: Electabuzz|63/100
|move|p2b: Electabuzz|Electroweb|p1a: Smeargle|[spread] p1a,p1b
|-damage|p1a: Smeargle|45/100
|-damage|p1b: Ninetales|84/100
|-unboost|p1a: Smeargle|spe|1
|-unboost|p1b: Ninetales|spe|1
|cant|p1a: Smeargle|flinch
|
|-weather|Snowscape|[upkeep]
|-ability|p1a: Smeargle|Moody|boost
|-boost|p1a: Smeargle|def|2
|-unboost|p1a: Smeargle|spe|1
|upkeep
|turn|2
|
|t:|1755234287
|move|p2b: Electabuzz|Follow Me|p2b: Electabuzz
|-singleturn|p2b: Electabuzz|move: Follow Me
|move|p1a: Smeargle|Follow Me|p1a: Smeargle
|-singleturn|p1a: Smeargle|move: Follow Me
|move|p1b: Ninetales|Blizzard|p2a: Incineroar|[spread] p2a,p2b
|-resisted|p2a: Incineroar
|-damage|p2a: Incineroar|55/100
|-damage|p2b: Electabuzz|25/100
|-status|p2a: Incineroar|frz
|cant|p2a: Incineroar|frz
|
|-weather|Snowscape|[upkeep]
|-ability|p1a: Smeargle|Moody|boost
|-boost|p1a: Smeargle|spa|2
|-unboost|p1a: Smeargle|atk|1
|upkeep
|turn|3
|
|t:|1755234297
|move|p2b: Electabuzz|Protect|p2b: Electabuzz
|-singleturn|p2b: Electabuzz|Protect
|move|p1a: Smeargle|Follow Me|p1a: Smeargle
|-singleturn|p1a: Smeargle|move: Follow Me
|move|p1b: Ninetales|Blizzard|p2b: Electabuzz|[spread] p2a
|-activate|p2b: Electabuzz|move: Protect
|-resisted|p2a: Incineroar
|-damage|p2a: Incineroar|34/100 frz
|-curestatus|p2a: Incineroar|frz|[from] move: Flare Blitz
|move|p2a: Incineroar|Flare Blitz|p1a: Smeargle
|-damage|p1a: Smeargle|0 fnt
|faint|p1a: Smeargle
|-damage|p2a: Incineroar|24/100|[from] Recoil
|
|-weather|Snowscape|[upkeep]
|upkeep
|
|t:|1755234305
|switch|p1a: Chandelure|Chandelure, L50, F|100/100
|turn|4
|
|t:|1755234315
|move|p2b: Electabuzz|Electroweb|p1a: Chandelure|[spread] p1a,p1b
|-damage|p1a: Chandelure|87/100
|-damage|p1b: Ninetales|68/100
|-unboost|p1a: Chandelure|spe|1
|-unboost|p1b: Ninetales|spe|1
|move|p2a: Incineroar|Knock Off|p1b: Ninetales
|-supereffective|p1b: Ninetales
|-damage|p1b: Ninetales|0 fnt
|-enditem|p1b: Ninetales|Choice Specs|[from] move: Knock Off|[of] p2a: Incineroar
|faint|p1b: Ninetales
|move|p1a: Chandelure|Heat Wave|p2a: Incineroar|[spread] p2a
|-miss|p1a: Chandelure|p2b: Electabuzz
|-resisted|p2a: Incineroar
|-damage|p2a: Incineroar|0 fnt
|faint|p2a: Incineroar
|-damage|p1a: Chandelure|78/100|[from] item: Life Orb
|
|-weather|Snowscape|[upkeep]
|upkeep
|
|t:|1755234326
|switch|p1b: Rillaboom|Rillaboom, L50, M|100/100
|switch|p2a: Sneasler|Sneasler, L50, F|100/100
|-fieldstart|move: Grassy Terrain|[from] ability: Grassy Surge|[of] p1b: Rillaboom
|turn|5
|
|t:|1755234338
|move|p2a: Sneasler|Protect|p2a: Sneasler
|-singleturn|p2a: Sneasler|Protect
|move|p1b: Rillaboom|Grassy Glide|p2a: Sneasler
|-activate|p2a: Sneasler|move: Protect
|move|p2b: Electabuzz|Electroweb|p1b: Rillaboom|[spread] p1a,p1b
|-resisted|p1b: Rillaboom
|-damage|p1a: Chandelure|63/100
|-damage|p1b: Rillaboom|91/100
|-unboost|p1a: Chandelure|spe|1
|-unboost|p1b: Rillaboom|spe|1
|move|p1a: Chandelure|Trick Room|p1a: Chandelure
|-fieldstart|move: Trick Room|[of] p1a: Chandelure
|
|-weather|none
|-heal|p1a: Chandelure|69/100|[from] Grassy Terrain
|-heal|p1b: Rillaboom|97/100|[from] Grassy Terrain
|-heal|p2b: Electabuzz|31/100|[from] Grassy Terrain
|upkeep
|turn|6
|inactive|0rion1798 has 30 seconds left.
|
|t:|1755234368
|switch|p2b: Indeedee|Indeedee, L50, M|100/100
|-fieldstart|move: Psychic Terrain|[from] ability: Psychic Surge|[of] p2b: Indeedee
|-enditem|p2a: Sneasler|Psychic Seed
|-boost|p2a: Sneasler|spd|1|[from] item: Psychic Seed
|move|p1a: Chandelure|Heat Wave|p2b: Indeedee|[spread] p2a,p2b
|-damage|p2a: Sneasler|53/100
|-damage|p2b: Indeedee|34/100
|-status|p2a: Sneasler|brn
|-damage|p1a: Chandelure|60/100|[from] item: Life Orb
|move|p1b: Rillaboom|Grassy Glide|p2a: Sneasler
|-resisted|p2a: Sneasler
|-crit|p2a: Sneasler
|-damage|p2a: Sneasler|0 fnt
|faint|p2a: Sneasler
|
|upkeep
|
|t:|1755234376
|switch|p2a: Electabuzz|Electabuzz, L50, F|31/100
|turn|7
|-message|0rion1798 forfeited.
|
|win|LearningtoLearn
|raw|LearningtoLearn's rating: 1158 → 1188(+30 for winning)
|raw|0rion1798's rating: 1225 → 1195(-30 for losing)
|l|☆LearningtoLearn
|player|p1|
