|j|☆goodfish6211
|j|☆juaquiness
|html|goodfish6211juaquiness    
|uhtml|bestof|Game 3 of a best-of-3
|t:|1784798455
|gametype|doubles
|player|p1|goodfish6211|102|1105
|player|p2|juaquiness|266|1112
|gen|9
|tier|[Gen 9 Champions] VGC 2026 Reg M-B (Bo3)
|rated|
|rule|Species Clause: Limit one of each Pokémon
|rule|Item Clause: Limit 1 of each item
|clearpoke
|poke|p1|Incineroar, L50, F|
|poke|p1|Sneasler, L50, F, shiny|
|poke|p1|Whimsicott, L50, M|
|poke|p1|Sinistcha-Masterpiece, L50|
|poke|p1|Sylveon, L50, F, shiny|
|poke|p1|Tyranitar, L50, F|
|poke|p2|Floette-Eternal, L50, F|
|poke|p2|Aerodactyl, L50, M|
|poke|p2|Incineroar, L50, M|
|poke|p2|Sinistcha-Masterpiece, L50|
|poke|p2|Basculegion, L50, M|
|poke|p2|Kingambit, L50, M|
|teampreview|4
|showteam|p1|Incineroar||PasshoBerry|Intimidate|FakeOut,FlareBlitz,DarkestLariat,PartingShot|Adamant||F|||50|]Sneasler||WhiteHerb|Unburden|CloseCombat,FakeOut,DireClaw,Protect|Adamant||F|||50|]Whimsicott||FocusSash|Prankster|Tailwind,Moonblast,Encore,Protect|Timid||M|||50|]Sinistcha-Masterpiece||SitrusBerry|Hospitality|MatchaGotcha,TrickRoom,RagePowder,Protect|Bold|||||50|]Sylveon||LifeOrb|Pixilate|HyperVoice,QuickAttack,DrainingKiss,Protect|Modest||F|||50|]Tyranitar||Tyranitarite|SandStream|KnockOff,RockSlide,DragonDance,Protect|Adamant||F|||50|
|showteam|p2|Floette-Eternal||Floettite|FlowerVeil|Protect,CalmMind,Moonblast,DazzlingGleam|Timid||F|||50|]Aerodactyl||Aerodactylite|RockHead|Tailwind,RockSlide,DualWingbeat,IceFang|Jolly||M|||50|]Incineroar||SitrusBerry|Intimidate|FakeOut,PartingShot,FlareBlitz,ThroatChop|Careful||M|||50|]Sinistcha-Masterpiece||ColburBerry|Hospitality|TrickRoom,MatchaGotcha,LifeDew,RagePowder|Bold|||||50|]Basculegion||ChoiceScarf|Adaptability|LastRespects,AquaJet,FlipTurn,WaveCrash|Jolly||M|||50|]Kingambit||FocusSash|Defiant|SuckerPunch,KowtowCleave,LowKick,IronHead|Adamant||M|||50|
|inactive|Battle timer is ON: inactive players will automatically lose when time's up. (requested by goodfish6211)
|inactive|goodfish6211 has 60 seconds left.
|
|t:|1784798495
|teamsize|p1|4
|teamsize|p2|4
|start
|switch|p1a: Sylveon|Sylveon, L50, F, shiny|100/100
|switch|p1b: Whimsicott|Whimsicott, L50, M|100/100
|switch|p2a: Basculegion|Basculegion, L50, M|100/100
|switch|p2b: Aerodactyl|Aerodactyl, L50, M|100/100
|turn|1
|inactive|juaquiness has 30 seconds left.
|inactive|goodfish6211 has 30 seconds left.
|
|t:|1784798536
|detailschange|p2b: Aerodactyl|Aerodactyl-Mega, L50, M
|-mega|p2b: Aerodactyl|Aerodactyl|Aerodactylite
|move|p1b: Whimsicott|Tailwind|p1b: Whimsicott
|-sidestart|p1: goodfish6211|move: Tailwind
|move|p2b: Aerodactyl|Tailwind|p2b: Aerodactyl
|-sidestart|p2: juaquiness|move: Tailwind
|move|p2a: Basculegion|Flip Turn|p1b: Whimsicott
|-resisted|p1b: Whimsicott|1
|-damage|p1b: Whimsicott|73/100
|
|t:|1784798545
|switch|p2a: Incineroar|Incineroar, L50, M|100/100|[from] Flip Turn
|-ability|p2a: Incineroar|Intimidate|boost
|-unboost|p1a: Sylveon|atk|1
|-unboost|p1b: Whimsicott|atk|1
|move|p1a: Sylveon|Hyper Voice|p2b: Aerodactyl|[spread] p2a,p2b
|-damage|p2a: Incineroar|55/100
|-damage|p2b: Aerodactyl|45/100
|-damage|p1a: Sylveon|90/100|[from] item: Life Orb
|
|upkeep
|turn|2
|
|t:|1784798567
|move|p1b: Whimsicott|Protect|p1b: Whimsicott
|-singleturn|p1b: Whimsicott|Protect
|move|p2b: Aerodactyl|Dual Wingbeat|p1b: Whimsicott
|-activate|p1b: Whimsicott|move: Protect
|move|p1a: Sylveon|Hyper Voice|p2b: Aerodactyl|[spread] p2a,p2b
|-damage|p2a: Incineroar|14/100
|-damage|p2b: Aerodactyl|0 fnt
|-enditem|p2a: Incineroar|Sitrus Berry|[eat]
|-heal|p2a: Incineroar|39/100|[from] item: Sitrus Berry
|faint|p2b: Aerodactyl
|-damage|p1a: Sylveon|80/100|[from] item: Life Orb
|move|p2a: Incineroar|Throat Chop|p1a: Sylveon
|-resisted|p1a: Sylveon|1
|-damage|p1a: Sylveon|59/100
|-start|p1a: Sylveon|Throat Chop|[silent]
|
|upkeep
|
|t:|1784798578
|switch|p2b: Kingambit|Kingambit, L50, M|100/100
|turn|3
|
|t:|1784798601
|switch|p1a: Sneasler|Sneasler, L50, F, shiny|100/100
|move|p1b: Whimsicott|Moonblast|p2b: Kingambit
|-damage|p2b: Kingambit|60/100
|move|p2a: Incineroar|Flare Blitz|p1b: Whimsicott
|-supereffective|p1b: Whimsicott|1
|-crit|p1b: Whimsicott
|-damage|p1b: Whimsicott|0 fnt
|faint|p1b: Whimsicott
|-damage|p2a: Incineroar|23/100|[from] Recoil
|move|p2b: Kingambit|Iron Head|p1a: Sneasler
|-damage|p1a: Sneasler|19/100
|
|upkeep
|
|t:|1784798609
|switch|p1b: Sinistcha|Sinistcha-Masterpiece, L50|100/100
|-heal|p1a: Sneasler|43/100|[from] ability: Hospitality|[of] p1b: Sinistcha
|turn|4
|
|t:|1784798627
|switch|p2b: Basculegion|Basculegion, L50, M|100/100
|move|p1a: Sneasler|Close Combat|p2b: Basculegion
|-immune|p2b: Basculegion
|move|p2a: Incineroar|Flare Blitz|p1b: Sinistcha
|-supereffective|p1b: Sinistcha|1
|-crit|p1b: Sinistcha
|-damage|p1b: Sinistcha|0 fnt
|faint|p1b: Sinistcha
|-damage|p2a: Incineroar|0 fnt|[from] Recoil
|faint|p2a: Incineroar
|
|-sideend|p2: juaquiness|move: Tailwind
|-sideend|p1: goodfish6211|move: Tailwind
|upkeep
|
|t:|1784798637
|switch|p2a: Kingambit|Kingambit, L50, M|60/100
|switch|p1b: Sylveon|Sylveon, L50, F, shiny|59/100
|turn|5
|inactive|goodfish6211 has 30 seconds left.
|inactive|goodfish6211 has 20 seconds left.
|inactive|goodfish6211 has 15 seconds left.
|inactive|goodfish6211 has 10 seconds left.
|inactive|goodfish6211 has 5 seconds left.
|
|t:|1784798688
|move|p2b: Basculegion|Last Respects|p1a: Sneasler
|-damage|p1a: Sneasler|0 fnt
|faint|p1a: Sneasler
|move|p1b: Sylveon|Hyper Voice|p2b: Basculegion|[spread] p2a,p2b
|-damage|p2a: Kingambit|4/100
|-damage|p2b: Basculegion|41/100
|-damage|p1b: Sylveon|50/100y|[from] item: Life Orb
|move|p2a: Kingambit|Iron Head|p1b: Sylveon
|-supereffective|p1b: Sylveon|1
|-damage|p1b: Sylveon|0 fnt
|faint|p1b: Sylveon
|
|win|juaquiness
|raw|goodfish6211's rating: 1105 → 1081(-24 for losing)
|raw|juaquiness's rating: 1112 → 1136(+24 for winning)
|l|☆juaquiness
|player|p2|
