|badge|p2|silver|gen9ou|30-6
|uhtml|medal-msg|Curious what those medals under the avatar are? PS now has Ladder Seasons! For more information, check out the thread on Smogon.
|j|☆toobadforalt
|j|☆JackRG1
|html|toobadforaltJackRG1    
|uhtml|bestof|Game 1 of a best-of-3
|t:|1757785749
|gametype|doubles
|player|p1|toobadforalt|2|1226
|player|p2|JackRG1|dawn-gen4pt|1268
|gen|9
|tier|[Gen 9] VGC 2025 Reg H (Bo3)
|rated|
|rule|Species Clause: Limit one of each Pokémon
|rule|Item Clause: Limit 1 of each item
|clearpoke
|poke|p1|Dragapult, L50, M|
|poke|p1|Magmar, L50, M|
|poke|p1|Rillaboom, L50, F|
|poke|p1|Kingambit, L50, M|
|poke|p1|Sneasler, L50, M|
|poke|p1|Milotic, L50, M|
|poke|p2|Tyranitar, L50, F|
|poke|p2|Excadrill, L50, F|
|poke|p2|Gastrodon-East, L50, F|
|poke|p2|Grimmsnarl, L50, M|
|poke|p2|Corviknight, L50, F|
|poke|p2|Glimmora, L50, F|
|teampreview|4
|showteam|p1|Dragapult||ChoiceBand|ClearBody|DragonDarts,Uturn,PhantomForce,TeraBlast|||M|||50|,,,,,Ghost]Magmar||Eviolite|VitalSpirit|FollowMe,Overheat,Taunt,WillOWisp|||M|||50|,,,,,Ghost]Rillaboom||AssaultVest|GrassySurge|FakeOut,WoodHammer,GrassyGlide,HighHorsepower|||F|||50|,,,,,Fire]Kingambit||SafetyGoggles|Defiant|SwordsDance,KowtowCleave,SuckerPunch,Protect|||M|||50|,,,,,Flying]Sneasler||FocusSash|Unburden|FakeOut,DireClaw,CloseCombat,Protect|||M|||50|,,,,,Stellar]Milotic||Leftovers|Competitive|Scald,IcyWind,Haze,Protect|||M|||50|,,,,,Grass
|showteam|p2|Tyranitar||AssaultVest|SandStream|RockSlide,KnockOff,TeraBlast,LowKick|||F|||50|,,,,,Flying]Excadrill||FocusSash|SandRush|Earthquake,HighHorsepower,IronHead,Protect|||F|||50|,,,,,Ground]Gastrodon-East||Leftovers|StormDrain|EarthPower,HydroPump,ClearSmog,Protect|||F|||50|,,,,,Poison]Grimmsnarl||LightClay|Prankster|SpiritBreak,Reflect,LightScreen,Taunt|||M|||50|,,,,,Ghost]Corviknight||SafetyGoggles|MirrorArmor|BraveBird,PowerTrip,BulkUp,Roost|||F|||50|,,,,,Ground]Glimmora||ChoiceScarf|ToxicDebris|EnergyBall,PowerGem,EarthPower,SludgeBomb|||F|||50|,,,,,Grass
|inactive|Battle timer is ON: inactive players will automatically lose when time's up. (requested by JackRG1)
|inactive|toobadforalt has 60 seconds left.
|inactive|JackRG1 has 60 seconds left.
|
|t:|1757785787
|teamsize|p1|4
|teamsize|p2|4
|start
|switch|p1a: Kingambit|Kingambit, L50, M|100/100
|switch|p1b: Rillaboom|Rillaboom, L50, F|100/100
|switch|p2a: Glimmora|Glimmora, L50, F|100/100
|switch|p2b: Tyranitar|Tyranitar, L50, F|100/100
|-fieldstart|move: Grassy Terrain|[from] ability: Grassy Surge|[of] p1b: Rillaboom
|-weather|Sandstorm|[from] ability: Sand Stream|[of] p2b: Tyranitar
|turn|1
|inactive|toobadforalt has 30 seconds left.
|
|t:|1757785815
|switch|p2b: Corviknight|Corviknight, L50, F|100/100
|move|p1b: Rillaboom|Fake Out|p2b: Corviknight
|-resisted|p2b: Corviknight
|-damage|p2b: Corviknight|95/100
|move|p2a: Glimmora|Sludge Bomb|p1b: Rillaboom
|-supereffective|p1b: Rillaboom
|-damage|p1b: Rillaboom|21/100
|move|p1a: Kingambit|Swords Dance|p1a: Kingambit
|-boost|p1a: Kingambit|atk|2
|
|-weather|Sandstorm|[upkeep]
|-damage|p1b: Rillaboom|15/100|[from] Sandstorm
|-heal|p1b: Rillaboom|21/100|[from] Grassy Terrain
|upkeep
|turn|2
|
|t:|1757785833
|switch|p1b: Magmar|Magmar, L50, M|100/100
|-terastallize|p1a: Kingambit|Flying
|move|p2a: Glimmora|Sludge Bomb|p1b: Magmar
|-crit|p1b: Magmar
|-damage|p1b: Magmar|50/100
|-status|p1b: Magmar|psn
|move|p2b: Corviknight|Bulk Up|p2b: Corviknight
|-boost|p2b: Corviknight|atk|1
|-boost|p2b: Corviknight|def|1
|move|p1a: Kingambit|Kowtow Cleave|p2a: Glimmora
|-damage|p2a: Glimmora|0 fnt
|-activate|p2a: Glimmora|ability: Toxic Debris
|-sidestart|p1: toobadforalt|move: Toxic Spikes
|faint|p2a: Glimmora
|
|-weather|Sandstorm|[upkeep]
|-damage|p1b: Magmar|44/100 psn|[from] Sandstorm
|-heal|p1b: Magmar|50/100 psn|[from] Grassy Terrain
|-damage|p1b: Magmar|37/100 psn|[from] psn
|upkeep
|
|t:|1757785843
|switch|p2a: Excadrill|Excadrill, L50, F|100/100
|turn|3
|inactive|toobadforalt has 30 seconds left.
|
|t:|1757785869
|move|p1b: Magmar|Follow Me|p1b: Magmar
|-singleturn|p1b: Magmar|move: Follow Me
|move|p2a: Excadrill|High Horsepower|p1b: Magmar
|-supereffective|p1b: Magmar
|-damage|p1b: Magmar|0 fnt
|faint|p1b: Magmar
|move|p2b: Corviknight|Bulk Up|p2b: Corviknight
|-boost|p2b: Corviknight|atk|1
|-boost|p2b: Corviknight|def|1
|move|p1a: Kingambit|Kowtow Cleave|p2a: Excadrill
|-enditem|p2a: Excadrill|Focus Sash
|-damage|p2a: Excadrill|1/100
|
|-weather|Sandstorm|[upkeep]
|-heal|p2a: Excadrill|7/100|[from] Grassy Terrain
|upkeep
|
|t:|1757785888
|switch|p1b: Sneasler|Sneasler, L50, M|100/100
|-sideend|p1: toobadforalt|move: Toxic Spikes|[of] p1b: Sneasler
|turn|4
|
|t:|1757785900
|move|p1b: Sneasler|Fake Out|p2b: Corviknight
|-resisted|p2b: Corviknight
|-damage|p2b: Corviknight|92/100
|move|p2a: Excadrill|High Horsepower|p1b: Sneasler
|-supereffective|p1b: Sneasler
|-enditem|p1b: Sneasler|Focus Sash
|-damage|p1b: Sneasler|1/100
|cant|p2b: Corviknight|flinch
|move|p1a: Kingambit|Swords Dance|p1a: Kingambit
|-boost|p1a: Kingambit|atk|2
|
|-weather|Sandstorm|[upkeep]
|-damage|p1b: Sneasler|0 fnt|[from] Sandstorm
|faint|p1b: Sneasler
|-heal|p2a: Excadrill|13/100|[from] Grassy Terrain
|upkeep
|
|t:|1757785905
|switch|p1b: Rillaboom|Rillaboom, L50, F|21/100
|turn|5
|
|t:|1757785912
|move|p1b: Rillaboom|Grassy Glide|p2a: Excadrill
|-damage|p2a: Excadrill|0 fnt
|faint|p2a: Excadrill
|move|p2b: Corviknight|Power Trip|p1b: Rillaboom
|-damage|p1b: Rillaboom|0 fnt
|faint|p1b: Rillaboom
|move|p1a: Kingambit|Kowtow Cleave|p2b: Corviknight
|-damage|p2b: Corviknight|33/100
|
|-weather|none
|-fieldend|move: Grassy Terrain
|upkeep
|
|t:|1757785915
|switch|p2a: Tyranitar|Tyranitar, L50, F|100/100
|-weather|Sandstorm|[from] ability: Sand Stream|[of] p2a: Tyranitar
|turn|6
|
|t:|1757785940
|move|p1a: Kingambit|Sucker Punch|p2a: Tyranitar
|-resisted|p2a: Tyranitar
|-damage|p2a: Tyranitar|48/100
|move|p2a: Tyranitar|Rock Slide|p1a: Kingambit
|-supereffective|p1a: Kingambit
|-damage|p1a: Kingambit|38/100
|move|p2b: Corviknight|Roost|p2b: Corviknight
|-heal|p2b: Corviknight|83/100
|-singleturn|p2b: Corviknight|move: Roost
|
|-weather|Sandstorm|[upkeep]
|upkeep
|turn|7
|
|t:|1757785951
|move|p1a: Kingambit|Sucker Punch|p2a: Tyranitar
|-resisted|p2a: Tyranitar
|-damage|p2a: Tyranitar|0 fnt
|faint|p2a: Tyranitar
|move|p2b: Corviknight|Brave Bird|p1a: Kingambit
|-damage|p1a: Kingambit|0 fnt
|faint|p1a: Kingambit
|-damage|p2b: Corviknight|69/100|[from] Recoil
|
|win|JackRG1
||toobadforalt is ready for game 2.
|inactive|JackRG1 has 30 seconds to confirm battle start!
||JackRG1 is ready for game 2.
|uhtml|next|Next: Game 2 of 3
