|j|☆tlkuykikjkjmjjk
|j|☆flamingtiger56
|html|tlkuykikjkjmjjkflamingtiger56    
|uhtml|bestof|Game 1 of a best-of-3
|t:|1783369600
|gametype|doubles
|player|p1|tlkuykikjkjmjjk|170|1106
|player|p2|flamingtiger56|266|1168
|gen|9
|tier|[Gen 9 Champions] VGC 2026 Reg M-B (Bo3)
|rated|
|rule|Species Clause: Limit one of each Pokémon
|rule|Item Clause: Limit 1 of each item
|clearpoke
|poke|p1|Steelix, L50, F|
|poke|p1|Tyranitar, L50, M|
|poke|p1|Rotom-Wash, L50|
|poke|p1|Sinistcha, L50|
|poke|p1|Sneasler, L50, F|
|poke|p1|Talonflame, L50, F|
|poke|p2|Raichu, L50, M|
|poke|p2|Incineroar, L50, M|
|poke|p2|Sinistcha, L50|
|poke|p2|Ceruledge, L50, F|
|poke|p2|Milotic, L50, M|
|poke|p2|Floette-Eternal, L50, F|
|teampreview|4
|showteam|p1|Steelix||Steelixite|Sturdy|WideGuard,HeavySlam,HighHorsepower,Protect|Serious||F|||50|]Tyranitar||Tyranitarite|SandStream|Protect,DragonDance,RockSlide,KnockOff|Serious||M|||50|]Rotom-Wash||Leftovers|Levitate|HydroPump,LightScreen,Thunderbolt,WillOWisp|Serious|||||50|]Sinistcha||SitrusBerry|Hospitality|MatchaGotcha,TrickRoom,Protect,RagePowder|Serious|||||50|]Sneasler||WhiteHerb|Unburden|CloseCombat,DireClaw,FakeOut,Protect|Serious||F|||50|]Talonflame||SharpBeak|GaleWings|Protect,SwordsDance,FlareBlitz,BraveBird|Serious||F|||50|
|showteam|p2|Raichu||RaichuniteY|LightningRod|FakeOut,ZapCannon,Encore,Protect|Timid||M|||50|]Incineroar||SitrusBerry|Intimidate|FakeOut,ThroatChop,FlareBlitz,PartingShot|Careful||M|||50|]Sinistcha||KasibBerry|Hospitality|MatchaGotcha,RagePowder,TrickRoom,Protect|Bold|||||50|]Ceruledge||ColburBerry|FlashFire|BulkUp,BitterBlade,ShadowSneak,Protect|Adamant||F|||50|]Milotic||Leftovers|Competitive|MuddyWater,Coil,Hypnosis,Recover|Calm||M|||50|]Floette-Eternal||Floettite|FlowerVeil|Moonblast,DrainingKiss,CalmMind,Protect|Bold||F|||50|
|inactive|Battle timer is ON: inactive players will automatically lose when time's up. (requested by flamingtiger56)
|inactive|flamingtiger56 has 60 seconds left.
|
|t:|1783369642
|teamsize|p1|4
|teamsize|p2|4
|start
|switch|p1a: Rotom|Rotom-Wash, L50|100/100
|switch|p1b: Sinistcha|Sinistcha, L50|100/100
|switch|p2a: Incineroar|Incineroar, L50, M|100/100
|switch|p2b: Ceruledge|Ceruledge, L50, F|100/100
|-ability|p2a: Incineroar|Intimidate|boost
|-unboost|p1a: Rotom|atk|1
|-unboost|p1b: Sinistcha|atk|1
|turn|1
|
|t:|1783369662
|switch|p1b: Tyranitar|Tyranitar, L50, M|100/100
|-weather|Sandstorm|[from] ability: Sand Stream|[of] p1b: Tyranitar
|move|p2a: Incineroar|Fake Out|p1a: Rotom
|-damage|p1a: Rotom|87/100
|move|p2b: Ceruledge|Bulk Up|p2b: Ceruledge
|-boost|p2b: Ceruledge|atk|1
|-boost|p2b: Ceruledge|def|1
|cant|p1a: Rotom|flinch
|
|-weather|Sandstorm|[upkeep]
|-damage|p2b: Ceruledge|93/100|[from] Sandstorm
|-damage|p1a: Rotom|82/100|[from] Sandstorm
|-damage|p2a: Incineroar|93/100|[from] Sandstorm
|-heal|p1a: Rotom|87/100|[from] item: Leftovers
|upkeep
|turn|2
|
|t:|1783369678
|move|p2b: Ceruledge|Protect|p2b: Ceruledge
|-singleturn|p2b: Ceruledge|Protect
|move|p1a: Rotom|Hydro Pump|p2b: Ceruledge
|-activate|p2b: Ceruledge|move: Protect
|move|p2a: Incineroar|Parting Shot|p1b: Tyranitar
|-unboost|p1b: Tyranitar|atk|1
|-unboost|p1b: Tyranitar|spa|1
|
|t:|1783369689
|switch|p2a: Sinistcha|Sinistcha, L50|100/100|[from] Parting Shot
|-heal|p2b: Ceruledge|100/100|[from] ability: Hospitality|[of] p2a: Sinistcha
|move|p1b: Tyranitar|Dragon Dance|p1b: Tyranitar
|-boost|p1b: Tyranitar|atk|1
|-boost|p1b: Tyranitar|spe|1
|
|-weather|Sandstorm|[upkeep]
|-damage|p2b: Ceruledge|93/100|[from] Sandstorm
|-damage|p1a: Rotom|82/100|[from] Sandstorm
|-damage|p2a: Sinistcha|93/100|[from] Sandstorm
|-heal|p1a: Rotom|87/100|[from] item: Leftovers
|upkeep
|turn|3
|
|t:|1783369708
|switch|p1b: Sinistcha|Sinistcha, L50|100/100
|-heal|p1a: Rotom|100/100|[from] ability: Hospitality|[of] p1b: Sinistcha
|move|p2b: Ceruledge|Bitter Blade|p1a: Rotom
|-resisted|p1a: Rotom|1
|-crit|p1a: Rotom
|-damage|p1a: Rotom|40/100
|-heal|p2b: Ceruledge|100/100|[from] drain|[of] p1a: Rotom
|move|p1a: Rotom|Hydro Pump|p2b: Ceruledge
|-supereffective|p2b: Ceruledge|1
|-damage|p2b: Ceruledge|10/100
|move|p2a: Sinistcha|Matcha Gotcha|p1a: Rotom|[spread] p1a,p1b
|-supereffective|p1a: Rotom|1
|-resisted|p1b: Sinistcha|1
|-damage|p1a: Rotom|0 fnt
|-heal|p2a: Sinistcha|100/100|[from] drain|[of] p1a: Rotom
|-damage|p1b: Sinistcha|85/100
|faint|p1a: Rotom
|
|-weather|Sandstorm|[upkeep]
|-damage|p2b: Ceruledge|3/100|[from] Sandstorm
|-damage|p2a: Sinistcha|93/100|[from] Sandstorm
|-damage|p1b: Sinistcha|79/100|[from] Sandstorm
|upkeep
|
|t:|1783369730
|switch|p1a: Tyranitar|Tyranitar, L50, M|100/100
|turn|4
|
|t:|1783369742
|switch|p2b: Incineroar|Incineroar, L50, M|93/100
|-ability|p2b: Incineroar|Intimidate|boost
|-unboost|p1a: Tyranitar|atk|1
|-unboost|p1b: Sinistcha|atk|1
|detailschange|p1a: Tyranitar|Tyranitar-Mega, L50, M
|-mega|p1a: Tyranitar|Tyranitar|Tyranitarite
|move|p1a: Tyranitar|Knock Off|p2a: Sinistcha
|-supereffective|p2a: Sinistcha|1
|-damage|p2a: Sinistcha|35/100
|-enditem|p2a: Sinistcha|Kasib Berry|[from] move: Knock Off|[of] p1a: Tyranitar
|move|p2a: Sinistcha|Matcha Gotcha|p1a: Tyranitar|[spread] p1a,p1b
|-supereffective|p1a: Tyranitar|1
|-resisted|p1b: Sinistcha|1
|-damage|p1a: Tyranitar|71/100
|-heal|p2a: Sinistcha|49/100|[from] drain|[of] p1a: Tyranitar
|-damage|p1b: Sinistcha|64/100
|-heal|p2a: Sinistcha|57/100|[from] drain|[of] p1b: Sinistcha
|move|p1b: Sinistcha|Trick Room|p1b: Sinistcha
|-fieldstart|move: Trick Room|[of] p1b: Sinistcha
|
|-weather|Sandstorm|[upkeep]
|-damage|p2b: Incineroar|87/100|[from] Sandstorm
|-damage|p2a: Sinistcha|51/100|[from] Sandstorm
|-damage|p1b: Sinistcha|57/100|[from] Sandstorm
|upkeep
|turn|5
|inactive|tlkuykikjkjmjjk has 30 seconds left.
|
|t:|1783369770
|move|p1b: Sinistcha|Rage Powder|p1b: Sinistcha
|-singleturn|p1b: Sinistcha|move: Rage Powder
|move|p2b: Incineroar|Flare Blitz|p1b: Sinistcha
|-supereffective|p1b: Sinistcha|1
|-damage|p1b: Sinistcha|0 fnt
|faint|p1b: Sinistcha
|-damage|p2b: Incineroar|69/100|[from] Recoil
|move|p2a: Sinistcha|Matcha Gotcha|p1a: Tyranitar
|-supereffective|p1a: Tyranitar|1
|-damage|p1a: Tyranitar|32/100
|-heal|p2a: Sinistcha|70/100|[from] drain|[of] p1a: Tyranitar
|move|p1a: Tyranitar|Knock Off|p2a: Sinistcha
|-supereffective|p2a: Sinistcha|1
|-damage|p2a: Sinistcha|33/100
|
|-weather|none
|upkeep
|-message|tlkuykikjkjmjjk forfeited.
|
|win|flamingtiger56
|l|☆tlkuykikjkjmjjk
|player|p1|
|raw|tlkuykikjkjmjjk's rating: 1106 → 1085(-21 for losing)
|raw|flamingtiger56's rating: 1168 → 1189(+21 for winning)
