|j|☆Arhanjunior
|j|☆Dart00765
|html|ArhanjuniorDart00765    
|uhtml|bestof|Game 2 of a best-of-3
|t:|1782594841
|gametype|doubles
|player|p1|Arhanjunior|266|1040
|player|p2|Dart00765|265|1076
|gen|9
|tier|[Gen 9 Champions] VGC 2026 Reg M-B (Bo3)
|rated|
|rule|Species Clause: Limit one of each Pokémon
|rule|Item Clause: Limit 1 of each item
|clearpoke
|poke|p1|Swampert, L50, M|
|poke|p1|Pelipper, L50, M|
|poke|p1|Archaludon, L50, M|
|poke|p1|Sinistcha, L50|
|poke|p1|Maushold-Four, L50|
|poke|p1|Gholdengo, L50|
|poke|p2|Garchomp, L50, M|
|poke|p2|Whimsicott, L50, F|
|poke|p2|Sneasler, L50, F|
|poke|p2|Charizard, L50, F|
|poke|p2|Basculegion, L50, M|
|poke|p2|Floette-Eternal, L50, F|
|teampreview|4
|showteam|p1|Swampert||Swampertite|Damp|HighHorsepower,WaveCrash,IceBeam,Protect|Adamant||M|||50|]Pelipper||FocusSash|Drizzle|Hurricane,WeatherBall,Tailwind,WideGuard|Modest||M|||50|]Archaludon||Leftovers|Stamina|DragonPulse,ElectroShot,AuraSphere,Protect|Modest||M|||50|]Sinistcha||SitrusBerry|Hospitality|MatchaGotcha,TrickRoom,RagePowder,LifeDew|Bold|||||50|]Maushold-Four||ChopleBerry|FriendGuard|SuperFang,FollowMe,RainDance,Protect|Timid|||||50|]Gholdengo||LifeOrb|GoodasGold|MakeItRain,ShadowBall,NastyPlot,Protect|Modest|||||50|
|showteam|p2|Garchomp||RoseliBerry|RoughSkin|Earthquake,RockSlide,PoisonJab,DragonClaw|Jolly||M|||50|]Whimsicott||FocusSash|Prankster|Tailwind,Moonblast,Encore,Protect|Timid||F|||50|]Sneasler||WhiteHerb|Unburden|DireClaw,CloseCombat,FakeOut,Protect|Adamant||F|||50|]Charizard||CharizarditeY|Blaze|HeatWave,WeatherBall,SolarBeam,Protect|Timid||F|||50|]Basculegion||MysticWater|Adaptability|WaveCrash,LastRespects,AquaJet,Protect|Adamant||M|||50|]Floette-Eternal||Floettite|FlowerVeil|Moonblast,Protect,LightofRuin,DazzlingGleam|Timid||F|||50|
|inactive|Battle timer is ON: inactive players will automatically lose when time's up. (requested by Arhanjunior)
|inactive|Arhanjunior has 60 seconds left.
|
|t:|1782594900
|teamsize|p1|4
|teamsize|p2|4
|start
|switch|p1a: Swampert|Swampert, L50, M|100/100
|switch|p1b: Maushold|Maushold-Four, L50|100/100
|switch|p2a: Whimsicott|Whimsicott, L50, F|100/100
|switch|p2b: Basculegion|Basculegion, L50, M|100/100
|turn|1
|inactive|Dart00765 has 30 seconds left.
|inactive|Arhanjunior has 30 seconds left.
|inactive|Dart00765 has 20 seconds left.
|inactive|Dart00765 has 15 seconds left.
|
|t:|1782594941
|move|p2b: Basculegion|Protect|p2b: Basculegion
|-singleturn|p2b: Basculegion|Protect
|move|p1b: Maushold|Follow Me|p1b: Maushold
|-singleturn|p1b: Maushold|move: Follow Me
|move|p2a: Whimsicott|Tailwind|p2a: Whimsicott
|-sidestart|p2: Dart00765|move: Tailwind
|move|p1a: Swampert|Wave Crash|p2b: Basculegion
|-activate|p2b: Basculegion|move: Protect
|
|upkeep
|turn|2
|
|t:|1782594964
|detailschange|p1a: Swampert|Swampert-Mega, L50, M
|-mega|p1a: Swampert|Swampert|Swampertite
|move|p2a: Whimsicott|Moonblast|p1a: Swampert
|-damage|p1a: Swampert|81/100
|move|p2b: Basculegion|Wave Crash|p1b: Maushold
|-damage|p1b: Maushold|0 fnt
|faint|p1b: Maushold
|-damage|p2b: Basculegion|73/100|[from] Recoil
|move|p1a: Swampert|Wave Crash|p2b: Basculegion
|-resisted|p2b: Basculegion|1
|-damage|p2b: Basculegion|28/100
|-damage|p1a: Swampert|62/100|[from] Recoil
|
|upkeep
|
|t:|1782594978
|switch|p1b: Gholdengo|Gholdengo, L50|100/100
|turn|3
|
|t:|1782594991
|switch|p2b: Sneasler|Sneasler, L50, F|100/100
|move|p1b: Gholdengo|Protect|p1b: Gholdengo
|-singleturn|p1b: Gholdengo|Protect
|move|p2a: Whimsicott|Moonblast|p1b: Gholdengo
|-activate|p1b: Gholdengo|move: Protect
|move|p1a: Swampert|Wave Crash|p2b: Sneasler
|-damage|p2b: Sneasler|1/100
|-damage|p1a: Swampert|28/100|[from] Recoil
|
|upkeep
|turn|4
|inactive|Dart00765 has 30 seconds left.
|
|t:|1782595017
|move|p2a: Whimsicott|Protect|p2a: Whimsicott
|-singleturn|p2a: Whimsicott|Protect
|move|p1a: Swampert|Protect|p1a: Swampert
|-singleturn|p1a: Swampert|Protect
|move|p2b: Sneasler|Close Combat|p1a: Swampert
|-activate|p1a: Swampert|move: Protect
|move|p1b: Gholdengo|Make It Rain|p2b: Sneasler|[spread] p2b
|-activate|p2a: Whimsicott|move: Protect
|-damage|p2b: Sneasler|0 fnt
|-unboost|p1b: Gholdengo|spa|2
|faint|p2b: Sneasler
|-damage|p1b: Gholdengo|90/100|[from] item: Life Orb
|
|-sideend|p2: Dart00765|move: Tailwind
|upkeep
|
|t:|1782595032
|switch|p2b: Basculegion|Basculegion, L50, M|28/100
|turn|5
|
|t:|1782595055
|move|p2b: Basculegion|Protect|p2b: Basculegion
|-singleturn|p2b: Basculegion|Protect
|move|p2a: Whimsicott|Tailwind|p2a: Whimsicott
|-sidestart|p2: Dart00765|move: Tailwind
|move|p1b: Gholdengo|Shadow Ball|p2b: Basculegion
|-activate|p2b: Basculegion|move: Protect
|move|p1a: Swampert|Wave Crash|p2b: Basculegion
|-activate|p2b: Basculegion|move: Protect
|
|upkeep
|turn|6
|
|t:|1782595070
|move|p2a: Whimsicott|Moonblast|p1a: Swampert
|-damage|p1a: Swampert|0 fnt
|faint|p1a: Swampert
|move|p2b: Basculegion|Last Respects|p1b: Gholdengo
|-supereffective|p1b: Gholdengo|1
|-damage|p1b: Gholdengo|0 fnt
|faint|p1b: Gholdengo
|
|upkeep
|
|t:|1782595077
|switch|p1b: Archaludon|Archaludon, L50, M|100/100
|turn|7
|-message|Arhanjunior forfeited.
|
|win|Dart00765
||Dart00765 is ready for game 3.
||Arhanjunior is ready for game 3.
|uhtml|next|Next: Game 3 of 3
|l|☆Dart00765
|player|p2|
