|j|☆Farigi No Raf
|j|☆TheMochiMan
|html|Farigi No RafTheMochiMan    
|uhtml|bestof|Game 2 of a best-of-3
|t:|1757254459
|gametype|doubles
|player|p1|Farigi No Raf|artist-gen4|1378
|player|p2|TheMochiMan|doctor|1426
|gen|9
|tier|[Gen 9] VGC 2025 Reg H (Bo3)
|rated|
|rule|Species Clause: Limit one of each Pokémon
|rule|Item Clause: Limit 1 of each item
|clearpoke
|poke|p1|Dragonite, L50, M|
|poke|p1|Gholdengo, L50|
|poke|p1|Sneasler, L50, F|
|poke|p1|Rillaboom, L50, M|
|poke|p1|Ursaluna-Bloodmoon, L50, M|
|poke|p1|Magmar, L50, F|
|poke|p2|Ursaluna, L50, F|
|poke|p2|Jumpluff, L50, F|
|poke|p2|Charizard, L50, F|
|poke|p2|Torkoal, L50, M|
|poke|p2|Incineroar, L50, M|
|poke|p2|Porygon2, L50|
|teampreview|4
|showteam|p1|Dragonite||LoadedDice|Multiscale|ScaleShot,Tailwind,ExtremeSpeed,Protect|||M|||50|,,,,,Fairy]Gholdengo||LifeOrb|GoodasGold|MakeItRain,ShadowBall,NastyPlot,Protect||||||50|,,,,,Water]Sneasler||FocusSash|PoisonTouch|CloseCombat,DireClaw,Coaching,FakeOut|||F|||50|,,,,,Ghost]Rillaboom||AssaultVest|GrassySurge|WoodHammer,FakeOut,GrassyGlide,HighHorsepower|||M|||50|,,,,,Fire]Ursaluna-Bloodmoon||SilkScarf|MindsEye|HyperVoice,EarthPower,BloodMoon,Protect|||M|||50|,,,,,Water]Magmar||Eviolite|VitalSpirit|FollowMe,BurningJealousy,ClearSmog,Protect|||F|||50|,,,,,Dragon
|showteam|p2|Ursaluna||FlameOrb|Guts|HeadlongRush,Facade,Earthquake,Protect|||F|||50|,,,,,Ghost]Jumpluff||CovertCloak|Chlorophyll|SleepPowder,SunnyDay,Tailwind,RagePowder|||F|||50|,,,,,Water]Charizard||ChoiceSpecs|SolarPower|AirSlash,HeatWave,Overheat,WeatherBall|||F|||50|,,,,,Ghost]Torkoal||EjectPack|Drought|HelpingHand,Eruption,Overheat,Protect|||M|||50|,,,,,Fire]Incineroar||SitrusBerry|Intimidate|FlareBlitz,KnockOff,PartingShot,FakeOut|||M|||50|,,,,,Ghost]Porygon2||Eviolite|Download|TeraBlast,IceBeam,Recover,TrickRoom||||||50|,,,,,Fighting
|
|t:|1757254477
|teamsize|p1|4
|teamsize|p2|4
|start
|switch|p1a: Magmar|Magmar, L50, F|100/100
|switch|p1b: Dragonite|Dragonite, L50, M|100/100
|switch|p2a: Bobcat|Incineroar, L50, M|100/100
|switch|p2b: A duck most fowl|Porygon2, L50|100/100
|-ability|p2a: Bobcat|Intimidate|boost
|-unboost|p1a: Magmar|atk|1
|-unboost|p1b: Dragonite|atk|1
|-ability|p2b: A duck most fowl|Download|boost
|-boost|p2b: A duck most fowl|spa|1
|turn|1
|
|t:|1757254495
|switch|p1b: Ursaluna|Ursaluna-Bloodmoon, L50, M|100/100
|move|p1a: Magmar|Burning Jealousy|p2b: A duck most fowl|[spread] p2a,p2b
|-resisted|p2a: Bobcat
|-damage|p2a: Bobcat|93/100
|-damage|p2b: A duck most fowl|90/100
|-status|p2b: A duck most fowl|brn
|move|p2a: Bobcat|Knock Off|p1b: Ursaluna
|-damage|p1b: Ursaluna|67/100
|-enditem|p1b: Ursaluna|Silk Scarf|[from] move: Knock Off|[of] p2a: Bobcat
|move|p2b: A duck most fowl|Trick Room|p2b: A duck most fowl
|-fieldstart|move: Trick Room|[of] p2b: A duck most fowl
|
|-damage|p2b: A duck most fowl|83/100 brn|[from] brn
|upkeep
|turn|2
|
|t:|1757254522
|move|p1b: Ursaluna|Protect|p1b: Ursaluna
|-singleturn|p1b: Ursaluna|Protect
|move|p2b: A duck most fowl|Tera Blast|p1b: Ursaluna
|-activate|p1b: Ursaluna|move: Protect
|move|p2a: Bobcat|Parting Shot|p1b: Ursaluna
|-activate|p1b: Ursaluna|move: Protect
|move|p1a: Magmar|Clear Smog|p2b: A duck most fowl
|-damage|p2b: A duck most fowl|75/100 brn
|-clearboost|p2b: A duck most fowl
|
|-damage|p2b: A duck most fowl|69/100 brn|[from] brn
|upkeep
|turn|3
|
|t:|1757254552
|move|p1a: Magmar|Follow Me|p1a: Magmar
|-singleturn|p1a: Magmar|move: Follow Me
|move|p2b: A duck most fowl|Tera Blast|p1a: Magmar
|-damage|p1a: Magmar|72/100
|move|p2a: Bobcat|Parting Shot|p1a: Magmar
|-unboost|p1a: Magmar|atk|1
|-unboost|p1a: Magmar|spa|1
|
|t:|1757254567
|switch|p2a: Brown bear|Ursaluna, L50, F|100/100|[from] Parting Shot
|move|p1b: Ursaluna|Blood Moon|p2b: A duck most fowl
|-damage|p2b: A duck most fowl|25/100 brn
|
|-damage|p2b: A duck most fowl|19/100 brn|[from] brn
|-status|p2a: Brown bear|brn|[from] item: Flame Orb
|upkeep
|turn|4
|
|t:|1757254585
|move|p1a: Magmar|Follow Me|p1a: Magmar
|-singleturn|p1a: Magmar|move: Follow Me
|move|p2b: A duck most fowl|Recover|p2b: A duck most fowl
|-heal|p2b: A duck most fowl|69/100 brn
|move|p2a: Brown bear|Facade|p1a: Magmar
|-damage|p1a: Magmar|0 fnt
|faint|p1a: Magmar
|move|p1b: Ursaluna|Hyper Voice|p2b: A duck most fowl|[spread] p2a,p2b
|-damage|p2a: Brown bear|67/100 brn
|-damage|p2b: A duck most fowl|47/100 brn
|
|-damage|p2b: A duck most fowl|41/100 brn|[from] brn
|-damage|p2a: Brown bear|61/100 brn|[from] brn
|upkeep
|
|t:|1757254609
|switch|p1a: Sneasler|Sneasler, L50, F|100/100
|turn|5
|
|t:|1757254653
|switch|p2a: Bobcat|Incineroar, L50, M|93/100
|-ability|p2a: Bobcat|Intimidate|boost
|-unboost|p1a: Sneasler|atk|1
|-unboost|p1b: Ursaluna|atk|1
|switch|p1b: Dragonite|Dragonite, L50, M|100/100
|move|p1a: Sneasler|Fake Out|p2b: A duck most fowl
|-damage|p2b: A duck most fowl|34/100 brn
|cant|p2b: A duck most fowl|flinch
|
|-damage|p2b: A duck most fowl|28/100 brn|[from] brn
|-fieldend|move: Trick Room
|upkeep
|turn|6
|
|t:|1757254699
|move|p1a: Sneasler|Close Combat|p2b: A duck most fowl
|-supereffective|p2b: A duck most fowl
|-damage|p2b: A duck most fowl|0 fnt
|-unboost|p1a: Sneasler|def|1
|-unboost|p1a: Sneasler|spd|1
|faint|p2b: A duck most fowl
|move|p1b: Dragonite|Scale Shot|p2a: Bobcat
|-damage|p2a: Bobcat|79/100
|-damage|p2a: Bobcat|64/100
|-damage|p2a: Bobcat|50/100
|-enditem|p2a: Bobcat|Sitrus Berry|[eat]
|-heal|p2a: Bobcat|74/100|[from] item: Sitrus Berry
|-damage|p2a: Bobcat|60/100
|-damage|p2a: Bobcat|46/100
|-hitcount|p2a: Bobcat|5
|-unboost|p1b: Dragonite|def|1
|-boost|p1b: Dragonite|spe|1
|move|p2a: Bobcat|Knock Off|p1b: Dragonite
|-damage|p1b: Dragonite|63/100
|-enditem|p1b: Dragonite|Loaded Dice|[from] move: Knock Off|[of] p2a: Bobcat
|
|upkeep
|
|t:|1757254714
|switch|p2b: Brown bear|Ursaluna, L50, F|61/100 brn
|turn|7
|
|t:|1757254734
|switch|p2a: Soft shell|Torkoal, L50, M|100/100
|-weather|SunnyDay|[from] ability: Drought|[of] p2a: Soft shell
|-terastallize|p2b: Brown bear|Ghost
|move|p1b: Dragonite|Scale Shot|p2b: Brown bear
|-damage|p2b: Brown bear|50/100 brn
|-damage|p2b: Brown bear|37/100 brn
|-hitcount|p2b: Brown bear|2
|-unboost|p1b: Dragonite|def|1
|-boost|p1b: Dragonite|spe|1
|move|p1a: Sneasler|Close Combat|p2a: Soft shell
|-crit|p2a: Soft shell
|-damage|p2a: Soft shell|29/100
|-unboost|p1a: Sneasler|def|1
|-unboost|p1a: Sneasler|spd|1
|move|p2b: Brown bear|Facade|p1b: Dragonite
|-damage|p1b: Dragonite|0 fnt
|faint|p1b: Dragonite
|
|-weather|SunnyDay|[upkeep]
|-damage|p2b: Brown bear|32/100 brn|[from] brn
|upkeep
|
|t:|1757254751
|switch|p1b: Ursaluna|Ursaluna-Bloodmoon, L50, M|67/100
|turn|8
|
|t:|1757254781
|move|p2b: Brown bear|Protect|p2b: Brown bear
|-singleturn|p2b: Brown bear|Protect
|move|p1a: Sneasler|Coaching|p1b: Ursaluna
|-boost|p1b: Ursaluna|atk|1
|-boost|p1b: Ursaluna|def|1
|move|p1b: Ursaluna|Hyper Voice|p2a: Soft shell|[spread] p2a
|-activate|p2b: Brown bear|move: Protect
|-damage|p2a: Soft shell|0 fnt
|faint|p2a: Soft shell
|
|-weather|SunnyDay|[upkeep]
|-damage|p2b: Brown bear|26/100 brn|[from] brn
|upkeep
|
|t:|1757254790
|switch|p2a: Bobcat|Incineroar, L50, M|46/100
|-ability|p2a: Bobcat|Intimidate|boost
|-unboost|p1a: Sneasler|atk|1
|-unboost|p1b: Ursaluna|atk|1
|turn|9
|
|t:|1757254799
|-terastallize|p1a: Sneasler|Ghost
|move|p1b: Ursaluna|Protect|p1b: Ursaluna
|-singleturn|p1b: Ursaluna|Protect
|move|p2a: Bobcat|Fake Out|p1a: Sneasler
|-immune|p1a: Sneasler
|move|p1a: Sneasler|Close Combat|p2a: Bobcat
|-supereffective|p2a: Bobcat
|-damage|p2a: Bobcat|0 fnt
|-unboost|p1a: Sneasler|def|1
|-unboost|p1a: Sneasler|spd|1
|faint|p2a: Bobcat
|move|p2b: Brown bear|Earthquake|p1b: Ursaluna|[spread] p1a
|-activate|p1b: Ursaluna|move: Protect
|-enditem|p1a: Sneasler|Focus Sash
|-damage|p1a: Sneasler|1/100
|
|-weather|SunnyDay|[upkeep]
|-damage|p2b: Brown bear|20/100 brn|[from] brn
|upkeep
|turn|10
|
|t:|1757254816
|move|p1a: Sneasler|Coaching|p1b: Ursaluna
|-boost|p1b: Ursaluna|atk|1
|-boost|p1b: Ursaluna|def|1
|move|p1b: Ursaluna|Hyper Voice|p2b: Brown bear
|-damage|p2b: Brown bear|0 fnt
|faint|p2b: Brown bear
|
|win|Farigi No Raf
|raw|Farigi No Raf's rating: 1378 → 1401(+23 for winning)
|raw|TheMochiMan's rating: 1426 → 1403(-23 for losing)
