|j|☆chefbenboyrd
|j|☆Ayycousin
|html|chefbenboyrdAyycousin    
|uhtml|bestof|Game 3 of a best-of-3
|t:|1757705460
|gametype|doubles
|player|p1|chefbenboyrd|brawly|1115
|player|p2|Ayycousin|266|1057
|gen|9
|tier|[Gen 9] VGC 2025 Reg H (Bo3)
|rated|
|rule|Species Clause: Limit one of each Pokémon
|rule|Item Clause: Limit 1 of each item
|clearpoke
|poke|p1|Whimsicott, L50, F|
|poke|p1|Indeedee, L50, M|
|poke|p1|Ursaluna-Bloodmoon, L50, M|
|poke|p1|Incineroar, L50, F|
|poke|p1|Sneasler, L50, F|
|poke|p1|Garchomp, L50, M|
|poke|p2|Porygon2, L50|
|poke|p2|Incineroar, L50, M|
|poke|p2|Ursaluna, L50, M|
|poke|p2|Jumpluff, L50, M|
|poke|p2|Charizard, L50, M|
|poke|p2|Torkoal, L50, F|
|teampreview|4
|showteam|p1|Whimsicott||CovertCloak|Prankster|SunnyDay,Encore,Tailwind,Moonblast|||F|||50|,,,,,Ghost]Indeedee||FocusSash|PsychicSurge|ExpandingForce,TrickRoom,HelpingHand,Protect|||M|||50|,,,,,Psychic]Ursaluna-Bloodmoon||LifeOrb|MindsEye|BloodMoon,HyperVoice,EarthPower,Protect|||M|||50|,,,,,Normal]Incineroar||SafetyGoggles|Intimidate|FlareBlitz,KnockOff,PartingShot,FakeOut|||F|||50|,,,,,Ghost]Sneasler||PsychicSeed|Unburden|DireClaw,CloseCombat,ThroatChop,Protect|||F|||50|,,,,,Dark]Garchomp||ClearAmulet|RoughSkin|StompingTantrum,Earthquake,Protect,DragonClaw|||M|||50|,,,,,Steel
|showteam|p2|Porygon2||Eviolite|Download|TeraBlast,IceBeam,TrickRoom,Recover||||||50|,,,,,Fighting]Incineroar||SitrusBerry|Intimidate|FakeOut,KnockOff,FlareBlitz,PartingShot|||M|||50|,,,,,Ghost]Ursaluna||FlameOrb|Guts|HeadlongRush,Facade,Earthquake,Protect|||M|||50|,,,,,Ghost]Jumpluff||CovertCloak|Chlorophyll|RagePowder,SunnyDay,Tailwind,SleepPowder|||M|||50|,,,,,Water]Charizard||ChoiceSpecs|SolarPower|HeatWave,Overheat,WeatherBall,DragonPulse|||M|||50|,,,,,Ghost]Torkoal||EjectPack|Drought|Overheat,Eruption,HelpingHand,Protect|||F|||50|,,,,,Fire
|inactive|Battle timer is ON: inactive players will automatically lose when time's up. (requested by chefbenboyrd)
|
|t:|1757705493
|teamsize|p1|4
|teamsize|p2|4
|start
|switch|p1a: Indeedee|Indeedee, L50, M|100/100
|switch|p1b: Sneasler|Sneasler, L50, F|100/100
|switch|p2a: Porygon2|Porygon2, L50|100/100
|switch|p2b: Incineroar|Incineroar, L50, M|100/100
|-fieldstart|move: Psychic Terrain|[from] ability: Psychic Surge|[of] p1a: Indeedee
|-enditem|p1b: Sneasler|Psychic Seed
|-boost|p1b: Sneasler|spd|1|[from] item: Psychic Seed
|-ability|p2b: Incineroar|Intimidate|boost
|-unboost|p1a: Indeedee|atk|1
|-unboost|p1b: Sneasler|atk|1
|-ability|p2a: Porygon2|Download|boost
|-boost|p2a: Porygon2|atk|1
|turn|1
|inactive|Ayycousin has 30 seconds left.
|inactive|Ayycousin has 20 seconds left.
|inactive|Ayycousin has 15 seconds left.
|
|t:|1757705535
|-terastallize|p1a: Indeedee|Psychic
|move|p1b: Sneasler|Close Combat|p2a: Porygon2
|-supereffective|p2a: Porygon2
|-damage|p2a: Porygon2|44/100
|-unboost|p1b: Sneasler|def|1
|-unboost|p1b: Sneasler|spd|1
|move|p1a: Indeedee|Expanding Force|p2a: Porygon2|[spread] p2a
|-immune|p2b: Incineroar
|-damage|p2a: Porygon2|4/100
|move|p2b: Incineroar|Knock Off|p1a: Indeedee
|-supereffective|p1a: Indeedee
|-enditem|p1a: Indeedee|Focus Sash
|-damage|p1a: Indeedee|1/100
|move|p2a: Porygon2|Tera Blast|p1a: Indeedee
|-damage|p1a: Indeedee|0 fnt
|faint|p1a: Indeedee
|
|upkeep
|
|t:|1757705551
|switch|p1a: Garchomp|Garchomp, L50, M|100/100
|turn|2
|inactive|Ayycousin has 30 seconds left.
|
|t:|1757705582
|switch|p2a: Torkoal|Torkoal, L50, F|100/100
|-weather|SunnyDay|[from] ability: Drought|[of] p2a: Torkoal
|-terastallize|p2b: Incineroar|Ghost
|move|p1b: Sneasler|Protect|p1b: Sneasler
|-singleturn|p1b: Sneasler|Protect
|move|p1a: Garchomp|Earthquake|p2b: Incineroar|[spread] p2a,p2b
|-activate|p1b: Sneasler|move: Protect
|-supereffective|p2a: Torkoal
|-damage|p2a: Torkoal|39/100
|-damage|p2b: Incineroar|62/100
|move|p2b: Incineroar|Flare Blitz|p1b: Sneasler
|-activate|p1b: Sneasler|move: Protect
|
|-weather|SunnyDay|[upkeep]
|upkeep
|turn|3
|
|t:|1757705605
|move|p1b: Sneasler|Throat Chop|p2b: Incineroar
|-supereffective|p2b: Incineroar
|-damage|p2b: Incineroar|25/100
|-start|p2b: Incineroar|Throat Chop|[silent]
|-enditem|p2b: Incineroar|Sitrus Berry|[eat]
|-heal|p2b: Incineroar|50/100|[from] item: Sitrus Berry
|move|p1a: Garchomp|Stomping Tantrum|p2a: Torkoal
|-supereffective|p2a: Torkoal
|-damage|p2a: Torkoal|0 fnt
|faint|p2a: Torkoal
|move|p2b: Incineroar|Flare Blitz|p1b: Sneasler
|-damage|p1b: Sneasler|0 fnt
|faint|p1b: Sneasler
|-damage|p2b: Incineroar|25/100|[from] Recoil
|
|-weather|SunnyDay|[upkeep]
|upkeep
|
|t:|1757705622
|switch|p1b: Incineroar|Incineroar, L50, F|100/100
|switch|p2a: Porygon2|Porygon2, L50|4/100
|-ability|p1b: Incineroar|Intimidate|boost
|-unboost|p2a: Porygon2|atk|1
|-unboost|p2b: Incineroar|atk|1
|-ability|p2a: Porygon2|Download|boost
|-boost|p2a: Porygon2|spa|1
|turn|4
|
|t:|1757705642
|move|p1a: Garchomp|Dragon Claw|p2b: Incineroar
|-damage|p2b: Incineroar|0 fnt
|faint|p2b: Incineroar
|move|p1b: Incineroar|Knock Off|p2a: Porygon2
|-damage|p2a: Porygon2|0 fnt
|-enditem|p2a: Porygon2|Eviolite|[from] move: Knock Off|[of] p1b: Incineroar
|faint|p2a: Porygon2
|
|-weather|SunnyDay|[upkeep]
|upkeep
|
|t:|1757705646
|switch|p2b: Ursaluna|Ursaluna, L50, M|100/100
|turn|5
|
|t:|1757705658
|move|p2b: Ursaluna|Protect|p2b: Ursaluna
|-singleturn|p2b: Ursaluna|Protect
|move|p1a: Garchomp|Dragon Claw|p2b: Ursaluna
|-activate|p2b: Ursaluna|move: Protect
|move|p1b: Incineroar|Knock Off|p2b: Ursaluna
|-activate|p2b: Ursaluna|move: Protect
|
|-weather|SunnyDay|[upkeep]
|-fieldend|move: Psychic Terrain
|-status|p2b: Ursaluna|brn|[from] item: Flame Orb
|upkeep
|turn|6
|
|t:|1757705678
|move|p1a: Garchomp|Dragon Claw|p2b: Ursaluna
|-damage|p2b: Ursaluna|69/100 brn
|move|p1b: Incineroar|Flare Blitz|p2b: Ursaluna
|-damage|p2b: Ursaluna|5/100 brn
|-damage|p1b: Incineroar|76/100|[from] Recoil
|move|p2b: Ursaluna|Facade|p1a: Garchomp
|-damage|p1a: Garchomp|0 fnt
|-damage|p2b: Ursaluna|0 fnt|[from] ability: Rough Skin|[of] p1a: Garchomp
|faint|p1a: Garchomp
|faint|p2b: Ursaluna
|
|win|chefbenboyrd
|raw|chefbenboyrd's rating: 1115 → 1136(+21 for winning)
|raw|Ayycousin's rating: 1057 → 1042(-15 for losing)
