|j|☆natsukivgc
|j|☆gianlucone
|html|natsukivgcgianlucone    
|uhtml|bestof|Game 2 of a best-of-3
|t:|1786062391
|gametype|doubles
|player|p1|natsukivgc|101|1264
|player|p2|gianlucone|170|1326
|gen|9
|tier|[Gen 9 Champions] VGC 2026 Reg M-B (Bo3)
|rated|
|rule|Species Clause: Limit one of each Pokémon
|rule|Item Clause: Limit 1 of each item
|clearpoke
|poke|p1|Garchomp, L50, F|
|poke|p1|Venusaur, L50, M|
|poke|p1|Incineroar, L50, M|
|poke|p1|Charizard, L50, M|
|poke|p1|Toxapex, L50, F|
|poke|p1|Annihilape, L50, F|
|poke|p2|Froslass, L50, F|
|poke|p2|Scovillain, L50, F|
|poke|p2|Lycanroc-Dusk, L50, F|
|poke|p2|Sneasler, L50, M|
|poke|p2|Kingambit, L50, M|
|poke|p2|Basculegion, L50, M|
|teampreview|4
|showteam|p1|Garchomp||ChoiceScarf|RoughSkin|Earthquake,DragonClaw,StompingTantrum,RockSlide|Adamant||F|||50|]Venusaur||LifeOrb|Chlorophyll|SolarBeam,SludgeBomb,EarthPower,Protect|Modest||M|||50|]Incineroar||SitrusBerry|Intimidate|FlareBlitz,ThroatChop,FakeOut,PartingShot|Impish||M|||50|]Charizard||CharizarditeY|Blaze|HeatWave,WeatherBall,Protect,HelpingHand|Modest||M|||50|]Toxapex||Leftovers|Regenerator|Infestation,Toxic,WideGuard,BanefulBunker|Bold||F|||50|]Annihilape||FocusSash|Defiant|CloseCombat,PhantomForce,RockTomb,Protect|Jolly||F|||50|
|showteam|p2|Froslass||Froslassite|SnowCloak|Blizzard,ShadowBall,AuroraVeil,Protect|Serious||F|||50|]Scovillain||Scovillainite|Moody|Overheat,GigaDrain,RagePowder,Protect|Bold||F|||50|]Lycanroc-Dusk||FocusSash|ToughClaws|RockSlide,CloseCombat,Accelerock,Protect|Adamant||F|||50|]Sneasler||WhiteHerb|Unburden|CloseCombat,GunkShot,FakeOut,Protect|Adamant||M|||50|]Kingambit||BlackGlasses|Defiant|SwordsDance,KowtowCleave,SuckerPunch,Protect|Adamant||M|||50|]Basculegion||SitrusBerry|Adaptability|WaveCrash,LastRespects,AquaJet,Protect|Adamant||M|||50|
|inactive|Battle timer is ON: inactive players will automatically lose when time's up. (requested by gianlucone)
|
|t:|1786062417
|teamsize|p1|4
|teamsize|p2|4
|start
|switch|p1a: Charizard|Charizard, L50, M|100/100
|switch|p1b: Annihilape|Annihilape, L50, F|100/100
|switch|p2a: Sneasler|Sneasler, L50, M|100/100
|switch|p2b: Kingambit|Kingambit, L50, M|100/100
|turn|1
|inactive|natsukivgc has 30 seconds left.
|
|t:|1786062445
|move|p1a: Charizard|Protect|p1a: Charizard
|-singleturn|p1a: Charizard|Protect
|move|p2b: Kingambit|Sucker Punch|p1b: Annihilape
|-damage|p1b: Annihilape|47/100
|move|p2a: Sneasler|Gunk Shot|p1b: Annihilape|[miss]
|-miss|p2a: Sneasler|p1b: Annihilape
|move|p1b: Annihilape|Phantom Force||[still]
|-prepare|p1b: Annihilape|Phantom Force
|
|upkeep
|turn|2
|
|t:|1786062468
|detailschange|p1a: Charizard|Charizard-Mega-Y, L50, M
|-mega|p1a: Charizard|Charizard|Charizardite Y
|-weather|SunnyDay|[from] ability: Drought|[of] p1a: Charizard
|move|p2b: Kingambit|Sucker Punch|p1a: Charizard
|-damage|p1a: Charizard|53/100
|move|p2a: Sneasler|Gunk Shot|p1a: Charizard|[miss]
|-miss|p2a: Sneasler|p1a: Charizard
|move|p1b: Annihilape|Phantom Force|p2b: Kingambit|[from] lockedmove
|-resisted|p2b: Kingambit|1
|-damage|p2b: Kingambit|83/100
|move|p1a: Charizard|Heat Wave|p2b: Kingambit|[spread] p2a,p2b
|-supereffective|p2b: Kingambit|1
|-damage|p2a: Sneasler|31/100
|-damage|p2b: Kingambit|0 fnt
|faint|p2b: Kingambit
|
|-weather|SunnyDay|[upkeep]
|upkeep
|
|t:|1786062486
|switch|p2b: Froslass|Froslass, L50, F|100/100
|turn|3
|inactive|natsukivgc has 30 seconds left.
|
|t:|1786062512
|switch|p1a: Incineroar|Incineroar, L50, M|100/100
|-ability|p1a: Incineroar|Intimidate|boost
|-unboost|p2a: Sneasler|atk|1
|-unboost|p2b: Froslass|atk|1
|-enditem|p2a: Sneasler|White Herb
|-clearnegativeboost|p2a: Sneasler|[silent]
|detailschange|p2b: Froslass|Froslass-Mega, L50, F
|-mega|p2b: Froslass|Froslass|Froslassite
|-weather|Snowscape|[from] ability: Snow Warning|[of] p2b: Froslass
|move|p2a: Sneasler|Close Combat|p1a: Incineroar
|-supereffective|p1a: Incineroar|1
|-damage|p1a: Incineroar|12/100
|-unboost|p2a: Sneasler|def|1
|-unboost|p2a: Sneasler|spd|1
|-enditem|p1a: Incineroar|Sitrus Berry|[eat]
|-heal|p1a: Incineroar|37/100|[from] item: Sitrus Berry
|move|p2b: Froslass|Blizzard|p1a: Incineroar|[spread] p1a,p1b
|-resisted|p1a: Incineroar|1
|-damage|p1a: Incineroar|21/100
|-damage|p1b: Annihilape|4/100
|move|p1b: Annihilape|Phantom Force||[still]
|-prepare|p1b: Annihilape|Phantom Force
|
|-weather|Snowscape|[upkeep]
|upkeep
|turn|4
|inactive|gianlucone has 30 seconds left.
|
|t:|1786062541
|switch|p2b: Lycanroc|Lycanroc-Dusk, L50, F|100/100
|move|p1a: Incineroar|Fake Out|p2a: Sneasler
|-damage|p2a: Sneasler|5/100
|cant|p2a: Sneasler|flinch
|move|p1b: Annihilape|Phantom Force|p2b: Lycanroc|[from] lockedmove
|-damage|p2b: Lycanroc|33/100
|
|-weather|Snowscape|[upkeep]
|upkeep
|turn|5
|inactive|natsukivgc has 30 seconds left.
|inactive|natsukivgc has 20 seconds left.
|inactive|natsukivgc has 15 seconds left.
|
|t:|1786062582
|switch|p1a: Garchomp|Garchomp, L50, F|100/100
|move|p2a: Sneasler|Gunk Shot|p1a: Garchomp|[miss]
|-miss|p2a: Sneasler|p1a: Garchomp
|move|p2b: Lycanroc|Rock Slide|p1a: Garchomp|[spread] p1a,p1b
|-resisted|p1a: Garchomp|1
|-resisted|p1b: Annihilape|1
|-damage|p1a: Garchomp|84/100
|-damage|p1b: Annihilape|0 fnt
|faint|p1b: Annihilape
|
|-weather|Snowscape|[upkeep]
|upkeep
|
|t:|1786062597
|switch|p1b: Incineroar|Incineroar, L50, M|21/100
|-ability|p1b: Incineroar|Intimidate|boost
|-unboost|p2a: Sneasler|atk|1
|-unboost|p2b: Lycanroc|atk|1
|turn|6
|
|t:|1786062610
|move|p2a: Sneasler|Protect|p2a: Sneasler
|-singleturn|p2a: Sneasler|Protect
|move|p2b: Lycanroc|Protect|p2b: Lycanroc
|-singleturn|p2b: Lycanroc|Protect
|move|p1b: Incineroar|Fake Out|p2a: Sneasler
|-activate|p2a: Sneasler|move: Protect
|move|p1a: Garchomp|Earthquake|p2b: Lycanroc|[spread] p1b
|-activate|p2a: Sneasler|move: Protect
|-activate|p2b: Lycanroc|move: Protect
|-supereffective|p1b: Incineroar|1
|-damage|p1b: Incineroar|0 fnt
|faint|p1b: Incineroar
|
|-weather|Snowscape|[upkeep]
|upkeep
|
|t:|1786062624
|switch|p1b: Charizard|Charizard-Mega-Y, L50, M|53/100
|-weather|SunnyDay|[from] ability: Drought|[of] p1b: Charizard
|turn|7
|
|t:|1786062633
|move|p1b: Charizard|Protect|p1b: Charizard
|-singleturn|p1b: Charizard|Protect
|move|p2b: Lycanroc|Accelerock|p1a: Garchomp
|-resisted|p1a: Garchomp|1
|-damage|p1a: Garchomp|76/100
|-damage|p2b: Lycanroc|21/100|[from] ability: Rough Skin|[of] p1a: Garchomp
|move|p2a: Sneasler|Close Combat|p1a: Garchomp
|-damage|p1a: Garchomp|39/100
|-unboost|p2a: Sneasler|def|1
|-unboost|p2a: Sneasler|spd|1
|-damage|p2a: Sneasler|0 fnt|[from] ability: Rough Skin|[of] p1a: Garchomp
|faint|p2a: Sneasler
|move|p1a: Garchomp|Earthquake|p2b: Lycanroc|[spread] p2b
|-activate|p1b: Charizard|move: Protect
|-supereffective|p2b: Lycanroc|1
|-damage|p2b: Lycanroc|0 fnt
|faint|p2b: Lycanroc
|
|-weather|SunnyDay|[upkeep]
|upkeep
|
|t:|1786062648
|switch|p2b: Froslass|Froslass-Mega, L50, F|100/100
|-weather|Snowscape|[from] ability: Snow Warning|[of] p2b: Froslass
|turn|8
|
|t:|1786062655
|move|p1a: Garchomp|Earthquake|p2b: Froslass|[spread] p2b
|-immune|p1b: Charizard
|-damage|p2b: Froslass|62/100
|move|p2b: Froslass|Blizzard|p1a: Garchomp|[spread] p1a,p1b
|-supereffective|p1a: Garchomp|2
|-damage|p1a: Garchomp|0 fnt
|-damage|p1b: Charizard|20/100y
|faint|p1a: Garchomp
|move|p1b: Charizard|Heat Wave|p2b: Froslass
|-supereffective|p2b: Froslass|1
|-damage|p2b: Froslass|0 fnt
|faint|p2b: Froslass
|
|win|natsukivgc
