|j|☆Oldenewguy
|j|☆P!nkbearz07
|html|OldenewguyP!nkbearz07    
|uhtml|bestof|Game 1 of a best-of-3
|t:|1756520751
|gametype|doubles
|player|p1|Oldenewguy|plasmagrunt|1080
|player|p2|P!nkbearz07|marlon|1090
|gen|9
|tier|[Gen 9] VGC 2025 Reg H (Bo3)
|rated|
|rule|Species Clause: Limit one of each Pokémon
|rule|Item Clause: Limit 1 of each item
|clearpoke
|poke|p1|Hatterene, L50, F|
|poke|p1|Indeedee-F, L50, F|
|poke|p1|Amoonguss, L50, M|
|poke|p1|Sneasler, L50, F|
|poke|p1|Ursaluna-Bloodmoon, L50, M|
|poke|p1|Volcarona, L50, M|
|poke|p2|Pelipper, L50, F|
|poke|p2|Archaludon, L50, F|
|poke|p2|Basculegion, L50, M|
|poke|p2|Empoleon, L50, M|
|poke|p2|Serperior, L50, M|
|poke|p2|Ursaluna-Bloodmoon, L50, M|
|teampreview|4
|showteam|p1|Hatterene||LifeOrb|MagicBounce|TrickRoom,DazzlingGleam,Protect,ExpandingForce|||F|||50|,,,,,Steel]Indeedee-F||RockyHelmet|PsychicSurge|TrickRoom,Psychic,HelpingHand,FollowMe|||F|||50|,,,,,Fairy]Amoonguss||SitrusBerry|Regenerator|Spore,RagePowder,Protect,PollenPuff|||M|||50|,,,,,Water]Sneasler||PsychicSeed|Unburden|DireClaw,Protect,CloseCombat,ThroatChop|||F|||50|,,,,,Dark]Ursaluna-Bloodmoon||ThroatSpray|MindsEye|BloodMoon,HyperVoice,EarthPower,Protect|||M|||50|,,,,,Poison]Volcarona||Leftovers|FlameBody|QuiverDance,FieryDance,GigaDrain,Protect|||M|||50|,,,,,Water
|showteam|p2|Pelipper||FocusSash|Drizzle|Hurricane,WeatherBall,Tailwind,Protect|||F|||50|,,,,,Ghost]Archaludon||AssaultVest|Sturdy|FlashCannon,DracoMeteor,ElectroShot,BodyPress|||F|||50|,,,,,Electric]Basculegion||ChoiceBand|SwiftSwim|WaveCrash,AquaJet,FlipTurn,LastRespects|||M|||50|,,,,,Water]Empoleon||CovertCloak|Competitive|WaterPledge,FlashCannon,IceBeam,Protect|||M|||50|,,,,,Flying]Serperior||MiracleSeed|Contrary|LeafStorm,GrassPledge,TeraBlast,Protect|||M|||50|,,,,,Stellar]Ursaluna-Bloodmoon||LifeOrb|MindsEye|EarthPower,BloodMoon,HyperVoice,Protect|||M|||50|,,,,,Normal
|inactive|Battle timer is ON: inactive players will automatically lose when time's up. (requested by P!nkbearz07)
|inactive|P!nkbearz07 has 60 seconds left.
|
|t:|1756520801
|teamsize|p1|4
|teamsize|p2|4
|start
|switch|p1a: Sporer|Amoonguss, L50, M, shiny|100/100
|switch|p1b: Hat Guy|Hatterene, L50, F, shiny|100/100
|switch|p2a: Lorb|Pelipper, L50, F, shiny|100/100
|switch|p2b: Harlem|Archaludon, L50, F, shiny|100/100
|-weather|RainDance|[from] ability: Drizzle|[of] p2a: Lorb
|turn|1
|
|t:|1756520819
|-terastallize|p2b: Harlem|Electric
|move|p1a: Sporer|Protect|p1a: Sporer
|-singleturn|p1a: Sporer|Protect
|move|p2a: Lorb|Hurricane|p1a: Sporer
|-activate|p1a: Sporer|move: Protect
|move|p2b: Harlem|Electro Shot||[still]
|-prepare|p2b: Harlem|Electro Shot
|-boost|p2b: Harlem|spa|1
|-anim|p2b: Harlem|Electro Shot|p1b: Hat Guy
|-damage|p1b: Hat Guy|1/100
|move|p1b: Hat Guy|Trick Room|p1b: Hat Guy
|-fieldstart|move: Trick Room|[of] p1b: Hat Guy
|
|-weather|RainDance|[upkeep]
|upkeep
|turn|2
|c|☆P!nkbearz07|bruh lol
|inactive|P!nkbearz07 has 30 seconds left.
|
|t:|1756520853
|move|p1b: Hat Guy|Protect|p1b: Hat Guy
|-singleturn|p1b: Hat Guy|Protect
|move|p1a: Sporer|Spore|p2b: Harlem
|-status|p2b: Harlem|slp|[from] move: Spore
|cant|p2b: Harlem|slp
|move|p2a: Lorb|Hurricane|p1a: Sporer
|-supereffective|p1a: Sporer
|-damage|p1a: Sporer|13/100
|-enditem|p1a: Sporer|Sitrus Berry|[eat]
|-heal|p1a: Sporer|38/100|[from] item: Sitrus Berry
|
|-weather|RainDance|[upkeep]
|upkeep
|turn|3
|
|t:|1756520870
|move|p2a: Lorb|Protect|p2a: Lorb
|-singleturn|p2a: Lorb|Protect
|move|p1b: Hat Guy|Dazzling Gleam|p2b: Harlem|[spread] p2b
|-activate|p2a: Lorb|move: Protect
|-damage|p2b: Harlem|64/100 slp
|-damage|p1b: Hat Guy|0 fnt|[from] item: Life Orb
|faint|p1b: Hat Guy
|move|p1a: Sporer|Spore|p2a: Lorb
|-activate|p2a: Lorb|move: Protect
|cant|p2b: Harlem|slp
|
|-weather|RainDance|[upkeep]
|upkeep
|
|t:|1756520885
|switch|p1b: Ursaluna|Ursaluna-Bloodmoon, L50, M|100/100
|turn|4
|
|t:|1756520899
|move|p1a: Sporer|Spore|p2a: Lorb
|-status|p2a: Lorb|slp|[from] move: Spore
|move|p1b: Ursaluna|Earth Power|p2b: Harlem
|-supereffective|p2b: Harlem
|-damage|p2b: Harlem|0 fnt
|faint|p2b: Harlem
|cant|p2a: Lorb|slp
|
|-weather|RainDance|[upkeep]
|upkeep
|
|t:|1756520913
|switch|p2b: Ursaluna|Ursaluna-Bloodmoon, L50, M|100/100
|turn|5
|
|t:|1756520921
|-terastallize|p1b: Ursaluna|Poison
|move|p2b: Ursaluna|Protect|p2b: Ursaluna
|-singleturn|p2b: Ursaluna|Protect
|move|p1a: Sporer|Spore|p2b: Ursaluna
|-activate|p2b: Ursaluna|move: Protect
|move|p1b: Ursaluna|Hyper Voice|p2a: Lorb|[spread] p2a
|-activate|p2b: Ursaluna|move: Protect
|-damage|p2a: Lorb|29/100 slp
|-enditem|p1b: Ursaluna|Throat Spray
|-boost|p1b: Ursaluna|spa|1|[from] item: Throat Spray
|cant|p2a: Lorb|slp
|
|-weather|none
|-fieldend|move: Trick Room
|upkeep
|turn|6
|inactive|P!nkbearz07 has 30 seconds left.
|
|t:|1756520955
|-curestatus|p2a: Lorb|slp|[msg]
|move|p2a: Lorb|Tailwind|p2a: Lorb
|-sidestart|p2: P!nkbearz07|move: Tailwind
|move|p2b: Ursaluna|Blood Moon|p1b: Ursaluna
|-damage|p1b: Ursaluna|0 fnt
|faint|p1b: Ursaluna
|-damage|p2b: Ursaluna|91/100|[from] item: Life Orb
|move|p1a: Sporer|Spore|p2b: Ursaluna
|-status|p2b: Ursaluna|slp|[from] move: Spore
|
|upkeep
|
|t:|1756520969
|switch|p1b: Broken Guy|Indeedee-F, L50, F, shiny|100/100
|-fieldstart|move: Psychic Terrain|[from] ability: Psychic Surge|[of] p1b: Broken Guy
|turn|7
|
|t:|1756520977
|move|p2a: Lorb|Hurricane|p1a: Sporer
|-supereffective|p1a: Sporer
|-damage|p1a: Sporer|0 fnt
|faint|p1a: Sporer
|cant|p2b: Ursaluna|slp
|move|p1b: Broken Guy|Psychic|p2a: Lorb
|-damage|p2a: Lorb|0 fnt
|faint|p2a: Lorb
|
|upkeep
|
|t:|1756520982
|switch|p2a: Shenlong|Basculegion, L50, M, shiny|100/100
|turn|8
|
|t:|1756520991
|move|p2a: Shenlong|Wave Crash|p1b: Broken Guy
|-damage|p1b: Broken Guy|17/100
|-damage|p2a: Shenlong|84/100|[from] item: Rocky Helmet|[of] p1b: Broken Guy
|-damage|p2a: Shenlong|59/100|[from] Recoil
|-curestatus|p2b: Ursaluna|slp|[msg]
|move|p2b: Ursaluna|Hyper Voice|p1b: Broken Guy
|-damage|p1b: Broken Guy|0 fnt
|faint|p1b: Broken Guy
|-damage|p2b: Ursaluna|81/100|[from] item: Life Orb
|
|win|P!nkbearz07
