|j|☆dogggybears
|j|☆Filippo1226
|html|dogggybearsFilippo1226    
|uhtml|bestof|Game 2 of a best-of-3
|t:|1757186336
|gametype|doubles
|player|p1|dogggybears|roxie|1233
|player|p2|Filippo1226|dragontamer|1262
|gen|9
|tier|[Gen 9] VGC 2025 Reg H (Bo3)
|rated|
|rule|Species Clause: Limit one of each Pokémon
|rule|Item Clause: Limit 1 of each item
|clearpoke
|poke|p1|Sneasler, L50, M|
|poke|p1|Indeedee, L50, M|
|poke|p1|Volcarona, L50, F|
|poke|p1|Ursaluna-Bloodmoon, L50, M|
|poke|p1|Annihilape, L50, M|
|poke|p1|Tyranitar, L50, M|
|poke|p2|Talonflame, L50, F|
|poke|p2|Kommo-o, L50, F|
|poke|p2|Mamoswine, L50, M|
|poke|p2|Gholdengo, L50|
|poke|p2|Gallade, L50, M|
|poke|p2|Electabuzz, L50, M|
|teampreview|4
|showteam|p1|Sneasler||PsychicSeed|Unburden|CloseCombat,DireClaw,ThroatChop,Protect|||M|||50|,,,,,Dark]Indeedee||ChoiceScarf|PsychicSurge|ExpandingForce,TeraBlast,Trick,Protect|||M|||50|,,,,,Psychic]Volcarona||SitrusBerry|FlameBody|Overheat,StruggleBug,RagePowder,Tailwind|||F|||50|,,,,,Grass]Ursaluna-Bloodmoon||LifeOrb|MindsEye|BloodMoon,HyperVoice,EarthPower,Protect|||M|||50|,,,,,Normal]Annihilape||SafetyGoggles|Defiant|CloseCombat,RageFist,Taunt,FinalGambit|||M|||50|,,,,,Fairy]Tyranitar||AssaultVest|SandStream|RockSlide,KnockOff,TeraBlast,LowKick|||M|||50|,,,,,Flying
|showteam|p2|Talonflame||CovertCloak|GaleWings|DualWingbeat,Taunt,Tailwind,QuickGuard|||F|||50|,,,,,Flying]Kommo-o||ChoiceSpecs|Overcoat|ClangingScales,Flamethrower,AuraSphere,DracoMeteor|||F|||50|,,,,,Dragon]Mamoswine||LoadedDice|Oblivious|IcicleSpear,Earthquake,HighHorsepower,Protect|||M|||50|,,,,,Ground]Gholdengo||LifeOrb|GoodasGold|MakeItRain,ShadowBall,NastyPlot,Protect||||||50|,,,,,Water]Gallade||SitrusBerry|Sharpness|SacredSword,Imprison,TrickRoom,PsychoCut|||M|||50|,,,,,Dark]Electabuzz||Eviolite|VitalSpirit|Electroweb,FollowMe,Thunderbolt,Protect|||M|||50|,,,,,Flying
|inactive|Battle timer is ON: inactive players will automatically lose when time's up. (requested by Filippo1226)
|
|t:|1757186373
|teamsize|p1|4
|teamsize|p2|4
|start
|switch|p1a: Volcarona|Volcarona, L50, F|100/100
|switch|p1b: Tyranitar|Tyranitar, L50, M|100/100
|switch|p2a: Talonflame|Talonflame, L50, F|100/100
|switch|p2b: Mamoswine|Mamoswine, L50, M|100/100
|-weather|Sandstorm|[from] ability: Sand Stream|[of] p1b: Tyranitar
|turn|1
|
|t:|1757186397
|-terastallize|p2b: Mamoswine|Ground
|move|p2a: Talonflame|Tailwind|p2a: Talonflame
|-sidestart|p2: Filippo1226|move: Tailwind
|move|p2b: Mamoswine|Earthquake|p1a: Volcarona|[spread] p1a,p1b
|-immune|p2a: Talonflame
|-supereffective|p1b: Tyranitar
|-damage|p1a: Volcarona|35/100
|-damage|p1b: Tyranitar|0 fnt
|-enditem|p1a: Volcarona|Sitrus Berry|[eat]
|-heal|p1a: Volcarona|60/100|[from] item: Sitrus Berry
|faint|p1b: Tyranitar
|move|p1a: Volcarona|Tailwind|p1a: Volcarona
|-sidestart|p1: dogggybears|move: Tailwind
|
|-weather|Sandstorm|[upkeep]
|-damage|p2a: Talonflame|95/100|[from] Sandstorm
|-damage|p1a: Volcarona|54/100|[from] Sandstorm
|upkeep
|
|t:|1757186410
|switch|p1b: Ursaluna|Ursaluna-Bloodmoon, L50, M|100/100
|turn|2
|
|t:|1757186420
|-terastallize|p1b: Ursaluna|Normal
|move|p2a: Talonflame|Dual Wingbeat|p1a: Volcarona
|-supereffective|p1a: Volcarona
|-damage|p1a: Volcarona|16/100
|-supereffective|p1a: Volcarona
|-damage|p1a: Volcarona|0 fnt
|faint|p1a: Volcarona
|-hitcount|p1: Volcarona|2
|move|p2b: Mamoswine|Icicle Spear|p1b: Ursaluna
|-damage|p1b: Ursaluna|89/100
|-damage|p1b: Ursaluna|77/100
|-damage|p1b: Ursaluna|66/100
|-damage|p1b: Ursaluna|53/100
|-hitcount|p1b: Ursaluna|4
|move|p1b: Ursaluna|Hyper Voice|p2a: Talonflame|[spread] p2a,p2b
|-damage|p2a: Talonflame|0 fnt
|-damage|p2b: Mamoswine|4/100
|faint|p2a: Talonflame
|-damage|p1b: Ursaluna|43/100|[from] item: Life Orb
|
|-weather|Sandstorm|[upkeep]
|-damage|p1b: Ursaluna|38/100|[from] Sandstorm
|upkeep
|
|t:|1757186438
|switch|p2a: Electabuzz|Electabuzz, L50, M|100/100
|switch|p1a: Annihilape|Annihilape, L50, M|100/100
|turn|3
|inactive|Filippo1226 has 30 seconds left.
|
|t:|1757186464
|move|p1b: Ursaluna|Protect|p1b: Ursaluna
|-singleturn|p1b: Ursaluna|Protect
|move|p2a: Electabuzz|Follow Me|p2a: Electabuzz
|-singleturn|p2a: Electabuzz|move: Follow Me
|move|p1a: Annihilape|Rage Fist|p2a: Electabuzz
|-damage|p2a: Electabuzz|78/100
|move|p2b: Mamoswine|Icicle Spear|p1b: Ursaluna
|-activate|p1b: Ursaluna|move: Protect
|
|-weather|Sandstorm|[upkeep]
|-damage|p2a: Electabuzz|72/100|[from] Sandstorm
|-damage|p1b: Ursaluna|32/100|[from] Sandstorm
|upkeep
|turn|4
|inactive|dogggybears has 30 seconds left.
|
|t:|1757186492
|move|p1b: Ursaluna|Protect||[still]
|-fail|p1b: Ursaluna
|move|p2a: Electabuzz|Follow Me|p2a: Electabuzz
|-singleturn|p2a: Electabuzz|move: Follow Me
|move|p1a: Annihilape|Taunt|p2a: Electabuzz
|-start|p2a: Electabuzz|move: Taunt
|move|p2b: Mamoswine|Icicle Spear|p1b: Ursaluna
|-damage|p1b: Ursaluna|20/100
|-damage|p1b: Ursaluna|8/100
|-damage|p1b: Ursaluna|0 fnt
|faint|p1b: Ursaluna
|-hitcount|p1: Ursaluna|3
|
|-weather|Sandstorm|[upkeep]
|-damage|p2a: Electabuzz|65/100|[from] Sandstorm
|-sideend|p2: Filippo1226|move: Tailwind
|-sideend|p1: dogggybears|move: Tailwind
|upkeep
|turn|5
|
|t:|1757186501
|move|p2a: Electabuzz|Electroweb|p1a: Annihilape
|-damage|p1a: Annihilape|83/100
|-unboost|p1a: Annihilape|spe|1
|-ability|p1a: Annihilape|Defiant|boost
|-boost|p1a: Annihilape|atk|2
|move|p2b: Mamoswine|High Horsepower|p1a: Annihilape
|-damage|p1a: Annihilape|4/100
|move|p1a: Annihilape|Rage Fist|p2b: Mamoswine
|-damage|p2b: Mamoswine|0 fnt
|faint|p2b: Mamoswine
|
|-weather|none
|upkeep
|
|t:|1757186504
|switch|p2b: Gholdengo|Gholdengo, L50|100/100
|turn|6
|
|t:|1757186510
|move|p2a: Electabuzz|Thunderbolt|p1a: Annihilape
|-damage|p1a: Annihilape|0 fnt
|faint|p1a: Annihilape
|
|win|Filippo1226
||dogggybears is ready for game 3.
||Filippo1226 is ready for game 3.
|uhtml|next|Next: Game 3 of 3
|l|☆Filippo1226
|player|p2|
