|j|☆the-vsc
|j|☆rknsx17
|html|the-vscrknsx17    
|uhtml|bestof|Game 2 of a best-of-3
|t:|1783467588
|gametype|doubles
|player|p1|the-vsc|red|1013
|player|p2|rknsx17|steven|1051
|gen|9
|tier|[Gen 9 Champions] VGC 2026 Reg M-B (Bo3)
|rated|
|rule|Species Clause: Limit one of each Pokémon
|rule|Item Clause: Limit 1 of each item
|clearpoke
|poke|p1|Sinistcha, L50|
|poke|p1|Incineroar, L50, M|
|poke|p1|Aerodactyl, L50, M|
|poke|p1|Scrafty, L50, F|
|poke|p1|Gholdengo, L50|
|poke|p1|Alcremie-Mint-Cream, L50, F|
|poke|p2|Blaziken, L50, F|
|poke|p2|Kingambit, L50, F|
|poke|p2|Torkoal, L50, M|
|poke|p2|Aerodactyl, L50, F|
|poke|p2|Primarina, L50, F|
|poke|p2|Scizor, L50, M|
|teampreview|4
|showteam|p1|Sinistcha||BigRoot|Hospitality|MatchaGotcha,ShadowBall,TrickRoom,RagePowder|Quiet|||||50|]Incineroar||SitrusBerry|Intimidate|FakeOut,PartingShot,ThroatChop,FlareBlitz|Adamant||M|||50|]Aerodactyl||Aerodactylite|Unnerve|RockSlide,DualWingbeat,Tailwind,Protect|Adamant||M|||50|]Scrafty||Scraftinite|Intimidate|FakeOut,KnockOff,CloseCombat,Protect|Adamant||F|||50|]Gholdengo||LifeOrb|GoodasGold|MakeItRain,Thunderbolt,DazzlingGleam,Protect|Modest|||||50|]Alcremie-Mint-Cream||FocusSash|AromaVeil|AlluringVoice,Psychic,HelpingHand,Protect|Quiet||F|||50|
|showteam|p2|Blaziken||Blazikenite|SpeedBoost|FlareBlitz,CloseCombat,RockSlide,Protect|Adamant||F|||50|]Kingambit||LifeOrb|Defiant|KowtowCleave,IronHead,LowKick,SuckerPunch|Adamant||F|||50|]Torkoal||Leftovers|Drought|BurningJealousy,Yawn,WeatherBall,Protect|Relaxed||M|||50|]Aerodactyl||FocusSash|Unnerve|DualWingbeat,WideGuard,Tailwind,RockSlide|Jolly||F|||50|]Primarina||ExpertBelt|LiquidVoice|CalmMind,HyperVoice,Moonblast,Protect|Modest||F|||50|]Scizor||Scizorite|Technician|BulletPunch,BugBite,SwordsDance,Protect|Adamant||M|||50|
|
|t:|1783467612
|teamsize|p1|4
|teamsize|p2|4
|start
|switch|p1a: Aerodactyl|Aerodactyl, L50, M|100/100
|switch|p1b: Incineroar|Incineroar, L50, M|100/100
|switch|p2a: Aerodactyl|Aerodactyl, L50, F|100/100
|switch|p2b: Primarina|Primarina, L50, F|100/100
|-ability|p2a: Aerodactyl|Unnerve
|-ability|p1a: Aerodactyl|Unnerve
|-ability|p1b: Incineroar|Intimidate|boost
|-unboost|p2a: Aerodactyl|atk|1
|-unboost|p2b: Primarina|atk|1
|turn|1
|
|t:|1783467656
|detailschange|p1a: Aerodactyl|Aerodactyl-Mega, L50, M
|-mega|p1a: Aerodactyl|Aerodactyl|Aerodactylite
|move|p1b: Incineroar|Fake Out|p2b: Primarina
|-damage|p2b: Primarina|85/100
|move|p1a: Aerodactyl|Rock Slide|p2b: Primarina|[spread] p2a,p2b
|-supereffective|p2a: Aerodactyl|1
|-enditem|p2a: Aerodactyl|Focus Sash
|-damage|p2a: Aerodactyl|1/100
|-damage|p2b: Primarina|43/100
|cant|p2a: Aerodactyl|flinch
|cant|p2b: Primarina|flinch
|
|upkeep
|turn|2
|
|t:|1783467682
|move|p2a: Aerodactyl|Wide Guard|p2a: Aerodactyl
|-singleturn|p2a: Aerodactyl|Wide Guard
|move|p1a: Aerodactyl|Rock Slide|p2a: Aerodactyl|[spread] 
|-activate|p2a: Aerodactyl|move: Wide Guard
|-activate|p2b: Primarina|move: Wide Guard
|move|p1b: Incineroar|Parting Shot|p2b: Primarina
|-unboost|p2b: Primarina|atk|1
|-unboost|p2b: Primarina|spa|1
|
|t:|1783467692
|switch|p1b: Gholdengo|Gholdengo, L50|100/100|[from] Parting Shot
|move|p2b: Primarina|Hyper Voice|p1a: Aerodactyl|[spread] p1a,p1b
|-supereffective|p1a: Aerodactyl|1
|-damage|p1a: Aerodactyl|29/100
|-damage|p1b: Gholdengo|70/100
|
|upkeep
|turn|3
|inactive|Battle timer is ON: inactive players will automatically lose when time's up. (requested by the-vsc)
|
|t:|1783467731
|move|p2b: Primarina|Protect|p2b: Primarina
|-singleturn|p2b: Primarina|Protect
|move|p1a: Aerodactyl|Dual Wingbeat|p2b: Primarina
|-activate|p2b: Primarina|move: Protect
|move|p2a: Aerodactyl|Rock Slide|p1a: Aerodactyl|[spread] p1a,p1b
|-supereffective|p1a: Aerodactyl|1
|-resisted|p1b: Gholdengo|1
|-damage|p1a: Aerodactyl|0 fnt
|-damage|p1b: Gholdengo|62/100
|faint|p1a: Aerodactyl
|move|p1b: Gholdengo|Thunderbolt|p2b: Primarina
|-activate|p2b: Primarina|move: Protect
|
|upkeep
|
|t:|1783467744
|switch|p1a: Incineroar|Incineroar, L50, M|100/100
|-ability|p1a: Incineroar|Intimidate|boost
|-unboost|p2a: Aerodactyl|atk|1
|-unboost|p2b: Primarina|atk|1
|turn|4
|
|t:|1783467764
|move|p1a: Incineroar|Fake Out|p2b: Primarina
|-damage|p2b: Primarina|27/100
|move|p2a: Aerodactyl|Tailwind|p2a: Aerodactyl
|-sidestart|p2: rknsx17|move: Tailwind
|cant|p2b: Primarina|flinch
|move|p1b: Gholdengo|Dazzling Gleam|p2a: Aerodactyl|[spread] p2a,p2b
|-damage|p2a: Aerodactyl|0 fnt
|-damage|p2b: Primarina|3/100
|faint|p2a: Aerodactyl
|-damage|p1b: Gholdengo|52/100|[from] item: Life Orb
|
|upkeep
|
|t:|1783467778
|switch|p2a: Blaziken|Blaziken, L50, F|100/100
|turn|5
|
|t:|1783467799
|switch|p2b: Kingambit|Kingambit, L50, F|100/100
|detailschange|p2a: Blaziken|Blaziken-Mega, L50, F
|-mega|p2a: Blaziken|Blaziken|Blazikenite
|move|p2a: Blaziken|Close Combat|p1a: Incineroar
|-supereffective|p1a: Incineroar|1
|-damage|p1a: Incineroar|0 fnt
|-unboost|p2a: Blaziken|def|1
|-unboost|p2a: Blaziken|spd|1
|faint|p1a: Incineroar
|move|p1b: Gholdengo|Dazzling Gleam|p2b: Kingambit|[spread] p2a,p2b
|-damage|p2a: Blaziken|36/100
|-damage|p2b: Kingambit|70/100
|-damage|p1b: Gholdengo|42/100|[from] item: Life Orb
|
|-ability|p2a: Blaziken|Speed Boost|boost
|-boost|p2a: Blaziken|spe|1
|upkeep
|
|t:|1783467815
|switch|p1a: Alcremie|Alcremie-Mint-Cream, L50, F|100/100
|turn|6
|inactive|the-vsc has 30 seconds left.
|
|t:|1783467844
|move|p1b: Gholdengo|Protect|p1b: Gholdengo
|-singleturn|p1b: Gholdengo|Protect
|move|p2a: Blaziken|Flare Blitz|p1a: Alcremie
|-damage|p1a: Alcremie|5/100
|-damage|p2a: Blaziken|8/100|[from] Recoil
|move|p2b: Kingambit|Kowtow Cleave|p1b: Gholdengo
|-activate|p1b: Gholdengo|move: Protect
|move|p1a: Alcremie|Psychic|p2a: Blaziken
|-supereffective|p2a: Blaziken|1
|-damage|p2a: Blaziken|0 fnt
|faint|p2a: Blaziken
|
|upkeep
|
|t:|1783467854
|switch|p2a: Primarina|Primarina, L50, F|3/100
|turn|7
|
|t:|1783467871
|move|p1b: Gholdengo|Protect||[still]
|-fail|p1b: Gholdengo
|move|p1a: Alcremie|Protect|p1a: Alcremie
|-singleturn|p1a: Alcremie|Protect
|move|p2a: Primarina|Hyper Voice|p1a: Alcremie|[spread] p1b
|-activate|p1a: Alcremie|move: Protect
|-damage|p1b: Gholdengo|1/100
|move|p2b: Kingambit|Kowtow Cleave|p1b: Gholdengo
|-supereffective|p1b: Gholdengo|1
|-damage|p1b: Gholdengo|0 fnt
|faint|p1b: Gholdengo
|-damage|p2b: Kingambit|61/100|[from] item: Life Orb
|
|-sideend|p2: rknsx17|move: Tailwind
|upkeep
|turn|8
|inactive|the-vsc has 30 seconds left.
|inactive|the-vsc has 20 seconds left.
|
|t:|1783467906
|move|p2a: Primarina|Moonblast|p1a: Alcremie
|-damage|p1a: Alcremie|0 fnt
|faint|p1a: Alcremie
|
|win|rknsx17
|raw|the-vsc's rating: 1013 → 1002(-11 for losing)
|raw|rknsx17's rating: 1051 → 1080(+29 for winning)
|l|☆the-vsc
|player|p1|
