|j|☆JeromJamalJenkins
|j|☆Voltage Gaming101
|html|JeromJamalJenkinsVoltage Gaming101    
|uhtml|bestof|Game 1 of a best-of-3
|t:|1756694079
|gametype|doubles
|player|p1|JeromJamalJenkins|hilbert|1000
|player|p2|Voltage Gaming101|red|1030
|gen|9
|tier|[Gen 9] VGC 2025 Reg H (Bo3)
|rated|
|rule|Species Clause: Limit one of each Pokémon
|rule|Item Clause: Limit 1 of each item
|clearpoke
|poke|p1|Dragapult, L50, M|
|poke|p1|Electabuzz, L50, F|
|poke|p1|Ursaluna-Bloodmoon, L50, M|
|poke|p1|Volcarona, L50, M|
|poke|p1|Rillaboom, L50, F|
|poke|p1|Kingambit, L50, F|
|poke|p2|Tyranitar, L50, M|
|poke|p2|Krookodile, L50, F|
|poke|p2|Orthworm, L50, F|
|poke|p2|Houndstone, L50, F|
|poke|p2|Gastrodon-East, L50, M|
|poke|p2|Kommo-o, L50, M|
|teampreview|4
|showteam|p1|Dragapult||ChoiceBand|ClearBody|PhantomForce,TeraBlast,DragonDarts,Uturn|||M|||50|,,,,,Ghost]Electabuzz||Eviolite|VitalSpirit|Protect,Electroweb,Taunt,FollowMe|||F|||50|,,,,,Ghost]Ursaluna-Bloodmoon||LifeOrb|MindsEye|Protect,BloodMoon,HyperVoice,EarthPower|||M|||50|,,,,,Normal]Volcarona||Leftovers|FlameBody|Protect,QuiverDance,HeatWave,TeraBlast|||M|||50|,,,,,Fairy]Rillaboom||AssaultVest|GrassySurge|FakeOut,GrassyGlide,WoodHammer,Uturn|||F|||50|,,,,,Poison]Kingambit||BlackGlasses|Defiant|Protect,SuckerPunch,KowtowCleave,SwordsDance|||F|||50|,,,,,Dark
|showteam|p2|Tyranitar||SmoothRock|SandStream|RockSlide,Crunch,Earthquake,FirePunch|||M|||50|,,,,,Rock]Krookodile||LifeOrb|Intimidate|Earthquake,Crunch,TeraBlast,RockSlide|||F|||50|,,,,,Steel]Orthworm||SitrusBerry|EarthEater|Coil,BodyPress,HeavySlam,Protect|||F|||50|,,,,,Electric]Houndstone||ChoiceBand|SandRush|LastRespects,ShadowSneak,PlayRough,IceFang|||F|||50|,,,,,Ghost]Gastrodon-East||RockyHelmet|StormDrain|MuddyWater,EarthPower,Protect,Recover|||M|||50|,,,,,Water]Kommo-o||Leftovers|Overcoat|BodyPress,IronHead,IronDefense,Protect|||M|||50|,,,,,Steel
|inactive|Battle timer is ON: inactive players will automatically lose when time's up. (requested by JeromJamalJenkins)
|inactive|JeromJamalJenkins has 60 seconds left.
|inactive|Voltage Gaming101 has 60 seconds left.
|
|t:|1756694127
|teamsize|p1|4
|teamsize|p2|4
|start
|switch|p1a: Volcarona|Volcarona, L50, M|100/100
|switch|p1b: Electabuzz|Electabuzz, L50, F|100/100
|switch|p2a: Tyranitar|Tyranitar, L50, M, shiny|100/100
|switch|p2b: Kommo-o|Kommo-o, L50, M, shiny|100/100
|-weather|Sandstorm|[from] ability: Sand Stream|[of] p2a: Tyranitar
|turn|1
|inactive|Voltage Gaming101 has 30 seconds left.
|inactive|JeromJamalJenkins has 30 seconds left.
|
|t:|1756694159
|switch|p2b: Houndstone|Houndstone, L50, F, shiny|100/100
|-terastallize|p1a: Volcarona|Fairy
|move|p1a: Volcarona|Quiver Dance|p1a: Volcarona
|-boost|p1a: Volcarona|spa|1
|-boost|p1a: Volcarona|spd|1
|-boost|p1a: Volcarona|spe|1
|move|p1b: Electabuzz|Taunt|p2b: Houndstone
|-start|p2b: Houndstone|move: Taunt
|move|p2a: Tyranitar|Rock Slide|p1b: Electabuzz|[spread] p1a,p1b
|-damage|p1a: Volcarona|63/100
|-damage|p1b: Electabuzz|75/100
|
|-weather|Sandstorm|[upkeep]
|-damage|p1a: Volcarona|57/100|[from] Sandstorm
|-damage|p1b: Electabuzz|69/100|[from] Sandstorm
|-heal|p1a: Volcarona|63/100|[from] item: Leftovers
|upkeep
|turn|2
|inactive|JeromJamalJenkins has 30 seconds left.
|inactive|Voltage Gaming101 has 30 seconds left.
|
|t:|1756694189
|move|p1b: Electabuzz|Follow Me|p1b: Electabuzz
|-singleturn|p1b: Electabuzz|move: Follow Me
|move|p2b: Houndstone|Play Rough|p1b: Electabuzz
|-damage|p1b: Electabuzz|38/100
|move|p1a: Volcarona|Quiver Dance|p1a: Volcarona
|-boost|p1a: Volcarona|spa|1
|-boost|p1a: Volcarona|spd|1
|-boost|p1a: Volcarona|spe|1
|move|p2a: Tyranitar|Earthquake|p1a: Volcarona|[spread] p2b,p1a,p1b
|-supereffective|p1b: Electabuzz
|-damage|p2b: Houndstone|67/100
|-damage|p1a: Volcarona|30/100
|-damage|p1b: Electabuzz|0 fnt
|faint|p1b: Electabuzz
|
|-weather|Sandstorm|[upkeep]
|-damage|p1a: Volcarona|23/100|[from] Sandstorm
|-heal|p1a: Volcarona|30/100|[from] item: Leftovers
|upkeep
|
|t:|1756694207
|switch|p1b: Rillaboom|Rillaboom, L50, F|100/100
|-fieldstart|move: Grassy Terrain|[from] ability: Grassy Surge|[of] p1b: Rillaboom
|turn|3
|
|t:|1756694221
|switch|p2a: Orthworm|Orthworm, L50, F, shiny|100/100
|move|p1b: Rillaboom|Grassy Glide|p2a: Orthworm
|-resisted|p2a: Orthworm
|-damage|p2a: Orthworm|86/100
|move|p1a: Volcarona|Heat Wave|p2b: Houndstone|[spread] p2a,p2b
|-supereffective|p2a: Orthworm
|-damage|p2a: Orthworm|0 fnt
|-damage|p2b: Houndstone|0 fnt
|faint|p2a: Orthworm
|faint|p2b: Houndstone
|
|-weather|Sandstorm|[upkeep]
|-damage|p1a: Volcarona|23/100|[from] Sandstorm
|-damage|p1b: Rillaboom|95/100|[from] Sandstorm
|-heal|p1a: Volcarona|30/100|[from] Grassy Terrain
|-heal|p1a: Volcarona|36/100|[from] item: Leftovers
|-heal|p1b: Rillaboom|100/100|[from] Grassy Terrain
|upkeep
|
|t:|1756694231
|switch|p2b: Tyranitar|Tyranitar, L50, M, shiny|100/100
|switch|p2a: Kommo-o|Kommo-o, L50, M, shiny|100/100
|turn|4
|
|t:|1756694254
|-terastallize|p2b: Tyranitar|Rock
|move|p2a: Kommo-o|Protect|p2a: Kommo-o
|-singleturn|p2a: Kommo-o|Protect
|move|p1a: Volcarona|Tera Blast|p2a: Kommo-o|[anim] Tera Blast Fairy
|-activate|p2a: Kommo-o|move: Protect
|move|p1b: Rillaboom|U-turn|p2b: Tyranitar
|-damage|p2b: Tyranitar|81/100
|
|t:|1756694263
|switch|p1b: Ursaluna|Ursaluna-Bloodmoon, L50, M|100/100|[from] U-turn
|move|p2b: Tyranitar|Rock Slide|p1a: Volcarona|[spread] p1a,p1b
|-resisted|p1b: Ursaluna
|-damage|p1a: Volcarona|0 fnt
|-damage|p1b: Ursaluna|84/100
|faint|p1a: Volcarona
|
|-weather|Sandstorm|[upkeep]
|-heal|p2b: Tyranitar|86/100|[from] Grassy Terrain
|-heal|p1b: Ursaluna|90/100|[from] Grassy Terrain
|upkeep
|
|t:|1756694276
|switch|p1a: Rillaboom|Rillaboom, L50, F|100/100
|turn|5
|
|t:|1756694285
|move|p1a: Rillaboom|Fake Out|p2a: Kommo-o
|-damage|p2a: Kommo-o|91/100
|cant|p2a: Kommo-o|flinch
|move|p2b: Tyranitar|Fire Punch|p1a: Rillaboom
|-supereffective|p1a: Rillaboom
|-damage|p1a: Rillaboom|48/100
|-status|p1a: Rillaboom|brn
|move|p1b: Ursaluna|Blood Moon|p2a: Kommo-o
|-damage|p2a: Kommo-o|0 fnt
|faint|p2a: Kommo-o
|-damage|p1b: Ursaluna|80/100|[from] item: Life Orb
|
|-weather|Sandstorm|[upkeep]
|-damage|p1a: Rillaboom|43/100 brn|[from] Sandstorm
|-heal|p1a: Rillaboom|48/100 brn|[from] Grassy Terrain
|-heal|p2b: Tyranitar|92/100|[from] Grassy Terrain
|-heal|p1b: Ursaluna|86/100|[from] Grassy Terrain
|-damage|p1a: Rillaboom|43/100 brn|[from] brn
|upkeep
|turn|6
|
|t:|1756694304
|move|p1a: Rillaboom|Wood Hammer|p2b: Tyranitar
|-supereffective|p2b: Tyranitar
|-damage|p2b: Tyranitar|33/100
|-damage|p1a: Rillaboom|23/100 brn|[from] Recoil
|move|p2b: Tyranitar|Crunch|p1b: Ursaluna
|-damage|p1b: Ursaluna|51/100
|move|p1b: Ursaluna|Earth Power|p2b: Tyranitar
|-supereffective|p2b: Tyranitar
|-damage|p2b: Tyranitar|0 fnt
|faint|p2b: Tyranitar
|-damage|p1b: Ursaluna|42/100|[from] item: Life Orb
|
|win|JeromJamalJenkins
||Voltage Gaming101 is ready for game 2.
|inactive|JeromJamalJenkins has 30 seconds to confirm battle start!
||JeromJamalJenkins is ready for game 2.
|uhtml|next|Next: Game 2 of 3
|l|☆JeromJamalJenkins
|player|p1|
