|j|☆blank8787
|j|☆Esponjo
|html|blank8787Esponjo    
|uhtml|bestof|Game 2 of a best-of-3
|t:|1786158577
|gametype|doubles
|player|p1|blank8787|102|1000
|player|p2|Esponjo|1|1066
|gen|9
|tier|[Gen 9 Champions] VGC 2026 Reg M-B (Bo3)
|rated|
|rule|Species Clause: Limit one of each Pokémon
|rule|Item Clause: Limit 1 of each item
|clearpoke
|poke|p1|Steelix, L50, F|
|poke|p1|Lycanroc, L50, M|
|poke|p1|Heliolisk, L50, F|
|poke|p1|Sinistcha, L50|
|poke|p1|Scrafty, L50, F|
|poke|p1|Tyranitar, L50, M|
|poke|p2|Staraptor, L50, F|
|poke|p2|Arcanine-Hisui, L50, F|
|poke|p2|Kingambit, L50, F|
|poke|p2|Raichu, L50, M|
|poke|p2|Farigiraf, L50, F|
|poke|p2|Sylveon, L50, M|
|teampreview|4
|showteam|p1|Steelix||Steelixite|RockHead|WideGuard,HeavySlam,Protect,HighHorsepower|Adamant||F|||50|]Lycanroc||LifeOrb|SandRush|ThunderFang,IronHead,RockSlide,Accelerock|Adamant||M|||50|]Heliolisk||ChoiceScarf|DrySkin|Thunderbolt,VoltSwitch,DragonPulse,GrassKnot|Modest||F|||50|]Sinistcha||SitrusBerry|Hospitality|TrickRoom,MatchaGotcha,Protect,RagePowder|Relaxed|||||50|]Scrafty||RoseliBerry|Intimidate|CloseCombat,Coaching,FakeOut,KnockOff|Serious||F|||50|]Tyranitar||Tyranitarite|SandStream|Protect,RockSlide,KnockOff,DragonDance|Jolly||M|||50|
|showteam|p2|Staraptor||Staraptite|Intimidate|DualWingbeat,CloseCombat,Tailwind,Protect|Jolly||F|||50|]Arcanine-Hisui||FocusSash|RockHead|FlareBlitz,HeadSmash,ExtremeSpeed,Protect|Jolly||F|||50|]Kingambit||LifeOrb|Defiant|KowtowCleave,SuckerPunch,SwordsDance,Protect|Adamant||F|||50|]Raichu||RaichuniteY|LightningRod|ZapCannon,FocusBlast,FakeOut,Protect|Modest||M|||50|]Farigiraf||SitrusBerry|ArmorTail|Psychic,HelpingHand,TrickRoom,Protect|Bold||F|||50|]Sylveon||FairyFeather|Pixilate|HyperVoice,HyperBeam,QuickAttack,Detect|Modest||M|||50|
|inactive|Battle timer is ON: inactive players will automatically lose when time's up. (requested by Esponjo)
|
|t:|1786158604
|teamsize|p1|4
|teamsize|p2|4
|start
|switch|p1a: Heliolisk|Heliolisk, L50, F|100/100
|switch|p1b: Tyranitar|Tyranitar, L50, M|100/100
|switch|p2a: Staraptor|Staraptor, L50, F|100/100
|switch|p2b: Arcanine|Arcanine-Hisui, L50, F|100/100
|-ability|p2a: Staraptor|Intimidate|boost
|-unboost|p1a: Heliolisk|atk|1
|-unboost|p1b: Tyranitar|atk|1
|-weather|Sandstorm|[from] ability: Sand Stream|[of] p1b: Tyranitar
|turn|1
|inactive|blank8787 has 30 seconds left.
|
|t:|1786158637
|detailschange|p2a: Staraptor|Staraptor-Mega, L50, F
|-mega|p2a: Staraptor|Staraptor|Staraptite
|move|p1b: Tyranitar|Protect|p1b: Tyranitar
|-singleturn|p1b: Tyranitar|Protect
|move|p1a: Heliolisk|Volt Switch|p2b: Arcanine
|-damage|p2b: Arcanine|66/100
|
|t:|1786158644
|switch|p1a: Sinistcha|Sinistcha, L50|100/100|[from] Volt Switch
|move|p2a: Staraptor|Close Combat|p1a: Sinistcha
|-immune|p1a: Sinistcha
|move|p2b: Arcanine|Flare Blitz|p1a: Sinistcha
|-supereffective|p1a: Sinistcha|1
|-damage|p1a: Sinistcha|12/100
|-enditem|p1a: Sinistcha|Sitrus Berry|[eat]
|-heal|p1a: Sinistcha|37/100|[from] item: Sitrus Berry
|
|-weather|Sandstorm|[upkeep]
|-damage|p2a: Staraptor|93/100|[from] Sandstorm
|-damage|p1a: Sinistcha|30/100|[from] Sandstorm
|upkeep
|turn|2
|
|t:|1786158667
|move|p1a: Sinistcha|Rage Powder|p1a: Sinistcha
|-singleturn|p1a: Sinistcha|move: Rage Powder
|move|p2a: Staraptor|Close Combat|p1a: Sinistcha
|-immune|p1a: Sinistcha
|move|p2b: Arcanine|Flare Blitz|p1a: Sinistcha
|-supereffective|p1a: Sinistcha|1
|-damage|p1a: Sinistcha|0 fnt
|faint|p1a: Sinistcha
|move|p1b: Tyranitar|Rock Slide|p2b: Arcanine|[spread] p2a,p2b
|-supereffective|p2b: Arcanine|1
|-damage|p2a: Staraptor|76/100
|-damage|p2b: Arcanine|20/100y
|
|-weather|Sandstorm|[upkeep]
|-damage|p2a: Staraptor|70/100|[from] Sandstorm
|upkeep
|
|t:|1786158677
|switch|p1a: Heliolisk|Heliolisk, L50, F|100/100
|turn|3
|
|t:|1786158691
|move|p1a: Heliolisk|Thunderbolt|p2a: Staraptor
|-supereffective|p2a: Staraptor|1
|-damage|p2a: Staraptor|0 fnt
|faint|p2a: Staraptor
|move|p2b: Arcanine|Head Smash|p1a: Heliolisk
|-damage|p1a: Heliolisk|0 fnt
|faint|p1a: Heliolisk
|move|p1b: Tyranitar|Dragon Dance|p1b: Tyranitar
|-boost|p1b: Tyranitar|atk|1
|-boost|p1b: Tyranitar|spe|1
|
|-weather|Sandstorm|[upkeep]
|upkeep
|
|t:|1786158704
|switch|p2a: Kingambit|Kingambit, L50, F|100/100
|switch|p1a: Steelix|Steelix, L50, F|100/100
|turn|4
|inactive|blank8787 has 30 seconds left.
|
|t:|1786158734
|detailschange|p1a: Steelix|Steelix-Mega, L50, F
|-mega|p1a: Steelix|Steelix|Steelixite
|move|p1b: Tyranitar|Rock Slide|p2b: Arcanine|[spread] p2a,p2b
|-resisted|p2a: Kingambit|1
|-supereffective|p2b: Arcanine|1
|-damage|p2a: Kingambit|87/100
|-damage|p2b: Arcanine|0 fnt
|faint|p2b: Arcanine
|cant|p2a: Kingambit|flinch
|move|p1a: Steelix|High Horsepower|p2a: Kingambit
|-supereffective|p2a: Kingambit|1
|-damage|p2a: Kingambit|0 fnt
|faint|p2a: Kingambit
|
|-weather|Sandstorm|[upkeep]
|upkeep
|
|t:|1786158748
|switch|p2b: Sylveon|Sylveon, L50, M|100/100
|turn|5
|
|t:|1786158755
|move|p1b: Tyranitar|Dragon Dance|p1b: Tyranitar
|-boost|p1b: Tyranitar|atk|1
|-boost|p1b: Tyranitar|spe|1
|move|p2b: Sylveon|Hyper Beam|p1b: Tyranitar
|-supereffective|p1b: Tyranitar|1
|-damage|p1b: Tyranitar|0 fnt
|-mustrecharge|p2b: Sylveon
|faint|p1b: Tyranitar
|move|p1a: Steelix|Heavy Slam|p2b: Sylveon
|-supereffective|p2b: Sylveon|1
|-damage|p2b: Sylveon|0 fnt
|faint|p2b: Sylveon
|
|win|blank8787
|raw|blank8787's rating: 1000 → 1048(+48 for winning)
|raw|Esponjo's rating: 1066 → 1042(-24 for losing)
