|j|☆tlowmills
|j|☆pawmifleet
|html|tlowmillspawmifleet    
|uhtml|bestof|Game 1 of a best-of-3
|t:|1784127184
|gametype|doubles
|player|p1|tlowmills|170|1077
|player|p2|pawmifleet|fisherman-gen4|1178
|gen|9
|tier|[Gen 9 Champions] VGC 2026 Reg M-B (Bo3)
|rated|
|rule|Species Clause: Limit one of each Pokémon
|rule|Item Clause: Limit 1 of each item
|clearpoke
|poke|p1|Charizard, L50, M|
|poke|p1|Whimsicott, L50, F|
|poke|p1|Garchomp, L50, M|
|poke|p1|Basculegion, L50, M|
|poke|p1|Gholdengo, L50|
|poke|p1|Incineroar, L50, F|
|poke|p2|Incineroar, L50, M|
|poke|p2|Venusaur, L50, M|
|poke|p2|Charizard, L50, M|
|poke|p2|Garchomp, L50, M|
|poke|p2|Toxapex, L50, M|
|poke|p2|Annihilape, L50, F|
|teampreview|4
|showteam|p1|Charizard||CharizarditeY|Blaze|HeatWave,SolarBeam,WeatherBall,Protect|Modest||M|||50|]Whimsicott||FocusSash|Prankster|Moonblast,Tailwind,Protect,Encore|Timid||F|||50|]Garchomp||LifeOrb|RoughSkin|Earthquake,DragonClaw,Protect,RockSlide|Jolly||M|||50|]Basculegion||ChoiceScarf|Adaptability|FlipTurn,WaveCrash,LastRespects,AquaJet|Jolly||M|||50|]Gholdengo||MetalCoat|GoodasGold|MakeItRain,ShadowBall,Protect,NastyPlot|Modest|||||50|]Incineroar||SitrusBerry|Intimidate|ThroatChop,FlareBlitz,PartingShot,FakeOut|Impish||F|||50|
|showteam|p2|Incineroar||SitrusBerry|Intimidate|FakeOut,ThroatChop,FlareBlitz,PartingShot|Impish||M|||50|]Venusaur||LifeOrb|Chlorophyll|SolarBeam,SludgeBomb,EarthPower,Protect|Modest||M|||50|]Charizard||CharizarditeY|Blaze|HeatWave,WeatherBall,HelpingHand,Protect|Modest||M|||50|]Garchomp||ChoiceScarf|RoughSkin|DragonClaw,Earthquake,RockSlide,StompingTantrum|Adamant||M|||50|]Toxapex||Leftovers|Regenerator|Infestation,Toxic,BanefulBunker,WideGuard|Bold||M|||50|]Annihilape||FocusSash|Defiant|PhantomForce,CloseCombat,RockTomb,Protect|Jolly||F|||50|
|inactive|Battle timer is ON: inactive players will automatically lose when time's up. (requested by pawmifleet)
|inactive|tlowmills has 60 seconds left.
|inactive|pawmifleet has 60 seconds left.
|
|t:|1784127223
|teamsize|p1|4
|teamsize|p2|4
|start
|switch|p1a: Charizard|Charizard, L50, M|100/100
|switch|p1b: Garchomp|Garchomp, L50, M|100/100
|switch|p2a: Garchomp|Garchomp, L50, M|100/100
|switch|p2b: Annihilape|Annihilape, L50, F|100/100
|turn|1
|inactive|pawmifleet has 30 seconds left.
|inactive|pawmifleet has 20 seconds left.
|
|t:|1784127261
|move|p1a: Charizard|Protect|p1a: Charizard
|-singleturn|p1a: Charizard|Protect
|move|p2a: Garchomp|Dragon Claw|p1b: Garchomp
|-supereffective|p1b: Garchomp|1
|-damage|p1b: Garchomp|14/100
|-damage|p2a: Garchomp|87/100|[from] ability: Rough Skin|[of] p1b: Garchomp
|move|p1b: Garchomp|Dragon Claw|p2a: Garchomp
|-supereffective|p2a: Garchomp|1
|-damage|p2a: Garchomp|0 fnt
|-damage|p1b: Garchomp|2/100|[from] ability: Rough Skin|[of] p2a: Garchomp
|faint|p2a: Garchomp
|-damage|p1b: Garchomp|0 fnt|[from] item: Life Orb
|faint|p1b: Garchomp
|move|p2b: Annihilape|Rock Tomb|p1a: Charizard
|-activate|p1a: Charizard|move: Protect
|
|upkeep
|
|t:|1784127277
|switch|p1b: Whimsicott|Whimsicott, L50, F|100/100
|switch|p2a: Incineroar|Incineroar, L50, M|100/100
|-ability|p2a: Incineroar|Intimidate|boost
|-unboost|p1a: Charizard|atk|1
|-unboost|p1b: Whimsicott|atk|1
|turn|2
|
|t:|1784127287
|switch|p1a: Basculegion|Basculegion, L50, M|100/100
|move|p2a: Incineroar|Fake Out|p1b: Whimsicott
|-damage|p1b: Whimsicott|84/100
|cant|p1b: Whimsicott|flinch
|move|p2b: Annihilape|Rock Tomb|p1a: Basculegion
|-damage|p1a: Basculegion|75/100
|-unboost|p1a: Basculegion|spe|1
|
|upkeep
|turn|3
|
|t:|1784127296
|move|p1b: Whimsicott|Tailwind|p1b: Whimsicott
|-sidestart|p1: tlowmills|move: Tailwind
|move|p1a: Basculegion|Wave Crash|p2a: Incineroar
|-supereffective|p2a: Incineroar|1
|-damage|p2a: Incineroar|0 fnt
|faint|p2a: Incineroar
|-damage|p1a: Basculegion|41/100|[from] Recoil
|move|p2b: Annihilape|Phantom Force||[still]
|-prepare|p2b: Annihilape|Phantom Force
|
|upkeep
|
|t:|1784127303
|switch|p2a: Charizard|Charizard, L50, M|100/100
|turn|4
|
|t:|1784127317
|move|p2a: Charizard|Protect|p2a: Charizard
|-singleturn|p2a: Charizard|Protect
|move|p1b: Whimsicott|Moonblast|p2b: Annihilape|[miss]
|-miss|p1b: Whimsicott|p2b: Annihilape
|move|p1a: Basculegion|Wave Crash|p2b: Annihilape|[miss]
|-miss|p1a: Basculegion|p2b: Annihilape
|move|p2b: Annihilape|Phantom Force|p1a: Basculegion|[from] lockedmove
|-supereffective|p1a: Basculegion|1
|-damage|p1a: Basculegion|0 fnt
|faint|p1a: Basculegion
|
|upkeep
|
|t:|1784127324
|switch|p1a: Charizard|Charizard, L50, M|100/100
|turn|5
|c|☆tlowmills|WHATTT
|
|t:|1784127335
|detailschange|p1a: Charizard|Charizard-Mega-Y, L50, M
|-mega|p1a: Charizard|Charizard|Charizardite Y
|-weather|SunnyDay|[from] ability: Drought|[of] p1a: Charizard
|detailschange|p2a: Charizard|Charizard-Mega-Y, L50, M
|-mega|p2a: Charizard|Charizard|Charizardite Y
|move|p1b: Whimsicott|Moonblast|p2b: Annihilape
|-supereffective|p2b: Annihilape|1
|-damage|p2b: Annihilape|27/100
|move|p1a: Charizard|Heat Wave|p2a: Charizard|[spread] p2a,p2b
|-resisted|p2a: Charizard|1
|-damage|p2a: Charizard|72/100
|-damage|p2b: Annihilape|0 fnt
|faint|p2b: Annihilape
|move|p2a: Charizard|Heat Wave|p1a: Charizard|[spread] p1a,p1b
|-resisted|p1a: Charizard|1
|-supereffective|p1b: Whimsicott|1
|-damage|p1a: Charizard|70/100
|-damage|p1b: Whimsicott|0 fnt
|faint|p1b: Whimsicott
|
|-weather|SunnyDay|[upkeep]
|upkeep
|turn|6
|
|t:|1784127347
|move|p2a: Charizard|Protect|p2a: Charizard
|-singleturn|p2a: Charizard|Protect
|move|p1a: Charizard|Weather Ball|p2a: Charizard
|-activate|p2a: Charizard|move: Protect
|
|-weather|SunnyDay|[upkeep]
|-sideend|p1: tlowmills|move: Tailwind
|upkeep
|turn|7
|
|t:|1784127354
|move|p1a: Charizard|Weather Ball|p2a: Charizard
|-resisted|p2a: Charizard|1
|-damage|p2a: Charizard|26/100
|move|p2a: Charizard|Weather Ball|p1a: Charizard
|-resisted|p1a: Charizard|1
|-damage|p1a: Charizard|26/100
|
|-weather|SunnyDay|[upkeep]
|upkeep
|turn|8
|
|t:|1784127368
|move|p2a: Charizard|Protect|p2a: Charizard
|-singleturn|p2a: Charizard|Protect
|move|p1a: Charizard|Weather Ball|p2a: Charizard
|-activate|p2a: Charizard|move: Protect
|
|-weather|SunnyDay|[upkeep]
|upkeep
|turn|9
|
|t:|1784127386
|move|p2a: Charizard|Protect|p2a: Charizard
|-singleturn|p2a: Charizard|Protect
|move|p1a: Charizard|Weather Ball|p2a: Charizard
|-activate|p2a: Charizard|move: Protect
|
|-weather|none
|upkeep
|turn|10
|
|t:|1784127393
|move|p1a: Charizard|Heat Wave|p2a: Charizard
|-resisted|p2a: Charizard|1
|-damage|p2a: Charizard|1/100
|move|p2a: Charizard|Heat Wave|p1a: Charizard
|-resisted|p1a: Charizard|1
|-damage|p1a: Charizard|0 fnt
|faint|p1a: Charizard
|
|win|pawmifleet
