|j|☆catsemma
|j|☆VJGreen
|html|catsemmaVJGreen    
|uhtml|bestof|Game 2 of a best-of-3
|t:|1784317310
|gametype|doubles
|player|p1|catsemma|266|
|player|p2|VJGreen|265|
|gen|9
|tier|[Gen 9 Champions] VGC 2026 Reg M-B (Bo3)
|rule|Species Clause: Limit one of each Pokémon
|rule|Item Clause: Limit 1 of each item
|clearpoke
|poke|p1|Steelix, L50, M|
|poke|p1|Mimikyu, L50, F|
|poke|p1|Sinistcha, L50|
|poke|p1|Clawitzer, L50, M|
|poke|p1|Staraptor, L50, F|
|poke|p1|Liepard, L50, F|
|poke|p2|Toxicroak, L50, F|
|poke|p2|Gengar, L50, M|
|poke|p2|Ninetales-Alola, L50, M|
|poke|p2|Kangaskhan, L50, F|
|poke|p2|Kommo-o, L50, F|
|poke|p2|Tauros-Paldea-Blaze, L50, M|
|teampreview|4
|showteam|p1|Steelix||Steelixite|SheerForce|Earthquake,GyroBall,Protect,BodyPress|Relaxed||M|||50|]Mimikyu||MentalHerb|Disguise|TrickRoom,Taunt,WillOWisp,PlayRough|Brave||F|||50|]Sinistcha||Leftovers|Hospitality|MatchaGotcha,TrickRoom,Protect,ShadowBall|Quiet|||||50|]Clawitzer||LifeOrb|MegaLauncher|WaterPulse,AuraSphere,DarkPulse,Protect|Quiet||M|||50|]Staraptor||Staraptite|Intimidate|BraveBird,CloseCombat,Protect,Roost|Brave||F|||50|]Liepard||FocusSash|Prankster|FakeOut,KnockOff,Charm,Encore|Adamant||F|||50|
|showteam|p2|Toxicroak||ExpertBelt|PoisonTouch|Taunt,FakeOut,SuckerPunch,BrickBreak|Jolly||F|||50|]Gengar||Gengarite|CursedBody|PerishSong,Protect,SludgeWave,ShadowBall|Modest||M|||50|]Ninetales-Alola||MentalHerb|SnowWarning|AuroraVeil,DazzlingGleam,Agility,Blizzard|Modest||M|||50|]Kangaskhan||Kangaskhanite|Scrappy|FakeOut,Protect,SuckerPunch,DoubleEdge|Jolly||F|||50|]Kommo-o||Leftovers|Soundproof|ClangingScales,Taunt,BodyPress,IronDefense|Calm||F|||50|]Tauros-Paldea-Blaze||FocusSash|Intimidate|CloseCombat,FlareBlitz,HighHorsepower,Endeavor|Adamant||M|||50|
|j| fishy justice
|j| Cookedcatf1sh
|
|t:|1784317346
|teamsize|p1|4
|teamsize|p2|4
|start
|switch|p1a: Ksamil|Clawitzer, L50, M|100/100
|switch|p1b: Elbasan|Mimikyu, L50, F|100/100
|switch|p2a: Gengar|Gengar, L50, M|100/100
|switch|p2b: Kurama|Ninetales-Alola, L50, M|100/100
|-weather|Snowscape|[from] ability: Snow Warning|[of] p2b: Kurama
|turn|1
|j| Myst66
|
|t:|1784317368
|detailschange|p2a: Gengar|Gengar-Mega, L50, M
|-mega|p2a: Gengar|Gengar|Gengarite
|move|p2a: Gengar|Perish Song|p2a: Gengar
|-start|p1a: Ksamil|perish3|[silent]
|-start|p1b: Elbasan|perish3|[silent]
|-start|p2a: Gengar|perish3|[silent]
|-start|p2b: Kurama|perish3|[silent]
|-fieldactivate|move: Perish Song
|move|p2b: Kurama|Aurora Veil|p2b: Kurama
|-sidestart|p2: VJGreen|move: Aurora Veil
|move|p1a: Ksamil|Dark Pulse|p2a: Gengar
|-supereffective|p2a: Gengar|1
|-damage|p2a: Gengar|5/100
|-damage|p1a: Ksamil|90/100|[from] item: Life Orb
|move|p1b: Elbasan|Trick Room|p1b: Elbasan
|-fieldstart|move: Trick Room|[of] p1b: Elbasan
|
|-weather|Snowscape|[upkeep]
|-start|p1a: Ksamil|perish3
|-start|p1b: Elbasan|perish3
|-start|p2b: Kurama|perish3
|-start|p2a: Gengar|perish3
|upkeep
|turn|2
|
|t:|1784317406
|switch|p2b: Lucia|Toxicroak, L50, F|100/100
|move|p2a: Gengar|Protect|p2a: Gengar
|-singleturn|p2a: Gengar|Protect
|move|p1a: Ksamil|Water Pulse|p2b: Lucia
|-damage|p2b: Lucia|30/100
|-damage|p1a: Ksamil|80/100|[from] item: Life Orb
|move|p1b: Elbasan|Play Rough|p2b: Lucia|[miss]
|-miss|p1b: Elbasan|p2b: Lucia
|
|-weather|Snowscape|[upkeep]
|-start|p1a: Ksamil|perish2
|-start|p1b: Elbasan|perish2
|-start|p2a: Gengar|perish2
|upkeep
|turn|3
|c|☆catsemma|NOOO
|j| fenixyyy
|
|t:|1784317463
|move|p1a: Ksamil|Protect|p1a: Ksamil
|-singleturn|p1a: Ksamil|Protect
|move|p2a: Gengar|Protect||[still]
|-fail|p2a: Gengar
|move|p2b: Lucia|Fake Out|p1a: Ksamil
|-activate|p1a: Ksamil|move: Protect
|move|p1b: Elbasan|Play Rough|p2a: Gengar
|-resisted|p2a: Gengar|1
|-damage|p2a: Gengar|0 fnt
|faint|p2a: Gengar
|
|-weather|Snowscape|[upkeep]
|-start|p1a: Ksamil|perish1
|-start|p1b: Elbasan|perish1
|upkeep
|c| Myst66|And it was a good read too…
|
|t:|1784317487
|switch|p2a: Tauros|Tauros-Paldea-Blaze, L50, M|100/100
|-ability|p2a: Tauros|Intimidate|boost
|-unboost|p1a: Ksamil|atk|1
|-unboost|p1b: Elbasan|atk|1
|turn|4
|
|t:|1784317516
|switch|p1a: Tirana|Staraptor, L50, F|100/100
|-ability|p1a: Tirana|Intimidate|boost
|-unboost|p2a: Tauros|atk|1
|-unboost|p2b: Lucia|atk|1
|switch|p2a: Kurama|Ninetales-Alola, L50, M|100/100
|move|p2b: Lucia|Sucker Punch||[still]
|-fail|p2b: Lucia
|move|p1b: Elbasan|Play Rough|p2a: Kurama
|-damage|p2a: Kurama|83/100
|
|-weather|Snowscape|[upkeep]
|-start|p1b: Elbasan|perish0
|faint|p1b: Elbasan
|upkeep
|
|t:|1784317534
|switch|p1b: Ksamil|Clawitzer, L50, M|80/100
|turn|5
|
|t:|1784317558
|detailschange|p1a: Tirana|Staraptor-Mega, L50, F
|-mega|p1a: Tirana|Staraptor|Staraptite
|move|p2b: Lucia|Sucker Punch|p1b: Ksamil
|-damage|p1b: Ksamil|64/100
|move|p1b: Ksamil|Water Pulse|p2b: Lucia
|-damage|p2b: Lucia|0 fnt
|faint|p2b: Lucia
|-damage|p1b: Ksamil|55/100|[from] item: Life Orb
|move|p1a: Tirana|Close Combat|p2a: Kurama
|-damage|p2a: Kurama|34/100
|-boost|p1a: Tirana|def|1
|-boost|p1a: Tirana|spd|1
|move|p2a: Kurama|Blizzard|p1a: Tirana|[spread] p1a,p1b
|-supereffective|p1a: Tirana|1
|-resisted|p1b: Ksamil|1
|-crit|p1b: Ksamil
|-damage|p1a: Tirana|54/100
|-damage|p1b: Ksamil|26/100
|
|-weather|none
|-sideend|p2: VJGreen|move: Aurora Veil
|-fieldend|move: Trick Room
|upkeep
|
|t:|1784317577
|switch|p2b: Tauros|Tauros-Paldea-Blaze, L50, M|100/100
|-ability|p2b: Tauros|Intimidate|boost
|-boost|p1a: Tirana|atk|1
|-unboost|p1b: Ksamil|atk|1
|turn|6
|
|t:|1784317594
|switch|p1b: Durres|Sinistcha, L50|100/100
|-heal|p1a: Tirana|79/100|[from] ability: Hospitality|[of] p1b: Durres
|move|p1a: Tirana|Protect|p1a: Tirana
|-singleturn|p1a: Tirana|Protect
|move|p2a: Kurama|Dazzling Gleam|p1a: Tirana|[spread] p1b
|-activate|p1a: Tirana|move: Protect
|-damage|p1b: Durres|71/100
|move|p2b: Tauros|Close Combat|p1b: Durres
|-immune|p1b: Durres
|
|-heal|p1b: Durres|77/100|[from] item: Leftovers
|upkeep
|turn|7
|l| Myst66
|j| Myst66
|
|t:|1784317630
|switch|p1b: Ksamil|Clawitzer, L50, M|26/100
|move|p2a: Kurama|Blizzard|p1b: Ksamil|[spread] p1a,p1b
|-supereffective|p1a: Tirana|1
|-resisted|p1b: Ksamil|1
|-damage|p1a: Tirana|31/100
|-damage|p1b: Ksamil|7/100
|move|p2b: Tauros|Flare Blitz|p1a: Tirana
|-damage|p1a: Tirana|0 fnt
|faint|p1a: Tirana
|-damage|p2b: Tauros|86/100|[from] Recoil
|
|upkeep
|c|☆catsemma|rip
|c|☆catsemma|ggs
|c|☆catsemma|that was a horrible playu
|
|t:|1784317645
|switch|p1a: Durres|Sinistcha, L50|77/100
|-heal|p1b: Ksamil|32/100|[from] ability: Hospitality|[of] p1a: Durres
|turn|8
|
|t:|1784317673
|move|p1b: Ksamil|Protect|p1b: Ksamil
|-singleturn|p1b: Ksamil|Protect
|move|p2a: Kurama|Blizzard|p1b: Ksamil|[spread] p1a
|-activate|p1b: Ksamil|move: Protect
|-supereffective|p1a: Durres|1
|-crit|p1a: Durres
|-damage|p1a: Durres|0 fnt
|faint|p1a: Durres
|move|p2b: Tauros|Close Combat|p1b: Ksamil
|-activate|p1b: Ksamil|move: Protect
|
|upkeep
|turn|9
|
|t:|1784317693
|move|p2a: Kurama|Dazzling Gleam|p1b: Ksamil
|-damage|p1b: Ksamil|0 fnt
|faint|p1b: Ksamil
|
|win|VJGreen
|c| fishy justice|maybe i should have just drafted perish
|c|☆catsemma|if i hit that one play rough read
||catsemma is ready for game 3.
|inactive|VJGreen has 30 seconds to confirm battle start!
||VJGreen is ready for game 3.
|uhtml|next|Next: Game 3 of 3
|c| fishy justice|its so lovely to see
|l| fishy justice
