|j|☆Herdier1590
|j|☆Delacruso
|html|Herdier1590Delacruso    
|uhtml|bestof|Game 1 of a best-of-3
|t:|1784831508
|gametype|doubles
|player|p1|Herdier1590|ethan|1242
|player|p2|Delacruso|red|1239
|gen|9
|tier|[Gen 9 Champions] VGC 2026 Reg M-B (Bo3)
|rated|
|rule|Species Clause: Limit one of each Pokémon
|rule|Item Clause: Limit 1 of each item
|clearpoke
|poke|p1|Swampert, L50, M|
|poke|p1|Venusaur, L50, F|
|poke|p1|Pelipper, L50, F|
|poke|p1|Basculegion, L50, M|
|poke|p1|Archaludon, L50, M|
|poke|p1|Grimmsnarl, L50, M|
|poke|p2|Charizard, L50, M, shiny|
|poke|p2|Grimmsnarl, L50, M, shiny|
|poke|p2|Pelipper, L50, M|
|poke|p2|Archaludon, L50, F|
|poke|p2|Basculegion, L50, M, shiny|
|poke|p2|Venusaur, L50, M|
|teampreview|4
|showteam|p1|Swampert||Swampertite|Torrent|WaveCrash,Earthquake,IcePunch,Protect|Adamant||M|||50|]Venusaur||Venusaurite|Chlorophyll|SludgeBomb,EarthPower,GigaDrain,Protect|Modest||F|||50|]Pelipper||SitrusBerry|Drizzle|WeatherBall,WideGuard,Hurricane,Tailwind|Modest||F|||50|]Basculegion||LifeOrb|SwiftSwim|WaveCrash,LastRespects,AquaJet,Protect|Adamant||M|||50|]Archaludon||Leftovers|Stamina|FlashCannon,DragonPulse,ElectroShot,Protect|Calm||M|||50|]Grimmsnarl||LightClay|Prankster|SpiritBreak,Reflect,LightScreen,PartingShot|Sassy||M|||50|
|showteam|p2|Charizard||CharizarditeY|Blaze|Protect,HeatWave,WeatherBall,SolarBeam|Modest||M|||50|]Grimmsnarl||LightClay|Prankster|SpiritBreak,Reflect,LightScreen,PartingShot|Sassy||M|||50|]Pelipper||SitrusBerry|Drizzle|Hurricane,WeatherBall,Tailwind,WideGuard|Modest||M|||50|]Archaludon||Leftovers|Stamina|Protect,ElectroShot,DragonPulse,FlashCannon|Calm||F|||50|]Basculegion||ChoiceScarf|Adaptability|FlipTurn,WaveCrash,AquaJet,LastRespects|Jolly||M|||50|]Venusaur||FocusSash|Chlorophyll|Protect,SleepPowder,SludgeBomb,EarthPower|Modest||M|||50|
|inactive|Battle timer is ON: inactive players will automatically lose when time's up. (requested by Delacruso)
|inactive|Herdier1590 has 60 seconds left.
|inactive|Delacruso has 60 seconds left.
|
|t:|1784831560
|teamsize|p1|4
|teamsize|p2|4
|start
|switch|p1a: FEED ME|Pelipper, L50, F|100/100
|switch|p1b: Gremlin|Grimmsnarl, L50, M|100/100
|switch|p2a: Grimmsnarl|Grimmsnarl, L50, M, shiny|100/100
|switch|p2b: Archaludon|Archaludon, L50, F|100/100
|-weather|RainDance|[from] ability: Drizzle|[of] p1a: FEED ME
|turn|1
|
|t:|1784831578
|switch|p1a: Big Stapler|Archaludon, L50, M|100/100
|move|p1b: Gremlin|Light Screen|p1b: Gremlin
|-sidestart|p1: Herdier1590|move: Light Screen
|move|p2a: Grimmsnarl|Light Screen|p2a: Grimmsnarl
|-sidestart|p2: Delacruso|move: Light Screen
|move|p2b: Archaludon|Electro Shot||[still]
|-prepare|p2b: Archaludon|Electro Shot
|-boost|p2b: Archaludon|spa|1
|-anim|p2b: Archaludon|Electro Shot|p1a: Big Stapler
|-resisted|p1a: Big Stapler|1
|-damage|p1a: Big Stapler|83/100
|-ability|p1a: Big Stapler|Stamina|boost
|-boost|p1a: Big Stapler|def|1
|
|-weather|RainDance|[upkeep]
|-heal|p1a: Big Stapler|89/100|[from] item: Leftovers
|upkeep
|turn|2
|inactive|Delacruso has 30 seconds left.
|inactive|Delacruso has 20 seconds left.
|
|t:|1784831616
|move|p2a: Grimmsnarl|Parting Shot|p1a: Big Stapler
|-unboost|p1a: Big Stapler|atk|1
|-unboost|p1a: Big Stapler|spa|1
|
|t:|1784831620
|switch|p2a: Charizard|Charizard, L50, M, shiny|100/100|[from] Parting Shot
|move|p1b: Gremlin|Parting Shot|p2b: Archaludon
|-unboost|p2b: Archaludon|atk|1
|-unboost|p2b: Archaludon|spa|1
|
|t:|1784831625
|switch|p1b: Big Yoshi|Venusaur, L50, F|100/100|[from] Parting Shot
|move|p1a: Big Stapler|Electro Shot||[still]
|-prepare|p1a: Big Stapler|Electro Shot
|-boost|p1a: Big Stapler|spa|1
|-anim|p1a: Big Stapler|Electro Shot|p2a: Charizard
|-supereffective|p2a: Charizard|1
|-damage|p2a: Charizard|42/100
|move|p2b: Archaludon|Flash Cannon|p1b: Big Yoshi
|-damage|p1b: Big Yoshi|77/100
|
|-weather|RainDance|[upkeep]
|-heal|p1a: Big Stapler|95/100|[from] item: Leftovers
|upkeep
|turn|3
|inactive|Delacruso has 30 seconds left.
|inactive|Delacruso has 20 seconds left.
|inactive|Herdier1590 has 30 seconds left.
|inactive|Delacruso has 15 seconds left.
|
|t:|1784831670
|detailschange|p2a: Charizard|Charizard-Mega-Y, L50, M, shiny
|-mega|p2a: Charizard|Charizard|Charizardite Y
|-weather|SunnyDay|[from] ability: Drought|[of] p2a: Charizard
|detailschange|p1b: Big Yoshi|Venusaur-Mega, L50, F
|-mega|p1b: Big Yoshi|Venusaur|Venusaurite
|move|p2a: Charizard|Heat Wave|p1b: Big Yoshi|[spread] p1a,p1b
|-supereffective|p1b: Big Yoshi|1
|-damage|p1a: Big Stapler|56/100
|-damage|p1b: Big Yoshi|44/100
|-ability|p1a: Big Stapler|Stamina|boost
|-boost|p1a: Big Stapler|def|1
|move|p1b: Big Yoshi|Earth Power|p2b: Archaludon
|-supereffective|p2b: Archaludon|1
|-damage|p2b: Archaludon|59/100
|-ability|p2b: Archaludon|Stamina|boost
|-boost|p2b: Archaludon|def|1
|move|p1a: Big Stapler|Dragon Pulse|p2b: Archaludon
|-damage|p2b: Archaludon|38/100
|-ability|p2b: Archaludon|Stamina|boost
|-boost|p2b: Archaludon|def|1
|move|p2b: Archaludon|Dragon Pulse|p1a: Big Stapler
|-damage|p1a: Big Stapler|35/100
|-ability|p1a: Big Stapler|Stamina|boost
|-boost|p1a: Big Stapler|def|1
|
|-weather|SunnyDay|[upkeep]
|-heal|p1a: Big Stapler|41/100|[from] item: Leftovers
|-heal|p2b: Archaludon|44/100|[from] item: Leftovers
|upkeep
|turn|4
|inactive|Delacruso has 30 seconds left.
|inactive|Delacruso has 20 seconds left.
|inactive|Delacruso has 15 seconds left.
|
|t:|1784831711
|switch|p1b: FEED ME|Pelipper, L50, F|100/100
|-weather|RainDance|[from] ability: Drizzle|[of] p1b: FEED ME
|move|p2a: Charizard|Heat Wave|p1a: Big Stapler|[spread] p1a,p1b
|-resisted|p1b: FEED ME|1
|-damage|p1a: Big Stapler|30/100
|-damage|p1b: FEED ME|92/100
|-ability|p1a: Big Stapler|Stamina|boost
|-boost|p1a: Big Stapler|def|1
|move|p1a: Big Stapler|Electro Shot||[still]
|-prepare|p1a: Big Stapler|Electro Shot
|-boost|p1a: Big Stapler|spa|1
|-anim|p1a: Big Stapler|Electro Shot|p2b: Archaludon
|-resisted|p2b: Archaludon|1
|-damage|p2b: Archaludon|28/100
|-ability|p2b: Archaludon|Stamina|boost
|-boost|p2b: Archaludon|def|1
|move|p2b: Archaludon|Dragon Pulse|p1a: Big Stapler
|-damage|p1a: Big Stapler|9/100
|-ability|p1a: Big Stapler|Stamina|boost
|-boost|p1a: Big Stapler|def|1
|
|-weather|RainDance|[upkeep]
|-heal|p1a: Big Stapler|15/100|[from] item: Leftovers
|-heal|p2b: Archaludon|35/100|[from] item: Leftovers
|upkeep
|turn|5
|inactive|Delacruso has 30 seconds left.
|inactive|Herdier1590 has 30 seconds left.
|inactive|Delacruso has 20 seconds left.
|inactive|Delacruso has 15 seconds left.
|
|t:|1784831754
|switch|p2a: Grimmsnarl|Grimmsnarl, L50, M, shiny|100/100
|switch|p1b: Gremlin|Grimmsnarl, L50, M|100/100
|move|p2b: Archaludon|Protect|p2b: Archaludon
|-singleturn|p2b: Archaludon|Protect
|move|p1a: Big Stapler|Dragon Pulse|p2b: Archaludon
|-activate|p2b: Archaludon|move: Protect
|
|-weather|RainDance|[upkeep]
|-heal|p1a: Big Stapler|21/100|[from] item: Leftovers
|-heal|p2b: Archaludon|41/100|[from] item: Leftovers
|upkeep
|turn|6
|inactive|Herdier1590 has 30 seconds left.
|inactive|Delacruso has 30 seconds left.
|inactive|Delacruso has 20 seconds left.
|inactive|Delacruso has 15 seconds left.
|inactive|Delacruso has 10 seconds left.
|
|t:|1784831800
|move|p1a: Big Stapler|Protect|p1a: Big Stapler
|-singleturn|p1a: Big Stapler|Protect
|move|p2b: Archaludon|Electro Shot||[still]
|-prepare|p2b: Archaludon|Electro Shot
|-boost|p2b: Archaludon|spa|1
|-anim|p2b: Archaludon|Electro Shot|p1a: Big Stapler
|-activate|p1a: Big Stapler|move: Protect
|move|p2a: Grimmsnarl|Spirit Break|p1b: Gremlin
|-supereffective|p1b: Gremlin|1
|-damage|p1b: Gremlin|36/100
|-unboost|p1b: Gremlin|spa|1
|move|p1b: Gremlin|Spirit Break|p2a: Grimmsnarl
|-supereffective|p2a: Grimmsnarl|1
|-damage|p2a: Grimmsnarl|33/100
|-unboost|p2a: Grimmsnarl|spa|1
|
|-weather|RainDance|[upkeep]
|-heal|p1a: Big Stapler|27/100|[from] item: Leftovers
|-heal|p2b: Archaludon|47/100|[from] item: Leftovers
|upkeep
|turn|7
|inactive|Delacruso has 30 seconds left.
|
|t:|1784831826
|move|p1b: Gremlin|Parting Shot|p2b: Archaludon
|-unboost|p2b: Archaludon|atk|1
|-unboost|p2b: Archaludon|spa|1
|
|t:|1784831830
|switch|p1b: Big Yoshi|Venusaur-Mega, L50, F|44/100|[from] Parting Shot
|move|p2a: Grimmsnarl|Parting Shot|p1a: Big Stapler
|-unboost|p1a: Big Stapler|atk|1
|-unboost|p1a: Big Stapler|spa|1
|
|t:|1784831835
|switch|p2a: Charizard|Charizard-Mega-Y, L50, M, shiny|42/100|[from] Parting Shot
|-weather|SunnyDay|[from] ability: Drought|[of] p2a: Charizard
|move|p1a: Big Stapler|Flash Cannon|p2a: Charizard
|-resisted|p2a: Charizard|1
|-damage|p2a: Charizard|33/100
|move|p2b: Archaludon|Dragon Pulse|p1a: Big Stapler
|-damage|p1a: Big Stapler|7/100
|-ability|p1a: Big Stapler|Stamina|boost
|-boost|p1a: Big Stapler|def|1
|
|-weather|SunnyDay|[upkeep]
|-heal|p1a: Big Stapler|13/100|[from] item: Leftovers
|-heal|p2b: Archaludon|53/100|[from] item: Leftovers
|upkeep
|turn|8
|inactive|Delacruso has 30 seconds left.
|inactive|Delacruso has 20 seconds left.
|inactive|Delacruso has 15 seconds left.
|
|t:|1784831876
|switch|p2a: Grimmsnarl|Grimmsnarl, L50, M, shiny|33/100
|switch|p1a: FEED ME|Pelipper, L50, F|92/100
|-weather|RainDance|[from] ability: Drizzle|[of] p1a: FEED ME
|move|p2b: Archaludon|Protect|p2b: Archaludon
|-singleturn|p2b: Archaludon|Protect
|move|p1b: Big Yoshi|Earth Power|p2b: Archaludon
|-activate|p2b: Archaludon|move: Protect
|
|-weather|RainDance|[upkeep]
|-heal|p2b: Archaludon|59/100|[from] item: Leftovers
|-sideend|p1: Herdier1590|move: Light Screen
|-sideend|p2: Delacruso|move: Light Screen
|upkeep
|turn|9
|inactive|Delacruso has 30 seconds left.
|inactive|Herdier1590 has 30 seconds left.
|
|t:|1784831909
|move|p2a: Grimmsnarl|Light Screen|p2a: Grimmsnarl
|-sidestart|p2: Delacruso|move: Light Screen
|move|p1b: Big Yoshi|Earth Power|p2b: Archaludon
|-supereffective|p2b: Archaludon|1
|-damage|p2b: Archaludon|20/100y
|-ability|p2b: Archaludon|Stamina|boost
|-boost|p2b: Archaludon|def|1
|move|p2b: Archaludon|Electro Shot||[still]
|-prepare|p2b: Archaludon|Electro Shot
|-boost|p2b: Archaludon|spa|1
|-anim|p2b: Archaludon|Electro Shot|p1a: FEED ME
|-supereffective|p1a: FEED ME|2
|-damage|p1a: FEED ME|0 fnt
|faint|p1a: FEED ME
|
|-weather|RainDance|[upkeep]
|-heal|p2b: Archaludon|26/100|[from] item: Leftovers
|upkeep
|
|t:|1784831921
|switch|p1a: Gremlin|Grimmsnarl, L50, M|36/100
|turn|10
|
|t:|1784831936
|move|p2b: Archaludon|Protect|p2b: Archaludon
|-singleturn|p2b: Archaludon|Protect
|move|p1a: Gremlin|Light Screen|p1a: Gremlin
|-sidestart|p1: Herdier1590|move: Light Screen
|move|p1b: Big Yoshi|Sludge Bomb|p2a: Grimmsnarl
|-supereffective|p2a: Grimmsnarl|1
|-damage|p2a: Grimmsnarl|0 fnt
|faint|p2a: Grimmsnarl
|
|-weather|RainDance|[upkeep]
|-heal|p2b: Archaludon|32/100|[from] item: Leftovers
|upkeep
|
|t:|1784831946
|switch|p2a: Charizard|Charizard-Mega-Y, L50, M, shiny|33/100
|-weather|SunnyDay|[from] ability: Drought|[of] p2a: Charizard
|turn|11
|
|t:|1784831969
|move|p1a: Gremlin|Parting Shot|p2a: Charizard
|-unboost|p2a: Charizard|atk|1
|-unboost|p2a: Charizard|spa|1
|
|t:|1784831972
|switch|p1a: Big Stapler|Archaludon, L50, M|13/100|[from] Parting Shot
|move|p2a: Charizard|Heat Wave|p1a: Big Stapler|[spread] p1a,p1b
|-supereffective|p1b: Big Yoshi|1
|-damage|p1a: Big Stapler|0 fnt
|-damage|p1b: Big Yoshi|21/100
|faint|p1a: Big Stapler
|move|p1b: Big Yoshi|Earth Power|p2b: Archaludon
|-supereffective|p2b: Archaludon|1
|-damage|p2b: Archaludon|0 fnt
|faint|p2b: Archaludon
|
|-weather|SunnyDay|[upkeep]
|upkeep
|
|t:|1784831983
|switch|p1a: Gremlin|Grimmsnarl, L50, M|36/100
|switch|p2b: Pelipper|Pelipper, L50, M|100/100
|-weather|RainDance|[from] ability: Drizzle|[of] p2b: Pelipper
|turn|12
|
|t:|1784832000
|move|p1a: Gremlin|Parting Shot|p2b: Pelipper
|-unboost|p2b: Pelipper|atk|1
|-unboost|p2b: Pelipper|spa|1
|move|p2a: Charizard|Weather Ball|p1a: Gremlin
|-damage|p1a: Gremlin|13/100
|move|p1b: Big Yoshi|Giga Drain|p2b: Pelipper
|-damage|p2b: Pelipper|58/100
|-heal|p1b: Big Yoshi|37/100|[from] drain|[of] p2b: Pelipper
|move|p2b: Pelipper|Hurricane|p1b: Big Yoshi
|-supereffective|p1b: Big Yoshi|1
|-damage|p1b: Big Yoshi|0 fnt
|faint|p1b: Big Yoshi
|
|-weather|RainDance|[upkeep]
|upkeep
|turn|13
|inactive|Delacruso has 30 seconds left.
|
|t:|1784832022
|move|p1a: Gremlin|Parting Shot|p2a: Charizard
|-unboost|p2a: Charizard|atk|1
|-unboost|p2a: Charizard|spa|1
|move|p2a: Charizard|Weather Ball|p1a: Gremlin
|-damage|p1a: Gremlin|0 fnt
|faint|p1a: Gremlin
|
|win|Delacruso
