|j|‽Timondolo2
|j|☆bleepbopboop
|html|Timondolo2bleepbopboop    
|uhtml|bestof|Game 2 of a best-of-3
|t:|1756506265
|gametype|doubles
|player|p1|Timondolo2|lucas|1030
|player|p2|bleepbopboop|ethan|1000
|gen|9
|tier|[Gen 9] VGC 2025 Reg H (Bo3)
|rated|
|rule|Species Clause: Limit one of each Pokémon
|rule|Item Clause: Limit 1 of each item
|clearpoke
|poke|p1|Arcanine, L50, F|
|poke|p1|Ninetales-Alola, L50, F|
|poke|p1|Gholdengo, L50|
|poke|p1|Dragonite, L50, M|
|poke|p1|Primarina, L50, F|
|poke|p1|Decidueye-Hisui, L50, M|
|poke|p2|Kingambit, L50, F|
|poke|p2|Garchomp, L50, F|
|poke|p2|Dragonite, L50, M|
|poke|p2|Typhlosion-Hisui, L50, M|
|poke|p2|Jumpluff, L50, F|
|poke|p2|Torkoal, L50, M|
|teampreview|4
|showteam|p1|Arcanine||MirrorHerb|Intimidate|FlareBlitz,ExtremeSpeed,WillOWisp,Protect|||F|||50|,,,,,Normal]Ninetales-Alola||FocusSash|SnowWarning|AuroraVeil,Blizzard,IcyWind,Protect|||F|||50|,,,,,Ghost]Gholdengo||Leftovers|GoodasGold|MakeItRain,ShadowBall,NastyPlot,Protect||||||50|,,,,,Water]Dragonite||LoadedDice|Multiscale|ScaleShot,ExtremeSpeed,Tailwind,Protect|||M|||50|,,,,,Steel]Primarina||ChoiceSpecs|LiquidVoice|HyperVoice,Moonblast,DazzlingGleam,Haze|||F|||50|,,,,,Poison]Decidueye-Hisui||AssaultVest|Scrappy|TripleArrows,LeafBlade,BraveBird,Uturn|||M|||50|,,,,,Ghost
|showteam|p2|Kingambit||AssaultVest|Defiant|IronHead,SuckerPunch,Assurance,LowKick|||F|||50|,,,,,Flying]Garchomp||LifeOrb|RoughSkin|DragonClaw,StompingTantrum,Earthquake,Protect|||F|||50|,,,,,Fire]Dragonite||LoadedDice|Multiscale|ScaleShot,ExtremeSpeed,IceSpinner,Protect|||M|||50|,,,,,Fairy]Typhlosion-Hisui||ChoiceSpecs|Blaze|Eruption,HeatWave,ShadowBall,Overheat|||M|||50|,,,,,Fire]Jumpluff||CovertCloak|Chlorophyll|LeafStorm,SleepPowder,Encore,Tailwind|||F|||50|,,,,,Poison]Torkoal||EjectPack|Drought|Overheat,BurningJealousy,HelpingHand,Protect|||M|||50|,,,,,Flying
|inactive|Battle timer is ON: inactive players will automatically lose when time's up. (requested by bleepbopboop)
|inactive|Timondolo2 has 60 seconds left.
|
|t:|1756506307
|teamsize|p1|4
|teamsize|p2|4
|start
|switch|p1a: Gholdengo|Gholdengo, L50|100/100
|switch|p1b: Dragonite|Dragonite, L50, M, shiny|100/100
|switch|p2a: Jumpluff|Jumpluff, L50, F, shiny|100/100
|switch|p2b: Torkoal|Torkoal, L50, M, shiny|100/100
|-weather|SunnyDay|[from] ability: Drought|[of] p2b: Torkoal
|turn|1
|
|t:|1756506327
|switch|p1b: Arcanine|Arcanine, L50, F, shiny|100/100
|-ability|p1b: Arcanine|Intimidate|boost
|-unboost|p2a: Jumpluff|atk|1
|-unboost|p2b: Torkoal|atk|1
|-enditem|p2b: Torkoal|Eject Pack
|
|t:|1756506332
|switch|p2b: Typhlosion|Typhlosion-Hisui, L50, M, shiny|100/100
|move|p2a: Jumpluff|Tailwind|p2a: Jumpluff
|-sidestart|p2: bleepbopboop|move: Tailwind
|move|p1a: Gholdengo|Make It Rain|p2a: Jumpluff|[spread] p2a,p2b
|-resisted|p2b: Typhlosion
|-damage|p2a: Jumpluff|49/100
|-damage|p2b: Typhlosion|70/100
|-unboost|p1a: Gholdengo|spa|1
|
|-weather|SunnyDay|[upkeep]
|upkeep
|turn|2
|inactive|Timondolo2 has 30 seconds left.
|
|t:|1756506366
|-terastallize|p2b: Typhlosion|Fire
|-terastallize|p1a: Gholdengo|Water
|move|p1b: Arcanine|Extreme Speed|p2b: Typhlosion
|-damage|p2b: Typhlosion|35/100
|move|p2a: Jumpluff|Sleep Powder|p1b: Arcanine
|-status|p1b: Arcanine|slp|[from] move: Sleep Powder
|move|p2b: Typhlosion|Eruption|p1a: Gholdengo|[spread] p1a,p1b
|-resisted|p1a: Gholdengo
|-resisted|p1b: Arcanine
|-damage|p1a: Gholdengo|75/100
|-damage|p1b: Arcanine|65/100 slp
|move|p1a: Gholdengo|Shadow Ball|p2b: Typhlosion
|-damage|p2b: Typhlosion|0 fnt
|faint|p2b: Typhlosion
|
|-weather|SunnyDay|[upkeep]
|-heal|p1a: Gholdengo|81/100|[from] item: Leftovers
|upkeep
|inactive|bleepbopboop has 30 seconds left.
|inactive|bleepbopboop has 20 seconds left.
|inactive|bleepbopboop has 15 seconds left.
|
|t:|1756506406
|switch|p2b: Torkoal|Torkoal, L50, M, shiny|100/100
|turn|3
|
|t:|1756506425
|move|p2a: Jumpluff|Leaf Storm|p1a: Gholdengo
|-supereffective|p1a: Gholdengo
|-damage|p1a: Gholdengo|19/100
|-unboost|p2a: Jumpluff|spa|2
|cant|p1b: Arcanine|slp
|move|p1a: Gholdengo|Shadow Ball|p2b: Torkoal
|-damage|p2b: Torkoal|66/100
|move|p2b: Torkoal|Burning Jealousy|p1a: Gholdengo|[spread] p1a,p1b
|-resisted|p1a: Gholdengo
|-resisted|p1b: Arcanine
|-damage|p1a: Gholdengo|5/100
|-damage|p1b: Arcanine|47/100 slp
|
|-weather|SunnyDay|[upkeep]
|-heal|p1a: Gholdengo|11/100|[from] item: Leftovers
|upkeep
|turn|4
|inactive|bleepbopboop has 30 seconds left.
|
|t:|1756506452
|switch|p2b: Dragonite|Dragonite, L50, M, shiny|100/100
|move|p1a: Gholdengo|Protect|p1a: Gholdengo
|-singleturn|p1a: Gholdengo|Protect
|move|p2a: Jumpluff|Leaf Storm|p1a: Gholdengo
|-activate|p1a: Gholdengo|move: Protect
|cant|p1b: Arcanine|slp
|
|-weather|SunnyDay|[upkeep]
|-heal|p1a: Gholdengo|17/100|[from] item: Leftovers
|-sideend|p2: bleepbopboop|move: Tailwind
|upkeep
|turn|5
|
|t:|1756506472
|move|p2a: Jumpluff|Leaf Storm|p1a: Gholdengo
|-supereffective|p1a: Gholdengo
|-damage|p1a: Gholdengo|0 fnt
|-unboost|p2a: Jumpluff|spa|2
|faint|p1a: Gholdengo
|-curestatus|p1b: Arcanine|slp|[msg]
|move|p1b: Arcanine|Will-O-Wisp|p2b: Dragonite
|-status|p2b: Dragonite|brn
|move|p2b: Dragonite|Scale Shot|p1b: Arcanine
|-damage|p1b: Arcanine|38/100
|-crit|p1b: Arcanine
|-damage|p1b: Arcanine|26/100
|-damage|p1b: Arcanine|17/100
|-damage|p1b: Arcanine|7/100
|-hitcount|p1b: Arcanine|4
|-unboost|p2b: Dragonite|def|1
|-boost|p2b: Dragonite|spe|1
|-enditem|p1b: Arcanine|Mirror Herb
|-boost|p1b: Arcanine|spe|1|[from] item: Mirror Herb
|
|-weather|none
|-damage|p2b: Dragonite|95/100 brn|[from] brn
|upkeep
|inactive|Timondolo2 has 30 seconds left.
|
|t:|1756506501
|switch|p1a: Primarina|Primarina, L50, F, shiny|100/100
|turn|6
|inactive|bleepbopboop has 30 seconds left.
|inactive|bleepbopboop has 20 seconds left.
|inactive|Timondolo2 has 30 seconds left.
|inactive|bleepbopboop has 15 seconds left.
|inactive|bleepbopboop has 10 seconds left.
|inactive|bleepbopboop has 5 seconds left.
|
|t:|1756506556
|move|p1b: Arcanine|Flare Blitz|p2a: Jumpluff
|-supereffective|p2a: Jumpluff
|-damage|p2a: Jumpluff|0 fnt
|faint|p2a: Jumpluff
|-damage|p1b: Arcanine|0 fnt|[from] Recoil
|faint|p1b: Arcanine
|move|p2b: Dragonite|Scale Shot|p1a: Primarina
|-immune|p1a: Primarina
|move|p1a: Primarina|Moonblast|p2b: Dragonite
|-supereffective|p2b: Dragonite
|-damage|p2b: Dragonite|0 fnt
|faint|p2b: Dragonite
|
|upkeep
|
|t:|1756506574
|switch|p2a: Torkoal|Torkoal, L50, M, shiny|66/100
|switch|p1b: Dragonite|Dragonite, L50, M, shiny|100/100
|-weather|SunnyDay|[from] ability: Drought|[of] p2a: Torkoal
|turn|7
|inactive|bleepbopboop has 30 seconds left.
|
|t:|1756506605
|move|p1b: Dragonite|Scale Shot|p2a: Torkoal
|-damage|p2a: Torkoal|57/100
|-damage|p2a: Torkoal|46/100
|-damage|p2a: Torkoal|36/100
|-damage|p2a: Torkoal|26/100
|-hitcount|p2a: Torkoal|4
|-unboost|p1b: Dragonite|def|1
|-boost|p1b: Dragonite|spe|1
|move|p1a: Primarina|Moonblast|p2a: Torkoal
|-resisted|p2a: Torkoal
|-damage|p2a: Torkoal|0 fnt
|faint|p2a: Torkoal
|
|win|Timondolo2
|inactive|Timondolo2 has 30 seconds to confirm battle start!
|inactive|bleepbopboop has 30 seconds to confirm battle start!
