|j|☆VenuDaAscoInRain
|j|☆lalalaing
|html|VenuDaAscoInRainlalalaing    
|uhtml|bestof|Game 3 of a best-of-3
|t:|1783294159
|gametype|doubles
|player|p1|VenuDaAscoInRain|li|1314
|player|p2|lalalaing|chili|1447
|gen|9
|tier|[Gen 9 Champions] VGC 2026 Reg M-B (Bo3)
|rated|
|rule|Species Clause: Limit one of each Pokémon
|rule|Item Clause: Limit 1 of each item
|clearpoke
|poke|p1|Kingambit, L50, M, shiny|
|poke|p1|Charizard, L50, M, shiny|
|poke|p1|Floette-Eternal, L50, F|
|poke|p1|Whimsicott, L50, F|
|poke|p1|Garchomp, L50, F, shiny|
|poke|p1|Basculegion, L50, M|
|poke|p2|Charizard, L50, M|
|poke|p2|Raichu, L50, M|
|poke|p2|Sneasler, L50, F|
|poke|p2|Whimsicott, L50, F|
|poke|p2|Kingambit, L50, M|
|poke|p2|Milotic, L50, F|
|teampreview|4
|showteam|p1|Kingambit||ChopleBerry|Defiant|KowtowCleave,LowKick,SuckerPunch,Protect|Adamant||M|||50|]Charizard||CharizarditeY|SolarPower|HeatWave,WeatherBall,SolarBeam,Protect|Modest||M|||50|]Floette-Eternal||Floettite|FlowerVeil|Moonblast,DazzlingGleam,LightofRuin,Protect|Timid||F|||50|]Whimsicott||FocusSash|Prankster|Moonblast,Tailwind,Encore,Protect|Timid||F|||50|]Garchomp||LifeOrb|RoughSkin|Earthquake,DragonClaw,RockSlide,Protect|Jolly||F|||50|]Basculegion||MysticWater|Adaptability|WaveCrash,AquaJet,LastRespects,Protect|Adamant||M|||50|
|showteam|p2|Charizard||CharizarditeX|Blaze|FlareBlitz,DragonClaw,DragonDance,Protect|Adamant||M|||50|]Raichu||RaichuniteY|LightningRod|ZapCannon,FocusBlast,FakeOut,Protect|Timid||M|||50|]Sneasler||WhiteHerb|Unburden|DireClaw,CloseCombat,FakeOut,Protect|Adamant||F|||50|]Whimsicott||FocusSash|Prankster|Moonblast,Tailwind,Encore,Protect|Timid||F|||50|]Kingambit||BlackGlasses|Defiant|KowtowCleave,SuckerPunch,SwordsDance,Protect|Adamant||M|||50|]Milotic||Leftovers|Competitive|MuddyWater,Coil,Hypnosis,Protect|Bold||F|||50|
|inactive|Battle timer is ON: inactive players will automatically lose when time's up. (requested by VenuDaAscoInRain)
|
|t:|1783294171
|teamsize|p1|4
|teamsize|p2|4
|start
|switch|p1a: Charizard|Charizard, L50, M, shiny|100/100
|switch|p1b: Whimsicott|Whimsicott, L50, F|100/100
|switch|p2a: Kingambit|Kingambit, L50, M|100/100
|switch|p2b: Whimsicott|Whimsicott, L50, F|100/100
|turn|1
|
|t:|1783294184
|detailschange|p1a: Charizard|Charizard-Mega-Y, L50, M, shiny
|-mega|p1a: Charizard|Charizard|Charizardite Y
|-weather|SunnyDay|[from] ability: Drought|[of] p1a: Charizard
|move|p2b: Whimsicott|Protect|p2b: Whimsicott
|-singleturn|p2b: Whimsicott|Protect
|move|p1b: Whimsicott|Tailwind|p1b: Whimsicott
|-sidestart|p1: VenuDaAscoInRain|move: Tailwind
|move|p2a: Kingambit|Sucker Punch|p1a: Charizard
|-damage|p1a: Charizard|49/100
|move|p1a: Charizard|Heat Wave|p2b: Whimsicott|[spread] p2a
|-activate|p2b: Whimsicott|move: Protect
|-supereffective|p2a: Kingambit|1
|-damage|p2a: Kingambit|0 fnt
|faint|p2a: Kingambit
|
|-weather|SunnyDay|[upkeep]
|upkeep
|
|t:|1783294186
|switch|p2a: Raichu|Raichu, L50, M|100/100
|turn|2
|inactive|lalalaing has 30 seconds left.
|
|t:|1783294216
|switch|p2b: Sneasler|Sneasler, L50, F|100/100
|detailschange|p2a: Raichu|Raichu-Mega-Y, L50, M
|-mega|p2a: Raichu|Raichu|Raichunite Y
|move|p2a: Raichu|Fake Out|p1a: Charizard
|-damage|p1a: Charizard|39/100
|move|p1b: Whimsicott|Encore||[still]
|-fail|p1b: Whimsicott
|cant|p1a: Charizard|flinch
|
|-weather|SunnyDay|[upkeep]
|upkeep
|turn|3
|
|t:|1783294228
|switch|p2a: Whimsicott|Whimsicott, L50, F|100/100
|move|p2b: Sneasler|Fake Out|p1a: Charizard
|-crit|p1a: Charizard
|-damage|p1a: Charizard|11/100
|move|p1b: Whimsicott|Encore||[still]
|-fail|p1b: Whimsicott
|cant|p1a: Charizard|flinch
|
|-weather|SunnyDay|[upkeep]
|upkeep
|turn|4
|
|t:|1783294249
|move|p1b: Whimsicott|Encore|p2b: Sneasler
|-start|p2b: Sneasler|Encore
|move|p2b: Sneasler|Fake Out||[still]
|-hint|Fake Out only works on your first turn out.
|-fail|p2b: Sneasler
|move|p2a: Whimsicott|Tailwind|p2a: Whimsicott
|-sidestart|p2: lalalaing|move: Tailwind
|move|p1a: Charizard|Heat Wave|p2a: Whimsicott|[spread] p2a
|-miss|p1a: Charizard|p2b: Sneasler
|-supereffective|p2a: Whimsicott|1
|-enditem|p2a: Whimsicott|Focus Sash
|-damage|p2a: Whimsicott|1/100
|-status|p2a: Whimsicott|brn
|
|-weather|SunnyDay|[upkeep]
|-damage|p2a: Whimsicott|0 fnt|[from] brn
|faint|p2a: Whimsicott
|-sideend|p1: VenuDaAscoInRain|move: Tailwind
|upkeep
|
|t:|1783294251
|switch|p2a: Raichu|Raichu-Mega-Y, L50, M|100/100
|turn|5
|
|t:|1783294261
|move|p1b: Whimsicott|Tailwind|p1b: Whimsicott
|-sidestart|p1: VenuDaAscoInRain|move: Tailwind
|move|p2a: Raichu|Focus Blast|p1a: Charizard
|-resisted|p1a: Charizard|1
|-damage|p1a: Charizard|0 fnt
|faint|p1a: Charizard
|-activate|p2b: Sneasler|move: Struggle
|move|p2b: Sneasler|Struggle|p1b: Whimsicott
|-damage|p1b: Whimsicott|71/100
|-damage|p2b: Sneasler|74/100|[from] recoil
|
|-weather|none
|upkeep
|
|t:|1783294269
|switch|p1a: Kingambit|Kingambit, L50, M, shiny|100/100
|turn|6
|-message|lalalaing forfeited.
|raw|VenuDaAscoInRain's rating: 1291 → 1327(+36 for winning)
|raw|lalalaing's rating: 1447 → 1419(-28 for losing)
|
|win|VenuDaAscoInRain
