|j|☆Mundeivid
|j|☆panadero_fuego
|html|Mundeividpanadero_fuego    
|uhtml|bestof|Game 2 of a best-of-3
|t:|1785163602
|gametype|doubles
|player|p1|Mundeivid|benga|
|player|p2|panadero_fuego|101|
|gen|9
|tier|[Gen 9 Champions] VGC 2026 Reg M-B (Bo3)
|rule|Species Clause: Limit one of each Pokémon
|rule|Item Clause: Limit 1 of each item
|clearpoke
|poke|p1|Garchomp, L50, F|
|poke|p1|Hydreigon, L50, M|
|poke|p1|Blastoise, L50, F|
|poke|p1|Metagross, L50|
|poke|p1|Meowstic, L50, M|
|poke|p1|Glimmora, L50, F|
|poke|p2|Vivillon-Sandstorm, L50, F|
|poke|p2|Farigiraf, L50, F|
|poke|p2|Staraptor, L50, M|
|poke|p2|Pyroar, L50, F|
|poke|p2|Torkoal, L50, M|
|poke|p2|Lycanroc-Dusk, L50, M|
|teampreview|4
|showteam|p1|Garchomp||LifeOrb|RoughSkin|Earthquake,DragonClaw,RockSlide,Protect|Jolly||F|||50|]Hydreigon||RoseliBerry|Levitate|DracoMeteor,DarkPulse,HeatWave,Tailwind|Timid||M|||50|]Blastoise||Blastoisinite|RainDish|WaterSpout,IceBeam,ShellSmash,Protect|Modest||F|||50|]Metagross||ChoiceScarf|ClearBody|IronHead,PsychicFangs,IcePunch,RockSlide|Jolly|||||50|]Meowstic||SitrusBerry|Prankster|FakeOut,RainDance,ThunderWave,FakeTears|Careful||M|||50|]Glimmora||Glimmoranite|ToxicDebris|PowerGem,SludgeWave,SpikyShield,EarthPower|Timid||F|||50|
|showteam|p2|Vivillon-Sandstorm||FocusSash|CompoundEyes|Tailwind,SunnyDay,SleepPowder,RagePowder|Timid||F|||50|]Farigiraf||SitrusBerry|ArmorTail|Psychic,DazzlingGleam,HelpingHand,Protect|Bold||F|||50|]Staraptor||Staraptite|Intimidate|CloseCombat,BraveBird,DualWingbeat,Protect|Jolly||M|||50|]Pyroar||Pyroarite|Unnerve|HeatWave,Flamethrower,Overheat,Protect|Modest||F|||50|]Torkoal||HeatRock|Drought|Yawn,ScorchingSands,HelpingHand,Protect|Bold||M|||50|]Lycanroc-Dusk||ChoiceScarf|ToughClaws|Accelerock,RockSlide,CloseCombat,StompingTantrum|Adamant||M|||50|
|inactive|Battle timer is ON: inactive players will automatically lose when time's up. (requested by panadero_fuego)
|inactive|panadero_fuego has 60 seconds left.
|
|t:|1785163656
|teamsize|p1|4
|teamsize|p2|4
|start
|switch|p1a: Garchomp|Garchomp, L50, F|100/100
|switch|p1b: Metagross|Metagross, L50|100/100
|switch|p2a: Vivillon|Vivillon-Sandstorm, L50, F|100/100
|switch|p2b: Staraptor|Staraptor, L50, M|100/100
|-ability|p2b: Staraptor|Intimidate|boost
|-unboost|p1a: Garchomp|atk|1
|-fail|p1b: Metagross|unboost|[from] ability: Clear Body|[of] p1b: Metagross
|turn|1
|inactive|panadero_fuego has 30 seconds left.
|
|t:|1785163681
|move|p2b: Staraptor|Protect|p2b: Staraptor
|-singleturn|p2b: Staraptor|Protect
|move|p1b: Metagross|Psychic Fangs|p2b: Staraptor
|-activate|p2b: Staraptor|move: Protect
|move|p1a: Garchomp|Rock Slide|p2b: Staraptor|[spread] p2a
|-activate|p2b: Staraptor|move: Protect
|-supereffective|p2a: Vivillon|2
|-enditem|p2a: Vivillon|Focus Sash
|-damage|p2a: Vivillon|1/100
|-damage|p1a: Garchomp|90/100|[from] item: Life Orb
|move|p2a: Vivillon|Tailwind|p2a: Vivillon
|-sidestart|p2: panadero_fuego|move: Tailwind
|
|upkeep
|turn|2
|
|t:|1785163706
|detailschange|p2b: Staraptor|Staraptor-Mega, L50, M
|-mega|p2b: Staraptor|Staraptor|Staraptite
|move|p2b: Staraptor|Close Combat|p1b: Metagross
|-damage|p1b: Metagross|36/100
|-boost|p2b: Staraptor|def|1
|-boost|p2b: Staraptor|spd|1
|move|p2a: Vivillon|Sleep Powder|p1a: Garchomp
|-status|p1a: Garchomp|slp|[from] move: Sleep Powder
|move|p1b: Metagross|Psychic Fangs|p2b: Staraptor
|-supereffective|p2b: Staraptor|1
|-damage|p2b: Staraptor|31/100
|cant|p1a: Garchomp|slp
|
|upkeep
|turn|3
|inactive|Mundeivid has 30 seconds left.
|
|t:|1785163731
|switch|p1a: Blastoise|Blastoise, L50, F|100/100
|move|p2b: Staraptor|Close Combat|p1b: Metagross
|-damage|p1b: Metagross|0 fnt
|-boost|p2b: Staraptor|def|1
|-boost|p2b: Staraptor|spd|1
|faint|p1b: Metagross
|move|p2a: Vivillon|Sleep Powder|p1a: Blastoise
|-status|p1a: Blastoise|slp|[from] move: Sleep Powder
|
|upkeep
|
|t:|1785163755
|switch|p1b: Garchomp|Garchomp, L50, F|90/100 slp
|turn|4
|
|t:|1785163771
|detailschange|p1a: Blastoise|Blastoise-Mega, L50, F
|-mega|p1a: Blastoise|Blastoise|Blastoisinite
|move|p2a: Vivillon|Rage Powder|p2a: Vivillon
|-singleturn|p2a: Vivillon|move: Rage Powder
|move|p2b: Staraptor|Close Combat|p1a: Blastoise
|-damage|p1a: Blastoise|36/100 slp
|-boost|p2b: Staraptor|def|1
|-boost|p2b: Staraptor|spd|1
|cant|p1b: Garchomp|slp
|cant|p1a: Blastoise|slp
|
|-sideend|p2: panadero_fuego|move: Tailwind
|upkeep
|turn|5
|
|t:|1785163785
|move|p2b: Staraptor|Close Combat|p1a: Blastoise
|-damage|p1a: Blastoise|0 fnt
|-boost|p2b: Staraptor|def|1
|-boost|p2b: Staraptor|spd|1
|faint|p1a: Blastoise
|-curestatus|p1b: Garchomp|slp|[msg]
|move|p1b: Garchomp|Rock Slide|p2b: Staraptor|[spread] p2a,p2b
|-supereffective|p2a: Vivillon|2
|-damage|p2a: Vivillon|0 fnt
|-damage|p2b: Staraptor|21/100
|faint|p2a: Vivillon
|-damage|p1b: Garchomp|80/100|[from] item: Life Orb
|
|upkeep
|
|t:|1785163809
|switch|p2a: Farigiraf|Farigiraf, L50, F|100/100
|switch|p1a: Hydreigon|Hydreigon, L50, M|100/100
|turn|6
|
|t:|1785163822
|move|p2b: Staraptor|Close Combat|p1a: Hydreigon
|-supereffective|p1a: Hydreigon|1
|-damage|p1a: Hydreigon|0 fnt
|-boost|p2b: Staraptor|def|1
|-boost|p2b: Staraptor|spd|1
|faint|p1a: Hydreigon
|move|p1b: Garchomp|Rock Slide|p2a: Farigiraf|[spread] p2a,p2b
|-crit|p2a: Farigiraf
|-damage|p2a: Farigiraf|69/100
|-damage|p2b: Staraptor|13/100
|-damage|p1b: Garchomp|70/100|[from] item: Life Orb
|cant|p2a: Farigiraf|flinch
|
|upkeep
|turn|7
|
|t:|1785163835
|move|p2b: Staraptor|Close Combat|p1b: Garchomp
|-crit|p1b: Garchomp
|-damage|p1b: Garchomp|0 fnt
|-boost|p2b: Staraptor|def|1
|-boost|p2b: Staraptor|spd|1
|-damage|p2b: Staraptor|1/100|[from] ability: Rough Skin|[of] p1b: Garchomp
|faint|p1b: Garchomp
|
|win|panadero_fuego
|l|☆panadero_fuego
|player|p2|
|l|☆Mundeivid
|player|p1|
|j|☆panadero_fuego
|player|p2|panadero_fuego|101|
