|j|☆tedidn
|j|☆grok is this real
|html|tedidngrok is this real    
|uhtml|bestof|Game 2 of a best-of-3
|t:|1782442181
|gametype|doubles
|player|p1|tedidn|marshal|
|player|p2|grok is this real|lady|
|gen|9
|tier|[Gen 9 Champions] VGC 2026 Reg M-B (Bo3)
|rule|Species Clause: Limit one of each Pokémon
|rule|Item Clause: Limit 1 of each item
|clearpoke
|poke|p1|Kangaskhan, L50, F|
|poke|p1|Farigiraf, L50, M|
|poke|p1|Torkoal, L50, M|
|poke|p1|Mawile, L50, M|
|poke|p1|Scovillain, L50, F|
|poke|p1|Basculegion, L50, M|
|poke|p2|Floette-Eternal, L50, F|
|poke|p2|Ceruledge, L50, F|
|poke|p2|Staraptor, L50, M|
|poke|p2|Milotic, L50, M, shiny|
|poke|p2|Incineroar, L50, M|
|poke|p2|Sinistcha, L50|
|teampreview|4
|showteam|p1|Kangaskhan||SilkScarf|Scrappy|LastResort,FakeOut|Brave||F|||50|]Farigiraf||SitrusBerry|ArmorTail|TwinBeam,TrickRoom,SunnyDay,Thunderbolt|Relaxed||M|||50|]Torkoal||Charcoal|Drought|Eruption,HeatWave,WeatherBall,Protect|Quiet||M|||50|]Mawile||Mawilite|HyperCutter|PlayRough,IronHead,SuckerPunch,SwordsDance|Brave||M|||50|]Scovillain||Scovillainite|Chlorophyll|Overheat,SolarBeam,RagePowder,Protect|Quiet||F|||50|]Basculegion||FocusSash|Adaptability|Liquidation,AquaJet,LastRespects,Protect|Adamant||M|||50|
|showteam|p2|Floette-Eternal||Floettite|FlowerVeil|DazzlingGleam,DrainingKiss,CalmMind,Protect|Timid||F|||50|]Ceruledge||ColburBerry|FlashFire|BitterBlade,ShadowSneak,BulkUp,Protect|Adamant||F|||50|]Staraptor||Staraptite|Intimidate|BraveBird,CloseCombat,Tailwind,Protect|Jolly||M|||50|]Milotic||Leftovers|Competitive|MuddyWater,Hypnosis,Coil,Protect|Modest||M|||50|]Incineroar||PasshoBerry|Intimidate|FakeOut,ThroatChop,FlareBlitz,PartingShot|Impish||M|||50|]Sinistcha||SitrusBerry|Hospitality|RagePowder,MatchaGotcha,LifeDew,Protect|Calm|||||50|
|inactive|Battle timer is ON: inactive players will automatically lose when time's up. (requested by tedidn)
|j| coolguy14604
|j| TemporalDonut
|j| the crimson wooper
|
|t:|1782442206
|teamsize|p1|4
|teamsize|p2|4
|start
|switch|p1a: Kangaskhan|Kangaskhan, L50, F|100/100
|switch|p1b: Basculegion|Basculegion, L50, M|100/100
|switch|p2a: Milotic|Milotic, L50, M, shiny|100/100
|switch|p2b: Incineroar|Incineroar, L50, M|100/100
|-ability|p2b: Incineroar|Intimidate|boost
|-fail|p1a: Kangaskhan|unboost|Attack|[from] ability: Scrappy|[of] p1a: Kangaskhan
|-unboost|p1b: Basculegion|atk|1
|turn|1
|
|t:|1782442220
|switch|p1b: Mawile|Mawile, L50, M|100/100
|move|p1a: Kangaskhan|Fake Out|p2b: Incineroar
|-damage|p2b: Incineroar|81/100
|move|p2a: Milotic|Coil|p2a: Milotic
|-boost|p2a: Milotic|atk|1
|-boost|p2a: Milotic|def|1
|-boost|p2a: Milotic|accuracy|1
|cant|p2b: Incineroar|flinch
|
|upkeep
|turn|2
|
|t:|1782442244
|detailschange|p1b: Mawile|Mawile-Mega, L50, M
|-mega|p1b: Mawile|Mawile|Mawilite
|move|p2a: Milotic|Hypnosis|p1b: Mawile|[miss]
|-miss|p2a: Milotic|p1b: Mawile
|move|p1a: Kangaskhan|Last Resort|p2b: Incineroar
|-damage|p2b: Incineroar|15/100
|move|p2b: Incineroar|Parting Shot|p1a: Kangaskhan
|-unboost|p1a: Kangaskhan|atk|1
|-unboost|p1a: Kangaskhan|spa|1
|
|t:|1782442249
|switch|p2b: Ceruledge|Ceruledge, L50, F|100/100|[from] Parting Shot
|move|p1b: Mawile|Swords Dance|p1b: Mawile
|-boost|p1b: Mawile|atk|2
|
|upkeep
|turn|3
|
|t:|1782442258
|switch|p1a: Basculegion|Basculegion, L50, M|100/100
|move|p2b: Ceruledge|Bulk Up|p2b: Ceruledge
|-boost|p2b: Ceruledge|atk|1
|-boost|p2b: Ceruledge|def|1
|move|p2a: Milotic|Hypnosis|p1b: Mawile
|-status|p1b: Mawile|slp|[from] move: Hypnosis
|cant|p1b: Mawile|slp
|
|upkeep
|turn|4
|
|t:|1782442268
|move|p2b: Ceruledge|Shadow Sneak|p1a: Basculegion
|-supereffective|p1a: Basculegion|1
|-damage|p1a: Basculegion|22/100
|move|p1a: Basculegion|Liquidation|p2b: Ceruledge
|-supereffective|p2b: Ceruledge|1
|-damage|p2b: Ceruledge|27/100
|move|p2a: Milotic|Muddy Water|p1a: Basculegion|[spread] p1a,p1b
|-resisted|p1a: Basculegion|1
|-damage|p1a: Basculegion|6/100
|-damage|p1b: Mawile|66/100 slp
|cant|p1b: Mawile|slp
|
|upkeep
|turn|5
|j|+Aldrich
|
|t:|1782442283
|move|p2b: Ceruledge|Protect|p2b: Ceruledge
|-singleturn|p2b: Ceruledge|Protect
|move|p1a: Basculegion|Aqua Jet|p2b: Ceruledge
|-activate|p2b: Ceruledge|move: Protect
|move|p2a: Milotic|Muddy Water|p1a: Basculegion|[spread] p1a,p1b
|-resisted|p1a: Basculegion|1
|-damage|p1a: Basculegion|0 fnt
|-damage|p1b: Mawile|35/100 slp
|faint|p1a: Basculegion
|-curestatus|p1b: Mawile|slp|[msg]
|move|p1b: Mawile|Play Rough|p2a: Milotic
|-crit|p2a: Milotic
|-damage|p2a: Milotic|0 fnt
|faint|p2a: Milotic
|
|upkeep
|
|t:|1782442286
|switch|p1a: Kangaskhan|Kangaskhan, L50, F|100/100
|switch|p2a: Sinistcha|Sinistcha, L50|100/100
|-heal|p2b: Ceruledge|52/100|[from] ability: Hospitality|[of] p2a: Sinistcha
|turn|6
|
|t:|1782442293
|switch|p2a: Incineroar|Incineroar, L50, M|15/100
|-ability|p2a: Incineroar|Intimidate|boost
|-fail|p1a: Kangaskhan|unboost|Attack|[from] ability: Scrappy|[of] p1a: Kangaskhan
|-unboost|p1b: Mawile|atk|1
|move|p2b: Ceruledge|Protect|p2b: Ceruledge
|-singleturn|p2b: Ceruledge|Protect
|move|p1a: Kangaskhan|Fake Out|p2a: Incineroar
|-damage|p2a: Incineroar|0 fnt
|faint|p2a: Incineroar
|move|p1b: Mawile|Sucker Punch||[still]
|-fail|p1b: Mawile
|
|upkeep
|
|t:|1782442297
|switch|p2a: Sinistcha|Sinistcha, L50|100/100
|-heal|p2b: Ceruledge|77/100|[from] ability: Hospitality|[of] p2a: Sinistcha
|turn|7
|
|t:|1782442304
|switch|p1b: Farigiraf|Farigiraf, L50, M|100/100
|move|p2a: Sinistcha|Rage Powder|p2a: Sinistcha
|-singleturn|p2a: Sinistcha|move: Rage Powder
|move|p2b: Ceruledge|Bitter Blade|p1b: Farigiraf
|-damage|p1b: Farigiraf|52/100
|-heal|p2b: Ceruledge|100/100|[from] drain|[of] p1b: Farigiraf
|move|p1a: Kangaskhan|Last Resort|p2a: Sinistcha
|-damage|p2a: Sinistcha|30/100
|-enditem|p2a: Sinistcha|Sitrus Berry|[eat]
|-heal|p2a: Sinistcha|55/100|[from] item: Sitrus Berry
|
|upkeep
|turn|8
|
|t:|1782442315
|move|p2b: Ceruledge|Bulk Up|p2b: Ceruledge
|-boost|p2b: Ceruledge|atk|1
|-boost|p2b: Ceruledge|def|1
|move|p1a: Kangaskhan|Last Resort|p2a: Sinistcha
|-damage|p2a: Sinistcha|0 fnt
|faint|p2a: Sinistcha
|move|p1b: Farigiraf|Trick Room|p1b: Farigiraf
|-fieldstart|move: Trick Room|[of] p1b: Farigiraf
|
|upkeep
|turn|9
|
|t:|1782442324
|move|p1b: Farigiraf|Twin Beam|p2b: Ceruledge
|-damage|p2b: Ceruledge|84/100
|-damage|p2b: Ceruledge|68/100
|-hitcount|p2b: Ceruledge|2
|move|p1a: Kangaskhan|Last Resort|p2b: Ceruledge
|-damage|p2b: Ceruledge|33/100
|move|p2b: Ceruledge|Bitter Blade|p1a: Kangaskhan
|-damage|p1a: Kangaskhan|19/100
|-heal|p2b: Ceruledge|81/100|[from] drain|[of] p1a: Kangaskhan
|
|upkeep
|turn|10
|
|t:|1782442332
|move|p2b: Ceruledge|Protect|p2b: Ceruledge
|-singleturn|p2b: Ceruledge|Protect
|move|p1b: Farigiraf|Twin Beam|p2b: Ceruledge
|-activate|p2b: Ceruledge|move: Protect
|move|p1a: Kangaskhan|Last Resort|p2b: Ceruledge
|-activate|p2b: Ceruledge|move: Protect
|
|upkeep
|turn|11
|
|t:|1782442336
|move|p1b: Farigiraf|Twin Beam|p2b: Ceruledge
|-damage|p2b: Ceruledge|66/100
|-damage|p2b: Ceruledge|50/100g
|-hitcount|p2b: Ceruledge|2
|move|p1a: Kangaskhan|Last Resort|p2b: Ceruledge
|-damage|p2b: Ceruledge|10/100
|move|p2b: Ceruledge|Bitter Blade|p1b: Farigiraf
|-damage|p1b: Farigiraf|0 fnt
|-heal|p2b: Ceruledge|41/100|[from] drain|[of] p1b: Farigiraf
|faint|p1b: Farigiraf
|
|upkeep
|
|t:|1782442341
|switch|p1b: Mawile|Mawile-Mega, L50, M|35/100
|turn|12
|
|t:|1782442349
|move|p2b: Ceruledge|Shadow Sneak|p1b: Mawile
|-damage|p1b: Mawile|1/100
|move|p1b: Mawile|Swords Dance|p1b: Mawile
|-boost|p1b: Mawile|atk|2
|move|p1a: Kangaskhan|Last Resort|p2b: Ceruledge
|-damage|p2b: Ceruledge|5/100
|
|-fieldend|move: Trick Room
|upkeep
|turn|13
|
|t:|1782442356
|move|p2b: Ceruledge|Shadow Sneak|p1b: Mawile
|-damage|p1b: Mawile|0 fnt
|faint|p1b: Mawile
|move|p1a: Kangaskhan|Last Resort|p2b: Ceruledge
|-damage|p2b: Ceruledge|0 fnt
|faint|p2b: Ceruledge
|
|win|tedidn
||tedidn is ready for game 3.
||grok is this real is ready for game 3.
|uhtml|next|Next: Game 3 of 3
|j| thebigmacky
|l| the crimson wooper
|l| coolguy14604
|l|+Aldrich
|l|☆tedidn
|player|p1|
|l| TemporalDonut
