|j|☆raksbach
|j|☆i miss my miraidon
|html|raksbachi miss my miraidon    
|uhtml|bestof|Game 1 of a best-of-3
|t:|1784193941
|gametype|doubles
|player|p1|raksbach|266|1327
|player|p2|i miss my miraidon|170|1340
|gen|9
|tier|[Gen 9 Champions] VGC 2026 Reg M-B (Bo3)
|rated|
|rule|Species Clause: Limit one of each Pokémon
|rule|Item Clause: Limit 1 of each item
|clearpoke
|poke|p1|Incineroar, L50, F|
|poke|p1|Maushold, L50|
|poke|p1|Sinistcha, L50|
|poke|p1|Sneasler, L50, M|
|poke|p1|Blastoise, L50, F|
|poke|p1|Delphox, L50, M|
|poke|p2|Venusaur, L50, M|
|poke|p2|Arcanine-Hisui, L50, F|
|poke|p2|Dragonite, L50, F|
|poke|p2|Floette-Eternal, L50, F|
|poke|p2|Snorlax, L50, F|
|poke|p2|Basculegion, L50, M|
|teampreview|4
|showteam|p1|Incineroar||SitrusBerry|Intimidate|FakeOut,FlareBlitz,DarkestLariat,PartingShot|Impish||F|||50|]Maushold||ChopleBerry|FriendGuard|SuperFang,FollowMe,Protect,Feint|Impish|||||50|]Sinistcha||OccaBerry|Hospitality|MatchaGotcha,LifeDew,RagePowder,Protect|Bold|||||50|]Sneasler||FocusSash|PoisonTouch|FakeOut,CloseCombat,DireClaw,QuickGuard|Jolly||M|||50|]Blastoise||Blastoisinite|Torrent|WaterSpout,DarkPulse,ShellSmash,Protect|Modest||F|||50|]Delphox||Delphoxite|Blaze|HeatWave,Psychic,NastyPlot,Protect|Timid||M|||50|
|showteam|p2|Venusaur||Venusaurite|Overgrow|GigaDrain,SludgeBomb,EarthPower,Protect|Modest||M|||50|]Arcanine-Hisui||FocusSash|RockHead|FlareBlitz,ExtremeSpeed,HeadSmash,Protect|Adamant||F|||50|]Dragonite||LifeOrb|InnerFocus|DragonClaw,LowKick,ExtremeSpeed,Protect|Adamant||F|||50|]Floette-Eternal||Floettite|FlowerVeil|Moonblast,DazzlingGleam,LightofRuin,Protect|Timid||F|||50|]Snorlax||SitrusBerry|ThickFat|DoubleEdge,Yawn,Fissure,Protect|Impish||F|||50|]Basculegion||ChoiceScarf|Adaptability|LastRespects,WaveCrash,AquaJet,FlipTurn|Jolly||M|||50|
|inactive|Battle timer is ON: inactive players will automatically lose when time's up. (requested by raksbach)
|inactive|raksbach has 60 seconds left.
|
|t:|1784193997
|teamsize|p1|4
|teamsize|p2|4
|start
|switch|p1a: Delphox|Delphox, L50, M|100/100
|switch|p1b: Maushold|Maushold, L50|100/100
|switch|p2a: Dragonite|Dragonite, L50, F|100/100
|switch|p2b: Arcanine|Arcanine-Hisui, L50, F|100/100
|turn|1
|inactive|raksbach has 30 seconds left.
|
|t:|1784194024
|detailschange|p1a: Delphox|Delphox-Mega, L50, M
|-mega|p1a: Delphox|Delphox|Delphoxite
|move|p1b: Maushold|Follow Me|p1b: Maushold
|-singleturn|p1b: Maushold|move: Follow Me
|move|p1a: Delphox|Nasty Plot|p1a: Delphox
|-boost|p1a: Delphox|spa|2
|move|p2b: Arcanine|Head Smash|p1b: Maushold
|-damage|p1b: Maushold|18/100
|move|p2a: Dragonite|Dragon Claw|p1b: Maushold
|-damage|p1b: Maushold|0 fnt
|faint|p1b: Maushold
|-damage|p2a: Dragonite|90/100|[from] item: Life Orb
|
|upkeep
|
|t:|1784194038
|switch|p1b: Sneasler|Sneasler, L50, M|100/100
|turn|2
|
|t:|1784194056
|move|p2b: Arcanine|Protect|p2b: Arcanine
|-singleturn|p2b: Arcanine|Protect
|move|p1b: Sneasler|Fake Out|p2b: Arcanine
|-activate|p2b: Arcanine|move: Protect
|move|p2a: Dragonite|Extreme Speed|p1a: Delphox
|-damage|p1a: Delphox|52/100
|-damage|p2a: Dragonite|80/100|[from] item: Life Orb
|move|p1a: Delphox|Psychic|p2a: Dragonite
|-damage|p2a: Dragonite|0 fnt
|faint|p2a: Dragonite
|
|upkeep
|
|t:|1784194063
|switch|p2a: Basculegion|Basculegion, L50, M|100/100
|turn|3
|inactive|raksbach has 30 seconds left.
|
|t:|1784194088
|switch|p1b: Sinistcha|Sinistcha, L50|100/100
|-heal|p1a: Delphox|77/100|[from] ability: Hospitality|[of] p1b: Sinistcha
|move|p1a: Delphox|Protect|p1a: Delphox
|-singleturn|p1a: Delphox|Protect
|move|p2a: Basculegion|Last Respects|p1a: Delphox
|-activate|p1a: Delphox|move: Protect
|move|p2b: Arcanine|Flare Blitz|p1b: Sinistcha
|-supereffective|p1b: Sinistcha|1
|-enditem|p1b: Sinistcha|Occa Berry|[eat]
|-enditem|p1b: Sinistcha|Occa Berry|[weaken]
|-damage|p1b: Sinistcha|42/100
|-status|p1b: Sinistcha|brn
|
|-damage|p1b: Sinistcha|36/100 brn|[from] brn
|upkeep
|turn|4
|
|t:|1784194113
|move|p1b: Sinistcha|Rage Powder|p1b: Sinistcha
|-singleturn|p1b: Sinistcha|move: Rage Powder
|move|p2a: Basculegion|Last Respects|p1b: Sinistcha
|-supereffective|p1b: Sinistcha|1
|-damage|p1b: Sinistcha|0 fnt
|faint|p1b: Sinistcha
|move|p1a: Delphox|Psychic|p2a: Basculegion
|-damage|p2a: Basculegion|0 fnt
|faint|p2a: Basculegion
|move|p2b: Arcanine|Head Smash|p1a: Delphox
|-supereffective|p1a: Delphox|1
|-damage|p1a: Delphox|0 fnt
|faint|p1a: Delphox
|
|upkeep
|
|t:|1784194126
|switch|p2a: Snorlax|Snorlax, L50, F|100/100
|switch|p1b: Sneasler|Sneasler, L50, M|100/100
|turn|5
|
|t:|1784194139
|move|p2b: Arcanine|Protect|p2b: Arcanine
|-singleturn|p2b: Arcanine|Protect
|move|p2a: Snorlax|Protect|p2a: Snorlax
|-singleturn|p2a: Snorlax|Protect
|move|p1b: Sneasler|Close Combat|p2a: Snorlax
|-activate|p2a: Snorlax|move: Protect
|
|upkeep
|turn|6
|
|t:|1784194155
|move|p1b: Sneasler|Close Combat|p2a: Snorlax
|-supereffective|p2a: Snorlax|1
|-damage|p2a: Snorlax|11/100
|-unboost|p1b: Sneasler|def|1
|-unboost|p1b: Sneasler|spd|1
|-status|p2a: Snorlax|psn|[from] ability: Poison Touch|[of] p1b: Sneasler
|-enditem|p2a: Snorlax|Sitrus Berry|[eat]
|-heal|p2a: Snorlax|36/100 psn|[from] item: Sitrus Berry
|move|p2b: Arcanine|Flare Blitz|p1b: Sneasler
|-enditem|p1b: Sneasler|Focus Sash
|-damage|p1b: Sneasler|1/100
|move|p2a: Snorlax|Double-Edge|p1b: Sneasler
|-damage|p1b: Sneasler|0 fnt
|faint|p1b: Sneasler
|-damage|p2a: Snorlax|35/100 psn|[from] Recoil
|
|win|i miss my miraidon
