|j|☆eklyst
|j|☆Timothim Chalombre
|html|eklystTimothim Chalombre    
|uhtml|bestof|Game 1 of a best-of-3
|t:|1756941148
|gametype|doubles
|player|p1|eklyst|pokemaniac|1112
|player|p2|Timothim Chalombre|caitlin|1201
|gen|9
|tier|[Gen 9] VGC 2025 Reg H (Bo3)
|rated|
|rule|Species Clause: Limit one of each Pokémon
|rule|Item Clause: Limit 1 of each item
|clearpoke
|poke|p1|Ursaluna-Bloodmoon, L50, M|
|poke|p1|Incineroar, L50, F|
|poke|p1|Rillaboom, L50, F|
|poke|p1|Farigiraf, L50, M|
|poke|p1|Sneasler, L50, F|
|poke|p1|Volcarona, L50, M|
|poke|p2|Baxcalibur, L50, F|
|poke|p2|Basculegion, L50, M|
|poke|p2|Arcanine-Hisui, L50, M|
|poke|p2|Rillaboom, L50, F|
|poke|p2|Clefable, L50, F|
|poke|p2|Gholdengo, L50|
|teampreview|4
|showteam|p1|Ursaluna-Bloodmoon||LifeOrb|MindsEye|HyperVoice,BloodMoon,EarthPower,Protect|||M|||50|,,,,,Normal]Incineroar||SitrusBerry|Intimidate|FakeOut,FlareBlitz,KnockOff,PartingShot|||F|||50|,,,,,Bug]Rillaboom||AssaultVest|GrassySurge|Uturn,WoodHammer,GrassyGlide,FakeOut|||F|||50|,,,,,Fire]Farigiraf||ThroatSpray|ArmorTail|HyperVoice,Protect,Psychic,TrickRoom|||M|||50|,,,,,Fairy]Sneasler||FocusSash|Unburden|CloseCombat,Protect,FakeOut,ThroatChop|||F|||50|,,,,,Dark]Volcarona||CovertCloak|FlameBody|HeatWave,Protect,StruggleBug,RagePowder|||M|||50|,,,,,Water
|showteam|p2|Baxcalibur||LoadedDice|ThermalExchange|IcicleSpear,ScaleShot,IceShard,Protect|||F|||50|,,,,,Poison]Basculegion||ChoiceScarf|Adaptability|WaveCrash,LastRespects,AquaJet,FlipTurn|||M|||50|,,,,,Water]Arcanine-Hisui||ClearAmulet|Intimidate|FlareBlitz,RockSlide,ExtremeSpeed,Protect|||M|||50|,,,,,Water]Rillaboom||AssaultVest|GrassySurge|FakeOut,WoodHammer,GrassyGlide,HighHorsepower|||F|||50|,,,,,Fire]Clefable||SitrusBerry|Unaware|Moonblast,FollowMe,ThunderWave,Protect|||F|||50|,,,,,Grass]Gholdengo||GrassySeed|GoodasGold|MakeItRain,ShadowBall,NastyPlot,Protect||||||50|,,,,,Water
|inactive|Battle timer is ON: inactive players will automatically lose when time's up. (requested by Timothim Chalombre)
|inactive|eklyst has 60 seconds left.
|
|t:|1756941205
|teamsize|p1|4
|teamsize|p2|4
|start
|switch|p1a: Incineroar|Incineroar, L50, F|100/100
|switch|p1b: Farigiraf|Farigiraf, L50, M|100/100
|switch|p2a: Basculegion|Basculegion, L50, M|100/100
|switch|p2b: Arcanine|Arcanine-Hisui, L50, M|100/100
|-ability|p2b: Arcanine|Intimidate|boost
|-unboost|p1a: Incineroar|atk|1
|-unboost|p1b: Farigiraf|atk|1
|-ability|p1a: Incineroar|Intimidate|boost
|-unboost|p2a: Basculegion|atk|1
|-fail|p2b: Arcanine|unboost|[from] item: Clear Amulet|[of] p2b: Arcanine
|turn|1
|
|t:|1756941223
|switch|p1b: Rillaboom|Rillaboom, L50, F|100/100
|-fieldstart|move: Grassy Terrain|[from] ability: Grassy Surge|[of] p1b: Rillaboom
|move|p2a: Basculegion|Flip Turn|p1a: Incineroar
|-supereffective|p1a: Incineroar
|-damage|p1a: Incineroar|64/100
|
|t:|1756941247
|switch|p2a: Clefable|Clefable, L50, F|100/100|[from] Flip Turn
|move|p2b: Arcanine|Rock Slide|p1b: Rillaboom|[spread] p1a,p1b
|-supereffective|p1a: Incineroar
|-damage|p1a: Incineroar|21/100
|-damage|p1b: Rillaboom|77/100
|-enditem|p1a: Incineroar|Sitrus Berry|[eat]
|-heal|p1a: Incineroar|46/100|[from] item: Sitrus Berry
|move|p1a: Incineroar|Knock Off|p2a: Clefable
|-resisted|p2a: Clefable
|-damage|p2a: Clefable|84/100
|-enditem|p2a: Clefable|Sitrus Berry|[from] move: Knock Off|[of] p1a: Incineroar
|
|-heal|p1b: Rillaboom|82/100|[from] Grassy Terrain
|-heal|p2a: Clefable|90/100|[from] Grassy Terrain
|-heal|p1a: Incineroar|52/100|[from] Grassy Terrain
|upkeep
|turn|2
|
|t:|1756941269
|switch|p2b: Rillaboom|Rillaboom, L50, F|100/100
|move|p2a: Clefable|Protect|p2a: Clefable
|-singleturn|p2a: Clefable|Protect
|move|p1b: Rillaboom|Fake Out|p2b: Rillaboom
|-damage|p2b: Rillaboom|87/100
|move|p1a: Incineroar|Parting Shot|p2a: Clefable
|-activate|p2a: Clefable|move: Protect
|
|-heal|p2b: Rillaboom|93/100|[from] Grassy Terrain
|-heal|p1b: Rillaboom|88/100|[from] Grassy Terrain
|-heal|p2a: Clefable|96/100|[from] Grassy Terrain
|-heal|p1a: Incineroar|58/100|[from] Grassy Terrain
|upkeep
|turn|3
|
|t:|1756941285
|switch|p2a: Arcanine|Arcanine-Hisui, L50, M|100/100
|-ability|p2a: Arcanine|Intimidate|boost
|-unboost|p1a: Incineroar|atk|1
|-unboost|p1b: Rillaboom|atk|1
|switch|p1a: Farigiraf|Farigiraf, L50, M|100/100
|move|p2b: Rillaboom|Fake Out||[still]
|cant|p1a: Farigiraf|ability: Armor Tail|Fake Out|[of] p2b: Rillaboom
|move|p1b: Rillaboom|U-turn|p2b: Rillaboom
|-supereffective|p2b: Rillaboom
|-damage|p2b: Rillaboom|64/100
|
|t:|1756941298
|switch|p1b: Incineroar|Incineroar, L50, F|58/100|[from] U-turn
|-ability|p1b: Incineroar|Intimidate|boost
|-fail|p2a: Arcanine|unboost|[from] item: Clear Amulet|[of] p2a: Arcanine
|-unboost|p2b: Rillaboom|atk|1
|
|-heal|p2b: Rillaboom|70/100|[from] Grassy Terrain
|-heal|p1b: Incineroar|64/100|[from] Grassy Terrain
|upkeep
|turn|4
|
|t:|1756941314
|move|p1b: Incineroar|Fake Out|p2a: Arcanine
|-resisted|p2a: Arcanine
|-damage|p2a: Arcanine|95/100
|cant|p2a: Arcanine|flinch
|move|p2b: Rillaboom|Wood Hammer|p1a: Farigiraf
|-damage|p1a: Farigiraf|48/100
|-damage|p2b: Rillaboom|52/100|[from] Recoil
|move|p1a: Farigiraf|Trick Room|p1a: Farigiraf
|-fieldstart|move: Trick Room|[of] p1a: Farigiraf
|
|-heal|p1a: Farigiraf|54/100|[from] Grassy Terrain
|-heal|p1b: Incineroar|70/100|[from] Grassy Terrain
|-heal|p2b: Rillaboom|58/100|[from] Grassy Terrain
|-heal|p2a: Arcanine|100/100|[from] Grassy Terrain
|upkeep
|turn|5
|
|t:|1756941332
|move|p1a: Farigiraf|Hyper Voice|p2b: Rillaboom|[spread] p2a,p2b
|-resisted|p2a: Arcanine
|-damage|p2a: Arcanine|85/100
|-damage|p2b: Rillaboom|38/100
|-enditem|p1a: Farigiraf|Throat Spray
|-boost|p1a: Farigiraf|spa|1|[from] item: Throat Spray
|move|p1b: Incineroar|Flare Blitz|p2b: Rillaboom
|-supereffective|p2b: Rillaboom
|-damage|p2b: Rillaboom|0 fnt
|faint|p2b: Rillaboom
|-damage|p1b: Incineroar|58/100|[from] Recoil
|move|p2a: Arcanine|Rock Slide|p1a: Farigiraf|[spread] p1a,p1b
|-supereffective|p1b: Incineroar
|-damage|p1a: Farigiraf|27/100
|-damage|p1b: Incineroar|18/100
|
|-heal|p1a: Farigiraf|33/100|[from] Grassy Terrain
|-heal|p1b: Incineroar|24/100|[from] Grassy Terrain
|-heal|p2a: Arcanine|92/100|[from] Grassy Terrain
|-fieldend|move: Grassy Terrain
|upkeep
|
|t:|1756941334
|switch|p2b: Clefable|Clefable, L50, F|96/100
|turn|6
|inactive|eklyst has 30 seconds left.
|inactive|Timothim Chalombre has 30 seconds left.
|inactive|Timothim Chalombre has 20 seconds left.
|
|t:|1756941371
|move|p2b: Clefable|Protect|p2b: Clefable
|-singleturn|p2b: Clefable|Protect
|move|p2a: Arcanine|Protect|p2a: Arcanine
|-singleturn|p2a: Arcanine|Protect
|move|p1a: Farigiraf|Psychic|p2a: Arcanine
|-activate|p2a: Arcanine|move: Protect
|move|p1b: Incineroar|Parting Shot|p2b: Clefable
|-activate|p2b: Clefable|move: Protect
|
|upkeep
|turn|7
|
|t:|1756941384
|move|p2b: Clefable|Follow Me|p2b: Clefable
|-singleturn|p2b: Clefable|move: Follow Me
|move|p1a: Farigiraf|Psychic|p2b: Clefable
|-damage|p2b: Clefable|60/100
|-unboost|p2b: Clefable|spd|1
|move|p1b: Incineroar|Knock Off|p2b: Clefable
|-resisted|p2b: Clefable
|-damage|p2b: Clefable|50/100
|move|p2a: Arcanine|Flare Blitz|p1a: Farigiraf
|-damage|p1a: Farigiraf|0 fnt
|faint|p1a: Farigiraf
|-damage|p2a: Arcanine|80/100|[from] Recoil
|
|upkeep
|
|t:|1756941396
|switch|p1a: Rillaboom|Rillaboom, L50, F|88/100
|-fieldstart|move: Grassy Terrain|[from] ability: Grassy Surge|[of] p1a: Rillaboom
|turn|8
|
|t:|1756941415
|move|p2a: Arcanine|Protect|p2a: Arcanine
|-singleturn|p2a: Arcanine|Protect
|move|p1b: Incineroar|Knock Off|p2a: Arcanine
|-activate|p2a: Arcanine|move: Protect
|move|p2b: Clefable|Thunder Wave|p1a: Rillaboom
|-status|p1a: Rillaboom|par
|move|p1a: Rillaboom|Wood Hammer|p2b: Clefable
|-damage|p2b: Clefable|0 fnt
|faint|p2b: Clefable
|-damage|p1a: Rillaboom|72/100 par|[from] Recoil
|
|-heal|p1a: Rillaboom|78/100 par|[from] Grassy Terrain
|-heal|p1b: Incineroar|30/100|[from] Grassy Terrain
|-heal|p2a: Arcanine|86/100|[from] Grassy Terrain
|-fieldend|move: Trick Room
|upkeep
|
|t:|1756941418
|switch|p2b: Basculegion|Basculegion, L50, M|100/100
|turn|9
|
|t:|1756941434
|move|p1a: Rillaboom|Grassy Glide|p2b: Basculegion
|-supereffective|p2b: Basculegion
|-damage|p2b: Basculegion|11/100
|move|p2b: Basculegion|Last Respects|p1a: Rillaboom
|-damage|p1a: Rillaboom|0 fnt
|faint|p1a: Rillaboom
|move|p2a: Arcanine|Rock Slide|p1b: Incineroar
|-supereffective|p1b: Incineroar
|-damage|p1b: Incineroar|0 fnt
|faint|p1b: Incineroar
|
|-heal|p2b: Basculegion|17/100|[from] Grassy Terrain
|-heal|p2a: Arcanine|93/100|[from] Grassy Terrain
|upkeep
|
|t:|1756941448
|switch|p1b: Volcarona|Volcarona, L50, M|100/100
|turn|10
|
|t:|1756941453
|-terastallize|p1b: Volcarona|Water
|move|p2b: Basculegion|Last Respects|p1b: Volcarona
|-damage|p1b: Volcarona|0 fnt
|faint|p1b: Volcarona
|
|win|Timothim Chalombre
||Timothim Chalombre is ready for game 2.
||eklyst is ready for game 2.
|uhtml|next|Next: Game 2 of 3
|l|☆Timothim Chalombre
|player|p2|
