|j|☆Jompinhans
|j|☆CretaceousDraconid
|html|JompinhansCretaceousDraconid    
|uhtml|bestof|Game 1 of a best-of-3
|t:|1757905025
|gametype|doubles
|player|p1|Jompinhans|265|1096
|player|p2|CretaceousDraconid|zinnia-masters|1140
|gen|9
|tier|[Gen 9] VGC 2025 Reg H (Bo3)
|rated|
|rule|Species Clause: Limit one of each Pokémon
|rule|Item Clause: Limit 1 of each item
|clearpoke
|poke|p1|Talonflame, L50, M|
|poke|p1|Incineroar, L50, M|
|poke|p1|Gholdengo, L50|
|poke|p1|Gallade, L50, M|
|poke|p1|Sinistcha-Masterpiece, L50|
|poke|p1|Electabuzz, L50, M|
|poke|p2|Rillaboom, L50, F|
|poke|p2|Arcanine-Hisui, L50, M|
|poke|p2|Salamence, L50, F|
|poke|p2|Garchomp, L50, F|
|poke|p2|Sneasler, L50, M|
|poke|p2|Kingambit, L50, F|
|teampreview|4
|showteam|p1|Talonflame||CovertCloak|GaleWings|DualWingbeat,Tailwind,Taunt,WillOWisp|||M|||50|,,,,,Grass]Incineroar||AssaultVest|Intimidate|FlareBlitz,KnockOff,FakeOut,Uturn|||M|||50|,,,,,Ghost]Gholdengo||LifeOrb|GoodasGold|NastyPlot,Protect,ShadowBall,MakeItRain||||||50|,,,,,Steel]Gallade||ClearAmulet|Sharpness|Protect,TrickRoom,PsychoCut,SacredSword|||M|||50|,,,,,Dark]Sinistcha-Masterpiece||Leftovers|Hospitality|MatchaGotcha,Scald,Protect,CalmMind||||||50|,,,,,Water]Electabuzz||Eviolite|VitalSpirit|FollowMe,Taunt,HelpingHand,Electroweb|||M|||50|,,,,,Ghost
|showteam|p2|Rillaboom||AssaultVest|GrassySurge|FakeOut,HighHorsepower,GrassyGlide,WoodHammer|||F|||50|,,,,,Fire]Arcanine-Hisui||ClearAmulet|Intimidate|ExtremeSpeed,RockSlide,FlareBlitz,Protect|||M|||50|,,,,,Normal]Salamence||CovertCloak|Intimidate|Hurricane,Tailwind,DracoMeteor,Protect|||F|||50|,,,,,Steel]Garchomp||LoadedDice|RoughSkin|StompingTantrum,Earthquake,ScaleShot,Protect|||F|||50|,,,,,Fairy]Sneasler||FocusSash|PoisonTouch|DireClaw,CloseCombat,Coaching,Protect|||M|||50|,,,,,Fairy]Kingambit||BlackGlasses|Defiant|KowtowCleave,LowKick,SuckerPunch,Protect|||F|||50|,,,,,Dark
|
|t:|1757905065
|teamsize|p1|4
|teamsize|p2|4
|start
|switch|p1a: Sinistcha|Sinistcha-Masterpiece, L50|100/100
|switch|p1b: Talonflame|Talonflame, L50, M|100/100
|switch|p2a: Arcanine|Arcanine-Hisui, L50, M|100/100
|switch|p2b: Rillaboom|Rillaboom, L50, F|100/100
|-ability|p2a: Arcanine|Intimidate|boost
|-unboost|p1a: Sinistcha|atk|1
|-unboost|p1b: Talonflame|atk|1
|-fieldstart|move: Grassy Terrain|[from] ability: Grassy Surge|[of] p2b: Rillaboom
|turn|1
|
|t:|1757905096
|switch|p2b: Salamence|Salamence, L50, F|100/100
|-ability|p2b: Salamence|Intimidate|boost
|-unboost|p1a: Sinistcha|atk|1
|-unboost|p1b: Talonflame|atk|1
|move|p2a: Arcanine|Protect|p2a: Arcanine
|-singleturn|p2a: Arcanine|Protect
|move|p1b: Talonflame|Tailwind|p1b: Talonflame
|-sidestart|p1: Jompinhans|move: Tailwind
|move|p1a: Sinistcha|Scald|p2a: Arcanine
|-activate|p2a: Arcanine|move: Protect
|
|upkeep
|turn|2
|
|t:|1757905113
|switch|p2a: Rillaboom|Rillaboom, L50, F|100/100
|move|p1b: Talonflame|Taunt|p2b: Salamence
|-start|p2b: Salamence|move: Taunt
|move|p1a: Sinistcha|Calm Mind|p1a: Sinistcha
|-boost|p1a: Sinistcha|spa|1
|-boost|p1a: Sinistcha|spd|1
|move|p2b: Salamence|Hurricane|p1a: Sinistcha
|-supereffective|p1a: Sinistcha
|-damage|p1a: Sinistcha|20/100
|
|-heal|p1a: Sinistcha|26/100|[from] Grassy Terrain
|-heal|p1a: Sinistcha|32/100|[from] item: Leftovers
|upkeep
|turn|3
|
|t:|1757905145
|switch|p1b: Gholdengo|Gholdengo, L50|100/100
|move|p1a: Sinistcha|Protect|p1a: Sinistcha
|-singleturn|p1a: Sinistcha|Protect
|move|p2a: Rillaboom|Grassy Glide|p1a: Sinistcha
|-activate|p1a: Sinistcha|move: Protect
|move|p2b: Salamence|Hurricane|p1a: Sinistcha
|-activate|p1a: Sinistcha|move: Protect
|
|-heal|p1a: Sinistcha|38/100|[from] Grassy Terrain
|-heal|p1a: Sinistcha|44/100|[from] item: Leftovers
|upkeep
|turn|4
|
|t:|1757905163
|move|p1b: Gholdengo|Nasty Plot|p1b: Gholdengo
|-boost|p1b: Gholdengo|spa|2
|move|p1a: Sinistcha|Matcha Gotcha|p2b: Salamence|[spread] p2b
|-miss|p1a: Sinistcha|p2a: Rillaboom
|-resisted|p2b: Salamence
|-damage|p2b: Salamence|80/100
|-heal|p1a: Sinistcha|54/100|[from] drain|[of] p2b: Salamence
|move|p2b: Salamence|Hurricane|p1a: Sinistcha|[miss]
|-miss|p2b: Salamence|p1a: Sinistcha
|move|p2a: Rillaboom|High Horsepower|p1b: Gholdengo
|-supereffective|p1b: Gholdengo
|-damage|p1b: Gholdengo|38/100
|
|-heal|p1b: Gholdengo|44/100|[from] Grassy Terrain
|-heal|p1a: Sinistcha|60/100|[from] Grassy Terrain
|-heal|p1a: Sinistcha|66/100|[from] item: Leftovers
|-end|p2b: Salamence|move: Taunt
|-sideend|p1: Jompinhans|move: Tailwind
|upkeep
|turn|5
|
|t:|1757905200
|switch|p1b: Talonflame|Talonflame, L50, M|100/100
|move|p2b: Salamence|Tailwind|p2b: Salamence
|-sidestart|p2: CretaceousDraconid|move: Tailwind
|move|p2a: Rillaboom|High Horsepower|p1b: Talonflame
|-immune|p1b: Talonflame
|move|p1a: Sinistcha|Matcha Gotcha|p2b: Salamence|[spread] p2a,p2b
|-resisted|p2a: Rillaboom
|-resisted|p2b: Salamence
|-crit|p2b: Salamence
|-damage|p2a: Rillaboom|78/100
|-heal|p1a: Sinistcha|80/100|[from] drain|[of] p2a: Rillaboom
|-damage|p2b: Salamence|53/100
|-heal|p1a: Sinistcha|93/100|[from] drain|[of] p2b: Salamence
|
|-heal|p2a: Rillaboom|84/100|[from] Grassy Terrain
|-heal|p1a: Sinistcha|99/100|[from] Grassy Terrain
|-heal|p1a: Sinistcha|100/100|[from] item: Leftovers
|-fieldend|move: Grassy Terrain
|upkeep
|turn|6
|
|t:|1757905228
|move|p1b: Talonflame|Tailwind|p1b: Talonflame
|-sidestart|p1: Jompinhans|move: Tailwind
|move|p2b: Salamence|Hurricane|p1a: Sinistcha
|-supereffective|p1a: Sinistcha
|-damage|p1a: Sinistcha|13/100
|-start|p1a: Sinistcha|confusion
|move|p2a: Rillaboom|Wood Hammer|p1a: Sinistcha
|-resisted|p1a: Sinistcha
|-damage|p1a: Sinistcha|0 fnt
|faint|p1a: Sinistcha
|-damage|p2a: Rillaboom|80/100|[from] Recoil
|
|upkeep
|
|t:|1757905243
|switch|p1a: Gholdengo|Gholdengo, L50|44/100
|turn|7
|
|t:|1757905250
|switch|p2a: Arcanine|Arcanine-Hisui, L50, M|100/100
|-ability|p2a: Arcanine|Intimidate|boost
|-unboost|p1a: Gholdengo|atk|1
|-unboost|p1b: Talonflame|atk|1
|move|p1a: Gholdengo|Protect|p1a: Gholdengo
|-singleturn|p1a: Gholdengo|Protect
|move|p1b: Talonflame|Will-O-Wisp|p2a: Arcanine
|-immune|p2a: Arcanine
|move|p2b: Salamence|Hurricane|p1b: Talonflame
|-damage|p1b: Talonflame|32/100
|
|upkeep
|turn|8
|
|t:|1757905278
|switch|p1a: Gallade|Gallade, L50, M|100/100
|move|p1b: Talonflame|Taunt|p2b: Salamence
|-start|p2b: Salamence|move: Taunt
|move|p2b: Salamence|Hurricane|p1b: Talonflame|[miss]
|-miss|p2b: Salamence|p1b: Talonflame
|move|p2a: Arcanine|Flare Blitz|p1a: Gallade
|-damage|p1a: Gallade|22/100
|-status|p1a: Gallade|brn
|-damage|p2a: Arcanine|77/100|[from] Recoil
|
|-damage|p1a: Gallade|16/100 brn|[from] brn
|-sideend|p2: CretaceousDraconid|move: Tailwind
|upkeep
|turn|9
|
|t:|1757905300
|move|p2a: Arcanine|Extreme Speed|p1a: Gallade
|-damage|p1a: Gallade|0 fnt
|faint|p1a: Gallade
|move|p1b: Talonflame|Dual Wingbeat|p2b: Salamence
|-damage|p2b: Salamence|40/100
|-damage|p2b: Salamence|27/100
|-hitcount|p2b: Salamence|2
|move|p2b: Salamence|Hurricane|p1b: Talonflame
|-damage|p1b: Talonflame|0 fnt
|faint|p1b: Talonflame
|
|-sideend|p1: Jompinhans|move: Tailwind
|upkeep
|
|t:|1757905315
|switch|p1b: Gholdengo|Gholdengo, L50|44/100
|turn|10
|
|t:|1757905320
|move|p2b: Salamence|Draco Meteor|p1b: Gholdengo
|-resisted|p1b: Gholdengo
|-damage|p1b: Gholdengo|15/100
|-unboost|p2b: Salamence|spa|2
|move|p2a: Arcanine|Flare Blitz|p1b: Gholdengo
|-supereffective|p1b: Gholdengo
|-damage|p1b: Gholdengo|0 fnt
|faint|p1b: Gholdengo
|-damage|p2a: Arcanine|72/100|[from] Recoil
|
|win|CretaceousDraconid
