|j|☆kapi_loves_yall
|j|☆notdoodenberg
|html|kapi_loves_yallnotdoodenberg    
|uhtml|bestof|Game 3 of a best-of-3
|t:|1784568881
|gametype|doubles
|player|p1|kapi_loves_yall|lusamine-nihilego|1166
|player|p2|notdoodenberg|265|1189
|gen|9
|tier|[Gen 9 Champions] VGC 2026 Reg M-B (Bo3)
|rated|
|rule|Species Clause: Limit one of each Pokémon
|rule|Item Clause: Limit 1 of each item
|clearpoke
|poke|p1|Sinistcha-Masterpiece, L50|
|poke|p1|Mawile, L50, M|
|poke|p1|Primarina, L50, F|
|poke|p1|Drampa, L50, F|
|poke|p1|Armarouge, L50, M|
|poke|p1|Scrafty, L50, M|
|poke|p2|Floette-Eternal, L50, F|
|poke|p2|Delphox, L50, M|
|poke|p2|Sneasler, L50, M|
|poke|p2|Incineroar, L50, M|
|poke|p2|Kingambit, L50, M|
|poke|p2|Sinistcha, L50|
|teampreview|4
|showteam|p1|Sinistcha-Masterpiece||SitrusBerry|Hospitality|MatchaGotcha,RagePowder,TrickRoom,ShadowBall|Relaxed|||||50|]Mawile||Mawilite|HyperCutter|IronHead,PlayRough,SuckerPunch,Protect|Brave||M|||50|]Primarina||MysticWater|LiquidVoice|HyperVoice,IceBeam,Moonblast,Protect|Quiet||F|||50|]Drampa||LifeOrb|CloudNine|HyperVoice,EarthPower,DragonPulse,Protect|Quiet||F|||50|]Armarouge||ColburBerry|FlashFire|ArmorCannon,TrickRoom,Psychic,WideGuard|Sassy||M|||50|]Scrafty||Scraftinite|Intimidate|Crunch,CloseCombat,RockSlide,FakeOut|Brave||M|||50|
|showteam|p2|Floette-Eternal||Floettite|FlowerVeil|Protect,CalmMind,DazzlingGleam,Moonblast|Timid||F|||50|]Delphox||Delphoxite|Blaze|Protect,NastyPlot,Psychic,HeatWave|Modest||M|||50|]Sneasler||FocusSash|PoisonTouch|FakeOut,PoisonJab,CloseCombat,RockTomb|Jolly||M|||50|]Incineroar||SitrusBerry|Intimidate|FakeOut,ThroatChop,PartingShot,FlareBlitz|Careful||M|||50|]Kingambit||LifeOrb|Defiant|Protect,SwordsDance,SuckerPunch,KowtowCleave|Adamant||M|||50|]Sinistcha||OccaBerry|Hospitality|Protect,TrickRoom,RagePowder,MatchaGotcha|Bold|||||50|
|
|t:|1784568903
|teamsize|p1|4
|teamsize|p2|4
|start
|switch|p1a: Armarouge|Armarouge, L50, M|100/100
|switch|p1b: Drampa|Drampa, L50, F|100/100
|switch|p2a: Floette|Floette-Eternal, L50, F|100/100
|switch|p2b: Sneasler|Sneasler, L50, M|100/100
|-ability|p1b: Drampa|Cloud Nine
|turn|1
|
|t:|1784568918
|switch|p1b: Mawile|Mawile, L50, M|100/100
|detailschange|p2a: Floette|Floette-Mega, L50, F
|-mega|p2a: Floette|Floette|Floettite
|-ability|p2a: Floette|Fairy Aura
|move|p2b: Sneasler|Fake Out|p1a: Armarouge
|-damage|p1a: Armarouge|86/100
|-status|p1a: Armarouge|psn|[from] ability: Poison Touch|[of] p2b: Sneasler
|move|p2a: Floette|Calm Mind|p2a: Floette
|-boost|p2a: Floette|spa|1
|-boost|p2a: Floette|spd|1
|cant|p1a: Armarouge|flinch
|
|-damage|p1a: Armarouge|74/100 psn|[from] psn
|upkeep
|turn|2
|
|t:|1784568935
|detailschange|p1b: Mawile|Mawile-Mega, L50, M
|-mega|p1b: Mawile|Mawile|Mawilite
|move|p2b: Sneasler|Rock Tomb|p1a: Armarouge
|-supereffective|p1a: Armarouge|1
|-damage|p1a: Armarouge|34/100 psn
|-unboost|p1a: Armarouge|spe|1
|move|p2a: Floette|Moonblast|p1a: Armarouge
|-resisted|p1a: Armarouge|1
|-damage|p1a: Armarouge|0 fnt
|faint|p1a: Armarouge
|move|p1b: Mawile|Iron Head|p2a: Floette
|-supereffective|p2a: Floette|1
|-damage|p2a: Floette|0 fnt
|faint|p2a: Floette
|
|upkeep
|
|t:|1784568946
|switch|p2a: Incineroar|Incineroar, L50, M|100/100
|switch|p1a: Drampa|Drampa, L50, F|100/100
|-ability|p2a: Incineroar|Intimidate|boost
|-unboost|p1a: Drampa|atk|1
|-unboost|p1b: Mawile|atk|1
|-ability|p1a: Drampa|Cloud Nine
|turn|3
|
|t:|1784568955
|move|p1b: Mawile|Protect|p1b: Mawile
|-singleturn|p1b: Mawile|Protect
|move|p1a: Drampa|Protect|p1a: Drampa
|-singleturn|p1a: Drampa|Protect
|move|p2a: Incineroar|Fake Out|p1b: Mawile
|-activate|p1b: Mawile|move: Protect
|move|p2b: Sneasler|Close Combat|p1a: Drampa
|-activate|p1a: Drampa|move: Protect
|
|upkeep
|turn|4
|
|t:|1784568974
|switch|p1a: Primarina|Primarina, L50, F|100/100
|move|p2b: Sneasler|Close Combat|p1b: Mawile
|-damage|p1b: Mawile|42/100
|-unboost|p2b: Sneasler|def|1
|-unboost|p2b: Sneasler|spd|1
|move|p2a: Incineroar|Flare Blitz|p1b: Mawile
|-supereffective|p1b: Mawile|1
|-damage|p1b: Mawile|0 fnt
|faint|p1b: Mawile
|-damage|p2a: Incineroar|89/100|[from] Recoil
|
|upkeep
|
|t:|1784568983
|switch|p1b: Drampa|Drampa, L50, F|100/100
|-ability|p1b: Drampa|Cloud Nine
|turn|5
|
|t:|1784568990
|move|p2b: Sneasler|Poison Jab|p1a: Primarina
|-supereffective|p1a: Primarina|1
|-damage|p1a: Primarina|0 fnt
|faint|p1a: Primarina
|move|p2a: Incineroar|Throat Chop|p1b: Drampa
|-damage|p1b: Drampa|67/100
|-start|p1b: Drampa|Throat Chop|[silent]
|move|p1b: Drampa|Earth Power|p2a: Incineroar
|-supereffective|p2a: Incineroar|1
|-damage|p2a: Incineroar|23/100
|-enditem|p2a: Incineroar|Sitrus Berry|[eat]
|-heal|p2a: Incineroar|48/100|[from] item: Sitrus Berry
|-damage|p1b: Drampa|57/100|[from] item: Life Orb
|
|upkeep
|turn|6
|-message|kapi_loves_yall forfeited.
|
|win|notdoodenberg
|raw|kapi_loves_yall's rating: 1166 → 1143(-23 for losing)
|raw|notdoodenberg's rating: 1189 → 1212(+23 for winning)
|l|☆kapi_loves_yall
|player|p1|
