|j|☆Pop0_PP
|j|☆ToastedArt
|html|Pop0_PPToastedArt    
|uhtml|bestof|Game 3 of a best-of-3
|t:|1785969039
|gametype|doubles
|player|p1|Pop0_PP|265|1088
|player|p2|ToastedArt|iris|1054
|gen|9
|tier|[Gen 9 Champions] VGC 2026 Reg M-B (Bo3)
|rated|
|rule|Species Clause: Limit one of each Pokémon
|rule|Item Clause: Limit 1 of each item
|clearpoke
|poke|p1|Primarina, L50, F|
|poke|p1|Lucario, L50, M|
|poke|p1|Zoroark-Hisui, L50, F|
|poke|p1|Clefable, L50, F|
|poke|p1|Floette-Eternal, L50, F|
|poke|p1|Whimsicott, L50, M|
|poke|p2|Staraptor, L50, F|
|poke|p2|Whimsicott, L50, F|
|poke|p2|Gholdengo, L50|
|poke|p2|Sinistcha, L50|
|poke|p2|Arcanine-Hisui, L50, F|
|poke|p2|Zoroark-Hisui, L50, M|
|teampreview|4
|showteam|p1|Primarina||Leftovers|LiquidVoice|HyperVoice,Moonblast,CalmMind,Protect|Modest||F|||50|]Lucario||Lucarionite|InnerFocus|BulletPunch,CloseCombat,MeteorMash,Protect|Jolly||M|||50|]Zoroark-Hisui||FocusSash|Illusion|IcyWind,BitterMalice,Protect,HyperBeam|Timid||F|||50|]Clefable||SitrusBerry|Unaware|FollowMe,Moonblast,Protect,HelpingHand|Calm||F|||50|]Floette-Eternal||Floettite|Symbiosis|CalmMind,DazzlingGleam,Protect,Moonblast|Timid||F|||50|]Whimsicott||FairyFeather|Prankster|Tailwind,Protect,Moonblast,Encore|Bold||M|||50|
|showteam|p2|Staraptor||Staraptite|Intimidate|CloseCombat,BraveBird,Roost,Protect|Jolly||F|||50|]Whimsicott||OccaBerry|Prankster|Encore,Tailwind,Charm,Moonblast|Timid||F|||50|]Gholdengo||LifeOrb|GoodasGold|MakeItRain,ShadowBall,NastyPlot,Protect|Modest|||||50|]Sinistcha||ColburBerry|Hospitality|MatchaGotcha,RagePowder,TrickRoom,Protect|Relaxed|||||50|]Arcanine-Hisui||FocusSash|RockHead|FlareBlitz,HeadSmash,ExtremeSpeed,Protect|Jolly||F|||50|]Zoroark-Hisui||SpellTag|Illusion|ShadowBall,IcyWind,WillOWisp,FakeTears|Timid||M|||50|
|inactive|Battle timer is ON: inactive players will automatically lose when time's up. (requested by ToastedArt)
|inactive|Pop0_PP has 60 seconds left.
|inactive|Pop0_PP has 30 seconds left.
|
|t:|1785969108
|teamsize|p1|4
|teamsize|p2|4
|start
|switch|p1a: Floette|Floette-Eternal, L50, F|100/100
|switch|p1b: Whimsicott|Whimsicott, L50, M|100/100
|switch|p2a: Staraptor|Staraptor, L50, F|100/100
|switch|p2b: Gholdengo|Gholdengo, L50|100/100
|-ability|p2a: Staraptor|Intimidate|boost
|-unboost|p1a: Floette|atk|1
|-unboost|p1b: Whimsicott|atk|1
|turn|1
|
|t:|1785969126
|detailschange|p2a: Staraptor|Staraptor-Mega, L50, F
|-mega|p2a: Staraptor|Staraptor|Staraptite
|move|p1a: Floette|Protect|p1a: Floette
|-singleturn|p1a: Floette|Protect
|move|p1b: Whimsicott|Tailwind|p1b: Whimsicott
|-sidestart|p1: Pop0_PP|move: Tailwind
|move|p2a: Staraptor|Close Combat|p1a: Floette
|-activate|p1a: Floette|move: Protect
|move|p2b: Gholdengo|Fake Tears|p2a: Staraptor
|-boost|p2a: Staraptor|spd|2
|
|upkeep
|turn|2
|
|t:|1785969148
|switch|p2b: Gholdengo|Gholdengo, L50|100/100
|detailschange|p1a: Floette|Floette-Mega, L50, F
|-mega|p1a: Floette|Floette|Floettite
|-ability|p1a: Floette|Fairy Aura
|move|p2a: Staraptor|Protect|p2a: Staraptor
|-singleturn|p2a: Staraptor|Protect
|move|p1a: Floette|Moonblast|p2a: Staraptor
|-activate|p2a: Staraptor|move: Protect
|move|p1b: Whimsicott|Moonblast|p2a: Staraptor
|-activate|p2a: Staraptor|move: Protect
|
|upkeep
|turn|3
|
|t:|1785969169
|switch|p2a: Pickle Cup|Sinistcha, L50|100/100
|move|p1a: Floette|Protect|p1a: Floette
|-singleturn|p1a: Floette|Protect
|move|p1b: Whimsicott|Moonblast|p2a: Pickle Cup
|-damage|p2a: Pickle Cup|62/100
|move|p2b: Gholdengo|Nasty Plot|p2b: Gholdengo
|-boost|p2b: Gholdengo|spa|2
|
|upkeep
|turn|4
|
|t:|1785969193
|switch|p1a: Lucario|Lucario, L50, M|100/100
|move|p2a: Pickle Cup|Rage Powder|p2a: Pickle Cup
|-singleturn|p2a: Pickle Cup|move: Rage Powder
|move|p1b: Whimsicott|Moonblast|p2a: Pickle Cup
|-damage|p2a: Pickle Cup|30/100
|move|p2b: Gholdengo|Make It Rain|p1a: Lucario|[spread] p1a,p1b
|-supereffective|p1b: Whimsicott|1
|-enditem|p1a: Lucario|Focus Sash
|-damage|p1a: Lucario|1/100
|-damage|p1b: Whimsicott|0 fnt
|-unboost|p2b: Gholdengo|spa|2
|replace|p1a: Zoroark|Zoroark-Hisui, L50, F
|-end|p1a: Zoroark|Illusion
|faint|p1b: Whimsicott
|-damage|p2b: Gholdengo|90/100|[from] item: Life Orb
|
|-sideend|p1: Pop0_PP|move: Tailwind
|upkeep
|
|t:|1785969211
|switch|p1b: Floette|Floette-Mega, L50, F|100/100
|-ability|p1b: Floette|Fairy Aura
|turn|5
|inactive|Pop0_PP has 30 seconds left.
|
|t:|1785969237
|move|p1b: Floette|Protect|p1b: Floette
|-singleturn|p1b: Floette|Protect
|move|p2a: Pickle Cup|Protect|p2a: Pickle Cup
|-singleturn|p2a: Pickle Cup|Protect
|move|p1a: Zoroark|Hyper Beam|p2a: Pickle Cup
|-activate|p2a: Pickle Cup|move: Protect
|move|p2b: Gholdengo|Nasty Plot|p2b: Gholdengo
|-boost|p2b: Gholdengo|spa|2
|
|upkeep
|turn|6
|
|t:|1785969258
|switch|p1b: Lucario|Lucario, L50, M|100/100
|move|p2a: Pickle Cup|Rage Powder|p2a: Pickle Cup
|-singleturn|p2a: Pickle Cup|move: Rage Powder
|move|p1a: Zoroark|Bitter Malice|p2a: Pickle Cup
|-supereffective|p2a: Pickle Cup|1
|-damage|p2a: Pickle Cup|0 fnt
|faint|p2a: Pickle Cup
|move|p2b: Gholdengo|Make It Rain|p1a: Zoroark|[spread] p1a
|-miss|p2b: Gholdengo|p1b: Lucario
|-damage|p1a: Zoroark|0 fnt
|-unboost|p2b: Gholdengo|spa|2
|faint|p1a: Zoroark
|-damage|p2b: Gholdengo|81/100|[from] item: Life Orb
|
|upkeep
|
|t:|1785969274
|switch|p1a: Floette|Floette-Mega, L50, F|100/100
|switch|p2a: Staraptor|Staraptor-Mega, L50, F|100/100
|-ability|p1a: Floette|Fairy Aura
|turn|7
|inactive|Pop0_PP has 30 seconds left.
|c|☆Pop0_PP|it is only just now occuring to me
|inactive|Pop0_PP has 20 seconds left.
|inactive|Pop0_PP has 15 seconds left.
|c|☆Pop0_PP|gholdengo ONLY has nasty plot make it rain
|inactive|Pop0_PP has 10 seconds left.
|inactive|Pop0_PP has 5 seconds left.
|
|t:|1785969324
|move|p2a: Staraptor|Fake Tears|p1a: Floette
|-unboost|p1a: Floette|spd|2
|move|p1a: Floette|Moonblast|p2b: Gholdengo
|-resisted|p2b: Gholdengo|1
|-damage|p2b: Gholdengo|39/100
|move|p1b: Lucario|Meteor Mash|p2a: Staraptor
|-damage|p2a: Staraptor|19/100
|replace|p2a: Zoroark|Zoroark-Hisui, L50, M
|-end|p2a: Zoroark|Illusion
|move|p2b: Gholdengo|Make It Rain|p1a: Floette|[spread] p1a,p1b
|-supereffective|p1a: Floette|1
|-resisted|p1b: Lucario|1
|-damage|p1a: Floette|0 fnt
|-damage|p1b: Lucario|44/100
|-unboost|p2b: Gholdengo|spa|2
|faint|p1a: Floette
|-damage|p2b: Gholdengo|29/100|[from] item: Life Orb
|
|upkeep
|turn|8
|
|t:|1785969339
|move|p2a: Zoroark|Shadow Ball|p1b: Lucario
|-damage|p1b: Lucario|0 fnt
|faint|p1b: Lucario
|
|win|ToastedArt
|raw|Pop0_PP's rating: 1088 → 1063(-25 for losing)
|raw|ToastedArt's rating: 1054 → 1089(+35 for winning)
