|j|☆Gokizinho
|j|☆testdigi
|html|Gokizinhotestdigi    
|uhtml|bestof|Game 1 of a best-of-3
|t:|1784814341
|gametype|doubles
|player|p1|Gokizinho|parasollady-gen4|1030
|player|p2|testdigi|101|1164
|gen|9
|tier|[Gen 9 Champions] VGC 2026 Reg M-B (Bo3)
|rated|
|rule|Species Clause: Limit one of each Pokémon
|rule|Item Clause: Limit 1 of each item
|clearpoke
|poke|p1|Scrafty, L50, F, shiny|
|poke|p1|Torkoal, L50, M, shiny|
|poke|p1|Mr. Rime, L50, M, shiny|
|poke|p1|Ampharos, L50, M, shiny|
|poke|p1|Armarouge, L50, M, shiny|
|poke|p1|Aromatisse, L50, F, shiny|
|poke|p2|Raichu, L50, M|
|poke|p2|Toxapex, L50, F|
|poke|p2|Mamoswine, L50, F|
|poke|p2|Sylveon, L50, M|
|poke|p2|Corviknight, L50, F|
|poke|p2|Basculegion, L50, M|
|teampreview|4
|showteam|p1|Scrafty||Scraftinite|Intimidate|FakeOut,DrainPunch,KnockOff,Protect|Adamant||F|||50|]Torkoal||Charcoal|Drought|Protect,WeatherBall,Eruption,HeatWave|Modest||M|||50|]Mr. Rime||SitrusBerry|ScreenCleaner|FreezeDry,FakeOut,LightScreen,TrickRoom|Sassy||M|||50|]Ampharos||Ampharosite|Static|Protect,Discharge,Thunderbolt,DragonPulse|Modest||M|||50|]Armarouge||LifeOrb|FlashFire|ArmorCannon,Psychic,CalmMind,Protect|Modest||M|||50|]Aromatisse||Leftovers|AromaVeil|TrickRoom,Protect,Moonblast,AllySwitch|Bold||F|||50|
|showteam|p2|Raichu||RaichuniteY|LightningRod|ZapCannon,FocusBlast,FakeOut,Protect|Timid||M|||50|]Toxapex||Leftovers|Regenerator|Infestation,Toxic,Recover,BanefulBunker|Impish||F|||50|]Mamoswine||LifeOrb|Oblivious|HighHorsepower,IceShard,RockSlide,Protect|Adamant||F|||50|]Sylveon||FairyFeather|Pixilate|HyperVoice,QuickAttack,Yawn,Detect|Modest||M|||50|]Corviknight||OccaBerry|MirrorArmor|IronHead,BraveBird,Tailwind,Protect|Adamant||F|||50|]Basculegion||FocusSash|Adaptability|LastRespects,Liquidation,AquaJet,Protect|Adamant||M|||50|
|inactive|Battle timer is ON: inactive players will automatically lose when time's up. (requested by Gokizinho)
|inactive|Gokizinho has 60 seconds left.
|inactive|testdigi has 60 seconds left.
|
|t:|1784814403
|teamsize|p1|4
|teamsize|p2|4
|start
|switch|p1a: Mr. Rime|Mr. Rime, L50, M, shiny|100/100
|switch|p1b: Scrafty|Scrafty, L50, F, shiny|100/100
|switch|p2a: Toxapex|Toxapex, L50, F|100/100
|switch|p2b: Raichu|Raichu, L50, M|100/100
|-ability|p1b: Scrafty|Intimidate|boost
|-unboost|p2a: Toxapex|atk|1
|-unboost|p2b: Raichu|atk|1
|turn|1
|inactive|testdigi has 30 seconds left.
|inactive|testdigi has 20 seconds left.
|
|t:|1784814443
|detailschange|p2b: Raichu|Raichu-Mega-Y, L50, M
|-mega|p2b: Raichu|Raichu|Raichunite Y
|move|p2b: Raichu|Fake Out|p1a: Mr. Rime
|-damage|p1a: Mr. Rime|93/100
|cant|p1a: Mr. Rime|flinch
|move|p1b: Scrafty|Fake Out|p2a: Toxapex
|-damage|p2a: Toxapex|91/100
|cant|p2a: Toxapex|flinch
|
|-heal|p2a: Toxapex|96/100|[from] item: Leftovers
|upkeep
|turn|2
|
|t:|1784814462
|move|p2b: Raichu|Focus Blast|p1b: Scrafty
|-supereffective|p1b: Scrafty|1
|-damage|p1b: Scrafty|30/100
|move|p1b: Scrafty|Drain Punch|p2b: Raichu
|-damage|p2b: Raichu|49/100
|-heal|p1b: Scrafty|54/100|[from] drain|[of] p2b: Raichu
|move|p2a: Toxapex|Toxic|p1a: Mr. Rime
|-status|p1a: Mr. Rime|tox
|move|p1a: Mr. Rime|Trick Room|p1a: Mr. Rime
|-fieldstart|move: Trick Room|[of] p1a: Mr. Rime
|
|-heal|p2a: Toxapex|100/100|[from] item: Leftovers
|-damage|p1a: Mr. Rime|87/100 tox|[from] psn
|upkeep
|turn|3
|
|t:|1784814475
|move|p2b: Raichu|Protect|p2b: Raichu
|-singleturn|p2b: Raichu|Protect
|move|p2a: Toxapex|Infestation|p1b: Scrafty
|-damage|p1b: Scrafty|51/100
|-activate|p1b: Scrafty|move: Infestation|[of] p2a: Toxapex
|move|p1b: Scrafty|Drain Punch|p2b: Raichu
|-activate|p2b: Raichu|move: Protect
|move|p1a: Mr. Rime|Freeze-Dry|p2a: Toxapex
|-supereffective|p2a: Toxapex|1
|-damage|p2a: Toxapex|56/100
|
|-heal|p2a: Toxapex|62/100|[from] item: Leftovers
|-damage|p1a: Mr. Rime|75/100 tox|[from] psn
|-damage|p1b: Scrafty|38/100|[from] move: Infestation|[partiallytrapped]
|upkeep
|turn|4
|
|t:|1784814490
|switch|p2b: Sylveon|Sylveon, L50, M|100/100
|move|p2a: Toxapex|Recover|p2a: Toxapex
|-heal|p2a: Toxapex|100/100
|move|p1b: Scrafty|Knock Off|p2b: Sylveon
|-resisted|p2b: Sylveon|1
|-damage|p2b: Sylveon|79/100
|-enditem|p2b: Sylveon|Fairy Feather|[from] move: Knock Off|[of] p1b: Scrafty
|move|p1a: Mr. Rime|Freeze-Dry|p2a: Toxapex
|-supereffective|p2a: Toxapex|1
|-damage|p2a: Toxapex|60/100
|
|-heal|p2a: Toxapex|66/100|[from] item: Leftovers
|-damage|p1a: Mr. Rime|57/100 tox|[from] psn
|-damage|p1b: Scrafty|26/100|[from] move: Infestation|[partiallytrapped]
|upkeep
|turn|5
|
|t:|1784814514
|switch|p1a: Torkoal|Torkoal, L50, M, shiny|100/100
|-weather|SunnyDay|[from] ability: Drought|[of] p1a: Torkoal
|move|p2a: Toxapex|Baneful Bunker|p2a: Toxapex
|-singleturn|p2a: Toxapex|move: Protect
|move|p2b: Sylveon|Quick Attack|p1b: Scrafty
|-supereffective|p1b: Scrafty|2
|-damage|p1b: Scrafty|0 fnt
|faint|p1b: Scrafty
|
|-weather|SunnyDay|[upkeep]
|-heal|p2a: Toxapex|71/100|[from] item: Leftovers
|upkeep
|
|t:|1784814527
|switch|p1b: Ampharos|Ampharos, L50, M, shiny|100/100
|turn|6
|
|t:|1784814544
|detailschange|p1b: Ampharos|Ampharos-Mega, L50, M, shiny
|-mega|p1b: Ampharos|Ampharos|Ampharosite
|-ability|p1b: Ampharos|Mold Breaker
|move|p1a: Torkoal|Protect|p1a: Torkoal
|-singleturn|p1a: Torkoal|Protect
|move|p2b: Sylveon|Detect|p2b: Sylveon
|-singleturn|p2b: Sylveon|Protect
|move|p2a: Toxapex|Toxic|p1a: Torkoal
|-activate|p1a: Torkoal|move: Protect
|move|p1b: Ampharos|Discharge|p2b: Sylveon|[spread] p2a
|-activate|p1a: Torkoal|move: Protect
|-activate|p2b: Sylveon|move: Protect
|-supereffective|p2a: Toxapex|1
|-damage|p2a: Toxapex|13/100
|-status|p2a: Toxapex|par
|
|-weather|SunnyDay|[upkeep]
|-heal|p2a: Toxapex|19/100 par|[from] item: Leftovers
|-fieldend|move: Trick Room
|upkeep
|turn|7
|inactive|Gokizinho has 30 seconds left.
|inactive|testdigi has 30 seconds left.
|
|t:|1784814578
|move|p2b: Sylveon|Hyper Voice|p1b: Ampharos|[spread] p1a,p1b
|-resisted|p1a: Torkoal|1
|-supereffective|p1b: Ampharos|1
|-damage|p1a: Torkoal|77/100
|-damage|p1b: Ampharos|44/100
|move|p1b: Ampharos|Thunderbolt|p2a: Toxapex
|-supereffective|p2a: Toxapex|1
|-damage|p2a: Toxapex|0 fnt
|faint|p2a: Toxapex
|move|p1a: Torkoal|Weather Ball|p2b: Sylveon
|-damage|p2b: Sylveon|22/100
|
|-weather|SunnyDay|[upkeep]
|upkeep
|
|t:|1784814588
|switch|p2a: Mamoswine|Mamoswine, L50, F|100/100
|turn|8
|inactive|testdigi has 30 seconds left.
|inactive|Gokizinho has 30 seconds left.
|
|t:|1784814630
|switch|p1b: Mr. Rime|Mr. Rime, L50, M, shiny|57/100 tox
|move|p1a: Torkoal|Protect|p1a: Torkoal
|-singleturn|p1a: Torkoal|Protect
|move|p2a: Mamoswine|Ice Shard|p1b: Mr. Rime
|-resisted|p1b: Mr. Rime|1
|-damage|p1b: Mr. Rime|39/100 tox
|-enditem|p1b: Mr. Rime|Sitrus Berry|[eat]
|-heal|p1b: Mr. Rime|63/100 tox|[from] item: Sitrus Berry
|-damage|p2a: Mamoswine|90/100|[from] item: Life Orb
|move|p2b: Sylveon|Hyper Voice|p1b: Mr. Rime|[spread] p1b
|-activate|p1a: Torkoal|move: Protect
|-damage|p1b: Mr. Rime|40/100 tox
|
|-weather|SunnyDay|[upkeep]
|-damage|p1b: Mr. Rime|34/100 tox|[from] psn
|upkeep
|turn|9
|
|t:|1784814646
|move|p1b: Mr. Rime|Fake Out|p2a: Mamoswine
|-damage|p2a: Mamoswine|80/100
|cant|p2a: Mamoswine|flinch
|move|p2b: Sylveon|Yawn|p1a: Torkoal
|-start|p1a: Torkoal|move: Yawn|[of] p2b: Sylveon
|move|p1a: Torkoal|Heat Wave|p2b: Sylveon|[spread] p2a,p2b
|-supereffective|p2a: Mamoswine|1
|-damage|p2a: Mamoswine|0 fnt
|-damage|p2b: Sylveon|0 fnt
|faint|p2a: Mamoswine
|faint|p2b: Sylveon
|
|-weather|none
|-damage|p1b: Mr. Rime|22/100 tox|[from] psn
|upkeep
|
|t:|1784814649
|switch|p2b: Raichu|Raichu-Mega-Y, L50, M|49/100
|turn|10
|inactive|testdigi has 30 seconds left.
|
|t:|1784814678
|switch|p1a: Ampharos|Ampharos-Mega, L50, M, shiny|44/100
|-ability|p1a: Ampharos|Mold Breaker
|move|p2b: Raichu|Zap Cannon|p1a: Ampharos
|-resisted|p1a: Ampharos|2
|-damage|p1a: Ampharos|30/100
|move|p1b: Mr. Rime|Trick Room|p1b: Mr. Rime
|-fieldstart|move: Trick Room|[of] p1b: Mr. Rime
|
|-damage|p1b: Mr. Rime|5/100 tox|[from] psn
|upkeep
|turn|11
|-message|testdigi forfeited.
|
|win|Gokizinho
