|j|☆standardamerican
|j|☆KrisDeltarun
|html|standardamericanKrisDeltarun    
|uhtml|bestof|Game 1 of a best-of-3
|t:|1784885471
|gametype|doubles
|player|p1|standardamerican|170|1333
|player|p2|KrisDeltarun|cowgirl|1205
|gen|9
|tier|[Gen 9 Champions] VGC 2026 Reg M-B (Bo3)
|rated|
|rule|Species Clause: Limit one of each Pokémon
|rule|Item Clause: Limit 1 of each item
|clearpoke
|poke|p1|Sinistcha, L50|
|poke|p1|Incineroar, L50, F|
|poke|p1|Milotic, L50, M|
|poke|p1|Raichu, L50, F|
|poke|p1|Gardevoir, L50, F|
|poke|p1|Ceruledge, L50, M|
|poke|p2|Raichu, L50, M|
|poke|p2|Gyarados, L50, M|
|poke|p2|Gholdengo, L50|
|poke|p2|Sinistcha, L50|
|poke|p2|Sneasler, L50, F|
|poke|p2|Pelipper, L50, M|
|teampreview|4
|showteam|p1|Sinistcha||KasibBerry|Hospitality|MatchaGotcha,TrickRoom,RagePowder,Protect|Bold|||||50|]Incineroar||SitrusBerry|Intimidate|FlareBlitz,DarkestLariat,FakeOut,PartingShot|Careful||F|||50|]Milotic||Leftovers|Competitive|MuddyWater,Coil,Hypnosis,Protect|Calm||M|||50|]Raichu||RaichuniteY|LightningRod|ZapCannon,FocusBlast,FakeOut,Protect|Timid||F|||50|]Gardevoir||Gardevoirite|Trace|HyperVoice,Psyshock,TrickRoom,Protect|Modest||F|||50|]Ceruledge||ColburBerry|FlashFire|BitterBlade,ShadowSneak,BulkUp,Protect|Adamant||M|||50|
|showteam|p2|Raichu||RaichuniteY|LightningRod|FakeOut,ZapCannon,FocusBlast,Protect|Timid||M|||50|]Gyarados||Gyaradosite|Intimidate|Waterfall,Crunch,DragonDance,Protect|Adamant||M|||50|]Gholdengo||Leftovers|GoodasGold|MakeItRain,ShadowBall,NastyPlot,Protect|Modest|||||50|]Sinistcha||ColburBerry|Hospitality|MatchaGotcha,RagePowder,LifeDew,TrickRoom|Sassy|||||50|]Sneasler||FocusSash|Unburden|FakeOut,CloseCombat,DireClaw,Coaching|Jolly||F|||50|]Pelipper||SitrusBerry|Drizzle|WeatherBall,Tailwind,Hurricane,WideGuard|Calm||M|||50|
|
|t:|1784885532
|teamsize|p1|4
|teamsize|p2|4
|start
|switch|p1a: Milotic|Milotic, L50, M|100/100
|switch|p1b: Gardevoir|Gardevoir, L50, F|100/100
|switch|p2a: Raichu|Raichu, L50, M|100/100
|switch|p2b: Gholdengo|Gholdengo, L50|100/100
|-ability|p1b: Gardevoir|Good as Gold|Trace|[from] ability: Trace|[of] p2b: Gholdengo
|turn|1
|
|t:|1784885565
|switch|p1a: Sinistcha|Sinistcha, L50|100/100
|detailschange|p2a: Raichu|Raichu-Mega-Y, L50, M
|-mega|p2a: Raichu|Raichu|Raichunite Y
|move|p1b: Gardevoir|Protect|p1b: Gardevoir
|-singleturn|p1b: Gardevoir|Protect
|move|p2a: Raichu|Fake Out|p1a: Sinistcha
|-immune|p1a: Sinistcha
|move|p2b: Gholdengo|Nasty Plot|p2b: Gholdengo
|-boost|p2b: Gholdengo|spa|2
|
|upkeep
|turn|2
|
|t:|1784885586
|switch|p1b: Incineroar|Incineroar, L50, F|100/100
|-ability|p1b: Incineroar|Intimidate|boost
|-unboost|p2a: Raichu|atk|1
|-unboost|p2b: Gholdengo|atk|1
|move|p2a: Raichu|Zap Cannon|p1a: Sinistcha
|-resisted|p1a: Sinistcha|1
|-damage|p1a: Sinistcha|66/100
|-status|p1a: Sinistcha|par
|move|p2b: Gholdengo|Make It Rain|p1b: Incineroar|[spread] p1a,p1b
|-resisted|p1b: Incineroar|1
|-damage|p1a: Sinistcha|0 fnt
|-damage|p1b: Incineroar|65/100
|-unboost|p2b: Gholdengo|spa|2
|faint|p1a: Sinistcha
|
|upkeep
|
|t:|1784885602
|switch|p1a: Gardevoir|Gardevoir, L50, F|100/100
|-ability|p1a: Gardevoir|No Guard|Trace|[from] ability: Trace|[of] p2a: Raichu
|turn|3
|
|t:|1784885617
|detailschange|p1a: Gardevoir|Gardevoir-Mega, L50, F
|-mega|p1a: Gardevoir|Gardevoir|Gardevoirite
|move|p1b: Incineroar|Fake Out|p2a: Raichu
|-damage|p2a: Raichu|83/100
|cant|p2a: Raichu|flinch
|move|p2b: Gholdengo|Nasty Plot|p2b: Gholdengo
|-boost|p2b: Gholdengo|spa|2
|move|p1a: Gardevoir|Trick Room|p1a: Gardevoir
|-fieldstart|move: Trick Room|[of] p1a: Gardevoir
|
|upkeep
|turn|4
|
|t:|1784885642
|move|p2b: Gholdengo|Protect|p2b: Gholdengo
|-singleturn|p2b: Gholdengo|Protect
|move|p1b: Incineroar|Flare Blitz|p2a: Raichu
|-damage|p2a: Raichu|15/100
|-damage|p1b: Incineroar|49/100|[from] Recoil
|-enditem|p1b: Incineroar|Sitrus Berry|[eat]
|-heal|p1b: Incineroar|74/100|[from] item: Sitrus Berry
|move|p1a: Gardevoir|Hyper Voice|p2b: Gholdengo|[spread] p2a
|-activate|p2b: Gholdengo|move: Protect
|-damage|p2a: Raichu|0 fnt
|faint|p2a: Raichu
|
|upkeep
|
|t:|1784885649
|switch|p2a: Sneasler|Sneasler, L50, F|100/100
|turn|5
|
|t:|1784885670
|switch|p1b: Milotic|Milotic, L50, M|100/100
|move|p1a: Gardevoir|Protect|p1a: Gardevoir
|-singleturn|p1a: Gardevoir|Protect
|move|p2a: Sneasler|Fake Out|p1b: Milotic
|-crit|p1b: Milotic
|-damage|p1b: Milotic|83/100
|move|p2b: Gholdengo|Shadow Ball|p1a: Gardevoir
|-activate|p1a: Gardevoir|move: Protect
|
|-heal|p1b: Milotic|89/100|[from] item: Leftovers
|upkeep
|turn|6
|
|t:|1784885695
|switch|p1a: Incineroar|Incineroar, L50, F|74/100
|-ability|p1a: Incineroar|Intimidate|boost
|-unboost|p2a: Sneasler|atk|1
|-unboost|p2b: Gholdengo|atk|1
|move|p1b: Milotic|Muddy Water|p2a: Sneasler|[spread] p2a,p2b
|-damage|p2a: Sneasler|64/100
|-damage|p2b: Gholdengo|78/100
|-unboost|p2b: Gholdengo|accuracy|1
|move|p2b: Gholdengo|Shadow Ball|p1a: Incineroar
|-resisted|p1a: Incineroar|1
|-damage|p1a: Incineroar|43/100
|move|p2a: Sneasler|Close Combat|p1a: Incineroar
|-supereffective|p1a: Incineroar|1
|-damage|p1a: Incineroar|0 fnt
|-unboost|p2a: Sneasler|def|1
|-unboost|p2a: Sneasler|spd|1
|faint|p1a: Incineroar
|
|-heal|p1b: Milotic|95/100|[from] item: Leftovers
|-heal|p2b: Gholdengo|84/100|[from] item: Leftovers
|upkeep
|
|t:|1784885707
|switch|p1a: Gardevoir|Gardevoir-Mega, L50, F|100/100
|turn|7
|
|t:|1784885732
|move|p1b: Milotic|Muddy Water|p2b: Gholdengo|[spread] p2b
|-miss|p1b: Milotic|p2a: Sneasler
|-damage|p2b: Gholdengo|62/100
|-unboost|p2b: Gholdengo|accuracy|1
|move|p1a: Gardevoir|Hyper Voice|p2b: Gholdengo|[spread] p2a,p2b
|-resisted|p2b: Gholdengo|1
|-damage|p2a: Sneasler|0 fnt
|-damage|p2b: Gholdengo|39/100
|faint|p2a: Sneasler
|move|p2b: Gholdengo|Shadow Ball|p1a: Gardevoir
|-supereffective|p1a: Gardevoir|1
|-damage|p1a: Gardevoir|0 fnt
|faint|p1a: Gardevoir
|
|-heal|p1b: Milotic|100/100|[from] item: Leftovers
|-heal|p2b: Gholdengo|45/100|[from] item: Leftovers
|-fieldend|move: Trick Room
|upkeep
|
|t:|1784885735
|switch|p2a: Pelipper|Pelipper, L50, M|100/100
|-weather|RainDance|[from] ability: Drizzle|[of] p2a: Pelipper
|turn|8
|
|t:|1784885749
|move|p2b: Gholdengo|Shadow Ball|p1b: Milotic
|-damage|p1b: Milotic|45/100
|move|p2a: Pelipper|Hurricane|p1b: Milotic
|-damage|p1b: Milotic|22/100
|move|p1b: Milotic|Hypnosis|p2a: Pelipper
|-status|p2a: Pelipper|slp|[from] move: Hypnosis
|
|-weather|RainDance|[upkeep]
|-heal|p2b: Gholdengo|51/100|[from] item: Leftovers
|-heal|p1b: Milotic|28/100|[from] item: Leftovers
|upkeep
|turn|9
|
|t:|1784885759
|move|p2b: Gholdengo|Shadow Ball|p1b: Milotic
|-damage|p1b: Milotic|0 fnt
|faint|p1b: Milotic
|
|win|KrisDeltarun
