|j|☆komsu
|j|☆BBQ69
|html|komsuBBQ69    
|uhtml|bestof|Game 2 of a best-of-3
|t:|1783768293
|gametype|doubles
|player|p1|komsu|gambler|1219
|player|p2|BBQ69|rosa|1203
|gen|9
|tier|[Gen 9 Champions] VGC 2026 Reg M-B (Bo3)
|rated|
|rule|Species Clause: Limit one of each Pokémon
|rule|Item Clause: Limit 1 of each item
|clearpoke
|poke|p1|Kingambit, L50, M|
|poke|p1|Charizard, L50, M|
|poke|p1|Aerodactyl, L50, F|
|poke|p1|Incineroar, L50, F|
|poke|p1|Garchomp, L50, F|
|poke|p1|Sylveon, L50, M|
|poke|p2|Pelipper, L50, F|
|poke|p2|Swampert, L50, F|
|poke|p2|Grimmsnarl, L50, M, shiny|
|poke|p2|Sceptile, L50, F|
|poke|p2|Archaludon, L50, F|
|poke|p2|Rotom-Heat, L50|
|teampreview|4
|showteam|p1|Kingambit||FocusSash|Defiant|KowtowCleave,IronHead,SuckerPunch,LowKick|Adamant||M|||50|]Charizard||CharizarditeY|Blaze|HeatWave,SolarBeam,WeatherBall,Protect|Modest||M|||50|]Aerodactyl||Aerodactylite|Unnerve|RockSlide,DualWingbeat,Protect,Tailwind|Jolly||F|||50|]Incineroar||SitrusBerry|Intimidate|FlareBlitz,FakeOut,PartingShot,DarkestLariat|Careful||F|||50|]Garchomp||LifeOrb|RoughSkin|Earthquake,DragonClaw,RockSlide,Protect|Jolly||F|||50|]Sylveon||FairyFeather|Pixilate|HyperVoice,HyperBeam,QuickAttack,Protect|Modest||M|||50|
|showteam|p2|Pelipper||FocusSash|Drizzle|Protect,Hurricane,WeatherBall,WideGuard|Timid||F|||50|]Swampert||Swampertite|Torrent|Protect,WaveCrash,Earthquake,IcyWind|Adamant||F|||50|]Grimmsnarl||LightClay|Prankster|FakeOut,Reflect,LightScreen,SpiritBreak|Careful||M|||50|]Sceptile||Sceptilite|Overgrow|Protect,EnergyBall,DragonPulse,EarthPower|Modest||F|||50|]Archaludon||SitrusBerry|Stamina|Protect,ElectroShot,FlashCannon,DracoMeteor|Modest||F|||50|]Rotom-Heat||ChoiceScarf|Levitate|VoltSwitch,Discharge,Overheat,Electroweb|Timid|||||50|
|inactive|Battle timer is ON: inactive players will automatically lose when time's up. (requested by BBQ69)
|inactive|komsu has 60 seconds left.
|
|t:|1783768337
|teamsize|p1|4
|teamsize|p2|4
|start
|switch|p1a: Sylveon|Sylveon, L50, M|100/100
|switch|p1b: Charizard|Charizard, L50, M|100/100
|switch|p2a: Rotom|Rotom-Heat, L50|100/100
|switch|p2b: Sceptile|Sceptile, L50, F|100/100
|turn|1
|inactive|komsu has 30 seconds left.
|
|t:|1783768364
|move|p2b: Sceptile|Protect|p2b: Sceptile
|-singleturn|p2b: Sceptile|Protect
|move|p1b: Charizard|Protect|p1b: Charizard
|-singleturn|p1b: Charizard|Protect
|move|p2a: Rotom|Volt Switch|p1a: Sylveon
|-damage|p1a: Sylveon|74/100
|
|t:|1783768378
|switch|p2a: Pelipper|Pelipper, L50, F|100/100|[from] Volt Switch
|-weather|RainDance|[from] ability: Drizzle|[of] p2a: Pelipper
|move|p1a: Sylveon|Hyper Voice|p2a: Pelipper|[spread] p2a
|-activate|p2b: Sceptile|move: Protect
|-damage|p2a: Pelipper|7/100
|
|-weather|RainDance|[upkeep]
|upkeep
|turn|2
|inactive|BBQ69 has 30 seconds left.
|
|t:|1783768409
|switch|p2b: Rotom|Rotom-Heat, L50|100/100
|detailschange|p1b: Charizard|Charizard-Mega-Y, L50, M
|-mega|p1b: Charizard|Charizard|Charizardite Y
|-weather|SunnyDay|[from] ability: Drought|[of] p1b: Charizard
|move|p2a: Pelipper|Protect|p2a: Pelipper
|-singleturn|p2a: Pelipper|Protect
|move|p1a: Sylveon|Quick Attack|p2a: Pelipper
|-activate|p2a: Pelipper|move: Protect
|move|p1b: Charizard|Weather Ball|p2b: Rotom
|-resisted|p2b: Rotom|1
|-damage|p2b: Rotom|40/100
|
|-weather|SunnyDay|[upkeep]
|upkeep
|turn|3
|inactive|komsu has 30 seconds left.
|inactive|BBQ69 has 30 seconds left.
|
|t:|1783768436
|switch|p2a: Sceptile|Sceptile, L50, F|100/100
|switch|p1b: Garchomp|Garchomp, L50, F|100/100
|move|p2b: Rotom|Discharge|p1b: Garchomp|[spread] p2a,p1a
|-immune|p1b: Garchomp
|-resisted|p2a: Sceptile|1
|-damage|p2a: Sceptile|82/100
|-damage|p1a: Sylveon|54/100
|-status|p2a: Sceptile|par
|-status|p1a: Sylveon|par
|cant|p1a: Sylveon|par
|
|-weather|SunnyDay|[upkeep]
|upkeep
|turn|4
|inactive|komsu has 30 seconds left.
|inactive|BBQ69 has 30 seconds left.
|inactive|komsu has 20 seconds left.
|inactive|BBQ69 has 20 seconds left.
|inactive|BBQ69 has 15 seconds left.
|inactive|BBQ69 has 10 seconds left.
|
|t:|1783768495
|detailschange|p2a: Sceptile|Sceptile-Mega, L50, F
|-mega|p2a: Sceptile|Sceptile|Sceptilite
|move|p2b: Rotom|Discharge|p1b: Garchomp|[spread] p1a
|-ability|p2a: Sceptile|Lightning Rod|boost
|-boost|p2a: Sceptile|spa|1
|-immune|p1b: Garchomp
|-damage|p1a: Sylveon|32/100 par
|move|p1b: Garchomp|Dragon Claw|p2a: Sceptile
|-supereffective|p2a: Sceptile|1
|-damage|p2a: Sceptile|0 fnt
|faint|p2a: Sceptile
|-damage|p1b: Garchomp|90/100|[from] item: Life Orb
|cant|p1a: Sylveon|par
|
|-weather|SunnyDay|[upkeep]
|upkeep
|
|t:|1783768507
|switch|p2a: Archaludon|Archaludon, L50, F|100/100
|turn|5
|inactive|komsu has 30 seconds left.
|
|t:|1783768537
|switch|p2b: Pelipper|Pelipper, L50, F|7/100
|-weather|RainDance|[from] ability: Drizzle|[of] p2b: Pelipper
|move|p1a: Sylveon|Protect|p1a: Sylveon
|-singleturn|p1a: Sylveon|Protect
|move|p1b: Garchomp|Dragon Claw|p2b: Pelipper
|-damage|p2b: Pelipper|0 fnt
|faint|p2b: Pelipper
|-damage|p1b: Garchomp|80/100|[from] item: Life Orb
|move|p2a: Archaludon|Electro Shot||[still]
|-prepare|p2a: Archaludon|Electro Shot
|-boost|p2a: Archaludon|spa|1
|-anim|p2a: Archaludon|Electro Shot|p1a: Sylveon
|-activate|p1a: Sylveon|move: Protect
|
|-weather|RainDance|[upkeep]
|upkeep
|
|t:|1783768545
|switch|p2b: Rotom|Rotom-Heat, L50|40/100
|turn|6
|inactive|BBQ69 has 30 seconds left.
|
|t:|1783768571
|switch|p1a: Charizard|Charizard-Mega-Y, L50, M|100/100
|-weather|SunnyDay|[from] ability: Drought|[of] p1a: Charizard
|move|p2b: Rotom|Electroweb|p1a: Charizard|[spread] p1a
|-immune|p1b: Garchomp
|-supereffective|p1a: Charizard|1
|-damage|p1a: Charizard|70/100
|-unboost|p1a: Charizard|spe|1
|move|p1b: Garchomp|Dragon Claw|p2b: Rotom
|-damage|p2b: Rotom|0 fnt
|faint|p2b: Rotom
|-damage|p1b: Garchomp|70/100|[from] item: Life Orb
|move|p2a: Archaludon|Draco Meteor|p1b: Garchomp
|-supereffective|p1b: Garchomp|1
|-damage|p1b: Garchomp|0 fnt
|-unboost|p2a: Archaludon|spa|2
|faint|p1b: Garchomp
|
|-weather|SunnyDay|[upkeep]
|upkeep
|
|t:|1783768591
|switch|p1b: Sylveon|Sylveon, L50, M|32/100 par
|turn|7
|
|t:|1783768604
|move|p2a: Archaludon|Electro Shot||[still]
|-prepare|p2a: Archaludon|Electro Shot
|-boost|p2a: Archaludon|spa|1
|move|p1a: Charizard|Weather Ball|p2a: Archaludon
|-damage|p2a: Archaludon|6/100
|-ability|p2a: Archaludon|Stamina|boost
|-boost|p2a: Archaludon|def|1
|-enditem|p2a: Archaludon|Sitrus Berry|[eat]
|-heal|p2a: Archaludon|31/100|[from] item: Sitrus Berry
|move|p1b: Sylveon|Hyper Beam|p2a: Archaludon
|-damage|p2a: Archaludon|0 fnt
|-mustrecharge|p1b: Sylveon
|faint|p2a: Archaludon
|
|win|komsu
|raw|komsu's rating: 1219 → 1243(+24 for winning)
|raw|BBQ69's rating: 1203 → 1179(-24 for losing)
|l|☆BBQ69
|player|p2|
