|j|☆danicruz.music
|j|☆Slowjow
|html|danicruz.musicSlowjow    
|uhtml|bestof|Game 1 of a best-of-3
|t:|1757714033
|gametype|doubles
|player|p1|danicruz.music|whitney|1238
|player|p2|Slowjow|1|1263
|gen|9
|tier|[Gen 9] VGC 2025 Reg H (Bo3)
|rated|
|rule|Species Clause: Limit one of each Pokémon
|rule|Item Clause: Limit 1 of each item
|clearpoke
|poke|p1|Dondozo, L50, M|
|poke|p1|Tatsugiri-Stretchy, L50, M|
|poke|p1|Pelipper, L50, F|
|poke|p1|Archaludon, L50, F|
|poke|p1|Weezing-Galar, L50, M|
|poke|p1|Dragapult, L50, F|
|poke|p2|Gliscor, L50, F|
|poke|p2|Electabuzz, L50, F|
|poke|p2|Tauros-Paldea-Blaze, L50, M|
|poke|p2|Haxorus, L50, F|
|poke|p2|Kingambit, L50, M|
|poke|p2|Ninetales-Alola, L50, M|
|teampreview|4
|showteam|p1|Dondozo||Leftovers|Unaware|WaveCrash,Earthquake,OrderUp,Protect|||M|||50|,,,,,Ground]Tatsugiri-Stretchy||FocusSash|Commander|DragonPulse,MirrorCoat,MuddyWater,IcyWind|||M|||50|,,,,,Fairy]Pelipper||CovertCloak|Drizzle|Hurricane,WeatherBall,WideGuard,Tailwind|||F|||50|,,,,,Fire]Archaludon||PowerHerb|Stalwart|ElectroShot,FlashCannon,DracoMeteor,Protect|||F|||50|,,,,,Electric]Weezing-Galar||RockyHelmet|NeutralizingGas|DazzlingGleam,PoisonGas,SludgeBomb,Protect|||M|||50|,,,,,Flying]Dragapult||LifeOrb|ClearBody|DragonDarts,Protect,PhantomForce,TeraBlast|||F|||50|,,,,,Fighting
|showteam|p2|Gliscor||ToxicOrb|PoisonHeal|HighHorsepower,DualWingbeat,SwordsDance,Protect|||F|||50|,,,,,Water]Electabuzz||Eviolite|VitalSpirit|Electroweb,Taunt,FollowMe,Protect|||F|||50|,,,,,Ghost]Tauros-Paldea-Blaze||MirrorHerb|Intimidate|RagingBull,CloseCombat,WillOWisp,Protect|||M|||50|,,,,,Grass]Haxorus||ClearAmulet|MoldBreaker|Outrage,DragonDance,StompingTantrum,Protect|||F|||50|,,,,,Ground]Kingambit||BlackGlasses|Defiant|KowtowCleave,SuckerPunch,SwordsDance,Protect|||M|||50|,,,,,Dark]Ninetales-Alola||LightClay|SnowWarning|AuroraVeil,FreezeDry,Encore,Protect|||M|||50|,,,,,Water
|inactive|Battle timer is ON: inactive players will automatically lose when time's up. (requested by danicruz.music)
|inactive|Slowjow has 60 seconds left.
|
|t:|1757714065
|teamsize|p1|4
|teamsize|p2|4
|start
|switch|p1a: Dondozo|Dondozo, L50, M|100/100
|switch|p1b: Tatsugiri|Tatsugiri-Stretchy, L50, M|100/100
|switch|p2a: Electabuzz|Electabuzz, L50, F|100/100
|switch|p2b: Kingambit|Kingambit, L50, M|100/100
|-activate|p1b: Tatsugiri|ability: Commander|[of] p1a: Dondozo
|-boost|p1a: Dondozo|atk|2
|-boost|p1a: Dondozo|spa|2
|-boost|p1a: Dondozo|spe|2
|-boost|p1a: Dondozo|def|2
|-boost|p1a: Dondozo|spd|2
|turn|1
|
|t:|1757714081
|-terastallize|p1a: Dondozo|Ground
|move|p2b: Kingambit|Protect|p2b: Kingambit
|-singleturn|p2b: Kingambit|Protect
|move|p2a: Electabuzz|Electroweb|p1a: Dondozo|[spread] 
|-miss|p2a: Electabuzz|p1b: Tatsugiri
|-immune|p1a: Dondozo
|move|p1a: Dondozo|Earthquake|p2b: Kingambit|[spread] p2a
|-miss|p1a: Dondozo|p1b: Tatsugiri
|-activate|p2b: Kingambit|move: Protect
|-supereffective|p2a: Electabuzz
|-damage|p2a: Electabuzz|3/100
|
|upkeep
|turn|2
|inactive|Slowjow has 30 seconds left.
|inactive|Slowjow has 20 seconds left.
|
|t:|1757714118
|switch|p2b: Ninetales|Ninetales-Alola, L50, M|100/100
|-weather|Snowscape|[from] ability: Snow Warning|[of] p2b: Ninetales
|move|p2a: Electabuzz|Taunt|p1a: Dondozo
|-start|p1a: Dondozo|move: Taunt
|move|p1a: Dondozo|Earthquake|p2a: Electabuzz|[spread] p2a,p2b
|-miss|p1a: Dondozo|p1b: Tatsugiri
|-supereffective|p2a: Electabuzz
|-damage|p2a: Electabuzz|0 fnt
|-damage|p2b: Ninetales|50/100
|faint|p2a: Electabuzz
|
|-weather|Snowscape|[upkeep]
|upkeep
|inactive|Slowjow has 30 seconds left.
|
|t:|1757714143
|switch|p2a: Haxorus|Haxorus, L50, F|100/100
|-ability|p2a: Haxorus|Mold Breaker
|turn|3
|
|t:|1757714158
|move|p2a: Haxorus|Protect|p2a: Haxorus
|-singleturn|p2a: Haxorus|Protect
|move|p2b: Ninetales|Aurora Veil|p2b: Ninetales
|-sidestart|p2: Slowjow|move: Aurora Veil
|move|p1a: Dondozo|Earthquake|p2a: Haxorus|[spread] p2b
|-miss|p1a: Dondozo|p1b: Tatsugiri
|-activate|p2a: Haxorus|move: Protect
|-damage|p2b: Ninetales|16/100
|
|-weather|Snowscape|[upkeep]
|upkeep
|turn|4
|
|t:|1757714174
|move|p2b: Ninetales|Freeze-Dry|p1a: Dondozo
|-supereffective|p1a: Dondozo
|-damage|p1a: Dondozo|79/100
|move|p2a: Haxorus|Dragon Dance|p2a: Haxorus
|-boost|p2a: Haxorus|atk|1
|-boost|p2a: Haxorus|spe|1
|move|p1a: Dondozo|Earthquake|p2a: Haxorus|[spread] p2a,p2b
|-miss|p1a: Dondozo|p1b: Tatsugiri
|-damage|p2a: Haxorus|44/100
|-damage|p2b: Ninetales|0 fnt
|faint|p2b: Ninetales
|
|-weather|Snowscape|[upkeep]
|-heal|p1a: Dondozo|86/100|[from] item: Leftovers
|-end|p1a: Dondozo|move: Taunt
|upkeep
|
|t:|1757714190
|switch|p2b: Kingambit|Kingambit, L50, M|100/100
|turn|5
|
|t:|1757714197
|move|p1a: Dondozo|Protect|p1a: Dondozo
|-singleturn|p1a: Dondozo|Protect
|move|p2a: Haxorus|Outrage|p1b: Tatsugiri|[miss]
|-miss|p2a: Haxorus|p1b: Tatsugiri
|move|p2b: Kingambit|Swords Dance|p2b: Kingambit
|-boost|p2b: Kingambit|atk|2
|
|-weather|Snowscape|[upkeep]
|-heal|p1a: Dondozo|92/100|[from] item: Leftovers
|upkeep
|turn|6
|
|t:|1757714211
|move|p2a: Haxorus|Outrage|p1b: Tatsugiri|[miss]
|-miss|p2a: Haxorus|p1b: Tatsugiri
|move|p1a: Dondozo|Earthquake|p2a: Haxorus|[spread] p2a,p2b
|-miss|p1a: Dondozo|p1b: Tatsugiri
|-supereffective|p2b: Kingambit
|-damage|p2a: Haxorus|0 fnt
|-damage|p2b: Kingambit|34/100
|faint|p2a: Haxorus
|move|p2b: Kingambit|Kowtow Cleave|p1a: Dondozo
|-damage|p1a: Dondozo|73/100
|
|-weather|none
|-heal|p1a: Dondozo|79/100|[from] item: Leftovers
|upkeep
|turn|7
|
|t:|1757714228
|move|p2b: Kingambit|Sucker Punch|p1a: Dondozo
|-damage|p1a: Dondozo|62/100
|move|p1a: Dondozo|Earthquake|p2b: Kingambit|[spread] p2b
|-miss|p1a: Dondozo|p1b: Tatsugiri
|-supereffective|p2b: Kingambit
|-damage|p2b: Kingambit|0 fnt
|faint|p2b: Kingambit
|
|win|danicruz.music
|l|☆danicruz.music
|player|p1|
||danicruz.music is ready for game 2.
|inactive|Slowjow has 30 seconds to confirm battle start!
||Slowjow is ready for game 2.
|uhtml|next|Next: Game 2 of 3
