|j|☆MinasDevilCrobats
|j|‽Ghejeue
|html|MinasDevilCrobatsGhejeue    
|uhtml|bestof|Game 1 of a best-of-3
|t:|1756440390
|gametype|doubles
|player|p1|MinasDevilCrobats|darach-caitlin|1059
|player|p2|Ghejeue|265|1041
|gen|9
|tier|[Gen 9] VGC 2025 Reg H (Bo3)
|rated|
|rule|Species Clause: Limit one of each Pokémon
|rule|Item Clause: Limit 1 of each item
|clearpoke
|poke|p1|Indeedee, L50, M|
|poke|p1|Sneasler, L50, F|
|poke|p1|Ursaluna-Bloodmoon, L50, M|
|poke|p1|Pelipper, L50, F|
|poke|p1|Archaludon, L50, M|
|poke|p1|Basculegion, L50, M|
|poke|p2|Gholdengo, L50|
|poke|p2|Tinkaton, L50, F|
|poke|p2|Sneasler, L50, F|
|poke|p2|Volcarona, L50, F|
|poke|p2|Basculegion, L50, M|
|poke|p2|Rillaboom, L50, M|
|teampreview|4
|showteam|p1|Indeedee||ChoiceScarf|PsychicSurge|ExpandingForce,DazzlingGleam,Trick,Protect|||M|||50|,,,,,Psychic]Sneasler||PsychicSeed|Unburden|CloseCombat,DireClaw,ThroatChop,Protect|||F|||50|,,,,,Dark]Ursaluna-Bloodmoon||LifeOrb|MindsEye|BloodMoon,HyperVoice,EarthPower,Protect|||M|||50|,,,,,Normal]Pelipper||FocusSash|Drizzle|Hurricane,WeatherBall,Tailwind,Protect|||F|||50|,,,,,Ghost]Archaludon||AssaultVest|Stamina|ElectroShot,BodyPress,FlashCannon,DracoMeteor|||M|||50|,,,,,Grass]Basculegion||ChoiceBand|SwiftSwim|WaveCrash,LastRespects,FlipTurn,AquaJet|||M|||50|,,,,,Ghost
|showteam|p2|Gholdengo||LifeOrb|GoodasGold|MakeItRain,ShadowBall,NastyPlot,Protect||||||50|,,,,,Water]Tinkaton||SitrusBerry|MoldBreaker|FakeOut,HelpingHand,GigatonHammer,Reflect|||F|||50|,,,,,Water]Sneasler||FocusSash|PoisonTouch|FakeOut,CloseCombat,DireClaw,Protect|||F|||50|,,,,,Stellar]Volcarona||RockyHelmet|FlameBody|RagePowder,Tailwind,StruggleBug,Overheat|||F|||50|,,,,,Fairy]Basculegion||MysticWater|Adaptability|WaveCrash,AquaJet,Protect,FlipTurn|||M|||50|,,,,,Water]Rillaboom||AssaultVest|GrassySurge|FakeOut,GrassyGlide,WoodHammer,HighHorsepower|||M|||50|,,,,,Fire
|inactive|Battle timer is ON: inactive players will automatically lose when time's up. (requested by Ghejeue)
|inactive|MinasDevilCrobats has 60 seconds left.
|
|t:|1756440439
|teamsize|p1|4
|teamsize|p2|4
|start
|switch|p1a: Indeedee|Indeedee, L50, M|100/100
|switch|p1b: Ursaluna|Ursaluna-Bloodmoon, L50, M|100/100
|switch|p2a: Tinkaton|Tinkaton, L50, F|100/100
|switch|p2b: Basculegion|Basculegion, L50, M|100/100
|-fieldstart|move: Psychic Terrain|[from] ability: Psychic Surge|[of] p1a: Indeedee
|-ability|p2a: Tinkaton|Mold Breaker
|turn|1
|inactive|MinasDevilCrobats has 30 seconds left.
|inactive|Ghejeue has 30 seconds left.
|
|t:|1756440467
|switch|p2b: Rillaboom|Rillaboom, L50, M|100/100
|-fieldstart|move: Grassy Terrain|[from] ability: Grassy Surge|[of] p2b: Rillaboom
|-terastallize|p1b: Ursaluna|Normal
|move|p2a: Tinkaton|Fake Out|p1b: Ursaluna
|-damage|p1b: Ursaluna|94/100
|move|p1a: Indeedee|Expanding Force|p2b: Rillaboom
|-crit|p2b: Rillaboom
|-damage|p2b: Rillaboom|69/100
|cant|p1b: Ursaluna|flinch
|
|-heal|p2b: Rillaboom|75/100|[from] Grassy Terrain
|-heal|p1b: Ursaluna|99/100|[from] Grassy Terrain
|upkeep
|turn|2
|inactive|Ghejeue has 30 seconds left.
|
|t:|1756440497
|switch|p1a: Pelipper|Pelipper, L50, F|100/100
|-weather|RainDance|[from] ability: Drizzle|[of] p1a: Pelipper
|move|p2b: Rillaboom|Fake Out|p1b: Ursaluna
|-damage|p1b: Ursaluna|91/100
|move|p2a: Tinkaton|Gigaton Hammer|p1b: Ursaluna
|-damage|p1b: Ursaluna|52/100
|cant|p1b: Ursaluna|flinch
|
|-weather|RainDance|[upkeep]
|-heal|p2b: Rillaboom|81/100|[from] Grassy Terrain
|-heal|p1b: Ursaluna|58/100|[from] Grassy Terrain
|upkeep
|turn|3
|inactive|Ghejeue has 30 seconds left.
|
|t:|1756440523
|move|p2a: Tinkaton|Helping Hand|p2b: Rillaboom
|-singleturn|p2b: Rillaboom|Helping Hand|[of] p2a: Tinkaton
|move|p1b: Ursaluna|Protect|p1b: Ursaluna
|-singleturn|p1b: Ursaluna|Protect
|move|p1a: Pelipper|Tailwind|p1a: Pelipper
|-sidestart|p1: MinasDevilCrobats|move: Tailwind
|move|p2b: Rillaboom|Wood Hammer|p1b: Ursaluna
|-activate|p1b: Ursaluna|move: Protect
|
|-weather|RainDance|[upkeep]
|-heal|p1b: Ursaluna|64/100|[from] Grassy Terrain
|-heal|p2b: Rillaboom|87/100|[from] Grassy Terrain
|upkeep
|turn|4
|
|t:|1756440544
|-terastallize|p2b: Rillaboom|Fire
|move|p1a: Pelipper|Hurricane|p2b: Rillaboom
|-damage|p2b: Rillaboom|57/100
|move|p1b: Ursaluna|Blood Moon|p2b: Rillaboom
|-crit|p2b: Rillaboom
|-damage|p2b: Rillaboom|0 fnt
|faint|p2b: Rillaboom
|-damage|p1b: Ursaluna|55/100|[from] item: Life Orb
|move|p2a: Tinkaton|Gigaton Hammer|p1b: Ursaluna
|-damage|p1b: Ursaluna|15/100
|
|-weather|RainDance|[upkeep]
|-heal|p1b: Ursaluna|22/100|[from] Grassy Terrain
|upkeep
|inactive|Ghejeue has 30 seconds left.
|
|t:|1756440574
|switch|p2b: Basculegion|Basculegion, L50, M|100/100
|turn|5
|
|t:|1756440583
|switch|p1a: Indeedee|Indeedee, L50, M|100/100
|-fieldstart|move: Psychic Terrain|[from] ability: Psychic Surge|[of] p1a: Indeedee
|move|p2a: Tinkaton|Helping Hand|p2b: Basculegion
|-singleturn|p2b: Basculegion|Helping Hand|[of] p2a: Tinkaton
|move|p1b: Ursaluna|Protect|p1b: Ursaluna
|-singleturn|p1b: Ursaluna|Protect
|move|p2b: Basculegion|Flip Turn|p1a: Indeedee
|-damage|p1a: Indeedee|0 fnt
|faint|p1a: Indeedee
|
|t:|1756440595
|switch|p2b: Gholdengo|Gholdengo, L50|100/100|[from] Flip Turn
|
|-weather|RainDance|[upkeep]
|upkeep
|
|t:|1756440597
|switch|p1a: Basculegion|Basculegion, L50, M|100/100
|turn|6
|
|t:|1756440611
|move|p2b: Gholdengo|Protect|p2b: Gholdengo
|-singleturn|p2b: Gholdengo|Protect
|move|p1a: Basculegion|Last Respects|p2b: Gholdengo
|-activate|p2b: Gholdengo|move: Protect
|move|p1b: Ursaluna|Earth Power|p2b: Gholdengo
|-activate|p2b: Gholdengo|move: Protect
|move|p2a: Tinkaton|Reflect|p2a: Tinkaton
|-sidestart|p2: Ghejeue|Reflect
|
|-weather|none
|-sideend|p1: MinasDevilCrobats|move: Tailwind
|upkeep
|turn|7
|inactive|Ghejeue has 30 seconds left.
|inactive|Ghejeue has 20 seconds left.
|inactive|Ghejeue has 15 seconds left.
|
|t:|1756440653
|switch|p1a: Pelipper|Pelipper, L50, F|100/100
|-weather|RainDance|[from] ability: Drizzle|[of] p1a: Pelipper
|move|p2a: Tinkaton|Gigaton Hammer|p1b: Ursaluna
|-damage|p1b: Ursaluna|0 fnt
|faint|p1b: Ursaluna
|move|p2b: Gholdengo|Shadow Ball|p1a: Pelipper
|-damage|p1a: Pelipper|14/100
|-damage|p2b: Gholdengo|91/100|[from] item: Life Orb
|
|-weather|RainDance|[upkeep]
|upkeep
|
|t:|1756440662
|switch|p1b: Basculegion|Basculegion, L50, M|100/100
|turn|8
|
|t:|1756440680
|switch|p2a: Basculegion|Basculegion, L50, M|100/100
|move|p2b: Gholdengo|Protect|p2b: Gholdengo
|-singleturn|p2b: Gholdengo|Protect
|move|p1b: Basculegion|Last Respects|p2b: Gholdengo
|-activate|p2b: Gholdengo|move: Protect
|move|p1a: Pelipper|Weather Ball|p2a: Basculegion
|-resisted|p2a: Basculegion
|-crit|p2a: Basculegion
|-damage|p2a: Basculegion|51/100
|
|-weather|RainDance|[upkeep]
|upkeep
|turn|9
|inactive|Ghejeue has 30 seconds left.
|
|t:|1756440712
|switch|p2b: Tinkaton|Tinkaton, L50, F|100/100
|-ability|p2b: Tinkaton|Mold Breaker
|move|p1b: Basculegion|Last Respects|p2b: Tinkaton
|-damage|p2b: Tinkaton|2/100
|-enditem|p2b: Tinkaton|Sitrus Berry|[eat]
|-heal|p2b: Tinkaton|26/100|[from] item: Sitrus Berry
|move|p1a: Pelipper|Hurricane|p2a: Basculegion
|-damage|p2a: Basculegion|0 fnt
|faint|p2a: Basculegion
|
|-weather|RainDance|[upkeep]
|-fieldend|move: Psychic Terrain
|upkeep
|
|t:|1756440727
|switch|p2a: Gholdengo|Gholdengo, L50|91/100
|turn|10
|
|t:|1756440739
|move|p2a: Gholdengo|Protect|p2a: Gholdengo
|-singleturn|p2a: Gholdengo|Protect
|move|p1b: Basculegion|Last Respects|p2a: Gholdengo
|-activate|p2a: Gholdengo|move: Protect
|move|p2b: Tinkaton|Gigaton Hammer|p1b: Basculegion
|-resisted|p1b: Basculegion
|-damage|p1b: Basculegion|70/100
|move|p1a: Pelipper|Weather Ball|p2b: Tinkaton
|-damage|p2b: Tinkaton|0 fnt
|faint|p2b: Tinkaton
|
|-weather|RainDance|[upkeep]
|-sideend|p2: Ghejeue|Reflect
|upkeep
|turn|11
|
|t:|1756440754
|move|p1b: Basculegion|Last Respects|p2a: Gholdengo
|-supereffective|p2a: Gholdengo
|-damage|p2a: Gholdengo|0 fnt
|faint|p2a: Gholdengo
|
|win|MinasDevilCrobats
|l|‽Ghejeue
|player|p2|
||MinasDevilCrobats is ready for game 2.
||Ghejeue is ready for game 2.
|uhtml|next|Next: Game 2 of 3
