|j|☆Rfriedrich16
|j|☆MrPhoenixGC
|html|Rfriedrich16MrPhoenixGC    
|uhtml|bestof|Game 1 of a best-of-3
|t:|1756918148
|gametype|doubles
|player|p1|Rfriedrich16|unknownf|1065
|player|p2|MrPhoenixGC|steven|1143
|gen|9
|tier|[Gen 9] VGC 2025 Reg H (Bo3)
|rated|
|rule|Species Clause: Limit one of each Pokémon
|rule|Item Clause: Limit 1 of each item
|clearpoke
|poke|p1|Gothitelle, L50, M|
|poke|p1|Dragapult, L50, M|
|poke|p1|Primarina, L50, M|
|poke|p1|Ursaluna-Bloodmoon, L50, M|
|poke|p1|Rillaboom, L50, F|
|poke|p1|Grimmsnarl, L50, M|
|poke|p2|Gholdengo, L50|
|poke|p2|Pelipper, L50, M|
|poke|p2|Archaludon, L50, F|
|poke|p2|Ursaluna, L50, M|
|poke|p2|Dragonite, L50, M|
|poke|p2|Sinistcha, L50|
|teampreview|4
|showteam|p1|Gothitelle||SitrusBerry|ShadowTag|Protect,FakeOut,Psychic,TrickRoom|||M|||50|,,,,,Dark]Dragapult||SpellTag|CursedBody|Substitute,Disable,WillOWisp,Hex|||M|||50|,,,,,Fairy]Primarina||Leftovers|LiquidVoice|PerishSong,Protect,LifeDew,HyperVoice|||M|||50|,,,,,Dragon]Ursaluna-Bloodmoon||ThroatSpray|MindsEye|HyperVoice,BloodMoon,EarthPower,Protect|||M|||50|,,,,,Normal]Rillaboom||AssaultVest|GrassySurge|FakeOut,GrassyGlide,WoodHammer,Uturn|||F|||50|,,,,,Fire]Grimmsnarl||LightClay|Prankster|LightScreen,Reflect,PartingShot,ThunderWave|||M|||50|,,,,,Ghost
|showteam|p2|Gholdengo||ChoiceScarf|GoodasGold|MakeItRain,ShadowBall,Trick,Protect||||||50|,,,,,Steel]Pelipper||FocusSash|Drizzle|Protect,MuddyWater,Hurricane,WideGuard|||M|||50|,,,,,Ghost]Archaludon||AssaultVest|Stamina|BodyPress,Snarl,ElectroShot,FlashCannon|||F|||50|,,,,,Bug]Ursaluna||FlameOrb|Guts|Protect,Facade,Earthquake,HeadlongRush|||M|||50|,,,,,Ghost]Dragonite||LoadedDice|Multiscale|ScaleShot,Haze,Tailwind,Protect|||M|||50|,,,,,Fairy]Sinistcha||SitrusBerry|Hospitality|TrickRoom,MatchaGotcha,LifeDew,RagePowder||||||50|,,,,,Dark
|
|t:|1756918197
|teamsize|p1|4
|teamsize|p2|4
|start
|switch|p1a: Primarina|Primarina, L50, M, shiny|100/100
|switch|p1b: Dragapult|Dragapult, L50, M|100/100
|switch|p2a: Gholdengo|Gholdengo, L50|100/100
|switch|p2b: Dragonite|Dragonite, L50, M|100/100
|turn|1
|
|t:|1756918228
|move|p2a: Gholdengo|Make It Rain|p1b: Dragapult|[spread] p1a,p1b
|-damage|p1a: Primarina|58/100
|-damage|p1b: Dragapult|43/100
|-unboost|p2a: Gholdengo|spa|1
|move|p1b: Dragapult|Hex|p2a: Gholdengo
|-supereffective|p2a: Gholdengo
|-damage|p2a: Gholdengo|31/100
|move|p2b: Dragonite|Tailwind|p2b: Dragonite
|-sidestart|p2: MrPhoenixGC|move: Tailwind
|move|p1a: Primarina|Perish Song|p1a: Primarina
|-start|p1a: Primarina|perish3|[silent]
|-start|p1b: Dragapult|perish3|[silent]
|-immune|p2a: Gholdengo|[from] ability: Good as Gold
|-start|p2b: Dragonite|perish3|[silent]
|-fieldactivate|move: Perish Song
|
|-heal|p1a: Primarina|64/100|[from] item: Leftovers
|-start|p2b: Dragonite|perish3
|-start|p1b: Dragapult|perish3
|-start|p1a: Primarina|perish3
|upkeep
|turn|2
|
|t:|1756918267
|switch|p1b: Ursaluna|Ursaluna-Bloodmoon, L50, M|100/100
|move|p2b: Dragonite|Protect|p2b: Dragonite
|-singleturn|p2b: Dragonite|Protect
|move|p2a: Gholdengo|Make It Rain|p1a: Primarina|[spread] p1a,p1b
|-damage|p1a: Primarina|37/100
|-damage|p1b: Ursaluna|62/100
|-unboost|p2a: Gholdengo|spa|1
|move|p1a: Primarina|Life Dew|p1a: Primarina|[spread] p1a,p1b
|-heal|p1a: Primarina|62/100
|-heal|p1b: Ursaluna|87/100
|
|-heal|p1a: Primarina|68/100|[from] item: Leftovers
|-start|p2b: Dragonite|perish2
|-start|p1a: Primarina|perish2
|upkeep
|turn|3
|
|t:|1756918326
|switch|p1a: Gothitelle|Gothitelle, L50, M, shiny|100/100
|move|p2a: Gholdengo|Make It Rain|p1b: Ursaluna|[spread] p1a,p1b
|-damage|p1a: Gothitelle|81/100
|-damage|p1b: Ursaluna|58/100
|-unboost|p2a: Gholdengo|spa|1
|move|p2b: Dragonite|Scale Shot|p1b: Ursaluna
|-crit|p1b: Ursaluna
|-damage|p1b: Ursaluna|39/100
|-damage|p1b: Ursaluna|28/100
|-damage|p1b: Ursaluna|16/100
|-damage|p1b: Ursaluna|4/100
|-crit|p1b: Ursaluna
|-damage|p1b: Ursaluna|0 fnt
|faint|p1b: Ursaluna
|-hitcount|p1: Ursaluna|5
|-unboost|p2b: Dragonite|def|1
|-boost|p2b: Dragonite|spe|1
|
|-start|p2b: Dragonite|perish1
|upkeep
|
|t:|1756918344
|switch|p1b: Dragapult|Dragapult, L50, M|43/100
|turn|4
|
|t:|1756918388
|-terastallize|p2a: Gholdengo|Steel
|move|p1a: Gothitelle|Fake Out|p2b: Dragonite
|-damage|p2b: Dragonite|96/100
|move|p2a: Gholdengo|Make It Rain|p1a: Gothitelle|[spread] p1a,p1b
|-damage|p1a: Gothitelle|61/100
|-damage|p1b: Dragapult|8/100
|-unboost|p2a: Gholdengo|spa|1
|cant|p2b: Dragonite|flinch
|move|p1b: Dragapult|Substitute|p1b: Dragapult
|-fail|p1b: Dragapult|move: Substitute|[weak]
|
|-start|p2b: Dragonite|perish0
|-sideend|p2: MrPhoenixGC|move: Tailwind
|upkeep
|faint|p2b: Dragonite
|
|t:|1756918416
|switch|p2b: Pelipper|Pelipper, L50, M|100/100
|-weather|RainDance|[from] ability: Drizzle|[of] p2b: Pelipper
|turn|5
|
|t:|1756918449
|switch|p1b: Primarina|Primarina, L50, M, shiny|68/100
|move|p1a: Gothitelle|Protect|p1a: Gothitelle
|-singleturn|p1a: Gothitelle|Protect
|move|p2a: Gholdengo|Make It Rain|p1b: Primarina|[spread] p1b
|-activate|p1a: Gothitelle|move: Protect
|-damage|p1b: Primarina|50/100
|-unboost|p2a: Gholdengo|spa|1
|move|p2b: Pelipper|Hurricane|p1a: Gothitelle
|-activate|p1a: Gothitelle|move: Protect
|
|-weather|RainDance|[upkeep]
|-heal|p1b: Primarina|56/100|[from] item: Leftovers
|upkeep
|turn|6
|
|t:|1756918469
|move|p2a: Gholdengo|Make It Rain|p1b: Primarina|[spread] p1a,p1b
|-damage|p1a: Gothitelle|44/100
|-damage|p1b: Primarina|41/100
|-unboost|p2a: Gholdengo|spa|1
|-enditem|p1a: Gothitelle|Sitrus Berry|[eat]
|-heal|p1a: Gothitelle|69/100|[from] item: Sitrus Berry
|move|p2b: Pelipper|Hurricane|p1b: Primarina
|-damage|p1b: Primarina|0 fnt
|faint|p1b: Primarina
|move|p1a: Gothitelle|Psychic|p2b: Pelipper
|-damage|p2b: Pelipper|45/100
|
|-weather|RainDance|[upkeep]
|upkeep
|
|t:|1756918498
|switch|p1b: Dragapult|Dragapult, L50, M|8/100
|turn|7
|
|t:|1756918516
|move|p2b: Pelipper|Protect|p2b: Pelipper
|-singleturn|p2b: Pelipper|Protect
|move|p2a: Gholdengo|Make It Rain|p1a: Gothitelle|[spread] p1a,p1b
|-damage|p1a: Gothitelle|55/100
|-damage|p1b: Dragapult|0 fnt
|faint|p1b: Dragapult
|move|p1a: Gothitelle|Psychic|p2b: Pelipper
|-activate|p2b: Pelipper|move: Protect
|
|-weather|RainDance|[upkeep]
|upkeep
|turn|8
|
|t:|1756918528
|move|p2a: Gholdengo|Make It Rain|p1a: Gothitelle
|-damage|p1a: Gothitelle|38/100
|move|p2b: Pelipper|Hurricane|p1a: Gothitelle
|-damage|p1a: Gothitelle|0 fnt
|faint|p1a: Gothitelle
|
|win|MrPhoenixGC
