|j|☆wingblade33
|j|☆pruaxx
|html|wingblade33pruaxx    
|uhtml|bestof|Game 2 of a best-of-3
|t:|1783616926
|gametype|doubles
|player|p1|wingblade33|265|1217
|player|p2|pruaxx|pokemaniac|1294
|gen|9
|tier|[Gen 9 Champions] VGC 2026 Reg M-B (Bo3)
|rated|
|rule|Species Clause: Limit one of each Pokémon
|rule|Item Clause: Limit 1 of each item
|clearpoke
|poke|p1|Staraptor, L50, M|
|poke|p1|Whimsicott, L50, M|
|poke|p1|Garchomp, L50, M|
|poke|p1|Charizard, L50, M|
|poke|p1|Gholdengo, L50|
|poke|p1|Basculegion, L50, M|
|poke|p2|Delphox, L50, M|
|poke|p2|Maushold, L50|
|poke|p2|Garchomp, L50, F|
|poke|p2|Incineroar, L50, F|
|poke|p2|Farigiraf, L50, F|
|poke|p2|Eelektross, L50, M|
|teampreview|4
|showteam|p1|Staraptor||Staraptite|Intimidate|BraveBird,CloseCombat,Protect,Roost|Jolly||M|||50|]Whimsicott||FocusSash|Prankster|Moonblast,Tailwind,Charm,Encore|Timid||M|||50|]Garchomp||LifeOrb|RoughSkin|Protect,Earthquake,DragonClaw,RockSlide|Jolly||M|||50|]Charizard||CharizarditeY|Blaze|HeatWave,WeatherBall,SolarBeam,Protect|Modest||M|||50|]Gholdengo||Leftovers|GoodasGold|MakeItRain,ShadowBall,NastyPlot,Protect|Modest|||||50|]Basculegion||MysticWater|Adaptability|WaveCrash,AquaJet,LastRespects,Protect|Adamant||M|||50|
|showteam|p2|Delphox||Delphoxite|Blaze|HeatWave,Psyshock,NastyPlot,Protect|Modest||M|||50|]Maushold||WideLens|Technician|PopulationBomb,FollowMe,Encore,ThunderWave|Jolly|||||50|]Garchomp||LifeOrb|RoughSkin|Earthquake,StompingTantrum,DragonClaw,Protect|Adamant||F|||50|]Incineroar||Leftovers|Intimidate|FakeOut,FlareBlitz,DarkestLariat,PartingShot|Careful||F|||50|]Farigiraf||SitrusBerry|ArmorTail|Psychic,HyperVoice,TrickRoom,HelpingHand|Bold||F|||50|]Eelektross||Eelektrossite|Levitate|Thunderbolt,Flamethrower,Discharge,Protect|Modest||M|||50|
|inactive|Battle timer is ON: inactive players will automatically lose when time's up. (requested by pruaxx)
|inactive|wingblade33 has 60 seconds left.
|
|t:|1783616964
|teamsize|p1|4
|teamsize|p2|4
|start
|switch|p1a: Garchomp|Garchomp, L50, M|100/100
|switch|p1b: Whimsicott|Whimsicott, L50, M|100/100
|switch|p2a: Maushold|Maushold, L50|100/100
|switch|p2b: Delphox|Delphox, L50, M|100/100
|turn|1
|inactive|pruaxx has 30 seconds left.
|
|t:|1783616994
|detailschange|p2b: Delphox|Delphox-Mega, L50, M
|-mega|p2b: Delphox|Delphox|Delphoxite
|move|p1b: Whimsicott|Tailwind|p1b: Whimsicott
|-sidestart|p1: wingblade33|move: Tailwind
|move|p1a: Garchomp|Rock Slide|p2b: Delphox|[spread] p2a,p2b
|-supereffective|p2b: Delphox|1
|-damage|p2a: Maushold|63/100
|-damage|p2b: Delphox|37/100
|-damage|p1a: Garchomp|90/100|[from] item: Life Orb
|move|p2b: Delphox|Psyshock|p1a: Garchomp
|-damage|p1a: Garchomp|37/100
|cant|p2a: Maushold|flinch
|
|upkeep
|turn|2
|inactive|wingblade33 has 30 seconds left.
|inactive|pruaxx has 30 seconds left.
|inactive|wingblade33 has 20 seconds left.
|inactive|wingblade33 has 15 seconds left.
|
|t:|1783617038
|move|p2b: Delphox|Protect|p2b: Delphox
|-singleturn|p2b: Delphox|Protect
|move|p1b: Whimsicott|Moonblast|p2a: Maushold
|-damage|p2a: Maushold|18/100
|-unboost|p2a: Maushold|spa|1
|move|p1a: Garchomp|Rock Slide|p2b: Delphox|[spread] p2a
|-activate|p2b: Delphox|move: Protect
|-damage|p2a: Maushold|0 fnt
|faint|p2a: Maushold
|-damage|p1a: Garchomp|28/100|[from] item: Life Orb
|
|upkeep
|
|t:|1783617046
|switch|p2a: Incineroar|Incineroar, L50, F|100/100
|-ability|p2a: Incineroar|Intimidate|boost
|-unboost|p1a: Garchomp|atk|1
|-unboost|p1b: Whimsicott|atk|1
|turn|3
|inactive|wingblade33 has 30 seconds left.
|
|t:|1783617080
|switch|p2b: Garchomp|Garchomp, L50, F|100/100
|move|p2a: Incineroar|Fake Out|p1b: Whimsicott
|-damage|p1b: Whimsicott|84/100
|cant|p1b: Whimsicott|flinch
|move|p1a: Garchomp|Rock Slide|p2b: Garchomp|[spread] p2a,p2b
|-supereffective|p2a: Incineroar|1
|-resisted|p2b: Garchomp|1
|-damage|p2a: Incineroar|72/100
|-damage|p2b: Garchomp|92/100
|-damage|p1a: Garchomp|18/100|[from] item: Life Orb
|
|-heal|p2a: Incineroar|78/100|[from] item: Leftovers
|upkeep
|turn|4
|inactive|wingblade33 has 30 seconds left.
|inactive|pruaxx has 30 seconds left.
|inactive|wingblade33 has 20 seconds left.
|inactive|wingblade33 has 15 seconds left.
|inactive|wingblade33 has 10 seconds left.
|
|t:|1783617128
|switch|p1b: Charizard|Charizard, L50, M|100/100
|move|p2b: Garchomp|Protect|p2b: Garchomp
|-singleturn|p2b: Garchomp|Protect
|move|p1a: Garchomp|Earthquake|p2b: Garchomp|[spread] p2a
|-activate|p2b: Garchomp|move: Protect
|-immune|p1b: Charizard
|-supereffective|p2a: Incineroar|1
|-damage|p2a: Incineroar|16/100
|-damage|p1a: Garchomp|8/100|[from] item: Life Orb
|move|p2a: Incineroar|Flare Blitz|p1b: Charizard
|-resisted|p1b: Charizard|1
|-damage|p1b: Charizard|65/100
|-damage|p2a: Incineroar|7/100|[from] Recoil
|
|-heal|p2a: Incineroar|13/100|[from] item: Leftovers
|-sideend|p1: wingblade33|move: Tailwind
|upkeep
|turn|5
|inactive|wingblade33 has 30 seconds left.
|
|t:|1783617160
|detailschange|p1b: Charizard|Charizard-Mega-Y, L50, M
|-mega|p1b: Charizard|Charizard|Charizardite Y
|-weather|SunnyDay|[from] ability: Drought|[of] p1b: Charizard
|move|p1a: Garchomp|Dragon Claw|p2b: Garchomp
|-supereffective|p2b: Garchomp|1
|-damage|p2b: Garchomp|30/100
|-damage|p1a: Garchomp|0 fnt|[from] ability: Rough Skin|[of] p2b: Garchomp
|faint|p1a: Garchomp
|move|p1b: Charizard|Weather Ball|p2b: Garchomp
|-resisted|p2b: Garchomp|1
|-damage|p2b: Garchomp|0 fnt
|faint|p2b: Garchomp
|move|p2a: Incineroar|Parting Shot|p1b: Charizard
|-unboost|p1b: Charizard|atk|1
|-unboost|p1b: Charizard|spa|1
|
|t:|1783617173
|switch|p2a: Delphox|Delphox-Mega, L50, M|37/100|[from] Parting Shot
|
|-weather|SunnyDay|[upkeep]
|upkeep
|
|t:|1783617185
|switch|p1a: Basculegion|Basculegion, L50, M|100/100
|switch|p2b: Incineroar|Incineroar, L50, F|13/100
|-ability|p2b: Incineroar|Intimidate|boost
|-unboost|p1a: Basculegion|atk|1
|-unboost|p1b: Charizard|atk|1
|turn|6
|inactive|wingblade33 has 30 seconds left.
|
|t:|1783617213
|move|p1b: Charizard|Protect|p1b: Charizard
|-singleturn|p1b: Charizard|Protect
|move|p1a: Basculegion|Protect|p1a: Basculegion
|-singleturn|p1a: Basculegion|Protect
|move|p2a: Delphox|Psyshock|p1b: Charizard
|-activate|p1b: Charizard|move: Protect
|move|p2b: Incineroar|Darkest Lariat|p1a: Basculegion
|-activate|p1a: Basculegion|move: Protect
|
|-weather|SunnyDay|[upkeep]
|-heal|p2b: Incineroar|19/100|[from] item: Leftovers
|upkeep
|turn|7
|
|t:|1783617236
|move|p2a: Delphox|Psyshock|p1b: Charizard
|-damage|p1b: Charizard|0 fnt
|faint|p1b: Charizard
|move|p1a: Basculegion|Last Respects|p2b: Incineroar
|-resisted|p2b: Incineroar|1
|-crit|p2b: Incineroar
|-damage|p2b: Incineroar|0 fnt
|faint|p2b: Incineroar
|
|-weather|SunnyDay|[upkeep]
|upkeep
|
|t:|1783617245
|switch|p1b: Whimsicott|Whimsicott, L50, M|84/100
|turn|8
|
|t:|1783617250
|move|p1b: Whimsicott|Tailwind|p1b: Whimsicott
|-sidestart|p1: wingblade33|move: Tailwind
|move|p1a: Basculegion|Last Respects|p2a: Delphox
|-supereffective|p2a: Delphox|1
|-crit|p2a: Delphox
|-damage|p2a: Delphox|0 fnt
|faint|p2a: Delphox
|
|win|wingblade33
|raw|wingblade33's rating: 1217 → 1247(+30 for winning)
|raw|pruaxx's rating: 1294 → 1264(-30 for losing)
