|j|☆boncuss
|j|☆psychic system
|html|boncusspsychic system    
|uhtml|bestof|Game 2 of a best-of-3
|t:|1757780600
|gametype|doubles
|player|p1|boncuss|wattson|1121
|player|p2|psychic system|dawn|1083
|gen|9
|tier|[Gen 9] VGC 2025 Reg H (Bo3)
|rated|
|rule|Species Clause: Limit one of each Pokémon
|rule|Item Clause: Limit 1 of each item
|clearpoke
|poke|p1|Garganacl, L50, F|
|poke|p1|Tyranitar, L50, M|
|poke|p1|Glimmora, L50, F|
|poke|p1|Talonflame, L50, F|
|poke|p1|Excadrill, L50, F|
|poke|p1|Gastrodon, L50, M|
|poke|p2|Maushold, L50|
|poke|p2|Basculegion, L50, M|
|poke|p2|Electabuzz, L50, F|
|poke|p2|Rillaboom, L50, F|
|poke|p2|Volcarona, L50, F|
|poke|p2|Annihilape, L50, M|
|teampreview|4
|showteam|p1|Garganacl||Leftovers|PurifyingSalt|SaltCure,Avalanche,WideGuard,Protect|||F|||50|,,,,,Grass]Tyranitar||AssaultVest|SandStream|RockSlide,KnockOff,LashOut,IcePunch|||M|||50|,,,,,Flying]Glimmora||PowerHerb|ToxicDebris|MeteorBeam,SpikyShield,SludgeBomb,EarthPower|||F|||50|,,,,,Grass]Talonflame||CovertCloak|GaleWings|DualWingbeat,FlareBlitz,Tailwind,WillOWisp|||F|||50|,,,,,Flying]Excadrill||SitrusBerry|SandRush|IronHead,Earthquake,SwordsDance,Protect|||F|||50|,,,,,Ghost]Gastrodon||LifeOrb|StormDrain|EarthPower,MuddyWater,IceBeam,Protect|||M|||50|,,,,,Fire
|showteam|p2|Maushold||SafetyGoggles|FriendGuard|BeatUp,FollowMe,Taunt,Protect||||||50|,,,,,Normal]Basculegion||ChoiceScarf|Adaptability|WaveCrash,AquaJet,LastRespects,FlipTurn|||M|||50|,,,,,Water]Electabuzz||Eviolite|VitalSpirit|Electroweb,Taunt,FollowMe,Protect|||F|||50|,,,,,Ghost]Rillaboom||AssaultVest|GrassySurge|WoodHammer,GrassyGlide,HighHorsepower,FakeOut|||F|||50|,,,,,Fire]Volcarona||CovertCloak|FlameBody|HeatWave,TeraBlast,QuiverDance,Protect|||F|||50|,,,,,Fairy]Annihilape||Leftovers|Defiant|DrainPunch,RageFist,BulkUp,Protect|||M|||50|,,,,,Water
|inactive|Battle timer is ON: inactive players will automatically lose when time's up. (requested by boncuss)
|
|t:|1757780608
|teamsize|p1|4
|teamsize|p2|4
|start
|switch|p1a: Talonflame|Talonflame, L50, F|100/100
|switch|p1b: Glimmora|Glimmora, L50, F|100/100
|switch|p2a: Maushold|Maushold, L50|100/100
|switch|p2b: Annihilape|Annihilape, L50, M|100/100
|turn|1
|
|t:|1757780614
|move|p2a: Maushold|Follow Me|p2a: Maushold
|-singleturn|p2a: Maushold|move: Follow Me
|move|p1a: Talonflame|Tailwind|p1a: Talonflame
|-sidestart|p1: boncuss|move: Tailwind
|move|p1b: Glimmora|Meteor Beam||[still]
|-prepare|p1b: Glimmora|Meteor Beam
|-boost|p1b: Glimmora|spa|1
|-enditem|p1b: Glimmora|Power Herb
|-anim|p1b: Glimmora|Meteor Beam|p2a: Maushold
|-damage|p2a: Maushold|0 fnt
|faint|p2a: Maushold
|move|p2b: Annihilape|Bulk Up|p2b: Annihilape
|-boost|p2b: Annihilape|atk|1
|-boost|p2b: Annihilape|def|1
|
|upkeep
|
|t:|1757780625
|switch|p2a: Electabuzz|Electabuzz, L50, F|100/100
|turn|2
|
|t:|1757780647
|-terastallize|p2a: Electabuzz|Ghost
|move|p2a: Electabuzz|Follow Me|p2a: Electabuzz
|-singleturn|p2a: Electabuzz|move: Follow Me
|move|p1a: Talonflame|Flare Blitz|p2a: Electabuzz
|-damage|p2a: Electabuzz|45/100
|-status|p2a: Electabuzz|brn
|-damage|p1a: Talonflame|82/100|[from] Recoil
|move|p1b: Glimmora|Earth Power|p2a: Electabuzz
|-damage|p2a: Electabuzz|5/100 brn
|move|p2b: Annihilape|Drain Punch|p1b: Glimmora
|-crit|p1b: Glimmora
|-damage|p1b: Glimmora|17/100
|-activate|p1b: Glimmora|ability: Toxic Debris
|-sidestart|p2: psychic system|move: Toxic Spikes
|
|-damage|p2a: Electabuzz|0 fnt|[from] brn
|faint|p2a: Electabuzz
|upkeep
|
|t:|1757780664
|switch|p2a: Basculegion|Basculegion, L50, M|100/100
|-status|p2a: Basculegion|psn
|turn|3
|
|t:|1757780687
|move|p1b: Glimmora|Spiky Shield|p1b: Glimmora
|-singleturn|p1b: Glimmora|move: Protect
|move|p1a: Talonflame|Will-O-Wisp|p2b: Annihilape
|-status|p2b: Annihilape|brn
|move|p2a: Basculegion|Wave Crash|p1a: Talonflame
|-supereffective|p1a: Talonflame
|-damage|p1a: Talonflame|0 fnt
|faint|p1a: Talonflame
|-damage|p2a: Basculegion|80/100 psn|[from] Recoil
|move|p2b: Annihilape|Drain Punch|p1b: Glimmora
|-activate|p1b: Glimmora|move: Protect
|-damage|p2b: Annihilape|88/100 brn|[from] Spiky Shield|[of] p1b: Glimmora
|
|-heal|p2b: Annihilape|94/100 brn|[from] item: Leftovers
|-damage|p2a: Basculegion|67/100 psn|[from] psn
|-damage|p2b: Annihilape|88/100 brn|[from] brn
|upkeep
|
|t:|1757780704
|switch|p1a: Excadrill|Excadrill, L50, F|100/100
|turn|4
|
|t:|1757780725
|move|p1b: Glimmora|Earth Power|p2a: Basculegion
|-damage|p2a: Basculegion|9/100 psn
|move|p1a: Excadrill|Iron Head|p2b: Annihilape
|-damage|p2b: Annihilape|54/100 brn
|move|p2a: Basculegion|Wave Crash|p1b: Glimmora
|-supereffective|p1b: Glimmora
|-damage|p1b: Glimmora|0 fnt
|-activate|p1b: Glimmora|ability: Toxic Debris
|-sidestart|p2: psychic system|move: Toxic Spikes
|faint|p1b: Glimmora
|-damage|p2a: Basculegion|4/100 psn|[from] Recoil
|move|p2b: Annihilape|Drain Punch|p1a: Excadrill
|-supereffective|p1a: Excadrill
|-damage|p1a: Excadrill|53/100
|-heal|p2b: Annihilape|75/100 brn|[from] drain|[of] p1a: Excadrill
|
|-heal|p2b: Annihilape|82/100 brn|[from] item: Leftovers
|-damage|p2a: Basculegion|0 fnt|[from] psn
|faint|p2a: Basculegion
|-damage|p2b: Annihilape|75/100 brn|[from] brn
|-sideend|p1: boncuss|move: Tailwind
|upkeep
|
|t:|1757780740
|switch|p1b: Tyranitar|Tyranitar, L50, M|100/100
|-weather|Sandstorm|[from] ability: Sand Stream|[of] p1b: Tyranitar
|turn|5
|
|t:|1757780751
|-terastallize|p1b: Tyranitar|Flying
|move|p2b: Annihilape|Protect|p2b: Annihilape
|-singleturn|p2b: Annihilape|Protect
|move|p1a: Excadrill|Iron Head|p2b: Annihilape
|-activate|p2b: Annihilape|move: Protect
|move|p1b: Tyranitar|Knock Off|p2b: Annihilape
|-activate|p2b: Annihilape|move: Protect
|
|-weather|Sandstorm|[upkeep]
|-damage|p2b: Annihilape|69/100 brn|[from] Sandstorm
|-damage|p1b: Tyranitar|95/100|[from] Sandstorm
|-heal|p2b: Annihilape|75/100 brn|[from] item: Leftovers
|-damage|p2b: Annihilape|69/100 brn|[from] brn
|upkeep
|turn|6
|
|t:|1757780759
|move|p1a: Excadrill|Iron Head|p2b: Annihilape
|-crit|p2b: Annihilape
|-damage|p2b: Annihilape|0 fnt
|faint|p2b: Annihilape
|
|win|boncuss
|raw|boncuss's rating: 1121 → 1143(+22 for winning)
|raw|psychic system's rating: 1083 → 1063(-20 for losing)
