|j|☆SP-9733
|j|☆owbd
|html|SP-9733owbd    
|uhtml|bestof|Game 1 of a best-of-3
|t:|1784793707
|gametype|doubles
|player|p1|SP-9733|n|1216
|player|p2|owbd|cynthia-gen4|1217
|gen|9
|tier|[Gen 9 Champions] VGC 2026 Reg M-B (Bo3)
|rated|
|rule|Species Clause: Limit one of each Pokémon
|rule|Item Clause: Limit 1 of each item
|clearpoke
|poke|p1|Staraptor, L50, M, shiny|
|poke|p1|Garchomp, L50, F|
|poke|p1|Grimmsnarl, L50, M|
|poke|p1|Sylveon, L50, F, shiny|
|poke|p1|Sinistcha-Masterpiece, L50|
|poke|p1|Blastoise, L50, M|
|poke|p2|Charizard, L50, F|
|poke|p2|Floette-Eternal, L50, F|
|poke|p2|Kingambit, L50, M|
|poke|p2|Garchomp, L50, M|
|poke|p2|Basculegion, L50, M|
|poke|p2|Whimsicott, L50, M|
|teampreview|4
|showteam|p1|Staraptor||Staraptite|Intimidate|CloseCombat,DualWingbeat,Protect,Roost|Jolly||M|||50|]Garchomp||LifeOrb|RoughSkin|StompingTantrum,DragonClaw,Protect,RockSlide|Jolly||F|||50|]Grimmsnarl||LightClay|Prankster|LightScreen,Reflect,PartingShot,SpiritBreak|Careful||M|||50|]Sylveon||FairyFeather|Pixilate|HyperVoice,HyperBeam,Detect,QuickAttack|Quiet||F|||50|]Sinistcha-Masterpiece||ColburBerry|Hospitality|TrickRoom,StrengthSap,RagePowder,MatchaGotcha|Bold|||||50|]Blastoise||Blastoisinite|Torrent|FakeOut,WaterSpout,DarkPulse,ShellSmash|Modest||M|||50|
|showteam|p2|Charizard||CharizarditeY|Blaze|HeatWave,WeatherBall,SolarBeam,Protect|Modest||F|||50|]Floette-Eternal||Floettite|FlowerVeil|Moonblast,DazzlingGleam,LightofRuin,Protect|Modest||F|||50|]Kingambit||BlackGlasses|Defiant|IronHead,KowtowCleave,SuckerPunch,Protect|Adamant||M|||50|]Garchomp||LifeOrb|RoughSkin|RockSlide,DragonClaw,Earthquake,Protect|Jolly||M|||50|]Basculegion||MysticWater|Adaptability|WaveCrash,LastRespects,AquaJet,Protect|Adamant||M|||50|]Whimsicott||FocusSash|Prankster|Moonblast,Encore,Tailwind,Protect|Timid||M|||50|
|inactive|Battle timer is ON: inactive players will automatically lose when time's up. (requested by owbd)
|inactive|SP-9733 has 60 seconds left.
|
|t:|1784793766
|teamsize|p1|4
|teamsize|p2|4
|start
|switch|p1a: Sinistcha|Sinistcha-Masterpiece, L50|100/100
|switch|p1b: Grimmsnarl|Grimmsnarl, L50, M|100/100
|switch|p2a: Floette|Floette-Eternal, L50, F|100/100
|switch|p2b: Whimsicott|Whimsicott, L50, M|100/100
|turn|1
|inactive|owbd has 30 seconds left.
|
|t:|1784793798
|detailschange|p2a: Floette|Floette-Mega, L50, F
|-mega|p2a: Floette|Floette|Floettite
|-ability|p2a: Floette|Fairy Aura
|move|p2b: Whimsicott|Tailwind|p2b: Whimsicott
|-sidestart|p2: owbd|move: Tailwind
|move|p1b: Grimmsnarl|Light Screen|p1b: Grimmsnarl
|-sidestart|p1: SP-9733|move: Light Screen
|move|p2a: Floette|Dazzling Gleam|p1a: Sinistcha|[spread] p1a,p1b
|-supereffective|p1b: Grimmsnarl|1
|-damage|p1a: Sinistcha|59/100
|-damage|p1b: Grimmsnarl|28/100
|move|p1a: Sinistcha|Trick Room|p1a: Sinistcha
|-fieldstart|move: Trick Room|[of] p1a: Sinistcha
|
|upkeep
|turn|2
|
|t:|1784793820
|switch|p1a: Sylveon|Sylveon, L50, F, shiny|100/100
|switch|p2a: Kingambit|Kingambit, L50, M|100/100
|move|p1b: Grimmsnarl|Parting Shot|p2a: Kingambit
|-hint|Since gen 7, Dark is immune to Prankster moves.
|-immune|p2a: Kingambit
|move|p2b: Whimsicott|Moonblast|p1b: Grimmsnarl
|-supereffective|p1b: Grimmsnarl|1
|-damage|p1b: Grimmsnarl|0 fnt
|faint|p1b: Grimmsnarl
|
|upkeep
|
|t:|1784793828
|switch|p1b: Blastoise|Blastoise, L50, M|100/100
|turn|3
|inactive|owbd has 30 seconds left.
|
|t:|1784793857
|detailschange|p1b: Blastoise|Blastoise-Mega, L50, M
|-mega|p1b: Blastoise|Blastoise|Blastoisinite
|move|p2b: Whimsicott|Protect|p2b: Whimsicott
|-singleturn|p2b: Whimsicott|Protect
|move|p2a: Kingambit|Protect|p2a: Kingambit
|-singleturn|p2a: Kingambit|Protect
|move|p1a: Sylveon|Hyper Voice|p2a: Kingambit|[spread] 
|-activate|p2a: Kingambit|move: Protect
|-activate|p2b: Whimsicott|move: Protect
|move|p1b: Blastoise|Water Spout|p2b: Whimsicott|[spread] 
|-activate|p2a: Kingambit|move: Protect
|-activate|p2b: Whimsicott|move: Protect
|
|upkeep
|turn|4
|
|t:|1784793874
|move|p2a: Kingambit|Sucker Punch|p1b: Blastoise
|-damage|p1b: Blastoise|57/100
|move|p2b: Whimsicott|Encore|p1b: Blastoise
|-start|p1b: Blastoise|Encore
|move|p1a: Sylveon|Hyper Beam|p2a: Kingambit
|-damage|p2a: Kingambit|0 fnt
|-mustrecharge|p1a: Sylveon
|faint|p2a: Kingambit
|move|p1b: Blastoise|Water Spout|p2b: Whimsicott
|-resisted|p2b: Whimsicott|1
|-damage|p2b: Whimsicott|62/100
|
|-sideend|p2: owbd|move: Tailwind
|upkeep
|
|t:|1784793889
|switch|p2a: Basculegion|Basculegion, L50, M|100/100
|turn|5
|
|t:|1784793898
|move|p2a: Basculegion|Protect|p2a: Basculegion
|-singleturn|p2a: Basculegion|Protect
|cant|p1a: Sylveon|recharge
|move|p1b: Blastoise|Water Spout|p2a: Basculegion|[spread] p2b
|-activate|p2a: Basculegion|move: Protect
|-resisted|p2b: Whimsicott|1
|-damage|p2b: Whimsicott|33/100
|move|p2b: Whimsicott|Moonblast|p1b: Blastoise
|-damage|p1b: Blastoise|37/100
|
|-fieldend|move: Trick Room
|upkeep
|turn|6
|inactive|SP-9733 has 30 seconds left.
|inactive|SP-9733 has 20 seconds left.
|inactive|SP-9733 has 15 seconds left.
|
|t:|1784793938
|move|p2b: Whimsicott|Tailwind|p2b: Whimsicott
|-sidestart|p2: owbd|move: Tailwind
|move|p2a: Basculegion|Wave Crash|p1a: Sylveon
|-damage|p1a: Sylveon|0 fnt
|faint|p1a: Sylveon
|-damage|p2a: Basculegion|67/100|[from] Recoil
|move|p1b: Blastoise|Water Spout|p2a: Basculegion|[spread] p2a,p2b
|-resisted|p2a: Basculegion|1
|-resisted|p2b: Whimsicott|1
|-damage|p2a: Basculegion|54/100
|-damage|p2b: Whimsicott|14/100
|
|-end|p1b: Blastoise|Encore
|upkeep
|-message|SP-9733 forfeited.
|
|win|owbd
||SP-9733 is ready for game 2.
||owbd is ready for game 2.
|uhtml|next|Next: Game 2 of 3
|l|☆SP-9733
|player|p1|
