|j|☆SeanClubcardcoach
|j|☆gustavlund
|html|SeanClubcardcoachgustavlund    
|uhtml|bestof|Game 2 of a best-of-3
|t:|1755022525
|gametype|doubles
|player|p1|SeanClubcardcoach|alder|1392
|player|p2|gustavlund|giovanni|1510
|gen|9
|tier|[Gen 9] VGC 2025 Reg H (Bo3)
|rated|
|rule|Species Clause: Limit one of each Pokémon
|rule|Item Clause: Limit 1 of each item
|clearpoke
|poke|p1|Murkrow, L50, F|
|poke|p1|Indeedee-F, L50, F|
|poke|p1|Ursaluna-Bloodmoon, L50, M|
|poke|p1|Armarouge, L50, M|
|poke|p1|Gholdengo, L50|
|poke|p1|Annihilape, L50, F|
|poke|p2|Sneasler, L50, M|
|poke|p2|Baxcalibur, L50, M|
|poke|p2|Volcarona, L50, M|
|poke|p2|Rillaboom, L50, F|
|poke|p2|Incineroar, L50, M|
|poke|p2|Kingambit, L50, F|
|teampreview|4
|showteam|p1|Murkrow||Eviolite|Prankster|Tailwind,FoulPlay,Haze,SunnyDay|||F|||50|,,,,,Ghost]Indeedee-F||RockyHelmet|PsychicSurge|FollowMe,TrickRoom,HelpingHand,Psychic|||F|||50|,,,,,Fairy]Ursaluna-Bloodmoon||LifeOrb|MindsEye|Protect,EarthPower,HyperVoice,BloodMoon|||M|||50|,,,,,Normal]Armarouge||PowerHerb|FlashFire|TrickRoom,MeteorBeam,HeatWave,ExpandingForce|||M|||50|,,,,,Grass]Gholdengo||ChoiceSpecs|GoodasGold|MakeItRain,ShadowBall,Thunderbolt,Trick||||||50|,,,,,Steel]Annihilape||SafetyGoggles|Defiant|Protect,BulkUp,RageFist,DrainPunch|||F|||50|,,,,,Fire
|showteam|p2|Sneasler||FocusSash|Unburden|CloseCombat,DireClaw,Coaching,FakeOut|||M|||50|,,,,,Stellar]Baxcalibur||LoadedDice|ThermalExchange|ScaleShot,IcicleSpear,HighHorsepower,Protect|||M|||50|,,,,,Ghost]Volcarona||Leftovers|FlameBody|HeatWave,TeraBlast,QuiverDance,Protect|||M|||50|,,,,,Fairy]Rillaboom||MiracleSeed|GrassySurge|WoodHammer,GrassyGlide,HighHorsepower,FakeOut|||F|||50|,,,,,Water]Incineroar||AssaultVest|Intimidate|FlareBlitz,KnockOff,Uturn,FakeOut|||M|||50|,,,,,Grass]Kingambit||SafetyGoggles|Defiant|KowtowCleave,SuckerPunch,SwordsDance,Protect|||F|||50|,,,,,Ghost
|inactive|Battle timer is ON: inactive players will automatically lose when time's up. (requested by gustavlund)
|inactive|SeanClubcardcoach also wants the timer to be on.
|inactive|gustavlund has 60 seconds left.
|
|t:|1755022566
|teamsize|p1|4
|teamsize|p2|4
|start
|switch|p1a: MurkAli|Murkrow, L50, F, shiny|100/100
|switch|p1b: Gholdengo|Gholdengo, L50|100/100
|switch|p2a: Baxcalibur|Baxcalibur, L50, M|100/100
|switch|p2b: Sneasler|Sneasler, L50, M|100/100
|turn|1
|inactive|SeanClubcardcoach has 30 seconds left.
|inactive|SeanClubcardcoach has 20 seconds left.
|inactive|gustavlund has 30 seconds left.
|inactive|SeanClubcardcoach has 15 seconds left.
|inactive|SeanClubcardcoach has 10 seconds left.
|
|t:|1755022611
|switch|p1b: InWeiWei|Indeedee-F, L50, F|100/100
|-fieldstart|move: Psychic Terrain|[from] ability: Psychic Surge|[of] p1b: InWeiWei
|-terastallize|p2a: Baxcalibur|Ghost
|move|p2b: Sneasler|Fake Out|p1a: MurkAli
|-hint|Psychic Terrain doesn't affect Pokémon immune to Ground.
|-damage|p1a: MurkAli|86/100
|cant|p1a: MurkAli|flinch
|move|p2a: Baxcalibur|High Horsepower|p1b: InWeiWei
|-damage|p1b: InWeiWei|65/100
|-damage|p2a: Baxcalibur|84/100|[from] item: Rocky Helmet|[of] p1b: InWeiWei
|
|upkeep
|turn|2
|inactive|gustavlund has 30 seconds left.
|
|t:|1755022639
|move|p1a: MurkAli|Tailwind|p1a: MurkAli
|-sidestart|p1: SeanClubcardcoach|move: Tailwind
|move|p2b: Sneasler|Coaching|p2a: Baxcalibur
|-boost|p2a: Baxcalibur|atk|1
|-boost|p2a: Baxcalibur|def|1
|move|p1b: InWeiWei|Psychic|p2b: Sneasler
|-supereffective|p2b: Sneasler
|-enditem|p2b: Sneasler|Focus Sash
|-damage|p2b: Sneasler|1/100
|-unboost|p2b: Sneasler|spd|1
|move|p2a: Baxcalibur|Scale Shot|p1a: MurkAli
|-damage|p1a: MurkAli|64/100
|-crit|p1a: MurkAli
|-damage|p1a: MurkAli|33/100
|-damage|p1a: MurkAli|14/100
|-damage|p1a: MurkAli|0 fnt
|faint|p1a: MurkAli
|-hitcount|p1: MurkAli|4
|-unboost|p2a: Baxcalibur|def|1
|-boost|p2a: Baxcalibur|spe|1
|
|upkeep
|
|t:|1755022653
|switch|p1a: Gholdengo|Gholdengo, L50|100/100
|turn|3
|
|t:|1755022662
|switch|p1b: Annihilape|Annihilape, L50, F, shiny|100/100
|move|p2a: Baxcalibur|Protect|p2a: Baxcalibur
|-singleturn|p2a: Baxcalibur|Protect
|move|p2b: Sneasler|Close Combat|p1b: Annihilape
|-immune|p1b: Annihilape
|move|p1a: Gholdengo|Make It Rain|p2a: Baxcalibur|[spread] p2b
|-activate|p2a: Baxcalibur|move: Protect
|-damage|p2b: Sneasler|0 fnt
|-unboost|p1a: Gholdengo|spa|1
|faint|p2b: Sneasler
|
|upkeep
|
|t:|1755022665
|switch|p2b: Rillaboom|Rillaboom, L50, F|100/100
|-fieldstart|move: Grassy Terrain|[from] ability: Grassy Surge|[of] p2b: Rillaboom
|turn|4
|inactive|gustavlund has 30 seconds left.
|
|t:|1755022691
|switch|p1a: InWeiWei|Indeedee-F, L50, F|65/100
|-fieldstart|move: Psychic Terrain|[from] ability: Psychic Surge|[of] p1a: InWeiWei
|move|p1b: Annihilape|Bulk Up|p1b: Annihilape
|-boost|p1b: Annihilape|atk|1
|-boost|p1b: Annihilape|def|1
|move|p2a: Baxcalibur|Scale Shot|p1b: Annihilape
|-damage|p1b: Annihilape|87/100
|-crit|p1b: Annihilape
|-damage|p1b: Annihilape|52/100
|-damage|p1b: Annihilape|38/100
|-damage|p1b: Annihilape|24/100
|-damage|p1b: Annihilape|10/100
|-hitcount|p1b: Annihilape|5
|-unboost|p2a: Baxcalibur|def|1
|-boost|p2a: Baxcalibur|spe|1
|move|p2b: Rillaboom|Wood Hammer|p1b: Annihilape
|-damage|p1b: Annihilape|0 fnt
|faint|p1b: Annihilape
|-damage|p2b: Rillaboom|97/100|[from] Recoil
|
|upkeep
|
|t:|1755022703
|switch|p1b: Gholdengo|Gholdengo, L50|100/100
|turn|5
|
|t:|1755022724
|switch|p2b: Incineroar|Incineroar, L50, M|100/100
|-ability|p2b: Incineroar|Intimidate|boost
|-unboost|p1a: InWeiWei|atk|1
|-unboost|p1b: Gholdengo|atk|1
|move|p2a: Baxcalibur|Icicle Spear|p1a: InWeiWei
|-damage|p1a: InWeiWei|43/100
|-damage|p1a: InWeiWei|24/100
|-damage|p1a: InWeiWei|5/100
|-damage|p1a: InWeiWei|0 fnt
|faint|p1a: InWeiWei
|-hitcount|p1: InWeiWei|4
|move|p1b: Gholdengo|Shadow Ball|p2a: Baxcalibur
|-supereffective|p2a: Baxcalibur
|-damage|p2a: Baxcalibur|0 fnt
|faint|p2a: Baxcalibur
|
|-sideend|p1: SeanClubcardcoach|move: Tailwind
|upkeep
|
|t:|1755022737
|switch|p2a: Rillaboom|Rillaboom, L50, F|97/100
|-fieldstart|move: Grassy Terrain|[from] ability: Grassy Surge|[of] p2a: Rillaboom
|turn|6
|inactive|SeanClubcardcoach has 30 seconds left.
|
|t:|1755022766
|move|p2a: Rillaboom|Grassy Glide|p1b: Gholdengo
|-resisted|p1b: Gholdengo
|-damage|p1b: Gholdengo|73/100
|move|p1b: Gholdengo|Shadow Ball|p2a: Rillaboom
|-damage|p2a: Rillaboom|13/100
|move|p2b: Incineroar|Flare Blitz|p1b: Gholdengo
|-supereffective|p1b: Gholdengo
|-damage|p1b: Gholdengo|0 fnt
|faint|p1b: Gholdengo
|-damage|p2b: Incineroar|81/100|[from] Recoil
|
|win|gustavlund
|raw|SeanClubcardcoach's rating: 1392 → 1379(-13 for losing)
|raw|gustavlund's rating: 1510 → 1523(+13 for winning)
|l|☆gustavlund
|player|p2|
