|j|☆cbutty
|j|☆OreburghRanger
|html|cbuttyOreburghRanger    
|uhtml|bestof|Game 1 of a best-of-3
|t:|1756574906
|gametype|doubles
|player|p1|cbutty|acetrainer-gen4dp|
|player|p2|OreburghRanger|pokemonranger-gen4|
|gen|9
|tier|[Gen 9] VGC 2025 Reg H (Bo3)
|rule|Species Clause: Limit one of each Pokémon
|rule|Item Clause: Limit 1 of each item
|clearpoke
|poke|p1|Dragonite, L50, M|
|poke|p1|Amoonguss, L50, F|
|poke|p1|Incineroar, L50, M|
|poke|p1|Ursaluna, L50, F|
|poke|p1|Farigiraf, L50, F|
|poke|p1|Gholdengo, L50|
|poke|p2|Charizard, L50, M|
|poke|p2|Torkoal, L50, F|
|poke|p2|Porygon2, L50|
|poke|p2|Incineroar, L50, M|
|poke|p2|Jumpluff, L50, F|
|poke|p2|Ursaluna, L50, M|
|teampreview|4
|showteam|p1|Dragonite||LoadedDice|Multiscale|ScaleShot,Tailwind,Haze,Protect|||M|||50|,,,,,Fairy]Amoonguss||SitrusBerry|Regenerator|Spore,RagePowder,PollenPuff,Protect|||F|||50|,,,,,Water]Incineroar||SafetyGoggles|Intimidate|FlareBlitz,KnockOff,FakeOut,PartingShot|||M|||50|,,,,,Ghost]Ursaluna||FlameOrb|Guts|Earthquake,HeadlongRush,Facade,Protect|||F|||50|,,,,,Normal]Farigiraf||ThroatSpray|ArmorTail|HyperVoice,TwinBeam,TrickRoom,Protect|||F|||50|,,,,,Fire]Gholdengo||LifeOrb|GoodasGold|MakeItRain,ShadowBall,NastyPlot,Protect||||||50|,,,,,Water
|showteam|p2|Charizard||ChoiceSpecs|SolarPower|HeatWave,Overheat,WeatherBall,AirSlash|||M|||50|,,,,,Ghost]Torkoal||EjectPack|Drought|Eruption,Overheat,HelpingHand,Protect|||F|||50|,,,,,Fire]Porygon2||Eviolite|Download|TeraBlast,IceBeam,Recover,TrickRoom||||||50|,,,,,Fighting]Incineroar||SafetyGoggles|Intimidate|FlareBlitz,KnockOff,FakeOut,PartingShot|||M|||50|,,,,,Ghost]Jumpluff||CovertCloak|Chlorophyll|SleepPowder,SunnyDay,RagePowder,Tailwind|||F|||50|,,,,,Water]Ursaluna||FlameOrb|Guts|HeadlongRush,Facade,Earthquake,Protect|||M|||50|,,,,,Ghost
|c|☆cbutty|Glhf
|c|☆OreburghRanger|glhf!
|
|t:|1756574950
|teamsize|p1|4
|teamsize|p2|4
|start
|switch|p1a: Jbungo|Dragonite, L50, M, shiny|100/100
|switch|p1b: Means apple|Gholdengo, L50, shiny|100/100
|switch|p2a: Musashi|Incineroar, L50, M|100/100
|switch|p2b: Kenshin|Charizard, L50, M, shiny|100/100
|-ability|p2a: Musashi|Intimidate|boost
|-unboost|p1a: Jbungo|atk|1
|-unboost|p1b: Means apple|atk|1
|turn|1
|j| AlbertX13
|
|t:|1756574976
|switch|p1b: The Incident|Incineroar, L50, M, shiny|100/100
|-ability|p1b: The Incident|Intimidate|boost
|-unboost|p2a: Musashi|atk|1
|-unboost|p2b: Kenshin|atk|1
|move|p2b: Kenshin|Heat Wave|p1a: Jbungo|[spread] p1a,p1b
|-resisted|p1a: Jbungo
|-resisted|p1b: The Incident
|-damage|p1a: Jbungo|88/100
|-damage|p1b: The Incident|81/100
|move|p1a: Jbungo|Scale Shot|p2b: Kenshin
|-damage|p2b: Kenshin|88/100
|-damage|p2b: Kenshin|74/100
|-damage|p2b: Kenshin|61/100
|-damage|p2b: Kenshin|48/100
|-hitcount|p2b: Kenshin|4
|-unboost|p1a: Jbungo|def|1
|-boost|p1a: Jbungo|spe|1
|move|p2a: Musashi|Parting Shot|p1a: Jbungo
|-unboost|p1a: Jbungo|atk|1
|-unboost|p1a: Jbungo|spa|1
|
|t:|1756574994
|switch|p2a: Koshamain|Ursaluna, L50, M|100/100|[from] Parting Shot
|
|-status|p2a: Koshamain|brn|[from] item: Flame Orb
|upkeep
|turn|2
|
|t:|1756575016
|switch|p2b: Musashi|Incineroar, L50, M|100/100
|-ability|p2b: Musashi|Intimidate|boost
|-unboost|p1a: Jbungo|atk|1
|-unboost|p1b: The Incident|atk|1
|move|p1a: Jbungo|Tailwind|p1a: Jbungo
|-sidestart|p1: cbutty|move: Tailwind
|move|p1b: The Incident|Flare Blitz|p2a: Koshamain
|-damage|p2a: Koshamain|70/100 brn
|-damage|p1b: The Incident|70/100|[from] Recoil
|move|p2a: Koshamain|Facade|p1a: Jbungo
|-damage|p1a: Jbungo|0 fnt
|faint|p1a: Jbungo
|
|-damage|p2a: Koshamain|65/100 brn|[from] brn
|upkeep
|
|t:|1756575029
|switch|p1a: No Idea|Ursaluna, L50, F, shiny|100/100
|turn|3
|c|☆cbutty|Ig we didn't agree to same turns lmao
|
|t:|1756575057
|switch|p2b: Kenshin|Charizard, L50, M, shiny|48/100
|move|p1a: No Idea|Protect|p1a: No Idea
|-singleturn|p1a: No Idea|Protect
|move|p1b: The Incident|Flare Blitz|p2a: Koshamain
|-damage|p2a: Koshamain|35/100 brn
|-damage|p1b: The Incident|59/100|[from] Recoil
|move|p2a: Koshamain|Headlong Rush|p1b: The Incident
|-supereffective|p1b: The Incident
|-damage|p1b: The Incident|0 fnt
|-unboost|p2a: Koshamain|def|1
|-unboost|p2a: Koshamain|spd|1
|faint|p1b: The Incident
|
|-damage|p2a: Koshamain|29/100 brn|[from] brn
|-status|p1a: No Idea|brn|[from] item: Flame Orb
|upkeep
|
|t:|1756575063
|switch|p1b: Means apple|Gholdengo, L50, shiny|100/100
|turn|4
|
|t:|1756575116
|switch|p2a: Ryo the Stern|Torkoal, L50, F|100/100
|-weather|SunnyDay|[from] ability: Drought|[of] p2a: Ryo the Stern
|-terastallize|p1b: Means apple|Water
|move|p1b: Means apple|Make It Rain|p2b: Kenshin|[spread] p2a,p2b
|-resisted|p2a: Ryo the Stern
|-resisted|p2b: Kenshin
|-damage|p2a: Ryo the Stern|59/100
|-damage|p2b: Kenshin|8/100
|-unboost|p1b: Means apple|spa|1
|-damage|p1b: Means apple|91/100|[from] item: Life Orb
|move|p1a: No Idea|Facade|p2b: Kenshin
|-damage|p2b: Kenshin|0 fnt
|faint|p2b: Kenshin
|
|-weather|SunnyDay|[upkeep]
|-damage|p1a: No Idea|95/100 brn|[from] brn
|upkeep
|
|t:|1756575133
|switch|p2b: Koshamain|Ursaluna, L50, M|29/100 brn
|turn|5
|
|t:|1756575144
|move|p1b: Means apple|Protect|p1b: Means apple
|-singleturn|p1b: Means apple|Protect
|move|p2b: Koshamain|Protect|p2b: Koshamain
|-singleturn|p2b: Koshamain|Protect
|move|p1a: No Idea|Earthquake|p2b: Koshamain|[spread] p2a
|-activate|p1b: Means apple|move: Protect
|-activate|p2b: Koshamain|move: Protect
|-supereffective|p2a: Ryo the Stern
|-damage|p2a: Ryo the Stern|0 fnt
|faint|p2a: Ryo the Stern
|
|-weather|SunnyDay|[upkeep]
|-damage|p1a: No Idea|89/100 brn|[from] brn
|-damage|p2b: Koshamain|23/100 brn|[from] brn
|-sideend|p1: cbutty|move: Tailwind
|upkeep
|
|t:|1756575153
|switch|p2a: Musashi|Incineroar, L50, M|100/100
|-ability|p2a: Musashi|Intimidate|boost
|-unboost|p1a: No Idea|atk|1
|-unboost|p1b: Means apple|atk|1
|turn|6
|
|t:|1756575188
|-terastallize|p2a: Musashi|Ghost
|move|p2a: Musashi|Fake Out|p1b: Means apple
|-damage|p1b: Means apple|78/100
|cant|p1b: Means apple|flinch
|move|p1a: No Idea|Headlong Rush|p2b: Koshamain
|-crit|p2b: Koshamain
|-damage|p2b: Koshamain|0 fnt
|-unboost|p1a: No Idea|def|1
|-unboost|p1a: No Idea|spd|1
|faint|p2b: Koshamain
|
|-weather|SunnyDay|[upkeep]
|-damage|p1a: No Idea|83/100 brn|[from] brn
|upkeep
|turn|7
|
|t:|1756575203
|move|p2a: Musashi|Flare Blitz|p1a: No Idea
|-damage|p1a: No Idea|0 fnt
|faint|p1a: No Idea
|-damage|p2a: Musashi|71/100|[from] Recoil
|move|p1b: Means apple|Shadow Ball|p2a: Musashi
|-supereffective|p2a: Musashi
|-damage|p2a: Musashi|0 fnt
|faint|p2a: Musashi
|-damage|p1b: Means apple|69/100|[from] item: Life Orb
|
|win|cbutty
||cbutty is ready for game 2.
||OreburghRanger is ready for game 2.
|uhtml|next|Next: Game 2 of 3
