|j|☆smalltownkirlia
|j|☆Hyaskul
|html|smalltownkirliaHyaskul    
|uhtml|bestof|Game 2 of a best-of-3
|t:|1757689561
|gametype|doubles
|player|p1|smalltownkirlia|whitney|1110
|player|p2|Hyaskul|bellelba|1000
|gen|9
|tier|[Gen 9] VGC 2025 Reg H (Bo3)
|rated|
|rule|Species Clause: Limit one of each Pokémon
|rule|Item Clause: Limit 1 of each item
|clearpoke
|poke|p1|Dragonite, L50, F|
|poke|p1|Ursaluna-Bloodmoon, L50, M|
|poke|p1|Gholdengo, L50|
|poke|p1|Maushold-Four, L50|
|poke|p1|Annihilape, L50, F|
|poke|p1|Rillaboom, L50, M|
|poke|p2|Talonflame, L50, M|
|poke|p2|Mimikyu, L50, F|
|poke|p2|Krookodile, L50, F|
|poke|p2|Zoroark-Hisui, L50, M|
|poke|p2|Pawmot, L50, F|
|poke|p2|Gallade, L50, M|
|teampreview|4
|showteam|p1|Dragonite||LoadedDice|Multiscale|ScaleShot,Tailwind,Haze,Protect|||F|||50|,,,,,Fairy]Ursaluna-Bloodmoon||AssaultVest|MindsEye|BloodMoon,EarthPower,HyperVoice,VacuumWave|||M|||50|,,,,,Water]Gholdengo||LifeOrb|GoodasGold|MakeItRain,ShadowBall,NastyPlot,Protect||||||50|,,,,,Dragon]Maushold-Four||FocusSash|FriendGuard|Taunt,FollowMe,BeatUp,Protect||||||50|,,,,,Ghost]Annihilape||SitrusBerry|Defiant|RageFist,DrainPunch,BulkUp,Protect|||F|||50|,,,,,Fire]Rillaboom||MiracleSeed|GrassySurge|WoodHammer,GrassyGlide,HighHorsepower,FakeOut|||M|||50|,,,,,Fire
|showteam|p2|Talonflame||ChartiBerry|GaleWings|Tailwind,WillOWisp,AirSlash,Taunt|||M|||50|,,,,,Fire]Mimikyu||AirBalloon|Disguise|ThunderWave,PlayRough,Taunt,TrickRoom|||F|||50|,,,,,Flying]Krookodile||LifeOrb|Intimidate|BrickBreak,Earthquake,Crunch,Protect|||F|||50|,,,,,Dark]Zoroark-Hisui||ChoiceSpecs|Illusion|ShadowBall,HyperVoice,HyperBeam,SleepTalk|||M|||50|,,,,,Normal]Pawmot||FocusSash|VoltAbsorb|RevivalBlessing,CloseCombat,DoubleShock,Protect|||F|||50|,,,,,Electric]Gallade||ChoiceBand|Sharpness|SacredSword,PsychoCut,IcePunch,LeafBlade|||M|||50|,,,,,Psychic
|inactive|Battle timer is ON: inactive players will automatically lose when time's up. (requested by smalltownkirlia)
|
|t:|1757689581
|teamsize|p1|4
|teamsize|p2|4
|start
|switch|p1a: Ursaluna|Ursaluna-Bloodmoon, L50, M|100/100
|switch|p1b: Maushold|Maushold-Four, L50|100/100
|switch|p2a: Talonflame|Talonflame, L50, M|100/100
|switch|p2b: Gallade|Gallade, L50, M|100/100
|turn|1
|
|t:|1757689598
|move|p1b: Maushold|Follow Me|p1b: Maushold
|-singleturn|p1b: Maushold|move: Follow Me
|move|p2a: Talonflame|Hyper Voice|p1a: Ursaluna|[spread] p1a,p1b
|-damage|p1a: Ursaluna|76/100
|-damage|p1b: Maushold|28/100
|move|p2b: Gallade|Sacred Sword|p1b: Maushold
|-supereffective|p1b: Maushold
|-damage|p1b: Maushold|0 fnt
|faint|p1b: Maushold
|move|p1a: Ursaluna|Hyper Voice|p2a: Talonflame|[spread] p2a,p2b
|-damage|p2a: Talonflame|28/100
|-damage|p2b: Gallade|60/100
|replace|p2a: Zoroark|Zoroark-Hisui, L50, M
|-end|p2a: Zoroark|Illusion
|
|upkeep
|
|t:|1757689608
|switch|p1b: Rillaboom|Rillaboom, L50, M|100/100
|-fieldstart|move: Grassy Terrain|[from] ability: Grassy Surge|[of] p1b: Rillaboom
|turn|2
|
|t:|1757689616
|switch|p2a: Talonflame|Talonflame, L50, M|100/100
|move|p1b: Rillaboom|Fake Out|p2b: Gallade
|-damage|p2b: Gallade|35/100
|move|p1a: Ursaluna|Vacuum Wave|p2a: Talonflame
|-resisted|p2a: Talonflame
|-damage|p2a: Talonflame|89/100
|cant|p2b: Gallade|flinch
|
|-heal|p2b: Gallade|40/100|[from] Grassy Terrain
|-heal|p1a: Ursaluna|82/100|[from] Grassy Terrain
|upkeep
|turn|3
|
|t:|1757689634
|switch|p2b: Pawmot|Pawmot, L50, F|100/100
|-terastallize|p1b: Rillaboom|Fire
|move|p1b: Rillaboom|Grassy Glide|p2b: Pawmot
|-damage|p2b: Pawmot|34/100
|move|p1a: Ursaluna|Vacuum Wave|p2b: Pawmot
|-damage|p2b: Pawmot|5/100
|move|p2a: Talonflame|Will-O-Wisp|p1b: Rillaboom|[miss]
|-miss|p2a: Talonflame|p1b: Rillaboom
|
|-heal|p2b: Pawmot|11/100|[from] Grassy Terrain
|-heal|p1a: Ursaluna|88/100|[from] Grassy Terrain
|upkeep
|turn|4
|inactive|Hyaskul has 30 seconds left.
|inactive|smalltownkirlia has 30 seconds left.
|
|t:|1757689676
|switch|p2b: Pawmot|Pawmot, L50, F|28/100
|move|p1b: Rillaboom|Grassy Glide|p2b: Pawmot
|-damage|p2b: Pawmot|0 fnt
|replace|p2b: Zoroark|Zoroark-Hisui, L50, M
|-end|p2b: Zoroark|Illusion
|faint|p2b: Zoroark
|move|p2a: Talonflame|Tailwind|p2a: Talonflame
|-sidestart|p2: Hyaskul|move: Tailwind
|move|p1a: Ursaluna|Hyper Voice|p2a: Talonflame
|-damage|p2a: Talonflame|14/100
|
|-heal|p1a: Ursaluna|94/100|[from] Grassy Terrain
|upkeep
|
|t:|1757689685
|switch|p2b: Gallade|Gallade, L50, M|40/100
|turn|5
|
|t:|1757689699
|-terastallize|p2b: Gallade|Psychic
|move|p1b: Rillaboom|Grassy Glide|p2b: Gallade
|-damage|p2b: Gallade|0 fnt
|faint|p2b: Gallade
|move|p1a: Ursaluna|Vacuum Wave|p2a: Talonflame
|-resisted|p2a: Talonflame
|-damage|p2a: Talonflame|2/100
|move|p2a: Talonflame|Air Slash|p1a: Ursaluna
|-damage|p1a: Ursaluna|77/100
|
|-heal|p1a: Ursaluna|83/100|[from] Grassy Terrain
|upkeep
|
|t:|1757689704
|switch|p2b: Pawmot|Pawmot, L50, F|11/100
|turn|6
|-message|Hyaskul forfeited.
|
|win|smalltownkirlia
|raw|smalltownkirlia's rating: 1110 → 1127(+17 for winning)
|raw|Hyaskul's rating: 1000 → 1000(+0 for losing)
|l|☆Hyaskul
|player|p2|
