|j|☆Qaisnoteasy
|j|☆0oBRUNCHo0
|html|Qaisnoteasy0oBRUNCHo0    
|uhtml|bestof|Game 3 of a best-of-3
|t:|1785228470
|gametype|doubles
|player|p1|Qaisnoteasy|2|
|player|p2|0oBRUNCHo0|ethan|
|gen|9
|tier|[Gen 9 Champions] VGC 2026 Reg M-B (Bo3)
|rule|Species Clause: Limit one of each Pokémon
|rule|Item Clause: Limit 1 of each item
|clearpoke
|poke|p1|Staraptor, L50, F, shiny|
|poke|p1|Arcanine-Hisui, L50, F, shiny|
|poke|p1|Kingambit, L50, F, shiny|
|poke|p1|Raichu, L50, F, shiny|
|poke|p1|Farigiraf, L50, F, shiny|
|poke|p1|Sylveon, L50, F, shiny|
|poke|p2|Aerodactyl, L50, M|
|poke|p2|Aggron, L50, M, shiny|
|poke|p2|Kingambit, L50, M|
|poke|p2|Sneasler, L50, M|
|poke|p2|Sinistcha-Masterpiece, L50|
|poke|p2|Incineroar, L50, M|
|teampreview|4
|showteam|p1|Staraptor||Staraptite|Intimidate|DualWingbeat,CloseCombat,Tailwind,Protect|Jolly||F|||50|]Arcanine-Hisui||FocusSash|RockHead|FlareBlitz,HeadSmash,ExtremeSpeed,Protect|Jolly||F|||50|]Kingambit||LifeOrb|Defiant|KowtowCleave,SuckerPunch,SwordsDance,Protect|Adamant||F|||50|]Raichu||RaichuniteY|LightningRod|ZapCannon,FocusBlast,FakeOut,Protect|Timid||F|||50|]Farigiraf||SitrusBerry|ArmorTail|Psychic,HelpingHand,TrickRoom,Protect|Bold||F|||50|]Sylveon||FairyFeather|Pixilate|HyperVoice,HyperBeam,QuickAttack,Detect|Modest||F|||50|
|showteam|p2|Aerodactyl||Aerodactylite|Unnerve|RockSlide,DualWingbeat,IceFang,Tailwind|Jolly||M|||50|]Aggron||Aggronite|Sturdy|BodyPress,HeavySlam,IronDefense,Protect|Sassy||M|||50|]Kingambit||LifeOrb|Defiant|KowtowCleave,SuckerPunch,SwordsDance,Protect|Adamant||M|||50|]Sneasler||FocusSash|PoisonTouch|CloseCombat,PoisonJab,FakeOut,Protect|Jolly||M|||50|]Sinistcha-Masterpiece||ColburBerry|Hospitality|MatchaGotcha,RagePowder,LifeDew,TrickRoom|Calm|||||50|]Incineroar||SitrusBerry|Intimidate|FakeOut,FlareBlitz,ThroatChop,PartingShot|Impish||M|||50|
|
|t:|1785228546
|teamsize|p1|4
|teamsize|p2|4
|start
|switch|p1a: Raichu|Raichu, L50, F, shiny|100/100
|switch|p1b: Arcanine|Arcanine-Hisui, L50, F, shiny|100/100
|switch|p2a: Sneasler|Sneasler, L50, M|100/100
|switch|p2b: Aerodactyl|Aerodactyl, L50, M|100/100
|-ability|p2b: Aerodactyl|Unnerve
|turn|1
|
|t:|1785228583
|switch|p2b: Sinistcha|Sinistcha-Masterpiece, L50|100/100
|detailschange|p1a: Raichu|Raichu-Mega-Y, L50, F, shiny
|-mega|p1a: Raichu|Raichu|Raichunite Y
|move|p1a: Raichu|Fake Out|p2b: Sinistcha
|-immune|p2b: Sinistcha
|move|p2a: Sneasler|Close Combat|p1a: Raichu
|-damage|p1a: Raichu|0 fnt
|-unboost|p2a: Sneasler|def|1
|-unboost|p2a: Sneasler|spd|1
|faint|p1a: Raichu
|move|p1b: Arcanine|Head Smash|p2b: Sinistcha
|-damage|p2b: Sinistcha|34/100
|
|upkeep
|
|t:|1785228598
|switch|p1a: Staraptor|Staraptor, L50, F, shiny|100/100
|-ability|p1a: Staraptor|Intimidate|boost
|-unboost|p2a: Sneasler|atk|1
|-unboost|p2b: Sinistcha|atk|1
|turn|2
|
|t:|1785228679
|switch|p2a: Aerodactyl|Aerodactyl, L50, M|100/100
|-ability|p2a: Aerodactyl|Unnerve
|switch|p2b: Kingambit|Kingambit, L50, M|100/100
|move|p1a: Staraptor|Tailwind|p1a: Staraptor
|-sidestart|p1: Qaisnoteasy|move: Tailwind
|move|p1b: Arcanine|Flare Blitz|p2a: Aerodactyl
|-resisted|p2a: Aerodactyl|1
|-damage|p2a: Aerodactyl|65/100
|
|upkeep
|turn|3
|
|t:|1785228727
|switch|p2b: Sinistcha|Sinistcha-Masterpiece, L50|34/100
|-heal|p2a: Aerodactyl|90/100|[from] ability: Hospitality|[of] p2b: Sinistcha
|detailschange|p2a: Aerodactyl|Aerodactyl-Mega, L50, M
|-mega|p2a: Aerodactyl|Aerodactyl|Aerodactylite
|move|p1a: Staraptor|Close Combat|p2b: Sinistcha
|-immune|p2b: Sinistcha
|move|p1b: Arcanine|Head Smash|p2a: Aerodactyl
|-supereffective|p2a: Aerodactyl|1
|-damage|p2a: Aerodactyl|0 fnt
|faint|p2a: Aerodactyl
|
|upkeep
|
|t:|1785228742
|switch|p2a: Sneasler|Sneasler, L50, M|100/100
|turn|4
|
|t:|1785228764
|move|p2a: Sneasler|Fake Out|p1b: Arcanine
|-resisted|p1b: Arcanine|1
|-damage|p1b: Arcanine|91/100
|move|p1a: Staraptor|Dual Wingbeat|p2a: Sneasler
|-supereffective|p2a: Sneasler|1
|-damage|p2a: Sneasler|33/100
|-supereffective|p2a: Sneasler|1
|-damage|p2a: Sneasler|0 fnt
|faint|p2a: Sneasler
|-hitcount|p2: Sneasler|2
|cant|p1b: Arcanine|flinch
|move|p2b: Sinistcha|Trick Room|p2b: Sinistcha
|-fieldstart|move: Trick Room|[of] p2b: Sinistcha
|
|upkeep
|
|t:|1785228775
|switch|p2a: Kingambit|Kingambit, L50, M|100/100
|turn|5
|
|t:|1785228819
|move|p2a: Kingambit|Sucker Punch|p1a: Staraptor
|-damage|p1a: Staraptor|26/100
|-damage|p2a: Kingambit|90/100|[from] item: Life Orb
|move|p2b: Sinistcha|Matcha Gotcha|p1a: Staraptor|[spread] p1a,p1b
|-resisted|p1a: Staraptor|1
|-damage|p1a: Staraptor|8/100
|-heal|p2b: Sinistcha|43/100|[from] drain|[of] p1a: Staraptor
|-damage|p1b: Arcanine|58/100
|-heal|p2b: Sinistcha|60/100|[from] drain|[of] p1b: Arcanine
|move|p1b: Arcanine|Flare Blitz|p2b: Sinistcha
|-supereffective|p2b: Sinistcha|1
|-damage|p2b: Sinistcha|0 fnt
|faint|p2b: Sinistcha
|move|p1a: Staraptor|Dual Wingbeat|p2a: Kingambit
|-resisted|p2a: Kingambit|1
|-damage|p2a: Kingambit|83/100
|-resisted|p2a: Kingambit|1
|-damage|p2a: Kingambit|76/100
|-hitcount|p2a: Kingambit|2
|
|-sideend|p1: Qaisnoteasy|move: Tailwind
|upkeep
|turn|6
|
|t:|1785228856
|move|p2a: Kingambit|Kowtow Cleave|p1b: Arcanine
|-damage|p1b: Arcanine|0 fnt
|faint|p1b: Arcanine
|-damage|p2a: Kingambit|66/100|[from] item: Life Orb
|move|p1a: Staraptor|Close Combat|p2a: Kingambit
|-supereffective|p2a: Kingambit|2
|-crit|p2a: Kingambit
|-damage|p2a: Kingambit|0 fnt
|-unboost|p1a: Staraptor|def|1
|-unboost|p1a: Staraptor|spd|1
|faint|p2a: Kingambit
|
|win|Qaisnoteasy
|l|☆0oBRUNCHo0
|player|p2|
|j|☆0oBRUNCHo0
|player|p2|0oBRUNCHo0|ethan|
|l|☆0oBRUNCHo0
|player|p2|
|l|☆Qaisnoteasy
|player|p1|
|j|☆0oBRUNCHo0
|player|p2|0oBRUNCHo0|ethan|
|l|☆0oBRUNCHo0
|player|p2|
|j|☆Qaisnoteasy
|player|p1|Qaisnoteasy|2|
|j|☆0oBRUNCHo0
|player|p2|0oBRUNCHo0|ethan|
|l|☆0oBRUNCHo0
|player|p2|
|j|☆0oBRUNCHo0
|player|p2|0oBRUNCHo0|ethan|
|l|☆0oBRUNCHo0
|player|p2|
|j|☆0oBRUNCHo0
|player|p2|0oBRUNCHo0|ethan|
|l|☆0oBRUNCHo0
|player|p2|
|j|☆0oBRUNCHo0
|player|p2|0oBRUNCHo0|ethan|
|l|☆0oBRUNCHo0
|player|p2|
|j|☆0oBRUNCHo0
|player|p2|0oBRUNCHo0|ethan|
|l|☆0oBRUNCHo0
|player|p2|
|l|☆Qaisnoteasy
|player|p1|
|j|☆0oBRUNCHo0
|player|p2|0oBRUNCHo0|ethan|
|j|☆Qaisnoteasy
|player|p1|Qaisnoteasy|2|
