|j|☆Jakobtc
|j|☆f0xy363
|html|Jakobtcf0xy363    
|uhtml|bestof|Game 2 of a best-of-3
|t:|1756877720
|gametype|doubles
|player|p1|Jakobtc|riley|1139
|player|p2|f0xy363|170|1146
|gen|9
|tier|[Gen 9] VGC 2025 Reg H (Bo3)
|rated|
|rule|Species Clause: Limit one of each Pokémon
|rule|Item Clause: Limit 1 of each item
|clearpoke
|poke|p1|Gholdengo, L50|
|poke|p1|Incineroar, L50, M|
|poke|p1|Amoonguss, L50, M|
|poke|p1|Porygon2, L50|
|poke|p1|Ursaluna, L50, M|
|poke|p1|Kilowattrel, L50, F|
|poke|p2|Gholdengo, L50|
|poke|p2|Incineroar, L50, M|
|poke|p2|Flamigo, L50, F|
|poke|p2|Ursaluna, L50, F|
|poke|p2|Porygon2, L50|
|poke|p2|Amoonguss, L50, F|
|teampreview|4
|showteam|p1|Gholdengo||LifeOrb|GoodasGold|MakeItRain,ShadowBall,NastyPlot,Protect||||||50|,,,,,Water]Incineroar||SafetyGoggles|Intimidate|FakeOut,FlareBlitz,KnockOff,PartingShot|||M|||50|,,,,,Bug]Amoonguss||SitrusBerry|Regenerator|Spore,RagePowder,PollenPuff,Protect|||M|||50|,,,,,Water]Porygon2||Eviolite|Download|TeraBlast,IceBeam,TrickRoom,Recover||||||50|,,,,,Fighting]Ursaluna||FlameOrb|Guts|Facade,HeadlongRush,Earthquake,Protect|||M|||50|,,,,,Ghost]Kilowattrel||FocusSash|Competitive|AirSlash,Thunderbolt,Tailwind,Protect|||F|||50|,,,,,Ghost
|showteam|p2|Gholdengo||LifeOrb|GoodasGold|MakeItRain,ShadowBall,NastyPlot,Protect||||||50|,,,,,Dragon]Incineroar||SafetyGoggles|Intimidate|KnockOff,FlareBlitz,PartingShot,FakeOut|||M|||50|,,,,,Grass]Flamigo||FocusSash|Scrappy|CloseCombat,BraveBird,WideGuard,Protect|||F|||50|,,,,,Ghost]Ursaluna||FlameOrb|Guts|Facade,HeadlongRush,Earthquake,Protect|||F|||50|,,,,,Normal]Porygon2||Eviolite|Download|TeraBlast,IceBeam,TrickRoom,Recover||||||50|,,,,,Fighting]Amoonguss||MentalHerb|Regenerator|Spore,RagePowder,PollenPuff,SludgeBomb|||F|||50|,,,,,Water
|inactive|Battle timer is ON: inactive players will automatically lose when time's up. (requested by f0xy363)
|inactive|Jakobtc has 60 seconds left.
|
|t:|1756877781
|teamsize|p1|4
|teamsize|p2|4
|start
|switch|p1a: Kilowattrel|Kilowattrel, L50, F|100/100
|switch|p1b: Porygon2|Porygon2, L50, shiny|100/100
|switch|p2a: Incineroar|Incineroar, L50, M|100/100
|switch|p2b: Flamigo|Flamigo, L50, F|100/100
|-ability|p2a: Incineroar|Intimidate|boost
|-unboost|p1a: Kilowattrel|atk|1
|-ability|p1a: Kilowattrel|Competitive|boost
|-boost|p1a: Kilowattrel|spa|2
|-unboost|p1b: Porygon2|atk|1
|-ability|p1b: Porygon2|Download|boost
|-boost|p1b: Porygon2|spa|1
|turn|1
|
|t:|1756877809
|-terastallize|p1b: Porygon2|Fighting
|move|p1a: Kilowattrel|Protect|p1a: Kilowattrel
|-singleturn|p1a: Kilowattrel|Protect
|move|p2b: Flamigo|Close Combat|p1b: Porygon2
|-damage|p1b: Porygon2|61/100
|-unboost|p2b: Flamigo|def|1
|-unboost|p2b: Flamigo|spd|1
|move|p2a: Incineroar|Knock Off|p1b: Porygon2
|-resisted|p1b: Porygon2
|-damage|p1b: Porygon2|48/100
|-enditem|p1b: Porygon2|Eviolite|[from] move: Knock Off|[of] p2a: Incineroar
|move|p1b: Porygon2|Tera Blast|p2b: Flamigo|[anim] Tera Blast Fighting
|-resisted|p2b: Flamigo
|-damage|p2b: Flamigo|39/100
|
|upkeep
|turn|2
|inactive|Jakobtc has 30 seconds left.
|inactive|f0xy363 has 30 seconds left.
|inactive|Jakobtc has 20 seconds left.
|
|t:|1756877846
|move|p1a: Kilowattrel|Tailwind|p1a: Kilowattrel
|-sidestart|p1: Jakobtc|move: Tailwind
|move|p1b: Porygon2|Ice Beam|p2b: Flamigo
|-supereffective|p2b: Flamigo
|-damage|p2b: Flamigo|0 fnt
|faint|p2b: Flamigo
|move|p2a: Incineroar|Knock Off|p1a: Kilowattrel
|-crit|p1a: Kilowattrel
|-enditem|p1a: Kilowattrel|Focus Sash
|-damage|p1a: Kilowattrel|1/100
|
|upkeep
|
|t:|1756877858
|switch|p2b: Gholdengo|Gholdengo, L50|100/100
|turn|3
|
|t:|1756877875
|move|p1a: Kilowattrel|Protect|p1a: Kilowattrel
|-singleturn|p1a: Kilowattrel|Protect
|move|p1b: Porygon2|Tera Blast|p2a: Incineroar|[anim] Tera Blast Fighting
|-supereffective|p2a: Incineroar
|-damage|p2a: Incineroar|0 fnt
|faint|p2a: Incineroar
|move|p2b: Gholdengo|Make It Rain|p1a: Kilowattrel|[spread] p1b
|-activate|p1a: Kilowattrel|move: Protect
|-damage|p1b: Porygon2|0 fnt
|-unboost|p2b: Gholdengo|spa|1
|faint|p1b: Porygon2
|-damage|p2b: Gholdengo|91/100|[from] item: Life Orb
|
|upkeep
|
|t:|1756877890
|switch|p2a: Ursaluna|Ursaluna, L50, F|100/100
|switch|p1b: Incineroar|Incineroar, L50, M|100/100
|-ability|p1b: Incineroar|Intimidate|boost
|-unboost|p2a: Ursaluna|atk|1
|-unboost|p2b: Gholdengo|atk|1
|turn|4
|
|t:|1756877918
|switch|p1a: Ursaluna|Ursaluna, L50, M|100/100
|-terastallize|p2b: Gholdengo|Dragon
|move|p1b: Incineroar|Knock Off|p2b: Gholdengo
|-damage|p2b: Gholdengo|38/100
|-enditem|p2b: Gholdengo|Life Orb|[from] move: Knock Off|[of] p1b: Incineroar
|move|p2b: Gholdengo|Make It Rain|p1a: Ursaluna|[spread] p1a,p1b
|-resisted|p1b: Incineroar
|-damage|p1a: Ursaluna|73/100
|-damage|p1b: Incineroar|85/100
|-unboost|p2b: Gholdengo|spa|1
|move|p2a: Ursaluna|Headlong Rush|p1b: Incineroar
|-supereffective|p1b: Incineroar
|-damage|p1b: Incineroar|11/100
|-unboost|p2a: Ursaluna|def|1
|-unboost|p2a: Ursaluna|spd|1
|
|-status|p1a: Ursaluna|brn|[from] item: Flame Orb
|-status|p2a: Ursaluna|brn|[from] item: Flame Orb
|upkeep
|turn|5
|inactive|Jakobtc has 30 seconds left.
|inactive|f0xy363 has 30 seconds left.
|
|t:|1756877960
|switch|p1b: Kilowattrel|Kilowattrel, L50, F|1/100
|move|p2b: Gholdengo|Protect|p2b: Gholdengo
|-singleturn|p2b: Gholdengo|Protect
|move|p2a: Ursaluna|Protect|p2a: Ursaluna
|-singleturn|p2a: Ursaluna|Protect
|move|p1a: Ursaluna|Facade|p2b: Gholdengo
|-activate|p2b: Gholdengo|move: Protect
|
|-damage|p1a: Ursaluna|67/100 brn|[from] brn
|-damage|p2a: Ursaluna|95/100 brn|[from] brn
|-sideend|p1: Jakobtc|move: Tailwind
|upkeep
|turn|6
|
|t:|1756877975
|move|p1b: Kilowattrel|Tailwind|p1b: Kilowattrel
|-sidestart|p1: Jakobtc|move: Tailwind
|move|p1a: Ursaluna|Earthquake|p2b: Gholdengo|[spread] p2a,p2b
|-immune|p1b: Kilowattrel
|-damage|p2a: Ursaluna|22/100 brn
|-damage|p2b: Gholdengo|0 fnt
|faint|p2b: Gholdengo
|move|p2a: Ursaluna|Facade|p1b: Kilowattrel
|-damage|p1b: Kilowattrel|0 fnt
|faint|p1b: Kilowattrel
|
|-damage|p1a: Ursaluna|61/100 brn|[from] brn
|-damage|p2a: Ursaluna|16/100 brn|[from] brn
|upkeep
|c|☆f0xy363|gg
|c|☆Jakobtc|gg
|
|t:|1756877986
|switch|p1b: Incineroar|Incineroar, L50, M|11/100
|-ability|p1b: Incineroar|Intimidate|boost
|-unboost|p2a: Ursaluna|atk|1
|turn|7
|
|t:|1756877992
|move|p1a: Ursaluna|Facade|p2a: Ursaluna
|-damage|p2a: Ursaluna|0 fnt
|faint|p2a: Ursaluna
|
|win|Jakobtc
||f0xy363 is ready for game 3.
