|j|☆carmelotb
|j|☆sum1dum
|html|carmelotbsum1dum    
|uhtml|bestof|Game 2 of a best-of-3
|t:|1783116270
|gametype|doubles
|player|p1|carmelotb|pilot|1119
|player|p2|sum1dum|rosa|1215
|gen|9
|tier|[Gen 9 Champions] VGC 2026 Reg M-B (Bo3)
|rated|
|rule|Species Clause: Limit one of each Pokémon
|rule|Item Clause: Limit 1 of each item
|clearpoke
|poke|p1|Tyranitar, L50, F|
|poke|p1|Whimsicott, L50, M|
|poke|p1|Pyroar, L50, F|
|poke|p1|Garchomp, L50, M|
|poke|p1|Farigiraf, L50, F|
|poke|p1|Rotom-Wash, L50|
|poke|p2|Gliscor, L50, F|
|poke|p2|Primarina, L50, F|
|poke|p2|Metagross, L50|
|poke|p2|Ninetales-Alola, L50, F|
|poke|p2|Incineroar, L50, M|
|poke|p2|Sinistcha, L50|
|teampreview|4
|showteam|p1|Tyranitar||Tyranitarite|SandStream|RockSlide,HighHorsepower,DragonDance,Protect|Adamant||F|||50|]Whimsicott||LifeOrb|Prankster|Moonblast,Tailwind,EnergyBall,ShadowBall|Timid||M|||50|]Pyroar||Pyroarite|Unnerve|HeatWave,Taunt,Flamethrower,Protect|Timid||F|||50|]Garchomp||FocusSash|RoughSkin|SwordsDance,Protect,DragonClaw,Earthquake|Jolly||M|||50|]Farigiraf||ColburBerry|ArmorTail|TwinBeam,Thunderbolt,HelpingHand,Reflect|Relaxed||F|||50|]Rotom-Wash||Leftovers|Levitate|HelpingHand,Thunderbolt,LightScreen,WillOWisp|Calm|||||50|
|showteam|p2|Gliscor||LifeOrb|HyperCutter|DualWingbeat,HighHorsepower,Protect,RockSlide|Jolly||F|||50|]Primarina||Leftovers|LiquidVoice|CalmMind,HyperVoice,Moonblast,Protect|Modest||F|||50|]Metagross||Metagrossite|ClearBody|BulletPunch,IronHead,Protect,PsychicFangs|Jolly|||||50|]Ninetales-Alola||LightClay|SnowWarning|AuroraVeil,FreezeDry,Moonblast,Protect|Timid||F|||50|]Incineroar||ChopleBerry|Intimidate|FakeOut,FlareBlitz,DarkestLariat,PartingShot|Impish||M|||50|]Sinistcha||SitrusBerry|Hospitality|MatchaGotcha,Protect,LifeDew,RagePowder|Bold|||||50|
|inactive|Battle timer is ON: inactive players will automatically lose when time's up. (requested by sum1dum)
|inactive|carmelotb also wants the timer to be on.
|inactive|carmelotb has 60 seconds left.
|
|t:|1783116311
|teamsize|p1|4
|teamsize|p2|4
|start
|switch|p1a: Farigiraf|Farigiraf, L50, F|100/100
|switch|p1b: Pyroar|Pyroar, L50, F|100/100
|switch|p2a: Justice|Incineroar, L50, M|100/100
|switch|p2b: Patience|Primarina, L50, F|100/100
|-ability|p1b: Pyroar|Unnerve
|-ability|p2a: Justice|Intimidate|boost
|-unboost|p1a: Farigiraf|atk|1
|-unboost|p1b: Pyroar|atk|1
|turn|1
|
|t:|1783116324
|detailschange|p1b: Pyroar|Pyroar-Mega, L50, F
|-mega|p1b: Pyroar|Pyroar|Pyroarite
|move|p1b: Pyroar|Taunt|p2b: Patience
|-start|p2b: Patience|move: Taunt
|move|p2a: Justice|Darkest Lariat|p1a: Farigiraf
|-supereffective|p1a: Farigiraf|1
|-enditem|p1a: Farigiraf|Colbur Berry|[eat]
|-enditem|p1a: Farigiraf|Colbur Berry|[weaken]
|-damage|p1a: Farigiraf|76/100
|cant|p2b: Patience|move: Taunt|Calm Mind
|move|p1a: Farigiraf|Thunderbolt|p2b: Patience
|-supereffective|p2b: Patience|1
|-crit|p2b: Patience
|-damage|p2b: Patience|45/100
|
|-heal|p2b: Patience|51/100|[from] item: Leftovers
|upkeep
|turn|2
|
|t:|1783116344
|switch|p2b: Perserverance|Metagross, L50|100/100
|move|p1b: Pyroar|Protect|p1b: Pyroar
|-singleturn|p1b: Pyroar|Protect
|move|p2a: Justice|Darkest Lariat|p1a: Farigiraf
|-supereffective|p1a: Farigiraf|1
|-damage|p1a: Farigiraf|25/100
|move|p1a: Farigiraf|Thunderbolt|p2b: Perserverance
|-damage|p2b: Perserverance|70/100
|
|upkeep
|turn|3
|
|t:|1783116359
|move|p1a: Farigiraf|Helping Hand|p1b: Pyroar
|-singleturn|p1b: Pyroar|Helping Hand|[of] p1a: Farigiraf
|move|p2b: Perserverance|Protect|p2b: Perserverance
|-singleturn|p2b: Perserverance|Protect
|move|p1b: Pyroar|Heat Wave|p2a: Justice|[spread] 
|-activate|p2b: Perserverance|move: Protect
|-miss|p1b: Pyroar|p2a: Justice
|move|p2a: Justice|Darkest Lariat|p1a: Farigiraf
|-supereffective|p1a: Farigiraf|1
|-damage|p1a: Farigiraf|0 fnt
|faint|p1a: Farigiraf
|
|upkeep
|
|t:|1783116376
|switch|p1a: Rotom|Rotom-Wash, L50|100/100
|turn|4
|
|t:|1783116400
|switch|p2b: Patience|Primarina, L50, F|51/100
|move|p1a: Rotom|Helping Hand|p1b: Pyroar
|-singleturn|p1b: Pyroar|Helping Hand|[of] p1a: Rotom
|move|p1b: Pyroar|Heat Wave|p2b: Patience|[spread] p2a,p2b
|-resisted|p2a: Justice|1
|-resisted|p2b: Patience|1
|-damage|p2a: Justice|67/100
|-damage|p2b: Patience|15/100
|move|p2a: Justice|Parting Shot|p1a: Rotom
|-unboost|p1a: Rotom|atk|1
|-unboost|p1a: Rotom|spa|1
|
|t:|1783116402
|switch|p2a: Kindness|Sinistcha, L50|100/100|[from] Parting Shot
|-heal|p2b: Patience|40/100|[from] ability: Hospitality|[of] p2a: Kindness
|
|-heal|p2b: Patience|45/100|[from] item: Leftovers
|upkeep
|turn|5
|inactive|carmelotb has 30 seconds left.
|
|t:|1783116435
|switch|p2a: Justice|Incineroar, L50, M|67/100
|-ability|p2a: Justice|Intimidate|boost
|-unboost|p1a: Rotom|atk|1
|-unboost|p1b: Pyroar|atk|1
|move|p1b: Pyroar|Protect|p1b: Pyroar
|-singleturn|p1b: Pyroar|Protect
|move|p2b: Patience|Protect|p2b: Patience
|-singleturn|p2b: Patience|Protect
|move|p1a: Rotom|Light Screen|p1a: Rotom
|-sidestart|p1: carmelotb|move: Light Screen
|
|-heal|p2b: Patience|51/100|[from] item: Leftovers
|upkeep
|turn|6
|
|t:|1783116456
|switch|p1a: Whimsicott|Whimsicott, L50, M|100/100
|move|p1b: Pyroar|Taunt|p2b: Patience
|-start|p2b: Patience|move: Taunt
|move|p2a: Justice|Parting Shot|p1a: Whimsicott
|-unboost|p1a: Whimsicott|atk|1
|-unboost|p1a: Whimsicott|spa|1
|
|t:|1783116458
|switch|p2a: Kindness|Sinistcha, L50|100/100|[from] Parting Shot
|-heal|p2b: Patience|76/100|[from] ability: Hospitality|[of] p2a: Kindness
|cant|p2b: Patience|move: Taunt|Calm Mind
|
|-heal|p2b: Patience|82/100|[from] item: Leftovers
|upkeep
|turn|7
|inactive|carmelotb has 30 seconds left.
|
|t:|1783116485
|switch|p2a: Justice|Incineroar, L50, M|67/100
|-ability|p2a: Justice|Intimidate|boost
|-unboost|p1a: Whimsicott|atk|1
|-unboost|p1b: Pyroar|atk|1
|move|p1b: Pyroar|Flamethrower|p2b: Patience
|-resisted|p2b: Patience|1
|-damage|p2b: Patience|54/100
|move|p1a: Whimsicott|Energy Ball|p2b: Patience
|-supereffective|p2b: Patience|1
|-damage|p2b: Patience|6/100
|-damage|p1a: Whimsicott|90/100|[from] item: Life Orb
|move|p2b: Patience|Hyper Voice|p1a: Whimsicott|[spread] p1a,p1b
|-resisted|p1a: Whimsicott|1
|-supereffective|p1b: Pyroar|1
|-damage|p1a: Whimsicott|72/100
|-damage|p1b: Pyroar|47/100
|
|-heal|p2b: Patience|12/100|[from] item: Leftovers
|upkeep
|turn|8
|inactive|carmelotb has 30 seconds left.
|
|t:|1783116515
|switch|p2b: Perserverance|Metagross, L50|70/100
|move|p2a: Justice|Fake Out|p1b: Pyroar
|-damage|p1b: Pyroar|36/100
|cant|p1b: Pyroar|flinch
|move|p1a: Whimsicott|Energy Ball|p2b: Perserverance
|-resisted|p2b: Perserverance|1
|-damage|p2b: Perserverance|50/100g
|-damage|p1a: Whimsicott|63/100|[from] item: Life Orb
|
|upkeep
|turn|9
|inactive|sum1dum has 30 seconds left.
|inactive|sum1dum has 20 seconds left.
|
|t:|1783116554
|move|p2b: Perserverance|Protect|p2b: Perserverance
|-singleturn|p2b: Perserverance|Protect
|move|p1b: Pyroar|Heat Wave|p2a: Justice|[spread] p2a
|-activate|p2b: Perserverance|move: Protect
|-resisted|p2a: Justice|1
|-damage|p2a: Justice|44/100
|move|p1a: Whimsicott|Moonblast|p2a: Justice
|-damage|p2a: Justice|18/100
|-damage|p1a: Whimsicott|54/100|[from] item: Life Orb
|move|p2a: Justice|Darkest Lariat|p1b: Pyroar
|-damage|p1b: Pyroar|0 fnt
|faint|p1b: Pyroar
|
|-sideend|p1: carmelotb|move: Light Screen
|upkeep
|
|t:|1783116568
|switch|p1b: Rotom|Rotom-Wash, L50|100/100
|turn|10
|
|t:|1783116584
|detailschange|p2b: Perserverance|Metagross-Mega, L50
|-mega|p2b: Perserverance|Metagross|Metagrossite
|move|p2b: Perserverance|Bullet Punch|p1a: Whimsicott
|-supereffective|p1a: Whimsicott|1
|-damage|p1a: Whimsicott|0 fnt
|faint|p1a: Whimsicott
|move|p1b: Rotom|Will-O-Wisp|p2b: Perserverance|[miss]
|-miss|p1b: Rotom|p2b: Perserverance
|move|p2a: Justice|Parting Shot|p1b: Rotom
|-unboost|p1b: Rotom|atk|1
|-unboost|p1b: Rotom|spa|1
|
|t:|1783116588
|switch|p2a: Patience|Primarina, L50, F|12/100|[from] Parting Shot
|
|-heal|p2a: Patience|18/100|[from] item: Leftovers
|upkeep
|turn|11
|
|t:|1783116597
|switch|p2b: Kindness|Sinistcha, L50|100/100
|-heal|p2a: Patience|43/100|[from] ability: Hospitality|[of] p2b: Kindness
|move|p2a: Patience|Protect|p2a: Patience
|-singleturn|p2a: Patience|Protect
|move|p1b: Rotom|Will-O-Wisp|p2b: Kindness
|-status|p2b: Kindness|brn
|
|-heal|p2a: Patience|49/100|[from] item: Leftovers
|-damage|p2b: Kindness|93/100 brn|[from] brn
|upkeep
|turn|12
|-message|carmelotb forfeited.
|
|win|sum1dum
|raw|carmelotb's rating: 1119 → 1101(-18 for losing)
|raw|sum1dum's rating: 1215 → 1233(+18 for winning)
