|j|☆S.Ulisses
|j|☆toxiccroc12
|html|S.Ulissestoxiccroc12    
|uhtml|bestof|Game 1 of a best-of-3
|t:|1783881321
|gametype|doubles
|player|p1|S.Ulisses|265|1002
|player|p2|toxiccroc12|2|1099
|gen|9
|tier|[Gen 9 Champions] VGC 2026 Reg M-B (Bo3)
|rated|
|rule|Species Clause: Limit one of each Pokémon
|rule|Item Clause: Limit 1 of each item
|clearpoke
|poke|p1|Aerodactyl, L50, M|
|poke|p1|Incineroar, L50, F|
|poke|p1|Dragapult, L50, M, shiny|
|poke|p1|Froslass, L50, F|
|poke|p1|Rotom-Mow, L50|
|poke|p1|Basculegion-F, L50, F|
|poke|p2|Floette-Eternal, L50, F|
|poke|p2|Incineroar, L50, F|
|poke|p2|Sinistcha, L50|
|poke|p2|Delphox, L50, M|
|poke|p2|Sneasler, L50, F|
|poke|p2|Kingambit, L50, F|
|teampreview|4
|showteam|p1|Aerodactyl||FocusSash|Unnerve|Tailwind,Protect,RockSlide,Crunch|Jolly||M|||50|]Incineroar||MentalHerb|Intimidate|Taunt,DarkestLariat,PartingShot,TemperFlare|Relaxed||F|||50|]Dragapult||Leftovers|ClearBody|SuckerPunch,PhantomForce,DragonClaw,Protect|Hasty||M|||50|]Froslass||Froslassite|CursedBody|AuroraVeil,Blizzard,Thunder,Protect|Hasty||F|||50|]Rotom-Mow||QuickClaw|Levitate|ThunderWave,Protect,Thunderbolt,DarkPulse|Timid|||||50|]Basculegion-F||ExpertBelt|SwiftSwim|Blizzard,ShadowBall,Surf,Protect|Timid||F|||50|
|showteam|p2|Floette-Eternal||Floettite|FlowerVeil|DazzlingGleam,DrainingKiss,CalmMind,Protect|Modest||F|||50|]Incineroar||SitrusBerry|Intimidate|FlareBlitz,FakeOut,PartingShot,HelpingHand|Impish||F|||50|]Sinistcha||OccaBerry|Hospitality|MatchaGotcha,RagePowder,TrickRoom,Protect|Relaxed|||||50|]Delphox||Delphoxite|Blaze|HeatWave,Psyshock,NastyPlot,Protect|Timid||M|||50|]Sneasler||FocusSash|PoisonTouch|PoisonJab,CloseCombat,FakeOut,QuickGuard|Jolly||F|||50|]Kingambit||BlackGlasses|Defiant|KowtowCleave,SuckerPunch,SwordsDance,Protect|Adamant||F|||50|
|inactive|Battle timer is ON: inactive players will automatically lose when time's up. (requested by S.Ulisses)
|inactive|toxiccroc12 has 60 seconds left.
|
|t:|1783881369
|teamsize|p1|4
|teamsize|p2|4
|start
|switch|p1a: Aerodactyl|Aerodactyl, L50, M|100/100
|switch|p1b: Rotom|Rotom-Mow, L50|100/100
|switch|p2a: Floette|Floette-Eternal, L50, F|100/100
|switch|p2b: Sneasler|Sneasler, L50, F|100/100
|-ability|p1a: Aerodactyl|Unnerve
|turn|1
|
|t:|1783881393
|detailschange|p2a: Floette|Floette-Mega, L50, F
|-mega|p2a: Floette|Floette|Floettite
|-ability|p2a: Floette|Fairy Aura
|move|p2b: Sneasler|Fake Out|p1a: Aerodactyl
|-resisted|p1a: Aerodactyl|1
|-damage|p1a: Aerodactyl|88/100
|cant|p1a: Aerodactyl|flinch
|move|p2a: Floette|Calm Mind|p2a: Floette
|-boost|p2a: Floette|spa|1
|-boost|p2a: Floette|spd|1
|move|p1b: Rotom|Thunder Wave|p2a: Floette
|-status|p2a: Floette|par
|
|upkeep
|turn|2
|inactive|toxiccroc12 has 30 seconds left.
|
|t:|1783881419
|move|p1a: Aerodactyl|Tailwind|p1a: Aerodactyl
|-sidestart|p1: S.Ulisses|move: Tailwind
|move|p1b: Rotom|Thunder Wave|p2b: Sneasler
|-status|p2b: Sneasler|par
|move|p2b: Sneasler|Poison Jab|p1b: Rotom
|-supereffective|p1b: Rotom|1
|-damage|p1b: Rotom|0 fnt
|faint|p1b: Rotom
|move|p2a: Floette|Dazzling Gleam|p1a: Aerodactyl
|-crit|p1a: Aerodactyl
|-damage|p1a: Aerodactyl|0 fnt
|faint|p1a: Aerodactyl
|
|upkeep
|
|t:|1783881431
|switch|p1a: Froslass|Froslass, L50, F|100/100
|switch|p1b: Incineroar|Incineroar, L50, F|100/100
|-ability|p1b: Incineroar|Intimidate|boost
|-unboost|p2a: Floette|atk|1
|-unboost|p2b: Sneasler|atk|1
|turn|3
|inactive|S.Ulisses has 30 seconds left.
|
|t:|1783881459
|move|p1a: Froslass|Protect|p1a: Froslass
|-singleturn|p1a: Froslass|Protect
|move|p2b: Sneasler|Quick Guard|p2b: Sneasler
|-singleturn|p2b: Sneasler|Quick Guard
|move|p1b: Incineroar|Parting Shot|p2a: Floette
|-unboost|p2a: Floette|atk|1
|-unboost|p2a: Floette|spa|1
|move|p2a: Floette|Dazzling Gleam|p1a: Froslass|[spread] p1b
|-activate|p1a: Froslass|move: Protect
|-damage|p1b: Incineroar|62/100
|
|upkeep
|turn|4
|
|t:|1783881480
|detailschange|p1a: Froslass|Froslass-Mega, L50, F
|-mega|p1a: Froslass|Froslass|Froslassite
|-weather|Snowscape|[from] ability: Snow Warning|[of] p1a: Froslass
|move|p1a: Froslass|Blizzard|p2a: Floette|[spread] p2a,p2b
|-damage|p2a: Floette|81/100 par
|-damage|p2b: Sneasler|50/100g par
|move|p1b: Incineroar|Temper Flare|p2a: Floette
|-damage|p2a: Floette|50/100g par
|move|p2b: Sneasler|Close Combat|p1b: Incineroar
|-supereffective|p1b: Incineroar|1
|-damage|p1b: Incineroar|1/100
|-unboost|p2b: Sneasler|def|1
|-unboost|p2b: Sneasler|spd|1
|-status|p1b: Incineroar|psn|[from] ability: Poison Touch|[of] p2b: Sneasler
|move|p2a: Floette|Dazzling Gleam|p1a: Froslass|[spread] p1a,p1b
|-damage|p1a: Froslass|50/100g
|-damage|p1b: Incineroar|0 fnt
|faint|p1b: Incineroar
|
|-weather|Snowscape|[upkeep]
|upkeep
|turn|5
|
|t:|1783881498
|move|p1a: Froslass|Blizzard|p2a: Floette|[spread] p2a,p2b
|-damage|p2a: Floette|29/100 par
|-damage|p2b: Sneasler|0 fnt
|faint|p2b: Sneasler
|cant|p2a: Floette|par
|
|-weather|Snowscape|[upkeep]
|-sideend|p1: S.Ulisses|move: Tailwind
|upkeep
|
|t:|1783881504
|switch|p2b: Sinistcha|Sinistcha, L50|100/100
|-heal|p2a: Floette|54/100 par|[from] ability: Hospitality|[of] p2b: Sinistcha
|turn|6
|
|t:|1783881515
|move|p1a: Froslass|Blizzard|p2a: Floette|[spread] p2a,p2b
|-supereffective|p2b: Sinistcha|1
|-damage|p2a: Floette|33/100 par
|-damage|p2b: Sinistcha|19/100
|cant|p2a: Floette|par
|move|p2b: Sinistcha|Trick Room|p2b: Sinistcha
|-fieldstart|move: Trick Room|[of] p2b: Sinistcha
|
|-weather|Snowscape|[upkeep]
|upkeep
|turn|7
|
|t:|1783881538
|switch|p2b: Incineroar|Incineroar, L50, F|100/100
|-ability|p2b: Incineroar|Intimidate|boost
|-unboost|p1a: Froslass|atk|1
|move|p2a: Floette|Draining Kiss|p1a: Froslass
|-damage|p1a: Froslass|11/100
|-heal|p2a: Floette|63/100 par|[from] drain|[of] p1a: Froslass
|move|p1a: Froslass|Blizzard|p2a: Floette|[spread] p2a,p2b
|-resisted|p2b: Incineroar|1
|-damage|p2a: Floette|43/100 par
|-damage|p2b: Incineroar|82/100
|
|-weather|Snowscape|[upkeep]
|upkeep
|turn|8
|
|t:|1783881551
|switch|p2b: Sinistcha|Sinistcha, L50|19/100
|-heal|p2a: Floette|68/100 par|[from] ability: Hospitality|[of] p2b: Sinistcha
|move|p2a: Floette|Draining Kiss|p1a: Froslass
|-damage|p1a: Froslass|0 fnt
|-heal|p2a: Floette|78/100 par|[from] drain|[of] p1a: Froslass
|faint|p1a: Froslass
|
|win|toxiccroc12
||S.Ulisses is ready for game 2.
