|j|☆ErikT007
|j|☆Luke693VGC
|html|ErikT007Luke693VGC    
|uhtml|bestof|Game 1 of a best-of-3
|t:|1756832390
|gametype|doubles
|player|p1|ErikT007|lucas-gen4pt|1008
|player|p2|Luke693VGC|cyclist-gen4|1071
|gen|9
|tier|[Gen 9] VGC 2025 Reg H (Bo3)
|rated|
|rule|Species Clause: Limit one of each Pokémon
|rule|Item Clause: Limit 1 of each item
|clearpoke
|poke|p1|Floatzel, L50, M|
|poke|p1|Incineroar, L50, M|
|poke|p1|Archaludon, L50, F|
|poke|p1|Rillaboom, L50, F|
|poke|p1|Sneasler, L50, M|
|poke|p1|Politoed, L50, F|
|poke|p2|Archaludon, L50, F|
|poke|p2|Pelipper, L50, F|
|poke|p2|Basculegion, L50, M|
|poke|p2|Amoonguss, L50, M|
|poke|p2|Incineroar, L50, F|
|poke|p2|Gholdengo, L50|
|teampreview|4
|showteam|p1|Floatzel||ClearAmulet|SwiftSwim|IceSpinner,WaveCrash,Crunch,FlipTurn|||M|||50|,,,,,Ghost]Incineroar||CovertCloak|Intimidate|FakeOut,PartingShot,FlareBlitz,KnockOff|||M|||50|,,,,,Grass]Archaludon||PowerHerb|Stalwart|ElectroShot,DracoMeteor,FlashCannon,Protect|||F|||50|,,,,,Electric]Rillaboom||AssaultVest|GrassySurge|FakeOut,GrassyGlide,WoodHammer,Uturn|||F|||50|,,,,,Dragon]Sneasler||GrassySeed|Unburden|Taunt,FakeOut,DireClaw,CloseCombat|||M|||50|,,,,,Poison]Politoed||SitrusBerry|Drizzle|Haze,Protect,IcyWind,ChillingWater|||F|||50|,,,,,Grass
|showteam|p2|Archaludon||AssaultVest|Stamina|DragonPulse,ElectroShot,FlashCannon,BodyPress|||F|||50|,,,,,Bug]Pelipper||FocusSash|Drizzle|WeatherBall,Hurricane,Tailwind,Protect|||F|||50|,,,,,Ground]Basculegion||ChoiceBand|SwiftSwim|WaveCrash,LastRespects,AquaJet,FlipTurn|||M|||50|,,,,,Grass]Amoonguss||CovertCloak|Regenerator|PollenPuff,RagePowder,Spore,Protect|||M|||50|,,,,,Water]Incineroar||SafetyGoggles|Intimidate|KnockOff,FakeOut,PartingShot,Taunt|||F|||50|,,,,,Ghost]Gholdengo||LifeOrb|GoodasGold|MakeItRain,ShadowBall,NastyPlot,Protect||||||50|,,,,,Water
|inactive|Battle timer is ON: inactive players will automatically lose when time's up. (requested by ErikT007)
|
|t:|1756832433
|teamsize|p1|4
|teamsize|p2|4
|start
|switch|p1a: Archaludon|Archaludon, L50, F|100/100
|switch|p1b: Rillaboom|Rillaboom, L50, F|100/100
|switch|p2a: Amoonguss|Amoonguss, L50, M|100/100
|switch|p2b: Gholdengo|Gholdengo, L50|100/100
|-fieldstart|move: Grassy Terrain|[from] ability: Grassy Surge|[of] p1b: Rillaboom
|turn|1
|inactive|ErikT007 has 30 seconds left.
|inactive|Luke693VGC has 30 seconds left.
|
|t:|1756832464
|-terastallize|p1a: Archaludon|Electric
|move|p1a: Archaludon|Electro Shot||[still]
|-prepare|p1a: Archaludon|Electro Shot
|-boost|p1a: Archaludon|spa|1
|-enditem|p1a: Archaludon|Power Herb
|-anim|p1a: Archaludon|Electro Shot|p2b: Gholdengo
|-damage|p2b: Gholdengo|0 fnt
|faint|p2b: Gholdengo
|move|p1b: Rillaboom|Wood Hammer|p2a: Amoonguss
|-resisted|p2a: Amoonguss
|-damage|p2a: Amoonguss|85/100
|-damage|p1b: Rillaboom|94/100|[from] Recoil
|move|p2a: Amoonguss|Spore|p1a: Archaludon
|-status|p1a: Archaludon|slp|[from] move: Spore
|
|-heal|p1b: Rillaboom|99/100|[from] Grassy Terrain
|-heal|p2a: Amoonguss|91/100|[from] Grassy Terrain
|upkeep
|inactive|Luke693VGC has 30 seconds left.
|
|t:|1756832489
|switch|p2b: Archaludon|Archaludon, L50, F|100/100
|turn|2
|inactive|Luke693VGC has 30 seconds left.
|
|t:|1756832518
|cant|p1a: Archaludon|slp
|move|p1b: Rillaboom|U-turn|p2a: Amoonguss
|-damage|p2a: Amoonguss|73/100
|
|t:|1756832523
|switch|p1b: Sneasler|Sneasler, L50, M|100/100|[from] U-turn
|-enditem|p1b: Sneasler|Grassy Seed
|-boost|p1b: Sneasler|def|1|[from] item: Grassy Seed
|move|p2b: Archaludon|Dragon Pulse|p1a: Archaludon
|-damage|p1a: Archaludon|33/100 slp
|move|p2a: Amoonguss|Pollen Puff|p1b: Sneasler
|-resisted|p1b: Sneasler
|-damage|p1b: Sneasler|94/100
|
|-heal|p1b: Sneasler|99/100|[from] Grassy Terrain
|-heal|p1a: Archaludon|39/100 slp|[from] Grassy Terrain
|-heal|p2a: Amoonguss|79/100|[from] Grassy Terrain
|upkeep
|turn|3
|inactive|Luke693VGC has 30 seconds left.
|
|t:|1756832550
|move|p1b: Sneasler|Fake Out|p2b: Archaludon
|-resisted|p2b: Archaludon
|-crit|p2b: Archaludon
|-damage|p2b: Archaludon|93/100
|-ability|p2b: Archaludon|Stamina|boost
|-boost|p2b: Archaludon|def|1
|cant|p1a: Archaludon|slp
|cant|p2b: Archaludon|flinch
|move|p2a: Amoonguss|Spore|p1b: Sneasler
|-status|p1b: Sneasler|slp|[from] move: Spore
|
|-heal|p1b: Sneasler|100/100 slp|[from] Grassy Terrain
|-heal|p1a: Archaludon|45/100 slp|[from] Grassy Terrain
|-heal|p2b: Archaludon|99/100|[from] Grassy Terrain
|-heal|p2a: Amoonguss|85/100|[from] Grassy Terrain
|upkeep
|turn|4
|
|t:|1756832567
|move|p2a: Amoonguss|Rage Powder|p2a: Amoonguss
|-singleturn|p2a: Amoonguss|move: Rage Powder
|cant|p1b: Sneasler|slp
|-curestatus|p1a: Archaludon|slp|[msg]
|move|p1a: Archaludon|Draco Meteor|p2b: Archaludon
|-damage|p2b: Archaludon|8/100
|-unboost|p1a: Archaludon|spa|2
|-ability|p2b: Archaludon|Stamina|boost
|-boost|p2b: Archaludon|def|1
|move|p2b: Archaludon|Dragon Pulse|p1a: Archaludon
|-damage|p1a: Archaludon|0 fnt
|faint|p1a: Archaludon
|
|-heal|p2b: Archaludon|15/100|[from] Grassy Terrain
|-heal|p2a: Amoonguss|91/100|[from] Grassy Terrain
|upkeep
|
|t:|1756832580
|switch|p1a: Floatzel|Floatzel, L50, M|100/100
|turn|5
|inactive|Luke693VGC has 30 seconds left.
|inactive|Luke693VGC has 20 seconds left.
|
|t:|1756832617
|cant|p1b: Sneasler|slp
|move|p1a: Floatzel|Ice Spinner|p2b: Archaludon
|-damage|p2b: Archaludon|6/100
|-ability|p2b: Archaludon|Stamina|boost
|-boost|p2b: Archaludon|def|1
|-fieldend|move: Grassy Terrain
|move|p2b: Archaludon|Dragon Pulse|p1b: Sneasler
|-damage|p1b: Sneasler|36/100 slp
|move|p2a: Amoonguss|Pollen Puff|p2b: Archaludon
|-heal|p2b: Archaludon|56/100
|
|upkeep
|turn|6
|
|t:|1756832636
|move|p2a: Amoonguss|Rage Powder|p2a: Amoonguss
|-singleturn|p2a: Amoonguss|move: Rage Powder
|cant|p1b: Sneasler|slp
|move|p1a: Floatzel|Ice Spinner|p2a: Amoonguss
|-supereffective|p2a: Amoonguss
|-damage|p2a: Amoonguss|48/100
|move|p2b: Archaludon|Body Press|p1b: Sneasler
|-resisted|p1b: Sneasler
|-damage|p1b: Sneasler|0 fnt
|faint|p1b: Sneasler
|
|upkeep
|
|t:|1756832645
|switch|p1b: Rillaboom|Rillaboom, L50, F|99/100
|-fieldstart|move: Grassy Terrain|[from] ability: Grassy Surge|[of] p1b: Rillaboom
|turn|7
|inactive|Luke693VGC has 30 seconds left.
|
|t:|1756832671
|move|p1a: Floatzel|Ice Spinner|p2a: Amoonguss
|-supereffective|p2a: Amoonguss
|-damage|p2a: Amoonguss|5/100
|-fieldend|move: Grassy Terrain
|move|p1b: Rillaboom|U-turn|p2a: Amoonguss
|-damage|p2a: Amoonguss|0 fnt
|faint|p2a: Amoonguss
|move|p2b: Archaludon|Body Press|p1b: Rillaboom
|-damage|p1b: Rillaboom|24/100
|
|upkeep
|
|t:|1756832679
|switch|p2a: Pelipper|Pelipper, L50, F|100/100
|-weather|RainDance|[from] ability: Drizzle|[of] p2a: Pelipper
|turn|8
|inactive|ErikT007 has 30 seconds left.
|inactive|ErikT007 has 20 seconds left.
|
|t:|1756832718
|move|p2a: Pelipper|Protect|p2a: Pelipper
|-singleturn|p2a: Pelipper|Protect
|move|p1a: Floatzel|Wave Crash|p2b: Archaludon
|-resisted|p2b: Archaludon
|-damage|p2b: Archaludon|43/100
|-ability|p2b: Archaludon|Stamina|boost
|-boost|p2b: Archaludon|def|1
|-damage|p1a: Floatzel|96/100|[from] Recoil
|move|p1b: Rillaboom|Wood Hammer|p2a: Pelipper
|-activate|p2a: Pelipper|move: Protect
|move|p2b: Archaludon|Electro Shot||[still]
|-prepare|p2b: Archaludon|Electro Shot
|-boost|p2b: Archaludon|spa|1
|-anim|p2b: Archaludon|Electro Shot|p1a: Floatzel
|-supereffective|p1a: Floatzel
|-damage|p1a: Floatzel|0 fnt
|faint|p1a: Floatzel
|
|-weather|RainDance|[upkeep]
|upkeep
|turn|9
|-message|ErikT007 forfeited.
|
|win|Luke693VGC
