|j|☆Centiskorch18
|j|☆lemons2738
|html|Centiskorch18lemons2738    
|uhtml|bestof|Game 1 of a best-of-3
|t:|1785984871
|gametype|doubles
|player|p1|Centiskorch18|caitlin|1266
|player|p2|lemons2738|benga|1198
|gen|9
|tier|[Gen 9 Champions] VGC 2026 Reg M-B (Bo3)
|rated|
|rule|Species Clause: Limit one of each Pokémon
|rule|Item Clause: Limit 1 of each item
|clearpoke
|poke|p1|Staraptor, L50, M|
|poke|p1|Venusaur, L50, F|
|poke|p1|Garchomp, L50, F|
|poke|p1|Gholdengo, L50|
|poke|p1|Ninetales-Alola, L50, M|
|poke|p1|Incineroar, L50, F|
|poke|p2|Staraptor, L50, M|
|poke|p2|Arcanine-Hisui, L50, M|
|poke|p2|Kingambit, L50, M|
|poke|p2|Raichu, L50, M|
|poke|p2|Farigiraf, L50, M|
|poke|p2|Sylveon, L50, M|
|teampreview|4
|showteam|p1|Staraptor||Staraptite|Intimidate|CloseCombat,DualWingbeat,Tailwind,Protect|Jolly||M|||50|]Venusaur||Venusaurite|Overgrow|GigaDrain,SludgeBomb,EarthPower,Protect|Modest||F|||50|]Garchomp||ChoiceScarf|SandVeil|Earthquake,DragonClaw,StompingTantrum,RockSlide|Adamant||F|||50|]Gholdengo||LifeOrb|GoodasGold|MakeItRain,ShadowBall,NastyPlot,Protect|Modest|||||50|]Ninetales-Alola||NeverMeltIce|SnowWarning|FreezeDry,Blizzard,Encore,Protect|Timid||M|||50|]Incineroar||SitrusBerry|Intimidate|FlareBlitz,ThroatChop,FakeOut,PartingShot|Careful||F|||50|
|showteam|p2|Staraptor||Staraptite|Intimidate|CloseCombat,DualWingbeat,Tailwind,Protect|Jolly||M|||50|]Arcanine-Hisui||FocusSash|RockHead|FlareBlitz,HeadSmash,ExtremeSpeed,Protect|Jolly||M|||50|]Kingambit||LifeOrb|Defiant|KowtowCleave,SuckerPunch,SwordsDance,Protect|Adamant||M|||50|]Raichu||RaichuniteY|LightningRod|ZapCannon,FocusBlast,FakeOut,Protect|Timid||M|||50|]Farigiraf||SitrusBerry|ArmorTail|Psychic,HelpingHand,TrickRoom,Protect|Calm||M|||50|]Sylveon||FairyFeather|Pixilate|HyperVoice,HyperBeam,QuickAttack,Detect|Modest||M|||50|
|inactive|Battle timer is ON: inactive players will automatically lose when time's up. (requested by lemons2738)
|inactive|Centiskorch18 also wants the timer to be on.
|c|☆Centiskorch18|glhf
|inactive|Centiskorch18 has 60 seconds left.
|inactive|lemons2738 has 60 seconds left.
|
|t:|1785984927
|teamsize|p1|4
|teamsize|p2|4
|start
|switch|p1a: Staraptor|Staraptor, L50, M|100/100
|switch|p1b: Ninetales|Ninetales-Alola, L50, M|100/100
|switch|p2a: Staraptor|Staraptor, L50, M|100/100
|switch|p2b: Kingambit|Kingambit, L50, M|100/100
|-weather|Snowscape|[from] ability: Snow Warning|[of] p1b: Ninetales
|-ability|p2a: Staraptor|Intimidate|boost
|-unboost|p1a: Staraptor|atk|1
|-unboost|p1b: Ninetales|atk|1
|-ability|p1a: Staraptor|Intimidate|boost
|-unboost|p2a: Staraptor|atk|1
|-unboost|p2b: Kingambit|atk|1
|-ability|p2b: Kingambit|Defiant|boost
|-boost|p2b: Kingambit|atk|2
|turn|1
|
|t:|1785984951
|detailschange|p2a: Staraptor|Staraptor-Mega, L50, M
|-mega|p2a: Staraptor|Staraptor|Staraptite
|detailschange|p1a: Staraptor|Staraptor-Mega, L50, M
|-mega|p1a: Staraptor|Staraptor|Staraptite
|move|p2b: Kingambit|Protect|p2b: Kingambit
|-singleturn|p2b: Kingambit|Protect
|move|p2a: Staraptor|Close Combat|p1b: Ninetales
|-damage|p1b: Ninetales|70/100
|-boost|p2a: Staraptor|def|1
|-boost|p2a: Staraptor|spd|1
|move|p1a: Staraptor|Tailwind|p1a: Staraptor
|-sidestart|p1: Centiskorch18|move: Tailwind
|move|p1b: Ninetales|Blizzard|p2b: Kingambit|[spread] p2a
|-activate|p2b: Kingambit|move: Protect
|-supereffective|p2a: Staraptor|1
|-damage|p2a: Staraptor|60/100
|
|-weather|Snowscape|[upkeep]
|upkeep
|turn|2
|
|t:|1785984974
|switch|p1b: Gholdengo|Gholdengo, L50|100/100
|move|p2b: Kingambit|Sucker Punch|p1a: Staraptor
|-resisted|p1a: Staraptor|1
|-damage|p1a: Staraptor|64/100
|-damage|p2b: Kingambit|90/100|[from] item: Life Orb
|move|p1a: Staraptor|Close Combat|p2b: Kingambit
|-supereffective|p2b: Kingambit|2
|-damage|p2b: Kingambit|0 fnt
|-boost|p1a: Staraptor|def|1
|-boost|p1a: Staraptor|spd|1
|faint|p2b: Kingambit
|move|p2a: Staraptor|Dual Wingbeat|p1a: Staraptor|[miss]
|-miss|p2a: Staraptor|p1a: Staraptor
|
|-weather|Snowscape|[upkeep]
|upkeep
|
|t:|1785984983
|switch|p2b: Arcanine|Arcanine-Hisui, L50, M|100/100
|turn|3
|
|t:|1785984990
|move|p2b: Arcanine|Protect|p2b: Arcanine
|-singleturn|p2b: Arcanine|Protect
|move|p1a: Staraptor|Close Combat|p2b: Arcanine
|-activate|p2b: Arcanine|move: Protect
|move|p1b: Gholdengo|Make It Rain|p2b: Arcanine|[spread] p2a
|-activate|p2b: Arcanine|move: Protect
|-damage|p2a: Staraptor|23/100
|-unboost|p1b: Gholdengo|spa|2
|-damage|p1b: Gholdengo|90/100|[from] item: Life Orb
|move|p2a: Staraptor|Tailwind|p2a: Staraptor
|-sidestart|p2: lemons2738|move: Tailwind
|
|-weather|Snowscape|[upkeep]
|upkeep
|turn|4
|
|t:|1785985007
|switch|p1b: Garchomp|Garchomp, L50, F|100/100
|move|p2a: Staraptor|Dual Wingbeat|p1a: Staraptor
|-supereffective|p1a: Staraptor|1
|-crit|p1a: Staraptor
|-damage|p1a: Staraptor|13/100
|-supereffective|p1a: Staraptor|1
|-damage|p1a: Staraptor|0 fnt
|faint|p1a: Staraptor
|-hitcount|p1: Staraptor|2
|move|p2b: Arcanine|Head Smash|p1b: Garchomp
|-resisted|p1b: Garchomp|1
|-damage|p1b: Garchomp|65/100
|
|-weather|Snowscape|[upkeep]
|-sideend|p1: Centiskorch18|move: Tailwind
|upkeep
|
|t:|1785985016
|switch|p1a: Ninetales|Ninetales-Alola, L50, M|70/100
|turn|5
|
|t:|1785985033
|switch|p1b: Gholdengo|Gholdengo, L50|90/100
|move|p2a: Staraptor|Close Combat|p1b: Gholdengo
|-immune|p1b: Gholdengo
|move|p2b: Arcanine|Head Smash|p1b: Gholdengo
|-resisted|p1b: Gholdengo|1
|-damage|p1b: Gholdengo|56/100
|move|p1a: Ninetales|Blizzard|p2b: Arcanine|[spread] p2a,p2b
|-supereffective|p2a: Staraptor|1
|-resisted|p2b: Arcanine|1
|-damage|p2a: Staraptor|0 fnt
|-damage|p2b: Arcanine|80/100
|faint|p2a: Staraptor
|
|-weather|none
|upkeep
|
|t:|1785985036
|switch|p2a: Sylveon|Sylveon, L50, M|100/100
|turn|6
|
|t:|1785985047
|move|p1b: Gholdengo|Protect|p1b: Gholdengo
|-singleturn|p1b: Gholdengo|Protect
|move|p2b: Arcanine|Flare Blitz|p1b: Gholdengo
|-activate|p1b: Gholdengo|move: Protect
|move|p2a: Sylveon|Hyper Beam|p1a: Ninetales
|-damage|p1a: Ninetales|0 fnt
|-mustrecharge|p2a: Sylveon
|faint|p1a: Ninetales
|
|-sideend|p2: lemons2738|move: Tailwind
|upkeep
|
|t:|1785985049
|switch|p1a: Garchomp|Garchomp, L50, F|65/100
|turn|7
|
|t:|1785985059
|move|p1a: Garchomp|Stomping Tantrum|p2b: Arcanine
|-supereffective|p2b: Arcanine|2
|-damage|p2b: Arcanine|0 fnt
|faint|p2b: Arcanine
|move|p1b: Gholdengo|Make It Rain|p2a: Sylveon|[miss]
|-miss|p1b: Gholdengo|p2a: Sylveon
|cant|p2a: Sylveon|recharge
|
|upkeep
|turn|8
|
|t:|1785985066
|move|p1a: Garchomp|Stomping Tantrum|p2a: Sylveon
|-damage|p2a: Sylveon|46/100
|move|p1b: Gholdengo|Make It Rain|p2a: Sylveon
|-supereffective|p2a: Sylveon|1
|-damage|p2a: Sylveon|0 fnt
|-unboost|p1b: Gholdengo|spa|2
|faint|p2a: Sylveon
|-damage|p1b: Gholdengo|46/100|[from] item: Life Orb
|
|win|Centiskorch18
||lemons2738 is ready for game 2.
||Centiskorch18 is ready for game 2.
|uhtml|next|Next: Game 2 of 3
|l|☆Centiskorch18
|player|p1|
