|j|☆antimatterj
|j|☆GreatBallEnjoyer
|html|antimatterjGreatBallEnjoyer    
|uhtml|bestof|Game 1 of a best-of-3
|t:|1783298850
|gametype|doubles
|player|p1|antimatterj|1|
|player|p2|GreatBallEnjoyer|harlequin|
|gen|9
|tier|[Gen 9 Champions] VGC 2026 Reg M-B (Bo3)
|rule|Species Clause: Limit one of each Pokémon
|rule|Item Clause: Limit 1 of each item
|clearpoke
|poke|p1|Basculegion, L50, M, shiny|
|poke|p1|Alakazam, L50, M, shiny|
|poke|p1|Aerodactyl, L50, F, shiny|
|poke|p1|Meowstic, L50, M, shiny|
|poke|p1|Kangaskhan, L50, F, shiny|
|poke|p1|Incineroar, L50, F, shiny|
|poke|p2|Banette, L50, M, shiny|
|poke|p2|Talonflame, L50, F, shiny|
|poke|p2|Garchomp, L50, M|
|poke|p2|Primarina, L50, F|
|poke|p2|Sceptile, L50, M, shiny|
|poke|p2|Grimmsnarl, L50, M, shiny|
|teampreview|4
|showteam|p1|Basculegion||ChoiceScarf|Adaptability|LastRespects,FlipTurn,WaveCrash,Outrage|Adamant||M|||50|]Alakazam||Alakazite|InnerFocus|NastyPlot,ExpandingForce,FocusBlast,Protect|Modest||M|||50|]Aerodactyl||FocusSash|RockHead|RockSlide,PsychicFangs,Tailwind,Taunt|Naughty||F|||50|]Meowstic||Meowsticite|Prankster|FakeOut,PsychicTerrain,ExpandingForce,ThunderWave|Modest||M|||50|]Kangaskhan||SilkScarf|Scrappy|FakeOut,LastResort|Adamant||F|||50|]Incineroar||SitrusBerry|Intimidate|FakeOut,BrickBreak,IronHead,PartingShot|Adamant||F|||50|
|showteam|p2|Banette||Banettite|Frisk|Poltergeist,ThroatChop,Taunt,ThunderWave|Jolly||M|||50|]Talonflame||SharpBeak|GaleWings|BraveBird,FlareBlitz,Tailwind,Protect|Adamant||F|||50|]Garchomp||LifeOrb|RoughSkin|DragonClaw,RockSlide,BrickBreak,Protect|Jolly||M|||50|]Primarina||MysticWater|LiquidVoice|HyperVoice,IceBeam,Moonblast,Protect|Timid||F|||50|]Sceptile||MentalHerb|Unburden|LeafStorm,FocusBlast,DragonPulse,Protect|Modest||M|||50|]Grimmsnarl||ExpertBelt|Prankster|PlayRough,BrickBreak,ThunderPunch,BulkUp|Jolly||M|||50|
|
|t:|1783298882
|teamsize|p1|4
|teamsize|p2|4
|start
|switch|p1a: Kangaskhan|Kangaskhan, L50, F, shiny|100/100
|switch|p1b: Meowstic|Meowstic, L50, M, shiny|100/100
|switch|p2a: Talonflame|Talonflame, L50, F, shiny|100/100
|switch|p2b: Banette|Banette, L50, M, shiny|100/100
|-item|p1a: Kangaskhan|Silk Scarf|[from] ability: Frisk|[of] p2b: Banette
|-item|p1b: Meowstic|Meowsticite|[from] ability: Frisk|[of] p2b: Banette
|turn|1
|
|t:|1783298934
|detailschange|p2b: Banette|Banette-Mega, L50, M, shiny
|-mega|p2b: Banette|Banette|Banettite
|move|p1b: Meowstic|Fake Out|p2a: Talonflame
|-damage|p2a: Talonflame|92/100
|move|p1a: Kangaskhan|Fake Out|p2b: Banette
|-damage|p2b: Banette|70/100
|cant|p2b: Banette|flinch
|cant|p2a: Talonflame|flinch
|
|upkeep
|turn|2
|
|t:|1783298950
|move|p2b: Banette|Taunt|p1b: Meowstic
|-start|p1b: Meowstic|move: Taunt
|cant|p1b: Meowstic|move: Taunt|Psychic Terrain
|move|p2a: Talonflame|Tailwind|p2a: Talonflame
|-sidestart|p2: GreatBallEnjoyer|move: Tailwind
|move|p1a: Kangaskhan|Last Resort|p2b: Banette
|-damage|p2b: Banette|0 fnt
|faint|p2b: Banette
|
|upkeep
|
|t:|1783298961
|switch|p2b: Garchomp|Garchomp, L50, M|100/100
|turn|3
|
|t:|1783298977
|move|p2a: Talonflame|Brave Bird|p1a: Kangaskhan
|-damage|p1a: Kangaskhan|41/100
|-damage|p2a: Talonflame|66/100|[from] Recoil
|move|p2b: Garchomp|Brick Break|p1a: Kangaskhan
|-supereffective|p1a: Kangaskhan|1
|-damage|p1a: Kangaskhan|0 fnt
|faint|p1a: Kangaskhan
|-damage|p2b: Garchomp|90/100|[from] item: Life Orb
|move|p1b: Meowstic|Expanding Force|p2b: Garchomp
|-damage|p2b: Garchomp|55/100
|
|upkeep
|
|t:|1783298989
|switch|p1a: Basculegion|Basculegion, L50, M, shiny|100/100
|turn|4
|
|t:|1783299001
|switch|p1b: Alakazam|Alakazam, L50, M, shiny|100/100
|move|p2a: Talonflame|Brave Bird|p1a: Basculegion
|-damage|p1a: Basculegion|20/100y
|-damage|p2a: Talonflame|32/100|[from] Recoil
|move|p2b: Garchomp|Rock Slide|p1a: Basculegion|[spread] p1a,p1b
|-damage|p1a: Basculegion|0 fnt
|-damage|p1b: Alakazam|40/100
|faint|p1a: Basculegion
|-damage|p2b: Garchomp|45/100|[from] item: Life Orb
|
|upkeep
|
|t:|1783299013
|switch|p1a: Meowstic|Meowstic, L50, M, shiny|100/100
|turn|5
|
|t:|1783299025
|detailschange|p1b: Alakazam|Alakazam-Mega, L50, M, shiny
|-mega|p1b: Alakazam|Alakazam|Alakazite
|-ability|p1b: Alakazam|Rough Skin|Trace|[from] ability: Trace|[of] p2b: Garchomp
|move|p2a: Talonflame|Protect|p2a: Talonflame
|-singleturn|p2a: Talonflame|Protect
|move|p2b: Garchomp|Protect|p2b: Garchomp
|-singleturn|p2b: Garchomp|Protect
|move|p1a: Meowstic|Psychic Terrain|p1a: Meowstic
|-fieldstart|move: Psychic Terrain
|move|p1b: Alakazam|Expanding Force|p2a: Talonflame|[spread] 
|-activate|p2a: Talonflame|move: Protect
|-activate|p2b: Garchomp|move: Protect
|
|-sideend|p2: GreatBallEnjoyer|move: Tailwind
|upkeep
|turn|6
|
|t:|1783299040
|move|p1b: Alakazam|Expanding Force|p2b: Garchomp|[spread] p2a,p2b
|-damage|p2a: Talonflame|0 fnt
|-damage|p2b: Garchomp|0 fnt
|faint|p2a: Talonflame
|faint|p2b: Garchomp
|move|p1a: Meowstic|Expanding Force|p2: Talonflame|[notarget]
|-fail|p1a: Meowstic
|
|upkeep
|
|t:|1783299047
|switch|p2b: Primarina|Primarina, L50, F|100/100
|turn|7
|
|t:|1783299067
|move|p1b: Alakazam|Protect|p1b: Alakazam
|-singleturn|p1b: Alakazam|Protect
|move|p1a: Meowstic|Expanding Force|p2b: Primarina
|-damage|p2b: Primarina|36/100
|move|p2b: Primarina|Hyper Voice|p1b: Alakazam|[spread] p1a
|-activate|p1b: Alakazam|move: Protect
|-damage|p1a: Meowstic|63/100
|
|upkeep
|turn|8
|
|t:|1783299078
|move|p1b: Alakazam|Expanding Force|p2b: Primarina
|-damage|p2b: Primarina|0 fnt
|faint|p2b: Primarina
|
|win|antimatterj
||antimatterj is ready for game 2.
|inactive|GreatBallEnjoyer has 30 seconds to confirm battle start!
||GreatBallEnjoyer is ready for game 2.
|uhtml|next|Next: Game 2 of 3
