|j|☆atahualpamaia
|j|☆LookBackInBanger
|html|atahualpamaiaLookBackInBanger    
|uhtml|bestof|Game 2 of a best-of-3
|t:|1756480351
|gametype|doubles
|player|p1|atahualpamaia|lucas|1000
|player|p2|LookBackInBanger|mina|1080
|gen|9
|tier|[Gen 9] VGC 2025 Reg H (Bo3)
|rated|
|rule|Species Clause: Limit one of each Pokémon
|rule|Item Clause: Limit 1 of each item
|clearpoke
|poke|p1|Dragonite, L50, M|
|poke|p1|Sneasler, L50, M|
|poke|p1|Ursaluna-Bloodmoon, L50, M|
|poke|p1|Braviary, L50, M|
|poke|p1|Whimsicott, L50, F|
|poke|p1|Farigiraf, L50, M|
|poke|p2|Dragonite, L50, M|
|poke|p2|Electabuzz, L50, F|
|poke|p2|Indeedee, L50, M|
|poke|p2|Sneasler, L50, F|
|poke|p2|Talonflame, L50, F|
|poke|p2|Ursaluna-Bloodmoon, L50, M|
|teampreview|4
|showteam|p1|Dragonite||LoadedDice|Multiscale|ScaleShot,ExtremeSpeed,Tailwind,Protect|||M|||50|,,,,,Fairy]Sneasler||WhiteHerb|Unburden|CloseCombat,DireClaw,ThroatChop,Protect|||M|||50|,,,,,Ghost]Ursaluna-Bloodmoon||SitrusBerry|MindsEye|BloodMoon,EarthPower,HyperVoice,Protect|||M|||50|,,,,,Ghost]Braviary||LifeOrb|Defiant|BraveBird,CloseCombat,Tailwind,Protect|||M|||50|,,,,,Flying]Whimsicott||FocusSash|Prankster|Moonblast,TrickRoom,Tailwind,Protect|||F|||50|,,,,,Ghost]Farigiraf||ThroatSpray|ArmorTail|HyperVoice,HelpingHand,TrickRoom,Protect|||M|||50|,,,,,Water
|showteam|p2|Dragonite||LoadedDice|Multiscale|ScaleShot,StompingTantrum,Haze,Protect|||M|||50|,,,,,Fairy]Electabuzz||Eviolite|VitalSpirit|Electroweb,FollowMe,Taunt,Protect|||F|||50|,,,,,Dragon]Indeedee||FocusSash|PsychicSurge|ExpandingForce,HelpingHand,TrickRoom,Imprison|||M|||50|,,,,,Psychic]Sneasler||PsychicSeed|Unburden|DireClaw,CloseCombat,ThroatChop,Protect|||F|||50|,,,,,Stellar]Talonflame||CovertCloak|GaleWings|FlareBlitz,DualWingbeat,WillOWisp,Tailwind|||F|||50|,,,,,Stellar]Ursaluna-Bloodmoon||LifeOrb|MindsEye|BloodMoon,HyperVoice,EarthPower,Protect|||M|||50|,,,,,Normal
|inactive|Battle timer is ON: inactive players will automatically lose when time's up. (requested by atahualpamaia)
|
|t:|1756480376
|teamsize|p1|4
|teamsize|p2|4
|start
|switch|p1a: Braviary|Braviary, L50, M|100/100
|switch|p1b: Dragonite|Dragonite, L50, M|100/100
|switch|p2a: Indeedee|Indeedee, L50, M|100/100
|switch|p2b: Sneasler|Sneasler, L50, F|100/100
|-fieldstart|move: Psychic Terrain|[from] ability: Psychic Surge|[of] p2a: Indeedee
|-enditem|p2b: Sneasler|Psychic Seed
|-boost|p2b: Sneasler|spd|1|[from] item: Psychic Seed
|turn|1
|inactive|LookBackInBanger has 30 seconds left.
|inactive|LookBackInBanger has 20 seconds left.
|
|t:|1756480414
|move|p2b: Sneasler|Dire Claw|p1a: Braviary
|-damage|p1a: Braviary|53/100
|-status|p1a: Braviary|psn
|move|p2a: Indeedee|Expanding Force|p1a: Braviary|[spread] p1a,p1b
|-damage|p1a: Braviary|0 fnt
|-damage|p1b: Dragonite|74/100
|faint|p1a: Braviary
|move|p1b: Dragonite|Scale Shot|p2a: Indeedee
|-damage|p2a: Indeedee|67/100
|-damage|p2a: Indeedee|36/100
|-damage|p2a: Indeedee|5/100
|-damage|p2a: Indeedee|0 fnt
|faint|p2a: Indeedee
|-hitcount|p2: Indeedee|4
|-unboost|p1b: Dragonite|def|1
|-boost|p1b: Dragonite|spe|1
|
|upkeep
|inactive|LookBackInBanger has 30 seconds left.
|inactive|LookBackInBanger has 20 seconds left.
|inactive|LookBackInBanger has 15 seconds left.
|
|t:|1756480457
|switch|p2a: Talonflame|Talonflame, L50, F, shiny|100/100
|switch|p1a: Farigiraf|Farigiraf, L50, M|100/100
|turn|2
|inactive|atahualpamaia has 30 seconds left.
|inactive|LookBackInBanger has 30 seconds left.
|inactive|atahualpamaia has 20 seconds left.
|
|t:|1756480494
|switch|p1a: Sneasler|Sneasler, L50, M|100/100
|move|p1b: Dragonite|Protect|p1b: Dragonite
|-singleturn|p1b: Dragonite|Protect
|move|p2b: Sneasler|Throat Chop|p1a: Sneasler
|-resisted|p1a: Sneasler
|-damage|p1a: Sneasler|76/100
|-start|p1a: Sneasler|Throat Chop|[silent]
|move|p2a: Talonflame|Will-O-Wisp|p1b: Dragonite
|-activate|p1b: Dragonite|move: Protect
|
|upkeep
|turn|3
|inactive|LookBackInBanger has 30 seconds left.
|inactive|LookBackInBanger has 20 seconds left.
|
|t:|1756480532
|switch|p1b: Farigiraf|Farigiraf, L50, M|100/100
|-terastallize|p2b: Sneasler|Stellar
|move|p2a: Talonflame|Dual Wingbeat||[still]
|cant|p1b: Farigiraf|ability: Armor Tail|Dual Wingbeat|[of] p2a: Talonflame
|move|p2b: Sneasler|Dire Claw|p1b: Farigiraf
|-damage|p1b: Farigiraf|57/100
|-status|p1b: Farigiraf|par
|move|p1a: Sneasler|Dire Claw|p2a: Talonflame
|-damage|p2a: Talonflame|38/100
|
|-end|p1a: Sneasler|Throat Chop|[silent]
|upkeep
|turn|4
|inactive|LookBackInBanger has 30 seconds left.
|inactive|LookBackInBanger has 20 seconds left.
|inactive|LookBackInBanger has 15 seconds left.
|inactive|LookBackInBanger has 10 seconds left.
|inactive|LookBackInBanger has 5 seconds left.
|
|t:|1756480587
|-terastallize|p1b: Farigiraf|Water
|move|p1a: Sneasler|Protect|p1a: Sneasler
|-singleturn|p1a: Sneasler|Protect
|move|p2b: Sneasler|Dire Claw|p1a: Sneasler
|-activate|p1a: Sneasler|move: Protect
|move|p2a: Talonflame|Flare Blitz|p1b: Farigiraf
|-resisted|p1b: Farigiraf
|-damage|p1b: Farigiraf|40/100 par
|-damage|p2a: Talonflame|29/100|[from] Recoil
|cant|p1b: Farigiraf|par
|
|upkeep
|turn|5
|inactive|atahualpamaia has 30 seconds left.
|inactive|LookBackInBanger has 30 seconds left.
|
|t:|1756480614
|switch|p1a: Dragonite|Dragonite, L50, M|74/100
|move|p2b: Sneasler|Close Combat|p1b: Farigiraf
|-damage|p1b: Farigiraf|0 fnt
|-unboost|p2b: Sneasler|def|1
|-unboost|p2b: Sneasler|spd|1
|faint|p1b: Farigiraf
|move|p2a: Talonflame|Dual Wingbeat|p1a: Dragonite
|-damage|p1a: Dragonite|59/100
|-damage|p1a: Dragonite|41/100
|-hitcount|p1a: Dragonite|2
|
|-fieldend|move: Psychic Terrain
|upkeep
|
|t:|1756480626
|switch|p1b: Sneasler|Sneasler, L50, M|76/100
|turn|6
|inactive|LookBackInBanger has 30 seconds left.
|inactive|LookBackInBanger has 20 seconds left.
|
|t:|1756480664
|move|p1a: Dragonite|Extreme Speed|p2a: Talonflame
|-damage|p2a: Talonflame|0 fnt
|faint|p2a: Talonflame
|move|p2b: Sneasler|Dire Claw|p1a: Dragonite
|-damage|p1a: Dragonite|0 fnt
|faint|p1a: Dragonite
|move|p1b: Sneasler|Close Combat|p2b: Sneasler
|-resisted|p2b: Sneasler
|-damage|p2b: Sneasler|29/100
|-unboost|p1b: Sneasler|def|1
|-unboost|p1b: Sneasler|spd|1
|-enditem|p1b: Sneasler|White Herb
|-clearnegativeboost|p1b: Sneasler|[silent]
|
|upkeep
|
|t:|1756480677
|switch|p2a: Ursaluna|Ursaluna-Bloodmoon, L50, M|100/100
|turn|7
|
|t:|1756480693
|move|p1b: Sneasler|Close Combat|p2a: Ursaluna
|-supereffective|p2a: Ursaluna
|-damage|p2a: Ursaluna|7/100
|-unboost|p1b: Sneasler|def|1
|-unboost|p1b: Sneasler|spd|1
|move|p2b: Sneasler|Close Combat|p1b: Sneasler
|-resisted|p1b: Sneasler
|-damage|p1b: Sneasler|0 fnt
|-unboost|p2b: Sneasler|def|1
|-unboost|p2b: Sneasler|spd|1
|faint|p1b: Sneasler
|
|win|LookBackInBanger
|raw|atahualpamaia's rating: 1000 → 1000(+0 for losing)
|raw|LookBackInBanger's rating: 1080 → 1102(+22 for winning)
|c|☆LookBackInBanger|ggs!
|l|☆atahualpamaia
|player|p1|
