|j|☆MegaJouleVGC
|j|☆new mental
|html|MegaJouleVGCnew mental    
|uhtml|bestof|Game 1 of a best-of-3
|t:|1785494357
|gametype|doubles
|player|p1|MegaJouleVGC|artist|1353
|player|p2|new mental|volkner|1311
|gen|9
|tier|[Gen 9 Champions] VGC 2026 Reg M-B (Bo3)
|rated|
|rule|Species Clause: Limit one of each Pokémon
|rule|Item Clause: Limit 1 of each item
|clearpoke
|poke|p1|Staraptor, L50, F|
|poke|p1|Whimsicott, L50, F|
|poke|p1|Kingambit, L50, F|
|poke|p1|Toxapex, L50, M|
|poke|p1|Sinistcha, L50|
|poke|p1|Incineroar, L50, F|
|poke|p2|Charizard, L50, M|
|poke|p2|Garchomp, L50, F|
|poke|p2|Incineroar, L50, M|
|poke|p2|Venusaur, L50, M|
|poke|p2|Toxapex, L50, F|
|poke|p2|Sylveon, L50, M|
|teampreview|4
|showteam|p1|Staraptor||Staraptite|Intimidate|CloseCombat,BraveBird,Roost,Protect|Jolly||F|||50|]Whimsicott||FairyFeather|Prankster|Tailwind,Moonblast,Charm,Protect|Timid||F|||50|]Kingambit||FocusSash|Defiant|SuckerPunch,IronHead,KowtowCleave,Protect|Adamant||F|||50|]Toxapex||Leftovers|Regenerator|WideGuard,Toxic,Infestation,BanefulBunker|Sassy||M|||50|]Sinistcha||CobaBerry|Hospitality|TrickRoom,RagePowder,MatchaGotcha,Protect|Sassy|||||50|]Incineroar||SitrusBerry|Intimidate|FakeOut,FlareBlitz,ThroatChop,PartingShot|Adamant||F|||50|
|showteam|p2|Charizard||CharizarditeY|SolarPower|WeatherBall,HeatWave,AncientPower,Protect|Modest||M|||50|]Garchomp||ChoiceScarf|RoughSkin|RockSlide,DragonClaw,Earthquake,StompingTantrum|Adamant||F|||50|]Incineroar||SitrusBerry|Intimidate|FlareBlitz,FakeOut,DarkestLariat,PartingShot|Impish||M|||50|]Venusaur||LifeOrb|Chlorophyll|SludgeBomb,LeafStorm,EarthPower,Protect|Modest||M|||50|]Toxapex||Leftovers|Regenerator|Infestation,Toxic,WideGuard,BanefulBunker|Bold||F|||50|]Sylveon||FairyFeather|Pixilate|HyperVoice,QuickAttack,Yawn,Detect|Modest||M|||50|
|inactive|Battle timer is ON: inactive players will automatically lose when time's up. (requested by MegaJouleVGC)
|inactive|MegaJouleVGC has 60 seconds left.
|inactive|MegaJouleVGC has 30 seconds left.
|inactive|MegaJouleVGC has 20 seconds left.
|
|t:|1785494428
|teamsize|p1|4
|teamsize|p2|4
|start
|switch|p1a: Toxapex|Toxapex, L50, M|100/100
|switch|p1b: Incineroar|Incineroar, L50, F|100/100
|switch|p2a: Charizard|Charizard, L50, M|100/100
|switch|p2b: Toxapex|Toxapex, L50, F|100/100
|-ability|p1b: Incineroar|Intimidate|boost
|-unboost|p2a: Charizard|atk|1
|-unboost|p2b: Toxapex|atk|1
|turn|1
|
|t:|1785494448
|switch|p2a: Garchomp|Garchomp, L50, F|100/100
|move|p1b: Incineroar|Fake Out|p2b: Toxapex
|-crit|p2b: Toxapex
|-damage|p2b: Toxapex|85/100
|cant|p2b: Toxapex|flinch
|move|p1a: Toxapex|Infestation|p2b: Toxapex
|-resisted|p2b: Toxapex|1
|-damage|p2b: Toxapex|84/100
|-activate|p2b: Toxapex|move: Infestation|[of] p1a: Toxapex
|
|-heal|p2b: Toxapex|90/100|[from] item: Leftovers
|-damage|p2b: Toxapex|78/100|[from] move: Infestation|[partiallytrapped]
|upkeep
|turn|2
|
|t:|1785494474
|switch|p1b: Staraptor|Staraptor, L50, F|100/100
|-ability|p1b: Staraptor|Intimidate|boost
|-unboost|p2a: Garchomp|atk|1
|-unboost|p2b: Toxapex|atk|1
|move|p1a: Toxapex|Baneful Bunker|p1a: Toxapex
|-singleturn|p1a: Toxapex|move: Protect
|move|p2a: Garchomp|Stomping Tantrum|p1a: Toxapex
|-activate|p1a: Toxapex|move: Protect
|-status|p2a: Garchomp|psn
|move|p2b: Toxapex|Toxic|p1b: Staraptor
|-status|p1b: Staraptor|tox
|
|-heal|p2b: Toxapex|84/100|[from] item: Leftovers
|-damage|p2a: Garchomp|87/100 psn|[from] psn
|-damage|p1b: Staraptor|93/100 tox|[from] psn
|-damage|p2b: Toxapex|71/100|[from] move: Infestation|[partiallytrapped]
|upkeep
|turn|3
|
|t:|1785494495
|switch|p2a: Incineroar|Incineroar, L50, M|100/100
|-ability|p2a: Incineroar|Intimidate|boost
|-unboost|p1a: Toxapex|atk|1
|-unboost|p1b: Staraptor|atk|1
|detailschange|p1b: Staraptor|Staraptor-Mega, L50, F
|-mega|p1b: Staraptor|Staraptor|Staraptite
|move|p1b: Staraptor|Close Combat|p2a: Incineroar
|-supereffective|p2a: Incineroar|1
|-damage|p2a: Incineroar|43/100
|-boost|p1b: Staraptor|def|1
|-boost|p1b: Staraptor|spd|1
|-enditem|p2a: Incineroar|Sitrus Berry|[eat]
|-heal|p2a: Incineroar|68/100|[from] item: Sitrus Berry
|move|p2b: Toxapex|Infestation|p1b: Staraptor
|-resisted|p1b: Staraptor|2
|-damage|p1b: Staraptor|93/100 tox
|-activate|p1b: Staraptor|move: Infestation|[of] p2b: Toxapex
|move|p1a: Toxapex|Infestation|p2a: Incineroar
|-damage|p2a: Incineroar|65/100
|-activate|p2a: Incineroar|move: Infestation|[of] p1a: Toxapex
|
|-heal|p2b: Toxapex|77/100|[from] item: Leftovers
|-damage|p1b: Staraptor|80/100 tox|[from] psn
|-damage|p1b: Staraptor|68/100 tox|[from] move: Infestation|[partiallytrapped]
|-damage|p2a: Incineroar|52/100|[from] move: Infestation|[partiallytrapped]
|-damage|p2b: Toxapex|65/100|[from] move: Infestation|[partiallytrapped]
|upkeep
|turn|4
|
|t:|1785494520
|move|p2a: Incineroar|Fake Out|p1b: Staraptor
|-damage|p1b: Staraptor|61/100 tox
|cant|p1b: Staraptor|flinch
|move|p2b: Toxapex|Infestation|p1a: Toxapex
|-resisted|p1a: Toxapex|1
|-damage|p1a: Toxapex|98/100
|-activate|p1a: Toxapex|move: Infestation|[of] p2b: Toxapex
|move|p1a: Toxapex|Toxic|p2a: Incineroar
|-status|p2a: Incineroar|tox
|
|-heal|p2b: Toxapex|71/100|[from] item: Leftovers
|-heal|p1a: Toxapex|100/100|[from] item: Leftovers
|-damage|p1b: Staraptor|42/100 tox|[from] psn
|-damage|p2a: Incineroar|47/100 tox|[from] psn
|-damage|p1b: Staraptor|30/100 tox|[from] move: Infestation|[partiallytrapped]
|-damage|p2a: Incineroar|34/100 tox|[from] move: Infestation|[partiallytrapped]
|-damage|p2b: Toxapex|59/100|[from] move: Infestation|[partiallytrapped]
|-damage|p1a: Toxapex|87/100|[from] move: Infestation|[partiallytrapped]
|upkeep
|turn|5
|
|t:|1785494534
|move|p2b: Toxapex|Baneful Bunker|p2b: Toxapex
|-singleturn|p2b: Toxapex|move: Protect
|move|p1b: Staraptor|Roost|p1b: Staraptor
|-heal|p1b: Staraptor|80/100 tox
|-singleturn|p1b: Staraptor|move: Roost
|move|p2a: Incineroar|Parting Shot|p1b: Staraptor
|-boost|p1b: Staraptor|atk|1
|-boost|p1b: Staraptor|spa|1
|
|t:|1785494541
|switch|p2a: Charizard|Charizard, L50, M|100/100|[from] Parting Shot
|move|p1a: Toxapex|Infestation|p2a: Charizard
|-resisted|p2a: Charizard|2
|-damage|p2a: Charizard|99/100
|-activate|p2a: Charizard|move: Infestation|[of] p1a: Toxapex
|
|-heal|p2b: Toxapex|64/100|[from] item: Leftovers
|-heal|p1a: Toxapex|93/100|[from] item: Leftovers
|-damage|p1b: Staraptor|55/100 tox|[from] psn
|-damage|p1b: Staraptor|42/100 tox|[from] move: Infestation|[partiallytrapped]
|-damage|p2a: Charizard|87/100|[from] move: Infestation|[partiallytrapped]
|-end|p2b: Toxapex|Infestation|[partiallytrapped]
|-damage|p1a: Toxapex|81/100|[from] move: Infestation|[partiallytrapped]
|upkeep
|turn|6
|inactive|MegaJouleVGC has 30 seconds left.
|
|t:|1785494571
|detailschange|p2a: Charizard|Charizard-Mega-Y, L50, M
|-mega|p2a: Charizard|Charizard|Charizardite Y
|-weather|SunnyDay|[from] ability: Drought|[of] p2a: Charizard
|move|p1b: Staraptor|Roost|p1b: Staraptor
|-heal|p1b: Staraptor|92/100 tox
|-singleturn|p1b: Staraptor|move: Roost
|move|p2a: Charizard|Weather Ball|p1b: Staraptor
|-damage|p1b: Staraptor|39/100 tox
|move|p2b: Toxapex|Infestation|p1b: Staraptor
|-resisted|p1b: Staraptor|1
|-damage|p1b: Staraptor|38/100 tox
|move|p1a: Toxapex|Toxic|p2a: Charizard
|-status|p2a: Charizard|tox
|
|-weather|SunnyDay|[upkeep]
|-heal|p2b: Toxapex|70/100|[from] item: Leftovers
|-heal|p1a: Toxapex|87/100|[from] item: Leftovers
|-damage|p1b: Staraptor|6/100 tox|[from] psn
|-damage|p2a: Charizard|81/100 tox|[from] psn
|-damage|p1b: Staraptor|0 fnt|[from] move: Infestation|[partiallytrapped]
|faint|p1b: Staraptor
|-damage|p2a: Charizard|68/100 tox|[from] move: Infestation|[partiallytrapped]
|-damage|p1a: Toxapex|75/100|[from] move: Infestation|[partiallytrapped]
|upkeep
|
|t:|1785494579
|switch|p1b: Incineroar|Incineroar, L50, F|100/100
|-ability|p1b: Incineroar|Intimidate|boost
|-unboost|p2a: Charizard|atk|1
|-unboost|p2b: Toxapex|atk|1
|turn|7
|
|t:|1785494588
|-heal|p2b: Toxapex|100/100|[from] ability: Regenerator|[silent]
|switch|p2b: Incineroar|Incineroar, L50, M|34/100 tox
|-ability|p2b: Incineroar|Intimidate|boost
|-unboost|p1a: Toxapex|atk|1
|-unboost|p1b: Incineroar|atk|1
|move|p1b: Incineroar|Fake Out|p2b: Incineroar
|-damage|p2b: Incineroar|28/100 tox
|move|p2a: Charizard|Ancient Power|p1b: Incineroar
|-supereffective|p1b: Incineroar|1
|-damage|p1b: Incineroar|61/100
|move|p1a: Toxapex|Infestation|p2b: Incineroar
|-damage|p2b: Incineroar|25/100 tox
|-activate|p2b: Incineroar|move: Infestation|[of] p1a: Toxapex
|
|-weather|SunnyDay|[upkeep]
|-heal|p1a: Toxapex|80/100|[from] item: Leftovers
|-damage|p2a: Charizard|56/100 tox|[from] psn
|-damage|p2b: Incineroar|19/100 tox|[from] psn
|-damage|p2a: Charizard|44/100 tox|[from] move: Infestation|[partiallytrapped]
|-damage|p2b: Incineroar|6/100 tox|[from] move: Infestation|[partiallytrapped]
|-end|p1a: Toxapex|Infestation|[partiallytrapped]|[silent]
|upkeep
|turn|8
|
|t:|1785494612
|-heal|p1a: Toxapex|100/100|[from] ability: Regenerator|[silent]
|switch|p1a: Kingambit|Kingambit, L50, F|100/100
|move|p2a: Charizard|Ancient Power|p1b: Incineroar
|-supereffective|p1b: Incineroar|1
|-damage|p1b: Incineroar|18/100
|-enditem|p1b: Incineroar|Sitrus Berry|[eat]
|-heal|p1b: Incineroar|42/100|[from] item: Sitrus Berry
|move|p1b: Incineroar|Throat Chop|p2a: Charizard
|-damage|p2a: Charizard|20/100r tox
|-start|p2a: Charizard|Throat Chop|[silent]
|move|p2b: Incineroar|Flare Blitz|p1b: Incineroar
|-resisted|p1b: Incineroar|1
|-damage|p1b: Incineroar|9/100
|-damage|p2b: Incineroar|0 fnt|[from] Recoil
|faint|p2b: Incineroar
|
|-weather|SunnyDay|[upkeep]
|-damage|p2a: Charizard|2/100 tox|[from] psn
|-end|p2a: Charizard|Infestation|[partiallytrapped]|[silent]
|upkeep
|
|t:|1785494615
|switch|p2b: Garchomp|Garchomp, L50, F|87/100 psn
|turn|9
|inactive|MegaJouleVGC has 30 seconds left.
|
|t:|1785494646
|move|p1a: Kingambit|Protect|p1a: Kingambit
|-singleturn|p1a: Kingambit|Protect
|move|p2b: Garchomp|Earthquake|p1a: Kingambit|[spread] p1b
|-activate|p1a: Kingambit|move: Protect
|-immune|p2a: Charizard
|-supereffective|p1b: Incineroar|1
|-damage|p1b: Incineroar|0 fnt
|faint|p1b: Incineroar
|move|p2a: Charizard|Heat Wave|p1a: Kingambit
|-activate|p1a: Kingambit|move: Protect
|
|-weather|SunnyDay|[upkeep]
|-damage|p2b: Garchomp|75/100 psn|[from] psn
|-damage|p2a: Charizard|0 fnt|[from] psn
|faint|p2a: Charizard
|upkeep
|
|t:|1785494650
|switch|p2a: Toxapex|Toxapex, L50, F|100/100
|switch|p1b: Toxapex|Toxapex, L50, M|100/100
|turn|10
|
|t:|1785494666
|move|p2a: Toxapex|Wide Guard|p2a: Toxapex
|-singleturn|p2a: Toxapex|Wide Guard
|move|p1b: Toxapex|Wide Guard|p1b: Toxapex
|-singleturn|p1b: Toxapex|Wide Guard
|move|p2b: Garchomp|Earthquake|p1a: Kingambit|[spread] 
|-activate|p2a: Toxapex|move: Wide Guard
|-activate|p1a: Kingambit|move: Wide Guard
|-activate|p1b: Toxapex|move: Wide Guard
|move|p1a: Kingambit|Kowtow Cleave|p2a: Toxapex
|-damage|p2a: Toxapex|65/100
|
|-weather|none
|-heal|p2a: Toxapex|71/100|[from] item: Leftovers
|-damage|p2b: Garchomp|63/100 psn|[from] psn
|upkeep
|turn|11
|
|t:|1785494670
|move|p1b: Toxapex|Wide Guard|p1b: Toxapex
|-singleturn|p1b: Toxapex|Wide Guard
|move|p2b: Garchomp|Earthquake|p1b: Toxapex|[spread] p2a
|-activate|p1a: Kingambit|move: Wide Guard
|-activate|p1b: Toxapex|move: Wide Guard
|-supereffective|p2a: Toxapex|1
|-damage|p2a: Toxapex|14/100
|move|p1a: Kingambit|Kowtow Cleave|p2a: Toxapex
|-damage|p2a: Toxapex|0 fnt
|faint|p2a: Toxapex
|
|-damage|p2b: Garchomp|51/100 psn|[from] psn
|upkeep
|turn|12
|-message|new mental forfeited.
|
|win|MegaJouleVGC
