|j|☆Arkhept
|j|☆wumblesnsuch
|html|Arkheptwumblesnsuch    
|uhtml|bestof|Game 1 of a best-of-3
|t:|1756664604
|gametype|doubles
|player|p1|Arkhept|misty|1228
|player|p2|wumblesnsuch|blue|1156
|gen|9
|tier|[Gen 9] VGC 2025 Reg H (Bo3)
|rated|
|rule|Species Clause: Limit one of each Pokémon
|rule|Item Clause: Limit 1 of each item
|clearpoke
|poke|p1|Ninetales-Alola, L50, M|
|poke|p1|Ursaluna-Bloodmoon, L50, M|
|poke|p1|Maushold-Four, L50|
|poke|p1|Annihilape, L50, F|
|poke|p1|Klefki, L50, M|
|poke|p1|Sinistcha-Masterpiece, L50|
|poke|p2|Talonflame, L50, F|
|poke|p2|Sneasler, L50, F|
|poke|p2|Indeedee, L50, M|
|poke|p2|Gholdengo, L50|
|poke|p2|Garchomp, L50, M|
|poke|p2|Ninetales-Alola, L50, F|
|teampreview|4
|showteam|p1|Ninetales-Alola||NeverMeltIce|SnowWarning|Blizzard,FreezeDry,Encore,Protect|||M|||50|,,,,,Ice]Ursaluna-Bloodmoon||AssaultVest|MindsEye|BloodMoon,EarthPower,HyperVoice,VacuumWave|||M|||50|,,,,,Water]Maushold-Four||SafetyGoggles|FriendGuard|BeatUp,Taunt,FollowMe,Protect||||||50|,,,,,Ghost]Annihilape||Leftovers|Defiant|DrainPunch,RageFist,BulkUp,Protect|||F|||50|,,,,,Fire]Klefki||LightClay|Prankster|DazzlingGleam,Reflect,LightScreen,MistyTerrain|||M|||50|,,,,,Ghost]Sinistcha-Masterpiece||SitrusBerry|Hospitality|MatchaGotcha,RagePowder,LifeDew,TrickRoom||||||50|,,,,,Water
|showteam|p2|Talonflame||CovertCloak|GaleWings|BraveBird,Tailwind,WillOWisp,FlareBlitz|||F|||50|,,,,,Flying]Sneasler||PsychicSeed|Unburden|ThroatChop,CloseCombat,DireClaw,AcidSpray|||F|||50|,,,,,Dark]Indeedee||FocusSash|PsychicSurge|Protect,TrickRoom,Imprison,ExpandingForce|||M|||50|,,,,,Psychic]Gholdengo||ChoiceSpecs|GoodasGold|MakeItRain,ShadowBall,Thunderbolt,SteelBeam||||||50|,,,,,Steel]Garchomp||LifeOrb|RoughSkin|Protect,StompingTantrum,Earthquake,Outrage|||M|||50|,,,,,Ground]Ninetales-Alola||NeverMeltIce|SnowWarning|Blizzard,FreezeDry,AuroraVeil,Protect|||F|||50|,,,,,Ice
|
|t:|1756664656
|teamsize|p1|4
|teamsize|p2|4
|start
|switch|p1a: Klefki|Klefki, L50, M|100/100
|switch|p1b: Ursaluna|Ursaluna-Bloodmoon, L50, M|100/100
|switch|p2a: Gholdengo|Gholdengo, L50|100/100
|switch|p2b: Sneasler|Sneasler, L50, F, shiny|100/100
|turn|1
|
|t:|1756664692
|-terastallize|p1b: Ursaluna|Water
|move|p1a: Klefki|Light Screen|p1a: Klefki
|-sidestart|p1: Arkhept|move: Light Screen
|move|p2b: Sneasler|Close Combat|p1b: Ursaluna
|-damage|p1b: Ursaluna|51/100
|-unboost|p2b: Sneasler|def|1
|-unboost|p2b: Sneasler|spd|1
|move|p2a: Gholdengo|Make It Rain|p1a: Klefki|[spread] p1a,p1b
|-resisted|p1b: Ursaluna
|-damage|p1a: Klefki|52/100
|-damage|p1b: Ursaluna|37/100
|-unboost|p2a: Gholdengo|spa|1
|move|p1b: Ursaluna|Earth Power|p2a: Gholdengo
|-supereffective|p2a: Gholdengo
|-damage|p2a: Gholdengo|0 fnt
|faint|p2a: Gholdengo
|
|upkeep
|
|t:|1756664700
|switch|p2a: Ninetales|Ninetales-Alola, L50, F|100/100
|-weather|Snowscape|[from] ability: Snow Warning|[of] p2a: Ninetales
|turn|2
|
|t:|1756664715
|-terastallize|p2a: Ninetales|Ice
|move|p1a: Klefki|Reflect|p1a: Klefki
|-sidestart|p1: Arkhept|Reflect
|move|p2a: Ninetales|Freeze-Dry|p1b: Ursaluna
|-supereffective|p1b: Ursaluna
|-crit|p1b: Ursaluna
|-damage|p1b: Ursaluna|0 fnt
|faint|p1b: Ursaluna
|move|p2b: Sneasler|Close Combat|p1a: Klefki
|-damage|p1a: Klefki|6/100
|-unboost|p2b: Sneasler|def|1
|-unboost|p2b: Sneasler|spd|1
|
|-weather|Snowscape|[upkeep]
|upkeep
|
|t:|1756664723
|switch|p1b: Ninetales|Ninetales-Alola, L50, M|100/100
|turn|3
|
|t:|1756664748
|move|p1b: Ninetales|Protect|p1b: Ninetales
|-singleturn|p1b: Ninetales|Protect
|move|p1a: Klefki|Misty Terrain|p1a: Klefki
|-fieldstart|move: Misty Terrain
|move|p2a: Ninetales|Blizzard|p1b: Ninetales|[spread] p1a
|-activate|p1b: Ninetales|move: Protect
|-resisted|p1a: Klefki
|-damage|p1a: Klefki|0 fnt
|faint|p1a: Klefki
|move|p2b: Sneasler|Dire Claw|p1b: Ninetales
|-activate|p1b: Ninetales|move: Protect
|
|-weather|Snowscape|[upkeep]
|upkeep
|
|t:|1756664754
|switch|p1a: Sinistcha|Sinistcha-Masterpiece, L50|100/100
|turn|4
|
|t:|1756664789
|move|p1a: Sinistcha|Rage Powder|p1a: Sinistcha
|-singleturn|p1a: Sinistcha|move: Rage Powder
|move|p1b: Ninetales|Blizzard|p2a: Ninetales|[spread] p2a,p2b
|-resisted|p2a: Ninetales
|-damage|p2a: Ninetales|80/100
|-damage|p2b: Sneasler|0 fnt
|faint|p2b: Sneasler
|move|p2a: Ninetales|Blizzard|p1a: Sinistcha|[spread] p1a,p1b
|-supereffective|p1a: Sinistcha
|-resisted|p1b: Ninetales
|-damage|p1a: Sinistcha|33/100
|-damage|p1b: Ninetales|82/100
|-enditem|p1a: Sinistcha|Sitrus Berry|[eat]
|-heal|p1a: Sinistcha|58/100|[from] item: Sitrus Berry
|
|-weather|Snowscape|[upkeep]
|upkeep
|
|t:|1756664797
|switch|p2b: Garchomp|Garchomp, L50, M|100/100
|turn|5
|
|t:|1756664810
|move|p1b: Ninetales|Blizzard|p2a: Ninetales|[spread] p2a,p2b
|-resisted|p2a: Ninetales
|-crit|p2a: Ninetales
|-supereffective|p2b: Garchomp
|-damage|p2a: Ninetales|46/100
|-damage|p2b: Garchomp|0 fnt
|faint|p2b: Garchomp
|move|p2a: Ninetales|Blizzard|p1b: Ninetales|[spread] p1a,p1b
|-supereffective|p1a: Sinistcha
|-resisted|p1b: Ninetales
|-damage|p1a: Sinistcha|0 fnt
|-damage|p1b: Ninetales|63/100
|faint|p1a: Sinistcha
|
|-weather|Snowscape|[upkeep]
|upkeep
|turn|6
|
|t:|1756664819
|move|p1b: Ninetales|Blizzard|p2a: Ninetales
|-resisted|p2a: Ninetales
|-damage|p2a: Ninetales|19/100
|move|p2a: Ninetales|Blizzard|p1b: Ninetales
|-resisted|p1b: Ninetales
|-damage|p1b: Ninetales|37/100
|
|-weather|none
|upkeep
|turn|7
|
|t:|1756664828
|move|p1b: Ninetales|Freeze-Dry|p2a: Ninetales
|-resisted|p2a: Ninetales
|-damage|p2a: Ninetales|2/100
|move|p2a: Ninetales|Blizzard|p1b: Ninetales
|-resisted|p1b: Ninetales
|-damage|p1b: Ninetales|12/100
|
|-fieldend|Misty Terrain
|upkeep
|turn|8
|
|t:|1756664832
|move|p1b: Ninetales|Freeze-Dry|p2a: Ninetales
|-resisted|p2a: Ninetales
|-crit|p2a: Ninetales
|-damage|p2a: Ninetales|0 fnt
|faint|p2a: Ninetales
|
|win|Arkhept
