|j|☆Lorido
|j|☆Frenchtoast1215
|html|LoridoFrenchtoast1215    
|uhtml|bestof|Game 1 of a best-of-3
|t:|1782376269
|gametype|doubles
|player|p1|Lorido|265|1099
|player|p2|Frenchtoast1215|1|1102
|gen|9
|tier|[Gen 9 Champions] VGC 2026 Reg M-B (Bo3)
|rated|
|rule|Species Clause: Limit one of each Pokémon
|rule|Item Clause: Limit 1 of each item
|clearpoke
|poke|p1|Charizard, L50, F|
|poke|p1|Floette-Eternal, L50, F|
|poke|p1|Whimsicott, L50, F|
|poke|p1|Kingambit, L50, M|
|poke|p1|Garchomp, L50, F|
|poke|p1|Basculegion, L50, M|
|poke|p2|Incineroar, L50, M|
|poke|p2|Metagross, L50|
|poke|p2|Sinistcha-Masterpiece, L50|
|poke|p2|Pelipper, L50, M|
|poke|p2|Sylveon, L50, F|
|poke|p2|Araquanid, L50, F|
|teampreview|4
|showteam|p1|Charizard||CharizarditeY|Blaze|HeatWave,WeatherBall,SolarBeam,Protect|Modest||F|||50|]Floette-Eternal||Floettite|FlowerVeil|DazzlingGleam,Protect,Moonblast,LightofRuin|Modest||F|||50|]Whimsicott||FocusSash|Prankster|Moonblast,Protect,Tailwind,Encore|Timid||F|||50|]Kingambit||ChopleBerry|Defiant|KowtowCleave,SuckerPunch,IronHead,LowKick|Adamant||M|||50|]Garchomp||LifeOrb|RoughSkin|DragonClaw,StompingTantrum,RockSlide,Protect|Jolly||F|||50|]Basculegion||MysticWater|Adaptability|WaveCrash,LastRespects,AquaJet,Protect|Adamant||M|||50|
|showteam|p2|Incineroar||ShellBell|Intimidate|FakeOut,DrainPunch,DarkestLariat,PartingShot|Careful||M|||50|]Metagross||Metagrossite|ClearBody|IronHead,ZenHeadbutt,HammerArm,Protect|Adamant|||||50|]Sinistcha-Masterpiece||SitrusBerry|Hospitality|MatchaGotcha,ShadowBall,RagePowder,TrickRoom|Calm|||||50|]Pelipper||DampRock|Drizzle|Hurricane,WeatherBall,Tailwind,Protect|Calm||M|||50|]Sylveon||FairyFeather|Pixilate|HyperBeam,HyperVoice,QuickAttack,Protect|Quiet||F|||50|]Araquanid||MysticWater|WaterBubble|Liquidation,Stockpile,WideGuard,Protect|Brave||F|||50|
|inactive|Battle timer is ON: inactive players will automatically lose when time's up. (requested by Frenchtoast1215)
|
|t:|1782376326
|teamsize|p1|4
|teamsize|p2|4
|start
|switch|p1a: Kingambit|Kingambit, L50, M|100/100
|switch|p1b: Garchomp|Garchomp, L50, F|100/100
|switch|p2a: Araquanid|Araquanid, L50, F|100/100
|switch|p2b: Incineroar|Incineroar, L50, M|100/100
|-ability|p2b: Incineroar|Intimidate|boost
|-unboost|p1a: Kingambit|atk|1
|-ability|p1a: Kingambit|Defiant|boost
|-boost|p1a: Kingambit|atk|2
|-unboost|p1b: Garchomp|atk|1
|turn|1
|inactive|Lorido has 30 seconds left.
|inactive|Frenchtoast1215 has 30 seconds left.
|inactive|Lorido has 20 seconds left.
|inactive|Frenchtoast1215 has 20 seconds left.
|inactive|Lorido has 15 seconds left.
|inactive|Frenchtoast1215 has 15 seconds left.
|inactive|Frenchtoast1215 has 10 seconds left.
|inactive|Frenchtoast1215 has 5 seconds left.
|inactive|Lorido has 10 seconds left.
|
|t:|1782376381
|move|p2b: Incineroar|Fake Out|p1a: Kingambit
|-resisted|p1a: Kingambit|1
|-damage|p1a: Kingambit|96/100
|move|p1b: Garchomp|Rock Slide|p2a: Araquanid|[spread] p2a
|-miss|p1b: Garchomp|p2b: Incineroar
|-supereffective|p2a: Araquanid|1
|-damage|p2a: Araquanid|64/100
|-damage|p1b: Garchomp|90/100|[from] item: Life Orb
|cant|p1a: Kingambit|flinch
|move|p2a: Araquanid|Liquidation|p1a: Kingambit
|-damage|p1a: Kingambit|42/100
|
|upkeep
|turn|2
|inactive|Frenchtoast1215 has 30 seconds left.
|inactive|Lorido has 30 seconds left.
|
|t:|1782376414
|move|p2a: Araquanid|Wide Guard|p2a: Araquanid
|-singleturn|p2a: Araquanid|Wide Guard
|move|p1b: Garchomp|Stomping Tantrum|p2b: Incineroar
|-supereffective|p2b: Incineroar|1
|-damage|p2b: Incineroar|30/100
|-damage|p1b: Garchomp|80/100|[from] item: Life Orb
|move|p2b: Incineroar|Drain Punch|p1a: Kingambit
|-supereffective|p1a: Kingambit|2
|-enditem|p1a: Kingambit|Chople Berry|[eat]
|-enditem|p1a: Kingambit|Chople Berry|[weaken]
|-damage|p1a: Kingambit|10/100
|-heal|p2b: Incineroar|47/100|[from] drain|[of] p1a: Kingambit
|-heal|p2b: Incineroar|50/100g|[from] item: Shell Bell|[of] p1a: Kingambit
|move|p1a: Kingambit|Low Kick|p2b: Incineroar
|-supereffective|p2b: Incineroar|1
|-damage|p2b: Incineroar|0 fnt
|faint|p2b: Incineroar
|
|upkeep
|
|t:|1782376433
|switch|p2b: Pelipper|Pelipper, L50, M|100/100
|-weather|RainDance|[from] ability: Drizzle|[of] p2b: Pelipper
|turn|3
|
|t:|1782376452
|move|p1a: Kingambit|Sucker Punch|p2a: Araquanid
|-damage|p2a: Araquanid|0 fnt
|faint|p2a: Araquanid
|move|p1b: Garchomp|Dragon Claw|p2b: Pelipper
|-damage|p2b: Pelipper|62/100
|-damage|p1b: Garchomp|70/100|[from] item: Life Orb
|move|p2b: Pelipper|Tailwind|p2b: Pelipper
|-sidestart|p2: Frenchtoast1215|move: Tailwind
|
|-weather|RainDance|[upkeep]
|upkeep
|
|t:|1782376462
|switch|p2a: Metagross|Metagross, L50|100/100
|turn|4
|inactive|Lorido has 30 seconds left.
|
|t:|1782376494
|switch|p1a: Floette|Floette-Eternal, L50, F|100/100
|detailschange|p2a: Metagross|Metagross-Mega, L50
|-mega|p2a: Metagross|Metagross|Metagrossite
|move|p2a: Metagross|Protect|p2a: Metagross
|-singleturn|p2a: Metagross|Protect
|move|p2b: Pelipper|Weather Ball|p1a: Floette
|-damage|p1a: Floette|56/100
|move|p1b: Garchomp|Rock Slide|p2a: Metagross|[spread] 
|-activate|p2a: Metagross|move: Protect
|-miss|p1b: Garchomp|p2b: Pelipper
|
|-weather|RainDance|[upkeep]
|upkeep
|turn|5
|inactive|Lorido has 30 seconds left.
|inactive|Lorido has 20 seconds left.
|
|t:|1782376532
|move|p1a: Floette|Protect|p1a: Floette
|-singleturn|p1a: Floette|Protect
|move|p2a: Metagross|Zen Headbutt|p1b: Garchomp
|-damage|p1b: Garchomp|4/100
|-damage|p2a: Metagross|87/100|[from] ability: Rough Skin|[of] p1b: Garchomp
|move|p2b: Pelipper|Hurricane|p1a: Floette
|-activate|p1a: Floette|move: Protect
|cant|p1b: Garchomp|flinch
|
|-weather|RainDance|[upkeep]
|upkeep
|turn|6
|
|t:|1782376552
|detailschange|p1a: Floette|Floette-Mega, L50, F
|-mega|p1a: Floette|Floette|Floettite
|-ability|p1a: Floette|Fairy Aura
|move|p2a: Metagross|Iron Head|p1a: Floette
|-supereffective|p1a: Floette|1
|-damage|p1a: Floette|0 fnt
|faint|p1a: Floette
|move|p2b: Pelipper|Hurricane|p1b: Garchomp
|-damage|p1b: Garchomp|0 fnt
|faint|p1b: Garchomp
|
|-weather|RainDance|[upkeep]
|-sideend|p2: Frenchtoast1215|move: Tailwind
|upkeep
|
|t:|1782376562
|switch|p1b: Basculegion|Basculegion, L50, M|100/100
|switch|p1a: Kingambit|Kingambit, L50, M|10/100
|turn|7
|inactive|Lorido has 30 seconds left.
|
|t:|1782376596
|move|p1b: Basculegion|Aqua Jet|p2b: Pelipper
|-resisted|p2b: Pelipper|1
|-damage|p2b: Pelipper|34/100
|move|p1a: Kingambit|Sucker Punch||[still]
|-fail|p1a: Kingambit
|move|p2a: Metagross|Iron Head|p1a: Kingambit
|-resisted|p1a: Kingambit|1
|-damage|p1a: Kingambit|0 fnt
|faint|p1a: Kingambit
|move|p2b: Pelipper|Tailwind|p2b: Pelipper
|-sidestart|p2: Frenchtoast1215|move: Tailwind
|
|-weather|RainDance|[upkeep]
|upkeep
|turn|8
|
|t:|1782376616
|move|p2a: Metagross|Zen Headbutt|p1b: Basculegion
|-damage|p1b: Basculegion|30/100
|move|p2b: Pelipper|Hurricane|p1b: Basculegion
|-damage|p1b: Basculegion|0 fnt
|faint|p1b: Basculegion
|
|win|Frenchtoast1215
