|j|☆zhaolvtuhuangdi
|j|☆funtimefuntimes
|html|zhaolvtuhuangdifuntimefuntimes    
|uhtml|bestof|Game 1 of a best-of-3
|t:|1785666878
|gametype|doubles
|player|p1|zhaolvtuhuangdi|266|1306
|player|p2|funtimefuntimes|1|1176
|gen|9
|tier|[Gen 9 Champions] VGC 2026 Reg M-B (Bo3)
|rated|
|rule|Species Clause: Limit one of each Pokémon
|rule|Item Clause: Limit 1 of each item
|clearpoke
|poke|p1|Whimsicott, L50, F|
|poke|p1|Charizard, L50, F|
|poke|p1|Basculegion, L50, M|
|poke|p1|Kingambit, L50, F|
|poke|p1|Garchomp, L50, F|
|poke|p1|Floette-Eternal, L50, F|
|poke|p2|Floette-Eternal, L50, F|
|poke|p2|Whimsicott, L50, F|
|poke|p2|Basculegion, L50, M|
|poke|p2|Incineroar, L50, F|
|poke|p2|Glimmora, L50, F|
|poke|p2|Staraptor, L50, M|
|teampreview|4
|showteam|p1|Whimsicott||FocusSash|Prankster|Moonblast,Tailwind,Encore,Protect|Timid||F|||50|]Charizard||CharizarditeY|Blaze|HeatWave,WeatherBall,SolarBeam,Protect|Modest||F|||50|]Basculegion||LifeOrb|Adaptability|WaveCrash,LastRespects,AquaJet,Protect|Adamant||M|||50|]Kingambit||ChopleBerry|Defiant|KowtowCleave,SuckerPunch,IronHead,LowKick|Adamant||F|||50|]Garchomp||SitrusBerry|RoughSkin|Earthquake,RockSlide,Protect,StompingTantrum|Adamant||F|||50|]Floette-Eternal||Floettite|FlowerVeil|Moonblast,DazzlingGleam,Protect,LightofRuin|Modest||F|||50|
|showteam|p2|Floette-Eternal||Floettite|FlowerVeil|Moonblast,DazzlingGleam,LightofRuin,Protect|Timid||F|||50|]Whimsicott||OccaBerry|Prankster|Moonblast,FakeTears,Tailwind,Charm|Bold||F|||50|]Basculegion||LifeOrb|Adaptability|WaveCrash,LastRespects,AquaJet,Protect|Jolly||M|||50|]Incineroar||SitrusBerry|Intimidate|FakeOut,PartingShot,FlareBlitz,ThroatChop|Careful||F|||50|]Glimmora||FocusSash|ToxicDebris|PowerGem,EarthPower,SludgeBomb,SpikyShield|Timid||F|||50|]Staraptor||Staraptite|Intimidate|CloseCombat,DualWingbeat,Roost,Protect|Adamant||M|||50|
|
|t:|1785666904
|teamsize|p1|4
|teamsize|p2|4
|start
|switch|p1a: Whimsicott|Whimsicott, L50, F|100/100
|switch|p1b: Basculegion|Basculegion, L50, M|100/100
|switch|p2a: Whimsicott|Whimsicott, L50, F|100/100
|switch|p2b: Floette|Floette-Eternal, L50, F|100/100
|turn|1
|
|t:|1785666923
|detailschange|p2b: Floette|Floette-Mega, L50, F
|-mega|p2b: Floette|Floette|Floettite
|-ability|p2b: Floette|Fairy Aura
|move|p1a: Whimsicott|Tailwind|p1a: Whimsicott
|-sidestart|p1: zhaolvtuhuangdi|move: Tailwind
|move|p2a: Whimsicott|Tailwind|p2a: Whimsicott
|-sidestart|p2: funtimefuntimes|move: Tailwind
|move|p2b: Floette|Light of Ruin|p1b: Basculegion
|-damage|p1b: Basculegion|0 fnt
|faint|p1b: Basculegion
|-damage|p2b: Floette|36/100|[from] Recoil
|
|upkeep
|
|t:|1785666940
|switch|p1b: Floette|Floette-Eternal, L50, F|100/100
|turn|2
|
|t:|1785666976
|switch|p2b: Glimmora|Glimmora, L50, F|100/100
|detailschange|p1b: Floette|Floette-Mega, L50, F
|-mega|p1b: Floette|Floette|Floettite
|-ability|p1b: Floette|Fairy Aura
|move|p1a: Whimsicott|Encore|p2a: Whimsicott
|-start|p2a: Whimsicott|Encore
|move|p2a: Whimsicott|Tailwind||[still]
|-fail|p2a: Whimsicott
|move|p1b: Floette|Moonblast|p2b: Glimmora
|-resisted|p2b: Glimmora|1
|-damage|p2b: Glimmora|49/100
|
|upkeep
|turn|3
|
|t:|1785667000
|switch|p2a: Basculegion|Basculegion, L50, M|100/100
|move|p1a: Whimsicott|Moonblast|p2a: Basculegion
|-damage|p2a: Basculegion|46/100
|-unboost|p2a: Basculegion|spa|1
|move|p2b: Glimmora|Sludge Bomb|p1b: Floette
|-supereffective|p1b: Floette|1
|-crit|p1b: Floette
|-damage|p1b: Floette|5/100
|move|p1b: Floette|Moonblast|p2b: Glimmora
|-resisted|p2b: Glimmora|1
|-damage|p2b: Glimmora|2/100
|
|upkeep
|turn|4
|
|t:|1785667031
|move|p1b: Floette|Protect|p1b: Floette
|-singleturn|p1b: Floette|Protect
|move|p2a: Basculegion|Aqua Jet|p1b: Floette
|-activate|p1b: Floette|move: Protect
|move|p1a: Whimsicott|Moonblast|p2a: Basculegion
|-damage|p2a: Basculegion|0 fnt
|faint|p2a: Basculegion
|move|p2b: Glimmora|Sludge Bomb|p1a: Whimsicott
|-supereffective|p1a: Whimsicott|2
|-enditem|p1a: Whimsicott|Focus Sash
|-damage|p1a: Whimsicott|1/100
|-status|p1a: Whimsicott|psn
|
|-damage|p1a: Whimsicott|0 fnt|[from] psn
|faint|p1a: Whimsicott
|-sideend|p1: zhaolvtuhuangdi|move: Tailwind
|-sideend|p2: funtimefuntimes|move: Tailwind
|upkeep
|
|t:|1785667047
|switch|p1a: Kingambit|Kingambit, L50, F|100/100
|switch|p2a: Floette|Floette-Mega, L50, F|36/100
|-ability|p2a: Floette|Fairy Aura
|turn|5
|
|t:|1785667059
|move|p1a: Kingambit|Sucker Punch|p2b: Glimmora
|-damage|p2b: Glimmora|0 fnt
|-activate|p2b: Glimmora|ability: Toxic Debris
|-sidestart|p1: zhaolvtuhuangdi|move: Toxic Spikes
|faint|p2b: Glimmora
|move|p2a: Floette|Dazzling Gleam|p1b: Floette|[spread] p1a,p1b
|-damage|p1a: Kingambit|57/100
|-damage|p1b: Floette|0 fnt
|faint|p1b: Floette
|
|upkeep
|
|t:|1785667060
|switch|p2b: Whimsicott|Whimsicott, L50, F|100/100
|turn|6
|
|t:|1785667075
|move|p2a: Floette|Moonblast|p1a: Kingambit
|-damage|p1a: Kingambit|0 fnt
|faint|p1a: Kingambit
|
|win|funtimefuntimes
||funtimefuntimes is ready for game 2.
||zhaolvtuhuangdi is ready for game 2.
|uhtml|next|Next: Game 2 of 3
|l|☆zhaolvtuhuangdi
|player|p1|
