|j|‽Mr James Freak
|j|☆25th_mang
|html|Mr James Freak25th_mang    
|uhtml|bestof|Game 1 of a best-of-3
|t:|1782278435
|gametype|doubles
|player|p1|Mr James Freak|scientist|1188
|player|p2|25th_mang|ballguy|1165
|gen|9
|tier|[Gen 9 Champions] VGC 2026 Reg M-B (Bo3)
|rated|
|rule|Species Clause: Limit one of each Pokémon
|rule|Item Clause: Limit 1 of each item
|clearpoke
|poke|p1|Tyranitar, L50, F, shiny|
|poke|p1|Metagross, L50, shiny|
|poke|p1|Sinistcha-Masterpiece, L50|
|poke|p1|Rotom-Wash, L50, shiny|
|poke|p1|Garchomp, L50, F, shiny|
|poke|p1|Incineroar, L50, F, shiny|
|poke|p2|Crabominable, L50, F|
|poke|p2|Farigiraf, L50, M|
|poke|p2|Incineroar, L50, F|
|poke|p2|Archaludon, L50, M|
|poke|p2|Pelipper, L50, F|
|poke|p2|Sinistcha, L50|
|teampreview|4
|showteam|p1|Tyranitar||Tyranitarite|SandStream|RockSlide,KnockOff,DragonDance,Protect|Adamant||F|||50|]Metagross||Metagrossite|ClearBody|IronHead,PsychicFangs,BodyPress,Protect|Jolly|||||50|]Sinistcha-Masterpiece||SitrusBerry|Hospitality|MatchaGotcha,RagePowder,LifeDew,Protect|Bold|||||50|]Rotom-Wash||Leftovers|Levitate|Electroweb,HydroPump,WillOWisp,Protect|Calm|||||50|]Garchomp||LifeOrb|RoughSkin|Earthquake,RockSlide,ScaleShot,Protect|Jolly||F|||50|]Incineroar||PasshoBerry|Intimidate|FakeOut,PartingShot,FlareBlitz,ThroatChop|Adamant||F|||50|
|showteam|p2|Crabominable||Crabominite|HyperCutter|IceHammer,DrainPunch,Protect,ThunderPunch|Brave||F|||50|]Farigiraf||MentalHerb|ArmorTail|TrickRoom,Psychic,HyperVoice,HelpingHand|Relaxed||M|||50|]Incineroar||Charcoal|Intimidate|FakeOut,FlareBlitz,Assurance,Snarl|Adamant||F|||50|]Archaludon||Magnet|Stalwart|ElectroShot,AuraSphere,DracoMeteor,Protect|Quiet||M|||50|]Pelipper||SharpBeak|Drizzle|Hurricane,WeatherBall,WideGuard,Protect|Modest||F|||50|]Sinistcha||SitrusBerry|Hospitality|MatchaGotcha,RagePowder,LifeDew,TrickRoom|Relaxed|||||50|
|inactive|Battle timer is ON: inactive players will automatically lose when time's up. (requested by 25th_mang)
|inactive|Mr James Freak has 60 seconds left.
|
|t:|1782278483
|teamsize|p1|4
|teamsize|p2|4
|start
|switch|p1a: Rotom|Rotom-Wash, L50, shiny|100/100
|switch|p1b: Sinistcha|Sinistcha-Masterpiece, L50|100/100
|switch|p2a: My1stFlip|Farigiraf, L50, M|100/100
|switch|p2b: My1stRoar|Incineroar, L50, F|100/100
|-ability|p2b: My1stRoar|Intimidate|boost
|-unboost|p1a: Rotom|atk|1
|-unboost|p1b: Sinistcha|atk|1
|turn|1
|inactive|25th_mang has 30 seconds left.
|inactive|25th_mang has 20 seconds left.
|inactive|25th_mang has 15 seconds left.
|inactive|25th_mang has 10 seconds left.
|
|t:|1782278529
|switch|p1b: Tyranitar|Tyranitar, L50, F, shiny|100/100
|-weather|Sandstorm|[from] ability: Sand Stream|[of] p1b: Tyranitar
|move|p2b: My1stRoar|Fake Out|p1a: Rotom
|-damage|p1a: Rotom|86/100
|cant|p1a: Rotom|flinch
|move|p2a: My1stFlip|Psychic|p1a: Rotom
|-damage|p1a: Rotom|56/100
|
|-weather|Sandstorm|[upkeep]
|-damage|p1a: Rotom|50/100g|[from] Sandstorm
|-damage|p2b: My1stRoar|94/100|[from] Sandstorm
|-damage|p2a: My1stFlip|94/100|[from] Sandstorm
|-heal|p1a: Rotom|56/100|[from] item: Leftovers
|upkeep
|turn|2
|
|t:|1782278553
|switch|p2b: My Direction|Sinistcha, L50|100/100
|-heal|p2a: My1stFlip|100/100|[from] ability: Hospitality|[of] p2b: My Direction
|switch|p2a: Hockey Rivalry|Crabominable, L50, F|100/100
|move|p1a: Rotom|Hydro Pump|p2b: My Direction
|-resisted|p2b: My Direction|1
|-damage|p2b: My Direction|78/100
|move|p1b: Tyranitar|Knock Off|p2a: Hockey Rivalry
|-resisted|p2a: Hockey Rivalry|1
|-damage|p2a: Hockey Rivalry|80/100
|
|-weather|Sandstorm|[upkeep]
|-damage|p1a: Rotom|50/100g|[from] Sandstorm
|-damage|p2b: My Direction|71/100|[from] Sandstorm
|-damage|p2a: Hockey Rivalry|74/100|[from] Sandstorm
|-heal|p1a: Rotom|56/100|[from] item: Leftovers
|upkeep
|turn|3
|inactive|Mr James Freak has 30 seconds left.
|inactive|25th_mang has 30 seconds left.
|inactive|25th_mang has 20 seconds left.
|
|t:|1782278592
|move|p2b: My Direction|Rage Powder|p2b: My Direction
|-singleturn|p2b: My Direction|move: Rage Powder
|move|p1a: Rotom|Will-O-Wisp|p2b: My Direction
|-status|p2b: My Direction|brn
|move|p1b: Tyranitar|Knock Off|p2b: My Direction
|-supereffective|p2b: My Direction|1
|-damage|p2b: My Direction|0 fnt
|-enditem|p2b: My Direction|Sitrus Berry|[from] move: Knock Off|[of] p1b: Tyranitar
|faint|p2b: My Direction
|move|p2a: Hockey Rivalry|Drain Punch|p1b: Tyranitar
|-supereffective|p1b: Tyranitar|2
|-crit|p1b: Tyranitar
|-damage|p1b: Tyranitar|0 fnt
|-heal|p2a: Hockey Rivalry|100/100|[from] drain|[of] p1b: Tyranitar
|faint|p1b: Tyranitar
|
|-weather|Sandstorm|[upkeep]
|-damage|p1a: Rotom|50/100g|[from] Sandstorm
|-damage|p2a: Hockey Rivalry|94/100|[from] Sandstorm
|-heal|p1a: Rotom|56/100|[from] item: Leftovers
|upkeep
|
|t:|1782278617
|switch|p1b: Sinistcha|Sinistcha-Masterpiece, L50|100/100
|switch|p2b: My1stRoar|Incineroar, L50, F|94/100
|-ability|p2b: My1stRoar|Intimidate|boost
|-unboost|p1a: Rotom|atk|1
|-unboost|p1b: Sinistcha|atk|1
|-heal|p1a: Rotom|81/100|[from] ability: Hospitality|[of] p1b: Sinistcha
|turn|4
|
|t:|1782278639
|detailschange|p2a: Hockey Rivalry|Crabominable-Mega, L50, F
|-mega|p2a: Hockey Rivalry|Crabominable|Crabominite
|move|p1a: Rotom|Protect|p1a: Rotom
|-singleturn|p1a: Rotom|Protect
|move|p1b: Sinistcha|Protect|p1b: Sinistcha
|-singleturn|p1b: Sinistcha|Protect
|move|p2b: My1stRoar|Fake Out|p1a: Rotom
|-activate|p1a: Rotom|move: Protect
|move|p2a: Hockey Rivalry|Ice Hammer|p1b: Sinistcha
|-activate|p1b: Sinistcha|move: Protect
|
|-weather|Sandstorm|[upkeep]
|-damage|p1a: Rotom|75/100|[from] Sandstorm
|-damage|p1b: Sinistcha|94/100|[from] Sandstorm
|-damage|p2b: My1stRoar|88/100|[from] Sandstorm
|-damage|p2a: Hockey Rivalry|88/100|[from] Sandstorm
|-heal|p1a: Rotom|81/100|[from] item: Leftovers
|upkeep
|turn|5
|inactive|Mr James Freak has 30 seconds left.
|
|t:|1782278667
|switch|p2a: My1stFlip|Farigiraf, L50, M|100/100
|move|p1a: Rotom|Will-O-Wisp|p2a: My1stFlip
|-status|p2a: My1stFlip|brn
|move|p1b: Sinistcha|Matcha Gotcha|p2a: My1stFlip|[spread] p2a,p2b
|-resisted|p2b: My1stRoar|1
|-damage|p2a: My1stFlip|77/100 brn
|-heal|p1b: Sinistcha|100/100|[from] drain|[of] p2a: My1stFlip
|-damage|p2b: My1stRoar|76/100
|move|p2b: My1stRoar|Snarl|p1b: Sinistcha|[spread] p1a,p1b
|-supereffective|p1b: Sinistcha|1
|-damage|p1a: Rotom|73/100
|-damage|p1b: Sinistcha|79/100
|-unboost|p1a: Rotom|spa|1
|-unboost|p1b: Sinistcha|spa|1
|
|-weather|none
|-heal|p1a: Rotom|79/100|[from] item: Leftovers
|-damage|p2a: My1stFlip|71/100 brn|[from] brn
|upkeep
|turn|6
|inactive|Mr James Freak has 30 seconds left.
|inactive|25th_mang has 30 seconds left.
|
|t:|1782278696
|switch|p1a: Metagross|Metagross, L50, shiny|100/100
|move|p1b: Sinistcha|Protect|p1b: Sinistcha
|-singleturn|p1b: Sinistcha|Protect
|move|p2b: My1stRoar|Snarl|p1b: Sinistcha|[spread] p1a
|-activate|p1b: Sinistcha|move: Protect
|-supereffective|p1a: Metagross|1
|-damage|p1a: Metagross|76/100
|move|p2a: My1stFlip|Trick Room|p2a: My1stFlip
|-fieldstart|move: Trick Room|[of] p2a: My1stFlip
|
|-damage|p2a: My1stFlip|66/100 brn|[from] brn
|upkeep
|turn|7
|
|t:|1782278716
|switch|p1b: Rotom|Rotom-Wash, L50, shiny|79/100
|move|p1a: Metagross|Protect|p1a: Metagross
|-singleturn|p1a: Metagross|Protect
|move|p2a: My1stFlip|Psychic|p1b: Rotom
|-damage|p1b: Rotom|50/100y
|move|p2b: My1stRoar|Flare Blitz|p1b: Rotom
|-resisted|p1b: Rotom|1
|-damage|p1b: Rotom|13/100
|-damage|p2b: My1stRoar|67/100|[from] Recoil
|
|-heal|p1b: Rotom|20/100y|[from] item: Leftovers
|-damage|p2a: My1stFlip|60/100 brn|[from] brn
|upkeep
|turn|8
|
|t:|1782278737
|switch|p1a: Sinistcha|Sinistcha-Masterpiece, L50|79/100
|-heal|p1b: Rotom|45/100|[from] ability: Hospitality|[of] p1a: Sinistcha
|move|p2a: My1stFlip|Psychic|p1b: Rotom
|-damage|p1b: Rotom|15/100
|move|p2b: My1stRoar|Flare Blitz|p1a: Sinistcha
|-supereffective|p1a: Sinistcha|1
|-damage|p1a: Sinistcha|0 fnt
|faint|p1a: Sinistcha
|-damage|p2b: My1stRoar|43/100|[from] Recoil
|move|p1b: Rotom|Hydro Pump|p2b: My1stRoar|[miss]
|-miss|p1b: Rotom|p2b: My1stRoar
|
|-heal|p1b: Rotom|21/100|[from] item: Leftovers
|-damage|p2a: My1stFlip|54/100 brn|[from] brn
|upkeep
|
|t:|1782278751
|switch|p1a: Metagross|Metagross, L50, shiny|76/100
|turn|9
|
|t:|1782278758
|detailschange|p1a: Metagross|Metagross-Mega, L50, shiny
|-mega|p1a: Metagross|Metagross|Metagrossite
|move|p2a: My1stFlip|Psychic|p1b: Rotom
|-damage|p1b: Rotom|0 fnt
|faint|p1b: Rotom
|move|p2b: My1stRoar|Flare Blitz|p1a: Metagross
|-supereffective|p1a: Metagross|1
|-damage|p1a: Metagross|0 fnt
|faint|p1a: Metagross
|-damage|p2b: My1stRoar|18/100|[from] Recoil
|
|win|25th_mang
