|j|☆Jakobtc
|j|☆beastingfeasting7
|html|Jakobtcbeastingfeasting7    
|uhtml|bestof|Game 1 of a best-of-3
|t:|1757132373
|gametype|doubles
|player|p1|Jakobtc|riley|1131
|player|p2|beastingfeasting7|hilbert|1084
|gen|9
|tier|[Gen 9] VGC 2025 Reg H (Bo3)
|rated|
|rule|Species Clause: Limit one of each Pokémon
|rule|Item Clause: Limit 1 of each item
|clearpoke
|poke|p1|Gholdengo, L50|
|poke|p1|Incineroar, L50, M|
|poke|p1|Rillaboom, L50, M|
|poke|p1|Dragonite, L50, F|
|poke|p1|Sneasler, L50, F|
|poke|p1|Electabuzz, L50, M|
|poke|p2|Basculegion, L50, M|
|poke|p2|Archaludon, L50, M|
|poke|p2|Whimsicott, L50, F|
|poke|p2|Annihilape, L50, M|
|poke|p2|Pelipper, L50, F|
|poke|p2|Sinistcha-Masterpiece, L50|
|teampreview|4
|showteam|p1|Gholdengo||LifeOrb|GoodasGold|MakeItRain,ShadowBall,NastyPlot,Protect||||||50|,,,,,Water]Incineroar||SafetyGoggles|Intimidate|FakeOut,FlareBlitz,KnockOff,PartingShot|||M|||50|,,,,,Bug]Rillaboom||AssaultVest|GrassySurge|FakeOut,GrassyGlide,WoodHammer,HighHorsepower|||M|||50|,,,,,Rock]Dragonite||LoadedDice|Multiscale|ScaleShot,TeraBlast,Tailwind,Protect|||F|||50|,,,,,Flying]Sneasler||FocusSash|Unburden|DireClaw,CloseCombat,Taunt,Protect|||F|||50|,,,,,Stellar]Electabuzz||Eviolite|VitalSpirit|FollowMe,Electroweb,VoltSwitch,Protect|||M|||50|,,,,,Fairy
|showteam|p2|Basculegion||ChoiceBand|SwiftSwim|WaveCrash,LastRespects,FlipTurn,AquaJet|||M|||50|,,,,,Water]Archaludon||AssaultVest|Stamina|ElectroShot,DragonPulse,FlashCannon,BodyPress|||M|||50|,,,,,Electric]Whimsicott||CovertCloak|Prankster|Tailwind,Encore,BeatUp,Moonblast|||F|||50|,,,,,Steel]Annihilape||SitrusBerry|Defiant|BulkUp,DrainPunch,RageFist,Protect|||M|||50|,,,,,Fire]Pelipper||LifeOrb|Drizzle|IcyWind,WeatherBall,Hurricane,WideGuard|||F|||50|,,,,,Ghost]Sinistcha-Masterpiece||RockyHelmet|Hospitality|LifeDew,RagePowder,MatchaGotcha,ShadowBall||||||50|,,,,,Dark
|inactive|Battle timer is ON: inactive players will automatically lose when time's up. (requested by beastingfeasting7)
|c|☆Jakobtc|glhf
|c|☆beastingfeasting7|u 2
|inactive|Jakobtc has 60 seconds left.
|inactive|beastingfeasting7 has 60 seconds left.
|inactive|beastingfeasting7 has 30 seconds left.
|
|t:|1757132440
|teamsize|p1|4
|teamsize|p2|4
|start
|switch|p1a: Rillaboom|Rillaboom, L50, M|100/100
|switch|p1b: Electabuzz|Electabuzz, L50, M|100/100
|switch|p2a: Pelipper|Pelipper, L50, F|100/100
|switch|p2b: Basculegion|Basculegion, L50, M, shiny|100/100
|-weather|RainDance|[from] ability: Drizzle|[of] p2a: Pelipper
|-fieldstart|move: Grassy Terrain|[from] ability: Grassy Surge|[of] p1a: Rillaboom
|turn|1
|inactive|Jakobtc has 30 seconds left.
|inactive|beastingfeasting7 has 30 seconds left.
|
|t:|1757132472
|move|p2a: Pelipper|Wide Guard|p2a: Pelipper
|-singleturn|p2a: Pelipper|Wide Guard
|move|p1a: Rillaboom|Grassy Glide|p2b: Basculegion
|-supereffective|p2b: Basculegion
|-damage|p2b: Basculegion|8/100
|move|p2b: Basculegion|Wave Crash|p1b: Electabuzz
|-damage|p1b: Electabuzz|0 fnt
|faint|p1b: Electabuzz
|-damage|p2b: Basculegion|0 fnt|[from] Recoil
|faint|p2b: Basculegion
|
|-weather|RainDance|[upkeep]
|upkeep
|inactive|beastingfeasting7 has 30 seconds left.
|
|t:|1757132498
|switch|p1b: Sneasler|Sneasler, L50, F|100/100
|switch|p2b: Archaludon|Archaludon, L50, M, shiny|100/100
|turn|2
|j| draco misses
|
|t:|1757132515
|move|p1a: Rillaboom|Grassy Glide|p2a: Pelipper
|-damage|p2a: Pelipper|55/100
|move|p1b: Sneasler|Dire Claw|p2a: Pelipper
|-damage|p2a: Pelipper|6/100
|move|p2a: Pelipper|Icy Wind|p1b: Sneasler|[spread] p1a,p1b
|-supereffective|p1a: Rillaboom
|-crit|p1a: Rillaboom
|-damage|p1a: Rillaboom|73/100
|-damage|p1b: Sneasler|82/100
|-unboost|p1a: Rillaboom|spe|1
|-unboost|p1b: Sneasler|spe|1
|-damage|p2a: Pelipper|0 fnt|[from] item: Life Orb
|faint|p2a: Pelipper
|move|p2b: Archaludon|Electro Shot||[still]
|-prepare|p2b: Archaludon|Electro Shot
|-boost|p2b: Archaludon|spa|1
|-anim|p2b: Archaludon|Electro Shot|p1b: Sneasler
|-damage|p1b: Sneasler|7/100
|
|-weather|RainDance|[upkeep]
|-heal|p1b: Sneasler|13/100|[from] Grassy Terrain
|-heal|p1a: Rillaboom|79/100|[from] Grassy Terrain
|upkeep
|
|t:|1757132527
|switch|p2a: Whimsicott|Whimsicott, L50, F, shiny|100/100
|turn|3
|inactive|beastingfeasting7 has 30 seconds left.
|inactive|beastingfeasting7 has 20 seconds left.
|
|t:|1757132562
|switch|p1b: Gholdengo|Gholdengo, L50|100/100
|move|p2a: Whimsicott|Tailwind|p2a: Whimsicott
|-sidestart|p2: beastingfeasting7|move: Tailwind
|move|p2b: Archaludon|Electro Shot||[still]
|-prepare|p2b: Archaludon|Electro Shot
|-boost|p2b: Archaludon|spa|1
|-anim|p2b: Archaludon|Electro Shot|p1b: Gholdengo
|-damage|p1b: Gholdengo|9/100
|move|p1a: Rillaboom|High Horsepower|p2b: Archaludon
|-supereffective|p2b: Archaludon
|-damage|p2b: Archaludon|55/100
|-ability|p2b: Archaludon|Stamina|boost
|-boost|p2b: Archaludon|def|1
|
|-weather|RainDance|[upkeep]
|-heal|p2b: Archaludon|61/100|[from] Grassy Terrain
|-heal|p1b: Gholdengo|15/100|[from] Grassy Terrain
|-heal|p1a: Rillaboom|85/100|[from] Grassy Terrain
|upkeep
|turn|4
|inactive|beastingfeasting7 has 30 seconds left.
|inactive|beastingfeasting7 has 20 seconds left.
|inactive|beastingfeasting7 has 15 seconds left.
|inactive|beastingfeasting7 has 10 seconds left.
|
|t:|1757132608
|move|p2a: Whimsicott|Moonblast|p1a: Rillaboom
|-damage|p1a: Rillaboom|68/100
|-unboost|p1a: Rillaboom|spa|1
|move|p2b: Archaludon|Electro Shot||[still]
|-prepare|p2b: Archaludon|Electro Shot
|-boost|p2b: Archaludon|spa|1
|-anim|p2b: Archaludon|Electro Shot|p1b: Gholdengo
|-damage|p1b: Gholdengo|0 fnt
|faint|p1b: Gholdengo
|move|p1a: Rillaboom|Wood Hammer|p2a: Whimsicott
|-resisted|p2a: Whimsicott
|-damage|p2a: Whimsicott|56/100
|-damage|p1a: Rillaboom|56/100|[from] Recoil
|
|-weather|RainDance|[upkeep]
|-heal|p2a: Whimsicott|62/100|[from] Grassy Terrain
|-heal|p2b: Archaludon|67/100|[from] Grassy Terrain
|-heal|p1a: Rillaboom|62/100|[from] Grassy Terrain
|upkeep
|
|t:|1757132623
|switch|p1b: Sneasler|Sneasler, L50, F|13/100
|turn|5
|
|t:|1757132643
|move|p2a: Whimsicott|Moonblast|p1b: Sneasler
|-damage|p1b: Sneasler|0 fnt
|faint|p1b: Sneasler
|move|p2b: Archaludon|Dragon Pulse|p1a: Rillaboom
|-damage|p1a: Rillaboom|2/100
|move|p1a: Rillaboom|High Horsepower|p2b: Archaludon
|-supereffective|p2b: Archaludon
|-damage|p2b: Archaludon|40/100
|-ability|p2b: Archaludon|Stamina|boost
|-boost|p2b: Archaludon|def|1
|
|-weather|none
|-heal|p2a: Whimsicott|68/100|[from] Grassy Terrain
|-heal|p2b: Archaludon|47/100|[from] Grassy Terrain
|-heal|p1a: Rillaboom|8/100|[from] Grassy Terrain
|-fieldend|move: Grassy Terrain
|upkeep
|turn|6
|
|t:|1757132659
|move|p2a: Whimsicott|Moonblast|p1a: Rillaboom
|-damage|p1a: Rillaboom|0 fnt
|faint|p1a: Rillaboom
|
|win|beastingfeasting7
||beastingfeasting7 is ready for game 2.
