|j|☆Joniu
|j|☆sorecruiser
|html|Joniusorecruiser    
|uhtml|bestof|Game 1 of a best-of-3
|t:|1757635332
|gametype|doubles
|player|p1|Joniu|ltsurge|1118
|player|p2|sorecruiser|furisodegirl-black|1121
|gen|9
|tier|[Gen 9] VGC 2025 Reg H (Bo3)
|rated|
|rule|Species Clause: Limit one of each Pokémon
|rule|Item Clause: Limit 1 of each item
|clearpoke
|poke|p1|Torkoal, L50, F|
|poke|p1|Charizard, L50, F|
|poke|p1|Incineroar, L50, M|
|poke|p1|Jumpluff, L50, M|
|poke|p1|Porygon2, L50|
|poke|p1|Ursaluna, L50, F|
|poke|p2|Gholdengo, L50|
|poke|p2|Whimsicott, L50, M|
|poke|p2|Sneasler, L50, F|
|poke|p2|Rillaboom, L50, M|
|poke|p2|Hydreigon, L50, F|
|poke|p2|Magmar, L50, M|
|teampreview|4
|showteam|p1|Torkoal||EjectPack|Drought|Overheat,Eruption,HelpingHand,Protect|||F|||50|,,,,,Fire]Charizard||ChoiceSpecs|SolarPower|AirSlash,HeatWave,Overheat,WeatherBall|||F|||50|,,,,,Ghost]Incineroar||SitrusBerry|Intimidate|FlareBlitz,KnockOff,PartingShot,FakeOut|||M|||50|,,,,,Grass]Jumpluff||CovertCloak|Chlorophyll|SleepPowder,SunnyDay,RagePowder,Tailwind|||M|||50|,,,,,Water]Porygon2||Eviolite|Download|TeraBlast,IceBeam,Recover,TrickRoom||||||50|,,,,,Fighting]Ursaluna||FlameOrb|Guts|HeadlongRush,Earthquake,Facade,Protect|||F|||50|,,,,,Ghost
|showteam|p2|Gholdengo||MetalCoat|GoodasGold|MakeItRain,ShadowBall,NastyPlot,Protect||||||50|,,,,,Water]Whimsicott||CovertCloak|Prankster|Tailwind,Encore,SunnyDay,Moonblast|||M|||50|,,,,,Dark]Sneasler||WhiteHerb|Unburden|DireClaw,CloseCombat,ThroatChop,Protect|||F|||50|,,,,,Dark]Rillaboom||AssaultVest|GrassySurge|GrassyGlide,WoodHammer,HighHorsepower,FakeOut|||M|||50|,,,,,Fire]Hydreigon||ChoiceSpecs|Levitate|DarkPulse,DracoMeteor,Snarl,HeatWave|||F|||50|,,,,,Fairy]Magmar||Eviolite|VitalSpirit|FollowMe,HeatWave,Taunt,Protect|||M|||50|,,,,,Ghost
|inactive|Battle timer is ON: inactive players will automatically lose when time's up. (requested by Joniu)
|inactive|Joniu has 60 seconds left.
|inactive|Joniu has 30 seconds left.
|inactive|Joniu has 20 seconds left.
|inactive|Joniu has 15 seconds left.
|
|t:|1757635411
|teamsize|p1|4
|teamsize|p2|4
|start
|switch|p1a: Jumpluff|Jumpluff, L50, M|100/100
|switch|p1b: Torkoal|Torkoal, L50, F|100/100
|switch|p2a: Hydreigon|Hydreigon, L50, F|100/100
|switch|p2b: Magmar|Magmar, L50, M|100/100
|-weather|SunnyDay|[from] ability: Drought|[of] p1b: Torkoal
|turn|1
|
|t:|1757635435
|move|p2b: Magmar|Follow Me|p2b: Magmar
|-singleturn|p2b: Magmar|move: Follow Me
|move|p1a: Jumpluff|Tailwind|p1a: Jumpluff
|-sidestart|p1: Joniu|move: Tailwind
|move|p2a: Hydreigon|Snarl|p1b: Torkoal|[spread] p1a,p1b
|-damage|p1a: Jumpluff|63/100
|-damage|p1b: Torkoal|58/100
|-unboost|p1b: Torkoal|spa|1
|-enditem|p1b: Torkoal|Eject Pack
|
|t:|1757635447
|switch|p1b: Charizard|Charizard, L50, F|100/100
|
|-weather|SunnyDay|[upkeep]
|-damage|p1b: Charizard|88/100|[from] ability: Solar Power|[of] p1b: Charizard
|upkeep
|turn|2
|
|t:|1757635471
|switch|p1a: Porygon2|Porygon2, L50|100/100
|-ability|p1a: Porygon2|Download|boost
|-boost|p1a: Porygon2|spa|1
|move|p2b: Magmar|Follow Me|p2b: Magmar
|-singleturn|p2b: Magmar|move: Follow Me
|move|p1b: Charizard|Air Slash|p2b: Magmar
|-damage|p2b: Magmar|34/100
|move|p2a: Hydreigon|Snarl|p1b: Charizard|[spread] p1a,p1b
|-damage|p1a: Porygon2|80/100
|-damage|p1b: Charizard|40/100
|-unboost|p1a: Porygon2|spa|1
|-unboost|p1b: Charizard|spa|1
|
|-weather|SunnyDay|[upkeep]
|-damage|p1b: Charizard|28/100|[from] ability: Solar Power|[of] p1b: Charizard
|upkeep
|turn|3
|
|t:|1757635494
|switch|p2a: Gholdengo|Gholdengo, L50|100/100
|move|p2b: Magmar|Protect|p2b: Magmar
|-singleturn|p2b: Magmar|Protect
|move|p1b: Charizard|Air Slash|p2b: Magmar
|-activate|p2b: Magmar|move: Protect
|move|p1a: Porygon2|Ice Beam|p2a: Gholdengo
|-resisted|p2a: Gholdengo
|-damage|p2a: Gholdengo|85/100
|
|-weather|SunnyDay|[upkeep]
|-damage|p1b: Charizard|16/100|[from] ability: Solar Power|[of] p1b: Charizard
|upkeep
|turn|4
|inactive|Joniu has 30 seconds left.
|inactive|sorecruiser has 30 seconds left.
|inactive|Joniu has 20 seconds left.
|inactive|sorecruiser has 20 seconds left.
|
|t:|1757635533
|move|p1b: Charizard|Air Slash|p2b: Magmar
|-damage|p2b: Magmar|0 fnt
|faint|p2b: Magmar
|move|p2a: Gholdengo|Nasty Plot|p2a: Gholdengo
|-boost|p2a: Gholdengo|spa|2
|move|p1a: Porygon2|Trick Room|p1a: Porygon2
|-fieldstart|move: Trick Room|[of] p1a: Porygon2
|
|-weather|SunnyDay|[upkeep]
|-damage|p1b: Charizard|3/100|[from] ability: Solar Power|[of] p1b: Charizard
|-sideend|p1: Joniu|move: Tailwind
|upkeep
|
|t:|1757635544
|switch|p2b: Hydreigon|Hydreigon, L50, F|100/100
|turn|5
|inactive|Joniu has 30 seconds left.
|inactive|sorecruiser has 30 seconds left.
|
|t:|1757635572
|switch|p1b: Jumpluff|Jumpluff, L50, M|63/100
|-terastallize|p2b: Hydreigon|Fairy
|move|p2a: Gholdengo|Make It Rain|p1b: Jumpluff|[spread] p1a,p1b
|-damage|p1a: Porygon2|11/100
|-damage|p1b: Jumpluff|0 fnt
|-unboost|p2a: Gholdengo|spa|1
|faint|p1b: Jumpluff
|move|p2b: Hydreigon|Snarl|p1a: Porygon2
|-damage|p1a: Porygon2|0 fnt
|faint|p1a: Porygon2
|
|-weather|none
|upkeep
|
|t:|1757635575
|switch|p1a: Torkoal|Torkoal, L50, F|58/100
|switch|p1b: Charizard|Charizard, L50, F|3/100
|-weather|SunnyDay|[from] ability: Drought|[of] p1a: Torkoal
|turn|6
|
|t:|1757635592
|-terastallize|p1a: Torkoal|Fire
|move|p2a: Gholdengo|Protect|p2a: Gholdengo
|-singleturn|p2a: Gholdengo|Protect
|move|p1a: Torkoal|Eruption|p2a: Gholdengo|[spread] p2b
|-activate|p2a: Gholdengo|move: Protect
|-damage|p2b: Hydreigon|32/100
|move|p2b: Hydreigon|Snarl|p1b: Charizard|[spread] p1a,p1b
|-damage|p1a: Torkoal|10/100
|-damage|p1b: Charizard|0 fnt
|-unboost|p1a: Torkoal|spa|1
|faint|p1b: Charizard
|
|-weather|SunnyDay|[upkeep]
|upkeep
|turn|7
|
|t:|1757635608
|move|p1a: Torkoal|Eruption|p2b: Hydreigon|[spread] p2a,p2b
|-supereffective|p2a: Gholdengo
|-damage|p2a: Gholdengo|72/100
|-damage|p2b: Hydreigon|25/100
|move|p2a: Gholdengo|Make It Rain|p1a: Torkoal
|-resisted|p1a: Torkoal
|-damage|p1a: Torkoal|0 fnt
|-unboost|p2a: Gholdengo|spa|1
|faint|p1a: Torkoal
|
|win|sorecruiser
