|j|☆ecarry
|j|☆DamoVGC
|html|ecarryDamoVGC    
|uhtml|bestof|Game 1 of a best-of-3
|t:|1785072042
|gametype|doubles
|player|p1|ecarry|1|
|player|p2|DamoVGC|1|
|gen|9
|tier|[Gen 9 Champions] VGC 2026 Reg M-B (Bo3)
|rule|Species Clause: Limit one of each Pokémon
|rule|Item Clause: Limit 1 of each item
|clearpoke
|poke|p1|Gengar, L50, M|
|poke|p1|Incineroar, L50, F|
|poke|p1|Ninetales-Alola, L50, M|
|poke|p1|Kingambit, L50, F|
|poke|p1|Sneasler, L50, F|
|poke|p1|Garchomp, L50, M|
|poke|p2|Gengar, L50, F|
|poke|p2|Incineroar, L50, M|
|poke|p2|Archaludon, L50, M|
|poke|p2|Politoed, L50, M|
|poke|p2|Annihilape, L50, M|
|poke|p2|Garchomp, L50, M|
|teampreview|4
|showteam|p1|Gengar||Gengarite|CursedBody|ShadowBall,SludgeBomb,PerishSong,Protect|Modest||M|||50|]Incineroar||Leftovers|Intimidate|FakeOut,FlareBlitz,PartingShot,Protect|Relaxed||F|||50|]Ninetales-Alola||NeverMeltIce|SnowWarning|Blizzard,Encore,Disable,Protect|Timid||M|||50|]Kingambit||BlackGlasses|Defiant|KowtowCleave,SuckerPunch,LowKick,Protect|Adamant||F|||50|]Sneasler||FocusSash|Unburden|FakeOut,CloseCombat,GunkShot,Protect|Naughty||F|||50|]Garchomp||SitrusBerry|RoughSkin|StompingTantrum,DragonClaw,RockTomb,Protect|Adamant||M|||50|
|showteam|p2|Gengar||Gengarite|CursedBody|SludgeBomb,ShadowBall,PerishSong,Protect|Modest||F|||50|]Incineroar||PasshoBerry|Intimidate|FlareBlitz,PartingShot,FakeOut,Protect|Relaxed||M|||50|]Archaludon||Leftovers|Stamina|DragonPulse,FlashCannon,ElectroShot,Protect|Modest||M|||50|]Politoed||SitrusBerry|Drizzle|WeatherBall,Encore,PerishSong,Protect|Calm||M|||50|]Annihilape||FocusSash|Defiant|Protect,PhantomForce,Encore,CloseCombat|Jolly||M|||50|]Garchomp||LifeOrb|RoughSkin|Protect,DragonClaw,Earthquake,RockSlide|Jolly||M|||50|
|c|☆DamoVGC|Gl hf
|
|t:|1785072138
|teamsize|p1|4
|teamsize|p2|4
|start
|switch|p1a: Gengar|Gengar, L50, M|100/100
|switch|p1b: Kingambit|Kingambit, L50, F|100/100
|switch|p2a: Gengar|Gengar, L50, F|100/100
|switch|p2b: Annihilape|Annihilape, L50, M|100/100
|turn|1
|
|t:|1785072168
|detailschange|p1a: Gengar|Gengar-Mega, L50, M
|-mega|p1a: Gengar|Gengar|Gengarite
|detailschange|p2a: Gengar|Gengar-Mega, L50, F
|-mega|p2a: Gengar|Gengar|Gengarite
|move|p1b: Kingambit|Sucker Punch|p2b: Annihilape
|-damage|p2b: Annihilape|38/100
|move|p1a: Gengar|Shadow Ball|p2a: Gengar
|-supereffective|p2a: Gengar|1
|-damage|p2a: Gengar|4/100
|move|p2a: Gengar|Shadow Ball|p1a: Gengar
|-supereffective|p1a: Gengar|1
|-damage|p1a: Gengar|0 fnt
|faint|p1a: Gengar
|move|p2b: Annihilape|Close Combat|p1b: Kingambit
|-supereffective|p1b: Kingambit|2
|-damage|p1b: Kingambit|0 fnt
|-unboost|p2b: Annihilape|def|1
|-unboost|p2b: Annihilape|spd|1
|faint|p1b: Kingambit
|
|upkeep
|
|t:|1785072182
|switch|p1a: Incineroar|Incineroar, L50, F|100/100
|switch|p1b: Ninetales|Ninetales-Alola, L50, M|100/100
|-weather|Snowscape|[from] ability: Snow Warning|[of] p1b: Ninetales
|-ability|p1a: Incineroar|Intimidate|boost
|-unboost|p2a: Gengar|atk|1
|-unboost|p2b: Annihilape|atk|1
|-ability|p2b: Annihilape|Defiant|boost
|-boost|p2b: Annihilape|atk|2
|turn|2
|
|t:|1785072191
|switch|p2b: Incineroar|Incineroar, L50, M|100/100
|-ability|p2b: Incineroar|Intimidate|boost
|-unboost|p1a: Incineroar|atk|1
|-unboost|p1b: Ninetales|atk|1
|move|p2a: Gengar|Protect|p2a: Gengar
|-singleturn|p2a: Gengar|Protect
|move|p1b: Ninetales|Blizzard|p2b: Incineroar|[spread] p2b
|-activate|p2a: Gengar|move: Protect
|-resisted|p2b: Incineroar|1
|-damage|p2b: Incineroar|86/100
|move|p1a: Incineroar|Flare Blitz|p2a: Gengar
|-activate|p2a: Gengar|move: Protect
|
|-weather|Snowscape|[upkeep]
|upkeep
|turn|3
|
|t:|1785072208
|move|p1b: Ninetales|Protect|p1b: Ninetales
|-singleturn|p1b: Ninetales|Protect
|move|p2b: Incineroar|Fake Out|p1b: Ninetales
|-activate|p1b: Ninetales|move: Protect
|move|p2a: Gengar|Perish Song|p2a: Gengar
|-start|p1a: Incineroar|perish3|[silent]
|-start|p1b: Ninetales|perish3|[silent]
|-start|p2a: Gengar|perish3|[silent]
|-start|p2b: Incineroar|perish3|[silent]
|-fieldactivate|move: Perish Song
|move|p1a: Incineroar|Flare Blitz|p2a: Gengar
|-damage|p2a: Gengar|0 fnt
|faint|p2a: Gengar
|-damage|p1a: Incineroar|99/100|[from] Recoil
|
|-weather|Snowscape|[upkeep]
|-heal|p1a: Incineroar|100/100|[from] item: Leftovers
|-start|p1b: Ninetales|perish3
|-start|p1a: Incineroar|perish3
|-start|p2b: Incineroar|perish3
|upkeep
|
|t:|1785072211
|switch|p2a: Archaludon|Archaludon, L50, M|100/100
|turn|4
|
|t:|1785072222
|move|p1b: Ninetales|Blizzard|p2a: Archaludon|[spread] p2a,p2b
|-resisted|p2b: Incineroar|1
|-damage|p2a: Archaludon|66/100
|-damage|p2b: Incineroar|72/100
|-ability|p2a: Archaludon|Stamina|boost
|-boost|p2a: Archaludon|def|1
|move|p2a: Archaludon|Flash Cannon|p1b: Ninetales
|-supereffective|p1b: Ninetales|2
|-damage|p1b: Ninetales|0 fnt
|faint|p1b: Ninetales
|move|p1a: Incineroar|Flare Blitz|p2a: Archaludon
|-damage|p2a: Archaludon|49/100
|-status|p2a: Archaludon|brn
|-ability|p2a: Archaludon|Stamina|boost
|-boost|p2a: Archaludon|def|1
|-damage|p1a: Incineroar|94/100|[from] Recoil
|move|p2b: Incineroar|Parting Shot|p1a: Incineroar
|-unboost|p1a: Incineroar|atk|1
|-unboost|p1a: Incineroar|spa|1
|
|t:|1785072230
|switch|p2b: Annihilape|Annihilape, L50, M|38/100|[from] Parting Shot
|
|-weather|Snowscape|[upkeep]
|-heal|p2a: Archaludon|55/100 brn|[from] item: Leftovers
|-heal|p1a: Incineroar|100/100|[from] item: Leftovers
|-damage|p2a: Archaludon|49/100 brn|[from] brn
|-start|p1a: Incineroar|perish2
|upkeep
|turn|5
|
|t:|1785072240
|move|p2b: Annihilape|Close Combat|p1a: Incineroar
|-supereffective|p1a: Incineroar|1
|-damage|p1a: Incineroar|15/100
|-unboost|p2b: Annihilape|def|1
|-unboost|p2b: Annihilape|spd|1
|move|p2a: Archaludon|Dragon Pulse|p1a: Incineroar
|-damage|p1a: Incineroar|0 fnt
|faint|p1a: Incineroar
|
|win|DamoVGC
||ecarry is ready for game 2.
||DamoVGC is ready for game 2.
|uhtml|next|Next: Game 2 of 3
