|j|☆DewosZz
|j|☆rusted warrior
|html|DewosZzrusted warrior    
|uhtml|bestof|Game 2 of a best-of-3
|t:|1757629619
|gametype|doubles
|player|p1|DewosZz|170|1127
|player|p2|rusted warrior|miku-ghost|1224
|gen|9
|tier|[Gen 9] VGC 2025 Reg H (Bo3)
|rated|
|rule|Species Clause: Limit one of each Pokémon
|rule|Item Clause: Limit 1 of each item
|clearpoke
|poke|p1|Dragonite, L50, F|
|poke|p1|Gholdengo, L50|
|poke|p1|Maushold, L50|
|poke|p1|Annihilape, L50, M|
|poke|p1|Ursaluna-Bloodmoon, L50, M|
|poke|p1|Rillaboom, L50, F|
|poke|p2|Gholdengo, L50|
|poke|p2|Incineroar, L50, M|
|poke|p2|Amoonguss, L50, F|
|poke|p2|Porygon2, L50|
|poke|p2|Ursaluna, L50, M|
|poke|p2|Dragonite, L50, M|
|teampreview|4
|showteam|p1|Dragonite||LoadedDice|Multiscale|ScaleShot,Tailwind,Haze,Protect|||F|||50|,,,,,Fairy]Gholdengo||LifeOrb|GoodasGold|MakeItRain,ShadowBall,NastyPlot,Protect||||||50|,,,,,Water]Maushold||SafetyGoggles|FriendGuard|FollowMe,Protect,BeatUp,SuperFang||||||50|,,,,,Ghost]Annihilape||Leftovers|Defiant|RageFist,DrainPunch,BulkUp,Protect|||M|||50|,,,,,Fire]Ursaluna-Bloodmoon||AssaultVest|MindsEye|BloodMoon,HyperVoice,EarthPower,VacuumWave|||M|||50|,,,,,Water]Rillaboom||MiracleSeed|GrassySurge|WoodHammer,GrassyGlide,FakeOut,HighHorsepower|||F|||50|,,,,,Fire
|showteam|p2|Gholdengo||LifeOrb|GoodasGold|MakeItRain,ShadowBall,NastyPlot,Protect||||||50|,,,,,Water]Incineroar||SafetyGoggles|Intimidate|KnockOff,FlareBlitz,FakeOut,PartingShot|||M|||50|,,,,,Ghost]Amoonguss||CovertCloak|Regenerator|RagePowder,PollenPuff,Protect,Spore|||F|||50|,,,,,Dark]Porygon2||Eviolite|Download|TeraBlast,IceBeam,TrickRoom,Recover||||||50|,,,,,Fighting]Ursaluna||FlameOrb|Guts|Facade,Earthquake,HeadlongRush,Protect|||M|||50|,,,,,Ghost]Dragonite||LoadedDice|Multiscale|ScaleShot,Tailwind,Protect,Haze|||M|||50|,,,,,Fairy
|
|t:|1757629672
|teamsize|p1|4
|teamsize|p2|4
|start
|switch|p1a: Gholdengo|Gholdengo, L50|100/100
|switch|p1b: Annihilape|Annihilape, L50, M|100/100
|switch|p2a: Amoonguss|Amoonguss, L50, F, shiny|100/100
|switch|p2b: Gholdengo|Gholdengo, L50|100/100
|turn|1
|
|t:|1757629689
|switch|p1b: Rillaboom|Rillaboom, L50, F|100/100
|-fieldstart|move: Grassy Terrain|[from] ability: Grassy Surge|[of] p1b: Rillaboom
|move|p1a: Gholdengo|Protect|p1a: Gholdengo
|-singleturn|p1a: Gholdengo|Protect
|move|p2b: Gholdengo|Nasty Plot|p2b: Gholdengo
|-boost|p2b: Gholdengo|spa|2
|move|p2a: Amoonguss|Spore|p1b: Rillaboom
|-immune|p1b: Rillaboom
|
|upkeep
|turn|2
|
|t:|1757629728
|switch|p2a: Dragonite|Dragonite, L50, M, shiny|100/100
|-terastallize|p1a: Gholdengo|Water
|move|p1b: Rillaboom|Grassy Glide|p2b: Gholdengo
|-resisted|p2b: Gholdengo
|-damage|p2b: Gholdengo|78/100
|move|p1a: Gholdengo|Shadow Ball|p2b: Gholdengo
|-supereffective|p2b: Gholdengo
|-damage|p2b: Gholdengo|0 fnt
|faint|p2b: Gholdengo
|-damage|p1a: Gholdengo|91/100|[from] item: Life Orb
|
|-heal|p1a: Gholdengo|97/100|[from] Grassy Terrain
|upkeep
|
|t:|1757629742
|switch|p2b: Ursaluna|Ursaluna, L50, M|100/100
|turn|3
|
|t:|1757629749
|move|p2b: Ursaluna|Protect|p2b: Ursaluna
|-singleturn|p2b: Ursaluna|Protect
|move|p1b: Rillaboom|Grassy Glide|p2a: Dragonite
|-resisted|p2a: Dragonite
|-damage|p2a: Dragonite|94/100
|move|p1a: Gholdengo|Make It Rain|p2a: Dragonite|[spread] p2a
|-activate|p2b: Ursaluna|move: Protect
|-damage|p2a: Dragonite|33/100
|-unboost|p1a: Gholdengo|spa|1
|-damage|p1a: Gholdengo|87/100|[from] item: Life Orb
|move|p2a: Dragonite|Tailwind|p2a: Dragonite
|-sidestart|p2: rusted warrior|move: Tailwind
|
|-heal|p1a: Gholdengo|93/100|[from] Grassy Terrain
|-status|p2b: Ursaluna|brn|[from] item: Flame Orb
|upkeep
|turn|4
|
|t:|1757629772
|-terastallize|p2b: Ursaluna|Ghost
|move|p1b: Rillaboom|Grassy Glide|p2b: Ursaluna
|-damage|p2b: Ursaluna|66/100 brn
|move|p2a: Dragonite|Scale Shot|p1b: Rillaboom
|-damage|p1b: Rillaboom|87/100
|-damage|p1b: Rillaboom|74/100
|-damage|p1b: Rillaboom|60/100
|-damage|p1b: Rillaboom|46/100
|-damage|p1b: Rillaboom|31/100
|-hitcount|p1b: Rillaboom|5
|-unboost|p2a: Dragonite|def|1
|-boost|p2a: Dragonite|spe|1
|move|p2b: Ursaluna|Facade|p1a: Gholdengo
|-damage|p1a: Gholdengo|0 fnt
|faint|p1a: Gholdengo
|
|-heal|p2b: Ursaluna|72/100 brn|[from] Grassy Terrain
|-heal|p1b: Rillaboom|37/100|[from] Grassy Terrain
|-damage|p2b: Ursaluna|66/100 brn|[from] brn
|upkeep
|
|t:|1757629789
|switch|p1a: Annihilape|Annihilape, L50, M|100/100
|turn|5
|
|t:|1757629801
|move|p2a: Dragonite|Protect|p2a: Dragonite
|-singleturn|p2a: Dragonite|Protect
|move|p1b: Rillaboom|Grassy Glide|p2b: Ursaluna
|-damage|p2b: Ursaluna|30/100 brn
|move|p2b: Ursaluna|Headlong Rush|p1a: Annihilape
|-damage|p1a: Annihilape|0 fnt
|-unboost|p2b: Ursaluna|def|1
|-unboost|p2b: Ursaluna|spd|1
|faint|p1a: Annihilape
|
|-heal|p2b: Ursaluna|35/100 brn|[from] Grassy Terrain
|-heal|p1b: Rillaboom|43/100|[from] Grassy Terrain
|-damage|p2b: Ursaluna|30/100 brn|[from] brn
|-fieldend|move: Grassy Terrain
|upkeep
|
|t:|1757629809
|switch|p1a: Ursaluna|Ursaluna-Bloodmoon, L50, M|100/100
|turn|6
|
|t:|1757629830
|switch|p2b: Amoonguss|Amoonguss, L50, F, shiny|100/100
|move|p1a: Ursaluna|Vacuum Wave|p2b: Amoonguss
|-resisted|p2b: Amoonguss
|-damage|p2b: Amoonguss|94/100
|move|p2a: Dragonite|Scale Shot|p1b: Rillaboom
|-damage|p1b: Rillaboom|28/100
|-damage|p1b: Rillaboom|13/100
|-damage|p1b: Rillaboom|0 fnt
|faint|p1b: Rillaboom
|-hitcount|p1: Rillaboom|3
|-unboost|p2a: Dragonite|def|1
|-boost|p2a: Dragonite|spe|1
|
|-sideend|p2: rusted warrior|move: Tailwind
|upkeep
|turn|7
|
|t:|1757629846
|move|p2a: Dragonite|Protect|p2a: Dragonite
|-singleturn|p2a: Dragonite|Protect
|move|p1a: Ursaluna|Blood Moon|p2b: Amoonguss
|-damage|p2b: Amoonguss|31/100
|move|p2b: Amoonguss|Spore|p1a: Ursaluna
|-status|p1a: Ursaluna|slp|[from] move: Spore
|
|upkeep
|turn|8
|
|t:|1757629858
|move|p2a: Dragonite|Scale Shot|p1a: Ursaluna
|-damage|p1a: Ursaluna|90/100 slp
|-damage|p1a: Ursaluna|80/100 slp
|-damage|p1a: Ursaluna|70/100 slp
|-damage|p1a: Ursaluna|60/100 slp
|-hitcount|p1a: Ursaluna|4
|-unboost|p2a: Dragonite|def|1
|-boost|p2a: Dragonite|spe|1
|cant|p1a: Ursaluna|slp
|move|p2b: Amoonguss|Pollen Puff|p2a: Dragonite
|-heal|p2a: Dragonite|83/100
|
|upkeep
|turn|9
|
|t:|1757629875
|switch|p2a: Ursaluna|Ursaluna, L50, M, tera:Ghost|30/100 brn
|cant|p1a: Ursaluna|slp
|move|p2b: Amoonguss|Pollen Puff|p2a: Ursaluna
|-heal|p2a: Ursaluna|79/100 brn
|
|-damage|p2a: Ursaluna|74/100 brn|[from] brn
|upkeep
|turn|10
|
|t:|1757629889
|move|p2b: Amoonguss|Protect|p2b: Amoonguss
|-singleturn|p2b: Amoonguss|Protect
|move|p2a: Ursaluna|Facade|p1a: Ursaluna
|-damage|p1a: Ursaluna|0 fnt
|faint|p1a: Ursaluna
|
|win|rusted warrior
||DewosZz is ready for game 3.
||rusted warrior is ready for game 3.
|uhtml|next|Next: Game 3 of 3
|l|☆DewosZz
|player|p1|
