|j|☆xflecha
|j|☆Agf79
|html|xflechaAgf79    
|uhtml|bestof|Game 3 of a best-of-3
|t:|1784381843
|gametype|doubles
|player|p1|xflecha|elesa|1257
|player|p2|Agf79|101|1242
|gen|9
|tier|[Gen 9 Champions] VGC 2026 Reg M-B (Bo3)
|rated|
|rule|Species Clause: Limit one of each Pokémon
|rule|Item Clause: Limit 1 of each item
|clearpoke
|poke|p1|Charizard, L50, F|
|poke|p1|Kingambit, L50, F|
|poke|p1|Sylveon, L50, M|
|poke|p1|Garchomp, L50, M|
|poke|p1|Aerodactyl, L50, M|
|poke|p1|Farigiraf, L50, F|
|poke|p2|Staraptor, L50, M|
|poke|p2|Gholdengo, L50|
|poke|p2|Sylveon, L50, F, shiny|
|poke|p2|Garchomp, L50, M|
|poke|p2|Sinistcha, L50|
|poke|p2|Grimmsnarl, L50, M|
|teampreview|4
|showteam|p1|Charizard||CharizarditeY|SolarPower|Protect,HeatWave,SolarBeam,WeatherBall|Modest||F|||50|]Kingambit||FocusSash|Defiant|IronHead,SuckerPunch,KowtowCleave,LowKick|Adamant||F|||50|]Sylveon||FairyFeather|Pixilate|Detect,HyperVoice,HyperBeam,QuickAttack|Modest||M|||50|]Garchomp||LifeOrb|RoughSkin|Protect,DragonClaw,Earthquake,RockSlide|Jolly||M|||50|]Aerodactyl||Aerodactylite|Unnerve|IceFang,RockSlide,Tailwind,DualWingbeat|Jolly||M|||50|]Farigiraf||SitrusBerry|ArmorTail|TrickRoom,Psychic,Thunderbolt,Roar|Bold||F|||50|
|showteam|p2|Staraptor||Staraptite|Intimidate|CloseCombat,BraveBird,Tailwind,Protect|Jolly||M|||50|]Gholdengo||Leftovers|GoodasGold|MakeItRain,ShadowBall,NastyPlot,Protect|Modest|||||50|]Sylveon||FairyFeather|Pixilate|HyperVoice,Detect,HyperBeam,QuickAttack|Modest||F|||50|]Garchomp||LifeOrb|RoughSkin|Earthquake,Protect,DragonClaw,RockSlide|Adamant||M|||50|]Sinistcha||SitrusBerry|Hospitality|MatchaGotcha,RagePowder,TrickRoom,LifeDew|Calm|||||50|]Grimmsnarl||LightClay|Prankster|Reflect,LightScreen,PartingShot,FoulPlay|Calm||M|||50|
|
|t:|1784381850
|teamsize|p1|4
|teamsize|p2|4
|start
|switch|p1a: Aerodactyl|Aerodactyl, L50, M|100/100
|switch|p1b: Sylveon|Sylveon, L50, M|100/100
|switch|p2a: Staraptor|Staraptor, L50, M|100/100
|switch|p2b: Garchomp|Garchomp, L50, M|100/100
|-ability|p1a: Aerodactyl|Unnerve
|-ability|p2a: Staraptor|Intimidate|boost
|-unboost|p1a: Aerodactyl|atk|1
|-unboost|p1b: Sylveon|atk|1
|turn|1
|
|t:|1784381872
|detailschange|p1a: Aerodactyl|Aerodactyl-Mega, L50, M
|-mega|p1a: Aerodactyl|Aerodactyl|Aerodactylite
|detailschange|p2a: Staraptor|Staraptor-Mega, L50, M
|-mega|p2a: Staraptor|Staraptor|Staraptite
|move|p1a: Aerodactyl|Tailwind|p1a: Aerodactyl
|-sidestart|p1: xflecha|move: Tailwind
|move|p1b: Sylveon|Hyper Voice|p2a: Staraptor|[spread] p2a,p2b
|-supereffective|p2a: Staraptor|1
|-supereffective|p2b: Garchomp|1
|-damage|p2a: Staraptor|1/100
|-damage|p2b: Garchomp|1/100
|move|p2a: Staraptor|Tailwind|p2a: Staraptor
|-sidestart|p2: Agf79|move: Tailwind
|move|p2b: Garchomp|Rock Slide|p1b: Sylveon|[spread] p1a,p1b
|-supereffective|p1a: Aerodactyl|1
|-damage|p1a: Aerodactyl|46/100
|-damage|p1b: Sylveon|71/100
|-damage|p2b: Garchomp|0 fnt|[from] item: Life Orb
|faint|p2b: Garchomp
|
|upkeep
|inactive|Battle timer is ON: inactive players will automatically lose when time's up. (requested by xflecha)
|
|t:|1784381897
|switch|p2b: Sinistcha|Sinistcha, L50|100/100
|-heal|p2a: Staraptor|26/100|[from] ability: Hospitality|[of] p2b: Sinistcha
|turn|2
|
|t:|1784381909
|move|p2a: Staraptor|Protect|p2a: Staraptor
|-singleturn|p2a: Staraptor|Protect
|move|p1a: Aerodactyl|Dual Wingbeat|p2a: Staraptor
|-activate|p2a: Staraptor|move: Protect
|move|p1b: Sylveon|Hyper Voice|p2a: Staraptor|[spread] p2b
|-activate|p2a: Staraptor|move: Protect
|-damage|p2b: Sinistcha|60/100
|move|p2b: Sinistcha|Matcha Gotcha|p1b: Sylveon|[spread] p1a,p1b
|-damage|p1a: Aerodactyl|22/100
|-heal|p2b: Sinistcha|72/100|[from] drain|[of] p1a: Aerodactyl
|-damage|p1b: Sylveon|51/100
|-heal|p2b: Sinistcha|82/100|[from] drain|[of] p1b: Sylveon
|-status|p1b: Sylveon|brn
|
|-damage|p1b: Sylveon|45/100 brn|[from] brn
|upkeep
|turn|3
|inactive|xflecha has 30 seconds left.
|
|t:|1784381938
|switch|p2a: Sylveon|Sylveon, L50, F, shiny|100/100
|move|p1a: Aerodactyl|Dual Wingbeat|p2a: Sylveon|[miss]
|-miss|p1a: Aerodactyl|p2a: Sylveon
|move|p1b: Sylveon|Hyper Beam|p2a: Sylveon
|-damage|p2a: Sylveon|13/100
|-mustrecharge|p1b: Sylveon
|move|p2b: Sinistcha|Trick Room|p2b: Sinistcha
|-fieldstart|move: Trick Room|[of] p2b: Sinistcha
|
|-damage|p1b: Sylveon|39/100 brn|[from] brn
|upkeep
|turn|4
|
|t:|1784381951
|switch|p1a: Farigiraf|Farigiraf, L50, F|100/100
|move|p2a: Sylveon|Hyper Voice|p1b: Sylveon|[spread] p1a,p1b
|-damage|p1a: Farigiraf|56/100
|-damage|p1b: Sylveon|1/100 brn
|move|p2b: Sinistcha|Life Dew|p2b: Sinistcha|[spread] p2a,p2b
|-heal|p2a: Sylveon|38/100
|-heal|p2b: Sinistcha|100/100
|cant|p1b: Sylveon|recharge
|
|-damage|p1b: Sylveon|0 fnt|[from] brn
|faint|p1b: Sylveon
|-sideend|p2: Agf79|move: Tailwind
|-sideend|p1: xflecha|move: Tailwind
|upkeep
|
|t:|1784381957
|switch|p1b: Kingambit|Kingambit, L50, F|100/100
|turn|5
|
|t:|1784381971
|move|p2a: Sylveon|Hyper Beam|p1b: Kingambit
|-enditem|p1b: Kingambit|Focus Sash
|-damage|p1b: Kingambit|1/100
|-mustrecharge|p2a: Sylveon
|move|p2b: Sinistcha|Matcha Gotcha|p1a: Farigiraf|[spread] p1a,p1b
|-resisted|p1b: Kingambit|1
|-damage|p1a: Farigiraf|34/100
|-damage|p1b: Kingambit|0 fnt
|-enditem|p1a: Farigiraf|Sitrus Berry|[eat]
|-heal|p1a: Farigiraf|59/100|[from] item: Sitrus Berry
|faint|p1b: Kingambit
|move|p1a: Farigiraf|Roar|p2b: Sinistcha
|drag|p2b: Staraptor|Staraptor-Mega, L50, M|26/100
|
|upkeep
|
|t:|1784381974
|switch|p1b: Aerodactyl|Aerodactyl-Mega, L50, M|22/100
|turn|6
|
|t:|1784381990
|move|p1a: Farigiraf|Psychic|p2b: Staraptor
|-supereffective|p2b: Staraptor|1
|-damage|p2b: Staraptor|0 fnt
|faint|p2b: Staraptor
|cant|p2a: Sylveon|recharge
|move|p1b: Aerodactyl|Dual Wingbeat|p2a: Sylveon
|-damage|p2a: Sylveon|10/100
|-damage|p2a: Sylveon|0 fnt
|faint|p2a: Sylveon
|-hitcount|p2: Sylveon|2
|
|upkeep
|
|t:|1784381993
|switch|p2a: Sinistcha|Sinistcha, L50|100/100
|turn|7
|
|t:|1784382005
|move|p1a: Farigiraf|Psychic|p2a: Sinistcha
|-damage|p2a: Sinistcha|67/100
|move|p2a: Sinistcha|Matcha Gotcha|p1b: Aerodactyl|[spread] p1a,p1b
|-damage|p1a: Farigiraf|37/100
|-heal|p2a: Sinistcha|81/100|[from] drain|[of] p1a: Farigiraf
|-damage|p1b: Aerodactyl|0 fnt
|-heal|p2a: Sinistcha|92/100|[from] drain|[of] p1b: Aerodactyl
|faint|p1b: Aerodactyl
|
|-fieldend|move: Trick Room
|upkeep
|turn|8
|
|t:|1784382014
|move|p2a: Sinistcha|Matcha Gotcha|p1a: Farigiraf
|-damage|p1a: Farigiraf|6/100
|-heal|p2a: Sinistcha|100/100|[from] drain|[of] p1a: Farigiraf
|move|p1a: Farigiraf|Psychic|p2a: Sinistcha
|-damage|p2a: Sinistcha|67/100
|
|upkeep
|turn|9
|-message|xflecha forfeited.
|
|win|Agf79
|raw|xflecha's rating: 1257 → 1231(-26 for losing)
|raw|Agf79's rating: 1242 → 1268(+26 for winning)
|l|☆xflecha
|player|p1|
