|j|☆vpandur
|j|☆xysting
|html|vpandurxysting    
|uhtml|bestof|Game 2 of a best-of-3
|t:|1785997055
|gametype|doubles
|player|p1|vpandur|102|
|player|p2|xysting|170|
|gen|9
|tier|[Gen 9 Champions] VGC 2026 Reg M-B (Bo3)
|rule|Species Clause: Limit one of each Pokémon
|rule|Item Clause: Limit 1 of each item
|clearpoke
|poke|p1|Incineroar, L50, M|
|poke|p1|Palafin, L50, M|
|poke|p1|Floette-Eternal, L50, F|
|poke|p1|Rotom-Fan, L50|
|poke|p1|Chesnaught, L50, F|
|poke|p1|Ariados, L50, M|
|poke|p2|Metagross, L50|
|poke|p2|Excadrill, L50, M|
|poke|p2|Mamoswine, L50, M|
|poke|p2|Raichu, L50, F|
|poke|p2|Charizard, L50, M|
|poke|p2|Abomasnow, L50, F|
|teampreview|4
|showteam|p1|Incineroar||Leftovers|Intimidate|FakeOut,FlareBlitz,PartingShot,Protect|Adamant||M|||50|]Palafin||MysticWater|ZerotoHero|WaveCrash,JetPunch,FlipTurn,Protect|Jolly||M|||50|]Floette-Eternal||Floettite|FlowerVeil|CalmMind,DazzlingGleam,DrainingKiss,Protect|Modest||F|||50|]Rotom-Fan||LifeOrb|Levitate|AirSlash,Discharge,Protect,WillOWisp|Timid|||||50|]Chesnaught||CobaBerry|Bulletproof|BodyPress,SpikyShield,SeedBomb,BulkUp|Careful||F|||50|]Ariados||FocusSash|Insomnia|RagePowder,SunnyDay,StickyWeb,Protect|Careful||M|||50|
|showteam|p2|Metagross||Metagrossite|ClearBody|Earthquake,BodySlam,HammerArm,IcePunch|Adamant|||||50|]Excadrill||Excadrite|SandRush|FocusBlast,IronHead,RockBlast,ThroatChop|Adamant||M|||50|]Mamoswine||FocusSash|Oblivious|Avalanche,HeavySlam,IcicleSpear,Trailblaze|Careful||M|||50|]Raichu||ChoiceScarf|Static|Facade,DrainingKiss,FocusBlast,Thunder|Gentle||F|||50|]Charizard||Leftovers|Blaze|AirSlash,DragonClaw,FlareBlitz,IronTail|Hasty||M|||50|]Abomasnow||MentalHerb|SnowWarning|GigaDrain,WeatherBall,BodySlam,IceBeam|Quiet||F|||50|
|
|t:|1785997064
|teamsize|p1|4
|teamsize|p2|4
|start
|switch|p1a: Incineroar|Incineroar, L50, M|100/100
|switch|p1b: Palafin|Palafin, L50, M|100/100
|switch|p2a: Mamoswine|Mamoswine, L50, M|100/100
|switch|p2b: Excadrill|Excadrill, L50, M|100/100
|-ability|p1a: Incineroar|Intimidate|boost
|-fail|p2a: Mamoswine|unboost|Attack|[from] ability: Oblivious|[of] p2a: Mamoswine
|-unboost|p2b: Excadrill|atk|1
|turn|1
|
|t:|1785997097
|move|p1a: Incineroar|Fake Out|p2a: Mamoswine
|-damage|p2a: Mamoswine|87/100
|move|p1b: Palafin|Flip Turn|p2b: Excadrill
|-supereffective|p2b: Excadrill|1
|-damage|p2b: Excadrill|33/100
|
|t:|1785997103
|detailschange|p1b: Palafin|Palafin-Hero, L50, M
|switch|p1b: Chesnaught|Chesnaught, L50, F|100/100|[from] Flip Turn
|move|p2b: Excadrill|Rock Blast|p1a: Incineroar
|-supereffective|p1a: Incineroar|1
|-damage|p1a: Incineroar|88/100
|-supereffective|p1a: Incineroar|1
|-damage|p1a: Incineroar|76/100
|-supereffective|p1a: Incineroar|1
|-damage|p1a: Incineroar|63/100
|-hitcount|p1a: Incineroar|3
|cant|p2a: Mamoswine|flinch
|
|-heal|p1a: Incineroar|69/100|[from] item: Leftovers
|upkeep
|turn|2
|
|t:|1785997124
|move|p2b: Excadrill|Focus Blast|p1a: Incineroar
|-supereffective|p1a: Incineroar|1
|-damage|p1a: Incineroar|37/100
|move|p2a: Mamoswine|Icicle Spear|p1b: Chesnaught
|-supereffective|p1b: Chesnaught|1
|-damage|p1b: Chesnaught|81/100
|-supereffective|p1b: Chesnaught|1
|-damage|p1b: Chesnaught|65/100
|-hitcount|p1b: Chesnaught|2
|move|p1b: Chesnaught|Body Press|p2b: Excadrill
|-supereffective|p2b: Excadrill|1
|-damage|p2b: Excadrill|0 fnt
|faint|p2b: Excadrill
|move|p1a: Incineroar|Flare Blitz|p2a: Mamoswine
|-supereffective|p2a: Mamoswine|1
|-damage|p2a: Mamoswine|0 fnt
|faint|p2a: Mamoswine
|-damage|p1a: Incineroar|6/100|[from] Recoil
|
|-heal|p1a: Incineroar|12/100|[from] item: Leftovers
|upkeep
|
|t:|1785997142
|switch|p2b: Metagross|Metagross, L50|100/100
|switch|p2a: Charizard|Charizard, L50, M|100/100
|turn|3
|
|t:|1785997160
|detailschange|p2b: Metagross|Metagross-Mega, L50
|-mega|p2b: Metagross|Metagross|Metagrossite
|move|p1b: Chesnaught|Spiky Shield|p1b: Chesnaught
|-singleturn|p1b: Chesnaught|move: Protect
|move|p2a: Charizard|Air Slash|p1b: Chesnaught
|-activate|p1b: Chesnaught|move: Protect
|move|p2b: Metagross|Hammer Arm|p1a: Incineroar
|-supereffective|p1a: Incineroar|1
|-damage|p1a: Incineroar|0 fnt
|-unboost|p2b: Metagross|spe|1
|faint|p1a: Incineroar
|
|upkeep
|
|t:|1785997168
|switch|p1a: Palafin|Palafin-Hero, L50, M|100/100
|-activate|p1a: Palafin|ability: Zero to Hero
|turn|4
|
|t:|1785997183
|move|p1a: Palafin|Jet Punch|p2a: Charizard
|-supereffective|p2a: Charizard|1
|-damage|p2a: Charizard|0 fnt
|faint|p2a: Charizard
|move|p2b: Metagross|Body Slam|p1a: Palafin
|-damage|p1a: Palafin|57/100
|move|p1b: Chesnaught|Body Press|p2b: Metagross
|-damage|p2b: Metagross|79/100
|
|upkeep
|turn|5
|
|t:|1785997198
|move|p1a: Palafin|Wave Crash|p2b: Metagross
|-damage|p2b: Metagross|24/100
|-damage|p1a: Palafin|38/100|[from] Recoil
|move|p2b: Metagross|Ice Punch|p1b: Chesnaught
|-supereffective|p1b: Chesnaught|1
|-damage|p1b: Chesnaught|8/100
|move|p1b: Chesnaught|Body Press|p2b: Metagross
|-damage|p2b: Metagross|1/100
|
|upkeep
|turn|6
|
|t:|1785997212
|move|p1a: Palafin|Wave Crash|p2b: Metagross
|-damage|p2b: Metagross|0 fnt
|faint|p2b: Metagross
|-damage|p1a: Palafin|37/100|[from] Recoil
|
|win|vpandur
