|j|☆edenatwork
|j|☆NETDlDO
|html|edenatworkNETDlDO    
|uhtml|bestof|Game 3 of a best-of-3
|t:|1786041900
|gametype|doubles
|player|p1|edenatwork|backersf|1118
|player|p2|NETDlDO|bruno|1025
|gen|9
|tier|[Gen 9 Champions] VGC 2026 Reg M-B (Bo3)
|rated|
|rule|Species Clause: Limit one of each Pokémon
|rule|Item Clause: Limit 1 of each item
|clearpoke
|poke|p1|Incineroar, L50, M|
|poke|p1|Garchomp, L50, F|
|poke|p1|Sinistcha, L50|
|poke|p1|Kingambit, L50, M|
|poke|p1|Sneasler, L50, M|
|poke|p1|Gardevoir, L50, M|
|poke|p2|Pelipper, L50, F|
|poke|p2|Gholdengo, L50|
|poke|p2|Raichu, L50, F|
|poke|p2|Sylveon, L50, F|
|poke|p2|Aerodactyl, L50, F|
|poke|p2|Maushold, L50|
|teampreview|4
|showteam|p1|Incineroar||SitrusBerry|Intimidate|HelpingHand,FlareBlitz,FakeOut,PartingShot|Careful||M|||50|]Garchomp||Garchompite|RoughSkin|RockSlide,Protect,DragonClaw,StompingTantrum|Jolly||F|||50|]Sinistcha||CobaBerry|Hospitality|MatchaGotcha,RagePowder,Protect,TrickRoom|Calm|||||50|]Kingambit||ChopleBerry|Defiant|KowtowCleave,Protect,IronHead,SuckerPunch|Adamant||M|||50|]Sneasler||FocusSash|PoisonTouch|DireClaw,Coaching,FakeOut,CloseCombat|Jolly||M|||50|]Gardevoir||Gardevoirite|Trace|HyperVoice,Psychic,Protect,CalmMind|Modest||M|||50|
|showteam|p2|Pelipper||DampRock|Drizzle|Hurricane,WeatherBall,Protect,Tailwind|Timid||F|||50|]Gholdengo||LifeOrb|GoodasGold|MakeItRain,ShadowBall,NastyPlot,Protect|Modest|||||50|]Raichu||RaichuniteY|Static|FocusBlast,FakeOut,ZapCannon,Protect|Timid||F|||50|]Sylveon||FairyFeather|Pixilate|HyperVoice,HyperBeam,Protect,QuickAttack|Modest||F|||50|]Aerodactyl||FocusSash|Unnerve|Tailwind,RockSlide,DualWingbeat,Protect|Jolly||F|||50|]Maushold||WideLens|FriendGuard|PopulationBomb,Taunt,FollowMe,SuperFang|Jolly|||||50|
|inactive|Battle timer is ON: inactive players will automatically lose when time's up. (requested by edenatwork)
|
|t:|1786041930
|teamsize|p1|4
|teamsize|p2|4
|start
|switch|p1a: Kingambit|Kingambit, L50, M|100/100
|switch|p1b: Incineroar|Incineroar, L50, M|100/100
|switch|p2a: Gholdengo|Gholdengo, L50|100/100
|switch|p2b: Maushold|Maushold, L50|100/100
|-ability|p1b: Incineroar|Intimidate|boost
|-unboost|p2a: Gholdengo|atk|1
|-unboost|p2b: Maushold|atk|1
|turn|1
|inactive|edenatwork has 30 seconds left.
|inactive|NETDlDO has 30 seconds left.
|
|t:|1786041957
|move|p2a: Gholdengo|Protect|p2a: Gholdengo
|-singleturn|p2a: Gholdengo|Protect
|move|p2b: Maushold|Super Fang|p1a: Kingambit
|-damage|p1a: Kingambit|50/100g
|move|p1b: Incineroar|Flare Blitz|p2a: Gholdengo
|-activate|p2a: Gholdengo|move: Protect
|move|p1a: Kingambit|Kowtow Cleave|p2a: Gholdengo
|-activate|p2a: Gholdengo|move: Protect
|
|upkeep
|turn|2
|inactive|NETDlDO has 30 seconds left.
|
|t:|1786041989
|switch|p2a: Raichu|Raichu, L50, F|100/100
|move|p2b: Maushold|Follow Me|p2b: Maushold
|-singleturn|p2b: Maushold|move: Follow Me
|move|p1a: Kingambit|Sucker Punch||[still]
|-fail|p1a: Kingambit
|move|p1b: Incineroar|Flare Blitz|p2b: Maushold
|-damage|p2b: Maushold|38/100
|-damage|p1b: Incineroar|81/100|[from] Recoil
|
|upkeep
|turn|3
|inactive|NETDlDO has 30 seconds left.
|
|t:|1786042023
|move|p1a: Kingambit|Protect|p1a: Kingambit
|-singleturn|p1a: Kingambit|Protect
|move|p2a: Raichu|Fake Out|p1a: Kingambit
|-activate|p1a: Kingambit|move: Protect
|move|p2b: Maushold|Population Bomb|p1b: Incineroar
|-damage|p1b: Incineroar|78/100
|-damage|p1b: Incineroar|74/100
|-damage|p1b: Incineroar|71/100
|-damage|p1b: Incineroar|67/100
|-damage|p1b: Incineroar|64/100
|-damage|p1b: Incineroar|60/100
|-damage|p1b: Incineroar|57/100
|-damage|p1b: Incineroar|53/100
|-damage|p1b: Incineroar|50/100g
|-damage|p1b: Incineroar|47/100
|-enditem|p1b: Incineroar|Sitrus Berry|[eat]
|-heal|p1b: Incineroar|71/100|[from] item: Sitrus Berry
|-hitcount|p1b: Incineroar|10
|move|p1b: Incineroar|Parting Shot|p2a: Raichu
|-unboost|p2a: Raichu|atk|1
|-unboost|p2a: Raichu|spa|1
|
|t:|1786042047
|switch|p1b: Sneasler|Sneasler, L50, M|100/100|[from] Parting Shot
|
|upkeep
|turn|4
|
|t:|1786042067
|switch|p1a: Garchomp|Garchomp, L50, F|100/100
|move|p2a: Raichu|Protect|p2a: Raichu
|-singleturn|p2a: Raichu|Protect
|move|p1b: Sneasler|Fake Out|p2a: Raichu
|-activate|p2a: Raichu|move: Protect
|move|p2b: Maushold|Population Bomb|p1b: Sneasler
|-damage|p1b: Sneasler|92/100
|-damage|p1b: Sneasler|84/100
|-damage|p1b: Sneasler|77/100
|-damage|p1b: Sneasler|69/100
|-damage|p1b: Sneasler|62/100
|-damage|p1b: Sneasler|54/100
|-damage|p1b: Sneasler|47/100
|-damage|p1b: Sneasler|40/100
|-damage|p1b: Sneasler|32/100
|-damage|p1b: Sneasler|24/100
|-hitcount|p1b: Sneasler|10
|
|upkeep
|turn|5
|inactive|edenatwork has 30 seconds left.
|inactive|NETDlDO has 30 seconds left.
|inactive|edenatwork has 20 seconds left.
|inactive|NETDlDO has 20 seconds left.
|inactive|NETDlDO has 15 seconds left.
|inactive|NETDlDO has 10 seconds left.
|inactive|NETDlDO has 5 seconds left.
|
|t:|1786042117
|switch|p2a: Aerodactyl|Aerodactyl, L50, F|100/100
|-ability|p2a: Aerodactyl|Unnerve
|detailschange|p1a: Garchomp|Garchomp-Mega, L50, F
|-mega|p1a: Garchomp|Garchomp|Garchompite
|move|p1b: Sneasler|Close Combat|p2b: Maushold
|-supereffective|p2b: Maushold|1
|-damage|p2b: Maushold|0 fnt
|-unboost|p1b: Sneasler|def|1
|-unboost|p1b: Sneasler|spd|1
|faint|p2b: Maushold
|move|p1a: Garchomp|Stomping Tantrum|p2a: Aerodactyl
|-immune|p2a: Aerodactyl
|
|upkeep
|
|t:|1786042134
|switch|p2b: Raichu|Raichu, L50, F|100/100
|turn|6
|inactive|NETDlDO has 30 seconds left.
|
|t:|1786042163
|switch|p1b: Incineroar|Incineroar, L50, M|71/100
|-ability|p1b: Incineroar|Intimidate|boost
|-unboost|p2a: Aerodactyl|atk|1
|-unboost|p2b: Raichu|atk|1
|detailschange|p2b: Raichu|Raichu-Mega-Y, L50, F
|-mega|p2b: Raichu|Raichu|Raichunite Y
|move|p1a: Garchomp|Protect|p1a: Garchomp
|-singleturn|p1a: Garchomp|Protect
|move|p2b: Raichu|Focus Blast|p1a: Garchomp
|-activate|p1a: Garchomp|move: Protect
|move|p2a: Aerodactyl|Dual Wingbeat|p1b: Incineroar
|-damage|p1b: Incineroar|61/100
|-damage|p1b: Incineroar|50/100g
|-hitcount|p1b: Incineroar|2
|
|upkeep
|turn|7
|inactive|edenatwork has 30 seconds left.
|
|t:|1786042189
|move|p2b: Raichu|Protect|p2b: Raichu
|-singleturn|p2b: Raichu|Protect
|move|p1b: Incineroar|Fake Out|p2b: Raichu
|-activate|p2b: Raichu|move: Protect
|move|p2a: Aerodactyl|Dual Wingbeat|p1b: Incineroar
|-damage|p1b: Incineroar|40/100
|-damage|p1b: Incineroar|29/100
|-hitcount|p1b: Incineroar|2
|move|p1a: Garchomp|Rock Slide|p2a: Aerodactyl|[spread] p2a
|-activate|p2b: Raichu|move: Protect
|-supereffective|p2a: Aerodactyl|1
|-damage|p2a: Aerodactyl|29/100
|
|upkeep
|turn|8
|inactive|NETDlDO has 30 seconds left.
|
|t:|1786042218
|move|p1b: Incineroar|Helping Hand|p1a: Garchomp
|-singleturn|p1a: Garchomp|Helping Hand|[of] p1b: Incineroar
|move|p2b: Raichu|Focus Blast|p1a: Garchomp
|-damage|p1a: Garchomp|52/100
|move|p2a: Aerodactyl|Tailwind|p2a: Aerodactyl
|-sidestart|p2: NETDlDO|move: Tailwind
|move|p1a: Garchomp|Rock Slide|p2b: Raichu|[spread] p2a,p2b
|-supereffective|p2a: Aerodactyl|1
|-damage|p2a: Aerodactyl|0 fnt
|-damage|p2b: Raichu|30/100
|faint|p2a: Aerodactyl
|
|upkeep
|
|t:|1786042229
|switch|p2a: Gholdengo|Gholdengo, L50|100/100
|turn|9
|inactive|NETDlDO has 30 seconds left.
|
|t:|1786042262
|move|p1a: Garchomp|Protect|p1a: Garchomp
|-singleturn|p1a: Garchomp|Protect
|move|p2b: Raichu|Focus Blast|p1b: Incineroar
|-supereffective|p1b: Incineroar|1
|-damage|p1b: Incineroar|0 fnt
|faint|p1b: Incineroar
|move|p2a: Gholdengo|Make It Rain|p1a: Garchomp
|-activate|p1a: Garchomp|move: Protect
|
|upkeep
|
|t:|1786042271
|switch|p1b: Sneasler|Sneasler, L50, M|24/100
|turn|10
|inactive|NETDlDO has 30 seconds left.
|
|t:|1786042297
|move|p2b: Raichu|Protect|p2b: Raichu
|-singleturn|p2b: Raichu|Protect
|move|p1b: Sneasler|Fake Out|p2b: Raichu
|-activate|p2b: Raichu|move: Protect
|move|p2a: Gholdengo|Shadow Ball|p1a: Garchomp
|-damage|p1a: Garchomp|0 fnt
|faint|p1a: Garchomp
|-damage|p2a: Gholdengo|90/100|[from] item: Life Orb
|
|upkeep
|
|t:|1786042309
|switch|p1a: Kingambit|Kingambit, L50, M|50/100g
|turn|11
|
|t:|1786042329
|move|p1a: Kingambit|Sucker Punch||[still]
|-fail|p1a: Kingambit
|move|p2b: Raichu|Focus Blast|p1a: Kingambit
|-supereffective|p1a: Kingambit|2
|-enditem|p1a: Kingambit|Chople Berry|[eat]
|-enditem|p1a: Kingambit|Chople Berry|[weaken]
|-damage|p1a: Kingambit|0 fnt
|faint|p1a: Kingambit
|move|p2a: Gholdengo|Nasty Plot|p2a: Gholdengo
|-boost|p2a: Gholdengo|spa|2
|move|p1b: Sneasler|Dire Claw|p2b: Raichu
|-damage|p2b: Raichu|0 fnt
|faint|p2b: Raichu
|
|-sideend|p2: NETDlDO|move: Tailwind
|upkeep
|turn|12
|c|☆edenatwork|lol welp
|-message|edenatwork forfeited.
|
|win|NETDlDO
|raw|edenatwork's rating: 1118 → 1086(-32 for losing)
|raw|NETDlDO's rating: 1025 → 1071(+46 for winning)
|l|☆edenatwork
|player|p1|
|c|☆NETDlDO|I have no idea how I am doing this
|c|☆NETDlDO|gg
