|j|☆bruGno
|j|☆sazar saifi
|html|bruGnosazar saifi    
|uhtml|bestof|Game 2 of a best-of-3
|t:|1786185825
|gametype|doubles
|player|p1|bruGno|ash-kalos|1423
|player|p2|sazar saifi|youngster-gen4dp|1320
|gen|9
|tier|[Gen 9 Champions] VGC 2026 Reg M-B (Bo3)
|rated|
|rule|Species Clause: Limit one of each Pokémon
|rule|Item Clause: Limit 1 of each item
|clearpoke
|poke|p1|Staraptor, L50, F|
|poke|p1|Arcanine-Hisui, L50, M|
|poke|p1|Kingambit, L50, M|
|poke|p1|Sylveon, L50, M|
|poke|p1|Raichu, L50, M|
|poke|p1|Farigiraf, L50, M|
|poke|p2|Sneasler, L50, F|
|poke|p2|Garchomp, L50, M|
|poke|p2|Kingambit, L50, F|
|poke|p2|Floette-Eternal, L50, F|
|poke|p2|Incineroar, L50, F|
|poke|p2|Sinistcha, L50|
|teampreview|4
|showteam|p1|Staraptor||Staraptite|Intimidate|DualWingbeat,CloseCombat,Tailwind,Protect|Jolly||F|||50|]Arcanine-Hisui||FocusSash|RockHead|FlareBlitz,HeadSmash,ExtremeSpeed,Protect|Jolly||M|||50|]Kingambit||LifeOrb|Defiant|KowtowCleave,SuckerPunch,SwordsDance,Protect|Adamant||M|||50|]Sylveon||FairyFeather|Pixilate|HyperVoice,HyperBeam,QuickAttack,Detect|Modest||M|||50|]Raichu||RaichuniteY|LightningRod|ZapCannon,FocusBlast,FakeOut,Protect|Timid||M|||50|]Farigiraf||SitrusBerry|ArmorTail|Psychic,HelpingHand,TrickRoom,Protect|Calm||M|||50|
|showteam|p2|Sneasler||FocusSash|PoisonTouch|FakeOut,Coaching,PoisonJab,CloseCombat|Adamant||F|||50|]Garchomp||Garchompite|SandVeil|Earthquake,RockSlide,StompingTantrum,Protect|Adamant||M|||50|]Kingambit||BlackGlasses|Defiant|SwordsDance,SuckerPunch,KowtowCleave,Protect|Adamant||F|||50|]Floette-Eternal||Floettite|FlowerVeil|CalmMind,DrainingKiss,DazzlingGleam,Protect|Timid||F|||50|]Incineroar||Leftovers|Intimidate|FakeOut,FlareBlitz,PartingShot,HelpingHand|Impish||F|||50|]Sinistcha||SitrusBerry|Hospitality|MatchaGotcha,RagePowder,TrickRoom,Protect|Bold|||||50|
|inactive|Battle timer is ON: inactive players will automatically lose when time's up. (requested by bruGno)
|
|t:|1786185838
|teamsize|p1|4
|teamsize|p2|4
|start
|switch|p1a: Raichu|Raichu, L50, M|100/100
|switch|p1b: Arcanine|Arcanine-Hisui, L50, M|100/100
|switch|p2a: Garchomp|Garchomp, L50, M|100/100
|switch|p2b: Sneasler|Sneasler, L50, F|100/100
|turn|1
|inactive|bruGno has 30 seconds left.
|inactive|bruGno has 20 seconds left.
|inactive|bruGno has 15 seconds left.
|inactive|bruGno has 10 seconds left.
|
|t:|1786185888
|detailschange|p1a: Raichu|Raichu-Mega-Y, L50, M
|-mega|p1a: Raichu|Raichu|Raichunite Y
|detailschange|p2a: Garchomp|Garchomp-Mega, L50, M
|-mega|p2a: Garchomp|Garchomp|Garchompite
|move|p1b: Arcanine|Protect|p1b: Arcanine
|-singleturn|p1b: Arcanine|Protect
|move|p2b: Sneasler|Fake Out|p1b: Arcanine
|-activate|p1b: Arcanine|move: Protect
|move|p1a: Raichu|Zap Cannon|p2b: Sneasler
|-damage|p2b: Sneasler|8/100
|-status|p2b: Sneasler|par
|move|p2a: Garchomp|Stomping Tantrum|p1a: Raichu
|-supereffective|p1a: Raichu|1
|-damage|p1a: Raichu|0 fnt
|faint|p1a: Raichu
|
|upkeep
|
|t:|1786185902
|switch|p1a: Sylveon|Sylveon, L50, M|100/100
|turn|2
|inactive|bruGno has 30 seconds left.
|
|t:|1786185936
|move|p2a: Garchomp|Protect|p2a: Garchomp
|-singleturn|p2a: Garchomp|Protect
|move|p1b: Arcanine|Head Smash|p2b: Sneasler
|-resisted|p2b: Sneasler|1
|-damage|p2b: Sneasler|0 fnt
|faint|p2b: Sneasler
|move|p1a: Sylveon|Hyper Voice|p2a: Garchomp
|-activate|p2a: Garchomp|move: Protect
|
|upkeep
|
|t:|1786185955
|switch|p2b: Sinistcha|Sinistcha, L50|100/100
|turn|3
|
|t:|1786185977
|switch|p2b: Incineroar|Incineroar, L50, F|100/100
|-ability|p2b: Incineroar|Intimidate|boost
|-unboost|p1a: Sylveon|atk|1
|-unboost|p1b: Arcanine|atk|1
|move|p1b: Arcanine|Flare Blitz|p2b: Incineroar
|-resisted|p2b: Incineroar|1
|-damage|p2b: Incineroar|84/100
|move|p2a: Garchomp|Stomping Tantrum|p1a: Sylveon
|-damage|p1a: Sylveon|37/100
|move|p1a: Sylveon|Hyper Voice|p2a: Garchomp|[spread] p2a,p2b
|-supereffective|p2a: Garchomp|1
|-damage|p2a: Garchomp|20/100y
|-damage|p2b: Incineroar|41/100
|
|-heal|p2b: Incineroar|47/100|[from] item: Leftovers
|upkeep
|turn|4
|inactive|bruGno has 30 seconds left.
|
|t:|1786186010
|switch|p1a: Farigiraf|Farigiraf, L50, M|100/100
|move|p2b: Incineroar|Fake Out||[still]
|cant|p1a: Farigiraf|ability: Armor Tail|Fake Out|[of] p2b: Incineroar
|move|p1b: Arcanine|Flare Blitz|p2b: Incineroar
|-resisted|p2b: Incineroar|1
|-damage|p2b: Incineroar|32/100
|move|p2a: Garchomp|Stomping Tantrum|p1a: Farigiraf
|-damage|p1a: Farigiraf|56/100
|
|-heal|p2b: Incineroar|38/100|[from] item: Leftovers
|upkeep
|turn|5
|inactive|bruGno has 30 seconds left.
|
|t:|1786186038
|switch|p2b: Sinistcha|Sinistcha, L50|100/100
|-heal|p2a: Garchomp|45/100|[from] ability: Hospitality|[of] p2b: Sinistcha
|move|p1a: Farigiraf|Helping Hand|p1b: Arcanine
|-singleturn|p1b: Arcanine|Helping Hand|[of] p1a: Farigiraf
|move|p1b: Arcanine|Flare Blitz|p2b: Sinistcha
|-supereffective|p2b: Sinistcha|1
|-damage|p2b: Sinistcha|5/100
|-enditem|p2b: Sinistcha|Sitrus Berry|[eat]
|-heal|p2b: Sinistcha|30/100|[from] item: Sitrus Berry
|move|p2a: Garchomp|Earthquake|p1b: Arcanine|[spread] p2b,p1a,p1b
|-resisted|p2b: Sinistcha|1
|-supereffective|p1b: Arcanine|2
|-damage|p2b: Sinistcha|11/100
|-damage|p1a: Farigiraf|8/100
|-enditem|p1b: Arcanine|Focus Sash
|-damage|p1b: Arcanine|1/100
|-enditem|p1a: Farigiraf|Sitrus Berry|[eat]
|-heal|p1a: Farigiraf|33/100|[from] item: Sitrus Berry
|
|upkeep
|turn|6
|inactive|bruGno has 30 seconds left.
|inactive|sazar saifi has 30 seconds left.
|
|t:|1786186067
|move|p1a: Farigiraf|Protect|p1a: Farigiraf
|-singleturn|p1a: Farigiraf|Protect
|move|p1b: Arcanine|Extreme Speed|p2a: Garchomp
|-damage|p2a: Garchomp|32/100
|move|p2a: Garchomp|Rock Slide|p1b: Arcanine|[spread] p1b
|-activate|p1a: Farigiraf|move: Protect
|-supereffective|p1b: Arcanine|1
|-damage|p1b: Arcanine|0 fnt
|faint|p1b: Arcanine
|move|p2b: Sinistcha|Matcha Gotcha|p1a: Farigiraf
|-activate|p1a: Farigiraf|move: Protect
|
|upkeep
|
|t:|1786186077
|switch|p1b: Sylveon|Sylveon, L50, M|37/100
|turn|7
|
|t:|1786186087
|move|p1a: Farigiraf|Helping Hand|p1b: Sylveon
|-singleturn|p1b: Sylveon|Helping Hand|[of] p1a: Farigiraf
|move|p2b: Sinistcha|Protect|p2b: Sinistcha
|-singleturn|p2b: Sinistcha|Protect
|move|p1b: Sylveon|Quick Attack|p2a: Garchomp
|-supereffective|p2a: Garchomp|1
|-damage|p2a: Garchomp|3/100
|move|p2a: Garchomp|Earthquake|p1a: Farigiraf|[spread] p1a,p1b
|-activate|p2b: Sinistcha|move: Protect
|-crit|p1a: Farigiraf
|-damage|p1a: Farigiraf|0 fnt
|-damage|p1b: Sylveon|0 fnt
|faint|p1a: Farigiraf
|faint|p1b: Sylveon
|
|win|sazar saifi
||sazar saifi is ready for game 3.
