|j|☆foxelby
|j|☆Azzy08
|html|foxelbyAzzy08    
|uhtml|bestof|Game 2 of a best-of-3
|t:|1756413728
|gametype|doubles
|player|p1|foxelby|hilbert-wonderlauncher|1118
|player|p2|Azzy08|bruno|1060
|gen|9
|tier|[Gen 9] VGC 2025 Reg H (Bo3)
|rated|
|rule|Species Clause: Limit one of each Pokémon
|rule|Item Clause: Limit 1 of each item
|clearpoke
|poke|p1|Volcarona, L50, F|
|poke|p1|Rillaboom, L50, M|
|poke|p1|Sneasler, L50, F|
|poke|p1|Dragonite, L50, M|
|poke|p1|Electabuzz, L50, F|
|poke|p1|Kingambit, L50, F|
|poke|p2|Dragonite, L50, M|
|poke|p2|Dondozo, L50, M|
|poke|p2|Garchomp, L50, M|
|poke|p2|Ninetales-Alola, L50, F|
|poke|p2|Electabuzz, L50, M|
|poke|p2|Grimmsnarl, L50, M|
|teampreview|4
|showteam|p1|Volcarona||GrassySeed|FlameBody|QuiverDance,HeatWave,TeraBlast,Protect|||F|||50|,,,,,Fairy]Rillaboom||AssaultVest|GrassySurge|FakeOut,GrassyGlide,WoodHammer,HighHorsepower|||M|||50|,,,,,Fire]Sneasler||FocusSash|Unburden|DireClaw,CloseCombat,Coaching,FakeOut|||F|||50|,,,,,Stellar]Dragonite||LoadedDice|Multiscale|ExtremeSpeed,Tailwind,ScaleShot,Haze|||M|||50|,,,,,Steel]Electabuzz||Eviolite|VitalSpirit|Electroweb,FollowMe,Taunt,HelpingHand|||F|||50|,,,,,Ghost]Kingambit||BlackGlasses|Defiant|SuckerPunch,KowtowCleave,Protect,SwordsDance|||F|||50|,,,,,Dark
|showteam|p2|Dragonite||LumBerry|Multiscale|TeraBlast,ExtremeSpeed,LowKick,Protect|||M|||50|,,,,,Flying]Dondozo||Leftovers|Unaware|Liquidation,Fissure,Yawn,Protect|||M|||50|,,,,,Poison]Garchomp||LifeOrb|RoughSkin|Earthquake,StompingTantrum,DragonClaw,Protect|||M|||50|,,,,,Fire]Ninetales-Alola||ChoiceSpecs|SnowWarning|Blizzard,FreezeDry,Moonblast,IcyWind|||F|||50|,,,,,Ice]Electabuzz||Eviolite|VitalSpirit|FollowMe,Electroweb,Taunt,Protect|||M|||50|,,,,,Flying]Grimmsnarl||LightClay|Prankster|Reflect,LightScreen,FoulPlay,PartingShot|||M|||50|,,,,,Ghost
|
|t:|1756413759
|teamsize|p1|4
|teamsize|p2|4
|start
|switch|p1a: Volcarona|Volcarona, L50, F|100/100
|switch|p1b: Rillaboom|Rillaboom, L50, M|100/100
|switch|p2a: Dondozo|Dondozo, L50, M|100/100
|switch|p2b: Grimmsnarl|Grimmsnarl, L50, M|100/100
|-fieldstart|move: Grassy Terrain|[from] ability: Grassy Surge|[of] p1b: Rillaboom
|-enditem|p1a: Volcarona|Grassy Seed
|-boost|p1a: Volcarona|def|1|[from] item: Grassy Seed
|turn|1
|
|t:|1756413777
|-terastallize|p2a: Dondozo|Poison
|move|p1b: Rillaboom|Fake Out|p2b: Grimmsnarl
|-damage|p2b: Grimmsnarl|85/100
|cant|p2b: Grimmsnarl|flinch
|move|p1a: Volcarona|Quiver Dance|p1a: Volcarona
|-boost|p1a: Volcarona|spa|1
|-boost|p1a: Volcarona|spd|1
|-boost|p1a: Volcarona|spe|1
|move|p2a: Dondozo|Liquidation|p1a: Volcarona
|-supereffective|p1a: Volcarona
|-damage|p1a: Volcarona|7/100
|
|-heal|p1a: Volcarona|14/100|[from] Grassy Terrain
|-heal|p2b: Grimmsnarl|91/100|[from] Grassy Terrain
|upkeep
|turn|2
|
|t:|1756413797
|move|p2b: Grimmsnarl|Light Screen|p2b: Grimmsnarl
|-sidestart|p2: Azzy08|move: Light Screen
|move|p1a: Volcarona|Heat Wave|p2a: Dondozo|[spread] p2a,p2b
|-damage|p2a: Dondozo|78/100
|-damage|p2b: Grimmsnarl|57/100
|move|p1b: Rillaboom|High Horsepower|p2a: Dondozo
|-supereffective|p2a: Dondozo
|-damage|p2a: Dondozo|33/100
|move|p2a: Dondozo|Liquidation|p1a: Volcarona
|-supereffective|p1a: Volcarona
|-damage|p1a: Volcarona|0 fnt
|faint|p1a: Volcarona
|
|-heal|p2b: Grimmsnarl|63/100|[from] Grassy Terrain
|-heal|p2a: Dondozo|39/100|[from] Grassy Terrain
|-heal|p2a: Dondozo|46/100|[from] item: Leftovers
|upkeep
|
|t:|1756413809
|switch|p1a: Dragonite|Dragonite, L50, M|100/100
|turn|3
|inactive|Battle timer is ON: inactive players will automatically lose when time's up. (requested by foxelby)
|
|t:|1756413829
|move|p2a: Dondozo|Protect|p2a: Dondozo
|-singleturn|p2a: Dondozo|Protect
|move|p2b: Grimmsnarl|Parting Shot|p1b: Rillaboom
|-unboost|p1b: Rillaboom|atk|1
|-unboost|p1b: Rillaboom|spa|1
|
|t:|1756413834
|switch|p2b: Ninetales|Ninetales-Alola, L50, F|100/100|[from] Parting Shot
|-weather|Snowscape|[from] ability: Snow Warning|[of] p2b: Ninetales
|move|p1a: Dragonite|Tailwind|p1a: Dragonite
|-sidestart|p1: foxelby|move: Tailwind
|move|p1b: Rillaboom|High Horsepower|p2a: Dondozo
|-activate|p2a: Dondozo|move: Protect
|
|-weather|Snowscape|[upkeep]
|-heal|p2a: Dondozo|52/100|[from] Grassy Terrain
|-heal|p2a: Dondozo|58/100|[from] item: Leftovers
|upkeep
|turn|4
|
|t:|1756413850
|switch|p1b: Sneasler|Sneasler, L50, F|100/100
|-terastallize|p1a: Dragonite|Steel
|move|p1a: Dragonite|Scale Shot|p2a: Dondozo
|-damage|p2a: Dondozo|48/100
|-damage|p2a: Dondozo|39/100
|-damage|p2a: Dondozo|29/100
|-damage|p2a: Dondozo|20/100
|-hitcount|p2a: Dondozo|4
|-unboost|p1a: Dragonite|def|1
|-boost|p1a: Dragonite|spe|1
|move|p2b: Ninetales|Blizzard|p1a: Dragonite|[spread] p1a,p1b
|-resisted|p1a: Dragonite
|-crit|p1a: Dragonite
|-damage|p1a: Dragonite|84/100
|-damage|p1b: Sneasler|36/100
|-status|p1b: Sneasler|frz
|move|p2a: Dondozo|Liquidation|p1a: Dragonite
|-damage|p1a: Dragonite|41/100
|
|-weather|Snowscape|[upkeep]
|-heal|p1a: Dragonite|47/100|[from] Grassy Terrain
|-heal|p1b: Sneasler|42/100 frz|[from] Grassy Terrain
|-heal|p2a: Dondozo|26/100|[from] Grassy Terrain
|-heal|p2a: Dondozo|32/100|[from] item: Leftovers
|upkeep
|turn|5
|inactive|foxelby has 30 seconds left.
|
|t:|1756413881
|switch|p2b: Grimmsnarl|Grimmsnarl, L50, M|63/100
|move|p2a: Dondozo|Protect|p2a: Dondozo
|-singleturn|p2a: Dondozo|Protect
|-curestatus|p1b: Sneasler|frz|[msg]
|move|p1b: Sneasler|Fake Out|p2a: Dondozo
|-activate|p2a: Dondozo|move: Protect
|move|p1a: Dragonite|Extreme Speed|p2b: Grimmsnarl
|-damage|p2b: Grimmsnarl|30/100
|
|-weather|Snowscape|[upkeep]
|-heal|p1a: Dragonite|53/100|[from] Grassy Terrain
|-heal|p1b: Sneasler|48/100|[from] Grassy Terrain
|-heal|p2b: Grimmsnarl|36/100|[from] Grassy Terrain
|-heal|p2a: Dondozo|38/100|[from] Grassy Terrain
|-heal|p2a: Dondozo|44/100|[from] item: Leftovers
|-fieldend|move: Grassy Terrain
|upkeep
|turn|6
|inactive|Azzy08 has 30 seconds left.
|inactive|foxelby has 30 seconds left.
|
|t:|1756413919
|move|p2b: Grimmsnarl|Reflect|p2b: Grimmsnarl
|-sidestart|p2: Azzy08|Reflect
|move|p1a: Dragonite|Scale Shot|p2a: Dondozo
|-crit|p2a: Dondozo
|-damage|p2a: Dondozo|30/100
|-damage|p2a: Dondozo|24/100
|-crit|p2a: Dondozo
|-damage|p2a: Dondozo|9/100
|-damage|p2a: Dondozo|2/100
|-damage|p2a: Dondozo|0 fnt
|faint|p2a: Dondozo
|-hitcount|p2: Dondozo|5
|-unboost|p1a: Dragonite|def|1
|-boost|p1a: Dragonite|spe|1
|move|p1b: Sneasler|Dire Claw|p2b: Grimmsnarl
|-supereffective|p2b: Grimmsnarl
|-damage|p2b: Grimmsnarl|0 fnt
|faint|p2b: Grimmsnarl
|
|-weather|Snowscape|[upkeep]
|-sideend|p1: foxelby|move: Tailwind
|upkeep
|
|t:|1756413938
|switch|p2b: Ninetales|Ninetales-Alola, L50, F|100/100
|switch|p2a: Dragonite|Dragonite, L50, M|100/100
|turn|7
|
|t:|1756413956
|move|p2a: Dragonite|Extreme Speed|p1b: Sneasler
|-damage|p1b: Sneasler|0 fnt
|faint|p1b: Sneasler
|move|p1a: Dragonite|Scale Shot|p2a: Dragonite
|-supereffective|p2a: Dragonite
|-damage|p2a: Dragonite|89/100
|-supereffective|p2a: Dragonite
|-damage|p2a: Dragonite|66/100
|-supereffective|p2a: Dragonite
|-damage|p2a: Dragonite|42/100
|-supereffective|p2a: Dragonite
|-damage|p2a: Dragonite|18/100
|-hitcount|p2a: Dragonite|4
|-unboost|p1a: Dragonite|def|1
|-boost|p1a: Dragonite|spe|1
|move|p2b: Ninetales|Blizzard|p1a: Dragonite
|-resisted|p1a: Dragonite
|-damage|p1a: Dragonite|17/100
|
|-weather|none
|upkeep
|
|t:|1756413971
|switch|p1b: Rillaboom|Rillaboom, L50, M|100/100
|-fieldstart|move: Grassy Terrain|[from] ability: Grassy Surge|[of] p1b: Rillaboom
|turn|8
|
|t:|1756413984
|move|p1b: Rillaboom|Fake Out|p2a: Dragonite
|-damage|p2a: Dragonite|8/100
|move|p1a: Dragonite|Extreme Speed|p2b: Ninetales
|-damage|p2b: Ninetales|70/100
|cant|p2a: Dragonite|flinch
|move|p2b: Ninetales|Blizzard|p1b: Rillaboom|[spread] p1a,p1b
|-resisted|p1a: Dragonite
|-supereffective|p1b: Rillaboom
|-damage|p1a: Dragonite|0 fnt
|-damage|p1b: Rillaboom|33/100
|faint|p1a: Dragonite
|
|-heal|p2b: Ninetales|76/100|[from] Grassy Terrain
|-heal|p1b: Rillaboom|39/100|[from] Grassy Terrain
|upkeep
|turn|9
|
|t:|1756414003
|move|p2a: Dragonite|Extreme Speed|p1b: Rillaboom
|-damage|p1b: Rillaboom|5/100
|move|p1b: Rillaboom|Grassy Glide|p2a: Dragonite
|-resisted|p2a: Dragonite
|-damage|p2a: Dragonite|0 fnt
|faint|p2a: Dragonite
|move|p2b: Ninetales|Blizzard|p1b: Rillaboom
|-supereffective|p1b: Rillaboom
|-damage|p1b: Rillaboom|0 fnt
|faint|p1b: Rillaboom
|
|win|Azzy08
||foxelby is ready for game 3.
||Azzy08 is ready for game 3.
|uhtml|next|Next: Game 3 of 3
|l|☆foxelby
|player|p1|
