|j|☆legionvgc
|j|☆LetThatSizzleSpeak
|html|legionvgcLetThatSizzleSpeak    
|uhtml|bestof|Game 1 of a best-of-3
|t:|1757781970
|gametype|doubles
|player|p1|legionvgc|170|1184
|player|p2|LetThatSizzleSpeak|hiker-gen4|1164
|gen|9
|tier|[Gen 9] VGC 2025 Reg H (Bo3)
|rated|
|rule|Species Clause: Limit one of each Pokémon
|rule|Item Clause: Limit 1 of each item
|clearpoke
|poke|p1|Gallade, L50, M|
|poke|p1|Exeggutor, L50, F|
|poke|p1|Indeedee-F, L50, F|
|poke|p1|Torkoal, L50, M|
|poke|p1|Charizard, L50, M|
|poke|p1|Ursaluna, L50, M|
|poke|p2|Lilligant-Hisui, L50, F|
|poke|p2|Sylveon, L50, M|
|poke|p2|Indeedee-F, L50, F|
|poke|p2|Torkoal, L50, F|
|poke|p2|Tatsugiri-Droopy, L50, M|
|poke|p2|Dondozo, L50, F|
|teampreview|4
|showteam|p1|Gallade||ClearAmulet|Sharpness|PsychoCut,TrickRoom,WideGuard,SacredSword|||M|||50|,,,,,Fire]Exeggutor||FocusSash|Chlorophyll|TrickRoom,ExpandingForce,EnergyBall,SleepPowder|||F|||50|,,,,,Psychic]Indeedee-F||PsychicSeed|PsychicSurge|TrickRoom,Psychic,FollowMe,HelpingHand|||F|||50|,,,,,Grass]Torkoal||EjectPack|Drought|Eruption,Overheat,HelpingHand,Protect|||M|||50|,,,,,Fire]Charizard||ChoiceSpecs|SolarPower|HeatWave,Overheat,WeatherBall,AirSlash|||M|||50|,,,,,Ghost]Ursaluna||FlameOrb|Guts|HeadlongRush,Facade,Earthquake,Protect|||M|||50|,,,,,Ghost
|showteam|p2|Lilligant-Hisui||FocusSash|Chlorophyll|AfterYou,SolarBlade,CloseCombat,SleepPowder|||F|||50|,,,,,Ghost]Sylveon||ChoiceSpecs|Pixilate|HyperVoice,HyperBeam,TeraBlast,ShadowBall|||M|||50|,,,,,Fire]Indeedee-F||SafetyGoggles|PsychicSurge|Psychic,FollowMe,TrickRoom,Protect|||F|||50|,,,,,Normal]Torkoal||Charcoal|Drought|Eruption,WeatherBall,EarthPower,Protect|||F|||50|,,,,,Fire]Tatsugiri-Droopy||ChoiceScarf|Commander|IcyWind,MuddyWater,DracoMeteor,TeraBlast|||M|||50|,,,,,Fire]Dondozo||Leftovers|Unaware|OrderUp,Earthquake,BodyPress,Protect|||F|||50|,,,,,Grass
|inactive|Battle timer is ON: inactive players will automatically lose when time's up. (requested by legionvgc)
|inactive|legionvgc has 60 seconds left.
|inactive|LetThatSizzleSpeak has 60 seconds left.
|inactive|LetThatSizzleSpeak has 30 seconds left.
|
|t:|1757782042
|teamsize|p1|4
|teamsize|p2|4
|start
|switch|p1a: Exeggutor|Exeggutor, L50, F|100/100
|switch|p1b: Indeedee|Indeedee-F, L50, F|100/100
|switch|p2a: Torkoal|Torkoal, L50, F|100/100
|switch|p2b: Lilligant|Lilligant-Hisui, L50, F|100/100
|-fieldstart|move: Psychic Terrain|[from] ability: Psychic Surge|[of] p1b: Indeedee
|-enditem|p1b: Indeedee|Psychic Seed
|-boost|p1b: Indeedee|spd|1|[from] item: Psychic Seed
|-weather|SunnyDay|[from] ability: Drought|[of] p2a: Torkoal
|turn|1
|inactive|legionvgc has 30 seconds left.
|
|t:|1757782073
|move|p2a: Torkoal|Protect|p2a: Torkoal
|-singleturn|p2a: Torkoal|Protect
|move|p2b: Lilligant|Sleep Powder|p1b: Indeedee|[miss]
|-miss|p2b: Lilligant|p1b: Indeedee
|move|p1a: Exeggutor|Expanding Force|p2b: Lilligant|[spread] p2b
|-activate|p2a: Torkoal|move: Protect
|-supereffective|p2b: Lilligant
|-enditem|p2b: Lilligant|Focus Sash
|-damage|p2b: Lilligant|1/100
|move|p1b: Indeedee|Psychic|p2b: Lilligant
|-supereffective|p2b: Lilligant
|-damage|p2b: Lilligant|0 fnt
|faint|p2b: Lilligant
|
|-weather|SunnyDay|[upkeep]
|upkeep
|
|t:|1757782094
|switch|p2b: Dondozo|Dondozo, L50, F|100/100
|turn|2
|
|t:|1757782114
|-terastallize|p1a: Exeggutor|Psychic
|move|p1b: Indeedee|Helping Hand|p1a: Exeggutor
|-singleturn|p1a: Exeggutor|Helping Hand|[of] p1b: Indeedee
|move|p2b: Dondozo|Protect|p2b: Dondozo
|-singleturn|p2b: Dondozo|Protect
|move|p1a: Exeggutor|Expanding Force|p2b: Dondozo|[spread] p2a
|-activate|p2b: Dondozo|move: Protect
|-damage|p2a: Torkoal|0 fnt
|faint|p2a: Torkoal
|
|-weather|SunnyDay|[upkeep]
|upkeep
|
|t:|1757782125
|switch|p2a: Tatsugiri|Tatsugiri-Droopy, L50, M|100/100
|-activate|p2a: Tatsugiri|ability: Commander|[of] p2b: Dondozo
|-boost|p2b: Dondozo|atk|2
|-boost|p2b: Dondozo|spa|2
|-boost|p2b: Dondozo|spe|2
|-boost|p2b: Dondozo|def|2
|-boost|p2b: Dondozo|spd|2
|turn|3
|inactive|LetThatSizzleSpeak has 30 seconds left.
|inactive|LetThatSizzleSpeak has 20 seconds left.
|
|t:|1757782160
|move|p2b: Dondozo|Protect||[still]
|-fail|p2b: Dondozo
|move|p1a: Exeggutor|Expanding Force|p2b: Dondozo|[spread] p2b
|-miss|p1a: Exeggutor|p2a: Tatsugiri
|-damage|p2b: Dondozo|67/100
|move|p1b: Indeedee|Trick Room|p1b: Indeedee
|-fieldstart|move: Trick Room|[of] p1b: Indeedee
|
|-weather|SunnyDay|[upkeep]
|-heal|p2b: Dondozo|74/100|[from] item: Leftovers
|upkeep
|turn|4
|
|t:|1757782178
|move|p1b: Indeedee|Psychic|p2b: Dondozo
|-damage|p2b: Dondozo|61/100
|move|p2b: Dondozo|Earthquake|p1b: Indeedee|[spread] p1a,p1b
|-miss|p2b: Dondozo|p2a: Tatsugiri
|-damage|p1a: Exeggutor|58/100
|-damage|p1b: Indeedee|69/100
|move|p1a: Exeggutor|Sleep Powder|p2b: Dondozo|[miss]
|-miss|p1a: Exeggutor|p2b: Dondozo
|
|-weather|SunnyDay|[upkeep]
|-heal|p2b: Dondozo|67/100|[from] item: Leftovers
|upkeep
|turn|5
|inactive|LetThatSizzleSpeak has 30 seconds left.
|
|t:|1757782209
|move|p2b: Dondozo|Protect|p2b: Dondozo
|-singleturn|p2b: Dondozo|Protect
|move|p1b: Indeedee|Follow Me|p1b: Indeedee
|-singleturn|p1b: Indeedee|move: Follow Me
|move|p1a: Exeggutor|Sleep Powder|p2b: Dondozo
|-activate|p2b: Dondozo|move: Protect
|
|-weather|none
|-heal|p2b: Dondozo|73/100|[from] item: Leftovers
|-fieldend|move: Psychic Terrain
|upkeep
|turn|6
|
|t:|1757782229
|switch|p1b: Gallade|Gallade, L50, M|100/100
|move|p1a: Exeggutor|Sleep Powder|p2b: Dondozo
|-status|p2b: Dondozo|slp|[from] move: Sleep Powder
|cant|p2b: Dondozo|slp
|
|-heal|p2b: Dondozo|79/100 slp|[from] item: Leftovers
|upkeep
|turn|7
|
|t:|1757782243
|move|p1b: Gallade|Sacred Sword|p2b: Dondozo
|-damage|p2b: Dondozo|34/100 slp
|move|p1a: Exeggutor|Expanding Force|p2b: Dondozo
|-damage|p2b: Dondozo|14/100 slp
|cant|p2b: Dondozo|slp
|
|-heal|p2b: Dondozo|20/100 slp|[from] item: Leftovers
|-fieldend|move: Trick Room
|upkeep
|turn|8
|
|t:|1757782256
|-curestatus|p2b: Dondozo|slp|[msg]
|move|p2b: Dondozo|Protect|p2b: Dondozo
|-singleturn|p2b: Dondozo|Protect
|move|p1a: Exeggutor|Expanding Force|p2b: Dondozo
|-activate|p2b: Dondozo|move: Protect
|move|p1b: Gallade|Sacred Sword|p2b: Dondozo
|-activate|p2b: Dondozo|move: Protect
|
|-heal|p2b: Dondozo|26/100|[from] item: Leftovers
|upkeep
|turn|9
|inactive|LetThatSizzleSpeak has 30 seconds left.
|inactive|LetThatSizzleSpeak has 20 seconds left.
|inactive|LetThatSizzleSpeak has 15 seconds left.
|
|t:|1757782297
|-terastallize|p2b: Dondozo|Grass
|move|p2b: Dondozo|Order Up|p1a: Exeggutor
|-damage|p1a: Exeggutor|13/100
|-boost|p2b: Dondozo|def|1
|move|p1a: Exeggutor|Expanding Force|p2b: Dondozo
|-damage|p2b: Dondozo|6/100
|move|p1b: Gallade|Sacred Sword|p2b: Dondozo
|-damage|p2b: Dondozo|0 fnt
|faint|p2b: Dondozo
|
|upkeep
|turn|10
|
|t:|1757782313
|switch|p1b: Turtle|Torkoal, L50, M|100/100
|-weather|SunnyDay|[from] ability: Drought|[of] p1b: Turtle
|move|p1a: Exeggutor|Sleep Powder|p2a: Tatsugiri
|-status|p2a: Tatsugiri|slp|[from] move: Sleep Powder
|cant|p2a: Tatsugiri|slp
|
|-weather|SunnyDay|[upkeep]
|upkeep
|turn|11
|
|t:|1757782334
|move|p1a: Exeggutor|Expanding Force|p2a: Tatsugiri
|-damage|p2a: Tatsugiri|23/100 slp
|cant|p2a: Tatsugiri|slp
|move|p1b: Turtle|Eruption|p2a: Tatsugiri
|-resisted|p2a: Tatsugiri
|-damage|p2a: Tatsugiri|0 fnt
|faint|p2a: Tatsugiri
|
|win|legionvgc
||legionvgc is ready for game 2.
||LetThatSizzleSpeak is ready for game 2.
|uhtml|next|Next: Game 2 of 3
|l|☆LetThatSizzleSpeak
|player|p2|
