|j|☆14#coder9
|j|☆Bananadiabla
|html|14#coder9Bananadiabla    
|uhtml|bestof|Game 3 of a best-of-3
|t:|1786143568
|gametype|doubles
|player|p1|14#coder9|unknown|1183
|player|p2|Bananadiabla|102|1273
|gen|9
|tier|[Gen 9 Champions] VGC 2026 Reg M-B (Bo3)
|rated|
|rule|Species Clause: Limit one of each Pokémon
|rule|Item Clause: Limit 1 of each item
|clearpoke
|poke|p1|Charizard, L50, F, shiny|
|poke|p1|Whimsicott, L50, F, shiny|
|poke|p1|Incineroar, L50, M|
|poke|p1|Garchomp, L50, M, shiny|
|poke|p1|Rotom-Wash, L50|
|poke|p1|Staraptor, L50, F, shiny|
|poke|p2|Pelipper, L50, F|
|poke|p2|Swampert, L50, M|
|poke|p2|Sneasler, L50, F|
|poke|p2|Kingambit, L50, M|
|poke|p2|Basculegion, L50, M|
|poke|p2|Floette-Eternal, L50, F|
|teampreview|4
|showteam|p1|Charizard||CharizarditeY|Blaze|HeatWave,Overheat,SolarBeam,Protect|Modest||F|||50|]Whimsicott||FocusSash|Prankster|SunnyDay,Tailwind,Moonblast,Encore|Timid||F|||50|]Incineroar||ChopleBerry|Intimidate|FlareBlitz,PartingShot,FakeOut,ThroatChop|Careful||M|||50|]Garchomp||LifeOrb|RoughSkin|RockSlide,DragonClaw,Earthquake,Protect|Jolly||M|||50|]Rotom-Wash||SitrusBerry|Levitate|HydroPump,VoltSwitch,WillOWisp,Electroweb|Bold|||||50|]Staraptor||Staraptite|Intimidate|Protect,CloseCombat,BraveBird,Roost|Jolly||F|||50|
|showteam|p2|Pelipper||FocusSash|Drizzle|MuddyWater,Hurricane,Protect,Tailwind|Timid||F|||50|]Swampert||Swampertite|Torrent|WaveCrash,Earthquake,HighHorsepower,Protect|Adamant||M|||50|]Sneasler||WhiteHerb|Unburden|DireClaw,CloseCombat,Protect,FakeOut|Adamant||F|||50|]Kingambit||BlackGlasses|Defiant|KowtowCleave,SuckerPunch,Protect,SwordsDance|Adamant||M|||50|]Basculegion||ChoiceScarf|Adaptability|WaveCrash,FlipTurn,AquaJet,LastRespects|Jolly||M|||50|]Floette-Eternal||Floettite|FlowerVeil|Moonblast,DazzlingGleam,LightofRuin,Protect|Timid||F|||50|
|inactive|Battle timer is ON: inactive players will automatically lose when time's up. (requested by 14#coder9)
|
|t:|1786143639
|teamsize|p1|4
|teamsize|p2|4
|start
|switch|p1a: Whimsicott|Whimsicott, L50, F, shiny|100/100
|switch|p1b: Rotom|Rotom-Wash, L50|100/100
|switch|p2a: Sneasler|Sneasler, L50, F|100/100
|switch|p2b: Basculegion|Basculegion, L50, M|100/100
|turn|1
|inactive|Bananadiabla has 30 seconds left.
|
|t:|1786143675
|move|p1a: Whimsicott|Tailwind|p1a: Whimsicott
|-sidestart|p1: 14#coder9|move: Tailwind
|move|p1b: Rotom|Will-O-Wisp|p2b: Basculegion
|-status|p2b: Basculegion|brn
|move|p2b: Basculegion|Flip Turn|p1a: Whimsicott
|-resisted|p1a: Whimsicott|1
|-damage|p1a: Whimsicott|89/100
|
|t:|1786143690
|switch|p2b: Pelipper|Pelipper, L50, F|100/100|[from] Flip Turn
|-weather|RainDance|[from] ability: Drizzle|[of] p2b: Pelipper
|move|p2a: Sneasler|Dire Claw|p1a: Whimsicott
|-supereffective|p1a: Whimsicott|2
|-damage|p1a: Whimsicott|0 fnt
|faint|p1a: Whimsicott
|
|-weather|RainDance|[upkeep]
|upkeep
|
|t:|1786143699
|switch|p1a: Garchomp|Garchomp, L50, M, shiny|100/100
|turn|2
|inactive|14#coder9 has 30 seconds left.
|inactive|Bananadiabla has 30 seconds left.
|
|t:|1786143734
|move|p1a: Garchomp|Rock Slide|p2b: Pelipper|[spread] p2a,p2b
|-resisted|p2a: Sneasler|1
|-supereffective|p2b: Pelipper|1
|-damage|p2a: Sneasler|85/100
|-damage|p2b: Pelipper|31/100
|-damage|p1a: Garchomp|90/100|[from] item: Life Orb
|move|p1b: Rotom|Electroweb|p2a: Sneasler|[spread] p2a,p2b
|-supereffective|p2b: Pelipper|2
|-damage|p2a: Sneasler|67/100
|-damage|p2b: Pelipper|0 fnt
|-unboost|p2a: Sneasler|spe|1
|faint|p2b: Pelipper
|-enditem|p2a: Sneasler|White Herb
|-clearnegativeboost|p2a: Sneasler|[silent]
|move|p2a: Sneasler|Close Combat|p1b: Rotom
|-damage|p1b: Rotom|53/100
|-unboost|p2a: Sneasler|def|1
|-unboost|p2a: Sneasler|spd|1
|
|-weather|RainDance|[upkeep]
|upkeep
|
|t:|1786143752
|switch|p2b: Swampert|Swampert, L50, M|100/100
|turn|3
|
|t:|1786143767
|move|p2a: Sneasler|Protect|p2a: Sneasler
|-singleturn|p2a: Sneasler|Protect
|move|p2b: Swampert|Protect|p2b: Swampert
|-singleturn|p2b: Swampert|Protect
|move|p1a: Garchomp|Dragon Claw|p2a: Sneasler
|-activate|p2a: Sneasler|move: Protect
|move|p1b: Rotom|Will-O-Wisp|p2b: Swampert
|-activate|p2b: Swampert|move: Protect
|
|-weather|RainDance|[upkeep]
|upkeep
|turn|4
|inactive|14#coder9 has 30 seconds left.
|
|t:|1786143800
|switch|p1b: Charizard|Charizard, L50, F, shiny|100/100
|switch|p2b: Basculegion|Basculegion, L50, M|100/100 brn
|move|p1a: Garchomp|Protect|p1a: Garchomp
|-singleturn|p1a: Garchomp|Protect
|move|p2a: Sneasler|Dire Claw|p1b: Charizard
|-damage|p1b: Charizard|57/100
|-status|p1b: Charizard|par
|
|-weather|RainDance|[upkeep]
|-damage|p2b: Basculegion|93/100 brn|[from] brn
|-sideend|p1: 14#coder9|move: Tailwind
|upkeep
|turn|5
|inactive|Bananadiabla has 30 seconds left.
|inactive|Bananadiabla has 20 seconds left.
|
|t:|1786143836
|detailschange|p1b: Charizard|Charizard-Mega-Y, L50, F, shiny
|-mega|p1b: Charizard|Charizard|Charizardite Y
|-weather|SunnyDay|[from] ability: Drought|[of] p1b: Charizard
|move|p2a: Sneasler|Close Combat|p1a: Garchomp
|-damage|p1a: Garchomp|30/100
|-unboost|p2a: Sneasler|def|1
|-unboost|p2a: Sneasler|spd|1
|-damage|p2a: Sneasler|55/100|[from] ability: Rough Skin|[of] p1a: Garchomp
|move|p2b: Basculegion|Last Respects|p1b: Charizard
|-damage|p1b: Charizard|27/100 par
|move|p1a: Garchomp|Dragon Claw|p2b: Basculegion
|-damage|p2b: Basculegion|29/100 brn
|-damage|p1a: Garchomp|20/100y|[from] item: Life Orb
|cant|p1b: Charizard|par
|
|-weather|SunnyDay|[upkeep]
|-damage|p2b: Basculegion|23/100 brn|[from] brn
|upkeep
|turn|6
|inactive|14#coder9 has 30 seconds left.
|inactive|Bananadiabla has 30 seconds left.
|inactive|14#coder9 has 20 seconds left.
|inactive|Bananadiabla has 20 seconds left.
|inactive|Bananadiabla has 15 seconds left.
|inactive|Bananadiabla has 10 seconds left.
|
|t:|1786143883
|switch|p1a: Rotom|Rotom-Wash, L50|53/100
|move|p2a: Sneasler|Dire Claw|p1a: Rotom
|-damage|p1a: Rotom|21/100
|-enditem|p1a: Rotom|Sitrus Berry|[eat]
|-heal|p1a: Rotom|46/100|[from] item: Sitrus Berry
|move|p2b: Basculegion|Last Respects|p1b: Charizard
|-crit|p1b: Charizard
|-damage|p1b: Charizard|0 fnt
|faint|p1b: Charizard
|
|-weather|SunnyDay|[upkeep]
|-damage|p2b: Basculegion|16/100 brn|[from] brn
|upkeep
|
|t:|1786143896
|switch|p1b: Garchomp|Garchomp, L50, M, shiny|20/100y
|turn|7
|inactive|Bananadiabla has 30 seconds left.
|
|t:|1786143923
|move|p1b: Garchomp|Protect|p1b: Garchomp
|-singleturn|p1b: Garchomp|Protect
|move|p2a: Sneasler|Close Combat|p1a: Rotom
|-damage|p1a: Rotom|0 fnt
|-unboost|p2a: Sneasler|def|1
|-unboost|p2a: Sneasler|spd|1
|faint|p1a: Rotom
|move|p2b: Basculegion|Last Respects|p1b: Garchomp
|-activate|p1b: Garchomp|move: Protect
|
|-weather|SunnyDay|[upkeep]
|-damage|p2b: Basculegion|10/100 brn|[from] brn
|upkeep
|turn|8
|
|t:|1786143935
|move|p2a: Sneasler|Close Combat|p1b: Garchomp
|-damage|p1b: Garchomp|0 fnt
|-unboost|p2a: Sneasler|def|1
|-unboost|p2a: Sneasler|spd|1
|-damage|p2a: Sneasler|43/100|[from] ability: Rough Skin|[of] p1b: Garchomp
|faint|p1b: Garchomp
|
|win|Bananadiabla
|raw|14#coder9's rating: 1183 → 1164(-19 for losing)
|raw|Bananadiabla's rating: 1273 → 1292(+19 for winning)
