|j|☆kemaho
|j|☆turbogoddi
|html|kemahoturbogoddi    
|uhtml|bestof|Game 2 of a best-of-3
|t:|1756763428
|gametype|doubles
|player|p1|kemaho|clerk|1105
|player|p2|turbogoddi|170|1184
|gen|9
|tier|[Gen 9] VGC 2025 Reg H (Bo3)
|rated|
|rule|Species Clause: Limit one of each Pokémon
|rule|Item Clause: Limit 1 of each item
|clearpoke
|poke|p1|Dragonite, L50, F|
|poke|p1|Archaludon, L50, F|
|poke|p1|Sinistcha, L50|
|poke|p1|Ursaluna, L50, M|
|poke|p1|Pelipper, L50, F|
|poke|p1|Incineroar, L50, M|
|poke|p2|Dondozo, L50, M|
|poke|p2|Tatsugiri-Droopy, L50, M|
|poke|p2|Ursaluna-Bloodmoon, L50, M|
|poke|p2|Rillaboom, L50, F|
|poke|p2|Electabuzz, L50, M|
|poke|p2|Garchomp, L50, M|
|teampreview|4
|showteam|p1|Dragonite||LoadedDice|Multiscale|ScaleShot,Protect,Tailwind,Haze|||F|||50|,,,,,Fairy]Archaludon||AssaultVest|Stamina|FlashCannon,BodyPress,ElectroShot,Snarl|||F|||50|,,,,,Fighting]Sinistcha||SitrusBerry|Hospitality|MatchaGotcha,RagePowder,TrickRoom,LifeDew||||||50|,,,,,Dark]Ursaluna||FlameOrb|Guts|Earthquake,Facade,HeadlongRush,Protect|||M|||50|,,,,,Ghost]Pelipper||FocusSash|Drizzle|MuddyWater,Hurricane,WideGuard,Tailwind|||F|||50|,,,,,Ghost]Incineroar||SafetyGoggles|Intimidate|FlareBlitz,KnockOff,FakeOut,PartingShot|||M|||50|,,,,,Ghost
|showteam|p2|Dondozo||Leftovers|Unaware|HeavySlam,OrderUp,BodyPress,Substitute|||M|||50|,,,,,Steel]Tatsugiri-Droopy||FocusSash|Commander|DragonPulse,IcyWind,Taunt,Protect|||M|||50|,,,,,Dragon]Ursaluna-Bloodmoon||LifeOrb|MindsEye|EarthPower,HyperVoice,BloodMoon,Protect|||M|||50|,,,,,Normal]Rillaboom||MiracleSeed|GrassySurge|GrassyGlide,WoodHammer,FakeOut,Uturn|||F|||50|,,,,,Grass]Electabuzz||Eviolite|VitalSpirit|Electroweb,FollowMe,Taunt,Protect|||M|||50|,,,,,Ghost]Garchomp||ChoiceBand|RoughSkin|StompingTantrum,IronHead,Outrage,DragonClaw|||M|||50|,,,,,Steel
|inactive|Battle timer is ON: inactive players will automatically lose when time's up. (requested by turbogoddi)
|inactive|kemaho has 60 seconds left.
|inactive|turbogoddi has 60 seconds left.
|inactive|turbogoddi has 30 seconds left.
|
|t:|1756763491
|teamsize|p1|4
|teamsize|p2|4
|start
|switch|p1a: Ursaluna|Ursaluna, L50, M|100/100
|switch|p1b: Dragonite|Dragonite, L50, F|100/100
|switch|p2a: Ursaluna|Ursaluna-Bloodmoon, L50, M|100/100
|switch|p2b: Garchomp|Garchomp, L50, M, shiny|100/100
|turn|1
|inactive|kemaho has 30 seconds left.
|inactive|kemaho has 20 seconds left.
|inactive|kemaho has 15 seconds left.
|
|t:|1756763535
|switch|p1a: Incineroar|Incineroar, L50, M|100/100
|-ability|p1a: Incineroar|Intimidate|boost
|-unboost|p2a: Ursaluna|atk|1
|-unboost|p2b: Garchomp|atk|1
|-terastallize|p2b: Garchomp|Steel
|move|p1b: Dragonite|Protect|p1b: Dragonite
|-singleturn|p1b: Dragonite|Protect
|move|p2b: Garchomp|Iron Head|p1b: Dragonite
|-activate|p1b: Dragonite|move: Protect
|move|p2a: Ursaluna|Blood Moon|p1b: Dragonite
|-activate|p1b: Dragonite|move: Protect
|
|upkeep
|turn|2
|
|t:|1756763551
|move|p1a: Incineroar|Fake Out|p2a: Ursaluna
|-damage|p2a: Ursaluna|91/100
|move|p2b: Garchomp|Iron Head|p1b: Dragonite
|-crit|p1b: Dragonite
|-damage|p1b: Dragonite|51/100
|cant|p1b: Dragonite|flinch
|cant|p2a: Ursaluna|flinch
|
|upkeep
|turn|3
|
|t:|1756763568
|move|p2b: Garchomp|Iron Head|p1b: Dragonite
|-damage|p1b: Dragonite|6/100
|move|p1b: Dragonite|Tailwind|p1b: Dragonite
|-sidestart|p1: kemaho|move: Tailwind
|move|p1a: Incineroar|Flare Blitz|p2b: Garchomp
|-supereffective|p2b: Garchomp
|-damage|p2b: Garchomp|0 fnt
|-damage|p1a: Incineroar|88/100|[from] ability: Rough Skin|[of] p2b: Garchomp
|faint|p2b: Garchomp
|-damage|p1a: Incineroar|58/100|[from] Recoil
|move|p2a: Ursaluna|Earth Power|p1a: Incineroar
|-supereffective|p1a: Incineroar
|-damage|p1a: Incineroar|0 fnt
|faint|p1a: Incineroar
|-damage|p2a: Ursaluna|81/100|[from] item: Life Orb
|
|upkeep
|
|t:|1756763586
|switch|p2b: Tatsugiri|Tatsugiri-Droopy, L50, M|100/100
|switch|p1a: Ursaluna|Ursaluna, L50, M|100/100
|turn|4
|
|t:|1756763608
|move|p2b: Tatsugiri|Protect|p2b: Tatsugiri
|-singleturn|p2b: Tatsugiri|Protect
|move|p1b: Dragonite|Scale Shot|p2b: Tatsugiri
|-activate|p2b: Tatsugiri|move: Protect
|move|p1a: Ursaluna|Facade|p2a: Ursaluna
|-damage|p2a: Ursaluna|48/100
|move|p2a: Ursaluna|Hyper Voice|p1a: Ursaluna|[spread] p1a,p1b
|-damage|p1a: Ursaluna|50/100
|-damage|p1b: Dragonite|0 fnt
|faint|p1b: Dragonite
|-damage|p2a: Ursaluna|38/100|[from] item: Life Orb
|
|-status|p1a: Ursaluna|brn|[from] item: Flame Orb
|upkeep
|
|t:|1756763612
|switch|p1b: Pelipper|Pelipper, L50, F|100/100
|-weather|RainDance|[from] ability: Drizzle|[of] p1b: Pelipper
|turn|5
|
|t:|1756763628
|switch|p2a: Dondozo|Dondozo, L50, M, shiny|100/100
|-activate|p2b: Tatsugiri|ability: Commander|[of] p2a: Dondozo
|-boost|p2a: Dondozo|atk|2
|-boost|p2a: Dondozo|spa|2
|-boost|p2a: Dondozo|spe|2
|-boost|p2a: Dondozo|def|2
|-boost|p2a: Dondozo|spd|2
|move|p1b: Pelipper|Muddy Water|p2b: Tatsugiri|[spread] p2a
|-miss|p1b: Pelipper|p2b: Tatsugiri
|-resisted|p2a: Dondozo
|-damage|p2a: Dondozo|90/100
|-unboost|p2a: Dondozo|accuracy|1
|move|p1a: Ursaluna|Facade|p2a: Dondozo
|-damage|p2a: Dondozo|60/100
|
|-weather|RainDance|[upkeep]
|-heal|p2a: Dondozo|66/100|[from] item: Leftovers
|-damage|p1a: Ursaluna|45/100 brn|[from] brn
|upkeep
|turn|6
|inactive|kemaho has 30 seconds left.
|
|t:|1756763657
|move|p1b: Pelipper|Muddy Water|p2a: Dondozo|[spread] p2a
|-miss|p1b: Pelipper|p2b: Tatsugiri
|-resisted|p2a: Dondozo
|-damage|p2a: Dondozo|55/100
|-unboost|p2a: Dondozo|accuracy|1
|move|p1a: Ursaluna|Facade|p2a: Dondozo
|-damage|p2a: Dondozo|23/100
|move|p2a: Dondozo|Order Up|p1b: Pelipper|[miss]
|-miss|p2a: Dondozo|p1b: Pelipper
|
|-weather|RainDance|[upkeep]
|-heal|p2a: Dondozo|30/100|[from] item: Leftovers
|-damage|p1a: Ursaluna|39/100 brn|[from] brn
|-sideend|p1: kemaho|move: Tailwind
|upkeep
|turn|7
|
|t:|1756763678
|move|p1a: Ursaluna|Protect|p1a: Ursaluna
|-singleturn|p1a: Ursaluna|Protect
|move|p1b: Pelipper|Tailwind|p1b: Pelipper
|-sidestart|p1: kemaho|move: Tailwind
|move|p2a: Dondozo|Body Press|p1a: Ursaluna
|-activate|p1a: Ursaluna|move: Protect
|
|-weather|RainDance|[upkeep]
|-heal|p2a: Dondozo|36/100|[from] item: Leftovers
|-damage|p1a: Ursaluna|33/100 brn|[from] brn
|upkeep
|turn|8
|
|t:|1756763691
|move|p1b: Pelipper|Muddy Water|p2a: Dondozo|[spread] p2a
|-miss|p1b: Pelipper|p2b: Tatsugiri
|-resisted|p2a: Dondozo
|-damage|p2a: Dondozo|25/100
|move|p1a: Ursaluna|Facade|p2a: Dondozo
|-damage|p2a: Dondozo|0 fnt
|faint|p2a: Dondozo
|
|-weather|RainDance|[upkeep]
|-damage|p1a: Ursaluna|27/100 brn|[from] brn
|upkeep
|
|t:|1756763697
|switch|p2a: Ursaluna|Ursaluna-Bloodmoon, L50, M|38/100
|turn|9
|
|t:|1756763709
|move|p2b: Tatsugiri|Protect|p2b: Tatsugiri
|-singleturn|p2b: Tatsugiri|Protect
|move|p2a: Ursaluna|Protect|p2a: Ursaluna
|-singleturn|p2a: Ursaluna|Protect
|move|p1b: Pelipper|Muddy Water|p2b: Tatsugiri|[spread] 
|-activate|p2a: Ursaluna|move: Protect
|-activate|p2b: Tatsugiri|move: Protect
|move|p1a: Ursaluna|Facade|p2b: Tatsugiri
|-activate|p2b: Tatsugiri|move: Protect
|
|-weather|none
|-damage|p1a: Ursaluna|21/100 brn|[from] brn
|upkeep
|turn|10
|
|t:|1756763722
|move|p1b: Pelipper|Muddy Water|p2b: Tatsugiri|[spread] p2a,p2b
|-supereffective|p2a: Ursaluna
|-resisted|p2b: Tatsugiri
|-damage|p2a: Ursaluna|0 fnt
|-damage|p2b: Tatsugiri|91/100
|faint|p2a: Ursaluna
|move|p1a: Ursaluna|Facade|p2b: Tatsugiri
|-damage|p2b: Tatsugiri|0 fnt
|faint|p2b: Tatsugiri
|
|win|kemaho
|raw|kemaho's rating: 1105 → 1136(+31 for winning)
|raw|turbogoddi's rating: 1184 → 1153(-31 for losing)
|c|☆turbogoddi|ggwp
|l|☆turbogoddi
|player|p2|
|c|☆kemaho|gg thx
