|j|☆LeonardPlayz
|j|☆SirSpiderVGC
|html|LeonardPlayzSirSpiderVGC    
|uhtml|bestof|Game 2 of a best-of-3
|t:|1783412351
|gametype|doubles
|player|p1|LeonardPlayz|hilbert-wonderlauncher|1255
|player|p2|SirSpiderVGC|lusamine-nihilego|1168
|gen|9
|tier|[Gen 9 Champions] VGC 2026 Reg M-B (Bo3)
|rated|
|rule|Species Clause: Limit one of each Pokémon
|rule|Item Clause: Limit 1 of each item
|clearpoke
|poke|p1|Gengar, L50, M|
|poke|p1|Grimmsnarl, L50, M|
|poke|p1|Incineroar, L50, F|
|poke|p1|Kommo-o, L50, F|
|poke|p1|Kingambit, L50, M|
|poke|p1|Vivillon, L50, F|
|poke|p2|Pyroar, L50, F|
|poke|p2|Aerodactyl, L50, F|
|poke|p2|Venusaur, L50, M|
|poke|p2|Torkoal, L50, F|
|poke|p2|Farigiraf, L50, F|
|poke|p2|Scrafty, L50, F|
|teampreview|4
|showteam|p1|Gengar||Gengarite|CursedBody|ShadowBall,PerishSong,SludgeBomb,Protect|Timid||M|||50|]Grimmsnarl||LightClay|Prankster|FakeOut,PartingShot,Reflect,LightScreen|Impish||M|||50|]Incineroar||SitrusBerry|Intimidate|FakeOut,ThroatChop,PartingShot,Protect|Careful||F|||50|]Kommo-o||Leftovers|Soundproof|AuraSphere,ClangingScales,ClangorousSoul,Protect|Serious||F|||50|]Kingambit||FocusSash|Defiant|SuckerPunch,IronHead,MeanLook,Protect|Adamant||M|||50|]Vivillon||ChoiceScarf|CompoundEyes|RagePowder,SleepPowder,Hurricane,Uturn|Timid||F|||50|
|showteam|p2|Pyroar||Pyroarite|Unnerve|Overheat,HeatWave,SolarBeam,Protect|Timid||F|||50|]Aerodactyl||ExpertBelt|Unnerve|RockSlide,IceFang,Taunt,Protect|Adamant||F|||50|]Venusaur||LifeOrb|Chlorophyll|EnergyBall,SludgeBomb,EarthPower,Protect|Modest||M|||50|]Torkoal||Charcoal|Drought|Eruption,WeatherBall,HelpingHand,Protect|Quiet||F|||50|]Farigiraf||SitrusBerry|ArmorTail|TwinBeam,Thunderbolt,TrickRoom,Protect|Quiet||F|||50|]Scrafty||Scraftinite|Intimidate|CloseCombat,KnockOff,IcePunch,FakeOut|Brave||F|||50|
|inactive|Battle timer is ON: inactive players will automatically lose when time's up. (requested by LeonardPlayz)
|
|t:|1783412375
|teamsize|p1|4
|teamsize|p2|4
|start
|switch|p1a: Gengar|Gengar, L50, M|100/100
|switch|p1b: Vivillon|Vivillon, L50, F|100/100
|switch|p2a: Scrafty|Scrafty, L50, F|100/100
|switch|p2b: Farigiraf|Farigiraf, L50, F|100/100
|-ability|p2a: Scrafty|Intimidate|boost
|-unboost|p1a: Gengar|atk|1
|-unboost|p1b: Vivillon|atk|1
|turn|1
|inactive|SirSpiderVGC has 30 seconds left.
|
|t:|1783412400
|detailschange|p1a: Gengar|Gengar-Mega, L50, M
|-mega|p1a: Gengar|Gengar|Gengarite
|detailschange|p2a: Scrafty|Scrafty-Mega, L50, F
|-mega|p2a: Scrafty|Scrafty|Scraftinite
|-ability|p2a: Scrafty|Intimidate|boost
|-unboost|p1a: Gengar|atk|1
|-unboost|p1b: Vivillon|atk|1
|move|p2a: Scrafty|Fake Out|p1b: Vivillon
|-damage|p1b: Vivillon|68/100
|cant|p1b: Vivillon|flinch
|move|p1a: Gengar|Perish Song|p1a: Gengar
|-start|p1a: Gengar|perish3|[silent]
|-start|p1b: Vivillon|perish3|[silent]
|-start|p2a: Scrafty|perish3|[silent]
|-start|p2b: Farigiraf|perish3|[silent]
|-fieldactivate|move: Perish Song
|move|p2b: Farigiraf|Twin Beam|p1a: Gengar
|-supereffective|p1a: Gengar|1
|-damage|p1a: Gengar|60/100
|-supereffective|p1a: Gengar|1
|-damage|p1a: Gengar|26/100
|-hitcount|p1a: Gengar|2
|
|-start|p1b: Vivillon|perish3
|-start|p1a: Gengar|perish3
|-start|p2a: Scrafty|perish3
|-start|p2b: Farigiraf|perish3
|upkeep
|turn|2
|inactive|SirSpiderVGC has 30 seconds left.
|
|t:|1783412426
|move|p1a: Gengar|Protect|p1a: Gengar
|-singleturn|p1a: Gengar|Protect
|move|p1b: Vivillon|Sleep Powder|p2a: Scrafty
|-status|p2a: Scrafty|slp|[from] move: Sleep Powder
|cant|p2a: Scrafty|slp
|move|p2b: Farigiraf|Thunderbolt|p1b: Vivillon
|-supereffective|p1b: Vivillon|1
|-damage|p1b: Vivillon|0 fnt
|faint|p1b: Vivillon
|
|-start|p1a: Gengar|perish2
|-start|p2a: Scrafty|perish2
|-start|p2b: Farigiraf|perish2
|upkeep
|
|t:|1783412442
|switch|p1b: Incineroar|Incineroar, L50, F|100/100
|-ability|p1b: Incineroar|Intimidate|boost
|-unboost|p2a: Scrafty|atk|1
|-unboost|p2b: Farigiraf|atk|1
|turn|3
|
|t:|1783412458
|switch|p1a: Kommo-o|Kommo-o, L50, F|100/100
|move|p1b: Incineroar|Parting Shot|p2b: Farigiraf
|-unboost|p2b: Farigiraf|atk|1
|-unboost|p2b: Farigiraf|spa|1
|
|t:|1783412463
|switch|p1b: Gengar|Gengar-Mega, L50, M|26/100|[from] Parting Shot
|cant|p2a: Scrafty|slp
|move|p2b: Farigiraf|Twin Beam|p1a: Kommo-o
|-supereffective|p1a: Kommo-o|1
|-damage|p1a: Kommo-o|75/100
|-supereffective|p1a: Kommo-o|1
|-damage|p1a: Kommo-o|48/100
|-hitcount|p1a: Kommo-o|2
|
|-heal|p1a: Kommo-o|54/100|[from] item: Leftovers
|-start|p2a: Scrafty|perish1
|-start|p2b: Farigiraf|perish1
|upkeep
|turn|4
|
|t:|1783412478
|move|p1b: Gengar|Protect|p1b: Gengar
|-singleturn|p1b: Gengar|Protect
|move|p1a: Kommo-o|Protect|p1a: Kommo-o
|-singleturn|p1a: Kommo-o|Protect
|-curestatus|p2a: Scrafty|slp|[msg]
|move|p2a: Scrafty|Knock Off|p1b: Gengar
|-activate|p1b: Gengar|move: Protect
|move|p2b: Farigiraf|Twin Beam|p1a: Kommo-o
|-activate|p1a: Kommo-o|move: Protect
|
|-heal|p1a: Kommo-o|60/100|[from] item: Leftovers
|-start|p2a: Scrafty|perish0
|-start|p2b: Farigiraf|perish0
|faint|p2a: Scrafty
|faint|p2b: Farigiraf
|upkeep
|
|t:|1783412483
|switch|p2a: Torkoal|Torkoal, L50, F|100/100
|switch|p2b: Venusaur|Venusaur, L50, M|100/100
|-weather|SunnyDay|[from] ability: Drought|[of] p2a: Torkoal
|turn|5
|
|t:|1783412496
|move|p2a: Torkoal|Protect|p2a: Torkoal
|-singleturn|p2a: Torkoal|Protect
|move|p2b: Venusaur|Earth Power|p1b: Gengar
|-supereffective|p1b: Gengar|1
|-damage|p1b: Gengar|0 fnt
|faint|p1b: Gengar
|-damage|p2b: Venusaur|90/100|[from] item: Life Orb
|move|p1a: Kommo-o|Clanging Scales|p2b: Venusaur|[spread] p2b
|-activate|p2a: Torkoal|move: Protect
|-damage|p2b: Venusaur|51/100
|-unboost|p1a: Kommo-o|def|1
|
|-weather|SunnyDay|[upkeep]
|-heal|p1a: Kommo-o|65/100|[from] item: Leftovers
|upkeep
|
|t:|1783412507
|switch|p1b: Incineroar|Incineroar, L50, F|100/100
|-ability|p1b: Incineroar|Intimidate|boost
|-unboost|p2a: Torkoal|atk|1
|-unboost|p2b: Venusaur|atk|1
|turn|6
|
|t:|1783412517
|move|p2b: Venusaur|Protect|p2b: Venusaur
|-singleturn|p2b: Venusaur|Protect
|move|p2a: Torkoal|Protect||[still]
|-fail|p2a: Torkoal
|move|p1b: Incineroar|Fake Out|p2a: Torkoal
|-damage|p2a: Torkoal|91/100
|move|p1a: Kommo-o|Clangorous Soul|p1a: Kommo-o
|-boost|p1a: Kommo-o|atk|1
|-boost|p1a: Kommo-o|def|1
|-boost|p1a: Kommo-o|spa|1
|-boost|p1a: Kommo-o|spd|1
|-boost|p1a: Kommo-o|spe|1
|-damage|p1a: Kommo-o|32/100
|
|-weather|SunnyDay|[upkeep]
|-heal|p1a: Kommo-o|38/100|[from] item: Leftovers
|upkeep
|turn|7
|
|t:|1783412531
|move|p2a: Torkoal|Helping Hand|p2b: Venusaur
|-singleturn|p2b: Venusaur|Helping Hand|[of] p2a: Torkoal
|move|p2b: Venusaur|Sludge Bomb|p1a: Kommo-o
|-damage|p1a: Kommo-o|0 fnt
|faint|p1a: Kommo-o
|-damage|p2b: Venusaur|41/100|[from] item: Life Orb
|move|p1b: Incineroar|Throat Chop|p2b: Venusaur
|-damage|p2b: Venusaur|2/100
|-start|p2b: Venusaur|Throat Chop|[silent]
|
|-weather|SunnyDay|[upkeep]
|upkeep
|turn|8
|
|t:|1783412541
|move|p2a: Torkoal|Helping Hand|p2b: Venusaur
|-singleturn|p2b: Venusaur|Helping Hand|[of] p2a: Torkoal
|move|p2b: Venusaur|Earth Power|p1b: Incineroar
|-supereffective|p1b: Incineroar|1
|-damage|p1b: Incineroar|1/100
|-unboost|p1b: Incineroar|spd|1
|-enditem|p1b: Incineroar|Sitrus Berry|[eat]
|-heal|p1b: Incineroar|25/100|[from] item: Sitrus Berry
|-damage|p2b: Venusaur|0 fnt|[from] item: Life Orb
|faint|p2b: Venusaur
|move|p1b: Incineroar|Throat Chop|p2a: Torkoal
|-damage|p2a: Torkoal|69/100
|-start|p2a: Torkoal|Throat Chop|[silent]
|
|-weather|SunnyDay|[upkeep]
|upkeep
|turn|9
|
|t:|1783412552
|move|p1b: Incineroar|Protect|p1b: Incineroar
|-singleturn|p1b: Incineroar|Protect
|move|p2a: Torkoal|Weather Ball|p1b: Incineroar
|-activate|p1b: Incineroar|move: Protect
|
|-weather|none
|-end|p2a: Torkoal|Throat Chop|[silent]
|upkeep
|turn|10
|
|t:|1783412558
|move|p1b: Incineroar|Throat Chop|p2a: Torkoal
|-damage|p2a: Torkoal|46/100
|-start|p2a: Torkoal|Throat Chop|[silent]
|move|p2a: Torkoal|Weather Ball|p1b: Incineroar
|-damage|p1b: Incineroar|8/100
|
|upkeep
|turn|11
|
|t:|1783412565
|move|p1b: Incineroar|Throat Chop|p2a: Torkoal
|-crit|p2a: Torkoal
|-damage|p2a: Torkoal|11/100
|move|p2a: Torkoal|Weather Ball|p1b: Incineroar
|-damage|p1b: Incineroar|0 fnt
|faint|p1b: Incineroar
|
|win|SirSpiderVGC
||LeonardPlayz is ready for game 3.
||SirSpiderVGC is ready for game 3.
|uhtml|next|Next: Game 3 of 3
|l|☆SirSpiderVGC
|player|p2|
