|j|☆guavashakeer
|j|☆Phatcok
|html|guavashakeerPhatcok    
|uhtml|bestof|Game 1 of a best-of-3
|t:|1784597558
|gametype|doubles
|player|p1|guavashakeer|ltsurge|1000
|player|p2|Phatcok|2|1028
|gen|9
|tier|[Gen 9 Champions] VGC 2026 Reg M-B (Bo3)
|rated|
|rule|Species Clause: Limit one of each Pokémon
|rule|Item Clause: Limit 1 of each item
|clearpoke
|poke|p1|Farigiraf, L50, M|
|poke|p1|Pelipper, L50, M|
|poke|p1|Swampert, L50, F|
|poke|p1|Sneasler, L50, M|
|poke|p1|Crabominable, L50, M|
|poke|p1|Basculegion-F, L50, F|
|poke|p2|Aggron, L50, F|
|poke|p2|Farigiraf, L50, F|
|poke|p2|Tyranitar, L50, F|
|poke|p2|Houndstone, L50, M|
|poke|p2|Sylveon, L50, F|
|poke|p2|Basculegion, L50, M|
|teampreview|4
|showteam|p1|Farigiraf||IronBall|ArmorTail|TrickRoom,FutureSight,ExpandingForce,Earthquake|Quiet||M|||50|]Pelipper||FocusSash|Drizzle|Tailwind,AirSlash,QuickAttack,Protect|Relaxed||M|||50|]Swampert||Swampertite|Torrent|WeatherBall,FocusBlast,WaveCrash,Earthquake|Brave||F|||50|]Sneasler||SitrusBerry|Pressure|FakeOut,Uturn,NightSlash,PoisonJab|Jolly||M|||50|]Crabominable||BlackBelt|IronFist|DrainPunch,IcePunch,MachPunch,DynamicPunch|Adamant||M|||50|]Basculegion-F||WideLens|SwiftSwim|HydroPump,PhantomForce,IceBeam,MuddyWater|Mild||F|||50|
|showteam|p2|Aggron||Aggronite|Sturdy|IronDefense,BodyPress,HeavySlam,Protect|Relaxed||F|||50|]Farigiraf||MentalHerb|CudChew|TrickRoom,HelpingHand,LightScreen,Psychic|Relaxed||F|||50|]Tyranitar||Tyranitarite|SandStream|RockSlide,Crunch,Protect|Brave||F|||50|]Houndstone||FocusSash|SandRush|AllySwitch,Poltergeist,WillOWisp,ShadowSneak|Jolly||M|||50|]Sylveon||BabiriBerry|CuteCharm|HyperVoice,Yawn,HelpingHand,Protect|Modest||F|||50|]Basculegion||ChoiceScarf|Adaptability|LastRespects,AquaJet,WaveCrash,FlipTurn|Jolly||M|||50|
|
|t:|1784597618
|teamsize|p1|4
|teamsize|p2|4
|start
|switch|p1a: Swampert|Swampert, L50, F|100/100
|switch|p1b: Crabominable|Crabominable, L50, M|100/100
|switch|p2a: Tyranitar|Tyranitar, L50, F|100/100
|switch|p2b: Houndstone|Houndstone, L50, M|100/100
|-weather|Sandstorm|[from] ability: Sand Stream|[of] p2a: Tyranitar
|turn|1
|
|t:|1784597645
|switch|p1a: Farigiraf|Farigiraf, L50, M|100/100
|move|p2a: Tyranitar|Protect|p2a: Tyranitar
|-singleturn|p2a: Tyranitar|Protect
|move|p2b: Houndstone|Will-O-Wisp|p1b: Crabominable
|-status|p1b: Crabominable|brn
|move|p1b: Crabominable|Drain Punch|p2a: Tyranitar
|-activate|p2a: Tyranitar|move: Protect
|
|-weather|Sandstorm|[upkeep]
|-damage|p1b: Crabominable|94/100 brn|[from] Sandstorm
|-damage|p1a: Farigiraf|93/100|[from] Sandstorm
|-damage|p1b: Crabominable|88/100 brn|[from] brn
|upkeep
|turn|2
|
|t:|1784597677
|move|p2b: Houndstone|Ally Switch|p2b: Houndstone
|swap|p2b: Houndstone|0|[from] move: Ally Switch
|move|p2b: Tyranitar|Crunch|p1a: Farigiraf
|-supereffective|p1a: Farigiraf|1
|-damage|p1a: Farigiraf|1/100
|move|p1b: Crabominable|Drain Punch|p2a: Houndstone
|-immune|p2a: Houndstone
|move|p1a: Farigiraf|Trick Room|p1a: Farigiraf
|-fieldstart|move: Trick Room|[of] p1a: Farigiraf
|
|-weather|Sandstorm|[upkeep]
|-damage|p1a: Farigiraf|0 fnt|[from] Sandstorm
|-damage|p1b: Crabominable|82/100 brn|[from] Sandstorm
|faint|p1a: Farigiraf
|-damage|p1b: Crabominable|76/100 brn|[from] brn
|upkeep
|
|t:|1784597690
|switch|p1a: Pelipper|Pelipper, L50, M|100/100
|-weather|RainDance|[from] ability: Drizzle|[of] p1a: Pelipper
|turn|3
|
|t:|1784597717
|move|p2b: Tyranitar|Protect|p2b: Tyranitar
|-singleturn|p2b: Tyranitar|Protect
|move|p1a: Pelipper|Protect|p1a: Pelipper
|-singleturn|p1a: Pelipper|Protect
|move|p1b: Crabominable|Drain Punch|p2b: Tyranitar
|-activate|p2b: Tyranitar|move: Protect
|move|p2a: Houndstone|Poltergeist|p1b: Crabominable
|-activate|p1b: Crabominable|move: Poltergeist|Black Belt
|-damage|p1b: Crabominable|24/100 brn
|
|-weather|RainDance|[upkeep]
|-damage|p1b: Crabominable|18/100 brn|[from] brn
|upkeep
|turn|4
|
|t:|1784597734
|switch|p1b: Swampert|Swampert, L50, F|100/100
|move|p2a: Houndstone|Ally Switch|p2a: Houndstone
|swap|p2a: Houndstone|1|[from] move: Ally Switch
|move|p2a: Tyranitar|Rock Slide|p1a: Pelipper|[spread] p1a,p1b
|-supereffective|p1a: Pelipper|1
|-resisted|p1b: Swampert|1
|-damage|p1a: Pelipper|44/100
|-damage|p1b: Swampert|81/100
|cant|p1a: Pelipper|flinch
|
|-weather|RainDance|[upkeep]
|upkeep
|turn|5
|
|t:|1784597755
|move|p1a: Pelipper|Protect|p1a: Pelipper
|-singleturn|p1a: Pelipper|Protect
|move|p2a: Tyranitar|Crunch|p1a: Pelipper
|-activate|p1a: Pelipper|move: Protect
|move|p1b: Swampert|Wave Crash|p2a: Tyranitar
|-supereffective|p2a: Tyranitar|1
|-damage|p2a: Tyranitar|0 fnt
|faint|p2a: Tyranitar
|-damage|p1b: Swampert|43/100|[from] Recoil
|move|p2b: Houndstone|Will-O-Wisp|p1b: Swampert
|-status|p1b: Swampert|brn
|
|-weather|RainDance|[upkeep]
|-damage|p1b: Swampert|37/100 brn|[from] brn
|upkeep
|
|t:|1784597770
|switch|p2a: Aggron|Aggron, L50, F|100/100
|turn|6
|
|t:|1784597790
|detailschange|p2a: Aggron|Aggron-Mega, L50, F
|-mega|p2a: Aggron|Aggron|Aggronite
|move|p2b: Houndstone|Shadow Sneak|p1a: Pelipper
|-damage|p1a: Pelipper|30/100
|move|p2a: Aggron|Iron Defense|p2a: Aggron
|-boost|p2a: Aggron|def|2
|move|p1b: Swampert|Focus Blast|p2a: Aggron
|-supereffective|p2a: Aggron|1
|-damage|p2a: Aggron|43/100
|move|p1a: Pelipper|Air Slash|p2b: Houndstone
|-damage|p2b: Houndstone|69/100
|
|-weather|RainDance|[upkeep]
|-damage|p1b: Swampert|31/100 brn|[from] brn
|-fieldend|move: Trick Room
|upkeep
|turn|7
|
|t:|1784597835
|move|p1a: Pelipper|Protect|p1a: Pelipper
|-singleturn|p1a: Pelipper|Protect
|move|p2b: Houndstone|Ally Switch|p2b: Houndstone
|swap|p2b: Houndstone|0|[from] move: Ally Switch
|move|p1b: Swampert|Earthquake|p2a: Houndstone|[spread] p2a,p2b
|-activate|p1a: Pelipper|move: Protect
|-supereffective|p2b: Aggron|1
|-damage|p2a: Houndstone|47/100
|-damage|p2b: Aggron|38/100
|move|p2b: Aggron|Heavy Slam|p1a: Pelipper
|-activate|p1a: Pelipper|move: Protect
|
|-weather|none
|-damage|p1b: Swampert|24/100 brn|[from] brn
|upkeep
|turn|8
|
|t:|1784597861
|switch|p2b: Sylveon|Sylveon, L50, F|100/100
|detailschange|p1b: Swampert|Swampert-Mega, L50, F
|-mega|p1b: Swampert|Swampert|Swampertite
|move|p1a: Pelipper|Protect||[still]
|-fail|p1a: Pelipper
|move|p2a: Houndstone|Poltergeist|p1b: Swampert
|-activate|p1b: Swampert|move: Poltergeist|Swampertite
|-damage|p1b: Swampert|0 fnt
|faint|p1b: Swampert
|
|upkeep
|
|t:|1784597874
|switch|p1b: Crabominable|Crabominable, L50, M|18/100 brn
|turn|9
|
|t:|1784597913
|move|p2a: Houndstone|Poltergeist|p1b: Crabominable
|-activate|p1b: Crabominable|move: Poltergeist|Black Belt
|-damage|p1b: Crabominable|0 fnt
|faint|p1b: Crabominable
|move|p2b: Sylveon|Hyper Voice|p1a: Pelipper
|-damage|p1a: Pelipper|0 fnt
|faint|p1a: Pelipper
|
|win|Phatcok
||guavashakeer is ready for game 2.
|inactive|Phatcok has 30 seconds to confirm battle start!
