|j|☆ShakenNBaken027
|j|☆iamtheratkng
|html|ShakenNBaken027iamtheratkng    
|uhtml|bestof|Game 1 of a best-of-3
|t:|1783131229
|gametype|doubles
|player|p1|ShakenNBaken027|266|
|player|p2|iamtheratkng|101|
|gen|9
|tier|[Gen 9 Champions] VGC 2026 Reg M-B (Bo3)
|rule|Species Clause: Limit one of each Pokémon
|rule|Item Clause: Limit 1 of each item
|clearpoke
|poke|p1|Floette-Eternal, L50, F|
|poke|p1|Sinistcha-Masterpiece, L50|
|poke|p1|Glimmora, L50, F|
|poke|p1|Meowstic, L50, M|
|poke|p1|Toxapex, L50, M|
|poke|p1|Armarouge, L50, F|
|poke|p2|Lucario, L50, M|
|poke|p2|Gengar, L50, F|
|poke|p2|Garchomp, L50, F|
|poke|p2|Blastoise, L50, F|
|poke|p2|Skeledirge, L50, M|
|poke|p2|Raichu, L50, M|
|teampreview|4
|showteam|p1|Floette-Eternal||Floettite|FlowerVeil|DazzlingGleam,DrainingKiss,Protect,LightofRuin|Timid||F|||50|]Sinistcha-Masterpiece||FocusSash|Hospitality|MatchaGotcha,RagePowder,Protect,ShadowBall|Bold|||||50|]Glimmora||Glimmoranite|ToxicDebris|SludgeWave,PowerGem,EarthPower,Spikes|Timid||F|||50|]Meowstic||QuickClaw|Prankster|FakeOut,LightScreen,Reflect,PsychicTerrain|Careful||M|||50|]Toxapex||PoisonBarb|Merciless|BanefulBunker,Liquidation,GunkShot,Hex|Brave||M|||50|]Armarouge||ExpertBelt|WeakArmor|WillOWisp,ExpandingForce,HeatWave,DarkPulse|Modest||F|||50|
|showteam|p2|Lucario||Lucarionite|Steadfast|AuraSphere,BrickBreak,CircleThrow,DragonPulse|Serious||M|||50|]Gengar|||CursedBody|DestinyBond,GunkShot,Haze,ClearSmog|Serious||F|||50|]Garchomp|||SandVeil|DracoMeteor,DragonPulse,BrickBreak,IronHead|Serious||F|||50|]Blastoise||Blastoisinite|Torrent|AuraSphere,BodyPress,DragonPulse,FlashCannon|Serious||F|||50|]Skeledirge|||Blaze|Crunch,Hex,FireBlast,FlameCharge|Serious||M|||50|]Raichu|||Static|IronTail,KnockOff,FocusPunch,Discharge|Modest||M|||50|
|
|t:|1783131324
|teamsize|p1|4
|teamsize|p2|4
|start
|switch|p1a: Glimmora|Glimmora, L50, F|100/100
|switch|p1b: Toxapex|Toxapex, L50, M|100/100
|switch|p2a: Raichu|Raichu, L50, M|100/100
|switch|p2b: 유진|Gengar, L50, F|100/100
|turn|1
|
|t:|1783131362
|move|p1b: Toxapex|Baneful Bunker|p1b: Toxapex
|-singleturn|p1b: Toxapex|move: Protect
|move|p1a: Glimmora|Earth Power|p2b: 유진
|-supereffective|p2b: 유진|1
|-damage|p2b: 유진|20/100r
|-start|p1a: Glimmora|Disable|Earth Power|[from] ability: Cursed Body|[of] p2b: 유진
|move|p2a: Raichu|Discharge|p1b: Toxapex|[spread] p2b,p1a
|-activate|p1b: Toxapex|move: Protect
|-damage|p2b: 유진|0 fnt
|-damage|p1a: Glimmora|73/100
|faint|p2b: 유진
|
|upkeep
|
|t:|1783131380
|switch|p2b: fat chud|Garchomp, L50, F|100/100
|turn|2
|
|t:|1783131438
|switch|p1a: Sinistcha|Sinistcha-Masterpiece, L50|100/100
|move|p2a: Raichu|Discharge|p1a: Sinistcha|[spread] p1a,p1b
|-immune|p2b: fat chud
|-resisted|p1a: Sinistcha|1
|-supereffective|p1b: Toxapex|1
|-damage|p1a: Sinistcha|87/100
|-damage|p1b: Toxapex|65/100
|-status|p1b: Toxapex|par
|move|p2b: fat chud|Dragon Pulse|p1b: Toxapex
|-damage|p1b: Toxapex|40/100 par
|move|p1b: Toxapex|Liquidation|p2b: fat chud
|-damage|p2b: fat chud|70/100
|
|upkeep
|turn|3
|
|t:|1783131479
|move|p1b: Toxapex|Baneful Bunker|p1b: Toxapex
|-singleturn|p1b: Toxapex|move: Protect
|move|p2a: Raichu|Knock Off|p1b: Toxapex
|-activate|p1b: Toxapex|move: Protect
|-status|p2a: Raichu|psn
|move|p2b: fat chud|Dragon Pulse|p1a: Sinistcha
|-damage|p1a: Sinistcha|50/100y
|move|p1a: Sinistcha|Matcha Gotcha|p2b: fat chud|[spread] p2a,p2b
|-damage|p2a: Raichu|68/100 psn
|-heal|p1a: Sinistcha|62/100|[from] drain|[of] p2a: Raichu
|-damage|p2b: fat chud|49/100
|-heal|p1a: Sinistcha|74/100|[from] drain|[of] p2b: fat chud
|
|-damage|p2a: Raichu|56/100 psn|[from] psn
|upkeep
|turn|4
|
|t:|1783131510
|switch|p1a: Floette|Floette-Eternal, L50, F|100/100
|switch|p1b: Glimmora|Glimmora, L50, F|73/100
|-singleturn|p2a: Raichu|move: Focus Punch
|move|p2b: fat chud|Brick Break|p1b: Glimmora
|-damage|p1b: Glimmora|46/100
|-activate|p1b: Glimmora|ability: Toxic Debris
|-sidestart|p2: iamtheratkng|move: Toxic Spikes
|move|p2a: Raichu|Focus Punch|p1b: Glimmora
|-damage|p1b: Glimmora|11/100
|-activate|p1b: Glimmora|ability: Toxic Debris
|-sidestart|p2: iamtheratkng|move: Toxic Spikes
|
|-damage|p2a: Raichu|44/100 psn|[from] psn
|upkeep
|turn|5
|
|t:|1783131538
|detailschange|p1a: Floette|Floette-Mega, L50, F
|-mega|p1a: Floette|Floette|Floettite
|-ability|p1a: Floette|Fairy Aura
|-singleturn|p2a: Raichu|move: Focus Punch
|move|p1a: Floette|Dazzling Gleam|p2a: Raichu|[spread] p2a,p2b
|-supereffective|p2b: fat chud|1
|-damage|p2a: Raichu|0 fnt
|-damage|p2b: fat chud|0 fnt
|faint|p2a: Raichu
|faint|p2b: fat chud
|move|p1b: Glimmora|Earth Power|p2: Raichu|[notarget]
|-fail|p1b: Glimmora
|
|upkeep
|
|t:|1783131555
|switch|p2b: leonardo dihcaprio|Lucario, L50, M|100/100
|turn|6
|
|t:|1783131571
|move|p1a: Floette|Protect|p1a: Floette
|-singleturn|p1a: Floette|Protect
|move|p1b: Glimmora|Earth Power|p2b: leonardo dihcaprio
|-supereffective|p2b: leonardo dihcaprio|1
|-damage|p2b: leonardo dihcaprio|9/100
|move|p2b: leonardo dihcaprio|Brick Break|p1b: Glimmora
|-damage|p1b: Glimmora|0 fnt
|faint|p1b: Glimmora
|
|upkeep
|
|t:|1783131584
|switch|p1b: Sinistcha|Sinistcha-Masterpiece, L50|74/100
|turn|7
|
|t:|1783131606
|detailschange|p2b: leonardo dihcaprio|Lucario-Mega, L50, M
|-mega|p2b: leonardo dihcaprio|Lucario|Lucarionite
|move|p1b: Sinistcha|Rage Powder|p1b: Sinistcha
|-singleturn|p1b: Sinistcha|move: Rage Powder
|move|p1a: Floette|Light of Ruin|p2b: leonardo dihcaprio
|-damage|p2b: leonardo dihcaprio|0 fnt
|faint|p2b: leonardo dihcaprio
|-damage|p1a: Floette|94/100|[from] Recoil
|
|win|ShakenNBaken027
|inactive|ShakenNBaken027 has 30 seconds to confirm battle start!
|inactive|iamtheratkng has 30 seconds to confirm battle start!
|inactive|ShakenNBaken027 has 20 seconds to confirm battle start!
|inactive|iamtheratkng has 20 seconds to confirm battle start!
|inactive|ShakenNBaken027 has 10 seconds to confirm battle start!
|inactive|iamtheratkng has 10 seconds to confirm battle start!
||ShakenNBaken027 is ready for game 2.
|uhtml|next|Next: Game 2 of 3
|l|☆iamtheratkng
|player|p2|
|n|☆ShakenNBaken027|shakennbaken027
|n|☆ShakenNBaken027|shakennbaken027
