|j|☆swarley3000
|j|☆olciax34
|html|swarley3000olciax34    
|uhtml|bestof|Game 1 of a best-of-3
|t:|1785866682
|gametype|doubles
|player|p1|swarley3000|arven-s|1440
|player|p2|olciax34|266|1352
|gen|9
|tier|[Gen 9 Champions] VGC 2026 Reg M-B (Bo3)
|rated|
|rule|Species Clause: Limit one of each Pokémon
|rule|Item Clause: Limit 1 of each item
|clearpoke
|poke|p1|Whimsicott, L50, F|
|poke|p1|Basculegion, L50, M|
|poke|p1|Kingambit, L50, M|
|poke|p1|Floette-Eternal, L50, F|
|poke|p1|Charizard, L50, M|
|poke|p1|Garchomp, L50, M|
|poke|p2|Incineroar, L50, F|
|poke|p2|Floette-Eternal, L50, F|
|poke|p2|Sinistcha, L50|
|poke|p2|Basculegion, L50, M|
|poke|p2|Glimmora, L50, M|
|poke|p2|Staraptor, L50, F|
|teampreview|4
|showteam|p1|Whimsicott||FocusSash|Prankster|Protect,Moonblast,Encore,Tailwind|Timid||F|||50|]Basculegion||LifeOrb|Adaptability|Protect,WaveCrash,LastRespects,AquaJet|Adamant||M|||50|]Kingambit||BlackGlasses|Defiant|Protect,SuckerPunch,LowKick,KowtowCleave|Adamant||M|||50|]Floette-Eternal||Floettite|FlowerVeil|Protect,Moonblast,DazzlingGleam,LightofRuin|Modest||F|||50|]Charizard||CharizarditeY|Blaze|Protect,HeatWave,WeatherBall,SolarBeam|Modest||M|||50|]Garchomp||SitrusBerry|RoughSkin|PoisonJab,DragonClaw,RockSlide,Earthquake|Adamant||M|||50|
|showteam|p2|Incineroar||SitrusBerry|Intimidate|FakeOut,ThroatChop,FlareBlitz,PartingShot|Careful||F|||50|]Floette-Eternal||Floettite|FlowerVeil|DazzlingGleam,DrainingKiss,CalmMind,Protect|Modest||F|||50|]Sinistcha||ColburBerry|Hospitality|MatchaGotcha,LifeDew,RagePowder,Protect|Calm|||||50|]Basculegion||ChoiceScarf|Adaptability|WaveCrash,FlipTurn,AquaJet,LastRespects|Jolly||M|||50|]Glimmora||FocusSash|ToxicDebris|SludgeBomb,PowerGem,EarthPower,SpikyShield|Modest||M|||50|]Staraptor||Staraptite|Intimidate|DualWingbeat,CloseCombat,Tailwind,Protect|Jolly||F|||50|
|inactive|Battle timer is ON: inactive players will automatically lose when time's up. (requested by swarley3000)
|inactive|swarley3000 has 60 seconds left.
|
|t:|1785866719
|teamsize|p1|4
|teamsize|p2|4
|start
|switch|p1a: Kingambit|Kingambit, L50, M|100/100
|switch|p1b: Floette|Floette-Eternal, L50, F|100/100
|switch|p2a: Floette|Floette-Eternal, L50, F|100/100
|switch|p2b: Glimmora|Glimmora, L50, M|100/100
|turn|1
|
|t:|1785866735
|detailschange|p1b: Floette|Floette-Mega, L50, F
|-mega|p1b: Floette|Floette|Floettite
|-ability|p1b: Floette|Fairy Aura
|detailschange|p2a: Floette|Floette-Mega, L50, F
|-mega|p2a: Floette|Floette|Floettite
|-ability|p2a: Floette|Fairy Aura
|move|p1a: Kingambit|Sucker Punch|p2b: Glimmora
|-damage|p2b: Glimmora|40/100
|-activate|p2b: Glimmora|ability: Toxic Debris
|-sidestart|p1: swarley3000|move: Toxic Spikes
|move|p1b: Floette|Dazzling Gleam|p2b: Glimmora|[spread] p2a,p2b
|-resisted|p2b: Glimmora|1
|-damage|p2a: Floette|63/100
|-damage|p2b: Glimmora|10/100
|move|p2b: Glimmora|Earth Power|p1a: Kingambit
|-supereffective|p1a: Kingambit|1
|-damage|p1a: Kingambit|34/100
|-unboost|p1a: Kingambit|spd|1
|-ability|p1a: Kingambit|Defiant|boost
|-boost|p1a: Kingambit|atk|2
|move|p2a: Floette|Dazzling Gleam|p1b: Floette|[spread] p1a,p1b
|-damage|p1a: Kingambit|0 fnt
|-damage|p1b: Floette|64/100
|faint|p1a: Kingambit
|
|upkeep
|j| intifadaaa
|
|t:|1785866749
|switch|p1a: Basculegion|Basculegion, L50, M|100/100
|-status|p1a: Basculegion|psn
|turn|2
|inactive|olciax34 has 30 seconds left.
|
|t:|1785866784
|switch|p2b: Incineroar|Incineroar, L50, F|100/100
|-ability|p2b: Incineroar|Intimidate|boost
|-unboost|p1a: Basculegion|atk|1
|-unboost|p1b: Floette|atk|1
|move|p2a: Floette|Protect|p2a: Floette
|-singleturn|p2a: Floette|Protect
|move|p1b: Floette|Dazzling Gleam|p2a: Floette|[spread] p2b
|-activate|p2a: Floette|move: Protect
|-damage|p2b: Incineroar|63/100
|move|p1a: Basculegion|Wave Crash|p2b: Incineroar
|-supereffective|p2b: Incineroar|1
|-damage|p2b: Incineroar|0 fnt
|faint|p2b: Incineroar
|-damage|p1a: Basculegion|77/100 psn|[from] Recoil
|-damage|p1a: Basculegion|68/100 psn|[from] item: Life Orb
|
|-damage|p1a: Basculegion|55/100 psn|[from] psn
|upkeep
|
|t:|1785866800
|switch|p2b: Sinistcha|Sinistcha, L50|100/100
|-heal|p2a: Floette|88/100|[from] ability: Hospitality|[of] p2b: Sinistcha
|turn|3
|
|t:|1785866813
|switch|p1a: Whimsicott|Whimsicott, L50, F|100/100
|-status|p1a: Whimsicott|psn
|move|p2b: Sinistcha|Rage Powder|p2b: Sinistcha
|-singleturn|p2b: Sinistcha|move: Rage Powder
|move|p1b: Floette|Dazzling Gleam|p2b: Sinistcha|[spread] p2a,p2b
|-damage|p2a: Floette|47/100
|-damage|p2b: Sinistcha|57/100
|move|p2a: Floette|Dazzling Gleam|p1a: Whimsicott|[spread] p1a,p1b
|-damage|p1a: Whimsicott|25/100 psn
|-damage|p1b: Floette|26/100
|
|-damage|p1a: Whimsicott|13/100 psn|[from] psn
|upkeep
|turn|4
|
|t:|1785866832
|move|p1a: Whimsicott|Moonblast|p2a: Floette
|-damage|p2a: Floette|12/100
|move|p1b: Floette|Dazzling Gleam|p2b: Sinistcha|[spread] p2a,p2b
|-damage|p2a: Floette|0 fnt
|-damage|p2b: Sinistcha|15/100
|faint|p2a: Floette
|move|p2b: Sinistcha|Matcha Gotcha|p1a: Whimsicott|[spread] p1a,p1b
|-resisted|p1a: Whimsicott|1
|-damage|p1a: Whimsicott|0 fnt
|-heal|p2b: Sinistcha|20/100y|[from] drain|[of] p1a: Whimsicott
|-damage|p1b: Floette|7/100
|-heal|p2b: Sinistcha|28/100|[from] drain|[of] p1b: Floette
|faint|p1a: Whimsicott
|
|upkeep
|
|t:|1785866845
|switch|p1a: Basculegion|Basculegion, L50, M|55/100 psn
|switch|p2a: Glimmora|Glimmora, L50, M|10/100
|turn|5
|
|t:|1785866855
|move|p2a: Glimmora|Spiky Shield|p2a: Glimmora
|-singleturn|p2a: Glimmora|move: Protect
|move|p1b: Floette|Dazzling Gleam|p2a: Glimmora|[spread] p2b
|-activate|p2a: Glimmora|move: Protect
|-damage|p2b: Sinistcha|0 fnt
|faint|p2b: Sinistcha
|move|p1a: Basculegion|Last Respects|p2a: Glimmora
|-activate|p2a: Glimmora|move: Protect
|
|-damage|p1a: Basculegion|43/100 psn|[from] psn
|upkeep
|turn|6
|-message|olciax34 forfeited.
|
|win|swarley3000
