|j|☆almagroalanzarote
|j|☆BeckVGC
|html|almagroalanzaroteBeckVGC    
|uhtml|bestof|Game 1 of a best-of-3
|t:|1784679423
|gametype|doubles
|player|p1|almagroalanzarote|nate|1211
|player|p2|BeckVGC|roughneck-gen4|1098
|gen|9
|tier|[Gen 9 Champions] VGC 2026 Reg M-B (Bo3)
|rated|
|rule|Species Clause: Limit one of each Pokémon
|rule|Item Clause: Limit 1 of each item
|clearpoke
|poke|p1|Blastoise, L50, F|
|poke|p1|Delphox, L50, M|
|poke|p1|Sneasler, L50, M|
|poke|p1|Incineroar, L50, M|
|poke|p1|Kingambit, L50, M|
|poke|p1|Sinistcha, L50|
|poke|p2|Liepard, L50, F|
|poke|p2|Primarina, L50, M|
|poke|p2|Delphox, L50, M|
|poke|p2|Garchomp, L50, M|
|poke|p2|Araquanid, L50, M|
|poke|p2|Tsareena, L50, F|
|teampreview|4
|showteam|p1|Blastoise||Blastoisinite|RainDish|WaterSpout,DarkPulse,ShellSmash,Protect|Modest||F|||50|]Delphox||Delphoxite|Blaze|HeatWave,Psyshock,NastyPlot,Protect|Timid||M|||50|]Sneasler||FocusSash|PoisonTouch|FakeOut,CloseCombat,DireClaw,QuickGuard|Jolly||M|||50|]Incineroar||SitrusBerry|Intimidate|FakeOut,FlareBlitz,PartingShot,HelpingHand|Impish||M|||50|]Kingambit||BlackGlasses|Defiant|KowtowCleave,SuckerPunch,SwordsDance,Protect|Adamant||M|||50|]Sinistcha||OccaBerry|Hospitality|MatchaGotcha,RagePowder,TrickRoom,Protect|Bold|||||50|
|showteam|p2|Liepard||FocusSash|Prankster|KnockOff,Encore,SunnyDay,FakeOut|Jolly||F|||50|]Primarina||LifeOrb|LiquidVoice|HyperVoice,Moonblast,EnergyBall,Protect|Quiet||M|||50|]Delphox||Delphoxite|Blaze|HeatWave,GrassKnot,Psyshock,Protect|Timid||M|||50|]Garchomp||LumBerry|RoughSkin|RockTomb,DragonClaw,Earthquake,Protect|Adamant||M|||50|]Araquanid||SitrusBerry|WaterBubble|Liquidation,WideGuard,LeechLife,PoisonJab|Brave||M|||50|]Tsareena||ChoiceScarf|QueenlyMajesty|PowerWhip,HighJumpKick,KnockOff,TripleAxel|Jolly||F|||50|
|inactive|Battle timer is ON: inactive players will automatically lose when time's up. (requested by BeckVGC)
|inactive|almagroalanzarote also wants the timer to be on.
|inactive|BeckVGC has 60 seconds left.
|
|t:|1784679468
|teamsize|p1|4
|teamsize|p2|4
|start
|switch|p1a: Delphox|Delphox, L50, M|100/100
|switch|p1b: Incineroar|Incineroar, L50, M|100/100
|switch|p2a: Tsareena|Tsareena, L50, F|100/100
|switch|p2b: Delphox|Delphox, L50, M|100/100
|-ability|p1b: Incineroar|Intimidate|boost
|-unboost|p2a: Tsareena|atk|1
|-unboost|p2b: Delphox|atk|1
|turn|1
|
|t:|1784679491
|switch|p2a: Primarina|Primarina, L50, M|100/100
|detailschange|p1a: Delphox|Delphox-Mega, L50, M
|-mega|p1a: Delphox|Delphox|Delphoxite
|move|p1a: Delphox|Protect|p1a: Delphox
|-singleturn|p1a: Delphox|Protect
|move|p2b: Delphox|Protect|p2b: Delphox
|-singleturn|p2b: Delphox|Protect
|move|p1b: Incineroar|Parting Shot|p2b: Delphox
|-activate|p2b: Delphox|move: Protect
|
|upkeep
|turn|2
|inactive|almagroalanzarote has 30 seconds left.
|
|t:|1784679523
|switch|p1a: Sinistcha|Sinistcha, L50|100/100
|detailschange|p2b: Delphox|Delphox-Mega, L50, M
|-mega|p2b: Delphox|Delphox|Delphoxite
|move|p2b: Delphox|Heat Wave|p1b: Incineroar|[spread] p1a,p1b
|-supereffective|p1a: Sinistcha|1
|-enditem|p1a: Sinistcha|Occa Berry|[eat]
|-enditem|p1a: Sinistcha|Occa Berry|[weaken]
|-resisted|p1b: Incineroar|1
|-damage|p1a: Sinistcha|61/100
|-damage|p1b: Incineroar|77/100
|move|p1b: Incineroar|Parting Shot|p2a: Primarina
|-unboost|p2a: Primarina|atk|1
|-unboost|p2a: Primarina|spa|1
|
|t:|1784679536
|switch|p1b: Sneasler|Sneasler, L50, M|100/100|[from] Parting Shot
|move|p2a: Primarina|Hyper Voice|p1a: Sinistcha|[spread] p1a,p1b
|-resisted|p1a: Sinistcha|1
|-crit|p1b: Sneasler
|-damage|p1a: Sinistcha|45/100
|-damage|p1b: Sneasler|1/100
|-damage|p2a: Primarina|90/100|[from] item: Life Orb
|
|upkeep
|turn|3
|
|t:|1784679548
|switch|p1b: Incineroar|Incineroar, L50, M|77/100
|-ability|p1b: Incineroar|Intimidate|boost
|-unboost|p2a: Primarina|atk|1
|-unboost|p2b: Delphox|atk|1
|switch|p2a: Tsareena|Tsareena, L50, F|100/100
|move|p2b: Delphox|Heat Wave|p1a: Sinistcha|[spread] p1b
|-miss|p2b: Delphox|p1a: Sinistcha
|-resisted|p1b: Incineroar|1
|-damage|p1b: Incineroar|55/100
|move|p1a: Sinistcha|Matcha Gotcha|p2a: Tsareena|[spread] p2a
|-miss|p1a: Sinistcha|p2b: Delphox
|-resisted|p2a: Tsareena|1
|-damage|p2a: Tsareena|85/100
|-heal|p1a: Sinistcha|51/100|[from] drain|[of] p2a: Tsareena
|
|upkeep
|turn|4
|
|t:|1784679567
|move|p1a: Sinistcha|Protect|p1a: Sinistcha
|-singleturn|p1a: Sinistcha|Protect
|move|p2b: Delphox|Heat Wave|p1b: Incineroar|[spread] p1b
|-activate|p1a: Sinistcha|move: Protect
|-resisted|p1b: Incineroar|1
|-damage|p1b: Incineroar|33/100
|-enditem|p1b: Incineroar|Sitrus Berry|[eat]
|-heal|p1b: Incineroar|58/100|[from] item: Sitrus Berry
|move|p2a: Tsareena|High Jump Kick|p1b: Incineroar|[miss]
|-miss|p2a: Tsareena|p1b: Incineroar
|-damage|p2a: Tsareena|35/100|[from] highjumpkick
|move|p1b: Incineroar|Flare Blitz|p2a: Tsareena
|-supereffective|p2a: Tsareena|1
|-damage|p2a: Tsareena|0 fnt
|faint|p2a: Tsareena
|-damage|p1b: Incineroar|50/100y|[from] Recoil
|
|upkeep
|
|t:|1784679579
|switch|p2a: Araquanid|Araquanid, L50, M|100/100
|turn|5
|
|t:|1784679591
|switch|p1b: Sneasler|Sneasler, L50, M|1/100
|switch|p1a: Delphox|Delphox-Mega, L50, M|100/100
|move|p2b: Delphox|Protect|p2b: Delphox
|-singleturn|p2b: Delphox|Protect
|move|p2a: Araquanid|Liquidation|p1b: Sneasler
|-crit|p1b: Sneasler
|-damage|p1b: Sneasler|0 fnt
|faint|p1b: Sneasler
|
|upkeep
|
|t:|1784679602
|switch|p1b: Incineroar|Incineroar, L50, M|50/100y
|-ability|p1b: Incineroar|Intimidate|boost
|-unboost|p2a: Araquanid|atk|1
|-unboost|p2b: Delphox|atk|1
|turn|6
|
|t:|1784679614
|switch|p2b: Primarina|Primarina, L50, M|90/100
|move|p1b: Incineroar|Fake Out|p2a: Araquanid
|-damage|p2a: Araquanid|87/100
|move|p1a: Delphox|Nasty Plot|p1a: Delphox
|-boost|p1a: Delphox|spa|2
|cant|p2a: Araquanid|flinch
|
|upkeep
|turn|7
|
|t:|1784679630
|move|p2a: Araquanid|Wide Guard|p2a: Araquanid
|-singleturn|p2a: Araquanid|Wide Guard
|move|p1a: Delphox|Psyshock|p2a: Araquanid
|-damage|p2a: Araquanid|0 fnt
|faint|p2a: Araquanid
|move|p1b: Incineroar|Parting Shot|p2b: Primarina
|-unboost|p2b: Primarina|atk|1
|-unboost|p2b: Primarina|spa|1
|
|t:|1784679638
|switch|p1b: Sinistcha|Sinistcha, L50|51/100|[from] Parting Shot
|move|p2b: Primarina|Hyper Voice|p1a: Delphox|[spread] p1a,p1b
|-supereffective|p1a: Delphox|1
|-crit|p1a: Delphox
|-resisted|p1b: Sinistcha|1
|-damage|p1a: Delphox|0 fnt
|-damage|p1b: Sinistcha|34/100
|faint|p1a: Delphox
|-damage|p2b: Primarina|80/100|[from] item: Life Orb
|
|upkeep
|
|t:|1784679646
|switch|p1a: Incineroar|Incineroar, L50, M|50/100y
|switch|p2a: Delphox|Delphox-Mega, L50, M|100/100
|-ability|p1a: Incineroar|Intimidate|boost
|-unboost|p2a: Delphox|atk|1
|-unboost|p2b: Primarina|atk|1
|turn|8
|
|t:|1784679651
|move|p2a: Delphox|Protect|p2a: Delphox
|-singleturn|p2a: Delphox|Protect
|move|p2b: Primarina|Protect|p2b: Primarina
|-singleturn|p2b: Primarina|Protect
|move|p1a: Incineroar|Fake Out|p2a: Delphox
|-activate|p2a: Delphox|move: Protect
|move|p1b: Sinistcha|Trick Room|p1b: Sinistcha
|-fieldstart|move: Trick Room|[of] p1b: Sinistcha
|
|upkeep
|turn|9
|
|t:|1784679657
|move|p2b: Primarina|Hyper Voice|p1a: Incineroar|[spread] p1a,p1b
|-supereffective|p1a: Incineroar|1
|-resisted|p1b: Sinistcha|1
|-damage|p1a: Incineroar|0 fnt
|-damage|p1b: Sinistcha|16/100
|faint|p1a: Incineroar
|-damage|p2b: Primarina|71/100|[from] item: Life Orb
|move|p1b: Sinistcha|Matcha Gotcha|p2b: Primarina|[spread] p2a,p2b
|-resisted|p2a: Delphox|1
|-supereffective|p2b: Primarina|1
|-damage|p2a: Delphox|88/100
|-heal|p1b: Sinistcha|22/100|[from] drain|[of] p2a: Delphox
|-damage|p2b: Primarina|32/100
|-heal|p1b: Sinistcha|42/100|[from] drain|[of] p2b: Primarina
|move|p2a: Delphox|Heat Wave|p1b: Sinistcha
|-supereffective|p1b: Sinistcha|1
|-damage|p1b: Sinistcha|0 fnt
|faint|p1b: Sinistcha
|
|win|BeckVGC
