|j|☆Kravell
|j|☆the rainy mouse
|html|Kravellthe rainy mouse    
|uhtml|bestof|Game 1 of a best-of-3
|t:|1786091796
|gametype|doubles
|player|p1|Kravell|backersf|1331
|player|p2|the rainy mouse|266|1398
|gen|9
|tier|[Gen 9 Champions] VGC 2026 Reg M-B (Bo3)
|rated|
|rule|Species Clause: Limit one of each Pokémon
|rule|Item Clause: Limit 1 of each item
|clearpoke
|poke|p1|Gengar, L50, M|
|poke|p1|Staraptor, L50, M|
|poke|p1|Incineroar, L50, M|
|poke|p1|Maushold, L50|
|poke|p1|Kingambit, L50, M|
|poke|p1|Garchomp, L50, F|
|poke|p2|Gengar, L50, M|
|poke|p2|Incineroar, L50, M|
|poke|p2|Vivillon-Polar, L50, M, shiny|
|poke|p2|Politoed, L50, F, shiny|
|poke|p2|Swampert, L50, M|
|poke|p2|Kommo-o, L50, F|
|teampreview|4
|showteam|p1|Gengar||Gengarite|CursedBody|ShadowBall,SludgeBomb,PerishSong,Protect|Timid||M|||50|]Staraptor||Staraptite|Intimidate|CloseCombat,DualWingbeat,Protect,Roost|Jolly||M|||50|]Incineroar||PasshoBerry|Intimidate|DarkestLariat,FakeOut,PartingShot,Protect|Sassy||M|||50|]Maushold||FocusSash|FriendGuard|SuperFang,FollowMe,Protect,Charm|Timid|||||50|]Kingambit||BlackGlasses|Defiant|KowtowCleave,SuckerPunch,SwordsDance,Protect|Adamant||M|||50|]Garchomp||LifeOrb|RoughSkin|DragonClaw,StompingTantrum,RockSlide,Protect|Jolly||F|||50|
|showteam|p2|Gengar||Gengarite|CursedBody|Protect,PerishSong,ShadowBall,SludgeBomb|Timid||M|||50|]Incineroar||PasshoBerry|Intimidate|FakeOut,Protect,PartingShot,ThroatChop|Sassy||M|||50|]Vivillon-Polar||FocusSash|FriendGuard|Protect,RagePowder,SleepPowder,Hurricane|Timid||M|||50|]Politoed||SitrusBerry|Drizzle|Protect,PerishSong,Encore,WeatherBall|Calm||F|||50|]Swampert||Swampertite|Torrent|Protect,WaveCrash,Earthquake,IcePunch|Adamant||M|||50|]Kommo-o||Leftovers|Soundproof|ClangingScales,AuraSphere,ClangorousSoul,Protect|Modest||F|||50|
|inactive|Battle timer is ON: inactive players will automatically lose when time's up. (requested by the rainy mouse)
|inactive|Kravell has 60 seconds left.
|inactive|Kravell has 30 seconds left.
|
|t:|1786091884
|teamsize|p1|4
|teamsize|p2|4
|start
|switch|p1a: Staraptor|Staraptor, L50, M|100/100
|switch|p1b: Kingambit|Kingambit, L50, M|100/100
|switch|p2a: Gengar|Gengar, L50, M|100/100
|switch|p2b: Incineroar|Incineroar, L50, M|100/100
|-ability|p1a: Staraptor|Intimidate|boost
|-unboost|p2a: Gengar|atk|1
|-unboost|p2b: Incineroar|atk|1
|-ability|p2b: Incineroar|Intimidate|boost
|-unboost|p1a: Staraptor|atk|1
|-unboost|p1b: Kingambit|atk|1
|-ability|p1b: Kingambit|Defiant|boost
|-boost|p1b: Kingambit|atk|2
|turn|1
|inactive|Kravell has 30 seconds left.
|inactive|Kravell has 20 seconds left.
|inactive|Kravell has 15 seconds left.
|inactive|Kravell has 10 seconds left.
|inactive|Kravell has 5 seconds left.
|
|t:|1786091934
|switch|p1a: Maushold|Maushold, L50|100/100
|detailschange|p2a: Gengar|Gengar-Mega, L50, M
|-mega|p2a: Gengar|Gengar|Gengarite
|move|p2b: Incineroar|Fake Out|p1b: Kingambit
|-resisted|p1b: Kingambit|1
|-damage|p1b: Kingambit|98/100
|move|p2a: Gengar|Perish Song|p2a: Gengar
|-start|p1a: Maushold|perish3|[silent]
|-start|p1b: Kingambit|perish3|[silent]
|-start|p2a: Gengar|perish3|[silent]
|-start|p2b: Incineroar|perish3|[silent]
|-fieldactivate|move: Perish Song
|cant|p1b: Kingambit|flinch
|
|-start|p1a: Maushold|perish3
|-start|p2a: Gengar|perish3
|-start|p2b: Incineroar|perish3
|-start|p1b: Kingambit|perish3
|upkeep
|turn|2
|inactive|Kravell has 30 seconds left.
|inactive|the rainy mouse has 30 seconds left.
|inactive|Kravell has 20 seconds left.
|inactive|the rainy mouse has 20 seconds left.
|inactive|the rainy mouse has 15 seconds left.
|inactive|the rainy mouse has 10 seconds left.
|inactive|the rainy mouse has 5 seconds left.
|inactive|Kravell has 15 seconds left.
|inactive|Kravell has 10 seconds left.
|
|t:|1786091996
|move|p2a: Gengar|Protect|p2a: Gengar
|-singleturn|p2a: Gengar|Protect
|move|p2b: Incineroar|Protect|p2b: Incineroar
|-singleturn|p2b: Incineroar|Protect
|move|p1a: Maushold|Super Fang|p2b: Incineroar
|-activate|p2b: Incineroar|move: Protect
|move|p1b: Kingambit|Kowtow Cleave|p2a: Gengar
|-activate|p2a: Gengar|move: Protect
|
|-start|p1a: Maushold|perish2
|-start|p2a: Gengar|perish2
|-start|p2b: Incineroar|perish2
|-start|p1b: Kingambit|perish2
|upkeep
|turn|3
|inactive|Kravell has 30 seconds left.
|
|t:|1786092029
|switch|p2a: Politoed|Politoed, L50, F, shiny|100/100
|-weather|RainDance|[from] ability: Drizzle|[of] p2a: Politoed
|move|p1a: Maushold|Super Fang|p2b: Incineroar
|-damage|p2b: Incineroar|50/100y
|move|p2b: Incineroar|Parting Shot|p1a: Maushold
|-unboost|p1a: Maushold|atk|1
|-unboost|p1a: Maushold|spa|1
|
|t:|1786092038
|switch|p2b: Kommo-o|Kommo-o, L50, F|100/100|[from] Parting Shot
|move|p1b: Kingambit|Kowtow Cleave|p2b: Kommo-o
|-resisted|p2b: Kommo-o|1
|-damage|p2b: Kommo-o|58/100
|
|-weather|RainDance|[upkeep]
|-heal|p2b: Kommo-o|65/100|[from] item: Leftovers
|-start|p1a: Maushold|perish1
|-start|p1b: Kingambit|perish1
|upkeep
|turn|4
|inactive|Kravell has 30 seconds left.
|inactive|Kravell has 20 seconds left.
|
|t:|1786092077
|switch|p1a: Staraptor|Staraptor, L50, M|100/100
|-ability|p1a: Staraptor|Intimidate|boost
|-unboost|p2a: Politoed|atk|1
|-unboost|p2b: Kommo-o|atk|1
|switch|p1b: Garchomp|Garchomp, L50, F|100/100
|move|p2b: Kommo-o|Clangorous Soul|p2b: Kommo-o
|-boost|p2b: Kommo-o|atk|1
|-boost|p2b: Kommo-o|def|1
|-boost|p2b: Kommo-o|spa|1
|-boost|p2b: Kommo-o|spd|1
|-boost|p2b: Kommo-o|spe|1
|-damage|p2b: Kommo-o|32/100
|move|p2a: Politoed|Perish Song|p2a: Politoed
|-start|p1a: Staraptor|perish3|[silent]
|-start|p1b: Garchomp|perish3|[silent]
|-start|p2a: Politoed|perish3|[silent]
|-immune|p2b: Kommo-o|[from] ability: Soundproof
|-fieldactivate|move: Perish Song
|
|-weather|RainDance|[upkeep]
|-heal|p2b: Kommo-o|38/100|[from] item: Leftovers
|-start|p1b: Garchomp|perish3
|-start|p1a: Staraptor|perish3
|-start|p2a: Politoed|perish3
|upkeep
|turn|5
|inactive|Kravell has 30 seconds left.
|inactive|the rainy mouse has 30 seconds left.
|inactive|Kravell has 20 seconds left.
|inactive|Kravell has 15 seconds left.
|
|t:|1786092119
|switch|p1b: Maushold|Maushold, L50|100/100
|switch|p2a: Incineroar|Incineroar, L50, M|50/100y
|-ability|p2a: Incineroar|Intimidate|boost
|-unboost|p1a: Staraptor|atk|1
|-unboost|p1b: Maushold|atk|1
|detailschange|p1a: Staraptor|Staraptor-Mega, L50, M
|-mega|p1a: Staraptor|Staraptor|Staraptite
|move|p2b: Kommo-o|Protect|p2b: Kommo-o
|-singleturn|p2b: Kommo-o|Protect
|move|p1a: Staraptor|Dual Wingbeat|p2b: Kommo-o
|-activate|p2b: Kommo-o|move: Protect
|
|-weather|RainDance|[upkeep]
|-heal|p2b: Kommo-o|45/100|[from] item: Leftovers
|-start|p1a: Staraptor|perish2
|upkeep
|turn|6
|inactive|Kravell has 30 seconds left.
|inactive|Kravell has 20 seconds left.
|inactive|Kravell has 15 seconds left.
|inactive|Kravell has 10 seconds left.
|
|t:|1786092169
|switch|p1a: Garchomp|Garchomp, L50, F|100/100
|move|p1b: Maushold|Protect|p1b: Maushold
|-singleturn|p1b: Maushold|Protect
|move|p2a: Incineroar|Fake Out|p1a: Garchomp
|-damage|p1a: Garchomp|92/100
|-damage|p2a: Incineroar|37/100|[from] ability: Rough Skin|[of] p1a: Garchomp
|move|p2b: Kommo-o|Clanging Scales|p1a: Garchomp|[spread] p1a
|-activate|p1b: Maushold|move: Protect
|-supereffective|p1a: Garchomp|1
|-damage|p1a: Garchomp|0 fnt
|faint|p1a: Garchomp
|-unboost|p2b: Kommo-o|def|1
|
|-weather|RainDance|[upkeep]
|-heal|p2b: Kommo-o|51/100|[from] item: Leftovers
|upkeep
|
|t:|1786092180
|switch|p1a: Staraptor|Staraptor-Mega, L50, M|100/100
|turn|7
|inactive|Kravell has 30 seconds left.
|inactive|Kravell has 20 seconds left.
|inactive|Kravell has 15 seconds left.
|inactive|Kravell has 10 seconds left.
|
|t:|1786092229
|switch|p2a: Gengar|Gengar-Mega, L50, M|100/100
|move|p2b: Kommo-o|Clanging Scales|p1a: Staraptor|[spread] p1a,p1b
|-damage|p1a: Staraptor|57/100
|-damage|p1b: Maushold|33/100
|-unboost|p2b: Kommo-o|def|1
|move|p1b: Maushold|Charm|p1a: Staraptor
|-boost|p1a: Staraptor|atk|2
|move|p1a: Staraptor|Close Combat|p2b: Kommo-o
|-damage|p2b: Kommo-o|0 fnt
|-boost|p1a: Staraptor|def|1
|-boost|p1a: Staraptor|spd|1
|faint|p2b: Kommo-o
|
|-weather|none
|upkeep
|
|t:|1786092245
|switch|p2b: Incineroar|Incineroar, L50, M|37/100
|-ability|p2b: Incineroar|Intimidate|boost
|-boost|p1a: Staraptor|atk|1
|-unboost|p1b: Maushold|atk|1
|turn|8
|inactive|Kravell has 30 seconds left.
|inactive|Kravell has 20 seconds left.
|inactive|Kravell has 15 seconds left.
|inactive|Kravell has 10 seconds left.
|
|t:|1786092292
|move|p2b: Incineroar|Fake Out|p1a: Staraptor
|-damage|p1a: Staraptor|52/100
|move|p1b: Maushold|Super Fang|p2b: Incineroar
|-damage|p2b: Incineroar|18/100
|cant|p1a: Staraptor|flinch
|move|p2a: Gengar|Perish Song|p2a: Gengar
|-start|p1a: Staraptor|perish3|[silent]
|-start|p1b: Maushold|perish3|[silent]
|-start|p2a: Gengar|perish3|[silent]
|-start|p2b: Incineroar|perish3|[silent]
|-fieldactivate|move: Perish Song
|
|-start|p1b: Maushold|perish3
|-start|p1a: Staraptor|perish3
|-start|p2a: Gengar|perish3
|-start|p2b: Incineroar|perish3
|upkeep
|turn|9
|inactive|Kravell has 30 seconds left.
|inactive|Kravell has 20 seconds left.
|inactive|Kravell has 15 seconds left.
|inactive|Kravell has 10 seconds left.
|
|t:|1786092340
|move|p2a: Gengar|Protect|p2a: Gengar
|-singleturn|p2a: Gengar|Protect
|move|p2b: Incineroar|Protect|p2b: Incineroar
|-singleturn|p2b: Incineroar|Protect
|move|p1b: Maushold|Follow Me|p1b: Maushold
|-singleturn|p1b: Maushold|move: Follow Me
|move|p1a: Staraptor|Close Combat|p1b: Maushold
|-supereffective|p1b: Maushold|1
|-damage|p1b: Maushold|0 fnt
|-boost|p1a: Staraptor|def|1
|-boost|p1a: Staraptor|spd|1
|faint|p1b: Maushold
|
|-start|p1a: Staraptor|perish2
|-start|p2a: Gengar|perish2
|-start|p2b: Incineroar|perish2
|upkeep
|inactive|Kravell has 30 seconds left this turn.
|
|t:|1786092345
|switch|p1b: Kingambit|Kingambit, L50, M|98/100
|turn|10
|inactive|Kravell has 30 seconds left this turn.
|inactive|Kravell has 20 seconds left.
|inactive|Kravell has 15 seconds left.
|
|t:|1786092363
|move|p1a: Staraptor|Dual Wingbeat|p2a: Gengar
|-damage|p2a: Gengar|46/100
|-damage|p2a: Gengar|0 fnt
|faint|p2a: Gengar
|-hitcount|p2: Gengar|2
|move|p2b: Incineroar|Parting Shot|p1a: Staraptor
|-boost|p1a: Staraptor|atk|1
|-boost|p1a: Staraptor|spa|1
|
|t:|1786092368
|switch|p2b: Politoed|Politoed, L50, F, shiny|100/100|[from] Parting Shot
|-weather|RainDance|[from] ability: Drizzle|[of] p2b: Politoed
|move|p1b: Kingambit|Kowtow Cleave|p2b: Politoed
|-damage|p2b: Politoed|44/100
|-enditem|p2b: Politoed|Sitrus Berry|[eat]
|-heal|p2b: Politoed|69/100|[from] item: Sitrus Berry
|
|-weather|RainDance|[upkeep]
|-start|p1a: Staraptor|perish1
|upkeep
|
|t:|1786092371
|switch|p2a: Incineroar|Incineroar, L50, M|18/100
|-ability|p2a: Incineroar|Intimidate|boost
|-boost|p1a: Staraptor|atk|1
|-unboost|p1b: Kingambit|atk|1
|-ability|p1b: Kingambit|Defiant|boost
|-boost|p1b: Kingambit|atk|2
|turn|11
|inactive|Kravell has 15 seconds left this turn.
|inactive|Kravell has 10 seconds left.
|inactive|Kravell has 5 seconds left.
|
|t:|1786092386
|move|p2b: Politoed|Protect|p2b: Politoed
|-singleturn|p2b: Politoed|Protect
|move|p2a: Incineroar|Protect|p2a: Incineroar
|-singleturn|p2a: Incineroar|Protect
|move|p1a: Staraptor|Close Combat|p2a: Incineroar
|-activate|p2a: Incineroar|move: Protect
|move|p1b: Kingambit|Kowtow Cleave|p2b: Politoed
|-activate|p2b: Politoed|move: Protect
|
|-weather|RainDance|[upkeep]
|-start|p1a: Staraptor|perish0
|faint|p1a: Staraptor
|upkeep
|turn|12
|inactive|Kravell has 5 seconds left this turn.
|
|t:|1786092406
|move|p2b: Politoed|Perish Song|p2b: Politoed
|-start|p1b: Kingambit|perish3|[silent]
|-start|p2a: Incineroar|perish3|[silent]
|-start|p2b: Politoed|perish3|[silent]
|-fieldactivate|move: Perish Song
|move|p2a: Incineroar|Throat Chop|p1b: Kingambit
|-resisted|p1b: Kingambit|1
|-damage|p1b: Kingambit|85/100
|-start|p1b: Kingambit|Throat Chop|[silent]
|move|p1b: Kingambit|Kowtow Cleave|p2b: Politoed
|-damage|p2b: Politoed|0 fnt
|faint|p2b: Politoed
|
|-weather|RainDance|[upkeep]
|-start|p2a: Incineroar|perish3
|-start|p1b: Kingambit|perish3
|upkeep
|turn|13
|inactive|Kravell has 5 seconds left this turn.
|-message|the rainy mouse forfeited.
|
|win|Kravell
||the rainy mouse is ready for game 2.
|inactive|Kravell has 30 seconds to confirm battle start!
||Kravell is ready for game 2.
|uhtml|next|Next: Game 2 of 3
