|j|☆Twittle Twister
|j|☆Slim Shady LPVGC
|html|Twittle TwisterSlim Shady LPVGC    
|uhtml|bestof|Game 2 of a best-of-3
|t:|1756613684
|gametype|doubles
|player|p1|Twittle Twister|2|1080
|player|p2|Slim Shady LPVGC|cynthia|1162
|gen|9
|tier|[Gen 9] VGC 2025 Reg H (Bo3)
|rated|
|rule|Species Clause: Limit one of each Pokémon
|rule|Item Clause: Limit 1 of each item
|clearpoke
|poke|p1|Volcarona, L50, F|
|poke|p1|Tyranitar, L50, F|
|poke|p1|Rillaboom, L50, M|
|poke|p1|Sneasler, L50, F|
|poke|p1|Dragonite, L50, F|
|poke|p1|Amoonguss, L50, M|
|poke|p2|Sneasler, L50, M|
|poke|p2|Gholdengo, L50|
|poke|p2|Dragapult, L50, F|
|poke|p2|Hydreigon, L50, M|
|poke|p2|Torkoal, L50, M|
|poke|p2|Whimsicott, L50, M|
|teampreview|4
|showteam|p1|Volcarona||SafetyGoggles|FlameBody|QuiverDance,HeatWave,GigaDrain,Protect|||F|||50|,,,,,Stellar]Tyranitar||AssaultVest|SandStream|RockSlide,KnockOff,TeraBlast,Earthquake|||F|||50|,,,,,Flying]Rillaboom||MiracleSeed|GrassySurge|KnockOff,Uturn,GrassyGlide,FakeOut|||M|||50|,,,,,Grass]Sneasler||GrassySeed|Unburden|DireClaw,Acrobatics,Protect,CloseCombat|||F|||50|,,,,,Flying]Dragonite||LoadedDice|Multiscale|Tailwind,ScaleShot,Haze,Protect|||F|||50|,,,,,Fairy]Amoonguss||RockyHelmet|Regenerator|RagePowder,Spore,Protect,PollenPuff|||M|||50|,,,,,Water
|showteam|p2|Sneasler||WhiteHerb|Unburden|Protect,DireClaw,CloseCombat,FakeOut|||M|||50|,,,,,Stellar]Gholdengo||MetalCoat|GoodasGold|Protect,MakeItRain,ShadowBall,NastyPlot||||||50|,,,,,Steel]Dragapult||ChoiceBand|ClearBody|DragonDarts,PhantomForce,SuckerPunch,Uturn|||F|||50|,,,,,Dragon]Hydreigon||LifeOrb|Levitate|Protect,DracoMeteor,DarkPulse,EarthPower|||M|||50|,,,,,Ghost]Torkoal||Charcoal|Drought|Protect,Eruption,HeatWave,HelpingHand|||M|||50|,,,,,Fire]Whimsicott||CovertCloak|Prankster|Moonblast,Tailwind,Encore,FakeTears|||M|||50|,,,,,Dark
|inactive|Battle timer is ON: inactive players will automatically lose when time's up. (requested by Slim Shady LPVGC)
|inactive|Slim Shady LPVGC has 60 seconds left.
|inactive|Slim Shady LPVGC has 30 seconds left.
|inactive|Slim Shady LPVGC has 20 seconds left.
|inactive|Slim Shady LPVGC has 15 seconds left.
|inactive|Slim Shady LPVGC has 10 seconds left.
|inactive|Slim Shady LPVGC has 5 seconds left.
|
|t:|1756613773
|teamsize|p1|4
|teamsize|p2|4
|start
|switch|p1a: Rillaboom|Rillaboom, L50, M|100/100
|switch|p1b: Sneasler|Sneasler, L50, F|100/100
|switch|p2a: Sneasler|Sneasler, L50, M|100/100
|switch|p2b: Whimsicott|Whimsicott, L50, M|100/100
|-fieldstart|move: Grassy Terrain|[from] ability: Grassy Surge|[of] p1a: Rillaboom
|-enditem|p1b: Sneasler|Grassy Seed
|-boost|p1b: Sneasler|def|1|[from] item: Grassy Seed
|turn|1
|inactive|Twittle Twister has 30 seconds left.
|
|t:|1756613802
|move|p1b: Sneasler|Protect|p1b: Sneasler
|-singleturn|p1b: Sneasler|Protect
|move|p2a: Sneasler|Fake Out|p1b: Sneasler
|-activate|p1b: Sneasler|move: Protect
|move|p2b: Whimsicott|Tailwind|p2b: Whimsicott
|-sidestart|p2: Slim Shady LPVGC|move: Tailwind
|move|p1a: Rillaboom|U-turn|p2b: Whimsicott
|-damage|p2b: Whimsicott|63/100
|
|t:|1756613809
|switch|p1a: Amoonguss|Amoonguss, L50, M|100/100|[from] U-turn
|
|-heal|p2b: Whimsicott|69/100|[from] Grassy Terrain
|upkeep
|turn|2
|inactive|Twittle Twister has 30 seconds left.
|
|t:|1756613839
|switch|p2a: Gholdengo|Gholdengo, L50|100/100
|-terastallize|p1b: Sneasler|Flying
|move|p1a: Amoonguss|Rage Powder|p1a: Amoonguss
|-singleturn|p1a: Amoonguss|move: Rage Powder
|move|p2b: Whimsicott|Encore|p1b: Sneasler
|-start|p1b: Sneasler|Encore
|move|p1b: Sneasler|Protect||[still]
|-fail|p1b: Sneasler
|
|-heal|p2b: Whimsicott|75/100|[from] Grassy Terrain
|upkeep
|turn|3
|inactive|Twittle Twister has 30 seconds left.
|
|t:|1756613864
|switch|p1a: Rillaboom|Rillaboom, L50, M|100/100
|move|p1b: Sneasler|Protect|p1b: Sneasler
|-singleturn|p1b: Sneasler|Protect
|move|p2b: Whimsicott|Encore||[still]
|-fail|p2b: Whimsicott
|move|p2a: Gholdengo|Nasty Plot|p2a: Gholdengo
|-boost|p2a: Gholdengo|spa|2
|
|-heal|p2b: Whimsicott|80/100|[from] Grassy Terrain
|upkeep
|turn|4
|inactive|Twittle Twister has 30 seconds left.
|
|t:|1756613889
|switch|p1b: Amoonguss|Amoonguss, L50, M|100/100
|move|p2b: Whimsicott|Fake Tears|p1a: Rillaboom
|-unboost|p1a: Rillaboom|spd|2
|move|p2a: Gholdengo|Make It Rain|p1a: Rillaboom|[spread] p1a,p1b
|-damage|p1a: Rillaboom|0 fnt
|-damage|p1b: Amoonguss|20/100
|-unboost|p2a: Gholdengo|spa|1
|faint|p1a: Rillaboom
|
|-heal|p2b: Whimsicott|86/100|[from] Grassy Terrain
|-heal|p1b: Amoonguss|25/100|[from] Grassy Terrain
|-sideend|p2: Slim Shady LPVGC|move: Tailwind
|upkeep
|
|t:|1756613902
|switch|p1a: Tyranitar|Tyranitar, L50, F|100/100
|-weather|Sandstorm|[from] ability: Sand Stream|[of] p1a: Tyranitar
|turn|5
|inactive|Twittle Twister has 30 seconds left.
|inactive|Slim Shady LPVGC has 30 seconds left.
|inactive|Twittle Twister has 20 seconds left.
|inactive|Slim Shady LPVGC has 20 seconds left.
|
|t:|1756613945
|-terastallize|p2a: Gholdengo|Steel
|move|p1b: Amoonguss|Protect|p1b: Amoonguss
|-singleturn|p1b: Amoonguss|Protect
|move|p2b: Whimsicott|Fake Tears|p1a: Tyranitar
|-hint|Since gen 7, Dark is immune to Prankster moves.
|-immune|p1a: Tyranitar
|move|p2a: Gholdengo|Make It Rain|p1a: Tyranitar|[spread] p1a
|-activate|p1b: Amoonguss|move: Protect
|-supereffective|p1a: Tyranitar
|-damage|p1a: Tyranitar|0 fnt
|-unboost|p2a: Gholdengo|spa|1
|faint|p1a: Tyranitar
|
|-weather|Sandstorm|[upkeep]
|-damage|p2b: Whimsicott|80/100|[from] Sandstorm
|-damage|p1b: Amoonguss|20/100|[from] Sandstorm
|-heal|p2b: Whimsicott|86/100|[from] Grassy Terrain
|-heal|p1b: Amoonguss|25/100|[from] Grassy Terrain
|-fieldend|move: Grassy Terrain
|upkeep
|
|t:|1756613955
|switch|p1a: Sneasler|Sneasler, L50, F, tera:Flying|100/100
|turn|6
|inactive|Twittle Twister has 30 seconds left.
|
|t:|1756613981
|move|p2b: Whimsicott|Tailwind|p2b: Whimsicott
|-sidestart|p2: Slim Shady LPVGC|move: Tailwind
|move|p2a: Gholdengo|Make It Rain|p1a: Sneasler|[spread] p1a,p1b
|-damage|p1a: Sneasler|0 fnt
|-damage|p1b: Amoonguss|0 fnt
|-unboost|p2a: Gholdengo|spa|1
|faint|p1a: Sneasler
|faint|p1b: Amoonguss
|
|win|Slim Shady LPVGC
||Twittle Twister is ready for game 3.
|inactive|Slim Shady LPVGC has 30 seconds to confirm battle start!
||Slim Shady LPVGC is ready for game 3.
|uhtml|next|Next: Game 3 of 3
|l|☆Slim Shady LPVGC
|player|p2|
