|j|☆typographicvictim
|j|☆Mr. Kessler
|html|typographicvictimMr. Kessler    
|uhtml|bestof|Game 1 of a best-of-3
|t:|1783464854
|gametype|doubles
|player|p1|typographicvictim|unknown|
|player|p2|Mr. Kessler|veteran|
|gen|9
|tier|[Gen 9 Champions] VGC 2026 Reg M-B (Bo3)
|rule|Species Clause: Limit one of each Pokémon
|rule|Item Clause: Limit 1 of each item
|clearpoke
|poke|p1|Orthworm, L50, F|
|poke|p1|Gengar, L50, M|
|poke|p1|Grimmsnarl, L50, M|
|poke|p1|Diggersby, L50, M|
|poke|p1|Rotom-Heat, L50|
|poke|p1|Kangaskhan, L50, F|
|poke|p2|Greninja, L50, F|
|poke|p2|Rotom-Wash, L50|
|poke|p2|Mamoswine, L50, F|
|poke|p2|Vileplume, L50, M|
|poke|p2|Sylveon, L50, F|
|poke|p2|Tyrantrum, L50, M|
|teampreview|4
|showteam|p1|Orthworm||Leftovers|EarthEater|IronDefense,BodyPress,HeavySlam,Protect|Careful||F|||50|]Gengar||Gengarite|CursedBody|Protect,SludgeBomb,ShadowBall,Disable|Modest||M|||50|]Grimmsnarl||LightClay|Prankster|Reflect,LightScreen,FoulPlay,PartingShot|Impish||M|||50|]Diggersby||FocusSash|HugePower|Protect,HighHorsepower,Earthquake,BodySlam|Adamant||M|||50|]Rotom-Heat||ChoiceScarf|Levitate|Overheat,Thunderbolt,VoltSwitch,WillOWisp|Timid|||||50|]Kangaskhan||SilkScarf|Scrappy|FakeOut,LastResort|Adamant||F|||50|
|showteam|p2|Greninja||Greninjite|Protean|DarkPulse,HydroPump,FlipTurn,SludgeWave|Timid||F|||50|]Rotom-Wash||BrightPowder|Levitate|Discharge,HydroPump,VoltSwitch,WillOWisp|Modest|||||50|]Mamoswine||LifeOrb|ThickFat|Earthquake,IceShard,RockSlide,IcicleCrash|Adamant||F|||50|]Vileplume||QuickClaw|EffectSpore|PollenPuff,SludgeBomb,SleepPowder,HelpingHand|Calm||M|||50|]Sylveon||FairyFeather|Pixilate|HyperVoice,Protect,MysticalFire,HyperBeam|Modest||F|||50|]Tyrantrum||ChoiceScarf|RockHead|RockSlide,DragonClaw,HeadSmash,BreakingSwipe|Adamant||M|||50|
|inactive|Battle timer is ON: inactive players will automatically lose when time's up. (requested by Mr. Kessler)
|inactive|typographicvictim has 60 seconds left.
|inactive|Mr. Kessler has 60 seconds left.
|inactive|typographicvictim has 30 seconds left.
|inactive|typographicvictim has 20 seconds left.
|inactive|typographicvictim has 15 seconds left.
|
|t:|1783464931
|teamsize|p1|4
|teamsize|p2|4
|start
|switch|p1a: Grimmsnarl|Grimmsnarl, L50, M|100/100
|switch|p1b: Rotom|Rotom-Heat, L50|100/100
|switch|p2a: Rotom|Rotom-Wash, L50|100/100
|switch|p2b: Mamoswine|Mamoswine, L50, F|100/100
|turn|1
|inactive|typographicvictim has 30 seconds left.
|
|t:|1783464958
|switch|p2b: Sylveon|Sylveon, L50, F|100/100
|move|p1a: Grimmsnarl|Light Screen|p1a: Grimmsnarl
|-sidestart|p1: typographicvictim|move: Light Screen
|move|p1b: Rotom|Will-O-Wisp|p2b: Sylveon
|-status|p2b: Sylveon|brn
|move|p2a: Rotom|Hydro Pump|p1b: Rotom
|-supereffective|p1b: Rotom|1
|-damage|p1b: Rotom|4/100
|
|-damage|p2b: Sylveon|94/100 brn|[from] brn
|upkeep
|turn|2
|
|t:|1783464983
|switch|p1b: Gengar|Gengar, L50, M|100/100
|move|p1a: Grimmsnarl|Parting Shot|p2b: Sylveon
|-unboost|p2b: Sylveon|atk|1
|-unboost|p2b: Sylveon|spa|1
|
|t:|1783464988
|switch|p1a: Rotom|Rotom-Heat, L50|4/100|[from] Parting Shot
|move|p2a: Rotom|Volt Switch|p1a: Rotom
|-resisted|p1a: Rotom|1
|-damage|p1a: Rotom|0 fnt
|faint|p1a: Rotom
|
|t:|1783465008
|switch|p2a: Greninja|Greninja, L50, F|100/100|[from] Volt Switch
|move|p2b: Sylveon|Hyper Voice|p1b: Gengar
|-resisted|p1b: Gengar|1
|-crit|p1b: Gengar
|-damage|p1b: Gengar|26/100
|
|-damage|p2b: Sylveon|88/100 brn|[from] brn
|upkeep
|
|t:|1783465030
|switch|p1a: Grimmsnarl|Grimmsnarl, L50, M|100/100
|turn|3
|
|t:|1783465045
|detailschange|p2a: Greninja|Greninja-Mega, L50, F
|-mega|p2a: Greninja|Greninja|Greninjite
|detailschange|p1b: Gengar|Gengar-Mega, L50, M
|-mega|p1b: Gengar|Gengar|Gengarite
|move|p1b: Gengar|Protect|p1b: Gengar
|-singleturn|p1b: Gengar|Protect
|move|p1a: Grimmsnarl|Parting Shot|p2a: Greninja
|-hint|Since gen 7, Dark is immune to Prankster moves.
|-immune|p2a: Greninja
|move|p2a: Greninja|Dark Pulse|p1b: Gengar
|-start|p2a: Greninja|typechange|Dark|[from] ability: Protean
|-activate|p1b: Gengar|move: Protect
|move|p2b: Sylveon|Hyper Voice|p1b: Gengar|[spread] p1a
|-activate|p1b: Gengar|move: Protect
|-supereffective|p1a: Grimmsnarl|1
|-damage|p1a: Grimmsnarl|57/100
|
|-damage|p2b: Sylveon|82/100 brn|[from] brn
|upkeep
|turn|4
|inactive|typographicvictim has 30 seconds left.
|
|t:|1783465072
|move|p1a: Grimmsnarl|Parting Shot|p2b: Sylveon
|-unboost|p2b: Sylveon|atk|1
|-unboost|p2b: Sylveon|spa|1
|
|t:|1783465075
|switch|p1a: big chud|Diggersby, L50, M|100/100|[from] Parting Shot
|move|p2a: Greninja|Dark Pulse|p1b: Gengar
|-supereffective|p1b: Gengar|1
|-crit|p1b: Gengar
|-damage|p1b: Gengar|0 fnt
|faint|p1b: Gengar
|move|p2b: Sylveon|Hyper Voice|p1a: big chud
|-damage|p1a: big chud|75/100
|
|-damage|p2b: Sylveon|76/100 brn|[from] brn
|upkeep
|
|t:|1783465076
|switch|p1b: Grimmsnarl|Grimmsnarl, L50, M|57/100
|turn|5
|
|t:|1783465104
|switch|p2b: Mamoswine|Mamoswine, L50, F|100/100
|move|p1b: Grimmsnarl|Parting Shot|p2b: Mamoswine
|-unboost|p2b: Mamoswine|atk|1
|-unboost|p2b: Mamoswine|spa|1
|move|p2a: Greninja|Flip Turn|p1a: big chud
|-supereffective|p1a: big chud|1
|-damage|p1a: big chud|39/100
|
|t:|1783465114
|switch|p2a: Rotom|Rotom-Wash, L50|100/100|[from] Flip Turn
|move|p1a: big chud|High Horsepower|p2a: Rotom
|-immune|p2a: Rotom|[from] ability: Levitate
|
|upkeep
|turn|6
|
|t:|1783465127
|move|p2b: Mamoswine|Ice Shard|p1a: big chud
|-supereffective|p1a: big chud|1
|-damage|p1a: big chud|0 fnt
|faint|p1a: big chud
|-damage|p2b: Mamoswine|90/100|[from] item: Life Orb
|move|p1b: Grimmsnarl|Parting Shot|p2b: Mamoswine
|-unboost|p2b: Mamoswine|atk|1
|-unboost|p2b: Mamoswine|spa|1
|move|p2a: Rotom|Hydro Pump|p1b: Grimmsnarl|[miss]
|-miss|p2a: Rotom|p1b: Grimmsnarl
|
|upkeep
|turn|7
|
|t:|1783465136
|move|p2a: Rotom|Discharge|p1b: Grimmsnarl|[spread] p1b
|-immune|p2b: Mamoswine
|-damage|p1b: Grimmsnarl|36/100
|move|p2b: Mamoswine|Earthquake|p1b: Grimmsnarl|[spread] p1b
|-immune|p2a: Rotom|[from] ability: Levitate
|-damage|p1b: Grimmsnarl|10/100
|-damage|p2b: Mamoswine|80/100|[from] item: Life Orb
|move|p1b: Grimmsnarl|Foul Play|p2b: Mamoswine
|-damage|p2b: Mamoswine|53/100
|
|upkeep
|turn|8
|
|t:|1783465146
|move|p2b: Mamoswine|Ice Shard|p1b: Grimmsnarl
|-damage|p1b: Grimmsnarl|0 fnt
|faint|p1b: Grimmsnarl
|-damage|p2b: Mamoswine|44/100|[from] item: Life Orb
|
|win|Mr. Kessler
||typographicvictim is ready for game 2.
|inactive|Mr. Kessler has 30 seconds to confirm battle start!
|inactive|Mr. Kessler has 20 seconds to confirm battle start!
