|j|☆mocha.2396
|j|☆habeebomarali123
|html|mocha.2396habeebomarali123    
|uhtml|bestof|Game 1 of a best-of-3
|t:|1756157576
|gametype|doubles
|player|p1|mocha.2396|youngster-gen4dp|1000
|player|p2|habeebomarali123|giovanni|1086
|gen|9
|tier|[Gen 9] VGC 2025 Reg H (Bo3)
|rated|
|rule|Species Clause: Limit one of each Pokémon
|rule|Item Clause: Limit 1 of each item
|clearpoke
|poke|p1|Sneasler, L50, F|
|poke|p1|Dragonite, L50, M|
|poke|p1|Gholdengo, L50|
|poke|p1|Incineroar, L50, M|
|poke|p1|Amoonguss, L50, M|
|poke|p1|Ursaluna-Bloodmoon, L50, M|
|poke|p2|Rillaboom, L50, M|
|poke|p2|Volcarona, L50, M|
|poke|p2|Ursaluna-Bloodmoon, L50, M|
|poke|p2|Dragapult, L50, M|
|poke|p2|Gholdengo, L50|
|poke|p2|Murkrow, L50, F|
|teampreview|4
|showteam|p1|Sneasler||FocusSash|PoisonTouch|FakeOut,CloseCombat,DireClaw,Coaching|||F|||50|,,,,,Ghost]Dragonite||LoadedDice|Multiscale|ScaleShot,Haze,Tailwind,Protect|||M|||50|,,,,,Fairy]Gholdengo||LifeOrb|GoodasGold|MakeItRain,ShadowBall,NastyPlot,Protect||||||50|,,,,,Water]Incineroar||SafetyGoggles|Intimidate|FakeOut,FlareBlitz,KnockOff,PartingShot|||M|||50|,,,,,Ghost]Amoonguss||SitrusBerry|Regenerator|Spore,RagePowder,PollenPuff,Protect|||M|||50|,,,,,Water]Ursaluna-Bloodmoon||AssaultVest|MindsEye|BloodMoon,HyperVoice,EarthPower,VacuumWave|||M|||50|,,,,,Ghost
|showteam|p2|Rillaboom||AssaultVest|GrassySurge|FakeOut,GrassyGlide,KnockOff,WoodHammer|||M|||50|,,,,,Fire]Volcarona||GrassySeed|FlameBody|Protect,QuiverDance,TeraBlast,HeatWave|||M|||50|,,,,,Fairy]Ursaluna-Bloodmoon||LifeOrb|MindsEye|Protect,BloodMoon,HyperVoice,EarthPower|||M|||50|,,,,,Normal]Dragapult||ChoiceBand|ClearBody|DragonDarts,PhantomForce,Uturn,SuckerPunch|||M|||50|,,,,,Dragon]Gholdengo||ChoiceSpecs|GoodasGold|ShadowBall,MakeItRain,FocusBlast,Thunderbolt||||||50|,,,,,Water]Murkrow||Eviolite|Prankster|Tailwind,Haze,Taunt,Protect|||F|||50|,,,,,Ghost
|
|t:|1756157640
|teamsize|p1|4
|teamsize|p2|4
|start
|switch|p1a: Sneasler|Sneasler, L50, F|100/100
|switch|p1b: Dragonite|Dragonite, L50, M|100/100
|switch|p2a: Murkrow|Murkrow, L50, F|100/100
|switch|p2b: Volcarona|Volcarona, L50, M|100/100
|turn|1
|inactive|Battle timer is ON: inactive players will automatically lose when time's up. (requested by habeebomarali123)
|
|t:|1756157687
|move|p2a: Murkrow|Taunt|p1b: Dragonite
|-start|p1b: Dragonite|move: Taunt
|move|p1a: Sneasler|Dire Claw|p2b: Volcarona
|-damage|p2b: Volcarona|52/100
|-status|p2b: Volcarona|par
|move|p1b: Dragonite|Scale Shot|p2b: Volcarona|[miss]
|-miss|p1b: Dragonite|p2b: Volcarona
|move|p2b: Volcarona|Quiver Dance|p2b: Volcarona
|-boost|p2b: Volcarona|spa|1
|-boost|p2b: Volcarona|spd|1
|-boost|p2b: Volcarona|spe|1
|
|upkeep
|turn|2
|inactive|mocha.2396 has 30 seconds left.
|inactive|habeebomarali123 has 30 seconds left.
|inactive|mocha.2396 has 20 seconds left.
|inactive|mocha.2396 has 15 seconds left.
|inactive|mocha.2396 has 10 seconds left.
|inactive|mocha.2396 has 5 seconds left.
|
|t:|1756157740
|move|p2b: Volcarona|Protect|p2b: Volcarona
|-singleturn|p2b: Volcarona|Protect
|move|p2a: Murkrow|Tailwind|p2a: Murkrow
|-sidestart|p2: habeebomarali123|move: Tailwind
|move|p1a: Sneasler|Dire Claw|p2b: Volcarona
|-activate|p2b: Volcarona|move: Protect
|move|p1b: Dragonite|Scale Shot|p2b: Volcarona
|-activate|p2b: Volcarona|move: Protect
|
|upkeep
|turn|3
|inactive|mocha.2396 has 30 seconds left.
|inactive|mocha.2396 has 20 seconds left.
|inactive|mocha.2396 has 15 seconds left.
|inactive|mocha.2396 has 10 seconds left.
|inactive|mocha.2396 has 5 seconds left.
|
|t:|1756157790
|switch|p2a: Rillaboom|Rillaboom, L50, M|100/100
|-fieldstart|move: Grassy Terrain|[from] ability: Grassy Surge|[of] p2a: Rillaboom
|-enditem|p2b: Volcarona|Grassy Seed
|-boost|p2b: Volcarona|def|1|[from] item: Grassy Seed
|switch|p1a: Incineroar|Incineroar, L50, M|100/100
|-ability|p1a: Incineroar|Intimidate|boost
|-unboost|p2a: Rillaboom|atk|1
|-unboost|p2b: Volcarona|atk|1
|move|p2b: Volcarona|Heat Wave|p1a: Incineroar|[spread] p1a,p1b
|-resisted|p1a: Incineroar
|-resisted|p1b: Dragonite
|-damage|p1a: Incineroar|72/100
|-damage|p1b: Dragonite|85/100
|move|p1b: Dragonite|Scale Shot|p2a: Rillaboom
|-damage|p2a: Rillaboom|87/100
|-damage|p2a: Rillaboom|74/100
|-damage|p2a: Rillaboom|62/100
|-damage|p2a: Rillaboom|50/100
|-damage|p2a: Rillaboom|36/100
|-hitcount|p2a: Rillaboom|5
|-unboost|p1b: Dragonite|def|1
|-boost|p1b: Dragonite|spe|1
|
|-heal|p2a: Rillaboom|42/100|[from] Grassy Terrain
|-heal|p2b: Volcarona|58/100 par|[from] Grassy Terrain
|-heal|p1a: Incineroar|78/100|[from] Grassy Terrain
|-end|p1b: Dragonite|move: Taunt
|upkeep
|turn|4
|inactive|mocha.2396 has 30 seconds left.
|inactive|mocha.2396 has 20 seconds left.
|inactive|mocha.2396 has 15 seconds left.
|
|t:|1756157835
|-terastallize|p2b: Volcarona|Fairy
|move|p1b: Dragonite|Protect|p1b: Dragonite
|-singleturn|p1b: Dragonite|Protect
|move|p2a: Rillaboom|Fake Out|p1a: Incineroar
|-damage|p1a: Incineroar|70/100
|cant|p1a: Incineroar|flinch
|move|p2b: Volcarona|Tera Blast|p1b: Dragonite|[anim] Tera Blast Fairy
|-activate|p1b: Dragonite|move: Protect
|
|-heal|p2a: Rillaboom|48/100|[from] Grassy Terrain
|-heal|p2b: Volcarona|64/100 par|[from] Grassy Terrain
|-heal|p1a: Incineroar|76/100|[from] Grassy Terrain
|upkeep
|turn|5
|inactive|mocha.2396 has 30 seconds left.
|inactive|mocha.2396 has 20 seconds left.
|
|t:|1756157874
|switch|p2a: Murkrow|Murkrow, L50, F|100/100
|-terastallize|p1b: Dragonite|Fairy
|move|p1b: Dragonite|Tailwind|p1b: Dragonite
|-sidestart|p1: mocha.2396|move: Tailwind
|move|p1a: Incineroar|Parting Shot|p2b: Volcarona
|-unboost|p2b: Volcarona|atk|1
|-unboost|p2b: Volcarona|spa|1
|
|t:|1756157883
|switch|p1a: Sneasler|Sneasler, L50, F|100/100|[from] Parting Shot
|move|p2b: Volcarona|Tera Blast|p1b: Dragonite|[anim] Tera Blast Fairy
|-damage|p1b: Dragonite|33/100
|
|-heal|p1b: Dragonite|39/100|[from] Grassy Terrain
|-heal|p2b: Volcarona|70/100 par|[from] Grassy Terrain
|-sideend|p2: habeebomarali123|move: Tailwind
|upkeep
|turn|6
|inactive|mocha.2396 has 30 seconds left.
|
|t:|1756157917
|move|p2a: Murkrow|Tailwind|p2a: Murkrow
|-sidestart|p2: habeebomarali123|move: Tailwind
|move|p1b: Dragonite|Tailwind||[still]
|-fail|p1b: Dragonite
|move|p1a: Sneasler|Dire Claw|p2b: Volcarona
|-supereffective|p2b: Volcarona
|-damage|p2b: Volcarona|3/100 par
|-status|p1a: Sneasler|brn|[from] ability: Flame Body|[of] p2b: Volcarona
|move|p2b: Volcarona|Heat Wave|p1a: Sneasler|[spread] p1a
|-miss|p2b: Volcarona|p1b: Dragonite
|-damage|p1a: Sneasler|48/100 brn
|
|-heal|p1b: Dragonite|45/100|[from] Grassy Terrain
|-heal|p1a: Sneasler|53/100 brn|[from] Grassy Terrain
|-heal|p2b: Volcarona|9/100 par|[from] Grassy Terrain
|-damage|p1a: Sneasler|48/100 brn|[from] brn
|upkeep
|turn|7
|inactive|mocha.2396 has 30 seconds left.
|
|t:|1756157946
|switch|p2a: Rillaboom|Rillaboom, L50, M|48/100
|move|p2b: Volcarona|Protect|p2b: Volcarona
|-singleturn|p2b: Volcarona|Protect
|move|p1b: Dragonite|Scale Shot|p2a: Rillaboom
|-damage|p2a: Rillaboom|34/100
|-damage|p2a: Rillaboom|22/100
|-damage|p2a: Rillaboom|9/100
|-damage|p2a: Rillaboom|0 fnt
|faint|p2a: Rillaboom
|-hitcount|p2: Rillaboom|4
|-unboost|p1b: Dragonite|def|1
|-boost|p1b: Dragonite|spe|1
|move|p1a: Sneasler|Dire Claw|p2b: Volcarona
|-activate|p2b: Volcarona|move: Protect
|
|-heal|p1b: Dragonite|51/100|[from] Grassy Terrain
|-heal|p1a: Sneasler|53/100 brn|[from] Grassy Terrain
|-heal|p2b: Volcarona|15/100 par|[from] Grassy Terrain
|-damage|p1a: Sneasler|48/100 brn|[from] brn
|-fieldend|move: Grassy Terrain
|upkeep
|
|t:|1756157950
|switch|p2a: Dragapult|Dragapult, L50, M|100/100
|turn|8
|inactive|mocha.2396 has 30 seconds left.
|inactive|mocha.2396 has 20 seconds left.
|inactive|mocha.2396 has 15 seconds left.
|inactive|mocha.2396 has 10 seconds left.
|inactive|mocha.2396 has 5 seconds left.
|
|t:|1756158004
|move|p1b: Dragonite|Scale Shot|p2a: Dragapult
|-supereffective|p2a: Dragapult
|-damage|p2a: Dragapult|60/100
|-supereffective|p2a: Dragapult
|-damage|p2a: Dragapult|15/100
|-supereffective|p2a: Dragapult
|-damage|p2a: Dragapult|0 fnt
|faint|p2a: Dragapult
|-hitcount|p2: Dragapult|3
|-unboost|p1b: Dragonite|def|1
|-boost|p1b: Dragonite|spe|1
|move|p1a: Sneasler|Dire Claw|p2b: Volcarona
|-supereffective|p2b: Volcarona
|-damage|p2b: Volcarona|0 fnt
|faint|p2b: Volcarona
|
|-damage|p1a: Sneasler|42/100 brn|[from] brn
|-sideend|p1: mocha.2396|move: Tailwind
|upkeep
|
|t:|1756158009
|switch|p2b: Murkrow|Murkrow, L50, F|100/100
|turn|9
|-message|habeebomarali123 forfeited.
|
|win|mocha.2396
||habeebomarali123 is ready for game 2.
