|j|☆mak2012
|j|☆TMJS01
|html|mak2012TMJS01    
|uhtml|bestof|Game 2 of a best-of-3
|t:|1782184399
|gametype|doubles
|player|p1|mak2012|1|1137
|player|p2|TMJS01|unknown|1269
|gen|9
|tier|[Gen 9 Champions] VGC 2026 Reg M-B (Bo3)
|rated|
|rule|Species Clause: Limit one of each Pokémon
|rule|Item Clause: Limit 1 of each item
|clearpoke
|poke|p1|Sceptile, L50, F|
|poke|p1|Sylveon, L50, F|
|poke|p1|Garchomp, L50, M|
|poke|p1|Rotom-Heat, L50|
|poke|p1|Whimsicott, L50, M|
|poke|p1|Aegislash, L50, M|
|poke|p2|Sinistcha, L50|
|poke|p2|Incineroar, L50, F|
|poke|p2|Garchomp, L50, F|
|poke|p2|Floette-Eternal, L50, F|
|poke|p2|Delphox, L50, F|
|poke|p2|Kommo-o, L50, F|
|teampreview|4
|showteam|p1|Sceptile||Sceptilite|Overgrow|EnergyBall,EarthPower,DragonPulse,Detect|Timid||F|||50|]Sylveon||FairyFeather|Pixilate|HyperVoice,HyperBeam,Detect,HelpingHand|Timid||F|||50|]Garchomp||ChoiceScarf|RoughSkin|RockSlide,DragonClaw,Crunch,Earthquake|Jolly||M|||50|]Rotom-Heat||SitrusBerry|Levitate|Discharge,Reflect,VoltSwitch,Overheat|Modest|||||50|]Whimsicott||FocusSash|Prankster|Tailwind,Encore,Moonblast,LightScreen|Timid||M|||50|]Aegislash||LifeOrb|StanceChange|SacredSword,PsychoCut,KingsShield,IronHead|Adamant||M|||50|
|showteam|p2|Sinistcha||KasibBerry|Hospitality|MatchaGotcha,RagePowder,TrickRoom,LifeDew|Relaxed|||||50|]Incineroar||ChopleBerry|Intimidate|ThroatChop,FlareBlitz,PartingShot,FakeOut|Impish||F|||50|]Garchomp||LifeOrb|RoughSkin|ScaleShot,StompingTantrum,Protect,RockTomb|Jolly||F|||50|]Floette-Eternal||Floettite|FlowerVeil|Protect,CalmMind,Moonblast,DazzlingGleam|Modest||F|||50|]Delphox||Delphoxite|Blaze|NastyPlot,HeatWave,Psyshock,Protect|Timid||F|||50|]Kommo-o||Leftovers|Overcoat|ClangingScales,ClangorousSoul,AuraSphere,Protect|Modest||F|||50|
|inactive|Battle timer is ON: inactive players will automatically lose when time's up. (requested by TMJS01)
|inactive|mak2012 has 60 seconds left.
|
|t:|1782184448
|teamsize|p1|4
|teamsize|p2|4
|start
|switch|p1a: Rotom|Rotom-Heat, L50|100/100
|switch|p1b: Garchomp|Garchomp, L50, M|100/100
|switch|p2a: Delphox|Delphox, L50, F|100/100
|switch|p2b: Incineroar|Incineroar, L50, F|100/100
|-ability|p2b: Incineroar|Intimidate|boost
|-unboost|p1a: Rotom|atk|1
|-unboost|p1b: Garchomp|atk|1
|turn|1
|
|t:|1782184466
|detailschange|p2a: Delphox|Delphox-Mega, L50, F
|-mega|p2a: Delphox|Delphox|Delphoxite
|move|p2b: Incineroar|Fake Out|p1b: Garchomp
|-damage|p1b: Garchomp|88/100
|-damage|p2b: Incineroar|87/100|[from] ability: Rough Skin|[of] p1b: Garchomp
|cant|p1b: Garchomp|flinch
|move|p2a: Delphox|Nasty Plot|p2a: Delphox
|-boost|p2a: Delphox|spa|2
|move|p1a: Rotom|Discharge|p2b: Incineroar|[spread] p2a,p2b
|-immune|p1b: Garchomp
|-damage|p2a: Delphox|75/100
|-damage|p2b: Incineroar|62/100
|-status|p2b: Incineroar|par
|
|upkeep
|turn|2
|
|t:|1782184480
|move|p2a: Delphox|Protect|p2a: Delphox
|-singleturn|p2a: Delphox|Protect
|move|p1b: Garchomp|Rock Slide|p2b: Incineroar|[spread] p2b
|-activate|p2a: Delphox|move: Protect
|-supereffective|p2b: Incineroar|1
|-damage|p2b: Incineroar|40/100 par
|move|p1a: Rotom|Discharge|p2a: Delphox|[spread] p2b
|-activate|p2a: Delphox|move: Protect
|-immune|p1b: Garchomp
|-damage|p2b: Incineroar|13/100 par
|move|p2b: Incineroar|Parting Shot|p1b: Garchomp
|-unboost|p1b: Garchomp|atk|1
|-unboost|p1b: Garchomp|spa|1
|
|t:|1782184485
|switch|p2b: Sinistcha|Sinistcha, L50|100/100|[from] Parting Shot
|-heal|p2a: Delphox|100/100|[from] ability: Hospitality|[of] p2b: Sinistcha
|
|upkeep
|turn|3
|
|t:|1782184504
|switch|p1b: Sylveon|Sylveon, L50, F|100/100
|move|p2a: Delphox|Psyshock|p1a: Rotom
|-damage|p1a: Rotom|0 fnt
|faint|p1a: Rotom
|move|p2b: Sinistcha|Life Dew||[still]|[still]|[spread] 
|-fail|p2a: Delphox|heal
|-fail|p2b: Sinistcha|heal
|
|upkeep
|
|t:|1782184512
|switch|p1a: Garchomp|Garchomp, L50, M|88/100
|turn|4
|
|t:|1782184524
|switch|p2b: Incineroar|Incineroar, L50, F|13/100 par
|-ability|p2b: Incineroar|Intimidate|boost
|-unboost|p1a: Garchomp|atk|1
|-unboost|p1b: Sylveon|atk|1
|move|p1a: Garchomp|Rock Slide|p2b: Incineroar|[spread] p2a,p2b
|-supereffective|p2a: Delphox|1
|-supereffective|p2b: Incineroar|1
|-crit|p2b: Incineroar
|-damage|p2a: Delphox|64/100
|-damage|p2b: Incineroar|0 fnt
|faint|p2b: Incineroar
|cant|p2a: Delphox|flinch
|move|p1b: Sylveon|Hyper Beam|p2a: Delphox
|-resisted|p2a: Delphox|1
|-damage|p2a: Delphox|29/100
|-mustrecharge|p1b: Sylveon
|
|upkeep
|
|t:|1782184526
|switch|p2b: Sinistcha|Sinistcha, L50|100/100
|-heal|p2a: Delphox|54/100|[from] ability: Hospitality|[of] p2b: Sinistcha
|turn|5
|
|t:|1782184540
|move|p1a: Garchomp|Rock Slide|p2b: Sinistcha|[spread] p2a,p2b
|-supereffective|p2a: Delphox|1
|-damage|p2a: Delphox|18/100
|-damage|p2b: Sinistcha|89/100
|move|p2a: Delphox|Psyshock|p1a: Garchomp
|-damage|p1a: Garchomp|0 fnt
|faint|p1a: Garchomp
|cant|p1b: Sylveon|recharge
|cant|p2b: Sinistcha|flinch
|
|upkeep
|
|t:|1782184549
|switch|p1a: Aegislash|Aegislash, L50, M|100/100
|turn|6
|
|t:|1782184561
|move|p2a: Delphox|Protect|p2a: Delphox
|-singleturn|p2a: Delphox|Protect
|move|p1b: Sylveon|Hyper Voice|p2a: Delphox|[spread] p2b
|-activate|p2a: Delphox|move: Protect
|-crit|p2b: Sinistcha
|-damage|p2b: Sinistcha|31/100
|-formechange|p1a: Aegislash|Aegislash-Blade|
|move|p1a: Aegislash|Iron Head|p2b: Sinistcha
|-damage|p2b: Sinistcha|0 fnt
|faint|p2b: Sinistcha
|-damage|p1a: Aegislash|90/100|[from] item: Life Orb
|
|upkeep
|
|t:|1782184568
|switch|p2b: Garchomp|Garchomp, L50, F|100/100
|turn|7
|
|t:|1782184578
|-formechange|p1a: Aegislash|Aegislash|
|move|p1a: Aegislash|King's Shield|p1a: Aegislash
|-singleturn|p1a: Aegislash|Protect
|move|p2a: Delphox|Psyshock|p1b: Sylveon
|-damage|p1b: Sylveon|0 fnt
|faint|p1b: Sylveon
|move|p2b: Garchomp|Stomping Tantrum|p1a: Aegislash
|-activate|p1a: Aegislash|move: Protect
|-unboost|p2b: Garchomp|atk|1
|
|upkeep
|turn|8
|
|t:|1782184594
|move|p2a: Delphox|Heat Wave|p1a: Aegislash|[miss]
|-miss|p2a: Delphox|p1a: Aegislash
|move|p2b: Garchomp|Stomping Tantrum|p1a: Aegislash
|-supereffective|p1a: Aegislash|1
|-damage|p1a: Aegislash|37/100
|-damage|p2b: Garchomp|90/100|[from] item: Life Orb
|-formechange|p1a: Aegislash|Aegislash-Blade|
|move|p1a: Aegislash|Iron Head|p2a: Delphox
|-resisted|p2a: Delphox|1
|-damage|p2a: Delphox|0 fnt
|faint|p2a: Delphox
|-damage|p1a: Aegislash|28/100|[from] item: Life Orb
|
|upkeep
|turn|9
|
|t:|1782184607
|-formechange|p1a: Aegislash|Aegislash|
|move|p1a: Aegislash|King's Shield|p1a: Aegislash
|-singleturn|p1a: Aegislash|Protect
|move|p2b: Garchomp|Stomping Tantrum|p1a: Aegislash
|-activate|p1a: Aegislash|move: Protect
|-unboost|p2b: Garchomp|atk|1
|
|upkeep
|turn|10
|
|t:|1782184615
|move|p2b: Garchomp|Stomping Tantrum|p1a: Aegislash
|-supereffective|p1a: Aegislash|1
|-damage|p1a: Aegislash|0 fnt
|faint|p1a: Aegislash
|-damage|p2b: Garchomp|80/100|[from] item: Life Orb
|
|win|TMJS01
|raw|mak2012's rating: 1137 → 1121(-16 for losing)
|raw|TMJS01's rating: 1269 → 1285(+16 for winning)
