|j|☆MarzipanTheFirst
|j|☆raginghuman
|html|MarzipanTheFirstraginghuman    
|uhtml|bestof|Game 2 of a best-of-3
|t:|1783271070
|gametype|doubles
|player|p1|MarzipanTheFirst|265|1074
|player|p2|raginghuman|170|1109
|gen|9
|tier|[Gen 9 Champions] VGC 2026 Reg M-B (Bo3)
|rated|
|rule|Species Clause: Limit one of each Pokémon
|rule|Item Clause: Limit 1 of each item
|clearpoke
|poke|p1|Sinistcha, L50|
|poke|p1|Garchomp, L50, F|
|poke|p1|Dragapult, L50, F|
|poke|p1|Clawitzer, L50, F|
|poke|p1|Scizor, L50, M|
|poke|p1|Incineroar, L50, M|
|poke|p2|Swampert, L50, F|
|poke|p2|Grimmsnarl, L50, M|
|poke|p2|Archaludon, L50, F|
|poke|p2|Pelipper, L50, F|
|poke|p2|Zoroark-Hisui, L50, F|
|poke|p2|Rotom-Wash, L50|
|teampreview|4
|showteam|p1|Sinistcha||Leftovers|Hospitality|StrengthSap,MatchaGotcha,Protect,RagePowder|Bold|||||50|]Garchomp||LifeOrb|RoughSkin|StompingTantrum,RockSlide,DragonClaw,Protect|Adamant||F|||50|]Dragapult||FocusSash|ClearBody|WillOWisp,Disable,Flamethrower,ShadowBall|Timid||F|||50|]Clawitzer||SitrusBerry|MegaLauncher|WaterPulse,AuraSphere,HealPulse,DragonPulse|Timid||F|||50|]Scizor||Scizorite|Technician|Tailwind,BulletPunch,BugBite,SwordsDance|Adamant||M|||50|]Incineroar||PasshoBerry|Intimidate|FakeOut,FlareBlitz,ThroatChop,Protect|Careful||M|||50|
|showteam|p2|Swampert||Swampertite|Torrent|Protect,IcePunch,WaveCrash,Earthquake|Adamant||F|||50|]Grimmsnarl||LightClay|Prankster|LightScreen,Reflect,SpiritBreak,PartingShot|Impish||M|||50|]Archaludon||SitrusBerry|Stamina|ElectroShot,Protect,FlashCannon,DracoMeteor|Modest||F|||50|]Pelipper||LifeOrb|Drizzle|Tailwind,WeatherBall,Hurricane,Protect|Modest||F|||50|]Zoroark-Hisui||FocusSash|Illusion|HyperVoice,ShadowBall,Protect,NastyPlot|Timid||F|||50|]Rotom-Wash||ChoiceScarf|Levitate|VoltSwitch,Thunder,HydroPump,Trick|Modest|||||50|
|inactive|Battle timer is ON: inactive players will automatically lose when time's up. (requested by raginghuman)
|inactive|raginghuman has 60 seconds left.
|
|t:|1783271101
|teamsize|p1|4
|teamsize|p2|4
|start
|switch|p1a: Clawitzer|Clawitzer, L50, F|100/100
|switch|p1b: Scizor|Scizor, L50, M|100/100
|switch|p2a: Rotom|Rotom-Wash, L50|100/100
|switch|p2b: Pelipper|Pelipper, L50, F|100/100
|-weather|RainDance|[from] ability: Drizzle|[of] p2b: Pelipper
|turn|1
|inactive|MarzipanTheFirst has 30 seconds left.
|inactive|MarzipanTheFirst has 20 seconds left.
|inactive|raginghuman has 30 seconds left.
|inactive|raginghuman has 20 seconds left.
|
|t:|1783271155
|move|p2a: Rotom|Shadow Ball|p1b: Scizor
|-damage|p1b: Scizor|46/100
|-unboost|p1b: Scizor|spd|1
|move|p1a: Clawitzer|Dragon Pulse|p2b: Pelipper
|-damage|p2b: Pelipper|40/100
|move|p2b: Pelipper|Tailwind|p2b: Pelipper
|-sidestart|p2: raginghuman|move: Tailwind
|move|p1b: Scizor|Swords Dance|p1b: Scizor
|-boost|p1b: Scizor|atk|2
|
|-weather|RainDance|[upkeep]
|upkeep
|turn|2
|inactive|MarzipanTheFirst has 30 seconds left.
|inactive|raginghuman has 30 seconds left.
|
|t:|1783271190
|detailschange|p1b: Scizor|Scizor-Mega, L50, M
|-mega|p1b: Scizor|Scizor|Scizorite
|move|p2a: Rotom|Protect|p2a: Rotom
|-singleturn|p2a: Rotom|Protect
|move|p2b: Pelipper|Protect|p2b: Pelipper
|-singleturn|p2b: Pelipper|Protect
|move|p1b: Scizor|Bullet Punch|p2a: Rotom
|-activate|p2a: Rotom|move: Protect
|move|p1a: Clawitzer|Water Pulse|p2a: Rotom
|-activate|p2a: Rotom|move: Protect
|
|-weather|RainDance|[upkeep]
|upkeep
|turn|3
|inactive|raginghuman has 30 seconds left.
|
|t:|1783271220
|move|p1b: Scizor|Bullet Punch|p2a: Rotom
|-enditem|p2a: Rotom|Focus Sash
|-damage|p2a: Rotom|1/100
|replace|p2a: Zoroark|Zoroark-Hisui, L50, F
|-end|p2a: Zoroark|Illusion
|move|p2a: Zoroark|Shadow Ball|p1b: Scizor
|-crit|p1b: Scizor
|-damage|p1b: Scizor|0 fnt
|faint|p1b: Scizor
|move|p2b: Pelipper|Hurricane|p1a: Clawitzer
|-damage|p1a: Clawitzer|28/100
|-start|p1a: Clawitzer|confusion
|-enditem|p1a: Clawitzer|Sitrus Berry|[eat]
|-heal|p1a: Clawitzer|53/100|[from] item: Sitrus Berry
|-damage|p2b: Pelipper|31/100|[from] item: Life Orb
|-activate|p1a: Clawitzer|confusion
|move|p1a: Clawitzer|Heal Pulse|p1: Scizor|[notarget]
|-fail|p1a: Clawitzer
|
|-weather|RainDance|[upkeep]
|upkeep
|
|t:|1783271228
|switch|p1b: Garchomp|Garchomp, L50, F|100/100
|turn|4
|
|t:|1783271254
|move|p2a: Zoroark|Hyper Voice|p1b: Garchomp|[spread] p1a,p1b
|-damage|p1a: Clawitzer|10/100
|-damage|p1b: Garchomp|69/100
|move|p2b: Pelipper|Weather Ball|p1b: Garchomp
|-damage|p1b: Garchomp|0 fnt
|faint|p1b: Garchomp
|-damage|p2b: Pelipper|21/100|[from] item: Life Orb
|-activate|p1a: Clawitzer|confusion
|-damage|p1a: Clawitzer|1/100|[from] confusion
|
|-weather|RainDance|[upkeep]
|-sideend|p2: raginghuman|move: Tailwind
|upkeep
|
|t:|1783271265
|switch|p1b: Sinistcha|Sinistcha, L50|100/100
|-heal|p1a: Clawitzer|26/100|[from] ability: Hospitality|[of] p1b: Sinistcha
|turn|5
|
|t:|1783271273
|switch|p2b: Rotom|Rotom-Wash, L50|100/100
|move|p2a: Zoroark|Shadow Ball|p1a: Clawitzer
|-damage|p1a: Clawitzer|0 fnt
|faint|p1a: Clawitzer
|move|p1b: Sinistcha|Matcha Gotcha|p2a: Zoroark|[spread] p2a,p2b
|-supereffective|p2b: Rotom|1
|-damage|p2a: Zoroark|0 fnt
|-damage|p2b: Rotom|29/100
|-status|p2b: Rotom|brn
|faint|p2a: Zoroark
|
|-weather|none
|-damage|p2b: Rotom|23/100 brn|[from] brn
|upkeep
|c|☆MarzipanTheFirst|Ggs
|
|t:|1783271282
|switch|p2a: Pelipper|Pelipper, L50, F|21/100
|-weather|RainDance|[from] ability: Drizzle|[of] p2a: Pelipper
|turn|6
|
|t:|1783271289
|move|p2b: Rotom|Thunder|p1b: Sinistcha
|-resisted|p1b: Sinistcha|1
|-damage|p1b: Sinistcha|66/100
|move|p1b: Sinistcha|Matcha Gotcha|p2a: Pelipper|[spread] p2a,p2b
|-supereffective|p2b: Rotom|1
|-damage|p2a: Pelipper|0 fnt
|-heal|p1b: Sinistcha|78/100|[from] drain|[of] p2a: Pelipper
|-damage|p2b: Rotom|0 fnt
|-heal|p1b: Sinistcha|87/100|[from] drain|[of] p2b: Rotom
|faint|p2a: Pelipper
|faint|p2b: Rotom
|
|-weather|RainDance|[upkeep]
|-heal|p1b: Sinistcha|93/100|[from] item: Leftovers
|upkeep
|c|☆raginghuman|Ggs
|
|t:|1783271298
|switch|p2b: Swampert|Swampert, L50, F|100/100
|turn|7
|c|☆MarzipanTheFirst|Yo sinistcha is cooking
|
|t:|1783271305
|detailschange|p2b: Swampert|Swampert-Mega, L50, F
|-mega|p2b: Swampert|Swampert|Swampertite
|move|p1b: Sinistcha|Protect|p1b: Sinistcha
|-singleturn|p1b: Sinistcha|Protect
|move|p2b: Swampert|Ice Punch|p1b: Sinistcha
|-activate|p1b: Sinistcha|move: Protect
|
|-weather|RainDance|[upkeep]
|-heal|p1b: Sinistcha|100/100|[from] item: Leftovers
|upkeep
|turn|8
|
|t:|1783271314
|move|p2b: Swampert|Ice Punch|p1b: Sinistcha
|-supereffective|p1b: Sinistcha|1
|-damage|p1b: Sinistcha|40/100
|move|p1b: Sinistcha|Matcha Gotcha|p2b: Swampert
|-supereffective|p2b: Swampert|2
|-damage|p2b: Swampert|0 fnt
|-heal|p1b: Sinistcha|100/100|[from] drain|[of] p2b: Swampert
|faint|p2b: Swampert
|
|win|MarzipanTheFirst
||raginghuman is ready for game 3.
|inactive|MarzipanTheFirst has 30 seconds to confirm battle start!
