|j|☆Hadrian1917
|j|☆Cosentino
|html|Hadrian1917Cosentino    
|uhtml|bestof|Game 1 of a best-of-3
|t:|1756766554
|gametype|doubles
|player|p1|Hadrian1917|1|1090
|player|p2|Cosentino|clown|1089
|gen|9
|tier|[Gen 9] VGC 2025 Reg H (Bo3)
|rated|
|rule|Species Clause: Limit one of each Pokémon
|rule|Item Clause: Limit 1 of each item
|clearpoke
|poke|p1|Annihilape, L50, F|
|poke|p1|Dragonite, L50, F|
|poke|p1|Ursaluna-Bloodmoon, L50, M|
|poke|p1|Rillaboom, L50, F|
|poke|p1|Gholdengo, L50|
|poke|p1|Pelipper, L50, M|
|poke|p2|Sneasler, L50, M|
|poke|p2|Dragonite, L50, M|
|poke|p2|Whimsicott, L50, F|
|poke|p2|Volcarona, L50, F|
|poke|p2|Amoonguss, L50, F|
|poke|p2|Gholdengo, L50|
|teampreview|4
|showteam|p1|Annihilape||SitrusBerry|Defiant|DrainPunch,RageFist,BulkUp,Protect|||F|||50|,,,,,Fire]Dragonite||LoadedDice|Multiscale|ScaleShot,Haze,Tailwind,Protect|||F|||50|,,,,,Fairy]Ursaluna-Bloodmoon||AssaultVest|MindsEye|HyperVoice,EarthPower,BloodMoon,VacuumWave|||M|||50|,,,,,Dragon]Rillaboom||MiracleSeed|GrassySurge|GrassyGlide,Uturn,WoodHammer,FakeOut|||F|||50|,,,,,Fire]Gholdengo||LifeOrb|GoodasGold|Protect,NastyPlot,ShadowBall,MakeItRain||||||50|,,,,,Water]Pelipper||FocusSash|Drizzle|WeatherBall,Hurricane,WideGuard,Protect|||M|||50|,,,,,Ghost
|showteam|p2|Sneasler||FocusSash|PoisonTouch|Protect,CloseCombat,DireClaw,FakeOut|||M|||50|,,,,,Ghost]Dragonite||ChoiceBand|InnerFocus|ExtremeSpeed,DragonClaw,LowKick,StompingTantrum|||M|||50|,,,,,Normal]Whimsicott||CovertCloak|Prankster|LightScreen,Moonblast,SunnyDay,Tailwind|||F|||50|,,,,,Dark]Volcarona||SitrusBerry|FlameBody|Protect,GigaDrain,HeatWave,QuiverDance|||F|||50|,,,,,Grass]Amoonguss||RockyHelmet|Regenerator|GigaDrain,ClearSmog,RagePowder,Spore|||F|||50|,,,,,Water]Gholdengo||Leftovers|GoodasGold|Protect,NastyPlot,MakeItRain,ShadowBall||||||50|,,,,,Fairy
|inactive|Battle timer is ON: inactive players will automatically lose when time's up. (requested by Hadrian1917)
|inactive|Hadrian1917 has 60 seconds left.
|
|t:|1756766623
|teamsize|p1|4
|teamsize|p2|4
|start
|switch|p1a: Gholdengo|Gholdengo, L50|100/100
|switch|p1b: Dragonite|Dragonite, L50, F|100/100
|switch|p2a: Volcarona|Volcarona, L50, F|100/100
|switch|p2b: Whimsicott|Whimsicott, L50, F|100/100
|turn|1
|inactive|Hadrian1917 has 30 seconds left.
|inactive|Hadrian1917 has 20 seconds left.
|inactive|Hadrian1917 has 15 seconds left.
|inactive|Hadrian1917 has 10 seconds left.
|
|t:|1756766673
|-terastallize|p1a: Gholdengo|Water
|move|p2b: Whimsicott|Light Screen|p2b: Whimsicott
|-sidestart|p2: Cosentino|move: Light Screen
|move|p1a: Gholdengo|Make It Rain|p2b: Whimsicott|[spread] p2a,p2b
|-resisted|p2a: Volcarona
|-supereffective|p2b: Whimsicott
|-damage|p2a: Volcarona|81/100
|-damage|p2b: Whimsicott|1/100
|-unboost|p1a: Gholdengo|spa|1
|-damage|p1a: Gholdengo|91/100|[from] item: Life Orb
|move|p1b: Dragonite|Scale Shot|p2a: Volcarona
|-damage|p2a: Volcarona|64/100
|-damage|p2a: Volcarona|47/100
|-enditem|p2a: Volcarona|Sitrus Berry|[eat]
|-heal|p2a: Volcarona|71/100|[from] item: Sitrus Berry
|-damage|p2a: Volcarona|56/100
|-damage|p2a: Volcarona|38/100
|-damage|p2a: Volcarona|22/100
|-hitcount|p2a: Volcarona|5
|-unboost|p1b: Dragonite|def|1
|-boost|p1b: Dragonite|spe|1
|move|p2a: Volcarona|Heat Wave|p1b: Dragonite|[spread] p1a,p1b
|-resisted|p1a: Gholdengo
|-resisted|p1b: Dragonite
|-damage|p1a: Gholdengo|69/100
|-damage|p1b: Dragonite|91/100
|
|upkeep
|turn|2
|inactive|Hadrian1917 has 30 seconds left.
|
|t:|1756766705
|move|p1a: Gholdengo|Protect|p1a: Gholdengo
|-singleturn|p1a: Gholdengo|Protect
|move|p2b: Whimsicott|Tailwind|p2b: Whimsicott
|-sidestart|p2: Cosentino|move: Tailwind
|move|p2a: Volcarona|Giga Drain|p1a: Gholdengo
|-activate|p1a: Gholdengo|move: Protect
|move|p1b: Dragonite|Scale Shot|p2a: Volcarona
|-damage|p2a: Volcarona|6/100
|-damage|p2a: Volcarona|0 fnt
|faint|p2a: Volcarona
|-hitcount|p2: Volcarona|2
|-unboost|p1b: Dragonite|def|1
|-boost|p1b: Dragonite|spe|1
|
|upkeep
|
|t:|1756766724
|switch|p2a: Dragonite|Dragonite, L50, M|100/100
|turn|3
|
|t:|1756766748
|-terastallize|p2a: Dragonite|Normal
|move|p2a: Dragonite|Extreme Speed|p1a: Gholdengo
|-damage|p1a: Gholdengo|0 fnt
|faint|p1a: Gholdengo
|move|p2b: Whimsicott|Moonblast|p1b: Dragonite
|-supereffective|p1b: Dragonite
|-damage|p1b: Dragonite|29/100
|move|p1b: Dragonite|Tailwind|p1b: Dragonite
|-sidestart|p1: Hadrian1917|move: Tailwind
|
|upkeep
|
|t:|1756766763
|switch|p1a: Annihilape|Annihilape, L50, F|100/100
|turn|4
|
|t:|1756766784
|switch|p2a: Gholdengo|Gholdengo, L50|100/100
|move|p1b: Dragonite|Protect|p1b: Dragonite
|-singleturn|p1b: Dragonite|Protect
|move|p1a: Annihilape|Rage Fist|p2b: Whimsicott
|-damage|p2b: Whimsicott|0 fnt
|faint|p2b: Whimsicott
|
|upkeep
|
|t:|1756766792
|switch|p2b: Dragonite|Dragonite, L50, M, tera:Normal|100/100
|turn|5
|inactive|Hadrian1917 has 30 seconds left.
|inactive|Cosentino has 30 seconds left.
|inactive|Hadrian1917 has 20 seconds left.
|inactive|Hadrian1917 has 15 seconds left.
|
|t:|1756766837
|move|p1b: Dragonite|Protect||[still]
|-fail|p1b: Dragonite
|move|p1a: Annihilape|Protect|p1a: Annihilape
|-singleturn|p1a: Annihilape|Protect
|move|p2a: Gholdengo|Nasty Plot|p2a: Gholdengo
|-boost|p2a: Gholdengo|spa|2
|move|p2b: Dragonite|Dragon Claw|p1b: Dragonite
|-supereffective|p1b: Dragonite
|-damage|p1b: Dragonite|0 fnt
|faint|p1b: Dragonite
|
|-sideend|p2: Cosentino|move: Light Screen
|-sideend|p2: Cosentino|move: Tailwind
|upkeep
|
|t:|1756766849
|switch|p1b: Pelipper|Pelipper, L50, M|100/100
|-weather|RainDance|[from] ability: Drizzle|[of] p1b: Pelipper
|turn|6
|
|t:|1756766863
|move|p1a: Annihilape|Drain Punch|p2b: Dragonite
|-supereffective|p2b: Dragonite
|-damage|p2b: Dragonite|46/100
|move|p1b: Pelipper|Hurricane|p2b: Dragonite
|-damage|p2b: Dragonite|7/100
|-start|p2b: Dragonite|confusion
|move|p2a: Gholdengo|Shadow Ball|p1a: Annihilape
|-supereffective|p1a: Annihilape
|-crit|p1a: Annihilape
|-damage|p1a: Annihilape|0 fnt
|faint|p1a: Annihilape
|-activate|p2b: Dragonite|confusion
|-damage|p2b: Dragonite|0 fnt|[from] confusion
|faint|p2b: Dragonite
|
|-weather|RainDance|[upkeep]
|-sideend|p1: Hadrian1917|move: Tailwind
|upkeep
|turn|7
|
|t:|1756766882
|move|p2a: Gholdengo|Shadow Ball|p1b: Pelipper
|-enditem|p1b: Pelipper|Focus Sash
|-damage|p1b: Pelipper|1/100
|-unboost|p1b: Pelipper|spd|1
|move|p1b: Pelipper|Weather Ball|p2a: Gholdengo
|-damage|p2a: Gholdengo|27/100
|
|-weather|RainDance|[upkeep]
|-heal|p2a: Gholdengo|32/100|[from] item: Leftovers
|upkeep
|turn|8
|-message|Hadrian1917 forfeited.
|
|win|Cosentino
||Hadrian1917 is ready for game 2.
||Cosentino is ready for game 2.
|uhtml|next|Next: Game 2 of 3
