|j|☆MELTEUSE
|j|☆luckycharmstheteam
|html|MELTEUSEluckycharmstheteam    
|uhtml|bestof|Game 3 of a best-of-3
|t:|1754864697
|gametype|doubles
|player|p1|MELTEUSE|2|1326
|player|p2|luckycharmstheteam|shelly|1245
|gen|9
|tier|[Gen 9] VGC 2025 Reg H (Bo3)
|rated|
|rule|Species Clause: Limit one of each Pokémon
|rule|Item Clause: Limit 1 of each item
|clearpoke
|poke|p1|Incineroar, L50, F|
|poke|p1|Porygon2, L50|
|poke|p1|Ursaluna-Bloodmoon, L50, M|
|poke|p1|Dragonite, L50, M|
|poke|p1|Kingambit, L50, F|
|poke|p1|Rillaboom, L50, M|
|poke|p2|Dragonite, L50, F|
|poke|p2|Annihilape, L50, M|
|poke|p2|Amoonguss, L50, M|
|poke|p2|Incineroar, L50, M|
|poke|p2|Ursaluna-Bloodmoon, L50, M|
|poke|p2|Gholdengo, L50|
|teampreview|4
|showteam|p1|Incineroar||SafetyGoggles|Intimidate|FakeOut,KnockOff,FlareBlitz,PartingShot|||F|||50|,,,,,Ghost]Porygon2||Eviolite|Download|TeraBlast,IceBeam,Recover,TrickRoom||||||50|,,,,,Fighting]Ursaluna-Bloodmoon||LifeOrb|MindsEye|BloodMoon,HyperVoice,EarthPower,Protect|||M|||50|,,,,,Normal]Dragonite||LoadedDice|Multiscale|ScaleShot,Tailwind,ExtremeSpeed,Protect|||M|||50|,,,,,Fairy]Kingambit||BlackGlasses|Defiant|KowtowCleave,SuckerPunch,SwordsDance,Protect|||F|||50|,,,,,Fire]Rillaboom||AssaultVest|GrassySurge|FakeOut,WoodHammer,GrassyGlide,Uturn|||M|||50|,,,,,Fire
|showteam|p2|Dragonite||LoadedDice|Multiscale|Protect,ScaleShot,Tailwind,Haze|||F|||50|,,,,,Fairy]Annihilape||FocusSash|Defiant|CloseCombat,Coaching,Taunt,RageFist|||M|||50|,,,,,Grass]Amoonguss||CovertCloak|Regenerator|Protect,Spore,SludgeBomb,RagePowder|||M|||50|,,,,,Water]Incineroar||SafetyGoggles|Intimidate|FlareBlitz,KnockOff,FakeOut,PartingShot|||M|||50|,,,,,Ghost]Ursaluna-Bloodmoon||AssaultVest|MindsEye|HyperVoice,VacuumWave,BloodMoon,EarthPower|||M|||50|,,,,,Normal]Gholdengo||LifeOrb|GoodasGold|Protect,MakeItRain,NastyPlot,ShadowBall||||||50|,,,,,Water
|inactive|Battle timer is ON: inactive players will automatically lose when time's up. (requested by MELTEUSE)
|j| teamthief420
|
|t:|1754864725
|teamsize|p1|4
|teamsize|p2|4
|start
|switch|p1a: Porygon2|Porygon2, L50|100/100
|switch|p1b: Rillaboom|Rillaboom, L50, M|100/100
|switch|p2a: Gholdengo|Gholdengo, L50|100/100
|switch|p2b: Annihilape|Annihilape, L50, M|100/100
|-fieldstart|move: Grassy Terrain|[from] ability: Grassy Surge|[of] p1b: Rillaboom
|-ability|p1a: Porygon2|Download|boost
|-boost|p1a: Porygon2|atk|1
|turn|1
|inactive|MELTEUSE has 30 seconds left.
|
|t:|1754864756
|-terastallize|p1a: Porygon2|Fighting
|move|p2b: Annihilape|Taunt|p1a: Porygon2
|-start|p1a: Porygon2|move: Taunt
|move|p2a: Gholdengo|Nasty Plot|p2a: Gholdengo
|-boost|p2a: Gholdengo|spa|2
|move|p1b: Rillaboom|U-turn|p2a: Gholdengo
|-resisted|p2a: Gholdengo
|-damage|p2a: Gholdengo|93/100
|
|t:|1754864767
|switch|p1b: Kingambit|Kingambit, L50, F|100/100|[from] U-turn
|move|p1a: Porygon2|Ice Beam|p2b: Annihilape
|-damage|p2b: Annihilape|80/100
|
|-heal|p2b: Annihilape|86/100|[from] Grassy Terrain
|-heal|p2a: Gholdengo|99/100|[from] Grassy Terrain
|upkeep
|turn|2
|
|t:|1754864787
|-terastallize|p2a: Gholdengo|Water
|move|p1b: Kingambit|Protect|p1b: Kingambit
|-singleturn|p1b: Kingambit|Protect
|move|p2b: Annihilape|Close Combat|p1b: Kingambit
|-activate|p1b: Kingambit|move: Protect
|move|p2a: Gholdengo|Make It Rain|p1a: Porygon2|[spread] p1a
|-activate|p1b: Kingambit|move: Protect
|-damage|p1a: Porygon2|33/100
|-unboost|p2a: Gholdengo|spa|1
|-damage|p2a: Gholdengo|90/100|[from] item: Life Orb
|move|p1a: Porygon2|Ice Beam|p2b: Annihilape
|-damage|p2b: Annihilape|63/100
|
|-heal|p2b: Annihilape|69/100|[from] Grassy Terrain
|-heal|p2a: Gholdengo|96/100|[from] Grassy Terrain
|-heal|p1a: Porygon2|39/100|[from] Grassy Terrain
|upkeep
|turn|3
|inactive|MELTEUSE has 30 seconds left.
|
|t:|1754864818
|switch|p1b: Rillaboom|Rillaboom, L50, M|100/100
|move|p2b: Annihilape|Close Combat|p1b: Rillaboom
|-damage|p1b: Rillaboom|57/100
|-unboost|p2b: Annihilape|def|1
|-unboost|p2b: Annihilape|spd|1
|move|p2a: Gholdengo|Make It Rain|p1b: Rillaboom|[spread] p1a,p1b
|-damage|p1a: Porygon2|0 fnt
|-damage|p1b: Rillaboom|0 fnt
|-unboost|p2a: Gholdengo|spa|1
|faint|p1a: Porygon2
|faint|p1b: Rillaboom
|-damage|p2a: Gholdengo|86/100|[from] item: Life Orb
|
|-heal|p2b: Annihilape|75/100|[from] Grassy Terrain
|-heal|p2a: Gholdengo|92/100|[from] Grassy Terrain
|upkeep
|
|t:|1754864827
|switch|p1b: Kingambit|Kingambit, L50, F|100/100
|switch|p1a: Ursaluna|Ursaluna-Bloodmoon, L50, M|100/100
|turn|4
|
|t:|1754864840
|move|p1b: Kingambit|Sucker Punch|p2b: Annihilape
|-damage|p2b: Annihilape|0 fnt
|faint|p2b: Annihilape
|move|p2a: Gholdengo|Make It Rain|p1b: Kingambit|[spread] p1a,p1b
|-resisted|p1b: Kingambit
|-damage|p1a: Ursaluna|27/100
|-damage|p1b: Kingambit|72/100
|-unboost|p2a: Gholdengo|spa|1
|-damage|p2a: Gholdengo|83/100|[from] item: Life Orb
|move|p1a: Ursaluna|Blood Moon|p2a: Gholdengo
|-damage|p2a: Gholdengo|0 fnt
|faint|p2a: Gholdengo
|-damage|p1a: Ursaluna|17/100|[from] item: Life Orb
|
|-heal|p1a: Ursaluna|23/100|[from] Grassy Terrain
|-heal|p1b: Kingambit|77/100|[from] Grassy Terrain
|upkeep
|
|t:|1754864842
|switch|p2b: Ursaluna|Ursaluna-Bloodmoon, L50, M|100/100
|switch|p2a: Dragonite|Dragonite, L50, F|100/100
|turn|5
|
|t:|1754864853
|move|p2a: Dragonite|Scale Shot|p1a: Ursaluna
|-damage|p1a: Ursaluna|10/100
|-damage|p1a: Ursaluna|0 fnt
|faint|p1a: Ursaluna
|-hitcount|p1: Ursaluna|2
|-unboost|p2a: Dragonite|def|1
|-boost|p2a: Dragonite|spe|1
|move|p2b: Ursaluna|Earth Power|p1b: Kingambit
|-supereffective|p1b: Kingambit
|-damage|p1b: Kingambit|0 fnt
|faint|p1b: Kingambit
|
|win|luckycharmstheteam
|raw|MELTEUSE's rating: 1326 → 1301(-25 for losing)
|raw|luckycharmstheteam's rating: 1245 → 1276(+31 for winning)
|l|☆MELTEUSE
|player|p1|
|l| teamthief420
