|j|☆RagCheese
|j|☆CrazyyBoi
|html|RagCheeseCrazyyBoi    
|uhtml|bestof|Game 1 of a best-of-3
|t:|1757853737
|gametype|doubles
|player|p1|RagCheese|bellelba|1101
|player|p2|CrazyyBoi|101|1157
|gen|9
|tier|[Gen 9] VGC 2025 Reg H (Bo3)
|rated|
|rule|Species Clause: Limit one of each Pokémon
|rule|Item Clause: Limit 1 of each item
|clearpoke
|poke|p1|Tyranitar, L50, M|
|poke|p1|Gholdengo, L50|
|poke|p1|Salamence, L50, F|
|poke|p1|Gallade, L50, M|
|poke|p1|Whimsicott, L50, M|
|poke|p1|Clefairy, L50, F|
|poke|p2|Meowscarada, L50, F|
|poke|p2|Sableye, L50, M|
|poke|p2|Gothitelle, L50, M|
|poke|p2|Kommo-o, L50, M|
|poke|p2|Incineroar, L50, F|
|poke|p2|Primarina, L50, M|
|teampreview|4
|showteam|p1|Tyranitar||ClearAmulet|SandStream|Protect,DragonDance,TeraBlast,RockSlide|||M|||50|,,,,,Flying]Gholdengo||AirBalloon|GoodasGold|Protect,NastyPlot,MakeItRain,ShadowBall||||||50|,,,,,Stellar]Salamence||LifeOrb|Intimidate|Protect,Earthquake,Tailwind,DracoMeteor|||F|||50|,,,,,Ground]Gallade||ChoiceScarf|Sharpness|SacredSword,IcyWind,PsychoCut,Coaching|||M|||50|,,,,,Psychic]Whimsicott||CovertCloak|Prankster|LightScreen,Tailwind,Moonblast,Encore|||M|||50|,,,,,Dark]Clefairy||Eviolite|FriendGuard|FollowMe,AfterYou,HelpingHand,Protect|||F|||50|,,,,,Fairy
|showteam|p2|Meowscarada||ClearAmulet|Overgrow|FlowerTrick,SuckerPunch,ThroatChop,Protect|||F|||50|,,,,,Fire]Sableye||MentalHerb|Prankster|WillOWisp,Quash,Disable,Encore|||M|||50|,,,,,Grass]Gothitelle||SitrusBerry|ShadowTag|FakeOut,Psychic,TrickRoom,Protect|||M|||50|,,,,,Steel]Kommo-o||ThroatSpray|Overcoat|ClangorousSoul,ClangingScales,Protect,AuraSphere|||M|||50|,,,,,Steel]Incineroar||SafetyGoggles|Intimidate|FakeOut,PartingShot,KnockOff,Taunt|||F|||50|,,,,,Ghost]Primarina||LifeOrb|LiquidVoice|HyperVoice,Moonblast,PerishSong,Protect|||M|||50|,,,,,Dragon
|inactive|Battle timer is ON: inactive players will automatically lose when time's up. (requested by RagCheese)
|
|t:|1757853762
|teamsize|p1|4
|teamsize|p2|4
|start
|switch|p1a: Tyranitar|Tyranitar, L50, M|100/100
|switch|p1b: Gallade|Gallade, L50, M, shiny|100/100
|switch|p2a: Meowscarada|Meowscarada, L50, F|100/100
|switch|p2b: Gothitelle|Gothitelle, L50, M|100/100
|-weather|Sandstorm|[from] ability: Sand Stream|[of] p1a: Tyranitar
|turn|1
|inactive|CrazyyBoi has 30 seconds left.
|inactive|CrazyyBoi has 20 seconds left.
|
|t:|1757853799
|move|p1a: Tyranitar|Protect|p1a: Tyranitar
|-singleturn|p1a: Tyranitar|Protect
|move|p2b: Gothitelle|Fake Out|p1b: Gallade
|-damage|p1b: Gallade|93/100
|cant|p1b: Gallade|flinch
|move|p2a: Meowscarada|Flower Trick|p1b: Gallade
|-crit|p1b: Gallade
|-damage|p1b: Gallade|7/100
|
|-weather|Sandstorm|[upkeep]
|-damage|p1b: Gallade|1/100|[from] Sandstorm
|-damage|p2a: Meowscarada|94/100|[from] Sandstorm
|-damage|p2b: Gothitelle|94/100|[from] Sandstorm
|upkeep
|turn|2
|
|t:|1757853823
|-terastallize|p1a: Tyranitar|Flying
|move|p2a: Meowscarada|Protect|p2a: Meowscarada
|-singleturn|p2a: Meowscarada|Protect
|move|p2b: Gothitelle|Protect|p2b: Gothitelle
|-singleturn|p2b: Gothitelle|Protect
|move|p1b: Gallade|Coaching|p1a: Tyranitar
|-boost|p1a: Tyranitar|atk|1
|-boost|p1a: Tyranitar|def|1
|move|p1a: Tyranitar|Tera Blast|p2a: Meowscarada|[anim] Tera Blast Flying
|-activate|p2a: Meowscarada|move: Protect
|
|-weather|Sandstorm|[upkeep]
|-damage|p1b: Gallade|0 fnt|[from] Sandstorm
|-damage|p2a: Meowscarada|88/100|[from] Sandstorm
|-damage|p1a: Tyranitar|95/100|[from] Sandstorm
|-damage|p2b: Gothitelle|88/100|[from] Sandstorm
|faint|p1b: Gallade
|upkeep
|
|t:|1757853833
|switch|p1b: Clefairy|Clefairy, L50, F, shiny|100/100
|turn|3
|inactive|CrazyyBoi has 30 seconds left.
|
|t:|1757853866
|switch|p2a: Incineroar|Incineroar, L50, F|100/100
|-ability|p2a: Incineroar|Intimidate|boost
|-fail|p1a: Tyranitar|unboost|[from] item: Clear Amulet|[of] p1a: Tyranitar
|-unboost|p1b: Clefairy|atk|1
|-terastallize|p2b: Gothitelle|Steel
|move|p1b: Clefairy|Helping Hand|p1a: Tyranitar
|-singleturn|p1a: Tyranitar|Helping Hand|[of] p1b: Clefairy
|move|p1a: Tyranitar|Rock Slide|p2a: Incineroar|[spread] p2a,p2b
|-supereffective|p2a: Incineroar
|-resisted|p2b: Gothitelle
|-damage|p2a: Incineroar|0 fnt
|-damage|p2b: Gothitelle|52/100
|faint|p2a: Incineroar
|move|p2b: Gothitelle|Trick Room|p2b: Gothitelle
|-fieldstart|move: Trick Room|[of] p2b: Gothitelle
|
|-weather|Sandstorm|[upkeep]
|-damage|p1b: Clefairy|94/100|[from] Sandstorm
|-damage|p1a: Tyranitar|89/100|[from] Sandstorm
|upkeep
|
|t:|1757853883
|switch|p2a: Primarina|Primarina, L50, M|100/100
|turn|4
|
|t:|1757853894
|move|p1b: Clefairy|Follow Me|p1b: Clefairy
|-singleturn|p1b: Clefairy|move: Follow Me
|move|p2b: Gothitelle|Psychic|p1b: Clefairy
|-damage|p1b: Clefairy|66/100
|move|p2a: Primarina|Perish Song|p2a: Primarina
|-start|p1a: Tyranitar|perish3|[silent]
|-start|p1b: Clefairy|perish3|[silent]
|-start|p2a: Primarina|perish3|[silent]
|-start|p2b: Gothitelle|perish3|[silent]
|-fieldactivate|move: Perish Song
|move|p1a: Tyranitar|Rock Slide|p2a: Primarina|[spread] p2a,p2b
|-resisted|p2b: Gothitelle
|-damage|p2a: Primarina|36/100
|-damage|p2b: Gothitelle|28/100
|-enditem|p2b: Gothitelle|Sitrus Berry|[eat]
|-heal|p2b: Gothitelle|53/100|[from] item: Sitrus Berry
|
|-weather|Sandstorm|[upkeep]
|-damage|p1b: Clefairy|59/100|[from] Sandstorm
|-damage|p2a: Primarina|30/100|[from] Sandstorm
|-damage|p1a: Tyranitar|83/100|[from] Sandstorm
|-start|p1b: Clefairy|perish3
|-start|p2b: Gothitelle|perish3
|-start|p2a: Primarina|perish3
|-start|p1a: Tyranitar|perish3
|upkeep
|turn|5
|inactive|CrazyyBoi has 30 seconds left.
|
|t:|1757853921
|move|p2b: Gothitelle|Protect|p2b: Gothitelle
|-singleturn|p2b: Gothitelle|Protect
|move|p2a: Primarina|Protect|p2a: Primarina
|-singleturn|p2a: Primarina|Protect
|move|p1b: Clefairy|Follow Me|p1b: Clefairy
|-singleturn|p1b: Clefairy|move: Follow Me
|move|p1a: Tyranitar|Rock Slide|p2b: Gothitelle|[spread] 
|-activate|p2a: Primarina|move: Protect
|-activate|p2b: Gothitelle|move: Protect
|
|-weather|none
|-start|p1b: Clefairy|perish2
|-start|p2b: Gothitelle|perish2
|-start|p2a: Primarina|perish2
|-start|p1a: Tyranitar|perish2
|upkeep
|turn|6
|inactive|CrazyyBoi has 30 seconds left.
|
|t:|1757853947
|move|p1b: Clefairy|Follow Me|p1b: Clefairy
|-singleturn|p1b: Clefairy|move: Follow Me
|move|p2b: Gothitelle|Psychic|p1b: Clefairy
|-damage|p1b: Clefairy|31/100
|move|p2a: Primarina|Hyper Voice|p1b: Clefairy|[spread] p1a,p1b
|-damage|p1a: Tyranitar|49/100
|-damage|p1b: Clefairy|0 fnt
|faint|p1b: Clefairy
|-damage|p2a: Primarina|21/100|[from] item: Life Orb
|move|p1a: Tyranitar|Rock Slide|p2a: Primarina|[spread] p2a,p2b
|-resisted|p2b: Gothitelle
|-damage|p2a: Primarina|0 fnt
|-damage|p2b: Gothitelle|32/100
|faint|p2a: Primarina
|
|-start|p2b: Gothitelle|perish1
|-start|p1a: Tyranitar|perish1
|upkeep
|
|t:|1757853961
|switch|p1b: Gholdengo|Gholdengo, L50|100/100
|switch|p2a: Meowscarada|Meowscarada, L50, F|88/100
|-item|p1b: Gholdengo|Air Balloon
|turn|7
|
|t:|1757853976
|move|p2a: Meowscarada|Protect|p2a: Meowscarada
|-singleturn|p2a: Meowscarada|Protect
|move|p2b: Gothitelle|Psychic|p1b: Gholdengo
|-resisted|p1b: Gholdengo
|-damage|p1b: Gholdengo|87/100
|-enditem|p1b: Gholdengo|Air Balloon
|move|p1a: Tyranitar|Rock Slide|p2a: Meowscarada|[spread] p2b
|-activate|p2a: Meowscarada|move: Protect
|-resisted|p2b: Gothitelle
|-damage|p2b: Gothitelle|8/100
|move|p1b: Gholdengo|Make It Rain|p2a: Meowscarada|[spread] p2b
|-activate|p2a: Meowscarada|move: Protect
|-resisted|p2b: Gothitelle
|-damage|p2b: Gothitelle|0 fnt
|-unboost|p1b: Gholdengo|spa|1
|faint|p2b: Gothitelle
|
|-start|p1a: Tyranitar|perish0
|-fieldend|move: Trick Room
|faint|p1a: Tyranitar
|upkeep
|turn|8
|inactive|RagCheese has 30 seconds left.
|
|t:|1757854001
|move|p2a: Meowscarada|Throat Chop|p1b: Gholdengo
|-supereffective|p1b: Gholdengo
|-damage|p1b: Gholdengo|21/100
|-start|p1b: Gholdengo|Throat Chop|[silent]
|move|p1b: Gholdengo|Make It Rain|p2a: Meowscarada
|-damage|p2a: Meowscarada|19/100
|-unboost|p1b: Gholdengo|spa|1
|
|upkeep
|turn|9
|
|t:|1757854010
|move|p2a: Meowscarada|Throat Chop|p1b: Gholdengo
|-supereffective|p1b: Gholdengo
|-damage|p1b: Gholdengo|0 fnt
|faint|p1b: Gholdengo
|
|win|CrazyyBoi
||RagCheese is ready for game 2.
||CrazyyBoi is ready for game 2.
|uhtml|next|Next: Game 2 of 3
