|j|☆MtDrumr
|j|☆Shadow of metrunui
|html|MtDrumrShadow of metrunui    
|uhtml|bestof|Game 2 of a best-of-3
|t:|1756421733
|gametype|doubles
|player|p1|MtDrumr|1|1073
|player|p2|Shadow of metrunui|101|1000
|gen|9
|tier|[Gen 9] VGC 2025 Reg H (Bo3)
|rated|
|rule|Species Clause: Limit one of each Pokémon
|rule|Item Clause: Limit 1 of each item
|clearpoke
|poke|p1|Armarouge, L50, M|
|poke|p1|Indeedee-F, L50, F|
|poke|p1|Torkoal, L50, F|
|poke|p1|Ursaluna, L50, F|
|poke|p1|Dusclops, L50, F|
|poke|p1|Lilligant-Hisui, L50, F|
|poke|p2|Whimsicott, L50, M|
|poke|p2|Hydreigon, L50, F|
|poke|p2|Garchomp, L50, F|
|poke|p2|Mienshao, L50, F|
|poke|p2|Incineroar, L50, M|
|poke|p2|Gholdengo, L50|
|teampreview|4
|showteam|p1|Armarouge||LifeOrb|FlashFire|TrickRoom,AuraSphere,WideGuard,ExpandingForce|||M|||50|,,,,,Grass]Indeedee-F||PsychicSeed|PsychicSurge|Psychic,FollowMe,TrickRoom,HelpingHand|||F|||50|,,,,,Grass]Torkoal||Charcoal|Drought|Eruption,WeatherBall,HeatWave,Protect|||F|||50|,,,,,Ghost]Ursaluna||FlameOrb|Guts|Protect,Facade,Earthquake,ShadowClaw|||F|||50|,,,,,Ghost]Dusclops||Eviolite|Frisk|SkillSwap,NightShade,TrickRoom,Haze|||F|||50|,,,,,Dark]Lilligant-Hisui||CovertCloak|Chlorophyll|AfterYou,CloseCombat,Protect,SolarBlade|||F|||50|,,,,,Stellar
|showteam|p2|Whimsicott||CovertCloak|Prankster|Tailwind,Taunt,Moonblast,Encore|||M|||50|,,,,,Ghost]Hydreigon||SafetyGoggles|Levitate|DracoMeteor,Snarl,Protect,Tailwind|||F|||50|,,,,,Steel]Garchomp||LifeOrb|RoughSkin|Earthquake,StompingTantrum,Protect,DragonClaw|||F|||50|,,,,,Grass]Mienshao||FocusSash|InnerFocus|CloseCombat,FakeOut,IceSpinner,Protect|||F|||50|,,,,,Grass]Incineroar||RockyHelmet|Intimidate|FakeOut,FlareBlitz,KnockOff,PartingShot|||M|||50|,,,,,Ghost]Gholdengo||MetalCoat|GoodasGold|MakeItRain,Protect,ShadowBall,NastyPlot||||||50|,,,,,Steel
|
|t:|1756421795
|teamsize|p1|4
|teamsize|p2|4
|start
|switch|p1a: Armarouge|Armarouge, L50, M|100/100
|switch|p1b: Indeedee|Indeedee-F, L50, F|100/100
|switch|p2a: Whimsicott|Whimsicott, L50, M|100/100
|switch|p2b: Hydreigon|Hydreigon, L50, F|100/100
|-fieldstart|move: Psychic Terrain|[from] ability: Psychic Surge|[of] p1b: Indeedee
|-enditem|p1b: Indeedee|Psychic Seed
|-boost|p1b: Indeedee|spd|1|[from] item: Psychic Seed
|turn|1
|inactive|Battle timer is ON: inactive players will automatically lose when time's up. (requested by MtDrumr)
|
|t:|1756421859
|-terastallize|p2a: Whimsicott|Ghost
|-terastallize|p1b: Indeedee|Grass
|move|p2a: Whimsicott|Taunt|p1a: Armarouge
|-activate|p1a: Armarouge|move: Psychic Terrain
|move|p2b: Hydreigon|Snarl|p1b: Indeedee|[spread] p1a,p1b
|-supereffective|p1a: Armarouge
|-damage|p1a: Armarouge|60/100
|-damage|p1b: Indeedee|90/100
|-unboost|p1a: Armarouge|spa|1
|-unboost|p1b: Indeedee|spa|1
|move|p1a: Armarouge|Expanding Force|p2a: Whimsicott|[spread] p2a
|-immune|p2b: Hydreigon
|-damage|p2a: Whimsicott|38/100
|-damage|p1a: Armarouge|51/100|[from] item: Life Orb
|move|p1b: Indeedee|Trick Room|p1b: Indeedee
|-fieldstart|move: Trick Room|[of] p1b: Indeedee
|
|upkeep
|turn|2
|inactive|Shadow of metrunui has 30 seconds left.
|inactive|Shadow of metrunui has 20 seconds left.
|inactive|Shadow of metrunui has 15 seconds left.
|
|t:|1756421900
|switch|p1b: Dusclops|Dusclops, L50, F|100/100
|-item|p2a: Whimsicott|Covert Cloak|[from] ability: Frisk|[of] p1b: Dusclops
|-item|p2b: Hydreigon|Safety Goggles|[from] ability: Frisk|[of] p1b: Dusclops
|move|p2a: Whimsicott|Encore|p1b: Dusclops
|-activate|p1b: Dusclops|move: Psychic Terrain
|move|p1a: Armarouge|Aura Sphere|p2b: Hydreigon
|-supereffective|p2b: Hydreigon
|-damage|p2b: Hydreigon|40/100
|-damage|p1a: Armarouge|41/100|[from] item: Life Orb
|move|p2b: Hydreigon|Snarl|p1a: Armarouge|[spread] p1a,p1b
|-supereffective|p1a: Armarouge
|-supereffective|p1b: Dusclops
|-damage|p1a: Armarouge|0 fnt
|-damage|p1b: Dusclops|79/100
|-unboost|p1b: Dusclops|spa|1
|faint|p1a: Armarouge
|
|upkeep
|
|t:|1756421915
|switch|p1a: Ursaluna|Ursaluna, L50, F|100/100
|turn|3
|inactive|Shadow of metrunui has 30 seconds left.
|inactive|Shadow of metrunui has 20 seconds left.
|inactive|Shadow of metrunui has 15 seconds left.
|inactive|Shadow of metrunui has 10 seconds left.
|
|t:|1756421962
|switch|p2a: Incineroar|Incineroar, L50, M|100/100
|-ability|p2a: Incineroar|Intimidate|boost
|-unboost|p1a: Ursaluna|atk|1
|-unboost|p1b: Dusclops|atk|1
|move|p1a: Ursaluna|Protect|p1a: Ursaluna
|-singleturn|p1a: Ursaluna|Protect
|move|p2b: Hydreigon|Protect|p2b: Hydreigon
|-singleturn|p2b: Hydreigon|Protect
|move|p1b: Dusclops|Skill Swap|p2b: Hydreigon
|-activate|p2b: Hydreigon|move: Protect
|
|-status|p1a: Ursaluna|brn|[from] item: Flame Orb
|upkeep
|turn|4
|inactive|Shadow of metrunui has 30 seconds left.
|inactive|Shadow of metrunui has 20 seconds left.
|inactive|Shadow of metrunui has 15 seconds left.
|
|t:|1756422006
|move|p2a: Incineroar|Fake Out|p1a: Ursaluna
|-activate|p1a: Ursaluna|move: Psychic Terrain
|move|p1b: Dusclops|Haze|p1b: Dusclops
|-clearallboost
|move|p1a: Ursaluna|Facade|p2a: Incineroar
|-damage|p2a: Incineroar|0 fnt
|-damage|p1a: Ursaluna|84/100 brn|[from] item: Rocky Helmet|[of] p2a: Incineroar
|faint|p2a: Incineroar
|move|p2b: Hydreigon|Draco Meteor|p1b: Dusclops
|-damage|p1b: Dusclops|44/100
|-unboost|p2b: Hydreigon|spa|2
|
|-damage|p1a: Ursaluna|78/100 brn|[from] brn
|upkeep
|
|t:|1756422025
|switch|p2a: Whimsicott|Whimsicott, L50, M, tera:Ghost|38/100
|turn|5
|inactive|Shadow of metrunui has 30 seconds left.
|
|t:|1756422057
|move|p2b: Hydreigon|Protect|p2b: Hydreigon
|-singleturn|p2b: Hydreigon|Protect
|move|p2a: Whimsicott|Taunt|p1b: Dusclops
|-activate|p1b: Dusclops|move: Psychic Terrain
|move|p1b: Dusclops|Skill Swap|p2b: Hydreigon
|-activate|p2b: Hydreigon|move: Protect
|move|p1a: Ursaluna|Earthquake|p2b: Hydreigon|[spread] p1b,p2a
|-activate|p2b: Hydreigon|move: Protect
|-damage|p1b: Dusclops|7/100
|-damage|p2a: Whimsicott|0 fnt
|faint|p2a: Whimsicott
|
|-damage|p1a: Ursaluna|72/100 brn|[from] brn
|-fieldend|move: Trick Room
|-fieldend|move: Psychic Terrain
|upkeep
|
|t:|1756422070
|switch|p2a: Gholdengo|Gholdengo, L50|100/100
|turn|6
|
|t:|1756422084
|switch|p1b: Indeedee|Indeedee-F, L50, F, tera:Grass|90/100
|-fieldstart|move: Psychic Terrain|[from] ability: Psychic Surge|[of] p1b: Indeedee
|move|p2b: Hydreigon|Snarl|p1a: Ursaluna|[spread] p1a,p1b
|-damage|p1a: Ursaluna|63/100 brn
|-damage|p1b: Indeedee|80/100
|-unboost|p1a: Ursaluna|spa|1
|-unboost|p1b: Indeedee|spa|1
|move|p2a: Gholdengo|Make It Rain|p1b: Indeedee|[spread] p1a,p1b
|-crit|p1b: Indeedee
|-damage|p1a: Ursaluna|16/100 brn
|-damage|p1b: Indeedee|10/100
|-unboost|p2a: Gholdengo|spa|1
|move|p1a: Ursaluna|Shadow Claw|p2a: Gholdengo
|-supereffective|p2a: Gholdengo
|-crit|p2a: Gholdengo
|-damage|p2a: Gholdengo|0 fnt
|faint|p2a: Gholdengo
|
|-damage|p1a: Ursaluna|10/100 brn|[from] brn
|upkeep
|turn|7
|
|t:|1756422107
|move|p1a: Ursaluna|Protect|p1a: Ursaluna
|-singleturn|p1a: Ursaluna|Protect
|move|p2b: Hydreigon|Snarl|p1b: Indeedee|[spread] p1b
|-activate|p1a: Ursaluna|move: Protect
|-damage|p1b: Indeedee|0 fnt
|faint|p1b: Indeedee
|
|-damage|p1a: Ursaluna|4/100 brn|[from] brn
|upkeep
|
|t:|1756422112
|switch|p1b: Dusclops|Dusclops, L50, F|7/100
|-item|p2b: Hydreigon|Safety Goggles|[from] ability: Frisk|[of] p1b: Dusclops
|turn|8
|-message|MtDrumr forfeited.
|
|win|Shadow of metrunui
|raw|MtDrumr's rating: 1073 → 1048(-25 for losing)
|raw|Shadow of metrunui's rating: 1000 → 1048(+48 for winning)
|l|☆MtDrumr
|player|p1|
