|j|☆bariloz
|j|☆almagroalanzarote
|html|barilozalmagroalanzarote    
|uhtml|bestof|Game 1 of a best-of-3
|t:|1784127338
|gametype|doubles
|player|p1|bariloz|hiker-gen4|1228
|player|p2|almagroalanzarote|nate|1226
|gen|9
|tier|[Gen 9 Champions] VGC 2026 Reg M-B (Bo3)
|rated|
|rule|Species Clause: Limit one of each Pokémon
|rule|Item Clause: Limit 1 of each item
|clearpoke
|poke|p1|Blastoise, L50, M|
|poke|p1|Sinistcha, L50|
|poke|p1|Incineroar, L50, F|
|poke|p1|Sneasler, L50, M|
|poke|p1|Delphox, L50, F|
|poke|p1|Kingambit, L50, F|
|poke|p2|Grimmsnarl, L50, M|
|poke|p2|Venusaur, L50, M|
|poke|p2|Pelipper, L50, M|
|poke|p2|Archaludon, L50, F|
|poke|p2|Charizard, L50, F|
|poke|p2|Basculegion, L50, M|
|teampreview|4
|showteam|p1|Blastoise||Blastoisinite|RainDish|WaterSpout,DarkPulse,ShellSmash,Protect|Modest||M|||50|]Sinistcha||KasibBerry|Hospitality|RagePowder,MatchaGotcha,LifeDew,Protect|Relaxed|||||50|]Incineroar||SitrusBerry|Intimidate|FakeOut,FlareBlitz,DarkestLariat,PartingShot|Careful||F|||50|]Sneasler||FocusSash|PoisonTouch|CloseCombat,PoisonJab,QuickGuard,FakeOut|Jolly||M|||50|]Delphox||Delphoxite|Blaze|HeatWave,Psyshock,NastyPlot,Protect|Timid||F|||50|]Kingambit||BlackGlasses|Defiant|KowtowCleave,SuckerPunch,SwordsDance,Protect|Adamant||F|||50|
|showteam|p2|Grimmsnarl||LightClay|Prankster|SpiritBreak,Reflect,LightScreen,PartingShot|Careful||M|||50|]Venusaur||FocusSash|Chlorophyll|SludgeBomb,EarthPower,SleepPowder,Protect|Modest||M|||50|]Pelipper||SitrusBerry|Drizzle|WeatherBall,Hurricane,Tailwind,WideGuard|Modest||M|||50|]Archaludon||Leftovers|Stamina|ElectroShot,FlashCannon,DragonPulse,Protect|Modest||F|||50|]Charizard||CharizarditeY|Blaze|WeatherBall,HeatWave,SolarBeam,Protect|Modest||F|||50|]Basculegion||ChoiceScarf|Adaptability|WaveCrash,FlipTurn,AquaJet,LastRespects|Jolly||M|||50|
|inactive|Battle timer is ON: inactive players will automatically lose when time's up. (requested by almagroalanzarote)
|inactive|bariloz has 60 seconds left.
|inactive|almagroalanzarote has 60 seconds left.
|inactive|bariloz has 30 seconds left.
|inactive|almagroalanzarote has 30 seconds left.
|inactive|bariloz has 20 seconds left.
|inactive|almagroalanzarote has 20 seconds left.
|inactive|bariloz has 15 seconds left.
|inactive|bariloz has 10 seconds left.
|
|t:|1784127423
|teamsize|p1|4
|teamsize|p2|4
|start
|switch|p1a: Sneasler|Sneasler, L50, M|100/100
|switch|p1b: Kingambit|Kingambit, L50, F|100/100
|switch|p2a: Basculegion|Basculegion, L50, M|100/100
|switch|p2b: Charizard|Charizard, L50, F|100/100
|turn|1
|
|t:|1784127442
|switch|p2a: Grimmsnarl|Grimmsnarl, L50, M|100/100
|move|p2b: Charizard|Protect|p2b: Charizard
|-singleturn|p2b: Charizard|Protect
|move|p1a: Sneasler|Fake Out|p2b: Charizard
|-activate|p2b: Charizard|move: Protect
|move|p1b: Kingambit|Kowtow Cleave|p2a: Grimmsnarl
|-resisted|p2a: Grimmsnarl|2
|-damage|p2a: Grimmsnarl|87/100
|
|upkeep
|turn|2
|
|t:|1784127466
|detailschange|p2b: Charizard|Charizard-Mega-Y, L50, F
|-mega|p2b: Charizard|Charizard|Charizardite Y
|-weather|SunnyDay|[from] ability: Drought|[of] p2b: Charizard
|move|p2a: Grimmsnarl|Reflect|p2a: Grimmsnarl
|-sidestart|p2: almagroalanzarote|Reflect
|move|p1b: Kingambit|Sucker Punch|p2b: Charizard
|-damage|p2b: Charizard|73/100
|move|p1a: Sneasler|Poison Jab|p2b: Charizard
|-damage|p2b: Charizard|49/100
|move|p2b: Charizard|Heat Wave|p1b: Kingambit|[spread] p1b
|-miss|p2b: Charizard|p1a: Sneasler
|-supereffective|p1b: Kingambit|1
|-damage|p1b: Kingambit|4/100
|
|-weather|SunnyDay|[upkeep]
|upkeep
|turn|3
|inactive|bariloz has 30 seconds left.
|inactive|almagroalanzarote has 30 seconds left.
|
|t:|1784127493
|move|p2b: Charizard|Protect|p2b: Charizard
|-singleturn|p2b: Charizard|Protect
|move|p1b: Kingambit|Protect|p1b: Kingambit
|-singleturn|p1b: Kingambit|Protect
|move|p1a: Sneasler|Poison Jab|p2b: Charizard
|-activate|p2b: Charizard|move: Protect
|move|p2a: Grimmsnarl|Spirit Break|p1b: Kingambit
|-activate|p1b: Kingambit|move: Protect
|
|-weather|SunnyDay|[upkeep]
|upkeep
|turn|4
|inactive|bariloz has 30 seconds left.
|
|t:|1784127525
|switch|p1b: Blastoise|Blastoise, L50, M|100/100
|move|p2a: Grimmsnarl|Parting Shot|p1a: Sneasler
|-unboost|p1a: Sneasler|atk|1
|-unboost|p1a: Sneasler|spa|1
|
|t:|1784127531
|switch|p2a: Venusaur|Venusaur, L50, M|100/100|[from] Parting Shot
|move|p1a: Sneasler|Poison Jab|p2b: Charizard
|-damage|p2b: Charizard|32/100
|move|p2b: Charizard|Heat Wave|p1a: Sneasler|[spread] p1a,p1b
|-resisted|p1b: Blastoise|1
|-damage|p1a: Sneasler|17/100
|-damage|p1b: Blastoise|65/100
|
|-weather|SunnyDay|[upkeep]
|upkeep
|turn|5
|inactive|bariloz has 30 seconds left.
|
|t:|1784127562
|detailschange|p1b: Blastoise|Blastoise-Mega, L50, M
|-mega|p1b: Blastoise|Blastoise|Blastoisinite
|move|p1b: Blastoise|Protect|p1b: Blastoise
|-singleturn|p1b: Blastoise|Protect
|move|p2a: Venusaur|Earth Power|p1a: Sneasler
|-supereffective|p1a: Sneasler|1
|-damage|p1a: Sneasler|0 fnt
|faint|p1a: Sneasler
|move|p2b: Charizard|Solar Beam||[still]
|-prepare|p2b: Charizard|Solar Beam
|-anim|p2b: Charizard|Solar Beam|p1b: Blastoise
|-activate|p1b: Blastoise|move: Protect
|
|-weather|SunnyDay|[upkeep]
|upkeep
|
|t:|1784127580
|switch|p1a: Sinistcha|Sinistcha, L50|100/100
|-heal|p1b: Blastoise|90/100|[from] ability: Hospitality|[of] p1a: Sinistcha
|turn|6
|
|t:|1784127596
|switch|p1b: Kingambit|Kingambit, L50, F|4/100
|move|p1a: Sinistcha|Protect|p1a: Sinistcha
|-singleturn|p1a: Sinistcha|Protect
|move|p2a: Venusaur|Sludge Bomb|p1b: Kingambit
|-immune|p1b: Kingambit
|move|p2b: Charizard|Heat Wave|p1b: Kingambit|[spread] p1b
|-activate|p1a: Sinistcha|move: Protect
|-supereffective|p1b: Kingambit|1
|-damage|p1b: Kingambit|0 fnt
|faint|p1b: Kingambit
|
|-weather|none
|upkeep
|
|t:|1784127603
|switch|p1b: Blastoise|Blastoise-Mega, L50, M|90/100
|turn|7
|inactive|bariloz has 30 seconds left.
|
|t:|1784127636
|switch|p2b: Grimmsnarl|Grimmsnarl, L50, M|87/100
|move|p1a: Sinistcha|Rage Powder|p1a: Sinistcha
|-singleturn|p1a: Sinistcha|move: Rage Powder
|move|p2a: Venusaur|Sludge Bomb|p1b: Blastoise
|-damage|p1b: Blastoise|42/100
|move|p1b: Blastoise|Shell Smash|p1b: Blastoise
|-unboost|p1b: Blastoise|def|1
|-unboost|p1b: Blastoise|spd|1
|-boost|p1b: Blastoise|atk|2
|-boost|p1b: Blastoise|spa|2
|-boost|p1b: Blastoise|spe|2
|
|upkeep
|turn|8
|inactive|bariloz has 30 seconds left.
|inactive|bariloz has 20 seconds left.
|inactive|bariloz has 15 seconds left.
|
|t:|1784127681
|move|p1b: Blastoise|Protect|p1b: Blastoise
|-singleturn|p1b: Blastoise|Protect
|move|p2b: Grimmsnarl|Parting Shot|p1b: Blastoise
|-activate|p1b: Blastoise|move: Protect
|move|p2a: Venusaur|Sludge Bomb|p1b: Blastoise
|-activate|p1b: Blastoise|move: Protect
|move|p1a: Sinistcha|Matcha Gotcha|p2a: Venusaur|[spread] p2a,p2b
|-resisted|p2a: Venusaur|2
|-damage|p2a: Venusaur|92/100
|-damage|p2b: Grimmsnarl|66/100
|
|upkeep
|turn|9
|
|t:|1784127703
|move|p2b: Grimmsnarl|Parting Shot|p1b: Blastoise
|-unboost|p1b: Blastoise|atk|1
|-unboost|p1b: Blastoise|spa|1
|
|t:|1784127707
|switch|p2b: Charizard|Charizard-Mega-Y, L50, F|32/100|[from] Parting Shot
|-weather|SunnyDay|[from] ability: Drought|[of] p2b: Charizard
|move|p2a: Venusaur|Sludge Bomb|p1b: Blastoise
|-damage|p1b: Blastoise|0 fnt
|faint|p1b: Blastoise
|move|p1a: Sinistcha|Life Dew||[still]
|-fail|p1a: Sinistcha|heal
|
|-weather|SunnyDay|[upkeep]
|-sideend|p2: almagroalanzarote|Reflect
|upkeep
|turn|10
|-message|bariloz forfeited.
|
|win|almagroalanzarote
|l|☆bariloz
|player|p1|
