|j|☆Hitherepapichulo)
|j|‽Juaner95
|html|Hitherepapichulo)Juaner95    
|uhtml|bestof|Game 1 of a best-of-3
|t:|1783393306
|gametype|doubles
|player|p1|Hitherepapichulo)|265|1094
|player|p2|Juaner95|may-masters4|1150
|gen|9
|tier|[Gen 9 Champions] VGC 2026 Reg M-B (Bo3)
|rated|
|rule|Species Clause: Limit one of each Pokémon
|rule|Item Clause: Limit 1 of each item
|clearpoke
|poke|p1|Archaludon, L50, M|
|poke|p1|Dragonite, L50, M|
|poke|p1|Politoed, L50, M|
|poke|p1|Klefki, L50, F|
|poke|p1|Basculegion, L50, M|
|poke|p1|Sneasler, L50, M|
|poke|p2|Scovillain, L50, M|
|poke|p2|Basculegion, L50, M, shiny|
|poke|p2|Sylveon, L50, F, shiny|
|poke|p2|Garchomp, L50, M|
|poke|p2|Aerodactyl, L50, M|
|poke|p2|Kingambit, L50, M|
|teampreview|4
|showteam|p1|Archaludon||Leftovers|Stamina|ElectroShot,FlashCannon,Protect,Thunderbolt|Quiet||M|||50|]Dragonite||Dragoninite|InnerFocus|Hurricane,Protect,DragonPulse,ExtremeSpeed|Quiet||M|||50|]Politoed||DampRock|Drizzle|Protect,WeatherBall,IcyWind,HelpingHand|Bold||M|||50|]Klefki||MentalHerb|Prankster|LightScreen,Reflect,DazzlingGleam,Protect|Relaxed||F|||50|]Basculegion||MysticWater|SwiftSwim|WaveCrash,LastRespects,Protect,FlipTurn|Adamant||M|||50|]Sneasler||FocusSash|Unburden|CloseCombat,FakeOut,Uturn,RockSlide|Adamant||M|||50|
|showteam|p2|Scovillain||Scovillainite|Moody|Overheat,LeechSeed,RagePowder,Protect|Calm||M|||50|]Basculegion||ChoiceScarf|Adaptability|WaveCrash,LastRespects,FlipTurn,AquaJet|Jolly||M|||50|]Sylveon||FairyFeather|Pixilate|HyperVoice,HyperBeam,QuickAttack,Detect|Modest||F|||50|]Garchomp||SitrusBerry|RoughSkin|Earthquake,DragonClaw,PoisonJab,Protect|Adamant||M|||50|]Aerodactyl||Aerodactylite|Unnerve|RockSlide,DualWingbeat,Tailwind,Protect|Jolly||M|||50|]Kingambit||FocusSash|Defiant|KowtowCleave,IronHead,LowKick,SuckerPunch|Adamant||M|||50|
|inactive|Battle timer is ON: inactive players will automatically lose when time's up. (requested by Hitherepapichulo))
|inactive|Juaner95 has 60 seconds left.
|inactive|Juaner95 has 30 seconds left.
|inactive|Juaner95 has 20 seconds left.
|inactive|Juaner95 has 15 seconds left.
|inactive|Juaner95 has 10 seconds left.
|inactive|Juaner95 has 5 seconds left.
|
|t:|1783393425
|teamsize|p1|4
|teamsize|p2|4
|start
|switch|p1a: Dragonite|Dragonite, L50, M|100/100
|switch|p1b: Politoed|Politoed, L50, M|100/100
|switch|p2a: Scovillain|Scovillain, L50, M|100/100
|switch|p2b: Basculegion|Basculegion, L50, M, shiny|100/100
|-weather|RainDance|[from] ability: Drizzle|[of] p1b: Politoed
|turn|1
|inactive|Juaner95 has 30 seconds left.
|inactive|Juaner95 has 20 seconds left.
|
|t:|1783393461
|detailschange|p1a: Dragonite|Dragonite-Mega, L50, M
|-mega|p1a: Dragonite|Dragonite|Dragoninite
|move|p2a: Scovillain|Protect|p2a: Scovillain
|-singleturn|p2a: Scovillain|Protect
|move|p1b: Politoed|Protect|p1b: Politoed
|-singleturn|p1b: Politoed|Protect
|move|p2b: Basculegion|Flip Turn|p1a: Dragonite
|-resisted|p1a: Dragonite|1
|-damage|p1a: Dragonite|87/100
|
|t:|1783393471
|switch|p2b: Sylveon|Sylveon, L50, F, shiny|100/100|[from] Flip Turn
|move|p1a: Dragonite|Hurricane|p2a: Scovillain
|-activate|p2a: Scovillain|move: Protect
|
|-weather|RainDance|[upkeep]
|-ability|p2a: Scovillain|Moody|boost
|-boost|p2a: Scovillain|spa|2
|-unboost|p2a: Scovillain|spe|1
|upkeep
|turn|2
|inactive|Juaner95 has 30 seconds left.
|
|t:|1783393504
|switch|p1a: Archaludon|Archaludon, L50, M|100/100
|detailschange|p2a: Scovillain|Scovillain-Mega, L50, M
|-mega|p2a: Scovillain|Scovillain|Scovillainite
|move|p2a: Scovillain|Rage Powder|p2a: Scovillain
|-singleturn|p2a: Scovillain|move: Rage Powder
|move|p1b: Politoed|Icy Wind|p2a: Scovillain|[spread] p2a,p2b
|-damage|p2a: Scovillain|89/100
|-damage|p2b: Sylveon|93/100
|-unboost|p2a: Scovillain|spe|1
|-unboost|p2b: Sylveon|spe|1
|-status|p1b: Politoed|brn|[from] ability: Spicy Spray|[of] p2a: Scovillain
|move|p2b: Sylveon|Hyper Voice|p1b: Politoed|[spread] p1a,p1b
|-damage|p1a: Archaludon|41/100
|-damage|p1b: Politoed|57/100 brn
|-ability|p1a: Archaludon|Stamina|boost
|-boost|p1a: Archaludon|def|1
|
|-weather|RainDance|[upkeep]
|-heal|p1a: Archaludon|47/100|[from] item: Leftovers
|-damage|p1b: Politoed|52/100 brn|[from] brn
|upkeep
|turn|3
|inactive|Hitherepapichulo) has 30 seconds left.
|inactive|Juaner95 has 30 seconds left.
|
|t:|1783393537
|move|p1b: Politoed|Helping Hand|p1a: Archaludon
|-singleturn|p1a: Archaludon|Helping Hand|[of] p1b: Politoed
|move|p2a: Scovillain|Rage Powder|p2a: Scovillain
|-singleturn|p2a: Scovillain|move: Rage Powder
|move|p1a: Archaludon|Flash Cannon|p2a: Scovillain
|-resisted|p2a: Scovillain|1
|-damage|p2a: Scovillain|60/100
|-status|p1a: Archaludon|brn|[from] ability: Spicy Spray|[of] p2a: Scovillain
|move|p2b: Sylveon|Hyper Voice|p1a: Archaludon|[spread] p1a,p1b
|-damage|p1a: Archaludon|0 fnt
|-damage|p1b: Politoed|4/100 brn
|faint|p1a: Archaludon
|
|-weather|RainDance|[upkeep]
|-damage|p1b: Politoed|0 fnt|[from] brn
|faint|p1b: Politoed
|upkeep
|
|t:|1783393542
|switch|p1a: Sneasler|Sneasler, L50, M|100/100
|switch|p1b: Dragonite|Dragonite-Mega, L50, M|87/100
|turn|4
|
|t:|1783393555
|move|p2b: Sylveon|Detect|p2b: Sylveon
|-singleturn|p2b: Sylveon|Protect
|move|p2a: Scovillain|Protect|p2a: Scovillain
|-singleturn|p2a: Scovillain|Protect
|move|p1a: Sneasler|Fake Out|p2a: Scovillain
|-activate|p2a: Scovillain|move: Protect
|move|p1b: Dragonite|Hurricane|p2b: Sylveon
|-activate|p2b: Sylveon|move: Protect
|
|-weather|RainDance|[upkeep]
|upkeep
|turn|5
|
|t:|1783393566
|move|p2a: Scovillain|Rage Powder|p2a: Scovillain
|-singleturn|p2a: Scovillain|move: Rage Powder
|move|p1a: Sneasler|Rock Slide|p2a: Scovillain|[spread] p2a,p2b
|-supereffective|p2a: Scovillain|1
|-damage|p2a: Scovillain|19/100
|-damage|p2b: Sylveon|66/100
|-status|p1a: Sneasler|brn|[from] ability: Spicy Spray|[of] p2a: Scovillain
|move|p1b: Dragonite|Hurricane|p2a: Scovillain
|-supereffective|p2a: Scovillain|1
|-damage|p2a: Scovillain|0 fnt
|-status|p1b: Dragonite|brn|[from] ability: Spicy Spray|[of] p2a: Scovillain
|faint|p2a: Scovillain
|move|p2b: Sylveon|Hyper Voice|p1a: Sneasler|[spread] p1a,p1b
|-supereffective|p1b: Dragonite|1
|-damage|p1a: Sneasler|38/100 brn
|-damage|p1b: Dragonite|14/100 brn
|
|-weather|RainDance|[upkeep]
|-damage|p1a: Sneasler|33/100 brn|[from] brn
|-damage|p1b: Dragonite|8/100 brn|[from] brn
|upkeep
|
|t:|1783393581
|switch|p2a: Basculegion|Basculegion, L50, M, shiny|100/100
|turn|6
|
|t:|1783393588
|move|p1b: Dragonite|Protect|p1b: Dragonite
|-singleturn|p1b: Dragonite|Protect
|move|p2b: Sylveon|Quick Attack|p1b: Dragonite
|-activate|p1b: Dragonite|move: Protect
|move|p2a: Basculegion|Flip Turn|p1a: Sneasler
|-damage|p1a: Sneasler|0 fnt
|faint|p1a: Sneasler
|
|t:|1783393599
|switch|p2a: Garchomp|Garchomp, L50, M|100/100|[from] Flip Turn
|
|-weather|RainDance|[upkeep]
|-damage|p1b: Dragonite|2/100 brn|[from] brn
|upkeep
|turn|7
|
|t:|1783393611
|move|p2b: Sylveon|Quick Attack|p1b: Dragonite
|-supereffective|p1b: Dragonite|1
|-damage|p1b: Dragonite|0 fnt
|faint|p1b: Dragonite
|
|win|Juaner95
||Hitherepapichulo) is ready for game 2.
|inactive|Juaner95 has 30 seconds to confirm battle start!
|inactive|Juaner95 has 20 seconds to confirm battle start!
|inactive|Juaner95 has 10 seconds to confirm battle start!
|uhtml|next|Next: Game 2 of 3
|l|☆Hitherepapichulo)
|player|p1|
