|j|☆testkaka
|j|☆KarBot8
|html|testkakaKarBot8    
|uhtml|bestof|Game 3 of a best-of-3
|t:|1782529875
|gametype|doubles
|player|p1|testkaka|170|1176
|player|p2|KarBot8|265|1139
|gen|9
|tier|[Gen 9 Champions] VGC 2026 Reg M-B (Bo3)
|rated|
|rule|Species Clause: Limit one of each Pokémon
|rule|Item Clause: Limit 1 of each item
|clearpoke
|poke|p1|Froslass, L50, F|
|poke|p1|Whimsicott, L50, F|
|poke|p1|Garchomp, L50, M|
|poke|p1|Kingambit, L50, F|
|poke|p1|Basculegion, L50, M|
|poke|p1|Glimmora, L50, F|
|poke|p2|Tyranitar, L50, F, shiny|
|poke|p2|Houndstone, L50, F, shiny|
|poke|p2|Excadrill, L50, M, shiny|
|poke|p2|Corviknight, L50, M, shiny|
|poke|p2|Sneasler, L50, F, shiny|
|poke|p2|Farigiraf, L50, F|
|teampreview|4
|showteam|p1|Froslass||Froslassite|CursedBody|Protect,Blizzard,ShadowBall,AuroraVeil|Modest||F|||50|]Whimsicott||FocusSash|Prankster|Protect,Moonblast,Tailwind,Encore|Timid||F|||50|]Garchomp||LifeOrb|RoughSkin|Protect,DragonClaw,Earthquake,StompingTantrum|Jolly||M|||50|]Kingambit||BlackGlasses|Defiant|Protect,KowtowCleave,SuckerPunch,SwordsDance|Adamant||F|||50|]Basculegion||MysticWater|Adaptability|Protect,WaveCrash,LastRespects,AquaJet|Adamant||M|||50|]Glimmora||Glimmoranite|ToxicDebris|SpikyShield,SludgeBomb,PowerGem,EarthPower|Timid||F|||50|
|showteam|p2|Tyranitar||Tyranitarite|SandStream|RockSlide,KnockOff,LowKick,Protect|Adamant||F|||50|]Houndstone||SitrusBerry|SandRush|LastRespects,WillOWisp,Howl,Protect|Jolly||F|||50|]Excadrill||FocusSash|SandRush|HighHorsepower,IronHead,RockSlide,Protect|Adamant||M|||50|]Corviknight||Leftovers|MirrorArmor|DrillPeck,BodyPress,BulkUp,Tailwind|Impish||M|||50|]Sneasler||WhiteHerb|Unburden|CloseCombat,DireClaw,FakeOut,Protect|Adamant||F|||50|]Farigiraf||ColburBerry|ArmorTail|TwinBeam,TrickRoom,EnergyBall,Protect|Quiet||F|||50|
|inactive|Battle timer is ON: inactive players will automatically lose when time's up. (requested by testkaka)
|inactive|KarBot8 has 60 seconds left.
|
|t:|1782529909
|teamsize|p1|4
|teamsize|p2|4
|start
|switch|p1a: Whimsicott|Whimsicott, L50, F|100/100
|switch|p1b: Basculegion|Basculegion, L50, M|100/100
|switch|p2a: Corviknight|Corviknight, L50, M, shiny|100/100
|switch|p2b: Tyranitar|Tyranitar, L50, F, shiny|100/100
|-weather|Sandstorm|[from] ability: Sand Stream|[of] p2b: Tyranitar
|turn|1
|
|t:|1782529932
|move|p2b: Tyranitar|Protect|p2b: Tyranitar
|-singleturn|p2b: Tyranitar|Protect
|move|p1a: Whimsicott|Tailwind|p1a: Whimsicott
|-sidestart|p1: testkaka|move: Tailwind
|move|p1b: Basculegion|Wave Crash|p2b: Tyranitar
|-activate|p2b: Tyranitar|move: Protect
|move|p2a: Corviknight|Tailwind|p2a: Corviknight
|-sidestart|p2: KarBot8|move: Tailwind
|
|-weather|Sandstorm|[upkeep]
|-damage|p1a: Whimsicott|94/100|[from] Sandstorm
|-damage|p1b: Basculegion|93/100|[from] Sandstorm
|upkeep
|turn|2
|
|t:|1782529951
|switch|p2a: Houndstone|Houndstone, L50, F, shiny|100/100
|switch|p2b: Excadrill|Excadrill, L50, M, shiny|100/100
|move|p1a: Whimsicott|Moonblast|p2b: Excadrill
|-resisted|p2b: Excadrill|1
|-damage|p2b: Excadrill|77/100
|-unboost|p2b: Excadrill|spa|1
|move|p1b: Basculegion|Wave Crash|p2b: Excadrill
|-supereffective|p2b: Excadrill|1
|-damage|p2b: Excadrill|0 fnt
|faint|p2b: Excadrill
|-damage|p1b: Basculegion|69/100|[from] Recoil
|
|-weather|Sandstorm|[upkeep]
|-damage|p1a: Whimsicott|88/100|[from] Sandstorm
|-damage|p1b: Basculegion|63/100|[from] Sandstorm
|upkeep
|
|t:|1782529960
|switch|p2b: Tyranitar|Tyranitar, L50, F, shiny|100/100
|turn|3
|
|t:|1782529982
|detailschange|p2b: Tyranitar|Tyranitar-Mega, L50, F, shiny
|-mega|p2b: Tyranitar|Tyranitar|Tyranitarite
|move|p1b: Basculegion|Protect|p1b: Basculegion
|-singleturn|p1b: Basculegion|Protect
|move|p2a: Houndstone|Last Respects|p1b: Basculegion
|-activate|p1b: Basculegion|move: Protect
|move|p1a: Whimsicott|Moonblast|p2b: Tyranitar
|-supereffective|p2b: Tyranitar|1
|-damage|p2b: Tyranitar|62/100
|move|p2b: Tyranitar|Rock Slide|p1a: Whimsicott|[spread] p1a
|-activate|p1b: Basculegion|move: Protect
|-damage|p1a: Whimsicott|30/100
|
|-weather|Sandstorm|[upkeep]
|-damage|p1a: Whimsicott|24/100|[from] Sandstorm
|-damage|p1b: Basculegion|57/100|[from] Sandstorm
|upkeep
|turn|4
|
|t:|1782530006
|switch|p1b: Garchomp|Garchomp, L50, M|100/100
|move|p1a: Whimsicott|Protect|p1a: Whimsicott
|-singleturn|p1a: Whimsicott|Protect
|move|p2a: Houndstone|Last Respects|p1b: Garchomp
|-damage|p1b: Garchomp|64/100
|move|p2b: Tyranitar|Rock Slide|p1b: Garchomp|[spread] p1b
|-activate|p1a: Whimsicott|move: Protect
|-resisted|p1b: Garchomp|1
|-damage|p1b: Garchomp|47/100
|
|-weather|Sandstorm|[upkeep]
|-damage|p1a: Whimsicott|18/100|[from] Sandstorm
|-sideend|p2: KarBot8|move: Tailwind
|-sideend|p1: testkaka|move: Tailwind
|upkeep
|turn|5
|
|t:|1782530024
|switch|p2b: Corviknight|Corviknight, L50, M, shiny|100/100
|move|p2a: Houndstone|Protect|p2a: Houndstone
|-singleturn|p2a: Houndstone|Protect
|move|p1a: Whimsicott|Tailwind|p1a: Whimsicott
|-sidestart|p1: testkaka|move: Tailwind
|move|p1b: Garchomp|Dragon Claw|p2a: Houndstone
|-activate|p2a: Houndstone|move: Protect
|
|-weather|none
|upkeep
|turn|6
|
|t:|1782530042
|move|p1a: Whimsicott|Moonblast|p2a: Houndstone
|-damage|p2a: Houndstone|58/100
|move|p1b: Garchomp|Stomping Tantrum|p2a: Houndstone
|-damage|p2a: Houndstone|5/100
|-enditem|p2a: Houndstone|Sitrus Berry|[eat]
|-heal|p2a: Houndstone|30/100|[from] item: Sitrus Berry
|-damage|p1b: Garchomp|37/100|[from] item: Life Orb
|move|p2a: Houndstone|Last Respects|p1a: Whimsicott
|-damage|p1a: Whimsicott|0 fnt
|faint|p1a: Whimsicott
|move|p2b: Corviknight|Tailwind|p2b: Corviknight
|-sidestart|p2: KarBot8|move: Tailwind
|
|upkeep
|
|t:|1782530058
|switch|p1a: Basculegion|Basculegion, L50, M|57/100
|turn|7
|
|t:|1782530079
|switch|p2b: Tyranitar|Tyranitar-Mega, L50, F, shiny|62/100
|-weather|Sandstorm|[from] ability: Sand Stream|[of] p2b: Tyranitar
|move|p1a: Basculegion|Aqua Jet|p2a: Houndstone
|-damage|p2a: Houndstone|0 fnt
|faint|p2a: Houndstone
|move|p1b: Garchomp|Dragon Claw|p2b: Tyranitar
|-damage|p2b: Tyranitar|31/100
|-damage|p1b: Garchomp|28/100|[from] item: Life Orb
|
|-weather|Sandstorm|[upkeep]
|-damage|p1a: Basculegion|51/100|[from] Sandstorm
|upkeep
|
|t:|1782530088
|switch|p2a: Corviknight|Corviknight, L50, M, shiny|100/100
|turn|8
|
|t:|1782530101
|move|p1b: Garchomp|Stomping Tantrum|p2b: Tyranitar
|-supereffective|p2b: Tyranitar|1
|-damage|p2b: Tyranitar|0 fnt
|faint|p2b: Tyranitar
|-damage|p1b: Garchomp|18/100|[from] item: Life Orb
|move|p1a: Basculegion|Wave Crash|p2a: Corviknight
|-damage|p2a: Corviknight|31/100
|-damage|p1a: Basculegion|28/100|[from] Recoil
|move|p2a: Corviknight|Bulk Up|p2a: Corviknight
|-boost|p2a: Corviknight|atk|1
|-boost|p2a: Corviknight|def|1
|
|-weather|Sandstorm|[upkeep]
|-damage|p1a: Basculegion|22/100|[from] Sandstorm
|-heal|p2a: Corviknight|37/100|[from] item: Leftovers
|-sideend|p1: testkaka|move: Tailwind
|upkeep
|turn|9
|
|t:|1782530111
|move|p2a: Corviknight|Drill Peck|p1b: Garchomp
|-damage|p1b: Garchomp|0 fnt
|-damage|p2a: Corviknight|25/100|[from] ability: Rough Skin|[of] p1b: Garchomp
|faint|p1b: Garchomp
|move|p1a: Basculegion|Wave Crash|p2a: Corviknight
|-damage|p2a: Corviknight|0 fnt
|faint|p2a: Corviknight
|-damage|p1a: Basculegion|14/100|[from] Recoil
|
|win|testkaka
|raw|testkaka's rating: 1176 → 1198(+22 for winning)
|raw|KarBot8's rating: 1139 → 1117(-22 for losing)
