|j|☆Foxelby
|j|‽RaFantasma
|html|FoxelbyRaFantasma    
|uhtml|bestof|Game 3 of a best-of-3
|t:|1757019071
|gametype|doubles
|player|p1|Foxelby|cheren-gen5bw2|1157
|player|p2|RaFantasma|ghetsis-gen5bw|1069
|gen|9
|tier|[Gen 9] VGC 2025 Reg H (Bo3)
|rated|
|rule|Species Clause: Limit one of each Pokémon
|rule|Item Clause: Limit 1 of each item
|clearpoke
|poke|p1|Tyranitar, L50, F|
|poke|p1|Indeedee, L50, M|
|poke|p1|Sneasler, L50, M|
|poke|p1|Gholdengo, L50|
|poke|p1|Magmar, L50, F|
|poke|p1|Excadrill, L50, F|
|poke|p2|Ursaluna, L50, M|
|poke|p2|Sinistcha, L50|
|poke|p2|Archaludon, L50, F|
|poke|p2|Pelipper, L50, M|
|poke|p2|Dragonite, L50, F|
|poke|p2|Incineroar, L50, F|
|teampreview|4
|showteam|p1|Tyranitar||AssaultVest|SandStream|KnockOff,RockSlide,LowKick,TeraBlast|||F|||50|,,,,,Flying]Indeedee||FocusSash|PsychicSurge|ExpandingForce,TrickRoom,Imprison,Protect|||M|||50|,,,,,Psychic]Sneasler||PsychicSeed|Unburden|CloseCombat,DireClaw,Protect,Coaching|||M|||50|,,,,,Stellar]Gholdengo||MetalCoat|GoodasGold|NastyPlot,Protect,MakeItRain,ShadowBall||||||50|,,,,,Water]Magmar||Eviolite|VitalSpirit|FollowMe,Taunt,WillOWisp,Overheat|||F|||50|,,,,,Water]Excadrill||LifeOrb|SandRush|Earthquake,RockSlide,IronHead,Protect|||F|||50|,,,,,Grass
|showteam|p2|Ursaluna||FlameOrb|Guts|HeadlongRush,Earthquake,Facade,Protect|||M|||50|,,,,,Ghost]Sinistcha||Leftovers|Hospitality|MatchaGotcha,LifeDew,TrickRoom,RagePowder||||||50|,,,,,Fire]Archaludon||AssaultVest|Stamina|ElectroShot,BodyPress,DracoMeteor,Snarl|||F|||50|,,,,,Grass]Pelipper||FocusSash|Drizzle|Hurricane,WideGuard,Tailwind,MuddyWater|||M|||50|,,,,,Ghost]Dragonite||LoadedDice|Multiscale|ScaleShot,Tailwind,Haze,Protect|||F|||50|,,,,,Fairy]Incineroar||SafetyGoggles|Intimidate|FlareBlitz,KnockOff,PartingShot,FakeOut|||F|||50|,,,,,Ghost
|
|t:|1757019095
|teamsize|p1|4
|teamsize|p2|4
|start
|switch|p1a: Sneasler|Sneasler, L50, M|100/100
|switch|p1b: Magmar|Magmar, L50, F|100/100
|switch|p2a: Archaludon|Archaludon, L50, F|100/100
|switch|p2b: Dragonite|Dragonite, L50, F|100/100
|turn|1
|
|t:|1757019142
|move|p1a: Sneasler|Protect|p1a: Sneasler
|-singleturn|p1a: Sneasler|Protect
|move|p2b: Dragonite|Tailwind|p2b: Dragonite
|-sidestart|p2: RaFantasma|move: Tailwind
|move|p2a: Archaludon|Body Press|p1a: Sneasler
|-activate|p1a: Sneasler|move: Protect
|move|p1b: Magmar|Will-O-Wisp|p2b: Dragonite
|-status|p2b: Dragonite|brn
|
|-damage|p2b: Dragonite|95/100 brn|[from] brn
|upkeep
|turn|2
|
|t:|1757019163
|move|p1b: Magmar|Follow Me|p1b: Magmar
|-singleturn|p1b: Magmar|move: Follow Me
|move|p2b: Dragonite|Scale Shot|p1b: Magmar
|-damage|p1b: Magmar|95/100
|-damage|p1b: Magmar|91/100
|-damage|p1b: Magmar|85/100
|-damage|p1b: Magmar|80/100
|-damage|p1b: Magmar|75/100
|-hitcount|p1b: Magmar|5
|-unboost|p2b: Dragonite|def|1
|-boost|p2b: Dragonite|spe|1
|move|p2a: Archaludon|Body Press|p1b: Magmar
|-damage|p1b: Magmar|58/100
|move|p1a: Sneasler|Close Combat|p2a: Archaludon
|-supereffective|p2a: Archaludon
|-damage|p2a: Archaludon|0 fnt
|-unboost|p1a: Sneasler|def|1
|-unboost|p1a: Sneasler|spd|1
|faint|p2a: Archaludon
|
|-damage|p2b: Dragonite|89/100 brn|[from] brn
|upkeep
|
|t:|1757019181
|switch|p2a: Pelipper|Pelipper, L50, M|100/100
|-weather|RainDance|[from] ability: Drizzle|[of] p2a: Pelipper
|turn|3
|
|t:|1757019220
|switch|p1a: Tyranitar|Tyranitar, L50, F|100/100
|-weather|Sandstorm|[from] ability: Sand Stream|[of] p1a: Tyranitar
|move|p2b: Dragonite|Scale Shot|p1a: Tyranitar|[miss]
|-miss|p2b: Dragonite|p1a: Tyranitar
|move|p2a: Pelipper|Muddy Water|p1a: Tyranitar|[spread] p1a,p1b
|-supereffective|p1a: Tyranitar
|-supereffective|p1b: Magmar
|-damage|p1a: Tyranitar|76/100
|-damage|p1b: Magmar|9/100
|-unboost|p1a: Tyranitar|accuracy|1
|move|p1b: Magmar|Taunt|p2a: Pelipper
|-start|p2a: Pelipper|move: Taunt
|
|-weather|Sandstorm|[upkeep]
|-damage|p2b: Dragonite|83/100 brn|[from] Sandstorm
|-damage|p2a: Pelipper|95/100|[from] Sandstorm
|-damage|p1b: Magmar|3/100|[from] Sandstorm
|-damage|p2b: Dragonite|78/100 brn|[from] brn
|upkeep
|turn|4
|
|t:|1757019271
|switch|p2a: Ursaluna|Ursaluna, L50, M|100/100
|move|p1b: Magmar|Follow Me|p1b: Magmar
|-singleturn|p1b: Magmar|move: Follow Me
|move|p2b: Dragonite|Scale Shot|p1b: Magmar
|-damage|p1b: Magmar|0 fnt
|faint|p1b: Magmar
|-hitcount|p1: Magmar|1
|-unboost|p2b: Dragonite|def|1
|-boost|p2b: Dragonite|spe|1
|move|p1a: Tyranitar|Rock Slide|p2a: Ursaluna|[spread] p2a
|-miss|p1a: Tyranitar|p2b: Dragonite
|-resisted|p2a: Ursaluna
|-damage|p2a: Ursaluna|88/100
|
|-weather|Sandstorm|[upkeep]
|-damage|p2b: Dragonite|72/100 brn|[from] Sandstorm
|-damage|p2b: Dragonite|66/100 brn|[from] brn
|-sideend|p2: RaFantasma|move: Tailwind
|-status|p2a: Ursaluna|brn|[from] item: Flame Orb
|upkeep
|
|t:|1757019291
|switch|p1b: Excadrill|Excadrill, L50, F|100/100
|turn|5
|
|t:|1757019315
|-terastallize|p2b: Dragonite|Fairy
|-terastallize|p1a: Tyranitar|Flying
|move|p1b: Excadrill|Rock Slide|p2a: Ursaluna|[spread] p2a,p2b
|-resisted|p2a: Ursaluna
|-damage|p2a: Ursaluna|78/100 brn
|-damage|p2b: Dragonite|4/100 brn
|-damage|p1b: Excadrill|91/100|[from] item: Life Orb
|cant|p2b: Dragonite|flinch
|cant|p2a: Ursaluna|flinch
|move|p1a: Tyranitar|Low Kick|p2a: Ursaluna|[miss]
|-miss|p1a: Tyranitar|p2a: Ursaluna
|
|-weather|Sandstorm|[upkeep]
|-damage|p2b: Dragonite|0 fnt|[from] Sandstorm
|-damage|p1a: Tyranitar|70/100|[from] Sandstorm
|faint|p2b: Dragonite
|-damage|p2a: Ursaluna|72/100 brn|[from] brn
|upkeep
|
|t:|1757019330
|switch|p2b: Pelipper|Pelipper, L50, M|95/100
|-weather|RainDance|[from] ability: Drizzle|[of] p2b: Pelipper
|turn|6
|c|☆Foxelby|damn
|
|t:|1757019355
|switch|p1a: Sneasler|Sneasler, L50, M|100/100
|move|p1b: Excadrill|Protect|p1b: Excadrill
|-singleturn|p1b: Excadrill|Protect
|move|p2b: Pelipper|Muddy Water|p1b: Excadrill|[spread] p1a
|-activate|p1b: Excadrill|move: Protect
|-damage|p1a: Sneasler|43/100
|move|p2a: Ursaluna|Facade|p1a: Sneasler
|-damage|p1a: Sneasler|0 fnt
|faint|p1a: Sneasler
|
|-weather|RainDance|[upkeep]
|-damage|p2a: Ursaluna|66/100 brn|[from] brn
|upkeep
|
|t:|1757019364
|switch|p1a: Tyranitar|Tyranitar, L50, F, tera:Flying|70/100
|-weather|Sandstorm|[from] ability: Sand Stream|[of] p1a: Tyranitar
|turn|7
|
|t:|1757019380
|move|p1b: Excadrill|Rock Slide|p2b: Pelipper|[spread] p2a,p2b
|-resisted|p2a: Ursaluna
|-supereffective|p2b: Pelipper
|-damage|p2a: Ursaluna|54/100 brn
|-damage|p2b: Pelipper|22/100
|-damage|p1b: Excadrill|81/100|[from] item: Life Orb
|cant|p2b: Pelipper|flinch
|cant|p2a: Ursaluna|flinch
|move|p1a: Tyranitar|Low Kick|p2a: Ursaluna
|-supereffective|p2a: Ursaluna
|-damage|p2a: Ursaluna|0 fnt
|faint|p2a: Ursaluna
|
|-weather|Sandstorm|[upkeep]
|-damage|p2b: Pelipper|16/100|[from] Sandstorm
|-damage|p1a: Tyranitar|65/100|[from] Sandstorm
|upkeep
|turn|8
|c|☆Foxelby|wtf
|
|t:|1757019397
|move|p1b: Excadrill|Iron Head|p2b: Pelipper
|-resisted|p2b: Pelipper
|-damage|p2b: Pelipper|0 fnt
|faint|p2b: Pelipper
|-damage|p1b: Excadrill|71/100|[from] item: Life Orb
|
|win|Foxelby
|raw|Foxelby's rating: 1157 → 1176(+19 for winning)
|raw|RaFantasma's rating: 1069 → 1054(-15 for losing)
|l|‽RaFantasma
|player|p2|
