|j|☆bcoffey1010
|j|‽sudoz
|html|bcoffey1010sudoz    
|uhtml|bestof|Game 3 of a best-of-3
|t:|1757810664
|gametype|doubles
|player|p1|bcoffey1010|266|1271
|player|p2|sudoz|iris-gen5bw2|1186
|gen|9
|tier|[Gen 9] VGC 2025 Reg H (Bo3)
|rated|
|rule|Species Clause: Limit one of each Pokémon
|rule|Item Clause: Limit 1 of each item
|clearpoke
|poke|p1|Gholdengo, L50|
|poke|p1|Sneasler, L50, M|
|poke|p1|Rillaboom, L50, F|
|poke|p1|Dragonite, L50, M|
|poke|p1|Ninetales-Alola, L50, M|
|poke|p1|Arcanine-Hisui, L50, F|
|poke|p2|Garchomp, L50, F|
|poke|p2|Gholdengo, L50|
|poke|p2|Incineroar, L50, F|
|poke|p2|Amoonguss, L50, F|
|poke|p2|Kilowattrel, L50, M|
|poke|p2|Tyranitar, L50, F|
|teampreview|4
|showteam|p1|Gholdengo||GrassySeed|GoodasGold|NastyPlot,MakeItRain,ShadowBall,Protect||||||50|,,,,,Water]Sneasler||WhiteHerb|Unburden|CloseCombat,DireClaw,Coaching,Protect|||M|||50|,,,,,Ghost]Rillaboom||AssaultVest|GrassySurge|FakeOut,GrassyGlide,DrumBeating,HighHorsepower|||F|||50|,,,,,Fire]Dragonite||LoadedDice|Multiscale|ScaleShot,Haze,Tailwind,Protect|||M|||50|,,,,,Fairy]Ninetales-Alola||FocusSash|SnowWarning|Blizzard,IcyWind,Encore,AuroraVeil|||M|||50|,,,,,Ghost]Arcanine-Hisui||ClearAmulet|Intimidate|RockSlide,FlareBlitz,ExtremeSpeed,Protect|||F|||50|,,,,,Water
|showteam|p2|Garchomp||LifeOrb|SandVeil|DragonClaw,StompingTantrum,Earthquake,Protect|||F|||50|,,,,,Ground]Gholdengo||MetalCoat|GoodasGold|MakeItRain,ShadowBall,NastyPlot,Protect||||||50|,,,,,Flying]Incineroar||SafetyGoggles|Intimidate|FakeOut,FlareBlitz,KnockOff,PartingShot|||F|||50|,,,,,Ghost]Amoonguss||SitrusBerry|Regenerator|Spore,RagePowder,PollenPuff,Protect|||F|||50|,,,,,Water]Kilowattrel||FocusSash|Competitive|Electroweb,AirSlash,Tailwind,Protect|||M|||50|,,,,,Ghost]Tyranitar||AssaultVest|SandStream|RockSlide,KnockOff,LowKick,TeraBlast|||F|||50|,,,,,Flying
|inactive|Battle timer is ON: inactive players will automatically lose when time's up. (requested by sudoz)
|
|t:|1757810709
|teamsize|p1|4
|teamsize|p2|4
|start
|switch|p1a: Gholdengo|Gholdengo, L50|100/100
|switch|p1b: Arcanine|Arcanine-Hisui, L50, F|100/100
|switch|p2a: Incineroar|Incineroar, L50, F, shiny|100/100
|switch|p2b: Gholdengo|Gholdengo, L50, shiny|100/100
|-ability|p1b: Arcanine|Intimidate|boost
|-unboost|p2a: Incineroar|atk|1
|-unboost|p2b: Gholdengo|atk|1
|-ability|p2a: Incineroar|Intimidate|boost
|-unboost|p1a: Gholdengo|atk|1
|-fail|p1b: Arcanine|unboost|[from] item: Clear Amulet|[of] p1b: Arcanine
|turn|1
|
|t:|1757810728
|switch|p1b: Rillaboom|Rillaboom, L50, F|100/100
|-fieldstart|move: Grassy Terrain|[from] ability: Grassy Surge|[of] p1b: Rillaboom
|-enditem|p1a: Gholdengo|Grassy Seed
|-boost|p1a: Gholdengo|def|1|[from] item: Grassy Seed
|switch|p2a: Garchomp|Garchomp, L50, F, shiny|100/100
|-terastallize|p1a: Gholdengo|Water
|move|p2b: Gholdengo|Nasty Plot|p2b: Gholdengo
|-boost|p2b: Gholdengo|spa|2
|move|p1a: Gholdengo|Nasty Plot|p1a: Gholdengo
|-boost|p1a: Gholdengo|spa|2
|
|upkeep
|turn|2
|inactive|bcoffey1010 has 30 seconds left.
|inactive|sudoz has 30 seconds left.
|inactive|bcoffey1010 has 20 seconds left.
|inactive|sudoz has 20 seconds left.
|inactive|bcoffey1010 has 15 seconds left.
|inactive|sudoz has 15 seconds left.
|inactive|sudoz has 10 seconds left.
|inactive|sudoz has 5 seconds left.
|
|t:|1757810778
|switch|p1b: Arcanine|Arcanine-Hisui, L50, F|100/100
|-ability|p1b: Arcanine|Intimidate|boost
|-unboost|p2a: Garchomp|atk|1
|-unboost|p2b: Gholdengo|atk|1
|move|p2a: Garchomp|Protect|p2a: Garchomp
|-singleturn|p2a: Garchomp|Protect
|move|p2b: Gholdengo|Protect|p2b: Gholdengo
|-singleturn|p2b: Gholdengo|Protect
|move|p1a: Gholdengo|Shadow Ball|p2b: Gholdengo
|-activate|p2b: Gholdengo|move: Protect
|
|upkeep
|turn|3
|inactive|bcoffey1010 has 30 seconds left.
|inactive|sudoz has 30 seconds left.
|
|t:|1757810810
|move|p1a: Gholdengo|Protect|p1a: Gholdengo
|-singleturn|p1a: Gholdengo|Protect
|move|p2a: Garchomp|Stomping Tantrum|p1b: Arcanine
|-supereffective|p1b: Arcanine
|-damage|p1b: Arcanine|0 fnt
|faint|p1b: Arcanine
|-damage|p2a: Garchomp|91/100|[from] item: Life Orb
|move|p2b: Gholdengo|Shadow Ball|p1a: Gholdengo
|-activate|p1a: Gholdengo|move: Protect
|
|-heal|p2a: Garchomp|97/100|[from] Grassy Terrain
|upkeep
|
|t:|1757810813
|switch|p1b: Rillaboom|Rillaboom, L50, F|100/100
|turn|4
|
|t:|1757810821
|switch|p2a: Incineroar|Incineroar, L50, F, shiny|100/100
|-ability|p2a: Incineroar|Intimidate|boost
|-unboost|p1a: Gholdengo|atk|1
|-unboost|p1b: Rillaboom|atk|1
|move|p2b: Gholdengo|Protect|p2b: Gholdengo
|-singleturn|p2b: Gholdengo|Protect
|move|p1b: Rillaboom|Drum Beating|p2b: Gholdengo
|-activate|p2b: Gholdengo|move: Protect
|move|p1a: Gholdengo|Make It Rain|p2b: Gholdengo|[spread] p2a
|-activate|p2b: Gholdengo|move: Protect
|-resisted|p2a: Incineroar
|-damage|p2a: Incineroar|60/100
|-unboost|p1a: Gholdengo|spa|1
|
|-heal|p2a: Incineroar|66/100|[from] Grassy Terrain
|upkeep
|turn|5
|inactive|sudoz has 30 seconds left.
|
|t:|1757810851
|move|p2a: Incineroar|Fake Out|p1a: Gholdengo
|-damage|p1a: Gholdengo|92/100
|move|p1b: Rillaboom|High Horsepower|p2a: Incineroar
|-supereffective|p2a: Incineroar
|-crit|p2a: Incineroar
|-damage|p2a: Incineroar|0 fnt
|faint|p2a: Incineroar
|move|p2b: Gholdengo|Shadow Ball|p1b: Rillaboom
|-damage|p1b: Rillaboom|40/100
|cant|p1a: Gholdengo|flinch
|
|-heal|p1b: Rillaboom|45/100|[from] Grassy Terrain
|-heal|p1a: Gholdengo|98/100|[from] Grassy Terrain
|-fieldend|move: Grassy Terrain
|upkeep
|
|t:|1757810860
|switch|p2a: Garchomp|Garchomp, L50, F, shiny|97/100
|turn|6
|
|t:|1757810873
|-terastallize|p2b: Gholdengo|Flying
|move|p2a: Garchomp|Dragon Claw|p1a: Gholdengo
|-damage|p1a: Gholdengo|61/100
|-damage|p2a: Garchomp|87/100|[from] item: Life Orb
|move|p1b: Rillaboom|Drum Beating|p2b: Gholdengo
|-resisted|p2b: Gholdengo
|-damage|p2b: Gholdengo|88/100
|-unboost|p2b: Gholdengo|spe|1
|move|p1a: Gholdengo|Shadow Ball|p2b: Gholdengo
|-damage|p2b: Gholdengo|28/100
|-unboost|p2b: Gholdengo|spd|1
|move|p2b: Gholdengo|Shadow Ball|p1a: Gholdengo
|-damage|p1a: Gholdengo|0 fnt
|faint|p1a: Gholdengo
|
|upkeep
|
|t:|1757810888
|switch|p1a: Sneasler|Sneasler, L50, M|100/100
|turn|7
|
|t:|1757810896
|move|p1a: Sneasler|Protect|p1a: Sneasler
|-singleturn|p1a: Sneasler|Protect
|move|p2a: Garchomp|Earthquake|p1b: Rillaboom|[spread] p1b
|-activate|p1a: Sneasler|move: Protect
|-immune|p2b: Gholdengo
|-resisted|p1b: Rillaboom
|-damage|p1b: Rillaboom|18/100
|-damage|p2a: Garchomp|77/100|[from] item: Life Orb
|move|p1b: Rillaboom|Drum Beating|p2a: Garchomp
|-damage|p2a: Garchomp|52/100
|-unboost|p2a: Garchomp|spe|1
|move|p2b: Gholdengo|Make It Rain|p1a: Sneasler|[spread] p1b
|-activate|p1a: Sneasler|move: Protect
|-damage|p1b: Rillaboom|0 fnt
|-unboost|p2b: Gholdengo|spa|1
|faint|p1b: Rillaboom
|
|upkeep
|turn|8
|
|t:|1757810917
|move|p1a: Sneasler|Close Combat|p2a: Garchomp
|-crit|p2a: Garchomp
|-damage|p2a: Garchomp|0 fnt
|-unboost|p1a: Sneasler|def|1
|-unboost|p1a: Sneasler|spd|1
|faint|p2a: Garchomp
|-enditem|p1a: Sneasler|White Herb
|-clearnegativeboost|p1a: Sneasler|[silent]
|move|p2b: Gholdengo|Make It Rain|p1a: Sneasler
|-damage|p1a: Sneasler|0 fnt
|-unboost|p2b: Gholdengo|spa|1
|faint|p1a: Sneasler
|
|win|sudoz
|raw|bcoffey1010's rating: 1271 → 1240(-31 for losing)
|raw|sudoz's rating: 1186 → 1217(+31 for winning)
|l|☆bcoffey1010
|player|p1|
