|j|☆lux raymundi
|j|☆matsudafixpls
|html|lux raymundimatsudafixpls    
|uhtml|bestof|Game 1 of a best-of-3
|t:|1782182391
|gametype|doubles
|player|p1|lux raymundi|169|1149
|player|p2|matsudafixpls|benga|1020
|gen|9
|tier|[Gen 9 Champions] VGC 2026 Reg M-B (Bo3)
|rated|
|rule|Species Clause: Limit one of each Pokémon
|rule|Item Clause: Limit 1 of each item
|clearpoke
|poke|p1|Pelipper, L50, F|
|poke|p1|Swampert, L50, M|
|poke|p1|Basculegion, L50, M|
|poke|p1|Incineroar, L50, F|
|poke|p1|Floette-Eternal, L50, F|
|poke|p1|Archaludon, L50, F|
|poke|p2|Staraptor, L50, M|
|poke|p2|Whimsicott, L50, F|
|poke|p2|Metagross, L50|
|poke|p2|Sneasler, L50, F|
|poke|p2|Incineroar, L50, M|
|poke|p2|Sinistcha-Masterpiece, L50|
|teampreview|4
|showteam|p1|Pelipper||FocusSash|Drizzle|WeatherBall,Tailwind,Hurricane,WideGuard|Modest||F|||50|]Swampert||Swampertite|Torrent|WaveCrash,Earthquake,HighHorsepower,Protect|Adamant||M|||50|]Basculegion||ChoiceScarf|Adaptability|WaveCrash,FlipTurn,LastRespects,AquaJet|Jolly||M|||50|]Incineroar||SitrusBerry|Intimidate|FakeOut,ThroatChop,WillOWisp,PartingShot|Serious||F|||50|]Floette-Eternal||Floettite|FlowerVeil|CalmMind,DrainingKiss,Moonblast,Protect|Modest||F|||50|]Archaludon||Leftovers|Stamina|ElectroShot,DragonPulse,FlashCannon,Protect|Modest||F|||50|
|showteam|p2|Staraptor||Staraptite|Intimidate|CloseCombat,Roost,BraveBird,Uturn|Jolly||M|||50|]Whimsicott||FocusSash|Prankster|Charm,Tailwind,Protect,Moonblast|Bold||F|||50|]Metagross||Metagrossite|ClearBody|MeteorMash,BulletPunch,ZenHeadbutt,Protect|Jolly|||||50|]Sneasler||WhiteHerb|Unburden|CloseCombat,DireClaw,FakeOut,Taunt|Adamant||F|||50|]Incineroar||SitrusBerry|Intimidate|FakeOut,DarkestLariat,FlareBlitz,PartingShot|Adamant||M|||50|]Sinistcha-Masterpiece||Leftovers|Hospitality|MatchaGotcha,RagePowder,ShadowBall,Protect|Bold|||||50|
|
|t:|1782182428
|teamsize|p1|4
|teamsize|p2|4
|start
|switch|p1a: Incineroar|Incineroar, L50, F|100/100
|switch|p1b: Floette|Floette-Eternal, L50, F|100/100
|switch|p2a: Incineroar|Incineroar, L50, M|100/100
|switch|p2b: Sneasler|Sneasler, L50, F|100/100
|-ability|p2a: Incineroar|Intimidate|boost
|-unboost|p1a: Incineroar|atk|1
|-unboost|p1b: Floette|atk|1
|-ability|p1a: Incineroar|Intimidate|boost
|-unboost|p2a: Incineroar|atk|1
|-unboost|p2b: Sneasler|atk|1
|-enditem|p2b: Sneasler|White Herb
|-clearnegativeboost|p2b: Sneasler|[silent]
|turn|1
|inactive|Battle timer is ON: inactive players will automatically lose when time's up. (requested by matsudafixpls)
|
|t:|1782182453
|switch|p1b: Archaludon|Archaludon, L50, F|100/100
|move|p2a: Incineroar|Fake Out|p1a: Incineroar
|-damage|p1a: Incineroar|93/100
|move|p2b: Sneasler|Dire Claw|p1b: Archaludon
|-immune|p1b: Archaludon
|cant|p1a: Incineroar|flinch
|
|upkeep
|turn|2
|
|t:|1782182469
|move|p1b: Archaludon|Protect|p1b: Archaludon
|-singleturn|p1b: Archaludon|Protect
|move|p2b: Sneasler|Taunt|p1a: Incineroar
|-start|p1a: Incineroar|move: Taunt
|cant|p1a: Incineroar|move: Taunt|Will-O-Wisp
|move|p2a: Incineroar|Parting Shot|p1b: Archaludon
|-activate|p1b: Archaludon|move: Protect
|
|upkeep
|turn|3
|
|t:|1782182489
|switch|p1b: Basculegion|Basculegion, L50, M|100/100
|move|p2b: Sneasler|Close Combat|p1b: Basculegion
|-immune|p1b: Basculegion
|move|p2a: Incineroar|Parting Shot|p1b: Basculegion
|-unboost|p1b: Basculegion|atk|1
|-unboost|p1b: Basculegion|spa|1
|
|t:|1782182502
|switch|p2a: Sinistcha|Sinistcha-Masterpiece, L50|100/100|[from] Parting Shot
|move|p1a: Incineroar|Throat Chop|p2a: Sinistcha
|-supereffective|p2a: Sinistcha|1
|-damage|p2a: Sinistcha|68/100
|-start|p2a: Sinistcha|Throat Chop|[silent]
|
|-heal|p2a: Sinistcha|74/100|[from] item: Leftovers
|upkeep
|turn|4
|
|t:|1782182514
|switch|p1a: Floette|Floette-Eternal, L50, F|100/100
|move|p2a: Sinistcha|Protect|p2a: Sinistcha
|-singleturn|p2a: Sinistcha|Protect
|move|p2b: Sneasler|Close Combat|p1a: Floette
|-resisted|p1a: Floette|1
|-damage|p1a: Floette|55/100
|-unboost|p2b: Sneasler|def|1
|-unboost|p2b: Sneasler|spd|1
|move|p1b: Basculegion|Flip Turn|p2b: Sneasler
|-damage|p2b: Sneasler|40/100
|
|t:|1782182525
|switch|p1b: Incineroar|Incineroar, L50, F|93/100|[from] Flip Turn
|-ability|p1b: Incineroar|Intimidate|boost
|-unboost|p2a: Sinistcha|atk|1
|-unboost|p2b: Sneasler|atk|1
|
|-heal|p2a: Sinistcha|80/100|[from] item: Leftovers
|-end|p2a: Sinistcha|Throat Chop|[silent]
|upkeep
|turn|5
|
|t:|1782182536
|switch|p2b: Incineroar|Incineroar, L50, M|100/100
|-ability|p2b: Incineroar|Intimidate|boost
|-unboost|p1a: Floette|atk|1
|-unboost|p1b: Incineroar|atk|1
|detailschange|p1a: Floette|Floette-Mega, L50, F
|-mega|p1a: Floette|Floette|Floettite
|-ability|p1a: Floette|Fairy Aura
|move|p1b: Incineroar|Fake Out|p2b: Incineroar
|-damage|p2b: Incineroar|92/100
|move|p1a: Floette|Calm Mind|p1a: Floette
|-boost|p1a: Floette|spa|1
|-boost|p1a: Floette|spd|1
|move|p2a: Sinistcha|Matcha Gotcha|p1a: Floette|[spread] p1b
|-miss|p2a: Sinistcha|p1a: Floette
|-resisted|p1b: Incineroar|1
|-damage|p1b: Incineroar|84/100
|-heal|p2a: Sinistcha|85/100|[from] drain|[of] p1b: Incineroar
|
|-heal|p2a: Sinistcha|92/100|[from] item: Leftovers
|upkeep
|turn|6
|inactive|matsudafixpls has 30 seconds left.
|
|t:|1782182563
|switch|p1b: Archaludon|Archaludon, L50, F|100/100
|move|p1a: Floette|Protect|p1a: Floette
|-singleturn|p1a: Floette|Protect
|move|p2a: Sinistcha|Shadow Ball|p1a: Floette
|-activate|p1a: Floette|move: Protect
|move|p2b: Incineroar|Parting Shot|p1a: Floette
|-activate|p1a: Floette|move: Protect
|
|-heal|p2a: Sinistcha|98/100|[from] item: Leftovers
|upkeep
|turn|7
|
|t:|1782182578
|move|p1a: Floette|Moonblast|p2b: Incineroar
|-damage|p2b: Incineroar|10/100
|-enditem|p2b: Incineroar|Sitrus Berry|[eat]
|-heal|p2b: Incineroar|35/100|[from] item: Sitrus Berry
|move|p1b: Archaludon|Dragon Pulse|p2b: Incineroar
|-damage|p2b: Incineroar|5/100
|move|p2a: Sinistcha|Shadow Ball|p1a: Floette
|-damage|p1a: Floette|38/100
|-unboost|p1a: Floette|spd|1
|move|p2b: Incineroar|Parting Shot|p1a: Floette
|-unboost|p1a: Floette|atk|1
|-unboost|p1a: Floette|spa|1
|
|t:|1782182591
|switch|p2b: Sneasler|Sneasler, L50, F|40/100|[from] Parting Shot
|
|-heal|p2a: Sinistcha|100/100|[from] item: Leftovers
|upkeep
|turn|8
|
|t:|1782182609
|switch|p1b: Basculegion|Basculegion, L50, M|100/100
|move|p1a: Floette|Protect|p1a: Floette
|-singleturn|p1a: Floette|Protect
|move|p2a: Sinistcha|Rage Powder|p2a: Sinistcha
|-singleturn|p2a: Sinistcha|move: Rage Powder
|move|p2b: Sneasler|Close Combat|p1b: Basculegion
|-immune|p1b: Basculegion
|
|upkeep
|turn|9
|
|t:|1782182621
|switch|p1a: Incineroar|Incineroar, L50, F|84/100
|-ability|p1a: Incineroar|Intimidate|boost
|-unboost|p2a: Sinistcha|atk|1
|-unboost|p2b: Sneasler|atk|1
|move|p2a: Sinistcha|Rage Powder|p2a: Sinistcha
|-singleturn|p2a: Sinistcha|move: Rage Powder
|move|p1b: Basculegion|Flip Turn|p2a: Sinistcha
|-resisted|p2a: Sinistcha|1
|-damage|p2a: Sinistcha|85/100
|
|t:|1782182629
|switch|p1b: Archaludon|Archaludon, L50, F|100/100|[from] Flip Turn
|move|p2b: Sneasler|Close Combat|p1a: Incineroar
|-supereffective|p1a: Incineroar|1
|-damage|p1a: Incineroar|8/100
|-unboost|p2b: Sneasler|def|1
|-unboost|p2b: Sneasler|spd|1
|-enditem|p1a: Incineroar|Sitrus Berry|[eat]
|-heal|p1a: Incineroar|33/100|[from] item: Sitrus Berry
|
|-heal|p2a: Sinistcha|92/100|[from] item: Leftovers
|upkeep
|turn|10
|
|t:|1782182642
|move|p2a: Sinistcha|Rage Powder|p2a: Sinistcha
|-singleturn|p2a: Sinistcha|move: Rage Powder
|move|p2b: Sneasler|Close Combat|p1a: Incineroar
|-supereffective|p1a: Incineroar|1
|-damage|p1a: Incineroar|0 fnt
|-unboost|p2b: Sneasler|def|1
|-unboost|p2b: Sneasler|spd|1
|faint|p1a: Incineroar
|move|p1b: Archaludon|Dragon Pulse|p2a: Sinistcha
|-damage|p2a: Sinistcha|44/100
|
|-heal|p2a: Sinistcha|51/100|[from] item: Leftovers
|upkeep
|
|t:|1782182661
|switch|p1a: Basculegion|Basculegion, L50, M|100/100
|turn|11
|
|t:|1782182673
|switch|p2b: Incineroar|Incineroar, L50, M|5/100
|-ability|p2b: Incineroar|Intimidate|boost
|-unboost|p1a: Basculegion|atk|1
|-unboost|p1b: Archaludon|atk|1
|move|p2a: Sinistcha|Protect|p2a: Sinistcha
|-singleturn|p2a: Sinistcha|Protect
|move|p1a: Basculegion|Last Respects|p2a: Sinistcha
|-activate|p2a: Sinistcha|move: Protect
|move|p1b: Archaludon|Dragon Pulse|p2b: Incineroar
|-damage|p2b: Incineroar|0 fnt
|faint|p2b: Incineroar
|
|-heal|p2a: Sinistcha|57/100|[from] item: Leftovers
|upkeep
|
|t:|1782182696
|switch|p2b: Metagross|Metagross, L50|100/100
|turn|12
|
|t:|1782182714
|switch|p1a: Floette|Floette-Mega, L50, F|38/100
|-ability|p1a: Floette|Fairy Aura
|detailschange|p2b: Metagross|Metagross-Mega, L50
|-mega|p2b: Metagross|Metagross|Metagrossite
|move|p2b: Metagross|Zen Headbutt|p1a: Floette
|-crit|p1a: Floette
|-damage|p1a: Floette|0 fnt
|faint|p1a: Floette
|move|p1b: Archaludon|Dragon Pulse|p2a: Sinistcha
|-damage|p2a: Sinistcha|7/100
|move|p2a: Sinistcha|Matcha Gotcha|p1b: Archaludon
|-resisted|p1b: Archaludon|2
|-damage|p1b: Archaludon|90/100
|-heal|p2a: Sinistcha|12/100|[from] drain|[of] p1b: Archaludon
|-status|p1b: Archaludon|brn
|-ability|p1b: Archaludon|Stamina|boost
|-boost|p1b: Archaludon|def|1
|
|-heal|p1b: Archaludon|96/100 brn|[from] item: Leftovers
|-heal|p2a: Sinistcha|19/100|[from] item: Leftovers
|-damage|p1b: Archaludon|90/100 brn|[from] brn
|upkeep
|c|☆lux raymundi|...
|
|t:|1782182734
|switch|p1a: Basculegion|Basculegion, L50, M|100/100
|turn|13
|
|t:|1782182755
|move|p2a: Sinistcha|Rage Powder|p2a: Sinistcha
|-singleturn|p2a: Sinistcha|move: Rage Powder
|move|p1a: Basculegion|Last Respects|p2a: Sinistcha
|-supereffective|p2a: Sinistcha|1
|-damage|p2a: Sinistcha|0 fnt
|faint|p2a: Sinistcha
|move|p2b: Metagross|Zen Headbutt|p1a: Basculegion
|-damage|p1a: Basculegion|23/100
|move|p1b: Archaludon|Dragon Pulse|p2b: Metagross
|-resisted|p2b: Metagross|1
|-damage|p2b: Metagross|77/100
|
|-heal|p1b: Archaludon|96/100 brn|[from] item: Leftovers
|-damage|p1b: Archaludon|90/100 brn|[from] brn
|upkeep
|
|t:|1782182765
|switch|p2a: Sneasler|Sneasler, L50, F|40/100
|turn|14
|
|t:|1782182780
|move|p2b: Metagross|Bullet Punch|p1a: Basculegion
|-resisted|p1a: Basculegion|1
|-damage|p1a: Basculegion|5/100
|move|p1a: Basculegion|Last Respects|p2a: Sneasler
|-damage|p2a: Sneasler|0 fnt
|faint|p2a: Sneasler
|move|p1b: Archaludon|Electro Shot||[still]
|-prepare|p1b: Archaludon|Electro Shot
|-boost|p1b: Archaludon|spa|1
|
|-heal|p1b: Archaludon|96/100 brn|[from] item: Leftovers
|-damage|p1b: Archaludon|90/100 brn|[from] brn
|upkeep
|turn|15
|
|t:|1782182793
|move|p2b: Metagross|Bullet Punch|p1a: Basculegion
|-resisted|p1a: Basculegion|1
|-damage|p1a: Basculegion|0 fnt
|faint|p1a: Basculegion
|move|p1b: Archaludon|Electro Shot|p2b: Metagross|[from] lockedmove
|-damage|p2b: Metagross|15/100
|
|-heal|p1b: Archaludon|96/100 brn|[from] item: Leftovers
|-damage|p1b: Archaludon|90/100 brn|[from] brn
|upkeep
|turn|16
|
|t:|1782182810
|move|p2b: Metagross|Protect|p2b: Metagross
|-singleturn|p2b: Metagross|Protect
|move|p1b: Archaludon|Dragon Pulse|p2b: Metagross
|-activate|p2b: Metagross|move: Protect
|
|-heal|p1b: Archaludon|96/100 brn|[from] item: Leftovers
|-damage|p1b: Archaludon|90/100 brn|[from] brn
|upkeep
|turn|17
|
|t:|1782182816
|move|p2b: Metagross|Zen Headbutt|p1b: Archaludon
|-resisted|p1b: Archaludon|1
|-damage|p1b: Archaludon|75/100 brn
|-ability|p1b: Archaludon|Stamina|boost
|-boost|p1b: Archaludon|def|1
|move|p1b: Archaludon|Dragon Pulse|p2b: Metagross
|-resisted|p2b: Metagross|1
|-damage|p2b: Metagross|0 fnt
|faint|p2b: Metagross
|
|win|lux raymundi
