|j|☆srTerror
|j|☆fkk567
|html|srTerrorfkk567    
|uhtml|bestof|Game 1 of a best-of-3
|t:|1785933074
|gametype|doubles
|player|p1|srTerror|266|1171
|player|p2|fkk567|winona-gen6|1000
|gen|9
|tier|[Gen 9 Champions] VGC 2026 Reg M-B (Bo3)
|rated|
|rule|Species Clause: Limit one of each Pokémon
|rule|Item Clause: Limit 1 of each item
|clearpoke
|poke|p1|Dragonite, L50, F|
|poke|p1|Milotic, L50, M|
|poke|p1|Sneasler, L50, M|
|poke|p1|Charizard, L50, M|
|poke|p1|Gholdengo, L50|
|poke|p1|Whimsicott, L50, M|
|poke|p2|Dragonite, L50, M|
|poke|p2|Gholdengo, L50|
|poke|p2|Whimsicott, L50, M|
|poke|p2|Floette-Eternal, L50, F|
|poke|p2|Maushold-Four, L50|
|poke|p2|Samurott-Hisui, L50, M|
|teampreview|4
|showteam|p1|Dragonite||LifeOrb|InnerFocus|Protect,DragonClaw,ExtremeSpeed,LowKick|Adamant||F|||50|]Milotic||Leftovers|Competitive|Scald,IceBeam,Recover,Protect|Modest||M|||50|]Sneasler||WhiteHerb|Unburden|GunkShot,FakeOut,CloseCombat,Coaching|Adamant||M|||50|]Charizard||CharizarditeY|Blaze|Protect,HeatWave,WeatherBall,SolarBeam|Modest||M|||50|]Gholdengo||FocusSash|GoodasGold|Protect,ShadowBall,PowerGem,MakeItRain|Modest|||||50|]Whimsicott||FairyFeather|Prankster|Protect,Moonblast,Encore,Tailwind|Timid||M|||50|
|showteam|p2|Dragonite||ChoiceScarf|InnerFocus|Outrage,BreakingSwipe,RockSlide,Superpower|Adamant||M|||50|]Gholdengo||FocusSash|GoodasGold|MakeItRain,ShadowBall,PowerGem,Protect|Modest|||||50|]Whimsicott||OccaBerry|Prankster|Moonblast,Tailwind,Encore,Protect|Timid||M|||50|]Floette-Eternal||Floettite|FlowerVeil|Moonblast,DazzlingGleam,LightofRuin,Protect|Modest||F|||50|]Maushold-Four||WideLens|Technician|PopulationBomb,Feint,FollowMe,Protect|Adamant|||||50|]Samurott-Hisui||LifeOrb|Sharpness|NightSlash,SuckerPunch,SacredSword,Protect|Adamant||M|||50|
|inactive|Battle timer is ON: inactive players will automatically lose when time's up. (requested by srTerror)
|inactive|srTerror has 60 seconds left.
|inactive|fkk567 has 60 seconds left.
|inactive|fkk567 has 30 seconds left.
|inactive|fkk567 has 20 seconds left.
|
|t:|1785933149
|teamsize|p1|4
|teamsize|p2|4
|start
|switch|p1a: Charizard|Charizard, L50, M|100/100
|switch|p1b: Sneasler|Sneasler, L50, M|100/100
|switch|p2a: Whimsicott|Whimsicott, L50, M|100/100
|switch|p2b: Gholdengo|Gholdengo, L50|100/100
|turn|1
|inactive|srTerror has 30 seconds left.
|
|t:|1785933183
|switch|p2a: Dragonite|Dragonite, L50, M|100/100
|detailschange|p1a: Charizard|Charizard-Mega-Y, L50, M
|-mega|p1a: Charizard|Charizard|Charizardite Y
|-weather|SunnyDay|[from] ability: Drought|[of] p1a: Charizard
|move|p1b: Sneasler|Fake Out|p2a: Dragonite
|-damage|p2a: Dragonite|85/100
|move|p2b: Gholdengo|Power Gem|p1a: Charizard
|-supereffective|p1a: Charizard|2
|-damage|p1a: Charizard|0 fnt
|faint|p1a: Charizard
|
|-weather|SunnyDay|[upkeep]
|upkeep
|
|t:|1785933197
|switch|p1a: Milotic|Milotic, L50, M|100/100
|turn|2
|
|t:|1785933213
|switch|p1b: Gholdengo|Gholdengo, L50|100/100
|move|p2a: Dragonite|Outrage|p1b: Gholdengo
|-resisted|p1b: Gholdengo|1
|-damage|p1b: Gholdengo|57/100
|move|p2b: Gholdengo|Shadow Ball|p1a: Milotic
|-damage|p1a: Milotic|68/100
|-unboost|p1a: Milotic|spd|1
|-ability|p1a: Milotic|Competitive|boost
|-boost|p1a: Milotic|spa|2
|move|p1a: Milotic|Ice Beam|p2a: Dragonite
|-supereffective|p2a: Dragonite|2
|-damage|p2a: Dragonite|0 fnt
|faint|p2a: Dragonite
|
|-weather|SunnyDay|[upkeep]
|-heal|p1a: Milotic|74/100|[from] item: Leftovers
|upkeep
|
|t:|1785933227
|switch|p2a: Whimsicott|Whimsicott, L50, M|100/100
|turn|3
|
|t:|1785933237
|move|p2a: Whimsicott|Tailwind|p2a: Whimsicott
|-sidestart|p2: fkk567|move: Tailwind
|move|p2b: Gholdengo|Shadow Ball|p1a: Milotic
|-damage|p1a: Milotic|21/100
|move|p1b: Gholdengo|Shadow Ball|p2b: Gholdengo
|-supereffective|p2b: Gholdengo|1
|-enditem|p2b: Gholdengo|Focus Sash
|-damage|p2b: Gholdengo|1/100
|move|p1a: Milotic|Scald|p2b: Gholdengo
|-damage|p2b: Gholdengo|0 fnt
|faint|p2b: Gholdengo
|
|-weather|SunnyDay|[upkeep]
|-heal|p1a: Milotic|27/100|[from] item: Leftovers
|upkeep
|
|t:|1785933247
|switch|p2b: Floette|Floette-Eternal, L50, F|100/100
|turn|4
|
|t:|1785933269
|detailschange|p2b: Floette|Floette-Mega, L50, F
|-mega|p2b: Floette|Floette|Floettite
|-ability|p2b: Floette|Fairy Aura
|move|p2a: Whimsicott|Moonblast|p1b: Gholdengo
|-resisted|p1b: Gholdengo|1
|-damage|p1b: Gholdengo|39/100
|-unboost|p1b: Gholdengo|spa|1
|move|p2b: Floette|Dazzling Gleam|p1a: Milotic|[spread] p1a,p1b
|-resisted|p1b: Gholdengo|1
|-damage|p1a: Milotic|0 fnt
|-damage|p1b: Gholdengo|6/100
|faint|p1a: Milotic
|move|p1b: Gholdengo|Make It Rain|p2a: Whimsicott|[spread] p2a,p2b
|-supereffective|p2a: Whimsicott|1
|-supereffective|p2b: Floette|1
|-damage|p2a: Whimsicott|0 fnt
|-damage|p2b: Floette|36/100
|-unboost|p1b: Gholdengo|spa|2
|faint|p2a: Whimsicott
|
|-weather|SunnyDay|[upkeep]
|upkeep
|
|t:|1785933282
|switch|p1a: Sneasler|Sneasler, L50, M|100/100
|turn|5
|
|t:|1785933289
|move|p2b: Floette|Protect|p2b: Floette
|-singleturn|p2b: Floette|Protect
|move|p1a: Sneasler|Fake Out|p2b: Floette
|-activate|p2b: Floette|move: Protect
|move|p1b: Gholdengo|Shadow Ball|p2b: Floette
|-activate|p2b: Floette|move: Protect
|
|-weather|none
|upkeep
|turn|6
|
|t:|1785933298
|move|p2b: Floette|Dazzling Gleam|p1a: Sneasler|[spread] p1a,p1b
|-resisted|p1b: Gholdengo|1
|-damage|p1a: Sneasler|30/100
|-damage|p1b: Gholdengo|0 fnt
|faint|p1b: Gholdengo
|move|p1a: Sneasler|Gunk Shot|p2b: Floette
|-supereffective|p2b: Floette|1
|-damage|p2b: Floette|0 fnt
|faint|p2b: Floette
|
|win|srTerror
||fkk567 is ready for game 2.
||srTerror is ready for game 2.
|uhtml|next|Next: Game 2 of 3
|l|☆fkk567
|player|p2|
