|j|☆lord genshin
|j|☆CritHappens5
|html|lord genshinCritHappens5    
|uhtml|bestof|Game 1 of a best-of-3
|t:|1756942140
|gametype|doubles
|player|p1|lord genshin|dragontamer|1097
|player|p2|CritHappens5|265|1230
|gen|9
|tier|[Gen 9] VGC 2025 Reg H (Bo3)
|rated|
|rule|Species Clause: Limit one of each Pokémon
|rule|Item Clause: Limit 1 of each item
|clearpoke
|poke|p1|Charizard, L50, F|
|poke|p1|Amoonguss, L50, M|
|poke|p1|Dragonite, L50, F|
|poke|p1|Torkoal, L50, F|
|poke|p1|Milotic, L50, M|
|poke|p1|Garchomp, L50, M|
|poke|p2|Sneasler, L50, M|
|poke|p2|Indeedee, L50, M|
|poke|p2|Volcarona, L50, F|
|poke|p2|Ursaluna-Bloodmoon, L50, M|
|poke|p2|Annihilape, L50, F|
|poke|p2|Tyranitar, L50, M|
|teampreview|4
|showteam|p1|Charizard||ChoiceSpecs|SolarPower|HeatWave,Overheat,SolarBeam,Hurricane|||F|||50|,,,,,Fire]Amoonguss||RockyHelmet|EffectSpore|RagePowder,SludgeBomb,Spore,Protect|||M|||50|,,,,,Water]Dragonite||ChoiceBand|Multiscale|ExtremeSpeed,Outrage,ThunderPunch,Earthquake|||F|||50|,,,,,Normal]Torkoal||HeatRock|Drought|Eruption,Protect,HeatWave,BodyPress|||F|||50|,,,,,Fire]Milotic||Leftovers|Competitive|IceBeam,WeatherBall,Protect,Scald|||M|||50|,,,,,Water]Garchomp||ChoiceScarf|RoughSkin|Earthquake,IronHead,DragonClaw,Crunch|||M|||50|,,,,,Steel
|showteam|p2|Sneasler||PsychicSeed|Unburden|CloseCombat,DireClaw,ThroatChop,Protect|||M|||50|,,,,,Dark]Indeedee||ChoiceScarf|PsychicSurge|ExpandingForce,TeraBlast,Trick,Protect|||M|||50|,,,,,Psychic]Volcarona||SitrusBerry|FlameBody|Overheat,StruggleBug,RagePowder,Tailwind|||F|||50|,,,,,Dragon]Ursaluna-Bloodmoon||LifeOrb|MindsEye|BloodMoon,HyperVoice,EarthPower,Protect|||M|||50|,,,,,Normal]Annihilape||SafetyGoggles|Defiant|CloseCombat,RageFist,Taunt,FinalGambit|||F|||50|,,,,,Fairy]Tyranitar||AssaultVest|SandStream|RockSlide,KnockOff,TeraBlast,LowKick|||M|||50|,,,,,Flying
|inactive|Battle timer is ON: inactive players will automatically lose when time's up. (requested by CritHappens5)
|
|t:|1756942171
|teamsize|p1|4
|teamsize|p2|4
|start
|switch|p1a: Torkoal|Torkoal, L50, F|100/100
|switch|p1b: Charizard|Charizard, L50, F|100/100
|switch|p2a: Annihilape|Annihilape, L50, F|100/100
|switch|p2b: Tyranitar|Tyranitar, L50, M|100/100
|-weather|Sandstorm|[from] ability: Sand Stream|[of] p2b: Tyranitar
|-weather|SunnyDay|[from] ability: Drought|[of] p1a: Torkoal
|turn|1
|inactive|CritHappens5 has 30 seconds left.
|
|t:|1756942196
|-terastallize|p2b: Tyranitar|Flying
|move|p2a: Annihilape|Rage Fist|p1b: Charizard
|-damage|p1b: Charizard|71/100
|move|p1b: Charizard|Heat Wave|p2a: Annihilape|[spread] p2a,p2b
|-damage|p2a: Annihilape|0 fnt
|-damage|p2b: Tyranitar|21/100
|faint|p2a: Annihilape
|move|p2b: Tyranitar|Rock Slide|p1b: Charizard|[spread] p1a,p1b
|-supereffective|p1a: Torkoal
|-supereffective|p1b: Charizard
|-damage|p1a: Torkoal|53/100
|-damage|p1b: Charizard|0 fnt
|faint|p1b: Charizard
|cant|p1a: Torkoal|flinch
|
|-weather|SunnyDay|[upkeep]
|upkeep
|
|t:|1756942216
|switch|p2a: Sneasler|Sneasler, L50, M|100/100
|switch|p1b: Dragonite|Dragonite, L50, F|100/100
|turn|2
|
|t:|1756942232
|switch|p2b: Indeedee|Indeedee, L50, M|100/100
|-fieldstart|move: Psychic Terrain|[from] ability: Psychic Surge|[of] p2b: Indeedee
|-enditem|p2a: Sneasler|Psychic Seed
|-boost|p2a: Sneasler|spd|1|[from] item: Psychic Seed
|switch|p1b: Amoonguss|Amoonguss, L50, M|100/100
|move|p1a: Torkoal|Protect|p1a: Torkoal
|-singleturn|p1a: Torkoal|Protect
|move|p2a: Sneasler|Dire Claw|p1b: Amoonguss
|-damage|p1b: Amoonguss|61/100
|-damage|p2a: Sneasler|84/100|[from] item: Rocky Helmet|[of] p1b: Amoonguss
|-status|p2a: Sneasler|slp|[from] ability: Effect Spore|[of] p1b: Amoonguss
|
|-weather|SunnyDay|[upkeep]
|upkeep
|turn|3
|inactive|lord genshin has 30 seconds left.
|
|t:|1756942260
|-terastallize|p1b: Amoonguss|Water
|cant|p2a: Sneasler|slp
|move|p2b: Indeedee|Expanding Force|p1a: Torkoal|[spread] p1a,p1b
|-damage|p1a: Torkoal|0 fnt
|-damage|p1b: Amoonguss|19/100
|faint|p1a: Torkoal
|move|p1b: Amoonguss|Spore|p2b: Indeedee
|-status|p2b: Indeedee|slp|[from] move: Spore
|
|-weather|SunnyDay|[upkeep]
|upkeep
|
|t:|1756942262
|switch|p1a: Dragonite|Dragonite, L50, F|100/100
|turn|4
|
|t:|1756942269
|-curestatus|p2a: Sneasler|slp|[msg]
|move|p2a: Sneasler|Dire Claw|p1a: Dragonite
|-damage|p1a: Dragonite|78/100
|cant|p2b: Indeedee|slp
|move|p1a: Dragonite|Outrage|p2a: Sneasler
|-damage|p2a: Sneasler|0 fnt
|faint|p2a: Sneasler
|move|p1b: Amoonguss|Sludge Bomb|p2b: Indeedee
|-damage|p2b: Indeedee|62/100 slp
|
|-weather|SunnyDay|[upkeep]
|upkeep
|
|t:|1756942279
|switch|p2a: Tyranitar|Tyranitar, L50, M, tera:Flying|21/100
|-weather|Sandstorm|[from] ability: Sand Stream|[of] p2a: Tyranitar
|turn|5
|
|t:|1756942283
|-curestatus|p2b: Indeedee|slp|[msg]
|move|p2b: Indeedee|Expanding Force|p1b: Amoonguss|[spread] p1a,p1b
|-damage|p1a: Dragonite|24/100
|-damage|p1b: Amoonguss|0 fnt
|faint|p1b: Amoonguss
|move|p2a: Tyranitar|Rock Slide|p1a: Dragonite
|-supereffective|p1a: Dragonite
|-damage|p1a: Dragonite|0 fnt
|faint|p1a: Dragonite
|
|win|CritHappens5
||lord genshin is ready for game 2.
|inactive|CritHappens5 has 30 seconds to confirm battle start!
||CritHappens5 is ready for game 2.
|uhtml|next|Next: Game 2 of 3
|l|☆lord genshin
|player|p1|
