|j|☆Jakobtc
|j|☆KodeBeast0526
|html|JakobtcKodeBeast0526    
|uhtml|bestof|Game 3 of a best-of-3
|t:|1757699717
|gametype|doubles
|player|p1|Jakobtc|riley|1142
|player|p2|KodeBeast0526|wattson|1205
|gen|9
|tier|[Gen 9] VGC 2025 Reg H (Bo3)
|rated|
|rule|Species Clause: Limit one of each Pokémon
|rule|Item Clause: Limit 1 of each item
|clearpoke
|poke|p1|Drifblim, L50, F|
|poke|p1|Indeedee, L50, M|
|poke|p1|Arcanine-Hisui, L50, M|
|poke|p1|Garchomp, L50, M|
|poke|p1|Amoonguss, L50, F|
|poke|p1|Primarina, L50, M|
|poke|p2|Excadrill, L50, F|
|poke|p2|Tyranitar, L50, M|
|poke|p2|Sneasler, L50, M|
|poke|p2|Indeedee, L50, M|
|poke|p2|Corviknight, L50, M|
|poke|p2|Annihilape, L50, M|
|teampreview|4
|showteam|p1|Drifblim||PsychicSeed|Unburden|Tailwind,StrengthSap,WillOWisp,Acrobatics|||F|||50|,,,,,Grass]Indeedee||FocusSash|PsychicSurge|ExpandingForce,TeraBlast,SkillSwap,Protect|||M|||50|,,,,,Fighting]Arcanine-Hisui||ChoiceBand|Intimidate|RockSlide,FlareBlitz,ExtremeSpeed,CloseCombat|||M|||50|,,,,,Grass]Garchomp||LifeOrb|RoughSkin|StompingTantrum,DragonClaw,Earthquake,Protect|||M|||50|,,,,,Ground]Amoonguss||SitrusBerry|Regenerator|Spore,LeafStorm,RagePowder,Protect|||F|||50|,,,,,Water]Primarina||MysticWater|LiquidVoice|HyperVoice,Moonblast,Haze,Protect|||M|||50|,,,,,Steel
|showteam|p2|Excadrill||FocusSash|SandRush|IronHead,HighHorsepower,Earthquake,Protect|||F|||50|,,,,,Stellar]Tyranitar||AssaultVest|SandStream|RockSlide,KnockOff,TeraBlast,LowKick|||M|||50|,,,,,Flying]Sneasler||PsychicSeed|Unburden|DireClaw,CloseCombat,ThroatChop,Protect|||M|||50|,,,,,Dark]Indeedee||ChoiceScarf|PsychicSurge|ExpandingForce,TeraBlast,Protect,Trick|||M|||50|,,,,,Psychic]Corviknight||Leftovers|MirrorArmor|BraveBird,BulkUp,Roost,Tailwind|||M|||50|,,,,,Dragon]Annihilape||SafetyGoggles|Defiant|CloseCombat,FinalGambit,RageFist,Taunt|||M|||50|,,,,,Water
|
|t:|1757699730
|teamsize|p1|4
|teamsize|p2|4
|start
|switch|p1a: Drifblim|Drifblim, L50, F|100/100
|switch|p1b: Arcanine|Arcanine-Hisui, L50, M|100/100
|switch|p2a: Sneasler|Sneasler, L50, M, shiny|100/100
|switch|p2b: Indeedee|Indeedee, L50, M, shiny|100/100
|-fieldstart|move: Psychic Terrain|[from] ability: Psychic Surge|[of] p2b: Indeedee
|-enditem|p2a: Sneasler|Psychic Seed
|-boost|p2a: Sneasler|spd|1|[from] item: Psychic Seed
|-enditem|p1a: Drifblim|Psychic Seed
|-boost|p1a: Drifblim|spd|1|[from] item: Psychic Seed
|-ability|p1b: Arcanine|Intimidate|boost
|-unboost|p2a: Sneasler|atk|1
|-unboost|p2b: Indeedee|atk|1
|turn|1
|
|t:|1757699754
|-terastallize|p2b: Indeedee|Psychic
|-terastallize|p1b: Arcanine|Grass
|move|p2a: Sneasler|Dire Claw|p1a: Drifblim
|-resisted|p1a: Drifblim
|-damage|p1a: Drifblim|84/100
|-status|p1a: Drifblim|psn
|move|p1a: Drifblim|Tailwind|p1a: Drifblim
|-sidestart|p1: Jakobtc|move: Tailwind
|move|p1b: Arcanine|Flare Blitz|p2b: Indeedee
|-damage|p2b: Indeedee|0 fnt
|faint|p2b: Indeedee
|-damage|p1b: Arcanine|75/100|[from] Recoil
|
|-damage|p1a: Drifblim|71/100 psn|[from] psn
|upkeep
|
|t:|1757699768
|switch|p2b: Tyranitar|Tyranitar, L50, M, shiny|100/100
|-weather|Sandstorm|[from] ability: Sand Stream|[of] p2b: Tyranitar
|turn|2
|
|t:|1757699792
|move|p1a: Drifblim|Will-O-Wisp|p2b: Tyranitar
|-status|p2b: Tyranitar|brn
|move|p2a: Sneasler|Dire Claw|p1b: Arcanine
|-supereffective|p1b: Arcanine
|-damage|p1b: Arcanine|7/100
|-status|p1b: Arcanine|psn
|move|p1b: Arcanine|Flare Blitz|p2a: Sneasler
|-damage|p2a: Sneasler|0 fnt
|faint|p2a: Sneasler
|-damage|p1b: Arcanine|0 fnt|[from] Recoil
|faint|p1b: Arcanine
|move|p2b: Tyranitar|Rock Slide|p1a: Drifblim
|-supereffective|p1a: Drifblim
|-damage|p1a: Drifblim|32/100 psn
|
|-weather|Sandstorm|[upkeep]
|-damage|p1a: Drifblim|26/100 psn|[from] Sandstorm
|-damage|p1a: Drifblim|14/100 psn|[from] psn
|-damage|p2b: Tyranitar|95/100 brn|[from] brn
|upkeep
|
|t:|1757699817
|switch|p2a: Excadrill|Excadrill, L50, F, shiny|100/100
|switch|p1b: Primarina|Primarina, L50, M|100/100
|turn|3
|
|t:|1757699825
|move|p1a: Drifblim|Strength Sap|p2b: Tyranitar
|-unboost|p2b: Tyranitar|atk|1
|-heal|p1a: Drifblim|90/100 psn
|move|p2a: Excadrill|Iron Head|p1b: Primarina
|-damage|p1b: Primarina|47/100
|move|p1b: Primarina|Hyper Voice|p2b: Tyranitar|[spread] p2a,p2b
|-supereffective|p2a: Excadrill
|-supereffective|p2b: Tyranitar
|-enditem|p2a: Excadrill|Focus Sash
|-damage|p2a: Excadrill|1/100
|-damage|p2b: Tyranitar|67/100 brn
|move|p2b: Tyranitar|Rock Slide|p1a: Drifblim|[spread] p1a,p1b
|-supereffective|p1a: Drifblim
|-damage|p1a: Drifblim|68/100 psn
|-damage|p1b: Primarina|37/100
|
|-weather|Sandstorm|[upkeep]
|-damage|p1a: Drifblim|62/100 psn|[from] Sandstorm
|-damage|p1b: Primarina|31/100|[from] Sandstorm
|-damage|p1a: Drifblim|49/100 psn|[from] psn
|-damage|p2b: Tyranitar|61/100 brn|[from] brn
|upkeep
|turn|4
|
|t:|1757699844
|move|p1a: Drifblim|Acrobatics|p2a: Excadrill
|-resisted|p2a: Excadrill
|-damage|p2a: Excadrill|0 fnt
|faint|p2a: Excadrill
|move|p1b: Primarina|Moonblast|p2b: Tyranitar
|-supereffective|p2b: Tyranitar
|-damage|p2b: Tyranitar|31/100 brn
|-unboost|p2b: Tyranitar|spa|1
|move|p2b: Tyranitar|Knock Off|p1b: Primarina
|-resisted|p1b: Primarina
|-damage|p1b: Primarina|21/100
|-enditem|p1b: Primarina|Mystic Water|[from] move: Knock Off|[of] p2b: Tyranitar
|
|-weather|Sandstorm|[upkeep]
|-damage|p1a: Drifblim|43/100 psn|[from] Sandstorm
|-damage|p1b: Primarina|16/100|[from] Sandstorm
|-damage|p1a: Drifblim|31/100 psn|[from] psn
|-damage|p2b: Tyranitar|25/100 brn|[from] brn
|-sideend|p1: Jakobtc|move: Tailwind
|upkeep
|turn|5
|-message|KodeBeast0526 forfeited.
|raw|Jakobtc's rating: 1142 → 1171(+29 for winning)
|raw|KodeBeast0526's rating: 1205 → 1176(-29 for losing)
|
|win|Jakobtc
|c|☆Jakobtc|gg
|c|☆KodeBeast0526|smd
