|j|☆houseofpros
|j|☆stittur##-
|html|houseofprosstittur##-    
|uhtml|bestof|Game 1 of a best-of-3
|t:|1756961874
|gametype|doubles
|player|p1|houseofpros|lucas-gen4pt|1141
|player|p2|stittur##-|169|1001
|gen|9
|tier|[Gen 9] VGC 2025 Reg H (Bo3)
|rated|
|rule|Species Clause: Limit one of each Pokémon
|rule|Item Clause: Limit 1 of each item
|clearpoke
|poke|p1|Amoonguss, L50, F|
|poke|p1|Goodra-Hisui, L50, F|
|poke|p1|Politoed, L50, F|
|poke|p1|Ludicolo, L50, M|
|poke|p1|Scizor, L50, M|
|poke|p1|Tauros-Paldea-Aqua, L50, M|
|poke|p2|Archaludon, L50, M|
|poke|p2|Amoonguss, L50, M|
|poke|p2|Gholdengo, L50|
|poke|p2|Farigiraf, L50, M|
|poke|p2|Hydreigon, L50, M|
|poke|p2|Whimsicott, L50, M|
|teampreview|4
|showteam|p1|Amoonguss||RockyHelmet|Regenerator|Spore,RagePowder,PollenPuff,LeafStorm|||F|||50|,,,,,Bug]Goodra-Hisui||AssaultVest|SapSipper|HydroPump,DracoMeteor,HeavySlam,DragonPulse|||F|||50|,,,,,Stellar]Politoed||SitrusBerry|Drizzle|Protect,WeatherBall,HelpingHand,PerishSong|||F|||50|,,,,,Grass]Ludicolo||MysticWater|SwiftSwim|FakeOut,HydroPump,EnergyBall,Protect|||M|||50|,,,,,Stellar]Scizor||ClearAmulet|Technician|KnockOff,BulletPunch,BugBite,Protect|||M|||50|,,,,,Stellar]Tauros-Paldea-Aqua||SafetyGoggles|Intimidate|AquaJet,CloseCombat,WaveCrash,Protect|||M|||50|,,,,,Fighting
|showteam|p2|Archaludon||PowerHerb|Sturdy|ElectroShot,TeraBlast,DragonPulse,Protect|||M|||50|,,,,,Flying]Amoonguss||Leftovers|Regenerator|RagePowder,ClearSmog,Protect,Spore|||M|||50|,,,,,Water]Gholdengo||LifeOrb|GoodasGold|Protect,TeraBlast,NastyPlot,MakeItRain||||||50|,,,,,Water]Farigiraf||SitrusBerry|ArmorTail|TrickRoom,Protect,DazzlingGleam,AllySwitch|||M|||50|,,,,,Fairy]Hydreigon||ChoiceSpecs|Levitate|DarkPulse,EarthPower,DracoMeteor,HeatWave|||M|||50|,,,,,Fire]Whimsicott||FocusSash|Prankster|Protect,Moonblast,Tailwind,Encore|||M|||50|,,,,,Fire
|inactive|Battle timer is ON: inactive players will automatically lose when time's up. (requested by stittur##-)
|inactive|houseofpros has 60 seconds left.
|inactive|stittur##- has 60 seconds left.
|
|t:|1756961934
|teamsize|p1|4
|teamsize|p2|4
|start
|switch|p1a: Goodra|Goodra-Hisui, L50, F, shiny|100/100
|switch|p1b: Tauros|Tauros-Paldea-Aqua, L50, M|100/100
|switch|p2a: Hydreigon|Hydreigon, L50, M|100/100
|switch|p2b: Archaludon|Archaludon, L50, M|100/100
|-ability|p1b: Tauros|Intimidate|boost
|-unboost|p2a: Hydreigon|atk|1
|-unboost|p2b: Archaludon|atk|1
|turn|1
|inactive|houseofpros has 30 seconds left.
|inactive|stittur##- has 30 seconds left.
|
|t:|1756961961
|move|p2a: Hydreigon|Earth Power|p1a: Goodra
|-supereffective|p1a: Goodra
|-damage|p1a: Goodra|62/100
|move|p1b: Tauros|Close Combat|p2b: Archaludon
|-supereffective|p2b: Archaludon
|-ability|p2b: Archaludon|Sturdy
|-damage|p2b: Archaludon|1/100
|-unboost|p1b: Tauros|def|1
|-unboost|p1b: Tauros|spd|1
|move|p2b: Archaludon|Electro Shot||[still]
|-prepare|p2b: Archaludon|Electro Shot
|-boost|p2b: Archaludon|spa|1
|-enditem|p2b: Archaludon|Power Herb
|-anim|p2b: Archaludon|Electro Shot|p1b: Tauros
|-supereffective|p1b: Tauros
|-damage|p1b: Tauros|0 fnt
|faint|p1b: Tauros
|move|p1a: Goodra|Dragon Pulse|p2a: Hydreigon
|-supereffective|p2a: Hydreigon
|-damage|p2a: Hydreigon|6/100
|
|upkeep
|
|t:|1756961981
|switch|p1b: Amoonguss|Amoonguss, L50, F|100/100
|turn|2
|
|t:|1756962002
|switch|p2a: Whimsicott|Whimsicott, L50, M|100/100
|-terastallize|p1b: Amoonguss|Bug
|move|p2b: Archaludon|Protect|p2b: Archaludon
|-singleturn|p2b: Archaludon|Protect
|move|p1b: Amoonguss|Rage Powder|p1b: Amoonguss
|-singleturn|p1b: Amoonguss|move: Rage Powder
|move|p1a: Goodra|Dragon Pulse|p2b: Archaludon
|-activate|p2b: Archaludon|move: Protect
|
|upkeep
|turn|3
|inactive|stittur##- has 30 seconds left.
|inactive|stittur##- has 20 seconds left.
|inactive|stittur##- has 15 seconds left.
|
|t:|1756962044
|switch|p2b: Farigiraf|Farigiraf, L50, M|100/100
|move|p1b: Amoonguss|Rage Powder|p1b: Amoonguss
|-singleturn|p1b: Amoonguss|move: Rage Powder
|move|p2a: Whimsicott|Encore|p1a: Goodra
|-start|p1a: Goodra|Encore
|move|p1a: Goodra|Dragon Pulse|p2b: Farigiraf
|-damage|p2b: Farigiraf|58/100
|
|upkeep
|turn|4
|inactive|houseofpros has 30 seconds left.
|inactive|stittur##- has 30 seconds left.
|inactive|houseofpros has 20 seconds left.
|inactive|stittur##- has 20 seconds left.
|
|t:|1756962083
|switch|p2a: Hydreigon|Hydreigon, L50, M|6/100
|move|p2b: Farigiraf|Protect|p2b: Farigiraf
|-singleturn|p2b: Farigiraf|Protect
|move|p1a: Goodra|Dragon Pulse|p2a: Hydreigon
|-supereffective|p2a: Hydreigon
|-damage|p2a: Hydreigon|0 fnt
|faint|p2a: Hydreigon
|move|p1b: Amoonguss|Pollen Puff|p1a: Goodra
|-heal|p1a: Goodra|100/100
|
|upkeep
|c|☆stittur##-|Nice
|
|t:|1756962101
|switch|p2a: Whimsicott|Whimsicott, L50, M|100/100
|turn|5
|c|☆houseofpros|ty
|
|t:|1756962120
|-terastallize|p2b: Farigiraf|Fairy
|move|p2a: Whimsicott|Moonblast|p1a: Goodra
|-damage|p1a: Goodra|83/100
|-unboost|p1a: Goodra|spa|1
|move|p2b: Farigiraf|Dazzling Gleam|p1a: Goodra|[spread] p1a,p1b
|-damage|p1a: Goodra|71/100
|-damage|p1b: Amoonguss|80/100
|move|p1a: Goodra|Dragon Pulse|p2b: Farigiraf
|-immune|p2b: Farigiraf
|move|p1b: Amoonguss|Pollen Puff|p2b: Farigiraf
|-resisted|p2b: Farigiraf
|-damage|p2b: Farigiraf|44/100
|-enditem|p2b: Farigiraf|Sitrus Berry|[eat]
|-heal|p2b: Farigiraf|69/100|[from] item: Sitrus Berry
|
|-end|p1a: Goodra|Encore
|upkeep
|turn|6
|
|t:|1756962140
|switch|p1a: Politoed|Politoed, L50, F|100/100
|-weather|RainDance|[from] ability: Drizzle|[of] p1a: Politoed
|move|p2b: Farigiraf|Protect|p2b: Farigiraf
|-singleturn|p2b: Farigiraf|Protect
|move|p2a: Whimsicott|Encore||[still]
|-fail|p2a: Whimsicott
|move|p1b: Amoonguss|Pollen Puff|p1a: Politoed
|
|-weather|RainDance|[upkeep]
|upkeep
|turn|7
|inactive|houseofpros has 30 seconds left.
|inactive|houseofpros has 20 seconds left.
|
|t:|1756962177
|move|p2a: Whimsicott|Encore|p1b: Amoonguss
|-start|p1b: Amoonguss|Encore
|move|p1a: Politoed|Weather Ball|p2b: Farigiraf
|-crit|p2b: Farigiraf
|-damage|p2b: Farigiraf|3/100
|move|p2b: Farigiraf|Dazzling Gleam|p1a: Politoed|[spread] p1a,p1b
|-damage|p1a: Politoed|79/100
|-damage|p1b: Amoonguss|60/100
|move|p1b: Amoonguss|Pollen Puff|p2a: Whimsicott
|-crit|p2a: Whimsicott
|-damage|p2a: Whimsicott|28/100
|
|-weather|RainDance|[upkeep]
|upkeep
|turn|8
|c|☆houseofpros|AH
|c|☆houseofpros|mb on crits
|inactive|houseofpros has 30 seconds left.
|inactive|stittur##- has 30 seconds left.
|
|t:|1756962211
|move|p2a: Whimsicott|Moonblast|p1b: Amoonguss
|-damage|p1b: Amoonguss|30/100
|move|p1a: Politoed|Weather Ball|p2b: Farigiraf
|-damage|p2b: Farigiraf|0 fnt
|faint|p2b: Farigiraf
|move|p1b: Amoonguss|Pollen Puff|p2a: Whimsicott
|-damage|p2a: Whimsicott|0 fnt
|faint|p2a: Whimsicott
|
|-weather|RainDance|[upkeep]
|upkeep
|-message|stittur##- forfeited.
|
|win|houseofpros
|l|☆stittur##-
|player|p2|
||houseofpros is ready for game 2.
||stittur##- is ready for game 2.
|uhtml|next|Next: Game 2 of 3
