|j|☆oriozz
|j|☆talos2ba.g.
|html|oriozztalos2ba.g.    
|uhtml|bestof|Game 2 of a best-of-3
|t:|1783992831
|gametype|doubles
|player|p1|oriozz|101|1032
|player|p2|talos2ba.g.|allister|1095
|gen|9
|tier|[Gen 9 Champions] VGC 2026 Reg M-B (Bo3)
|rated|
|rule|Species Clause: Limit one of each Pokémon
|rule|Item Clause: Limit 1 of each item
|clearpoke
|poke|p1|Charizard, L50, M|
|poke|p1|Grimmsnarl, L50, M|
|poke|p1|Pelipper, L50, M|
|poke|p1|Archaludon, L50, F|
|poke|p1|Basculegion, L50, M|
|poke|p1|Venusaur, L50, M|
|poke|p2|Sneasler, L50, F, shiny|
|poke|p2|Sinistcha, L50|
|poke|p2|Talonflame, L50, M|
|poke|p2|Steelix, L50, M, shiny|
|poke|p2|Rotom-Wash, L50, shiny|
|poke|p2|Tyranitar, L50, F|
|teampreview|4
|showteam|p1|Charizard||CharizarditeY|Blaze|Protect,HeatWave,WeatherBall,SolarBeam|Timid||M|||50|]Grimmsnarl||LightClay|Prankster|SpiritBreak,Reflect,LightScreen,PartingShot|Careful||M|||50|]Pelipper||SitrusBerry|Drizzle|Hurricane,WeatherBall,Tailwind,WideGuard|Modest||M|||50|]Archaludon||Leftovers|Stamina|Protect,ElectroShot,DragonPulse,FlashCannon|Modest||F|||50|]Basculegion||ChoiceScarf|Adaptability|FlipTurn,WaveCrash,AquaJet,LastRespects|Jolly||M|||50|]Venusaur||FocusSash|Chlorophyll|Protect,SleepPowder,SludgeBomb,EarthPower|Modest||M|||50|
|showteam|p2|Sneasler||WhiteHerb|Unburden|Protect,CloseCombat,DireClaw,FakeOut|Jolly||F|||50|]Sinistcha||SitrusBerry|Hospitality|RagePowder,TrickRoom,MatchaGotcha,Protect|Bold|||||50|]Talonflame||LifeOrb|GaleWings|SwordsDance,Protect,BraveBird,FlareBlitz|Jolly||M|||50|]Steelix||Steelixite|RockHead|Protect,HeavySlam,HighHorsepower,WideGuard|Brave||M|||50|]Rotom-Wash||Leftovers|Levitate|WillOWisp,Thunderbolt,HydroPump,LightScreen|Modest|||||50|]Tyranitar||Tyranitarite|SandStream|Protect,RockSlide,KnockOff,DragonDance|Adamant||F|||50|
|inactive|Battle timer is ON: inactive players will automatically lose when time's up. (requested by oriozz)
|
|t:|1783992856
|teamsize|p1|4
|teamsize|p2|4
|start
|switch|p1a: Basculegion|Basculegion, L50, M|100/100
|switch|p1b: Pelipper|Pelipper, L50, M|100/100
|switch|p2a: Rotom|Rotom-Wash, L50, shiny|100/100
|switch|p2b: Sneasler|Sneasler, L50, F, shiny|100/100
|-weather|RainDance|[from] ability: Drizzle|[of] p1b: Pelipper
|turn|1
|inactive|oriozz has 30 seconds left.
|inactive|oriozz has 20 seconds left.
|
|t:|1783992891
|switch|p1a: Charizard|Charizard, L50, M|100/100
|move|p2b: Sneasler|Fake Out|p1b: Pelipper
|-damage|p1b: Pelipper|84/100
|move|p2a: Rotom|Thunderbolt|p1b: Pelipper
|-supereffective|p1b: Pelipper|2
|-crit|p1b: Pelipper
|-damage|p1b: Pelipper|0 fnt
|faint|p1b: Pelipper
|
|-weather|RainDance|[upkeep]
|upkeep
|
|t:|1783992904
|switch|p1b: Archaludon|Archaludon, L50, F|100/100
|turn|2
|
|t:|1783992923
|move|p1a: Charizard|Protect|p1a: Charizard
|-singleturn|p1a: Charizard|Protect
|move|p2b: Sneasler|Close Combat|p1b: Archaludon
|-supereffective|p1b: Archaludon|1
|-damage|p1b: Archaludon|2/100
|-unboost|p2b: Sneasler|def|1
|-unboost|p2b: Sneasler|spd|1
|-ability|p1b: Archaludon|Stamina|boost
|-boost|p1b: Archaludon|def|1
|-enditem|p2b: Sneasler|White Herb
|-clearnegativeboost|p2b: Sneasler|[silent]
|move|p2a: Rotom|Thunderbolt|p1a: Charizard
|-activate|p1a: Charizard|move: Protect
|move|p1b: Archaludon|Electro Shot||[still]
|-prepare|p1b: Archaludon|Electro Shot
|-boost|p1b: Archaludon|spa|1
|-anim|p1b: Archaludon|Electro Shot|p2a: Rotom
|-damage|p2a: Rotom|22/100
|
|-weather|RainDance|[upkeep]
|-heal|p2a: Rotom|29/100|[from] item: Leftovers
|-heal|p1b: Archaludon|8/100|[from] item: Leftovers
|upkeep
|turn|3
|inactive|oriozz has 30 seconds left.
|inactive|oriozz has 20 seconds left.
|
|t:|1783992959
|detailschange|p1a: Charizard|Charizard-Mega-Y, L50, M
|-mega|p1a: Charizard|Charizard|Charizardite Y
|-weather|SunnyDay|[from] ability: Drought|[of] p1a: Charizard
|move|p1b: Archaludon|Protect|p1b: Archaludon
|-singleturn|p1b: Archaludon|Protect
|move|p2b: Sneasler|Close Combat|p1b: Archaludon
|-activate|p1b: Archaludon|move: Protect
|move|p1a: Charizard|Heat Wave|p2a: Rotom|[spread] p2a
|-miss|p1a: Charizard|p2b: Sneasler
|-resisted|p2a: Rotom|1
|-damage|p2a: Rotom|0 fnt
|faint|p2a: Rotom
|
|-weather|SunnyDay|[upkeep]
|-heal|p1b: Archaludon|14/100|[from] item: Leftovers
|upkeep
|
|t:|1783992965
|switch|p2a: Tyranitar|Tyranitar, L50, F|100/100
|-weather|Sandstorm|[from] ability: Sand Stream|[of] p2a: Tyranitar
|turn|4
|inactive|oriozz has 30 seconds left.
|inactive|talos2ba.g. has 30 seconds left.
|
|t:|1783992995
|switch|p1b: Basculegion|Basculegion, L50, M|100/100
|move|p1a: Charizard|Protect|p1a: Charizard
|-singleturn|p1a: Charizard|Protect
|move|p2b: Sneasler|Close Combat|p1b: Basculegion
|-immune|p1b: Basculegion
|move|p2a: Tyranitar|Dragon Dance|p2a: Tyranitar
|-boost|p2a: Tyranitar|atk|1
|-boost|p2a: Tyranitar|spe|1
|
|-weather|Sandstorm|[upkeep]
|-damage|p2b: Sneasler|94/100|[from] Sandstorm
|-damage|p1b: Basculegion|93/100|[from] Sandstorm
|-damage|p1a: Charizard|94/100|[from] Sandstorm
|upkeep
|turn|5
|inactive|oriozz has 30 seconds left.
|
|t:|1783993020
|move|p2b: Sneasler|Dire Claw|p1b: Basculegion
|-resisted|p1b: Basculegion|1
|-damage|p1b: Basculegion|68/100
|move|p1b: Basculegion|Wave Crash|p2a: Tyranitar
|-supereffective|p2a: Tyranitar|1
|-damage|p2a: Tyranitar|0 fnt
|faint|p2a: Tyranitar
|-damage|p1b: Basculegion|36/100|[from] Recoil
|move|p1a: Charizard|Heat Wave|p2b: Sneasler
|-damage|p2b: Sneasler|13/100
|
|-weather|Sandstorm|[upkeep]
|-damage|p2b: Sneasler|7/100|[from] Sandstorm
|-damage|p1b: Basculegion|29/100|[from] Sandstorm
|-damage|p1a: Charizard|88/100|[from] Sandstorm
|upkeep
|
|t:|1783993027
|switch|p2a: Steelix|Steelix, L50, M, shiny|100/100
|turn|6
|inactive|oriozz has 30 seconds left.
|
|t:|1783993058
|switch|p1b: Archaludon|Archaludon, L50, F|14/100
|detailschange|p2a: Steelix|Steelix-Mega, L50, M, shiny
|-mega|p2a: Steelix|Steelix|Steelixite
|move|p2b: Sneasler|Dire Claw|p1a: Charizard
|-damage|p1a: Charizard|31/100
|move|p1a: Charizard|Weather Ball|p2b: Sneasler
|-resisted|p2b: Sneasler|1
|-damage|p2b: Sneasler|0 fnt
|faint|p2b: Sneasler
|move|p2a: Steelix|Heavy Slam|p1a: Charizard
|-resisted|p1a: Charizard|1
|-damage|p1a: Charizard|0 fnt
|faint|p1a: Charizard
|
|-weather|Sandstorm|[upkeep]
|-heal|p1b: Archaludon|20/100y|[from] item: Leftovers
|upkeep
|
|t:|1783993073
|switch|p1a: Basculegion|Basculegion, L50, M|29/100
|turn|7
|
|t:|1783993096
|move|p1a: Basculegion|Wave Crash|p2a: Steelix
|-supereffective|p2a: Steelix|1
|-damage|p2a: Steelix|25/100
|-damage|p1a: Basculegion|7/100|[from] Recoil
|move|p1b: Archaludon|Dragon Pulse|p2a: Steelix
|-resisted|p2a: Steelix|1
|-damage|p2a: Steelix|5/100
|move|p2a: Steelix|Heavy Slam|p1a: Basculegion
|-resisted|p1a: Basculegion|1
|-damage|p1a: Basculegion|0 fnt
|faint|p1a: Basculegion
|
|-weather|Sandstorm|[upkeep]
|-heal|p1b: Archaludon|26/100|[from] item: Leftovers
|upkeep
|turn|8
|-message|talos2ba.g. forfeited.
|
|win|oriozz
|raw|oriozz's rating: 1032 → 1074(+42 for winning)
|raw|talos2ba.g.'s rating: 1095 → 1066(-29 for losing)
|l|☆talos2ba.g.
|player|p2|
