|j|☆Chocokoala VGC
|j|☆echofire
|html|Chocokoala VGCechofire    
|uhtml|bestof|Game 2 of a best-of-3
|t:|1782493612
|gametype|doubles
|player|p1|Chocokoala VGC|aaron|1300
|player|p2|echofire|emma-lza|1303
|gen|9
|tier|[Gen 9 Champions] VGC 2026 Reg M-B (Bo3)
|rated|
|rule|Species Clause: Limit one of each Pokémon
|rule|Item Clause: Limit 1 of each item
|clearpoke
|poke|p1|Scrafty, L50, F, shiny|
|poke|p1|Farigiraf, L50, M|
|poke|p1|Whimsicott, L50, F|
|poke|p1|Gholdengo, L50|
|poke|p1|Raichu, L50, F, shiny|
|poke|p1|Volcarona, L50, F|
|poke|p2|Swampert, L50, M, shiny|
|poke|p2|Archaludon, L50, F, shiny|
|poke|p2|Pelipper, L50, M, shiny|
|poke|p2|Metagross, L50, shiny|
|poke|p2|Sinistcha-Masterpiece, L50, shiny|
|poke|p2|Grimmsnarl, L50, M, shiny|
|teampreview|4
|showteam|p1|Scrafty||Scraftinite|Intimidate|FakeOut,KnockOff,Protect,DrainPunch|Adamant||F|||50|]Farigiraf||SitrusBerry|ArmorTail|Psychic,HelpingHand,Protect,TrickRoom|Bold||M|||50|]Whimsicott||FocusSash|Prankster|Tailwind,FakeTears,Encore,Moonblast|Timid||F|||50|]Gholdengo||LifeOrb|GoodasGold|MakeItRain,ShadowBall,Protect,NastyPlot|Modest|||||50|]Raichu||RaichuniteY|LightningRod|ZapCannon,FocusBlast,Protect,GrassKnot|Timid||F|||50|]Volcarona||Leftovers|FlameBody|RagePowder,HeatWave,Protect,StruggleBug|Timid||F|||50|
|showteam|p2|Swampert||Swampertite|Damp|WaveCrash,Earthquake,IcePunch,Protect|Adamant||M|||50|]Archaludon||Leftovers|Stamina|ElectroShot,DragonPulse,FlashCannon,Protect|Calm||F|||50|]Pelipper||DampRock|Drizzle|Hurricane,Tailwind,WeatherBall,Protect|Calm||M|||50|]Metagross||Metagrossite|ClearBody|MeteorMash,BulletPunch,PsychicFangs,Protect|Adamant|||||50|]Sinistcha-Masterpiece||SitrusBerry|Hospitality|MatchaGotcha,LifeDew,RagePowder,Protect|Bold|||||50|]Grimmsnarl||LightClay|Prankster|SpiritBreak,PartingShot,Reflect,LightScreen|Careful||M|||50|
|inactive|Battle timer is ON: inactive players will automatically lose when time's up. (requested by Chocokoala VGC)
|
|t:|1782493633
|teamsize|p1|4
|teamsize|p2|4
|start
|switch|p1a: Whimsicott|Whimsicott, L50, F|100/100
|switch|p1b: Raichu|Raichu, L50, F, shiny|100/100
|switch|p2a: Golden Gate|Archaludon, L50, F, shiny|100/100
|switch|p2b: Grinch|Grimmsnarl, L50, M, shiny|100/100
|turn|1
|
|t:|1782493647
|detailschange|p1b: Raichu|Raichu-Mega-Y, L50, F, shiny
|-mega|p1b: Raichu|Raichu|Raichunite Y
|move|p1a: Whimsicott|Fake Tears|p2a: Golden Gate
|-unboost|p2a: Golden Gate|spd|2
|move|p2b: Grinch|Light Screen|p2b: Grinch
|-sidestart|p2: echofire|move: Light Screen
|move|p1b: Raichu|Focus Blast|p2a: Golden Gate
|-supereffective|p2a: Golden Gate|1
|-damage|p2a: Golden Gate|0 fnt
|faint|p2a: Golden Gate
|
|upkeep
|
|t:|1782493655
|switch|p2a: Lil man man|Swampert, L50, M, shiny|100/100
|turn|2
|
|t:|1782493667
|detailschange|p2a: Lil man man|Swampert-Mega, L50, M, shiny
|-mega|p2a: Lil man man|Swampert|Swampertite
|move|p1b: Raichu|Protect|p1b: Raichu
|-singleturn|p1b: Raichu|Protect
|move|p1a: Whimsicott|Tailwind|p1a: Whimsicott
|-sidestart|p1: Chocokoala VGC|move: Tailwind
|move|p2a: Lil man man|Ice Punch|p1a: Whimsicott
|-supereffective|p1a: Whimsicott|1
|-damage|p1a: Whimsicott|18/100
|move|p2b: Grinch|Spirit Break|p1a: Whimsicott
|-damage|p1a: Whimsicott|0 fnt
|faint|p1a: Whimsicott
|
|upkeep
|
|t:|1782493682
|switch|p1a: Volcarona|Volcarona, L50, F|100/100
|turn|3
|
|t:|1782493705
|move|p2b: Grinch|Parting Shot|p1b: Raichu
|-unboost|p1b: Raichu|atk|1
|-unboost|p1b: Raichu|spa|1
|
|t:|1782493707
|switch|p2b: Jonathan Pepper|Pelipper, L50, M, shiny|100/100|[from] Parting Shot
|-weather|RainDance|[from] ability: Drizzle|[of] p2b: Jonathan Pepper
|move|p1b: Raichu|Grass Knot|p2a: Lil man man
|-supereffective|p2a: Lil man man|2
|-damage|p2a: Lil man man|41/100
|move|p1a: Volcarona|Struggle Bug|p2b: Jonathan Pepper|[spread] p2a,p2b
|-resisted|p2b: Jonathan Pepper|1
|-damage|p2a: Lil man man|31/100
|-damage|p2b: Jonathan Pepper|93/100
|-unboost|p2a: Lil man man|spa|1
|-unboost|p2b: Jonathan Pepper|spa|1
|move|p2a: Lil man man|Earthquake|p1a: Volcarona|[spread] p1a,p1b
|-immune|p2b: Jonathan Pepper
|-supereffective|p1b: Raichu|1
|-damage|p1a: Volcarona|45/100
|-damage|p1b: Raichu|0 fnt
|faint|p1b: Raichu
|
|-weather|RainDance|[upkeep]
|-heal|p1a: Volcarona|51/100|[from] item: Leftovers
|upkeep
|
|t:|1782493725
|switch|p1b: Gholdengo|Gholdengo, L50|100/100
|turn|4
|
|t:|1782493734
|move|p2a: Lil man man|Protect|p2a: Lil man man
|-singleturn|p2a: Lil man man|Protect
|move|p1a: Volcarona|Rage Powder|p1a: Volcarona
|-singleturn|p1a: Volcarona|move: Rage Powder
|move|p1b: Gholdengo|Shadow Ball|p2a: Lil man man
|-activate|p2a: Lil man man|move: Protect
|move|p2b: Jonathan Pepper|Tailwind|p2b: Jonathan Pepper
|-sidestart|p2: echofire|move: Tailwind
|
|-weather|RainDance|[upkeep]
|-heal|p1a: Volcarona|57/100|[from] item: Leftovers
|upkeep
|turn|5
|
|t:|1782493747
|move|p1a: Volcarona|Rage Powder|p1a: Volcarona
|-singleturn|p1a: Volcarona|move: Rage Powder
|move|p2a: Lil man man|Earthquake|p1a: Volcarona|[spread] p1a,p1b
|-immune|p2b: Jonathan Pepper
|-supereffective|p1b: Gholdengo|1
|-damage|p1a: Volcarona|10/100
|-damage|p1b: Gholdengo|0 fnt
|faint|p1b: Gholdengo
|move|p2b: Jonathan Pepper|Weather Ball|p1a: Volcarona
|-supereffective|p1a: Volcarona|1
|-damage|p1a: Volcarona|0 fnt
|faint|p1a: Volcarona
|
|win|echofire
