|j|☆PSKira
|j|☆quackers246
|html|PSKiraquackers246    
|uhtml|bestof|Game 2 of a best-of-3
|t:|1756576604
|gametype|doubles
|player|p1|PSKira|ghetsis-gen5bw|
|player|p2|quackers246|ghetsis|
|gen|9
|tier|[Gen 9] VGC 2025 Reg H (Bo3)
|rule|Species Clause: Limit one of each Pokémon
|rule|Item Clause: Limit 1 of each item
|clearpoke
|poke|p1|Cloyster, L50, F|
|poke|p1|Basculegion, L50, M|
|poke|p1|Pelipper, L50, F|
|poke|p1|Amoonguss, L50, F|
|poke|p1|Ursaluna-Bloodmoon, L50, M|
|poke|p1|Gholdengo, L50|
|poke|p2|Volbeat, L50, M|
|poke|p2|Tinkaton, L50, F|
|poke|p2|Amoonguss, L50, M|
|poke|p2|Charizard, L50, M|
|poke|p2|Whimsicott, L50, M|
|poke|p2|Mimikyu, L50, M|
|teampreview|4
|showteam|p1|Cloyster||WhiteHerb|SkillLink|ShellSmash,IcicleSpear,Protect,HydroPump|||F|||50|,,,,,Grass]Basculegion||ChoiceBand|SwiftSwim|LastRespects,WaveCrash,AquaJet,PsychicFangs|||M|||50|,,,,,Ghost]Pelipper||FocusSash|Drizzle|Tailwind,WeatherBall,Hurricane,WideGuard|||F|||50|,,,,,Ghost]Amoonguss||RockyHelmet|EffectSpore|Spore,SludgeBomb,RagePowder,PollenPuff|||F|||50|,,,,,Water]Ursaluna-Bloodmoon||LifeOrb|MindsEye|BloodMoon,HyperVoice,EarthPower,Protect|||M|||50|,,,,,Normal]Gholdengo||MetalCoat|GoodasGold|MakeItRain,ShadowBall,NastyPlot,Protect||||||50|,,,,,Dragon
|showteam|p2|Volbeat||FocusSash|Prankster|Tailwind,Swagger,LightScreen,ThunderWave|||M|||50|,,,,,Water]Tinkaton||LifeOrb|OwnTempo|GigatonHammer,FakeOut,PlayRough,Protect|||F|||50|,,,,,Grass]Amoonguss||Leftovers|EffectSpore|PollenPuff,RagePowder,Protect,Spore|||M|||50|,,,,,Water]Charizard||ChoiceScarf|SolarPower|DragonPulse,DragonDance,Flamethrower,SunnyDay|||M|||50|,,,,,Dragon]Whimsicott||RockyHelmet|Prankster|Tailwind,SunnyDay,Moonblast,EnergyBall|||M|||50|,,,,,Electric]Mimikyu||ClearAmulet|Disguise|PlayRough,ShadowClaw,SwordsDance,XScissor|||M|||50|,,,,,Steel
|
|t:|1756576638
|teamsize|p1|4
|teamsize|p2|4
|start
|switch|p1a: Pelipper|Pelipper, L50, F, shiny|100/100
|switch|p1b: Basculegion|Basculegion, L50, M, shiny|100/100
|switch|p2a: Whimsicott|Whimsicott, L50, M, shiny|100/100
|switch|p2b: Mimikyu|Mimikyu, L50, M, shiny|100/100
|-weather|RainDance|[from] ability: Drizzle|[of] p1a: Pelipper
|turn|1
|
|t:|1756576669
|move|p1b: Basculegion|Last Respects|p2b: Mimikyu
|-activate|p2b: Mimikyu|ability: Disguise
|-damage|p2b: Mimikyu|100/100
|detailschange|p2b: Mimikyu|Mimikyu-Busted, L50, M, shiny
|-damage|p2b: Mimikyu|88/100|[from] pokemon: Mimikyu-Busted
|move|p2a: Whimsicott|Energy Ball|p1b: Basculegion
|-supereffective|p1b: Basculegion
|-damage|p1b: Basculegion|20/100
|move|p2b: Mimikyu|Swords Dance|p2b: Mimikyu
|-boost|p2b: Mimikyu|atk|2
|move|p1a: Pelipper|Tailwind|p1a: Pelipper
|-sidestart|p1: PSKira|move: Tailwind
|
|-weather|RainDance|[upkeep]
|upkeep
|turn|2
|
|t:|1756576693
|-terastallize|p2b: Mimikyu|Steel
|move|p2a: Whimsicott|Sunny Day|p2a: Whimsicott
|-weather|SunnyDay
|move|p1b: Basculegion|Last Respects|p2b: Mimikyu
|-damage|p2b: Mimikyu|23/100
|move|p1a: Pelipper|Weather Ball|p2a: Whimsicott
|-supereffective|p2a: Whimsicott
|-damage|p2a: Whimsicott|0 fnt
|faint|p2a: Whimsicott
|move|p2b: Mimikyu|Play Rough|p1a: Pelipper
|-damage|p1a: Pelipper|21/100
|
|-weather|SunnyDay|[upkeep]
|upkeep
|
|t:|1756576700
|switch|p2a: Volbeat|Volbeat, L50, M, shiny|100/100
|turn|3
|
|t:|1756576726
|move|p2a: Volbeat|Tailwind|p2a: Volbeat
|-sidestart|p2: quackers246|move: Tailwind
|move|p2b: Mimikyu|Shadow Claw|p1b: Basculegion
|-supereffective|p1b: Basculegion
|-damage|p1b: Basculegion|0 fnt
|faint|p1b: Basculegion
|move|p1a: Pelipper|Weather Ball|p2a: Volbeat
|-supereffective|p2a: Volbeat
|-damage|p2a: Volbeat|17/100
|
|-weather|SunnyDay|[upkeep]
|upkeep
|
|t:|1756576738
|switch|p1b: Ursaluna|Ursaluna-Bloodmoon, L50, M|100/100
|turn|4
|
|t:|1756576766
|move|p2a: Volbeat|Light Screen|p2a: Volbeat
|-sidestart|p2: quackers246|move: Light Screen
|move|p2b: Mimikyu|Play Rough|p1b: Ursaluna|[miss]
|-miss|p2b: Mimikyu|p1b: Ursaluna
|move|p1a: Pelipper|Weather Ball|p2a: Volbeat
|-supereffective|p2a: Volbeat
|-damage|p2a: Volbeat|0 fnt
|faint|p2a: Volbeat
|move|p1b: Ursaluna|Earth Power|p2b: Mimikyu
|-supereffective|p2b: Mimikyu
|-damage|p2b: Mimikyu|0 fnt
|faint|p2b: Mimikyu
|-damage|p1b: Ursaluna|90/100|[from] item: Life Orb
|
|-weather|SunnyDay|[upkeep]
|-sideend|p1: PSKira|move: Tailwind
|upkeep
|
|t:|1756576775
|switch|p2b: Tinkaton|Tinkaton, L50, F, shiny|100/100
|turn|5
|
|t:|1756576795
|-terastallize|p1a: Pelipper|Ghost
|move|p1b: Ursaluna|Protect|p1b: Ursaluna
|-singleturn|p1b: Ursaluna|Protect
|move|p2b: Tinkaton|Gigaton Hammer|p1b: Ursaluna
|-activate|p1b: Ursaluna|move: Protect
|move|p1a: Pelipper|Tailwind|p1a: Pelipper
|-sidestart|p1: PSKira|move: Tailwind
|
|-weather|SunnyDay|[upkeep]
|upkeep
|turn|6
|
|t:|1756576808
|move|p2b: Tinkaton|Play Rough|p1a: Pelipper
|-damage|p1a: Pelipper|0 fnt
|faint|p1a: Pelipper
|-damage|p2b: Tinkaton|91/100|[from] item: Life Orb
|move|p1b: Ursaluna|Blood Moon|p2b: Tinkaton
|-resisted|p2b: Tinkaton
|-damage|p2b: Tinkaton|55/100
|-damage|p1b: Ursaluna|80/100|[from] item: Life Orb
|
|-weather|none
|-sideend|p2: quackers246|move: Tailwind
|upkeep
|
|t:|1756576821
|switch|p1a: Gholdengo|Gholdengo, L50|100/100
|turn|7
|
|t:|1756576834
|move|p1a: Gholdengo|Shadow Ball|p2b: Tinkaton
|-damage|p2b: Tinkaton|26/100
|move|p2b: Tinkaton|Gigaton Hammer|p1a: Gholdengo
|-resisted|p1a: Gholdengo
|-damage|p1a: Gholdengo|55/100
|-damage|p2b: Tinkaton|16/100|[from] item: Life Orb
|move|p1b: Ursaluna|Earth Power|p2b: Tinkaton
|-supereffective|p2b: Tinkaton
|-damage|p2b: Tinkaton|0 fnt
|faint|p2b: Tinkaton
|-damage|p1b: Ursaluna|70/100|[from] item: Life Orb
|
|win|PSKira
