|j|☆tinesofpower22
|j|☆NoiceDynamite
|html|tinesofpower22NoiceDynamite    
|uhtml|bestof|Game 2 of a best-of-3
|t:|1757816012
|gametype|doubles
|player|p1|tinesofpower22|pokekid|1000
|player|p2|NoiceDynamite|cynthia|1012
|gen|9
|tier|[Gen 9] VGC 2025 Reg H (Bo3)
|rated|
|rule|Species Clause: Limit one of each Pokémon
|rule|Item Clause: Limit 1 of each item
|clearpoke
|poke|p1|Porygon2, L50|
|poke|p1|Ursaluna, L50, M|
|poke|p1|Amoonguss, L50, M|
|poke|p1|Kingambit, L50, M|
|poke|p1|Farigiraf, L50, M|
|poke|p1|Incineroar, L50, M|
|poke|p2|Garchomp, L50, F|
|poke|p2|Gholdengo, L50|
|poke|p2|Weezing-Galar, L50, F|
|poke|p2|Talonflame, L50, F|
|poke|p2|Archaludon, L50, F|
|poke|p2|Annihilape, L50, F|
|teampreview|4
|showteam|p1|Porygon2||Eviolite|Download|TrickRoom,TriAttack,IceBeam,Recover||||||50|,,,,,Normal]Ursaluna||FlameOrb|Guts|Protect,Facade,DrainPunch,HeadlongRush|||M|||50|,,,,,Ground]Amoonguss||SitrusBerry|Regenerator|PollenPuff,Spore,RagePowder,Protect|||M|||50|,,,,,Grass]Kingambit||LifeOrb|Defiant|KowtowCleave,Protect,IronHead,SuckerPunch|||M|||50|,,,,,Dark]Farigiraf||ThroatSpray|ArmorTail|TrickRoom,HyperVoice,Psychic,Protect|||M|||50|,,,,,Normal]Incineroar||SafetyGoggles|Intimidate|FlareBlitz,KnockOff,FakeOut,PartingShot|||M|||50|,,,,,Fire
|showteam|p2|Garchomp||LifeOrb|RoughSkin|DragonClaw,Earthquake,StompingTantrum,Protect|||F|||50|,,,,,Ground]Gholdengo||ChoiceSpecs|GoodasGold|DazzlingGleam,ShadowBall,PowerGem,MakeItRain||||||50|,,,,,Fairy]Weezing-Galar||FocusSash|NeutralizingGas|Protect,SludgeBomb,StrangeSteam,Taunt|||F|||50|,,,,,Flying]Talonflame||CovertCloak|GaleWings|Tailwind,DualWingbeat,WillOWisp,FlareBlitz|||F|||50|,,,,,Stellar]Archaludon||PowerHerb|Sturdy|ElectroShot,Thunderbolt,DracoMeteor,Protect|||F|||50|,,,,,Electric]Annihilape||AssaultVest|Defiant|CloseCombat,RageFist,FinalGambit,IcePunch|||F|||50|,,,,,Grass
|inactive|Battle timer is ON: inactive players will automatically lose when time's up. (requested by tinesofpower22)
|
|t:|1757816039
|teamsize|p1|4
|teamsize|p2|4
|start
|switch|p1a: Porygon2|Porygon2, L50|100/100
|switch|p1b: Ursaluna|Ursaluna, L50, M|100/100
|switch|p2a: Annihilape|Annihilape, L50, F|100/100
|switch|p2b: Garchomp|Garchomp, L50, F|100/100
|-ability|p1a: Porygon2|Download|boost
|-boost|p1a: Porygon2|spa|1
|turn|1
|inactive|NoiceDynamite has 30 seconds left.
|
|t:|1757816070
|move|p2b: Garchomp|Dragon Claw|p1a: Porygon2
|-damage|p1a: Porygon2|64/100
|-damage|p2b: Garchomp|91/100|[from] item: Life Orb
|move|p2a: Annihilape|Close Combat|p1a: Porygon2
|-supereffective|p1a: Porygon2
|-damage|p1a: Porygon2|0 fnt
|-unboost|p2a: Annihilape|def|1
|-unboost|p2a: Annihilape|spd|1
|faint|p1a: Porygon2
|move|p1b: Ursaluna|Headlong Rush|p2a: Annihilape
|-damage|p2a: Annihilape|0 fnt
|-unboost|p1b: Ursaluna|def|1
|-unboost|p1b: Ursaluna|spd|1
|faint|p2a: Annihilape
|
|-status|p1b: Ursaluna|brn|[from] item: Flame Orb
|upkeep
|
|t:|1757816090
|switch|p2a: Weezing|Weezing-Galar, L50, F|100/100
|switch|p1a: Incineroar|Incineroar, L50, M|100/100
|-ability|p2a: Weezing|Neutralizing Gas
|turn|2
|
|t:|1757816116
|move|p2a: Weezing|Protect|p2a: Weezing
|-singleturn|p2a: Weezing|Protect
|move|p1a: Incineroar|Fake Out|p2a: Weezing
|-activate|p2a: Weezing|move: Protect
|move|p2b: Garchomp|Earthquake|p1b: Ursaluna|[spread] p1a,p1b
|-activate|p2a: Weezing|move: Protect
|-supereffective|p1a: Incineroar
|-damage|p1a: Incineroar|2/100
|-damage|p1b: Ursaluna|43/100 brn
|-damage|p2b: Garchomp|81/100|[from] item: Life Orb
|move|p1b: Ursaluna|Facade|p2b: Garchomp
|-damage|p2b: Garchomp|0 fnt
|faint|p2b: Garchomp
|
|-damage|p1b: Ursaluna|37/100 brn|[from] brn
|upkeep
|
|t:|1757816129
|switch|p2b: Gholdengo|Gholdengo, L50|100/100
|turn|3
|
|t:|1757816151
|switch|p1a: Amoonguss|Amoonguss, L50, M|100/100
|move|p1b: Ursaluna|Protect|p1b: Ursaluna
|-singleturn|p1b: Ursaluna|Protect
|move|p2b: Gholdengo|Dazzling Gleam|p1a: Amoonguss|[spread] p1a
|-activate|p1b: Ursaluna|move: Protect
|-resisted|p1a: Amoonguss
|-damage|p1a: Amoonguss|91/100
|move|p2a: Weezing|Strange Steam|p1b: Ursaluna
|-activate|p1b: Ursaluna|move: Protect
|
|-damage|p1b: Ursaluna|31/100 brn|[from] brn
|upkeep
|turn|4
|inactive|tinesofpower22 has 30 seconds left.
|
|t:|1757816178
|switch|p1b: Incineroar|Incineroar, L50, M|2/100
|-terastallize|p2a: Weezing|Flying
|move|p2b: Gholdengo|Dazzling Gleam|p1a: Amoonguss|[spread] p1a,p1b
|-resisted|p1a: Amoonguss
|-damage|p1a: Amoonguss|81/100
|-damage|p1b: Incineroar|0 fnt
|faint|p1b: Incineroar
|move|p2a: Weezing|Taunt|p1a: Amoonguss
|-start|p1a: Amoonguss|move: Taunt
|cant|p1a: Amoonguss|move: Taunt|Spore
|
|upkeep
|
|t:|1757816189
|switch|p1b: Ursaluna|Ursaluna, L50, M|31/100 brn
|turn|5
|
|t:|1757816200
|move|p2b: Gholdengo|Dazzling Gleam|p1a: Amoonguss|[spread] p1a,p1b
|-resisted|p1a: Amoonguss
|-damage|p1a: Amoonguss|70/100
|-damage|p1b: Ursaluna|3/100 brn
|move|p2a: Weezing|Sludge Bomb|p1a: Amoonguss
|-damage|p1a: Amoonguss|43/100
|-enditem|p1a: Amoonguss|Sitrus Berry|[eat]
|-heal|p1a: Amoonguss|68/100|[from] item: Sitrus Berry
|move|p1b: Ursaluna|Headlong Rush|p2b: Gholdengo
|-supereffective|p2b: Gholdengo
|-damage|p2b: Gholdengo|20/100
|-unboost|p1b: Ursaluna|def|1
|-unboost|p1b: Ursaluna|spd|1
|move|p1a: Amoonguss|Pollen Puff|p2a: Weezing
|-resisted|p2a: Weezing
|-damage|p2a: Weezing|86/100
|
|-damage|p1b: Ursaluna|0 fnt|[from] brn
|faint|p1b: Ursaluna
|upkeep
|turn|6
|
|t:|1757816221
|move|p2b: Gholdengo|Dazzling Gleam|p1a: Amoonguss
|-resisted|p1a: Amoonguss
|-damage|p1a: Amoonguss|54/100
|move|p2a: Weezing|Sludge Bomb|p1a: Amoonguss
|-damage|p1a: Amoonguss|29/100
|move|p1a: Amoonguss|Pollen Puff|p2b: Gholdengo
|-resisted|p2b: Gholdengo
|-damage|p2b: Gholdengo|15/100
|
|-end|p1a: Amoonguss|move: Taunt
|upkeep
|turn|7
|
|t:|1757816235
|move|p2b: Gholdengo|Dazzling Gleam|p1a: Amoonguss
|-resisted|p1a: Amoonguss
|-damage|p1a: Amoonguss|15/100
|move|p2a: Weezing|Sludge Bomb|p1a: Amoonguss
|-damage|p1a: Amoonguss|0 fnt
|faint|p1a: Amoonguss
|
|win|NoiceDynamite
|raw|tinesofpower22's rating: 1000 → 1000(+0 for losing)
|raw|NoiceDynamite's rating: 1012 → 1049(+37 for winning)
|l|☆tinesofpower22
|player|p1|
