|j|☆Wooperdooperpooper
|j|☆the_ag_is_real
|html|Wooperdooperpooperthe_ag_is_real    
|uhtml|bestof|Game 2 of a best-of-3
|t:|1754739753
|gametype|doubles
|player|p1|Wooperdooperpooper|ninjaboy|1295
|player|p2|the_ag_is_real|rika|1285
|gen|9
|tier|[Gen 9] VGC 2025 Reg H (Bo3)
|rated|
|rule|Species Clause: Limit one of each Pokémon
|rule|Item Clause: Limit 1 of each item
|clearpoke
|poke|p1|Charizard, L50, M|
|poke|p1|Indeedee-F, L50, F|
|poke|p1|Ursaluna, L50, F|
|poke|p1|Torkoal, L50, M|
|poke|p1|Gallade, L50, M|
|poke|p1|Hatterene, L50, F|
|poke|p2|Dondozo, L50, F|
|poke|p2|Sneasler, L50, M|
|poke|p2|Rillaboom, L50, M|
|poke|p2|Electabuzz, L50, M|
|poke|p2|Kingambit, L50, M|
|poke|p2|Volcarona, L50, F|
|teampreview|4
|showteam|p1|Charizard||ChoiceScarf|SolarPower|HeatWave,Overheat,WeatherBall,ScorchingSands|||M|||50|,,,,,Fire]Indeedee-F||SafetyGoggles|PsychicSurge|DazzlingGleam,FollowMe,TrickRoom,HelpingHand|||F|||50|,,,,,Fairy]Ursaluna||FlameOrb|Guts|HeadlongRush,Facade,RockSlide,Protect|||F|||50|,,,,,Dragon]Torkoal||Charcoal|Drought|Eruption,Overheat,HelpingHand,Protect|||M|||50|,,,,,Fire]Gallade||ClearAmulet|Sharpness|SacredSword,PsychoCut,TrickRoom,WideGuard|||M|||50|,,,,,Grass]Hatterene||LifeOrb|MagicBounce|ExpandingForce,DazzlingGleam,TrickRoom,Protect|||F|||50|,,,,,Water
|showteam|p2|Dondozo||Leftovers|Unaware|Liquidation,Yawn,Fissure,Protect|||F|||50|,,,,,Poison]Sneasler||FocusSash|PoisonTouch|DireClaw,CloseCombat,Coaching,Protect|||M|||50|,,,,,Stellar]Rillaboom||AssaultVest|GrassySurge|FakeOut,WoodHammer,GrassyGlide,HighHorsepower|||M|||50|,,,,,Fire]Electabuzz||Eviolite|VitalSpirit|FollowMe,Thunderbolt,Taunt,Protect|||M|||50|,,,,,Ghost]Kingambit||BlackGlasses|Defiant|SuckerPunch,KowtowCleave,SwordsDance,Protect|||M|||50|,,,,,Dark]Volcarona||CovertCloak|FlameBody|HeatWave,TeraBlast,QuiverDance,Protect|||F|||50|,,,,,Fairy
|inactive|Battle timer is ON: inactive players will automatically lose when time's up. (requested by the_ag_is_real)
|inactive|Wooperdooperpooper also wants the timer to be on.
|inactive|the_ag_is_real has 60 seconds left.
|
|t:|1754739793
|teamsize|p1|4
|teamsize|p2|4
|start
|switch|p1a: Charizard|Charizard, L50, M|100/100
|switch|p1b: Indeedee|Indeedee-F, L50, F|100/100
|switch|p2a: Vegeta|Sneasler, L50, M|100/100
|switch|p2b: Electabuzz|Electabuzz, L50, M|100/100
|-fieldstart|move: Psychic Terrain|[from] ability: Psychic Surge|[of] p1b: Indeedee
|turn|1
|inactive|Wooperdooperpooper has 30 seconds left.
|
|t:|1754739824
|switch|p1b: Torkoal|Torkoal, L50, M|100/100
|-weather|SunnyDay|[from] ability: Drought|[of] p1b: Torkoal
|-terastallize|p1a: Charizard|Fire
|move|p1a: Charizard|Heat Wave|p2b: Electabuzz|[spread] p2a,p2b
|-enditem|p2a: Vegeta|Focus Sash
|-damage|p2a: Vegeta|1/100
|-damage|p2b: Electabuzz|43/100
|-status|p2a: Vegeta|brn
|move|p2a: Vegeta|Dire Claw|p1a: Charizard
|-damage|p1a: Charizard|70/100
|move|p2b: Electabuzz|Thunderbolt|p1a: Charizard
|-damage|p1a: Charizard|31/100
|
|-weather|SunnyDay|[upkeep]
|-damage|p1a: Charizard|18/100|[from] ability: Solar Power|[of] p1a: Charizard
|-damage|p2a: Vegeta|0 fnt|[from] brn
|faint|p2a: Vegeta
|upkeep
|inactive|the_ag_is_real has 30 seconds left.
|
|t:|1754739850
|switch|p2a: Trunks|Kingambit, L50, M|100/100
|turn|2
|
|t:|1754739859
|move|p1b: Torkoal|Helping Hand|p1a: Charizard
|-singleturn|p1a: Charizard|Helping Hand|[of] p1b: Torkoal
|move|p2a: Trunks|Protect|p2a: Trunks
|-singleturn|p2a: Trunks|Protect
|move|p1a: Charizard|Heat Wave|p2a: Trunks|[spread] p2b
|-activate|p2a: Trunks|move: Protect
|-damage|p2b: Electabuzz|0 fnt
|faint|p2b: Electabuzz
|
|-weather|SunnyDay|[upkeep]
|-damage|p1a: Charizard|6/100|[from] ability: Solar Power|[of] p1a: Charizard
|upkeep
|inactive|the_ag_is_real has 30 seconds left.
|
|t:|1754739890
|switch|p2b: Goku|Rillaboom, L50, M|100/100
|-fieldstart|move: Grassy Terrain|[from] ability: Grassy Surge|[of] p2b: Goku
|turn|3
|
|t:|1754739910
|-terastallize|p2a: Trunks|Dark
|move|p2b: Goku|Fake Out|p1a: Charizard
|-damage|p1a: Charizard|0 fnt
|faint|p1a: Charizard
|move|p2a: Trunks|Kowtow Cleave|p1b: Torkoal
|-damage|p1b: Torkoal|35/100
|move|p1b: Torkoal|Overheat|p2a: Trunks|[miss]
|-miss|p1b: Torkoal|p2a: Trunks
|
|-weather|SunnyDay|[upkeep]
|-heal|p1b: Torkoal|41/100|[from] Grassy Terrain
|upkeep
|c|☆Wooperdooperpooper|damnit
|
|t:|1754739923
|switch|p1a: Hatterene|Hatterene, L50, F|100/100
|turn|4
|inactive|the_ag_is_real has 30 seconds left.
|
|t:|1754739956
|move|p1a: Hatterene|Protect|p1a: Hatterene
|-singleturn|p1a: Hatterene|Protect
|move|p2b: Goku|High Horsepower|p1b: Torkoal
|-supereffective|p1b: Torkoal
|-damage|p1b: Torkoal|0 fnt
|faint|p1b: Torkoal
|move|p2a: Trunks|Kowtow Cleave|p1a: Hatterene
|-activate|p1a: Hatterene|move: Protect
|
|-weather|SunnyDay|[upkeep]
|upkeep
|
|t:|1754739961
|switch|p1b: Indeedee|Indeedee-F, L50, F|100/100
|-fieldstart|move: Psychic Terrain|[from] ability: Psychic Surge|[of] p1b: Indeedee
|turn|5
|
|t:|1754739975
|move|p1b: Indeedee|Helping Hand|p1a: Hatterene
|-singleturn|p1a: Hatterene|Helping Hand|[of] p1b: Indeedee
|move|p2b: Goku|Wood Hammer|p1b: Indeedee
|-damage|p1b: Indeedee|33/100
|-damage|p2b: Goku|80/100|[from] Recoil
|move|p2a: Trunks|Kowtow Cleave|p1b: Indeedee
|-supereffective|p1b: Indeedee
|-damage|p1b: Indeedee|0 fnt
|faint|p1b: Indeedee
|move|p1a: Hatterene|Dazzling Gleam|p2a: Trunks|[spread] p2a,p2b
|-supereffective|p2a: Trunks
|-damage|p2a: Trunks|0 fnt
|-damage|p2b: Goku|30/100
|faint|p2a: Trunks
|-damage|p1a: Hatterene|91/100|[from] item: Life Orb
|
|-weather|none
|upkeep
|turn|6
|c|☆the_ag_is_real|gg
|
|t:|1754739984
|move|p2b: Goku|Wood Hammer|p1a: Hatterene
|-damage|p1a: Hatterene|22/100
|-damage|p2b: Goku|11/100|[from] Recoil
|move|p1a: Hatterene|Expanding Force|p2b: Goku
|-damage|p2b: Goku|0 fnt
|faint|p2b: Goku
|-damage|p1a: Hatterene|13/100|[from] item: Life Orb
|
|win|Wooperdooperpooper
|raw|Wooperdooperpooper's rating: 1295 → 1319(+24 for winning)
|raw|the_ag_is_real's rating: 1285 → 1261(-24 for losing)
|c|☆Wooperdooperpooper|gg
|l|☆the_ag_is_real
|player|p2|
