|j|☆The median voter
|j|☆0rion1798
|html|The median voter0rion1798    
|uhtml|bestof|Game 3 of a best-of-3
|t:|1755231888
|gametype|doubles
|player|p1|The median voter|scientist-gen4dp|1199
|player|p2|0rion1798|clair|1222
|gen|9
|tier|[Gen 9] VGC 2025 Reg H (Bo3)
|rated|
|rule|Species Clause: Limit one of each Pokémon
|rule|Item Clause: Limit 1 of each item
|clearpoke
|poke|p1|Kommo-o, L50, F|
|poke|p1|Volcarona, L50, M|
|poke|p1|Rillaboom, L50, F|
|poke|p1|Kingambit, L50, F|
|poke|p1|Ninetales-Alola, L50, M|
|poke|p1|Arcanine-Hisui, L50, F|
|poke|p2|Sneasler, L50, F|
|poke|p2|Indeedee, L50, M|
|poke|p2|Ursaluna-Bloodmoon, L50, M|
|poke|p2|Electabuzz, L50, F|
|poke|p2|Incineroar, L50, F|
|poke|p2|Dragonite, L50, F|
|teampreview|4
|showteam|p1|Kommo-o||GrassySeed|Overcoat|BodyPress,Taunt,Protect,Flamethrower|||F|||50|,,,,,Steel]Volcarona||SitrusBerry|FlameBody|HeatWave,TeraBlast,QuiverDance,Protect|||M|||50|,,,,,Water]Rillaboom||AssaultVest|GrassySurge|FakeOut,GrassyGlide,WoodHammer,HighHorsepower|||F|||50|,,,,,Fire]Kingambit||BlackGlasses|Defiant|KowtowCleave,SuckerPunch,SwordsDance,Protect|||F|||50|,,,,,Dark]Ninetales-Alola||LifeOrb|SnowWarning|Blizzard,Protect,Encore,FreezeDry|||M|||50|,,,,,Ghost]Arcanine-Hisui||FocusSash|Intimidate|RockSlide,FlareBlitz,ExtremeSpeed,Protect|||F|||50|,,,,,Ghost
|showteam|p2|Sneasler||PsychicSeed|Unburden|CloseCombat,DireClaw,ThroatChop,Protect|||F|||50|,,,,,Dark]Indeedee||FocusSash|PsychicSurge|ExpandingForce,TrickRoom,HelpingHand,Protect|||M|||50|,,,,,Psychic]Ursaluna-Bloodmoon||LifeOrb|MindsEye|BloodMoon,HyperVoice,EarthPower,Protect|||M|||50|,,,,,Normal]Electabuzz||Eviolite|VitalSpirit|Electroweb,FollowMe,Taunt,Protect|||F|||50|,,,,,Dragon]Incineroar||SafetyGoggles|Intimidate|FlareBlitz,KnockOff,PartingShot,FakeOut|||F|||50|,,,,,Ghost]Dragonite||LoadedDice|Multiscale|ScaleShot,Tailwind,Haze,Protect|||F|||50|,,,,,Fairy
|inactive|Battle timer is ON: inactive players will automatically lose when time's up. (requested by 0rion1798)
|
|t:|1755231910
|teamsize|p1|4
|teamsize|p2|4
|start
|switch|p1a: Arcanine|Arcanine-Hisui, L50, F|100/100
|switch|p1b: Kingambit|Kingambit, L50, F|100/100
|switch|p2a: Ursaluna|Ursaluna-Bloodmoon, L50, M|100/100
|switch|p2b: Sneasler|Sneasler, L50, F|100/100
|-ability|p1a: Arcanine|Intimidate|boost
|-unboost|p2a: Ursaluna|atk|1
|-unboost|p2b: Sneasler|atk|1
|turn|1
|
|t:|1755231927
|switch|p1b: Volcarona|Volcarona, L50, M|100/100
|-terastallize|p2a: Ursaluna|Normal
|move|p2b: Sneasler|Close Combat|p1a: Arcanine
|-supereffective|p1a: Arcanine
|-enditem|p1a: Arcanine|Focus Sash
|-damage|p1a: Arcanine|1/100
|-unboost|p2b: Sneasler|def|1
|-unboost|p2b: Sneasler|spd|1
|move|p1a: Arcanine|Rock Slide|p2b: Sneasler|[spread] p2b
|-miss|p1a: Arcanine|p2a: Ursaluna
|-resisted|p2b: Sneasler
|-damage|p2b: Sneasler|63/100
|move|p2a: Ursaluna|Hyper Voice|p1a: Arcanine|[spread] p1a,p1b
|-resisted|p1a: Arcanine
|-damage|p1a: Arcanine|0 fnt
|-damage|p1b: Volcarona|42/100
|-enditem|p1b: Volcarona|Sitrus Berry|[eat]
|-heal|p1b: Volcarona|67/100|[from] item: Sitrus Berry
|faint|p1a: Arcanine
|-damage|p2a: Ursaluna|91/100|[from] item: Life Orb
|
|upkeep
|
|t:|1755231948
|switch|p1a: Rillaboom|Rillaboom, L50, F|100/100
|-fieldstart|move: Grassy Terrain|[from] ability: Grassy Surge|[of] p1a: Rillaboom
|turn|2
|
|t:|1755231962
|switch|p2b: Indeedee|Indeedee, L50, M|100/100
|-fieldstart|move: Psychic Terrain|[from] ability: Psychic Surge|[of] p2b: Indeedee
|switch|p1a: Kingambit|Kingambit, L50, F|100/100
|move|p1b: Volcarona|Heat Wave|p2b: Indeedee|[spread] p2a,p2b
|-damage|p2a: Ursaluna|37/100
|-damage|p2b: Indeedee|49/100
|move|p2a: Ursaluna|Blood Moon|p1b: Volcarona
|-damage|p1b: Volcarona|0 fnt
|faint|p1b: Volcarona
|-damage|p2a: Ursaluna|27/100|[from] item: Life Orb
|
|upkeep
|
|t:|1755231966
|switch|p1b: Rillaboom|Rillaboom, L50, F|100/100
|-fieldstart|move: Grassy Terrain|[from] ability: Grassy Surge|[of] p1b: Rillaboom
|turn|3
|
|t:|1755231975
|switch|p2b: Dragonite|Dragonite, L50, F|100/100
|move|p2a: Ursaluna|Protect|p2a: Ursaluna
|-singleturn|p2a: Ursaluna|Protect
|move|p1b: Rillaboom|Grassy Glide|p2a: Ursaluna
|-activate|p2a: Ursaluna|move: Protect
|move|p1a: Kingambit|Swords Dance|p1a: Kingambit
|-boost|p1a: Kingambit|atk|2
|
|-heal|p2a: Ursaluna|33/100|[from] Grassy Terrain
|upkeep
|turn|4
|
|t:|1755231992
|move|p1b: Rillaboom|Grassy Glide|p2a: Ursaluna
|-damage|p2a: Ursaluna|4/100
|move|p2b: Dragonite|Haze|p2b: Dragonite
|-clearallboost
|move|p2a: Ursaluna|Blood Moon|p1b: Rillaboom
|-damage|p1b: Rillaboom|1/100
|-damage|p2a: Ursaluna|0 fnt|[from] item: Life Orb
|faint|p2a: Ursaluna
|move|p1a: Kingambit|Kowtow Cleave|p2b: Dragonite
|-damage|p2b: Dragonite|66/100
|
|-heal|p1b: Rillaboom|7/100|[from] Grassy Terrain
|upkeep
|
|t:|1755232013
|switch|p2a: Indeedee|Indeedee, L50, M|49/100
|-fieldstart|move: Psychic Terrain|[from] ability: Psychic Surge|[of] p2a: Indeedee
|turn|5
|
|t:|1755232029
|-terastallize|p1a: Kingambit|Dark
|move|p2a: Indeedee|Expanding Force|p1a: Kingambit|[spread] p1b
|-immune|p1a: Kingambit
|-damage|p1b: Rillaboom|0 fnt
|faint|p1b: Rillaboom
|move|p2b: Dragonite|Scale Shot|p1a: Kingambit
|-damage|p1a: Kingambit|90/100
|-damage|p1a: Kingambit|79/100
|-damage|p1a: Kingambit|69/100
|-damage|p1a: Kingambit|58/100
|-hitcount|p1a: Kingambit|4
|-unboost|p2b: Dragonite|def|1
|-boost|p2b: Dragonite|spe|1
|move|p1a: Kingambit|Kowtow Cleave|p2b: Dragonite
|-damage|p2b: Dragonite|0 fnt
|faint|p2b: Dragonite
|
|upkeep
|
|t:|1755232038
|switch|p2b: Sneasler|Sneasler, L50, F|63/100
|-enditem|p2b: Sneasler|Psychic Seed
|-boost|p2b: Sneasler|spd|1|[from] item: Psychic Seed
|turn|6
|-message|The median voter forfeited.
|
|win|0rion1798
|raw|The median voter's rating: 1199 → 1176(-23 for losing)
|raw|0rion1798's rating: 1222 → 1245(+23 for winning)
|l|☆The median voter
|player|p1|
