|j|☆sum1dum
|j|☆jholloway1993
|html|sum1dumjholloway1993    
|uhtml|bestof|Game 2 of a best-of-3
|t:|1784059004
|gametype|doubles
|player|p1|sum1dum|rosa|1151
|player|p2|jholloway1993|2|1196
|gen|9
|tier|[Gen 9 Champions] VGC 2026 Reg M-B (Bo3)
|rated|
|rule|Species Clause: Limit one of each Pokémon
|rule|Item Clause: Limit 1 of each item
|clearpoke
|poke|p1|Staraptor, L50, F|
|poke|p1|Grimmsnarl, L50, M|
|poke|p1|Rotom-Heat, L50|
|poke|p1|Garchomp, L50, M|
|poke|p1|Gholdengo, L50|
|poke|p1|Ninetales-Alola, L50, F|
|poke|p2|Floette-Eternal, L50, F|
|poke|p2|Delphox, L50, F|
|poke|p2|Incineroar, L50, M|
|poke|p2|Sinistcha, L50|
|poke|p2|Sneasler, L50, M|
|poke|p2|Kingambit, L50, M|
|teampreview|4
|showteam|p1|Staraptor||Staraptite|Intimidate|CloseCombat,BraveBird,Roost,Protect|Jolly||F|||50|]Grimmsnarl||SitrusBerry|Prankster|SpiritBreak,PartingShot,ScaryFace,Taunt|Impish||M|||50|]Rotom-Heat||ChoiceScarf|Levitate|Overheat,Thunderbolt,Trick,VoltSwitch|Modest|||||50|]Garchomp||LifeOrb|RoughSkin|DragonClaw,Earthquake,Protect,RockTomb|Jolly||M|||50|]Gholdengo||WhiteHerb|GoodasGold|MakeItRain,ShadowBall,PowerGem,Protect|Modest|||||50|]Ninetales-Alola||LightClay|SnowWarning|AuroraVeil,FreezeDry,Moonblast,Protect|Timid||F|||50|
|showteam|p2|Floette-Eternal||Floettite|FlowerVeil|Moonblast,DazzlingGleam,CalmMind,Protect|Modest||F|||50|]Delphox||Delphoxite|Blaze|HeatWave,Psychic,NastyPlot,Protect|Timid||F|||50|]Incineroar||SitrusBerry|Intimidate|FlareBlitz,DarkestLariat,PartingShot,FakeOut|Impish||M|||50|]Sinistcha||OccaBerry|Hospitality|MatchaGotcha,RagePowder,TrickRoom,Protect|Bold|||||50|]Sneasler||FocusSash|PoisonTouch|CloseCombat,DireClaw,FakeOut,QuickGuard|Jolly||M|||50|]Kingambit||BlackGlasses|Defiant|KowtowCleave,SuckerPunch,SwordsDance,Protect|Adamant||M|||50|
|inactive|Battle timer is ON: inactive players will automatically lose when time's up. (requested by sum1dum)
|
|t:|1784059023
|teamsize|p1|4
|teamsize|p2|4
|start
|switch|p1a: Grimmsnarl|Grimmsnarl, L50, M|100/100
|switch|p1b: Rotom|Rotom-Heat, L50|100/100
|switch|p2a: Sinistcha|Sinistcha, L50|100/100
|switch|p2b: Kingambit|Kingambit, L50, M|100/100
|turn|1
|
|t:|1784059044
|move|p2a: Sinistcha|Rage Powder|p2a: Sinistcha
|-singleturn|p2a: Sinistcha|move: Rage Powder
|move|p1a: Grimmsnarl|Taunt|p2a: Sinistcha
|-start|p2a: Sinistcha|move: Taunt
|move|p1b: Rotom|Overheat|p2a: Sinistcha
|-supereffective|p2a: Sinistcha|1
|-crit|p2a: Sinistcha
|-enditem|p2a: Sinistcha|Occa Berry|[eat]
|-enditem|p2a: Sinistcha|Occa Berry|[weaken]
|-damage|p2a: Sinistcha|0 fnt
|-unboost|p1b: Rotom|spa|2
|faint|p2a: Sinistcha
|move|p2b: Kingambit|Swords Dance|p2b: Kingambit
|-boost|p2b: Kingambit|atk|2
|
|upkeep
|
|t:|1784059057
|switch|p2a: Delphox|Delphox, L50, F|100/100
|turn|2
|
|t:|1784059068
|switch|p1b: Garchomp|Garchomp, L50, M|100/100
|detailschange|p2a: Delphox|Delphox-Mega, L50, F
|-mega|p2a: Delphox|Delphox|Delphoxite
|move|p1a: Grimmsnarl|Taunt|p2a: Delphox
|-start|p2a: Delphox|move: Taunt
|move|p2b: Kingambit|Sucker Punch||[still]
|-fail|p2b: Kingambit
|move|p2a: Delphox|Heat Wave|p1b: Garchomp|[spread] p1a
|-miss|p2a: Delphox|p1b: Garchomp
|-damage|p1a: Grimmsnarl|56/100
|
|upkeep
|turn|3
|
|t:|1784059087
|switch|p2a: Incineroar|Incineroar, L50, M|100/100
|-ability|p2a: Incineroar|Intimidate|boost
|-unboost|p1a: Grimmsnarl|atk|1
|-unboost|p1b: Garchomp|atk|1
|move|p1a: Grimmsnarl|Parting Shot|p2a: Incineroar
|-hint|Since gen 7, Dark is immune to Prankster moves.
|-immune|p2a: Incineroar
|move|p2b: Kingambit|Sucker Punch|p1b: Garchomp
|-damage|p1b: Garchomp|1/100
|-damage|p2b: Kingambit|87/100|[from] ability: Rough Skin|[of] p1b: Garchomp
|move|p1b: Garchomp|Earthquake|p2a: Incineroar|[spread] p1a,p2a,p2b
|-supereffective|p2a: Incineroar|1
|-supereffective|p2b: Kingambit|1
|-damage|p1a: Grimmsnarl|25/100
|-damage|p2a: Incineroar|53/100
|-damage|p2b: Kingambit|31/100
|-enditem|p1a: Grimmsnarl|Sitrus Berry|[eat]
|-heal|p1a: Grimmsnarl|50/100y|[from] item: Sitrus Berry
|-damage|p1b: Garchomp|0 fnt|[from] item: Life Orb
|faint|p1b: Garchomp
|
|upkeep
|
|t:|1784059090
|switch|p1b: Rotom|Rotom-Heat, L50|100/100
|turn|4
|inactive|sum1dum has 30 seconds left.
|
|t:|1784059116
|move|p2a: Incineroar|Fake Out|p1b: Rotom
|-damage|p1b: Rotom|85/100
|cant|p1b: Rotom|flinch
|move|p1a: Grimmsnarl|Spirit Break|p2b: Kingambit
|-crit|p2b: Kingambit
|-damage|p2b: Kingambit|0 fnt
|faint|p2b: Kingambit
|
|upkeep
|
|t:|1784059125
|switch|p2b: Delphox|Delphox-Mega, L50, F|100/100
|turn|5
|
|t:|1784059136
|move|p2b: Delphox|Protect|p2b: Delphox
|-singleturn|p2b: Delphox|Protect
|move|p1a: Grimmsnarl|Scary Face|p2b: Delphox
|-activate|p2b: Delphox|move: Protect
|move|p1b: Rotom|Thunderbolt|p2b: Delphox
|-activate|p2b: Delphox|move: Protect
|move|p2a: Incineroar|Parting Shot|p1b: Rotom
|-unboost|p1b: Rotom|atk|1
|-unboost|p1b: Rotom|spa|1
|
|upkeep
|turn|6
|
|t:|1784059149
|move|p1a: Grimmsnarl|Taunt|p2b: Delphox
|-start|p2b: Delphox|move: Taunt
|move|p1b: Rotom|Thunderbolt|p2b: Delphox
|-damage|p2b: Delphox|70/100
|-status|p2b: Delphox|par
|cant|p2b: Delphox|par
|move|p2a: Incineroar|Flare Blitz|p1a: Grimmsnarl
|-damage|p1a: Grimmsnarl|7/100
|-damage|p2a: Incineroar|39/100|[from] Recoil
|-enditem|p2a: Incineroar|Sitrus Berry|[eat]
|-heal|p2a: Incineroar|64/100|[from] item: Sitrus Berry
|
|upkeep
|turn|7
|
|t:|1784059164
|move|p1a: Grimmsnarl|Parting Shot|p2b: Delphox
|-unboost|p2b: Delphox|atk|1
|-unboost|p2b: Delphox|spa|1
|
|t:|1784059166
|switch|p1a: Staraptor|Staraptor, L50, F|100/100|[from] Parting Shot
|-ability|p1a: Staraptor|Intimidate|boost
|-unboost|p2a: Incineroar|atk|1
|-unboost|p2b: Delphox|atk|1
|move|p1b: Rotom|Thunderbolt|p2b: Delphox
|-damage|p2b: Delphox|44/100 par
|move|p2b: Delphox|Heat Wave|p1a: Staraptor|[spread] p1a
|-miss|p2b: Delphox|p1b: Rotom
|-damage|p1a: Staraptor|54/100
|move|p2a: Incineroar|Parting Shot|p1b: Rotom
|-unboost|p1b: Rotom|atk|1
|-unboost|p1b: Rotom|spa|1
|
|upkeep
|turn|8
|
|t:|1784059189
|detailschange|p1a: Staraptor|Staraptor-Mega, L50, F
|-mega|p1a: Staraptor|Staraptor|Staraptite
|move|p1b: Rotom|Thunderbolt|p2b: Delphox
|-damage|p2b: Delphox|23/100 par
|move|p1a: Staraptor|Close Combat|p2a: Incineroar
|-supereffective|p2a: Incineroar|1
|-damage|p2a: Incineroar|0 fnt
|-boost|p1a: Staraptor|def|1
|-boost|p1a: Staraptor|spd|1
|faint|p2a: Incineroar
|move|p2b: Delphox|Psychic|p1a: Staraptor
|-supereffective|p1a: Staraptor|1
|-damage|p1a: Staraptor|3/100
|
|-end|p2b: Delphox|move: Taunt
|upkeep
|turn|9
|
|t:|1784059203
|move|p1b: Rotom|Thunderbolt|p2b: Delphox
|-damage|p2b: Delphox|3/100 par
|move|p1a: Staraptor|Brave Bird|p2b: Delphox
|-damage|p2b: Delphox|0 fnt
|faint|p2b: Delphox
|-damage|p1a: Staraptor|1/100|[from] Recoil
|
|win|sum1dum
