|j|☆Djuseppe
|j|☆WowieKazowee
|html|DjuseppeWowieKazowee    
|uhtml|bestof|Game 2 of a best-of-3
|t:|1757151475
|gametype|doubles
|player|p1|Djuseppe|morty|1127
|player|p2|WowieKazowee|idol|1047
|gen|9
|tier|[Gen 9] VGC 2025 Reg H (Bo3)
|rated|
|rule|Species Clause: Limit one of each Pokémon
|rule|Item Clause: Limit 1 of each item
|clearpoke
|poke|p1|Gholdengo, L50|
|poke|p1|Ninetales-Alola, L50, F|
|poke|p1|Incineroar, L50, M|
|poke|p1|Rillaboom, L50, M|
|poke|p1|Ursaluna-Bloodmoon, L50, M|
|poke|p1|Whimsicott, L50, M|
|poke|p2|Pelipper, L50, F|
|poke|p2|Archaludon, L50, M|
|poke|p2|Basculegion, L50, M|
|poke|p2|Ursaluna, L50, F|
|poke|p2|Sinistcha, L50|
|poke|p2|Ditto, L50|
|teampreview|4
|showteam|p1|Gholdengo||GrassySeed|GoodasGold|MakeItRain,ShadowBall,NastyPlot,Protect||||||50|,,,,,Water]Ninetales-Alola||LightClay|SnowWarning|AuroraVeil,FreezeDry,IcyWind,Encore|||F|||50|,,,,,Fire]Incineroar||AssaultVest|Intimidate|FakeOut,Uturn,KnockOff,Snarl|||M|||50|,,,,,Bug]Rillaboom||MiracleSeed|GrassySurge|WoodHammer,GrassyGlide,Uturn,FakeOut|||M|||50|,,,,,Fire]Ursaluna-Bloodmoon||LifeOrb|MindsEye|BloodMoon,HyperVoice,EarthPower,Protect|||M|||50|,,,,,Normal]Whimsicott||CovertCloak|Prankster|Moonblast,Tailwind,Encore,FakeTears|||M|||50|,,,,,Grass
|showteam|p2|Pelipper||FocusSash|Drizzle|WeatherBall,Hurricane,RainDance,WideGuard|||F|||50|,,,,,Ghost]Archaludon||AssaultVest|Stamina|ElectroShot,DracoMeteor,FlashCannon,BodyPress|||M|||50|,,,,,Grass]Basculegion||MysticWater|SwiftSwim|WaveCrash,LastRespects,AquaJet,Protect|||M|||50|,,,,,Water]Ursaluna||FlameOrb|Guts|Facade,HeadlongRush,SwordsDance,Protect|||F|||50|,,,,,Ghost]Sinistcha||SitrusBerry|Hospitality|MatchaGotcha,NastyPlot,TrickRoom,RagePowder||||||50|,,,,,Water]Ditto||MirrorHerb|Imposter|Transform||||||50|,,,,,Fairy
|inactive|Battle timer is ON: inactive players will automatically lose when time's up. (requested by Djuseppe)
|inactive|Djuseppe has 60 seconds left.
|
|t:|1757151516
|teamsize|p1|4
|teamsize|p2|4
|start
|switch|p1a: Gholdengo|Gholdengo, L50|100/100
|switch|p1b: Rillaboom|Rillaboom, L50, M|100/100
|switch|p2a: Pelipper|Pelipper, L50, F|100/100
|switch|p2b: Archaludon|Archaludon, L50, M|100/100
|-fieldstart|move: Grassy Terrain|[from] ability: Grassy Surge|[of] p1b: Rillaboom
|-enditem|p1a: Gholdengo|Grassy Seed
|-boost|p1a: Gholdengo|def|1|[from] item: Grassy Seed
|-weather|RainDance|[from] ability: Drizzle|[of] p2a: Pelipper
|turn|1
|
|t:|1757151534
|switch|p1a: Ninetales|Ninetales-Alola, L50, F|100/100
|-weather|Snowscape|[from] ability: Snow Warning|[of] p1a: Ninetales
|move|p1b: Rillaboom|Fake Out|p2a: Pelipper
|-damage|p2a: Pelipper|85/100
|move|p2b: Archaludon|Electro Shot||[still]
|-prepare|p2b: Archaludon|Electro Shot
|-boost|p2b: Archaludon|spa|1
|cant|p2a: Pelipper|flinch
|
|-weather|Snowscape|[upkeep]
|upkeep
|turn|2
|
|t:|1757151554
|switch|p1b: Gholdengo|Gholdengo, L50|100/100
|-terastallize|p2a: Pelipper|Ghost
|move|p1a: Ninetales|Freeze-Dry|p2a: Pelipper
|-damage|p2a: Pelipper|53/100
|move|p2b: Archaludon|Electro Shot|p1a: Ninetales|[from] lockedmove
|-damage|p1a: Ninetales|17/100
|move|p2a: Pelipper|Rain Dance|p2a: Pelipper
|-weather|RainDance
|
|-weather|RainDance|[upkeep]
|-heal|p1a: Ninetales|22/100|[from] Grassy Terrain
|-heal|p2a: Pelipper|59/100|[from] Grassy Terrain
|upkeep
|turn|3
|inactive|Djuseppe has 30 seconds left.
|inactive|Djuseppe has 20 seconds left.
|
|t:|1757151590
|switch|p2a: Ditto|Ditto, L50|100/100
|-transform|p2a: Ditto|p1b: Gholdengo|[from] ability: Imposter
|move|p1b: Gholdengo|Protect|p1b: Gholdengo
|-singleturn|p1b: Gholdengo|Protect
|move|p1a: Ninetales|Encore|p2a: Ditto
|-immune|p2a: Ditto|[from] ability: Good as Gold
|move|p2b: Archaludon|Electro Shot||[still]
|-prepare|p2b: Archaludon|Electro Shot
|-boost|p2b: Archaludon|spa|1
|-anim|p2b: Archaludon|Electro Shot|p1b: Gholdengo
|-activate|p1b: Gholdengo|move: Protect
|
|-weather|RainDance|[upkeep]
|-heal|p1a: Ninetales|28/100|[from] Grassy Terrain
|upkeep
|turn|4
|
|t:|1757151611
|switch|p1b: Ursaluna|Ursaluna-Bloodmoon, L50, M|100/100
|move|p1a: Ninetales|Icy Wind|p2b: Archaludon|[spread] p2a,p2b
|-resisted|p2a: Ditto
|-damage|p2a: Ditto|93/100
|-damage|p2b: Archaludon|92/100
|-unboost|p2a: Ditto|spe|1
|-unboost|p2b: Archaludon|spe|1
|-ability|p2b: Archaludon|Stamina|boost
|-boost|p2b: Archaludon|def|1
|move|p2a: Ditto|Make It Rain|p1b: Ursaluna|[spread] p1a,p1b
|-supereffective|p1a: Ninetales
|-damage|p1a: Ninetales|0 fnt
|-damage|p1b: Ursaluna|31/100
|-unboost|p2a: Ditto|spa|1
|faint|p1a: Ninetales
|move|p2b: Archaludon|Electro Shot||[still]
|-prepare|p2b: Archaludon|Electro Shot
|-boost|p2b: Archaludon|spa|1
|-anim|p2b: Archaludon|Electro Shot|p1b: Ursaluna
|-immune|p1b: Ursaluna
|
|-weather|RainDance|[upkeep]
|-heal|p1b: Ursaluna|37/100|[from] Grassy Terrain
|-heal|p2a: Ditto|99/100|[from] Grassy Terrain
|-heal|p2b: Archaludon|98/100|[from] Grassy Terrain
|upkeep
|
|t:|1757151627
|switch|p1a: Gholdengo|Gholdengo, L50|100/100
|turn|5
|inactive|Djuseppe has 30 seconds left.
|inactive|Djuseppe has 20 seconds left.
|inactive|Djuseppe has 15 seconds left.
|
|t:|1757151672
|move|p1a: Gholdengo|Shadow Ball|p2a: Ditto
|-supereffective|p2a: Ditto
|-damage|p2a: Ditto|0 fnt
|faint|p2a: Ditto
|move|p1b: Ursaluna|Earth Power|p2b: Archaludon
|-supereffective|p2b: Archaludon
|-damage|p2b: Archaludon|0 fnt
|faint|p2b: Archaludon
|-damage|p1b: Ursaluna|28/100|[from] item: Life Orb
|
|-weather|RainDance|[upkeep]
|-heal|p1b: Ursaluna|34/100|[from] Grassy Terrain
|-fieldend|move: Grassy Terrain
|upkeep
|
|t:|1757151683
|switch|p2a: Basculegion|Basculegion, L50, M|100/100
|switch|p2b: Pelipper|Pelipper, L50, F, tera:Ghost|59/100
|turn|6
|
|t:|1757151698
|switch|p1b: Rillaboom|Rillaboom, L50, M|100/100
|-fieldstart|move: Grassy Terrain|[from] ability: Grassy Surge|[of] p1b: Rillaboom
|-terastallize|p1a: Gholdengo|Water
|move|p2a: Basculegion|Wave Crash|p1a: Gholdengo
|-resisted|p1a: Gholdengo
|-damage|p1a: Gholdengo|54/100
|-damage|p2a: Basculegion|87/100|[from] Recoil
|move|p1a: Gholdengo|Shadow Ball|p2a: Basculegion
|-supereffective|p2a: Basculegion
|-damage|p2a: Basculegion|0 fnt
|faint|p2a: Basculegion
|move|p2b: Pelipper|Weather Ball|p1b: Rillaboom
|-resisted|p1b: Rillaboom
|-damage|p1b: Rillaboom|64/100
|
|-weather|none
|-heal|p1b: Rillaboom|70/100|[from] Grassy Terrain
|-heal|p1a: Gholdengo|61/100|[from] Grassy Terrain
|-heal|p2b: Pelipper|65/100|[from] Grassy Terrain
|upkeep
|turn|7
|
|t:|1757151719
|move|p1b: Rillaboom|Grassy Glide|p2b: Pelipper
|-damage|p2b: Pelipper|25/100
|move|p1a: Gholdengo|Shadow Ball|p2b: Pelipper
|-supereffective|p2b: Pelipper
|-crit|p2b: Pelipper
|-damage|p2b: Pelipper|0 fnt
|faint|p2b: Pelipper
|
|win|Djuseppe
||Djuseppe is ready for game 3.
