|j|☆raylof
|j|☆Kahizar
|html|raylofKahizar    
|uhtml|bestof|Game 1 of a best-of-3
|t:|1756500944
|gametype|doubles
|player|p1|raylof|170|1115
|player|p2|Kahizar|102|1053
|gen|9
|tier|[Gen 9] VGC 2025 Reg H (Bo3)
|rated|
|rule|Species Clause: Limit one of each Pokémon
|rule|Item Clause: Limit 1 of each item
|clearpoke
|poke|p1|Archaludon, L50, F|
|poke|p1|Pelipper, L50, M|
|poke|p1|Gholdengo, L50|
|poke|p1|Basculegion, L50, M|
|poke|p1|Amoonguss, L50, F|
|poke|p1|Incineroar, L50, F|
|poke|p2|Garchomp, L50, M|
|poke|p2|Rillaboom, L50, F|
|poke|p2|Drifblim, L50, F|
|poke|p2|Sylveon, L50, M|
|poke|p2|Murkrow, L50, F|
|poke|p2|Gallade, L50, M|
|teampreview|4
|showteam|p1|Archaludon||AssaultVest|Stamina|DracoMeteor,FlashCannon,ElectroShot,BodyPress|||F|||50|,,,,,Grass]Pelipper||FocusSash|Drizzle|Protect,WeatherBall,Hurricane,Tailwind|||M|||50|,,,,,Stellar]Gholdengo||LifeOrb|GoodasGold|Protect,MakeItRain,ShadowBall,NastyPlot||||||50|,,,,,Water]Basculegion||ChoiceBand|SwiftSwim|FlipTurn,WaveCrash,AquaJet,LastRespects|||M|||50|,,,,,Grass]Amoonguss||SitrusBerry|Regenerator|Spore,RagePowder,PollenPuff,Protect|||F|||50|,,,,,Water]Incineroar||SafetyGoggles|Intimidate|FlareBlitz,KnockOff,PartingShot,FakeOut|||F|||50|,,,,,Ghost
|showteam|p2|Garchomp||ChoiceBand|RoughSkin|RockSlide,Earthquake,ScaleShot,BreakingSwipe|||M|||50|,,,,,Water]Rillaboom||AssaultVest|GrassySurge|GrassyGlide,WoodHammer,HighHorsepower,Uturn|||F|||50|,,,,,Grass]Drifblim||GrassySeed|Unburden|Tailwind,TrickRoom,SkillSwap,ShadowBall|||F|||50|,,,,,Normal]Sylveon||ThroatSpray|Pixilate|HyperVoice,Protect,TeraBlast,CalmMind|||M|||50|,,,,,Fire]Murkrow||Eviolite|Prankster|Taunt,Tailwind,Haze,FoulPlay|||F|||50|,,,,,Ground]Gallade||ClearAmulet|Sharpness|PsychoCut,NightSlash,SacredSword,Protect|||M|||50|,,,,,Dark
|
|t:|1756501019
|teamsize|p1|4
|teamsize|p2|4
|start
|switch|p1a: Pelipper|Pelipper, L50, M, shiny|100/100
|switch|p1b: Basculegion|Basculegion, L50, M, shiny|100/100
|switch|p2a: Drifblim|Drifblim, L50, F|100/100
|switch|p2b: Sylveon|Sylveon, L50, M|100/100
|-weather|RainDance|[from] ability: Drizzle|[of] p1a: Pelipper
|turn|1
|
|t:|1756501042
|move|p1b: Basculegion|Flip Turn|p2a: Drifblim
|-damage|p2a: Drifblim|38/100
|
|t:|1756501057
|switch|p1b: Archaludon|Archaludon, L50, F, shiny|100/100|[from] Flip Turn
|move|p1a: Pelipper|Tailwind|p1a: Pelipper
|-sidestart|p1: raylof|move: Tailwind
|move|p2b: Sylveon|Hyper Voice|p1b: Archaludon|[spread] p1a,p1b
|-damage|p1a: Pelipper|25/100
|-damage|p1b: Archaludon|70/100
|-ability|p1b: Archaludon|Stamina|boost
|-boost|p1b: Archaludon|def|1
|-enditem|p2b: Sylveon|Throat Spray
|-boost|p2b: Sylveon|spa|1|[from] item: Throat Spray
|move|p2a: Drifblim|Trick Room|p2a: Drifblim
|-fieldstart|move: Trick Room|[of] p2a: Drifblim
|
|-weather|RainDance|[upkeep]
|upkeep
|turn|2
|
|t:|1756501097
|switch|p1a: Incineroar|Incineroar, L50, F|100/100
|-ability|p1a: Incineroar|Intimidate|boost
|-unboost|p2a: Drifblim|atk|1
|-unboost|p2b: Sylveon|atk|1
|move|p2b: Sylveon|Hyper Voice|p1b: Archaludon|[spread] p1a,p1b
|-damage|p1a: Incineroar|40/100
|-damage|p1b: Archaludon|23/100
|-ability|p1b: Archaludon|Stamina|boost
|-boost|p1b: Archaludon|def|1
|move|p2a: Drifblim|Shadow Ball|p1a: Incineroar
|-resisted|p1a: Incineroar
|-crit|p1a: Incineroar
|-damage|p1a: Incineroar|22/100
|-unboost|p1a: Incineroar|spd|1
|move|p1b: Archaludon|Electro Shot||[still]
|-prepare|p1b: Archaludon|Electro Shot
|-boost|p1b: Archaludon|spa|1
|-anim|p1b: Archaludon|Electro Shot|p2b: Sylveon
|-damage|p2b: Sylveon|58/100
|
|-weather|RainDance|[upkeep]
|upkeep
|turn|3
|
|t:|1756501143
|move|p1a: Incineroar|Fake Out|p2b: Sylveon
|-damage|p2b: Sylveon|42/100
|cant|p2b: Sylveon|flinch
|move|p2a: Drifblim|Shadow Ball|p1a: Incineroar
|-resisted|p1a: Incineroar
|-damage|p1a: Incineroar|5/100
|move|p1b: Archaludon|Electro Shot||[still]
|-prepare|p1b: Archaludon|Electro Shot
|-boost|p1b: Archaludon|spa|1
|-anim|p1b: Archaludon|Electro Shot|p2a: Drifblim
|-supereffective|p2a: Drifblim
|-damage|p2a: Drifblim|0 fnt
|faint|p2a: Drifblim
|
|-weather|RainDance|[upkeep]
|upkeep
|
|t:|1756501160
|switch|p2a: Gallade|Gallade, L50, M|100/100
|turn|4
|
|t:|1756501181
|switch|p1a: Pelipper|Pelipper, L50, M, shiny|25/100
|move|p2b: Sylveon|Hyper Voice|p1a: Pelipper|[spread] p1a,p1b
|-damage|p1a: Pelipper|0 fnt
|-damage|p1b: Archaludon|0 fnt
|faint|p1a: Pelipper
|faint|p1b: Archaludon
|move|p2a: Gallade|Sacred Sword|p1: Pelipper|[notarget]
|-fail|p2a: Gallade
|
|-weather|RainDance|[upkeep]
|-sideend|p1: raylof|move: Tailwind
|upkeep
|
|t:|1756501190
|switch|p1a: Basculegion|Basculegion, L50, M, shiny|100/100
|switch|p1b: Incineroar|Incineroar, L50, F|5/100
|-ability|p1b: Incineroar|Intimidate|boost
|-fail|p2a: Gallade|unboost|[from] item: Clear Amulet|[of] p2a: Gallade
|-unboost|p2b: Sylveon|atk|1
|turn|5
|
|t:|1756501222
|-terastallize|p2a: Gallade|Dark
|-terastallize|p1a: Basculegion|Grass
|move|p1b: Incineroar|Fake Out|p2a: Gallade
|-damage|p2a: Gallade|83/100
|move|p2b: Sylveon|Hyper Voice|p1b: Incineroar|[spread] p1a,p1b
|-damage|p1a: Basculegion|23/100
|-damage|p1b: Incineroar|0 fnt
|faint|p1b: Incineroar
|cant|p2a: Gallade|flinch
|move|p1a: Basculegion|Last Respects|p2a: Gallade
|-resisted|p2a: Gallade
|-damage|p2a: Gallade|0 fnt
|faint|p2a: Gallade
|
|-weather|none
|-fieldend|move: Trick Room
|upkeep
|
|t:|1756501236
|switch|p2a: Murkrow|Murkrow, L50, F|100/100
|turn|6
|
|t:|1756501245
|move|p2a: Murkrow|Tailwind|p2a: Murkrow
|-sidestart|p2: Kahizar|move: Tailwind
|move|p2b: Sylveon|Hyper Voice|p1a: Basculegion
|-damage|p1a: Basculegion|0 fnt
|faint|p1a: Basculegion
|
|win|Kahizar
||Kahizar is ready for game 2.
||raylof is ready for game 2.
|uhtml|next|Next: Game 2 of 3
|l|☆Kahizar
|player|p2|
