|j|☆PuffTheCutie
|j|‽kurowasun
|html|PuffTheCutiekurowasun    
|uhtml|bestof|Game 2 of a best-of-3
|t:|1786162708
|gametype|doubles
|player|p1|PuffTheCutie|roxie|
|player|p2|kurowasun|102|
|gen|9
|tier|[Gen 9 Champions] VGC 2026 Reg M-B (Bo3)
|rule|Species Clause: Limit one of each Pokémon
|rule|Item Clause: Limit 1 of each item
|clearpoke
|poke|p1|Tyranitar, L50, M|
|poke|p1|Excadrill, L50, F|
|poke|p1|Gholdengo, L50|
|poke|p1|Staraptor, L50, F|
|poke|p1|Milotic, L50, M|
|poke|p1|Heliolisk, L50, F|
|poke|p2|Metagross, L50|
|poke|p2|Swampert, L50, F|
|poke|p2|Pelipper, L50, M|
|poke|p2|Sneasler, L50, M|
|poke|p2|Overqwil, L50, F|
|poke|p2|Tsareena, L50, F|
|teampreview|4
|showteam|p1|Tyranitar||Tyranitarite|SandStream|RockSlide,KnockOff,LowKick,Protect|Jolly||M|||50|]Excadrill||FocusSash|SandRush|IronHead,HighHorsepower,RockSlide,Protect|Adamant||F|||50|]Gholdengo||LifeOrb|GoodasGold|MakeItRain,ShadowBall,NastyPlot,Protect|Modest|||||50|]Staraptor||SharpBeak|Intimidate|CloseCombat,BraveBird,Tailwind,Protect|Jolly||F|||50|]Milotic||SitrusBerry|Competitive|Scald,IceBeam,Hypnosis,Protect|Modest||M|||50|]Heliolisk||ChoiceScarf|SolarPower|Thunderbolt,VoltSwitch,GrassKnot,HyperVoice|Modest||F|||50|
|showteam|p2|Metagross||Metagrossite|ClearBody|PsychicFangs,IronHead,BodyPress,Protect|Jolly|||||50|]Swampert||Swampertite|Torrent|WaveCrash,IcePunch,Earthquake,Protect|Adamant||F|||50|]Pelipper||SitrusBerry|Drizzle|Hurricane,WeatherBall,Tailwind,WideGuard|Modest||M|||50|]Sneasler||FocusSash|PoisonTouch|FakeOut,CloseCombat,Coaching,Protect|Jolly||M|||50|]Overqwil||Leftovers|Intimidate|BarbBarrage,Stockpile,Minimize,Protect|Careful||F|||50|]Tsareena||WideLens|QueenlyMajesty|TripleAxel,PowerWhip,LowKick,Protect|Jolly||F|||50|
|inactive|Battle timer is ON: inactive players will automatically lose when time's up. (requested by kurowasun)
|j| falba
|j| tempestuwumeow
|j| tobyga
|j| Potatomonstr
|inactive|PuffTheCutie has 60 seconds left.
|inactive|kurowasun has 60 seconds left.
|inactive|PuffTheCutie has 30 seconds left.
|j| azileme
|
|t:|1786162780
|teamsize|p1|4
|teamsize|p2|4
|start
|switch|p1a: Gholdengo|Gholdengo, L50|100/100
|switch|p1b: Staraptor|Staraptor, L50, F|100/100
|switch|p2a: Sneasler|Sneasler, L50, M|100/100
|switch|p2b: Pelipper|Pelipper, L50, M|100/100
|-ability|p1b: Staraptor|Intimidate|boost
|-unboost|p2a: Sneasler|atk|1
|-unboost|p2b: Pelipper|atk|1
|-weather|RainDance|[from] ability: Drizzle|[of] p2b: Pelipper
|turn|1
|j| Peppersalt1
|inactive|PuffTheCutie has 30 seconds left.
|inactive|PuffTheCutie has 20 seconds left.
|
|t:|1786162818
|move|p2a: Sneasler|Fake Out|p1b: Staraptor
|-damage|p1b: Staraptor|87/100
|cant|p1b: Staraptor|flinch
|move|p1a: Gholdengo|Shadow Ball|p2b: Pelipper
|-damage|p2b: Pelipper|31/100
|-enditem|p2b: Pelipper|Sitrus Berry|[eat]
|-heal|p2b: Pelipper|56/100|[from] item: Sitrus Berry
|-damage|p1a: Gholdengo|90/100|[from] item: Life Orb
|move|p2b: Pelipper|Tailwind|p2b: Pelipper
|-sidestart|p2: kurowasun|move: Tailwind
|
|-weather|RainDance|[upkeep]
|upkeep
|turn|2
|inactive|kurowasun has 30 seconds left.
|inactive|PuffTheCutie has 30 seconds left.
|inactive|kurowasun has 20 seconds left.
|
|t:|1786162859
|switch|p1b: Milotic|Milotic, L50, M|100/100
|move|p2a: Sneasler|Protect|p2a: Sneasler
|-singleturn|p2a: Sneasler|Protect
|move|p2b: Pelipper|Weather Ball|p1a: Gholdengo
|-damage|p1a: Gholdengo|23/100
|move|p1a: Gholdengo|Shadow Ball|p2b: Pelipper
|-damage|p2b: Pelipper|0 fnt
|faint|p2b: Pelipper
|-damage|p1a: Gholdengo|13/100|[from] item: Life Orb
|
|-weather|RainDance|[upkeep]
|upkeep
|
|t:|1786162875
|switch|p2b: Overqwil|Overqwil, L50, F|100/100
|-ability|p2b: Overqwil|Intimidate|boost
|-unboost|p1a: Gholdengo|atk|1
|-unboost|p1b: Milotic|atk|1
|-ability|p1b: Milotic|Competitive|boost
|-boost|p1b: Milotic|spa|2
|turn|3
|inactive|PuffTheCutie has 30 seconds left.
|inactive|kurowasun has 30 seconds left.
|
|t:|1786162902
|move|p2a: Sneasler|Close Combat|p1b: Milotic
|-damage|p1b: Milotic|55/100
|-unboost|p2a: Sneasler|def|1
|-unboost|p2a: Sneasler|spd|1
|-status|p1b: Milotic|psn|[from] ability: Poison Touch|[of] p2a: Sneasler
|move|p2b: Overqwil|Minimize|p2b: Overqwil
|-boost|p2b: Overqwil|evasion|2
|move|p1a: Gholdengo|Make It Rain|p2b: Overqwil|[spread] p2a
|-miss|p1a: Gholdengo|p2b: Overqwil
|-enditem|p2a: Sneasler|Focus Sash
|-damage|p2a: Sneasler|1/100
|-unboost|p1a: Gholdengo|spa|2
|-damage|p1a: Gholdengo|4/100|[from] item: Life Orb
|move|p1b: Milotic|Scald|p2a: Sneasler
|-damage|p2a: Sneasler|0 fnt
|faint|p2a: Sneasler
|
|-weather|RainDance|[upkeep]
|-damage|p1b: Milotic|43/100 psn|[from] psn
|upkeep
|-enditem|p1b: Milotic|Sitrus Berry|[eat]
|-heal|p1b: Milotic|67/100 psn|[from] item: Sitrus Berry
|
|t:|1786162919
|switch|p2a: Swampert|Swampert, L50, F|100/100
|turn|4
|inactive|kurowasun has 30 seconds left.
|
|t:|1786162951
|move|p2a: Swampert|Protect|p2a: Swampert
|-singleturn|p2a: Swampert|Protect
|move|p1a: Gholdengo|Protect|p1a: Gholdengo
|-singleturn|p1a: Gholdengo|Protect
|move|p1b: Milotic|Protect|p1b: Milotic
|-singleturn|p1b: Milotic|Protect
|move|p2b: Overqwil|Stockpile|p2b: Overqwil
|-start|p2b: Overqwil|stockpile1
|-boost|p2b: Overqwil|def|1
|-boost|p2b: Overqwil|spd|1
|
|-weather|RainDance|[upkeep]
|-damage|p1b: Milotic|55/100 psn|[from] psn
|-sideend|p2: kurowasun|move: Tailwind
|upkeep
|turn|5
|inactive|PuffTheCutie has 30 seconds left.
|inactive|PuffTheCutie has 20 seconds left.
|
|t:|1786162989
|move|p1a: Gholdengo|Make It Rain|p2a: Swampert|[spread] p2a,p2b
|-resisted|p2a: Swampert|1
|-damage|p2a: Swampert|82/100
|-damage|p2b: Overqwil|79/100
|-unboost|p1a: Gholdengo|spa|2
|-damage|p1a: Gholdengo|0 fnt|[from] item: Life Orb
|faint|p1a: Gholdengo
|move|p2b: Overqwil|Barb Barrage|p1b: Milotic
|-damage|p1b: Milotic|12/100 psn
|move|p1b: Milotic|Scald|p2a: Swampert
|-damage|p2a: Swampert|0 fnt
|faint|p2a: Swampert
|
|-weather|none
|-heal|p2b: Overqwil|85/100|[from] item: Leftovers
|-damage|p1b: Milotic|0 fnt|[from] psn
|faint|p1b: Milotic
|upkeep
|
|t:|1786163006
|switch|p1a: Heliolisk|Heliolisk, L50, F|100/100
|switch|p1b: Staraptor|Staraptor, L50, F|87/100
|-ability|p1b: Staraptor|Intimidate|boost
|-unboost|p2b: Overqwil|atk|1
|turn|6
|
|t:|1786163027
|move|p1a: Heliolisk|Thunderbolt|p2b: Overqwil|[miss]
|-miss|p1a: Heliolisk|p2b: Overqwil
|move|p1b: Staraptor|Brave Bird|p2b: Overqwil
|-damage|p2b: Overqwil|44/100
|-damage|p1b: Staraptor|73/100|[from] Recoil
|move|p2b: Overqwil|Barb Barrage|p1b: Staraptor
|-damage|p1b: Staraptor|53/100
|
|-heal|p2b: Overqwil|51/100|[from] item: Leftovers
|upkeep
|turn|7
|
|t:|1786163041
|move|p2b: Overqwil|Protect|p2b: Overqwil
|-singleturn|p2b: Overqwil|Protect
|move|p1a: Heliolisk|Thunderbolt|p2b: Overqwil
|-activate|p2b: Overqwil|move: Protect
|move|p1b: Staraptor|Brave Bird|p2b: Overqwil
|-activate|p2b: Overqwil|move: Protect
|
|-heal|p2b: Overqwil|57/100|[from] item: Leftovers
|upkeep
|turn|8
|
|t:|1786163053
|move|p1a: Heliolisk|Thunderbolt|p2b: Overqwil|[miss]
|-miss|p1a: Heliolisk|p2b: Overqwil
|move|p1b: Staraptor|Brave Bird|p2b: Overqwil|[miss]
|-miss|p1b: Staraptor|p2b: Overqwil
|move|p2b: Overqwil|Barb Barrage|p1b: Staraptor
|-damage|p1b: Staraptor|33/100
|
|-heal|p2b: Overqwil|63/100|[from] item: Leftovers
|upkeep
|turn|9
|
|t:|1786163064
|move|p2b: Overqwil|Protect|p2b: Overqwil
|-singleturn|p2b: Overqwil|Protect
|move|p1a: Heliolisk|Thunderbolt|p2b: Overqwil
|-activate|p2b: Overqwil|move: Protect
|move|p1b: Staraptor|Brave Bird|p2b: Overqwil
|-activate|p2b: Overqwil|move: Protect
|
|-heal|p2b: Overqwil|69/100|[from] item: Leftovers
|upkeep
|turn|10
|
|t:|1786163075
|move|p1a: Heliolisk|Thunderbolt|p2b: Overqwil
|-damage|p2b: Overqwil|38/100
|move|p1b: Staraptor|Brave Bird|p2b: Overqwil|[miss]
|-miss|p1b: Staraptor|p2b: Overqwil
|move|p2b: Overqwil|Barb Barrage|p1b: Staraptor
|-damage|p1b: Staraptor|13/100
|-status|p1b: Staraptor|psn
|
|-heal|p2b: Overqwil|44/100|[from] item: Leftovers
|-damage|p1b: Staraptor|1/100 psn|[from] psn
|upkeep
|turn|11
|
|t:|1786163089
|move|p2b: Overqwil|Protect|p2b: Overqwil
|-singleturn|p2b: Overqwil|Protect
|move|p1a: Heliolisk|Thunderbolt|p2b: Overqwil
|-activate|p2b: Overqwil|move: Protect
|move|p1b: Staraptor|Brave Bird|p2b: Overqwil
|-activate|p2b: Overqwil|move: Protect
|
|-heal|p2b: Overqwil|51/100|[from] item: Leftovers
|-damage|p1b: Staraptor|0 fnt|[from] psn
|faint|p1b: Staraptor
|upkeep
|turn|12
|
|t:|1786163101
|move|p1a: Heliolisk|Thunderbolt|p2b: Overqwil|[miss]
|-miss|p1a: Heliolisk|p2b: Overqwil
|move|p2b: Overqwil|Minimize|p2b: Overqwil
|-boost|p2b: Overqwil|evasion|2
|
|-heal|p2b: Overqwil|57/100|[from] item: Leftovers
|upkeep
|turn|13
|
|t:|1786163109
|move|p1a: Heliolisk|Thunderbolt|p2b: Overqwil
|-damage|p2b: Overqwil|27/100
|move|p2b: Overqwil|Minimize|p2b: Overqwil
|-boost|p2b: Overqwil|evasion|2
|
|-heal|p2b: Overqwil|33/100|[from] item: Leftovers
|upkeep
|turn|14
|
|t:|1786163117
|move|p2b: Overqwil|Protect|p2b: Overqwil
|-singleturn|p2b: Overqwil|Protect
|move|p1a: Heliolisk|Thunderbolt|p2b: Overqwil
|-activate|p2b: Overqwil|move: Protect
|
|-heal|p2b: Overqwil|40/100|[from] item: Leftovers
|upkeep
|turn|15
|
|t:|1786163124
|move|p1a: Heliolisk|Thunderbolt|p2b: Overqwil|[miss]
|-miss|p1a: Heliolisk|p2b: Overqwil
|move|p2b: Overqwil|Barb Barrage|p1a: Heliolisk
|-crit|p1a: Heliolisk
|-damage|p1a: Heliolisk|30/100
|-status|p1a: Heliolisk|psn
|
|-heal|p2b: Overqwil|46/100|[from] item: Leftovers
|-damage|p1a: Heliolisk|18/100 psn|[from] psn
|upkeep
|turn|16
|
|t:|1786163133
|move|p2b: Overqwil|Protect|p2b: Overqwil
|-singleturn|p2b: Overqwil|Protect
|move|p1a: Heliolisk|Thunderbolt|p2b: Overqwil
|-activate|p2b: Overqwil|move: Protect
|
|-heal|p2b: Overqwil|52/100|[from] item: Leftovers
|-damage|p1a: Heliolisk|6/100 psn|[from] psn
|upkeep
|turn|17
|
|t:|1786163141
|move|p1a: Heliolisk|Thunderbolt|p2b: Overqwil|[miss]
|-miss|p1a: Heliolisk|p2b: Overqwil
|move|p2b: Overqwil|Barb Barrage|p1a: Heliolisk
|-damage|p1a: Heliolisk|0 fnt
|faint|p1a: Heliolisk
|
|win|kurowasun
||PuffTheCutie is ready for game 3.
