|j|Ōśålctrem
|j|ŌśåOreburghRanger
|html|lctremOreburghRanger    
|uhtml|bestof|Game 1 of a best-of-3
|t:|1756315989
|gametype|doubles
|player|p1|lctrem|2|
|player|p2|OreburghRanger|pokemonranger-gen4|
|gen|9
|tier|[Gen 9] VGC 2025 Reg H (Bo3)
|rule|Species Clause: Limit one of each Pok├®mon
|rule|Item Clause: Limit 1 of each item
|clearpoke
|poke|p1|Baxcalibur, L50, F|
|poke|p1|Kingambit, L50, M|
|poke|p1|Volcarona, L50, F|
|poke|p1|Dondozo, L50, M|
|poke|p1|Sneasler, L50, F|
|poke|p1|Rillaboom, L50, F|
|poke|p2|Charizard, L50, M|
|poke|p2|Torkoal, L50, F|
|poke|p2|Porygon2, L50|
|poke|p2|Incineroar, L50, M|
|poke|p2|Jumpluff, L50, F|
|poke|p2|Ursaluna, L50, M|
|teampreview|4
|showteam|p1|Baxcalibur||LoadedDice|ThermalExchange|ScaleShot,IcicleSpear,IceShard,Protect|||F|||50|,,,,,Ghost]Kingambit||SafetyGoggles|Defiant|KowtowCleave,SuckerPunch,SwordsDance,Protect|||M|||50|,,,,,Ghost]Volcarona||CovertCloak|FlameBody|HeatWave,TeraBlast,QuiverDance,Protect|||F|||50|,,,,,Fairy]Dondozo||Leftovers|Unaware|Liquidation,Fissure,Yawn,Protect|||M|||50|,,,,,Poison]Sneasler||FocusSash|Unburden|CloseCombat,DireClaw,Coaching,Protect|||F|||50|,,,,,Stellar]Rillaboom||AssaultVest|GrassySurge|WoodHammer,GrassyGlide,HighHorsepower,FakeOut|||F|||50|,,,,,Water
|showteam|p2|Charizard||ChoiceSpecs|SolarPower|HeatWave,Overheat,WeatherBall,AirSlash|||M|||50|,,,,,Ghost]Torkoal||EjectPack|Drought|Eruption,Overheat,HelpingHand,Protect|||F|||50|,,,,,Fire]Porygon2||Eviolite|Download|TeraBlast,IceBeam,Recover,TrickRoom||||||50|,,,,,Fighting]Incineroar||SafetyGoggles|Intimidate|FlareBlitz,KnockOff,FakeOut,PartingShot|||M|||50|,,,,,Ghost]Jumpluff||CovertCloak|Chlorophyll|SleepPowder,SunnyDay,RagePowder,Tailwind|||F|||50|,,,,,Water]Ursaluna||FlameOrb|Guts|HeadlongRush,Facade,Earthquake,Protect|||M|||50|,,,,,Ghost
|c|ŌśåOreburghRanger|glhf!
|inactive|Battle timer is ON: inactive players will automatically lose when time's up. (requested by OreburghRanger)
|inactive|lctrem has 60 seconds left.
|inactive|OreburghRanger has 60 seconds left.
|
|t:|1756316048
|teamsize|p1|4
|teamsize|p2|4
|start
|switch|p1a: Volcarona|Volcarona, L50, F|100/100
|switch|p1b: Sneasler|Sneasler, L50, F|100/100
|switch|p2a: Ayanami|Porygon2, L50, shiny|100/100
|switch|p2b: Sh┼Źnagon|Jumpluff, L50, F|100/100
|-ability|p2a: Ayanami|Download|boost
|-boost|p2a: Ayanami|atk|1
|turn|1
|inactive|OreburghRanger has 30 seconds left.
|
|t:|1756316081
|-terastallize|p2a: Ayanami|Fighting
|move|p2b: Sh┼Źnagon|Sleep Powder|p1b: Sneasler
|-status|p1b: Sneasler|slp|[from] move: Sleep Powder
|cant|p1b: Sneasler|slp
|move|p1a: Volcarona|Heat Wave|p2a: Ayanami|[spread] p2a,p2b
|-supereffective|p2b: Sh┼Źnagon
|-damage|p2a: Ayanami|81/100
|-damage|p2b: Sh┼Źnagon|34/100
|move|p2a: Ayanami|Trick Room|p2a: Ayanami
|-fieldstart|move: Trick Room|[of] p2a: Ayanami
|
|upkeep
|turn|2
|
|t:|1756316100
|switch|p1b: Rillaboom|Rillaboom, L50, F|100/100
|-fieldstart|move: Grassy Terrain|[from] ability: Grassy Surge|[of] p1b: Rillaboom
|switch|p2b: Musashi|Incineroar, L50, M|100/100
|-ability|p2b: Musashi|Intimidate|boost
|-unboost|p1a: Volcarona|atk|1
|-unboost|p1b: Rillaboom|atk|1
|move|p1a: Volcarona|Protect|p1a: Volcarona
|-singleturn|p1a: Volcarona|Protect
|move|p2a: Ayanami|Tera Blast|p1b: Rillaboom|[anim] Tera Blast Fighting
|-damage|p1b: Rillaboom|75/100
|
|-heal|p2a: Ayanami|87/100|[from] Grassy Terrain
|-heal|p1b: Rillaboom|81/100|[from] Grassy Terrain
|upkeep
|turn|3
|inactive|lctrem has 30 seconds left.
|inactive|OreburghRanger has 30 seconds left.
|
|t:|1756316127
|-terastallize|p1a: Volcarona|Fairy
|move|p2b: Musashi|Fake Out|p1a: Volcarona
|-damage|p1a: Volcarona|86/100
|move|p1b: Rillaboom|Fake Out|p2b: Musashi
|-damage|p2b: Musashi|91/100
|move|p2a: Ayanami|Ice Beam|p1b: Rillaboom
|-supereffective|p1b: Rillaboom
|-damage|p1b: Rillaboom|43/100
|move|p1a: Volcarona|Tera Blast|p2a: Ayanami|[anim] Tera Blast Fairy
|-supereffective|p2a: Ayanami
|-damage|p2a: Ayanami|43/100
|
|-heal|p2a: Ayanami|49/100|[from] Grassy Terrain
|-heal|p2b: Musashi|97/100|[from] Grassy Terrain
|-heal|p1b: Rillaboom|49/100|[from] Grassy Terrain
|-heal|p1a: Volcarona|92/100|[from] Grassy Terrain
|upkeep
|turn|4
|inactive|OreburghRanger has 30 seconds left.
|inactive|lctrem has 30 seconds left.
|inactive|OreburghRanger has 20 seconds left.
|inactive|OreburghRanger has 15 seconds left.
|
|t:|1756316167
|move|p2a: Ayanami|Recover|p2a: Ayanami
|-heal|p2a: Ayanami|99/100
|move|p2b: Musashi|Flare Blitz|p1b: Rillaboom
|-supereffective|p1b: Rillaboom
|-damage|p1b: Rillaboom|0 fnt
|faint|p1b: Rillaboom
|-damage|p2b: Musashi|81/100|[from] Recoil
|move|p1a: Volcarona|Tera Blast|p2a: Ayanami|[anim] Tera Blast Fairy
|-supereffective|p2a: Ayanami
|-damage|p2a: Ayanami|49/100
|
|-heal|p2a: Ayanami|55/100|[from] Grassy Terrain
|-heal|p2b: Musashi|87/100|[from] Grassy Terrain
|-heal|p1a: Volcarona|98/100|[from] Grassy Terrain
|upkeep
|
|t:|1756316177
|switch|p1b: Baxcalibur|Baxcalibur, L50, F|100/100
|turn|5
|
|t:|1756316189
|move|p1b: Baxcalibur|Protect|p1b: Baxcalibur
|-singleturn|p1b: Baxcalibur|Protect
|move|p2a: Ayanami|Recover|p2a: Ayanami
|-heal|p2a: Ayanami|100/100
|move|p2b: Musashi|Parting Shot|p1b: Baxcalibur
|-activate|p1b: Baxcalibur|move: Protect
|move|p1a: Volcarona|Quiver Dance|p1a: Volcarona
|-boost|p1a: Volcarona|spa|1
|-boost|p1a: Volcarona|spd|1
|-boost|p1a: Volcarona|spe|1
|
|-heal|p2b: Musashi|93/100|[from] Grassy Terrain
|-heal|p1a: Volcarona|100/100|[from] Grassy Terrain
|-fieldend|move: Trick Room
|upkeep
|turn|6
|inactive|lctrem has 30 seconds left.
|inactive|OreburghRanger has 30 seconds left.
|
|t:|1756316215
|switch|p2a: Sh┼Źnagon|Jumpluff, L50, F|34/100
|move|p1a: Volcarona|Tera Blast|p2a: Sh┼Źnagon|[anim] Tera Blast Fairy
|-damage|p2a: Sh┼Źnagon|0 fnt
|faint|p2a: Sh┼Źnagon
|move|p1b: Baxcalibur|Scale Shot|p2b: Musashi
|-damage|p2b: Musashi|79/100
|-damage|p2b: Musashi|63/100
|-damage|p2b: Musashi|48/100
|-damage|p2b: Musashi|34/100
|-damage|p2b: Musashi|21/100
|-hitcount|p2b: Musashi|5
|-unboost|p1b: Baxcalibur|def|1
|-boost|p1b: Baxcalibur|spe|1
|move|p2b: Musashi|Parting Shot|p1a: Volcarona
|-unboost|p1a: Volcarona|atk|1
|-unboost|p1a: Volcarona|spa|1
|
|t:|1756316234
|switch|p2b: Ayanami|Porygon2, L50, shiny, tera:Fighting|100/100|[from] Parting Shot
|-ability|p2b: Ayanami|Download|boost
|-boost|p2b: Ayanami|atk|1
|
|-fieldend|move: Grassy Terrain
|upkeep
|
|t:|1756316239
|switch|p2a: Musashi|Incineroar, L50, M|21/100
|-ability|p2a: Musashi|Intimidate|boost
|-unboost|p1a: Volcarona|atk|1
|-unboost|p1b: Baxcalibur|atk|1
|turn|7
|
|t:|1756316249
|move|p2a: Musashi|Fake Out|p1b: Baxcalibur
|-damage|p1b: Baxcalibur|84/100
|cant|p1b: Baxcalibur|flinch
|move|p1a: Volcarona|Tera Blast|p2b: Ayanami|[anim] Tera Blast Fairy
|-supereffective|p2b: Ayanami
|-damage|p2b: Ayanami|54/100
|move|p2b: Ayanami|Trick Room|p2b: Ayanami
|-fieldstart|move: Trick Room|[of] p2b: Ayanami
|
|upkeep
|turn|8
|
|t:|1756316264
|move|p1b: Baxcalibur|Protect|p1b: Baxcalibur
|-singleturn|p1b: Baxcalibur|Protect
|move|p2b: Ayanami|Tera Blast|p1b: Baxcalibur|[anim] Tera Blast Fighting
|-activate|p1b: Baxcalibur|move: Protect
|move|p2a: Musashi|Parting Shot|p1a: Volcarona
|-unboost|p1a: Volcarona|atk|1
|-unboost|p1a: Volcarona|spa|1
|
|t:|1756316271
|switch|p2a: Koshamain|Ursaluna, L50, M|100/100|[from] Parting Shot
|move|p1a: Volcarona|Tera Blast|p2b: Ayanami|[anim] Tera Blast Fairy
|-supereffective|p2b: Ayanami
|-damage|p2b: Ayanami|24/100
|
|-status|p2a: Koshamain|brn|[from] item: Flame Orb
|upkeep
|turn|9
|
|t:|1756316290
|move|p1a: Volcarona|Protect|p1a: Volcarona
|-singleturn|p1a: Volcarona|Protect
|move|p1b: Baxcalibur|Ice Shard|p2a: Koshamain
|-supereffective|p2a: Koshamain
|-damage|p2a: Koshamain|76/100 brn
|move|p2b: Ayanami|Recover|p2b: Ayanami
|-heal|p2b: Ayanami|74/100
|move|p2a: Koshamain|Facade|p1b: Baxcalibur
|-damage|p1b: Baxcalibur|0 fnt
|faint|p1b: Baxcalibur
|
|-damage|p2a: Koshamain|70/100 brn|[from] brn
|upkeep
|
|t:|1756316302
|switch|p1b: Sneasler|Sneasler, L50, F|100/100 slp
|turn|10
|
|t:|1756316318
|switch|p2b: Musashi|Incineroar, L50, M|21/100
|-ability|p2b: Musashi|Intimidate|boost
|-unboost|p1a: Volcarona|atk|1
|-unboost|p1b: Sneasler|atk|1
|move|p2a: Koshamain|Facade|p1a: Volcarona
|-damage|p1a: Volcarona|0 fnt
|faint|p1a: Volcarona
|cant|p1b: Sneasler|slp
|
|-damage|p2a: Koshamain|65/100 brn|[from] brn
|upkeep
|turn|11
|-message|lctrem forfeited.
|
|win|OreburghRanger
|l|Ōśålctrem
|player|p1|
