|j|☆aqoursfan1
|j|☆Simbaki
|html|aqoursfan1Simbaki    
|uhtml|bestof|Game 2 of a best-of-3
|t:|1785614790
|gametype|doubles
|player|p1|aqoursfan1|anabel-gen7|1000
|player|p2|Simbaki|102|1069
|gen|9
|tier|[Gen 9 Champions] VGC 2026 Reg M-B (Bo3)
|rated|
|rule|Species Clause: Limit one of each Pokémon
|rule|Item Clause: Limit 1 of each item
|clearpoke
|poke|p1|Raichu, L50, F|
|poke|p1|Gengar, L50, F|
|poke|p1|Incineroar, L50, F|
|poke|p1|Ninetales-Alola, L50, F, shiny|
|poke|p1|Volcarona, L50, F, shiny|
|poke|p1|Kommo-o, L50, F|
|poke|p2|Blastoise, L50, F|
|poke|p2|Delphox, L50, F|
|poke|p2|Incineroar, L50, F|
|poke|p2|Sneasler, L50, F|
|poke|p2|Farigiraf, L50, F|
|poke|p2|Maushold, L50|
|teampreview|4
|showteam|p1|Raichu||RaichuniteX|LightningRod|VoltTackle,VoltSwitch,FakeOut,Protect|Jolly||F|||50|]Gengar||Gengarite|CursedBody|ShadowBall,SludgeBomb,Substitute,Protect|Modest||F|||50|]Incineroar||PasshoBerry|Intimidate|FlareBlitz,ThroatChop,PartingShot,FakeOut|Adamant||F|||50|]Ninetales-Alola||ChoiceScarf|SnowWarning|Blizzard,FreezeDry,IcyWind,Moonblast|Timid||F|||50|]Volcarona||SitrusBerry|FlameBody|Flamethrower,StruggleBug,RagePowder,Protect|Bold||F|||50|]Kommo-o||Leftovers|Soundproof|ClangingScales,AuraSphere,ClangorousSoul,Protect|Modest||F|||50|
|showteam|p2|Blastoise||Blastoisinite|RainDish|WaterSpout,DarkPulse,ShellSmash,Protect|Modest||F|||50|]Delphox||Delphoxite|Blaze|HeatWave,Psyshock,NastyPlot,Protect|Serious||F|||50|]Incineroar||SitrusBerry|Intimidate|FlareBlitz,DarkestLariat,PartingShot,FakeOut|Careful||F|||50|]Sneasler||FocusSash|Unburden|CloseCombat,DireClaw,Coaching,FakeOut|Jolly||F|||50|]Farigiraf||ColburBerry|ArmorTail|Protect,HelpingHand,TwinBeam,TrickRoom|Bold||F|||50|]Maushold||ChopleBerry|FriendGuard|FollowMe,Protect,ThunderWave,Feint|Impish|||||50|
|inactive|Battle timer is ON: inactive players will automatically lose when time's up. (requested by aqoursfan1)
|
|t:|1785614821
|teamsize|p1|4
|teamsize|p2|4
|start
|switch|p1a: Gengar|Gengar, L50, F|100/100
|switch|p1b: Incineroar|Incineroar, L50, F|100/100
|switch|p2a: Delphox|Delphox, L50, F|100/100
|switch|p2b: Maushold|Maushold, L50|100/100
|-ability|p1b: Incineroar|Intimidate|boost
|-unboost|p2a: Delphox|atk|1
|-unboost|p2b: Maushold|atk|1
|turn|1
|
|t:|1785614838
|switch|p2b: Farigiraf|Farigiraf, L50, F|100/100
|detailschange|p1a: Gengar|Gengar-Mega, L50, F
|-mega|p1a: Gengar|Gengar|Gengarite
|detailschange|p2a: Delphox|Delphox-Mega, L50, F
|-mega|p2a: Delphox|Delphox|Delphoxite
|move|p1b: Incineroar|Fake Out||[still]
|cant|p2b: Farigiraf|ability: Armor Tail|Fake Out|[of] p1b: Incineroar
|move|p1a: Gengar|Substitute|p1a: Gengar
|-start|p1a: Gengar|Substitute
|-damage|p1a: Gengar|75/100
|move|p2a: Delphox|Psyshock|p1a: Gengar
|-supereffective|p1a: Gengar|1
|-end|p1a: Gengar|Substitute
|
|upkeep
|turn|2
|
|t:|1785614859
|move|p1a: Gengar|Protect|p1a: Gengar
|-singleturn|p1a: Gengar|Protect
|move|p2b: Farigiraf|Protect|p2b: Farigiraf
|-singleturn|p2b: Farigiraf|Protect
|move|p2a: Delphox|Psyshock|p1a: Gengar
|-activate|p1a: Gengar|move: Protect
|move|p1b: Incineroar|Parting Shot|p2b: Farigiraf
|-activate|p2b: Farigiraf|move: Protect
|
|upkeep
|turn|3
|
|t:|1785614879
|move|p1a: Gengar|Shadow Ball|p2a: Delphox
|-supereffective|p2a: Delphox|1
|-damage|p2a: Delphox|15/100
|-unboost|p2a: Delphox|spd|1
|move|p2a: Delphox|Psyshock|p1a: Gengar
|-supereffective|p1a: Gengar|1
|-damage|p1a: Gengar|0 fnt
|faint|p1a: Gengar
|move|p2b: Farigiraf|Twin Beam|p1b: Incineroar
|-immune|p1b: Incineroar
|move|p1b: Incineroar|Parting Shot|p2b: Farigiraf
|-unboost|p2b: Farigiraf|atk|1
|-unboost|p2b: Farigiraf|spa|1
|
|t:|1785614888
|switch|p1b: Volcarona|Volcarona, L50, F, shiny|100/100|[from] Parting Shot
|
|upkeep
|
|t:|1785614893
|switch|p1a: Ninetales|Ninetales-Alola, L50, F, shiny|100/100
|-weather|Snowscape|[from] ability: Snow Warning|[of] p1a: Ninetales
|turn|4
|
|t:|1785614899
|switch|p2b: Incineroar|Incineroar, L50, F|100/100
|-ability|p2b: Incineroar|Intimidate|boost
|-unboost|p1a: Ninetales|atk|1
|-unboost|p1b: Volcarona|atk|1
|move|p2a: Delphox|Protect|p2a: Delphox
|-singleturn|p2a: Delphox|Protect
|move|p1a: Ninetales|Blizzard|p2b: Incineroar|[spread] p2b
|-activate|p2a: Delphox|move: Protect
|-resisted|p2b: Incineroar|1
|-damage|p2b: Incineroar|87/100
|move|p1b: Volcarona|Struggle Bug|p2b: Incineroar|[spread] p2b
|-activate|p2a: Delphox|move: Protect
|-damage|p2b: Incineroar|73/100
|-unboost|p2b: Incineroar|spa|1
|
|-weather|Snowscape|[upkeep]
|upkeep
|turn|5
|inactive|Simbaki has 30 seconds left.
|
|t:|1785614925
|switch|p1a: Incineroar|Incineroar, L50, F|100/100
|-ability|p1a: Incineroar|Intimidate|boost
|-unboost|p2a: Delphox|atk|1
|-unboost|p2b: Incineroar|atk|1
|switch|p2a: Maushold|Maushold, L50|100/100
|move|p1b: Volcarona|Struggle Bug|p2b: Incineroar|[spread] p2a,p2b
|-crit|p2a: Maushold
|-damage|p2a: Maushold|66/100
|-damage|p2b: Incineroar|63/100
|-unboost|p2a: Maushold|spa|1
|-unboost|p2b: Incineroar|spa|1
|move|p2b: Incineroar|Flare Blitz|p1a: Incineroar
|-resisted|p1a: Incineroar|1
|-damage|p1a: Incineroar|86/100
|-damage|p2b: Incineroar|58/100|[from] Recoil
|
|-weather|Snowscape|[upkeep]
|upkeep
|turn|6
|inactive|Simbaki has 30 seconds left.
|
|t:|1785614954
|switch|p2b: Farigiraf|Farigiraf, L50, F|100/100
|move|p2a: Maushold|Protect|p2a: Maushold
|-singleturn|p2a: Maushold|Protect
|move|p1a: Incineroar|Fake Out||[still]
|cant|p2b: Farigiraf|ability: Armor Tail|Fake Out|[of] p1a: Incineroar
|move|p1b: Volcarona|Struggle Bug|p2b: Farigiraf|[spread] p2b
|-activate|p2a: Maushold|move: Protect
|-supereffective|p2b: Farigiraf|1
|-damage|p2b: Farigiraf|74/100
|-unboost|p2b: Farigiraf|spa|1
|
|-weather|Snowscape|[upkeep]
|upkeep
|turn|7
|
|t:|1785614973
|move|p2b: Farigiraf|Protect|p2b: Farigiraf
|-singleturn|p2b: Farigiraf|Protect
|move|p2a: Maushold|Thunder Wave|p1b: Volcarona
|-status|p1b: Volcarona|par
|move|p1a: Incineroar|Parting Shot|p2b: Farigiraf
|-activate|p2b: Farigiraf|move: Protect
|move|p1b: Volcarona|Struggle Bug|p2a: Maushold|[spread] p2a
|-activate|p2b: Farigiraf|move: Protect
|-damage|p2a: Maushold|45/100
|-unboost|p2a: Maushold|spa|1
|
|-weather|Snowscape|[upkeep]
|upkeep
|turn|8
|
|t:|1785614997
|switch|p2b: Delphox|Delphox-Mega, L50, F|15/100
|move|p2a: Maushold|Follow Me|p2a: Maushold
|-singleturn|p2a: Maushold|move: Follow Me
|move|p1a: Incineroar|Flare Blitz|p2a: Maushold
|-damage|p2a: Maushold|0 fnt
|faint|p2a: Maushold
|-damage|p1a: Incineroar|72/100|[from] Recoil
|move|p1b: Volcarona|Struggle Bug|p2b: Delphox
|-damage|p2b: Delphox|0 fnt
|faint|p2b: Delphox
|
|-weather|none
|upkeep
|-message|Simbaki forfeited.
|
|win|aqoursfan1
|raw|aqoursfan1's rating: 1000 → 1048(+48 for winning)
|raw|Simbaki's rating: 1069 → 1045(-24 for losing)
