|j|☆FFLastResort
|j|☆Blaze7989
|html|FFLastResortBlaze7989    
|uhtml|bestof|Game 2 of a best-of-3
|t:|1757024148
|gametype|doubles
|player|p1|FFLastResort|ethan|1273
|player|p2|Blaze7989|170|1290
|gen|9
|tier|[Gen 9] VGC 2025 Reg H (Bo3)
|rated|
|rule|Species Clause: Limit one of each Pokémon
|rule|Item Clause: Limit 1 of each item
|clearpoke
|poke|p1|Gholdengo, L50|
|poke|p1|Dragonite, L50, F|
|poke|p1|Maushold-Four, L50|
|poke|p1|Rillaboom, L50, F|
|poke|p1|Ursaluna-Bloodmoon, L50, M|
|poke|p1|Annihilape, L50, M|
|poke|p2|Armarouge, L50, M|
|poke|p2|Ursaluna-Bloodmoon, L50, M|
|poke|p2|Smeargle, L50, M|
|poke|p2|Scyther, L50, F|
|poke|p2|Ninetales-Alola, L50, F|
|poke|p2|Rillaboom, L50, F|
|teampreview|4
|showteam|p1|Gholdengo||LifeOrb|GoodasGold|MakeItRain,ShadowBall,NastyPlot,Protect||||||50|,,,,,Water]Dragonite||LoadedDice|Multiscale|Tailwind,Haze,Protect,ScaleShot|||F|||50|,,,,,Fairy]Maushold-Four||FocusSash|FriendGuard|Taunt,FollowMe,BeatUp,Protect||||||50|,,,,,Ghost]Rillaboom||MiracleSeed|GrassySurge|FakeOut,WoodHammer,GrassyGlide,HighHorsepower|||F|||50|,,,,,Grass]Ursaluna-Bloodmoon||AssaultVest|MindsEye|BloodMoon,EarthPower,HyperVoice,VacuumWave|||M|||50|,,,,,Water]Annihilape||SitrusBerry|Defiant|DrainPunch,RageFist,BulkUp,Protect|||M|||50|,,,,,Fire
|showteam|p2|Armarouge||PowerHerb|FlashFire|Psychic,ArmorCannon,MeteorBeam,TrickRoom|||M|||50|,,,,,Grass]Ursaluna-Bloodmoon||LifeOrb|MindsEye|HyperVoice,BloodMoon,EarthPower,Protect|||M|||50|,,,,,Normal]Smeargle||FocusSash|Moody|Spore,Decorate,FakeOut,FollowMe|||M|||50|,,,,,Ghost]Scyther||Eviolite|Technician|BugBite,DualWingbeat,Tailwind,Protect|||F|||50|,,,,,Steel]Ninetales-Alola||ChoiceSpecs|SnowWarning|Blizzard,Moonblast,FreezeDry,IceBeam|||F|||50|,,,,,Ice]Rillaboom||AssaultVest|GrassySurge|WoodHammer,GrassyGlide,HighHorsepower,FakeOut|||F|||50|,,,,,Fire
|inactive|Battle timer is ON: inactive players will automatically lose when time's up. (requested by FFLastResort)
|
|t:|1757024165
|teamsize|p1|4
|teamsize|p2|4
|start
|switch|p1a: Gholdengo|Gholdengo, L50|100/100
|switch|p1b: Maushold|Maushold-Four, L50|100/100
|switch|p2a: Smeargle|Smeargle, L50, M|100/100
|switch|p2b: Ursaluna|Ursaluna-Bloodmoon, L50, M|100/100
|turn|1
|inactive|FFLastResort has 30 seconds left.
|
|t:|1757024198
|move|p1b: Maushold|Taunt|p2a: Smeargle
|-start|p2a: Smeargle|move: Taunt
|move|p1a: Gholdengo|Make It Rain|p2a: Smeargle|[spread] p2a,p2b
|-enditem|p2a: Smeargle|Focus Sash
|-damage|p2a: Smeargle|1/100
|-damage|p2b: Ursaluna|28/100
|-unboost|p1a: Gholdengo|spa|1
|-damage|p1a: Gholdengo|91/100|[from] item: Life Orb
|cant|p2a: Smeargle|move: Taunt|Decorate
|move|p2b: Ursaluna|Hyper Voice|p1b: Maushold|[spread] p1a,p1b
|-resisted|p1a: Gholdengo
|-damage|p1a: Gholdengo|70/100
|-damage|p1b: Maushold|35/100
|-damage|p2b: Ursaluna|18/100|[from] item: Life Orb
|
|-ability|p2a: Smeargle|Moody|boost
|-boost|p2a: Smeargle|atk|2
|-unboost|p2a: Smeargle|def|1
|upkeep
|turn|2
|
|t:|1757024220
|switch|p1b: Dragonite|Dragonite, L50, F|100/100
|switch|p2a: Scyther|Scyther, L50, F|100/100
|move|p2b: Ursaluna|Protect|p2b: Ursaluna
|-singleturn|p2b: Ursaluna|Protect
|move|p1a: Gholdengo|Make It Rain|p2b: Ursaluna|[spread] p2a
|-activate|p2b: Ursaluna|move: Protect
|-damage|p2a: Scyther|66/100
|-unboost|p1a: Gholdengo|spa|1
|-damage|p1a: Gholdengo|60/100|[from] item: Life Orb
|
|upkeep
|turn|3
|
|t:|1757024234
|move|p2a: Scyther|Tailwind|p2a: Scyther
|-sidestart|p2: Blaze7989|move: Tailwind
|move|p2b: Ursaluna|Earth Power|p1a: Gholdengo
|-supereffective|p1a: Gholdengo
|-damage|p1a: Gholdengo|0 fnt
|faint|p1a: Gholdengo
|-damage|p2b: Ursaluna|9/100|[from] item: Life Orb
|move|p1b: Dragonite|Tailwind|p1b: Dragonite
|-sidestart|p1: FFLastResort|move: Tailwind
|
|upkeep
|
|t:|1757024244
|switch|p1a: Ursaluna|Ursaluna-Bloodmoon, L50, M|100/100
|turn|4
|
|t:|1757024254
|move|p2a: Scyther|Protect|p2a: Scyther
|-singleturn|p2a: Scyther|Protect
|move|p1a: Ursaluna|Vacuum Wave|p2b: Ursaluna
|-supereffective|p2b: Ursaluna
|-damage|p2b: Ursaluna|0 fnt
|faint|p2b: Ursaluna
|move|p1b: Dragonite|Scale Shot|p2a: Scyther
|-activate|p2a: Scyther|move: Protect
|
|upkeep
|
|t:|1757024258
|switch|p2b: Armarouge|Armarouge, L50, M|100/100
|turn|5
|inactive|FFLastResort has 30 seconds left.
|
|t:|1757024290
|-terastallize|p2b: Armarouge|Grass
|move|p2a: Scyther|Bug Bite|p1a: Ursaluna
|-damage|p1a: Ursaluna|72/100
|move|p1b: Dragonite|Scale Shot|p2a: Scyther
|-damage|p2a: Scyther|53/100
|-damage|p2a: Scyther|41/100
|-damage|p2a: Scyther|27/100
|-damage|p2a: Scyther|12/100
|-damage|p2a: Scyther|0 fnt
|faint|p2a: Scyther
|-hitcount|p2: Scyther|5
|-unboost|p1b: Dragonite|def|1
|-boost|p1b: Dragonite|spe|1
|move|p2b: Armarouge|Meteor Beam||[still]
|-prepare|p2b: Armarouge|Meteor Beam
|-boost|p2b: Armarouge|spa|1
|-enditem|p2b: Armarouge|Power Herb
|-anim|p2b: Armarouge|Meteor Beam|p1a: Ursaluna
|-resisted|p1a: Ursaluna
|-damage|p1a: Ursaluna|49/100
|move|p1a: Ursaluna|Blood Moon|p2b: Armarouge
|-crit|p2b: Armarouge
|-damage|p2b: Armarouge|0 fnt
|faint|p2b: Armarouge
|
|upkeep
|-message|Blaze7989 forfeited.
|
|win|FFLastResort
|raw|FFLastResort's rating: 1273 → 1299(+26 for winning)
|raw|Blaze7989's rating: 1290 → 1264(-26 for losing)
|l|☆Blaze7989
|player|p2|
