|j|☆SRareFox
|j|☆Sakky09
|html|SRareFoxSakky09    
|uhtml|bestof|Game 1 of a best-of-3
|t:|1757245893
|gametype|doubles
|player|p1|SRareFox|170|1208
|player|p2|Sakky09|sailor|1384
|gen|9
|tier|[Gen 9] VGC 2025 Reg H (Bo3)
|rated|
|rule|Species Clause: Limit one of each Pokémon
|rule|Item Clause: Limit 1 of each item
|clearpoke
|poke|p1|Indeedee-F, L50, F|
|poke|p1|Gallade, L50, M|
|poke|p1|Hatterene, L50, F|
|poke|p1|Ursaluna, L50, F|
|poke|p1|Torkoal, L50, F|
|poke|p1|Porygon2, L50|
|poke|p2|Maushold-Four, L50|
|poke|p2|Annihilape, L50, M|
|poke|p2|Dragonite, L50, F|
|poke|p2|Gholdengo, L50|
|poke|p2|Ursaluna-Bloodmoon, L50, M|
|poke|p2|Rillaboom, L50, M|
|teampreview|4
|showteam|p1|Indeedee-F||SafetyGoggles|PsychicSurge|Psychic,FollowMe,TrickRoom,HelpingHand|||F|||50|,,,,,Water]Gallade||ClearAmulet|Sharpness|PsychoCut,SacredSword,TrickRoom,WideGuard|||M|||50|,,,,,Grass]Hatterene||LifeOrb|MagicBounce|ExpandingForce,DazzlingGleam,TrickRoom,MysticalFire|||F|||50|,,,,,Fire]Ursaluna||FlameOrb|Guts|Facade,HeadlongRush,Earthquake,Protect|||F|||50|,,,,,Ghost]Torkoal||Charcoal|Drought|Eruption,WeatherBall,ClearSmog,Protect|||F|||50|,,,,,Fire]Porygon2||Eviolite|Download|IceBeam,TeraBlast,TrickRoom,Recover||||||50|,,,,,Flying
|showteam|p2|Maushold-Four||FocusSash|FriendGuard|SuperFang,FollowMe,BeatUp,Protect||||||50|,,,,,Ghost]Annihilape||SitrusBerry|Defiant|RageFist,DrainPunch,BulkUp,Protect|||M|||50|,,,,,Fire]Dragonite||LoadedDice|Multiscale|Tailwind,Haze,Protect,ScaleShot|||F|||50|,,,,,Fairy]Gholdengo||LifeOrb|GoodasGold|MakeItRain,ShadowBall,NastyPlot,Protect||||||50|,,,,,Water]Ursaluna-Bloodmoon||AssaultVest|MindsEye|BloodMoon,EarthPower,HyperVoice,VacuumWave|||M|||50|,,,,,Water]Rillaboom||MiracleSeed|GrassySurge|WoodHammer,GrassyGlide,FakeOut,HighHorsepower|||M|||50|,,,,,Fire
|inactive|Battle timer is ON: inactive players will automatically lose when time's up. (requested by Sakky09)
|inactive|SRareFox also wants the timer to be on.
|inactive|Sakky09 has 60 seconds left.
|
|t:|1757245952
|teamsize|p1|4
|teamsize|p2|4
|start
|switch|p1a: Indeedee|Indeedee-F, L50, F|100/100
|switch|p1b: Gallade|Gallade, L50, M|100/100
|switch|p2a: Gholdengo|Gholdengo, L50|100/100
|switch|p2b: Ursaluna|Ursaluna-Bloodmoon, L50, M|100/100
|-fieldstart|move: Psychic Terrain|[from] ability: Psychic Surge|[of] p1a: Indeedee
|turn|1
|inactive|Sakky09 has 30 seconds left.
|inactive|Sakky09 has 20 seconds left.
|inactive|Sakky09 has 15 seconds left.
|inactive|Sakky09 has 10 seconds left.
|
|t:|1757245999
|move|p1b: Gallade|Wide Guard|p1b: Gallade
|-singleturn|p1b: Gallade|Wide Guard
|move|p2a: Gholdengo|Make It Rain|p1b: Gallade|[spread] 
|-activate|p1a: Indeedee|move: Wide Guard
|-activate|p1b: Gallade|move: Wide Guard
|move|p2b: Ursaluna|Blood Moon|p1a: Indeedee
|-damage|p1a: Indeedee|22/100
|move|p1a: Indeedee|Trick Room|p1a: Indeedee
|-fieldstart|move: Trick Room|[of] p1a: Indeedee
|
|upkeep
|turn|2
|inactive|SRareFox has 30 seconds left.
|inactive|Sakky09 has 30 seconds left.
|inactive|SRareFox has 20 seconds left.
|inactive|Sakky09 has 20 seconds left.
|inactive|Sakky09 has 15 seconds left.
|
|t:|1757246043
|switch|p1a: Torkoal|Torkoal, L50, F|100/100
|-weather|SunnyDay|[from] ability: Drought|[of] p1a: Torkoal
|switch|p2b: Rillaboom|Rillaboom, L50, M|100/100
|-fieldstart|move: Grassy Terrain|[from] ability: Grassy Surge|[of] p2b: Rillaboom
|move|p1b: Gallade|Wide Guard|p1b: Gallade
|-singleturn|p1b: Gallade|Wide Guard
|move|p2a: Gholdengo|Make It Rain|p1b: Gallade|[spread] 
|-activate|p1a: Torkoal|move: Wide Guard
|-activate|p1b: Gallade|move: Wide Guard
|
|-weather|SunnyDay|[upkeep]
|upkeep
|turn|3
|inactive|SRareFox has 30 seconds left.
|inactive|Sakky09 has 30 seconds left.
|inactive|SRareFox has 20 seconds left.
|inactive|Sakky09 has 20 seconds left.
|inactive|SRareFox has 15 seconds left.
|inactive|Sakky09 has 15 seconds left.
|inactive|SRareFox has 10 seconds left.
|
|t:|1757246091
|switch|p1a: Indeedee|Indeedee-F, L50, F|22/100
|-fieldstart|move: Psychic Terrain|[from] ability: Psychic Surge|[of] p1a: Indeedee
|move|p2b: Rillaboom|Fake Out|p1a: Indeedee
|-activate|p1a: Indeedee|move: Psychic Terrain
|move|p1b: Gallade|Sacred Sword|p2b: Rillaboom
|-damage|p2b: Rillaboom|35/100
|move|p2a: Gholdengo|Shadow Ball|p1b: Gallade
|-supereffective|p1b: Gallade
|-damage|p1b: Gallade|10/100
|-damage|p2a: Gholdengo|91/100|[from] item: Life Orb
|
|-weather|SunnyDay|[upkeep]
|upkeep
|turn|4
|inactive|SRareFox has 30 seconds left.
|inactive|Sakky09 has 30 seconds left.
|inactive|SRareFox has 20 seconds left.
|inactive|SRareFox has 15 seconds left.
|
|t:|1757246132
|switch|p2b: Dragonite|Dragonite, L50, F|100/100
|move|p1a: Indeedee|Follow Me|p1a: Indeedee
|-singleturn|p1a: Indeedee|move: Follow Me
|move|p1b: Gallade|Sacred Sword|p2b: Dragonite
|-resisted|p2b: Dragonite
|-damage|p2b: Dragonite|79/100
|move|p2a: Gholdengo|Make It Rain|p1a: Indeedee|[spread] p1a,p1b
|-damage|p1a: Indeedee|0 fnt
|-damage|p1b: Gallade|0 fnt
|-unboost|p2a: Gholdengo|spa|1
|faint|p1a: Indeedee
|faint|p1b: Gallade
|-damage|p2a: Gholdengo|81/100|[from] item: Life Orb
|
|-weather|SunnyDay|[upkeep]
|upkeep
|
|t:|1757246142
|switch|p1b: Hatterene|Hatterene, L50, F|100/100
|switch|p1a: Torkoal|Torkoal, L50, F|100/100
|turn|5
|
|t:|1757246162
|switch|p2a: Rillaboom|Rillaboom, L50, M|35/100
|-fieldstart|move: Grassy Terrain|[from] ability: Grassy Surge|[of] p2a: Rillaboom
|-terastallize|p1a: Torkoal|Fire
|move|p2b: Dragonite|Protect|p2b: Dragonite
|-singleturn|p2b: Dragonite|Protect
|move|p1a: Torkoal|Eruption|p2b: Dragonite|[spread] p2a
|-activate|p2b: Dragonite|move: Protect
|-supereffective|p2a: Rillaboom
|-damage|p2a: Rillaboom|0 fnt
|faint|p2a: Rillaboom
|move|p1b: Hatterene|Dazzling Gleam|p2b: Dragonite
|-activate|p2b: Dragonite|move: Protect
|
|-weather|SunnyDay|[upkeep]
|-fieldend|move: Trick Room
|upkeep
|
|t:|1757246180
|switch|p2a: Gholdengo|Gholdengo, L50|81/100
|turn|6
|
|t:|1757246196
|move|p2a: Gholdengo|Make It Rain|p1b: Hatterene|[spread] p1a,p1b
|-resisted|p1a: Torkoal
|-supereffective|p1b: Hatterene
|-damage|p1a: Torkoal|63/100
|-damage|p1b: Hatterene|0 fnt
|-unboost|p2a: Gholdengo|spa|1
|faint|p1b: Hatterene
|-damage|p2a: Gholdengo|72/100|[from] item: Life Orb
|move|p2b: Dragonite|Scale Shot|p1a: Torkoal
|-damage|p1a: Torkoal|51/100
|-damage|p1a: Torkoal|39/100
|-damage|p1a: Torkoal|28/100
|-crit|p1a: Torkoal
|-damage|p1a: Torkoal|11/100
|-damage|p1a: Torkoal|0 fnt
|faint|p1a: Torkoal
|-hitcount|p1: Torkoal|5
|
|win|Sakky09
||SRareFox is ready for game 2.
