|j|☆lettitripppp
|j|☆Timothim Chalombre
|html|lettitrippppTimothim Chalombre    
|uhtml|bestof|Game 2 of a best-of-3
|t:|1783736830
|gametype|doubles
|player|p1|lettitripppp|lucas|1273
|player|p2|Timothim Chalombre|caitlin|1131
|gen|9
|tier|[Gen 9 Champions] VGC 2026 Reg M-B (Bo3)
|rated|
|rule|Species Clause: Limit one of each Pokémon
|rule|Item Clause: Limit 1 of each item
|clearpoke
|poke|p1|Charizard, L50, F|
|poke|p1|Basculegion, L50, M|
|poke|p1|Whimsicott, L50, M, shiny|
|poke|p1|Garchomp, L50, F, shiny|
|poke|p1|Floette-Eternal, L50, F|
|poke|p1|Kingambit, L50, F, shiny|
|poke|p2|Ceruledge, L50, F|
|poke|p2|Staraptor, L50, M|
|poke|p2|Whimsicott, L50, F|
|poke|p2|Garchomp, L50, M|
|poke|p2|Ninetales-Alola, L50, M|
|poke|p2|Kingambit, L50, M|
|teampreview|4
|showteam|p1|Charizard||CharizarditeY|Blaze|WeatherBall,SolarBeam,HeatWave,Protect|Modest||F|||50|]Basculegion||MysticWater|Adaptability|LastRespects,WaveCrash,AquaJet,Protect|Adamant||M|||50|]Whimsicott||FocusSash|Prankster|Moonblast,Tailwind,Encore,Protect|Timid||M|||50|]Garchomp||LifeOrb|RoughSkin|DragonClaw,Earthquake,RockSlide,Protect|Jolly||F|||50|]Floette-Eternal||Floettite|FlowerVeil|DazzlingGleam,LightofRuin,Moonblast,Protect|Modest||F|||50|]Kingambit||ChopleBerry|Defiant|KowtowCleave,SuckerPunch,IronHead,LowKick|Adamant||F|||50|
|showteam|p2|Ceruledge||PasshoBerry|FlashFire|BitterBlade,ShadowSneak,BulkUp,Protect|Adamant||F|||50|]Staraptor||Staraptite|Intimidate|BraveBird,CloseCombat,Roost,Protect|Adamant||M|||50|]Whimsicott||FocusSash|Prankster|Moonblast,Tailwind,Protect,Tickle|Timid||F|||50|]Garchomp||LifeOrb|RoughSkin|Earthquake,DragonClaw,RockSlide,Protect|Jolly||M|||50|]Ninetales-Alola||NeverMeltIce|SnowWarning|Blizzard,FreezeDry,Encore,Protect|Timid||M|||50|]Kingambit||BlackGlasses|Defiant|KowtowCleave,IronHead,SuckerPunch,Protect|Adamant||M|||50|
|inactive|Battle timer is ON: inactive players will automatically lose when time's up. (requested by lettitripppp)
|inactive|Timothim Chalombre has 60 seconds left.
|
|t:|1783736889
|teamsize|p1|4
|teamsize|p2|4
|start
|switch|p1a: LETS GO GO|Whimsicott, L50, M, shiny|100/100
|switch|p1b: GHOSTWAVE|Basculegion, L50, M|100/100
|switch|p2a: Staraptor|Staraptor, L50, M|100/100
|switch|p2b: Whimsicott|Whimsicott, L50, F|100/100
|-ability|p2a: Staraptor|Intimidate|boost
|-unboost|p1a: LETS GO GO|atk|1
|-unboost|p1b: GHOSTWAVE|atk|1
|turn|1
|inactive|Timothim Chalombre has 30 seconds left.
|inactive|Timothim Chalombre has 20 seconds left.
|inactive|Timothim Chalombre has 15 seconds left.
|inactive|Timothim Chalombre has 10 seconds left.
|inactive|Timothim Chalombre has 5 seconds left.
|
|t:|1783736939
|detailschange|p2a: Staraptor|Staraptor-Mega, L50, M
|-mega|p2a: Staraptor|Staraptor|Staraptite
|move|p2b: Whimsicott|Tickle|p2a: Staraptor
|-boost|p2a: Staraptor|atk|1
|-boost|p2a: Staraptor|def|1
|move|p1a: LETS GO GO|Moonblast|p2a: Staraptor
|-supereffective|p2a: Staraptor|1
|-damage|p2a: Staraptor|43/100
|move|p2a: Staraptor|Brave Bird|p1b: GHOSTWAVE
|-damage|p1b: GHOSTWAVE|3/100
|-damage|p2a: Staraptor|10/100|[from] Recoil
|move|p1b: GHOSTWAVE|Wave Crash|p2a: Staraptor
|-crit|p2a: Staraptor
|-damage|p2a: Staraptor|0 fnt
|faint|p2a: Staraptor
|-damage|p1b: GHOSTWAVE|0 fnt|[from] Recoil
|faint|p1b: GHOSTWAVE
|
|upkeep
|
|t:|1783736956
|switch|p2a: Ninetales|Ninetales-Alola, L50, M|100/100
|switch|p1b: RUINOUS LIGHT|Floette-Eternal, L50, F|100/100
|-weather|Snowscape|[from] ability: Snow Warning|[of] p2a: Ninetales
|turn|2
|inactive|Timothim Chalombre has 30 seconds left.
|
|t:|1783736991
|detailschange|p1b: RUINOUS LIGHT|Floette-Mega, L50, F
|-mega|p1b: RUINOUS LIGHT|Floette|Floettite
|-ability|p1b: RUINOUS LIGHT|Fairy Aura
|move|p2b: Whimsicott|Tailwind|p2b: Whimsicott
|-sidestart|p2: Timothim Chalombre|move: Tailwind
|move|p2a: Ninetales|Blizzard|p1b: RUINOUS LIGHT|[spread] p1a,p1b
|-supereffective|p1a: LETS GO GO|1
|-damage|p1a: LETS GO GO|4/100
|-damage|p1b: RUINOUS LIGHT|72/100
|move|p1a: LETS GO GO|Moonblast|p2b: Whimsicott
|-damage|p2b: Whimsicott|50/100g
|move|p1b: RUINOUS LIGHT|Dazzling Gleam|p2a: Ninetales|[spread] p2a,p2b
|-crit|p2a: Ninetales
|-damage|p2a: Ninetales|20/100y
|-damage|p2b: Whimsicott|0 fnt
|faint|p2b: Whimsicott
|
|-weather|Snowscape|[upkeep]
|upkeep
|
|t:|1783736993
|switch|p2b: Ceruledge|Ceruledge, L50, F|100/100
|turn|3
|
|t:|1783737012
|move|p2a: Ninetales|Protect|p2a: Ninetales
|-singleturn|p2a: Ninetales|Protect
|move|p1a: LETS GO GO|Tailwind|p1a: LETS GO GO
|-sidestart|p1: lettitripppp|move: Tailwind
|move|p1b: RUINOUS LIGHT|Dazzling Gleam|p2a: Ninetales|[spread] p2b
|-activate|p2a: Ninetales|move: Protect
|-resisted|p2b: Ceruledge|1
|-damage|p2b: Ceruledge|79/100
|move|p2b: Ceruledge|Bitter Blade|p1b: RUINOUS LIGHT
|-damage|p1b: RUINOUS LIGHT|12/100
|-heal|p2b: Ceruledge|100/100|[from] drain|[of] p1b: RUINOUS LIGHT
|
|-weather|Snowscape|[upkeep]
|upkeep
|turn|4
|
|t:|1783737022
|move|p2b: Ceruledge|Shadow Sneak|p1a: LETS GO GO
|-damage|p1a: LETS GO GO|0 fnt
|faint|p1a: LETS GO GO
|move|p2a: Ninetales|Blizzard|p1b: RUINOUS LIGHT
|-damage|p1b: RUINOUS LIGHT|0 fnt
|faint|p1b: RUINOUS LIGHT
|
|-weather|Snowscape|[upkeep]
|upkeep
|
|t:|1783737029
|switch|p1b: GENERAL BLADUS|Kingambit, L50, F, shiny|100/100
|turn|5
|
|t:|1783737045
|move|p2a: Ninetales|Blizzard|p1b: GENERAL BLADUS
|-resisted|p1b: GENERAL BLADUS|1
|-damage|p1b: GENERAL BLADUS|76/100
|-status|p1b: GENERAL BLADUS|frz
|move|p2b: Ceruledge|Bulk Up|p2b: Ceruledge
|-boost|p2b: Ceruledge|atk|1
|-boost|p2b: Ceruledge|def|1
|cant|p1b: GENERAL BLADUS|frz
|
|-weather|Snowscape|[upkeep]
|-sideend|p2: Timothim Chalombre|move: Tailwind
|upkeep
|turn|6
|
|t:|1783737052
|move|p2a: Ninetales|Blizzard|p1b: GENERAL BLADUS
|-resisted|p1b: GENERAL BLADUS|1
|-damage|p1b: GENERAL BLADUS|55/100 frz
|-curestatus|p1b: GENERAL BLADUS|frz|[msg]
|move|p1b: GENERAL BLADUS|Kowtow Cleave|p2b: Ceruledge
|-supereffective|p2b: Ceruledge|1
|-damage|p2b: Ceruledge|26/100
|move|p2b: Ceruledge|Bitter Blade|p1b: GENERAL BLADUS
|-supereffective|p1b: GENERAL BLADUS|1
|-damage|p1b: GENERAL BLADUS|0 fnt
|-heal|p2b: Ceruledge|57/100|[from] drain|[of] p1b: GENERAL BLADUS
|faint|p1b: GENERAL BLADUS
|
|win|Timothim Chalombre
|inactive|lettitripppp has 29 seconds to confirm battle start!
|inactive|Timothim Chalombre has 29 seconds to confirm battle start!
||lettitripppp is ready for game 3.
