|j|☆SuprEpcGuy
|j|☆Fernav09
|html|SuprEpcGuyFernav09    
|uhtml|bestof|Game 2 of a best-of-3
|t:|1783097240
|gametype|doubles
|player|p1|SuprEpcGuy|shauntal|1179
|player|p2|Fernav09|102|1243
|gen|9
|tier|[Gen 9 Champions] VGC 2026 Reg M-B (Bo3)
|rated|
|rule|Species Clause: Limit one of each Pokémon
|rule|Item Clause: Limit 1 of each item
|clearpoke
|poke|p1|Zoroark-Hisui, L50, F|
|poke|p1|Basculegion, L50, M|
|poke|p1|Kingambit, L50, F, shiny|
|poke|p1|Aerodactyl, L50, M|
|poke|p1|Floette-Eternal, L50, F|
|poke|p1|Incineroar, L50, M|
|poke|p2|Blaziken, L50, M|
|poke|p2|Gengar, L50, M|
|poke|p2|Kingambit, L50, M|
|poke|p2|Rotom-Wash, L50|
|poke|p2|Farigiraf, L50, M|
|poke|p2|Garchomp, L50, F|
|teampreview|4
|showteam|p1|Zoroark-Hisui||FocusSash|Illusion|IcyWind,WillOWisp,ShadowBall,Taunt|Timid||F|||50|]Basculegion||ChoiceScarf|Adaptability|LastRespects,WaveCrash,AquaJet,FlipTurn|Jolly||M|||50|]Kingambit||BlackGlasses|Defiant|SuckerPunch,KowtowCleave,Protect,SwordsDance|Adamant||F|||50|]Aerodactyl||Aerodactylite|RockHead|RockSlide,PsychicFangs,WideGuard,Tailwind|Jolly||M|||50|]Floette-Eternal||Floettite|FlowerVeil|Moonblast,DazzlingGleam,CalmMind,Protect|Modest||F|||50|]Incineroar||SitrusBerry|Intimidate|FakeOut,FlareBlitz,PartingShot,ThroatChop|Careful||M|||50|
|showteam|p2|Blaziken||Blazikenite|SpeedBoost|CloseCombat,FlareBlitz,RockSlide,Protect|Adamant||M|||50|]Gengar||Gengarite|CursedBody|ShadowBall,SludgeBomb,Taunt,Protect|Timid||M|||50|]Kingambit||ChopleBerry|Defiant|KowtowCleave,IronHead,SuckerPunch,Protect|Brave||M|||50|]Rotom-Wash||Leftovers|Levitate|Thunderbolt,WillOWisp,HydroPump,VoltSwitch|Calm|||||50|]Farigiraf||SitrusBerry|ArmorTail|GrassKnot,TwinBeam,HelpingHand,TrickRoom|Bold||M|||50|]Garchomp||LifeOrb|RoughSkin|RockSlide,Earthquake,DragonClaw,Protect|Adamant||F|||50|
|inactive|Battle timer is ON: inactive players will automatically lose when time's up. (requested by SuprEpcGuy)
|inactive|SuprEpcGuy has 60 seconds left.
|inactive|Fernav09 has 60 seconds left.
|inactive|Fernav09 has 30 seconds left.
|inactive|Fernav09 has 20 seconds left.
|
|t:|1783097316
|teamsize|p1|4
|teamsize|p2|4
|start
|switch|p1a: Floette|Floette-Eternal, L50, F|100/100
|switch|p1b: Freight|Aerodactyl, L50, M|100/100
|switch|p2a: Blaziken|Blaziken, L50, M|100/100
|switch|p2b: Kingambit|Kingambit, L50, M|100/100
|turn|1
|inactive|SuprEpcGuy has 30 seconds left.
|
|t:|1783097345
|detailschange|p1a: Floette|Floette-Mega, L50, F
|-mega|p1a: Floette|Floette|Floettite
|-ability|p1a: Floette|Fairy Aura
|detailschange|p2a: Blaziken|Blaziken-Mega, L50, M
|-mega|p2a: Blaziken|Blaziken|Blazikenite
|move|p2a: Blaziken|Protect|p2a: Blaziken
|-singleturn|p2a: Blaziken|Protect
|move|p1b: Freight|Tailwind|p1b: Freight
|-sidestart|p1: SuprEpcGuy|move: Tailwind
|move|p1a: Floette|Dazzling Gleam|p2a: Blaziken|[spread] p2b
|-activate|p2a: Blaziken|move: Protect
|-damage|p2b: Kingambit|48/100
|move|p2b: Kingambit|Iron Head|p1b: Freight
|-supereffective|p1b: Freight|1
|-damage|p1b: Freight|0 fnt
|faint|p1b: Freight
|
|-ability|p2a: Blaziken|Speed Boost|boost
|-boost|p2a: Blaziken|spe|1
|upkeep
|
|t:|1783097365
|switch|p1b: Reverence|Basculegion, L50, M|100/100
|turn|2
|
|t:|1783097376
|switch|p1b: Paraselene|Kingambit, L50, F, shiny|100/100
|move|p2b: Kingambit|Sucker Punch||[still]
|-fail|p2b: Kingambit
|move|p1a: Floette|Dazzling Gleam|p2a: Blaziken|[spread] p2a,p2b
|-damage|p2a: Blaziken|43/100
|-damage|p2b: Kingambit|1/100
|move|p2a: Blaziken|Flare Blitz|p1a: Floette
|-damage|p1a: Floette|1/100
|-damage|p2a: Blaziken|17/100|[from] Recoil
|
|-ability|p2a: Blaziken|Speed Boost|boost
|-boost|p2a: Blaziken|spe|1
|upkeep
|turn|3
|inactive|Fernav09 has 30 seconds left.
|
|t:|1783097402
|move|p1b: Paraselene|Sucker Punch|p2a: Blaziken
|-resisted|p2a: Blaziken|1
|-damage|p2a: Blaziken|0 fnt
|faint|p2a: Blaziken
|move|p2b: Kingambit|Sucker Punch||[still]
|-fail|p2b: Kingambit
|move|p1a: Floette|Calm Mind|p1a: Floette
|-boost|p1a: Floette|spa|1
|-boost|p1a: Floette|spd|1
|
|upkeep
|
|t:|1783097410
|switch|p2a: Garchomp|Garchomp, L50, F|100/100
|turn|4
|inactive|SuprEpcGuy has 30 seconds left.
|
|t:|1783097444
|move|p1a: Floette|Protect|p1a: Floette
|-singleturn|p1a: Floette|Protect
|move|p2a: Garchomp|Protect|p2a: Garchomp
|-singleturn|p2a: Garchomp|Protect
|move|p2b: Kingambit|Protect|p2b: Kingambit
|-singleturn|p2b: Kingambit|Protect
|move|p1b: Paraselene|Sucker Punch||[still]
|-fail|p1b: Paraselene
|
|-sideend|p1: SuprEpcGuy|move: Tailwind
|upkeep
|turn|5
|
|t:|1783097468
|switch|p2b: Rotom|Rotom-Wash, L50|100/100
|move|p1b: Paraselene|Sucker Punch||[still]
|-fail|p1b: Paraselene
|move|p1a: Floette|Dazzling Gleam|p2a: Garchomp|[spread] p2a,p2b
|-supereffective|p2a: Garchomp|1
|-damage|p2a: Garchomp|0 fnt
|-damage|p2b: Rotom|25/100
|faint|p2a: Garchomp
|
|-heal|p2b: Rotom|31/100|[from] item: Leftovers
|upkeep
|
|t:|1783097474
|switch|p2a: Kingambit|Kingambit, L50, M|1/100
|turn|6
|
|t:|1783097488
|move|p2a: Kingambit|Sucker Punch|p1a: Floette
|-resisted|p1a: Floette|1
|-damage|p1a: Floette|0 fnt
|faint|p1a: Floette
|move|p2b: Rotom|Will-O-Wisp|p1b: Paraselene
|-status|p1b: Paraselene|brn
|move|p1b: Paraselene|Kowtow Cleave|p2a: Kingambit
|-resisted|p2a: Kingambit|1
|-damage|p2a: Kingambit|0 fnt
|faint|p2a: Kingambit
|
|-heal|p2b: Rotom|36/100|[from] item: Leftovers
|-damage|p1b: Paraselene|94/100 brn|[from] brn
|upkeep
|
|t:|1783097492
|switch|p1a: Reverence|Basculegion, L50, M|100/100
|turn|7
|-message|Fernav09 forfeited.
|
|win|SuprEpcGuy
|raw|SuprEpcGuy's rating: 1179 → 1209(+30 for winning)
|raw|Fernav09's rating: 1243 → 1213(-30 for losing)
