|j|☆MarshInTheDark
|j|☆teyvgc
|html|MarshInTheDarkteyvgc    
|uhtml|bestof|Game 1 of a best-of-3
|t:|1782618029
|gametype|doubles
|player|p1|MarshInTheDark|ghetsis|1189
|player|p2|teyvgc|rood|1233
|gen|9
|tier|[Gen 9 Champions] VGC 2026 Reg M-B (Bo3)
|rated|
|rule|Species Clause: Limit one of each Pokémon
|rule|Item Clause: Limit 1 of each item
|clearpoke
|poke|p1|Pelipper, L50, M, shiny|
|poke|p1|Swampert, L50, M, shiny|
|poke|p1|Archaludon, L50, M, shiny|
|poke|p1|Grimmsnarl, L50, M, shiny|
|poke|p1|Venusaur, L50, M, shiny|
|poke|p1|Basculegion, L50, M, shiny|
|poke|p2|Houndstone, L50, F|
|poke|p2|Tyranitar, L50, M|
|poke|p2|Incineroar, L50, M|
|poke|p2|Farigiraf, L50, M, shiny|
|poke|p2|Garchomp, L50, M, shiny|
|poke|p2|Gholdengo, L50|
|teampreview|4
|showteam|p1|Pelipper||FocusSash|Drizzle|Tailwind,Hurricane,WeatherBall,Protect|Timid||M|||50|]Swampert||Swampertite|Torrent|Protect,WaveCrash,Earthquake,IcePunch|Adamant||M|||50|]Archaludon||Leftovers|Stamina|Protect,ElectroShot,DragonPulse,FlashCannon|Modest||M|||50|]Grimmsnarl||LightClay|Prankster|SpiritBreak,LightScreen,Reflect,PartingShot|Careful||M|||50|]Venusaur||Venusaurite|Chlorophyll|Protect,SludgeBomb,GigaDrain,EarthPower|Modest||M|||50|]Basculegion||ChoiceScarf|Adaptability|WaveCrash,LastRespects,FlipTurn,AquaJet|Jolly||M|||50|
|showteam|p2|Houndstone||LifeOrb|SandRush|PsychicFangs,Poltergeist,LastRespects,Protect|Adamant||F|||50|]Tyranitar||Tyranitarite|SandStream|RockSlide,KnockOff,LowKick,Protect|Adamant||M|||50|]Incineroar||PasshoBerry|Intimidate|FlareBlitz,DarkestLariat,FakeOut,PartingShot|Adamant||M|||50|]Farigiraf||TwistedSpoon|ArmorTail|HyperVoice,TwinBeam,TrickRoom,HelpingHand|Quiet||M|||50|]Garchomp||Garchompite|RoughSkin|StompingTantrum,DragonClaw,RockSlide,Protect|Brave||M|||50|]Gholdengo||ChoiceScarf|GoodasGold|MakeItRain,ShadowBall,Trick,PowerGem|Modest|||||50|
|inactive|Battle timer is ON: inactive players will automatically lose when time's up. (requested by MarshInTheDark)
|inactive|teyvgc has 60 seconds left.
|
|t:|1782618060
|teamsize|p1|4
|teamsize|p2|4
|start
|switch|p1a: Grimmsnarl|Grimmsnarl, L50, M, shiny|100/100
|switch|p1b: Archaludon|Archaludon, L50, M, shiny|100/100
|switch|p2a: Incineroar|Incineroar, L50, M|100/100
|switch|p2b: Farigiraf|Farigiraf, L50, M, shiny|100/100
|-ability|p2a: Incineroar|Intimidate|boost
|-unboost|p1a: Grimmsnarl|atk|1
|-unboost|p1b: Archaludon|atk|1
|turn|1
|
|t:|1782618078
|move|p2b: Farigiraf|Helping Hand|p2a: Incineroar
|-singleturn|p2a: Incineroar|Helping Hand|[of] p2b: Farigiraf
|move|p1a: Grimmsnarl|Light Screen|p1a: Grimmsnarl
|-sidestart|p1: MarshInTheDark|move: Light Screen
|move|p1b: Archaludon|Dragon Pulse|p2a: Incineroar
|-damage|p2a: Incineroar|65/100
|move|p2a: Incineroar|Flare Blitz|p1b: Archaludon
|-damage|p1b: Archaludon|37/100
|-ability|p1b: Archaludon|Stamina|boost
|-boost|p1b: Archaludon|def|1
|-damage|p2a: Incineroar|45/100|[from] Recoil
|
|-heal|p1b: Archaludon|43/100|[from] item: Leftovers
|upkeep
|turn|2
|
|t:|1782618092
|move|p2b: Farigiraf|Helping Hand|p2a: Incineroar
|-singleturn|p2a: Incineroar|Helping Hand|[of] p2b: Farigiraf
|move|p1a: Grimmsnarl|Reflect|p1a: Grimmsnarl
|-sidestart|p1: MarshInTheDark|Reflect
|move|p1b: Archaludon|Dragon Pulse|p2a: Incineroar
|-damage|p2a: Incineroar|6/100
|move|p2a: Incineroar|Flare Blitz|p1b: Archaludon
|-damage|p1b: Archaludon|12/100
|-ability|p1b: Archaludon|Stamina|boost
|-boost|p1b: Archaludon|def|1
|-damage|p2a: Incineroar|0 fnt|[from] Recoil
|faint|p2a: Incineroar
|
|-heal|p1b: Archaludon|18/100|[from] item: Leftovers
|upkeep
|
|t:|1782618102
|switch|p2a: Houndstone|Houndstone, L50, F|100/100
|turn|3
|
|t:|1782618111
|switch|p1a: Pelipper|Pelipper, L50, M, shiny|100/100
|-weather|RainDance|[from] ability: Drizzle|[of] p1a: Pelipper
|move|p1b: Archaludon|Protect|p1b: Archaludon
|-singleturn|p1b: Archaludon|Protect
|move|p2a: Houndstone|Last Respects|p1b: Archaludon
|-activate|p1b: Archaludon|move: Protect
|move|p2b: Farigiraf|Hyper Voice|p1a: Pelipper|[spread] p1a
|-activate|p1b: Archaludon|move: Protect
|-damage|p1a: Pelipper|62/100
|
|-weather|RainDance|[upkeep]
|-heal|p1b: Archaludon|24/100|[from] item: Leftovers
|upkeep
|turn|4
|inactive|teyvgc has 30 seconds left.
|
|t:|1782618148
|switch|p1a: Grimmsnarl|Grimmsnarl, L50, M, shiny|100/100
|move|p2b: Farigiraf|Helping Hand|p2a: Houndstone
|-singleturn|p2a: Houndstone|Helping Hand|[of] p2b: Farigiraf
|move|p1b: Archaludon|Electro Shot||[still]
|-prepare|p1b: Archaludon|Electro Shot
|-boost|p1b: Archaludon|spa|1
|-anim|p1b: Archaludon|Electro Shot|p2b: Farigiraf
|-damage|p2b: Farigiraf|43/100
|move|p2a: Houndstone|Poltergeist|p1b: Archaludon
|-activate|p1b: Archaludon|move: Poltergeist|Leftovers
|-damage|p1b: Archaludon|0 fnt
|faint|p1b: Archaludon
|-damage|p2a: Houndstone|90/100|[from] item: Life Orb
|
|-weather|RainDance|[upkeep]
|upkeep
|
|t:|1782618158
|switch|p1b: Swampert|Swampert, L50, M, shiny|100/100
|turn|5
|
|t:|1782618182
|switch|p2b: Tyranitar|Tyranitar, L50, M|100/100
|-weather|Sandstorm|[from] ability: Sand Stream|[of] p2b: Tyranitar
|detailschange|p1b: Swampert|Swampert-Mega, L50, M, shiny
|-mega|p1b: Swampert|Swampert|Swampertite
|move|p2a: Houndstone|Psychic Fangs|p1b: Swampert
|-sideend|p1: MarshInTheDark|Reflect
|-sideend|p1: MarshInTheDark|move: Light Screen
|-damage|p1b: Swampert|66/100
|-damage|p2a: Houndstone|81/100|[from] item: Life Orb
|move|p1b: Swampert|Wave Crash|p2a: Houndstone
|-damage|p2a: Houndstone|0 fnt
|faint|p2a: Houndstone
|-damage|p1b: Swampert|43/100|[from] Recoil
|move|p1a: Grimmsnarl|Spirit Break|p2b: Tyranitar
|-supereffective|p2b: Tyranitar|1
|-damage|p2b: Tyranitar|49/100
|-unboost|p2b: Tyranitar|spa|1
|
|-weather|Sandstorm|[upkeep]
|-damage|p1a: Grimmsnarl|94/100|[from] Sandstorm
|upkeep
|
|t:|1782618193
|switch|p2a: Farigiraf|Farigiraf, L50, M, shiny|43/100
|turn|6
|
|t:|1782618201
|switch|p1a: Pelipper|Pelipper, L50, M, shiny|62/100
|-weather|RainDance|[from] ability: Drizzle|[of] p1a: Pelipper
|move|p1b: Swampert|Earthquake|p2b: Tyranitar|[spread] p2a,p2b
|-immune|p1a: Pelipper
|-supereffective|p2b: Tyranitar|1
|-damage|p2a: Farigiraf|0 fnt
|-damage|p2b: Tyranitar|0 fnt
|faint|p2a: Farigiraf
|faint|p2b: Tyranitar
|
|win|MarshInTheDark
