|j|☆DragonairJordan23
|j|☆aammoo
|html|DragonairJordan23aammoo    
|uhtml|bestof|Game 3 of a best-of-3
|t:|1785134509
|gametype|doubles
|player|p1|DragonairJordan23|dancer|1114
|player|p2|aammoo|unknown|1115
|gen|9
|tier|[Gen 9 Champions] VGC 2026 Reg M-B (Bo3)
|rated|
|rule|Species Clause: Limit one of each Pokémon
|rule|Item Clause: Limit 1 of each item
|clearpoke
|poke|p1|Scovillain, L50, M|
|poke|p1|Grimmsnarl, L50, M|
|poke|p1|Dragapult, L50, F|
|poke|p1|Sneasler, L50, F|
|poke|p1|Metagross, L50|
|poke|p1|Basculegion-F, L50, F|
|poke|p2|Staraptor, L50, M|
|poke|p2|Farigiraf, L50, M|
|poke|p2|Kingambit, L50, F|
|poke|p2|Vanilluxe, L50, F|
|poke|p2|Blastoise, L50, M|
|poke|p2|Camerupt, L50, F|
|teampreview|4
|showteam|p1|Scovillain||Scovillainite|Moody|Overheat,SpicyExtract,RagePowder,Protect|Modest||M|||50|]Grimmsnarl||LightClay|Prankster|FoulPlay,LightScreen,Reflect,PartingShot|Careful||M|||50|]Dragapult||ColburBerry|ClearBody|PhantomForce,DragonDarts,Protect,BatonPass|Jolly||F|||50|]Sneasler||FocusSash|PoisonTouch|FakeOut,DireClaw,CloseCombat,Coaching|Jolly||F|||50|]Metagross||Metagrossite|ClearBody|BulletPunch,RockSlide,PsychicFangs,Protect|Jolly|||||50|]Basculegion-F||ChoiceScarf|Adaptability|MuddyWater,Hex,FlipTurn,LastRespects|Timid||F|||50|
|showteam|p2|Staraptor||ChoiceScarf|Intimidate|FinalGambit,BraveBird,CloseCombat,Uturn|Jolly||M|||50|]Farigiraf||SitrusBerry|ArmorTail|PsychicFangs,HyperVoice,HelpingHand,TrickRoom|Relaxed||M|||50|]Kingambit||LifeOrb|Defiant|KowtowCleave,IronHead,Protect,SuckerPunch|Brave||F|||50|]Vanilluxe||NeverMeltIce|SnowWarning|Blizzard,FreezeDry,Protect,IceShard|Quiet||F|||50|]Blastoise||Blastoisinite|RainDish|FakeOut,WaterSpout,AuraSphere,DarkPulse|Quiet||M|||50|]Camerupt||Cameruptite|SolidRock|HeatWave,EarthPower,Protect,AncientPower|Quiet||F|||50|
|
|t:|1785134572
|teamsize|p1|4
|teamsize|p2|4
|start
|switch|p1a: Sneasler|Sneasler, L50, F|100/100
|switch|p1b: Dragapult|Dragapult, L50, F|100/100
|switch|p2a: Farigiraf|Farigiraf, L50, M|100/100
|switch|p2b: Blastoise|Blastoise, L50, M|100/100
|turn|1
|inactive|Battle timer is ON: inactive players will automatically lose when time's up. (requested by aammoo)
|
|t:|1785134588
|switch|p1a: Grimmsnarl|Grimmsnarl, L50, M|100/100
|detailschange|p2b: Blastoise|Blastoise-Mega, L50, M
|-mega|p2b: Blastoise|Blastoise|Blastoisinite
|move|p1b: Dragapult|Dragon Darts|p2a: Farigiraf
|-damage|p2a: Farigiraf|79/100
|-anim|p1b: Dragapult|Dragon Darts|p2b: Blastoise
|-damage|p2b: Blastoise|80/100
|move|p2b: Blastoise|Dark Pulse|p1b: Dragapult
|-supereffective|p1b: Dragapult|1
|-enditem|p1b: Dragapult|Colbur Berry|[eat]
|-enditem|p1b: Dragapult|Colbur Berry|[weaken]
|-damage|p1b: Dragapult|39/100
|move|p2a: Farigiraf|Trick Room|p2a: Farigiraf
|-fieldstart|move: Trick Room|[of] p2a: Farigiraf
|
|upkeep
|turn|2
|
|t:|1785134609
|move|p2a: Farigiraf|Helping Hand|p2b: Blastoise
|-singleturn|p2b: Blastoise|Helping Hand|[of] p2a: Farigiraf
|move|p1b: Dragapult|Protect|p1b: Dragapult
|-singleturn|p1b: Dragapult|Protect
|move|p1a: Grimmsnarl|Light Screen|p1a: Grimmsnarl
|-sidestart|p1: DragonairJordan23|move: Light Screen
|move|p2b: Blastoise|Water Spout|p1a: Grimmsnarl|[spread] p1a
|-activate|p1b: Dragapult|move: Protect
|-damage|p1a: Grimmsnarl|54/100
|
|upkeep
|turn|3
|
|t:|1785134624
|move|p2a: Farigiraf|Helping Hand|p2b: Blastoise
|-singleturn|p2b: Blastoise|Helping Hand|[of] p2a: Farigiraf
|move|p1a: Grimmsnarl|Foul Play|p2b: Blastoise
|-damage|p2b: Blastoise|54/100
|move|p2b: Blastoise|Water Spout|p1a: Grimmsnarl|[spread] p1a,p1b
|-resisted|p1b: Dragapult|1
|-damage|p1a: Grimmsnarl|23/100
|-damage|p1b: Dragapult|17/100
|move|p1b: Dragapult|Dragon Darts|p2a: Farigiraf
|-damage|p2a: Farigiraf|61/100
|-anim|p1b: Dragapult|Dragon Darts|p2b: Blastoise
|-damage|p2b: Blastoise|33/100
|
|upkeep
|turn|4
|
|t:|1785134647
|switch|p2b: Kingambit|Kingambit, L50, F|100/100
|move|p1b: Dragapult|Protect|p1b: Dragapult
|-singleturn|p1b: Dragapult|Protect
|move|p2a: Farigiraf|Psychic Fangs|p1b: Dragapult
|-activate|p1b: Dragapult|move: Protect
|move|p1a: Grimmsnarl|Foul Play|p2a: Farigiraf
|-supereffective|p2a: Farigiraf|1
|-damage|p2a: Farigiraf|9/100
|-enditem|p2a: Farigiraf|Sitrus Berry|[eat]
|-heal|p2a: Farigiraf|34/100|[from] item: Sitrus Berry
|
|upkeep
|turn|5
|
|t:|1785134670
|move|p1a: Grimmsnarl|Reflect|p1a: Grimmsnarl
|-sidestart|p1: DragonairJordan23|Reflect
|move|p2b: Kingambit|Iron Head|p1a: Grimmsnarl
|-supereffective|p1a: Grimmsnarl|1
|-damage|p1a: Grimmsnarl|0 fnt
|faint|p1a: Grimmsnarl
|-damage|p2b: Kingambit|90/100|[from] item: Life Orb
|move|p2a: Farigiraf|Psychic Fangs|p1b: Dragapult
|-sideend|p1: DragonairJordan23|Reflect
|-sideend|p1: DragonairJordan23|move: Light Screen
|-damage|p1b: Dragapult|0 fnt
|faint|p1b: Dragapult
|
|-fieldend|move: Trick Room
|upkeep
|
|t:|1785134675
|switch|p1b: Metagross|Metagross, L50|100/100
|switch|p1a: Sneasler|Sneasler, L50, F|100/100
|turn|6
|
|t:|1785134693
|detailschange|p1b: Metagross|Metagross-Mega, L50
|-mega|p1b: Metagross|Metagross|Metagrossite
|move|p2b: Kingambit|Sucker Punch|p1b: Metagross
|-supereffective|p1b: Metagross|1
|-damage|p1b: Metagross|10/100
|-damage|p2b: Kingambit|80/100|[from] item: Life Orb
|move|p1a: Sneasler|Coaching|p1b: Metagross
|-boost|p1b: Metagross|atk|1
|-boost|p1b: Metagross|def|1
|move|p1b: Metagross|Rock Slide|p2b: Kingambit|[spread] p2a,p2b
|-resisted|p2b: Kingambit|1
|-damage|p2a: Farigiraf|11/100
|-damage|p2b: Kingambit|68/100
|move|p2a: Farigiraf|Trick Room|p2a: Farigiraf
|-fieldstart|move: Trick Room|[of] p2a: Farigiraf
|
|upkeep
|turn|7
|-message|DragonairJordan23 forfeited.
|
|win|aammoo
|raw|DragonairJordan23's rating: 1114 → 1089(-25 for losing)
|raw|aammoo's rating: 1115 → 1140(+25 for winning)
