|j|☆mariocansado
|j|☆Gottkomplexe
|html|mariocansadoGottkomplexe    
|uhtml|bestof|Game 1 of a best-of-3
|t:|1757023698
|gametype|doubles
|player|p1|mariocansado|arven-s|1217
|player|p2|Gottkomplexe|ilima|1152
|gen|9
|tier|[Gen 9] VGC 2025 Reg H (Bo3)
|rated|
|rule|Species Clause: Limit one of each Pokémon
|rule|Item Clause: Limit 1 of each item
|clearpoke
|poke|p1|Rillaboom, L50, F|
|poke|p1|Dragapult, L50, F|
|poke|p1|Electabuzz, L50, M|
|poke|p1|Volcarona, L50, F|
|poke|p1|Whimsicott, L50, M|
|poke|p1|Arcanine-Hisui, L50, M|
|poke|p2|Dragonite, L50, M|
|poke|p2|Rillaboom, L50, F|
|poke|p2|Incineroar, L50, F|
|poke|p2|Gholdengo, L50|
|poke|p2|Sneasler, L50, M|
|poke|p2|Ursaluna-Bloodmoon, L50, M|
|teampreview|4
|showteam|p1|Rillaboom||AssaultVest|GrassySurge|FakeOut,WoodHammer,Uturn,GrassyGlide|||F|||50|,,,,,Fire]Dragapult||ChoiceBand|ClearBody|DragonDarts,Outrage,PhantomForce,Uturn|||F|||50|,,,,,Dragon]Electabuzz||Eviolite|VitalSpirit|Thunderbolt,Taunt,FollowMe,Protect|||M|||50|,,,,,Ghost]Volcarona||Leftovers|FlameBody|HeatWave,QuiverDance,Protect,GigaDrain|||F|||50|,,,,,Grass]Whimsicott||CovertCloak|Prankster|SunnyDay,Moonblast,Encore,Tailwind|||M|||50|,,,,,Dark]Arcanine-Hisui||SafetyGoggles|Intimidate|RockSlide,FlareBlitz,ExtremeSpeed,Protect|||M|||50|,,,,,Fairy
|showteam|p2|Dragonite||LoadedDice|Multiscale|ScaleShot,Tailwind,Haze,Protect|||M|||50|,,,,,Fairy]Rillaboom||AssaultVest|GrassySurge|WoodHammer,GrassyGlide,FakeOut,HighHorsepower|||F|||50|,,,,,Fire]Incineroar||SafetyGoggles|Intimidate|FlareBlitz,KnockOff,FakeOut,PartingShot|||F|||50|,,,,,Ghost]Gholdengo||Leftovers|GoodasGold|MakeItRain,ShadowBall,NastyPlot,Protect||||||50|,,,,,Water]Sneasler||FocusSash|PoisonTouch|DireClaw,CloseCombat,ThroatChop,Protect|||M|||50|,,,,,Dark]Ursaluna-Bloodmoon||LifeOrb|MindsEye|BloodMoon,HyperVoice,EarthPower,Protect|||M|||50|,,,,,Normal
|inactive|Battle timer is ON: inactive players will automatically lose when time's up. (requested by Gottkomplexe)
|inactive|mariocansado has 60 seconds left.
|inactive|Gottkomplexe has 60 seconds left.
|inactive|Gottkomplexe has 30 seconds left.
|inactive|Gottkomplexe has 20 seconds left.
|inactive|Gottkomplexe has 15 seconds left.
|
|t:|1757023779
|teamsize|p1|4
|teamsize|p2|4
|start
|switch|p1a: Volcarona|Volcarona, L50, F|100/100
|switch|p1b: Arcanine|Arcanine-Hisui, L50, M|100/100
|switch|p2a: Dragonite|Dragonite, L50, M|100/100
|switch|p2b: Sneasler|Sneasler, L50, M|100/100
|-ability|p1b: Arcanine|Intimidate|boost
|-unboost|p2a: Dragonite|atk|1
|-unboost|p2b: Sneasler|atk|1
|turn|1
|inactive|mariocansado has 30 seconds left.
|inactive|mariocansado has 20 seconds left.
|inactive|mariocansado has 15 seconds left.
|inactive|mariocansado has 10 seconds left.
|
|t:|1757023825
|switch|p2a: Incineroar|Incineroar, L50, F|100/100
|-ability|p2a: Incineroar|Intimidate|boost
|-unboost|p1a: Volcarona|atk|1
|-unboost|p1b: Arcanine|atk|1
|move|p1b: Arcanine|Protect|p1b: Arcanine
|-singleturn|p1b: Arcanine|Protect
|move|p2b: Sneasler|Dire Claw|p1a: Volcarona
|-damage|p1a: Volcarona|66/100
|-status|p1a: Volcarona|psn
|move|p1a: Volcarona|Quiver Dance|p1a: Volcarona
|-boost|p1a: Volcarona|spa|1
|-boost|p1a: Volcarona|spd|1
|-boost|p1a: Volcarona|spe|1
|
|-heal|p1a: Volcarona|72/100 psn|[from] item: Leftovers
|-damage|p1a: Volcarona|60/100 psn|[from] psn
|upkeep
|turn|2
|
|t:|1757023843
|switch|p1b: Dragapult|Dragapult, L50, F|100/100
|move|p1a: Volcarona|Protect|p1a: Volcarona
|-singleturn|p1a: Volcarona|Protect
|move|p2a: Incineroar|Fake Out|p1a: Volcarona
|-activate|p1a: Volcarona|move: Protect
|move|p2b: Sneasler|Close Combat|p1b: Dragapult
|-immune|p1b: Dragapult
|
|-heal|p1a: Volcarona|66/100 psn|[from] item: Leftovers
|-damage|p1a: Volcarona|53/100 psn|[from] psn
|upkeep
|turn|3
|
|t:|1757023864
|-terastallize|p1b: Dragapult|Dragon
|move|p1a: Volcarona|Heat Wave|p2a: Incineroar|[spread] p2a,p2b
|-resisted|p2a: Incineroar
|-damage|p2a: Incineroar|74/100
|-damage|p2b: Sneasler|17/100
|-status|p2b: Sneasler|brn
|move|p1b: Dragapult|Dragon Darts|p2a: Incineroar
|-damage|p2a: Incineroar|32/100
|-anim|p1b: Dragapult|Dragon Darts|p2b: Sneasler
|-damage|p2b: Sneasler|0 fnt
|faint|p2b: Sneasler
|move|p2a: Incineroar|Knock Off|p1b: Dragapult
|-damage|p1b: Dragapult|38/100
|-enditem|p1b: Dragapult|Choice Band|[from] move: Knock Off|[of] p2a: Incineroar
|
|-heal|p1a: Volcarona|59/100 psn|[from] item: Leftovers
|-damage|p1a: Volcarona|47/100 psn|[from] psn
|upkeep
|
|t:|1757023878
|switch|p2b: Ursaluna|Ursaluna-Bloodmoon, L50, M|100/100
|turn|4
|
|t:|1757023892
|move|p2b: Ursaluna|Protect|p2b: Ursaluna
|-singleturn|p2b: Ursaluna|Protect
|move|p1a: Volcarona|Giga Drain|p2b: Ursaluna
|-activate|p2b: Ursaluna|move: Protect
|move|p1b: Dragapult|Dragon Darts|p2a: Incineroar
|-damage|p2a: Incineroar|4/100
|-anim|p1b: Dragapult|Dragon Darts|p2a: Incineroar
|-damage|p2a: Incineroar|0 fnt
|faint|p2a: Incineroar
|
|-heal|p1a: Volcarona|53/100 psn|[from] item: Leftovers
|-damage|p1a: Volcarona|40/100 psn|[from] psn
|upkeep
|
|t:|1757023899
|switch|p2a: Dragonite|Dragonite, L50, M|100/100
|turn|5
|
|t:|1757023907
|-terastallize|p2a: Dragonite|Fairy
|move|p2b: Ursaluna|Protect||[still]
|-fail|p2b: Ursaluna
|move|p1a: Volcarona|Giga Drain|p2b: Ursaluna
|-supereffective|p2b: Ursaluna
|-damage|p2b: Ursaluna|10/100
|-heal|p1a: Volcarona|92/100 psn|[from] drain|[of] p2b: Ursaluna
|move|p1b: Dragapult|Dragon Darts|p2b: Ursaluna
|-damage|p2b: Ursaluna|0 fnt
|faint|p2b: Ursaluna
|move|p2a: Dragonite|Scale Shot|p1a: Volcarona
|-damage|p1a: Volcarona|72/100 psn
|-damage|p1a: Volcarona|54/100 psn
|-damage|p1a: Volcarona|36/100 psn
|-damage|p1a: Volcarona|18/100 psn
|-hitcount|p1a: Volcarona|4
|-unboost|p2a: Dragonite|def|1
|-boost|p2a: Dragonite|spe|1
|
|-heal|p1a: Volcarona|24/100 psn|[from] item: Leftovers
|-damage|p1a: Volcarona|11/100 psn|[from] psn
|upkeep
|turn|6
|
|t:|1757023921
|switch|p1b: Arcanine|Arcanine-Hisui, L50, M|100/100
|-ability|p1b: Arcanine|Intimidate|boost
|-unboost|p2a: Dragonite|atk|1
|move|p1a: Volcarona|Heat Wave|p2a: Dragonite|[miss]
|-miss|p1a: Volcarona|p2a: Dragonite
|move|p2a: Dragonite|Scale Shot|p1b: Arcanine
|-damage|p1b: Arcanine|88/100
|-damage|p1b: Arcanine|75/100
|-damage|p1b: Arcanine|63/100
|-damage|p1b: Arcanine|51/100
|-damage|p1b: Arcanine|39/100
|-hitcount|p1b: Arcanine|5
|-unboost|p2a: Dragonite|def|1
|-boost|p2a: Dragonite|spe|1
|
|-heal|p1a: Volcarona|17/100 psn|[from] item: Leftovers
|-damage|p1a: Volcarona|5/100 psn|[from] psn
|upkeep
|turn|7
|
|t:|1757023939
|move|p2a: Dragonite|Protect|p2a: Dragonite
|-singleturn|p2a: Dragonite|Protect
|move|p1a: Volcarona|Heat Wave|p2a: Dragonite
|-activate|p2a: Dragonite|move: Protect
|move|p1b: Arcanine|Flare Blitz|p2a: Dragonite
|-activate|p2a: Dragonite|move: Protect
|
|-heal|p1a: Volcarona|11/100 psn|[from] item: Leftovers
|-damage|p1a: Volcarona|0 fnt|[from] psn
|faint|p1a: Volcarona
|upkeep
|
|t:|1757023942
|switch|p1a: Dragapult|Dragapult, L50, F, tera:Dragon|38/100
|turn|8
|
|t:|1757023952
|move|p2a: Dragonite|Scale Shot|p1a: Dragapult
|-supereffective|p1a: Dragapult
|-damage|p1a: Dragapult|9/100
|-supereffective|p1a: Dragapult
|-damage|p1a: Dragapult|0 fnt
|faint|p1a: Dragapult
|-hitcount|p1: Dragapult|2
|-unboost|p2a: Dragonite|def|1
|-boost|p2a: Dragonite|spe|1
|move|p1b: Arcanine|Flare Blitz|p2a: Dragonite
|-damage|p2a: Dragonite|28/100
|-damage|p1b: Arcanine|12/100|[from] Recoil
|
|upkeep
|
|t:|1757023956
|switch|p1a: Whimsicott|Whimsicott, L50, M|100/100
|turn|9
|-message|Gottkomplexe forfeited.
|
|win|mariocansado
||Gottkomplexe is ready for game 2.
||mariocansado is ready for game 2.
|uhtml|next|Next: Game 2 of 3
|l|☆Gottkomplexe
|player|p2|
