|j|☆turbogoddi
|j|☆Graygak
|html|turbogoddiGraygak    
|uhtml|bestof|Game 2 of a best-of-3
|t:|1757176349
|gametype|doubles
|player|p1|turbogoddi|102|1150
|player|p2|Graygak|flannery|1174
|gen|9
|tier|[Gen 9] VGC 2025 Reg H (Bo3)
|rated|
|rule|Species Clause: Limit one of each Pokémon
|rule|Item Clause: Limit 1 of each item
|clearpoke
|poke|p1|Dondozo, L50, M|
|poke|p1|Tatsugiri-Droopy, L50, F|
|poke|p1|Ursaluna-Bloodmoon, L50, M|
|poke|p1|Rillaboom, L50, M|
|poke|p1|Electabuzz, L50, M|
|poke|p1|Garchomp, L50, M|
|poke|p2|Wyrdeer, L50, M|
|poke|p2|Indeedee-F, L50, F|
|poke|p2|Annihilape, L50, F|
|poke|p2|Torkoal, L50, F|
|poke|p2|Delphox, L50, F|
|poke|p2|Kingambit, L50, F|
|teampreview|4
|showteam|p1|Dondozo||Leftovers|Unaware|HeavySlam,OrderUp,BodyPress,Substitute|||M|||50|,,,,,Steel]Tatsugiri-Droopy||FocusSash|Commander|DragonPulse,IcyWind,Taunt,Protect|||F|||50|,,,,,Dragon]Ursaluna-Bloodmoon||LifeOrb|MindsEye|EarthPower,HyperVoice,BloodMoon,Protect|||M|||50|,,,,,Normal]Rillaboom||MiracleSeed|GrassySurge|GrassyGlide,WoodHammer,FakeOut,Uturn|||M|||50|,,,,,Grass]Electabuzz||Eviolite|VitalSpirit|Electroweb,FollowMe,Taunt,Protect|||M|||50|,,,,,Ghost]Garchomp||ClearAmulet|RoughSkin|StompingTantrum,IronHead,Protect,DragonClaw|||M|||50|,,,,,Steel
|showteam|p2|Wyrdeer||LifeOrb|Intimidate|Protect,TrickRoom,ExpandingForce,EarthPower|||M|||50|,,,,,Ground]Indeedee-F||RockyHelmet|PsychicSurge|Imprison,FollowMe,TrickRoom,Psychic|||F|||50|,,,,,Grass]Annihilape||SafetyGoggles|Defiant|DrainPunch,ThroatChop,RageFist,Protect|||F|||50|,,,,,Fire]Torkoal||Charcoal|Drought|Eruption,HelpingHand,Protect,WeatherBall|||F|||50|,,,,,Grass]Delphox||ChoiceScarf|Blaze|HeatWave,ExpandingForce,DazzlingGleam,Flamethrower|||F|||50|,,,,,Fairy]Kingambit||AssaultVest|Defiant|KowtowCleave,SuckerPunch,PoisonJab,LowKick|||F|||50|,,,,,Poison
|inactive|Battle timer is ON: inactive players will automatically lose when time's up. (requested by turbogoddi)
|inactive|turbogoddi has 60 seconds left.
|inactive|Graygak has 60 seconds left.
|
|t:|1757176392
|teamsize|p1|4
|teamsize|p2|4
|start
|switch|p1a: Electabuzz|Electabuzz, L50, M, shiny|100/100
|switch|p1b: Ursaluna|Ursaluna-Bloodmoon, L50, M|100/100
|switch|p2a: Delphox|Delphox, L50, F|100/100
|switch|p2b: Torkoal|Torkoal, L50, F|100/100
|-weather|SunnyDay|[from] ability: Drought|[of] p2b: Torkoal
|turn|1
|inactive|Graygak has 30 seconds left.
|inactive|Graygak has 20 seconds left.
|inactive|Graygak has 15 seconds left.
|
|t:|1757176433
|move|p2b: Torkoal|Helping Hand|p2a: Delphox
|-singleturn|p2a: Delphox|Helping Hand|[of] p2b: Torkoal
|move|p1a: Electabuzz|Protect|p1a: Electabuzz
|-singleturn|p1a: Electabuzz|Protect
|move|p1b: Ursaluna|Protect|p1b: Ursaluna
|-singleturn|p1b: Ursaluna|Protect
|move|p2a: Delphox|Heat Wave|p1a: Electabuzz|[spread] 
|-activate|p1a: Electabuzz|move: Protect
|-activate|p1b: Ursaluna|move: Protect
|
|-weather|SunnyDay|[upkeep]
|upkeep
|turn|2
|
|t:|1757176458
|switch|p1b: Tatsugiri|Tatsugiri-Droopy, L50, F|100/100
|move|p2b: Torkoal|Helping Hand|p2a: Delphox
|-singleturn|p2a: Delphox|Helping Hand|[of] p2b: Torkoal
|move|p2a: Delphox|Heat Wave|p1b: Tatsugiri|[spread] 
|-miss|p2a: Delphox|p1a: Electabuzz
|-miss|p2a: Delphox|p1b: Tatsugiri
|move|p1a: Electabuzz|Electroweb|p2a: Delphox|[spread] p2a
|-miss|p1a: Electabuzz|p2b: Torkoal
|-damage|p2a: Delphox|84/100
|-unboost|p2a: Delphox|spe|1
|
|-weather|SunnyDay|[upkeep]
|upkeep
|turn|3
|inactive|Graygak has 30 seconds left.
|
|t:|1757176485
|switch|p2a: Indeedee|Indeedee-F, L50, F|100/100
|-fieldstart|move: Psychic Terrain|[from] ability: Psychic Surge|[of] p2a: Indeedee
|-terastallize|p2b: Torkoal|Grass
|move|p1b: Tatsugiri|Protect|p1b: Tatsugiri
|-singleturn|p1b: Tatsugiri|Protect
|move|p1a: Electabuzz|Electroweb|p2b: Torkoal|[spread] p2a,p2b
|-resisted|p2b: Torkoal
|-damage|p2a: Indeedee|87/100
|-damage|p2b: Torkoal|92/100
|-unboost|p2a: Indeedee|spe|1
|-unboost|p2b: Torkoal|spe|1
|move|p2b: Torkoal|Weather Ball|p1a: Electabuzz
|-damage|p1a: Electabuzz|25/100
|
|-weather|SunnyDay|[upkeep]
|upkeep
|turn|4
|inactive|turbogoddi has 30 seconds left.
|
|t:|1757176513
|move|p1a: Electabuzz|Follow Me|p1a: Electabuzz
|-singleturn|p1a: Electabuzz|move: Follow Me
|move|p1b: Tatsugiri|Taunt|p2a: Indeedee
|-start|p2a: Indeedee|move: Taunt
|move|p2a: Indeedee|Psychic|p1a: Electabuzz
|-damage|p1a: Electabuzz|0 fnt
|faint|p1a: Electabuzz
|move|p2b: Torkoal|Weather Ball|p1b: Tatsugiri
|-resisted|p1b: Tatsugiri
|-damage|p1b: Tatsugiri|75/100
|
|-weather|SunnyDay|[upkeep]
|upkeep
|
|t:|1757176520
|switch|p1a: Ursaluna|Ursaluna-Bloodmoon, L50, M|100/100
|turn|5
|
|t:|1757176541
|-terastallize|p1a: Ursaluna|Normal
|move|p1b: Tatsugiri|Dragon Pulse|p2b: Torkoal
|-damage|p2b: Torkoal|38/100
|move|p1a: Ursaluna|Blood Moon|p2a: Indeedee
|-damage|p2a: Indeedee|0 fnt
|faint|p2a: Indeedee
|-damage|p1a: Ursaluna|91/100|[from] item: Life Orb
|move|p2b: Torkoal|Weather Ball|p1a: Ursaluna
|-damage|p1a: Ursaluna|0 fnt
|faint|p1a: Ursaluna
|
|-weather|none
|upkeep
|
|t:|1757176559
|switch|p1a: Dondozo|Dondozo, L50, M, shiny|100/100
|switch|p2a: Delphox|Delphox, L50, F|84/100
|-activate|p1b: Tatsugiri|ability: Commander|[of] p1a: Dondozo
|-boost|p1a: Dondozo|atk|2
|-boost|p1a: Dondozo|spa|2
|-boost|p1a: Dondozo|spe|2
|-boost|p1a: Dondozo|def|2
|-boost|p1a: Dondozo|spd|2
|turn|6
|
|t:|1757176579
|move|p2b: Torkoal|Helping Hand|p2a: Delphox
|-singleturn|p2a: Delphox|Helping Hand|[of] p2b: Torkoal
|move|p2a: Delphox|Expanding Force|p1b: Tatsugiri|[spread] p1a
|-miss|p2a: Delphox|p1b: Tatsugiri
|-damage|p1a: Dondozo|53/100
|move|p1a: Dondozo|Body Press|p2b: Torkoal
|-damage|p2b: Torkoal|0 fnt
|faint|p2b: Torkoal
|
|-heal|p1a: Dondozo|60/100|[from] item: Leftovers
|upkeep
|
|t:|1757176592
|switch|p2b: Wyrdeer|Wyrdeer, L50, M|100/100
|-ability|p2b: Wyrdeer|Intimidate|boost
|-unboost|p1a: Dondozo|atk|1
|-unboost|p1b: Tatsugiri|atk|1
|turn|7
|
|t:|1757176601
|move|p2a: Delphox|Expanding Force|p1b: Tatsugiri|[spread] p1a
|-miss|p2a: Delphox|p1b: Tatsugiri
|-damage|p1a: Dondozo|27/100
|move|p1a: Dondozo|Substitute|p1a: Dondozo
|-start|p1a: Dondozo|Substitute
|-damage|p1a: Dondozo|2/100
|move|p2b: Wyrdeer|Expanding Force|p1b: Tatsugiri|[spread] p1a
|-miss|p2b: Wyrdeer|p1b: Tatsugiri
|-end|p1a: Dondozo|Substitute
|-damage|p2b: Wyrdeer|90/100|[from] item: Life Orb
|
|-heal|p1a: Dondozo|8/100|[from] item: Leftovers
|-fieldend|move: Psychic Terrain
|upkeep
|turn|8
|
|t:|1757176626
|move|p2a: Delphox|Expanding Force|p1a: Dondozo
|-damage|p1a: Dondozo|0 fnt
|faint|p1a: Dondozo
|move|p2b: Wyrdeer|Trick Room|p2b: Wyrdeer
|-fieldstart|move: Trick Room|[of] p2b: Wyrdeer
|
|upkeep
|turn|9
|
|t:|1757176635
|move|p2b: Wyrdeer|Expanding Force|p1b: Tatsugiri
|-damage|p1b: Tatsugiri|8/100
|-damage|p2b: Wyrdeer|80/100|[from] item: Life Orb
|move|p1b: Tatsugiri|Dragon Pulse|p2a: Delphox
|-damage|p2a: Delphox|26/100
|move|p2a: Delphox|Expanding Force|p1b: Tatsugiri
|-damage|p1b: Tatsugiri|0 fnt
|faint|p1b: Tatsugiri
|
|win|Graygak
||Graygak is ready for game 3.
