|j|☆Pressinblades
|j|☆Yodagun
|html|PressinbladesYodagun    
|uhtml|bestof|Game 1 of a best-of-3
|t:|1785809678
|gametype|doubles
|player|p1|Pressinblades|101|1125
|player|p2|Yodagun|pokemaniac|1128
|gen|9
|tier|[Gen 9 Champions] VGC 2026 Reg M-B (Bo3)
|rated|
|rule|Species Clause: Limit one of each Pokémon
|rule|Item Clause: Limit 1 of each item
|clearpoke
|poke|p1|Talonflame, L50, M|
|poke|p1|Garchomp, L50, F, shiny|
|poke|p1|Maushold, L50|
|poke|p1|Gardevoir, L50, M, shiny|
|poke|p1|Gyarados, L50, F, shiny|
|poke|p1|Metagross, L50, shiny|
|poke|p2|Staraptor, L50, F|
|poke|p2|Tyranitar, L50, F|
|poke|p2|Excadrill, L50, M|
|poke|p2|Rotom-Wash, L50|
|poke|p2|Houndstone, L50, F|
|poke|p2|Whimsicott, L50, M|
|teampreview|4
|showteam|p1|Talonflame||SharpBeak|GaleWings|Protect,Tailwind,DualWingbeat,Overheat|Naive||M|||50|]Garchomp||LifeOrb|RoughSkin|Protect,RockSlide,Earthquake,StompingTantrum|Adamant||F|||50|]Maushold||FocusSash|FriendGuard|Protect,SuperFang,FollowMe,Encore|Timid|||||50|]Gardevoir||Gardevoirite|Telepathy|Protect,TrickRoom,HyperVoice,Psychic|Modest||M|||50|]Gyarados||Gyaradosite|Intimidate|Protect,DragonDance,Waterfall,Crunch|Jolly||F|||50|]Metagross||ColburBerry|ClearBody|Protect,BulletPunch,PsychicFangs,HammerArm|Adamant|||||50|
|showteam|p2|Staraptor||Staraptite|Intimidate|CloseCombat,BraveBird,Uturn,Protect|Jolly||F|||50|]Tyranitar||Tyranitarite|SandStream|RockSlide,Protect,KnockOff,DragonDance|Adamant||F|||50|]Excadrill||LifeOrb|SandRush|RockSlide,HighHorsepower,IronHead,Protect|Adamant||M|||50|]Rotom-Wash||SitrusBerry|Levitate|WillOWisp,HydroPump,Thunderbolt,VoltSwitch|Timid|||||50|]Houndstone||SpellTag|SandRush|LastRespects,PhantomForce,Protect,PlayRough|Adamant||F|||50|]Whimsicott||FocusSash|Prankster|Tailwind,Protect,Moonblast,Charm|Bold||M|||50|
|inactive|Battle timer is ON: inactive players will automatically lose when time's up. (requested by Pressinblades)
|
|t:|1785809713
|teamsize|p1|4
|teamsize|p2|4
|start
|switch|p1a: Metagross|Metagross, L50, shiny|100/100
|switch|p1b: Garchomp|Garchomp, L50, F, shiny|100/100
|switch|p2a: Tyranitar|Tyranitar, L50, F|100/100
|switch|p2b: Whimsicott|Whimsicott, L50, M|100/100
|-weather|Sandstorm|[from] ability: Sand Stream|[of] p2a: Tyranitar
|turn|1
|inactive|Yodagun has 30 seconds left.
|inactive|Yodagun has 20 seconds left.
|inactive|Yodagun has 15 seconds left.
|inactive|Yodagun has 10 seconds left.
|inactive|Yodagun has 5 seconds left.
|
|t:|1785809764
|switch|p1b: Gyarados|Gyarados, L50, F, shiny|100/100
|-ability|p1b: Gyarados|Intimidate|boost
|-unboost|p2a: Tyranitar|atk|1
|-unboost|p2b: Whimsicott|atk|1
|detailschange|p2a: Tyranitar|Tyranitar-Mega, L50, F
|-mega|p2a: Tyranitar|Tyranitar|Tyranitarite
|move|p2b: Whimsicott|Tailwind|p2b: Whimsicott
|-sidestart|p2: Yodagun|move: Tailwind
|move|p2a: Tyranitar|Knock Off|p1a: Metagross
|-supereffective|p1a: Metagross|1
|-enditem|p1a: Metagross|Colbur Berry|[eat]
|-enditem|p1a: Metagross|Colbur Berry|[weaken]
|-damage|p1a: Metagross|64/100
|move|p1a: Metagross|Psychic Fangs|p2b: Whimsicott
|-damage|p2b: Whimsicott|62/100
|
|-weather|Sandstorm|[upkeep]
|-damage|p2b: Whimsicott|56/100|[from] Sandstorm
|-damage|p1b: Gyarados|93/100|[from] Sandstorm
|upkeep
|turn|2
|inactive|Pressinblades has 30 seconds left.
|
|t:|1785809796
|switch|p2a: Excadrill|Excadrill, L50, M|100/100
|move|p1a: Metagross|Protect|p1a: Metagross
|-singleturn|p1a: Metagross|Protect
|move|p2b: Whimsicott|Charm|p1b: Gyarados
|-unboost|p1b: Gyarados|atk|2
|move|p1b: Gyarados|Dragon Dance|p1b: Gyarados
|-boost|p1b: Gyarados|atk|1
|-boost|p1b: Gyarados|spe|1
|
|-weather|Sandstorm|[upkeep]
|-damage|p2b: Whimsicott|50/100g|[from] Sandstorm
|-damage|p1b: Gyarados|87/100|[from] Sandstorm
|upkeep
|turn|3
|inactive|Pressinblades has 30 seconds left.
|inactive|Yodagun has 30 seconds left.
|inactive|Yodagun has 20 seconds left.
|inactive|Yodagun has 15 seconds left.
|inactive|Yodagun has 10 seconds left.
|
|t:|1785809842
|move|p1a: Metagross|Bullet Punch|p2b: Whimsicott
|-supereffective|p2b: Whimsicott|1
|-damage|p2b: Whimsicott|10/100
|move|p2a: Excadrill|High Horsepower|p1a: Metagross
|-supereffective|p1a: Metagross|1
|-damage|p1a: Metagross|0 fnt
|faint|p1a: Metagross
|-damage|p2a: Excadrill|90/100|[from] item: Life Orb
|move|p2b: Whimsicott|Moonblast|p1b: Gyarados
|-damage|p1b: Gyarados|59/100
|move|p1b: Gyarados|Waterfall|p2b: Whimsicott
|-resisted|p2b: Whimsicott|1
|-damage|p2b: Whimsicott|0 fnt
|faint|p2b: Whimsicott
|
|-weather|Sandstorm|[upkeep]
|-damage|p1b: Gyarados|53/100|[from] Sandstorm
|upkeep
|inactive|Pressinblades has 30 seconds left.
|inactive|Yodagun has 30 seconds left.
|inactive|Yodagun has 20 seconds left.
|inactive|Yodagun has 15 seconds left.
|
|t:|1785809884
|switch|p2b: Tyranitar|Tyranitar-Mega, L50, F|100/100
|switch|p1a: Talonflame|Talonflame, L50, M|100/100
|turn|4
|
|t:|1785809897
|switch|p1b: Garchomp|Garchomp, L50, F, shiny|100/100
|move|p1a: Talonflame|Tailwind|p1a: Talonflame
|-sidestart|p1: Pressinblades|move: Tailwind
|move|p2a: Excadrill|Rock Slide|p1a: Talonflame|[spread] p1a,p1b
|-supereffective|p1a: Talonflame|2
|-resisted|p1b: Garchomp|1
|-damage|p1a: Talonflame|0 fnt
|-damage|p1b: Garchomp|85/100
|faint|p1a: Talonflame
|-damage|p2a: Excadrill|80/100|[from] item: Life Orb
|move|p2b: Tyranitar|Rock Slide|p1b: Garchomp
|-resisted|p1b: Garchomp|1
|-damage|p1b: Garchomp|61/100
|
|-weather|Sandstorm|[upkeep]
|-sideend|p2: Yodagun|move: Tailwind
|upkeep
|
|t:|1785809906
|switch|p1a: Gyarados|Gyarados, L50, F, shiny|53/100
|-ability|p1a: Gyarados|Intimidate|boost
|-unboost|p2a: Excadrill|atk|1
|-unboost|p2b: Tyranitar|atk|1
|turn|5
|
|t:|1785809922
|detailschange|p1a: Gyarados|Gyarados-Mega, L50, F, shiny
|-mega|p1a: Gyarados|Gyarados|Gyaradosite
|-ability|p1a: Gyarados|Mold Breaker
|move|p1b: Garchomp|Stomping Tantrum|p2a: Excadrill
|-supereffective|p2a: Excadrill|1
|-damage|p2a: Excadrill|0 fnt
|faint|p2a: Excadrill
|-damage|p1b: Garchomp|51/100|[from] item: Life Orb
|move|p1a: Gyarados|Waterfall|p2b: Tyranitar
|-supereffective|p2b: Tyranitar|1
|-damage|p2b: Tyranitar|35/100
|move|p2b: Tyranitar|Knock Off|p1b: Garchomp
|-damage|p1b: Garchomp|3/100
|-damage|p2b: Tyranitar|23/100|[from] ability: Rough Skin|[of] p1b: Garchomp
|-enditem|p1b: Garchomp|Life Orb|[from] move: Knock Off|[of] p2b: Tyranitar
|
|-weather|none
|upkeep
|
|t:|1785809939
|switch|p2a: Houndstone|Houndstone, L50, F|100/100
|turn|6
|inactive|Pressinblades has 30 seconds left.
|inactive|Pressinblades has 20 seconds left.
|
|t:|1785809974
|move|p2b: Tyranitar|Protect|p2b: Tyranitar
|-singleturn|p2b: Tyranitar|Protect
|move|p1b: Garchomp|Stomping Tantrum|p2a: Houndstone
|-damage|p2a: Houndstone|46/100
|move|p1a: Gyarados|Crunch|p2a: Houndstone
|-supereffective|p2a: Houndstone|1
|-damage|p2a: Houndstone|0 fnt
|faint|p2a: Houndstone
|
|upkeep
|turn|7
|inactive|Yodagun has 30 seconds left.
|inactive|Yodagun has 20 seconds left.
|
|t:|1785810011
|move|p1b: Garchomp|Stomping Tantrum|p2b: Tyranitar
|-supereffective|p2b: Tyranitar|1
|-damage|p2b: Tyranitar|0 fnt
|faint|p2b: Tyranitar
|
|win|Pressinblades
||Yodagun is ready for game 2.
