|j|☆iloveships
|j|☆pokefighter ABCZ
|html|iloveshipspokefighter ABCZ    
|uhtml|bestof|Game 3 of a best-of-3
|t:|1785454424
|gametype|doubles
|player|p1|iloveships|emmet|1171
|player|p2|pokefighter ABCZ|blue-gen1rbchampion|1040
|gen|9
|tier|[Gen 9 Champions] VGC 2026 Reg M-B (Bo3)
|rated|
|rule|Species Clause: Limit one of each Pokémon
|rule|Item Clause: Limit 1 of each item
|clearpoke
|poke|p1|Sinistcha, L50|
|poke|p1|Milotic, L50, M|
|poke|p1|Incineroar, L50, M|
|poke|p1|Raichu, L50, M|
|poke|p1|Mimikyu, L50, M|
|poke|p1|Ninetales-Alola, L50, M|
|poke|p2|Staraptor, L50, M|
|poke|p2|Whimsicott, L50, M|
|poke|p2|Glimmora, L50, F|
|poke|p2|Garchomp, L50, F|
|poke|p2|Delphox, L50, F|
|poke|p2|Kingambit, L50, M|
|teampreview|4
|showteam|p1|Sinistcha||KasibBerry|Hospitality|LifeDew,MatchaGotcha,RagePowder,Hex|Calm|||||50|]Milotic||Leftovers|Competitive|MuddyWater,Hypnosis,Coil,Recover|Calm||M|||50|]Incineroar||SitrusBerry|Intimidate|FakeOut,PartingShot,DarkestLariat,FlareBlitz|Adamant||M|||50|]Raichu||RaichuniteY|LightningRod|ZapCannon,FocusBlast,FakeOut,Protect|Timid||M|||50|]Mimikyu||LifeOrb|Disguise|PlayRough,ShadowSneak,Protect,SwordsDance|Adamant||M|||50|]Ninetales-Alola||FocusSash|SnowWarning|Blizzard,FreezeDry,Protect,Encore|Timid||M|||50|
|showteam|p2|Staraptor||Staraptite|Intimidate|CloseCombat,BraveBird,Protect,Roost|Jolly||M|||50|]Whimsicott||OccaBerry|Prankster|Moonblast,Charm,LightScreen,Tailwind|Timid||M|||50|]Glimmora||FocusSash|ToxicDebris|SludgeBomb,PowerGem,SpikyShield,EarthPower|Timid||F|||50|]Garchomp||LifeOrb|RoughSkin|RockSlide,Earthquake,Protect,DragonClaw|Jolly||F|||50|]Delphox||Delphoxite|Blaze|HeatWave,Psychic,Protect,Substitute|Modest||F|||50|]Kingambit||ChopleBerry|Defiant|KowtowCleave,IronHead,LowKick,SuckerPunch|Adamant||M|||50|
|inactive|Battle timer is ON: inactive players will automatically lose when time's up. (requested by iloveships)
|inactive|pokefighter ABCZ has 60 seconds left.
|inactive|pokefighter ABCZ has 30 seconds left.
|
|t:|1785454490
|teamsize|p1|4
|teamsize|p2|4
|start
|switch|p1a: Milotic|Milotic, L50, M|100/100
|switch|p1b: Raichu|Raichu, L50, M|100/100
|switch|p2a: Garchomp|Garchomp, L50, F|100/100
|switch|p2b: Whimsicott|Whimsicott, L50, M|100/100
|turn|1
|inactive|iloveships has 30 seconds left.
|inactive|iloveships has 20 seconds left.
|
|t:|1785454525
|switch|p1a: Ninetales|Ninetales-Alola, L50, M|100/100
|-weather|Snowscape|[from] ability: Snow Warning|[of] p1a: Ninetales
|detailschange|p1b: Raichu|Raichu-Mega-Y, L50, M
|-mega|p1b: Raichu|Raichu|Raichunite Y
|move|p1b: Raichu|Fake Out|p2a: Garchomp
|-damage|p2a: Garchomp|92/100
|-damage|p1b: Raichu|87/100|[from] ability: Rough Skin|[of] p2a: Garchomp
|move|p2b: Whimsicott|Moonblast|p1a: Ninetales
|-damage|p1a: Ninetales|68/100
|cant|p2a: Garchomp|flinch
|
|-weather|Snowscape|[upkeep]
|upkeep
|turn|2
|inactive|iloveships has 30 seconds left.
|
|t:|1785454551
|switch|p1b: Sinistcha|Sinistcha, L50|100/100
|-heal|p1a: Ninetales|92/100|[from] ability: Hospitality|[of] p1b: Sinistcha
|move|p2b: Whimsicott|Tailwind|p2b: Whimsicott
|-sidestart|p2: pokefighter ABCZ|move: Tailwind
|move|p2a: Garchomp|Earthquake|p1a: Ninetales|[spread] p2b,p1a,p1b
|-resisted|p2b: Whimsicott|1
|-resisted|p1b: Sinistcha|1
|-damage|p2b: Whimsicott|70/100
|-damage|p1a: Ninetales|43/100
|-damage|p1b: Sinistcha|78/100
|-damage|p2a: Garchomp|82/100|[from] item: Life Orb
|move|p1a: Ninetales|Blizzard|p2b: Whimsicott|[spread] p2a,p2b
|-supereffective|p2a: Garchomp|2
|-supereffective|p2b: Whimsicott|1
|-damage|p2a: Garchomp|0 fnt
|-damage|p2b: Whimsicott|0 fnt
|faint|p2a: Garchomp
|faint|p2b: Whimsicott
|
|-weather|Snowscape|[upkeep]
|upkeep
|
|t:|1785454566
|switch|p2b: Glimmora|Glimmora, L50, F|100/100
|switch|p2a: Staraptor|Staraptor, L50, M|100/100
|-ability|p2a: Staraptor|Intimidate|boost
|-unboost|p1a: Ninetales|atk|1
|-unboost|p1b: Sinistcha|atk|1
|turn|3
|
|t:|1785454581
|detailschange|p2a: Staraptor|Staraptor-Mega, L50, M
|-mega|p2a: Staraptor|Staraptor|Staraptite
|move|p1b: Sinistcha|Rage Powder|p1b: Sinistcha
|-singleturn|p1b: Sinistcha|move: Rage Powder
|move|p2a: Staraptor|Brave Bird|p1b: Sinistcha
|-supereffective|p1b: Sinistcha|1
|-damage|p1b: Sinistcha|0 fnt
|faint|p1b: Sinistcha
|-damage|p2a: Staraptor|75/100|[from] Recoil
|move|p2b: Glimmora|Sludge Bomb|p1a: Ninetales
|-supereffective|p1a: Ninetales|1
|-damage|p1a: Ninetales|0 fnt
|faint|p1a: Ninetales
|
|-weather|Snowscape|[upkeep]
|upkeep
|
|t:|1785454591
|switch|p1a: Raichu|Raichu-Mega-Y, L50, M|87/100
|switch|p1b: Milotic|Milotic, L50, M|100/100
|turn|4
|
|t:|1785454611
|move|p1a: Raichu|Fake Out|p2a: Staraptor
|-damage|p2a: Staraptor|68/100
|cant|p2a: Staraptor|flinch
|move|p2b: Glimmora|Sludge Bomb|p1a: Raichu
|-damage|p1a: Raichu|23/100
|move|p1b: Milotic|Coil|p1b: Milotic
|-boost|p1b: Milotic|atk|1
|-boost|p1b: Milotic|def|1
|-boost|p1b: Milotic|accuracy|1
|
|-weather|Snowscape|[upkeep]
|upkeep
|turn|5
|inactive|iloveships has 30 seconds left.
|inactive|iloveships has 20 seconds left.
|
|t:|1785454650
|move|p1a: Raichu|Protect|p1a: Raichu
|-singleturn|p1a: Raichu|Protect
|move|p2a: Staraptor|Close Combat|p1b: Milotic
|-damage|p1b: Milotic|65/100
|-boost|p2a: Staraptor|def|1
|-boost|p2a: Staraptor|spd|1
|move|p2b: Glimmora|Sludge Bomb|p1a: Raichu
|-activate|p1a: Raichu|move: Protect
|move|p1b: Milotic|Hypnosis|p2b: Glimmora
|-status|p2b: Glimmora|slp|[from] move: Hypnosis
|
|-weather|none
|-heal|p1b: Milotic|71/100|[from] item: Leftovers
|-sideend|p2: pokefighter ABCZ|move: Tailwind
|upkeep
|turn|6
|
|t:|1785454674
|move|p2a: Staraptor|Protect|p2a: Staraptor
|-singleturn|p2a: Staraptor|Protect
|move|p1a: Raichu|Zap Cannon|p2a: Staraptor
|-activate|p2a: Staraptor|move: Protect
|cant|p2b: Glimmora|slp
|move|p1b: Milotic|Muddy Water|p2b: Glimmora|[spread] p2b
|-activate|p2a: Staraptor|move: Protect
|-supereffective|p2b: Glimmora|1
|-damage|p2b: Glimmora|42/100 slp
|-unboost|p2b: Glimmora|accuracy|1
|
|-heal|p1b: Milotic|77/100|[from] item: Leftovers
|upkeep
|turn|7
|
|t:|1785454688
|move|p2a: Staraptor|Protect||[still]
|-fail|p2a: Staraptor
|move|p1a: Raichu|Zap Cannon|p2a: Staraptor
|-supereffective|p2a: Staraptor|1
|-damage|p2a: Staraptor|0 fnt
|faint|p2a: Staraptor
|cant|p2b: Glimmora|slp
|move|p1b: Milotic|Muddy Water|p2b: Glimmora
|-supereffective|p2b: Glimmora|1
|-damage|p2b: Glimmora|0 fnt
|faint|p2b: Glimmora
|
|win|iloveships
|raw|iloveships's rating: 1171 → 1187(+16 for winning)
|raw|pokefighter ABCZ's rating: 1040 → 1030(-10 for losing)
