|j|☆bipen78
|j|☆Mountainman46
|html|bipen78Mountainman46    
|uhtml|bestof|Game 2 of a best-of-3
|t:|1757732697
|gametype|doubles
|player|p1|bipen78|guitarist|1112
|player|p2|Mountainman46|101|1183
|gen|9
|tier|[Gen 9] VGC 2025 Reg H (Bo3)
|rated|
|rule|Species Clause: Limit one of each Pokémon
|rule|Item Clause: Limit 1 of each item
|clearpoke
|poke|p1|Sneasler, L50, M|
|poke|p1|Annihilape, L50, F|
|poke|p1|Ursaluna, L50, F|
|poke|p1|Gholdengo, L50|
|poke|p1|Indeedee-F, L50, F|
|poke|p1|Incineroar, L50, M|
|poke|p2|Pelipper, L50, F|
|poke|p2|Archaludon, L50, F|
|poke|p2|Electabuzz, L50, M|
|poke|p2|Basculegion, L50, M|
|poke|p2|Rillaboom, L50, F|
|poke|p2|Incineroar, L50, M|
|teampreview|4
|showteam|p1|Sneasler||FocusSash|PoisonTouch|DireClaw,Protect,FakeOut,CloseCombat|||M|||50|,,,,,Flying]Annihilape||ChoiceScarf|InnerFocus|FinalGambit,RageFist,Uturn,CloseCombat|||F|||50|,,,,,Ghost]Ursaluna||FlameOrb|Guts|Protect,Facade,HeadlongRush,Earthquake|||F|||50|,,,,,Normal]Gholdengo||LifeOrb|GoodasGold|MakeItRain,ShadowBall,Protect,NastyPlot||||||50|,,,,,Steel]Indeedee-F||SitrusBerry|PsychicSurge|FollowMe,Protect,TrickRoom,Psychic|||F|||50|,,,,,Water]Incineroar||SafetyGoggles|Intimidate|FakeOut,PartingShot,FlareBlitz,KnockOff|||M|||50|,,,,,Bug
|showteam|p2|Pelipper||FocusSash|Drizzle|Hurricane,Tailwind,WeatherBall,Protect|||F|||50|,,,,,Stellar]Archaludon||AssaultVest|Stamina|BodyPress,ElectroShot,FlashCannon,DragonPulse|||F|||50|,,,,,Bug]Electabuzz||Eviolite|VitalSpirit|RainDance,FollowMe,Electroweb,Taunt|||M|||50|,,,,,Ghost]Basculegion||ChoiceBand|SwiftSwim|WaveCrash,AquaJet,LastRespects,FlipTurn|||M|||50|,,,,,Grass]Rillaboom||LoadedDice|GrassySurge|GrassyGlide,BulletSeed,FakeOut,HighHorsepower|||F|||50|,,,,,Fire]Incineroar||SafetyGoggles|Intimidate|FakeOut,PartingShot,KnockOff,FlareBlitz|||M|||50|,,,,,Ghost
|inactive|Battle timer is ON: inactive players will automatically lose when time's up. (requested by bipen78)
|inactive|Mountainman46 also wants the timer to be on.
|inactive|Mountainman46 has 60 seconds left.
|
|t:|1757732732
|teamsize|p1|4
|teamsize|p2|4
|start
|switch|p1a: Indeedee|Indeedee-F, L50, F|100/100
|switch|p1b: Incineroar|Incineroar, L50, M|100/100
|switch|p2a: Pelipper|Pelipper, L50, F|100/100
|switch|p2b: Basculegion|Basculegion, L50, M|100/100
|-weather|RainDance|[from] ability: Drizzle|[of] p2a: Pelipper
|-fieldstart|move: Psychic Terrain|[from] ability: Psychic Surge|[of] p1a: Indeedee
|-ability|p1b: Incineroar|Intimidate|boost
|-unboost|p2a: Pelipper|atk|1
|-unboost|p2b: Basculegion|atk|1
|turn|1
|inactive|Mountainman46 has 30 seconds left.
|inactive|Mountainman46 has 20 seconds left.
|
|t:|1757732768
|-terastallize|p1a: Indeedee|Water
|move|p1b: Incineroar|Fake Out|p2a: Pelipper
|-hint|Psychic Terrain doesn't affect Pokémon immune to Ground.
|-damage|p2a: Pelipper|87/100
|move|p2b: Basculegion|Flip Turn|p1b: Incineroar
|-supereffective|p1b: Incineroar
|-damage|p1b: Incineroar|29/100
|
|t:|1757732776
|switch|p2b: Rillaboom|Rillaboom, L50, F|100/100|[from] Flip Turn
|-fieldstart|move: Grassy Terrain|[from] ability: Grassy Surge|[of] p2b: Rillaboom
|cant|p2a: Pelipper|flinch
|move|p1a: Indeedee|Trick Room|p1a: Indeedee
|-fieldstart|move: Trick Room|[of] p1a: Indeedee
|
|-weather|RainDance|[upkeep]
|-heal|p1b: Incineroar|35/100|[from] Grassy Terrain
|upkeep
|turn|2
|inactive|Mountainman46 has 30 seconds left.
|inactive|Mountainman46 has 20 seconds left.
|inactive|Mountainman46 has 15 seconds left.
|inactive|Mountainman46 has 10 seconds left.
|
|t:|1757732826
|switch|p1a: Gholdengo|Gholdengo, L50|100/100
|move|p1b: Incineroar|Knock Off|p2a: Pelipper
|-damage|p2a: Pelipper|34/100
|-enditem|p2a: Pelipper|Focus Sash|[from] move: Knock Off|[of] p1b: Incineroar
|move|p2a: Pelipper|Hurricane|p1b: Incineroar
|-damage|p1b: Incineroar|0 fnt
|faint|p1b: Incineroar
|move|p2b: Rillaboom|Bullet Seed|p1a: Gholdengo
|-resisted|p1a: Gholdengo
|-damage|p1a: Gholdengo|94/100
|-resisted|p1a: Gholdengo
|-damage|p1a: Gholdengo|85/100
|-resisted|p1a: Gholdengo
|-damage|p1a: Gholdengo|78/100
|-resisted|p1a: Gholdengo
|-damage|p1a: Gholdengo|71/100
|-resisted|p1a: Gholdengo
|-damage|p1a: Gholdengo|63/100
|-hitcount|p1a: Gholdengo|5
|
|-weather|RainDance|[upkeep]
|-heal|p1a: Gholdengo|69/100|[from] Grassy Terrain
|upkeep
|
|t:|1757732836
|switch|p1b: Ursaluna|Ursaluna, L50, F|100/100
|turn|3
|inactive|Mountainman46 has 30 seconds left.
|inactive|Mountainman46 has 20 seconds left.
|
|t:|1757732874
|switch|p1a: Indeedee|Indeedee-F, L50, F, tera:Water|100/100
|-fieldstart|move: Psychic Terrain|[from] ability: Psychic Surge|[of] p1a: Indeedee
|move|p1b: Ursaluna|Facade|p2b: Rillaboom
|-damage|p2b: Rillaboom|56/100
|move|p2a: Pelipper|Weather Ball|p1a: Indeedee
|-resisted|p1a: Indeedee
|-damage|p1a: Indeedee|67/100
|move|p2b: Rillaboom|Grassy Glide|p1b: Ursaluna
|-supereffective|p1b: Ursaluna
|-damage|p1b: Ursaluna|57/100
|
|-weather|RainDance|[upkeep]
|-status|p1b: Ursaluna|brn|[from] item: Flame Orb
|upkeep
|turn|4
|inactive|Mountainman46 has 30 seconds left.
|inactive|Mountainman46 has 20 seconds left.
|
|t:|1757732909
|switch|p2b: Basculegion|Basculegion, L50, M|100/100
|move|p2a: Pelipper|Protect|p2a: Pelipper
|-singleturn|p2a: Pelipper|Protect
|move|p1b: Ursaluna|Facade|p2b: Basculegion
|-immune|p2b: Basculegion
|move|p1a: Indeedee|Psychic|p2a: Pelipper
|-activate|p2a: Pelipper|move: Protect
|
|-weather|RainDance|[upkeep]
|-damage|p1b: Ursaluna|52/100 brn|[from] brn
|upkeep
|turn|5
|inactive|Mountainman46 has 30 seconds left.
|inactive|Mountainman46 has 20 seconds left.
|
|t:|1757732945
|switch|p2a: Archaludon|Archaludon, L50, F|100/100
|-terastallize|p2b: Basculegion|Grass
|move|p1b: Ursaluna|Headlong Rush|p2b: Basculegion
|-resisted|p2b: Basculegion
|-damage|p2b: Basculegion|25/100
|-unboost|p1b: Ursaluna|def|1
|-unboost|p1b: Ursaluna|spd|1
|move|p1a: Indeedee|Psychic|p2a: Archaludon
|-resisted|p2a: Archaludon
|-damage|p2a: Archaludon|85/100
|-ability|p2a: Archaludon|Stamina|boost
|-boost|p2a: Archaludon|def|1
|move|p2b: Basculegion|Flip Turn|p1b: Ursaluna
|-supereffective|p1b: Ursaluna
|-damage|p1b: Ursaluna|0 fnt
|faint|p1b: Ursaluna
|
|t:|1757732962
|switch|p2b: Rillaboom|Rillaboom, L50, F|56/100|[from] Flip Turn
|-fieldstart|move: Grassy Terrain|[from] ability: Grassy Surge|[of] p2b: Rillaboom
|
|-weather|none
|-heal|p1a: Indeedee|73/100|[from] Grassy Terrain
|-heal|p2a: Archaludon|92/100|[from] Grassy Terrain
|-heal|p2b: Rillaboom|62/100|[from] Grassy Terrain
|-fieldend|move: Trick Room
|upkeep
|
|t:|1757732965
|switch|p1b: Gholdengo|Gholdengo, L50|69/100
|turn|6
|
|t:|1757732983
|switch|p2a: Pelipper|Pelipper, L50, F|34/100
|-weather|RainDance|[from] ability: Drizzle|[of] p2a: Pelipper
|move|p2b: Rillaboom|Grassy Glide|p1a: Indeedee
|-supereffective|p1a: Indeedee
|-damage|p1a: Indeedee|0 fnt
|faint|p1a: Indeedee
|move|p1b: Gholdengo|Nasty Plot|p1b: Gholdengo
|-boost|p1b: Gholdengo|spa|2
|
|-weather|RainDance|[upkeep]
|-heal|p2b: Rillaboom|68/100|[from] Grassy Terrain
|-heal|p1b: Gholdengo|75/100|[from] Grassy Terrain
|upkeep
|turn|7
|
|t:|1757733001
|move|p2b: Rillaboom|High Horsepower|p1b: Gholdengo
|-supereffective|p1b: Gholdengo
|-damage|p1b: Gholdengo|21/100
|move|p2a: Pelipper|Weather Ball|p1b: Gholdengo
|-damage|p1b: Gholdengo|0 fnt
|faint|p1b: Gholdengo
|
|win|Mountainman46
|raw|bipen78's rating: 1112 → 1092(-20 for losing)
|raw|Mountainman46's rating: 1183 → 1203(+20 for winning)
|l|☆bipen78
|player|p1|
|l|☆Mountainman46
|player|p2|
|j|☆Mountainman46
|player|p2|Mountainman46|101|
