|j|☆NoMasRegH
|j|☆Fedemitra9
|html|NoMasRegHFedemitra9    
|uhtml|bestof|Game 1 of a best-of-3
|t:|1757835023
|gametype|doubles
|player|p1|NoMasRegH|scientist-gen4dp|1397
|player|p2|Fedemitra9|hiker-gen4|1482
|gen|9
|tier|[Gen 9] VGC 2025 Reg H (Bo3)
|rated|
|rule|Species Clause: Limit one of each Pokémon
|rule|Item Clause: Limit 1 of each item
|clearpoke
|poke|p1|Talonflame, L50, M|
|poke|p1|Ursaluna, L50, M|
|poke|p1|Pelipper, L50, M|
|poke|p1|Sinistcha, L50|
|poke|p1|Archaludon, L50, M|
|poke|p1|Dragonite, L50, M|
|poke|p2|Hatterene, L50, F|
|poke|p2|Indeedee-F, L50, F|
|poke|p2|Torkoal, L50, F|
|poke|p2|Gallade, L50, M|
|poke|p2|Lilligant-Hisui, L50, F|
|poke|p2|Ursaluna, L50, M|
|teampreview|4
|showteam|p1|Talonflame||CovertCloak|GaleWings|DualWingbeat,Taunt,RainDance,Tailwind|||M|||50|,,,,,Grass]Ursaluna||FlameOrb|Guts|Facade,Earthquake,HeadlongRush,Protect|||M|||50|,,,,,Fairy]Pelipper||FocusSash|Drizzle|WeatherBall,Hurricane,WideGuard,Protect|||M|||50|,,,,,Stellar]Sinistcha||SitrusBerry|Hospitality|MatchaGotcha,RagePowder,LifeDew,TrickRoom||||||50|,,,,,Dark]Archaludon||AssaultVest|Stamina|ElectroShot,DracoMeteor,BodyPress,Snarl|||M|||50|,,,,,Fighting]Dragonite||LoadedDice|Multiscale|ScaleShot,Haze,Tailwind,Protect|||M|||50|,,,,,Fairy
|showteam|p2|Hatterene||LifeOrb|MagicBounce|ExpandingForce,DazzlingGleam,Protect,TrickRoom|||F|||50|,,,,,Fire]Indeedee-F||PsychicSeed|PsychicSurge|Psychic,FollowMe,HelpingHand,TrickRoom|||F|||50|,,,,,Grass]Torkoal||FlamePlate|Drought|Eruption,WeatherBall,ClearSmog,Protect|||F|||50|,,,,,Fire]Gallade||ClearAmulet|Sharpness|PsychoCut,SacredSword,WideGuard,TrickRoom|||M|||50|,,,,,Grass]Lilligant-Hisui||FocusSash|Chlorophyll|LeafBlade,CloseCombat,AfterYou,SleepPowder|||F|||50|,,,,,Ghost]Ursaluna||FlameOrb|Guts|Facade,HeadlongRush,Substitute,Protect|||M|||50|,,,,,Ghost
|inactive|Battle timer is ON: inactive players will automatically lose when time's up. (requested by Fedemitra9)
|inactive|Fedemitra9 has 60 seconds left.
|inactive|NoMasRegH has 60 seconds left.
|
|t:|1757835077
|teamsize|p1|4
|teamsize|p2|4
|start
|switch|p1a: Ursaluna|Ursaluna, L50, M, shiny|100/100
|switch|p1b: Pelipper|Pelipper, L50, M, shiny|100/100
|switch|p2a: Hatterene|Hatterene, L50, F|100/100
|switch|p2b: Indeedee|Indeedee-F, L50, F|100/100
|-weather|RainDance|[from] ability: Drizzle|[of] p1b: Pelipper
|-fieldstart|move: Psychic Terrain|[from] ability: Psychic Surge|[of] p2b: Indeedee
|-enditem|p2b: Indeedee|Psychic Seed
|-boost|p2b: Indeedee|spd|1|[from] item: Psychic Seed
|turn|1
|inactive|Fedemitra9 has 30 seconds left.
|
|t:|1757835104
|move|p1b: Pelipper|Wide Guard|p1b: Pelipper
|-singleturn|p1b: Pelipper|Wide Guard
|move|p1a: Ursaluna|Earthquake|p2b: Indeedee|[spread] p2a,p2b
|-activate|p1b: Pelipper|move: Wide Guard
|-damage|p2a: Hatterene|54/100
|-damage|p2b: Indeedee|60/100
|move|p2a: Hatterene|Expanding Force|p1b: Pelipper|[spread] 
|-activate|p1a: Ursaluna|move: Wide Guard
|-activate|p1b: Pelipper|move: Wide Guard
|move|p2b: Indeedee|Trick Room|p2b: Indeedee
|-fieldstart|move: Trick Room|[of] p2b: Indeedee
|
|-weather|RainDance|[upkeep]
|-status|p1a: Ursaluna|brn|[from] item: Flame Orb
|upkeep
|turn|2
|
|t:|1757835124
|move|p1b: Pelipper|Wide Guard|p1b: Pelipper
|-singleturn|p1b: Pelipper|Wide Guard
|move|p2a: Hatterene|Expanding Force|p1a: Ursaluna|[spread] 
|-activate|p1a: Ursaluna|move: Wide Guard
|-activate|p1b: Pelipper|move: Wide Guard
|move|p2b: Indeedee|Psychic|p1b: Pelipper
|-damage|p1b: Pelipper|38/100
|-unboost|p1b: Pelipper|spd|1
|move|p1a: Ursaluna|Earthquake|p2b: Indeedee|[spread] p2a,p2b
|-activate|p1b: Pelipper|move: Wide Guard
|-damage|p2a: Hatterene|0 fnt
|-damage|p2b: Indeedee|0 fnt
|faint|p2a: Hatterene
|faint|p2b: Indeedee
|
|-weather|RainDance|[upkeep]
|-damage|p1a: Ursaluna|94/100 brn|[from] brn
|upkeep
|
|t:|1757835143
|switch|p2a: Torkoal|Torkoal, L50, F|100/100
|switch|p2b: Gallade|Gallade, L50, M|100/100
|-weather|SunnyDay|[from] ability: Drought|[of] p2a: Torkoal
|turn|3
|
|t:|1757835161
|switch|p1b: Archaludon|Archaludon, L50, M, shiny|100/100
|move|p1a: Ursaluna|Protect|p1a: Ursaluna
|-singleturn|p1a: Ursaluna|Protect
|move|p2a: Torkoal|Weather Ball|p1a: Ursaluna
|-activate|p1a: Ursaluna|move: Protect
|move|p2b: Gallade|Sacred Sword|p1b: Archaludon
|-supereffective|p1b: Archaludon
|-damage|p1b: Archaludon|6/100
|-ability|p1b: Archaludon|Stamina|boost
|-boost|p1b: Archaludon|def|1
|
|-weather|SunnyDay|[upkeep]
|-damage|p1a: Ursaluna|88/100 brn|[from] brn
|upkeep
|turn|4
|inactive|Fedemitra9 has 30 seconds left.
|inactive|Fedemitra9 has 20 seconds left.
|inactive|Fedemitra9 has 15 seconds left.
|inactive|Fedemitra9 has 10 seconds left.
|inactive|Fedemitra9 has 5 seconds left.
|
|t:|1757835212
|switch|p1a: Pelipper|Pelipper, L50, M, shiny|38/100
|-weather|RainDance|[from] ability: Drizzle|[of] p1a: Pelipper
|move|p2a: Torkoal|Weather Ball|p1a: Pelipper
|-resisted|p1a: Pelipper
|-damage|p1a: Pelipper|2/100
|move|p2b: Gallade|Psycho Cut|p1a: Pelipper
|-damage|p1a: Pelipper|0 fnt
|faint|p1a: Pelipper
|move|p1b: Archaludon|Draco Meteor|p2b: Gallade
|-damage|p2b: Gallade|47/100
|-unboost|p1b: Archaludon|spa|2
|
|-weather|RainDance|[upkeep]
|upkeep
|
|t:|1757835223
|switch|p1a: Ursaluna|Ursaluna, L50, M, shiny|88/100 brn
|turn|5
|inactive|Fedemitra9 has 30 seconds left.
|
|t:|1757835248
|move|p1a: Ursaluna|Protect|p1a: Ursaluna
|-singleturn|p1a: Ursaluna|Protect
|move|p2a: Torkoal|Eruption|p1b: Archaludon|[spread] p1b
|-activate|p1a: Ursaluna|move: Protect
|-damage|p1b: Archaludon|0 fnt
|faint|p1b: Archaludon
|move|p2b: Gallade|Psycho Cut|p1a: Ursaluna
|-activate|p1a: Ursaluna|move: Protect
|
|-weather|RainDance|[upkeep]
|-damage|p1a: Ursaluna|82/100 brn|[from] brn
|-fieldend|move: Trick Room
|-fieldend|move: Psychic Terrain
|upkeep
|
|t:|1757835253
|switch|p1b: Sinistcha|Sinistcha, L50|100/100
|-heal|p1a: Ursaluna|100/100 brn|[from] ability: Hospitality|[of] p1b: Sinistcha
|turn|6
|
|t:|1757835277
|-terastallize|p1a: Ursaluna|Fairy
|move|p1b: Sinistcha|Rage Powder|p1b: Sinistcha
|-singleturn|p1b: Sinistcha|move: Rage Powder
|move|p2b: Gallade|Psycho Cut|p1b: Sinistcha
|-damage|p1b: Sinistcha|58/100
|move|p1a: Ursaluna|Earthquake|p2a: Torkoal|[spread] p1b,p2a,p2b
|-resisted|p1b: Sinistcha
|-supereffective|p2a: Torkoal
|-crit|p2b: Gallade
|-damage|p1b: Sinistcha|32/100
|-damage|p2a: Torkoal|0 fnt
|-damage|p2b: Gallade|0 fnt
|-enditem|p1b: Sinistcha|Sitrus Berry|[eat]
|-heal|p1b: Sinistcha|57/100|[from] item: Sitrus Berry
|faint|p2a: Torkoal
|faint|p2b: Gallade
|
|win|NoMasRegH
||NoMasRegH is ready for game 2.
|inactive|Fedemitra9 has 30 seconds to confirm battle start!
||Fedemitra9 is ready for game 2.
|uhtml|next|Next: Game 2 of 3
|l|☆NoMasRegH
|player|p1|
|l|☆Fedemitra9
|player|p2|
