|j|鈽咷WLucari0
|j|鈽咰lumbsyLilBeach
|html|GWLucari0ClumbsyLilBeach    
|uhtml|bestof|Game 2 of a best-of-3
|t:|1785443751
|gametype|doubles
|player|p1|GWLucari0|steven|1094
|player|p2|ClumbsyLilBeach|102|1106
|gen|9
|tier|[Gen 9 Champions] VGC 2026 Reg M-B (Bo3)
|rated|
|rule|Species Clause: Limit one of each Pok茅mon
|rule|Item Clause: Limit 1 of each item
|clearpoke
|poke|p1|Steelix, L50, M, shiny|
|poke|p1|Sinistcha-Masterpiece, L50|
|poke|p1|Sneasler, L50, F|
|poke|p1|Tyranitar, L50, M|
|poke|p1|Cofagrigus, L50, M|
|poke|p1|Sableye, L50, M|
|poke|p2|Charizard, L50, F|
|poke|p2|Talonflame, L50, F|
|poke|p2|Pelipper, L50, F|
|poke|p2|Gliscor, L50, F, shiny|
|poke|p2|Gyarados, L50, M|
|poke|p2|Corviknight, L50, M|
|teampreview|4
|showteam|p1|Steelix||Steelixite|Sturdy|HighHorsepower,HeavySlam,WideGuard,Protect|Adamant||M|||50|]Sinistcha-Masterpiece||BigRoot|Hospitality|MatchaGotcha,StrengthSap,RagePowder,TrickRoom|Modest|||||50|]Sneasler||WhiteHerb|Unburden|CloseCombat,DireClaw,FakeOut,Acrobatics|Adamant||F|||50|]Tyranitar||SmoothRock|SandStream|KnockOff,RockSlide,DragonDance,Protect|Adamant||M|||50|]Cofagrigus||Leftovers|Mummy|TrickRoom,WillOWisp,Protect,ShadowBall|Quiet||M|||50|]Sableye||LightClay|Prankster|Recover,LightScreen,Reflect,Encore|Impish||M|||50|
|showteam|p2|Charizard||CharizarditeY|Blaze|Protect,WeatherBall,HeatWave,SolarBeam|Bold||F|||50|]Talonflame||FocusSash|GaleWings|DualWingbeat,Tailwind,QuickGuard,Taunt|Jolly||F|||50|]Pelipper||SitrusBerry|Drizzle|WideGuard,Hurricane,Tailwind,WeatherBall|Modest||F|||50|]Gliscor||ChoiceScarf|HyperCutter|HighHorsepower,RockSlide,Uturn,PoisonJab|Jolly||F|||50|]Gyarados||Gyaradosite|Intimidate|Protect,Waterfall,Crunch,Earthquake|Adamant||M|||50|]Corviknight||Leftovers|MirrorArmor|BodyPress,IronHead,IronDefense,Protect|Impish||M|||50|
|l|鈽咷WLucari0
|player|p1|
|j|鈽咷WLucari0
|player|p1|GWLucari0|steven|
|
|t:|1785443820
|teamsize|p1|4
|teamsize|p2|4
|start
|switch|p1a: Cofagrigus|Cofagrigus, L50, M|100/100
|switch|p1b: Sableye|Sableye, L50, M|100/100
|switch|p2a: Talonflame|Talonflame, L50, F|100/100
|switch|p2b: Corviknight|Corviknight, L50, M|100/100
|turn|1
|
|t:|1785443849
|move|p2b: Corviknight|Protect|p2b: Corviknight
|-singleturn|p2b: Corviknight|Protect
|move|p1b: Sableye|Reflect|p1b: Sableye
|-sidestart|p1: GWLucari0|Reflect
|move|p2a: Talonflame|Taunt|p1b: Sableye
|-start|p1b: Sableye|move: Taunt
|move|p1a: Cofagrigus|Trick Room|p1a: Cofagrigus
|-fieldstart|move: Trick Room|[of] p1a: Cofagrigus
|
|upkeep
|turn|2
|
|t:|1785443877
|switch|p1b: Tyranitar|Tyranitar, L50, M|100/100
|-weather|Sandstorm|[from] ability: Sand Stream|[of] p1b: Tyranitar
|switch|p2b: Pelipper|Pelipper, L50, F|100/100
|-weather|RainDance|[from] ability: Drizzle|[of] p2b: Pelipper
|move|p2a: Talonflame|Dual Wingbeat|p1b: Tyranitar
|-resisted|p1b: Tyranitar|1
|-damage|p1b: Tyranitar|95/100
|-resisted|p1b: Tyranitar|1
|-damage|p1b: Tyranitar|90/100
|-hitcount|p1b: Tyranitar|2
|move|p1a: Cofagrigus|Will-O-Wisp|p2b: Pelipper
|-status|p2b: Pelipper|brn
|
|-weather|RainDance|[upkeep]
|-damage|p2b: Pelipper|93/100 brn|[from] brn
|upkeep
|turn|3
|
|t:|1785443901
|move|p2b: Pelipper|Wide Guard|p2b: Pelipper
|-singleturn|p2b: Pelipper|Wide Guard
|move|p1a: Cofagrigus|Shadow Ball|p2a: Talonflame
|-damage|p2a: Talonflame|41/100
|move|p1b: Tyranitar|Rock Slide|p2a: Talonflame|[spread] 
|-activate|p2a: Talonflame|move: Wide Guard
|-activate|p2b: Pelipper|move: Wide Guard
|move|p2a: Talonflame|Taunt|p1a: Cofagrigus
|-start|p1a: Cofagrigus|move: Taunt
|
|-weather|RainDance|[upkeep]
|-damage|p2b: Pelipper|87/100 brn|[from] brn
|upkeep
|turn|4
|
|t:|1785443927
|move|p2b: Pelipper|Wide Guard|p2b: Pelipper
|-singleturn|p2b: Pelipper|Wide Guard
|move|p1a: Cofagrigus|Shadow Ball|p2a: Talonflame
|-damage|p2a: Talonflame|0 fnt
|faint|p2a: Talonflame
|move|p1b: Tyranitar|Knock Off|p2b: Pelipper
|-damage|p2b: Pelipper|20/100y brn
|-enditem|p2b: Pelipper|Sitrus Berry|[from] move: Knock Off|[of] p1b: Tyranitar
|
|-weather|RainDance|[upkeep]
|-damage|p2b: Pelipper|14/100 brn|[from] brn
|upkeep
|
|t:|1785443941
|switch|p2a: Gyarados|Gyarados, L50, M|100/100
|-ability|p2a: Gyarados|Intimidate|boost
|-unboost|p1a: Cofagrigus|atk|1
|-unboost|p1b: Tyranitar|atk|1
|turn|5
|
|t:|1785443955
|switch|p2b: Corviknight|Corviknight, L50, M|100/100
|move|p1b: Tyranitar|Protect|p1b: Tyranitar
|-singleturn|p1b: Tyranitar|Protect
|move|p2a: Gyarados|Protect|p2a: Gyarados
|-singleturn|p2a: Gyarados|Protect
|move|p1a: Cofagrigus|Shadow Ball|p2b: Corviknight
|-damage|p2b: Corviknight|74/100
|
|-weather|RainDance|[upkeep]
|-heal|p2b: Corviknight|80/100|[from] item: Leftovers
|-fieldend|move: Trick Room
|upkeep
|turn|6
|inactive|Battle timer is ON: inactive players will automatically lose when time's up. (requested by GWLucari0)
|
|t:|1785443986
|detailschange|p2a: Gyarados|Gyarados-Mega, L50, M
|-mega|p2a: Gyarados|Gyarados|Gyaradosite
|-ability|p2a: Gyarados|Mold Breaker
|move|p2a: Gyarados|Waterfall|p1b: Tyranitar
|-supereffective|p1b: Tyranitar|1
|-damage|p1b: Tyranitar|1/100
|move|p1b: Tyranitar|Rock Slide|p2b: Corviknight|[spread] p2b
|-miss|p1b: Tyranitar|p2a: Gyarados
|-crit|p2b: Corviknight
|-damage|p2b: Corviknight|38/100
|move|p2b: Corviknight|Iron Head|p1a: Cofagrigus
|-damage|p1a: Cofagrigus|86/100
|-activate|p1a: Cofagrigus|ability: Mummy|p2b: Corviknight|[ability] Mirror Armor
|move|p1a: Cofagrigus|Shadow Ball|p2b: Corviknight
|-damage|p2b: Corviknight|12/100
|
|-weather|none
|-heal|p2b: Corviknight|18/100|[from] item: Leftovers
|-heal|p1a: Cofagrigus|92/100|[from] item: Leftovers
|-end|p1a: Cofagrigus|move: Taunt
|upkeep
|turn|7
|inactive|ClumbsyLilBeach has 30 seconds left.
|
|t:|1785444020
|move|p1b: Tyranitar|Protect|p1b: Tyranitar
|-singleturn|p1b: Tyranitar|Protect
|move|p2a: Gyarados|Crunch|p1a: Cofagrigus
|-supereffective|p1a: Cofagrigus|1
|-damage|p1a: Cofagrigus|39/100
|-unboost|p1a: Cofagrigus|def|1
|-activate|p1a: Cofagrigus|ability: Mummy|p2a: Gyarados|[ability] Mold Breaker
|move|p2b: Corviknight|Body Press|p1b: Tyranitar
|-activate|p1b: Tyranitar|move: Protect
|move|p1a: Cofagrigus|Trick Room|p1a: Cofagrigus
|-fieldstart|move: Trick Room|[of] p1a: Cofagrigus
|
|-heal|p1a: Cofagrigus|45/100|[from] item: Leftovers
|-heal|p2b: Corviknight|24/100|[from] item: Leftovers
|upkeep
|turn|8
|
|t:|1785444041
|switch|p1b: Sableye|Sableye, L50, M|100/100
|move|p1a: Cofagrigus|Will-O-Wisp|p2a: Gyarados
|-status|p2a: Gyarados|brn
|move|p2b: Corviknight|Iron Head|p1a: Cofagrigus
|-damage|p1a: Cofagrigus|23/100
|move|p2a: Gyarados|Earthquake|p1a: Cofagrigus|[spread] p1a,p1b
|-immune|p2b: Corviknight
|-damage|p1a: Cofagrigus|11/100
|-damage|p1b: Sableye|89/100
|
|-heal|p1a: Cofagrigus|17/100|[from] item: Leftovers
|-heal|p2b: Corviknight|30/100|[from] item: Leftovers
|-damage|p2a: Gyarados|93/100 brn|[from] brn
|-sideend|p1: GWLucari0|Reflect
|upkeep
|turn|9
|
|t:|1785444065
|move|p1b: Sableye|Reflect|p1b: Sableye
|-sidestart|p1: GWLucari0|Reflect
|move|p1a: Cofagrigus|Shadow Ball|p2b: Corviknight
|-damage|p2b: Corviknight|1/100
|move|p2b: Corviknight|Iron Head|p1b: Sableye
|-damage|p1b: Sableye|70/100
|move|p2a: Gyarados|Crunch|p1b: Sableye
|-damage|p1b: Sableye|52/100
|
|-heal|p1a: Cofagrigus|23/100|[from] item: Leftovers
|-heal|p2b: Corviknight|7/100|[from] item: Leftovers
|-damage|p2a: Gyarados|87/100 brn|[from] brn
|upkeep
|turn|10
|inactive|ClumbsyLilBeach has 30 seconds left.
|inactive|ClumbsyLilBeach has 20 seconds left.
|
|t:|1785444104
|move|p2b: Corviknight|Protect|p2b: Corviknight
|-singleturn|p2b: Corviknight|Protect
|move|p1b: Sableye|Recover|p1b: Sableye
|-heal|p1b: Sableye|100/100
|move|p1a: Cofagrigus|Shadow Ball|p2b: Corviknight
|-activate|p2b: Corviknight|move: Protect
|move|p2a: Gyarados|Waterfall|p1b: Sableye
|-damage|p1b: Sableye|82/100
|
|-heal|p1a: Cofagrigus|29/100|[from] item: Leftovers
|-heal|p2b: Corviknight|13/100|[from] item: Leftovers
|-damage|p2a: Gyarados|81/100 brn|[from] brn
|upkeep
|turn|11
|inactive|GWLucari0 has 30 seconds left.
|
|t:|1785444134
|switch|p2b: Pelipper|Pelipper, L50, F|14/100 brn
|-weather|RainDance|[from] ability: Drizzle|[of] p2b: Pelipper
|move|p1b: Sableye|Light Screen|p1b: Sableye
|-sidestart|p1: GWLucari0|move: Light Screen
|move|p1a: Cofagrigus|Shadow Ball|p2b: Pelipper
|-damage|p2b: Pelipper|0 fnt
|faint|p2b: Pelipper
|move|p2a: Gyarados|Waterfall|p1a: Cofagrigus
|-damage|p1a: Cofagrigus|1/100
|
|-weather|RainDance|[upkeep]
|-heal|p1a: Cofagrigus|7/100|[from] item: Leftovers
|-damage|p2a: Gyarados|75/100 brn|[from] brn
|-fieldend|move: Trick Room
|upkeep
|
|t:|1785444149
|switch|p2b: Corviknight|Corviknight, L50, M|13/100
|turn|12
|
|t:|1785444162
|move|p1b: Sableye|Recover|p1b: Sableye
|-heal|p1b: Sableye|100/100
|move|p2a: Gyarados|Earthquake|p1a: Cofagrigus|[spread] p1a,p1b
|-immune|p2b: Corviknight
|-damage|p1a: Cofagrigus|0 fnt
|-damage|p1b: Sableye|89/100
|faint|p1a: Cofagrigus
|move|p2b: Corviknight|Iron Head|p1b: Sableye
|-damage|p1b: Sableye|71/100
|
|-weather|RainDance|[upkeep]
|-heal|p2b: Corviknight|19/100|[from] item: Leftovers
|-damage|p2a: Gyarados|69/100 brn|[from] brn
|upkeep
|
|t:|1785444176
|switch|p1a: Tyranitar|Tyranitar, L50, M|1/100
|-weather|Sandstorm|[from] ability: Sand Stream|[of] p1a: Tyranitar
|turn|13
|
|t:|1785444188
|move|p1b: Sableye|Recover|p1b: Sableye
|-heal|p1b: Sableye|100/100
|move|p2a: Gyarados|Earthquake|p1b: Sableye|[spread] p1a,p1b
|-immune|p2b: Corviknight
|-supereffective|p1a: Tyranitar|1
|-damage|p1a: Tyranitar|0 fnt
|-damage|p1b: Sableye|90/100
|faint|p1a: Tyranitar
|move|p2b: Corviknight|Iron Head|p1b: Sableye
|-damage|p1b: Sableye|74/100
|
|-weather|Sandstorm|[upkeep]
|-damage|p2a: Gyarados|63/100 brn|[from] Sandstorm
|-damage|p1b: Sableye|68/100|[from] Sandstorm
|-heal|p2b: Corviknight|25/100|[from] item: Leftovers
|-damage|p2a: Gyarados|56/100 brn|[from] brn
|upkeep
|
|t:|1785444202
|switch|p1a: Steelix|Steelix, L50, M, shiny|100/100
|turn|14
|inactive|ClumbsyLilBeach has 30 seconds left.
|
|t:|1785444229
|detailschange|p1a: Steelix|Steelix-Mega, L50, M, shiny
|-mega|p1a: Steelix|Steelix|Steelixite
|move|p1b: Sableye|Recover|p1b: Sableye
|-heal|p1b: Sableye|100/100
|move|p2a: Gyarados|Waterfall|p1b: Sableye
|-damage|p1b: Sableye|82/100
|move|p2b: Corviknight|Iron Head|p1b: Sableye
|-damage|p1b: Sableye|64/100
|move|p1a: Steelix|High Horsepower|p2a: Gyarados
|-damage|p2a: Gyarados|0 fnt
|-activate|p2a: Gyarados|ability: Mummy|p1a: Steelix|[ability] Sand Force
|faint|p2a: Gyarados
|
|-weather|Sandstorm|[upkeep]
|-damage|p1b: Sableye|59/100|[from] Sandstorm
|-heal|p2b: Corviknight|31/100|[from] item: Leftovers
|upkeep
|turn|15
|inactive|GWLucari0 has 30 seconds left.
|
|t:|1785444260
|move|p1b: Sableye|Encore|p2b: Corviknight
|-start|p2b: Corviknight|Encore
|move|p2b: Corviknight|Iron Head|p1b: Sableye
|-damage|p1b: Sableye|43/100
|move|p1a: Steelix|Heavy Slam|p2b: Corviknight
|-resisted|p2b: Corviknight|1
|-damage|p2b: Corviknight|3/100
|
|-weather|Sandstorm|[upkeep]
|-damage|p1b: Sableye|37/100|[from] Sandstorm
|-heal|p2b: Corviknight|9/100|[from] item: Leftovers
|upkeep
|turn|16
|-message|ClumbsyLilBeach forfeited.
|
|win|GWLucari0
||GWLucari0 is ready for game 3.
