|j|☆morgie d timmy
|j|☆kotekmode
|html|morgie d timmykotekmode    
|uhtml|bestof|Game 1 of a best-of-3
|t:|1783363919
|gametype|doubles
|player|p1|morgie d timmy|101|
|player|p2|kotekmode|hilbert|
|gen|9
|tier|[Gen 9 Champions] VGC 2026 Reg M-B (Bo3)
|rule|Species Clause: Limit one of each Pokémon
|rule|Item Clause: Limit 1 of each item
|clearpoke
|poke|p1|Incineroar, L50, M|
|poke|p1|Scovillain, L50, F|
|poke|p1|Archaludon, L50, F|
|poke|p1|Grimmsnarl, L50, M|
|poke|p1|Pelipper, L50, F|
|poke|p1|Gholdengo, L50|
|poke|p2|Raichu, L50, M|
|poke|p2|Basculegion, L50, M|
|poke|p2|Ninetales-Alola, L50, F|
|poke|p2|Sneasler, L50, F|
|poke|p2|Garchomp, L50, M|
|poke|p2|Talonflame, L50, F|
|teampreview|4
|showteam|p1|Incineroar||SitrusBerry|Intimidate|DarkestLariat,FlareBlitz,FakeOut,PartingShot|Careful||M|||50|]Scovillain||Scovillainite|Moody|Overheat,Protect,LeechSeed,RagePowder|Calm||F|||50|]Archaludon||Leftovers|Stamina|FlashCannon,ElectroShot,Protect,DragonPulse|Modest||F|||50|]Grimmsnarl||LightClay|Prankster|SpiritBreak,LightScreen,Reflect,PartingShot|Careful||M|||50|]Pelipper||FocusSash|Drizzle|Protect,Tailwind,WeatherBall,Hurricane|Modest||F|||50|]Gholdengo||LifeOrb|GoodasGold|Hex,MakeItRain,Protect,NastyPlot|Modest|||||50|
|showteam|p2|Raichu||RaichuniteY|LightningRod|ZapCannon,FocusBlast,Encore,Protect|Timid||M|||50|]Basculegion||FocusSash|Adaptability|Waterfall,LastRespects,AquaJet,Protect|Adamant||M|||50|]Ninetales-Alola||NeverMeltIce|SnowWarning|Blizzard,FreezeDry,Disable,Protect|Timid||F|||50|]Sneasler||WhiteHerb|Unburden|FakeOut,CloseCombat,DireClaw,Protect|Jolly||F|||50|]Garchomp||LifeOrb|RoughSkin|Earthquake,DragonClaw,RockSlide,Protect|Jolly||M|||50|]Talonflame||SharpBeak|GaleWings|DualWingbeat,Tailwind,FlareBlitz,QuickGuard|Jolly||F|||50|
|j| Loomo
|c|☆morgie d timmy|hi sorry sending the game to tea
|j| escaperoomvgc
|j| RadiantSteelix
|j| munchie2ff
|j| PaniniWeenie
|j| tobrin
|j| Autumnal Rein
|j| philjonesvgc
|j| Jacrepid
|l| RadiantSteelix
|l| PaniniWeenie
|
|t:|1783364069
|teamsize|p1|4
|teamsize|p2|4
|start
|switch|p1a: Grimmsnarl|Grimmsnarl, L50, M|100/100
|switch|p1b: Scovillain|Scovillain, L50, F|100/100
|switch|p2a: Raichu|Raichu, L50, M|100/100
|switch|p2b: Sneasler|Sneasler, L50, F|100/100
|turn|1
|l| munchie2ff
|j| PaniniWeenie
|j| RadiantSteelix
|l| RadiantSteelix
|
|t:|1783364166
|switch|p1a: Archaludon|Archaludon, L50, F|100/100
|detailschange|p2a: Raichu|Raichu-Mega-Y, L50, M
|-mega|p2a: Raichu|Raichu|Raichunite Y
|detailschange|p1b: Scovillain|Scovillain-Mega, L50, F
|-mega|p1b: Scovillain|Scovillain|Scovillainite
|move|p2b: Sneasler|Fake Out|p1a: Archaludon
|-resisted|p1a: Archaludon|1
|-damage|p1a: Archaludon|95/100
|-ability|p1a: Archaludon|Stamina|boost
|-boost|p1a: Archaludon|def|1
|move|p1b: Scovillain|Rage Powder|p1b: Scovillain
|-singleturn|p1b: Scovillain|move: Rage Powder
|move|p2a: Raichu|Zap Cannon|p1b: Scovillain
|-resisted|p1b: Scovillain|1
|-damage|p1b: Scovillain|66/100
|-status|p1b: Scovillain|par
|-status|p2a: Raichu|brn|[from] ability: Spicy Spray|[of] p1b: Scovillain
|
|-heal|p1a: Archaludon|100/100|[from] item: Leftovers
|-damage|p2a: Raichu|94/100 brn|[from] brn
|upkeep
|turn|2
|j| RadiantSteelix
|l| PaniniWeenie
|j| PaniniWeenie
|j| DinomiteVGC
|j| munchie2ff
|l| RadiantSteelix
|
|t:|1783364303
|move|p1b: Scovillain|Rage Powder|p1b: Scovillain
|-singleturn|p1b: Scovillain|move: Rage Powder
|move|p2a: Raichu|Zap Cannon|p1b: Scovillain
|-resisted|p1b: Scovillain|1
|-damage|p1b: Scovillain|35/100 par
|move|p2b: Sneasler|Close Combat|p1b: Scovillain
|-damage|p1b: Scovillain|0 fnt
|-unboost|p2b: Sneasler|def|1
|-unboost|p2b: Sneasler|spd|1
|-status|p2b: Sneasler|brn|[from] ability: Spicy Spray|[of] p1b: Scovillain
|faint|p1b: Scovillain
|-enditem|p2b: Sneasler|White Herb
|-clearnegativeboost|p2b: Sneasler|[silent]
|move|p1a: Archaludon|Dragon Pulse|p2a: Raichu
|-damage|p2a: Raichu|30/100 brn
|
|-damage|p2b: Sneasler|94/100 brn|[from] brn
|-damage|p2a: Raichu|24/100 brn|[from] brn
|upkeep
|l| DinomiteVGC
|
|t:|1783364321
|switch|p1b: Grimmsnarl|Grimmsnarl, L50, M|100/100
|turn|3
|j| 2cake
|l| PaniniWeenie
|
|t:|1783364436
|move|p1a: Archaludon|Protect|p1a: Archaludon
|-singleturn|p1a: Archaludon|Protect
|move|p2b: Sneasler|Dire Claw|p1b: Grimmsnarl
|-supereffective|p1b: Grimmsnarl|1
|-damage|p1b: Grimmsnarl|64/100
|move|p2a: Raichu|Zap Cannon|p1a: Archaludon
|-activate|p1a: Archaludon|move: Protect
|move|p1b: Grimmsnarl|Spirit Break|p2a: Raichu
|-damage|p2a: Raichu|0 fnt
|faint|p2a: Raichu
|
|-damage|p2b: Sneasler|88/100 brn|[from] brn
|upkeep
|j| PaniniWeenie
|
|t:|1783364455
|switch|p2a: Ninetales|Ninetales-Alola, L50, F|100/100
|-weather|Snowscape|[from] ability: Snow Warning|[of] p2a: Ninetales
|turn|4
|j| splash2ndcousin
|l| escaperoomvgc
|j| escaperoomvgc
|
|t:|1783364513
|switch|p2b: Garchomp|Garchomp, L50, M|100/100
|move|p1b: Grimmsnarl|Light Screen|p1b: Grimmsnarl
|-sidestart|p1: morgie d timmy|move: Light Screen
|move|p2a: Ninetales|Blizzard|p1a: Archaludon|[spread] p1a,p1b
|-damage|p1a: Archaludon|77/100
|-damage|p1b: Grimmsnarl|47/100
|-status|p1b: Grimmsnarl|frz
|-ability|p1a: Archaludon|Stamina|boost
|-boost|p1a: Archaludon|def|1
|move|p1a: Archaludon|Flash Cannon|p2a: Ninetales
|-supereffective|p2a: Ninetales|2
|-damage|p2a: Ninetales|0 fnt
|faint|p2a: Ninetales
|
|-weather|Snowscape|[upkeep]
|-heal|p1a: Archaludon|83/100|[from] item: Leftovers
|upkeep
|l| PaniniWeenie
|
|t:|1783364528
|switch|p2a: Sneasler|Sneasler, L50, F|88/100 brn
|turn|5
|
|t:|1783364584
|move|p1a: Archaludon|Protect|p1a: Archaludon
|-singleturn|p1a: Archaludon|Protect
|move|p2a: Sneasler|Fake Out|p1a: Archaludon
|-activate|p1a: Archaludon|move: Protect
|cant|p1b: Grimmsnarl|frz
|move|p2b: Garchomp|Dragon Claw|p1a: Archaludon
|-activate|p1a: Archaludon|move: Protect
|
|-weather|Snowscape|[upkeep]
|-heal|p1a: Archaludon|89/100|[from] item: Leftovers
|-damage|p2a: Sneasler|82/100 brn|[from] brn
|upkeep
|turn|6
|
|t:|1783364615
|switch|p1b: Pelipper|Pelipper, L50, F|100/100
|-weather|RainDance|[from] ability: Drizzle|[of] p1b: Pelipper
|move|p2a: Sneasler|Protect|p2a: Sneasler
|-singleturn|p2a: Sneasler|Protect
|move|p2b: Garchomp|Earthquake|p1a: Archaludon|[spread] p1a
|-activate|p2a: Sneasler|move: Protect
|-immune|p1b: Pelipper
|-supereffective|p1a: Archaludon|1
|-damage|p1a: Archaludon|53/100
|-ability|p1a: Archaludon|Stamina|boost
|-boost|p1a: Archaludon|def|1
|-damage|p2b: Garchomp|90/100|[from] item: Life Orb
|move|p1a: Archaludon|Electro Shot||[still]
|-prepare|p1a: Archaludon|Electro Shot
|-boost|p1a: Archaludon|spa|1
|-anim|p1a: Archaludon|Electro Shot|p2a: Sneasler
|-activate|p2a: Sneasler|move: Protect
|
|-weather|RainDance|[upkeep]
|-heal|p1a: Archaludon|59/100|[from] item: Leftovers
|-damage|p2a: Sneasler|76/100 brn|[from] brn
|upkeep
|turn|7
|
|t:|1783364669
|move|p1a: Archaludon|Protect|p1a: Archaludon
|-singleturn|p1a: Archaludon|Protect
|move|p2a: Sneasler|Close Combat|p1a: Archaludon
|-activate|p1a: Archaludon|move: Protect
|move|p2b: Garchomp|Dragon Claw|p1a: Archaludon
|-activate|p1a: Archaludon|move: Protect
|move|p1b: Pelipper|Tailwind|p1b: Pelipper
|-sidestart|p1: morgie d timmy|move: Tailwind
|
|-weather|RainDance|[upkeep]
|-heal|p1a: Archaludon|65/100|[from] item: Leftovers
|-damage|p2a: Sneasler|71/100 brn|[from] brn
|upkeep
|turn|8
|l| munchie2ff
|l| splash2ndcousin
|
|t:|1783364724
|move|p1b: Pelipper|Hurricane|p2a: Sneasler
|-supereffective|p2a: Sneasler|1
|-crit|p2a: Sneasler
|-damage|p2a: Sneasler|0 fnt
|faint|p2a: Sneasler
|move|p1a: Archaludon|Dragon Pulse|p2b: Garchomp
|-supereffective|p2b: Garchomp|1
|-damage|p2b: Garchomp|0 fnt
|faint|p2b: Garchomp
|
|win|morgie d timmy
||kotekmode is ready for game 2.
|inactive|morgie d timmy has 30 seconds to confirm battle start!
||morgie d timmy is ready for game 2.
|uhtml|next|Next: Game 2 of 3
|l| escaperoomvgc
|j| escaperoomvgc
|l| Loomo
|j| DinomiteVGC
|l| 2cake
|j| munchie2ff
|l|☆morgie d timmy
|player|p1|
|l| DinomiteVGC
|l| escaperoomvgc
|j| escaperoomvgc
|j| Arkanine4
|j| N3_ArieL
|l| N3_ArieL
|j| jpievgc
|l| Arkanine4
|l| jpievgc
|j| N3_ArieL
|l| N3_ArieL
|l| escaperoomvgc
|l| Jacrepid
|l| Autumnal Rein
|l| philjonesvgc
|j|☆morgie d timmy
|player|p1|morgie d timmy|101|
|l| munchie2ff
|l|☆morgie d timmy
|player|p1|
|j|☆morgie d timmy
|player|p1|morgie d timmy|101|
|l|☆morgie d timmy
|player|p1|
|j|☆morgie d timmy
|player|p1|morgie d timmy|101|
|l|☆morgie d timmy
|player|p1|
|n| tobrin@!|tobrin
|n| tobrin|tobrin
|j|☆morgie d timmy
|player|p1|morgie d timmy|101|
