|j|☆Joseph Terastalin
|j|☆Trainer_Brown004
|html|Joseph TerastalinTrainer_Brown004    
|uhtml|bestof|Game 1 of a best-of-3
|t:|1757249047
|gametype|doubles
|player|p1|Joseph Terastalin|blaine|1037
|player|p2|Trainer_Brown004|1|1077
|gen|9
|tier|[Gen 9] VGC 2025 Reg H (Bo3)
|rated|
|rule|Species Clause: Limit one of each Pokémon
|rule|Item Clause: Limit 1 of each item
|clearpoke
|poke|p1|Venusaur, L50, M|
|poke|p1|Torkoal, L50, M|
|poke|p1|Tyranitar, L50, F|
|poke|p1|Farigiraf, L50, M|
|poke|p1|Electabuzz, L50, F|
|poke|p1|Whimsicott, L50, F|
|poke|p2|Gothitelle, L50, M|
|poke|p2|Gholdengo, L50|
|poke|p2|Volcarona, L50, F|
|poke|p2|Politoed, L50, M|
|poke|p2|Archaludon, L50, F|
|poke|p2|Incineroar, L50, M|
|teampreview|4
|showteam|p1|Venusaur||LifeOrb|Chlorophyll|Protect,SludgeBomb,GigaDrain,WeatherBall|||M|||50|,,,,,Rock]Torkoal||EjectPack|Drought|Overheat,BodyPress,HelpingHand,Yawn|||M|||50|,,,,,Grass]Tyranitar||ChoiceBand|SandStream|RockSlide,KnockOff,TeraBlast,HeavySlam|||F|||50|,,,,,Flying]Farigiraf||ThroatSpray|ArmorTail|Protect,HyperVoice,Psychic,TrickRoom|||M|||50|,,,,,Fairy]Electabuzz||Eviolite|VitalSpirit|Electroweb,Taunt,FollowMe,VoltSwitch|||F|||50|,,,,,Fairy]Whimsicott||FocusSash|Prankster|MistyTerrain,Tailwind,Moonblast,Endeavor|||F|||50|,,,,,Rock
|showteam|p2|Gothitelle||SitrusBerry|ShadowTag|FakeOut,Protect,Psychic,Taunt|||M|||50|,,,,,Fairy]Gholdengo||MetalCoat|GoodasGold|NastyPlot,MakeItRain,ShadowBall,Protect||||||50|,,,,,Steel]Volcarona||RockyHelmet|FlameBody|QuiverDance,Protect,BugBuzz,FieryDance|||F|||50|,,,,,Bug]Politoed||Leftovers|Drizzle|PerishSong,Protect,WeatherBall,Encore|||M|||50|,,,,,Water]Archaludon||AssaultVest|Stamina|ElectroShot,FlashCannon,DracoMeteor,TeraBlast|||F|||50|,,,,,Fire]Incineroar||SafetyGoggles|Intimidate|FakeOut,PartingShot,KnockOff,Protect|||M|||50|,,,,,Ghost
|inactive|Battle timer is ON: inactive players will automatically lose when time's up. (requested by Trainer_Brown004)
|
|t:|1757249082
|teamsize|p1|4
|teamsize|p2|4
|start
|switch|p1a: Whimsicott|Whimsicott, L50, F|100/100
|switch|p1b: Venusaur|Venusaur, L50, M|100/100
|switch|p2a: Gothitelle|Gothitelle, L50, M|100/100
|switch|p2b: Volcarona|Volcarona, L50, F|100/100
|turn|1
|inactive|Trainer_Brown004 has 30 seconds left.
|
|t:|1757249110
|move|p2a: Gothitelle|Fake Out|p1a: Whimsicott
|-damage|p1a: Whimsicott|91/100
|cant|p1a: Whimsicott|flinch
|move|p1b: Venusaur|Sludge Bomb|p2b: Volcarona
|-damage|p2b: Volcarona|61/100
|-damage|p1b: Venusaur|91/100|[from] item: Life Orb
|move|p2b: Volcarona|Quiver Dance|p2b: Volcarona
|-boost|p2b: Volcarona|spa|1
|-boost|p2b: Volcarona|spd|1
|-boost|p2b: Volcarona|spe|1
|
|upkeep
|turn|2
|inactive|Trainer_Brown004 has 30 seconds left.
|inactive|Trainer_Brown004 has 20 seconds left.
|inactive|Trainer_Brown004 has 15 seconds left.
|inactive|Trainer_Brown004 has 10 seconds left.
|
|t:|1757249157
|move|p1a: Whimsicott|Tailwind|p1a: Whimsicott
|-sidestart|p1: Joseph Terastalin|move: Tailwind
|move|p1b: Venusaur|Sludge Bomb|p2b: Volcarona
|-damage|p2b: Volcarona|36/100
|-damage|p1b: Venusaur|82/100|[from] item: Life Orb
|move|p2b: Volcarona|Fiery Dance|p1a: Whimsicott
|-supereffective|p1a: Whimsicott
|-damage|p1a: Whimsicott|0 fnt
|faint|p1a: Whimsicott
|move|p2a: Gothitelle|Psychic|p1b: Venusaur
|-supereffective|p1b: Venusaur
|-damage|p1b: Venusaur|17/100
|
|upkeep
|
|t:|1757249167
|switch|p1a: Tyranitar|Tyranitar, L50, F|100/100
|-weather|Sandstorm|[from] ability: Sand Stream|[of] p1a: Tyranitar
|turn|3
|
|t:|1757249189
|move|p1b: Venusaur|Weather Ball|p2b: Volcarona
|-supereffective|p2b: Volcarona
|-damage|p2b: Volcarona|0 fnt
|faint|p2b: Volcarona
|-damage|p1b: Venusaur|8/100|[from] item: Life Orb
|move|p1a: Tyranitar|Knock Off|p2a: Gothitelle
|-supereffective|p2a: Gothitelle
|-damage|p2a: Gothitelle|0 fnt
|-enditem|p2a: Gothitelle|Sitrus Berry|[from] move: Knock Off|[of] p1a: Tyranitar
|faint|p2a: Gothitelle
|
|-weather|Sandstorm|[upkeep]
|-damage|p1b: Venusaur|2/100|[from] Sandstorm
|upkeep
|
|t:|1757249204
|switch|p2b: Politoed|Politoed, L50, M|100/100
|switch|p2a: Archaludon|Archaludon, L50, F|100/100
|-weather|RainDance|[from] ability: Drizzle|[of] p2b: Politoed
|turn|4
|inactive|Trainer_Brown004 has 30 seconds left.
|
|t:|1757249231
|switch|p1a: Farigiraf|Farigiraf, L50, M|100/100
|move|p1b: Venusaur|Giga Drain|p2b: Politoed
|-supereffective|p2b: Politoed
|-damage|p2b: Politoed|44/100
|-heal|p1b: Venusaur|38/100|[from] drain|[of] p2b: Politoed
|-damage|p1b: Venusaur|28/100|[from] item: Life Orb
|move|p2a: Archaludon|Electro Shot||[still]
|-prepare|p2a: Archaludon|Electro Shot
|-boost|p2a: Archaludon|spa|1
|-anim|p2a: Archaludon|Electro Shot|p1b: Venusaur
|-resisted|p1b: Venusaur
|-damage|p1b: Venusaur|0 fnt
|faint|p1b: Venusaur
|move|p2b: Politoed|Weather Ball|p1a: Farigiraf
|-damage|p1a: Farigiraf|54/100
|
|-weather|RainDance|[upkeep]
|-heal|p2b: Politoed|50/100|[from] item: Leftovers
|upkeep
|
|t:|1757249243
|switch|p1b: Tyranitar|Tyranitar, L50, F|100/100
|-weather|Sandstorm|[from] ability: Sand Stream|[of] p1b: Tyranitar
|turn|5
|inactive|Trainer_Brown004 has 30 seconds left.
|
|t:|1757249271
|move|p1b: Tyranitar|Knock Off|p2b: Politoed
|-damage|p2b: Politoed|0 fnt
|-enditem|p2b: Politoed|Leftovers|[from] move: Knock Off|[of] p1b: Tyranitar
|faint|p2b: Politoed
|move|p2a: Archaludon|Draco Meteor|p1b: Tyranitar
|-damage|p1b: Tyranitar|52/100
|-unboost|p2a: Archaludon|spa|2
|move|p1a: Farigiraf|Trick Room|p1a: Farigiraf
|-fieldstart|move: Trick Room|[of] p1a: Farigiraf
|
|-weather|Sandstorm|[upkeep]
|-damage|p1a: Farigiraf|48/100|[from] Sandstorm
|-sideend|p1: Joseph Terastalin|move: Tailwind
|upkeep
|turn|6
|-message|Trainer_Brown004 forfeited.
|
|win|Joseph Terastalin
|l|☆Trainer_Brown004
|player|p2|
