|j|☆temporary name 3
|j|‽ajin22
|html|temporary name 3ajin22    
|uhtml|bestof|Game 3 of a best-of-3
|t:|1784949880
|gametype|doubles
|player|p1|temporary name 3|169|1110
|player|p2|ajin22|2|1129
|gen|9
|tier|[Gen 9 Champions] VGC 2026 Reg M-B (Bo3)
|rated|
|rule|Species Clause: Limit one of each Pokémon
|rule|Item Clause: Limit 1 of each item
|clearpoke
|poke|p1|Charizard, L50, M|
|poke|p1|Venusaur, L50, M|
|poke|p1|Torkoal, L50, M|
|poke|p1|Farigiraf, L50, F|
|poke|p1|Dragapult, L50, M|
|poke|p1|Mawile, L50, M|
|poke|p2|Raichu, L50, M|
|poke|p2|Gholdengo, L50|
|poke|p2|Garchomp, L50, F|
|poke|p2|Incineroar, L50, F|
|poke|p2|Milotic, L50, F|
|poke|p2|Whimsicott, L50, M|
|teampreview|4
|showteam|p1|Charizard||CharizarditeY|SolarPower|Protect,HeatWave,WeatherBall,SolarBeam|Modest||M|||50|]Venusaur||LifeOrb|Chlorophyll|EarthPower,SleepPowder,SludgeBomb,Protect|Modest||M|||50|]Torkoal||Charcoal|Drought|Protect,Eruption,WeatherBall,HelpingHand|Quiet||M|||50|]Farigiraf||SitrusBerry|ArmorTail|TrickRoom,Thunderbolt,Protect,Psychic|Bold||F|||50|]Dragapult||FocusSash|ClearBody|Uturn,DragonDarts,PhantomForce,Protect|Adamant||M|||50|]Mawile||Mawilite|Intimidate|PlayRough,Protect,SuckerPunch,IronHead|Adamant||M|||50|
|showteam|p2|Raichu||RaichuniteY|LightningRod|ZapCannon,FocusBlast,Protect,FakeOut|Timid||M|||50|]Gholdengo||SpellTag|GoodasGold|NastyPlot,ShadowBall,Protect,MakeItRain|Modest|||||50|]Garchomp||LifeOrb|RoughSkin|Earthquake,RockSlide,Protect,DragonClaw|Adamant||F|||50|]Incineroar||SitrusBerry|Intimidate|FakeOut,FlareBlitz,DarkestLariat,PartingShot|Impish||F|||50|]Milotic||Leftovers|Competitive|Coil,HydroPump,Hypnosis,Recover|Calm||F|||50|]Whimsicott||FocusSash|Prankster|Tailwind,Moonblast,Encore,Protect|Timid||M|||50|
|inactive|Battle timer is ON: inactive players will automatically lose when time's up. (requested by temporary name 3)
|
|t:|1784949897
|teamsize|p1|4
|teamsize|p2|4
|start
|switch|p1a: Charizard|Charizard, L50, M|100/100
|switch|p1b: Farigiraf|Farigiraf, L50, F|100/100
|switch|p2a: Raichu|Raichu, L50, M|100/100
|switch|p2b: Incineroar|Incineroar, L50, F|100/100
|-ability|p2b: Incineroar|Intimidate|boost
|-unboost|p1a: Charizard|atk|1
|-unboost|p1b: Farigiraf|atk|1
|turn|1
|
|t:|1784949912
|switch|p1a: Venusaur|Venusaur, L50, M|100/100
|detailschange|p2a: Raichu|Raichu-Mega-Y, L50, M
|-mega|p2a: Raichu|Raichu|Raichunite Y
|move|p2a: Raichu|Zap Cannon|p1a: Venusaur
|-resisted|p1a: Venusaur|1
|-damage|p1a: Venusaur|54/100
|-status|p1a: Venusaur|par
|move|p2b: Incineroar|Darkest Lariat|p1b: Farigiraf
|-supereffective|p1b: Farigiraf|1
|-damage|p1b: Farigiraf|48/100
|-enditem|p1b: Farigiraf|Sitrus Berry|[eat]
|-heal|p1b: Farigiraf|73/100|[from] item: Sitrus Berry
|move|p1b: Farigiraf|Trick Room|p1b: Farigiraf
|-fieldstart|move: Trick Room|[of] p1b: Farigiraf
|
|upkeep
|turn|2
|
|t:|1784949931
|switch|p2b: Milotic|Milotic, L50, F|100/100
|cant|p1a: Venusaur|par
|move|p1b: Farigiraf|Thunderbolt|p2b: Milotic
|-supereffective|p2b: Milotic|1
|-damage|p2b: Milotic|72/100
|move|p2a: Raichu|Zap Cannon|p1b: Farigiraf
|-damage|p1b: Farigiraf|10/100
|-status|p1b: Farigiraf|par
|
|-heal|p2b: Milotic|78/100|[from] item: Leftovers
|upkeep
|turn|3
|
|t:|1784949949
|switch|p2b: Garchomp|Garchomp, L50, F|100/100
|move|p2a: Raichu|Protect|p2a: Raichu
|-singleturn|p2a: Raichu|Protect
|move|p1b: Farigiraf|Thunderbolt|p2b: Garchomp
|-immune|p2b: Garchomp
|cant|p1a: Venusaur|par
|
|upkeep
|turn|4
|
|t:|1784949965
|switch|p2a: Incineroar|Incineroar, L50, F|100/100
|-ability|p2a: Incineroar|Intimidate|boost
|-unboost|p1a: Venusaur|atk|1
|-unboost|p1b: Farigiraf|atk|1
|move|p1b: Farigiraf|Psychic|p2a: Incineroar
|-immune|p2a: Incineroar
|move|p1a: Venusaur|Sleep Powder|p2a: Incineroar
|-status|p2a: Incineroar|slp|[from] move: Sleep Powder
|move|p2b: Garchomp|Dragon Claw|p1a: Venusaur
|-damage|p1a: Venusaur|0 fnt
|faint|p1a: Venusaur
|-damage|p2b: Garchomp|90/100|[from] item: Life Orb
|
|upkeep
|
|t:|1784949978
|switch|p1a: Torkoal|Torkoal, L50, M|100/100
|-weather|SunnyDay|[from] ability: Drought|[of] p1a: Torkoal
|turn|5
|
|t:|1784949999
|switch|p1b: Charizard|Charizard, L50, M|100/100
|move|p2b: Garchomp|Protect|p2b: Garchomp
|-singleturn|p2b: Garchomp|Protect
|move|p1a: Torkoal|Eruption|p2b: Garchomp|[spread] p2a
|-activate|p2b: Garchomp|move: Protect
|-resisted|p2a: Incineroar|1
|-crit|p2a: Incineroar
|-damage|p2a: Incineroar|50/100g slp
|cant|p2a: Incineroar|slp
|
|-weather|SunnyDay|[upkeep]
|-damage|p1b: Charizard|87/100|[from] ability: Solar Power|[of] p1b: Charizard
|-fieldend|move: Trick Room
|upkeep
|turn|6
|
|t:|1784950017
|detailschange|p1b: Charizard|Charizard-Mega-Y, L50, M
|-mega|p1b: Charizard|Charizard|Charizardite Y
|move|p1a: Torkoal|Helping Hand|p1b: Charizard
|-singleturn|p1b: Charizard|Helping Hand|[of] p1a: Torkoal
|move|p1b: Charizard|Heat Wave|p2b: Garchomp|[spread] p2a,p2b
|-resisted|p2a: Incineroar|1
|-resisted|p2b: Garchomp|1
|-damage|p2a: Incineroar|14/100 slp
|-damage|p2b: Garchomp|52/100
|-status|p2b: Garchomp|brn
|-enditem|p2a: Incineroar|Sitrus Berry|[eat]
|-heal|p2a: Incineroar|39/100 slp|[from] item: Sitrus Berry
|move|p2b: Garchomp|Rock Slide|p1a: Torkoal|[spread] p1a,p1b
|-supereffective|p1a: Torkoal|1
|-supereffective|p1b: Charizard|2
|-damage|p1a: Torkoal|80/100
|-damage|p1b: Charizard|40/100
|-damage|p2b: Garchomp|42/100 brn|[from] item: Life Orb
|cant|p2a: Incineroar|slp
|
|-weather|SunnyDay|[upkeep]
|-damage|p2b: Garchomp|36/100 brn|[from] brn
|upkeep
|turn|7
|
|t:|1784950041
|move|p1b: Charizard|Weather Ball|p2b: Garchomp
|-resisted|p2b: Garchomp|1
|-damage|p2b: Garchomp|0 fnt
|faint|p2b: Garchomp
|-curestatus|p2a: Incineroar|slp|[msg]
|move|p2a: Incineroar|Flare Blitz|p1b: Charizard
|-resisted|p1b: Charizard|1
|-damage|p1b: Charizard|9/100
|-damage|p2a: Incineroar|29/100|[from] Recoil
|move|p1a: Torkoal|Eruption|p2a: Incineroar
|-resisted|p2a: Incineroar|1
|-damage|p2a: Incineroar|0 fnt
|faint|p2a: Incineroar
|
|-weather|SunnyDay|[upkeep]
|upkeep
|
|t:|1784950049
|switch|p2b: Milotic|Milotic, L50, F|78/100
|switch|p2a: Raichu|Raichu-Mega-Y, L50, M|100/100
|turn|8
|
|t:|1784950063
|move|p2a: Raichu|Protect|p2a: Raichu
|-singleturn|p2a: Raichu|Protect
|move|p1b: Charizard|Protect|p1b: Charizard
|-singleturn|p1b: Charizard|Protect
|move|p2b: Milotic|Hypnosis|p1a: Torkoal
|-status|p1a: Torkoal|slp|[from] move: Hypnosis
|cant|p1a: Torkoal|slp
|
|-weather|SunnyDay|[upkeep]
|-heal|p2b: Milotic|84/100|[from] item: Leftovers
|upkeep
|turn|9
|
|t:|1784950084
|switch|p1b: Farigiraf|Farigiraf, L50, F|10/100 par
|move|p2a: Raichu|Zap Cannon|p1b: Farigiraf
|-damage|p1b: Farigiraf|0 fnt
|faint|p1b: Farigiraf
|move|p2b: Milotic|Hydro Pump|p1a: Torkoal
|-supereffective|p1a: Torkoal|1
|-damage|p1a: Torkoal|32/100 slp
|-curestatus|p1a: Torkoal|slp|[msg]
|move|p1a: Torkoal|Weather Ball|p2a: Raichu
|-damage|p2a: Raichu|0 fnt
|faint|p2a: Raichu
|
|-weather|none
|-heal|p2b: Milotic|90/100|[from] item: Leftovers
|upkeep
|
|t:|1784950090
|switch|p1b: Charizard|Charizard-Mega-Y, L50, M|9/100
|-weather|SunnyDay|[from] ability: Drought|[of] p1b: Charizard
|turn|10
|
|t:|1784950099
|move|p1a: Torkoal|Helping Hand|p1b: Charizard
|-singleturn|p1b: Charizard|Helping Hand|[of] p1a: Torkoal
|move|p1b: Charizard|Solar Beam||[still]
|-prepare|p1b: Charizard|Solar Beam
|-anim|p1b: Charizard|Solar Beam|p2b: Milotic
|-supereffective|p2b: Milotic|1
|-damage|p2b: Milotic|12/100
|move|p2b: Milotic|Hydro Pump|p1b: Charizard|[miss]
|-miss|p2b: Milotic|p1b: Charizard
|
|-weather|SunnyDay|[upkeep]
|-heal|p2b: Milotic|18/100|[from] item: Leftovers
|upkeep
|turn|11
|-message|ajin22 forfeited.
|
|win|temporary name 3
|raw|temporary name 3's rating: 1110 → 1136(+26 for winning)
|raw|ajin22's rating: 1129 → 1103(-26 for losing)
|l|☆temporary name 3
|player|p1|
