|j|☆classicmen
|j|☆Gimmitaiz
|html|classicmenGimmitaiz    
|uhtml|bestof|Game 2 of a best-of-3
|t:|1784683098
|gametype|doubles
|player|p1|classicmen|169|1079
|player|p2|Gimmitaiz|benga|1000
|gen|9
|tier|[Gen 9 Champions] VGC 2026 Reg M-B (Bo3)
|rated|
|rule|Species Clause: Limit one of each Pokémon
|rule|Item Clause: Limit 1 of each item
|clearpoke
|poke|p1|Scovillain, L50, F|
|poke|p1|Alakazam, L50, F|
|poke|p1|Tyranitar, L50, F|
|poke|p1|Aerodactyl, L50, M|
|poke|p1|Heliolisk, L50, M|
|poke|p1|Meowstic, L50, M|
|poke|p2|Blaziken, L50, M|
|poke|p2|Incineroar, L50, M|
|poke|p2|Raichu, L50, M|
|poke|p2|Gholdengo, L50|
|poke|p2|Garchomp, L50, F|
|poke|p2|Milotic, L50, M|
|teampreview|4
|showteam|p1|Scovillain||Scovillainite|Chlorophyll|RagePowder,Protect,FlareBlitz,LeafStorm|Relaxed||F|||50|]Alakazam||LifeOrb|MagicGuard|Protect,ExpandingForce,DazzlingGleam,NastyPlot|Timid||F|||50|]Tyranitar||Tyranitarite|SandStream|RockSlide,DragonDance,Protect,KnockOff|Jolly||F|||50|]Aerodactyl||FocusSash|RockHead|Tailwind,DragonDance,DualWingbeat,RockSlide|Jolly||M|||50|]Heliolisk||ChoiceScarf|SandVeil|Thunderbolt,VoltSwitch,GrassKnot,Glare|Modest||M|||50|]Meowstic||MentalHerb|Prankster|PsychicTerrain,Reflect,ExpandingForce,Protect|Modest||M|||50|
|showteam|p2|Blaziken||Blazikenite|SpeedBoost|SwordsDance,FlareBlitz,CloseCombat,Protect|Adamant||M|||50|]Incineroar||SitrusBerry|Intimidate|FakeOut,Protect,PartingShot,DarkestLariat|Adamant||M|||50|]Raichu||RaichuniteY|Static|ZapCannon,Protect,FocusBlast,FakeOut|Modest||M|||50|]Gholdengo||Leftovers|GoodasGold|MakeItRain,ShadowBall,NastyPlot,Protect|Modest|||||50|]Garchomp|||RoughSkin|Earthquake,DragonClaw,Protect,RockSlide|Adamant||F|||50|]Milotic||WacanBerry|Competitive|MuddyWater,HydroPump,Haze,Recover|Bold||M|||50|
|inactive|Battle timer is ON: inactive players will automatically lose when time's up. (requested by Gimmitaiz)
|inactive|Gimmitaiz has 60 seconds left.
|
|t:|1784683138
|teamsize|p1|4
|teamsize|p2|4
|start
|switch|p1a: Tyranitar|Tyranitar, L50, F|100/100
|switch|p1b: Aerodactyl|Aerodactyl, L50, M|100/100
|switch|p2a: Raichu|Raichu, L50, M|100/100
|switch|p2b: Garchomp|Garchomp, L50, F|100/100
|-weather|Sandstorm|[from] ability: Sand Stream|[of] p1a: Tyranitar
|turn|1
|
|t:|1784683159
|detailschange|p2a: Raichu|Raichu-Mega-Y, L50, M
|-mega|p2a: Raichu|Raichu|Raichunite Y
|move|p1a: Tyranitar|Protect|p1a: Tyranitar
|-singleturn|p1a: Tyranitar|Protect
|move|p1b: Aerodactyl|Tailwind|p1b: Aerodactyl
|-sidestart|p1: classicmen|move: Tailwind
|move|p2a: Raichu|Zap Cannon|p1b: Aerodactyl
|-supereffective|p1b: Aerodactyl|1
|-enditem|p1b: Aerodactyl|Focus Sash
|-damage|p1b: Aerodactyl|1/100
|-status|p1b: Aerodactyl|par
|move|p2b: Garchomp|Rock Slide|p1a: Tyranitar|[spread] p1b
|-activate|p1a: Tyranitar|move: Protect
|-supereffective|p1b: Aerodactyl|1
|-damage|p1b: Aerodactyl|0 fnt
|faint|p1b: Aerodactyl
|
|-weather|Sandstorm|[upkeep]
|-damage|p2a: Raichu|94/100|[from] Sandstorm
|upkeep
|
|t:|1784683182
|switch|p1b: Meowstic|Meowstic, L50, M|100/100
|turn|2
|
|t:|1784683205
|switch|p2b: Incineroar|Incineroar, L50, M|100/100
|-ability|p2b: Incineroar|Intimidate|boost
|-unboost|p1a: Tyranitar|atk|1
|-unboost|p1b: Meowstic|atk|1
|detailschange|p1a: Tyranitar|Tyranitar-Mega, L50, F
|-mega|p1a: Tyranitar|Tyranitar|Tyranitarite
|move|p1b: Meowstic|Psychic Terrain|p1b: Meowstic
|-fieldstart|move: Psychic Terrain
|move|p1a: Tyranitar|Rock Slide|p2a: Raichu|[spread] p2a,p2b
|-supereffective|p2b: Incineroar|1
|-damage|p2a: Raichu|40/100
|-damage|p2b: Incineroar|63/100
|cant|p2a: Raichu|flinch
|
|-weather|Sandstorm|[upkeep]
|-damage|p1b: Meowstic|94/100|[from] Sandstorm
|-damage|p2a: Raichu|35/100|[from] Sandstorm
|-damage|p2b: Incineroar|57/100|[from] Sandstorm
|upkeep
|turn|3
|inactive|Gimmitaiz has 30 seconds left.
|
|t:|1784683231
|move|p2a: Raichu|Protect|p2a: Raichu
|-singleturn|p2a: Raichu|Protect
|move|p1b: Meowstic|Reflect|p1b: Meowstic
|-sidestart|p1: classicmen|Reflect
|move|p1a: Tyranitar|Rock Slide|p2a: Raichu|[spread] p2b
|-activate|p2a: Raichu|move: Protect
|-supereffective|p2b: Incineroar|1
|-damage|p2b: Incineroar|17/100
|-enditem|p2b: Incineroar|Sitrus Berry|[eat]
|-heal|p2b: Incineroar|42/100|[from] item: Sitrus Berry
|move|p2b: Incineroar|Darkest Lariat|p1b: Meowstic
|-supereffective|p1b: Meowstic|1
|-damage|p1b: Meowstic|19/100
|
|-weather|Sandstorm|[upkeep]
|-damage|p1b: Meowstic|13/100|[from] Sandstorm
|-damage|p2a: Raichu|29/100|[from] Sandstorm
|-damage|p2b: Incineroar|36/100|[from] Sandstorm
|upkeep
|turn|4
|
|t:|1784683253
|switch|p1b: Heliolisk|Heliolisk, L50, M|100/100
|switch|p2a: Garchomp|Garchomp, L50, F|100/100
|move|p1a: Tyranitar|Rock Slide|p2a: Garchomp|[spread] p2b
|-miss|p1a: Tyranitar|p2a: Garchomp
|-supereffective|p2b: Incineroar|1
|-damage|p2b: Incineroar|0 fnt
|faint|p2b: Incineroar
|
|-weather|Sandstorm|[upkeep]
|-sideend|p1: classicmen|move: Tailwind
|upkeep
|
|t:|1784683268
|switch|p2b: Raichu|Raichu-Mega-Y, L50, M|29/100
|turn|5
|inactive|classicmen has 30 seconds left.
|inactive|classicmen has 20 seconds left.
|inactive|classicmen has 15 seconds left.
|
|t:|1784683309
|switch|p1a: Meowstic|Meowstic, L50, M|13/100
|move|p2b: Raichu|Protect|p2b: Raichu
|-singleturn|p2b: Raichu|Protect
|move|p1b: Heliolisk|Glare|p2a: Garchomp
|-status|p2a: Garchomp|par
|move|p2a: Garchomp|Dragon Claw|p1b: Heliolisk
|-damage|p1b: Heliolisk|40/100
|
|-weather|none
|upkeep
|turn|6
|inactive|classicmen has 30 seconds left.
|
|t:|1784683334
|switch|p2b: Gholdengo|Gholdengo, L50|100/100
|move|p1b: Heliolisk|Glare|p2a: Garchomp
|-fail|p2a: Garchomp|par
|move|p1a: Meowstic|Expanding Force|p2b: Gholdengo|[spread] p2a,p2b
|-resisted|p2b: Gholdengo|1
|-damage|p2a: Garchomp|51/100 par
|-damage|p2b: Gholdengo|75/100
|move|p2a: Garchomp|Rock Slide|p1a: Meowstic|[spread] p1a,p1b
|-damage|p1a: Meowstic|0 fnt
|-damage|p1b: Heliolisk|13/100
|faint|p1a: Meowstic
|
|-heal|p2b: Gholdengo|81/100|[from] item: Leftovers
|-fieldend|move: Psychic Terrain
|upkeep
|
|t:|1784683345
|switch|p1a: Tyranitar|Tyranitar-Mega, L50, F|100/100
|-weather|Sandstorm|[from] ability: Sand Stream|[of] p1a: Tyranitar
|turn|7
|
|t:|1784683356
|move|p2b: Gholdengo|Protect|p2b: Gholdengo
|-singleturn|p2b: Gholdengo|Protect
|move|p1b: Heliolisk|Glare|p2b: Gholdengo
|-activate|p2b: Gholdengo|move: Protect
|move|p1a: Tyranitar|Dragon Dance|p1a: Tyranitar
|-boost|p1a: Tyranitar|atk|1
|-boost|p1a: Tyranitar|spe|1
|move|p2a: Garchomp|Earthquake|p1b: Heliolisk|[spread] p1a
|-activate|p2b: Gholdengo|move: Protect
|-miss|p2a: Garchomp|p1b: Heliolisk
|-supereffective|p1a: Tyranitar|1
|-damage|p1a: Tyranitar|65/100
|
|-weather|Sandstorm|[upkeep]
|-heal|p2b: Gholdengo|88/100|[from] item: Leftovers
|-sideend|p1: classicmen|Reflect
|upkeep
|turn|8
|
|t:|1784683374
|move|p1b: Heliolisk|Glare|p2b: Gholdengo
|-immune|p2b: Gholdengo|[from] ability: Good as Gold
|move|p1a: Tyranitar|Knock Off|p2b: Gholdengo
|-supereffective|p2b: Gholdengo|1
|-damage|p2b: Gholdengo|0 fnt
|-enditem|p2b: Gholdengo|Leftovers|[from] move: Knock Off|[of] p1a: Tyranitar
|faint|p2b: Gholdengo
|move|p2a: Garchomp|Earthquake|p1b: Heliolisk|[spread] p1a
|-miss|p2a: Garchomp|p1b: Heliolisk
|-supereffective|p1a: Tyranitar|1
|-damage|p1a: Tyranitar|13/100
|
|-weather|Sandstorm|[upkeep]
|upkeep
|
|t:|1784683389
|switch|p2b: Raichu|Raichu-Mega-Y, L50, M|29/100
|turn|9
|
|t:|1784683403
|move|p1a: Tyranitar|Protect|p1a: Tyranitar
|-singleturn|p1a: Tyranitar|Protect
|move|p2b: Raichu|Fake Out|p1a: Tyranitar
|-activate|p1a: Tyranitar|move: Protect
|move|p1b: Heliolisk|Glare|p2b: Raichu
|-immune|p2b: Raichu
|move|p2a: Garchomp|Rock Slide|p1a: Tyranitar|[spread] 
|-activate|p1a: Tyranitar|move: Protect
|-miss|p2a: Garchomp|p1b: Heliolisk
|
|-weather|Sandstorm|[upkeep]
|-damage|p2b: Raichu|23/100|[from] Sandstorm
|upkeep
|turn|10
|
|t:|1784683417
|move|p1b: Heliolisk|Glare|p2a: Garchomp
|-fail|p2a: Garchomp|par
|move|p1a: Tyranitar|Rock Slide|p2b: Raichu|[spread] p2a,p2b
|-resisted|p2a: Garchomp|1
|-damage|p2a: Garchomp|28/100 par
|-damage|p2b: Raichu|0 fnt
|faint|p2b: Raichu
|cant|p2a: Garchomp|flinch
|
|-weather|Sandstorm|[upkeep]
|upkeep
|turn|11
|
|t:|1784683438
|move|p1b: Heliolisk|Glare|p2a: Garchomp
|-fail|p2a: Garchomp|par
|move|p1a: Tyranitar|Knock Off|p2a: Garchomp
|-damage|p2a: Garchomp|0 fnt
|-damage|p1a: Tyranitar|1/100|[from] ability: Rough Skin|[of] p2a: Garchomp
|faint|p2a: Garchomp
|
|win|classicmen
||classicmen is ready for game 3.
|l|☆Gimmitaiz
|player|p2|
||Gimmitaiz is ready for game 3.
|uhtml|next|Next: Game 3 of 3
