|j|☆NoitUK_VGC
|j|☆oscar tyfceytf
|html|NoitUK_VGCoscar tyfceytf    
|uhtml|bestof|Game 1 of a best-of-3
|t:|1783850141
|gametype|doubles
|player|p1|NoitUK_VGC|102|1055
|player|p2|oscar tyfceytf|n|1000
|gen|9
|tier|[Gen 9 Champions] VGC 2026 Reg M-B (Bo3)
|rated|
|rule|Species Clause: Limit one of each Pokémon
|rule|Item Clause: Limit 1 of each item
|clearpoke
|poke|p1|Archaludon, L50, M|
|poke|p1|Swampert, L50, M|
|poke|p1|Pelipper, L50, F|
|poke|p1|Raichu, L50, F|
|poke|p1|Sableye, L50, M|
|poke|p1|Kingambit, L50, F|
|poke|p2|Metagross, L50, shiny|
|poke|p2|Whimsicott, L50, M|
|poke|p2|Staraptor, L50, M|
|poke|p2|Incineroar, L50, M|
|poke|p2|Garchomp, L50, F|
|poke|p2|Grimmsnarl, L50, M|
|teampreview|4
|showteam|p1|Archaludon||Leftovers|Stamina|Protect,ElectroShot,FlashCannon,DragonPulse|Modest||M|||50|]Swampert||Swampertite|Torrent|Protect,WaveCrash,Earthquake,IcePunch|Adamant||M|||50|]Pelipper||SitrusBerry|Drizzle|WideGuard,WeatherBall,Hurricane,Tailwind|Bold||F|||50|]Raichu||RaichuniteX|LightningRod|FakeOut,VoltTackle,VoltSwitch,PlayRough|Hasty||F|||50|]Sableye||RoseliBerry|Prankster|Encore,Disable,WillOWisp,RainDance|Relaxed||M|||50|]Kingambit||ChopleBerry|Defiant|KowtowCleave,SuckerPunch,IronHead,LowKick|Adamant||F|||50|
|showteam|p2|Metagross||Metagrossite|ClearBody|SteelRoller,PsychicFangs,StompingTantrum,Protect|Jolly|||||50|]Whimsicott||FocusSash|Prankster|Tailwind,Charm,Moonblast,GrassyTerrain|Bold||M|||50|]Staraptor||Staraptite|Intimidate|CloseCombat,BraveBird,Protect,Roost|Adamant||M|||50|]Incineroar||WhiteHerb|Intimidate|FlareBlitz,CloseCombat,PartingShot,FakeOut|Adamant||M|||50|]Garchomp||ChoiceScarf|RoughSkin|StompingTantrum,DragonClaw,RockSlide,IronHead|Jolly||F|||50|]Grimmsnarl||BabiriBerry|Prankster|PartingShot,SpiritBreak,Reflect,LightScreen|Careful||M|||50|
|
|t:|1783850184
|teamsize|p1|4
|teamsize|p2|4
|start
|switch|p1a: Pelipper|Pelipper, L50, F|100/100
|switch|p1b: Swampert|Swampert, L50, M|100/100
|switch|p2a: Grimmsnarl|Grimmsnarl, L50, M|100/100
|switch|p2b: Staraptor|Staraptor, L50, M|100/100
|-ability|p2b: Staraptor|Intimidate|boost
|-unboost|p1a: Pelipper|atk|1
|-unboost|p1b: Swampert|atk|1
|-weather|RainDance|[from] ability: Drizzle|[of] p1a: Pelipper
|turn|1
|
|t:|1783850211
|detailschange|p1b: Swampert|Swampert-Mega, L50, M
|-mega|p1b: Swampert|Swampert|Swampertite
|move|p2b: Staraptor|Protect|p2b: Staraptor
|-singleturn|p2b: Staraptor|Protect
|move|p2a: Grimmsnarl|Reflect|p2a: Grimmsnarl
|-sidestart|p2: oscar tyfceytf|Reflect
|move|p1b: Swampert|Ice Punch|p2b: Staraptor
|-activate|p2b: Staraptor|move: Protect
|move|p1a: Pelipper|Tailwind|p1a: Pelipper
|-sidestart|p1: NoitUK_VGC|move: Tailwind
|
|-weather|RainDance|[upkeep]
|upkeep
|turn|2
|
|t:|1783850229
|switch|p1b: Archaludon|Archaludon, L50, M|100/100
|detailschange|p2b: Staraptor|Staraptor-Mega, L50, M
|-mega|p2b: Staraptor|Staraptor|Staraptite
|move|p2a: Grimmsnarl|Parting Shot|p1b: Archaludon
|-unboost|p1b: Archaludon|atk|1
|-unboost|p1b: Archaludon|spa|1
|
|t:|1783850237
|switch|p2a: Garchomp|Garchomp, L50, F|100/100|[from] Parting Shot
|move|p1a: Pelipper|Hurricane|p2b: Staraptor
|-supereffective|p2b: Staraptor|1
|-damage|p2b: Staraptor|24/100
|move|p2b: Staraptor|Close Combat|p1b: Archaludon
|-supereffective|p1b: Archaludon|1
|-damage|p1b: Archaludon|0 fnt
|-boost|p2b: Staraptor|def|1
|-boost|p2b: Staraptor|spd|1
|faint|p1b: Archaludon
|
|-weather|RainDance|[upkeep]
|upkeep
|
|t:|1783850248
|switch|p1b: Swampert|Swampert-Mega, L50, M|100/100
|turn|3
|
|t:|1783850263
|move|p2b: Staraptor|Protect|p2b: Staraptor
|-singleturn|p2b: Staraptor|Protect
|move|p1b: Swampert|Ice Punch|p2a: Garchomp
|-supereffective|p2a: Garchomp|2
|-damage|p2a: Garchomp|15/100
|-damage|p1b: Swampert|87/100|[from] ability: Rough Skin|[of] p2a: Garchomp
|move|p2a: Garchomp|Dragon Claw|p1a: Pelipper
|-damage|p1a: Pelipper|61/100
|move|p1a: Pelipper|Hurricane|p2b: Staraptor
|-activate|p2b: Staraptor|move: Protect
|
|-weather|RainDance|[upkeep]
|upkeep
|turn|4
|
|t:|1783850283
|switch|p2a: Incineroar|Incineroar, L50, M|100/100
|-ability|p2a: Incineroar|Intimidate|boost
|-unboost|p1a: Pelipper|atk|1
|-unboost|p1b: Swampert|atk|1
|move|p1b: Swampert|Wave Crash|p2a: Incineroar
|-supereffective|p2a: Incineroar|1
|-damage|p2a: Incineroar|2/100
|-damage|p1b: Swampert|50/100g|[from] Recoil
|move|p1a: Pelipper|Hurricane|p2b: Staraptor
|-supereffective|p2b: Staraptor|1
|-damage|p2b: Staraptor|0 fnt
|faint|p2b: Staraptor
|
|-weather|RainDance|[upkeep]
|-sideend|p1: NoitUK_VGC|move: Tailwind
|upkeep
|
|t:|1783850299
|switch|p2b: Grimmsnarl|Grimmsnarl, L50, M|100/100
|turn|5
|
|t:|1783850317
|move|p2a: Incineroar|Fake Out|p1b: Swampert
|-damage|p1b: Swampert|36/100
|move|p2b: Grimmsnarl|Parting Shot|p1b: Swampert
|-unboost|p1b: Swampert|atk|1
|-unboost|p1b: Swampert|spa|1
|
|t:|1783850323
|switch|p2b: Garchomp|Garchomp, L50, F|15/100|[from] Parting Shot
|cant|p1b: Swampert|flinch
|move|p1a: Pelipper|Weather Ball|p2b: Garchomp
|-crit|p2b: Garchomp
|-damage|p2b: Garchomp|0 fnt
|faint|p2b: Garchomp
|
|-weather|none
|-sideend|p2: oscar tyfceytf|Reflect
|upkeep
|
|t:|1783850346
|switch|p2b: Grimmsnarl|Grimmsnarl, L50, M|100/100
|turn|6
|
|t:|1783850365
|switch|p1a: Sableye|Sableye, L50, M|100/100
|move|p2b: Grimmsnarl|Reflect|p2b: Grimmsnarl
|-sidestart|p2: oscar tyfceytf|Reflect
|move|p1b: Swampert|Earthquake|p2a: Incineroar|[spread] p1a,p2a,p2b
|-supereffective|p2a: Incineroar|1
|-crit|p2b: Grimmsnarl
|-damage|p1a: Sableye|72/100
|-damage|p2a: Incineroar|0 fnt
|-damage|p2b: Grimmsnarl|7/100
|faint|p2a: Incineroar
|
|upkeep
|turn|7
|-message|oscar tyfceytf forfeited.
|raw|NoitUK_VGC's rating: 1055 → 1082(+27 for winning)
|raw|oscar tyfceytf's rating: 1000 → 1000(+0 for losing)
|
|win|NoitUK_VGC
|l|☆oscar tyfceytf
|player|p2|
