|j|☆Pokeventurer
|j|☆1#miraidonhater
|html|Pokeventurer1#miraidonhater    
|uhtml|bestof|Game 1 of a best-of-3
|t:|1782239829
|gametype|doubles
|player|p1|Pokeventurer|169|
|player|p2|1#miraidonhater|volkner|
|gen|9
|tier|[Gen 9 Champions] VGC 2026 Reg M-B (Bo3)
|rule|Species Clause: Limit one of each Pokémon
|rule|Item Clause: Limit 1 of each item
|clearpoke
|poke|p1|Aerodactyl, L50, M|
|poke|p1|Kingambit, L50, F|
|poke|p1|Farigiraf, L50, F|
|poke|p1|Charizard, L50, M|
|poke|p1|Basculegion, L50, M|
|poke|p1|Garchomp, L50, M|
|poke|p2|Swampert, L50, F|
|poke|p2|Sableye, L50, F|
|poke|p2|Pelipper, L50, F|
|poke|p2|Floette-Eternal, L50, F|
|poke|p2|Basculegion, L50, M|
|poke|p2|Archaludon, L50, F|
|teampreview|4
|showteam|p1|Aerodactyl||Aerodactylite|Unnerve|RockSlide,IceFang,Tailwind,WideGuard|Jolly||M|||50|]Kingambit||FocusSash|Defiant|KowtowCleave,SuckerPunch,IronHead,LowKick|Adamant||F|||50|]Farigiraf||SitrusBerry|ArmorTail|TrickRoom,TwinBeam,GrassKnot,Roar|Quiet||F|||50|]Charizard||CharizarditeY|Blaze|HeatWave,WeatherBall,SolarBeam,Protect|Timid||M|||50|]Basculegion||ChoiceScarf|Adaptability|WaveCrash,AquaJet,FlipTurn,LastRespects|Adamant||M|||50|]Garchomp||LifeOrb|RoughSkin|DragonClaw,RockTomb,Earthquake,Protect|Jolly||M|||50|
|showteam|p2|Swampert||Swampertite|Torrent|WaveCrash,HighHorsepower,IcePunch,Protect|Adamant||F|||50|]Sableye||LightClay|Prankster|FoulPlay,RainDance,Reflect,LightScreen|Relaxed||F|||50|]Pelipper||FocusSash|Drizzle|WeatherBall,Hurricane,Tailwind,Protect|Modest||F|||50|]Floette-Eternal||Floettite|FlowerVeil|DrainingKiss,DazzlingGleam,CalmMind,Protect|Modest||F|||50|]Basculegion||ChoiceScarf|Adaptability|WaveCrash,LastRespects,AquaJet,FlipTurn|Jolly||M|||50|]Archaludon||Leftovers|Stamina|ElectroShot,FlashCannon,DragonPulse,Protect|Calm||F|||50|
|c|☆1#miraidonhater|threw this together very quicky
|inactive|Battle timer is ON: inactive players will automatically lose when time's up. (requested by Pokeventurer)
|c|☆1#miraidonhater|quickly
|inactive|1#miraidonhater has 60 seconds left.
|
|t:|1782239877
|teamsize|p1|4
|teamsize|p2|4
|start
|switch|p1a: Basculegion|Basculegion, L50, M|100/100
|switch|p1b: Farigiraf|Farigiraf, L50, F|100/100
|switch|p2a: Swampert|Swampert, L50, F|100/100
|switch|p2b: Sableye|Sableye, L50, F|100/100
|turn|1
|
|t:|1782239885
|detailschange|p2a: Swampert|Swampert-Mega, L50, F
|-mega|p2a: Swampert|Swampert|Swampertite
|move|p2a: Swampert|Protect|p2a: Swampert
|-singleturn|p2a: Swampert|Protect
|move|p2b: Sableye|Reflect|p2b: Sableye
|-sidestart|p2: 1#miraidonhater|Reflect
|move|p1a: Basculegion|Wave Crash|p2a: Swampert
|-activate|p2a: Swampert|move: Protect
|move|p1b: Farigiraf|Trick Room|p1b: Farigiraf
|-fieldstart|move: Trick Room|[of] p1b: Farigiraf
|
|upkeep
|turn|2
|
|t:|1782239896
|switch|p2a: Archaludon|Archaludon, L50, F|100/100
|switch|p1a: Kingambit|Kingambit, L50, F|100/100
|move|p2b: Sableye|Foul Play|p1a: Kingambit
|-resisted|p1a: Kingambit|1
|-damage|p1a: Kingambit|76/100
|move|p1b: Farigiraf|Grass Knot|p2a: Archaludon
|-resisted|p2a: Archaludon|2
|-damage|p2a: Archaludon|94/100
|-ability|p2a: Archaludon|Stamina|boost
|-boost|p2a: Archaludon|def|1
|
|-heal|p2a: Archaludon|100/100|[from] item: Leftovers
|upkeep
|turn|3
|
|t:|1782239916
|move|p2b: Sableye|Rain Dance|p2b: Sableye
|-weather|RainDance
|move|p1b: Farigiraf|Twin Beam|p2a: Archaludon
|-resisted|p2a: Archaludon|1
|-damage|p2a: Archaludon|92/100
|-ability|p2a: Archaludon|Stamina|boost
|-boost|p2a: Archaludon|def|1
|-resisted|p2a: Archaludon|1
|-damage|p2a: Archaludon|84/100
|-ability|p2a: Archaludon|Stamina|boost
|-boost|p2a: Archaludon|def|1
|-hitcount|p2a: Archaludon|2
|move|p1a: Kingambit|Low Kick|p2a: Archaludon
|-supereffective|p2a: Archaludon|1
|-damage|p2a: Archaludon|72/100
|-ability|p2a: Archaludon|Stamina|boost
|-boost|p2a: Archaludon|def|1
|move|p2a: Archaludon|Electro Shot||[still]
|-prepare|p2a: Archaludon|Electro Shot
|-boost|p2a: Archaludon|spa|1
|-anim|p2a: Archaludon|Electro Shot|p1b: Farigiraf
|-damage|p1b: Farigiraf|43/100
|-enditem|p1b: Farigiraf|Sitrus Berry|[eat]
|-heal|p1b: Farigiraf|68/100|[from] item: Sitrus Berry
|
|-weather|RainDance|[upkeep]
|-heal|p2a: Archaludon|78/100|[from] item: Leftovers
|upkeep
|turn|4
|inactive|1#miraidonhater has 30 seconds left.
|
|t:|1782239947
|move|p2b: Sableye|Light Screen|p2b: Sableye
|-sidestart|p2: 1#miraidonhater|move: Light Screen
|move|p1a: Kingambit|Kowtow Cleave|p2b: Sableye
|-damage|p2b: Sableye|65/100
|move|p2a: Archaludon|Electro Shot||[still]
|-prepare|p2a: Archaludon|Electro Shot
|-boost|p2a: Archaludon|spa|1
|-anim|p2a: Archaludon|Electro Shot|p1b: Farigiraf
|-damage|p1b: Farigiraf|0 fnt
|faint|p1b: Farigiraf
|
|-weather|RainDance|[upkeep]
|-heal|p2a: Archaludon|84/100|[from] item: Leftovers
|upkeep
|
|t:|1782239959
|switch|p1b: Charizard|Charizard, L50, M|100/100
|turn|5
|
|t:|1782239967
|move|p1b: Charizard|Protect|p1b: Charizard
|-singleturn|p1b: Charizard|Protect
|move|p2b: Sableye|Rain Dance||[still]
|-fail|p2b: Sableye
|move|p1a: Kingambit|Kowtow Cleave|p2b: Sableye
|-damage|p2b: Sableye|29/100
|move|p2a: Archaludon|Electro Shot||[still]
|-prepare|p2a: Archaludon|Electro Shot
|-boost|p2a: Archaludon|spa|1
|-anim|p2a: Archaludon|Electro Shot|p1b: Charizard
|-activate|p1b: Charizard|move: Protect
|
|-weather|RainDance|[upkeep]
|-heal|p2a: Archaludon|90/100|[from] item: Leftovers
|-fieldend|move: Trick Room
|upkeep
|turn|6
|
|t:|1782239984
|switch|p1b: Basculegion|Basculegion, L50, M|100/100
|move|p2b: Sableye|Rain Dance||[still]
|-fail|p2b: Sableye
|move|p2a: Archaludon|Electro Shot||[still]
|-prepare|p2a: Archaludon|Electro Shot
|-boost|p2a: Archaludon|spa|1
|-anim|p2a: Archaludon|Electro Shot|p1b: Basculegion
|-supereffective|p1b: Basculegion|1
|-damage|p1b: Basculegion|0 fnt
|faint|p1b: Basculegion
|move|p1a: Kingambit|Kowtow Cleave|p2b: Sableye
|-damage|p2b: Sableye|0 fnt
|faint|p2b: Sableye
|
|-weather|RainDance|[upkeep]
|-heal|p2a: Archaludon|96/100|[from] item: Leftovers
|upkeep
|
|t:|1782239989
|switch|p1b: Charizard|Charizard, L50, M|100/100
|switch|p2b: Swampert|Swampert-Mega, L50, F|100/100
|turn|7
|inactive|1#miraidonhater has 30 seconds left.
|
|t:|1782240024
|move|p1b: Charizard|Protect|p1b: Charizard
|-singleturn|p1b: Charizard|Protect
|move|p2a: Archaludon|Protect|p2a: Archaludon
|-singleturn|p2a: Archaludon|Protect
|move|p2b: Swampert|High Horsepower|p1a: Kingambit
|-supereffective|p1a: Kingambit|1
|-damage|p1a: Kingambit|0 fnt
|faint|p1a: Kingambit
|
|-weather|none
|-heal|p2a: Archaludon|100/100|[from] item: Leftovers
|upkeep
|turn|8
|
|t:|1782240043
|detailschange|p1b: Charizard|Charizard-Mega-Y, L50, M
|-mega|p1b: Charizard|Charizard|Charizardite Y
|-weather|SunnyDay|[from] ability: Drought|[of] p1b: Charizard
|move|p1b: Charizard|Weather Ball|p2a: Archaludon
|-damage|p2a: Archaludon|51/100
|-ability|p2a: Archaludon|Stamina|boost
|-boost|p2a: Archaludon|def|1
|move|p2b: Swampert|Wave Crash|p1b: Charizard
|-supereffective|p1b: Charizard|1
|-damage|p1b: Charizard|0 fnt
|faint|p1b: Charizard
|-damage|p2b: Swampert|73/100|[from] Recoil
|
|win|1#miraidonhater
