|j|☆huntr/x rumi
|j|☆Morrocan AXL BLAZE
|html|huntr/x rumiMorrocan AXL BLAZE    
|uhtml|bestof|Game 2 of a best-of-3
|t:|1755638949
|gametype|doubles
|player|p1|huntr/x rumi|acetrainerf|1301
|player|p2|Morrocan AXL BLAZE|benga|1341
|gen|9
|tier|[Gen 9] VGC 2025 Reg H (Bo3)
|rated|
|rule|Species Clause: Limit one of each Pokémon
|rule|Item Clause: Limit 1 of each item
|clearpoke
|poke|p1|Whimsicott, L50, M|
|poke|p1|Gholdengo, L50|
|poke|p1|Garchomp, L50, F|
|poke|p1|Ditto, L50|
|poke|p1|Incineroar, L50, F|
|poke|p1|Milotic, L50, F|
|poke|p2|Incineroar, L50, F|
|poke|p2|Amoonguss, L50, M|
|poke|p2|Milotic, L50, M|
|poke|p2|Sneasler, L50, F|
|poke|p2|Gholdengo, L50|
|poke|p2|Kommo-o, L50, M|
|teampreview|4
|showteam|p1|Whimsicott||FocusSash|Prankster|Protect,Moonblast,Tailwind,Encore|||M|||50|,,,,,Ghost]Gholdengo||ChoiceSpecs|GoodasGold|MakeItRain,ShadowBall,Protect,Trick||||||50|,,,,,Steel]Garchomp||LifeOrb|RoughSkin|Protect,StompingTantrum,DragonClaw,Earthquake|||F|||50|,,,,,Ground]Ditto||CovertCloak|Imposter|Transform||||||50|,,,,,Grass]Incineroar||SafetyGoggles|Intimidate|FakeOut,FlareBlitz,KnockOff,PartingShot|||F|||50|,,,,,Ghost]Milotic||SitrusBerry|Competitive|IcyWind,Scald,Protect,Haze|||F|||50|,,,,,Grass
|showteam|p2|Incineroar||SafetyGoggles|Intimidate|PartingShot,KnockOff,FlareBlitz,FakeOut|||F|||50|,,,,,Ghost]Amoonguss||CovertCloak|Regenerator|RagePowder,Spore,PollenPuff,Protect|||M|||50|,,,,,Fairy]Milotic||RockyHelmet|Competitive|Scald,IcyWind,MirrorCoat,Protect|||M|||50|,,,,,Dragon]Sneasler||FocusSash|PoisonTouch|CloseCombat,DireClaw,FakeOut,Protect|||F|||50|,,,,,Stellar]Gholdengo||LifeOrb|GoodasGold|MakeItRain,ShadowBall,NastyPlot,Protect||||||50|,,,,,Dragon]Kommo-o||Leftovers|Overcoat|BodyPress,IronDefense,ShadowClaw,Protect|||M|||50|,,,,,Fire
|inactive|Battle timer is ON: inactive players will automatically lose when time's up. (requested by huntr/x rumi)
|
|t:|1755638985
|teamsize|p1|4
|teamsize|p2|4
|start
|switch|p1a: Milotic|Milotic, L50, F, shiny|100/100
|switch|p1b: Gholdengo|Gholdengo, L50|100/100
|switch|p2a: Ficello|Gholdengo, L50, shiny|100/100
|switch|p2b: Amoonguss|Amoonguss, L50, M, shiny|100/100
|turn|1
|inactive|huntr/x rumi has 30 seconds left.
|
|t:|1755639015
|-terastallize|p1b: Gholdengo|Steel
|move|p2b: Amoonguss|Rage Powder|p2b: Amoonguss
|-singleturn|p2b: Amoonguss|move: Rage Powder
|move|p2a: Ficello|Shadow Ball|p1b: Gholdengo
|-damage|p1b: Gholdengo|37/100
|-damage|p2a: Ficello|91/100|[from] item: Life Orb
|move|p1b: Gholdengo|Make It Rain|p2a: Ficello|[spread] p2a,p2b
|-resisted|p2a: Ficello
|-damage|p2a: Ficello|30/100
|-damage|p2b: Amoonguss|13/100
|-unboost|p1b: Gholdengo|spa|1
|move|p1a: Milotic|Icy Wind|p2a: Ficello|[spread] p2a,p2b
|-resisted|p2a: Ficello
|-supereffective|p2b: Amoonguss
|-damage|p2a: Ficello|24/100
|-damage|p2b: Amoonguss|0 fnt
|-unboost|p2a: Ficello|spe|1
|faint|p2b: Amoonguss
|
|upkeep
|
|t:|1755639026
|switch|p2b: Sneasler|Sneasler, L50, F|100/100
|turn|2
|
|t:|1755639036
|switch|p1b: Ditto|Ditto, L50, shiny|100/100
|-transform|p1b: Ditto|p2a: Ficello|[from] ability: Imposter
|switch|p2a: Incineroar|Incineroar, L50, F, shiny|100/100
|-ability|p2a: Incineroar|Intimidate|boost
|-unboost|p1a: Milotic|atk|1
|-ability|p1a: Milotic|Competitive|boost
|-boost|p1a: Milotic|spa|2
|-unboost|p1b: Ditto|atk|1
|move|p2b: Sneasler|Fake Out|p1a: Milotic
|-damage|p1a: Milotic|86/100
|cant|p1a: Milotic|flinch
|
|upkeep
|turn|3
|
|t:|1755639062
|-terastallize|p2b: Sneasler|Stellar
|move|p2a: Incineroar|Fake Out|p1a: Milotic
|-damage|p1a: Milotic|75/100
|move|p2b: Sneasler|Dire Claw|p1a: Milotic
|-damage|p1a: Milotic|23/100
|-status|p1a: Milotic|slp
|-enditem|p1a: Milotic|Sitrus Berry|[eat]
|-heal|p1a: Milotic|48/100 slp|[from] item: Sitrus Berry
|cant|p1a: Milotic|slp
|move|p1b: Ditto|Nasty Plot|p1b: Ditto
|-boost|p1b: Ditto|spa|2
|
|upkeep
|turn|4
|
|t:|1755639082
|move|p1b: Ditto|Protect|p1b: Ditto
|-singleturn|p1b: Ditto|Protect
|move|p2b: Sneasler|Close Combat|p1a: Milotic
|-damage|p1a: Milotic|0 fnt
|-unboost|p2b: Sneasler|def|1
|-unboost|p2b: Sneasler|spd|1
|faint|p1a: Milotic
|move|p2a: Incineroar|Flare Blitz|p1b: Ditto
|-activate|p1b: Ditto|move: Protect
|
|upkeep
|
|t:|1755639091
|switch|p1a: Garchomp|Garchomp, L50, F|100/100
|turn|5
|
|t:|1755639102
|switch|p1b: Gholdengo|Gholdengo, L50, tera:Steel|37/100
|move|p2b: Sneasler|Close Combat|p1a: Garchomp
|-damage|p1a: Garchomp|36/100
|-unboost|p2b: Sneasler|def|1
|-unboost|p2b: Sneasler|spd|1
|-damage|p2b: Sneasler|88/100|[from] ability: Rough Skin|[of] p1a: Garchomp
|move|p1a: Garchomp|Earthquake|p2a: Incineroar|[spread] p1b,p2a,p2b
|-supereffective|p1b: Gholdengo
|-supereffective|p2a: Incineroar
|-supereffective|p2b: Sneasler
|-damage|p1b: Gholdengo|0 fnt
|-damage|p2a: Incineroar|11/100
|-damage|p2b: Sneasler|0 fnt
|faint|p1b: Gholdengo
|faint|p2b: Sneasler
|-damage|p1a: Garchomp|26/100|[from] item: Life Orb
|move|p2a: Incineroar|Flare Blitz|p1a: Garchomp
|-resisted|p1a: Garchomp
|-damage|p1a: Garchomp|3/100
|-damage|p2a: Incineroar|0 fnt|[from] ability: Rough Skin|[of] p1a: Garchomp
|faint|p2a: Incineroar
|
|upkeep
|
|t:|1755639113
|switch|p2b: Ficello|Gholdengo, L50, shiny|24/100
|switch|p1b: Ditto|Ditto, L50, shiny|100/100
|turn|6
|
|t:|1755639120
|move|p1a: Garchomp|Stomping Tantrum|p2b: Ficello
|-supereffective|p2b: Ficello
|-crit|p2b: Ficello
|-damage|p2b: Ficello|0 fnt
|faint|p2b: Ficello
|-damage|p1a: Garchomp|0 fnt|[from] item: Life Orb
|faint|p1a: Garchomp
|
|win|huntr/x rumi
|raw|huntr/x rumi's rating: 1301 → 1323(+22 for winning)
|raw|Morrocan AXL BLAZE's rating: 1341 → 1319(-22 for losing)
