|j|☆bcoffey1010
|j|☆redx50
|html|bcoffey1010redx50    
|uhtml|bestof|Game 2 of a best-of-3
|t:|1756321453
|gametype|doubles
|player|p1|bcoffey1010|169|1266
|player|p2|redx50|red|1179
|gen|9
|tier|[Gen 9] VGC 2025 Reg H (Bo3)
|rated|
|rule|Species Clause: Limit one of each Pokémon
|rule|Item Clause: Limit 1 of each item
|clearpoke
|poke|p1|Gholdengo, L50|
|poke|p1|Incineroar, L50, M|
|poke|p1|Amoonguss, L50, F|
|poke|p1|Archaludon, L50, M|
|poke|p1|Pelipper, L50, F|
|poke|p1|Basculegion, L50, M|
|poke|p2|Talonflame, L50, M|
|poke|p2|Farigiraf, L50, M|
|poke|p2|Ursaluna, L50, M|
|poke|p2|Primarina, L50, F|
|poke|p2|Pawmot, L50, F|
|poke|p2|Incineroar, L50, M|
|teampreview|4
|showteam|p1|Gholdengo||LifeOrb|GoodasGold|MakeItRain,ShadowBall,NastyPlot,Protect||||||50|,,,,,Water]Incineroar||RockyHelmet|Intimidate|Taunt,KnockOff,PartingShot,FakeOut|||M|||50|,,,,,Ghost]Amoonguss||SitrusBerry|Regenerator|PollenPuff,Spore,RagePowder,Protect|||F|||50|,,,,,Water]Archaludon||AssaultVest|Stamina|DragonPulse,FlashCannon,ElectroShot,BodyPress|||M|||50|,,,,,Bug]Pelipper||FocusSash|Drizzle|WeatherBall,Hurricane,Tailwind,Protect|||F|||50|,,,,,Ground]Basculegion||ChoiceBand|SwiftSwim|WaveCrash,LastRespects,FlipTurn,AquaJet|||M|||50|,,,,,Water
|showteam|p2|Talonflame||SharpBeak|GaleWings|DualWingbeat,Tailwind,Uturn,Protect|||M|||50|,,,,,Ghost]Farigiraf||ThroatSpray|ArmorTail|HyperVoice,Psychic,Protect,TrickRoom|||M|||50|,,,,,Fairy]Ursaluna||FlameOrb|Guts|Facade,Protect,HeadlongRush,Earthquake|||M|||50|,,,,,Ghost]Primarina||LifeOrb|LiquidVoice|HyperVoice,Moonblast,Protect,Haze|||F|||50|,,,,,Poison]Pawmot||FocusSash|NaturalCure|DoubleShock,CloseCombat,FakeOut,Protect|||F|||50|,,,,,Electric]Incineroar||SafetyGoggles|Intimidate|FlareBlitz,KnockOff,FakeOut,PartingShot|||M|||50|,,,,,Grass
|inactive|Battle timer is ON: inactive players will automatically lose when time's up. (requested by redx50)
|inactive|bcoffey1010 has 60 seconds left.
|
|t:|1756321491
|teamsize|p1|4
|teamsize|p2|4
|start
|switch|p1a: Incineroar|Incineroar, L50, M|100/100
|switch|p1b: Basculegion|Basculegion, L50, M|100/100
|switch|p2a: Pawmot|Pawmot, L50, F|100/100
|switch|p2b: Talonflame|Talonflame, L50, M|100/100
|-ability|p1a: Incineroar|Intimidate|boost
|-unboost|p2a: Pawmot|atk|1
|-unboost|p2b: Talonflame|atk|1
|turn|1
|inactive|bcoffey1010 has 30 seconds left.
|inactive|bcoffey1010 has 20 seconds left.
|
|t:|1756321531
|-terastallize|p2a: Pawmot|Electric
|move|p1a: Incineroar|Fake Out|p2a: Pawmot
|-damage|p2a: Pawmot|80/100
|move|p2b: Talonflame|Tailwind|p2b: Talonflame
|-sidestart|p2: redx50|move: Tailwind
|cant|p2a: Pawmot|flinch
|move|p1b: Basculegion|Flip Turn|p2b: Talonflame
|-supereffective|p2b: Talonflame
|-damage|p2b: Talonflame|0 fnt
|faint|p2b: Talonflame
|
|t:|1756321545
|switch|p1b: Pelipper|Pelipper, L50, F|100/100|[from] Flip Turn
|-weather|RainDance|[from] ability: Drizzle|[of] p1b: Pelipper
|
|-weather|RainDance|[upkeep]
|upkeep
|
|t:|1756321553
|switch|p2b: Primarina|Primarina, L50, F|100/100
|turn|2
|inactive|bcoffey1010 has 30 seconds left.
|inactive|bcoffey1010 has 20 seconds left.
|inactive|bcoffey1010 has 15 seconds left.
|
|t:|1756321596
|-terastallize|p1b: Pelipper|Ground
|move|p2a: Pawmot|Close Combat|p1b: Pelipper
|-damage|p1b: Pelipper|52/100
|-unboost|p2a: Pawmot|def|1
|-unboost|p2a: Pawmot|spd|1
|move|p2b: Primarina|Hyper Voice|p1a: Incineroar|[spread] p1a,p1b
|-supereffective|p1a: Incineroar
|-supereffective|p1b: Pelipper
|-damage|p1a: Incineroar|0 fnt
|-damage|p1b: Pelipper|0 fnt
|faint|p1a: Incineroar
|faint|p1b: Pelipper
|-damage|p2b: Primarina|91/100|[from] item: Life Orb
|
|-weather|RainDance|[upkeep]
|upkeep
|
|t:|1756321603
|switch|p1b: Gholdengo|Gholdengo, L50|100/100
|switch|p1a: Basculegion|Basculegion, L50, M|100/100
|turn|3
|
|t:|1756321613
|move|p1a: Basculegion|Aqua Jet|p2a: Pawmot
|-damage|p2a: Pawmot|0 fnt
|faint|p2a: Pawmot
|move|p2b: Primarina|Hyper Voice|p1a: Basculegion|[spread] p1a,p1b
|-resisted|p1a: Basculegion
|-damage|p1a: Basculegion|65/100
|-damage|p1b: Gholdengo|26/100
|-damage|p2b: Primarina|81/100|[from] item: Life Orb
|move|p1b: Gholdengo|Nasty Plot|p1b: Gholdengo
|-boost|p1b: Gholdengo|spa|2
|
|-weather|RainDance|[upkeep]
|upkeep
|
|t:|1756321615
|switch|p2a: Incineroar|Incineroar, L50, M|100/100
|-ability|p2a: Incineroar|Intimidate|boost
|-unboost|p1a: Basculegion|atk|1
|-unboost|p1b: Gholdengo|atk|1
|turn|4
|
|t:|1756321628
|move|p1b: Gholdengo|Protect|p1b: Gholdengo
|-singleturn|p1b: Gholdengo|Protect
|move|p1a: Basculegion|Aqua Jet|p2a: Incineroar
|-supereffective|p2a: Incineroar
|-damage|p2a: Incineroar|35/100
|move|p2a: Incineroar|Knock Off|p1b: Gholdengo
|-activate|p1b: Gholdengo|move: Protect
|move|p2b: Primarina|Moonblast|p1a: Basculegion
|-damage|p1a: Basculegion|0 fnt
|faint|p1a: Basculegion
|-damage|p2b: Primarina|72/100|[from] item: Life Orb
|
|-weather|RainDance|[upkeep]
|-sideend|p2: redx50|move: Tailwind
|upkeep
|turn|5
|
|t:|1756321636
|move|p1b: Gholdengo|Make It Rain|p2a: Incineroar|[spread] p2a,p2b
|-resisted|p2a: Incineroar
|-crit|p2a: Incineroar
|-damage|p2a: Incineroar|0 fnt
|-damage|p2b: Primarina|0 fnt
|-unboost|p1b: Gholdengo|spa|1
|faint|p2a: Incineroar
|faint|p2b: Primarina
|-damage|p1b: Gholdengo|16/100|[from] item: Life Orb
|
|win|bcoffey1010
|raw|bcoffey1010's rating: 1266 → 1285(+19 for winning)
|raw|redx50's rating: 1179 → 1160(-19 for losing)
