|j|☆FakeOutPlot
|j|☆DomDaBomb886
|html|FakeOutPlotDomDaBomb886    
|uhtml|bestof|Game 1 of a best-of-3
|t:|1756866357
|gametype|doubles
|player|p1|FakeOutPlot|iris|1406
|player|p2|DomDaBomb886|101|1337
|gen|9
|tier|[Gen 9] VGC 2025 Reg H (Bo3)
|rated|
|rule|Species Clause: Limit one of each Pokémon
|rule|Item Clause: Limit 1 of each item
|clearpoke
|poke|p1|Gholdengo, L50|
|poke|p1|Incineroar, L50, M|
|poke|p1|Sneasler, L50, F|
|poke|p1|Dragonite, L50, M|
|poke|p1|Ursaluna-Bloodmoon, L50, M|
|poke|p1|Rillaboom, L50, M|
|poke|p2|Archaludon, L50, F|
|poke|p2|Pelipper, L50, F|
|poke|p2|Dragonite, L50, M|
|poke|p2|Sinistcha, L50|
|poke|p2|Ursaluna, L50, F|
|poke|p2|Incineroar, L50, F|
|teampreview|4
|showteam|p1|Gholdengo||LifeOrb|GoodasGold|MakeItRain,ShadowBall,NastyPlot,Protect||||||50|,,,,,Water]Incineroar||SafetyGoggles|Intimidate|PartingShot,FlareBlitz,KnockOff,FakeOut|||M|||50|,,,,,Ghost]Sneasler||FocusSash|PoisonTouch|DireClaw,CloseCombat,ThroatChop,Protect|||F|||50|,,,,,Stellar]Dragonite||LoadedDice|Multiscale|ScaleShot,Tailwind,Haze,Protect|||M|||50|,,,,,Fairy]Ursaluna-Bloodmoon||AssaultVest|MindsEye|HyperVoice,EarthPower,BloodMoon,VacuumWave|||M|||50|,,,,,Water]Rillaboom||MiracleSeed|GrassySurge|WoodHammer,GrassyGlide,HighHorsepower,FakeOut|||M|||50|,,,,,Fire
|showteam|p2|Archaludon||AssaultVest|Stamina|FlashCannon,ElectroShot,Snarl,BodyPress|||F|||50|,,,,,Bug]Pelipper||FocusSash|Drizzle|Protect,WeatherBall,Hurricane,Tailwind|||F|||50|,,,,,Ghost]Dragonite||LoadedDice|Multiscale|Protect,ScaleShot,ExtremeSpeed,Haze|||M|||50|,,,,,Fairy]Sinistcha||SitrusBerry|Hospitality|MatchaGotcha,RagePowder,LifeDew,TrickRoom||||||50|,,,,,Dark]Ursaluna||FlameOrb|Guts|Protect,HeadlongRush,Facade,Earthquake|||F|||50|,,,,,Ghost]Incineroar||SafetyGoggles|Intimidate|KnockOff,FakeOut,PartingShot,Taunt|||F|||50|,,,,,Ghost
|inactive|Battle timer is ON: inactive players will automatically lose when time's up. (requested by DomDaBomb886)
|inactive|DomDaBomb886 has 60 seconds left.
|inactive|DomDaBomb886 has 30 seconds left.
|inactive|DomDaBomb886 has 20 seconds left.
|
|t:|1756866432
|teamsize|p1|4
|teamsize|p2|4
|start
|switch|p1a: Dragonite|Dragonite, L50, M|100/100
|switch|p1b: Ursaluna|Ursaluna-Bloodmoon, L50, M|100/100
|switch|p2a: Incineroar|Incineroar, L50, F|100/100
|switch|p2b: Dragonite|Dragonite, L50, M|100/100
|-ability|p2a: Incineroar|Intimidate|boost
|-unboost|p1a: Dragonite|atk|1
|-unboost|p1b: Ursaluna|atk|1
|turn|1
|
|t:|1756866443
|-terastallize|p2b: Dragonite|Fairy
|move|p2a: Incineroar|Fake Out|p1b: Ursaluna
|-damage|p1b: Ursaluna|92/100
|move|p1a: Dragonite|Scale Shot|p2a: Incineroar
|-damage|p2a: Incineroar|90/100
|-crit|p2a: Incineroar
|-damage|p2a: Incineroar|66/100
|-damage|p2a: Incineroar|55/100
|-damage|p2a: Incineroar|47/100
|-hitcount|p2a: Incineroar|4
|-unboost|p1a: Dragonite|def|1
|-boost|p1a: Dragonite|spe|1
|move|p2b: Dragonite|Scale Shot|p1b: Ursaluna
|-crit|p1b: Ursaluna
|-damage|p1b: Ursaluna|75/100
|-damage|p1b: Ursaluna|65/100
|-damage|p1b: Ursaluna|54/100
|-damage|p1b: Ursaluna|43/100
|-hitcount|p1b: Ursaluna|4
|-unboost|p2b: Dragonite|def|1
|-boost|p2b: Dragonite|spe|1
|cant|p1b: Ursaluna|flinch
|
|upkeep
|turn|2
|inactive|DomDaBomb886 has 30 seconds left.
|
|t:|1756866474
|switch|p2a: Archaludon|Archaludon, L50, F|100/100
|move|p1a: Dragonite|Tailwind|p1a: Dragonite
|-sidestart|p1: FakeOutPlot|move: Tailwind
|move|p2b: Dragonite|Scale Shot|p1b: Ursaluna
|-damage|p1b: Ursaluna|33/100
|-damage|p1b: Ursaluna|23/100
|-damage|p1b: Ursaluna|13/100
|-damage|p1b: Ursaluna|2/100
|-hitcount|p1b: Ursaluna|4
|-unboost|p2b: Dragonite|def|1
|-boost|p2b: Dragonite|spe|1
|move|p1b: Ursaluna|Hyper Voice|p2a: Archaludon|[spread] p2a,p2b
|-resisted|p2a: Archaludon
|-damage|p2a: Archaludon|88/100
|-damage|p2b: Dragonite|81/100
|-ability|p2a: Archaludon|Stamina|boost
|-boost|p2a: Archaludon|def|1
|
|upkeep
|turn|3
|inactive|FakeOutPlot has 30 seconds left.
|inactive|DomDaBomb886 has 30 seconds left.
|inactive|DomDaBomb886 has 20 seconds left.
|
|t:|1756866510
|move|p1a: Dragonite|Protect|p1a: Dragonite
|-singleturn|p1a: Dragonite|Protect
|move|p2b: Dragonite|Extreme Speed|p1b: Ursaluna
|-damage|p1b: Ursaluna|0 fnt
|faint|p1b: Ursaluna
|move|p2a: Archaludon|Flash Cannon|p1a: Dragonite
|-activate|p1a: Dragonite|move: Protect
|
|upkeep
|
|t:|1756866512
|switch|p1b: Gholdengo|Gholdengo, L50|100/100
|turn|4
|
|t:|1756866528
|switch|p2b: Incineroar|Incineroar, L50, F|47/100
|-ability|p2b: Incineroar|Intimidate|boost
|-unboost|p1a: Dragonite|atk|1
|-unboost|p1b: Gholdengo|atk|1
|move|p1a: Dragonite|Scale Shot|p2b: Incineroar
|-damage|p2b: Incineroar|39/100
|-damage|p2b: Incineroar|31/100
|-damage|p2b: Incineroar|24/100
|-damage|p2b: Incineroar|16/100
|-hitcount|p2b: Incineroar|4
|-unboost|p1a: Dragonite|def|1
|-boost|p1a: Dragonite|spe|1
|move|p1b: Gholdengo|Nasty Plot|p1b: Gholdengo
|-boost|p1b: Gholdengo|spa|2
|move|p2a: Archaludon|Snarl|p1b: Gholdengo|[spread] p1a,p1b
|-supereffective|p1b: Gholdengo
|-damage|p1a: Dragonite|94/100
|-damage|p1b: Gholdengo|72/100
|-unboost|p1a: Dragonite|spa|1
|-unboost|p1b: Gholdengo|spa|1
|
|upkeep
|turn|5
|inactive|DomDaBomb886 has 30 seconds left.
|inactive|DomDaBomb886 has 20 seconds left.
|inactive|DomDaBomb886 has 15 seconds left.
|
|t:|1756866572
|switch|p1a: Rillaboom|Rillaboom, L50, M|100/100
|-fieldstart|move: Grassy Terrain|[from] ability: Grassy Surge|[of] p1a: Rillaboom
|move|p1b: Gholdengo|Protect|p1b: Gholdengo
|-singleturn|p1b: Gholdengo|Protect
|move|p2a: Archaludon|Snarl|p1b: Gholdengo|[spread] p1a
|-activate|p1b: Gholdengo|move: Protect
|-damage|p1a: Rillaboom|89/100
|-unboost|p1a: Rillaboom|spa|1
|move|p2b: Incineroar|Knock Off|p1b: Gholdengo
|-activate|p1b: Gholdengo|move: Protect
|
|-heal|p1b: Gholdengo|78/100|[from] Grassy Terrain
|-heal|p1a: Rillaboom|95/100|[from] Grassy Terrain
|-heal|p2a: Archaludon|94/100|[from] Grassy Terrain
|-heal|p2b: Incineroar|22/100|[from] Grassy Terrain
|-sideend|p1: FakeOutPlot|move: Tailwind
|upkeep
|turn|6
|
|t:|1756866586
|switch|p2b: Pelipper|Pelipper, L50, F|100/100
|-weather|RainDance|[from] ability: Drizzle|[of] p2b: Pelipper
|move|p1a: Rillaboom|Fake Out|p2a: Archaludon
|-resisted|p2a: Archaludon
|-damage|p2a: Archaludon|91/100
|-ability|p2a: Archaludon|Stamina|boost
|-boost|p2a: Archaludon|def|1
|move|p1b: Gholdengo|Shadow Ball|p2b: Pelipper
|-enditem|p2b: Pelipper|Focus Sash
|-damage|p2b: Pelipper|1/100
|-damage|p1b: Gholdengo|69/100|[from] item: Life Orb
|cant|p2a: Archaludon|flinch
|
|-weather|RainDance|[upkeep]
|-heal|p1b: Gholdengo|74/100|[from] Grassy Terrain
|-heal|p1a: Rillaboom|100/100|[from] Grassy Terrain
|-heal|p2a: Archaludon|97/100|[from] Grassy Terrain
|upkeep
|turn|7
|inactive|FakeOutPlot has 30 seconds left.
|
|t:|1756866616
|switch|p2b: Incineroar|Incineroar, L50, F|22/100
|-ability|p2b: Incineroar|Intimidate|boost
|-unboost|p1a: Rillaboom|atk|1
|-unboost|p1b: Gholdengo|atk|1
|switch|p1a: Dragonite|Dragonite, L50, M|94/100
|move|p1b: Gholdengo|Protect|p1b: Gholdengo
|-singleturn|p1b: Gholdengo|Protect
|move|p2a: Archaludon|Electro Shot||[still]
|-prepare|p2a: Archaludon|Electro Shot
|-boost|p2a: Archaludon|spa|1
|-anim|p2a: Archaludon|Electro Shot|p1b: Gholdengo
|-activate|p1b: Gholdengo|move: Protect
|
|-weather|RainDance|[upkeep]
|-heal|p1b: Gholdengo|80/100|[from] Grassy Terrain
|-heal|p2a: Archaludon|100/100|[from] Grassy Terrain
|-heal|p2b: Incineroar|28/100|[from] Grassy Terrain
|upkeep
|turn|8
|
|t:|1756866639
|switch|p1b: Rillaboom|Rillaboom, L50, M|100/100
|move|p1a: Dragonite|Protect|p1a: Dragonite
|-singleturn|p1a: Dragonite|Protect
|move|p2b: Incineroar|Fake Out|p1a: Dragonite
|-activate|p1a: Dragonite|move: Protect
|move|p2a: Archaludon|Electro Shot||[still]
|-prepare|p2a: Archaludon|Electro Shot
|-boost|p2a: Archaludon|spa|1
|-anim|p2a: Archaludon|Electro Shot|p1b: Rillaboom
|-resisted|p1b: Rillaboom
|-damage|p1b: Rillaboom|64/100
|
|-weather|RainDance|[upkeep]
|-heal|p1b: Rillaboom|70/100|[from] Grassy Terrain
|-heal|p2b: Incineroar|34/100|[from] Grassy Terrain
|upkeep
|turn|9
|
|t:|1756866651
|switch|p2b: Dragonite|Dragonite, L50, M, tera:Fairy|81/100
|move|p1b: Rillaboom|Fake Out|p2a: Archaludon
|-resisted|p2a: Archaludon
|-damage|p2a: Archaludon|98/100
|-ability|p2a: Archaludon|Stamina|boost
|-boost|p2a: Archaludon|def|1
|move|p1a: Dragonite|Tailwind|p1a: Dragonite
|-sidestart|p1: FakeOutPlot|move: Tailwind
|cant|p2a: Archaludon|flinch
|
|-weather|RainDance|[upkeep]
|-heal|p1b: Rillaboom|77/100|[from] Grassy Terrain
|-heal|p2b: Dragonite|87/100|[from] Grassy Terrain
|-heal|p2a: Archaludon|100/100|[from] Grassy Terrain
|-fieldend|move: Grassy Terrain
|upkeep
|turn|10
|inactive|DomDaBomb886 has 30 seconds left.
|inactive|DomDaBomb886 has 20 seconds left.
|
|t:|1756866687
|-terastallize|p1a: Dragonite|Fairy
|move|p1a: Dragonite|Haze|p1a: Dragonite
|-clearallboost
|move|p1b: Rillaboom|High Horsepower|p2a: Archaludon
|-supereffective|p2a: Archaludon
|-damage|p2a: Archaludon|57/100
|-ability|p2a: Archaludon|Stamina|boost
|-boost|p2a: Archaludon|def|1
|move|p2b: Dragonite|Scale Shot|p1a: Dragonite
|-immune|p1a: Dragonite
|move|p2a: Archaludon|Electro Shot||[still]
|-prepare|p2a: Archaludon|Electro Shot
|-boost|p2a: Archaludon|spa|1
|-anim|p2a: Archaludon|Electro Shot|p1b: Rillaboom
|-resisted|p1b: Rillaboom
|-damage|p1b: Rillaboom|45/100
|
|-weather|none
|upkeep
|turn|11
|inactive|FakeOutPlot has 30 seconds left.
|inactive|FakeOutPlot has 20 seconds left.
|inactive|FakeOutPlot has 15 seconds left.
|
|t:|1756866728
|move|p1a: Dragonite|Protect|p1a: Dragonite
|-singleturn|p1a: Dragonite|Protect
|move|p2b: Dragonite|Extreme Speed|p1a: Dragonite
|-activate|p1a: Dragonite|move: Protect
|move|p1b: Rillaboom|High Horsepower|p2a: Archaludon
|-supereffective|p2a: Archaludon
|-damage|p2a: Archaludon|26/100
|-ability|p2a: Archaludon|Stamina|boost
|-boost|p2a: Archaludon|def|1
|move|p2a: Archaludon|Flash Cannon|p1a: Dragonite
|-activate|p1a: Dragonite|move: Protect
|
|upkeep
|turn|12
|inactive|DomDaBomb886 has 30 seconds left.
|inactive|FakeOutPlot has 30 seconds left.
|
|t:|1756866765
|switch|p2a: Pelipper|Pelipper, L50, F|1/100
|-weather|RainDance|[from] ability: Drizzle|[of] p2a: Pelipper
|move|p1a: Dragonite|Scale Shot|p2a: Pelipper|[miss]
|-miss|p1a: Dragonite|p2a: Pelipper
|move|p1b: Rillaboom|Wood Hammer|p2b: Dragonite
|-damage|p2b: Dragonite|10/100
|-damage|p1b: Rillaboom|22/100|[from] Recoil
|move|p2b: Dragonite|Scale Shot|p1b: Rillaboom
|-damage|p1b: Rillaboom|8/100
|-damage|p1b: Rillaboom|0 fnt
|faint|p1b: Rillaboom
|-hitcount|p1: Rillaboom|2
|-unboost|p2b: Dragonite|def|1
|-boost|p2b: Dragonite|spe|1
|
|-weather|RainDance|[upkeep]
|-sideend|p1: FakeOutPlot|move: Tailwind
|upkeep
|
|t:|1756866770
|switch|p1b: Gholdengo|Gholdengo, L50|80/100
|turn|13
|
|t:|1756866792
|move|p2b: Dragonite|Scale Shot|p1b: Gholdengo|[miss]
|-miss|p2b: Dragonite|p1b: Gholdengo
|move|p1b: Gholdengo|Make It Rain|p2a: Pelipper|[spread] p2a,p2b
|-resisted|p2a: Pelipper
|-supereffective|p2b: Dragonite
|-damage|p2a: Pelipper|0 fnt
|-damage|p2b: Dragonite|0 fnt
|-unboost|p1b: Gholdengo|spa|1
|faint|p2a: Pelipper
|faint|p2b: Dragonite
|-damage|p1b: Gholdengo|71/100|[from] item: Life Orb
|move|p1a: Dragonite|Haze|p1a: Dragonite
|-clearallboost
|
|-weather|RainDance|[upkeep]
|upkeep
|-message|DomDaBomb886 forfeited.
|
|win|FakeOutPlot
|l|☆DomDaBomb886
|player|p2|
