|j|☆namboyVGC
|j|☆nyakugan
|html|namboyVGCnyakugan    
|uhtml|bestof|Game 2 of a best-of-3
|t:|1756316239
|gametype|doubles
|player|p1|namboyVGC|pokemonranger-gen4|
|player|p2|nyakugan|psychic|
|gen|9
|tier|[Gen 9] VGC 2025 Reg H (Bo3)
|rule|Species Clause: Limit one of each Pokémon
|rule|Item Clause: Limit 1 of each item
|clearpoke
|poke|p1|Sneasler, L50, F|
|poke|p1|Indeedee, L50, M|
|poke|p1|Annihilape, L50, F|
|poke|p1|Tyranitar, L50, M|
|poke|p1|Excadrill, L50, F|
|poke|p1|Hydreigon, L50, M|
|poke|p2|Typhlosion-Hisui, L50, M|
|poke|p2|Whimsicott, L50, M|
|poke|p2|Ursaluna-Bloodmoon, L50, M|
|poke|p2|Annihilape, L50, F|
|poke|p2|Clefairy, L50, M|
|poke|p2|Farigiraf, L50, F|
|teampreview|4
|showteam|p1|Sneasler||PsychicSeed|Unburden|CloseCombat,DireClaw,ThroatChop,Protect|||F|||50|,,,,,Dark]Indeedee||ChoiceScarf|PsychicSurge|ExpandingForce,TeraBlast,Trick,DazzlingGleam|||M|||50|,,,,,Fire]Annihilape||SafetyGoggles|Defiant|CloseCombat,RageFist,Taunt,FinalGambit|||F|||50|,,,,,Water]Tyranitar||AssaultVest|SandStream|RockSlide,KnockOff,TeraBlast,LowKick|||M|||50|,,,,,Flying]Excadrill||FocusSash|SandRush|HighHorsepower,Earthquake,IronHead,Protect|||F|||50|,,,,,Stellar]Hydreigon||CovertCloak|Levitate|Snarl,DracoMeteor,Tailwind,Roar|||M|||50|,,,,,Ghost
|showteam|p2|Typhlosion-Hisui||ChoiceSpecs|Blaze|Eruption,HeatWave,ShadowBall,Overheat|||M|||50|,,,,,Fire]Whimsicott||CovertCloak|Prankster|Tailwind,BeatUp,Moonblast,SunnyDay|||M|||50|,,,,,Dark]Ursaluna-Bloodmoon||LifeOrb|MindsEye|Protect,BloodMoon,EarthPower,HyperVoice|||M|||50|,,,,,Normal]Annihilape||AssaultVest|Defiant|RageFist,DrainPunch,FinalGambit,CloseCombat|||F|||50|,,,,,Fire]Clefairy||Eviolite|FriendGuard|Protect,FollowMe,HelpingHand,AfterYou|||M|||50|,,,,,Grass]Farigiraf||ThroatSpray|ArmorTail|Protect,Psychic,HyperVoice,TrickRoom|||F|||50|,,,,,Dragon
|inactive|Battle timer is ON: inactive players will automatically lose when time's up. (requested by namboyVGC)
|inactive|nyakugan has 60 seconds left.
|
|t:|1756316284
|teamsize|p1|4
|teamsize|p2|4
|start
|switch|p1a: Annihilape|Annihilape, L50, F|100/100
|switch|p1b: Sneasler|Sneasler, L50, F|100/100
|switch|p2a: Whimsicott|Whimsicott, L50, M, shiny|100/100
|switch|p2b: Typhlosion|Typhlosion-Hisui, L50, M|100/100
|turn|1
|inactive|namboyVGC has 30 seconds left.
|
|t:|1756316316
|-terastallize|p1a: Annihilape|Water
|-terastallize|p2b: Typhlosion|Fire
|move|p1b: Sneasler|Protect|p1b: Sneasler
|-singleturn|p1b: Sneasler|Protect
|move|p2a: Whimsicott|Tailwind|p2a: Whimsicott
|-sidestart|p2: nyakugan|move: Tailwind
|move|p2b: Typhlosion|Heat Wave|p1a: Annihilape|[spread] p1a
|-activate|p1b: Sneasler|move: Protect
|-resisted|p1a: Annihilape
|-damage|p1a: Annihilape|61/100
|move|p1a: Annihilape|Rage Fist|p2b: Typhlosion
|-damage|p2b: Typhlosion|40/100
|
|upkeep
|turn|2
|inactive|nyakugan has 30 seconds left.
|inactive|nyakugan has 20 seconds left.
|inactive|nyakugan has 15 seconds left.
|inactive|nyakugan has 10 seconds left.
|
|t:|1756316365
|switch|p1a: Indeedee|Indeedee, L50, M|100/100
|-fieldstart|move: Psychic Terrain|[from] ability: Psychic Surge|[of] p1a: Indeedee
|-enditem|p1b: Sneasler|Psychic Seed
|-boost|p1b: Sneasler|spd|1|[from] item: Psychic Seed
|move|p2a: Whimsicott|Sunny Day|p2a: Whimsicott
|-weather|SunnyDay
|move|p1b: Sneasler|Dire Claw|p2b: Typhlosion
|-damage|p2b: Typhlosion|0 fnt
|faint|p2b: Typhlosion
|
|-weather|SunnyDay|[upkeep]
|upkeep
|
|t:|1756316372
|switch|p2b: Annihilape|Annihilape, L50, F|100/100
|turn|3
|
|t:|1756316390
|move|p1b: Sneasler|Dire Claw|p2a: Whimsicott
|-supereffective|p2a: Whimsicott
|-damage|p2a: Whimsicott|0 fnt
|faint|p2a: Whimsicott
|move|p2b: Annihilape|Close Combat|p1a: Indeedee
|-damage|p1a: Indeedee|0 fnt
|-unboost|p2b: Annihilape|def|1
|-unboost|p2b: Annihilape|spd|1
|faint|p1a: Indeedee
|
|-weather|SunnyDay|[upkeep]
|upkeep
|
|t:|1756316411
|switch|p2a: Clefairy|Clefairy, L50, M|100/100
|switch|p1a: Annihilape|Annihilape, L50, F, tera:Water|61/100
|turn|4
|inactive|nyakugan has 30 seconds left.
|inactive|nyakugan has 20 seconds left.
|
|t:|1756316446
|move|p2a: Clefairy|Helping Hand|p2b: Annihilape
|-singleturn|p2b: Annihilape|Helping Hand|[of] p2a: Clefairy
|move|p1b: Sneasler|Dire Claw|p2a: Clefairy
|-supereffective|p2a: Clefairy
|-damage|p2a: Clefairy|19/100
|move|p2b: Annihilape|Drain Punch|p1a: Annihilape
|-damage|p1a: Annihilape|11/100
|move|p1a: Annihilape|Taunt|p2a: Clefairy
|-start|p2a: Clefairy|move: Taunt
|
|-weather|SunnyDay|[upkeep]
|-sideend|p2: nyakugan|move: Tailwind
|upkeep
|turn|5
|
|t:|1756316467
|move|p1b: Sneasler|Throat Chop|p2b: Annihilape
|-damage|p2b: Annihilape|63/100
|-start|p2b: Annihilape|Throat Chop|[silent]
|move|p1a: Annihilape|Rage Fist|p2b: Annihilape
|-supereffective|p2b: Annihilape
|-damage|p2b: Annihilape|0 fnt
|faint|p2b: Annihilape
|-activate|p2a: Clefairy|move: Struggle
|move|p2a: Clefairy|Struggle|p1b: Sneasler
|-crit|p1b: Sneasler
|-damage|p1b: Sneasler|86/100
|-damage|p2a: Clefairy|0 fnt|[from] recoil
|faint|p2a: Clefairy
|
|win|namboyVGC
|c|☆nyakugan|gg
|c|☆namboyVGC|ggs
