|j|☆Gayangos
|j|☆Gancelot
|html|GayangosGancelot    
|uhtml|bestof|Game 1 of a best-of-3
|t:|1784064303
|gametype|doubles
|player|p1|Gayangos|102|1322
|player|p2|Gancelot|morty|1399
|gen|9
|tier|[Gen 9 Champions] VGC 2026 Reg M-B (Bo3)
|rated|
|rule|Species Clause: Limit one of each Pokémon
|rule|Item Clause: Limit 1 of each item
|clearpoke
|poke|p1|Froslass, L50, F|
|poke|p1|Dragonite, L50, F|
|poke|p1|Toxapex, L50, M|
|poke|p1|Sneasler, L50, M|
|poke|p1|Kingambit, L50, F|
|poke|p1|Blaziken, L50, M|
|poke|p2|Garchomp, L50, F|
|poke|p2|Venusaur, L50, F|
|poke|p2|Incineroar, L50, F|
|poke|p2|Charizard, L50, M|
|poke|p2|Toxapex, L50, M|
|poke|p2|Annihilape, L50, M|
|teampreview|4
|showteam|p1|Froslass||Froslassite|CursedBody|Blizzard,ShadowBall,AuroraVeil,Protect|Timid||F|||50|]Dragonite||LifeOrb|InnerFocus|DragonClaw,ExtremeSpeed,LowKick,Protect|Adamant||F|||50|]Toxapex||Leftovers|Regenerator|Infestation,Toxic,WideGuard,BanefulBunker|Bold||M|||50|]Sneasler||FocusSash|PoisonTouch|CloseCombat,PoisonJab,FakeOut,Protect|Jolly||M|||50|]Kingambit||BlackGlasses|Defiant|KowtowCleave,IronHead,SuckerPunch,Protect|Adamant||F|||50|]Blaziken||Blazikenite|SpeedBoost|CloseCombat,FlareBlitz,RockSlide,Protect|Adamant||M|||50|
|showteam|p2|Garchomp||ChoiceScarf|RoughSkin|Earthquake,RockSlide,DragonClaw,StompingTantrum|Adamant||F|||50|]Venusaur||LifeOrb|Chlorophyll|SludgeBomb,SolarBeam,EarthPower,Protect|Modest||F|||50|]Incineroar||SitrusBerry|Intimidate|FakeOut,FlareBlitz,ThroatChop,PartingShot|Impish||F|||50|]Charizard||CharizarditeY|Blaze|HeatWave,WeatherBall,Protect,HelpingHand|Modest||M|||50|]Toxapex||Leftovers|Regenerator|Infestation,Toxic,WideGuard,BanefulBunker|Impish||M|||50|]Annihilape||FocusSash|Defiant|CloseCombat,PhantomForce,RockTomb,Protect|Jolly||M|||50|
|inactive|Battle timer is ON: inactive players will automatically lose when time's up. (requested by Gancelot)
|inactive|Gayangos has 60 seconds left.
|inactive|Gancelot has 60 seconds left.
|
|t:|1784064341
|teamsize|p1|4
|teamsize|p2|4
|start
|switch|p1a: Blaziken|Blaziken, L50, M|100/100
|switch|p1b: Froslass|Froslass, L50, F|100/100
|switch|p2a: Incineroar|Incineroar, L50, F|100/100
|switch|p2b: Toxapex|Toxapex, L50, M|100/100
|-ability|p2a: Incineroar|Intimidate|boost
|-unboost|p1a: Blaziken|atk|1
|-unboost|p1b: Froslass|atk|1
|turn|1
|
|t:|1784064365
|move|p1b: Froslass|Shadow Ball|p2b: Toxapex
|-damage|p2b: Toxapex|80/100
|move|p1a: Blaziken|Close Combat|p2a: Incineroar
|-supereffective|p2a: Incineroar|1
|-damage|p2a: Incineroar|37/100
|-unboost|p1a: Blaziken|def|1
|-unboost|p1a: Blaziken|spd|1
|-enditem|p2a: Incineroar|Sitrus Berry|[eat]
|-heal|p2a: Incineroar|62/100|[from] item: Sitrus Berry
|move|p2a: Incineroar|Parting Shot|p1b: Froslass
|-unboost|p1b: Froslass|atk|1
|-unboost|p1b: Froslass|spa|1
|
|t:|1784064385
|switch|p2a: Charizard|Charizard, L50, M|100/100|[from] Parting Shot
|move|p2b: Toxapex|Toxic|p1a: Blaziken
|-status|p1a: Blaziken|tox
|
|-heal|p2b: Toxapex|85/100|[from] item: Leftovers
|-damage|p1a: Blaziken|94/100 tox|[from] psn
|-ability|p1a: Blaziken|Speed Boost|boost
|-boost|p1a: Blaziken|spe|1
|upkeep
|turn|2
|
|t:|1784064398
|detailschange|p1a: Blaziken|Blaziken-Mega, L50, M
|-mega|p1a: Blaziken|Blaziken|Blazikenite
|move|p2a: Charizard|Protect|p2a: Charizard
|-singleturn|p2a: Charizard|Protect
|move|p1a: Blaziken|Rock Slide|p2a: Charizard|[spread] p2b
|-activate|p2a: Charizard|move: Protect
|-damage|p2b: Toxapex|75/100
|move|p1b: Froslass|Shadow Ball|p2a: Charizard
|-activate|p2a: Charizard|move: Protect
|cant|p2b: Toxapex|flinch
|
|-heal|p2b: Toxapex|81/100|[from] item: Leftovers
|-damage|p1a: Blaziken|82/100 tox|[from] psn
|-ability|p1a: Blaziken|Speed Boost|boost
|-boost|p1a: Blaziken|spe|1
|upkeep
|turn|3
|
|t:|1784064410
|switch|p1a: Dragonite|Dragonite, L50, F|100/100
|detailschange|p2a: Charizard|Charizard-Mega-Y, L50, M
|-mega|p2a: Charizard|Charizard|Charizardite Y
|-weather|SunnyDay|[from] ability: Drought|[of] p2a: Charizard
|move|p2b: Toxapex|Wide Guard|p2b: Toxapex
|-singleturn|p2b: Toxapex|Wide Guard
|move|p1b: Froslass|Blizzard|p2a: Charizard|[spread] 
|-activate|p2a: Charizard|move: Wide Guard
|-activate|p2b: Toxapex|move: Wide Guard
|move|p2a: Charizard|Heat Wave|p1a: Dragonite|[spread] p1a,p1b
|-resisted|p1a: Dragonite|1
|-supereffective|p1b: Froslass|1
|-damage|p1a: Dragonite|72/100
|-damage|p1b: Froslass|0 fnt
|faint|p1b: Froslass
|
|-weather|SunnyDay|[upkeep]
|-heal|p2b: Toxapex|87/100|[from] item: Leftovers
|upkeep
|
|t:|1784064421
|switch|p1b: Kingambit|Kingambit, L50, F|100/100
|turn|4
|
|t:|1784064434
|move|p2a: Charizard|Protect|p2a: Charizard
|-singleturn|p2a: Charizard|Protect
|move|p1b: Kingambit|Protect|p1b: Kingambit
|-singleturn|p1b: Kingambit|Protect
|move|p1a: Dragonite|Dragon Claw|p2a: Charizard
|-activate|p2a: Charizard|move: Protect
|move|p2b: Toxapex|Infestation|p1b: Kingambit
|-activate|p1b: Kingambit|move: Protect
|
|-weather|SunnyDay|[upkeep]
|-heal|p2b: Toxapex|92/100|[from] item: Leftovers
|upkeep
|turn|5
|
|t:|1784064456
|move|p1b: Kingambit|Sucker Punch|p2a: Charizard
|-damage|p2a: Charizard|48/100
|move|p2a: Charizard|Heat Wave|p1a: Dragonite|[spread] p1a,p1b
|-resisted|p1a: Dragonite|1
|-supereffective|p1b: Kingambit|1
|-damage|p1a: Dragonite|46/100
|-damage|p1b: Kingambit|0 fnt
|faint|p1b: Kingambit
|move|p1a: Dragonite|Dragon Claw|p2a: Charizard
|-damage|p2a: Charizard|0 fnt
|faint|p2a: Charizard
|-damage|p1a: Dragonite|37/100|[from] item: Life Orb
|move|p2b: Toxapex|Infestation|p1a: Dragonite
|-resisted|p1a: Dragonite|1
|-damage|p1a: Dragonite|36/100
|-activate|p1a: Dragonite|move: Infestation|[of] p2b: Toxapex
|
|-weather|SunnyDay|[upkeep]
|-heal|p2b: Toxapex|98/100|[from] item: Leftovers
|-damage|p1a: Dragonite|23/100|[from] move: Infestation|[partiallytrapped]
|upkeep
|
|t:|1784064464
|switch|p2a: Incineroar|Incineroar, L50, F|62/100
|switch|p1b: Blaziken|Blaziken-Mega, L50, M|82/100 tox
|-ability|p2a: Incineroar|Intimidate|boost
|-fail|p1a: Dragonite|unboost|Attack|[from] ability: Inner Focus|[of] p1a: Dragonite
|-unboost|p1b: Blaziken|atk|1
|turn|6
|
|t:|1784064472
|move|p2a: Incineroar|Fake Out|p1b: Blaziken
|-damage|p1b: Blaziken|68/100 tox
|cant|p1b: Blaziken|flinch
|move|p1a: Dragonite|Dragon Claw|p2b: Toxapex
|-damage|p2b: Toxapex|55/100
|-damage|p1a: Dragonite|14/100|[from] item: Life Orb
|move|p2b: Toxapex|Toxic|p1a: Dragonite
|-status|p1a: Dragonite|tox
|
|-weather|SunnyDay|[upkeep]
|-heal|p2b: Toxapex|61/100|[from] item: Leftovers
|-damage|p1b: Blaziken|62/100 tox|[from] psn
|-damage|p1a: Dragonite|8/100 tox|[from] psn
|-damage|p1a: Dragonite|0 fnt|[from] move: Infestation|[partiallytrapped]
|faint|p1a: Dragonite
|-ability|p1b: Blaziken|Speed Boost|boost
|-boost|p1b: Blaziken|spe|1
|upkeep
|turn|7
|-message|Gayangos forfeited.
|
|win|Gancelot
||Gayangos is ready for game 2.
||Gancelot is ready for game 2.
|uhtml|next|Next: Game 2 of 3
|l|☆Gayangos
|player|p1|
