|j|☆plujaivent
|j|☆MakeIt(C)RAIn
|html|plujaiventMakeIt(C)RAIn    
|uhtml|bestof|Game 3 of a best-of-3
|t:|1756991593
|gametype|doubles
|player|p1|plujaivent|hiker-gen4|1047
|player|p2|MakeIt(C)RAIn|elesa|1098
|gen|9
|tier|[Gen 9] VGC 2025 Reg H (Bo3)
|rated|
|rule|Species Clause: Limit one of each Pokémon
|rule|Item Clause: Limit 1 of each item
|clearpoke
|poke|p1|Archaludon, L50, M|
|poke|p1|Pelipper, L50, F|
|poke|p1|Basculegion, L50, M|
|poke|p1|Amoonguss, L50, M|
|poke|p1|Gholdengo, L50|
|poke|p1|Incineroar, L50, M|
|poke|p2|Whimsicott, L50, M|
|poke|p2|Archaludon, L50, F|
|poke|p2|Pelipper, L50, F|
|poke|p2|Basculegion, L50, M|
|poke|p2|Annihilape, L50, F|
|poke|p2|Sinistcha, L50|
|teampreview|4
|showteam|p1|Archaludon||AssaultVest|Stamina|DragonPulse,ElectroShot,FlashCannon,BodyPress|||M|||50|,,,,,Bug]Pelipper||FocusSash|Drizzle|WeatherBall,Hurricane,Tailwind,Protect|||F|||50|,,,,,Ground]Basculegion||ChoiceBand|SwiftSwim|WaveCrash,LastRespects,AquaJet,FlipTurn|||M|||50|,,,,,Water]Amoonguss||SitrusBerry|Regenerator|PollenPuff,Spore,RagePowder,Protect|||M|||50|,,,,,Fairy]Gholdengo||LifeOrb|GoodasGold|MakeItRain,ShadowBall,NastyPlot,Protect||||||50|,,,,,Water]Incineroar||RockyHelmet|Intimidate|KnockOff,Taunt,PartingShot,FakeOut|||M|||50|,,,,,Ghost
|showteam|p2|Whimsicott||FocusSash|Prankster|BeatUp,LightScreen,Endeavor,Tailwind|||M|||50|,,,,,Dark]Archaludon||AssaultVest|Stamina|BodyPress,ElectroShot,DragonPulse,Snarl|||F|||50|,,,,,Grass]Pelipper||LifeOrb|Drizzle|WeatherBall,Hurricane,WideGuard,Tailwind|||F|||50|,,,,,Grass]Basculegion||ChoiceScarf|SwiftSwim|LastRespects,FlipTurn,AquaJet,WaveCrash|||M|||50|,,,,,Water]Annihilape||Leftovers|Defiant|DrainPunch,RageFist,Taunt,Protect|||F|||50|,,,,,Dark]Sinistcha||SitrusBerry|Hospitality|MatchaGotcha,RagePowder,TrickRoom,LifeDew||||||50|,,,,,Water
|
|t:|1756991616
|teamsize|p1|4
|teamsize|p2|4
|start
|switch|p1a: Pelipper|Pelipper, L50, F|100/100
|switch|p1b: Archaludon|Archaludon, L50, M|100/100
|switch|p2a: Archaludon|Archaludon, L50, F|100/100
|switch|p2b: Whimsicott|Whimsicott, L50, M, shiny|100/100
|-weather|RainDance|[from] ability: Drizzle|[of] p1a: Pelipper
|turn|1
|
|t:|1756991628
|move|p2b: Whimsicott|Light Screen|p2b: Whimsicott
|-sidestart|p2: MakeIt(C)RAIn|move: Light Screen
|move|p1a: Pelipper|Hurricane|p2b: Whimsicott
|-supereffective|p2b: Whimsicott
|-damage|p2b: Whimsicott|24/100
|-start|p2b: Whimsicott|confusion
|move|p1b: Archaludon|Electro Shot||[still]
|-prepare|p1b: Archaludon|Electro Shot
|-boost|p1b: Archaludon|spa|1
|-anim|p1b: Archaludon|Electro Shot|p2b: Whimsicott
|-resisted|p2b: Whimsicott
|-damage|p2b: Whimsicott|0 fnt
|faint|p2b: Whimsicott
|move|p2a: Archaludon|Snarl|p1b: Archaludon|[spread] p1a,p1b
|-damage|p1a: Pelipper|76/100
|-damage|p1b: Archaludon|89/100
|-unboost|p1a: Pelipper|spa|1
|-unboost|p1b: Archaludon|spa|1
|-ability|p1b: Archaludon|Stamina|boost
|-boost|p1b: Archaludon|def|1
|
|-weather|RainDance|[upkeep]
|upkeep
|
|t:|1756991654
|switch|p2b: Basculegion|Basculegion, L50, M|100/100
|turn|2
|inactive|Battle timer is ON: inactive players will automatically lose when time's up. (requested by plujaivent)
|
|t:|1756991700
|move|p2b: Basculegion|Flip Turn|p1b: Archaludon
|-resisted|p1b: Archaludon
|-damage|p1b: Archaludon|77/100
|-ability|p1b: Archaludon|Stamina|boost
|-boost|p1b: Archaludon|def|1
|
|t:|1756991704
|switch|p2b: Annihilape|Annihilape, L50, F, shiny|100/100|[from] Flip Turn
|move|p1a: Pelipper|Tailwind|p1a: Pelipper
|-sidestart|p1: plujaivent|move: Tailwind
|move|p1b: Archaludon|Electro Shot||[still]
|-prepare|p1b: Archaludon|Electro Shot
|-boost|p1b: Archaludon|spa|1
|-anim|p1b: Archaludon|Electro Shot|p2b: Annihilape
|-damage|p2b: Annihilape|69/100
|move|p2a: Archaludon|Electro Shot||[still]
|-prepare|p2a: Archaludon|Electro Shot
|-boost|p2a: Archaludon|spa|1
|-anim|p2a: Archaludon|Electro Shot|p1a: Pelipper
|-supereffective|p1a: Pelipper
|-damage|p1a: Pelipper|0 fnt
|faint|p1a: Pelipper
|
|-weather|RainDance|[upkeep]
|-heal|p2b: Annihilape|75/100|[from] item: Leftovers
|upkeep
|
|t:|1756991719
|switch|p1a: Gholdengo|Gholdengo, L50|100/100
|turn|3
|
|t:|1756991730
|-terastallize|p1a: Gholdengo|Water
|-terastallize|p2b: Annihilape|Dark
|move|p1a: Gholdengo|Nasty Plot|p1a: Gholdengo
|-boost|p1a: Gholdengo|spa|2
|move|p1b: Archaludon|Electro Shot||[still]
|-prepare|p1b: Archaludon|Electro Shot
|-boost|p1b: Archaludon|spa|1
|-anim|p1b: Archaludon|Electro Shot|p2b: Annihilape
|-damage|p2b: Annihilape|28/100
|move|p2b: Annihilape|Rage Fist|p1a: Gholdengo
|-crit|p1a: Gholdengo
|-damage|p1a: Gholdengo|0 fnt
|faint|p1a: Gholdengo
|move|p2a: Archaludon|Dragon Pulse|p1b: Archaludon
|-damage|p1b: Archaludon|22/100
|-ability|p1b: Archaludon|Stamina|boost
|-boost|p1b: Archaludon|def|1
|
|-weather|RainDance|[upkeep]
|-heal|p2b: Annihilape|34/100|[from] item: Leftovers
|upkeep
|
|t:|1756991748
|switch|p1a: Basculegion|Basculegion, L50, M|100/100
|turn|4
|
|t:|1756991768
|move|p2b: Annihilape|Protect|p2b: Annihilape
|-singleturn|p2b: Annihilape|Protect
|move|p1a: Basculegion|Last Respects|p2a: Archaludon
|-damage|p2a: Archaludon|30/100
|-ability|p2a: Archaludon|Stamina|boost
|-boost|p2a: Archaludon|def|1
|move|p1b: Archaludon|Electro Shot||[still]
|-prepare|p1b: Archaludon|Electro Shot
|-boost|p1b: Archaludon|spa|1
|-anim|p1b: Archaludon|Electro Shot|p2a: Archaludon
|-resisted|p2a: Archaludon
|-crit|p2a: Archaludon
|-damage|p2a: Archaludon|0 fnt
|faint|p2a: Archaludon
|
|-weather|RainDance|[upkeep]
|-heal|p2b: Annihilape|40/100|[from] item: Leftovers
|upkeep
|
|t:|1756991782
|switch|p2a: Basculegion|Basculegion, L50, M|100/100
|turn|5
|inactive|MakeIt(C)RAIn has 30 seconds left.
|inactive|MakeIt(C)RAIn has 20 seconds left.
|inactive|MakeIt(C)RAIn has 15 seconds left.
|inactive|MakeIt(C)RAIn has 10 seconds left.
|
|t:|1756991828
|move|p1a: Basculegion|Last Respects|p2a: Basculegion
|-supereffective|p2a: Basculegion
|-damage|p2a: Basculegion|0 fnt
|faint|p2a: Basculegion
|move|p1b: Archaludon|Electro Shot||[still]
|-prepare|p1b: Archaludon|Electro Shot
|-boost|p1b: Archaludon|spa|1
|-anim|p1b: Archaludon|Electro Shot|p2b: Annihilape
|-damage|p2b: Annihilape|0 fnt
|faint|p2b: Annihilape
|
|win|plujaivent
|raw|plujaivent's rating: 1047 → 1085(+38 for winning)
|raw|MakeIt(C)RAIn's rating: 1098 → 1070(-28 for losing)
|l|☆MakeIt(C)RAIn
|player|p2|
