|j|☆puli95
|j|☆Chandeliere
|html|puli95Chandeliere    
|uhtml|bestof|Game 1 of a best-of-3
|t:|1756689646
|gametype|doubles
|player|p1|puli95|170|1111
|player|p2|Chandeliere|ethan|1231
|gen|9
|tier|[Gen 9] VGC 2025 Reg H (Bo3)
|rated|
|rule|Species Clause: Limit one of each Pokémon
|rule|Item Clause: Limit 1 of each item
|clearpoke
|poke|p1|Drifblim, L50, F|
|poke|p1|Sneasler, L50, F|
|poke|p1|Incineroar, L50, M|
|poke|p1|Dragonite, L50, M|
|poke|p1|Serperior, L50, F|
|poke|p1|Smeargle, L50, F|
|poke|p2|Ninetales-Alola, L50, F|
|poke|p2|Gholdengo, L50|
|poke|p2|Garchomp, L50, M|
|poke|p2|Incineroar, L50, F|
|poke|p2|Sneasler, L50, F|
|poke|p2|Corviknight, L50, F|
|teampreview|4
|showteam|p1|Drifblim||FlameOrb|FlareBoost|ShadowBall,AirSlash,Trick,Protect|||F|||50|,,,,,Ghost]Sneasler||WhiteHerb|Unburden|CloseCombat,DireClaw,ThroatChop,Protect|||F|||50|,,,,,Dark]Incineroar||SafetyGoggles|Intimidate|KnockOff,FlareBlitz,FakeOut,PartingShot|||M|||50|,,,,,Bug]Dragonite||LoadedDice|InnerFocus|ScaleShot,ExtremeSpeed,Haze,Protect|||M|||50|,,,,,Normal]Serperior||AssaultVest|Contrary|LeafStorm,DragonPulse,TeraBlast,GrassKnot|||F|||50|,,,,,Fire]Smeargle||FocusSash|Moody|FakeOut,FollowMe,Spore,SpikyShield|||F|||50|,,,,,Dark
|showteam|p2|Ninetales-Alola||LightClay|SnowWarning|AuroraVeil,Blizzard,FreezeDry,Protect|||F|||50|,,,,,Ghost]Gholdengo||LifeOrb|GoodasGold|MakeItRain,ShadowBall,NastyPlot,Protect||||||50|,,,,,Water]Garchomp||ClearAmulet|RoughSkin|Earthquake,StompingTantrum,DragonClaw,Protect|||M|||50|,,,,,Ground]Incineroar||SafetyGoggles|Intimidate|FakeOut,KnockOff,FlareBlitz,PartingShot|||F|||50|,,,,,Ghost]Sneasler||WhiteHerb|Unburden|Coaching,CloseCombat,DireClaw,Protect|||F|||50|,,,,,Ghost]Corviknight||SitrusBerry|MirrorArmor|BodyPress,BraveBird,Tailwind,Protect|||F|||50|,,,,,Fire
|
|t:|1756689733
|teamsize|p1|4
|teamsize|p2|4
|start
|switch|p1a: Drifblim|Drifblim, L50, F|100/100
|switch|p1b: Smeargle|Smeargle, L50, F|100/100
|switch|p2a: Sneasler|Sneasler, L50, F|100/100
|switch|p2b: Garchomp|Garchomp, L50, M|100/100
|turn|1
|
|t:|1756689755
|move|p2a: Sneasler|Protect|p2a: Sneasler
|-singleturn|p2a: Sneasler|Protect
|move|p2b: Garchomp|Protect|p2b: Garchomp
|-singleturn|p2b: Garchomp|Protect
|move|p1b: Smeargle|Spiky Shield|p1b: Smeargle
|-singleturn|p1b: Smeargle|move: Protect
|move|p1a: Drifblim|Protect||[still]
|-fail|p1a: Drifblim
|
|-ability|p1b: Smeargle|Moody|boost
|-boost|p1b: Smeargle|spa|2
|-unboost|p1b: Smeargle|spe|1
|-status|p1a: Drifblim|brn|[from] item: Flame Orb
|upkeep
|turn|2
|
|t:|1756689781
|switch|p2a: Incineroar|Incineroar, L50, F|100/100
|-ability|p2a: Incineroar|Intimidate|boost
|-unboost|p1a: Drifblim|atk|1
|-unboost|p1b: Smeargle|atk|1
|move|p1b: Smeargle|Follow Me|p1b: Smeargle
|-singleturn|p1b: Smeargle|move: Follow Me
|move|p2b: Garchomp|Dragon Claw|p1b: Smeargle
|-damage|p1b: Smeargle|5/100
|move|p1a: Drifblim|Trick|p2b: Garchomp
|-activate|p1a: Drifblim|move: Trick|[of] p2b: Garchomp
|-item|p2b: Garchomp|Flame Orb|[from] move: Trick
|-item|p1a: Drifblim|Clear Amulet|[from] move: Trick
|
|-damage|p1a: Drifblim|95/100 brn|[from] brn
|-status|p2b: Garchomp|brn|[from] item: Flame Orb
|-ability|p1b: Smeargle|Moody|boost
|-boost|p1b: Smeargle|spd|2
|-unboost|p1b: Smeargle|spe|1
|upkeep
|turn|3
|
|t:|1756689813
|switch|p1b: Incineroar|Incineroar, L50, M|100/100
|-ability|p1b: Incineroar|Intimidate|boost
|-unboost|p2a: Incineroar|atk|1
|-unboost|p2b: Garchomp|atk|1
|move|p2b: Garchomp|Dragon Claw|p1b: Incineroar
|-damage|p1b: Incineroar|90/100
|move|p1a: Drifblim|Air Slash|p2a: Incineroar
|-damage|p2a: Incineroar|60/100
|move|p2a: Incineroar|Knock Off|p1a: Drifblim
|-supereffective|p1a: Drifblim
|-damage|p1a: Drifblim|28/100 brn
|-enditem|p1a: Drifblim|Clear Amulet|[from] move: Knock Off|[of] p2a: Incineroar
|
|-damage|p2b: Garchomp|95/100 brn|[from] brn
|-damage|p1a: Drifblim|22/100 brn|[from] brn
|upkeep
|turn|4
|inactive|Battle timer is ON: inactive players will automatically lose when time's up. (requested by Chandeliere)
|inactive|puli95 has 60 seconds left.
|inactive|puli95 has 30 seconds left.
|inactive|puli95 has 20 seconds left.
|inactive|puli95 has 15 seconds left.
|inactive|puli95 has 10 seconds left.
|inactive|puli95 has 5 seconds left.
|
|t:|1756689953
|move|p2b: Garchomp|Dragon Claw|p1a: Drifblim
|-damage|p1a: Drifblim|4/100 brn
|move|p1a: Drifblim|Shadow Ball|p2a: Incineroar
|-resisted|p2a: Incineroar
|-damage|p2a: Incineroar|41/100
|move|p1b: Incineroar|Knock Off|p2b: Garchomp
|-damage|p2b: Garchomp|59/100 brn
|-damage|p1b: Incineroar|77/100|[from] ability: Rough Skin|[of] p2b: Garchomp
|-enditem|p2b: Garchomp|Flame Orb|[from] move: Knock Off|[of] p1b: Incineroar
|move|p2a: Incineroar|Knock Off|p1a: Drifblim
|-supereffective|p1a: Drifblim
|-damage|p1a: Drifblim|0 fnt
|faint|p1a: Drifblim
|
|-damage|p2b: Garchomp|53/100 brn|[from] brn
|upkeep
|
|t:|1756689973
|switch|p1a: Sneasler|Sneasler, L50, F|100/100
|turn|5
|
|t:|1756689995
|move|p1a: Sneasler|Close Combat|p2a: Incineroar
|-supereffective|p2a: Incineroar
|-damage|p2a: Incineroar|0 fnt
|-unboost|p1a: Sneasler|def|1
|-unboost|p1a: Sneasler|spd|1
|faint|p2a: Incineroar
|-enditem|p1a: Sneasler|White Herb
|-clearnegativeboost|p1a: Sneasler|[silent]
|move|p2b: Garchomp|Stomping Tantrum|p1a: Sneasler
|-supereffective|p1a: Sneasler
|-damage|p1a: Sneasler|59/100
|move|p1b: Incineroar|Parting Shot|p2b: Garchomp
|-unboost|p2b: Garchomp|atk|1
|-unboost|p2b: Garchomp|spa|1
|
|t:|1756690011
|switch|p1b: Smeargle|Smeargle, L50, F|5/100|[from] Parting Shot
|
|-damage|p2b: Garchomp|47/100 brn|[from] brn
|-ability|p1b: Smeargle|Moody|boost
|-boost|p1b: Smeargle|atk|2
|-unboost|p1b: Smeargle|spe|1
|upkeep
|
|t:|1756690018
|switch|p2a: Gholdengo|Gholdengo, L50|100/100
|turn|6
|inactive|puli95 has 30 seconds left.
|
|t:|1756690047
|-terastallize|p1a: Sneasler|Dark
|-terastallize|p2a: Gholdengo|Water
|move|p1b: Smeargle|Fake Out|p2b: Garchomp
|-damage|p2b: Garchomp|35/100 brn
|-damage|p1b: Smeargle|0 fnt|[from] ability: Rough Skin|[of] p2b: Garchomp
|faint|p1b: Smeargle
|move|p1a: Sneasler|Throat Chop|p2a: Gholdengo
|-damage|p2a: Gholdengo|59/100
|-start|p2a: Gholdengo|Throat Chop|[silent]
|cant|p2b: Garchomp|flinch
|move|p2a: Gholdengo|Make It Rain|p1a: Sneasler
|-damage|p1a: Sneasler|0 fnt
|-unboost|p2a: Gholdengo|spa|1
|faint|p1a: Sneasler
|-damage|p2a: Gholdengo|50/100|[from] item: Life Orb
|
|-damage|p2b: Garchomp|29/100 brn|[from] brn
|upkeep
|
|t:|1756690065
|switch|p1b: Incineroar|Incineroar, L50, M|77/100
|-ability|p1b: Incineroar|Intimidate|boost
|-unboost|p2a: Gholdengo|atk|1
|-unboost|p2b: Garchomp|atk|1
|turn|7
|
|t:|1756690073
|switch|p2a: Sneasler|Sneasler, L50, F|100/100
|move|p2b: Garchomp|Stomping Tantrum|p1b: Incineroar
|-supereffective|p1b: Incineroar
|-damage|p1b: Incineroar|55/100
|move|p1b: Incineroar|Knock Off|p2a: Sneasler
|-resisted|p2a: Sneasler
|-damage|p2a: Sneasler|75/100
|-enditem|p2a: Sneasler|White Herb|[from] move: Knock Off|[of] p1b: Incineroar
|
|-damage|p2b: Garchomp|23/100 brn|[from] brn
|upkeep
|turn|8
|
|t:|1756690089
|move|p2a: Sneasler|Close Combat|p1b: Incineroar
|-supereffective|p1b: Incineroar
|-damage|p1b: Incineroar|0 fnt
|-unboost|p2a: Sneasler|def|1
|-unboost|p2a: Sneasler|spd|1
|faint|p1b: Incineroar
|
|win|Chandeliere
||puli95 is ready for game 2.
||Chandeliere is ready for game 2.
|uhtml|next|Next: Game 2 of 3
|l|☆puli95
|player|p1|
