|j|☆int shadowbtl
|j|☆INT JAGUARR
|html|int shadowbtlINT JAGUARR    
|uhtml|bestof|Game 3 of a best-of-3
|t:|1784505683
|gametype|doubles
|player|p1|int shadowbtl|266|
|player|p2|INT JAGUARR|ethan|
|gen|9
|tier|[Gen 9 Champions] VGC 2026 Reg M-B (Bo3)
|rule|Species Clause: Limit one of each Pokémon
|rule|Item Clause: Limit 1 of each item
|clearpoke
|poke|p1|Blaziken, L50, M|
|poke|p1|Aerodactyl, L50, F|
|poke|p1|Kingambit, L50, M|
|poke|p1|Basculegion, L50, M|
|poke|p1|Sylveon, L50, F|
|poke|p1|Torkoal, L50, M|
|poke|p2|Gardevoir, L50, F, shiny|
|poke|p2|Maushold, L50, shiny|
|poke|p2|Kingambit, L50, F, shiny|
|poke|p2|Talonflame, L50, M|
|poke|p2|Basculegion, L50, M|
|poke|p2|Kommo-o, L50, M|
|teampreview|4
|showteam|p1|Blaziken||Blazikenite|SpeedBoost|FlareBlitz,CloseCombat,Protect,RockSlide|Adamant||M|||50|]Aerodactyl||Aerodactylite|Unnerve|RockSlide,DualWingbeat,IceFang,Tailwind|Jolly||F|||50|]Kingambit||LifeOrb|Defiant|KowtowCleave,Protect,IronHead,SuckerPunch|Adamant||M|||50|]Basculegion||FocusSash|Adaptability|Liquidation,Protect,LastRespects,AquaJet|Adamant||M|||50|]Sylveon||FairyFeather|Pixilate|HyperVoice,Moonblast,QuickAttack,Protect|Modest||F|||50|]Torkoal||Leftovers|Drought|BurningJealousy,WeatherBall,Protect,Yawn|Relaxed||M|||50|
|showteam|p2|Gardevoir||Gardevoirite|Trace|HyperVoice,Protect,VacuumWave,Psyshock|Modest||F|||50|]Maushold||FocusSash|FriendGuard|FollowMe,Protect,Taunt,SuperFang|Timid|||||50|]Kingambit||BlackGlasses|Defiant|KowtowCleave,Protect,LowKick,SuckerPunch|Adamant||F|||50|]Talonflame||SharpBeak|GaleWings|BraveBird,Protect,Tailwind,QuickGuard|Adamant||M|||50|]Basculegion||ChoiceScarf|Adaptability|WaveCrash,FlipTurn,AquaJet,LastRespects|Jolly||M|||50|]Kommo-o||LifeOrb|Soundproof|ClangingScales,AuraSphere,DracoMeteor,Protect|Modest||M|||50|
|inactive|Battle timer is ON: inactive players will automatically lose when time's up. (requested by INT JAGUARR)
|
|t:|1784505701
|teamsize|p1|4
|teamsize|p2|4
|start
|switch|p1a: Aerodactyl|Aerodactyl, L50, F|100/100
|switch|p1b: Kingambit|Kingambit, L50, M|100/100
|switch|p2a: Gardevoir|Gardevoir, L50, F, shiny|100/100
|switch|p2b: Maushold|Maushold, L50, shiny|100/100
|-ability|p1a: Aerodactyl|Unnerve
|-ability|p2a: Gardevoir|Unnerve|Trace|[from] ability: Trace|[of] p1a: Aerodactyl
|-ability|p2a: Gardevoir|Unnerve
|turn|1
|inactive|int shadowbtl has 30 seconds left.
|
|t:|1784505730
|switch|p1b: Sylveon|Sylveon, L50, F|100/100
|detailschange|p1a: Aerodactyl|Aerodactyl-Mega, L50, F
|-mega|p1a: Aerodactyl|Aerodactyl|Aerodactylite
|move|p2a: Gardevoir|Protect|p2a: Gardevoir
|-singleturn|p2a: Gardevoir|Protect
|move|p1a: Aerodactyl|Tailwind|p1a: Aerodactyl
|-sidestart|p1: int shadowbtl|move: Tailwind
|move|p2b: Maushold|Super Fang|p1b: Sylveon
|-damage|p1b: Sylveon|50/100y
|
|upkeep
|turn|2
|inactive|INT JAGUARR has 30 seconds left.
|
|t:|1784505756
|detailschange|p2a: Gardevoir|Gardevoir-Mega, L50, F, shiny
|-mega|p2a: Gardevoir|Gardevoir|Gardevoirite
|move|p2b: Maushold|Protect|p2b: Maushold
|-singleturn|p2b: Maushold|Protect
|move|p1a: Aerodactyl|Rock Slide|p2a: Gardevoir|[spread] p2a
|-activate|p2b: Maushold|move: Protect
|-damage|p2a: Gardevoir|64/100
|move|p1b: Sylveon|Hyper Voice|p2a: Gardevoir|[spread] p2a
|-activate|p2b: Maushold|move: Protect
|-damage|p2a: Gardevoir|26/100
|move|p2a: Gardevoir|Hyper Voice|p1a: Aerodactyl|[spread] p1a,p1b
|-damage|p1a: Aerodactyl|36/100
|-damage|p1b: Sylveon|6/100
|
|upkeep
|turn|3
|inactive|INT JAGUARR has 30 seconds left.
|
|t:|1784505784
|switch|p2b: Kingambit|Kingambit, L50, F, shiny|100/100
|move|p2a: Gardevoir|Protect|p2a: Gardevoir
|-singleturn|p2a: Gardevoir|Protect
|move|p1a: Aerodactyl|Rock Slide|p2b: Kingambit|[spread] p2b
|-activate|p2a: Gardevoir|move: Protect
|-resisted|p2b: Kingambit|1
|-damage|p2b: Kingambit|89/100
|move|p1b: Sylveon|Hyper Voice|p2a: Gardevoir|[spread] p2b
|-activate|p2a: Gardevoir|move: Protect
|-damage|p2b: Kingambit|32/100
|
|upkeep
|turn|4
|inactive|int shadowbtl has 30 seconds left.
|inactive|int shadowbtl has 20 seconds left.
|inactive|INT JAGUARR has 30 seconds left.
|
|t:|1784505825
|switch|p2a: Maushold|Maushold, L50, shiny|100/100
|move|p2b: Kingambit|Sucker Punch|p1a: Aerodactyl
|-damage|p1a: Aerodactyl|0 fnt
|faint|p1a: Aerodactyl
|move|p1b: Sylveon|Hyper Voice|p2a: Maushold|[spread] p2a,p2b
|-damage|p2a: Maushold|43/100
|-damage|p2b: Kingambit|0 fnt
|faint|p2b: Kingambit
|
|-sideend|p1: int shadowbtl|move: Tailwind
|upkeep
|
|t:|1784505840
|switch|p1a: Kingambit|Kingambit, L50, M|100/100
|switch|p2b: Gardevoir|Gardevoir-Mega, L50, F, shiny|26/100
|turn|5
|
|t:|1784505855
|move|p2a: Maushold|Follow Me|p2a: Maushold
|-singleturn|p2a: Maushold|move: Follow Me
|move|p2b: Gardevoir|Hyper Voice|p1a: Kingambit|[spread] p1a,p1b
|-damage|p1a: Kingambit|44/100
|-damage|p1b: Sylveon|0 fnt
|faint|p1b: Sylveon
|move|p1a: Kingambit|Iron Head|p2a: Maushold
|-damage|p2a: Maushold|0 fnt
|faint|p2a: Maushold
|-damage|p1a: Kingambit|34/100|[from] item: Life Orb
|
|upkeep
|
|t:|1784505864
|switch|p2a: Basculegion|Basculegion, L50, M|100/100
|switch|p1b: Basculegion|Basculegion, L50, M|100/100
|turn|6
|inactive|int shadowbtl has 30 seconds left.
|
|t:|1784505896
|move|p2b: Gardevoir|Vacuum Wave|p1a: Kingambit
|-supereffective|p1a: Kingambit|2
|-damage|p1a: Kingambit|0 fnt
|faint|p1a: Kingambit
|move|p2a: Basculegion|Last Respects|p1b: Basculegion
|-supereffective|p1b: Basculegion|1
|-enditem|p1b: Basculegion|Focus Sash
|-damage|p1b: Basculegion|1/100
|move|p1b: Basculegion|Last Respects|p2a: Basculegion
|-supereffective|p2a: Basculegion|1
|-damage|p2a: Basculegion|0 fnt
|faint|p2a: Basculegion
|
|upkeep
|turn|7
|
|t:|1784505908
|move|p2b: Gardevoir|Protect|p2b: Gardevoir
|-singleturn|p2b: Gardevoir|Protect
|move|p1b: Basculegion|Aqua Jet|p2b: Gardevoir
|-activate|p2b: Gardevoir|move: Protect
|
|upkeep
|turn|8
|
|t:|1784505916
|move|p1b: Basculegion|Aqua Jet|p2b: Gardevoir
|-damage|p2b: Gardevoir|0 fnt
|faint|p2b: Gardevoir
|
|win|int shadowbtl
|l|☆INT JAGUARR
|player|p2|
