|j|☆Aircross360
|j|☆wc123456789
|html|Aircross360wc123456789    
|uhtml|bestof|Game 2 of a best-of-3
|t:|1756411927
|gametype|doubles
|player|p1|Aircross360|169|1084
|player|p2|wc123456789|1|1046
|gen|9
|tier|[Gen 9] VGC 2025 Reg H (Bo3)
|rated|
|rule|Species Clause: Limit one of each Pokémon
|rule|Item Clause: Limit 1 of each item
|clearpoke
|poke|p1|Annihilape, L50, M|
|poke|p1|Gholdengo, L50|
|poke|p1|Dragonite, L50, F|
|poke|p1|Ninetales-Alola, L50, M|
|poke|p1|Magmar, L50, F|
|poke|p1|Ursaluna-Bloodmoon, L50, M|
|poke|p2|Archaludon, L50, F|
|poke|p2|Maushold, L50|
|poke|p2|Annihilape, L50, M|
|poke|p2|Pelipper, L50, M|
|poke|p2|Incineroar, L50, M|
|poke|p2|Dragonite, L50, F|
|teampreview|4
|showteam|p1|Annihilape||SafetyGoggles|Defiant|DrainPunch,RageFist,BulkUp,Protect|||M|||50|,,,,,Water]Gholdengo||MetalCoat|GoodasGold|MakeItRain,ShadowBall,NastyPlot,Protect||||||50|,,,,,Dragon]Dragonite||LoadedDice|Multiscale|ScaleShot,ExtremeSpeed,Tailwind,Protect|||F|||50|,,,,,Fairy]Ninetales-Alola||LightClay|SnowWarning|Blizzard,Encore,IceShard,AuroraVeil|||M|||50|,,,,,Ghost]Magmar||Eviolite|FlameBody|Overheat,FollowMe,Protect,ClearSmog|||F|||50|,,,,,Ghost]Ursaluna-Bloodmoon||AssaultVest|MindsEye|BloodMoon,EarthPower,HyperVoice,VacuumWave|||M|||50|,,,,,Water
|showteam|p2|Archaludon||AssaultVest|Stamina|BodyPress,DragonPulse,FlashCannon,ElectroShot|||F|||50|,,,,,Grass]Maushold||WideLens|FriendGuard|FollowMe,PopulationBomb,Protect,BeatUp||||||50|,,,,,Normal]Annihilape||SafetyGoggles|Defiant|BulkUp,DrainPunch,RageFist,Protect|||M|||50|,,,,,Water]Pelipper||FocusSash|Drizzle|WeatherBall,Hurricane,Tailwind,Protect|||M|||50|,,,,,Flying]Incineroar||RockyHelmet|Blaze|Uturn,KnockOff,FireBlast,WillOWisp|||M|||50|,,,,,Ghost]Dragonite||LoadedDice|InnerFocus|ScaleShot,ExtremeSpeed,Haze,Protect|||F|||50|,,,,,Fairy
|
|t:|1756411966
|teamsize|p1|4
|teamsize|p2|4
|start
|switch|p1a: Magmar|Magmar, L50, F|100/100
|switch|p1b: Annihilape|Annihilape, L50, M|100/100
|switch|p2a: Incineroar|Incineroar, L50, M|100/100
|switch|p2b: Annihilape|Annihilape, L50, M|100/100
|turn|1
|
|t:|1756411999
|-terastallize|p1b: Annihilape|Water
|-terastallize|p2b: Annihilape|Water
|move|p1a: Magmar|Follow Me|p1a: Magmar
|-singleturn|p1a: Magmar|move: Follow Me
|move|p2b: Annihilape|Bulk Up|p2b: Annihilape
|-boost|p2b: Annihilape|atk|1
|-boost|p2b: Annihilape|def|1
|move|p1b: Annihilape|Bulk Up|p1b: Annihilape
|-boost|p1b: Annihilape|atk|1
|-boost|p1b: Annihilape|def|1
|move|p2a: Incineroar|Knock Off|p1a: Magmar
|-damage|p1a: Magmar|67/100
|-enditem|p1a: Magmar|Eviolite|[from] move: Knock Off|[of] p2a: Incineroar
|
|upkeep
|turn|2
|
|t:|1756412023
|move|p1a: Magmar|Protect|p1a: Magmar
|-singleturn|p1a: Magmar|Protect
|move|p2b: Annihilape|Bulk Up|p2b: Annihilape
|-boost|p2b: Annihilape|atk|1
|-boost|p2b: Annihilape|def|1
|move|p1b: Annihilape|Drain Punch|p2a: Incineroar
|-supereffective|p2a: Incineroar
|-damage|p2a: Incineroar|11/100
|-damage|p1b: Annihilape|84/100|[from] item: Rocky Helmet|[of] p2a: Incineroar
|move|p2a: Incineroar|Will-O-Wisp|p1b: Annihilape
|-status|p1b: Annihilape|brn
|
|-damage|p1b: Annihilape|78/100 brn|[from] brn
|upkeep
|turn|3
|
|t:|1756412062
|move|p2b: Annihilape|Drain Punch|p1a: Magmar
|-damage|p1a: Magmar|3/100
|-status|p2b: Annihilape|brn|[from] ability: Flame Body|[of] p1a: Magmar
|move|p1b: Annihilape|Bulk Up|p1b: Annihilape
|-boost|p1b: Annihilape|atk|1
|-boost|p1b: Annihilape|def|1
|move|p1a: Magmar|Clear Smog|p2b: Annihilape
|-damage|p2b: Annihilape|90/100 brn
|-clearboost|p2b: Annihilape
|move|p2a: Incineroar|Knock Off|p1b: Annihilape
|-damage|p1b: Annihilape|53/100 brn
|-enditem|p1b: Annihilape|Safety Goggles|[from] move: Knock Off|[of] p2a: Incineroar
|
|-damage|p2b: Annihilape|84/100 brn|[from] brn
|-damage|p1b: Annihilape|47/100 brn|[from] brn
|upkeep
|turn|4
|
|t:|1756412088
|move|p1a: Magmar|Follow Me|p1a: Magmar
|-singleturn|p1a: Magmar|move: Follow Me
|move|p2b: Annihilape|Bulk Up|p2b: Annihilape
|-boost|p2b: Annihilape|atk|1
|-boost|p2b: Annihilape|def|1
|move|p1b: Annihilape|Drain Punch|p2a: Incineroar
|-supereffective|p2a: Incineroar
|-damage|p2a: Incineroar|0 fnt
|-heal|p1b: Annihilape|52/100 brn|[from] drain|[of] p2a: Incineroar
|-damage|p1b: Annihilape|36/100 brn|[from] item: Rocky Helmet|[of] p2a: Incineroar
|faint|p2a: Incineroar
|
|-damage|p2b: Annihilape|78/100 brn|[from] brn
|-damage|p1b: Annihilape|29/100 brn|[from] brn
|upkeep
|
|t:|1756412102
|switch|p2a: Pelipper|Pelipper, L50, M, shiny|100/100
|-weather|RainDance|[from] ability: Drizzle|[of] p2a: Pelipper
|turn|5
|
|t:|1756412126
|move|p1a: Magmar|Follow Me|p1a: Magmar
|-singleturn|p1a: Magmar|move: Follow Me
|move|p2b: Annihilape|Drain Punch|p1a: Magmar
|-damage|p1a: Magmar|0 fnt
|-heal|p2b: Annihilape|79/100 brn|[from] drain|[of] p1a: Magmar
|faint|p1a: Magmar
|move|p1b: Annihilape|Rage Fist|p2b: Annihilape
|-damage|p2b: Annihilape|52/100 brn
|move|p2a: Pelipper|Hurricane|p1b: Annihilape
|-damage|p1b: Annihilape|0 fnt
|faint|p1b: Annihilape
|
|-weather|RainDance|[upkeep]
|-damage|p2b: Annihilape|46/100 brn|[from] brn
|upkeep
|
|t:|1756412137
|switch|p1b: Ninetales|Ninetales-Alola, L50, M|100/100
|switch|p1a: Gholdengo|Gholdengo, L50|100/100
|-weather|Snowscape|[from] ability: Snow Warning|[of] p1b: Ninetales
|turn|6
|
|t:|1756412163
|move|p2b: Annihilape|Protect|p2b: Annihilape
|-singleturn|p2b: Annihilape|Protect
|move|p1b: Ninetales|Encore|p2b: Annihilape
|-activate|p2b: Annihilape|move: Protect
|move|p1a: Gholdengo|Shadow Ball|p2a: Pelipper
|-damage|p2a: Pelipper|46/100
|-unboost|p2a: Pelipper|spd|1
|move|p2a: Pelipper|Tailwind|p2a: Pelipper
|-sidestart|p2: wc123456789|move: Tailwind
|
|-weather|Snowscape|[upkeep]
|-damage|p2b: Annihilape|40/100 brn|[from] brn
|upkeep
|turn|7
|
|t:|1756412209
|switch|p2a: Archaludon|Archaludon, L50, F|100/100
|move|p1a: Gholdengo|Protect|p1a: Gholdengo
|-singleturn|p1a: Gholdengo|Protect
|move|p2b: Annihilape|Rage Fist|p1a: Gholdengo
|-activate|p1a: Gholdengo|move: Protect
|move|p1b: Ninetales|Aurora Veil|p1b: Ninetales
|-sidestart|p1: Aircross360|move: Aurora Veil
|
|-weather|Snowscape|[upkeep]
|-damage|p2b: Annihilape|34/100 brn|[from] brn
|upkeep
|turn|8
|inactive|Battle timer is ON: inactive players will automatically lose when time's up. (requested by wc123456789)
|
|t:|1756412235
|move|p2b: Annihilape|Rage Fist|p1a: Gholdengo
|-supereffective|p1a: Gholdengo
|-damage|p1a: Gholdengo|40/100
|move|p2a: Archaludon|Dragon Pulse|p1a: Gholdengo
|-resisted|p1a: Gholdengo
|-damage|p1a: Gholdengo|25/100
|move|p1b: Ninetales|Blizzard|p2a: Archaludon|[spread] p2a,p2b
|-resisted|p2b: Annihilape
|-damage|p2a: Archaludon|82/100
|-damage|p2b: Annihilape|23/100 brn
|-ability|p2a: Archaludon|Stamina|boost
|-boost|p2a: Archaludon|def|1
|move|p1a: Gholdengo|Shadow Ball|p2a: Archaludon
|-damage|p2a: Archaludon|55/100
|-unboost|p2a: Archaludon|spd|1
|-ability|p2a: Archaludon|Stamina|boost
|-boost|p2a: Archaludon|def|1
|
|-weather|Snowscape|[upkeep]
|-damage|p2b: Annihilape|17/100 brn|[from] brn
|upkeep
|turn|9
|inactive|Aircross360 has 30 seconds left.
|
|t:|1756412269
|move|p1a: Gholdengo|Protect|p1a: Gholdengo
|-singleturn|p1a: Gholdengo|Protect
|move|p2b: Annihilape|Drain Punch|p1b: Ninetales
|-damage|p1b: Ninetales|89/100
|-heal|p2b: Annihilape|21/100 brn|[from] drain|[of] p1b: Ninetales
|move|p2a: Archaludon|Flash Cannon|p1b: Ninetales
|-supereffective|p1b: Ninetales
|-damage|p1b: Ninetales|0 fnt
|faint|p1b: Ninetales
|
|-weather|Snowscape|[upkeep]
|-damage|p2b: Annihilape|15/100 brn|[from] brn
|-sideend|p2: wc123456789|move: Tailwind
|upkeep
|turn|10
|
|t:|1756412290
|move|p2b: Annihilape|Rage Fist|p1a: Gholdengo
|-supereffective|p1a: Gholdengo
|-damage|p1a: Gholdengo|0 fnt
|faint|p1a: Gholdengo
|
|win|wc123456789
||wc123456789 is ready for game 3.
|inactive|Aircross360 has 30 seconds to confirm battle start!
||Aircross360 is ready for game 3.
|uhtml|next|Next: Game 3 of 3
|l|☆Aircross360
|player|p1|
