|j|☆marin le paon
|j|☆benjitulio
|html|marin le paonbenjitulio    
|uhtml|bestof|Game 2 of a best-of-3
|t:|1784225286
|gametype|doubles
|player|p1|marin le paon|169|1249
|player|p2|benjitulio|wattson|1077
|gen|9
|tier|[Gen 9 Champions] VGC 2026 Reg M-B (Bo3)
|rated|
|rule|Species Clause: Limit one of each Pokémon
|rule|Item Clause: Limit 1 of each item
|clearpoke
|poke|p1|Scizor, L50, F|
|poke|p1|Tyranitar, L50, F|
|poke|p1|Rotom-Mow, L50|
|poke|p1|Sylveon, L50, M|
|poke|p1|Volcarona, L50, M|
|poke|p1|Milotic, L50, F|
|poke|p2|Maushold-Four, L50|
|poke|p2|Incineroar, L50, F|
|poke|p2|Metagross, L50|
|poke|p2|Aerodactyl, L50, M|
|poke|p2|Primarina, L50, M|
|poke|p2|Sinistcha, L50|
|teampreview|4
|showteam|p1|Scizor||Scizorite|Technician|BulletPunch,BugBite,SwordsDance,Protect|Adamant||F|||50|]Tyranitar||Tyranitarite|SandStream|RockSlide,Crunch,DragonDance,Protect|Jolly||F|||50|]Rotom-Mow||ExpertBelt|Levitate|Thunderbolt,LeafStorm,Electroweb,Protect|Modest|||||50|]Sylveon||FairyFeather|Pixilate|HyperVoice,HyperBeam,QuickAttack,Detect|Modest||M|||50|]Volcarona||PasshoBerry|FlameBody|Overheat,StruggleBug,RagePowder,Tailwind|Bold||M|||50|]Milotic||Leftovers|Competitive|MuddyWater,Coil,Hypnosis,Protect|Modest||F|||50|
|showteam|p2|Maushold-Four||FocusSash|FriendGuard|FollowMe,RainDance,PopulationBomb,SuperFang|Jolly|||||50|]Incineroar||ChopleBerry|Intimidate|FakeOut,FlareBlitz,PartingShot,DarkestLariat|Impish||F|||50|]Metagross||Metagrossite|ClearBody|IronHead,Protect,PsychicFangs,Earthquake|Adamant|||||50|]Aerodactyl||Aerodactylite|Unnerve|RockSlide,Protect,Tailwind,IceFang|Jolly||M|||50|]Primarina||ChoiceScarf|LiquidVoice|HyperVoice,HydroPump,IcyWind,Moonblast|Modest||M|||50|]Sinistcha||SitrusBerry|Hospitality|MatchaGotcha,LifeDew,ShadowBall,RagePowder|Calm|||||50|
|inactive|Battle timer is ON: inactive players will automatically lose when time's up. (requested by benjitulio)
|inactive|marin le paon has 60 seconds left.
|inactive|benjitulio has 60 seconds left.
|
|t:|1784225343
|teamsize|p1|4
|teamsize|p2|4
|start
|switch|p1a: Scizor|Scizor, L50, F|100/100
|switch|p1b: Milotic|Milotic, L50, F|100/100
|switch|p2a: Sinistcha|Sinistcha, L50|100/100
|switch|p2b: Primarina|Primarina, L50, M|100/100
|turn|1
|
|t:|1784225367
|switch|p2b: Incineroar|Incineroar, L50, F|100/100
|-ability|p2b: Incineroar|Intimidate|boost
|-unboost|p1a: Scizor|atk|1
|-unboost|p1b: Milotic|atk|1
|-ability|p1b: Milotic|Competitive|boost
|-boost|p1b: Milotic|spa|2
|switch|p1b: Rotom|Rotom-Mow, L50|100/100
|detailschange|p1a: Scizor|Scizor-Mega, L50, F
|-mega|p1a: Scizor|Scizor|Scizorite
|move|p1a: Scizor|Swords Dance|p1a: Scizor
|-boost|p1a: Scizor|atk|2
|move|p2a: Sinistcha|Matcha Gotcha|p1a: Scizor|[spread] p1a,p1b
|-resisted|p1a: Scizor|2
|-resisted|p1b: Rotom|1
|-damage|p1a: Scizor|93/100
|-damage|p1b: Rotom|87/100
|-status|p1b: Rotom|brn
|
|-damage|p1b: Rotom|82/100 brn|[from] brn
|upkeep
|turn|2
|inactive|marin le paon has 30 seconds left.
|inactive|benjitulio has 30 seconds left.
|inactive|benjitulio has 20 seconds left.
|
|t:|1784225410
|move|p1b: Rotom|Thunderbolt|p2b: Incineroar
|-damage|p2b: Incineroar|65/100
|move|p2b: Incineroar|Flare Blitz|p1a: Scizor
|-supereffective|p1a: Scizor|2
|-damage|p1a: Scizor|0 fnt
|faint|p1a: Scizor
|-damage|p2b: Incineroar|38/100|[from] Recoil
|move|p2a: Sinistcha|Matcha Gotcha|p1b: Rotom
|-resisted|p1b: Rotom|1
|-damage|p1b: Rotom|63/100 brn
|
|-damage|p1b: Rotom|57/100 brn|[from] brn
|upkeep
|
|t:|1784225422
|switch|p1a: Milotic|Milotic, L50, F|100/100
|turn|3
|
|t:|1784225441
|move|p1b: Rotom|Thunderbolt|p2b: Incineroar
|-damage|p2b: Incineroar|1/100
|move|p1a: Milotic|Coil|p1a: Milotic
|-boost|p1a: Milotic|atk|1
|-boost|p1a: Milotic|def|1
|-boost|p1a: Milotic|accuracy|1
|move|p2b: Incineroar|Flare Blitz|p1b: Rotom
|-supereffective|p1b: Rotom|1
|-damage|p1b: Rotom|0 fnt
|faint|p1b: Rotom
|-damage|p2b: Incineroar|0 fnt|[from] Recoil
|faint|p2b: Incineroar
|move|p2a: Sinistcha|Matcha Gotcha|p1a: Milotic
|-supereffective|p1a: Milotic|1
|-crit|p1a: Milotic
|-damage|p1a: Milotic|31/100
|
|-heal|p1a: Milotic|37/100|[from] item: Leftovers
|upkeep
|
|t:|1784225456
|switch|p1b: Volcarona|Volcarona, L50, M|100/100
|switch|p2b: Metagross|Metagross, L50|100/100
|turn|4
|c|☆marin le paon|Fast inci...
|
|t:|1784225471
|detailschange|p2b: Metagross|Metagross-Mega, L50
|-mega|p2b: Metagross|Metagross|Metagrossite
|move|p1a: Milotic|Protect|p1a: Milotic
|-singleturn|p1a: Milotic|Protect
|move|p2b: Metagross|Earthquake|p1a: Milotic|[spread] p2a,p1b
|-activate|p1a: Milotic|move: Protect
|-resisted|p2a: Sinistcha|1
|-damage|p2a: Sinistcha|85/100
|-damage|p1b: Volcarona|73/100
|move|p1b: Volcarona|Tailwind|p1b: Volcarona
|-sidestart|p1: marin le paon|move: Tailwind
|move|p2a: Sinistcha|Shadow Ball|p1a: Milotic
|-activate|p1a: Milotic|move: Protect
|
|-heal|p1a: Milotic|44/100|[from] item: Leftovers
|upkeep
|turn|5
|
|t:|1784225489
|move|p2b: Metagross|Protect|p2b: Metagross
|-singleturn|p2b: Metagross|Protect
|move|p1b: Volcarona|Overheat|p2a: Sinistcha
|-supereffective|p2a: Sinistcha|1
|-damage|p2a: Sinistcha|0 fnt
|-unboost|p1b: Volcarona|spa|2
|faint|p2a: Sinistcha
|move|p1a: Milotic|Hypnosis|p2b: Metagross
|-activate|p2b: Metagross|move: Protect
|
|-heal|p1a: Milotic|50/100g|[from] item: Leftovers
|upkeep
|
|t:|1784225497
|switch|p2a: Primarina|Primarina, L50, M|100/100
|turn|6
|
|t:|1784225514
|move|p1b: Volcarona|Overheat|p2b: Metagross
|-supereffective|p2b: Metagross|1
|-damage|p2b: Metagross|37/100
|-unboost|p1b: Volcarona|spa|2
|move|p1a: Milotic|Muddy Water|p2a: Primarina|[spread] p2a,p2b
|-resisted|p2a: Primarina|1
|-damage|p2a: Primarina|86/100
|-damage|p2b: Metagross|8/100
|move|p2a: Primarina|Hyper Voice|p1a: Milotic|[spread] p1a,p1b
|-resisted|p1a: Milotic|1
|-supereffective|p1b: Volcarona|1
|-enditem|p1b: Volcarona|Passho Berry|[eat]
|-enditem|p1b: Volcarona|Passho Berry|[weaken]
|-damage|p1a: Milotic|37/100
|-damage|p1b: Volcarona|36/100
|move|p2b: Metagross|Psychic Fangs|p1a: Milotic
|-damage|p1a: Milotic|0 fnt
|faint|p1a: Milotic
|
|upkeep
|turn|7
|
|t:|1784225530
|move|p1b: Volcarona|Struggle Bug|p2a: Primarina|[spread] p2a,p2b
|-resisted|p2a: Primarina|1
|-damage|p2a: Primarina|84/100
|-damage|p2b: Metagross|3/100
|-unboost|p2a: Primarina|spa|1
|-unboost|p2b: Metagross|spa|1
|move|p2a: Primarina|Hyper Voice|p1b: Volcarona
|-supereffective|p1b: Volcarona|1
|-damage|p1b: Volcarona|0 fnt
|faint|p1b: Volcarona
|
|win|benjitulio
