|j|☆SoJirachiWishes
|j|☆That1Morpecko
|html|SoJirachiWishesThat1Morpecko    
|uhtml|bestof|Game 2 of a best-of-3
|t:|1783042031
|gametype|doubles
|player|p1|SoJirachiWishes|1|1077
|player|p2|That1Morpecko|hiker-gen4|1053
|gen|9
|tier|[Gen 9 Champions] VGC 2026 Reg M-B (Bo3)
|rated|
|rule|Species Clause: Limit one of each Pokémon
|rule|Item Clause: Limit 1 of each item
|clearpoke
|poke|p1|Sceptile, L50, F|
|poke|p1|Ampharos, L50, M|
|poke|p1|Aurorus, L50, F|
|poke|p1|Avalugg, L50, F|
|poke|p1|Zoroark, L50, F|
|poke|p1|Ariados, L50, F|
|poke|p2|Incineroar, L50, M|
|poke|p2|Sinistcha, L50, shiny|
|poke|p2|Sneasler, L50, F|
|poke|p2|Blastoise, L50, M|
|poke|p2|Kingambit, L50, M|
|poke|p2|Delphox, L50, M, shiny|
|teampreview|4
|showteam|p1|Sceptile||Sceptilite|Overgrow|EarthPower,GigaDrain,ShedTail,DragonPulse|Rash||F|||50|]Ampharos||Ampharosite|Static|ParabolicCharge,DazzlingGleam,ElectricTerrain,Protect|Relaxed||M|||50|]Aurorus||IcyRock|SnowWarning|AuroraVeil,Blizzard,EarthPower,Protect|Relaxed||F|||50|]Avalugg||MuscleBand|OwnTempo|BodyPress,Bulldoze,GyroBall,Protect|Sassy||F|||50|]Zoroark||BlackGlasses|Illusion|NightDaze,NastyPlot,Flamethrower,Detect|Modest||F|||50|]Ariados||Leftovers|Sniper|Protect,StickyWeb,Infestation,Toxic|Bold||F|||50|
|showteam|p2|Incineroar||SitrusBerry|Intimidate|FlareBlitz,HelpingHand,PartingShot,FakeOut|Impish||M|||50|]Sinistcha||KasibBerry|Hospitality|MatchaGotcha,RagePowder,TrickRoom,LifeDew|Bold|||||50|]Sneasler||FocusSash|PoisonTouch|CloseCombat,PoisonJab,QuickGuard,FakeOut|Jolly||F|||50|]Blastoise||Blastoisinite|Torrent|WaterSpout,DarkPulse,ShellSmash,Protect|Modest||M|||50|]Kingambit||BlackGlasses|Defiant|KowtowCleave,SuckerPunch,SwordsDance,Protect|Adamant||M|||50|]Delphox||Delphoxite|Blaze|HeatWave,Psyshock,NastyPlot,Protect|Timid||M|||50|
|inactive|Battle timer is ON: inactive players will automatically lose when time's up. (requested by That1Morpecko)
|
|t:|1783042057
|teamsize|p1|4
|teamsize|p2|4
|start
|switch|p1a: Avalugg|Avalugg, L50, F|100/100
|switch|p1b: Aurorus|Aurorus, L50, F|100/100
|switch|p2a: Delphox|Delphox, L50, M, shiny|100/100
|switch|p2b: Incineroar|Incineroar, L50, M|100/100
|-ability|p2b: Incineroar|Intimidate|boost
|-fail|p1a: Avalugg|unboost|Attack|[from] ability: Own Tempo|[of] p1a: Avalugg
|-unboost|p1b: Aurorus|atk|1
|-weather|Snowscape|[from] ability: Snow Warning|[of] p1b: Aurorus
|turn|1
|
|t:|1783042077
|detailschange|p2a: Delphox|Delphox-Mega, L50, M, shiny
|-mega|p2a: Delphox|Delphox|Delphoxite
|move|p1a: Avalugg|Protect|p1a: Avalugg
|-singleturn|p1a: Avalugg|Protect
|move|p2b: Incineroar|Fake Out|p1a: Avalugg
|-activate|p1a: Avalugg|move: Protect
|move|p2a: Delphox|Nasty Plot|p2a: Delphox
|-boost|p2a: Delphox|spa|2
|move|p1b: Aurorus|Aurora Veil|p1b: Aurorus
|-sidestart|p1: SoJirachiWishes|move: Aurora Veil
|
|-weather|Snowscape|[upkeep]
|upkeep
|turn|2
|
|t:|1783042098
|move|p2b: Incineroar|Helping Hand|p2a: Delphox
|-singleturn|p2a: Delphox|Helping Hand|[of] p2b: Incineroar
|move|p2a: Delphox|Heat Wave|p1b: Aurorus|[spread] p1a
|-miss|p2a: Delphox|p1b: Aurorus
|-supereffective|p1a: Avalugg|1
|-damage|p1a: Avalugg|0 fnt
|faint|p1a: Avalugg
|move|p1b: Aurorus|Earth Power|p2b: Incineroar
|-supereffective|p2b: Incineroar|1
|-damage|p2b: Incineroar|53/100
|
|-weather|Snowscape|[upkeep]
|upkeep
|
|t:|1783042112
|switch|p1a: Ampharos|Ampharos, L50, M|100/100
|turn|3
|
|t:|1783042127
|detailschange|p1a: Ampharos|Ampharos-Mega, L50, M
|-mega|p1a: Ampharos|Ampharos|Ampharosite
|-ability|p1a: Ampharos|Mold Breaker
|move|p2b: Incineroar|Helping Hand|p2a: Delphox
|-singleturn|p2a: Delphox|Helping Hand|[of] p2b: Incineroar
|move|p2a: Delphox|Heat Wave|p1a: Ampharos|[spread] p1a,p1b
|-resisted|p1a: Ampharos|1
|-damage|p1a: Ampharos|66/100
|-damage|p1b: Aurorus|32/100
|move|p1b: Aurorus|Blizzard|p2a: Delphox|[spread] p2a,p2b
|-resisted|p2a: Delphox|1
|-resisted|p2b: Incineroar|1
|-damage|p2a: Delphox|86/100
|-damage|p2b: Incineroar|37/100
|-enditem|p2b: Incineroar|Sitrus Berry|[eat]
|-heal|p2b: Incineroar|62/100|[from] item: Sitrus Berry
|move|p1a: Ampharos|Parabolic Charge|p2a: Delphox|[spread] p1b,p2a,p2b
|-damage|p1b: Aurorus|14/100
|-heal|p1a: Ampharos|76/100|[from] drain|[of] p1b: Aurorus
|-damage|p2a: Delphox|56/100
|-heal|p1a: Ampharos|88/100|[from] drain|[of] p2a: Delphox
|-damage|p2b: Incineroar|35/100
|-heal|p1a: Ampharos|100/100|[from] drain|[of] p2b: Incineroar
|
|-weather|Snowscape|[upkeep]
|upkeep
|turn|4
|inactive|SoJirachiWishes has 30 seconds left.
|inactive|That1Morpecko has 30 seconds left.
|
|t:|1783042155
|move|p2b: Incineroar|Helping Hand|p2a: Delphox
|-singleturn|p2a: Delphox|Helping Hand|[of] p2b: Incineroar
|move|p2a: Delphox|Psyshock|p1a: Ampharos
|-damage|p1a: Ampharos|47/100
|move|p1b: Aurorus|Earth Power|p2b: Incineroar
|-supereffective|p2b: Incineroar|1
|-damage|p2b: Incineroar|0 fnt
|faint|p2b: Incineroar
|move|p1a: Ampharos|Parabolic Charge|p2a: Delphox|[spread] p1b,p2a
|-damage|p1b: Aurorus|0 fnt
|-heal|p1a: Ampharos|55/100|[from] drain|[of] p1b: Aurorus
|-damage|p2a: Delphox|28/100
|-heal|p1a: Ampharos|66/100|[from] drain|[of] p2a: Delphox
|faint|p1b: Aurorus
|
|-weather|Snowscape|[upkeep]
|upkeep
|
|t:|1783042169
|switch|p2b: Sinistcha|Sinistcha, L50, shiny|100/100
|switch|p1b: Sceptile|Sceptile, L50, F|100/100
|-heal|p2a: Delphox|53/100|[from] ability: Hospitality|[of] p2b: Sinistcha
|turn|5
|
|t:|1783042184
|move|p2a: Delphox|Heat Wave|p1a: Ampharos|[spread] p1a,p1b
|-resisted|p1a: Ampharos|1
|-supereffective|p1b: Sceptile|1
|-damage|p1a: Ampharos|45/100
|-damage|p1b: Sceptile|0 fnt
|faint|p1b: Sceptile
|move|p2b: Sinistcha|Life Dew||[still]|[spread] p2a,p2b
|-heal|p2a: Delphox|78/100
|-fail|p2b: Sinistcha|heal
|move|p1a: Ampharos|Parabolic Charge|p2a: Delphox|[spread] p2a,p2b
|-resisted|p2b: Sinistcha|1
|-damage|p2a: Delphox|50/100g
|-heal|p1a: Ampharos|56/100|[from] drain|[of] p2a: Delphox
|-damage|p2b: Sinistcha|87/100
|-heal|p1a: Ampharos|62/100|[from] drain|[of] p2b: Sinistcha
|
|-weather|Snowscape|[upkeep]
|-sideend|p1: SoJirachiWishes|move: Aurora Veil
|upkeep
|turn|6
|
|t:|1783042199
|move|p2a: Delphox|Nasty Plot|p2a: Delphox
|-boost|p2a: Delphox|spa|2
|move|p2b: Sinistcha|Life Dew|p2b: Sinistcha|[spread] p2a,p2b
|-heal|p2a: Delphox|75/100
|-heal|p2b: Sinistcha|100/100
|move|p1a: Ampharos|Electric Terrain|p1a: Ampharos
|-fieldstart|move: Electric Terrain
|
|-weather|Snowscape|[upkeep]
|upkeep
|turn|7
|
|t:|1783042217
|move|p2a: Delphox|Psyshock|p1a: Ampharos
|-damage|p1a: Ampharos|0 fnt
|faint|p1a: Ampharos
|
|win|That1Morpecko
|raw|SoJirachiWishes's rating: 1077 → 1054(-23 for losing)
|raw|That1Morpecko's rating: 1053 → 1087(+34 for winning)
|l|☆SoJirachiWishes
|player|p1|
