|j|☆yosiel
|j|☆tritinh1998
|html|yosieltritinh1998    
|uhtml|bestof|Game 1 of a best-of-3
|t:|1782195450
|gametype|doubles
|player|p1|yosiel|acetrainersnow|1020
|player|p2|tritinh1998|265|1009
|gen|9
|tier|[Gen 9 Champions] VGC 2026 Reg M-B (Bo3)
|rated|
|rule|Species Clause: Limit one of each Pokémon
|rule|Item Clause: Limit 1 of each item
|clearpoke
|poke|p1|Floette-Eternal, L50, F|
|poke|p1|Incineroar, L50, M, shiny|
|poke|p1|Sinistcha, L50, shiny|
|poke|p1|Milotic, L50, M, shiny|
|poke|p1|Farigiraf, L50, M, shiny|
|poke|p1|Archaludon, L50, M, shiny|
|poke|p2|Staraptor, L50, F, shiny|
|poke|p2|Maushold, L50, shiny|
|poke|p2|Grimmsnarl, L50, M, shiny|
|poke|p2|Sinistcha, L50, shiny|
|poke|p2|Garchomp, L50, F|
|poke|p2|Gholdengo, L50|
|teampreview|4
|showteam|p1|Floette-Eternal||Floettite|FlowerVeil|CalmMind,Protect,DazzlingGleam,GigaDrain|Relaxed||F|||50|]Incineroar||LifeOrb|Intimidate|FakeOut,DarkestLariat,FlareBlitz,PartingShot|Impish||M|||50|]Sinistcha||SitrusBerry|Hospitality|MatchaGotcha,TrickRoom,LifeDew,RagePowder|Calm|||||50|]Milotic||Leftovers|Competitive|Hypnosis,MuddyWater,Coil,LifeDew|Bold||M|||50|]Farigiraf||ColburBerry|ArmorTail|TrickRoom,TwinBeam,HelpingHand,RainDance|Relaxed||M|||50|]Archaludon||ChopleBerry|Stamina|Protect,AuraSphere,FlashCannon,ElectroShot|Calm||M|||50|
|showteam|p2|Staraptor||Staraptite|Intimidate|CloseCombat,BraveBird,Protect,Roost|Jolly||F|||50|]Maushold||WideLens|Technician|PopulationBomb,FollowMe,Charm,Protect|Jolly|||||50|]Grimmsnarl||LightClay|Prankster|SpiritBreak,Reflect,LightScreen,PartingShot|Impish||M|||50|]Sinistcha||BrightPowder|Hospitality|MatchaGotcha,LifeDew,RagePowder,StrengthSap|Bold|||||50|]Garchomp||LifeOrb|RoughSkin|DragonClaw,RockSlide,Earthquake,Protect|Timid||F|||50|]Gholdengo||SitrusBerry|GoodasGold|MakeItRain,ShadowBall,NastyPlot,Protect|Modest|||||50|
|
|t:|1782195473
|teamsize|p1|4
|teamsize|p2|4
|start
|switch|p1a: Farigiraf|Farigiraf, L50, M, shiny|100/100
|switch|p1b: Incineroar|Incineroar, L50, M, shiny|100/100
|switch|p2a: Staraptor|Staraptor, L50, F, shiny|100/100
|switch|p2b: Grimmsnarl|Grimmsnarl, L50, M, shiny|100/100
|-ability|p2a: Staraptor|Intimidate|boost
|-unboost|p1a: Farigiraf|atk|1
|-unboost|p1b: Incineroar|atk|1
|-ability|p1b: Incineroar|Intimidate|boost
|-unboost|p2a: Staraptor|atk|1
|-unboost|p2b: Grimmsnarl|atk|1
|turn|1
|
|t:|1782195495
|move|p2a: Staraptor|Protect|p2a: Staraptor
|-singleturn|p2a: Staraptor|Protect
|move|p1b: Incineroar|Fake Out|p2a: Staraptor
|-activate|p2a: Staraptor|move: Protect
|move|p2b: Grimmsnarl|Light Screen|p2b: Grimmsnarl
|-sidestart|p2: tritinh1998|move: Light Screen
|move|p1a: Farigiraf|Trick Room|p1a: Farigiraf
|-fieldstart|move: Trick Room|[of] p1a: Farigiraf
|
|upkeep
|turn|2
|
|t:|1782195532
|detailschange|p2a: Staraptor|Staraptor-Mega, L50, F, shiny
|-mega|p2a: Staraptor|Staraptor|Staraptite
|move|p2b: Grimmsnarl|Parting Shot||[still]
|cant|p1a: Farigiraf|ability: Armor Tail|Parting Shot|[of] p2b: Grimmsnarl
|move|p1a: Farigiraf|Rain Dance|p1a: Farigiraf
|-weather|RainDance
|move|p1b: Incineroar|Parting Shot|p2b: Grimmsnarl
|-unboost|p2b: Grimmsnarl|atk|1
|-unboost|p2b: Grimmsnarl|spa|1
|
|t:|1782195541
|switch|p1b: Floette|Floette-Eternal, L50, F|100/100|[from] Parting Shot
|move|p2a: Staraptor|Close Combat|p1b: Floette
|-resisted|p1b: Floette|1
|-damage|p1b: Floette|75/100
|-boost|p2a: Staraptor|def|1
|-boost|p2a: Staraptor|spd|1
|
|-weather|RainDance|[upkeep]
|upkeep
|turn|3
|
|t:|1782195571
|switch|p2a: Sinistcha|Sinistcha, L50, shiny|100/100
|detailschange|p1b: Floette|Floette-Mega, L50, F
|-mega|p1b: Floette|Floette|Floettite
|-ability|p1b: Floette|Fairy Aura
|move|p1a: Farigiraf|Helping Hand|p1b: Floette
|-singleturn|p1b: Floette|Helping Hand|[of] p1a: Farigiraf
|move|p2b: Grimmsnarl|Parting Shot||[still]
|cant|p1a: Farigiraf|ability: Armor Tail|Parting Shot|[of] p2b: Grimmsnarl
|move|p1b: Floette|Dazzling Gleam|p2a: Sinistcha|[spread] p2a,p2b
|-supereffective|p2b: Grimmsnarl|1
|-damage|p2a: Sinistcha|55/100
|-damage|p2b: Grimmsnarl|10/100
|
|-weather|RainDance|[upkeep]
|upkeep
|turn|4
|
|t:|1782195612
|switch|p2b: Maushold|Maushold, L50, shiny|100/100
|move|p1a: Farigiraf|Helping Hand|p1b: Floette
|-singleturn|p1b: Floette|Helping Hand|[of] p1a: Farigiraf
|move|p2a: Sinistcha|Matcha Gotcha|p1a: Farigiraf|[spread] p1b
|-miss|p2a: Sinistcha|p1a: Farigiraf
|-damage|p1b: Floette|58/100
|-heal|p2a: Sinistcha|64/100|[from] drain|[of] p1b: Floette
|move|p1b: Floette|Dazzling Gleam|p2b: Maushold|[spread] p2a,p2b
|-damage|p2a: Sinistcha|19/100
|-damage|p2b: Maushold|26/100
|
|-weather|RainDance|[upkeep]
|upkeep
|turn|5
|
|t:|1782195642
|move|p1a: Farigiraf|Twin Beam|p2a: Sinistcha
|-damage|p2a: Sinistcha|7/100
|-damage|p2a: Sinistcha|0 fnt
|faint|p2a: Sinistcha
|-hitcount|p2: Sinistcha|2
|move|p1b: Floette|Dazzling Gleam|p2b: Maushold
|-damage|p2b: Maushold|0 fnt
|faint|p2b: Maushold
|
|-weather|RainDance|[upkeep]
|-fieldend|move: Trick Room
|upkeep
|
|t:|1782195649
|switch|p2b: Grimmsnarl|Grimmsnarl, L50, M, shiny|10/100
|switch|p2a: Staraptor|Staraptor-Mega, L50, F, shiny|100/100
|turn|6
|
|t:|1782195671
|switch|p1b: Milotic|Milotic, L50, M, shiny|100/100
|move|p2a: Staraptor|Close Combat|p1a: Farigiraf
|-damage|p1a: Farigiraf|39/100
|-boost|p2a: Staraptor|def|1
|-boost|p2a: Staraptor|spd|1
|move|p2b: Grimmsnarl|Spirit Break|p1a: Farigiraf
|-damage|p1a: Farigiraf|12/100
|-unboost|p1a: Farigiraf|spa|1
|move|p1a: Farigiraf|Trick Room|p1a: Farigiraf
|-fieldstart|move: Trick Room|[of] p1a: Farigiraf
|
|-weather|none
|upkeep
|turn|7
|
|t:|1782195706
|move|p1a: Farigiraf|Rain Dance|p1a: Farigiraf
|-weather|RainDance
|move|p2b: Grimmsnarl|Spirit Break|p1a: Farigiraf
|-damage|p1a: Farigiraf|0 fnt
|faint|p1a: Farigiraf
|move|p1b: Milotic|Coil|p1b: Milotic
|-boost|p1b: Milotic|atk|1
|-boost|p1b: Milotic|def|1
|-boost|p1b: Milotic|accuracy|1
|move|p2a: Staraptor|Close Combat|p1b: Milotic
|-damage|p1b: Milotic|61/100
|-boost|p2a: Staraptor|def|1
|-boost|p2a: Staraptor|spd|1
|
|-weather|RainDance|[upkeep]
|-heal|p1b: Milotic|67/100|[from] item: Leftovers
|upkeep
|
|t:|1782195720
|switch|p1a: Floette|Floette-Mega, L50, F|58/100
|-ability|p1a: Floette|Fairy Aura
|turn|8
|
|t:|1782195739
|move|p2b: Grimmsnarl|Parting Shot|p1b: Milotic
|-unboost|p1b: Milotic|atk|1
|-ability|p1b: Milotic|Competitive|boost
|-boost|p1b: Milotic|spa|2
|-unboost|p1b: Milotic|spa|1
|-ability|p1b: Milotic|Competitive|boost
|-boost|p1b: Milotic|spa|2
|move|p1b: Milotic|Hypnosis|p2a: Staraptor|[miss]
|-miss|p1b: Milotic|p2a: Staraptor
|move|p1a: Floette|Calm Mind|p1a: Floette
|-boost|p1a: Floette|spa|1
|-boost|p1a: Floette|spd|1
|move|p2a: Staraptor|Close Combat|p1b: Milotic
|-damage|p1b: Milotic|30/100
|-boost|p2a: Staraptor|def|1
|-boost|p2a: Staraptor|spd|1
|
|-weather|RainDance|[upkeep]
|-heal|p1b: Milotic|36/100|[from] item: Leftovers
|-sideend|p2: tritinh1998|move: Light Screen
|upkeep
|turn|9
|
|t:|1782195767
|move|p2b: Grimmsnarl|Parting Shot|p2a: Staraptor
|-boost|p2a: Staraptor|atk|1
|-boost|p2a: Staraptor|spa|1
|move|p1b: Milotic|Muddy Water|p2a: Staraptor|[spread] p2a,p2b
|-damage|p2a: Staraptor|48/100
|-damage|p2b: Grimmsnarl|0 fnt
|faint|p2b: Grimmsnarl
|move|p1a: Floette|Dazzling Gleam|p2a: Staraptor
|-supereffective|p2a: Staraptor|1
|-damage|p2a: Staraptor|0 fnt
|faint|p2a: Staraptor
|
|win|yosiel
|inactive|yosiel has 30 seconds to confirm battle start!
|inactive|tritinh1998 has 30 seconds to confirm battle start!
|inactive|yosiel has 20 seconds to confirm battle start!
|inactive|tritinh1998 has 20 seconds to confirm battle start!
|inactive|yosiel has 10 seconds to confirm battle start!
|inactive|tritinh1998 has 10 seconds to confirm battle start!
|l|☆tritinh1998
|player|p2|
|raw|yosiel's rating: 1020 → 1056(+36 for winning)
|raw|tritinh1998's rating: 1009 → 1000(-9 for losing)
