|j|☆watervgc
|j|☆pressinblades
|html|watervgcpressinblades    
|uhtml|bestof|Game 2 of a best-of-3
|t:|1782398363
|gametype|doubles
|player|p1|watervgc|102|1000
|player|p2|pressinblades|steven|1091
|gen|9
|tier|[Gen 9 Champions] VGC 2026 Reg M-B (Bo3)
|rated|
|rule|Species Clause: Limit one of each Pokémon
|rule|Item Clause: Limit 1 of each item
|clearpoke
|poke|p1|Incineroar, L50, M|
|poke|p1|Whimsicott, L50, M|
|poke|p1|Staraptor, L50, M|
|poke|p1|Metagross, L50|
|poke|p1|Ninetales-Alola, L50, F|
|poke|p1|Basculegion, L50, M|
|poke|p2|Talonflame, L50, M|
|poke|p2|Garchomp, L50, M, shiny|
|poke|p2|Maushold, L50|
|poke|p2|Gardevoir, L50, F, shiny|
|poke|p2|Metagross, L50|
|poke|p2|Torkoal, L50, F|
|teampreview|4
|showteam|p1|Incineroar||ChopleBerry|Intimidate|FakeOut,PartingShot,FlareBlitz,DarkestLariat|Careful||M|||50|]Whimsicott||FocusSash|Prankster|Tailwind,Moonblast,Encore,Charm|Timid||M|||50|]Staraptor||Staraptite|Intimidate|CloseCombat,Roost,DualWingbeat,Protect|Jolly||M|||50|]Metagross||Metagrossite|ClearBody|RockSlide,IronHead,PsychicFangs,Protect|Adamant|||||50|]Ninetales-Alola||LightClay|SnowWarning|Blizzard,Moonblast,AuroraVeil,IcyWind|Timid||F|||50|]Basculegion||ChoiceScarf|Adaptability|LastRespects,AquaJet,WaveCrash,FlipTurn|Jolly||M|||50|
|showteam|p2|Talonflame||LifeOrb|GaleWings|Protect,DualWingbeat,Tailwind,Overheat|Naive||M|||50|]Garchomp||ExpertBelt|RoughSkin|Protect,RockSlide,Earthquake,DragonClaw|Adamant||M|||50|]Maushold||FocusSash|FriendGuard|Protect,SuperFang,PopulationBomb,FollowMe|Adamant|||||50|]Gardevoir||Gardevoirite|Telepathy|Protect,TrickRoom,HyperVoice,Psychic|Modest||F|||50|]Metagross||Metagrossite|ClearBody|Protect,MeteorMash,PsychicFangs,BulletPunch|Adamant|||||50|]Torkoal||Charcoal|Drought|Protect,Overheat,HeatWave,EarthPower|Quiet||F|||50|
|inactive|Battle timer is ON: inactive players will automatically lose when time's up. (requested by watervgc)
|inactive|pressinblades has 60 seconds left.
|
|t:|1782398465
|teamsize|p1|4
|teamsize|p2|4
|start
|switch|p1a: Metagross|Metagross, L50|100/100
|switch|p1b: Basculegion|Basculegion, L50, M|100/100
|switch|p2a: Talonflame|Talonflame, L50, M|100/100
|switch|p2b: Garchomp|Garchomp, L50, M, shiny|100/100
|turn|1
|inactive|watervgc has 30 seconds left.
|inactive|pressinblades has 30 seconds left.
|inactive|watervgc has 20 seconds left.
|inactive|pressinblades has 20 seconds left.
|inactive|watervgc has 15 seconds left.
|inactive|pressinblades has 15 seconds left.
|inactive|pressinblades has 10 seconds left.
|
|t:|1782398513
|detailschange|p1a: Metagross|Metagross-Mega, L50
|-mega|p1a: Metagross|Metagross|Metagrossite
|move|p1a: Metagross|Protect|p1a: Metagross
|-singleturn|p1a: Metagross|Protect
|move|p2a: Talonflame|Tailwind|p2a: Talonflame
|-sidestart|p2: pressinblades|move: Tailwind
|move|p2b: Garchomp|Earthquake|p1a: Metagross|[spread] p1b
|-activate|p1a: Metagross|move: Protect
|-immune|p2a: Talonflame
|-damage|p1b: Basculegion|49/100
|move|p1b: Basculegion|Flip Turn|p2a: Talonflame
|-supereffective|p2a: Talonflame|1
|-damage|p2a: Talonflame|0 fnt
|faint|p2a: Talonflame
|
|t:|1782398532
|switch|p1b: Ninetales|Ninetales-Alola, L50, F|100/100|[from] Flip Turn
|-weather|Snowscape|[from] ability: Snow Warning|[of] p1b: Ninetales
|
|-weather|Snowscape|[upkeep]
|upkeep
|
|t:|1782398537
|switch|p2a: Torkoal|Torkoal, L50, F|100/100
|-weather|SunnyDay|[from] ability: Drought|[of] p2a: Torkoal
|turn|2
|
|t:|1782398559
|switch|p1a: Incineroar|Incineroar, L50, M|100/100
|-ability|p1a: Incineroar|Intimidate|boost
|-unboost|p2a: Torkoal|atk|1
|-unboost|p2b: Garchomp|atk|1
|move|p2b: Garchomp|Rock Slide|p1a: Incineroar|[spread] p1a,p1b
|-supereffective|p1a: Incineroar|1
|-supereffective|p1b: Ninetales|1
|-damage|p1a: Incineroar|66/100
|-damage|p1b: Ninetales|55/100
|cant|p1b: Ninetales|flinch
|move|p2a: Torkoal|Heat Wave|p1a: Incineroar|[spread] p1a,p1b
|-resisted|p1a: Incineroar|1
|-supereffective|p1b: Ninetales|1
|-damage|p1a: Incineroar|47/100
|-damage|p1b: Ninetales|0 fnt
|faint|p1b: Ninetales
|
|-weather|SunnyDay|[upkeep]
|upkeep
|inactive|watervgc has 30 seconds left.
|
|t:|1782398587
|switch|p1b: Basculegion|Basculegion, L50, M|49/100
|turn|3
|inactive|pressinblades has 30 seconds left.
|
|t:|1782398622
|switch|p2a: Gardevoir|Gardevoir, L50, F, shiny|100/100
|move|p2b: Garchomp|Protect|p2b: Garchomp
|-singleturn|p2b: Garchomp|Protect
|move|p1a: Incineroar|Fake Out|p2b: Garchomp
|-activate|p2b: Garchomp|move: Protect
|move|p1b: Basculegion|Last Respects|p2b: Garchomp
|-activate|p2b: Garchomp|move: Protect
|
|-weather|SunnyDay|[upkeep]
|upkeep
|turn|4
|inactive|watervgc has 30 seconds left.
|
|t:|1782398656
|move|p2b: Garchomp|Earthquake|p1a: Incineroar|[spread] p1a,p1b
|-activate|p2a: Gardevoir|ability: Telepathy
|-supereffective|p1a: Incineroar|1
|-damage|p1a: Incineroar|0 fnt
|-damage|p1b: Basculegion|16/100
|faint|p1a: Incineroar
|move|p1b: Basculegion|Last Respects|p2b: Garchomp
|-damage|p2b: Garchomp|3/100
|move|p2a: Gardevoir|Trick Room|p2a: Gardevoir
|-fieldstart|move: Trick Room|[of] p2a: Gardevoir
|
|-weather|SunnyDay|[upkeep]
|-sideend|p2: pressinblades|move: Tailwind
|upkeep
|
|t:|1782398674
|switch|p1a: Metagross|Metagross-Mega, L50|100/100
|turn|5
|inactive|pressinblades has 30 seconds left.
|
|t:|1782398699
|move|p2a: Gardevoir|Psychic|p1b: Basculegion
|-damage|p1b: Basculegion|0 fnt
|faint|p1b: Basculegion
|move|p2b: Garchomp|Earthquake|p1a: Metagross|[spread] p1a
|-activate|p2a: Gardevoir|ability: Telepathy
|-supereffective|p1a: Metagross|1
|-damage|p1a: Metagross|43/100
|move|p1a: Metagross|Rock Slide|p2b: Garchomp|[spread] p2a
|-miss|p1a: Metagross|p2b: Garchomp
|-damage|p2a: Gardevoir|71/100
|
|-weather|SunnyDay|[upkeep]
|upkeep
|turn|6
|-message|watervgc forfeited.
|
|win|pressinblades
|raw|watervgc's rating: 1000 → 1000(+0 for losing)
|raw|pressinblades's rating: 1091 → 1111(+20 for winning)
|l|☆watervgc
|player|p1|
