|j|☆RosieAndJim
|j|☆BodiPlayGames
|html|RosieAndJimBodiPlayGames    
|uhtml|bestof|Game 1 of a best-of-3
|t:|1756515578
|gametype|doubles
|player|p1|RosieAndJim|169|1076
|player|p2|BodiPlayGames|170|1154
|gen|9
|tier|[Gen 9] VGC 2025 Reg H (Bo3)
|rated|
|rule|Species Clause: Limit one of each Pokémon
|rule|Item Clause: Limit 1 of each item
|clearpoke
|poke|p1|Archaludon, L50, M|
|poke|p1|Garchomp, L50, M|
|poke|p1|Incineroar, L50, M|
|poke|p1|Pelipper, L50, M|
|poke|p1|Talonflame, L50, F|
|poke|p1|Amoonguss, L50, M|
|poke|p2|Annihilape, L50, F|
|poke|p2|Sinistcha, L50|
|poke|p2|Maushold-Four, L50|
|poke|p2|Klefki, L50, M|
|poke|p2|Ursaluna-Bloodmoon, L50, M|
|poke|p2|Ninetales-Alola, L50, F|
|teampreview|4
|showteam|p1|Archaludon||AssaultVest|Stamina|ElectroShot,DragonPulse,BodyPress,Snarl|||M|||50|,,,,,Grass]Garchomp||LifeOrb|RoughSkin|Earthquake,DragonClaw,StompingTantrum,Protect|||M|||50|,,,,,Ground]Incineroar||SafetyGoggles|Intimidate|FlareBlitz,KnockOff,PartingShot,FakeOut|||M|||50|,,,,,Ghost]Pelipper||FocusSash|Drizzle|WeatherBall,Hurricane,Tailwind,Protect|||M|||50|,,,,,Stellar]Talonflame||CovertCloak|GaleWings|BraveBird,Tailwind,Taunt,RainDance|||F|||50|,,,,,Flying]Amoonguss||SitrusBerry|Regenerator|PollenPuff,ClearSmog,Spore,RagePowder|||M|||50|,,,,,Psychic
|showteam|p2|Annihilape||Leftovers|Defiant|Protect,BulkUp,DrainPunch,RageFist|||F|||50|,,,,,Fire]Sinistcha||SitrusBerry|Hospitality|MatchaGotcha,TrickRoom,LifeDew,RagePowder||||||50|,,,,,Water]Maushold-Four||SafetyGoggles|FriendGuard|FollowMe,Taunt,BeatUp,Protect||||||50|,,,,,Ghost]Klefki||LightClay|Prankster|Reflect,LightScreen,MistyTerrain,DazzlingGleam|||M|||50|,,,,,Ghost]Ursaluna-Bloodmoon||AssaultVest|MindsEye|BloodMoon,HyperVoice,EarthPower,VacuumWave|||M|||50|,,,,,Water]Ninetales-Alola||FocusSash|SnowWarning|Protect,Encore,FreezeDry,Blizzard|||F|||50|,,,,,Ghost
|
|t:|1756515633
|teamsize|p1|4
|teamsize|p2|4
|start
|switch|p1a: Talonflame|Talonflame, L50, F|100/100
|switch|p1b: Garchomp|Garchomp, L50, M|100/100
|switch|p2a: Maushold|Maushold-Four, L50|100/100
|switch|p2b: Klefki|Klefki, L50, M|100/100
|turn|1
|inactive|Battle timer is ON: inactive players will automatically lose when time's up. (requested by RosieAndJim)
|
|t:|1756515663
|switch|p2a: Ninetales|Ninetales-Alola, L50, F, shiny|100/100
|-weather|Snowscape|[from] ability: Snow Warning|[of] p2a: Ninetales
|move|p2b: Klefki|Reflect|p2b: Klefki
|-sidestart|p2: BodiPlayGames|Reflect
|move|p1a: Talonflame|Taunt|p2a: Ninetales
|-start|p2a: Ninetales|move: Taunt
|move|p1b: Garchomp|Stomping Tantrum|p2a: Ninetales
|-damage|p2a: Ninetales|67/100
|-damage|p1b: Garchomp|91/100|[from] item: Life Orb
|
|-weather|Snowscape|[upkeep]
|upkeep
|turn|2
|
|t:|1756515684
|switch|p1b: Archaludon|Archaludon, L50, M|100/100
|move|p1a: Talonflame|Taunt|p2b: Klefki
|-start|p2b: Klefki|move: Taunt
|move|p2a: Ninetales|Blizzard|p1a: Talonflame|[spread] p1a,p1b
|-damage|p1a: Talonflame|54/100
|-damage|p1b: Archaludon|79/100
|-ability|p1b: Archaludon|Stamina|boost
|-boost|p1b: Archaludon|def|1
|move|p2b: Klefki|Dazzling Gleam|p1b: Archaludon|[spread] p1a,p1b
|-resisted|p1a: Talonflame
|-damage|p1a: Talonflame|41/100
|-damage|p1b: Archaludon|66/100
|-ability|p1b: Archaludon|Stamina|boost
|-boost|p1b: Archaludon|def|1
|
|-weather|Snowscape|[upkeep]
|upkeep
|turn|3
|inactive|RosieAndJim has 30 seconds left.
|
|t:|1756515710
|switch|p2b: Maushold|Maushold-Four, L50|100/100
|move|p1a: Talonflame|Tailwind|p1a: Talonflame
|-sidestart|p1: RosieAndJim|move: Tailwind
|move|p1b: Archaludon|Body Press|p2a: Ninetales
|-damage|p2a: Ninetales|44/100
|move|p2a: Ninetales|Blizzard|p1a: Talonflame|[spread] p1a,p1b
|-damage|p1a: Talonflame|0 fnt
|-damage|p1b: Archaludon|44/100
|-ability|p1b: Archaludon|Stamina|boost
|-boost|p1b: Archaludon|def|1
|faint|p1a: Talonflame
|
|-weather|Snowscape|[upkeep]
|-end|p2a: Ninetales|move: Taunt
|upkeep
|
|t:|1756515725
|switch|p1a: Pelipper|Pelipper, L50, M|100/100
|-weather|RainDance|[from] ability: Drizzle|[of] p1a: Pelipper
|turn|4
|
|t:|1756515750
|switch|p2a: Klefki|Klefki, L50, M|100/100
|move|p2b: Maushold|Protect|p2b: Maushold
|-singleturn|p2b: Maushold|Protect
|move|p1b: Archaludon|Body Press|p2b: Maushold
|-activate|p2b: Maushold|move: Protect
|move|p1a: Pelipper|Hurricane|p2a: Klefki
|-resisted|p2a: Klefki
|-damage|p2a: Klefki|83/100
|
|-weather|RainDance|[upkeep]
|upkeep
|turn|5
|inactive|RosieAndJim has 30 seconds left.
|inactive|BodiPlayGames has 30 seconds left.
|inactive|RosieAndJim has 20 seconds left.
|
|t:|1756515787
|move|p2a: Klefki|Light Screen|p2a: Klefki
|-sidestart|p2: BodiPlayGames|move: Light Screen
|move|p1b: Archaludon|Snarl|p2a: Klefki|[spread] p2a,p2b
|-resisted|p2a: Klefki
|-damage|p2a: Klefki|80/100
|-damage|p2b: Maushold|89/100
|-unboost|p2a: Klefki|spa|1
|-unboost|p2b: Maushold|spa|1
|move|p1a: Pelipper|Weather Ball|p2b: Maushold
|-damage|p2b: Maushold|32/100
|move|p2b: Maushold|Taunt|p1a: Pelipper
|-start|p1a: Pelipper|move: Taunt
|
|-weather|RainDance|[upkeep]
|upkeep
|turn|6
|
|t:|1756515811
|switch|p2a: Annihilape|Annihilape, L50, F, shiny|100/100
|move|p1b: Archaludon|Snarl|p2a: Annihilape|[spread] p2a,p2b
|-damage|p2a: Annihilape|94/100
|-damage|p2b: Maushold|21/100
|-unboost|p2a: Annihilape|spa|1
|-ability|p2a: Annihilape|Defiant|boost
|-boost|p2a: Annihilape|atk|2
|-unboost|p2b: Maushold|spa|1
|move|p1a: Pelipper|Weather Ball|p2a: Annihilape
|-damage|p2a: Annihilape|62/100
|move|p2b: Maushold|Beat Up|p2a: Annihilape
|-damage|p2a: Annihilape|60/100
|-damage|p2a: Annihilape|59/100
|-damage|p2a: Annihilape|58/100
|-damage|p2a: Annihilape|56/100
|-hitcount|p2a: Annihilape|4
|
|-weather|RainDance|[upkeep]
|-heal|p2a: Annihilape|63/100|[from] item: Leftovers
|-sideend|p1: RosieAndJim|move: Tailwind
|upkeep
|turn|7
|inactive|RosieAndJim has 30 seconds left.
|
|t:|1756515843
|move|p2b: Maushold|Beat Up|p1a: Pelipper
|-damage|p1a: Pelipper|97/100
|-damage|p1a: Pelipper|94/100
|-damage|p1a: Pelipper|91/100
|-damage|p1a: Pelipper|88/100
|-hitcount|p1a: Pelipper|4
|move|p2a: Annihilape|Drain Punch|p1b: Archaludon
|-supereffective|p1b: Archaludon
|-damage|p1b: Archaludon|10/100
|-heal|p2a: Annihilape|78/100|[from] drain|[of] p1b: Archaludon
|-ability|p1b: Archaludon|Stamina|boost
|-boost|p1b: Archaludon|def|1
|move|p1b: Archaludon|Body Press|p2b: Maushold
|-supereffective|p2b: Maushold
|-damage|p2b: Maushold|0 fnt
|faint|p2b: Maushold
|move|p1a: Pelipper|Hurricane|p2a: Annihilape
|-supereffective|p2a: Annihilape
|-damage|p2a: Annihilape|19/100
|
|-weather|RainDance|[upkeep]
|-heal|p2a: Annihilape|25/100|[from] item: Leftovers
|upkeep
|
|t:|1756515856
|switch|p2b: Ninetales|Ninetales-Alola, L50, F, shiny|44/100
|-weather|Snowscape|[from] ability: Snow Warning|[of] p2b: Ninetales
|turn|8
|inactive|RosieAndJim has 30 seconds left.
|
|t:|1756515889
|move|p2b: Ninetales|Blizzard|p1b: Archaludon|[spread] p1a,p1b
|-damage|p1a: Pelipper|31/100
|-damage|p1b: Archaludon|0 fnt
|faint|p1b: Archaludon
|move|p2a: Annihilape|Drain Punch|p1a: Pelipper
|-resisted|p1a: Pelipper
|-crit|p1a: Pelipper
|-damage|p1a: Pelipper|0 fnt
|-heal|p2a: Annihilape|35/100|[from] drain|[of] p1a: Pelipper
|faint|p1a: Pelipper
|
|-weather|Snowscape|[upkeep]
|-heal|p2a: Annihilape|41/100|[from] item: Leftovers
|-sideend|p2: BodiPlayGames|Reflect
|upkeep
|
|t:|1756515901
|switch|p1a: Garchomp|Garchomp, L50, M|91/100
|turn|9
|
|t:|1756515909
|-terastallize|p1a: Garchomp|Ground
|move|p2b: Ninetales|Blizzard|p1a: Garchomp
|-supereffective|p1a: Garchomp
|-damage|p1a: Garchomp|2/100
|move|p1a: Garchomp|Earthquake|p2b: Ninetales|[spread] p2a,p2b
|-damage|p2a: Annihilape|0 fnt
|-damage|p2b: Ninetales|0 fnt
|faint|p2a: Annihilape
|faint|p2b: Ninetales
|-damage|p1a: Garchomp|0 fnt|[from] item: Life Orb
|faint|p1a: Garchomp
|
|win|BodiPlayGames
