|j|☆fl jdhsbsjksms2
|j|☆KodeBeast0526
|html|fl jdhsbsjksms2KodeBeast0526    
|uhtml|bestof|Game 1 of a best-of-3
|t:|1783622195
|gametype|doubles
|player|p1|fl jdhsbsjksms2|170|1146
|player|p2|KodeBeast0526|hiker|1128
|gen|9
|tier|[Gen 9 Champions] VGC 2026 Reg M-B (Bo3)
|rated|
|rule|Species Clause: Limit one of each Pokémon
|rule|Item Clause: Limit 1 of each item
|clearpoke
|poke|p1|Charizard, L50, M|
|poke|p1|Garchomp, L50, M|
|poke|p1|Sneasler, L50, M|
|poke|p1|Rotom-Wash, L50|
|poke|p1|Kingambit, L50, M|
|poke|p1|Sylveon, L50, F|
|poke|p2|Aerodactyl, L50, M|
|poke|p2|Kingambit, L50, M|
|poke|p2|Sylveon, L50, M|
|poke|p2|Garchomp, L50, M|
|poke|p2|Charizard, L50, M|
|poke|p2|Incineroar, L50, M|
|teampreview|4
|showteam|p1|Charizard||CharizarditeY|SolarPower|HeatWave,WeatherBall,SolarBeam,Protect|Timid||M|||50|]Garchomp||ChoiceScarf|RoughSkin|DragonClaw,RockSlide,StompingTantrum,Earthquake|Adamant||M|||50|]Sneasler||WhiteHerb|Unburden|FakeOut,DireClaw,CloseCombat,QuickGuard|Adamant||M|||50|]Rotom-Wash||SitrusBerry|Levitate|WillOWisp,HydroPump,Electroweb,Protect|Relaxed|||||50|]Kingambit||BlackGlasses|Defiant|KowtowCleave,SuckerPunch,Protect,LowKick|Relaxed||M|||50|]Sylveon||FairyFeather|Pixilate|Protect,QuickAttack,HyperVoice,HyperBeam|Quiet||F|||50|
|showteam|p2|Aerodactyl||Aerodactylite|Unnerve|RockSlide,IceFang,Tailwind,WideGuard|Jolly||M|||50|]Kingambit||FocusSash|Defiant|KowtowCleave,SuckerPunch,IronHead,Protect|Adamant||M|||50|]Sylveon||FairyFeather|Pixilate|Detect,HyperVoice,HyperBeam,QuickAttack|Modest||M|||50|]Garchomp||LifeOrb|RoughSkin|Earthquake,DragonClaw,StompingTantrum,Protect|Jolly||M|||50|]Charizard||CharizarditeY|Blaze|Protect,HeatWave,SolarBeam,WeatherBall|Modest||M|||50|]Incineroar||SitrusBerry|Intimidate|DarkestLariat,FlareBlitz,FakeOut,PartingShot|Impish||M|||50|
|inactive|Battle timer is ON: inactive players will automatically lose when time's up. (requested by KodeBeast0526)
|
|t:|1783622248
|teamsize|p1|4
|teamsize|p2|4
|start
|switch|p1a: Kingambit|Kingambit, L50, M|100/100
|switch|p1b: Sneasler|Sneasler, L50, M|100/100
|switch|p2a: Garchomp|Garchomp, L50, M|100/100
|switch|p2b: Charizard|Charizard, L50, M|100/100
|turn|1
|inactive|fl jdhsbsjksms2 has 30 seconds left.
|inactive|fl jdhsbsjksms2 has 20 seconds left.
|inactive|fl jdhsbsjksms2 has 15 seconds left.
|inactive|fl jdhsbsjksms2 has 10 seconds left.
|inactive|fl jdhsbsjksms2 has 5 seconds left.
|
|t:|1783622299
|switch|p1a: Charizard|Charizard, L50, M|100/100
|move|p2a: Garchomp|Protect|p2a: Garchomp
|-singleturn|p2a: Garchomp|Protect
|move|p2b: Charizard|Protect|p2b: Charizard
|-singleturn|p2b: Charizard|Protect
|move|p1b: Sneasler|Fake Out|p2a: Garchomp
|-activate|p2a: Garchomp|move: Protect
|
|upkeep
|turn|2
|inactive|fl jdhsbsjksms2 has 30 seconds left.
|inactive|KodeBeast0526 has 30 seconds left.
|inactive|KodeBeast0526 has 20 seconds left.
|inactive|KodeBeast0526 has 15 seconds left.
|
|t:|1783622342
|switch|p2b: Aerodactyl|Aerodactyl, L50, M|100/100
|-ability|p2b: Aerodactyl|Unnerve
|detailschange|p1a: Charizard|Charizard-Mega-Y, L50, M
|-mega|p1a: Charizard|Charizard|Charizardite Y
|-weather|SunnyDay|[from] ability: Drought|[of] p1a: Charizard
|move|p2a: Garchomp|Stomping Tantrum|p1b: Sneasler
|-supereffective|p1b: Sneasler|1
|-damage|p1b: Sneasler|0 fnt
|faint|p1b: Sneasler
|-damage|p2a: Garchomp|90/100|[from] item: Life Orb
|move|p1a: Charizard|Solar Beam||[still]
|-prepare|p1a: Charizard|Solar Beam
|-anim|p1a: Charizard|Solar Beam|p2a: Garchomp
|-crit|p2a: Garchomp
|-damage|p2a: Garchomp|11/100
|
|-weather|SunnyDay|[upkeep]
|upkeep
|
|t:|1783622361
|switch|p1b: Sylveon|Sylveon, L50, F|100/100
|turn|3
|
|t:|1783622380
|move|p1a: Charizard|Protect|p1a: Charizard
|-singleturn|p1a: Charizard|Protect
|move|p2b: Aerodactyl|Rock Slide|p1a: Charizard|[spread] p1b
|-activate|p1a: Charizard|move: Protect
|-damage|p1b: Sylveon|74/100
|move|p2a: Garchomp|Earthquake|p1b: Sylveon|[spread] p1b
|-activate|p1a: Charizard|move: Protect
|-immune|p2b: Aerodactyl
|-damage|p1b: Sylveon|23/100
|-damage|p2a: Garchomp|1/100|[from] item: Life Orb
|move|p1b: Sylveon|Hyper Voice|p2a: Garchomp|[spread] p2a,p2b
|-supereffective|p2a: Garchomp|1
|-damage|p2a: Garchomp|0 fnt
|-damage|p2b: Aerodactyl|46/100
|faint|p2a: Garchomp
|
|-weather|SunnyDay|[upkeep]
|upkeep
|
|t:|1783622385
|switch|p2a: Incineroar|Incineroar, L50, M|100/100
|-ability|p2a: Incineroar|Intimidate|boost
|-unboost|p1a: Charizard|atk|1
|-unboost|p1b: Sylveon|atk|1
|turn|4
|inactive|fl jdhsbsjksms2 has 30 seconds left.
|
|t:|1783622412
|switch|p1b: Kingambit|Kingambit, L50, M|100/100
|move|p2a: Incineroar|Fake Out|p1b: Kingambit
|-resisted|p1b: Kingambit|1
|-damage|p1b: Kingambit|96/100
|move|p2b: Aerodactyl|Rock Slide|p1b: Kingambit|[spread] p1a,p1b
|-supereffective|p1a: Charizard|2
|-resisted|p1b: Kingambit|1
|-damage|p1a: Charizard|0 fnt
|-damage|p1b: Kingambit|88/100
|faint|p1a: Charizard
|
|-weather|SunnyDay|[upkeep]
|upkeep
|
|t:|1783622420
|switch|p1a: Sylveon|Sylveon, L50, F|23/100
|turn|5
|
|t:|1783622430
|move|p1a: Sylveon|Protect|p1a: Sylveon
|-singleturn|p1a: Sylveon|Protect
|move|p1b: Kingambit|Sucker Punch||[still]
|-fail|p1b: Kingambit
|move|p2b: Aerodactyl|Tailwind|p2b: Aerodactyl
|-sidestart|p2: KodeBeast0526|move: Tailwind
|move|p2a: Incineroar|Flare Blitz|p1b: Kingambit
|-supereffective|p1b: Kingambit|1
|-damage|p1b: Kingambit|0 fnt
|faint|p1b: Kingambit
|-damage|p2a: Incineroar|69/100|[from] Recoil
|
|-weather|SunnyDay|[upkeep]
|upkeep
|turn|6
|-message|fl jdhsbsjksms2 forfeited.
|
|win|KodeBeast0526
|l|☆fl jdhsbsjksms2
|player|p1|
||fl jdhsbsjksms2 is ready for game 2.
|inactive|KodeBeast0526 has 30 seconds to confirm battle start!
