|j|☆pimi19
|j|☆ZXMaverickHunter
|html|pimi19ZXMaverickHunter    
|uhtml|bestof|Game 2 of a best-of-3
|t:|1756332311
|gametype|doubles
|player|p1|pimi19|170|1198
|player|p2|ZXMaverickHunter|flint|1100
|gen|9
|tier|[Gen 9] VGC 2025 Reg H (Bo3)
|rated|
|rule|Species Clause: Limit one of each Pokémon
|rule|Item Clause: Limit 1 of each item
|clearpoke
|poke|p1|Ursaluna-Bloodmoon, L50, M|
|poke|p1|Porygon2, L50|
|poke|p1|Amoonguss, L50, F|
|poke|p1|Incineroar, L50, F|
|poke|p1|Dragapult, L50, M|
|poke|p1|Sneasler, L50, M|
|poke|p2|Rillaboom, L50, M|
|poke|p2|Dragonite, L50, M|
|poke|p2|Sneasler, L50, M|
|poke|p2|Ninetales-Alola, L50, F|
|poke|p2|Kingambit, L50, F|
|poke|p2|Magmar, L50, M|
|teampreview|4
|showteam|p1|Ursaluna-Bloodmoon||AssaultVest|MindsEye|BloodMoon,HyperVoice,EarthPower,VacuumWave|||M|||50|,,,,,Normal]Porygon2||Eviolite|Trace|IceBeam,Thunderbolt,Recover,TrickRoom||||||50|,,,,,Ghost]Amoonguss||CovertCloak|Regenerator|Spore,RagePowder,PollenPuff,SludgeBomb|||F|||50|,,,,,Water]Incineroar||SafetyGoggles|Intimidate|KnockOff,FakeOut,PartingShot,FlareBlitz|||F|||50|,,,,,Ghost]Dragapult||ChoiceBand|ClearBody|DragonDarts,Outrage,PhantomForce,Uturn|||M|||50|,,,,,Dragon]Sneasler||FocusSash|PoisonTouch|CloseCombat,DireClaw,ThroatChop,FakeOut|||M|||50|,,,,,Dark
|showteam|p2|Rillaboom||AssaultVest|GrassySurge|WoodHammer,GrassyGlide,HighHorsepower,FakeOut|||M|||50|,,,,,Fire]Dragonite||LoadedDice|Multiscale|Protect,ScaleShot,LowKick,Haze|||M|||50|,,,,,Fairy]Sneasler||WhiteHerb|Unburden|Protect,DireClaw,CloseCombat,Coaching|||M|||50|,,,,,Ghost]Ninetales-Alola||ChoiceSpecs|SnowWarning|Blizzard,IcyWind,Moonblast,FreezeDry|||F|||50|,,,,,Ghost]Kingambit||SafetyGoggles|Defiant|Protect,KowtowCleave,SuckerPunch,SwordsDance|||F|||50|,,,,,Dark]Magmar||Eviolite|VitalSpirit|Protect,FollowMe,Overheat,WillOWisp|||M|||50|,,,,,Dragon
|inactive|Battle timer is ON: inactive players will automatically lose when time's up. (requested by pimi19)
|
|t:|1756332379
|teamsize|p1|4
|teamsize|p2|4
|start
|switch|p1a: Dragapult|Dragapult, L50, M|100/100
|switch|p1b: Sneasler|Sneasler, L50, M|100/100
|switch|p2a: Hi peli|Ninetales-Alola, L50, F, shiny|100/100
|switch|p2b: Mogmar|Magmar, L50, M, shiny|100/100
|-weather|Snowscape|[from] ability: Snow Warning|[of] p2a: Hi peli
|turn|1
|
|t:|1756332393
|-terastallize|p2a: Hi peli|Ghost
|move|p2b: Mogmar|Follow Me|p2b: Mogmar
|-singleturn|p2b: Mogmar|move: Follow Me
|move|p1a: Dragapult|U-turn|p2b: Mogmar
|-resisted|p2b: Mogmar
|-damage|p2b: Mogmar|83/100
|
|t:|1756332398
|switch|p1a: Incineroar|Incineroar, L50, F|100/100|[from] U-turn
|-ability|p1a: Incineroar|Intimidate|boost
|-unboost|p2a: Hi peli|atk|1
|-unboost|p2b: Mogmar|atk|1
|move|p1b: Sneasler|Dire Claw|p2b: Mogmar
|-damage|p2b: Mogmar|46/100
|-status|p2b: Mogmar|psn
|move|p2a: Hi peli|Blizzard|p1b: Sneasler|[spread] p1a,p1b
|-resisted|p1a: Incineroar
|-damage|p1a: Incineroar|79/100
|-damage|p1b: Sneasler|40/100
|-status|p1b: Sneasler|frz
|
|-weather|Snowscape|[upkeep]
|-damage|p2b: Mogmar|34/100 psn|[from] psn
|upkeep
|turn|2
|inactive|ZXMaverickHunter has 30 seconds left.
|
|t:|1756332432
|move|p2b: Mogmar|Follow Me|p2b: Mogmar
|-singleturn|p2b: Mogmar|move: Follow Me
|-curestatus|p1b: Sneasler|frz|[msg]
|move|p1b: Sneasler|Dire Claw|p2b: Mogmar
|-damage|p2b: Mogmar|0 fnt
|faint|p2b: Mogmar
|move|p2a: Hi peli|Blizzard|p1a: Incineroar|[spread] p1a,p1b
|-resisted|p1a: Incineroar
|-damage|p1a: Incineroar|59/100
|-damage|p1b: Sneasler|0 fnt
|faint|p1b: Sneasler
|move|p1a: Incineroar|Knock Off|p2a: Hi peli
|-supereffective|p2a: Hi peli
|-damage|p2a: Hi peli|0 fnt
|-enditem|p2a: Hi peli|Choice Specs|[from] move: Knock Off|[of] p1a: Incineroar
|faint|p2a: Hi peli
|
|-weather|Snowscape|[upkeep]
|upkeep
|
|t:|1756332450
|switch|p1b: Dragapult|Dragapult, L50, M|100/100
|switch|p2a: Kingambling|Kingambit, L50, F, shiny|100/100
|switch|p2b: Noah's BFF|Sneasler, L50, M, shiny|100/100
|turn|3
|
|t:|1756332470
|-terastallize|p1b: Dragapult|Dragon
|move|p2b: Noah's BFF|Protect|p2b: Noah's BFF
|-singleturn|p2b: Noah's BFF|Protect
|move|p2a: Kingambling|Protect|p2a: Kingambling
|-singleturn|p2a: Kingambling|Protect
|move|p1b: Dragapult|Dragon Darts|p2a: Kingambling
|-activate|p2b: Noah's BFF|move: Protect
|move|p1a: Incineroar|Flare Blitz|p2a: Kingambling
|-activate|p2a: Kingambling|move: Protect
|
|-weather|Snowscape|[upkeep]
|upkeep
|turn|4
|
|t:|1756332495
|move|p1b: Dragapult|Dragon Darts|p2b: Noah's BFF
|-damage|p2b: Noah's BFF|13/100
|-anim|p1b: Dragapult|Dragon Darts|p2a: Kingambling
|-resisted|p2a: Kingambling
|-damage|p2a: Kingambling|82/100
|move|p2b: Noah's BFF|Close Combat|p1a: Incineroar
|-supereffective|p1a: Incineroar
|-damage|p1a: Incineroar|0 fnt
|-unboost|p2b: Noah's BFF|def|1
|-unboost|p2b: Noah's BFF|spd|1
|faint|p1a: Incineroar
|-enditem|p2b: Noah's BFF|White Herb
|-clearnegativeboost|p2b: Noah's BFF|[silent]
|move|p2a: Kingambling|Kowtow Cleave|p1b: Dragapult
|-damage|p1b: Dragapult|35/100
|
|-weather|Snowscape|[upkeep]
|upkeep
|
|t:|1756332504
|switch|p1a: Ursaluna|Ursaluna-Bloodmoon, L50, M|100/100
|turn|5
|inactive|pimi19 has 30 seconds left.
|inactive|ZXMaverickHunter has 30 seconds left.
|
|t:|1756332537
|move|p1a: Ursaluna|Vacuum Wave|p2b: Noah's BFF
|-resisted|p2b: Noah's BFF
|-damage|p2b: Noah's BFF|3/100
|move|p2a: Kingambling|Sucker Punch|p1b: Dragapult
|-damage|p1b: Dragapult|0 fnt
|faint|p1b: Dragapult
|move|p2b: Noah's BFF|Close Combat|p1a: Ursaluna
|-supereffective|p1a: Ursaluna
|-damage|p1a: Ursaluna|16/100
|-unboost|p2b: Noah's BFF|def|1
|-unboost|p2b: Noah's BFF|spd|1
|
|-weather|none
|upkeep
|turn|6
|
|t:|1756332549
|move|p1a: Ursaluna|Vacuum Wave|p2a: Kingambling
|-supereffective|p2a: Kingambling
|-damage|p2a: Kingambling|22/100
|move|p2b: Noah's BFF|Close Combat|p1a: Ursaluna
|-supereffective|p1a: Ursaluna
|-damage|p1a: Ursaluna|0 fnt
|-unboost|p2b: Noah's BFF|def|1
|-unboost|p2b: Noah's BFF|spd|1
|faint|p1a: Ursaluna
|
|win|ZXMaverickHunter
|raw|pimi19's rating: 1198 → 1166(-32 for losing)
|raw|ZXMaverickHunter's rating: 1100 → 1132(+32 for winning)
