|j|☆SunDiazVGC
|j|☆MinasDevilCrobats
|html|SunDiazVGCMinasDevilCrobats    
|uhtml|bestof|Game 1 of a best-of-3
|t:|1756847834
|gametype|doubles
|player|p1|SunDiazVGC|marley|1104
|player|p2|MinasDevilCrobats|darach-caitlin|1216
|gen|9
|tier|[Gen 9] VGC 2025 Reg H (Bo3)
|rated|
|rule|Species Clause: Limit one of each Pokémon
|rule|Item Clause: Limit 1 of each item
|clearpoke
|poke|p1|Politoed, L50, M|
|poke|p1|Gothitelle, L50, M|
|poke|p1|Archaludon, L50, M|
|poke|p1|Incineroar, L50, F|
|poke|p1|Amoonguss, L50, M|
|poke|p1|Kingdra, L50, M|
|poke|p2|Indeedee, L50, M|
|poke|p2|Sneasler, L50, M|
|poke|p2|Dondozo, L50, F|
|poke|p2|Tatsugiri, L50, M|
|poke|p2|Talonflame, L50, F|
|poke|p2|Glimmora, L50, M|
|teampreview|4
|showteam|p1|Politoed||Leftovers|Drizzle|PerishSong,Protect,WeatherBall,Encore|||M|||50|,,,,,Grass]Gothitelle||SitrusBerry|ShadowTag|FakeOut,Protect,TrickRoom,Psychic|||M|||50|,,,,,Dark]Archaludon||PowerHerb|Sturdy|Protect,ElectroShot,DragonPulse,FlashCannon|||M|||50|,,,,,Electric]Incineroar||SafetyGoggles|Intimidate|Protect,KnockOff,PartingShot,FakeOut|||F|||50|,,,,,Water]Amoonguss||EjectButton|Regenerator|Protect,RagePowder,Spore,PollenPuff|||M|||50|,,,,,Fairy]Kingdra||LifeOrb|SwiftSwim|Protect,DracoMeteor,WeatherBall,MuddyWater|||M|||50|,,,,,Stellar
|showteam|p2|Indeedee||ChoiceScarf|PsychicSurge|ExpandingForce,DazzlingGleam,Trick,Protect|||M|||50|,,,,,Psychic]Sneasler||PsychicSeed|Unburden|CloseCombat,DireClaw,ThroatChop,Protect|||M|||50|,,,,,Dark]Dondozo||Leftovers|Unaware|WaveCrash,OrderUp,Earthquake,Protect|||F|||50|,,,,,Grass]Tatsugiri||LifeOrb|Commander|MuddyWater,DracoMeteor,DragonPulse,Protect|||M|||50|,,,,,Steel]Talonflame||CovertCloak|GaleWings|FlareBlitz,WillOWisp,Tailwind,Taunt|||F|||50|,,,,,Water]Glimmora||PowerHerb|ToxicDebris|MeteorBeam,SludgeBomb,EarthPower,SpikyShield|||M|||50|,,,,,Grass
|inactive|Battle timer is ON: inactive players will automatically lose when time's up. (requested by MinasDevilCrobats)
|
|t:|1756847872
|teamsize|p1|4
|teamsize|p2|4
|start
|switch|p1a: Gothitelle|Gothitelle, L50, M|100/100
|switch|p1b: Politoed|Politoed, L50, M|100/100
|switch|p2a: Talonflame|Talonflame, L50, F|100/100
|switch|p2b: Glimmora|Glimmora, L50, M|100/100
|-weather|RainDance|[from] ability: Drizzle|[of] p1b: Politoed
|turn|1
|
|t:|1756847889
|-terastallize|p2b: Glimmora|Grass
|move|p1a: Gothitelle|Fake Out|p2b: Glimmora
|-damage|p2b: Glimmora|94/100
|-activate|p2b: Glimmora|ability: Toxic Debris
|-sidestart|p1: SunDiazVGC|move: Toxic Spikes
|move|p2a: Talonflame|Taunt|p1b: Politoed
|-start|p1b: Politoed|move: Taunt
|cant|p2b: Glimmora|flinch
|move|p1b: Politoed|Weather Ball|p2a: Talonflame
|-supereffective|p2a: Talonflame
|-damage|p2a: Talonflame|0 fnt
|faint|p2a: Talonflame
|
|-weather|RainDance|[upkeep]
|upkeep
|
|t:|1756847903
|switch|p2a: Indeedee|Indeedee, L50, M|100/100
|-fieldstart|move: Psychic Terrain|[from] ability: Psychic Surge|[of] p2a: Indeedee
|turn|2
|inactive|MinasDevilCrobats has 30 seconds left.
|
|t:|1756847929
|switch|p1b: Incineroar|Incineroar, L50, F|100/100
|-status|p1b: Incineroar|psn
|-ability|p1b: Incineroar|Intimidate|boost
|-unboost|p2a: Indeedee|atk|1
|-unboost|p2b: Glimmora|atk|1
|-terastallize|p1a: Gothitelle|Dark
|move|p2a: Indeedee|Trick|p1b: Incineroar
|-activate|p2a: Indeedee|move: Trick|[of] p1b: Incineroar
|-item|p1b: Incineroar|Choice Scarf|[from] move: Trick
|-item|p2a: Indeedee|Safety Goggles|[from] move: Trick
|move|p2b: Glimmora|Sludge Bomb|p1a: Gothitelle
|-damage|p1a: Gothitelle|64/100
|-status|p1a: Gothitelle|psn
|move|p1a: Gothitelle|Psychic|p2b: Glimmora
|-damage|p2b: Glimmora|43/100
|
|-weather|RainDance|[upkeep]
|-damage|p1b: Incineroar|88/100 psn|[from] psn
|-damage|p1a: Gothitelle|52/100 psn|[from] psn
|upkeep
|turn|3
|
|t:|1756847952
|move|p2a: Indeedee|Protect|p2a: Indeedee
|-singleturn|p2a: Indeedee|Protect
|move|p2b: Glimmora|Spiky Shield|p2b: Glimmora
|-singleturn|p2b: Glimmora|move: Protect
|move|p1b: Incineroar|Knock Off|p2a: Indeedee
|-activate|p2a: Indeedee|move: Protect
|move|p1a: Gothitelle|Psychic|p2b: Glimmora
|-activate|p2b: Glimmora|move: Protect
|
|-weather|RainDance|[upkeep]
|-damage|p1b: Incineroar|76/100 psn|[from] psn
|-damage|p1a: Gothitelle|39/100 psn|[from] psn
|upkeep
|-enditem|p1a: Gothitelle|Sitrus Berry|[eat]
|-heal|p1a: Gothitelle|64/100 psn|[from] item: Sitrus Berry
|turn|4
|
|t:|1756847969
|switch|p1a: Archaludon|Archaludon, L50, M|100/100
|move|p2a: Indeedee|Dazzling Gleam|p1b: Incineroar|[spread] p1a,p1b
|-damage|p1a: Archaludon|75/100
|-damage|p1b: Incineroar|62/100 psn
|move|p2b: Glimmora|Earth Power|p1b: Incineroar
|-supereffective|p1b: Incineroar
|-damage|p1b: Incineroar|15/100 psn
|move|p1b: Incineroar|Knock Off|p2a: Indeedee
|-supereffective|p2a: Indeedee
|-damage|p2a: Indeedee|0 fnt
|-enditem|p2a: Indeedee|Safety Goggles|[from] move: Knock Off|[of] p1b: Incineroar
|faint|p2a: Indeedee
|
|-weather|RainDance|[upkeep]
|-damage|p1b: Incineroar|2/100 psn|[from] psn
|upkeep
|
|t:|1756847978
|switch|p2a: Sneasler|Sneasler, L50, M|100/100
|-enditem|p2a: Sneasler|Psychic Seed
|-boost|p2a: Sneasler|spd|1|[from] item: Psychic Seed
|turn|5
|
|t:|1756847986
|move|p2b: Glimmora|Spiky Shield|p2b: Glimmora
|-singleturn|p2b: Glimmora|move: Protect
|move|p2a: Sneasler|Close Combat|p1a: Archaludon
|-supereffective|p1a: Archaludon
|-damage|p1a: Archaludon|0 fnt
|-unboost|p2a: Sneasler|def|1
|-unboost|p2a: Sneasler|spd|1
|faint|p1a: Archaludon
|move|p1b: Incineroar|Knock Off|p2b: Glimmora
|-activate|p2b: Glimmora|move: Protect
|-damage|p1b: Incineroar|0 fnt|[from] Spiky Shield|[of] p2b: Glimmora
|faint|p1b: Incineroar
|
|-weather|none
|upkeep
|
|t:|1756847990
|switch|p1a: Gothitelle|Gothitelle, L50, M, tera:Dark|64/100 psn
|switch|p1b: Politoed|Politoed, L50, M|100/100
|-status|p1b: Politoed|psn
|-weather|RainDance|[from] ability: Drizzle|[of] p1b: Politoed
|turn|6
|inactive|MinasDevilCrobats has 30 seconds left.
|
|t:|1756848017
|move|p2a: Sneasler|Close Combat|p1b: Politoed
|-crit|p1b: Politoed
|-damage|p1b: Politoed|8/100 psn
|-unboost|p2a: Sneasler|def|1
|-unboost|p2a: Sneasler|spd|1
|move|p2b: Glimmora|Sludge Bomb|p1b: Politoed
|-damage|p1b: Politoed|0 fnt
|faint|p1b: Politoed
|move|p1a: Gothitelle|Psychic|p2a: Sneasler
|-supereffective|p2a: Sneasler
|-crit|p2a: Sneasler
|-damage|p2a: Sneasler|0 fnt
|faint|p2a: Sneasler
|
|-weather|RainDance|[upkeep]
|-damage|p1a: Gothitelle|52/100 psn|[from] psn
|-fieldend|move: Psychic Terrain
|upkeep
|turn|7
|
|t:|1756848035
|move|p2b: Glimmora|Spiky Shield|p2b: Glimmora
|-singleturn|p2b: Glimmora|move: Protect
|move|p1a: Gothitelle|Trick Room|p1a: Gothitelle
|-fieldstart|move: Trick Room|[of] p1a: Gothitelle
|
|-weather|RainDance|[upkeep]
|-damage|p1a: Gothitelle|39/100 psn|[from] psn
|upkeep
|turn|8
|
|t:|1756848040
|move|p1a: Gothitelle|Psychic|p2b: Glimmora
|-damage|p2b: Glimmora|5/100
|move|p2b: Glimmora|Sludge Bomb|p1a: Gothitelle
|-damage|p1a: Gothitelle|0 fnt
|faint|p1a: Gothitelle
|
|win|MinasDevilCrobats
||SunDiazVGC is ready for game 2.
||MinasDevilCrobats is ready for game 2.
|uhtml|next|Next: Game 2 of 3
|l|☆SunDiazVGC
|player|p1|
