|j|☆steelag0
|j|☆Pokeman2010ash
|html|steelag0Pokeman2010ash    
|uhtml|bestof|Game 1 of a best-of-3
|t:|1782403443
|gametype|doubles
|player|p1|steelag0|policeman-gen4|1050
|player|p2|Pokeman2010ash|lucas|1142
|gen|9
|tier|[Gen 9 Champions] VGC 2026 Reg M-B (Bo3)
|rated|
|rule|Species Clause: Limit one of each Pokémon
|rule|Item Clause: Limit 1 of each item
|clearpoke
|poke|p1|Hydreigon, L50, F|
|poke|p1|Garchomp, L50, F|
|poke|p1|Metagross, L50|
|poke|p1|Charizard, L50, M|
|poke|p1|Grimmsnarl, L50, M|
|poke|p1|Toxapex, L50, M|
|poke|p2|Pelipper, L50, F|
|poke|p2|Swampert, L50, F|
|poke|p2|Archaludon, L50, M, shiny|
|poke|p2|Staraptor, L50, M, shiny|
|poke|p2|Grimmsnarl, L50, M, shiny|
|poke|p2|Sinistcha-Masterpiece, L50|
|teampreview|4
|showteam|p1|Hydreigon||ChoiceScarf|Levitate|HeatWave,DarkPulse,DracoMeteor,Snarl|Modest||F|||50|]Garchomp||SitrusBerry|RoughSkin|Earthquake,RockSlide,DragonClaw,Protect|Adamant||F|||50|]Metagross||Metagrossite|ClearBody|IronHead,PsychicFangs,BulletPunch,Protect|Adamant|||||50|]Charizard||CharizarditeY|Blaze|Protect,HeatWave,SolarBeam,WeatherBall|Timid||M|||50|]Grimmsnarl||RoseliBerry|Prankster|FakeOut,FoulPlay,Reflect,PartingShot|Sassy||M|||50|]Toxapex||Leftovers|Regenerator|Infestation,Toxic,BanefulBunker,WideGuard|Bold||M|||50|
|showteam|p2|Pelipper||SitrusBerry|Drizzle|WideGuard,Tailwind,WeatherBall,Hurricane|Modest||F|||50|]Swampert||Swampertite|Torrent|Earthquake,WaveCrash,FlipTurn,Protect|Adamant||F|||50|]Archaludon||Leftovers|Stamina|ElectroShot,DragonPulse,FlashCannon,Protect|Calm||M|||50|]Staraptor||Staraptite|Intimidate|CloseCombat,BraveBird,Protect,Roost|Jolly||M|||50|]Grimmsnarl||LightClay|Prankster|Reflect,LightScreen,PartingShot,SpiritBreak|Adamant||M|||50|]Sinistcha-Masterpiece||KasibBerry|Hospitality|MatchaGotcha,LifeDew,RagePowder,Protect|Modest|||||50|
|inactive|Battle timer is ON: inactive players will automatically lose when time's up. (requested by Pokeman2010ash)
|
|t:|1782403519
|teamsize|p1|4
|teamsize|p2|4
|start
|switch|p1a: Grimmsnarl|Grimmsnarl, L50, M|100/100
|switch|p1b: Charizard|Charizard, L50, M|100/100
|switch|p2a: Swampert|Swampert, L50, F|100/100
|switch|p2b: Grimmsnarl|Grimmsnarl, L50, M, shiny|100/100
|turn|1
|inactive|steelag0 has 30 seconds left.
|inactive|Pokeman2010ash has 30 seconds left.
|
|t:|1782403552
|detailschange|p1b: Charizard|Charizard-Mega-Y, L50, M
|-mega|p1b: Charizard|Charizard|Charizardite Y
|-weather|SunnyDay|[from] ability: Drought|[of] p1b: Charizard
|detailschange|p2a: Swampert|Swampert-Mega, L50, F
|-mega|p2a: Swampert|Swampert|Swampertite
|move|p2a: Swampert|Protect|p2a: Swampert
|-singleturn|p2a: Swampert|Protect
|move|p1a: Grimmsnarl|Fake Out|p2a: Swampert
|-activate|p2a: Swampert|move: Protect
|move|p2b: Grimmsnarl|Light Screen|p2b: Grimmsnarl
|-sidestart|p2: Pokeman2010ash|move: Light Screen
|move|p1b: Charizard|Solar Beam||[still]
|-prepare|p1b: Charizard|Solar Beam
|-anim|p1b: Charizard|Solar Beam|p2a: Swampert
|-activate|p2a: Swampert|move: Protect
|
|-weather|SunnyDay|[upkeep]
|upkeep
|turn|2
|inactive|steelag0 has 30 seconds left.
|
|t:|1782403581
|move|p1b: Charizard|Protect|p1b: Charizard
|-singleturn|p1b: Charizard|Protect
|move|p2b: Grimmsnarl|Parting Shot|p1b: Charizard
|-activate|p1b: Charizard|move: Protect
|move|p2a: Swampert|Wave Crash|p1b: Charizard
|-activate|p1b: Charizard|move: Protect
|move|p1a: Grimmsnarl|Foul Play|p2a: Swampert
|-damage|p2a: Swampert|51/100
|
|-weather|SunnyDay|[upkeep]
|upkeep
|turn|3
|inactive|Pokeman2010ash has 30 seconds left.
|inactive|Pokeman2010ash has 20 seconds left.
|
|t:|1782403617
|switch|p1b: Toxapex|Toxapex, L50, M|100/100
|move|p2a: Swampert|Flip Turn|p1b: Toxapex
|-resisted|p1b: Toxapex|1
|-damage|p1b: Toxapex|94/100
|
|t:|1782403622
|switch|p2a: Archaludon|Archaludon, L50, M, shiny|100/100|[from] Flip Turn
|move|p2b: Grimmsnarl|Spirit Break|p1a: Grimmsnarl
|-supereffective|p1a: Grimmsnarl|1
|-enditem|p1a: Grimmsnarl|Roseli Berry|[eat]
|-enditem|p1a: Grimmsnarl|Roseli Berry|[weaken]
|-damage|p1a: Grimmsnarl|59/100
|-unboost|p1a: Grimmsnarl|spa|1
|move|p1a: Grimmsnarl|Foul Play|p2a: Archaludon
|-damage|p2a: Archaludon|72/100
|-ability|p2a: Archaludon|Stamina|boost
|-boost|p2a: Archaludon|def|1
|
|-weather|SunnyDay|[upkeep]
|-heal|p2a: Archaludon|78/100|[from] item: Leftovers
|-heal|p1b: Toxapex|100/100|[from] item: Leftovers
|upkeep
|turn|4
|inactive|steelag0 has 30 seconds left.
|
|t:|1782403655
|move|p2b: Grimmsnarl|Parting Shot|p1b: Toxapex
|-unboost|p1b: Toxapex|atk|1
|-unboost|p1b: Toxapex|spa|1
|
|t:|1782403658
|switch|p2b: Pelipper|Pelipper, L50, F|100/100|[from] Parting Shot
|-weather|RainDance|[from] ability: Drizzle|[of] p2b: Pelipper
|move|p1a: Grimmsnarl|Parting Shot|p2a: Archaludon
|-unboost|p2a: Archaludon|atk|1
|-unboost|p2a: Archaludon|spa|1
|
|t:|1782403675
|switch|p1a: Garchomp|Garchomp, L50, F|100/100|[from] Parting Shot
|move|p2a: Archaludon|Electro Shot||[still]
|-prepare|p2a: Archaludon|Electro Shot
|-boost|p2a: Archaludon|spa|1
|-anim|p2a: Archaludon|Electro Shot|p1b: Toxapex
|-supereffective|p1b: Toxapex|1
|-damage|p1b: Toxapex|36/100
|move|p1b: Toxapex|Toxic|p2b: Pelipper
|-status|p2b: Pelipper|tox
|
|-weather|RainDance|[upkeep]
|-heal|p2a: Archaludon|85/100|[from] item: Leftovers
|-heal|p1b: Toxapex|42/100|[from] item: Leftovers
|-damage|p2b: Pelipper|93/100 tox|[from] psn
|upkeep
|turn|5
|
|t:|1782403697
|move|p1b: Toxapex|Baneful Bunker|p1b: Toxapex
|-singleturn|p1b: Toxapex|move: Protect
|move|p2b: Pelipper|Wide Guard|p2b: Pelipper
|-singleturn|p2b: Pelipper|Wide Guard
|move|p1a: Garchomp|Earthquake|p2b: Pelipper|[spread] 
|-activate|p2a: Archaludon|move: Wide Guard
|-activate|p2b: Pelipper|move: Wide Guard
|-activate|p1b: Toxapex|move: Protect
|move|p2a: Archaludon|Electro Shot||[still]
|-prepare|p2a: Archaludon|Electro Shot
|-boost|p2a: Archaludon|spa|1
|-anim|p2a: Archaludon|Electro Shot|p1b: Toxapex
|-activate|p1b: Toxapex|move: Protect
|
|-weather|RainDance|[upkeep]
|-heal|p2a: Archaludon|91/100|[from] item: Leftovers
|-heal|p1b: Toxapex|47/100|[from] item: Leftovers
|-damage|p2b: Pelipper|81/100 tox|[from] psn
|upkeep
|turn|6
|
|t:|1782403721
|-heal|p1b: Toxapex|80/100|[from] ability: Regenerator|[silent]
|switch|p1b: Charizard|Charizard-Mega-Y, L50, M|100/100
|-weather|SunnyDay|[from] ability: Drought|[of] p1b: Charizard
|move|p2a: Archaludon|Protect|p2a: Archaludon
|-singleturn|p2a: Archaludon|Protect
|move|p1a: Garchomp|Dragon Claw|p2a: Archaludon
|-activate|p2a: Archaludon|move: Protect
|move|p2b: Pelipper|Tailwind|p2b: Pelipper
|-sidestart|p2: Pokeman2010ash|move: Tailwind
|
|-weather|SunnyDay|[upkeep]
|-heal|p2a: Archaludon|97/100|[from] item: Leftovers
|-damage|p2b: Pelipper|62/100 tox|[from] psn
|upkeep
|turn|7
|inactive|steelag0 has 30 seconds left.
|
|t:|1782403752
|switch|p2b: Grimmsnarl|Grimmsnarl, L50, M, shiny|100/100
|move|p2a: Archaludon|Dragon Pulse|p1b: Charizard
|-damage|p1b: Charizard|49/100
|move|p1b: Charizard|Weather Ball|p2a: Archaludon
|-damage|p2a: Archaludon|42/100
|-ability|p2a: Archaludon|Stamina|boost
|-boost|p2a: Archaludon|def|1
|move|p1a: Garchomp|Dragon Claw|p2b: Grimmsnarl
|-immune|p2b: Grimmsnarl
|
|-weather|SunnyDay|[upkeep]
|-heal|p2a: Archaludon|48/100|[from] item: Leftovers
|upkeep
|turn|8
|inactive|steelag0 has 30 seconds left.
|inactive|steelag0 has 20 seconds left.
|inactive|steelag0 has 15 seconds left.
|
|t:|1782403794
|move|p2b: Grimmsnarl|Parting Shot|p1a: Garchomp
|-unboost|p1a: Garchomp|atk|1
|-unboost|p1a: Garchomp|spa|1
|
|t:|1782403798
|switch|p2b: Pelipper|Pelipper, L50, F|62/100 tox|[from] Parting Shot
|-weather|RainDance|[from] ability: Drizzle|[of] p2b: Pelipper
|move|p2a: Archaludon|Electro Shot||[still]
|-prepare|p2a: Archaludon|Electro Shot
|-boost|p2a: Archaludon|spa|1
|-anim|p2a: Archaludon|Electro Shot|p1b: Charizard
|-supereffective|p1b: Charizard|1
|-damage|p1b: Charizard|0 fnt
|faint|p1b: Charizard
|move|p1a: Garchomp|Earthquake|p2a: Archaludon|[spread] p2a
|-immune|p2b: Pelipper
|-supereffective|p2a: Archaludon|1
|-damage|p2a: Archaludon|24/100
|-ability|p2a: Archaludon|Stamina|boost
|-boost|p2a: Archaludon|def|1
|
|-weather|RainDance|[upkeep]
|-heal|p2a: Archaludon|30/100|[from] item: Leftovers
|-damage|p2b: Pelipper|56/100 tox|[from] psn
|-sideend|p2: Pokeman2010ash|move: Light Screen
|upkeep
|
|t:|1782403821
|switch|p1b: Toxapex|Toxapex, L50, M|80/100
|turn|9
|
|t:|1782403830
|move|p1a: Garchomp|Protect|p1a: Garchomp
|-singleturn|p1a: Garchomp|Protect
|move|p2b: Pelipper|Wide Guard|p2b: Pelipper
|-singleturn|p2b: Pelipper|Wide Guard
|move|p2a: Archaludon|Electro Shot||[still]
|-prepare|p2a: Archaludon|Electro Shot
|-boost|p2a: Archaludon|spa|1
|-anim|p2a: Archaludon|Electro Shot|p1b: Toxapex
|-supereffective|p1b: Toxapex|1
|-damage|p1b: Toxapex|0 fnt
|faint|p1b: Toxapex
|
|-weather|RainDance|[upkeep]
|-heal|p2a: Archaludon|36/100|[from] item: Leftovers
|-damage|p2b: Pelipper|43/100 tox|[from] psn
|-sideend|p2: Pokeman2010ash|move: Tailwind
|upkeep
|-enditem|p2b: Pelipper|Sitrus Berry|[eat]
|-heal|p2b: Pelipper|68/100 tox|[from] item: Sitrus Berry
|-message|steelag0 forfeited.
|
|win|Pokeman2010ash
||Pokeman2010ash is ready for game 2.
|inactive|steelag0 has 30 seconds to confirm battle start!
