|j|☆RonJohn
|j|☆PursatiEvol
|html|RonJohnPursatiEvol    
|uhtml|bestof|Game 2 of a best-of-3
|t:|1756352755
|gametype|doubles
|player|p1|RonJohn|169|1102
|player|p2|PursatiEvol|1|1000
|gen|9
|tier|[Gen 9] VGC 2025 Reg H (Bo3)
|rated|
|rule|Species Clause: Limit one of each Pokémon
|rule|Item Clause: Limit 1 of each item
|clearpoke
|poke|p1|Ninetales-Alola, L50, F|
|poke|p1|Dragonite, L50, F|
|poke|p1|Amoonguss, L50, M|
|poke|p1|Incineroar, L50, M|
|poke|p1|Gholdengo, L50|
|poke|p1|Ursaluna-Bloodmoon, L50, M|
|poke|p2|Sneasler, L50, F|
|poke|p2|Dragapult, L50, F|
|poke|p2|Primarina, L50, M|
|poke|p2|Rillaboom, L50, M|
|poke|p2|Kingambit, L50, F|
|poke|p2|Magmar, L50, M|
|teampreview|4
|showteam|p1|Ninetales-Alola||FocusSash|SnowWarning|Blizzard,IcyWind,Protect,Encore|||F|||50|,,,,,Ice]Dragonite||LoadedDice|Multiscale|ScaleShot,Tailwind,Protect,Haze|||F|||50|,,,,,Fairy]Amoonguss||SitrusBerry|Regenerator|PollenPuff,Spore,Protect,RagePowder|||M|||50|,,,,,Psychic]Incineroar||SafetyGoggles|Intimidate|FlareBlitz,KnockOff,FakeOut,PartingShot|||M|||50|,,,,,Ghost]Gholdengo||LifeOrb|GoodasGold|MakeItRain,ShadowBall,Protect,NastyPlot||||||50|,,,,,Water]Ursaluna-Bloodmoon||AssaultVest|MindsEye|BloodMoon,EarthPower,HyperVoice,VacuumWave|||M|||50|,,,,,Water
|showteam|p2|Sneasler||FocusSash|PoisonTouch|CloseCombat,DireClaw,FakeOut,Protect|||F|||50|,,,,,Stellar]Dragapult||ChoiceBand|ClearBody|DragonDarts,TeraBlast,PhantomForce,Uturn|||F|||50|,,,,,Ghost]Primarina||SitrusBerry|LiquidVoice|HyperVoice,Moonblast,Haze,Protect|||M|||50|,,,,,Water]Rillaboom||AssaultVest|GrassySurge|WoodHammer,GrassyGlide,HighHorsepower,FakeOut|||M|||50|,,,,,Fire]Kingambit||BlackGlasses|Defiant|KowtowCleave,SuckerPunch,SwordsDance,Protect|||F|||50|,,,,,Ghost]Magmar||Eviolite|VitalSpirit|Overheat,WillOWisp,FollowMe,Protect|||M|||50|,,,,,Ghost
|c|☆PursatiEvol|a
|inactive|Battle timer is ON: inactive players will automatically lose when time's up. (requested by RonJohn)
|c|☆RonJohn|?
|c|☆PursatiEvol|i want to register the account
|inactive|RonJohn has 60 seconds left.
|c|☆PursatiEvol|thought it wouldnt let me write anything
|c|☆PursatiEvol|:v
|inactive|RonJohn has 30 seconds left.
|
|t:|1756352846
|teamsize|p1|4
|teamsize|p2|4
|start
|switch|p1a: 1989|Dragonite, L50, F|100/100
|switch|p1b: Red|Incineroar, L50, M|100/100
|switch|p2a: Magmar|Magmar, L50, M|100/100
|switch|p2b: Kingambit|Kingambit, L50, F|100/100
|-ability|p1b: Red|Intimidate|boost
|-unboost|p2a: Magmar|atk|1
|-unboost|p2b: Kingambit|atk|1
|-ability|p2b: Kingambit|Defiant|boost
|-boost|p2b: Kingambit|atk|2
|turn|1
|inactive|PursatiEvol has 30 seconds left.
|
|t:|1756352874
|move|p2b: Kingambit|Protect|p2b: Kingambit
|-singleturn|p2b: Kingambit|Protect
|move|p1b: Red|Fake Out|p2b: Kingambit
|-activate|p2b: Kingambit|move: Protect
|move|p1a: 1989|Tailwind|p1a: 1989
|-sidestart|p1: RonJohn|move: Tailwind
|move|p2a: Magmar|Will-O-Wisp|p1a: 1989
|-status|p1a: 1989|brn
|
|-damage|p1a: 1989|95/100 brn|[from] brn
|upkeep
|turn|2
|inactive|RonJohn has 30 seconds left.
|
|t:|1756352905
|move|p2a: Magmar|Follow Me|p2a: Magmar
|-singleturn|p2a: Magmar|move: Follow Me
|move|p1a: 1989|Scale Shot|p2a: Magmar
|-damage|p2a: Magmar|94/100
|-damage|p2a: Magmar|88/100
|-damage|p2a: Magmar|82/100
|-damage|p2a: Magmar|77/100
|-damage|p2a: Magmar|71/100
|-hitcount|p2a: Magmar|5
|-unboost|p1a: 1989|def|1
|-boost|p1a: 1989|spe|1
|move|p1b: Red|Parting Shot|p2a: Magmar
|-unboost|p2a: Magmar|atk|1
|-unboost|p2a: Magmar|spa|1
|
|t:|1756352928
|switch|p1b: Reputation|Ursaluna-Bloodmoon, L50, M|100/100|[from] Parting Shot
|move|p2b: Kingambit|Kowtow Cleave|p1a: 1989
|-damage|p1a: 1989|0 fnt
|faint|p1a: 1989
|
|upkeep
|
|t:|1756352949
|switch|p1a: Red|Incineroar, L50, M|100/100
|-ability|p1a: Red|Intimidate|boost
|-unboost|p2a: Magmar|atk|1
|-unboost|p2b: Kingambit|atk|1
|-ability|p2b: Kingambit|Defiant|boost
|-boost|p2b: Kingambit|atk|2
|turn|3
|
|t:|1756352968
|move|p2a: Magmar|Protect|p2a: Magmar
|-singleturn|p2a: Magmar|Protect
|move|p2b: Kingambit|Protect|p2b: Kingambit
|-singleturn|p2b: Kingambit|Protect
|move|p1a: Red|Fake Out|p2a: Magmar
|-activate|p2a: Magmar|move: Protect
|move|p1b: Reputation|Earth Power|p2b: Kingambit
|-activate|p2b: Kingambit|move: Protect
|
|upkeep
|turn|4
|inactive|RonJohn has 30 seconds left.
|
|t:|1756352993
|move|p2a: Magmar|Follow Me|p2a: Magmar
|-singleturn|p2a: Magmar|move: Follow Me
|move|p1a: Red|Knock Off|p2a: Magmar
|-crit|p2a: Magmar
|-damage|p2a: Magmar|23/100
|-enditem|p2a: Magmar|Eviolite|[from] move: Knock Off|[of] p1a: Red
|move|p1b: Reputation|Earth Power|p2a: Magmar
|-supereffective|p2a: Magmar
|-crit|p2a: Magmar
|-damage|p2a: Magmar|0 fnt
|faint|p2a: Magmar
|move|p2b: Kingambit|Kowtow Cleave|p1b: Reputation
|-damage|p1b: Reputation|19/100
|
|-sideend|p1: RonJohn|move: Tailwind
|upkeep
|
|t:|1756353009
|switch|p2a: Sneasler|Sneasler, L50, F|100/100
|turn|5
|inactive|PursatiEvol has 30 seconds left.
|
|t:|1756353044
|-terastallize|p1a: Red|Ghost
|move|p2b: Kingambit|Protect|p2b: Kingambit
|-singleturn|p2b: Kingambit|Protect
|move|p1b: Reputation|Vacuum Wave|p2b: Kingambit
|-activate|p2b: Kingambit|move: Protect
|move|p2a: Sneasler|Close Combat|p1b: Reputation
|-supereffective|p1b: Reputation
|-damage|p1b: Reputation|0 fnt
|-unboost|p2a: Sneasler|def|1
|-unboost|p2a: Sneasler|spd|1
|faint|p1b: Reputation
|move|p1a: Red|Flare Blitz|p2b: Kingambit
|-activate|p2b: Kingambit|move: Protect
|
|upkeep
|c|☆RonJohn|Click on your name in the top right and then you have the option to register
|
|t:|1756353060
|switch|p1b: Folklore|Gholdengo, L50|100/100
|turn|6
|inactive|PursatiEvol has 30 seconds left.
|inactive|PursatiEvol has 20 seconds left.
|inactive|PursatiEvol has 15 seconds left.
|
|t:|1756353104
|move|p2b: Kingambit|Sucker Punch|p1a: Red
|-supereffective|p1a: Red
|-damage|p1a: Red|0 fnt
|faint|p1a: Red
|move|p2a: Sneasler|Dire Claw|p1b: Folklore
|-immune|p1b: Folklore
|move|p1b: Folklore|Make It Rain|p2a: Sneasler|[spread] p2a,p2b
|-resisted|p2b: Kingambit
|-enditem|p2a: Sneasler|Focus Sash
|-damage|p2a: Sneasler|1/100
|-damage|p2b: Kingambit|73/100
|-unboost|p1b: Folklore|spa|1
|-damage|p1b: Folklore|91/100|[from] item: Life Orb
|
|upkeep
|turn|7
|c|☆PursatiEvol|i swear it doesnt let me
|c|☆PursatiEvol|somethings off
|
|t:|1756353125
|move|p2a: Sneasler|Protect|p2a: Sneasler
|-singleturn|p2a: Sneasler|Protect
|move|p1b: Folklore|Make It Rain|p2b: Kingambit|[spread] p2b
|-activate|p2a: Sneasler|move: Protect
|-resisted|p2b: Kingambit
|-damage|p2b: Kingambit|51/100
|-unboost|p1b: Folklore|spa|1
|-damage|p1b: Folklore|81/100|[from] item: Life Orb
|move|p2b: Kingambit|Kowtow Cleave|p1b: Folklore
|-supereffective|p1b: Folklore
|-damage|p1b: Folklore|0 fnt
|faint|p1b: Folklore
|
|win|PursatiEvol
|raw|RonJohn's rating: 1102 → 1070(-32 for losing)
|raw|PursatiEvol's rating: 1000 → 1051(+51 for winning)
|c|☆PursatiEvol|gg
|c|☆RonJohn|gg wp
|l|☆RonJohn
|player|p1|
|n|☆PursatiEvol|pursatievol
