|j|☆FAMILIARCOL
|j|☆Jakobtc
|html|FAMILIARCOLJakobtc    
|uhtml|bestof|Game 2 of a best-of-3
|t:|1757727658
|gametype|doubles
|player|p1|FAMILIARCOL|266|1076
|player|p2|Jakobtc|riley|1167
|gen|9
|tier|[Gen 9] VGC 2025 Reg H (Bo3)
|rated|
|rule|Species Clause: Limit one of each Pokémon
|rule|Item Clause: Limit 1 of each item
|clearpoke
|poke|p1|Amoonguss, L50, F|
|poke|p1|Dragonite, L50, F|
|poke|p1|Incineroar, L50, M|
|poke|p1|Murkrow, L50, M|
|poke|p1|Ursaluna-Bloodmoon, L50, M|
|poke|p1|Garchomp, L50, F|
|poke|p2|Drifblim, L50, F|
|poke|p2|Indeedee, L50, M|
|poke|p2|Arcanine-Hisui, L50, M|
|poke|p2|Garchomp, L50, M|
|poke|p2|Amoonguss, L50, F|
|poke|p2|Magnezone, L50|
|teampreview|4
|showteam|p1|Amoonguss||MentalHerb|Regenerator|Spore,RagePowder,PollenPuff,ClearSmog|||F|||50|,,,,,Water]Dragonite||LoadedDice|Multiscale|ScaleShot,ExtremeSpeed,AerialAce,DragonDance|||F|||50|,,,,,Normal]Incineroar||SitrusBerry|Intimidate|FakeOut,KnockOff,WillOWisp,PartingShot|||M|||50|,,,,,Grass]Murkrow||Eviolite|Prankster|Tailwind,Haze,Taunt,FoulPlay|||M|||50|,,,,,Ghost]Ursaluna-Bloodmoon||AssaultVest|MindsEye|BloodMoon,HyperVoice,EarthPower,VacuumWave|||M|||50|,,,,,Normal]Garchomp||ClearAmulet|RoughSkin|Earthquake,RockSlide,DragonClaw,Protect|||F|||50|,,,,,Ground
|showteam|p2|Drifblim||PsychicSeed|Unburden|Tailwind,StrengthSap,WillOWisp,Acrobatics|||F|||50|,,,,,Grass]Indeedee||FocusSash|PsychicSurge|ExpandingForce,TeraBlast,SkillSwap,Protect|||M|||50|,,,,,Fighting]Arcanine-Hisui||ChoiceBand|Intimidate|RockSlide,FlareBlitz,ExtremeSpeed,CloseCombat|||M|||50|,,,,,Grass]Garchomp||LifeOrb|RoughSkin|StompingTantrum,DragonClaw,Earthquake,Protect|||M|||50|,,,,,Ground]Amoonguss||SitrusBerry|Regenerator|Spore,LeafStorm,RagePowder,Protect|||F|||50|,,,,,Water]Magnezone||ChoiceSpecs|MagnetPull|Thunderbolt,TeraBlast,FlashCannon,VoltSwitch||||||50|,,,,,Flying
|inactive|Battle timer is ON: inactive players will automatically lose when time's up. (requested by FAMILIARCOL)
|
|t:|1757727694
|teamsize|p1|4
|teamsize|p2|4
|start
|switch|p1a: Garchomp|Garchomp, L50, F, shiny|100/100
|switch|p1b: Murkrow|Murkrow, L50, M, shiny|100/100
|switch|p2a: Magnezone|Magnezone, L50|100/100
|switch|p2b: Indeedee|Indeedee, L50, M|100/100
|-fieldstart|move: Psychic Terrain|[from] ability: Psychic Surge|[of] p2b: Indeedee
|turn|1
|
|t:|1757727715
|-terastallize|p1a: Garchomp|Ground
|-terastallize|p2a: Magnezone|Flying
|move|p1b: Murkrow|Tailwind|p1b: Murkrow
|-sidestart|p1: FAMILIARCOL|move: Tailwind
|move|p1a: Garchomp|Earthquake|p2b: Indeedee|[spread] p2b
|-immune|p1b: Murkrow
|-immune|p2a: Magnezone
|-enditem|p2b: Indeedee|Focus Sash
|-damage|p2b: Indeedee|1/100
|move|p2b: Indeedee|Expanding Force|p1a: Garchomp|[spread] p1a
|-immune|p1b: Murkrow
|-damage|p1a: Garchomp|45/100
|move|p2a: Magnezone|Volt Switch|p1b: Murkrow
|-supereffective|p1b: Murkrow
|-damage|p1b: Murkrow|0 fnt
|faint|p1b: Murkrow
|
|t:|1757727731
|switch|p2a: Arcanine|Arcanine-Hisui, L50, M|100/100|[from] Volt Switch
|-ability|p2a: Arcanine|Intimidate|boost
|-fail|p1a: Garchomp|unboost|[from] item: Clear Amulet|[of] p1a: Garchomp
|
|upkeep
|
|t:|1757727740
|switch|p1b: Ursaluna|Ursaluna-Bloodmoon, L50, M|100/100
|turn|2
|
|t:|1757727757
|switch|p2a: Drifblim|Drifblim, L50, F|100/100
|-enditem|p2a: Drifblim|Psychic Seed
|-boost|p2a: Drifblim|spd|1|[from] item: Psychic Seed
|move|p2b: Indeedee|Protect|p2b: Indeedee
|-singleturn|p2b: Indeedee|Protect
|move|p1a: Garchomp|Rock Slide|p2b: Indeedee|[spread] 
|-activate|p2b: Indeedee|move: Protect
|-miss|p1a: Garchomp|p2a: Drifblim
|move|p1b: Ursaluna|Earth Power|p2a: Drifblim
|-immune|p2a: Drifblim
|
|upkeep
|turn|3
|
|t:|1757727781
|move|p1a: Garchomp|Rock Slide|p2a: Drifblim|[spread] p2a,p2b
|-supereffective|p2a: Drifblim
|-damage|p2a: Drifblim|53/100
|-damage|p2b: Indeedee|0 fnt
|faint|p2b: Indeedee
|move|p2a: Drifblim|Tailwind|p2a: Drifblim
|-sidestart|p2: Jakobtc|move: Tailwind
|move|p1b: Ursaluna|Blood Moon|p2a: Drifblim
|-damage|p2a: Drifblim|0 fnt
|faint|p2a: Drifblim
|
|upkeep
|
|t:|1757727792
|switch|p2b: Magnezone|Magnezone, L50, tera:Flying|100/100
|switch|p2a: Arcanine|Arcanine-Hisui, L50, M|100/100
|-ability|p2a: Arcanine|Intimidate|boost
|-fail|p1a: Garchomp|unboost|[from] item: Clear Amulet|[of] p1a: Garchomp
|-unboost|p1b: Ursaluna|atk|1
|turn|4
|
|t:|1757727811
|move|p1a: Garchomp|Rock Slide|p2a: Arcanine|[spread] p2a,p2b
|-supereffective|p2a: Arcanine
|-supereffective|p2b: Magnezone
|-damage|p2a: Arcanine|46/100
|-damage|p2b: Magnezone|64/100
|move|p2a: Arcanine|Close Combat|p1b: Ursaluna
|-supereffective|p1b: Ursaluna
|-damage|p1b: Ursaluna|10/100
|-unboost|p2a: Arcanine|def|1
|-unboost|p2a: Arcanine|spd|1
|move|p1b: Ursaluna|Earth Power|p2a: Arcanine
|-supereffective|p2a: Arcanine
|-damage|p2a: Arcanine|0 fnt
|faint|p2a: Arcanine
|cant|p2b: Magnezone|flinch
|
|-sideend|p1: FAMILIARCOL|move: Tailwind
|upkeep
|turn|5
|inactive|FAMILIARCOL has 30 seconds left.
|inactive|FAMILIARCOL has 20 seconds left.
|inactive|FAMILIARCOL has 15 seconds left.
|inactive|FAMILIARCOL has 10 seconds left.
|inactive|FAMILIARCOL has 5 seconds left.
|
|t:|1757727866
|move|p2b: Magnezone|Tera Blast|p1b: Ursaluna|[anim] Tera Blast Flying
|-damage|p1b: Ursaluna|0 fnt
|faint|p1b: Ursaluna
|move|p1a: Garchomp|Earthquake|p2b: Magnezone
|-immune|p2b: Magnezone
|
|-fieldend|move: Psychic Terrain
|upkeep
|
|t:|1757727872
|switch|p1b: Incineroar|Incineroar, L50, M, shiny|100/100
|-ability|p1b: Incineroar|Intimidate|boost
|-unboost|p2b: Magnezone|atk|1
|turn|6
|
|t:|1757727881
|move|p1b: Incineroar|Fake Out|p2b: Magnezone
|-damage|p2b: Magnezone|54/100
|cant|p2b: Magnezone|flinch
|move|p1a: Garchomp|Dragon Claw|p2b: Magnezone
|-damage|p2b: Magnezone|14/100
|
|-sideend|p2: Jakobtc|move: Tailwind
|upkeep
|turn|7
|
|t:|1757727893
|move|p1a: Garchomp|Dragon Claw|p2b: Magnezone
|-damage|p2b: Magnezone|0 fnt
|faint|p2b: Magnezone
|
|win|FAMILIARCOL
