|j|☆papalima
|j|☆circleming
|html|papalimacircleming    
|uhtml|bestof|Game 3 of a best-of-3
|t:|1785434800
|gametype|doubles
|player|p1|papalima|266|1354
|player|p2|circleming|170|1289
|gen|9
|tier|[Gen 9 Champions] VGC 2026 Reg M-B (Bo3)
|rated|
|rule|Species Clause: Limit one of each Pokémon
|rule|Item Clause: Limit 1 of each item
|clearpoke
|poke|p1|Tyranitar, L50, F|
|poke|p1|Excadrill, L50, M|
|poke|p1|Gholdengo, L50|
|poke|p1|Milotic, L50, F|
|poke|p1|Sinistcha, L50|
|poke|p1|Staraptor, L50, M|
|poke|p2|Delphox, L50, F, shiny|
|poke|p2|Incineroar, L50, F, shiny|
|poke|p2|Kingambit, L50, F, shiny|
|poke|p2|Sinistcha, L50, shiny|
|poke|p2|Sneasler, L50, F, shiny|
|poke|p2|Blastoise, L50, F, shiny|
|teampreview|4
|showteam|p1|Tyranitar||Tyranitarite|SandStream|RockSlide,KnockOff,LowKick,Protect|Jolly||F|||50|]Excadrill||FocusSash|SandRush|HighHorsepower,IronHead,RockSlide,Protect|Adamant||M|||50|]Gholdengo||LifeOrb|GoodasGold|ShadowBall,MakeItRain,NastyPlot,Protect|Modest|||||50|]Milotic||SitrusBerry|Competitive|Scald,IceBeam,IcyWind,Protect|Calm||F|||50|]Sinistcha||ColburBerry|Hospitality|MatchaGotcha,ShadowBall,RagePowder,Protect|Bold|||||50|]Staraptor||Staraptite|Intimidate|BraveBird,CloseCombat,Tailwind,Protect|Jolly||M|||50|
|showteam|p2|Delphox||Delphoxite|Blaze|HeatWave,Psychic,NastyPlot,Protect|Timid||F|||50|]Incineroar||SitrusBerry|Intimidate|FakeOut,FlareBlitz,ThroatChop,PartingShot|Impish||F|||50|]Kingambit||LifeOrb|Defiant|KowtowCleave,SuckerPunch,SwordsDance,Protect|Adamant||F|||50|]Sinistcha||ColburBerry|Hospitality|MatchaGotcha,RagePowder,TrickRoom,Protect|Bold|||||50|]Sneasler||FocusSash|PoisonTouch|FakeOut,PoisonJab,CloseCombat,QuickGuard|Jolly||F|||50|]Blastoise||Blastoisinite|RainDish|WaterSpout,DarkPulse,ShellSmash,Protect|Modest||F|||50|
|inactive|Battle timer is ON: inactive players will automatically lose when time's up. (requested by circleming)
|inactive|circleming has 60 seconds left.
|inactive|papalima has 60 seconds left.
|
|t:|1785434839
|teamsize|p1|4
|teamsize|p2|4
|start
|switch|p1a: Milotic|Milotic, L50, F|100/100
|switch|p1b: Excadrill|Excadrill, L50, M|100/100
|switch|p2a: Delphox|Delphox, L50, F, shiny|100/100
|switch|p2b: Sneasler|Sneasler, L50, F, shiny|100/100
|turn|1
|inactive|circleming has 30 seconds left.
|
|t:|1785434872
|detailschange|p2a: Delphox|Delphox-Mega, L50, F, shiny
|-mega|p2a: Delphox|Delphox|Delphoxite
|move|p1b: Excadrill|Protect|p1b: Excadrill
|-singleturn|p1b: Excadrill|Protect
|move|p2b: Sneasler|Fake Out|p1a: Milotic
|-damage|p1a: Milotic|86/100
|-status|p1a: Milotic|psn|[from] ability: Poison Touch|[of] p2b: Sneasler
|move|p2a: Delphox|Nasty Plot|p2a: Delphox
|-boost|p2a: Delphox|spa|2
|cant|p1a: Milotic|flinch
|
|-damage|p1a: Milotic|74/100 psn|[from] psn
|upkeep
|turn|2
|
|t:|1785434894
|switch|p1a: Tyranitar|Tyranitar, L50, F|100/100
|-weather|Sandstorm|[from] ability: Sand Stream|[of] p1a: Tyranitar
|move|p2a: Delphox|Protect|p2a: Delphox
|-singleturn|p2a: Delphox|Protect
|move|p1b: Excadrill|Rock Slide|p2a: Delphox|[spread] p2b
|-activate|p2a: Delphox|move: Protect
|-resisted|p2b: Sneasler|1
|-damage|p2b: Sneasler|81/100
|move|p2b: Sneasler|Close Combat|p1a: Tyranitar
|-supereffective|p1a: Tyranitar|2
|-damage|p1a: Tyranitar|0 fnt
|-unboost|p2b: Sneasler|def|1
|-unboost|p2b: Sneasler|spd|1
|faint|p1a: Tyranitar
|
|-weather|Sandstorm|[upkeep]
|-damage|p2a: Delphox|94/100|[from] Sandstorm
|-damage|p2b: Sneasler|75/100|[from] Sandstorm
|upkeep
|
|t:|1785434904
|switch|p1a: Staraptor|Staraptor, L50, M|100/100
|-ability|p1a: Staraptor|Intimidate|boost
|-unboost|p2a: Delphox|atk|1
|-unboost|p2b: Sneasler|atk|1
|turn|3
|
|t:|1785434921
|switch|p2b: Incineroar|Incineroar, L50, F, shiny|100/100
|-ability|p2b: Incineroar|Intimidate|boost
|-unboost|p1a: Staraptor|atk|1
|-unboost|p1b: Excadrill|atk|1
|detailschange|p1a: Staraptor|Staraptor-Mega, L50, M
|-mega|p1a: Staraptor|Staraptor|Staraptite
|move|p1b: Excadrill|Rock Slide|p2a: Delphox|[spread] p2a,p2b
|-supereffective|p2a: Delphox|1
|-supereffective|p2b: Incineroar|1
|-crit|p2b: Incineroar
|-damage|p2a: Delphox|55/100
|-damage|p2b: Incineroar|43/100
|-enditem|p2b: Incineroar|Sitrus Berry|[eat]
|-heal|p2b: Incineroar|68/100|[from] item: Sitrus Berry
|move|p2a: Delphox|Psychic|p1a: Staraptor
|-supereffective|p1a: Staraptor|1
|-damage|p1a: Staraptor|0 fnt
|faint|p1a: Staraptor
|
|-weather|Sandstorm|[upkeep]
|-damage|p2a: Delphox|50/100y|[from] Sandstorm
|-damage|p2b: Incineroar|62/100|[from] Sandstorm
|upkeep
|
|t:|1785434935
|switch|p1a: Milotic|Milotic, L50, F|74/100 psn
|turn|4
|inactive|circleming has 30 seconds left.
|
|t:|1785434970
|move|p2b: Incineroar|Fake Out|p1b: Excadrill
|-resisted|p1b: Excadrill|1
|-damage|p1b: Excadrill|92/100
|cant|p1b: Excadrill|flinch
|move|p2a: Delphox|Psychic|p1a: Milotic
|-damage|p1a: Milotic|15/100 psn
|-enditem|p1a: Milotic|Sitrus Berry|[eat]
|-heal|p1a: Milotic|40/100 psn|[from] item: Sitrus Berry
|move|p1a: Milotic|Scald|p2a: Delphox
|-supereffective|p2a: Delphox|1
|-damage|p2a: Delphox|0 fnt
|faint|p2a: Delphox
|
|-weather|Sandstorm|[upkeep]
|-damage|p2b: Incineroar|56/100|[from] Sandstorm
|-damage|p1a: Milotic|34/100 psn|[from] Sandstorm
|-damage|p1a: Milotic|22/100 psn|[from] psn
|upkeep
|
|t:|1785434994
|switch|p2a: Sneasler|Sneasler, L50, F, shiny|75/100
|turn|5
|
|t:|1785435012
|switch|p2a: Sinistcha|Sinistcha, L50, shiny|100/100
|-heal|p2b: Incineroar|81/100|[from] ability: Hospitality|[of] p2a: Sinistcha
|move|p1b: Excadrill|High Horsepower|p2a: Sinistcha
|-resisted|p2a: Sinistcha|1
|-damage|p2a: Sinistcha|85/100
|move|p2b: Incineroar|Flare Blitz|p1b: Excadrill
|-supereffective|p1b: Excadrill|1
|-damage|p1b: Excadrill|0 fnt
|faint|p1b: Excadrill
|-damage|p2b: Incineroar|52/100|[from] Recoil
|move|p1a: Milotic|Scald|p2b: Incineroar
|-supereffective|p2b: Incineroar|1
|-damage|p2b: Incineroar|0 fnt
|faint|p2b: Incineroar
|
|-weather|Sandstorm|[upkeep]
|-damage|p1a: Milotic|16/100 psn|[from] Sandstorm
|-damage|p2a: Sinistcha|79/100|[from] Sandstorm
|-damage|p1a: Milotic|3/100 psn|[from] psn
|upkeep
|c|☆circleming|i hate rock slide gambling user
|
|t:|1785435030
|switch|p2b: Sneasler|Sneasler, L50, F, shiny|75/100
|turn|6
|c|☆papalima|Ggs
|c|☆circleming|ggs
|c|☆papalima|Es el juego
|c|☆papalima|sin más
|c|☆papalima|si tengo la probabilidad de flinchear
|inactive|papalima has 30 seconds left.
|c|☆papalima|porque no usarlo
|inactive|papalima has 20 seconds left.
|c|☆papalima|así te podía tirar brave bird
|inactive|papalima has 15 seconds left.
|c|☆papalima|era mi única win nro
|c|☆papalima|bro
|inactive|papalima has 10 seconds left.
|
|t:|1785435077
|move|p2b: Sneasler|Fake Out|p1a: Milotic
|-damage|p1a: Milotic|0 fnt
|faint|p1a: Milotic
|
|win|circleming
|raw|papalima's rating: 1354 → 1330(-24 for losing)
|raw|circleming's rating: 1289 → 1319(+30 for winning)
|c|☆papalima|Ggs
|l|☆papalima
|player|p1|
|l|☆circleming
|player|p2|
|j|☆circleming
|player|p2|circleming|170|
