|j|☆NewTrainaOnDaBlock
|j|☆applejuice1738
|html|NewTrainaOnDaBlockapplejuice1738    
|uhtml|bestof|Game 2 of a best-of-3
|t:|1785035192
|gametype|doubles
|player|p1|NewTrainaOnDaBlock|170|
|player|p2|applejuice1738|1|
|gen|9
|tier|[Gen 9 Champions] VGC 2026 Reg M-B (Bo3)
|rule|Species Clause: Limit one of each Pokémon
|rule|Item Clause: Limit 1 of each item
|clearpoke
|poke|p1|Pelipper, L50, M|
|poke|p1|Swampert, L50, F|
|poke|p1|Heracross, L50, F|
|poke|p1|Meowstic, L50, M|
|poke|p1|Sneasler, L50, M|
|poke|p1|Florges, L50, F|
|poke|p2|Torterra, L50, M|
|poke|p2|Gardevoir, L50, F, shiny|
|poke|p2|Annihilape, L50, M|
|poke|p2|Runerigus, L50, M, shiny|
|poke|p2|Rotom-Heat, L50, shiny|
|poke|p2|Metagross, L50, shiny|
|teampreview|4
|showteam|p1|Pelipper||SitrusBerry|Drizzle|Hurricane,WideGuard,Tailwind,Protect|Modest||M|||50|]Swampert||Swampertite|Torrent|WaveCrash,IcePunch,Protect,Earthquake|Adamant||F|||50|]Heracross||Heracronite|Guts|Detect,BrickBreak,RockBlast,PinMissile|Adamant||F|||50|]Meowstic||LightClay|Prankster|LightScreen,Reflect,FakeOut,DarkPulse|Calm||M|||50|]Sneasler||FocusSash|PoisonTouch|DireClaw,Protect,CloseCombat,ThroatChop|Jolly||M|||50|]Florges||Leftovers|FlowerVeil|PollenPuff,Protect,DazzlingGleam,PsychicNoise|Calm||F|||50|
|showteam|p2|Torterra||YacheBerry|Overgrow|SolarBeam,WoodHammer,Earthquake,Protect|Adamant||M|||50|]Gardevoir||Gardevoirite|Telepathy|Thunderbolt,HyperVoice,Protect,CalmMind|Modest||F|||50|]Annihilape||LifeOrb|InnerFocus|RageFist,BulkUp,Protect,Endeavor|Jolly||M|||50|]Runerigus||Leftovers|WanderingSpirit|WillOWisp,Taunt,GigaDrain,Protect|Sassy||M|||50|]Rotom-Heat||FocusSash|Levitate|Overheat,Discharge,SunnyDay,Protect|Timid|||||50|]Metagross||Metagrossite|ClearBody|Agility,Protect,PsychicFangs,ThunderPunch|Jolly|||||50|
|j| SlobCat47
|
|t:|1785035238
|teamsize|p1|4
|teamsize|p2|4
|start
|switch|p1a: Sunami|Pelipper, L50, M|100/100
|switch|p1b: Paleface|Meowstic, L50, M|100/100
|switch|p2a: HOT BOX|Rotom-Heat, L50, shiny|100/100
|switch|p2b: AURA|Metagross, L50, shiny|100/100
|-weather|RainDance|[from] ability: Drizzle|[of] p1a: Sunami
|turn|1
|
|t:|1785035274
|detailschange|p2b: AURA|Metagross-Mega, L50, shiny
|-mega|p2b: AURA|Metagross|Metagrossite
|move|p1a: Sunami|Protect|p1a: Sunami
|-singleturn|p1a: Sunami|Protect
|move|p1b: Paleface|Fake Out|p2b: AURA
|-resisted|p2b: AURA|1
|-damage|p2b: AURA|98/100
|cant|p2b: AURA|flinch
|move|p2a: HOT BOX|Sunny Day|p2a: HOT BOX
|-weather|SunnyDay
|
|-weather|SunnyDay|[upkeep]
|upkeep
|turn|2
|
|t:|1785035326
|switch|p2a: GOAT|Torterra, L50, M|100/100
|move|p1b: Paleface|Reflect|p1b: Paleface
|-sidestart|p1: NewTrainaOnDaBlock|Reflect
|move|p2b: AURA|Agility|p2b: AURA
|-boost|p2b: AURA|spe|2
|move|p1a: Sunami|Tailwind|p1a: Sunami
|-sidestart|p1: NewTrainaOnDaBlock|move: Tailwind
|
|-weather|SunnyDay|[upkeep]
|upkeep
|turn|3
|
|t:|1785035354
|move|p1b: Paleface|Light Screen|p1b: Paleface
|-sidestart|p1: NewTrainaOnDaBlock|move: Light Screen
|move|p2b: AURA|Thunder Punch|p1a: Sunami
|-supereffective|p1a: Sunami|2
|-damage|p1a: Sunami|0 fnt
|faint|p1a: Sunami
|move|p2a: GOAT|Solar Beam||[still]
|-prepare|p2a: GOAT|Solar Beam
|-anim|p2a: GOAT|Solar Beam|p1b: Paleface
|-damage|p1b: Paleface|77/100
|
|-weather|SunnyDay|[upkeep]
|upkeep
|
|t:|1785035365
|switch|p1a: Pain of Truth|Heracross, L50, F|100/100
|turn|4
|
|t:|1785035405
|switch|p2a: HOT BOX|Rotom-Heat, L50, shiny|100/100
|detailschange|p1a: Pain of Truth|Heracross-Mega, L50, F
|-mega|p1a: Pain of Truth|Heracross|Heracronite
|move|p2b: AURA|Psychic Fangs|p1a: Pain of Truth
|-sideend|p1: NewTrainaOnDaBlock|Reflect
|-sideend|p1: NewTrainaOnDaBlock|move: Light Screen
|-supereffective|p1a: Pain of Truth|1
|-damage|p1a: Pain of Truth|1/100
|move|p1b: Paleface|Dark Pulse|p2b: AURA
|-supereffective|p2b: AURA|1
|-crit|p2b: AURA
|-damage|p2b: AURA|48/100
|move|p1a: Pain of Truth|Pin Missile|p2b: AURA
|-damage|p2b: AURA|32/100
|-damage|p2b: AURA|18/100
|-crit|p2b: AURA
|-damage|p2b: AURA|0 fnt
|faint|p2b: AURA
|-hitcount|p2: AURA|3
|
|-weather|SunnyDay|[upkeep]
|upkeep
|
|t:|1785035424
|switch|p2b: BADDIE ALERT|Gardevoir, L50, F, shiny|100/100
|turn|5
|
|t:|1785035461
|move|p2a: HOT BOX|Protect|p2a: HOT BOX
|-singleturn|p2a: HOT BOX|Protect
|move|p1b: Paleface|Light Screen|p1b: Paleface
|-sidestart|p1: NewTrainaOnDaBlock|move: Light Screen
|move|p1a: Pain of Truth|Rock Blast|p2b: BADDIE ALERT
|-damage|p2b: BADDIE ALERT|76/100
|-damage|p2b: BADDIE ALERT|53/100
|-damage|p2b: BADDIE ALERT|30/100
|-damage|p2b: BADDIE ALERT|7/100
|-damage|p2b: BADDIE ALERT|0 fnt
|faint|p2b: BADDIE ALERT
|-hitcount|p2: BADDIE ALERT|5
|
|-weather|none
|-sideend|p1: NewTrainaOnDaBlock|move: Tailwind
|upkeep
|
|t:|1785035476
|switch|p2b: GOAT|Torterra, L50, M|100/100
|turn|6
|
|t:|1785035501
|move|p1a: Pain of Truth|Detect|p1a: Pain of Truth
|-singleturn|p1a: Pain of Truth|Protect
|move|p1b: Paleface|Reflect|p1b: Paleface
|-sidestart|p1: NewTrainaOnDaBlock|Reflect
|move|p2a: HOT BOX|Discharge|p1b: Paleface|[spread] p1b
|-activate|p1a: Pain of Truth|move: Protect
|-immune|p2b: GOAT
|-damage|p1b: Paleface|59/100
|move|p2b: GOAT|Earthquake|p1b: Paleface|[spread] p1b
|-activate|p1a: Pain of Truth|move: Protect
|-immune|p2a: HOT BOX|[from] ability: Levitate
|-damage|p1b: Paleface|38/100
|
|upkeep
|turn|7
|
|t:|1785035536
|move|p2a: HOT BOX|Discharge|p1a: Pain of Truth|[spread] p1a,p1b
|-immune|p2b: GOAT
|-damage|p1a: Pain of Truth|0 fnt
|-damage|p1b: Paleface|20/100y
|faint|p1a: Pain of Truth
|move|p1b: Paleface|Dark Pulse|p2b: GOAT
|-damage|p2b: GOAT|80/100
|move|p2b: GOAT|Earthquake|p1b: Paleface|[spread] p1b
|-immune|p2a: HOT BOX|[from] ability: Levitate
|-damage|p1b: Paleface|0 fnt
|faint|p1b: Paleface
|
|upkeep
|
|t:|1785035552
|switch|p1b: SouthPaw FLHC|Sneasler, L50, M|100/100
|turn|8
|
|t:|1785035574
|move|p1b: SouthPaw FLHC|Dire Claw|p2b: GOAT
|-damage|p2b: GOAT|50/100y
|-status|p2b: GOAT|slp
|move|p2a: HOT BOX|Discharge|p1b: SouthPaw FLHC|[spread] p1b
|-immune|p2b: GOAT
|-damage|p1b: SouthPaw FLHC|77/100
|cant|p2b: GOAT|slp
|
|upkeep
|turn|9
|
|t:|1785035588
|move|p1b: SouthPaw FLHC|Dire Claw|p2a: HOT BOX
|-damage|p2a: HOT BOX|48/100
|-status|p2a: HOT BOX|slp
|cant|p2a: HOT BOX|slp
|-curestatus|p2b: GOAT|slp|[msg]
|move|p2b: GOAT|Earthquake|p1b: SouthPaw FLHC|[spread] p1b
|-immune|p2a: HOT BOX|[from] ability: Levitate
|-supereffective|p1b: SouthPaw FLHC|1
|-damage|p1b: SouthPaw FLHC|2/100
|
|upkeep
|turn|10
|
|t:|1785035602
|move|p1b: SouthPaw FLHC|Close Combat|p2b: GOAT
|-damage|p2b: GOAT|0 fnt
|-unboost|p1b: SouthPaw FLHC|def|1
|-unboost|p1b: SouthPaw FLHC|spd|1
|faint|p2b: GOAT
|cant|p2a: HOT BOX|slp
|
|upkeep
|turn|11
|
|t:|1785035615
|-curestatus|p2a: HOT BOX|slp|[msg]
|move|p2a: HOT BOX|Protect|p2a: HOT BOX
|-singleturn|p2a: HOT BOX|Protect
|move|p1b: SouthPaw FLHC|Dire Claw|p2a: HOT BOX
|-activate|p2a: HOT BOX|move: Protect
|
|upkeep
|turn|12
|
|t:|1785035624
|move|p1b: SouthPaw FLHC|Protect|p1b: SouthPaw FLHC
|-singleturn|p1b: SouthPaw FLHC|Protect
|move|p2a: HOT BOX|Discharge|p1b: SouthPaw FLHC
|-activate|p1b: SouthPaw FLHC|move: Protect
|
|-sideend|p1: NewTrainaOnDaBlock|move: Light Screen
|upkeep
|turn|13
|
|t:|1785035639
|move|p1b: SouthPaw FLHC|Dire Claw|p2a: HOT BOX
|-damage|p2a: HOT BOX|0 fnt
|faint|p2a: HOT BOX
|
|win|NewTrainaOnDaBlock
