|j|☆erporros
|j|‽IshtarVGC26
|html|erporrosIshtarVGC26    
|uhtml|bestof|Game 1 of a best-of-3
|t:|1757669390
|gametype|doubles
|player|p1|erporros|blackbelt-gen4dp|1216
|player|p2|IshtarVGC26|juan|1233
|gen|9
|tier|[Gen 9] VGC 2025 Reg H (Bo3)
|rated|
|rule|Species Clause: Limit one of each Pokémon
|rule|Item Clause: Limit 1 of each item
|clearpoke
|poke|p1|Murkrow, L50, F|
|poke|p1|Dragapult, L50, F|
|poke|p1|Maushold-Four, L50|
|poke|p1|Clefable, L50, F|
|poke|p1|Incineroar, L50, M|
|poke|p1|Kingambit, L50, M|
|poke|p2|Tyranitar, L50, M|
|poke|p2|Excadrill, L50, M|
|poke|p2|Sinistcha-Masterpiece, L50|
|poke|p2|Primarina, L50, F|
|poke|p2|Volcarona, L50, M|
|poke|p2|Braviary, L50, M|
|teampreview|4
|showteam|p1|Murkrow||Eviolite|Prankster|Tailwind,Haze,SunnyDay,FoulPlay|||F|||50|,,,,,Ghost]Dragapult||ChoiceBand|ClearBody|Outrage,DragonDarts,PhantomForce,Uturn|||F|||50|,,,,,Dragon]Maushold-Four||WideLens|Technician|PopulationBomb,Protect,FollowMe,Taunt||||||50|,,,,,Ghost]Clefable||SitrusBerry|Unaware|FollowMe,Protect,Moonblast,MistyTerrain|||F|||50|,,,,,Water]Incineroar||SafetyGoggles|Intimidate|FlareBlitz,KnockOff,FakeOut,PartingShot|||M|||50|,,,,,Ghost]Kingambit||AssaultVest|Defiant|KowtowCleave,SuckerPunch,TeraBlast,IronHead|||M|||50|,,,,,Flying
|showteam|p2|Tyranitar||AssaultVest|SandStream|RockSlide,KnockOff,TeraBlast,BrickBreak|||M|||50|,,,,,Flying]Excadrill||FocusSash|SandRush|Protect,DrillRun,Earthquake,IronHead|||M|||50|,,,,,Dragon]Sinistcha-Masterpiece||RockyHelmet|Hospitality|LifeDew,RagePowder,MatchaGotcha,TrickRoom||||||50|,,,,,Water]Primarina||ThroatSpray|LiquidVoice|Protect,HyperVoice,Moonblast,Haze|||F|||50|,,,,,Water]Volcarona||SitrusBerry|FlameBody|Protect,FieryDance,GigaDrain,QuiverDance|||M|||50|,,,,,Dragon]Braviary||SafetyGoggles|Defiant|Protect,BraveBird,CloseCombat,Tailwind|||M|||50|,,,,,Ghost
|
|t:|1757669427
|teamsize|p1|4
|teamsize|p2|4
|start
|switch|p1a: Murkrow|Murkrow, L50, F|100/100
|switch|p1b: Dragapult|Dragapult, L50, F|100/100
|switch|p2a: Braviary|Braviary, L50, M|100/100
|switch|p2b: Tyranitar|Tyranitar, L50, M|100/100
|-weather|Sandstorm|[from] ability: Sand Stream|[of] p2b: Tyranitar
|turn|1
|
|t:|1757669441
|move|p1b: Dragapult|U-turn|p2b: Tyranitar
|-supereffective|p2b: Tyranitar
|-damage|p2b: Tyranitar|24/100
|
|t:|1757669452
|switch|p1b: Maushold|Maushold-Four, L50|100/100|[from] U-turn
|move|p2a: Braviary|Tailwind|p2a: Braviary
|-sidestart|p2: IshtarVGC26|move: Tailwind
|move|p2b: Tyranitar|Knock Off|p1b: Maushold
|-damage|p1b: Maushold|6/100
|-enditem|p1b: Maushold|Wide Lens|[from] move: Knock Off|[of] p2b: Tyranitar
|move|p1a: Murkrow|Foul Play|p2a: Braviary
|-damage|p2a: Braviary|35/100
|
|-weather|Sandstorm|[upkeep]
|-damage|p1b: Maushold|0 fnt|[from] Sandstorm
|-damage|p1a: Murkrow|95/100|[from] Sandstorm
|faint|p1b: Maushold
|upkeep
|
|t:|1757669456
|switch|p1b: Dragapult|Dragapult, L50, F|100/100
|turn|2
|
|t:|1757669483
|move|p2a: Braviary|Protect|p2a: Braviary
|-singleturn|p2a: Braviary|Protect
|move|p1a: Murkrow|Tailwind|p1a: Murkrow
|-sidestart|p1: erporros|move: Tailwind
|move|p1b: Dragapult|Dragon Darts|p2b: Tyranitar
|-damage|p2b: Tyranitar|0 fnt
|faint|p2b: Tyranitar
|
|-weather|Sandstorm|[upkeep]
|-damage|p1b: Dragapult|94/100|[from] Sandstorm
|-damage|p1a: Murkrow|89/100|[from] Sandstorm
|upkeep
|
|t:|1757669498
|switch|p2b: Sinistcha|Sinistcha-Masterpiece, L50|100/100
|-heal|p2a: Braviary|59/100|[from] ability: Hospitality|[of] p2b: Sinistcha
|turn|3
|
|t:|1757669514
|-terastallize|p1b: Dragapult|Dragon
|move|p2b: Sinistcha|Rage Powder|p2b: Sinistcha
|-singleturn|p2b: Sinistcha|move: Rage Powder
|move|p1b: Dragapult|Dragon Darts|p2b: Sinistcha
|-damage|p2b: Sinistcha|52/100
|-anim|p1b: Dragapult|Dragon Darts|p2b: Sinistcha
|-damage|p2b: Sinistcha|2/100
|move|p2a: Braviary|Brave Bird|p1b: Dragapult
|-damage|p1b: Dragapult|18/100
|-damage|p2a: Braviary|35/100|[from] Recoil
|move|p1a: Murkrow|Foul Play|p2b: Sinistcha
|-supereffective|p2b: Sinistcha
|-damage|p2b: Sinistcha|0 fnt
|-damage|p1a: Murkrow|72/100|[from] item: Rocky Helmet|[of] p2b: Sinistcha
|faint|p2b: Sinistcha
|
|-weather|Sandstorm|[upkeep]
|-damage|p1b: Dragapult|11/100|[from] Sandstorm
|-damage|p1a: Murkrow|66/100|[from] Sandstorm
|upkeep
|
|t:|1757669531
|switch|p2b: Excadrill|Excadrill, L50, M, shiny|100/100
|turn|4
|
|t:|1757669541
|move|p1a: Murkrow|Sunny Day|p1a: Murkrow
|-weather|SunnyDay
|move|p1b: Dragapult|Dragon Darts|p2a: Braviary
|-damage|p2a: Braviary|0 fnt
|-anim|p1b: Dragapult|Dragon Darts|p2b: Excadrill
|-resisted|p2b: Excadrill
|-damage|p2b: Excadrill|62/100
|faint|p2a: Braviary
|move|p2b: Excadrill|Drill Run|p1b: Dragapult
|-damage|p1b: Dragapult|0 fnt
|faint|p1b: Dragapult
|
|-weather|SunnyDay|[upkeep]
|-sideend|p2: IshtarVGC26|move: Tailwind
|upkeep
|
|t:|1757669547
|switch|p1b: Incineroar|Incineroar, L50, M|100/100
|-ability|p1b: Incineroar|Intimidate|boost
|-unboost|p2b: Excadrill|atk|1
|turn|5
|
|t:|1757669556
|move|p2b: Excadrill|Protect|p2b: Excadrill
|-singleturn|p2b: Excadrill|Protect
|move|p1b: Incineroar|Fake Out|p2b: Excadrill
|-activate|p2b: Excadrill|move: Protect
|move|p1a: Murkrow|Foul Play|p2b: Excadrill
|-activate|p2b: Excadrill|move: Protect
|
|-weather|SunnyDay|[upkeep]
|-sideend|p1: erporros|move: Tailwind
|upkeep
|turn|6
|
|t:|1757669568
|-terastallize|p2b: Excadrill|Dragon
|move|p1a: Murkrow|Tailwind|p1a: Murkrow
|-sidestart|p1: erporros|move: Tailwind
|move|p1b: Incineroar|Flare Blitz|p2b: Excadrill
|-resisted|p2b: Excadrill
|-damage|p2b: Excadrill|5/100
|-damage|p1b: Incineroar|83/100|[from] Recoil
|move|p2b: Excadrill|Drill Run|p1b: Incineroar
|-supereffective|p1b: Incineroar
|-damage|p1b: Incineroar|30/100
|
|-weather|SunnyDay|[upkeep]
|upkeep
|turn|7
|
|t:|1757669581
|move|p1a: Murkrow|Foul Play|p2b: Excadrill
|-damage|p2b: Excadrill|0 fnt
|faint|p2b: Excadrill
|
|win|erporros
||IshtarVGC26 is ready for game 2.
||erporros is ready for game 2.
|uhtml|next|Next: Game 2 of 3
