|j|☆my!lane
|j|☆raksbach
|html|my!laneraksbach    
|uhtml|bestof|Game 1 of a best-of-3
|t:|1783346989
|gametype|doubles
|player|p1|my!lane|roxie|1134
|player|p2|raksbach|102|1235
|gen|9
|tier|[Gen 9 Champions] VGC 2026 Reg M-B (Bo3)
|rated|
|rule|Species Clause: Limit one of each Pokémon
|rule|Item Clause: Limit 1 of each item
|clearpoke
|poke|p1|Drampa, L50, M|
|poke|p1|Sinistcha, L50|
|poke|p1|Chandelure, L50, F|
|poke|p1|Incineroar, L50, M|
|poke|p1|Azumarill, L50, F|
|poke|p1|Metagross, L50|
|poke|p2|Incineroar, L50, F|
|poke|p2|Maushold, L50|
|poke|p2|Sinistcha, L50|
|poke|p2|Sneasler, L50, M|
|poke|p2|Blastoise, L50, F|
|poke|p2|Delphox, L50, M|
|teampreview|4
|showteam|p1|Drampa||Drampanite|CloudNine|Protect,EarthPower,DracoMeteor,HyperVoice|Quiet||M|||50|]Sinistcha||ColburBerry|Hospitality|RagePowder,MatchaGotcha,TrickRoom,ShadowBall|Sassy|||||50|]Chandelure||FocusSash|FlashFire|TrickRoom,HeatWave,Overheat,ShadowBall|Quiet||F|||50|]Incineroar||Leftovers|Intimidate|FakeOut,PartingShot,FlareBlitz,ThroatChop|Relaxed||M|||50|]Azumarill||SitrusBerry|HugePower|BellyDrum,AquaJet,PlayRough,Protect|Adamant||F|||50|]Metagross||Metagrossite|ClearBody|IronHead,PsychicFangs,HammerArm,Protect|Adamant|||||50|
|showteam|p2|Incineroar||SitrusBerry|Intimidate|FakeOut,FlareBlitz,DarkestLariat,PartingShot|Impish||F|||50|]Maushold||ChopleBerry|FriendGuard|SuperFang,Feint,FollowMe,Protect|Impish|||||50|]Sinistcha||OccaBerry|Hospitality|MatchaGotcha,LifeDew,RagePowder,Protect|Bold|||||50|]Sneasler||FocusSash|PoisonTouch|FakeOut,CloseCombat,DireClaw,QuickGuard|Jolly||M|||50|]Blastoise||Blastoisinite|Torrent|WaterSpout,DarkPulse,ShellSmash,Protect|Modest||F|||50|]Delphox||Delphoxite|Blaze|HeatWave,Psychic,NastyPlot,Protect|Timid||M|||50|
|inactive|Battle timer is ON: inactive players will automatically lose when time's up. (requested by raksbach)
|inactive|raksbach has 60 seconds left.
|
|t:|1783347040
|teamsize|p1|4
|teamsize|p2|4
|start
|switch|p1a: Sinistcha|Sinistcha, L50|100/100
|switch|p1b: Incineroar|Incineroar, L50, M|100/100
|switch|p2a: Maushold|Maushold, L50|100/100
|switch|p2b: Delphox|Delphox, L50, M|100/100
|-ability|p1b: Incineroar|Intimidate|boost
|-unboost|p2a: Maushold|atk|1
|-unboost|p2b: Delphox|atk|1
|turn|1
|
|t:|1783347059
|detailschange|p2b: Delphox|Delphox-Mega, L50, M
|-mega|p2b: Delphox|Delphox|Delphoxite
|move|p1b: Incineroar|Fake Out|p2b: Delphox
|-damage|p2b: Delphox|88/100
|move|p2a: Maushold|Follow Me|p2a: Maushold
|-singleturn|p2a: Maushold|move: Follow Me
|cant|p2b: Delphox|flinch
|move|p1a: Sinistcha|Trick Room|p1a: Sinistcha
|-fieldstart|move: Trick Room|[of] p1a: Sinistcha
|
|upkeep
|turn|2
|
|t:|1783347073
|switch|p2b: Sneasler|Sneasler, L50, M|100/100
|move|p1b: Incineroar|Throat Chop|p2b: Sneasler
|-resisted|p2b: Sneasler|1
|-damage|p2b: Sneasler|80/100
|-start|p2b: Sneasler|Throat Chop|[silent]
|move|p1a: Sinistcha|Matcha Gotcha|p2b: Sneasler|[spread] p2a,p2b
|-resisted|p2b: Sneasler|1
|-damage|p2a: Maushold|73/100
|-damage|p2b: Sneasler|67/100
|move|p2a: Maushold|Super Fang|p1b: Incineroar
|-damage|p1b: Incineroar|50/100y
|
|-heal|p1b: Incineroar|55/100|[from] item: Leftovers
|upkeep
|turn|3
|
|t:|1783347097
|switch|p1b: Chandelure|Chandelure, L50, F|100/100
|switch|p2b: Delphox|Delphox-Mega, L50, M|88/100
|move|p2a: Maushold|Follow Me|p2a: Maushold
|-singleturn|p2a: Maushold|move: Follow Me
|move|p1a: Sinistcha|Matcha Gotcha|p2a: Maushold|[spread] p2a,p2b
|-resisted|p2b: Delphox|1
|-damage|p2a: Maushold|49/100
|-damage|p2b: Delphox|80/100
|
|upkeep
|turn|4
|
|t:|1783347118
|move|p2a: Maushold|Follow Me|p2a: Maushold
|-singleturn|p2a: Maushold|move: Follow Me
|move|p1a: Sinistcha|Matcha Gotcha|p2b: Delphox|[spread] p2a,p2b
|-resisted|p2b: Delphox|1
|-damage|p2a: Maushold|21/100
|-damage|p2b: Delphox|72/100
|-status|p2a: Maushold|brn
|move|p1b: Chandelure|Heat Wave|p2b: Delphox|[spread] p2a,p2b
|-resisted|p2b: Delphox|1
|-crit|p2b: Delphox
|-damage|p2a: Maushold|0 fnt
|-damage|p2b: Delphox|50/100g
|faint|p2a: Maushold
|move|p2b: Delphox|Nasty Plot|p2b: Delphox
|-boost|p2b: Delphox|spa|2
|
|upkeep
|
|t:|1783347132
|switch|p2a: Sinistcha|Sinistcha, L50|100/100
|-heal|p2b: Delphox|75/100|[from] ability: Hospitality|[of] p2a: Sinistcha
|turn|5
|
|t:|1783347141
|switch|p1a: Incineroar|Incineroar, L50, M|55/100
|-ability|p1a: Incineroar|Intimidate|boost
|-unboost|p2a: Sinistcha|atk|1
|-unboost|p2b: Delphox|atk|1
|move|p2a: Sinistcha|Protect|p2a: Sinistcha
|-singleturn|p2a: Sinistcha|Protect
|move|p2b: Delphox|Protect|p2b: Delphox
|-singleturn|p2b: Delphox|Protect
|move|p1b: Chandelure|Overheat|p2a: Sinistcha
|-activate|p2a: Sinistcha|move: Protect
|
|-heal|p1a: Incineroar|61/100|[from] item: Leftovers
|-fieldend|move: Trick Room
|upkeep
|turn|6
|
|t:|1783347163
|switch|p2a: Sneasler|Sneasler, L50, M|67/100
|move|p1a: Incineroar|Fake Out|p2b: Delphox
|-damage|p2b: Delphox|61/100
|cant|p2b: Delphox|flinch
|move|p1b: Chandelure|Trick Room|p1b: Chandelure
|-fieldstart|move: Trick Room|[of] p1b: Chandelure
|
|-heal|p1a: Incineroar|67/100|[from] item: Leftovers
|upkeep
|turn|7
|
|t:|1783347184
|switch|p1a: Sinistcha|Sinistcha, L50|100/100
|move|p2a: Sneasler|Fake Out|p1a: Sinistcha
|-immune|p1a: Sinistcha
|move|p1b: Chandelure|Shadow Ball|p2b: Delphox
|-supereffective|p2b: Delphox|1
|-damage|p2b: Delphox|0 fnt
|faint|p2b: Delphox
|
|upkeep
|
|t:|1783347192
|switch|p2b: Sinistcha|Sinistcha, L50|100/100
|-heal|p2a: Sneasler|92/100|[from] ability: Hospitality|[of] p2b: Sinistcha
|turn|8
|inactive|raksbach has 30 seconds left.
|inactive|raksbach has 20 seconds left.
|inactive|raksbach has 15 seconds left.
|inactive|raksbach has 10 seconds left.
|inactive|raksbach has 5 seconds left.
|
|t:|1783347247
|move|p1a: Sinistcha|Shadow Ball|p2b: Sinistcha
|-supereffective|p2b: Sinistcha|1
|-damage|p2b: Sinistcha|32/100
|move|p2b: Sinistcha|Matcha Gotcha|p1a: Sinistcha|[spread] p1a,p1b
|-resisted|p1a: Sinistcha|1
|-resisted|p1b: Chandelure|1
|-damage|p1a: Sinistcha|88/100
|-heal|p2b: Sinistcha|38/100|[from] drain|[of] p1a: Sinistcha
|-damage|p1b: Chandelure|85/100
|-heal|p2b: Sinistcha|46/100|[from] drain|[of] p1b: Chandelure
|-status|p1a: Sinistcha|brn
|move|p1b: Chandelure|Overheat|p2a: Sneasler
|-damage|p2a: Sneasler|0 fnt
|-unboost|p1b: Chandelure|spa|2
|faint|p2a: Sneasler
|
|-damage|p1a: Sinistcha|82/100 brn|[from] brn
|upkeep
|turn|9
|-message|raksbach forfeited.
|
|win|my!lane
