|j|☆Cuddo
|j|☆squall.sucks
|html|Cuddosquall.sucks    
|uhtml|bestof|Game 2 of a best-of-3
|t:|1785100560
|gametype|doubles
|player|p1|Cuddo|266|
|player|p2|squall.sucks|101|
|gen|9
|tier|[Gen 9 Champions] VGC 2026 Reg M-B (Bo3)
|rule|Species Clause: Limit one of each Pokémon
|rule|Item Clause: Limit 1 of each item
|clearpoke
|poke|p1|Talonflame, L50, M|
|poke|p1|Raichu, L50, M|
|poke|p1|Tauros-Paldea-Aqua, L50, M|
|poke|p1|Sneasler, L50, F|
|poke|p1|Floette-Eternal, L50, F|
|poke|p1|Kleavor, L50, M|
|poke|p2|Archaludon, L50, M|
|poke|p2|Pelipper, L50, M|
|poke|p2|Gallade, L50, M|
|poke|p2|Scovillain, L50, F|
|poke|p2|Scizor, L50, F|
|poke|p2|Krookodile, L50, M|
|teampreview|4
|showteam|p1|Talonflame||SharpBeak|GaleWings|BraveBird,FlareBlitz,Protect,Tailwind|Adamant||M|||50|]Raichu||RaichuniteY|LightningRod|FakeOut,ZapCannon,FocusBlast,Protect|Timid||M|||50|]Tauros-Paldea-Aqua||ChoiceScarf|Intimidate|CloseCombat,WaveCrash,AquaJet,Protect|Jolly||M|||50|]Sneasler||WhiteHerb|Unburden|DireClaw,CloseCombat,FakeOut,Protect|Jolly||F|||50|]Floette-Eternal||Floettite|FlowerVeil|LightofRuin,Moonblast,DazzlingGleam,Protect|Timid||F|||50|]Kleavor||FocusSash|Sharpness|StoneAxe,Uturn,RockSlide,Protect|Jolly||M|||50|
|showteam|p2|Archaludon||ChopleBerry|Stamina|ElectroShot,Protect,FlashCannon,Snarl|Modest||M|||50|]Pelipper||SitrusBerry|Drizzle|Tailwind,Hurricane,WideGuard,WeatherBall|Modest||M|||50|]Gallade||FocusSash|Sharpness|PsychoCut,CloseCombat,TrickRoom,Imprison|Brave||M|||50|]Scovillain||Scovillainite|Moody|RagePowder,LeechSeed,Overheat,Protect|Calm||F|||50|]Scizor||MetalCoat|Technician|DualWingbeat,BulletPunch,Protect,SwordsDance|Adamant||F|||50|]Krookodile||ChoiceScarf|Moxie|HighHorsepower,RockSlide,GunkShot,Earthquake|Adamant||M|||50|
|c|☆Cuddo|I was just gonna start side clicking things haha
|c|☆squall.sucks|hahahaha
|
|t:|1785100625
|teamsize|p1|4
|teamsize|p2|4
|start
|switch|p1a: Floette|Floette-Eternal, L50, F|100/100
|switch|p1b: Talonflame|Talonflame, L50, M|100/100
|switch|p2a: Scovillain|Scovillain, L50, F|100/100
|switch|p2b: Archaludon|Archaludon, L50, M|100/100
|turn|1
|
|t:|1785100641
|detailschange|p1a: Floette|Floette-Mega, L50, F
|-mega|p1a: Floette|Floette|Floettite
|-ability|p1a: Floette|Fairy Aura
|move|p1a: Floette|Protect|p1a: Floette
|-singleturn|p1a: Floette|Protect
|move|p2b: Archaludon|Protect|p2b: Archaludon
|-singleturn|p2b: Archaludon|Protect
|move|p2a: Scovillain|Protect|p2a: Scovillain
|-singleturn|p2a: Scovillain|Protect
|move|p1b: Talonflame|Brave Bird|p2a: Scovillain
|-activate|p2a: Scovillain|move: Protect
|
|-ability|p2a: Scovillain|Moody|boost
|-boost|p2a: Scovillain|spa|2
|-unboost|p2a: Scovillain|spd|1
|upkeep
|turn|2
|
|t:|1785100681
|switch|p2a: Pelipper|Pelipper, L50, M|100/100
|-weather|RainDance|[from] ability: Drizzle|[of] p2a: Pelipper
|move|p1b: Talonflame|Tailwind|p1b: Talonflame
|-sidestart|p1: Cuddo|move: Tailwind
|move|p1a: Floette|Light of Ruin|p2b: Archaludon
|-damage|p2b: Archaludon|0 fnt
|faint|p2b: Archaludon
|-damage|p1a: Floette|34/100|[from] Recoil
|
|-weather|RainDance|[upkeep]
|upkeep
|
|t:|1785100702
|switch|p2b: Scizor|Scizor, L50, F|100/100
|turn|3
|
|t:|1785100717
|switch|p1a: Tauros|Tauros-Paldea-Aqua, L50, M|100/100
|-ability|p1a: Tauros|Intimidate|boost
|-unboost|p2a: Pelipper|atk|1
|-unboost|p2b: Scizor|atk|1
|move|p1b: Talonflame|Flare Blitz|p2b: Scizor
|-supereffective|p2b: Scizor|2
|-damage|p2b: Scizor|2/100
|-damage|p1b: Talonflame|69/100|[from] Recoil
|move|p2a: Pelipper|Weather Ball|p1b: Talonflame
|-supereffective|p1b: Talonflame|1
|-damage|p1b: Talonflame|0 fnt
|faint|p1b: Talonflame
|move|p2b: Scizor|Swords Dance|p2b: Scizor
|-boost|p2b: Scizor|atk|2
|
|-weather|RainDance|[upkeep]
|upkeep
|
|t:|1785100736
|switch|p1b: Floette|Floette-Mega, L50, F|34/100
|-ability|p1b: Floette|Fairy Aura
|turn|4
|
|t:|1785100764
|move|p2b: Scizor|Protect|p2b: Scizor
|-singleturn|p2b: Scizor|Protect
|move|p1a: Tauros|Aqua Jet|p2b: Scizor
|-activate|p2b: Scizor|move: Protect
|move|p1b: Floette|Moonblast|p2a: Pelipper
|-damage|p2a: Pelipper|7/100
|-enditem|p2a: Pelipper|Sitrus Berry|[eat]
|-heal|p2a: Pelipper|32/100|[from] item: Sitrus Berry
|move|p2a: Pelipper|Hurricane|p1a: Tauros
|-supereffective|p1a: Tauros|1
|-damage|p1a: Tauros|0 fnt
|faint|p1a: Tauros
|
|-weather|RainDance|[upkeep]
|upkeep
|
|t:|1785100780
|switch|p1a: Sneasler|Sneasler, L50, F|100/100
|turn|5
|
|t:|1785100804
|switch|p2b: Scovillain|Scovillain, L50, F|100/100
|move|p1a: Sneasler|Fake Out|p2b: Scovillain
|-damage|p2b: Scovillain|81/100
|move|p1b: Floette|Dazzling Gleam|p2b: Scovillain|[spread] p2a,p2b
|-resisted|p2b: Scovillain|1
|-damage|p2a: Pelipper|0 fnt
|-damage|p2b: Scovillain|54/100
|faint|p2a: Pelipper
|
|-weather|RainDance|[upkeep]
|-sideend|p1: Cuddo|move: Tailwind
|-ability|p2b: Scovillain|Moody|boost
|-boost|p2b: Scovillain|spa|2
|-unboost|p2b: Scovillain|def|1
|upkeep
|
|t:|1785100816
|switch|p2a: Scizor|Scizor, L50, F|2/100
|turn|6
|
|t:|1785100829
|move|p1b: Floette|Protect|p1b: Floette
|-singleturn|p1b: Floette|Protect
|move|p1a: Sneasler|Close Combat|p2a: Scizor
|-damage|p2a: Scizor|0 fnt
|-unboost|p1a: Sneasler|def|1
|-unboost|p1a: Sneasler|spd|1
|faint|p2a: Scizor
|-enditem|p1a: Sneasler|White Herb
|-clearnegativeboost|p1a: Sneasler|[silent]
|move|p2b: Scovillain|Overheat|p1b: Floette
|-activate|p1b: Floette|move: Protect
|
|-weather|none
|-ability|p2b: Scovillain|Moody|boost
|-boost|p2b: Scovillain|atk|2
|-unboost|p2b: Scovillain|spa|1
|upkeep
|turn|7
|
|t:|1785100857
|detailschange|p2b: Scovillain|Scovillain-Mega, L50, F
|-mega|p2b: Scovillain|Scovillain|Scovillainite
|move|p1a: Sneasler|Dire Claw|p2b: Scovillain
|-supereffective|p2b: Scovillain|1
|-damage|p2b: Scovillain|0 fnt
|-status|p1a: Sneasler|brn|[from] ability: Spicy Spray|[of] p2b: Scovillain
|faint|p2b: Scovillain
|
|win|Cuddo
||squall.sucks is ready for game 3.
|inactive|Cuddo has 30 seconds to confirm battle start!
||Cuddo is ready for game 3.
|uhtml|next|Next: Game 3 of 3
