|j|☆mekakurito
|j|☆dimitry_vgc
|html|mekakuritodimitry_vgc    
|uhtml|bestof|Game 1 of a best-of-3
|t:|1782274905
|gametype|doubles
|player|p1|mekakurito|266|1085
|player|p2|dimitry_vgc|pokemonbreederf-gen4|1071
|gen|9
|tier|[Gen 9 Champions] VGC 2026 Reg M-B (Bo3)
|rated|
|rule|Species Clause: Limit one of each Pokémon
|rule|Item Clause: Limit 1 of each item
|clearpoke
|poke|p1|Sinistcha, L50|
|poke|p1|Staraptor, L50, M|
|poke|p1|Whimsicott, L50, F|
|poke|p1|Incineroar, L50, M|
|poke|p1|Hatterene, L50, F, shiny|
|poke|p1|Farigiraf, L50, M|
|poke|p2|Pelipper, L50, F|
|poke|p2|Archaludon, L50, F, shiny|
|poke|p2|Sinistcha, L50, shiny|
|poke|p2|Swampert, L50, M|
|poke|p2|Maushold-Four, L50|
|poke|p2|Mawile, L50, M, shiny|
|teampreview|4
|showteam|p1|Sinistcha||KasibBerry|Hospitality|RagePowder,MatchaGotcha,LifeDew,ShadowBall|Bold|||||50|]Staraptor||Staraptite|Intimidate|Substitute,Protect,CloseCombat,DualWingbeat|Jolly||M|||50|]Whimsicott||FocusSash|Prankster|Encore,Endeavor,Tailwind,Charm|Timid||F|||50|]Incineroar||ChopleBerry|Intimidate|FakeOut,FlareBlitz,Taunt,WillOWisp|Impish||M|||50|]Hatterene||LifeOrb|MagicBounce|ExpandingForce,DazzlingGleam,MysticalFire,Protect|Quiet||F|||50|]Farigiraf||ColburBerry|ArmorTail|TrickRoom,HelpingHand,PsychicTerrain,TwinBeam|Relaxed||M|||50|
|showteam|p2|Pelipper||SitrusBerry|Drizzle|WeatherBall,Hurricane,Tailwind,WideGuard|Modest||F|||50|]Archaludon||Leftovers|Stamina|ElectroShot,DragonPulse,FlashCannon,Protect|Modest||F|||50|]Sinistcha||CobaBerry|Hospitality|MatchaGotcha,RagePowder,Protect,TrickRoom|Bold|||||50|]Swampert||Swampertite|Torrent|WaveCrash,Earthquake,IcePunch,Protect|Jolly||M|||50|]Maushold-Four||ChopleBerry|FriendGuard|FollowMe,SuperFang,Protect,RainDance|Jolly|||||50|]Mawile||Mawilite|HyperCutter|PlayRough,IronHead,SuckerPunch,Protect|Adamant||M|||50|
|inactive|Battle timer is ON: inactive players will automatically lose when time's up. (requested by mekakurito)
|
|t:|1782274940
|teamsize|p1|4
|teamsize|p2|4
|start
|switch|p1a: Hatterene|Hatterene, L50, F, shiny|100/100
|switch|p1b: Farigiraf|Farigiraf, L50, M|100/100
|switch|p2a: Pelipper|Pelipper, L50, F|100/100
|switch|p2b: Swampert|Swampert, L50, M|100/100
|-weather|RainDance|[from] ability: Drizzle|[of] p2a: Pelipper
|turn|1
|inactive|dimitry_vgc has 30 seconds left.
|
|t:|1782274967
|detailschange|p2b: Swampert|Swampert-Mega, L50, M
|-mega|p2b: Swampert|Swampert|Swampertite
|move|p2b: Swampert|Wave Crash|p1b: Farigiraf
|-damage|p1b: Farigiraf|16/100
|-damage|p2b: Swampert|71/100|[from] Recoil
|move|p2a: Pelipper|Weather Ball|p1b: Farigiraf
|-damage|p1b: Farigiraf|0 fnt
|faint|p1b: Farigiraf
|move|p1a: Hatterene|Expanding Force|p2a: Pelipper
|-damage|p2a: Pelipper|25/100
|-enditem|p2a: Pelipper|Sitrus Berry|[eat]
|-heal|p2a: Pelipper|49/100|[from] item: Sitrus Berry
|-damage|p1a: Hatterene|90/100|[from] item: Life Orb
|
|-weather|RainDance|[upkeep]
|upkeep
|
|t:|1782274983
|switch|p1b: Incineroar|Incineroar, L50, M|100/100
|-ability|p1b: Incineroar|Intimidate|boost
|-unboost|p2a: Pelipper|atk|1
|-unboost|p2b: Swampert|atk|1
|turn|2
|
|t:|1782275000
|move|p1b: Incineroar|Fake Out|p2b: Swampert
|-damage|p2b: Swampert|61/100
|cant|p2b: Swampert|flinch
|move|p2a: Pelipper|Weather Ball|p1b: Incineroar
|-supereffective|p1b: Incineroar|1
|-damage|p1b: Incineroar|4/100
|move|p1a: Hatterene|Dazzling Gleam|p2a: Pelipper|[spread] p2a,p2b
|-damage|p2a: Pelipper|0 fnt
|-damage|p2b: Swampert|25/100
|faint|p2a: Pelipper
|-damage|p1a: Hatterene|80/100|[from] item: Life Orb
|
|-weather|RainDance|[upkeep]
|upkeep
|
|t:|1782275011
|switch|p2a: Sinistcha|Sinistcha, L50, shiny|100/100
|-heal|p2b: Swampert|50/100y|[from] ability: Hospitality|[of] p2a: Sinistcha
|turn|3
|
|t:|1782275033
|switch|p1b: Sinistcha|Sinistcha, L50|100/100
|-heal|p1a: Hatterene|100/100|[from] ability: Hospitality|[of] p1b: Sinistcha
|move|p1a: Hatterene|Protect|p1a: Hatterene
|-singleturn|p1a: Hatterene|Protect
|move|p2b: Swampert|Wave Crash|p1a: Hatterene
|-activate|p1a: Hatterene|move: Protect
|move|p2a: Sinistcha|Matcha Gotcha|p1b: Sinistcha|[spread] p1b
|-activate|p1a: Hatterene|move: Protect
|-resisted|p1b: Sinistcha|1
|-crit|p1b: Sinistcha
|-damage|p1b: Sinistcha|78/100
|
|-weather|RainDance|[upkeep]
|upkeep
|turn|4
|inactive|dimitry_vgc has 30 seconds left.
|
|t:|1782275064
|switch|p1a: Incineroar|Incineroar, L50, M|4/100
|-ability|p1a: Incineroar|Intimidate|boost
|-unboost|p2a: Sinistcha|atk|1
|-unboost|p2b: Swampert|atk|1
|move|p2b: Swampert|Wave Crash|p1a: Incineroar
|-supereffective|p1a: Incineroar|1
|-damage|p1a: Incineroar|0 fnt
|faint|p1a: Incineroar
|-damage|p2b: Swampert|48/100|[from] Recoil
|move|p2a: Sinistcha|Matcha Gotcha|p1b: Sinistcha
|-resisted|p1b: Sinistcha|1
|-damage|p1b: Sinistcha|60/100
|move|p1b: Sinistcha|Matcha Gotcha|p2a: Sinistcha|[spread] p2a,p2b
|-resisted|p2a: Sinistcha|1
|-supereffective|p2b: Swampert|2
|-damage|p2a: Sinistcha|89/100
|-heal|p1b: Sinistcha|65/100|[from] drain|[of] p2a: Sinistcha
|-damage|p2b: Swampert|0 fnt
|-heal|p1b: Sinistcha|93/100|[from] drain|[of] p2b: Swampert
|-status|p2a: Sinistcha|brn
|faint|p2b: Swampert
|
|-weather|RainDance|[upkeep]
|-damage|p2a: Sinistcha|83/100 brn|[from] brn
|upkeep
|
|t:|1782275081
|switch|p2b: Mawile|Mawile, L50, M, shiny|100/100
|switch|p1a: Hatterene|Hatterene, L50, F, shiny|100/100
|turn|5
|
|t:|1782275102
|move|p1b: Sinistcha|Rage Powder|p1b: Sinistcha
|-singleturn|p1b: Sinistcha|move: Rage Powder
|move|p2a: Sinistcha|Matcha Gotcha|p1a: Hatterene|[spread] p1a,p1b
|-resisted|p1b: Sinistcha|1
|-damage|p1a: Hatterene|76/100
|-heal|p2a: Sinistcha|94/100 brn|[from] drain|[of] p1a: Hatterene
|-damage|p1b: Sinistcha|79/100
|-heal|p2a: Sinistcha|100/100 brn|[from] drain|[of] p1b: Sinistcha
|-status|p1a: Hatterene|brn
|move|p2b: Mawile|Play Rough|p1b: Sinistcha
|-damage|p1b: Sinistcha|54/100
|move|p1a: Hatterene|Mystical Fire|p2a: Sinistcha
|-supereffective|p2a: Sinistcha|1
|-damage|p2a: Sinistcha|65/100 brn
|-unboost|p2a: Sinistcha|spa|1
|-damage|p1a: Hatterene|66/100 brn|[from] item: Life Orb
|
|-weather|none
|-damage|p2a: Sinistcha|58/100 brn|[from] brn
|-damage|p1a: Hatterene|60/100 brn|[from] brn
|upkeep
|turn|6
|inactive|dimitry_vgc has 30 seconds left.
|
|t:|1782275130
|move|p1a: Hatterene|Protect|p1a: Hatterene
|-singleturn|p1a: Hatterene|Protect
|move|p1b: Sinistcha|Life Dew|p1b: Sinistcha|[spread] p1a,p1b
|-heal|p1a: Hatterene|85/100 brn
|-heal|p1b: Sinistcha|79/100
|move|p2a: Sinistcha|Matcha Gotcha|p1a: Hatterene|[spread] p1b
|-activate|p1a: Hatterene|move: Protect
|-resisted|p1b: Sinistcha|1
|-damage|p1b: Sinistcha|70/100
|-heal|p2a: Sinistcha|63/100 brn|[from] drain|[of] p1b: Sinistcha
|-status|p1b: Sinistcha|brn
|move|p2b: Mawile|Iron Head|p1a: Hatterene
|-activate|p1a: Hatterene|move: Protect
|
|-damage|p1b: Sinistcha|64/100 brn|[from] brn
|-damage|p2a: Sinistcha|57/100 brn|[from] brn
|-damage|p1a: Hatterene|79/100 brn|[from] brn
|upkeep
|turn|7
|inactive|dimitry_vgc has 30 seconds left.
|
|t:|1782275157
|move|p1b: Sinistcha|Rage Powder|p1b: Sinistcha
|-singleturn|p1b: Sinistcha|move: Rage Powder
|move|p2a: Sinistcha|Matcha Gotcha|p1b: Sinistcha|[spread] p1a,p1b
|-resisted|p1b: Sinistcha|1
|-damage|p1a: Hatterene|62/100 brn
|-heal|p2a: Sinistcha|65/100 brn|[from] drain|[of] p1a: Hatterene
|-damage|p1b: Sinistcha|54/100 brn
|-heal|p2a: Sinistcha|70/100 brn|[from] drain|[of] p1b: Sinistcha
|move|p2b: Mawile|Iron Head|p1b: Sinistcha
|-damage|p1b: Sinistcha|31/100 brn
|move|p1a: Hatterene|Mystical Fire|p2b: Mawile
|-supereffective|p2b: Mawile|1
|-damage|p2b: Mawile|0 fnt
|faint|p2b: Mawile
|-damage|p1a: Hatterene|52/100 brn|[from] item: Life Orb
|
|-damage|p1b: Sinistcha|25/100 brn|[from] brn
|-damage|p2a: Sinistcha|64/100 brn|[from] brn
|-damage|p1a: Hatterene|46/100 brn|[from] brn
|upkeep
|turn|8
|
|t:|1782275177
|move|p1b: Sinistcha|Life Dew|p1b: Sinistcha|[spread] p1a,p1b
|-heal|p1a: Hatterene|71/100 brn
|-heal|p1b: Sinistcha|51/100 brn
|move|p2a: Sinistcha|Matcha Gotcha|p1b: Sinistcha|[spread] p1b
|-miss|p2a: Sinistcha|p1a: Hatterene
|-resisted|p1b: Sinistcha|1
|-damage|p1b: Sinistcha|42/100 brn
|-heal|p2a: Sinistcha|68/100 brn|[from] drain|[of] p1b: Sinistcha
|move|p1a: Hatterene|Mystical Fire|p2a: Sinistcha
|-supereffective|p2a: Sinistcha|1
|-damage|p2a: Sinistcha|0 fnt
|faint|p2a: Sinistcha
|-damage|p1a: Hatterene|61/100 brn|[from] item: Life Orb
|
|win|mekakurito
|inactive|mekakurito has 30 seconds to confirm battle start!
|inactive|dimitry_vgc has 30 seconds to confirm battle start!
||mekakurito is ready for game 2.
||dimitry_vgc is ready for game 2.
|uhtml|next|Next: Game 2 of 3
