|j|☆MBW 2099
|j|☆Green-Dogi Ranger
|html|MBW 2099Green-Dogi Ranger    
|uhtml|bestof|Game 3 of a best-of-3
|t:|1757729948
|gametype|doubles
|player|p1|MBW 2099|veteran|1020
|player|p2|Green-Dogi Ranger|linebacker|1000
|gen|9
|tier|[Gen 9] VGC 2025 Reg H (Bo3)
|rated|
|rule|Species Clause: Limit one of each Pokémon
|rule|Item Clause: Limit 1 of each item
|clearpoke
|poke|p1|Indeedee-F, L50, F|
|poke|p1|Sneasler, L50, M|
|poke|p1|Gholdengo, L50|
|poke|p1|Dragonite, L50, M|
|poke|p1|Incineroar, L50, M|
|poke|p1|Volcarona, L50, M|
|poke|p2|Malamar, L50, M|
|poke|p2|Torkoal, L50, M|
|poke|p2|Delphox, L50, F|
|poke|p2|Indeedee-F, L50, F|
|poke|p2|Sneasler, L50, F|
|poke|p2|Ursaluna, L50, M|
|teampreview|4
|showteam|p1|Indeedee-F||SafetyGoggles|PsychicSurge|DazzlingGleam,Imprison,TrickRoom,FollowMe|||F|||50|,,,,,Fairy]Sneasler||PsychicSeed|Unburden|DireClaw,Protect,CloseCombat,ThroatChop|||M|||50|,,,,,Dark]Gholdengo||LifeOrb|GoodasGold|MakeItRain,NastyPlot,Protect,Thunderbolt||||||50|,,,,,Water]Dragonite||LoadedDice|Multiscale|ScaleShot,Haze,RockSlide,Protect|||M|||50|,,,,,Fairy]Incineroar||SitrusBerry|Intimidate|KnockOff,PartingShot,FakeOut,Taunt|||M|||50|,,,,,Water]Volcarona||Leftovers|FlameBody|StruggleBug,Protect,HeatWave,QuiverDance|||M|||50|,,,,,Flying
|showteam|p2|Malamar||ChoiceScarf|Contrary|KnockOff,PsychoCut,Superpower,Switcheroo|||M|||50|,,,,,Fighting]Torkoal||EjectPack|Drought|Protect,Eruption,Overheat,HelpingHand|||M|||50|,,,,,Flying]Delphox||LifeOrb|Blaze|Flamethrower,ExpandingForce,DazzlingGleam,Protect|||F|||50|,,,,,Fairy]Indeedee-F||SafetyGoggles|PsychicSurge|FollowMe,Psychic,HelpingHand,TrickRoom|||F|||50|,,,,,Fairy]Sneasler||PsychicSeed|Unburden|Protect,CloseCombat,DireClaw,ThroatChop|||F|||50|,,,,,Dark]Ursaluna||FlameOrb|Guts|Protect,HeadlongRush,Earthquake,Facade|||M|||50|,,,,,Ghost
|inactive|Battle timer is ON: inactive players will automatically lose when time's up. (requested by MBW 2099)
|inactive|MBW 2099 has 60 seconds left.
|inactive|Green-Dogi Ranger has 60 seconds left.
|inactive|MBW 2099 has 30 seconds left.
|inactive|MBW 2099 has 20 seconds left.
|inactive|MBW 2099 has 15 seconds left.
|inactive|Green-Dogi Ranger has 30 seconds left.
|inactive|Green-Dogi Ranger has 20 seconds left.
|inactive|Green-Dogi Ranger has 15 seconds left.
|
|t:|1757730039
|teamsize|p1|4
|teamsize|p2|4
|start
|switch|p1a: Indeedee|Indeedee-F, L50, F|100/100
|switch|p1b: Volcarona|Volcarona, L50, M|100/100
|switch|p2a: Indeedee|Indeedee-F, L50, F|100/100
|switch|p2b: Torkoal|Torkoal, L50, M|100/100
|-fieldstart|move: Psychic Terrain|[from] ability: Psychic Surge|[of] p1a: Indeedee
|-weather|SunnyDay|[from] ability: Drought|[of] p2b: Torkoal
|turn|1
|inactive|MBW 2099 has 30 seconds left.
|
|t:|1757730069
|move|p2a: Indeedee|Helping Hand|p2b: Torkoal
|-singleturn|p2b: Torkoal|Helping Hand|[of] p2a: Indeedee
|move|p1b: Volcarona|Struggle Bug|p2b: Torkoal|[spread] p2a,p2b
|-supereffective|p2a: Indeedee
|-resisted|p2b: Torkoal
|-damage|p2a: Indeedee|70/100
|-damage|p2b: Torkoal|90/100
|-unboost|p2a: Indeedee|spa|1
|-unboost|p2b: Torkoal|spa|1
|-enditem|p2b: Torkoal|Eject Pack
|
|t:|1757730082
|switch|p2b: Ursaluna|Ursaluna, L50, M|100/100
|move|p1a: Indeedee|Imprison|p1a: Indeedee
|-start|p1a: Indeedee|move: Imprison
|
|-weather|SunnyDay|[upkeep]
|-status|p2b: Ursaluna|brn|[from] item: Flame Orb
|upkeep
|turn|2
|inactive|MBW 2099 has 30 seconds left.
|
|t:|1757730117
|switch|p1a: Incineroar|Incineroar, L50, M|100/100
|-ability|p1a: Incineroar|Intimidate|boost
|-unboost|p2a: Indeedee|atk|1
|-unboost|p2b: Ursaluna|atk|1
|move|p2a: Indeedee|Helping Hand|p2b: Ursaluna
|-singleturn|p2b: Ursaluna|Helping Hand|[of] p2a: Indeedee
|move|p1b: Volcarona|Protect|p1b: Volcarona
|-singleturn|p1b: Volcarona|Protect
|move|p2b: Ursaluna|Facade|p1b: Volcarona
|-activate|p1b: Volcarona|move: Protect
|
|-weather|SunnyDay|[upkeep]
|-damage|p2b: Ursaluna|94/100 brn|[from] brn
|upkeep
|turn|3
|inactive|MBW 2099 has 30 seconds left.
|
|t:|1757730143
|switch|p1b: Indeedee|Indeedee-F, L50, F|100/100
|move|p1a: Incineroar|Parting Shot|p2b: Ursaluna
|-unboost|p2b: Ursaluna|atk|1
|-unboost|p2b: Ursaluna|spa|1
|
|t:|1757730159
|switch|p1a: Sneasler|Sneasler, L50, M|100/100|[from] Parting Shot
|-enditem|p1a: Sneasler|Psychic Seed
|-boost|p1a: Sneasler|spd|1|[from] item: Psychic Seed
|move|p2b: Ursaluna|Facade|p1a: Sneasler
|-damage|p1a: Sneasler|0 fnt
|faint|p1a: Sneasler
|move|p2a: Indeedee|Trick Room|p2a: Indeedee
|-fieldstart|move: Trick Room|[of] p2a: Indeedee
|
|-weather|SunnyDay|[upkeep]
|-damage|p2b: Ursaluna|88/100 brn|[from] brn
|upkeep
|
|t:|1757730173
|switch|p1a: Volcarona|Volcarona, L50, M|100/100
|turn|4
|inactive|Green-Dogi Ranger has 30 seconds left.
|
|t:|1757730204
|-terastallize|p1a: Volcarona|Flying
|move|p2b: Ursaluna|Facade|p1b: Indeedee
|-damage|p1b: Indeedee|39/100
|move|p2a: Indeedee|Psychic|p1b: Indeedee
|-resisted|p1b: Indeedee
|-damage|p1b: Indeedee|26/100
|-unboost|p1b: Indeedee|spd|1
|move|p1a: Volcarona|Quiver Dance|p1a: Volcarona
|-boost|p1a: Volcarona|spa|1
|-boost|p1a: Volcarona|spd|1
|-boost|p1a: Volcarona|spe|1
|move|p1b: Indeedee|Trick Room|p1b: Indeedee
|-fieldend|move: Trick Room
|
|-weather|SunnyDay|[upkeep]
|-damage|p2b: Ursaluna|82/100 brn|[from] brn
|upkeep
|turn|5
|inactive|MBW 2099 has 30 seconds left.
|inactive|Green-Dogi Ranger has 30 seconds left.
|inactive|MBW 2099 has 20 seconds left.
|inactive|Green-Dogi Ranger has 20 seconds left.
|inactive|Green-Dogi Ranger has 15 seconds left.
|
|t:|1757730247
|move|p2b: Ursaluna|Protect|p2b: Ursaluna
|-singleturn|p2b: Ursaluna|Protect
|move|p1a: Volcarona|Quiver Dance|p1a: Volcarona
|-boost|p1a: Volcarona|spa|1
|-boost|p1a: Volcarona|spd|1
|-boost|p1a: Volcarona|spe|1
|move|p1b: Indeedee|Imprison|p1b: Indeedee
|-start|p1b: Indeedee|move: Imprison
|move|p2a: Indeedee|Psychic|p1b: Indeedee
|-resisted|p1b: Indeedee
|-damage|p1b: Indeedee|10/100
|
|-weather|none
|-damage|p2b: Ursaluna|76/100 brn|[from] brn
|-fieldend|move: Psychic Terrain
|upkeep
|turn|6
|inactive|MBW 2099 has 30 seconds left.
|inactive|Green-Dogi Ranger has 30 seconds left.
|
|t:|1757730274
|switch|p2b: Torkoal|Torkoal, L50, M|90/100
|-weather|SunnyDay|[from] ability: Drought|[of] p2b: Torkoal
|move|p1a: Volcarona|Heat Wave|p2a: Indeedee|[spread] p2a,p2b
|-resisted|p2b: Torkoal
|-damage|p2a: Indeedee|0 fnt
|-damage|p2b: Torkoal|23/100
|faint|p2a: Indeedee
|move|p1b: Indeedee|Dazzling Gleam|p2b: Torkoal
|-resisted|p2b: Torkoal
|-damage|p2b: Torkoal|11/100
|
|-weather|SunnyDay|[upkeep]
|upkeep
|
|t:|1757730280
|switch|p2a: Sneasler|Sneasler, L50, F|100/100
|turn|7
|
|t:|1757730300
|-terastallize|p2a: Sneasler|Dark
|move|p1b: Indeedee|Follow Me|p1b: Indeedee
|-singleturn|p1b: Indeedee|move: Follow Me
|move|p1a: Volcarona|Struggle Bug|p2a: Sneasler|[spread] p2a,p2b
|-supereffective|p2a: Sneasler
|-resisted|p2b: Torkoal
|-damage|p2a: Sneasler|6/100
|-damage|p2b: Torkoal|0 fnt
|-unboost|p2a: Sneasler|spa|1
|faint|p2b: Torkoal
|move|p2a: Sneasler|Dire Claw|p1b: Indeedee
|-damage|p1b: Indeedee|0 fnt
|faint|p1b: Indeedee
|
|-weather|SunnyDay|[upkeep]
|upkeep
|
|t:|1757730319
|switch|p1b: Incineroar|Incineroar, L50, M|100/100
|switch|p2b: Ursaluna|Ursaluna, L50, M|76/100 brn
|-ability|p1b: Incineroar|Intimidate|boost
|-unboost|p2a: Sneasler|atk|1
|-unboost|p2b: Ursaluna|atk|1
|turn|8
|
|t:|1757730330
|move|p2a: Sneasler|Protect|p2a: Sneasler
|-singleturn|p2a: Sneasler|Protect
|move|p2b: Ursaluna|Protect|p2b: Ursaluna
|-singleturn|p2b: Ursaluna|Protect
|move|p1b: Incineroar|Fake Out|p2b: Ursaluna
|-activate|p2b: Ursaluna|move: Protect
|move|p1a: Volcarona|Struggle Bug|p2b: Ursaluna|[spread] 
|-activate|p2a: Sneasler|move: Protect
|-activate|p2b: Ursaluna|move: Protect
|
|-weather|SunnyDay|[upkeep]
|-damage|p2b: Ursaluna|70/100 brn|[from] brn
|upkeep
|turn|9
|inactive|MBW 2099 has 30 seconds left.
|
|t:|1757730359
|move|p1a: Volcarona|Struggle Bug|p2b: Ursaluna|[spread] p2a,p2b
|-supereffective|p2a: Sneasler
|-damage|p2a: Sneasler|0 fnt
|-damage|p2b: Ursaluna|40/100 brn
|-unboost|p2b: Ursaluna|spa|1
|faint|p2a: Sneasler
|move|p1b: Incineroar|Knock Off|p2b: Ursaluna
|-damage|p2b: Ursaluna|11/100 brn
|-enditem|p2b: Ursaluna|Flame Orb|[from] move: Knock Off|[of] p1b: Incineroar
|move|p2b: Ursaluna|Facade|p1a: Volcarona
|-damage|p1a: Volcarona|20/100
|
|-weather|SunnyDay|[upkeep]
|-heal|p1a: Volcarona|26/100|[from] item: Leftovers
|-damage|p2b: Ursaluna|5/100 brn|[from] brn
|upkeep
|turn|10
|
|t:|1757730377
|move|p1a: Volcarona|Struggle Bug|p2b: Ursaluna
|-crit|p2b: Ursaluna
|-damage|p2b: Ursaluna|0 fnt
|faint|p2b: Ursaluna
|
|win|MBW 2099
|raw|MBW 2099's rating: 1020 → 1055(+35 for winning)
|raw|Green-Dogi Ranger's rating: 1000 → 1000(+0 for losing)
|l|☆MBW 2099
|player|p1|
