|j|☆Sincubii
|j|☆5NitesAtTrickRoom
|html|Sincubii5NitesAtTrickRoom    
|uhtml|bestof|Game 1 of a best-of-3
|t:|1757813754
|gametype|doubles
|player|p1|Sincubii|palmer|1172
|player|p2|5NitesAtTrickRoom|hilbert|1281
|gen|9
|tier|[Gen 9] VGC 2025 Reg H (Bo3)
|rated|
|rule|Species Clause: Limit one of each Pokémon
|rule|Item Clause: Limit 1 of each item
|clearpoke
|poke|p1|Weavile, L50, F|
|poke|p1|Weezing-Galar, L50, F|
|poke|p1|Tyranitar, L50, M|
|poke|p1|Dragonite, L50, M|
|poke|p1|Typhlosion-Hisui, L50, F|
|poke|p1|Toedscruel, L50, F|
|poke|p2|Pelipper, L50, F|
|poke|p2|Archaludon, L50, M|
|poke|p2|Sinistcha-Masterpiece, L50|
|poke|p2|Maushold, L50|
|poke|p2|Basculegion, L50, M|
|poke|p2|Incineroar, L50, M|
|teampreview|4
|showteam|p1|Weavile||LifeOrb|Pressure|FakeOut,IceSpinner,KnockOff,LowKick|||F|||50|,,,,,Ghost]Weezing-Galar||SafetyGoggles|NeutralizingGas|StrangeSteam,WillOWisp,Taunt,Protect|||F|||50|,,,,,Fire]Tyranitar||AssaultVest|SandStream|KnockOff,RockSlide,TeraBlast,LowKick|||M|||50|,,,,,Flying]Dragonite||LoadedDice|InnerFocus|Protect,ScaleShot,Tailwind,IronHead|||M|||50|,,,,,Steel]Typhlosion-Hisui||ChoiceScarf|Blaze|Eruption,HeatWave,ShadowBall,Overheat|||F|||50|,,,,,Fire]Toedscruel||FocusSash|MyceliumMight|Spore,EarthPower,LeafStorm,Protect|||F|||50|,,,,,Fairy
|showteam|p2|Pelipper||FocusSash|Drizzle|WeatherBall,Hurricane,Tailwind,Protect|||F|||50|,,,,,Grass]Archaludon||AssaultVest|Stamina|FlashCannon,BodyPress,ElectroShot,Snarl|||M|||50|,,,,,Fighting]Sinistcha-Masterpiece||SitrusBerry|Hospitality|RagePowder,MatchaGotcha,TrickRoom,LifeDew||||||50|,,,,,Water]Maushold||WideLens|Technician|Protect,Taunt,PopulationBomb,FollowMe||||||50|,,,,,Ghost]Basculegion||ChoiceScarf|Adaptability|WaveCrash,LastRespects,AquaJet,FlipTurn|||M|||50|,,,,,Water]Incineroar||SafetyGoggles|Intimidate|FakeOut,FlareBlitz,KnockOff,PartingShot|||M|||50|,,,,,Ghost
|inactive|Battle timer is ON: inactive players will automatically lose when time's up. (requested by Sincubii)
|
|t:|1757813830
|teamsize|p1|4
|teamsize|p2|4
|start
|switch|p1a: Tyranitar|Tyranitar, L50, M|100/100
|switch|p1b: Big Boss|Dragonite, L50, M, shiny|100/100
|switch|p2a: Maushold|Maushold, L50|100/100
|switch|p2b: Incineroar|Incineroar, L50, M|100/100
|-weather|Sandstorm|[from] ability: Sand Stream|[of] p1a: Tyranitar
|-ability|p2b: Incineroar|Intimidate|boost
|-unboost|p1a: Tyranitar|atk|1
|-fail|p1b: Big Boss|unboost|Attack|[from] ability: Inner Focus|[of] p1b: Big Boss
|turn|1
|
|t:|1757813852
|switch|p1a: Weezing|Weezing-Galar, L50, F|100/100
|-ability|p1a: Weezing|Neutralizing Gas
|move|p2b: Incineroar|Fake Out|p1a: Weezing
|-damage|p1a: Weezing|92/100
|move|p2a: Maushold|Population Bomb|p1b: Big Boss
|-damage|p1b: Big Boss|93/100
|-damage|p1b: Big Boss|85/100
|-damage|p1b: Big Boss|77/100
|-damage|p1b: Big Boss|69/100
|-damage|p1b: Big Boss|62/100
|-crit|p1b: Big Boss
|-damage|p1b: Big Boss|51/100
|-crit|p1b: Big Boss
|-damage|p1b: Big Boss|39/100
|-damage|p1b: Big Boss|31/100
|-damage|p1b: Big Boss|24/100
|-damage|p1b: Big Boss|16/100
|-hitcount|p1b: Big Boss|10
|move|p1b: Big Boss|Scale Shot|p2b: Incineroar|[miss]
|-miss|p1b: Big Boss|p2b: Incineroar
|
|-weather|Sandstorm|[upkeep]
|-damage|p2a: Maushold|94/100|[from] Sandstorm
|-damage|p1b: Big Boss|10/100|[from] Sandstorm
|upkeep
|turn|2
|inactive|5NitesAtTrickRoom has 30 seconds left.
|
|t:|1757813881
|move|p1b: Big Boss|Protect|p1b: Big Boss
|-singleturn|p1b: Big Boss|Protect
|move|p2a: Maushold|Population Bomb|p1b: Big Boss
|-activate|p1b: Big Boss|move: Protect
|move|p2b: Incineroar|Knock Off|p1a: Weezing
|-resisted|p1a: Weezing
|-damage|p1a: Weezing|76/100
|-enditem|p1a: Weezing|Safety Goggles|[from] move: Knock Off|[of] p2b: Incineroar
|move|p1a: Weezing|Will-O-Wisp|p2a: Maushold
|-status|p2a: Maushold|brn
|
|-weather|Sandstorm|[upkeep]
|-damage|p2a: Maushold|88/100 brn|[from] Sandstorm
|-damage|p1b: Big Boss|5/100|[from] Sandstorm
|-damage|p1a: Weezing|70/100|[from] Sandstorm
|-damage|p2a: Maushold|82/100 brn|[from] brn
|upkeep
|turn|3
|inactive|5NitesAtTrickRoom has 30 seconds left.
|
|t:|1757813906
|switch|p1b: Tyranitar|Tyranitar, L50, M|100/100
|move|p2a: Maushold|Population Bomb|p1b: Tyranitar
|-resisted|p1b: Tyranitar
|-damage|p1b: Tyranitar|99/100
|-resisted|p1b: Tyranitar
|-damage|p1b: Tyranitar|97/100
|-resisted|p1b: Tyranitar
|-damage|p1b: Tyranitar|96/100
|-resisted|p1b: Tyranitar
|-damage|p1b: Tyranitar|94/100
|-resisted|p1b: Tyranitar
|-damage|p1b: Tyranitar|93/100
|-resisted|p1b: Tyranitar
|-damage|p1b: Tyranitar|91/100
|-resisted|p1b: Tyranitar
|-damage|p1b: Tyranitar|90/100
|-resisted|p1b: Tyranitar
|-damage|p1b: Tyranitar|88/100
|-resisted|p1b: Tyranitar
|-damage|p1b: Tyranitar|87/100
|-resisted|p1b: Tyranitar
|-damage|p1b: Tyranitar|85/100
|-hitcount|p1b: Tyranitar|10
|move|p2b: Incineroar|Parting Shot|p1b: Tyranitar
|-unboost|p1b: Tyranitar|atk|1
|-unboost|p1b: Tyranitar|spa|1
|
|t:|1757813913
|switch|p2b: Archaludon|Archaludon, L50, M|100/100|[from] Parting Shot
|move|p1a: Weezing|Strange Steam|p2b: Archaludon
|-damage|p2b: Archaludon|83/100
|-start|p2b: Archaludon|confusion
|
|-weather|Sandstorm|[upkeep]
|-damage|p2a: Maushold|76/100 brn|[from] Sandstorm
|-damage|p1a: Weezing|64/100|[from] Sandstorm
|-damage|p2a: Maushold|70/100 brn|[from] brn
|upkeep
|turn|4
|
|t:|1757813928
|move|p1a: Weezing|Protect|p1a: Weezing
|-singleturn|p1a: Weezing|Protect
|move|p2a: Maushold|Taunt|p1a: Weezing
|-activate|p1a: Weezing|move: Protect
|-activate|p2b: Archaludon|confusion
|move|p2b: Archaludon|Body Press|p1b: Tyranitar
|-supereffective|p1b: Tyranitar
|-damage|p1b: Tyranitar|0 fnt
|faint|p1b: Tyranitar
|
|-weather|Sandstorm|[upkeep]
|-damage|p2a: Maushold|64/100 brn|[from] Sandstorm
|-damage|p1a: Weezing|58/100|[from] Sandstorm
|-damage|p2a: Maushold|58/100 brn|[from] brn
|upkeep
|
|t:|1757813938
|switch|p1b: Toedscruel|Toedscruel, L50, F|100/100
|turn|5
|
|t:|1757813955
|move|p1b: Toedscruel|Protect|p1b: Toedscruel
|-singleturn|p1b: Toedscruel|Protect
|move|p2a: Maushold|Taunt|p1b: Toedscruel
|-activate|p1b: Toedscruel|move: Protect
|-activate|p2b: Archaludon|confusion
|-damage|p2b: Archaludon|79/100|[from] confusion
|move|p1a: Weezing|Taunt|p2a: Maushold
|-start|p2a: Maushold|move: Taunt
|
|-weather|none
|-damage|p2a: Maushold|52/100 brn|[from] brn
|upkeep
|turn|6
|
|t:|1757813971
|move|p2a: Maushold|Population Bomb|p1b: Toedscruel
|-damage|p1b: Toedscruel|95/100
|-damage|p1b: Toedscruel|89/100
|-damage|p1b: Toedscruel|83/100
|-damage|p1b: Toedscruel|77/100
|-crit|p1b: Toedscruel
|-damage|p1b: Toedscruel|68/100
|-damage|p1b: Toedscruel|62/100
|-damage|p1b: Toedscruel|56/100
|-damage|p1b: Toedscruel|50/100
|-damage|p1b: Toedscruel|43/100
|-damage|p1b: Toedscruel|37/100
|-hitcount|p1b: Toedscruel|10
|move|p1b: Toedscruel|Spore|p2b: Archaludon
|-status|p2b: Archaludon|slp|[from] move: Spore
|cant|p2b: Archaludon|slp
|move|p1a: Weezing|Strange Steam|p2a: Maushold
|-crit|p2a: Maushold
|-damage|p2a: Maushold|0 fnt
|faint|p2a: Maushold
|
|upkeep
|
|t:|1757813991
|switch|p2a: Incineroar|Incineroar, L50, M|100/100
|turn|7
|
|t:|1757814001
|move|p1b: Toedscruel|Protect|p1b: Toedscruel
|-singleturn|p1b: Toedscruel|Protect
|-curestatus|p2b: Archaludon|slp|[msg]
|-end|p2b: Archaludon|confusion
|move|p2b: Archaludon|Flash Cannon|p1a: Weezing
|-supereffective|p1a: Weezing
|-damage|p1a: Weezing|0 fnt
|faint|p1a: Weezing
|-end|p1a: Weezing|ability: Neutralizing Gas
|-ability|p2a: Incineroar|Intimidate|boost
|-unboost|p1b: Toedscruel|atk|1
|move|p2a: Incineroar|Knock Off|p1b: Toedscruel
|-activate|p1b: Toedscruel|move: Protect
|
|upkeep
|
|t:|1757814002
|switch|p1a: Big Boss|Dragonite, L50, M, shiny|5/100
|turn|8
|-message|Sincubii forfeited.
|
|win|5NitesAtTrickRoom
