|j|☆reecez14
|j|☆HolgerD
|html|reecez14HolgerD    
|uhtml|bestof|Game 2 of a best-of-3
|t:|1757176709
|gametype|doubles
|player|p1|reecez14|nate|1182
|player|p2|HolgerD|1|1430
|gen|9
|tier|[Gen 9] VGC 2025 Reg H (Bo3)
|rated|
|rule|Species Clause: Limit one of each Pokémon
|rule|Item Clause: Limit 1 of each item
|clearpoke
|poke|p1|Armarouge, L50, F|
|poke|p1|Indeedee-F, L50, F|
|poke|p1|Sneasler, L50, F|
|poke|p1|Ursaluna, L50, F|
|poke|p1|Dragapult, L50, M|
|poke|p1|Noivern, L50, M|
|poke|p2|Maushold, L50|
|poke|p2|Pelipper, L50, F|
|poke|p2|Archaludon, L50, M|
|poke|p2|Ursaluna, L50, F|
|poke|p2|Sinistcha, L50|
|poke|p2|Basculegion, L50, M|
|teampreview|4
|showteam|p1|Armarouge||PowerHerb|FlashFire|Protect,ExpandingForce,ArmorCannon,MeteorBeam|||F|||50|,,,,,Grass]Indeedee-F||SitrusBerry|PsychicSurge|FollowMe,TrickRoom,HelpingHand,Psychic|||F|||50|,,,,,Water]Sneasler||PsychicSeed|Unburden|Protect,ThroatChop,DireClaw,CloseCombat|||F|||50|,,,,,Dark]Ursaluna||FlameOrb|Guts|Protect,Facade,Earthquake,HeadlongRush|||F|||50|,,,,,Ghost]Dragapult||ChoiceBand|ClearBody|Uturn,DragonDarts,PsychicFangs,PhantomForce|||M|||50|,,,,,Dragon]Noivern||FocusSash|Telepathy|Protect,Tailwind,SuperFang,AirSlash|||M|||50|,,,,,Ghost
|showteam|p2|Maushold||WideLens|Technician|PopulationBomb,FollowMe,Taunt,Protect||||||50|,,,,,Ghost]Pelipper||FocusSash|Drizzle|Hurricane,MuddyWater,Tailwind,Protect|||F|||50|,,,,,Ghost]Archaludon||AssaultVest|Stamina|DragonPulse,ElectroShot,BodyPress,FlashCannon|||M|||50|,,,,,Bug]Ursaluna||FlameOrb|Guts|Facade,HeadlongRush,Earthquake,Protect|||F|||50|,,,,,Ghost]Sinistcha||SitrusBerry|Hospitality|MatchaGotcha,LifeDew,RagePowder,TrickRoom||||||50|,,,,,Dark]Basculegion||ChoiceBand|SwiftSwim|AquaJet,FlipTurn,LastRespects,WaveCrash|||M|||50|,,,,,Water
|inactive|Battle timer is ON: inactive players will automatically lose when time's up. (requested by reecez14)
|inactive|reecez14 has 60 seconds left.
|inactive|HolgerD has 60 seconds left.
|
|t:|1757176752
|teamsize|p1|4
|teamsize|p2|4
|start
|switch|p1a: Dragapult|Dragapult, L50, M|100/100
|switch|p1b: Sneasler|Sneasler, L50, F|100/100
|switch|p2a: Maushold|Maushold, L50|100/100
|switch|p2b: Pelipper|Pelipper, L50, F|100/100
|-weather|RainDance|[from] ability: Drizzle|[of] p2b: Pelipper
|turn|1
|inactive|HolgerD has 30 seconds left.
|
|t:|1757176781
|move|p1a: Dragapult|Dragon Darts|p2a: Maushold
|-damage|p2a: Maushold|44/100
|-anim|p1a: Dragapult|Dragon Darts|p2b: Pelipper
|-damage|p2b: Pelipper|54/100
|move|p2a: Maushold|Population Bomb|p1b: Sneasler
|-damage|p1b: Sneasler|81/100
|-damage|p1b: Sneasler|63/100
|-damage|p1b: Sneasler|44/100
|-damage|p1b: Sneasler|24/100
|-damage|p1b: Sneasler|5/100
|-hitcount|p1b: Sneasler|5
|move|p1b: Sneasler|Dire Claw|p2b: Pelipper
|-damage|p2b: Pelipper|0 fnt
|faint|p2b: Pelipper
|
|-weather|RainDance|[upkeep]
|upkeep
|
|t:|1757176804
|switch|p2b: Archaludon|Archaludon, L50, M|100/100
|turn|2
|
|t:|1757176830
|-terastallize|p2b: Archaludon|Bug
|move|p2a: Maushold|Protect|p2a: Maushold
|-singleturn|p2a: Maushold|Protect
|move|p1b: Sneasler|Protect|p1b: Sneasler
|-singleturn|p1b: Sneasler|Protect
|move|p1a: Dragapult|Dragon Darts|p2b: Archaludon
|-damage|p2b: Archaludon|75/100
|-ability|p2b: Archaludon|Stamina|boost
|-boost|p2b: Archaludon|def|1
|-anim|p1a: Dragapult|Dragon Darts|p2b: Archaludon
|-damage|p2b: Archaludon|58/100
|-ability|p2b: Archaludon|Stamina|boost
|-boost|p2b: Archaludon|def|1
|move|p2b: Archaludon|Dragon Pulse|p1a: Dragapult
|-supereffective|p1a: Dragapult
|-damage|p1a: Dragapult|9/100
|
|-weather|RainDance|[upkeep]
|upkeep
|turn|3
|inactive|HolgerD has 30 seconds left.
|
|t:|1757176859
|switch|p2a: Ursaluna|Ursaluna, L50, F|100/100
|move|p1a: Dragapult|Dragon Darts|p2a: Ursaluna
|-damage|p2a: Ursaluna|75/100
|-anim|p1a: Dragapult|Dragon Darts|p2b: Archaludon
|-damage|p2b: Archaludon|45/100
|-ability|p2b: Archaludon|Stamina|boost
|-boost|p2b: Archaludon|def|1
|move|p1b: Sneasler|Dire Claw|p2b: Archaludon
|-damage|p2b: Archaludon|32/100
|-status|p2b: Archaludon|par
|-ability|p2b: Archaludon|Stamina|boost
|-boost|p2b: Archaludon|def|1
|move|p2b: Archaludon|Electro Shot||[still]
|-prepare|p2b: Archaludon|Electro Shot
|-boost|p2b: Archaludon|spa|1
|-anim|p2b: Archaludon|Electro Shot|p1a: Dragapult
|-resisted|p1a: Dragapult
|-damage|p1a: Dragapult|0 fnt
|faint|p1a: Dragapult
|
|-weather|RainDance|[upkeep]
|-status|p2a: Ursaluna|brn|[from] item: Flame Orb
|upkeep
|
|t:|1757176881
|switch|p1a: Armarouge|Armarouge, L50, F|100/100
|turn|4
|inactive|HolgerD has 30 seconds left.
|inactive|HolgerD has 20 seconds left.
|inactive|HolgerD has 15 seconds left.
|inactive|HolgerD has 10 seconds left.
|inactive|HolgerD has 5 seconds left.
|
|t:|1757176932
|-terastallize|p1a: Armarouge|Grass
|move|p1b: Sneasler|Close Combat|p2a: Ursaluna
|-supereffective|p2a: Ursaluna
|-damage|p2a: Ursaluna|0 fnt
|-unboost|p1b: Sneasler|def|1
|-unboost|p1b: Sneasler|spd|1
|faint|p2a: Ursaluna
|move|p1a: Armarouge|Meteor Beam||[still]
|-prepare|p1a: Armarouge|Meteor Beam
|-boost|p1a: Armarouge|spa|1
|-enditem|p1a: Armarouge|Power Herb
|-anim|p1a: Armarouge|Meteor Beam|p2b: Archaludon
|-supereffective|p2b: Archaludon
|-damage|p2b: Archaludon|0 fnt
|faint|p2b: Archaludon
|
|-weather|RainDance|[upkeep]
|upkeep
|
|t:|1757176945
|switch|p2b: Maushold|Maushold, L50|44/100
|turn|5
|
|t:|1757176958
|move|p2b: Maushold|Population Bomb|p1a: Armarouge
|-crit|p1a: Armarouge
|-damage|p1a: Armarouge|83/100
|-damage|p1a: Armarouge|72/100
|-damage|p1a: Armarouge|60/100
|-damage|p1a: Armarouge|48/100
|-damage|p1a: Armarouge|35/100
|-damage|p1a: Armarouge|23/100
|-damage|p1a: Armarouge|11/100
|-damage|p1a: Armarouge|0 fnt
|faint|p1a: Armarouge
|-hitcount|p1: Armarouge|8
|move|p1b: Sneasler|Close Combat|p2b: Maushold
|-supereffective|p2b: Maushold
|-damage|p2b: Maushold|0 fnt
|-unboost|p1b: Sneasler|def|1
|-unboost|p1b: Sneasler|spd|1
|faint|p2b: Maushold
|
|win|reecez14
|raw|reecez14's rating: 1182 → 1222(+40 for winning)
|raw|HolgerD's rating: 1430 → 1398(-32 for losing)
|l|☆reecez14
|player|p1|
|l|☆HolgerD
|player|p2|
|j|☆reecez14
|player|p1|reecez14|nate|
|l|☆reecez14
|player|p1|
|j|☆HolgerD
|player|p2|HolgerD|1|
