|j|☆up14
|j|☆InSane_Lcs
|html|up14InSane_Lcs    
|uhtml|bestof|Game 1 of a best-of-3
|t:|1783086223
|gametype|doubles
|player|p1|up14|cynthia-masters|
|player|p2|InSane_Lcs|youngster-gen4dp|
|gen|9
|tier|[Gen 9 Champions] VGC 2026 Reg M-B (Bo3)
|rule|Species Clause: Limit one of each Pokémon
|rule|Item Clause: Limit 1 of each item
|clearpoke
|poke|p1|Staraptor, L50, F|
|poke|p1|Basculegion, L50, M|
|poke|p1|Sneasler, L50, F|
|poke|p1|Sinistcha, L50|
|poke|p1|Ceruledge, L50, M|
|poke|p1|Ariados, L50, F|
|poke|p2|Blastoise, L50, M, shiny|
|poke|p2|Incineroar, L50, M, shiny|
|poke|p2|Sinistcha, L50, shiny|
|poke|p2|Delphox, L50, M, shiny|
|poke|p2|Sneasler, L50, M, shiny|
|poke|p2|Maushold-Four, L50, shiny|
|teampreview|4
|showteam|p1|Staraptor||Staraptite|Intimidate|BulkUp,CloseCombat,BraveBird,Roost|Serious||F|||50|]Basculegion||ChoiceScarf|Adaptability|LastRespects,FlipTurn,PsychicFangs,WaveCrash|Jolly||M|||50|]Sneasler||WhiteHerb|Unburden|CloseCombat,FakeOut,DireClaw,ThroatChop|Adamant||F|||50|]Sinistcha||Leftovers|Hospitality|RagePowder,MatchaGotcha,StrengthSap,TrickRoom|Relaxed|||||50|]Ceruledge||FocusSash|WeakArmor|SwordsDance,Poltergeist,BitterBlade,DestinyBond|Jolly||M|||50|]Ariados||ChartiBerry|Sniper|StickyWeb,ToxicSpikes,SuckerPunch,RagePowder|Careful||F|||50|
|showteam|p2|Blastoise||Blastoisinite|Torrent|WaterSpout,DarkPulse,ShellSmash,Protect|Modest||M|||50|]Incineroar||SitrusBerry|Intimidate|FakeOut,FlareBlitz,ThroatChop,PartingShot|Impish||M|||50|]Sinistcha||KasibBerry|Hospitality|MatchaGotcha,LifeDew,RagePowder,TrickRoom|Bold|||||50|]Delphox||Delphoxite|Blaze|HeatWave,Psyshock,NastyPlot,Protect|Timid||M|||50|]Sneasler||FocusSash|PoisonTouch|FakeOut,CloseCombat,DireClaw,QuickGuard|Jolly||M|||50|]Maushold-Four||ChopleBerry|FriendGuard|SuperFang,Feint,FollowMe,Protect|Impish|||||50|
|j| I got to lock in
|c|☆up14|hf
|c|☆InSane_Lcs|thx
|c|☆InSane_Lcs|hf
|j| McKrimo
|
|t:|1783086327
|teamsize|p1|4
|teamsize|p2|4
|start
|switch|p1a: Ariados|Ariados, L50, F|100/100
|switch|p1b: Sneasler|Sneasler, L50, F|100/100
|switch|p2a: Leonardo|Blastoise, L50, M, shiny|100/100
|switch|p2b: 4x1|Maushold-Four, L50, shiny|100/100
|turn|1
|
|t:|1783086367
|detailschange|p2a: Leonardo|Blastoise-Mega, L50, M, shiny
|-mega|p2a: Leonardo|Blastoise|Blastoisinite
|move|p2a: Leonardo|Protect|p2a: Leonardo
|-singleturn|p2a: Leonardo|Protect
|move|p1b: Sneasler|Fake Out|p2a: Leonardo
|-activate|p2a: Leonardo|move: Protect
|move|p2b: 4x1|Super Fang|p1a: Ariados
|-damage|p1a: Ariados|50/100g
|move|p1a: Ariados|Sticky Web|p2b: 4x1
|-sidestart|p2: InSane_Lcs|move: Sticky Web
|
|upkeep
|turn|2
|
|t:|1783086383
|move|p2b: 4x1|Follow Me|p2b: 4x1
|-singleturn|p2b: 4x1|move: Follow Me
|move|p1a: Ariados|Rage Powder|p1a: Ariados
|-singleturn|p1a: Ariados|move: Rage Powder
|move|p1b: Sneasler|Close Combat|p2b: 4x1
|-supereffective|p2b: 4x1|1
|-enditem|p2b: 4x1|Chople Berry|[eat]
|-enditem|p2b: 4x1|Chople Berry|[weaken]
|-damage|p2b: 4x1|38/100
|-unboost|p1b: Sneasler|def|1
|-unboost|p1b: Sneasler|spd|1
|-enditem|p1b: Sneasler|White Herb
|-clearnegativeboost|p1b: Sneasler|[silent]
|move|p2a: Leonardo|Shell Smash|p2a: Leonardo
|-unboost|p2a: Leonardo|def|1
|-unboost|p2a: Leonardo|spd|1
|-boost|p2a: Leonardo|atk|2
|-boost|p2a: Leonardo|spa|2
|-boost|p2a: Leonardo|spe|2
|
|upkeep
|turn|3
|
|t:|1783086399
|move|p2b: 4x1|Follow Me|p2b: 4x1
|-singleturn|p2b: 4x1|move: Follow Me
|move|p1a: Ariados|Sucker Punch||[still]
|-fail|p1a: Ariados
|move|p1b: Sneasler|Close Combat|p2b: 4x1
|-supereffective|p2b: 4x1|1
|-damage|p2b: 4x1|0 fnt
|-unboost|p1b: Sneasler|def|1
|-unboost|p1b: Sneasler|spd|1
|faint|p2b: 4x1
|move|p2a: Leonardo|Water Spout|p1b: Sneasler|[spread] p1a,p1b
|-damage|p1a: Ariados|0 fnt
|-damage|p1b: Sneasler|0 fnt
|faint|p1a: Ariados
|faint|p1b: Sneasler
|
|upkeep
|
|t:|1783086414
|switch|p1b: Staraptor|Staraptor, L50, F|100/100
|switch|p2b: FuzeTea|Sinistcha, L50, shiny|100/100
|switch|p1a: Ceruledge|Ceruledge, L50, M|100/100
|-ability|p1b: Staraptor|Intimidate|boost
|-unboost|p2a: Leonardo|atk|1
|-unboost|p2b: FuzeTea|atk|1
|-activate|p2b: FuzeTea|move: Sticky Web
|-unboost|p2b: FuzeTea|spe|1
|turn|4
|
|t:|1783086453
|detailschange|p1b: Staraptor|Staraptor-Mega, L50, F
|-mega|p1b: Staraptor|Staraptor|Staraptite
|move|p2b: FuzeTea|Rage Powder|p2b: FuzeTea
|-singleturn|p2b: FuzeTea|move: Rage Powder
|move|p2a: Leonardo|Water Spout|p1a: Ceruledge|[spread] p1a,p1b
|-supereffective|p1a: Ceruledge|1
|-enditem|p1a: Ceruledge|Focus Sash
|-damage|p1a: Ceruledge|1/100
|-damage|p1b: Staraptor|0 fnt
|faint|p1b: Staraptor
|move|p1a: Ceruledge|Poltergeist|p2b: FuzeTea
|-activate|p2b: FuzeTea|move: Poltergeist|Kasib Berry
|-supereffective|p2b: FuzeTea|1
|-crit|p2b: FuzeTea
|-enditem|p2b: FuzeTea|Kasib Berry|[eat]
|-enditem|p2b: FuzeTea|Kasib Berry|[weaken]
|-damage|p2b: FuzeTea|35/100
|
|upkeep
|turn|5
|
|t:|1783086468
|move|p2a: Leonardo|Water Spout|p1a: Ceruledge
|-supereffective|p1a: Ceruledge|1
|-damage|p1a: Ceruledge|0 fnt
|faint|p1a: Ceruledge
|
|win|InSane_Lcs
||InSane_Lcs is ready for game 2.
||up14 is ready for game 2.
|uhtml|next|Next: Game 2 of 3
|l| McKrimo
|j| shogui85
|l| shogui85
|l|☆up14
|player|p1|
|j| shogui85
|j| Oakvale
|l| I got to lock in
|l| shogui85
|j| Cotowol
|l| Cotowol
|l| Oakvale
|j| I got to lock in
|l| I got to lock in
|j| I got to lock in
|l| I got to lock in
