|j|☆rainisgame
|j|☆lordtentacle69
|html|rainisgamelordtentacle69    
|uhtml|bestof|Game 1 of a best-of-3
|t:|1784870207
|gametype|doubles
|player|p1|rainisgame|266|1463
|player|p2|lordtentacle69|corbeau|1403
|gen|9
|tier|[Gen 9 Champions] VGC 2026 Reg M-B (Bo3)
|rated|
|rule|Species Clause: Limit one of each Pokémon
|rule|Item Clause: Limit 1 of each item
|clearpoke
|poke|p1|Charizard, L50, M|
|poke|p1|Venusaur, L50, F|
|poke|p1|Grimmsnarl, L50, M|
|poke|p1|Basculegion, L50, M|
|poke|p1|Archaludon, L50, M|
|poke|p1|Pelipper, L50, F|
|poke|p2|Delphox, L50, M|
|poke|p2|Incineroar, L50, M|
|poke|p2|Maushold-Four, L50|
|poke|p2|Sinistcha, L50|
|poke|p2|Sneasler, L50, F|
|poke|p2|Blastoise, L50, M|
|teampreview|4
|showteam|p1|Charizard||CharizarditeY|Blaze|WeatherBall,HeatWave,SolarBeam,Protect|Timid||M|||50|]Venusaur||FocusSash|Chlorophyll|EarthPower,SludgeBomb,SleepPowder,Protect|Timid||F|||50|]Grimmsnarl||LightClay|Prankster|SpiritBreak,LightScreen,Reflect,PartingShot|Sassy||M|||50|]Basculegion||ChoiceScarf|Adaptability|WaveCrash,FlipTurn,LastRespects,AquaJet|Jolly||M|||50|]Archaludon||Leftovers|Stamina|ElectroShot,DragonPulse,FlashCannon,Protect|Calm||M|||50|]Pelipper||SitrusBerry|Drizzle|WeatherBall,Hurricane,Tailwind,WideGuard|Modest||F|||50|
|showteam|p2|Delphox||Delphoxite|Blaze|HeatWave,Psychic,NastyPlot,Protect|Timid||M|||50|]Incineroar||SitrusBerry|Intimidate|FakeOut,PartingShot,FlareBlitz,ThroatChop|Impish||M|||50|]Maushold-Four||ChopleBerry|FriendGuard|Feint,HelpingHand,Protect,FollowMe|Impish|||||50|]Sinistcha||ColburBerry|Hospitality|Protect,MatchaGotcha,TrickRoom,RagePowder|Bold|||||50|]Sneasler||FocusSash|PoisonTouch|CloseCombat,PoisonJab,QuickGuard,FakeOut|Adamant||F|||50|]Blastoise||Blastoisinite|RainDish|Protect,WaterSpout,DarkPulse,ShellSmash|Timid||M|||50|
|
|t:|1784870226
|teamsize|p1|4
|teamsize|p2|4
|start
|switch|p1a: Charizard|Charizard, L50, M|100/100
|switch|p1b: Basculegion|Basculegion, L50, M|100/100
|switch|p2a: Unctober|Delphox, L50, M|100/100
|switch|p2b: Gochujang|Incineroar, L50, M|100/100
|-ability|p2b: Gochujang|Intimidate|boost
|-unboost|p1a: Charizard|atk|1
|-unboost|p1b: Basculegion|atk|1
|turn|1
|
|t:|1784870246
|switch|p1a: Pelipper|Pelipper, L50, F|100/100
|-weather|RainDance|[from] ability: Drizzle|[of] p1a: Pelipper
|detailschange|p2a: Unctober|Delphox-Mega, L50, M
|-mega|p2a: Unctober|Delphox|Delphoxite
|move|p2a: Unctober|Protect|p2a: Unctober
|-singleturn|p2a: Unctober|Protect
|move|p1b: Basculegion|Wave Crash|p2b: Gochujang
|-supereffective|p2b: Gochujang|1
|-damage|p2b: Gochujang|0 fnt
|faint|p2b: Gochujang
|-damage|p1b: Basculegion|67/100|[from] Recoil
|
|-weather|RainDance|[upkeep]
|upkeep
|
|t:|1784870256
|switch|p2b: Green Day|Sinistcha, L50|100/100
|turn|2
|
|t:|1784870266
|move|p2b: Green Day|Rage Powder|p2b: Green Day
|-singleturn|p2b: Green Day|move: Rage Powder
|move|p1b: Basculegion|Wave Crash|p2b: Green Day
|-resisted|p2b: Green Day|1
|-damage|p2b: Green Day|70/100
|-damage|p1b: Basculegion|59/100|[from] Recoil
|move|p2a: Unctober|Nasty Plot|p2a: Unctober
|-boost|p2a: Unctober|spa|2
|move|p1a: Pelipper|Hurricane|p2b: Green Day
|-supereffective|p2b: Green Day|1
|-damage|p2b: Green Day|0 fnt
|faint|p2b: Green Day
|
|-weather|RainDance|[upkeep]
|upkeep
|
|t:|1784870276
|switch|p2b: MMCH|Maushold-Four, L50|100/100
|turn|3
|
|t:|1784870284
|move|p2b: MMCH|Follow Me|p2b: MMCH
|-singleturn|p2b: MMCH|move: Follow Me
|move|p1b: Basculegion|Wave Crash|p2b: MMCH
|-damage|p2b: MMCH|29/100
|-damage|p1b: Basculegion|39/100|[from] Recoil
|move|p2a: Unctober|Psychic|p1b: Basculegion
|-damage|p1b: Basculegion|0 fnt
|faint|p1b: Basculegion
|move|p1a: Pelipper|Tailwind|p1a: Pelipper
|-sidestart|p1: rainisgame|move: Tailwind
|
|-weather|RainDance|[upkeep]
|upkeep
|
|t:|1784870287
|switch|p1b: Charizard|Charizard, L50, M|100/100
|turn|4
|
|t:|1784870316
|move|p2b: MMCH|Protect|p2b: MMCH
|-singleturn|p2b: MMCH|Protect
|move|p1b: Charizard|Weather Ball|p2b: MMCH
|-activate|p2b: MMCH|move: Protect
|move|p1a: Pelipper|Weather Ball|p2a: Unctober
|-supereffective|p2a: Unctober|1
|-damage|p2a: Unctober|23/100
|move|p2a: Unctober|Psychic|p1a: Pelipper
|-damage|p1a: Pelipper|0 fnt
|faint|p1a: Pelipper
|
|-weather|RainDance|[upkeep]
|upkeep
|
|t:|1784870320
|switch|p1a: Archaludon|Archaludon, L50, M|100/100
|turn|5
|
|t:|1784870342
|move|p2a: Unctober|Protect|p2a: Unctober
|-singleturn|p2a: Unctober|Protect
|move|p2b: MMCH|Protect|p2b: MMCH
|-singleturn|p2b: MMCH|Protect
|move|p1b: Charizard|Weather Ball|p2b: MMCH
|-activate|p2b: MMCH|move: Protect
|move|p1a: Archaludon|Electro Shot||[still]
|-prepare|p1a: Archaludon|Electro Shot
|-boost|p1a: Archaludon|spa|1
|-anim|p1a: Archaludon|Electro Shot|p2a: Unctober
|-activate|p2a: Unctober|move: Protect
|
|-weather|none
|upkeep
|turn|6
|
|t:|1784870358
|detailschange|p1b: Charizard|Charizard-Mega-Y, L50, M
|-mega|p1b: Charizard|Charizard|Charizardite Y
|-weather|SunnyDay|[from] ability: Drought|[of] p1b: Charizard
|move|p2b: MMCH|Follow Me|p2b: MMCH
|-singleturn|p2b: MMCH|move: Follow Me
|move|p1b: Charizard|Weather Ball|p2b: MMCH
|-damage|p2b: MMCH|0 fnt
|faint|p2b: MMCH
|move|p1a: Archaludon|Dragon Pulse|p2a: Unctober
|-damage|p2a: Unctober|0 fnt
|faint|p2a: Unctober
|
|win|rainisgame
||rainisgame is ready for game 2.
||lordtentacle69 is ready for game 2.
|uhtml|next|Next: Game 2 of 3
|l|☆rainisgame
|player|p1|
