|j|☆tuckered out1
|j|‽IshtarVGC26
|html|tuckered out1IshtarVGC26    
|uhtml|bestof|Game 1 of a best-of-3
|t:|1757660896
|gametype|doubles
|player|p1|tuckered out1|gentleman-gen4|1055
|player|p2|IshtarVGC26|juan|1158
|gen|9
|tier|[Gen 9] VGC 2025 Reg H (Bo3)
|rated|
|rule|Species Clause: Limit one of each Pokémon
|rule|Item Clause: Limit 1 of each item
|clearpoke
|poke|p1|Gyarados, L50, F|
|poke|p1|Pachirisu, L50, M|
|poke|p1|Gothitelle, L50, F|
|poke|p1|Gardevoir, L50, M|
|poke|p1|Garchomp, L50, M|
|poke|p1|Talonflame, L50, M|
|poke|p2|Tyranitar, L50, M|
|poke|p2|Excadrill, L50, M|
|poke|p2|Sinistcha-Masterpiece, L50|
|poke|p2|Primarina, L50, F|
|poke|p2|Volcarona, L50, M|
|poke|p2|Braviary, L50, M|
|teampreview|4
|showteam|p1|Gyarados||MysticWater|Intimidate|DragonDance,Waterfall,Earthquake,Protect|||F|||50|,,,,,Water]Pachirisu||SitrusBerry|VoltAbsorb|Nuzzle,FollowMe,SuperFang,Protect|||M|||50|,,,,,Electric]Gothitelle||Leftovers|ShadowTag|Psyshock,ThunderWave,Tickle,Protect|||F|||50|,,,,,Psychic]Gardevoir||ChoiceScarf|Telepathy|DazzlingGleam,Psychic,Moonblast,Trick|||M|||50|,,,,,Psychic]Garchomp||FocusSash|RoughSkin|Earthquake,DragonClaw,RockSlide,Protect|||M|||50|,,,,,Dragon]Talonflame||LifeOrb|GaleWings|BraveBird,Overheat,Taunt,Tailwind|||M|||50|,,,,,Fire
|showteam|p2|Tyranitar||AssaultVest|SandStream|RockSlide,KnockOff,TeraBlast,BrickBreak|||M|||50|,,,,,Flying]Excadrill||FocusSash|SandRush|Protect,DrillRun,Earthquake,IronHead|||M|||50|,,,,,Dragon]Sinistcha-Masterpiece||RockyHelmet|Hospitality|LifeDew,RagePowder,MatchaGotcha,TrickRoom||||||50|,,,,,Water]Primarina||ThroatSpray|LiquidVoice|Protect,HyperVoice,Moonblast,Haze|||F|||50|,,,,,Water]Volcarona||SitrusBerry|FlameBody|Protect,FieryDance,GigaDrain,QuiverDance|||M|||50|,,,,,Dragon]Braviary||SafetyGoggles|Defiant|Protect,BraveBird,CloseCombat,Tailwind|||M|||50|,,,,,Ghost
|inactive|Battle timer is ON: inactive players will automatically lose when time's up. (requested by tuckered out1)
|inactive|IshtarVGC26 has 60 seconds left.
|inactive|tuckered out1 has 60 seconds left.
|
|t:|1757660945
|teamsize|p1|4
|teamsize|p2|4
|start
|switch|p1a: Gyarados|Gyarados, L50, F|100/100
|switch|p1b: Talonflame|Talonflame, L50, M|100/100
|switch|p2a: Braviary|Braviary, L50, M|100/100
|switch|p2b: Sinistcha|Sinistcha-Masterpiece, L50|100/100
|-ability|p1a: Gyarados|Intimidate|boost
|-unboost|p2a: Braviary|atk|1
|-ability|p2a: Braviary|Defiant|boost
|-boost|p2a: Braviary|atk|2
|-unboost|p2b: Sinistcha|atk|1
|turn|1
|inactive|IshtarVGC26 has 30 seconds left.
|inactive|IshtarVGC26 has 20 seconds left.
|
|t:|1757660980
|-terastallize|p2b: Sinistcha|Water
|move|p1b: Talonflame|Taunt|p2b: Sinistcha
|-start|p2b: Sinistcha|move: Taunt
|move|p2a: Braviary|Brave Bird|p1a: Gyarados
|-damage|p1a: Gyarados|0 fnt
|faint|p1a: Gyarados
|-damage|p2a: Braviary|68/100|[from] Recoil
|cant|p2b: Sinistcha|move: Taunt|Trick Room
|
|upkeep
|
|t:|1757660996
|switch|p1a: Pachirisu|Pachirisu, L50, M|100/100
|turn|2
|
|t:|1757661008
|move|p1b: Talonflame|Tailwind|p1b: Talonflame
|-sidestart|p1: tuckered out1|move: Tailwind
|move|p1a: Pachirisu|Nuzzle|p2a: Braviary
|-supereffective|p2a: Braviary
|-damage|p2a: Braviary|57/100
|-status|p2a: Braviary|par
|move|p2b: Sinistcha|Matcha Gotcha|p1b: Talonflame|[spread] p1a,p1b
|-resisted|p1b: Talonflame
|-damage|p1a: Pachirisu|71/100
|-damage|p1b: Talonflame|91/100
|cant|p2a: Braviary|par
|
|upkeep
|turn|3
|
|t:|1757661028
|move|p1b: Talonflame|Brave Bird|p2a: Braviary
|-damage|p2a: Braviary|0 fnt
|faint|p2a: Braviary
|-damage|p1b: Talonflame|69/100|[from] Recoil
|-damage|p1b: Talonflame|59/100|[from] item: Life Orb
|move|p1a: Pachirisu|Nuzzle|p2b: Sinistcha
|-supereffective|p2b: Sinistcha
|-damage|p2b: Sinistcha|93/100
|-status|p2b: Sinistcha|par
|-damage|p1a: Pachirisu|55/100|[from] item: Rocky Helmet|[of] p2b: Sinistcha
|cant|p2b: Sinistcha|par
|
|-end|p2b: Sinistcha|move: Taunt
|upkeep
|
|t:|1757661046
|switch|p2a: Tyranitar|Tyranitar, L50, M|100/100
|-weather|Sandstorm|[from] ability: Sand Stream|[of] p2a: Tyranitar
|turn|4
|
|t:|1757661061
|move|p1b: Talonflame|Brave Bird|p2b: Sinistcha
|-damage|p2b: Sinistcha|46/100 par
|-damage|p1b: Talonflame|43/100|[from] item: Rocky Helmet|[of] p2b: Sinistcha
|-damage|p1b: Talonflame|25/100|[from] Recoil
|-damage|p1b: Talonflame|16/100|[from] item: Life Orb
|move|p1a: Pachirisu|Nuzzle|p2a: Tyranitar
|-damage|p2a: Tyranitar|96/100
|-status|p2a: Tyranitar|par
|move|p2a: Tyranitar|Rock Slide|p1b: Talonflame|[spread] p1a
|-miss|p2a: Tyranitar|p1b: Talonflame
|-damage|p1a: Pachirisu|24/100
|-enditem|p1a: Pachirisu|Sitrus Berry|[eat]
|-heal|p1a: Pachirisu|48/100|[from] item: Sitrus Berry
|move|p2b: Sinistcha|Matcha Gotcha|p1a: Pachirisu|[spread] p1a,p1b
|-resisted|p1b: Talonflame
|-damage|p1a: Pachirisu|19/100
|-heal|p2b: Sinistcha|60/100 par|[from] drain|[of] p1a: Pachirisu
|-damage|p1b: Talonflame|4/100
|-heal|p2b: Sinistcha|65/100 par|[from] drain|[of] p1b: Talonflame
|
|-weather|Sandstorm|[upkeep]
|-damage|p1b: Talonflame|0 fnt|[from] Sandstorm
|-damage|p1a: Pachirisu|13/100|[from] Sandstorm
|-damage|p2b: Sinistcha|59/100 par|[from] Sandstorm
|faint|p1b: Talonflame
|upkeep
|
|t:|1757661068
|switch|p1b: Garchomp|Garchomp, L50, M|100/100
|turn|5
|inactive|IshtarVGC26 has 30 seconds left.
|
|t:|1757661098
|move|p1a: Pachirisu|Protect|p1a: Pachirisu
|-singleturn|p1a: Pachirisu|Protect
|move|p1b: Garchomp|Earthquake|p2a: Tyranitar|[spread] p2a,p2b
|-activate|p1a: Pachirisu|move: Protect
|-supereffective|p2a: Tyranitar
|-crit|p2a: Tyranitar
|-damage|p2a: Tyranitar|0 fnt
|-damage|p2b: Sinistcha|29/100 par
|faint|p2a: Tyranitar
|move|p2b: Sinistcha|Trick Room|p2b: Sinistcha
|-fieldstart|move: Trick Room|[of] p2b: Sinistcha
|
|-weather|Sandstorm|[upkeep]
|-damage|p2b: Sinistcha|22/100 par|[from] Sandstorm
|-damage|p1a: Pachirisu|7/100|[from] Sandstorm
|-sideend|p1: tuckered out1|move: Tailwind
|upkeep
|
|t:|1757661110
|switch|p2a: Primarina|Primarina, L50, F|100/100
|turn|6
|
|t:|1757661122
|move|p1b: Garchomp|Protect|p1b: Garchomp
|-singleturn|p1b: Garchomp|Protect
|move|p2b: Sinistcha|Matcha Gotcha|p1b: Garchomp|[spread] p1a
|-activate|p1b: Garchomp|move: Protect
|-damage|p1a: Pachirisu|0 fnt
|-heal|p2b: Sinistcha|26/100 par|[from] drain|[of] p1a: Pachirisu
|faint|p1a: Pachirisu
|move|p2a: Primarina|Moonblast|p1b: Garchomp
|-activate|p1b: Garchomp|move: Protect
|
|-weather|Sandstorm|[upkeep]
|-damage|p2b: Sinistcha|20/100 par|[from] Sandstorm
|-damage|p2a: Primarina|94/100|[from] Sandstorm
|upkeep
|turn|7
|
|t:|1757661140
|-terastallize|p1b: Garchomp|Dragon
|move|p2b: Sinistcha|Matcha Gotcha|p1b: Garchomp|[miss]
|-miss|p2b: Sinistcha|p1b: Garchomp
|move|p2a: Primarina|Moonblast|p1b: Garchomp
|-supereffective|p1b: Garchomp
|-enditem|p1b: Garchomp|Focus Sash
|-damage|p1b: Garchomp|1/100
|move|p1b: Garchomp|Earthquake|p2b: Sinistcha|[spread] p2a,p2b
|-damage|p2a: Primarina|50/100
|-damage|p2b: Sinistcha|0 fnt
|faint|p2b: Sinistcha
|
|-weather|Sandstorm|[upkeep]
|-damage|p2a: Primarina|44/100|[from] Sandstorm
|-damage|p1b: Garchomp|0 fnt|[from] Sandstorm
|faint|p1b: Garchomp
|
|win|IshtarVGC26
|inactive|tuckered out1 has 30 seconds to confirm battle start!
|inactive|IshtarVGC26 has 30 seconds to confirm battle start!
||tuckered out1 is ready for game 2.
|inactive|IshtarVGC26 has 20 seconds to confirm battle start!
||IshtarVGC26 is ready for game 2.
|uhtml|next|Next: Game 2 of 3
|l|‽IshtarVGC26
|player|p2|
