|j|☆LeonardPlayz
|j|☆RXUXBXEXN
|html|LeonardPlayzRXUXBXEXN    
|uhtml|bestof|Game 1 of a best-of-3
|t:|1783593858
|gametype|doubles
|player|p1|LeonardPlayz|hilbert-wonderlauncher|1104
|player|p2|RXUXBXEXN|1|1081
|gen|9
|tier|[Gen 9 Champions] VGC 2026 Reg M-B (Bo3)
|rated|
|rule|Species Clause: Limit one of each Pokémon
|rule|Item Clause: Limit 1 of each item
|clearpoke
|poke|p1|Aerodactyl, L50, M|
|poke|p1|Sceptile, L50, M|
|poke|p1|Rotom-Heat, L50|
|poke|p1|Mamoswine, L50, F|
|poke|p1|Gholdengo, L50|
|poke|p1|Kingambit, L50, F|
|poke|p2|Froslass, L50, F, shiny|
|poke|p2|Scovillain, L50, M, shiny|
|poke|p2|Lycanroc-Dusk, L50, M|
|poke|p2|Kingambit, L50, M|
|poke|p2|Basculegion, L50, M|
|poke|p2|Sneasler, L50, M|
|teampreview|4
|showteam|p1|Aerodactyl||Aerodactylite|RockHead|Tailwind,RockSlide,DualWingbeat,Protect|Jolly||M|||50|]Sceptile||Sceptilite|Overgrow|GigaDrain,DragonPulse,EarthPower,Protect|Timid||M|||50|]Rotom-Heat||ChoiceScarf|Levitate|Overheat,Thunderbolt,Discharge,VoltSwitch|Timid|||||50|]Mamoswine||LifeOrb|Oblivious|IceShard,HighHorsepower,RockSlide,Protect|Adamant||F|||50|]Gholdengo||MetalCoat|GoodasGold|MakeItRain,ShadowBall,NastyPlot,Protect|Modest|||||50|]Kingambit||FocusSash|Defiant|SuckerPunch,KowtowCleave,LowKick,Protect|Adamant||F|||50|
|showteam|p2|Froslass||Froslassite|CursedBody|Blizzard,ShadowBall,AuroraVeil,Protect|Modest||F|||50|]Scovillain||Scovillainite|Moody|Overheat,GigaDrain,RagePowder,Protect|Modest||M|||50|]Lycanroc-Dusk||FocusSash|ToughClaws|RockSlide,CloseCombat,Accelerock,Protect|Adamant||M|||50|]Kingambit||BlackGlasses|Defiant|KowtowCleave,SuckerPunch,SwordsDance,Protect|Adamant||M|||50|]Basculegion||SitrusBerry|Adaptability|WaveCrash,LastRespects,AquaJet,Protect|Adamant||M|||50|]Sneasler||WhiteHerb|Unburden|CloseCombat,GunkShot,FakeOut,Protect|Adamant||M|||50|
|inactive|Battle timer is ON: inactive players will automatically lose when time's up. (requested by LeonardPlayz)
|inactive|LeonardPlayz has 60 seconds left.
|inactive|RXUXBXEXN has 60 seconds left.
|
|t:|1783593901
|teamsize|p1|4
|teamsize|p2|4
|start
|switch|p1a: Sceptile|Sceptile, L50, M|100/100
|switch|p1b: Rotom|Rotom-Heat, L50|100/100
|switch|p2a: Sneasler|Sneasler, L50, M|100/100
|switch|p2b: Scovillain|Scovillain, L50, M, shiny|100/100
|turn|1
|
|t:|1783593920
|detailschange|p1a: Sceptile|Sceptile-Mega, L50, M
|-mega|p1a: Sceptile|Sceptile|Sceptilite
|detailschange|p2b: Scovillain|Scovillain-Mega, L50, M, shiny
|-mega|p2b: Scovillain|Scovillain|Scovillainite
|move|p2a: Sneasler|Fake Out|p1a: Sceptile
|-damage|p1a: Sceptile|77/100
|move|p1b: Rotom|Discharge|p2a: Sneasler|[spread] p2a,p2b
|-ability|p1a: Sceptile|Lightning Rod|boost
|-boost|p1a: Sceptile|spa|1
|-resisted|p2b: Scovillain|1
|-damage|p2a: Sneasler|61/100
|-damage|p2b: Scovillain|87/100
|-immune|p1b: Rotom
|cant|p1a: Sceptile|flinch
|move|p2b: Scovillain|Overheat|p1a: Sceptile
|-damage|p1a: Sceptile|0 fnt
|-unboost|p2b: Scovillain|spa|2
|faint|p1a: Sceptile
|
|upkeep
|
|t:|1783593932
|switch|p1a: Gholdengo|Gholdengo, L50|100/100
|turn|2
|
|t:|1783593947
|move|p1a: Gholdengo|Protect|p1a: Gholdengo
|-singleturn|p1a: Gholdengo|Protect
|move|p1b: Rotom|Discharge|p2b: Scovillain|[spread] p2a,p2b
|-activate|p1a: Gholdengo|move: Protect
|-resisted|p2b: Scovillain|1
|-damage|p2a: Sneasler|25/100
|-damage|p2b: Scovillain|74/100
|-status|p2a: Sneasler|par
|-immune|p1b: Rotom
|move|p2b: Scovillain|Overheat|p1a: Gholdengo
|-activate|p1a: Gholdengo|move: Protect
|cant|p2a: Sneasler|par
|
|upkeep
|turn|3
|inactive|RXUXBXEXN has 30 seconds left.
|inactive|LeonardPlayz has 30 seconds left.
|
|t:|1783593982
|switch|p1b: Kingambit|Kingambit, L50, F|100/100
|move|p1a: Gholdengo|Nasty Plot|p1a: Gholdengo
|-boost|p1a: Gholdengo|spa|2
|move|p2b: Scovillain|Overheat|p1a: Gholdengo
|-supereffective|p1a: Gholdengo|1
|-damage|p1a: Gholdengo|20/100y
|-unboost|p2b: Scovillain|spa|2
|move|p2a: Sneasler|Close Combat|p1b: Kingambit
|-supereffective|p1b: Kingambit|2
|-enditem|p1b: Kingambit|Focus Sash
|-damage|p1b: Kingambit|1/100
|-unboost|p2a: Sneasler|def|1
|-unboost|p2a: Sneasler|spd|1
|-enditem|p2a: Sneasler|White Herb
|-clearnegativeboost|p2a: Sneasler|[silent]
|
|upkeep
|turn|4
|
|t:|1783594004
|move|p2b: Scovillain|Rage Powder|p2b: Scovillain
|-singleturn|p2b: Scovillain|move: Rage Powder
|move|p1b: Kingambit|Sucker Punch||[still]
|-fail|p1b: Kingambit
|move|p2a: Sneasler|Close Combat|p1b: Kingambit
|-supereffective|p1b: Kingambit|2
|-damage|p1b: Kingambit|0 fnt
|-unboost|p2a: Sneasler|def|1
|-unboost|p2a: Sneasler|spd|1
|faint|p1b: Kingambit
|move|p1a: Gholdengo|Shadow Ball|p2b: Scovillain
|-crit|p2b: Scovillain
|-damage|p2b: Scovillain|0 fnt
|-status|p1a: Gholdengo|brn|[from] ability: Spicy Spray|[of] p2b: Scovillain
|faint|p2b: Scovillain
|
|-damage|p1a: Gholdengo|14/100 brn|[from] brn
|upkeep
|
|t:|1783594026
|switch|p2b: Kingambit|Kingambit, L50, M|100/100
|switch|p1b: Rotom|Rotom-Heat, L50|100/100
|turn|5
|
|t:|1783594048
|move|p1a: Gholdengo|Protect|p1a: Gholdengo
|-singleturn|p1a: Gholdengo|Protect
|move|p2b: Kingambit|Sucker Punch|p1b: Rotom
|-damage|p1b: Rotom|28/100
|move|p1b: Rotom|Overheat|p2b: Kingambit
|-supereffective|p2b: Kingambit|1
|-damage|p2b: Kingambit|0 fnt
|-unboost|p1b: Rotom|spa|2
|faint|p2b: Kingambit
|move|p2a: Sneasler|Close Combat|p1b: Rotom
|-damage|p1b: Rotom|0 fnt
|-unboost|p2a: Sneasler|def|1
|-unboost|p2a: Sneasler|spd|1
|faint|p1b: Rotom
|
|-damage|p1a: Gholdengo|8/100 brn|[from] brn
|upkeep
|-message|LeonardPlayz forfeited.
|
|win|RXUXBXEXN
|l|☆LeonardPlayz
|player|p1|
||LeonardPlayz is ready for game 2.
|l|☆RXUXBXEXN
|player|p2|
||RXUXBXEXN is ready for game 2.
|uhtml|next|Next: Game 2 of 3
|j|☆LeonardPlayz
|player|p1|LeonardPlayz|hilbert-wonderlauncher|
