|j|☆Fit of rage
|j|☆RoadToWorlds44
|html|Fit of rageRoadToWorlds44    
|uhtml|bestof|Game 3 of a best-of-3
|t:|1756389477
|gametype|doubles
|player|p1|Fit of rage|blackbelt-gen4dp|1211
|player|p2|RoadToWorlds44|266|1211
|gen|9
|tier|[Gen 9] VGC 2025 Reg H (Bo3)
|rated|
|rule|Species Clause: Limit one of each Pokémon
|rule|Item Clause: Limit 1 of each item
|clearpoke
|poke|p1|Greninja-*, L50, M|
|poke|p1|Pelipper, L50, M|
|poke|p1|Archaludon, L50, M|
|poke|p1|Maushold-Four, L50|
|poke|p1|Kingambit, L50, M|
|poke|p1|Annihilape, L50, F|
|poke|p2|Kingambit, L50, F|
|poke|p2|Rillaboom, L50, M|
|poke|p2|Electabuzz, L50, M|
|poke|p2|Volcarona, L50, F|
|poke|p2|Sneasler, L50, F|
|poke|p2|Dragapult, L50, F|
|teampreview|4
|showteam|p1|Greninja||LoadedDice|Torrent|WaterShuriken,Taunt,Haze,Protect|||M|||50|,,,,,Ghost]Pelipper||FocusSash|Drizzle|Hurricane,WeatherBall,WideGuard,Protect|||M|||50|,,,,,Ghost]Archaludon||AssaultVest|Stamina|ElectroShot,FlashCannon,DragonPulse,BodyPress|||M|||50|,,,,,Bug]Maushold-Four||SafetyGoggles|FriendGuard|PopulationBomb,Taunt,FollowMe,Protect||||||50|,,,,,Fairy]Kingambit||BlackBelt|Defiant|KowtowCleave,SuckerPunch,SwordsDance,Protect|||M|||50|,,,,,Dark]Annihilape||ChoiceScarf|Defiant|FinalGambit,RageFist,CloseCombat,Coaching|||F|||50|,,,,,Grass
|showteam|p2|Kingambit||BlackGlasses|Defiant|KowtowCleave,SuckerPunch,SwordsDance,Protect|||F|||50|,,,,,Dark]Rillaboom||AssaultVest|GrassySurge|WoodHammer,GrassyGlide,HighHorsepower,FakeOut|||M|||50|,,,,,Fire]Electabuzz||Eviolite|VitalSpirit|FollowMe,Thunderbolt,Taunt,Protect|||M|||50|,,,,,Ghost]Volcarona||Leftovers|FlameBody|QuiverDance,HeatWave,TeraBlast,Protect|||F|||50|,,,,,Fairy]Sneasler||FocusSash|Unburden|CloseCombat,DireClaw,FakeOut,Protect|||F|||50|,,,,,Stellar]Dragapult||ChoiceBand|ClearBody|Outrage,DragonDarts,Uturn,PhantomForce|||F|||50|,,,,,Dragon
|inactive|Battle timer is ON: inactive players will automatically lose when time's up. (requested by Fit of rage)
|inactive|Fit of rage has 60 seconds left.
|inactive|RoadToWorlds44 has 60 seconds left.
|inactive|Fit of rage has 30 seconds left.
|
|t:|1756389537
|teamsize|p1|4
|teamsize|p2|4
|start
|switch|p1a: Kingambit|Kingambit, L50, M|100/100
|switch|p1b: Annihilape|Annihilape, L50, F|100/100
|switch|p2a: Volcarona|Volcarona, L50, F|100/100
|switch|p2b: Electabuzz|Electabuzz, L50, M|100/100
|turn|1
|inactive|RoadToWorlds44 has 30 seconds left.
|inactive|RoadToWorlds44 has 20 seconds left.
|inactive|RoadToWorlds44 has 15 seconds left.
|inactive|RoadToWorlds44 has 10 seconds left.
|inactive|RoadToWorlds44 has 5 seconds left.
|
|t:|1756389591
|-terastallize|p2a: Volcarona|Fairy
|move|p2b: Electabuzz|Follow Me|p2b: Electabuzz
|-singleturn|p2b: Electabuzz|move: Follow Me
|move|p1b: Annihilape|Coaching|p1a: Kingambit
|-boost|p1a: Kingambit|atk|1
|-boost|p1a: Kingambit|def|1
|move|p2a: Volcarona|Quiver Dance|p2a: Volcarona
|-boost|p2a: Volcarona|spa|1
|-boost|p2a: Volcarona|spd|1
|-boost|p2a: Volcarona|spe|1
|move|p1a: Kingambit|Swords Dance|p1a: Kingambit
|-boost|p1a: Kingambit|atk|2
|
|upkeep
|turn|2
|inactive|Fit of rage has 30 seconds left.
|inactive|RoadToWorlds44 has 30 seconds left.
|inactive|Fit of rage has 20 seconds left.
|l|☆Fit of rage
|inactive|Fit of rage disconnected and has a minute to reconnect!
|player|p1|
|inactive|Fit of rage has 15 seconds left.
|inactive|Fit of rage has 10 seconds left.
|j|☆Fit of rage
|inactive|Fit of rage reconnected and has 10 seconds left.
|player|p1|Fit of rage|blackbelt-gen4dp|
|inactive|Fit of rage has 5 seconds left.
|
|t:|1756389645
|move|p1a: Kingambit|Protect|p1a: Kingambit
|-singleturn|p1a: Kingambit|Protect
|move|p2b: Electabuzz|Follow Me|p2b: Electabuzz
|-singleturn|p2b: Electabuzz|move: Follow Me
|move|p1b: Annihilape|Coaching|p1a: Kingambit
|-boost|p1a: Kingambit|atk|1
|-boost|p1a: Kingambit|def|1
|move|p2a: Volcarona|Heat Wave|p1b: Annihilape|[spread] p1b
|-activate|p1a: Kingambit|move: Protect
|-damage|p1b: Annihilape|57/100
|
|upkeep
|turn|3
|inactive|RoadToWorlds44 has 30 seconds left.
|
|t:|1756389678
|switch|p1b: Pelipper|Pelipper, L50, M|100/100
|-weather|RainDance|[from] ability: Drizzle|[of] p1b: Pelipper
|-terastallize|p1a: Kingambit|Dark
|move|p2b: Electabuzz|Follow Me|p2b: Electabuzz
|-singleturn|p2b: Electabuzz|move: Follow Me
|move|p2a: Volcarona|Heat Wave|p1a: Kingambit|[spread] p1a,p1b
|-resisted|p1b: Pelipper
|-damage|p1a: Kingambit|77/100
|-damage|p1b: Pelipper|80/100
|move|p1a: Kingambit|Kowtow Cleave|p2b: Electabuzz
|-damage|p2b: Electabuzz|0 fnt
|faint|p2b: Electabuzz
|
|-weather|RainDance|[upkeep]
|upkeep
|inactive|RoadToWorlds44 has 30 seconds left.
|inactive|RoadToWorlds44 has 20 seconds left.
|inactive|RoadToWorlds44 has 15 seconds left.
|inactive|RoadToWorlds44 has 10 seconds left.
|inactive|RoadToWorlds44 has 5 seconds left.
|
|t:|1756389730
|switch|p2b: Sneasler|Sneasler, L50, F|100/100
|turn|4
|inactive|RoadToWorlds44 has 30 seconds left.
|
|t:|1756389761
|move|p2b: Sneasler|Fake Out|p1b: Pelipper
|-damage|p1b: Pelipper|61/100
|move|p1a: Kingambit|Sucker Punch||[still]
|-fail|p1a: Kingambit
|move|p2a: Volcarona|Quiver Dance|p2a: Volcarona
|-boost|p2a: Volcarona|spa|1
|-boost|p2a: Volcarona|spd|1
|-boost|p2a: Volcarona|spe|1
|cant|p1b: Pelipper|flinch
|
|-weather|RainDance|[upkeep]
|upkeep
|turn|5
|inactive|RoadToWorlds44 has 30 seconds left.
|
|t:|1756389793
|move|p2a: Volcarona|Tera Blast|p1a: Kingambit|[anim] Tera Blast Fairy
|-supereffective|p1a: Kingambit
|-damage|p1a: Kingambit|0 fnt
|faint|p1a: Kingambit
|move|p2b: Sneasler|Dire Claw|p1b: Pelipper
|-damage|p1b: Pelipper|3/100
|-status|p1b: Pelipper|par
|move|p1b: Pelipper|Hurricane|p2b: Sneasler
|-supereffective|p2b: Sneasler
|-enditem|p2b: Sneasler|Focus Sash
|-damage|p2b: Sneasler|1/100
|
|-weather|RainDance|[upkeep]
|upkeep
|c|☆Fit of rage|F u
|
|t:|1756389816
|switch|p1a: Archaludon|Archaludon, L50, M|100/100
|turn|6
|
|t:|1756389840
|move|p2b: Sneasler|Close Combat|p1a: Archaludon
|-supereffective|p1a: Archaludon
|-damage|p1a: Archaludon|12/100
|-unboost|p2b: Sneasler|def|1
|-unboost|p2b: Sneasler|spd|1
|-ability|p1a: Archaludon|Stamina|boost
|-boost|p1a: Archaludon|def|1
|move|p2a: Volcarona|Quiver Dance|p2a: Volcarona
|-boost|p2a: Volcarona|spa|1
|-boost|p2a: Volcarona|spd|1
|-boost|p2a: Volcarona|spe|1
|move|p1a: Archaludon|Electro Shot||[still]
|-prepare|p1a: Archaludon|Electro Shot
|-boost|p1a: Archaludon|spa|1
|-anim|p1a: Archaludon|Electro Shot|p2a: Volcarona
|-damage|p2a: Volcarona|78/100
|cant|p1b: Pelipper|par
|
|-weather|RainDance|[upkeep]
|-heal|p2a: Volcarona|84/100|[from] item: Leftovers
|upkeep
|turn|7
|
|t:|1756389862
|move|p2b: Sneasler|Dire Claw|p1b: Pelipper
|-damage|p1b: Pelipper|0 fnt
|faint|p1b: Pelipper
|move|p2a: Volcarona|Tera Blast|p1a: Archaludon|[anim] Tera Blast Fairy
|-damage|p1a: Archaludon|0 fnt
|faint|p1a: Archaludon
|
|-weather|none
|-heal|p2a: Volcarona|91/100|[from] item: Leftovers
|upkeep
|
|t:|1756389873
|switch|p1b: Annihilape|Annihilape, L50, F|57/100
|turn|8
|c|☆RoadToWorlds44|love u
|c|☆Fit of rage|Dumbass dire claw bullshit
|
|t:|1756389896
|move|p2b: Sneasler|Dire Claw|p1b: Annihilape
|-resisted|p1b: Annihilape
|-damage|p1b: Annihilape|38/100
|move|p2a: Volcarona|Tera Blast|p1b: Annihilape|[anim] Tera Blast Fairy
|-supereffective|p1b: Annihilape
|-damage|p1b: Annihilape|0 fnt
|faint|p1b: Annihilape
|
|win|RoadToWorlds44
