|j|☆minccino fan
|j|☆TrainerChrxs
|html|minccino fanTrainerChrxs    
|uhtml|bestof|Game 1 of a best-of-3
|t:|1756345039
|gametype|doubles
|player|p1|minccino fan|169|1277
|player|p2|TrainerChrxs|psychic-gen4|1234
|gen|9
|tier|[Gen 9] VGC 2025 Reg H (Bo3)
|rated|
|rule|Species Clause: Limit one of each Pokémon
|rule|Item Clause: Limit 1 of each item
|clearpoke
|poke|p1|Charizard, L50, M|
|poke|p1|Torkoal, L50, F|
|poke|p1|Porygon2, L50|
|poke|p1|Incineroar, L50, M|
|poke|p1|Jumpluff, L50, M|
|poke|p1|Ursaluna, L50, M|
|poke|p2|Orthworm, L50, F|
|poke|p2|Grimmsnarl, L50, M|
|poke|p2|Dragonite, L50, F|
|poke|p2|Indeedee-F, L50, F|
|poke|p2|Armarouge, L50, M|
|poke|p2|Ursaluna, L50, M|
|teampreview|4
|showteam|p1|Charizard||ChoiceSpecs|SolarPower|HeatWave,Overheat,WeatherBall,AirSlash|||M|||50|,,,,,Ghost]Torkoal||EjectPack|Drought|Eruption,Overheat,HelpingHand,Protect|||F|||50|,,,,,Fire]Porygon2||Eviolite|Download|TeraBlast,IceBeam,Recover,TrickRoom||||||50|,,,,,Fighting]Incineroar||SitrusBerry|Intimidate|FlareBlitz,KnockOff,FakeOut,PartingShot|||M|||50|,,,,,Ghost]Jumpluff||CovertCloak|Chlorophyll|SleepPowder,SunnyDay,RagePowder,Tailwind|||M|||50|,,,,,Water]Ursaluna||FlameOrb|Guts|HeadlongRush,Facade,Earthquake,Protect|||M|||50|,,,,,Ghost
|showteam|p2|Orthworm||SitrusBerry|EarthEater|Protect,BodyPress,HelpingHand,ShedTail|||F|||50|,,,,,Fire]Grimmsnarl||LightClay|Prankster|SpiritBreak,Reflect,LightScreen,PartingShot|||M|||50|,,,,,Ghost]Dragonite||ChoiceBand|Multiscale|Outrage,ExtremeSpeed,Earthquake,TeraBlast|||F|||50|,,,,,Flying]Indeedee-F||MentalHerb|PsychicSurge|FollowMe,TrickRoom,DazzlingGleam,HelpingHand|||F|||50|,,,,,Grass]Armarouge||LifeOrb|FlashFire|Protect,ArmorCannon,ExpandingForce,TrickRoom|||M|||50|,,,,,Grass]Ursaluna||FlameOrb|Guts|Protect,Facade,Earthquake,HeadlongRush|||M|||50|,,,,,Ghost
|inactive|Battle timer is ON: inactive players will automatically lose when time's up. (requested by minccino fan)
|inactive|minccino fan has 60 seconds left.
|inactive|TrainerChrxs has 60 seconds left.
|
|t:|1756345086
|teamsize|p1|4
|teamsize|p2|4
|start
|switch|p1a: Incineroar|Incineroar, L50, M|100/100
|switch|p1b: Porygon2|Porygon2, L50|100/100
|switch|p2a: Indeedee|Indeedee-F, L50, F|100/100
|switch|p2b: Armarouge|Armarouge, L50, M, shiny|100/100
|-ability|p1a: Incineroar|Intimidate|boost
|-unboost|p2a: Indeedee|atk|1
|-unboost|p2b: Armarouge|atk|1
|-fieldstart|move: Psychic Terrain|[from] ability: Psychic Surge|[of] p2a: Indeedee
|-ability|p1b: Porygon2|Download|boost
|-boost|p1b: Porygon2|spa|1
|turn|1
|inactive|minccino fan has 30 seconds left.
|
|t:|1756345118
|move|p2a: Indeedee|Follow Me|p2a: Indeedee
|-singleturn|p2a: Indeedee|move: Follow Me
|move|p1a: Incineroar|Knock Off|p2a: Indeedee
|-supereffective|p2a: Indeedee
|-damage|p2a: Indeedee|15/100
|-enditem|p2a: Indeedee|Mental Herb|[from] move: Knock Off|[of] p1a: Incineroar
|move|p1b: Porygon2|Ice Beam|p2a: Indeedee
|-damage|p2a: Indeedee|0 fnt
|faint|p2a: Indeedee
|move|p2b: Armarouge|Expanding Force|p1a: Incineroar|[spread] p1b
|-immune|p1a: Incineroar
|-damage|p1b: Porygon2|52/100
|-damage|p2b: Armarouge|91/100|[from] item: Life Orb
|
|upkeep
|
|t:|1756345134
|switch|p2a: Dragonite|Dragonite, L50, F|100/100
|turn|2
|
|t:|1756345151
|-terastallize|p2a: Dragonite|Flying
|move|p2b: Armarouge|Protect|p2b: Armarouge
|-singleturn|p2b: Armarouge|Protect
|move|p1a: Incineroar|Knock Off|p2b: Armarouge
|-activate|p2b: Armarouge|move: Protect
|move|p2a: Dragonite|Tera Blast|p1b: Porygon2|[anim] Tera Blast Flying
|-damage|p1b: Porygon2|0 fnt
|faint|p1b: Porygon2
|
|upkeep
|
|t:|1756345172
|switch|p1b: Jumpluff|Jumpluff, L50, M|100/100
|turn|3
|
|t:|1756345187
|move|p1b: Jumpluff|Sleep Powder|p2a: Dragonite
|-status|p2a: Dragonite|slp|[from] move: Sleep Powder
|move|p1a: Incineroar|Knock Off|p2b: Armarouge
|-supereffective|p2b: Armarouge
|-damage|p2b: Armarouge|9/100
|-enditem|p2b: Armarouge|Life Orb|[from] move: Knock Off|[of] p1a: Incineroar
|cant|p2a: Dragonite|slp
|move|p2b: Armarouge|Trick Room|p2b: Armarouge
|-fieldstart|move: Trick Room|[of] p2b: Armarouge
|
|upkeep
|turn|4
|inactive|minccino fan has 30 seconds left.
|inactive|minccino fan has 20 seconds left.
|inactive|minccino fan has 15 seconds left.
|
|t:|1756345227
|move|p2b: Armarouge|Armor Cannon|p1b: Jumpluff
|-supereffective|p1b: Jumpluff
|-damage|p1b: Jumpluff|0 fnt
|-unboost|p2b: Armarouge|def|1
|-unboost|p2b: Armarouge|spd|1
|faint|p1b: Jumpluff
|cant|p2a: Dragonite|slp
|move|p1a: Incineroar|Knock Off|p2a: Dragonite
|-damage|p2a: Dragonite|82/100 slp
|-enditem|p2a: Dragonite|Choice Band|[from] move: Knock Off|[of] p1a: Incineroar
|
|upkeep
|
|t:|1756345231
|switch|p1b: Ursaluna|Ursaluna, L50, M|100/100
|turn|5
|
|t:|1756345254
|move|p1b: Ursaluna|Protect|p1b: Ursaluna
|-singleturn|p1b: Ursaluna|Protect
|move|p2b: Armarouge|Armor Cannon|p1a: Incineroar
|-resisted|p1a: Incineroar
|-crit|p1a: Incineroar
|-damage|p1a: Incineroar|53/100
|-unboost|p2b: Armarouge|def|1
|-unboost|p2b: Armarouge|spd|1
|-curestatus|p2a: Dragonite|slp|[msg]
|move|p2a: Dragonite|Tera Blast|p1a: Incineroar|[anim] Tera Blast Flying
|-damage|p1a: Incineroar|0 fnt
|faint|p1a: Incineroar
|
|-fieldend|move: Psychic Terrain
|-status|p1b: Ursaluna|brn|[from] item: Flame Orb
|upkeep
|turn|6
|inactive|TrainerChrxs has 30 seconds left.
|inactive|TrainerChrxs has 20 seconds left.
|
|t:|1756345291
|switch|p2b: Ursaluna|Ursaluna, L50, M|100/100
|move|p1b: Ursaluna|Facade|p2a: Dragonite
|-damage|p2a: Dragonite|0 fnt
|faint|p2a: Dragonite
|
|-damage|p1b: Ursaluna|95/100 brn|[from] brn
|-status|p2b: Ursaluna|brn|[from] item: Flame Orb
|upkeep
|
|t:|1756345297
|switch|p2a: Armarouge|Armarouge, L50, M, shiny|9/100
|turn|7
|
|t:|1756345307
|move|p2a: Armarouge|Protect|p2a: Armarouge
|-singleturn|p2a: Armarouge|Protect
|move|p1b: Ursaluna|Protect|p1b: Ursaluna
|-singleturn|p1b: Ursaluna|Protect
|move|p2b: Ursaluna|Headlong Rush|p1b: Ursaluna
|-activate|p1b: Ursaluna|move: Protect
|
|-damage|p2b: Ursaluna|95/100 brn|[from] brn
|-damage|p1b: Ursaluna|89/100 brn|[from] brn
|-fieldend|move: Trick Room
|upkeep
|turn|8
|
|t:|1756345328
|move|p1b: Ursaluna|Earthquake|p2a: Armarouge|[spread] p2a,p2b
|-supereffective|p2a: Armarouge
|-damage|p2a: Armarouge|0 fnt
|-damage|p2b: Ursaluna|44/100 brn
|faint|p2a: Armarouge
|move|p2b: Ursaluna|Headlong Rush|p1b: Ursaluna
|-damage|p1b: Ursaluna|5/100 brn
|-unboost|p2b: Ursaluna|def|1
|-unboost|p2b: Ursaluna|spd|1
|
|-damage|p1b: Ursaluna|0 fnt|[from] brn
|faint|p1b: Ursaluna
|
|win|TrainerChrxs
||minccino fan is ready for game 2.
|inactive|TrainerChrxs has 30 seconds to confirm battle start!
