|j|☆walaye
|j|☆Kylliza
|html|walayeKylliza    
|uhtml|bestof|Game 1 of a best-of-3
|t:|1782344442
|gametype|doubles
|player|p1|walaye|chuck|1225
|player|p2|Kylliza|265|1163
|gen|9
|tier|[Gen 9 Champions] VGC 2026 Reg M-B (Bo3)
|rated|
|rule|Species Clause: Limit one of each Pokémon
|rule|Item Clause: Limit 1 of each item
|clearpoke
|poke|p1|Swampert, L50, M|
|poke|p1|Pelipper, L50, F|
|poke|p1|Archaludon, L50, M|
|poke|p1|Grimmsnarl, L50, M|
|poke|p1|Venusaur, L50, F|
|poke|p1|Basculegion, L50, M|
|poke|p2|Blaziken, L50, F|
|poke|p2|Whimsicott, L50, M|
|poke|p2|Incineroar, L50, F|
|poke|p2|Sylveon, L50, M|
|poke|p2|Basculegion, L50, M|
|poke|p2|Froslass, L50, F|
|teampreview|4
|showteam|p1|Swampert||Swampertite|Damp|Earthquake,WaveCrash,IcePunch,Protect|Adamant||M|||50|]Pelipper||SitrusBerry|Drizzle|Hurricane,WeatherBall,Tailwind,Protect|Bold||F|||50|]Archaludon||Leftovers|Stamina|DragonPulse,FlashCannon,ElectroShot,Protect|Modest||M|||50|]Grimmsnarl||LightClay|Prankster|SpiritBreak,Reflect,LightScreen,PartingShot|Careful||M|||50|]Venusaur||Venusaurite|Chlorophyll|SludgeBomb,GigaDrain,EarthPower,Protect|Serious||F|||50|]Basculegion||ChoiceScarf|Adaptability|WaveCrash,LastRespects,FlipTurn,AquaJet|Jolly||M|||50|
|showteam|p2|Blaziken||Blazikenite|SpeedBoost|FlareBlitz,CloseCombat,RockSlide,Protect|Adamant||F|||50|]Whimsicott||FocusSash|Prankster|Moonblast,Tailwind,Encore,Protect|Timid||M|||50|]Incineroar||SitrusBerry|Intimidate|FakeOut,FlareBlitz,ThroatChop,PartingShot|Careful||F|||50|]Sylveon||FairyFeather|Pixilate|HyperVoice,HyperBeam,QuickAttack,Protect|Modest||M|||50|]Basculegion||ChoiceScarf|Adaptability|WaveCrash,LastRespects,AquaJet,FlipTurn|Jolly||M|||50|]Froslass||Froslassite|CursedBody|Blizzard,ShadowBall,AuroraVeil,Protect|Timid||F|||50|
|c|☆Kylliza|your venasaur's nature
|inactive|Battle timer is ON: inactive players will automatically lose when time's up. (requested by Kylliza)
|c|☆walaye|i miss it
|c|☆walaye|thx
|c|☆Kylliza|yw
|inactive|Kylliza has 60 seconds left.
|
|t:|1782344545
|teamsize|p1|4
|teamsize|p2|4
|start
|switch|p1a: Venusaur|Venusaur, L50, F|100/100
|switch|p1b: Grimmsnarl|Grimmsnarl, L50, M|100/100
|switch|p2a: Sylveon|Sylveon, L50, M|100/100
|switch|p2b: Froslass|Froslass, L50, F|100/100
|turn|1
|inactive|Kylliza has 30 seconds left.
|inactive|walaye has 30 seconds left.
|inactive|Kylliza has 20 seconds left.
|inactive|Kylliza has 15 seconds left.
|
|t:|1782344585
|detailschange|p2b: Froslass|Froslass-Mega, L50, F
|-mega|p2b: Froslass|Froslass|Froslassite
|-weather|Snowscape|[from] ability: Snow Warning|[of] p2b: Froslass
|detailschange|p1a: Venusaur|Venusaur-Mega, L50, F
|-mega|p1a: Venusaur|Venusaur|Venusaurite
|move|p1a: Venusaur|Protect|p1a: Venusaur
|-singleturn|p1a: Venusaur|Protect
|move|p1b: Grimmsnarl|Light Screen|p1b: Grimmsnarl
|-sidestart|p1: walaye|move: Light Screen
|move|p2b: Froslass|Blizzard|p1a: Venusaur|[spread] p1b
|-activate|p1a: Venusaur|move: Protect
|-damage|p1b: Grimmsnarl|76/100
|move|p2a: Sylveon|Hyper Voice|p1a: Venusaur|[spread] p1b
|-activate|p1a: Venusaur|move: Protect
|-supereffective|p1b: Grimmsnarl|1
|-crit|p1b: Grimmsnarl
|-damage|p1b: Grimmsnarl|0 fnt
|faint|p1b: Grimmsnarl
|
|-weather|Snowscape|[upkeep]
|upkeep
|
|t:|1782344606
|switch|p1b: Basculegion|Basculegion, L50, M|100/100
|turn|2
|
|t:|1782344633
|switch|p2b: Incineroar|Incineroar, L50, F|100/100
|-ability|p2b: Incineroar|Intimidate|boost
|-unboost|p1a: Venusaur|atk|1
|-unboost|p1b: Basculegion|atk|1
|move|p1b: Basculegion|Last Respects|p2a: Sylveon
|-damage|p2a: Sylveon|54/100
|move|p1a: Venusaur|Sludge Bomb|p2a: Sylveon
|-supereffective|p2a: Sylveon|1
|-damage|p2a: Sylveon|0 fnt
|faint|p2a: Sylveon
|
|-weather|Snowscape|[upkeep]
|upkeep
|
|t:|1782344646
|switch|p2a: Basculegion|Basculegion, L50, M|100/100
|turn|3
|
|t:|1782344654
|switch|p1b: Pelipper|Pelipper, L50, F|100/100
|-weather|RainDance|[from] ability: Drizzle|[of] p1b: Pelipper
|move|p1a: Venusaur|Protect|p1a: Venusaur
|-singleturn|p1a: Venusaur|Protect
|move|p2b: Incineroar|Fake Out|p1a: Venusaur
|-activate|p1a: Venusaur|move: Protect
|move|p2a: Basculegion|Last Respects|p1b: Pelipper
|-damage|p1b: Pelipper|44/100
|-enditem|p1b: Pelipper|Sitrus Berry|[eat]
|-heal|p1b: Pelipper|69/100|[from] item: Sitrus Berry
|
|-weather|RainDance|[upkeep]
|upkeep
|turn|4
|inactive|Kylliza has 30 seconds left.
|
|t:|1782344683
|switch|p2a: Froslass|Froslass-Mega, L50, F|100/100
|-weather|Snowscape|[from] ability: Snow Warning|[of] p2a: Froslass
|move|p1a: Venusaur|Giga Drain|p2a: Froslass
|-damage|p2a: Froslass|63/100
|move|p1b: Pelipper|Weather Ball|p2b: Incineroar
|-resisted|p2b: Incineroar|1
|-damage|p2b: Incineroar|91/100
|move|p2b: Incineroar|Flare Blitz|p1a: Venusaur
|-supereffective|p1a: Venusaur|1
|-damage|p1a: Venusaur|63/100
|-damage|p2b: Incineroar|80/100|[from] Recoil
|
|-weather|Snowscape|[upkeep]
|upkeep
|turn|5
|
|t:|1782344708
|switch|p1b: Basculegion|Basculegion, L50, M|100/100
|move|p2a: Froslass|Blizzard|p1b: Basculegion|[spread] p1a,p1b
|-supereffective|p1a: Venusaur|1
|-resisted|p1b: Basculegion|1
|-damage|p1a: Venusaur|40/100
|-damage|p1b: Basculegion|84/100
|move|p1a: Venusaur|Earth Power|p2b: Incineroar
|-supereffective|p2b: Incineroar|1
|-damage|p2b: Incineroar|36/100
|-unboost|p2b: Incineroar|spd|1
|-enditem|p2b: Incineroar|Sitrus Berry|[eat]
|-heal|p2b: Incineroar|60/100|[from] item: Sitrus Berry
|move|p2b: Incineroar|Parting Shot|p1a: Venusaur
|-unboost|p1a: Venusaur|atk|1
|-unboost|p1a: Venusaur|spa|1
|
|t:|1782344722
|switch|p2b: Basculegion|Basculegion, L50, M|100/100|[from] Parting Shot
|
|-weather|Snowscape|[upkeep]
|upkeep
|turn|6
|inactive|walaye has 30 seconds left.
|inactive|Kylliza has 30 seconds left.
|
|t:|1782344763
|switch|p2a: Incineroar|Incineroar, L50, F|60/100
|-ability|p2a: Incineroar|Intimidate|boost
|-unboost|p1a: Venusaur|atk|1
|-unboost|p1b: Basculegion|atk|1
|move|p1b: Basculegion|Last Respects|p2a: Incineroar
|-resisted|p2a: Incineroar|1
|-damage|p2a: Incineroar|44/100
|move|p2b: Basculegion|Last Respects|p1a: Venusaur
|-damage|p1a: Venusaur|0 fnt
|faint|p1a: Venusaur
|
|-weather|Snowscape|[upkeep]
|upkeep
|c|☆walaye|wow nice turn
|-message|walaye forfeited.
|
|win|Kylliza
