|j|☆upchicken
|j|☆OkarunConBolas
|html|upchickenOkarunConBolas    
|uhtml|bestof|Game 2 of a best-of-3
|t:|1756330458
|gametype|doubles
|player|p1|upchicken|az|1196
|player|p2|OkarunConBolas|schoolkid-gen4|1124
|gen|9
|tier|[Gen 9] VGC 2025 Reg H (Bo3)
|rated|
|rule|Species Clause: Limit one of each Pokémon
|rule|Item Clause: Limit 1 of each item
|clearpoke
|poke|p1|Grimmsnarl, L50, M|
|poke|p1|Annihilape, L50, M|
|poke|p1|Maushold, L50|
|poke|p1|Pelipper, L50, F|
|poke|p1|Archaludon, L50, M|
|poke|p1|Sinistcha, L50|
|poke|p2|Kingambit, L50, F|
|poke|p2|Rillaboom, L50, F|
|poke|p2|Volcarona, L50, M|
|poke|p2|Electabuzz, L50, F|
|poke|p2|Sneasler, L50, F|
|poke|p2|Dragonite, L50, F|
|teampreview|4
|showteam|p1|Grimmsnarl||LightClay|Prankster|Reflect,LightScreen,ThunderWave,SpiritBreak|||M|||50|,,,,,Steel]Annihilape||SpellTag|Defiant|BulkUp,Protect,DrainPunch,RageFist|||M|||50|,,,,,Fire]Maushold||SafetyGoggles|FriendGuard|BeatUp,Taunt,FollowMe,Protect||||||50|,,,,,Ghost]Pelipper||LifeOrb|Drizzle|WeatherBall,Hurricane,Tailwind,Protect|||F|||50|,,,,,Stellar]Archaludon||AssaultVest|Stamina|ElectroShot,DracoMeteor,Snarl,BodyPress|||M|||50|,,,,,Grass]Sinistcha||SitrusBerry|Hospitality|LifeDew,RagePowder,TrickRoom,MatchaGotcha||||||50|,,,,,Water
|showteam|p2|Kingambit||BlackGlasses|Defiant|KowtowCleave,SuckerPunch,SwordsDance,Protect|||F|||50|,,,,,Dark]Rillaboom||AssaultVest|GrassySurge|WoodHammer,HighHorsepower,GrassyGlide,FakeOut|||F|||50|,,,,,Fire]Volcarona||CovertCloak|FlameBody|HeatWave,TeraBlast,QuiverDance,Protect|||M|||50|,,,,,Fairy]Electabuzz||Eviolite|VitalSpirit|Electroweb,Taunt,FollowMe,Protect|||F|||50|,,,,,Dragon]Sneasler||FocusSash|Unburden|CloseCombat,DireClaw,FakeOut,Coaching|||F|||50|,,,,,Ghost]Dragonite||LoadedDice|Multiscale|ScaleShot,ExtremeSpeed,Haze,Protect|||F|||50|,,,,,Fairy
|inactive|Battle timer is ON: inactive players will automatically lose when time's up. (requested by upchicken)
|
|t:|1756330496
|teamsize|p1|4
|teamsize|p2|4
|start
|switch|p1a: Grimmsnarl|Grimmsnarl, L50, M|100/100
|switch|p1b: Pelipper|Pelipper, L50, F|100/100
|switch|p2a: Kingambit|Kingambit, L50, F|100/100
|switch|p2b: Electabuzz|Electabuzz, L50, F|100/100
|-weather|RainDance|[from] ability: Drizzle|[of] p1b: Pelipper
|turn|1
|
|t:|1756330511
|switch|p1b: Archaludon|Archaludon, L50, M|100/100
|move|p1a: Grimmsnarl|Reflect|p1a: Grimmsnarl
|-sidestart|p1: upchicken|Reflect
|move|p2b: Electabuzz|Taunt|p1b: Archaludon
|-start|p1b: Archaludon|move: Taunt
|move|p2a: Kingambit|Swords Dance|p2a: Kingambit
|-boost|p2a: Kingambit|atk|2
|
|-weather|RainDance|[upkeep]
|upkeep
|turn|2
|
|t:|1756330535
|switch|p1a: Pelipper|Pelipper, L50, F|100/100
|move|p2b: Electabuzz|Follow Me|p2b: Electabuzz
|-singleturn|p2b: Electabuzz|move: Follow Me
|move|p1b: Archaludon|Electro Shot||[still]
|-prepare|p1b: Archaludon|Electro Shot
|-boost|p1b: Archaludon|spa|1
|-anim|p1b: Archaludon|Electro Shot|p2b: Electabuzz
|-resisted|p2b: Electabuzz
|-damage|p2b: Electabuzz|74/100
|move|p2a: Kingambit|Swords Dance|p2a: Kingambit
|-boost|p2a: Kingambit|atk|2
|
|-weather|RainDance|[upkeep]
|upkeep
|turn|3
|
|t:|1756330555
|move|p2a: Kingambit|Sucker Punch|p1b: Archaludon
|-damage|p1b: Archaludon|35/100
|-ability|p1b: Archaludon|Stamina|boost
|-boost|p1b: Archaludon|def|1
|move|p2b: Electabuzz|Electroweb|p1a: Pelipper|[spread] p1a,p1b
|-supereffective|p1a: Pelipper
|-resisted|p1b: Archaludon
|-damage|p1a: Pelipper|0 fnt
|-damage|p1b: Archaludon|30/100
|-unboost|p1b: Archaludon|spe|1
|-ability|p1b: Archaludon|Stamina|boost
|-boost|p1b: Archaludon|def|1
|faint|p1a: Pelipper
|move|p1b: Archaludon|Electro Shot||[still]
|-prepare|p1b: Archaludon|Electro Shot
|-boost|p1b: Archaludon|spa|1
|-anim|p1b: Archaludon|Electro Shot|p2a: Kingambit
|-damage|p2a: Kingambit|14/100
|
|-weather|RainDance|[upkeep]
|-end|p1b: Archaludon|move: Taunt
|upkeep
|
|t:|1756330563
|switch|p1a: Sinistcha|Sinistcha, L50|100/100
|-heal|p1b: Archaludon|55/100|[from] ability: Hospitality|[of] p1a: Sinistcha
|turn|4
|
|t:|1756330584
|switch|p2b: Dragonite|Dragonite, L50, F|100/100
|-terastallize|p1a: Sinistcha|Water
|move|p2a: Kingambit|Protect|p2a: Kingambit
|-singleturn|p2a: Kingambit|Protect
|move|p1a: Sinistcha|Matcha Gotcha|p2b: Dragonite|[spread] p2b
|-activate|p2a: Kingambit|move: Protect
|-resisted|p2b: Dragonite
|-damage|p2b: Dragonite|98/100
|move|p1b: Archaludon|Electro Shot||[still]
|-prepare|p1b: Archaludon|Electro Shot
|-boost|p1b: Archaludon|spa|1
|-anim|p1b: Archaludon|Electro Shot|p2a: Kingambit
|-activate|p2a: Kingambit|move: Protect
|
|-weather|RainDance|[upkeep]
|upkeep
|turn|5
|inactive|OkarunConBolas has 30 seconds left.
|
|t:|1756330618
|switch|p1a: Grimmsnarl|Grimmsnarl, L50, M|100/100
|move|p2a: Kingambit|Sucker Punch||[still]
|-fail|p2a: Kingambit
|move|p2b: Dragonite|Haze|p2b: Dragonite
|-clearallboost
|move|p1b: Archaludon|Electro Shot||[still]
|-prepare|p1b: Archaludon|Electro Shot
|-boost|p1b: Archaludon|spa|1
|-anim|p1b: Archaludon|Electro Shot|p2a: Kingambit
|-damage|p2a: Kingambit|0 fnt
|faint|p2a: Kingambit
|
|-weather|none
|upkeep
|
|t:|1756330633
|switch|p2a: Sneasler|Sneasler, L50, F|100/100
|turn|6
|
|t:|1756330656
|switch|p1a: Sinistcha|Sinistcha, L50, tera:Water|100/100
|-heal|p1b: Archaludon|80/100|[from] ability: Hospitality|[of] p1a: Sinistcha
|move|p2b: Dragonite|Extreme Speed|p1a: Sinistcha
|-crit|p1a: Sinistcha
|-damage|p1a: Sinistcha|57/100
|move|p2a: Sneasler|Close Combat|p1b: Archaludon
|-supereffective|p1b: Archaludon
|-damage|p1b: Archaludon|17/100
|-unboost|p2a: Sneasler|def|1
|-unboost|p2a: Sneasler|spd|1
|-ability|p1b: Archaludon|Stamina|boost
|-boost|p1b: Archaludon|def|1
|move|p1b: Archaludon|Draco Meteor|p2b: Dragonite
|-supereffective|p2b: Dragonite
|-damage|p2b: Dragonite|0 fnt
|-unboost|p1b: Archaludon|spa|2
|faint|p2b: Dragonite
|
|upkeep
|
|t:|1756330673
|switch|p2b: Electabuzz|Electabuzz, L50, F|74/100
|turn|7
|
|t:|1756330681
|switch|p1b: Grimmsnarl|Grimmsnarl, L50, M|100/100
|move|p2a: Sneasler|Close Combat|p1b: Grimmsnarl
|-damage|p1b: Grimmsnarl|56/100
|-unboost|p2a: Sneasler|def|1
|-unboost|p2a: Sneasler|spd|1
|move|p2b: Electabuzz|Electroweb|p1b: Grimmsnarl|[spread] p1a,p1b
|-supereffective|p1a: Sinistcha
|-damage|p1a: Sinistcha|30/100
|-damage|p1b: Grimmsnarl|45/100
|-unboost|p1a: Sinistcha|spe|1
|-unboost|p1b: Grimmsnarl|spe|1
|-enditem|p1a: Sinistcha|Sitrus Berry|[eat]
|-heal|p1a: Sinistcha|55/100|[from] item: Sitrus Berry
|move|p1a: Sinistcha|Matcha Gotcha|p2a: Sneasler|[spread] p2a,p2b
|-resisted|p2a: Sneasler
|-damage|p2a: Sneasler|68/100
|-heal|p1a: Sinistcha|70/100|[from] drain|[of] p2a: Sneasler
|-damage|p2b: Electabuzz|55/100
|-heal|p1a: Sinistcha|79/100|[from] drain|[of] p2b: Electabuzz
|
|upkeep
|turn|8
|
|t:|1756330704
|move|p2b: Electabuzz|Follow Me|p2b: Electabuzz
|-singleturn|p2b: Electabuzz|move: Follow Me
|move|p1b: Grimmsnarl|Light Screen|p1b: Grimmsnarl
|-sidestart|p1: upchicken|move: Light Screen
|move|p2a: Sneasler|Dire Claw|p1b: Grimmsnarl
|-supereffective|p1b: Grimmsnarl
|-damage|p1b: Grimmsnarl|0 fnt
|faint|p1b: Grimmsnarl
|move|p1a: Sinistcha|Trick Room|p1a: Sinistcha
|-fieldstart|move: Trick Room|[of] p1a: Sinistcha
|
|-sideend|p1: upchicken|Reflect
|upkeep
|
|t:|1756330709
|switch|p1b: Archaludon|Archaludon, L50, M|17/100
|turn|9
|
|t:|1756330730
|move|p2b: Electabuzz|Follow Me|p2b: Electabuzz
|-singleturn|p2b: Electabuzz|move: Follow Me
|move|p1a: Sinistcha|Matcha Gotcha|p2a: Sneasler|[spread] p2a,p2b
|-resisted|p2a: Sneasler
|-crit|p2b: Electabuzz
|-damage|p2a: Sneasler|37/100
|-heal|p1a: Sinistcha|93/100|[from] drain|[of] p2a: Sneasler
|-damage|p2b: Electabuzz|26/100
|-heal|p1a: Sinistcha|100/100|[from] drain|[of] p2b: Electabuzz
|move|p1b: Archaludon|Body Press|p2b: Electabuzz
|-damage|p2b: Electabuzz|8/100
|move|p2a: Sneasler|Close Combat|p1b: Archaludon
|-supereffective|p1b: Archaludon
|-damage|p1b: Archaludon|0 fnt
|-unboost|p2a: Sneasler|def|1
|-unboost|p2a: Sneasler|spd|1
|faint|p1b: Archaludon
|
|upkeep
|turn|10
|
|t:|1756330755
|move|p1a: Sinistcha|Matcha Gotcha|p2a: Sneasler|[spread] p2a,p2b
|-resisted|p2a: Sneasler
|-damage|p2a: Sneasler|0 fnt
|-damage|p2b: Electabuzz|0 fnt
|faint|p2a: Sneasler
|faint|p2b: Electabuzz
|
|win|upchicken
||OkarunConBolas is ready for game 3.
||upchicken is ready for game 3.
|uhtml|next|Next: Game 3 of 3
|l|☆OkarunConBolas
|player|p2|
