|j|☆Jakobtc
|j|☆Photic_baddie
|html|JakobtcPhotic_baddie    
|uhtml|bestof|Game 1 of a best-of-3
|t:|1785031647
|gametype|doubles
|player|p1|Jakobtc|riley|1198
|player|p2|Photic_baddie|265|1014
|gen|9
|tier|[Gen 9 Champions] VGC 2026 Reg M-B (Bo3)
|rated|
|rule|Species Clause: Limit one of each Pokémon
|rule|Item Clause: Limit 1 of each item
|clearpoke
|poke|p1|Floette-Eternal, L50, F|
|poke|p1|Kangaskhan, L50, F|
|poke|p1|Azumarill, L50, F|
|poke|p1|Sinistcha, L50|
|poke|p1|Incineroar, L50, M|
|poke|p1|Annihilape, L50, F|
|poke|p2|Pidgeot, L50, M|
|poke|p2|Rotom-Wash, L50|
|poke|p2|Whimsicott, L50, F|
|poke|p2|Incineroar, L50, F|
|poke|p2|Annihilape, L50, F|
|poke|p2|Scizor, L50, F|
|teampreview|4
|showteam|p1|Floette-Eternal||Floettite|FlowerVeil|Moonblast,DazzlingGleam,LightofRuin,Protect|Timid||F|||50|]Kangaskhan||Kangaskhanite|EarlyBird|FakeOut,DrainPunch,IcePunch,DoubleEdge|Adamant||F|||50|]Azumarill||SitrusBerry|HugePower|AquaJet,PlayRough,BellyDrum,Protect|Adamant||F|||50|]Sinistcha||ColburBerry|Hospitality|MatchaGotcha,RagePowder,TrickRoom,Protect|Bold|||||50|]Incineroar||ChopleBerry|Intimidate|FakeOut,FlareBlitz,ThroatChop,PartingShot|Bold||M|||50|]Annihilape||Leftovers|Defiant|RageFist,DrainPunch,BulkUp,Protect|Adamant||F|||50|
|showteam|p2|Pidgeot||Pidgeotite|BigPecks|Hurricane,HeatWave,Protect,Tailwind|Timid||M|||50|]Rotom-Wash||Leftovers|Levitate|Electroweb,WillOWisp,Protect,VoltSwitch|Calm|||||50|]Whimsicott||FocusSash|Prankster|Tailwind,Protect,Encore,Moonblast|Timid||F|||50|]Incineroar||SitrusBerry|Intimidate|FakeOut,Protect,FlareBlitz,PartingShot|Careful||F|||50|]Annihilape||ExpertBelt|InnerFocus|DrainPunch,Uturn,Protect,IcePunch|Jolly||F|||50|]Scizor||Scizorite|Technician|Uturn,BulletPunch,Protect,AerialAce|Impish||F|||50|
|inactive|Battle timer is ON: inactive players will automatically lose when time's up. (requested by Jakobtc)
|inactive|Jakobtc has 60 seconds left.
|inactive|Photic_baddie has 60 seconds left.
|
|t:|1785031699
|teamsize|p1|4
|teamsize|p2|4
|start
|switch|p1a: Floette|Floette-Eternal, L50, F|100/100
|switch|p1b: Azumarill|Azumarill, L50, F|100/100
|switch|p2a: Annihilape|Annihilape, L50, F|100/100
|switch|p2b: Rotom|Rotom-Wash, L50|100/100
|turn|1
|inactive|Photic_baddie has 30 seconds left.
|
|t:|1785031725
|detailschange|p1a: Floette|Floette-Mega, L50, F
|-mega|p1a: Floette|Floette|Floettite
|-ability|p1a: Floette|Fairy Aura
|move|p1b: Azumarill|Protect|p1b: Azumarill
|-singleturn|p1b: Azumarill|Protect
|move|p1a: Floette|Moonblast|p2b: Rotom
|-damage|p2b: Rotom|42/100
|move|p2a: Annihilape|U-turn|p1a: Floette
|-resisted|p1a: Floette|1
|-damage|p1a: Floette|86/100
|
|t:|1785031736
|switch|p2a: Incineroar|Incineroar, L50, F|100/100|[from] U-turn
|-ability|p2a: Incineroar|Intimidate|boost
|-unboost|p1a: Floette|atk|1
|-unboost|p1b: Azumarill|atk|1
|move|p2b: Rotom|Electroweb|p1b: Azumarill|[spread] p1a
|-activate|p1b: Azumarill|move: Protect
|-damage|p1a: Floette|72/100
|-unboost|p1a: Floette|spe|1
|
|-heal|p2b: Rotom|48/100|[from] item: Leftovers
|upkeep
|turn|2
|inactive|Photic_baddie has 30 seconds left.
|
|t:|1785031766
|switch|p1b: Incineroar|Incineroar, L50, M|100/100
|-ability|p1b: Incineroar|Intimidate|boost
|-unboost|p2a: Incineroar|atk|1
|-unboost|p2b: Rotom|atk|1
|move|p2a: Incineroar|Fake Out|p1a: Floette
|-damage|p1a: Floette|62/100
|cant|p1a: Floette|flinch
|move|p2b: Rotom|Volt Switch|p1b: Incineroar
|-damage|p1b: Incineroar|80/100
|
|t:|1785031779
|switch|p2b: Annihilape|Annihilape, L50, F|100/100|[from] Volt Switch
|
|upkeep
|turn|3
|inactive|Photic_baddie has 30 seconds left.
|inactive|Photic_baddie has 20 seconds left.
|
|t:|1785031818
|move|p2b: Annihilape|Protect|p2b: Annihilape
|-singleturn|p2b: Annihilape|Protect
|move|p1a: Floette|Dazzling Gleam|p2b: Annihilape|[spread] p2a
|-activate|p2b: Annihilape|move: Protect
|-damage|p2a: Incineroar|71/100
|move|p1b: Incineroar|Parting Shot|p2a: Incineroar
|-unboost|p2a: Incineroar|atk|1
|-unboost|p2a: Incineroar|spa|1
|
|t:|1785031833
|switch|p1b: Azumarill|Azumarill, L50, F|100/100|[from] Parting Shot
|move|p2a: Incineroar|Parting Shot|p1a: Floette
|-unboost|p1a: Floette|atk|1
|-unboost|p1a: Floette|spa|1
|
|t:|1785031847
|switch|p2a: Rotom|Rotom-Wash, L50|48/100|[from] Parting Shot
|
|-heal|p2a: Rotom|54/100|[from] item: Leftovers
|upkeep
|turn|4
|inactive|Photic_baddie has 30 seconds left.
|inactive|Photic_baddie has 20 seconds left.
|inactive|Photic_baddie has 15 seconds left.
|
|t:|1785031889
|move|p2b: Annihilape|U-turn|p1a: Floette
|-resisted|p1a: Floette|1
|-damage|p1a: Floette|46/100
|
|t:|1785031898
|switch|p2b: Incineroar|Incineroar, L50, F|71/100|[from] U-turn
|-ability|p2b: Incineroar|Intimidate|boost
|-unboost|p1a: Floette|atk|1
|-unboost|p1b: Azumarill|atk|1
|move|p1a: Floette|Light of Ruin|p2b: Incineroar
|-damage|p2b: Incineroar|21/100
|-enditem|p2b: Incineroar|Sitrus Berry|[eat]
|-heal|p2b: Incineroar|46/100|[from] item: Sitrus Berry
|-damage|p1a: Floette|12/100|[from] Recoil
|move|p2a: Rotom|Volt Switch|p1b: Azumarill
|-supereffective|p1b: Azumarill|1
|-damage|p1b: Azumarill|45/100
|-enditem|p1b: Azumarill|Sitrus Berry|[eat]
|-heal|p1b: Azumarill|70/100|[from] item: Sitrus Berry
|
|t:|1785031914
|switch|p2a: Scizor|Scizor, L50, F|100/100|[from] Volt Switch
|move|p1b: Azumarill|Play Rough|p2b: Incineroar
|-damage|p2b: Incineroar|0 fnt
|faint|p2b: Incineroar
|
|upkeep
|
|t:|1785031926
|switch|p2b: Rotom|Rotom-Wash, L50|54/100
|turn|5
|
|t:|1785031946
|switch|p1a: Sinistcha|Sinistcha, L50|100/100
|-heal|p1b: Azumarill|95/100|[from] ability: Hospitality|[of] p1a: Sinistcha
|switch|p1b: Incineroar|Incineroar, L50, M|80/100
|-ability|p1b: Incineroar|Intimidate|boost
|-unboost|p2a: Scizor|atk|1
|-unboost|p2b: Rotom|atk|1
|detailschange|p2a: Scizor|Scizor-Mega, L50, F
|-mega|p2a: Scizor|Scizor|Scizorite
|move|p2a: Scizor|Bullet Punch|p1a: Sinistcha
|-damage|p1a: Sinistcha|82/100
|move|p2b: Rotom|Will-O-Wisp|p1b: Incineroar
|-immune|p1b: Incineroar
|
|-heal|p2b: Rotom|59/100|[from] item: Leftovers
|upkeep
|turn|6
|inactive|Photic_baddie has 30 seconds left.
|inactive|Photic_baddie has 20 seconds left.
|inactive|Photic_baddie has 15 seconds left.
|
|t:|1785031989
|move|p2a: Scizor|Protect|p2a: Scizor
|-singleturn|p2a: Scizor|Protect
|move|p1b: Incineroar|Fake Out|p2b: Rotom
|-damage|p2b: Rotom|49/100
|cant|p2b: Rotom|flinch
|move|p1a: Sinistcha|Matcha Gotcha|p2b: Rotom|[spread] p2b
|-activate|p2a: Scizor|move: Protect
|-supereffective|p2b: Rotom|1
|-damage|p2b: Rotom|14/100
|-heal|p1a: Sinistcha|97/100|[from] drain|[of] p2b: Rotom
|
|-heal|p2b: Rotom|20/100y|[from] item: Leftovers
|upkeep
|turn|7
|inactive|Photic_baddie has 30 seconds left.
|
|t:|1785032017
|switch|p2a: Annihilape|Annihilape, L50, F|100/100
|move|p2b: Rotom|Will-O-Wisp|p1a: Sinistcha
|-status|p1a: Sinistcha|brn
|move|p1a: Sinistcha|Matcha Gotcha|p2a: Annihilape|[spread] p2a,p2b
|-supereffective|p2b: Rotom|1
|-damage|p2a: Annihilape|75/100
|-heal|p1a: Sinistcha|100/100 brn|[from] drain|[of] p2a: Annihilape
|-damage|p2b: Rotom|0 fnt
|-status|p2a: Annihilape|brn
|faint|p2b: Rotom
|move|p1b: Incineroar|Flare Blitz|p2a: Annihilape
|-damage|p2a: Annihilape|27/100 brn
|-damage|p1b: Incineroar|65/100|[from] Recoil
|
|-damage|p2a: Annihilape|21/100 brn|[from] brn
|-damage|p1a: Sinistcha|93/100 brn|[from] brn
|upkeep
|
|t:|1785032037
|switch|p2b: Scizor|Scizor-Mega, L50, F|100/100
|turn|8
|
|t:|1785032052
|switch|p1b: Floette|Floette-Mega, L50, F|12/100
|-ability|p1b: Floette|Fairy Aura
|move|p2b: Scizor|Protect|p2b: Scizor
|-singleturn|p2b: Scizor|Protect
|move|p1a: Sinistcha|Protect|p1a: Sinistcha
|-singleturn|p1a: Sinistcha|Protect
|move|p2a: Annihilape|Drain Punch|p1b: Floette
|-resisted|p1b: Floette|1
|-damage|p1b: Floette|1/100
|-heal|p2a: Annihilape|26/100 brn|[from] drain|[of] p1b: Floette
|
|-damage|p2a: Annihilape|20/100y brn|[from] brn
|-damage|p1a: Sinistcha|87/100 brn|[from] brn
|upkeep
|turn|9
|
|t:|1785032077
|move|p2b: Scizor|Bullet Punch|p1b: Floette
|-supereffective|p1b: Floette|1
|-damage|p1b: Floette|0 fnt
|faint|p1b: Floette
|move|p2a: Annihilape|Ice Punch|p1a: Sinistcha
|-supereffective|p1a: Sinistcha|1
|-damage|p1a: Sinistcha|64/100 brn
|move|p1a: Sinistcha|Matcha Gotcha|p2b: Scizor|[spread] p2a,p2b
|-resisted|p2b: Scizor|2
|-damage|p2a: Annihilape|0 fnt
|-heal|p1a: Sinistcha|75/100 brn|[from] drain|[of] p2a: Annihilape
|-damage|p2b: Scizor|94/100
|-heal|p1a: Sinistcha|78/100 brn|[from] drain|[of] p2b: Scizor
|faint|p2a: Annihilape
|
|-damage|p1a: Sinistcha|71/100 brn|[from] brn
|upkeep
|
|t:|1785032092
|switch|p1b: Incineroar|Incineroar, L50, M|65/100
|-ability|p1b: Incineroar|Intimidate|boost
|-unboost|p2b: Scizor|atk|1
|turn|10
|-message|Photic_baddie forfeited.
|raw|Jakobtc's rating: 1198 → 1211(+13 for winning)
|raw|Photic_baddie's rating: 1014 → 1008(-6 for losing)
|
|win|Jakobtc
|l|☆Photic_baddie
|player|p2|
