|j|☆swag morra
|j|☆DeewompostYT
|html|swag morraDeewompostYT    
|uhtml|bestof|Game 3 of a best-of-3
|t:|1756755438
|gametype|doubles
|player|p1|swag morra|266|1208
|player|p2|DeewompostYT|candice|1248
|gen|9
|tier|[Gen 9] VGC 2025 Reg H (Bo3)
|rated|
|rule|Species Clause: Limit one of each Pokémon
|rule|Item Clause: Limit 1 of each item
|clearpoke
|poke|p1|Pelipper, L50, M|
|poke|p1|Rillaboom, L50, M|
|poke|p1|Archaludon, L50, M|
|poke|p1|Basculegion, L50, M|
|poke|p1|Gallade, L50, M|
|poke|p1|Incineroar, L50, F|
|poke|p2|Indeedee, L50, M|
|poke|p2|Sneasler, L50, M|
|poke|p2|Whimsicott, L50, M|
|poke|p2|Ursaluna-Bloodmoon, L50, M|
|poke|p2|Electabuzz, L50, M|
|poke|p2|Dragonite, L50, F|
|teampreview|4
|showteam|p1|Pelipper||FocusSash|Drizzle|Hurricane,WeatherBall,Tailwind,Protect|||M|||50|,,,,,Ghost]Rillaboom||MiracleSeed|GrassySurge|WoodHammer,GrassyGlide,FakeOut,Protect|||M|||50|,,,,,Grass]Archaludon||AssaultVest|Stamina|ElectroShot,BodyPress,FlashCannon,DracoMeteor|||M|||50|,,,,,Grass]Basculegion||LifeOrb|SwiftSwim|LastRespects,WaveCrash,AquaJet,Protect|||M|||50|,,,,,Ghost]Gallade||ChoiceScarf|Sharpness|Trick,PsychoCut,SacredSword,NightSlash|||M|||50|,,,,,Ghost]Incineroar||SitrusBerry|Intimidate|FakeOut,KnockOff,FlareBlitz,PartingShot|||F|||50|,,,,,Grass
|showteam|p2|Indeedee||FocusSash|PsychicSurge|ExpandingForce,TrickRoom,Imprison,Protect|||M|||50|,,,,,Psychic]Sneasler||PsychicSeed|Unburden|DireClaw,CloseCombat,ThroatChop,Protect|||M|||50|,,,,,Stellar]Whimsicott||CovertCloak|Prankster|Tailwind,HelpingHand,Moonblast,Protect|||M|||50|,,,,,Dark]Ursaluna-Bloodmoon||LifeOrb|MindsEye|HyperVoice,EarthPower,BloodMoon,Protect|||M|||50|,,,,,Ghost]Electabuzz||Eviolite|VitalSpirit|FollowMe,Electroweb,Taunt,Protect|||M|||50|,,,,,Grass]Dragonite||LoadedDice|InnerFocus|ScaleShot,Haze,Tailwind,Protect|||F|||50|,,,,,Dragon
|inactive|Battle timer is ON: inactive players will automatically lose when time's up. (requested by swag morra)
|inactive|DeewompostYT has 60 seconds left.
|inactive|DeewompostYT has 30 seconds left.
|
|t:|1756755563
|teamsize|p1|4
|teamsize|p2|4
|start
|switch|p1a: Incineroar|Incineroar, L50, F|100/100
|switch|p1b: Archaludon|Archaludon, L50, M|100/100
|switch|p2a: Indeedee|Indeedee, L50, M|100/100
|switch|p2b: Sneasler|Sneasler, L50, M|100/100
|-fieldstart|move: Psychic Terrain|[from] ability: Psychic Surge|[of] p2a: Indeedee
|-enditem|p2b: Sneasler|Psychic Seed
|-boost|p2b: Sneasler|spd|1|[from] item: Psychic Seed
|-ability|p1a: Incineroar|Intimidate|boost
|-unboost|p2a: Indeedee|atk|1
|-unboost|p2b: Sneasler|atk|1
|turn|1
|inactive|swag morra has 30 seconds left.
|inactive|DeewompostYT has 30 seconds left.
|
|t:|1756755599
|switch|p1b: Rillaboom|Rillaboom, L50, M|100/100
|-fieldstart|move: Grassy Terrain|[from] ability: Grassy Surge|[of] p1b: Rillaboom
|move|p1a: Incineroar|Fake Out|p2a: Indeedee
|-damage|p2a: Indeedee|78/100
|move|p2b: Sneasler|Close Combat|p1b: Rillaboom
|-damage|p1b: Rillaboom|60/100
|-unboost|p2b: Sneasler|def|1
|-unboost|p2b: Sneasler|spd|1
|cant|p2a: Indeedee|flinch
|
|-heal|p2a: Indeedee|83/100|[from] Grassy Terrain
|-heal|p1b: Rillaboom|66/100|[from] Grassy Terrain
|upkeep
|turn|2
|inactive|DeewompostYT has 30 seconds left.
|inactive|DeewompostYT has 20 seconds left.
|
|t:|1756755637
|switch|p2a: Electabuzz|Electabuzz, L50, M|100/100
|move|p1b: Rillaboom|Fake Out|p2b: Sneasler
|-damage|p2b: Sneasler|64/100
|cant|p2b: Sneasler|flinch
|move|p1a: Incineroar|Parting Shot|p2a: Electabuzz
|-unboost|p2a: Electabuzz|atk|1
|-unboost|p2a: Electabuzz|spa|1
|
|t:|1756755657
|switch|p1a: Gallade|Gallade, L50, M|100/100|[from] Parting Shot
|
|-heal|p2b: Sneasler|70/100|[from] Grassy Terrain
|-heal|p1b: Rillaboom|72/100|[from] Grassy Terrain
|upkeep
|turn|3
|inactive|DeewompostYT has 30 seconds left.
|inactive|DeewompostYT has 20 seconds left.
|
|t:|1756755693
|switch|p1b: Incineroar|Incineroar, L50, F|100/100
|-ability|p1b: Incineroar|Intimidate|boost
|-unboost|p2a: Electabuzz|atk|1
|-unboost|p2b: Sneasler|atk|1
|move|p2a: Electabuzz|Follow Me|p2a: Electabuzz
|-singleturn|p2a: Electabuzz|move: Follow Me
|move|p2b: Sneasler|Dire Claw|p1b: Incineroar
|-damage|p1b: Incineroar|82/100
|move|p1a: Gallade|Psycho Cut|p2a: Electabuzz
|-damage|p2a: Electabuzz|46/100
|
|-heal|p2b: Sneasler|75/100|[from] Grassy Terrain
|-heal|p2a: Electabuzz|52/100|[from] Grassy Terrain
|-heal|p1b: Incineroar|88/100|[from] Grassy Terrain
|upkeep
|turn|4
|
|t:|1756755712
|move|p2b: Sneasler|Protect|p2b: Sneasler
|-singleturn|p2b: Sneasler|Protect
|move|p1a: Gallade|Psycho Cut|p2b: Sneasler
|-activate|p2b: Sneasler|move: Protect
|move|p2a: Electabuzz|Electroweb|p1b: Incineroar|[spread] p1a,p1b
|-damage|p1a: Gallade|91/100
|-damage|p1b: Incineroar|81/100
|-unboost|p1a: Gallade|spe|1
|-unboost|p1b: Incineroar|spe|1
|move|p1b: Incineroar|Knock Off|p2b: Sneasler
|-activate|p2b: Sneasler|move: Protect
|
|-heal|p2b: Sneasler|81/100|[from] Grassy Terrain
|-heal|p1a: Gallade|97/100|[from] Grassy Terrain
|-heal|p2a: Electabuzz|58/100|[from] Grassy Terrain
|-heal|p1b: Incineroar|87/100|[from] Grassy Terrain
|upkeep
|turn|5
|inactive|DeewompostYT has 30 seconds left.
|inactive|DeewompostYT has 20 seconds left.
|inactive|DeewompostYT has 15 seconds left.
|inactive|DeewompostYT has 10 seconds left.
|inactive|DeewompostYT has 5 seconds left.
|
|t:|1756755769
|move|p2a: Electabuzz|Follow Me|p2a: Electabuzz
|-singleturn|p2a: Electabuzz|move: Follow Me
|move|p2b: Sneasler|Dire Claw|p1b: Incineroar
|-damage|p1b: Incineroar|69/100
|move|p1a: Gallade|Psycho Cut|p2a: Electabuzz
|-damage|p2a: Electabuzz|11/100
|move|p1b: Incineroar|Knock Off|p2a: Electabuzz
|-damage|p2a: Electabuzz|0 fnt
|-enditem|p2a: Electabuzz|Eviolite|[from] move: Knock Off|[of] p1b: Incineroar
|faint|p2a: Electabuzz
|
|-heal|p2b: Sneasler|87/100|[from] Grassy Terrain
|-heal|p1a: Gallade|100/100|[from] Grassy Terrain
|-heal|p1b: Incineroar|75/100|[from] Grassy Terrain
|-fieldend|move: Grassy Terrain
|upkeep
|
|t:|1756755779
|switch|p2a: Ursaluna|Ursaluna-Bloodmoon, L50, M|100/100
|turn|6
|inactive|DeewompostYT has 30 seconds left.
|inactive|DeewompostYT has 20 seconds left.
|
|t:|1756755815
|switch|p1b: Rillaboom|Rillaboom, L50, M|72/100
|-fieldstart|move: Grassy Terrain|[from] ability: Grassy Surge|[of] p1b: Rillaboom
|move|p2b: Sneasler|Close Combat|p1b: Rillaboom
|-damage|p1b: Rillaboom|40/100
|-unboost|p2b: Sneasler|def|1
|-unboost|p2b: Sneasler|spd|1
|move|p1a: Gallade|Psycho Cut|p2b: Sneasler
|-supereffective|p2b: Sneasler
|-crit|p2b: Sneasler
|-damage|p2b: Sneasler|0 fnt
|faint|p2b: Sneasler
|move|p2a: Ursaluna|Blood Moon|p1a: Gallade
|-damage|p1a: Gallade|0 fnt
|faint|p1a: Gallade
|-damage|p2a: Ursaluna|91/100|[from] item: Life Orb
|
|-heal|p1b: Rillaboom|45/100|[from] Grassy Terrain
|-heal|p2a: Ursaluna|97/100|[from] Grassy Terrain
|upkeep
|
|t:|1756755833
|switch|p2b: Indeedee|Indeedee, L50, M|83/100
|switch|p1a: Archaludon|Archaludon, L50, M|100/100
|-fieldstart|move: Psychic Terrain|[from] ability: Psychic Surge|[of] p2b: Indeedee
|turn|7
|inactive|swag morra has 30 seconds left.
|inactive|DeewompostYT has 30 seconds left.
|inactive|DeewompostYT has 20 seconds left.
|inactive|DeewompostYT has 15 seconds left.
|inactive|swag morra has 20 seconds left.
|inactive|DeewompostYT has 10 seconds left.
|inactive|swag morra has 15 seconds left.
|inactive|swag morra has 10 seconds left.
|inactive|DeewompostYT has 5 seconds left.
|
|t:|1756755891
|switch|p1b: Incineroar|Incineroar, L50, F|75/100
|-ability|p1b: Incineroar|Intimidate|boost
|-unboost|p2a: Ursaluna|atk|1
|-unboost|p2b: Indeedee|atk|1
|-terastallize|p2a: Ursaluna|Ghost
|move|p1a: Archaludon|Draco Meteor|p2a: Ursaluna
|-damage|p2a: Ursaluna|20/100
|-unboost|p1a: Archaludon|spa|2
|move|p2a: Ursaluna|Earth Power|p1a: Archaludon
|-supereffective|p1a: Archaludon
|-damage|p1a: Archaludon|16/100
|-ability|p1a: Archaludon|Stamina|boost
|-boost|p1a: Archaludon|def|1
|-damage|p2a: Ursaluna|10/100|[from] item: Life Orb
|move|p2b: Indeedee|Trick Room|p2b: Indeedee
|-fieldstart|move: Trick Room|[of] p2b: Indeedee
|
|upkeep
|turn|8
|inactive|swag morra has 30 seconds left.
|inactive|DeewompostYT has 30 seconds left.
|
|t:|1756755923
|move|p1b: Incineroar|Knock Off|p2a: Ursaluna
|-supereffective|p2a: Ursaluna
|-damage|p2a: Ursaluna|0 fnt
|-enditem|p2a: Ursaluna|Life Orb|[from] move: Knock Off|[of] p1b: Incineroar
|faint|p2a: Ursaluna
|move|p1a: Archaludon|Flash Cannon|p2b: Indeedee
|-damage|p2b: Indeedee|57/100
|move|p2b: Indeedee|Expanding Force|p1a: Archaludon|[spread] p1a
|-immune|p1b: Incineroar
|-resisted|p1a: Archaludon
|-damage|p1a: Archaludon|0 fnt
|faint|p1a: Archaludon
|
|upkeep
|
|t:|1756755926
|switch|p1a: Rillaboom|Rillaboom, L50, M|45/100
|-fieldstart|move: Grassy Terrain|[from] ability: Grassy Surge|[of] p1a: Rillaboom
|turn|9
|-message|DeewompostYT forfeited.
|
|win|swag morra
|raw|swag morra's rating: 1208 → 1236(+28 for winning)
|raw|DeewompostYT's rating: 1248 → 1220(-28 for losing)
|l|☆swag morra
|player|p1|
