|j|☆torie123
|j|☆los dura
|html|torie123los dura    
|uhtml|bestof|Game 2 of a best-of-3
|t:|1782674837
|gametype|doubles
|player|p1|torie123|swimmer|
|player|p2|los dura|lucas|
|gen|9
|tier|[Gen 9 Champions] VGC 2026 Reg M-B (Bo3)
|rule|Species Clause: Limit one of each Pokémon
|rule|Item Clause: Limit 1 of each item
|clearpoke
|poke|p1|Grimmsnarl, L50, M|
|poke|p1|Metagross, L50|
|poke|p1|Archaludon, L50, M|
|poke|p1|Pelipper, L50, F|
|poke|p1|Sinistcha, L50|
|poke|p1|Swampert, L50, F|
|poke|p2|Swampert, L50, M|
|poke|p2|Pelipper, L50, M|
|poke|p2|Archaludon, L50, M|
|poke|p2|Sinistcha, L50|
|poke|p2|Grimmsnarl, L50, M|
|poke|p2|Metagross, L50|
|teampreview|4
|showteam|p1|Grimmsnarl||LightClay|Prankster|FoulPlay,Reflect,LightScreen,PartingShot|Careful||M|||50|]Metagross||Metagrossite|ClearBody|IronHead,PsychicFangs,BodyPress,Protect|Jolly|||||50|]Archaludon||Leftovers|Stamina|ElectroShot,DragonPulse,FlashCannon,Protect|Modest||M|||50|]Pelipper||SitrusBerry|Drizzle|Hurricane,WeatherBall,Tailwind,Protect|Modest||F|||50|]Sinistcha||CobaBerry|Hospitality|MatchaGotcha,RagePowder,TrickRoom,Protect|Relaxed|||||50|]Swampert||Swampertite|Torrent|WaveCrash,Earthquake,IcePunch,Protect|Adamant||F|||50|
|showteam|p2|Swampert||Swampertite|Damp|WaveCrash,Earthquake,IcePunch,Protect|Adamant||M|||50|]Pelipper||FocusSash|Drizzle|WeatherBall,Hurricane,WideGuard,Tailwind|Modest||M|||50|]Archaludon||Leftovers|Stamina|ElectroShot,DragonPulse,FlashCannon,Protect|Modest||M|||50|]Sinistcha||SitrusBerry|Hospitality|MatchaGotcha,RagePowder,TrickRoom,Protect|Bold|||||50|]Grimmsnarl||LightClay|Prankster|SpiritBreak,Reflect,LightScreen,PartingShot|Careful||M|||50|]Metagross||Metagrossite|ClearBody|MeteorMash,PsychicFangs,BodyPress,Protect|Jolly|||||50|
|inactive|Battle timer is ON: inactive players will automatically lose when time's up. (requested by los dura)
|inactive|torie123 also wants the timer to be on.
|j| Ome Henk
|j| Fenerbasje
|inactive|los dura no longer wants the timer on, but the timer is staying on because torie123 still does.
|j| LOS OgyZ
|j| Thuglife0172
|inactive|torie123 has 60 seconds left.
|inactive|los dura has 60 seconds left.
|j| Pietplezier7
|
|t:|1782674883
|teamsize|p1|4
|teamsize|p2|4
|start
|switch|p1a: Grimmsnarl|Grimmsnarl, L50, M|100/100
|switch|p1b: Swampert|Swampert, L50, F|100/100
|switch|p2a: Metagross|Metagross, L50|100/100
|switch|p2b: Archaludon|Archaludon, L50, M|100/100
|turn|1
|j| LOS TiggelWiggel
|inactive|torie123 has 30 seconds left.
|inactive|los dura has 30 seconds left.
|inactive|los dura has 20 seconds left.
|
|t:|1782674921
|switch|p2a: Sinistcha|Sinistcha, L50|100/100
|detailschange|p1b: Swampert|Swampert-Mega, L50, F
|-mega|p1b: Swampert|Swampert|Swampertite
|move|p2b: Archaludon|Protect|p2b: Archaludon
|-singleturn|p2b: Archaludon|Protect
|move|p1a: Grimmsnarl|Parting Shot|p2b: Archaludon
|-activate|p2b: Archaludon|move: Protect
|move|p1b: Swampert|Earthquake|p2b: Archaludon|[spread] p1a,p2a
|-activate|p2b: Archaludon|move: Protect
|-resisted|p2a: Sinistcha|1
|-damage|p1a: Grimmsnarl|51/100
|-damage|p2a: Sinistcha|80/100
|
|upkeep
|turn|2
|l| LOS TiggelWiggel
|j| LOS TiggelWiggel
|inactive|torie123 has 30 seconds left.
|
|t:|1782674955
|switch|p2b: Pelipper|Pelipper, L50, M|100/100
|-weather|RainDance|[from] ability: Drizzle|[of] p2b: Pelipper
|switch|p1b: Archaludon|Archaludon, L50, M|100/100
|move|p1a: Grimmsnarl|Light Screen|p1a: Grimmsnarl
|-sidestart|p1: torie123|move: Light Screen
|move|p2a: Sinistcha|Matcha Gotcha|p1b: Archaludon|[spread] p1b
|-miss|p2a: Sinistcha|p1a: Grimmsnarl
|-resisted|p1b: Archaludon|2
|-damage|p1b: Archaludon|96/100
|-heal|p2a: Sinistcha|82/100|[from] drain|[of] p1b: Archaludon
|-ability|p1b: Archaludon|Stamina|boost
|-boost|p1b: Archaludon|def|1
|
|-weather|RainDance|[upkeep]
|-heal|p1b: Archaludon|100/100|[from] item: Leftovers
|upkeep
|turn|3
|inactive|torie123 has 30 seconds left.
|inactive|los dura has 30 seconds left.
|inactive|los dura has 20 seconds left.
|
|t:|1782674992
|move|p2a: Sinistcha|Rage Powder|p2a: Sinistcha
|-singleturn|p2a: Sinistcha|move: Rage Powder
|move|p2b: Pelipper|Weather Ball|p1a: Grimmsnarl
|-damage|p1a: Grimmsnarl|11/100
|move|p1b: Archaludon|Electro Shot||[still]
|-prepare|p1b: Archaludon|Electro Shot
|-boost|p1b: Archaludon|spa|1
|-anim|p1b: Archaludon|Electro Shot|p2a: Sinistcha
|-resisted|p2a: Sinistcha|1
|-damage|p2a: Sinistcha|55/100
|move|p1a: Grimmsnarl|Foul Play|p2a: Sinistcha
|-supereffective|p2a: Sinistcha|1
|-damage|p2a: Sinistcha|20/100y
|-enditem|p2a: Sinistcha|Sitrus Berry|[eat]
|-heal|p2a: Sinistcha|44/100|[from] item: Sitrus Berry
|
|-weather|RainDance|[upkeep]
|upkeep
|turn|4
|l| LOS TiggelWiggel
|inactive|torie123 has 30 seconds left.
|
|t:|1782675018
|switch|p2b: Archaludon|Archaludon, L50, M|100/100
|move|p1a: Grimmsnarl|Parting Shot|p2b: Archaludon
|-unboost|p2b: Archaludon|atk|1
|-unboost|p2b: Archaludon|spa|1
|j| LOS TiggelWiggel
|
|t:|1782675027
|switch|p1a: Pelipper|Pelipper, L50, F|100/100|[from] Parting Shot
|move|p1b: Archaludon|Electro Shot||[still]
|-prepare|p1b: Archaludon|Electro Shot
|-boost|p1b: Archaludon|spa|1
|-anim|p1b: Archaludon|Electro Shot|p2b: Archaludon
|-resisted|p2b: Archaludon|1
|-damage|p2b: Archaludon|61/100
|-ability|p2b: Archaludon|Stamina|boost
|-boost|p2b: Archaludon|def|1
|move|p2a: Sinistcha|Matcha Gotcha|p1b: Archaludon|[spread] p1a,p1b
|-resisted|p1b: Archaludon|2
|-damage|p1a: Pelipper|79/100
|-heal|p2a: Sinistcha|55/100|[from] drain|[of] p1a: Pelipper
|-damage|p1b: Archaludon|95/100
|-heal|p2a: Sinistcha|57/100|[from] drain|[of] p1b: Archaludon
|-ability|p1b: Archaludon|Stamina|boost
|-boost|p1b: Archaludon|def|1
|
|-weather|RainDance|[upkeep]
|-heal|p1b: Archaludon|100/100|[from] item: Leftovers
|-heal|p2b: Archaludon|68/100|[from] item: Leftovers
|upkeep
|turn|5
|inactive|torie123 has 30 seconds left.
|inactive|los dura has 30 seconds left.
|l| LOS TiggelWiggel
|
|t:|1782675062
|move|p2a: Sinistcha|Protect|p2a: Sinistcha
|-singleturn|p2a: Sinistcha|Protect
|move|p1b: Archaludon|Dragon Pulse|p2b: Archaludon
|-damage|p2b: Archaludon|0 fnt
|faint|p2b: Archaludon
|move|p1a: Pelipper|Hurricane|p2a: Sinistcha
|-activate|p2a: Sinistcha|move: Protect
|
|-weather|RainDance|[upkeep]
|upkeep
|
|t:|1782675076
|switch|p2b: Metagross|Metagross, L50|100/100
|turn|6
|inactive|torie123 has 30 seconds left.
|
|t:|1782675108
|switch|p1a: Grimmsnarl|Grimmsnarl, L50, M|11/100
|detailschange|p2b: Metagross|Metagross-Mega, L50
|-mega|p2b: Metagross|Metagross|Metagrossite
|move|p2a: Sinistcha|Rage Powder|p2a: Sinistcha
|-singleturn|p2a: Sinistcha|move: Rage Powder
|move|p2b: Metagross|Psychic Fangs|p1a: Grimmsnarl
|-immune|p1a: Grimmsnarl
|move|p1b: Archaludon|Electro Shot||[still]
|-prepare|p1b: Archaludon|Electro Shot
|-boost|p1b: Archaludon|spa|1
|-anim|p1b: Archaludon|Electro Shot|p2a: Sinistcha
|-resisted|p2a: Sinistcha|1
|-damage|p2a: Sinistcha|11/100
|
|-weather|none
|upkeep
|turn|7
|inactive|torie123 has 30 seconds left.
|inactive|los dura has 30 seconds left.
|inactive|torie123 has 20 seconds left.
|inactive|torie123 has 15 seconds left.
|
|t:|1782675148
|move|p2a: Sinistcha|Rage Powder|p2a: Sinistcha
|-singleturn|p2a: Sinistcha|move: Rage Powder
|move|p1a: Grimmsnarl|Parting Shot|p2a: Sinistcha
|-unboost|p2a: Sinistcha|atk|1
|-unboost|p2a: Sinistcha|spa|1
|
|t:|1782675153
|switch|p1a: Pelipper|Pelipper, L50, F|79/100|[from] Parting Shot
|-weather|RainDance|[from] ability: Drizzle|[of] p1a: Pelipper
|move|p2b: Metagross|Meteor Mash|p1a: Pelipper
|-resisted|p1a: Pelipper|1
|-damage|p1a: Pelipper|46/100
|-boost|p2b: Metagross|atk|1
|-enditem|p1a: Pelipper|Sitrus Berry|[eat]
|-heal|p1a: Pelipper|71/100|[from] item: Sitrus Berry
|move|p1b: Archaludon|Electro Shot||[still]
|-prepare|p1b: Archaludon|Electro Shot
|-boost|p1b: Archaludon|spa|1
|-anim|p1b: Archaludon|Electro Shot|p2a: Sinistcha
|-resisted|p2a: Sinistcha|1
|-damage|p2a: Sinistcha|0 fnt
|faint|p2a: Sinistcha
|
|-weather|RainDance|[upkeep]
|upkeep
|
|t:|1782675165
|switch|p2a: Pelipper|Pelipper, L50, M|100/100
|turn|8
|
|t:|1782675189
|move|p2b: Metagross|Psychic Fangs|p1a: Pelipper
|-sideend|p1: torie123|move: Light Screen
|-damage|p1a: Pelipper|0 fnt
|faint|p1a: Pelipper
|move|p2a: Pelipper|Weather Ball|p1b: Archaludon
|-resisted|p1b: Archaludon|1
|-damage|p1b: Archaludon|66/100
|-ability|p1b: Archaludon|Stamina|boost
|-boost|p1b: Archaludon|def|1
|move|p1b: Archaludon|Electro Shot||[still]
|-prepare|p1b: Archaludon|Electro Shot
|-boost|p1b: Archaludon|spa|1
|-anim|p1b: Archaludon|Electro Shot|p2b: Metagross
|-damage|p2b: Metagross|0 fnt
|faint|p2b: Metagross
|
|-weather|RainDance|[upkeep]
|-heal|p1b: Archaludon|72/100|[from] item: Leftovers
|upkeep
|l| Fenerbasje
|
|t:|1782675205
|switch|p1a: Swampert|Swampert-Mega, L50, F|100/100
|turn|9
|
|t:|1782675213
|move|p1a: Swampert|Ice Punch|p2a: Pelipper
|-damage|p2a: Pelipper|61/100
|move|p2a: Pelipper|Weather Ball|p1a: Swampert
|-damage|p1a: Swampert|34/100
|move|p1b: Archaludon|Electro Shot||[still]
|-prepare|p1b: Archaludon|Electro Shot
|-boost|p1b: Archaludon|spa|1
|-anim|p1b: Archaludon|Electro Shot|p2a: Pelipper
|-supereffective|p2a: Pelipper|2
|-damage|p2a: Pelipper|0 fnt
|faint|p2a: Pelipper
|
|win|torie123
|c|☆los dura|ggs!
|c|☆torie123|ggs!
|l| Thuglife0172
|l|☆los dura
|player|p2|
|l| Pietplezier7
|l| LOS OgyZ
|l| Ome Henk
|j| Ome Henk
