|j|☆tortilla reforged
|j|☆new mental
|html|tortilla reforgednew mental    
|uhtml|bestof|Game 3 of a best-of-3
|t:|1784717871
|gametype|doubles
|player|p1|tortilla reforged|pokemaniac|1203
|player|p2|new mental|volkner|1259
|gen|9
|tier|[Gen 9 Champions] VGC 2026 Reg M-B (Bo3)
|rated|
|rule|Species Clause: Limit one of each Pokémon
|rule|Item Clause: Limit 1 of each item
|clearpoke
|poke|p1|Venusaur, L50, M|
|poke|p1|Houndoom, L50, M|
|poke|p1|Annihilape, L50, M|
|poke|p1|Torkoal, L50, M|
|poke|p1|Kangaskhan, L50, F|
|poke|p1|Farigiraf, L50, F|
|poke|p2|Incineroar, L50, F|
|poke|p2|Kingambit, L50, F|
|poke|p2|Sinistcha, L50|
|poke|p2|Sneasler, L50, M|
|poke|p2|Blastoise, L50, M|
|poke|p2|Delphox, L50, F|
|teampreview|4
|showteam|p1|Venusaur||LifeOrb|Chlorophyll|SolarBeam,SludgeBomb,EarthPower,Protect|Modest||M|||50|]Houndoom||Houndoominite|FlashFire|HeatWave,DarkPulse,Overheat,Protect|Timid||M|||50|]Annihilape||ChoiceScarf|Defiant|RockSlide,CloseCombat,IcePunch,Uturn|Adamant||M|||50|]Torkoal||Charcoal|Drought|Eruption,HelpingHand,WeatherBall,Protect|Quiet||M|||50|]Kangaskhan||Kangaskhanite|Scrappy|DoubleEdge,IcePunch,HammerArm,FakeOut|Adamant||F|||50|]Farigiraf||SitrusBerry|ArmorTail|Psychic,TrickRoom,Thunderbolt,HelpingHand|Bold||F|||50|
|showteam|p2|Incineroar||SitrusBerry|Intimidate|FakeOut,FlareBlitz,ThroatChop,PartingShot|Impish||F|||50|]Kingambit||BlackGlasses|Defiant|KowtowCleave,SuckerPunch,SwordsDance,Protect|Adamant||F|||50|]Sinistcha||OccaBerry|Hospitality|MatchaGotcha,RagePowder,TrickRoom,Protect|Relaxed|||||50|]Sneasler||FocusSash|PoisonTouch|FakeOut,CloseCombat,PoisonJab,QuickGuard|Jolly||M|||50|]Blastoise||Blastoisinite|RainDish|WaterSpout,DarkPulse,ShellSmash,Protect|Modest||M|||50|]Delphox||Delphoxite|Blaze|HeatWave,Psychic,NastyPlot,Protect|Timid||F|||50|
|inactive|Battle timer is ON: inactive players will automatically lose when time's up. (requested by tortilla reforged)
|
|t:|1784717895
|teamsize|p1|4
|teamsize|p2|4
|start
|switch|p1a: Annihilape|Annihilape, L50, M|100/100
|switch|p1b: Farigiraf|Farigiraf, L50, F|100/100
|switch|p2a: Kingambit|Kingambit, L50, F|100/100
|switch|p2b: Sinistcha|Sinistcha, L50|100/100
|turn|1
|inactive|new mental has 30 seconds left.
|inactive|new mental has 20 seconds left.
|inactive|new mental has 15 seconds left.
|inactive|new mental has 10 seconds left.
|
|t:|1784717942
|move|p1a: Annihilape|U-turn|p2b: Sinistcha
|-damage|p2b: Sinistcha|81/100
|
|t:|1784717955
|switch|p1a: Torkoal|Torkoal, L50, M|100/100|[from] U-turn
|-weather|SunnyDay|[from] ability: Drought|[of] p1a: Torkoal
|move|p2a: Kingambit|Swords Dance|p2a: Kingambit
|-boost|p2a: Kingambit|atk|2
|move|p2b: Sinistcha|Trick Room|p2b: Sinistcha
|-fieldstart|move: Trick Room|[of] p2b: Sinistcha
|move|p1b: Farigiraf|Trick Room|p1b: Farigiraf
|-fieldend|move: Trick Room
|
|-weather|SunnyDay|[upkeep]
|upkeep
|turn|2
|inactive|new mental has 30 seconds left.
|inactive|new mental has 20 seconds left.
|inactive|new mental has 15 seconds left.
|inactive|new mental has 10 seconds left.
|
|t:|1784718001
|switch|p2b: Delphox|Delphox, L50, F|100/100
|move|p2a: Kingambit|Kowtow Cleave|p1b: Farigiraf
|-supereffective|p1b: Farigiraf|1
|-damage|p1b: Farigiraf|0 fnt
|faint|p1b: Farigiraf
|move|p1a: Torkoal|Eruption|p2a: Kingambit|[spread] p2a,p2b
|-supereffective|p2a: Kingambit|1
|-resisted|p2b: Delphox|1
|-damage|p2a: Kingambit|0 fnt
|-damage|p2b: Delphox|48/100
|faint|p2a: Kingambit
|
|-weather|SunnyDay|[upkeep]
|upkeep
|
|t:|1784718013
|switch|p1b: Annihilape|Annihilape, L50, M|100/100
|switch|p2a: Sinistcha|Sinistcha, L50|81/100
|-heal|p2b: Delphox|73/100|[from] ability: Hospitality|[of] p2a: Sinistcha
|turn|3
|inactive|new mental has 30 seconds left.
|inactive|new mental has 20 seconds left.
|
|t:|1784718050
|detailschange|p2b: Delphox|Delphox-Mega, L50, F
|-mega|p2b: Delphox|Delphox|Delphoxite
|move|p2a: Sinistcha|Rage Powder|p2a: Sinistcha
|-singleturn|p2a: Sinistcha|move: Rage Powder
|move|p1b: Annihilape|Rock Slide|p2a: Sinistcha|[spread] p2a,p2b
|-supereffective|p2b: Delphox|1
|-damage|p2a: Sinistcha|65/100
|-damage|p2b: Delphox|21/100
|move|p2b: Delphox|Heat Wave|p1b: Annihilape|[spread] p1a,p1b
|-resisted|p1a: Torkoal|1
|-damage|p1a: Torkoal|61/100
|-damage|p1b: Annihilape|39/100
|move|p1a: Torkoal|Eruption|p2b: Delphox|[spread] p2a,p2b
|-supereffective|p2a: Sinistcha|1
|-enditem|p2a: Sinistcha|Occa Berry|[eat]
|-enditem|p2a: Sinistcha|Occa Berry|[weaken]
|-resisted|p2b: Delphox|1
|-damage|p2a: Sinistcha|12/100
|-damage|p2b: Delphox|0 fnt
|faint|p2b: Delphox
|
|-weather|SunnyDay|[upkeep]
|upkeep
|
|t:|1784718065
|switch|p2b: Sneasler|Sneasler, L50, M|100/100
|turn|4
|
|t:|1784718077
|move|p2a: Sinistcha|Protect|p2a: Sinistcha
|-singleturn|p2a: Sinistcha|Protect
|move|p1a: Torkoal|Protect|p1a: Torkoal
|-singleturn|p1a: Torkoal|Protect
|move|p1b: Annihilape|Rock Slide|p2b: Sneasler|[spread] p2b
|-activate|p2a: Sinistcha|move: Protect
|-resisted|p2b: Sneasler|1
|-damage|p2b: Sneasler|82/100
|move|p2b: Sneasler|Poison Jab|p1a: Torkoal
|-activate|p1a: Torkoal|move: Protect
|
|-weather|SunnyDay|[upkeep]
|upkeep
|turn|5
|
|t:|1784718089
|move|p1b: Annihilape|Rock Slide|p2a: Sinistcha|[spread] p2a,p2b
|-resisted|p2b: Sneasler|1
|-damage|p2a: Sinistcha|0 fnt
|-damage|p2b: Sneasler|65/100
|faint|p2a: Sinistcha
|move|p2b: Sneasler|Poison Jab|p1a: Torkoal
|-damage|p1a: Torkoal|30/100
|move|p1a: Torkoal|Weather Ball|p2b: Sneasler
|-damage|p2b: Sneasler|0 fnt
|faint|p2b: Sneasler
|
|win|tortilla reforged
|raw|tortilla reforged's rating: 1203 → 1232(+29 for winning)
|raw|new mental's rating: 1259 → 1230(-29 for losing)
