|j|☆zootvgc
|j|☆AquaGrey
|html|zootvgcAquaGrey    
|uhtml|bestof|Game 3 of a best-of-3
|t:|1757117413
|gametype|doubles
|player|p1|zootvgc|170|1000
|player|p2|AquaGrey|dawn-gen4pt|1013
|gen|9
|tier|[Gen 9] VGC 2025 Reg H (Bo3)
|rated|
|rule|Species Clause: Limit one of each Pokémon
|rule|Item Clause: Limit 1 of each item
|clearpoke
|poke|p1|Dragonite, L50, M|
|poke|p1|Gholdengo, L50|
|poke|p1|Rillaboom, L50, F|
|poke|p1|Ursaluna-Bloodmoon, L50, M|
|poke|p1|Maushold, L50|
|poke|p1|Annihilape, L50, M|
|poke|p2|Tyranitar, L50, M|
|poke|p2|Excadrill, L50, F|
|poke|p2|Garchomp, L50, M|
|poke|p2|Gholdengo, L50|
|poke|p2|Sneasler, L50, M|
|poke|p2|Rillaboom, L50, M|
|teampreview|4
|showteam|p1|Dragonite||LoadedDice|Multiscale|ScaleShot,Haze,Protect,Tailwind|||M|||50|,,,,,Fairy]Gholdengo||LifeOrb|GoodasGold|MakeItRain,Protect,ShadowBall,NastyPlot||||||50|,,,,,Water]Rillaboom||MiracleSeed|Overgrow|GrassyGlide,WoodHammer,FakeOut,HighHorsepower|||F|||50|,,,,,Fire]Ursaluna-Bloodmoon||AssaultVest|MindsEye|BloodMoon,HyperBeam,EarthPower,VacuumWave|||M|||50|,,,,,Water]Maushold||FocusSash|FriendGuard|Protect,SuperFang,BeatUp,FollowMe||||||50|,,,,,Ghost]Annihilape||SitrusBerry|Defiant|RageFist,BulkUp,Protect,DrainPunch|||M|||50|,,,,,Fire
|showteam|p2|Tyranitar||AssaultVest|SandStream|RockSlide,KnockOff,LowKick,TeraBlast|||M|||50|,,,,,Flying]Excadrill||FocusSash|SandRush|Protect,IronHead,HighHorsepower,Earthquake|||F|||50|,,,,,Ground]Garchomp||LifeOrb|RoughSkin|StompingTantrum,Earthquake,Protect,DragonClaw|||M|||50|,,,,,Ground]Gholdengo||MetalCoat|GoodasGold|MakeItRain,ShadowBall,Protect,NastyPlot||||||50|,,,,,Steel]Sneasler||GrassySeed|Unburden|Acrobatics,ThroatChop,DireClaw,CloseCombat|||M|||50|,,,,,Dark]Rillaboom||MiracleSeed|GrassySurge|Uturn,WoodHammer,GrassyGlide,FakeOut|||M|||50|,,,,,Fire
|
|t:|1757117479
|teamsize|p1|4
|teamsize|p2|4
|start
|switch|p1a: Rillaboom|Rillaboom, L50, F|100/100
|switch|p1b: Annihilape|Annihilape, L50, M|100/100
|switch|p2a: First|Sneasler, L50, M, shiny|100/100
|switch|p2b: Boom Boom|Rillaboom, L50, M|100/100
|-fieldstart|move: Grassy Terrain|[from] ability: Grassy Surge|[of] p2b: Boom Boom
|-enditem|p2a: First|Grassy Seed
|-boost|p2a: First|def|1|[from] item: Grassy Seed
|turn|1
|
|t:|1757117517
|move|p1a: Rillaboom|Fake Out|p2a: First
|-damage|p2a: First|87/100
|move|p2b: Boom Boom|Fake Out|p1b: Annihilape
|-immune|p1b: Annihilape
|cant|p2a: First|flinch
|move|p1b: Annihilape|Bulk Up|p1b: Annihilape
|-boost|p1b: Annihilape|atk|1
|-boost|p1b: Annihilape|def|1
|
|-heal|p2a: First|93/100|[from] Grassy Terrain
|upkeep
|turn|2
|
|t:|1757117540
|switch|p1a: Gholdengo|Gholdengo, L50|100/100
|move|p1b: Annihilape|Protect|p1b: Annihilape
|-singleturn|p1b: Annihilape|Protect
|move|p2a: First|Acrobatics|p1a: Gholdengo
|-resisted|p1a: Gholdengo
|-damage|p1a: Gholdengo|79/100
|move|p2b: Boom Boom|U-turn|p1a: Gholdengo
|-resisted|p1a: Gholdengo
|-damage|p1a: Gholdengo|73/100
|
|t:|1757117543
|switch|p2b: TTar|Tyranitar, L50, M, shiny|100/100|[from] U-turn
|-weather|Sandstorm|[from] ability: Sand Stream|[of] p2b: TTar
|
|-weather|Sandstorm|[upkeep]
|-damage|p2a: First|87/100|[from] Sandstorm
|-damage|p1b: Annihilape|94/100|[from] Sandstorm
|-heal|p2a: First|93/100|[from] Grassy Terrain
|-heal|p1b: Annihilape|100/100|[from] Grassy Terrain
|-heal|p1a: Gholdengo|79/100|[from] Grassy Terrain
|upkeep
|turn|3
|
|t:|1757117625
|switch|p1a: Maushold|Maushold, L50|100/100
|-terastallize|p2b: TTar|Flying
|move|p2a: First|Acrobatics|p1b: Annihilape
|-supereffective|p1b: Annihilape
|-damage|p1b: Annihilape|56/100
|move|p1b: Annihilape|Drain Punch|p2b: TTar
|-resisted|p2b: TTar
|-damage|p2b: TTar|78/100
|-heal|p1b: Annihilape|68/100|[from] drain|[of] p2b: TTar
|move|p2b: TTar|Tera Blast|p1b: Annihilape|[anim] Tera Blast Flying
|-supereffective|p1b: Annihilape
|-damage|p1b: Annihilape|18/100
|-enditem|p1b: Annihilape|Sitrus Berry|[eat]
|-heal|p1b: Annihilape|43/100|[from] item: Sitrus Berry
|
|-weather|Sandstorm|[upkeep]
|-damage|p2a: First|87/100|[from] Sandstorm
|-damage|p1a: Maushold|94/100|[from] Sandstorm
|-damage|p1b: Annihilape|36/100|[from] Sandstorm
|-damage|p2b: TTar|72/100|[from] Sandstorm
|-heal|p2a: First|93/100|[from] Grassy Terrain
|-heal|p1a: Maushold|100/100|[from] Grassy Terrain
|-heal|p1b: Annihilape|43/100|[from] Grassy Terrain
|upkeep
|turn|4
|
|t:|1757117661
|move|p1a: Maushold|Follow Me|p1a: Maushold
|-singleturn|p1a: Maushold|move: Follow Me
|move|p2a: First|Acrobatics|p1a: Maushold
|-damage|p1a: Maushold|58/100
|move|p1b: Annihilape|Rage Fist|p2b: TTar
|-damage|p2b: TTar|0 fnt
|faint|p2b: TTar
|
|-weather|Sandstorm|[upkeep]
|-damage|p2a: First|87/100|[from] Sandstorm
|-damage|p1a: Maushold|52/100|[from] Sandstorm
|-damage|p1b: Annihilape|36/100|[from] Sandstorm
|-heal|p2a: First|93/100|[from] Grassy Terrain
|-heal|p1a: Maushold|58/100|[from] Grassy Terrain
|-heal|p1b: Annihilape|43/100|[from] Grassy Terrain
|upkeep
|
|t:|1757117676
|switch|p2b: Rawr|Garchomp, L50, M|100/100
|turn|5
|
|t:|1757117733
|-terastallize|p1a: Maushold|Ghost
|move|p1a: Maushold|Follow Me|p1a: Maushold
|-singleturn|p1a: Maushold|move: Follow Me
|move|p2a: First|Acrobatics|p1a: Maushold
|-damage|p1a: Maushold|12/100
|move|p2b: Rawr|Dragon Claw|p1a: Maushold
|-damage|p1a: Maushold|0 fnt
|faint|p1a: Maushold
|-damage|p2b: Rawr|91/100|[from] item: Life Orb
|move|p1b: Annihilape|Rage Fist|p2b: Rawr
|-damage|p2b: Rawr|0 fnt
|-damage|p1b: Annihilape|30/100|[from] ability: Rough Skin|[of] p2b: Rawr
|faint|p2b: Rawr
|
|-weather|Sandstorm|[upkeep]
|-damage|p2a: First|87/100|[from] Sandstorm
|-damage|p1b: Annihilape|24/100|[from] Sandstorm
|-heal|p2a: First|93/100|[from] Grassy Terrain
|-heal|p1b: Annihilape|30/100|[from] Grassy Terrain
|-fieldend|move: Grassy Terrain
|upkeep
|
|t:|1757117753
|switch|p1a: Rillaboom|Rillaboom, L50, F|100/100
|switch|p2b: Boom Boom|Rillaboom, L50, M|100/100
|-fieldstart|move: Grassy Terrain|[from] ability: Grassy Surge|[of] p2b: Boom Boom
|turn|6
|
|t:|1757117779
|move|p1a: Rillaboom|Fake Out|p2a: First
|-damage|p2a: First|78/100
|move|p2b: Boom Boom|Fake Out|p1a: Rillaboom
|-damage|p1a: Rillaboom|87/100
|cant|p2a: First|flinch
|move|p1b: Annihilape|Rage Fist|p2a: First
|-damage|p2a: First|0 fnt
|faint|p2a: First
|
|-weather|none
|-heal|p1b: Annihilape|36/100|[from] Grassy Terrain
|-heal|p1a: Rillaboom|93/100|[from] Grassy Terrain
|upkeep
|turn|7
|-message|AquaGrey forfeited.
|
|win|zootvgc
|raw|zootvgc's rating: 1000 → 1041(+41 for winning)
|raw|AquaGrey's rating: 1013 → 1001(-12 for losing)
|l|☆AquaGrey
|player|p2|
|c|☆zootvgc|gg
