|j|☆Pokeventurer
|j|☆lildueldisk
|html|Pokeventurerlildueldisk    
|uhtml|bestof|Game 3 of a best-of-3
|t:|1757691302
|gametype|doubles
|player|p1|Pokeventurer|2|1181
|player|p2|lildueldisk|burglar|1189
|gen|9
|tier|[Gen 9] VGC 2025 Reg H (Bo3)
|rated|
|rule|Species Clause: Limit one of each Pokémon
|rule|Item Clause: Limit 1 of each item
|clearpoke
|poke|p1|Incineroar, L50, M|
|poke|p1|Ursaluna-Bloodmoon, L50, M|
|poke|p1|Gholdengo, L50|
|poke|p1|Dragonite, L50, F|
|poke|p1|Ninetales-Alola, L50, M|
|poke|p1|Amoonguss, L50, F|
|poke|p2|Dragonite, L50, M|
|poke|p2|Garchomp, L50, F|
|poke|p2|Ninetales-Alola, L50, M|
|poke|p2|Incineroar, L50, F|
|poke|p2|Kingambit, L50, F|
|poke|p2|Amoonguss, L50, F|
|teampreview|4
|showteam|p1|Incineroar||SafetyGoggles|Intimidate|FlareBlitz,KnockOff,PartingShot,FakeOut|||M|||50|,,,,,Ghost]Ursaluna-Bloodmoon||AssaultVest|MindsEye|HyperVoice,BloodMoon,EarthPower,VacuumWave|||M|||50|,,,,,Water]Gholdengo||LifeOrb|GoodasGold|MakeItRain,ShadowBall,NastyPlot,Protect||||||50|,,,,,Water]Dragonite||LoadedDice|InnerFocus|ScaleShot,Tailwind,Haze,ExtremeSpeed|||F|||50|,,,,,Fairy]Ninetales-Alola||CovertCloak|SnowWarning|Blizzard,FreezeDry,AuroraVeil,IcyWind|||M|||50|,,,,,Ice]Amoonguss||RockyHelmet|Regenerator|PollenPuff,RagePowder,Spore,Protect|||F|||50|,,,,,Water
|showteam|p2|Dragonite||LumBerry|InnerFocus|TeraBlast,ExtremeSpeed,LowKick,Protect|||M|||50|,,,,,Flying]Garchomp||LifeOrb|RoughSkin|DragonClaw,Earthquake,StompingTantrum,Protect|||F|||50|,,,,,Steel]Ninetales-Alola||FocusSash|SnowWarning|Blizzard,FreezeDry,Encore,Protect|||M|||50|,,,,,Ice]Incineroar||SafetyGoggles|Intimidate|FlareBlitz,KnockOff,PartingShot,FakeOut|||F|||50|,,,,,Ghost]Kingambit||AssaultVest|Defiant|KowtowCleave,SuckerPunch,IronHead,LowKick|||F|||50|,,,,,Dark]Amoonguss||SitrusBerry|Regenerator|Spore,RagePowder,PollenPuff,ClearSmog|||F|||50|,,,,,Water
|inactive|Battle timer is ON: inactive players will automatically lose when time's up. (requested by Pokeventurer)
|
|t:|1757691329
|teamsize|p1|4
|teamsize|p2|4
|start
|switch|p1a: Gholdengo|Gholdengo, L50|100/100
|switch|p1b: Amoonguss|Amoonguss, L50, F|100/100
|switch|p2a: Dragonite|Dragonite, L50, M, shiny|100/100
|switch|p2b: Incineroar|Incineroar, L50, F, shiny|100/100
|-ability|p2b: Incineroar|Intimidate|boost
|-unboost|p1a: Gholdengo|atk|1
|-unboost|p1b: Amoonguss|atk|1
|turn|1
|
|t:|1757691343
|-terastallize|p2a: Dragonite|Flying
|move|p1a: Gholdengo|Protect|p1a: Gholdengo
|-singleturn|p1a: Gholdengo|Protect
|move|p1b: Amoonguss|Protect|p1b: Amoonguss
|-singleturn|p1b: Amoonguss|Protect
|move|p2a: Dragonite|Tera Blast|p1b: Amoonguss|[anim] Tera Blast Flying
|-activate|p1b: Amoonguss|move: Protect
|move|p2b: Incineroar|Knock Off|p1a: Gholdengo
|-activate|p1a: Gholdengo|move: Protect
|
|upkeep
|turn|2
|inactive|Pokeventurer has 30 seconds left.
|
|t:|1757691377
|switch|p1a: Ninetales|Ninetales-Alola, L50, M|100/100
|-weather|Snowscape|[from] ability: Snow Warning|[of] p1a: Ninetales
|-terastallize|p1b: Amoonguss|Water
|move|p2a: Dragonite|Tera Blast|p1a: Ninetales|[anim] Tera Blast Flying
|-damage|p1a: Ninetales|33/100
|move|p2b: Incineroar|Knock Off|p1a: Ninetales
|-resisted|p1a: Ninetales
|-damage|p1a: Ninetales|13/100
|-enditem|p1a: Ninetales|Covert Cloak|[from] move: Knock Off|[of] p2b: Incineroar
|move|p1b: Amoonguss|Spore|p2a: Dragonite
|-status|p2a: Dragonite|slp|[from] move: Spore
|-enditem|p2a: Dragonite|Lum Berry|[eat]
|-curestatus|p2a: Dragonite|slp|[msg]
|
|-weather|Snowscape|[upkeep]
|upkeep
|turn|3
|
|t:|1757691399
|switch|p1a: Gholdengo|Gholdengo, L50|100/100
|move|p2a: Dragonite|Protect|p2a: Dragonite
|-singleturn|p2a: Dragonite|Protect
|move|p2b: Incineroar|Flare Blitz|p1a: Gholdengo
|-supereffective|p1a: Gholdengo
|-damage|p1a: Gholdengo|0 fnt
|faint|p1a: Gholdengo
|-damage|p2b: Incineroar|72/100|[from] Recoil
|move|p1b: Amoonguss|Spore|p2a: Dragonite
|-activate|p2a: Dragonite|move: Protect
|
|-weather|Snowscape|[upkeep]
|upkeep
|
|t:|1757691406
|switch|p1a: Ursaluna|Ursaluna-Bloodmoon, L50, M|100/100
|turn|4
|
|t:|1757691430
|move|p2a: Dragonite|Tera Blast|p1a: Ursaluna|[anim] Tera Blast Flying
|-damage|p1a: Ursaluna|56/100
|move|p2b: Incineroar|Parting Shot|p1a: Ursaluna
|-unboost|p1a: Ursaluna|atk|1
|-unboost|p1a: Ursaluna|spa|1
|
|t:|1757691439
|switch|p2b: Kingambit|Kingambit, L50, F, shiny|100/100|[from] Parting Shot
|move|p1a: Ursaluna|Earth Power|p2b: Kingambit
|-supereffective|p2b: Kingambit
|-damage|p2b: Kingambit|54/100
|move|p1b: Amoonguss|Spore|p2a: Dragonite
|-status|p2a: Dragonite|slp|[from] move: Spore
|
|-weather|Snowscape|[upkeep]
|upkeep
|turn|5
|
|t:|1757691456
|switch|p2b: Incineroar|Incineroar, L50, F, shiny|72/100
|-ability|p2b: Incineroar|Intimidate|boost
|-unboost|p1a: Ursaluna|atk|1
|-unboost|p1b: Amoonguss|atk|1
|cant|p2a: Dragonite|slp
|move|p1a: Ursaluna|Earth Power|p2b: Incineroar
|-supereffective|p2b: Incineroar
|-damage|p2b: Incineroar|20/100
|move|p1b: Amoonguss|Pollen Puff|p1a: Ursaluna
|-heal|p1a: Ursaluna|100/100
|
|-weather|Snowscape|[upkeep]
|upkeep
|turn|6
|
|t:|1757691475
|move|p2b: Incineroar|Fake Out|p1a: Ursaluna
|-damage|p1a: Ursaluna|92/100
|cant|p2a: Dragonite|slp
|cant|p1a: Ursaluna|flinch
|move|p1b: Amoonguss|Spore|p2a: Dragonite
|-fail|p2a: Dragonite|slp
|
|-weather|none
|upkeep
|turn|7
|
|t:|1757691490
|-curestatus|p2a: Dragonite|slp|[msg]
|move|p2a: Dragonite|Tera Blast|p1a: Ursaluna|[anim] Tera Blast Flying
|-damage|p1a: Ursaluna|47/100
|move|p2b: Incineroar|Parting Shot|p1a: Ursaluna
|-unboost|p1a: Ursaluna|atk|1
|-unboost|p1a: Ursaluna|spa|1
|
|t:|1757691498
|switch|p2b: Kingambit|Kingambit, L50, F, shiny|54/100|[from] Parting Shot
|move|p1a: Ursaluna|Hyper Voice|p2a: Dragonite|[spread] p2a,p2b
|-resisted|p2b: Kingambit
|-damage|p2a: Dragonite|82/100
|-damage|p2b: Kingambit|48/100
|move|p1b: Amoonguss|Spore|p2a: Dragonite
|-status|p2a: Dragonite|slp|[from] move: Spore
|
|upkeep
|turn|8
|
|t:|1757691514
|switch|p1a: Ninetales|Ninetales-Alola, L50, M|13/100
|-weather|Snowscape|[from] ability: Snow Warning|[of] p1a: Ninetales
|move|p2b: Kingambit|Sucker Punch||[still]
|-fail|p2b: Kingambit
|cant|p2a: Dragonite|slp
|move|p1b: Amoonguss|Spore|p2b: Kingambit
|-status|p2b: Kingambit|slp|[from] move: Spore
|
|-weather|Snowscape|[upkeep]
|upkeep
|turn|9
|
|t:|1757691530
|-curestatus|p2a: Dragonite|slp|[msg]
|move|p2a: Dragonite|Extreme Speed|p1a: Ninetales
|-damage|p1a: Ninetales|0 fnt
|faint|p1a: Ninetales
|cant|p2b: Kingambit|slp
|move|p1b: Amoonguss|Pollen Puff|p1: Ninetales|[notarget]
|-fail|p1b: Amoonguss
|
|-weather|Snowscape|[upkeep]
|upkeep
|
|t:|1757691539
|switch|p1a: Ursaluna|Ursaluna-Bloodmoon, L50, M|47/100
|turn|10
|
|t:|1757691561
|move|p2a: Dragonite|Protect|p2a: Dragonite
|-singleturn|p2a: Dragonite|Protect
|move|p1a: Ursaluna|Earth Power|p2b: Kingambit
|-supereffective|p2b: Kingambit
|-damage|p2b: Kingambit|0 fnt
|faint|p2b: Kingambit
|move|p1b: Amoonguss|Pollen Puff|p1a: Ursaluna
|-heal|p1a: Ursaluna|97/100
|
|-weather|Snowscape|[upkeep]
|upkeep
|
|t:|1757691571
|switch|p2b: Incineroar|Incineroar, L50, F, shiny|20/100
|-ability|p2b: Incineroar|Intimidate|boost
|-unboost|p1a: Ursaluna|atk|1
|-unboost|p1b: Amoonguss|atk|1
|turn|11
|
|t:|1757691579
|move|p2b: Incineroar|Fake Out|p1a: Ursaluna
|-damage|p1a: Ursaluna|89/100
|move|p2a: Dragonite|Tera Blast|p1a: Ursaluna|[anim] Tera Blast Flying
|-damage|p1a: Ursaluna|43/100
|cant|p1a: Ursaluna|flinch
|move|p1b: Amoonguss|Spore|p2a: Dragonite
|-status|p2a: Dragonite|slp|[from] move: Spore
|
|-weather|Snowscape|[upkeep]
|upkeep
|turn|12
|
|t:|1757691592
|move|p1b: Amoonguss|Rage Powder|p1b: Amoonguss
|-singleturn|p1b: Amoonguss|move: Rage Powder
|cant|p2a: Dragonite|slp
|move|p2b: Incineroar|Parting Shot|p1a: Ursaluna
|-unboost|p1a: Ursaluna|atk|1
|-unboost|p1a: Ursaluna|spa|1
|
|t:|1757691598
|switch|p2b: Garchomp|Garchomp, L50, F, shiny|100/100|[from] Parting Shot
|move|p1a: Ursaluna|Blood Moon|p2a: Dragonite
|-damage|p2a: Dragonite|31/100 slp
|
|-weather|none
|upkeep
|turn|13
|
|t:|1757691611
|move|p2b: Garchomp|Stomping Tantrum|p1a: Ursaluna
|-damage|p1a: Ursaluna|6/100
|-damage|p2b: Garchomp|91/100|[from] item: Life Orb
|-curestatus|p2a: Dragonite|slp|[msg]
|move|p2a: Dragonite|Tera Blast|p1a: Ursaluna|[anim] Tera Blast Flying
|-crit|p1a: Ursaluna
|-damage|p1a: Ursaluna|0 fnt
|faint|p1a: Ursaluna
|move|p1b: Amoonguss|Spore|p2b: Garchomp
|-status|p2b: Garchomp|slp|[from] move: Spore
|
|upkeep
|turn|14
|c|☆Pokeventurer|gg
|
|t:|1757691626
|cant|p2b: Garchomp|slp
|move|p2a: Dragonite|Tera Blast|p1b: Amoonguss|[anim] Tera Blast Flying
|-damage|p1b: Amoonguss|32/100
|move|p1b: Amoonguss|Pollen Puff|p2b: Garchomp
|-damage|p2b: Garchomp|73/100 slp
|
|upkeep
|turn|15
|c|☆lildueldisk|gg
|
|t:|1757691639
|move|p1b: Amoonguss|Rage Powder|p1b: Amoonguss
|-singleturn|p1b: Amoonguss|move: Rage Powder
|cant|p2b: Garchomp|slp
|move|p2a: Dragonite|Tera Blast|p1b: Amoonguss|[anim] Tera Blast Flying
|-damage|p1b: Amoonguss|0 fnt
|faint|p1b: Amoonguss
|
|win|lildueldisk
|raw|Pokeventurer's rating: 1181 → 1157(-24 for losing)
|raw|lildueldisk's rating: 1189 → 1213(+24 for winning)
