|j|☆inoshikacho2
|j|☆Frakub
|html|inoshikacho2Frakub    
|uhtml|bestof|Game 3 of a best-of-3
|t:|1756379764
|gametype|doubles
|player|p1|inoshikacho2|169|1322
|player|p2|Frakub|acetrainer-gen4dp|1234
|gen|9
|tier|[Gen 9] VGC 2025 Reg H (Bo3)
|rated|
|rule|Species Clause: Limit one of each Pokémon
|rule|Item Clause: Limit 1 of each item
|clearpoke
|poke|p1|Pelipper, L50, F|
|poke|p1|Archaludon, L50, M|
|poke|p1|Sinistcha, L50|
|poke|p1|Ursaluna, L50, F|
|poke|p1|Dragonite, L50, F|
|poke|p1|Incineroar, L50, M|
|poke|p2|Kingambit, L50, M|
|poke|p2|Rillaboom, L50, F|
|poke|p2|Ninetales-Alola, L50, M|
|poke|p2|Dragonite, L50, F|
|poke|p2|Magmar, L50, F|
|poke|p2|Sneasler, L50, F|
|teampreview|4
|showteam|p1|Pelipper||FocusSash|Drizzle|MuddyWater,Hurricane,Protect,Tailwind|||F|||50|,,,,,Ground]Archaludon||AssaultVest|Stamina|FlashCannon,BodyPress,ElectroShot,Snarl|||M|||50|,,,,,Bug]Sinistcha||SitrusBerry|Hospitality|MatchaGotcha,LifeDew,RagePowder,TrickRoom||||||50|,,,,,Dark]Ursaluna||FlameOrb|Guts|Protect,Facade,HeadlongRush,Earthquake|||F|||50|,,,,,Ghost]Dragonite||LoadedDice|Multiscale|Protect,ScaleShot,Haze,Tailwind|||F|||50|,,,,,Fairy]Incineroar||SafetyGoggles|Intimidate|FakeOut,PartingShot,KnockOff,FlareBlitz|||M|||50|,,,,,Ghost
|showteam|p2|Kingambit||BlackGlasses|Defiant|KowtowCleave,SuckerPunch,SwordsDance,Protect|||M|||50|,,,,,Dark]Rillaboom||AssaultVest|GrassySurge|WoodHammer,GrassyGlide,HighHorsepower,FakeOut|||F|||50|,,,,,Fire]Ninetales-Alola||LightClay|SnowWarning|Blizzard,FreezeDry,Protect,AuroraVeil|||M|||50|,,,,,Ghost]Dragonite||LoadedDice|Multiscale|ScaleShot,ExtremeSpeed,Haze,Protect|||F|||50|,,,,,Steel]Magmar||Eviolite|VitalSpirit|Taunt,Overheat,FollowMe,Protect|||F|||50|,,,,,Ghost]Sneasler||FocusSash|PoisonTouch|FakeOut,DireClaw,CloseCombat,Protect|||F|||50|,,,,,Ghost
|inactive|Battle timer is ON: inactive players will automatically lose when time's up. (requested by Frakub)
|
|t:|1756379791
|teamsize|p1|4
|teamsize|p2|4
|start
|switch|p1a: Ursaluna|Ursaluna, L50, F|100/100
|switch|p1b: Dragonite|Dragonite, L50, F|100/100
|switch|p2a: Kingambit|Kingambit, L50, M|100/100
|switch|p2b: Sneasler|Sneasler, L50, F|100/100
|turn|1
|inactive|Frakub has 30 seconds left.
|
|t:|1756379819
|switch|p1b: Archaludon|Archaludon, L50, M|100/100
|-terastallize|p2a: Kingambit|Dark
|move|p2b: Sneasler|Fake Out|p1b: Archaludon
|-resisted|p1b: Archaludon
|-damage|p1b: Archaludon|95/100
|-ability|p1b: Archaludon|Stamina|boost
|-boost|p1b: Archaludon|def|1
|move|p1a: Ursaluna|Facade|p2b: Sneasler
|-damage|p2b: Sneasler|28/100
|move|p2a: Kingambit|Kowtow Cleave|p1b: Archaludon
|-damage|p1b: Archaludon|57/100
|-ability|p1b: Archaludon|Stamina|boost
|-boost|p1b: Archaludon|def|1
|
|-status|p1a: Ursaluna|brn|[from] item: Flame Orb
|upkeep
|turn|2
|
|t:|1756379842
|switch|p1a: Dragonite|Dragonite, L50, F|100/100
|-terastallize|p1b: Archaludon|Bug
|move|p2a: Kingambit|Sucker Punch||[still]
|-fail|p2a: Kingambit
|move|p2b: Sneasler|Close Combat|p1a: Dragonite
|-resisted|p1a: Dragonite
|-damage|p1a: Dragonite|84/100
|-unboost|p2b: Sneasler|def|1
|-unboost|p2b: Sneasler|spd|1
|move|p1b: Archaludon|Body Press|p2a: Kingambit
|-supereffective|p2a: Kingambit
|-damage|p2a: Kingambit|33/100
|
|upkeep
|turn|3
|inactive|Frakub has 30 seconds left.
|
|t:|1756379872
|switch|p2a: Magmar|Magmar, L50, F|100/100
|move|p2b: Sneasler|Dire Claw|p1a: Dragonite
|-damage|p1a: Dragonite|35/100
|-status|p1a: Dragonite|psn|[from] ability: Poison Touch|[of] p2b: Sneasler
|move|p1a: Dragonite|Tailwind|p1a: Dragonite
|-sidestart|p1: inoshikacho2|move: Tailwind
|move|p1b: Archaludon|Body Press|p2a: Magmar
|-damage|p2a: Magmar|64/100
|
|-damage|p1a: Dragonite|23/100 psn|[from] psn
|upkeep
|turn|4
|
|t:|1756379896
|move|p2a: Magmar|Protect|p2a: Magmar
|-singleturn|p2a: Magmar|Protect
|move|p1a: Dragonite|Scale Shot|p2b: Sneasler
|-damage|p2b: Sneasler|0 fnt
|faint|p2b: Sneasler
|-hitcount|p2: Sneasler|1
|-unboost|p1a: Dragonite|def|1
|-boost|p1a: Dragonite|spe|1
|move|p1b: Archaludon|Body Press|p2a: Magmar
|-activate|p2a: Magmar|move: Protect
|
|-damage|p1a: Dragonite|11/100 psn|[from] psn
|upkeep
|
|t:|1756379907
|switch|p2b: Ninetales|Ninetales-Alola, L50, M|100/100
|-weather|Snowscape|[from] ability: Snow Warning|[of] p2b: Ninetales
|turn|5
|
|t:|1756379916
|move|p1a: Dragonite|Scale Shot|p2a: Magmar
|-damage|p2a: Magmar|51/100
|-damage|p2a: Magmar|39/100
|-damage|p2a: Magmar|26/100
|-damage|p2a: Magmar|14/100
|-damage|p2a: Magmar|1/100
|-hitcount|p2a: Magmar|5
|-unboost|p1a: Dragonite|def|1
|-boost|p1a: Dragonite|spe|1
|move|p1b: Archaludon|Flash Cannon|p2b: Ninetales
|-supereffective|p2b: Ninetales
|-damage|p2b: Ninetales|0 fnt
|faint|p2b: Ninetales
|move|p2a: Magmar|Overheat|p1b: Archaludon
|-supereffective|p1b: Archaludon
|-damage|p1b: Archaludon|0 fnt
|-unboost|p2a: Magmar|spa|2
|faint|p1b: Archaludon
|
|-weather|Snowscape|[upkeep]
|-damage|p1a: Dragonite|0 fnt|[from] psn
|faint|p1a: Dragonite
|upkeep
|
|t:|1756379929
|switch|p2b: Kingambit|Kingambit, L50, M, tera:Dark|33/100
|switch|p1a: Pelipper|Pelipper, L50, F|100/100
|switch|p1b: Ursaluna|Ursaluna, L50, F|100/100 brn
|-weather|RainDance|[from] ability: Drizzle|[of] p1a: Pelipper
|turn|6
|
|t:|1756379936
|move|p2b: Kingambit|Sucker Punch|p1b: Ursaluna
|-damage|p1b: Ursaluna|47/100 brn
|move|p1a: Pelipper|Muddy Water|p2b: Kingambit|[spread] p2b
|-miss|p1a: Pelipper|p2a: Magmar
|-damage|p2b: Kingambit|0 fnt
|faint|p2b: Kingambit
|move|p1b: Ursaluna|Earthquake|p2a: Magmar|[spread] p2a
|-immune|p1a: Pelipper
|-supereffective|p2a: Magmar
|-damage|p2a: Magmar|0 fnt
|faint|p2a: Magmar
|
|win|inoshikacho2
|raw|inoshikacho2's rating: 1322 → 1337(+15 for winning)
|raw|Frakub's rating: 1234 → 1215(-19 for losing)
|c|☆Frakub|gg
|l|☆inoshikacho2
|player|p1|
