|j|☆Beeetch
|j|☆laufey#1fan
|html|Beeetchlaufey#1fan    
|uhtml|bestof|Game 2 of a best-of-3
|t:|1756898862
|gametype|doubles
|player|p1|Beeetch|beauty-gen4dp|1231
|player|p2|laufey#1fan|lady|1321
|gen|9
|tier|[Gen 9] VGC 2025 Reg H (Bo3)
|rated|
|rule|Species Clause: Limit one of each Pokémon
|rule|Item Clause: Limit 1 of each item
|clearpoke
|poke|p1|Excadrill, L50, F|
|poke|p1|Tyranitar, L50, M|
|poke|p1|Sneasler, L50, F|
|poke|p1|Indeedee, L50, M|
|poke|p1|Corviknight, L50, F|
|poke|p1|Annihilape, L50, M|
|poke|p2|Kingambit, L50, F|
|poke|p2|Ursaluna-Bloodmoon, L50, M|
|poke|p2|Sinistcha, L50|
|poke|p2|Ninetales-Alola, L50, F|
|poke|p2|Sneasler, L50, F|
|poke|p2|Dragonite, L50, M|
|teampreview|4
|showteam|p1|Excadrill||FocusSash|SandRush|IronHead,HighHorsepower,Earthquake,Protect|||F|||50|,,,,,Stellar]Tyranitar||AssaultVest|SandStream|RockSlide,KnockOff,TeraBlast,LowKick|||M|||50|,,,,,Flying]Sneasler||PsychicSeed|Unburden|DireClaw,CloseCombat,ThroatChop,Protect|||F|||50|,,,,,Dark]Indeedee||ChoiceScarf|PsychicSurge|ExpandingForce,TeraBlast,Protect,Trick|||M|||50|,,,,,Psychic]Corviknight||Leftovers|MirrorArmor|BraveBird,BulkUp,Roost,Tailwind|||F|||50|,,,,,Dragon]Annihilape||SafetyGoggles|Defiant|CloseCombat,FinalGambit,RageFist,Taunt|||M|||50|,,,,,Water
|showteam|p2|Kingambit||BlackGlasses|Defiant|KowtowCleave,SwordsDance,SuckerPunch,Protect|||F|||50|,,,,,Fire]Ursaluna-Bloodmoon||AssaultVest|MindsEye|BloodMoon,EarthPower,HyperVoice,VacuumWave|||M|||50|,,,,,Water]Sinistcha||SitrusBerry|Hospitality|Protect,MatchaGotcha,TrickRoom,RagePowder||||||50|,,,,,Water]Ninetales-Alola||ChoiceSpecs|SnowWarning|Blizzard,Moonblast,FreezeDry,DazzlingGleam|||F|||50|,,,,,Ghost]Sneasler||FocusSash|Unburden|CloseCombat,DireClaw,Coaching,FakeOut|||F|||50|,,,,,Ghost]Dragonite||LoadedDice|Multiscale|Protect,ScaleShot,StompingTantrum,Haze|||M|||50|,,,,,Fairy
|inactive|Battle timer is ON: inactive players will automatically lose when time's up. (requested by laufey#1fan)
|
|t:|1756898894
|teamsize|p1|4
|teamsize|p2|4
|start
|switch|p1a: Tyranitar|Tyranitar, L50, M, shiny|100/100
|switch|p1b: Indeedee|Indeedee, L50, M, shiny|100/100
|switch|p2a: Kingambit|Kingambit, L50, F|100/100
|switch|p2b: Mr.Eclectic|Sinistcha, L50|100/100
|-fieldstart|move: Psychic Terrain|[from] ability: Psychic Surge|[of] p1b: Indeedee
|-weather|Sandstorm|[from] ability: Sand Stream|[of] p1a: Tyranitar
|turn|1
|inactive|laufey#1fan has 30 seconds left.
|inactive|laufey#1fan has 20 seconds left.
|inactive|laufey#1fan has 15 seconds left.
|inactive|laufey#1fan has 10 seconds left.
|
|t:|1756898942
|move|p2a: Kingambit|Protect|p2a: Kingambit
|-singleturn|p2a: Kingambit|Protect
|move|p1b: Indeedee|Trick|p2b: Mr.Eclectic
|-activate|p1b: Indeedee|move: Trick|[of] p2b: Mr.Eclectic
|-item|p2b: Mr.Eclectic|Choice Scarf|[from] move: Trick
|-item|p1b: Indeedee|Sitrus Berry|[from] move: Trick
|move|p1a: Tyranitar|Low Kick|p2a: Kingambit
|-activate|p2a: Kingambit|move: Protect
|move|p2b: Mr.Eclectic|Trick Room|p2b: Mr.Eclectic
|-fieldstart|move: Trick Room|[of] p2b: Mr.Eclectic
|
|-weather|Sandstorm|[upkeep]
|-damage|p2b: Mr.Eclectic|94/100|[from] Sandstorm
|-damage|p1b: Indeedee|95/100|[from] Sandstorm
|upkeep
|turn|2
|inactive|Beeetch has 30 seconds left.
|
|t:|1756898971
|switch|p2b: Ursaluna|Ursaluna-Bloodmoon, L50, M|100/100
|switch|p1b: Corviknight|Corviknight, L50, F|100/100
|-terastallize|p2a: Kingambit|Fire
|move|p2a: Kingambit|Kowtow Cleave|p1b: Corviknight
|-damage|p1b: Corviknight|49/100
|move|p1a: Tyranitar|Low Kick|p2b: Ursaluna
|-supereffective|p2b: Ursaluna
|-damage|p2b: Ursaluna|35/100
|
|-weather|Sandstorm|[upkeep]
|-damage|p2a: Kingambit|95/100|[from] Sandstorm
|-heal|p1b: Corviknight|55/100|[from] item: Leftovers
|upkeep
|turn|3
|inactive|Beeetch has 30 seconds left.
|inactive|Beeetch has 20 seconds left.
|inactive|Beeetch has 15 seconds left.
|
|t:|1756899012
|-terastallize|p1a: Tyranitar|Flying
|move|p2b: Ursaluna|Hyper Voice|p1a: Tyranitar|[spread] p1a,p1b
|-resisted|p1b: Corviknight
|-damage|p1a: Tyranitar|78/100
|-damage|p1b: Corviknight|40/100
|move|p2a: Kingambit|Kowtow Cleave|p1b: Corviknight
|-damage|p1b: Corviknight|0 fnt
|faint|p1b: Corviknight
|move|p1a: Tyranitar|Rock Slide|p2b: Ursaluna|[spread] p2a
|-miss|p1a: Tyranitar|p2b: Ursaluna
|-supereffective|p2a: Kingambit
|-damage|p2a: Kingambit|44/100
|
|-weather|Sandstorm|[upkeep]
|-damage|p2a: Kingambit|39/100|[from] Sandstorm
|-damage|p1a: Tyranitar|72/100|[from] Sandstorm
|upkeep
|
|t:|1756899033
|switch|p1b: Indeedee|Indeedee, L50, M, shiny|95/100
|turn|4
|
|t:|1756899057
|switch|p2a: Mr.Eclectic|Sinistcha, L50|94/100
|-heal|p2b: Ursaluna|60/100|[from] ability: Hospitality|[of] p2a: Mr.Eclectic
|move|p2b: Ursaluna|Blood Moon|p1a: Tyranitar
|-damage|p1a: Tyranitar|21/100
|move|p1a: Tyranitar|Rock Slide|p2a: Mr.Eclectic|[spread] p2a
|-miss|p1a: Tyranitar|p2b: Ursaluna
|-damage|p2a: Mr.Eclectic|65/100
|move|p1b: Indeedee|Expanding Force|p2a: Mr.Eclectic|[spread] p2a,p2b
|-damage|p2a: Mr.Eclectic|14/100
|-damage|p2b: Ursaluna|19/100
|
|-weather|Sandstorm|[upkeep]
|-damage|p1a: Tyranitar|15/100|[from] Sandstorm
|-damage|p2a: Mr.Eclectic|8/100|[from] Sandstorm
|-damage|p1b: Indeedee|89/100|[from] Sandstorm
|upkeep
|turn|5
|inactive|laufey#1fan has 30 seconds left.
|inactive|laufey#1fan has 20 seconds left.
|inactive|Beeetch has 30 seconds left.
|inactive|laufey#1fan has 15 seconds left.
|inactive|laufey#1fan has 10 seconds left.
|inactive|Beeetch has 20 seconds left.
|
|t:|1756899110
|switch|p2a: Sabotage|Sneasler, L50, F|100/100
|switch|p1b: Sneasler|Sneasler, L50, F, shiny|100/100
|-enditem|p1b: Sneasler|Psychic Seed
|-boost|p1b: Sneasler|spd|1|[from] item: Psychic Seed
|move|p2b: Ursaluna|Hyper Voice|p1b: Sneasler|[spread] p1a,p1b
|-damage|p1a: Tyranitar|0 fnt
|-damage|p1b: Sneasler|66/100
|faint|p1a: Tyranitar
|
|-weather|none
|-fieldend|move: Trick Room
|-fieldend|move: Psychic Terrain
|upkeep
|
|t:|1756899119
|switch|p1a: Indeedee|Indeedee, L50, M, shiny|89/100
|-fieldstart|move: Psychic Terrain|[from] ability: Psychic Surge|[of] p1a: Indeedee
|turn|6
|
|t:|1756899135
|move|p1b: Sneasler|Dire Claw|p2a: Sabotage
|-resisted|p2a: Sabotage
|-damage|p2a: Sabotage|63/100
|move|p2a: Sabotage|Dire Claw|p1a: Indeedee
|-damage|p1a: Indeedee|3/100
|-enditem|p1a: Indeedee|Sitrus Berry|[eat]
|-heal|p1a: Indeedee|28/100|[from] item: Sitrus Berry
|move|p1a: Indeedee|Expanding Force|p2b: Ursaluna|[spread] p2a,p2b
|-supereffective|p2a: Sabotage
|-damage|p2a: Sabotage|0 fnt
|-damage|p2b: Ursaluna|0 fnt
|faint|p2a: Sabotage
|faint|p2b: Ursaluna
|
|upkeep
|
|t:|1756899146
|switch|p2a: Kingambit|Kingambit, L50, F, tera:Fire|39/100
|switch|p2b: Mr.Eclectic|Sinistcha, L50|8/100
|-heal|p2a: Kingambit|63/100|[from] ability: Hospitality|[of] p2b: Mr.Eclectic
|turn|7
|
|t:|1756899166
|move|p2b: Mr.Eclectic|Rage Powder|p2b: Mr.Eclectic
|-singleturn|p2b: Mr.Eclectic|move: Rage Powder
|move|p1b: Sneasler|Dire Claw|p2b: Mr.Eclectic
|-damage|p2b: Mr.Eclectic|0 fnt
|faint|p2b: Mr.Eclectic
|move|p1a: Indeedee|Expanding Force|p2a: Kingambit
|-damage|p2a: Kingambit|0 fnt
|faint|p2a: Kingambit
|
|win|Beeetch
|raw|Beeetch's rating: 1231 → 1262(+31 for winning)
|raw|laufey#1fan's rating: 1321 → 1296(-25 for losing)
