|j|☆KMMULLER2020
|j|☆durugista
|html|KMMULLER2020durugista    
|uhtml|bestof|Game 2 of a best-of-3
|t:|1785837208
|gametype|doubles
|player|p1|KMMULLER2020|nate|1192
|player|p2|durugista|102|1212
|gen|9
|tier|[Gen 9 Champions] VGC 2026 Reg M-B (Bo3)
|rated|
|rule|Species Clause: Limit one of each Pokémon
|rule|Item Clause: Limit 1 of each item
|clearpoke
|poke|p1|Raichu, L50, M|
|poke|p1|Incineroar, L50, M|
|poke|p1|Palafin, L50, F|
|poke|p1|Sinistcha, L50|
|poke|p1|Clefable, L50, F|
|poke|p1|Sneasler, L50, M|
|poke|p2|Charizard, L50, M|
|poke|p2|Glimmora, L50, M|
|poke|p2|Whimsicott, L50, F|
|poke|p2|Ninetales-Alola, L50, F|
|poke|p2|Kingambit, L50, M|
|poke|p2|Kommo-o, L50, M|
|teampreview|4
|showteam|p1|Raichu||RaichuniteY|Static|Protect,FakeOut,ZapCannon,FocusBlast|Timid||M|||50|]Incineroar||SitrusBerry|Intimidate|FakeOut,PartingShot,FlareBlitz,ThroatChop|Impish||M|||50|]Palafin||Leftovers|ZerotoHero|Protect,BulkUp,Liquidation,JetPunch|Jolly||F|||50|]Sinistcha||FocusSash|Hospitality|Protect,RagePowder,LeafStorm,ShadowBall|Modest|||||50|]Clefable||LifeOrb|Unaware|Protect,FollowMe,Moonblast,Flamethrower|Modest||F|||50|]Sneasler||WhiteHerb|Unburden|Protect,SwordsDance,DireClaw,CloseCombat|Jolly||M|||50|
|showteam|p2|Charizard||CharizarditeY|Blaze|HeatWave,WeatherBall,SolarBeam,Protect|Modest||M|||50|]Glimmora||Glimmoranite|ToxicDebris|SludgeBomb,PowerGem,EarthPower,SpikyShield|Modest||M|||50|]Whimsicott||FocusSash|Prankster|Moonblast,Tailwind,Encore,Protect|Timid||F|||50|]Ninetales-Alola||NeverMeltIce|SnowWarning|Blizzard,FreezeDry,Disable,Protect|Timid||F|||50|]Kingambit||BlackGlasses|Defiant|KowtowCleave,SuckerPunch,IronHead,Protect|Adamant||M|||50|]Kommo-o||LifeOrb|Overcoat|ClangingScales,AuraSphere,VacuumWave,Protect|Modest||M|||50|
|inactive|Battle timer is ON: inactive players will automatically lose when time's up. (requested by durugista)
|inactive|KMMULLER2020 also wants the timer to be on.
|inactive|KMMULLER2020 has 60 seconds left.
|inactive|KMMULLER2020 has 30 seconds left.
|inactive|KMMULLER2020 has 20 seconds left.
|inactive|KMMULLER2020 has 15 seconds left.
|inactive|KMMULLER2020 has 10 seconds left.
|
|t:|1785837289
|teamsize|p1|4
|teamsize|p2|4
|start
|switch|p1a: Sneasler|Sneasler, L50, M|100/100
|switch|p1b: Incineroar|Incineroar, L50, M|100/100
|switch|p2a: Glimmora|Glimmora, L50, M|100/100
|switch|p2b: Whimsicott|Whimsicott, L50, F|100/100
|-ability|p1b: Incineroar|Intimidate|boost
|-unboost|p2a: Glimmora|atk|1
|-unboost|p2b: Whimsicott|atk|1
|turn|1
|inactive|KMMULLER2020 has 30 seconds left.
|
|t:|1785837321
|detailschange|p2a: Glimmora|Glimmora-Mega, L50, M
|-mega|p2a: Glimmora|Glimmora|Glimmoranite
|move|p1b: Incineroar|Fake Out|p2a: Glimmora
|-resisted|p2a: Glimmora|1
|-damage|p2a: Glimmora|94/100
|move|p2b: Whimsicott|Tailwind|p2b: Whimsicott
|-sidestart|p2: durugista|move: Tailwind
|cant|p2a: Glimmora|flinch
|move|p1a: Sneasler|Close Combat|p2a: Glimmora
|-damage|p2a: Glimmora|30/100
|-unboost|p1a: Sneasler|def|1
|-unboost|p1a: Sneasler|spd|1
|-enditem|p1a: Sneasler|White Herb
|-clearnegativeboost|p1a: Sneasler|[silent]
|
|upkeep
|turn|2
|inactive|durugista has 30 seconds left.
|
|t:|1785837349
|move|p2a: Glimmora|Spiky Shield|p2a: Glimmora
|-singleturn|p2a: Glimmora|move: Protect
|move|p1a: Sneasler|Close Combat|p2a: Glimmora
|-activate|p2a: Glimmora|move: Protect
|-damage|p1a: Sneasler|87/100|[from] Spiky Shield|[of] p2a: Glimmora
|move|p2b: Whimsicott|Moonblast|p1a: Sneasler
|-damage|p1a: Sneasler|43/100
|move|p1b: Incineroar|Parting Shot|p2b: Whimsicott
|-unboost|p2b: Whimsicott|atk|1
|-unboost|p2b: Whimsicott|spa|1
|
|t:|1785837362
|switch|p1b: Raichu|Raichu, L50, M|100/100|[from] Parting Shot
|
|upkeep
|turn|3
|
|t:|1785837378
|switch|p2a: Ninetales|Ninetales-Alola, L50, F|100/100
|-weather|Snowscape|[from] ability: Snow Warning|[of] p2a: Ninetales
|switch|p1b: Incineroar|Incineroar, L50, M|100/100
|-ability|p1b: Incineroar|Intimidate|boost
|-unboost|p2a: Ninetales|atk|1
|-unboost|p2b: Whimsicott|atk|1
|move|p2b: Whimsicott|Encore|p1b: Incineroar
|-hint|Since gen 7, Dark is immune to Prankster moves.
|-immune|p1b: Incineroar
|move|p1a: Sneasler|Close Combat|p2a: Ninetales
|-damage|p2a: Ninetales|42/100
|-unboost|p1a: Sneasler|def|1
|-unboost|p1a: Sneasler|spd|1
|
|-weather|Snowscape|[upkeep]
|upkeep
|turn|4
|inactive|KMMULLER2020 has 30 seconds left.
|inactive|KMMULLER2020 has 20 seconds left.
|
|t:|1785837416
|switch|p1b: Raichu|Raichu, L50, M|100/100
|move|p2b: Whimsicott|Encore|p1a: Sneasler
|-start|p1a: Sneasler|Encore
|move|p1a: Sneasler|Close Combat|p2a: Ninetales
|-damage|p2a: Ninetales|0 fnt
|-unboost|p1a: Sneasler|def|1
|-unboost|p1a: Sneasler|spd|1
|faint|p2a: Ninetales
|
|-weather|Snowscape|[upkeep]
|-sideend|p2: durugista|move: Tailwind
|upkeep
|
|t:|1785837424
|switch|p2a: Kommo-o|Kommo-o, L50, M|100/100
|turn|5
|inactive|KMMULLER2020 has 30 seconds left.
|inactive|KMMULLER2020 has 20 seconds left.
|
|t:|1785837459
|switch|p1b: Clefable|Clefable, L50, F|100/100
|move|p2b: Whimsicott|Encore||[still]
|-fail|p2b: Whimsicott
|move|p2a: Kommo-o|Vacuum Wave|p1a: Sneasler
|-resisted|p1a: Sneasler|1
|-damage|p1a: Sneasler|7/100
|-damage|p2a: Kommo-o|90/100|[from] item: Life Orb
|move|p1a: Sneasler|Close Combat|p2a: Kommo-o
|-damage|p2a: Kommo-o|22/100
|-unboost|p1a: Sneasler|def|1
|-unboost|p1a: Sneasler|spd|1
|
|-weather|Snowscape|[upkeep]
|upkeep
|turn|6
|
|t:|1785837480
|switch|p2b: Glimmora|Glimmora-Mega, L50, M|30/100
|move|p2a: Kommo-o|Vacuum Wave|p1a: Sneasler
|-resisted|p1a: Sneasler|1
|-damage|p1a: Sneasler|0 fnt
|faint|p1a: Sneasler
|-damage|p2a: Kommo-o|12/100|[from] item: Life Orb
|move|p1b: Clefable|Moonblast|p2b: Glimmora
|-resisted|p2b: Glimmora|1
|-damage|p2b: Glimmora|0 fnt
|faint|p2b: Glimmora
|-damage|p1b: Clefable|90/100|[from] item: Life Orb
|
|-weather|Snowscape|[upkeep]
|upkeep
|
|t:|1785837493
|switch|p1a: Raichu|Raichu, L50, M|100/100
|switch|p2b: Whimsicott|Whimsicott, L50, F|100/100
|turn|7
|
|t:|1785837500
|switch|p1a: Incineroar|Incineroar, L50, M|100/100
|-ability|p1a: Incineroar|Intimidate|boost
|-unboost|p2a: Kommo-o|atk|1
|-unboost|p2b: Whimsicott|atk|1
|move|p2b: Whimsicott|Moonblast|p1b: Clefable
|-damage|p1b: Clefable|53/100
|move|p2a: Kommo-o|Clanging Scales|p1a: Incineroar|[spread] p1a
|-immune|p1b: Clefable
|-damage|p1a: Incineroar|52/100
|-unboost|p2a: Kommo-o|def|1
|-damage|p2a: Kommo-o|2/100|[from] item: Life Orb
|move|p1b: Clefable|Moonblast|p2a: Kommo-o
|-supereffective|p2a: Kommo-o|2
|-damage|p2a: Kommo-o|0 fnt
|faint|p2a: Kommo-o
|-damage|p1b: Clefable|44/100|[from] item: Life Orb
|
|-weather|none
|upkeep
|turn|8
|
|t:|1785837519
|move|p2b: Whimsicott|Moonblast|p1b: Clefable
|-damage|p1b: Clefable|9/100
|move|p1a: Incineroar|Flare Blitz|p2b: Whimsicott
|-supereffective|p2b: Whimsicott|1
|-enditem|p2b: Whimsicott|Focus Sash
|-damage|p2b: Whimsicott|1/100
|-damage|p1a: Incineroar|30/100|[from] Recoil
|-enditem|p1a: Incineroar|Sitrus Berry|[eat]
|-heal|p1a: Incineroar|55/100|[from] item: Sitrus Berry
|move|p1b: Clefable|Moonblast|p2b: Whimsicott
|-damage|p2b: Whimsicott|0 fnt
|faint|p2b: Whimsicott
|-damage|p1b: Clefable|0 fnt|[from] item: Life Orb
|faint|p1b: Clefable
|
|win|KMMULLER2020
|raw|KMMULLER2020's rating: 1192 → 1218(+26 for winning)
|raw|durugista's rating: 1212 → 1186(-26 for losing)
|c|☆KMMULLER2020|gg
|c|☆durugista|gg
|c|☆durugista|you're good
|c|☆KMMULLER2020|you too!
|l|☆durugista
|player|p2|
