|j|☆SandroSSB
|j|☆Sir AaronVGC
|html|SandroSSBSir AaronVGC    
|uhtml|bestof|Game 2 of a best-of-3
|t:|1783541106
|gametype|doubles
|player|p1|SandroSSB|brycen|
|player|p2|Sir AaronVGC|#smogonxnpa2026draftee2|
|gen|9
|tier|[Gen 9 Champions] VGC 2026 Reg M-B (Bo3)
|rule|Species Clause: Limit one of each Pokémon
|rule|Item Clause: Limit 1 of each item
|clearpoke
|poke|p1|Metagross, L50, shiny|
|poke|p1|Lycanroc-Dusk, L50, F|
|poke|p1|Hydreigon, L50, M|
|poke|p1|Whimsicott, L50, F, shiny|
|poke|p1|Floette-Eternal, L50, F|
|poke|p1|Incineroar, L50, M|
|poke|p2|Aerodactyl, L50, F, shiny|
|poke|p2|Sneasler, L50, M, shiny|
|poke|p2|Froslass, L50, F|
|poke|p2|Tsareena, L50, F, shiny|
|poke|p2|Kingambit, L50, F|
|poke|p2|Basculegion, L50, M|
|teampreview|4
|showteam|p1|Metagross||Metagrossite|ClearBody|IronHead,PsychicFangs,StompingTantrum,Protect|Jolly|||||50|]Lycanroc-Dusk||FocusSash|ToughClaws|RockSlide,Accelerock,CloseCombat,Protect|Adamant||F|||50|]Hydreigon||LifeOrb|Levitate|DarkPulse,DracoMeteor,EarthPower,Protect|Modest||M|||50|]Whimsicott||FairyFeather|Prankster|Moonblast,Tailwind,Encore,Protect|Timid||F|||50|]Floette-Eternal||Floettite|FlowerVeil|Moonblast,DazzlingGleam,LightofRuin,Protect|Modest||F|||50|]Incineroar||SitrusBerry|Intimidate|FakeOut,FlareBlitz,DarkestLariat,PartingShot|Adamant||M|||50|
|showteam|p2|Aerodactyl||Aerodactylite|Unnerve|RockSlide,DualWingbeat,Tailwind,Protect|Jolly||F|||50|]Sneasler||LifeOrb|PoisonTouch|DireClaw,CloseCombat,FakeOut,Protect|Adamant||M|||50|]Froslass||Froslassite|SnowCloak|Blizzard,ShadowBall,DestinyBond,Protect|Timid||F|||50|]Tsareena||WideLens|QueenlyMajesty|PowerWhip,LowKick,TripleAxel,HelpingHand|Adamant||F|||50|]Kingambit||BlackGlasses|Defiant|KowtowCleave,SuckerPunch,SwordsDance,Protect|Adamant||F|||50|]Basculegion||FocusSash|Adaptability|Liquidation,LastRespects,AquaJet,Protect|Adamant||M|||50|
|inactive|Battle timer is ON: inactive players will automatically lose when time's up. (requested by SandroSSB)
|
|t:|1783541128
|teamsize|p1|4
|teamsize|p2|4
|start
|switch|p1a: Whimsicott|Whimsicott, L50, F, shiny|100/100
|switch|p1b: Floette|Floette-Eternal, L50, F|100/100
|switch|p2a: Robespierre|Kingambit, L50, F|100/100
|switch|p2b: Longclaw|Sneasler, L50, M, shiny|100/100
|turn|1
|
|t:|1783541141
|detailschange|p1b: Floette|Floette-Mega, L50, F
|-mega|p1b: Floette|Floette|Floettite
|-ability|p1b: Floette|Fairy Aura
|move|p2b: Longclaw|Fake Out|p1b: Floette
|-damage|p1b: Floette|73/100
|-damage|p2b: Longclaw|90/100|[from] item: Life Orb
|move|p1a: Whimsicott|Tailwind|p1a: Whimsicott
|-sidestart|p1: SandroSSB|move: Tailwind
|cant|p1b: Floette|flinch
|move|p2a: Robespierre|Swords Dance|p2a: Robespierre
|-boost|p2a: Robespierre|atk|2
|
|upkeep
|turn|2
|
|t:|1783541154
|switch|p2b: Houndfish|Basculegion, L50, M|100/100
|move|p2a: Robespierre|Protect|p2a: Robespierre
|-singleturn|p2a: Robespierre|Protect
|move|p1a: Whimsicott|Moonblast|p2a: Robespierre
|-activate|p2a: Robespierre|move: Protect
|move|p1b: Floette|Moonblast|p2b: Houndfish
|-damage|p2b: Houndfish|1/100
|
|upkeep
|turn|3
|
|t:|1783541168
|move|p2b: Houndfish|Aqua Jet|p1b: Floette
|-damage|p1b: Floette|35/100
|move|p2a: Robespierre|Sucker Punch|p1b: Floette
|-resisted|p1b: Floette|1
|-damage|p1b: Floette|0 fnt
|faint|p1b: Floette
|move|p1a: Whimsicott|Moonblast|p2a: Robespierre
|-damage|p2a: Robespierre|58/100
|
|upkeep
|
|t:|1783541172
|switch|p1b: Hydreigon|Hydreigon, L50, M|100/100
|turn|4
|inactive|Sir AaronVGC has 30 seconds left.
|
|t:|1783541199
|switch|p2b: Longclaw|Sneasler, L50, M, shiny|90/100
|move|p2a: Robespierre|Protect|p2a: Robespierre
|-singleturn|p2a: Robespierre|Protect
|move|p1a: Whimsicott|Moonblast|p2b: Longclaw
|-damage|p2b: Longclaw|30/100
|move|p1b: Hydreigon|Earth Power|p2a: Robespierre
|-activate|p2a: Robespierre|move: Protect
|
|-sideend|p1: SandroSSB|move: Tailwind
|upkeep
|turn|5
|
|t:|1783541220
|move|p1b: Hydreigon|Protect|p1b: Hydreigon
|-singleturn|p1b: Hydreigon|Protect
|move|p2b: Longclaw|Fake Out|p1a: Whimsicott
|-damage|p1a: Whimsicott|73/100
|-damage|p2b: Longclaw|20/100y|[from] item: Life Orb
|cant|p1a: Whimsicott|flinch
|move|p2a: Robespierre|Swords Dance|p2a: Robespierre
|-boost|p2a: Robespierre|atk|2
|
|upkeep
|turn|6
|
|t:|1783541236
|switch|p2b: Houndfish|Basculegion, L50, M|1/100
|move|p2a: Robespierre|Protect|p2a: Robespierre
|-singleturn|p2a: Robespierre|Protect
|move|p1a: Whimsicott|Encore||[still]
|-fail|p1a: Whimsicott
|move|p1b: Hydreigon|Earth Power|p2a: Robespierre
|-activate|p2a: Robespierre|move: Protect
|
|upkeep
|turn|7
|inactive|SandroSSB has 30 seconds left.
|
|t:|1783541270
|move|p1b: Hydreigon|Protect|p1b: Hydreigon
|-singleturn|p1b: Hydreigon|Protect
|move|p2b: Houndfish|Aqua Jet|p1b: Hydreigon
|-activate|p1b: Hydreigon|move: Protect
|move|p2a: Robespierre|Sucker Punch||[still]
|-fail|p2a: Robespierre
|move|p1a: Whimsicott|Moonblast|p2a: Robespierre
|-damage|p2a: Robespierre|15/100
|
|upkeep
|turn|8
|inactive|SandroSSB has 30 seconds left.
|inactive|SandroSSB has 20 seconds left.
|
|t:|1783541307
|move|p1b: Hydreigon|Protect||[still]
|-fail|p1b: Hydreigon
|move|p2b: Houndfish|Aqua Jet|p1a: Whimsicott
|-resisted|p1a: Whimsicott|1
|-damage|p1a: Whimsicott|53/100
|move|p2a: Robespierre|Sucker Punch|p1a: Whimsicott
|-resisted|p1a: Whimsicott|1
|-damage|p1a: Whimsicott|0 fnt
|faint|p1a: Whimsicott
|
|upkeep
|
|t:|1783541312
|switch|p1a: Incineroar|Incineroar, L50, M|100/100
|-ability|p1a: Incineroar|Intimidate|boost
|-unboost|p2a: Robespierre|atk|1
|-ability|p2a: Robespierre|Defiant|boost
|-boost|p2a: Robespierre|atk|2
|-unboost|p2b: Houndfish|atk|1
|turn|9
|
|t:|1783541335
|switch|p2b: Longclaw|Sneasler, L50, M, shiny|20/100y
|move|p1b: Hydreigon|Protect|p1b: Hydreigon
|-singleturn|p1b: Hydreigon|Protect
|move|p2a: Robespierre|Protect|p2a: Robespierre
|-singleturn|p2a: Robespierre|Protect
|move|p1a: Incineroar|Flare Blitz|p2a: Robespierre
|-activate|p2a: Robespierre|move: Protect
|
|upkeep
|turn|10
|c|☆Sir AaronVGC|ggs
|
|t:|1783541352
|move|p1b: Hydreigon|Protect||[still]
|-fail|p1b: Hydreigon
|move|p2a: Robespierre|Sucker Punch||[still]
|-fail|p2a: Robespierre
|move|p2b: Longclaw|Close Combat|p1a: Incineroar
|-supereffective|p1a: Incineroar|1
|-damage|p1a: Incineroar|0 fnt
|-unboost|p2b: Longclaw|def|1
|-unboost|p2b: Longclaw|spd|1
|faint|p1a: Incineroar
|-damage|p2b: Longclaw|11/100|[from] item: Life Orb
|
|upkeep
|turn|11
|c|☆SandroSSB|ggs
|
|t:|1783541363
|move|p2a: Robespierre|Sucker Punch|p1b: Hydreigon
|-resisted|p1b: Hydreigon|1
|-damage|p1b: Hydreigon|7/100
|move|p2b: Longclaw|Close Combat|p1b: Hydreigon
|-supereffective|p1b: Hydreigon|1
|-damage|p1b: Hydreigon|0 fnt
|-unboost|p2b: Longclaw|def|1
|-unboost|p2b: Longclaw|spd|1
|faint|p1b: Hydreigon
|-damage|p2b: Longclaw|1/100|[from] item: Life Orb
|
|win|Sir AaronVGC
