|j|☆Keeper08
|j|☆Cococamps
|html|Keeper08Cococamps    
|uhtml|bestof|Game 1 of a best-of-3
|t:|1757935350
|gametype|doubles
|player|p1|Keeper08|lance|1114
|player|p2|Cococamps|169|1117
|gen|9
|tier|[Gen 9] VGC 2025 Reg H (Bo3)
|rated|
|rule|Species Clause: Limit one of each Pokémon
|rule|Item Clause: Limit 1 of each item
|clearpoke
|poke|p1|Rillaboom, L50, M|
|poke|p1|Volcarona, L50, F|
|poke|p1|Archaludon, L50, M|
|poke|p1|Mandibuzz, L50, F|
|poke|p1|Krookodile, L50, F|
|poke|p1|Amoonguss, L50, F|
|poke|p2|Annihilape, L50, M|
|poke|p2|Dragonite, L50, M|
|poke|p2|Incineroar, L50, F|
|poke|p2|Gholdengo, L50|
|poke|p2|Porygon2, L50|
|poke|p2|Ursaluna, L50, F|
|teampreview|4
|showteam|p1|Rillaboom||AssaultVest|GrassySurge|FakeOut,WoodHammer,GrassyGlide,HighHorsepower|||M|||50|,,,,,Ground]Volcarona||SafetyGoggles|FlameBody|HeatWave,BugBuzz,QuiverDance,Protect|||F|||50|,,,,,Water]Archaludon||Leftovers|Stamina|DracoMeteor,FlashCannon,ElectroShot,BodyPress|||M|||50|,,,,,Fairy]Mandibuzz||RockyHelmet|Overcoat|Tailwind,Toxic,Roost,KnockOff|||F|||50|,,,,,Poison]Krookodile||ChoiceBand|Intimidate|KnockOff,Earthquake,CloseCombat,DragonClaw|||F|||50|,,,,,Grass]Amoonguss|||Regenerator|RagePowder,Spore,Protect,PollenPuff|||F|||50|,,,,,Fire
|showteam|p2|Annihilape||FocusSash|Defiant|CloseCombat,RageFist,Coaching,Taunt|||M|||50|,,,,,Stellar]Dragonite||LoadedDice|Multiscale|ScaleShot,Tailwind,Haze,Protect|||M|||50|,,,,,Fairy]Incineroar||SafetyGoggles|Intimidate|FakeOut,FlareBlitz,KnockOff,PartingShot|||F|||50|,,,,,Ghost]Gholdengo||LifeOrb|GoodasGold|Protect,NastyPlot,ShadowBall,MakeItRain||||||50|,,,,,Water]Porygon2||Eviolite|Download|Recover,TeraBlast,IceBeam,TrickRoom||||||50|,,,,,Fighting]Ursaluna||FlameOrb|Guts|Protect,Earthquake,HeadlongRush,Facade|||F|||50|,,,,,Ghost
|inactive|Battle timer is ON: inactive players will automatically lose when time's up. (requested by Keeper08)
|
|t:|1757935395
|teamsize|p1|4
|teamsize|p2|4
|start
|switch|p1a: Krookodile|Krookodile, L50, F, shiny|100/100
|switch|p1b: Archaludon|Archaludon, L50, M, shiny|100/100
|switch|p2a: Porygon2|Porygon2, L50|100/100
|switch|p2b: Incineroar|Incineroar, L50, F|100/100
|-ability|p1a: Krookodile|Intimidate|boost
|-unboost|p2a: Porygon2|atk|1
|-unboost|p2b: Incineroar|atk|1
|-ability|p2b: Incineroar|Intimidate|boost
|-unboost|p1a: Krookodile|atk|1
|-unboost|p1b: Archaludon|atk|1
|-ability|p2a: Porygon2|Download|boost
|-boost|p2a: Porygon2|spa|1
|turn|1
|inactive|Keeper08 has 30 seconds left.
|
|t:|1757935421
|switch|p1a: Rillaboom|Rillaboom, L50, M, shiny|100/100
|-fieldstart|move: Grassy Terrain|[from] ability: Grassy Surge|[of] p1a: Rillaboom
|move|p2b: Incineroar|Fake Out|p1a: Rillaboom
|-damage|p1a: Rillaboom|92/100
|move|p1b: Archaludon|Body Press|p2b: Incineroar
|-supereffective|p2b: Incineroar
|-damage|p2b: Incineroar|57/100
|move|p2a: Porygon2|Trick Room|p2a: Porygon2
|-fieldstart|move: Trick Room|[of] p2a: Porygon2
|
|-heal|p2b: Incineroar|63/100|[from] Grassy Terrain
|-heal|p1a: Rillaboom|98/100|[from] Grassy Terrain
|upkeep
|turn|2
|inactive|Keeper08 has 30 seconds left.
|inactive|Keeper08 has 20 seconds left.
|
|t:|1757935457
|switch|p1b: Krookodile|Krookodile, L50, F, shiny|100/100
|-ability|p1b: Krookodile|Intimidate|boost
|-unboost|p2a: Porygon2|atk|1
|-unboost|p2b: Incineroar|atk|1
|move|p1a: Rillaboom|Fake Out|p2a: Porygon2
|-damage|p2a: Porygon2|91/100
|cant|p2a: Porygon2|flinch
|move|p2b: Incineroar|Parting Shot|p1b: Krookodile
|-unboost|p1b: Krookodile|atk|1
|-unboost|p1b: Krookodile|spa|1
|
|t:|1757935470
|switch|p2b: Dragonite|Dragonite, L50, M|100/100|[from] Parting Shot
|
|-heal|p2a: Porygon2|97/100|[from] Grassy Terrain
|-heal|p1a: Rillaboom|100/100|[from] Grassy Terrain
|upkeep
|turn|3
|
|t:|1757935488
|switch|p2b: Incineroar|Incineroar, L50, F|63/100
|-ability|p2b: Incineroar|Intimidate|boost
|-unboost|p1a: Rillaboom|atk|1
|-unboost|p1b: Krookodile|atk|1
|switch|p1b: Archaludon|Archaludon, L50, M, shiny|100/100
|move|p2a: Porygon2|Ice Beam|p1a: Rillaboom
|-supereffective|p1a: Rillaboom
|-damage|p1a: Rillaboom|35/100
|move|p1a: Rillaboom|Wood Hammer|p2a: Porygon2
|-damage|p2a: Porygon2|64/100
|-damage|p1a: Rillaboom|24/100|[from] Recoil
|
|-heal|p2a: Porygon2|70/100|[from] Grassy Terrain
|-heal|p2b: Incineroar|69/100|[from] Grassy Terrain
|-heal|p1a: Rillaboom|30/100|[from] Grassy Terrain
|upkeep
|turn|4
|
|t:|1757935509
|switch|p1a: Krookodile|Krookodile, L50, F, shiny|100/100
|-ability|p1a: Krookodile|Intimidate|boost
|-unboost|p2a: Porygon2|atk|1
|-unboost|p2b: Incineroar|atk|1
|move|p2a: Porygon2|Ice Beam|p1a: Krookodile
|-supereffective|p1a: Krookodile
|-damage|p1a: Krookodile|13/100
|move|p2b: Incineroar|Parting Shot|p1b: Archaludon
|-unboost|p1b: Archaludon|atk|1
|-unboost|p1b: Archaludon|spa|1
|
|t:|1757935518
|switch|p2b: Dragonite|Dragonite, L50, M|100/100|[from] Parting Shot
|move|p1b: Archaludon|Body Press|p2a: Porygon2
|-supereffective|p2a: Porygon2
|-damage|p2a: Porygon2|40/100
|
|-heal|p2a: Porygon2|46/100|[from] Grassy Terrain
|-heal|p1a: Krookodile|19/100|[from] Grassy Terrain
|upkeep
|turn|5
|inactive|Keeper08 has 30 seconds left.
|
|t:|1757935551
|switch|p1b: Rillaboom|Rillaboom, L50, M, shiny|30/100
|switch|p1a: Volcarona|Volcarona, L50, F, shiny|100/100
|move|p2a: Porygon2|Recover|p2a: Porygon2
|-heal|p2a: Porygon2|96/100
|move|p2b: Dragonite|Tailwind|p2b: Dragonite
|-sidestart|p2: Cococamps|move: Tailwind
|
|-heal|p1b: Rillaboom|35/100|[from] Grassy Terrain
|-heal|p2a: Porygon2|100/100|[from] Grassy Terrain
|-fieldend|move: Trick Room
|-fieldend|move: Grassy Terrain
|upkeep
|turn|6
|inactive|Keeper08 has 30 seconds left.
|inactive|Keeper08 has 20 seconds left.
|inactive|Keeper08 has 15 seconds left.
|inactive|Keeper08 has 10 seconds left.
|
|t:|1757935600
|move|p1b: Rillaboom|Fake Out|p2a: Porygon2
|-damage|p2a: Porygon2|92/100
|move|p2b: Dragonite|Scale Shot|p1a: Volcarona
|-damage|p1a: Volcarona|81/100
|-damage|p1a: Volcarona|63/100
|-damage|p1a: Volcarona|44/100
|-damage|p1a: Volcarona|23/100
|-damage|p1a: Volcarona|6/100
|-hitcount|p1a: Volcarona|5
|-unboost|p2b: Dragonite|def|1
|-boost|p2b: Dragonite|spe|1
|cant|p2a: Porygon2|flinch
|move|p1a: Volcarona|Quiver Dance|p1a: Volcarona
|-boost|p1a: Volcarona|spa|1
|-boost|p1a: Volcarona|spd|1
|-boost|p1a: Volcarona|spe|1
|
|upkeep
|turn|7
|
|t:|1757935619
|move|p2b: Dragonite|Scale Shot|p1a: Volcarona
|-damage|p1a: Volcarona|0 fnt
|faint|p1a: Volcarona
|-hitcount|p1: Volcarona|1
|-unboost|p2b: Dragonite|def|1
|-boost|p2b: Dragonite|spe|1
|move|p2a: Porygon2|Tera Blast|p1b: Rillaboom
|-damage|p1b: Rillaboom|0 fnt
|faint|p1b: Rillaboom
|
|upkeep
|
|t:|1757935622
|switch|p1a: Krookodile|Krookodile, L50, F, shiny|19/100
|switch|p1b: Archaludon|Archaludon, L50, M, shiny|100/100
|-ability|p1a: Krookodile|Intimidate|boost
|-unboost|p2a: Porygon2|atk|1
|-unboost|p2b: Dragonite|atk|1
|turn|8
|
|t:|1757935632
|switch|p2b: Incineroar|Incineroar, L50, F|69/100
|-ability|p2b: Incineroar|Intimidate|boost
|-unboost|p1a: Krookodile|atk|1
|-unboost|p1b: Archaludon|atk|1
|move|p2a: Porygon2|Ice Beam|p1a: Krookodile
|-supereffective|p1a: Krookodile
|-damage|p1a: Krookodile|0 fnt
|faint|p1a: Krookodile
|move|p1b: Archaludon|Body Press|p2a: Porygon2
|-supereffective|p2a: Porygon2
|-damage|p2a: Porygon2|61/100
|
|-sideend|p2: Cococamps|move: Tailwind
|upkeep
|turn|9
|-message|Keeper08 forfeited.
|
|win|Cococamps
|l|☆Keeper08
|player|p1|
||Keeper08 is ready for game 2.
||Cococamps is ready for game 2.
|uhtml|next|Next: Game 2 of 3
