|j|☆Divine Monkey King
|j|☆gameboys7531
|html|Divine Monkey Kinggameboys7531    
|uhtml|bestof|Game 2 of a best-of-3
|t:|1783791068
|gametype|doubles
|player|p1|Divine Monkey King|2|1079
|player|p2|gameboys7531|veteran|1044
|gen|9
|tier|[Gen 9 Champions] VGC 2026 Reg M-B (Bo3)
|rated|
|rule|Species Clause: Limit one of each Pokémon
|rule|Item Clause: Limit 1 of each item
|clearpoke
|poke|p1|Tyranitar, L50, M, shiny|
|poke|p1|Aerodactyl, L50, M, shiny|
|poke|p1|Pelipper, L50, M, shiny|
|poke|p1|Basculegion, L50, M, shiny|
|poke|p1|Beedrill, L50, M, shiny|
|poke|p1|Annihilape, L50, M, shiny|
|poke|p2|Raichu, L50, F|
|poke|p2|Jolteon, L50, M, shiny|
|poke|p2|Camerupt, L50, M|
|poke|p2|Farigiraf, L50, M|
|poke|p2|Vanilluxe, L50, M|
|poke|p2|Heliolisk, L50, F|
|teampreview|4
|showteam|p1|Tyranitar||Tyranitarite|SandStream|BrickBreak,KnockOff,Protect,RockSlide|Adamant||M|||50|]Aerodactyl||FocusSash|Unnerve|DualWingbeat,IronHead,Protect,Tailwind|Jolly||M|||50|]Pelipper||WacanBerry|Drizzle|Hurricane,IceBeam,Protect,WeatherBall|Calm||M|||50|]Basculegion||MysticWater|SwiftSwim|AquaJet,FlipTurn,LastRespects,Protect|Adamant||M|||50|]Beedrill||Beedrillite|Sniper|PoisonJab,Protect,Uturn,FellStinger|Jolly||M|||50|]Annihilape||Leftovers|Defiant|BulkUp,DrainPunch,Protect,ThunderPunch|Adamant||M|||50|
|showteam|p2|Raichu||RaichuniteX|LightningRod|FakeOut,VoltTackle,UpperHand,Protect|Jolly||F|||50|]Jolteon||LifeOrb|VoltAbsorb|RisingVoltage,Protect,ShadowBall,WeatherBall|Timid||M|||50|]Camerupt||Cameruptite|SolidRock|HeatWave,EarthPower,AncientPower,Protect|Quiet||M|||50|]Farigiraf||MentalHerb|ArmorTail|TrickRoom,Psychic,HelpingHand,Protect|Quiet||M|||50|]Vanilluxe||ChoiceScarf|SnowWarning|Blizzard,FreezeDry,IcyWind,AuroraVeil|Timid||M|||50|]Heliolisk||FocusSash|DrySkin|GrassKnot,RisingVoltage,Glare,FocusBlast|Modest||F|||50|
|
|t:|1783791084
|teamsize|p1|4
|teamsize|p2|4
|start
|switch|p1a: Tyranitar|Tyranitar, L50, M, shiny|100/100
|switch|p1b: Annihilape|Annihilape, L50, M, shiny|100/100
|switch|p2a: Emma|Raichu, L50, F|100/100
|switch|p2b: Ethan|Jolteon, L50, M, shiny|100/100
|-weather|Sandstorm|[from] ability: Sand Stream|[of] p1a: Tyranitar
|turn|1
|
|t:|1783791102
|detailschange|p2a: Emma|Raichu-Mega-X, L50, F
|-mega|p2a: Emma|Raichu|Raichunite X
|-fieldstart|move: Electric Terrain|[from] ability: Electric Surge|[of] p2a: Emma
|move|p1a: Tyranitar|Protect|p1a: Tyranitar
|-singleturn|p1a: Tyranitar|Protect
|move|p2a: Emma|Fake Out|p1a: Tyranitar
|-activate|p1a: Tyranitar|move: Protect
|move|p2b: Ethan|Rising Voltage|p1b: Annihilape
|-hint|Rising Voltage's BP doubled on grounded target.
|-crit|p1b: Annihilape
|-damage|p1b: Annihilape|0 fnt
|faint|p1b: Annihilape
|-damage|p2b: Ethan|90/100|[from] item: Life Orb
|
|-weather|Sandstorm|[upkeep]
|-damage|p2b: Ethan|84/100|[from] Sandstorm
|-damage|p2a: Emma|94/100|[from] Sandstorm
|upkeep
|
|t:|1783791116
|switch|p1b: Aerodactyl|Aerodactyl, L50, M, shiny|100/100
|-ability|p1b: Aerodactyl|Unnerve
|turn|2
|
|t:|1783791125
|detailschange|p1a: Tyranitar|Tyranitar-Mega, L50, M, shiny
|-mega|p1a: Tyranitar|Tyranitar|Tyranitarite
|move|p2a: Emma|Protect|p2a: Emma
|-singleturn|p2a: Emma|Protect
|move|p2b: Ethan|Rising Voltage|p1a: Tyranitar
|-hint|Rising Voltage's BP doubled on grounded target.
|-damage|p1a: Tyranitar|50/100g
|-damage|p2b: Ethan|74/100|[from] item: Life Orb
|move|p1b: Aerodactyl|Tailwind|p1b: Aerodactyl
|-sidestart|p1: Divine Monkey King|move: Tailwind
|move|p1a: Tyranitar|Rock Slide|p2b: Ethan|[spread] p2b
|-activate|p2a: Emma|move: Protect
|-damage|p2b: Ethan|0 fnt
|faint|p2b: Ethan
|
|-weather|Sandstorm|[upkeep]
|-damage|p2a: Emma|88/100|[from] Sandstorm
|upkeep
|
|t:|1783791141
|switch|p2b: Vanilluxe|Vanilluxe, L50, M|100/100
|-weather|Snowscape|[from] ability: Snow Warning|[of] p2b: Vanilluxe
|turn|3
|
|t:|1783791157
|move|p1b: Aerodactyl|Iron Head|p2a: Emma
|-resisted|p2a: Emma|1
|-damage|p2a: Emma|72/100
|move|p2b: Vanilluxe|Blizzard|p1a: Tyranitar|[spread] p1a,p1b
|-supereffective|p1b: Aerodactyl|1
|-damage|p1a: Tyranitar|22/100
|-enditem|p1b: Aerodactyl|Focus Sash
|-damage|p1b: Aerodactyl|1/100
|-status|p1b: Aerodactyl|frz
|move|p1a: Tyranitar|Rock Slide|p2b: Vanilluxe|[spread] p2a,p2b
|-supereffective|p2b: Vanilluxe|1
|-damage|p2a: Emma|17/100
|-damage|p2b: Vanilluxe|25/100
|move|p2a: Emma|Volt Tackle|p1a: Tyranitar
|-damage|p1a: Tyranitar|0 fnt
|faint|p1a: Tyranitar
|-damage|p2a: Emma|5/100|[from] Recoil
|
|-weather|Snowscape|[upkeep]
|upkeep
|
|t:|1783791173
|switch|p1a: Beedrill|Beedrill, L50, M, shiny|100/100
|turn|4
|
|t:|1783791193
|switch|p2b: Razor|Heliolisk, L50, F|100/100
|-curestatus|p1b: Aerodactyl|frz|[msg]
|move|p1b: Aerodactyl|Iron Head|p2a: Emma
|-resisted|p2a: Emma|1
|-damage|p2a: Emma|0 fnt
|faint|p2a: Emma
|move|p1a: Beedrill|Fell Stinger|p2b: Razor
|-damage|p2b: Razor|58/100
|
|-weather|Snowscape|[upkeep]
|upkeep
|
|t:|1783791200
|switch|p2a: Vanilluxe|Vanilluxe, L50, M|25/100
|turn|5
|
|t:|1783791212
|move|p1b: Aerodactyl|Iron Head|p2a: Vanilluxe
|-supereffective|p2a: Vanilluxe|1
|-damage|p2a: Vanilluxe|0 fnt
|faint|p2a: Vanilluxe
|move|p1a: Beedrill|Poison Jab|p2b: Razor
|-damage|p2b: Razor|0 fnt
|faint|p2b: Razor
|
|win|Divine Monkey King
|raw|Divine Monkey King's rating: 1079 → 1104(+25 for winning)
|raw|gameboys7531's rating: 1044 → 1029(-15 for losing)
|l|☆gameboys7531
|player|p2|
|c|☆Divine Monkey King|Gg
