|j|☆camala64
|j|☆oceanadukey
|html|camala64oceanadukey    
|uhtml|bestof|Game 2 of a best-of-3
|t:|1785794605
|gametype|doubles
|player|p1|camala64|lance-masters2|
|player|p2|oceanadukey|169|
|gen|9
|tier|[Gen 9 Champions] VGC 2026 Reg M-B (Bo3)
|rule|Species Clause: Limit one of each Pokémon
|rule|Item Clause: Limit 1 of each item
|clearpoke
|poke|p1|Charizard, L50, M, shiny|
|poke|p1|Basculegion, L50, M, shiny|
|poke|p1|Venusaur, L50, M|
|poke|p1|Archaludon, L50, M, shiny|
|poke|p1|Pelipper, L50, M|
|poke|p1|Garchomp, L50, F, shiny|
|poke|p2|Staraptor, L50, M|
|poke|p2|Venusaur, L50, M|
|poke|p2|Whimsicott, L50, F|
|poke|p2|Farigiraf, L50, F|
|poke|p2|Dragapult, L50, M|
|poke|p2|Grimmsnarl, L50, M|
|teampreview|4
|showteam|p1|Charizard||CharizarditeY|Blaze|WeatherBall,HeatWave,SolarBeam,Protect|Modest||M|||50|]Basculegion||ChoiceScarf|Adaptability|WaveCrash,AquaJet,FlipTurn,LastRespects|Jolly||M|||50|]Venusaur||Venusaurite|Chlorophyll|GigaDrain,SludgeBomb,SleepPowder,Protect|Modest||M|||50|]Archaludon||Leftovers|Stamina|ElectroShot,DragonPulse,FlashCannon,Protect|Modest||M|||50|]Pelipper||SitrusBerry|Drizzle|WeatherBall,Hurricane,Tailwind,HelpingHand|Calm||M|||50|]Garchomp||LifeOrb|RoughSkin|Earthquake,DragonClaw,RockSlide,Protect|Jolly||F|||50|
|showteam|p2|Staraptor||Staraptite|Intimidate|CloseCombat,BraveBird,Roost,Protect|Adamant||M|||50|]Venusaur||Venusaurite|Chlorophyll|GigaDrain,EarthPower,SludgeBomb,Protect|Modest||M|||50|]Whimsicott||FocusSash|Prankster|Moonblast,Tailwind,SunnyDay,Protect|Modest||F|||50|]Farigiraf||SitrusBerry|ArmorTail|TrickRoom,Wish,AllySwitch,Protect|Relaxed||F|||50|]Dragapult||LifeOrb|Infiltrator|Thunderbolt,Flamethrower,ShadowBall,Protect|Modest||M|||50|]Grimmsnarl||LightClay|Prankster|Trick,Reflect,LightScreen,PartingShot|Sassy||M|||50|
|inactive|Battle timer is ON: inactive players will automatically lose when time's up. (requested by oceanadukey)
|inactive|oceanadukey has 60 seconds left.
|
|t:|1785794647
|teamsize|p1|4
|teamsize|p2|4
|start
|switch|p1a: Charizard|Charizard, L50, M, shiny|100/100
|switch|p1b: Garchomp|Garchomp, L50, F, shiny|100/100
|switch|p2a: Whimsical cott|Whimsicott, L50, F|100/100
|switch|p2b: Star ✨ fire 🔥|Staraptor, L50, M|100/100
|-ability|p2b: Star ✨ fire 🔥|Intimidate|boost
|-unboost|p1a: Charizard|atk|1
|-unboost|p1b: Garchomp|atk|1
|turn|1
|c|☆oceanadukey|Glhf
|
|t:|1785794666
|detailschange|p1a: Charizard|Charizard-Mega-Y, L50, M, shiny
|-mega|p1a: Charizard|Charizard|Charizardite Y
|-weather|SunnyDay|[from] ability: Drought|[of] p1a: Charizard
|detailschange|p2b: Star ✨ fire 🔥|Staraptor-Mega, L50, M
|-mega|p2b: Star ✨ fire 🔥|Staraptor|Staraptite
|move|p2a: Whimsical cott|Tailwind|p2a: Whimsical cott
|-sidestart|p2: oceanadukey|move: Tailwind
|move|p2b: Star ✨ fire 🔥|Close Combat|p1a: Charizard
|-resisted|p1a: Charizard|1
|-damage|p1a: Charizard|60/100
|-boost|p2b: Star ✨ fire 🔥|def|1
|-boost|p2b: Star ✨ fire 🔥|spd|1
|move|p1b: Garchomp|Dragon Claw|p2b: Star ✨ fire 🔥
|-damage|p2b: Star ✨ fire 🔥|77/100
|-damage|p1b: Garchomp|90/100|[from] item: Life Orb
|move|p1a: Charizard|Heat Wave|p2b: Star ✨ fire 🔥|[spread] p2a,p2b
|-supereffective|p2a: Whimsical cott|1
|-enditem|p2a: Whimsical cott|Focus Sash
|-damage|p2a: Whimsical cott|1/100
|-damage|p2b: Star ✨ fire 🔥|30/100
|
|-weather|SunnyDay|[upkeep]
|upkeep
|turn|2
|inactive|camala64 has 30 seconds left.
|inactive|oceanadukey has 30 seconds left.
|inactive|camala64 has 20 seconds left.
|
|t:|1785794705
|move|p2a: Whimsical cott|Moonblast|p1b: Garchomp
|-supereffective|p1b: Garchomp|1
|-damage|p1b: Garchomp|0 fnt
|faint|p1b: Garchomp
|move|p2b: Star ✨ fire 🔥|Roost|p2b: Star ✨ fire 🔥
|-heal|p2b: Star ✨ fire 🔥|80/100
|-singleturn|p2b: Star ✨ fire 🔥|move: Roost
|move|p1a: Charizard|Heat Wave|p2a: Whimsical cott|[spread] p2a,p2b
|-supereffective|p2a: Whimsical cott|1
|-damage|p2a: Whimsical cott|0 fnt
|-damage|p2b: Star ✨ fire 🔥|37/100
|faint|p2a: Whimsical cott
|
|-weather|SunnyDay|[upkeep]
|upkeep
|
|t:|1785794728
|switch|p1b: Basculegion|Basculegion, L50, M, shiny|100/100
|switch|p2a: Grimmsnarl|Grimmsnarl, L50, M|100/100
|turn|3
|
|t:|1785794751
|move|p2a: Grimmsnarl|Reflect|p2a: Grimmsnarl
|-sidestart|p2: oceanadukey|Reflect
|move|p2b: Star ✨ fire 🔥|Close Combat|p1a: Charizard
|-resisted|p1a: Charizard|1
|-damage|p1a: Charizard|23/100
|-boost|p2b: Star ✨ fire 🔥|def|1
|-boost|p2b: Star ✨ fire 🔥|spd|1
|move|p1b: Basculegion|Last Respects|p2b: Star ✨ fire 🔥
|-damage|p2b: Star ✨ fire 🔥|16/100
|move|p1a: Charizard|Weather Ball|p2b: Star ✨ fire 🔥
|-damage|p2b: Star ✨ fire 🔥|0 fnt
|faint|p2b: Star ✨ fire 🔥
|
|-weather|SunnyDay|[upkeep]
|upkeep
|
|t:|1785794767
|switch|p2b: Venu moose|Venusaur, L50, M|100/100
|turn|4
|
|t:|1785794790
|move|p2a: Grimmsnarl|Parting Shot|p1b: Basculegion
|-unboost|p1b: Basculegion|atk|1
|-unboost|p1b: Basculegion|spa|1
|move|p2b: Venu moose|Sludge Bomb|p1a: Charizard
|-damage|p1a: Charizard|0 fnt
|faint|p1a: Charizard
|move|p1b: Basculegion|Last Respects|p2b: Venu moose
|-damage|p2b: Venu moose|57/100
|
|-weather|SunnyDay|[upkeep]
|-sideend|p2: oceanadukey|move: Tailwind
|upkeep
|
|t:|1785794795
|switch|p1a: Venusaur|Venusaur, L50, M|100/100
|turn|5
|
|t:|1785794813
|move|p2a: Grimmsnarl|Light Screen|p2a: Grimmsnarl
|-sidestart|p2: oceanadukey|move: Light Screen
|move|p1a: Venusaur|Sludge Bomb|p2a: Grimmsnarl
|-supereffective|p2a: Grimmsnarl|1
|-damage|p2a: Grimmsnarl|54/100
|move|p1b: Basculegion|Last Respects|p2b: Venu moose
|-damage|p2b: Venu moose|8/100
|move|p2b: Venu moose|Giga Drain|p1b: Basculegion
|-supereffective|p1b: Basculegion|1
|-damage|p1b: Basculegion|13/100
|-heal|p2b: Venu moose|54/100|[from] drain|[of] p1b: Basculegion
|
|-weather|none
|upkeep
|turn|6
|
|t:|1785794831
|move|p2a: Grimmsnarl|Parting Shot|p1b: Basculegion
|-unboost|p1b: Basculegion|atk|1
|-unboost|p1b: Basculegion|spa|1
|move|p1b: Basculegion|Last Respects|p2b: Venu moose
|-damage|p2b: Venu moose|16/100
|move|p1a: Venusaur|Sludge Bomb|p2b: Venu moose
|-damage|p2b: Venu moose|0 fnt
|faint|p2b: Venu moose
|
|upkeep
|turn|7
|c|☆oceanadukey|Darn
|c|☆oceanadukey|Ggs
|-message|oceanadukey forfeited.
|
|win|camala64
|l|☆oceanadukey
|player|p2|
