|j|☆tortilla sorpresa
|j|☆Llama_Llord
|html|tortilla sorpresaLlama_Llord    
|uhtml|bestof|Game 2 of a best-of-3
|t:|1756203696
|gametype|doubles
|player|p1|tortilla sorpresa|ghetsis-gen5bw|1085
|player|p2|Llama_Llord|102|1110
|gen|9
|tier|[Gen 9] VGC 2025 Reg H (Bo3)
|rated|
|rule|Species Clause: Limit one of each Pokémon
|rule|Item Clause: Limit 1 of each item
|clearpoke
|poke|p1|Archaludon, L50, M|
|poke|p1|Pelipper, L50, M|
|poke|p1|Gholdengo, L50|
|poke|p1|Basculegion, L50, M|
|poke|p1|Amoonguss, L50, M|
|poke|p1|Incineroar, L50, M|
|poke|p2|Meowscarada, L50, F|
|poke|p2|Primarina, L50, F|
|poke|p2|Indeedee, L50, M|
|poke|p2|Sneasler, L50, M|
|poke|p2|Tatsugiri, L50, F|
|poke|p2|Arcanine-Hisui, L50, M|
|teampreview|4
|showteam|p1|Archaludon||AssaultVest|Stamina|DracoMeteor,FlashCannon,ElectroShot,BodyPress|||M|||50|,,,,,Grass]Pelipper||FocusSash|Drizzle|Protect,WeatherBall,Hurricane,Tailwind|||M|||50|,,,,,Stellar]Gholdengo||LifeOrb|GoodasGold|Protect,MakeItRain,ShadowBall,NastyPlot||||||50|,,,,,Water]Basculegion||ChoiceBand|SwiftSwim|FlipTurn,WaveCrash,AquaJet,LastRespects|||M|||50|,,,,,Grass]Amoonguss||SitrusBerry|Regenerator|Spore,RagePowder,PollenPuff,Protect|||M|||50|,,,,,Water]Incineroar||SafetyGoggles|Intimidate|FlareBlitz,KnockOff,PartingShot,FakeOut|||M|||50|,,,,,Ghost
|showteam|p2|Meowscarada||FocusSash|Overgrow|GrassPledge,KnockOff,FlowerTrick,Protect|||F|||50|,,,,,Fairy]Primarina||LifeOrb|LiquidVoice|WaterPledge,HyperVoice,Moonblast,Protect|||F|||50|,,,,,Poison]Indeedee||SafetyGoggles|PsychicSurge|ExpandingForce,Protect,TrickRoom,Imprison|||M|||50|,,,,,Fire]Sneasler||PsychicSeed|Unburden|DireClaw,CloseCombat,ThroatChop,Protect|||M|||50|,,,,,Stellar]Tatsugiri||AssaultVest|StormDrain|DracoMeteor,IcyWind,TeraBlast,Surf|||F|||50|,,,,,Ground]Arcanine-Hisui||ClearAmulet|Intimidate|Bulldoze,FlareBlitz,RockSlide,Protect|||M|||50|,,,,,Grass
|inactive|Battle timer is ON: inactive players will automatically lose when time's up. (requested by tortilla sorpresa)
|inactive|Llama_Llord also wants the timer to be on.
|
|t:|1756203713
|teamsize|p1|4
|teamsize|p2|4
|start
|switch|p1a: Pelipper|Pelipper, L50, M, shiny|100/100
|switch|p1b: Basculegion|Basculegion, L50, M, shiny|100/100
|switch|p2a: Indeedee|Indeedee, L50, M|100/100
|switch|p2b: Sneasler|Sneasler, L50, M|100/100
|-fieldstart|move: Psychic Terrain|[from] ability: Psychic Surge|[of] p2a: Indeedee
|-enditem|p2b: Sneasler|Psychic Seed
|-boost|p2b: Sneasler|spd|1|[from] item: Psychic Seed
|-weather|RainDance|[from] ability: Drizzle|[of] p1a: Pelipper
|turn|1
|inactive|tortilla sorpresa has 30 seconds left.
|inactive|tortilla sorpresa has 20 seconds left.
|
|t:|1756203749
|switch|p1b: Archaludon|Archaludon, L50, M, shiny|100/100
|move|p2b: Sneasler|Throat Chop|p1b: Archaludon
|-damage|p1b: Archaludon|75/100
|-start|p1b: Archaludon|Throat Chop|[silent]
|-ability|p1b: Archaludon|Stamina|boost
|-boost|p1b: Archaludon|def|1
|move|p2a: Indeedee|Expanding Force|p1b: Archaludon|[spread] p1a,p1b
|-resisted|p1b: Archaludon
|-damage|p1a: Pelipper|8/100
|-damage|p1b: Archaludon|57/100
|-ability|p1b: Archaludon|Stamina|boost
|-boost|p1b: Archaludon|def|1
|move|p1a: Pelipper|Tailwind|p1a: Pelipper
|-sidestart|p1: tortilla sorpresa|move: Tailwind
|
|-weather|RainDance|[upkeep]
|upkeep
|turn|2
|
|t:|1756203763
|move|p1a: Pelipper|Protect|p1a: Pelipper
|-singleturn|p1a: Pelipper|Protect
|move|p2b: Sneasler|Close Combat|p1b: Archaludon
|-supereffective|p1b: Archaludon
|-damage|p1b: Archaludon|2/100
|-unboost|p2b: Sneasler|def|1
|-unboost|p2b: Sneasler|spd|1
|-ability|p1b: Archaludon|Stamina|boost
|-boost|p1b: Archaludon|def|1
|move|p1b: Archaludon|Electro Shot||[still]
|-prepare|p1b: Archaludon|Electro Shot
|-boost|p1b: Archaludon|spa|1
|-anim|p1b: Archaludon|Electro Shot|p2a: Indeedee
|-damage|p2a: Indeedee|21/100
|move|p2a: Indeedee|Expanding Force|p1a: Pelipper|[spread] p1b
|-activate|p1a: Pelipper|move: Protect
|-resisted|p1b: Archaludon
|-damage|p1b: Archaludon|0 fnt
|faint|p1b: Archaludon
|
|-weather|RainDance|[upkeep]
|upkeep
|
|t:|1756203775
|switch|p1b: Gholdengo|Gholdengo, L50|100/100
|turn|3
|
|t:|1756203791
|-terastallize|p1b: Gholdengo|Water
|move|p2b: Sneasler|Throat Chop|p1b: Gholdengo
|-damage|p1b: Gholdengo|68/100
|-start|p1b: Gholdengo|Throat Chop|[silent]
|move|p1b: Gholdengo|Make It Rain|p2a: Indeedee|[spread] p2a,p2b
|-damage|p2a: Indeedee|0 fnt
|-damage|p2b: Sneasler|22/100
|-unboost|p1b: Gholdengo|spa|1
|faint|p2a: Indeedee
|-damage|p1b: Gholdengo|58/100|[from] item: Life Orb
|move|p1a: Pelipper|Hurricane|p2b: Sneasler
|-supereffective|p2b: Sneasler
|-damage|p2b: Sneasler|0 fnt
|faint|p2b: Sneasler
|
|-weather|RainDance|[upkeep]
|upkeep
|
|t:|1756203798
|switch|p2b: Fiona|Primarina, L50, F|100/100
|switch|p2a: Tatsugiri|Tatsugiri, L50, F|100/100
|turn|4
|
|t:|1756203818
|move|p1b: Gholdengo|Make It Rain|p2a: Tatsugiri|[spread] p2a,p2b
|-resisted|p2a: Tatsugiri
|-damage|p2a: Tatsugiri|83/100
|-damage|p2b: Fiona|68/100
|-unboost|p1b: Gholdengo|spa|1
|-damage|p1b: Gholdengo|48/100|[from] item: Life Orb
|move|p1a: Pelipper|Hurricane|p2a: Tatsugiri
|-damage|p2a: Tatsugiri|40/100
|-start|p2a: Tatsugiri|confusion
|-activate|p2a: Tatsugiri|confusion
|move|p2a: Tatsugiri|Icy Wind|p1b: Gholdengo|[spread] p1a,p1b
|-resisted|p1b: Gholdengo
|-damage|p1a: Pelipper|0 fnt
|-damage|p1b: Gholdengo|40/100
|-unboost|p1b: Gholdengo|spe|1
|faint|p1a: Pelipper
|move|p2b: Fiona|Moonblast|p1b: Gholdengo
|-crit|p1b: Gholdengo
|-damage|p1b: Gholdengo|0 fnt
|faint|p1b: Gholdengo
|-damage|p2b: Fiona|58/100|[from] item: Life Orb
|
|-weather|RainDance|[upkeep]
|-sideend|p1: tortilla sorpresa|move: Tailwind
|upkeep
|
|t:|1756203830
|switch|p1b: Basculegion|Basculegion, L50, M, shiny|100/100
|turn|5
|
|t:|1756203849
|move|p1b: Basculegion|Last Respects|p2a: Tatsugiri
|-damage|p2a: Tatsugiri|0 fnt
|faint|p2a: Tatsugiri
|move|p2b: Fiona|Moonblast|p1b: Basculegion
|-damage|p1b: Basculegion|21/100
|-damage|p2b: Fiona|48/100|[from] item: Life Orb
|
|-weather|none
|-fieldend|move: Psychic Terrain
|upkeep
|turn|6
|inactive|tortilla sorpresa has 30 seconds left.
|inactive|tortilla sorpresa has 20 seconds left.
|inactive|tortilla sorpresa has 15 seconds left.
|
|t:|1756203889
|move|p1b: Basculegion|Last Respects|p2b: Fiona
|-damage|p2b: Fiona|0 fnt
|faint|p2b: Fiona
|
|win|tortilla sorpresa
||tortilla sorpresa is ready for game 3.
