|j|☆SuperPokeVGC
|j|☆Trestkon
|html|SuperPokeVGCTrestkon    
|uhtml|bestof|Game 2 of a best-of-3
|t:|1756320499
|gametype|doubles
|player|p1|SuperPokeVGC|ltsurge|1129
|player|p2|Trestkon|102|1238
|gen|9
|tier|[Gen 9] VGC 2025 Reg H (Bo3)
|rated|
|rule|Species Clause: Limit one of each Pokémon
|rule|Item Clause: Limit 1 of each item
|clearpoke
|poke|p1|Tyranitar, L50, M|
|poke|p1|Garchomp, L50, M|
|poke|p1|Gholdengo, L50|
|poke|p1|Sinistcha, L50|
|poke|p1|Yanmega, L50, M|
|poke|p1|Arcanine, L50, M|
|poke|p2|Indeedee-F, L50, F|
|poke|p2|Gallade, L50, M|
|poke|p2|Torkoal, L50, M|
|poke|p2|Ursaluna-Bloodmoon, L50, M|
|poke|p2|Armarouge, L50, M|
|poke|p2|Exeggutor, L50, M|
|teampreview|4
|showteam|p1|Tyranitar||LifeOrb|SandStream|KnockOff,RockSlide,TeraBlast,Protect|||M|||50|,,,,,Flying]Garchomp||ClearAmulet|SandVeil|DragonClaw,StompingTantrum,Earthquake,Protect|||M|||50|,,,,,Fire]Gholdengo||Leftovers|GoodasGold|MakeItRain,ShadowBall,NastyPlot,Protect||||||50|,,,,,Water]Sinistcha||SitrusBerry|Hospitality|RagePowder,MatchaGotcha,TrickRoom,Protect||||||50|,,,,,Water]Yanmega||FocusSash|SpeedBoost|Tailwind,AirSlash,BugBuzz,Detect|||M|||50|,,,,,Ghost]Arcanine||MirrorHerb|Intimidate|ExtremeSpeed,FlareBlitz,WillOWisp,Protect|||M|||50|,,,,,Normal
|showteam|p2|Indeedee-F||SafetyGoggles|PsychicSurge|FollowMe,Psychic,HelpingHand,TrickRoom|||F|||50|,,,,,Fairy]Gallade||ClearAmulet|Sharpness|PsychoCut,SacredSword,WideGuard,TrickRoom|||M|||50|,,,,,Steel]Torkoal||Charcoal|Drought|Eruption,WeatherBall,ClearSmog,Protect|||M|||50|,,,,,Fire]Ursaluna-Bloodmoon||ThroatSpray|MindsEye|EarthPower,HyperVoice,BloodMoon,Protect|||M|||50|,,,,,Normal]Armarouge||PowerHerb|FlashFire|ArmorCannon,ExpandingForce,MeteorBeam,TrickRoom|||M|||50|,,,,,Grass]Exeggutor||FocusSash|Chlorophyll|TrickRoom,ExpandingForce,EnergyBall,SleepPowder|||M|||50|,,,,,Psychic
|inactive|Battle timer is ON: inactive players will automatically lose when time's up. (requested by SuperPokeVGC)
|inactive|Trestkon has 60 seconds left.
|
|t:|1756320534
|teamsize|p1|4
|teamsize|p2|4
|start
|switch|p1a: Garchomp|Garchomp, L50, M|100/100
|switch|p1b: Yanmega|Yanmega, L50, M, shiny|100/100
|switch|p2a: Dermezel|Indeedee-F, L50, F|100/100
|switch|p2b: Rockman.EXE|Armarouge, L50, M|100/100
|-fieldstart|move: Psychic Terrain|[from] ability: Psychic Surge|[of] p2a: Dermezel
|turn|1
|inactive|Trestkon has 30 seconds left.
|inactive|SuperPokeVGC has 30 seconds left.
|inactive|Trestkon has 20 seconds left.
|inactive|SuperPokeVGC has 20 seconds left.
|inactive|SuperPokeVGC has 15 seconds left.
|
|t:|1756320579
|switch|p1a: Tyranitar|Tyranitar, L50, M|100/100
|-weather|Sandstorm|[from] ability: Sand Stream|[of] p1a: Tyranitar
|-terastallize|p2b: Rockman.EXE|Grass
|move|p2a: Dermezel|Follow Me|p2a: Dermezel
|-singleturn|p2a: Dermezel|move: Follow Me
|move|p1b: Yanmega|Bug Buzz|p2a: Dermezel
|-supereffective|p2a: Dermezel
|-damage|p2a: Dermezel|6/100
|move|p2b: Rockman.EXE|Trick Room|p2b: Rockman.EXE
|-fieldstart|move: Trick Room|[of] p2b: Rockman.EXE
|
|-weather|Sandstorm|[upkeep]
|-damage|p2b: Rockman.EXE|94/100|[from] Sandstorm
|-damage|p1b: Yanmega|94/100|[from] Sandstorm
|-ability|p1b: Yanmega|Speed Boost|boost
|-boost|p1b: Yanmega|spe|1
|upkeep
|turn|2
|inactive|SuperPokeVGC has 30 seconds left.
|inactive|Trestkon has 30 seconds left.
|inactive|SuperPokeVGC has 20 seconds left.
|inactive|Trestkon has 20 seconds left.
|
|t:|1756320617
|switch|p2a: Dr. Love|Torkoal, L50, M|100/100
|-weather|SunnyDay|[from] ability: Drought|[of] p2a: Dr. Love
|move|p2b: Rockman.EXE|Meteor Beam||[still]
|-prepare|p2b: Rockman.EXE|Meteor Beam
|-boost|p2b: Rockman.EXE|spa|1
|-enditem|p2b: Rockman.EXE|Power Herb
|-anim|p2b: Rockman.EXE|Meteor Beam|p1a: Tyranitar
|-damage|p1a: Tyranitar|46/100
|move|p1a: Tyranitar|Rock Slide|p2b: Rockman.EXE|[spread] p2a,p2b
|-supereffective|p2a: Dr. Love
|-damage|p2a: Dr. Love|43/100
|-damage|p2b: Rockman.EXE|56/100
|-damage|p1a: Tyranitar|36/100|[from] item: Life Orb
|move|p1b: Yanmega|Bug Buzz|p2b: Rockman.EXE
|-supereffective|p2b: Rockman.EXE
|-damage|p2b: Rockman.EXE|0 fnt
|faint|p2b: Rockman.EXE
|
|-weather|SunnyDay|[upkeep]
|-ability|p1b: Yanmega|Speed Boost|boost
|-boost|p1b: Yanmega|spe|1
|upkeep
|
|t:|1756320634
|switch|p2b: Ursaluna|Ursaluna-Bloodmoon, L50, M|100/100
|turn|3
|inactive|SuperPokeVGC has 30 seconds left.
|inactive|SuperPokeVGC has 20 seconds left.
|inactive|SuperPokeVGC has 15 seconds left.
|
|t:|1756320674
|move|p1a: Tyranitar|Protect|p1a: Tyranitar
|-singleturn|p1a: Tyranitar|Protect
|move|p2a: Dr. Love|Weather Ball|p1b: Yanmega
|-supereffective|p1b: Yanmega
|-damage|p1b: Yanmega|0 fnt
|faint|p1b: Yanmega
|move|p2b: Ursaluna|Hyper Voice|p1a: Tyranitar
|-activate|p1a: Tyranitar|move: Protect
|
|-weather|SunnyDay|[upkeep]
|upkeep
|
|t:|1756320682
|switch|p1b: Sinistcha|Sinistcha, L50|100/100
|-heal|p1a: Tyranitar|61/100|[from] ability: Hospitality|[of] p1b: Sinistcha
|turn|4
|
|t:|1756320705
|-terastallize|p1b: Sinistcha|Water
|move|p2a: Dr. Love|Weather Ball|p1b: Sinistcha
|-resisted|p1b: Sinistcha
|-damage|p1b: Sinistcha|63/100
|move|p2b: Ursaluna|Hyper Voice|p1b: Sinistcha|[spread] p1a,p1b
|-resisted|p1a: Tyranitar
|-damage|p1a: Tyranitar|46/100
|-damage|p1b: Sinistcha|29/100
|-enditem|p1b: Sinistcha|Sitrus Berry|[eat]
|-heal|p1b: Sinistcha|54/100|[from] item: Sitrus Berry
|-enditem|p2b: Ursaluna|Throat Spray
|-boost|p2b: Ursaluna|spa|1|[from] item: Throat Spray
|move|p1a: Tyranitar|Rock Slide|p2a: Dr. Love|[spread] p2a,p2b
|-supereffective|p2a: Dr. Love
|-resisted|p2b: Ursaluna
|-damage|p2a: Dr. Love|0 fnt
|-damage|p2b: Ursaluna|86/100
|faint|p2a: Dr. Love
|-damage|p1a: Tyranitar|36/100|[from] item: Life Orb
|move|p1b: Sinistcha|Trick Room|p1b: Sinistcha
|-fieldend|move: Trick Room
|
|-weather|SunnyDay|[upkeep]
|upkeep
|
|t:|1756320722
|switch|p2a: Dermezel|Indeedee-F, L50, F|6/100
|turn|5
|
|t:|1756320732
|move|p2a: Dermezel|Helping Hand|p2b: Ursaluna
|-singleturn|p2b: Ursaluna|Helping Hand|[of] p2a: Dermezel
|move|p1a: Tyranitar|Rock Slide|p2b: Ursaluna|[spread] p2a,p2b
|-resisted|p2b: Ursaluna
|-damage|p2a: Dermezel|0 fnt
|-damage|p2b: Ursaluna|73/100
|faint|p2a: Dermezel
|-damage|p1a: Tyranitar|26/100|[from] item: Life Orb
|move|p1b: Sinistcha|Matcha Gotcha|p2b: Ursaluna
|-supereffective|p2b: Ursaluna
|-damage|p2b: Ursaluna|1/100
|-heal|p1b: Sinistcha|98/100|[from] drain|[of] p2b: Ursaluna
|move|p2b: Ursaluna|Hyper Voice|p1b: Sinistcha|[spread] p1a,p1b
|-resisted|p1a: Tyranitar
|-damage|p1a: Tyranitar|0 fnt
|-damage|p1b: Sinistcha|20/100
|faint|p1a: Tyranitar
|
|-weather|SunnyDay|[upkeep]
|-fieldend|move: Psychic Terrain
|upkeep
|
|t:|1756320743
|switch|p1a: Garchomp|Garchomp, L50, M|100/100
|turn|6
|c|☆SuperPokeVGC|ggs
|
|t:|1756320750
|move|p1a: Garchomp|Dragon Claw|p2b: Ursaluna
|-damage|p2b: Ursaluna|0 fnt
|faint|p2b: Ursaluna
|
|win|SuperPokeVGC
|raw|SuperPokeVGC's rating: 1129 → 1162(+33 for winning)
|raw|Trestkon's rating: 1238 → 1205(-33 for losing)
