|j|☆mozzarella1234
|j|☆pinkey569
|html|mozzarella1234pinkey569    
|uhtml|bestof|Game 3 of a best-of-3
|t:|1756600472
|gametype|doubles
|player|p1|mozzarella1234|cynthia-gen4|1000
|player|p2|pinkey569|102|1053
|gen|9
|tier|[Gen 9] VGC 2025 Reg H (Bo3)
|rated|
|rule|Species Clause: Limit one of each Pokémon
|rule|Item Clause: Limit 1 of each item
|clearpoke
|poke|p1|Torkoal, L50, M|
|poke|p1|Charizard, L50, M|
|poke|p1|Jumpluff, L50, F|
|poke|p1|Porygon2, L50|
|poke|p1|Ursaluna, L50, M|
|poke|p1|Incineroar, L50, F|
|poke|p2|Tyranitar, L50, F|
|poke|p2|Dragonite, L50, M|
|poke|p2|Excadrill, L50, F|
|poke|p2|Volcarona, L50, M|
|poke|p2|Kilowattrel, L50, F|
|poke|p2|Indeedee, L50, M|
|teampreview|4
|showteam|p1|Torkoal||Charcoal|Drought|Eruption,Overheat,Protect,HeatWave|||M|||50|,,,,,Fire]Charizard||LifeOrb|SolarPower|AirSlash,HeatWave,Protect,WeatherBall|||M|||50|,,,,,Grass]Jumpluff||CovertCloak|Chlorophyll|Tailwind,SunnyDay,Encore,HelpingHand|||F|||50|,,,,,Ghost]Porygon2||Eviolite|Download|TrickRoom,Recover,IceBeam,Thunderbolt||||||50|,,,,,Flying]Ursaluna||FlameOrb|Guts|Facade,Earthquake,HeadlongRush,Protect|||M|||50|,,,,,Ghost]Incineroar||SitrusBerry|Intimidate|FakeOut,PartingShot,WillOWisp,KnockOff|||F|||50|,,,,,Grass
|showteam|p2|Tyranitar||AssaultVest|SandStream|RockSlide,KnockOff,TeraBlast,LowKick|||F|||50|,,,,,Flying]Dragonite||LoadedDice|Multiscale|Protect,ThunderWave,Roar,ScaleShot|||M|||50|,,,,,Fairy]Excadrill||LifeOrb|SandRush|Protect,Earthquake,IronHead,TeraBlast|||F|||50|,,,,,Fairy]Volcarona||SitrusBerry|FlameBody|Tailwind,RagePowder,Overheat,StruggleBug|||M|||50|,,,,,Grass]Kilowattrel||ChoiceSpecs|Competitive|Thunderbolt,Discharge,AirSlash,WeatherBall|||F|||50|,,,,,Ghost]Indeedee||FocusSash|PsychicSurge|TrickRoom,HelpingHand,ExpandingForce,TeraBlast|||M|||50|,,,,,Psychic
|
|t:|1756600525
|teamsize|p1|4
|teamsize|p2|4
|start
|switch|p1a: Torkoal|Torkoal, L50, M|100/100
|switch|p1b: Porygon2|Porygon2, L50|100/100
|switch|p2a: Dragonite|Dragonite, L50, M|100/100
|switch|p2b: Indeedee|Indeedee, L50, M|100/100
|-fieldstart|move: Psychic Terrain|[from] ability: Psychic Surge|[of] p2b: Indeedee
|-ability|p1b: Porygon2|Download|boost
|-boost|p1b: Porygon2|atk|1
|-weather|SunnyDay|[from] ability: Drought|[of] p1a: Torkoal
|turn|1
|
|t:|1756600556
|switch|p1a: Incineroar|Incineroar, L50, F|100/100
|-ability|p1a: Incineroar|Intimidate|boost
|-unboost|p2a: Dragonite|atk|1
|-unboost|p2b: Indeedee|atk|1
|move|p2b: Indeedee|Expanding Force|p1b: Porygon2|[spread] p1b
|-immune|p1a: Incineroar
|-damage|p1b: Porygon2|75/100
|move|p1b: Porygon2|Ice Beam|p2a: Dragonite
|-supereffective|p2a: Dragonite
|-damage|p2a: Dragonite|59/100
|move|p2a: Dragonite|Roar|p1b: Porygon2
|drag|p1b: Ursaluna|Ursaluna, L50, M|100/100
|
|-weather|SunnyDay|[upkeep]
|-status|p1b: Ursaluna|brn|[from] item: Flame Orb
|upkeep
|turn|2
|
|t:|1756600589
|switch|p1b: Porygon2|Porygon2, L50|75/100
|-ability|p1b: Porygon2|Download|boost
|-boost|p1b: Porygon2|atk|1
|move|p2b: Indeedee|Expanding Force|p1b: Porygon2|[spread] p1b
|-immune|p1a: Incineroar
|-damage|p1b: Porygon2|48/100
|move|p2a: Dragonite|Scale Shot|p1b: Porygon2
|-damage|p1b: Porygon2|42/100
|-damage|p1b: Porygon2|35/100
|-damage|p1b: Porygon2|28/100
|-damage|p1b: Porygon2|21/100
|-hitcount|p1b: Porygon2|4
|-unboost|p2a: Dragonite|def|1
|-boost|p2a: Dragonite|spe|1
|move|p1a: Incineroar|Will-O-Wisp|p2a: Dragonite
|-status|p2a: Dragonite|brn
|
|-weather|SunnyDay|[upkeep]
|-damage|p2a: Dragonite|53/100 brn|[from] brn
|upkeep
|turn|3
|
|t:|1756600620
|move|p2a: Dragonite|Thunder Wave|p1a: Incineroar
|-status|p1a: Incineroar|par
|move|p2b: Indeedee|Expanding Force|p1a: Incineroar|[spread] p1b
|-immune|p1a: Incineroar
|-damage|p1b: Porygon2|0 fnt
|faint|p1b: Porygon2
|move|p1a: Incineroar|Knock Off|p2a: Dragonite
|-damage|p2a: Dragonite|0 fnt
|-enditem|p2a: Dragonite|Loaded Dice|[from] move: Knock Off|[of] p1a: Incineroar
|faint|p2a: Dragonite
|
|-weather|SunnyDay|[upkeep]
|upkeep
|
|t:|1756600660
|switch|p2a: Excadrill|Excadrill, L50, F|100/100
|switch|p1b: Ursaluna|Ursaluna, L50, M|100/100 brn
|turn|4
|
|t:|1756600678
|move|p2b: Indeedee|Expanding Force|p1a: Incineroar|[spread] p1b
|-immune|p1a: Incineroar
|-damage|p1b: Ursaluna|51/100 brn
|move|p2a: Excadrill|Earthquake|p1a: Incineroar|[spread] p2b,p1a,p1b
|-supereffective|p1a: Incineroar
|-enditem|p2b: Indeedee|Focus Sash
|-damage|p2b: Indeedee|1/100
|-damage|p1a: Incineroar|0 fnt
|-damage|p1b: Ursaluna|8/100 brn
|faint|p1a: Incineroar
|-damage|p2a: Excadrill|91/100|[from] item: Life Orb
|move|p1b: Ursaluna|Headlong Rush|p2a: Excadrill
|-supereffective|p2a: Excadrill
|-damage|p2a: Excadrill|0 fnt
|-unboost|p1b: Ursaluna|def|1
|-unboost|p1b: Ursaluna|spd|1
|faint|p2a: Excadrill
|
|-weather|SunnyDay|[upkeep]
|-damage|p1b: Ursaluna|2/100 brn|[from] brn
|upkeep
|
|t:|1756600697
|switch|p2a: Tyranitar|Tyranitar, L50, F|100/100
|switch|p1a: Torkoal|Torkoal, L50, M|100/100
|-weather|Sandstorm|[from] ability: Sand Stream|[of] p2a: Tyranitar
|-weather|SunnyDay|[from] ability: Drought|[of] p1a: Torkoal
|turn|5
|
|t:|1756600725
|-terastallize|p1a: Torkoal|Fire
|move|p1b: Ursaluna|Protect|p1b: Ursaluna
|-singleturn|p1b: Ursaluna|Protect
|move|p2b: Indeedee|Expanding Force|p1b: Ursaluna|[spread] p1a
|-activate|p1b: Ursaluna|move: Protect
|-damage|p1a: Torkoal|14/100
|move|p2a: Tyranitar|Knock Off|p1a: Torkoal
|-damage|p1a: Torkoal|0 fnt
|-enditem|p1a: Torkoal|Charcoal|[from] move: Knock Off|[of] p2a: Tyranitar
|faint|p1a: Torkoal
|
|-weather|SunnyDay|[upkeep]
|-damage|p1b: Ursaluna|0 fnt|[from] brn
|faint|p1b: Ursaluna
|
|win|pinkey569
|raw|mozzarella1234's rating: 1000 → 1000(+0 for losing)
|raw|pinkey569's rating: 1053 → 1080(+27 for winning)
|l|☆mozzarella1234
|player|p1|
|c|☆pinkey569|gg
