|j|☆Davirate
|j|☆sbhaga34
|html|Daviratesbhaga34    
|uhtml|bestof|Game 3 of a best-of-3
|t:|1756951333
|gametype|doubles
|player|p1|Davirate|steven-masters2|1253
|player|p2|sbhaga34|hugh|1268
|gen|9
|tier|[Gen 9] VGC 2025 Reg H (Bo3)
|rated|
|rule|Species Clause: Limit one of each Pokémon
|rule|Item Clause: Limit 1 of each item
|clearpoke
|poke|p1|Garchomp, L50, F|
|poke|p1|Gholdengo, L50|
|poke|p1|Tyranitar, L50, F|
|poke|p1|Talonflame, L50, M|
|poke|p1|Sinistcha, L50|
|poke|p1|Milotic, L50, M|
|poke|p2|Indeedee-F, L50, F|
|poke|p2|Talonflame, L50, M|
|poke|p2|Tyranitar, L50, F|
|poke|p2|Excadrill, L50, M|
|poke|p2|Gardevoir, L50, F|
|poke|p2|Annihilape, L50, M|
|teampreview|4
|showteam|p1|Garchomp||LifeOrb|RoughSkin|Earthquake,DragonClaw,StompingTantrum,Protect|||F|||50|,,,,,Fairy]Gholdengo||ChoiceSpecs|GoodasGold|MakeItRain,ShadowBall,Thunderbolt,PowerGem||||||50|,,,,,Steel]Tyranitar||AssaultVest|SandStream|RockSlide,KnockOff,TeraBlast,LowKick|||F|||50|,,,,,Flying]Talonflame||CovertCloak|GaleWings|BraveBird,WillOWisp,Tailwind,Taunt|||M|||50|,,,,,Grass]Sinistcha||SitrusBerry|Hospitality|MatchaGotcha,StrengthSap,RagePowder,TrickRoom||||||50|,,,,,Water]Milotic||SafetyGoggles|Competitive|Scald,IcyWind,Haze,Protect|||M|||50|,,,,,Dragon
|showteam|p2|Indeedee-F||SafetyGoggles|PsychicSurge|FollowMe,TrickRoom,HelpingHand,Psychic|||F|||50|,,,,,Water]Talonflame||CovertCloak|GaleWings|Tailwind,Taunt,BraveBird,Uturn|||M|||50|,,,,,Dark]Tyranitar||WeaknessPolicy|SandStream|RockSlide,KnockOff,LowKick,Protect|||F|||50|,,,,,Flying]Excadrill||FocusSash|SandRush|Earthquake,IronHead,SwordsDance,Protect|||M|||50|,,,,,Ground]Gardevoir||ChoiceScarf|Telepathy|ExpandingForce,DazzlingGleam,Moonblast,IcyWind|||F|||50|,,,,,Psychic]Annihilape||Leftovers|Defiant|FinalGambit,CloseCombat,RageFist,Uturn|||M|||50|,,,,,Stellar
|inactive|Battle timer is ON: inactive players will automatically lose when time's up. (requested by sbhaga34)
|
|t:|1756951404
|teamsize|p1|4
|teamsize|p2|4
|start
|switch|p1a: Milotic|Milotic, L50, M, shiny|100/100
|switch|p1b: Garchomp|Garchomp, L50, F|100/100
|switch|p2a: Talonflame|Talonflame, L50, M|100/100
|switch|p2b: Excadrill|Excadrill, L50, M, shiny|100/100
|turn|1
|
|t:|1756951417
|switch|p2b: Tyranitar|Tyranitar, L50, F|100/100
|-weather|Sandstorm|[from] ability: Sand Stream|[of] p2b: Tyranitar
|move|p1b: Garchomp|Protect|p1b: Garchomp
|-singleturn|p1b: Garchomp|Protect
|move|p2a: Talonflame|Tailwind|p2a: Talonflame
|-sidestart|p2: sbhaga34|move: Tailwind
|move|p1a: Milotic|Scald|p2b: Tyranitar
|-supereffective|p2b: Tyranitar
|-damage|p2b: Tyranitar|65/100
|-enditem|p2b: Tyranitar|Weakness Policy
|-boost|p2b: Tyranitar|atk|2|[from] item: Weakness Policy
|-boost|p2b: Tyranitar|spa|2|[from] item: Weakness Policy
|
|-weather|Sandstorm|[upkeep]
|-damage|p2a: Talonflame|94/100|[from] Sandstorm
|upkeep
|turn|2
|
|t:|1756951437
|switch|p1b: Tyranitar|Tyranitar, L50, F|100/100
|move|p2a: Talonflame|Taunt|p1a: Milotic
|-start|p1a: Milotic|move: Taunt
|move|p2b: Tyranitar|Knock Off|p1b: Tyranitar
|-resisted|p1b: Tyranitar
|-damage|p1b: Tyranitar|53/100
|-enditem|p1b: Tyranitar|Assault Vest|[from] move: Knock Off|[of] p2b: Tyranitar
|move|p1a: Milotic|Scald|p2b: Tyranitar
|-supereffective|p2b: Tyranitar
|-damage|p2b: Tyranitar|26/100
|-status|p2b: Tyranitar|brn
|
|-weather|Sandstorm|[upkeep]
|-damage|p2a: Talonflame|88/100|[from] Sandstorm
|-damage|p2b: Tyranitar|20/100 brn|[from] brn
|upkeep
|turn|3
|inactive|Davirate has 30 seconds left.
|inactive|sbhaga34 has 30 seconds left.
|inactive|Davirate has 20 seconds left.
|inactive|sbhaga34 has 20 seconds left.
|inactive|Davirate has 15 seconds left.
|
|t:|1756951478
|switch|p1b: Garchomp|Garchomp, L50, F|100/100
|move|p2a: Talonflame|U-turn|p1b: Garchomp
|-damage|p1b: Garchomp|85/100
|-damage|p2a: Talonflame|75/100|[from] ability: Rough Skin|[of] p1b: Garchomp
|
|t:|1756951487
|switch|p2a: Gardevoir|Gardevoir, L50, F, shiny|100/100|[from] U-turn
|move|p2b: Tyranitar|Rock Slide|p1a: Milotic|[spread] p1a,p1b
|-resisted|p1b: Garchomp
|-damage|p1a: Milotic|69/100
|-damage|p1b: Garchomp|68/100
|cant|p1a: Milotic|flinch
|
|-weather|Sandstorm|[upkeep]
|-damage|p2a: Gardevoir|95/100|[from] Sandstorm
|-damage|p2b: Tyranitar|15/100 brn|[from] brn
|upkeep
|turn|4
|
|t:|1756951504
|switch|p2a: Talonflame|Talonflame, L50, M|75/100
|move|p1b: Garchomp|Protect|p1b: Garchomp
|-singleturn|p1b: Garchomp|Protect
|move|p2b: Tyranitar|Knock Off|p1b: Garchomp
|-activate|p1b: Garchomp|move: Protect
|move|p1a: Milotic|Icy Wind|p2a: Talonflame|[spread] p2a,p2b
|-damage|p2a: Talonflame|63/100
|-damage|p2b: Tyranitar|8/100 brn
|-unboost|p2b: Tyranitar|spe|1
|
|-weather|Sandstorm|[upkeep]
|-damage|p2a: Talonflame|57/100|[from] Sandstorm
|-damage|p2b: Tyranitar|2/100 brn|[from] brn
|-end|p1a: Milotic|move: Taunt
|-sideend|p2: sbhaga34|move: Tailwind
|upkeep
|turn|5
|inactive|Davirate has 30 seconds left.
|inactive|Davirate has 20 seconds left.
|inactive|Davirate has 15 seconds left.
|inactive|Davirate has 10 seconds left.
|inactive|Davirate has 5 seconds left.
|
|t:|1756951555
|switch|p1b: Tyranitar|Tyranitar, L50, F|53/100
|move|p1a: Milotic|Protect|p1a: Milotic
|-singleturn|p1a: Milotic|Protect
|move|p2a: Talonflame|Tailwind|p2a: Talonflame
|-sidestart|p2: sbhaga34|move: Tailwind
|move|p2b: Tyranitar|Knock Off|p1a: Milotic
|-activate|p1a: Milotic|move: Protect
|
|-weather|none
|-damage|p2b: Tyranitar|0 fnt|[from] brn
|faint|p2b: Tyranitar
|upkeep
|
|t:|1756951567
|switch|p2b: Excadrill|Excadrill, L50, M, shiny|100/100
|turn|6
|
|t:|1756951582
|switch|p1b: Sinistcha|Sinistcha, L50|100/100
|-heal|p1a: Milotic|94/100|[from] ability: Hospitality|[of] p1b: Sinistcha
|move|p2b: Excadrill|Protect|p2b: Excadrill
|-singleturn|p2b: Excadrill|Protect
|move|p2a: Talonflame|Brave Bird|p1a: Milotic
|-damage|p1a: Milotic|51/100
|-damage|p2a: Talonflame|41/100|[from] Recoil
|move|p1a: Milotic|Scald|p2b: Excadrill
|-activate|p2b: Excadrill|move: Protect
|
|upkeep
|turn|7
|inactive|sbhaga34 has 30 seconds left.
|inactive|Davirate has 30 seconds left.
|
|t:|1756951622
|switch|p2b: Gardevoir|Gardevoir, L50, F, shiny|95/100
|-terastallize|p1b: Sinistcha|Water
|move|p1a: Milotic|Protect|p1a: Milotic
|-singleturn|p1a: Milotic|Protect
|move|p2a: Talonflame|Taunt|p1b: Sinistcha
|-start|p1b: Sinistcha|move: Taunt
|move|p1b: Sinistcha|Matcha Gotcha|p2b: Gardevoir|[spread] p2a,p2b
|-resisted|p2a: Talonflame
|-crit|p2a: Talonflame
|-crit|p2b: Gardevoir
|-damage|p2a: Talonflame|29/100
|-damage|p2b: Gardevoir|56/100
|
|upkeep
|turn|8
|inactive|Davirate has 30 seconds left.
|inactive|sbhaga34 has 30 seconds left.
|inactive|sbhaga34 has 20 seconds left.
|inactive|sbhaga34 has 15 seconds left.
|inactive|sbhaga34 has 10 seconds left.
|
|t:|1756951670
|move|p2a: Talonflame|U-turn|p1a: Milotic
|-damage|p1a: Milotic|35/100
|
|t:|1756951672
|switch|p2a: Excadrill|Excadrill, L50, M, shiny|100/100|[from] U-turn
|move|p2b: Gardevoir|Moonblast|p1a: Milotic
|-damage|p1a: Milotic|0 fnt
|faint|p1a: Milotic
|move|p1b: Sinistcha|Matcha Gotcha|p2b: Gardevoir|[spread] p2a,p2b
|-damage|p2a: Excadrill|69/100
|-damage|p2b: Gardevoir|33/100
|-status|p2a: Excadrill|brn
|-status|p2b: Gardevoir|brn
|
|-damage|p2b: Gardevoir|27/100 brn|[from] brn
|-damage|p2a: Excadrill|63/100 brn|[from] brn
|-sideend|p2: sbhaga34|move: Tailwind
|upkeep
|
|t:|1756951688
|switch|p1a: Tyranitar|Tyranitar, L50, F|53/100
|-weather|Sandstorm|[from] ability: Sand Stream|[of] p1a: Tyranitar
|turn|9
|
|t:|1756951706
|move|p2a: Excadrill|Earthquake|p1a: Tyranitar|[spread] p1a,p1b
|-activate|p2b: Gardevoir|ability: Telepathy
|-supereffective|p1a: Tyranitar
|-damage|p1a: Tyranitar|17/100
|-damage|p1b: Sinistcha|84/100
|move|p2b: Gardevoir|Moonblast|p1a: Tyranitar
|-supereffective|p1a: Tyranitar
|-damage|p1a: Tyranitar|0 fnt
|faint|p1a: Tyranitar
|move|p1b: Sinistcha|Matcha Gotcha|p2b: Gardevoir|[spread] p2a
|-miss|p1b: Sinistcha|p2b: Gardevoir
|-damage|p2a: Excadrill|30/100 brn
|-heal|p1b: Sinistcha|100/100|[from] drain|[of] p2a: Excadrill
|
|-weather|Sandstorm|[upkeep]
|-damage|p2b: Gardevoir|21/100 brn|[from] Sandstorm
|-damage|p1b: Sinistcha|94/100|[from] Sandstorm
|-damage|p2a: Excadrill|24/100 brn|[from] brn
|-damage|p2b: Gardevoir|15/100 brn|[from] brn
|-end|p1b: Sinistcha|move: Taunt
|upkeep
|
|t:|1756951724
|switch|p1a: Garchomp|Garchomp, L50, F|68/100
|turn|10
|
|t:|1756951748
|move|p1b: Sinistcha|Rage Powder|p1b: Sinistcha
|-singleturn|p1b: Sinistcha|move: Rage Powder
|move|p2a: Excadrill|Iron Head|p1b: Sinistcha
|-resisted|p1b: Sinistcha
|-damage|p1b: Sinistcha|86/100
|move|p2b: Gardevoir|Moonblast|p1b: Sinistcha
|-damage|p1b: Sinistcha|35/100
|-enditem|p1b: Sinistcha|Sitrus Berry|[eat]
|-heal|p1b: Sinistcha|60/100|[from] item: Sitrus Berry
|move|p1a: Garchomp|Stomping Tantrum|p2b: Gardevoir
|-damage|p2b: Gardevoir|0 fnt
|faint|p2b: Gardevoir
|-damage|p1a: Garchomp|59/100|[from] item: Life Orb
|
|-weather|Sandstorm|[upkeep]
|-damage|p1b: Sinistcha|54/100|[from] Sandstorm
|-damage|p2a: Excadrill|18/100 brn|[from] brn
|upkeep
|
|t:|1756951763
|switch|p2b: Talonflame|Talonflame, L50, M|29/100
|turn|11
|inactive|Davirate has 30 seconds left.
|
|t:|1756951797
|move|p2a: Excadrill|Protect|p2a: Excadrill
|-singleturn|p2a: Excadrill|Protect
|move|p2b: Talonflame|Brave Bird|p1b: Sinistcha
|-damage|p1b: Sinistcha|26/100
|-damage|p2b: Talonflame|20/100|[from] Recoil
|move|p1a: Garchomp|Dragon Claw|p2b: Talonflame
|-damage|p2b: Talonflame|0 fnt
|faint|p2b: Talonflame
|-damage|p1a: Garchomp|49/100|[from] item: Life Orb
|move|p1b: Sinistcha|Strength Sap|p2a: Excadrill
|-activate|p2a: Excadrill|move: Protect
|
|-weather|Sandstorm|[upkeep]
|-damage|p1b: Sinistcha|20/100|[from] Sandstorm
|-damage|p2a: Excadrill|12/100 brn|[from] brn
|upkeep
|turn|12
|inactive|Davirate has 30 seconds left.
|
|t:|1756951827
|-terastallize|p2a: Excadrill|Ground
|move|p2a: Excadrill|Earthquake|p1a: Garchomp|[spread] p1a,p1b
|-damage|p1a: Garchomp|16/100
|-damage|p1b: Sinistcha|0 fnt
|faint|p1b: Sinistcha
|move|p1a: Garchomp|Stomping Tantrum|p2a: Excadrill
|-damage|p2a: Excadrill|0 fnt
|faint|p2a: Excadrill
|-damage|p1a: Garchomp|6/100|[from] item: Life Orb
|
|win|Davirate
|raw|Davirate's rating: 1253 → 1279(+26 for winning)
|raw|sbhaga34's rating: 1268 → 1242(-26 for losing)
|l|☆sbhaga34
|player|p2|
