|j|☆Crying Flurmels
|j|☆jogadorzero
|html|Crying Flurmelsjogadorzero    
|uhtml|bestof|Game 2 of a best-of-3
|t:|1756589128
|gametype|doubles
|player|p1|Crying Flurmels|102|
|player|p2|jogadorzero|brock|
|gen|9
|tier|[Gen 9] VGC 2025 Reg H (Bo3)
|rule|Species Clause: Limit one of each Pokémon
|rule|Item Clause: Limit 1 of each item
|clearpoke
|poke|p1|Murkrow, L50, M|
|poke|p1|Volcarona, L50, M|
|poke|p1|Sneasler, L50, M|
|poke|p1|Kingambit, L50, F|
|poke|p1|Dragonite, L50, M|
|poke|p1|Rillaboom, L50, M|
|poke|p2|Delphox, L50, M|
|poke|p2|Indeedee, L50, M|
|poke|p2|Dragapult, L50, M|
|poke|p2|Sneasler, L50, F|
|poke|p2|Talonflame, L50, M|
|poke|p2|Ninetales-Alola, L50, F|
|teampreview|4
|showteam|p1|Murkrow||Eviolite|Prankster|FoulPlay,Tailwind,Haze,SunnyDay|||M|||50|,,,,,Ghost]Volcarona||CovertCloak|FlameBody|HeatWave,TeraBlast,QuiverDance,Protect|||M|||50|,,,,,Water]Sneasler||GrassySeed|Unburden|DireClaw,CloseCombat,Protect,Coaching|||M|||50|,,,,,Stellar]Kingambit||BlackGlasses|Defiant|KowtowCleave,SuckerPunch,SwordsDance,Protect|||F|||50|,,,,,Dark]Dragonite||ChoiceBand|InnerFocus|Outrage,StompingTantrum,LowKick,ExtremeSpeed|||M|||50|,,,,,Normal]Rillaboom||MiracleSeed|GrassySurge|WoodHammer,GrassyGlide,Uturn,FakeOut|||M|||50|,,,,,Fire
|showteam|p2|Delphox||LifeOrb|Blaze|ExpandingForce,HeatWave,TeraBlast,Protect|||M|||50|,,,,,Fighting]Indeedee||FocusSash|PsychicSurge|ExpandingForce,TrickRoom,Imprison,TeraBlast|||M|||50|,,,,,Fighting]Dragapult||ChoiceBand|ClearBody|DragonDarts,TeraBlast,Uturn,PhantomForce|||M|||50|,,,,,Fairy]Sneasler||PsychicSeed|Unburden|DireClaw,CloseCombat,Protect,ThroatChop|||F|||50|,,,,,Dark]Talonflame||CovertCloak|GaleWings|Tailwind,FlareBlitz,BraveBird,Protect|||M|||50|,,,,,Electric]Ninetales-Alola||LightClay|SnowWarning|FreezeDry,AuroraVeil,Moonblast,Protect|||F|||50|,,,,,Ice
|inactive|Battle timer is ON: inactive players will automatically lose when time's up. (requested by jogadorzero)
|inactive|Crying Flurmels has 60 seconds left.
|
|t:|1756589165
|teamsize|p1|4
|teamsize|p2|4
|start
|switch|p1a: Sneasler|Sneasler, L50, M|100/100
|switch|p1b: Kingambit|Kingambit, L50, F|100/100
|switch|p2a: Talonflame|Talonflame, L50, M|100/100
|switch|p2b: Dragapult|Dragapult, L50, M|100/100
|turn|1
|inactive|jogadorzero has 30 seconds left.
|
|t:|1756589192
|-terastallize|p2b: Dragapult|Fairy
|move|p1a: Sneasler|Protect|p1a: Sneasler
|-singleturn|p1a: Sneasler|Protect
|move|p1b: Kingambit|Protect|p1b: Kingambit
|-singleturn|p1b: Kingambit|Protect
|move|p2a: Talonflame|Tailwind|p2a: Talonflame
|-sidestart|p2: jogadorzero|move: Tailwind
|move|p2b: Dragapult|Dragon Darts|p1a: Sneasler
|-activate|p1b: Kingambit|move: Protect
|
|upkeep
|turn|2
|inactive|Crying Flurmels has 30 seconds left.
|
|t:|1756589224
|move|p2b: Dragapult|Dragon Darts|p1a: Sneasler
|-damage|p1a: Sneasler|40/100
|-anim|p2b: Dragapult|Dragon Darts|p1b: Kingambit
|-resisted|p1b: Kingambit
|-damage|p1b: Kingambit|86/100
|move|p2a: Talonflame|Flare Blitz|p1b: Kingambit
|-supereffective|p1b: Kingambit
|-damage|p1b: Kingambit|17/100
|-damage|p2a: Talonflame|72/100|[from] Recoil
|move|p1a: Sneasler|Dire Claw|p2b: Dragapult
|-supereffective|p2b: Dragapult
|-damage|p2b: Dragapult|0 fnt
|faint|p2b: Dragapult
|move|p1b: Kingambit|Kowtow Cleave|p2a: Talonflame
|-damage|p2a: Talonflame|0 fnt
|faint|p2a: Talonflame
|
|upkeep
|
|t:|1756589241
|switch|p2b: Delphox|Delphox, L50, M|100/100
|switch|p2a: Sneasler|Sneasler, L50, F|100/100
|turn|3
|
|t:|1756589255
|move|p2b: Delphox|Protect|p2b: Delphox
|-singleturn|p2b: Delphox|Protect
|move|p1a: Sneasler|Protect|p1a: Sneasler
|-singleturn|p1a: Sneasler|Protect
|move|p1b: Kingambit|Protect|p1b: Kingambit
|-singleturn|p1b: Kingambit|Protect
|move|p2a: Sneasler|Close Combat|p1b: Kingambit
|-activate|p1b: Kingambit|move: Protect
|
|upkeep
|turn|4
|
|t:|1756589279
|move|p2b: Delphox|Protect||[still]
|-fail|p2b: Delphox
|move|p1b: Kingambit|Sucker Punch||[still]
|-fail|p1b: Kingambit
|move|p2a: Sneasler|Close Combat|p1b: Kingambit
|-supereffective|p1b: Kingambit
|-damage|p1b: Kingambit|0 fnt
|-unboost|p2a: Sneasler|def|1
|-unboost|p2a: Sneasler|spd|1
|faint|p1b: Kingambit
|move|p1a: Sneasler|Dire Claw|p2b: Delphox
|-damage|p2b: Delphox|38/100
|-status|p2b: Delphox|slp
|
|-sideend|p2: jogadorzero|move: Tailwind
|upkeep
|
|t:|1756589291
|switch|p1b: Rillaboom|Rillaboom, L50, M|100/100
|-fieldstart|move: Grassy Terrain|[from] ability: Grassy Surge|[of] p1b: Rillaboom
|-enditem|p1a: Sneasler|Grassy Seed
|-boost|p1a: Sneasler|def|1|[from] item: Grassy Seed
|turn|5
|
|t:|1756589302
|move|p2a: Sneasler|Protect|p2a: Sneasler
|-singleturn|p2a: Sneasler|Protect
|move|p1b: Rillaboom|Fake Out|p2a: Sneasler
|-activate|p2a: Sneasler|move: Protect
|move|p1a: Sneasler|Dire Claw|p2b: Delphox
|-damage|p2b: Delphox|0 fnt
|faint|p2b: Delphox
|
|-heal|p1a: Sneasler|46/100|[from] Grassy Terrain
|upkeep
|turn|6
|
|t:|1756589316
|move|p1a: Sneasler|Close Combat|p2a: Sneasler
|-resisted|p2a: Sneasler
|-damage|p2a: Sneasler|20/100
|-unboost|p1a: Sneasler|def|1
|-unboost|p1a: Sneasler|spd|1
|move|p2a: Sneasler|Dire Claw|p1b: Rillaboom
|-supereffective|p1b: Rillaboom
|-damage|p1b: Rillaboom|14/100
|-status|p1b: Rillaboom|psn
|move|p1b: Rillaboom|Wood Hammer|p2a: Sneasler
|-resisted|p2a: Sneasler
|-damage|p2a: Sneasler|0 fnt
|faint|p2a: Sneasler
|-damage|p1b: Rillaboom|9/100 psn|[from] Recoil
|
|win|Crying Flurmels
||jogadorzero is ready for game 3.
|inactive|Crying Flurmels has 30 seconds to confirm battle start!
||Crying Flurmels is ready for game 3.
|uhtml|next|Next: Game 3 of 3
