|j|☆FireFerret12
|j|☆gingyvgc3
|html|FireFerret12gingyvgc3    
|uhtml|bestof|Game 3 of a best-of-3
|t:|1756759647
|gametype|doubles
|player|p1|FireFerret12|nate|1085
|player|p2|gingyvgc3|hilbert-wonderlauncher|1059
|gen|9
|tier|[Gen 9] VGC 2025 Reg H (Bo3)
|rated|
|rule|Species Clause: Limit one of each Pokémon
|rule|Item Clause: Limit 1 of each item
|clearpoke
|poke|p1|Incineroar, L50, M|
|poke|p1|Gholdengo, L50|
|poke|p1|Rillaboom, L50, M|
|poke|p1|Farigiraf, L50, F|
|poke|p1|Dragonite, L50, M|
|poke|p1|Primarina, L50, M|
|poke|p2|Archaludon, L50, F|
|poke|p2|Pelipper, L50, F|
|poke|p2|Sinistcha, L50|
|poke|p2|Ursaluna-Bloodmoon, L50, M|
|poke|p2|Rillaboom, L50, M|
|poke|p2|Basculegion, L50, M|
|teampreview|4
|showteam|p1|Incineroar||AssaultVest|Intimidate|FakeOut,FlareBlitz,KnockOff,Uturn|||M|||50|,,,,,Grass]Gholdengo||GrassySeed|GoodasGold|MakeItRain,ShadowBall,NastyPlot,Protect||||||50|,,,,,Water]Rillaboom||MiracleSeed|GrassySurge|FakeOut,GrassyGlide,WoodHammer,Uturn|||M|||50|,,,,,Fire]Farigiraf||ThroatSpray|ArmorTail|Psychic,HyperVoice,TrickRoom,Protect|||F|||50|,,,,,Water]Dragonite||LoadedDice|Multiscale|ExtremeSpeed,ScaleShot,Haze,Protect|||M|||50|,,,,,Steel]Primarina||ChoiceSpecs|LiquidVoice|Moonblast,HyperVoice,IcyWind,FlipTurn|||M|||50|,,,,,Poison
|showteam|p2|Archaludon||AssaultVest|Stamina|ElectroShot,BodyPress,FlashCannon,DragonPulse|||F|||50|,,,,,Bug]Pelipper||FocusSash|Drizzle|Hurricane,WeatherBall,WideGuard,Protect|||F|||50|,,,,,Stellar]Sinistcha||SitrusBerry|Hospitality|MatchaGotcha,ShadowBall,RagePowder,TrickRoom||||||50|,,,,,Water]Ursaluna-Bloodmoon||LifeOrb|MindsEye|BloodMoon,EarthPower,VacuumWave,Protect|||M|||50|,,,,,Fighting]Rillaboom||LoadedDice|GrassySurge|FakeOut,GrassyGlide,BulletSeed,HighHorsepower|||M|||50|,,,,,Fire]Basculegion||ChoiceBand|SwiftSwim|WaveCrash,LastRespects,AquaJet,FlipTurn|||M|||50|,,,,,Grass
|
|t:|1756759707
|teamsize|p1|4
|teamsize|p2|4
|start
|switch|p1a: Dragonite|Dragonite, L50, M|100/100
|switch|p1b: Primarina|Primarina, L50, M|100/100
|switch|p2a: Archaludon|Archaludon, L50, F|100/100
|switch|p2b: Ursaluna|Ursaluna-Bloodmoon, L50, M|100/100
|turn|1
|
|t:|1756759754
|move|p1a: Dragonite|Scale Shot|p2b: Ursaluna
|-damage|p2b: Ursaluna|89/100
|-damage|p2b: Ursaluna|78/100
|-damage|p2b: Ursaluna|66/100
|-damage|p2b: Ursaluna|55/100
|-hitcount|p2b: Ursaluna|4
|-unboost|p1a: Dragonite|def|1
|-boost|p1a: Dragonite|spe|1
|move|p2a: Archaludon|Dragon Pulse|p1a: Dragonite
|-supereffective|p1a: Dragonite
|-damage|p1a: Dragonite|60/100
|move|p2b: Ursaluna|Earth Power|p1b: Primarina
|-damage|p1b: Primarina|46/100
|-damage|p2b: Ursaluna|45/100|[from] item: Life Orb
|move|p1b: Primarina|Hyper Voice|p2a: Archaludon|[spread] p2a,p2b
|-resisted|p2a: Archaludon
|-supereffective|p2b: Ursaluna
|-damage|p2a: Archaludon|81/100
|-damage|p2b: Ursaluna|0 fnt
|-ability|p2a: Archaludon|Stamina|boost
|-boost|p2a: Archaludon|def|1
|faint|p2b: Ursaluna
|
|upkeep
|
|t:|1756759773
|switch|p2b: Pelipper|Pelipper, L50, F|100/100
|-weather|RainDance|[from] ability: Drizzle|[of] p2b: Pelipper
|turn|2
|
|t:|1756759793
|move|p2b: Pelipper|Wide Guard|p2b: Pelipper
|-singleturn|p2b: Pelipper|Wide Guard
|move|p1a: Dragonite|Scale Shot|p2b: Pelipper
|-crit|p2b: Pelipper
|-damage|p2b: Pelipper|72/100
|-damage|p2b: Pelipper|52/100
|-damage|p2b: Pelipper|30/100
|-damage|p2b: Pelipper|8/100
|-hitcount|p2b: Pelipper|4
|-unboost|p1a: Dragonite|def|1
|-boost|p1a: Dragonite|spe|1
|move|p2a: Archaludon|Dragon Pulse|p1a: Dragonite
|-supereffective|p1a: Dragonite
|-damage|p1a: Dragonite|0 fnt
|faint|p1a: Dragonite
|move|p1b: Primarina|Hyper Voice|p2b: Pelipper|[spread] 
|-activate|p2a: Archaludon|move: Wide Guard
|-activate|p2b: Pelipper|move: Wide Guard
|
|-weather|RainDance|[upkeep]
|upkeep
|
|t:|1756759797
|switch|p1a: Rillaboom|Rillaboom, L50, M|100/100
|-fieldstart|move: Grassy Terrain|[from] ability: Grassy Surge|[of] p1a: Rillaboom
|turn|3
|
|t:|1756759816
|switch|p1b: Gholdengo|Gholdengo, L50|100/100
|-enditem|p1b: Gholdengo|Grassy Seed
|-boost|p1b: Gholdengo|def|1|[from] item: Grassy Seed
|move|p2b: Pelipper|Protect||[still]
|-fail|p2b: Pelipper
|move|p1a: Rillaboom|Grassy Glide|p2b: Pelipper
|-damage|p2b: Pelipper|0 fnt
|faint|p2b: Pelipper
|move|p2a: Archaludon|Electro Shot||[still]
|-prepare|p2a: Archaludon|Electro Shot
|-boost|p2a: Archaludon|spa|1
|-anim|p2a: Archaludon|Electro Shot|p1b: Gholdengo
|-damage|p1b: Gholdengo|29/100
|
|-weather|RainDance|[upkeep]
|-heal|p1b: Gholdengo|35/100|[from] Grassy Terrain
|-heal|p2a: Archaludon|87/100|[from] Grassy Terrain
|upkeep
|
|t:|1756759831
|switch|p2b: Rillaboom|Rillaboom, L50, M|100/100
|turn|4
|
|t:|1756759862
|move|p2b: Rillaboom|Fake Out|p1a: Rillaboom
|-damage|p1a: Rillaboom|84/100
|move|p1b: Gholdengo|Shadow Ball|p2a: Archaludon
|-damage|p2a: Archaludon|57/100
|-ability|p2a: Archaludon|Stamina|boost
|-boost|p2a: Archaludon|def|1
|cant|p1a: Rillaboom|flinch
|move|p2a: Archaludon|Electro Shot||[still]
|-prepare|p2a: Archaludon|Electro Shot
|-boost|p2a: Archaludon|spa|1
|-anim|p2a: Archaludon|Electro Shot|p1b: Gholdengo
|-damage|p1b: Gholdengo|0 fnt
|faint|p1b: Gholdengo
|
|-weather|RainDance|[upkeep]
|-heal|p1a: Rillaboom|91/100|[from] Grassy Terrain
|-heal|p2a: Archaludon|63/100|[from] Grassy Terrain
|upkeep
|
|t:|1756759873
|switch|p1b: Primarina|Primarina, L50, M|46/100
|turn|5
|
|t:|1756759913
|-terastallize|p2b: Rillaboom|Fire
|-terastallize|p1b: Primarina|Poison
|move|p2b: Rillaboom|High Horsepower|p1b: Primarina
|-supereffective|p1b: Primarina
|-damage|p1b: Primarina|0 fnt
|faint|p1b: Primarina
|move|p1a: Rillaboom|Wood Hammer|p2a: Archaludon
|-resisted|p2a: Archaludon
|-damage|p2a: Archaludon|56/100
|-ability|p2a: Archaludon|Stamina|boost
|-boost|p2a: Archaludon|def|1
|-damage|p1a: Rillaboom|88/100|[from] Recoil
|move|p2a: Archaludon|Dragon Pulse|p1a: Rillaboom
|-damage|p1a: Rillaboom|7/100
|
|-weather|RainDance|[upkeep]
|-heal|p1a: Rillaboom|13/100|[from] Grassy Terrain
|-heal|p2a: Archaludon|62/100|[from] Grassy Terrain
|upkeep
|turn|6
|-message|FireFerret12 forfeited.
|
|win|gingyvgc3
|raw|FireFerret12's rating: 1085 → 1061(-24 for losing)
|raw|gingyvgc3's rating: 1059 → 1092(+33 for winning)
|l|☆FireFerret12
|player|p1|
