|j|☆jomivgc
|j|☆matteo2002
|html|jomivgcmatteo2002    
|uhtml|bestof|Game 2 of a best-of-3
|t:|1784732824
|gametype|doubles
|player|p1|jomivgc|falkner-gen2|1247
|player|p2|matteo2002|266|1166
|gen|9
|tier|[Gen 9 Champions] VGC 2026 Reg M-B (Bo3)
|rated|
|rule|Species Clause: Limit one of each Pokémon
|rule|Item Clause: Limit 1 of each item
|clearpoke
|poke|p1|Staraptor, L50, M|
|poke|p1|Vanilluxe, L50, F|
|poke|p1|Farigiraf, L50, M|
|poke|p1|Blastoise, L50, M|
|poke|p1|Kingambit, L50, M|
|poke|p1|Camerupt, L50, F|
|poke|p2|Charizard, L50, F|
|poke|p2|Venusaur, L50, F|
|poke|p2|Pelipper, L50, M|
|poke|p2|Archaludon, L50, F|
|poke|p2|Grimmsnarl, L50, M|
|poke|p2|Swampert, L50, M|
|teampreview|4
|showteam|p1|Staraptor||ChoiceScarf|Intimidate|FinalGambit,BraveBird,CloseCombat,Uturn|Jolly||M|||50|]Vanilluxe||NeverMeltIce|SnowWarning|Blizzard,FreezeDry,Protect,IceShard|Quiet||F|||50|]Farigiraf||SitrusBerry|ArmorTail|PsychicFangs,HyperVoice,HelpingHand,TrickRoom|Relaxed||M|||50|]Blastoise||Blastoisinite|RainDish|FakeOut,WaterSpout,AuraSphere,DarkPulse|Quiet||M|||50|]Kingambit||LifeOrb|Defiant|KowtowCleave,IronHead,Protect,SuckerPunch|Brave||M|||50|]Camerupt||Cameruptite|SolidRock|HeatWave,EarthPower,Protect,AncientPower|Quiet||F|||50|
|showteam|p2|Charizard||CharizarditeY|Blaze|HeatWave,WeatherBall,Protect,HelpingHand|Modest||F|||50|]Venusaur||LifeOrb|Chlorophyll|SludgeBomb,SleepPowder,EarthPower,SolarBeam|Modest||F|||50|]Pelipper||SitrusBerry|Drizzle|Hurricane,WeatherBall,Tailwind,WideGuard|Serious||M|||50|]Archaludon||Leftovers|Stamina|ElectroShot,DragonPulse,Protect,FlashCannon|Calm||F|||50|]Grimmsnarl||LightClay|Prankster|Reflect,LightScreen,PartingShot,SpiritBreak|Sassy||M|||50|]Swampert||Swampertite|Torrent|Earthquake,WaveCrash,IcePunch,Protect|Adamant||M|||50|
|inactive|Battle timer is ON: inactive players will automatically lose when time's up. (requested by jomivgc)
|inactive|jomivgc has 60 seconds left.
|
|t:|1784732877
|teamsize|p1|4
|teamsize|p2|4
|start
|switch|p1a: Blastoise|Blastoise, L50, M|100/100
|switch|p1b: Staraptor|Staraptor, L50, M|100/100
|switch|p2a: Charizard|Charizard, L50, F|100/100
|switch|p2b: Venusaur|Venusaur, L50, F|100/100
|-ability|p1b: Staraptor|Intimidate|boost
|-unboost|p2a: Charizard|atk|1
|-unboost|p2b: Venusaur|atk|1
|turn|1
|inactive|matteo2002 has 30 seconds left.
|
|t:|1784732903
|detailschange|p2a: Charizard|Charizard-Mega-Y, L50, F
|-mega|p2a: Charizard|Charizard|Charizardite Y
|-weather|SunnyDay|[from] ability: Drought|[of] p2a: Charizard
|detailschange|p1a: Blastoise|Blastoise-Mega, L50, M
|-mega|p1a: Blastoise|Blastoise|Blastoisinite
|move|p1a: Blastoise|Fake Out|p2b: Venusaur
|-damage|p2b: Venusaur|86/100
|cant|p2b: Venusaur|flinch
|move|p1b: Staraptor|Brave Bird|p2b: Venusaur
|-supereffective|p2b: Venusaur|1
|-damage|p2b: Venusaur|0 fnt
|faint|p2b: Venusaur
|-damage|p1b: Staraptor|76/100|[from] Recoil
|move|p2a: Charizard|Heat Wave|p1a: Blastoise|[spread] p1a,p1b
|-resisted|p1a: Blastoise|1
|-damage|p1a: Blastoise|72/100
|-damage|p1b: Staraptor|0 fnt
|faint|p1b: Staraptor
|
|-weather|SunnyDay|[upkeep]
|upkeep
|
|t:|1784732926
|switch|p1b: Farigiraf|Farigiraf, L50, M|100/100
|switch|p2b: Archaludon|Archaludon, L50, F|100/100
|turn|2
|inactive|jomivgc has 30 seconds left.
|inactive|jomivgc has 20 seconds left.
|inactive|matteo2002 has 30 seconds left.
|inactive|jomivgc has 15 seconds left.
|
|t:|1784732969
|switch|p1a: Vanilluxe|Vanilluxe, L50, F|100/100
|-weather|Snowscape|[from] ability: Snow Warning|[of] p1a: Vanilluxe
|move|p2a: Charizard|Weather Ball|p1b: Farigiraf
|-damage|p1b: Farigiraf|64/100
|move|p2b: Archaludon|Dragon Pulse|p1b: Farigiraf
|-damage|p1b: Farigiraf|34/100
|-enditem|p1b: Farigiraf|Sitrus Berry|[eat]
|-heal|p1b: Farigiraf|59/100|[from] item: Sitrus Berry
|move|p1b: Farigiraf|Trick Room|p1b: Farigiraf
|-fieldstart|move: Trick Room|[of] p1b: Farigiraf
|
|-weather|Snowscape|[upkeep]
|upkeep
|turn|3
|inactive|jomivgc has 30 seconds left.
|inactive|matteo2002 has 30 seconds left.
|
|t:|1784733007
|move|p2b: Archaludon|Protect|p2b: Archaludon
|-singleturn|p2b: Archaludon|Protect
|move|p1b: Farigiraf|Hyper Voice|p2a: Charizard|[spread] p2a
|-activate|p2b: Archaludon|move: Protect
|-damage|p2a: Charizard|78/100
|move|p1a: Vanilluxe|Freeze-Dry|p2a: Charizard
|-damage|p2a: Charizard|38/100
|move|p2a: Charizard|Heat Wave|p1a: Vanilluxe|[spread] p1a,p1b
|-supereffective|p1a: Vanilluxe|1
|-crit|p1b: Farigiraf
|-damage|p1a: Vanilluxe|15/100
|-damage|p1b: Farigiraf|4/100
|
|-weather|Snowscape|[upkeep]
|upkeep
|turn|4
|inactive|jomivgc has 30 seconds left.
|inactive|matteo2002 has 30 seconds left.
|
|t:|1784733040
|switch|p2a: Pelipper|Pelipper, L50, M|100/100
|-weather|RainDance|[from] ability: Drizzle|[of] p2a: Pelipper
|move|p1b: Farigiraf|Helping Hand|p1a: Vanilluxe
|-singleturn|p1a: Vanilluxe|Helping Hand|[of] p1b: Farigiraf
|move|p1a: Vanilluxe|Blizzard|p2a: Pelipper|[spread] p2a,p2b
|-damage|p2a: Pelipper|7/100
|-damage|p2b: Archaludon|26/100
|-ability|p2b: Archaludon|Stamina|boost
|-boost|p2b: Archaludon|def|1
|-enditem|p2a: Pelipper|Sitrus Berry|[eat]
|-heal|p2a: Pelipper|31/100|[from] item: Sitrus Berry
|move|p2b: Archaludon|Electro Shot||[still]
|-prepare|p2b: Archaludon|Electro Shot
|-boost|p2b: Archaludon|spa|1
|-anim|p2b: Archaludon|Electro Shot|p1b: Farigiraf
|-damage|p1b: Farigiraf|0 fnt
|faint|p1b: Farigiraf
|
|-weather|RainDance|[upkeep]
|-heal|p2b: Archaludon|32/100|[from] item: Leftovers
|upkeep
|
|t:|1784733055
|switch|p1b: Blastoise|Blastoise-Mega, L50, M|72/100
|turn|5
|inactive|jomivgc has 30 seconds left.
|inactive|matteo2002 has 30 seconds left.
|inactive|jomivgc has 20 seconds left.
|
|t:|1784733092
|move|p2b: Archaludon|Protect|p2b: Archaludon
|-singleturn|p2b: Archaludon|Protect
|move|p1b: Blastoise|Dark Pulse|p2a: Pelipper
|-damage|p2a: Pelipper|0 fnt
|faint|p2a: Pelipper
|move|p1a: Vanilluxe|Freeze-Dry|p2b: Archaludon
|-activate|p2b: Archaludon|move: Protect
|
|-weather|RainDance|[upkeep]
|-heal|p2b: Archaludon|38/100|[from] item: Leftovers
|upkeep
|
|t:|1784733103
|switch|p2a: Charizard|Charizard-Mega-Y, L50, F|38/100
|-weather|SunnyDay|[from] ability: Drought|[of] p2a: Charizard
|turn|6
|inactive|jomivgc has 30 seconds left.
|
|t:|1784733130
|move|p2b: Archaludon|Protect|p2b: Archaludon
|-singleturn|p2b: Archaludon|Protect
|move|p2a: Charizard|Protect|p2a: Charizard
|-singleturn|p2a: Charizard|Protect
|move|p1b: Blastoise|Water Spout|p2b: Archaludon|[spread] 
|-activate|p2a: Charizard|move: Protect
|-activate|p2b: Archaludon|move: Protect
|move|p1a: Vanilluxe|Freeze-Dry|p2b: Archaludon
|-activate|p2b: Archaludon|move: Protect
|
|-weather|SunnyDay|[upkeep]
|-heal|p2b: Archaludon|44/100|[from] item: Leftovers
|-fieldend|move: Trick Room
|upkeep
|turn|7
|inactive|jomivgc has 30 seconds left.
|
|t:|1784733160
|move|p1a: Vanilluxe|Protect|p1a: Vanilluxe
|-singleturn|p1a: Vanilluxe|Protect
|move|p2a: Charizard|Heat Wave|p1a: Vanilluxe|[spread] p1b
|-activate|p1a: Vanilluxe|move: Protect
|-resisted|p1b: Blastoise|1
|-damage|p1b: Blastoise|48/100
|move|p2b: Archaludon|Dragon Pulse|p1b: Blastoise
|-damage|p1b: Blastoise|4/100
|move|p1b: Blastoise|Dark Pulse|p2a: Charizard
|-damage|p2a: Charizard|0 fnt
|faint|p2a: Charizard
|
|-weather|SunnyDay|[upkeep]
|-heal|p2b: Archaludon|50/100g|[from] item: Leftovers
|upkeep
|turn|8
|inactive|jomivgc has 30 seconds left.
|inactive|jomivgc has 20 seconds left.
|
|t:|1784733200
|move|p2b: Archaludon|Dragon Pulse|p1b: Blastoise
|-damage|p1b: Blastoise|0 fnt
|faint|p1b: Blastoise
|move|p1a: Vanilluxe|Blizzard|p2b: Archaludon
|-damage|p2b: Archaludon|0 fnt
|faint|p2b: Archaludon
|
|win|jomivgc
|raw|jomivgc's rating: 1247 → 1266(+19 for winning)
|raw|matteo2002's rating: 1166 → 1147(-19 for losing)
