|j|☆TeyVgc
|j|☆NemoAK
|html|TeyVgcNemoAK    
|uhtml|bestof|Game 2 of a best-of-3
|t:|1783137760
|gametype|doubles
|player|p1|TeyVgc|rood|1142
|player|p2|NemoAK|170|1196
|gen|9
|tier|[Gen 9 Champions] VGC 2026 Reg M-B (Bo3)
|rated|
|rule|Species Clause: Limit one of each Pokémon
|rule|Item Clause: Limit 1 of each item
|clearpoke
|poke|p1|Excadrill, L50, F|
|poke|p1|Tyranitar, L50, M|
|poke|p1|Staraptor, L50, M|
|poke|p1|Sinistcha, L50|
|poke|p1|Milotic, L50, F|
|poke|p1|Gholdengo, L50|
|poke|p2|Charizard, L50, M|
|poke|p2|Whimsicott, L50, M|
|poke|p2|Basculegion, L50, M|
|poke|p2|Farigiraf, L50, M|
|poke|p2|Garchomp, L50, M|
|poke|p2|Staraptor, L50, M|
|teampreview|4
|showteam|p1|Excadrill||FocusSash|SandRush|Earthquake,IronHead,RockSlide,Protect|Adamant||F|||50|]Tyranitar||Tyranitarite|SandStream|RockSlide,KnockOff,DragonDance,Protect|Adamant||M|||50|]Staraptor||Staraptite|Intimidate|BraveBird,CloseCombat,Tailwind,Protect|Jolly||M|||50|]Sinistcha||SitrusBerry|Hospitality|MatchaGotcha,RagePowder,LifeDew,TrickRoom|Calm|||||50|]Milotic||Leftovers|Competitive|Scald,IceBeam,Recover,Protect|Modest||F|||50|]Gholdengo||LifeOrb|GoodasGold|MakeItRain,ShadowBall,NastyPlot,Protect|Modest|||||50|
|showteam|p2|Charizard||CharizarditeY|Blaze|HeatWave,WeatherBall,SolarBeam,Protect|Modest||M|||50|]Whimsicott||MentalHerb|Prankster|Moonblast,Tailwind,Protect,Tickle|Timid||M|||50|]Basculegion||ChoiceScarf|Adaptability|LastRespects,WaveCrash,AquaJet,FlipTurn|Adamant||M|||50|]Farigiraf||SitrusBerry|ArmorTail|Psychic,HyperVoice,TrickRoom,HelpingHand|Quiet||M|||50|]Garchomp||LifeOrb|RoughSkin|Earthquake,RockSlide,ScaleShot,Protect|Jolly||M|||50|]Staraptor||Staraptite|Intimidate|CloseCombat,BraveBird,Roost,Protect|Jolly||M|||50|
|inactive|Battle timer is ON: inactive players will automatically lose when time's up. (requested by NemoAK)
|
|t:|1783137792
|teamsize|p1|4
|teamsize|p2|4
|start
|switch|p1a: Excadrill|Excadrill, L50, F|100/100
|switch|p1b: Tyranitar|Tyranitar, L50, M|100/100
|switch|p2a: Fluffy|Whimsicott, L50, M|100/100
|switch|p2b: Dracarys|Charizard, L50, M|100/100
|-weather|Sandstorm|[from] ability: Sand Stream|[of] p1b: Tyranitar
|turn|1
|inactive|TeyVgc has 30 seconds left.
|
|t:|1783137818
|switch|p2b: Toothless|Garchomp, L50, M|100/100
|move|p1a: Excadrill|Protect|p1a: Excadrill
|-singleturn|p1a: Excadrill|Protect
|move|p1b: Tyranitar|Protect|p1b: Tyranitar
|-singleturn|p1b: Tyranitar|Protect
|move|p2a: Fluffy|Tailwind|p2a: Fluffy
|-sidestart|p2: NemoAK|move: Tailwind
|
|-weather|Sandstorm|[upkeep]
|-damage|p2a: Fluffy|94/100|[from] Sandstorm
|upkeep
|turn|2
|
|t:|1783137837
|switch|p1b: Milotic|Milotic, L50, F|100/100
|move|p2a: Fluffy|Moonblast|p1a: Excadrill
|-resisted|p1a: Excadrill|1
|-damage|p1a: Excadrill|81/100
|move|p2b: Toothless|Earthquake|p1a: Excadrill|[spread] p2a,p1a,p1b
|-resisted|p2a: Fluffy|1
|-crit|p2a: Fluffy
|-supereffective|p1a: Excadrill|1
|-damage|p2a: Fluffy|45/100
|-damage|p1a: Excadrill|0 fnt
|-damage|p1b: Milotic|56/100
|faint|p1a: Excadrill
|-damage|p2b: Toothless|90/100|[from] item: Life Orb
|
|-weather|Sandstorm|[upkeep]
|-damage|p2a: Fluffy|40/100|[from] Sandstorm
|-damage|p1b: Milotic|50/100g|[from] Sandstorm
|-heal|p1b: Milotic|56/100|[from] item: Leftovers
|upkeep
|
|t:|1783137848
|switch|p1a: Gholdengo|Gholdengo, L50|100/100
|turn|3
|
|t:|1783137865
|move|p1a: Gholdengo|Protect|p1a: Gholdengo
|-singleturn|p1a: Gholdengo|Protect
|move|p2a: Fluffy|Tickle|p1b: Milotic
|-unboost|p1b: Milotic|atk|1
|-ability|p1b: Milotic|Competitive|boost
|-boost|p1b: Milotic|spa|2
|-unboost|p1b: Milotic|def|1
|-ability|p1b: Milotic|Competitive|boost
|-boost|p1b: Milotic|spa|2
|move|p2b: Toothless|Earthquake|p1a: Gholdengo|[spread] p2a,p1b
|-activate|p1a: Gholdengo|move: Protect
|-resisted|p2a: Fluffy|1
|-damage|p2a: Fluffy|5/100
|-damage|p1b: Milotic|0 fnt
|faint|p1b: Milotic
|-damage|p2b: Toothless|80/100|[from] item: Life Orb
|
|-weather|Sandstorm|[upkeep]
|-damage|p2a: Fluffy|0 fnt|[from] Sandstorm
|faint|p2a: Fluffy
|upkeep
|
|t:|1783137878
|switch|p2a: Dracarys|Charizard, L50, M|100/100
|switch|p1b: Tyranitar|Tyranitar, L50, M|100/100
|turn|4
|
|t:|1783137885
|detailschange|p1b: Tyranitar|Tyranitar-Mega, L50, M
|-mega|p1b: Tyranitar|Tyranitar|Tyranitarite
|move|p2a: Dracarys|Protect|p2a: Dracarys
|-singleturn|p2a: Dracarys|Protect
|move|p1a: Gholdengo|Protect||[still]
|-fail|p1a: Gholdengo
|move|p2b: Toothless|Earthquake|p1b: Tyranitar|[spread] p1a,p1b
|-activate|p2a: Dracarys|move: Protect
|-supereffective|p1a: Gholdengo|1
|-supereffective|p1b: Tyranitar|1
|-damage|p1a: Gholdengo|0 fnt
|-damage|p1b: Tyranitar|42/100
|faint|p1a: Gholdengo
|-damage|p2b: Toothless|70/100|[from] item: Life Orb
|move|p1b: Tyranitar|Rock Slide|p2b: Toothless|[spread] p2b
|-activate|p2a: Dracarys|move: Protect
|-resisted|p2b: Toothless|1
|-damage|p2b: Toothless|53/100
|
|-weather|Sandstorm|[upkeep]
|-damage|p2a: Dracarys|94/100|[from] Sandstorm
|-sideend|p2: NemoAK|move: Tailwind
|upkeep
|turn|5
|-message|TeyVgc forfeited.
|
|win|NemoAK
|raw|TeyVgc's rating: 1142 → 1121(-21 for losing)
|raw|NemoAK's rating: 1196 → 1217(+21 for winning)
