|j|☆robby w
|j|☆Bass pro stan
|html|robby wBass pro stan    
|uhtml|bestof|Game 1 of a best-of-3
|t:|1756561285
|gametype|doubles
|player|p1|robby w|pokekid|1279
|player|p2|Bass pro stan|fisherman-gen4|1249
|gen|9
|tier|[Gen 9] VGC 2025 Reg H (Bo3)
|rated|
|rule|Species Clause: Limit one of each Pokémon
|rule|Item Clause: Limit 1 of each item
|clearpoke
|poke|p1|Dondozo, L50, M|
|poke|p1|Tatsugiri, L50, F|
|poke|p1|Sneasler, L50, F|
|poke|p1|Indeedee, L50, M|
|poke|p1|Ursaluna-Bloodmoon, L50, M|
|poke|p1|Electabuzz, L50, F|
|poke|p2|Grimmsnarl, L50, M|
|poke|p2|Politoed, L50, F|
|poke|p2|Archaludon, L50, M|
|poke|p2|Basculegion, L50, M|
|poke|p2|Volcarona, L50, F|
|poke|p2|Flamigo, L50, M|
|teampreview|4
|showteam|p1|Dondozo||Leftovers|Unaware|Protect,WaveCrash,Earthquake,OrderUp|||M|||50|,,,,,Grass]Tatsugiri||ChoiceScarf|Commander|DragonPulse,IcyWind,DracoMeteor,MuddyWater|||F|||50|,,,,,Stellar]Sneasler||PsychicSeed|Unburden|DireClaw,CloseCombat,Protect,ThroatChop|||F|||50|,,,,,Dark]Indeedee||FocusSash|PsychicSurge|DazzlingGleam,TrickRoom,ExpandingForce,Protect|||M|||50|,,,,,Fairy]Ursaluna-Bloodmoon||LifeOrb|MindsEye|BloodMoon,Protect,HyperVoice,EarthPower|||M|||50|,,,,,Normal]Electabuzz||Eviolite|VitalSpirit|Electroweb,Protect,FollowMe,Taunt|||F|||50|,,,,,Ghost
|showteam|p2|Grimmsnarl||LightClay|Prankster|Reflect,LightScreen,SpiritBreak,MistyTerrain|||M|||50|,,,,,Ghost]Politoed||DampRock|Drizzle|RainDance,WeatherBall,Encore,Protect|||F|||50|,,,,,Grass]Archaludon||PowerHerb|Stalwart|ElectroShot,AuraSphere,FlashCannon,Protect|||M|||50|,,,,,Electric]Basculegion||AssaultVest|SwiftSwim|FlipTurn,AquaJet,LastRespects,Waterfall|||M|||50|,,,,,Grass]Volcarona||SitrusBerry|FlameBody|RagePowder,StruggleBug,WillOWisp,Tailwind|||F|||50|,,,,,Flying]Flamigo||CovertCloak|Scrappy|BraveBird,WideGuard,CloseCombat,Protect|||M|||50|,,,,,Steel
|inactive|Battle timer is ON: inactive players will automatically lose when time's up. (requested by Bass pro stan)
|c|☆Bass pro stan|glhf
|inactive|robby w has 60 seconds left.
|inactive|Bass pro stan has 60 seconds left.
|
|t:|1756561345
|teamsize|p1|4
|teamsize|p2|4
|start
|switch|p1a: Dondozo|Dondozo, L50, M, shiny|100/100
|switch|p1b: Sneasler|Sneasler, L50, F|100/100
|switch|p2a: Volcarona|Volcarona, L50, F|100/100
|switch|p2b: Flamigo|Flamigo, L50, M|100/100
|turn|1
|
|t:|1756561365
|switch|p1b: Tatsugiri|Tatsugiri, L50, F|100/100
|-activate|p1b: Tatsugiri|ability: Commander|[of] p1a: Dondozo
|-boost|p1a: Dondozo|atk|2
|-boost|p1a: Dondozo|spa|2
|-boost|p1a: Dondozo|spe|2
|-boost|p1a: Dondozo|def|2
|-boost|p1a: Dondozo|spd|2
|move|p1a: Dondozo|Wave Crash|p2a: Volcarona
|-supereffective|p2a: Volcarona
|-damage|p2a: Volcarona|0 fnt
|-status|p1a: Dondozo|brn|[from] ability: Flame Body|[of] p2a: Volcarona
|faint|p2a: Volcarona
|-damage|p1a: Dondozo|73/100 brn|[from] Recoil
|move|p2b: Flamigo|Brave Bird|p1b: Tatsugiri|[miss]
|-miss|p2b: Flamigo|p1b: Tatsugiri
|
|-heal|p1a: Dondozo|79/100 brn|[from] item: Leftovers
|-damage|p1a: Dondozo|73/100 brn|[from] brn
|upkeep
|
|t:|1756561376
|switch|p2a: Basculegion|Basculegion, L50, M|100/100
|turn|2
|
|t:|1756561396
|move|p1a: Dondozo|Order Up|p2b: Flamigo
|-damage|p2b: Flamigo|66/100
|-boost|p1a: Dondozo|atk|1
|move|p2b: Flamigo|Close Combat|p1a: Dondozo
|-damage|p1a: Dondozo|54/100 brn
|-unboost|p2b: Flamigo|def|1
|-unboost|p2b: Flamigo|spd|1
|move|p2a: Basculegion|Last Respects|p1a: Dondozo
|-damage|p1a: Dondozo|36/100 brn
|
|-heal|p1a: Dondozo|43/100 brn|[from] item: Leftovers
|-damage|p1a: Dondozo|36/100 brn|[from] brn
|upkeep
|turn|3
|
|t:|1756561419
|move|p2b: Flamigo|Protect|p2b: Flamigo
|-singleturn|p2b: Flamigo|Protect
|move|p1a: Dondozo|Order Up|p2a: Basculegion
|-damage|p2a: Basculegion|60/100
|-boost|p1a: Dondozo|atk|1
|move|p2a: Basculegion|Last Respects|p1a: Dondozo
|-damage|p1a: Dondozo|19/100 brn
|
|-heal|p1a: Dondozo|25/100 brn|[from] item: Leftovers
|-damage|p1a: Dondozo|19/100 brn|[from] brn
|upkeep
|turn|4
|
|t:|1756561434
|switch|p2b: Politoed|Politoed, L50, F|100/100
|-weather|RainDance|[from] ability: Drizzle|[of] p2b: Politoed
|move|p2a: Basculegion|Last Respects|p1a: Dondozo
|-crit|p1a: Dondozo
|-damage|p1a: Dondozo|0 fnt
|faint|p1a: Dondozo
|
|-weather|RainDance|[upkeep]
|upkeep
|
|t:|1756561446
|switch|p1a: Indeedee|Indeedee, L50, M|100/100
|-fieldstart|move: Psychic Terrain|[from] ability: Psychic Surge|[of] p1a: Indeedee
|turn|5
|inactive|Bass pro stan has 30 seconds left.
|
|t:|1756561475
|move|p1b: Tatsugiri|Dragon Pulse|p2a: Basculegion
|-damage|p2a: Basculegion|37/100
|move|p2a: Basculegion|Last Respects|p1b: Tatsugiri
|-damage|p1b: Tatsugiri|6/100
|move|p1a: Indeedee|Expanding Force|p2b: Politoed|[spread] p2a,p2b
|-damage|p2a: Basculegion|9/100
|-damage|p2b: Politoed|63/100
|move|p2b: Politoed|Weather Ball|p1a: Indeedee
|-damage|p1a: Indeedee|29/100
|
|-weather|RainDance|[upkeep]
|upkeep
|turn|6
|
|t:|1756561494
|move|p2b: Politoed|Protect|p2b: Politoed
|-singleturn|p2b: Politoed|Protect
|move|p1b: Tatsugiri|Dragon Pulse|p2a: Basculegion
|-damage|p2a: Basculegion|0 fnt
|faint|p2a: Basculegion
|move|p1a: Indeedee|Expanding Force|p2b: Politoed
|-activate|p2b: Politoed|move: Protect
|
|-weather|RainDance|[upkeep]
|upkeep
|
|t:|1756561496
|switch|p2a: Flamigo|Flamigo, L50, M|66/100
|turn|7
|inactive|robby w has 30 seconds left.
|
|t:|1756561531
|-terastallize|p1b: Tatsugiri|Stellar
|move|p2a: Flamigo|Protect|p2a: Flamigo
|-singleturn|p2a: Flamigo|Protect
|move|p1b: Tatsugiri|Dragon Pulse|p2b: Politoed
|-damage|p2b: Politoed|22/100
|move|p1a: Indeedee|Expanding Force|p2b: Politoed|[spread] p2b
|-activate|p2a: Flamigo|move: Protect
|-damage|p2b: Politoed|0 fnt
|faint|p2b: Politoed
|
|-weather|RainDance|[upkeep]
|upkeep
|turn|8
|c|☆Bass pro stan|ggwp
|-message|Bass pro stan forfeited.
|
|win|robby w
|l|☆Bass pro stan
|player|p2|
||Bass pro stan is ready for game 2.
|inactive|robby w has 30 seconds to confirm battle start!
||robby w is ready for game 2.
|uhtml|next|Next: Game 2 of 3
