|j|☆MinasDevilCrobats
|j|‽Ghejeue
|html|MinasDevilCrobatsGhejeue    
|uhtml|bestof|Game 2 of a best-of-3
|t:|1756440758
|gametype|doubles
|player|p1|MinasDevilCrobats|darach-caitlin|1059
|player|p2|Ghejeue|265|1041
|gen|9
|tier|[Gen 9] VGC 2025 Reg H (Bo3)
|rated|
|rule|Species Clause: Limit one of each Pokémon
|rule|Item Clause: Limit 1 of each item
|clearpoke
|poke|p1|Indeedee, L50, M|
|poke|p1|Sneasler, L50, F|
|poke|p1|Ursaluna-Bloodmoon, L50, M|
|poke|p1|Pelipper, L50, F|
|poke|p1|Archaludon, L50, M|
|poke|p1|Basculegion, L50, M|
|poke|p2|Gholdengo, L50|
|poke|p2|Tinkaton, L50, F|
|poke|p2|Sneasler, L50, F|
|poke|p2|Volcarona, L50, F|
|poke|p2|Basculegion, L50, M|
|poke|p2|Rillaboom, L50, M|
|teampreview|4
|showteam|p1|Indeedee||ChoiceScarf|PsychicSurge|ExpandingForce,DazzlingGleam,Trick,Protect|||M|||50|,,,,,Psychic]Sneasler||PsychicSeed|Unburden|CloseCombat,DireClaw,ThroatChop,Protect|||F|||50|,,,,,Dark]Ursaluna-Bloodmoon||LifeOrb|MindsEye|BloodMoon,HyperVoice,EarthPower,Protect|||M|||50|,,,,,Normal]Pelipper||FocusSash|Drizzle|Hurricane,WeatherBall,Tailwind,Protect|||F|||50|,,,,,Ghost]Archaludon||AssaultVest|Stamina|ElectroShot,BodyPress,FlashCannon,DracoMeteor|||M|||50|,,,,,Grass]Basculegion||ChoiceBand|SwiftSwim|WaveCrash,LastRespects,FlipTurn,AquaJet|||M|||50|,,,,,Ghost
|showteam|p2|Gholdengo||LifeOrb|GoodasGold|MakeItRain,ShadowBall,NastyPlot,Protect||||||50|,,,,,Water]Tinkaton||SitrusBerry|MoldBreaker|FakeOut,HelpingHand,GigatonHammer,Reflect|||F|||50|,,,,,Water]Sneasler||FocusSash|PoisonTouch|FakeOut,CloseCombat,DireClaw,Protect|||F|||50|,,,,,Stellar]Volcarona||RockyHelmet|FlameBody|RagePowder,Tailwind,StruggleBug,Overheat|||F|||50|,,,,,Fairy]Basculegion||MysticWater|Adaptability|WaveCrash,AquaJet,Protect,FlipTurn|||M|||50|,,,,,Water]Rillaboom||AssaultVest|GrassySurge|FakeOut,GrassyGlide,WoodHammer,HighHorsepower|||M|||50|,,,,,Fire
|inactive|Battle timer is ON: inactive players will automatically lose when time's up. (requested by Ghejeue)
|
|t:|1756440800
|teamsize|p1|4
|teamsize|p2|4
|start
|switch|p1a: Pelipper|Pelipper, L50, F|100/100
|switch|p1b: Archaludon|Archaludon, L50, M|100/100
|switch|p2a: Tinkaton|Tinkaton, L50, F|100/100
|switch|p2b: Sneasler|Sneasler, L50, F|100/100
|-ability|p2a: Tinkaton|Mold Breaker
|-weather|RainDance|[from] ability: Drizzle|[of] p1a: Pelipper
|turn|1
|inactive|MinasDevilCrobats has 30 seconds left.
|inactive|Ghejeue has 30 seconds left.
|
|t:|1756440834
|-terastallize|p2b: Sneasler|Stellar
|move|p2a: Tinkaton|Fake Out|p1a: Pelipper
|-damage|p1a: Pelipper|89/100
|move|p2b: Sneasler|Close Combat|p1b: Archaludon
|-supereffective|p1b: Archaludon
|-crit|p1b: Archaludon
|-damage|p1b: Archaludon|0 fnt
|-unboost|p2b: Sneasler|def|1
|-unboost|p2b: Sneasler|spd|1
|faint|p1b: Archaludon
|cant|p1a: Pelipper|flinch
|
|-weather|RainDance|[upkeep]
|upkeep
|
|t:|1756440841
|switch|p1b: Basculegion|Basculegion, L50, M|100/100
|turn|2
|
|t:|1756440858
|move|p1b: Basculegion|Flip Turn|p2a: Tinkaton
|-damage|p2a: Tinkaton|16/100
|-enditem|p2a: Tinkaton|Sitrus Berry|[eat]
|-heal|p2a: Tinkaton|41/100|[from] item: Sitrus Berry
|
|t:|1756440863
|switch|p1b: Ursaluna|Ursaluna-Bloodmoon, L50, M|100/100|[from] Flip Turn
|move|p2b: Sneasler|Dire Claw|p1b: Ursaluna
|-resisted|p1b: Ursaluna
|-damage|p1b: Ursaluna|79/100
|-status|p1b: Ursaluna|slp
|move|p2a: Tinkaton|Reflect|p2a: Tinkaton
|-sidestart|p2: Ghejeue|Reflect
|move|p1a: Pelipper|Tailwind|p1a: Pelipper
|-sidestart|p1: MinasDevilCrobats|move: Tailwind
|
|-weather|RainDance|[upkeep]
|upkeep
|turn|3
|
|t:|1756440882
|move|p1a: Pelipper|Weather Ball|p2b: Sneasler
|-enditem|p2b: Sneasler|Focus Sash
|-damage|p2b: Sneasler|1/100
|cant|p1b: Ursaluna|slp
|move|p2b: Sneasler|Dire Claw|p1b: Ursaluna
|-resisted|p1b: Ursaluna
|-damage|p1b: Ursaluna|62/100 slp
|move|p2a: Tinkaton|Gigaton Hammer|p1b: Ursaluna
|-damage|p1b: Ursaluna|22/100 slp
|
|-weather|RainDance|[upkeep]
|upkeep
|turn|4
|inactive|Ghejeue has 30 seconds left.
|
|t:|1756440915
|switch|p2a: Basculegion|Basculegion, L50, M|100/100
|move|p1a: Pelipper|Protect|p1a: Pelipper
|-singleturn|p1a: Pelipper|Protect
|move|p2b: Sneasler|Protect|p2b: Sneasler
|-singleturn|p2b: Sneasler|Protect
|-curestatus|p1b: Ursaluna|slp|[msg]
|move|p1b: Ursaluna|Hyper Voice|p2a: Basculegion|[spread] p2a
|-activate|p2b: Sneasler|move: Protect
|-damage|p2a: Basculegion|47/100
|-damage|p1b: Ursaluna|12/100|[from] item: Life Orb
|
|-weather|RainDance|[upkeep]
|upkeep
|turn|5
|inactive|Ghejeue has 30 seconds left.
|
|t:|1756440945
|switch|p2b: Tinkaton|Tinkaton, L50, F|41/100
|-ability|p2b: Tinkaton|Mold Breaker
|move|p2a: Basculegion|Protect|p2a: Basculegion
|-singleturn|p2a: Basculegion|Protect
|move|p1a: Pelipper|Weather Ball|p2b: Tinkaton
|-damage|p2b: Tinkaton|0 fnt
|faint|p2b: Tinkaton
|move|p1b: Ursaluna|Blood Moon|p2a: Basculegion
|-activate|p2a: Basculegion|move: Protect
|
|-weather|none
|-sideend|p1: MinasDevilCrobats|move: Tailwind
|upkeep
|inactive|Ghejeue has 30 seconds left.
|inactive|Ghejeue has 20 seconds left.
|
|t:|1756440982
|switch|p2b: Sneasler|Sneasler, L50, F, tera:Stellar|1/100
|turn|6
|
|t:|1756440992
|move|p1b: Ursaluna|Protect|p1b: Ursaluna
|-singleturn|p1b: Ursaluna|Protect
|move|p2b: Sneasler|Dire Claw|p1a: Pelipper
|-damage|p1a: Pelipper|37/100
|move|p1a: Pelipper|Tailwind|p1a: Pelipper
|-sidestart|p1: MinasDevilCrobats|move: Tailwind
|move|p2a: Basculegion|Flip Turn|p1b: Ursaluna
|-activate|p1b: Ursaluna|move: Protect
|
|-sideend|p2: Ghejeue|Reflect
|upkeep
|turn|7
|
|t:|1756441016
|switch|p1a: Basculegion|Basculegion, L50, M|100/100
|move|p2b: Sneasler|Protect|p2b: Sneasler
|-singleturn|p2b: Sneasler|Protect
|move|p2a: Basculegion|Aqua Jet|p1b: Ursaluna
|-supereffective|p1b: Ursaluna
|-damage|p1b: Ursaluna|0 fnt
|faint|p1b: Ursaluna
|
|upkeep
|
|t:|1756441023
|switch|p1b: Pelipper|Pelipper, L50, F|37/100
|-weather|RainDance|[from] ability: Drizzle|[of] p1b: Pelipper
|turn|8
|
|t:|1756441040
|switch|p2b: Volcarona|Volcarona, L50, F|100/100
|move|p2a: Basculegion|Aqua Jet|p1b: Pelipper
|-resisted|p1b: Pelipper
|-damage|p1b: Pelipper|7/100
|move|p1a: Basculegion|Last Respects|p2a: Basculegion
|-supereffective|p2a: Basculegion
|-damage|p2a: Basculegion|0 fnt
|faint|p2a: Basculegion
|move|p1b: Pelipper|Hurricane|p2b: Volcarona
|-supereffective|p2b: Volcarona
|-damage|p2b: Volcarona|0 fnt
|faint|p2b: Volcarona
|
|-weather|RainDance|[upkeep]
|upkeep
|
|t:|1756441057
|switch|p2b: Sneasler|Sneasler, L50, F, tera:Stellar|1/100
|turn|9
|-message|Ghejeue forfeited.
|raw|MinasDevilCrobats's rating: 1059 → 1089(+30 for winning)
|raw|Ghejeue's rating: 1041 → 1026(-15 for losing)
|
|win|MinasDevilCrobats
|l|‽Ghejeue
|player|p2|
