|j|‽Buddycrawfird
|j|☆dilldeethedaft
|html|Buddycrawfirddilldeethedaft    
|uhtml|bestof|Game 1 of a best-of-3
|t:|1757829642
|gametype|doubles
|player|p1|Buddycrawfird|265|1050
|player|p2|dilldeethedaft|169|1030
|gen|9
|tier|[Gen 9] VGC 2025 Reg H (Bo3)
|rated|
|rule|Species Clause: Limit one of each Pokémon
|rule|Item Clause: Limit 1 of each item
|clearpoke
|poke|p1|Dragapult, L50, M|
|poke|p1|Whimsicott, L50, M|
|poke|p1|Gholdengo, L50|
|poke|p1|Rillaboom, L50, F|
|poke|p1|Sneasler, L50, M|
|poke|p1|Dragonite, L50, F|
|poke|p2|Vaporeon, L50, M|
|poke|p2|Volcarona, L50, M|
|poke|p2|Mienshao, L50, M|
|poke|p2|Amoonguss, L50, M|
|poke|p2|Magnezone, L50|
|poke|p2|Kingambit, L50, F|
|teampreview|4
|showteam|p1|Dragapult||FocusSash|ClearBody|DragonDarts,Protect,TeraBlast,WillOWisp|||M|||50|,,,,,Ghost]Whimsicott||CovertCloak|Prankster|Tailwind,Taunt,Encore,Moonblast|||M|||50|,,,,,Dark]Gholdengo||GrassySeed|GoodasGold|MakeItRain,NastyPlot,ShadowBall,Protect||||||50|,,,,,Steel]Rillaboom||AssaultVest|GrassySurge|FakeOut,GrassyGlide,HighHorsepower,DrumBeating|||F|||50|,,,,,Grass]Sneasler||WhiteHerb|Unburden|DireClaw,CloseCombat,Coaching,Protect|||M|||50|,,,,,Stellar]Dragonite||LoadedDice|Multiscale|ScaleShot,ExtremeSpeed,Haze,Protect|||F|||50|,,,,,Fairy
|showteam|p2|Vaporeon||SitrusBerry|WaterAbsorb|IcyWind,Haze,Yawn,Scald|||M|||50|,,,,,Fire]Volcarona||Leftovers|FlameBody|Flamethrower,QuiverDance,Protect,TeraBlast|||M|||50|,,,,,Fairy]Mienshao||FocusSash|InnerFocus|FakeOut,CloseCombat,WideGuard,Protect|||M|||50|,,,,,Fighting]Amoonguss||RockyHelmet|Regenerator|RagePowder,Spore,EnergyBall,Protect|||M|||50|,,,,,Water]Magnezone||ChoiceSpecs|Sturdy|Thunder,Thunderbolt,VoltSwitch,FlashCannon||||||50|,,,,,Flying]Kingambit||BlackGlasses|Defiant|KowtowCleave,SuckerPunch,SwordsDance,Protect|||F|||50|,,,,,Dark
|inactive|Battle timer is ON: inactive players will automatically lose when time's up. (requested by Buddycrawfird)
|inactive|Buddycrawfird has 60 seconds left.
|inactive|dilldeethedaft has 60 seconds left.
|
|t:|1757829680
|teamsize|p1|4
|teamsize|p2|4
|start
|switch|p1a: Sneasler|Sneasler, L50, M|100/100
|switch|p1b: Whimsicott|Whimsicott, L50, M|100/100
|switch|p2a: Kingambit|Kingambit, L50, F|100/100
|switch|p2b: Volcarona|Volcarona, L50, M|100/100
|turn|1
|
|t:|1757829701
|switch|p1a: Dragapult|Dragapult, L50, M|100/100
|switch|p2a: Vaporeon|Vaporeon, L50, M|100/100
|move|p1b: Whimsicott|Taunt|p2b: Volcarona
|-start|p2b: Volcarona|move: Taunt
|move|p2b: Volcarona|Flamethrower|p1b: Whimsicott
|-supereffective|p1b: Whimsicott
|-damage|p1b: Whimsicott|0 fnt
|faint|p1b: Whimsicott
|
|upkeep
|
|t:|1757829720
|switch|p1b: Sneasler|Sneasler, L50, M|100/100
|turn|2
|
|t:|1757829739
|-terastallize|p2b: Volcarona|Fairy
|move|p1a: Dragapult|Dragon Darts|p2a: Vaporeon
|-crit|p2a: Vaporeon
|-damage|p2a: Vaporeon|61/100
|-anim|p1a: Dragapult|Dragon Darts|p2a: Vaporeon
|-damage|p2a: Vaporeon|30/100
|-enditem|p2a: Vaporeon|Sitrus Berry|[eat]
|-heal|p2a: Vaporeon|55/100|[from] item: Sitrus Berry
|move|p1b: Sneasler|Coaching|p1a: Dragapult
|-boost|p1a: Dragapult|atk|1
|-boost|p1a: Dragapult|def|1
|move|p2b: Volcarona|Flamethrower|p1b: Sneasler
|-damage|p1b: Sneasler|42/100
|move|p2a: Vaporeon|Icy Wind|p1a: Dragapult|[spread] p1a,p1b
|-supereffective|p1a: Dragapult
|-crit|p1a: Dragapult
|-damage|p1a: Dragapult|47/100
|-damage|p1b: Sneasler|23/100
|-unboost|p1b: Sneasler|spe|1
|-enditem|p1b: Sneasler|White Herb
|-clearnegativeboost|p1b: Sneasler|[silent]
|
|upkeep
|turn|3
|inactive|dilldeethedaft has 30 seconds left.
|
|t:|1757829772
|switch|p2b: Magnezone|Magnezone, L50|100/100
|-terastallize|p1b: Sneasler|Stellar
|move|p1b: Sneasler|Dire Claw|p2b: Magnezone
|-immune|p2b: Magnezone
|move|p1a: Dragapult|Dragon Darts|p2a: Vaporeon
|-damage|p2a: Vaporeon|14/100
|-anim|p1a: Dragapult|Dragon Darts|p2b: Magnezone
|-resisted|p2b: Magnezone
|-damage|p2b: Magnezone|85/100
|move|p2a: Vaporeon|Yawn|p1a: Dragapult
|-start|p1a: Dragapult|move: Yawn|[of] p2a: Vaporeon
|
|upkeep
|turn|4
|inactive|Buddycrawfird has 30 seconds left.
|inactive|dilldeethedaft has 30 seconds left.
|
|t:|1757829803
|move|p1b: Sneasler|Coaching|p1a: Dragapult
|-boost|p1a: Dragapult|atk|1
|-boost|p1a: Dragapult|def|1
|move|p1a: Dragapult|Dragon Darts|p2a: Vaporeon
|-damage|p2a: Vaporeon|0 fnt
|-anim|p1a: Dragapult|Dragon Darts|p2b: Magnezone
|-resisted|p2b: Magnezone
|-damage|p2b: Magnezone|62/100
|faint|p2a: Vaporeon
|move|p2b: Magnezone|Volt Switch|p1a: Dragapult
|-resisted|p1a: Dragapult
|-damage|p1a: Dragapult|4/100
|
|t:|1757829818
|switch|p2b: Kingambit|Kingambit, L50, F|100/100|[from] Volt Switch
|
|-end|p1a: Dragapult|move: Yawn|[silent]
|-status|p1a: Dragapult|slp
|upkeep
|
|t:|1757829826
|switch|p2a: Volcarona|Volcarona, L50, M, tera:Fairy|100/100
|turn|5
|
|t:|1757829842
|move|p1b: Sneasler|Protect|p1b: Sneasler
|-singleturn|p1b: Sneasler|Protect
|move|p2b: Kingambit|Sucker Punch||[still]
|-fail|p2b: Kingambit
|cant|p1a: Dragapult|slp
|move|p2a: Volcarona|Quiver Dance|p2a: Volcarona
|-boost|p2a: Volcarona|spa|1
|-boost|p2a: Volcarona|spd|1
|-boost|p2a: Volcarona|spe|1
|
|upkeep
|turn|6
|
|t:|1757829864
|move|p1b: Sneasler|Protect||[still]
|-fail|p1b: Sneasler
|move|p2a: Volcarona|Flamethrower|p1b: Sneasler
|-damage|p1b: Sneasler|0 fnt
|faint|p1b: Sneasler
|cant|p1a: Dragapult|slp
|move|p2b: Kingambit|Kowtow Cleave|p1a: Dragapult
|-supereffective|p1a: Dragapult
|-damage|p1a: Dragapult|0 fnt
|faint|p1a: Dragapult
|
|upkeep
|-message|Buddycrawfird forfeited.
|
|win|dilldeethedaft
|l|‽Buddycrawfird
|player|p1|
||Buddycrawfird is ready for game 2.
|inactive|dilldeethedaft has 30 seconds to confirm battle start!
||dilldeethedaft is ready for game 2.
|uhtml|next|Next: Game 2 of 3
