|j|☆1Manuel1410
|j|☆Chelicerate1
|html|1Manuel1410Chelicerate1    
|uhtml|bestof|Game 1 of a best-of-3
|t:|1785073086
|gametype|doubles
|player|p1|1Manuel1410|pokemaniac|1172
|player|p2|Chelicerate1|ethan|1315
|gen|9
|tier|[Gen 9 Champions] VGC 2026 Reg M-B (Bo3)
|rated|
|rule|Species Clause: Limit one of each Pokémon
|rule|Item Clause: Limit 1 of each item
|clearpoke
|poke|p1|Staraptor, L50, F|
|poke|p1|Whimsicott, L50, M|
|poke|p1|Milotic, L50, F|
|poke|p1|Rotom-Heat, L50|
|poke|p1|Gengar, L50, M|
|poke|p1|Sneasler, L50, F|
|poke|p2|Grimmsnarl, L50, M|
|poke|p2|Basculegion, L50, M|
|poke|p2|Charizard, L50, F|
|poke|p2|Pelipper, L50, M|
|poke|p2|Venusaur, L50, M|
|poke|p2|Archaludon, L50, M|
|teampreview|4
|showteam|p1|Staraptor||Staraptite|Intimidate|Protect,Roost,CloseCombat,DualWingbeat|Jolly||F|||50|]Whimsicott||FocusSash|Prankster|Tailwind,Charm,Moonblast,LightScreen|Timid||M|||50|]Milotic||Leftovers|Competitive|Recover,MuddyWater,Coil,Hypnosis|Calm||F|||50|]Rotom-Heat||SitrusBerry|Levitate|Protect,WillOWisp,Overheat,Thunderbolt|Calm|||||50|]Gengar||Gengarite|CursedBody|Protect,ShadowBall,SludgeBomb,PerishSong|Modest||M|||50|]Sneasler||WhiteHerb|Unburden|FakeOut,CloseCombat,DireClaw,Protect|Adamant||F|||50|
|showteam|p2|Grimmsnarl||LightClay|Prankster|SpiritBreak,PartingShot,Reflect,LightScreen|Sassy||M|||50|]Basculegion||ChoiceScarf|Adaptability|LastRespects,WaveCrash,AquaJet,FlipTurn|Jolly||M|||50|]Charizard||CharizarditeY|Blaze|Protect,HeatWave,WeatherBall,SolarBeam|Modest||F|||50|]Pelipper||SitrusBerry|Drizzle|Hurricane,WeatherBall,Tailwind,WideGuard|Modest||M|||50|]Venusaur||FocusSash|Chlorophyll|SludgeBomb,SleepPowder,EarthPower,Protect|Modest||M|||50|]Archaludon||Leftovers|Stamina|ElectroShot,DragonPulse,FlashCannon,Protect|Calm||M|||50|
|inactive|Battle timer is ON: inactive players will automatically lose when time's up. (requested by 1Manuel1410)
|inactive|Chelicerate1 also wants the timer to be on.
|inactive|1Manuel1410 has 60 seconds left.
|
|t:|1785073125
|teamsize|p1|4
|teamsize|p2|4
|start
|switch|p1a: Whimsicott|Whimsicott, L50, M|100/100
|switch|p1b: Staraptor|Staraptor, L50, F|100/100
|switch|p2a: Charizard|Charizard, L50, F|100/100
|switch|p2b: Grimmsnarl|Grimmsnarl, L50, M|100/100
|-ability|p1b: Staraptor|Intimidate|boost
|-unboost|p2a: Charizard|atk|1
|-unboost|p2b: Grimmsnarl|atk|1
|turn|1
|
|t:|1785073140
|detailschange|p1b: Staraptor|Staraptor-Mega, L50, F
|-mega|p1b: Staraptor|Staraptor|Staraptite
|detailschange|p2a: Charizard|Charizard-Mega-Y, L50, F
|-mega|p2a: Charizard|Charizard|Charizardite Y
|-weather|SunnyDay|[from] ability: Drought|[of] p2a: Charizard
|move|p1a: Whimsicott|Charm|p1b: Staraptor
|-boost|p1b: Staraptor|atk|2
|move|p2b: Grimmsnarl|Reflect|p2b: Grimmsnarl
|-sidestart|p2: Chelicerate1|Reflect
|move|p1b: Staraptor|Close Combat|p2a: Charizard
|-resisted|p2a: Charizard|1
|-damage|p2a: Charizard|52/100
|-boost|p1b: Staraptor|def|1
|-boost|p1b: Staraptor|spd|1
|move|p2a: Charizard|Heat Wave|p1a: Whimsicott|[spread] p1a,p1b
|-supereffective|p1a: Whimsicott|1
|-enditem|p1a: Whimsicott|Focus Sash
|-damage|p1a: Whimsicott|1/100
|-damage|p1b: Staraptor|53/100
|-status|p1b: Staraptor|brn
|
|-weather|SunnyDay|[upkeep]
|-damage|p1b: Staraptor|46/100 brn|[from] brn
|upkeep
|turn|2
|inactive|Chelicerate1 has 30 seconds left.
|
|t:|1785073167
|move|p1a: Whimsicott|Charm|p1b: Staraptor
|-boost|p1b: Staraptor|atk|2
|move|p1b: Staraptor|Dual Wingbeat|p2a: Charizard
|-damage|p2a: Charizard|29/100
|-crit|p2a: Charizard
|-damage|p2a: Charizard|0 fnt
|faint|p2a: Charizard
|-hitcount|p2: Charizard|2
|move|p2b: Grimmsnarl|Spirit Break|p1b: Staraptor
|-supereffective|p1b: Staraptor|1
|-damage|p1b: Staraptor|17/100 brn
|-boost|p1b: Staraptor|spa|1
|
|-weather|SunnyDay|[upkeep]
|-damage|p1b: Staraptor|11/100 brn|[from] brn
|upkeep
|
|t:|1785073180
|switch|p2a: Archaludon|Archaludon, L50, M|100/100
|turn|3
|
|t:|1785073192
|move|p2a: Archaludon|Protect|p2a: Archaludon
|-singleturn|p2a: Archaludon|Protect
|move|p1a: Whimsicott|Charm|p1b: Staraptor
|-boost|p1b: Staraptor|atk|2
|move|p1b: Staraptor|Close Combat|p2a: Archaludon
|-activate|p2a: Archaludon|move: Protect
|move|p2b: Grimmsnarl|Spirit Break|p1b: Staraptor
|-supereffective|p1b: Staraptor|1
|-damage|p1b: Staraptor|0 fnt
|faint|p1b: Staraptor
|
|-weather|SunnyDay|[upkeep]
|upkeep
|
|t:|1785073196
|switch|p1b: Sneasler|Sneasler, L50, F|100/100
|turn|4
|
|t:|1785073205
|switch|p2b: Pelipper|Pelipper, L50, M|100/100
|-weather|RainDance|[from] ability: Drizzle|[of] p2b: Pelipper
|move|p1a: Whimsicott|Moonblast|p2b: Pelipper
|-damage|p2b: Pelipper|65/100
|move|p1b: Sneasler|Close Combat|p2a: Archaludon
|-supereffective|p2a: Archaludon|1
|-damage|p2a: Archaludon|32/100
|-unboost|p1b: Sneasler|def|1
|-unboost|p1b: Sneasler|spd|1
|-ability|p2a: Archaludon|Stamina|boost
|-boost|p2a: Archaludon|def|1
|-enditem|p1b: Sneasler|White Herb
|-clearnegativeboost|p1b: Sneasler|[silent]
|move|p2a: Archaludon|Electro Shot||[still]
|-prepare|p2a: Archaludon|Electro Shot
|-boost|p2a: Archaludon|spa|1
|-anim|p2a: Archaludon|Electro Shot|p1b: Sneasler
|-damage|p1b: Sneasler|27/100
|
|-weather|RainDance|[upkeep]
|-heal|p2a: Archaludon|39/100|[from] item: Leftovers
|upkeep
|turn|5
|
|t:|1785073225
|move|p1b: Sneasler|Protect|p1b: Sneasler
|-singleturn|p1b: Sneasler|Protect
|move|p2a: Archaludon|Protect|p2a: Archaludon
|-singleturn|p2a: Archaludon|Protect
|move|p1a: Whimsicott|Moonblast|p2b: Pelipper
|-damage|p2b: Pelipper|23/100
|-enditem|p2b: Pelipper|Sitrus Berry|[eat]
|-heal|p2b: Pelipper|48/100|[from] item: Sitrus Berry
|move|p2b: Pelipper|Hurricane|p1b: Sneasler
|-activate|p1b: Sneasler|move: Protect
|
|-weather|RainDance|[upkeep]
|-heal|p2a: Archaludon|45/100|[from] item: Leftovers
|upkeep
|turn|6
|
|t:|1785073239
|move|p1b: Sneasler|Close Combat|p2a: Archaludon
|-supereffective|p2a: Archaludon|1
|-damage|p2a: Archaludon|0 fnt
|-unboost|p1b: Sneasler|def|1
|-unboost|p1b: Sneasler|spd|1
|faint|p2a: Archaludon
|move|p1a: Whimsicott|Moonblast|p2b: Pelipper
|-crit|p2b: Pelipper
|-damage|p2b: Pelipper|0 fnt
|faint|p2b: Pelipper
|
|-weather|RainDance|[upkeep]
|upkeep
|
|t:|1785073244
|switch|p2b: Grimmsnarl|Grimmsnarl, L50, M|100/100
|turn|7
|
|t:|1785073251
|move|p1b: Sneasler|Dire Claw|p2b: Grimmsnarl
|-supereffective|p2b: Grimmsnarl|1
|-damage|p2b: Grimmsnarl|35/100
|move|p1a: Whimsicott|Moonblast|p2b: Grimmsnarl
|-supereffective|p2b: Grimmsnarl|1
|-damage|p2b: Grimmsnarl|0 fnt
|faint|p2b: Grimmsnarl
|
|win|1Manuel1410
