|j|☆TheRainRainRain
|j|☆CrazyyBoi
|html|TheRainRainRainCrazyyBoi    
|uhtml|bestof|Game 2 of a best-of-3
|t:|1757238612
|gametype|doubles
|player|p1|TheRainRainRain|sailor|1275
|player|p2|CrazyyBoi|102|1217
|gen|9
|tier|[Gen 9] VGC 2025 Reg H (Bo3)
|rated|
|rule|Species Clause: Limit one of each Pokémon
|rule|Item Clause: Limit 1 of each item
|clearpoke
|poke|p1|Incineroar, L50, F|
|poke|p1|Ursaluna-Bloodmoon, L50, M|
|poke|p1|Gholdengo, L50|
|poke|p1|Rillaboom, L50, M|
|poke|p1|Dragonite, L50, M|
|poke|p1|Sneasler, L50, F|
|poke|p2|Maushold-Four, L50|
|poke|p2|Sableye, L50, F|
|poke|p2|Gothitelle, L50, F|
|poke|p2|Kommo-o, L50, F|
|poke|p2|Incineroar, L50, F|
|poke|p2|Primarina, L50, F|
|teampreview|4
|showteam|p1|Incineroar||SafetyGoggles|Intimidate|FlareBlitz,KnockOff,FakeOut,PartingShot|||F|||50|,,,,,Ghost]Ursaluna-Bloodmoon||Leftovers|MindsEye|BloodMoon,EarthPower,CalmMind,Protect|||M|||50|,,,,,Electric]Gholdengo||LifeOrb|GoodasGold|MakeItRain,ShadowBall,NastyPlot,Protect||||||50|,,,,,Water]Rillaboom||AssaultVest|GrassySurge|FakeOut,GrassyGlide,WoodHammer,HighHorsepower|||M|||50|,,,,,Fire]Dragonite||LoadedDice|Multiscale|Tailwind,ScaleShot,Protect,Haze|||M|||50|,,,,,Fairy]Sneasler||FocusSash|PoisonTouch|CloseCombat,DireClaw,Coaching,FakeOut|||F|||50|,,,,,Ghost
|showteam|p2|Maushold-Four||WideLens|Technician|Protect,PopulationBomb,Bite,FollowMe||||||50|,,,,,Poison]Sableye||FocusSash|Prankster|FakeOut,Quash,Disable,Encore|||F|||50|,,,,,Grass]Gothitelle||SitrusBerry|ShadowTag|FakeOut,Psychic,TrickRoom,Protect|||F|||50|,,,,,Steel]Kommo-o||ThroatSpray|Overcoat|ClangorousSoul,ClangingScales,Protect,AuraSphere|||F|||50|,,,,,Steel]Incineroar||SafetyGoggles|Intimidate|FakeOut,PartingShot,KnockOff,Taunt|||F|||50|,,,,,Ghost]Primarina||LifeOrb|LiquidVoice|HyperVoice,Moonblast,PerishSong,Protect|||F|||50|,,,,,Dragon
|
|t:|1757238635
|teamsize|p1|4
|teamsize|p2|4
|start
|switch|p1a: Dragonite|Dragonite, L50, M|100/100
|switch|p1b: Gholdengo|Gholdengo, L50|100/100
|switch|p2a: Gothitelle|Gothitelle, L50, F|100/100
|switch|p2b: Maushold|Maushold-Four, L50|100/100
|turn|1
|inactive|Battle timer is ON: inactive players will automatically lose when time's up. (requested by CrazyyBoi)
|
|t:|1757238662
|-terastallize|p2a: Gothitelle|Steel
|move|p1a: Dragonite|Protect|p1a: Dragonite
|-singleturn|p1a: Dragonite|Protect
|move|p2a: Gothitelle|Fake Out|p1a: Dragonite
|-activate|p1a: Dragonite|move: Protect
|move|p2b: Maushold|Bite|p1b: Gholdengo
|-supereffective|p1b: Gholdengo
|-damage|p1b: Gholdengo|52/100
|move|p1b: Gholdengo|Nasty Plot|p1b: Gholdengo
|-boost|p1b: Gholdengo|spa|2
|
|upkeep
|turn|2
|
|t:|1757238684
|move|p1b: Gholdengo|Protect|p1b: Gholdengo
|-singleturn|p1b: Gholdengo|Protect
|move|p2a: Gothitelle|Protect|p2a: Gothitelle
|-singleturn|p2a: Gothitelle|Protect
|move|p2b: Maushold|Bite|p1b: Gholdengo
|-activate|p1b: Gholdengo|move: Protect
|move|p1a: Dragonite|Tailwind|p1a: Dragonite
|-sidestart|p1: TheRainRainRain|move: Tailwind
|
|upkeep
|turn|3
|
|t:|1757238701
|move|p2b: Maushold|Protect|p2b: Maushold
|-singleturn|p2b: Maushold|Protect
|move|p1b: Gholdengo|Shadow Ball|p2a: Gothitelle
|-damage|p2a: Gothitelle|28/100
|-enditem|p2a: Gothitelle|Sitrus Berry|[eat]
|-heal|p2a: Gothitelle|52/100|[from] item: Sitrus Berry
|-damage|p1b: Gholdengo|42/100|[from] item: Life Orb
|move|p1a: Dragonite|Scale Shot|p2b: Maushold
|-activate|p2b: Maushold|move: Protect
|move|p2a: Gothitelle|Psychic|p1b: Gholdengo
|-resisted|p1b: Gholdengo
|-damage|p1b: Gholdengo|27/100
|
|upkeep
|turn|4
|inactive|CrazyyBoi has 30 seconds left.
|
|t:|1757238727
|move|p2a: Gothitelle|Protect|p2a: Gothitelle
|-singleturn|p2a: Gothitelle|Protect
|move|p1b: Gholdengo|Shadow Ball|p2a: Gothitelle
|-activate|p2a: Gothitelle|move: Protect
|move|p1a: Dragonite|Scale Shot|p2b: Maushold
|-damage|p2b: Maushold|80/100
|-damage|p2b: Maushold|57/100
|-damage|p2b: Maushold|34/100
|-damage|p2b: Maushold|11/100
|-hitcount|p2b: Maushold|4
|-unboost|p1a: Dragonite|def|1
|-boost|p1a: Dragonite|spe|1
|move|p2b: Maushold|Bite|p1b: Gholdengo
|-supereffective|p1b: Gholdengo
|-damage|p1b: Gholdengo|0 fnt
|faint|p1b: Gholdengo
|
|upkeep
|
|t:|1757238736
|switch|p1b: Incineroar|Incineroar, L50, F|100/100
|-ability|p1b: Incineroar|Intimidate|boost
|-unboost|p2a: Gothitelle|atk|1
|-unboost|p2b: Maushold|atk|1
|turn|5
|inactive|CrazyyBoi has 30 seconds left.
|
|t:|1757238761
|switch|p2a: Incineroar|Incineroar, L50, F|100/100
|-ability|p2a: Incineroar|Intimidate|boost
|-unboost|p1a: Dragonite|atk|1
|-unboost|p1b: Incineroar|atk|1
|move|p2b: Maushold|Protect|p2b: Maushold
|-singleturn|p2b: Maushold|Protect
|move|p1a: Dragonite|Scale Shot|p2b: Maushold
|-activate|p2b: Maushold|move: Protect
|move|p1b: Incineroar|Flare Blitz|p2a: Incineroar
|-resisted|p2a: Incineroar
|-damage|p2a: Incineroar|89/100
|-damage|p1b: Incineroar|97/100|[from] Recoil
|
|-sideend|p1: TheRainRainRain|move: Tailwind
|upkeep
|turn|6
|inactive|CrazyyBoi has 30 seconds left.
|inactive|TheRainRainRain has 30 seconds left.
|inactive|CrazyyBoi has 20 seconds left.
|inactive|TheRainRainRain has 20 seconds left.
|inactive|TheRainRainRain has 15 seconds left.
|inactive|TheRainRainRain has 10 seconds left.
|inactive|TheRainRainRain has 5 seconds left.
|
|t:|1757238820
|move|p1a: Dragonite|Protect|p1a: Dragonite
|-singleturn|p1a: Dragonite|Protect
|move|p2b: Maushold|Population Bomb|p1b: Incineroar
|-damage|p1b: Incineroar|89/100
|-damage|p1b: Incineroar|83/100
|-damage|p1b: Incineroar|76/100
|-damage|p1b: Incineroar|70/100
|-hitcount|p1b: Incineroar|4
|move|p1b: Incineroar|Parting Shot|p2a: Incineroar
|-unboost|p2a: Incineroar|atk|1
|-unboost|p2a: Incineroar|spa|1
|
|t:|1757238827
|switch|p1b: Rillaboom|Rillaboom, L50, M|100/100|[from] Parting Shot
|-fieldstart|move: Grassy Terrain|[from] ability: Grassy Surge|[of] p1b: Rillaboom
|move|p2a: Incineroar|Parting Shot|p1b: Rillaboom
|-unboost|p1b: Rillaboom|atk|1
|-unboost|p1b: Rillaboom|spa|1
|
|t:|1757238840
|switch|p2a: Gothitelle|Gothitelle, L50, F, tera:Steel|52/100|[from] Parting Shot
|
|-heal|p2b: Maushold|17/100|[from] Grassy Terrain
|-heal|p2a: Gothitelle|59/100|[from] Grassy Terrain
|upkeep
|turn|7
|
|t:|1757238856
|switch|p2b: Incineroar|Incineroar, L50, F|89/100
|-ability|p2b: Incineroar|Intimidate|boost
|-unboost|p1a: Dragonite|atk|1
|-unboost|p1b: Rillaboom|atk|1
|move|p2a: Gothitelle|Protect|p2a: Gothitelle
|-singleturn|p2a: Gothitelle|Protect
|move|p1b: Rillaboom|Fake Out|p2a: Gothitelle
|-activate|p2a: Gothitelle|move: Protect
|move|p1a: Dragonite|Scale Shot|p2b: Incineroar
|-damage|p2b: Incineroar|81/100
|-damage|p2b: Incineroar|75/100
|-damage|p2b: Incineroar|69/100
|-damage|p2b: Incineroar|63/100
|-damage|p2b: Incineroar|56/100
|-hitcount|p2b: Incineroar|5
|-unboost|p1a: Dragonite|def|1
|-boost|p1a: Dragonite|spe|1
|
|-heal|p2a: Gothitelle|65/100|[from] Grassy Terrain
|-heal|p2b: Incineroar|62/100|[from] Grassy Terrain
|upkeep
|turn|8
|
|t:|1757238875
|move|p2b: Incineroar|Fake Out|p1b: Rillaboom
|-damage|p1b: Rillaboom|91/100
|move|p1a: Dragonite|Haze|p1a: Dragonite
|-clearallboost
|cant|p1b: Rillaboom|flinch
|move|p2a: Gothitelle|Trick Room|p2a: Gothitelle
|-fieldstart|move: Trick Room|[of] p2a: Gothitelle
|
|-heal|p2b: Incineroar|68/100|[from] Grassy Terrain
|-heal|p2a: Gothitelle|71/100|[from] Grassy Terrain
|-heal|p1b: Rillaboom|97/100|[from] Grassy Terrain
|upkeep
|turn|9
|
|t:|1757238900
|switch|p2a: Maushold|Maushold-Four, L50|17/100
|move|p2b: Incineroar|Knock Off|p1b: Rillaboom
|-damage|p1b: Rillaboom|57/100
|-enditem|p1b: Rillaboom|Assault Vest|[from] move: Knock Off|[of] p2b: Incineroar
|move|p1b: Rillaboom|High Horsepower|p2a: Maushold
|-damage|p2a: Maushold|0 fnt
|faint|p2a: Maushold
|move|p1a: Dragonite|Scale Shot|p2b: Incineroar|[miss]
|-miss|p1a: Dragonite|p2b: Incineroar
|
|-heal|p2b: Incineroar|74/100|[from] Grassy Terrain
|-heal|p1b: Rillaboom|63/100|[from] Grassy Terrain
|upkeep
|inactive|CrazyyBoi has 30 seconds left.
|inactive|CrazyyBoi has 20 seconds left.
|inactive|CrazyyBoi has 15 seconds left.
|inactive|CrazyyBoi has 10 seconds left.
|
|t:|1757238946
|switch|p2a: Gothitelle|Gothitelle, L50, F, tera:Steel|71/100
|turn|10
|inactive|TheRainRainRain has 30 seconds left.
|inactive|TheRainRainRain has 20 seconds left.
|inactive|TheRainRainRain has 15 seconds left.
|inactive|TheRainRainRain has 10 seconds left.
|
|t:|1757238993
|move|p2a: Gothitelle|Fake Out|p1b: Rillaboom
|-damage|p1b: Rillaboom|59/100
|move|p2b: Incineroar|Parting Shot|p1b: Rillaboom
|-unboost|p1b: Rillaboom|atk|1
|-unboost|p1b: Rillaboom|spa|1
|
|t:|1757239000
|switch|p2b: Primarina|Primarina, L50, F|100/100|[from] Parting Shot
|cant|p1b: Rillaboom|flinch
|move|p1a: Dragonite|Scale Shot|p2a: Gothitelle
|-resisted|p2a: Gothitelle
|-damage|p2a: Gothitelle|65/100
|-resisted|p2a: Gothitelle
|-damage|p2a: Gothitelle|58/100
|-resisted|p2a: Gothitelle
|-damage|p2a: Gothitelle|52/100
|-resisted|p2a: Gothitelle
|-damage|p2a: Gothitelle|45/100
|-resisted|p2a: Gothitelle
|-damage|p2a: Gothitelle|39/100
|-hitcount|p2a: Gothitelle|5
|-unboost|p1a: Dragonite|def|1
|-boost|p1a: Dragonite|spe|1
|
|-heal|p2a: Gothitelle|46/100|[from] Grassy Terrain
|-heal|p1b: Rillaboom|65/100|[from] Grassy Terrain
|-fieldend|move: Grassy Terrain
|upkeep
|turn|11
|inactive|TheRainRainRain has 30 seconds left.
|
|t:|1757239028
|-terastallize|p1a: Dragonite|Fairy
|move|p2a: Gothitelle|Psychic|p1b: Rillaboom
|-damage|p1b: Rillaboom|30/100
|move|p2b: Primarina|Moonblast|p1b: Rillaboom
|-damage|p1b: Rillaboom|0 fnt
|faint|p1b: Rillaboom
|-damage|p2b: Primarina|91/100|[from] item: Life Orb
|move|p1a: Dragonite|Haze|p1a: Dragonite
|-clearallboost
|
|upkeep
|
|t:|1757239037
|switch|p1b: Incineroar|Incineroar, L50, F|70/100
|-ability|p1b: Incineroar|Intimidate|boost
|-unboost|p2a: Gothitelle|atk|1
|-unboost|p2b: Primarina|atk|1
|turn|12
|-message|TheRainRainRain forfeited.
|
|win|CrazyyBoi
||TheRainRainRain is ready for game 3.
||CrazyyBoi is ready for game 3.
|uhtml|next|Next: Game 3 of 3
|l|☆CrazyyBoi
|player|p2|
