|j|☆TeyVgc
|j|☆Bucketeering
|html|TeyVgcBucketeering    
|uhtml|bestof|Game 1 of a best-of-3
|t:|1784059971
|gametype|doubles
|player|p1|TeyVgc|rood|1203
|player|p2|Bucketeering|gentleman-gen4|1249
|gen|9
|tier|[Gen 9 Champions] VGC 2026 Reg M-B (Bo3)
|rated|
|rule|Species Clause: Limit one of each Pokémon
|rule|Item Clause: Limit 1 of each item
|clearpoke
|poke|p1|Raichu, L50, F|
|poke|p1|Sinistcha, L50|
|poke|p1|Ceruledge, L50, M|
|poke|p1|Milotic, L50, F|
|poke|p1|Incineroar, L50, M|
|poke|p1|Floette-Eternal, L50, F|
|poke|p2|Weavile, L50, F|
|poke|p2|Glimmora, L50, F|
|poke|p2|Staraptor, L50, M, shiny|
|poke|p2|Whimsicott, L50, M|
|poke|p2|Basculegion, L50, M|
|poke|p2|Incineroar, L50, F|
|teampreview|4
|showteam|p1|Raichu||RaichuniteY|LightningRod|ZapCannon,FocusBlast,FakeOut,Protect|Timid||F|||50|]Sinistcha||KasibBerry|Hospitality|MatchaGotcha,Protect,RagePowder,TrickRoom|Relaxed|||||50|]Ceruledge||ColburBerry|FlashFire|BitterBlade,ShadowSneak,BulkUp,Protect|Adamant||M|||50|]Milotic||Leftovers|Competitive|MuddyWater,Coil,Hypnosis,Recover|Calm||F|||50|]Incineroar||SitrusBerry|Intimidate|FlareBlitz,ThroatChop,FakeOut,PartingShot|Impish||M|||50|]Floette-Eternal||Floettite|FlowerVeil|CalmMind,Protect,Moonblast,DazzlingGleam|Modest||F|||50|
|showteam|p2|Weavile||FocusSash|Pickpocket|TripleAxel,KnockOff,IceShard,FakeOut|Jolly||F|||50|]Glimmora||Glimmoranite|ToxicDebris|PowerGem,SludgeBomb,EarthPower,SpikyShield|Timid||F|||50|]Staraptor||Staraptite|Intimidate|CloseCombat,BraveBird,Protect,Roost|Jolly||M|||50|]Whimsicott||MentalHerb|Prankster|Tailwind,Encore,Moonblast,Charm|Bold||M|||50|]Basculegion||ChoiceScarf|Adaptability|WaveCrash,LastRespects,AquaJet,FlipTurn|Jolly||M|||50|]Incineroar||PasshoBerry|Intimidate|ThroatChop,FlareBlitz,FakeOut,PartingShot|Adamant||F|||50|
|inactive|Battle timer is ON: inactive players will automatically lose when time's up. (requested by Bucketeering)
|
|t:|1784060039
|teamsize|p1|4
|teamsize|p2|4
|start
|switch|p1a: Incineroar|Incineroar, L50, M|100/100
|switch|p1b: Milotic|Milotic, L50, F|100/100
|switch|p2a: Staraptor|Staraptor, L50, M, shiny|100/100
|switch|p2b: Whimsicott|Whimsicott, L50, M|100/100
|-ability|p2a: Staraptor|Intimidate|boost
|-unboost|p1a: Incineroar|atk|1
|-unboost|p1b: Milotic|atk|1
|-ability|p1b: Milotic|Competitive|boost
|-boost|p1b: Milotic|spa|2
|-ability|p1a: Incineroar|Intimidate|boost
|-unboost|p2a: Staraptor|atk|1
|-unboost|p2b: Whimsicott|atk|1
|turn|1
|
|t:|1784060056
|detailschange|p2a: Staraptor|Staraptor-Mega, L50, M, shiny
|-mega|p2a: Staraptor|Staraptor|Staraptite
|move|p2a: Staraptor|Protect|p2a: Staraptor
|-singleturn|p2a: Staraptor|Protect
|move|p2b: Whimsicott|Tailwind|p2b: Whimsicott
|-sidestart|p2: Bucketeering|move: Tailwind
|move|p1b: Milotic|Coil|p1b: Milotic
|-boost|p1b: Milotic|atk|1
|-boost|p1b: Milotic|def|1
|-boost|p1b: Milotic|accuracy|1
|move|p1a: Incineroar|Parting Shot|p2a: Staraptor
|-activate|p2a: Staraptor|move: Protect
|
|upkeep
|turn|2
|
|t:|1784060081
|move|p2b: Whimsicott|Charm|p2a: Staraptor
|-boost|p2a: Staraptor|atk|2
|move|p2a: Staraptor|Close Combat|p1a: Incineroar
|-supereffective|p1a: Incineroar|1
|-damage|p1a: Incineroar|0 fnt
|-boost|p2a: Staraptor|def|1
|-boost|p2a: Staraptor|spd|1
|faint|p1a: Incineroar
|move|p1b: Milotic|Coil|p1b: Milotic
|-boost|p1b: Milotic|atk|1
|-boost|p1b: Milotic|def|1
|-boost|p1b: Milotic|accuracy|1
|
|upkeep
|
|t:|1784060093
|switch|p1a: Raichu|Raichu, L50, F|100/100
|turn|3
|
|t:|1784060107
|detailschange|p1a: Raichu|Raichu-Mega-Y, L50, F
|-mega|p1a: Raichu|Raichu|Raichunite Y
|move|p1a: Raichu|Fake Out|p2b: Whimsicott
|-damage|p2b: Whimsicott|92/100
|cant|p2b: Whimsicott|flinch
|move|p2a: Staraptor|Close Combat|p1b: Milotic
|-damage|p1b: Milotic|54/100
|-boost|p2a: Staraptor|def|1
|-boost|p2a: Staraptor|spd|1
|move|p1b: Milotic|Muddy Water|p2b: Whimsicott|[spread] p2a,p2b
|-resisted|p2b: Whimsicott|1
|-damage|p2a: Staraptor|70/100
|-damage|p2b: Whimsicott|61/100
|-boost|p2a: Staraptor|accuracy|1
|
|-heal|p1b: Milotic|60/100|[from] item: Leftovers
|upkeep
|turn|4
|
|t:|1784060128
|switch|p1a: Sinistcha|Sinistcha, L50|100/100
|-heal|p1b: Milotic|85/100|[from] ability: Hospitality|[of] p1a: Sinistcha
|move|p2b: Whimsicott|Encore||[still]
|-fail|p2b: Whimsicott
|move|p2a: Staraptor|Close Combat|p1b: Milotic
|-damage|p1b: Milotic|40/100
|-boost|p2a: Staraptor|def|1
|-boost|p2a: Staraptor|spd|1
|move|p1b: Milotic|Hypnosis|p2a: Staraptor
|-status|p2a: Staraptor|slp|[from] move: Hypnosis
|
|-heal|p1b: Milotic|46/100|[from] item: Leftovers
|-sideend|p2: Bucketeering|move: Tailwind
|upkeep
|turn|5
|
|t:|1784060151
|move|p2b: Whimsicott|Tailwind|p2b: Whimsicott
|-sidestart|p2: Bucketeering|move: Tailwind
|cant|p2a: Staraptor|slp
|move|p1b: Milotic|Muddy Water|p2b: Whimsicott|[spread] p2a,p2b
|-resisted|p2b: Whimsicott|1
|-damage|p2a: Staraptor|48/100 slp
|-damage|p2b: Whimsicott|29/100
|move|p1a: Sinistcha|Matcha Gotcha|p2a: Staraptor|[spread] p2b
|-miss|p1a: Sinistcha|p2a: Staraptor
|-resisted|p2b: Whimsicott|1
|-damage|p2b: Whimsicott|12/100
|
|-heal|p1b: Milotic|52/100|[from] item: Leftovers
|upkeep
|turn|6
|
|t:|1784060169
|move|p2b: Whimsicott|Charm|p2a: Staraptor
|-boost|p2a: Staraptor|atk|2
|-curestatus|p2a: Staraptor|slp|[msg]
|move|p2a: Staraptor|Brave Bird|p1a: Sinistcha
|-supereffective|p1a: Sinistcha|1
|-damage|p1a: Sinistcha|0 fnt
|faint|p1a: Sinistcha
|-damage|p2a: Staraptor|11/100|[from] Recoil
|move|p1b: Milotic|Muddy Water|p2b: Whimsicott|[spread] p2a,p2b
|-resisted|p2b: Whimsicott|1
|-damage|p2a: Staraptor|0 fnt
|-damage|p2b: Whimsicott|0 fnt
|faint|p2a: Staraptor
|faint|p2b: Whimsicott
|
|-heal|p1b: Milotic|58/100|[from] item: Leftovers
|upkeep
|
|t:|1784060179
|switch|p2a: Glimmora|Glimmora, L50, F|100/100
|switch|p2b: Basculegion|Basculegion, L50, M|100/100
|switch|p1a: Raichu|Raichu-Mega-Y, L50, F|100/100
|turn|7
|inactive|TeyVgc has 30 seconds left.
|
|t:|1784060214
|move|p2a: Glimmora|Spiky Shield|p2a: Glimmora
|-singleturn|p2a: Glimmora|move: Protect
|move|p2b: Basculegion|Last Respects|p1a: Raichu
|-damage|p1a: Raichu|0 fnt
|faint|p1a: Raichu
|move|p1b: Milotic|Hypnosis|p2b: Basculegion
|-status|p2b: Basculegion|slp|[from] move: Hypnosis
|
|-heal|p1b: Milotic|64/100|[from] item: Leftovers
|upkeep
|turn|8
|
|t:|1784060224
|cant|p2b: Basculegion|slp
|move|p2a: Glimmora|Sludge Bomb|p1b: Milotic
|-damage|p1b: Milotic|37/100
|move|p1b: Milotic|Muddy Water|p2a: Glimmora|[spread] p2a,p2b
|-supereffective|p2a: Glimmora|1
|-resisted|p2b: Basculegion|1
|-damage|p2a: Glimmora|0 fnt
|-damage|p2b: Basculegion|75/100 slp
|-unboost|p2b: Basculegion|accuracy|1
|faint|p2a: Glimmora
|
|-heal|p1b: Milotic|43/100|[from] item: Leftovers
|-sideend|p2: Bucketeering|move: Tailwind
|upkeep
|turn|9
|
|t:|1784060232
|cant|p2b: Basculegion|slp
|move|p1b: Milotic|Recover|p1b: Milotic
|-heal|p1b: Milotic|93/100
|
|-heal|p1b: Milotic|99/100|[from] item: Leftovers
|upkeep
|turn|10
|
|t:|1784060244
|-curestatus|p2b: Basculegion|slp|[msg]
|move|p2b: Basculegion|Last Respects|p1b: Milotic|[miss]
|-miss|p2b: Basculegion|p1b: Milotic
|move|p1b: Milotic|Muddy Water|p2b: Basculegion
|-resisted|p2b: Basculegion|1
|-crit|p2b: Basculegion
|-damage|p2b: Basculegion|24/100
|
|-heal|p1b: Milotic|100/100|[from] item: Leftovers
|upkeep
|turn|11
|
|t:|1784060252
|move|p2b: Basculegion|Last Respects|p1b: Milotic|[miss]
|-miss|p2b: Basculegion|p1b: Milotic
|move|p1b: Milotic|Muddy Water|p2b: Basculegion
|-resisted|p2b: Basculegion|1
|-damage|p2b: Basculegion|0 fnt
|faint|p2b: Basculegion
|
|win|TeyVgc
