|j|☆SirenXD
|j|☆itsyaboibenbaker
|html|SirenXDitsyaboibenbaker    
|uhtml|bestof|Game 1 of a best-of-3
|t:|1783211803
|gametype|doubles
|player|p1|SirenXD|170|1044
|player|p2|itsyaboibenbaker|ghetsis-gen5bw|1159
|gen|9
|tier|[Gen 9 Champions] VGC 2026 Reg M-B (Bo3)
|rated|
|rule|Species Clause: Limit one of each Pokémon
|rule|Item Clause: Limit 1 of each item
|clearpoke
|poke|p1|Delphox, L50, M|
|poke|p1|Floette-Eternal, L50, F|
|poke|p1|Incineroar, L50, M|
|poke|p1|Sinistcha, L50|
|poke|p1|Kingambit, L50, F|
|poke|p1|Sneasler, L50, F|
|poke|p2|Swampert, L50, F|
|poke|p2|Sinistcha, L50|
|poke|p2|Pelipper, L50, M|
|poke|p2|Archaludon, L50, M|
|poke|p2|Sableye, L50, M|
|poke|p2|Metagross, L50, shiny|
|teampreview|4
|showteam|p1|Delphox||Delphoxite|Blaze|HeatWave,Psyshock,NastyPlot,Protect|Timid||M|||50|]Floette-Eternal||Floettite|FlowerVeil|Moonblast,DazzlingGleam,CalmMind,Protect|Modest||F|||50|]Incineroar||SitrusBerry|Intimidate|FakeOut,FlareBlitz,DarkestLariat,PartingShot|Impish||M|||50|]Sinistcha||KasibBerry|Hospitality|MatchaGotcha,LifeDew,RagePowder,Protect|Bold|||||50|]Kingambit||BlackGlasses|Defiant|KowtowCleave,SuckerPunch,SwordsDance,Protect|Adamant||F|||50|]Sneasler||FocusSash|PoisonTouch|FakeOut,DireClaw,CloseCombat,QuickGuard|Jolly||F|||50|
|showteam|p2|Swampert||Swampertite|Torrent|Earthquake,Protect,IcePunch,WaveCrash|Adamant||F|||50|]Sinistcha||BrightPowder|Hospitality|MatchaGotcha,LifeDew,RagePowder,TrickRoom|Bold|||||50|]Pelipper||FocusSash|Drizzle|WeatherBall,WideGuard,Tailwind,Hurricane|Modest||M|||50|]Archaludon||Leftovers|Stamina|ElectroShot,Protect,FlashCannon,DracoMeteor|Calm||M|||50|]Sableye||RoseliBerry|Prankster|Encore,Disable,FoulPlay,WillOWisp|Calm||M|||50|]Metagross||Metagrossite|ClearBody|Protect,PsychicFangs,IronHead,BodyPress|Adamant|||||50|
|inactive|Battle timer is ON: inactive players will automatically lose when time's up. (requested by itsyaboibenbaker)
|inactive|SirenXD has 60 seconds left.
|inactive|itsyaboibenbaker has 60 seconds left.
|
|t:|1783211840
|teamsize|p1|4
|teamsize|p2|4
|start
|switch|p1a: Floette|Floette-Eternal, L50, F|100/100
|switch|p1b: Sneasler|Sneasler, L50, F|100/100
|switch|p2a: Pelipper|Pelipper, L50, M|100/100
|switch|p2b: Swampert|Swampert, L50, F|100/100
|-weather|RainDance|[from] ability: Drizzle|[of] p2a: Pelipper
|turn|1
|
|t:|1783211856
|detailschange|p1a: Floette|Floette-Mega, L50, F
|-mega|p1a: Floette|Floette|Floettite
|-ability|p1a: Floette|Fairy Aura
|move|p2b: Swampert|Protect|p2b: Swampert
|-singleturn|p2b: Swampert|Protect
|move|p1b: Sneasler|Fake Out|p2b: Swampert
|-activate|p2b: Swampert|move: Protect
|move|p1a: Floette|Calm Mind|p1a: Floette
|-boost|p1a: Floette|spa|1
|-boost|p1a: Floette|spd|1
|move|p2a: Pelipper|Hurricane|p1b: Sneasler
|-supereffective|p1b: Sneasler|1
|-enditem|p1b: Sneasler|Focus Sash
|-damage|p1b: Sneasler|1/100
|
|-weather|RainDance|[upkeep]
|upkeep
|turn|2
|inactive|SirenXD has 30 seconds left.
|
|t:|1783211882
|switch|p1b: Incineroar|Incineroar, L50, M|100/100
|-ability|p1b: Incineroar|Intimidate|boost
|-unboost|p2a: Pelipper|atk|1
|-unboost|p2b: Swampert|atk|1
|detailschange|p2b: Swampert|Swampert-Mega, L50, F
|-mega|p2b: Swampert|Swampert|Swampertite
|move|p2b: Swampert|Wave Crash|p1a: Floette
|-damage|p1a: Floette|25/100
|-damage|p2b: Swampert|78/100|[from] Recoil
|move|p1a: Floette|Moonblast|p2b: Swampert
|-damage|p2b: Swampert|0 fnt
|faint|p2b: Swampert
|move|p2a: Pelipper|Hurricane|p1b: Incineroar
|-damage|p1b: Incineroar|56/100
|
|-weather|RainDance|[upkeep]
|upkeep
|
|t:|1783211900
|switch|p2b: Archaludon|Archaludon, L50, M|100/100
|turn|3
|
|t:|1783211917
|move|p1b: Incineroar|Fake Out|p2a: Pelipper
|-damage|p2a: Pelipper|86/100
|move|p1a: Floette|Moonblast|p2b: Archaludon
|-damage|p2b: Archaludon|12/100
|-ability|p2b: Archaludon|Stamina|boost
|-boost|p2b: Archaludon|def|1
|move|p2b: Archaludon|Electro Shot||[still]
|-prepare|p2b: Archaludon|Electro Shot
|-boost|p2b: Archaludon|spa|1
|-anim|p2b: Archaludon|Electro Shot|p1a: Floette
|-damage|p1a: Floette|0 fnt
|faint|p1a: Floette
|cant|p2a: Pelipper|flinch
|
|-weather|RainDance|[upkeep]
|-heal|p2b: Archaludon|18/100|[from] item: Leftovers
|upkeep
|
|t:|1783211925
|switch|p1a: Sneasler|Sneasler, L50, F|1/100
|turn|4
|
|t:|1783211948
|move|p2b: Archaludon|Protect|p2b: Archaludon
|-singleturn|p2b: Archaludon|Protect
|move|p1a: Sneasler|Close Combat|p2b: Archaludon
|-activate|p2b: Archaludon|move: Protect
|move|p1b: Incineroar|Darkest Lariat|p2a: Pelipper
|-damage|p2a: Pelipper|50/100y
|move|p2a: Pelipper|Weather Ball|p1b: Incineroar
|-supereffective|p1b: Incineroar|1
|-damage|p1b: Incineroar|0 fnt
|faint|p1b: Incineroar
|
|-weather|RainDance|[upkeep]
|-heal|p2b: Archaludon|24/100|[from] item: Leftovers
|upkeep
|
|t:|1783211952
|switch|p1b: Sinistcha|Sinistcha, L50|100/100
|-heal|p1a: Sneasler|25/100|[from] ability: Hospitality|[of] p1b: Sinistcha
|turn|5
|
|t:|1783211968
|switch|p2a: Sinistcha|Sinistcha, L50|100/100
|-heal|p2b: Archaludon|49/100|[from] ability: Hospitality|[of] p2a: Sinistcha
|move|p1a: Sneasler|Close Combat|p2b: Archaludon
|-supereffective|p2b: Archaludon|1
|-damage|p2b: Archaludon|0 fnt
|-unboost|p1a: Sneasler|def|1
|-unboost|p1a: Sneasler|spd|1
|faint|p2b: Archaludon
|move|p1b: Sinistcha|Matcha Gotcha|p2a: Sinistcha
|-resisted|p2a: Sinistcha|1
|-damage|p2a: Sinistcha|84/100
|
|-weather|none
|upkeep
|
|t:|1783211975
|switch|p2b: Pelipper|Pelipper, L50, M|50/100y
|-weather|RainDance|[from] ability: Drizzle|[of] p2b: Pelipper
|turn|6
|
|t:|1783211992
|move|p1a: Sneasler|Dire Claw|p2b: Pelipper
|-damage|p2b: Pelipper|1/100
|-status|p2b: Pelipper|psn
|move|p2a: Sinistcha|Matcha Gotcha|p1b: Sinistcha|[spread] p1a,p1b
|-resisted|p1a: Sneasler|1
|-resisted|p1b: Sinistcha|1
|-damage|p1a: Sneasler|1/100
|-heal|p2a: Sinistcha|94/100|[from] drain|[of] p1a: Sneasler
|-damage|p1b: Sinistcha|88/100
|-heal|p2a: Sinistcha|100/100|[from] drain|[of] p1b: Sinistcha
|move|p1b: Sinistcha|Matcha Gotcha|p2a: Sinistcha|[spread] p2a,p2b
|-resisted|p2a: Sinistcha|1
|-damage|p2a: Sinistcha|89/100
|-heal|p1b: Sinistcha|93/100|[from] drain|[of] p2a: Sinistcha
|-damage|p2b: Pelipper|0 fnt
|-heal|p1b: Sinistcha|94/100|[from] drain|[of] p2b: Pelipper
|faint|p2b: Pelipper
|
|-weather|RainDance|[upkeep]
|upkeep
|turn|7
|inactive|SirenXD has 30 seconds left.
|
|t:|1783212021
|move|p1a: Sneasler|Dire Claw|p2a: Sinistcha
|-damage|p2a: Sinistcha|53/100
|move|p2a: Sinistcha|Matcha Gotcha|p1b: Sinistcha|[spread] p1a,p1b
|-resisted|p1a: Sneasler|1
|-resisted|p1b: Sinistcha|1
|-damage|p1a: Sneasler|0 fnt
|-heal|p2a: Sinistcha|55/100|[from] drain|[of] p1a: Sneasler
|-damage|p1b: Sinistcha|80/100
|-heal|p2a: Sinistcha|61/100|[from] drain|[of] p1b: Sinistcha
|faint|p1a: Sneasler
|move|p1b: Sinistcha|Matcha Gotcha|p2a: Sinistcha|[miss]
|-miss|p1b: Sinistcha|p2a: Sinistcha
|
|-weather|RainDance|[upkeep]
|upkeep
|turn|8
|
|t:|1783212037
|move|p1b: Sinistcha|Matcha Gotcha|p2a: Sinistcha
|-resisted|p2a: Sinistcha|1
|-damage|p2a: Sinistcha|44/100
|-heal|p1b: Sinistcha|89/100|[from] drain|[of] p2a: Sinistcha
|move|p2a: Sinistcha|Matcha Gotcha|p1b: Sinistcha
|-resisted|p1b: Sinistcha|1
|-damage|p1b: Sinistcha|69/100
|-heal|p2a: Sinistcha|55/100|[from] drain|[of] p1b: Sinistcha
|
|-weather|RainDance|[upkeep]
|upkeep
|turn|9
|
|t:|1783212051
|move|p2a: Sinistcha|Life Dew|p2a: Sinistcha
|-heal|p2a: Sinistcha|80/100
|move|p1b: Sinistcha|Matcha Gotcha|p2a: Sinistcha|[miss]
|-miss|p1b: Sinistcha|p2a: Sinistcha
|
|-weather|RainDance|[upkeep]
|upkeep
|turn|10
|
|t:|1783212055
|move|p1b: Sinistcha|Matcha Gotcha|p2a: Sinistcha
|-resisted|p2a: Sinistcha|1
|-damage|p2a: Sinistcha|65/100
|-heal|p1b: Sinistcha|76/100|[from] drain|[of] p2a: Sinistcha
|move|p2a: Sinistcha|Matcha Gotcha|p1b: Sinistcha
|-resisted|p1b: Sinistcha|1
|-damage|p1b: Sinistcha|60/100
|-heal|p2a: Sinistcha|74/100|[from] drain|[of] p1b: Sinistcha
|
|-weather|none
|upkeep
|turn|11
|
|t:|1783212062
|move|p1b: Sinistcha|Matcha Gotcha|p2a: Sinistcha
|-resisted|p2a: Sinistcha|1
|-damage|p2a: Sinistcha|58/100
|-heal|p1b: Sinistcha|67/100|[from] drain|[of] p2a: Sinistcha
|-status|p2a: Sinistcha|brn
|move|p2a: Sinistcha|Matcha Gotcha|p1b: Sinistcha
|-resisted|p1b: Sinistcha|1
|-damage|p1b: Sinistcha|50/100y
|-heal|p2a: Sinistcha|67/100 brn|[from] drain|[of] p1b: Sinistcha
|
|-damage|p2a: Sinistcha|61/100 brn|[from] brn
|upkeep
|turn|12
|
|t:|1783212075
|move|p2a: Sinistcha|Matcha Gotcha|p1b: Sinistcha
|-resisted|p1b: Sinistcha|1
|-damage|p1b: Sinistcha|33/100
|-heal|p2a: Sinistcha|70/100 brn|[from] drain|[of] p1b: Sinistcha
|move|p1b: Sinistcha|Life Dew|p1b: Sinistcha
|-heal|p1b: Sinistcha|58/100
|
|-damage|p2a: Sinistcha|64/100 brn|[from] brn
|upkeep
|turn|13
|
|t:|1783212085
|move|p1b: Sinistcha|Matcha Gotcha|p2a: Sinistcha|[miss]
|-miss|p1b: Sinistcha|p2a: Sinistcha
|move|p2a: Sinistcha|Matcha Gotcha|p1b: Sinistcha
|-resisted|p1b: Sinistcha|1
|-damage|p1b: Sinistcha|39/100
|-heal|p2a: Sinistcha|73/100 brn|[from] drain|[of] p1b: Sinistcha
|
|-damage|p2a: Sinistcha|67/100 brn|[from] brn
|upkeep
|turn|14
|c|☆SirenXD|brooo ive missed 3 lmao
|
|t:|1783212098
|move|p1b: Sinistcha|Protect|p1b: Sinistcha
|-singleturn|p1b: Sinistcha|Protect
|move|p2a: Sinistcha|Matcha Gotcha|p1b: Sinistcha
|-activate|p1b: Sinistcha|move: Protect
|
|-damage|p2a: Sinistcha|61/100 brn|[from] brn
|upkeep
|turn|15
|c|☆itsyaboibenbaker|bright powder goes crazy in the sinistcha ditto
|c|☆SirenXD|lmao
|
|t:|1783212108
|move|p1b: Sinistcha|Life Dew|p1b: Sinistcha
|-heal|p1b: Sinistcha|65/100
|move|p2a: Sinistcha|Matcha Gotcha|p1b: Sinistcha
|-resisted|p1b: Sinistcha|1
|-damage|p1b: Sinistcha|46/100
|-heal|p2a: Sinistcha|70/100 brn|[from] drain|[of] p1b: Sinistcha
|-status|p1b: Sinistcha|brn
|
|-damage|p2a: Sinistcha|64/100 brn|[from] brn
|-damage|p1b: Sinistcha|40/100 brn|[from] brn
|upkeep
|turn|16
|
|t:|1783212119
|move|p2a: Sinistcha|Matcha Gotcha|p1b: Sinistcha
|-resisted|p1b: Sinistcha|1
|-damage|p1b: Sinistcha|23/100 brn
|-heal|p2a: Sinistcha|73/100 brn|[from] drain|[of] p1b: Sinistcha
|move|p1b: Sinistcha|Matcha Gotcha|p2a: Sinistcha
|-resisted|p2a: Sinistcha|1
|-damage|p2a: Sinistcha|58/100 brn
|-heal|p1b: Sinistcha|30/100 brn|[from] drain|[of] p2a: Sinistcha
|
|-damage|p1b: Sinistcha|24/100 brn|[from] brn
|-damage|p2a: Sinistcha|52/100 brn|[from] brn
|upkeep
|turn|17
|
|t:|1783212135
|move|p2a: Sinistcha|Matcha Gotcha|p1b: Sinistcha
|-resisted|p1b: Sinistcha|1
|-damage|p1b: Sinistcha|6/100 brn
|-heal|p2a: Sinistcha|61/100 brn|[from] drain|[of] p1b: Sinistcha
|move|p1b: Sinistcha|Life Dew|p1b: Sinistcha
|-heal|p1b: Sinistcha|32/100 brn
|
|-damage|p2a: Sinistcha|55/100 brn|[from] brn
|-damage|p1b: Sinistcha|25/100 brn|[from] brn
|upkeep
|turn|18
|
|t:|1783212145
|move|p1b: Sinistcha|Protect|p1b: Sinistcha
|-singleturn|p1b: Sinistcha|Protect
|move|p2a: Sinistcha|Matcha Gotcha|p1b: Sinistcha
|-activate|p1b: Sinistcha|move: Protect
|
|-damage|p2a: Sinistcha|48/100 brn|[from] brn
|-damage|p1b: Sinistcha|19/100 brn|[from] brn
|upkeep
|turn|19
|
|t:|1783212154
|move|p1b: Sinistcha|Life Dew|p1b: Sinistcha
|-heal|p1b: Sinistcha|44/100 brn
|move|p2a: Sinistcha|Matcha Gotcha|p1b: Sinistcha
|-resisted|p1b: Sinistcha|1
|-damage|p1b: Sinistcha|26/100 brn
|-heal|p2a: Sinistcha|58/100 brn|[from] drain|[of] p1b: Sinistcha
|
|-damage|p1b: Sinistcha|20/100y brn|[from] brn
|-damage|p2a: Sinistcha|52/100 brn|[from] brn
|upkeep
|turn|20
|
|t:|1783212165
|move|p1b: Sinistcha|Life Dew|p1b: Sinistcha
|-heal|p1b: Sinistcha|45/100 brn
|move|p2a: Sinistcha|Life Dew|p2a: Sinistcha
|-heal|p2a: Sinistcha|77/100 brn
|
|-damage|p2a: Sinistcha|71/100 brn|[from] brn
|-damage|p1b: Sinistcha|39/100 brn|[from] brn
|upkeep
|turn|21
|
|t:|1783212176
|move|p1b: Sinistcha|Protect|p1b: Sinistcha
|-singleturn|p1b: Sinistcha|Protect
|move|p2a: Sinistcha|Trick Room|p2a: Sinistcha
|-fieldstart|move: Trick Room|[of] p2a: Sinistcha
|
|-damage|p2a: Sinistcha|65/100 brn|[from] brn
|-damage|p1b: Sinistcha|33/100 brn|[from] brn
|upkeep
|turn|22
|
|t:|1783212181
|move|p2a: Sinistcha|Rage Powder|p2a: Sinistcha
|-singleturn|p2a: Sinistcha|move: Rage Powder
|move|p1b: Sinistcha|Life Dew|p1b: Sinistcha
|-heal|p1b: Sinistcha|58/100 brn
|
|-damage|p2a: Sinistcha|58/100 brn|[from] brn
|-damage|p1b: Sinistcha|52/100 brn|[from] brn
|upkeep
|turn|23
|
|t:|1783212192
|move|p2a: Sinistcha|Rage Powder|p2a: Sinistcha
|-singleturn|p2a: Sinistcha|move: Rage Powder
|move|p1b: Sinistcha|Rage Powder|p1b: Sinistcha
|-singleturn|p1b: Sinistcha|move: Rage Powder
|
|-damage|p2a: Sinistcha|52/100 brn|[from] brn
|-damage|p1b: Sinistcha|46/100 brn|[from] brn
|upkeep
|turn|24
|
|t:|1783212199
|move|p1b: Sinistcha|Rage Powder|p1b: Sinistcha
|-singleturn|p1b: Sinistcha|move: Rage Powder
|move|p2a: Sinistcha|Rage Powder|p2a: Sinistcha
|-singleturn|p2a: Sinistcha|move: Rage Powder
|
|-damage|p1b: Sinistcha|39/100 brn|[from] brn
|-damage|p2a: Sinistcha|46/100 brn|[from] brn
|upkeep
|turn|25
|
|t:|1783212204
|move|p2a: Sinistcha|Rage Powder|p2a: Sinistcha
|-singleturn|p2a: Sinistcha|move: Rage Powder
|move|p1b: Sinistcha|Rage Powder|p1b: Sinistcha
|-singleturn|p1b: Sinistcha|move: Rage Powder
|
|-damage|p1b: Sinistcha|33/100 brn|[from] brn
|-damage|p2a: Sinistcha|40/100 brn|[from] brn
|-fieldend|move: Trick Room
|upkeep
|turn|26
|
|t:|1783212209
|move|p2a: Sinistcha|Rage Powder|p2a: Sinistcha
|-singleturn|p2a: Sinistcha|move: Rage Powder
|move|p1b: Sinistcha|Matcha Gotcha|p2a: Sinistcha
|-resisted|p2a: Sinistcha|1
|-damage|p2a: Sinistcha|26/100 brn
|-heal|p1b: Sinistcha|41/100 brn|[from] drain|[of] p2a: Sinistcha
|
|-damage|p1b: Sinistcha|34/100 brn|[from] brn
|-damage|p2a: Sinistcha|20/100y brn|[from] brn
|upkeep
|turn|27
|
|t:|1783212217
|move|p1b: Sinistcha|Matcha Gotcha|p2a: Sinistcha|[miss]
|-miss|p1b: Sinistcha|p2a: Sinistcha
|move|p2a: Sinistcha|Life Dew|p2a: Sinistcha
|-heal|p2a: Sinistcha|45/100 brn
|
|-damage|p1b: Sinistcha|28/100 brn|[from] brn
|-damage|p2a: Sinistcha|39/100 brn|[from] brn
|upkeep
|turn|28
|
|t:|1783212226
|move|p1b: Sinistcha|Life Dew|p1b: Sinistcha
|-heal|p1b: Sinistcha|53/100 brn
|move|p2a: Sinistcha|Matcha Gotcha|p1b: Sinistcha|[miss]
|-miss|p2a: Sinistcha|p1b: Sinistcha
|
|-damage|p1b: Sinistcha|47/100 brn|[from] brn
|-damage|p2a: Sinistcha|33/100 brn|[from] brn
|upkeep
|turn|29
|
|t:|1783212234
|move|p2a: Sinistcha|Life Dew|p2a: Sinistcha
|-heal|p2a: Sinistcha|58/100 brn
|move|p1b: Sinistcha|Matcha Gotcha|p2a: Sinistcha
|-resisted|p2a: Sinistcha|1
|-damage|p2a: Sinistcha|42/100 brn
|-heal|p1b: Sinistcha|56/100 brn|[from] drain|[of] p2a: Sinistcha
|
|-damage|p2a: Sinistcha|35/100 brn|[from] brn
|-damage|p1b: Sinistcha|50/100y brn|[from] brn
|upkeep
|turn|30
|
|t:|1783212243
|move|p1b: Sinistcha|Protect|p1b: Sinistcha
|-singleturn|p1b: Sinistcha|Protect
|move|p2a: Sinistcha|Life Dew|p2a: Sinistcha
|-heal|p2a: Sinistcha|61/100 brn
|
|-damage|p2a: Sinistcha|55/100 brn|[from] brn
|-damage|p1b: Sinistcha|43/100 brn|[from] brn
|upkeep
|turn|31
|
|t:|1783212250
|move|p1b: Sinistcha|Life Dew|p1b: Sinistcha
|-heal|p1b: Sinistcha|69/100 brn
|move|p2a: Sinistcha|Trick Room|p2a: Sinistcha
|-fieldstart|move: Trick Room|[of] p2a: Sinistcha
|
|-damage|p1b: Sinistcha|62/100 brn|[from] brn
|-damage|p2a: Sinistcha|48/100 brn|[from] brn
|upkeep
|turn|32
|
|t:|1783212257
|move|p1b: Sinistcha|Protect|p1b: Sinistcha
|-singleturn|p1b: Sinistcha|Protect
|move|p2a: Sinistcha|Rage Powder|p2a: Sinistcha
|-singleturn|p2a: Sinistcha|move: Rage Powder
|
|-damage|p1b: Sinistcha|56/100 brn|[from] brn
|-damage|p2a: Sinistcha|42/100 brn|[from] brn
|upkeep
|turn|33
|
|t:|1783212263
|move|p1b: Sinistcha|Protect||[still]
|-fail|p1b: Sinistcha
|move|p2a: Sinistcha|Rage Powder|p2a: Sinistcha
|-singleturn|p2a: Sinistcha|move: Rage Powder
|
|-damage|p1b: Sinistcha|50/100g brn|[from] brn
|-damage|p2a: Sinistcha|36/100 brn|[from] brn
|upkeep
|turn|34
|
|t:|1783212268
|move|p2a: Sinistcha|Life Dew|p2a: Sinistcha
|-heal|p2a: Sinistcha|61/100 brn
|move|p1b: Sinistcha|Matcha Gotcha|p2a: Sinistcha
|-resisted|p2a: Sinistcha|1
|-damage|p2a: Sinistcha|44/100 brn
|-heal|p1b: Sinistcha|58/100 brn|[from] drain|[of] p2a: Sinistcha
|
|-damage|p1b: Sinistcha|52/100 brn|[from] brn
|-damage|p2a: Sinistcha|38/100 brn|[from] brn
|upkeep
|turn|35
|
|t:|1783212278
|move|p2a: Sinistcha|Rage Powder|p2a: Sinistcha
|-singleturn|p2a: Sinistcha|move: Rage Powder
|move|p1b: Sinistcha|Matcha Gotcha|p2a: Sinistcha
|-resisted|p2a: Sinistcha|1
|-damage|p2a: Sinistcha|23/100 brn
|-heal|p1b: Sinistcha|60/100 brn|[from] drain|[of] p2a: Sinistcha
|
|-damage|p1b: Sinistcha|54/100 brn|[from] brn
|-damage|p2a: Sinistcha|17/100 brn|[from] brn
|-fieldend|move: Trick Room
|upkeep
|turn|36
|
|t:|1783212287
|move|p2a: Sinistcha|Life Dew|p2a: Sinistcha
|-heal|p2a: Sinistcha|42/100 brn
|move|p1b: Sinistcha|Matcha Gotcha|p2a: Sinistcha
|-resisted|p2a: Sinistcha|1
|-damage|p2a: Sinistcha|26/100 brn
|-heal|p1b: Sinistcha|62/100 brn|[from] drain|[of] p2a: Sinistcha
|
|-damage|p2a: Sinistcha|20/100y brn|[from] brn
|-damage|p1b: Sinistcha|56/100 brn|[from] brn
|upkeep
|turn|37
|
|t:|1783212296
|move|p2a: Sinistcha|Life Dew|p2a: Sinistcha
|-heal|p2a: Sinistcha|45/100 brn
|move|p1b: Sinistcha|Matcha Gotcha|p2a: Sinistcha
|-resisted|p2a: Sinistcha|1
|-damage|p2a: Sinistcha|30/100 brn
|-heal|p1b: Sinistcha|64/100 brn|[from] drain|[of] p2a: Sinistcha
|
|-damage|p1b: Sinistcha|57/100 brn|[from] brn
|-damage|p2a: Sinistcha|24/100 brn|[from] brn
|upkeep
|turn|38
|c|☆SirenXD|we're really just doing this huh
|
|t:|1783212306
|move|p1b: Sinistcha|Rage Powder|p1b: Sinistcha
|-singleturn|p1b: Sinistcha|move: Rage Powder
|move|p2a: Sinistcha|Life Dew|p2a: Sinistcha
|-heal|p2a: Sinistcha|50/100y brn
|
|-damage|p2a: Sinistcha|43/100 brn|[from] brn
|-damage|p1b: Sinistcha|51/100 brn|[from] brn
|upkeep
|turn|39
|
|t:|1783212314
|move|p1b: Sinistcha|Protect|p1b: Sinistcha
|-singleturn|p1b: Sinistcha|Protect
|move|p2a: Sinistcha|Rage Powder|p2a: Sinistcha
|-singleturn|p2a: Sinistcha|move: Rage Powder
|
|-damage|p2a: Sinistcha|37/100 brn|[from] brn
|-damage|p1b: Sinistcha|45/100 brn|[from] brn
|upkeep
|turn|40
|c|☆itsyaboibenbaker|yeah i got nothin else going on
|
|t:|1783212323
|move|p2a: Sinistcha|Rage Powder|p2a: Sinistcha
|-singleturn|p2a: Sinistcha|move: Rage Powder
|move|p1b: Sinistcha|Life Dew|p1b: Sinistcha
|-heal|p1b: Sinistcha|70/100 brn
|
|-damage|p1b: Sinistcha|64/100 brn|[from] brn
|-damage|p2a: Sinistcha|31/100 brn|[from] brn
|upkeep
|turn|41
|
|t:|1783212329
|move|p1b: Sinistcha|Protect|p1b: Sinistcha
|-singleturn|p1b: Sinistcha|Protect
|move|p2a: Sinistcha|Life Dew|p2a: Sinistcha
|-heal|p2a: Sinistcha|56/100 brn
|
|-damage|p2a: Sinistcha|50/100g brn|[from] brn
|-damage|p1b: Sinistcha|58/100 brn|[from] brn
|upkeep
|turn|42
|
|t:|1783212337
|move|p1b: Sinistcha|Rage Powder|p1b: Sinistcha
|-singleturn|p1b: Sinistcha|move: Rage Powder
|move|p2a: Sinistcha|Rage Powder|p2a: Sinistcha
|-singleturn|p2a: Sinistcha|move: Rage Powder
|
|-damage|p2a: Sinistcha|44/100 brn|[from] brn
|-damage|p1b: Sinistcha|52/100 brn|[from] brn
|upkeep
|turn|43
|
|t:|1783212342
|move|p1b: Sinistcha|Rage Powder|p1b: Sinistcha
|-singleturn|p1b: Sinistcha|move: Rage Powder
|move|p2a: Sinistcha|Matcha Gotcha|p1b: Sinistcha
|-resisted|p1b: Sinistcha|1
|-damage|p1b: Sinistcha|33/100 brn
|-heal|p2a: Sinistcha|53/100 brn|[from] drain|[of] p1b: Sinistcha
|
|-damage|p2a: Sinistcha|47/100 brn|[from] brn
|-damage|p1b: Sinistcha|27/100 brn|[from] brn
|upkeep
|turn|44
|
|t:|1783212355
|move|p2a: Sinistcha|Rage Powder|p2a: Sinistcha
|-singleturn|p2a: Sinistcha|move: Rage Powder
|move|p1b: Sinistcha|Life Dew|p1b: Sinistcha
|-heal|p1b: Sinistcha|52/100 brn
|
|-damage|p1b: Sinistcha|46/100 brn|[from] brn
|-damage|p2a: Sinistcha|41/100 brn|[from] brn
|upkeep
|turn|45
|
|t:|1783212362
|move|p1b: Sinistcha|Rage Powder|p1b: Sinistcha
|-singleturn|p1b: Sinistcha|move: Rage Powder
|move|p2a: Sinistcha|Rage Powder|p2a: Sinistcha
|-singleturn|p2a: Sinistcha|move: Rage Powder
|
|-damage|p2a: Sinistcha|35/100 brn|[from] brn
|-damage|p1b: Sinistcha|40/100 brn|[from] brn
|upkeep
|turn|46
|
|t:|1783212378
|move|p2a: Sinistcha|Rage Powder|p2a: Sinistcha
|-singleturn|p2a: Sinistcha|move: Rage Powder
|move|p1b: Sinistcha|Rage Powder|p1b: Sinistcha
|-singleturn|p1b: Sinistcha|move: Rage Powder
|
|-damage|p1b: Sinistcha|34/100 brn|[from] brn
|-damage|p2a: Sinistcha|29/100 brn|[from] brn
|upkeep
|turn|47
|
|t:|1783212384
|move|p1b: Sinistcha|Rage Powder|p1b: Sinistcha
|-singleturn|p1b: Sinistcha|move: Rage Powder
|move|p2a: Sinistcha|Rage Powder|p2a: Sinistcha
|-singleturn|p2a: Sinistcha|move: Rage Powder
|
|-damage|p2a: Sinistcha|23/100 brn|[from] brn
|-damage|p1b: Sinistcha|28/100 brn|[from] brn
|upkeep
|turn|48
|
|t:|1783212389
|move|p2a: Sinistcha|Rage Powder|p2a: Sinistcha
|-singleturn|p2a: Sinistcha|move: Rage Powder
|move|p1b: Sinistcha|Life Dew|p1b: Sinistcha
|-heal|p1b: Sinistcha|53/100 brn
|
|-damage|p2a: Sinistcha|16/100 brn|[from] brn
|-damage|p1b: Sinistcha|47/100 brn|[from] brn
|upkeep
|turn|49
|
|t:|1783212396
|move|p1b: Sinistcha|Life Dew|p1b: Sinistcha
|-heal|p1b: Sinistcha|72/100 brn
|move|p2a: Sinistcha|Life Dew|p2a: Sinistcha
|-heal|p2a: Sinistcha|42/100 brn
|
|-damage|p1b: Sinistcha|66/100 brn|[from] brn
|-damage|p2a: Sinistcha|35/100 brn|[from] brn
|upkeep
|turn|50
|
|t:|1783212403
|move|p1b: Sinistcha|Rage Powder|p1b: Sinistcha
|-singleturn|p1b: Sinistcha|move: Rage Powder
|move|p2a: Sinistcha|Life Dew|p2a: Sinistcha
|-heal|p2a: Sinistcha|61/100 brn
|
|-damage|p2a: Sinistcha|55/100 brn|[from] brn
|-damage|p1b: Sinistcha|60/100 brn|[from] brn
|upkeep
|turn|51
|
|t:|1783212410
|move|p1b: Sinistcha|Rage Powder|p1b: Sinistcha
|-singleturn|p1b: Sinistcha|move: Rage Powder
|move|p2a: Sinistcha|Matcha Gotcha|p1b: Sinistcha|[miss]
|-miss|p2a: Sinistcha|p1b: Sinistcha
|
|-damage|p2a: Sinistcha|48/100 brn|[from] brn
|-damage|p1b: Sinistcha|53/100 brn|[from] brn
|upkeep
|turn|52
|c|☆SirenXD|YOOo
|c|☆itsyaboibenbaker|NOOOOO
|c|☆SirenXD|finally
|c|☆itsyaboibenbaker|lmao
|inactive|SirenXD has 30 seconds left.
|c|☆SirenXD|you missed one llol
|
|t:|1783212422
|move|p2a: Sinistcha|Rage Powder|p2a: Sinistcha
|-singleturn|p2a: Sinistcha|move: Rage Powder
|move|p1b: Sinistcha|Rage Powder|p1b: Sinistcha
|-singleturn|p1b: Sinistcha|move: Rage Powder
|
|-damage|p2a: Sinistcha|42/100 brn|[from] brn
|-damage|p1b: Sinistcha|47/100 brn|[from] brn
|upkeep
|turn|53
|inactive|SirenXD has 30 seconds left this turn.
|
|t:|1783212426
|move|p1b: Sinistcha|Rage Powder|p1b: Sinistcha
|-singleturn|p1b: Sinistcha|move: Rage Powder
|move|p2a: Sinistcha|Trick Room|p2a: Sinistcha
|-fieldstart|move: Trick Room|[of] p2a: Sinistcha
|
|-damage|p2a: Sinistcha|36/100 brn|[from] brn
|-damage|p1b: Sinistcha|41/100 brn|[from] brn
|upkeep
|turn|54
|inactive|SirenXD has 30 seconds left this turn.
|
|t:|1783212431
|move|p1b: Sinistcha|Rage Powder|p1b: Sinistcha
|-singleturn|p1b: Sinistcha|move: Rage Powder
|move|p2a: Sinistcha|Trick Room|p2a: Sinistcha
|-fieldend|move: Trick Room
|
|-damage|p2a: Sinistcha|30/100 brn|[from] brn
|-damage|p1b: Sinistcha|35/100 brn|[from] brn
|upkeep
|turn|55
|inactive|SirenXD has 30 seconds left this turn.
|
|t:|1783212435
|move|p1b: Sinistcha|Rage Powder|p1b: Sinistcha
|-singleturn|p1b: Sinistcha|move: Rage Powder
|move|p2a: Sinistcha|Rage Powder|p2a: Sinistcha
|-singleturn|p2a: Sinistcha|move: Rage Powder
|
|-damage|p1b: Sinistcha|29/100 brn|[from] brn
|-damage|p2a: Sinistcha|24/100 brn|[from] brn
|upkeep
|turn|56
|inactive|SirenXD has 30 seconds left this turn.
|
|t:|1783212440
|move|p1b: Sinistcha|Rage Powder|p1b: Sinistcha
|-singleturn|p1b: Sinistcha|move: Rage Powder
|move|p2a: Sinistcha|Trick Room|p2a: Sinistcha
|-fieldstart|move: Trick Room|[of] p2a: Sinistcha
|
|-damage|p1b: Sinistcha|23/100 brn|[from] brn
|-damage|p2a: Sinistcha|17/100 brn|[from] brn
|upkeep
|turn|57
|inactive|SirenXD has 30 seconds left this turn.
|
|t:|1783212445
|move|p1b: Sinistcha|Rage Powder|p1b: Sinistcha
|-singleturn|p1b: Sinistcha|move: Rage Powder
|move|p2a: Sinistcha|Rage Powder|p2a: Sinistcha
|-singleturn|p2a: Sinistcha|move: Rage Powder
|
|-damage|p1b: Sinistcha|16/100 brn|[from] brn
|-damage|p2a: Sinistcha|11/100 brn|[from] brn
|upkeep
|turn|58
|inactive|SirenXD has 30 seconds left this turn.
|
|t:|1783212449
|move|p1b: Sinistcha|Rage Powder|p1b: Sinistcha
|-singleturn|p1b: Sinistcha|move: Rage Powder
|move|p2a: Sinistcha|Trick Room|p2a: Sinistcha
|-fieldend|move: Trick Room
|
|-damage|p2a: Sinistcha|5/100 brn|[from] brn
|-damage|p1b: Sinistcha|10/100 brn|[from] brn
|upkeep
|turn|59
|inactive|SirenXD has 30 seconds left this turn.
|
|t:|1783212454
|move|p2a: Sinistcha|Rage Powder|p2a: Sinistcha
|-singleturn|p2a: Sinistcha|move: Rage Powder
|move|p1b: Sinistcha|Rage Powder|p1b: Sinistcha
|-singleturn|p1b: Sinistcha|move: Rage Powder
|
|-damage|p1b: Sinistcha|4/100 brn|[from] brn
|-damage|p2a: Sinistcha|0 fnt|[from] brn
|faint|p2a: Sinistcha
|
|win|SirenXD
||SirenXD is ready for game 2.
||itsyaboibenbaker is ready for game 2.
|uhtml|next|Next: Game 2 of 3
|l|☆itsyaboibenbaker
|player|p2|
