|j|☆IraVinsmoke
|j|☆Jiyaodengboss
|html|IraVinsmokeJiyaodengboss    
|uhtml|bestof|Game 1 of a best-of-3
|t:|1783067869
|gametype|doubles
|player|p1|IraVinsmoke|169|1113
|player|p2|Jiyaodengboss|lucas|1028
|gen|9
|tier|[Gen 9 Champions] VGC 2026 Reg M-B (Bo3)
|rated|
|rule|Species Clause: Limit one of each Pokémon
|rule|Item Clause: Limit 1 of each item
|clearpoke
|poke|p1|Aerodactyl, L50, M|
|poke|p1|Kingambit, L50, F|
|poke|p1|Garchomp, L50, F|
|poke|p1|Sylveon, L50, F|
|poke|p1|Scrafty, L50, M|
|poke|p1|Sinistcha, L50|
|poke|p2|Grimmsnarl, L50, M|
|poke|p2|Archaludon, L50, M|
|poke|p2|Pelipper, L50, M|
|poke|p2|Sinistcha, L50|
|poke|p2|Swampert, L50, F|
|poke|p2|Metagross, L50|
|teampreview|4
|showteam|p1|Aerodactyl||FocusSash|Unnerve|Tailwind,RockSlide,DualWingbeat,Protect|Jolly||M|||50|]Kingambit||ChopleBerry|Defiant|KowtowCleave,IronHead,SuckerPunch,Protect|Adamant||F|||50|]Garchomp||LifeOrb|RoughSkin|StompingTantrum,RockSlide,PoisonJab,Protect|Jolly||F|||50|]Sylveon||FairyFeather|Pixilate|HyperVoice,HyperBeam,QuickAttack,Protect|Modest||F|||50|]Scrafty||Scraftinite|Intimidate|FakeOut,DrainPunch,KnockOff,Protect|Adamant||M|||50|]Sinistcha||SitrusBerry|Hospitality|MatchaGotcha,RagePowder,TrickRoom,Protect|Bold|||||50|
|showteam|p2|Grimmsnarl||LightClay|Prankster|SpiritBreak,PartingShot,Reflect,LightScreen|Calm||M|||50|]Archaludon||Leftovers|Stamina|ElectroShot,DragonPulse,FlashCannon,Protect|Modest||M|||50|]Pelipper||SitrusBerry|Drizzle|Hurricane,WeatherBall,Tailwind,WideGuard|Serious||M|||50|]Sinistcha||CobaBerry|Hospitality|MatchaGotcha,TrickRoom,RagePowder,Protect|Lax|||||50|]Swampert||Swampertite|Torrent|WaveCrash,Earthquake,IcePunch,Protect|Adamant||F|||50|]Metagross||Metagrossite|ClearBody|IronHead,PsychicFangs,BodyPress,Protect|Jolly|||||50|
|
|t:|1783067892
|teamsize|p1|4
|teamsize|p2|4
|start
|switch|p1a: Aerodactyl|Aerodactyl, L50, M|100/100
|switch|p1b: Garchomp|Garchomp, L50, F|100/100
|switch|p2a: Swampert|Swampert, L50, F|100/100
|switch|p2b: Pelipper|Pelipper, L50, M|100/100
|-ability|p1a: Aerodactyl|Unnerve
|-weather|RainDance|[from] ability: Drizzle|[of] p2b: Pelipper
|turn|1
|
|t:|1783067918
|detailschange|p2a: Swampert|Swampert-Mega, L50, F
|-mega|p2a: Swampert|Swampert|Swampertite
|move|p2a: Swampert|Ice Punch|p1b: Garchomp
|-supereffective|p1b: Garchomp|2
|-damage|p1b: Garchomp|0 fnt
|-damage|p2a: Swampert|88/100|[from] ability: Rough Skin|[of] p1b: Garchomp
|faint|p1b: Garchomp
|move|p1a: Aerodactyl|Tailwind|p1a: Aerodactyl
|-sidestart|p1: IraVinsmoke|move: Tailwind
|move|p2b: Pelipper|Tailwind|p2b: Pelipper
|-sidestart|p2: Jiyaodengboss|move: Tailwind
|
|-weather|RainDance|[upkeep]
|upkeep
|
|t:|1783067936
|switch|p1b: Sylveon|Sylveon, L50, F|100/100
|turn|2
|
|t:|1783067948
|move|p2a: Swampert|Wave Crash|p1b: Sylveon
|-damage|p1b: Sylveon|0 fnt
|faint|p1b: Sylveon
|-damage|p2a: Swampert|55/100|[from] Recoil
|move|p1a: Aerodactyl|Rock Slide|p2a: Swampert|[spread] p2a,p2b
|-resisted|p2a: Swampert|1
|-crit|p2a: Swampert
|-supereffective|p2b: Pelipper|1
|-damage|p2a: Swampert|36/100
|-damage|p2b: Pelipper|28/100
|move|p2b: Pelipper|Weather Ball|p1a: Aerodactyl
|-supereffective|p1a: Aerodactyl|1
|-enditem|p1a: Aerodactyl|Focus Sash
|-damage|p1a: Aerodactyl|1/100
|
|-weather|RainDance|[upkeep]
|upkeep
|
|t:|1783067964
|switch|p1b: Sinistcha|Sinistcha, L50|100/100
|-heal|p1a: Aerodactyl|25/100|[from] ability: Hospitality|[of] p1b: Sinistcha
|turn|3
|
|t:|1783067986
|move|p2b: Pelipper|Wide Guard|p2b: Pelipper
|-singleturn|p2b: Pelipper|Wide Guard
|move|p1b: Sinistcha|Rage Powder|p1b: Sinistcha
|-singleturn|p1b: Sinistcha|move: Rage Powder
|move|p2a: Swampert|Wave Crash|p1b: Sinistcha
|-resisted|p1b: Sinistcha|1
|-damage|p1b: Sinistcha|62/100
|-damage|p2a: Swampert|24/100|[from] Recoil
|move|p1a: Aerodactyl|Rock Slide|p2b: Pelipper|[spread] 
|-activate|p2a: Swampert|move: Wide Guard
|-activate|p2b: Pelipper|move: Wide Guard
|
|-weather|RainDance|[upkeep]
|upkeep
|turn|4
|
|t:|1783068007
|switch|p2b: Grimmsnarl|Grimmsnarl, L50, M|100/100
|move|p1b: Sinistcha|Rage Powder|p1b: Sinistcha
|-singleturn|p1b: Sinistcha|move: Rage Powder
|move|p2a: Swampert|Ice Punch|p1b: Sinistcha
|-supereffective|p1b: Sinistcha|1
|-damage|p1b: Sinistcha|14/100
|-enditem|p1b: Sinistcha|Sitrus Berry|[eat]
|-heal|p1b: Sinistcha|38/100|[from] item: Sitrus Berry
|move|p1a: Aerodactyl|Dual Wingbeat|p2b: Grimmsnarl
|-damage|p2b: Grimmsnarl|81/100
|-damage|p2b: Grimmsnarl|63/100
|-hitcount|p2b: Grimmsnarl|2
|
|-weather|RainDance|[upkeep]
|-sideend|p1: IraVinsmoke|move: Tailwind
|-sideend|p2: Jiyaodengboss|move: Tailwind
|upkeep
|turn|5
|
|t:|1783068036
|move|p1b: Sinistcha|Protect|p1b: Sinistcha
|-singleturn|p1b: Sinistcha|Protect
|move|p2a: Swampert|Ice Punch|p1b: Sinistcha
|-activate|p1b: Sinistcha|move: Protect
|move|p1a: Aerodactyl|Rock Slide|p2b: Grimmsnarl|[spread] p2a,p2b
|-resisted|p2a: Swampert|1
|-damage|p2a: Swampert|12/100
|-damage|p2b: Grimmsnarl|38/100
|move|p2b: Grimmsnarl|Spirit Break|p1a: Aerodactyl
|-damage|p1a: Aerodactyl|0 fnt
|faint|p1a: Aerodactyl
|
|-weather|none
|upkeep
|turn|6
|
|t:|1783068054
|move|p2a: Swampert|Ice Punch|p1b: Sinistcha
|-supereffective|p1b: Sinistcha|1
|-damage|p1b: Sinistcha|0 fnt
|faint|p1b: Sinistcha
|
|win|Jiyaodengboss
|l|☆Jiyaodengboss
|player|p2|
|inactive|IraVinsmoke has 30 seconds to confirm battle start!
|inactive|Jiyaodengboss has 30 seconds to confirm battle start!
