|j|☆lerry27
|j|☆ELIAS TRESCIENTOS
|html|lerry27ELIAS TRESCIENTOS    
|uhtml|bestof|Game 1 of a best-of-3
|t:|1782550995
|gametype|doubles
|player|p1|lerry27|brycen|1079
|player|p2|ELIAS TRESCIENTOS|102|1233
|gen|9
|tier|[Gen 9 Champions] VGC 2026 Reg M-B (Bo3)
|rated|
|rule|Species Clause: Limit one of each Pokémon
|rule|Item Clause: Limit 1 of each item
|clearpoke
|poke|p1|Gengar, L50, M, shiny|
|poke|p1|Maushold-Four, L50|
|poke|p1|Blastoise, L50, F|
|poke|p1|Sinistcha, L50|
|poke|p1|Politoed, L50, M|
|poke|p1|Incineroar, L50, M, shiny|
|poke|p2|Gengar, L50, F|
|poke|p2|Scrafty, L50, F|
|poke|p2|Incineroar, L50, M|
|poke|p2|Snorlax, L50, F|
|poke|p2|Ninetales-Alola, L50, F|
|poke|p2|Dragonite, L50, F|
|teampreview|4
|showteam|p1|Gengar||Gengarite|CursedBody|SludgeBomb,PerishSong,ShadowBall,Protect|Modest||M|||50|]Maushold-Four||ChopleBerry|FriendGuard|FollowMe,HelpingHand,Uturn,Protect|Impish|||||50|]Blastoise||Blastoisinite|Torrent|WaterSpout,DarkPulse,ShellSmash,Protect|Modest||F|||50|]Sinistcha||KasibBerry|Hospitality|LifeDew,MatchaGotcha,RagePowder,Protect|Bold|||||50|]Politoed||SitrusBerry|Drizzle|PerishSong,Protect,WeatherBall,IceBeam|Calm||M|||50|]Incineroar||PasshoBerry|Intimidate|FakeOut,ThroatChop,PartingShot,Protect|Careful||M|||50|
|showteam|p2|Gengar||Gengarite|CursedBody|SludgeBomb,ShadowBall,Protect,PerishSong|Modest||F|||50|]Scrafty||Scraftinite|Intimidate|FakeOut,CloseCombat,KnockOff,Detect|Careful||F|||50|]Incineroar||SitrusBerry|Intimidate|Protect,FakeOut,PartingShot,FlareBlitz|Impish||M|||50|]Snorlax||Leftovers|ThickFat|Protect,Yawn,DoubleEdge,Fissure|Relaxed||F|||50|]Ninetales-Alola||FocusSash|SnowWarning|Protect,Encore,Disable,Blizzard|Timid||F|||50|]Dragonite||DragonFang|Multiscale|DragonClaw,LowKick,ExtremeSpeed,Protect|Adamant||F|||50|
|inactive|Battle timer is ON: inactive players will automatically lose when time's up. (requested by ELIAS TRESCIENTOS)
|
|t:|1782551052
|teamsize|p1|4
|teamsize|p2|4
|start
|switch|p1a: Incineroar|Incineroar, L50, M, shiny|100/100
|switch|p1b: Gengar|Gengar, L50, M, shiny|100/100
|switch|p2a: Scrafty|Scrafty, L50, F|100/100
|switch|p2b: Incineroar|Incineroar, L50, M|100/100
|-ability|p1a: Incineroar|Intimidate|boost
|-unboost|p2a: Scrafty|atk|1
|-unboost|p2b: Incineroar|atk|1
|-ability|p2b: Incineroar|Intimidate|boost
|-unboost|p1a: Incineroar|atk|1
|-unboost|p1b: Gengar|atk|1
|-ability|p2a: Scrafty|Intimidate|boost
|-unboost|p1a: Incineroar|atk|1
|-unboost|p1b: Gengar|atk|1
|turn|1
|
|t:|1782551061
|switch|p1a: Maushold|Maushold-Four, L50|100/100
|detailschange|p1b: Gengar|Gengar-Mega, L50, M, shiny
|-mega|p1b: Gengar|Gengar|Gengarite
|move|p2b: Incineroar|Fake Out|p1a: Maushold
|-damage|p1a: Maushold|93/100
|move|p1b: Gengar|Perish Song|p1b: Gengar
|-start|p1a: Maushold|perish3|[silent]
|-start|p1b: Gengar|perish3|[silent]
|-start|p2a: Scrafty|perish3|[silent]
|-start|p2b: Incineroar|perish3|[silent]
|-fieldactivate|move: Perish Song
|move|p2a: Scrafty|Knock Off|p1b: Gengar
|-supereffective|p1b: Gengar|1
|-damage|p1b: Gengar|75/100
|
|-start|p1b: Gengar|perish3
|-start|p1a: Maushold|perish3
|-start|p2b: Incineroar|perish3
|-start|p2a: Scrafty|perish3
|upkeep
|turn|2
|
|t:|1782551079
|move|p1b: Gengar|Protect|p1b: Gengar
|-singleturn|p1b: Gengar|Protect
|move|p1a: Maushold|Protect|p1a: Maushold
|-singleturn|p1a: Maushold|Protect
|move|p2b: Incineroar|Flare Blitz|p1a: Maushold
|-activate|p1a: Maushold|move: Protect
|move|p2a: Scrafty|Close Combat|p1a: Maushold
|-activate|p1a: Maushold|move: Protect
|
|-start|p1b: Gengar|perish2
|-start|p1a: Maushold|perish2
|-start|p2b: Incineroar|perish2
|-start|p2a: Scrafty|perish2
|upkeep
|turn|3
|
|t:|1782551102
|switch|p1b: Incineroar|Incineroar, L50, M, shiny|100/100
|-ability|p1b: Incineroar|Intimidate|boost
|-unboost|p2a: Scrafty|atk|1
|-unboost|p2b: Incineroar|atk|1
|move|p1a: Maushold|U-turn|p2a: Scrafty
|-damage|p2a: Scrafty|87/100
|
|t:|1782551109
|switch|p1a: Gengar|Gengar-Mega, L50, M, shiny|75/100|[from] U-turn
|move|p2b: Incineroar|Parting Shot|p1a: Gengar
|-unboost|p1a: Gengar|atk|1
|-unboost|p1a: Gengar|spa|1
|
|t:|1782551115
|switch|p2b: Gengar|Gengar, L50, F|100/100|[from] Parting Shot
|move|p2a: Scrafty|Close Combat|p1a: Gengar
|-immune|p1a: Gengar
|
|-start|p2a: Scrafty|perish1
|upkeep
|turn|4
|
|t:|1782551137
|detailschange|p2b: Gengar|Gengar-Mega, L50, F
|-mega|p2b: Gengar|Gengar|Gengarite
|move|p1a: Gengar|Protect|p1a: Gengar
|-singleturn|p1a: Gengar|Protect
|move|p1b: Incineroar|Protect|p1b: Incineroar
|-singleturn|p1b: Incineroar|Protect
|move|p2b: Gengar|Shadow Ball|p1a: Gengar
|-activate|p1a: Gengar|move: Protect
|move|p2a: Scrafty|Close Combat|p1b: Incineroar
|-activate|p1b: Incineroar|move: Protect
|
|-start|p2a: Scrafty|perish0
|faint|p2a: Scrafty
|upkeep
|
|t:|1782551150
|switch|p2a: Incineroar|Incineroar, L50, M|100/100
|-ability|p2a: Incineroar|Intimidate|boost
|-unboost|p1a: Gengar|atk|1
|-unboost|p1b: Incineroar|atk|1
|turn|5
|inactive|lerry27 has 30 seconds left.
|
|t:|1782551175
|switch|p1a: Maushold|Maushold-Four, L50|93/100
|move|p2a: Incineroar|Fake Out|p1b: Incineroar
|-damage|p1b: Incineroar|92/100
|move|p2b: Gengar|Shadow Ball|p1a: Maushold
|-immune|p1a: Maushold
|cant|p1b: Incineroar|flinch
|
|upkeep
|turn|6
|
|t:|1782551196
|switch|p2b: Snorlax|Snorlax, L50, F|100/100
|move|p1a: Maushold|U-turn|p2a: Incineroar
|-damage|p2a: Incineroar|90/100
|
|t:|1782551201
|switch|p1a: Gengar|Gengar-Mega, L50, M, shiny|75/100|[from] U-turn
|move|p1b: Incineroar|Parting Shot|p2b: Snorlax
|-unboost|p2b: Snorlax|atk|1
|-unboost|p2b: Snorlax|spa|1
|
|t:|1782551211
|switch|p1b: Maushold|Maushold-Four, L50|93/100|[from] Parting Shot
|move|p2a: Incineroar|Flare Blitz|p1a: Gengar
|-damage|p1a: Gengar|37/100
|-damage|p2a: Incineroar|79/100|[from] Recoil
|
|upkeep
|turn|7
|
|t:|1782551225
|move|p1b: Maushold|Follow Me|p1b: Maushold
|-singleturn|p1b: Maushold|move: Follow Me
|move|p1a: Gengar|Perish Song|p1a: Gengar
|-start|p1a: Gengar|perish3|[silent]
|-start|p1b: Maushold|perish3|[silent]
|-start|p2a: Incineroar|perish3|[silent]
|-start|p2b: Snorlax|perish3|[silent]
|-fieldactivate|move: Perish Song
|move|p2a: Incineroar|Flare Blitz|p1b: Maushold
|-damage|p1b: Maushold|50/100y
|-status|p1b: Maushold|brn
|-damage|p2a: Incineroar|66/100|[from] Recoil
|move|p2b: Snorlax|Yawn||[still]
|-fail|p2b: Snorlax
|
|-damage|p1b: Maushold|43/100 brn|[from] brn
|-start|p1a: Gengar|perish3
|-start|p1b: Maushold|perish3
|-start|p2a: Incineroar|perish3
|-start|p2b: Snorlax|perish3
|upkeep
|turn|8
|
|t:|1782551246
|move|p1a: Gengar|Protect|p1a: Gengar
|-singleturn|p1a: Gengar|Protect
|move|p1b: Maushold|Protect|p1b: Maushold
|-singleturn|p1b: Maushold|Protect
|move|p2a: Incineroar|Parting Shot|p2b: Snorlax
|-unboost|p2b: Snorlax|atk|1
|-unboost|p2b: Snorlax|spa|1
|
|t:|1782551250
|switch|p2a: Gengar|Gengar-Mega, L50, F|100/100|[from] Parting Shot
|move|p2b: Snorlax|Double-Edge|p1b: Maushold
|-activate|p1b: Maushold|move: Protect
|
|-damage|p1b: Maushold|37/100 brn|[from] brn
|-start|p1a: Gengar|perish2
|-start|p1b: Maushold|perish2
|-start|p2b: Snorlax|perish2
|upkeep
|turn|9
|
|t:|1782551272
|switch|p1a: Incineroar|Incineroar, L50, M, shiny|92/100
|-ability|p1a: Incineroar|Intimidate|boost
|-unboost|p2a: Gengar|atk|1
|-unboost|p2b: Snorlax|atk|1
|move|p2a: Gengar|Protect|p2a: Gengar
|-singleturn|p2a: Gengar|Protect
|move|p1b: Maushold|U-turn|p2a: Gengar
|-activate|p2a: Gengar|move: Protect
|move|p2b: Snorlax|Double-Edge|p1b: Maushold
|-damage|p1b: Maushold|22/100 brn
|-damage|p2b: Snorlax|96/100|[from] Recoil
|
|-heal|p2b: Snorlax|100/100|[from] item: Leftovers
|-damage|p1b: Maushold|16/100 brn|[from] brn
|-start|p1b: Maushold|perish1
|-start|p2b: Snorlax|perish1
|upkeep
|turn|10
|inactive|lerry27 has 30 seconds left.
|
|t:|1782551297
|switch|p2b: Incineroar|Incineroar, L50, M|66/100
|-ability|p2b: Incineroar|Intimidate|boost
|-unboost|p1a: Incineroar|atk|1
|-unboost|p1b: Maushold|atk|1
|move|p1b: Maushold|Follow Me|p1b: Maushold
|-singleturn|p1b: Maushold|move: Follow Me
|move|p2a: Gengar|Sludge Bomb|p1b: Maushold
|-damage|p1b: Maushold|0 fnt
|faint|p1b: Maushold
|move|p1a: Incineroar|Parting Shot|p2b: Incineroar
|-unboost|p2b: Incineroar|atk|1
|-unboost|p2b: Incineroar|spa|1
|
|t:|1782551307
|switch|p1a: Gengar|Gengar-Mega, L50, M, shiny|37/100|[from] Parting Shot
|
|upkeep
|
|t:|1782551310
|switch|p1b: Politoed|Politoed, L50, M|100/100
|-weather|RainDance|[from] ability: Drizzle|[of] p1b: Politoed
|turn|11
|
|t:|1782551316
|move|p1a: Gengar|Protect|p1a: Gengar
|-singleturn|p1a: Gengar|Protect
|move|p2b: Incineroar|Fake Out|p1b: Politoed
|-damage|p1b: Politoed|93/100
|move|p2a: Gengar|Shadow Ball|p1a: Gengar
|-activate|p1a: Gengar|move: Protect
|cant|p1b: Politoed|flinch
|
|-weather|RainDance|[upkeep]
|upkeep
|turn|12
|
|t:|1782551334
|switch|p1a: Incineroar|Incineroar, L50, M, shiny|92/100
|-ability|p1a: Incineroar|Intimidate|boost
|-unboost|p2a: Gengar|atk|1
|-unboost|p2b: Incineroar|atk|1
|move|p2a: Gengar|Shadow Ball|p1a: Incineroar
|-resisted|p1a: Incineroar|1
|-damage|p1a: Incineroar|73/100
|-unboost|p1a: Incineroar|spd|1
|move|p1b: Politoed|Weather Ball|p2b: Incineroar
|-supereffective|p2b: Incineroar|1
|-damage|p2b: Incineroar|0 fnt
|faint|p2b: Incineroar
|
|-weather|RainDance|[upkeep]
|upkeep
|
|t:|1782551344
|switch|p2b: Snorlax|Snorlax, L50, F|100/100
|turn|13
|
|t:|1782551357
|move|p1a: Incineroar|Fake Out|p2b: Snorlax
|-crit|p2b: Snorlax
|-damage|p2b: Snorlax|89/100
|move|p2a: Gengar|Sludge Bomb|p1b: Politoed
|-damage|p1b: Politoed|52/100
|-status|p1b: Politoed|psn
|move|p1b: Politoed|Perish Song|p1b: Politoed
|-start|p1a: Incineroar|perish3|[silent]
|-start|p1b: Politoed|perish3|[silent]
|-start|p2a: Gengar|perish3|[silent]
|-start|p2b: Snorlax|perish3|[silent]
|-fieldactivate|move: Perish Song
|cant|p2b: Snorlax|flinch
|
|-weather|RainDance|[upkeep]
|-heal|p2b: Snorlax|95/100|[from] item: Leftovers
|-damage|p1b: Politoed|40/100 psn|[from] psn
|-start|p2a: Gengar|perish3
|-start|p1a: Incineroar|perish3
|-start|p1b: Politoed|perish3
|-start|p2b: Snorlax|perish3
|upkeep
|-enditem|p1b: Politoed|Sitrus Berry|[eat]
|-heal|p1b: Politoed|64/100 psn|[from] item: Sitrus Berry
|turn|14
|inactive|lerry27 has 30 seconds left.
|
|t:|1782551384
|move|p1a: Incineroar|Protect|p1a: Incineroar
|-singleturn|p1a: Incineroar|Protect
|move|p1b: Politoed|Protect|p1b: Politoed
|-singleturn|p1b: Politoed|Protect
|move|p2a: Gengar|Sludge Bomb|p1a: Incineroar
|-activate|p1a: Incineroar|move: Protect
|move|p2b: Snorlax|Fissure|p1a: Incineroar
|-activate|p1a: Incineroar|move: Protect
|
|-weather|RainDance|[upkeep]
|-heal|p2b: Snorlax|100/100|[from] item: Leftovers
|-damage|p1b: Politoed|52/100 psn|[from] psn
|-start|p2a: Gengar|perish2
|-start|p1a: Incineroar|perish2
|-start|p1b: Politoed|perish2
|-start|p2b: Snorlax|perish2
|upkeep
|turn|15
|
|t:|1782551406
|move|p2a: Gengar|Sludge Bomb|p1a: Incineroar
|-damage|p1a: Incineroar|5/100
|move|p1a: Incineroar|Parting Shot|p2b: Snorlax
|-unboost|p2b: Snorlax|atk|1
|-unboost|p2b: Snorlax|spa|1
|
|t:|1782551412
|switch|p1a: Gengar|Gengar-Mega, L50, M, shiny|37/100|[from] Parting Shot
|move|p1b: Politoed|Weather Ball|p2a: Gengar
|-damage|p2a: Gengar|41/100
|move|p2b: Snorlax|Fissure|p1a: Gengar
|-damage|p1a: Gengar|0 fnt
|faint|p1a: Gengar
|-ohko
|
|-weather|none
|-damage|p1b: Politoed|40/100 psn|[from] psn
|-start|p2a: Gengar|perish1
|-start|p1b: Politoed|perish1
|-start|p2b: Snorlax|perish1
|upkeep
|
|t:|1782551430
|switch|p1a: Incineroar|Incineroar, L50, M, shiny|5/100
|-ability|p1a: Incineroar|Intimidate|boost
|-unboost|p2a: Gengar|atk|1
|-unboost|p2b: Snorlax|atk|1
|turn|16
|
|t:|1782551438
|move|p1a: Incineroar|Protect|p1a: Incineroar
|-singleturn|p1a: Incineroar|Protect
|move|p1b: Politoed|Protect|p1b: Politoed
|-singleturn|p1b: Politoed|Protect
|move|p2a: Gengar|Shadow Ball|p1a: Incineroar
|-activate|p1a: Incineroar|move: Protect
|move|p2b: Snorlax|Double-Edge|p1a: Incineroar
|-activate|p1a: Incineroar|move: Protect
|
|-damage|p1b: Politoed|27/100 psn|[from] psn
|-start|p2a: Gengar|perish0
|-start|p1b: Politoed|perish0
|-start|p2b: Snorlax|perish0
|faint|p2a: Gengar
|faint|p1b: Politoed
|faint|p2b: Snorlax
|
|win|lerry27
||ELIAS TRESCIENTOS is ready for game 2.
|inactive|lerry27 has 30 seconds to confirm battle start!
|inactive|lerry27 has 20 seconds to confirm battle start!
||lerry27 is ready for game 2.
|uhtml|next|Next: Game 2 of 3
