|j|☆lucasmalt
|j|☆ultraclaw1
|html|lucasmaltultraclaw1    
|uhtml|bestof|Game 2 of a best-of-3
|t:|1784894741
|gametype|doubles
|player|p1|lucasmalt|266|1367
|player|p2|ultraclaw1|brycenman|1500
|gen|9
|tier|[Gen 9 Champions] VGC 2026 Reg M-B (Bo3)
|rated|
|rule|Species Clause: Limit one of each Pokémon
|rule|Item Clause: Limit 1 of each item
|clearpoke
|poke|p1|Blaziken, L50, F, shiny|
|poke|p1|Incineroar, L50, F, shiny|
|poke|p1|Sinistcha, L50|
|poke|p1|Milotic, L50, M, shiny|
|poke|p1|Hydreigon, L50, M|
|poke|p1|Gardevoir, L50, F, shiny|
|poke|p2|Maushold, L50|
|poke|p2|Kingambit, L50, M|
|poke|p2|Garchomp, L50, M|
|poke|p2|Basculegion, L50, M|
|poke|p2|Talonflame, L50, M|
|poke|p2|Floette-Eternal, L50, F|
|teampreview|4
|showteam|p1|Blaziken||Blazikenite|SpeedBoost|FlareBlitz,CloseCombat,RockSlide,Detect|Adamant||F|||50|]Incineroar||SitrusBerry|Intimidate|FakeOut,FlareBlitz,DarkestLariat,PartingShot|Careful||F|||50|]Sinistcha||KasibBerry|Hospitality|MatchaGotcha,RagePowder,TrickRoom,Protect|Bold|||||50|]Milotic||Leftovers|Competitive|MuddyWater,Coil,Hypnosis,Recover|Calm||M|||50|]Hydreigon||ChoiceScarf|Levitate|Snarl,DracoMeteor,DarkPulse,EarthPower|Modest||M|||50|]Gardevoir||Gardevoirite|Trace|HyperVoice,Psyshock,TrickRoom,Protect|Modest||F|||50|
|showteam|p2|Maushold||FocusSash|FriendGuard|SuperFang,Taunt,FollowMe,Protect|Timid|||||50|]Kingambit||ChopleBerry|Defiant|KowtowCleave,SuckerPunch,LowKick,IronHead|Adamant||M|||50|]Garchomp||LifeOrb|RoughSkin|RockSlide,Earthquake,DragonClaw,Protect|Jolly||M|||50|]Basculegion||MysticWater|Adaptability|WaveCrash,LastRespects,AquaJet,Protect|Adamant||M|||50|]Talonflame||SharpBeak|GaleWings|QuickGuard,DualWingbeat,Tailwind,Protect|Jolly||M|||50|]Floette-Eternal||Floettite|FlowerVeil|LightofRuin,Protect,Moonblast,DazzlingGleam|Modest||F|||50|
|inactive|Battle timer is ON: inactive players will automatically lose when time's up. (requested by ultraclaw1)
|inactive|lucasmalt has 60 seconds left.
|
|t:|1784894783
|teamsize|p1|4
|teamsize|p2|4
|start
|switch|p1a: Milotic|Milotic, L50, M, shiny|100/100
|switch|p1b: Blaziken|Blaziken, L50, F, shiny|100/100
|switch|p2a: Floette|Floette-Eternal, L50, F|100/100
|switch|p2b: Maushold|Maushold, L50|100/100
|turn|1
|
|t:|1784894796
|detailschange|p2a: Floette|Floette-Mega, L50, F
|-mega|p2a: Floette|Floette|Floettite
|-ability|p2a: Floette|Fairy Aura
|detailschange|p1b: Blaziken|Blaziken-Mega, L50, F, shiny
|-mega|p1b: Blaziken|Blaziken|Blazikenite
|move|p1b: Blaziken|Detect|p1b: Blaziken
|-singleturn|p1b: Blaziken|Protect
|move|p2b: Maushold|Super Fang|p1a: Milotic
|-damage|p1a: Milotic|50/100y
|move|p2a: Floette|Moonblast|p1b: Blaziken
|-activate|p1b: Blaziken|move: Protect
|move|p1a: Milotic|Muddy Water|p2a: Floette|[spread] p2a,p2b
|-damage|p2a: Floette|86/100
|-damage|p2b: Maushold|71/100
|-unboost|p2b: Maushold|accuracy|1
|
|-heal|p1a: Milotic|55/100|[from] item: Leftovers
|-ability|p1b: Blaziken|Speed Boost|boost
|-boost|p1b: Blaziken|spe|1
|upkeep
|turn|2
|
|t:|1784894817
|move|p2b: Maushold|Follow Me|p2b: Maushold
|-singleturn|p2b: Maushold|move: Follow Me
|move|p1b: Blaziken|Flare Blitz|p2b: Maushold
|-damage|p2b: Maushold|0 fnt
|faint|p2b: Maushold
|-damage|p1b: Blaziken|74/100|[from] Recoil
|move|p2a: Floette|Moonblast|p1b: Blaziken
|-damage|p1b: Blaziken|0 fnt
|faint|p1b: Blaziken
|move|p1a: Milotic|Recover|p1a: Milotic
|-heal|p1a: Milotic|100/100
|
|upkeep
|
|t:|1784894829
|switch|p2b: Basculegion|Basculegion, L50, M|100/100
|switch|p1b: Incineroar|Incineroar, L50, F, shiny|100/100
|-ability|p1b: Incineroar|Intimidate|boost
|-unboost|p2a: Floette|atk|1
|-unboost|p2b: Basculegion|atk|1
|turn|3
|
|t:|1784894841
|switch|p1b: Hydreigon|Hydreigon, L50, M|100/100
|move|p2a: Floette|Light of Ruin|p1a: Milotic
|-damage|p1a: Milotic|19/100
|-damage|p2a: Floette|32/100|[from] Recoil
|move|p2b: Basculegion|Last Respects|p1a: Milotic
|-damage|p1a: Milotic|0 fnt
|faint|p1a: Milotic
|
|upkeep
|
|t:|1784894851
|switch|p1a: Incineroar|Incineroar, L50, F, shiny|100/100
|-ability|p1a: Incineroar|Intimidate|boost
|-unboost|p2a: Floette|atk|1
|-unboost|p2b: Basculegion|atk|1
|turn|4
|
|t:|1784894868
|switch|p2b: Garchomp|Garchomp, L50, M|100/100
|move|p2a: Floette|Protect|p2a: Floette
|-singleturn|p2a: Floette|Protect
|move|p1b: Hydreigon|Dark Pulse|p2b: Garchomp
|-damage|p2b: Garchomp|51/100
|move|p1a: Incineroar|Flare Blitz|p2a: Floette
|-activate|p2a: Floette|move: Protect
|
|upkeep
|turn|5
|
|t:|1784894880
|move|p1b: Hydreigon|Dark Pulse|p2a: Floette
|-resisted|p2a: Floette|1
|-damage|p2a: Floette|12/100
|move|p2b: Garchomp|Dragon Claw|p1b: Hydreigon
|-supereffective|p1b: Hydreigon|1
|-damage|p1b: Hydreigon|0 fnt
|faint|p1b: Hydreigon
|-damage|p2b: Garchomp|41/100|[from] item: Life Orb
|move|p2a: Floette|Light of Ruin|p1a: Incineroar|[miss]
|-miss|p2a: Floette|p1a: Incineroar
|move|p1a: Incineroar|Flare Blitz|p2a: Floette
|-damage|p2a: Floette|0 fnt
|faint|p2a: Floette
|-damage|p1a: Incineroar|97/100|[from] Recoil
|
|upkeep
|
|t:|1784894882
|switch|p2a: Basculegion|Basculegion, L50, M|100/100
|turn|6
|
|t:|1784894893
|move|p2b: Garchomp|Dragon Claw|p1a: Incineroar
|-damage|p1a: Incineroar|53/100
|-damage|p2b: Garchomp|31/100|[from] item: Life Orb
|move|p2a: Basculegion|Wave Crash|p1a: Incineroar
|-supereffective|p1a: Incineroar|1
|-damage|p1a: Incineroar|0 fnt
|faint|p1a: Incineroar
|-damage|p2a: Basculegion|81/100|[from] Recoil
|
|win|ultraclaw1
||ultraclaw1 is ready for game 3.
|l|☆ultraclaw1
|player|p2|
|inactive|lucasmalt has 30 seconds to confirm battle start!
