|j|☆spellbreakvgc
|j|☆sardina espeta
|html|spellbreakvgcsardina espeta    
|uhtml|bestof|Game 1 of a best-of-3
|t:|1757928066
|gametype|doubles
|player|p1|spellbreakvgc|lance|1089
|player|p2|sardina espeta|alder|1030
|gen|9
|tier|[Gen 9] VGC 2025 Reg H (Bo3)
|rated|
|rule|Species Clause: Limit one of each Pokémon
|rule|Item Clause: Limit 1 of each item
|clearpoke
|poke|p1|Garganacl, L50, M|
|poke|p1|Sylveon, L50, F|
|poke|p1|Gholdengo, L50|
|poke|p1|Incineroar, L50, M|
|poke|p1|Ninetales-Alola, L50, F|
|poke|p1|Scyther, L50, F|
|poke|p2|Ursaluna-Bloodmoon, L50, M|
|poke|p2|Rillaboom, L50, F|
|poke|p2|Incineroar, L50, F|
|poke|p2|Ninetales-Alola, L50, M|
|poke|p2|Sneasler, L50, M|
|poke|p2|Gholdengo, L50|
|teampreview|4
|showteam|p1|Garganacl||MarangaBerry|PurifyingSalt|SaltCure,StealthRock,Protect,Recover|||M|||50|,,,,,Flying]Sylveon||ThroatSpray|Pixilate|HyperVoice,Wish,Yawn,Protect|||F|||50|,,,,,Fairy]Gholdengo||ChoiceScarf|GoodasGold|MakeItRain,ShadowBall,Trick,PowerGem||||||50|,,,,,Steel]Incineroar||AssaultVest|Intimidate|FlareBlitz,KnockOff,FakeOut,Uturn|||M|||50|,,,,,Fire]Ninetales-Alola||FocusSash|SnowWarning|Blizzard,FreezeDry,Protect,AuroraVeil|||F|||50|,,,,,Ice]Scyther||Eviolite|Technician|DualWingbeat,CloseCombat,Uturn,Protect|||F|||50|,,,,,Steel
|showteam|p2|Ursaluna-Bloodmoon||Leftovers|MindsEye|BloodMoon,Protect,EarthPower,Yawn|||M|||50|,,,,,Electric]Rillaboom||AssaultVest|GrassySurge|FakeOut,WoodHammer,Uturn,GrassyGlide|||F|||50|,,,,,Fire]Incineroar||SitrusBerry|Blaze|FakeOut,KnockOff,FlareBlitz,PartingShot|||F|||50|,,,,,Grass]Ninetales-Alola||FocusSash|SnowWarning|IcyWind,Blizzard,Disable,Protect|||M|||50|,,,,,Ghost]Sneasler||GrassySeed|Unburden|CloseCombat,Acrobatics,SwordsDance,Protect|||M|||50|,,,,,Flying]Gholdengo||LifeOrb|GoodasGold|MakeItRain,NastyPlot,ShadowBall,Protect||||||50|,,,,,Water
|inactive|Battle timer is ON: inactive players will automatically lose when time's up. (requested by spellbreakvgc)
|l|☆sardina espeta
|inactive|sardina espeta disconnected and has a minute to reconnect!
|player|p2|
|j|☆sardina espeta
|inactive|sardina espeta reconnected and has 40 seconds left.
|player|p2|sardina espeta|alder|
|inactive|sardina espeta has 30 seconds left.
|
|t:|1757928138
|teamsize|p1|4
|teamsize|p2|4
|start
|switch|p1a: Garganacl|Garganacl, L50, M, shiny|100/100
|switch|p1b: Gholdengo|Gholdengo, L50|100/100
|switch|p2a: Ursaluna|Ursaluna-Bloodmoon, L50, M|100/100
|switch|p2b: Rillaboom|Rillaboom, L50, F|100/100
|-fieldstart|move: Grassy Terrain|[from] ability: Grassy Surge|[of] p2b: Rillaboom
|turn|1
|inactive|spellbreakvgc has 30 seconds left.
|
|t:|1757928164
|-terastallize|p1a: Garganacl|Flying
|move|p2b: Rillaboom|Fake Out|p1a: Garganacl
|-damage|p1a: Garganacl|93/100
|move|p1b: Gholdengo|Trick|p2a: Ursaluna
|-activate|p1b: Gholdengo|move: Trick|[of] p2a: Ursaluna
|-item|p2a: Ursaluna|Choice Scarf|[from] move: Trick
|-item|p1b: Gholdengo|Leftovers|[from] move: Trick
|move|p2a: Ursaluna|Earth Power|p1b: Gholdengo
|-supereffective|p1b: Gholdengo
|-damage|p1b: Gholdengo|0 fnt
|faint|p1b: Gholdengo
|cant|p1a: Garganacl|flinch
|
|upkeep
|
|t:|1757928176
|switch|p1b: Ninetales|Ninetales-Alola, L50, F|100/100
|-weather|Snowscape|[from] ability: Snow Warning|[of] p1b: Ninetales
|turn|2
|
|t:|1757928188
|move|p1b: Ninetales|Blizzard|p2a: Ursaluna|[spread] p2a,p2b
|-supereffective|p2a: Ursaluna
|-supereffective|p2b: Rillaboom
|-damage|p2a: Ursaluna|45/100
|-damage|p2b: Rillaboom|50/100
|-status|p2a: Ursaluna|frz
|move|p2b: Rillaboom|U-turn|p1b: Ninetales
|-resisted|p1b: Ninetales
|-damage|p1b: Ninetales|88/100
|
|t:|1757928197
|switch|p2b: Sneasler|Sneasler, L50, M|100/100|[from] U-turn
|-enditem|p2b: Sneasler|Grassy Seed
|-boost|p2b: Sneasler|def|1|[from] item: Grassy Seed
|cant|p2a: Ursaluna|frz
|move|p1a: Garganacl|Stealth Rock|p2a: Ursaluna
|-sidestart|p2: sardina espeta|move: Stealth Rock
|
|-weather|Snowscape|[upkeep]
|-heal|p1b: Ninetales|94/100|[from] Grassy Terrain
|-heal|p2a: Ursaluna|51/100 frz|[from] Grassy Terrain
|upkeep
|turn|3
|
|t:|1757928215
|move|p2b: Sneasler|Swords Dance|p2b: Sneasler
|-boost|p2b: Sneasler|atk|2
|move|p1b: Ninetales|Aurora Veil|p1b: Ninetales
|-sidestart|p1: spellbreakvgc|move: Aurora Veil
|-curestatus|p2a: Ursaluna|frz|[msg]
|move|p2a: Ursaluna|Earth Power|p1b: Ninetales
|-damage|p1b: Ninetales|53/100
|move|p1a: Garganacl|Salt Cure|p2b: Sneasler
|-resisted|p2b: Sneasler
|-damage|p2b: Sneasler|93/100
|-start|p2b: Sneasler|Salt Cure
|
|-weather|Snowscape|[upkeep]
|-heal|p2b: Sneasler|99/100|[from] Grassy Terrain
|-heal|p1b: Ninetales|59/100|[from] Grassy Terrain
|-heal|p2a: Ursaluna|57/100|[from] Grassy Terrain
|-damage|p2b: Sneasler|86/100|[from] Salt Cure
|upkeep
|turn|4
|
|t:|1757928231
|switch|p2a: Rillaboom|Rillaboom, L50, F|50/100
|-damage|p2a: Rillaboom|38/100|[from] Stealth Rock
|move|p2b: Sneasler|Close Combat|p1b: Ninetales
|-crit|p1b: Ninetales
|-damage|p1b: Ninetales|0 fnt
|-unboost|p2b: Sneasler|def|1
|-unboost|p2b: Sneasler|spd|1
|faint|p1b: Ninetales
|move|p1a: Garganacl|Salt Cure|p2a: Rillaboom
|-damage|p2a: Rillaboom|24/100
|-start|p2a: Rillaboom|Salt Cure
|
|-weather|Snowscape|[upkeep]
|-heal|p2b: Sneasler|92/100|[from] Grassy Terrain
|-heal|p2a: Rillaboom|29/100|[from] Grassy Terrain
|-damage|p2b: Sneasler|80/100|[from] Salt Cure
|-damage|p2a: Rillaboom|17/100|[from] Salt Cure
|upkeep
|
|t:|1757928246
|switch|p1b: Scyther|Scyther, L50, F, shiny|100/100
|turn|5
|
|t:|1757928264
|-terastallize|p2b: Sneasler|Flying
|move|p1b: Scyther|Protect|p1b: Scyther
|-singleturn|p1b: Scyther|Protect
|move|p2a: Rillaboom|Fake Out|p1a: Garganacl
|-damage|p1a: Garganacl|88/100
|move|p2b: Sneasler|Acrobatics|p1b: Scyther
|-activate|p1b: Scyther|move: Protect
|cant|p1a: Garganacl|flinch
|
|-weather|Snowscape|[upkeep]
|-heal|p2a: Rillaboom|23/100|[from] Grassy Terrain
|-damage|p2b: Sneasler|68/100|[from] Salt Cure
|-damage|p2a: Rillaboom|11/100|[from] Salt Cure
|-fieldend|move: Grassy Terrain
|upkeep
|turn|6
|
|t:|1757928285
|move|p1b: Scyther|Protect||[still]
|-fail|p1b: Scyther
|move|p2b: Sneasler|Acrobatics|p1b: Scyther
|-supereffective|p1b: Scyther
|-damage|p1b: Scyther|0 fnt
|faint|p1b: Scyther
|move|p2a: Rillaboom|U-turn|p1a: Garganacl
|-resisted|p1a: Garganacl
|-damage|p1a: Garganacl|84/100
|
|t:|1757928294
|switch|p2a: Gholdengo|Gholdengo, L50|100/100|[from] U-turn
|-damage|p2a: Gholdengo|94/100|[from] Stealth Rock
|move|p1a: Garganacl|Salt Cure|p2b: Sneasler
|-supereffective|p2b: Sneasler
|-damage|p2b: Sneasler|25/100
|
|-weather|none
|-damage|p2b: Sneasler|13/100|[from] Salt Cure
|upkeep
|turn|7
|
|t:|1757928304
|move|p2b: Sneasler|Acrobatics|p1a: Garganacl
|-damage|p1a: Garganacl|39/100
|move|p2a: Gholdengo|Nasty Plot|p2a: Gholdengo
|-boost|p2a: Gholdengo|spa|2
|move|p1a: Garganacl|Salt Cure|p2a: Gholdengo
|-resisted|p2a: Gholdengo
|-damage|p2a: Gholdengo|88/100
|-start|p2a: Gholdengo|Salt Cure
|
|-damage|p2b: Sneasler|0 fnt|[from] Salt Cure
|faint|p2b: Sneasler
|-damage|p2a: Gholdengo|63/100|[from] Salt Cure
|-sideend|p1: spellbreakvgc|move: Aurora Veil
|upkeep
|
|t:|1757928311
|switch|p2b: Rillaboom|Rillaboom, L50, F|11/100
|-damage|p2b: Rillaboom|0 fnt|[from] Stealth Rock
|faint|p2b: Rillaboom
|
|t:|1757928313
|switch|p2b: Ursaluna|Ursaluna-Bloodmoon, L50, M|57/100
|-damage|p2b: Ursaluna|51/100|[from] Stealth Rock
|turn|8
|
|t:|1757928324
|move|p2a: Gholdengo|Make It Rain|p1a: Garganacl
|-damage|p1a: Garganacl|0 fnt
|-unboost|p2a: Gholdengo|spa|1
|faint|p1a: Garganacl
|-damage|p2a: Gholdengo|54/100|[from] item: Life Orb
|
|win|sardina espeta
||spellbreakvgc is ready for game 2.
||sardina espeta is ready for game 2.
|uhtml|next|Next: Game 2 of 3
|l|☆sardina espeta
|player|p2|
