|j|☆stefoakes
|j|☆Gyra78
|html|stefoakesGyra78    
|uhtml|bestof|Game 1 of a best-of-3
|t:|1756935575
|gametype|doubles
|player|p1|stefoakes|101|1059
|player|p2|Gyra78|volkner|1137
|gen|9
|tier|[Gen 9] VGC 2025 Reg H (Bo3)
|rated|
|rule|Species Clause: Limit one of each Pokémon
|rule|Item Clause: Limit 1 of each item
|clearpoke
|poke|p1|Gholdengo, L50|
|poke|p1|Ursaluna-Bloodmoon, L50, M|
|poke|p1|Whimsicott, L50, M|
|poke|p1|Armarouge, L50, F|
|poke|p1|Ditto, L50|
|poke|p1|Indeedee-F, L50, F|
|poke|p2|Basculegion, L50, M|
|poke|p2|Pelipper, L50, M|
|poke|p2|Archaludon, L50, M|
|poke|p2|Incineroar, L50, M|
|poke|p2|Gholdengo, L50|
|poke|p2|Amoonguss, L50, M|
|teampreview|4
|showteam|p1|Gholdengo||ChoiceSpecs|GoodasGold|MakeItRain,ShadowBall,Thunderbolt,PowerGem||||||50|,,,,,Steel]Ursaluna-Bloodmoon||LifeOrb|MindsEye|HyperVoice,BloodMoon,EarthPower,Protect|||M|||50|,,,,,Ground]Whimsicott||FocusSash|Prankster|Tailwind,Taunt,Uturn,Protect|||M|||50|,,,,,Fairy]Armarouge||WeaknessPolicy|WeakArmor|ExpandingForce,ArmorCannon,Protect,AuraSphere|||F|||50|,,,,,Psychic]Ditto||ChoiceScarf|Imposter|Transform||||||50|,,,,,Normal]Indeedee-F||PsychicSeed|PsychicSurge|TrickRoom,FollowMe,DazzlingGleam,HelpingHand|||F|||50|,,,,,Fairy
|showteam|p2|Basculegion||LifeOrb|SwiftSwim|WaveCrash,LastRespects,Protect,FlipTurn|||M|||50|,,,,,Grass]Pelipper||FocusSash|Drizzle|Protect,Hurricane,WeatherBall,Tailwind|||M|||50|,,,,,Ghost]Archaludon||AssaultVest|Stamina|ElectroShot,DracoMeteor,Snarl,BodyPress|||M|||50|,,,,,Grass]Incineroar||SafetyGoggles|Intimidate|FakeOut,PartingShot,Taunt,KnockOff|||M|||50|,,,,,Bug]Gholdengo||SitrusBerry|GoodasGold|MakeItRain,ShadowBall,NastyPlot,Protect||||||50|,,,,,Dragon]Amoonguss||RockyHelmet|Regenerator|Spore,RagePowder,PollenPuff,Protect|||M|||50|,,,,,Water
|inactive|Battle timer is ON: inactive players will automatically lose when time's up. (requested by Gyra78)
|inactive|Gyra78 has 60 seconds left.
|inactive|Gyra78 has 30 seconds left.
|
|t:|1756935646
|teamsize|p1|4
|teamsize|p2|4
|start
|switch|p1a: Whimsicott|Whimsicott, L50, M|100/100
|switch|p1b: Armarouge|Armarouge, L50, F|100/100
|switch|p2a: PennyBoard|Gholdengo, L50, shiny|100/100
|switch|p2b: Tarik Skubal|Incineroar, L50, M, shiny|100/100
|-ability|p2b: Tarik Skubal|Intimidate|boost
|-unboost|p1a: Whimsicott|atk|1
|-unboost|p1b: Armarouge|atk|1
|turn|1
|
|t:|1756935670
|move|p1a: Whimsicott|Protect|p1a: Whimsicott
|-singleturn|p1a: Whimsicott|Protect
|move|p1b: Armarouge|Protect|p1b: Armarouge
|-singleturn|p1b: Armarouge|Protect
|move|p2b: Tarik Skubal|Fake Out|p1b: Armarouge
|-activate|p1b: Armarouge|move: Protect
|move|p2a: PennyBoard|Nasty Plot|p2a: PennyBoard
|-boost|p2a: PennyBoard|spa|2
|
|upkeep
|turn|2
|
|t:|1756935689
|-terastallize|p2a: PennyBoard|Dragon
|-terastallize|p1b: Armarouge|Psychic
|move|p1a: Whimsicott|U-turn|p1b: Armarouge
|-supereffective|p1b: Armarouge
|-damage|p1b: Armarouge|90/100
|-ability|p1b: Armarouge|Weak Armor|boost
|-unboost|p1b: Armarouge|def|1
|-boost|p1b: Armarouge|spe|2
|-enditem|p1b: Armarouge|Weakness Policy
|-boost|p1b: Armarouge|atk|2|[from] item: Weakness Policy
|-boost|p1b: Armarouge|spa|2|[from] item: Weakness Policy
|
|t:|1756935700
|switch|p1a: Indeedee|Indeedee-F, L50, F|100/100|[from] U-turn
|-fieldstart|move: Psychic Terrain|[from] ability: Psychic Surge|[of] p1a: Indeedee
|-enditem|p1a: Indeedee|Psychic Seed
|-boost|p1a: Indeedee|spd|1|[from] item: Psychic Seed
|move|p1b: Armarouge|Expanding Force|p2b: Tarik Skubal|[spread] p2a
|-immune|p2b: Tarik Skubal
|-damage|p2a: PennyBoard|0 fnt
|faint|p2a: PennyBoard
|move|p2b: Tarik Skubal|Knock Off|p1b: Armarouge
|-supereffective|p1b: Armarouge
|-damage|p1b: Armarouge|17/100
|-ability|p1b: Armarouge|Weak Armor|boost
|-unboost|p1b: Armarouge|def|1
|-boost|p1b: Armarouge|spe|2
|
|upkeep
|
|t:|1756935715
|switch|p2a: Davy Jones|Basculegion, L50, M, shiny|100/100
|turn|3
|
|t:|1756935738
|move|p2a: Davy Jones|Protect|p2a: Davy Jones
|-singleturn|p2a: Davy Jones|Protect
|move|p1a: Indeedee|Follow Me|p1a: Indeedee
|-singleturn|p1a: Indeedee|move: Follow Me
|move|p1b: Armarouge|Expanding Force|p2b: Tarik Skubal|[spread] 
|-activate|p2a: Davy Jones|move: Protect
|-immune|p2b: Tarik Skubal
|move|p2b: Tarik Skubal|Knock Off|p1a: Indeedee
|-supereffective|p1a: Indeedee
|-damage|p1a: Indeedee|46/100
|
|upkeep
|turn|4
|
|t:|1756935754
|switch|p2b: Sticky Feet|Pelipper, L50, M, shiny|100/100
|-weather|RainDance|[from] ability: Drizzle|[of] p2b: Sticky Feet
|move|p1a: Indeedee|Follow Me|p1a: Indeedee
|-singleturn|p1a: Indeedee|move: Follow Me
|move|p1b: Armarouge|Aura Sphere|p2b: Sticky Feet
|-resisted|p2b: Sticky Feet
|-damage|p2b: Sticky Feet|45/100
|move|p2a: Davy Jones|Flip Turn|p1a: Indeedee
|-damage|p1a: Indeedee|0 fnt
|faint|p1a: Indeedee
|-damage|p2a: Davy Jones|90/100|[from] item: Life Orb
|
|t:|1756935764
|switch|p2a: Tarik Skubal|Incineroar, L50, M, shiny|100/100|[from] Flip Turn
|-ability|p2a: Tarik Skubal|Intimidate|boost
|-unboost|p1b: Armarouge|atk|1
|
|-weather|RainDance|[upkeep]
|upkeep
|
|t:|1756935786
|switch|p1a: Whimsicott|Whimsicott, L50, M|100/100
|turn|5
|
|t:|1756935805
|move|p1a: Whimsicott|Protect|p1a: Whimsicott
|-singleturn|p1a: Whimsicott|Protect
|move|p1b: Armarouge|Protect|p1b: Armarouge
|-singleturn|p1b: Armarouge|Protect
|move|p2a: Tarik Skubal|Fake Out|p1a: Whimsicott
|-activate|p1a: Whimsicott|move: Psychic Terrain
|move|p2b: Sticky Feet|Hurricane|p1a: Whimsicott
|-activate|p1a: Whimsicott|move: Protect
|
|-weather|RainDance|[upkeep]
|upkeep
|turn|6
|inactive|stefoakes has 30 seconds left.
|inactive|stefoakes has 20 seconds left.
|inactive|stefoakes has 15 seconds left.
|
|t:|1756935849
|switch|p2a: Davy Jones|Basculegion, L50, M, shiny|90/100
|move|p1b: Armarouge|Expanding Force|p2b: Sticky Feet|[spread] p2a,p2b
|-damage|p2a: Davy Jones|0 fnt
|-damage|p2b: Sticky Feet|0 fnt
|faint|p2a: Davy Jones
|faint|p2b: Sticky Feet
|move|p1a: Whimsicott|U-turn|p2: Davy Jones|[notarget]
|-fail|p1a: Whimsicott
|
|-weather|RainDance|[upkeep]
|-fieldend|move: Psychic Terrain
|upkeep
|
|t:|1756935854
|switch|p2b: Tarik Skubal|Incineroar, L50, M, shiny|100/100
|-ability|p2b: Tarik Skubal|Intimidate|boost
|-unboost|p1a: Whimsicott|atk|1
|-unboost|p1b: Armarouge|atk|1
|turn|7
|-message|Gyra78 forfeited.
|
|win|stefoakes
||Gyra78 is ready for game 2.
|inactive|stefoakes has 30 seconds to confirm battle start!
