|j|☆Grafaiaii
|j|☆Quill86
|html|GrafaiaiiQuill86    
|uhtml|bestof|Game 1 of a best-of-3
|t:|1757820499
|gametype|doubles
|player|p1|Grafaiaii|170|1072
|player|p2|Quill86|lucas|1105
|gen|9
|tier|[Gen 9] VGC 2025 Reg H (Bo3)
|rated|
|rule|Species Clause: Limit one of each Pokémon
|rule|Item Clause: Limit 1 of each item
|clearpoke
|poke|p1|Clefable, L50, F|
|poke|p1|Kommo-o, L50, F|
|poke|p1|Rillaboom, L50, M|
|poke|p1|Zoroark-Hisui, L50, M|
|poke|p1|Kingambit, L50, M|
|poke|p1|Dragonite, L50, F|
|poke|p2|Incineroar, L50, F|
|poke|p2|Gholdengo, L50|
|poke|p2|Ursaluna-Bloodmoon, L50, M|
|poke|p2|Indeedee-F, L50, F|
|poke|p2|Gallade, L50, M|
|poke|p2|Torkoal, L50, M|
|teampreview|4
|showteam|p1|Clefable||SitrusBerry|Unaware|Moonblast,FollowMe,HelpingHand,ThunderWave|||F|||50|,,,,,Poison]Kommo-o||ThroatSpray|Overcoat|ClangorousSoul,ClangingScales,Flamethrower,Protect|||F|||50|,,,,,Steel]Rillaboom||AssaultVest|GrassySurge|DrumBeating,GrassyGlide,FakeOut,Uturn|||M|||50|,,,,,Fire]Zoroark-Hisui||FocusSash|Illusion|HyperVoice,HyperBeam,ShadowBall,Protect|||M|||50|,,,,,Normal]Kingambit||BlackGlasses|Defiant|Assurance,IronHead,SuckerPunch,Protect|||M|||50|,,,,,Dark]Dragonite||LoadedDice|Multiscale|Tailwind,BrickBreak,ScaleShot,ExtremeSpeed|||F|||50|,,,,,Steel
|showteam|p2|Incineroar||SafetyGoggles|Intimidate|FakeOut,FlareBlitz,KnockOff,PartingShot|||F|||50|,,,,,Ghost]Gholdengo||SitrusBerry|GoodasGold|MakeItRain,ShadowBall,NastyPlot,Protect||||||50|,,,,,Water]Ursaluna-Bloodmoon||LifeOrb|MindsEye|BloodMoon,HyperVoice,EarthPower,Protect|||M|||50|,,,,,Normal]Indeedee-F||PsychicSeed|PsychicSurge|FollowMe,TrickRoom,HelpingHand,DazzlingGleam|||F|||50|,,,,,Fairy]Gallade||ClearAmulet|Sharpness|SacredSword,PsychoCut,WideGuard,TrickRoom|||M|||50|,,,,,Grass]Torkoal||Leftovers|Drought|Eruption,WeatherBall,Yawn,Protect|||M|||50|,,,,,Fire
|
|t:|1757820516
|teamsize|p1|4
|teamsize|p2|4
|start
|switch|p1a: Clefable|Clefable, L50, F, shiny|100/100
|switch|p1b: Kommo-o|Kommo-o, L50, F|100/100
|switch|p2a: Indeedee|Indeedee-F, L50, F|100/100
|switch|p2b: Gallade|Gallade, L50, M|100/100
|-fieldstart|move: Psychic Terrain|[from] ability: Psychic Surge|[of] p2a: Indeedee
|-enditem|p2a: Indeedee|Psychic Seed
|-boost|p2a: Indeedee|spd|1|[from] item: Psychic Seed
|turn|1
|
|t:|1757820533
|move|p2a: Indeedee|Follow Me|p2a: Indeedee
|-singleturn|p2a: Indeedee|move: Follow Me
|move|p1b: Kommo-o|Clangorous Soul|p1b: Kommo-o
|-boost|p1b: Kommo-o|atk|1
|-boost|p1b: Kommo-o|def|1
|-boost|p1b: Kommo-o|spa|1
|-boost|p1b: Kommo-o|spd|1
|-boost|p1b: Kommo-o|spe|1
|-damage|p1b: Kommo-o|68/100
|-enditem|p1b: Kommo-o|Throat Spray
|-boost|p1b: Kommo-o|spa|1|[from] item: Throat Spray
|move|p1a: Clefable|Moonblast|p2a: Indeedee
|-damage|p2a: Indeedee|71/100
|move|p2b: Gallade|Trick Room|p2b: Gallade
|-fieldstart|move: Trick Room|[of] p2b: Gallade
|
|upkeep
|turn|2
|
|t:|1757820544
|-terastallize|p1b: Kommo-o|Steel
|move|p2a: Indeedee|Helping Hand|p2b: Gallade
|-singleturn|p2b: Gallade|Helping Hand|[of] p2a: Indeedee
|move|p1a: Clefable|Follow Me|p1a: Clefable
|-singleturn|p1a: Clefable|move: Follow Me
|move|p2b: Gallade|Psycho Cut|p1a: Clefable
|-damage|p1a: Clefable|1/100
|-enditem|p1a: Clefable|Sitrus Berry|[eat]
|-heal|p1a: Clefable|26/100|[from] item: Sitrus Berry
|move|p1b: Kommo-o|Clanging Scales|p2a: Indeedee|[spread] p2a,p2b
|-damage|p2a: Indeedee|24/100
|-damage|p2b: Gallade|39/100
|-unboost|p1b: Kommo-o|def|1
|
|upkeep
|turn|3
|
|t:|1757820560
|switch|p2a: Ursaluna|Ursaluna-Bloodmoon, L50, M|100/100
|move|p1a: Clefable|Follow Me|p1a: Clefable
|-singleturn|p1a: Clefable|move: Follow Me
|move|p2b: Gallade|Psycho Cut|p1a: Clefable
|-damage|p1a: Clefable|0 fnt
|faint|p1a: Clefable
|move|p1b: Kommo-o|Clanging Scales|p2a: Ursaluna|[spread] p2a,p2b
|-damage|p2a: Ursaluna|19/100
|-damage|p2b: Gallade|0 fnt
|faint|p2b: Gallade
|-unboost|p1b: Kommo-o|def|1
|
|upkeep
|
|t:|1757820570
|switch|p2b: Torkoal|Torkoal, L50, M|100/100
|switch|p1a: Dragonite|Dragonite, L50, F, shiny|100/100
|-weather|SunnyDay|[from] ability: Drought|[of] p2b: Torkoal
|turn|4
|
|t:|1757820583
|switch|p2a: Indeedee|Indeedee-F, L50, F|24/100
|switch|p1b: Kommo-o|Kommo-o, L50, F|100/100
|-terastallize|p2b: Torkoal|Fire
|move|p2b: Torkoal|Eruption|p1b: Kommo-o|[spread] p1a,p1b
|-resisted|p1a: Dragonite
|-damage|p1a: Dragonite|76/100
|-enditem|p1b: Kommo-o|Focus Sash
|-damage|p1b: Kommo-o|1/100
|replace|p1b: Zoroark|Zoroark-Hisui, L50, M
|-end|p1b: Zoroark|Illusion
|move|p1a: Dragonite|Scale Shot|p2b: Torkoal
|-damage|p2b: Torkoal|90/100
|-damage|p2b: Torkoal|79/100
|-damage|p2b: Torkoal|68/100
|-damage|p2b: Torkoal|58/100
|-damage|p2b: Torkoal|47/100
|-hitcount|p2b: Torkoal|5
|-unboost|p1a: Dragonite|def|1
|-boost|p1a: Dragonite|spe|1
|
|-weather|SunnyDay|[upkeep]
|-heal|p2b: Torkoal|53/100|[from] item: Leftovers
|upkeep
|turn|5
|
|t:|1757820609
|move|p1b: Zoroark|Protect|p1b: Zoroark
|-singleturn|p1b: Zoroark|Protect
|move|p2b: Torkoal|Yawn|p1a: Dragonite
|-start|p1a: Dragonite|move: Yawn|[of] p2b: Torkoal
|move|p2a: Indeedee|Dazzling Gleam|p1b: Zoroark|[spread] p1a
|-activate|p1b: Zoroark|move: Protect
|-supereffective|p1a: Dragonite
|-damage|p1a: Dragonite|53/100
|move|p1a: Dragonite|Scale Shot|p2b: Torkoal
|-damage|p2b: Torkoal|43/100
|-damage|p2b: Torkoal|30/100
|-crit|p2b: Torkoal
|-damage|p2b: Torkoal|13/100
|-damage|p2b: Torkoal|1/100
|-damage|p2b: Torkoal|0 fnt
|faint|p2b: Torkoal
|-hitcount|p2: Torkoal|5
|-unboost|p1a: Dragonite|def|1
|-boost|p1a: Dragonite|spe|1
|
|-weather|SunnyDay|[upkeep]
|-fieldend|move: Trick Room
|-fieldend|move: Psychic Terrain
|upkeep
|
|t:|1757820625
|switch|p2b: Ursaluna|Ursaluna-Bloodmoon, L50, M|19/100
|turn|6
|
|t:|1757820629
|switch|p1a: Kommo-o|Kommo-o, L50, F, tera:Steel|68/100
|move|p2a: Indeedee|Follow Me|p2a: Indeedee
|-singleturn|p2a: Indeedee|move: Follow Me
|move|p1b: Zoroark|Hyper Voice|p2a: Indeedee|[spread] p2a,p2b
|-damage|p2a: Indeedee|0 fnt
|-damage|p2b: Ursaluna|0 fnt
|faint|p2a: Indeedee
|faint|p2b: Ursaluna
|
|win|Grafaiaii
||Quill86 is ready for game 2.
||Grafaiaii is ready for game 2.
|uhtml|next|Next: Game 2 of 3
