|j|☆eriksp
|j|☆miguel lohan
|html|erikspmiguel lohan    
|uhtml|bestof|Game 1 of a best-of-3
|t:|1783814622
|gametype|doubles
|player|p1|eriksp|cynthia-masters4|1046
|player|p2|miguel lohan|102|1026
|gen|9
|tier|[Gen 9 Champions] VGC 2026 Reg M-B (Bo3)
|rated|
|rule|Species Clause: Limit one of each Pokémon
|rule|Item Clause: Limit 1 of each item
|clearpoke
|poke|p1|Floette-Eternal, L50, F|
|poke|p1|Charizard, L50, F|
|poke|p1|Whimsicott, L50, M|
|poke|p1|Garchomp, L50, M|
|poke|p1|Basculegion, L50, M|
|poke|p1|Kingambit, L50, M|
|poke|p2|Swampert, L50, M|
|poke|p2|Archaludon, L50, F|
|poke|p2|Basculegion, L50, M|
|poke|p2|Pelipper, L50, M|
|poke|p2|Floette-Eternal, L50, F|
|poke|p2|Dragonite, L50, F|
|teampreview|4
|showteam|p1|Floette-Eternal||Floettite|FlowerVeil|Moonblast,DazzlingGleam,LightofRuin,Protect|Modest||F|||50|]Charizard||CharizarditeY|Blaze|HeatWave,WeatherBall,SolarBeam,Protect|Timid||F|||50|]Whimsicott||FocusSash|Prankster|Moonblast,Tailwind,Encore,Protect|Timid||M|||50|]Garchomp||LifeOrb|RoughSkin|DragonClaw,Earthquake,Protect,RockSlide|Jolly||M|||50|]Basculegion||MysticWater|Adaptability|WaveCrash,LastRespects,AquaJet,Protect|Adamant||M|||50|]Kingambit||ChopleBerry|Defiant|KowtowCleave,IronHead,SuckerPunch,LowKick|Adamant||M|||50|
|showteam|p2|Swampert||Swampertite|Torrent|HighHorsepower,IcePunch,WaveCrash,Protect|Adamant||M|||50|]Archaludon||Magnet|Sturdy|ElectroShot,DragonPulse,FlashCannon,Protect|Modest||F|||50|]Basculegion||MuscleBand|SwiftSwim|AquaJet,WaveCrash,LastRespects,Protect|Adamant||M|||50|]Pelipper||DampRock|Drizzle|Hurricane,Tailwind,WeatherBall,WideGuard|Quiet||M|||50|]Floette-Eternal||Floettite|FlowerVeil|PollenPuff,Moonblast,GrassKnot,Protect|Modest||F|||50|]Dragonite||Dragoninite|Multiscale|DragonPulse,Hurricane,Thunder,FireBlast|Serious||F|||50|
|
|t:|1783814683
|teamsize|p1|4
|teamsize|p2|4
|start
|switch|p1a: Whimsicott|Whimsicott, L50, M|100/100
|switch|p1b: Floette|Floette-Eternal, L50, F|100/100
|switch|p2a: Swampert|Swampert, L50, M|100/100
|switch|p2b: Pelipper|Pelipper, L50, M|100/100
|-weather|RainDance|[from] ability: Drizzle|[of] p2b: Pelipper
|turn|1
|
|t:|1783814717
|detailschange|p1b: Floette|Floette-Mega, L50, F
|-mega|p1b: Floette|Floette|Floettite
|-ability|p1b: Floette|Fairy Aura
|move|p2a: Swampert|Protect|p2a: Swampert
|-singleturn|p2a: Swampert|Protect
|move|p1a: Whimsicott|Tailwind|p1a: Whimsicott
|-sidestart|p1: eriksp|move: Tailwind
|move|p1b: Floette|Light of Ruin|p2a: Swampert
|-activate|p2a: Swampert|move: Protect
|move|p2b: Pelipper|Hurricane|p1a: Whimsicott
|-supereffective|p1a: Whimsicott|1
|-enditem|p1a: Whimsicott|Focus Sash
|-damage|p1a: Whimsicott|1/100
|
|-weather|RainDance|[upkeep]
|upkeep
|turn|2
|
|t:|1783814750
|detailschange|p2a: Swampert|Swampert-Mega, L50, M
|-mega|p2a: Swampert|Swampert|Swampertite
|move|p1a: Whimsicott|Encore|p2a: Swampert
|-start|p2a: Swampert|Encore
|move|p2a: Swampert|Protect|p2a: Swampert
|-singleturn|p2a: Swampert|Protect
|move|p1b: Floette|Moonblast|p2b: Pelipper
|-damage|p2b: Pelipper|0 fnt
|faint|p2b: Pelipper
|
|-weather|RainDance|[upkeep]
|upkeep
|
|t:|1783814766
|switch|p2b: Archaludon|Archaludon, L50, F|100/100
|turn|3
|
|t:|1783814776
|move|p2a: Swampert|Protect||[still]
|-fail|p2a: Swampert
|move|p1a: Whimsicott|Moonblast|p2b: Archaludon
|-damage|p2b: Archaludon|31/100
|move|p1b: Floette|Moonblast|p2b: Archaludon
|-damage|p2b: Archaludon|0 fnt
|faint|p2b: Archaludon
|
|-weather|RainDance|[upkeep]
|upkeep
|
|t:|1783814788
|switch|p2b: Basculegion|Basculegion, L50, M|100/100
|turn|4
|
|t:|1783814794
|move|p2a: Swampert|Protect|p2a: Swampert
|-singleturn|p2a: Swampert|Protect
|move|p2b: Basculegion|Aqua Jet|p1a: Whimsicott
|-resisted|p1a: Whimsicott|1
|-damage|p1a: Whimsicott|0 fnt
|faint|p1a: Whimsicott
|move|p1b: Floette|Dazzling Gleam|p2a: Swampert|[spread] p2b
|-activate|p2a: Swampert|move: Protect
|-damage|p2b: Basculegion|45/100
|
|-weather|RainDance|[upkeep]
|-end|p2a: Swampert|Encore
|-sideend|p1: eriksp|move: Tailwind
|upkeep
|
|t:|1783814802
|switch|p1a: Basculegion|Basculegion, L50, M|100/100
|turn|5
|
|t:|1783814816
|move|p1b: Floette|Protect|p1b: Floette
|-singleturn|p1b: Floette|Protect
|move|p1a: Basculegion|Protect|p1a: Basculegion
|-singleturn|p1a: Basculegion|Protect
|move|p2b: Basculegion|Last Respects|p1a: Basculegion
|-activate|p1a: Basculegion|move: Protect
|move|p2a: Swampert|High Horsepower|p1b: Floette
|-activate|p1b: Floette|move: Protect
|
|-weather|RainDance|[upkeep]
|upkeep
|turn|6
|
|t:|1783814840
|switch|p1a: Kingambit|Kingambit, L50, M|100/100
|move|p2b: Basculegion|Last Respects|p1a: Kingambit
|-resisted|p1a: Kingambit|1
|-damage|p1a: Kingambit|65/100
|move|p2a: Swampert|Wave Crash|p1b: Floette
|-damage|p1b: Floette|0 fnt
|faint|p1b: Floette
|-damage|p2a: Swampert|70/100|[from] Recoil
|
|-weather|RainDance|[upkeep]
|upkeep
|
|t:|1783814848
|switch|p1b: Basculegion|Basculegion, L50, M|100/100
|turn|7
|
|t:|1783814865
|move|p1a: Kingambit|Sucker Punch|p2b: Basculegion
|-supereffective|p2b: Basculegion|1
|-damage|p2b: Basculegion|0 fnt
|faint|p2b: Basculegion
|move|p2a: Swampert|High Horsepower|p1a: Kingambit
|-supereffective|p1a: Kingambit|1
|-damage|p1a: Kingambit|0 fnt
|faint|p1a: Kingambit
|move|p1b: Basculegion|Wave Crash|p2a: Swampert
|-damage|p2a: Swampert|0 fnt
|faint|p2a: Swampert
|-damage|p1b: Basculegion|78/100|[from] Recoil
|
|win|eriksp
