|j|☆NBZ-H
|j|☆UndeadParadox
|html|NBZ-HUndeadParadox    
|uhtml|bestof|Game 2 of a best-of-3
|t:|1756696448
|gametype|doubles
|player|p1|NBZ-H|169|1052
|player|p2|UndeadParadox|guitarist|1000
|gen|9
|tier|[Gen 9] VGC 2025 Reg H (Bo3)
|rated|
|rule|Species Clause: Limit one of each Pokémon
|rule|Item Clause: Limit 1 of each item
|clearpoke
|poke|p1|Coalossal, L50, F|
|poke|p1|Armarouge, L50, F|
|poke|p1|Indeedee-F, L50, F|
|poke|p1|Torkoal, L50, F|
|poke|p1|Raichu, L50, F|
|poke|p1|Porygon2, L50|
|poke|p2|Sneasler, L50, F|
|poke|p2|Rillaboom, L50, M|
|poke|p2|Incineroar, L50, M|
|poke|p2|Gholdengo, L50|
|poke|p2|Hydreigon, L50, F|
|poke|p2|Gengar, L50, M|
|teampreview|4
|showteam|p1|Coalossal||PowerHerb|FlashFire|MeteorBeam,Scald,EarthPower,HeatWave|||F|||50|,,,,,Grass]Armarouge||LifeOrb|FlashFire|TrickRoom,ExpandingForce,ArmorCannon,Protect|||F|||50|,,,,,Grass]Indeedee-F||PsychicSeed|PsychicSurge|TrickRoom,FollowMe,HelpingHand,Psychic|||F|||50|,,,,,Fairy]Torkoal||ChoiceSpecs|Drought|Eruption,Flamethrower,SolarBeam,EarthPower|||F|||50|,,,,,Fire]Raichu||FocusSash|LightningRod|FakeOut,VoltSwitch,Nuzzle,Endeavor|||F|||50|,,,,,Flying]Porygon2||Eviolite|Download|TeraBlast,TrickRoom,Protect,Discharge||||||50|,,,,,Fighting
|showteam|p2|Sneasler||GrassySeed|Unburden|CloseCombat,DireClaw,Acrobatics,Protect|||F|||50|,,,,,Flying]Rillaboom||AssaultVest|GrassySurge|WoodHammer,GrassyGlide,FakeOut,HighHorsepower|||M|||50|,,,,,Fire]Incineroar||SafetyGoggles|Intimidate|FlareBlitz,KnockOff,PartingShot,FakeOut|||M|||50|,,,,,Ghost]Gholdengo||MetalCoat|GoodasGold|Protect,MakeItRain,ShadowBall,NastyPlot||||||50|,,,,,Water]Hydreigon||LifeOrb|Levitate|Flamethrower,DracoMeteor,DarkPulse,Protect|||F|||50|,,,,,Fire]Gengar||FocusSash|CursedBody|ShadowBall,Haze,Taunt,IcyWind|||M|||50|,,,,,Ghost
|
|t:|1756696471
|teamsize|p1|4
|teamsize|p2|4
|start
|switch|p1a: Indeedee|Indeedee-F, L50, F|100/100
|switch|p1b: Armarouge|Armarouge, L50, F|100/100
|switch|p2a: Incineroar|Incineroar, L50, M, shiny|100/100
|switch|p2b: Gengar|Gengar, L50, M|100/100
|-ability|p2a: Incineroar|Intimidate|boost
|-unboost|p1a: Indeedee|atk|1
|-unboost|p1b: Armarouge|atk|1
|-fieldstart|move: Psychic Terrain|[from] ability: Psychic Surge|[of] p1a: Indeedee
|-enditem|p1a: Indeedee|Psychic Seed
|-boost|p1a: Indeedee|spd|1|[from] item: Psychic Seed
|turn|1
|inactive|Battle timer is ON: inactive players will automatically lose when time's up. (requested by NBZ-H)
|inactive|UndeadParadox has 60 seconds left.
|
|t:|1756696511
|-terastallize|p1b: Armarouge|Grass
|move|p1a: Indeedee|Follow Me|p1a: Indeedee
|-singleturn|p1a: Indeedee|move: Follow Me
|move|p2b: Gengar|Taunt|p1a: Indeedee
|-start|p1a: Indeedee|move: Taunt
|move|p2a: Incineroar|Knock Off|p1a: Indeedee
|-supereffective|p1a: Indeedee
|-damage|p1a: Indeedee|18/100
|move|p1b: Armarouge|Trick Room|p1b: Armarouge
|-fieldstart|move: Trick Room|[of] p1b: Armarouge
|
|upkeep
|turn|2
|inactive|UndeadParadox has 30 seconds left.
|inactive|UndeadParadox has 20 seconds left.
|
|t:|1756696549
|switch|p1a: Coalossal|Coalossal, L50, F|100/100
|move|p1b: Armarouge|Protect|p1b: Armarouge
|-singleturn|p1b: Armarouge|Protect
|move|p2a: Incineroar|Parting Shot|p1b: Armarouge
|-activate|p1b: Armarouge|move: Protect
|move|p2b: Gengar|Taunt|p1a: Coalossal
|-start|p1a: Coalossal|move: Taunt
|
|upkeep
|turn|3
|inactive|UndeadParadox has 30 seconds left.
|
|t:|1756696582
|move|p1a: Coalossal|Heat Wave|p2a: Incineroar|[spread] p2a
|-miss|p1a: Coalossal|p2b: Gengar
|-resisted|p2a: Incineroar
|-damage|p2a: Incineroar|86/100
|move|p1b: Armarouge|Expanding Force|p2b: Gengar|[spread] p2b
|-immune|p2a: Incineroar
|-supereffective|p2b: Gengar
|-enditem|p2b: Gengar|Focus Sash
|-damage|p2b: Gengar|1/100
|-start|p1b: Armarouge|Disable|Expanding Force|[from] ability: Cursed Body|[of] p2b: Gengar
|-damage|p1b: Armarouge|91/100|[from] item: Life Orb
|move|p2a: Incineroar|Parting Shot|p1a: Coalossal
|-unboost|p1a: Coalossal|atk|1
|-unboost|p1a: Coalossal|spa|1
|
|t:|1756696603
|switch|p2a: Hydreigon|Hydreigon, L50, F, shiny|100/100|[from] Parting Shot
|move|p2b: Gengar|Haze|p2b: Gengar
|-clearallboost
|
|upkeep
|turn|4
|
|t:|1756696626
|switch|p1b: Indeedee|Indeedee-F, L50, F|18/100
|switch|p2b: Incineroar|Incineroar, L50, M, shiny|86/100
|-ability|p2b: Incineroar|Intimidate|boost
|-unboost|p1a: Coalossal|atk|1
|-unboost|p1b: Indeedee|atk|1
|move|p2a: Hydreigon|Protect|p2a: Hydreigon
|-singleturn|p2a: Hydreigon|Protect
|move|p1a: Coalossal|Meteor Beam||[still]
|-prepare|p1a: Coalossal|Meteor Beam
|-boost|p1a: Coalossal|spa|1
|-enditem|p1a: Coalossal|Power Herb
|-anim|p1a: Coalossal|Meteor Beam|p2a: Hydreigon
|-activate|p2a: Hydreigon|move: Protect
|
|-end|p1a: Coalossal|move: Taunt
|upkeep
|turn|5
|inactive|UndeadParadox has 30 seconds left.
|inactive|NBZ-H has 30 seconds left.
|inactive|UndeadParadox has 20 seconds left.
|
|t:|1756696663
|move|p1b: Indeedee|Follow Me|p1b: Indeedee
|-singleturn|p1b: Indeedee|move: Follow Me
|move|p1a: Coalossal|Earth Power|p2b: Incineroar
|-supereffective|p2b: Incineroar
|-damage|p2b: Incineroar|15/100
|move|p2b: Incineroar|Knock Off|p1b: Indeedee
|-supereffective|p1b: Indeedee
|-damage|p1b: Indeedee|0 fnt
|faint|p1b: Indeedee
|move|p2a: Hydreigon|Dark Pulse|p1a: Coalossal
|-damage|p1a: Coalossal|54/100
|-damage|p2a: Hydreigon|91/100|[from] item: Life Orb
|
|-fieldend|move: Trick Room
|-fieldend|move: Psychic Terrain
|upkeep
|
|t:|1756696676
|switch|p1b: Armarouge|Armarouge, L50, F, tera:Grass|91/100
|turn|6
|
|t:|1756696699
|move|p2a: Hydreigon|Draco Meteor|p1b: Armarouge
|-damage|p1b: Armarouge|0 fnt
|-unboost|p2a: Hydreigon|spa|2
|faint|p1b: Armarouge
|-damage|p2a: Hydreigon|82/100|[from] item: Life Orb
|move|p2b: Incineroar|Knock Off|p1a: Coalossal
|-damage|p1a: Coalossal|30/100
|move|p1a: Coalossal|Earth Power|p2b: Incineroar
|-supereffective|p2b: Incineroar
|-damage|p2b: Incineroar|0 fnt
|faint|p2b: Incineroar
|
|upkeep
|
|t:|1756696711
|switch|p2b: Gholdengo|Gholdengo, L50, shiny|100/100
|switch|p1b: Torkoal|Torkoal, L50, F|100/100
|-weather|SunnyDay|[from] ability: Drought|[of] p1b: Torkoal
|turn|7
|
|t:|1756696723
|switch|p2a: Gengar|Gengar, L50, M|1/100
|move|p2b: Gholdengo|Protect|p2b: Gholdengo
|-singleturn|p2b: Gholdengo|Protect
|move|p1b: Torkoal|Solar Beam||[still]
|-prepare|p1b: Torkoal|Solar Beam
|-anim|p1b: Torkoal|Solar Beam|p2b: Gholdengo
|-activate|p2b: Gholdengo|move: Protect
|move|p1a: Coalossal|Heat Wave|p2a: Gengar|[spread] p2a
|-activate|p2b: Gholdengo|move: Protect
|-damage|p2a: Gengar|0 fnt
|faint|p2a: Gengar
|
|-weather|SunnyDay|[upkeep]
|upkeep
|
|t:|1756696736
|switch|p2a: Hydreigon|Hydreigon, L50, F, shiny|82/100
|turn|8
|
|t:|1756696746
|move|p2a: Hydreigon|Dark Pulse|p1b: Torkoal
|-damage|p1b: Torkoal|38/100
|-damage|p2a: Hydreigon|72/100|[from] item: Life Orb
|move|p2b: Gholdengo|Make It Rain|p1b: Torkoal|[spread] p1a,p1b
|-resisted|p1b: Torkoal
|-damage|p1a: Coalossal|0 fnt
|-damage|p1b: Torkoal|0 fnt
|-unboost|p2b: Gholdengo|spa|1
|faint|p1a: Coalossal
|faint|p1b: Torkoal
|
|win|UndeadParadox
|raw|NBZ-H's rating: 1052 → 1032(-20 for losing)
|raw|UndeadParadox's rating: 1000 → 1046(+46 for winning)
|l|☆NBZ-H
|player|p1|
|l|☆UndeadParadox
|player|p2|
|j|☆UndeadParadox
|player|p2|UndeadParadox|guitarist|
