|j|☆Cage92
|j|☆IceApfel
|html|Cage92IceApfel    
|uhtml|bestof|Game 2 of a best-of-3
|t:|1756641800
|gametype|doubles
|player|p1|Cage92|bugsy|1138
|player|p2|IceApfel|waiter-gen4|1141
|gen|9
|tier|[Gen 9] VGC 2025 Reg H (Bo3)
|rated|
|rule|Species Clause: Limit one of each Pokémon
|rule|Item Clause: Limit 1 of each item
|clearpoke
|poke|p1|Corviknight, L50, M|
|poke|p1|Garchomp, L50, M|
|poke|p1|Tyranitar, L50, M|
|poke|p1|Gholdengo, L50|
|poke|p1|Sneasler, L50, M|
|poke|p1|Incineroar, L50, M|
|poke|p2|Volcarona, L50, M|
|poke|p2|Rillaboom, L50, M|
|poke|p2|Electabuzz, L50, F|
|poke|p2|Dragonite, L50, M|
|poke|p2|Kingambit, L50, F|
|poke|p2|Sneasler, L50, M|
|teampreview|4
|showteam|p1|Corviknight||CovertCloak|MirrorArmor|BraveBird,Taunt,Roost,Tailwind|||M|||50|,,,,,Dragon]Garchomp||ClearAmulet|RoughSkin|Earthquake,DragonClaw,StompingTantrum,Protect|||M|||50|,,,,,Steel]Tyranitar||AssaultVest|SandStream|RockSlide,KnockOff,TeraBlast,LowKick|||M|||50|,,,,,Flying]Gholdengo||LifeOrb|GoodasGold|MakeItRain,ShadowBall,NastyPlot,Protect||||||50|,,,,,Water]Sneasler||WhiteHerb|Unburden|DireClaw,CloseCombat,Coaching,Protect|||M|||50|,,,,,Ghost]Incineroar||SitrusBerry|Intimidate|FlareBlitz,WillOWisp,PartingShot,FakeOut|||M|||50|,,,,,Grass
|showteam|p2|Volcarona||CovertCloak|FlameBody|HeatWave,TeraBlast,QuiverDance,Protect|||M|||50|,,,,,Fairy]Rillaboom||AssaultVest|GrassySurge|WoodHammer,GrassyGlide,HighHorsepower,FakeOut|||M|||50|,,,,,Fire]Electabuzz||Eviolite|VitalSpirit|Thunderbolt,FollowMe,Taunt,Protect|||F|||50|,,,,,Ghost]Dragonite||LoadedDice|Multiscale|ScaleShot,ExtremeSpeed,Haze,Protect|||M|||50|,,,,,Steel]Kingambit||BlackGlasses|Defiant|KowtowCleave,SuckerPunch,SwordsDance,Protect|||F|||50|,,,,,Dark]Sneasler||FocusSash|Unburden|CloseCombat,DireClaw,Coaching,Protect|||M|||50|,,,,,Stellar
|inactive|Battle timer is ON: inactive players will automatically lose when time's up. (requested by IceApfel)
|inactive|Cage92 has 60 seconds left.
|inactive|Cage92 has 30 seconds left.
|inactive|Cage92 has 20 seconds left.
|inactive|Cage92 has 15 seconds left.
|inactive|Cage92 has 10 seconds left.
|inactive|Cage92 has 5 seconds left.
|
|t:|1756641892
|teamsize|p1|4
|teamsize|p2|4
|start
|switch|p1a: Corviknight|Corviknight, L50, M|100/100
|switch|p1b: Garchomp|Garchomp, L50, M|100/100
|switch|p2a: Rillaboom|Rillaboom, L50, M, shiny|100/100
|switch|p2b: Kingambit|Kingambit, L50, F, shiny|100/100
|-fieldstart|move: Grassy Terrain|[from] ability: Grassy Surge|[of] p2a: Rillaboom
|turn|1
|
|t:|1756641911
|move|p1b: Garchomp|Protect|p1b: Garchomp
|-singleturn|p1b: Garchomp|Protect
|move|p2a: Rillaboom|Fake Out|p1b: Garchomp
|-activate|p1b: Garchomp|move: Protect
|move|p1a: Corviknight|Taunt|p2b: Kingambit
|-start|p2b: Kingambit|move: Taunt
|cant|p2b: Kingambit|move: Taunt|Swords Dance
|
|upkeep
|turn|2
|inactive|IceApfel has 30 seconds left.
|
|t:|1756641943
|move|p1b: Garchomp|Earthquake|p2a: Rillaboom|[spread] p2a,p2b
|-immune|p1a: Corviknight
|-resisted|p2a: Rillaboom
|-supereffective|p2b: Kingambit
|-damage|p2a: Rillaboom|92/100
|-damage|p2b: Kingambit|69/100
|move|p2a: Rillaboom|Wood Hammer|p1b: Garchomp
|-damage|p1b: Garchomp|23/100
|-damage|p2a: Rillaboom|79/100|[from] ability: Rough Skin|[of] p1b: Garchomp
|-damage|p2a: Rillaboom|56/100|[from] Recoil
|move|p1a: Corviknight|Brave Bird|p2a: Rillaboom
|-supereffective|p2a: Rillaboom
|-damage|p2a: Rillaboom|0 fnt
|faint|p2a: Rillaboom
|-damage|p1a: Corviknight|82/100|[from] Recoil
|move|p2b: Kingambit|Kowtow Cleave|p1b: Garchomp
|-damage|p1b: Garchomp|0 fnt
|-damage|p2b: Kingambit|57/100|[from] ability: Rough Skin|[of] p1b: Garchomp
|faint|p1b: Garchomp
|
|-heal|p2b: Kingambit|62/100|[from] Grassy Terrain
|upkeep
|
|t:|1756641964
|switch|p1b: Tyranitar|Tyranitar, L50, M|100/100
|switch|p2a: Electabuzz|Electabuzz, L50, F, shiny|100/100
|-weather|Sandstorm|[from] ability: Sand Stream|[of] p1b: Tyranitar
|turn|3
|
|t:|1756641981
|switch|p2b: Volcarona|Volcarona, L50, M|100/100
|move|p2a: Electabuzz|Taunt|p1a: Corviknight
|-start|p1a: Corviknight|move: Taunt
|cant|p1a: Corviknight|move: Taunt|Taunt
|move|p1b: Tyranitar|Low Kick|p2b: Volcarona
|-resisted|p2b: Volcarona
|-damage|p2b: Volcarona|88/100
|
|-weather|Sandstorm|[upkeep]
|-damage|p2a: Electabuzz|95/100|[from] Sandstorm
|-damage|p2b: Volcarona|82/100|[from] Sandstorm
|-heal|p2a: Electabuzz|100/100|[from] Grassy Terrain
|-heal|p2b: Volcarona|88/100|[from] Grassy Terrain
|upkeep
|turn|4
|inactive|IceApfel has 30 seconds left.
|inactive|IceApfel has 20 seconds left.
|
|t:|1756642021
|-terastallize|p2b: Volcarona|Fairy
|move|p2a: Electabuzz|Follow Me|p2a: Electabuzz
|-singleturn|p2a: Electabuzz|move: Follow Me
|move|p2b: Volcarona|Heat Wave|p1b: Tyranitar|[spread] p1a,p1b
|-supereffective|p1a: Corviknight
|-resisted|p1b: Tyranitar
|-damage|p1a: Corviknight|14/100
|-damage|p1b: Tyranitar|94/100
|move|p1a: Corviknight|Brave Bird|p2a: Electabuzz
|-resisted|p2a: Electabuzz
|-damage|p2a: Electabuzz|84/100
|-damage|p1a: Corviknight|9/100|[from] Recoil
|move|p1b: Tyranitar|Rock Slide|p2a: Electabuzz|[spread] p2a,p2b
|-damage|p2a: Electabuzz|59/100
|-damage|p2b: Volcarona|55/100
|
|-weather|Sandstorm|[upkeep]
|-damage|p2a: Electabuzz|53/100|[from] Sandstorm
|-damage|p2b: Volcarona|49/100|[from] Sandstorm
|-heal|p2a: Electabuzz|59/100|[from] Grassy Terrain
|-heal|p2b: Volcarona|55/100|[from] Grassy Terrain
|-heal|p1b: Tyranitar|99/100|[from] Grassy Terrain
|upkeep
|turn|5
|
|t:|1756642042
|move|p2a: Electabuzz|Thunderbolt|p1a: Corviknight
|-supereffective|p1a: Corviknight
|-damage|p1a: Corviknight|0 fnt
|faint|p1a: Corviknight
|move|p2b: Volcarona|Tera Blast|p1b: Tyranitar|[anim] Tera Blast Fairy
|-supereffective|p1b: Tyranitar
|-damage|p1b: Tyranitar|62/100
|move|p1b: Tyranitar|Rock Slide|p2a: Electabuzz|[spread] p2b
|-miss|p1b: Tyranitar|p2a: Electabuzz
|-damage|p2b: Volcarona|18/100
|
|-weather|Sandstorm|[upkeep]
|-damage|p2a: Electabuzz|53/100|[from] Sandstorm
|-damage|p2b: Volcarona|12/100|[from] Sandstorm
|-heal|p2a: Electabuzz|59/100|[from] Grassy Terrain
|-heal|p2b: Volcarona|18/100|[from] Grassy Terrain
|-heal|p1b: Tyranitar|68/100|[from] Grassy Terrain
|-fieldend|move: Grassy Terrain
|upkeep
|
|t:|1756642045
|switch|p1a: Gholdengo|Gholdengo, L50|100/100
|turn|6
|inactive|IceApfel has 30 seconds left.
|
|t:|1756642077
|move|p1a: Gholdengo|Nasty Plot|p1a: Gholdengo
|-boost|p1a: Gholdengo|spa|2
|move|p2a: Electabuzz|Thunderbolt|p1b: Tyranitar
|-damage|p1b: Tyranitar|55/100
|move|p2b: Volcarona|Tera Blast|p1b: Tyranitar|[anim] Tera Blast Fairy
|-supereffective|p1b: Tyranitar
|-damage|p1b: Tyranitar|22/100
|move|p1b: Tyranitar|Rock Slide|p2a: Electabuzz|[spread] p2a,p2b
|-damage|p2a: Electabuzz|31/100
|-damage|p2b: Volcarona|0 fnt
|faint|p2b: Volcarona
|
|-weather|Sandstorm|[upkeep]
|-damage|p2a: Electabuzz|25/100|[from] Sandstorm
|upkeep
|
|t:|1756642086
|switch|p2b: Kingambit|Kingambit, L50, F, shiny|62/100
|turn|7
|
|t:|1756642094
|-terastallize|p1a: Gholdengo|Water
|move|p2b: Kingambit|Sucker Punch|p1b: Tyranitar
|-resisted|p1b: Tyranitar
|-damage|p1b: Tyranitar|0 fnt
|faint|p1b: Tyranitar
|move|p1a: Gholdengo|Make It Rain|p2a: Electabuzz|[spread] p2a,p2b
|-resisted|p2a: Electabuzz
|-resisted|p2b: Kingambit
|-damage|p2a: Electabuzz|0 fnt
|-damage|p2b: Kingambit|10/100
|-unboost|p1a: Gholdengo|spa|1
|faint|p2a: Electabuzz
|-damage|p1a: Gholdengo|91/100|[from] item: Life Orb
|
|-weather|none
|upkeep
|turn|8
|
|t:|1756642103
|move|p2b: Kingambit|Sucker Punch|p1a: Gholdengo
|-damage|p1a: Gholdengo|37/100
|move|p1a: Gholdengo|Make It Rain|p2b: Kingambit
|-resisted|p2b: Kingambit
|-damage|p2b: Kingambit|0 fnt
|-unboost|p1a: Gholdengo|spa|1
|faint|p2b: Kingambit
|-damage|p1a: Gholdengo|27/100|[from] item: Life Orb
|
|win|Cage92
||IceApfel is ready for game 3.
||Cage92 is ready for game 3.
|uhtml|next|Next: Game 3 of 3
|l|☆IceApfel
|player|p2|
