|j|☆hpeezy
|j|☆battle sim trainer
|html|hpeezybattle sim trainer    
|uhtml|bestof|Game 2 of a best-of-3
|t:|1783613417
|gametype|doubles
|player|p1|hpeezy|266|1062
|player|p2|battle sim trainer|turo|1144
|gen|9
|tier|[Gen 9 Champions] VGC 2026 Reg M-B (Bo3)
|rated|
|rule|Species Clause: Limit one of each Pokémon
|rule|Item Clause: Limit 1 of each item
|clearpoke
|poke|p1|Sableye, L50, F|
|poke|p1|Raichu, L50, M|
|poke|p1|Ninetales-Alola, L50, M|
|poke|p1|Annihilape, L50, F|
|poke|p1|Starmie, L50|
|poke|p1|Tinkaton, L50, F|
|poke|p2|Swampert, L50, M|
|poke|p2|Pelipper, L50, M|
|poke|p2|Archaludon, L50, F|
|poke|p2|Grimmsnarl, L50, M|
|poke|p2|Sinistcha, L50|
|poke|p2|Greninja, L50, M|
|teampreview|4
|showteam|p1|Sableye||RoseliBerry|Prankster|Quash,FakeOut,Encore,RainDance|Impish||F|||50|]Raichu||RaichuniteY|LightningRod|ZapCannon,FocusBlast,GrassKnot,Protect|Hasty||M|||50|]Ninetales-Alola||FocusSash|SnowWarning|Blizzard,AuroraVeil,Protect,Roar|Timid||M|||50|]Annihilape||CobaBerry|Defiant|IcePunch,RageFist,DrainPunch,Protect|Jolly||F|||50|]Starmie||Starminite|Analytic|HydroPump,IceBeam,FlashCannon,Protect|Timid|||||50|]Tinkaton||Leftovers|OwnTempo|PlayRough,GigatonHammer,KnockOff,WoodHammer|Jolly||F|||50|
|showteam|p2|Swampert||Swampertite|Damp|WaveCrash,Earthquake,IcePunch,Protect|Adamant||M|||50|]Pelipper||SitrusBerry|Drizzle|Hurricane,WeatherBall,Tailwind,Protect|Modest||M|||50|]Archaludon||Leftovers|Stamina|ElectroShot,DragonPulse,FlashCannon,Protect|Modest||F|||50|]Grimmsnarl||LightClay|Prankster|SpiritBreak,Reflect,LightScreen,PartingShot|Careful||M|||50|]Sinistcha|||Hospitality|LifeDew,MatchaGotcha,TrickRoom,RagePowder|Bold|||||50|]Greninja||FocusSash|Protean|SludgeWave,FlipTurn,WaterShuriken,DarkPulse|Modest||M|||50|
|inactive|Battle timer is ON: inactive players will automatically lose when time's up. (requested by hpeezy)
|inactive|hpeezy has 60 seconds left.
|
|t:|1783613463
|teamsize|p1|4
|teamsize|p2|4
|start
|switch|p1a: Sableye|Sableye, L50, F|100/100
|switch|p1b: Raichu|Raichu, L50, M|100/100
|switch|p2a: Sinistcha|Sinistcha, L50|100/100
|switch|p2b: Swampert|Swampert, L50, M|100/100
|turn|1
|
|t:|1783613483
|detailschange|p1b: Raichu|Raichu-Mega-Y, L50, M
|-mega|p1b: Raichu|Raichu|Raichunite Y
|detailschange|p2b: Swampert|Swampert-Mega, L50, M
|-mega|p2b: Swampert|Swampert|Swampertite
|move|p1a: Sableye|Fake Out|p2b: Swampert
|-damage|p2b: Swampert|92/100
|move|p2a: Sinistcha|Rage Powder|p2a: Sinistcha
|-singleturn|p2a: Sinistcha|move: Rage Powder
|move|p1b: Raichu|Zap Cannon|p2a: Sinistcha
|-resisted|p2a: Sinistcha|1
|-damage|p2a: Sinistcha|62/100
|-status|p2a: Sinistcha|par
|cant|p2b: Swampert|flinch
|
|upkeep
|turn|2
|inactive|hpeezy has 30 seconds left.
|inactive|hpeezy has 20 seconds left.
|
|t:|1783613519
|switch|p2a: Pelipper|Pelipper, L50, M|100/100
|-weather|RainDance|[from] ability: Drizzle|[of] p2a: Pelipper
|move|p1a: Sableye|Quash|p2b: Swampert
|-activate|p2b: Swampert|move: Quash
|move|p1b: Raichu|Grass Knot|p2b: Swampert
|-supereffective|p2b: Swampert|2
|-damage|p2b: Swampert|0 fnt
|faint|p2b: Swampert
|
|-weather|RainDance|[upkeep]
|upkeep
|
|t:|1783613528
|switch|p2b: Archaludon|Archaludon, L50, F|100/100
|turn|3
|
|t:|1783613538
|switch|p2a: Sinistcha|Sinistcha, L50|62/100 par
|switch|p1a: Ninetales|Ninetales-Alola, L50, M|100/100
|-weather|Snowscape|[from] ability: Snow Warning|[of] p1a: Ninetales
|move|p2b: Archaludon|Protect|p2b: Archaludon
|-singleturn|p2b: Archaludon|Protect
|move|p1b: Raichu|Focus Blast|p2b: Archaludon
|-activate|p2b: Archaludon|move: Protect
|
|-weather|Snowscape|[upkeep]
|upkeep
|turn|4
|inactive|battle sim trainer has 30 seconds left.
|inactive|hpeezy has 30 seconds left.
|
|t:|1783613575
|switch|p1a: Sableye|Sableye, L50, F|100/100
|move|p1b: Raichu|Protect|p1b: Raichu
|-singleturn|p1b: Raichu|Protect
|move|p2a: Sinistcha|Rage Powder|p2a: Sinistcha
|-singleturn|p2a: Sinistcha|move: Rage Powder
|move|p2b: Archaludon|Flash Cannon|p1a: Sableye
|-damage|p1a: Sableye|33/100
|
|-weather|Snowscape|[upkeep]
|upkeep
|turn|5
|
|t:|1783613598
|move|p1a: Sableye|Quash|p2b: Archaludon
|-activate|p2b: Archaludon|move: Quash
|move|p1b: Raichu|Focus Blast|p2b: Archaludon
|-supereffective|p2b: Archaludon|1
|-damage|p2b: Archaludon|0 fnt
|faint|p2b: Archaludon
|move|p2a: Sinistcha|Trick Room|p2a: Sinistcha
|-fieldstart|move: Trick Room|[of] p2a: Sinistcha
|
|-weather|Snowscape|[upkeep]
|upkeep
|
|t:|1783613604
|switch|p2b: Pelipper|Pelipper, L50, M|100/100
|-weather|RainDance|[from] ability: Drizzle|[of] p2b: Pelipper
|turn|6
|
|t:|1783613616
|move|p1b: Raichu|Protect|p1b: Raichu
|-singleturn|p1b: Raichu|Protect
|move|p2a: Sinistcha|Rage Powder|p2a: Sinistcha
|-singleturn|p2a: Sinistcha|move: Rage Powder
|move|p1a: Sableye|Encore|p2a: Sinistcha
|-start|p2a: Sinistcha|Encore
|move|p2b: Pelipper|Weather Ball|p1b: Raichu
|-activate|p1b: Raichu|move: Protect
|
|-weather|RainDance|[upkeep]
|upkeep
|turn|7
|
|t:|1783613633
|switch|p1a: Ninetales|Ninetales-Alola, L50, M|100/100
|-weather|Snowscape|[from] ability: Snow Warning|[of] p1a: Ninetales
|switch|p1b: Tinkaton|Tinkaton, L50, F|100/100
|move|p2a: Sinistcha|Rage Powder|p2a: Sinistcha
|-singleturn|p2a: Sinistcha|move: Rage Powder
|move|p2b: Pelipper|Weather Ball|p1b: Tinkaton
|-resisted|p1b: Tinkaton|1
|-damage|p1b: Tinkaton|87/100
|
|-weather|Snowscape|[upkeep]
|-heal|p1b: Tinkaton|93/100|[from] item: Leftovers
|upkeep
|turn|8
|
|t:|1783613652
|move|p2a: Sinistcha|Rage Powder|p2a: Sinistcha
|-singleturn|p2a: Sinistcha|move: Rage Powder
|move|p2b: Pelipper|Hurricane|p1a: Ninetales
|-damage|p1a: Ninetales|60/100
|-start|p1a: Ninetales|confusion
|move|p1b: Tinkaton|Knock Off|p2a: Sinistcha
|-supereffective|p2a: Sinistcha|1
|-damage|p2a: Sinistcha|38/100 par
|-activate|p1a: Ninetales|confusion
|move|p1a: Ninetales|Blizzard|p2a: Sinistcha|[spread] p2a,p2b
|-supereffective|p2a: Sinistcha|1
|-damage|p2a: Sinistcha|0 fnt
|-damage|p2b: Pelipper|74/100
|faint|p2a: Sinistcha
|
|-weather|Snowscape|[upkeep]
|-heal|p1b: Tinkaton|99/100|[from] item: Leftovers
|upkeep
|turn|9
|
|t:|1783613669
|move|p2b: Pelipper|Hurricane|p1b: Tinkaton
|-resisted|p1b: Tinkaton|1
|-damage|p1b: Tinkaton|78/100
|move|p1b: Tinkaton|Knock Off|p2b: Pelipper
|-damage|p2b: Pelipper|46/100
|-enditem|p2b: Pelipper|Sitrus Berry|[from] move: Knock Off|[of] p1b: Tinkaton
|-activate|p1a: Ninetales|confusion
|-damage|p1a: Ninetales|53/100|[from] confusion
|
|-weather|Snowscape|[upkeep]
|-heal|p1b: Tinkaton|84/100|[from] item: Leftovers
|-fieldend|move: Trick Room
|upkeep
|turn|10
|
|t:|1783613684
|-activate|p1a: Ninetales|confusion
|-damage|p1a: Ninetales|44/100|[from] confusion
|move|p1b: Tinkaton|Play Rough|p2b: Pelipper
|-damage|p2b: Pelipper|12/100
|move|p2b: Pelipper|Hurricane|p1b: Tinkaton
|-resisted|p1b: Tinkaton|1
|-damage|p1b: Tinkaton|62/100
|
|-weather|Snowscape|[upkeep]
|-heal|p1b: Tinkaton|68/100|[from] item: Leftovers
|upkeep
|turn|11
|-message|battle sim trainer forfeited.
|
|win|hpeezy
