|j|☆tryson69
|j|☆LordTentacle69
|html|tryson69LordTentacle69    
|uhtml|bestof|Game 2 of a best-of-3
|t:|1756697655
|gametype|doubles
|player|p1|tryson69|crasherwake|1192
|player|p2|LordTentacle69|plasmagruntf|1228
|gen|9
|tier|[Gen 9] VGC 2025 Reg H (Bo3)
|rated|
|rule|Species Clause: Limit one of each Pokémon
|rule|Item Clause: Limit 1 of each item
|clearpoke
|poke|p1|Typhlosion-Hisui, L50, F|
|poke|p1|Rillaboom, L50, M|
|poke|p1|Primarina, L50, M|
|poke|p1|Archaludon, L50, F|
|poke|p1|Whimsicott, L50, M|
|poke|p1|Pelipper, L50, M|
|poke|p2|Archaludon, L50, F|
|poke|p2|Rillaboom, L50, F|
|poke|p2|Basculegion, L50, M|
|poke|p2|Kingambit, L50, F|
|poke|p2|Pelipper, L50, M|
|poke|p2|Electabuzz, L50, M|
|teampreview|4
|showteam|p1|Typhlosion-Hisui||ChoiceScarf|Blaze|Eruption,HeatWave,Overheat,ShadowBall|||F|||50|,,,,,Fire]Rillaboom||AssaultVest|GrassySurge|WoodHammer,GrassyGlide,HighHorsepower,FakeOut|||M|||50|,,,,,Fire]Primarina||ThroatSpray|LiquidVoice|HyperVoice,Moonblast,Haze,Protect|||M|||50|,,,,,Poison]Archaludon||Leftovers|Stamina|ElectroShot,BodyPress,Protect,DracoMeteor|||F|||50|,,,,,Grass]Whimsicott||CovertCloak|Prankster|Tailwind,Taunt,Moonblast,SunnyDay|||M|||50|,,,,,Water]Pelipper||FocusSash|Drizzle|WeatherBall,Hurricane,WideGuard,Protect|||M|||50|,,,,,Ghost
|showteam|p2|Archaludon||AssaultVest|Stamina|ElectroShot,DracoMeteor,FlashCannon,BodyPress|||F|||50|,,,,,Fairy]Rillaboom||LoadedDice|GrassySurge|BulletSeed,GrassyGlide,FakeOut,HighHorsepower|||F|||50|,,,,,Fire]Basculegion||ChoiceBand|SwiftSwim|WaveCrash,LastRespects,FlipTurn,AquaJet|||M|||50|,,,,,Grass]Kingambit||BlackGlasses|Defiant|KowtowCleave,SuckerPunch,SwordsDance,Protect|||F|||50|,,,,,Dark]Pelipper||FocusSash|Drizzle|WeatherBall,Hurricane,Tailwind,Protect|||M|||50|,,,,,Ghost]Electabuzz||Eviolite|VitalSpirit|Electroweb,Taunt,FollowMe,Protect|||M|||50|,,,,,Ghost
|
|t:|1756697669
|teamsize|p1|4
|teamsize|p2|4
|start
|switch|p1a: Typhlosion|Typhlosion-Hisui, L50, F|100/100
|switch|p1b: Whimsicott|Whimsicott, L50, M|100/100
|switch|p2a: Basculegion|Basculegion, L50, M|100/100
|switch|p2b: Pelipper|Pelipper, L50, M|100/100
|-weather|RainDance|[from] ability: Drizzle|[of] p2b: Pelipper
|turn|1
|
|t:|1756697689
|-terastallize|p1a: Typhlosion|Fire
|move|p2b: Pelipper|Protect|p2b: Pelipper
|-singleturn|p2b: Pelipper|Protect
|move|p1b: Whimsicott|Sunny Day|p1b: Whimsicott
|-weather|SunnyDay
|move|p1a: Typhlosion|Heat Wave|p2b: Pelipper|[spread] p2a
|-activate|p2b: Pelipper|move: Protect
|-resisted|p2a: Basculegion
|-damage|p2a: Basculegion|56/100
|move|p2a: Basculegion|Wave Crash|p1a: Typhlosion
|-supereffective|p1a: Typhlosion
|-damage|p1a: Typhlosion|0 fnt
|faint|p1a: Typhlosion
|-damage|p2a: Basculegion|31/100|[from] Recoil
|
|-weather|SunnyDay|[upkeep]
|upkeep
|
|t:|1756697701
|switch|p1a: Primarina|Primarina, L50, M|100/100
|turn|2
|
|t:|1756697721
|switch|p2a: Archaludon|Archaludon, L50, F|100/100
|move|p1b: Whimsicott|Taunt|p2b: Pelipper
|-start|p2b: Pelipper|move: Taunt
|cant|p2b: Pelipper|move: Taunt|Tailwind
|move|p1a: Primarina|Hyper Voice|p2b: Pelipper|[spread] p2a,p2b
|-resisted|p2a: Archaludon
|-resisted|p2b: Pelipper
|-damage|p2a: Archaludon|95/100
|-damage|p2b: Pelipper|87/100
|-ability|p2a: Archaludon|Stamina|boost
|-boost|p2a: Archaludon|def|1
|-enditem|p1a: Primarina|Throat Spray
|-boost|p1a: Primarina|spa|1|[from] item: Throat Spray
|
|-weather|SunnyDay|[upkeep]
|upkeep
|turn|3
|
|t:|1756697761
|switch|p2b: Kingambit|Kingambit, L50, F|100/100
|move|p1b: Whimsicott|Moonblast|p2a: Archaludon
|-damage|p2a: Archaludon|76/100
|-ability|p2a: Archaludon|Stamina|boost
|-boost|p2a: Archaludon|def|1
|move|p2a: Archaludon|Electro Shot||[still]
|-prepare|p2a: Archaludon|Electro Shot
|-boost|p2a: Archaludon|spa|1
|move|p1a: Primarina|Moonblast|p2a: Archaludon
|-damage|p2a: Archaludon|20/100
|-ability|p2a: Archaludon|Stamina|boost
|-boost|p2a: Archaludon|def|1
|
|-weather|SunnyDay|[upkeep]
|upkeep
|turn|4
|
|t:|1756697788
|move|p1b: Whimsicott|Tailwind|p1b: Whimsicott
|-sidestart|p1: tryson69|move: Tailwind
|move|p1a: Primarina|Moonblast|p2a: Archaludon
|-damage|p2a: Archaludon|0 fnt
|faint|p2a: Archaludon
|move|p2b: Kingambit|Swords Dance|p2b: Kingambit
|-boost|p2b: Kingambit|atk|2
|
|-weather|SunnyDay|[upkeep]
|upkeep
|
|t:|1756697796
|switch|p2a: Pelipper|Pelipper, L50, M|87/100
|-weather|RainDance|[from] ability: Drizzle|[of] p2a: Pelipper
|turn|5
|
|t:|1756697817
|move|p1b: Whimsicott|Moonblast|p2a: Pelipper
|-damage|p2a: Pelipper|41/100
|-unboost|p2a: Pelipper|spa|1
|move|p1a: Primarina|Hyper Voice|p2b: Kingambit|[spread] p2a,p2b
|-resisted|p2a: Pelipper
|-damage|p2a: Pelipper|0 fnt
|-damage|p2b: Kingambit|20/100
|faint|p2a: Pelipper
|move|p2b: Kingambit|Swords Dance|p2b: Kingambit
|-boost|p2b: Kingambit|atk|2
|
|-weather|RainDance|[upkeep]
|upkeep
|
|t:|1756697825
|switch|p2a: Basculegion|Basculegion, L50, M|31/100
|turn|6
|
|t:|1756697850
|move|p1b: Whimsicott|Sunny Day|p1b: Whimsicott
|-weather|SunnyDay
|move|p2b: Kingambit|Sucker Punch|p1a: Primarina
|-resisted|p1a: Primarina
|-damage|p1a: Primarina|9/100
|move|p1a: Primarina|Moonblast|p2b: Kingambit
|-damage|p2b: Kingambit|0 fnt
|faint|p2b: Kingambit
|move|p2a: Basculegion|Last Respects|p1b: Whimsicott
|-damage|p1b: Whimsicott|0 fnt
|faint|p1b: Whimsicott
|
|-weather|SunnyDay|[upkeep]
|upkeep
|
|t:|1756697856
|switch|p1b: Archaludon|Archaludon, L50, F|100/100
|turn|7
|-message|LordTentacle69 forfeited.
|
|win|tryson69
|raw|tryson69's rating: 1192 → 1220(+28 for winning)
|raw|LordTentacle69's rating: 1228 → 1200(-28 for losing)
|l|☆LordTentacle69
|player|p2|
|c|☆tryson69|gg
