|j|☆BonnieSSR
|j|☆gostzin
|html|BonnieSSRgostzin    
|uhtml|bestof|Game 2 of a best-of-3
|t:|1756479429
|gametype|doubles
|player|p1|BonnieSSR|miku-ground|1249
|player|p2|gostzin|266|1300
|gen|9
|tier|[Gen 9] VGC 2025 Reg H (Bo3)
|rated|
|rule|Species Clause: Limit one of each Pokémon
|rule|Item Clause: Limit 1 of each item
|clearpoke
|poke|p1|Tyranitar, L50, M|
|poke|p1|Amoonguss, L50, F|
|poke|p1|Kilowattrel, L50, F|
|poke|p1|Excadrill, L50, F|
|poke|p1|Kommo-o, L50, F|
|poke|p1|Incineroar, L50, M|
|poke|p2|Incineroar, L50, M|
|poke|p2|Volcarona, L50, F|
|poke|p2|Amoonguss, L50, F|
|poke|p2|Ninetales-Alola, L50, F|
|poke|p2|Ursaluna-Bloodmoon, L50, M|
|poke|p2|Kingambit, L50, M|
|teampreview|4
|showteam|p1|Tyranitar||AssaultVest|SandStream|LowKick,RockSlide,KnockOff,TeraBlast|||M|||50|,,,,,Flying]Amoonguss||SitrusBerry|Regenerator|Spore,RagePowder,SludgeBomb,Protect|||F|||50|,,,,,Water]Kilowattrel||ChoiceSpecs|Competitive|Thunderbolt,Discharge,VoltSwitch,AirSlash|||F|||50|,,,,,Ghost]Excadrill||FocusSash|SandRush|IronHead,Earthquake,HighHorsepower,Protect|||F|||50|,,,,,Ground]Kommo-o||Leftovers|Overcoat|IronDefense,BodyPress,ThroatChop,Protect|||F|||50|,,,,,Steel]Incineroar||SafetyGoggles|Intimidate|FlareBlitz,KnockOff,PartingShot,FakeOut|||M|||50|,,,,,Ghost
|showteam|p2|Incineroar||SafetyGoggles|Intimidate|WillOWisp,FakeOut,Taunt,KnockOff|||M|||50|,,,,,Ghost]Volcarona||CovertCloak|FlameBody|QuiverDance,FieryDance,GigaDrain,Protect|||F|||50|,,,,,Fairy]Amoonguss||RockyHelmet|Regenerator|Spore,ClearSmog,PollenPuff,RagePowder|||F|||50|,,,,,Water]Ninetales-Alola||FocusSash|SnowWarning|Blizzard,FreezeDry,IcyWind,AuroraVeil|||F|||50|,,,,,Ghost]Ursaluna-Bloodmoon||AssaultVest|MindsEye|BloodMoon,EarthPower,HyperVoice,VacuumWave|||M|||50|,,,,,Dragon]Kingambit||BlackGlasses|Defiant|SuckerPunch,Protect,KowtowCleave,SwordsDance|||M|||50|,,,,,Dark
|inactive|Battle timer is ON: inactive players will automatically lose when time's up. (requested by gostzin)
|
|t:|1756479456
|teamsize|p1|4
|teamsize|p2|4
|start
|switch|p1a: Arturia|Kommo-o, L50, F, shiny|100/100
|switch|p1b: Lacey|Excadrill, L50, F, shiny|100/100
|switch|p2a: Amoonguss|Amoonguss, L50, F|100/100
|switch|p2b: Ursaluna|Ursaluna-Bloodmoon, L50, M|100/100
|turn|1
|inactive|BonnieSSR has 30 seconds left.
|
|t:|1756479484
|move|p1b: Lacey|Iron Head|p2b: Ursaluna
|-damage|p2b: Ursaluna|69/100
|move|p1a: Arturia|Body Press|p2b: Ursaluna
|-supereffective|p2b: Ursaluna
|-damage|p2b: Ursaluna|4/100
|move|p2b: Ursaluna|Earth Power|p1b: Lacey
|-supereffective|p1b: Lacey
|-enditem|p1b: Lacey|Focus Sash
|-damage|p1b: Lacey|1/100
|move|p2a: Amoonguss|Spore|p1a: Arturia
|-immune|p1a: Arturia|[from] ability: Overcoat
|
|upkeep
|turn|2
|
|t:|1756479504
|move|p1a: Arturia|Protect|p1a: Arturia
|-singleturn|p1a: Arturia|Protect
|move|p2a: Amoonguss|Rage Powder|p2a: Amoonguss
|-singleturn|p2a: Amoonguss|move: Rage Powder
|move|p2b: Ursaluna|Vacuum Wave|p1b: Lacey
|-supereffective|p1b: Lacey
|-damage|p1b: Lacey|0 fnt
|faint|p1b: Lacey
|
|upkeep
|
|t:|1756479511
|switch|p1b: Wolfey|Incineroar, L50, M, shiny|100/100
|-ability|p1b: Wolfey|Intimidate|boost
|-unboost|p2a: Amoonguss|atk|1
|-unboost|p2b: Ursaluna|atk|1
|turn|3
|inactive|gostzin has 30 seconds left.
|
|t:|1756479538
|move|p1b: Wolfey|Fake Out|p2b: Ursaluna
|-damage|p2b: Ursaluna|0 fnt
|faint|p2b: Ursaluna
|move|p1a: Arturia|Iron Defense|p1a: Arturia
|-boost|p1a: Arturia|def|2
|move|p2a: Amoonguss|Clear Smog|p1a: Arturia
|-damage|p1a: Arturia|87/100
|-clearboost|p1a: Arturia
|
|-heal|p1a: Arturia|92/100|[from] item: Leftovers
|upkeep
|
|t:|1756479549
|switch|p2b: Ninetales|Ninetales-Alola, L50, F, shiny|100/100
|-weather|Snowscape|[from] ability: Snow Warning|[of] p2b: Ninetales
|turn|4
|
|t:|1756479561
|-terastallize|p1a: Arturia|Steel
|move|p2b: Ninetales|Aurora Veil|p2b: Ninetales
|-sidestart|p2: gostzin|move: Aurora Veil
|move|p1a: Arturia|Iron Defense|p1a: Arturia
|-boost|p1a: Arturia|def|2
|move|p1b: Wolfey|Flare Blitz|p2b: Ninetales
|-supereffective|p2b: Ninetales
|-damage|p2b: Ninetales|44/100
|-damage|p1b: Wolfey|87/100|[from] Recoil
|move|p2a: Amoonguss|Clear Smog|p1a: Arturia
|-immune|p1a: Arturia
|
|-weather|Snowscape|[upkeep]
|-heal|p1a: Arturia|98/100|[from] item: Leftovers
|upkeep
|turn|5
|
|t:|1756479579
|move|p2a: Amoonguss|Rage Powder|p2a: Amoonguss
|-singleturn|p2a: Amoonguss|move: Rage Powder
|move|p2b: Ninetales|Blizzard|p1a: Arturia|[spread] p1a,p1b
|-resisted|p1a: Arturia
|-resisted|p1b: Wolfey
|-damage|p1a: Arturia|85/100
|-damage|p1b: Wolfey|75/100
|move|p1a: Arturia|Body Press|p2b: Ninetales
|-damage|p2b: Ninetales|0 fnt
|faint|p2b: Ninetales
|move|p1b: Wolfey|Knock Off|p2a: Amoonguss
|-damage|p2a: Amoonguss|71/100
|-damage|p1b: Wolfey|58/100|[from] item: Rocky Helmet|[of] p2a: Amoonguss
|-enditem|p2a: Amoonguss|Rocky Helmet|[from] move: Knock Off|[of] p1b: Wolfey
|
|-weather|Snowscape|[upkeep]
|-heal|p1a: Arturia|91/100|[from] item: Leftovers
|upkeep
|
|t:|1756479593
|switch|p2b: Kingambit|Kingambit, L50, M, shiny|100/100
|turn|6
|
|t:|1756479601
|-terastallize|p2b: Kingambit|Dark
|move|p1a: Arturia|Body Press|p2b: Kingambit
|-supereffective|p2b: Kingambit
|-damage|p2b: Kingambit|11/100
|move|p1b: Wolfey|Flare Blitz|p2a: Amoonguss
|-supereffective|p2a: Amoonguss
|-damage|p2a: Amoonguss|3/100
|-status|p2a: Amoonguss|brn
|-damage|p1b: Wolfey|34/100|[from] Recoil
|move|p2b: Kingambit|Swords Dance|p2b: Kingambit
|-boost|p2b: Kingambit|atk|2
|move|p2a: Amoonguss|Pollen Puff|p2b: Kingambit
|-heal|p2b: Kingambit|61/100
|
|-weather|Snowscape|[upkeep]
|-heal|p1a: Arturia|96/100|[from] item: Leftovers
|-damage|p2a: Amoonguss|0 fnt|[from] brn
|faint|p2a: Amoonguss
|upkeep
|turn|7
|
|t:|1756479620
|switch|p1b: Ouroboros|Tyranitar, L50, M, shiny|100/100
|-weather|Sandstorm|[from] ability: Sand Stream|[of] p1b: Ouroboros
|move|p2b: Kingambit|Sucker Punch|p1a: Arturia
|-crit|p1a: Arturia
|-damage|p1a: Arturia|0 fnt
|faint|p1a: Arturia
|
|-weather|Sandstorm|[upkeep]
|-damage|p2b: Kingambit|55/100|[from] Sandstorm
|upkeep
|
|t:|1756479630
|switch|p1a: Wolfey|Incineroar, L50, M, shiny|34/100
|-ability|p1a: Wolfey|Intimidate|boost
|-unboost|p2b: Kingambit|atk|1
|-ability|p2b: Kingambit|Defiant|boost
|-boost|p2b: Kingambit|atk|2
|turn|8
|
|t:|1756479636
|move|p2b: Kingambit|Protect|p2b: Kingambit
|-singleturn|p2b: Kingambit|Protect
|move|p1a: Wolfey|Fake Out|p2b: Kingambit
|-activate|p2b: Kingambit|move: Protect
|move|p1b: Ouroboros|Low Kick|p2b: Kingambit
|-activate|p2b: Kingambit|move: Protect
|
|-weather|Sandstorm|[upkeep]
|-damage|p2b: Kingambit|49/100|[from] Sandstorm
|-sideend|p2: gostzin|move: Aurora Veil
|upkeep
|turn|9
|
|t:|1756479646
|move|p2b: Kingambit|Sucker Punch|p1b: Ouroboros
|-resisted|p1b: Ouroboros
|-crit|p1b: Ouroboros
|-damage|p1b: Ouroboros|0 fnt
|faint|p1b: Ouroboros
|move|p1a: Wolfey|Flare Blitz|p2b: Kingambit
|-damage|p2b: Kingambit|10/100
|-damage|p1a: Wolfey|22/100|[from] Recoil
|
|-weather|Sandstorm|[upkeep]
|-damage|p2b: Kingambit|4/100|[from] Sandstorm
|upkeep
|turn|10
|
|t:|1756479662
|move|p1a: Wolfey|Parting Shot|p2b: Kingambit
|-unboost|p2b: Kingambit|atk|1
|-ability|p2b: Kingambit|Defiant|boost
|-boost|p2b: Kingambit|atk|2
|-unboost|p2b: Kingambit|spa|1
|-ability|p2b: Kingambit|Defiant|boost
|-boost|p2b: Kingambit|atk|2
|move|p2b: Kingambit|Kowtow Cleave|p1a: Wolfey
|-resisted|p1a: Wolfey
|-damage|p1a: Wolfey|0 fnt
|faint|p1a: Wolfey
|
|win|gostzin
|raw|BonnieSSR's rating: 1249 → 1228(-21 for losing)
|raw|gostzin's rating: 1300 → 1321(+21 for winning)
|c|☆BonnieSSR|that crit
|c|☆BonnieSSR|gg
|l|☆gostzin
|player|p2|
