|j|☆merr123
|j|☆Desertfreak
|html|merr123Desertfreak    
|uhtml|bestof|Game 2 of a best-of-3
|t:|1756979637
|gametype|doubles
|player|p1|merr123|sisandbro|1316
|player|p2|Desertfreak|266|1319
|gen|9
|tier|[Gen 9] VGC 2025 Reg H (Bo3)
|rated|
|rule|Species Clause: Limit one of each Pokémon
|rule|Item Clause: Limit 1 of each item
|clearpoke
|poke|p1|Sneasler, L50, F|
|poke|p1|Gholdengo, L50|
|poke|p1|Amoonguss, L50, F|
|poke|p1|Incineroar, L50, F|
|poke|p1|Ursaluna-Bloodmoon, L50, M|
|poke|p1|Dragonite, L50, F|
|poke|p2|Gholdengo, L50|
|poke|p2|Kilowattrel, L50, M|
|poke|p2|Incineroar, L50, M|
|poke|p2|Amoonguss, L50, F|
|poke|p2|Porygon2, L50|
|poke|p2|Ursaluna, L50, M|
|teampreview|4
|showteam|p1|Sneasler||ClearAmulet|PoisonTouch|FakeOut,CloseCombat,DireClaw,Protect|||F|||50|,,,,,Water]Gholdengo||MetalCoat|GoodasGold|NastyPlot,MakeItRain,ShadowBall,Protect||||||50|,,,,,Water]Amoonguss||SitrusBerry|Regenerator|Spore,RagePowder,PollenPuff,Protect|||F|||50|,,,,,Water]Incineroar||SafetyGoggles|Intimidate|FakeOut,FlareBlitz,KnockOff,PartingShot|||F|||50|,,,,,Ghost]Ursaluna-Bloodmoon||LifeOrb|MindsEye|CalmMind,EarthPower,BloodMoon,Protect|||M|||50|,,,,,Poison]Dragonite||LoadedDice|Multiscale|ScaleShot,Haze,Tailwind,Protect|||F|||50|,,,,,Fairy
|showteam|p2|Gholdengo||LifeOrb|GoodasGold|MakeItRain,ShadowBall,Protect,NastyPlot||||||50|,,,,,Water]Kilowattrel||FocusSash|Competitive|Tailwind,Thunderbolt,AirSlash,Protect|||M|||50|,,,,,Ghost]Incineroar||SafetyGoggles|Intimidate|FakeOut,FlareBlitz,KnockOff,PartingShot|||M|||50|,,,,,Ghost]Amoonguss||SitrusBerry|Regenerator|PollenPuff,Spore,RagePowder,Protect|||F|||50|,,,,,Water]Porygon2||Eviolite|Download|TeraBlast,IceBeam,Recover,TrickRoom||||||50|,,,,,Fighting]Ursaluna||FlameOrb|Guts|HeadlongRush,Facade,Earthquake,Protect|||M|||50|,,,,,Ghost
|inactive|Battle timer is ON: inactive players will automatically lose when time's up. (requested by merr123)
|inactive|merr123 has 60 seconds left.
|
|t:|1756979675
|teamsize|p1|4
|teamsize|p2|4
|start
|switch|p1a: Sneasler|Sneasler, L50, F|100/100
|switch|p1b: Gholdengo|Gholdengo, L50|100/100
|switch|p2a: Kilowattrel|Kilowattrel, L50, M, shiny|100/100
|switch|p2b: Porygon2|Porygon2, L50, shiny|100/100
|-ability|p2b: Porygon2|Download|boost
|-boost|p2b: Porygon2|atk|1
|turn|1
|
|t:|1756979691
|switch|p2a: Ursaluna|Ursaluna, L50, M, shiny|100/100
|move|p1a: Sneasler|Dire Claw|p2a: Ursaluna
|-resisted|p2a: Ursaluna
|-damage|p2a: Ursaluna|83/100
|-status|p2a: Ursaluna|psn
|move|p1b: Gholdengo|Make It Rain|p2b: Porygon2|[spread] p2a,p2b
|-damage|p2a: Ursaluna|30/100 psn
|-damage|p2b: Porygon2|66/100
|-unboost|p1b: Gholdengo|spa|1
|move|p2b: Porygon2|Trick Room|p2b: Porygon2
|-fieldstart|move: Trick Room|[of] p2b: Porygon2
|
|-damage|p2a: Ursaluna|18/100 psn|[from] psn
|upkeep
|turn|2
|inactive|merr123 has 30 seconds left.
|inactive|merr123 has 20 seconds left.
|inactive|merr123 has 15 seconds left.
|inactive|merr123 has 10 seconds left.
|
|t:|1756979740
|switch|p1a: Amoonguss|Amoonguss, L50, F|100/100
|move|p1b: Gholdengo|Protect|p1b: Gholdengo
|-singleturn|p1b: Gholdengo|Protect
|move|p2b: Porygon2|Recover|p2b: Porygon2
|-heal|p2b: Porygon2|100/100
|move|p2a: Ursaluna|Earthquake|p1b: Gholdengo|[spread] p2b,p1a
|-activate|p1b: Gholdengo|move: Protect
|-damage|p2b: Porygon2|59/100
|-damage|p1a: Amoonguss|44/100
|-enditem|p1a: Amoonguss|Sitrus Berry|[eat]
|-heal|p1a: Amoonguss|69/100|[from] item: Sitrus Berry
|
|-damage|p2a: Ursaluna|6/100 psn|[from] psn
|upkeep
|turn|3
|inactive|merr123 has 30 seconds left.
|
|t:|1756979767
|switch|p2b: Gholdengo|Gholdengo, L50|100/100
|move|p1a: Amoonguss|Pollen Puff|p2a: Ursaluna
|-damage|p2a: Ursaluna|0 fnt
|faint|p2a: Ursaluna
|move|p1b: Gholdengo|Nasty Plot|p1b: Gholdengo
|-boost|p1b: Gholdengo|spa|2
|
|upkeep
|
|t:|1756979774
|switch|p2a: Kilowattrel|Kilowattrel, L50, M, shiny|100/100
|turn|4
|
|t:|1756979795
|-terastallize|p1b: Gholdengo|Water
|-terastallize|p2b: Gholdengo|Water
|move|p1a: Amoonguss|Pollen Puff|p2a: Kilowattrel
|-resisted|p2a: Kilowattrel
|-damage|p2a: Kilowattrel|83/100
|move|p1b: Gholdengo|Shadow Ball|p2a: Kilowattrel
|-damage|p2a: Kilowattrel|0 fnt
|faint|p2a: Kilowattrel
|move|p2b: Gholdengo|Nasty Plot|p2b: Gholdengo
|-boost|p2b: Gholdengo|spa|2
|
|upkeep
|
|t:|1756979798
|switch|p2a: Porygon2|Porygon2, L50, shiny|59/100
|-ability|p2a: Porygon2|Download|boost
|-boost|p2a: Porygon2|spa|1
|turn|5
|inactive|merr123 has 30 seconds left.
|
|t:|1756979825
|move|p1b: Gholdengo|Protect|p1b: Gholdengo
|-singleturn|p1b: Gholdengo|Protect
|move|p1a: Amoonguss|Spore|p2a: Porygon2
|-status|p2a: Porygon2|slp|[from] move: Spore
|cant|p2a: Porygon2|slp
|move|p2b: Gholdengo|Shadow Ball|p1b: Gholdengo
|-activate|p1b: Gholdengo|move: Protect
|
|-fieldend|move: Trick Room
|upkeep
|turn|6
|
|t:|1756979838
|move|p1a: Amoonguss|Rage Powder|p1a: Amoonguss
|-singleturn|p1a: Amoonguss|move: Rage Powder
|move|p2b: Gholdengo|Make It Rain|p1b: Gholdengo|[spread] p1a,p1b
|-resisted|p1b: Gholdengo
|-damage|p1a: Amoonguss|0 fnt
|-damage|p1b: Gholdengo|37/100
|-unboost|p2b: Gholdengo|spa|1
|faint|p1a: Amoonguss
|-damage|p2b: Gholdengo|91/100|[from] item: Life Orb
|move|p1b: Gholdengo|Shadow Ball|p2b: Gholdengo
|-damage|p2b: Gholdengo|26/100
|cant|p2a: Porygon2|slp
|
|upkeep
|
|t:|1756979847
|switch|p1a: Incineroar|Incineroar, L50, F|100/100
|-ability|p1a: Incineroar|Intimidate|boost
|-unboost|p2a: Porygon2|atk|1
|-unboost|p2b: Gholdengo|atk|1
|turn|7
|
|t:|1756979853
|move|p2b: Gholdengo|Protect|p2b: Gholdengo
|-singleturn|p2b: Gholdengo|Protect
|move|p1a: Incineroar|Fake Out|p2b: Gholdengo
|-activate|p2b: Gholdengo|move: Protect
|move|p1b: Gholdengo|Make It Rain|p2a: Porygon2|[spread] p2a
|-activate|p2b: Gholdengo|move: Protect
|-damage|p2a: Porygon2|9/100 slp
|-unboost|p1b: Gholdengo|spa|1
|cant|p2a: Porygon2|slp
|
|upkeep
|turn|8
|
|t:|1756979869
|move|p1b: Gholdengo|Make It Rain|p2a: Porygon2|[spread] p2a,p2b
|-resisted|p2b: Gholdengo
|-damage|p2a: Porygon2|0 fnt
|-damage|p2b: Gholdengo|0 fnt
|-unboost|p1b: Gholdengo|spa|1
|faint|p2a: Porygon2
|faint|p2b: Gholdengo
|
|win|merr123
