|j|☆Radlars
|j|☆ShikikanV
|html|RadlarsShikikanV    
|uhtml|bestof|Game 3 of a best-of-3
|t:|1785221719
|gametype|doubles
|player|p1|Radlars|170|
|player|p2|ShikikanV|plasmagrunt-gen5bw|
|gen|9
|tier|[Gen 9 Champions] VGC 2026 Reg M-B (Bo3)
|rule|Species Clause: Limit one of each Pokémon
|rule|Item Clause: Limit 1 of each item
|clearpoke
|poke|p1|Heracross, L50, M|
|poke|p1|Farigiraf, L50, F|
|poke|p1|Grimmsnarl, L50, M|
|poke|p1|Bastiodon, L50, M|
|poke|p1|Tyranitar, L50, F|
|poke|p1|Aegislash, L50, M|
|poke|p2|Garganacl, L50, M|
|poke|p2|Tyranitar, L50, M|
|poke|p2|Sandaconda, L50, F, shiny|
|poke|p2|Farigiraf, L50, M|
|poke|p2|Chandelure, L50, M, shiny|
|poke|p2|Tinkaton, L50, F|
|teampreview|4
|showteam|p1|Heracross||Heracronite|Moxie|BulletSeed,Detect,BrickBreak,RockBlast|Brave||M|||50|]Farigiraf||SitrusBerry|ArmorTail|TrickRoom,PsychicNoise,HelpingHand,Protect|Relaxed||F|||50|]Grimmsnarl||LightClay|Prankster|FoulPlay,LightScreen,PartingShot,FakeOut|Impish||M|||50|]Bastiodon||Leftovers|Sturdy|WideGuard,Counter,IronDefense,BodyPress|Relaxed||M|||50|]Tyranitar||Tyranitarite|SandStream|RockSlide,Curse,KnockOff,Protect|Careful||F|||50|]Aegislash||MetalCoat|StanceChange|IronHead,KingsShield,SacredSword,ShadowBall|Brave||M|||50|
|showteam|p2|Garganacl||HardStone|PurifyingSalt|RockSlide,SaltCure,BodyPress,Protect|Lax||M|||50|]Tyranitar||Tyranitarite|SandStream|SandTomb,Protect,BrickBreak,Crunch|Serious||M|||50|]Sandaconda||BrightPowder|SandSpit|Protect,SandTomb,ScorchingSands,BodyPress|Relaxed||F|||50|]Farigiraf||Leftovers|ArmorTail|TrickRoom,Trick,Protect,Roar|Sassy||M|||50|]Chandelure||ChartiBerry|FlameBody|TrickRoom,ShadowBall,Curse,Protect|Sassy||M|||50|]Tinkaton||ExpertBelt|MoldBreaker|FakeOut,BrickBreak,GigatonHammer,WoodHammer|Jolly||F|||50|
|c|☆Radlars|let's larp
|
|t:|1785222151
|teamsize|p1|4
|teamsize|p2|4
|start
|switch|p1a: Farigiraf|Farigiraf, L50, F|100/100
|switch|p1b: Tyranitar|Tyranitar, L50, F|100/100
|switch|p2a: fire|Chandelure, L50, M, shiny|100/100
|switch|p2b: pharaoh's curse|Tyranitar, L50, M|100/100
|-weather|Sandstorm|[from] ability: Sand Stream|[of] p1b: Tyranitar
|turn|1
|
|t:|1785222202
|switch|p1a: Grimmsnarl|Grimmsnarl, L50, M|100/100
|detailschange|p1b: Tyranitar|Tyranitar-Mega, L50, F
|-mega|p1b: Tyranitar|Tyranitar|Tyranitarite
|detailschange|p2b: pharaoh's curse|Tyranitar-Mega, L50, M
|-mega|p2b: pharaoh's curse|Tyranitar|Tyranitarite
|move|p2a: fire|Protect|p2a: fire
|-singleturn|p2a: fire|Protect
|move|p2b: pharaoh's curse|Crunch|p1a: Grimmsnarl
|-resisted|p1a: Grimmsnarl|2
|-damage|p1a: Grimmsnarl|88/100
|move|p1b: Tyranitar|Knock Off|p2a: fire
|-activate|p2a: fire|move: Protect
|
|-weather|Sandstorm|[upkeep]
|-damage|p2a: fire|94/100|[from] Sandstorm
|-damage|p1a: Grimmsnarl|82/100|[from] Sandstorm
|upkeep
|turn|2
|
|t:|1785222225
|switch|p2b: Her|Tinkaton, L50, F|100/100
|-ability|p2b: Her|Mold Breaker
|move|p1a: Grimmsnarl|Fake Out|p2b: Her
|-resisted|p2b: Her|1
|-damage|p2b: Her|92/100
|move|p1b: Tyranitar|Knock Off|p2a: fire
|-supereffective|p2a: fire|1
|-damage|p2a: fire|0 fnt
|-enditem|p2a: fire|Charti Berry|[from] move: Knock Off|[of] p1b: Tyranitar
|faint|p2a: fire
|
|-weather|Sandstorm|[upkeep]
|-damage|p1a: Grimmsnarl|76/100|[from] Sandstorm
|upkeep
|
|t:|1785222239
|switch|p2a: trick|Farigiraf, L50, M|100/100
|turn|3
|
|t:|1785222315
|move|p1b: Tyranitar|Protect|p1b: Tyranitar
|-singleturn|p1b: Tyranitar|Protect
|move|p2b: Her|Brick Break|p1b: Tyranitar
|-activate|p1b: Tyranitar|move: Protect
|move|p1a: Grimmsnarl|Foul Play|p2a: trick
|-supereffective|p2a: trick|1
|-damage|p2a: trick|44/100
|move|p2a: trick|Trick Room|p2a: trick
|-fieldstart|move: Trick Room|[of] p2a: trick
|
|-weather|Sandstorm|[upkeep]
|-damage|p2a: trick|38/100|[from] Sandstorm
|-damage|p1a: Grimmsnarl|70/100|[from] Sandstorm
|-heal|p2a: trick|44/100|[from] item: Leftovers
|upkeep
|turn|4
|
|t:|1785222335
|switch|p1b: Aegislash|Aegislash, L50, M|100/100
|move|p1a: Grimmsnarl|Foul Play|p2a: trick
|-supereffective|p2a: trick|1
|-damage|p2a: trick|0 fnt
|faint|p2a: trick
|move|p2b: Her|Gigaton Hammer|p1a: Grimmsnarl
|-supereffective|p1a: Grimmsnarl|1
|-damage|p1a: Grimmsnarl|0 fnt
|faint|p1a: Grimmsnarl
|
|-weather|Sandstorm|[upkeep]
|upkeep
|
|t:|1785222348
|switch|p2a: pharaoh's curse|Tyranitar-Mega, L50, M|100/100
|switch|p1a: Tyranitar|Tyranitar-Mega, L50, F|100/100
|turn|5
|
|t:|1785222368
|switch|p1a: Farigiraf|Farigiraf, L50, F|100/100
|-formechange|p1b: Aegislash|Aegislash-Blade|
|move|p1b: Aegislash|Iron Head|p2b: Her
|-damage|p2b: Her|13/100
|move|p2a: pharaoh's curse|Crunch|p1b: Aegislash
|-supereffective|p1b: Aegislash|1
|-damage|p1b: Aegislash|0 fnt
|faint|p1b: Aegislash
|move|p2b: Her|Brick Break|p1a: Farigiraf
|-damage|p1a: Farigiraf|86/100
|
|-weather|none
|upkeep
|
|t:|1785222381
|switch|p1b: Tyranitar|Tyranitar-Mega, L50, F|100/100
|-weather|Sandstorm|[from] ability: Sand Stream|[of] p1b: Tyranitar
|turn|6
|
|t:|1785222453
|move|p1a: Farigiraf|Helping Hand|p1b: Tyranitar
|-singleturn|p1b: Tyranitar|Helping Hand|[of] p1a: Farigiraf
|move|p2a: pharaoh's curse|Protect|p2a: pharaoh's curse
|-singleturn|p2a: pharaoh's curse|Protect
|move|p1b: Tyranitar|Rock Slide|p2a: pharaoh's curse|[spread] p2b
|-activate|p2a: pharaoh's curse|move: Protect
|-resisted|p2b: Her|1
|-damage|p2b: Her|0 fnt
|faint|p2b: Her
|
|-weather|Sandstorm|[upkeep]
|-damage|p1a: Farigiraf|80/100|[from] Sandstorm
|upkeep
|turn|7
|
|t:|1785222470
|move|p1a: Farigiraf|Helping Hand|p1b: Tyranitar
|-singleturn|p1b: Tyranitar|Helping Hand|[of] p1a: Farigiraf
|move|p2a: pharaoh's curse|Crunch|p1a: Farigiraf
|-supereffective|p1a: Farigiraf|1
|-damage|p1a: Farigiraf|11/100
|-enditem|p1a: Farigiraf|Sitrus Berry|[eat]
|-heal|p1a: Farigiraf|35/100|[from] item: Sitrus Berry
|move|p1b: Tyranitar|Rock Slide|p2a: pharaoh's curse
|-damage|p2a: pharaoh's curse|59/100
|
|-weather|Sandstorm|[upkeep]
|-damage|p1a: Farigiraf|29/100|[from] Sandstorm
|-fieldend|move: Trick Room
|upkeep
|turn|8
|
|t:|1785222485
|move|p1a: Farigiraf|Helping Hand|p1b: Tyranitar
|-singleturn|p1b: Tyranitar|Helping Hand|[of] p1a: Farigiraf
|move|p2a: pharaoh's curse|Brick Break|p1b: Tyranitar
|-supereffective|p1b: Tyranitar|2
|-damage|p1b: Tyranitar|20/100y
|move|p1b: Tyranitar|Rock Slide|p2a: pharaoh's curse
|-damage|p2a: pharaoh's curse|22/100
|
|-weather|Sandstorm|[upkeep]
|-damage|p1a: Farigiraf|23/100|[from] Sandstorm
|upkeep
|turn|9
|
|t:|1785222507
|move|p1a: Farigiraf|Helping Hand|p1b: Tyranitar
|-singleturn|p1b: Tyranitar|Helping Hand|[of] p1a: Farigiraf
|move|p2a: pharaoh's curse|Protect|p2a: pharaoh's curse
|-singleturn|p2a: pharaoh's curse|Protect
|move|p1b: Tyranitar|Rock Slide|p2a: pharaoh's curse
|-activate|p2a: pharaoh's curse|move: Protect
|
|-weather|Sandstorm|[upkeep]
|-damage|p1a: Farigiraf|17/100|[from] Sandstorm
|upkeep
|turn|10
|
|t:|1785222525
|move|p1a: Farigiraf|Helping Hand|p1b: Tyranitar
|-singleturn|p1b: Tyranitar|Helping Hand|[of] p1a: Farigiraf
|move|p2a: pharaoh's curse|Brick Break|p1b: Tyranitar
|-supereffective|p1b: Tyranitar|2
|-damage|p1b: Tyranitar|0 fnt
|faint|p1b: Tyranitar
|
|-weather|none
|upkeep
|turn|11
|
|t:|1785222535
|move|p2a: pharaoh's curse|Crunch|p1a: Farigiraf
|-supereffective|p1a: Farigiraf|1
|-damage|p1a: Farigiraf|0 fnt
|faint|p1a: Farigiraf
|
|win|ShikikanV
|l|☆Radlars
|player|p1|
|j|☆Radlars
|player|p1|Radlars|170|
|l|☆Radlars
|player|p1|
|j|☆Radlars
|player|p1|Radlars|170|
|l|☆Radlars
|player|p1|
|j|☆Radlars
|player|p1|Radlars|170|
|l|☆Radlars
|player|p1|
|j|☆Radlars
|player|p1|Radlars|170|
