|j|☆Chavo666
|j|☆Ossi1590
|html|Chavo666Ossi1590    
|uhtml|bestof|Game 2 of a best-of-3
|t:|1783505553
|gametype|doubles
|player|p1|Chavo666|steven|1216
|player|p2|Ossi1590|colress|1316
|gen|9
|tier|[Gen 9 Champions] VGC 2026 Reg M-B (Bo3)
|rated|
|rule|Species Clause: Limit one of each Pokémon
|rule|Item Clause: Limit 1 of each item
|clearpoke
|poke|p1|Malamar, L50, F|
|poke|p1|Whimsicott, L50, F|
|poke|p1|Sinistcha, L50|
|poke|p1|Gholdengo, L50|
|poke|p1|Charizard, L50, F|
|poke|p1|Garchomp, L50, M|
|poke|p2|Raichu, L50, F|
|poke|p2|Mawile, L50, M|
|poke|p2|Sinistcha, L50|
|poke|p2|Ceruledge, L50, F|
|poke|p2|Milotic, L50, M|
|poke|p2|Incineroar, L50, M|
|teampreview|4
|showteam|p1|Malamar||Malamarite|Contrary|KnockOff,PsychoCut,Superpower,Protect|Jolly||F|||50|]Whimsicott||FocusSash|Prankster|Moonblast,Tailwind,FakeTears,Charm|Calm||F|||50|]Sinistcha||ColburBerry|Hospitality|MatchaGotcha,ShadowBall,RagePowder,LifeDew|Bold|||||50|]Gholdengo||LifeOrb|GoodasGold|MakeItRain,ShadowBall,Protect,Thunderbolt|Modest|||||50|]Charizard||CharizarditeY|Blaze|HeatWave,AirSlash,Protect,SolarBeam|Timid||F|||50|]Garchomp||HabanBerry|RoughSkin|DragonClaw,Earthquake,RockSlide,SwordsDance|Jolly||M|||50|
|showteam|p2|Raichu||RaichuniteY|LightningRod|ZapCannon,FocusBlast,FakeOut,Protect|Timid||F|||50|]Mawile||Mawilite|HyperCutter|PlayRough,SuckerPunch,SwordsDance,Protect|Adamant||M|||50|]Sinistcha||KasibBerry|Hospitality|MatchaGotcha,LifeDew,RagePowder,Protect|Relaxed|||||50|]Ceruledge||ColburBerry|FlashFire|BitterBlade,ShadowSneak,BulkUp,Protect|Adamant||F|||50|]Milotic||Leftovers|Competitive|MuddyWater,Coil,Hypnosis,Protect|Calm||M|||50|]Incineroar||SitrusBerry|Intimidate|FlareBlitz,ThroatChop,FakeOut,PartingShot|Impish||M|||50|
|
|t:|1783505578
|teamsize|p1|4
|teamsize|p2|4
|start
|switch|p1a: Whimsicott|Whimsicott, L50, F|100/100
|switch|p1b: Gholdengo|Gholdengo, L50|100/100
|switch|p2a: Mawile|Mawile, L50, M|100/100
|switch|p2b: Milotic|Milotic, L50, M|100/100
|turn|1
|
|t:|1783505596
|detailschange|p2a: Mawile|Mawile-Mega, L50, M
|-mega|p2a: Mawile|Mawile|Mawilite
|move|p1b: Gholdengo|Protect|p1b: Gholdengo
|-singleturn|p1b: Gholdengo|Protect
|move|p1a: Whimsicott|Charm|p2a: Mawile
|-unboost|p2a: Mawile|atk|2
|move|p2b: Milotic|Coil|p2b: Milotic
|-boost|p2b: Milotic|atk|1
|-boost|p2b: Milotic|def|1
|-boost|p2b: Milotic|accuracy|1
|move|p2a: Mawile|Swords Dance|p2a: Mawile
|-boost|p2a: Mawile|atk|2
|
|upkeep
|turn|2
|
|t:|1783505619
|move|p2a: Mawile|Protect|p2a: Mawile
|-singleturn|p2a: Mawile|Protect
|move|p1a: Whimsicott|Charm|p2a: Mawile
|-activate|p2a: Mawile|move: Protect
|move|p1b: Gholdengo|Make It Rain|p2a: Mawile|[spread] p2b
|-activate|p2a: Mawile|move: Protect
|-resisted|p2b: Milotic|1
|-damage|p2b: Milotic|78/100
|-unboost|p1b: Gholdengo|spa|2
|-damage|p1b: Gholdengo|90/100|[from] item: Life Orb
|move|p2b: Milotic|Hypnosis|p1a: Whimsicott
|-status|p1a: Whimsicott|slp|[from] move: Hypnosis
|
|-heal|p2b: Milotic|84/100|[from] item: Leftovers
|upkeep
|turn|3
|
|t:|1783505635
|switch|p1b: Garchomp|Garchomp, L50, M|100/100
|cant|p1a: Whimsicott|slp
|move|p2b: Milotic|Coil|p2b: Milotic
|-boost|p2b: Milotic|atk|1
|-boost|p2b: Milotic|def|1
|-boost|p2b: Milotic|accuracy|1
|move|p2a: Mawile|Swords Dance|p2a: Mawile
|-boost|p2a: Mawile|atk|2
|
|-heal|p2b: Milotic|90/100|[from] item: Leftovers
|upkeep
|turn|4
|
|t:|1783505646
|move|p2a: Mawile|Protect|p2a: Mawile
|-singleturn|p2a: Mawile|Protect
|-curestatus|p1a: Whimsicott|slp|[msg]
|move|p1a: Whimsicott|Charm|p2a: Mawile
|-activate|p2a: Mawile|move: Protect
|move|p1b: Garchomp|Earthquake|p2a: Mawile|[spread] p1a,p2b
|-activate|p2a: Mawile|move: Protect
|-resisted|p1a: Whimsicott|1
|-damage|p1a: Whimsicott|76/100
|-damage|p2b: Milotic|72/100
|move|p2b: Milotic|Hypnosis|p1b: Garchomp
|-status|p1b: Garchomp|slp|[from] move: Hypnosis
|
|-heal|p2b: Milotic|78/100|[from] item: Leftovers
|upkeep
|turn|5
|
|t:|1783505655
|switch|p1b: Gholdengo|Gholdengo, L50|90/100
|move|p1a: Whimsicott|Charm|p2a: Mawile
|-unboost|p2a: Mawile|atk|2
|move|p2b: Milotic|Hypnosis|p1a: Whimsicott
|-status|p1a: Whimsicott|slp|[from] move: Hypnosis
|move|p2a: Mawile|Swords Dance|p2a: Mawile
|-boost|p2a: Mawile|atk|2
|
|-heal|p2b: Milotic|84/100|[from] item: Leftovers
|upkeep
|turn|6
|
|t:|1783505670
|cant|p1a: Whimsicott|slp
|move|p1b: Gholdengo|Thunderbolt|p2b: Milotic
|-supereffective|p2b: Milotic|1
|-damage|p2b: Milotic|24/100
|-damage|p1b: Gholdengo|80/100|[from] item: Life Orb
|move|p2b: Milotic|Muddy Water|p1a: Whimsicott|[spread] p1a,p1b
|-resisted|p1a: Whimsicott|1
|-damage|p1a: Whimsicott|65/100 slp
|-damage|p1b: Gholdengo|53/100
|move|p2a: Mawile|Play Rough|p1a: Whimsicott
|-damage|p1a: Whimsicott|0 fnt
|faint|p1a: Whimsicott
|
|-heal|p2b: Milotic|30/100|[from] item: Leftovers
|upkeep
|
|t:|1783505680
|switch|p1a: Charizard|Charizard, L50, F|100/100
|turn|7
|
|t:|1783505690
|detailschange|p1a: Charizard|Charizard-Mega-Y, L50, F
|-mega|p1a: Charizard|Charizard|Charizardite Y
|-weather|SunnyDay|[from] ability: Drought|[of] p1a: Charizard
|move|p1b: Gholdengo|Protect|p1b: Gholdengo
|-singleturn|p1b: Gholdengo|Protect
|move|p2a: Mawile|Protect|p2a: Mawile
|-singleturn|p2a: Mawile|Protect
|move|p1a: Charizard|Solar Beam||[still]
|-prepare|p1a: Charizard|Solar Beam
|-anim|p1a: Charizard|Solar Beam|p2b: Milotic
|-supereffective|p2b: Milotic|1
|-damage|p2b: Milotic|0 fnt
|faint|p2b: Milotic
|
|-weather|SunnyDay|[upkeep]
|upkeep
|
|t:|1783505703
|switch|p2b: Ceruledge|Ceruledge, L50, F|100/100
|turn|8
|
|t:|1783505716
|move|p1b: Gholdengo|Protect||[still]
|-fail|p1b: Gholdengo
|move|p2a: Mawile|Sucker Punch|p1a: Charizard
|-damage|p1a: Charizard|0 fnt
|faint|p1a: Charizard
|move|p2b: Ceruledge|Bulk Up|p2b: Ceruledge
|-boost|p2b: Ceruledge|atk|1
|-boost|p2b: Ceruledge|def|1
|
|-weather|SunnyDay|[upkeep]
|upkeep
|
|t:|1783505724
|switch|p1a: Garchomp|Garchomp, L50, M|100/100 slp
|turn|9
|
|t:|1783505729
|move|p2b: Ceruledge|Shadow Sneak|p1b: Gholdengo
|-supereffective|p1b: Gholdengo|1
|-damage|p1b: Gholdengo|0 fnt
|faint|p1b: Gholdengo
|cant|p1a: Garchomp|slp
|move|p2a: Mawile|Play Rough|p1a: Garchomp
|-supereffective|p1a: Garchomp|1
|-damage|p1a: Garchomp|0 fnt
|-damage|p2a: Mawile|87/100|[from] ability: Rough Skin|[of] p1a: Garchomp
|faint|p1a: Garchomp
|
|win|Ossi1590
||Chavo666 is ready for game 3.
|inactive|Ossi1590 has 30 seconds to confirm battle start!
|inactive|Ossi1590 has 20 seconds to confirm battle start!
