|j|☆SitrusC
|j|☆magicalarcher57
|html|SitrusCmagicalarcher57    
|uhtml|bestof|Game 3 of a best-of-3
|t:|1783516696
|gametype|doubles
|player|p1|SitrusC|lucas|
|player|p2|magicalarcher57|diantha|
|gen|9
|tier|[Gen 9 Champions] VGC 2026 Reg M-B (Bo3)
|rule|Species Clause: Limit one of each Pokémon
|rule|Item Clause: Limit 1 of each item
|clearpoke
|poke|p1|Charizard, L50, F, shiny|
|poke|p1|Garchomp, L50, M|
|poke|p1|Kingambit, L50, M|
|poke|p1|Aerodactyl, L50, M|
|poke|p1|Sylveon, L50, M|
|poke|p1|Farigiraf, L50, M|
|poke|p2|Delphox, L50, M|
|poke|p2|Incineroar, L50, F|
|poke|p2|Maushold-Four, L50|
|poke|p2|Sinistcha, L50|
|poke|p2|Sneasler, L50, M|
|poke|p2|Blastoise, L50, F|
|teampreview|4
|showteam|p1|Charizard||CharizarditeY|Blaze|Protect,HeatWave,SolarBeam,WeatherBall|Modest||F|||50|]Garchomp||LifeOrb|RoughSkin|Protect,Earthquake,DragonClaw,StompingTantrum|Jolly||M|||50|]Kingambit||FocusSash|Defiant|LowKick,IronHead,SuckerPunch,KowtowCleave|Adamant||M|||50|]Aerodactyl||Aerodactylite|Unnerve|Tailwind,IceFang,RockSlide,WideGuard|Jolly||M|||50|]Sylveon||FairyFeather|Pixilate|Protect,HyperVoice,HyperBeam,QuickAttack|Modest||M|||50|]Farigiraf||SitrusBerry|ArmorTail|TrickRoom,TwinBeam,Thunderbolt,HelpingHand|Bold||M|||50|
|showteam|p2|Delphox||Delphoxite|Blaze|HeatWave,Psychic,NastyPlot,Protect|Timid||M|||50|]Incineroar||SitrusBerry|Intimidate|FakeOut,PartingShot,FlareBlitz,ThroatChop|Impish||F|||50|]Maushold-Four||ChopleBerry|FriendGuard|Feint,HelpingHand,Protect,FollowMe|Impish|||||50|]Sinistcha||KasibBerry|Hospitality|Protect,MatchaGotcha,LifeDew,RagePowder|Bold|||||50|]Sneasler||FocusSash|PoisonTouch|CloseCombat,DireClaw,QuickGuard,FakeOut|Adamant||M|||50|]Blastoise||Blastoisinite|RainDish|Protect,WaterSpout,DarkPulse,ShellSmash|Modest||F|||50|
|inactive|Battle timer is ON: inactive players will automatically lose when time's up. (requested by magicalarcher57)
|inactive|SitrusC also wants the timer to be on.
|c|☆SitrusC|Glhf
|c|☆magicalarcher57|glhf
|c|☆magicalarcher57|now u know feint breaks ig lol
|c|☆magicalarcher57|good to know
|inactive|SitrusC has 60 seconds left.
|inactive|magicalarcher57 has 60 seconds left.
|inactive|SitrusC has 30 seconds left.
|inactive|SitrusC has 20 seconds left.
|
|t:|1783516770
|teamsize|p1|4
|teamsize|p2|4
|start
|switch|p1a: Kingambit|Kingambit, L50, M|100/100
|switch|p1b: Farigiraf|Farigiraf, L50, M|100/100
|switch|p2a: Blastoise|Blastoise, L50, F|100/100
|switch|p2b: Maushold|Maushold-Four, L50|100/100
|turn|1
|inactive|SitrusC has 30 seconds left.
|inactive|magicalarcher57 has 30 seconds left.
|inactive|SitrusC has 20 seconds left.
|inactive|magicalarcher57 has 20 seconds left.
|inactive|SitrusC has 15 seconds left.
|inactive|SitrusC has 10 seconds left.
|
|t:|1783516817
|detailschange|p2a: Blastoise|Blastoise-Mega, L50, F
|-mega|p2a: Blastoise|Blastoise|Blastoisinite
|move|p2b: Maushold|Helping Hand|p2a: Blastoise
|-singleturn|p2a: Blastoise|Helping Hand|[of] p2b: Maushold
|move|p2a: Blastoise|Water Spout|p1a: Kingambit|[spread] p1a,p1b
|-enditem|p1a: Kingambit|Focus Sash
|-damage|p1a: Kingambit|1/100
|-damage|p1b: Farigiraf|16/100
|-enditem|p1b: Farigiraf|Sitrus Berry|[eat]
|-heal|p1b: Farigiraf|41/100|[from] item: Sitrus Berry
|move|p1a: Kingambit|Kowtow Cleave|p2b: Maushold
|-damage|p2b: Maushold|54/100
|move|p1b: Farigiraf|Thunderbolt|p2a: Blastoise
|-supereffective|p2a: Blastoise|1
|-damage|p2a: Blastoise|63/100
|
|upkeep
|turn|2
|inactive|SitrusC has 30 seconds left.
|
|t:|1783516848
|move|p2b: Maushold|Follow Me|p2b: Maushold
|-singleturn|p2b: Maushold|move: Follow Me
|move|p1a: Kingambit|Sucker Punch||[still]
|-fail|p1a: Kingambit
|move|p2a: Blastoise|Dark Pulse|p1b: Farigiraf
|-supereffective|p1b: Farigiraf|1
|-damage|p1b: Farigiraf|0 fnt
|faint|p1b: Farigiraf
|
|upkeep
|
|t:|1783516859
|switch|p1b: Sylveon|Sylveon, L50, M|100/100
|turn|3
|
|t:|1783516876
|switch|p2b: Sinistcha|Sinistcha, L50|100/100
|-heal|p2a: Blastoise|88/100|[from] ability: Hospitality|[of] p2b: Sinistcha
|move|p2a: Blastoise|Protect|p2a: Blastoise
|-singleturn|p2a: Blastoise|Protect
|move|p1a: Kingambit|Kowtow Cleave|p2a: Blastoise
|-activate|p2a: Blastoise|move: Protect
|move|p1b: Sylveon|Hyper Voice|p2b: Sinistcha|[spread] p2b
|-activate|p2a: Blastoise|move: Protect
|-damage|p2b: Sinistcha|47/100
|
|upkeep
|turn|4
|
|t:|1783516899
|move|p2b: Sinistcha|Rage Powder|p2b: Sinistcha
|-singleturn|p2b: Sinistcha|move: Rage Powder
|move|p2a: Blastoise|Water Spout|p1b: Sylveon|[spread] p1a,p1b
|-damage|p1a: Kingambit|0 fnt
|-damage|p1b: Sylveon|54/100
|faint|p1a: Kingambit
|move|p1b: Sylveon|Hyper Voice|p2b: Sinistcha|[spread] p2a,p2b
|-crit|p2b: Sinistcha
|-damage|p2a: Blastoise|36/100
|-damage|p2b: Sinistcha|0 fnt
|faint|p2b: Sinistcha
|
|upkeep
|
|t:|1783516911
|switch|p1a: Aerodactyl|Aerodactyl, L50, M|100/100
|switch|p2b: Sneasler|Sneasler, L50, M|100/100
|-ability|p1a: Aerodactyl|Unnerve
|turn|5
|inactive|magicalarcher57 has 30 seconds left.
|
|t:|1783516938
|switch|p2b: Maushold|Maushold-Four, L50|54/100
|detailschange|p1a: Aerodactyl|Aerodactyl-Mega, L50, M
|-mega|p1a: Aerodactyl|Aerodactyl|Aerodactylite
|move|p1a: Aerodactyl|Tailwind|p1a: Aerodactyl
|-sidestart|p1: SitrusC|move: Tailwind
|move|p1b: Sylveon|Hyper Voice|p2a: Blastoise|[spread] p2a,p2b
|-damage|p2a: Blastoise|0 fnt
|-damage|p2b: Maushold|0 fnt
|faint|p2a: Blastoise
|faint|p2b: Maushold
|
|upkeep
|
|t:|1783516950
|switch|p2a: Sneasler|Sneasler, L50, M|100/100
|turn|6
|
|t:|1783516957
|move|p1a: Aerodactyl|Ice Fang|p2a: Sneasler
|-damage|p2a: Sneasler|47/100
|move|p1b: Sylveon|Hyper Voice|p2a: Sneasler
|-damage|p2a: Sneasler|0 fnt
|faint|p2a: Sneasler
|
|win|SitrusC
