|j|☆d1mo22
|j|☆VGCPancakes
|html|d1mo22VGCPancakes    
|uhtml|bestof|Game 3 of a best-of-3
|t:|1785515248
|gametype|doubles
|player|p1|d1mo22|169|1217
|player|p2|VGCPancakes|2|1330
|gen|9
|tier|[Gen 9 Champions] VGC 2026 Reg M-B (Bo3)
|rated|
|rule|Species Clause: Limit one of each Pokémon
|rule|Item Clause: Limit 1 of each item
|clearpoke
|poke|p1|Pelipper, L50, M|
|poke|p1|Swampert, L50, F|
|poke|p1|Archaludon, L50, F|
|poke|p1|Grimmsnarl, L50, M, shiny|
|poke|p1|Venusaur, L50, F|
|poke|p1|Charizard, L50, F, shiny|
|poke|p2|Tyranitar, L50, M|
|poke|p2|Floette-Eternal, L50, F|
|poke|p2|Garchomp, L50, M|
|poke|p2|Sinistcha, L50|
|poke|p2|Incineroar, L50, F|
|poke|p2|Corviknight, L50, F|
|teampreview|4
|showteam|p1|Pelipper||SitrusBerry|Drizzle|WeatherBall,Hurricane,Tailwind,WideGuard|Modest||M|||50|]Swampert||Swampertite|Torrent|WaveCrash,Earthquake,IcePunch,Protect|Adamant||F|||50|]Archaludon||Leftovers|Stamina|ElectroShot,FlashCannon,DragonPulse,Protect|Modest||F|||50|]Grimmsnarl||LightClay|Prankster|Reflect,LightScreen,PartingShot,SpiritBreak|Sassy||M|||50|]Venusaur||LifeOrb|Overgrow|SleepPowder,SludgeBomb,EarthPower,Protect|Modest||F|||50|]Charizard||CharizarditeY|Blaze|WeatherBall,HeatWave,SolarBeam,Protect|Modest||F|||50|
|showteam|p2|Tyranitar||Tyranitarite|SandStream|Protect,RockSlide,KnockOff,LowKick|Adamant||M|||50|]Floette-Eternal||Floettite|FlowerVeil|Protect,CalmMind,DrainingKiss,DazzlingGleam|Modest||F|||50|]Garchomp||ChoiceScarf|RoughSkin|DragonClaw,RockSlide,RockTomb,StompingTantrum|Adamant||M|||50|]Sinistcha||ColburBerry|Hospitality|MatchaGotcha,TrickRoom,RagePowder,LifeDew|Quiet|||||50|]Incineroar||SitrusBerry|Intimidate|FakeOut,FlareBlitz,Taunt,PartingShot|Adamant||F|||50|]Corviknight||Leftovers|MirrorArmor|Tailwind,IronHead,BulkUp,Protect|Careful||F|||50|
|inactive|Battle timer is ON: inactive players will automatically lose when time's up. (requested by d1mo22)
|inactive|d1mo22 has 60 seconds left.
|
|t:|1785515280
|teamsize|p1|4
|teamsize|p2|4
|start
|switch|p1a: Grimmsnarl|Grimmsnarl, L50, M, shiny|100/100
|switch|p1b: Archaludon|Archaludon, L50, F|100/100
|switch|p2a: Floette|Floette-Eternal, L50, F|100/100
|switch|p2b: Incineroar|Incineroar, L50, F|100/100
|-ability|p2b: Incineroar|Intimidate|boost
|-unboost|p1a: Grimmsnarl|atk|1
|-unboost|p1b: Archaludon|atk|1
|turn|1
|
|t:|1785515292
|detailschange|p2a: Floette|Floette-Mega, L50, F
|-mega|p2a: Floette|Floette|Floettite
|-ability|p2a: Floette|Fairy Aura
|move|p2b: Incineroar|Fake Out|p1a: Grimmsnarl
|-damage|p1a: Grimmsnarl|88/100
|cant|p1a: Grimmsnarl|flinch
|move|p2a: Floette|Calm Mind|p2a: Floette
|-boost|p2a: Floette|spa|1
|-boost|p2a: Floette|spd|1
|move|p1b: Archaludon|Flash Cannon|p2a: Floette
|-supereffective|p2a: Floette|1
|-damage|p2a: Floette|61/100
|
|upkeep
|turn|2
|
|t:|1785515307
|move|p2a: Floette|Protect|p2a: Floette
|-singleturn|p2a: Floette|Protect
|move|p1a: Grimmsnarl|Parting Shot|p2a: Floette
|-activate|p2a: Floette|move: Protect
|move|p1b: Archaludon|Dragon Pulse|p2b: Incineroar
|-damage|p2b: Incineroar|66/100
|move|p2b: Incineroar|Parting Shot|p1b: Archaludon
|-unboost|p1b: Archaludon|atk|1
|-unboost|p1b: Archaludon|spa|1
|
|t:|1785515318
|switch|p2b: Sinistcha|Sinistcha, L50|100/100|[from] Parting Shot
|-heal|p2a: Floette|86/100|[from] ability: Hospitality|[of] p2b: Sinistcha
|
|upkeep
|turn|3
|
|t:|1785515330
|move|p2b: Sinistcha|Rage Powder|p2b: Sinistcha
|-singleturn|p2b: Sinistcha|move: Rage Powder
|move|p1a: Grimmsnarl|Light Screen|p1a: Grimmsnarl
|-sidestart|p1: d1mo22|move: Light Screen
|move|p2a: Floette|Dazzling Gleam|p1a: Grimmsnarl|[spread] p1a,p1b
|-supereffective|p1a: Grimmsnarl|1
|-crit|p1a: Grimmsnarl
|-damage|p1a: Grimmsnarl|0 fnt
|-damage|p1b: Archaludon|56/100
|-ability|p1b: Archaludon|Stamina|boost
|-boost|p1b: Archaludon|def|1
|faint|p1a: Grimmsnarl
|move|p1b: Archaludon|Electro Shot||[still]
|-prepare|p1b: Archaludon|Electro Shot
|-boost|p1b: Archaludon|spa|1
|
|-heal|p1b: Archaludon|62/100|[from] item: Leftovers
|upkeep
|
|t:|1785515336
|switch|p1a: Pelipper|Pelipper, L50, M|100/100
|-weather|RainDance|[from] ability: Drizzle|[of] p1a: Pelipper
|turn|4
|
|t:|1785515345
|switch|p2b: Tyranitar|Tyranitar, L50, M|100/100
|-weather|Sandstorm|[from] ability: Sand Stream|[of] p2b: Tyranitar
|move|p2a: Floette|Protect|p2a: Floette
|-singleturn|p2a: Floette|Protect
|move|p1b: Archaludon|Electro Shot|p2b: Tyranitar|[from] lockedmove
|-damage|p2b: Tyranitar|76/100
|move|p1a: Pelipper|Tailwind|p1a: Pelipper
|-sidestart|p1: d1mo22|move: Tailwind
|
|-weather|Sandstorm|[upkeep]
|-damage|p1a: Pelipper|93/100|[from] Sandstorm
|-damage|p2a: Floette|80/100|[from] Sandstorm
|-heal|p1b: Archaludon|68/100|[from] item: Leftovers
|upkeep
|turn|5
|
|t:|1785515368
|switch|p2b: Sinistcha|Sinistcha, L50|100/100
|-heal|p2a: Floette|100/100|[from] ability: Hospitality|[of] p2b: Sinistcha
|move|p1b: Archaludon|Flash Cannon|p2a: Floette
|-supereffective|p2a: Floette|1
|-damage|p2a: Floette|61/100
|move|p1a: Pelipper|Hurricane|p2a: Floette
|-damage|p2a: Floette|42/100
|move|p2a: Floette|Draining Kiss|p1b: Archaludon
|-damage|p1b: Archaludon|31/100
|-heal|p2a: Floette|76/100|[from] drain|[of] p1b: Archaludon
|-ability|p1b: Archaludon|Stamina|boost
|-boost|p1b: Archaludon|def|1
|
|-weather|Sandstorm|[upkeep]
|-damage|p1a: Pelipper|87/100|[from] Sandstorm
|-damage|p2a: Floette|70/100|[from] Sandstorm
|-damage|p2b: Sinistcha|93/100|[from] Sandstorm
|-heal|p1b: Archaludon|37/100|[from] item: Leftovers
|upkeep
|turn|6
|inactive|VGCPancakes has 30 seconds left.
|
|t:|1785515398
|move|p1b: Archaludon|Protect|p1b: Archaludon
|-singleturn|p1b: Archaludon|Protect
|move|p2b: Sinistcha|Rage Powder|p2b: Sinistcha
|-singleturn|p2b: Sinistcha|move: Rage Powder
|move|p1a: Pelipper|Hurricane|p2b: Sinistcha|[miss]
|-miss|p1a: Pelipper|p2b: Sinistcha
|move|p2a: Floette|Draining Kiss|p1b: Archaludon
|-activate|p1b: Archaludon|move: Protect
|
|-weather|Sandstorm|[upkeep]
|-damage|p1a: Pelipper|81/100|[from] Sandstorm
|-damage|p2a: Floette|64/100|[from] Sandstorm
|-damage|p2b: Sinistcha|87/100|[from] Sandstorm
|-heal|p1b: Archaludon|43/100|[from] item: Leftovers
|upkeep
|turn|7
|
|t:|1785515412
|switch|p1a: Swampert|Swampert, L50, F|100/100
|move|p2b: Sinistcha|Rage Powder|p2b: Sinistcha
|-singleturn|p2b: Sinistcha|move: Rage Powder
|move|p1b: Archaludon|Flash Cannon|p2b: Sinistcha
|-damage|p2b: Sinistcha|51/100
|move|p2a: Floette|Draining Kiss|p1b: Archaludon
|-crit|p1b: Archaludon
|-damage|p1b: Archaludon|0 fnt
|-heal|p2a: Floette|100/100|[from] drain|[of] p1b: Archaludon
|faint|p1b: Archaludon
|
|-weather|Sandstorm|[upkeep]
|-damage|p2a: Floette|93/100|[from] Sandstorm
|-damage|p2b: Sinistcha|45/100|[from] Sandstorm
|-sideend|p1: d1mo22|move: Tailwind
|upkeep
|
|t:|1785515414
|switch|p1b: Pelipper|Pelipper, L50, M|81/100
|-weather|RainDance|[from] ability: Drizzle|[of] p1b: Pelipper
|turn|8
|
|t:|1785515443
|switch|p2b: Tyranitar|Tyranitar, L50, M|76/100
|-weather|Sandstorm|[from] ability: Sand Stream|[of] p2b: Tyranitar
|detailschange|p1a: Swampert|Swampert-Mega, L50, F
|-mega|p1a: Swampert|Swampert|Swampertite
|move|p2a: Floette|Draining Kiss|p1a: Swampert
|-damage|p1a: Swampert|66/100
|-heal|p2a: Floette|100/100|[from] drain|[of] p1a: Swampert
|move|p1a: Swampert|Earthquake|p2b: Tyranitar|[spread] p2a,p2b
|-immune|p1b: Pelipper
|-supereffective|p2b: Tyranitar|1
|-damage|p2a: Floette|51/100
|-damage|p2b: Tyranitar|4/100
|move|p1b: Pelipper|Tailwind|p1b: Pelipper
|-sidestart|p1: d1mo22|move: Tailwind
|
|-weather|Sandstorm|[upkeep]
|-damage|p1b: Pelipper|75/100|[from] Sandstorm
|-damage|p2a: Floette|45/100|[from] Sandstorm
|upkeep
|turn|9
|
|t:|1785515459
|move|p2a: Floette|Protect|p2a: Floette
|-singleturn|p2a: Floette|Protect
|move|p1a: Swampert|Earthquake|p2b: Tyranitar|[spread] p2b
|-activate|p2a: Floette|move: Protect
|-immune|p1b: Pelipper
|-supereffective|p2b: Tyranitar|1
|-damage|p2b: Tyranitar|0 fnt
|faint|p2b: Tyranitar
|move|p1b: Pelipper|Weather Ball|p2a: Floette
|-activate|p2a: Floette|move: Protect
|
|-weather|Sandstorm|[upkeep]
|-damage|p1b: Pelipper|69/100|[from] Sandstorm
|-damage|p2a: Floette|38/100|[from] Sandstorm
|upkeep
|
|t:|1785515464
|switch|p2b: Sinistcha|Sinistcha, L50|45/100
|-heal|p2a: Floette|63/100|[from] ability: Hospitality|[of] p2b: Sinistcha
|turn|10
|
|t:|1785515477
|move|p1a: Swampert|Ice Punch|p2b: Sinistcha
|-supereffective|p2b: Sinistcha|1
|-damage|p2b: Sinistcha|0 fnt
|faint|p2b: Sinistcha
|move|p1b: Pelipper|Weather Ball|p2a: Floette
|-crit|p2a: Floette
|-damage|p2a: Floette|34/100
|move|p2a: Floette|Draining Kiss|p1b: Pelipper
|-damage|p1b: Pelipper|24/100
|-heal|p2a: Floette|69/100|[from] drain|[of] p1b: Pelipper
|-enditem|p1b: Pelipper|Sitrus Berry|[eat]
|-heal|p1b: Pelipper|49/100|[from] item: Sitrus Berry
|
|-weather|Sandstorm|[upkeep]
|-damage|p1b: Pelipper|43/100|[from] Sandstorm
|-damage|p2a: Floette|63/100|[from] Sandstorm
|-sideend|p1: d1mo22|move: Light Screen
|upkeep
|
|t:|1785515481
|switch|p2b: Incineroar|Incineroar, L50, F|66/100
|-ability|p2b: Incineroar|Intimidate|boost
|-unboost|p1a: Swampert|atk|1
|-unboost|p1b: Pelipper|atk|1
|turn|11
|
|t:|1785515495
|move|p2b: Incineroar|Fake Out|p1a: Swampert
|-damage|p1a: Swampert|57/100
|cant|p1a: Swampert|flinch
|move|p1b: Pelipper|Hurricane|p2a: Floette
|-damage|p2a: Floette|41/100
|move|p2a: Floette|Draining Kiss|p1b: Pelipper
|-damage|p1b: Pelipper|0 fnt
|-heal|p2a: Floette|75/100|[from] drain|[of] p1b: Pelipper
|faint|p1b: Pelipper
|
|-weather|Sandstorm|[upkeep]
|-damage|p2a: Floette|69/100|[from] Sandstorm
|-damage|p2b: Incineroar|60/100|[from] Sandstorm
|-sideend|p1: d1mo22|move: Tailwind
|upkeep
|turn|12
|
|t:|1785515508
|move|p2a: Floette|Draining Kiss|p1a: Swampert
|-damage|p1a: Swampert|4/100
|-heal|p2a: Floette|100/100|[from] drain|[of] p1a: Swampert
|move|p1a: Swampert|Earthquake|p2b: Incineroar|[spread] p2a,p2b
|-supereffective|p2b: Incineroar|1
|-damage|p2a: Floette|64/100
|-damage|p2b: Incineroar|3/100
|-enditem|p2b: Incineroar|Sitrus Berry|[eat]
|-heal|p2b: Incineroar|28/100|[from] item: Sitrus Berry
|move|p2b: Incineroar|Flare Blitz|p1a: Swampert
|-resisted|p1a: Swampert|1
|-damage|p1a: Swampert|0 fnt
|faint|p1a: Swampert
|-damage|p2b: Incineroar|26/100|[from] Recoil
|
|win|VGCPancakes
|raw|d1mo22's rating: 1217 → 1200(-17 for losing)
|raw|VGCPancakes's rating: 1330 → 1344(+14 for winning)
