|j|☆breloomb01
|j|☆VenuDaAscoInRain
|html|breloomb01VenuDaAscoInRain    
|uhtml|bestof|Game 2 of a best-of-3
|t:|1783461447
|gametype|doubles
|player|p1|breloomb01|roughneck|1322
|player|p2|VenuDaAscoInRain|li|1348
|gen|9
|tier|[Gen 9 Champions] VGC 2026 Reg M-B (Bo3)
|rated|
|rule|Species Clause: Limit one of each Pokémon
|rule|Item Clause: Limit 1 of each item
|clearpoke
|poke|p1|Gengar, L50, F, shiny|
|poke|p1|Swampert, L50, M, shiny|
|poke|p1|Incineroar, L50, M, shiny|
|poke|p1|Politoed, L50, F, shiny|
|poke|p1|Archaludon, L50, F, shiny|
|poke|p1|Vivillon-Polar, L50, F|
|poke|p2|Kingambit, L50, F, shiny|
|poke|p2|Charizard, L50, M, shiny|
|poke|p2|Floette-Eternal, L50, F|
|poke|p2|Whimsicott, L50, M|
|poke|p2|Garchomp, L50, F, shiny|
|poke|p2|Basculegion, L50, M|
|teampreview|4
|showteam|p1|Gengar||Gengarite|CursedBody|ShadowBall,PerishSong,SludgeBomb,Protect|Timid||F|||50|]Swampert||Swampertite|Torrent|WaveCrash,Earthquake,IcePunch,Protect|Adamant||M|||50|]Incineroar||PasshoBerry|Intimidate|ThroatChop,PartingShot,FakeOut,Protect|Sassy||M|||50|]Politoed||SitrusBerry|Drizzle|WeatherBall,PerishSong,Encore,Protect|Calm||F|||50|]Archaludon||Leftovers|Stamina|DragonPulse,FlashCannon,ElectroShot,Protect|Bold||F|||50|]Vivillon-Polar||FocusSash|CompoundEyes|Hurricane,SleepPowder,RagePowder,Protect|Timid||F|||50|
|showteam|p2|Kingambit||ChopleBerry|Defiant|KowtowCleave,LowKick,SuckerPunch,Protect|Adamant||F|||50|]Charizard||CharizarditeY|SolarPower|HeatWave,WeatherBall,SolarBeam,Protect|Modest||M|||50|]Floette-Eternal||Floettite|FlowerVeil|Moonblast,DazzlingGleam,LightofRuin,Protect|Timid||F|||50|]Whimsicott||FocusSash|Prankster|Moonblast,Tailwind,Encore,Protect|Timid||M|||50|]Garchomp||LifeOrb|RoughSkin|Earthquake,DragonClaw,RockSlide,Protect|Jolly||F|||50|]Basculegion||MysticWater|Adaptability|WaveCrash,AquaJet,LastRespects,Protect|Adamant||M|||50|
|inactive|Battle timer is ON: inactive players will automatically lose when time's up. (requested by VenuDaAscoInRain)
|
|t:|1783461464
|teamsize|p1|4
|teamsize|p2|4
|start
|switch|p1a: Incineroar|Incineroar, L50, M, shiny|100/100
|switch|p1b: Gengar|Gengar, L50, F, shiny|100/100
|switch|p2a: Whimsicott|Whimsicott, L50, M|100/100
|switch|p2b: Basculegion|Basculegion, L50, M|100/100
|-ability|p1a: Incineroar|Intimidate|boost
|-unboost|p2a: Whimsicott|atk|1
|-unboost|p2b: Basculegion|atk|1
|turn|1
|
|t:|1783461479
|detailschange|p1b: Gengar|Gengar-Mega, L50, F, shiny
|-mega|p1b: Gengar|Gengar|Gengarite
|move|p2a: Whimsicott|Protect|p2a: Whimsicott
|-singleturn|p2a: Whimsicott|Protect
|move|p1a: Incineroar|Fake Out|p2a: Whimsicott
|-activate|p2a: Whimsicott|move: Protect
|move|p1b: Gengar|Shadow Ball|p2b: Basculegion
|-supereffective|p2b: Basculegion|1
|-damage|p2b: Basculegion|0 fnt
|faint|p2b: Basculegion
|
|upkeep
|
|t:|1783461485
|switch|p2b: Garchomp|Garchomp, L50, F, shiny|100/100
|turn|2
|
|t:|1783461489
|switch|p1a: Vivillon|Vivillon-Polar, L50, F|100/100
|move|p1b: Gengar|Protect|p1b: Gengar
|-singleturn|p1b: Gengar|Protect
|move|p2a: Whimsicott|Moonblast|p1a: Vivillon
|-crit|p1a: Vivillon
|-enditem|p1a: Vivillon|Focus Sash
|-damage|p1a: Vivillon|1/100
|move|p2b: Garchomp|Earthquake|p1b: Gengar|[spread] p2a
|-activate|p1b: Gengar|move: Protect
|-immune|p1a: Vivillon
|-resisted|p2a: Whimsicott|1
|-damage|p2a: Whimsicott|62/100
|-damage|p2b: Garchomp|90/100|[from] item: Life Orb
|
|upkeep
|turn|3
|
|t:|1783461504
|switch|p1b: Incineroar|Incineroar, L50, M, shiny|100/100
|-ability|p1b: Incineroar|Intimidate|boost
|-unboost|p2a: Whimsicott|atk|1
|-unboost|p2b: Garchomp|atk|1
|move|p2a: Whimsicott|Encore|p1b: Incineroar
|-hint|Since gen 7, Dark is immune to Prankster moves.
|-immune|p1b: Incineroar
|move|p2b: Garchomp|Rock Slide|p1a: Vivillon|[spread] p1a,p1b
|-supereffective|p1a: Vivillon|2
|-supereffective|p1b: Incineroar|1
|-damage|p1a: Vivillon|0 fnt
|-damage|p1b: Incineroar|70/100
|faint|p1a: Vivillon
|-damage|p2b: Garchomp|80/100|[from] item: Life Orb
|
|upkeep
|
|t:|1783461505
|switch|p1a: Gengar|Gengar-Mega, L50, F, shiny|100/100
|turn|4
|
|t:|1783461511
|move|p2a: Whimsicott|Protect|p2a: Whimsicott
|-singleturn|p2a: Whimsicott|Protect
|move|p2b: Garchomp|Protect|p2b: Garchomp
|-singleturn|p2b: Garchomp|Protect
|move|p1b: Incineroar|Fake Out|p2b: Garchomp
|-activate|p2b: Garchomp|move: Protect
|move|p1a: Gengar|Perish Song|p1a: Gengar
|-start|p1a: Gengar|perish3|[silent]
|-start|p1b: Incineroar|perish3|[silent]
|-start|p2a: Whimsicott|perish3|[silent]
|-start|p2b: Garchomp|perish3|[silent]
|-fieldactivate|move: Perish Song
|
|-start|p2a: Whimsicott|perish3
|-start|p1a: Gengar|perish3
|-start|p2b: Garchomp|perish3
|-start|p1b: Incineroar|perish3
|upkeep
|turn|5
|
|t:|1783461515
|move|p1a: Gengar|Protect|p1a: Gengar
|-singleturn|p1a: Gengar|Protect
|move|p1b: Incineroar|Protect|p1b: Incineroar
|-singleturn|p1b: Incineroar|Protect
|move|p2a: Whimsicott|Encore|p1a: Gengar
|-activate|p1a: Gengar|move: Protect
|move|p2b: Garchomp|Earthquake|p1a: Gengar|[spread] p2a
|-activate|p1a: Gengar|move: Protect
|-activate|p1b: Incineroar|move: Protect
|-resisted|p2a: Whimsicott|1
|-damage|p2a: Whimsicott|37/100
|-damage|p2b: Garchomp|70/100|[from] item: Life Orb
|
|-start|p2a: Whimsicott|perish2
|-start|p1a: Gengar|perish2
|-start|p2b: Garchomp|perish2
|-start|p1b: Incineroar|perish2
|upkeep
|turn|6
|
|t:|1783461528
|switch|p1a: Politoed|Politoed, L50, F, shiny|100/100
|-weather|RainDance|[from] ability: Drizzle|[of] p1a: Politoed
|move|p2a: Whimsicott|Tailwind|p2a: Whimsicott
|-sidestart|p2: VenuDaAscoInRain|move: Tailwind
|move|p2b: Garchomp|Earthquake|p1b: Incineroar|[spread] p2a,p1a,p1b
|-resisted|p2a: Whimsicott|1
|-supereffective|p1b: Incineroar|1
|-damage|p2a: Whimsicott|12/100
|-damage|p1a: Politoed|69/100
|-damage|p1b: Incineroar|8/100
|-damage|p2b: Garchomp|60/100|[from] item: Life Orb
|move|p1b: Incineroar|Parting Shot|p2b: Garchomp
|-unboost|p2b: Garchomp|atk|1
|-unboost|p2b: Garchomp|spa|1
|
|t:|1783461529
|switch|p1b: Gengar|Gengar-Mega, L50, F, shiny|100/100|[from] Parting Shot
|
|-weather|RainDance|[upkeep]
|-start|p2a: Whimsicott|perish1
|-start|p2b: Garchomp|perish1
|upkeep
|turn|7
|
|t:|1783461552
|move|p1b: Gengar|Protect|p1b: Gengar
|-singleturn|p1b: Gengar|Protect
|move|p1a: Politoed|Protect|p1a: Politoed
|-singleturn|p1a: Politoed|Protect
|move|p2a: Whimsicott|Moonblast|p1a: Politoed
|-activate|p1a: Politoed|move: Protect
|move|p2b: Garchomp|Earthquake|p1a: Politoed|[spread] p2a
|-activate|p1a: Politoed|move: Protect
|-activate|p1b: Gengar|move: Protect
|-resisted|p2a: Whimsicott|1
|-damage|p2a: Whimsicott|0 fnt
|faint|p2a: Whimsicott
|-damage|p2b: Garchomp|50/100g|[from] item: Life Orb
|
|-weather|RainDance|[upkeep]
|-start|p2b: Garchomp|perish0
|faint|p2b: Garchomp
|upkeep
|
|t:|1783461554
|switch|p2b: Charizard|Charizard, L50, M, shiny|100/100
|turn|8
|-message|VenuDaAscoInRain forfeited.
|
|win|breloomb01
