|j|☆Foffa
|j|☆Lego Darth Malgus
|html|FoffaLego Darth Malgus    
|uhtml|bestof|Game 3 of a best-of-3
|t:|1757005362
|gametype|doubles
|player|p1|Foffa|102|1218
|player|p2|Lego Darth Malgus|266|1281
|gen|9
|tier|[Gen 9] VGC 2025 Reg H (Bo3)
|rated|
|rule|Species Clause: Limit one of each Pokémon
|rule|Item Clause: Limit 1 of each item
|clearpoke
|poke|p1|Chesnaught, L50, M|
|poke|p1|Ninetales-Alola, L50, M|
|poke|p1|Incineroar, L50, F|
|poke|p1|Gholdengo, L50|
|poke|p1|Farigiraf, L50, F|
|poke|p1|Garchomp, L50, F|
|poke|p2|Kommo-o, L50, M|
|poke|p2|Tyranitar, L50, F|
|poke|p2|Excadrill, L50, M|
|poke|p2|Samurott-Hisui, L50, M|
|poke|p2|Rillaboom, L50, M|
|poke|p2|Volcarona, L50, M|
|teampreview|4
|showteam|p1|Chesnaught||Leftovers|Bulletproof|SpikyShield,IronDefense,BodyPress,LeechSeed|||M|||50|,,,,,Steel]Ninetales-Alola||LightClay|SnowWarning|Protect,AuroraVeil,Blizzard,IcyWind|||M|||50|,,,,,Fire]Incineroar||RockyHelmet|Intimidate|FlareBlitz,FakeOut,KnockOff,PartingShot|||F|||50|,,,,,Fairy]Gholdengo||ChoiceScarf|GoodasGold|MakeItRain,ShadowBall,Trick,PowerGem||||||50|,,,,,Steel]Farigiraf||SafetyGoggles|ArmorTail|TrickRoom,PsychicNoise,Imprison,HelpingHand|||F|||50|,,,,,Dark]Garchomp||ClearAmulet|RoughSkin|DragonClaw,Protect,StompingTantrum,Earthquake|||F|||50|,,,,,Fire
|showteam|p2|Kommo-o||GrassySeed|Overcoat|BodyPress,IronDefense,Protect,DragonPulse|||M|||50|,,,,,Fairy]Tyranitar||ChoiceScarf|SandStream|RockSlide,KnockOff,TeraBlast,LowKick|||F|||50|,,,,,Flying]Excadrill||FocusSash|SandRush|HighHorsepower,IronHead,Bulldoze,Protect|||M|||50|,,,,,Ghost]Samurott-Hisui||AssaultVest|Sharpness|NightSlash,AquaCutter,SacredSword,SuckerPunch|||M|||50|,,,,,Ghost]Rillaboom||MiracleSeed|GrassySurge|FakeOut,DrumBeating,GrassyGlide,Taunt|||M|||50|,,,,,Water]Volcarona||SitrusBerry|FlameBody|QuiverDance,HeatWave,TeraBlast,Protect|||M|||50|,,,,,Fairy
|inactive|Battle timer is ON: inactive players will automatically lose when time's up. (requested by Lego Darth Malgus)
|inactive|Foffa has 60 seconds left.
|inactive|Lego Darth Malgus has 60 seconds left.
|
|t:|1757005421
|teamsize|p1|4
|teamsize|p2|4
|start
|switch|p1a: Farigiraf|Farigiraf, L50, F|100/100
|switch|p1b: Garchomp|Garchomp, L50, F|100/100
|switch|p2a: Tyranitar|Tyranitar, L50, F|100/100
|switch|p2b: Excadrill|Excadrill, L50, M, shiny|100/100
|-weather|Sandstorm|[from] ability: Sand Stream|[of] p2a: Tyranitar
|turn|1
|inactive|Foffa has 30 seconds left.
|
|t:|1757005455
|switch|p1a: Incineroar|Incineroar, L50, F|100/100
|-ability|p1a: Incineroar|Intimidate|boost
|-unboost|p2a: Tyranitar|atk|1
|-unboost|p2b: Excadrill|atk|1
|-terastallize|p2a: Tyranitar|Flying
|move|p2b: Excadrill|Bulldoze|p1b: Garchomp|[spread] p1a,p1b
|-immune|p2a: Tyranitar
|-supereffective|p1a: Incineroar
|-damage|p1a: Incineroar|73/100
|-damage|p1b: Garchomp|88/100
|-unboost|p1a: Incineroar|spe|1
|move|p2a: Tyranitar|Knock Off|p1a: Incineroar
|-resisted|p1a: Incineroar
|-damage|p1a: Incineroar|57/100
|-damage|p2a: Tyranitar|84/100|[from] item: Rocky Helmet|[of] p1a: Incineroar
|-enditem|p1a: Incineroar|Rocky Helmet|[from] move: Knock Off|[of] p2a: Tyranitar
|move|p1b: Garchomp|Stomping Tantrum|p2b: Excadrill
|-supereffective|p2b: Excadrill
|-enditem|p2b: Excadrill|Focus Sash
|-damage|p2b: Excadrill|1/100
|
|-weather|Sandstorm|[upkeep]
|-damage|p2a: Tyranitar|78/100|[from] Sandstorm
|-damage|p1a: Incineroar|50/100|[from] Sandstorm
|upkeep
|turn|2
|
|t:|1757005477
|move|p1a: Incineroar|Fake Out|p2a: Tyranitar
|-damage|p2a: Tyranitar|66/100
|move|p2b: Excadrill|High Horsepower|p1a: Incineroar
|-supereffective|p1a: Incineroar
|-damage|p1a: Incineroar|0 fnt
|faint|p1a: Incineroar
|cant|p2a: Tyranitar|flinch
|move|p1b: Garchomp|Dragon Claw|p2a: Tyranitar
|-damage|p2a: Tyranitar|30/100
|
|-weather|Sandstorm|[upkeep]
|-damage|p2a: Tyranitar|24/100|[from] Sandstorm
|upkeep
|
|t:|1757005491
|switch|p1a: Farigiraf|Farigiraf, L50, F|100/100
|turn|3
|inactive|Foffa has 30 seconds left.
|
|t:|1757005521
|switch|p2b: Rillaboom|Rillaboom, L50, M, shiny|100/100
|-fieldstart|move: Grassy Terrain|[from] ability: Grassy Surge|[of] p2b: Rillaboom
|-terastallize|p1a: Farigiraf|Dark
|move|p2a: Tyranitar|Knock Off|p1b: Garchomp
|-damage|p1b: Garchomp|59/100
|-damage|p2a: Tyranitar|12/100|[from] ability: Rough Skin|[of] p1b: Garchomp
|-enditem|p1b: Garchomp|Clear Amulet|[from] move: Knock Off|[of] p2a: Tyranitar
|move|p1b: Garchomp|Dragon Claw|p2a: Tyranitar
|-damage|p2a: Tyranitar|0 fnt
|faint|p2a: Tyranitar
|move|p1a: Farigiraf|Trick Room|p1a: Farigiraf
|-fieldstart|move: Trick Room|[of] p1a: Farigiraf
|
|-weather|Sandstorm|[upkeep]
|-damage|p2b: Rillaboom|95/100|[from] Sandstorm
|-heal|p1b: Garchomp|65/100|[from] Grassy Terrain
|-heal|p2b: Rillaboom|100/100|[from] Grassy Terrain
|upkeep
|
|t:|1757005536
|switch|p2a: Volcarona|Volcarona, L50, M, shiny|100/100
|turn|4
|inactive|Lego Darth Malgus has 30 seconds left.
|
|t:|1757005567
|move|p1a: Farigiraf|Psychic Noise|p2a: Volcarona
|-damage|p2a: Volcarona|73/100
|-start|p2a: Volcarona|move: Heal Block
|move|p1b: Garchomp|Dragon Claw|p2b: Rillaboom
|-damage|p2b: Rillaboom|51/100
|move|p2a: Volcarona|Tera Blast|p1b: Garchomp
|-damage|p1b: Garchomp|40/100
|move|p2b: Rillaboom|Drum Beating|p1b: Garchomp
|-damage|p1b: Garchomp|0 fnt
|faint|p1b: Garchomp
|
|-weather|Sandstorm|[upkeep]
|-damage|p2a: Volcarona|67/100|[from] Sandstorm
|-damage|p2b: Rillaboom|45/100|[from] Sandstorm
|-heal|p2b: Rillaboom|51/100|[from] Grassy Terrain
|upkeep
|
|t:|1757005580
|switch|p1b: Chesnaught|Chesnaught, L50, M|100/100
|turn|5
|inactive|Foffa has 30 seconds left.
|
|t:|1757005606
|move|p1a: Farigiraf|Psychic Noise|p2a: Volcarona
|-damage|p2a: Volcarona|39/100
|move|p1b: Chesnaught|Body Press|p2b: Rillaboom
|-damage|p2b: Rillaboom|9/100
|move|p2a: Volcarona|Quiver Dance|p2a: Volcarona
|-boost|p2a: Volcarona|spa|1
|-boost|p2a: Volcarona|spd|1
|-boost|p2a: Volcarona|spe|1
|move|p2b: Rillaboom|Taunt|p1b: Chesnaught
|-start|p1b: Chesnaught|move: Taunt
|
|-weather|none
|-heal|p2b: Rillaboom|15/100|[from] Grassy Terrain
|-end|p2a: Volcarona|move: Heal Block
|upkeep
|-enditem|p2a: Volcarona|Sitrus Berry|[eat]
|-heal|p2a: Volcarona|64/100|[from] item: Sitrus Berry
|turn|6
|
|t:|1757005622
|move|p1a: Farigiraf|Psychic Noise|p2a: Volcarona
|-damage|p2a: Volcarona|45/100
|-start|p2a: Volcarona|move: Heal Block
|move|p1b: Chesnaught|Body Press|p2a: Volcarona
|-resisted|p2a: Volcarona
|-crit|p2a: Volcarona
|-damage|p2a: Volcarona|8/100
|move|p2b: Rillaboom|Taunt|p1a: Farigiraf
|-start|p1a: Farigiraf|move: Taunt
|move|p2a: Volcarona|Heat Wave|p1a: Farigiraf|[spread] p1a,p1b
|-supereffective|p1b: Chesnaught
|-damage|p1a: Farigiraf|51/100
|-damage|p1b: Chesnaught|0 fnt
|faint|p1b: Chesnaught
|
|-heal|p1a: Farigiraf|57/100|[from] Grassy Terrain
|-heal|p2b: Rillaboom|20/100|[from] Grassy Terrain
|upkeep
|turn|7
|
|t:|1757005636
|switch|p2b: Excadrill|Excadrill, L50, M, shiny|1/100
|move|p2a: Volcarona|Protect|p2a: Volcarona
|-singleturn|p2a: Volcarona|Protect
|move|p1a: Farigiraf|Psychic Noise|p2a: Volcarona
|-activate|p2a: Volcarona|move: Protect
|
|-heal|p1a: Farigiraf|62/100|[from] Grassy Terrain
|-heal|p2b: Excadrill|7/100|[from] Grassy Terrain
|-end|p2a: Volcarona|move: Heal Block
|-fieldend|move: Trick Room
|-fieldend|move: Grassy Terrain
|upkeep
|turn|8
|
|t:|1757005641
|move|p2a: Volcarona|Heat Wave|p1a: Farigiraf
|-damage|p1a: Farigiraf|3/100
|move|p2b: Excadrill|Iron Head|p1a: Farigiraf
|-damage|p1a: Farigiraf|0 fnt
|faint|p1a: Farigiraf
|
|win|Lego Darth Malgus
|raw|Foffa's rating: 1218 → 1197(-21 for losing)
|raw|Lego Darth Malgus's rating: 1281 → 1302(+21 for winning)
|l|☆Foffa
|player|p1|
|l|☆Lego Darth Malgus
|player|p2|
|j|☆Lego Darth Malgus
|player|p2|Lego Darth Malgus|266|
