|j|☆doingVGCthings
|j|☆buf29 armonica
|html|doingVGCthingsbuf29 armonica    
|uhtml|bestof|Game 2 of a best-of-3
|t:|1756172528
|gametype|doubles
|player|p1|doingVGCthings|swimmer-gen4dp|1242
|player|p2|buf29 armonica|grimsley|1144
|gen|9
|tier|[Gen 9] VGC 2025 Reg H (Bo3)
|rated|
|rule|Species Clause: Limit one of each Pokémon
|rule|Item Clause: Limit 1 of each item
|clearpoke
|poke|p1|Volcarona, L50, M|
|poke|p1|Electabuzz, L50, F|
|poke|p1|Tyranitar, L50, F|
|poke|p1|Amoonguss, L50, F|
|poke|p1|Annihilape, L50, M|
|poke|p1|Mamoswine, L50, F|
|poke|p2|Dragonite, L50, F|
|poke|p2|Volcarona, L50, F|
|poke|p2|Ninetales-Alola, L50, F|
|poke|p2|Garchomp, L50, M|
|poke|p2|Kingambit, L50, F|
|poke|p2|Rillaboom, L50, M|
|teampreview|4
|showteam|p1|Volcarona||CovertCloak|FlameBody|Protect,HeatWave,GigaDrain,QuiverDance|||M|||50|,,,,,Grass]Electabuzz||Eviolite|VitalSpirit|Protect,Electroweb,Taunt,FollowMe|||F|||50|,,,,,Ghost]Tyranitar||AssaultVest|SandStream|RockSlide,KnockOff,LowKick,TeraBlast|||F|||50|,,,,,Flying]Amoonguss||SitrusBerry|Regenerator|Protect,PollenPuff,Spore,RagePowder|||F|||50|,,,,,Fairy]Annihilape||SafetyGoggles|Defiant|Protect,RageFist,CloseCombat,Coaching|||M|||50|,,,,,Water]Mamoswine||FocusSash|Oblivious|Protect,IcicleCrash,HighHorsepower,IceShard|||F|||50|,,,,,Stellar
|showteam|p2|Dragonite||LoadedDice|Multiscale|ScaleShot,Tailwind,Haze,Protect|||F|||50|,,,,,Fairy]Volcarona||Leftovers|FlameBody|QuiverDance,TeraBlast,HeatWave,RagePowder|||F|||50|,,,,,Fairy]Ninetales-Alola||FocusSash|SnowWarning|FreezeDry,IcyWind,DazzlingGleam,Protect|||F|||50|,,,,,Ghost]Garchomp||LifeOrb|RoughSkin|DragonClaw,Earthquake,StompingTantrum,Protect|||M|||50|,,,,,Steel]Kingambit||SafetyGoggles|Defiant|KowtowCleave,SuckerPunch,SwordsDance,Protect|||F|||50|,,,,,Dark]Rillaboom||MiracleSeed|GrassySurge|FakeOut,GrassyGlide,WoodHammer,HighHorsepower|||M|||50|,,,,,Grass
|inactive|Battle timer is ON: inactive players will automatically lose when time's up. (requested by doingVGCthings)
|inactive|buf29 armonica also wants the timer to be on.
|inactive|doingVGCthings has 60 seconds left.
|
|t:|1756172575
|teamsize|p1|4
|teamsize|p2|4
|start
|switch|p1a: Amoonguss|Amoonguss, L50, F|100/100
|switch|p1b: Mamoswine|Mamoswine, L50, F|100/100
|switch|p2a: Volcarona|Volcarona, L50, F|100/100
|switch|p2b: Garchomp|Garchomp, L50, M|100/100
|turn|1
|
|t:|1756172599
|-terastallize|p2b: Garchomp|Steel
|-terastallize|p1a: Amoonguss|Fairy
|move|p2b: Garchomp|Stomping Tantrum|p1a: Amoonguss
|-damage|p1a: Amoonguss|59/100
|-damage|p2b: Garchomp|91/100|[from] item: Life Orb
|move|p2a: Volcarona|Heat Wave|p1a: Amoonguss|[spread] p1a,p1b
|-supereffective|p1b: Mamoswine
|-damage|p1a: Amoonguss|29/100
|-damage|p1b: Mamoswine|3/100
|-enditem|p1a: Amoonguss|Sitrus Berry|[eat]
|-heal|p1a: Amoonguss|54/100|[from] item: Sitrus Berry
|move|p1b: Mamoswine|Icicle Crash|p2b: Garchomp
|-resisted|p2b: Garchomp
|-damage|p2b: Garchomp|68/100
|move|p1a: Amoonguss|Spore|p2a: Volcarona
|-status|p2a: Volcarona|slp|[from] move: Spore
|
|upkeep
|turn|2
|inactive|buf29 armonica has 30 seconds left.
|
|t:|1756172626
|switch|p1b: Annihilape|Annihilape, L50, M|100/100
|move|p2b: Garchomp|Earthquake|p1a: Amoonguss|[spread] p2a,p1a,p1b
|-damage|p2a: Volcarona|35/100 slp
|-damage|p1a: Amoonguss|13/100
|-damage|p1b: Annihilape|51/100
|-damage|p2b: Garchomp|58/100|[from] item: Life Orb
|cant|p2a: Volcarona|slp
|move|p1a: Amoonguss|Spore|p2b: Garchomp
|-status|p2b: Garchomp|slp|[from] move: Spore
|
|-heal|p2a: Volcarona|41/100 slp|[from] item: Leftovers
|upkeep
|turn|3
|inactive|doingVGCthings has 30 seconds left.
|
|t:|1756172655
|switch|p1a: Volcarona|Volcarona, L50, M|100/100
|cant|p2b: Garchomp|slp
|move|p1b: Annihilape|Rage Fist|p2b: Garchomp
|-damage|p2b: Garchomp|13/100 slp
|-damage|p1b: Annihilape|38/100|[from] ability: Rough Skin|[of] p2b: Garchomp
|cant|p2a: Volcarona|slp
|
|-heal|p2a: Volcarona|47/100 slp|[from] item: Leftovers
|upkeep
|turn|4
|
|t:|1756172672
|cant|p2b: Garchomp|slp
|move|p1b: Annihilape|Coaching|p1a: Volcarona
|-boost|p1a: Volcarona|atk|1
|-boost|p1a: Volcarona|def|1
|-curestatus|p2a: Volcarona|slp|[msg]
|move|p2a: Volcarona|Heat Wave|p1a: Volcarona|[spread] p1a,p1b
|-damage|p1a: Volcarona|64/100
|-damage|p1b: Annihilape|5/100
|move|p1a: Volcarona|Heat Wave|p2a: Volcarona|[spread] p2a,p2b
|-supereffective|p2b: Garchomp
|-damage|p2a: Volcarona|17/100
|-damage|p2b: Garchomp|0 fnt
|faint|p2b: Garchomp
|
|-heal|p2a: Volcarona|23/100|[from] item: Leftovers
|upkeep
|
|t:|1756172685
|switch|p2b: Dragonite|Dragonite, L50, F|100/100
|turn|5
|inactive|doingVGCthings has 30 seconds left.
|
|t:|1756172710
|move|p1a: Volcarona|Protect|p1a: Volcarona
|-singleturn|p1a: Volcarona|Protect
|move|p2b: Dragonite|Scale Shot|p1a: Volcarona
|-activate|p1a: Volcarona|move: Protect
|move|p1b: Annihilape|Rage Fist|p2b: Dragonite
|-damage|p2b: Dragonite|62/100
|move|p2a: Volcarona|Heat Wave|p1a: Volcarona|[spread] p1b
|-activate|p1a: Volcarona|move: Protect
|-damage|p1b: Annihilape|0 fnt
|faint|p1b: Annihilape
|
|-heal|p2a: Volcarona|30/100|[from] item: Leftovers
|upkeep
|
|t:|1756172724
|switch|p1b: Amoonguss|Amoonguss, L50, F, tera:Fairy|46/100
|turn|6
|
|t:|1756172731
|move|p1b: Amoonguss|Rage Powder|p1b: Amoonguss
|-singleturn|p1b: Amoonguss|move: Rage Powder
|move|p2b: Dragonite|Tailwind|p2b: Dragonite
|-sidestart|p2: buf29 armonica|move: Tailwind
|move|p2a: Volcarona|Heat Wave|p1a: Volcarona|[spread] p1a,p1b
|-damage|p1a: Volcarona|25/100
|-damage|p1b: Amoonguss|15/100
|move|p1a: Volcarona|Heat Wave|p2a: Volcarona|[spread] p2a,p2b
|-resisted|p2b: Dragonite
|-damage|p2a: Volcarona|0 fnt
|-damage|p2b: Dragonite|44/100
|faint|p2a: Volcarona
|
|upkeep
|
|t:|1756172738
|switch|p2a: Kingambit|Kingambit, L50, F|100/100
|turn|7
|
|t:|1756172758
|move|p2b: Dragonite|Protect|p2b: Dragonite
|-singleturn|p2b: Dragonite|Protect
|move|p1b: Amoonguss|Rage Powder|p1b: Amoonguss
|-singleturn|p1b: Amoonguss|move: Rage Powder
|move|p2a: Kingambit|Kowtow Cleave|p1b: Amoonguss
|-resisted|p1b: Amoonguss
|-crit|p1b: Amoonguss
|-damage|p1b: Amoonguss|0 fnt
|faint|p1b: Amoonguss
|move|p1a: Volcarona|Heat Wave|p2b: Dragonite|[spread] p2a
|-activate|p2b: Dragonite|move: Protect
|-supereffective|p2a: Kingambit
|-damage|p2a: Kingambit|22/100
|
|upkeep
|
|t:|1756172770
|switch|p1b: Mamoswine|Mamoswine, L50, F|3/100
|turn|8
|
|t:|1756172778
|move|p2a: Kingambit|Sucker Punch|p1a: Volcarona
|-damage|p1a: Volcarona|0 fnt
|faint|p1a: Volcarona
|move|p1b: Mamoswine|Ice Shard|p2b: Dragonite
|-supereffective|p2b: Dragonite
|-damage|p2b: Dragonite|0 fnt
|faint|p2b: Dragonite
|
|upkeep
|turn|9
|
|t:|1756172792
|move|p1b: Mamoswine|Protect|p1b: Mamoswine
|-singleturn|p1b: Mamoswine|Protect
|move|p2a: Kingambit|Kowtow Cleave|p1b: Mamoswine
|-activate|p1b: Mamoswine|move: Protect
|
|-sideend|p2: buf29 armonica|move: Tailwind
|upkeep
|turn|10
|
|t:|1756172815
|move|p1b: Mamoswine|Protect|p1b: Mamoswine
|-singleturn|p1b: Mamoswine|Protect
|move|p2a: Kingambit|Kowtow Cleave|p1b: Mamoswine
|-activate|p1b: Mamoswine|move: Protect
|
|upkeep
|turn|11
|
|t:|1756172825
|move|p1b: Mamoswine|High Horsepower|p2a: Kingambit
|-supereffective|p2a: Kingambit
|-crit|p2a: Kingambit
|-damage|p2a: Kingambit|0 fnt
|faint|p2a: Kingambit
|
|win|doingVGCthings
||buf29 armonica is ready for game 3.
||doingVGCthings is ready for game 3.
|uhtml|next|Next: Game 3 of 3
|l|☆buf29 armonica
|player|p2|
