|j|☆Llama_Llord
|j|☆ming0mang0
|html|Llama_Llordming0mang0    
|uhtml|bestof|Game 2 of a best-of-3
|t:|1756336708
|gametype|doubles
|player|p1|Llama_Llord|2|1109
|player|p2|ming0mang0|harlequin|1063
|gen|9
|tier|[Gen 9] VGC 2025 Reg H (Bo3)
|rated|
|rule|Species Clause: Limit one of each Pokémon
|rule|Item Clause: Limit 1 of each item
|clearpoke
|poke|p1|Meowscarada, L50, M|
|poke|p1|Primarina, L50, F|
|poke|p1|Indeedee, L50, M|
|poke|p1|Sneasler, L50, M|
|poke|p1|Tatsugiri, L50, F|
|poke|p1|Amoonguss, L50, F|
|poke|p2|Archaludon, L50, M|
|poke|p2|Pelipper, L50, F|
|poke|p2|Maushold-Four, L50|
|poke|p2|Annihilape, L50, M|
|poke|p2|Grimmsnarl, L50, M|
|poke|p2|Sinistcha, L50|
|teampreview|4
|showteam|p1|Meowscarada||FocusSash|Overgrow|GrassPledge,KnockOff,FlowerTrick,Protect|||M|||50|,,,,,Fairy]Primarina||LifeOrb|LiquidVoice|WaterPledge,HyperVoice,Moonblast,Protect|||F|||50|,,,,,Poison]Indeedee||SafetyGoggles|PsychicSurge|ExpandingForce,Protect,TrickRoom,Imprison|||M|||50|,,,,,Fire]Sneasler||PsychicSeed|Unburden|DireClaw,CloseCombat,ThroatChop,Protect|||M|||50|,,,,,Stellar]Tatsugiri||AssaultVest|StormDrain|DracoMeteor,IcyWind,TeraBlast,Surf|||F|||50|,,,,,Ground]Amoonguss||SitrusBerry|EffectSpore|Spore,RagePowder,SludgeBomb,Protect|||F|||50|,,,,,Steel
|showteam|p2|Archaludon||AssaultVest|Stamina|DracoMeteor,ElectroShot,FlashCannon,BodyPress|||M|||50|,,,,,Bug]Pelipper||FocusSash|Drizzle|WeatherBall,Hurricane,Tailwind,Protect|||F|||50|,,,,,Ghost]Maushold-Four||SafetyGoggles|FriendGuard|FollowMe,BeatUp,SuperFang,Protect||||||50|,,,,,Ghost]Annihilape||Leftovers|Defiant|BulkUp,DrainPunch,RageFist,Protect|||M|||50|,,,,,Grass]Grimmsnarl||LightClay|Prankster|SpiritBreak,LightScreen,Reflect,Taunt|||M|||50|,,,,,Ghost]Sinistcha||SitrusBerry|Hospitality|MatchaGotcha,LifeDew,RagePowder,TrickRoom||||||50|,,,,,Dark
|inactive|Battle timer is ON: inactive players will automatically lose when time's up. (requested by Llama_Llord)
|inactive|ming0mang0 has 60 seconds left.
|inactive|ming0mang0 has 30 seconds left.
|
|t:|1756336776
|teamsize|p1|4
|teamsize|p2|4
|start
|switch|p1a: Indeedee|Indeedee, L50, M|100/100
|switch|p1b: Sneasler|Sneasler, L50, M|100/100
|switch|p2a: Grimmsnarl|Grimmsnarl, L50, M|100/100
|switch|p2b: Sinistcha|Sinistcha, L50|100/100
|-fieldstart|move: Psychic Terrain|[from] ability: Psychic Surge|[of] p1a: Indeedee
|-enditem|p1b: Sneasler|Psychic Seed
|-boost|p1b: Sneasler|spd|1|[from] item: Psychic Seed
|turn|1
|inactive|Llama_Llord has 30 seconds left.
|inactive|ming0mang0 has 30 seconds left.
|inactive|ming0mang0 has 20 seconds left.
|inactive|ming0mang0 has 15 seconds left.
|inactive|ming0mang0 has 10 seconds left.
|
|t:|1756336830
|switch|p2b: Archaludon|Archaludon, L50, M|100/100
|move|p2a: Grimmsnarl|Reflect|p2a: Grimmsnarl
|-sidestart|p2: ming0mang0|Reflect
|move|p1b: Sneasler|Throat Chop|p2b: Archaludon
|-damage|p2b: Archaludon|86/100
|-start|p2b: Archaludon|Throat Chop|[silent]
|-ability|p2b: Archaludon|Stamina|boost
|-boost|p2b: Archaludon|def|1
|move|p1a: Indeedee|Imprison|p1a: Indeedee
|-start|p1a: Indeedee|move: Imprison
|
|upkeep
|turn|2
|inactive|ming0mang0 has 30 seconds left.
|inactive|ming0mang0 has 20 seconds left.
|inactive|ming0mang0 has 15 seconds left.
|
|t:|1756336874
|-terastallize|p1b: Sneasler|Stellar
|-terastallize|p2b: Archaludon|Bug
|move|p2a: Grimmsnarl|Light Screen|p2a: Grimmsnarl
|-sidestart|p2: ming0mang0|move: Light Screen
|move|p1b: Sneasler|Close Combat|p2b: Archaludon
|-resisted|p2b: Archaludon
|-damage|p2b: Archaludon|71/100
|-unboost|p1b: Sneasler|def|1
|-unboost|p1b: Sneasler|spd|1
|-ability|p2b: Archaludon|Stamina|boost
|-boost|p2b: Archaludon|def|1
|move|p1a: Indeedee|Expanding Force|p2b: Archaludon|[spread] p2b
|-immune|p2a: Grimmsnarl
|-damage|p2b: Archaludon|46/100
|-ability|p2b: Archaludon|Stamina|boost
|-boost|p2b: Archaludon|def|1
|move|p2b: Archaludon|Flash Cannon|p1a: Indeedee
|-damage|p1a: Indeedee|44/100
|
|-end|p2b: Archaludon|Throat Chop|[silent]
|upkeep
|turn|3
|inactive|ming0mang0 has 30 seconds left.
|inactive|ming0mang0 has 20 seconds left.
|inactive|ming0mang0 has 15 seconds left.
|
|t:|1756336914
|switch|p2a: Sinistcha|Sinistcha, L50|100/100
|-heal|p2b: Archaludon|71/100|[from] ability: Hospitality|[of] p2a: Sinistcha
|move|p1b: Sneasler|Dire Claw|p2b: Archaludon
|-damage|p2b: Archaludon|59/100
|-status|p2b: Archaludon|psn
|-ability|p2b: Archaludon|Stamina|boost
|-boost|p2b: Archaludon|def|1
|move|p1a: Indeedee|Expanding Force|p2b: Archaludon|[spread] p2a,p2b
|-damage|p2a: Sinistcha|70/100
|-damage|p2b: Archaludon|32/100 psn
|-ability|p2b: Archaludon|Stamina|boost
|-boost|p2b: Archaludon|def|1
|move|p2b: Archaludon|Body Press|p1a: Indeedee
|-damage|p1a: Indeedee|0 fnt
|faint|p1a: Indeedee
|
|-damage|p2b: Archaludon|20/100 psn|[from] psn
|upkeep
|
|t:|1756336930
|switch|p1a: Puss in Boots|Meowscarada, L50, M|100/100
|turn|4
|inactive|ming0mang0 has 30 seconds left.
|inactive|ming0mang0 has 20 seconds left.
|
|t:|1756336969
|move|p1b: Sneasler|Protect|p1b: Sneasler
|-singleturn|p1b: Sneasler|Protect
|move|p2a: Sinistcha|Rage Powder|p2a: Sinistcha
|-singleturn|p2a: Sinistcha|move: Rage Powder
|move|p1a: Puss in Boots|Knock Off|p2a: Sinistcha
|-supereffective|p2a: Sinistcha
|-damage|p2a: Sinistcha|18/100
|-enditem|p2a: Sinistcha|Sitrus Berry|[from] move: Knock Off|[of] p1a: Puss in Boots
|move|p2b: Archaludon|Body Press|p1a: Puss in Boots
|-supereffective|p1a: Puss in Boots
|-enditem|p1a: Puss in Boots|Focus Sash
|-damage|p1a: Puss in Boots|1/100
|
|-damage|p2b: Archaludon|8/100 psn|[from] psn
|upkeep
|turn|5
|inactive|ming0mang0 has 30 seconds left.
|inactive|ming0mang0 has 20 seconds left.
|
|t:|1756337006
|switch|p2b: Maushold|Maushold-Four, L50|100/100
|switch|p2a: Grimmsnarl|Grimmsnarl, L50, M|100/100
|move|p1b: Sneasler|Throat Chop|p2a: Grimmsnarl
|-resisted|p2a: Grimmsnarl
|-damage|p2a: Grimmsnarl|96/100
|-start|p2a: Grimmsnarl|Throat Chop|[silent]
|move|p1a: Puss in Boots|Flower Trick|p2b: Maushold
|-crit|p2b: Maushold
|-damage|p2b: Maushold|0 fnt
|faint|p2b: Maushold
|
|-fieldend|move: Psychic Terrain
|upkeep
|
|t:|1756337021
|switch|p2b: Archaludon|Archaludon, L50, M, tera:Bug|8/100 psn
|turn|6
|-message|ming0mang0 forfeited.
|
|win|Llama_Llord
|raw|Llama_Llord's rating: 1109 → 1131(+22 for winning)
|raw|ming0mang0's rating: 1063 → 1046(-17 for losing)
|l|☆ming0mang0
|player|p2|
