|j|☆Zurneus
|j|☆BigfootBender
|html|ZurneusBigfootBender    
|uhtml|bestof|Game 1 of a best-of-3
|t:|1756178395
|gametype|doubles
|player|p1|Zurneus|silver|1128
|player|p2|BigfootBender|rocketgruntf|1015
|gen|9
|tier|[Gen 9] VGC 2025 Reg H (Bo3)
|rated|
|rule|Species Clause: Limit one of each Pokémon
|rule|Item Clause: Limit 1 of each item
|clearpoke
|poke|p1|Gyarados, L50, F|
|poke|p1|Indeedee, L50, M|
|poke|p1|Volcarona, L50, F|
|poke|p1|Excadrill, L50, M|
|poke|p1|Amoonguss, L50, M|
|poke|p1|Tyranitar, L50, F|
|poke|p2|Dragapult, L50, F|
|poke|p2|Kingdra, L50, F|
|poke|p2|Pelipper, L50, F|
|poke|p2|Archaludon, L50, M|
|poke|p2|Indeedee-F, L50, F|
|poke|p2|Goodra-Hisui, L50, M|
|teampreview|4
|showteam|p1|Gyarados||SafetyGoggles|Intimidate|Taunt,ThunderWave,Waterfall,Protect|||F|||50|,,,,,Steel]Indeedee||ChoiceScarf|PsychicSurge|DazzlingGleam,TeraBlast,Trick,ExpandingForce|||M|||50|,,,,,Psychic]Volcarona||LifeOrb|FlameBody|HeatWave,Tailwind,TeraBlast,Protect|||F|||50|,,,,,Fairy]Excadrill||ClearAmulet|SandRush|Protect,Earthquake,HighHorsepower,IronHead|||M|||50|,,,,,Ghost]Amoonguss||SitrusBerry|Regenerator|Protect,ClearSmog,RagePowder,Spore|||M|||50|,,,,,Water]Tyranitar||AssaultVest|SandStream|LowKick,TeraBlast,KnockOff,RockSlide|||F|||50|,,,,,Flying
|showteam|p2|Dragapult||LifeOrb|ClearBody|DragonDarts,PsychicFangs,SuckerPunch,Protect|||F|||50|,,,,,Dragon]Kingdra||ScopeLens|SwiftSwim|DracoMeteor,MuddyWater,Protect,WeatherBall|||F|||50|,,,,,Fairy]Pelipper||SitrusBerry|Drizzle|Hurricane,WideGuard,Tailwind,Uturn|||F|||50|,,,,,Grass]Archaludon||AssaultVest|Stamina|ElectroShot,BodyPress,FlashCannon,DracoMeteor|||M|||50|,,,,,Ghost]Indeedee-F||SafetyGoggles|PsychicSurge|FollowMe,HealPulse,Protect,HelpingHand|||F|||50|,,,,,Fairy]Goodra-Hisui||Leftovers|Gooey|DragonCheer,BodyPress,Shelter,DracoMeteor|||M|||50|,,,,,Grass
|inactive|Battle timer is ON: inactive players will automatically lose when time's up. (requested by BigfootBender)
|inactive|BigfootBender has 60 seconds left.
|
|t:|1756178442
|teamsize|p1|4
|teamsize|p2|4
|start
|switch|p1a: Volcarona|Volcarona, L50, F|100/100
|switch|p1b: Excadrill|Excadrill, L50, M|100/100
|switch|p2a: Kingdra|Kingdra, L50, F|100/100
|switch|p2b: Goodra|Goodra-Hisui, L50, M|100/100
|turn|1
|
|t:|1756178466
|-terastallize|p1a: Volcarona|Fairy
|move|p2a: Kingdra|Protect|p2a: Kingdra
|-singleturn|p2a: Kingdra|Protect
|move|p1b: Excadrill|Protect|p1b: Excadrill
|-singleturn|p1b: Excadrill|Protect
|move|p1a: Volcarona|Tailwind|p1a: Volcarona
|-sidestart|p1: Zurneus|move: Tailwind
|move|p2b: Goodra|Dragon Cheer|p2a: Kingdra
|-start|p2a: Kingdra|move: Dragon Cheer
|
|upkeep
|turn|2
|inactive|BigfootBender has 30 seconds left.
|
|t:|1756178493
|switch|p2b: Pelipper|Pelipper, L50, F|100/100
|-weather|RainDance|[from] ability: Drizzle|[of] p2b: Pelipper
|move|p1a: Volcarona|Tera Blast|p2a: Kingdra|[anim] Tera Blast Fairy
|-supereffective|p2a: Kingdra
|-damage|p2a: Kingdra|0 fnt
|faint|p2a: Kingdra
|-damage|p1a: Volcarona|91/100|[from] item: Life Orb
|move|p1b: Excadrill|Iron Head|p2b: Pelipper
|-resisted|p2b: Pelipper
|-damage|p2b: Pelipper|77/100
|
|-weather|RainDance|[upkeep]
|upkeep
|
|t:|1756178505
|switch|p2a: Archaludon|Archaludon, L50, M|100/100
|turn|3
|
|t:|1756178526
|move|p1b: Excadrill|Protect|p1b: Excadrill
|-singleturn|p1b: Excadrill|Protect
|move|p1a: Volcarona|Tera Blast|p2b: Pelipper|[anim] Tera Blast Fairy
|-crit|p2b: Pelipper
|-damage|p2b: Pelipper|0 fnt
|faint|p2b: Pelipper
|-damage|p1a: Volcarona|82/100|[from] item: Life Orb
|move|p2a: Archaludon|Flash Cannon|p1a: Volcarona
|-supereffective|p1a: Volcarona
|-damage|p1a: Volcarona|1/100
|
|-weather|RainDance|[upkeep]
|upkeep
|
|t:|1756178537
|switch|p2b: Goodra|Goodra-Hisui, L50, M|100/100
|turn|4
|
|t:|1756178556
|move|p1a: Volcarona|Tera Blast|p2a: Archaludon|[anim] Tera Blast Fairy
|-damage|p2a: Archaludon|62/100
|-ability|p2a: Archaludon|Stamina|boost
|-boost|p2a: Archaludon|def|1
|-damage|p1a: Volcarona|0 fnt|[from] item: Life Orb
|faint|p1a: Volcarona
|move|p1b: Excadrill|Earthquake|p2a: Archaludon|[spread] p2a,p2b
|-supereffective|p2a: Archaludon
|-supereffective|p2b: Goodra
|-damage|p2a: Archaludon|10/100
|-damage|p2b: Goodra|13/100
|-ability|p2a: Archaludon|Stamina|boost
|-boost|p2a: Archaludon|def|1
|move|p2a: Archaludon|Electro Shot||[still]
|-prepare|p2a: Archaludon|Electro Shot
|-boost|p2a: Archaludon|spa|1
|-anim|p2a: Archaludon|Electro Shot|p1b: Excadrill
|-immune|p1b: Excadrill
|move|p2b: Goodra|Body Press|p1b: Excadrill
|-supereffective|p1b: Excadrill
|-damage|p1b: Excadrill|55/100
|
|-weather|RainDance|[upkeep]
|-heal|p2b: Goodra|19/100|[from] item: Leftovers
|-sideend|p1: Zurneus|move: Tailwind
|upkeep
|
|t:|1756178577
|switch|p1a: Indeedee|Indeedee, L50, M|100/100
|-fieldstart|move: Psychic Terrain|[from] ability: Psychic Surge|[of] p1a: Indeedee
|turn|5
|-message|BigfootBender forfeited.
|
|win|Zurneus
|l|☆BigfootBender
|player|p2|
||BigfootBender is ready for game 2.
||Zurneus is ready for game 2.
|uhtml|next|Next: Game 2 of 3
