|j|☆Lorido
|j|☆pl2
|html|Loridopl2    
|uhtml|bestof|Game 1 of a best-of-3
|t:|1782475803
|gametype|doubles
|player|p1|Lorido|170|1168
|player|p2|pl2|depotagent|1224
|gen|9
|tier|[Gen 9 Champions] VGC 2026 Reg M-B (Bo3)
|rated|
|rule|Species Clause: Limit one of each Pokémon
|rule|Item Clause: Limit 1 of each item
|clearpoke
|poke|p1|Charizard, L50, F|
|poke|p1|Floette-Eternal, L50, F|
|poke|p1|Whimsicott, L50, F|
|poke|p1|Kingambit, L50, F|
|poke|p1|Garchomp, L50, M|
|poke|p1|Basculegion, L50, M|
|poke|p2|Swampert, L50, F|
|poke|p2|Politoed, L50, F|
|poke|p2|Gengar, L50, M|
|poke|p2|Archaludon, L50, M|
|poke|p2|Sinistcha, L50|
|poke|p2|Grimmsnarl, L50, M|
|teampreview|4
|showteam|p1|Charizard||CharizarditeY|Blaze|HeatWave,WeatherBall,SolarBeam,Protect|Modest||F|||50|]Floette-Eternal||Floettite|FlowerVeil|DazzlingGleam,Protect,Moonblast,LightofRuin|Modest||F|||50|]Whimsicott||FocusSash|Prankster|Moonblast,Protect,Tailwind,Encore|Timid||F|||50|]Kingambit||ChopleBerry|Defiant|KowtowCleave,SuckerPunch,IronHead,LowKick|Adamant||F|||50|]Garchomp||LifeOrb|RoughSkin|DragonClaw,StompingTantrum,RockSlide,Protect|Jolly||M|||50|]Basculegion||MysticWater|Adaptability|WaveCrash,LastRespects,AquaJet,Protect|Adamant||M|||50|
|showteam|p2|Swampert||Swampertite|Torrent|WaveCrash,FlipTurn,Protect,KnockOff|Adamant||F|||50|]Politoed||SitrusBerry|Drizzle|WeatherBall,IcyWind,Protect,PerishSong|Bold||F|||50|]Gengar||Gengarite|CursedBody|SludgeBomb,Protect,ShadowBall,Substitute|Timid||M|||50|]Archaludon||Leftovers|Stamina|ElectroShot,Protect,DragonPulse,FlashCannon|Timid||M|||50|]Sinistcha||FocusSash|Hospitality|MatchaGotcha,Imprison,Protect,ShadowBall|Timid|||||50|]Grimmsnarl||LightClay|Prankster|SpiritBreak,LightScreen,PartingShot,FakeOut|Careful||M|||50|
|c|☆pl2|glhf
|inactive|Battle timer is ON: inactive players will automatically lose when time's up. (requested by pl2)
|c|☆Lorido|glhf!
|inactive|Lorido has 60 seconds left.
|
|t:|1782475851
|teamsize|p1|4
|teamsize|p2|4
|start
|switch|p1a: Basculegion|Basculegion, L50, M|100/100
|switch|p1b: Kingambit|Kingambit, L50, F|100/100
|switch|p2a: Grimmsnarl|Grimmsnarl, L50, M|100/100
|switch|p2b: Archaludon|Archaludon, L50, M|100/100
|turn|1
|inactive|Lorido has 30 seconds left.
|
|t:|1782475884
|move|p1a: Basculegion|Protect|p1a: Basculegion
|-singleturn|p1a: Basculegion|Protect
|move|p2a: Grimmsnarl|Fake Out|p1b: Kingambit
|-resisted|p1b: Kingambit|1
|-crit|p1b: Kingambit
|-damage|p1b: Kingambit|94/100
|move|p2b: Archaludon|Dragon Pulse|p1a: Basculegion
|-activate|p1a: Basculegion|move: Protect
|cant|p1b: Kingambit|flinch
|
|upkeep
|turn|2
|
|t:|1782475907
|move|p2a: Grimmsnarl|Parting Shot|p1a: Basculegion
|-unboost|p1a: Basculegion|atk|1
|-unboost|p1a: Basculegion|spa|1
|
|t:|1782475911
|switch|p2a: Politoed|Politoed, L50, F|100/100|[from] Parting Shot
|-weather|RainDance|[from] ability: Drizzle|[of] p2a: Politoed
|move|p2b: Archaludon|Electro Shot||[still]
|-prepare|p2b: Archaludon|Electro Shot
|-boost|p2b: Archaludon|spa|1
|-anim|p2b: Archaludon|Electro Shot|p1a: Basculegion
|-supereffective|p1a: Basculegion|1
|-damage|p1a: Basculegion|0 fnt
|faint|p1a: Basculegion
|move|p1b: Kingambit|Kowtow Cleave|p2a: Politoed
|-damage|p2a: Politoed|61/100
|
|-weather|RainDance|[upkeep]
|upkeep
|
|t:|1782475926
|switch|p1a: Charizard|Charizard, L50, F|100/100
|turn|3
|
|t:|1782475943
|detailschange|p1a: Charizard|Charizard-Mega-Y, L50, F
|-mega|p1a: Charizard|Charizard|Charizardite Y
|-weather|SunnyDay|[from] ability: Drought|[of] p1a: Charizard
|move|p2b: Archaludon|Protect|p2b: Archaludon
|-singleturn|p2b: Archaludon|Protect
|move|p1a: Charizard|Weather Ball|p2a: Politoed
|-resisted|p2a: Politoed|1
|-damage|p2a: Politoed|17/100
|-enditem|p2a: Politoed|Sitrus Berry|[eat]
|-heal|p2a: Politoed|42/100|[from] item: Sitrus Berry
|move|p2a: Politoed|Icy Wind|p1a: Charizard|[spread] p1b
|-miss|p2a: Politoed|p1a: Charizard
|-resisted|p1b: Kingambit|1
|-damage|p1b: Kingambit|89/100
|-unboost|p1b: Kingambit|spe|1
|-ability|p1b: Kingambit|Defiant|boost
|-boost|p1b: Kingambit|atk|2
|move|p1b: Kingambit|Low Kick|p2b: Archaludon
|-activate|p2b: Archaludon|move: Protect
|
|-weather|SunnyDay|[upkeep]
|upkeep
|turn|4
|inactive|Lorido has 30 seconds left.
|inactive|pl2 has 30 seconds left.
|
|t:|1782475974
|move|p1a: Charizard|Weather Ball|p2b: Archaludon
|-damage|p2b: Archaludon|0 fnt
|faint|p2b: Archaludon
|move|p2a: Politoed|Weather Ball|p1b: Kingambit
|-supereffective|p1b: Kingambit|1
|-damage|p1b: Kingambit|22/100
|move|p1b: Kingambit|Low Kick|p2a: Politoed
|-damage|p2a: Politoed|4/100
|
|-weather|SunnyDay|[upkeep]
|upkeep
|
|t:|1782475983
|switch|p2b: Grimmsnarl|Grimmsnarl, L50, M|100/100
|turn|5
|inactive|Lorido has 30 seconds left.
|inactive|pl2 has 30 seconds left.
|
|t:|1782476011
|move|p2a: Politoed|Protect|p2a: Politoed
|-singleturn|p2a: Politoed|Protect
|move|p1b: Kingambit|Sucker Punch||[still]
|-fail|p1b: Kingambit
|move|p1a: Charizard|Weather Ball|p2a: Politoed
|-activate|p2a: Politoed|move: Protect
|move|p2b: Grimmsnarl|Spirit Break|p1b: Kingambit
|-damage|p1b: Kingambit|0 fnt
|faint|p1b: Kingambit
|
|-weather|SunnyDay|[upkeep]
|upkeep
|
|t:|1782476021
|switch|p1b: Garchomp|Garchomp, L50, M|100/100
|turn|6
|
|t:|1782476035
|move|p1b: Garchomp|Rock Slide|p2a: Politoed|[spread] p2a,p2b
|-damage|p2a: Politoed|0 fnt
|-damage|p2b: Grimmsnarl|67/100
|faint|p2a: Politoed
|-damage|p1b: Garchomp|90/100|[from] item: Life Orb
|move|p1a: Charizard|Weather Ball|p2b: Grimmsnarl
|-damage|p2b: Grimmsnarl|0 fnt
|faint|p2b: Grimmsnarl
|
|-weather|SunnyDay|[upkeep]
|upkeep
|
|t:|1782476041
|switch|p2b: Gengar|Gengar, L50, M|100/100
|turn|7
|
|t:|1782476049
|detailschange|p2b: Gengar|Gengar-Mega, L50, M
|-mega|p2b: Gengar|Gengar|Gengarite
|move|p2b: Gengar|Protect|p2b: Gengar
|-singleturn|p2b: Gengar|Protect
|move|p1b: Garchomp|Stomping Tantrum|p2b: Gengar
|-activate|p2b: Gengar|move: Protect
|move|p1a: Charizard|Weather Ball|p2b: Gengar
|-activate|p2b: Gengar|move: Protect
|
|-weather|none
|upkeep
|turn|8
|
|t:|1782476072
|move|p2b: Gengar|Substitute|p2b: Gengar
|-start|p2b: Gengar|Substitute
|-damage|p2b: Gengar|75/100
|move|p1b: Garchomp|Stomping Tantrum|p2b: Gengar
|-supereffective|p2b: Gengar|1
|-end|p2b: Gengar|Substitute
|-damage|p1b: Garchomp|80/100|[from] item: Life Orb
|move|p1a: Charizard|Heat Wave|p2b: Gengar
|-damage|p2b: Gengar|10/100
|-status|p2b: Gengar|brn
|
|-damage|p2b: Gengar|4/100 brn|[from] brn
|upkeep
|turn|9
|
|t:|1782476085
|move|p2b: Gengar|Shadow Ball|p1b: Garchomp
|-damage|p1b: Garchomp|32/100
|-unboost|p1b: Garchomp|spd|1
|move|p1b: Garchomp|Stomping Tantrum|p2b: Gengar
|-supereffective|p2b: Gengar|1
|-damage|p2b: Gengar|0 fnt
|faint|p2b: Gengar
|-damage|p1b: Garchomp|22/100|[from] item: Life Orb
|
|win|Lorido
