|j|☆oscraft89
|j|☆ildrarVGC
|html|oscraft89ildrarVGC    
|uhtml|bestof|Game 2 of a best-of-3
|t:|1755801864
|gametype|doubles
|player|p1|oscraft89|265|1349
|player|p2|ildrarVGC|266|1355
|gen|9
|tier|[Gen 9] VGC 2025 Reg H (Bo3)
|rated|
|rule|Species Clause: Limit one of each Pokémon
|rule|Item Clause: Limit 1 of each item
|clearpoke
|poke|p1|Dondozo, L50, M|
|poke|p1|Tatsugiri, L50, F|
|poke|p1|Dragonite, L50, M|
|poke|p1|Annihilape, L50, M|
|poke|p1|Zoroark-Hisui, L50, F|
|poke|p1|Volcarona, L50, M|
|poke|p2|Dragonite, L50, F|
|poke|p2|Incineroar, L50, M|
|poke|p2|Amoonguss, L50, M|
|poke|p2|Porygon2, L50|
|poke|p2|Ursaluna, L50, M|
|poke|p2|Annihilape, L50, M|
|teampreview|4
|showteam|p1|Dondozo||Leftovers|Unaware|WaveCrash,Earthquake,OrderUp,Protect|||M|||50|,,,,,Grass]Tatsugiri||ChoiceScarf|Commander|DracoMeteor,MuddyWater,IcyWind,HelpingHand|||F|||50|,,,,,Steel]Dragonite||LoadedDice|Multiscale|ScaleShot,IronHead,Tailwind,Protect|||M|||50|,,,,,Fairy]Annihilape||SafetyGoggles|Defiant|CloseCombat,RageFist,Taunt,Protect|||M|||50|,,,,,Fire]Zoroark-Hisui||ChoiceSpecs|Illusion|HyperVoice,ShadowBall,Flamethrower,Trick|||F|||50|,,,,,Normal]Volcarona||SitrusBerry|FlameBody|HeatWave,StruggleBug,RagePowder,Tailwind|||M|||50|,,,,,Fairy
|showteam|p2|Dragonite||LoadedDice|Multiscale|ScaleShot,ExtremeSpeed,Tailwind,Protect|||F|||50|,,,,,Steel]Incineroar||AssaultVest|Intimidate|FlareBlitz,KnockOff,FakeOut,Uturn|||M|||50|,,,,,Grass]Amoonguss||SitrusBerry|Regenerator|Spore,RagePowder,ClearSmog,PollenPuff|||M|||50|,,,,,Water]Porygon2||Eviolite|Download|TeraBlast,IceBeam,TrickRoom,Recover||||||50|,,,,,Fighting]Ursaluna||FlameOrb|Guts|Facade,Earthquake,HeadlongRush,Protect|||M|||50|,,,,,Ghost]Annihilape||FocusSash|Defiant|CloseCombat,RageFist,Coaching,Taunt|||M|||50|,,,,,Stellar
|
|t:|1755801891
|teamsize|p1|4
|teamsize|p2|4
|start
|switch|p1a: Dondoctor|Dondozo, L50, M, shiny|100/100
|switch|p1b: Dragonite|Dragonite, L50, M, shiny|100/100
|switch|p2a: Dragonite|Dragonite, L50, F|100/100
|switch|p2b: Annihilape|Annihilape, L50, M|100/100
|turn|1
|
|t:|1755801912
|switch|p2b: Amoonguss|Amoonguss, L50, M|100/100
|switch|p2a: Incineroar|Incineroar, L50, M|100/100
|-ability|p2a: Incineroar|Intimidate|boost
|-unboost|p1a: Dondoctor|atk|1
|-unboost|p1b: Dragonite|atk|1
|move|p1a: Dondoctor|Shadow Ball|p2b: Amoonguss
|-damage|p2b: Amoonguss|60/100
|move|p1b: Dragonite|Tailwind|p1b: Dragonite
|-sidestart|p1: oscraft89|move: Tailwind
|
|upkeep
|turn|2
|
|t:|1755801947
|move|p2a: Incineroar|Fake Out|p1b: Dragonite
|-damage|p1b: Dragonite|94/100
|move|p1a: Dondoctor|Shadow Ball|p2b: Amoonguss
|-damage|p2b: Amoonguss|18/100
|-enditem|p2b: Amoonguss|Sitrus Berry|[eat]
|-heal|p2b: Amoonguss|43/100|[from] item: Sitrus Berry
|cant|p1b: Dragonite|flinch
|move|p2b: Amoonguss|Spore|p1a: Dondoctor
|-status|p1a: Dondoctor|slp|[from] move: Spore
|
|upkeep
|turn|3
|
|t:|1755801967
|switch|p2b: Annihilape|Annihilape, L50, M|100/100
|cant|p1a: Dondoctor|slp
|move|p1b: Dragonite|Scale Shot|p2b: Annihilape
|-damage|p2b: Annihilape|89/100
|-damage|p2b: Annihilape|78/100
|-damage|p2b: Annihilape|68/100
|-damage|p2b: Annihilape|56/100
|-damage|p2b: Annihilape|44/100
|-hitcount|p2b: Annihilape|5
|-unboost|p1b: Dragonite|def|1
|-boost|p1b: Dragonite|spe|1
|move|p2a: Incineroar|Knock Off|p1b: Dragonite
|-damage|p1b: Dragonite|32/100
|-enditem|p1b: Dragonite|Loaded Dice|[from] move: Knock Off|[of] p2a: Incineroar
|
|upkeep
|turn|4
|
|t:|1755801988
|-curestatus|p1a: Dondoctor|slp|[msg]
|move|p1a: Dondoctor|Shadow Ball|p2b: Annihilape
|-supereffective|p2b: Annihilape
|-damage|p2b: Annihilape|0 fnt
|faint|p2b: Annihilape
|move|p1b: Dragonite|Scale Shot|p2a: Incineroar
|-damage|p2a: Incineroar|91/100
|-damage|p2a: Incineroar|82/100
|-hitcount|p2a: Incineroar|2
|-unboost|p1b: Dragonite|def|1
|-boost|p1b: Dragonite|spe|1
|move|p2a: Incineroar|Knock Off|p1a: Dondoctor
|-supereffective|p1a: Dondoctor
|-damage|p1a: Dondoctor|0 fnt
|replace|p1a: Surprise!|Zoroark-Hisui, L50, F, shiny
|-end|p1a: Surprise!|Illusion
|-enditem|p1a: Surprise!|Choice Specs|[from] move: Knock Off|[of] p2a: Incineroar
|faint|p1a: Surprise!
|
|-sideend|p1: oscraft89|move: Tailwind
|upkeep
|
|t:|1755802009
|switch|p1a: Dondoctor|Dondozo, L50, M, shiny|100/100
|switch|p2b: Amoonguss|Amoonguss, L50, M|76/100
|turn|5
|
|t:|1755802063
|-terastallize|p2a: Incineroar|Grass
|-terastallize|p1a: Dondoctor|Grass
|move|p1b: Dragonite|Scale Shot|p2b: Amoonguss
|-damage|p2b: Amoonguss|66/100
|-damage|p2b: Amoonguss|57/100
|-damage|p2b: Amoonguss|47/100
|-hitcount|p2b: Amoonguss|3
|-unboost|p1b: Dragonite|def|1
|-boost|p1b: Dragonite|spe|1
|move|p2a: Incineroar|U-turn|p1b: Dragonite
|-resisted|p1b: Dragonite
|-damage|p1b: Dragonite|8/100
|
|t:|1755802075
|switch|p2a: Dragonite|Dragonite, L50, F|100/100|[from] U-turn
|move|p1a: Dondoctor|Earthquake|p2b: Amoonguss|[spread] p2b
|-immune|p1b: Dragonite
|-immune|p2a: Dragonite
|-damage|p2b: Amoonguss|22/100
|move|p2b: Amoonguss|Clear Smog|p1a: Dondoctor
|-supereffective|p1a: Dondoctor
|-damage|p1a: Dondoctor|67/100
|-clearboost|p1a: Dondoctor
|
|-heal|p1a: Dondoctor|73/100|[from] item: Leftovers
|upkeep
|turn|6
|
|t:|1755802093
|switch|p1b: The rock|Tatsugiri, L50, F, shiny|100/100
|-activate|p1b: The rock|ability: Commander|[of] p1a: Dondoctor
|-boost|p1a: Dondoctor|atk|2
|-boost|p1a: Dondoctor|spa|2
|-boost|p1a: Dondoctor|spe|2
|-boost|p1a: Dondoctor|def|2
|-boost|p1a: Dondoctor|spd|2
|switch|p2b: Incineroar|Incineroar, L50, M, tera:Grass|82/100
|-ability|p2b: Incineroar|Intimidate|boost
|-unboost|p1a: Dondoctor|atk|1
|-unboost|p1b: The rock|atk|1
|move|p2a: Dragonite|Protect|p2a: Dragonite
|-singleturn|p2a: Dragonite|Protect
|move|p1a: Dondoctor|Order Up|p2b: Incineroar
|-damage|p2b: Incineroar|50/100
|-boost|p1a: Dondoctor|atk|1
|
|-heal|p1a: Dondoctor|79/100|[from] item: Leftovers
|upkeep
|turn|7
|
|t:|1755802133
|switch|p2b: Amoonguss|Amoonguss, L50, M|56/100
|move|p1a: Dondoctor|Order Up|p2b: Amoonguss
|-damage|p2b: Amoonguss|7/100
|-boost|p1a: Dondoctor|atk|1
|move|p2a: Dragonite|Scale Shot|p1a: Dondoctor
|-damage|p1a: Dondoctor|73/100
|-damage|p1a: Dondoctor|68/100
|-damage|p1a: Dondoctor|62/100
|-damage|p1a: Dondoctor|57/100
|-crit|p1a: Dondoctor
|-damage|p1a: Dondoctor|42/100
|-hitcount|p1a: Dondoctor|5
|-unboost|p2a: Dragonite|def|1
|-boost|p2a: Dragonite|spe|1
|
|-heal|p1a: Dondoctor|47/100|[from] item: Leftovers
|upkeep
|turn|8
|
|t:|1755802155
|switch|p2b: Incineroar|Incineroar, L50, M, tera:Grass|50/100
|-ability|p2b: Incineroar|Intimidate|boost
|-unboost|p1a: Dondoctor|atk|1
|-unboost|p1b: The rock|atk|1
|move|p2a: Dragonite|Scale Shot|p1a: Dondoctor|[miss]
|-miss|p2a: Dragonite|p1a: Dondoctor
|move|p1a: Dondoctor|Order Up|p2b: Incineroar
|-damage|p2b: Incineroar|10/100
|-boost|p1a: Dondoctor|atk|1
|
|-heal|p1a: Dondoctor|53/100|[from] item: Leftovers
|upkeep
|turn|9
|
|t:|1755802172
|switch|p2a: Amoonguss|Amoonguss, L50, M|41/100
|move|p1a: Dondoctor|Protect|p1a: Dondoctor
|-singleturn|p1a: Dondoctor|Protect
|move|p2b: Incineroar|Fake Out|p1a: Dondoctor
|-activate|p1a: Dondoctor|move: Protect
|
|-heal|p1a: Dondoctor|59/100|[from] item: Leftovers
|upkeep
|turn|10
|
|t:|1755802186
|switch|p2a: Dragonite|Dragonite, L50, F|100/100
|move|p1a: Dondoctor|Order Up|p2a: Dragonite
|-supereffective|p2a: Dragonite
|-damage|p2a: Dragonite|39/100
|-boost|p1a: Dondoctor|atk|1
|move|p2b: Incineroar|U-turn|p1a: Dondoctor
|-supereffective|p1a: Dondoctor
|-damage|p1a: Dondoctor|46/100
|
|t:|1755802194
|switch|p2b: Amoonguss|Amoonguss, L50, M|74/100|[from] U-turn
|
|-heal|p1a: Dondoctor|52/100|[from] item: Leftovers
|upkeep
|turn|11
|
|t:|1755802211
|move|p2a: Dragonite|Protect|p2a: Dragonite
|-singleturn|p2a: Dragonite|Protect
|move|p1a: Dondoctor|Earthquake|p2a: Dragonite|[spread] p2b
|-miss|p1a: Dondoctor|p1b: The rock
|-activate|p2a: Dragonite|move: Protect
|-damage|p2b: Amoonguss|10/100
|move|p2b: Amoonguss|Clear Smog|p1a: Dondoctor
|-supereffective|p1a: Dondoctor
|-damage|p1a: Dondoctor|36/100
|-clearboost|p1a: Dondoctor
|
|-heal|p1a: Dondoctor|42/100|[from] item: Leftovers
|upkeep
|turn|12
|
|t:|1755802227
|switch|p2b: Incineroar|Incineroar, L50, M, tera:Grass|10/100
|-ability|p2b: Incineroar|Intimidate|boost
|-unboost|p1a: Dondoctor|atk|1
|-unboost|p1b: The rock|atk|1
|move|p2a: Dragonite|Scale Shot|p1a: Dondoctor
|-damage|p1a: Dondoctor|31/100
|-damage|p1a: Dondoctor|22/100
|-damage|p1a: Dondoctor|13/100
|-damage|p1a: Dondoctor|3/100
|-hitcount|p1a: Dondoctor|4
|-unboost|p2a: Dragonite|def|1
|-boost|p2a: Dragonite|spe|1
|move|p1a: Dondoctor|Order Up|p2a: Dragonite
|-supereffective|p2a: Dragonite
|-damage|p2a: Dragonite|4/100
|-boost|p1a: Dondoctor|atk|1
|
|-heal|p1a: Dondoctor|8/100|[from] item: Leftovers
|upkeep
|turn|13
|
|t:|1755802282
|move|p2b: Incineroar|Fake Out|p1a: Dondoctor
|-damage|p1a: Dondoctor|1/100
|move|p2a: Dragonite|Tailwind|p2a: Dragonite
|-sidestart|p2: ildrarVGC|move: Tailwind
|cant|p1a: Dondoctor|flinch
|
|-heal|p1a: Dondoctor|7/100|[from] item: Leftovers
|upkeep
|turn|14
|
|t:|1755802301
|move|p1a: Dondoctor|Protect|p1a: Dondoctor
|-singleturn|p1a: Dondoctor|Protect
|move|p2a: Dragonite|Extreme Speed|p1a: Dondoctor
|-activate|p1a: Dondoctor|move: Protect
|move|p2b: Incineroar|Knock Off|p1a: Dondoctor
|-activate|p1a: Dondoctor|move: Protect
|
|-heal|p1a: Dondoctor|13/100|[from] item: Leftovers
|upkeep
|turn|15
|
|t:|1755802305
|move|p2a: Dragonite|Extreme Speed|p1a: Dondoctor
|-damage|p1a: Dondoctor|0 fnt
|faint|p1a: Dondoctor
|move|p2b: Incineroar|Knock Off|p1b: The rock
|-damage|p1b: The rock|21/100
|-enditem|p1b: The rock|Choice Scarf|[from] move: Knock Off|[of] p2b: Incineroar
|
|upkeep
|
|t:|1755802311
|switch|p1a: Dragonite|Dragonite, L50, M, shiny|8/100
|turn|16
|
|t:|1755802321
|move|p2a: Dragonite|Extreme Speed|p1b: The rock
|-damage|p1b: The rock|0 fnt
|faint|p1b: The rock
|move|p2b: Incineroar|Knock Off|p1a: Dragonite
|-damage|p1a: Dragonite|0 fnt
|faint|p1a: Dragonite
|
|win|ildrarVGC
|raw|oscraft89's rating: 1349 → 1329(-20 for losing)
|raw|ildrarVGC's rating: 1355 → 1375(+20 for winning)
|l|☆oscraft89
|player|p1|
