|j|Ōśåcaevz027
|j|Ōśåfergalhopper
|html|caevz027fergalhopper    
|uhtml|bestof|Game 3 of a best-of-3
|t:|1784925108
|gametype|doubles
|player|p1|caevz027|1|1099
|player|p2|fergalhopper|169|1048
|gen|9
|tier|[Gen 9 Champions] VGC 2026 Reg M-B (Bo3)
|rated|
|rule|Species Clause: Limit one of each Pok├®mon
|rule|Item Clause: Limit 1 of each item
|clearpoke
|poke|p1|Charizard, L50, F|
|poke|p1|Whimsicott, L50, F|
|poke|p1|Farigiraf, L50, M|
|poke|p1|Sneasler, L50, M|
|poke|p1|Kingambit, L50, M|
|poke|p1|Garchomp, L50, F|
|poke|p2|Blaziken, L50, M|
|poke|p2|Whimsicott, L50, F|
|poke|p2|Maushold, L50|
|poke|p2|Gholdengo, L50|
|poke|p2|Tsareena, L50, F|
|poke|p2|Annihilape, L50, F|
|teampreview|4
|showteam|p1|Charizard||CharizarditeY|SolarPower|HeatWave,Protect,WeatherBall,SolarBeam|Modest||F|||50|]Whimsicott||FocusSash|Prankster|Encore,Moonblast,Tailwind,SunnyDay|Timid||F|||50|]Farigiraf||SitrusBerry|ArmorTail|Thunderbolt,Psychic,TrickRoom,HelpingHand|Modest||M|||50|]Sneasler||WhiteHerb|Unburden|FakeOut,DireClaw,CloseCombat,Protect|Adamant||M|||50|]Kingambit||ChopleBerry|Defiant|KowtowCleave,LowKick,SuckerPunch,IronHead|Adamant||M|||50|]Garchomp||LifeOrb|RoughSkin|RockSlide,Earthquake,DragonClaw,Protect|Jolly||F|||50|
|showteam|p2|Blaziken||Blazikenite|SpeedBoost|FlareBlitz,CloseCombat,RockSlide,Protect|Adamant||M|||50|]Whimsicott||FocusSash|Prankster|Moonblast,Tailwind,Charm,Protect|Timid||F|||50|]Maushold||WideLens|Technician|Protect,PopulationBomb,Feint,FollowMe|Adamant|||||50|]Gholdengo||LifeOrb|GoodasGold|MakeItRain,ShadowBall,NastyPlot,Protect|Modest|||||50|]Tsareena||LightClay|QueenlyMajesty|TropKick,LightScreen,Reflect,Taunt|Careful||F|||50|]Annihilape||SitrusBerry|Defiant|PhantomForce,CloseCombat,RockTomb,Protect|Adamant||F|||50|
|
|t:|1784925135
|teamsize|p1|4
|teamsize|p2|4
|start
|switch|p1a: Whimsicott|Whimsicott, L50, F|100/100
|switch|p1b: Charizard|Charizard, L50, F|100/100
|switch|p2a: Tsareena|Tsareena, L50, F|100/100
|switch|p2b: Blaziken|Blaziken, L50, M|100/100
|turn|1
|inactive|Battle timer is ON: inactive players will automatically lose when time's up. (requested by caevz027)
|
|t:|1784925151
|detailschange|p1b: Charizard|Charizard-Mega-Y, L50, F
|-mega|p1b: Charizard|Charizard|Charizardite Y
|-weather|SunnyDay|[from] ability: Drought|[of] p1b: Charizard
|detailschange|p2b: Blaziken|Blaziken-Mega, L50, M
|-mega|p2b: Blaziken|Blaziken|Blazikenite
|move|p2b: Blaziken|Protect|p2b: Blaziken
|-singleturn|p2b: Blaziken|Protect
|move|p1a: Whimsicott|Tailwind|p1a: Whimsicott
|-sidestart|p1: caevz027|move: Tailwind
|move|p1b: Charizard|Weather Ball|p2a: Tsareena
|-supereffective|p2a: Tsareena|1
|-crit|p2a: Tsareena
|-damage|p2a: Tsareena|0 fnt
|faint|p2a: Tsareena
|
|-weather|SunnyDay|[upkeep]
|-ability|p2b: Blaziken|Speed Boost|boost
|-boost|p2b: Blaziken|spe|1
|upkeep
|c|Ōśåcaevz027|ggs
|
|t:|1784925168
|switch|p2a: Maushold|Maushold, L50|100/100
|turn|2
|c|Ōśåfergalhopper|That crit definitely mattered
|c|Ōśåfergalhopper|Nice play
|
|t:|1784925191
|switch|p1b: Farigiraf|Farigiraf, L50, M|100/100
|switch|p2b: Annihilape|Annihilape, L50, F|100/100
|move|p1a: Whimsicott|Moonblast|p2a: Maushold
|-damage|p2a: Maushold|59/100
|move|p2a: Maushold|Population Bomb|p1b: Farigiraf
|-damage|p1b: Farigiraf|88/100
|-damage|p1b: Farigiraf|77/100
|-damage|p1b: Farigiraf|67/100
|-crit|p1b: Farigiraf
|-damage|p1b: Farigiraf|50/100g
|-damage|p1b: Farigiraf|39/100
|-enditem|p1b: Farigiraf|Sitrus Berry|[eat]
|-heal|p1b: Farigiraf|64/100|[from] item: Sitrus Berry
|-damage|p1b: Farigiraf|53/100
|-damage|p1b: Farigiraf|42/100
|-damage|p1b: Farigiraf|30/100
|-damage|p1b: Farigiraf|18/100
|-damage|p1b: Farigiraf|7/100
|-hitcount|p1b: Farigiraf|10
|
|-weather|SunnyDay|[upkeep]
|upkeep
|turn|3
|inactive|fergalhopper has 30 seconds left.
|
|t:|1784925221
|switch|p1a: Sneasler|Sneasler, L50, M|100/100
|move|p2a: Maushold|Feint||[still]
|cant|p1b: Farigiraf|ability: Armor Tail|Feint|[of] p2a: Maushold
|move|p1b: Farigiraf|Psychic|p2a: Maushold
|-damage|p2a: Maushold|0 fnt
|faint|p2a: Maushold
|move|p2b: Annihilape|Rock Tomb|p1a: Sneasler
|-resisted|p1a: Sneasler|1
|-damage|p1a: Sneasler|81/100
|-unboost|p1a: Sneasler|spe|1
|-enditem|p1a: Sneasler|White Herb
|-clearnegativeboost|p1a: Sneasler|[silent]
|
|-weather|SunnyDay|[upkeep]
|upkeep
|c|Ōśåfergalhopper|lol. Whoops
|
|t:|1784925235
|switch|p2a: Blaziken|Blaziken-Mega, L50, M|100/100
|turn|4
|
|t:|1784925251
|switch|p1b: Whimsicott|Whimsicott, L50, F|100/100
|move|p1a: Sneasler|Dire Claw|p2b: Annihilape
|-resisted|p2b: Annihilape|1
|-damage|p2b: Annihilape|78/100
|-status|p2b: Annihilape|slp
|move|p2a: Blaziken|Rock Slide|p1b: Whimsicott|[spread] p1a,p1b
|-resisted|p1a: Sneasler|1
|-damage|p1a: Sneasler|58/100
|-damage|p1b: Whimsicott|68/100
|cant|p2b: Annihilape|slp
|
|-weather|SunnyDay|[upkeep]
|-sideend|p1: caevz027|move: Tailwind
|-ability|p2a: Blaziken|Speed Boost|boost
|-boost|p2a: Blaziken|spe|1
|upkeep
|turn|5
|
|t:|1784925275
|move|p1b: Whimsicott|Encore|p2a: Blaziken
|-start|p2a: Blaziken|Encore
|move|p1a: Sneasler|Dire Claw|p2a: Blaziken
|-damage|p2a: Blaziken|35/100
|move|p2a: Blaziken|Rock Slide|p1b: Whimsicott|[spread] p1a,p1b
|-resisted|p1a: Sneasler|1
|-damage|p1a: Sneasler|36/100
|-damage|p1b: Whimsicott|37/100
|cant|p2b: Annihilape|slp
|
|-weather|none
|-ability|p2a: Blaziken|Speed Boost|boost
|-boost|p2a: Blaziken|spe|1
|upkeep
|turn|6
|
|t:|1784925293
|move|p1b: Whimsicott|Tailwind|p1b: Whimsicott
|-sidestart|p1: caevz027|move: Tailwind
|move|p1a: Sneasler|Dire Claw|p2a: Blaziken
|-damage|p2a: Blaziken|0 fnt
|faint|p2a: Blaziken
|-curestatus|p2b: Annihilape|slp|[msg]
|move|p2b: Annihilape|Rock Tomb|p1a: Sneasler
|-resisted|p1a: Sneasler|1
|-damage|p1a: Sneasler|19/100
|-unboost|p1a: Sneasler|spe|1
|
|upkeep
|turn|7
|
|t:|1784925317
|move|p1a: Sneasler|Dire Claw|p2b: Annihilape
|-resisted|p2b: Annihilape|1
|-damage|p2b: Annihilape|58/100
|move|p1b: Whimsicott|Moonblast|p2b: Annihilape
|-supereffective|p2b: Annihilape|1
|-damage|p2b: Annihilape|11/100
|-enditem|p2b: Annihilape|Sitrus Berry|[eat]
|-heal|p2b: Annihilape|35/100|[from] item: Sitrus Berry
|move|p2b: Annihilape|Rock Tomb|p1a: Sneasler|[miss]
|-miss|p2b: Annihilape|p1a: Sneasler
|
|upkeep
|turn|8
|
|t:|1784925331
|move|p1a: Sneasler|Dire Claw|p2b: Annihilape
|-resisted|p2b: Annihilape|1
|-damage|p2b: Annihilape|13/100
|move|p1b: Whimsicott|Moonblast|p2b: Annihilape
|-supereffective|p2b: Annihilape|1
|-damage|p2b: Annihilape|0 fnt
|faint|p2b: Annihilape
|
|win|caevz027
|raw|caevz027's rating: 1099 → 1120(+21 for winning)
|raw|fergalhopper's rating: 1048 → 1033(-15 for losing)
|c|Ōśåfergalhopper|gg wp
