|j|☆the rainy mouse
|j|☆goat pincurchin
|html|the rainy mousegoat pincurchin    
|uhtml|bestof|Game 2 of a best-of-3
|t:|1785837165
|gametype|doubles
|player|p1|the rainy mouse|170|1365
|player|p2|goat pincurchin|102|1454
|gen|9
|tier|[Gen 9 Champions] VGC 2026 Reg M-B (Bo3)
|rated|
|rule|Species Clause: Limit one of each Pokémon
|rule|Item Clause: Limit 1 of each item
|clearpoke
|poke|p1|Staraptor, L50, F|
|poke|p1|Raichu, L50, F|
|poke|p1|Sylveon, L50, M, shiny|
|poke|p1|Farigiraf, L50, M, shiny|
|poke|p1|Arcanine-Hisui, L50, M|
|poke|p1|Kingambit, L50, F|
|poke|p2|Froslass, L50, F|
|poke|p2|Basculegion, L50, M|
|poke|p2|Kingambit, L50, M|
|poke|p2|Sneasler, L50, F|
|poke|p2|Lycanroc-Dusk, L50, F|
|poke|p2|Scovillain, L50, M|
|teampreview|4
|showteam|p1|Staraptor||Staraptite|Intimidate|Tailwind,Protect,CloseCombat,DualWingbeat|Jolly||F|||50|]Raichu||RaichuniteY|LightningRod|FakeOut,ZapCannon,FocusBlast,Protect|Timid||F|||50|]Sylveon||FairyFeather|Pixilate|Detect,HyperVoice,QuickAttack,HyperBeam|Modest||M|||50|]Farigiraf||SitrusBerry|ArmorTail|Psychic,TrickRoom,HelpingHand,Protect|Calm||M|||50|]Arcanine-Hisui||FocusSash|RockHead|Protect,ExtremeSpeed,HeadSmash,FlareBlitz|Jolly||M|||50|]Kingambit||LifeOrb|Defiant|Protect,KowtowCleave,SwordsDance,SuckerPunch|Adamant||F|||50|
|showteam|p2|Froslass||Froslassite|SnowCloak|Blizzard,ShadowBall,AuroraVeil,Protect|Modest||F|||50|]Basculegion||SitrusBerry|Adaptability|WaveCrash,LastRespects,AquaJet,Protect|Adamant||M|||50|]Kingambit||BlackGlasses|Defiant|KowtowCleave,SuckerPunch,SwordsDance,Protect|Adamant||M|||50|]Sneasler||LifeOrb|PoisonTouch|CloseCombat,DireClaw,Protect,FakeOut|Jolly||F|||50|]Lycanroc-Dusk||FocusSash|ToughClaws|CloseCombat,Accelerock,RockSlide,Protect|Adamant||F|||50|]Scovillain||Scovillainite|Chlorophyll|GigaDrain,Overheat,RagePowder,Protect|Bold||M|||50|
|inactive|Battle timer is ON: inactive players will automatically lose when time's up. (requested by the rainy mouse)
|
|t:|1785837208
|teamsize|p1|4
|teamsize|p2|4
|start
|switch|p1a: Staraptor|Staraptor, L50, F|100/100
|switch|p1b: Arcanine|Arcanine-Hisui, L50, M|100/100
|switch|p2a: Kingambit|Kingambit, L50, M|100/100
|switch|p2b: Basculegion|Basculegion, L50, M|100/100
|-ability|p1a: Staraptor|Intimidate|boost
|-unboost|p2a: Kingambit|atk|1
|-ability|p2a: Kingambit|Defiant|boost
|-boost|p2a: Kingambit|atk|2
|-unboost|p2b: Basculegion|atk|1
|turn|1
|
|t:|1785837225
|detailschange|p1a: Staraptor|Staraptor-Mega, L50, F
|-mega|p1a: Staraptor|Staraptor|Staraptite
|move|p2a: Kingambit|Protect|p2a: Kingambit
|-singleturn|p2a: Kingambit|Protect
|move|p1a: Staraptor|Close Combat|p2a: Kingambit
|-activate|p2a: Kingambit|move: Protect
|move|p1b: Arcanine|Head Smash|p2b: Basculegion
|-damage|p2b: Basculegion|8/100
|-enditem|p2b: Basculegion|Sitrus Berry|[eat]
|-heal|p2b: Basculegion|33/100|[from] item: Sitrus Berry
|move|p2b: Basculegion|Wave Crash|p1b: Arcanine
|-supereffective|p1b: Arcanine|2
|-enditem|p1b: Arcanine|Focus Sash
|-damage|p1b: Arcanine|1/100
|-damage|p2b: Basculegion|5/100|[from] Recoil
|
|upkeep
|turn|2
|inactive|goat pincurchin has 30 seconds left.
|
|t:|1785837258
|switch|p1b: Farigiraf|Farigiraf, L50, M, shiny|100/100
|move|p2a: Kingambit|Sucker Punch||[still]
|cant|p1b: Farigiraf|ability: Armor Tail|Sucker Punch|[of] p2a: Kingambit
|move|p1a: Staraptor|Close Combat|p2a: Kingambit
|-supereffective|p2a: Kingambit|2
|-damage|p2a: Kingambit|0 fnt
|-boost|p1a: Staraptor|def|1
|-boost|p1a: Staraptor|spd|1
|faint|p2a: Kingambit
|move|p2b: Basculegion|Last Respects|p1a: Staraptor
|-damage|p1a: Staraptor|72/100
|
|upkeep
|
|t:|1785837269
|switch|p2a: Scovillain|Scovillain, L50, M|100/100
|turn|3
|
|t:|1785837279
|detailschange|p2a: Scovillain|Scovillain-Mega, L50, M
|-mega|p2a: Scovillain|Scovillain|Scovillainite
|move|p1a: Staraptor|Close Combat|p2a: Scovillain
|-damage|p2a: Scovillain|45/100
|-boost|p1a: Staraptor|def|1
|-boost|p1a: Staraptor|spd|1
|-status|p1a: Staraptor|brn|[from] ability: Spicy Spray|[of] p2a: Scovillain
|move|p2b: Basculegion|Last Respects|p1a: Staraptor
|-damage|p1a: Staraptor|49/100 brn
|move|p2a: Scovillain|Overheat|p1a: Staraptor
|-damage|p1a: Staraptor|20/100y brn
|-unboost|p2a: Scovillain|spa|2
|move|p1b: Farigiraf|Psychic|p2b: Basculegion
|-damage|p2b: Basculegion|0 fnt
|faint|p2b: Basculegion
|
|-damage|p1a: Staraptor|14/100 brn|[from] brn
|upkeep
|
|t:|1785837287
|switch|p2b: Sneasler|Sneasler, L50, F|100/100
|turn|4
|inactive|goat pincurchin has 30 seconds left.
|
|t:|1785837312
|move|p2a: Scovillain|Rage Powder|p2a: Scovillain
|-singleturn|p2a: Scovillain|move: Rage Powder
|move|p2b: Sneasler|Dire Claw|p1a: Staraptor
|-damage|p1a: Staraptor|0 fnt
|faint|p1a: Staraptor
|-damage|p2b: Sneasler|90/100|[from] item: Life Orb
|move|p1b: Farigiraf|Trick Room|p1b: Farigiraf
|-fieldstart|move: Trick Room|[of] p1b: Farigiraf
|
|upkeep
|
|t:|1785837316
|switch|p1a: Sylveon|Sylveon, L50, M, shiny|100/100
|turn|5
|
|t:|1785837325
|move|p1b: Farigiraf|Psychic|p2b: Sneasler
|-supereffective|p2b: Sneasler|2
|-damage|p2b: Sneasler|0 fnt
|faint|p2b: Sneasler
|move|p1a: Sylveon|Hyper Voice|p2a: Scovillain
|-resisted|p2a: Scovillain|1
|-damage|p2a: Scovillain|12/100
|-status|p1a: Sylveon|brn|[from] ability: Spicy Spray|[of] p2a: Scovillain
|move|p2a: Scovillain|Giga Drain|p1b: Farigiraf
|-damage|p1b: Farigiraf|86/100
|-heal|p2a: Scovillain|20/100y|[from] drain|[of] p1b: Farigiraf
|
|-damage|p1a: Sylveon|93/100 brn|[from] brn
|upkeep
|turn|6
|
|t:|1785837330
|move|p1b: Farigiraf|Psychic|p2a: Scovillain
|-damage|p2a: Scovillain|0 fnt
|-status|p1b: Farigiraf|brn|[from] ability: Spicy Spray|[of] p2a: Scovillain
|faint|p2a: Scovillain
|
|win|the rainy mouse
|raw|the rainy mouse's rating: 1365 → 1390(+25 for winning)
|raw|goat pincurchin's rating: 1454 → 1429(-25 for losing)
|l|☆goat pincurchin
|player|p2|
