|j|☆mikelpoyarzabal
|j|☆rowletspin
|html|mikelpoyarzabalrowletspin    
|uhtml|bestof|Game 2 of a best-of-3
|t:|1785339804
|gametype|doubles
|player|p1|mikelpoyarzabal|arven-s|1279
|player|p2|rowletspin|265|1364
|gen|9
|tier|[Gen 9 Champions] VGC 2026 Reg M-B (Bo3)
|rated|
|rule|Species Clause: Limit one of each Pokémon
|rule|Item Clause: Limit 1 of each item
|clearpoke
|poke|p1|Gengar, L50, M|
|poke|p1|Swampert, L50, M|
|poke|p1|Incineroar, L50, M|
|poke|p1|Politoed, L50, M|
|poke|p1|Archaludon, L50, M|
|poke|p1|Vivillon, L50, M|
|poke|p2|Arcanine-Hisui, L50, F|
|poke|p2|Staraptor, L50, F|
|poke|p2|Farigiraf, L50, M|
|poke|p2|Sylveon, L50, F|
|poke|p2|Kingambit, L50, M|
|poke|p2|Raichu, L50, M|
|teampreview|4
|showteam|p1|Gengar||Gengarite|CursedBody|ShadowBall,SludgeBomb,Protect,PerishSong|Timid||M|||50|]Swampert||Swampertite|Torrent|WaveCrash,Earthquake,IcePunch,Protect|Adamant||M|||50|]Incineroar||PasshoBerry|Intimidate|ThroatChop,PartingShot,FakeOut,Protect|Sassy||M|||50|]Politoed||SitrusBerry|Drizzle|WeatherBall,PerishSong,Encore,Protect|Calm||M|||50|]Archaludon||Leftovers|Stamina|DragonPulse,FlashCannon,ElectroShot,Protect|Bold||M|||50|]Vivillon||FocusSash|CompoundEyes|Hurricane,SleepPowder,RagePowder,Protect|Timid||M|||50|
|showteam|p2|Arcanine-Hisui||FocusSash|RockHead|Protect,ExtremeSpeed,HeadSmash,FlareBlitz|Jolly||F|||50|]Staraptor||Staraptite|Intimidate|Tailwind,Protect,CloseCombat,BraveBird|Jolly||F|||50|]Farigiraf||SitrusBerry|ArmorTail|Protect,TwinBeam,TrickRoom,HelpingHand|Calm||M|||50|]Sylveon||FairyFeather|Pixilate|Protect,HyperBeam,HyperVoice,QuickAttack|Modest||F|||50|]Kingambit||LifeOrb|Defiant|Protect,KowtowCleave,SwordsDance,SuckerPunch|Adamant||M|||50|]Raichu||RaichuniteY|LightningRod|Protect,ZapCannon,FakeOut,FocusBlast|Timid||M|||50|
|inactive|Battle timer is ON: inactive players will automatically lose when time's up. (requested by mikelpoyarzabal)
|inactive|rowletspin also wants the timer to be on.
|
|t:|1785339826
|teamsize|p1|4
|teamsize|p2|4
|start
|switch|p1a: Vivillon|Vivillon, L50, M|100/100
|switch|p1b: Swampert|Swampert, L50, M|100/100
|switch|p2a: Staraptor|Staraptor, L50, F|100/100
|switch|p2b: Sylveon|Sylveon, L50, F|100/100
|-ability|p2a: Staraptor|Intimidate|boost
|-unboost|p1a: Vivillon|atk|1
|-unboost|p1b: Swampert|atk|1
|turn|1
|inactive|mikelpoyarzabal has 30 seconds left.
|
|t:|1785339858
|detailschange|p2a: Staraptor|Staraptor-Mega, L50, F
|-mega|p2a: Staraptor|Staraptor|Staraptite
|detailschange|p1b: Swampert|Swampert-Mega, L50, M
|-mega|p1b: Swampert|Swampert|Swampertite
|move|p2b: Sylveon|Quick Attack|p1a: Vivillon
|-damage|p1a: Vivillon|74/100
|move|p2a: Staraptor|Brave Bird|p1a: Vivillon
|-supereffective|p1a: Vivillon|1
|-damage|p1a: Vivillon|0 fnt
|faint|p1a: Vivillon
|-damage|p2a: Staraptor|80/100|[from] Recoil
|move|p1b: Swampert|Earthquake|p2a: Staraptor|[spread] p2b
|-immune|p2a: Staraptor
|-damage|p2b: Sylveon|67/100
|
|upkeep
|
|t:|1785339865
|switch|p1a: Politoed|Politoed, L50, M|100/100
|-weather|RainDance|[from] ability: Drizzle|[of] p1a: Politoed
|turn|2
|
|t:|1785339886
|move|p1b: Swampert|Wave Crash|p2a: Staraptor
|-damage|p2a: Staraptor|13/100
|-damage|p1b: Swampert|77/100|[from] Recoil
|move|p2a: Staraptor|Close Combat|p1a: Politoed
|-damage|p1a: Politoed|45/100
|-boost|p2a: Staraptor|def|1
|-boost|p2a: Staraptor|spd|1
|-enditem|p1a: Politoed|Sitrus Berry|[eat]
|-heal|p1a: Politoed|70/100|[from] item: Sitrus Berry
|move|p1a: Politoed|Weather Ball|p2a: Staraptor
|-damage|p2a: Staraptor|0 fnt
|faint|p2a: Staraptor
|move|p2b: Sylveon|Hyper Voice|p1b: Swampert|[spread] p1a,p1b
|-damage|p1a: Politoed|30/100
|-damage|p1b: Swampert|32/100
|
|-weather|RainDance|[upkeep]
|upkeep
|
|t:|1785339899
|switch|p2a: Kingambit|Kingambit, L50, M|100/100
|turn|3
|
|t:|1785339908
|switch|p1b: Archaludon|Archaludon, L50, M|100/100
|move|p2a: Kingambit|Sucker Punch||[still]
|-fail|p2a: Kingambit
|move|p1a: Politoed|Perish Song|p1a: Politoed
|-start|p1a: Politoed|perish3|[silent]
|-start|p1b: Archaludon|perish3|[silent]
|-start|p2a: Kingambit|perish3|[silent]
|-start|p2b: Sylveon|perish3|[silent]
|-fieldactivate|move: Perish Song
|move|p2b: Sylveon|Hyper Voice|p1b: Archaludon|[spread] p1a,p1b
|-damage|p1a: Politoed|0 fnt
|-damage|p1b: Archaludon|55/100
|-ability|p1b: Archaludon|Stamina|boost
|-boost|p1b: Archaludon|def|1
|faint|p1a: Politoed
|
|-weather|RainDance|[upkeep]
|-heal|p1b: Archaludon|61/100|[from] item: Leftovers
|-start|p1b: Archaludon|perish3
|-start|p2a: Kingambit|perish3
|-start|p2b: Sylveon|perish3
|upkeep
|
|t:|1785339915
|switch|p1a: Swampert|Swampert-Mega, L50, M|32/100
|turn|4
|inactive|mikelpoyarzabal has 30 seconds left.
|
|t:|1785339950
|switch|p2b: Farigiraf|Farigiraf, L50, M|100/100
|move|p1a: Swampert|Protect|p1a: Swampert
|-singleturn|p1a: Swampert|Protect
|move|p2a: Kingambit|Protect|p2a: Kingambit
|-singleturn|p2a: Kingambit|Protect
|move|p1b: Archaludon|Electro Shot||[still]
|-prepare|p1b: Archaludon|Electro Shot
|-boost|p1b: Archaludon|spa|1
|-anim|p1b: Archaludon|Electro Shot|p2b: Farigiraf
|-damage|p2b: Farigiraf|57/100
|
|-weather|RainDance|[upkeep]
|-heal|p1b: Archaludon|68/100|[from] item: Leftovers
|-start|p1b: Archaludon|perish2
|-start|p2a: Kingambit|perish2
|upkeep
|turn|5
|inactive|rowletspin has 30 seconds left.
|
|t:|1785339977
|move|p1a: Swampert|Protect||[still]
|-fail|p1a: Swampert
|move|p2a: Kingambit|Sucker Punch||[still]
|-fail|p2a: Kingambit
|move|p1b: Archaludon|Electro Shot||[still]
|-prepare|p1b: Archaludon|Electro Shot
|-boost|p1b: Archaludon|spa|1
|-anim|p1b: Archaludon|Electro Shot|p2a: Kingambit
|-damage|p2a: Kingambit|25/100
|move|p2b: Farigiraf|Twin Beam|p1a: Swampert
|-damage|p1a: Swampert|19/100
|-damage|p1a: Swampert|6/100
|-hitcount|p1a: Swampert|2
|
|-weather|RainDance|[upkeep]
|-heal|p1b: Archaludon|74/100|[from] item: Leftovers
|-start|p1b: Archaludon|perish1
|-start|p2a: Kingambit|perish1
|upkeep
|turn|6
|inactive|mikelpoyarzabal has 30 seconds left.
|inactive|rowletspin has 30 seconds left.
|-message|mikelpoyarzabal forfeited.
|
|win|rowletspin
|raw|mikelpoyarzabal's rating: 1279 → 1260(-19 for losing)
|raw|rowletspin's rating: 1364 → 1379(+15 for winning)
