|j|â˜†jeanryupr
|j|â˜†KopeensHobbyShop
|html|jeanryuprKopeensHobbyShop    
|uhtml|bestof|Game 1 of a best-of-3
|t:|1786153835
|gametype|doubles
|player|p1|jeanryupr|1|1273
|player|p2|KopeensHobbyShop|crasherwake|1324
|gen|9
|tier|[Gen 9 Champions] VGC 2026 Reg M-B (Bo3)
|rated|
|rule|Species Clause: Limit one of each PokÃ©mon
|rule|Item Clause: Limit 1 of each item
|clearpoke
|poke|p1|Staraptor, L50, M|
|poke|p1|Glimmora, L50, F|
|poke|p1|Whimsicott, L50, F|
|poke|p1|Kingambit, L50, M|
|poke|p1|Garchomp, L50, M|
|poke|p1|Delphox, L50, M|
|poke|p2|Hydreigon, L50, M|
|poke|p2|Charizard, L50, M|
|poke|p2|Incineroar, L50, F|
|poke|p2|Toxapex, L50, F|
|poke|p2|Gengar, L50, M|
|poke|p2|Garchomp, L50, M|
|teampreview|4
|showteam|p1|Staraptor||Staraptite|Intimidate|CloseCombat,BraveBird,Roost,Protect|Jolly||M|||50|]Glimmora||FocusSash|ToxicDebris|PowerGem,SludgeBomb,EarthPower,SpikyShield|Modest||F|||50|]Whimsicott||OccaBerry|Prankster|Tailwind,Moonblast,Charm,LightScreen|Timid||F|||50|]Kingambit||ChopleBerry|Defiant|KowtowCleave,IronHead,LowKick,SuckerPunch|Adamant||M|||50|]Garchomp||ChoiceScarf|RoughSkin|Earthquake,DragonClaw,RockSlide,StompingTantrum|Adamant||M|||50|]Delphox||Delphoxite|Blaze|HeatWave,Psychic,Encore,Protect|Timid||M|||50|
|showteam|p2|Hydreigon||ChopleBerry|Levitate|Protect,DracoMeteor,Snarl,DarkPulse|Timid||M|||50|]Charizard||CharizarditeY|Blaze|Protect,HeatWave,SolarBeam,WeatherBall|Timid||M|||50|]Incineroar||PasshoBerry|Intimidate|FakeOut,ThroatChop,PartingShot,Protect|Impish||F|||50|]Toxapex||Leftovers|Regenerator|Infestation,Toxic,BanefulBunker,WideGuard|Bold||F|||50|]Gengar||Gengarite|CursedBody|ShadowBall,PerishSong,Disable,Protect|Timid||M|||50|]Garchomp||SitrusBerry|RoughSkin|Earthquake,RockSlide,DragonClaw,Protect|Adamant||M|||50|
|c|â˜†KopeensHobbyShop|glhf!
|
|t:|1786153865
|teamsize|p1|4
|teamsize|p2|4
|start
|switch|p1a: Whimsicott|Whimsicott, L50, F|100/100
|switch|p1b: Glimmora|Glimmora, L50, F|100/100
|switch|p2a: Incineroar|Incineroar, L50, F|100/100
|switch|p2b: Gengar|Gengar, L50, M|100/100
|-ability|p2a: Incineroar|Intimidate|boost
|-unboost|p1a: Whimsicott|atk|1
|-unboost|p1b: Glimmora|atk|1
|turn|1
|
|t:|1786153878
|detailschange|p2b: Gengar|Gengar-Mega, L50, M
|-mega|p2b: Gengar|Gengar|Gengarite
|move|p2a: Incineroar|Fake Out|p1b: Glimmora
|-resisted|p1b: Glimmora|1
|-damage|p1b: Glimmora|93/100
|-activate|p1b: Glimmora|ability: Toxic Debris
|-sidestart|p2: KopeensHobbyShop|move: Toxic Spikes
|move|p1a: Whimsicott|Tailwind|p1a: Whimsicott
|-sidestart|p1: jeanryupr|move: Tailwind
|cant|p1b: Glimmora|flinch
|move|p2b: Gengar|Perish Song|p2b: Gengar
|-start|p1a: Whimsicott|perish3|[silent]
|-start|p1b: Glimmora|perish3|[silent]
|-start|p2a: Incineroar|perish3|[silent]
|-start|p2b: Gengar|perish3|[silent]
|-fieldactivate|move: Perish Song
|
|-start|p1a: Whimsicott|perish3
|-start|p1b: Glimmora|perish3
|-start|p2b: Gengar|perish3
|-start|p2a: Incineroar|perish3
|upkeep
|turn|2
|
|t:|1786153895
|move|p2b: Gengar|Protect|p2b: Gengar
|-singleturn|p2b: Gengar|Protect
|move|p2a: Incineroar|Protect|p2a: Incineroar
|-singleturn|p2a: Incineroar|Protect
|move|p1a: Whimsicott|Light Screen|p1a: Whimsicott
|-sidestart|p1: jeanryupr|move: Light Screen
|move|p1b: Glimmora|Earth Power|p2a: Incineroar
|-activate|p2a: Incineroar|move: Protect
|
|-start|p1a: Whimsicott|perish2
|-start|p1b: Glimmora|perish2
|-start|p2b: Gengar|perish2
|-start|p2a: Incineroar|perish2
|upkeep
|turn|3
|
|t:|1786153920
|switch|p2b: Garchomp|Garchomp, L50, M|100/100
|-status|p2b: Garchomp|psn
|move|p1a: Whimsicott|Moonblast|p2a: Incineroar
|-crit|p2a: Incineroar
|-damage|p2a: Incineroar|61/100
|move|p1b: Glimmora|Earth Power|p2a: Incineroar
|-supereffective|p2a: Incineroar|1
|-damage|p2a: Incineroar|2/100
|move|p2a: Incineroar|Parting Shot|p1a: Whimsicott
|-unboost|p1a: Whimsicott|atk|1
|-unboost|p1a: Whimsicott|spa|1
|
|t:|1786153933
|switch|p2a: Gengar|Gengar-Mega, L50, M|100/100|[from] Parting Shot
|-sideend|p2: KopeensHobbyShop|move: Toxic Spikes|[of] p2a: Gengar
|
|-damage|p2b: Garchomp|87/100 psn|[from] psn
|-start|p1a: Whimsicott|perish1
|-start|p1b: Glimmora|perish1
|upkeep
|turn|4
|inactive|Battle timer is ON: inactive players will automatically lose when time's up. (requested by KopeensHobbyShop)
|
|t:|1786153944
|move|p2a: Gengar|Protect|p2a: Gengar
|-singleturn|p2a: Gengar|Protect
|move|p2b: Garchomp|Protect|p2b: Garchomp
|-singleturn|p2b: Garchomp|Protect
|move|p1a: Whimsicott|Moonblast|p2b: Garchomp
|-activate|p2b: Garchomp|move: Protect
|move|p1b: Glimmora|Earth Power|p2a: Gengar
|-activate|p2a: Gengar|move: Protect
|
|-damage|p2b: Garchomp|75/100 psn|[from] psn
|-start|p1a: Whimsicott|perish0
|-start|p1b: Glimmora|perish0
|faint|p1a: Whimsicott
|faint|p1b: Glimmora
|-sideend|p1: jeanryupr|move: Tailwind
|upkeep
|
|t:|1786153947
|switch|p1a: Delphox|Delphox, L50, M|100/100
|switch|p1b: Garchomp|Garchomp, L50, M|100/100
|turn|5
|c|â˜†KopeensHobbyShop|crit almost mattered haha
|inactive|KopeensHobbyShop has 30 seconds left.
|
|t:|1786153974
|switch|p2a: Hydreigon|Hydreigon, L50, M|100/100
|switch|p2b: Incineroar|Incineroar, L50, F|2/100
|-ability|p2b: Incineroar|Intimidate|boost
|-unboost|p1a: Delphox|atk|1
|-unboost|p1b: Garchomp|atk|1
|detailschange|p1a: Delphox|Delphox-Mega, L50, M
|-mega|p1a: Delphox|Delphox|Delphoxite
|move|p1b: Garchomp|Dragon Claw|p2b: Incineroar
|-damage|p2b: Incineroar|0 fnt
|faint|p2b: Incineroar
|move|p1a: Delphox|Psychic|p2a: Hydreigon
|-immune|p2a: Hydreigon
|
|upkeep
|inactive|KopeensHobbyShop has 30 seconds left.
|
|t:|1786154000
|switch|p2b: Gengar|Gengar-Mega, L50, M|100/100
|turn|6
|
|t:|1786154020
|move|p1b: Garchomp|Dragon Claw|p2b: Gengar
|-damage|p2b: Gengar|69/100
|move|p1a: Delphox|Psychic|p2b: Gengar
|-supereffective|p2b: Gengar|1
|-damage|p2b: Gengar|0 fnt
|faint|p2b: Gengar
|move|p2a: Hydreigon|Snarl|p1a: Delphox|[spread] p1a,p1b
|-supereffective|p1a: Delphox|1
|-damage|p1a: Delphox|75/100
|-damage|p1b: Garchomp|84/100
|-unboost|p1a: Delphox|spa|1
|-unboost|p1b: Garchomp|spa|1
|
|-sideend|p1: jeanryupr|move: Light Screen
|upkeep
|
|t:|1786154032
|switch|p2b: Garchomp|Garchomp, L50, M|75/100 psn
|turn|7
|
|t:|1786154050
|move|p2b: Garchomp|Protect|p2b: Garchomp
|-singleturn|p2b: Garchomp|Protect
|move|p1b: Garchomp|Dragon Claw|p2b: Garchomp
|-activate|p2b: Garchomp|move: Protect
|move|p1a: Delphox|Heat Wave|p2a: Hydreigon|[spread] p2a
|-activate|p2b: Garchomp|move: Protect
|-resisted|p2a: Hydreigon|1
|-damage|p2a: Hydreigon|84/100
|move|p2a: Hydreigon|Draco Meteor|p1b: Garchomp
|-supereffective|p1b: Garchomp|1
|-damage|p1b: Garchomp|0 fnt
|-unboost|p2a: Hydreigon|spa|2
|faint|p1b: Garchomp
|
|-damage|p2b: Garchomp|63/100 psn|[from] psn
|upkeep
|turn|8
|
|t:|1786154065
|move|p1a: Delphox|Heat Wave|p2b: Garchomp|[spread] p2a,p2b
|-resisted|p2a: Hydreigon|1
|-resisted|p2b: Garchomp|1
|-damage|p2a: Hydreigon|69/100
|-damage|p2b: Garchomp|50/100y psn
|-enditem|p2b: Garchomp|Sitrus Berry|[eat]
|-heal|p2b: Garchomp|74/100 psn|[from] item: Sitrus Berry
|move|p2a: Hydreigon|Snarl|p1a: Delphox
|-supereffective|p1a: Delphox|1
|-damage|p1a: Delphox|46/100
|-unboost|p1a: Delphox|spa|1
|move|p2b: Garchomp|Dragon Claw|p1a: Delphox
|-damage|p1a: Delphox|0 fnt
|faint|p1a: Delphox
|
|win|KopeensHobbyShop
