|j|☆ogden2
|j|☆hexagonfoot
|html|ogden2hexagonfoot    
|uhtml|bestof|Game 2 of a best-of-3
|t:|1757745346
|gametype|doubles
|player|p1|ogden2|gambler|1156
|player|p2|hexagonfoot|caitlin|1219
|gen|9
|tier|[Gen 9] VGC 2025 Reg H (Bo3)
|rated|
|rule|Species Clause: Limit one of each Pokémon
|rule|Item Clause: Limit 1 of each item
|clearpoke
|poke|p1|Tyranitar, L50, M|
|poke|p1|Excadrill, L50, M|
|poke|p1|Dragapult, L50, F|
|poke|p1|Farigiraf, L50, F|
|poke|p1|Volcarona, L50, M|
|poke|p1|Amoonguss, L50, F|
|poke|p2|Sneasler, L50, M|
|poke|p2|Dragonite, L50, M|
|poke|p2|Ursaluna-Bloodmoon, L50, M|
|poke|p2|Rillaboom, L50, M|
|poke|p2|Gholdengo, L50|
|poke|p2|Electabuzz, L50, F|
|teampreview|4
|showteam|p1|Tyranitar||AssaultVest|SandStream|KnockOff,RockSlide,TeraBlast,LowKick|||M|||50|,,,,,Flying]Excadrill||FocusSash|SandRush|IronHead,Earthquake,Protect,HighHorsepower|||M|||50|,,,,,Ground]Dragapult||ChoiceBand|ClearBody|DragonDarts,PhantomForce,TeraBlast,Uturn|||F|||50|,,,,,Ghost]Farigiraf||ThroatSpray|ArmorTail|Psychic,HyperVoice,TrickRoom,Protect|||F|||50|,,,,,Grass]Volcarona||CovertCloak|FlameBody|QuiverDance,Flamethrower,BugBuzz,Protect|||M|||50|,,,,,Dragon]Amoonguss||SitrusBerry|Regenerator|SludgeBomb,Spore,RagePowder,Protect|||F|||50|,,,,,Water
|showteam|p2|Sneasler||WhiteHerb|Unburden|CloseCombat,DireClaw,Coaching,Protect|||M|||50|,,,,,Ghost]Dragonite||LoadedDice|Multiscale|ScaleShot,Haze,Tailwind,Protect|||M|||50|,,,,,Fairy]Ursaluna-Bloodmoon||FocusSash|MindsEye|BloodMoon,HyperVoice,EarthPower,Protect|||M|||50|,,,,,Normal]Rillaboom||AssaultVest|GrassySurge|WoodHammer,GrassyGlide,Uturn,FakeOut|||M|||50|,,,,,Fire]Gholdengo||GrassySeed|GoodasGold|NastyPlot,MakeItRain,ShadowBall,Protect||||||50|,,,,,Water]Electabuzz||Eviolite|VitalSpirit|Electroweb,Taunt,FollowMe,Protect|||F|||50|,,,,,Ghost
|
|t:|1757745397
|teamsize|p1|4
|teamsize|p2|4
|start
|switch|p1a: Excadrill|Excadrill, L50, M|100/100
|switch|p1b: Amoonguss|Amoonguss, L50, F|100/100
|switch|p2a: Sneasler|Sneasler, L50, M|100/100
|switch|p2b: Dragonite|Dragonite, L50, M|100/100
|turn|1
|
|t:|1757745428
|move|p2a: Sneasler|Close Combat|p1a: Excadrill
|-supereffective|p1a: Excadrill
|-enditem|p1a: Excadrill|Focus Sash
|-damage|p1a: Excadrill|1/100
|-unboost|p2a: Sneasler|def|1
|-unboost|p2a: Sneasler|spd|1
|-enditem|p2a: Sneasler|White Herb
|-clearnegativeboost|p2a: Sneasler|[silent]
|move|p1a: Excadrill|High Horsepower|p2a: Sneasler
|-supereffective|p2a: Sneasler
|-damage|p2a: Sneasler|0 fnt
|faint|p2a: Sneasler
|move|p2b: Dragonite|Scale Shot|p1a: Excadrill
|-resisted|p1a: Excadrill
|-damage|p1a: Excadrill|0 fnt
|faint|p1a: Excadrill
|-hitcount|p1: Excadrill|1
|-unboost|p2b: Dragonite|def|1
|-boost|p2b: Dragonite|spe|1
|move|p1b: Amoonguss|Spore|p2b: Dragonite
|-status|p2b: Dragonite|slp|[from] move: Spore
|
|upkeep
|
|t:|1757745444
|switch|p2a: Ursaluna|Ursaluna-Bloodmoon, L50, M|100/100
|switch|p1a: Dragapult|Dragapult, L50, F|100/100
|turn|2
|
|t:|1757745462
|-terastallize|p2b: Dragonite|Fairy
|move|p1b: Amoonguss|Rage Powder|p1b: Amoonguss
|-singleturn|p1b: Amoonguss|move: Rage Powder
|cant|p2b: Dragonite|slp
|move|p1a: Dragapult|Dragon Darts|p2a: Ursaluna
|-damage|p2a: Ursaluna|67/100
|-anim|p1a: Dragapult|Dragon Darts|p2a: Ursaluna
|-damage|p2a: Ursaluna|32/100
|move|p2a: Ursaluna|Blood Moon|p1b: Amoonguss
|-damage|p1b: Amoonguss|36/100
|-enditem|p1b: Amoonguss|Sitrus Berry|[eat]
|-heal|p1b: Amoonguss|61/100|[from] item: Sitrus Berry
|
|upkeep
|turn|3
|
|t:|1757745482
|switch|p1a: Volcarona|Volcarona, L50, M|100/100
|move|p2a: Ursaluna|Protect|p2a: Ursaluna
|-singleturn|p2a: Ursaluna|Protect
|-curestatus|p2b: Dragonite|slp|[msg]
|move|p2b: Dragonite|Scale Shot|p1a: Volcarona
|-damage|p1a: Volcarona|83/100
|-damage|p1a: Volcarona|67/100
|-damage|p1a: Volcarona|49/100
|-damage|p1a: Volcarona|30/100
|-hitcount|p1a: Volcarona|4
|-unboost|p2b: Dragonite|def|1
|-boost|p2b: Dragonite|spe|1
|move|p1b: Amoonguss|Sludge Bomb|p2b: Dragonite
|-supereffective|p2b: Dragonite
|-damage|p2b: Dragonite|69/100
|
|upkeep
|turn|4
|
|t:|1757745526
|move|p1b: Amoonguss|Rage Powder|p1b: Amoonguss
|-singleturn|p1b: Amoonguss|move: Rage Powder
|move|p2b: Dragonite|Tailwind|p2b: Dragonite
|-sidestart|p2: hexagonfoot|move: Tailwind
|move|p2a: Ursaluna|Hyper Voice|p1b: Amoonguss|[spread] p1a,p1b
|-damage|p1a: Volcarona|0 fnt
|-damage|p1b: Amoonguss|24/100
|faint|p1a: Volcarona
|
|upkeep
|
|t:|1757745536
|switch|p1a: Dragapult|Dragapult, L50, F|100/100
|turn|5
|
|t:|1757745557
|move|p2b: Dragonite|Scale Shot|p1a: Dragapult
|-supereffective|p1a: Dragapult
|-damage|p1a: Dragapult|60/100
|-supereffective|p1a: Dragapult
|-damage|p1a: Dragapult|18/100
|-supereffective|p1a: Dragapult
|-damage|p1a: Dragapult|0 fnt
|faint|p1a: Dragapult
|-hitcount|p1: Dragapult|3
|-unboost|p2b: Dragonite|def|1
|-boost|p2b: Dragonite|spe|1
|move|p2a: Ursaluna|Blood Moon|p1b: Amoonguss
|-damage|p1b: Amoonguss|0 fnt
|faint|p1b: Amoonguss
|
|win|hexagonfoot
|raw|ogden2's rating: 1156 → 1135(-21 for losing)
|raw|hexagonfoot's rating: 1219 → 1240(+21 for winning)
|l|☆ogden2
|player|p1|
|l|☆hexagonfoot
|player|p2|
|j|☆hexagonfoot
|player|p2|hexagonfoot|caitlin|
