|j|☆ag_poking
|j|☆Diamondnt_
|html|ag_pokingDiamondnt_    
|uhtml|bestof|Game 1 of a best-of-3
|t:|1782332336
|gametype|doubles
|player|p1|ag_poking|cyclist|
|player|p2|Diamondnt_|n-masters|
|gen|9
|tier|[Gen 9 Champions] VGC 2026 Reg M-B (Bo3)
|rule|Species Clause: Limit one of each Pokémon
|rule|Item Clause: Limit 1 of each item
|clearpoke
|poke|p1|Floette-Eternal, L50, F|
|poke|p1|Sneasler, L50, M|
|poke|p1|Garchomp, L50, F|
|poke|p1|Basculegion, L50, M|
|poke|p1|Volcarona, L50, F|
|poke|p1|Kingambit, L50, M|
|poke|p2|Raichu, L50, F|
|poke|p2|Whimsicott, L50, F|
|poke|p2|Garchomp, L50, M|
|poke|p2|Incineroar, L50, F, shiny|
|poke|p2|Kingambit, L50, M|
|poke|p2|Sylveon, L50, M|
|teampreview|4
|showteam|p1|Floette-Eternal||Floettite|FlowerVeil|DazzlingGleam,Moonblast,LightofRuin,Protect|Modest||F|||50|]Sneasler||ChoiceScarf|PoisonTouch|DireClaw,RockTomb,CloseCombat,LashOut|Adamant||M|||50|]Garchomp||RoseliBerry|RoughSkin|Earthquake,RockSlide,StompingTantrum,Protect|Jolly||F|||50|]Basculegion||MysticWater|Adaptability|LastRespects,AquaJet,WaveCrash,Protect|Adamant||M|||50|]Volcarona||PasshoBerry|FlameBody|Overheat,RagePowder,Tailwind,Protect|Bold||F|||50|]Kingambit||FocusSash|Defiant|KowtowCleave,IronHead,SuckerPunch,Protect|Adamant||M|||50|
|showteam|p2|Raichu||RaichuniteY|LightningRod|ZapCannon,FocusBlast,GrassKnot,Protect|Timid||F|||50|]Whimsicott||FocusSash|Prankster|Moonblast,Tailwind,Encore,Protect|Timid||F|||50|]Garchomp||LifeOrb|RoughSkin|DragonClaw,StompingTantrum,RockSlide,Protect|Jolly||M|||50|]Incineroar||SitrusBerry|Intimidate|FakeOut,FlareBlitz,ThroatChop,PartingShot|Impish||F|||50|]Kingambit||ChopleBerry|Defiant|KowtowCleave,SuckerPunch,IronHead,Protect|Adamant||M|||50|]Sylveon||FairyFeather|Pixilate|HyperVoice,HyperBeam,Protect,QuickAttack|Modest||M|||50|
|j| Rubmv_
|
|t:|1782332472
|teamsize|p1|4
|teamsize|p2|4
|start
|switch|p1a: Sneasler|Sneasler, L50, M|100/100
|switch|p1b: Floette|Floette-Eternal, L50, F|100/100
|switch|p2a: Kingambit|Kingambit, L50, M|100/100
|switch|p2b: Whimsicott|Whimsicott, L50, F|100/100
|turn|1
|
|t:|1782332504
|switch|p1b: Volcarona|Volcarona, L50, F|100/100
|move|p2b: Whimsicott|Tailwind|p2b: Whimsicott
|-sidestart|p2: Diamondnt_|move: Tailwind
|move|p1a: Sneasler|Dire Claw|p2b: Whimsicott
|-supereffective|p2b: Whimsicott|2
|-enditem|p2b: Whimsicott|Focus Sash
|-damage|p2b: Whimsicott|1/100
|-status|p2b: Whimsicott|psn
|move|p2a: Kingambit|Iron Head|p1b: Volcarona
|-resisted|p1b: Volcarona|1
|-damage|p1b: Volcarona|76/100
|
|-damage|p2b: Whimsicott|0 fnt|[from] psn
|faint|p2b: Whimsicott
|upkeep
|
|t:|1782332525
|switch|p2b: Garchomp|Garchomp, L50, M|100/100
|turn|2
|
|t:|1782332557
|switch|p1a: Floette|Floette-Eternal, L50, F|100/100
|move|p2a: Kingambit|Protect|p2a: Kingambit
|-singleturn|p2a: Kingambit|Protect
|move|p1b: Volcarona|Protect|p1b: Volcarona
|-singleturn|p1b: Volcarona|Protect
|move|p2b: Garchomp|Rock Slide|p1b: Volcarona|[spread] p1a
|-activate|p1b: Volcarona|move: Protect
|-damage|p1a: Floette|63/100
|-damage|p2b: Garchomp|90/100|[from] item: Life Orb
|
|upkeep
|turn|3
|
|t:|1782332589
|detailschange|p1a: Floette|Floette-Mega, L50, F
|-mega|p1a: Floette|Floette|Floettite
|-ability|p1a: Floette|Fairy Aura
|move|p1b: Volcarona|Rage Powder|p1b: Volcarona
|-singleturn|p1b: Volcarona|move: Rage Powder
|move|p2b: Garchomp|Rock Slide|p1a: Floette|[spread] p1a,p1b
|-supereffective|p1b: Volcarona|2
|-damage|p1a: Floette|31/100
|-damage|p1b: Volcarona|0 fnt
|faint|p1b: Volcarona
|-damage|p2b: Garchomp|80/100|[from] item: Life Orb
|cant|p1a: Floette|flinch
|move|p2a: Kingambit|Iron Head|p1a: Floette
|-supereffective|p1a: Floette|1
|-crit|p1a: Floette
|-damage|p1a: Floette|0 fnt
|faint|p1a: Floette
|
|upkeep
|
|t:|1782332603
|switch|p1a: Sneasler|Sneasler, L50, M|100/100
|switch|p1b: Basculegion|Basculegion, L50, M|100/100
|turn|4
|
|t:|1782332641
|move|p1b: Basculegion|Protect|p1b: Basculegion
|-singleturn|p1b: Basculegion|Protect
|move|p2b: Garchomp|Stomping Tantrum|p1a: Sneasler
|-supereffective|p1a: Sneasler|1
|-damage|p1a: Sneasler|0 fnt
|faint|p1a: Sneasler
|-damage|p2b: Garchomp|70/100|[from] item: Life Orb
|move|p2a: Kingambit|Kowtow Cleave|p1b: Basculegion
|-activate|p1b: Basculegion|move: Protect
|
|-sideend|p2: Diamondnt_|move: Tailwind
|upkeep
|turn|5
|
|t:|1782332658
|move|p2b: Garchomp|Dragon Claw|p1b: Basculegion
|-damage|p1b: Basculegion|45/100
|-damage|p2b: Garchomp|61/100|[from] item: Life Orb
|move|p1b: Basculegion|Last Respects|p2b: Garchomp
|-damage|p2b: Garchomp|0 fnt
|faint|p2b: Garchomp
|move|p2a: Kingambit|Kowtow Cleave|p1b: Basculegion
|-supereffective|p1b: Basculegion|1
|-damage|p1b: Basculegion|0 fnt
|faint|p1b: Basculegion
|
|win|Diamondnt_
||ag_poking is ready for game 2.
|inactive|Diamondnt_ has 30 seconds to confirm battle start!
||Diamondnt_ is ready for game 2.
|uhtml|next|Next: Game 2 of 3
