|j|☆atealcoloredcat
|j|☆Moonz605
|html|atealcoloredcatMoonz605    
|uhtml|bestof|Game 3 of a best-of-3
|t:|1784590301
|gametype|doubles
|player|p1|atealcoloredcat|101|
|player|p2|Moonz605|roxie|
|gen|9
|tier|[Gen 9 Champions] VGC 2026 Reg M-B (Bo3)
|rule|Species Clause: Limit one of each Pokémon
|rule|Item Clause: Limit 1 of each item
|clearpoke
|poke|p1|Meowstic, L50, M|
|poke|p1|Farigiraf, L50, F|
|poke|p1|Delphox, L50, F|
|poke|p1|Espathra, L50, M|
|poke|p1|Armarouge, L50, M|
|poke|p1|Slowbro-Galar, L50, M|
|poke|p2|Noivern, L50, F|
|poke|p2|Dragalge, L50, F|
|poke|p2|Sneasler, L50, M|
|poke|p2|Overqwil, L50, M|
|poke|p2|Clefable, L50, M|
|poke|p2|Samurott-Hisui, L50, F|
|teampreview|4
|showteam|p1|Meowstic||Meowsticite|Prankster|MistyTerrain,FakeOut,Gravity,FakeTears|Serious||M|||50|]Farigiraf||SitrusBerry|ArmorTail|TwinBeam,HyperVoice,HelpingHand,Reflect|Bold||F|||50|]Delphox||Delphoxite|Blaze|HeatWave,Psyshock,DazzlingGleam,Protect|Modest||F|||50|]Espathra||ColburBerry|SpeedBoost|Protect,SkillSwap,LuminaCrash,SunnyDay|Modest||M|||50|]Armarouge||FocusSash|FlashFire|AuraSphere,Endure,ArmorCannon,Reflect|Modest||M|||50|]Slowbro-Galar||QuickClaw|QuickDraw|TrickRoom,IcyWind,HelpingHand,LightScreen|Relaxed||M|||50|
|showteam|p2|Noivern||FocusSash|Infiltrator|DracoMeteor,Flamethrower,AirSlash,Tailwind|Timid||F|||50|]Dragalge||Dragalgite|PoisonPoint|DracoMeteor,FlipTurn,Scald,Protect|Bold||F|||50|]Sneasler||KingsRock|Unburden|CloseCombat,DireClaw,Fling,Protect|Jolly||M|||50|]Overqwil||Leftovers|Intimidate|BarbBarrage,Protect,Substitute,ToxicSpikes|Impish||M|||50|]Clefable||QuickClaw|Unaware|BatonPass,AlluringVoice,FollowMe,CalmMind|Modest||M|||50|]Samurott-Hisui||ChoiceScarf|Sharpness|CeaselessEdge,AquaCutter,XScissor,SacredSword|Jolly||F|||50|
|j| code hammer
|j| arlothegoose
|j| RedSnivy
|c| code hammer|glhf!
|c| arlothegoose|crazy way to get to round 3 lol
|c| RedSnivy|grab his ears
|j| Diavolo's Abs
|
|t:|1784590387
|teamsize|p1|4
|teamsize|p2|4
|start
|switch|p1a: Farigiraf|Farigiraf, L50, F|100/100
|switch|p1b: Meowstic|Meowstic, L50, M|100/100
|switch|p2a: Dragalge|Dragalge, L50, F|100/100
|switch|p2b: Clefable|Clefable, L50, M|100/100
|turn|1
|j| Tbigongue
|
|t:|1784590411
|detailschange|p2a: Dragalge|Dragalge-Mega, L50, F
|-mega|p2a: Dragalge|Dragalge|Dragalgite
|move|p2a: Dragalge|Protect|p2a: Dragalge
|-singleturn|p2a: Dragalge|Protect
|move|p1b: Meowstic|Misty Terrain|p1b: Meowstic
|-fieldstart|move: Misty Terrain
|move|p2b: Clefable|Calm Mind|p2b: Clefable
|-boost|p2b: Clefable|spa|1
|-boost|p2b: Clefable|spd|1
|move|p1a: Farigiraf|Twin Beam|p2a: Dragalge
|-activate|p2a: Dragalge|move: Protect
|
|upkeep
|turn|2
|c| Tbigongue|Dam we got a whole crowd here
|c|☆atealcoloredcat|i think i like it?
|c| arlothegoose|i look over and i just see more strangers joining lol
|c| arlothegoose|oh ye this is so silly
|
|t:|1784590437
|move|p2b: Clefable|Follow Me|p2b: Clefable
|-singleturn|p2b: Clefable|move: Follow Me
|move|p1b: Meowstic|Fake Tears|p2b: Clefable
|-unboost|p2b: Clefable|spd|2
|move|p1a: Farigiraf|Hyper Voice|p2a: Dragalge|[spread] p2a,p2b
|-damage|p2a: Dragalge|80/100
|-damage|p2b: Clefable|58/100
|move|p2a: Dragalge|Draco Meteor|p1a: Farigiraf
|-damage|p1a: Farigiraf|67/100
|-unboost|p2a: Dragalge|spa|2
|
|upkeep
|turn|3
|c| arlothegoose|idk why this hasnt happened before lol
|
|t:|1784590472
|switch|p1b: Slowbro|Slowbro-Galar, L50, M|100/100
|move|p1a: Farigiraf|Hyper Voice|p2b: Clefable|[spread] p2a,p2b
|-damage|p2a: Dragalge|59/100
|-damage|p2b: Clefable|16/100
|move|p2b: Clefable|Calm Mind|p2b: Clefable
|-boost|p2b: Clefable|spa|1
|-boost|p2b: Clefable|spd|1
|move|p2a: Dragalge|Flip Turn|p1b: Slowbro
|-damage|p1b: Slowbro|92/100
|
|t:|1784590488
|-heal|p2a: Dragalge|92/100|[from] ability: Regenerator|[silent]
|switch|p2a: Overqwil|Overqwil, L50, M|100/100|[from] Flip Turn
|-ability|p2a: Overqwil|Intimidate|boost
|-unboost|p1a: Farigiraf|atk|1
|-unboost|p1b: Slowbro|atk|1
|
|upkeep
|turn|4
|c|☆atealcoloredcat|slowbro-g my beloved you look like mega man :]
|
|t:|1784590517
|move|p1b: Slowbro|Helping Hand|p1a: Farigiraf
|-singleturn|p1a: Farigiraf|Helping Hand|[of] p1b: Slowbro
|move|p2a: Overqwil|Toxic Spikes|p1a: Farigiraf
|-sidestart|p1: atealcoloredcat|move: Toxic Spikes
|move|p1a: Farigiraf|Hyper Voice|p2a: Overqwil|[spread] p2a,p2b
|-damage|p2a: Overqwil|41/100
|-damage|p2b: Clefable|0 fnt
|faint|p2b: Clefable
|
|-heal|p2a: Overqwil|47/100|[from] item: Leftovers
|upkeep
|
|t:|1784590532
|switch|p2b: Noivern|Noivern, L50, F|100/100
|turn|5
|c| arlothegoose|if only this was minimize overqwil,,,
|
|t:|1784590553
|move|p2a: Overqwil|Protect|p2a: Overqwil
|-singleturn|p2a: Overqwil|Protect
|move|p2b: Noivern|Draco Meteor|p1a: Farigiraf
|-damage|p1a: Farigiraf|39/100
|-unboost|p2b: Noivern|spa|2
|-enditem|p1a: Farigiraf|Sitrus Berry|[eat]
|-heal|p1a: Farigiraf|64/100|[from] item: Sitrus Berry
|move|p1a: Farigiraf|Hyper Voice|p2b: Noivern|[spread] p2b
|-activate|p2a: Overqwil|move: Protect
|-damage|p2b: Noivern|56/100
|move|p1b: Slowbro|Icy Wind|p2a: Overqwil|[spread] p2b
|-activate|p2a: Overqwil|move: Protect
|-supereffective|p2b: Noivern|2
|-crit|p2b: Noivern
|-damage|p2b: Noivern|0 fnt
|faint|p2b: Noivern
|
|-heal|p2a: Overqwil|52/100|[from] item: Leftovers
|-fieldend|Misty Terrain
|upkeep
|c|☆Moonz605|im not a coward
|
|t:|1784590571
|switch|p2b: Dragalge|Dragalge-Mega, L50, F|92/100
|turn|6
|c| Tbigongue|If only he had a dark move
|c| Tbigongue|Lmao
|c| arlothegoose|i ran shell smash blastoise this week would have ran minimize
|c|☆atealcoloredcat|yeah im surprised
|c|☆atealcoloredcat|two dark types on their team against the psychic team
|c|☆Moonz605|i put sub instead of crunch, since I had this in mind for singles
|c|☆Moonz605|ahem
|c|☆Moonz605|Goose
|c| arlothegoose|I TOLD YOU IT WAS VGC
|c|☆Moonz605|I didn't check your team
|c|☆Moonz605|you did not
|c| arlothegoose|I ONLY PLAY VGC sobbing
|c|☆Moonz605|just said it was draft
|c| arlothegoose|I VERY MUCH DID
|c|☆atealcoloredcat|there were so many signs that this is doubles????
|c| arlothegoose|VGC DRAFT
|c|☆Moonz605|I played singles draft once, it was wierd
|
|t:|1784590694
|move|p2a: Overqwil|Barb Barrage|p1a: Farigiraf
|-damage|p1a: Farigiraf|43/100
|-status|p1a: Farigiraf|psn
|move|p1a: Farigiraf|Reflect|p1a: Farigiraf
|-sidestart|p1: atealcoloredcat|Reflect
|move|p2b: Dragalge|Draco Meteor|p1a: Farigiraf
|-damage|p1a: Farigiraf|0 fnt
|-unboost|p2b: Dragalge|spa|2
|faint|p1a: Farigiraf
|move|p1b: Slowbro|Light Screen|p1b: Slowbro
|-sidestart|p1: atealcoloredcat|move: Light Screen
|
|-heal|p2a: Overqwil|58/100|[from] item: Leftovers
|upkeep
|c| code hammer|VGC drafts are fun
|
|t:|1784590710
|switch|p1a: Meowstic|Meowstic, L50, M|100/100
|-status|p1a: Meowstic|psn
|turn|7
|c| RedSnivy|we have a guy named eric perez in our league and he is ass
|c| RedSnivy|not like u guys
|c| arlothegoose|oh ye this is our first one mr codehammer
|-activate|p1b: Slowbro|ability: Quick Draw
|
|t:|1784590744
|move|p1a: Meowstic|Misty Terrain|p1a: Meowstic
|-fieldstart|move: Misty Terrain
|move|p1b: Slowbro|Icy Wind|p2b: Dragalge|[spread] p2a,p2b
|-supereffective|p2b: Dragalge|1
|-damage|p2a: Overqwil|47/100
|-damage|p2b: Dragalge|79/100
|-unboost|p2a: Overqwil|spe|1
|-unboost|p2b: Dragalge|spe|1
|move|p2a: Overqwil|Barb Barrage|p1a: Meowstic
|-crit|p1a: Meowstic
|-damage|p1a: Meowstic|16/100 psn
|move|p2b: Dragalge|Scald|p1b: Slowbro
|-damage|p1b: Slowbro|82/100
|
|-heal|p2a: Overqwil|53/100|[from] item: Leftovers
|-damage|p1a: Meowstic|4/100 psn|[from] psn
|upkeep
|turn|8
|c| arlothegoose|this is the almost monotype vs almost monotype matchup lol
|-activate|p1b: Slowbro|item: Quick Claw
|
|t:|1784590779
|move|p1a: Meowstic|Gravity|p1a: Meowstic
|-fieldstart|move: Gravity
|move|p1b: Slowbro|Icy Wind|p2b: Dragalge|[spread] p2a,p2b
|-supereffective|p2b: Dragalge|1
|-damage|p2a: Overqwil|41/100
|-damage|p2b: Dragalge|66/100
|-unboost|p2a: Overqwil|spe|1
|-unboost|p2b: Dragalge|spe|1
|move|p2a: Overqwil|Barb Barrage|p1b: Slowbro
|-resisted|p1b: Slowbro|1
|-damage|p1b: Slowbro|77/100
|move|p2b: Dragalge|Scald|p1b: Slowbro
|-damage|p1b: Slowbro|68/100
|
|-heal|p2a: Overqwil|47/100|[from] item: Leftovers
|-damage|p1a: Meowstic|0 fnt|[from] psn
|faint|p1a: Meowstic
|upkeep
|
|t:|1784590798
|switch|p1a: Delphox|Delphox, L50, F|100/100
|turn|9
|c| code hammer|a monotype vgc draft sounds crazy and fun at the same time
|c| arlothegoose|there is so many field effects rn lol
|
|t:|1784590820
|detailschange|p1a: Delphox|Delphox-Mega, L50, F
|-mega|p1a: Delphox|Delphox|Delphoxite
|move|p1b: Slowbro|Helping Hand|p1a: Delphox
|-singleturn|p1a: Delphox|Helping Hand|[of] p1b: Slowbro
|move|p1a: Delphox|Dazzling Gleam|p2a: Overqwil|[spread] p2a,p2b
|-damage|p2a: Overqwil|3/100
|-damage|p2b: Dragalge|40/100
|move|p2a: Overqwil|Barb Barrage|p1a: Delphox
|-damage|p1a: Delphox|73/100
|move|p2b: Dragalge|Draco Meteor|p1b: Slowbro
|-damage|p1b: Slowbro|56/100
|-unboost|p2b: Dragalge|spa|2
|
|-heal|p2a: Overqwil|9/100|[from] item: Leftovers
|upkeep
|turn|10
|c| arlothegoose|no they just did that
|c| arlothegoose|no one else is monotype lol
|c| code hammer|Oh
|c|☆Moonz605|welp, thats gg
|c|☆atealcoloredcat|ggwp!!
|
|t:|1784590860
|move|p1b: Slowbro|Helping Hand|p1a: Delphox
|-singleturn|p1a: Delphox|Helping Hand|[of] p1b: Slowbro
|move|p1a: Delphox|Dazzling Gleam|p2a: Overqwil|[spread] p2a,p2b
|-damage|p2a: Overqwil|0 fnt
|-damage|p2b: Dragalge|15/100
|faint|p2a: Overqwil
|move|p2b: Dragalge|Scald|p1a: Delphox
|-supereffective|p1a: Delphox|1
|-damage|p1a: Delphox|62/100
|
|-sideend|p1: atealcoloredcat|Reflect
|-sideend|p1: atealcoloredcat|move: Light Screen
|upkeep
|turn|11
|
|t:|1784590877
|move|p1b: Slowbro|Helping Hand|p1a: Delphox
|-singleturn|p1a: Delphox|Helping Hand|[of] p1b: Slowbro
|move|p1a: Delphox|Psyshock|p2b: Dragalge
|-supereffective|p2b: Dragalge|1
|-damage|p2b: Dragalge|0 fnt
|faint|p2b: Dragalge
|
|win|atealcoloredcat
|l| code hammer
|c| arlothegoose|good job you two lol
|c|☆atealcoloredcat|tyvm!!!
|c| arlothegoose|nOOOO CODE HAMMMERRRRR
|c|☆Moonz605|can you tell I dont do doubles
|c|☆Moonz605|lol
|c| arlothegoose|there is always next draft
|c|☆atealcoloredcat|i think had you prepared for doubles you would have had it :O
|l| Diavolo's Abs
|c|☆atealcoloredcat|you got this next time!!!
|c|☆atealcoloredcat|thank you for being my opponent
|c| arlothegoose|why dont you just trade some mons moon
|l| RedSnivy
|c|☆Moonz605|I wont, but thanks for the match
|c|☆atealcoloredcat|yea didja know you can do that?
|c|☆Moonz605|no
|c| arlothegoose|yeah
|c|☆Moonz605|I like my mons
|c| arlothegoose|o
|c|☆atealcoloredcat|okie tokie :]
|c|☆Moonz605|im just ass
|l| arlothegoose
|j| arlothegoose
|l|☆Moonz605
|player|p2|
