|j|☆ROMAIN093
|j|☆Beeetch
|html|ROMAIN093Beeetch    
|uhtml|bestof|Game 3 of a best-of-3
|t:|1757120602
|gametype|doubles
|player|p1|ROMAIN093|102|1122
|player|p2|Beeetch|beauty-gen4dp|1324
|gen|9
|tier|[Gen 9] VGC 2025 Reg H (Bo3)
|rated|
|rule|Species Clause: Limit one of each Pokémon
|rule|Item Clause: Limit 1 of each item
|clearpoke
|poke|p1|Incineroar, L50, M|
|poke|p1|Kingambit, L50, F|
|poke|p1|Archaludon, L50, F|
|poke|p1|Pelipper, L50, M|
|poke|p1|Rillaboom, L50, M|
|poke|p1|Sneasler, L50, M|
|poke|p2|Excadrill, L50, F|
|poke|p2|Tyranitar, L50, M|
|poke|p2|Sneasler, L50, F|
|poke|p2|Indeedee, L50, M|
|poke|p2|Corviknight, L50, M|
|poke|p2|Annihilape, L50, F|
|teampreview|4
|showteam|p1|Incineroar||SafetyGoggles|Intimidate|FakeOut,FlareBlitz,KnockOff,Taunt|||M|||50|,,,,,Bug]Kingambit||BlackGlasses|Defiant|TeraBlast,Protect,KowtowCleave,SuckerPunch|||F|||50|,,,,,Flying]Archaludon||PowerHerb|Stamina|ElectroShot,DragonPulse,BodyPress,Protect|||F|||50|,,,,,Grass]Pelipper||CovertCloak|Drizzle|Tailwind,Hurricane,WeatherBall,Protect|||M|||50|,,,,,Ghost]Rillaboom||AssaultVest|GrassySurge|FakeOut,BulletSeed,GrassyGlide,HighHorsepower|||M|||50|,,,,,Fire]Sneasler||FocusSash|PoisonTouch|FakeOut,CloseCombat,DireClaw,Protect|||M|||50|,,,,,Dark
|showteam|p2|Excadrill||FocusSash|SandRush|IronHead,HighHorsepower,Earthquake,Protect|||F|||50|,,,,,Stellar]Tyranitar||AssaultVest|SandStream|RockSlide,KnockOff,TeraBlast,LowKick|||M|||50|,,,,,Flying]Sneasler||PsychicSeed|Unburden|DireClaw,CloseCombat,ThroatChop,Protect|||F|||50|,,,,,Dark]Indeedee||ChoiceScarf|PsychicSurge|ExpandingForce,TeraBlast,Protect,Trick|||M|||50|,,,,,Psychic]Corviknight||Leftovers|MirrorArmor|BraveBird,BulkUp,Roost,Tailwind|||M|||50|,,,,,Dragon]Annihilape||SafetyGoggles|Defiant|CloseCombat,FinalGambit,RageFist,Taunt|||F|||50|,,,,,Water
|inactive|Battle timer is ON: inactive players will automatically lose when time's up. (requested by ROMAIN093)
|inactive|ROMAIN093 has 60 seconds left.
|
|t:|1757120639
|teamsize|p1|4
|teamsize|p2|4
|start
|switch|p1a: Sneasler|Sneasler, L50, M|100/100
|switch|p1b: Pelipper|Pelipper, L50, M|100/100
|switch|p2a: Corviknight|Corviknight, L50, M|100/100
|switch|p2b: Annihilape|Annihilape, L50, F|100/100
|-weather|RainDance|[from] ability: Drizzle|[of] p1b: Pelipper
|turn|1
|inactive|ROMAIN093 has 30 seconds left.
|
|t:|1757120667
|move|p1a: Sneasler|Dire Claw|p2b: Annihilape
|-resisted|p2b: Annihilape
|-damage|p2b: Annihilape|79/100
|-status|p2b: Annihilape|slp
|cant|p2b: Annihilape|slp
|move|p1b: Pelipper|Tailwind|p1b: Pelipper
|-sidestart|p1: ROMAIN093|move: Tailwind
|move|p2a: Corviknight|Tailwind|p2a: Corviknight
|-sidestart|p2: Beeetch|move: Tailwind
|
|-weather|RainDance|[upkeep]
|upkeep
|turn|2
|
|t:|1757120691
|switch|p1a: Archaludon|Archaludon, L50, F|100/100
|cant|p2b: Annihilape|slp
|move|p1b: Pelipper|Hurricane|p2b: Annihilape
|-supereffective|p2b: Annihilape
|-damage|p2b: Annihilape|0 fnt
|faint|p2b: Annihilape
|move|p2a: Corviknight|Brave Bird|p1a: Archaludon
|-resisted|p1a: Archaludon
|-damage|p1a: Archaludon|80/100
|-ability|p1a: Archaludon|Stamina|boost
|-boost|p1a: Archaludon|def|1
|-damage|p2a: Corviknight|94/100|[from] Recoil
|
|-weather|RainDance|[upkeep]
|-heal|p2a: Corviknight|100/100|[from] item: Leftovers
|upkeep
|
|t:|1757120702
|switch|p2b: Indeedee|Indeedee, L50, M, shiny|100/100
|-fieldstart|move: Psychic Terrain|[from] ability: Psychic Surge|[of] p2b: Indeedee
|turn|3
|inactive|ROMAIN093 has 30 seconds left.
|inactive|ROMAIN093 has 20 seconds left.
|inactive|ROMAIN093 has 15 seconds left.
|inactive|ROMAIN093 has 10 seconds left.
|
|t:|1757120751
|switch|p2a: Tyranitar|Tyranitar, L50, M, shiny|100/100
|-weather|Sandstorm|[from] ability: Sand Stream|[of] p2a: Tyranitar
|-terastallize|p2b: Indeedee|Psychic
|move|p2b: Indeedee|Expanding Force|p1b: Pelipper|[spread] p1a,p1b
|-resisted|p1a: Archaludon
|-damage|p1a: Archaludon|22/100
|-damage|p1b: Pelipper|0 fnt
|-ability|p1a: Archaludon|Stamina|boost
|-boost|p1a: Archaludon|def|1
|faint|p1b: Pelipper
|move|p1a: Archaludon|Electro Shot||[still]
|-prepare|p1a: Archaludon|Electro Shot
|-boost|p1a: Archaludon|spa|1
|-enditem|p1a: Archaludon|Power Herb
|-anim|p1a: Archaludon|Electro Shot|p2b: Indeedee
|-damage|p2b: Indeedee|9/100
|
|-weather|Sandstorm|[upkeep]
|-damage|p2b: Indeedee|3/100|[from] Sandstorm
|upkeep
|inactive|ROMAIN093 has 30 seconds left.
|inactive|ROMAIN093 has 20 seconds left.
|
|t:|1757120787
|switch|p1b: Incineroar|Incineroar, L50, M|100/100
|-ability|p1b: Incineroar|Intimidate|boost
|-unboost|p2a: Tyranitar|atk|1
|-unboost|p2b: Indeedee|atk|1
|turn|4
|inactive|ROMAIN093 has 30 seconds left.
|inactive|Beeetch has 30 seconds left.
|
|t:|1757120818
|move|p1a: Archaludon|Protect|p1a: Archaludon
|-singleturn|p1a: Archaludon|Protect
|move|p2b: Indeedee|Expanding Force|p1b: Incineroar|[spread] 
|-activate|p1a: Archaludon|move: Protect
|-immune|p1b: Incineroar
|move|p2a: Tyranitar|Tera Blast|p1b: Incineroar
|-damage|p1b: Incineroar|86/100
|move|p1b: Incineroar|Knock Off|p2a: Tyranitar
|-resisted|p2a: Tyranitar
|-damage|p2a: Tyranitar|84/100
|-enditem|p2a: Tyranitar|Assault Vest|[from] move: Knock Off|[of] p1b: Incineroar
|
|-weather|Sandstorm|[upkeep]
|-damage|p2b: Indeedee|0 fnt|[from] Sandstorm
|faint|p2b: Indeedee
|-sideend|p1: ROMAIN093|move: Tailwind
|-sideend|p2: Beeetch|move: Tailwind
|upkeep
|
|t:|1757120821
|switch|p2b: Corviknight|Corviknight, L50, M|100/100
|turn|5
|inactive|ROMAIN093 has 30 seconds left.
|
|t:|1757120850
|move|p1a: Archaludon|Body Press|p2a: Tyranitar
|-supereffective|p2a: Tyranitar
|-damage|p2a: Tyranitar|0 fnt
|faint|p2a: Tyranitar
|move|p2b: Corviknight|Tailwind|p2b: Corviknight
|-sidestart|p2: Beeetch|move: Tailwind
|move|p1b: Incineroar|Flare Blitz|p2b: Corviknight
|-supereffective|p2b: Corviknight
|-damage|p2b: Corviknight|7/100
|-damage|p1b: Incineroar|56/100|[from] Recoil
|
|-weather|Sandstorm|[upkeep]
|-heal|p2b: Corviknight|13/100|[from] item: Leftovers
|upkeep
|turn|6
|
|t:|1757120866
|move|p2b: Corviknight|Brave Bird|p1b: Incineroar
|-damage|p1b: Incineroar|18/100
|-damage|p2b: Corviknight|0 fnt|[from] Recoil
|faint|p2b: Corviknight
|
|win|ROMAIN093
|raw|ROMAIN093's rating: 1122 → 1160(+38 for winning)
|raw|Beeetch's rating: 1324 → 1294(-30 for losing)
|l|☆ROMAIN093
|player|p1|
