|j|‽Giraldo567
|j|☆KodeBeast0526
|html|Giraldo567KodeBeast0526    
|uhtml|bestof|Game 1 of a best-of-3
|t:|1784813746
|gametype|doubles
|player|p1|Giraldo567|266|1138
|player|p2|KodeBeast0526|hiker|1172
|gen|9
|tier|[Gen 9 Champions] VGC 2026 Reg M-B (Bo3)
|rated|
|rule|Species Clause: Limit one of each Pokémon
|rule|Item Clause: Limit 1 of each item
|clearpoke
|poke|p1|Garchomp, L50, M|
|poke|p1|Floette-Eternal, L50, F|
|poke|p1|Whimsicott, L50, F|
|poke|p1|Milotic, L50, F|
|poke|p1|Charizard, L50, F|
|poke|p1|Clefable, L50, F|
|poke|p2|Tyranitar, L50, F|
|poke|p2|Excadrill, L50, M|
|poke|p2|Milotic, L50, F|
|poke|p2|Sinistcha, L50|
|poke|p2|Staraptor, L50, F|
|poke|p2|Gholdengo, L50|
|teampreview|4
|showteam|p1|Garchomp||LifeOrb|RoughSkin|RockSlide,Protect,Earthquake,SwordsDance|Jolly||M|||50|]Floette-Eternal||Floettite|FlowerVeil|Protect,CalmMind,DazzlingGleam,Moonblast|Timid||F|||50|]Whimsicott||FocusSash|Prankster|Tailwind,Encore,Moonblast,Protect|Bold||F|||50|]Milotic||Leftovers|Competitive|Coil,Hypnosis,Protect,MuddyWater|Calm||F|||50|]Charizard||CharizarditeY|Blaze|HeatWave,WeatherBall,Protect,SolarBeam|Timid||F|||50|]Clefable||SitrusBerry|Unaware|LifeDew,FollowMe,Protect,DazzlingGleam|Calm||F|||50|
|showteam|p2|Tyranitar||Tyranitarite|SandStream|KnockOff,RockSlide,HighHorsepower,Protect|Jolly||F|||50|]Excadrill||FocusSash|SandRush|Earthquake,IronHead,RockSlide,Protect|Adamant||M|||50|]Milotic||SitrusBerry|Competitive|Scald,IcyWind,Haze,Protect|Calm||F|||50|]Sinistcha||ColburBerry|Hospitality|MatchaGotcha,ShadowBall,Protect,RagePowder|Bold|||||50|]Staraptor||Staraptite|Intimidate|CloseCombat,BraveBird,Tailwind,Protect|Jolly||F|||50|]Gholdengo||LifeOrb|GoodasGold|MakeItRain,ShadowBall,NastyPlot,Protect|Modest|||||50|
|inactive|Battle timer is ON: inactive players will automatically lose when time's up. (requested by Giraldo567)
|
|t:|1784813790
|teamsize|p1|4
|teamsize|p2|4
|start
|switch|p1a: Milotic|Milotic, L50, F|100/100
|switch|p1b: Whimsicott|Whimsicott, L50, F|100/100
|switch|p2a: Staraptor|Staraptor, L50, F|100/100
|switch|p2b: Milotic|Milotic, L50, F|100/100
|-ability|p2a: Staraptor|Intimidate|boost
|-unboost|p1a: Milotic|atk|1
|-ability|p1a: Milotic|Competitive|boost
|-boost|p1a: Milotic|spa|2
|-unboost|p1b: Whimsicott|atk|1
|turn|1
|
|t:|1784813804
|move|p1b: Whimsicott|Tailwind|p1b: Whimsicott
|-sidestart|p1: Giraldo567|move: Tailwind
|move|p1a: Milotic|Coil|p1a: Milotic
|-boost|p1a: Milotic|atk|1
|-boost|p1a: Milotic|def|1
|-boost|p1a: Milotic|accuracy|1
|move|p2a: Staraptor|Tailwind|p2a: Staraptor
|-sidestart|p2: KodeBeast0526|move: Tailwind
|move|p2b: Milotic|Haze|p2b: Milotic
|-clearallboost
|
|upkeep
|turn|2
|
|t:|1784813824
|move|p1b: Whimsicott|Encore|p2a: Staraptor
|-start|p2a: Staraptor|Encore
|move|p2a: Staraptor|Tailwind||[still]
|-fail|p2a: Staraptor
|move|p2b: Milotic|Scald|p1b: Whimsicott
|-resisted|p1b: Whimsicott|1
|-damage|p1b: Whimsicott|80/100
|move|p1a: Milotic|Muddy Water|p2a: Staraptor|[spread] 
|-miss|p1a: Milotic|p2a: Staraptor
|-miss|p1a: Milotic|p2b: Milotic
|
|upkeep
|turn|3
|
|t:|1784813844
|switch|p2a: Tyranitar|Tyranitar, L50, F|100/100
|-weather|Sandstorm|[from] ability: Sand Stream|[of] p2a: Tyranitar
|switch|p1b: Garchomp|Garchomp, L50, M|100/100
|move|p2b: Milotic|Scald|p1a: Milotic
|-resisted|p1a: Milotic|1
|-damage|p1a: Milotic|91/100
|-status|p1a: Milotic|brn
|move|p1a: Milotic|Coil|p1a: Milotic
|-boost|p1a: Milotic|atk|1
|-boost|p1a: Milotic|def|1
|-boost|p1a: Milotic|accuracy|1
|
|-weather|Sandstorm|[upkeep]
|-damage|p2b: Milotic|94/100|[from] Sandstorm
|-damage|p1a: Milotic|85/100 brn|[from] Sandstorm
|-heal|p1a: Milotic|91/100 brn|[from] item: Leftovers
|-damage|p1a: Milotic|85/100 brn|[from] brn
|upkeep
|turn|4
|
|t:|1784813855
|detailschange|p2a: Tyranitar|Tyranitar-Mega, L50, F
|-mega|p2a: Tyranitar|Tyranitar|Tyranitarite
|move|p1b: Garchomp|Earthquake|p2b: Milotic|[spread] p1a,p2a,p2b
|-supereffective|p2a: Tyranitar|1
|-damage|p1a: Milotic|53/100 brn
|-damage|p2a: Tyranitar|34/100
|-damage|p2b: Milotic|44/100
|-enditem|p2b: Milotic|Sitrus Berry|[eat]
|-heal|p2b: Milotic|68/100|[from] item: Sitrus Berry
|-damage|p1b: Garchomp|90/100|[from] item: Life Orb
|move|p2a: Tyranitar|Rock Slide|p1b: Garchomp|[spread] p1a,p1b
|-resisted|p1b: Garchomp|1
|-damage|p1a: Milotic|32/100 brn
|-damage|p1b: Garchomp|75/100
|move|p2b: Milotic|Icy Wind|p1b: Garchomp|[spread] p1b
|-miss|p2b: Milotic|p1a: Milotic
|-supereffective|p1b: Garchomp|2
|-damage|p1b: Garchomp|36/100
|-unboost|p1b: Garchomp|spe|1
|cant|p1a: Milotic|flinch
|
|-weather|Sandstorm|[upkeep]
|-damage|p2b: Milotic|63/100|[from] Sandstorm
|-damage|p1a: Milotic|26/100 brn|[from] Sandstorm
|-heal|p1a: Milotic|32/100 brn|[from] item: Leftovers
|-damage|p1a: Milotic|26/100 brn|[from] brn
|-sideend|p2: KodeBeast0526|move: Tailwind
|-sideend|p1: Giraldo567|move: Tailwind
|upkeep
|turn|5
|
|t:|1784813878
|move|p1b: Garchomp|Protect|p1b: Garchomp
|-singleturn|p1b: Garchomp|Protect
|move|p2a: Tyranitar|Rock Slide|p1a: Milotic|[spread] p1a
|-activate|p1b: Garchomp|move: Protect
|-damage|p1a: Milotic|5/100 brn
|move|p2b: Milotic|Icy Wind|p1a: Milotic|[spread] p1a
|-activate|p1b: Garchomp|move: Protect
|-resisted|p1a: Milotic|1
|-damage|p1a: Milotic|3/100 brn
|-unboost|p1a: Milotic|spe|1
|-ability|p1a: Milotic|Competitive|boost
|-boost|p1a: Milotic|spa|2
|move|p1a: Milotic|Muddy Water|p2b: Milotic|[spread] p2a,p2b
|-supereffective|p2a: Tyranitar|1
|-resisted|p2b: Milotic|1
|-damage|p2a: Tyranitar|0 fnt
|-damage|p2b: Milotic|47/100
|-unboost|p2b: Milotic|accuracy|1
|-ability|p2b: Milotic|Competitive|boost
|-boost|p2b: Milotic|spa|2
|faint|p2a: Tyranitar
|
|-weather|Sandstorm|[upkeep]
|-damage|p2b: Milotic|42/100|[from] Sandstorm
|-damage|p1a: Milotic|0 fnt|[from] Sandstorm
|faint|p1a: Milotic
|upkeep
|
|t:|1784813895
|switch|p2a: Excadrill|Excadrill, L50, M|100/100
|switch|p1a: Whimsicott|Whimsicott, L50, F|80/100
|turn|6
|
|t:|1784813902
|switch|p1b: Charizard|Charizard, L50, F|100/100
|move|p1a: Whimsicott|Tailwind|p1a: Whimsicott
|-sidestart|p1: Giraldo567|move: Tailwind
|move|p2a: Excadrill|Iron Head|p1a: Whimsicott
|-supereffective|p1a: Whimsicott|1
|-damage|p1a: Whimsicott|0 fnt
|faint|p1a: Whimsicott
|move|p2b: Milotic|Icy Wind|p1b: Charizard
|-damage|p1b: Charizard|62/100
|-unboost|p1b: Charizard|spe|1
|
|-weather|Sandstorm|[upkeep]
|-damage|p1b: Charizard|56/100|[from] Sandstorm
|-damage|p2b: Milotic|36/100|[from] Sandstorm
|upkeep
|
|t:|1784813909
|switch|p1a: Garchomp|Garchomp, L50, M|36/100
|turn|7
|
|t:|1784813926
|switch|p2b: Staraptor|Staraptor, L50, F|100/100
|-ability|p2b: Staraptor|Intimidate|boost
|-unboost|p1a: Garchomp|atk|1
|-unboost|p1b: Charizard|atk|1
|detailschange|p1b: Charizard|Charizard-Mega-Y, L50, F
|-mega|p1b: Charizard|Charizard|Charizardite Y
|-weather|SunnyDay|[from] ability: Drought|[of] p1b: Charizard
|move|p1a: Garchomp|Earthquake|p2b: Staraptor|[spread] p2a
|-immune|p1b: Charizard
|-immune|p2b: Staraptor
|-supereffective|p2a: Excadrill|1
|-enditem|p2a: Excadrill|Focus Sash
|-damage|p2a: Excadrill|1/100
|-damage|p1a: Garchomp|26/100|[from] item: Life Orb
|move|p1b: Charizard|Solar Beam||[still]
|-prepare|p1b: Charizard|Solar Beam
|-anim|p1b: Charizard|Solar Beam|p2b: Staraptor
|-resisted|p2b: Staraptor|1
|-damage|p2b: Staraptor|67/100
|move|p2a: Excadrill|Rock Slide|p1a: Garchomp|[spread] p1b
|-miss|p2a: Excadrill|p1a: Garchomp
|-supereffective|p1b: Charizard|2
|-damage|p1b: Charizard|0 fnt
|faint|p1b: Charizard
|
|-weather|SunnyDay|[upkeep]
|upkeep
|turn|8
|
|t:|1784813949
|move|p1a: Garchomp|Rock Slide|p2b: Staraptor|[spread] p2a,p2b
|-resisted|p2a: Excadrill|2
|-supereffective|p2b: Staraptor|1
|-damage|p2a: Excadrill|0 fnt
|-damage|p2b: Staraptor|23/100
|faint|p2a: Excadrill
|-damage|p1a: Garchomp|16/100|[from] item: Life Orb
|cant|p2b: Staraptor|flinch
|
|-weather|SunnyDay|[upkeep]
|upkeep
|
|t:|1784813951
|switch|p2a: Milotic|Milotic, L50, F|36/100
|turn|9
|
|t:|1784813961
|move|p2b: Staraptor|Protect|p2b: Staraptor
|-singleturn|p2b: Staraptor|Protect
|move|p2a: Milotic|Protect|p2a: Milotic
|-singleturn|p2a: Milotic|Protect
|move|p1a: Garchomp|Earthquake|p2a: Milotic|[spread] 
|-activate|p2a: Milotic|move: Protect
|-activate|p2b: Staraptor|move: Protect
|
|-weather|SunnyDay|[upkeep]
|-sideend|p1: Giraldo567|move: Tailwind
|upkeep
|turn|10
|
|t:|1784813968
|move|p1a: Garchomp|Rock Slide|p2a: Milotic|[spread] p2a,p2b
|-supereffective|p2b: Staraptor|1
|-damage|p2a: Milotic|21/100
|-damage|p2b: Staraptor|0 fnt
|faint|p2b: Staraptor
|-damage|p1a: Garchomp|7/100|[from] item: Life Orb
|cant|p2a: Milotic|flinch
|
|-weather|SunnyDay|[upkeep]
|upkeep
|turn|11
|
|t:|1784813973
|move|p1a: Garchomp|Earthquake|p2a: Milotic
|-damage|p2a: Milotic|0 fnt
|faint|p2a: Milotic
|-damage|p1a: Garchomp|0 fnt|[from] item: Life Orb
|faint|p1a: Garchomp
|
|win|Giraldo567
