|j|☆Aquafinaflo
|j|☆chriszim14
|html|Aquafinaflochriszim14    
|uhtml|bestof|Game 1 of a best-of-3
|t:|1784405616
|gametype|doubles
|player|p1|Aquafinaflo|169|
|player|p2|chriszim14|101|
|gen|9
|tier|[Gen 9 Champions] VGC 2026 Reg M-B (Bo3)
|rule|Species Clause: Limit one of each Pokémon
|rule|Item Clause: Limit 1 of each item
|clearpoke
|poke|p1|Incineroar, L50, M|
|poke|p1|Gengar, L50, M|
|poke|p1|Hawlucha, L50, M|
|poke|p1|Snorlax, L50, M|
|poke|p1|Primarina, L50, F|
|poke|p1|Vanilluxe, L50, M|
|poke|p2|Scizor, L50, M|
|poke|p2|Meganium, L50, F|
|poke|p2|Rotom-Wash, L50, shiny|
|poke|p2|Hydreigon, L50, M|
|poke|p2|Dragonite, L50, M|
|poke|p2|Greninja, L50, M, shiny|
|teampreview|4
|showteam|p1|Incineroar||PasshoBerry|Intimidate|FakeOut,PartingShot,Protect,ThroatChop|Sassy||M|||50|]Gengar||Gengarite|CursedBody|Protect,ShadowBall,Disable,PerishSong|Timid||M|||50|]Hawlucha||Hawluchanite|Limber|Detect,Entrainment,CloseCombat,BraveBird|Jolly||M|||50|]Snorlax||Leftovers|ThickFat|Protect,BodyPress,Stockpile,Fissure|Relaxed||M|||50|]Primarina||SitrusBerry|LiquidVoice|HyperVoice,IceBeam,Protect,PerishSong|Bold||F|||50|]Vanilluxe||FocusSash|SnowWarning|AuroraVeil,Blizzard,SheerCold,FlashCannon|Timid||M|||50|
|showteam|p2|Scizor||Scizorite|Technician|BulletPunch,BugBite,SwordsDance,Protect|Adamant||M|||50|]Meganium||YacheBerry|Overgrow|AncientPower,GigaDrain,PollenPuff,Protect|Calm||F|||50|]Rotom-Wash||Leftovers|Levitate|HydroPump,Protect,WillOWisp,Thunderbolt|Sassy|||||50|]Hydreigon||ChoiceScarf|Levitate|DarkPulse,DracoMeteor,Uturn,EarthPower|Modest||M|||50|]Dragonite||SitrusBerry|Multiscale|ExtremeSpeed,FirePunch,DragonClaw,Protect|Adamant||M|||50|]Greninja||FocusSash|Protean|DarkPulse,GrassKnot,WaterShuriken,Protect|Timid||M|||50|
|j| ZimZam18
|
|t:|1784405652
|teamsize|p1|4
|teamsize|p2|4
|start
|switch|p1a: Hawlucha|Hawlucha, L50, M|100/100
|switch|p1b: Snorlax|Snorlax, L50, M|100/100
|switch|p2a: Hydreigon|Hydreigon, L50, M|100/100
|switch|p2b: Scizor|Scizor, L50, M|100/100
|turn|1
|j| sonofmcleod
|
|t:|1784405694
|detailschange|p1a: Hawlucha|Hawlucha-Mega, L50, M
|-mega|p1a: Hawlucha|Hawlucha|Hawluchanite
|detailschange|p2b: Scizor|Scizor-Mega, L50, M
|-mega|p2b: Scizor|Scizor|Scizorite
|move|p2a: Hydreigon|U-turn|p1a: Hawlucha
|-resisted|p1a: Hawlucha|2
|-damage|p1a: Hawlucha|96/100
|
|t:|1784405702
|switch|p2a: Rotom|Rotom-Wash, L50, shiny|100/100|[from] U-turn
|move|p1a: Hawlucha|Entrainment|p1b: Snorlax
|-ability|p1b: Snorlax|No Guard|Thick Fat|[from] move: Entrainment|[of] p1a: Hawlucha
|move|p2b: Scizor|Swords Dance|p2b: Scizor
|-boost|p2b: Scizor|atk|2
|move|p1b: Snorlax|Fissure|p2b: Scizor
|-damage|p2b: Scizor|0 fnt
|faint|p2b: Scizor
|-ohko
|
|upkeep
|
|t:|1784405719
|switch|p2b: Hydreigon|Hydreigon, L50, M|100/100
|turn|2
|
|t:|1784405733
|move|p2b: Hydreigon|Draco Meteor|p1b: Snorlax
|-damage|p1b: Snorlax|55/100
|-unboost|p2b: Hydreigon|spa|2
|move|p1a: Hawlucha|Close Combat|p2b: Hydreigon
|-supereffective|p2b: Hydreigon|1
|-damage|p2b: Hydreigon|0 fnt
|-unboost|p1a: Hawlucha|def|1
|-unboost|p1a: Hawlucha|spd|1
|faint|p2b: Hydreigon
|move|p2a: Rotom|Thunderbolt|p1b: Snorlax
|-damage|p1b: Snorlax|37/100
|move|p1b: Snorlax|Stockpile|p1b: Snorlax
|-start|p1b: Snorlax|stockpile1
|-boost|p1b: Snorlax|def|1
|-boost|p1b: Snorlax|spd|1
|
|-heal|p1b: Snorlax|43/100|[from] item: Leftovers
|upkeep
|
|t:|1784405752
|switch|p2b: Dragonite|Dragonite, L50, M|100/100
|turn|3
|
|t:|1784405773
|move|p1b: Snorlax|Protect|p1b: Snorlax
|-singleturn|p1b: Snorlax|Protect
|move|p1a: Hawlucha|Close Combat|p2a: Rotom
|-damage|p2a: Rotom|36/100
|-unboost|p1a: Hawlucha|def|1
|-unboost|p1a: Hawlucha|spd|1
|move|p2b: Dragonite|Dragon Claw|p1b: Snorlax
|-activate|p1b: Snorlax|move: Protect
|move|p2a: Rotom|Hydro Pump|p1b: Snorlax
|-activate|p1b: Snorlax|move: Protect
|
|-heal|p2a: Rotom|42/100|[from] item: Leftovers
|-heal|p1b: Snorlax|49/100|[from] item: Leftovers
|upkeep
|turn|4
|
|t:|1784405835
|switch|p1b: Incineroar|Incineroar, L50, M|100/100
|-ability|p1b: Incineroar|Intimidate|boost
|-unboost|p2a: Rotom|atk|1
|-unboost|p2b: Dragonite|atk|1
|move|p2a: Rotom|Protect|p2a: Rotom
|-singleturn|p2a: Rotom|Protect
|move|p1a: Hawlucha|Close Combat|p2a: Rotom
|-activate|p2a: Rotom|move: Protect
|move|p2b: Dragonite|Dragon Claw|p1b: Incineroar
|-damage|p1b: Incineroar|74/100
|
|-heal|p2a: Rotom|48/100|[from] item: Leftovers
|upkeep
|turn|5
|
|t:|1784405868
|move|p2b: Dragonite|Extreme Speed|p1a: Hawlucha
|-damage|p1a: Hawlucha|58/100
|move|p1a: Hawlucha|Close Combat|p2a: Rotom
|-damage|p2a: Rotom|0 fnt
|-unboost|p1a: Hawlucha|def|1
|-unboost|p1a: Hawlucha|spd|1
|faint|p2a: Rotom
|move|p1b: Incineroar|Parting Shot|p2b: Dragonite
|-unboost|p2b: Dragonite|atk|1
|-unboost|p2b: Dragonite|spa|1
|
|t:|1784405878
|switch|p1b: Primarina|Primarina, L50, F|100/100|[from] Parting Shot
|
|upkeep
|turn|6
|
|t:|1784405886
|move|p2b: Dragonite|Extreme Speed|p1a: Hawlucha
|-damage|p1a: Hawlucha|21/100
|move|p1a: Hawlucha|Brave Bird|p2b: Dragonite
|-damage|p2b: Dragonite|73/100
|-damage|p1a: Hawlucha|12/100|[from] Recoil
|move|p1b: Primarina|Ice Beam|p2b: Dragonite
|-supereffective|p2b: Dragonite|2
|-damage|p2b: Dragonite|0 fnt
|faint|p2b: Dragonite
|
|win|Aquafinaflo
||chriszim14 is ready for game 2.
|inactive|Aquafinaflo has 30 seconds to confirm battle start!
