|j|☆HeroLinik
|j|☆coggs's
|html|HeroLinikcoggs's    
|uhtml|bestof|Game 1 of a best-of-3
|t:|1785655170
|gametype|doubles
|player|p1|HeroLinik|gambler|
|player|p2|coggs's|madame-gen4|
|gen|9
|tier|[Gen 9 Champions] VGC 2026 Reg M-B (Bo3)
|rule|Species Clause: Limit one of each Pokémon
|rule|Item Clause: Limit 1 of each item
|clearpoke
|poke|p1|Pyroar, L50, M|
|poke|p1|Farigiraf, L50, F|
|poke|p1|Venusaur, L50, F|
|poke|p1|Primarina, L50, F|
|poke|p1|Torkoal, L50, M|
|poke|p1|Gholdengo, L50|
|poke|p2|Swampert, L50, M|
|poke|p2|Sableye, L50, M|
|poke|p2|Pelipper, L50, M|
|poke|p2|Archaludon, L50, F|
|poke|p2|Basculegion, L50, M|
|poke|p2|Venusaur, L50, M|
|teampreview|4
|showteam|p1|Pyroar||Pyroarite|Unnerve|Overheat,HeatWave,SolarBeam,Protect|Timid||M|||50|]Farigiraf||ColburBerry|ArmorTail|Protect,SunnyDay,TrickRoom,Psychic|Bold||F|||50|]Venusaur||FocusSash|Chlorophyll|SleepPowder,SludgeBomb,EarthPower,Protect|Timid||F|||50|]Primarina||LifeOrb|LiquidVoice|HyperVoice,Moonblast,DazzlingGleam,Protect|Quiet||F|||50|]Torkoal||Charcoal|Drought|Eruption,WeatherBall,HelpingHand,Yawn|Quiet||M|||50|]Gholdengo||ChoiceScarf|GoodasGold|MakeItRain,ShadowBall,FocusBlast,Thunderbolt|Timid|||||50|
|showteam|p2|Swampert||Swampertite|Damp|WaveCrash,Earthquake,IcePunch,Protect|Adamant||M|||50|]Sableye||RoseliBerry|Prankster|Encore,RainDance,WillOWisp,LightScreen|Careful||M|||50|]Pelipper||SitrusBerry|Drizzle|Hurricane,Tailwind,WeatherBall,RainDance|Bold||M|||50|]Archaludon||Leftovers|Stamina|ElectroShot,DragonPulse,FlashCannon,Protect|Modest||F|||50|]Basculegion||ChoiceScarf|Adaptability|LastRespects,WaveCrash,PsychicFangs,FlipTurn|Jolly||M|||50|]Venusaur||Venusaurite|Chlorophyll|Protect,GigaDrain,SludgeBomb,EarthPower|Modest||M|||50|
|inactive|Battle timer is ON: inactive players will automatically lose when time's up. (requested by HeroLinik)
|c|☆coggs's|glhf
|c|☆HeroLinik|glhf
|c|☆coggs's|gwidhdkwhdh timer on
|c|☆coggs's|pls
|c|☆coggs's|i beg
|inactive|coggs's has 60 seconds left.
|
|t:|1785655221
|teamsize|p1|4
|teamsize|p2|4
|start
|switch|p1a: Farigiraf|Farigiraf, L50, F|100/100
|switch|p1b: Primarina|Primarina, L50, F|100/100
|switch|p2a: Sableye|Sableye, L50, M|100/100
|switch|p2b: Venusaur|Venusaur, L50, M|100/100
|turn|1
|
|t:|1785655243
|detailschange|p2b: Venusaur|Venusaur-Mega, L50, M
|-mega|p2b: Venusaur|Venusaur|Venusaurite
|move|p1b: Primarina|Protect|p1b: Primarina
|-singleturn|p1b: Primarina|Protect
|move|p2a: Sableye|Light Screen|p2a: Sableye
|-sidestart|p2: coggs's|move: Light Screen
|move|p2b: Venusaur|Sludge Bomb|p1a: Farigiraf
|-damage|p1a: Farigiraf|55/100
|move|p1a: Farigiraf|Trick Room|p1a: Farigiraf
|-fieldstart|move: Trick Room|[of] p1a: Farigiraf
|
|upkeep
|turn|2
|inactive|coggs's has 30 seconds left.
|
|t:|1785655272
|move|p2a: Sableye|Rain Dance|p2a: Sableye
|-weather|RainDance
|move|p1b: Primarina|Moonblast|p2a: Sableye
|-supereffective|p2a: Sableye|1
|-enditem|p2a: Sableye|Roseli Berry|[eat]
|-enditem|p2a: Sableye|Roseli Berry|[weaken]
|-damage|p2a: Sableye|49/100
|-damage|p1b: Primarina|90/100|[from] item: Life Orb
|move|p1a: Farigiraf|Psychic|p2b: Venusaur
|-supereffective|p2b: Venusaur|1
|-damage|p2b: Venusaur|56/100
|move|p2b: Venusaur|Giga Drain|p1b: Primarina
|-supereffective|p1b: Primarina|1
|-damage|p1b: Primarina|22/100
|-heal|p2b: Venusaur|92/100|[from] drain|[of] p1b: Primarina
|
|-weather|RainDance|[upkeep]
|upkeep
|turn|3
|inactive|coggs's has 30 seconds left.
|
|t:|1785655302
|switch|p2a: Archaludon|Archaludon, L50, F|100/100
|move|p2b: Venusaur|Protect|p2b: Venusaur
|-singleturn|p2b: Venusaur|Protect
|move|p1b: Primarina|Moonblast|p2a: Archaludon
|-damage|p2a: Archaludon|53/100
|-ability|p2a: Archaludon|Stamina|boost
|-boost|p2a: Archaludon|def|1
|-damage|p1b: Primarina|13/100|[from] item: Life Orb
|move|p1a: Farigiraf|Sunny Day|p1a: Farigiraf
|-weather|SunnyDay
|
|-weather|SunnyDay|[upkeep]
|-heal|p2a: Archaludon|59/100|[from] item: Leftovers
|upkeep
|turn|4
|
|t:|1785655326
|switch|p2b: Sableye|Sableye, L50, M|49/100
|move|p2a: Archaludon|Protect|p2a: Archaludon
|-singleturn|p2a: Archaludon|Protect
|move|p1b: Primarina|Moonblast|p2a: Archaludon
|-activate|p2a: Archaludon|move: Protect
|move|p1a: Farigiraf|Psychic|p2b: Sableye
|-immune|p2b: Sableye
|
|-weather|SunnyDay|[upkeep]
|-heal|p2a: Archaludon|65/100|[from] item: Leftovers
|upkeep
|turn|5
|inactive|coggs's has 30 seconds left.
|
|t:|1785655354
|switch|p2a: Venusaur|Venusaur-Mega, L50, M|92/100
|move|p2b: Sableye|Rain Dance|p2b: Sableye
|-weather|RainDance
|move|p1b: Primarina|Dazzling Gleam|p2a: Venusaur|[spread] p2a,p2b
|-resisted|p2a: Venusaur|1
|-supereffective|p2b: Sableye|1
|-damage|p2a: Venusaur|79/100
|-damage|p2b: Sableye|0 fnt
|faint|p2b: Sableye
|-damage|p1b: Primarina|3/100|[from] item: Life Orb
|move|p1a: Farigiraf|Sunny Day|p1a: Farigiraf
|-weather|SunnyDay
|
|-weather|SunnyDay|[upkeep]
|-sideend|p2: coggs's|move: Light Screen
|-fieldend|move: Trick Room
|upkeep
|
|t:|1785655363
|switch|p2b: Archaludon|Archaludon, L50, F|65/100
|turn|6
|
|t:|1785655387
|move|p2a: Venusaur|Earth Power|p1a: Farigiraf
|-damage|p1a: Farigiraf|24/100
|move|p2b: Archaludon|Flash Cannon|p1a: Farigiraf
|-damage|p1a: Farigiraf|0 fnt
|faint|p1a: Farigiraf
|move|p1b: Primarina|Dazzling Gleam|p2a: Venusaur|[spread] p2a,p2b
|-resisted|p2a: Venusaur|1
|-damage|p2a: Venusaur|58/100
|-damage|p2b: Archaludon|23/100
|-ability|p2b: Archaludon|Stamina|boost
|-boost|p2b: Archaludon|def|1
|-damage|p1b: Primarina|0 fnt|[from] item: Life Orb
|faint|p1b: Primarina
|
|-weather|SunnyDay|[upkeep]
|-heal|p2b: Archaludon|29/100|[from] item: Leftovers
|upkeep
|
|t:|1785655397
|switch|p1a: Gholdengo|Gholdengo, L50|100/100
|switch|p1b: Torkoal|Torkoal, L50, M|100/100
|turn|7
|inactive|coggs's has 30 seconds left.
|inactive|coggs's has 20 seconds left.
|
|t:|1785655432
|move|p2b: Archaludon|Protect|p2b: Archaludon
|-singleturn|p2b: Archaludon|Protect
|move|p1a: Gholdengo|Shadow Ball|p2b: Archaludon
|-activate|p2b: Archaludon|move: Protect
|move|p2a: Venusaur|Earth Power|p1b: Torkoal
|-supereffective|p1b: Torkoal|1
|-damage|p1b: Torkoal|16/100
|move|p1b: Torkoal|Weather Ball|p2a: Venusaur
|-supereffective|p2a: Venusaur|1
|-damage|p2a: Venusaur|0 fnt
|faint|p2a: Venusaur
|
|-weather|SunnyDay|[upkeep]
|-heal|p2b: Archaludon|36/100|[from] item: Leftovers
|upkeep
|
|t:|1785655442
|switch|p2a: Basculegion|Basculegion, L50, M|100/100
|turn|8
|inactive|coggs's has 30 seconds left.
|
|t:|1785655472
|move|p1a: Gholdengo|Shadow Ball|p2a: Basculegion
|-supereffective|p2a: Basculegion|1
|-damage|p2a: Basculegion|0 fnt
|faint|p2a: Basculegion
|move|p2b: Archaludon|Dragon Pulse|p1a: Gholdengo
|-resisted|p1a: Gholdengo|1
|-damage|p1a: Gholdengo|76/100
|move|p1b: Torkoal|Weather Ball|p2b: Archaludon
|-damage|p2b: Archaludon|0 fnt
|faint|p2b: Archaludon
|
|win|HeroLinik
|c|☆coggs's|ggs
|inactive|HeroLinik has 30 seconds to confirm battle start!
|inactive|coggs's has 30 seconds to confirm battle start!
||HeroLinik is ready for game 2.
||coggs's is ready for game 2.
|uhtml|next|Next: Game 2 of 3
