|j|☆TheLordNebiros
|j|☆broleevee
|html|TheLordNebirosbroleevee    
|uhtml|bestof|Game 2 of a best-of-3
|t:|1756272717
|gametype|doubles
|player|p1|TheLordNebiros|265|1143
|player|p2|broleevee|striker|1144
|gen|9
|tier|[Gen 9] VGC 2025 Reg H (Bo3)
|rated|
|rule|Species Clause: Limit one of each Pokémon
|rule|Item Clause: Limit 1 of each item
|clearpoke
|poke|p1|Basculegion, L50, M|
|poke|p1|Archaludon, L50, M|
|poke|p1|Pelipper, L50, M|
|poke|p1|Incineroar, L50, M|
|poke|p1|Gholdengo, L50|
|poke|p1|Amoonguss, L50, F|
|poke|p2|Charizard, L50, F|
|poke|p2|Jumpluff, L50, M|
|poke|p2|Torkoal, L50, F|
|poke|p2|Ursaluna, L50, F|
|poke|p2|Incineroar, L50, M|
|poke|p2|Duskull, L50, M|
|teampreview|4
|showteam|p1|Basculegion||ChoiceBand|SwiftSwim|FlipTurn,WaveCrash,AquaJet,LastRespects|||M|||50|,,,,,Water]Archaludon||AssaultVest|Stamina|ElectroShot,DracoMeteor,FlashCannon,BodyPress|||M|||50|,,,,,Grass]Pelipper||FocusSash|Drizzle|Protect,Tailwind,Hurricane,WeatherBall|||M|||50|,,,,,Ghost]Incineroar||SafetyGoggles|Intimidate|FakeOut,KnockOff,PartingShot,Taunt|||M|||50|,,,,,Ghost]Gholdengo||LifeOrb|GoodasGold|Protect,NastyPlot,MakeItRain,ShadowBall||||||50|,,,,,Water]Amoonguss||RockyHelmet|Regenerator|Protect,RagePowder,Spore,PollenPuff|||F|||50|,,,,,Dark
|showteam|p2|Charizard||ChoiceSpecs|SolarPower|HeatWave,Overheat,WeatherBall,DragonPulse|||F|||50|,,,,,Ghost]Jumpluff||CovertCloak|Chlorophyll|SleepPowder,Tailwind,RagePowder,SunnyDay|||M|||50|,,,,,Water]Torkoal||EjectPack|Drought|Overheat,Eruption,ClearSmog,Protect|||F|||50|,,,,,Fire]Ursaluna||FlameOrb|Guts|Facade,HeadlongRush,Earthquake,Protect|||F|||50|,,,,,Ghost]Incineroar||AssaultVest|Intimidate|FakeOut,FlareBlitz,KnockOff,Uturn|||M|||50|,,,,,Ghost]Duskull||Eviolite|Levitate|NightShade,TrickRoom,Haze,PainSplit|||M|||50|,,,,,Steel
|inactive|Battle timer is ON: inactive players will automatically lose when time's up. (requested by TheLordNebiros)
|inactive|broleevee also wants the timer to be on.
|inactive|broleevee has 60 seconds left.
|
|t:|1756272760
|teamsize|p1|4
|teamsize|p2|4
|start
|switch|p1a: Incineroar|Incineroar, L50, M, shiny|100/100
|switch|p1b: Amoonguss|Amoonguss, L50, F, shiny|100/100
|switch|p2a: Incineroar|Incineroar, L50, M|100/100
|switch|p2b: Jumpluff|Jumpluff, L50, M|100/100
|-ability|p2a: Incineroar|Intimidate|boost
|-unboost|p1a: Incineroar|atk|1
|-unboost|p1b: Amoonguss|atk|1
|-ability|p1a: Incineroar|Intimidate|boost
|-unboost|p2a: Incineroar|atk|1
|-unboost|p2b: Jumpluff|atk|1
|turn|1
|inactive|TheLordNebiros has 30 seconds left.
|inactive|TheLordNebiros has 20 seconds left.
|inactive|TheLordNebiros has 15 seconds left.
|inactive|broleevee has 30 seconds left.
|
|t:|1756272813
|switch|p2b: Torkoal|Torkoal, L50, F|100/100
|-weather|SunnyDay|[from] ability: Drought|[of] p2b: Torkoal
|-terastallize|p2a: Incineroar|Ghost
|move|p2a: Incineroar|Flare Blitz|p1b: Amoonguss
|-supereffective|p1b: Amoonguss
|-damage|p1b: Amoonguss|16/100
|-damage|p2a: Incineroar|84/100|[from] item: Rocky Helmet|[of] p1b: Amoonguss
|-damage|p2a: Incineroar|53/100|[from] Recoil
|move|p1a: Incineroar|Taunt|p2b: Torkoal
|-start|p2b: Torkoal|move: Taunt
|move|p1b: Amoonguss|Spore|p2a: Incineroar
|-status|p2a: Incineroar|slp|[from] move: Spore
|
|-weather|SunnyDay|[upkeep]
|upkeep
|turn|2
|inactive|TheLordNebiros has 30 seconds left.
|inactive|TheLordNebiros has 20 seconds left.
|inactive|TheLordNebiros has 15 seconds left.
|inactive|TheLordNebiros has 10 seconds left.
|
|t:|1756272860
|switch|p1b: Basculegion|Basculegion, L50, M, shiny|100/100
|move|p1a: Incineroar|Parting Shot|p2b: Torkoal
|-unboost|p2b: Torkoal|atk|1
|-unboost|p2b: Torkoal|spa|1
|
|t:|1756272874
|switch|p1a: Pelipper|Pelipper, L50, M, shiny|100/100|[from] Parting Shot
|-weather|RainDance|[from] ability: Drizzle|[of] p1a: Pelipper
|cant|p2a: Incineroar|slp
|move|p2b: Torkoal|Eruption|p1b: Basculegion|[spread] p1a,p1b
|-resisted|p1a: Pelipper
|-crit|p1a: Pelipper
|-resisted|p1b: Basculegion
|-damage|p1a: Pelipper|69/100
|-damage|p1b: Basculegion|92/100
|
|-weather|RainDance|[upkeep]
|upkeep
|turn|3
|inactive|TheLordNebiros has 30 seconds left.
|inactive|broleevee has 30 seconds left.
|inactive|TheLordNebiros has 20 seconds left.
|inactive|broleevee has 20 seconds left.
|inactive|broleevee has 15 seconds left.
|
|t:|1756272918
|switch|p2b: Jumpluff|Jumpluff, L50, M|100/100
|move|p1b: Basculegion|Flip Turn|p2a: Incineroar
|-damage|p2a: Incineroar|0 fnt
|faint|p2a: Incineroar
|
|t:|1756272930
|switch|p1b: Incineroar|Incineroar, L50, M, shiny|100/100|[from] Flip Turn
|-ability|p1b: Incineroar|Intimidate|boost
|-unboost|p2b: Jumpluff|atk|1
|move|p1a: Pelipper|Tailwind|p1a: Pelipper
|-sidestart|p1: TheLordNebiros|move: Tailwind
|
|-weather|RainDance|[upkeep]
|upkeep
|
|t:|1756272946
|switch|p2a: Torkoal|Torkoal, L50, F|100/100
|-weather|SunnyDay|[from] ability: Drought|[of] p2a: Torkoal
|turn|4
|inactive|TheLordNebiros has 30 seconds left.
|
|t:|1756272980
|move|p2b: Jumpluff|Sleep Powder|p1a: Pelipper
|-status|p1a: Pelipper|slp|[from] move: Sleep Powder
|cant|p1a: Pelipper|slp
|move|p1b: Incineroar|Taunt|p2b: Jumpluff
|-start|p2b: Jumpluff|move: Taunt
|move|p2a: Torkoal|Overheat|p1b: Incineroar
|-resisted|p1b: Incineroar
|-damage|p1b: Incineroar|62/100
|-unboost|p2a: Torkoal|spa|2
|-enditem|p2a: Torkoal|Eject Pack
|
|t:|1756272991
|switch|p2a: Charizard|Charizard, L50, F|100/100
|
|-weather|SunnyDay|[upkeep]
|-damage|p2a: Charizard|88/100|[from] ability: Solar Power|[of] p2a: Charizard
|upkeep
|turn|5
|inactive|TheLordNebiros has 30 seconds left.
|inactive|broleevee has 30 seconds left.
|inactive|broleevee has 20 seconds left.
|inactive|broleevee has 15 seconds left.
|inactive|broleevee has 10 seconds left.
|
|t:|1756273036
|switch|p2b: Torkoal|Torkoal, L50, F|100/100
|switch|p1a: Amoonguss|Amoonguss, L50, F, shiny|49/100
|move|p2a: Charizard|Weather Ball|p1b: Incineroar
|-resisted|p1b: Incineroar
|-damage|p1b: Incineroar|0 fnt
|faint|p1b: Incineroar
|
|-weather|SunnyDay|[upkeep]
|-damage|p2a: Charizard|76/100|[from] ability: Solar Power|[of] p2a: Charizard
|upkeep
|
|t:|1756273055
|switch|p1b: Basculegion|Basculegion, L50, M, shiny|92/100
|turn|6
|
|t:|1756273073
|switch|p2a: Jumpluff|Jumpluff, L50, M|100/100
|switch|p1a: Pelipper|Pelipper, L50, M, shiny|69/100 slp
|-weather|RainDance|[from] ability: Drizzle|[of] p1a: Pelipper
|move|p1b: Basculegion|Wave Crash|p2a: Jumpluff
|-resisted|p2a: Jumpluff
|-damage|p2a: Jumpluff|15/100
|-damage|p1b: Basculegion|66/100|[from] Recoil
|move|p2b: Torkoal|Eruption|p1a: Pelipper|[spread] p1a,p1b
|-resisted|p1a: Pelipper
|-resisted|p1b: Basculegion
|-damage|p1a: Pelipper|50/100 slp
|-damage|p1b: Basculegion|54/100
|
|-weather|RainDance|[upkeep]
|-sideend|p1: TheLordNebiros|move: Tailwind
|upkeep
|turn|7
|inactive|broleevee has 30 seconds left.
|
|t:|1756273108
|move|p1b: Basculegion|Wave Crash|p2a: Jumpluff
|-resisted|p2a: Jumpluff
|-damage|p2a: Jumpluff|0 fnt
|faint|p2a: Jumpluff
|-damage|p1b: Basculegion|49/100|[from] Recoil
|-curestatus|p1a: Pelipper|slp|[msg]
|move|p1a: Pelipper|Tailwind|p1a: Pelipper
|-sidestart|p1: TheLordNebiros|move: Tailwind
|move|p2b: Torkoal|Overheat|p1b: Basculegion|[miss]
|-miss|p2b: Torkoal|p1b: Basculegion
|
|-weather|RainDance|[upkeep]
|upkeep
|-message|broleevee forfeited.
|
|win|TheLordNebiros
||broleevee is ready for game 3.
||TheLordNebiros is ready for game 3.
|uhtml|next|Next: Game 3 of 3
