|j|☆Spruce101
|j|☆seeyouatthetip
|html|Spruce101seeyouatthetip    
|uhtml|bestof|Game 1 of a best-of-3
|t:|1756415260
|gametype|doubles
|player|p1|Spruce101|lucas|1304
|player|p2|seeyouatthetip|hiker-gen4|1311
|gen|9
|tier|[Gen 9] VGC 2025 Reg H (Bo3)
|rated|
|rule|Species Clause: Limit one of each Pokémon
|rule|Item Clause: Limit 1 of each item
|clearpoke
|poke|p1|Archaludon, L50, M|
|poke|p1|Dragonite, L50, F|
|poke|p1|Pelipper, L50, M|
|poke|p1|Ursaluna, L50, M|
|poke|p1|Sinistcha, L50|
|poke|p1|Gholdengo, L50|
|poke|p2|Amoonguss, L50, F|
|poke|p2|Incineroar, L50, F|
|poke|p2|Gholdengo, L50|
|poke|p2|Annihilape, L50, M|
|poke|p2|Kingambit, L50, M|
|poke|p2|Dragonite, L50, M|
|teampreview|4
|showteam|p1|Archaludon||AssaultVest|Stamina|FlashCannon,BodyPress,ElectroShot,Snarl|||M|||50|,,,,,Fighting]Dragonite||LoadedDice|Multiscale|ScaleShot,Tailwind,Haze,Protect|||F|||50|,,,,,Fairy]Pelipper||FocusSash|Drizzle|MuddyWater,Hurricane,Tailwind,Protect|||M|||50|,,,,,Ghost]Ursaluna||FlameOrb|Guts|Facade,HeadlongRush,Earthquake,Protect|||M|||50|,,,,,Ghost]Sinistcha||SitrusBerry|Hospitality|MatchaGotcha,LifeDew,RagePowder,TrickRoom||||||50|,,,,,Dark]Gholdengo||ChoiceScarf|GoodasGold|MakeItRain,ShadowBall,Trick,Protect||||||50|,,,,,Flying
|showteam|p2|Amoonguss||SitrusBerry|Regenerator|Spore,RagePowder,SludgeBomb,Protect|||F|||50|,,,,,Fire]Incineroar||SafetyGoggles|Intimidate|FlareBlitz,FakeOut,PartingShot,KnockOff|||F|||50|,,,,,Ghost]Gholdengo||LifeOrb|GoodasGold|MakeItRain,ShadowBall,NastyPlot,Protect||||||50|,,,,,Steel]Annihilape||FocusSash|Defiant|CloseCombat,RageFist,Coaching,FinalGambit|||M|||50|,,,,,Grass]Kingambit||AssaultVest|Defiant|KowtowCleave,SuckerPunch,IronHead,LowKick|||M|||50|,,,,,Dark]Dragonite||LoadedDice|Multiscale|ScaleShot,ExtremeSpeed,Haze,Protect|||M|||50|,,,,,Fairy
|inactive|Battle timer is ON: inactive players will automatically lose when time's up. (requested by seeyouatthetip)
|inactive|seeyouatthetip has 60 seconds left.
|
|t:|1756415313
|teamsize|p1|4
|teamsize|p2|4
|start
|switch|p1a: Ursaluna|Ursaluna, L50, M|100/100
|switch|p1b: Gholdengo|Gholdengo, L50|100/100
|switch|p2a: Gholdengo|Gholdengo, L50|100/100
|switch|p2b: Kingambit|Kingambit, L50, M, shiny|100/100
|turn|1
|inactive|seeyouatthetip has 30 seconds left.
|
|t:|1756415345
|-terastallize|p2a: Gholdengo|Steel
|move|p1b: Gholdengo|Shadow Ball|p2a: Gholdengo
|-damage|p2a: Gholdengo|49/100
|-unboost|p2a: Gholdengo|spd|1
|move|p2a: Gholdengo|Make It Rain|p1a: Ursaluna|[spread] p1a,p1b
|-resisted|p1b: Gholdengo
|-damage|p1a: Ursaluna|7/100
|-damage|p1b: Gholdengo|50/100
|-unboost|p2a: Gholdengo|spa|1
|-damage|p2a: Gholdengo|39/100|[from] item: Life Orb
|move|p1a: Ursaluna|Headlong Rush|p2b: Kingambit
|-supereffective|p2b: Kingambit
|-damage|p2b: Kingambit|0 fnt
|-unboost|p1a: Ursaluna|def|1
|-unboost|p1a: Ursaluna|spd|1
|faint|p2b: Kingambit
|
|-status|p1a: Ursaluna|brn|[from] item: Flame Orb
|upkeep
|
|t:|1756415360
|switch|p2b: Incineroar|Incineroar, L50, F|100/100
|-ability|p2b: Incineroar|Intimidate|boost
|-unboost|p1a: Ursaluna|atk|1
|-unboost|p1b: Gholdengo|atk|1
|turn|2
|inactive|Spruce101 has 30 seconds left.
|inactive|seeyouatthetip has 30 seconds left.
|
|t:|1756415391
|switch|p1b: Archaludon|Archaludon, L50, M|100/100
|move|p2a: Gholdengo|Nasty Plot|p2a: Gholdengo
|-boost|p2a: Gholdengo|spa|2
|move|p2b: Incineroar|Knock Off|p1a: Ursaluna
|-damage|p1a: Ursaluna|0 fnt
|-enditem|p1a: Ursaluna|Flame Orb|[from] move: Knock Off|[of] p2b: Incineroar
|faint|p1a: Ursaluna
|
|upkeep
|
|t:|1756415403
|switch|p1a: Gholdengo|Gholdengo, L50|50/100
|turn|3
|
|t:|1756415413
|move|p2a: Gholdengo|Protect|p2a: Gholdengo
|-singleturn|p2a: Gholdengo|Protect
|move|p1a: Gholdengo|Shadow Ball|p2a: Gholdengo
|-activate|p2a: Gholdengo|move: Protect
|move|p2b: Incineroar|Flare Blitz|p1a: Gholdengo
|-supereffective|p1a: Gholdengo
|-crit|p1a: Gholdengo
|-damage|p1a: Gholdengo|0 fnt
|faint|p1a: Gholdengo
|-damage|p2b: Incineroar|87/100|[from] Recoil
|move|p1b: Archaludon|Body Press|p2b: Incineroar
|-supereffective|p2b: Incineroar
|-damage|p2b: Incineroar|37/100
|
|upkeep
|
|t:|1756415415
|switch|p1a: Sinistcha|Sinistcha, L50|100/100
|turn|4
|inactive|seeyouatthetip has 30 seconds left.
|inactive|seeyouatthetip has 20 seconds left.
|inactive|seeyouatthetip has 15 seconds left.
|
|t:|1756415457
|-terastallize|p1a: Sinistcha|Dark
|move|p1a: Sinistcha|Rage Powder|p1a: Sinistcha
|-singleturn|p1a: Sinistcha|move: Rage Powder
|move|p2a: Gholdengo|Make It Rain|p1a: Sinistcha|[spread] p1a,p1b
|-resisted|p1b: Archaludon
|-damage|p1a: Sinistcha|0 fnt
|-damage|p1b: Archaludon|61/100
|-unboost|p2a: Gholdengo|spa|1
|-ability|p1b: Archaludon|Stamina|boost
|-boost|p1b: Archaludon|def|1
|faint|p1a: Sinistcha
|-damage|p2a: Gholdengo|29/100|[from] item: Life Orb
|move|p2b: Incineroar|Flare Blitz|p1b: Archaludon
|-crit|p1b: Archaludon
|-damage|p1b: Archaludon|11/100
|-status|p1b: Archaludon|brn
|-ability|p1b: Archaludon|Stamina|boost
|-boost|p1b: Archaludon|def|1
|-damage|p2b: Incineroar|20/100|[from] Recoil
|move|p1b: Archaludon|Body Press|p2b: Incineroar
|-supereffective|p2b: Incineroar
|-damage|p2b: Incineroar|0 fnt
|faint|p2b: Incineroar
|
|-damage|p1b: Archaludon|5/100 brn|[from] brn
|upkeep
|
|t:|1756415474
|switch|p2b: Dragonite|Dragonite, L50, M|100/100
|turn|5
|
|t:|1756415478
|move|p2a: Gholdengo|Shadow Ball|p1b: Archaludon
|-damage|p1b: Archaludon|0 fnt
|faint|p1b: Archaludon
|-damage|p2a: Gholdengo|19/100|[from] item: Life Orb
|
|win|seeyouatthetip
||seeyouatthetip is ready for game 2.
||Spruce101 is ready for game 2.
|uhtml|next|Next: Game 2 of 3
|l|☆Spruce101
|player|p1|
