|j|☆mew mew season 2
|j|☆Vorpal Word tv
|html|mew mew season 2Vorpal Word tv    
|uhtml|bestof|Game 2 of a best-of-3
|t:|1782471932
|gametype|doubles
|player|p1|mew mew season 2|miku-psychic|1040
|player|p2|Vorpal Word tv|cynthia|1097
|gen|9
|tier|[Gen 9 Champions] VGC 2026 Reg M-B (Bo3)
|rated|
|rule|Species Clause: Limit one of each Pokémon
|rule|Item Clause: Limit 1 of each item
|clearpoke
|poke|p1|Floette-Eternal, L50, F|
|poke|p1|Delphox, L50, M|
|poke|p1|Kingambit, L50, F|
|poke|p1|Sneasler, L50, M|
|poke|p1|Sinistcha, L50|
|poke|p1|Incineroar, L50, M|
|poke|p2|Ninetales-Alola, L50, M, shiny|
|poke|p2|Raichu, L50, M|
|poke|p2|Vivillon-Pokeball, L50, M|
|poke|p2|Garchomp, L50, F|
|poke|p2|Starmie, L50, shiny|
|poke|p2|Greninja, L50, M, shiny|
|teampreview|4
|showteam|p1|Floette-Eternal||Floettite|FlowerVeil|Protect,CalmMind,DazzlingGleam,DrainingKiss|Modest||F|||50|]Delphox||Delphoxite|Blaze|HeatWave,Psychic,NastyPlot,Protect|Timid||M|||50|]Kingambit||BlackGlasses|Defiant|SuckerPunch,KowtowCleave,SwordsDance,Protect|Adamant||F|||50|]Sneasler||FocusSash|PoisonTouch|FakeOut,PoisonJab,CloseCombat,QuickGuard|Jolly||M|||50|]Sinistcha||CobaBerry|Hospitality|MatchaGotcha,RagePowder,LifeDew,TrickRoom|Bold|||||50|]Incineroar||SitrusBerry|Intimidate|FakeOut,FlareBlitz,ThroatChop,PartingShot|Bold||M|||50|
|showteam|p2|Ninetales-Alola||LightClay|SnowWarning|AuroraVeil,Blizzard,Moonblast,Extrasensory|Timid||M|||50|]Raichu||RaichuniteY|LightningRod|FocusBlast,ZapCannon,VoltSwitch,FakeOut|Timid||M|||50|]Vivillon-Pokeball||ChoiceScarf|CompoundEyes|SleepPowder,Hurricane,PollenPuff,AirSlash|Modest||M|||50|]Garchomp||Leftovers|RoughSkin|ScaleShot,StompingTantrum,SwordsDance,Protect|Adamant||F|||50|]Starmie||Starminite|Illuminate|SkillSwap,Liquidation,ZenHeadbutt,Protect|Jolly|||||50|]Greninja||LifeOrb|Protean|GunkShot,RockSlide,RolePlay,Taunt|Jolly||M|||50|
|inactive|Battle timer is ON: inactive players will automatically lose when time's up. (requested by Vorpal Word tv)
|inactive|mew mew season 2 has 60 seconds left.
|inactive|Vorpal Word tv has 60 seconds left.
|
|t:|1782471980
|teamsize|p1|4
|teamsize|p2|4
|start
|switch|p1a: Floette|Floette-Eternal, L50, F|100/100
|switch|p1b: Sinistcha|Sinistcha, L50|100/100
|switch|p2a: Garchomp|Garchomp, L50, F|100/100
|switch|p2b: Ninetales|Ninetales-Alola, L50, M, shiny|100/100
|-weather|Snowscape|[from] ability: Snow Warning|[of] p2b: Ninetales
|turn|1
|inactive|Vorpal Word tv has 30 seconds left.
|
|t:|1782472008
|switch|p1b: Incineroar|Incineroar, L50, M|100/100
|-ability|p1b: Incineroar|Intimidate|boost
|-unboost|p2a: Garchomp|atk|1
|-unboost|p2b: Ninetales|atk|1
|detailschange|p1a: Floette|Floette-Mega, L50, F
|-mega|p1a: Floette|Floette|Floettite
|-ability|p1a: Floette|Fairy Aura
|move|p2b: Ninetales|Blizzard|p1a: Floette|[spread] p1a,p1b
|-resisted|p1b: Incineroar|1
|-damage|p1a: Floette|76/100
|-damage|p1b: Incineroar|85/100
|-status|p1a: Floette|frz
|cant|p1a: Floette|frz
|move|p2a: Garchomp|Stomping Tantrum|p1a: Floette
|-damage|p1a: Floette|44/100 frz
|
|-weather|Snowscape|[upkeep]
|upkeep
|turn|2
|
|t:|1782472032
|switch|p1b: Sinistcha|Sinistcha, L50|100/100
|-heal|p1a: Floette|68/100 frz|[from] ability: Hospitality|[of] p1b: Sinistcha
|move|p2b: Ninetales|Aurora Veil|p2b: Ninetales
|-sidestart|p2: Vorpal Word tv|move: Aurora Veil
|cant|p1a: Floette|frz
|move|p2a: Garchomp|Swords Dance|p2a: Garchomp
|-boost|p2a: Garchomp|atk|2
|
|-weather|Snowscape|[upkeep]
|upkeep
|turn|3
|
|t:|1782472052
|switch|p1b: Incineroar|Incineroar, L50, M|85/100
|-ability|p1b: Incineroar|Intimidate|boost
|-unboost|p2a: Garchomp|atk|1
|-unboost|p2b: Ninetales|atk|1
|move|p2b: Ninetales|Blizzard|p1a: Floette|[spread] p1a,p1b
|-resisted|p1b: Incineroar|1
|-damage|p1a: Floette|44/100 frz
|-damage|p1b: Incineroar|70/100
|-curestatus|p1a: Floette|frz|[msg]
|move|p1a: Floette|Calm Mind|p1a: Floette
|-boost|p1a: Floette|spa|1
|-boost|p1a: Floette|spd|1
|move|p2a: Garchomp|Scale Shot|p1b: Incineroar
|-damage|p1b: Incineroar|58/100
|-damage|p1b: Incineroar|47/100
|-enditem|p1b: Incineroar|Sitrus Berry|[eat]
|-heal|p1b: Incineroar|72/100|[from] item: Sitrus Berry
|-hitcount|p1b: Incineroar|2
|-unboost|p2a: Garchomp|def|1
|-boost|p2a: Garchomp|spe|1
|
|-weather|Snowscape|[upkeep]
|upkeep
|turn|4
|inactive|Vorpal Word tv has 30 seconds left.
|inactive|Vorpal Word tv has 20 seconds left.
|inactive|Vorpal Word tv has 15 seconds left.
|
|t:|1782472096
|move|p1a: Floette|Protect|p1a: Floette
|-singleturn|p1a: Floette|Protect
|move|p2a: Garchomp|Stomping Tantrum|p1a: Floette
|-activate|p1a: Floette|move: Protect
|move|p2b: Ninetales|Moonblast|p1a: Floette
|-activate|p1a: Floette|move: Protect
|move|p1b: Incineroar|Parting Shot|p2a: Garchomp
|-unboost|p2a: Garchomp|atk|1
|-unboost|p2a: Garchomp|spa|1
|
|t:|1782472107
|switch|p1b: Sinistcha|Sinistcha, L50|100/100|[from] Parting Shot
|-heal|p1a: Floette|69/100|[from] ability: Hospitality|[of] p1b: Sinistcha
|
|-weather|Snowscape|[upkeep]
|upkeep
|turn|5
|
|t:|1782472120
|switch|p2a: Vivillon|Vivillon-Pokeball, L50, M|100/100
|move|p1b: Sinistcha|Rage Powder|p1b: Sinistcha
|-singleturn|p1b: Sinistcha|move: Rage Powder
|move|p2b: Ninetales|Blizzard|p1a: Floette|[spread] p1a,p1b
|-supereffective|p1b: Sinistcha|1
|-damage|p1a: Floette|52/100
|-damage|p1b: Sinistcha|34/100
|move|p1a: Floette|Dazzling Gleam|p2b: Ninetales|[spread] p2a,p2b
|-damage|p2a: Vivillon|14/100
|-damage|p2b: Ninetales|43/100
|
|-weather|none
|upkeep
|turn|6
|
|t:|1782472136
|move|p1b: Sinistcha|Rage Powder|p1b: Sinistcha
|-singleturn|p1b: Sinistcha|move: Rage Powder
|move|p2a: Vivillon|Hurricane|p1b: Sinistcha
|-supereffective|p1b: Sinistcha|1
|-enditem|p1b: Sinistcha|Coba Berry|[eat]
|-enditem|p1b: Sinistcha|Coba Berry|[weaken]
|-damage|p1b: Sinistcha|0 fnt
|faint|p1b: Sinistcha
|move|p2b: Ninetales|Blizzard|p1a: Floette|[miss]
|-miss|p2b: Ninetales|p1a: Floette
|move|p1a: Floette|Dazzling Gleam|p2a: Vivillon|[spread] p2a,p2b
|-damage|p2a: Vivillon|0 fnt
|-damage|p2b: Ninetales|0 fnt
|faint|p2a: Vivillon
|faint|p2b: Ninetales
|
|upkeep
|
|t:|1782472146
|switch|p2b: Starmie|Starmie, L50, shiny|100/100
|switch|p2a: Garchomp|Garchomp, L50, F|100/100
|switch|p1b: Incineroar|Incineroar, L50, M|72/100
|-ability|p1b: Incineroar|Intimidate|boost
|-unboost|p2a: Garchomp|atk|1
|-unboost|p2b: Starmie|atk|1
|turn|7
|inactive|mew mew season 2 has 30 seconds left.
|inactive|Vorpal Word tv has 30 seconds left.
|
|t:|1782472177
|detailschange|p2b: Starmie|Starmie-Mega, L50, shiny
|-mega|p2b: Starmie|Starmie|Starminite
|move|p1b: Incineroar|Fake Out|p2b: Starmie
|-damage|p2b: Starmie|91/100
|cant|p2b: Starmie|flinch
|move|p1a: Floette|Draining Kiss|p2a: Garchomp
|-supereffective|p2a: Garchomp|1
|-damage|p2a: Garchomp|23/100
|-heal|p1a: Floette|100/100|[from] drain|[of] p2a: Garchomp
|-damage|p1a: Floette|87/100|[from] ability: Rough Skin|[of] p2a: Garchomp
|move|p2a: Garchomp|Swords Dance|p2a: Garchomp
|-boost|p2a: Garchomp|atk|2
|
|-heal|p2a: Garchomp|29/100|[from] item: Leftovers
|upkeep
|turn|8
|
|t:|1782472198
|move|p2b: Starmie|Liquidation|p1b: Incineroar
|-supereffective|p1b: Incineroar|1
|-damage|p1b: Incineroar|0 fnt
|faint|p1b: Incineroar
|move|p1a: Floette|Dazzling Gleam|p2a: Garchomp|[spread] p2a,p2b
|-supereffective|p2a: Garchomp|1
|-damage|p2a: Garchomp|0 fnt
|-damage|p2b: Starmie|36/100
|faint|p2a: Garchomp
|
|upkeep
|
|t:|1782472204
|switch|p1b: Kingambit|Kingambit, L50, F|100/100
|turn|9
|
|t:|1782472209
|move|p1b: Kingambit|Sucker Punch|p2b: Starmie
|-supereffective|p2b: Starmie|1
|-damage|p2b: Starmie|0 fnt
|faint|p2b: Starmie
|
|win|mew mew season 2
|raw|mew mew season 2's rating: 1040 → 1080(+40 for winning)
|raw|Vorpal Word tv's rating: 1097 → 1068(-29 for losing)
|l|☆Vorpal Word tv
|player|p2|
