|j|‚òÜcamala64
|j|‚òÜRobinMuister
|html|camala64RobinMuister    
|uhtml|bestof|Game 2 of a best-of-3
|t:|1786114659
|gametype|doubles
|player|p1|camala64|lance-masters2|
|player|p2|RobinMuister|blackbelt|
|gen|9
|tier|[Gen 9 Champions] VGC 2026 Reg M-B (Bo3)
|rule|Species Clause: Limit one of each Pok√©mon
|rule|Item Clause: Limit 1 of each item
|clearpoke
|poke|p1|Archaludon, L50, M, shiny|
|poke|p1|Venusaur, L50, F|
|poke|p1|Raichu, L50, F|
|poke|p1|Grimmsnarl, L50, M, shiny|
|poke|p1|Pelipper, L50, F|
|poke|p1|Basculegion, L50, M, shiny|
|poke|p2|Charizard, L50, F|
|poke|p2|Venusaur, L50, F|
|poke|p2|Garchomp, L50, M|
|poke|p2|Toxapex, L50, F|
|poke|p2|Sylveon, L50, M|
|poke|p2|Incineroar, L50, M|
|teampreview|4
|showteam|p1|Archaludon||Leftovers|Stamina|ElectroShot,DragonPulse,FlashCannon,Protect|Modest||M|||50|]Venusaur||Venusaurite|Chlorophyll|GigaDrain,SludgeBomb,EarthPower,Protect|Modest||F|||50|]Raichu||RaichuniteY|LightningRod|ZapCannon,FocusBlast,FakeOut,Protect|Timid||F|||50|]Grimmsnarl||LightClay|Prankster|SpiritBreak,Reflect,LightScreen,PartingShot|Sassy||M|||50|]Pelipper||SitrusBerry|Drizzle|WeatherBall,Hurricane,Tailwind,Protect|Calm||F|||50|]Basculegion||ChoiceScarf|Adaptability|WaveCrash,AquaJet,FlipTurn,LastRespects|Jolly||M|||50|
|showteam|p2|Charizard||CharizarditeY|Blaze|WeatherBall,SolarBeam,HeatWave,Protect|Modest||F|||50|]Venusaur||FocusSash|Chlorophyll|SludgeBomb,EarthPower,SleepPowder,Protect|Modest||F|||50|]Garchomp||ChoiceScarf|RoughSkin|Earthquake,StompingTantrum,RockSlide,RockTomb|Adamant||M|||50|]Toxapex||Leftovers|Regenerator|Infestation,BanefulBunker,Recover,WideGuard|Calm||F|||50|]Sylveon||FairyFeather|Pixilate|HyperVoice,QuickAttack,Yawn,Detect|Quiet||M|||50|]Incineroar||SitrusBerry|Intimidate|FakeOut,FlareBlitz,DarkestLariat,PartingShot|Adamant||M|||50|
|c|‚òÜcamala64|Glhf
|j| MegaHappyDragonite
|c|‚òÜRobinMuister|glhf
|c|‚òÜRobinMuister|this mu is kinda shit
|c| MegaHappyDragonite|ye
|c|‚òÜcamala64|I feel like any team that doesn‚Äôt have a flying or psychic type mega evo has a shit MU into this team
|c|‚òÜRobinMuister|or anyone that has a fire type weather
|
|t:|1786114733
|teamsize|p1|4
|teamsize|p2|4
|start
|switch|p1a: Venusaur|Venusaur, L50, F|100/100
|switch|p1b: Grimmsnarl|Grimmsnarl, L50, M, shiny|100/100
|switch|p2a: Toxapex|Toxapex, L50, F|100/100
|switch|p2b: Venusaur|Venusaur, L50, F|100/100
|turn|1
|c|‚òÜRobinMuister|into water type weather
|c| MegaHappyDragonite|flying types have a shit mu into it
|c| MegaHappyDragonite|o u mean robin's team?
|c|‚òÜcamala64|Yeah ig raptor has a rough time also thanks to raichu
|c| MegaHappyDragonite|ye
|c| MegaHappyDragonite|and arch is there
|
|t:|1786114779
|detailschange|p1a: Venusaur|Venusaur-Mega, L50, F
|-mega|p1a: Venusaur|Venusaur|Venusaurite
|move|p1b: Grimmsnarl|Light Screen|p1b: Grimmsnarl
|-sidestart|p1: camala64|move: Light Screen
|move|p2b: Venusaur|Sleep Powder|p1b: Grimmsnarl
|-status|p1b: Grimmsnarl|slp|[from] move: Sleep Powder
|move|p1a: Venusaur|Sludge Bomb|p2b: Venusaur
|-damage|p2b: Venusaur|42/100
|move|p2a: Toxapex|Infestation|p1a: Venusaur
|-damage|p1a: Venusaur|98/100
|-activate|p1a: Venusaur|move: Infestation|[of] p2a: Toxapex
|
|-damage|p1a: Venusaur|86/100|[from] move: Infestation|[partiallytrapped]
|upkeep
|turn|2
|c| MegaHappyDragonite|so its only psychic types that dont have a shit mu into ur team camala ig
|c|‚òÜcamala64|Well arch doesn‚Äôt help that much into raptor if they get boosted
|
|t:|1786114821
|switch|p2b: Charizard|Charizard, L50, F|100/100
|move|p1a: Venusaur|Sludge Bomb|p2b: Charizard
|-damage|p2b: Charizard|44/100
|cant|p1b: Grimmsnarl|slp
|move|p2a: Toxapex|Infestation|p1b: Grimmsnarl
|-damage|p1b: Grimmsnarl|98/100 slp
|-activate|p1b: Grimmsnarl|move: Infestation|[of] p2a: Toxapex
|
|-damage|p1a: Venusaur|73/100|[from] move: Infestation|[partiallytrapped]
|-damage|p1b: Grimmsnarl|85/100 slp|[from] move: Infestation|[partiallytrapped]
|upkeep
|turn|3
|c| MegaHappyDragonite|ig
|c| MegaHappyDragonite|but with reflect and rain up it does
|
|t:|1786114845
|switch|p2a: Venusaur|Venusaur, L50, F|42/100
|detailschange|p2b: Charizard|Charizard-Mega-Y, L50, F
|-mega|p2b: Charizard|Charizard|Charizardite Y
|-weather|SunnyDay|[from] ability: Drought|[of] p2b: Charizard
|cant|p1b: Grimmsnarl|slp
|move|p2b: Charizard|Heat Wave|p1b: Grimmsnarl|[spread] p1a,p1b
|-supereffective|p1a: Venusaur|1
|-damage|p1a: Venusaur|41/100
|-damage|p1b: Grimmsnarl|45/100 slp
|move|p1a: Venusaur|Sludge Bomb|p2b: Charizard
|-damage|p2b: Charizard|3/100
|
|-weather|SunnyDay|[upkeep]
|-end|p1a: Venusaur|Infestation|[partiallytrapped]|[silent]
|-end|p1b: Grimmsnarl|Infestation|[partiallytrapped]|[silent]
|upkeep
|turn|4
|c| MegaHappyDragonite|also pelli beats raptor
|
|t:|1786114879
|switch|p2b: Toxapex|Toxapex, L50, F|100/100
|-curestatus|p1b: Grimmsnarl|slp|[msg]
|move|p1b: Grimmsnarl|Parting Shot|p2b: Toxapex
|-unboost|p2b: Toxapex|atk|1
|-unboost|p2b: Toxapex|spa|1
|
|t:|1786114889
|switch|p1b: Archaludon|Archaludon, L50, M, shiny|100/100|[from] Parting Shot
|move|p2a: Venusaur|Sleep Powder|p1b: Archaludon
|-status|p1b: Archaludon|slp|[from] move: Sleep Powder
|move|p1a: Venusaur|Sludge Bomb|p2a: Venusaur
|-damage|p2a: Venusaur|0 fnt
|faint|p2a: Venusaur
|
|-weather|SunnyDay|[upkeep]
|upkeep
|
|t:|1786114903
|switch|p2a: Sylveon|Sylveon, L50, M|100/100
|turn|5
|
|t:|1786114929
|move|p2a: Sylveon|Detect|p2a: Sylveon
|-singleturn|p2a: Sylveon|Protect
|move|p1a: Venusaur|Sludge Bomb|p2a: Sylveon
|-activate|p2a: Sylveon|move: Protect
|cant|p1b: Archaludon|slp
|move|p2b: Toxapex|Infestation|p1a: Venusaur
|-damage|p1a: Venusaur|40/100
|-activate|p1a: Venusaur|move: Infestation|[of] p2b: Toxapex
|
|-weather|SunnyDay|[upkeep]
|-damage|p1a: Venusaur|28/100|[from] move: Infestation|[partiallytrapped]
|upkeep
|turn|6
|
|t:|1786114948
|move|p1a: Venusaur|Sludge Bomb|p2a: Sylveon
|-supereffective|p2a: Sylveon|1
|-damage|p2a: Sylveon|27/100
|-curestatus|p1b: Archaludon|slp|[msg]
|move|p1b: Archaludon|Flash Cannon|p2a: Sylveon
|-supereffective|p2a: Sylveon|1
|-crit|p2a: Sylveon
|-damage|p2a: Sylveon|0 fnt
|faint|p2a: Sylveon
|move|p2b: Toxapex|Infestation|p1b: Archaludon
|-resisted|p1b: Archaludon|1
|-damage|p1b: Archaludon|99/100
|-activate|p1b: Archaludon|move: Infestation|[of] p2b: Toxapex
|-ability|p1b: Archaludon|Stamina|boost
|-boost|p1b: Archaludon|def|1
|
|-weather|SunnyDay|[upkeep]
|-heal|p1b: Archaludon|100/100|[from] item: Leftovers
|-damage|p1a: Venusaur|16/100|[from] move: Infestation|[partiallytrapped]
|-damage|p1b: Archaludon|87/100|[from] move: Infestation|[partiallytrapped]
|upkeep
|
|t:|1786114957
|switch|p2a: Charizard|Charizard-Mega-Y, L50, F|3/100
|turn|7
|c|‚òÜcamala64|Gg
|c|‚òÜRobinMuister|not over bro
|
|t:|1786114972
|move|p1b: Archaludon|Protect|p1b: Archaludon
|-singleturn|p1b: Archaludon|Protect
|move|p2b: Toxapex|Baneful Bunker|p2b: Toxapex
|-singleturn|p2b: Toxapex|move: Protect
|move|p2a: Charizard|Weather Ball|p1b: Archaludon
|-activate|p1b: Archaludon|move: Protect
|move|p1a: Venusaur|Giga Drain|p2a: Charizard
|-resisted|p2a: Charizard|2
|-damage|p2a: Charizard|0 fnt
|-heal|p1a: Venusaur|17/100|[from] drain|[of] p2a: Charizard
|faint|p2a: Charizard
|
|-weather|none
|-heal|p1b: Archaludon|93/100|[from] item: Leftovers
|-damage|p1a: Venusaur|5/100|[from] move: Infestation|[partiallytrapped]
|-damage|p1b: Archaludon|81/100|[from] move: Infestation|[partiallytrapped]
|upkeep
|turn|8
|c|‚òÜcamala64|Ig you can crit
|c|‚òÜRobinMuister|bro nvm
|c|‚òÜRobinMuister|why did you do that
|c|‚òÜcamala64|I figured Giga drain had to KO
|c|‚òÜRobinMuister|oh I get it
|c|‚òÜcamala64|Ik it‚Äôs 4x resisted
|c|‚òÜRobinMuister|bc if venu goes down u get rain up
|c|‚òÜRobinMuister|then I cant Ko arch anymore
|c|‚òÜcamala64|Oh that‚Äôs what you were asking
|c|‚òÜcamala64|yes
|c|‚òÜcamala64|lol
|
|t:|1786115032
|move|p2b: Toxapex|Baneful Bunker|p2b: Toxapex
|-singleturn|p2b: Toxapex|move: Protect
|move|p1a: Venusaur|Earth Power|p2b: Toxapex
|-activate|p2b: Toxapex|move: Protect
|move|p1b: Archaludon|Dragon Pulse|p2b: Toxapex
|-activate|p2b: Toxapex|move: Protect
|
|-heal|p1b: Archaludon|87/100|[from] item: Leftovers
|-damage|p1a: Venusaur|0 fnt|[from] move: Infestation|[partiallytrapped]
|faint|p1a: Venusaur
|-damage|p1b: Archaludon|74/100|[from] move: Infestation|[partiallytrapped]
|-sideend|p1: camala64|move: Light Screen
|upkeep
|
|t:|1786115039
|switch|p1a: Pelipper|Pelipper, L50, F|100/100
|-weather|RainDance|[from] ability: Drizzle|[of] p1a: Pelipper
|turn|9
|
|t:|1786115043
|move|p2b: Toxapex|Baneful Bunker||[still]
|-fail|p2b: Toxapex
|move|p1b: Archaludon|Electro Shot||[still]
|-prepare|p1b: Archaludon|Electro Shot
|-boost|p1b: Archaludon|spa|1
|-anim|p1b: Archaludon|Electro Shot|p2b: Toxapex
|-supereffective|p2b: Toxapex|1
|-damage|p2b: Toxapex|10/100
|move|p1a: Pelipper|Hurricane|p2b: Toxapex
|-damage|p2b: Toxapex|0 fnt
|faint|p2b: Toxapex
|
|win|camala64
|c|‚òÜRobinMuister|gg
|l| MegaHappyDragonite
|l|‚òÜRobinMuister
|player|p2|
