|j|☆Isagii
|j|☆persianavgc
|html|Isagiipersianavgc    
|uhtml|bestof|Game 2 of a best-of-3
|t:|1783965949
|gametype|doubles
|player|p1|Isagii|steven|1237
|player|p2|persianavgc|1|1246
|gen|9
|tier|[Gen 9 Champions] VGC 2026 Reg M-B (Bo3)
|rated|
|rule|Species Clause: Limit one of each Pokémon
|rule|Item Clause: Limit 1 of each item
|clearpoke
|poke|p1|Milotic, L50, F|
|poke|p1|Farigiraf, L50, M|
|poke|p1|Hydrapple, L50, M, shiny|
|poke|p1|Mawile, L50, F|
|poke|p1|Torkoal, L50, M|
|poke|p1|Decidueye-Hisui, L50, F|
|poke|p2|Gengar, L50, M|
|poke|p2|Kommo-o, L50, M|
|poke|p2|Sinistcha, L50|
|poke|p2|Incineroar, L50, M|
|poke|p2|Politoed, L50, M|
|poke|p2|Tinkaton, L50, F|
|teampreview|4
|showteam|p1|Milotic||Leftovers|Competitive|IceBeam,MuddyWater,Recover,Haze|Modest||F|||50|]Farigiraf||SitrusBerry|ArmorTail|Psychic,TrickRoom,HelpingHand,Protect|Bold||M|||50|]Hydrapple||LifeOrb|Regenerator|FickleBeam,EarthPower,EnergyBall,Protect|Quiet||M|||50|]Mawile||Mawilite|HyperCutter|PlayRough,SuckerPunch,RockSlide,Protect|Brave||F|||50|]Torkoal||Charcoal|Drought|Eruption,WeatherBall,SolarBeam,Protect|Quiet||M|||50|]Decidueye-Hisui||ScopeLens|Scrappy|TripleArrows,LeafBlade,Uturn,Protect|Brave||F|||50|
|showteam|p2|Gengar||Gengarite|CursedBody|ShadowBall,Disable,PerishSong,Protect|Timid||M|||50|]Kommo-o||Leftovers|Soundproof|ClangingScales,AuraSphere,ClangorousSoul,Protect|Modest||M|||50|]Sinistcha||KasibBerry|Hospitality|MatchaGotcha,Protect,RagePowder,LifeDew|Bold|||||50|]Incineroar||PasshoBerry|Intimidate|FakeOut,DarkestLariat,Protect,PartingShot|Relaxed||M|||50|]Politoed||SitrusBerry|Drizzle|WeatherBall,Encore,PerishSong,Protect|Calm||M|||50|]Tinkaton||ShucaBerry|MoldBreaker|FakeOut,GigatonHammer,Encore,Protect|Jolly||F|||50|
|inactive|Battle timer is ON: inactive players will automatically lose when time's up. (requested by Isagii)
|inactive|persianavgc has 60 seconds left.
|
|t:|1783965989
|teamsize|p1|4
|teamsize|p2|4
|start
|switch|p1a: Milotic|Milotic, L50, F|100/100
|switch|p1b: Decidueye|Decidueye-Hisui, L50, F|100/100
|switch|p2a: Kommo-o|Kommo-o, L50, M|100/100
|switch|p2b: Tinkaton|Tinkaton, L50, F|100/100
|-ability|p2b: Tinkaton|Mold Breaker
|turn|1
|
|t:|1783966008
|move|p2b: Tinkaton|Fake Out|p1a: Milotic
|-damage|p1a: Milotic|90/100
|move|p2a: Kommo-o|Clangorous Soul|p2a: Kommo-o
|-boost|p2a: Kommo-o|atk|1
|-boost|p2a: Kommo-o|def|1
|-boost|p2a: Kommo-o|spa|1
|-boost|p2a: Kommo-o|spd|1
|-boost|p2a: Kommo-o|spe|1
|-damage|p2a: Kommo-o|67/100
|cant|p1a: Milotic|flinch
|move|p1b: Decidueye|Triple Arrows|p2a: Kommo-o
|-damage|p2a: Kommo-o|38/100
|
|-heal|p2a: Kommo-o|44/100|[from] item: Leftovers
|-heal|p1a: Milotic|96/100|[from] item: Leftovers
|upkeep
|turn|2
|
|t:|1783966031
|switch|p2b: Sinistcha|Sinistcha, L50|100/100
|-heal|p2a: Kommo-o|69/100|[from] ability: Hospitality|[of] p2b: Sinistcha
|move|p1b: Decidueye|Protect|p1b: Decidueye
|-singleturn|p1b: Decidueye|Protect
|move|p2a: Kommo-o|Clanging Scales|p1b: Decidueye|[spread] p1a
|-activate|p1b: Decidueye|move: Protect
|-damage|p1a: Milotic|55/100
|-unboost|p2a: Kommo-o|def|1
|move|p1a: Milotic|Haze|p1a: Milotic
|-clearallboost
|
|-heal|p2a: Kommo-o|75/100|[from] item: Leftovers
|-heal|p1a: Milotic|61/100|[from] item: Leftovers
|upkeep
|turn|3
|
|t:|1783966052
|switch|p2a: Tinkaton|Tinkaton, L50, F|100/100
|-ability|p2a: Tinkaton|Mold Breaker
|move|p1a: Milotic|Ice Beam|p2b: Sinistcha
|-supereffective|p2b: Sinistcha|1
|-damage|p2b: Sinistcha|44/100
|move|p2b: Sinistcha|Matcha Gotcha|p1a: Milotic|[spread] p1a,p1b
|-supereffective|p1a: Milotic|1
|-resisted|p1b: Decidueye|1
|-damage|p1a: Milotic|28/100
|-heal|p2b: Sinistcha|63/100|[from] drain|[of] p1a: Milotic
|-damage|p1b: Decidueye|88/100
|-heal|p2b: Sinistcha|70/100|[from] drain|[of] p1b: Decidueye
|move|p1b: Decidueye|Triple Arrows|p2b: Sinistcha
|-damage|p2b: Sinistcha|34/100
|
|-heal|p1a: Milotic|34/100|[from] item: Leftovers
|upkeep
|turn|4
|inactive|persianavgc has 30 seconds left.
|
|t:|1783966080
|switch|p1b: Farigiraf|Farigiraf, L50, M|100/100
|move|p2a: Tinkaton|Fake Out|p1a: Milotic
|-damage|p1a: Milotic|24/100
|cant|p1a: Milotic|flinch
|move|p2b: Sinistcha|Matcha Gotcha|p1b: Farigiraf|[spread] p1a,p1b
|-supereffective|p1a: Milotic|1
|-damage|p1a: Milotic|0 fnt
|-heal|p2b: Sinistcha|48/100|[from] drain|[of] p1a: Milotic
|-damage|p1b: Farigiraf|78/100
|-heal|p2b: Sinistcha|61/100|[from] drain|[of] p1b: Farigiraf
|faint|p1a: Milotic
|
|upkeep
|
|t:|1783966090
|switch|p1a: Hydrapple|Hydrapple, L50, M, shiny|100/100
|turn|5
|inactive|persianavgc has 30 seconds left.
|inactive|persianavgc has 20 seconds left.
|inactive|persianavgc has 15 seconds left.
|inactive|persianavgc has 10 seconds left.
|inactive|persianavgc has 5 seconds left.
|
|t:|1783966145
|move|p2a: Tinkaton|Gigaton Hammer|p1a: Hydrapple
|-damage|p1a: Hydrapple|61/100
|move|p2b: Sinistcha|Matcha Gotcha|p1a: Hydrapple|[spread] p1a,p1b
|-resisted|p1a: Hydrapple|2
|-damage|p1a: Hydrapple|55/100
|-heal|p2b: Sinistcha|65/100|[from] drain|[of] p1a: Hydrapple
|-damage|p1b: Farigiraf|55/100
|-heal|p2b: Sinistcha|79/100|[from] drain|[of] p1b: Farigiraf
|move|p1a: Hydrapple|Fickle Beam|p2b: Sinistcha|[anim] Fickle Beam All Out
|-activate|p1a: Hydrapple|move: Fickle Beam
|-damage|p2b: Sinistcha|0 fnt
|faint|p2b: Sinistcha
|-damage|p1a: Hydrapple|45/100|[from] item: Life Orb
|move|p1b: Farigiraf|Trick Room|p1b: Farigiraf
|-fieldstart|move: Trick Room|[of] p1b: Farigiraf
|
|upkeep
|inactive|persianavgc has 30 seconds left.
|
|t:|1783966172
|switch|p2b: Politoed|Politoed, L50, M|100/100
|-weather|RainDance|[from] ability: Drizzle|[of] p2b: Politoed
|turn|6
|inactive|persianavgc has 30 seconds left.
|inactive|persianavgc has 20 seconds left.
|inactive|persianavgc has 15 seconds left.
|inactive|persianavgc has 10 seconds left.
|inactive|persianavgc has 5 seconds left.
|
|t:|1783966224
|switch|p2a: Kommo-o|Kommo-o, L50, M|75/100
|move|p1b: Farigiraf|Helping Hand|p1a: Hydrapple
|-singleturn|p1a: Hydrapple|Helping Hand|[of] p1b: Farigiraf
|move|p1a: Hydrapple|Energy Ball|p2b: Politoed
|-supereffective|p2b: Politoed|1
|-damage|p2b: Politoed|0 fnt
|faint|p2b: Politoed
|-damage|p1a: Hydrapple|35/100|[from] item: Life Orb
|
|-weather|RainDance|[upkeep]
|-heal|p2a: Kommo-o|80/100|[from] item: Leftovers
|upkeep
|
|t:|1783966236
|switch|p2b: Tinkaton|Tinkaton, L50, F|100/100
|-ability|p2b: Tinkaton|Mold Breaker
|turn|7
|
|t:|1783966245
|-heal|p1a: Hydrapple|69/100|[from] ability: Regenerator|[silent]
|switch|p1a: Decidueye|Decidueye-Hisui, L50, F|88/100
|move|p1b: Farigiraf|Protect|p1b: Farigiraf
|-singleturn|p1b: Farigiraf|Protect
|move|p2b: Tinkaton|Fake Out|p1a: Decidueye
|-damage|p1a: Decidueye|80/100
|move|p2a: Kommo-o|Clanging Scales|p1b: Farigiraf|[spread] p1a
|-activate|p1b: Farigiraf|move: Protect
|-damage|p1a: Decidueye|43/100
|-unboost|p2a: Kommo-o|def|1
|
|-weather|RainDance|[upkeep]
|-heal|p2a: Kommo-o|86/100|[from] item: Leftovers
|upkeep
|turn|8
|inactive|persianavgc has 30 seconds left.
|
|t:|1783966276
|move|p1b: Farigiraf|Helping Hand|p1a: Decidueye
|-singleturn|p1a: Decidueye|Helping Hand|[of] p1b: Farigiraf
|move|p2a: Kommo-o|Protect|p2a: Kommo-o
|-singleturn|p2a: Kommo-o|Protect
|move|p1a: Decidueye|Triple Arrows|p2b: Tinkaton
|-damage|p2b: Tinkaton|22/100
|move|p2b: Tinkaton|Gigaton Hammer|p1a: Decidueye
|-damage|p1a: Decidueye|0 fnt
|faint|p1a: Decidueye
|
|-weather|RainDance|[upkeep]
|-heal|p2a: Kommo-o|92/100|[from] item: Leftovers
|upkeep
|
|t:|1783966284
|switch|p1a: Hydrapple|Hydrapple, L50, M, shiny|69/100
|turn|9
|
|t:|1783966291
|move|p2a: Kommo-o|Protect||[still]
|-fail|p2a: Kommo-o
|move|p2b: Tinkaton|Protect|p2b: Tinkaton
|-singleturn|p2b: Tinkaton|Protect
|move|p1a: Hydrapple|Fickle Beam|p2a: Kommo-o
|-supereffective|p2a: Kommo-o|1
|-damage|p2a: Kommo-o|0 fnt
|faint|p2a: Kommo-o
|-damage|p1a: Hydrapple|59/100|[from] item: Life Orb
|move|p1b: Farigiraf|Psychic|p2b: Tinkaton
|-activate|p2b: Tinkaton|move: Protect
|
|-weather|RainDance|[upkeep]
|-fieldend|move: Trick Room
|upkeep
|turn|10
|inactive|persianavgc has 30 seconds left.
|inactive|persianavgc has 20 seconds left.
|
|t:|1783966327
|move|p1b: Farigiraf|Helping Hand|p1a: Hydrapple
|-singleturn|p1a: Hydrapple|Helping Hand|[of] p1b: Farigiraf
|move|p2b: Tinkaton|Encore|p1a: Hydrapple
|-start|p1a: Hydrapple|Encore
|move|p1a: Hydrapple|Fickle Beam|p2b: Tinkaton
|-immune|p2b: Tinkaton
|
|-weather|none
|upkeep
|turn|11
|
|t:|1783966347
|move|p2b: Tinkaton|Encore|p1b: Farigiraf
|-start|p1b: Farigiraf|Encore
|move|p1b: Farigiraf|Helping Hand|p1a: Hydrapple
|-singleturn|p1a: Hydrapple|Helping Hand|[of] p1b: Farigiraf
|move|p1a: Hydrapple|Fickle Beam|p2b: Tinkaton
|-immune|p2b: Tinkaton
|
|upkeep
|turn|12
|
|t:|1783966355
|move|p1b: Farigiraf|Helping Hand|p1a: Hydrapple
|-singleturn|p1a: Hydrapple|Helping Hand|[of] p1b: Farigiraf
|move|p2b: Tinkaton|Gigaton Hammer|p1a: Hydrapple
|-crit|p1a: Hydrapple
|-damage|p1a: Hydrapple|1/100
|move|p1a: Hydrapple|Fickle Beam|p2b: Tinkaton
|-immune|p2b: Tinkaton
|
|-end|p1a: Hydrapple|Encore
|upkeep
|turn|13
|
|t:|1783966377
|move|p1b: Farigiraf|Helping Hand|p1a: Hydrapple
|-singleturn|p1a: Hydrapple|Helping Hand|[of] p1b: Farigiraf
|move|p1a: Hydrapple|Protect|p1a: Hydrapple
|-singleturn|p1a: Hydrapple|Protect
|move|p2b: Tinkaton|Encore|p1a: Hydrapple
|-activate|p1a: Hydrapple|move: Protect
|
|-end|p1b: Farigiraf|Encore
|upkeep
|turn|14
|
|t:|1783966390
|move|p2b: Tinkaton|Gigaton Hammer|p1a: Hydrapple
|-damage|p1a: Hydrapple|0 fnt
|faint|p1a: Hydrapple
|move|p1b: Farigiraf|Psychic|p2b: Tinkaton
|-resisted|p2b: Tinkaton|1
|-damage|p2b: Tinkaton|5/100
|
|upkeep
|turn|15
|
|t:|1783966403
|move|p2b: Tinkaton|Protect|p2b: Tinkaton
|-singleturn|p2b: Tinkaton|Protect
|move|p1b: Farigiraf|Psychic|p2b: Tinkaton
|-activate|p2b: Tinkaton|move: Protect
|
|upkeep
|turn|16
|
|t:|1783966410
|move|p2b: Tinkaton|Gigaton Hammer|p1b: Farigiraf
|-damage|p1b: Farigiraf|14/100
|-enditem|p1b: Farigiraf|Sitrus Berry|[eat]
|-heal|p1b: Farigiraf|39/100|[from] item: Sitrus Berry
|move|p1b: Farigiraf|Psychic|p2b: Tinkaton
|-resisted|p2b: Tinkaton|1
|-damage|p2b: Tinkaton|0 fnt
|faint|p2b: Tinkaton
|
|win|Isagii
|raw|Isagii's rating: 1237 → 1263(+26 for winning)
|raw|persianavgc's rating: 1246 → 1220(-26 for losing)
