|j|☆higigig
|j|☆Aceofmonsters
|html|higigigAceofmonsters    
|uhtml|bestof|Game 1 of a best-of-3
|t:|1756194411
|gametype|doubles
|player|p1|higigig|sisandbro|1140
|player|p2|Aceofmonsters|2|1088
|gen|9
|tier|[Gen 9] VGC 2025 Reg H (Bo3)
|rated|
|rule|Species Clause: Limit one of each Pokémon
|rule|Item Clause: Limit 1 of each item
|clearpoke
|poke|p1|Sneasler, L50, M|
|poke|p1|Gholdengo, L50|
|poke|p1|Farigiraf, L50, M|
|poke|p1|Ursaluna-Bloodmoon, L50, M|
|poke|p1|Amoonguss, L50, F|
|poke|p1|Altaria, L50, F|
|poke|p2|Garchomp, L50, M|
|poke|p2|Tyranitar, L50, M|
|poke|p2|Corviknight, L50, F|
|poke|p2|Indeedee-F, L50, F|
|poke|p2|Gardevoir, L50, F|
|poke|p2|Magmar, L50, M|
|teampreview|4
|showteam|p1|Sneasler||FocusSash|PoisonTouch|FakeOut,CloseCombat,DireClaw,Taunt|||M|||50|,,,,,Ghost]Gholdengo||ChoiceSpecs|GoodasGold|MakeItRain,ShadowBall,DazzlingGleam,PowerGem||||||50|,,,,,Steel]Farigiraf||MentalHerb|ArmorTail|Psychic,Imprison,HelpingHand,TrickRoom|||M|||50|,,,,,Grass]Ursaluna-Bloodmoon||ThroatSpray|MindsEye|HyperVoice,EarthPower,BloodMoon,Protect|||M|||50|,,,,,Normal]Amoonguss||SitrusBerry|Regenerator|SludgeBomb,PollenPuff,Spore,RagePowder|||F|||50|,,,,,Water]Altaria||CovertCloak|CloudNine|BreakingSwipe,HelpingHand,Haze,Tailwind|||F|||50|,,,,,Water
|showteam|p2|Garchomp||ClearAmulet|SandVeil|Earthquake,DragonClaw,SwordsDance,Protect|||M|||50|,,,,,Ground]Tyranitar||AssaultVest|SandStream|RockSlide,KnockOff,LowKick,TeraBlast|||M|||50|,,,,,Flying]Corviknight||PsychicSeed|MirrorArmor|BraveBird,PowerTrip,BulkUp,Roost|||F|||50|,,,,,Water]Indeedee-F||RockyHelmet|PsychicSurge|Psychic,FollowMe,TrickRoom,Protect|||F|||50|,,,,,Grass]Gardevoir||SafetyGoggles|Telepathy|ExpandingForce,Moonblast,CalmMind,Protect|||F|||50|,,,,,Psychic]Magmar||Eviolite|VitalSpirit|HeatWave,FollowMe,HelpingHand,Protect|||M|||50|,,,,,Fire
|inactive|Battle timer is ON: inactive players will automatically lose when time's up. (requested by Aceofmonsters)
|inactive|higigig also wants the timer to be on.
|inactive|higigig has 60 seconds left.
|inactive|Aceofmonsters has 60 seconds left.
|
|t:|1756194468
|teamsize|p1|4
|teamsize|p2|4
|start
|switch|p1a: Altaria|Altaria, L50, F|100/100
|switch|p1b: Ursaluna|Ursaluna-Bloodmoon, L50, M|100/100
|switch|p2a: Gardevoir|Gardevoir, L50, F|100/100
|switch|p2b: Tyranitar|Tyranitar, L50, M|100/100
|-ability|p1a: Altaria|Cloud Nine
|-weather|Sandstorm|[from] ability: Sand Stream|[of] p2b: Tyranitar
|turn|1
|inactive|higigig has 30 seconds left.
|inactive|Aceofmonsters has 30 seconds left.
|inactive|higigig has 20 seconds left.
|inactive|higigig has 15 seconds left.
|inactive|higigig has 10 seconds left.
|inactive|Aceofmonsters has 20 seconds left.
|inactive|higigig has 5 seconds left.
|
|t:|1756194519
|-terastallize|p1a: Altaria|Water
|move|p1a: Altaria|Tailwind|p1a: Altaria
|-sidestart|p1: higigig|move: Tailwind
|move|p1b: Ursaluna|Hyper Voice|p2a: Gardevoir|[spread] p2a,p2b
|-resisted|p2b: Tyranitar
|-damage|p2a: Gardevoir|62/100
|-damage|p2b: Tyranitar|89/100
|-enditem|p1b: Ursaluna|Throat Spray
|-boost|p1b: Ursaluna|spa|1|[from] item: Throat Spray
|move|p2a: Gardevoir|Moonblast|p1a: Altaria
|-damage|p1a: Altaria|64/100
|move|p2b: Tyranitar|Low Kick|p1b: Ursaluna
|-supereffective|p1b: Ursaluna
|-damage|p1b: Ursaluna|31/100
|
|-weather|Sandstorm|[upkeep]
|upkeep
|turn|2
|inactive|Aceofmonsters has 30 seconds left.
|
|t:|1756194547
|move|p1b: Ursaluna|Protect|p1b: Ursaluna
|-singleturn|p1b: Ursaluna|Protect
|move|p2a: Gardevoir|Protect|p2a: Gardevoir
|-singleturn|p2a: Gardevoir|Protect
|move|p1a: Altaria|Breaking Swipe|p2b: Tyranitar|[spread] p2b
|-activate|p2a: Gardevoir|move: Protect
|-damage|p2b: Tyranitar|80/100
|-unboost|p2b: Tyranitar|atk|1
|move|p2b: Tyranitar|Knock Off|p1a: Altaria
|-crit|p1a: Altaria
|-damage|p1a: Altaria|0 fnt
|-enditem|p1a: Altaria|Covert Cloak|[from] move: Knock Off|[of] p2b: Tyranitar
|faint|p1a: Altaria
|
|-weather|Sandstorm|[upkeep]
|upkeep
|
|t:|1756194561
|switch|p1a: Gholdengo|Gholdengo, L50|100/100
|turn|3
|inactive|Aceofmonsters has 30 seconds left.
|inactive|higigig has 30 seconds left.
|
|t:|1756194598
|switch|p2a: Magmar|Magmar, L50, M|100/100
|switch|p2b: Indeedee|Indeedee-F, L50, F|100/100
|-fieldstart|move: Psychic Terrain|[from] ability: Psychic Surge|[of] p2b: Indeedee
|move|p1a: Gholdengo|Make It Rain|p2b: Indeedee|[spread] p2a,p2b
|-resisted|p2a: Magmar
|-damage|p2a: Magmar|71/100
|-damage|p2b: Indeedee|24/100
|-unboost|p1a: Gholdengo|spa|1
|move|p1b: Ursaluna|Blood Moon|p2b: Indeedee
|-damage|p2b: Indeedee|0 fnt
|faint|p2b: Indeedee
|
|-weather|Sandstorm|[upkeep]
|-damage|p2a: Magmar|65/100|[from] Sandstorm
|upkeep
|
|t:|1756194618
|switch|p2b: Gardevoir|Gardevoir, L50, F|62/100
|turn|4
|
|t:|1756194631
|-terastallize|p2b: Gardevoir|Psychic
|move|p2a: Magmar|Follow Me|p2a: Magmar
|-singleturn|p2a: Magmar|move: Follow Me
|move|p1a: Gholdengo|Make It Rain|p2a: Magmar|[spread] p2a,p2b
|-resisted|p2a: Magmar
|-damage|p2a: Magmar|45/100
|-damage|p2b: Gardevoir|16/100
|-unboost|p1a: Gholdengo|spa|1
|move|p1b: Ursaluna|Hyper Voice|p2b: Gardevoir|[spread] p2a,p2b
|-damage|p2a: Magmar|3/100
|-damage|p2b: Gardevoir|0 fnt
|faint|p2b: Gardevoir
|
|-weather|Sandstorm|[upkeep]
|-damage|p2a: Magmar|0 fnt|[from] Sandstorm
|faint|p2a: Magmar
|-sideend|p1: higigig|move: Tailwind
|upkeep
|
|t:|1756194643
|switch|p2b: Tyranitar|Tyranitar, L50, M|80/100
|turn|5
|
|t:|1756194650
|switch|p1a: Sneasler|Sneasler, L50, M|100/100
|move|p2b: Tyranitar|Knock Off|p1a: Sneasler
|-resisted|p1a: Sneasler
|-damage|p1a: Sneasler|58/100
|-enditem|p1a: Sneasler|Focus Sash|[from] move: Knock Off|[of] p2b: Tyranitar
|move|p1b: Ursaluna|Earth Power|p2b: Tyranitar
|-supereffective|p2b: Tyranitar
|-damage|p2b: Tyranitar|26/100
|-unboost|p2b: Tyranitar|spd|1
|
|-weather|none
|upkeep
|turn|6
|
|t:|1756194668
|move|p1a: Sneasler|Close Combat|p2b: Tyranitar
|-supereffective|p2b: Tyranitar
|-damage|p2b: Tyranitar|0 fnt
|-unboost|p1a: Sneasler|def|1
|-unboost|p1a: Sneasler|spd|1
|faint|p2b: Tyranitar
|
|win|higigig
