|j|☆marillrag1
|j|☆tchat 28
|html|marillrag1tchat 28    
|uhtml|bestof|Game 1 of a best-of-3
|t:|1785152182
|gametype|doubles
|player|p1|marillrag1|265|1133
|player|p2|tchat 28|1|1107
|gen|9
|tier|[Gen 9 Champions] VGC 2026 Reg M-B (Bo3)
|rated|
|rule|Species Clause: Limit one of each Pokémon
|rule|Item Clause: Limit 1 of each item
|clearpoke
|poke|p1|Delphox, L50, M|
|poke|p1|Sneasler, L50, F|
|poke|p1|Incineroar, L50, F|
|poke|p1|Sinistcha, L50|
|poke|p1|Kingambit, L50, M|
|poke|p1|Blastoise, L50, M|
|poke|p2|Sceptile, L50, F|
|poke|p2|Blastoise, L50, F|
|poke|p2|Raichu-Alola, L50, F|
|poke|p2|Incineroar, L50, M|
|poke|p2|Gholdengo, L50|
|poke|p2|Aerodactyl, L50, M|
|teampreview|4
|showteam|p1|Delphox||Delphoxite|Blaze|Protect,HeatWave,Psyshock,NastyPlot|Modest||M|||50|]Sneasler||FocusSash|PoisonTouch|PoisonJab,CloseCombat,FakeOut,QuickGuard|Jolly||F|||50|]Incineroar||SitrusBerry|Intimidate|FlareBlitz,FakeOut,PartingShot,HelpingHand|Careful||F|||50|]Sinistcha||ColburBerry|Hospitality|Protect,MatchaGotcha,RagePowder,TrickRoom|Bold|||||50|]Kingambit||LifeOrb|Defiant|Protect,KowtowCleave,SwordsDance,SuckerPunch|Adamant||M|||50|]Blastoise||Blastoisinite|Torrent|Protect,WaterSpout,DarkPulse,ShellSmash|Modest||M|||50|
|showteam|p2|Sceptile||Sceptilite|Overgrow|DragonPulse,EarthPower,EnergyBall,Protect|Modest||F|||50|]Blastoise||Blastoisinite|Torrent|FakeOut,IceBeam,WaterSpout,ShellSmash|Rash||F|||50|]Raichu-Alola||ChoiceScarf|SurgeSurfer|Discharge,VoltSwitch,DazzlingGleam,Psyshock|Hasty||F|||50|]Incineroar||SitrusBerry|Intimidate|FakeOut,FlareBlitz,DarkestLariat,Roar|Impish||M|||50|]Gholdengo||LifeOrb|GoodasGold|DazzlingGleam,FlashCannon,MakeItRain,ShadowBall|Modest|||||50|]Aerodactyl||KingsRock|Unnerve|Tailwind,RockSlide,DualWingbeat,Taunt|Jolly||M|||50|
|inactive|Battle timer is ON: inactive players will automatically lose when time's up. (requested by marillrag1)
|inactive|tchat 28 has 60 seconds left.
|
|t:|1785152287
|teamsize|p1|4
|teamsize|p2|4
|start
|switch|p1a: Incineroar|Incineroar, L50, F|100/100
|switch|p1b: Sinistcha|Sinistcha, L50|100/100
|switch|p2a: Incineroar|Incineroar, L50, M|100/100
|switch|p2b: Sceptile|Sceptile, L50, F|100/100
|-ability|p1a: Incineroar|Intimidate|boost
|-unboost|p2a: Incineroar|atk|1
|-unboost|p2b: Sceptile|atk|1
|-ability|p2a: Incineroar|Intimidate|boost
|-unboost|p1a: Incineroar|atk|1
|-unboost|p1b: Sinistcha|atk|1
|turn|1
|
|t:|1785152310
|detailschange|p2b: Sceptile|Sceptile-Mega, L50, F
|-mega|p2b: Sceptile|Sceptile|Sceptilite
|move|p2b: Sceptile|Protect|p2b: Sceptile
|-singleturn|p2b: Sceptile|Protect
|move|p1a: Incineroar|Fake Out|p2a: Incineroar
|-damage|p2a: Incineroar|94/100
|cant|p2a: Incineroar|flinch
|move|p1b: Sinistcha|Trick Room|p1b: Sinistcha
|-fieldstart|move: Trick Room|[of] p1b: Sinistcha
|
|upkeep
|turn|2
|
|t:|1785152333
|move|p2a: Incineroar|Darkest Lariat|p1b: Sinistcha
|-supereffective|p1b: Sinistcha|1
|-enditem|p1b: Sinistcha|Colbur Berry|[eat]
|-enditem|p1b: Sinistcha|Colbur Berry|[weaken]
|-damage|p1b: Sinistcha|84/100
|move|p1a: Incineroar|Parting Shot|p2b: Sceptile
|-unboost|p2b: Sceptile|atk|1
|-unboost|p2b: Sceptile|spa|1
|
|t:|1785152345
|switch|p1a: Blastoise|Blastoise, L50, M|100/100|[from] Parting Shot
|move|p1b: Sinistcha|Matcha Gotcha|p2b: Sceptile|[spread] p2a,p2b
|-resisted|p2a: Incineroar|1
|-resisted|p2b: Sceptile|2
|-damage|p2a: Incineroar|84/100
|-heal|p1b: Sinistcha|90/100|[from] drain|[of] p2a: Incineroar
|-damage|p2b: Sceptile|91/100
|-heal|p1b: Sinistcha|93/100|[from] drain|[of] p2b: Sceptile
|move|p2b: Sceptile|Earth Power|p1a: Blastoise
|-damage|p1a: Blastoise|71/100
|
|upkeep
|turn|3
|
|t:|1785152368
|switch|p1b: Incineroar|Incineroar, L50, F|100/100
|-ability|p1b: Incineroar|Intimidate|boost
|-unboost|p2a: Incineroar|atk|1
|-unboost|p2b: Sceptile|atk|1
|move|p1a: Blastoise|Protect|p1a: Blastoise
|-singleturn|p1a: Blastoise|Protect
|move|p2b: Sceptile|Protect|p2b: Sceptile
|-singleturn|p2b: Sceptile|Protect
|move|p2a: Incineroar|Darkest Lariat|p1b: Incineroar
|-resisted|p1b: Incineroar|1
|-damage|p1b: Incineroar|92/100
|
|upkeep
|turn|4
|
|t:|1785152390
|detailschange|p1a: Blastoise|Blastoise-Mega, L50, M
|-mega|p1a: Blastoise|Blastoise|Blastoisinite
|move|p1b: Incineroar|Flare Blitz|p2b: Sceptile
|-damage|p2b: Sceptile|15/100
|-damage|p1b: Incineroar|74/100|[from] Recoil
|move|p1a: Blastoise|Dark Pulse|p2b: Sceptile
|-damage|p2b: Sceptile|0 fnt
|faint|p2b: Sceptile
|move|p2a: Incineroar|Roar|p1a: Blastoise
|drag|p1a: Sinistcha|Sinistcha, L50|93/100
|-heal|p1b: Incineroar|99/100|[from] ability: Hospitality|[of] p1a: Sinistcha
|
|upkeep
|
|t:|1785152402
|switch|p2b: Aerodactyl|Aerodactyl, L50, M|100/100
|-ability|p2b: Aerodactyl|Unnerve
|turn|5
|
|t:|1785152414
|move|p2a: Incineroar|Darkest Lariat|p1b: Incineroar
|-resisted|p1b: Incineroar|1
|-damage|p1b: Incineroar|92/100
|move|p1b: Incineroar|Parting Shot|p2b: Aerodactyl
|-unboost|p2b: Aerodactyl|atk|1
|-unboost|p2b: Aerodactyl|spa|1
|
|t:|1785152425
|switch|p1b: Blastoise|Blastoise-Mega, L50, M|71/100|[from] Parting Shot
|move|p1a: Sinistcha|Matcha Gotcha|p2a: Incineroar|[spread] p2a,p2b
|-resisted|p2a: Incineroar|1
|-damage|p2a: Incineroar|74/100
|-heal|p1a: Sinistcha|99/100|[from] drain|[of] p2a: Incineroar
|-damage|p2b: Aerodactyl|65/100
|-heal|p1a: Sinistcha|100/100|[from] drain|[of] p2b: Aerodactyl
|-status|p2b: Aerodactyl|brn
|move|p2b: Aerodactyl|Dual Wingbeat|p1a: Sinistcha
|-supereffective|p1a: Sinistcha|1
|-damage|p1a: Sinistcha|89/100
|-supereffective|p1a: Sinistcha|1
|-damage|p1a: Sinistcha|80/100
|-hitcount|p1a: Sinistcha|2
|
|-damage|p2b: Aerodactyl|59/100 brn|[from] brn
|-fieldend|move: Trick Room
|upkeep
|turn|6
|
|t:|1785152442
|move|p1a: Sinistcha|Rage Powder|p1a: Sinistcha
|-singleturn|p1a: Sinistcha|move: Rage Powder
|move|p2b: Aerodactyl|Taunt|p1a: Sinistcha
|-start|p1a: Sinistcha|move: Taunt
|move|p1b: Blastoise|Shell Smash|p1b: Blastoise
|-unboost|p1b: Blastoise|def|1
|-unboost|p1b: Blastoise|spd|1
|-boost|p1b: Blastoise|atk|2
|-boost|p1b: Blastoise|spa|2
|-boost|p1b: Blastoise|spe|2
|move|p2a: Incineroar|Flare Blitz|p1a: Sinistcha
|-supereffective|p1a: Sinistcha|1
|-damage|p1a: Sinistcha|47/100
|-damage|p2a: Incineroar|64/100|[from] Recoil
|
|-damage|p2b: Aerodactyl|54/100 brn|[from] brn
|upkeep
|turn|7
|
|t:|1785152454
|switch|p1a: Incineroar|Incineroar, L50, F|92/100
|-ability|p1a: Incineroar|Intimidate|boost
|-unboost|p2a: Incineroar|atk|1
|-unboost|p2b: Aerodactyl|atk|1
|move|p1b: Blastoise|Water Spout|p2a: Incineroar|[spread] p2a,p2b
|-supereffective|p2a: Incineroar|1
|-supereffective|p2b: Aerodactyl|1
|-damage|p2a: Incineroar|0 fnt
|-damage|p2b: Aerodactyl|0 fnt
|faint|p2a: Incineroar
|faint|p2b: Aerodactyl
|
|upkeep
|
|t:|1785152465
|switch|p2a: Raichu|Raichu-Alola, L50, F|100/100
|turn|8
|
|t:|1785152473
|move|p1a: Incineroar|Fake Out|p2a: Raichu
|-damage|p2a: Raichu|75/100
|cant|p2a: Raichu|flinch
|move|p1b: Blastoise|Dark Pulse|p2a: Raichu
|-supereffective|p2a: Raichu|1
|-damage|p2a: Raichu|0 fnt
|faint|p2a: Raichu
|
|win|marillrag1
||marillrag1 is ready for game 2.
||tchat 28 is ready for game 2.
|uhtml|next|Next: Game 2 of 3
