|j|☆TheMismatcher
|j|☆farmingsim2421
|html|TheMismatcherfarmingsim2421    
|uhtml|bestof|Game 2 of a best-of-3
|t:|1756247174
|gametype|doubles
|player|p1|TheMismatcher|1|1376
|player|p2|farmingsim2421|elesa|1195
|gen|9
|tier|[Gen 9] VGC 2025 Reg H (Bo3)
|rated|
|rule|Species Clause: Limit one of each Pokémon
|rule|Item Clause: Limit 1 of each item
|clearpoke
|poke|p1|Pelipper, L50, M|
|poke|p1|Basculegion, L50, M|
|poke|p1|Amoonguss, L50, F|
|poke|p1|Archaludon, L50, M|
|poke|p1|Greninja-*, L50, M|
|poke|p1|Annihilape, L50, M|
|poke|p2|Archaludon, L50, M|
|poke|p2|Basculegion, L50, M|
|poke|p2|Pelipper, L50, F|
|poke|p2|Amoonguss, L50, M|
|poke|p2|Incineroar, L50, F|
|poke|p2|Gholdengo, L50|
|teampreview|4
|showteam|p1|Pelipper||FocusSash|Drizzle|WeatherBall,Hurricane,Tailwind,WideGuard|||M|||50|,,,,,Stellar]Basculegion||ChoiceBand|SwiftSwim|WaveCrash,FlipTurn,LastRespects,AquaJet|||M|||50|,,,,,Grass]Amoonguss||SitrusBerry|Regenerator|Spore,RagePowder,PollenPuff,ClearSmog|||F|||50|,,,,,Dark]Archaludon||AssaultVest|Stamina|DragonPulse,FlashCannon,ElectroShot,BodyPress|||M|||50|,,,,,Grass]Greninja||LoadedDice|Torrent|WaterShuriken,Protect,Taunt,RainDance|||M|||50|,,,,,Ghost]Annihilape||ChoiceScarf|Defiant|CloseCombat,RageFist,Uturn,FinalGambit|||M|||50|,,,,,Grass
|showteam|p2|Archaludon||AssaultVest|Stamina|ElectroShot,BodyPress,FlashCannon,DracoMeteor|||M|||50|,,,,,Grass]Basculegion||LifeOrb|SwiftSwim|Protect,WaveCrash,AquaJet,LastRespects|||M|||50|,,,,,Dark]Pelipper||FocusSash|Drizzle|Hurricane,WeatherBall,Tailwind,Protect|||F|||50|,,,,,Ghost]Amoonguss||SitrusBerry|Regenerator|Spore,RagePowder,PollenPuff,BulletSeed|||M|||50|,,,,,Water]Incineroar||CovertCloak|Intimidate|FakeOut,FlareBlitz,KnockOff,PartingShot|||F|||50|,,,,,Flying]Gholdengo||MetalCoat|GoodasGold|NastyPlot,Protect,MakeItRain,ShadowBall||||||50|,,,,,Fairy
|
|t:|1756247212
|teamsize|p1|4
|teamsize|p2|4
|start
|switch|p1a: Greninja|Greninja, L50, M|100/100
|switch|p1b: Annihilape|Annihilape, L50, M|100/100
|switch|p2a: Acid|Amoonguss, L50, M|100/100
|switch|p2b: Wailord :(|Archaludon, L50, M|100/100
|turn|1
|
|t:|1756247248
|-terastallize|p1b: Annihilape|Grass
|move|p1b: Annihilape|Final Gambit|p2b: Wailord :(
|-damage|p2b: Wailord :(|0 fnt
|faint|p1b: Annihilape
|faint|p2b: Wailord :(
|move|p1a: Greninja|Taunt|p2a: Acid
|-start|p2a: Acid|move: Taunt
|move|p2a: Acid|Pollen Puff|p1a: Greninja
|-supereffective|p1a: Greninja
|-damage|p1a: Greninja|52/100
|
|upkeep
|
|t:|1756247267
|switch|p1b: Archaludon|Archaludon, L50, M|100/100
|switch|p2b: Wingman|Pelipper, L50, F, shiny|100/100
|-weather|RainDance|[from] ability: Drizzle|[of] p2b: Wingman
|turn|2
|
|t:|1756247289
|move|p1a: Greninja|Water Shuriken|p2b: Wingman
|-resisted|p2b: Wingman
|-damage|p2b: Wingman|94/100
|-resisted|p2b: Wingman
|-damage|p2b: Wingman|86/100
|-resisted|p2b: Wingman
|-damage|p2b: Wingman|78/100
|-resisted|p2b: Wingman
|-damage|p2b: Wingman|70/100
|-hitcount|p2b: Wingman|4
|move|p2b: Wingman|Tailwind|p2b: Wingman
|-sidestart|p2: farmingsim2421|move: Tailwind
|move|p2a: Acid|Bullet Seed|p1a: Greninja
|-supereffective|p1a: Greninja
|-damage|p1a: Greninja|31/100
|-supereffective|p1a: Greninja
|-damage|p1a: Greninja|9/100
|-hitcount|p1a: Greninja|2
|move|p1b: Archaludon|Electro Shot||[still]
|-prepare|p1b: Archaludon|Electro Shot
|-boost|p1b: Archaludon|spa|1
|-anim|p1b: Archaludon|Electro Shot|p2b: Wingman
|-supereffective|p2b: Wingman
|-damage|p2b: Wingman|0 fnt
|faint|p2b: Wingman
|
|-weather|RainDance|[upkeep]
|upkeep
|
|t:|1756247304
|switch|p2b: Dead Fish|Basculegion, L50, M|100/100
|turn|3
|
|t:|1756247326
|-terastallize|p2b: Dead Fish|Dark
|move|p1a: Greninja|Water Shuriken|p1b: Archaludon
|-resisted|p1b: Archaludon
|-damage|p1b: Archaludon|96/100
|-ability|p1b: Archaludon|Stamina|boost
|-boost|p1b: Archaludon|def|1
|-resisted|p1b: Archaludon
|-damage|p1b: Archaludon|91/100
|-ability|p1b: Archaludon|Stamina|boost
|-boost|p1b: Archaludon|def|1
|-resisted|p1b: Archaludon
|-damage|p1b: Archaludon|86/100
|-ability|p1b: Archaludon|Stamina|boost
|-boost|p1b: Archaludon|def|1
|-resisted|p1b: Archaludon
|-damage|p1b: Archaludon|81/100
|-ability|p1b: Archaludon|Stamina|boost
|-boost|p1b: Archaludon|def|1
|-hitcount|p1b: Archaludon|4
|move|p2b: Dead Fish|Last Respects|p1b: Archaludon
|-damage|p1b: Archaludon|55/100
|-ability|p1b: Archaludon|Stamina|boost
|-boost|p1b: Archaludon|def|1
|-damage|p2b: Dead Fish|91/100|[from] item: Life Orb
|move|p2a: Acid|Bullet Seed|p1a: Greninja
|-supereffective|p1a: Greninja
|-damage|p1a: Greninja|0 fnt
|faint|p1a: Greninja
|-hitcount|p1: Greninja|1
|move|p1b: Archaludon|Dragon Pulse|p2a: Acid
|-damage|p2a: Acid|47/100
|-enditem|p2a: Acid|Sitrus Berry|[eat]
|-heal|p2a: Acid|72/100|[from] item: Sitrus Berry
|
|-weather|RainDance|[upkeep]
|-end|p2a: Acid|move: Taunt
|upkeep
|
|t:|1756247336
|switch|p1a: Basculegion|Basculegion, L50, M|100/100
|turn|4
|
|t:|1756247347
|move|p2b: Dead Fish|Protect|p2b: Dead Fish
|-singleturn|p2b: Dead Fish|Protect
|move|p1a: Basculegion|Last Respects|p2a: Acid
|-damage|p2a: Acid|0 fnt
|faint|p2a: Acid
|move|p1b: Archaludon|Body Press|p2b: Dead Fish
|-activate|p2b: Dead Fish|move: Protect
|
|-weather|RainDance|[upkeep]
|upkeep
|turn|5
|
|t:|1756247355
|move|p2b: Dead Fish|Last Respects|p1a: Basculegion
|-supereffective|p1a: Basculegion
|-damage|p1a: Basculegion|0 fnt
|faint|p1a: Basculegion
|-damage|p2b: Dead Fish|81/100|[from] item: Life Orb
|move|p1b: Archaludon|Body Press|p2b: Dead Fish
|-supereffective|p2b: Dead Fish
|-damage|p2b: Dead Fish|0 fnt
|faint|p2b: Dead Fish
|
|win|TheMismatcher
|raw|TheMismatcher's rating: 1376 → 1386(+10 for winning)
|raw|farmingsim2421's rating: 1195 → 1182(-13 for losing)
|c|☆farmingsim2421|gg
