|j|☆Wendiigo
|j|☆fool720
|html|Wendiigofool720    
|uhtml|bestof|Game 2 of a best-of-3
|t:|1784931282
|gametype|doubles
|player|p1|Wendiigo|hilbert-wonderlauncher|
|player|p2|fool720|266|
|gen|9
|tier|[Gen 9 Champions] VGC 2026 Reg M-B (Bo3)
|rule|Species Clause: Limit one of each Pokémon
|rule|Item Clause: Limit 1 of each item
|clearpoke
|poke|p1|Tyranitar, L50, F, shiny|
|poke|p1|Excadrill, L50, M, shiny|
|poke|p1|Reuniclus, L50, M, shiny|
|poke|p1|Clefable, L50, M|
|poke|p1|Rotom, L50|
|poke|p1|Infernape, L50, M, shiny|
|poke|p2|Pelipper, L50, M|
|poke|p2|Archaludon, L50, M|
|poke|p2|Swampert, L50, M|
|poke|p2|Rotom-Mow, L50|
|poke|p2|Sableye, L50, M|
|poke|p2|Diggersby, L50, F|
|teampreview|4
|showteam|p1|Tyranitar||ChopleBerry|SandStream|EarthPower,PowerGem,Taunt,Protect|Modest||F|||50|]Excadrill||Excadrite|SandRush|Earthquake,IronHead,Megahorn,Protect|Adamant||M|||50|]Reuniclus||LifeOrb|MagicGuard|EnergyBall,FocusBlast,TrickRoom,Protect|Quiet||M|||50|]Clefable||Clefablite|MagicGuard|Moonblast,Thunderbolt,FollowMe,Protect|Quiet||M|||50|]Rotom||ChoiceScarf|Levitate|ShadowBall,Electroweb,Thunderbolt,Trick|Timid|||||50|]Infernape||FocusSash|Blaze|FakeOut,AuraSphere,Flamethrower,Protect|Modest||M|||50|
|showteam|p2|Pelipper||FocusSash|Drizzle|Hurricane,Tailwind,WeatherBall,WideGuard|Timid||M|||50|]Archaludon||Leftovers|Stamina|ElectroShot,FlashCannon,Protect,AuraSphere|Timid||M|||50|]Swampert||Swampertite|Torrent|WaveCrash,RockSlide,Earthquake,Protect|Adamant||M|||50|]Rotom-Mow||ChoiceScarf|Levitate|LeafStorm,Thunderbolt,VoltSwitch,ShadowBall|Timid|||||50|]Sableye||LightClay|Prankster|Encore,LightScreen,Reflect,FakeOut|Sassy||M|||50|]Diggersby||LifeOrb|HugePower|IronHead,FirePunch,GigaImpact,Earthquake|Adamant||F|||50|
|
|t:|1784931315
|teamsize|p1|4
|teamsize|p2|4
|start
|switch|p1a: Amy|Tyranitar, L50, F, shiny|100/100
|switch|p1b: Infernape|Infernape, L50, M, shiny|100/100
|switch|p2a: Sableye|Sableye, L50, M|100/100
|switch|p2b: Pelipper|Pelipper, L50, M|100/100
|-weather|RainDance|[from] ability: Drizzle|[of] p2b: Pelipper
|-weather|Sandstorm|[from] ability: Sand Stream|[of] p1a: Amy
|turn|1
|
|t:|1784931352
|switch|p2b: Archaludon|Archaludon, L50, M|100/100
|move|p1b: Infernape|Fake Out|p2b: Archaludon
|-resisted|p2b: Archaludon|1
|-crit|p2b: Archaludon
|-damage|p2b: Archaludon|94/100
|-ability|p2b: Archaludon|Stamina|boost
|-boost|p2b: Archaludon|def|1
|move|p2a: Sableye|Fake Out|p1a: Amy
|-resisted|p1a: Amy|1
|-crit|p1a: Amy
|-damage|p1a: Amy|95/100
|cant|p1a: Amy|flinch
|
|-weather|Sandstorm|[upkeep]
|-damage|p1b: Infernape|93/100|[from] Sandstorm
|-damage|p2a: Sableye|94/100|[from] Sandstorm
|-heal|p2b: Archaludon|100/100|[from] item: Leftovers
|upkeep
|turn|2
|
|t:|1784931372
|move|p2a: Sableye|Encore|p1b: Infernape
|-start|p1b: Infernape|Encore
|move|p1b: Infernape|Fake Out||[still]
|-hint|Fake Out only works on your first turn out.
|-fail|p1b: Infernape
|move|p2b: Archaludon|Flash Cannon|p1a: Amy
|-supereffective|p1a: Amy|1
|-damage|p1a: Amy|45/100
|move|p1a: Amy|Taunt|p2a: Sableye
|-start|p2a: Sableye|move: Taunt
|
|-weather|Sandstorm|[upkeep]
|-damage|p1b: Infernape|87/100|[from] Sandstorm
|-damage|p2a: Sableye|88/100|[from] Sandstorm
|upkeep
|turn|3
|
|t:|1784931390
|switch|p1b: Reuniclus|Reuniclus, L50, M, shiny|100/100
|switch|p2a: Pelipper|Pelipper, L50, M|100/100
|-weather|RainDance|[from] ability: Drizzle|[of] p2a: Pelipper
|move|p2b: Archaludon|Flash Cannon|p1a: Amy
|-supereffective|p1a: Amy|1
|-damage|p1a: Amy|0 fnt
|faint|p1a: Amy
|
|-weather|RainDance|[upkeep]
|upkeep
|
|t:|1784931407
|switch|p1a: Clefable|Clefable, L50, M|100/100
|turn|4
|
|t:|1784931435
|move|p1a: Clefable|Follow Me|p1a: Clefable
|-singleturn|p1a: Clefable|move: Follow Me
|move|p2b: Archaludon|Electro Shot||[still]
|-prepare|p2b: Archaludon|Electro Shot
|-boost|p2b: Archaludon|spa|1
|-anim|p2b: Archaludon|Electro Shot|p1a: Clefable
|-damage|p1a: Clefable|34/100
|move|p2a: Pelipper|Hurricane|p1a: Clefable
|-damage|p1a: Clefable|0 fnt
|faint|p1a: Clefable
|move|p1b: Reuniclus|Trick Room|p1b: Reuniclus
|-fieldstart|move: Trick Room|[of] p1b: Reuniclus
|
|-weather|RainDance|[upkeep]
|upkeep
|
|t:|1784931446
|switch|p1a: Infernape|Infernape, L50, M, shiny|87/100
|turn|5
|
|t:|1784931472
|move|p2b: Archaludon|Protect|p2b: Archaludon
|-singleturn|p2b: Archaludon|Protect
|move|p1a: Infernape|Fake Out|p2a: Pelipper
|-damage|p2a: Pelipper|88/100
|move|p1b: Reuniclus|Focus Blast|p2b: Archaludon
|-activate|p2b: Archaludon|move: Protect
|cant|p2a: Pelipper|flinch
|
|-weather|RainDance|[upkeep]
|upkeep
|turn|6
|
|t:|1784931513
|switch|p2b: Sableye|Sableye, L50, M|88/100
|move|p1a: Infernape|Protect|p1a: Infernape
|-singleturn|p1a: Infernape|Protect
|move|p1b: Reuniclus|Focus Blast|p2b: Sableye
|-immune|p2b: Sableye
|move|p2a: Pelipper|Weather Ball|p1a: Infernape
|-activate|p1a: Infernape|move: Protect
|
|-weather|RainDance|[upkeep]
|upkeep
|turn|7
|
|t:|1784931535
|move|p1b: Reuniclus|Protect|p1b: Reuniclus
|-singleturn|p1b: Reuniclus|Protect
|move|p2b: Sableye|Fake Out|p1b: Reuniclus
|-activate|p1b: Reuniclus|move: Protect
|move|p2a: Pelipper|Weather Ball|p1a: Infernape
|-supereffective|p1a: Infernape|1
|-damage|p1a: Infernape|0 fnt
|faint|p1a: Infernape
|
|-weather|none
|upkeep
|turn|8
|
|t:|1784931554
|switch|p2a: Swampert|Swampert, L50, M|100/100
|move|p2b: Sableye|Encore|p1b: Reuniclus
|-start|p1b: Reuniclus|Encore
|move|p1b: Reuniclus|Protect||[still]
|-fail|p1b: Reuniclus
|
|-fieldend|move: Trick Room
|upkeep
|turn|9
|
|t:|1784931565
|switch|p2b: Pelipper|Pelipper, L50, M|88/100
|-weather|RainDance|[from] ability: Drizzle|[of] p2b: Pelipper
|detailschange|p2a: Swampert|Swampert-Mega, L50, M
|-mega|p2a: Swampert|Swampert|Swampertite
|move|p1b: Reuniclus|Protect|p1b: Reuniclus
|-singleturn|p1b: Reuniclus|Protect
|move|p2a: Swampert|Wave Crash|p1b: Reuniclus
|-activate|p1b: Reuniclus|move: Protect
|
|-weather|RainDance|[upkeep]
|upkeep
|turn|10
|
|t:|1784931579
|move|p1b: Reuniclus|Protect||[still]
|-fail|p1b: Reuniclus
|move|p2a: Swampert|Wave Crash|p1b: Reuniclus
|-damage|p1b: Reuniclus|0 fnt
|faint|p1b: Reuniclus
|-damage|p2a: Swampert|59/100|[from] Recoil
|
|win|fool720
||Wendiigo is ready for game 3.
||fool720 is ready for game 3.
|uhtml|next|Next: Game 3 of 3
|l|☆fool720
|player|p2|
