|j|☆Butternut_Cream
|j|☆AndreNocchi
|html|Butternut_CreamAndreNocchi    
|uhtml|bestof|Game 2 of a best-of-3
|t:|1784071674
|gametype|doubles
|player|p1|Butternut_Cream|lorelei-gen3|1000
|player|p2|AndreNocchi|giovanni|1049
|gen|9
|tier|[Gen 9 Champions] VGC 2026 Reg M-B (Bo3)
|rated|
|rule|Species Clause: Limit one of each Pokémon
|rule|Item Clause: Limit 1 of each item
|clearpoke
|poke|p1|Charizard, L50, M|
|poke|p1|Abomasnow, L50, F|
|poke|p1|Sneasler, L50, F|
|poke|p1|Aerodactyl, L50, F|
|poke|p1|Malamar, L50, F|
|poke|p1|Tauros-Paldea-Aqua, L50, M|
|poke|p2|Garchomp, L50, F, shiny|
|poke|p2|Basculegion, L50, M, shiny|
|poke|p2|Dragonite, L50, M, shiny|
|poke|p2|Scovillain, L50, M, shiny|
|poke|p2|Gholdengo, L50, shiny|
|poke|p2|Sylveon, L50, M, shiny|
|teampreview|4
|showteam|p1|Charizard||CharizarditeY|Blaze|HeatWave,SolarBeam,Overheat,Protect|Timid||M|||50|]Abomasnow||Abomasite|SnowWarning|LeafStorm,Blizzard,IceShard,Protect|Modest||F|||50|]Sneasler||WhiteHerb|Unburden|FakeOut,CloseCombat,DireClaw,Protect|Jolly||F|||50|]Aerodactyl||FocusSash|Unnerve|RockSlide,DualWingbeat,WideGuard,Tailwind|Jolly||F|||50|]Malamar||ChoiceScarf|Contrary|Superpower,SkillSwap,DestinyBond,TopsyTurvy|Jolly||F|||50|]Tauros-Paldea-Aqua||SitrusBerry|Intimidate|WaveCrash,AquaJet,CloseCombat,Protect|Adamant||M|||50|
|showteam|p2|Garchomp||LifeOrb|RoughSkin|StompingTantrum,DragonClaw,RockSlide,Protect|Jolly||F|||50|]Basculegion||SitrusBerry|Adaptability|WaveCrash,AquaJet,LastRespects,Protect|Adamant||M|||50|]Dragonite||Dragoninite|InnerFocus|DracoMeteor,AirSlash,Tailwind,Haze|Modest||M|||50|]Scovillain||Scovillainite|Chlorophyll|Overheat,LeechSeed,RagePowder,Protect|Bold||M|||50|]Gholdengo||FocusSash|GoodasGold|MakeItRain,ShadowBall,PowerGem,Protect|Timid|||||50|]Sylveon||FairyFeather|Pixilate|HyperVoice,QuickAttack,Yawn,Protect|Modest||M|||50|
|
|t:|1784071706
|teamsize|p1|4
|teamsize|p2|4
|start
|switch|p1a: Sneasler|Sneasler, L50, F|100/100
|switch|p1b: Charizard|Charizard, L50, M|100/100
|switch|p2a: Sylveon|Sylveon, L50, M, shiny|100/100
|switch|p2b: Scovillain|Scovillain, L50, M, shiny|100/100
|turn|1
|
|t:|1784071733
|detailschange|p1b: Charizard|Charizard-Mega-Y, L50, M
|-mega|p1b: Charizard|Charizard|Charizardite Y
|-weather|SunnyDay|[from] ability: Drought|[of] p1b: Charizard
|detailschange|p2b: Scovillain|Scovillain-Mega, L50, M, shiny
|-mega|p2b: Scovillain|Scovillain|Scovillainite
|move|p2b: Scovillain|Protect|p2b: Scovillain
|-singleturn|p2b: Scovillain|Protect
|move|p1a: Sneasler|Dire Claw|p2a: Sylveon
|-supereffective|p2a: Sylveon|1
|-damage|p2a: Sylveon|0 fnt
|faint|p2a: Sylveon
|move|p1b: Charizard|Heat Wave|p2b: Scovillain
|-activate|p2b: Scovillain|move: Protect
|
|-weather|SunnyDay|[upkeep]
|upkeep
|
|t:|1784071746
|switch|p2a: Basculegion|Basculegion, L50, M, shiny|100/100
|turn|2
|
|t:|1784071777
|switch|p1a: Malamar|Malamar, L50, F|100/100
|move|p1b: Charizard|Solar Beam||[still]
|-prepare|p1b: Charizard|Solar Beam
|-anim|p1b: Charizard|Solar Beam|p2a: Basculegion
|-supereffective|p2a: Basculegion|1
|-damage|p2a: Basculegion|4/100
|-enditem|p2a: Basculegion|Sitrus Berry|[eat]
|-heal|p2a: Basculegion|29/100|[from] item: Sitrus Berry
|move|p2a: Basculegion|Wave Crash|p1a: Malamar
|-damage|p1a: Malamar|50/100g
|-damage|p2a: Basculegion|18/100|[from] Recoil
|move|p2b: Scovillain|Leech Seed|p1b: Charizard|[miss]
|-miss|p2b: Scovillain|p1b: Charizard
|
|-weather|SunnyDay|[upkeep]
|upkeep
|turn|3
|
|t:|1784071801
|move|p2b: Scovillain|Rage Powder|p2b: Scovillain
|-singleturn|p2b: Scovillain|move: Rage Powder
|move|p2a: Basculegion|Aqua Jet|p1b: Charizard
|-supereffective|p1b: Charizard|1
|-damage|p1b: Charizard|63/100
|move|p1a: Malamar|Skill Swap|p2b: Scovillain
|-activate|p1a: Malamar|Skill Swap|Spicy Spray|Contrary|[of] p2b: Scovillain
|move|p1b: Charizard|Overheat|p2b: Scovillain
|-damage|p2b: Scovillain|0 fnt
|-unboost|p1b: Charizard|spa|2
|faint|p2b: Scovillain
|
|-weather|SunnyDay|[upkeep]
|upkeep
|
|t:|1784071813
|switch|p2b: Gholdengo|Gholdengo, L50, shiny|100/100
|turn|4
|
|t:|1784071824
|switch|p1a: Aerodactyl|Aerodactyl, L50, F|100/100
|-ability|p1a: Aerodactyl|Unnerve
|move|p1b: Charizard|Heat Wave|p2a: Basculegion|[spread] p2a
|-miss|p1b: Charizard|p2b: Gholdengo
|-resisted|p2a: Basculegion|1
|-damage|p2a: Basculegion|3/100
|move|p2b: Gholdengo|Make It Rain|p1a: Aerodactyl|[spread] p1a,p1b
|-supereffective|p1a: Aerodactyl|1
|-resisted|p1b: Charizard|1
|-enditem|p1a: Aerodactyl|Focus Sash
|-damage|p1a: Aerodactyl|1/100
|-damage|p1b: Charizard|40/100
|-unboost|p2b: Gholdengo|spa|2
|move|p2a: Basculegion|Wave Crash|p1b: Charizard
|-supereffective|p1b: Charizard|1
|-damage|p1b: Charizard|0 fnt
|faint|p1b: Charizard
|-damage|p2a: Basculegion|0 fnt|[from] Recoil
|faint|p2a: Basculegion
|
|-weather|SunnyDay|[upkeep]
|upkeep
|
|t:|1784071842
|switch|p1b: Malamar|Malamar, L50, F|50/100g
|turn|5
|
|t:|1784071867
|switch|p1a: Sneasler|Sneasler, L50, F|100/100
|move|p1b: Malamar|Destiny Bond|p1b: Malamar
|-singlemove|p1b: Malamar|Destiny Bond
|move|p2b: Gholdengo|Make It Rain|p1b: Malamar|[spread] p1a,p1b
|-damage|p1a: Sneasler|68/100
|-damage|p1b: Malamar|15/100
|-unboost|p2b: Gholdengo|spa|2
|
|-weather|none
|upkeep
|turn|6
|
|t:|1784071886
|move|p2b: Gholdengo|Protect|p2b: Gholdengo
|-singleturn|p2b: Gholdengo|Protect
|move|p1b: Malamar|Destiny Bond||[still]
|-fail|p1b: Malamar
|move|p1a: Sneasler|Close Combat|p2b: Gholdengo
|-activate|p2b: Gholdengo|move: Protect
|
|upkeep
|turn|7
|
|t:|1784071900
|move|p1b: Malamar|Destiny Bond|p1b: Malamar
|-singlemove|p1b: Malamar|Destiny Bond
|move|p1a: Sneasler|Dire Claw|p2b: Gholdengo
|-immune|p2b: Gholdengo
|move|p2b: Gholdengo|Make It Rain|p1b: Malamar|[spread] p1a,p1b
|-damage|p1a: Sneasler|47/100
|-damage|p1b: Malamar|0 fnt
|-unboost|p2b: Gholdengo|spa|2
|faint|p1b: Malamar
|-activate|p1b: Malamar|move: Destiny Bond
|faint|p2b: Gholdengo
|
|win|Butternut_Cream
