|j|☆trudley7
|j|☆jchase42
|html|trudley7jchase42    
|uhtml|bestof|Game 1 of a best-of-3
|t:|1756337646
|gametype|doubles
|player|p1|trudley7|clown|1000
|player|p2|jchase42|hiker-gen4|1116
|gen|9
|tier|[Gen 9] VGC 2025 Reg H (Bo3)
|rated|
|rule|Species Clause: Limit one of each Pokémon
|rule|Item Clause: Limit 1 of each item
|clearpoke
|poke|p1|Hatterene, L50, F|
|poke|p1|Dondozo, L50, F|
|poke|p1|Tatsugiri, L50, F|
|poke|p1|Pelipper, L50, F|
|poke|p1|Archaludon, L50, F|
|poke|p1|Annihilape, L50, F|
|poke|p2|Indeedee-F, L50, F|
|poke|p2|Torkoal, L50, F|
|poke|p2|Gallade, L50, M|
|poke|p2|Hatterene, L50, F|
|poke|p2|Maushold-Four, L50|
|poke|p2|Sinistcha, L50|
|teampreview|4
|showteam|p1|Hatterene||MentalHerb|Healer|TrickRoom,HealPulse,DarkPulse,Psychic|||F|||50|,,,,,Ghost]Dondozo||LifeOrb|Oblivious|AquaTail,OrderUp,RockSlide,Protect|||F|||50|,,,,,Dragon]Tatsugiri||FocusSash|Commander|Protect,HydroPump,DracoMeteor,HelpingHand|||F|||50|,,,,,Dragon]Pelipper||Leftovers|Drizzle|Tailwind,WeatherBall,Protect,Hurricane|||F|||50|,,,,,Water]Archaludon||ChoiceSpecs|Stamina|FlashCannon,ElectroShot,DracoMeteor,BodyPress|||F|||50|,,,,,Electric]Annihilape||SitrusBerry|Defiant|DrainPunch,GunkShot,RageFist,Protect|||F|||50|,,,,,Ghost
|showteam|p2|Indeedee-F||PsychicSeed|PsychicSurge|Psychic,FollowMe,HelpingHand,TrickRoom|||F|||50|,,,,,Grass]Torkoal||ChoiceSpecs|Drought|Eruption,HeatWave,WeatherBall,EarthPower|||F|||50|,,,,,Fire]Gallade||ClearAmulet|Sharpness|PsychoCut,SacredSword,WideGuard,TrickRoom|||M|||50|,,,,,Grass]Hatterene||CovertCloak|MagicBounce|ExpandingForce,DazzlingGleam,Protect,TrickRoom|||F|||50|,,,,,Fire]Maushold-Four||WideLens|Technician|PopulationBomb,Taunt,FollowMe,Protect||||||50|,,,,,Fire]Sinistcha||SitrusBerry|Hospitality|MatchaGotcha,ShadowBall,RagePowder,TrickRoom||||||50|,,,,,Fairy
|inactive|Battle timer is ON: inactive players will automatically lose when time's up. (requested by trudley7)
|inactive|trudley7 has 60 seconds left.
|inactive|jchase42 has 60 seconds left.
|
|t:|1756337700
|teamsize|p1|4
|teamsize|p2|4
|start
|switch|p1a: Pelipper|Pelipper, L50, F|100/100
|switch|p1b: Hatterene|Hatterene, L50, F, shiny|100/100
|switch|p2a: Gallade|Gallade, L50, M|100/100
|switch|p2b: Maushold|Maushold-Four, L50|100/100
|-weather|RainDance|[from] ability: Drizzle|[of] p1a: Pelipper
|turn|1
|inactive|jchase42 has 30 seconds left.
|
|t:|1756337734
|switch|p2a: Hatterene|Hatterene, L50, F|100/100
|move|p2b: Maushold|Population Bomb|p1a: Pelipper
|-damage|p1a: Pelipper|89/100
|-hitcount|p1a: Pelipper|1
|move|p1a: Pelipper|Hurricane|p2a: Hatterene
|-damage|p2a: Hatterene|54/100
|move|p1b: Hatterene|Trick Room|p1b: Hatterene
|-fieldstart|move: Trick Room|[of] p1b: Hatterene
|
|-weather|RainDance|[upkeep]
|-heal|p1a: Pelipper|95/100|[from] item: Leftovers
|upkeep
|turn|2
|inactive|trudley7 has 30 seconds left.
|inactive|jchase42 has 30 seconds left.
|inactive|jchase42 has 20 seconds left.
|
|t:|1756337772
|move|p2a: Hatterene|Dazzling Gleam|p1a: Pelipper|[spread] p1a,p1b
|-damage|p1a: Pelipper|50/100
|-damage|p1b: Hatterene|57/100
|move|p1b: Hatterene|Dark Pulse|p2a: Hatterene
|-damage|p2a: Hatterene|26/100
|move|p1a: Pelipper|Hurricane|p2b: Maushold
|-damage|p2b: Maushold|34/100
|move|p2b: Maushold|Population Bomb|p1a: Pelipper
|-damage|p1a: Pelipper|38/100
|-damage|p1a: Pelipper|27/100
|-damage|p1a: Pelipper|15/100
|-damage|p1a: Pelipper|3/100
|-damage|p1a: Pelipper|0 fnt
|faint|p1a: Pelipper
|-hitcount|p1: Pelipper|5
|
|-weather|RainDance|[upkeep]
|upkeep
|
|t:|1756337789
|switch|p1a: Dondozo|Dondozo, L50, F|100/100
|turn|3
|
|t:|1756337800
|switch|p1b: Tatsugiri|Tatsugiri, L50, F, shiny|100/100
|-activate|p1b: Tatsugiri|ability: Commander|[of] p1a: Dondozo
|-boost|p1a: Dondozo|atk|2
|-boost|p1a: Dondozo|spa|2
|-boost|p1a: Dondozo|spe|2
|-boost|p1a: Dondozo|def|2
|-boost|p1a: Dondozo|spd|2
|switch|p2b: Sinistcha|Sinistcha, L50|100/100
|-heal|p2a: Hatterene|51/100|[from] ability: Hospitality|[of] p2b: Sinistcha
|move|p2a: Hatterene|Dazzling Gleam|p1a: Dondozo|[spread] p1a
|-miss|p2a: Hatterene|p1b: Tatsugiri
|-damage|p1a: Dondozo|83/100
|move|p1a: Dondozo|Rock Slide|p2a: Hatterene|[spread] p2a,p2b
|-damage|p2a: Hatterene|3/100
|-damage|p2b: Sinistcha|73/100
|-damage|p1a: Dondozo|73/100|[from] item: Life Orb
|
|-weather|RainDance|[upkeep]
|upkeep
|turn|4
|
|t:|1756337824
|move|p2a: Hatterene|Expanding Force|p1a: Dondozo
|-damage|p1a: Dondozo|52/100
|move|p2b: Sinistcha|Matcha Gotcha|p1a: Dondozo|[spread] p1a
|-miss|p2b: Sinistcha|p1b: Tatsugiri
|-supereffective|p1a: Dondozo
|-damage|p1a: Dondozo|26/100
|-heal|p2b: Sinistcha|92/100|[from] drain|[of] p1a: Dondozo
|move|p1a: Dondozo|Rock Slide|p2b: Sinistcha|[spread] p2a,p2b
|-damage|p2a: Hatterene|0 fnt
|-damage|p2b: Sinistcha|60/100
|faint|p2a: Hatterene
|-damage|p1a: Dondozo|16/100|[from] item: Life Orb
|
|-weather|RainDance|[upkeep]
|upkeep
|
|t:|1756337841
|switch|p2a: Gallade|Gallade, L50, M|100/100
|turn|5
|
|t:|1756337855
|switch|p2b: Maushold|Maushold-Four, L50|34/100
|move|p1a: Dondozo|Order Up|p2a: Gallade
|-damage|p2a: Gallade|9/100
|-boost|p1a: Dondozo|atk|1
|-damage|p1a: Dondozo|7/100|[from] item: Life Orb
|move|p2a: Gallade|Sacred Sword|p1a: Dondozo
|-crit|p1a: Dondozo
|-damage|p1a: Dondozo|0 fnt
|faint|p1a: Dondozo
|
|-weather|none
|-fieldend|move: Trick Room
|upkeep
|
|t:|1756337863
|switch|p1a: Hatterene|Hatterene, L50, F, shiny|57/100
|turn|6
|inactive|jchase42 has 30 seconds left.
|
|t:|1756337890
|switch|p2a: Sinistcha|Sinistcha, L50|60/100
|-heal|p2b: Maushold|58/100|[from] ability: Hospitality|[of] p2a: Sinistcha
|move|p2b: Maushold|Population Bomb|p1b: Tatsugiri
|-damage|p1b: Tatsugiri|90/100
|-damage|p1b: Tatsugiri|79/100
|-damage|p1b: Tatsugiri|68/100
|-damage|p1b: Tatsugiri|56/100
|-damage|p1b: Tatsugiri|44/100
|-damage|p1b: Tatsugiri|34/100
|-crit|p1b: Tatsugiri
|-damage|p1b: Tatsugiri|16/100
|-damage|p1b: Tatsugiri|6/100
|-damage|p1b: Tatsugiri|0 fnt
|faint|p1b: Tatsugiri
|-hitcount|p1: Tatsugiri|9
|move|p1a: Hatterene|Psychic|p2b: Maushold
|-crit|p2b: Maushold
|-damage|p2b: Maushold|0 fnt
|faint|p2b: Maushold
|
|upkeep
|
|t:|1756337911
|switch|p2b: Gallade|Gallade, L50, M|9/100
|turn|7
|
|t:|1756337936
|-terastallize|p2a: Sinistcha|Fairy
|-terastallize|p1a: Hatterene|Ghost
|move|p2a: Sinistcha|Rage Powder|p2a: Sinistcha
|-singleturn|p2a: Sinistcha|move: Rage Powder
|move|p2b: Gallade|Psycho Cut|p1a: Hatterene
|-damage|p1a: Hatterene|0 fnt
|faint|p1a: Hatterene
|
|win|jchase42
||trudley7 is ready for game 2.
||jchase42 is ready for game 2.
|uhtml|next|Next: Game 2 of 3
|l|☆trudley7
|player|p1|
