|j|☆Vulpisfoglia
|j|☆bruGno
|html|VulpisfogliabruGno    
|uhtml|bestof|Game 2 of a best-of-3
|t:|1786183690
|gametype|doubles
|player|p1|Vulpisfoglia|gwynn|1233
|player|p2|bruGno|ash-kalos|1364
|gen|9
|tier|[Gen 9 Champions] VGC 2026 Reg M-B (Bo3)
|rated|
|rule|Species Clause: Limit one of each Pokémon
|rule|Item Clause: Limit 1 of each item
|clearpoke
|poke|p1|Tyranitar, L50, M|
|poke|p1|Staraptor, L50, F|
|poke|p1|Sinistcha-Masterpiece, L50|
|poke|p1|Annihilape, L50, M|
|poke|p1|Garchomp, L50, M|
|poke|p1|Volcarona, L50, M|
|poke|p2|Staraptor, L50, M|
|poke|p2|Arcanine-Hisui, L50, F|
|poke|p2|Kingambit, L50, F|
|poke|p2|Sylveon, L50, M|
|poke|p2|Raichu, L50, M|
|poke|p2|Farigiraf, L50, F|
|teampreview|4
|showteam|p1|Tyranitar||FocusSash|SandStream|RockSlide,KnockOff,LowKick,Protect|Jolly||M|||50|]Staraptor||Staraptite|Intimidate|CloseCombat,BraveBird,Tailwind,Protect|Jolly||F|||50|]Sinistcha-Masterpiece||ColburBerry|Hospitality|MatchaGotcha,RagePowder,TrickRoom,Protect|Bold|||||50|]Annihilape||ChoiceScarf|Defiant|CloseCombat,RockSlide,PhantomForce,IcePunch|Adamant||M|||50|]Garchomp||Garchompite|RoughSkin|EarthPower,DracoMeteor,PowerGem,Protect|Modest||M|||50|]Volcarona||SitrusBerry|FlameBody|Flamethrower,StruggleBug,RagePowder,Protect|Bold||M|||50|
|showteam|p2|Staraptor||Staraptite|Intimidate|DualWingbeat,CloseCombat,Tailwind,Protect|Jolly||M|||50|]Arcanine-Hisui||FocusSash|RockHead|FlareBlitz,HeadSmash,ExtremeSpeed,Protect|Jolly||F|||50|]Kingambit||LifeOrb|Defiant|KowtowCleave,SuckerPunch,SwordsDance,Protect|Adamant||F|||50|]Sylveon||FairyFeather|Pixilate|HyperVoice,HyperBeam,QuickAttack,Detect|Modest||M|||50|]Raichu||RaichuniteY|LightningRod|ZapCannon,FocusBlast,FakeOut,Protect|Timid||M|||50|]Farigiraf||SitrusBerry|ArmorTail|Psychic,HelpingHand,TrickRoom,Protect|Calm||F|||50|
|inactive|Battle timer is ON: inactive players will automatically lose when time's up. (requested by bruGno)
|inactive|Vulpisfoglia has 60 seconds left.
|
|t:|1786183746
|teamsize|p1|4
|teamsize|p2|4
|start
|switch|p1a: Garchomp|Garchomp, L50, M|100/100
|switch|p1b: Volcarona|Volcarona, L50, M|100/100
|switch|p2a: Raichu|Raichu, L50, M|100/100
|switch|p2b: Sylveon|Sylveon, L50, M|100/100
|turn|1
|
|t:|1786183770
|detailschange|p2a: Raichu|Raichu-Mega-Y, L50, M
|-mega|p2a: Raichu|Raichu|Raichunite Y
|move|p1a: Garchomp|Protect|p1a: Garchomp
|-singleturn|p1a: Garchomp|Protect
|move|p2a: Raichu|Fake Out|p1b: Volcarona
|-damage|p1b: Volcarona|92/100
|-status|p2a: Raichu|brn|[from] ability: Flame Body|[of] p1b: Volcarona
|cant|p1b: Volcarona|flinch
|move|p2b: Sylveon|Hyper Voice|p1a: Garchomp|[spread] p1b
|-activate|p1a: Garchomp|move: Protect
|-resisted|p1b: Volcarona|1
|-damage|p1b: Volcarona|69/100
|
|-damage|p2a: Raichu|94/100 brn|[from] brn
|upkeep
|turn|2
|
|t:|1786183788
|detailschange|p1a: Garchomp|Garchomp-Mega, L50, M
|-mega|p1a: Garchomp|Garchomp|Garchompite
|move|p2a: Raichu|Zap Cannon|p1b: Volcarona
|-damage|p1b: Volcarona|11/100
|-status|p1b: Volcarona|par
|-enditem|p1b: Volcarona|Sitrus Berry|[eat]
|-heal|p1b: Volcarona|36/100 par|[from] item: Sitrus Berry
|move|p1a: Garchomp|Earth Power|p2a: Raichu
|-supereffective|p2a: Raichu|1
|-damage|p2a: Raichu|0 fnt
|faint|p2a: Raichu
|move|p2b: Sylveon|Hyper Voice|p1a: Garchomp|[spread] p1a,p1b
|-supereffective|p1a: Garchomp|1
|-resisted|p1b: Volcarona|1
|-damage|p1a: Garchomp|12/100
|-damage|p1b: Volcarona|15/100 par
|move|p1b: Volcarona|Struggle Bug|p2b: Sylveon
|-resisted|p2b: Sylveon|1
|-damage|p2b: Sylveon|92/100
|-unboost|p2b: Sylveon|spa|1
|
|upkeep
|
|t:|1786183809
|switch|p2a: Arcanine|Arcanine-Hisui, L50, F|100/100
|turn|3
|
|t:|1786183818
|move|p1b: Volcarona|Protect|p1b: Volcarona
|-singleturn|p1b: Volcarona|Protect
|move|p2a: Arcanine|Extreme Speed|p1a: Garchomp
|-damage|p1a: Garchomp|0 fnt
|faint|p1a: Garchomp
|move|p2b: Sylveon|Hyper Voice|p1b: Volcarona
|-activate|p1b: Volcarona|move: Protect
|
|upkeep
|
|t:|1786183824
|switch|p1a: Tyranitar|Tyranitar, L50, M|100/100
|-weather|Sandstorm|[from] ability: Sand Stream|[of] p1a: Tyranitar
|turn|4
|
|t:|1786183837
|move|p1b: Volcarona|Rage Powder|p1b: Volcarona
|-singleturn|p1b: Volcarona|move: Rage Powder
|move|p2a: Arcanine|Head Smash|p1b: Volcarona
|-supereffective|p1b: Volcarona|2
|-damage|p1b: Volcarona|0 fnt
|faint|p1b: Volcarona
|move|p1a: Tyranitar|Rock Slide|p2b: Sylveon|[spread] p2a,p2b
|-supereffective|p2a: Arcanine|1
|-damage|p2a: Arcanine|24/100
|-damage|p2b: Sylveon|52/100
|move|p2b: Sylveon|Hyper Voice|p1a: Tyranitar
|-supereffective|p1a: Tyranitar|1
|-damage|p1a: Tyranitar|37/100
|
|-weather|Sandstorm|[upkeep]
|-damage|p2b: Sylveon|46/100|[from] Sandstorm
|upkeep
|
|t:|1786183847
|switch|p1b: Annihilape|Annihilape, L50, M|100/100
|turn|5
|
|t:|1786183868
|switch|p2a: Farigiraf|Farigiraf, L50, F|100/100
|move|p1a: Tyranitar|Protect|p1a: Tyranitar
|-singleturn|p1a: Tyranitar|Protect
|move|p2b: Sylveon|Detect|p2b: Sylveon
|-singleturn|p2b: Sylveon|Protect
|move|p1b: Annihilape|Rock Slide|p2b: Sylveon|[spread] p2a
|-activate|p2b: Sylveon|move: Protect
|-damage|p2a: Farigiraf|83/100
|
|-weather|Sandstorm|[upkeep]
|-damage|p1b: Annihilape|94/100|[from] Sandstorm
|-damage|p2b: Sylveon|40/100|[from] Sandstorm
|-damage|p2a: Farigiraf|76/100|[from] Sandstorm
|upkeep
|turn|6
|
|t:|1786183883
|switch|p2b: Arcanine|Arcanine-Hisui, L50, F|24/100
|move|p1b: Annihilape|Rock Slide|p2b: Arcanine|[spread] p2a,p2b
|-supereffective|p2b: Arcanine|1
|-damage|p2a: Farigiraf|58/100
|-damage|p2b: Arcanine|0 fnt
|faint|p2b: Arcanine
|move|p1a: Tyranitar|Knock Off|p2a: Farigiraf
|-supereffective|p2a: Farigiraf|1
|-damage|p2a: Farigiraf|0 fnt
|-enditem|p2a: Farigiraf|Sitrus Berry|[from] move: Knock Off|[of] p1a: Tyranitar
|faint|p2a: Farigiraf
|
|-weather|Sandstorm|[upkeep]
|-damage|p1b: Annihilape|88/100|[from] Sandstorm
|upkeep
|
|t:|1786183892
|switch|p2b: Sylveon|Sylveon, L50, M|40/100
|turn|7
|
|t:|1786183901
|move|p1b: Annihilape|Rock Slide|p2b: Sylveon|[miss]
|-miss|p1b: Annihilape|p2b: Sylveon
|move|p1a: Tyranitar|Rock Slide|p2b: Sylveon
|-damage|p2b: Sylveon|0 fnt
|faint|p2b: Sylveon
|
|win|Vulpisfoglia
||Vulpisfoglia is ready for game 3.
