|j|☆tester1991
|j|☆PTP_VGC
|html|tester1991PTP_VGC    
|uhtml|bestof|Game 2 of a best-of-3
|t:|1754839366
|gametype|doubles
|player|p1|tester1991|supernerd|1172
|player|p2|PTP_VGC|birdkeeper|1351
|gen|9
|tier|[Gen 9] VGC 2025 Reg H (Bo3)
|rated|
|rule|Species Clause: Limit one of each Pokémon
|rule|Item Clause: Limit 1 of each item
|clearpoke
|poke|p1|Dragapult, L50, F|
|poke|p1|Tyranitar, L50, M|
|poke|p1|Indeedee, L50, M|
|poke|p1|Excadrill, L50, F|
|poke|p1|Hydreigon, L50, F|
|poke|p1|Decidueye-Hisui, L50, M|
|poke|p2|Arcanine-Hisui, L50, F|
|poke|p2|Weezing, L50, M|
|poke|p2|Porygon2, L50|
|poke|p2|Weavile, L50, F|
|poke|p2|Pawmot, L50, M|
|poke|p2|Toedscruel, L50, F|
|teampreview|4
|showteam|p1|Dragapult||ChoiceBand|ClearBody|DragonDarts,PhantomForce,Uturn,Outrage|||F|||50|,,,,,Dragon]Tyranitar||AssaultVest|SandStream|RockSlide,KnockOff,LowKick,TeraBlast|||M|||50|,,,,,Flying]Indeedee||FocusSash|PsychicSurge|ExpandingForce,Imprison,TrickRoom,Protect|||M|||50|,,,,,Psychic]Excadrill||ClearAmulet|SandRush|IronHead,HighHorsepower,Earthquake,Protect|||F|||50|,,,,,Stellar]Hydreigon||LifeOrb|Levitate|DarkPulse,DracoMeteor,Tailwind,Protect|||F|||50|,,,,,Fire]Decidueye-Hisui||ScopeLens|Scrappy|LeafBlade,TripleArrows,Haze,Protect|||M|||50|,,,,,Fire
|showteam|p2|Arcanine-Hisui||AbilityShield|Intimidate|FlareBlitz,RockSlide,ExtremeSpeed,Protect|||F|||50|,,,,,Ghost]Weezing||SitrusBerry|NeutralizingGas|SludgeBomb,WillOWisp,Taunt,Protect|||M|||50|,,,,,Grass]Porygon2||Eviolite|Download|TeraBlast,IceBeam,Recover,TrickRoom||||||50|,,,,,Water]Weavile||WideLens|Pressure|KnockOff,TripleAxel,FakeOut,Protect|||F|||50|,,,,,Stellar]Pawmot||FocusSash|NaturalCure|DoubleShock,CloseCombat,RevivalBlessing,Protect|||M|||50|,,,,,Stellar]Toedscruel||LifeOrb|MyceliumMight|EarthPower,EnergyBall,Spore,RagePowder|||F|||50|,,,,,Water
|inactive|Battle timer is ON: inactive players will automatically lose when time's up. (requested by tester1991)
|inactive|tester1991 has 60 seconds left.
|
|t:|1754839413
|teamsize|p1|4
|teamsize|p2|4
|start
|switch|p1a: Tyranitar|Tyranitar, L50, M, shiny|100/100
|switch|p1b: Decidueye|Decidueye-Hisui, L50, M|100/100
|switch|p2a: Vulfmon|Arcanine-Hisui, L50, F|100/100
|switch|p2b: Adr. & Adr.|Weezing, L50, M|100/100
|-ability|p2b: Adr. & Adr.|Neutralizing Gas
|-block|p2a: Vulfmon|item: Ability Shield
|-ability|p2a: Vulfmon|Intimidate|boost
|-unboost|p1a: Tyranitar|atk|1
|-unboost|p1b: Decidueye|atk|1
|turn|1
|
|t:|1754839437
|move|p1b: Decidueye|Protect|p1b: Decidueye
|-singleturn|p1b: Decidueye|Protect
|move|p2a: Vulfmon|Flare Blitz|p1b: Decidueye
|-activate|p1b: Decidueye|move: Protect
|move|p1a: Tyranitar|Knock Off|p2b: Adr. & Adr.
|-damage|p2b: Adr. & Adr.|69/100
|-enditem|p2b: Adr. & Adr.|Sitrus Berry|[from] move: Knock Off|[of] p1a: Tyranitar
|move|p2b: Adr. & Adr.|Will-O-Wisp|p1a: Tyranitar
|-status|p1a: Tyranitar|brn
|
|-damage|p1a: Tyranitar|95/100 brn|[from] brn
|upkeep
|turn|2
|inactive|tester1991 has 30 seconds left.
|inactive|tester1991 has 20 seconds left.
|inactive|tester1991 has 15 seconds left.
|inactive|tester1991 has 10 seconds left.
|
|t:|1754839483
|switch|p1b: Dragapult|Dragapult, L50, F, shiny|100/100
|move|p2a: Vulfmon|Protect|p2a: Vulfmon
|-singleturn|p2a: Vulfmon|Protect
|move|p1a: Tyranitar|Rock Slide|p2b: Adr. & Adr.|[spread] p2b
|-activate|p2a: Vulfmon|move: Protect
|-damage|p2b: Adr. & Adr.|60/100
|move|p2b: Adr. & Adr.|Will-O-Wisp|p1b: Dragapult
|-status|p1b: Dragapult|brn
|
|-damage|p1b: Dragapult|94/100 brn|[from] brn
|-damage|p1a: Tyranitar|89/100 brn|[from] brn
|upkeep
|turn|3
|
|t:|1754839506
|move|p1b: Dragapult|Dragon Darts|p2a: Vulfmon
|-damage|p2a: Vulfmon|80/100
|-anim|p1b: Dragapult|Dragon Darts|p2b: Adr. & Adr.
|-damage|p2b: Adr. & Adr.|45/100
|move|p2a: Vulfmon|Rock Slide|p1a: Tyranitar|[spread] p1a,p1b
|-damage|p1a: Tyranitar|70/100 brn
|-damage|p1b: Dragapult|57/100 brn
|move|p1a: Tyranitar|Rock Slide|p2b: Adr. & Adr.|[spread] p2a,p2b
|-supereffective|p2a: Vulfmon
|-damage|p2a: Vulfmon|60/100
|-damage|p2b: Adr. & Adr.|37/100
|cant|p2b: Adr. & Adr.|flinch
|
|-damage|p1b: Dragapult|51/100 brn|[from] brn
|-damage|p1a: Tyranitar|64/100 brn|[from] brn
|upkeep
|turn|4
|
|t:|1754839530
|move|p1b: Dragapult|Dragon Darts|p2a: Vulfmon
|-damage|p2a: Vulfmon|40/100
|-anim|p1b: Dragapult|Dragon Darts|p2b: Adr. & Adr.
|-damage|p2b: Adr. & Adr.|21/100
|move|p2a: Vulfmon|Rock Slide|p1a: Tyranitar|[spread] p1a,p1b
|-damage|p1a: Tyranitar|45/100 brn
|-damage|p1b: Dragapult|16/100 brn
|move|p1a: Tyranitar|Rock Slide|p2a: Vulfmon|[spread] p2a,p2b
|-supereffective|p2a: Vulfmon
|-damage|p2a: Vulfmon|20/100
|-damage|p2b: Adr. & Adr.|12/100
|cant|p2b: Adr. & Adr.|flinch
|
|-damage|p1b: Dragapult|10/100 brn|[from] brn
|-damage|p1a: Tyranitar|39/100 brn|[from] brn
|upkeep
|turn|5
|inactive|tester1991 has 30 seconds left.
|
|t:|1754839558
|move|p1b: Dragapult|Dragon Darts|p2a: Vulfmon
|-damage|p2a: Vulfmon|2/100
|-anim|p1b: Dragapult|Dragon Darts|p2b: Adr. & Adr.
|-damage|p2b: Adr. & Adr.|0 fnt
|faint|p2b: Adr. & Adr.
|-end|p2b: Adr. & Adr.|ability: Neutralizing Gas
|-weather|Sandstorm|[from] ability: Sand Stream|[of] p1a: Tyranitar
|move|p2a: Vulfmon|Flare Blitz|p1b: Dragapult
|-resisted|p1b: Dragapult
|-damage|p1b: Dragapult|0 fnt
|faint|p1b: Dragapult
|-damage|p2a: Vulfmon|0 fnt|[from] Recoil
|faint|p2a: Vulfmon
|move|p1a: Tyranitar|Rock Slide|p2: Vulfmon|[notarget]
|-fail|p1a: Tyranitar
|
|-weather|Sandstorm|[upkeep]
|-damage|p1a: Tyranitar|33/100 brn|[from] brn
|upkeep
|
|t:|1754839580
|switch|p1b: Excadrill|Excadrill, L50, F, shiny|100/100
|switch|p2a: Speedwalker|Weavile, L50, F|100/100
|switch|p2b: Back Pocket|Pawmot, L50, M|100/100
|-ability|p2a: Speedwalker|Pressure
|turn|6
|
|t:|1754839597
|move|p1b: Excadrill|Protect|p1b: Excadrill
|-singleturn|p1b: Excadrill|Protect
|move|p2a: Speedwalker|Fake Out|p1b: Excadrill
|-activate|p1b: Excadrill|move: Protect
|move|p2b: Back Pocket|Revival Blessing|p2b: Back Pocket
|
|t:|1754839600
|-heal|p2: Adr. & Adr.|50/100|[from] move: Revival Blessing
|move|p1a: Tyranitar|Rock Slide|p2a: Speedwalker|[spread] p2a,p2b
|-supereffective|p2a: Speedwalker
|-resisted|p2b: Back Pocket
|-damage|p2a: Speedwalker|68/100
|-damage|p2b: Back Pocket|92/100
|
|-weather|Sandstorm|[upkeep]
|-damage|p2a: Speedwalker|61/100|[from] Sandstorm
|-damage|p2b: Back Pocket|85/100|[from] Sandstorm
|-damage|p1a: Tyranitar|27/100 brn|[from] brn
|upkeep
|turn|7
|
|t:|1754839622
|switch|p2a: Adr. & Adr.|Weezing, L50, M|50/100
|-ability|p2a: Adr. & Adr.|Neutralizing Gas
|-terastallize|p1b: Excadrill|Stellar
|move|p2b: Back Pocket|Close Combat|p1b: Excadrill
|-supereffective|p1b: Excadrill
|-crit|p1b: Excadrill
|-damage|p1b: Excadrill|0 fnt
|-unboost|p2b: Back Pocket|def|1
|-unboost|p2b: Back Pocket|spd|1
|faint|p1b: Excadrill
|move|p1a: Tyranitar|Rock Slide|p2b: Back Pocket|[spread] p2a,p2b
|-resisted|p2b: Back Pocket
|-crit|p2b: Back Pocket
|-damage|p2a: Adr. & Adr.|42/100
|-damage|p2b: Back Pocket|58/100
|
|-weather|Sandstorm|[upkeep]
|-damage|p2b: Back Pocket|52/100|[from] Sandstorm
|-damage|p2a: Adr. & Adr.|37/100|[from] Sandstorm
|-damage|p1a: Tyranitar|21/100 brn|[from] brn
|upkeep
|c|☆tester1991|I mean
|inactive|tester1991 has 30 seconds left.
|c|☆tester1991|Nothing i can do
|inactive|tester1991 has 20 seconds left.
|inactive|tester1991 has 15 seconds left.
|c|☆tester1991|My teams rly heavy in habs
|inactive|tester1991 has 10 seconds left.
|
|t:|1754839671
|switch|p1b: Decidueye|Decidueye-Hisui, L50, M|100/100
|turn|8
|
|t:|1754839689
|move|p2b: Back Pocket|Close Combat|p1a: Tyranitar
|-supereffective|p1a: Tyranitar
|-damage|p1a: Tyranitar|0 fnt
|-unboost|p2b: Back Pocket|def|1
|-unboost|p2b: Back Pocket|spd|1
|faint|p1a: Tyranitar
|move|p1b: Decidueye|Triple Arrows|p2a: Adr. & Adr.
|-resisted|p2a: Adr. & Adr.
|-damage|p2a: Adr. & Adr.|16/100
|-unboost|p2a: Adr. & Adr.|def|1
|cant|p2a: Adr. & Adr.|flinch
|
|-weather|Sandstorm|[upkeep]
|-damage|p2b: Back Pocket|46/100|[from] Sandstorm
|-damage|p1b: Decidueye|94/100|[from] Sandstorm
|-damage|p2a: Adr. & Adr.|10/100|[from] Sandstorm
|upkeep
|turn|9
|
|t:|1754839711
|-terastallize|p2b: Back Pocket|Stellar
|move|p2b: Back Pocket|Close Combat|p1b: Decidueye
|-damage|p1b: Decidueye|0 fnt
|-unboost|p2b: Back Pocket|def|1
|-unboost|p2b: Back Pocket|spd|1
|faint|p1b: Decidueye
|
|win|PTP_VGC
|raw|tester1991's rating: 1172 → 1159(-13 for losing)
|raw|PTP_VGC's rating: 1351 → 1362(+11 for winning)
|c|☆tester1991|Gg
|c|☆PTP_VGC|ggs
|l|☆tester1991
|player|p1|
