|j|☆SoupForSale
|j|☆indianpro#128
|html|SoupForSaleindianpro#128    
|uhtml|bestof|Game 2 of a best-of-3
|t:|1782296406
|gametype|doubles
|player|p1|SoupForSale|gambler|
|player|p2|indianpro#128|lucas|
|gen|9
|tier|[Gen 9 Champions] VGC 2026 Reg M-B (Bo3)
|rule|Species Clause: Limit one of each Pokémon
|rule|Item Clause: Limit 1 of each item
|clearpoke
|poke|p1|Venusaur, L50, F|
|poke|p1|Torkoal, L50, F|
|poke|p1|Farigiraf, L50, F|
|poke|p1|Scrafty, L50, F|
|poke|p1|Aerodactyl, L50, M|
|poke|p1|Staraptor, L50, M|
|poke|p2|Sinistcha-Masterpiece, L50|
|poke|p2|Incineroar, L50, F|
|poke|p2|Tyranitar, L50, M|
|poke|p2|Mawile, L50, F|
|poke|p2|Farigiraf, L50, M|
|poke|p2|Gallade, L50, M|
|teampreview|4
|showteam|p1|Venusaur||LifeOrb|Chlorophyll|EnergyBall,SludgeBomb,EarthPower,Protect|Modest||F|||50|]Torkoal||HeatRock|Drought|Eruption,WeatherBall,HelpingHand,Protect|Quiet||F|||50|]Farigiraf||ColburBerry|ArmorTail|Psychic,Thunderbolt,TrickRoom,Protect|Quiet||F|||50|]Scrafty||Scraftinite|Intimidate|FakeOut,KnockOff,DrainPunch,IcePunch|Adamant||F|||50|]Aerodactyl||Aerodactylite|RockHead|RockSlide,Tailwind,WideGuard,DualWingbeat|Jolly||M|||50|]Staraptor||ChoiceScarf|Intimidate|FinalGambit,CloseCombat,DualWingbeat,Uturn|Jolly||M|||50|
|showteam|p2|Sinistcha-Masterpiece||MentalHerb|Hospitality|EnergyBall,RagePowder,LifeDew,TrickRoom|Relaxed|||||50|]Incineroar||PasshoBerry|Intimidate|ThroatChop,FlareBlitz,FakeOut,PartingShot|Careful||F|||50|]Tyranitar||Tyranitarite|SandStream|RockSlide,KnockOff,HighHorsepower,Protect|Brave||M|||50|]Mawile||Mawilite|Intimidate|IronHead,PlayRough,SuckerPunch,BrickBreak|Brave||F|||50|]Farigiraf||SitrusBerry|ArmorTail|TrickRoom,Protect,FoulPlay,GuardSwap|Bold||M|||50|]Gallade||FocusSash|Sharpness|PsychoCut,SacredSword,NightSlash,PoisonJab|Adamant||M|||50|
|j| lumiere215
|
|t:|1782296474
|teamsize|p1|4
|teamsize|p2|4
|start
|switch|p1a: Pilot|Staraptor, L50, M|100/100
|switch|p1b: Two-Hands|Scrafty, L50, F|100/100
|switch|p2a: Farigiraf|Farigiraf, L50, M|100/100
|switch|p2b: Incineroar|Incineroar, L50, F|100/100
|-ability|p1a: Pilot|Intimidate|boost
|-unboost|p2a: Farigiraf|atk|1
|-unboost|p2b: Incineroar|atk|1
|-ability|p2b: Incineroar|Intimidate|boost
|-unboost|p1a: Pilot|atk|1
|-unboost|p1b: Two-Hands|atk|1
|-ability|p1b: Two-Hands|Intimidate|boost
|-unboost|p2a: Farigiraf|atk|1
|-unboost|p2b: Incineroar|atk|1
|turn|1
|
|t:|1782296505
|move|p1a: Pilot|Close Combat|p2b: Incineroar
|-supereffective|p2b: Incineroar|1
|-damage|p2b: Incineroar|57/100
|-unboost|p1a: Pilot|def|1
|-unboost|p1a: Pilot|spd|1
|move|p2a: Farigiraf|Foul Play|p1a: Pilot
|-damage|p1a: Pilot|65/100
|move|p2b: Incineroar|Parting Shot|p1b: Two-Hands
|-unboost|p1b: Two-Hands|atk|1
|-unboost|p1b: Two-Hands|spa|1
|
|t:|1782296517
|switch|p2b: Gallade|Gallade, L50, M|100/100|[from] Parting Shot
|move|p1b: Two-Hands|Drain Punch|p2b: Gallade
|-resisted|p2b: Gallade|1
|-damage|p2b: Gallade|83/100
|
|upkeep
|turn|2
|
|t:|1782296536
|switch|p1a: Buxosbufo|Venusaur, L50, F|100/100
|switch|p1b: Atom|Torkoal, L50, F|100/100
|-weather|SunnyDay|[from] ability: Drought|[of] p1b: Atom
|move|p2b: Gallade|Sacred Sword|p1b: Atom
|-damage|p1b: Atom|45/100
|move|p2a: Farigiraf|Foul Play|p1a: Buxosbufo
|-damage|p1a: Buxosbufo|75/100
|
|-weather|SunnyDay|[upkeep]
|upkeep
|turn|3
|
|t:|1782296582
|switch|p2a: Tyranitar|Tyranitar, L50, M|100/100
|-weather|Sandstorm|[from] ability: Sand Stream|[of] p2a: Tyranitar
|move|p1b: Atom|Protect|p1b: Atom
|-singleturn|p1b: Atom|Protect
|move|p1a: Buxosbufo|Sludge Bomb|p2b: Gallade
|-damage|p2b: Gallade|21/100
|-damage|p1a: Buxosbufo|66/100|[from] item: Life Orb
|move|p2b: Gallade|Psycho Cut|p1a: Buxosbufo
|-supereffective|p1a: Buxosbufo|1
|-damage|p1a: Buxosbufo|0 fnt
|faint|p1a: Buxosbufo
|
|-weather|Sandstorm|[upkeep]
|-damage|p2b: Gallade|15/100|[from] Sandstorm
|-damage|p1b: Atom|39/100|[from] Sandstorm
|upkeep
|
|t:|1782296600
|switch|p1a: Pilot|Staraptor, L50, M|65/100
|-ability|p1a: Pilot|Intimidate|boost
|-unboost|p2a: Tyranitar|atk|1
|-unboost|p2b: Gallade|atk|1
|turn|4
|j| pabloPlegendarys
|
|t:|1782296635
|switch|p1b: Two-Hands|Scrafty, L50, F|100/100
|-ability|p1b: Two-Hands|Intimidate|boost
|-unboost|p2a: Tyranitar|atk|1
|-unboost|p2b: Gallade|atk|1
|detailschange|p2a: Tyranitar|Tyranitar-Mega, L50, M
|-mega|p2a: Tyranitar|Tyranitar|Tyranitarite
|move|p1a: Pilot|Dual Wingbeat|p2b: Gallade
|-supereffective|p2b: Gallade|1
|-damage|p2b: Gallade|0 fnt
|faint|p2b: Gallade
|-hitcount|p2: Gallade|1
|move|p2a: Tyranitar|Rock Slide|p1b: Two-Hands|[spread] p1a,p1b
|-supereffective|p1a: Pilot|1
|-resisted|p1b: Two-Hands|1
|-damage|p1a: Pilot|14/100
|-damage|p1b: Two-Hands|90/100
|
|-weather|Sandstorm|[upkeep]
|-damage|p1a: Pilot|7/100|[from] Sandstorm
|-damage|p1b: Two-Hands|84/100|[from] Sandstorm
|upkeep
|
|t:|1782296656
|switch|p2b: Incineroar|Incineroar, L50, F|57/100
|-ability|p2b: Incineroar|Intimidate|boost
|-unboost|p1a: Pilot|atk|1
|-unboost|p1b: Two-Hands|atk|1
|turn|5
|
|t:|1782296679
|switch|p1a: Atom|Torkoal, L50, F|39/100
|-weather|SunnyDay|[from] ability: Drought|[of] p1a: Atom
|switch|p2a: Farigiraf|Farigiraf, L50, M|100/100
|detailschange|p1b: Two-Hands|Scrafty-Mega, L50, F
|-mega|p1b: Two-Hands|Scrafty|Scraftinite
|-ability|p1b: Two-Hands|Intimidate|boost
|-unboost|p2a: Farigiraf|atk|1
|-unboost|p2b: Incineroar|atk|1
|move|p2b: Incineroar|Fake Out|p1a: Atom
|-damage|p1a: Atom|32/100
|move|p1b: Two-Hands|Drain Punch|p2a: Farigiraf
|-damage|p2a: Farigiraf|75/100
|-heal|p1b: Two-Hands|99/100|[from] drain|[of] p2a: Farigiraf
|
|-weather|SunnyDay|[upkeep]
|upkeep
|turn|6
|
|t:|1782296711
|move|p1b: Two-Hands|Drain Punch|p2b: Incineroar
|-supereffective|p2b: Incineroar|1
|-damage|p2b: Incineroar|1/100
|-heal|p1b: Two-Hands|100/100|[from] drain|[of] p2b: Incineroar
|move|p2b: Incineroar|Flare Blitz|p1b: Two-Hands
|-damage|p1b: Two-Hands|63/100
|-damage|p2b: Incineroar|0 fnt|[from] Recoil
|faint|p2b: Incineroar
|move|p2a: Farigiraf|Foul Play|p1a: Atom
|-damage|p1a: Atom|19/100
|move|p1a: Atom|Weather Ball|p2a: Farigiraf
|-damage|p2a: Farigiraf|0 fnt
|faint|p2a: Farigiraf
|
|-weather|SunnyDay|[upkeep]
|upkeep
|
|t:|1782296730
|switch|p2b: Tyranitar|Tyranitar-Mega, L50, M|100/100
|-weather|Sandstorm|[from] ability: Sand Stream|[of] p2b: Tyranitar
|turn|7
|
|t:|1782296749
|move|p1a: Atom|Protect|p1a: Atom
|-singleturn|p1a: Atom|Protect
|move|p1b: Two-Hands|Drain Punch|p2b: Tyranitar
|-supereffective|p2b: Tyranitar|2
|-damage|p2b: Tyranitar|34/100
|-heal|p1b: Two-Hands|100/100|[from] drain|[of] p2b: Tyranitar
|move|p2b: Tyranitar|Rock Slide|p1b: Two-Hands|[spread] p1b
|-activate|p1a: Atom|move: Protect
|-resisted|p1b: Two-Hands|1
|-crit|p1b: Two-Hands
|-damage|p1b: Two-Hands|76/100
|
|-weather|Sandstorm|[upkeep]
|-damage|p1b: Two-Hands|70/100|[from] Sandstorm
|-damage|p1a: Atom|12/100|[from] Sandstorm
|upkeep
|turn|8
|
|t:|1782296766
|move|p1a: Atom|Helping Hand|p1b: Two-Hands
|-singleturn|p1b: Two-Hands|Helping Hand|[of] p1a: Atom
|move|p2b: Tyranitar|Protect|p2b: Tyranitar
|-singleturn|p2b: Tyranitar|Protect
|move|p1b: Two-Hands|Drain Punch|p2b: Tyranitar
|-activate|p2b: Tyranitar|move: Protect
|
|-weather|Sandstorm|[upkeep]
|-damage|p1b: Two-Hands|65/100|[from] Sandstorm
|-damage|p1a: Atom|6/100|[from] Sandstorm
|upkeep
|turn|9
|
|t:|1782296779
|move|p1a: Atom|Helping Hand|p1b: Two-Hands
|-singleturn|p1b: Two-Hands|Helping Hand|[of] p1a: Atom
|move|p2b: Tyranitar|Protect|p2b: Tyranitar
|-singleturn|p2b: Tyranitar|Protect
|move|p1b: Two-Hands|Drain Punch|p2b: Tyranitar
|-activate|p2b: Tyranitar|move: Protect
|
|-weather|Sandstorm|[upkeep]
|-damage|p1b: Two-Hands|59/100|[from] Sandstorm
|-damage|p1a: Atom|1/100|[from] Sandstorm
|upkeep
|turn|10
|
|t:|1782296796
|move|p1a: Atom|Helping Hand|p1b: Two-Hands
|-singleturn|p1b: Two-Hands|Helping Hand|[of] p1a: Atom
|move|p2b: Tyranitar|Protect||[still]
|-fail|p2b: Tyranitar
|move|p1b: Two-Hands|Drain Punch|p2b: Tyranitar
|-supereffective|p2b: Tyranitar|2
|-damage|p2b: Tyranitar|0 fnt
|-heal|p1b: Two-Hands|80/100|[from] drain|[of] p2b: Tyranitar
|faint|p2b: Tyranitar
|
|win|SoupForSale
|c|☆SoupForSale|gg man!
