|j|☆smugplayspkmn
|j|☆porygon-epilepz
|html|smugplayspkmnporygon-epilepz    
|uhtml|bestof|Game 3 of a best-of-3
|t:|1756453449
|gametype|doubles
|player|p1|smugplayspkmn|shauntal|1048
|player|p2|porygon-epilepz|ghetsis-gen5bw|1123
|gen|9
|tier|[Gen 9] VGC 2025 Reg H (Bo3)
|rated|
|rule|Species Clause: Limit one of each Pokémon
|rule|Item Clause: Limit 1 of each item
|clearpoke
|poke|p1|Ninetales-Alola, L50, M|
|poke|p1|Cetitan, L50, F|
|poke|p1|Incineroar, L50, F|
|poke|p1|Kommo-o, L50, F|
|poke|p1|Sneasler, L50, M|
|poke|p1|Milotic, L50, M|
|poke|p2|Farigiraf, L50, F|
|poke|p2|Incineroar, L50, M|
|poke|p2|Sneasler, L50, F|
|poke|p2|Pelipper, L50, F|
|poke|p2|Archaludon, L50, M|
|poke|p2|Porygon-Z, L50|
|teampreview|4
|showteam|p1|Ninetales-Alola||LightClay|SnowWarning|AuroraVeil,Blizzard,Moonblast,Protect|||M|||50|,,,,,Ghost]Cetitan||SitrusBerry|SlushRush|Protect,HighHorsepower,Superpower,IceSpinner|||F|||50|,,,,,Poison]Incineroar||SafetyGoggles|Intimidate|FlareBlitz,PartingShot,KnockOff,FakeOut|||F|||50|,,,,,Ghost]Kommo-o||Leftovers|Overcoat|Protect,BodyPress,IronDefense,ThroatChop|||F|||50|,,,,,Steel]Sneasler||FocusSash|PoisonTouch|FakeOut,DireClaw,CloseCombat,ThroatChop|||M|||50|,,,,,Dark]Milotic||AssaultVest|Competitive|Blizzard,IcyWind,Scald,AlluringVoice|||M|||50|,,,,,Dragon
|showteam|p2|Farigiraf||ThroatSpray|ArmorTail|TrickRoom,HyperVoice,Psychic,HelpingHand|||F|||50|,,,,,Fairy]Incineroar||SafetyGoggles|Intimidate|FakeOut,KnockOff,PartingShot,Taunt|||M|||50|,,,,,Ghost]Sneasler||FocusSash|Unburden|DireClaw,CloseCombat,ThroatChop,FakeOut|||F|||50|,,,,,Dark]Pelipper||RockyHelmet|Drizzle|Hurricane,WeatherBall,Tailwind,Protect|||F|||50|,,,,,Grass]Archaludon||AssaultVest|Stamina|ElectroShot,FlashCannon,DracoMeteor,BodyPress|||M|||50|,,,,,Bug]Porygon-Z||ChoiceScarf|Adaptability|TeraBlast,HyperBeam,Electroweb,IceBeam||||||50|,,,,,Fighting
|inactive|Battle timer is ON: inactive players will automatically lose when time's up. (requested by smugplayspkmn)
|
|t:|1756453483
|teamsize|p1|4
|teamsize|p2|4
|start
|switch|p1a: Kommo-o|Kommo-o, L50, F|100/100
|switch|p1b: Incineroar|Incineroar, L50, F|100/100
|switch|p2a: Sneasler|Sneasler, L50, F|100/100
|switch|p2b: Porygon-Z|Porygon-Z, L50|100/100
|-ability|p1b: Incineroar|Intimidate|boost
|-unboost|p2a: Sneasler|atk|1
|-unboost|p2b: Porygon-Z|atk|1
|turn|1
|
|t:|1756453502
|-terastallize|p2b: Porygon-Z|Fighting
|-terastallize|p1a: Kommo-o|Steel
|move|p2a: Sneasler|Fake Out|p1b: Incineroar
|-damage|p1b: Incineroar|91/100
|cant|p1b: Incineroar|flinch
|move|p2b: Porygon-Z|Tera Blast|p1a: Kommo-o|[anim] Tera Blast Fighting
|-supereffective|p1a: Kommo-o
|-damage|p1a: Kommo-o|0 fnt
|faint|p1a: Kommo-o
|
|upkeep
|
|t:|1756453514
|switch|p1a: Milotic|Milotic, L50, M|100/100
|turn|2
|
|t:|1756453526
|switch|p1b: Ninetales|Ninetales-Alola, L50, M|100/100
|-weather|Snowscape|[from] ability: Snow Warning|[of] p1b: Ninetales
|move|p2b: Porygon-Z|Tera Blast|p1b: Ninetales|[anim] Tera Blast Fighting
|-damage|p1b: Ninetales|35/100
|move|p2a: Sneasler|Dire Claw|p1a: Milotic
|-damage|p1a: Milotic|76/100
|-status|p1a: Milotic|slp
|cant|p1a: Milotic|slp
|
|-weather|Snowscape|[upkeep]
|upkeep
|turn|3
|
|t:|1756453551
|move|p1b: Ninetales|Protect|p1b: Ninetales
|-singleturn|p1b: Ninetales|Protect
|move|p2b: Porygon-Z|Tera Blast|p1b: Ninetales|[anim] Tera Blast Fighting
|-activate|p1b: Ninetales|move: Protect
|move|p2a: Sneasler|Close Combat|p1a: Milotic
|-damage|p1a: Milotic|39/100 slp
|-unboost|p2a: Sneasler|def|1
|-unboost|p2a: Sneasler|spd|1
|cant|p1a: Milotic|slp
|
|-weather|Snowscape|[upkeep]
|upkeep
|turn|4
|inactive|porygon-epilepz has 30 seconds left.
|
|t:|1756453576
|move|p2b: Porygon-Z|Tera Blast|p1b: Ninetales|[anim] Tera Blast Fighting
|-damage|p1b: Ninetales|0 fnt
|faint|p1b: Ninetales
|move|p2a: Sneasler|Close Combat|p1a: Milotic
|-damage|p1a: Milotic|3/100 slp
|-unboost|p2a: Sneasler|def|1
|-unboost|p2a: Sneasler|spd|1
|-curestatus|p1a: Milotic|slp|[msg]
|move|p1a: Milotic|Blizzard|p2b: Porygon-Z|[spread] p2a,p2b
|-damage|p2a: Sneasler|43/100
|-damage|p2b: Porygon-Z|73/100
|
|-weather|Snowscape|[upkeep]
|upkeep
|
|t:|1756453584
|switch|p1b: Incineroar|Incineroar, L50, F|91/100
|-ability|p1b: Incineroar|Intimidate|boost
|-unboost|p2a: Sneasler|atk|1
|-unboost|p2b: Porygon-Z|atk|1
|turn|5
|
|t:|1756453597
|switch|p2b: Archaludon|Archaludon, L50, M|100/100
|switch|p2a: Pelipper|Pelipper, L50, F|100/100
|-weather|RainDance|[from] ability: Drizzle|[of] p2a: Pelipper
|move|p1b: Incineroar|Fake Out|p2b: Archaludon
|-resisted|p2b: Archaludon
|-crit|p2b: Archaludon
|-damage|p2b: Archaludon|94/100
|-ability|p2b: Archaludon|Stamina|boost
|-boost|p2b: Archaludon|def|1
|move|p1a: Milotic|Blizzard|p2a: Pelipper|[spread] p2a,p2b
|-damage|p2a: Pelipper|76/100
|-damage|p2b: Archaludon|81/100
|-ability|p2b: Archaludon|Stamina|boost
|-boost|p2b: Archaludon|def|1
|
|-weather|RainDance|[upkeep]
|upkeep
|turn|6
|-message|smugplayspkmn forfeited.
|
|win|porygon-epilepz
|raw|smugplayspkmn's rating: 1048 → 1034(-14 for losing)
|raw|porygon-epilepz's rating: 1123 → 1143(+20 for winning)
