|j|☆Dkelly1126
|j|☆frenchnails
|html|Dkelly1126frenchnails    
|uhtml|bestof|Game 2 of a best-of-3
|t:|1755653083
|gametype|doubles
|player|p1|Dkelly1126|blue|1211
|player|p2|frenchnails|lady|1253
|gen|9
|tier|[Gen 9] VGC 2025 Reg H (Bo3)
|rated|
|rule|Species Clause: Limit one of each Pokémon
|rule|Item Clause: Limit 1 of each item
|clearpoke
|poke|p1|Talonflame, L50, F|
|poke|p1|Ursaluna-Bloodmoon, L50, M|
|poke|p1|Electabuzz, L50, M|
|poke|p1|Dragonite, L50, F|
|poke|p1|Indeedee, L50, M|
|poke|p1|Sneasler, L50, M|
|poke|p2|Garchomp, L50, M|
|poke|p2|Ninetales-Alola, L50, F|
|poke|p2|Kingambit, L50, M|
|poke|p2|Annihilape, L50, M|
|poke|p2|Dragonite, L50, F|
|poke|p2|Sneasler, L50, M|
|teampreview|4
|showteam|p1|Talonflame||CovertCloak|GaleWings|Tailwind,DualWingbeat,WillOWisp,FlareBlitz|||F|||50|,,,,,Fairy]Ursaluna-Bloodmoon||LifeOrb|MindsEye|BloodMoon,Protect,HyperVoice,EarthPower|||M|||50|,,,,,Normal]Electabuzz||Eviolite|VitalSpirit|FollowMe,Electroweb,Protect,Taunt|||M|||50|,,,,,Ghost]Dragonite||LoadedDice|Multiscale|ScaleShot,StompingTantrum,Haze,Protect|||F|||50|,,,,,Fairy]Indeedee||FocusSash|PsychicSurge|ExpandingForce,TrickRoom,Imprison,HelpingHand|||M|||50|,,,,,Psychic]Sneasler||PsychicSeed|Unburden|DireClaw,CloseCombat,ThroatChop,Protect|||M|||50|,,,,,Dark
|showteam|p2|Garchomp||LifeOrb|RoughSkin|DragonClaw,Earthquake,StompingTantrum,Protect|||M|||50|,,,,,Steel]Ninetales-Alola||LightClay|SnowWarning|Blizzard,FreezeDry,AuroraVeil,Protect|||F|||50|,,,,,Ghost]Kingambit||SafetyGoggles|Defiant|KowtowCleave,SuckerPunch,SwordsDance,Protect|||M|||50|,,,,,Fairy]Annihilape||AssaultVest|Defiant|CloseCombat,FinalGambit,RageFist,RockTomb|||M|||50|,,,,,Fire]Dragonite||LoadedDice|Multiscale|ScaleShot,Tailwind,Haze,Protect|||F|||50|,,,,,Fairy]Sneasler||FocusSash|Unburden|CloseCombat,DireClaw,FakeOut,Coaching|||M|||50|,,,,,Ghost
|
|t:|1755653139
|teamsize|p1|4
|teamsize|p2|4
|start
|switch|p1a: Talonflame|Talonflame, L50, F|100/100
|switch|p1b: Ursaluna|Ursaluna-Bloodmoon, L50, M|100/100
|switch|p2a: Dragonite|Dragonite, L50, F|100/100
|switch|p2b: Sneasler|Sneasler, L50, M|100/100
|turn|1
|
|t:|1755653162
|-terastallize|p1a: Talonflame|Fairy
|move|p2b: Sneasler|Fake Out|p1b: Ursaluna
|-damage|p1b: Ursaluna|89/100
|move|p1a: Talonflame|Tailwind|p1a: Talonflame
|-sidestart|p1: Dkelly1126|move: Tailwind
|cant|p1b: Ursaluna|flinch
|move|p2a: Dragonite|Scale Shot|p1a: Talonflame
|-immune|p1a: Talonflame
|
|upkeep
|turn|2
|
|t:|1755653196
|switch|p2b: Garchomp|Garchomp, L50, M|100/100
|move|p1a: Talonflame|Dual Wingbeat|p2b: Garchomp
|-damage|p2b: Garchomp|84/100
|-damage|p1a: Talonflame|88/100|[from] ability: Rough Skin|[of] p2b: Garchomp
|-damage|p2b: Garchomp|67/100
|-damage|p1a: Talonflame|76/100|[from] ability: Rough Skin|[of] p2b: Garchomp
|-hitcount|p2b: Garchomp|2
|move|p1b: Ursaluna|Blood Moon|p2a: Dragonite
|-damage|p2a: Dragonite|47/100
|-damage|p1b: Ursaluna|79/100|[from] item: Life Orb
|move|p2a: Dragonite|Tailwind|p2a: Dragonite
|-sidestart|p2: frenchnails|move: Tailwind
|
|upkeep
|turn|3
|
|t:|1755653223
|move|p1a: Talonflame|Will-O-Wisp|p2b: Garchomp
|-status|p2b: Garchomp|brn
|move|p2b: Garchomp|Earthquake|p1a: Talonflame|[spread] p1a,p1b
|-immune|p2a: Dragonite
|-damage|p1a: Talonflame|40/100
|-damage|p1b: Ursaluna|59/100
|-damage|p2b: Garchomp|57/100 brn|[from] item: Life Orb
|move|p2a: Dragonite|Scale Shot|p1b: Ursaluna
|-damage|p1b: Ursaluna|46/100
|-damage|p1b: Ursaluna|33/100
|-damage|p1b: Ursaluna|20/100
|-damage|p1b: Ursaluna|8/100
|-damage|p1b: Ursaluna|0 fnt
|faint|p1b: Ursaluna
|-hitcount|p1: Ursaluna|5
|-unboost|p2a: Dragonite|def|1
|-boost|p2a: Dragonite|spe|1
|
|-damage|p2b: Garchomp|51/100 brn|[from] brn
|upkeep
|
|t:|1755653254
|switch|p1b: Sneasler|Sneasler, L50, M|100/100
|turn|4
|
|t:|1755653340
|move|p2a: Dragonite|Scale Shot|p1b: Sneasler
|-damage|p1b: Sneasler|75/100
|-damage|p1b: Sneasler|48/100
|-damage|p1b: Sneasler|22/100
|-damage|p1b: Sneasler|0 fnt
|faint|p1b: Sneasler
|-hitcount|p1: Sneasler|4
|-unboost|p2a: Dragonite|def|1
|-boost|p2a: Dragonite|spe|1
|move|p1a: Talonflame|Dual Wingbeat|p2a: Dragonite
|-damage|p2a: Dragonite|14/100
|-damage|p2a: Dragonite|0 fnt
|faint|p2a: Dragonite
|-hitcount|p2: Dragonite|2
|move|p2b: Garchomp|Earthquake|p1a: Talonflame
|-damage|p1a: Talonflame|0 fnt
|faint|p1a: Talonflame
|-damage|p2b: Garchomp|41/100 brn|[from] item: Life Orb
|
|-damage|p2b: Garchomp|35/100 brn|[from] brn
|-sideend|p1: Dkelly1126|move: Tailwind
|upkeep
|
|t:|1755653364
|switch|p1b: Indeedee|Indeedee, L50, M|100/100
|switch|p2a: Ninetales|Ninetales-Alola, L50, F|100/100
|-weather|Snowscape|[from] ability: Snow Warning|[of] p2a: Ninetales
|-fieldstart|move: Psychic Terrain|[from] ability: Psychic Surge|[of] p1b: Indeedee
|turn|5
|
|t:|1755653374
|move|p2a: Ninetales|Blizzard|p1b: Indeedee
|-damage|p1b: Indeedee|42/100
|move|p2b: Garchomp|Dragon Claw|p1b: Indeedee
|-damage|p1b: Indeedee|0 fnt
|faint|p1b: Indeedee
|-damage|p2b: Garchomp|26/100 brn|[from] item: Life Orb
|
|win|frenchnails
|raw|Dkelly1126's rating: 1211 → 1189(-22 for losing)
|raw|frenchnails's rating: 1253 → 1275(+22 for winning)
