|j|☆Bunny+X goaty
|j|☆iloveships
|html|Bunny+X goatyiloveships    
|uhtml|bestof|Game 1 of a best-of-3
|t:|1785335570
|gametype|doubles
|player|p1|Bunny+X goaty|dawn|1041
|player|p2|iloveships|emmet|1000
|gen|9
|tier|[Gen 9 Champions] VGC 2026 Reg M-B (Bo3)
|rated|
|rule|Species Clause: Limit one of each Pokémon
|rule|Item Clause: Limit 1 of each item
|clearpoke
|poke|p1|Salazzle, L50, F|
|poke|p1|Gliscor, L50, M|
|poke|p1|Slowking, L50, F|
|poke|p1|Torkoal, L50, F|
|poke|p1|Vileplume, L50, F|
|poke|p1|Dragalge, L50, M|
|poke|p2|Charizard, L50, F, shiny|
|poke|p2|Garchomp, L50, M|
|poke|p2|Incineroar, L50, M|
|poke|p2|Sylveon, L50, F, shiny|
|poke|p2|Aerodactyl, L50, F|
|poke|p2|Farigiraf, L50, M|
|teampreview|4
|showteam|p1|Salazzle||FocusSash|Oblivious|FakeOut,HeatWave,SludgeBomb,Protect|Hasty||F|||50|]Gliscor||SitrusBerry|HyperCutter|Tailwind,Acrobatics,HighHorsepower,Protect|Adamant||M|||50|]Slowking||Leftovers|Regenerator|ChillyReception,ThunderWave,Scald,SlackOff|Relaxed||F|||50|]Torkoal||Charcoal|Drought|Eruption,Overheat,Yawn,Protect|Sassy||F|||50|]Vileplume||BigRoot|Chlorophyll|LeechSeed,AfterYou,SleepPowder,GigaDrain|Timid||F|||50|]Dragalge||Dragalgite|PoisonTouch|Scald,SludgeBomb,DracoMeteor,Protect|Calm||M|||50|
|showteam|p2|Charizard||CharizarditeY|Blaze|HeatWave,WeatherBall,SolarBeam,Protect|Modest||F|||50|]Garchomp||LifeOrb|RoughSkin|Earthquake,StompingTantrum,DragonClaw,Protect|Jolly||M|||50|]Incineroar||SitrusBerry|Intimidate|FakeOut,FlareBlitz,ThroatChop,PartingShot|Careful||M|||50|]Sylveon||FairyFeather|Pixilate|HyperVoice,QuickAttack,Moonblast,Detect|Modest||F|||50|]Aerodactyl||FocusSash|Unnerve|RockSlide,Protect,Tailwind,WideGuard|Jolly||F|||50|]Farigiraf||ColburBerry|ArmorTail|TwinBeam,Thunderbolt,TrickRoom,HelpingHand|Relaxed||M|||50|
|inactive|Battle timer is ON: inactive players will automatically lose when time's up. (requested by iloveships)
|inactive|Bunny+X goaty has 60 seconds left.
|inactive|iloveships has 60 seconds left.
|inactive|iloveships has 30 seconds left.
|
|t:|1785335637
|teamsize|p1|4
|teamsize|p2|4
|start
|switch|p1a: Dragalge|Dragalge, L50, M|100/100
|switch|p1b: Slowking|Slowking, L50, F|100/100
|switch|p2a: Charizard|Charizard, L50, F, shiny|100/100
|switch|p2b: Incineroar|Incineroar, L50, M|100/100
|-ability|p2b: Incineroar|Intimidate|boost
|-unboost|p1a: Dragalge|atk|1
|-unboost|p1b: Slowking|atk|1
|turn|1
|
|t:|1785335659
|detailschange|p2a: Charizard|Charizard-Mega-Y, L50, F, shiny
|-mega|p2a: Charizard|Charizard|Charizardite Y
|-weather|SunnyDay|[from] ability: Drought|[of] p2a: Charizard
|detailschange|p1a: Dragalge|Dragalge-Mega, L50, M
|-mega|p1a: Dragalge|Dragalge|Dragalgite
|move|p2b: Incineroar|Fake Out|p1a: Dragalge
|-damage|p1a: Dragalge|88/100
|move|p2a: Charizard|Solar Beam||[still]
|-prepare|p2a: Charizard|Solar Beam
|-anim|p2a: Charizard|Solar Beam|p1b: Slowking
|-supereffective|p1b: Slowking|1
|-damage|p1b: Slowking|20/100y
|cant|p1a: Dragalge|flinch
|move|p1b: Slowking|Scald|p2a: Charizard
|-supereffective|p2a: Charizard|1
|-damage|p2a: Charizard|76/100
|
|-weather|SunnyDay|[upkeep]
|-heal|p1b: Slowking|26/100|[from] item: Leftovers
|upkeep
|turn|2
|inactive|iloveships has 30 seconds left.
|
|t:|1785335693
|-heal|p1b: Slowking|59/100|[from] ability: Regenerator|[silent]
|switch|p1b: Vileplume|Vileplume, L50, F|100/100
|move|p2a: Charizard|Weather Ball|p1a: Dragalge
|-resisted|p1a: Dragalge|1
|-damage|p1a: Dragalge|65/100
|move|p2b: Incineroar|Throat Chop|p1b: Vileplume
|-damage|p1b: Vileplume|61/100
|-start|p1b: Vileplume|Throat Chop|[silent]
|move|p1a: Dragalge|Sludge Bomb|p2a: Charizard
|-damage|p2a: Charizard|39/100
|-status|p2a: Charizard|psn
|
|-weather|SunnyDay|[upkeep]
|-damage|p2a: Charizard|27/100 psn|[from] psn
|upkeep
|turn|3
|
|t:|1785335715
|move|p1b: Vileplume|Sleep Powder|p2b: Incineroar
|-status|p2b: Incineroar|slp|[from] move: Sleep Powder
|move|p2a: Charizard|Heat Wave|p1b: Vileplume|[spread] p1a
|-miss|p2a: Charizard|p1b: Vileplume
|-resisted|p1a: Dragalge|1
|-damage|p1a: Dragalge|48/100
|cant|p2b: Incineroar|slp
|move|p1a: Dragalge|Sludge Bomb|p2b: Incineroar
|-damage|p2b: Incineroar|68/100 slp
|
|-weather|SunnyDay|[upkeep]
|-damage|p2a: Charizard|14/100 psn|[from] psn
|-end|p1b: Vileplume|Throat Chop|[silent]
|upkeep
|turn|4
|
|t:|1785335732
|-heal|p1a: Dragalge|81/100|[from] ability: Regenerator|[silent]
|switch|p1a: Slowking|Slowking, L50, F|59/100
|move|p1b: Vileplume|Leech Seed|p1a: Slowking
|-start|p1a: Slowking|move: Leech Seed
|move|p2a: Charizard|Heat Wave|p1b: Vileplume|[spread] p1a,p1b
|-resisted|p1a: Slowking|1
|-supereffective|p1b: Vileplume|1
|-damage|p1a: Slowking|33/100
|-damage|p1b: Vileplume|0 fnt
|faint|p1b: Vileplume
|cant|p2b: Incineroar|slp
|
|-weather|SunnyDay|[upkeep]
|-heal|p1a: Slowking|39/100|[from] item: Leftovers
|-damage|p2a: Charizard|2/100 psn|[from] psn
|upkeep
|
|t:|1785335735
|switch|p1b: Dragalge|Dragalge-Mega, L50, M|81/100
|turn|5
|
|t:|1785335751
|move|p1b: Dragalge|Protect|p1b: Dragalge
|-singleturn|p1b: Dragalge|Protect
|move|p2a: Charizard|Solar Beam||[still]
|-prepare|p2a: Charizard|Solar Beam
|-anim|p2a: Charizard|Solar Beam|p1a: Slowking
|-supereffective|p1a: Slowking|1
|-damage|p1a: Slowking|0 fnt
|faint|p1a: Slowking
|-curestatus|p2b: Incineroar|slp|[msg]
|move|p2b: Incineroar|Parting Shot|p1b: Dragalge
|-activate|p1b: Dragalge|move: Protect
|
|-weather|none
|-damage|p2a: Charizard|0 fnt|[from] psn
|faint|p2a: Charizard
|upkeep
|
|t:|1785335765
|switch|p2a: Farigiraf|Farigiraf, L50, M|100/100
|switch|p1a: Salazzle|Salazzle, L50, F|100/100
|turn|6
|
|t:|1785335780
|move|p1a: Salazzle|Sludge Bomb|p2a: Farigiraf
|-damage|p2a: Farigiraf|58/100
|move|p2b: Incineroar|Parting Shot|p1b: Dragalge
|-unboost|p1b: Dragalge|atk|1
|-unboost|p1b: Dragalge|spa|1
|
|t:|1785335786
|switch|p2b: Garchomp|Garchomp, L50, M|100/100|[from] Parting Shot
|move|p2a: Farigiraf|Twin Beam|p1a: Salazzle
|-supereffective|p1a: Salazzle|1
|-damage|p1a: Salazzle|48/100
|-supereffective|p1a: Salazzle|1
|-damage|p1a: Salazzle|0 fnt
|faint|p1a: Salazzle
|-hitcount|p1: Salazzle|2
|move|p1b: Dragalge|Sludge Bomb|p2a: Farigiraf
|-damage|p2a: Farigiraf|33/100
|
|upkeep
|turn|7
|
|t:|1785335802
|move|p2b: Garchomp|Stomping Tantrum|p1b: Dragalge
|-supereffective|p1b: Dragalge|1
|-damage|p1b: Dragalge|0 fnt
|faint|p1b: Dragalge
|-damage|p2b: Garchomp|90/100|[from] item: Life Orb
|
|win|iloveships
