|j|☆MushyMia727
|j|☆maya hoppins
|html|MushyMia727maya hoppins    
|uhtml|bestof|Game 2 of a best-of-3
|t:|1785785851
|gametype|doubles
|player|p1|MushyMia727|265|
|player|p2|maya hoppins|dahlia|
|gen|9
|tier|[Gen 9 Champions] VGC 2026 Reg M-B (Bo3)
|rule|Species Clause: Limit one of each Pokémon
|rule|Item Clause: Limit 1 of each item
|clearpoke
|poke|p1|Floette-Eternal, L50, F|
|poke|p1|Maushold-Four, L50|
|poke|p1|Garchomp, L50, M|
|poke|p1|Rotom-Heat, L50|
|poke|p1|Espathra, L50, F|
|poke|p1|Toxapex, L50, F|
|poke|p2|Kleavor, L50, M|
|poke|p2|Whimsicott, L50, M|
|poke|p2|Pyroar, L50, F|
|poke|p2|Krookodile, L50, F|
|poke|p2|Rotom-Fan, L50|
|poke|p2|Basculegion-F, L50, F|
|teampreview|4
|showteam|p1|Floette-Eternal||Floettite|FlowerVeil|Protect,Moonblast,DazzlingGleam,LightofRuin|Modest||F|||50|]Maushold-Four||ChopleBerry|FriendGuard|SuperFang,FollowMe,Protect,HelpingHand|Timid|||||50|]Garchomp||LifeOrb|RoughSkin|Protect,Earthquake,StompingTantrum,RockSlide|Jolly||M|||50|]Rotom-Heat||ChoiceScarf|Levitate|Thunderbolt,Overheat,Electroweb,VoltSwitch|Timid|||||50|]Espathra||Leftovers|SpeedBoost|Protect,BatonPass,CalmMind,StoredPower|Timid||F|||50|]Toxapex||SitrusBerry|Regenerator|BanefulBunker,WideGuard,Toxic,Infestation|Calm||F|||50|
|showteam|p2|Kleavor||LifeOrb|Sharpness|Protect,RockSlide,XScissor,StoneAxe|Adamant||M|||50|]Whimsicott||FairyFeather|Prankster|Moonblast,DazzlingGleam,Tailwind,Taunt|Timid||M|||50|]Pyroar||Pyroarite|Rivalry|Protect,HyperVoice,HeatWave,Overheat|Timid||F|||50|]Krookodile||FocusSash|Intimidate|Protect,HighHorsepower,KnockOff,Earthquake|Jolly||F|||50|]Rotom-Fan||SitrusBerry|Levitate|Protect,Thunderbolt,HelpingHand,AirSlash|Modest|||||50|]Basculegion-F||ChoiceScarf|Adaptability|WaveCrash,LastRespects,IcyWind,FlipTurn|Adamant||F|||50|
|
|t:|1785785876
|teamsize|p1|4
|teamsize|p2|4
|start
|switch|p1a: Toxapex|Toxapex, L50, F|100/100
|switch|p1b: Garchomp|Garchomp, L50, M|100/100
|switch|p2a: Kleavor|Kleavor, L50, M|100/100
|switch|p2b: Whimsicott|Whimsicott, L50, M|100/100
|turn|1
|
|t:|1785785909
|move|p2a: Kleavor|Protect|p2a: Kleavor
|-singleturn|p2a: Kleavor|Protect
|move|p1a: Toxapex|Baneful Bunker|p1a: Toxapex
|-singleturn|p1a: Toxapex|move: Protect
|move|p2b: Whimsicott|Moonblast|p1b: Garchomp
|-supereffective|p1b: Garchomp|1
|-damage|p1b: Garchomp|4/100
|move|p1b: Garchomp|Earthquake|p2b: Whimsicott|[spread] p2b
|-activate|p1a: Toxapex|move: Protect
|-activate|p2a: Kleavor|move: Protect
|-resisted|p2b: Whimsicott|1
|-damage|p2b: Whimsicott|63/100
|-damage|p1b: Garchomp|0 fnt|[from] item: Life Orb
|faint|p1b: Garchomp
|
|upkeep
|
|t:|1785785915
|switch|p1b: Espathra|Espathra, L50, F|100/100
|turn|2
|
|t:|1785785923
|move|p1b: Espathra|Protect|p1b: Espathra
|-singleturn|p1b: Espathra|Protect
|move|p2b: Whimsicott|Tailwind|p2b: Whimsicott
|-sidestart|p2: maya hoppins|move: Tailwind
|move|p2a: Kleavor|X-Scissor|p1b: Espathra
|-activate|p1b: Espathra|move: Protect
|move|p1a: Toxapex|Toxic|p2a: Kleavor
|-status|p2a: Kleavor|tox
|
|-damage|p2a: Kleavor|94/100 tox|[from] psn
|-ability|p1b: Espathra|Speed Boost|boost
|-boost|p1b: Espathra|spe|1
|upkeep
|turn|3
|
|t:|1785785944
|move|p1b: Espathra|Protect||[still]
|-fail|p1b: Espathra
|move|p1a: Toxapex|Baneful Bunker|p1a: Toxapex
|-singleturn|p1a: Toxapex|move: Protect
|move|p2b: Whimsicott|Taunt|p1a: Toxapex
|-activate|p1a: Toxapex|move: Protect
|move|p2a: Kleavor|X-Scissor|p1b: Espathra
|-supereffective|p1b: Espathra|1
|-damage|p1b: Espathra|0 fnt
|faint|p1b: Espathra
|-damage|p2a: Kleavor|84/100 tox|[from] item: Life Orb
|
|-damage|p2a: Kleavor|73/100 tox|[from] psn
|upkeep
|
|t:|1785785955
|switch|p1b: Floette|Floette-Eternal, L50, F|100/100
|turn|4
|
|t:|1785785959
|detailschange|p1b: Floette|Floette-Mega, L50, F
|-mega|p1b: Floette|Floette|Floettite
|-ability|p1b: Floette|Fairy Aura
|move|p2b: Whimsicott|Moonblast|p1b: Floette
|-damage|p1b: Floette|51/100
|move|p2a: Kleavor|Stone Axe|p1b: Floette|[miss]
|-miss|p2a: Kleavor|p1b: Floette
|move|p1b: Floette|Moonblast|p2a: Kleavor
|-damage|p2a: Kleavor|0 fnt
|faint|p2a: Kleavor
|move|p1a: Toxapex|Toxic|p2b: Whimsicott
|-status|p2b: Whimsicott|tox
|
|-damage|p2b: Whimsicott|58/100 tox|[from] psn
|upkeep
|
|t:|1785785964
|switch|p2a: Basculegion|Basculegion-F, L50, F|100/100
|turn|5
|
|t:|1785785981
|move|p1b: Floette|Protect|p1b: Floette
|-singleturn|p1b: Floette|Protect
|move|p2b: Whimsicott|Taunt|p1a: Toxapex
|-start|p1a: Toxapex|move: Taunt
|move|p2a: Basculegion|Last Respects|p1b: Floette
|-activate|p1b: Floette|move: Protect
|cant|p1a: Toxapex|move: Taunt|Toxic
|
|-damage|p2b: Whimsicott|46/100 tox|[from] psn
|-sideend|p2: maya hoppins|move: Tailwind
|upkeep
|turn|6
|
|t:|1785785993
|switch|p2b: Pyroar|Pyroar, L50, F|100/100
|move|p2a: Basculegion|Last Respects|p1b: Floette
|-damage|p1b: Floette|0 fnt
|faint|p1b: Floette
|move|p1a: Toxapex|Infestation|p2b: Pyroar
|-resisted|p2b: Pyroar|1
|-damage|p2b: Pyroar|98/100
|-activate|p2b: Pyroar|move: Infestation|[of] p1a: Toxapex
|
|-damage|p2b: Pyroar|85/100|[from] move: Infestation|[partiallytrapped]
|upkeep
|turn|7
|
|t:|1785786003
|detailschange|p2b: Pyroar|Pyroar-Mega, L50, F
|-mega|p2b: Pyroar|Pyroar|Pyroarite
|move|p2a: Basculegion|Last Respects|p1a: Toxapex
|-damage|p1a: Toxapex|56/100
|move|p2b: Pyroar|Overheat|p1a: Toxapex
|-resisted|p1a: Toxapex|1
|-damage|p1a: Toxapex|19/100
|-unboost|p2b: Pyroar|spa|2
|-enditem|p1a: Toxapex|Sitrus Berry|[eat]
|-heal|p1a: Toxapex|44/100|[from] item: Sitrus Berry
|move|p1a: Toxapex|Infestation|p2a: Basculegion
|-resisted|p2a: Basculegion|1
|-damage|p2a: Basculegion|98/100
|-activate|p2a: Basculegion|move: Infestation|[of] p1a: Toxapex
|
|-damage|p2a: Basculegion|86/100|[from] move: Infestation|[partiallytrapped]
|-damage|p2b: Pyroar|73/100|[from] move: Infestation|[partiallytrapped]
|-end|p1a: Toxapex|move: Taunt
|upkeep
|turn|8
|-message|MushyMia727 forfeited.
|
|win|maya hoppins
