|j|☆Lolome
|j|☆EXHOUL
|html|LolomeEXHOUL    
|uhtml|bestof|Game 1 of a best-of-3
|t:|1756726456
|gametype|doubles
|player|p1|Lolome|266|1396
|player|p2|EXHOUL|shadowtriad|1504
|gen|9
|tier|[Gen 9] VGC 2025 Reg H (Bo3)
|rated|
|rule|Species Clause: Limit one of each Pokémon
|rule|Item Clause: Limit 1 of each item
|clearpoke
|poke|p1|Volcarona, L50, M|
|poke|p1|Rillaboom, L50, M|
|poke|p1|Ninetales-Alola, L50, M|
|poke|p1|Sneasler, L50, F|
|poke|p1|Kingambit, L50, M|
|poke|p1|Dragonite, L50, M|
|poke|p2|Torkoal, L50, M|
|poke|p2|Lilligant-Hisui, L50, F|
|poke|p2|Armarouge, L50, F|
|poke|p2|Indeedee-F, L50, F|
|poke|p2|Incineroar, L50, M|
|poke|p2|Ursaluna, L50, M|
|teampreview|4
|showteam|p1|Volcarona||GrassySeed|FlameBody|HeatWave,TeraBlast,QuiverDance,Protect|||M|||50|,,,,,Fairy]Rillaboom||AssaultVest|GrassySurge|GrassyGlide,WoodHammer,FakeOut,HighHorsepower|||M|||50|,,,,,Fire]Ninetales-Alola||LightClay|SnowWarning|Blizzard,Encore,AuroraVeil,Protect|||M|||50|,,,,,Ghost]Sneasler||WhiteHerb|Unburden|CloseCombat,DireClaw,Coaching,Protect|||F|||50|,,,,,Ghost]Kingambit||SafetyGoggles|Defiant|KowtowCleave,SuckerPunch,SwordsDance,Protect|||M|||50|,,,,,Dark]Dragonite||LoadedDice|Multiscale|ScaleShot,StompingTantrum,Haze,Protect|||M|||50|,,,,,Ground
|showteam|p2|Torkoal||Charcoal|Drought|Eruption,Flamethrower,ClearSmog,Protect|||M|||50|,,,,,Fire]Lilligant-Hisui||FocusSash|Chlorophyll|SleepPowder,CloseCombat,Encore,AfterYou|||F|||50|,,,,,Ghost]Armarouge||LifeOrb|FlashFire|ExpandingForce,ArmorCannon,WideGuard,TrickRoom|||F|||50|,,,,,Grass]Indeedee-F||RockyHelmet|PsychicSurge|FollowMe,HelpingHand,DazzlingGleam,TrickRoom|||F|||50|,,,,,Steel]Incineroar||SafetyGoggles|Intimidate|FakeOut,PartingShot,KnockOff,FlareBlitz|||M|||50|,,,,,Ghost]Ursaluna||FlameOrb|Guts|Facade,HeadlongRush,Earthquake,Protect|||M|||50|,,,,,Ghost
|inactive|Battle timer is ON: inactive players will automatically lose when time's up. (requested by EXHOUL)
|inactive|Lolome has 60 seconds left.
|
|t:|1756726513
|teamsize|p1|4
|teamsize|p2|4
|start
|switch|p1a: Volcarona|Volcarona, L50, M|100/100
|switch|p1b: Dragonite|Dragonite, L50, M|100/100
|switch|p2a: Indeedee|Indeedee-F, L50, F|100/100
|switch|p2b: Ursaluna|Ursaluna, L50, M|100/100
|-fieldstart|move: Psychic Terrain|[from] ability: Psychic Surge|[of] p2a: Indeedee
|turn|1
|
|t:|1756726535
|switch|p1b: Rillaboom|Rillaboom, L50, M|100/100
|-fieldstart|move: Grassy Terrain|[from] ability: Grassy Surge|[of] p1b: Rillaboom
|-enditem|p1a: Volcarona|Grassy Seed
|-boost|p1a: Volcarona|def|1|[from] item: Grassy Seed
|move|p1a: Volcarona|Quiver Dance|p1a: Volcarona
|-boost|p1a: Volcarona|spa|1
|-boost|p1a: Volcarona|spd|1
|-boost|p1a: Volcarona|spe|1
|move|p2b: Ursaluna|Facade|p1b: Rillaboom
|-damage|p1b: Rillaboom|60/100
|move|p2a: Indeedee|Trick Room|p2a: Indeedee
|-fieldstart|move: Trick Room|[of] p2a: Indeedee
|
|-heal|p1b: Rillaboom|66/100|[from] Grassy Terrain
|-status|p2b: Ursaluna|brn|[from] item: Flame Orb
|upkeep
|turn|2
|inactive|Lolome has 30 seconds left.
|
|t:|1756726562
|switch|p2a: Armarouge|Armarouge, L50, F|100/100
|switch|p1b: Kingambit|Kingambit, L50, M|100/100
|-terastallize|p2b: Ursaluna|Ghost
|move|p2b: Ursaluna|Facade|p1a: Volcarona
|-damage|p1a: Volcarona|16/100
|move|p1a: Volcarona|Heat Wave|p2b: Ursaluna|[spread] p2b
|-start|p2a: Armarouge|ability: Flash Fire
|-damage|p2b: Ursaluna|49/100 brn
|
|-heal|p2b: Ursaluna|55/100 brn|[from] Grassy Terrain
|-heal|p1a: Volcarona|22/100|[from] Grassy Terrain
|-damage|p2b: Ursaluna|49/100 brn|[from] brn
|upkeep
|turn|3
|inactive|Lolome has 30 seconds left.
|
|t:|1756726588
|move|p1b: Kingambit|Protect|p1b: Kingambit
|-singleturn|p1b: Kingambit|Protect
|move|p1a: Volcarona|Protect|p1a: Volcarona
|-singleturn|p1a: Volcarona|Protect
|move|p2b: Ursaluna|Facade|p1a: Volcarona
|-activate|p1a: Volcarona|move: Protect
|move|p2a: Armarouge|Armor Cannon|p1b: Kingambit
|-activate|p1b: Kingambit|move: Protect
|
|-heal|p2b: Ursaluna|55/100 brn|[from] Grassy Terrain
|-heal|p1a: Volcarona|29/100|[from] Grassy Terrain
|-damage|p2b: Ursaluna|49/100 brn|[from] brn
|upkeep
|turn|4
|inactive|Lolome has 30 seconds left.
|
|t:|1756726619
|switch|p1a: Rillaboom|Rillaboom, L50, M|66/100
|-terastallize|p1b: Kingambit|Dark
|move|p1b: Kingambit|Sucker Punch|p2b: Ursaluna
|-supereffective|p2b: Ursaluna
|-damage|p2b: Ursaluna|0 fnt
|faint|p2b: Ursaluna
|move|p2a: Armarouge|Armor Cannon|p1b: Kingambit
|-damage|p1b: Kingambit|0 fnt
|-unboost|p2a: Armarouge|def|1
|-unboost|p2a: Armarouge|spd|1
|faint|p1b: Kingambit
|-damage|p2a: Armarouge|91/100|[from] item: Life Orb
|
|-heal|p2a: Armarouge|97/100|[from] Grassy Terrain
|-heal|p1a: Rillaboom|73/100|[from] Grassy Terrain
|upkeep
|
|t:|1756726636
|switch|p2b: Torkoal|Torkoal, L50, M|100/100
|switch|p1b: Volcarona|Volcarona, L50, M|29/100
|-weather|SunnyDay|[from] ability: Drought|[of] p2b: Torkoal
|turn|5
|
|t:|1756726646
|switch|p2b: Indeedee|Indeedee-F, L50, F|100/100
|-fieldstart|move: Psychic Terrain|[from] ability: Psychic Surge|[of] p2b: Indeedee
|move|p1a: Rillaboom|Fake Out|p2b: Indeedee
|-activate|p2b: Indeedee|move: Psychic Terrain
|move|p2a: Armarouge|Expanding Force|p1a: Rillaboom|[spread] p1a,p1b
|-damage|p1a: Rillaboom|16/100
|-damage|p1b: Volcarona|0 fnt
|faint|p1b: Volcarona
|-damage|p2a: Armarouge|87/100|[from] item: Life Orb
|
|-weather|SunnyDay|[upkeep]
|-fieldend|move: Trick Room
|upkeep
|
|t:|1756726648
|switch|p1b: Dragonite|Dragonite, L50, M|100/100
|turn|6
|
|t:|1756726658
|move|p2b: Indeedee|Follow Me|p2b: Indeedee
|-singleturn|p2b: Indeedee|move: Follow Me
|move|p1b: Dragonite|Scale Shot|p2b: Indeedee
|-damage|p2b: Indeedee|87/100
|-damage|p2b: Indeedee|72/100
|-damage|p2b: Indeedee|56/100
|-damage|p2b: Indeedee|42/100
|-hitcount|p2b: Indeedee|4
|-unboost|p1b: Dragonite|def|1
|-boost|p1b: Dragonite|spe|1
|move|p1a: Rillaboom|High Horsepower|p2b: Indeedee
|-damage|p2b: Indeedee|7/100
|-damage|p1a: Rillaboom|0 fnt|[from] item: Rocky Helmet|[of] p2b: Indeedee
|faint|p1a: Rillaboom
|move|p2a: Armarouge|Trick Room|p2a: Armarouge
|-fieldstart|move: Trick Room|[of] p2a: Armarouge
|
|-weather|SunnyDay|[upkeep]
|upkeep
|turn|7
|
|t:|1756726673
|move|p1b: Dragonite|Protect|p1b: Dragonite
|-singleturn|p1b: Dragonite|Protect
|move|p2b: Indeedee|Follow Me|p2b: Indeedee
|-singleturn|p2b: Indeedee|move: Follow Me
|move|p2a: Armarouge|Expanding Force|p1b: Dragonite
|-activate|p1b: Dragonite|move: Protect
|
|-weather|SunnyDay|[upkeep]
|upkeep
|turn|8
|
|t:|1756726679
|move|p2b: Indeedee|Follow Me|p2b: Indeedee
|-singleturn|p2b: Indeedee|move: Follow Me
|move|p2a: Armarouge|Expanding Force|p1b: Dragonite
|-damage|p1b: Dragonite|44/100
|-damage|p2a: Armarouge|78/100|[from] item: Life Orb
|move|p1b: Dragonite|Scale Shot|p2b: Indeedee
|-damage|p2b: Indeedee|0 fnt
|faint|p2b: Indeedee
|-hitcount|p2: Indeedee|1
|-unboost|p1b: Dragonite|def|1
|-boost|p1b: Dragonite|spe|1
|
|-weather|SunnyDay|[upkeep]
|upkeep
|
|t:|1756726680
|switch|p2b: Torkoal|Torkoal, L50, M|100/100
|turn|9
|
|t:|1756726685
|move|p1b: Dragonite|Protect|p1b: Dragonite
|-singleturn|p1b: Dragonite|Protect
|move|p2b: Torkoal|Eruption|p1b: Dragonite
|-activate|p1b: Dragonite|move: Protect
|move|p2a: Armarouge|Armor Cannon|p1b: Dragonite
|-activate|p1b: Dragonite|move: Protect
|
|-weather|none
|-fieldend|move: Psychic Terrain
|upkeep
|turn|10
|
|t:|1756726689
|move|p1b: Dragonite|Protect||[still]
|-fail|p1b: Dragonite
|move|p2b: Torkoal|Eruption|p1b: Dragonite
|-resisted|p1b: Dragonite
|-damage|p1b: Dragonite|2/100
|move|p2a: Armarouge|Armor Cannon|p1b: Dragonite
|-resisted|p1b: Dragonite
|-damage|p1b: Dragonite|0 fnt
|-unboost|p2a: Armarouge|def|1
|-unboost|p2a: Armarouge|spd|1
|faint|p1b: Dragonite
|-damage|p2a: Armarouge|69/100|[from] item: Life Orb
|
|win|EXHOUL
||EXHOUL is ready for game 2.
||Lolome is ready for game 2.
|uhtml|next|Next: Game 2 of 3
