|j|☆chrispygreens
|j|☆Ramalon
|html|chrispygreensRamalon    
|uhtml|bestof|Game 1 of a best-of-3
|t:|1757020578
|gametype|doubles
|player|p1|chrispygreens|palmer|1054
|player|p2|Ramalon|ingo|1092
|gen|9
|tier|[Gen 9] VGC 2025 Reg H (Bo3)
|rated|
|rule|Species Clause: Limit one of each Pokémon
|rule|Item Clause: Limit 1 of each item
|clearpoke
|poke|p1|Incineroar, L50, F|
|poke|p1|Amoonguss, L50, F|
|poke|p1|Archaludon, L50, F|
|poke|p1|Blaziken, L50, M|
|poke|p1|Salamence, L50, F|
|poke|p1|Grimmsnarl, L50, M|
|poke|p2|Pelipper, L50, F|
|poke|p2|Archaludon, L50, F|
|poke|p2|Amoonguss, L50, F|
|poke|p2|Gholdengo, L50|
|poke|p2|Basculegion, L50, M|
|poke|p2|Incineroar, L50, M|
|teampreview|4
|showteam|p1|Incineroar||SafetyGoggles|Intimidate|FlareBlitz,FakeOut,KnockOff,PartingShot|||F|||50|,,,,,Bug]Amoonguss||SitrusBerry|Regenerator|Spore,SludgeBomb,RagePowder,Toxic|||F|||50|,,,,,Dark]Archaludon||PowerHerb|Stamina|ElectroShot,DragonPulse,BodyPress,FlashCannon|||F|||50|,,,,,Fighting]Blaziken||LifeOrb|SpeedBoost|FlareBlitz,BraveBird,CloseCombat,Protect|||M|||50|,,,,,Flying]Salamence||EjectButton|Intimidate|IronHead,DualWingbeat,Outrage,Tailwind|||F|||50|,,,,,Steel]Grimmsnarl||LightClay|Prankster|LightScreen,Reflect,SpiritBreak,PartingShot|||M|||50|,,,,,Fairy
|showteam|p2|Pelipper||FocusSash|Drizzle|Protect,Hurricane,WeatherBall,Tailwind|||F|||50|,,,,,Stellar]Archaludon||AssaultVest|Stamina|ElectroShot,BodyPress,Snarl,DragonPulse|||F|||50|,,,,,Bug]Amoonguss||RockyHelmet|Regenerator|Spore,RagePowder,PollenPuff,Protect|||F|||50|,,,,,Water]Gholdengo||LifeOrb|GoodasGold|MakeItRain,ShadowBall,NastyPlot,Protect||||||50|,,,,,Water]Basculegion||ChoiceScarf|Adaptability|WaveCrash,AquaJet,LastRespects,FlipTurn|||M|||50|,,,,,Water]Incineroar||SafetyGoggles|Intimidate|KnockOff,FlareBlitz,PartingShot,FakeOut|||M|||50|,,,,,Ghost
|inactive|Battle timer is ON: inactive players will automatically lose when time's up. (requested by chrispygreens)
|
|t:|1757020614
|teamsize|p1|4
|teamsize|p2|4
|start
|switch|p1a: Blaziken|Blaziken, L50, M|100/100
|switch|p1b: Salamence|Salamence, L50, F|100/100
|switch|p2a: Pelipper|Pelipper, L50, F|100/100
|switch|p2b: Basculegion|Basculegion, L50, M|100/100
|-ability|p1b: Salamence|Intimidate|boost
|-unboost|p2a: Pelipper|atk|1
|-unboost|p2b: Basculegion|atk|1
|-weather|RainDance|[from] ability: Drizzle|[of] p2a: Pelipper
|turn|1
|
|t:|1757020639
|move|p1a: Blaziken|Protect|p1a: Blaziken
|-singleturn|p1a: Blaziken|Protect
|move|p2b: Basculegion|Flip Turn|p1a: Blaziken
|-activate|p1a: Blaziken|move: Protect
|move|p1b: Salamence|Tailwind|p1b: Salamence
|-sidestart|p1: chrispygreens|move: Tailwind
|move|p2a: Pelipper|Tailwind|p2a: Pelipper
|-sidestart|p2: Ramalon|move: Tailwind
|
|-weather|RainDance|[upkeep]
|-ability|p1a: Blaziken|Speed Boost|boost
|-boost|p1a: Blaziken|spe|1
|upkeep
|turn|2
|
|t:|1757020658
|switch|p1a: Amoonguss|Amoonguss, L50, F|100/100
|move|p2b: Basculegion|Flip Turn|p1a: Amoonguss
|-resisted|p1a: Amoonguss
|-damage|p1a: Amoonguss|79/100
|
|t:|1757020674
|switch|p2b: Amoonguss|Amoonguss, L50, F|100/100|[from] Flip Turn
|move|p1b: Salamence|Dual Wingbeat|p2a: Pelipper
|-damage|p2a: Pelipper|79/100
|-damage|p2a: Pelipper|56/100
|-hitcount|p2a: Pelipper|2
|move|p2a: Pelipper|Weather Ball|p1a: Amoonguss
|-resisted|p1a: Amoonguss
|-damage|p1a: Amoonguss|63/100
|
|-weather|RainDance|[upkeep]
|upkeep
|turn|3
|inactive|Ramalon has 30 seconds left.
|
|t:|1757020703
|switch|p2b: Basculegion|Basculegion, L50, M|100/100
|move|p1b: Salamence|Dual Wingbeat|p2b: Basculegion
|-damage|p2b: Basculegion|73/100
|-damage|p2b: Basculegion|44/100
|-hitcount|p2b: Basculegion|2
|move|p2a: Pelipper|Hurricane|p1a: Amoonguss
|-supereffective|p1a: Amoonguss
|-damage|p1a: Amoonguss|13/100
|-enditem|p1a: Amoonguss|Sitrus Berry|[eat]
|-heal|p1a: Amoonguss|38/100|[from] item: Sitrus Berry
|move|p1a: Amoonguss|Toxic|p2a: Pelipper
|-status|p2a: Pelipper|tox
|
|-weather|RainDance|[upkeep]
|-damage|p2a: Pelipper|50/100 tox|[from] psn
|upkeep
|turn|4
|
|t:|1757020727
|switch|p2a: Amoonguss|Amoonguss, L50, F|100/100
|-terastallize|p2b: Basculegion|Water
|move|p2b: Basculegion|Flip Turn|p1a: Amoonguss
|-resisted|p1a: Amoonguss
|-damage|p1a: Amoonguss|0 fnt
|faint|p1a: Amoonguss
|
|t:|1757020737
|switch|p2b: Pelipper|Pelipper, L50, F|50/100 tox|[from] Flip Turn
|move|p1b: Salamence|Dual Wingbeat|p2b: Pelipper
|-damage|p2b: Pelipper|27/100 tox
|-damage|p2b: Pelipper|3/100 tox
|-hitcount|p2b: Pelipper|2
|
|-weather|RainDance|[upkeep]
|-damage|p2b: Pelipper|0 fnt|[from] psn
|faint|p2b: Pelipper
|-sideend|p2: Ramalon|move: Tailwind
|-sideend|p1: chrispygreens|move: Tailwind
|upkeep
|
|t:|1757020751
|switch|p2b: Gholdengo|Gholdengo, L50|100/100
|switch|p1a: Incineroar|Incineroar, L50, F|100/100
|-ability|p1a: Incineroar|Intimidate|boost
|-unboost|p2a: Amoonguss|atk|1
|-unboost|p2b: Gholdengo|atk|1
|turn|5
|
|t:|1757020774
|move|p1a: Incineroar|Fake Out|p2a: Amoonguss
|-damage|p2a: Amoonguss|90/100
|-damage|p1a: Incineroar|84/100|[from] item: Rocky Helmet|[of] p2a: Amoonguss
|cant|p2a: Amoonguss|flinch
|move|p1b: Salamence|Tailwind|p1b: Salamence
|-sidestart|p1: chrispygreens|move: Tailwind
|move|p2b: Gholdengo|Nasty Plot|p2b: Gholdengo
|-boost|p2b: Gholdengo|spa|2
|
|-weather|none
|upkeep
|turn|6
|
|t:|1757020793
|-terastallize|p1b: Salamence|Steel
|move|p2a: Amoonguss|Rage Powder|p2a: Amoonguss
|-singleturn|p2a: Amoonguss|move: Rage Powder
|move|p1b: Salamence|Dual Wingbeat|p2a: Amoonguss
|-supereffective|p2a: Amoonguss
|-damage|p2a: Amoonguss|57/100
|-damage|p1b: Salamence|84/100|[from] item: Rocky Helmet|[of] p2a: Amoonguss
|-supereffective|p2a: Amoonguss
|-damage|p2a: Amoonguss|23/100
|-damage|p1b: Salamence|68/100|[from] item: Rocky Helmet|[of] p2a: Amoonguss
|-hitcount|p2a: Amoonguss|2
|move|p1a: Incineroar|Flare Blitz|p2b: Gholdengo
|-supereffective|p2b: Gholdengo
|-damage|p2b: Gholdengo|0 fnt
|faint|p2b: Gholdengo
|-damage|p1a: Incineroar|57/100|[from] Recoil
|
|upkeep
|
|t:|1757020808
|switch|p2b: Basculegion|Basculegion, L50, M, tera:Water|44/100
|turn|7
|
|t:|1757020821
|move|p1b: Salamence|Dual Wingbeat|p2b: Basculegion
|-damage|p2b: Basculegion|15/100
|-damage|p2b: Basculegion|0 fnt
|faint|p2b: Basculegion
|-hitcount|p2: Basculegion|2
|move|p1a: Incineroar|Knock Off|p2a: Amoonguss
|-damage|p2a: Amoonguss|0 fnt
|-damage|p1a: Incineroar|41/100|[from] item: Rocky Helmet|[of] p2a: Amoonguss
|-enditem|p2a: Amoonguss|Rocky Helmet|[from] move: Knock Off|[of] p1a: Incineroar
|faint|p2a: Amoonguss
|
|win|chrispygreens
||Ramalon is ready for game 2.
|inactive|chrispygreens has 30 seconds to confirm battle start!
