|j|☆whatshaniniiiii
|j|☆fou jedi jedi
|html|whatshaniniiiiifou jedi jedi    
|uhtml|bestof|Game 1 of a best-of-3
|t:|1756501919
|gametype|doubles
|player|p1|whatshaniniiiii|101|1051
|player|p2|fou jedi jedi|266|1101
|gen|9
|tier|[Gen 9] VGC 2025 Reg H (Bo3)
|rated|
|rule|Species Clause: Limit one of each Pokémon
|rule|Item Clause: Limit 1 of each item
|clearpoke
|poke|p1|Tyranitar, L50, F|
|poke|p1|Sneasler, L50, F|
|poke|p1|Talonflame, L50, M|
|poke|p1|Indeedee, L50, M|
|poke|p1|Amoonguss, L50, F|
|poke|p1|Garchomp, L50, F|
|poke|p2|Dragapult, L50, M|
|poke|p2|Whimsicott, L50, F|
|poke|p2|Rillaboom, L50, M|
|poke|p2|Volcarona, L50, F|
|poke|p2|Ursaluna-Bloodmoon, L50, M|
|poke|p2|Incineroar, L50, M|
|teampreview|4
|showteam|p1|Tyranitar||ChoiceScarf|SandStream|RockSlide,KnockOff,LowKick,HighHorsepower|||F|||50|,,,,,Flying]Sneasler||PsychicSeed|Unburden|CloseCombat,DireClaw,ThroatChop,Protect|||F|||50|,,,,,Dark]Talonflame||SafetyGoggles|GaleWings|BraveBird,Taunt,WillOWisp,Tailwind|||M|||50|,,,,,Flying]Indeedee||FocusSash|PsychicSurge|TrickRoom,ExpandingForce,Imprison,TeraBlast|||M|||50|,,,,,Fighting]Amoonguss||RockyHelmet|Regenerator|Spore,RagePowder,ClearSmog,Protect|||F|||50|,,,,,Water]Garchomp||LifeOrb|SandVeil|Earthquake,RockSlide,DragonClaw,Protect|||F|||50|,,,,,Dragon
|showteam|p2|Dragapult||ChoiceBand|ClearBody|DragonDarts,TeraBlast,PhantomForce,Uturn|||M|||50|,,,,,Dark]Whimsicott||CovertCloak|Prankster|Moonblast,Encore,Protect,Tailwind|||F|||50|,,,,,Fairy]Rillaboom||AssaultVest|GrassySurge|FakeOut,WoodHammer,Uturn,StompingTantrum|||M|||50|,,,,,Ground]Volcarona||GrassySeed|FlameBody|FieryDance,QuiverDance,Protect,GigaDrain|||F|||50|,,,,,Grass]Ursaluna-Bloodmoon||LifeOrb|MindsEye|BloodMoon,EarthPower,HyperVoice,Protect|||M|||50|,,,,,Normal]Incineroar||SafetyGoggles|Intimidate|Protect,FlareBlitz,PartingShot,FakeOut|||M|||50|,,,,,Bug
|inactive|Battle timer is ON: inactive players will automatically lose when time's up. (requested by fou jedi jedi)
|inactive|whatshaniniiiii has 60 seconds left.
|inactive|fou jedi jedi has 60 seconds left.
|
|t:|1756501971
|teamsize|p1|4
|teamsize|p2|4
|start
|switch|p1a: Sneasler|Sneasler, L50, F|100/100
|switch|p1b: Talonflame|Talonflame, L50, M|100/100
|switch|p2a: Whimsicott|Whimsicott, L50, F|100/100
|switch|p2b: Dragapult|Dragapult, L50, M|100/100
|turn|1
|inactive|fou jedi jedi has 30 seconds left.
|inactive|fou jedi jedi has 20 seconds left.
|
|t:|1756502006
|move|p1a: Sneasler|Protect|p1a: Sneasler
|-singleturn|p1a: Sneasler|Protect
|move|p1b: Talonflame|Tailwind|p1b: Talonflame
|-sidestart|p1: whatshaniniiiii|move: Tailwind
|move|p2a: Whimsicott|Tailwind|p2a: Whimsicott
|-sidestart|p2: fou jedi jedi|move: Tailwind
|move|p2b: Dragapult|U-turn|p1a: Sneasler
|-activate|p1a: Sneasler|move: Protect
|
|upkeep
|turn|2
|
|t:|1756502027
|switch|p1b: Indeedee|Indeedee, L50, M|100/100
|-fieldstart|move: Psychic Terrain|[from] ability: Psychic Surge|[of] p1b: Indeedee
|-enditem|p1a: Sneasler|Psychic Seed
|-boost|p1a: Sneasler|spd|1|[from] item: Psychic Seed
|-terastallize|p1a: Sneasler|Dark
|move|p1a: Sneasler|Throat Chop|p2b: Dragapult
|-supereffective|p2b: Dragapult
|-damage|p2b: Dragapult|0 fnt
|faint|p2b: Dragapult
|move|p2a: Whimsicott|Moonblast|p1a: Sneasler
|-supereffective|p1a: Sneasler
|-damage|p1a: Sneasler|38/100
|
|upkeep
|
|t:|1756502041
|switch|p2b: Rillaboom|Rillaboom, L50, M|100/100
|-fieldstart|move: Grassy Terrain|[from] ability: Grassy Surge|[of] p2b: Rillaboom
|turn|3
|
|t:|1756502060
|switch|p1b: Talonflame|Talonflame, L50, M|100/100
|move|p1a: Sneasler|Protect|p1a: Sneasler
|-singleturn|p1a: Sneasler|Protect
|move|p2a: Whimsicott|Moonblast|p1a: Sneasler
|-activate|p1a: Sneasler|move: Protect
|move|p2b: Rillaboom|U-turn|p1b: Talonflame
|-resisted|p1b: Talonflame
|-damage|p1b: Talonflame|92/100
|
|t:|1756502071
|switch|p2b: Incineroar|Incineroar, L50, M|100/100|[from] U-turn
|-ability|p2b: Incineroar|Intimidate|boost
|-unboost|p1a: Sneasler|atk|1
|-unboost|p1b: Talonflame|atk|1
|
|-heal|p1a: Sneasler|43/100|[from] Grassy Terrain
|upkeep
|turn|4
|
|t:|1756502087
|switch|p1a: Tyranitar|Tyranitar, L50, F|100/100
|-weather|Sandstorm|[from] ability: Sand Stream|[of] p1a: Tyranitar
|move|p2a: Whimsicott|Protect|p2a: Whimsicott
|-singleturn|p2a: Whimsicott|Protect
|move|p2b: Incineroar|Protect|p2b: Incineroar
|-singleturn|p2b: Incineroar|Protect
|move|p1b: Talonflame|Taunt|p2a: Whimsicott
|-activate|p2a: Whimsicott|move: Protect
|
|-weather|Sandstorm|[upkeep]
|-damage|p2a: Whimsicott|95/100|[from] Sandstorm
|-heal|p2a: Whimsicott|100/100|[from] Grassy Terrain
|-sideend|p1: whatshaniniiiii|move: Tailwind
|-sideend|p2: fou jedi jedi|move: Tailwind
|upkeep
|turn|5
|
|t:|1756502111
|move|p2a: Whimsicott|Tailwind|p2a: Whimsicott
|-sidestart|p2: fou jedi jedi|move: Tailwind
|move|p1b: Talonflame|Tailwind|p1b: Talonflame
|-sidestart|p1: whatshaniniiiii|move: Tailwind
|move|p1a: Tyranitar|Rock Slide|p2a: Whimsicott|[spread] p2a
|-miss|p1a: Tyranitar|p2b: Incineroar
|-damage|p2a: Whimsicott|52/100
|move|p2b: Incineroar|Parting Shot|p1a: Tyranitar
|-unboost|p1a: Tyranitar|atk|1
|-unboost|p1a: Tyranitar|spa|1
|
|t:|1756502123
|switch|p2b: Rillaboom|Rillaboom, L50, M|100/100|[from] Parting Shot
|
|-weather|Sandstorm|[upkeep]
|-damage|p2a: Whimsicott|46/100|[from] Sandstorm
|-damage|p2b: Rillaboom|95/100|[from] Sandstorm
|-heal|p2a: Whimsicott|52/100|[from] Grassy Terrain
|-heal|p2b: Rillaboom|100/100|[from] Grassy Terrain
|upkeep
|turn|6
|inactive|whatshaniniiiii has 30 seconds left.
|
|t:|1756502148
|switch|p1a: Indeedee|Indeedee, L50, M|100/100
|-fieldstart|move: Psychic Terrain|[from] ability: Psychic Surge|[of] p1a: Indeedee
|-terastallize|p2b: Rillaboom|Ground
|move|p2a: Whimsicott|Encore|p1b: Talonflame
|-start|p1b: Talonflame|Encore
|move|p1b: Talonflame|Tailwind||[still]
|-fail|p1b: Talonflame
|move|p2b: Rillaboom|Stomping Tantrum|p1a: Indeedee
|-damage|p1a: Indeedee|29/100
|
|-weather|Sandstorm|[upkeep]
|-damage|p2a: Whimsicott|46/100|[from] Sandstorm
|-damage|p1a: Indeedee|23/100|[from] Sandstorm
|upkeep
|turn|7
|inactive|whatshaniniiiii has 30 seconds left.
|inactive|fou jedi jedi has 30 seconds left.
|
|t:|1756502179
|switch|p1b: Tyranitar|Tyranitar, L50, F|100/100
|move|p2a: Whimsicott|Moonblast|p1b: Tyranitar
|-supereffective|p1b: Tyranitar
|-damage|p1b: Tyranitar|55/100
|move|p1a: Indeedee|Expanding Force|p2b: Rillaboom|[spread] p2a,p2b
|-damage|p2a: Whimsicott|0 fnt
|-damage|p2b: Rillaboom|56/100
|faint|p2a: Whimsicott
|move|p2b: Rillaboom|Wood Hammer|p1a: Indeedee
|-damage|p1a: Indeedee|0 fnt
|faint|p1a: Indeedee
|-damage|p2b: Rillaboom|50/100|[from] Recoil
|
|-weather|Sandstorm|[upkeep]
|upkeep
|inactive|whatshaniniiiii has 30 seconds left.
|
|t:|1756502204
|switch|p2a: Incineroar|Incineroar, L50, M|100/100
|switch|p1a: Talonflame|Talonflame, L50, M|92/100
|-ability|p2a: Incineroar|Intimidate|boost
|-unboost|p1a: Talonflame|atk|1
|-unboost|p1b: Tyranitar|atk|1
|turn|8
|
|t:|1756502226
|move|p1a: Talonflame|Will-O-Wisp|p2b: Rillaboom|[miss]
|-miss|p1a: Talonflame|p2b: Rillaboom
|move|p1b: Tyranitar|Knock Off|p2b: Rillaboom
|-damage|p2b: Rillaboom|15/100
|-enditem|p2b: Rillaboom|Assault Vest|[from] move: Knock Off|[of] p1b: Tyranitar
|move|p2b: Rillaboom|Stomping Tantrum|p1b: Tyranitar
|-supereffective|p1b: Tyranitar
|-damage|p1b: Tyranitar|0 fnt
|faint|p1b: Tyranitar
|move|p2a: Incineroar|Flare Blitz|p1a: Talonflame
|-resisted|p1a: Talonflame
|-damage|p1a: Talonflame|58/100
|-damage|p2a: Incineroar|92/100|[from] Recoil
|
|-weather|none
|-sideend|p1: whatshaniniiiii|move: Tailwind
|-sideend|p2: fou jedi jedi|move: Tailwind
|upkeep
|
|t:|1756502237
|switch|p1b: Sneasler|Sneasler, L50, F, tera:Dark|43/100
|turn|9
|
|t:|1756502257
|move|p1a: Talonflame|Brave Bird|p2b: Rillaboom
|-damage|p2b: Rillaboom|0 fnt
|faint|p2b: Rillaboom
|-damage|p1a: Talonflame|52/100|[from] Recoil
|move|p1b: Sneasler|Close Combat|p2a: Incineroar
|-supereffective|p2a: Incineroar
|-damage|p2a: Incineroar|0 fnt
|-unboost|p1b: Sneasler|def|1
|-unboost|p1b: Sneasler|spd|1
|faint|p2a: Incineroar
|
|win|whatshaniniiiii
|inactive|whatshaniniiiii has 30 seconds to confirm battle start!
|inactive|fou jedi jedi has 30 seconds to confirm battle start!
||whatshaniniiiii is ready for game 2.
||fou jedi jedi is ready for game 2.
|uhtml|next|Next: Game 2 of 3
