|j|☆Ratat0po
|j|☆grandsabersharkrai
|html|Ratat0pograndsabersharkrai    
|uhtml|bestof|Game 1 of a best-of-3
|t:|1783361731
|gametype|doubles
|player|p1|Ratat0po|schoolkid-gen4|1075
|player|p2|grandsabersharkrai|101|1000
|gen|9
|tier|[Gen 9 Champions] VGC 2026 Reg M-B (Bo3)
|rated|
|rule|Species Clause: Limit one of each Pokémon
|rule|Item Clause: Limit 1 of each item
|clearpoke
|poke|p1|Gardevoir, L50, M, shiny|
|poke|p1|Kingambit, L50, F, shiny|
|poke|p1|Torkoal, L50, F|
|poke|p1|Hatterene, L50, F, shiny|
|poke|p1|Scrafty, L50, M, shiny|
|poke|p1|Garchomp, L50, F|
|poke|p2|Floette-Eternal, L50, F|
|poke|p2|Charizard, L50, F, shiny|
|poke|p2|Basculegion, L50, M|
|poke|p2|Kingambit, L50, F, shiny|
|poke|p2|Whimsicott, L50, M, shiny|
|poke|p2|Garchomp, L50, F|
|teampreview|4
|showteam|p1|Gardevoir||FocusSash|Telepathy|ExpandingForce,HelpingHand,Protect,TrickRoom|Sassy||M|||50|]Kingambit||BlackGlasses|Defiant|KowtowCleave,SuckerPunch,IronHead,Protect|Brave||F|||50|]Torkoal||Charcoal|Drought|Eruption,HeatWave,BodyPress,Protect|Quiet||F|||50|]Hatterene||BabiriBerry|MagicBounce|ExpandingForce,Protect,PsychicTerrain,DazzlingGleam|Quiet||F|||50|]Scrafty||Scraftinite|Intimidate|HighJumpKick,FakeOut,Protect,KnockOff|Brave||M|||50|]Garchomp||ChoiceScarf|RoughSkin|RockSlide,Earthquake,Outrage,PoisonJab|Jolly||F|||50|
|showteam|p2|Floette-Eternal||Floettite|FlowerVeil|Protect,DazzlingGleam,Moonblast,LightofRuin|Modest||F|||50|]Charizard||CharizarditeY|Blaze|Protect,HeatWave,WeatherBall,SolarBeam|Modest||F|||50|]Basculegion||ChoiceScarf|Adaptability|FlipTurn,WaveCrash,LastRespects,AquaJet|Jolly||M|||50|]Kingambit||OccaBerry|Defiant|Protect,KowtowCleave,IronHead,SuckerPunch|Adamant||F|||50|]Whimsicott||FocusSash|Prankster|Protect,Moonblast,Encore,Tailwind|Timid||M|||50|]Garchomp||HabanBerry|RoughSkin|Protect,Earthquake,DragonClaw,RockSlide|Jolly||F|||50|
|inactive|Battle timer is ON: inactive players will automatically lose when time's up. (requested by Ratat0po)
|inactive|Ratat0po has 60 seconds left.
|inactive|grandsabersharkrai has 60 seconds left.
|inactive|grandsabersharkrai has 30 seconds left.
|inactive|grandsabersharkrai has 20 seconds left.
|inactive|grandsabersharkrai has 15 seconds left.
|inactive|grandsabersharkrai has 10 seconds left.
|
|t:|1783361815
|teamsize|p1|4
|teamsize|p2|4
|start
|switch|p1a: Gardevoir|Gardevoir, L50, M, shiny|100/100
|switch|p1b: Garchomp|Garchomp, L50, F|100/100
|switch|p2a: Floette|Floette-Eternal, L50, F|100/100
|switch|p2b: Kingambit|Kingambit, L50, F, shiny|100/100
|turn|1
|inactive|grandsabersharkrai has 30 seconds left.
|inactive|grandsabersharkrai has 20 seconds left.
|inactive|Ratat0po has 30 seconds left.
|inactive|grandsabersharkrai has 15 seconds left.
|
|t:|1783361860
|detailschange|p2a: Floette|Floette-Mega, L50, F
|-mega|p2a: Floette|Floette|Floettite
|-ability|p2a: Floette|Fairy Aura
|move|p1a: Gardevoir|Helping Hand|p1b: Garchomp
|-singleturn|p1b: Garchomp|Helping Hand|[of] p1a: Gardevoir
|move|p1b: Garchomp|Poison Jab|p2a: Floette
|-supereffective|p2a: Floette|1
|-damage|p2a: Floette|0 fnt
|faint|p2a: Floette
|move|p2b: Kingambit|Iron Head|p1a: Gardevoir
|-supereffective|p1a: Gardevoir|1
|-enditem|p1a: Gardevoir|Focus Sash
|-damage|p1a: Gardevoir|1/100
|
|upkeep
|
|t:|1783361875
|switch|p2a: Garchomp|Garchomp, L50, F|100/100
|turn|2
|inactive|grandsabersharkrai has 30 seconds left.
|
|t:|1783361906
|switch|p1b: Torkoal|Torkoal, L50, F|100/100
|-weather|SunnyDay|[from] ability: Drought|[of] p1b: Torkoal
|move|p1a: Gardevoir|Protect|p1a: Gardevoir
|-singleturn|p1a: Gardevoir|Protect
|move|p2a: Garchomp|Rock Slide|p1a: Gardevoir|[spread] p1b
|-activate|p1a: Gardevoir|move: Protect
|-supereffective|p1b: Torkoal|1
|-damage|p1b: Torkoal|72/100
|move|p2b: Kingambit|Kowtow Cleave|p1b: Torkoal
|-damage|p1b: Torkoal|33/100
|
|-weather|SunnyDay|[upkeep]
|upkeep
|turn|3
|inactive|grandsabersharkrai has 30 seconds left.
|inactive|grandsabersharkrai has 20 seconds left.
|
|t:|1783361942
|move|p2b: Kingambit|Protect|p2b: Kingambit
|-singleturn|p2b: Kingambit|Protect
|move|p2a: Garchomp|Earthquake|p1b: Torkoal|[spread] p1a,p1b
|-activate|p2b: Kingambit|move: Protect
|-supereffective|p1b: Torkoal|1
|-damage|p1a: Gardevoir|0 fnt
|-damage|p1b: Torkoal|0 fnt
|faint|p1a: Gardevoir
|faint|p1b: Torkoal
|
|-weather|SunnyDay|[upkeep]
|upkeep
|
|t:|1783361951
|switch|p1a: Kingambit|Kingambit, L50, F, shiny|100/100
|switch|p1b: Garchomp|Garchomp, L50, F|100/100
|turn|4
|
|t:|1783361973
|move|p1a: Kingambit|Protect|p1a: Kingambit
|-singleturn|p1a: Kingambit|Protect
|move|p1b: Garchomp|Earthquake|p2b: Kingambit|[spread] p2a,p2b
|-activate|p1a: Kingambit|move: Protect
|-supereffective|p2b: Kingambit|1
|-damage|p2a: Garchomp|58/100
|-damage|p2b: Kingambit|37/100
|move|p2a: Garchomp|Dragon Claw|p1b: Garchomp
|-supereffective|p1b: Garchomp|1
|-damage|p1b: Garchomp|13/100
|-damage|p2a: Garchomp|46/100|[from] ability: Rough Skin|[of] p1b: Garchomp
|move|p2b: Kingambit|Kowtow Cleave|p1b: Garchomp
|-damage|p1b: Garchomp|0 fnt
|-damage|p2b: Kingambit|25/100|[from] ability: Rough Skin|[of] p1b: Garchomp
|faint|p1b: Garchomp
|
|-weather|SunnyDay|[upkeep]
|upkeep
|turn|5
|
|t:|1783361994
|move|p2b: Kingambit|Protect|p2b: Kingambit
|-singleturn|p2b: Kingambit|Protect
|move|p2a: Garchomp|Earthquake|p1a: Kingambit|[spread] p1a
|-activate|p2b: Kingambit|move: Protect
|-supereffective|p1a: Kingambit|1
|-damage|p1a: Kingambit|43/100
|move|p1a: Kingambit|Kowtow Cleave|p2b: Kingambit
|-activate|p2b: Kingambit|move: Protect
|
|-weather|SunnyDay|[upkeep]
|upkeep
|turn|6
|
|t:|1783362010
|switch|p2b: Charizard|Charizard, L50, F, shiny|100/100
|move|p1a: Kingambit|Sucker Punch|p2a: Garchomp
|-damage|p2a: Garchomp|0 fnt
|-damage|p1a: Kingambit|31/100|[from] ability: Rough Skin|[of] p2a: Garchomp
|faint|p2a: Garchomp
|
|-weather|none
|upkeep
|
|t:|1783362018
|switch|p2a: Kingambit|Kingambit, L50, F, shiny|25/100
|turn|7
|
|t:|1783362022
|move|p2b: Charizard|Heat Wave|p1a: Kingambit
|-supereffective|p1a: Kingambit|1
|-damage|p1a: Kingambit|0 fnt
|faint|p1a: Kingambit
|
|win|grandsabersharkrai
|l|☆Ratat0po
|player|p1|
|inactive|Ratat0po has 30 seconds to confirm battle start!
|inactive|grandsabersharkrai has 30 seconds to confirm battle start!
||Ratat0po is ready for game 2.
||grandsabersharkrai is ready for game 2.
|uhtml|next|Next: Game 2 of 3
