|j|☆Pantsuit
|j|☆MoonEnthusiast
|html|PantsuitMoonEnthusiast    
|uhtml|bestof|Game 2 of a best-of-3
|t:|1757709516
|gametype|doubles
|player|p1|Pantsuit|169|1337
|player|p2|MoonEnthusiast|parasollady|1250
|gen|9
|tier|[Gen 9] VGC 2025 Reg H (Bo3)
|rated|
|rule|Species Clause: Limit one of each Pokémon
|rule|Item Clause: Limit 1 of each item
|clearpoke
|poke|p1|Gholdengo, L50|
|poke|p1|Annihilape, L50, M|
|poke|p1|Volcarona, L50, F|
|poke|p1|Dragonite, L50, F|
|poke|p1|Ninetales-Alola, L50, F|
|poke|p1|Ursaluna-Bloodmoon, L50, M|
|poke|p2|Primarina, L50, F|
|poke|p2|Gothitelle, L50, F|
|poke|p2|Amoonguss, L50, M|
|poke|p2|Incineroar, L50, M|
|poke|p2|Ursaluna-Bloodmoon, L50, M|
|poke|p2|Volcarona, L50, F|
|teampreview|4
|showteam|p1|Gholdengo||LifeOrb|GoodasGold|NastyPlot,MakeItRain,ShadowBall,Protect||||||50|,,,,,Water]Annihilape||SafetyGoggles|Defiant|DrainPunch,RageFist,BulkUp,Protect|||M|||50|,,,,,Fire]Volcarona||SitrusBerry|FlameBody|StruggleBug,Overheat,RagePowder,Tailwind|||F|||50|,,,,,Steel]Dragonite||LoadedDice|Multiscale|ScaleShot,Haze,Tailwind,Protect|||F|||50|,,,,,Steel]Ninetales-Alola||FocusSash|SnowWarning|Blizzard,IcyWind,IcicleSpear,AuroraVeil|||F|||50|,,,,,Ghost]Ursaluna-Bloodmoon||AssaultVest|MindsEye|BloodMoon,HyperVoice,EarthPower,VacuumWave|||M|||50|,,,,,Water
|showteam|p2|Primarina||SitrusBerry|LiquidVoice|Protect,HyperVoice,Moonblast,PerishSong|||F|||50|,,,,,Steel]Gothitelle||MentalHerb|ShadowTag|Protect,Psychic,TrickRoom,FakeOut|||F|||50|,,,,,Water]Amoonguss||RockyHelmet|Regenerator|Protect,PollenPuff,RagePowder,Spore|||M|||50|,,,,,Psychic]Incineroar||SafetyGoggles|Intimidate|Protect,KnockOff,PartingShot,FakeOut|||M|||50|,,,,,Ghost]Ursaluna-Bloodmoon||LifeOrb|MindsEye|Protect,HyperVoice,BloodMoon,EarthPower|||M|||50|,,,,,Normal]Volcarona||CovertCloak|FlameBody|Protect,Flamethrower,BugBuzz,QuiverDance|||F|||50|,,,,,Fairy
|inactive|Battle timer is ON: inactive players will automatically lose when time's up. (requested by MoonEnthusiast)
|
|t:|1757709545
|teamsize|p1|4
|teamsize|p2|4
|start
|switch|p1a: Ninetales|Ninetales-Alola, L50, F|100/100
|switch|p1b: Annihilape|Annihilape, L50, M|100/100
|switch|p2a: Gothitelle|Gothitelle, L50, F|100/100
|switch|p2b: Ursaluna|Ursaluna-Bloodmoon, L50, M|100/100
|-weather|Snowscape|[from] ability: Snow Warning|[of] p1a: Ninetales
|turn|1
|
|t:|1757709569
|-terastallize|p2b: Ursaluna|Normal
|move|p1a: Ninetales|Aurora Veil|p1a: Ninetales
|-sidestart|p1: Pantsuit|move: Aurora Veil
|move|p1b: Annihilape|Drain Punch|p2b: Ursaluna
|-supereffective|p2b: Ursaluna
|-damage|p2b: Ursaluna|57/100
|move|p2b: Ursaluna|Hyper Voice|p1b: Annihilape|[spread] p1a,p1b
|-damage|p1a: Ninetales|49/100
|-damage|p1b: Annihilape|57/100
|-damage|p2b: Ursaluna|47/100|[from] item: Life Orb
|move|p2a: Gothitelle|Trick Room|p2a: Gothitelle
|-fieldstart|move: Trick Room|[of] p2a: Gothitelle
|
|-weather|Snowscape|[upkeep]
|upkeep
|turn|2
|
|t:|1757709590
|move|p2b: Ursaluna|Hyper Voice|p1a: Ninetales|[spread] p1a,p1b
|-damage|p1a: Ninetales|0 fnt
|-damage|p1b: Annihilape|16/100
|faint|p1a: Ninetales
|-damage|p2b: Ursaluna|37/100|[from] item: Life Orb
|move|p2a: Gothitelle|Psychic|p1b: Annihilape
|-supereffective|p1b: Annihilape
|-damage|p1b: Annihilape|0 fnt
|faint|p1b: Annihilape
|
|-weather|Snowscape|[upkeep]
|upkeep
|
|t:|1757709594
|switch|p1b: Ursaluna|Ursaluna-Bloodmoon, L50, M|100/100
|switch|p1a: Volcarona|Volcarona, L50, F|100/100
|turn|3
|
|t:|1757709604
|switch|p2a: Primarina|Primarina, L50, F|100/100
|move|p2b: Ursaluna|Protect|p2b: Ursaluna
|-singleturn|p2b: Ursaluna|Protect
|move|p1b: Ursaluna|Hyper Voice|p2a: Primarina|[spread] p2a
|-activate|p2b: Ursaluna|move: Protect
|-damage|p2a: Primarina|72/100
|move|p1a: Volcarona|Struggle Bug|p2b: Ursaluna|[spread] p2a
|-activate|p2b: Ursaluna|move: Protect
|-resisted|p2a: Primarina
|-damage|p2a: Primarina|65/100
|-unboost|p2a: Primarina|spa|1
|
|-weather|Snowscape|[upkeep]
|upkeep
|turn|4
|
|t:|1757709624
|switch|p2b: Incineroar|Incineroar, L50, M|100/100
|-ability|p2b: Incineroar|Intimidate|boost
|-unboost|p1a: Volcarona|atk|1
|-unboost|p1b: Ursaluna|atk|1
|move|p2a: Primarina|Protect|p2a: Primarina
|-singleturn|p2a: Primarina|Protect
|move|p1b: Ursaluna|Blood Moon|p2a: Primarina
|-activate|p2a: Primarina|move: Protect
|move|p1a: Volcarona|Struggle Bug|p2b: Incineroar|[spread] p2b
|-activate|p2a: Primarina|move: Protect
|-damage|p2b: Incineroar|87/100
|-unboost|p2b: Incineroar|spa|1
|
|-weather|Snowscape|[upkeep]
|upkeep
|turn|5
|
|t:|1757709637
|move|p2b: Incineroar|Fake Out|p1b: Ursaluna
|-damage|p1b: Ursaluna|95/100
|move|p2a: Primarina|Perish Song|p2a: Primarina
|-start|p1a: Volcarona|perish3|[silent]
|-start|p1b: Ursaluna|perish3|[silent]
|-start|p2a: Primarina|perish3|[silent]
|-start|p2b: Incineroar|perish3|[silent]
|-fieldactivate|move: Perish Song
|cant|p1b: Ursaluna|flinch
|move|p1a: Volcarona|Struggle Bug|p2b: Incineroar|[spread] p2a,p2b
|-resisted|p2a: Primarina
|-damage|p2a: Primarina|58/100
|-damage|p2b: Incineroar|72/100
|-unboost|p2a: Primarina|spa|1
|-unboost|p2b: Incineroar|spa|1
|
|-weather|none
|-start|p2b: Incineroar|perish3
|-start|p2a: Primarina|perish3
|-start|p1b: Ursaluna|perish3
|-start|p1a: Volcarona|perish3
|-sideend|p1: Pantsuit|move: Aurora Veil
|-fieldend|move: Trick Room
|upkeep
|turn|6
|-message|Pantsuit forfeited.
|
|win|MoonEnthusiast
||Pantsuit is ready for game 3.
||MoonEnthusiast is ready for game 3.
|uhtml|next|Next: Game 3 of 3
|l|☆Pantsuit
|player|p1|
|l|☆MoonEnthusiast
|player|p2|
