|j|☆sandy ghost 5
|j|☆uglybeast
|html|sandy ghost 5uglybeast    
|uhtml|bestof|Game 2 of a best-of-3
|t:|1756931594
|gametype|doubles
|player|p1|sandy ghost 5|baker|1289
|player|p2|uglybeast|lucas|1301
|gen|9
|tier|[Gen 9] VGC 2025 Reg H (Bo3)
|rated|
|rule|Species Clause: Limit one of each Pokémon
|rule|Item Clause: Limit 1 of each item
|clearpoke
|poke|p1|Tyranitar, L50, M|
|poke|p1|Excadrill, L50, M|
|poke|p1|Sinistcha-Masterpiece, L50|
|poke|p1|Salamence, L50, F|
|poke|p1|Blaziken, L50, F|
|poke|p1|Bruxish, L50, M|
|poke|p2|Murkrow, L50, F|
|poke|p2|Ursaluna-Bloodmoon, L50, M|
|poke|p2|Sneasler, L50, M|
|poke|p2|Dragapult, L50, F|
|poke|p2|Armarouge, L50, M|
|poke|p2|Indeedee-F, L50, F|
|teampreview|4
|showteam|p1|Tyranitar||ClearAmulet|SandStream|RockSlide,KnockOff,DragonDance,Protect|||M|||50|,,,,,Grass]Excadrill||AssaultVest|SandRush|Earthquake,IronHead,HighHorsepower,RockSlide|||M|||50|,,,,,Ghost]Sinistcha-Masterpiece||SitrusBerry|Hospitality|ShadowBall,MatchaGotcha,RagePowder,Protect||||||50|,,,,,Dark]Salamence||LifeOrb|Intimidate|DracoMeteor,AirSlash,Protect,Tailwind|||F|||50|,,,,,Ghost]Blaziken||CovertCloak|SpeedBoost|AuraSphere,HeatWave,Coaching,WillOWisp|||F|||50|,,,,,Dragon]Bruxish||ChoiceScarf|Dazzling|PsychicFangs,FlipTurn,WaveCrash,SuperFang|||M|||50|,,,,,Water
|showteam|p2|Murkrow||Eviolite|Prankster|Haze,SunnyDay,Tailwind,BraveBird|||F|||50|,,,,,Ghost]Ursaluna-Bloodmoon||LifeOrb|MindsEye|BloodMoon,HyperVoice,Protect,EarthPower|||M|||50|,,,,,Normal]Sneasler||PsychicSeed|Unburden|ThroatChop,DireClaw,CloseCombat,Protect|||M|||50|,,,,,Dark]Dragapult||ChoiceBand|ClearBody|DragonDarts,Outrage,Uturn,PhantomForce|||F|||50|,,,,,Dragon]Armarouge||PowerHerb|FlashFire|HeatWave,MeteorBeam,ExpandingForce,Protect|||M|||50|,,,,,Grass]Indeedee-F||RockyHelmet|PsychicSurge|DazzlingGleam,FollowMe,HelpingHand,TrickRoom|||F|||50|,,,,,Grass
|
|t:|1756931657
|teamsize|p1|4
|teamsize|p2|4
|start
|switch|p1a: Excadrill|Excadrill, L50, M|100/100
|switch|p1b: Tyranitar|Tyranitar, L50, M|100/100
|switch|p2a: Giandam|Armarouge, L50, M|100/100
|switch|p2b: Blade|Indeedee-F, L50, F|100/100
|-weather|Sandstorm|[from] ability: Sand Stream|[of] p1b: Tyranitar
|-fieldstart|move: Psychic Terrain|[from] ability: Psychic Surge|[of] p2b: Blade
|turn|1
|
|t:|1756931677
|-terastallize|p2a: Giandam|Grass
|move|p2b: Blade|Follow Me|p2b: Blade
|-singleturn|p2b: Blade|move: Follow Me
|move|p1a: Excadrill|High Horsepower|p2b: Blade|[miss]
|-miss|p1a: Excadrill|p2b: Blade
|move|p2a: Giandam|Meteor Beam||[still]
|-prepare|p2a: Giandam|Meteor Beam
|-boost|p2a: Giandam|spa|1
|-enditem|p2a: Giandam|Power Herb
|-anim|p2a: Giandam|Meteor Beam|p1a: Excadrill
|-resisted|p1a: Excadrill
|-damage|p1a: Excadrill|88/100
|move|p1b: Tyranitar|Dragon Dance|p1b: Tyranitar
|-boost|p1b: Tyranitar|atk|1
|-boost|p1b: Tyranitar|spe|1
|
|-weather|Sandstorm|[upkeep]
|-damage|p2a: Giandam|94/100|[from] Sandstorm
|-damage|p2b: Blade|94/100|[from] Sandstorm
|upkeep
|turn|2
|
|t:|1756931704
|move|p2a: Giandam|Protect|p2a: Giandam
|-singleturn|p2a: Giandam|Protect
|move|p1a: Excadrill|Iron Head|p2a: Giandam
|-activate|p2a: Giandam|move: Protect
|move|p1b: Tyranitar|Knock Off|p2b: Blade
|-supereffective|p2b: Blade
|-damage|p2b: Blade|0 fnt
|-damage|p1b: Tyranitar|84/100|[from] item: Rocky Helmet|[of] p2b: Blade
|-enditem|p2b: Blade|Rocky Helmet|[from] move: Knock Off|[of] p1b: Tyranitar
|faint|p2b: Blade
|
|-weather|Sandstorm|[upkeep]
|-damage|p2a: Giandam|88/100|[from] Sandstorm
|upkeep
|
|t:|1756931718
|switch|p2b: Anagnoman|Sneasler, L50, M|100/100
|-enditem|p2b: Anagnoman|Psychic Seed
|-boost|p2b: Anagnoman|spd|1|[from] item: Psychic Seed
|turn|3
|
|t:|1756931732
|-terastallize|p1a: Excadrill|Ghost
|move|p2b: Anagnoman|Close Combat|p1b: Tyranitar
|-supereffective|p1b: Tyranitar
|-damage|p1b: Tyranitar|0 fnt
|-unboost|p2b: Anagnoman|def|1
|-unboost|p2b: Anagnoman|spd|1
|faint|p1b: Tyranitar
|move|p1a: Excadrill|High Horsepower|p2b: Anagnoman
|-supereffective|p2b: Anagnoman
|-damage|p2b: Anagnoman|0 fnt
|faint|p2b: Anagnoman
|move|p2a: Giandam|Heat Wave|p1a: Excadrill
|-damage|p1a: Excadrill|25/100
|
|-weather|Sandstorm|[upkeep]
|-damage|p2a: Giandam|82/100|[from] Sandstorm
|upkeep
|
|t:|1756931744
|switch|p2b: Laz|Dragapult, L50, F|100/100
|switch|p1b: Salamence|Salamence, L50, F|100/100
|-ability|p1b: Salamence|Intimidate|boost
|-unboost|p2a: Giandam|atk|1
|-fail|p2b: Laz|unboost|[from] ability: Clear Body|[of] p2b: Laz
|turn|4
|inactive|Battle timer is ON: inactive players will automatically lose when time's up. (requested by sandy ghost 5)
|
|t:|1756931800
|move|p1b: Salamence|Protect|p1b: Salamence
|-singleturn|p1b: Salamence|Protect
|move|p2a: Giandam|Protect|p2a: Giandam
|-singleturn|p2a: Giandam|Protect
|move|p1a: Excadrill|Iron Head|p2b: Laz
|-damage|p2b: Laz|32/100
|move|p2b: Laz|Dragon Darts|p1a: Excadrill
|-damage|p1a: Excadrill|0 fnt
|faint|p1a: Excadrill
|
|-weather|Sandstorm|[upkeep]
|-damage|p2b: Laz|26/100|[from] Sandstorm
|-damage|p1b: Salamence|95/100|[from] Sandstorm
|-damage|p2a: Giandam|76/100|[from] Sandstorm
|upkeep
|
|t:|1756931809
|switch|p1a: Bruxish|Bruxish, L50, M|100/100
|turn|5
|
|t:|1756931827
|move|p1a: Bruxish|Psychic Fangs|p2b: Laz
|-damage|p2b: Laz|0 fnt
|faint|p2b: Laz
|move|p1b: Salamence|Air Slash|p2a: Giandam
|-supereffective|p2a: Giandam
|-damage|p2a: Giandam|0 fnt
|faint|p2a: Giandam
|-damage|p1b: Salamence|85/100|[from] item: Life Orb
|
|win|sandy ghost 5
||sandy ghost 5 is ready for game 3.
||uglybeast is ready for game 3.
|uhtml|next|Next: Game 3 of 3
|l|☆uglybeast
|player|p2|
