|j|☆BlackStag52
|j|☆stoicone
|html|BlackStag52stoicone    
|uhtml|bestof|Game 2 of a best-of-3
|t:|1782350799
|gametype|doubles
|player|p1|BlackStag52|lorelei-gen3|1134
|player|p2|stoicone|265|1045
|gen|9
|tier|[Gen 9 Champions] VGC 2026 Reg M-B (Bo3)
|rated|
|rule|Species Clause: Limit one of each Pokémon
|rule|Item Clause: Limit 1 of each item
|clearpoke
|poke|p1|Garchomp, L50, M|
|poke|p1|Eelektross, L50, M|
|poke|p1|Primarina, L50, M|
|poke|p1|Vivillon-High Plains, L50, M|
|poke|p1|Sneasler, L50, F|
|poke|p1|Clefable, L50, F|
|poke|p2|Farigiraf, L50, F|
|poke|p2|Pyroar, L50, F|
|poke|p2|Ninetales, L50, F|
|poke|p2|Floette-Eternal, L50, F|
|poke|p2|Whimsicott, L50, M|
|poke|p2|Basculegion, L50, M|
|teampreview|4
|showteam|p1|Garchomp||LifeOrb|RoughSkin|DragonClaw,Earthquake,Protect,RockSlide|Impish||M|||50|]Eelektross||Eelektrossite|Levitate|GrassKnot,Thunderbolt,Protect,Flamethrower|Modest||M|||50|]Primarina||FairyFeather|LiquidVoice|DazzlingGleam,EnergyBall,HyperVoice,Protect|Modest||M|||50|]Vivillon-High Plains||FocusSash|FriendGuard|Tailwind,AirSlash,PollenPuff,Protect|Timid||M|||50|]Sneasler||WhiteHerb|Unburden|FakeOut,CloseCombat,DireClaw,Protect|Adamant||F|||50|]Clefable||Leftovers|Unaware|HelpingHand,DrainingKiss,Protect,LifeDew|Modest||F|||50|
|showteam|p2|Farigiraf||SitrusBerry|ArmorTail|TrickRoom,TwinBeam,Thunderbolt,HelpingHand|Quiet||F|||50|]Pyroar||Pyroarite|Rivalry|HeatWave,Overheat,SolarBeam,Protect|Modest||F|||50|]Ninetales||ChoiceScarf|Drought|Overheat,HeatWave,FakeTears,SolarBeam|Modest||F|||50|]Floette-Eternal||Floettite|FlowerVeil|LightofRuin,DazzlingGleam,Moonblast,Protect|Modest||F|||50|]Whimsicott||FocusSash|Prankster|SunnyDay,Moonblast,Tailwind,Protect|Modest||M|||50|]Basculegion||LifeOrb|Adaptability|WaveCrash,LastRespects,AquaJet,Protect|Jolly||M|||50|
|inactive|Battle timer is ON: inactive players will automatically lose when time's up. (requested by stoicone)
|
|t:|1782350827
|teamsize|p1|4
|teamsize|p2|4
|start
|switch|p1a: Garchomp|Garchomp, L50, M|100/100
|switch|p1b: Sneasler|Sneasler, L50, F|100/100
|switch|p2a: Farigiraf|Farigiraf, L50, F|100/100
|switch|p2b: Whimsicott|Whimsicott, L50, M|100/100
|turn|1
|
|t:|1782350847
|move|p1a: Garchomp|Protect|p1a: Garchomp
|-singleturn|p1a: Garchomp|Protect
|move|p1b: Sneasler|Dire Claw|p2b: Whimsicott
|-supereffective|p2b: Whimsicott|2
|-enditem|p2b: Whimsicott|Focus Sash
|-damage|p2b: Whimsicott|1/100
|-status|p2b: Whimsicott|par
|move|p2a: Farigiraf|Twin Beam|p1b: Sneasler
|-supereffective|p1b: Sneasler|2
|-damage|p1b: Sneasler|0 fnt
|faint|p1b: Sneasler
|-hitcount|p1: Sneasler|1
|move|p2b: Whimsicott|Moonblast|p1a: Garchomp
|-activate|p1a: Garchomp|move: Protect
|
|upkeep
|
|t:|1782350867
|switch|p1b: Clefable|Clefable, L50, F|100/100
|turn|2
|
|t:|1782350886
|move|p1b: Clefable|Helping Hand|p1a: Garchomp
|-singleturn|p1a: Garchomp|Helping Hand|[of] p1b: Clefable
|move|p2b: Whimsicott|Tailwind|p2b: Whimsicott
|-sidestart|p2: stoicone|move: Tailwind
|move|p1a: Garchomp|Earthquake|p2b: Whimsicott|[spread] p1b,p2a,p2b
|-resisted|p2b: Whimsicott|1
|-damage|p1b: Clefable|46/100
|-damage|p2a: Farigiraf|33/100
|-damage|p2b: Whimsicott|0 fnt
|-enditem|p2a: Farigiraf|Sitrus Berry|[eat]
|-heal|p2a: Farigiraf|57/100|[from] item: Sitrus Berry
|faint|p2b: Whimsicott
|-damage|p1a: Garchomp|90/100|[from] item: Life Orb
|move|p2a: Farigiraf|Twin Beam|p1a: Garchomp
|-damage|p1a: Garchomp|69/100
|-damage|p1a: Garchomp|48/100
|-hitcount|p1a: Garchomp|2
|
|-heal|p1b: Clefable|52/100|[from] item: Leftovers
|upkeep
|
|t:|1782350905
|switch|p2b: Floette|Floette-Eternal, L50, F|100/100
|turn|3
|
|t:|1782350913
|detailschange|p2b: Floette|Floette-Mega, L50, F
|-mega|p2b: Floette|Floette|Floettite
|-ability|p2b: Floette|Fairy Aura
|move|p2a: Farigiraf|Helping Hand|p2b: Floette
|-singleturn|p2b: Floette|Helping Hand|[of] p2a: Farigiraf
|move|p1a: Garchomp|Protect|p1a: Garchomp
|-singleturn|p1a: Garchomp|Protect
|move|p2b: Floette|Dazzling Gleam|p1a: Garchomp|[spread] p1b
|-activate|p1a: Garchomp|move: Protect
|-damage|p1b: Clefable|0 fnt
|faint|p1b: Clefable
|
|upkeep
|
|t:|1782350927
|switch|p1b: Eelektross|Eelektross, L50, M|100/100
|turn|4
|
|t:|1782350936
|detailschange|p1b: Eelektross|Eelektross-Mega, L50, M
|-mega|p1b: Eelektross|Eelektross|Eelektrossite
|move|p2a: Farigiraf|Helping Hand|p2b: Floette
|-singleturn|p2b: Floette|Helping Hand|[of] p2a: Farigiraf
|move|p1a: Garchomp|Protect|p1a: Garchomp
|-singleturn|p1a: Garchomp|Protect
|move|p2b: Floette|Dazzling Gleam|p1b: Eelektross|[spread] p1b
|-activate|p1a: Garchomp|move: Protect
|-damage|p1b: Eelektross|26/100
|move|p1b: Eelektross|Thunderbolt|p2b: Floette
|-damage|p2b: Floette|57/100
|
|upkeep
|turn|5
|
|t:|1782350953
|move|p2a: Farigiraf|Helping Hand|p2b: Floette
|-singleturn|p2b: Floette|Helping Hand|[of] p2a: Farigiraf
|move|p1a: Garchomp|Protect||[still]
|-fail|p1a: Garchomp
|move|p1b: Eelektross|Protect|p1b: Eelektross
|-singleturn|p1b: Eelektross|Protect
|move|p2b: Floette|Dazzling Gleam|p1a: Garchomp|[spread] p1a
|-activate|p1b: Eelektross|move: Protect
|-supereffective|p1a: Garchomp|1
|-crit|p1a: Garchomp
|-damage|p1a: Garchomp|0 fnt
|faint|p1a: Garchomp
|
|-sideend|p2: stoicone|move: Tailwind
|upkeep
|turn|6
|
|t:|1782350974
|move|p2b: Floette|Moonblast|p1b: Eelektross
|-damage|p1b: Eelektross|0 fnt
|faint|p1b: Eelektross
|
|win|stoicone
|raw|BlackStag52's rating: 1134 → 1103(-31 for losing)
|raw|stoicone's rating: 1045 → 1087(+42 for winning)
