|j|☆houseofpros
|j|☆gloong
|html|houseofprosgloong    
|uhtml|bestof|Game 3 of a best-of-3
|t:|1756972071
|gametype|doubles
|player|p1|houseofpros|lucas-gen4pt|1128
|player|p2|gloong|bugcatcher-gen4dp|1079
|gen|9
|tier|[Gen 9] VGC 2025 Reg H (Bo3)
|rated|
|rule|Species Clause: Limit one of each Pokémon
|rule|Item Clause: Limit 1 of each item
|clearpoke
|poke|p1|Amoonguss, L50, M|
|poke|p1|Goodra-Hisui, L50, M|
|poke|p1|Politoed, L50, M|
|poke|p1|Ludicolo, L50, F|
|poke|p1|Scizor, L50, M|
|poke|p1|Tauros-Paldea-Aqua, L50, M|
|poke|p2|Gholdengo, L50|
|poke|p2|Sneasler, L50, M|
|poke|p2|Rillaboom, L50, F|
|poke|p2|Dragonite, L50, M|
|poke|p2|Ninetales-Alola, L50, F|
|poke|p2|Arcanine-Hisui, L50, F|
|teampreview|4
|showteam|p1|Amoonguss||RockyHelmet|Regenerator|Spore,RagePowder,PollenPuff,LeafStorm|||M|||50|,,,,,Bug]Goodra-Hisui||AssaultVest|SapSipper|HydroPump,DracoMeteor,HeavySlam,DragonPulse|||M|||50|,,,,,Stellar]Politoed||SitrusBerry|Drizzle|Protect,WeatherBall,HelpingHand,PerishSong|||M|||50|,,,,,Grass]Ludicolo||MysticWater|SwiftSwim|FakeOut,HydroPump,EnergyBall,Protect|||F|||50|,,,,,Stellar]Scizor||ClearAmulet|Technician|KnockOff,BulletPunch,BugBite,Protect|||M|||50|,,,,,Stellar]Tauros-Paldea-Aqua||SafetyGoggles|Intimidate|AquaJet,CloseCombat,WaveCrash,Protect|||M|||50|,,,,,Fighting
|showteam|p2|Gholdengo||GrassySeed|GoodasGold|NastyPlot,MakeItRain,ShadowBall,Protect||||||50|,,,,,Water]Sneasler||WhiteHerb|Unburden|CloseCombat,DireClaw,Coaching,Protect|||M|||50|,,,,,Ghost]Rillaboom||AssaultVest|GrassySurge|FakeOut,GrassyGlide,DrumBeating,HighHorsepower|||F|||50|,,,,,Fire]Dragonite||LoadedDice|Multiscale|ScaleShot,StompingTantrum,Tailwind,Protect|||M|||50|,,,,,Ground]Ninetales-Alola||FocusSash|SnowWarning|Blizzard,IcyWind,Encore,AuroraVeil|||F|||50|,,,,,Ghost]Arcanine-Hisui||ClearAmulet|Intimidate|RockSlide,FlareBlitz,ExtremeSpeed,Protect|||F|||50|,,,,,Water
|inactive|Battle timer is ON: inactive players will automatically lose when time's up. (requested by gloong)
|inactive|gloong has 60 seconds left.
|
|t:|1756972111
|teamsize|p1|4
|teamsize|p2|4
|start
|switch|p1a: Goodra|Goodra-Hisui, L50, M, shiny|100/100
|switch|p1b: Tauros|Tauros-Paldea-Aqua, L50, M|100/100
|switch|p2a: Gholdengo|Gholdengo, L50|100/100
|switch|p2b: Rillaboom|Rillaboom, L50, F|100/100
|-ability|p1b: Tauros|Intimidate|boost
|-unboost|p2a: Gholdengo|atk|1
|-unboost|p2b: Rillaboom|atk|1
|-fieldstart|move: Grassy Terrain|[from] ability: Grassy Surge|[of] p2b: Rillaboom
|-enditem|p2a: Gholdengo|Grassy Seed
|-boost|p2a: Gholdengo|def|1|[from] item: Grassy Seed
|turn|1
|inactive|houseofpros has 30 seconds left.
|inactive|houseofpros has 20 seconds left.
|inactive|houseofpros has 15 seconds left.
|
|t:|1756972156
|-terastallize|p1b: Tauros|Fighting
|move|p2b: Rillaboom|Fake Out|p1b: Tauros
|-damage|p1b: Tauros|90/100
|cant|p1b: Tauros|flinch
|move|p2a: Gholdengo|Nasty Plot|p2a: Gholdengo
|-boost|p2a: Gholdengo|spa|2
|move|p1a: Goodra|Dragon Pulse|p2b: Rillaboom
|-damage|p2b: Rillaboom|62/100
|
|-heal|p1b: Tauros|96/100|[from] Grassy Terrain
|-heal|p2b: Rillaboom|68/100|[from] Grassy Terrain
|upkeep
|turn|2
|inactive|houseofpros has 30 seconds left.
|inactive|gloong has 30 seconds left.
|inactive|houseofpros has 20 seconds left.
|inactive|gloong has 20 seconds left.
|inactive|houseofpros has 15 seconds left.
|inactive|houseofpros has 10 seconds left.
|inactive|houseofpros has 5 seconds left.
|
|t:|1756972209
|switch|p1a: Politoed|Politoed, L50, M|100/100
|-weather|RainDance|[from] ability: Drizzle|[of] p1a: Politoed
|move|p1b: Tauros|Wave Crash|p2a: Gholdengo
|-damage|p2a: Gholdengo|43/100
|-damage|p1b: Tauros|71/100|[from] Recoil
|move|p2b: Rillaboom|High Horsepower|p1a: Politoed
|-damage|p1a: Politoed|84/100
|move|p2a: Gholdengo|Shadow Ball|p1b: Tauros
|-damage|p1b: Tauros|0 fnt
|faint|p1b: Tauros
|
|-weather|RainDance|[upkeep]
|-heal|p2b: Rillaboom|74/100|[from] Grassy Terrain
|-heal|p2a: Gholdengo|49/100|[from] Grassy Terrain
|-heal|p1a: Politoed|90/100|[from] Grassy Terrain
|upkeep
|inactive|houseofpros has 30 seconds left.
|
|t:|1756972235
|switch|p1b: Amoonguss|Amoonguss, L50, M|100/100
|turn|3
|
|t:|1756972260
|switch|p2b: Ninetales|Ninetales-Alola, L50, F|100/100
|-weather|Snowscape|[from] ability: Snow Warning|[of] p2b: Ninetales
|move|p2a: Gholdengo|Nasty Plot|p2a: Gholdengo
|-boost|p2a: Gholdengo|spa|2
|move|p1a: Politoed|Weather Ball|p2a: Gholdengo
|-resisted|p2a: Gholdengo
|-damage|p2a: Gholdengo|38/100
|move|p1b: Amoonguss|Leaf Storm|p2a: Gholdengo
|-resisted|p2a: Gholdengo
|-crit|p2a: Gholdengo
|-damage|p2a: Gholdengo|3/100
|-unboost|p1b: Amoonguss|spa|2
|
|-weather|Snowscape|[upkeep]
|-heal|p2a: Gholdengo|9/100|[from] Grassy Terrain
|-heal|p1a: Politoed|96/100|[from] Grassy Terrain
|upkeep
|turn|4
|inactive|houseofpros has 30 seconds left.
|inactive|houseofpros has 20 seconds left.
|inactive|houseofpros has 15 seconds left.
|inactive|houseofpros has 10 seconds left.
|
|t:|1756972307
|switch|p1b: Goodra|Goodra-Hisui, L50, M, shiny|100/100
|move|p2a: Gholdengo|Protect|p2a: Gholdengo
|-singleturn|p2a: Gholdengo|Protect
|move|p2b: Ninetales|Aurora Veil|p2b: Ninetales
|-sidestart|p2: gloong|move: Aurora Veil
|move|p1a: Politoed|Weather Ball|p2a: Gholdengo
|-activate|p2a: Gholdengo|move: Protect
|
|-weather|Snowscape|[upkeep]
|-heal|p2a: Gholdengo|15/100|[from] Grassy Terrain
|-heal|p1a: Politoed|100/100|[from] Grassy Terrain
|upkeep
|turn|5
|inactive|houseofpros has 30 seconds left.
|
|t:|1756972341
|move|p1a: Politoed|Protect|p1a: Politoed
|-singleturn|p1a: Politoed|Protect
|move|p2b: Ninetales|Blizzard|p1b: Goodra|[spread] p1b
|-activate|p1a: Politoed|move: Protect
|-damage|p1b: Goodra|87/100
|move|p2a: Gholdengo|Shadow Ball|p1a: Politoed
|-activate|p1a: Politoed|move: Protect
|move|p1b: Goodra|Draco Meteor|p2a: Gholdengo
|-resisted|p2a: Gholdengo
|-damage|p2a: Gholdengo|0 fnt
|-unboost|p1b: Goodra|spa|2
|faint|p2a: Gholdengo
|
|-weather|Snowscape|[upkeep]
|-heal|p1b: Goodra|93/100|[from] Grassy Terrain
|-fieldend|move: Grassy Terrain
|upkeep
|
|t:|1756972345
|switch|p2a: Sneasler|Sneasler, L50, M|100/100
|turn|6
|
|t:|1756972363
|switch|p1b: Amoonguss|Amoonguss, L50, M|100/100
|move|p2b: Ninetales|Encore|p1a: Politoed
|-start|p1a: Politoed|Encore
|move|p2a: Sneasler|Close Combat|p1b: Amoonguss
|-resisted|p1b: Amoonguss
|-damage|p1b: Amoonguss|77/100
|-unboost|p2a: Sneasler|def|1
|-unboost|p2a: Sneasler|spd|1
|-damage|p2a: Sneasler|84/100|[from] item: Rocky Helmet|[of] p1b: Amoonguss
|-enditem|p2a: Sneasler|White Herb
|-clearnegativeboost|p2a: Sneasler|[silent]
|move|p1a: Politoed|Protect||[still]
|-fail|p1a: Politoed
|
|-weather|Snowscape|[upkeep]
|upkeep
|turn|7
|
|t:|1756972384
|switch|p1b: Goodra|Goodra-Hisui, L50, M, shiny|93/100
|move|p1a: Politoed|Protect|p1a: Politoed
|-singleturn|p1a: Politoed|Protect
|move|p2a: Sneasler|Dire Claw|p1b: Goodra
|-immune|p1b: Goodra
|move|p2b: Ninetales|Blizzard|p1b: Goodra|[spread] p1b
|-activate|p1a: Politoed|move: Protect
|-damage|p1b: Goodra|77/100
|
|-weather|none
|upkeep
|turn|8
|inactive|houseofpros has 30 seconds left.
|inactive|houseofpros has 20 seconds left.
|
|t:|1756972424
|switch|p1a: Amoonguss|Amoonguss, L50, M|100/100
|move|p2a: Sneasler|Close Combat|p1b: Goodra
|-supereffective|p1b: Goodra
|-damage|p1b: Goodra|0 fnt
|-unboost|p2a: Sneasler|def|1
|-unboost|p2a: Sneasler|spd|1
|faint|p1b: Goodra
|move|p2b: Ninetales|Blizzard|p1a: Amoonguss
|-supereffective|p1a: Amoonguss
|-damage|p1a: Amoonguss|24/100
|-status|p1a: Amoonguss|frz
|
|-sideend|p2: gloong|move: Aurora Veil
|upkeep
|
|t:|1756972429
|switch|p1b: Politoed|Politoed, L50, M|100/100
|-weather|RainDance|[from] ability: Drizzle|[of] p1b: Politoed
|turn|9
|inactive|houseofpros has 30 seconds left.
|
|t:|1756972463
|move|p2a: Sneasler|Close Combat|p1b: Politoed
|-damage|p1b: Politoed|50/100
|-unboost|p2a: Sneasler|def|1
|-unboost|p2a: Sneasler|spd|1
|-enditem|p1b: Politoed|Sitrus Berry|[eat]
|-heal|p1b: Politoed|75/100|[from] item: Sitrus Berry
|move|p2b: Ninetales|Icy Wind|p1a: Amoonguss|[spread] p1a,p1b
|-supereffective|p1a: Amoonguss
|-resisted|p1b: Politoed
|-damage|p1a: Amoonguss|0 fnt
|-damage|p1b: Politoed|69/100
|-unboost|p1b: Politoed|spe|1
|faint|p1a: Amoonguss
|move|p1b: Politoed|Weather Ball|p2a: Sneasler
|-damage|p2a: Sneasler|0 fnt
|faint|p2a: Sneasler
|
|-weather|RainDance|[upkeep]
|upkeep
|
|t:|1756972478
|switch|p2a: Rillaboom|Rillaboom, L50, F|74/100
|-fieldstart|move: Grassy Terrain|[from] ability: Grassy Surge|[of] p2a: Rillaboom
|turn|10
|-message|houseofpros forfeited.
|
|win|gloong
|raw|houseofpros's rating: 1128 → 1099(-29 for losing)
|raw|gloong's rating: 1079 → 1111(+32 for winning)
