|j|☆geardox
|j|☆Zengikk
|html|geardoxZengikk    
|uhtml|bestof|Game 1 of a best-of-3
|t:|1756563396
|gametype|doubles
|player|p1|geardox|cyclist|1121
|player|p2|Zengikk|giovanni|1138
|gen|9
|tier|[Gen 9] VGC 2025 Reg H (Bo3)
|rated|
|rule|Species Clause: Limit one of each Pokémon
|rule|Item Clause: Limit 1 of each item
|clearpoke
|poke|p1|Sneasler, L50, M|
|poke|p1|Garchomp, L50, M|
|poke|p1|Corviknight, L50, F|
|poke|p1|Archaludon, L50, M|
|poke|p1|Amoonguss, L50, F|
|poke|p1|Incineroar, L50, M|
|poke|p2|Sneasler, L50, M|
|poke|p2|Dragapult, L50, F|
|poke|p2|Primarina, L50, M|
|poke|p2|Rillaboom, L50, M|
|poke|p2|Kingambit, L50, M|
|poke|p2|Magmar, L50, M|
|teampreview|4
|showteam|p1|Sneasler||FocusSash|Unburden|DireClaw,CloseCombat,ThroatChop,Coaching|||M|||50|,,,,,Ghost]Garchomp||LifeOrb|RoughSkin|Protect,Earthquake,DragonClaw,StompingTantrum|||M|||50|,,,,,Ground]Corviknight||SitrusBerry|MirrorArmor|BraveBird,Tailwind,Roost,Taunt|||F|||50|,,,,,Fire]Archaludon||PowerHerb|Stamina|Protect,DracoMeteor,FlashCannon,ElectroShot|||M|||50|,,,,,Dragon]Amoonguss||RockyHelmet|Regenerator|ClearSmog,RagePowder,Spore,PollenPuff|||F|||50|,,,,,Water]Incineroar||AssaultVest|Intimidate|KnockOff,FlareBlitz,FakeOut,Uturn|||M|||50|,,,,,Ghost
|showteam|p2|Sneasler||FocusSash|PoisonTouch|CloseCombat,DireClaw,FakeOut,Protect|||M|||50|,,,,,Stellar]Dragapult||ChoiceBand|ClearBody|DragonDarts,TeraBlast,PhantomForce,Uturn|||F|||50|,,,,,Ghost]Primarina||SitrusBerry|LiquidVoice|HyperVoice,Moonblast,Haze,Protect|||M|||50|,,,,,Water]Rillaboom||AssaultVest|GrassySurge|WoodHammer,GrassyGlide,HighHorsepower,FakeOut|||M|||50|,,,,,Fire]Kingambit||BlackGlasses|Defiant|KowtowCleave,SuckerPunch,SwordsDance,Protect|||M|||50|,,,,,Ghost]Magmar||Eviolite|VitalSpirit|Overheat,WillOWisp,FollowMe,Protect|||M|||50|,,,,,Ghost
|c|☆geardox|\
|c|☆geardox|glhf
|inactive|Battle timer is ON: inactive players will automatically lose when time's up. (requested by Zengikk)
|c|☆Zengikk|glhf
|inactive|geardox has 60 seconds left.
|inactive|Zengikk has 60 seconds left.
|
|t:|1756563458
|teamsize|p1|4
|teamsize|p2|4
|start
|switch|p1a: Stinky Pete|Garchomp, L50, M|100/100
|switch|p1b: Chica|Corviknight, L50, F|100/100
|switch|p2a: Sneasler|Sneasler, L50, M|100/100
|switch|p2b: Kingambit|Kingambit, L50, M|100/100
|turn|1
|inactive|geardox has 30 seconds left.
|
|t:|1756563485
|-terastallize|p2b: Kingambit|Ghost
|move|p2a: Sneasler|Fake Out|p1b: Chica
|-resisted|p1b: Chica
|-damage|p1b: Chica|95/100
|move|p1a: Stinky Pete|Earthquake|p2a: Sneasler|[spread] p2a,p2b
|-immune|p1b: Chica
|-supereffective|p2a: Sneasler
|-enditem|p2a: Sneasler|Focus Sash
|-damage|p2a: Sneasler|1/100
|-damage|p2b: Kingambit|59/100
|-damage|p1a: Stinky Pete|91/100|[from] item: Life Orb
|cant|p1b: Chica|flinch
|move|p2b: Kingambit|Swords Dance|p2b: Kingambit
|-boost|p2b: Kingambit|atk|2
|
|upkeep
|turn|2
|inactive|geardox has 30 seconds left.
|
|t:|1756563520
|move|p2b: Kingambit|Sucker Punch|p1a: Stinky Pete
|-damage|p1a: Stinky Pete|0 fnt
|-damage|p2b: Kingambit|47/100|[from] ability: Rough Skin|[of] p1a: Stinky Pete
|faint|p1a: Stinky Pete
|move|p2a: Sneasler|Dire Claw|p1b: Chica
|-immune|p1b: Chica
|move|p1b: Chica|Tailwind|p1b: Chica
|-sidestart|p1: geardox|move: Tailwind
|
|upkeep
|
|t:|1756563530
|switch|p1a: Riku|Sneasler, L50, M|100/100
|turn|3
|
|t:|1756563548
|move|p2b: Kingambit|Protect|p2b: Kingambit
|-singleturn|p2b: Kingambit|Protect
|move|p1a: Riku|Coaching|p1b: Chica
|-boost|p1b: Chica|atk|1
|-boost|p1b: Chica|def|1
|move|p1b: Chica|Brave Bird|p2b: Kingambit
|-activate|p2b: Kingambit|move: Protect
|move|p2a: Sneasler|Dire Claw|p1a: Riku
|-resisted|p1a: Riku
|-damage|p1a: Riku|66/100
|
|upkeep
|turn|4
|inactive|Zengikk has 30 seconds left.
|
|t:|1756563574
|move|p2b: Kingambit|Sucker Punch||[still]
|-fail|p2b: Kingambit
|move|p1a: Riku|Dire Claw|p2a: Sneasler
|-resisted|p2a: Sneasler
|-damage|p2a: Sneasler|0 fnt
|faint|p2a: Sneasler
|move|p1b: Chica|Taunt|p2b: Kingambit
|-start|p2b: Kingambit|move: Taunt
|
|upkeep
|
|t:|1756563585
|switch|p2a: Magmar|Magmar, L50, M|100/100
|turn|5
|
|t:|1756563597
|move|p2a: Magmar|Follow Me|p2a: Magmar
|-singleturn|p2a: Magmar|move: Follow Me
|move|p1a: Riku|Coaching|p1b: Chica
|-boost|p1b: Chica|atk|1
|-boost|p1b: Chica|def|1
|move|p1b: Chica|Taunt|p2a: Magmar
|-start|p2a: Magmar|move: Taunt
|move|p2b: Kingambit|Kowtow Cleave|p1b: Chica
|-damage|p1b: Chica|46/100
|-enditem|p1b: Chica|Sitrus Berry|[eat]
|-heal|p1b: Chica|71/100|[from] item: Sitrus Berry
|
|-sideend|p1: geardox|move: Tailwind
|upkeep
|turn|6
|inactive|geardox has 30 seconds left.
|
|t:|1756563626
|move|p2b: Kingambit|Sucker Punch|p1b: Chica
|-damage|p1b: Chica|27/100
|move|p1a: Riku|Coaching|p1b: Chica
|-boost|p1b: Chica|atk|1
|-boost|p1b: Chica|def|1
|move|p2a: Magmar|Overheat|p1a: Riku
|-damage|p1a: Riku|0 fnt
|-unboost|p2a: Magmar|spa|2
|faint|p1a: Riku
|move|p1b: Chica|Brave Bird|p2a: Magmar
|-damage|p2a: Magmar|20/100
|-damage|p1b: Chica|5/100|[from] Recoil
|
|upkeep
|
|t:|1756563639
|switch|p1a: Incineroar|Incineroar, L50, M|100/100
|-ability|p1a: Incineroar|Intimidate|boost
|-unboost|p2a: Magmar|atk|1
|-unboost|p2b: Kingambit|atk|1
|-ability|p2b: Kingambit|Defiant|boost
|-boost|p2b: Kingambit|atk|2
|turn|7
|
|t:|1756563660
|move|p2b: Kingambit|Sucker Punch||[still]
|-fail|p2b: Kingambit
|move|p2a: Magmar|Overheat|p1b: Chica
|-supereffective|p1b: Chica
|-damage|p1b: Chica|0 fnt
|-unboost|p2a: Magmar|spa|2
|faint|p1b: Chica
|move|p1a: Incineroar|Knock Off|p2b: Kingambit
|-supereffective|p2b: Kingambit
|-damage|p2b: Kingambit|0 fnt
|-enditem|p2b: Kingambit|Black Glasses|[from] move: Knock Off|[of] p1a: Incineroar
|faint|p2b: Kingambit
|
|upkeep
|
|t:|1756563673
|switch|p2b: Dragapult|Dragapult, L50, F|100/100
|turn|8
|
|t:|1756563691
|move|p2b: Dragapult|Phantom Force||[still]
|-prepare|p2b: Dragapult|Phantom Force
|move|p2a: Magmar|Overheat|p1a: Incineroar
|-resisted|p1a: Incineroar
|-damage|p1a: Incineroar|95/100
|-unboost|p2a: Magmar|spa|2
|move|p1a: Incineroar|Knock Off|p2b: Dragapult|[miss]
|-miss|p1a: Incineroar|p2b: Dragapult
|
|-end|p2a: Magmar|move: Taunt
|upkeep
|turn|9
|
|t:|1756563704
|move|p2a: Magmar|Follow Me|p2a: Magmar
|-singleturn|p2a: Magmar|move: Follow Me
|move|p2b: Dragapult|Phantom Force|p1a: Incineroar|[from] lockedmove
|-resisted|p1a: Incineroar
|-damage|p1a: Incineroar|63/100
|move|p1a: Incineroar|Knock Off|p2a: Magmar
|-damage|p2a: Magmar|0 fnt
|-enditem|p2a: Magmar|Eviolite|[from] move: Knock Off|[of] p1a: Incineroar
|faint|p2a: Magmar
|
|upkeep
|turn|10
|
|t:|1756563719
|move|p2b: Dragapult|Phantom Force||[still]
|-prepare|p2b: Dragapult|Phantom Force
|move|p1a: Incineroar|Knock Off|p2b: Dragapult|[miss]
|-miss|p1a: Incineroar|p2b: Dragapult
|
|upkeep
|turn|11
|
|t:|1756563724
|move|p2b: Dragapult|Phantom Force|p1a: Incineroar|[from] lockedmove
|-resisted|p1a: Incineroar
|-damage|p1a: Incineroar|29/100
|move|p1a: Incineroar|Knock Off|p2b: Dragapult
|-supereffective|p2b: Dragapult
|-damage|p2b: Dragapult|0 fnt
|-enditem|p2b: Dragapult|Choice Band|[from] move: Knock Off|[of] p1a: Incineroar
|faint|p2b: Dragapult
|
|win|geardox
