|j|☆WASHINGTONGARGACHA
|j|☆KChiefs7
|html|WASHINGTONGARGACHAKChiefs7    
|uhtml|bestof|Game 1 of a best-of-3
|t:|1757789473
|gametype|doubles
|player|p1|WASHINGTONGARGACHA|266|1112
|player|p2|KChiefs7|swimmer-gen4|1143
|gen|9
|tier|[Gen 9] VGC 2025 Reg H (Bo3)
|rated|
|rule|Species Clause: Limit one of each Pokémon
|rule|Item Clause: Limit 1 of each item
|clearpoke
|poke|p1|Typhlosion-Hisui, L50, M|
|poke|p1|Whimsicott, L50, F|
|poke|p1|Dragapult, L50, M|
|poke|p1|Torkoal, L50, F|
|poke|p1|Lilligant-Hisui, L50, F|
|poke|p1|Electabuzz, L50, F|
|poke|p2|Ursaluna, L50, F|
|poke|p2|Gholdengo, L50|
|poke|p2|Amoonguss, L50, M|
|poke|p2|Porygon2, L50|
|poke|p2|Incineroar, L50, F|
|poke|p2|Flamigo, L50, M|
|teampreview|4
|showteam|p1|Typhlosion-Hisui||ChoiceSpecs|Blaze|HeatWave,Eruption,ShadowBall,FocusPunch|||M|||50|,,,,,Fire]Whimsicott||CovertCloak|Prankster|Tailwind,Moonblast,SunnyDay,Encore|||F|||50|,,,,,Water]Dragapult||ChoiceBand|ClearBody|Uturn,SuckerPunch,DragonDarts,PhantomForce|||M|||50|,,,,,Dragon]Torkoal||LifeOrb|Drought|HeatWave,Eruption,Protect,WeatherBall|||F|||50|,,,,,Fire]Lilligant-Hisui||FocusSash|Chlorophyll|CloseCombat,SleepPowder,AfterYou,LeafBlade|||F|||50|,,,,,Ghost]Electabuzz||Eviolite|VitalSpirit|FollowMe,Taunt,Electroweb,Protect|||F|||50|,,,,,Grass
|showteam|p2|Ursaluna||FlameOrb|Guts|Facade,Earthquake,Substitute,Protect|||F|||50|,,,,,Ghost]Gholdengo||LifeOrb|GoodasGold|MakeItRain,ShadowBall,NastyPlot,Protect||||||50|,,,,,Steel]Amoonguss||SitrusBerry|Regenerator|RagePowder,Spore,PollenPuff,Protect|||M|||50|,,,,,Fairy]Porygon2||Eviolite|Download|Thunderbolt,IceBeam,Recover,TrickRoom||||||50|,,,,,Flying]Incineroar||AssaultVest|Intimidate|FlareBlitz,KnockOff,FakeOut,Uturn|||F|||50|,,,,,Grass]Flamigo||FocusSash|Scrappy|CloseCombat,BraveBird,WideGuard,Detect|||M|||50|,,,,,Stellar
|inactive|Battle timer is ON: inactive players will automatically lose when time's up. (requested by KChiefs7)
|inactive|KChiefs7 has 60 seconds left.
|
|t:|1757789518
|teamsize|p1|4
|teamsize|p2|4
|start
|switch|p1a: Typhlosion|Typhlosion-Hisui, L50, M|100/100
|switch|p1b: Dragapult|Dragapult, L50, M|100/100
|switch|p2a: Amoonguss|Amoonguss, L50, M, shiny|100/100
|switch|p2b: Incineroar|Incineroar, L50, F, shiny|100/100
|-ability|p2b: Incineroar|Intimidate|boost
|-unboost|p1a: Typhlosion|atk|1
|-fail|p1b: Dragapult|unboost|[from] ability: Clear Body|[of] p1b: Dragapult
|turn|1
|inactive|KChiefs7 has 30 seconds left.
|
|t:|1757789547
|-terastallize|p1a: Typhlosion|Fire
|-terastallize|p2a: Amoonguss|Fairy
|move|p1b: Dragapult|U-turn|p2a: Amoonguss
|-resisted|p2a: Amoonguss
|-damage|p2a: Amoonguss|87/100
|
|t:|1757789552
|switch|p1b: Torkoal|Torkoal, L50, F|100/100|[from] U-turn
|-weather|SunnyDay|[from] ability: Drought|[of] p1b: Torkoal
|move|p1a: Typhlosion|Eruption|p2a: Amoonguss|[spread] p2a,p2b
|-resisted|p2b: Incineroar
|-damage|p2a: Amoonguss|0 fnt
|-damage|p2b: Incineroar|50/100
|faint|p2a: Amoonguss
|move|p2b: Incineroar|Knock Off|p1b: Torkoal
|-damage|p1b: Torkoal|66/100
|-enditem|p1b: Torkoal|Life Orb|[from] move: Knock Off|[of] p2b: Incineroar
|
|-weather|SunnyDay|[upkeep]
|upkeep
|
|t:|1757789566
|switch|p2a: Porygon2|Porygon2, L50|100/100
|-ability|p2a: Porygon2|Download|boost
|-boost|p2a: Porygon2|spa|1
|turn|2
|
|t:|1757789588
|move|p1a: Typhlosion|Eruption|p2a: Porygon2|[spread] p2a,p2b
|-resisted|p2b: Incineroar
|-crit|p2b: Incineroar
|-damage|p2a: Porygon2|3/100
|-damage|p2b: Incineroar|0 fnt
|faint|p2b: Incineroar
|move|p2a: Porygon2|Thunderbolt|p1a: Typhlosion
|-damage|p1a: Typhlosion|46/100
|move|p1b: Torkoal|Weather Ball|p2a: Porygon2
|-damage|p2a: Porygon2|0 fnt
|faint|p2a: Porygon2
|
|-weather|SunnyDay|[upkeep]
|upkeep
|
|t:|1757789597
|switch|p2b: Ursaluna|Ursaluna, L50, F|100/100
|turn|3
|inactive|WASHINGTONGARGACHA has 30 seconds left.
|
|t:|1757789625
|switch|p1a: Electabuzz|Electabuzz, L50, F|100/100
|move|p2b: Ursaluna|Protect|p2b: Ursaluna
|-singleturn|p2b: Ursaluna|Protect
|move|p1b: Torkoal|Weather Ball|p2b: Ursaluna
|-activate|p2b: Ursaluna|move: Protect
|
|-weather|SunnyDay|[upkeep]
|-status|p2b: Ursaluna|brn|[from] item: Flame Orb
|upkeep
|turn|4
|
|t:|1757789651
|move|p1a: Electabuzz|Taunt|p2b: Ursaluna
|-start|p2b: Ursaluna|move: Taunt
|move|p2b: Ursaluna|Earthquake|p1b: Torkoal|[spread] p1a,p1b
|-supereffective|p1a: Electabuzz
|-supereffective|p1b: Torkoal
|-damage|p1a: Electabuzz|0 fnt
|-damage|p1b: Torkoal|0 fnt
|faint|p1a: Electabuzz
|faint|p1b: Torkoal
|
|-weather|SunnyDay|[upkeep]
|-damage|p2b: Ursaluna|95/100 brn|[from] brn
|upkeep
|
|t:|1757789660
|switch|p1a: Dragapult|Dragapult, L50, M|100/100
|switch|p1b: Typhlosion|Typhlosion-Hisui, L50, M, tera:Fire|46/100
|turn|5
|
|t:|1757789682
|move|p1a: Dragapult|Dragon Darts|p2b: Ursaluna
|-damage|p2b: Ursaluna|65/100 brn
|-anim|p1a: Dragapult|Dragon Darts|p2b: Ursaluna
|-damage|p2b: Ursaluna|38/100 brn
|move|p1b: Typhlosion|Heat Wave|p2b: Ursaluna|[miss]
|-miss|p1b: Typhlosion|p2b: Ursaluna
|move|p2b: Ursaluna|Earthquake|p1b: Typhlosion|[spread] p1a,p1b
|-supereffective|p1b: Typhlosion
|-damage|p1a: Dragapult|0 fnt
|-damage|p1b: Typhlosion|0 fnt
|faint|p1a: Dragapult
|faint|p1b: Typhlosion
|
|win|KChiefs7
|inactive|WASHINGTONGARGACHA has 30 seconds to confirm battle start!
|inactive|KChiefs7 has 30 seconds to confirm battle start!
||KChiefs7 is ready for game 2.
||WASHINGTONGARGACHA is ready for game 2.
|uhtml|next|Next: Game 2 of 3
