|j|☆ShoemakerGeneral
|j|☆kobefm
|html|ShoemakerGeneralkobefm    
|uhtml|bestof|Game 2 of a best-of-3
|t:|1757785054
|gametype|doubles
|player|p1|ShoemakerGeneral|265|1076
|player|p2|kobefm|169|1040
|gen|9
|tier|[Gen 9] VGC 2025 Reg H (Bo3)
|rated|
|rule|Species Clause: Limit one of each Pokémon
|rule|Item Clause: Limit 1 of each item
|clearpoke
|poke|p1|Corviknight, L50, F|
|poke|p1|Ninetales-Alola, L50, F|
|poke|p1|Electabuzz, L50, F|
|poke|p1|Rillaboom, L50, M|
|poke|p1|Arcanine-Hisui, L50, F|
|poke|p1|Chandelure, L50, M|
|poke|p2|Samurott-Hisui, L50, F|
|poke|p2|Incineroar, L50, F|
|poke|p2|Amoonguss, L50, M|
|poke|p2|Ursaluna-Bloodmoon, L50, M|
|poke|p2|Farigiraf, L50, F|
|poke|p2|Clefairy, L50, F|
|teampreview|4
|showteam|p1|Corviknight||Leftovers|MirrorArmor|BraveBird,PowerTrip,BulkUp,Roost|||F|||50|,,,,,Dragon]Ninetales-Alola||FocusSash|SnowWarning|Blizzard,IcyWind,AuroraVeil,Encore|||F|||50|,,,,,Ghost]Electabuzz||Eviolite|VitalSpirit|Thunderbolt,EerieImpulse,FollowMe,Protect|||F|||50|,,,,,Ghost]Rillaboom||AssaultVest|GrassySurge|WoodHammer,GrassyGlide,HighHorsepower,FakeOut|||M|||50|,,,,,Fire]Arcanine-Hisui||ClearAmulet|Intimidate|FlareBlitz,RockSlide,ExtremeSpeed,Protect|||F|||50|,,,,,Ghost]Chandelure||ChoiceScarf|FlashFire|ShadowBall,HeatWave,Overheat,EnergyBall|||M|||50|,,,,,Grass
|showteam|p2|Samurott-Hisui||ChoiceBand|Sharpness|CeaselessEdge,AquaCutter,SuckerPunch,FlipTurn|||F|||50|,,,,,Dragon]Incineroar||SafetyGoggles|Intimidate|FlareBlitz,KnockOff,PartingShot,FakeOut|||F|||50|,,,,,Bug]Amoonguss||CovertCloak|Regenerator|SludgeBomb,RagePowder,Spore,Protect|||M|||50|,,,,,Fairy]Ursaluna-Bloodmoon||LifeOrb|MindsEye|HyperVoice,BloodMoon,Protect,EarthPower|||M|||50|,,,,,Water]Farigiraf||ThroatSpray|ArmorTail|TrickRoom,Psychic,HyperVoice,Protect|||F|||50|,,,,,Fire]Clefairy||Eviolite|FriendGuard|Moonblast,AfterYou,FollowMe,HelpingHand|||F|||50|,,,,,Dragon
|inactive|Battle timer is ON: inactive players will automatically lose when time's up. (requested by kobefm)
|inactive|ShoemakerGeneral has 60 seconds left.
|inactive|kobefm has 60 seconds left.
|
|t:|1757785110
|teamsize|p1|4
|teamsize|p2|4
|start
|switch|p1a: Arcanine|Arcanine-Hisui, L50, F|100/100
|switch|p1b: Ninetales|Ninetales-Alola, L50, F|100/100
|switch|p2a: Samurott|Samurott-Hisui, L50, F|100/100
|switch|p2b: Farigiraf|Farigiraf, L50, F|100/100
|-weather|Snowscape|[from] ability: Snow Warning|[of] p1b: Ninetales
|-ability|p1a: Arcanine|Intimidate|boost
|-unboost|p2a: Samurott|atk|1
|-unboost|p2b: Farigiraf|atk|1
|turn|1
|inactive|ShoemakerGeneral has 30 seconds left.
|
|t:|1757785144
|switch|p1a: Corviknight|Corviknight, L50, F|100/100
|move|p1b: Ninetales|Blizzard|p2b: Farigiraf|[spread] p2a,p2b
|-resisted|p2a: Samurott
|-damage|p2a: Samurott|78/100
|-damage|p2b: Farigiraf|68/100
|-status|p2b: Farigiraf|frz
|move|p2a: Samurott|Flip Turn|p1a: Corviknight
|-crit|p1a: Corviknight
|-damage|p1a: Corviknight|49/100
|
|t:|1757785156
|switch|p2a: Incineroar|Incineroar, L50, F|100/100|[from] Flip Turn
|-ability|p2a: Incineroar|Intimidate|boost
|-ability|p1a: Corviknight|Mirror Armor
|-unboost|p2a: Incineroar|atk|1
|-unboost|p1b: Ninetales|atk|1
|cant|p2b: Farigiraf|frz
|
|-weather|Snowscape|[upkeep]
|-heal|p1a: Corviknight|55/100|[from] item: Leftovers
|upkeep
|turn|2
|inactive|kobefm has 30 seconds left.
|
|t:|1757785184
|-terastallize|p1a: Corviknight|Dragon
|-terastallize|p2b: Farigiraf|Fire
|move|p1b: Ninetales|Blizzard|p2b: Farigiraf|[spread] p2a,p2b
|-resisted|p2a: Incineroar
|-resisted|p2b: Farigiraf
|-damage|p2a: Incineroar|88/100
|-damage|p2b: Farigiraf|52/100 frz
|move|p1a: Corviknight|Roost|p1a: Corviknight
|-heal|p1a: Corviknight|100/100
|move|p2a: Incineroar|Knock Off|p1a: Corviknight
|-damage|p1a: Corviknight|75/100
|-enditem|p1a: Corviknight|Leftovers|[from] move: Knock Off|[of] p2a: Incineroar
|cant|p2b: Farigiraf|frz
|
|-weather|Snowscape|[upkeep]
|upkeep
|turn|3
|
|t:|1757785206
|move|p1b: Ninetales|Encore|p2a: Incineroar
|-start|p2a: Incineroar|Encore
|move|p1a: Corviknight|Bulk Up|p1a: Corviknight
|-boost|p1a: Corviknight|atk|1
|-boost|p1a: Corviknight|def|1
|move|p2a: Incineroar|Knock Off|p1a: Corviknight
|-damage|p1a: Corviknight|63/100
|cant|p2b: Farigiraf|frz
|
|-weather|Snowscape|[upkeep]
|upkeep
|turn|4
|inactive|kobefm has 30 seconds left.
|inactive|kobefm has 20 seconds left.
|
|t:|1757785241
|move|p1b: Ninetales|Blizzard|p2a: Incineroar|[spread] p2a,p2b
|-resisted|p2a: Incineroar
|-resisted|p2b: Farigiraf
|-damage|p2a: Incineroar|75/100
|-damage|p2b: Farigiraf|36/100 frz
|move|p1a: Corviknight|Roost|p1a: Corviknight
|-heal|p1a: Corviknight|100/100
|move|p2a: Incineroar|Knock Off|p1a: Corviknight
|-damage|p1a: Corviknight|88/100
|-curestatus|p2b: Farigiraf|frz|[msg]
|move|p2b: Farigiraf|Trick Room|p2b: Farigiraf
|-fieldstart|move: Trick Room|[of] p2b: Farigiraf
|
|-weather|Snowscape|[upkeep]
|upkeep
|turn|5
|inactive|ShoemakerGeneral has 30 seconds left.
|
|t:|1757785266
|move|p2b: Farigiraf|Hyper Voice|p1a: Corviknight|[spread] p1a,p1b
|-damage|p1a: Corviknight|63/100
|-damage|p1b: Ninetales|62/100
|-enditem|p2b: Farigiraf|Throat Spray
|-boost|p2b: Farigiraf|spa|1|[from] item: Throat Spray
|move|p2a: Incineroar|Knock Off|p1b: Ninetales
|-resisted|p1b: Ninetales
|-damage|p1b: Ninetales|46/100
|-enditem|p1b: Ninetales|Focus Sash|[from] move: Knock Off|[of] p2a: Incineroar
|move|p1a: Corviknight|Bulk Up|p1a: Corviknight
|-boost|p1a: Corviknight|atk|1
|-boost|p1a: Corviknight|def|1
|move|p1b: Ninetales|Aurora Veil|p1b: Ninetales
|-sidestart|p1: ShoemakerGeneral|move: Aurora Veil
|
|-weather|none
|-end|p2a: Incineroar|Encore
|upkeep
|turn|6
|
|t:|1757785289
|switch|p1b: Arcanine|Arcanine-Hisui, L50, F|100/100
|-ability|p1b: Arcanine|Intimidate|boost
|-unboost|p2a: Incineroar|atk|1
|-unboost|p2b: Farigiraf|atk|1
|move|p2b: Farigiraf|Psychic|p1a: Corviknight
|-damage|p1a: Corviknight|29/100
|move|p2a: Incineroar|Flare Blitz|p1b: Arcanine
|-resisted|p1b: Arcanine
|-damage|p1b: Arcanine|95/100
|-damage|p2a: Incineroar|73/100|[from] Recoil
|move|p1a: Corviknight|Roost|p1a: Corviknight
|-heal|p1a: Corviknight|79/100
|
|upkeep
|turn|7
|inactive|ShoemakerGeneral has 30 seconds left.
|inactive|kobefm has 30 seconds left.
|
|t:|1757785317
|switch|p2a: Ursaluna|Ursaluna-Bloodmoon, L50, M|100/100
|move|p2b: Farigiraf|Hyper Voice|p1a: Corviknight|[spread] p1a,p1b
|-resisted|p1b: Arcanine
|-damage|p1a: Corviknight|56/100
|-damage|p1b: Arcanine|74/100
|move|p1a: Corviknight|Brave Bird|p2a: Ursaluna
|-damage|p2a: Ursaluna|44/100
|-damage|p1a: Corviknight|38/100|[from] Recoil
|move|p1b: Arcanine|Rock Slide|p2b: Farigiraf|[spread] p2a,p2b
|-resisted|p2a: Ursaluna
|-supereffective|p2b: Farigiraf
|-crit|p2b: Farigiraf
|-damage|p2a: Ursaluna|33/100
|-damage|p2b: Farigiraf|0 fnt
|faint|p2b: Farigiraf
|
|upkeep
|
|t:|1757785334
|switch|p2b: Samurott|Samurott-Hisui, L50, F|78/100
|turn|8
|inactive|kobefm has 30 seconds left.
|
|t:|1757785360
|move|p1b: Arcanine|Protect|p1b: Arcanine
|-singleturn|p1b: Arcanine|Protect
|move|p2a: Ursaluna|Blood Moon|p1a: Corviknight
|-damage|p1a: Corviknight|0 fnt
|faint|p1a: Corviknight
|-damage|p2a: Ursaluna|23/100|[from] item: Life Orb
|move|p2b: Samurott|Flip Turn|p1b: Arcanine
|-activate|p1b: Arcanine|move: Protect
|
|-fieldend|move: Trick Room
|upkeep
|inactive|ShoemakerGeneral has 30 seconds left.
|
|t:|1757785386
|switch|p1a: Electabuzz|Electabuzz, L50, F|100/100
|turn|9
|inactive|kobefm has 30 seconds left.
|
|t:|1757785417
|switch|p2a: Incineroar|Incineroar, L50, F|73/100
|-ability|p2a: Incineroar|Intimidate|boost
|-unboost|p1a: Electabuzz|atk|1
|-fail|p1b: Arcanine|unboost|[from] item: Clear Amulet|[of] p1b: Arcanine
|move|p1a: Electabuzz|Follow Me|p1a: Electabuzz
|-singleturn|p1a: Electabuzz|move: Follow Me
|move|p1b: Arcanine|Rock Slide|p2a: Incineroar|[spread] p2a,p2b
|-supereffective|p2a: Incineroar
|-damage|p2a: Incineroar|26/100
|-damage|p2b: Samurott|47/100
|move|p2b: Samurott|Flip Turn|p1a: Electabuzz
|-damage|p1a: Electabuzz|81/100
|
|t:|1757785429
|switch|p2b: Ursaluna|Ursaluna-Bloodmoon, L50, M|23/100|[from] Flip Turn
|
|-sideend|p1: ShoemakerGeneral|move: Aurora Veil
|upkeep
|turn|10
|
|t:|1757785446
|move|p1b: Arcanine|Protect|p1b: Arcanine
|-singleturn|p1b: Arcanine|Protect
|move|p1a: Electabuzz|Protect|p1a: Electabuzz
|-singleturn|p1a: Electabuzz|Protect
|move|p2a: Incineroar|Fake Out|p1b: Arcanine
|-activate|p1b: Arcanine|move: Protect
|move|p2b: Ursaluna|Earth Power|p1a: Electabuzz
|-activate|p1a: Electabuzz|move: Protect
|
|upkeep
|turn|11
|
|t:|1757785466
|switch|p2a: Samurott|Samurott-Hisui, L50, F|47/100
|move|p2b: Ursaluna|Protect|p2b: Ursaluna
|-singleturn|p2b: Ursaluna|Protect
|move|p1b: Arcanine|Flare Blitz|p2b: Ursaluna
|-activate|p2b: Ursaluna|move: Protect
|move|p1a: Electabuzz|Thunderbolt|p2a: Samurott
|-supereffective|p2a: Samurott
|-damage|p2a: Samurott|0 fnt
|faint|p2a: Samurott
|
|upkeep
|
|t:|1757785476
|switch|p2a: Incineroar|Incineroar, L50, F|26/100
|-ability|p2a: Incineroar|Intimidate|boost
|-unboost|p1a: Electabuzz|atk|1
|-fail|p1b: Arcanine|unboost|[from] item: Clear Amulet|[of] p1b: Arcanine
|turn|12
|c|☆kobefm|gg
|-message|kobefm forfeited.
|
|win|ShoemakerGeneral
|raw|ShoemakerGeneral's rating: 1076 → 1102(+26 for winning)
|raw|kobefm's rating: 1040 → 1026(-14 for losing)
