|j|☆jooroodoo
|j|☆mil0battles
|html|jooroodoomil0battles    
|uhtml|bestof|Game 1 of a best-of-3
|t:|1756601490
|gametype|doubles
|player|p1|jooroodoo|thorton|1036
|player|p2|mil0battles|pokemonranger-gen4|1139
|gen|9
|tier|[Gen 9] VGC 2025 Reg H (Bo3)
|rated|
|rule|Species Clause: Limit one of each Pokémon
|rule|Item Clause: Limit 1 of each item
|clearpoke
|poke|p1|Indeedee-F, L50, F|
|poke|p1|Vivillon, L50, F|
|poke|p1|Maushold-Four, L50|
|poke|p1|Archaludon, L50, M|
|poke|p1|Pelipper, L50, F|
|poke|p1|Armarouge, L50, M|
|poke|p2|Incineroar, L50, F|
|poke|p2|Primarina, L50, M|
|poke|p2|Gholdengo, L50|
|poke|p2|Sneasler, L50, F|
|poke|p2|Kilowattrel, L50, F|
|poke|p2|Rillaboom, L50, M|
|teampreview|4
|showteam|p1|Indeedee-F||Leftovers|PsychicSurge|Imprison,TrickRoom,FollowMe,DazzlingGleam|||F|||50|,,,,,Fairy]Vivillon||PsychicSeed|FriendGuard|RagePowder,SleepPowder,Tailwind,BugBuzz|||F|||50|,,,,,Grass]Maushold-Four||WideLens|Technician|PopulationBomb,Protect,TidyUp,Taunt||||||50|,,,,,Ghost]Archaludon||AssaultVest|Stamina|BodyPress,ElectroShot,DragonPulse,FlashCannon|||M|||50|,,,,,Fairy]Pelipper||SitrusBerry|Drizzle|Hurricane,WeatherBall,Uturn,Protect|||F|||50|,,,,,Ground]Armarouge||RoomService|WeakArmor|ExpandingForce,DarkPulse,WideGuard,TrickRoom|||M|||50|,,,,,Grass
|showteam|p2|Incineroar||SafetyGoggles|Intimidate|FakeOut,KnockOff,PartingShot,FlareBlitz|||F|||50|,,,,,Ghost]Primarina||ThroatSpray|LiquidVoice|HyperVoice,Moonblast,Haze,Protect|||M|||50|,,,,,Poison]Gholdengo||LifeOrb|GoodasGold|NastyPlot,MakeItRain,ShadowBall,Protect||||||50|,,,,,Water]Sneasler||WhiteHerb|Unburden|DireClaw,CloseCombat,FakeOut,Protect|||F|||50|,,,,,Stellar]Kilowattrel||FocusSash|Competitive|AirSlash,Thunderbolt,Tailwind,Protect|||F|||50|,,,,,Ghost]Rillaboom||AssaultVest|GrassySurge|GrassyGlide,WoodHammer,FakeOut,Uturn|||M|||50|,,,,,Fire
|inactive|Battle timer is ON: inactive players will automatically lose when time's up. (requested by jooroodoo)
|inactive|jooroodoo has 60 seconds left.
|inactive|mil0battles has 60 seconds left.
|
|t:|1756601540
|teamsize|p1|4
|teamsize|p2|4
|start
|switch|p1a: Maushold|Maushold-Four, L50|100/100
|switch|p1b: Vivillon|Vivillon, L50, F|100/100
|switch|p2a: Incineroar|Incineroar, L50, F|100/100
|switch|p2b: Gholdengo|Gholdengo, L50|100/100
|-ability|p2a: Incineroar|Intimidate|boost
|-unboost|p1a: Maushold|atk|1
|-unboost|p1b: Vivillon|atk|1
|turn|1
|inactive|jooroodoo has 30 seconds left.
|inactive|mil0battles has 30 seconds left.
|inactive|jooroodoo has 20 seconds left.
|inactive|jooroodoo has 15 seconds left.
|
|t:|1756601582
|switch|p1b: Armarouge|Armarouge, L50, M|100/100
|-terastallize|p1a: Maushold|Ghost
|move|p1a: Maushold|Population Bomb|p2a: Incineroar
|-damage|p2a: Incineroar|95/100
|-damage|p2a: Incineroar|89/100
|-damage|p2a: Incineroar|84/100
|-damage|p2a: Incineroar|79/100
|-damage|p2a: Incineroar|73/100
|-damage|p2a: Incineroar|67/100
|-damage|p2a: Incineroar|61/100
|-damage|p2a: Incineroar|55/100
|-damage|p2a: Incineroar|50/100
|-damage|p2a: Incineroar|44/100
|-hitcount|p2a: Incineroar|10
|move|p2b: Gholdengo|Make It Rain|p1b: Armarouge|[spread] p1a,p1b
|-resisted|p1b: Armarouge
|-damage|p1a: Maushold|35/100
|-damage|p1b: Armarouge|67/100
|-unboost|p2b: Gholdengo|spa|1
|-damage|p2b: Gholdengo|91/100|[from] item: Life Orb
|move|p2a: Incineroar|Knock Off|p1a: Maushold
|-supereffective|p1a: Maushold
|-crit|p1a: Maushold
|-damage|p1a: Maushold|0 fnt
|-enditem|p1a: Maushold|Wide Lens|[from] move: Knock Off|[of] p2a: Incineroar
|faint|p1a: Maushold
|
|upkeep
|inactive|jooroodoo has 30 seconds left.
|
|t:|1756601610
|switch|p1a: Vivillon|Vivillon, L50, F|100/100
|turn|2
|
|t:|1756601625
|-terastallize|p2b: Gholdengo|Water
|move|p1a: Vivillon|Rage Powder|p1a: Vivillon
|-singleturn|p1a: Vivillon|move: Rage Powder
|move|p2b: Gholdengo|Shadow Ball|p1a: Vivillon
|-damage|p1a: Vivillon|43/100
|-unboost|p1a: Vivillon|spd|1
|-damage|p2b: Gholdengo|82/100|[from] item: Life Orb
|move|p2a: Incineroar|Knock Off|p1b: Armarouge
|-supereffective|p1b: Armarouge
|-damage|p1b: Armarouge|15/100
|-ability|p1b: Armarouge|Weak Armor|boost
|-unboost|p1b: Armarouge|def|1
|-boost|p1b: Armarouge|spe|2
|-enditem|p1b: Armarouge|Room Service|[from] move: Knock Off|[of] p2a: Incineroar
|move|p1b: Armarouge|Dark Pulse|p2b: Gholdengo
|-damage|p2b: Gholdengo|51/100
|
|upkeep
|turn|3
|inactive|jooroodoo has 30 seconds left.
|
|t:|1756601658
|switch|p1a: Archaludon|Archaludon, L50, M|100/100
|switch|p2b: Primarina|Primarina, L50, M|100/100
|move|p1b: Armarouge|Dark Pulse|p2b: Primarina
|-resisted|p2b: Primarina
|-damage|p2b: Primarina|87/100
|move|p2a: Incineroar|Knock Off|p1b: Armarouge
|-supereffective|p1b: Armarouge
|-damage|p1b: Armarouge|0 fnt
|faint|p1b: Armarouge
|
|upkeep
|
|t:|1756601669
|switch|p1b: Vivillon|Vivillon, L50, F|43/100
|turn|4
|
|t:|1756601684
|switch|p2a: Rillaboom|Rillaboom, L50, M|100/100
|-fieldstart|move: Grassy Terrain|[from] ability: Grassy Surge|[of] p2a: Rillaboom
|move|p1b: Vivillon|Sleep Powder|p2b: Primarina
|-status|p2b: Primarina|slp|[from] move: Sleep Powder
|move|p1a: Archaludon|Body Press|p2a: Rillaboom
|-damage|p2a: Rillaboom|78/100
|cant|p2b: Primarina|slp
|
|-heal|p2a: Rillaboom|84/100|[from] Grassy Terrain
|-heal|p2b: Primarina|93/100 slp|[from] Grassy Terrain
|upkeep
|turn|5
|
|t:|1756601704
|move|p2a: Rillaboom|Fake Out|p1b: Vivillon
|-damage|p1b: Vivillon|20/100
|cant|p1b: Vivillon|flinch
|move|p1a: Archaludon|Electro Shot||[still]
|-prepare|p1a: Archaludon|Electro Shot
|-boost|p1a: Archaludon|spa|1
|cant|p2b: Primarina|slp
|
|-heal|p2a: Rillaboom|90/100|[from] Grassy Terrain
|-heal|p2b: Primarina|99/100 slp|[from] Grassy Terrain
|upkeep
|turn|6
|
|t:|1756601719
|cant|p2b: Primarina|slp
|move|p1b: Vivillon|Bug Buzz|p2a: Rillaboom
|-supereffective|p2a: Rillaboom
|-damage|p2a: Rillaboom|49/100
|move|p1a: Archaludon|Electro Shot|p2b: Primarina|[from] lockedmove
|-supereffective|p2b: Primarina
|-damage|p2b: Primarina|0 fnt
|faint|p2b: Primarina
|move|p2a: Rillaboom|Wood Hammer|p1b: Vivillon
|-resisted|p1b: Vivillon
|-damage|p1b: Vivillon|0 fnt
|faint|p1b: Vivillon
|-damage|p2a: Rillaboom|43/100|[from] Recoil
|
|-heal|p2a: Rillaboom|49/100|[from] Grassy Terrain
|upkeep
|
|t:|1756601733
|switch|p2b: Incineroar|Incineroar, L50, F|44/100
|-ability|p2b: Incineroar|Intimidate|boost
|-unboost|p1a: Archaludon|atk|1
|turn|7
|
|t:|1756601743
|move|p1a: Archaludon|Dragon Pulse|p2b: Incineroar
|-damage|p2b: Incineroar|0 fnt
|faint|p2b: Incineroar
|move|p2a: Rillaboom|Wood Hammer|p1a: Archaludon
|-resisted|p1a: Archaludon
|-damage|p1a: Archaludon|84/100
|-ability|p1a: Archaludon|Stamina|boost
|-boost|p1a: Archaludon|def|1
|-damage|p2a: Rillaboom|45/100|[from] Recoil
|
|-heal|p1a: Archaludon|90/100|[from] Grassy Terrain
|-heal|p2a: Rillaboom|50/100|[from] Grassy Terrain
|upkeep
|
|t:|1756601747
|switch|p2b: Gholdengo|Gholdengo, L50, tera:Water|51/100
|turn|8
|
|t:|1756601760
|move|p1a: Archaludon|Dragon Pulse|p2b: Gholdengo
|-damage|p2b: Gholdengo|0 fnt
|faint|p2b: Gholdengo
|move|p2a: Rillaboom|Wood Hammer|p1a: Archaludon
|-resisted|p1a: Archaludon
|-damage|p1a: Archaludon|78/100
|-ability|p1a: Archaludon|Stamina|boost
|-boost|p1a: Archaludon|def|1
|-damage|p2a: Rillaboom|48/100|[from] Recoil
|
|-heal|p1a: Archaludon|84/100|[from] Grassy Terrain
|-heal|p2a: Rillaboom|53/100|[from] Grassy Terrain
|-fieldend|move: Grassy Terrain
|upkeep
|turn|9
|-message|mil0battles forfeited.
|
|win|jooroodoo
