|j|☆Plopy14
|j|‽daniiivgc
|html|Plopy14daniiivgc    
|uhtml|bestof|Game 1 of a best-of-3
|t:|1783135103
|gametype|doubles
|player|p1|Plopy14|bugcatcher|1155
|player|p2|daniiivgc|giovanni|1358
|gen|9
|tier|[Gen 9 Champions] VGC 2026 Reg M-B (Bo3)
|rated|
|rule|Species Clause: Limit one of each Pokémon
|rule|Item Clause: Limit 1 of each item
|clearpoke
|poke|p1|Floette-Eternal, L50, F|
|poke|p1|Incineroar, L50, M|
|poke|p1|Sinistcha, L50|
|poke|p1|Delphox, L50, M|
|poke|p1|Sneasler, L50, F|
|poke|p1|Kingambit, L50, F|
|poke|p2|Metagross, L50|
|poke|p2|Venusaur, L50, M|
|poke|p2|Talonflame, L50, M|
|poke|p2|Lycanroc-Dusk, L50, M|
|poke|p2|Hydreigon, L50, F|
|poke|p2|Primarina, L50, M|
|teampreview|4
|showteam|p1|Floette-Eternal||Floettite|FlowerVeil|DazzlingGleam,Moonblast,CalmMind,Protect|Modest||F|||50|]Incineroar||SitrusBerry|Intimidate|FakeOut,FlareBlitz,ThroatChop,PartingShot|Careful||M|||50|]Sinistcha||OccaBerry|Hospitality|MatchaGotcha,RagePowder,TrickRoom,Protect|Bold|||||50|]Delphox||Delphoxite|Blaze|HeatWave,Psyshock,NastyPlot,Protect|Timid||M|||50|]Sneasler||FocusSash|PoisonTouch|FakeOut,PoisonJab,CloseCombat,QuickGuard|Jolly||F|||50|]Kingambit||BlackGlasses|Defiant|KowtowCleave,SuckerPunch,SwordsDance,Protect|Adamant||F|||50|
|showteam|p2|Metagross||Metagrossite|ClearBody|IronHead,PsychicFangs,IcePunch,Protect|Jolly|||||50|]Venusaur||Venusaurite|Chlorophyll|GigaDrain,SludgeBomb,EarthPower,Protect|Modest||M|||50|]Talonflame||Charcoal|GaleWings|Overheat,Tailwind,Taunt,QuickGuard|Timid||M|||50|]Lycanroc-Dusk||FocusSash|ToughClaws|RockSlide,Accelerock,CloseCombat,Protect|Adamant||M|||50|]Hydreigon||LifeOrb|Levitate|DarkPulse,DracoMeteor,EarthPower,Protect|Modest||F|||50|]Primarina||MysticWater|LiquidVoice|HyperVoice,Moonblast,AquaJet,Protect|Modest||M|||50|
|inactive|Battle timer is ON: inactive players will automatically lose when time's up. (requested by daniiivgc)
|
|t:|1783135149
|teamsize|p1|4
|teamsize|p2|4
|start
|switch|p1a: Sneasler|Sneasler, L50, F|100/100
|switch|p1b: Delphox|Delphox, L50, M|100/100
|switch|p2a: Talonflame|Talonflame, L50, M|100/100
|switch|p2b: Venusaur|Venusaur, L50, M|100/100
|turn|1
|
|t:|1783135163
|detailschange|p1b: Delphox|Delphox-Mega, L50, M
|-mega|p1b: Delphox|Delphox|Delphoxite
|detailschange|p2b: Venusaur|Venusaur-Mega, L50, M
|-mega|p2b: Venusaur|Venusaur|Venusaurite
|move|p2a: Talonflame|Tailwind|p2a: Talonflame
|-sidestart|p2: daniiivgc|move: Tailwind
|move|p2b: Venusaur|Earth Power|p1a: Sneasler
|-supereffective|p1a: Sneasler|1
|-damage|p1a: Sneasler|16/100
|move|p1b: Delphox|Heat Wave|p2a: Talonflame|[spread] p2a,p2b
|-resisted|p2a: Talonflame|1
|-supereffective|p2b: Venusaur|1
|-damage|p2a: Talonflame|68/100
|-damage|p2b: Venusaur|67/100
|move|p1a: Sneasler|Poison Jab|p2a: Talonflame
|-damage|p2a: Talonflame|7/100
|-status|p2a: Talonflame|psn
|
|-damage|p2a: Talonflame|0 fnt|[from] psn
|faint|p2a: Talonflame
|upkeep
|
|t:|1783135181
|switch|p2a: Primarina|Primarina, L50, M|100/100
|turn|2
|
|t:|1783135203
|switch|p1a: Kingambit|Kingambit, L50, F|100/100
|move|p1b: Delphox|Protect|p1b: Delphox
|-singleturn|p1b: Delphox|Protect
|move|p2b: Venusaur|Sludge Bomb|p1a: Kingambit
|-immune|p1a: Kingambit
|move|p2a: Primarina|Hyper Voice|p1b: Delphox|[spread] p1a
|-activate|p1b: Delphox|move: Protect
|-damage|p1a: Kingambit|61/100
|
|upkeep
|turn|3
|inactive|daniiivgc has 30 seconds left.
|
|t:|1783135231
|switch|p1b: Sinistcha|Sinistcha, L50|100/100
|-heal|p1a: Kingambit|86/100|[from] ability: Hospitality|[of] p1b: Sinistcha
|move|p2b: Venusaur|Sludge Bomb|p1b: Sinistcha
|-damage|p1b: Sinistcha|55/100
|move|p2a: Primarina|Hyper Voice|p1a: Kingambit|[spread] p1a,p1b
|-resisted|p1b: Sinistcha|1
|-damage|p1a: Kingambit|49/100
|-damage|p1b: Sinistcha|37/100
|move|p1a: Kingambit|Kowtow Cleave|p2b: Venusaur
|-damage|p2b: Venusaur|22/100
|
|upkeep
|turn|4
|inactive|daniiivgc has 30 seconds left.
|inactive|Plopy14 has 30 seconds left.
|
|t:|1783135262
|move|p2b: Venusaur|Protect|p2b: Venusaur
|-singleturn|p2b: Venusaur|Protect
|move|p1a: Kingambit|Sucker Punch||[still]
|-fail|p1a: Kingambit
|move|p2a: Primarina|Moonblast|p1a: Kingambit
|-damage|p1a: Kingambit|3/100
|move|p1b: Sinistcha|Matcha Gotcha|p2a: Primarina|[spread] p2a
|-activate|p2b: Venusaur|move: Protect
|-supereffective|p2a: Primarina|1
|-damage|p2a: Primarina|60/100
|-heal|p1b: Sinistcha|58/100|[from] drain|[of] p2a: Primarina
|
|-sideend|p2: daniiivgc|move: Tailwind
|upkeep
|turn|5
|
|t:|1783135274
|move|p2a: Primarina|Aqua Jet|p1a: Kingambit
|-damage|p1a: Kingambit|0 fnt
|faint|p1a: Kingambit
|move|p2b: Venusaur|Sludge Bomb|p1b: Sinistcha
|-damage|p1b: Sinistcha|16/100
|-status|p1b: Sinistcha|psn
|move|p1b: Sinistcha|Matcha Gotcha|p2b: Venusaur|[spread] p2a
|-miss|p1b: Sinistcha|p2b: Venusaur
|-supereffective|p2a: Primarina|1
|-damage|p2a: Primarina|18/100
|-heal|p1b: Sinistcha|38/100 psn|[from] drain|[of] p2a: Primarina
|
|-damage|p1b: Sinistcha|26/100 psn|[from] psn
|upkeep
|
|t:|1783135285
|switch|p1a: Delphox|Delphox-Mega, L50, M|100/100
|turn|6
|
|t:|1783135310
|switch|p1b: Sneasler|Sneasler, L50, F|16/100
|move|p1a: Delphox|Heat Wave|p2b: Venusaur|[spread] p2a,p2b
|-resisted|p2a: Primarina|1
|-supereffective|p2b: Venusaur|1
|-damage|p2a: Primarina|2/100
|-damage|p2b: Venusaur|0 fnt
|faint|p2b: Venusaur
|move|p2a: Primarina|Hyper Voice|p1b: Sneasler|[spread] p1a,p1b
|-supereffective|p1a: Delphox|1
|-damage|p1a: Delphox|32/100
|-damage|p1b: Sneasler|0 fnt
|faint|p1b: Sneasler
|
|upkeep
|
|t:|1783135326
|switch|p1b: Sinistcha|Sinistcha, L50|26/100 psn
|switch|p2b: Hydreigon|Hydreigon, L50, F|100/100
|-heal|p1a: Delphox|57/100|[from] ability: Hospitality|[of] p1b: Sinistcha
|turn|7
|
|t:|1783135338
|move|p2b: Hydreigon|Protect|p2b: Hydreigon
|-singleturn|p2b: Hydreigon|Protect
|move|p2a: Primarina|Protect|p2a: Primarina
|-singleturn|p2a: Primarina|Protect
|move|p1b: Sinistcha|Protect|p1b: Sinistcha
|-singleturn|p1b: Sinistcha|Protect
|move|p1a: Delphox|Nasty Plot|p1a: Delphox
|-boost|p1a: Delphox|spa|2
|
|-damage|p1b: Sinistcha|14/100 psn|[from] psn
|upkeep
|turn|8
|inactive|daniiivgc has 30 seconds left.
|
|t:|1783135364
|move|p1b: Sinistcha|Rage Powder|p1b: Sinistcha
|-singleturn|p1b: Sinistcha|move: Rage Powder
|move|p2a: Primarina|Aqua Jet|p1b: Sinistcha
|-resisted|p1b: Sinistcha|1
|-damage|p1b: Sinistcha|9/100 psn
|move|p1a: Delphox|Heat Wave|p2a: Primarina|[spread] p2a,p2b
|-resisted|p2a: Primarina|1
|-resisted|p2b: Hydreigon|1
|-damage|p2a: Primarina|0 fnt
|-damage|p2b: Hydreigon|53/100
|faint|p2a: Primarina
|move|p2b: Hydreigon|Dark Pulse|p1b: Sinistcha
|-supereffective|p1b: Sinistcha|1
|-damage|p1b: Sinistcha|0 fnt
|faint|p1b: Sinistcha
|-damage|p2b: Hydreigon|43/100|[from] item: Life Orb
|
|upkeep
|turn|9
|
|t:|1783135372
|move|p1a: Delphox|Heat Wave|p2b: Hydreigon
|-resisted|p2b: Hydreigon|1
|-damage|p2b: Hydreigon|0 fnt
|faint|p2b: Hydreigon
|
|win|Plopy14
