|j|☆Omarro
|j|☆naibot2814
|html|Omarronaibot2814    
|uhtml|bestof|Game 2 of a best-of-3
|t:|1783174028
|gametype|doubles
|player|p1|Omarro|dragontamer|1180
|player|p2|naibot2814|ghetsis|1279
|gen|9
|tier|[Gen 9 Champions] VGC 2026 Reg M-B (Bo3)
|rated|
|rule|Species Clause: Limit one of each Pokémon
|rule|Item Clause: Limit 1 of each item
|clearpoke
|poke|p1|Sneasler, L50, F|
|poke|p1|Talonflame, L50, M|
|poke|p1|Steelix, L50, F|
|poke|p1|Rotom-Wash, L50|
|poke|p1|Tyranitar, L50, F|
|poke|p1|Sinistcha-Masterpiece, L50|
|poke|p2|Incineroar, L50, M|
|poke|p2|Sinistcha, L50, shiny|
|poke|p2|Kingambit, L50, M|
|poke|p2|Delphox, L50, F|
|poke|p2|Sneasler, L50, M|
|poke|p2|Floette-Eternal, L50, F|
|teampreview|4
|showteam|p1|Sneasler||WhiteHerb|Unburden|Protect,FakeOut,DireClaw,CloseCombat|Adamant||F|||50|]Talonflame||SharpBeak|GaleWings|Protect,Tailwind,WillOWisp,BraveBird|Jolly||M|||50|]Steelix||Steelixite|Sturdy|Protect,WideGuard,HeavySlam,HighHorsepower|Impish||F|||50|]Rotom-Wash||Leftovers|Levitate|LightScreen,WillOWisp,Thunderbolt,HydroPump|Timid|||||50|]Tyranitar||Tyranitarite|SandStream|Protect,DragonDance,KnockOff,RockSlide|Adamant||F|||50|]Sinistcha-Masterpiece||SitrusBerry|Hospitality|Protect,RagePowder,TrickRoom,MatchaGotcha|Relaxed|||||50|
|showteam|p2|Incineroar||SitrusBerry|Intimidate|FakeOut,DarkestLariat,FlareBlitz,PartingShot|Careful||M|||50|]Sinistcha||OccaBerry|Hospitality|MatchaGotcha,RagePowder,TrickRoom,Protect|Bold|||||50|]Kingambit||BlackGlasses|Defiant|KowtowCleave,SuckerPunch,SwordsDance,Protect|Adamant||M|||50|]Delphox||Delphoxite|Blaze|HeatWave,Psyshock,NastyPlot,Protect|Timid||F|||50|]Sneasler||FocusSash|PoisonTouch|FakeOut,PoisonJab,CloseCombat,Protect|Jolly||M|||50|]Floette-Eternal||Floettite|FlowerVeil|DrainingKiss,DazzlingGleam,CalmMind,Protect|Modest||F|||50|
|
|t:|1783174082
|teamsize|p1|4
|teamsize|p2|4
|start
|switch|p1a: Sneasler|Sneasler, L50, F|100/100
|switch|p1b: Talonflame|Talonflame, L50, M|100/100
|switch|p2a: Delphox|Delphox, L50, F|100/100
|switch|p2b: Sneasler|Sneasler, L50, M|100/100
|turn|1
|
|t:|1783174096
|detailschange|p2a: Delphox|Delphox-Mega, L50, F
|-mega|p2a: Delphox|Delphox|Delphoxite
|move|p1b: Talonflame|Protect|p1b: Talonflame
|-singleturn|p1b: Talonflame|Protect
|move|p1a: Sneasler|Protect|p1a: Sneasler
|-singleturn|p1a: Sneasler|Protect
|move|p2b: Sneasler|Fake Out|p1b: Talonflame
|-activate|p1b: Talonflame|move: Protect
|move|p2a: Delphox|Psyshock|p1a: Sneasler
|-activate|p1a: Sneasler|move: Protect
|
|upkeep
|turn|2
|
|t:|1783174120
|switch|p1a: Tyranitar|Tyranitar, L50, F|100/100
|-weather|Sandstorm|[from] ability: Sand Stream|[of] p1a: Tyranitar
|move|p1b: Talonflame|Tailwind|p1b: Talonflame
|-sidestart|p1: Omarro|move: Tailwind
|move|p2a: Delphox|Psyshock|p1a: Tyranitar
|-immune|p1a: Tyranitar
|move|p2b: Sneasler|Poison Jab|p1b: Talonflame
|-damage|p1b: Talonflame|48/100
|-status|p1b: Talonflame|psn
|
|-weather|Sandstorm|[upkeep]
|-damage|p1b: Talonflame|42/100 psn|[from] Sandstorm
|-damage|p2a: Delphox|93/100|[from] Sandstorm
|-damage|p2b: Sneasler|94/100|[from] Sandstorm
|-damage|p1b: Talonflame|29/100 psn|[from] psn
|upkeep
|turn|3
|
|t:|1783174151
|switch|p2a: Gumball|Incineroar, L50, M|100/100
|-ability|p2a: Gumball|Intimidate|boost
|-unboost|p1a: Tyranitar|atk|1
|-unboost|p1b: Talonflame|atk|1
|move|p2b: Sneasler|Protect|p2b: Sneasler
|-singleturn|p2b: Sneasler|Protect
|move|p1b: Talonflame|Brave Bird|p2b: Sneasler
|-activate|p2b: Sneasler|move: Protect
|move|p1a: Tyranitar|Dragon Dance|p1a: Tyranitar
|-boost|p1a: Tyranitar|atk|1
|-boost|p1a: Tyranitar|spe|1
|
|-weather|Sandstorm|[upkeep]
|-damage|p1b: Talonflame|23/100 psn|[from] Sandstorm
|-damage|p2b: Sneasler|88/100|[from] Sandstorm
|-damage|p2a: Gumball|94/100|[from] Sandstorm
|-damage|p1b: Talonflame|11/100 psn|[from] psn
|upkeep
|turn|4
|
|t:|1783174174
|move|p2a: Gumball|Fake Out|p1b: Talonflame
|-damage|p1b: Talonflame|0 fnt
|faint|p1b: Talonflame
|move|p1a: Tyranitar|Dragon Dance|p1a: Tyranitar
|-boost|p1a: Tyranitar|atk|1
|-boost|p1a: Tyranitar|spe|1
|move|p2b: Sneasler|Close Combat|p1a: Tyranitar
|-supereffective|p1a: Tyranitar|2
|-damage|p1a: Tyranitar|0 fnt
|-unboost|p2b: Sneasler|def|1
|-unboost|p2b: Sneasler|spd|1
|faint|p1a: Tyranitar
|
|-weather|Sandstorm|[upkeep]
|-damage|p2b: Sneasler|82/100|[from] Sandstorm
|-damage|p2a: Gumball|88/100|[from] Sandstorm
|upkeep
|
|t:|1783174190
|switch|p1b: Steelix|Steelix, L50, F|100/100
|switch|p1a: Sneasler|Sneasler, L50, F|100/100
|turn|5
|
|t:|1783174201
|switch|p2a: Sinistcha|Sinistcha, L50, shiny|100/100
|-heal|p2b: Sneasler|100/100|[from] ability: Hospitality|[of] p2a: Sinistcha
|detailschange|p1b: Steelix|Steelix-Mega, L50, F
|-mega|p1b: Steelix|Steelix|Steelixite
|move|p1a: Sneasler|Protect|p1a: Sneasler
|-singleturn|p1a: Sneasler|Protect
|move|p2b: Sneasler|Protect|p2b: Sneasler
|-singleturn|p2b: Sneasler|Protect
|move|p1b: Steelix|High Horsepower|p2a: Sinistcha
|-resisted|p2a: Sinistcha|1
|-damage|p2a: Sinistcha|80/100
|
|-weather|Sandstorm|[upkeep]
|-damage|p1a: Sneasler|94/100|[from] Sandstorm
|-damage|p2b: Sneasler|94/100|[from] Sandstorm
|-damage|p2a: Sinistcha|74/100|[from] Sandstorm
|-sideend|p1: Omarro|move: Tailwind
|upkeep
|turn|6
|
|t:|1783174224
|move|p2a: Sinistcha|Rage Powder|p2a: Sinistcha
|-singleturn|p2a: Sinistcha|move: Rage Powder
|move|p2b: Sneasler|Close Combat|p1b: Steelix
|-supereffective|p1b: Steelix|1
|-damage|p1b: Steelix|47/100
|-unboost|p2b: Sneasler|def|1
|-unboost|p2b: Sneasler|spd|1
|move|p1a: Sneasler|Dire Claw|p2a: Sinistcha
|-damage|p2a: Sinistcha|37/100
|move|p1b: Steelix|Heavy Slam|p2a: Sinistcha
|-damage|p2a: Sinistcha|0 fnt
|faint|p2a: Sinistcha
|
|-weather|none
|upkeep
|
|t:|1783174231
|switch|p2a: Delphox|Delphox-Mega, L50, F|93/100
|turn|7
|
|t:|1783174248
|move|p1a: Sneasler|Protect|p1a: Sneasler
|-singleturn|p1a: Sneasler|Protect
|move|p2a: Delphox|Psyshock|p1a: Sneasler
|-activate|p1a: Sneasler|move: Protect
|move|p2b: Sneasler|Close Combat|p1b: Steelix
|-supereffective|p1b: Steelix|1
|-damage|p1b: Steelix|0 fnt
|-unboost|p2b: Sneasler|def|1
|-unboost|p2b: Sneasler|spd|1
|faint|p1b: Steelix
|
|upkeep
|turn|8
|
|t:|1783174261
|move|p2b: Sneasler|Protect|p2b: Sneasler
|-singleturn|p2b: Sneasler|Protect
|move|p2a: Delphox|Psyshock|p1a: Sneasler
|-supereffective|p1a: Sneasler|2
|-damage|p1a: Sneasler|0 fnt
|faint|p1a: Sneasler
|
|win|naibot2814
||naibot2814 is ready for game 3.
|l|☆Omarro
|player|p1|
||Omarro is ready for game 3.
|uhtml|next|Next: Game 3 of 3
