|j|☆washingtongargacha
|j|☆snailer
|html|washingtongargachasnailer    
|uhtml|bestof|Game 1 of a best-of-3
|t:|1756888753
|gametype|doubles
|player|p1|washingtongargacha|102|1077
|player|p2|snailer|lacey|1000
|gen|9
|tier|[Gen 9] VGC 2025 Reg H (Bo3)
|rated|
|rule|Species Clause: Limit one of each Pokémon
|rule|Item Clause: Limit 1 of each item
|clearpoke
|poke|p1|Talonflame, L50, M|
|poke|p1|Gholdengo, L50|
|poke|p1|Dragonite, L50, F|
|poke|p1|Archaludon, L50, F|
|poke|p1|Tyranitar, L50, M|
|poke|p1|Garchomp, L50, M|
|poke|p2|Wigglytuff, L50, F|
|poke|p2|Wyrdeer, L50, F|
|poke|p2|Venusaur, L50, F|
|poke|p2|Shiftry, L50, M|
|poke|p2|Torkoal, L50, F|
|poke|p2|Milotic, L50, F|
|teampreview|4
|showteam|p1|Talonflame||CovertCloak|GaleWings|Tailwind,BraveBird,Taunt,WillOWisp|||M|||50|,,,,,Ghost]Gholdengo||ChoiceSpecs|GoodasGold|MakeItRain,SteelBeam,ShadowBall,PowerGem||||||50|,,,,,Steel]Dragonite||LoadedDice|Multiscale|ScaleShot,IceSpinner,Haze,Protect|||F|||50|,,,,,Steel]Archaludon||PowerHerb|Sturdy|FlashCannon,ElectroShot,DracoMeteor,Protect|||F|||50|,,,,,Flying]Tyranitar||AssaultVest|SandStream|KnockOff,RockSlide,TeraBlast,LowKick|||M|||50|,,,,,Flying]Garchomp||LifeOrb|RoughSkin|DragonClaw,StompingTantrum,Earthquake,Protect|||M|||50|,,,,,Steel
|showteam|p2|Wigglytuff||ThroatSpray|Competitive|AlluringVoice,HyperVoice,CalmMind,DazzlingGleam|||F|||50|,,,,,Fairy]Wyrdeer||FocusSash|Intimidate|SkillSwap,Protect,ZenHeadbutt,TeraBlast|||F|||50|,,,,,Steel]Venusaur||Leftovers|Chlorophyll|SleepPowder,Protect,SolarBeam,SludgeBomb|||F|||50|,,,,,Dark]Shiftry||ChoiceScarf|WindRider|Explosion,AirSlash,LeafBlade,FoulPlay|||M|||50|,,,,,Grass]Torkoal||Charcoal|Drought|Eruption,HeatWave,Protect,Yawn|||F|||50|,,,,,Fire]Milotic||SitrusBerry|Competitive|Scald,IcyWind,IceBeam,BodySlam|||F|||50|,,,,,Dragon
|
|t:|1756888798
|teamsize|p1|4
|teamsize|p2|4
|start
|switch|p1a: Talonflame|Talonflame, L50, M|100/100
|switch|p1b: Dragonite|Dragonite, L50, F|100/100
|switch|p2a: Wyrdeer|Wyrdeer, L50, F|100/100
|switch|p2b: Wigglytuff|Wigglytuff, L50, F|100/100
|-ability|p2a: Wyrdeer|Intimidate|boost
|-unboost|p1a: Talonflame|atk|1
|-unboost|p1b: Dragonite|atk|1
|turn|1
|
|t:|1756888828
|move|p1a: Talonflame|Taunt|p2b: Wigglytuff
|-start|p2b: Wigglytuff|move: Taunt
|move|p1b: Dragonite|Scale Shot|p2a: Wyrdeer
|-damage|p2a: Wyrdeer|89/100
|-damage|p2a: Wyrdeer|79/100
|-damage|p2a: Wyrdeer|68/100
|-damage|p2a: Wyrdeer|56/100
|-damage|p2a: Wyrdeer|46/100
|-hitcount|p2a: Wyrdeer|5
|-unboost|p1b: Dragonite|def|1
|-boost|p1b: Dragonite|spe|1
|move|p2a: Wyrdeer|Skill Swap|p1b: Dragonite
|-activate|p2a: Wyrdeer|move: Skill Swap|Multiscale|Intimidate|[of] p1b: Dragonite
|-ability|p1b: Dragonite|Intimidate|boost
|-unboost|p2a: Wyrdeer|atk|1
|-unboost|p2b: Wigglytuff|atk|1
|-ability|p2b: Wigglytuff|Competitive|boost
|-boost|p2b: Wigglytuff|spa|2
|move|p2b: Wigglytuff|Alluring Voice|p1b: Dragonite
|-supereffective|p1b: Dragonite
|-crit|p1b: Dragonite
|-damage|p1b: Dragonite|0 fnt
|faint|p1b: Dragonite
|-enditem|p2b: Wigglytuff|Throat Spray
|-boost|p2b: Wigglytuff|spa|1|[from] item: Throat Spray
|
|upkeep
|
|t:|1756888851
|switch|p1b: Gholdengo|Gholdengo, L50|100/100
|turn|2
|
|t:|1756888876
|move|p1a: Talonflame|Tailwind|p1a: Talonflame
|-sidestart|p1: washingtongargacha|move: Tailwind
|move|p1b: Gholdengo|Make It Rain|p2b: Wigglytuff|[spread] p2a,p2b
|-supereffective|p2b: Wigglytuff
|-damage|p2a: Wyrdeer|0 fnt
|-damage|p2b: Wigglytuff|0 fnt
|-unboost|p1b: Gholdengo|spa|1
|faint|p2a: Wyrdeer
|faint|p2b: Wigglytuff
|
|upkeep
|
|t:|1756888888
|switch|p2a: Torkoal|Torkoal, L50, F|100/100
|switch|p2b: Venusaur|Venusaur, L50, F|100/100
|-weather|SunnyDay|[from] ability: Drought|[of] p2a: Torkoal
|turn|3
|
|t:|1756888905
|switch|p1a: Tyranitar|Tyranitar, L50, M|100/100
|-weather|Sandstorm|[from] ability: Sand Stream|[of] p1a: Tyranitar
|-terastallize|p2b: Venusaur|Dark
|move|p1b: Gholdengo|Make It Rain|p2a: Torkoal|[spread] p2a,p2b
|-resisted|p2a: Torkoal
|-damage|p2a: Torkoal|65/100
|-damage|p2b: Venusaur|48/100
|-unboost|p1b: Gholdengo|spa|1
|move|p2b: Venusaur|Sludge Bomb|p1a: Tyranitar
|-resisted|p1a: Tyranitar
|-damage|p1a: Tyranitar|92/100
|move|p2a: Torkoal|Eruption|p1a: Tyranitar|[spread] p1a,p1b
|-resisted|p1a: Tyranitar
|-supereffective|p1b: Gholdengo
|-damage|p1a: Tyranitar|87/100
|-damage|p1b: Gholdengo|42/100
|
|-weather|Sandstorm|[upkeep]
|-damage|p2b: Venusaur|42/100|[from] Sandstorm
|-damage|p2a: Torkoal|59/100|[from] Sandstorm
|-heal|p2b: Venusaur|48/100|[from] item: Leftovers
|upkeep
|turn|4
|
|t:|1756888934
|move|p1b: Gholdengo|Make It Rain|p2b: Venusaur|[spread] p2a,p2b
|-resisted|p2a: Torkoal
|-damage|p2a: Torkoal|37/100
|-damage|p2b: Venusaur|11/100
|-unboost|p1b: Gholdengo|spa|1
|move|p1a: Tyranitar|Rock Slide|p2b: Venusaur|[spread] p2a
|-miss|p1a: Tyranitar|p2b: Venusaur
|-supereffective|p2a: Torkoal
|-damage|p2a: Torkoal|2/100
|move|p2b: Venusaur|Sleep Powder|p1a: Tyranitar
|-status|p1a: Tyranitar|slp|[from] move: Sleep Powder
|cant|p2a: Torkoal|flinch
|
|-weather|Sandstorm|[upkeep]
|-damage|p2b: Venusaur|5/100|[from] Sandstorm
|-damage|p2a: Torkoal|0 fnt|[from] Sandstorm
|faint|p2a: Torkoal
|-heal|p2b: Venusaur|11/100|[from] item: Leftovers
|upkeep
|turn|5
|
|t:|1756888957
|move|p1b: Gholdengo|Make It Rain|p2b: Venusaur
|-crit|p2b: Venusaur
|-damage|p2b: Venusaur|0 fnt
|-unboost|p1b: Gholdengo|spa|1
|faint|p2b: Venusaur
|
|win|washingtongargacha
