|j|☆alexabinash
|j|☆TheGayOneVGC
|html|alexabinashTheGayOneVGC    
|uhtml|bestof|Game 1 of a best-of-3
|t:|1786080625
|gametype|doubles
|player|p1|alexabinash|169|1112
|player|p2|TheGayOneVGC|102|1101
|gen|9
|tier|[Gen 9 Champions] VGC 2026 Reg M-B (Bo3)
|rated|
|rule|Species Clause: Limit one of each Pokémon
|rule|Item Clause: Limit 1 of each item
|clearpoke
|poke|p1|Charizard, L50, M|
|poke|p1|Aerodactyl, L50, F|
|poke|p1|Garchomp, L50, F|
|poke|p1|Incineroar, L50, M|
|poke|p1|Metagross, L50|
|poke|p1|Sylveon, L50, F|
|poke|p2|Sinistcha, L50|
|poke|p2|Staraptor, L50, F|
|poke|p2|Talonflame, L50, M|
|poke|p2|Incineroar, L50, M|
|poke|p2|Garchomp, L50, M|
|poke|p2|Blastoise, L50, F|
|teampreview|4
|showteam|p1|Charizard||CharizarditeY|Blaze|Protect,WeatherBall,HeatWave,SolarBeam|Modest||M|||50|]Aerodactyl||FocusSash|Unnerve|RockSlide,DualWingbeat,Protect,Tailwind|Jolly||F|||50|]Garchomp||LifeOrb|RoughSkin|Protect,Earthquake,DragonClaw,StompingTantrum|Jolly||F|||50|]Incineroar||SitrusBerry|Intimidate|FakeOut,FlareBlitz,Protect,PartingShot|Careful||M|||50|]Metagross||Metagrossite|ClearBody|MeteorMash,Protect,PsychicFangs,BulletPunch|Jolly|||||50|]Sylveon||FairyFeather|Pixilate|HyperVoice,CalmMind,Protect,Moonblast|Modest||F|||50|
|showteam|p2|Sinistcha||OccaBerry|Hospitality|ShadowBall,MatchaGotcha,LifeDew,RagePowder|Modest|||||50|]Staraptor||Staraptite|Intimidate|CloseCombat,Roost,Protect,BraveBird|Jolly||F|||50|]Talonflame||FocusSash|GaleWings|DualWingbeat,FeatherDance,Protect,Tailwind|Adamant||M|||50|]Incineroar||SitrusBerry|Intimidate|FakeOut,FlareBlitz,PartingShot,DarkestLariat|Adamant||M|||50|]Garchomp||WideLens|SandVeil|RockSlide,DragonRush,Protect,Earthquake|Jolly||M|||50|]Blastoise||Blastoisinite|Torrent|WaterSpout,DarkPulse,Protect,AuraSphere|Modest||F|||50|
|inactive|Battle timer is ON: inactive players will automatically lose when time's up. (requested by alexabinash)
|inactive|TheGayOneVGC has 60 seconds left.
|
|t:|1786080677
|teamsize|p1|4
|teamsize|p2|4
|start
|switch|p1a: Aerodactyl|Aerodactyl, L50, F|100/100
|switch|p1b: Incineroar|Incineroar, L50, M|100/100
|switch|p2a: Staraptor|Staraptor, L50, F|100/100
|switch|p2b: Talonflame|Talonflame, L50, M|100/100
|-ability|p1a: Aerodactyl|Unnerve
|-ability|p2a: Staraptor|Intimidate|boost
|-unboost|p1a: Aerodactyl|atk|1
|-unboost|p1b: Incineroar|atk|1
|-ability|p1b: Incineroar|Intimidate|boost
|-unboost|p2a: Staraptor|atk|1
|-unboost|p2b: Talonflame|atk|1
|turn|1
|
|t:|1786080693
|detailschange|p2a: Staraptor|Staraptor-Mega, L50, F
|-mega|p2a: Staraptor|Staraptor|Staraptite
|move|p2b: Talonflame|Protect|p2b: Talonflame
|-singleturn|p2b: Talonflame|Protect
|move|p2a: Staraptor|Protect|p2a: Staraptor
|-singleturn|p2a: Staraptor|Protect
|move|p1b: Incineroar|Fake Out|p2b: Talonflame
|-activate|p2b: Talonflame|move: Protect
|move|p1a: Aerodactyl|Tailwind|p1a: Aerodactyl
|-sidestart|p1: alexabinash|move: Tailwind
|
|upkeep
|turn|2
|
|t:|1786080713
|move|p2b: Talonflame|Tailwind|p2b: Talonflame
|-sidestart|p2: TheGayOneVGC|move: Tailwind
|move|p1a: Aerodactyl|Dual Wingbeat|p2a: Staraptor
|-supereffective|p2a: Staraptor|1
|-damage|p2a: Staraptor|70/100
|-supereffective|p2a: Staraptor|1
|-damage|p2a: Staraptor|44/100
|-hitcount|p2a: Staraptor|2
|move|p2a: Staraptor|Close Combat|p1a: Aerodactyl
|-damage|p1a: Aerodactyl|32/100
|-boost|p2a: Staraptor|def|1
|-boost|p2a: Staraptor|spd|1
|move|p1b: Incineroar|Parting Shot|p2b: Talonflame
|-unboost|p2b: Talonflame|atk|1
|-unboost|p2b: Talonflame|spa|1
|
|t:|1786080726
|switch|p1b: Sylveon|Sylveon, L50, F|100/100|[from] Parting Shot
|
|upkeep
|turn|3
|
|t:|1786080746
|switch|p2b: Incineroar|Incineroar, L50, M|100/100
|-ability|p2b: Incineroar|Intimidate|boost
|-unboost|p1a: Aerodactyl|atk|1
|-unboost|p1b: Sylveon|atk|1
|move|p2a: Staraptor|Protect|p2a: Staraptor
|-singleturn|p2a: Staraptor|Protect
|move|p1a: Aerodactyl|Dual Wingbeat|p2a: Staraptor
|-activate|p2a: Staraptor|move: Protect
|move|p1b: Sylveon|Hyper Voice|p2a: Staraptor|[spread] p2b
|-activate|p2a: Staraptor|move: Protect
|-damage|p2b: Incineroar|61/100
|
|upkeep
|turn|4
|
|t:|1786080765
|move|p2b: Incineroar|Fake Out|p1b: Sylveon
|-damage|p1b: Sylveon|84/100
|move|p1a: Aerodactyl|Dual Wingbeat|p2a: Staraptor
|-supereffective|p2a: Staraptor|1
|-damage|p2a: Staraptor|29/100
|-supereffective|p2a: Staraptor|1
|-damage|p2a: Staraptor|14/100
|-hitcount|p2a: Staraptor|2
|move|p2a: Staraptor|Close Combat|p1a: Aerodactyl
|-damage|p1a: Aerodactyl|0 fnt
|-boost|p2a: Staraptor|def|1
|-boost|p2a: Staraptor|spd|1
|faint|p1a: Aerodactyl
|cant|p1b: Sylveon|flinch
|
|-sideend|p1: alexabinash|move: Tailwind
|upkeep
|
|t:|1786080773
|switch|p1a: Metagross|Metagross, L50|100/100
|turn|5
|
|t:|1786080784
|detailschange|p1a: Metagross|Metagross-Mega, L50
|-mega|p1a: Metagross|Metagross|Metagrossite
|move|p2a: Staraptor|Protect|p2a: Staraptor
|-singleturn|p2a: Staraptor|Protect
|move|p1a: Metagross|Bullet Punch|p2a: Staraptor
|-activate|p2a: Staraptor|move: Protect
|move|p2b: Incineroar|Flare Blitz|p1a: Metagross
|-supereffective|p1a: Metagross|1
|-damage|p1a: Metagross|15/100
|-damage|p2b: Incineroar|39/100|[from] Recoil
|-enditem|p2b: Incineroar|Sitrus Berry|[eat]
|-heal|p2b: Incineroar|64/100|[from] item: Sitrus Berry
|move|p1b: Sylveon|Moonblast|p2b: Incineroar
|-damage|p2b: Incineroar|20/100y
|
|-sideend|p2: TheGayOneVGC|move: Tailwind
|upkeep
|turn|6
|inactive|TheGayOneVGC has 30 seconds left.
|inactive|TheGayOneVGC has 20 seconds left.
|
|t:|1786080820
|switch|p2a: Garchomp|Garchomp, L50, M|100/100
|move|p1a: Metagross|Bullet Punch|p2a: Garchomp
|-damage|p2a: Garchomp|69/100
|move|p2b: Incineroar|Parting Shot|p1b: Sylveon
|-unboost|p1b: Sylveon|atk|1
|-unboost|p1b: Sylveon|spa|1
|
|t:|1786080828
|switch|p2b: Talonflame|Talonflame, L50, M|100/100|[from] Parting Shot
|move|p1b: Sylveon|Hyper Voice|p2a: Garchomp|[spread] p2a,p2b
|-supereffective|p2a: Garchomp|1
|-resisted|p2b: Talonflame|1
|-damage|p2a: Garchomp|1/100
|-damage|p2b: Talonflame|73/100
|
|upkeep
|turn|7
|
|t:|1786080842
|move|p1a: Metagross|Protect|p1a: Metagross
|-singleturn|p1a: Metagross|Protect
|move|p2b: Talonflame|Tailwind|p2b: Talonflame
|-sidestart|p2: TheGayOneVGC|move: Tailwind
|move|p2a: Garchomp|Earthquake|p1a: Metagross|[spread] p1b
|-activate|p1a: Metagross|move: Protect
|-immune|p2b: Talonflame
|-damage|p1b: Sylveon|39/100
|move|p1b: Sylveon|Hyper Voice|p2a: Garchomp|[spread] p2a,p2b
|-supereffective|p2a: Garchomp|1
|-resisted|p2b: Talonflame|1
|-damage|p2a: Garchomp|0 fnt
|-damage|p2b: Talonflame|47/100
|faint|p2a: Garchomp
|
|upkeep
|
|t:|1786080856
|switch|p2a: Incineroar|Incineroar, L50, M|20/100y
|-ability|p2a: Incineroar|Intimidate|boost
|-unboost|p1a: Metagross|atk|1
|-unboost|p1b: Sylveon|atk|1
|turn|8
|
|t:|1786080872
|switch|p1a: Incineroar|Incineroar, L50, M|100/100
|-ability|p1a: Incineroar|Intimidate|boost
|-unboost|p2a: Incineroar|atk|1
|-unboost|p2b: Talonflame|atk|1
|move|p1b: Sylveon|Protect|p1b: Sylveon
|-singleturn|p1b: Sylveon|Protect
|move|p2b: Talonflame|Dual Wingbeat|p1b: Sylveon
|-activate|p1b: Sylveon|move: Protect
|move|p2a: Incineroar|Flare Blitz|p1a: Incineroar
|-resisted|p1a: Incineroar|1
|-damage|p1a: Incineroar|84/100
|-damage|p2a: Incineroar|15/100|[from] Recoil
|
|upkeep
|turn|9
|inactive|TheGayOneVGC has 30 seconds left.
|
|t:|1786080899
|move|p1a: Incineroar|Fake Out|p2b: Talonflame
|-damage|p2b: Talonflame|30/100
|cant|p2b: Talonflame|flinch
|move|p2a: Incineroar|Flare Blitz|p1b: Sylveon
|-damage|p1b: Sylveon|0 fnt
|faint|p1b: Sylveon
|-damage|p2a: Incineroar|2/100|[from] Recoil
|
|upkeep
|
|t:|1786080907
|switch|p1b: Metagross|Metagross-Mega, L50|15/100
|turn|10
|
|t:|1786080927
|move|p1b: Metagross|Protect|p1b: Metagross
|-singleturn|p1b: Metagross|Protect
|move|p2b: Talonflame|Feather Dance|p1b: Metagross
|-activate|p1b: Metagross|move: Protect
|move|p2a: Incineroar|Parting Shot|p1a: Incineroar
|-unboost|p1a: Incineroar|atk|1
|-unboost|p1a: Incineroar|spa|1
|
|t:|1786080935
|switch|p2a: Staraptor|Staraptor-Mega, L50, F|14/100|[from] Parting Shot
|move|p1a: Incineroar|Flare Blitz|p2b: Talonflame
|-resisted|p2b: Talonflame|1
|-damage|p2b: Talonflame|7/100
|-damage|p1a: Incineroar|78/100|[from] Recoil
|
|-sideend|p2: TheGayOneVGC|move: Tailwind
|upkeep
|turn|11
|inactive|TheGayOneVGC has 30 seconds left.
|
|t:|1786080964
|move|p1b: Metagross|Bullet Punch|p2a: Staraptor
|-damage|p2a: Staraptor|0 fnt
|faint|p2a: Staraptor
|move|p2b: Talonflame|Tailwind|p2b: Talonflame
|-sidestart|p2: TheGayOneVGC|move: Tailwind
|move|p1a: Incineroar|Flare Blitz|p2b: Talonflame
|-resisted|p2b: Talonflame|1
|-damage|p2b: Talonflame|0 fnt
|faint|p2b: Talonflame
|-damage|p1a: Incineroar|76/100|[from] Recoil
|
|upkeep
|
|t:|1786080982
|switch|p2b: Incineroar|Incineroar, L50, M|2/100
|-ability|p2b: Incineroar|Intimidate|boost
|-unboost|p1a: Incineroar|atk|1
|-unboost|p1b: Metagross|atk|1
|turn|12
|
|t:|1786080989
|move|p1b: Metagross|Protect|p1b: Metagross
|-singleturn|p1b: Metagross|Protect
|move|p2b: Incineroar|Flare Blitz|p1b: Metagross
|-activate|p1b: Metagross|move: Protect
|move|p1a: Incineroar|Flare Blitz|p2b: Incineroar
|-resisted|p2b: Incineroar|1
|-damage|p2b: Incineroar|0 fnt
|faint|p2b: Incineroar
|-damage|p1a: Incineroar|75/100|[from] Recoil
|
|win|alexabinash
||TheGayOneVGC is ready for game 2.
||alexabinash is ready for game 2.
|uhtml|next|Next: Game 2 of 3
