|j|☆Nhatpia
|j|☆lightanight
|html|Nhatpialightanight    
|uhtml|bestof|Game 2 of a best-of-3
|t:|1783522220
|gametype|doubles
|player|p1|Nhatpia|swimmerf|
|player|p2|lightanight|266|
|gen|9
|tier|[Gen 9 Champions] VGC 2026 Reg M-B (Bo3)
|rule|Species Clause: Limit one of each Pokémon
|rule|Item Clause: Limit 1 of each item
|clearpoke
|poke|p1|Charizard, L50, M, shiny|
|poke|p1|Aerodactyl, L50, F, shiny|
|poke|p1|Garchomp, L50, F, shiny|
|poke|p1|Sylveon, L50, M, shiny|
|poke|p1|Kingambit, L50, M|
|poke|p1|Farigiraf, L50, F, shiny|
|poke|p2|Metagross, L50|
|poke|p2|Tyranitar, L50, F|
|poke|p2|Excadrill, L50, F|
|poke|p2|Grimmsnarl, L50, M|
|poke|p2|Sneasler, L50, M|
|poke|p2|Sinistcha, L50|
|teampreview|4
|showteam|p1|Charizard||CharizarditeY|Blaze|Protect,HeatWave,WeatherBall,SolarBeam|Modest||M|||50|]Aerodactyl||Aerodactylite|Unnerve|RockSlide,DualWingbeat,Tailwind,IceFang|Jolly||F|||50|]Garchomp||LifeOrb|RoughSkin|StompingTantrum,Protect,Earthquake,DragonClaw|Jolly||F|||50|]Sylveon||FairyFeather|Pixilate|HyperVoice,QuickAttack,HyperBeam,Detect|Modest||M|||50|]Kingambit||FocusSash|Defiant|SuckerPunch,KowtowCleave,LowKick,IronHead|Adamant||M|||50|]Farigiraf||SitrusBerry|ArmorTail|TwinBeam,TrickRoom,Thunderbolt,HelpingHand|Bold||F|||50|
|showteam|p2|Metagross||Metagrossite|ClearBody|IronHead,BrickBreak,IcePunch,Protect|Jolly|||||50|]Tyranitar||Tyranitarite|SandStream|RockSlide,KnockOff,DragonDance,Protect|Jolly||F|||50|]Excadrill||FocusSash|SandRush|Earthquake,IronHead,RockSlide,Protect|Adamant||F|||50|]Grimmsnarl||RoseliBerry|Prankster|FoulPlay,PartingShot,LightScreen,Reflect|Careful||M|||50|]Sneasler||WhiteHerb|Unburden|FakeOut,CloseCombat,DireClaw,Protect|Adamant||M|||50|]Sinistcha||SitrusBerry|Hospitality|MatchaGotcha,Protect,RagePowder,LifeDew|Bold|||||50|
|
|t:|1783522241
|teamsize|p1|4
|teamsize|p2|4
|start
|switch|p1a: Garchomp|Garchomp, L50, F, shiny|100/100
|switch|p1b: Aerodactyl|Aerodactyl, L50, F, shiny|100/100
|switch|p2a: Grimmsnarl|Grimmsnarl, L50, M|100/100
|switch|p2b: Metagross|Metagross, L50|100/100
|-ability|p1b: Aerodactyl|Unnerve
|turn|1
|inactive|Battle timer is ON: inactive players will automatically lose when time's up. (requested by Nhatpia)
|
|t:|1783522262
|detailschange|p2b: Metagross|Metagross-Mega, L50
|-mega|p2b: Metagross|Metagross|Metagrossite
|move|p2a: Grimmsnarl|Reflect|p2a: Grimmsnarl
|-sidestart|p2: lightanight|Reflect
|move|p1b: Aerodactyl|Tailwind|p1b: Aerodactyl
|-sidestart|p1: Nhatpia|move: Tailwind
|move|p1a: Garchomp|Stomping Tantrum|p2b: Metagross
|-supereffective|p2b: Metagross|1
|-damage|p2b: Metagross|55/100
|-damage|p1a: Garchomp|90/100|[from] item: Life Orb
|move|p2b: Metagross|Iron Head|p1b: Aerodactyl
|-supereffective|p1b: Aerodactyl|1
|-damage|p1b: Aerodactyl|0 fnt
|faint|p1b: Aerodactyl
|
|upkeep
|
|t:|1783522287
|switch|p1b: Kingambit|Kingambit, L50, M|100/100
|turn|2
|
|t:|1783522303
|move|p2b: Metagross|Protect|p2b: Metagross
|-singleturn|p2b: Metagross|Protect
|move|p2a: Grimmsnarl|Parting Shot|p1a: Garchomp
|-unboost|p1a: Garchomp|atk|1
|-unboost|p1a: Garchomp|spa|1
|
|t:|1783522310
|switch|p2a: Tyranitar|Tyranitar, L50, F|100/100|[from] Parting Shot
|-weather|Sandstorm|[from] ability: Sand Stream|[of] p2a: Tyranitar
|move|p1a: Garchomp|Stomping Tantrum|p2b: Metagross
|-activate|p2b: Metagross|move: Protect
|move|p1b: Kingambit|Kowtow Cleave|p2b: Metagross
|-activate|p2b: Metagross|move: Protect
|
|-weather|Sandstorm|[upkeep]
|upkeep
|turn|3
|inactive|Nhatpia has 30 seconds left.
|j| GoPlayCatch
|l| GoPlayCatch
|inactive|Nhatpia has 20 seconds left.
|inactive|Nhatpia has 15 seconds left.
|
|t:|1783522352
|switch|p2b: Grimmsnarl|Grimmsnarl, L50, M|100/100
|move|p2a: Tyranitar|Protect|p2a: Tyranitar
|-singleturn|p2a: Tyranitar|Protect
|move|p1a: Garchomp|Stomping Tantrum|p2a: Tyranitar
|-activate|p2a: Tyranitar|move: Protect
|move|p1b: Kingambit|Kowtow Cleave|p2b: Grimmsnarl
|-resisted|p2b: Grimmsnarl|2
|-damage|p2b: Grimmsnarl|92/100
|
|-weather|Sandstorm|[upkeep]
|-damage|p2b: Grimmsnarl|86/100|[from] Sandstorm
|upkeep
|turn|4
|
|t:|1783522375
|switch|p2a: Metagross|Metagross-Mega, L50|55/100
|move|p1a: Garchomp|Protect|p1a: Garchomp
|-singleturn|p1a: Garchomp|Protect
|move|p2b: Grimmsnarl|Parting Shot|p1a: Garchomp
|-activate|p1a: Garchomp|move: Protect
|move|p1b: Kingambit|Low Kick|p2a: Metagross
|-damage|p2a: Metagross|32/100
|
|-weather|Sandstorm|[upkeep]
|-damage|p2b: Grimmsnarl|80/100|[from] Sandstorm
|-sideend|p1: Nhatpia|move: Tailwind
|upkeep
|turn|5
|
|t:|1783522396
|move|p2b: Grimmsnarl|Parting Shot|p1a: Garchomp
|-unboost|p1a: Garchomp|atk|1
|-unboost|p1a: Garchomp|spa|1
|
|t:|1783522401
|switch|p2b: Tyranitar|Tyranitar, L50, F|100/100|[from] Parting Shot
|move|p1a: Garchomp|Stomping Tantrum|p2a: Metagross
|-supereffective|p2a: Metagross|1
|-damage|p2a: Metagross|7/100
|-damage|p1a: Garchomp|80/100|[from] item: Life Orb
|move|p2a: Metagross|Brick Break|p1b: Kingambit
|-supereffective|p1b: Kingambit|2
|-enditem|p1b: Kingambit|Focus Sash
|-damage|p1b: Kingambit|1/100
|move|p1b: Kingambit|Low Kick|p2b: Tyranitar
|-supereffective|p2b: Tyranitar|2
|-damage|p2b: Tyranitar|5/100
|
|-weather|Sandstorm|[upkeep]
|-sideend|p2: lightanight|Reflect
|upkeep
|turn|6
|inactive|Nhatpia has 30 seconds left.
|
|t:|1783522429
|switch|p2b: Grimmsnarl|Grimmsnarl, L50, M|80/100
|switch|p1b: Charizard|Charizard, L50, M, shiny|100/100
|move|p1a: Garchomp|Earthquake|p2b: Grimmsnarl|[spread] p2a,p2b
|-immune|p1b: Charizard
|-supereffective|p2a: Metagross|1
|-damage|p2a: Metagross|0 fnt
|-damage|p2b: Grimmsnarl|55/100
|faint|p2a: Metagross
|-damage|p1a: Garchomp|71/100|[from] item: Life Orb
|
|-weather|none
|upkeep
|
|t:|1783522439
|switch|p2a: Excadrill|Excadrill, L50, F|100/100
|turn|7
|
|t:|1783522453
|switch|p1a: Kingambit|Kingambit, L50, M|1/100
|move|p2a: Excadrill|Protect|p2a: Excadrill
|-singleturn|p2a: Excadrill|Protect
|move|p1b: Charizard|Protect|p1b: Charizard
|-singleturn|p1b: Charizard|Protect
|move|p2b: Grimmsnarl|Reflect|p2b: Grimmsnarl
|-sidestart|p2: lightanight|Reflect
|
|upkeep
|turn|8
|
|t:|1783522473
|switch|p1b: Garchomp|Garchomp, L50, F, shiny|71/100
|move|p1a: Kingambit|Sucker Punch|p2a: Excadrill
|-damage|p2a: Excadrill|61/100
|move|p2a: Excadrill|Rock Slide|p1a: Kingambit|[spread] p1a,p1b
|-resisted|p1a: Kingambit|1
|-resisted|p1b: Garchomp|1
|-damage|p1a: Kingambit|0 fnt
|-damage|p1b: Garchomp|60/100
|faint|p1a: Kingambit
|move|p2b: Grimmsnarl|Foul Play|p1b: Garchomp
|-damage|p1b: Garchomp|21/100
|-damage|p2b: Grimmsnarl|43/100|[from] ability: Rough Skin|[of] p1b: Garchomp
|
|upkeep
|
|t:|1783522486
|switch|p1a: Charizard|Charizard, L50, M, shiny|100/100
|turn|9
|
|t:|1783522505
|move|p1b: Garchomp|Protect|p1b: Garchomp
|-singleturn|p1b: Garchomp|Protect
|move|p2a: Excadrill|Protect|p2a: Excadrill
|-singleturn|p2a: Excadrill|Protect
|move|p2b: Grimmsnarl|Light Screen|p2b: Grimmsnarl
|-sidestart|p2: lightanight|move: Light Screen
|move|p1a: Charizard|Heat Wave|p2b: Grimmsnarl|[spread] p2b
|-activate|p2a: Excadrill|move: Protect
|-damage|p2b: Grimmsnarl|24/100
|
|upkeep
|turn|10
|inactive|Nhatpia has 30 seconds left.
|
|t:|1783522531
|switch|p2b: Tyranitar|Tyranitar, L50, F|5/100
|-weather|Sandstorm|[from] ability: Sand Stream|[of] p2b: Tyranitar
|detailschange|p1a: Charizard|Charizard-Mega-Y, L50, M, shiny
|-mega|p1a: Charizard|Charizard|Charizardite Y
|-weather|SunnyDay|[from] ability: Drought|[of] p1a: Charizard
|move|p1b: Garchomp|Earthquake|p2b: Tyranitar|[spread] p2a,p2b
|-immune|p1a: Charizard
|-supereffective|p2a: Excadrill|1
|-supereffective|p2b: Tyranitar|1
|-damage|p2a: Excadrill|0 fnt
|-damage|p2b: Tyranitar|0 fnt
|faint|p2a: Excadrill
|faint|p2b: Tyranitar
|-damage|p1b: Garchomp|11/100|[from] item: Life Orb
|move|p1a: Charizard|Heat Wave|p2: Excadrill|[notarget]
|-fail|p1a: Charizard
|
|-weather|SunnyDay|[upkeep]
|upkeep
|
|t:|1783522548
|switch|p2b: Grimmsnarl|Grimmsnarl, L50, M|24/100
|turn|11
|
|t:|1783522554
|move|p1b: Garchomp|Earthquake|p2b: Grimmsnarl|[spread] p2b
|-immune|p1a: Charizard
|-damage|p2b: Grimmsnarl|0 fnt
|faint|p2b: Grimmsnarl
|-damage|p1b: Garchomp|2/100|[from] item: Life Orb
|
|win|Nhatpia
||lightanight is ready for game 3.
||Nhatpia is ready for game 3.
|uhtml|next|Next: Game 3 of 3
|l|☆lightanight
|player|p2|
