|j|â˜†WarlogFV
|j|â˜†Autumnal Rein
|html|WarlogFVAutumnal Rein    
|uhtml|bestof|Game 1 of a best-of-3
|t:|1782489723
|gametype|doubles
|player|p1|WarlogFV|erika|
|player|p2|Autumnal Rein|lusamine-nihilego|
|gen|9
|tier|[Gen 9 Champions] VGC 2026 Reg M-B (Bo3)
|rule|Species Clause: Limit one of each PokÃ©mon
|rule|Item Clause: Limit 1 of each item
|clearpoke
|poke|p1|Tyranitar, L50, M|
|poke|p1|Delphox, L50, F|
|poke|p1|Excadrill, L50, M|
|poke|p1|Sneasler, L50, F|
|poke|p1|Rotom-Wash, L50|
|poke|p1|Corviknight, L50, M|
|poke|p2|Swampert, L50, M|
|poke|p2|Pelipper, L50, M, shiny|
|poke|p2|Archaludon, L50, M|
|poke|p2|Basculegion, L50, M|
|poke|p2|Metagross, L50|
|poke|p2|Grimmsnarl, L50, M|
|teampreview|4
|showteam|p1|Tyranitar||Tyranitarite|SandStream|RockSlide,KnockOff,LowKick,Protect|Adamant||M|||50|]Delphox||Delphoxite|Blaze|Psychic,HeatWave,Encore,Protect|Timid||F|||50|]Excadrill||FocusSash|SandRush|Earthquake,IronHead,RockSlide,Protect|Jolly||M|||50|]Sneasler||WhiteHerb|Unburden|CloseCombat,GunkShot,FakeOut,Protect|Jolly||F|||50|]Rotom-Wash||ChoiceScarf|Levitate|HydroPump,Thunderbolt,VoltSwitch,Electroweb|Timid|||||50|]Corviknight||Leftovers|MirrorArmor|BraveBird,IronHead,Tailwind,Roost|Adamant||M|||50|
|showteam|p2|Swampert||Swampertite|Torrent|Protect,WaveCrash,Earthquake,IcePunch|Adamant||M|||50|]Pelipper||FocusSash|Drizzle|Protect,WideGuard,Tailwind,Hurricane|Timid||M|||50|]Archaludon||Leftovers|Stamina|Protect,ElectroShot,DracoMeteor,FlashCannon|Modest||M|||50|]Basculegion||ChoiceScarf|Adaptability|WaveCrash,AquaJet,FlipTurn,LastRespects|Jolly||M|||50|]Metagross||Metagrossite|ClearBody|Protect,BulletPunch,PsychicFangs,IronHead|Adamant|||||50|]Grimmsnarl||LightClay|Prankster|Reflect,LightScreen,PartingShot,SpiritBreak|Careful||M|||50|
|c|â˜†WarlogFV|gimme a sec to send live links rq
|c|â˜†Autumnal Rein|me too
|c|â˜†WarlogFV|glhf
|c|â˜†Autumnal Rein|glhf
|c|â˜†WarlogFV|turn timer on when ur ready
|j| jpievgc
|inactive|Battle timer is ON: inactive players will automatically lose when time's up. (requested by Autumnal Rein)
|j| Coldflame2802
|j| Draxolotl
|j| WahlbandHutsassa
|j| Ab0ve5029
|j| the gong lady
|inactive|WarlogFV has 60 seconds left.
|
|t:|1782489817
|teamsize|p1|4
|teamsize|p2|4
|start
|switch|p1a: Sneasler|Sneasler, L50, F|100/100
|switch|p1b: Rotom|Rotom-Wash, L50|100/100
|switch|p2a: jersey butter|Swampert, L50, M|100/100
|switch|p2b: grimmothy|Grimmsnarl, L50, M|100/100
|turn|1
|j| RadiantSteelix
|inactive|Autumnal Rein has 30 seconds left.
|l| Draxolotl
|inactive|Autumnal Rein has 20 seconds left.
|inactive|Autumnal Rein has 15 seconds left.
|inactive|Autumnal Rein has 10 seconds left.
|j| munchie2ff
|
|t:|1782489866
|detailschange|p2a: jersey butter|Swampert-Mega, L50, M
|-mega|p2a: jersey butter|Swampert|Swampertite
|move|p2b: grimmothy|Parting Shot|p1b: Rotom
|-unboost|p1b: Rotom|atk|1
|-unboost|p1b: Rotom|spa|1
|
|t:|1782489870
|switch|p2b: jet the hawk|Pelipper, L50, M, shiny|100/100|[from] Parting Shot
|-weather|RainDance|[from] ability: Drizzle|[of] p2b: jet the hawk
|move|p2a: jersey butter|Earthquake|p1a: Sneasler|[spread] p1a
|-immune|p2b: jet the hawk
|-immune|p1b: Rotom|[from] ability: Levitate
|-supereffective|p1a: Sneasler|1
|-damage|p1a: Sneasler|0 fnt
|faint|p1a: Sneasler
|move|p1b: Rotom|Hydro Pump|p2a: jersey butter
|-damage|p2a: jersey butter|54/100
|
|-weather|RainDance|[upkeep]
|upkeep
|
|t:|1782489881
|switch|p1a: Tyranitar|Tyranitar, L50, M|100/100
|-weather|Sandstorm|[from] ability: Sand Stream|[of] p1a: Tyranitar
|turn|2
|l| munchie2ff
|
|t:|1782489904
|switch|p2a: grimmothy|Grimmsnarl, L50, M|100/100
|move|p2b: jet the hawk|Protect|p2b: jet the hawk
|-singleturn|p2b: jet the hawk|Protect
|move|p1b: Rotom|Hydro Pump|p2a: grimmothy
|-damage|p2a: grimmothy|70/100
|move|p1a: Tyranitar|Rock Slide|p2b: jet the hawk|[spread] p2a
|-activate|p2b: jet the hawk|move: Protect
|-damage|p2a: grimmothy|39/100
|
|-weather|Sandstorm|[upkeep]
|-damage|p1b: Rotom|94/100|[from] Sandstorm
|-damage|p2b: jet the hawk|94/100|[from] Sandstorm
|-damage|p2a: grimmothy|33/100|[from] Sandstorm
|upkeep
|turn|3
|inactive|Autumnal Rein has 30 seconds left.
|inactive|Autumnal Rein has 20 seconds left.
|inactive|Autumnal Rein has 15 seconds left.
|
|t:|1782489946
|switch|p2b: fih|Basculegion, L50, M|100/100
|move|p1b: Rotom|Hydro Pump|p2a: grimmothy
|-damage|p2a: grimmothy|3/100
|move|p1a: Tyranitar|Knock Off|p2a: grimmothy
|-resisted|p2a: grimmothy|2
|-damage|p2a: grimmothy|0 fnt
|-enditem|p2a: grimmothy|Light Clay|[from] move: Knock Off|[of] p1a: Tyranitar
|faint|p2a: grimmothy
|
|-weather|Sandstorm|[upkeep]
|-damage|p1b: Rotom|88/100|[from] Sandstorm
|-damage|p2b: fih|93/100|[from] Sandstorm
|upkeep
|
|t:|1782489957
|switch|p2a: jet the hawk|Pelipper, L50, M, shiny|94/100
|-weather|RainDance|[from] ability: Drizzle|[of] p2a: jet the hawk
|turn|4
|
|t:|1782489970
|switch|p1b: Excadrill|Excadrill, L50, M|100/100
|switch|p2a: jersey butter|Swampert-Mega, L50, M|54/100
|detailschange|p1a: Tyranitar|Tyranitar-Mega, L50, M
|-mega|p1a: Tyranitar|Tyranitar|Tyranitarite
|-weather|Sandstorm|[from] ability: Sand Stream|[of] p1a: Tyranitar
|move|p2b: fih|Flip Turn|p1a: Tyranitar
|-supereffective|p1a: Tyranitar|1
|-damage|p1a: Tyranitar|53/100
|
|t:|1782489980
|switch|p2b: jet the hawk|Pelipper, L50, M, shiny|94/100|[from] Flip Turn
|-weather|RainDance|[from] ability: Drizzle|[of] p2b: jet the hawk
|move|p1a: Tyranitar|Knock Off|p2b: jet the hawk
|-damage|p2b: jet the hawk|14/100
|-enditem|p2b: jet the hawk|Focus Sash|[from] move: Knock Off|[of] p1a: Tyranitar
|
|-weather|RainDance|[upkeep]
|upkeep
|turn|5
|
|t:|1782489997
|switch|p1a: Rotom|Rotom-Wash, L50|88/100
|move|p1b: Excadrill|Protect|p1b: Excadrill
|-singleturn|p1b: Excadrill|Protect
|move|p2a: jersey butter|Earthquake|p1a: Rotom|[spread] 
|-activate|p1b: Excadrill|move: Protect
|-immune|p2b: jet the hawk
|-immune|p1a: Rotom|[from] ability: Levitate
|move|p2b: jet the hawk|Hurricane|p1b: Excadrill
|-activate|p1b: Excadrill|move: Protect
|
|-weather|RainDance|[upkeep]
|upkeep
|turn|6
|inactive|Autumnal Rein has 30 seconds left.
|
|t:|1782490027
|move|p2b: jet the hawk|Protect|p2b: jet the hawk
|-singleturn|p2b: jet the hawk|Protect
|move|p2a: jersey butter|Earthquake|p1a: Rotom|[spread] p1b
|-activate|p2b: jet the hawk|move: Protect
|-immune|p1a: Rotom|[from] ability: Levitate
|-supereffective|p1b: Excadrill|1
|-enditem|p1b: Excadrill|Focus Sash
|-damage|p1b: Excadrill|1/100
|move|p1a: Rotom|Hydro Pump|p2a: jersey butter|[miss]
|-miss|p1a: Rotom|p2a: jersey butter
|move|p1b: Excadrill|Iron Head|p2b: jet the hawk
|-activate|p2b: jet the hawk|move: Protect
|
|-weather|RainDance|[upkeep]
|upkeep
|turn|7
|
|t:|1782490049
|switch|p2b: fih|Basculegion, L50, M|93/100
|move|p1b: Excadrill|Protect|p1b: Excadrill
|-singleturn|p1b: Excadrill|Protect
|move|p2a: jersey butter|Wave Crash|p1b: Excadrill
|-activate|p1b: Excadrill|move: Protect
|move|p1a: Rotom|Hydro Pump|p2a: jersey butter
|-damage|p2a: jersey butter|0 fnt
|faint|p2a: jersey butter
|
|-weather|RainDance|[upkeep]
|upkeep
|
|t:|1782490059
|switch|p2a: jet the hawk|Pelipper, L50, M, shiny|14/100
|turn|8
|
|t:|1782490082
|switch|p1a: Tyranitar|Tyranitar-Mega, L50, M|53/100
|-weather|Sandstorm|[from] ability: Sand Stream|[of] p1a: Tyranitar
|move|p1b: Excadrill|Iron Head|p2a: jet the hawk
|-resisted|p2a: jet the hawk|1
|-damage|p2a: jet the hawk|0 fnt
|faint|p2a: jet the hawk
|move|p2b: fih|Last Respects|p1a: Tyranitar
|-resisted|p1a: Tyranitar|1
|-damage|p1a: Tyranitar|18/100
|
|-weather|Sandstorm|[upkeep]
|-damage|p2b: fih|87/100|[from] Sandstorm
|upkeep
|turn|9
|
|t:|1782490102
|move|p1a: Tyranitar|Protect|p1a: Tyranitar
|-singleturn|p1a: Tyranitar|Protect
|move|p1b: Excadrill|Earthquake|p2b: fih|[spread] p2b
|-activate|p1a: Tyranitar|move: Protect
|-damage|p2b: fih|40/100
|move|p2b: fih|Last Respects|p1a: Tyranitar
|-activate|p1a: Tyranitar|move: Protect
|
|-weather|Sandstorm|[upkeep]
|-damage|p2b: fih|34/100|[from] Sandstorm
|upkeep
|turn|10
|l| Coldflame2802
|
|t:|1782490114
|move|p1b: Excadrill|Earthquake|p2b: fih|[spread] p1a,p2b
|-supereffective|p1a: Tyranitar|1
|-damage|p1a: Tyranitar|0 fnt
|-damage|p2b: fih|0 fnt
|faint|p1a: Tyranitar
|faint|p2b: fih
|
|win|WarlogFV
||Autumnal Rein is ready for game 2.
||WarlogFV is ready for game 2.
|uhtml|next|Next: Game 2 of 3
|j| Coldflame2802
|l| Coldflame2802
|j| Coldflame2802
|l| Coldflame2802
|j| Coldflame2802
|l| jpievgc
|l| Coldflame2802
|j| Coldflame2802
|j| jpievgc
|l| jpievgc
|l| RadiantSteelix
|l| Coldflame2802
|l| WahlbandHutsassa
|l|â˜†WarlogFV
|player|p1|
|l| Ab0ve5029
|j| FBIsurveillanceman
|l| FBIsurveillanceman
|l| the gong lady
