|j|☆fili53
|j|☆ThetaB
|html|fili53ThetaB    
|uhtml|bestof|Game 2 of a best-of-3
|t:|1757795388
|gametype|doubles
|player|p1|fili53|cress|1232
|player|p2|ThetaB|palmer|1206
|gen|9
|tier|[Gen 9] VGC 2025 Reg H (Bo3)
|rated|
|rule|Species Clause: Limit one of each Pokémon
|rule|Item Clause: Limit 1 of each item
|clearpoke
|poke|p1|Sneasler, L50, F|
|poke|p1|Dondozo, L50, F|
|poke|p1|Kingambit, L50, M|
|poke|p1|Rillaboom, L50, M|
|poke|p1|Dragonite, L50, M|
|poke|p1|Electabuzz, L50, F|
|poke|p2|Arcanine-Hisui, L50, F|
|poke|p2|Whimsicott, L50, M|
|poke|p2|Sneasler, L50, M|
|poke|p2|Dragonite, L50, M|
|poke|p2|Kingambit, L50, M|
|poke|p2|Ursaluna-Bloodmoon, L50, M|
|teampreview|4
|showteam|p1|Sneasler||FocusSash|PoisonTouch|CloseCombat,DireClaw,Coaching,Protect|||F|||50|,,,,,Ghost]Dondozo||Leftovers|Unaware|WaveCrash,Fissure,Yawn,Protect|||F|||50|,,,,,Poison]Kingambit||BlackGlasses|Defiant|KowtowCleave,SuckerPunch,SwordsDance,Protect|||M|||50|,,,,,Dark]Rillaboom||AssaultVest|GrassySurge|WoodHammer,GrassyGlide,HighHorsepower,FakeOut|||M|||50|,,,,,Fire]Dragonite||LoadedDice|Multiscale|ScaleShot,StompingTantrum,Tailwind,Protect|||M|||50|,,,,,Steel]Electabuzz||Eviolite|VitalSpirit|Thunderbolt,Taunt,FollowMe,Protect|||F|||50|,,,,,Ghost
|showteam|p2|Arcanine-Hisui||SitrusBerry|Intimidate|FlareBlitz,RockSlide,Howl,Protect|||F|||50|,,,,,Grass]Whimsicott||CovertCloak|Prankster|Tailwind,Moonblast,Encore,Protect|||M|||50|,,,,,Ghost]Sneasler||FocusSash|Unburden|DireClaw,CloseCombat,FakeOut,Protect|||M|||50|,,,,,Ghost]Dragonite||ChoiceBand|InnerFocus|Outrage,StompingTantrum,ExtremeSpeed,TeraBlast|||M|||50|,,,,,Flying]Kingambit||SafetyGoggles|Defiant|KowtowCleave,SuckerPunch,SwordsDance,Protect|||M|||50|,,,,,Dark]Ursaluna-Bloodmoon||LifeOrb|MindsEye|HyperVoice,EarthPower,BloodMoon,Protect|||M|||50|,,,,,Normal
|inactive|Battle timer is ON: inactive players will automatically lose when time's up. (requested by fili53)
|inactive|ThetaB has 60 seconds left.
|
|t:|1757795466
|teamsize|p1|4
|teamsize|p2|4
|start
|switch|p1a: Kingambit|Kingambit, L50, M|100/100
|switch|p1b: Sneasler|Sneasler, L50, F|100/100
|switch|p2a: Sneasler|Sneasler, L50, M|100/100
|switch|p2b: Dragonite|Dragonite, L50, M|100/100
|turn|1
|inactive|fili53 has 30 seconds left.
|inactive|fili53 has 20 seconds left.
|
|t:|1757795504
|-terastallize|p1b: Sneasler|Ghost
|move|p1a: Kingambit|Protect|p1a: Kingambit
|-singleturn|p1a: Kingambit|Protect
|move|p2a: Sneasler|Fake Out|p1a: Kingambit
|-activate|p1a: Kingambit|move: Protect
|move|p1b: Sneasler|Coaching|p1a: Kingambit
|-boost|p1a: Kingambit|atk|1
|-boost|p1a: Kingambit|def|1
|move|p2b: Dragonite|Stomping Tantrum|p1b: Sneasler
|-damage|p1b: Sneasler|38/100
|
|upkeep
|turn|2
|
|t:|1757795531
|move|p2a: Sneasler|Close Combat|p1a: Kingambit
|-supereffective|p1a: Kingambit
|-damage|p1a: Kingambit|0 fnt
|-unboost|p2a: Sneasler|def|1
|-unboost|p2a: Sneasler|spd|1
|faint|p1a: Kingambit
|move|p1b: Sneasler|Coaching|p1: Kingambit|[notarget]
|-fail|p1b: Sneasler
|move|p2b: Dragonite|Stomping Tantrum|p1b: Sneasler
|-damage|p1b: Sneasler|0 fnt
|faint|p1b: Sneasler
|
|upkeep
|
|t:|1757795536
|switch|p1b: Dragonite|Dragonite, L50, M|100/100
|switch|p1a: Dondozo|Dondozo, L50, F|100/100
|turn|3
|
|t:|1757795551
|switch|p2b: Whimsicott|Whimsicott, L50, M|100/100
|move|p2a: Sneasler|Dire Claw|p1b: Dragonite
|-damage|p1b: Dragonite|78/100
|move|p1b: Dragonite|Tailwind|p1b: Dragonite
|-sidestart|p1: fili53|move: Tailwind
|move|p1a: Dondozo|Yawn|p2b: Whimsicott
|-start|p2b: Whimsicott|move: Yawn|[of] p1a: Dondozo
|
|upkeep
|turn|4
|
|t:|1757795573
|move|p1b: Dragonite|Protect|p1b: Dragonite
|-singleturn|p1b: Dragonite|Protect
|move|p2b: Whimsicott|Encore|p1b: Dragonite
|-activate|p1b: Dragonite|move: Protect
|move|p2a: Sneasler|Dire Claw|p1a: Dondozo
|-damage|p1a: Dondozo|74/100
|-status|p1a: Dondozo|psn
|move|p1a: Dondozo|Fissure|p2b: Whimsicott|[miss]
|-miss|p1a: Dondozo|p2b: Whimsicott
|
|-heal|p1a: Dondozo|80/100 psn|[from] item: Leftovers
|-damage|p1a: Dondozo|68/100 psn|[from] psn
|-end|p2b: Whimsicott|move: Yawn|[silent]
|-status|p2b: Whimsicott|slp
|upkeep
|turn|5
|
|t:|1757795585
|move|p1b: Dragonite|Scale Shot|p2a: Sneasler|[miss]
|-miss|p1b: Dragonite|p2a: Sneasler
|move|p2a: Sneasler|Dire Claw|p1b: Dragonite
|-damage|p1b: Dragonite|30/100
|cant|p2b: Whimsicott|slp
|move|p1a: Dondozo|Fissure|p2b: Whimsicott|[miss]
|-miss|p1a: Dondozo|p2b: Whimsicott
|
|-heal|p1a: Dondozo|74/100 psn|[from] item: Leftovers
|-damage|p1a: Dondozo|61/100 psn|[from] psn
|upkeep
|turn|6
|
|t:|1757795611
|move|p2a: Sneasler|Protect|p2a: Sneasler
|-singleturn|p2a: Sneasler|Protect
|move|p1b: Dragonite|Scale Shot|p2a: Sneasler
|-activate|p2a: Sneasler|move: Protect
|-curestatus|p2b: Whimsicott|slp|[msg]
|move|p2b: Whimsicott|Moonblast|p1b: Dragonite
|-supereffective|p1b: Dragonite
|-damage|p1b: Dragonite|0 fnt
|faint|p1b: Dragonite
|move|p1a: Dondozo|Fissure|p2b: Whimsicott|[miss]
|-miss|p1a: Dondozo|p2b: Whimsicott
|
|-heal|p1a: Dondozo|68/100 psn|[from] item: Leftovers
|-damage|p1a: Dondozo|55/100 psn|[from] psn
|-sideend|p1: fili53|move: Tailwind
|upkeep
|turn|7
|-message|fili53 forfeited.
|
|win|ThetaB
|raw|fili53's rating: 1232 → 1205(-27 for losing)
|raw|ThetaB's rating: 1206 → 1233(+27 for winning)
|l|☆fili53
|player|p1|
