|j|☆fanman64
|j|☆Ferran Tiburon
|html|fanman64Ferran Tiburon    
|uhtml|bestof|Game 2 of a best-of-3
|t:|1784820132
|gametype|doubles
|player|p1|fanman64|170|1229
|player|p2|Ferran Tiburon|265|1376
|gen|9
|tier|[Gen 9 Champions] VGC 2026 Reg M-B (Bo3)
|rated|
|rule|Species Clause: Limit one of each Pokémon
|rule|Item Clause: Limit 1 of each item
|clearpoke
|poke|p1|Sceptile, L50, F|
|poke|p1|Rotom-Heat, L50|
|poke|p1|Whimsicott, L50, F|
|poke|p1|Sinistcha, L50|
|poke|p1|Mamoswine, L50, F|
|poke|p1|Glimmora, L50, F|
|poke|p2|Hydreigon, L50, M|
|poke|p2|Charizard, L50, F|
|poke|p2|Toxapex, L50, M|
|poke|p2|Incineroar, L50, M|
|poke|p2|Venusaur, L50, F|
|poke|p2|Garchomp, L50, F|
|teampreview|4
|showteam|p1|Sceptile||Sceptilite|Unburden|LeafStorm,DragonPulse,EarthPower,Detect|Timid||F|||50|]Rotom-Heat||ChoiceScarf|Levitate|Discharge,VoltSwitch,Overheat,Electroweb|Timid|||||50|]Whimsicott||MentalHerb|Prankster|Moonblast,Tailwind,Encore,Protect|Timid||F|||50|]Sinistcha||SitrusBerry|Hospitality|MatchaGotcha,RagePowder,TrickRoom,Protect|Calm|||||50|]Mamoswine||FocusSash|Oblivious|HighHorsepower,IcicleCrash,IceShard,Protect|Adamant||F|||50|]Glimmora||Glimmoranite|ToxicDebris|SludgeBomb,PowerGem,SpikyShield,EarthPower|Timid||F|||50|
|showteam|p2|Hydreigon||ChoiceScarf|Levitate|DracoMeteor,Snarl,EarthPower,DarkPulse|Modest||M|||50|]Charizard||CharizarditeY|Blaze|HeatWave,WeatherBall,SolarBeam,Protect|Modest||F|||50|]Toxapex||Leftovers|Regenerator|Toxic,Infestation,WideGuard,BanefulBunker|Bold||M|||50|]Incineroar||SitrusBerry|Intimidate|FakeOut,DarkestLariat,PartingShot,FlareBlitz|Impish||M|||50|]Venusaur||FocusSash|Chlorophyll|LeafStorm,SleepPowder,SludgeBomb,Protect|Modest||F|||50|]Garchomp||LifeOrb|RoughSkin|Protect,DragonClaw,Earthquake,StompingTantrum|Jolly||F|||50|
|
|t:|1784820169
|teamsize|p1|4
|teamsize|p2|4
|start
|switch|p1a: Whimsicott|Whimsicott, L50, F|100/100
|switch|p1b: Rotom|Rotom-Heat, L50|100/100
|switch|p2a: Toxapex|Toxapex, L50, M|100/100
|switch|p2b: Incineroar|Incineroar, L50, M|100/100
|-ability|p2b: Incineroar|Intimidate|boost
|-unboost|p1a: Whimsicott|atk|1
|-unboost|p1b: Rotom|atk|1
|turn|1
|inactive|Battle timer is ON: inactive players will automatically lose when time's up. (requested by Ferran Tiburon)
|
|t:|1784820190
|switch|p1a: Glimmora|Glimmora, L50, F|100/100
|move|p2b: Incineroar|Fake Out|p1b: Rotom
|-crit|p1b: Rotom
|-damage|p1b: Rotom|78/100
|cant|p1b: Rotom|flinch
|move|p2a: Toxapex|Infestation|p1b: Rotom
|-resisted|p1b: Rotom|1
|-damage|p1b: Rotom|75/100
|-activate|p1b: Rotom|move: Infestation|[of] p2a: Toxapex
|
|-damage|p1b: Rotom|63/100|[from] move: Infestation|[partiallytrapped]
|upkeep
|turn|2
|inactive|fanman64 has 30 seconds left.
|inactive|Ferran Tiburon has 30 seconds left.
|inactive|Ferran Tiburon has 20 seconds left.
|
|t:|1784820226
|detailschange|p1a: Glimmora|Glimmora-Mega, L50, F
|-mega|p1a: Glimmora|Glimmora|Glimmoranite
|move|p2a: Toxapex|Baneful Bunker|p2a: Toxapex
|-singleturn|p2a: Toxapex|move: Protect
|move|p1b: Rotom|Volt Switch|p2a: Toxapex
|-activate|p2a: Toxapex|move: Protect
|move|p1a: Glimmora|Earth Power|p2a: Toxapex
|-activate|p2a: Toxapex|move: Protect
|move|p2b: Incineroar|Parting Shot|p1a: Glimmora
|-unboost|p1a: Glimmora|atk|1
|-unboost|p1a: Glimmora|spa|1
|
|t:|1784820235
|switch|p2b: Venusaur|Venusaur, L50, F|100/100|[from] Parting Shot
|
|-damage|p1b: Rotom|51/100|[from] move: Infestation|[partiallytrapped]
|upkeep
|turn|3
|
|t:|1784820258
|switch|p1a: Whimsicott|Whimsicott, L50, F|100/100
|switch|p2a: Incineroar|Incineroar, L50, M|100/100
|-ability|p2a: Incineroar|Intimidate|boost
|-unboost|p1a: Whimsicott|atk|1
|-unboost|p1b: Rotom|atk|1
|move|p1b: Rotom|Volt Switch|p2a: Incineroar
|-damage|p2a: Incineroar|73/100
|
|t:|1784820268
|switch|p1b: Glimmora|Glimmora-Mega, L50, F|100/100|[from] Volt Switch
|move|p2b: Venusaur|Sludge Bomb|p1a: Whimsicott
|-supereffective|p1a: Whimsicott|2
|-damage|p1a: Whimsicott|0 fnt
|faint|p1a: Whimsicott
|
|upkeep
|
|t:|1784820280
|switch|p1a: Rotom|Rotom-Heat, L50|51/100
|turn|4
|
|t:|1784820302
|move|p2a: Incineroar|Fake Out|p1a: Rotom
|-damage|p1a: Rotom|35/100
|cant|p1a: Rotom|flinch
|move|p1b: Glimmora|Power Gem|p2a: Incineroar
|-supereffective|p2a: Incineroar|1
|-damage|p2a: Incineroar|0 fnt
|faint|p2a: Incineroar
|move|p2b: Venusaur|Sleep Powder|p1a: Rotom|[miss]
|-miss|p2b: Venusaur|p1a: Rotom
|
|upkeep
|
|t:|1784820314
|switch|p2a: Toxapex|Toxapex, L50, M|100/100
|turn|5
|inactive|Ferran Tiburon has 30 seconds left.
|
|t:|1784820341
|move|p1a: Rotom|Overheat|p2b: Venusaur
|-supereffective|p2b: Venusaur|1
|-enditem|p2b: Venusaur|Focus Sash
|-damage|p2b: Venusaur|1/100
|-unboost|p1a: Rotom|spa|2
|move|p1b: Glimmora|Sludge Bomb|p2b: Venusaur
|-crit|p2b: Venusaur
|-damage|p2b: Venusaur|0 fnt
|faint|p2b: Venusaur
|move|p2a: Toxapex|Infestation|p1b: Glimmora
|-resisted|p1b: Glimmora|1
|-damage|p1b: Glimmora|98/100
|-activate|p1b: Glimmora|move: Infestation|[of] p2a: Toxapex
|
|-damage|p1b: Glimmora|86/100|[from] move: Infestation|[partiallytrapped]
|upkeep
|
|t:|1784820348
|switch|p2b: Charizard|Charizard, L50, F|100/100
|turn|6
|
|t:|1784820361
|switch|p1a: Mamoswine|Mamoswine, L50, F|100/100
|move|p2b: Charizard|Protect|p2b: Charizard
|-singleturn|p2b: Charizard|Protect
|move|p1b: Glimmora|Power Gem|p2b: Charizard
|-activate|p2b: Charizard|move: Protect
|move|p2a: Toxapex|Toxic|p1a: Mamoswine
|-status|p1a: Mamoswine|tox
|
|-damage|p1a: Mamoswine|94/100 tox|[from] psn
|-damage|p1b: Glimmora|74/100|[from] move: Infestation|[partiallytrapped]
|upkeep
|turn|7
|
|t:|1784820378
|detailschange|p2b: Charizard|Charizard-Mega-Y, L50, F
|-mega|p2b: Charizard|Charizard|Charizardite Y
|-weather|SunnyDay|[from] ability: Drought|[of] p2b: Charizard
|move|p1b: Glimmora|Power Gem|p2b: Charizard
|-supereffective|p2b: Charizard|2
|-damage|p2b: Charizard|0 fnt
|faint|p2b: Charizard
|move|p1a: Mamoswine|High Horsepower|p2a: Toxapex
|-supereffective|p2a: Toxapex|1
|-damage|p2a: Toxapex|26/100
|move|p2a: Toxapex|Infestation|p1a: Mamoswine
|-damage|p1a: Mamoswine|89/100 tox
|-activate|p1a: Mamoswine|move: Infestation|[of] p2a: Toxapex
|
|-weather|SunnyDay|[upkeep]
|-heal|p2a: Toxapex|31/100|[from] item: Leftovers
|-damage|p1a: Mamoswine|78/100 tox|[from] psn
|-damage|p1b: Glimmora|62/100|[from] move: Infestation|[partiallytrapped]
|-damage|p1a: Mamoswine|65/100 tox|[from] move: Infestation|[partiallytrapped]
|upkeep
|turn|8
|
|t:|1784820391
|move|p2a: Toxapex|Baneful Bunker|p2a: Toxapex
|-singleturn|p2a: Toxapex|move: Protect
|move|p1b: Glimmora|Earth Power|p2a: Toxapex
|-activate|p2a: Toxapex|move: Protect
|move|p1a: Mamoswine|High Horsepower|p2a: Toxapex
|-activate|p2a: Toxapex|move: Protect
|
|-weather|SunnyDay|[upkeep]
|-heal|p2a: Toxapex|37/100|[from] item: Leftovers
|-damage|p1a: Mamoswine|48/100 tox|[from] psn
|-damage|p1b: Glimmora|50/100g|[from] move: Infestation|[partiallytrapped]
|-damage|p1a: Mamoswine|35/100 tox|[from] move: Infestation|[partiallytrapped]
|upkeep
|turn|9
|
|t:|1784820398
|move|p2a: Toxapex|Baneful Bunker||[still]
|-fail|p2a: Toxapex
|move|p1b: Glimmora|Earth Power|p2a: Toxapex
|-supereffective|p2a: Toxapex|1
|-damage|p2a: Toxapex|0 fnt
|faint|p2a: Toxapex
|
|win|fanman64
|raw|fanman64's rating: 1229 → 1264(+35 for winning)
|raw|Ferran Tiburon's rating: 1376 → 1348(-28 for losing)
|l|☆fanman64
|player|p1|
