|j|☆Hackervgc
|j|☆JZ21
|html|HackervgcJZ21    
|uhtml|bestof|Game 2 of a best-of-3
|t:|1756566717
|gametype|doubles
|player|p1|Hackervgc|gentleman-gen4|
|player|p2|JZ21|brendan-rs|
|gen|9
|tier|[Gen 9] VGC 2025 Reg H (Bo3)
|rule|Species Clause: Limit one of each Pokémon
|rule|Item Clause: Limit 1 of each item
|clearpoke
|poke|p1|Kingambit, L50, M|
|poke|p1|Magmar, L50, F|
|poke|p1|Dragonite, L50, M|
|poke|p1|Sneasler, L50, F|
|poke|p1|Ursaluna-Bloodmoon, L50, M|
|poke|p1|Farigiraf, L50, F|
|poke|p2|Archaludon, L50, M|
|poke|p2|Pelipper, L50, M|
|poke|p2|Basculegion, L50, M|
|poke|p2|Gholdengo, L50|
|poke|p2|Incineroar, L50, M|
|poke|p2|Amoonguss, L50, M|
|teampreview|4
|showteam|p1|Kingambit||AssaultVest|Defiant|KowtowCleave,SuckerPunch,LowKick,TeraBlast|||M|||50|,,,,,Flying]Magmar||Eviolite|VitalSpirit|FollowMe,Protect,Flamethrower,WillOWisp|||F|||50|,,,,,Grass]Dragonite||LoadedDice|Multiscale|ScaleShot,Protect,Haze,Tailwind|||M|||50|,,,,,Fairy]Sneasler||FocusSash|Unburden|ThroatChop,DireClaw,CloseCombat,Protect|||F|||50|,,,,,Stellar]Ursaluna-Bloodmoon||LifeOrb|MindsEye|BloodMoon,Protect,EarthPower,HyperVoice|||M|||50|,,,,,Normal]Farigiraf||SitrusBerry|ArmorTail|TrickRoom,HelpingHand,Psychic,Protect|||F|||50|,,,,,Water
|showteam|p2|Archaludon||AssaultVest|Stamina|ElectroShot,BodyPress,DragonPulse,Snarl|||M|||50|,,,,,Bug]Pelipper||FocusSash|Drizzle|WeatherBall,Hurricane,Tailwind,Protect|||M|||50|,,,,,Ground]Basculegion||ChoiceBand|SwiftSwim|WaveCrash,FlipTurn,LastRespects,AquaJet|||M|||50|,,,,,Water]Gholdengo||LifeOrb|GoodasGold|MakeItRain,ShadowBall,NastyPlot,Protect||||||50|,,,,,Water]Incineroar||SafetyGoggles|Intimidate|KnockOff,PartingShot,Taunt,FakeOut|||M|||50|,,,,,Ghost]Amoonguss||SitrusBerry|Regenerator|Spore,RagePowder,PollenPuff,Protect|||M|||50|,,,,,Water
|inactive|Battle timer is ON: inactive players will automatically lose when time's up. (requested by JZ21)
|
|t:|1756566795
|teamsize|p1|4
|teamsize|p2|4
|start
|switch|p1a: Farigiraf|Farigiraf, L50, F|100/100
|switch|p1b: Ursaluna|Ursaluna-Bloodmoon, L50, M|100/100
|switch|p2a: RicFlareDrip|Incineroar, L50, M, shiny|100/100
|switch|p2b: Mushroom|Amoonguss, L50, M, shiny|100/100
|-ability|p2a: RicFlareDrip|Intimidate|boost
|-unboost|p1a: Farigiraf|atk|1
|-unboost|p1b: Ursaluna|atk|1
|turn|1
|inactive|Hackervgc has 30 seconds left.
|inactive|JZ21 has 30 seconds left.
|inactive|Hackervgc has 20 seconds left.
|inactive|JZ21 has 20 seconds left.
|inactive|Hackervgc has 15 seconds left.
|inactive|JZ21 has 15 seconds left.
|inactive|Hackervgc has 10 seconds left.
|
|t:|1756566842
|-terastallize|p1b: Ursaluna|Normal
|move|p1a: Farigiraf|Helping Hand|p1b: Ursaluna
|-singleturn|p1b: Ursaluna|Helping Hand|[of] p1a: Farigiraf
|move|p2a: RicFlareDrip|Taunt|p1a: Farigiraf
|-start|p1a: Farigiraf|move: Taunt
|move|p1b: Ursaluna|Blood Moon|p2b: Mushroom
|-damage|p2b: Mushroom|0 fnt
|faint|p2b: Mushroom
|-damage|p1b: Ursaluna|90/100|[from] item: Life Orb
|
|upkeep
|inactive|JZ21 has 30 seconds left.
|
|t:|1756566869
|switch|p2b: Gholdengo|Gholdengo, L50|100/100
|turn|2
|inactive|JZ21 has 30 seconds left.
|inactive|Hackervgc has 30 seconds left.
|inactive|JZ21 has 20 seconds left.
|
|t:|1756566905
|switch|p1a: Magmar|Magmar, L50, F|100/100
|-terastallize|p2b: Gholdengo|Water
|move|p1b: Ursaluna|Protect|p1b: Ursaluna
|-singleturn|p1b: Ursaluna|Protect
|move|p2b: Gholdengo|Make It Rain|p1b: Ursaluna|[spread] p1a
|-activate|p1b: Ursaluna|move: Protect
|-resisted|p1a: Magmar
|-damage|p1a: Magmar|80/100
|-unboost|p2b: Gholdengo|spa|1
|-damage|p2b: Gholdengo|91/100|[from] item: Life Orb
|move|p2a: RicFlareDrip|Knock Off|p1b: Ursaluna
|-activate|p1b: Ursaluna|move: Protect
|
|upkeep
|turn|3
|inactive|Hackervgc has 30 seconds left.
|inactive|Hackervgc has 20 seconds left.
|
|t:|1756566944
|move|p2b: Gholdengo|Protect|p2b: Gholdengo
|-singleturn|p2b: Gholdengo|Protect
|move|p1a: Magmar|Follow Me|p1a: Magmar
|-singleturn|p1a: Magmar|move: Follow Me
|move|p2a: RicFlareDrip|Taunt|p1a: Magmar
|-start|p1a: Magmar|move: Taunt
|move|p1b: Ursaluna|Earth Power|p2a: RicFlareDrip
|-supereffective|p2a: RicFlareDrip
|-damage|p2a: RicFlareDrip|3/100
|-damage|p1b: Ursaluna|80/100|[from] item: Life Orb
|
|upkeep
|turn|4
|inactive|JZ21 has 30 seconds left.
|inactive|JZ21 has 20 seconds left.
|inactive|JZ21 has 15 seconds left.
|inactive|JZ21 has 10 seconds left.
|inactive|JZ21 has 5 seconds left.
|
|t:|1756566994
|move|p2b: Gholdengo|Make It Rain|p1b: Ursaluna|[spread] p1a,p1b
|-resisted|p1a: Magmar
|-damage|p1a: Magmar|67/100
|-damage|p1b: Ursaluna|35/100
|-unboost|p2b: Gholdengo|spa|1
|-damage|p2b: Gholdengo|82/100|[from] item: Life Orb
|move|p1a: Magmar|Flamethrower|p2a: RicFlareDrip
|-resisted|p2a: RicFlareDrip
|-damage|p2a: RicFlareDrip|0 fnt
|faint|p2a: RicFlareDrip
|move|p1b: Ursaluna|Blood Moon|p2b: Gholdengo
|-damage|p2b: Gholdengo|0 fnt
|faint|p2b: Gholdengo
|-damage|p1b: Ursaluna|25/100|[from] item: Life Orb
|
|upkeep
|
|t:|1756567004
|switch|p2b: Archaludon|Archaludon, L50, M, shiny|100/100
|turn|5
|
|t:|1756567023
|switch|p1b: Farigiraf|Farigiraf, L50, F|100/100
|move|p1a: Magmar|Flamethrower|p2b: Archaludon
|-damage|p2b: Archaludon|78/100
|-ability|p2b: Archaludon|Stamina|boost
|-boost|p2b: Archaludon|def|1
|move|p2b: Archaludon|Dragon Pulse|p1b: Farigiraf
|-damage|p1b: Farigiraf|65/100
|
|upkeep
|turn|6
|
|t:|1756567042
|move|p1a: Magmar|Flamethrower|p2b: Archaludon
|-damage|p2b: Archaludon|52/100
|-ability|p2b: Archaludon|Stamina|boost
|-boost|p2b: Archaludon|def|1
|move|p2b: Archaludon|Snarl|p1b: Farigiraf|[spread] p1a,p1b
|-supereffective|p1b: Farigiraf
|-damage|p1a: Magmar|57/100
|-damage|p1b: Farigiraf|42/100
|-unboost|p1a: Magmar|spa|1
|-unboost|p1b: Farigiraf|spa|1
|-enditem|p1b: Farigiraf|Sitrus Berry|[eat]
|-heal|p1b: Farigiraf|67/100|[from] item: Sitrus Berry
|move|p1b: Farigiraf|Trick Room|p1b: Farigiraf
|-fieldstart|move: Trick Room|[of] p1b: Farigiraf
|
|-end|p1a: Magmar|move: Taunt
|upkeep
|turn|7
|
|t:|1756567054
|switch|p1b: Ursaluna|Ursaluna-Bloodmoon, L50, M, tera:Normal|25/100
|move|p1a: Magmar|Follow Me|p1a: Magmar
|-singleturn|p1a: Magmar|move: Follow Me
|move|p2b: Archaludon|Snarl|p1a: Magmar|[spread] p1a,p1b
|-damage|p1a: Magmar|46/100
|-damage|p1b: Ursaluna|10/100
|-unboost|p1a: Magmar|spa|1
|-unboost|p1b: Ursaluna|spa|1
|
|upkeep
|turn|8
|
|t:|1756567066
|switch|p1a: Kingambit|Kingambit, L50, M|100/100
|move|p1b: Ursaluna|Earth Power|p2b: Archaludon
|-supereffective|p2b: Archaludon
|-damage|p2b: Archaludon|0 fnt
|faint|p2b: Archaludon
|-damage|p1b: Ursaluna|0 fnt|[from] item: Life Orb
|faint|p1b: Ursaluna
|
|win|Hackervgc
||JZ21 is ready for game 3.
||Hackervgc is ready for game 3.
|uhtml|next|Next: Game 3 of 3
|l|☆Hackervgc
|player|p1|
