|j|☆GermanMagearna
|j|☆grendel zolga
|html|GermanMagearnagrendel zolga    
|uhtml|bestof|Game 1 of a best-of-3
|t:|1756638347
|gametype|doubles
|player|p1|GermanMagearna|cynthia-gen4|1079
|player|p2|grendel zolga|266|1009
|gen|9
|tier|[Gen 9] VGC 2025 Reg H (Bo3)
|rated|
|rule|Species Clause: Limit one of each Pokémon
|rule|Item Clause: Limit 1 of each item
|clearpoke
|poke|p1|Indeedee-F, L50, F|
|poke|p1|Hatterene, L50, F|
|poke|p1|Ursaluna, L50, F|
|poke|p1|Incineroar, L50, M|
|poke|p1|Baxcalibur, L50, M|
|poke|p1|Sneasler, L50, M|
|poke|p2|Gyarados, L50, M|
|poke|p2|Sneasler, L50, F|
|poke|p2|Indeedee, L50, M|
|poke|p2|Volcarona, L50, F|
|poke|p2|Ursaluna-Bloodmoon, L50, M|
|poke|p2|Tyranitar, L50, M|
|teampreview|4
|showteam|p1|Indeedee-F||PsychicSeed|PsychicSurge|FollowMe,HelpingHand,Psychic,TrickRoom|||F|||50|,,,,,Dark]Hatterene||FocusSash|MagicBounce|ExpandingForce,DazzlingGleam,Protect,Psychic|||F|||50|,,,,,Fairy]Ursaluna||FlameOrb|Guts|Earthquake,Facade,HeadlongRush,Protect|||F|||50|,,,,,Normal]Incineroar||SafetyGoggles|Intimidate|FakeOut,FlareBlitz,Protect,PartingShot|||M|||50|,,,,,Bug]Baxcalibur||LifeOrb|ThermalExchange|Protect,IcicleCrash,IceShard,GlaiveRush|||M|||50|,,,,,Dragon]Sneasler||AssaultVest|Pressure|FakeOut,Uturn,CloseCombat,DireClaw|||M|||50|,,,,,Fighting
|showteam|p2|Gyarados||SafetyGoggles|Intimidate|Taunt,ThunderWave,Waterfall,Protect|||M|||50|,,,,,Steel]Sneasler||PsychicSeed|Unburden|CloseCombat,DireClaw,ThroatChop,Protect|||F|||50|,,,,,Dark]Indeedee||ChoiceScarf|PsychicSurge|ExpandingForce,TeraBlast,Trick,Protect|||M|||50|,,,,,Psychic]Volcarona||SitrusBerry|FlameBody|Overheat,StruggleBug,RagePowder,Tailwind|||F|||50|,,,,,Grass]Ursaluna-Bloodmoon||LifeOrb|MindsEye|HyperVoice,BloodMoon,EarthPower,Protect|||M|||50|,,,,,Normal]Tyranitar||AssaultVest|SandStream|LowKick,TeraBlast,KnockOff,RockSlide|||M|||50|,,,,,Flying
|
|t:|1756638392
|teamsize|p1|4
|teamsize|p2|4
|start
|switch|p1a: Indeedee|Indeedee-F, L50, F, shiny|100/100
|switch|p1b: Hatterene|Hatterene, L50, F, shiny|100/100
|switch|p2a: Indeedee|Indeedee, L50, M, shiny|100/100
|switch|p2b: Sneasler|Sneasler, L50, F|100/100
|-fieldstart|move: Psychic Terrain|[from] ability: Psychic Surge|[of] p2a: Indeedee
|-enditem|p2b: Sneasler|Psychic Seed
|-boost|p2b: Sneasler|spd|1|[from] item: Psychic Seed
|-enditem|p1a: Indeedee|Psychic Seed
|-boost|p1a: Indeedee|spd|1|[from] item: Psychic Seed
|turn|1
|
|t:|1756638445
|move|p1b: Hatterene|Protect|p1b: Hatterene
|-singleturn|p1b: Hatterene|Protect
|move|p2b: Sneasler|Close Combat|p1a: Indeedee
|-crit|p1a: Indeedee
|-damage|p1a: Indeedee|0 fnt
|-unboost|p2b: Sneasler|def|1
|-unboost|p2b: Sneasler|spd|1
|faint|p1a: Indeedee
|move|p2a: Indeedee|Expanding Force|p1b: Hatterene
|-activate|p1b: Hatterene|move: Protect
|
|upkeep
|
|t:|1756638459
|switch|p1a: Baxcalibur|Baxcalibur, L50, M|100/100
|turn|2
|
|t:|1756638490
|-terastallize|p1a: Baxcalibur|Dragon
|move|p2b: Sneasler|Dire Claw|p1a: Baxcalibur
|-damage|p1a: Baxcalibur|66/100
|-status|p1a: Baxcalibur|slp
|move|p2a: Indeedee|Expanding Force|p1a: Baxcalibur|[spread] p1a,p1b
|-resisted|p1b: Hatterene
|-damage|p1a: Baxcalibur|17/100 slp
|-damage|p1b: Hatterene|69/100
|cant|p1a: Baxcalibur|slp
|move|p1b: Hatterene|Expanding Force|p2a: Indeedee|[spread] p2a,p2b
|-resisted|p2a: Indeedee
|-supereffective|p2b: Sneasler
|-damage|p2a: Indeedee|50/100
|-damage|p2b: Sneasler|0 fnt
|faint|p2b: Sneasler
|
|upkeep
|
|t:|1756638503
|switch|p2b: Volcarona|Volcarona, L50, F, shiny|100/100
|turn|3
|
|t:|1756638513
|-terastallize|p2a: Indeedee|Psychic
|move|p2a: Indeedee|Expanding Force|p1a: Baxcalibur|[spread] p1a,p1b
|-resisted|p1b: Hatterene
|-damage|p1a: Baxcalibur|0 fnt
|-damage|p1b: Hatterene|30/100
|faint|p1a: Baxcalibur
|move|p2b: Volcarona|Struggle Bug|p1b: Hatterene
|-damage|p1b: Hatterene|6/100
|-unboost|p1b: Hatterene|spa|1
|move|p1b: Hatterene|Expanding Force|p2a: Indeedee|[spread] p2a,p2b
|-resisted|p2a: Indeedee
|-damage|p2a: Indeedee|19/100
|-damage|p2b: Volcarona|56/100
|
|upkeep
|
|t:|1756638527
|switch|p1a: Sneasler|Sneasler, L50, M|100/100
|-ability|p1a: Sneasler|Pressure
|turn|4
|
|t:|1756638535
|switch|p2a: Gyarados|Gyarados, L50, M, shiny|100/100
|-ability|p2a: Gyarados|Intimidate|boost
|-unboost|p1a: Sneasler|atk|1
|-unboost|p1b: Hatterene|atk|1
|move|p2b: Volcarona|Struggle Bug|p1a: Sneasler|[spread] p1a,p1b
|-resisted|p1a: Sneasler
|-damage|p1a: Sneasler|97/100
|-damage|p1b: Hatterene|0 fnt
|-unboost|p1a: Sneasler|spa|1
|faint|p1b: Hatterene
|move|p1a: Sneasler|Dire Claw|p2b: Volcarona
|-damage|p2b: Volcarona|25/100
|-enditem|p2b: Volcarona|Sitrus Berry|[eat]
|-heal|p2b: Volcarona|50/100|[from] item: Sitrus Berry
|
|upkeep
|turn|5
|-message|GermanMagearna forfeited.
|raw|GermanMagearna's rating: 1079 → 1053(-26 for losing)
|raw|grendel zolga's rating: 1009 → 1055(+46 for winning)
|
|win|grendel zolga
|l|☆GermanMagearna
|player|p1|
