|j|☆wefgrjcnc
|j|☆adive704
|html|wefgrjcncadive704    
|uhtml|bestof|Game 1 of a best-of-3
|t:|1756286969
|gametype|doubles
|player|p1|wefgrjcnc|266|1000
|player|p2|adive704|n|1000
|gen|9
|tier|[Gen 9] VGC 2025 Reg H (Bo3)
|rated|
|rule|Species Clause: Limit one of each Pokémon
|rule|Item Clause: Limit 1 of each item
|clearpoke
|poke|p1|Torkoal, L50, F|
|poke|p1|Exeggutor, L50, F|
|poke|p1|Indeedee-F, L50, F|
|poke|p1|Blaziken, L50, F|
|poke|p1|Talonflame, L50, F|
|poke|p1|Ursaluna, L50, F|
|poke|p2|Delphox, L50, M|
|poke|p2|Dragapult, L50, M|
|poke|p2|Ursaluna-Bloodmoon, L50, M|
|poke|p2|Indeedee-F, L50, F|
|poke|p2|Amoonguss, L50, F|
|poke|p2|Tinkaton, L50, F|
|teampreview|4
|showteam|p1|Torkoal||EjectPack|Drought|Overheat,Protect,Eruption,HelpingHand|||F|||50|,,,,,Water]Exeggutor||TwistedSpoon|Chlorophyll|SleepPowder,Protect,ExpandingForce,LeafStorm|||F|||50|,,,,,Psychic]Indeedee-F||PsychicSeed|PsychicSurge|FollowMe,HelpingHand,TrickRoom,Psychic|||F|||50|,,,,,Fire]Blaziken||ClearAmulet|SpeedBoost|Protect,CloseCombat,FlareBlitz,SwordsDance|||F|||50|,,,,,Ghost]Talonflame||FocusSash|GaleWings|BraveBird,DualWingbeat,Tailwind,Protect|||F|||50|,,,,,Ghost]Ursaluna||FlameOrb|Guts|Protect,Facade,Earthquake,HeadlongRush|||F|||50|,,,,,Ghost
|showteam|p2|Delphox|||Magician|Overheat,MagicRoom,HelpingHand,Encore|||M|||50|,,,,,Fire]Dragapult||ChoiceBand|ClearBody|Uturn,DragonDarts,SuckerPunch,PhantomForce|||M|||50|,,,,,Steel]Ursaluna-Bloodmoon||Leftovers|MindsEye|Protect,BloodMoon,EarthPower,HyperVoice|||M|||50|,,,,,Ghost]Indeedee-F||PsychicSeed|PsychicSurge|HelpingHand,FollowMe,DazzlingGleam,TrickRoom|||F|||50|,,,,,Psychic]Amoonguss||SitrusBerry|Regenerator|RagePowder,Protect,Spore,SludgeBomb|||F|||50|,,,,,Water]Tinkaton||AssaultVest|MoldBreaker|FakeOut,GigatonHammer,PlayRough,KnockOff|||F|||50|,,,,,Steel
|inactive|Battle timer is ON: inactive players will automatically lose when time's up. (requested by adive704)
|
|t:|1756287101
|teamsize|p1|4
|teamsize|p2|4
|start
|switch|p1a: Exeggutor|Exeggutor, L50, F|100/100
|switch|p1b: Indeedee|Indeedee-F, L50, F|100/100
|switch|p2a: Dragapult|Dragapult, L50, M, shiny|100/100
|switch|p2b: Indeedee|Indeedee-F, L50, F|100/100
|-fieldstart|move: Psychic Terrain|[from] ability: Psychic Surge|[of] p1b: Indeedee
|-enditem|p1b: Indeedee|Psychic Seed
|-boost|p1b: Indeedee|spd|1|[from] item: Psychic Seed
|-enditem|p2b: Indeedee|Psychic Seed
|-boost|p2b: Indeedee|spd|1|[from] item: Psychic Seed
|turn|1
|inactive|wefgrjcnc has 30 seconds left.
|inactive|adive704 has 30 seconds left.
|inactive|wefgrjcnc has 20 seconds left.
|inactive|wefgrjcnc has 15 seconds left.
|inactive|wefgrjcnc has 10 seconds left.
|
|t:|1756287147
|move|p2b: Indeedee|Helping Hand|p2a: Dragapult
|-singleturn|p2a: Dragapult|Helping Hand|[of] p2b: Indeedee
|move|p1b: Indeedee|Follow Me|p1b: Indeedee
|-singleturn|p1b: Indeedee|move: Follow Me
|move|p2a: Dragapult|U-turn|p1b: Indeedee
|-supereffective|p1b: Indeedee
|-damage|p1b: Indeedee|0 fnt
|faint|p1b: Indeedee
|
|t:|1756287160
|switch|p2a: Delphox|Delphox, L50, M, shiny|100/100|[from] U-turn
|move|p1a: Exeggutor|Expanding Force|p2a: Delphox|[spread] p2a,p2b
|-resisted|p2a: Delphox
|-resisted|p2b: Indeedee
|-damage|p2a: Delphox|64/100
|-damage|p2b: Indeedee|83/100
|
|upkeep
|
|t:|1756287172
|switch|p1b: Torkoal|Torkoal, L50, F|100/100
|-weather|SunnyDay|[from] ability: Drought|[of] p1b: Torkoal
|turn|2
|inactive|wefgrjcnc has 30 seconds left.
|inactive|wefgrjcnc has 20 seconds left.
|
|t:|1756287209
|move|p1b: Torkoal|Helping Hand|p1a: Exeggutor
|-singleturn|p1a: Exeggutor|Helping Hand|[of] p1b: Torkoal
|move|p2b: Indeedee|Follow Me|p2b: Indeedee
|-singleturn|p2b: Indeedee|move: Follow Me
|move|p1a: Exeggutor|Leaf Storm|p2b: Indeedee
|-damage|p2b: Indeedee|32/100
|-unboost|p1a: Exeggutor|spa|2
|move|p2a: Delphox|Overheat|p1a: Exeggutor
|-supereffective|p1a: Exeggutor
|-damage|p1a: Exeggutor|0 fnt
|-unboost|p2a: Delphox|spa|2
|faint|p1a: Exeggutor
|-item|p2a: Delphox|Twisted Spoon|[from] ability: Magician|[of] p1: Exeggutor
|
|-weather|SunnyDay|[upkeep]
|upkeep
|
|t:|1756287220
|switch|p1a: Blaziken|Blaziken, L50, F|100/100
|turn|3
|
|t:|1756287239
|move|p2a: Delphox|Helping Hand|p2b: Indeedee
|-singleturn|p2b: Indeedee|Helping Hand|[of] p2a: Delphox
|move|p1a: Blaziken|Swords Dance|p1a: Blaziken
|-boost|p1a: Blaziken|atk|2
|move|p2b: Indeedee|Dazzling Gleam|p1b: Torkoal|[spread] p1a,p1b
|-resisted|p1b: Torkoal
|-crit|p1b: Torkoal
|-damage|p1a: Blaziken|73/100
|-damage|p1b: Torkoal|81/100
|move|p1b: Torkoal|Eruption|p2a: Delphox|[spread] p2a,p2b
|-resisted|p2a: Delphox
|-damage|p2a: Delphox|38/100
|-damage|p2b: Indeedee|8/100
|
|-weather|SunnyDay|[upkeep]
|-ability|p1a: Blaziken|Speed Boost|boost
|-boost|p1a: Blaziken|spe|1
|upkeep
|turn|4
|
|t:|1756287258
|move|p1a: Blaziken|Protect|p1a: Blaziken
|-singleturn|p1a: Blaziken|Protect
|move|p2a: Delphox|Encore|p1a: Blaziken
|-activate|p1a: Blaziken|move: Protect
|move|p2b: Indeedee|Dazzling Gleam|p1a: Blaziken|[spread] p1b
|-activate|p1a: Blaziken|move: Protect
|-resisted|p1b: Torkoal
|-damage|p1b: Torkoal|71/100
|move|p1b: Torkoal|Eruption|p2a: Delphox|[spread] p2a,p2b
|-resisted|p2a: Delphox
|-damage|p2a: Delphox|18/100
|-damage|p2b: Indeedee|0 fnt
|faint|p2b: Indeedee
|
|-weather|SunnyDay|[upkeep]
|-ability|p1a: Blaziken|Speed Boost|boost
|-boost|p1a: Blaziken|spe|1
|upkeep
|
|t:|1756287269
|switch|p2b: Dragapult|Dragapult, L50, M, shiny|100/100
|turn|5
|
|t:|1756287289
|move|p2a: Delphox|Helping Hand|p2b: Dragapult
|-singleturn|p2b: Dragapult|Helping Hand|[of] p2a: Delphox
|move|p1b: Torkoal|Helping Hand|p1a: Blaziken
|-singleturn|p1a: Blaziken|Helping Hand|[of] p1b: Torkoal
|move|p1a: Blaziken|Flare Blitz|p2b: Dragapult
|-resisted|p2b: Dragapult
|-damage|p2b: Dragapult|0 fnt
|faint|p2b: Dragapult
|-damage|p1a: Blaziken|40/100|[from] Recoil
|
|-weather|SunnyDay|[upkeep]
|-fieldend|move: Psychic Terrain
|-ability|p1a: Blaziken|Speed Boost|boost
|-boost|p1a: Blaziken|spe|1
|upkeep
|
|t:|1756287299
|switch|p2b: Ursaluna|Ursaluna-Bloodmoon, L50, M|100/100
|turn|6
|
|t:|1756287312
|move|p2a: Delphox|Helping Hand|p2b: Ursaluna
|-singleturn|p2b: Ursaluna|Helping Hand|[of] p2a: Delphox
|move|p1a: Blaziken|Close Combat|p2b: Ursaluna
|-supereffective|p2b: Ursaluna
|-damage|p2b: Ursaluna|0 fnt
|-unboost|p1a: Blaziken|def|1
|-unboost|p1a: Blaziken|spd|1
|faint|p2b: Ursaluna
|move|p1b: Torkoal|Eruption|p2a: Delphox
|-resisted|p2a: Delphox
|-crit|p2a: Delphox
|-damage|p2a: Delphox|0 fnt
|faint|p2a: Delphox
|
|win|wefgrjcnc
|inactive|wefgrjcnc has 30 seconds to confirm battle start!
|inactive|adive704 has 30 seconds to confirm battle start!
||adive704 is ready for game 2.
||wefgrjcnc is ready for game 2.
|uhtml|next|Next: Game 2 of 3
|l|☆adive704
|player|p2|
|l|☆wefgrjcnc
|player|p1|
|j|☆wefgrjcnc
|player|p1|wefgrjcnc|266|
