|j|☆Maffles
|j|☆randomsnore_gam
|html|Mafflesrandomsnore_gam    
|uhtml|bestof|Game 3 of a best-of-3
|t:|1783515869
|gametype|doubles
|player|p1|Maffles|265|1217
|player|p2|randomsnore_gam|chili|1209
|gen|9
|tier|[Gen 9 Champions] VGC 2026 Reg M-B (Bo3)
|rated|
|rule|Species Clause: Limit one of each Pokémon
|rule|Item Clause: Limit 1 of each item
|clearpoke
|poke|p1|Gengar, L50, M|
|poke|p1|Kingambit, L50, M|
|poke|p1|Ninetales-Alola, L50, F|
|poke|p1|Toxapex, L50, F|
|poke|p1|Basculegion, L50, M|
|poke|p1|Lopunny, L50, M|
|poke|p2|Chandelure, L50, M, shiny|
|poke|p2|Raichu, L50, F, shiny|
|poke|p2|Whimsicott, L50, M|
|poke|p2|Garchomp, L50, F|
|poke|p2|Corviknight, L50, M|
|poke|p2|Palafin, L50, F|
|teampreview|4
|showteam|p1|Gengar||Gengarite|CursedBody|SludgeBomb,Disable,PerishSong,Protect|Timid||M|||50|]Kingambit||ChopleBerry|Defiant|KowtowCleave,SuckerPunch,SwordsDance,Protect|Brave||M|||50|]Ninetales-Alola||FocusSash|SnowWarning|Blizzard,Moonblast,Encore,Protect|Timid||F|||50|]Toxapex||Leftovers|Regenerator|Infestation,Toxic,WideGuard,BanefulBunker|Sassy||F|||50|]Basculegion||SitrusBerry|Adaptability|LastRespects,FlipTurn,Soak,Protect|Sassy||M|||50|]Lopunny||Lopunnite|CuteCharm|CloseCombat,FakeOut,Encore,Protect|Jolly||M|||50|
|showteam|p2|Chandelure||Chandelurite|FlameBody|HeatWave,EnergyBall,ShadowBall,Protect|Modest||M|||50|]Raichu||RaichuniteX|LightningRod|DrainPunch,PlayRough,VoltTackle,Protect|Adamant||F|||50|]Whimsicott||FocusSash|Prankster|Moonblast,Tailwind,Encore,Protect|Timid||M|||50|]Garchomp||LifeOrb|RoughSkin|StompingTantrum,DragonClaw,RockSlide,Protect|Adamant||F|||50|]Corviknight||Leftovers|MirrorArmor|BodyPress,IronHead,Roost,IronDefense|Careful||M|||50|]Palafin||MysticWater|ZerotoHero|IcePunch,CloseCombat,WaveCrash,Protect|Adamant||F|||50|
|inactive|Battle timer is ON: inactive players will automatically lose when time's up. (requested by randomsnore_gam)
|
|t:|1783515894
|teamsize|p1|4
|teamsize|p2|4
|start
|switch|p1a: Gengar|Gengar, L50, M|100/100
|switch|p1b: Lopunny|Lopunny, L50, M|100/100
|switch|p2a: HUFFLEPUFF!|Whimsicott, L50, M|100/100
|switch|p2b: Woah...|Chandelure, L50, M, shiny|100/100
|turn|1
|
|t:|1783515907
|detailschange|p1b: Lopunny|Lopunny-Mega, L50, M
|-mega|p1b: Lopunny|Lopunny|Lopunnite
|move|p2a: HUFFLEPUFF!|Protect|p2a: HUFFLEPUFF!
|-singleturn|p2a: HUFFLEPUFF!|Protect
|move|p2b: Woah...|Protect|p2b: Woah...
|-singleturn|p2b: Woah...|Protect
|move|p1b: Lopunny|Fake Out|p2a: HUFFLEPUFF!
|-activate|p2a: HUFFLEPUFF!|move: Protect
|move|p1a: Gengar|Sludge Bomb|p2a: HUFFLEPUFF!
|-activate|p2a: HUFFLEPUFF!|move: Protect
|
|upkeep
|turn|2
|
|t:|1783515933
|detailschange|p2b: Woah...|Chandelure-Mega, L50, M, shiny
|-mega|p2b: Woah...|Chandelure|Chandelurite
|move|p2a: HUFFLEPUFF!|Encore|p1b: Lopunny
|-start|p1b: Lopunny|Encore
|move|p1b: Lopunny|Fake Out||[still]
|-hint|Fake Out only works on your first turn out.
|-fail|p1b: Lopunny
|move|p1a: Gengar|Sludge Bomb|p2a: HUFFLEPUFF!
|-supereffective|p2a: HUFFLEPUFF!|2
|-enditem|p2a: HUFFLEPUFF!|Focus Sash
|-damage|p2a: HUFFLEPUFF!|1/100
|move|p2b: Woah...|Heat Wave|p1b: Lopunny|[spread] p1a,p1b
|-damage|p1a: Gengar|35/100
|-damage|p1b: Lopunny|42/100
|-start|p2b: Woah...|Disable|Heat Wave|[from] ability: Cursed Body|[of] p1a: Gengar
|
|upkeep
|turn|3
|
|t:|1783515947
|switch|p1b: Toxapex|Toxapex, L50, F|100/100
|switch|p2b: Birb|Corviknight, L50, M|100/100
|move|p1a: Gengar|Protect|p1a: Gengar
|-singleturn|p1a: Gengar|Protect
|move|p2a: HUFFLEPUFF!|Tailwind|p2a: HUFFLEPUFF!
|-sidestart|p2: randomsnore_gam|move: Tailwind
|
|upkeep
|turn|4
|
|t:|1783515955
|switch|p1a: Lopunny|Lopunny-Mega, L50, M|42/100
|move|p2a: HUFFLEPUFF!|Moonblast|p1a: Lopunny
|-supereffective|p1a: Lopunny|1
|-damage|p1a: Lopunny|0 fnt
|faint|p1a: Lopunny
|move|p2b: Birb|Iron Defense|p2b: Birb
|-boost|p2b: Birb|def|2
|move|p1b: Toxapex|Infestation|p2a: HUFFLEPUFF!
|-damage|p2a: HUFFLEPUFF!|0 fnt
|faint|p2a: HUFFLEPUFF!
|
|upkeep
|
|t:|1783515963
|switch|p1a: Ninetales|Ninetales-Alola, L50, F|100/100
|switch|p2a: Woah...|Chandelure-Mega, L50, M, shiny|100/100
|-weather|Snowscape|[from] ability: Snow Warning|[of] p1a: Ninetales
|turn|5
|
|t:|1783515976
|move|p2a: Woah...|Shadow Ball|p1b: Toxapex
|-damage|p1b: Toxapex|63/100
|move|p1a: Ninetales|Encore|p2b: Birb
|-start|p2b: Birb|Encore
|move|p2b: Birb|Iron Defense|p2b: Birb
|-boost|p2b: Birb|def|2
|move|p1b: Toxapex|Toxic|p2a: Woah...
|-status|p2a: Woah...|tox
|
|-weather|Snowscape|[upkeep]
|-heal|p1b: Toxapex|68/100|[from] item: Leftovers
|-damage|p2a: Woah...|94/100 tox|[from] psn
|upkeep
|turn|6
|
|t:|1783515990
|move|p1a: Ninetales|Protect|p1a: Ninetales
|-singleturn|p1a: Ninetales|Protect
|move|p2a: Woah...|Shadow Ball|p1a: Ninetales
|-activate|p1a: Ninetales|move: Protect
|move|p2b: Birb|Iron Defense|p2b: Birb
|-boost|p2b: Birb|def|2
|move|p1b: Toxapex|Infestation|p2a: Woah...
|-resisted|p2a: Woah...|2
|-damage|p2a: Woah...|93/100 tox
|-activate|p2a: Woah...|move: Infestation|[of] p1b: Toxapex
|
|-weather|Snowscape|[upkeep]
|-heal|p1b: Toxapex|74/100|[from] item: Leftovers
|-damage|p2a: Woah...|82/100 tox|[from] psn
|-damage|p2a: Woah...|70/100 tox|[from] move: Infestation|[partiallytrapped]
|-sideend|p2: randomsnore_gam|move: Tailwind
|upkeep
|turn|7
|
|t:|1783516006
|move|p1a: Ninetales|Moonblast|p2a: Woah...
|-resisted|p2a: Woah...|1
|-damage|p2a: Woah...|52/100 tox
|-unboost|p2a: Woah...|spa|1
|move|p2a: Woah...|Heat Wave|p1b: Toxapex|[spread] p1a,p1b
|-supereffective|p1a: Ninetales|1
|-resisted|p1b: Toxapex|1
|-crit|p1b: Toxapex
|-damage|p1a: Ninetales|22/100
|-damage|p1b: Toxapex|53/100
|move|p2b: Birb|Iron Defense|p2b: Birb
|-boost|p2b: Birb|def|0
|move|p1b: Toxapex|Infestation|p2b: Birb
|-resisted|p2b: Birb|2
|-damage|p2b: Birb|99/100
|-activate|p2b: Birb|move: Infestation|[of] p1b: Toxapex
|
|-weather|Snowscape|[upkeep]
|-heal|p2b: Birb|100/100|[from] item: Leftovers
|-heal|p1b: Toxapex|59/100|[from] item: Leftovers
|-damage|p2a: Woah...|35/100 tox|[from] psn
|-damage|p2a: Woah...|23/100 tox|[from] move: Infestation|[partiallytrapped]
|-damage|p2b: Birb|87/100|[from] move: Infestation|[partiallytrapped]
|-end|p2b: Birb|Encore
|upkeep
|turn|8
|
|t:|1783516019
|move|p1b: Toxapex|Baneful Bunker|p1b: Toxapex
|-singleturn|p1b: Toxapex|move: Protect
|move|p1a: Ninetales|Encore|p2b: Birb
|-start|p2b: Birb|Encore
|move|p2a: Woah...|Shadow Ball|p1a: Ninetales
|-damage|p1a: Ninetales|0 fnt
|faint|p1a: Ninetales
|move|p2b: Birb|Iron Defense|p2b: Birb
|-boost|p2b: Birb|def|0
|
|-weather|Snowscape|[upkeep]
|-heal|p2b: Birb|93/100|[from] item: Leftovers
|-heal|p1b: Toxapex|64/100|[from] item: Leftovers
|-damage|p2a: Woah...|1/100 tox|[from] psn
|-damage|p2a: Woah...|0 fnt|[from] move: Infestation|[partiallytrapped]
|faint|p2a: Woah...
|-damage|p2b: Birb|81/100|[from] move: Infestation|[partiallytrapped]
|upkeep
|
|t:|1783516026
|switch|p1a: Gengar|Gengar, L50, M|35/100
|switch|p2a: CHOMP CHOMP!|Garchomp, L50, F|100/100
|turn|9
|
|t:|1783516047
|move|p1a: Gengar|Protect|p1a: Gengar
|-singleturn|p1a: Gengar|Protect
|move|p1b: Toxapex|Baneful Bunker||[still]
|-fail|p1b: Toxapex
|move|p2a: CHOMP CHOMP!|Stomping Tantrum|p1a: Gengar
|-activate|p1a: Gengar|move: Protect
|move|p2b: Birb|Iron Defense|p2b: Birb
|-boost|p2b: Birb|def|0
|
|-weather|none
|-heal|p2b: Birb|87/100|[from] item: Leftovers
|-heal|p1b: Toxapex|70/100|[from] item: Leftovers
|-damage|p2b: Birb|74/100|[from] move: Infestation|[partiallytrapped]
|upkeep
|turn|10
|
|t:|1783516054
|move|p1a: Gengar|Disable|p2a: CHOMP CHOMP!
|-start|p2a: CHOMP CHOMP!|Disable|Stomping Tantrum
|cant|p2a: CHOMP CHOMP!|Disable|Stomping Tantrum
|move|p2b: Birb|Iron Defense|p2b: Birb
|-boost|p2b: Birb|def|0
|move|p1b: Toxapex|Toxic|p2a: CHOMP CHOMP!
|-status|p2a: CHOMP CHOMP!|tox
|
|-heal|p2b: Birb|80/100|[from] item: Leftovers
|-heal|p1b: Toxapex|76/100|[from] item: Leftovers
|-damage|p2a: CHOMP CHOMP!|94/100 tox|[from] psn
|-damage|p2b: Birb|68/100|[from] move: Infestation|[partiallytrapped]
|-end|p2b: Birb|Encore
|upkeep
|turn|11
|
|t:|1783516069
|move|p1b: Toxapex|Baneful Bunker|p1b: Toxapex
|-singleturn|p1b: Toxapex|move: Protect
|move|p1a: Gengar|Perish Song|p1a: Gengar
|-start|p1a: Gengar|perish3|[silent]
|-start|p1b: Toxapex|perish3|[silent]
|-start|p2a: CHOMP CHOMP!|perish3|[silent]
|-start|p2b: Birb|perish3|[silent]
|-fieldactivate|move: Perish Song
|move|p2a: CHOMP CHOMP!|Dragon Claw|p1a: Gengar
|-damage|p1a: Gengar|0 fnt
|faint|p1a: Gengar
|-damage|p2a: CHOMP CHOMP!|84/100 tox|[from] item: Life Orb
|move|p2b: Birb|Body Press|p1b: Toxapex
|-activate|p1b: Toxapex|move: Protect
|
|-heal|p2b: Birb|74/100|[from] item: Leftovers
|-heal|p1b: Toxapex|82/100|[from] item: Leftovers
|-damage|p2a: CHOMP CHOMP!|72/100 tox|[from] psn
|-end|p2b: Birb|Infestation|[partiallytrapped]
|-start|p2a: CHOMP CHOMP!|perish3
|-start|p2b: Birb|perish3
|-start|p1b: Toxapex|perish3
|upkeep
|turn|12
|
|t:|1783516077
|move|p1b: Toxapex|Baneful Bunker||[still]
|-fail|p1b: Toxapex
|move|p2a: CHOMP CHOMP!|Dragon Claw|p1b: Toxapex
|-damage|p1b: Toxapex|36/100
|-damage|p2a: CHOMP CHOMP!|62/100 tox|[from] item: Life Orb
|move|p2b: Birb|Body Press|p1b: Toxapex
|-resisted|p1b: Toxapex|1
|-damage|p1b: Toxapex|5/100
|
|-heal|p2b: Birb|80/100|[from] item: Leftovers
|-heal|p1b: Toxapex|11/100|[from] item: Leftovers
|-damage|p2a: CHOMP CHOMP!|44/100 tox|[from] psn
|-start|p2a: CHOMP CHOMP!|perish2
|-start|p2b: Birb|perish2
|-start|p1b: Toxapex|perish2
|upkeep
|turn|13
|
|t:|1783516082
|move|p1b: Toxapex|Baneful Bunker|p1b: Toxapex
|-singleturn|p1b: Toxapex|move: Protect
|move|p2a: CHOMP CHOMP!|Dragon Claw|p1b: Toxapex
|-activate|p1b: Toxapex|move: Protect
|move|p2b: Birb|Body Press|p1b: Toxapex
|-activate|p1b: Toxapex|move: Protect
|
|-heal|p2b: Birb|86/100|[from] item: Leftovers
|-heal|p1b: Toxapex|17/100|[from] item: Leftovers
|-damage|p2a: CHOMP CHOMP!|21/100 tox|[from] psn
|-end|p2a: CHOMP CHOMP!|Disable
|-start|p2a: CHOMP CHOMP!|perish1
|-start|p2b: Birb|perish1
|-start|p1b: Toxapex|perish1
|upkeep
|turn|14
|
|t:|1783516086
|move|p1b: Toxapex|Baneful Bunker||[still]
|-fail|p1b: Toxapex
|move|p2a: CHOMP CHOMP!|Dragon Claw|p1b: Toxapex
|-damage|p1b: Toxapex|0 fnt
|faint|p1b: Toxapex
|-damage|p2a: CHOMP CHOMP!|11/100 tox|[from] item: Life Orb
|
|win|randomsnore_gam
|raw|Maffles's rating: 1217 → 1191(-26 for losing)
|raw|randomsnore_gam's rating: 1209 → 1235(+26 for winning)
|l|☆Maffles
|player|p1|
|c|☆randomsnore_gam|gg
