|j|☆spellbreakvgc
|j|☆Bl0ste
|html|spellbreakvgcBl0ste    
|uhtml|bestof|Game 2 of a best-of-3
|t:|1756988112
|gametype|doubles
|player|p1|spellbreakvgc|lance|1123
|player|p2|Bl0ste|li|1067
|gen|9
|tier|[Gen 9] VGC 2025 Reg H (Bo3)
|rated|
|rule|Species Clause: Limit one of each Pokémon
|rule|Item Clause: Limit 1 of each item
|clearpoke
|poke|p1|Garganacl, L50, F|
|poke|p1|Dragapult, L50, M|
|poke|p1|Grimmsnarl, L50, M|
|poke|p1|Incineroar, L50, M|
|poke|p1|Dondozo, L50, F|
|poke|p1|Tatsugiri, L50, F|
|poke|p2|Indeedee-F, L50, F|
|poke|p2|Gallade, L50, M|
|poke|p2|Torkoal, L50, M|
|poke|p2|Ursaluna, L50, F|
|poke|p2|Exeggutor, L50, M|
|poke|p2|Zoroark-Hisui, L50, F|
|teampreview|4
|showteam|p1|Garganacl||Leftovers|PurifyingSalt|SaltCure,Recover,WideGuard,Protect|||F|||50|,,,,,Bug]Dragapult||ChoiceBand|ClearBody|DragonDarts,PhantomForce,Uturn,SuckerPunch|||M|||50|,,,,,Dragon]Grimmsnarl||LightClay|Prankster|Reflect,LightScreen,SpiritBreak,ThunderWave|||M|||50|,,,,,Ghost]Incineroar||SafetyGoggles|Intimidate|FakeOut,PartingShot,KnockOff,WillOWisp|||M|||50|,,,,,Ghost]Dondozo||CovertCloak|Unaware|WaveCrash,Earthquake,Yawn,Protect|||F|||50|,,,,,Grass]Tatsugiri||ChoiceScarf|Commander|MuddyWater,IcyWind,DracoMeteor,DragonPulse|||F|||50|,,,,,Ghost
|showteam|p2|Indeedee-F||RockyHelmet|PsychicSurge|Psychic,HelpingHand,FollowMe,TrickRoom|||F|||50|,,,,,Grass]Gallade||ScopeLens|Sharpness|SacredSword,PsychoCut,TrickRoom,WideGuard|||M|||50|,,,,,Grass]Torkoal||Charcoal|Drought|Eruption,WeatherBall,ClearSmog,Protect|||M|||50|,,,,,Fire]Ursaluna||FlameOrb|Guts|Facade,HeadlongRush,Earthquake,Protect|||F|||50|,,,,,Ghost]Exeggutor||FocusSash|Chlorophyll|ExpandingForce,LeafStorm,SleepPowder,TrickRoom|||M|||50|,,,,,Psychic]Zoroark-Hisui||ChoiceSpecs|Illusion|HyperBeam,HyperVoice,ShadowBall,FocusBlast|||F|||50|,,,,,Normal
|inactive|Battle timer is ON: inactive players will automatically lose when time's up. (requested by Bl0ste)
|
|t:|1756988166
|teamsize|p1|4
|teamsize|p2|4
|start
|switch|p1a: Grimmsnarl|Grimmsnarl, L50, M|100/100
|switch|p1b: Dondozo|Dondozo, L50, F|100/100
|switch|p2a: Exeggutor|Exeggutor, L50, M|100/100
|switch|p2b: Gallade|Gallade, L50, M|100/100
|turn|1
|
|t:|1756988181
|-terastallize|p1b: Dondozo|Grass
|move|p1a: Grimmsnarl|Reflect|p1a: Grimmsnarl
|-sidestart|p1: spellbreakvgc|Reflect
|move|p2b: Gallade|Hyper Beam|p1a: Grimmsnarl
|-damage|p1a: Grimmsnarl|2/100
|-mustrecharge|p2b: Gallade
|move|p2a: Exeggutor|Leaf Storm|p1b: Dondozo
|-resisted|p1b: Dondozo
|-damage|p1b: Dondozo|75/100
|-unboost|p2a: Exeggutor|spa|2
|move|p1b: Dondozo|Yawn|p2a: Exeggutor
|-start|p2a: Exeggutor|move: Yawn|[of] p1b: Dondozo
|
|upkeep
|turn|2
|
|t:|1756988202
|switch|p2a: Torkoal|Torkoal, L50, M|100/100
|-weather|SunnyDay|[from] ability: Drought|[of] p2a: Torkoal
|move|p1a: Grimmsnarl|Light Screen|p1a: Grimmsnarl
|-sidestart|p1: spellbreakvgc|move: Light Screen
|cant|p2b: Gallade|recharge
|move|p1b: Dondozo|Yawn|p2a: Torkoal
|-start|p2a: Torkoal|move: Yawn|[of] p1b: Dondozo
|
|-weather|SunnyDay|[upkeep]
|upkeep
|turn|3
|
|t:|1756988219
|switch|p2a: Gallade|Gallade, L50, M|100/100
|move|p1a: Grimmsnarl|Thunder Wave|p2b: Gallade
|-status|p2b: Gallade|par
|move|p2b: Gallade|Hyper Beam|p1b: Dondozo
|-damage|p1b: Dondozo|23/100
|-mustrecharge|p2b: Gallade
|move|p1b: Dondozo|Yawn||[still]
|-fail|p1b: Dondozo
|
|-weather|SunnyDay|[upkeep]
|upkeep
|turn|4
|
|t:|1756988238
|move|p1b: Dondozo|Protect|p1b: Dondozo
|-singleturn|p1b: Dondozo|Protect
|move|p1a: Grimmsnarl|Thunder Wave|p2a: Gallade
|-status|p2a: Gallade|par
|cant|p2b: Gallade|recharge
|cant|p2a: Gallade|par
|
|-weather|SunnyDay|[upkeep]
|upkeep
|turn|5
|
|t:|1756988259
|switch|p2b: Torkoal|Torkoal, L50, M|100/100
|switch|p1b: Dragapult|Dragapult, L50, M|100/100
|move|p1a: Grimmsnarl|Spirit Break|p2a: Gallade
|-supereffective|p2a: Gallade
|-damage|p2a: Gallade|17/100 par
|-unboost|p2a: Gallade|spa|1
|cant|p2a: Gallade|par
|
|-weather|SunnyDay|[upkeep]
|upkeep
|turn|6
|
|t:|1756988275
|switch|p2b: Torkoal|Torkoal, L50, M|100/100 par
|move|p1b: Dragapult|Dragon Darts|p2b: Torkoal
|-damage|p2b: Torkoal|23/100 par
|replace|p2b: Zoroark|Zoroark-Hisui, L50, F
|-end|p2b: Zoroark|Illusion
|-anim|p1b: Dragapult|Dragon Darts|p2a: Gallade
|-damage|p2a: Gallade|0 fnt
|faint|p2a: Gallade
|move|p1a: Grimmsnarl|Spirit Break|p2b: Zoroark
|-damage|p2b: Zoroark|0 fnt
|faint|p2b: Zoroark
|
|-weather|none
|upkeep
|
|t:|1756988282
|switch|p2b: Torkoal|Torkoal, L50, M|100/100
|switch|p2a: Exeggutor|Exeggutor, L50, M|100/100
|-weather|SunnyDay|[from] ability: Drought|[of] p2b: Torkoal
|turn|7
|
|t:|1756988295
|-terastallize|p2b: Torkoal|Fire
|move|p1a: Grimmsnarl|Thunder Wave|p2a: Exeggutor
|-status|p2a: Exeggutor|par
|move|p1b: Dragapult|Dragon Darts|p2b: Torkoal
|-damage|p2b: Torkoal|72/100
|-anim|p1b: Dragapult|Dragon Darts|p2a: Exeggutor
|-damage|p2a: Exeggutor|54/100 par
|move|p2a: Exeggutor|Sleep Powder|p1b: Dragapult
|-status|p1b: Dragapult|slp|[from] move: Sleep Powder
|move|p2b: Torkoal|Eruption|p1a: Grimmsnarl|[spread] p1a,p1b
|-resisted|p1b: Dragapult
|-damage|p1a: Grimmsnarl|0 fnt
|-damage|p1b: Dragapult|63/100 slp
|faint|p1a: Grimmsnarl
|
|-weather|SunnyDay|[upkeep]
|upkeep
|
|t:|1756988313
|switch|p1a: Dondozo|Dondozo, L50, F, tera:Grass|23/100
|turn|8
|
|t:|1756988319
|move|p2b: Torkoal|Protect|p2b: Torkoal
|-singleturn|p2b: Torkoal|Protect
|cant|p1b: Dragapult|slp
|move|p1a: Dondozo|Yawn|p2b: Torkoal
|-activate|p2b: Torkoal|move: Protect
|move|p2a: Exeggutor|Trick Room|p2a: Exeggutor
|-fieldstart|move: Trick Room|[of] p2a: Exeggutor
|
|-weather|SunnyDay|[upkeep]
|-sideend|p1: spellbreakvgc|Reflect
|upkeep
|turn|9
|
|t:|1756988330
|move|p1a: Dondozo|Protect|p1a: Dondozo
|-singleturn|p1a: Dondozo|Protect
|move|p2b: Torkoal|Eruption|p1b: Dragapult|[spread] p1b
|-activate|p1a: Dondozo|move: Protect
|-resisted|p1b: Dragapult
|-damage|p1b: Dragapult|24/100 slp
|cant|p2a: Exeggutor|par
|cant|p1b: Dragapult|slp
|
|-weather|SunnyDay|[upkeep]
|-sideend|p1: spellbreakvgc|move: Light Screen
|upkeep
|turn|10
|
|t:|1756988351
|switch|p1a: Garganacl|Garganacl, L50, F|100/100
|move|p2b: Torkoal|Eruption|p1a: Garganacl|[spread] p1a,p1b
|-resisted|p1a: Garganacl
|-resisted|p1b: Dragapult
|-damage|p1a: Garganacl|75/100
|-damage|p1b: Dragapult|0 fnt
|faint|p1b: Dragapult
|move|p2a: Exeggutor|Expanding Force|p1a: Garganacl
|-damage|p1a: Garganacl|47/100
|
|-weather|SunnyDay|[upkeep]
|-heal|p1a: Garganacl|53/100|[from] item: Leftovers
|upkeep
|
|t:|1756988357
|switch|p1b: Dondozo|Dondozo, L50, F, tera:Grass|23/100
|turn|11
|
|t:|1756988369
|move|p1b: Dondozo|Protect|p1b: Dondozo
|-singleturn|p1b: Dondozo|Protect
|move|p2b: Torkoal|Eruption|p1b: Dondozo|[spread] p1a
|-activate|p1b: Dondozo|move: Protect
|-resisted|p1a: Garganacl
|-damage|p1a: Garganacl|27/100
|move|p1a: Garganacl|Salt Cure|p2b: Torkoal
|-supereffective|p2b: Torkoal
|-crit|p2b: Torkoal
|-damage|p2b: Torkoal|34/100
|-start|p2b: Torkoal|Salt Cure
|cant|p2a: Exeggutor|par
|
|-weather|none
|-heal|p1a: Garganacl|32/100|[from] item: Leftovers
|-damage|p2b: Torkoal|22/100|[from] Salt Cure
|upkeep
|turn|12
|inactive|spellbreakvgc has 30 seconds left.
|inactive|spellbreakvgc has 20 seconds left.
|inactive|spellbreakvgc has 15 seconds left.
|inactive|spellbreakvgc has 10 seconds left.
|inactive|spellbreakvgc has 5 seconds left.
|
|t:|1756988424
|move|p2b: Torkoal|Eruption|p1a: Garganacl|[spread] p1a,p1b
|-resisted|p1a: Garganacl
|-supereffective|p1b: Dondozo
|-damage|p1a: Garganacl|27/100
|-damage|p1b: Dondozo|0 fnt
|faint|p1b: Dondozo
|move|p1a: Garganacl|Salt Cure|p2a: Exeggutor
|-damage|p2a: Exeggutor|36/100 par
|-start|p2a: Exeggutor|Salt Cure
|move|p2a: Exeggutor|Expanding Force|p1a: Garganacl
|-damage|p1a: Garganacl|0 fnt
|faint|p1a: Garganacl
|
|win|Bl0ste
