|j|☆t3hsleepyshuckle
|j|☆3k Ligue Croissant
|html|t3hsleepyshuckle3k Ligue Croissant    
|uhtml|bestof|Game 3 of a best-of-3
|t:|1757630573
|gametype|doubles
|player|p1|t3hsleepyshuckle|bugcatcher-gen4dp|1133
|player|p2|3k Ligue Croissant|102|1167
|gen|9
|tier|[Gen 9] VGC 2025 Reg H (Bo3)
|rated|
|rule|Species Clause: Limit one of each Pokémon
|rule|Item Clause: Limit 1 of each item
|clearpoke
|poke|p1|Indeedee, L50, M|
|poke|p1|Sneasler, L50, F|
|poke|p1|Excadrill, L50, F|
|poke|p1|Tyranitar, L50, M|
|poke|p1|Corviknight, L50, F|
|poke|p1|Magmar, L50, F|
|poke|p2|Weavile, L50, F|
|poke|p2|Annihilape, L50, F|
|poke|p2|Coalossal, L50, M|
|poke|p2|Sinistcha, L50|
|poke|p2|Farigiraf, L50, F|
|poke|p2|Ninetales-Alola, L50, M|
|teampreview|4
|showteam|p1|Indeedee||ChoiceScarf|PsychicSurge|ExpandingForce,TeraBlast,Protect,Trick|||M|||50|,,,,,Psychic]Sneasler||WhiteHerb|Unburden|FakeOut,DireClaw,CloseCombat,Coaching|||F|||50|,,,,,Flying]Excadrill||FocusSash|SandRush|Protect,IronHead,Earthquake,SwordsDance|||F|||50|,,,,,Ground]Tyranitar||AssaultVest|SandStream|RockSlide,KnockOff,LowKick,TeraBlast|||M|||50|,,,,,Flying]Corviknight||PsychicSeed|MirrorArmor|BulkUp,BraveBird,PowerTrip,Roost|||F|||50|,,,,,Water]Magmar||Eviolite|VitalSpirit|FollowMe,HeatWave,Protect,Taunt|||F|||50|,,,,,Flying
|showteam|p2|Weavile||FocusSash|Pickpocket|Surf,FakeOut,KnockOff,TripleAxel|||F|||50|,,,,,Ghost]Annihilape||SafetyGoggles|Defiant|RageFist,DrainPunch,BulkUp,Protect|||F|||50|,,,,,Fire]Coalossal||WeaknessPolicy|SteamEngine|HeatWave,PowerGem,EarthPower,Protect|||M|||50|,,,,,Fire]Sinistcha||SitrusBerry|Hospitality|StrengthSap,LifeDew,RagePowder,MatchaGotcha||||||50|,,,,,Water]Farigiraf||ThroatSpray|ArmorTail|HyperVoice,DazzlingGleam,TrickRoom,SkillSwap|||F|||50|,,,,,Fairy]Ninetales-Alola||LightClay|SnowWarning|Blizzard,IcicleSpear,FreezeDry,AuroraVeil|||M|||50|,,,,,Ghost
|inactive|Battle timer is ON: inactive players will automatically lose when time's up. (requested by t3hsleepyshuckle)
|inactive|t3hsleepyshuckle has 60 seconds left.
|
|t:|1757630625
|teamsize|p1|4
|teamsize|p2|4
|start
|switch|p1a: Sneasler|Sneasler, L50, F|100/100
|switch|p1b: Excadrill|Excadrill, L50, F|100/100
|switch|p2a: Weavile|Weavile, L50, F|100/100
|switch|p2b: Coalossal|Coalossal, L50, M|100/100
|turn|1
|inactive|t3hsleepyshuckle has 30 seconds left.
|
|t:|1757630652
|-terastallize|p2a: Weavile|Ghost
|move|p2b: Coalossal|Protect|p2b: Coalossal
|-singleturn|p2b: Coalossal|Protect
|move|p1a: Sneasler|Fake Out|p2a: Weavile
|-immune|p2a: Weavile
|move|p2a: Weavile|Triple Axel|p1a: Sneasler
|-crit|p1a: Sneasler
|-damage|p1a: Sneasler|77/100
|-damage|p1a: Sneasler|42/100
|-damage|p1a: Sneasler|0 fnt
|faint|p1a: Sneasler
|-hitcount|p1: Sneasler|3
|move|p1b: Excadrill|Swords Dance|p1b: Excadrill
|-boost|p1b: Excadrill|atk|2
|
|upkeep
|
|t:|1757630677
|switch|p1a: Tyranitar|Tyranitar, L50, M|100/100
|-weather|Sandstorm|[from] ability: Sand Stream|[of] p1a: Tyranitar
|turn|2
|
|t:|1757630690
|switch|p2b: Ninetales|Ninetales-Alola, L50, M|100/100
|-weather|Snowscape|[from] ability: Snow Warning|[of] p2b: Ninetales
|-terastallize|p1a: Tyranitar|Flying
|move|p2a: Weavile|Triple Axel|p1b: Excadrill
|-damage|p1b: Excadrill|85/100
|-damage|p1b: Excadrill|56/100
|-damage|p1b: Excadrill|11/100
|-hitcount|p1b: Excadrill|3
|move|p1b: Excadrill|Earthquake|p2b: Ninetales|[spread] p2a,p2b
|-immune|p1a: Tyranitar
|-enditem|p2a: Weavile|Focus Sash
|-damage|p2a: Weavile|1/100
|-damage|p2b: Ninetales|44/100
|move|p1a: Tyranitar|Rock Slide|p2a: Weavile|[spread] p2a,p2b
|-supereffective|p2b: Ninetales
|-damage|p2a: Weavile|0 fnt
|-damage|p2b: Ninetales|1/100
|faint|p2a: Weavile
|
|-weather|Snowscape|[upkeep]
|upkeep
|
|t:|1757630705
|switch|p2a: Coalossal|Coalossal, L50, M|100/100
|turn|3
|inactive|t3hsleepyshuckle has 30 seconds left.
|inactive|t3hsleepyshuckle has 20 seconds left.
|inactive|t3hsleepyshuckle has 15 seconds left.
|
|t:|1757630749
|switch|p1a: Indeedee|Indeedee, L50, M|100/100
|-fieldstart|move: Psychic Terrain|[from] ability: Psychic Surge|[of] p1a: Indeedee
|move|p1b: Excadrill|Protect|p1b: Excadrill
|-singleturn|p1b: Excadrill|Protect
|move|p2b: Ninetales|Blizzard|p1a: Indeedee|[spread] p1a
|-activate|p1b: Excadrill|move: Protect
|-damage|p1a: Indeedee|67/100
|move|p2a: Coalossal|Power Gem|p1a: Indeedee
|-damage|p1a: Indeedee|18/100
|
|-weather|Snowscape|[upkeep]
|upkeep
|turn|4
|
|t:|1757630767
|move|p1a: Indeedee|Expanding Force|p2a: Coalossal|[spread] p2a,p2b
|-damage|p2a: Coalossal|46/100
|-damage|p2b: Ninetales|0 fnt
|faint|p2b: Ninetales
|move|p1b: Excadrill|Earthquake|p2a: Coalossal|[spread] p1a,p2a
|-supereffective|p2a: Coalossal
|-damage|p1a: Indeedee|0 fnt
|-damage|p2a: Coalossal|0 fnt
|faint|p1a: Indeedee
|faint|p2a: Coalossal
|
|-weather|Snowscape|[upkeep]
|upkeep
|
|t:|1757630778
|switch|p2b: Annihilape|Annihilape, L50, F|100/100
|switch|p1a: Tyranitar|Tyranitar, L50, M, tera:Flying|100/100
|-weather|Sandstorm|[from] ability: Sand Stream|[of] p1a: Tyranitar
|turn|5
|
|t:|1757630789
|move|p2b: Annihilape|Protect|p2b: Annihilape
|-singleturn|p2b: Annihilape|Protect
|move|p1b: Excadrill|Earthquake|p2b: Annihilape|[spread] 
|-activate|p2b: Annihilape|move: Protect
|-immune|p1a: Tyranitar
|move|p1a: Tyranitar|Tera Blast|p2b: Annihilape|[anim] Tera Blast Flying
|-activate|p2b: Annihilape|move: Protect
|
|-weather|Sandstorm|[upkeep]
|-damage|p1a: Tyranitar|95/100|[from] Sandstorm
|upkeep
|turn|6
|
|t:|1757630804
|move|p1b: Excadrill|Earthquake|p2b: Annihilape|[spread] p2b
|-immune|p1a: Tyranitar
|-damage|p2b: Annihilape|26/100
|move|p2b: Annihilape|Rage Fist|p1a: Tyranitar
|-damage|p1a: Tyranitar|62/100
|move|p1a: Tyranitar|Tera Blast|p2b: Annihilape|[anim] Tera Blast Flying
|-supereffective|p2b: Annihilape
|-damage|p2b: Annihilape|0 fnt
|faint|p2b: Annihilape
|
|win|t3hsleepyshuckle
|raw|t3hsleepyshuckle's rating: 1133 → 1160(+27 for winning)
|raw|3k Ligue Croissant's rating: 1167 → 1140(-27 for losing)
|c|☆t3hsleepyshuckle|ggs
