|j|☆mrblue25
|j|☆Pyos
|html|mrblue25Pyos    
|uhtml|bestof|Game 2 of a best-of-3
|t:|1784995729
|gametype|doubles
|player|p1|mrblue25|1|1113
|player|p2|Pyos|tulip|1227
|gen|9
|tier|[Gen 9 Champions] VGC 2026 Reg M-B (Bo3)
|rated|
|rule|Species Clause: Limit one of each Pokémon
|rule|Item Clause: Limit 1 of each item
|clearpoke
|poke|p1|Kommo-o, L50, F|
|poke|p1|Aerodactyl, L50, F|
|poke|p1|Floette-Eternal, L50, F|
|poke|p1|Incineroar, L50, F|
|poke|p1|Aegislash, L50, M|
|poke|p1|Rotom-Wash, L50|
|poke|p2|Grimmsnarl, L50, M|
|poke|p2|Politoed, L50, M|
|poke|p2|Archaludon, L50, M|
|poke|p2|Venusaur, L50, F|
|poke|p2|Sneasler, L50, F|
|poke|p2|Basculegion, L50, M|
|teampreview|4
|showteam|p1|Kommo-o||Leftovers|Soundproof|ClangorousSoul,ClangingScales,AuraSphere,Protect|Timid||F|||50|]Aerodactyl||Aerodactylite|Unnerve|RockSlide,Protect,Tailwind,DualWingbeat|Jolly||F|||50|]Floette-Eternal||Floettite|FlowerVeil|Protect,Moonblast,LightofRuin,DazzlingGleam|Modest||F|||50|]Incineroar||ChopleBerry|Intimidate|PartingShot,FakeOut,FlareBlitz,HelpingHand|Impish||F|||50|]Aegislash||FocusSash|StanceChange|KingsShield,ShadowSneak,Poltergeist,IronHead|Adamant||M|||50|]Rotom-Wash||SitrusBerry|Levitate|Protect,WillOWisp,Thunderbolt,HydroPump|Calm|||||50|
|showteam|p2|Grimmsnarl||LightClay|Prankster|FoulPlay,Reflect,LightScreen,PartingShot|Careful||M|||50|]Politoed||SitrusBerry|Drizzle|WeatherBall,IceBeam,Encore,Protect|Calm||M|||50|]Archaludon||Leftovers|Stamina|ElectroShot,DragonPulse,FlashCannon,Protect|Modest||M|||50|]Venusaur||Venusaurite|Chlorophyll|GigaDrain,SludgeBomb,EarthPower,Protect|Modest||F|||50|]Sneasler||FocusSash|Unburden|CloseCombat,DireClaw,FakeOut,Protect|Jolly||F|||50|]Basculegion||ChoiceScarf|Adaptability|WaveCrash,LastRespects,AquaJet,FlipTurn|Jolly||M|||50|
|inactive|Battle timer is ON: inactive players will automatically lose when time's up. (requested by mrblue25)
|inactive|Pyos has 60 seconds left.
|inactive|Pyos has 30 seconds left.
|
|t:|1784995805
|teamsize|p1|4
|teamsize|p2|4
|start
|switch|p1a: Incineroar|Incineroar, L50, F|100/100
|switch|p1b: Kommo-o|Kommo-o, L50, F|100/100
|switch|p2a: Sneasler|Sneasler, L50, F|100/100
|switch|p2b: Politoed|Politoed, L50, M|100/100
|-weather|RainDance|[from] ability: Drizzle|[of] p2b: Politoed
|-ability|p1a: Incineroar|Intimidate|boost
|-unboost|p2a: Sneasler|atk|1
|-unboost|p2b: Politoed|atk|1
|turn|1
|
|t:|1784995819
|switch|p2b: Archaludon|Archaludon, L50, M|100/100
|switch|p1a: Aegislash|Aegislash, L50, M|100/100
|move|p1b: Kommo-o|Protect|p1b: Kommo-o
|-singleturn|p1b: Kommo-o|Protect
|move|p2a: Sneasler|Fake Out|p1b: Kommo-o
|-activate|p1b: Kommo-o|move: Protect
|
|-weather|RainDance|[upkeep]
|upkeep
|turn|2
|
|t:|1784995841
|switch|p1b: Incineroar|Incineroar, L50, F|100/100
|-ability|p1b: Incineroar|Intimidate|boost
|-unboost|p2a: Sneasler|atk|1
|-unboost|p2b: Archaludon|atk|1
|move|p2a: Sneasler|Close Combat|p1b: Incineroar
|-supereffective|p1b: Incineroar|1
|-enditem|p1b: Incineroar|Chople Berry|[eat]
|-enditem|p1b: Incineroar|Chople Berry|[weaken]
|-damage|p1b: Incineroar|76/100
|-unboost|p2a: Sneasler|def|1
|-unboost|p2a: Sneasler|spd|1
|-formechange|p1a: Aegislash|Aegislash-Blade|
|move|p1a: Aegislash|Poltergeist|p2a: Sneasler
|-activate|p2a: Sneasler|move: Poltergeist|Focus Sash
|-enditem|p2a: Sneasler|Focus Sash
|-damage|p2a: Sneasler|1/100
|move|p2b: Archaludon|Dragon Pulse|p1b: Incineroar
|-damage|p1b: Incineroar|37/100
|
|-weather|RainDance|[upkeep]
|upkeep
|turn|3
|inactive|mrblue25 has 30 seconds left.
|inactive|Pyos has 30 seconds left.
|
|t:|1784995869
|switch|p2a: Politoed|Politoed, L50, M|100/100
|switch|p1a: Kommo-o|Kommo-o, L50, F|100/100
|switch|p1b: Floette|Floette-Eternal, L50, F|100/100
|move|p2b: Archaludon|Electro Shot||[still]
|-prepare|p2b: Archaludon|Electro Shot
|-boost|p2b: Archaludon|spa|1
|-anim|p2b: Archaludon|Electro Shot|p1a: Kommo-o
|-resisted|p1a: Kommo-o|1
|-damage|p1a: Kommo-o|62/100
|
|-weather|RainDance|[upkeep]
|-heal|p1a: Kommo-o|68/100|[from] item: Leftovers
|upkeep
|turn|4
|inactive|Pyos has 30 seconds left.
|inactive|Pyos has 20 seconds left.
|
|t:|1784995907
|switch|p2a: Sneasler|Sneasler, L50, F|1/100
|detailschange|p1b: Floette|Floette-Mega, L50, F
|-mega|p1b: Floette|Floette|Floettite
|-ability|p1b: Floette|Fairy Aura
|move|p2b: Archaludon|Protect|p2b: Archaludon
|-singleturn|p2b: Archaludon|Protect
|move|p1b: Floette|Light of Ruin|p2b: Archaludon
|-activate|p2b: Archaludon|move: Protect
|move|p1a: Kommo-o|Clangorous Soul|p1a: Kommo-o
|-boost|p1a: Kommo-o|atk|1
|-boost|p1a: Kommo-o|def|1
|-boost|p1a: Kommo-o|spa|1
|-boost|p1a: Kommo-o|spd|1
|-boost|p1a: Kommo-o|spe|1
|-damage|p1a: Kommo-o|35/100
|
|-weather|RainDance|[upkeep]
|-heal|p1a: Kommo-o|41/100|[from] item: Leftovers
|upkeep
|turn|5
|
|t:|1784995930
|switch|p2a: Basculegion|Basculegion, L50, M|100/100
|move|p1a: Kommo-o|Protect|p1a: Kommo-o
|-singleturn|p1a: Kommo-o|Protect
|move|p1b: Floette|Protect|p1b: Floette
|-singleturn|p1b: Floette|Protect
|move|p2b: Archaludon|Flash Cannon|p1b: Floette
|-activate|p1b: Floette|move: Protect
|
|-weather|none
|-heal|p1a: Kommo-o|47/100|[from] item: Leftovers
|upkeep
|turn|6
|inactive|Pyos has 30 seconds left.
|
|t:|1784995957
|switch|p1b: Incineroar|Incineroar, L50, F|37/100
|-ability|p1b: Incineroar|Intimidate|boost
|-unboost|p2a: Basculegion|atk|1
|-unboost|p2b: Archaludon|atk|1
|switch|p2b: Politoed|Politoed, L50, M|100/100
|-weather|RainDance|[from] ability: Drizzle|[of] p2b: Politoed
|move|p1a: Kommo-o|Aura Sphere|p2b: Politoed
|-damage|p2b: Politoed|59/100
|move|p2a: Basculegion|Wave Crash|p1b: Incineroar
|-supereffective|p1b: Incineroar|1
|-damage|p1b: Incineroar|0 fnt
|faint|p1b: Incineroar
|-damage|p2a: Basculegion|87/100|[from] Recoil
|
|-weather|RainDance|[upkeep]
|-heal|p1a: Kommo-o|53/100|[from] item: Leftovers
|upkeep
|
|t:|1784995978
|switch|p1b: Aegislash|Aegislash, L50, M|100/100
|turn|7
|inactive|mrblue25 has 30 seconds left.
|inactive|Pyos has 30 seconds left.
|
|t:|1784996011
|switch|p2a: Sneasler|Sneasler, L50, F|1/100
|move|p1a: Kommo-o|Clanging Scales|p2a: Sneasler|[spread] p2a,p2b
|-damage|p2a: Sneasler|0 fnt
|-damage|p2b: Politoed|17/100
|-enditem|p2b: Politoed|Sitrus Berry|[eat]
|-heal|p2b: Politoed|42/100|[from] item: Sitrus Berry
|faint|p2a: Sneasler
|-unboost|p1a: Kommo-o|def|1
|-formechange|p1b: Aegislash|Aegislash-Blade|
|move|p1b: Aegislash|Iron Head|p2b: Politoed
|-resisted|p2b: Politoed|1
|-damage|p2b: Politoed|17/100
|move|p2b: Politoed|Encore|p1a: Kommo-o
|-start|p1a: Kommo-o|Encore
|
|-weather|RainDance|[upkeep]
|-heal|p1a: Kommo-o|59/100|[from] item: Leftovers
|upkeep
|
|t:|1784996025
|switch|p2a: Archaludon|Archaludon, L50, M|100/100
|turn|8
|
|t:|1784996041
|switch|p1b: Floette|Floette-Mega, L50, F|100/100
|-ability|p1b: Floette|Fairy Aura
|move|p2b: Politoed|Protect|p2b: Politoed
|-singleturn|p2b: Politoed|Protect
|move|p1a: Kommo-o|Clanging Scales|p2a: Archaludon|[spread] p2a
|-activate|p2b: Politoed|move: Protect
|-damage|p2a: Archaludon|48/100
|-ability|p2a: Archaludon|Stamina|boost
|-boost|p2a: Archaludon|def|1
|-unboost|p1a: Kommo-o|def|1
|move|p2a: Archaludon|Dragon Pulse|p1a: Kommo-o
|-supereffective|p1a: Kommo-o|1
|-damage|p1a: Kommo-o|0 fnt
|faint|p1a: Kommo-o
|
|-weather|RainDance|[upkeep]
|-heal|p2a: Archaludon|54/100|[from] item: Leftovers
|upkeep
|
|t:|1784996057
|switch|p1a: Aegislash|Aegislash, L50, M|100/100
|turn|9
|
|t:|1784996067
|switch|p2b: Basculegion|Basculegion, L50, M|87/100
|move|p2a: Archaludon|Protect|p2a: Archaludon
|-singleturn|p2a: Archaludon|Protect
|-formechange|p1a: Aegislash|Aegislash-Blade|
|move|p1a: Aegislash|Shadow Sneak|p2b: Basculegion
|-supereffective|p2b: Basculegion|1
|-damage|p2b: Basculegion|25/100
|move|p1b: Floette|Moonblast|p2a: Archaludon
|-activate|p2a: Archaludon|move: Protect
|
|-weather|RainDance|[upkeep]
|-heal|p2a: Archaludon|61/100|[from] item: Leftovers
|upkeep
|turn|10
|inactive|Pyos has 30 seconds left.
|
|t:|1784996094
|move|p1b: Floette|Protect|p1b: Floette
|-singleturn|p1b: Floette|Protect
|move|p2b: Basculegion|Aqua Jet|p1b: Floette
|-activate|p1b: Floette|move: Protect
|move|p1a: Aegislash|Shadow Sneak|p2b: Basculegion
|-supereffective|p2b: Basculegion|1
|-damage|p2b: Basculegion|0 fnt
|faint|p2b: Basculegion
|move|p2a: Archaludon|Flash Cannon|p1b: Floette
|-activate|p1b: Floette|move: Protect
|
|-weather|none
|-heal|p2a: Archaludon|67/100|[from] item: Leftovers
|upkeep
|-message|Pyos forfeited.
|
|win|mrblue25
|raw|mrblue25's rating: 1113 → 1146(+33 for winning)
|raw|Pyos's rating: 1227 → 1194(-33 for losing)
|l|☆Pyos
|player|p2|
