|j|☆Fubuu
|j|☆teyvgc
|html|Fubuuteyvgc    
|uhtml|bestof|Game 3 of a best-of-3
|t:|1782530007
|gametype|doubles
|player|p1|Fubuu|1|1140
|player|p2|teyvgc|rood|1185
|gen|9
|tier|[Gen 9 Champions] VGC 2026 Reg M-B (Bo3)
|rated|
|rule|Species Clause: Limit one of each Pokémon
|rule|Item Clause: Limit 1 of each item
|clearpoke
|poke|p1|Eelektross, L50, M|
|poke|p1|Sableye, L50, F|
|poke|p1|Pelipper, L50, M|
|poke|p1|Mamoswine, L50, M|
|poke|p1|Archaludon, L50, F|
|poke|p1|Araquanid, L50, M|
|poke|p2|Houndstone, L50, F|
|poke|p2|Tyranitar, L50, M|
|poke|p2|Rotom-Wash, L50|
|poke|p2|Incineroar, L50, M|
|poke|p2|Farigiraf, L50, F, shiny|
|poke|p2|Garchomp, L50, F, shiny|
|teampreview|4
|showteam|p1|Eelektross||Eelektrossite|Levitate|CloseCombat,GigaDrain,Thunder,Protect|Quiet||M|||50|]Sableye||MentalHerb|Prankster|Encore,Quash,RainDance,SunnyDay|Calm||F|||50|]Pelipper||ExpertBelt|Drizzle|Hurricane,WeatherBall,Protect,Tailwind|Modest||M|||50|]Mamoswine||FocusSash|Oblivious|IcicleSpear,HighHorsepower,Earthquake,Protect|Adamant||M|||50|]Archaludon||Leftovers|Sturdy|HardPress,AuraSphere,ElectroShot,Protect|Brave||F|||50|]Araquanid||MysticWater|WaterBubble|Liquidation,LeechLife,StickyWeb,Protect|Adamant||M|||50|
|showteam|p2|Houndstone||FocusSash|SandRush|Poltergeist,ShadowSneak,LastRespects,Protect|Adamant||F|||50|]Tyranitar||Tyranitarite|SandStream|RockSlide,KnockOff,LowKick,Protect|Adamant||M|||50|]Rotom-Wash||Leftovers|Levitate|LightScreen,HydroPump,VoltSwitch,WillOWisp|Bold|||||50|]Incineroar||PasshoBerry|Intimidate|FlareBlitz,DarkestLariat,FakeOut,PartingShot|Adamant||M|||50|]Farigiraf||TwistedSpoon|ArmorTail|HyperVoice,TwinBeam,TrickRoom,HelpingHand|Quiet||F|||50|]Garchomp||Garchompite|RoughSkin|StompingTantrum,DragonClaw,Earthquake,Protect|Adamant||F|||50|
|inactive|Battle timer is ON: inactive players will automatically lose when time's up. (requested by Fubuu)
|
|t:|1782530034
|teamsize|p1|4
|teamsize|p2|4
|start
|switch|p1a: Mamoswine|Mamoswine, L50, M|100/100
|switch|p1b: Araquanid|Araquanid, L50, M|100/100
|switch|p2a: Incineroar|Incineroar, L50, M|100/100
|switch|p2b: Tyranitar|Tyranitar, L50, M|100/100
|-ability|p2a: Incineroar|Intimidate|boost
|-fail|p1a: Mamoswine|unboost|Attack|[from] ability: Oblivious|[of] p1a: Mamoswine
|-unboost|p1b: Araquanid|atk|1
|-weather|Sandstorm|[from] ability: Sand Stream|[of] p2b: Tyranitar
|turn|1
|
|t:|1782530058
|switch|p2a: Rotom|Rotom-Wash, L50|100/100
|move|p1a: Mamoswine|Protect|p1a: Mamoswine
|-singleturn|p1a: Mamoswine|Protect
|move|p2b: Tyranitar|Protect|p2b: Tyranitar
|-singleturn|p2b: Tyranitar|Protect
|move|p1b: Araquanid|Protect||[still]
|-fail|p1b: Araquanid
|
|-weather|Sandstorm|[upkeep]
|-damage|p2a: Rotom|94/100|[from] Sandstorm
|-damage|p1b: Araquanid|94/100|[from] Sandstorm
|-heal|p2a: Rotom|100/100|[from] item: Leftovers
|upkeep
|turn|2
|
|t:|1782530080
|switch|p2b: Incineroar|Incineroar, L50, M|100/100
|-ability|p2b: Incineroar|Intimidate|boost
|-fail|p1a: Mamoswine|unboost|Attack|[from] ability: Oblivious|[of] p1a: Mamoswine
|-unboost|p1b: Araquanid|atk|1
|move|p1a: Mamoswine|High Horsepower|p2b: Incineroar|[miss]
|-miss|p1a: Mamoswine|p2b: Incineroar
|move|p2a: Rotom|Volt Switch|p1b: Araquanid
|-supereffective|p1b: Araquanid|1
|-damage|p1b: Araquanid|53/100
|
|t:|1782530092
|switch|p2a: Tyranitar|Tyranitar, L50, M|100/100|[from] Volt Switch
|move|p1b: Araquanid|Liquidation|p2b: Incineroar
|-supereffective|p2b: Incineroar|1
|-enditem|p2b: Incineroar|Passho Berry|[eat]
|-enditem|p2b: Incineroar|Passho Berry|[weaken]
|-damage|p2b: Incineroar|62/100
|
|-weather|Sandstorm|[upkeep]
|-damage|p2b: Incineroar|56/100|[from] Sandstorm
|-damage|p1b: Araquanid|47/100|[from] Sandstorm
|upkeep
|turn|3
|
|t:|1782530108
|switch|p2a: Houndstone|Houndstone, L50, F|100/100
|move|p1a: Mamoswine|Protect|p1a: Mamoswine
|-singleturn|p1a: Mamoswine|Protect
|move|p1b: Araquanid|Protect|p1b: Araquanid
|-singleturn|p1b: Araquanid|Protect
|move|p2b: Incineroar|Fake Out|p1a: Mamoswine
|-activate|p1a: Mamoswine|move: Protect
|
|-weather|Sandstorm|[upkeep]
|-damage|p2b: Incineroar|50/100y|[from] Sandstorm
|-damage|p1b: Araquanid|41/100|[from] Sandstorm
|upkeep
|turn|4
|
|t:|1782530129
|switch|p1b: Pelipper|Pelipper, L50, M|100/100
|-weather|RainDance|[from] ability: Drizzle|[of] p1b: Pelipper
|move|p1a: Mamoswine|Earthquake|p2a: Houndstone|[spread] p2a,p2b
|-immune|p1b: Pelipper
|-supereffective|p2b: Incineroar|1
|-damage|p2a: Houndstone|53/100
|-damage|p2b: Incineroar|0 fnt
|faint|p2b: Incineroar
|move|p2a: Houndstone|Poltergeist|p1a: Mamoswine
|-activate|p1a: Mamoswine|move: Poltergeist|Focus Sash
|-damage|p1a: Mamoswine|42/100
|
|-weather|RainDance|[upkeep]
|upkeep
|
|t:|1782530147
|switch|p2b: Tyranitar|Tyranitar, L50, M|100/100
|-weather|Sandstorm|[from] ability: Sand Stream|[of] p2b: Tyranitar
|turn|5
|
|t:|1782530165
|switch|p1a: Araquanid|Araquanid, L50, M|41/100
|move|p1b: Pelipper|Protect|p1b: Pelipper
|-singleturn|p1b: Pelipper|Protect
|move|p2a: Houndstone|Last Respects|p1a: Araquanid
|-damage|p1a: Araquanid|0 fnt
|faint|p1a: Araquanid
|move|p2b: Tyranitar|Rock Slide|p1b: Pelipper
|-activate|p1b: Pelipper|move: Protect
|
|-weather|Sandstorm|[upkeep]
|-damage|p1b: Pelipper|94/100|[from] Sandstorm
|upkeep
|
|t:|1782530179
|switch|p1a: Eelektross|Eelektross, L50, M|100/100
|turn|6
|
|t:|1782530202
|detailschange|p2b: Tyranitar|Tyranitar-Mega, L50, M
|-mega|p2b: Tyranitar|Tyranitar|Tyranitarite
|detailschange|p1a: Eelektross|Eelektross-Mega, L50, M
|-mega|p1a: Eelektross|Eelektross|Eelektrossite
|move|p2a: Houndstone|Last Respects|p1b: Pelipper
|-damage|p1b: Pelipper|34/100
|move|p1b: Pelipper|Tailwind|p1b: Pelipper
|-sidestart|p1: Fubuu|move: Tailwind
|move|p1a: Eelektross|Giga Drain|p2a: Houndstone
|-damage|p2a: Houndstone|19/100
|move|p2b: Tyranitar|Rock Slide|p1a: Eelektross|[spread] p1a,p1b
|-supereffective|p1b: Pelipper|1
|-damage|p1a: Eelektross|65/100
|-damage|p1b: Pelipper|0 fnt
|faint|p1b: Pelipper
|
|-weather|Sandstorm|[upkeep]
|-damage|p1a: Eelektross|59/100|[from] Sandstorm
|upkeep
|
|t:|1782530216
|switch|p1b: Mamoswine|Mamoswine, L50, M|42/100
|turn|7
|
|t:|1782530239
|move|p2a: Houndstone|Protect|p2a: Houndstone
|-singleturn|p2a: Houndstone|Protect
|move|p1b: Mamoswine|Earthquake|p2a: Houndstone|[spread] p2b
|-activate|p2a: Houndstone|move: Protect
|-immune|p1a: Eelektross|[from] ability: Levitate
|-supereffective|p2b: Tyranitar|1
|-damage|p2b: Tyranitar|50/100g
|move|p1a: Eelektross|Close Combat|p2b: Tyranitar
|-supereffective|p2b: Tyranitar|2
|-damage|p2b: Tyranitar|0 fnt
|-unboost|p1a: Eelektross|def|1
|-unboost|p1a: Eelektross|spd|1
|faint|p2b: Tyranitar
|-ability|p1a: Eelektross|Eelevate|boost
|-boost|p1a: Eelektross|spa|1
|
|-weather|Sandstorm|[upkeep]
|-damage|p1a: Eelektross|53/100|[from] Sandstorm
|upkeep
|
|t:|1782530255
|switch|p2b: Rotom|Rotom-Wash, L50|100/100
|turn|8
|
|t:|1782530274
|move|p2a: Houndstone|Shadow Sneak|p1a: Eelektross
|-damage|p1a: Eelektross|25/100
|move|p1b: Mamoswine|Earthquake|p2b: Rotom|[spread] p2a
|-immune|p1a: Eelektross|[from] ability: Levitate
|-immune|p2b: Rotom|[from] ability: Levitate
|-damage|p2a: Houndstone|0 fnt
|faint|p2a: Houndstone
|move|p1a: Eelektross|Giga Drain|p2b: Rotom
|-supereffective|p2b: Rotom|1
|-damage|p2b: Rotom|8/100
|-heal|p1a: Eelektross|68/100|[from] drain|[of] p2b: Rotom
|move|p2b: Rotom|Hydro Pump|p1b: Mamoswine
|-supereffective|p1b: Mamoswine|1
|-damage|p1b: Mamoswine|0 fnt
|faint|p1b: Mamoswine
|
|-weather|Sandstorm|[upkeep]
|-damage|p1a: Eelektross|62/100|[from] Sandstorm
|-damage|p2b: Rotom|2/100|[from] Sandstorm
|-heal|p2b: Rotom|8/100|[from] item: Leftovers
|upkeep
|turn|9
|
|t:|1782530293
|move|p1a: Eelektross|Giga Drain|p2b: Rotom
|-supereffective|p2b: Rotom|1
|-crit|p2b: Rotom
|-damage|p2b: Rotom|0 fnt
|-heal|p1a: Eelektross|66/100|[from] drain|[of] p2b: Rotom
|faint|p2b: Rotom
|
|win|Fubuu
|raw|Fubuu's rating: 1140 → 1168(+28 for winning)
|raw|teyvgc's rating: 1185 → 1157(-28 for losing)
