|j|☆the city mouse
|j|☆Prepucio Santos
|html|the city mousePrepucio Santos    
|uhtml|bestof|Game 3 of a best-of-3
|t:|1784460426
|gametype|doubles
|player|p1|the city mouse|tate|1203
|player|p2|Prepucio Santos|striker|1247
|gen|9
|tier|[Gen 9 Champions] VGC 2026 Reg M-B (Bo3)
|rated|
|rule|Species Clause: Limit one of each Pokémon
|rule|Item Clause: Limit 1 of each item
|clearpoke
|poke|p1|Aerodactyl, L50, F|
|poke|p1|Garchomp, L50, F|
|poke|p1|Kingambit, L50, M|
|poke|p1|Sylveon, L50, M|
|poke|p1|Farigiraf, L50, F|
|poke|p1|Charizard, L50, M|
|poke|p2|Incineroar, L50, F|
|poke|p2|Sinistcha-Masterpiece, L50, shiny|
|poke|p2|Floette-Eternal, L50, F|
|poke|p2|Sneasler, L50, M|
|poke|p2|Kingambit, L50, F|
|poke|p2|Dragonite, L50, F|
|teampreview|4
|showteam|p1|Aerodactyl||Aerodactylite|Unnerve|IceFang,RockSlide,Tailwind,DualWingbeat|Jolly||F|||50|]Garchomp||LifeOrb|RoughSkin|DragonClaw,RockSlide,Earthquake,Protect|Jolly||F|||50|]Kingambit||FocusSash|Defiant|SuckerPunch,KowtowCleave,IronHead,LowKick|Adamant||M|||50|]Sylveon||FairyFeather|Pixilate|Protect,HyperVoice,HyperBeam,QuickAttack|Modest||M|||50|]Farigiraf||SitrusBerry|ArmorTail|TrickRoom,Thunderbolt,Roar,Psychic|Bold||F|||50|]Charizard||CharizarditeY|Blaze|WeatherBall,HeatWave,SolarBeam,Protect|Modest||M|||50|
|showteam|p2|Incineroar||SitrusBerry|Intimidate|FakeOut,PartingShot,ThroatChop,FlareBlitz|Careful||F|||50|]Sinistcha-Masterpiece||Leftovers|Hospitality|MatchaGotcha,TrickRoom,RagePowder,Protect|Bold|||||50|]Floette-Eternal||Floettite|FlowerVeil|Moonblast,DazzlingGleam,CalmMind,Protect|Modest||F|||50|]Sneasler||FocusSash|PoisonTouch|FakeOut,CloseCombat,DireClaw,Coaching|Jolly||M|||50|]Kingambit||ChopleBerry|Defiant|KowtowCleave,SuckerPunch,SwordsDance,Protect|Adamant||F|||50|]Dragonite||LumBerry|Multiscale|ExtremeSpeed,DragonClaw,FirePunch,Protect|Adamant||F|||50|
|inactive|Battle timer is ON: inactive players will automatically lose when time's up. (requested by the city mouse)
|
|t:|1784460453
|teamsize|p1|4
|teamsize|p2|4
|start
|switch|p1a: Aerodactyl|Aerodactyl, L50, F|100/100
|switch|p1b: Kingambit|Kingambit, L50, M|100/100
|switch|p2a: Sneasler|Sneasler, L50, M|100/100
|switch|p2b: Floette|Floette-Eternal, L50, F|100/100
|-ability|p1a: Aerodactyl|Unnerve
|turn|1
|
|t:|1784460461
|detailschange|p2b: Floette|Floette-Mega, L50, F
|-mega|p2b: Floette|Floette|Floettite
|-ability|p2b: Floette|Fairy Aura
|move|p2a: Sneasler|Fake Out|p1b: Kingambit
|-resisted|p1b: Kingambit|1
|-damage|p1b: Kingambit|94/100
|move|p1a: Aerodactyl|Tailwind|p1a: Aerodactyl
|-sidestart|p1: the city mouse|move: Tailwind
|cant|p1b: Kingambit|flinch
|move|p2b: Floette|Calm Mind|p2b: Floette
|-boost|p2b: Floette|spa|1
|-boost|p2b: Floette|spd|1
|
|upkeep
|turn|2
|
|t:|1784460477
|switch|p2a: Kingambit|Kingambit, L50, F|100/100
|move|p1a: Aerodactyl|Dual Wingbeat|p2a: Kingambit
|-resisted|p2a: Kingambit|1
|-damage|p2a: Kingambit|94/100
|-resisted|p2a: Kingambit|1
|-damage|p2a: Kingambit|88/100
|-hitcount|p2a: Kingambit|2
|move|p1b: Kingambit|Iron Head|p2b: Floette
|-supereffective|p2b: Floette|1
|-damage|p2b: Floette|17/100
|move|p2b: Floette|Dazzling Gleam|p1b: Kingambit|[spread] p1a,p1b
|-crit|p1b: Kingambit
|-damage|p1a: Aerodactyl|0 fnt
|-damage|p1b: Kingambit|0 fnt
|faint|p1a: Aerodactyl
|faint|p1b: Kingambit
|
|upkeep
|
|t:|1784460485
|switch|p1a: Farigiraf|Farigiraf, L50, F|100/100
|switch|p1b: Charizard|Charizard, L50, M|100/100
|turn|3
|
|t:|1784460505
|detailschange|p1b: Charizard|Charizard-Mega-Y, L50, M
|-mega|p1b: Charizard|Charizard|Charizardite Y
|-weather|SunnyDay|[from] ability: Drought|[of] p1b: Charizard
|move|p2b: Floette|Protect|p2b: Floette
|-singleturn|p2b: Floette|Protect
|move|p2a: Kingambit|Protect|p2a: Kingambit
|-singleturn|p2a: Kingambit|Protect
|move|p1b: Charizard|Heat Wave|p2a: Kingambit|[spread] 
|-activate|p2a: Kingambit|move: Protect
|-activate|p2b: Floette|move: Protect
|move|p1a: Farigiraf|Roar|p2b: Floette
|drag|p2b: Sneasler|Sneasler, L50, M|100/100
|
|-weather|SunnyDay|[upkeep]
|upkeep
|turn|4
|inactive|Prepucio Santos has 30 seconds left.
|
|t:|1784460539
|move|p1b: Charizard|Heat Wave|p2a: Kingambit|[spread] p2a,p2b
|-supereffective|p2a: Kingambit|1
|-damage|p2a: Kingambit|0 fnt
|-damage|p2b: Sneasler|24/100
|faint|p2a: Kingambit
|move|p2b: Sneasler|Dire Claw|p1b: Charizard
|-damage|p1b: Charizard|59/100
|move|p1a: Farigiraf|Psychic|p2b: Sneasler
|-supereffective|p2b: Sneasler|2
|-damage|p2b: Sneasler|0 fnt
|faint|p2b: Sneasler
|
|-weather|SunnyDay|[upkeep]
|-sideend|p1: the city mouse|move: Tailwind
|upkeep
|
|t:|1784460547
|switch|p2b: Floette|Floette-Mega, L50, F|17/100
|switch|p2a: Sinistcha|Sinistcha-Masterpiece, L50, shiny|100/100
|-ability|p2b: Floette|Fairy Aura
|-heal|p2b: Floette|41/100|[from] ability: Hospitality|[of] p2a: Sinistcha
|turn|5
|
|t:|1784460562
|move|p1b: Charizard|Heat Wave|p2b: Floette|[spread] p2a,p2b
|-supereffective|p2a: Sinistcha|1
|-damage|p2a: Sinistcha|0 fnt
|-damage|p2b: Floette|0 fnt
|faint|p2a: Sinistcha
|faint|p2b: Floette
|
|win|the city mouse
|raw|the city mouse's rating: 1203 → 1231(+28 for winning)
|raw|Prepucio Santos's rating: 1247 → 1219(-28 for losing)
|l|☆Prepucio Santos
|player|p2|
