|j|☆itsmako psoe
|j|☆natsukivgc
|html|itsmako psoenatsukivgc    
|uhtml|bestof|Game 2 of a best-of-3
|t:|1785945715
|gametype|doubles
|player|p1|itsmako psoe|benga|1169
|player|p2|natsukivgc|265|1166
|gen|9
|tier|[Gen 9 Champions] VGC 2026 Reg M-B (Bo3)
|rated|
|rule|Species Clause: Limit one of each Pokémon
|rule|Item Clause: Limit 1 of each item
|clearpoke
|poke|p1|Basculegion, L50, M|
|poke|p1|Whimsicott, L50, F|
|poke|p1|Charizard, L50, M|
|poke|p1|Sylveon, L50, F|
|poke|p1|Kingambit, L50, M|
|poke|p1|Garchomp, L50, M|
|poke|p2|Hydreigon, L50, F|
|poke|p2|Garchomp, L50, M|
|poke|p2|Metagross, L50|
|poke|p2|Charizard, L50, F|
|poke|p2|Grimmsnarl, L50, M|
|poke|p2|Toxapex, L50, M|
|teampreview|4
|showteam|p1|Basculegion||ChoiceScarf|Adaptability|LastRespects,PsychicFangs,WaveCrash,AquaJet|Jolly||M|||50|]Whimsicott||FocusSash|Prankster|Tailwind,Moonblast,Encore,Protect|Timid||F|||50|]Charizard||CharizarditeY|Blaze|HeatWave,SolarBeam,AirSlash,Protect|Modest||M|||50|]Sylveon||FairyFeather|Pixilate|HyperBeam,HyperVoice,QuickAttack,Detect|Rash||F|||50|]Kingambit||ChopleBerry|Defiant|SuckerPunch,KowtowCleave,Protect,LowKick|Adamant||M|||50|]Garchomp||LifeOrb|RoughSkin|Earthquake,RockSlide,Protect,DragonClaw|Jolly||M|||50|
|showteam|p2|Hydreigon||ChoiceScarf|Levitate|HeatWave,DarkPulse,DracoMeteor,Snarl|Modest||F|||50|]Garchomp||SitrusBerry|RoughSkin|Earthquake,RockSlide,DragonClaw,Protect|Adamant||M|||50|]Metagross||Metagrossite|ClearBody|IronHead,HammerArm,BulletPunch,Protect|Adamant|||||50|]Charizard||CharizarditeY|Blaze|Protect,HeatWave,SolarBeam,WeatherBall|Timid||F|||50|]Grimmsnarl||RoseliBerry|Prankster|FakeOut,FoulPlay,Reflect,PartingShot|Sassy||M|||50|]Toxapex||Leftovers|Regenerator|Infestation,Toxic,BanefulBunker,WideGuard|Bold||M|||50|
|inactive|Battle timer is ON: inactive players will automatically lose when time's up. (requested by itsmako psoe)
|
|t:|1785945739
|teamsize|p1|4
|teamsize|p2|4
|start
|switch|p1a: Whimsicott|Whimsicott, L50, F|100/100
|switch|p1b: Garchomp|Garchomp, L50, M|100/100
|switch|p2a: Grimmsnarl|Grimmsnarl, L50, M|100/100
|switch|p2b: Toxapex|Toxapex, L50, M|100/100
|turn|1
|inactive|natsukivgc has 30 seconds left.
|inactive|natsukivgc has 20 seconds left.
|inactive|natsukivgc has 15 seconds left.
|inactive|natsukivgc has 10 seconds left.
|
|t:|1785945788
|move|p1a: Whimsicott|Protect|p1a: Whimsicott
|-singleturn|p1a: Whimsicott|Protect
|move|p1b: Garchomp|Protect|p1b: Garchomp
|-singleturn|p1b: Garchomp|Protect
|move|p2a: Grimmsnarl|Reflect|p2a: Grimmsnarl
|-sidestart|p2: natsukivgc|Reflect
|move|p2b: Toxapex|Toxic|p1b: Garchomp
|-activate|p1b: Garchomp|move: Protect
|
|upkeep
|turn|2
|
|t:|1785945810
|move|p1a: Whimsicott|Tailwind|p1a: Whimsicott
|-sidestart|p1: itsmako psoe|move: Tailwind
|move|p2a: Grimmsnarl|Parting Shot|p1b: Garchomp
|-unboost|p1b: Garchomp|atk|1
|-unboost|p1b: Garchomp|spa|1
|
|t:|1785945827
|switch|p2a: Charizard|Charizard, L50, F|100/100|[from] Parting Shot
|move|p1b: Garchomp|Earthquake|p2a: Charizard|[spread] p1a,p2b
|-immune|p2a: Charizard
|-resisted|p1a: Whimsicott|1
|-supereffective|p2b: Toxapex|1
|-damage|p1a: Whimsicott|74/100
|-damage|p2b: Toxapex|68/100
|-damage|p1b: Garchomp|90/100|[from] item: Life Orb
|move|p2b: Toxapex|Toxic|p1b: Garchomp
|-status|p1b: Garchomp|tox
|
|-heal|p2b: Toxapex|74/100|[from] item: Leftovers
|-damage|p1b: Garchomp|84/100 tox|[from] psn
|upkeep
|turn|3
|inactive|natsukivgc has 30 seconds left.
|
|t:|1785945853
|detailschange|p2a: Charizard|Charizard-Mega-Y, L50, F
|-mega|p2a: Charizard|Charizard|Charizardite Y
|-weather|SunnyDay|[from] ability: Drought|[of] p2a: Charizard
|move|p1a: Whimsicott|Protect|p1a: Whimsicott
|-singleturn|p1a: Whimsicott|Protect
|move|p2b: Toxapex|Wide Guard|p2b: Toxapex
|-singleturn|p2b: Toxapex|Wide Guard
|move|p1b: Garchomp|Rock Slide|p2a: Charizard|[spread] 
|-activate|p2a: Charizard|move: Wide Guard
|-activate|p2b: Toxapex|move: Wide Guard
|move|p2a: Charizard|Heat Wave|p1b: Garchomp|[spread] p1b
|-activate|p1a: Whimsicott|move: Protect
|-resisted|p1b: Garchomp|1
|-damage|p1b: Garchomp|55/100 tox
|
|-weather|SunnyDay|[upkeep]
|-heal|p2b: Toxapex|80/100|[from] item: Leftovers
|-damage|p1b: Garchomp|43/100 tox|[from] psn
|upkeep
|turn|4
|inactive|itsmako psoe has 30 seconds left.
|
|t:|1785945878
|switch|p1a: Charizard|Charizard, L50, M|100/100
|move|p2b: Toxapex|Wide Guard|p2b: Toxapex
|-singleturn|p2b: Toxapex|Wide Guard
|move|p1b: Garchomp|Rock Slide|p2b: Toxapex|[spread] 
|-activate|p2a: Charizard|move: Wide Guard
|-activate|p2b: Toxapex|move: Wide Guard
|move|p2a: Charizard|Heat Wave|p1b: Garchomp|[spread] p1a,p1b
|-resisted|p1a: Charizard|1
|-resisted|p1b: Garchomp|1
|-damage|p1a: Charizard|68/100
|-damage|p1b: Garchomp|15/100 tox
|
|-weather|SunnyDay|[upkeep]
|-heal|p2b: Toxapex|85/100|[from] item: Leftovers
|-damage|p1b: Garchomp|0 fnt|[from] psn
|faint|p1b: Garchomp
|upkeep
|
|t:|1785945890
|switch|p1b: Whimsicott|Whimsicott, L50, F|74/100
|turn|5
|
|t:|1785945908
|detailschange|p1a: Charizard|Charizard-Mega-Y, L50, M
|-mega|p1a: Charizard|Charizard|Charizardite Y
|move|p1b: Whimsicott|Protect|p1b: Whimsicott
|-singleturn|p1b: Whimsicott|Protect
|move|p1a: Charizard|Heat Wave|p2a: Charizard|[spread] p2a,p2b
|-resisted|p2a: Charizard|1
|-resisted|p2b: Toxapex|1
|-damage|p2a: Charizard|68/100
|-damage|p2b: Toxapex|60/100
|move|p2a: Charizard|Heat Wave|p1b: Whimsicott|[spread] p1a
|-activate|p1b: Whimsicott|move: Protect
|-resisted|p1a: Charizard|1
|-damage|p1a: Charizard|43/100
|move|p2b: Toxapex|Infestation|p1a: Charizard
|-resisted|p1a: Charizard|2
|-damage|p1a: Charizard|42/100
|-activate|p1a: Charizard|move: Infestation|[of] p2b: Toxapex
|
|-weather|SunnyDay|[upkeep]
|-heal|p2b: Toxapex|66/100|[from] item: Leftovers
|-damage|p1a: Charizard|30/100|[from] move: Infestation|[partiallytrapped]
|-sideend|p2: natsukivgc|Reflect
|-sideend|p1: itsmako psoe|move: Tailwind
|upkeep
|turn|6
|
|t:|1785945931
|move|p2a: Charizard|Protect|p2a: Charizard
|-singleturn|p2a: Charizard|Protect
|move|p2b: Toxapex|Baneful Bunker|p2b: Toxapex
|-singleturn|p2b: Toxapex|move: Protect
|move|p1b: Whimsicott|Tailwind|p1b: Whimsicott
|-sidestart|p1: itsmako psoe|move: Tailwind
|move|p1a: Charizard|Solar Beam||[still]
|-prepare|p1a: Charizard|Solar Beam
|-anim|p1a: Charizard|Solar Beam|p2b: Toxapex
|-activate|p2b: Toxapex|move: Protect
|
|-weather|SunnyDay|[upkeep]
|-heal|p2b: Toxapex|71/100|[from] item: Leftovers
|-damage|p1a: Charizard|18/100|[from] move: Infestation|[partiallytrapped]
|upkeep
|turn|7
|inactive|natsukivgc has 30 seconds left.
|inactive|natsukivgc has 20 seconds left.
|inactive|natsukivgc has 15 seconds left.
|inactive|natsukivgc has 10 seconds left.
|
|t:|1785945981
|switch|p2a: Grimmsnarl|Grimmsnarl, L50, M|100/100
|move|p1b: Whimsicott|Encore|p2a: Grimmsnarl
|-hint|Since gen 7, Dark is immune to Prankster moves.
|-immune|p2a: Grimmsnarl
|move|p1a: Charizard|Heat Wave|p2a: Grimmsnarl|[spread] p2a,p2b
|-resisted|p2b: Toxapex|1
|-damage|p2a: Grimmsnarl|35/100
|-damage|p2b: Toxapex|49/100
|-status|p2b: Toxapex|brn
|move|p2b: Toxapex|Toxic|p1a: Charizard
|-status|p1a: Charizard|tox
|
|-weather|none
|-heal|p2b: Toxapex|54/100 brn|[from] item: Leftovers
|-damage|p1a: Charizard|12/100 tox|[from] psn
|-damage|p2b: Toxapex|49/100 brn|[from] brn
|-damage|p1a: Charizard|1/100 tox|[from] move: Infestation|[partiallytrapped]
|upkeep
|turn|8
|inactive|natsukivgc has 30 seconds left.
|inactive|natsukivgc has 20 seconds left.
|inactive|natsukivgc has 15 seconds left.
|
|t:|1785946025
|move|p2a: Grimmsnarl|Fake Out|p1a: Charizard
|-damage|p1a: Charizard|0 fnt
|faint|p1a: Charizard
|move|p1b: Whimsicott|Moonblast|p2a: Grimmsnarl
|-supereffective|p2a: Grimmsnarl|1
|-enditem|p2a: Grimmsnarl|Roseli Berry|[eat]
|-enditem|p2a: Grimmsnarl|Roseli Berry|[weaken]
|-damage|p2a: Grimmsnarl|3/100
|move|p2b: Toxapex|Toxic|p1b: Whimsicott
|-status|p1b: Whimsicott|tox
|
|-heal|p2b: Toxapex|54/100 brn|[from] item: Leftovers
|-damage|p1b: Whimsicott|68/100 tox|[from] psn
|-damage|p2b: Toxapex|49/100 brn|[from] brn
|upkeep
|
|t:|1785946035
|switch|p1a: Sylveon|Sylveon, L50, F|100/100
|turn|9
|inactive|natsukivgc has 30 seconds left.
|
|t:|1785946066
|move|p2a: Grimmsnarl|Parting Shot|p1a: Sylveon
|-unboost|p1a: Sylveon|atk|1
|-unboost|p1a: Sylveon|spa|1
|
|t:|1785946070
|switch|p2a: Charizard|Charizard-Mega-Y, L50, F|68/100|[from] Parting Shot
|-weather|SunnyDay|[from] ability: Drought|[of] p2a: Charizard
|move|p1b: Whimsicott|Moonblast|p2b: Toxapex
|-resisted|p2b: Toxapex|1
|-damage|p2b: Toxapex|35/100 brn
|-unboost|p2b: Toxapex|spa|1
|move|p1a: Sylveon|Hyper Voice|p2a: Charizard|[spread] p2a,p2b
|-resisted|p2a: Charizard|1
|-crit|p2a: Charizard
|-resisted|p2b: Toxapex|1
|-damage|p2a: Charizard|32/100
|-damage|p2b: Toxapex|22/100 brn
|move|p2b: Toxapex|Toxic|p1a: Sylveon
|-status|p1a: Sylveon|tox
|
|-weather|SunnyDay|[upkeep]
|-heal|p2b: Toxapex|28/100 brn|[from] item: Leftovers
|-damage|p1b: Whimsicott|56/100 tox|[from] psn
|-damage|p1a: Sylveon|94/100 tox|[from] psn
|-damage|p2b: Toxapex|22/100 brn|[from] brn
|-sideend|p1: itsmako psoe|move: Tailwind
|upkeep
|turn|10
|
|t:|1785946091
|move|p2a: Charizard|Protect|p2a: Charizard
|-singleturn|p2a: Charizard|Protect
|move|p2b: Toxapex|Baneful Bunker|p2b: Toxapex
|-singleturn|p2b: Toxapex|move: Protect
|move|p1b: Whimsicott|Moonblast|p2a: Charizard
|-activate|p2a: Charizard|move: Protect
|move|p1a: Sylveon|Hyper Voice|p2b: Toxapex|[spread] 
|-activate|p2a: Charizard|move: Protect
|-activate|p2b: Toxapex|move: Protect
|
|-weather|SunnyDay|[upkeep]
|-heal|p2b: Toxapex|28/100 brn|[from] item: Leftovers
|-damage|p1b: Whimsicott|39/100 tox|[from] psn
|-damage|p1a: Sylveon|82/100 tox|[from] psn
|-damage|p2b: Toxapex|22/100 brn|[from] brn
|upkeep
|turn|11
|inactive|natsukivgc has 30 seconds left.
|
|t:|1785946121
|-heal|p2b: Toxapex|56/100 brn|[from] ability: Regenerator|[silent]
|switch|p2b: Grimmsnarl|Grimmsnarl, L50, M|3/100
|move|p1b: Whimsicott|Encore|p2b: Grimmsnarl
|-hint|Since gen 7, Dark is immune to Prankster moves.
|-immune|p2b: Grimmsnarl
|move|p2a: Charizard|Heat Wave|p1a: Sylveon|[spread] p1a,p1b
|-supereffective|p1b: Whimsicott|1
|-crit|p1b: Whimsicott
|-damage|p1a: Sylveon|37/100 tox
|-damage|p1b: Whimsicott|0 fnt
|faint|p1b: Whimsicott
|move|p1a: Sylveon|Hyper Voice|p2b: Grimmsnarl|[spread] p2a,p2b
|-resisted|p2a: Charizard|1
|-supereffective|p2b: Grimmsnarl|1
|-damage|p2a: Charizard|19/100
|-damage|p2b: Grimmsnarl|0 fnt
|faint|p2b: Grimmsnarl
|
|-weather|SunnyDay|[upkeep]
|-damage|p1a: Sylveon|19/100 tox|[from] psn
|upkeep
|
|t:|1785946136
|switch|p2b: Toxapex|Toxapex, L50, M|56/100 brn
|turn|12
|
|t:|1785946140
|move|p2a: Charizard|Protect|p2a: Charizard
|-singleturn|p2a: Charizard|Protect
|move|p2b: Toxapex|Baneful Bunker|p2b: Toxapex
|-singleturn|p2b: Toxapex|move: Protect
|move|p1a: Sylveon|Hyper Beam|p2b: Toxapex
|-activate|p2b: Toxapex|move: Protect
|
|-weather|SunnyDay|[upkeep]
|-heal|p2b: Toxapex|61/100 brn|[from] item: Leftovers
|-damage|p1a: Sylveon|0 fnt|[from] psn
|faint|p1a: Sylveon
|
|win|natsukivgc
|raw|itsmako psoe's rating: 1169 → 1144(-25 for losing)
|raw|natsukivgc's rating: 1166 → 1191(+25 for winning)
