|j|☆hakeezy
|j|☆138mysx
|html|hakeezy138mysx    
|uhtml|bestof|Game 3 of a best-of-3
|t:|1783568455
|gametype|doubles
|player|p1|hakeezy|101|1118
|player|p2|138mysx|170|1061
|gen|9
|tier|[Gen 9 Champions] VGC 2026 Reg M-B (Bo3)
|rated|
|rule|Species Clause: Limit one of each Pokémon
|rule|Item Clause: Limit 1 of each item
|clearpoke
|poke|p1|Delphox, L50, F|
|poke|p1|Sneasler, L50, M|
|poke|p1|Whimsicott, L50, F|
|poke|p1|Incineroar, L50, M|
|poke|p1|Basculegion, L50, M|
|poke|p1|Raichu, L50, M|
|poke|p2|Charizard, L50, M, shiny|
|poke|p2|Aerodactyl, L50, M, shiny|
|poke|p2|Garchomp, L50, F, shiny|
|poke|p2|Sylveon, L50, F, shiny|
|poke|p2|Kingambit, L50, M|
|poke|p2|Incineroar, L50, M, shiny|
|teampreview|4
|showteam|p1|Delphox||Delphoxite|Blaze|NastyPlot,Psychic,HeatWave,Protect|Timid||F|||50|]Sneasler||WhiteHerb|Unburden|CloseCombat,DireClaw,FakeOut,Taunt|Jolly||M|||50|]Whimsicott||FocusSash|Prankster|SunnyDay,Moonblast,Tailwind,Encore|Timid||F|||50|]Incineroar||SitrusBerry|Intimidate|Taunt,FlareBlitz,FakeOut,PartingShot|Adamant||M|||50|]Basculegion||LifeOrb|Adaptability|WaveCrash,LastRespects,AquaJet,Protect|Jolly||M|||50|]Raichu||RaichuniteY|LightningRod|ZapCannon,FakeOut,FocusBlast,Protect|Timid||M|||50|
|showteam|p2|Charizard||CharizarditeY|Blaze|SolarBeam,WeatherBall,HeatWave,Protect|Modest||M|||50|]Aerodactyl||Aerodactylite|Unnerve|RockSlide,Tailwind,WideGuard,Protect|Jolly||M|||50|]Garchomp||RoseliBerry|RoughSkin|DragonClaw,Earthquake,RockTomb,Protect|Jolly||F|||50|]Sylveon||FairyFeather|Pixilate|HyperBeam,HyperVoice,QuickAttack,Detect|Modest||F|||50|]Kingambit||BlackGlasses|Defiant|KowtowCleave,SuckerPunch,IronHead,Protect|Adamant||M|||50|]Incineroar||SitrusBerry|Intimidate|FakeOut,FlareBlitz,ThroatChop,PartingShot|Impish||M|||50|
|inactive|Battle timer is ON: inactive players will automatically lose when time's up. (requested by hakeezy)
|inactive|138mysx has 60 seconds left.
|
|t:|1783568502
|teamsize|p1|4
|teamsize|p2|4
|start
|switch|p1a: Whimsicott|Whimsicott, L50, F|100/100
|switch|p1b: Raichu|Raichu, L50, M|100/100
|switch|p2a: Garchomp|Garchomp, L50, F, shiny|100/100
|switch|p2b: Kingambit|Kingambit, L50, M|100/100
|turn|1
|
|t:|1783568523
|detailschange|p1b: Raichu|Raichu-Mega-Y, L50, M
|-mega|p1b: Raichu|Raichu|Raichunite Y
|move|p2a: Garchomp|Protect|p2a: Garchomp
|-singleturn|p2a: Garchomp|Protect
|move|p1b: Raichu|Focus Blast|p2b: Kingambit
|-supereffective|p2b: Kingambit|2
|-damage|p2b: Kingambit|0 fnt
|faint|p2b: Kingambit
|move|p1a: Whimsicott|Moonblast|p2a: Garchomp
|-activate|p2a: Garchomp|move: Protect
|
|upkeep
|
|t:|1783568535
|switch|p2b: Sylveon|Sylveon, L50, F, shiny|100/100
|turn|2
|
|t:|1783568560
|switch|p2a: Charizard|Charizard, L50, M, shiny|100/100
|move|p1b: Raichu|Protect|p1b: Raichu
|-singleturn|p1b: Raichu|Protect
|move|p1a: Whimsicott|Moonblast|p2a: Charizard
|-resisted|p2a: Charizard|1
|-damage|p2a: Charizard|79/100
|move|p2b: Sylveon|Hyper Voice|p1b: Raichu|[spread] p1a
|-activate|p1b: Raichu|move: Protect
|-damage|p1a: Whimsicott|13/100
|
|upkeep
|turn|3
|
|t:|1783568581
|switch|p1a: Sneasler|Sneasler, L50, M|100/100
|detailschange|p2a: Charizard|Charizard-Mega-Y, L50, M, shiny
|-mega|p2a: Charizard|Charizard|Charizardite Y
|-weather|SunnyDay|[from] ability: Drought|[of] p2a: Charizard
|move|p2a: Charizard|Protect|p2a: Charizard
|-singleturn|p2a: Charizard|Protect
|move|p1b: Raichu|Zap Cannon|p2b: Sylveon
|-damage|p2b: Sylveon|36/100
|-status|p2b: Sylveon|par
|move|p2b: Sylveon|Hyper Voice|p1a: Sneasler|[spread] p1a,p1b
|-damage|p1a: Sneasler|33/100
|-damage|p1b: Raichu|24/100
|
|-weather|SunnyDay|[upkeep]
|upkeep
|turn|4
|inactive|hakeezy has 30 seconds left.
|
|t:|1783568607
|switch|p2a: Garchomp|Garchomp, L50, F, shiny|100/100
|move|p2b: Sylveon|Detect|p2b: Sylveon
|-singleturn|p2b: Sylveon|Protect
|move|p1b: Raichu|Zap Cannon|p2a: Garchomp
|-immune|p2a: Garchomp
|move|p1a: Sneasler|Dire Claw|p2b: Sylveon
|-activate|p2b: Sylveon|move: Protect
|
|-weather|SunnyDay|[upkeep]
|upkeep
|turn|5
|
|t:|1783568623
|switch|p2b: Charizard|Charizard-Mega-Y, L50, M, shiny|79/100
|move|p1b: Raichu|Focus Blast|p2a: Garchomp
|-damage|p2a: Garchomp|43/100
|move|p1a: Sneasler|Dire Claw|p2b: Charizard
|-damage|p2b: Charizard|31/100
|move|p2a: Garchomp|Earthquake|p1a: Sneasler|[spread] p1a,p1b
|-immune|p2b: Charizard
|-supereffective|p1a: Sneasler|1
|-supereffective|p1b: Raichu|1
|-damage|p1a: Sneasler|0 fnt
|-damage|p1b: Raichu|0 fnt
|faint|p1a: Sneasler
|faint|p1b: Raichu
|
|-weather|SunnyDay|[upkeep]
|upkeep
|
|t:|1783568641
|switch|p1b: Whimsicott|Whimsicott, L50, F|13/100
|switch|p1a: Basculegion|Basculegion, L50, M|100/100
|turn|6
|inactive|hakeezy has 30 seconds left.
|
|t:|1783568666
|move|p1b: Whimsicott|Tailwind|p1b: Whimsicott
|-sidestart|p1: hakeezy|move: Tailwind
|move|p1a: Basculegion|Last Respects|p2b: Charizard
|-damage|p2b: Charizard|0 fnt
|faint|p2b: Charizard
|-damage|p1a: Basculegion|90/100|[from] item: Life Orb
|move|p2a: Garchomp|Earthquake|p1b: Whimsicott|[spread] p1a,p1b
|-resisted|p1b: Whimsicott|1
|-damage|p1a: Basculegion|40/100
|-damage|p1b: Whimsicott|0 fnt
|faint|p1b: Whimsicott
|
|-weather|SunnyDay|[upkeep]
|upkeep
|
|t:|1783568674
|switch|p2b: Sylveon|Sylveon, L50, F, shiny|36/100 par
|turn|7
|inactive|138mysx has 30 seconds left.
|
|t:|1783568701
|move|p1a: Basculegion|Last Respects|p2b: Sylveon
|-damage|p2b: Sylveon|0 fnt
|faint|p2b: Sylveon
|-damage|p1a: Basculegion|30/100|[from] item: Life Orb
|move|p2a: Garchomp|Dragon Claw|p1a: Basculegion
|-damage|p1a: Basculegion|0 fnt
|faint|p1a: Basculegion
|
|win|138mysx
|raw|hakeezy's rating: 1118 → 1089(-29 for losing)
|raw|138mysx's rating: 1061 → 1097(+36 for winning)
|l|☆hakeezy
|player|p1|
|l|☆138mysx
|player|p2|
|j|☆138mysx
|player|p2|138mysx|170|
