|j|☆BirdPaws
|j|☆Zifilalgf
|html|BirdPawsZifilalgf    
|uhtml|bestof|Game 2 of a best-of-3
|t:|1756264503
|gametype|doubles
|player|p1|BirdPaws|102|1216
|player|p2|Zifilalgf|266|1267
|gen|9
|tier|[Gen 9] VGC 2025 Reg H (Bo3)
|rated|
|rule|Species Clause: Limit one of each Pokémon
|rule|Item Clause: Limit 1 of each item
|clearpoke
|poke|p1|Whimsicott, L50, M|
|poke|p1|Dragonite, L50, F|
|poke|p1|Gholdengo, L50|
|poke|p1|Incineroar, L50, F|
|poke|p1|Basculegion, L50, M|
|poke|p1|Maushold-Four, L50|
|poke|p2|Rillaboom, L50, M|
|poke|p2|Kingambit, L50, F|
|poke|p2|Sneasler, L50, M|
|poke|p2|Dragonite, L50, F|
|poke|p2|Magmar, L50, F|
|poke|p2|Dondozo, L50, M|
|teampreview|4
|showteam|p1|Whimsicott||FocusSash|Prankster|Moonblast,Tailwind,Taunt,Protect|||M|||50|,,,,,Ghost]Dragonite||ChoiceBand|InnerFocus|ExtremeSpeed,Outrage,StompingTantrum,IceSpinner|||F|||50|,,,,,Normal]Gholdengo||LifeOrb|GoodasGold|MakeItRain,ShadowBall,NastyPlot,Protect||||||50|,,,,,Steel]Incineroar||MirrorHerb|Intimidate|FakeOut,FlareBlitz,KnockOff,PartingShot|||F|||50|,,,,,Grass]Basculegion||ChoiceScarf|Adaptability|WaveCrash,FlipTurn,LastRespects,TeraBlast|||M|||50|,,,,,Fighting]Maushold-Four||WideLens|Technician|PopulationBomb,FollowMe,Encore,Protect||||||50|,,,,,Ghost
|showteam|p2|Rillaboom||AssaultVest|GrassySurge|WoodHammer,GrassyGlide,HighHorsepower,FakeOut|||M|||50|,,,,,Water]Kingambit||BlackGlasses|Defiant|KowtowCleave,SuckerPunch,SwordsDance,Protect|||F|||50|,,,,,Ghost]Sneasler||FocusSash|Unburden|DireClaw,CloseCombat,Coaching,Protect|||M|||50|,,,,,Stellar]Dragonite||LoadedDice|Multiscale|ScaleShot,StompingTantrum,Haze,Protect|||F|||50|,,,,,Fairy]Magmar||Eviolite|FlameBody|Overheat,WillOWisp,FollowMe,Protect|||F|||50|,,,,,Ghost]Dondozo||Leftovers|Unaware|Liquidation,Fissure,Yawn,Protect|||M|||50|,,,,,Bug
|inactive|Battle timer is ON: inactive players will automatically lose when time's up. (requested by BirdPaws)
|inactive|BirdPaws has 60 seconds left.
|
|t:|1756264549
|teamsize|p1|4
|teamsize|p2|4
|start
|switch|p1a: Incineroar|Incineroar, L50, F|100/100
|switch|p1b: Whimsicott|Whimsicott, L50, M|100/100
|switch|p2a: Sneasler|Sneasler, L50, M|100/100
|switch|p2b: Dondozo|Dondozo, L50, M|100/100
|-ability|p1a: Incineroar|Intimidate|boost
|-unboost|p2a: Sneasler|atk|1
|-unboost|p2b: Dondozo|atk|1
|turn|1
|inactive|Zifilalgf has 30 seconds left.
|inactive|Zifilalgf has 20 seconds left.
|
|t:|1756264585
|switch|p1a: Basculegion|Basculegion, L50, M|100/100
|move|p1b: Whimsicott|Taunt|p2a: Sneasler
|-start|p2a: Sneasler|move: Taunt
|cant|p2a: Sneasler|move: Taunt|Coaching
|move|p2b: Dondozo|Yawn|p1b: Whimsicott
|-start|p1b: Whimsicott|move: Yawn|[of] p2b: Dondozo
|
|upkeep
|turn|2
|
|t:|1756264607
|switch|p2a: Dragonite|Dragonite, L50, F|100/100
|move|p1b: Whimsicott|Taunt|p2b: Dondozo
|-start|p2b: Dondozo|move: Taunt
|move|p1a: Basculegion|Flip Turn|p2a: Dragonite
|-resisted|p2a: Dragonite
|-damage|p2a: Dragonite|89/100
|
|t:|1756264613
|switch|p1a: Incineroar|Incineroar, L50, F|100/100|[from] Flip Turn
|-ability|p1a: Incineroar|Intimidate|boost
|-unboost|p2a: Dragonite|atk|1
|-unboost|p2b: Dondozo|atk|1
|cant|p2b: Dondozo|move: Taunt|Yawn
|
|-end|p1b: Whimsicott|move: Yawn|[silent]
|-status|p1b: Whimsicott|slp
|upkeep
|turn|3
|
|t:|1756264637
|move|p2a: Dragonite|Protect|p2a: Dragonite
|-singleturn|p2a: Dragonite|Protect
|move|p1a: Incineroar|Fake Out|p2a: Dragonite
|-activate|p2a: Dragonite|move: Protect
|cant|p1b: Whimsicott|slp
|move|p2b: Dondozo|Fissure|p1a: Incineroar|[miss]
|-miss|p2b: Dondozo|p1a: Incineroar
|
|upkeep
|turn|4
|
|t:|1756264661
|cant|p1b: Whimsicott|slp
|move|p2a: Dragonite|Haze|p2a: Dragonite
|-clearallboost
|move|p1a: Incineroar|Parting Shot|p2a: Dragonite
|-unboost|p2a: Dragonite|atk|1
|-unboost|p2a: Dragonite|spa|1
|
|t:|1756264669
|switch|p1a: Dragonite|Dragonite, L50, F|100/100|[from] Parting Shot
|move|p2b: Dondozo|Liquidation|p1a: Dragonite
|-resisted|p1a: Dragonite
|-damage|p1a: Dragonite|87/100
|
|-end|p2b: Dondozo|move: Taunt
|upkeep
|turn|5
|inactive|BirdPaws has 30 seconds left.
|
|t:|1756264696
|switch|p2b: Magmar|Magmar, L50, F|100/100
|-terastallize|p2a: Dragonite|Fairy
|move|p1a: Dragonite|Extreme Speed|p2a: Dragonite
|-damage|p2a: Dragonite|36/100
|-curestatus|p1b: Whimsicott|slp|[msg]
|move|p1b: Whimsicott|Moonblast|p2a: Dragonite
|-damage|p2a: Dragonite|0 fnt
|faint|p2a: Dragonite
|
|upkeep
|
|t:|1756264712
|switch|p2a: Dondozo|Dondozo, L50, M|100/100
|turn|6
|
|t:|1756264721
|switch|p1a: Basculegion|Basculegion, L50, M|100/100
|move|p1b: Whimsicott|Taunt|p2b: Magmar
|-start|p2b: Magmar|move: Taunt
|cant|p2b: Magmar|move: Taunt|Will-O-Wisp
|move|p2a: Dondozo|Yawn|p1b: Whimsicott
|-start|p1b: Whimsicott|move: Yawn|[of] p2a: Dondozo
|
|upkeep
|turn|7
|
|t:|1756264742
|switch|p2b: Sneasler|Sneasler, L50, M|100/100
|move|p2a: Dondozo|Protect|p2a: Dondozo
|-singleturn|p2a: Dondozo|Protect
|move|p1b: Whimsicott|Taunt|p2a: Dondozo
|-activate|p2a: Dondozo|move: Protect
|move|p1a: Basculegion|Wave Crash|p2b: Sneasler
|-enditem|p2b: Sneasler|Focus Sash
|-damage|p2b: Sneasler|1/100
|-damage|p1a: Basculegion|74/100|[from] Recoil
|
|-end|p1b: Whimsicott|move: Yawn|[silent]
|-status|p1b: Whimsicott|slp
|upkeep
|turn|8
|inactive|BirdPaws has 30 seconds left.
|inactive|Zifilalgf has 30 seconds left.
|
|t:|1756264774
|switch|p1a: Incineroar|Incineroar, L50, F|100/100
|-ability|p1a: Incineroar|Intimidate|boost
|-unboost|p2a: Dondozo|atk|1
|-unboost|p2b: Sneasler|atk|1
|cant|p1b: Whimsicott|slp
|move|p2b: Sneasler|Dire Claw|p1b: Whimsicott
|-supereffective|p1b: Whimsicott
|-enditem|p1b: Whimsicott|Focus Sash
|-damage|p1b: Whimsicott|1/100 slp
|move|p2a: Dondozo|Yawn|p1a: Incineroar
|-start|p1a: Incineroar|move: Yawn|[of] p2a: Dondozo
|
|upkeep
|turn|9
|inactive|BirdPaws has 30 seconds left.
|
|t:|1756264806
|switch|p2b: Magmar|Magmar, L50, F|100/100
|switch|p1a: Basculegion|Basculegion, L50, M|74/100
|cant|p1b: Whimsicott|slp
|move|p2a: Dondozo|Liquidation|p1b: Whimsicott
|-resisted|p1b: Whimsicott
|-damage|p1b: Whimsicott|0 fnt
|faint|p1b: Whimsicott
|
|upkeep
|
|t:|1756264815
|switch|p1b: Incineroar|Incineroar, L50, F|100/100
|-ability|p1b: Incineroar|Intimidate|boost
|-unboost|p2a: Dondozo|atk|1
|-unboost|p2b: Magmar|atk|1
|turn|10
|
|t:|1756264840
|move|p2b: Magmar|Protect|p2b: Magmar
|-singleturn|p2b: Magmar|Protect
|move|p1b: Incineroar|Fake Out|p2a: Dondozo
|-damage|p2a: Dondozo|94/100
|move|p1a: Basculegion|Wave Crash|p2b: Magmar
|-activate|p2b: Magmar|move: Protect
|cant|p2a: Dondozo|flinch
|
|-heal|p2a: Dondozo|100/100|[from] item: Leftovers
|upkeep
|turn|11
|
|t:|1756264851
|switch|p2b: Sneasler|Sneasler, L50, M|1/100
|-terastallize|p1b: Incineroar|Grass
|move|p1a: Basculegion|Wave Crash|p2b: Sneasler
|-damage|p2b: Sneasler|0 fnt
|faint|p2b: Sneasler
|-damage|p1a: Basculegion|74/100|[from] Recoil
|move|p1b: Incineroar|Knock Off|p2a: Dondozo
|-damage|p2a: Dondozo|78/100
|-enditem|p2a: Dondozo|Leftovers|[from] move: Knock Off|[of] p1b: Incineroar
|move|p2a: Dondozo|Yawn|p1b: Incineroar
|-start|p1b: Incineroar|move: Yawn|[of] p2a: Dondozo
|
|upkeep
|
|t:|1756264864
|switch|p2b: Magmar|Magmar, L50, F|100/100
|turn|12
|
|t:|1756264874
|switch|p1b: Dragonite|Dragonite, L50, F|87/100
|move|p2b: Magmar|Protect|p2b: Magmar
|-singleturn|p2b: Magmar|Protect
|move|p1a: Basculegion|Wave Crash|p2b: Magmar
|-activate|p2b: Magmar|move: Protect
|move|p2a: Dondozo|Fissure|p1a: Basculegion|[miss]
|-miss|p2a: Dondozo|p1a: Basculegion
|
|upkeep
|turn|13
|
|t:|1756264886
|move|p1a: Basculegion|Wave Crash|p2b: Magmar
|-supereffective|p2b: Magmar
|-damage|p2b: Magmar|0 fnt
|faint|p2b: Magmar
|-damage|p1a: Basculegion|45/100|[from] Recoil
|move|p1b: Dragonite|Outrage|p2a: Dondozo
|-damage|p2a: Dondozo|17/100
|move|p2a: Dondozo|Fissure|p1a: Basculegion|[miss]
|-miss|p2a: Dondozo|p1a: Basculegion
|
|upkeep
|turn|14
|
|t:|1756264896
|switch|p1a: Incineroar|Incineroar, L50, F, tera:Grass|100/100
|-ability|p1a: Incineroar|Intimidate|boost
|-unboost|p2a: Dondozo|atk|1
|move|p1b: Dragonite|Outrage|p2a: Dondozo|[from] lockedmove
|-damage|p2a: Dondozo|0 fnt
|faint|p2a: Dondozo
|
|win|BirdPaws
|raw|BirdPaws's rating: 1216 → 1245(+29 for winning)
|raw|Zifilalgf's rating: 1267 → 1238(-29 for losing)
|l|☆Zifilalgf
|player|p2|
