|j|☆robby w
|j|☆Kazthor5
|html|robby wKazthor5    
|uhtml|bestof|Game 2 of a best-of-3
|t:|1757795656
|gametype|doubles
|player|p1|robby w|chuck|1198
|player|p2|Kazthor5|flint|1075
|gen|9
|tier|[Gen 9] VGC 2025 Reg H (Bo3)
|rated|
|rule|Species Clause: Limit one of each Pokémon
|rule|Item Clause: Limit 1 of each item
|clearpoke
|poke|p1|Archaludon, L50, F|
|poke|p1|Dondozo, L50, M|
|poke|p1|Tatsugiri, L50, M|
|poke|p1|Pelipper, L50, F|
|poke|p1|Sneasler, L50, M|
|poke|p1|Indeedee, L50, M|
|poke|p2|Maushold-Four, L50|
|poke|p2|Kilowattrel, L50, M|
|poke|p2|Krookodile, L50, M|
|poke|p2|Archaludon, L50, M|
|poke|p2|Sinistcha, L50|
|poke|p2|Politoed, L50, F|
|teampreview|4
|showteam|p1|Archaludon||AssaultVest|Stamina|BodyPress,FlashCannon,DragonPulse,ElectroShot|||F|||50|,,,,,Bug]Dondozo||Leftovers|Unaware|Protect,WaveCrash,Earthquake,OrderUp|||M|||50|,,,,,Grass]Tatsugiri||ChoiceScarf|Commander|IcyWind,TeraBlast,DracoMeteor,MuddyWater|||M|||50|,,,,,Steel]Pelipper||CovertCloak|Drizzle|Tailwind,Protect,WeatherBall,Hurricane|||F|||50|,,,,,Water]Sneasler||PsychicSeed|Pressure|ThroatChop,DireClaw,CloseCombat,Protect|||M|||50|,,,,,Dark]Indeedee||FocusSash|PsychicSurge|ExpandingForce,TrickRoom,Imprison,Protect|||M|||50|,,,,,Psychic
|showteam|p2|Maushold-Four||SafetyGoggles|FriendGuard|FollowMe,Taunt,BeatUp,Protect||||||50|,,,,,Ghost]Kilowattrel||FocusSash|Competitive|Discharge,Hurricane,Protect,Tailwind|||M|||50|,,,,,Flying]Krookodile||CovertCloak|Intimidate|Earthquake,KnockOff,RockSlide,Protect|||M|||50|,,,,,Ground]Archaludon||AssaultVest|Stamina|ElectroShot,BodyPress,DracoMeteor,FlashCannon|||M|||50|,,,,,Fighting]Sinistcha||SitrusBerry|Hospitality|MatchaGotcha,TrickRoom,LifeDew,RagePowder||||||50|,,,,,Water]Politoed||DampRock|Drizzle|WeatherBall,IceBeam,Haze,Encore|||F|||50|,,,,,Ground
|inactive|Battle timer is ON: inactive players will automatically lose when time's up. (requested by robby w)
|
|t:|1757795692
|teamsize|p1|4
|teamsize|p2|4
|start
|switch|p1a: Dondozo|Dondozo, L50, M, shiny|100/100
|switch|p1b: Sneasler|Sneasler, L50, M|100/100
|switch|p2a: Maushold|Maushold-Four, L50|100/100
|switch|p2b: Archaludon|Archaludon, L50, M|100/100
|-ability|p1b: Sneasler|Pressure
|turn|1
|inactive|Kazthor5 has 30 seconds left.
|inactive|Kazthor5 has 20 seconds left.
|
|t:|1757795727
|switch|p1b: Tatsugiri|Tatsugiri, L50, M|100/100
|-activate|p1b: Tatsugiri|ability: Commander|[of] p1a: Dondozo
|-boost|p1a: Dondozo|atk|2
|-boost|p1a: Dondozo|spa|2
|-boost|p1a: Dondozo|spe|2
|-boost|p1a: Dondozo|def|2
|-boost|p1a: Dondozo|spd|2
|-terastallize|p2a: Maushold|Ghost
|-terastallize|p1a: Dondozo|Grass
|move|p1a: Dondozo|Wave Crash|p2a: Maushold
|-damage|p2a: Maushold|0 fnt
|faint|p2a: Maushold
|-damage|p1a: Dondozo|77/100|[from] Recoil
|move|p2b: Archaludon|Body Press|p1a: Dondozo
|-damage|p1a: Dondozo|67/100
|
|-heal|p1a: Dondozo|73/100|[from] item: Leftovers
|upkeep
|
|t:|1757795746
|switch|p2a: Politoed|Politoed, L50, F|100/100
|-weather|RainDance|[from] ability: Drizzle|[of] p2a: Politoed
|turn|2
|
|t:|1757795761
|move|p1a: Dondozo|Earthquake|p2b: Archaludon|[spread] p2a,p2b
|-miss|p1a: Dondozo|p1b: Tatsugiri
|-supereffective|p2b: Archaludon
|-damage|p2a: Politoed|61/100
|-damage|p2b: Archaludon|44/100
|-ability|p2b: Archaludon|Stamina|boost
|-boost|p2b: Archaludon|def|1
|move|p2b: Archaludon|Electro Shot||[still]
|-prepare|p2b: Archaludon|Electro Shot
|-boost|p2b: Archaludon|spa|1
|-anim|p2b: Archaludon|Electro Shot|p1a: Dondozo
|-resisted|p1a: Dondozo
|-damage|p1a: Dondozo|61/100
|move|p2a: Politoed|Haze|p2a: Politoed
|-clearallboost
|
|-weather|RainDance|[upkeep]
|-heal|p1a: Dondozo|67/100|[from] item: Leftovers
|upkeep
|turn|3
|inactive|Kazthor5 has 30 seconds left.
|
|t:|1757795787
|move|p2b: Archaludon|Flash Cannon|p1a: Dondozo
|-damage|p1a: Dondozo|27/100
|move|p1a: Dondozo|Earthquake|p2b: Archaludon|[spread] p2a,p2b
|-miss|p1a: Dondozo|p1b: Tatsugiri
|-supereffective|p2b: Archaludon
|-damage|p2a: Politoed|43/100
|-damage|p2b: Archaludon|11/100
|-ability|p2b: Archaludon|Stamina|boost
|-boost|p2b: Archaludon|def|1
|move|p2a: Politoed|Ice Beam|p1a: Dondozo
|-supereffective|p1a: Dondozo
|-damage|p1a: Dondozo|0 fnt
|faint|p1a: Dondozo
|
|-weather|RainDance|[upkeep]
|upkeep
|
|t:|1757795804
|switch|p1a: Indeedee|Indeedee, L50, M|100/100
|-fieldstart|move: Psychic Terrain|[from] ability: Psychic Surge|[of] p1a: Indeedee
|turn|4
|
|t:|1757795819
|switch|p2b: Sinistcha|Sinistcha, L50|100/100
|-heal|p2a: Politoed|68/100|[from] ability: Hospitality|[of] p2b: Sinistcha
|move|p1b: Tatsugiri|Icy Wind|p2a: Politoed|[spread] p2a,p2b
|-resisted|p2a: Politoed
|-supereffective|p2b: Sinistcha
|-damage|p2a: Politoed|62/100
|-damage|p2b: Sinistcha|75/100
|-unboost|p2a: Politoed|spe|1
|-unboost|p2b: Sinistcha|spe|1
|move|p1a: Indeedee|Expanding Force|p2a: Politoed|[spread] p2a,p2b
|-crit|p2a: Politoed
|-damage|p2a: Politoed|0 fnt
|-damage|p2b: Sinistcha|22/100
|-enditem|p2b: Sinistcha|Sitrus Berry|[eat]
|-heal|p2b: Sinistcha|47/100|[from] item: Sitrus Berry
|faint|p2a: Politoed
|
|-weather|RainDance|[upkeep]
|upkeep
|
|t:|1757795833
|switch|p2a: Archaludon|Archaludon, L50, M|11/100
|turn|5
|
|t:|1757795850
|move|p1b: Tatsugiri|Icy Wind|p2b: Sinistcha|[spread] p2a,p2b
|-supereffective|p2b: Sinistcha
|-damage|p2a: Archaludon|1/100
|-damage|p2b: Sinistcha|18/100
|-unboost|p2a: Archaludon|spe|1
|-unboost|p2b: Sinistcha|spe|1
|-ability|p2a: Archaludon|Stamina|boost
|-boost|p2a: Archaludon|def|1
|move|p1a: Indeedee|Expanding Force|p2a: Archaludon|[spread] p2a,p2b
|-resisted|p2a: Archaludon
|-damage|p2a: Archaludon|0 fnt
|-damage|p2b: Sinistcha|0 fnt
|faint|p2a: Archaludon
|faint|p2b: Sinistcha
|
|win|robby w
|l|☆Kazthor5
|player|p2|
||Kazthor5 is ready for game 3.
||robby w is ready for game 3.
|uhtml|next|Next: Game 3 of 3
|l|☆robby w
|player|p1|
