|j|☆Croissant996
|j|☆panijc
|html|Croissant996panijc    
|uhtml|bestof|Game 2 of a best-of-3
|t:|1785780289
|gametype|doubles
|player|p1|Croissant996|265|1064
|player|p2|panijc|266|1199
|gen|9
|tier|[Gen 9 Champions] VGC 2026 Reg M-B (Bo3)
|rated|
|rule|Species Clause: Limit one of each Pokémon
|rule|Item Clause: Limit 1 of each item
|clearpoke
|poke|p1|Gengar, L50, F|
|poke|p1|Grimmsnarl, L50, M, shiny|
|poke|p1|Corviknight, L50, M|
|poke|p1|Quaquaval, L50, F, shiny|
|poke|p1|Clefable, L50, F|
|poke|p1|Blaziken, L50, M|
|poke|p2|Raichu, L50, F|
|poke|p2|Mamoswine, L50, M|
|poke|p2|Sylveon, L50, M|
|poke|p2|Incineroar, L50, F|
|poke|p2|Basculegion, L50, M|
|poke|p2|Whimsicott, L50, M|
|teampreview|4
|showteam|p1|Gengar||Gengarite|CursedBody|KnockOff,ToxicSpikes,PerishSong,Protect|Jolly||F|||50|]Grimmsnarl||BabiriBerry|Prankster|FakeOut,PartingShot,Reflect,LightScreen|Careful||M|||50|]Corviknight||BlackGlasses|MirrorArmor|BulkUp,Agility,Roost,PowerTrip|Careful||M|||50|]Quaquaval||LifeOrb|Moxie|AquaStep,CloseCombat,KnockOff,AquaJet|Jolly||F|||50|]Clefable||Leftovers|Unaware|HealPulse,HelpingHand,FollowMe,Protect|Bold||F|||50|]Blaziken||Blazikenite|SpeedBoost|Protect,FlareBlitz,BlazeKick,CloseCombat|Adamant||M|||50|
|showteam|p2|Raichu||RaichuniteY|LightningRod|ZapCannon,FocusBlast,FakeOut,Protect|Timid||F|||50|]Mamoswine||LifeOrb|Oblivious|IcicleCrash,HighHorsepower,IceShard,Protect|Adamant||M|||50|]Sylveon||FairyFeather|Pixilate|HyperVoice,HyperBeam,Detect,Yawn|Modest||M|||50|]Incineroar||SitrusBerry|Intimidate|ThroatChop,FlareBlitz,FakeOut,PartingShot|Impish||F|||50|]Basculegion||MysticWater|Adaptability|WaveCrash,LastRespects,AquaJet,Protect|Adamant||M|||50|]Whimsicott||FocusSash|Prankster|Moonblast,Tailwind,Protect,Encore|Timid||M|||50|
|
|t:|1785780306
|teamsize|p1|4
|teamsize|p2|4
|start
|switch|p1a: Quaquaval|Quaquaval, L50, F, shiny|100/100
|switch|p1b: Tank|Clefable, L50, F|100/100
|switch|p2a: Incineroar|Incineroar, L50, F|100/100
|switch|p2b: Mamoswine|Mamoswine, L50, M|100/100
|-ability|p2a: Incineroar|Intimidate|boost
|-unboost|p1a: Quaquaval|atk|1
|-unboost|p1b: Tank|atk|1
|turn|1
|
|t:|1785780322
|switch|p1a: Grimmsnarl|Grimmsnarl, L50, M, shiny|100/100
|move|p1b: Tank|Protect|p1b: Tank
|-singleturn|p1b: Tank|Protect
|move|p2a: Incineroar|Fake Out|p1a: Grimmsnarl
|-damage|p1a: Grimmsnarl|86/100
|move|p2b: Mamoswine|High Horsepower|p1a: Grimmsnarl
|-damage|p1a: Grimmsnarl|0 fnt
|faint|p1a: Grimmsnarl
|-damage|p2b: Mamoswine|90/100|[from] item: Life Orb
|
|upkeep
|
|t:|1785780336
|switch|p1a: Quaquaval|Quaquaval, L50, F, shiny|100/100
|turn|2
|
|t:|1785780343
|move|p2b: Mamoswine|Protect|p2b: Mamoswine
|-singleturn|p2b: Mamoswine|Protect
|move|p1b: Tank|Follow Me|p1b: Tank
|-singleturn|p1b: Tank|move: Follow Me
|move|p1a: Quaquaval|Aqua Step|p2b: Mamoswine
|-activate|p2b: Mamoswine|move: Protect
|move|p2a: Incineroar|Parting Shot|p1b: Tank
|-unboost|p1b: Tank|atk|1
|-unboost|p1b: Tank|spa|1
|
|t:|1785780353
|switch|p2a: Raichu|Raichu, L50, F|100/100|[from] Parting Shot
|
|upkeep
|turn|3
|
|t:|1785780361
|switch|p1a: Blaziken|Blaziken, L50, M|100/100
|switch|p2b: Incineroar|Incineroar, L50, F|100/100
|-ability|p2b: Incineroar|Intimidate|boost
|-unboost|p1a: Blaziken|atk|1
|-unboost|p1b: Tank|atk|1
|detailschange|p2a: Raichu|Raichu-Mega-Y, L50, F
|-mega|p2a: Raichu|Raichu|Raichunite Y
|move|p2a: Raichu|Fake Out|p1a: Blaziken
|-damage|p1a: Blaziken|88/100
|move|p1b: Tank|Follow Me|p1b: Tank
|-singleturn|p1b: Tank|move: Follow Me
|
|upkeep
|turn|4
|
|t:|1785780384
|detailschange|p1a: Blaziken|Blaziken-Mega, L50, M
|-mega|p1a: Blaziken|Blaziken|Blazikenite
|move|p1a: Blaziken|Protect|p1a: Blaziken
|-singleturn|p1a: Blaziken|Protect
|move|p1b: Tank|Protect|p1b: Tank
|-singleturn|p1b: Tank|Protect
|move|p2b: Incineroar|Fake Out|p1a: Blaziken
|-activate|p1a: Blaziken|move: Protect
|move|p2a: Raichu|Zap Cannon|p1a: Blaziken
|-activate|p1a: Blaziken|move: Protect
|
|-ability|p1a: Blaziken|Speed Boost|boost
|-boost|p1a: Blaziken|spe|1
|upkeep
|turn|5
|
|t:|1785780416
|move|p1b: Tank|Follow Me|p1b: Tank
|-singleturn|p1b: Tank|move: Follow Me
|move|p2a: Raichu|Zap Cannon|p1b: Tank
|-damage|p1b: Tank|36/100
|-status|p1b: Tank|par
|move|p1a: Blaziken|Flare Blitz|p2a: Raichu
|-damage|p2a: Raichu|0 fnt
|faint|p2a: Raichu
|-damage|p1a: Blaziken|63/100|[from] Recoil
|move|p2b: Incineroar|Parting Shot|p1b: Tank
|-unboost|p1b: Tank|atk|1
|-unboost|p1b: Tank|spa|1
|
|t:|1785780428
|switch|p2b: Basculegion|Basculegion, L50, M|100/100|[from] Parting Shot
|
|-heal|p1b: Tank|42/100 par|[from] item: Leftovers
|-ability|p1a: Blaziken|Speed Boost|boost
|-boost|p1a: Blaziken|spe|1
|upkeep
|
|t:|1785780435
|switch|p2a: Incineroar|Incineroar, L50, F|100/100
|-ability|p2a: Incineroar|Intimidate|boost
|-unboost|p1a: Blaziken|atk|1
|-unboost|p1b: Tank|atk|1
|turn|6
|
|t:|1785780447
|move|p2a: Incineroar|Fake Out|p1b: Tank
|-damage|p1b: Tank|32/100 par
|cant|p1b: Tank|flinch
|move|p1a: Blaziken|Flare Blitz|p2b: Basculegion
|-resisted|p2b: Basculegion|1
|-damage|p2b: Basculegion|78/100
|-damage|p1a: Blaziken|55/100|[from] Recoil
|move|p2b: Basculegion|Wave Crash|p1a: Blaziken
|-supereffective|p1a: Blaziken|1
|-damage|p1a: Blaziken|0 fnt
|faint|p1a: Blaziken
|-damage|p2b: Basculegion|61/100|[from] Recoil
|
|-heal|p1b: Tank|39/100 par|[from] item: Leftovers
|upkeep
|
|t:|1785780464
|switch|p1a: Quaquaval|Quaquaval, L50, F, shiny|100/100
|turn|7
|
|t:|1785780471
|move|p1b: Tank|Protect|p1b: Tank
|-singleturn|p1b: Tank|Protect
|move|p1a: Quaquaval|Close Combat|p2a: Incineroar
|-supereffective|p2a: Incineroar|1
|-damage|p2a: Incineroar|0 fnt
|-unboost|p1a: Quaquaval|def|1
|-unboost|p1a: Quaquaval|spd|1
|faint|p2a: Incineroar
|-ability|p1a: Quaquaval|Moxie|boost
|-boost|p1a: Quaquaval|atk|1
|-damage|p1a: Quaquaval|90/100|[from] item: Life Orb
|move|p2b: Basculegion|Last Respects|p1a: Quaquaval
|-damage|p1a: Quaquaval|0 fnt
|faint|p1a: Quaquaval
|
|-heal|p1b: Tank|45/100 par|[from] item: Leftovers
|upkeep
|
|t:|1785780485
|switch|p2a: Mamoswine|Mamoswine, L50, M|90/100
|turn|8
|
|t:|1785780493
|move|p1b: Tank|Protect||[still]
|-fail|p1b: Tank
|move|p2a: Mamoswine|High Horsepower|p1b: Tank
|-damage|p1b: Tank|0 fnt
|faint|p1b: Tank
|-damage|p2a: Mamoswine|80/100|[from] item: Life Orb
|
|win|panijc
|raw|Croissant996's rating: 1064 → 1052(-12 for losing)
|raw|panijc's rating: 1199 → 1215(+16 for winning)
|l|☆Croissant996
|player|p1|
