|j|☆Delacruso
|j|☆magnus2001
|html|Delacrusomagnus2001    
|uhtml|bestof|Game 3 of a best-of-3
|t:|1783153442
|gametype|doubles
|player|p1|Delacruso|red|1072
|player|p2|magnus2001|102|1051
|gen|9
|tier|[Gen 9 Champions] VGC 2026 Reg M-B (Bo3)
|rated|
|rule|Species Clause: Limit one of each Pokémon
|rule|Item Clause: Limit 1 of each item
|clearpoke
|poke|p1|Charizard, L50, M, shiny|
|poke|p1|Garchomp, L50, M, shiny|
|poke|p1|Kingambit, L50, M, shiny|
|poke|p1|Sylveon, L50, M|
|poke|p1|Whimsicott, L50, M, shiny|
|poke|p1|Basculegion, L50, M, shiny|
|poke|p2|Pyroar, L50, F|
|poke|p2|Torkoal, L50, M|
|poke|p2|Farigiraf, L50, F|
|poke|p2|Vileplume, L50, F|
|poke|p2|Incineroar, L50, F|
|poke|p2|Floette-Eternal, L50, F|
|teampreview|4
|showteam|p1|Charizard||CharizarditeY|SolarPower|HeatWave,SolarBeam,ScorchingSands,Protect|Modest||M|||50|]Garchomp||LifeOrb|RoughSkin|Earthquake,DragonClaw,RockSlide,Protect|Jolly||M|||50|]Kingambit||BlackGlasses|Defiant|SuckerPunch,KowtowCleave,Protect,IronHead|Adamant||M|||50|]Sylveon||FairyFeather|Pixilate|HyperVoice,QuickAttack,HyperBeam,Protect|Modest||M|||50|]Whimsicott||FocusSash|Prankster|Moonblast,Tailwind,Encore,SunnyDay|Timid||M|||50|]Basculegion||ChoiceScarf|Adaptability|LastRespects,AquaJet,WaveCrash,FlipTurn|Jolly||M|||50|
|showteam|p2|Pyroar||Pyroarite|Unnerve|Protect,Overheat,HeatWave,SolarBeam|Timid||F|||50|]Torkoal||Charcoal|Drought|Protect,HelpingHand,Eruption,WeatherBall|Quiet||M|||50|]Farigiraf||SitrusBerry|ArmorTail|HelpingHand,TrickRoom,Psychic,Thunderbolt|Relaxed||F|||50|]Vileplume||FocusSash|Chlorophyll|SleepPowder,AfterYou,SludgeBomb,SolarBeam|Timid||F|||50|]Incineroar||WhiteHerb|Intimidate|FakeOut,FlareBlitz,DarkestLariat,CloseCombat|Brave||F|||50|]Floette-Eternal||Floettite|FlowerVeil|Protect,CalmMind,Moonblast,DrainingKiss|Modest||F|||50|
|inactive|Battle timer is ON: inactive players will automatically lose when time's up. (requested by Delacruso)
|
|t:|1783153454
|teamsize|p1|4
|teamsize|p2|4
|start
|switch|p1a: Whimsicott|Whimsicott, L50, M, shiny|100/100
|switch|p1b: Charizard|Charizard, L50, M, shiny|100/100
|switch|p2a: Farigiraf|Farigiraf, L50, F|100/100
|switch|p2b: Incineroar|Incineroar, L50, F|100/100
|-ability|p2b: Incineroar|Intimidate|boost
|-unboost|p1a: Whimsicott|atk|1
|-unboost|p1b: Charizard|atk|1
|turn|1
|inactive|Delacruso has 30 seconds left.
|
|t:|1783153484
|move|p1b: Charizard|Protect|p1b: Charizard
|-singleturn|p1b: Charizard|Protect
|move|p2b: Incineroar|Fake Out|p1a: Whimsicott
|-damage|p1a: Whimsicott|77/100
|cant|p1a: Whimsicott|flinch
|move|p2a: Farigiraf|Thunderbolt|p1b: Charizard
|-activate|p1b: Charizard|move: Protect
|
|upkeep
|turn|2
|inactive|Delacruso has 30 seconds left.
|
|t:|1783153509
|switch|p1a: Basculegion|Basculegion, L50, M, shiny|100/100
|switch|p1b: Garchomp|Garchomp, L50, M, shiny|100/100
|move|p2b: Incineroar|Flare Blitz|p1a: Basculegion
|-resisted|p1a: Basculegion|1
|-damage|p1a: Basculegion|58/100
|-damage|p2b: Incineroar|86/100|[from] Recoil
|move|p2a: Farigiraf|Trick Room|p2a: Farigiraf
|-fieldstart|move: Trick Room|[of] p2a: Farigiraf
|
|upkeep
|turn|3
|inactive|Delacruso has 30 seconds left.
|
|t:|1783153541
|switch|p1a: Charizard|Charizard, L50, M, shiny|100/100
|move|p2a: Farigiraf|Psychic|p1b: Garchomp
|-damage|p1b: Garchomp|63/100
|-unboost|p1b: Garchomp|spd|1
|move|p2b: Incineroar|Darkest Lariat|p1a: Charizard
|-damage|p1a: Charizard|48/100
|move|p1b: Garchomp|Earthquake|p2a: Farigiraf|[spread] p2a,p2b
|-immune|p1a: Charizard
|-supereffective|p2b: Incineroar|1
|-damage|p2a: Farigiraf|61/100
|-damage|p2b: Incineroar|0 fnt
|faint|p2b: Incineroar
|-damage|p1b: Garchomp|54/100|[from] item: Life Orb
|
|upkeep
|
|t:|1783153559
|switch|p2b: Torkoal|Torkoal, L50, M|100/100
|-weather|SunnyDay|[from] ability: Drought|[of] p2b: Torkoal
|turn|4
|
|t:|1783153567
|move|p1a: Charizard|Protect|p1a: Charizard
|-singleturn|p1a: Charizard|Protect
|move|p1b: Garchomp|Protect|p1b: Garchomp
|-singleturn|p1b: Garchomp|Protect
|move|p2b: Torkoal|Eruption|p1a: Charizard|[spread] 
|-activate|p1a: Charizard|move: Protect
|-activate|p1b: Garchomp|move: Protect
|move|p2a: Farigiraf|Psychic|p1b: Garchomp
|-activate|p1b: Garchomp|move: Protect
|
|-weather|SunnyDay|[upkeep]
|-damage|p1a: Charizard|36/100|[from] ability: Solar Power|[of] p1a: Charizard
|upkeep
|turn|5
|inactive|Delacruso has 30 seconds left.
|
|t:|1783153601
|switch|p1b: Whimsicott|Whimsicott, L50, M, shiny|77/100
|detailschange|p1a: Charizard|Charizard-Mega-Y, L50, M, shiny
|-mega|p1a: Charizard|Charizard|Charizardite Y
|move|p2b: Torkoal|Eruption|p1b: Whimsicott|[spread] p1a,p1b
|-resisted|p1a: Charizard|1
|-supereffective|p1b: Whimsicott|1
|-damage|p1a: Charizard|0 fnt
|-damage|p1b: Whimsicott|0 fnt
|faint|p1a: Charizard
|faint|p1b: Whimsicott
|move|p2a: Farigiraf|Thunderbolt|p1: Charizard|[notarget]
|-fail|p2a: Farigiraf
|
|-weather|SunnyDay|[upkeep]
|upkeep
|
|t:|1783153614
|switch|p1a: Garchomp|Garchomp, L50, M, shiny|54/100
|switch|p1b: Basculegion|Basculegion, L50, M, shiny|58/100
|turn|6
|inactive|Delacruso has 30 seconds left.
|
|t:|1783153640
|move|p1a: Garchomp|Protect|p1a: Garchomp
|-singleturn|p1a: Garchomp|Protect
|move|p2b: Torkoal|Eruption|p1a: Garchomp|[spread] p1b
|-activate|p1a: Garchomp|move: Protect
|-resisted|p1b: Basculegion|1
|-damage|p1b: Basculegion|13/100
|move|p2a: Farigiraf|Thunderbolt|p1b: Basculegion
|-supereffective|p1b: Basculegion|1
|-damage|p1b: Basculegion|0 fnt
|faint|p1b: Basculegion
|
|-weather|SunnyDay|[upkeep]
|-fieldend|move: Trick Room
|upkeep
|turn|7
|
|t:|1783153659
|move|p1a: Garchomp|Earthquake|p2b: Torkoal|[spread] p2a,p2b
|-supereffective|p2b: Torkoal|1
|-damage|p2a: Farigiraf|20/100y
|-damage|p2b: Torkoal|24/100
|-enditem|p2a: Farigiraf|Sitrus Berry|[eat]
|-heal|p2a: Farigiraf|45/100|[from] item: Sitrus Berry
|-damage|p1a: Garchomp|44/100|[from] item: Life Orb
|move|p2a: Farigiraf|Psychic|p1a: Garchomp
|-damage|p1a: Garchomp|7/100
|move|p2b: Torkoal|Weather Ball|p1a: Garchomp
|-resisted|p1a: Garchomp|1
|-damage|p1a: Garchomp|0 fnt
|faint|p1a: Garchomp
|
|win|magnus2001
|raw|Delacruso's rating: 1072 → 1050(-22 for losing)
|raw|magnus2001's rating: 1051 → 1085(+34 for winning)
