|j|☆Eldrazii
|j|☆Harry Koekenpan
|html|EldraziiHarry Koekenpan    
|uhtml|bestof|Game 3 of a best-of-3
|t:|1756219348
|gametype|doubles
|player|p1|Eldrazii|swimmerf|
|player|p2|Harry Koekenpan|265|
|gen|9
|tier|[Gen 9] VGC 2025 Reg H (Bo3)
|rule|Species Clause: Limit one of each Pokémon
|rule|Item Clause: Limit 1 of each item
|clearpoke
|poke|p1|Kingambit, L50, M|
|poke|p1|Electabuzz, L50, F|
|poke|p1|Primarina, L50, M|
|poke|p1|Rillaboom, L50, F|
|poke|p1|Sneasler, L50, M|
|poke|p1|Ceruledge, L50, M|
|poke|p2|Typhlosion-Hisui, L50, M|
|poke|p2|Murkrow, L50, M|
|poke|p2|Muk-Alola, L50, F|
|poke|p2|Smeargle, L50, F|
|poke|p2|Rillaboom, L50, M|
|poke|p2|Flamigo, L50, F|
|teampreview|4
|showteam|p1|Kingambit||BlackGlasses|Defiant|KowtowCleave,SuckerPunch,SwordsDance,Protect|||M|||50|,,,,,Flying]Electabuzz||Eviolite|VitalSpirit|FollowMe,Electroweb,Taunt,Protect|||F|||50|,,,,,Water]Primarina||ThroatSpray|LiquidVoice|HyperVoice,Moonblast,Haze,Protect|||M|||50|,,,,,Poison]Rillaboom||AssaultVest|GrassySurge|FakeOut,GrassyGlide,WoodHammer,Uturn|||F|||50|,,,,,Fire]Sneasler||WhiteHerb|Unburden|CloseCombat,DireClaw,Coaching,Protect|||M|||50|,,,,,Ghost]Ceruledge||GrassySeed|FlashFire|BitterBlade,Poltergeist,Protect,BulkUp|||M|||50|,,,,,Grass
|showteam|p2|Typhlosion-Hisui||ChoiceSpecs|Blaze|Eruption,ShadowBall,Overheat,HeatWave|||M|||50|,,,,,Fire]Murkrow||Eviolite|Prankster|Tailwind,Taunt,SunnyDay,FoulPlay|||M|||50|,,,,,Ghost]Muk-Alola||Leftovers|PowerofAlchemy|Minimize,PoisonFang,KnockOff,Protect|||F|||50|,,,,,Ghost]Smeargle||FocusSash|Moody|FollowMe,FakeOut,SpikyShield,Explosion|||F|||50|,,,,,Ghost]Rillaboom||AssaultVest|GrassySurge|WoodHammer,GrassyGlide,FakeOut,HighHorsepower|||M|||50|,,,,,Fire]Flamigo||LifeOrb|Costar|CloseCombat,BraveBird,Taunt,Detect|||F|||50|,,,,,Ghost
|inactive|Battle timer is ON: inactive players will automatically lose when time's up. (requested by Eldrazii)
|inactive|Eldrazii has 60 seconds left.
|
|t:|1756219394
|teamsize|p1|4
|teamsize|p2|4
|start
|switch|p1a: Sneasler|Sneasler, L50, M|100/100
|switch|p1b: Rillaboom|Rillaboom, L50, F|100/100
|switch|p2a: Muk|Muk-Alola, L50, F|100/100
|switch|p2b: Smeargle|Smeargle, L50, F|100/100
|-fieldstart|move: Grassy Terrain|[from] ability: Grassy Surge|[of] p1b: Rillaboom
|turn|1
|
|t:|1756219411
|move|p1b: Rillaboom|Fake Out|p2b: Smeargle
|-damage|p2b: Smeargle|65/100
|cant|p2b: Smeargle|flinch
|move|p1a: Sneasler|Close Combat|p2a: Muk
|-damage|p2a: Muk|39/100
|-unboost|p1a: Sneasler|def|1
|-unboost|p1a: Sneasler|spd|1
|-enditem|p1a: Sneasler|White Herb
|-clearnegativeboost|p1a: Sneasler|[silent]
|move|p2a: Muk|Minimize|p2a: Muk
|-boost|p2a: Muk|evasion|2
|
|-heal|p2b: Smeargle|71/100|[from] Grassy Terrain
|-heal|p2a: Muk|45/100|[from] Grassy Terrain
|-heal|p2a: Muk|51/100|[from] item: Leftovers
|-ability|p2b: Smeargle|Moody|boost
|-boost|p2b: Smeargle|def|2
|-unboost|p2b: Smeargle|spa|1
|upkeep
|turn|2
|
|t:|1756219434
|move|p2b: Smeargle|Spiky Shield|p2b: Smeargle
|-singleturn|p2b: Smeargle|move: Protect
|move|p2a: Muk|Protect|p2a: Muk
|-singleturn|p2a: Muk|Protect
|move|p1a: Sneasler|Dire Claw|p2b: Smeargle
|-activate|p2b: Smeargle|move: Protect
|-damage|p1a: Sneasler|88/100|[from] Spiky Shield|[of] p2b: Smeargle
|move|p1b: Rillaboom|U-turn|p2b: Smeargle
|-activate|p2b: Smeargle|move: Protect
|-damage|p1b: Rillaboom|88/100|[from] Spiky Shield|[of] p2b: Smeargle
|
|-heal|p1a: Sneasler|94/100|[from] Grassy Terrain
|-heal|p1b: Rillaboom|94/100|[from] Grassy Terrain
|-heal|p2b: Smeargle|78/100|[from] Grassy Terrain
|-heal|p2a: Muk|58/100|[from] Grassy Terrain
|-heal|p2a: Muk|64/100|[from] item: Leftovers
|-ability|p2b: Smeargle|Moody|boost
|-boost|p2b: Smeargle|spe|2
|-unboost|p2b: Smeargle|def|1
|upkeep
|turn|3
|
|t:|1756219455
|move|p2b: Smeargle|Follow Me|p2b: Smeargle
|-singleturn|p2b: Smeargle|move: Follow Me
|move|p1a: Sneasler|Dire Claw|p2b: Smeargle
|-damage|p2b: Smeargle|0 fnt
|faint|p2b: Smeargle
|-ability|p2a: Muk|Moody|Power of Alchemy|[from] ability: Power of Alchemy|[of] p2b: Smeargle
|move|p1b: Rillaboom|U-turn|p2a: Muk|[miss]
|-miss|p1b: Rillaboom|p2a: Muk
|move|p2a: Muk|Minimize|p2a: Muk
|-boost|p2a: Muk|evasion|2
|
|-heal|p1a: Sneasler|100/100|[from] Grassy Terrain
|-heal|p1b: Rillaboom|99/100|[from] Grassy Terrain
|-heal|p2a: Muk|70/100|[from] Grassy Terrain
|-heal|p2a: Muk|76/100|[from] item: Leftovers
|-ability|p2a: Muk|Moody|boost
|-boost|p2a: Muk|spa|2
|-unboost|p2a: Muk|atk|1
|upkeep
|
|t:|1756219475
|switch|p2b: Rillaboom|Rillaboom, L50, M|100/100
|turn|4
|
|t:|1756219491
|move|p1a: Sneasler|Protect|p1a: Sneasler
|-singleturn|p1a: Sneasler|Protect
|move|p2b: Rillaboom|Fake Out|p1a: Sneasler
|-activate|p1a: Sneasler|move: Protect
|move|p1b: Rillaboom|U-turn|p2b: Rillaboom
|-supereffective|p2b: Rillaboom
|-damage|p2b: Rillaboom|60/100
|
|t:|1756219499
|switch|p1b: Primarina|Primarina, L50, M|100/100|[from] U-turn
|move|p2a: Muk|Knock Off|p1b: Primarina
|-resisted|p1b: Primarina
|-damage|p1b: Primarina|86/100
|-enditem|p1b: Primarina|Throat Spray|[from] move: Knock Off|[of] p2a: Muk
|
|-heal|p2b: Rillaboom|66/100|[from] Grassy Terrain
|-heal|p1b: Primarina|92/100|[from] Grassy Terrain
|-heal|p2a: Muk|82/100|[from] Grassy Terrain
|-heal|p2a: Muk|88/100|[from] item: Leftovers
|-ability|p2a: Muk|Moody|boost
|-boost|p2a: Muk|def|2
|-unboost|p2a: Muk|spe|1
|upkeep
|turn|5
|
|t:|1756219519
|-terastallize|p2b: Rillaboom|Fire
|-terastallize|p1b: Primarina|Poison
|move|p1a: Sneasler|Dire Claw|p2b: Rillaboom
|-damage|p2b: Rillaboom|26/100
|move|p2b: Rillaboom|Wood Hammer|p1b: Primarina
|-resisted|p1b: Primarina
|-damage|p1b: Primarina|41/100
|-damage|p2b: Rillaboom|11/100|[from] Recoil
|move|p1b: Primarina|Haze|p1b: Primarina
|-clearallboost
|move|p2a: Muk|Minimize|p2a: Muk
|-boost|p2a: Muk|evasion|2
|
|-heal|p2b: Rillaboom|17/100|[from] Grassy Terrain
|-heal|p1b: Primarina|47/100|[from] Grassy Terrain
|-heal|p2a: Muk|94/100|[from] Grassy Terrain
|-heal|p2a: Muk|100/100|[from] item: Leftovers
|-fieldend|move: Grassy Terrain
|-ability|p2a: Muk|Moody|boost
|-boost|p2a: Muk|spe|2
|-unboost|p2a: Muk|spd|1
|upkeep
|turn|6
|inactive|Harry Koekenpan has 30 seconds left.
|
|t:|1756219549
|switch|p2b: Flamigo|Flamigo, L50, F|100/100
|-copyboost|p2b: Flamigo|p2a: Muk|[from] ability: Costar
|move|p1a: Sneasler|Dire Claw|p2b: Flamigo
|-damage|p2b: Flamigo|45/100
|move|p2a: Muk|Minimize|p2a: Muk
|-boost|p2a: Muk|evasion|2
|move|p1b: Primarina|Haze|p1b: Primarina
|-clearallboost
|
|-ability|p2a: Muk|Moody|boost
|-boost|p2a: Muk|spe|2
|-unboost|p2a: Muk|def|1
|upkeep
|turn|7
|inactive|Eldrazii has 30 seconds left.
|inactive|Harry Koekenpan has 30 seconds left.
|
|t:|1756219583
|switch|p2b: Rillaboom|Rillaboom, L50, M, tera:Fire|17/100
|-fieldstart|move: Grassy Terrain|[from] ability: Grassy Surge|[of] p2b: Rillaboom
|move|p1a: Sneasler|Dire Claw|p2b: Rillaboom
|-damage|p2b: Rillaboom|0 fnt
|faint|p2b: Rillaboom
|move|p2a: Muk|Knock Off|p1b: Primarina
|-damage|p1b: Primarina|21/100
|move|p1b: Primarina|Moonblast|p2a: Muk
|-damage|p2a: Muk|69/100
|-unboost|p2a: Muk|spa|1
|
|-heal|p2a: Muk|75/100|[from] Grassy Terrain
|-heal|p2a: Muk|81/100|[from] item: Leftovers
|-heal|p1b: Primarina|27/100|[from] Grassy Terrain
|-ability|p2a: Muk|Moody|boost
|-boost|p2a: Muk|spe|2
|-unboost|p2a: Muk|atk|1
|upkeep
|
|t:|1756219590
|switch|p2b: Flamigo|Flamigo, L50, F|45/100
|-copyboost|p2b: Flamigo|p2a: Muk|[from] ability: Costar
|turn|8
|
|t:|1756219613
|move|p1b: Primarina|Protect|p1b: Primarina
|-singleturn|p1b: Primarina|Protect
|move|p2b: Flamigo|Brave Bird|p1b: Primarina
|-activate|p1b: Primarina|move: Protect
|move|p1a: Sneasler|Dire Claw|p2b: Flamigo
|-damage|p2b: Flamigo|0 fnt
|faint|p2b: Flamigo
|move|p2a: Muk|Minimize|p2a: Muk
|-boost|p2a: Muk|evasion|2
|
|-heal|p2a: Muk|87/100|[from] Grassy Terrain
|-heal|p2a: Muk|93/100|[from] item: Leftovers
|-heal|p1b: Primarina|33/100|[from] Grassy Terrain
|-ability|p2a: Muk|Moody|boost
|-boost|p2a: Muk|spa|2
|-unboost|p2a: Muk|def|1
|upkeep
|turn|9
|
|t:|1756219630
|switch|p1b: Rillaboom|Rillaboom, L50, F|99/100
|move|p1a: Sneasler|Close Combat|p2a: Muk|[miss]
|-miss|p1a: Sneasler|p2a: Muk
|move|p2a: Muk|Knock Off|p1b: Rillaboom
|-crit|p1b: Rillaboom
|-damage|p1b: Rillaboom|38/100
|-enditem|p1b: Rillaboom|Assault Vest|[from] move: Knock Off|[of] p2a: Muk
|
|-heal|p2a: Muk|99/100|[from] Grassy Terrain
|-heal|p2a: Muk|100/100|[from] item: Leftovers
|-heal|p1b: Rillaboom|43/100|[from] Grassy Terrain
|-ability|p2a: Muk|Moody|boost
|-boost|p2a: Muk|atk|2
|-unboost|p2a: Muk|spa|1
|upkeep
|turn|10
|
|t:|1756219644
|move|p2a: Muk|Protect|p2a: Muk
|-singleturn|p2a: Muk|Protect
|move|p1a: Sneasler|Close Combat|p2a: Muk
|-activate|p2a: Muk|move: Protect
|move|p1b: Rillaboom|U-turn|p2a: Muk
|-activate|p2a: Muk|move: Protect
|
|-heal|p1b: Rillaboom|49/100|[from] Grassy Terrain
|-ability|p2a: Muk|Moody|boost
|-boost|p2a: Muk|spa|2
|-unboost|p2a: Muk|def|1
|upkeep
|turn|11
|
|t:|1756219656
|move|p1a: Sneasler|Close Combat|p2a: Muk|[miss]
|-miss|p1a: Sneasler|p2a: Muk
|move|p2a: Muk|Poison Fang|p1b: Rillaboom
|-supereffective|p1b: Rillaboom
|-damage|p1b: Rillaboom|0 fnt
|faint|p1b: Rillaboom
|
|-fieldend|move: Grassy Terrain
|-ability|p2a: Muk|Moody|boost
|-boost|p2a: Muk|spd|2
|-unboost|p2a: Muk|spa|1
|upkeep
|
|t:|1756219661
|switch|p1b: Primarina|Primarina, L50, M, tera:Poison|33/100
|turn|12
|
|t:|1756219678
|move|p1b: Primarina|Protect|p1b: Primarina
|-singleturn|p1b: Primarina|Protect
|move|p1a: Sneasler|Coaching|p1b: Primarina
|-boost|p1b: Primarina|atk|1
|-boost|p1b: Primarina|def|1
|move|p2a: Muk|Knock Off|p1b: Primarina
|-activate|p1b: Primarina|move: Protect
|
|-ability|p2a: Muk|Moody|boost
|-boost|p2a: Muk|atk|2
|-unboost|p2a: Muk|spa|1
|upkeep
|turn|13
|
|t:|1756219686
|move|p1a: Sneasler|Coaching|p1b: Primarina
|-boost|p1b: Primarina|atk|1
|-boost|p1b: Primarina|def|1
|move|p2a: Muk|Knock Off|p1b: Primarina
|-damage|p1b: Primarina|0 fnt
|faint|p1b: Primarina
|
|-ability|p2a: Muk|Moody|boost
|-boost|p2a: Muk|def|2
|-unboost|p2a: Muk|spd|1
|upkeep
|
|t:|1756219694
|switch|p1b: Ceruledge|Ceruledge, L50, M, shiny|100/100
|turn|14
|
|t:|1756219706
|move|p1a: Sneasler|Close Combat|p2a: Muk|[miss]
|-miss|p1a: Sneasler|p2a: Muk
|move|p2a: Muk|Knock Off|p1b: Ceruledge
|-supereffective|p1b: Ceruledge
|-damage|p1b: Ceruledge|0 fnt
|-enditem|p1b: Ceruledge|Grassy Seed|[from] move: Knock Off|[of] p2a: Muk
|faint|p1b: Ceruledge
|
|-ability|p2a: Muk|Moody|boost
|-boost|p2a: Muk|spe|2
|-unboost|p2a: Muk|def|1
|upkeep
|turn|15
|
|t:|1756219723
|move|p1a: Sneasler|Close Combat|p2a: Muk
|-damage|p2a: Muk|0 fnt
|-unboost|p1a: Sneasler|def|1
|-unboost|p1a: Sneasler|spd|1
|faint|p2a: Muk
|
|win|Eldrazii
|c|☆Eldrazii|YES
|c|☆Harry Koekenpan|ggs
|c|☆Eldrazii|ggs
