|j|☆Llama_Llord
|j|☆wester7
|html|Llama_Llordwester7    
|uhtml|bestof|Game 1 of a best-of-3
|t:|1756940646
|gametype|doubles
|player|p1|Llama_Llord|169|1236
|player|p2|wester7|101|1179
|gen|9
|tier|[Gen 9] VGC 2025 Reg H (Bo3)
|rated|
|rule|Species Clause: Limit one of each Pokémon
|rule|Item Clause: Limit 1 of each item
|clearpoke
|poke|p1|Talonflame, L50, F|
|poke|p1|Garchomp, L50, F|
|poke|p1|Gholdengo, L50|
|poke|p1|Tyranitar, L50, F|
|poke|p1|Amoonguss, L50, F|
|poke|p1|Milotic, L50, F|
|poke|p2|Gastrodon-East, L50, M|
|poke|p2|Hydreigon, L50, F|
|poke|p2|Revavroom, L50, M|
|poke|p2|Volcarona, L50, M|
|poke|p2|Rillaboom, L50, M|
|poke|p2|Electabuzz, L50, M|
|teampreview|4
|showteam|p1|Talonflame||CovertCloak|GaleWings|Tailwind,BraveBird,WillOWisp,Taunt|||F|||50|,,,,,Grass]Garchomp||LifeOrb|RoughSkin|Earthquake,DragonClaw,StompingTantrum,Protect|||F|||50|,,,,,Fairy]Gholdengo||ChoiceSpecs|GoodasGold|MakeItRain,ShadowBall,Thunderbolt,PowerGem||||||50|,,,,,Steel]Tyranitar||AssaultVest|SandStream|RockSlide,KnockOff,TeraBlast,LowKick|||F|||50|,,,,,Flying]Amoonguss||SitrusBerry|Regenerator|PollenPuff,Spore,RagePowder,Protect|||F|||50|,,,,,Water]Milotic||SafetyGoggles|Competitive|Scald,IcyWind,Haze,Protect|||F|||50|,,,,,Dragon
|showteam|p2|Gastrodon-East||Leftovers|StormDrain|EarthPower,IceBeam,Yawn,Protect|||M|||50|,,,,,Fairy]Hydreigon||ChoiceSpecs|Levitate|DracoMeteor,DarkPulse,TeraBlast,Surf|||F|||50|,,,,,Poison]Revavroom||SitrusBerry|Overcoat|SpinOut,HighHorsepower,PartingShot,Taunt|||M|||50|,,,,,Dark]Volcarona||CovertCloak|FlameBody|FieryDance,TeraBlast,QuiverDance,Protect|||M|||50|,,,,,Fairy]Rillaboom||AssaultVest|GrassySurge|FakeOut,GrassyGlide,WoodHammer,Uturn|||M|||50|,,,,,Fire]Electabuzz||Eviolite|VitalSpirit|Thunderbolt,FollowMe,Electroweb,Protect|||M|||50|,,,,,Ghost
|inactive|Battle timer is ON: inactive players will automatically lose when time's up. (requested by Llama_Llord)
|inactive|Llama_Llord has 60 seconds left.
|inactive|wester7 has 60 seconds left.
|inactive|wester7 has 30 seconds left.
|inactive|wester7 has 20 seconds left.
|inactive|wester7 has 15 seconds left.
|inactive|wester7 has 10 seconds left.
|inactive|wester7 has 5 seconds left.
|
|t:|1756940734
|teamsize|p1|4
|teamsize|p2|4
|start
|switch|p1a: Talonflame|Talonflame, L50, F|100/100
|switch|p1b: Garchomp|Garchomp, L50, F|100/100
|switch|p2a: Gastrodon|Gastrodon-East, L50, M|100/100
|switch|p2b: Rillaboom|Rillaboom, L50, M|100/100
|-fieldstart|move: Grassy Terrain|[from] ability: Grassy Surge|[of] p2b: Rillaboom
|turn|1
|inactive|Llama_Llord has 30 seconds left.
|inactive|wester7 has 30 seconds left.
|inactive|Llama_Llord has 20 seconds left.
|inactive|Llama_Llord has 15 seconds left.
|inactive|Llama_Llord has 10 seconds left.
|inactive|Llama_Llord has 5 seconds left.
|
|t:|1756940789
|switch|p2b: Revavroom|Revavroom, L50, M|100/100
|move|p1a: Talonflame|Tailwind|p1a: Talonflame
|-sidestart|p1: Llama_Llord|move: Tailwind
|move|p1b: Garchomp|Earthquake|p2a: Gastrodon|[spread] p2a,p2b
|-immune|p1a: Talonflame
|-supereffective|p2b: Revavroom
|-damage|p2a: Gastrodon|79/100
|-damage|p2b: Revavroom|0 fnt
|faint|p2b: Revavroom
|-damage|p1b: Garchomp|91/100|[from] item: Life Orb
|move|p2a: Gastrodon|Yawn|p1a: Talonflame
|-start|p1a: Talonflame|move: Yawn|[of] p2a: Gastrodon
|
|-heal|p1b: Garchomp|97/100|[from] Grassy Terrain
|-heal|p2a: Gastrodon|86/100|[from] Grassy Terrain
|-heal|p2a: Gastrodon|92/100|[from] item: Leftovers
|upkeep
|
|t:|1756940806
|switch|p2b: Volcarona|Volcarona, L50, M|100/100
|turn|2
|inactive|Llama_Llord has 30 seconds left.
|inactive|Llama_Llord has 20 seconds left.
|inactive|Llama_Llord has 15 seconds left.
|inactive|Llama_Llord has 10 seconds left.
|inactive|Llama_Llord has 5 seconds left.
|
|t:|1756940861
|-terastallize|p2b: Volcarona|Fairy
|move|p1a: Talonflame|Tailwind||[still]
|-fail|p1a: Talonflame
|move|p1b: Garchomp|Earthquake|p2a: Gastrodon|[spread] p2a,p2b
|-immune|p1a: Talonflame
|-damage|p2a: Gastrodon|73/100
|-damage|p2b: Volcarona|76/100
|-damage|p1b: Garchomp|87/100|[from] item: Life Orb
|move|p2b: Volcarona|Quiver Dance|p2b: Volcarona
|-boost|p2b: Volcarona|spa|1
|-boost|p2b: Volcarona|spd|1
|-boost|p2b: Volcarona|spe|1
|move|p2a: Gastrodon|Ice Beam|p1b: Garchomp
|-supereffective|p1b: Garchomp
|-damage|p1b: Garchomp|0 fnt
|faint|p1b: Garchomp
|
|-heal|p2b: Volcarona|82/100|[from] Grassy Terrain
|-heal|p2a: Gastrodon|79/100|[from] Grassy Terrain
|-heal|p2a: Gastrodon|86/100|[from] item: Leftovers
|-end|p1a: Talonflame|move: Yawn|[silent]
|-status|p1a: Talonflame|slp
|upkeep
|inactive|Llama_Llord has 30 seconds left.
|inactive|Llama_Llord has 20 seconds left.
|inactive|Llama_Llord has 15 seconds left.
|inactive|Llama_Llord has 10 seconds left.
|inactive|Llama_Llord has 5 seconds left.
|
|t:|1756940917
|switch|p1b: Milotic|Milotic, L50, F|100/100
|turn|3
|
|t:|1756940938
|cant|p1a: Talonflame|slp
|move|p1b: Milotic|Haze|p1b: Milotic
|-clearallboost
|move|p2b: Volcarona|Quiver Dance|p2b: Volcarona
|-boost|p2b: Volcarona|spa|1
|-boost|p2b: Volcarona|spd|1
|-boost|p2b: Volcarona|spe|1
|move|p2a: Gastrodon|Yawn|p1b: Milotic
|-start|p1b: Milotic|move: Yawn|[of] p2a: Gastrodon
|
|-heal|p2b: Volcarona|89/100|[from] Grassy Terrain
|-heal|p2a: Gastrodon|92/100|[from] Grassy Terrain
|-heal|p2a: Gastrodon|98/100|[from] item: Leftovers
|upkeep
|turn|4
|
|t:|1756940959
|switch|p1b: Tyranitar|Tyranitar, L50, F|100/100
|-weather|Sandstorm|[from] ability: Sand Stream|[of] p1b: Tyranitar
|cant|p1a: Talonflame|slp
|move|p2b: Volcarona|Fiery Dance|p1a: Talonflame
|-resisted|p1a: Talonflame
|-damage|p1a: Talonflame|63/100 slp
|-boost|p2b: Volcarona|spa|1
|move|p2a: Gastrodon|Ice Beam|p1a: Talonflame
|-damage|p1a: Talonflame|39/100 slp
|
|-weather|Sandstorm|[upkeep]
|-damage|p1a: Talonflame|33/100 slp|[from] Sandstorm
|-damage|p2b: Volcarona|82/100|[from] Sandstorm
|-heal|p2b: Volcarona|89/100|[from] Grassy Terrain
|-heal|p2a: Gastrodon|100/100|[from] Grassy Terrain
|-sideend|p1: Llama_Llord|move: Tailwind
|upkeep
|turn|5
|inactive|wester7 has 30 seconds left.
|
|t:|1756940988
|-curestatus|p1a: Talonflame|slp|[msg]
|move|p1a: Talonflame|Tailwind|p1a: Talonflame
|-sidestart|p1: Llama_Llord|move: Tailwind
|move|p1b: Tyranitar|Rock Slide|p2b: Volcarona|[spread] p2a,p2b
|-resisted|p2a: Gastrodon
|-damage|p2a: Gastrodon|88/100
|-damage|p2b: Volcarona|57/100
|move|p2b: Volcarona|Fiery Dance|p1a: Talonflame
|-resisted|p1a: Talonflame
|-damage|p1a: Talonflame|0 fnt
|-boost|p2b: Volcarona|spa|1
|faint|p1a: Talonflame
|move|p2a: Gastrodon|Yawn|p1b: Tyranitar
|-start|p1b: Tyranitar|move: Yawn|[of] p2a: Gastrodon
|
|-weather|Sandstorm|[upkeep]
|-damage|p2b: Volcarona|50/100|[from] Sandstorm
|-heal|p2b: Volcarona|57/100|[from] Grassy Terrain
|-heal|p2a: Gastrodon|94/100|[from] Grassy Terrain
|-heal|p2a: Gastrodon|99/100|[from] item: Leftovers
|-fieldend|move: Grassy Terrain
|upkeep
|
|t:|1756940999
|switch|p1a: Milotic|Milotic, L50, F|100/100
|turn|6
|
|t:|1756941012
|move|p2b: Volcarona|Protect|p2b: Volcarona
|-singleturn|p2b: Volcarona|Protect
|move|p2a: Gastrodon|Protect|p2a: Gastrodon
|-singleturn|p2a: Gastrodon|Protect
|move|p1a: Milotic|Haze|p1a: Milotic
|-clearallboost
|move|p1b: Tyranitar|Rock Slide|p2b: Volcarona|[spread] 
|-activate|p2a: Gastrodon|move: Protect
|-activate|p2b: Volcarona|move: Protect
|
|-weather|Sandstorm|[upkeep]
|-damage|p2b: Volcarona|50/100|[from] Sandstorm
|-heal|p2a: Gastrodon|100/100|[from] item: Leftovers
|-end|p1b: Tyranitar|move: Yawn|[silent]
|-status|p1b: Tyranitar|slp
|upkeep
|turn|7
|
|t:|1756941025
|move|p1a: Milotic|Icy Wind|p2b: Volcarona|[spread] p2a,p2b
|-damage|p2a: Gastrodon|89/100
|-damage|p2b: Volcarona|40/100
|-unboost|p2a: Gastrodon|spe|1
|cant|p1b: Tyranitar|slp
|move|p2b: Volcarona|Tera Blast|p1b: Tyranitar|[anim] Tera Blast Fairy
|-supereffective|p1b: Tyranitar
|-damage|p1b: Tyranitar|69/100 slp
|move|p2a: Gastrodon|Yawn|p1a: Milotic
|-start|p1a: Milotic|move: Yawn|[of] p2a: Gastrodon
|
|-weather|Sandstorm|[upkeep]
|-damage|p2b: Volcarona|34/100|[from] Sandstorm
|-heal|p2a: Gastrodon|95/100|[from] item: Leftovers
|upkeep
|turn|8
|
|t:|1756941047
|-terastallize|p1b: Tyranitar|Flying
|move|p1a: Milotic|Icy Wind|p2b: Volcarona|[spread] p2a,p2b
|-damage|p2a: Gastrodon|85/100
|-damage|p2b: Volcarona|23/100
|-unboost|p2a: Gastrodon|spe|1
|-curestatus|p1b: Tyranitar|slp|[msg]
|move|p1b: Tyranitar|Rock Slide|p2a: Gastrodon|[spread] p2a,p2b
|-resisted|p2a: Gastrodon
|-damage|p2a: Gastrodon|72/100
|-damage|p2b: Volcarona|0 fnt
|faint|p2b: Volcarona
|move|p2a: Gastrodon|Earth Power|p1b: Tyranitar
|-immune|p1b: Tyranitar
|
|-weather|none
|-heal|p2a: Gastrodon|78/100|[from] item: Leftovers
|-end|p1a: Milotic|move: Yawn|[silent]
|-status|p1a: Milotic|slp
|-sideend|p1: Llama_Llord|move: Tailwind
|upkeep
|
|t:|1756941050
|switch|p2b: Rillaboom|Rillaboom, L50, M|100/100
|-fieldstart|move: Grassy Terrain|[from] ability: Grassy Surge|[of] p2b: Rillaboom
|turn|9
|
|t:|1756941061
|move|p2b: Rillaboom|Wood Hammer|p1a: Milotic
|-supereffective|p1a: Milotic
|-damage|p1a: Milotic|0 fnt
|faint|p1a: Milotic
|-damage|p2b: Rillaboom|67/100|[from] Recoil
|move|p1b: Tyranitar|Tera Blast|p2b: Rillaboom|[anim] Tera Blast Flying
|-supereffective|p2b: Rillaboom
|-damage|p2b: Rillaboom|0 fnt
|faint|p2b: Rillaboom
|move|p2a: Gastrodon|Yawn|p1b: Tyranitar
|-start|p1b: Tyranitar|move: Yawn|[of] p2a: Gastrodon
|
|-heal|p2a: Gastrodon|84/100|[from] Grassy Terrain
|-heal|p2a: Gastrodon|90/100|[from] item: Leftovers
|upkeep
|turn|10
|
|t:|1756941071
|move|p1b: Tyranitar|Rock Slide|p2a: Gastrodon
|-resisted|p2a: Gastrodon
|-damage|p2a: Gastrodon|73/100
|move|p2a: Gastrodon|Ice Beam|p1b: Tyranitar
|-supereffective|p1b: Tyranitar
|-damage|p1b: Tyranitar|43/100
|
|-heal|p2a: Gastrodon|79/100|[from] Grassy Terrain
|-heal|p2a: Gastrodon|85/100|[from] item: Leftovers
|-end|p1b: Tyranitar|move: Yawn|[silent]
|-status|p1b: Tyranitar|slp
|upkeep
|turn|11
|
|t:|1756941075
|cant|p1b: Tyranitar|slp
|move|p2a: Gastrodon|Ice Beam|p1b: Tyranitar
|-supereffective|p1b: Tyranitar
|-damage|p1b: Tyranitar|19/100 slp
|
|-heal|p2a: Gastrodon|91/100|[from] Grassy Terrain
|-heal|p2a: Gastrodon|98/100|[from] item: Leftovers
|upkeep
|turn|12
|
|t:|1756941080
|cant|p1b: Tyranitar|slp
|move|p2a: Gastrodon|Ice Beam|p1b: Tyranitar
|-supereffective|p1b: Tyranitar
|-damage|p1b: Tyranitar|0 fnt
|faint|p1b: Tyranitar
|
|win|wester7
||wester7 is ready for game 2.
