|j|‽azazel78/
|j|☆Heavy panda
|html|azazel78/Heavy panda    
|uhtml|bestof|Game 1 of a best-of-3
|t:|1783096153
|gametype|doubles
|player|p1|azazel78/|riley|1043
|player|p2|Heavy panda|2|1108
|gen|9
|tier|[Gen 9 Champions] VGC 2026 Reg M-B (Bo3)
|rated|
|rule|Species Clause: Limit one of each Pokémon
|rule|Item Clause: Limit 1 of each item
|clearpoke
|poke|p1|Delphox, L50, M|
|poke|p1|Ninetales, L50, M|
|poke|p1|Mawile, L50, M|
|poke|p1|Sinistcha-Masterpiece, L50|
|poke|p1|Sneasler, L50, M|
|poke|p1|Mamoswine, L50, F|
|poke|p2|Gengar, L50, F|
|poke|p2|Sneasler, L50, M|
|poke|p2|Incineroar, L50, M|
|poke|p2|Kingambit, L50, F|
|poke|p2|Kommo-o, L50, M|
|poke|p2|Floette-Eternal, L50, F|
|teampreview|4
|showteam|p1|Delphox||Delphoxite|Blaze|HeatWave,Psyshock,NastyPlot,Protect|Timid||M|||50|]Ninetales||FocusSash|Drought|Encore,WillOWisp,Disable,Protect|Careful||M|||50|]Mawile||Mawilite|HyperCutter|BrickBreak,PlayRough,SuckerPunch,Protect|Adamant||M|||50|]Sinistcha-Masterpiece||KasibBerry|Hospitality|RagePowder,MatchaGotcha,TrickRoom,Protect|Bold|||||50|]Sneasler||WhiteHerb|Unburden|Protect,FakeOut,CloseCombat,GunkShot|Adamant||M|||50|]Mamoswine||ChoiceScarf|Oblivious|IceShard,IcicleCrash,HighHorsepower,RockSlide|Jolly||F|||50|
|showteam|p2|Gengar||Gengarite|CursedBody|PerishSong,Disable,ShadowBall,Protect|Modest||F|||50|]Sneasler||WhiteHerb|Unburden|FakeOut,Protect,CloseCombat,DireClaw|Adamant||M|||50|]Incineroar||SitrusBerry|Intimidate|FakeOut,PartingShot,DarkestLariat,Protect|Relaxed||M|||50|]Kingambit||ChopleBerry|Defiant|KowtowCleave,SuckerPunch,Protect,LowKick|Adamant||F|||50|]Kommo-o||HabanBerry|Overcoat|ClangingScales,AuraSphere,Protect,ClangorousSoul|Modest||M|||50|]Floette-Eternal||Floettite|FlowerVeil|Protect,Moonblast,DazzlingGleam,LightofRuin|Modest||F|||50|
|inactive|Battle timer is ON: inactive players will automatically lose when time's up. (requested by Heavy panda)
|inactive|azazel78/ has 60 seconds left.
|
|t:|1783096212
|teamsize|p1|4
|teamsize|p2|4
|start
|switch|p1a: Delphox|Delphox, L50, M|100/100
|switch|p1b: Ninetales|Ninetales, L50, M|100/100
|switch|p2a: Incineroar|Incineroar, L50, M|100/100
|switch|p2b: Gengar|Gengar, L50, F|100/100
|-weather|SunnyDay|[from] ability: Drought|[of] p1b: Ninetales
|-ability|p2a: Incineroar|Intimidate|boost
|-unboost|p1a: Delphox|atk|1
|-unboost|p1b: Ninetales|atk|1
|turn|1
|inactive|azazel78/ has 30 seconds left.
|inactive|Heavy panda has 30 seconds left.
|inactive|azazel78/ has 20 seconds left.
|inactive|azazel78/ has 15 seconds left.
|inactive|azazel78/ has 10 seconds left.
|inactive|azazel78/ has 5 seconds left.
|
|t:|1783096265
|detailschange|p1a: Delphox|Delphox-Mega, L50, M
|-mega|p1a: Delphox|Delphox|Delphoxite
|detailschange|p2b: Gengar|Gengar-Mega, L50, F
|-mega|p2b: Gengar|Gengar|Gengarite
|move|p2a: Incineroar|Fake Out|p1b: Ninetales
|-damage|p1b: Ninetales|86/100
|move|p1a: Delphox|Heat Wave|p2a: Incineroar|[spread] p2a,p2b
|-resisted|p2a: Incineroar|1
|-damage|p2a: Incineroar|72/100
|-damage|p2b: Gengar|25/100
|-status|p2b: Gengar|brn
|move|p2b: Gengar|Perish Song|p2b: Gengar
|-start|p1a: Delphox|perish3|[silent]
|-start|p1b: Ninetales|perish3|[silent]
|-start|p2a: Incineroar|perish3|[silent]
|-start|p2b: Gengar|perish3|[silent]
|-fieldactivate|move: Perish Song
|cant|p1b: Ninetales|flinch
|
|-weather|SunnyDay|[upkeep]
|-damage|p2b: Gengar|20/100y brn|[from] brn
|-start|p1a: Delphox|perish3
|-start|p2b: Gengar|perish3
|-start|p1b: Ninetales|perish3
|-start|p2a: Incineroar|perish3
|upkeep
|turn|2
|inactive|azazel78/ has 30 seconds left.
|inactive|Heavy panda has 30 seconds left.
|
|t:|1783096298
|move|p2b: Gengar|Protect|p2b: Gengar
|-singleturn|p2b: Gengar|Protect
|move|p1a: Delphox|Heat Wave|p2b: Gengar|[spread] p2a
|-activate|p2b: Gengar|move: Protect
|-resisted|p2a: Incineroar|1
|-damage|p2a: Incineroar|43/100
|-enditem|p2a: Incineroar|Sitrus Berry|[eat]
|-heal|p2a: Incineroar|68/100|[from] item: Sitrus Berry
|move|p1b: Ninetales|Encore|p2a: Incineroar
|-start|p2a: Incineroar|Encore
|move|p2a: Incineroar|Fake Out||[still]
|-hint|Fake Out only works on your first turn out.
|-fail|p2a: Incineroar
|
|-weather|SunnyDay|[upkeep]
|-damage|p2b: Gengar|14/100 brn|[from] brn
|-start|p1a: Delphox|perish2
|-start|p2b: Gengar|perish2
|-start|p1b: Ninetales|perish2
|-start|p2a: Incineroar|perish2
|upkeep
|turn|3
|l|☆Heavy panda
|inactive|Heavy panda disconnected and has a minute to reconnect!
|player|p2|
|j|☆Heavy panda
|inactive|Heavy panda reconnected and has 35 seconds left.
|player|p2|Heavy panda|2|
|inactive|Heavy panda has 30 seconds left.
|inactive|azazel78/ has 30 seconds left.
|inactive|Heavy panda has 20 seconds left.
|
|t:|1783096334
|switch|p2b: Kingambit|Kingambit, L50, F|100/100
|move|p1a: Delphox|Heat Wave|p2b: Kingambit|[spread] p2a
|-miss|p1a: Delphox|p2b: Kingambit
|-resisted|p2a: Incineroar|1
|-damage|p2a: Incineroar|39/100
|move|p1b: Ninetales|Disable|p2a: Incineroar
|-start|p2a: Incineroar|Disable|Fake Out
|-activate|p2a: Incineroar|move: Struggle
|move|p2a: Incineroar|Struggle|p1a: Delphox
|-damage|p1a: Delphox|81/100
|-damage|p2a: Incineroar|14/100|[from] recoil
|
|-weather|SunnyDay|[upkeep]
|-start|p1a: Delphox|perish1
|-start|p1b: Ninetales|perish1
|-start|p2a: Incineroar|perish1
|upkeep
|turn|4
|inactive|Heavy panda has 30 seconds left.
|
|t:|1783096360
|switch|p1a: Mamoswine|Mamoswine, L50, F|100/100
|switch|p1b: Sneasler|Sneasler, L50, M|100/100
|switch|p2a: Sneasler|Sneasler, L50, M|100/100
|move|p2b: Kingambit|Kowtow Cleave|p1b: Sneasler
|-resisted|p1b: Sneasler|1
|-crit|p1b: Sneasler
|-damage|p1b: Sneasler|33/100
|
|-weather|SunnyDay|[upkeep]
|upkeep
|turn|5
|inactive|Heavy panda has 30 seconds left.
|
|t:|1783096387
|switch|p2b: Gengar|Gengar-Mega, L50, F|14/100 brn
|move|p1b: Sneasler|Protect|p1b: Sneasler
|-singleturn|p1b: Sneasler|Protect
|move|p2a: Sneasler|Fake Out|p1b: Sneasler
|-activate|p1b: Sneasler|move: Protect
|move|p1a: Mamoswine|High Horsepower|p2b: Gengar
|-supereffective|p2b: Gengar|1
|-damage|p2b: Gengar|0 fnt
|faint|p2b: Gengar
|
|-weather|none
|upkeep
|
|t:|1783096399
|switch|p2b: Incineroar|Incineroar, L50, M|14/100
|-ability|p2b: Incineroar|Intimidate|boost
|-fail|p1a: Mamoswine|unboost|Attack|[from] ability: Oblivious|[of] p1a: Mamoswine
|-unboost|p1b: Sneasler|atk|1
|-enditem|p1b: Sneasler|White Herb
|-clearnegativeboost|p1b: Sneasler|[silent]
|turn|6
|
|t:|1783096414
|move|p2b: Incineroar|Fake Out|p1b: Sneasler
|-damage|p1b: Sneasler|16/100
|cant|p1b: Sneasler|flinch
|move|p1a: Mamoswine|High Horsepower|p2a: Sneasler
|-supereffective|p2a: Sneasler|1
|-damage|p2a: Sneasler|0 fnt
|faint|p2a: Sneasler
|
|upkeep
|
|t:|1783096423
|switch|p2a: Kingambit|Kingambit, L50, F|100/100
|turn|7
|-message|Heavy panda forfeited.
|
|win|azazel78/
|l|☆Heavy panda
|player|p2|
||Heavy panda is ready for game 2.
||azazel78/ is ready for game 2.
|uhtml|next|Next: Game 2 of 3
