|j|☆bluepropro
|j|☆mrshowtimex
|html|bluepropromrshowtimex    
|uhtml|bestof|Game 2 of a best-of-3
|t:|1782476816
|gametype|doubles
|player|p1|bluepropro|infielder|
|player|p2|mrshowtimex|n|
|gen|9
|tier|[Gen 9 Champions] VGC 2026 Reg M-B (Bo3)
|rule|Species Clause: Limit one of each Pokémon
|rule|Item Clause: Limit 1 of each item
|clearpoke
|poke|p1|Lopunny, L50, M, shiny|
|poke|p1|Gholdengo, L50, shiny|
|poke|p1|Kingambit, L50, M, shiny|
|poke|p1|Garchomp, L50, M, shiny|
|poke|p1|Whimsicott, L50, M, shiny|
|poke|p1|Basculegion-F, L50, F|
|poke|p2|Dragalge, L50, F, shiny|
|poke|p2|Incineroar, L50, F|
|poke|p2|Maushold-Four, L50|
|poke|p2|Annihilape, L50, F|
|poke|p2|Sinistcha, L50|
|poke|p2|Mawile, L50, F|
|teampreview|4
|showteam|p1|Lopunny||Lopunnite|Limber|FakeOut,CloseCombat,TripleAxel,Protect|Jolly||M|||50|]Gholdengo||LifeOrb|GoodasGold|MakeItRain,ShadowBall,PowerGem,Protect|Timid|||||50|]Kingambit||ChopleBerry|SupremeOverlord|KowtowCleave,SuckerPunch,IronHead,Protect|Adamant||M|||50|]Garchomp||Leftovers|RoughSkin|StompingTantrum,RockSlide,Earthquake,DragonClaw|Jolly||M|||50|]Whimsicott||FocusSash|Prankster|Tailwind,Moonblast,Protect,GrassKnot|Timid||M|||50|]Basculegion-F||ChoiceScarf|Adaptability|LastRespects,AquaJet,FlipTurn,WaveCrash|Jolly||F|||50|
|showteam|p2|Dragalge||Dragalgite|Adaptability|DracoMeteor,DragonPulse,SludgeBomb,Protect|Modest||F|||50|]Incineroar||SitrusBerry|Blaze|FlareBlitz,ThroatChop,PartingShot,FakeOut|Impish||F|||50|]Maushold-Four||WideLens|Technician|FollowMe,PopulationBomb,BeatUp,Protect|Jolly|||||50|]Annihilape||SpellTag|Defiant|CloseCombat,RageFist,HelpingHand,Protect|Jolly||F|||50|]Sinistcha||OccaBerry|Hospitality|MatchaGotcha,RagePowder,TrickRoom,Protect|Bold|||||50|]Mawile||Mawilite|Intimidate|PlayRough,KnockOff,PsychicFangs,Protect|Adamant||F|||50|
|
|t:|1782476840
|teamsize|p1|4
|teamsize|p2|4
|start
|switch|p1a: lopupu|Lopunny, L50, M, shiny|100/100
|switch|p1b: gold thing|Gholdengo, L50, shiny|100/100
|switch|p2a: Mawile|Mawile, L50, F|100/100
|switch|p2b: Sinistcha|Sinistcha, L50|100/100
|-ability|p2a: Mawile|Intimidate|boost
|-unboost|p1a: lopupu|atk|1
|-unboost|p1b: gold thing|atk|1
|turn|1
|
|t:|1782476865
|detailschange|p1a: lopupu|Lopunny-Mega, L50, M, shiny
|-mega|p1a: lopupu|Lopunny|Lopunnite
|detailschange|p2a: Mawile|Mawile-Mega, L50, F
|-mega|p2a: Mawile|Mawile|Mawilite
|move|p1a: lopupu|Fake Out|p2a: Mawile
|-resisted|p2a: Mawile|1
|-damage|p2a: Mawile|92/100
|move|p1b: gold thing|Make It Rain|p2a: Mawile|[spread] p2a,p2b
|-crit|p2b: Sinistcha
|-damage|p2a: Mawile|22/100
|-damage|p2b: Sinistcha|20/100y
|-unboost|p1b: gold thing|spa|2
|-damage|p1b: gold thing|90/100|[from] item: Life Orb
|cant|p2a: Mawile|flinch
|move|p2b: Sinistcha|Trick Room|p2b: Sinistcha
|-fieldstart|move: Trick Room|[of] p2b: Sinistcha
|
|upkeep
|turn|2
|
|t:|1782476896
|move|p1a: lopupu|Protect|p1a: lopupu
|-singleturn|p1a: lopupu|Protect
|move|p2a: Mawile|Play Rough|p1a: lopupu
|-activate|p1a: lopupu|move: Protect
|move|p2b: Sinistcha|Matcha Gotcha|p1a: lopupu|[spread] p1b
|-activate|p1a: lopupu|move: Protect
|-resisted|p1b: gold thing|1
|-damage|p1b: gold thing|76/100
|-heal|p2b: Sinistcha|26/100|[from] drain|[of] p1b: gold thing
|move|p1b: gold thing|Make It Rain|p2a: Mawile|[spread] p2a,p2b
|-damage|p2a: Mawile|0 fnt
|-damage|p2b: Sinistcha|0 fnt
|-unboost|p1b: gold thing|spa|2
|faint|p2a: Mawile
|faint|p2b: Sinistcha
|-damage|p1b: gold thing|67/100|[from] item: Life Orb
|
|upkeep
|c|☆bluepropro|u r so bad
|
|t:|1782476914
|switch|p2a: Annihilape|Annihilape, L50, F|100/100
|switch|p2b: Maushold|Maushold-Four, L50|100/100
|turn|3
|
|t:|1782476929
|move|p2a: Annihilape|Helping Hand|p2b: Maushold
|-singleturn|p2b: Maushold|Helping Hand|[of] p2a: Annihilape
|move|p1b: gold thing|Shadow Ball|p2a: Annihilape
|-supereffective|p2a: Annihilape|1
|-damage|p2a: Annihilape|57/100
|-unboost|p2a: Annihilape|spd|1
|-ability|p2a: Annihilape|Defiant|boost
|-boost|p2a: Annihilape|atk|2
|-damage|p1b: gold thing|57/100|[from] item: Life Orb
|move|p2b: Maushold|Population Bomb|p1a: lopupu
|-damage|p1a: lopupu|78/100
|-crit|p1a: lopupu
|-damage|p1a: lopupu|45/100
|-damage|p1a: lopupu|23/100
|-damage|p1a: lopupu|0 fnt
|faint|p1a: lopupu
|-hitcount|p1: lopupu|4
|
|upkeep
|
|t:|1782476949
|switch|p1a: lulkee|Whimsicott, L50, M, shiny|100/100
|turn|4
|
|t:|1782476965
|move|p1b: gold thing|Protect|p1b: gold thing
|-singleturn|p1b: gold thing|Protect
|move|p2a: Annihilape|Protect|p2a: Annihilape
|-singleturn|p2a: Annihilape|Protect
|move|p2b: Maushold|Beat Up|p1b: gold thing
|-activate|p1b: gold thing|move: Protect
|move|p1a: lulkee|Moonblast|p2a: Annihilape
|-activate|p2a: Annihilape|move: Protect
|
|upkeep
|turn|5
|
|t:|1782476986
|move|p1b: gold thing|Shadow Ball|p2a: Annihilape
|-supereffective|p2a: Annihilape|1
|-damage|p2a: Annihilape|0 fnt
|faint|p2a: Annihilape
|-damage|p1b: gold thing|47/100|[from] item: Life Orb
|move|p2b: Maushold|Population Bomb|p1a: lulkee
|-damage|p1a: lulkee|82/100
|-damage|p1a: lulkee|67/100
|-damage|p1a: lulkee|49/100
|-hitcount|p1a: lulkee|3
|move|p1a: lulkee|Moonblast|p2b: Maushold
|-damage|p2b: Maushold|51/100
|
|-fieldend|move: Trick Room
|upkeep
|turn|6
|c|☆bluepropro|bruh lol
|-message|mrshowtimex forfeited.
|
|win|bluepropro
|l|☆mrshowtimex
|player|p2|
