|j|☆Jakobtc
|j|☆Aizenmack
|html|JakobtcAizenmack    
|uhtml|bestof|Game 3 of a best-of-3
|t:|1756837075
|gametype|doubles
|player|p1|Jakobtc|riley|1193
|player|p2|Aizenmack|veteran|1281
|gen|9
|tier|[Gen 9] VGC 2025 Reg H (Bo3)
|rated|
|rule|Species Clause: Limit one of each Pokémon
|rule|Item Clause: Limit 1 of each item
|clearpoke
|poke|p1|Gholdengo, L50|
|poke|p1|Incineroar, L50, F|
|poke|p1|Porygon2, L50|
|poke|p1|Ursaluna, L50, F|
|poke|p1|Kilowattrel, L50, M|
|poke|p1|Amoonguss, L50, M|
|poke|p2|Amoonguss, L50, M|
|poke|p2|Incineroar, L50, M|
|poke|p2|Archaludon, L50, M|
|poke|p2|Pelipper, L50, M|
|poke|p2|Basculegion, L50, M|
|poke|p2|Grimmsnarl, L50, M|
|teampreview|4
|showteam|p1|Gholdengo||LifeOrb|GoodasGold|MakeItRain,ShadowBall,NastyPlot,Protect||||||50|,,,,,Water]Incineroar||SafetyGoggles|Intimidate|FakeOut,FlareBlitz,KnockOff,PartingShot|||F|||50|,,,,,Bug]Porygon2||Eviolite|Download|TeraBlast,IceBeam,TrickRoom,Recover||||||50|,,,,,Fighting]Ursaluna||FlameOrb|Guts|Facade,HeadlongRush,Earthquake,Protect|||F|||50|,,,,,Ghost]Kilowattrel||FocusSash|Competitive|AirSlash,Thunderbolt,Tailwind,Protect|||M|||50|,,,,,Ghost]Amoonguss||SitrusBerry|Regenerator|Spore,RagePowder,PollenPuff,Protect|||M|||50|,,,,,Water
|showteam|p2|Amoonguss||SitrusBerry|Regenerator|Spore,RagePowder,PollenPuff,Protect|||M|||50|,,,,,Fairy]Incineroar||SafetyGoggles|Intimidate|FakeOut,KnockOff,PartingShot,FlareBlitz|||M|||50|,,,,,Ghost]Archaludon||PowerHerb|Sturdy|DragonPulse,FlashCannon,ElectroShot,Protect|||M|||50|,,,,,Electric]Pelipper||FocusSash|Drizzle|Hurricane,Tailwind,Protect,WeatherBall|||M|||50|,,,,,Water]Basculegion||ChoiceBand|SwiftSwim|LastRespects,WaveCrash,AquaJet,FlipTurn|||M|||50|,,,,,Water]Grimmsnarl||LightClay|Prankster|ThunderWave,SpiritBreak,LightScreen,Reflect|||M|||50|,,,,,Dark
|inactive|Battle timer is ON: inactive players will automatically lose when time's up. (requested by Aizenmack)
|
|t:|1756837098
|teamsize|p1|4
|teamsize|p2|4
|start
|switch|p1a: Gholdengo|Gholdengo, L50|100/100
|switch|p1b: Incineroar|Incineroar, L50, F|100/100
|switch|p2a: Basculegion|Basculegion, L50, M, shiny|100/100
|switch|p2b: Pelipper|Pelipper, L50, M|100/100
|-weather|RainDance|[from] ability: Drizzle|[of] p2b: Pelipper
|-ability|p1b: Incineroar|Intimidate|boost
|-unboost|p2a: Basculegion|atk|1
|-unboost|p2b: Pelipper|atk|1
|turn|1
|
|t:|1756837119
|-terastallize|p2a: Basculegion|Water
|-terastallize|p1a: Gholdengo|Water
|move|p1b: Incineroar|Fake Out|p2b: Pelipper
|-damage|p2b: Pelipper|85/100
|move|p2a: Basculegion|Wave Crash|p1a: Gholdengo
|-resisted|p1a: Gholdengo
|-damage|p1a: Gholdengo|38/100
|-damage|p2a: Basculegion|82/100|[from] Recoil
|move|p1a: Gholdengo|Shadow Ball|p2a: Basculegion
|-damage|p2a: Basculegion|23/100
|-damage|p1a: Gholdengo|28/100|[from] item: Life Orb
|cant|p2b: Pelipper|flinch
|
|-weather|RainDance|[upkeep]
|upkeep
|turn|2
|inactive|Jakobtc has 30 seconds left.
|
|t:|1756837146
|switch|p1b: Amoonguss|Amoonguss, L50, M|100/100
|move|p1a: Gholdengo|Protect|p1a: Gholdengo
|-singleturn|p1a: Gholdengo|Protect
|move|p2a: Basculegion|Wave Crash|p1b: Amoonguss
|-resisted|p1b: Amoonguss
|-damage|p1b: Amoonguss|41/100
|-enditem|p1b: Amoonguss|Sitrus Berry|[eat]
|-heal|p1b: Amoonguss|66/100|[from] item: Sitrus Berry
|-damage|p2a: Basculegion|1/100|[from] Recoil
|move|p2b: Pelipper|Tailwind|p2b: Pelipper
|-sidestart|p2: Aizenmack|move: Tailwind
|
|-weather|RainDance|[upkeep]
|upkeep
|turn|3
|
|t:|1756837168
|move|p1b: Amoonguss|Rage Powder|p1b: Amoonguss
|-singleturn|p1b: Amoonguss|move: Rage Powder
|move|p2a: Basculegion|Wave Crash|p1b: Amoonguss
|-resisted|p1b: Amoonguss
|-damage|p1b: Amoonguss|13/100
|-damage|p2a: Basculegion|0 fnt|[from] Recoil
|faint|p2a: Basculegion
|move|p2b: Pelipper|Hurricane|p1b: Amoonguss
|-supereffective|p1b: Amoonguss
|-damage|p1b: Amoonguss|0 fnt
|faint|p1b: Amoonguss
|move|p1a: Gholdengo|Make It Rain|p2b: Pelipper
|-resisted|p2b: Pelipper
|-damage|p2b: Pelipper|14/100
|-unboost|p1a: Gholdengo|spa|1
|-damage|p1a: Gholdengo|19/100|[from] item: Life Orb
|
|-weather|RainDance|[upkeep]
|upkeep
|
|t:|1756837185
|switch|p2a: Archaludon|Archaludon, L50, M|100/100
|switch|p1b: Incineroar|Incineroar, L50, F|100/100
|-ability|p1b: Incineroar|Intimidate|boost
|-unboost|p2a: Archaludon|atk|1
|-unboost|p2b: Pelipper|atk|1
|turn|4
|
|t:|1756837195
|switch|p1a: Kilowattrel|Kilowattrel, L50, M|100/100
|move|p2a: Archaludon|Protect|p2a: Archaludon
|-singleturn|p2a: Archaludon|Protect
|move|p2b: Pelipper|Protect|p2b: Pelipper
|-singleturn|p2b: Pelipper|Protect
|move|p1b: Incineroar|Fake Out|p2a: Archaludon
|-activate|p2a: Archaludon|move: Protect
|
|-weather|RainDance|[upkeep]
|upkeep
|turn|5
|inactive|Jakobtc has 30 seconds left.
|
|t:|1756837220
|move|p1a: Kilowattrel|Protect|p1a: Kilowattrel
|-singleturn|p1a: Kilowattrel|Protect
|move|p2a: Archaludon|Electro Shot||[still]
|-prepare|p2a: Archaludon|Electro Shot
|-boost|p2a: Archaludon|spa|1
|-anim|p2a: Archaludon|Electro Shot|p1a: Kilowattrel
|-activate|p1a: Kilowattrel|move: Protect
|move|p2b: Pelipper|Weather Ball|p1b: Incineroar
|-supereffective|p1b: Incineroar
|-damage|p1b: Incineroar|0 fnt
|faint|p1b: Incineroar
|
|-weather|none
|-sideend|p2: Aizenmack|move: Tailwind
|upkeep
|
|t:|1756837233
|switch|p1b: Gholdengo|Gholdengo, L50, tera:Water|19/100
|turn|6
|
|t:|1756837248
|move|p1b: Gholdengo|Protect|p1b: Gholdengo
|-singleturn|p1b: Gholdengo|Protect
|move|p2b: Pelipper|Protect|p2b: Pelipper
|-singleturn|p2b: Pelipper|Protect
|move|p1a: Kilowattrel|Thunderbolt|p2b: Pelipper
|-activate|p2b: Pelipper|move: Protect
|move|p2a: Archaludon|Dragon Pulse|p1b: Gholdengo
|-activate|p1b: Gholdengo|move: Protect
|
|upkeep
|turn|7
|inactive|Jakobtc has 30 seconds left.
|inactive|Jakobtc has 20 seconds left.
|inactive|Jakobtc has 15 seconds left.
|
|t:|1756837289
|move|p1a: Kilowattrel|Tailwind|p1a: Kilowattrel
|-sidestart|p1: Jakobtc|move: Tailwind
|move|p1b: Gholdengo|Shadow Ball|p2a: Archaludon
|-damage|p2a: Archaludon|25/100
|-damage|p1b: Gholdengo|9/100|[from] item: Life Orb
|move|p2a: Archaludon|Dragon Pulse|p1b: Gholdengo
|-damage|p1b: Gholdengo|0 fnt
|faint|p1b: Gholdengo
|move|p2b: Pelipper|Tailwind|p2b: Pelipper
|-sidestart|p2: Aizenmack|move: Tailwind
|
|upkeep
|turn|8
|inactive|Jakobtc has 30 seconds left.
|
|t:|1756837318
|move|p1a: Kilowattrel|Protect|p1a: Kilowattrel
|-singleturn|p1a: Kilowattrel|Protect
|move|p2a: Archaludon|Protect|p2a: Archaludon
|-singleturn|p2a: Archaludon|Protect
|move|p2b: Pelipper|Hurricane|p1a: Kilowattrel
|-activate|p1a: Kilowattrel|move: Protect
|
|upkeep
|turn|9
|inactive|Jakobtc has 30 seconds left.
|
|t:|1756837344
|move|p1a: Kilowattrel|Air Slash|p2a: Archaludon
|-resisted|p2a: Archaludon
|-damage|p2a: Archaludon|0 fnt
|faint|p2a: Archaludon
|move|p2b: Pelipper|Weather Ball|p1a: Kilowattrel
|-damage|p1a: Kilowattrel|70/100
|
|upkeep
|
|t:|1756837352
|switch|p2a: Incineroar|Incineroar, L50, M|100/100
|-ability|p2a: Incineroar|Intimidate|boost
|-unboost|p1a: Kilowattrel|atk|1
|-ability|p1a: Kilowattrel|Competitive|boost
|-boost|p1a: Kilowattrel|spa|2
|turn|10
|
|t:|1756837370
|move|p1a: Kilowattrel|Protect|p1a: Kilowattrel
|-singleturn|p1a: Kilowattrel|Protect
|move|p2a: Incineroar|Fake Out|p1a: Kilowattrel
|-activate|p1a: Kilowattrel|move: Protect
|move|p2b: Pelipper|Hurricane|p1a: Kilowattrel
|-activate|p1a: Kilowattrel|move: Protect
|
|-sideend|p2: Aizenmack|move: Tailwind
|-sideend|p1: Jakobtc|move: Tailwind
|upkeep
|turn|11
|
|t:|1756837387
|move|p1a: Kilowattrel|Thunderbolt|p2a: Incineroar
|-crit|p2a: Incineroar
|-damage|p2a: Incineroar|11/100
|move|p2b: Pelipper|Hurricane|p1a: Kilowattrel|[miss]
|-miss|p2b: Pelipper|p1a: Kilowattrel
|move|p2a: Incineroar|Flare Blitz|p1a: Kilowattrel
|-damage|p1a: Kilowattrel|0 fnt
|faint|p1a: Kilowattrel
|-damage|p2a: Incineroar|0 fnt|[from] Recoil
|faint|p2a: Incineroar
|
|win|Aizenmack
|raw|Jakobtc's rating: 1193 → 1174(-19 for losing)
|raw|Aizenmack's rating: 1281 → 1300(+19 for winning)
|c|☆Jakobtc|gg i played really bad
