|j|☆delphigni
|j|☆PerenniumFalcon
|html|delphigniPerenniumFalcon    
|uhtml|bestof|Game 2 of a best-of-3
|t:|1757203134
|gametype|doubles
|player|p1|delphigni|dawn|1154
|player|p2|PerenniumFalcon|102|1404
|gen|9
|tier|[Gen 9] VGC 2025 Reg H (Bo3)
|rated|
|rule|Species Clause: Limit one of each Pokémon
|rule|Item Clause: Limit 1 of each item
|clearpoke
|poke|p1|Kommo-o, L50, M|
|poke|p1|Primarina, L50, F|
|poke|p1|Rillaboom, L50, F|
|poke|p1|Electabuzz, L50, F|
|poke|p1|Sneasler, L50, M|
|poke|p1|Talonflame, L50, F|
|poke|p2|Sinistcha, L50|
|poke|p2|Dragapult, L50, F|
|poke|p2|Sneasler, L50, F|
|poke|p2|Volcarona, L50, F|
|poke|p2|Archaludon, L50, M|
|poke|p2|Incineroar, L50, F|
|teampreview|4
|showteam|p1|Kommo-o||ThroatSpray|Soundproof|ClangingScales,Flamethrower,ClangorousSoul,Protect|||M|||50|,,,,,Fire]Primarina||LifeOrb|LiquidVoice|HyperVoice,Moonblast,Haze,Protect|||F|||50|,,,,,Poison]Rillaboom||AssaultVest|GrassySurge|WoodHammer,GrassyGlide,FakeOut,HighHorsepower|||F|||50|,,,,,Fire]Electabuzz||Eviolite|VitalSpirit|FollowMe,Electroweb,Taunt,Protect|||F|||50|,,,,,Dragon]Sneasler||FocusSash|Unburden|DireClaw,CloseCombat,ThroatChop,Protect|||M|||50|,,,,,Dark]Talonflame||SharpBeak|GaleWings|BraveBird,WillOWisp,Tailwind,Protect|||F|||50|,,,,,Ghost
|showteam|p2|Sinistcha||SitrusBerry|Hospitality|RagePowder,MatchaGotcha,LifeDew,StrengthSap||||||50|,,,,,Water]Dragapult||ChoiceBand|ClearBody|DragonDarts,Uturn,TeraBlast,PhantomForce|||F|||50|,,,,,Ghost]Sneasler||FocusSash|PoisonTouch|FakeOut,CloseCombat,DireClaw,Protect|||F|||50|,,,,,Ghost]Volcarona||CovertCloak|FlameBody|QuiverDance,HeatWave,TeraBlast,Protect|||F|||50|,,,,,Fairy]Archaludon||PowerHerb|Sturdy|ElectroShot,DragonPulse,Thunderbolt,Protect|||M|||50|,,,,,Electric]Incineroar||AssaultVest|Intimidate|FakeOut,Uturn,KnockOff,FlareBlitz|||F|||50|,,,,,Grass
|inactive|Battle timer is ON: inactive players will automatically lose when time's up. (requested by delphigni)
|inactive|delphigni has 60 seconds left.
|
|t:|1757203180
|teamsize|p1|4
|teamsize|p2|4
|start
|switch|p1a: Yharim|Kommo-o, L50, M, shiny|100/100
|switch|p1b: Bumblebirb|Electabuzz, L50, F, shiny|100/100
|switch|p2a: Incineroar|Incineroar, L50, F|100/100
|switch|p2b: Volcarona|Volcarona, L50, F|100/100
|-ability|p2a: Incineroar|Intimidate|boost
|-unboost|p1a: Yharim|atk|1
|-unboost|p1b: Bumblebirb|atk|1
|turn|1
|
|t:|1757203196
|-terastallize|p1a: Yharim|Fire
|move|p2a: Incineroar|Fake Out|p1b: Bumblebirb
|-damage|p1b: Bumblebirb|89/100
|cant|p1b: Bumblebirb|flinch
|move|p2b: Volcarona|Quiver Dance|p2b: Volcarona
|-boost|p2b: Volcarona|spa|1
|-boost|p2b: Volcarona|spd|1
|-boost|p2b: Volcarona|spe|1
|move|p1a: Yharim|Clangorous Soul|p1a: Yharim
|-boost|p1a: Yharim|atk|1
|-boost|p1a: Yharim|def|1
|-boost|p1a: Yharim|spa|1
|-boost|p1a: Yharim|spd|1
|-boost|p1a: Yharim|spe|1
|-damage|p1a: Yharim|68/100
|-enditem|p1a: Yharim|Throat Spray
|-boost|p1a: Yharim|spa|1|[from] item: Throat Spray
|
|upkeep
|turn|2
|
|t:|1757203210
|move|p2b: Volcarona|Protect|p2b: Volcarona
|-singleturn|p2b: Volcarona|Protect
|move|p1a: Yharim|Clanging Scales|p2a: Incineroar|[spread] p2a
|-activate|p2b: Volcarona|move: Protect
|-damage|p2a: Incineroar|62/100
|-unboost|p1a: Yharim|def|1
|move|p1b: Bumblebirb|Taunt|p2b: Volcarona
|-activate|p2b: Volcarona|move: Protect
|move|p2a: Incineroar|Knock Off|p1b: Bumblebirb
|-damage|p1b: Bumblebirb|49/100
|-enditem|p1b: Bumblebirb|Eviolite|[from] move: Knock Off|[of] p2a: Incineroar
|
|upkeep
|turn|3
|inactive|PerenniumFalcon has 30 seconds left.
|
|t:|1757203237
|switch|p1b: Primlance|Primarina, L50, F, shiny|100/100
|-terastallize|p2b: Volcarona|Fairy
|move|p2b: Volcarona|Heat Wave|p1b: Primlance|[spread] p1a
|-miss|p2b: Volcarona|p1b: Primlance
|-resisted|p1a: Yharim
|-damage|p1a: Yharim|49/100
|move|p1a: Yharim|Clanging Scales|p2b: Volcarona|[spread] p2a
|-immune|p2b: Volcarona
|-damage|p2a: Incineroar|23/100
|-unboost|p1a: Yharim|def|1
|move|p2a: Incineroar|Flare Blitz|p1a: Yharim
|-resisted|p1a: Yharim
|-damage|p1a: Yharim|19/100
|-damage|p2a: Incineroar|14/100|[from] Recoil
|
|upkeep
|turn|4
|
|t:|1757203260
|move|p1a: Yharim|Protect|p1a: Yharim
|-singleturn|p1a: Yharim|Protect
|move|p2b: Volcarona|Heat Wave|p1b: Primlance|[spread] p1b
|-activate|p1a: Yharim|move: Protect
|-resisted|p1b: Primlance
|-damage|p1b: Primlance|75/100
|move|p1b: Primlance|Hyper Voice|p2b: Volcarona|[spread] p2a,p2b
|-supereffective|p2a: Incineroar
|-damage|p2a: Incineroar|0 fnt
|-damage|p2b: Volcarona|70/100
|faint|p2a: Incineroar
|-damage|p1b: Primlance|66/100|[from] item: Life Orb
|
|upkeep
|
|t:|1757203268
|switch|p2a: Sinistcha|Sinistcha, L50|100/100
|-heal|p2b: Volcarona|95/100|[from] ability: Hospitality|[of] p2a: Sinistcha
|turn|5
|
|t:|1757203275
|move|p2b: Volcarona|Heat Wave|p1b: Primlance|[spread] p1a,p1b
|-resisted|p1a: Yharim
|-resisted|p1b: Primlance
|-damage|p1a: Yharim|2/100
|-damage|p1b: Primlance|41/100
|-status|p1b: Primlance|brn
|move|p1a: Yharim|Clanging Scales|p2a: Sinistcha|[spread] p2a
|-immune|p2b: Volcarona
|-damage|p2a: Sinistcha|44/100
|-enditem|p2a: Sinistcha|Sitrus Berry|[eat]
|-heal|p2a: Sinistcha|69/100|[from] item: Sitrus Berry
|-unboost|p1a: Yharim|def|1
|move|p1b: Primlance|Haze|p1b: Primlance
|-clearallboost
|move|p2a: Sinistcha|Matcha Gotcha|p1a: Yharim|[spread] p1a,p1b
|-resisted|p1a: Yharim
|-supereffective|p1b: Primlance
|-damage|p1a: Yharim|0 fnt
|-heal|p2a: Sinistcha|70/100|[from] drain|[of] p1a: Yharim
|-damage|p1b: Primlance|0 fnt
|-heal|p2a: Sinistcha|89/100|[from] drain|[of] p1b: Primlance
|faint|p1a: Yharim
|faint|p1b: Primlance
|
|upkeep
|
|t:|1757203285
|switch|p1a: Calamity|Sneasler, L50, M, shiny|100/100
|switch|p1b: Bumblebirb|Electabuzz, L50, F, shiny|49/100
|turn|6
|
|t:|1757203308
|move|p2a: Sinistcha|Rage Powder|p2a: Sinistcha
|-singleturn|p2a: Sinistcha|move: Rage Powder
|move|p1a: Calamity|Throat Chop|p2a: Sinistcha
|-supereffective|p2a: Sinistcha
|-damage|p2a: Sinistcha|30/100
|-start|p2a: Sinistcha|Throat Chop|[silent]
|move|p1b: Bumblebirb|Taunt|p2a: Sinistcha
|-start|p2a: Sinistcha|move: Taunt
|move|p2b: Volcarona|Heat Wave|p1a: Calamity|[spread] 
|-miss|p2b: Volcarona|p1a: Calamity
|-miss|p2b: Volcarona|p1b: Bumblebirb
|
|upkeep
|turn|7
|
|t:|1757203326
|switch|p2a: Archaludon|Archaludon, L50, M|100/100
|move|p2b: Volcarona|Protect|p2b: Volcarona
|-singleturn|p2b: Volcarona|Protect
|move|p1a: Calamity|Dire Claw|p2b: Volcarona
|-activate|p2b: Volcarona|move: Protect
|move|p1b: Bumblebirb|Electroweb|p2a: Archaludon|[spread] p2a
|-activate|p2b: Volcarona|move: Protect
|-resisted|p2a: Archaludon
|-damage|p2a: Archaludon|91/100
|-unboost|p2a: Archaludon|spe|1
|
|upkeep
|turn|8
|
|t:|1757203345
|switch|p2b: Sinistcha|Sinistcha, L50|30/100
|-heal|p2a: Archaludon|100/100|[from] ability: Hospitality|[of] p2b: Sinistcha
|move|p1b: Bumblebirb|Protect|p1b: Bumblebirb
|-singleturn|p1b: Bumblebirb|Protect
|move|p1a: Calamity|Dire Claw|p2b: Sinistcha
|-damage|p2b: Sinistcha|0 fnt
|faint|p2b: Sinistcha
|move|p2a: Archaludon|Dragon Pulse|p1b: Bumblebirb
|-activate|p1b: Bumblebirb|move: Protect
|
|upkeep
|
|t:|1757203350
|switch|p2b: Volcarona|Volcarona, L50, F, tera:Fairy|95/100
|turn|9
|
|t:|1757203370
|move|p1a: Calamity|Close Combat|p2a: Archaludon
|-supereffective|p2a: Archaludon
|-ability|p2a: Archaludon|Sturdy
|-damage|p2a: Archaludon|1/100
|-unboost|p1a: Calamity|def|1
|-unboost|p1a: Calamity|spd|1
|move|p1b: Bumblebirb|Electroweb|p2b: Volcarona|[spread] p2a,p2b
|-resisted|p2a: Archaludon
|-damage|p2a: Archaludon|0 fnt
|-damage|p2b: Volcarona|82/100
|faint|p2a: Archaludon
|move|p2b: Volcarona|Heat Wave|p1a: Calamity|[spread] p1a,p1b
|-damage|p1a: Calamity|22/100
|-damage|p1b: Bumblebirb|7/100
|
|upkeep
|turn|10
|
|t:|1757203380
|move|p1a: Calamity|Dire Claw|p2b: Volcarona
|-supereffective|p2b: Volcarona
|-damage|p2b: Volcarona|0 fnt
|-status|p1a: Calamity|brn|[from] ability: Flame Body|[of] p2b: Volcarona
|faint|p2b: Volcarona
|
|win|delphigni
|raw|delphigni's rating: 1154 → 1194(+40 for winning)
|raw|PerenniumFalcon's rating: 1404 → 1372(-32 for losing)
|l|☆PerenniumFalcon
|player|p2|
