|j|☆Rock slap
|j|☆tubnationtv
|html|Rock slaptubnationtv    
|uhtml|bestof|Game 2 of a best-of-3
|t:|1757627616
|gametype|doubles
|player|p1|Rock slap|hiker-gen4|1284
|player|p2|tubnationtv|cameraman|1313
|gen|9
|tier|[Gen 9] VGC 2025 Reg H (Bo3)
|rated|
|rule|Species Clause: Limit one of each Pokémon
|rule|Item Clause: Limit 1 of each item
|clearpoke
|poke|p1|Kommo-o, L50, M|
|poke|p1|Incineroar, L50, F|
|poke|p1|Rillaboom, L50, M|
|poke|p1|Volcarona, L50, F|
|poke|p1|Electabuzz, L50, M|
|poke|p1|Golduck, L50, F|
|poke|p2|Incineroar, L50, M|
|poke|p2|Gholdengo, L50|
|poke|p2|Amoonguss, L50, F|
|poke|p2|Hydreigon, L50, F|
|poke|p2|Porygon2, L50|
|poke|p2|Ursaluna, L50, F|
|teampreview|4
|showteam|p1|Kommo-o||ThroatSpray|Soundproof|ClangingScales,FlashCannon,ClangorousSoul,Protect|||M|||50|,,,,,Steel]Incineroar||SafetyGoggles|Intimidate|FakeOut,KnockOff,PartingShot,FlareBlitz|||F|||50|,,,,,Ghost]Rillaboom||AssaultVest|GrassySurge|FakeOut,WoodHammer,HighHorsepower,GrassyGlide|||M|||50|,,,,,Water]Volcarona||SitrusBerry|FlameBody|QuiverDance,HeatWave,TeraBlast,Protect|||F|||50|,,,,,Fairy]Electabuzz||Eviolite|VitalSpirit|Protect,Electroweb,Taunt,FollowMe|||M|||50|,,,,,Fairy]Golduck||CovertCloak|CloudNine|IcyWind,SimpleBeam,HelpingHand,Encore|||F|||50|,,,,,Poison
|showteam|p2|Incineroar||SitrusBerry|Intimidate|KnockOff,FakeOut,FlareBlitz,PartingShot|||M|||50|,,,,,Ghost]Gholdengo||MetalCoat|GoodasGold|Protect,NastyPlot,MakeItRain,ShadowBall||||||50|,,,,,Water]Amoonguss||RockyHelmet|Regenerator|Spore,RagePowder,PollenPuff,Protect|||F|||50|,,,,,Fairy]Hydreigon||SafetyGoggles|Levitate|DracoMeteor,Snarl,Tailwind,Protect|||F|||50|,,,,,Ghost]Porygon2||Eviolite|Download|Recover,IceBeam,TeraBlast,TrickRoom||||||50|,,,,,Fighting]Ursaluna||FlameOrb|Guts|Earthquake,Facade,HeadlongRush,Protect|||F|||50|,,,,,Ghost
|inactive|Battle timer is ON: inactive players will automatically lose when time's up. (requested by tubnationtv)
|inactive|tubnationtv has 60 seconds left.
|
|t:|1757627673
|teamsize|p1|4
|teamsize|p2|4
|start
|switch|p1a: Incineroar|Incineroar, L50, F|100/100
|switch|p1b: Electabuzz|Electabuzz, L50, M, shiny|100/100
|switch|p2a: Porygon2|Porygon2, L50|100/100
|switch|p2b: Incineroar|Incineroar, L50, M, shiny|100/100
|-ability|p2b: Incineroar|Intimidate|boost
|-unboost|p1a: Incineroar|atk|1
|-unboost|p1b: Electabuzz|atk|1
|-ability|p1a: Incineroar|Intimidate|boost
|-unboost|p2a: Porygon2|atk|1
|-unboost|p2b: Incineroar|atk|1
|-ability|p2a: Porygon2|Download|boost
|-boost|p2a: Porygon2|spa|1
|turn|1
|
|t:|1757627684
|switch|p2a: Ursaluna|Ursaluna, L50, F|100/100
|move|p2b: Incineroar|Fake Out|p1a: Incineroar
|-damage|p1a: Incineroar|93/100
|cant|p1a: Incineroar|flinch
|move|p1b: Electabuzz|Taunt|p2a: Ursaluna
|-start|p2a: Ursaluna|move: Taunt
|
|-status|p2a: Ursaluna|brn|[from] item: Flame Orb
|upkeep
|turn|2
|inactive|tubnationtv has 30 seconds left.
|
|t:|1757627716
|switch|p2a: Gholdengo|Gholdengo, L50|100/100
|move|p1b: Electabuzz|Protect|p1b: Electabuzz
|-singleturn|p1b: Electabuzz|Protect
|move|p2b: Incineroar|Parting Shot|p1a: Incineroar
|-unboost|p1a: Incineroar|atk|1
|-unboost|p1a: Incineroar|spa|1
|
|t:|1757627723
|switch|p2b: Ursaluna|Ursaluna, L50, F|100/100 brn|[from] Parting Shot
|move|p1a: Incineroar|Parting Shot|p2a: Gholdengo
|-immune|p2a: Gholdengo|[from] ability: Good as Gold
|
|-damage|p2b: Ursaluna|95/100 brn|[from] brn
|upkeep
|turn|3
|
|t:|1757627738
|switch|p1b: Rillaboom|Rillaboom, L50, M|100/100
|-fieldstart|move: Grassy Terrain|[from] ability: Grassy Surge|[of] p1b: Rillaboom
|move|p2a: Gholdengo|Nasty Plot|p2a: Gholdengo
|-boost|p2a: Gholdengo|spa|2
|move|p1a: Incineroar|Parting Shot|p2b: Ursaluna
|-unboost|p2b: Ursaluna|atk|1
|-unboost|p2b: Ursaluna|spa|1
|
|t:|1757627755
|switch|p1a: Electabuzz|Electabuzz, L50, M, shiny|100/100|[from] Parting Shot
|move|p2b: Ursaluna|Facade|p1b: Rillaboom
|-damage|p1b: Rillaboom|19/100
|
|-heal|p1b: Rillaboom|25/100|[from] Grassy Terrain
|-heal|p2b: Ursaluna|100/100 brn|[from] Grassy Terrain
|-damage|p2b: Ursaluna|95/100 brn|[from] brn
|upkeep
|turn|4
|inactive|Rock slap has 30 seconds left.
|
|t:|1757627781
|switch|p1b: Incineroar|Incineroar, L50, F|93/100
|-ability|p1b: Incineroar|Intimidate|boost
|-unboost|p2a: Gholdengo|atk|1
|-unboost|p2b: Ursaluna|atk|1
|switch|p2b: Incineroar|Incineroar, L50, M, shiny|100/100
|-ability|p2b: Incineroar|Intimidate|boost
|-unboost|p1a: Electabuzz|atk|1
|-unboost|p1b: Incineroar|atk|1
|move|p2a: Gholdengo|Protect|p2a: Gholdengo
|-singleturn|p2a: Gholdengo|Protect
|move|p1a: Electabuzz|Electroweb|p2b: Incineroar|[spread] p2b
|-activate|p2a: Gholdengo|move: Protect
|-damage|p2b: Incineroar|87/100
|-unboost|p2b: Incineroar|spe|1
|
|-heal|p1b: Incineroar|99/100|[from] Grassy Terrain
|-heal|p2b: Incineroar|93/100|[from] Grassy Terrain
|upkeep
|turn|5
|inactive|tubnationtv has 30 seconds left.
|inactive|tubnationtv has 20 seconds left.
|inactive|tubnationtv has 15 seconds left.
|inactive|tubnationtv has 10 seconds left.
|inactive|tubnationtv has 5 seconds left.
|
|t:|1757627836
|switch|p2b: Porygon2|Porygon2, L50|100/100
|-ability|p2b: Porygon2|Download|boost
|-boost|p2b: Porygon2|spa|1
|move|p1b: Incineroar|Fake Out|p2b: Porygon2
|-damage|p2b: Porygon2|95/100
|move|p1a: Electabuzz|Electroweb|p2a: Gholdengo|[spread] p2a,p2b
|-damage|p2a: Gholdengo|87/100
|-damage|p2b: Porygon2|87/100
|-unboost|p2a: Gholdengo|spe|1
|-unboost|p2b: Porygon2|spe|1
|move|p2a: Gholdengo|Make It Rain|p1b: Incineroar|[spread] p1a,p1b
|-resisted|p1a: Electabuzz
|-resisted|p1b: Incineroar
|-damage|p1a: Electabuzz|54/100
|-damage|p1b: Incineroar|56/100
|-unboost|p2a: Gholdengo|spa|1
|
|-heal|p1a: Electabuzz|59/100|[from] Grassy Terrain
|-heal|p2a: Gholdengo|93/100|[from] Grassy Terrain
|-heal|p1b: Incineroar|62/100|[from] Grassy Terrain
|-heal|p2b: Porygon2|93/100|[from] Grassy Terrain
|upkeep
|turn|6
|inactive|tubnationtv has 30 seconds left.
|inactive|tubnationtv has 20 seconds left.
|inactive|tubnationtv has 15 seconds left.
|inactive|tubnationtv has 10 seconds left.
|inactive|tubnationtv has 5 seconds left.
|
|t:|1757627887
|switch|p2b: Incineroar|Incineroar, L50, M, shiny|93/100
|-ability|p2b: Incineroar|Intimidate|boost
|-unboost|p1a: Electabuzz|atk|1
|-unboost|p1b: Incineroar|atk|1
|move|p1a: Electabuzz|Taunt|p2b: Incineroar
|-start|p2b: Incineroar|move: Taunt
|move|p2a: Gholdengo|Shadow Ball|p1a: Electabuzz
|-damage|p1a: Electabuzz|13/100
|move|p1b: Incineroar|Parting Shot|p2b: Incineroar
|-unboost|p2b: Incineroar|atk|1
|-unboost|p2b: Incineroar|spa|1
|
|t:|1757627906
|switch|p1b: Kommo-o|Kommo-o, L50, M, shiny|100/100|[from] Parting Shot
|
|-heal|p1a: Electabuzz|19/100|[from] Grassy Terrain
|-heal|p2b: Incineroar|99/100|[from] Grassy Terrain
|-heal|p2a: Gholdengo|99/100|[from] Grassy Terrain
|upkeep
|turn|7
|
|t:|1757627925
|switch|p1a: Incineroar|Incineroar, L50, F|62/100
|-ability|p1a: Incineroar|Intimidate|boost
|-unboost|p2a: Gholdengo|atk|1
|-unboost|p2b: Incineroar|atk|1
|move|p1b: Kommo-o|Protect|p1b: Kommo-o
|-singleturn|p1b: Kommo-o|Protect
|move|p2b: Incineroar|Fake Out|p1b: Kommo-o
|-activate|p1b: Kommo-o|move: Protect
|move|p2a: Gholdengo|Nasty Plot|p2a: Gholdengo
|-boost|p2a: Gholdengo|spa|2
|
|-heal|p2b: Incineroar|100/100|[from] Grassy Terrain
|-heal|p2a: Gholdengo|100/100|[from] Grassy Terrain
|-heal|p1a: Incineroar|68/100|[from] Grassy Terrain
|-fieldend|move: Grassy Terrain
|upkeep
|turn|8
|inactive|tubnationtv has 30 seconds left.
|inactive|Rock slap has 30 seconds left.
|inactive|tubnationtv has 20 seconds left.
|inactive|Rock slap has 20 seconds left.
|inactive|tubnationtv has 15 seconds left.
|inactive|tubnationtv has 10 seconds left.
|
|t:|1757627971
|switch|p2b: Porygon2|Porygon2, L50|93/100
|-ability|p2b: Porygon2|Download|boost
|-boost|p2b: Porygon2|spa|1
|move|p1b: Kommo-o|Protect|p1b: Kommo-o
|-singleturn|p1b: Kommo-o|Protect
|move|p2a: Gholdengo|Shadow Ball|p1b: Kommo-o
|-activate|p1b: Kommo-o|move: Protect
|move|p1a: Incineroar|Knock Off|p2a: Gholdengo
|-supereffective|p2a: Gholdengo
|-damage|p2a: Gholdengo|20/100
|-enditem|p2a: Gholdengo|Metal Coat|[from] move: Knock Off|[of] p1a: Incineroar
|
|upkeep
|turn|9
|inactive|tubnationtv has 30 seconds left.
|inactive|Rock slap has 30 seconds left.
|inactive|tubnationtv has 20 seconds left.
|inactive|Rock slap has 20 seconds left.
|inactive|Rock slap has 15 seconds left.
|
|t:|1757628021
|move|p1b: Kommo-o|Protect||[still]
|-fail|p1b: Kommo-o
|move|p2a: Gholdengo|Make It Rain|p1a: Incineroar|[spread] p1a,p1b
|-resisted|p1a: Incineroar
|-damage|p1a: Incineroar|18/100
|-damage|p1b: Kommo-o|0 fnt
|-unboost|p2a: Gholdengo|spa|1
|faint|p1b: Kommo-o
|move|p1a: Incineroar|Parting Shot|p2b: Porygon2
|-unboost|p2b: Porygon2|atk|1
|-unboost|p2b: Porygon2|spa|1
|-message|Rock slap forfeited.
|
|win|tubnationtv
|raw|Rock slap's rating: 1284 → 1261(-23 for losing)
|raw|tubnationtv's rating: 1313 → 1331(+18 for winning)
|l|☆Rock slap
|player|p1|
|j|☆Rock slap
|player|p1|Rock slap|hiker-gen4|
|l|☆tubnationtv
|player|p2|
