|j|☆rainisgame
|j|☆Prepucio Santos
|html|rainisgamePrepucio Santos    
|uhtml|bestof|Game 1 of a best-of-3
|t:|1784621641
|gametype|doubles
|player|p1|rainisgame|170|1312
|player|p2|Prepucio Santos|striker|1318
|gen|9
|tier|[Gen 9 Champions] VGC 2026 Reg M-B (Bo3)
|rated|
|rule|Species Clause: Limit one of each Pokémon
|rule|Item Clause: Limit 1 of each item
|clearpoke
|poke|p1|Charizard, L50, F|
|poke|p1|Venusaur, L50, M|
|poke|p1|Grimmsnarl, L50, M|
|poke|p1|Basculegion, L50, M|
|poke|p1|Pelipper, L50, F|
|poke|p1|Archaludon, L50, F|
|poke|p2|Gengar, L50, M|
|poke|p2|Archaludon, L50, F|
|poke|p2|Politoed, L50, M|
|poke|p2|Swampert, L50, M|
|poke|p2|Vivillon, L50, F|
|poke|p2|Incineroar, L50, F|
|teampreview|4
|showteam|p1|Charizard||CharizarditeY|Blaze|HeatWave,SolarBeam,WeatherBall,Protect|Modest||F|||50|]Venusaur||FocusSash|Chlorophyll|EarthPower,SludgeBomb,SleepPowder,Protect|Timid||M|||50|]Grimmsnarl||LightClay|Prankster|SpiritBreak,PartingShot,LightScreen,Reflect|Sassy||M|||50|]Basculegion||ChoiceScarf|Adaptability|WaveCrash,LastRespects,FlipTurn,AquaJet|Jolly||M|||50|]Pelipper||SitrusBerry|Drizzle|WeatherBall,Hurricane,Tailwind,WideGuard|Modest||F|||50|]Archaludon||Leftovers|Stamina|ElectroShot,DragonPulse,FlashCannon,Protect|Calm||F|||50|
|showteam|p2|Gengar||Gengarite|CursedBody|ShadowBall,SludgeBomb,PerishSong,Protect|Modest||M|||50|]Archaludon||Leftovers|Stamina|ElectroShot,DragonPulse,FlashCannon,Protect|Bold||F|||50|]Politoed||SitrusBerry|Drizzle|WeatherBall,Hypnosis,PerishSong,Protect|Calm||M|||50|]Swampert||Swampertite|Torrent|WaveCrash,Earthquake,IcePunch,Protect|Adamant||M|||50|]Vivillon||FocusSash|CompoundEyes|Hurricane,SleepPowder,RagePowder,Protect|Timid||F|||50|]Incineroar||PasshoBerry|Intimidate|ThroatChop,FakeOut,PartingShot,Protect|Impish||F|||50|
|inactive|Battle timer is ON: inactive players will automatically lose when time's up. (requested by rainisgame)
|inactive|Prepucio Santos has 60 seconds left.
|
|t:|1784621748
|teamsize|p1|4
|teamsize|p2|4
|start
|switch|p1a: Charizard|Charizard, L50, F|100/100
|switch|p1b: Venusaur|Venusaur, L50, M|100/100
|switch|p2a: Incineroar|Incineroar, L50, F|100/100
|switch|p2b: Vivillon|Vivillon, L50, F|100/100
|-ability|p2a: Incineroar|Intimidate|boost
|-unboost|p1a: Charizard|atk|1
|-unboost|p1b: Venusaur|atk|1
|turn|1
|
|t:|1784621766
|move|p1b: Venusaur|Protect|p1b: Venusaur
|-singleturn|p1b: Venusaur|Protect
|move|p1a: Charizard|Protect|p1a: Charizard
|-singleturn|p1a: Charizard|Protect
|move|p2a: Incineroar|Fake Out|p1b: Venusaur
|-activate|p1b: Venusaur|move: Protect
|move|p2b: Vivillon|Sleep Powder|p1a: Charizard
|-activate|p1a: Charizard|move: Protect
|
|upkeep
|turn|2
|
|t:|1784621775
|detailschange|p1a: Charizard|Charizard-Mega-Y, L50, F
|-mega|p1a: Charizard|Charizard|Charizardite Y
|-weather|SunnyDay|[from] ability: Drought|[of] p1a: Charizard
|move|p2b: Vivillon|Protect|p2b: Vivillon
|-singleturn|p2b: Vivillon|Protect
|move|p1b: Venusaur|Earth Power|p2a: Incineroar
|-supereffective|p2a: Incineroar|1
|-damage|p2a: Incineroar|59/100
|move|p1a: Charizard|Heat Wave|p2b: Vivillon|[spread] p2a
|-activate|p2b: Vivillon|move: Protect
|-resisted|p2a: Incineroar|1
|-damage|p2a: Incineroar|34/100
|move|p2a: Incineroar|Parting Shot|p1a: Charizard
|-unboost|p1a: Charizard|atk|1
|-unboost|p1a: Charizard|spa|1
|
|t:|1784621790
|switch|p2a: Politoed|Politoed, L50, M|100/100|[from] Parting Shot
|-weather|RainDance|[from] ability: Drizzle|[of] p2a: Politoed
|
|-weather|RainDance|[upkeep]
|upkeep
|turn|3
|
|t:|1784621804
|switch|p1a: Archaludon|Archaludon, L50, F|100/100
|move|p2b: Vivillon|Hurricane|p1b: Venusaur
|-supereffective|p1b: Venusaur|1
|-enditem|p1b: Venusaur|Focus Sash
|-damage|p1b: Venusaur|1/100
|move|p1b: Venusaur|Sleep Powder|p2b: Vivillon
|-status|p2b: Vivillon|slp|[from] move: Sleep Powder
|move|p2a: Politoed|Weather Ball|p1b: Venusaur
|-resisted|p1b: Venusaur|1
|-damage|p1b: Venusaur|0 fnt
|faint|p1b: Venusaur
|
|-weather|RainDance|[upkeep]
|upkeep
|
|t:|1784621812
|switch|p1b: Basculegion|Basculegion, L50, M|100/100
|turn|4
|
|t:|1784621830
|switch|p2a: Swampert|Swampert, L50, M|100/100
|move|p1b: Basculegion|Last Respects|p2b: Vivillon
|-enditem|p2b: Vivillon|Focus Sash
|-damage|p2b: Vivillon|1/100 slp
|cant|p2b: Vivillon|slp
|move|p1a: Archaludon|Electro Shot||[still]
|-prepare|p1a: Archaludon|Electro Shot
|-boost|p1a: Archaludon|spa|1
|-anim|p1a: Archaludon|Electro Shot|p2a: Swampert
|-immune|p2a: Swampert
|
|-weather|RainDance|[upkeep]
|upkeep
|turn|5
|
|t:|1784621852
|detailschange|p2a: Swampert|Swampert-Mega, L50, M
|-mega|p2a: Swampert|Swampert|Swampertite
|move|p2a: Swampert|Earthquake|p1a: Archaludon|[spread] p1a,p1b
|-immune|p2b: Vivillon
|-supereffective|p1a: Archaludon|1
|-damage|p1a: Archaludon|31/100
|-damage|p1b: Basculegion|44/100
|-ability|p1a: Archaludon|Stamina|boost
|-boost|p1a: Archaludon|def|1
|move|p1b: Basculegion|Last Respects|p2a: Swampert
|-damage|p2a: Swampert|41/100
|cant|p2b: Vivillon|slp
|move|p1a: Archaludon|Dragon Pulse|p2a: Swampert
|-damage|p2a: Swampert|0 fnt
|faint|p2a: Swampert
|
|-weather|RainDance|[upkeep]
|-heal|p1a: Archaludon|37/100|[from] item: Leftovers
|upkeep
|
|t:|1784621872
|switch|p2a: Incineroar|Incineroar, L50, F|34/100
|-ability|p2a: Incineroar|Intimidate|boost
|-unboost|p1a: Archaludon|atk|1
|-unboost|p1b: Basculegion|atk|1
|turn|6
|
|t:|1784621893
|-curestatus|p2b: Vivillon|slp|[msg]
|move|p2b: Vivillon|Protect|p2b: Vivillon
|-singleturn|p2b: Vivillon|Protect
|move|p2a: Incineroar|Protect|p2a: Incineroar
|-singleturn|p2a: Incineroar|Protect
|move|p1b: Basculegion|Last Respects|p2b: Vivillon
|-activate|p2b: Vivillon|move: Protect
|move|p1a: Archaludon|Electro Shot||[still]
|-prepare|p1a: Archaludon|Electro Shot
|-boost|p1a: Archaludon|spa|1
|-anim|p1a: Archaludon|Electro Shot|p2a: Incineroar
|-activate|p2a: Incineroar|move: Protect
|
|-weather|none
|-heal|p1a: Archaludon|43/100|[from] item: Leftovers
|upkeep
|turn|7
|
|t:|1784621912
|switch|p2b: Politoed|Politoed, L50, M|100/100
|-weather|RainDance|[from] ability: Drizzle|[of] p2b: Politoed
|move|p1b: Basculegion|Last Respects|p2b: Politoed
|-damage|p2b: Politoed|63/100
|move|p1a: Archaludon|Dragon Pulse|p2a: Incineroar
|-damage|p2a: Incineroar|0 fnt
|faint|p2a: Incineroar
|
|-weather|RainDance|[upkeep]
|-heal|p1a: Archaludon|50/100y|[from] item: Leftovers
|upkeep
|
|t:|1784621914
|switch|p2a: Vivillon|Vivillon, L50, F|1/100
|turn|8
|-message|Prepucio Santos forfeited.
|
|win|rainisgame
||Prepucio Santos is ready for game 2.
||rainisgame is ready for game 2.
|uhtml|next|Next: Game 2 of 3
