|j|â˜†SongokuVG Fr
|j|â˜†IlluminaGielBakker
|html|SongokuVG FrIlluminaGielBakker    
|uhtml|bestof|Game 3 of a best-of-3
|t:|1755512793
|gametype|doubles
|player|p1|SongokuVG Fr|lucian|1155
|player|p2|IlluminaGielBakker|wattson|1369
|gen|9
|tier|[Gen 9] VGC 2025 Reg H (Bo3)
|rated|
|rule|Species Clause: Limit one of each PokÃ©mon
|rule|Item Clause: Limit 1 of each item
|clearpoke
|poke|p1|Gholdengo, L50|
|poke|p1|Incineroar, L50, F|
|poke|p1|Porygon2, L50|
|poke|p1|Flamigo, L50, M|
|poke|p1|Ursaluna, L50, M|
|poke|p1|Amoonguss, L50, M|
|poke|p2|Garchomp, L50, M|
|poke|p2|Gholdengo, L50|
|poke|p2|Amoonguss, L50, F|
|poke|p2|Tyranitar, L50, M|
|poke|p2|Incineroar, L50, M|
|poke|p2|Kilowattrel, L50, F|
|teampreview|4
|showteam|p1|Gholdengo||MetalCoat|GoodasGold|MakeItRain,ShadowBall,NastyPlot,Protect||||||50|,,,,,Water]Incineroar||SafetyGoggles|Intimidate|FakeOut,FlareBlitz,KnockOff,PartingShot|||F|||50|,,,,,Ghost]Porygon2||Eviolite|Download|TeraBlast,TrickRoom,Recover,IceBeam||||||50|,,,,,Flying]Flamigo||FocusSash|Scrappy|CloseCombat,WideGuard,DualWingbeat,Detect|||M|||50|,,,,,Ghost]Ursaluna||FlameOrb|Guts|Facade,Protect,HeadlongRush,Earthquake|||M|||50|,,,,,Ghost]Amoonguss||RockyHelmet|Regenerator|RagePowder,Protect,PollenPuff,Spore|||M|||50|,,,,,Water
|showteam|p2|Garchomp||LifeOrb|RoughSkin|Protect,DragonClaw,StompingTantrum,Earthquake|||M|||50|,,,,,Steel]Gholdengo||IronPlate|GoodasGold|Protect,NastyPlot,MakeItRain,ShadowBall||||||50|,,,,,Flying]Amoonguss||SitrusBerry|Regenerator|PollenPuff,RagePowder,Spore,Protect|||F|||50|,,,,,Fire]Tyranitar||AssaultVest|SandStream|KnockOff,LowKick,TeraBlast,RockSlide|||M|||50|,,,,,Flying]Incineroar||SafetyGoggles|Intimidate|FakeOut,KnockOff,PartingShot,FlareBlitz|||M|||50|,,,,,Water]Kilowattrel||FocusSash|Competitive|Protect,Tailwind,Thunderbolt,AirSlash|||F|||50|,,,,,Ghost
|inactive|Battle timer is ON: inactive players will automatically lose when time's up. (requested by IlluminaGielBakker)
|l|â˜†SongokuVG Fr
|inactive|SongokuVG Fr disconnected and has a minute to reconnect!
|player|p1|
|inactive|IlluminaGielBakker has 60 seconds left.
|j|â˜†SongokuVG Fr
|inactive|SongokuVG Fr reconnected and has 55 seconds left.
|player|p1|SongokuVG Fr|lucian|
|l|â˜†SongokuVG Fr
|inactive|SongokuVG Fr disconnected and has a minute to reconnect!
|player|p1|
|inactive|SongokuVG Fr has 30 seconds left.
|inactive|SongokuVG Fr has 20 seconds left.
|j|â˜†SongokuVG Fr
|inactive|SongokuVG Fr reconnected and has 20 seconds left.
|player|p1|SongokuVG Fr|lucian|
|inactive|SongokuVG Fr has 15 seconds left.
|inactive|SongokuVG Fr has 10 seconds left.
|
|t:|1755512878
|teamsize|p1|4
|teamsize|p2|4
|start
|switch|p1a: Porygon2|Porygon2, L50|100/100
|switch|p1b: Gholdengo|Gholdengo, L50|100/100
|switch|p2a: Incineroar|Incineroar, L50, M, shiny|100/100
|switch|p2b: Amoonguss|Amoonguss, L50, F, shiny|100/100
|-ability|p2a: Incineroar|Intimidate|boost
|-unboost|p1a: Porygon2|atk|1
|-unboost|p1b: Gholdengo|atk|1
|-ability|p1a: Porygon2|Download|boost
|-boost|p1a: Porygon2|atk|1
|turn|1
|
|t:|1755512886
|switch|p1a: Incineroar|Incineroar, L50, F|100/100
|-ability|p1a: Incineroar|Intimidate|boost
|-unboost|p2a: Incineroar|atk|1
|-unboost|p2b: Amoonguss|atk|1
|switch|p2b: Garchomp|Garchomp, L50, M|100/100
|-terastallize|p1b: Gholdengo|Water
|move|p1b: Gholdengo|Nasty Plot|p1b: Gholdengo
|-boost|p1b: Gholdengo|spa|2
|move|p2a: Incineroar|Knock Off|p1b: Gholdengo
|-damage|p1b: Gholdengo|70/100
|-enditem|p1b: Gholdengo|Metal Coat|[from] move: Knock Off|[of] p2a: Incineroar
|
|upkeep
|turn|2
|
|t:|1755512900
|move|p2b: Garchomp|Protect|p2b: Garchomp
|-singleturn|p2b: Garchomp|Protect
|move|p1a: Incineroar|Fake Out|p2a: Incineroar
|-damage|p2a: Incineroar|92/100
|move|p1b: Gholdengo|Make It Rain|p2b: Garchomp|[spread] p2a
|-activate|p2b: Garchomp|move: Protect
|-resisted|p2a: Incineroar
|-damage|p2a: Incineroar|53/100
|-unboost|p1b: Gholdengo|spa|1
|cant|p2a: Incineroar|flinch
|
|upkeep
|turn|3
|
|t:|1755512913
|-terastallize|p2b: Garchomp|Steel
|move|p2b: Garchomp|Stomping Tantrum|p1a: Incineroar
|-supereffective|p1a: Incineroar
|-damage|p1a: Incineroar|26/100
|-damage|p2b: Garchomp|91/100|[from] item: Life Orb
|move|p1b: Gholdengo|Make It Rain|p2b: Garchomp|[spread] p2a,p2b
|-resisted|p2a: Incineroar
|-resisted|p2b: Garchomp
|-damage|p2a: Incineroar|23/100
|-damage|p2b: Garchomp|50/100
|-unboost|p1b: Gholdengo|spa|1
|move|p2a: Incineroar|Knock Off|p1a: Incineroar
|-resisted|p1a: Incineroar
|-damage|p1a: Incineroar|15/100
|-enditem|p1a: Incineroar|Safety Goggles|[from] move: Knock Off|[of] p2a: Incineroar
|move|p1a: Incineroar|Parting Shot|p2b: Garchomp
|-unboost|p2b: Garchomp|atk|1
|-unboost|p2b: Garchomp|spa|1
|
|t:|1755512928
|switch|p1a: Ursaluna|Ursaluna, L50, M|100/100|[from] Parting Shot
|
|-status|p1a: Ursaluna|brn|[from] item: Flame Orb
|upkeep
|turn|4
|
|t:|1755512932
|move|p1b: Gholdengo|Protect|p1b: Gholdengo
|-singleturn|p1b: Gholdengo|Protect
|move|p2b: Garchomp|Dragon Claw|p1b: Gholdengo
|-activate|p1b: Gholdengo|move: Protect
|move|p2a: Incineroar|Parting Shot|p1a: Ursaluna
|-unboost|p1a: Ursaluna|atk|1
|-unboost|p1a: Ursaluna|spa|1
|
|t:|1755512935
|switch|p2a: Amoonguss|Amoonguss, L50, F, shiny|100/100|[from] Parting Shot
|move|p1a: Ursaluna|Earthquake|p2a: Amoonguss|[spread] p2a,p2b
|-activate|p1b: Gholdengo|move: Protect
|-supereffective|p2b: Garchomp
|-damage|p2a: Amoonguss|60/100
|-damage|p2b: Garchomp|0 fnt
|faint|p2b: Garchomp
|
|-damage|p1a: Ursaluna|94/100 brn|[from] brn
|upkeep
|
|t:|1755512937
|switch|p2b: Gholdengo|Gholdengo, L50|100/100
|turn|5
|l|â˜†SongokuVG Fr
|inactive|SongokuVG Fr disconnected and has a minute to reconnect!
|player|p1|
|j|â˜†SongokuVG Fr
|inactive|SongokuVG Fr reconnected and has 35 seconds left.
|player|p1|SongokuVG Fr|lucian|
|inactive|SongokuVG Fr has 30 seconds left.
|
|t:|1755512968
|move|p2a: Amoonguss|Rage Powder|p2a: Amoonguss
|-singleturn|p2a: Amoonguss|move: Rage Powder
|move|p1b: Gholdengo|Make It Rain|p2b: Gholdengo|[spread] p2a,p2b
|-resisted|p2b: Gholdengo
|-damage|p2a: Amoonguss|22/100
|-damage|p2b: Gholdengo|74/100
|-unboost|p1b: Gholdengo|spa|1
|-enditem|p2a: Amoonguss|Sitrus Berry|[eat]
|-heal|p2a: Amoonguss|46/100|[from] item: Sitrus Berry
|move|p2b: Gholdengo|Nasty Plot|p2b: Gholdengo
|-boost|p2b: Gholdengo|spa|2
|move|p1a: Ursaluna|Earthquake|p2a: Amoonguss|[spread] p1b,p2a,p2b
|-supereffective|p2b: Gholdengo
|-damage|p1b: Gholdengo|18/100
|-damage|p2a: Amoonguss|6/100
|-damage|p2b: Gholdengo|0 fnt
|faint|p2b: Gholdengo
|
|-damage|p1a: Ursaluna|88/100 brn|[from] brn
|upkeep
|-message|IlluminaGielBakker forfeited.
|
|win|SongokuVG Fr
|raw|SongokuVG Fr's rating: 1155 → 1194(+39 for winning)
|raw|IlluminaGielBakker's rating: 1369 → 1338(-31 for losing)
|l|â˜†IlluminaGielBakker
|player|p2|
|l|â˜†SongokuVG Fr
|player|p1|
|j|â˜†IlluminaGielBakker
|player|p2|IlluminaGielBakker|wattson|
