|j|☆bogging
|j|☆FreezyPop439
|html|boggingFreezyPop439    
|uhtml|bestof|Game 1 of a best-of-3
|t:|1782230566
|gametype|doubles
|player|p1|bogging|bugcatcher-gen4dp|1350
|player|p2|FreezyPop439|collector|1215
|gen|9
|tier|[Gen 9 Champions] VGC 2026 Reg M-B (Bo3)
|rated|
|rule|Species Clause: Limit one of each Pokémon
|rule|Item Clause: Limit 1 of each item
|clearpoke
|poke|p1|Swampert, L50, F|
|poke|p1|Grimmsnarl, L50, M|
|poke|p1|Pelipper, L50, F|
|poke|p1|Sinistcha, L50|
|poke|p1|Metagross, L50|
|poke|p1|Sneasler, L50, M|
|poke|p2|Garchomp, L50, F|
|poke|p2|Staraptor, L50, F|
|poke|p2|Grimmsnarl, L50, M|
|poke|p2|Gholdengo, L50|
|poke|p2|Maushold-Four, L50|
|poke|p2|Volcarona, L50, F|
|teampreview|4
|showteam|p1|Swampert||Swampertite|Torrent|WaveCrash,Earthquake,IcePunch,Protect|Adamant||F|||50|]Grimmsnarl||LightClay|Prankster|FoulPlay,PartingShot,Reflect,LightScreen|Careful||M|||50|]Pelipper||SitrusBerry|Drizzle|WeatherBall,Hurricane,Tailwind,Protect|Calm||F|||50|]Sinistcha||Leftovers|Hospitality|MatchaGotcha,RagePowder,Protect,LifeDew|Bold|||||50|]Metagross||Metagrossite|ClearBody|HardPress,PsychicFangs,BodyPress,Protect|Jolly|||||50|]Sneasler||FocusSash|Unburden|CloseCombat,DireClaw,FakeOut,Protect|Adamant||M|||50|
|showteam|p2|Garchomp||LifeOrb|RoughSkin|Earthquake,DragonClaw,RockSlide,Protect|Jolly||F|||50|]Staraptor||Staraptite|Intimidate|BraveBird,CloseCombat,Roost,Protect|Jolly||F|||50|]Grimmsnarl||LightClay|Prankster|SpiritBreak,LightScreen,Reflect,PartingShot|Careful||M|||50|]Gholdengo||MetalCoat|GoodasGold|MakeItRain,ShadowBall,NastyPlot,Protect|Modest|||||50|]Maushold-Four||FocusSash|FriendGuard|FollowMe,Charm,SuperFang,Protect|Jolly|||||50|]Volcarona||ChartiBerry|FlameBody|HeatWave,StruggleBug,RagePowder,Tailwind|Timid||F|||50|
|
|t:|1782230621
|teamsize|p1|4
|teamsize|p2|4
|start
|switch|p1a: Pelipper|Pelipper, L50, F|100/100
|switch|p1b: Swampert|Swampert, L50, F|100/100
|switch|p2a: Staraptor|Staraptor, L50, F|100/100
|switch|p2b: Maushold|Maushold-Four, L50|100/100
|-ability|p2a: Staraptor|Intimidate|boost
|-unboost|p1a: Pelipper|atk|1
|-unboost|p1b: Swampert|atk|1
|-weather|RainDance|[from] ability: Drizzle|[of] p1a: Pelipper
|turn|1
|
|t:|1782230653
|detailschange|p2a: Staraptor|Staraptor-Mega, L50, F
|-mega|p2a: Staraptor|Staraptor|Staraptite
|detailschange|p1b: Swampert|Swampert-Mega, L50, F
|-mega|p1b: Swampert|Swampert|Swampertite
|move|p2b: Maushold|Follow Me|p2b: Maushold
|-singleturn|p2b: Maushold|move: Follow Me
|move|p1b: Swampert|Ice Punch|p2b: Maushold
|-damage|p2b: Maushold|74/100
|move|p2a: Staraptor|Close Combat|p1b: Swampert
|-damage|p1b: Swampert|50/100g
|-boost|p2a: Staraptor|def|1
|-boost|p2a: Staraptor|spd|1
|move|p1a: Pelipper|Hurricane|p2b: Maushold
|-damage|p2b: Maushold|29/100
|-start|p2b: Maushold|confusion
|
|-weather|RainDance|[upkeep]
|upkeep
|turn|2
|
|t:|1782230686
|move|p1b: Swampert|Earthquake|p2b: Maushold|[spread] p2b
|-immune|p1a: Pelipper
|-immune|p2a: Staraptor
|-damage|p2b: Maushold|0 fnt
|faint|p2b: Maushold
|move|p2a: Staraptor|Close Combat|p1b: Swampert
|-damage|p1b: Swampert|7/100
|-boost|p2a: Staraptor|def|1
|-boost|p2a: Staraptor|spd|1
|move|p1a: Pelipper|Hurricane|p2a: Staraptor
|-supereffective|p2a: Staraptor|1
|-damage|p2a: Staraptor|61/100
|
|-weather|RainDance|[upkeep]
|upkeep
|
|t:|1782230701
|switch|p2b: Gholdengo|Gholdengo, L50|100/100
|turn|3
|
|t:|1782230717
|switch|p2b: Volcarona|Volcarona, L50, F|100/100
|move|p1b: Swampert|Wave Crash|p2b: Volcarona
|-supereffective|p2b: Volcarona|1
|-damage|p2b: Volcarona|0 fnt
|faint|p2b: Volcarona
|-damage|p1b: Swampert|0 fnt|[from] Recoil
|faint|p1b: Swampert
|move|p2a: Staraptor|Close Combat|p1a: Pelipper
|-resisted|p1a: Pelipper|1
|-damage|p1a: Pelipper|70/100
|-boost|p2a: Staraptor|def|1
|-boost|p2a: Staraptor|spd|1
|move|p1a: Pelipper|Weather Ball|p2a: Staraptor
|-damage|p2a: Staraptor|39/100
|
|-weather|RainDance|[upkeep]
|upkeep
|
|t:|1782230727
|switch|p2b: Gholdengo|Gholdengo, L50|100/100
|switch|p1b: Grimmsnarl|Grimmsnarl, L50, M|100/100
|turn|4
|
|t:|1782230740
|move|p1b: Grimmsnarl|Reflect|p1b: Grimmsnarl
|-sidestart|p1: bogging|Reflect
|move|p2a: Staraptor|Roost|p2a: Staraptor
|-heal|p2a: Staraptor|89/100
|-singleturn|p2a: Staraptor|move: Roost
|move|p2b: Gholdengo|Nasty Plot|p2b: Gholdengo
|-boost|p2b: Gholdengo|spa|2
|move|p1a: Pelipper|Tailwind|p1a: Pelipper
|-sidestart|p1: bogging|move: Tailwind
|
|-weather|RainDance|[upkeep]
|upkeep
|turn|5
|-message|bogging forfeited.
|
|win|FreezyPop439
|l|☆bogging
|player|p1|
||bogging is ready for game 2.
||FreezyPop439 is ready for game 2.
|uhtml|next|Next: Game 2 of 3
