|j|☆wowiekazowee
|j|☆ShdaowForece
|html|wowiekazoweeShdaowForece    
|uhtml|bestof|Game 3 of a best-of-3
|t:|1756181763
|gametype|doubles
|player|p1|wowiekazowee|idol|1166
|player|p2|ShdaowForece|lucas|1199
|gen|9
|tier|[Gen 9] VGC 2025 Reg H (Bo3)
|rated|
|rule|Species Clause: Limit one of each Pokémon
|rule|Item Clause: Limit 1 of each item
|clearpoke
|poke|p1|Pelipper, L50, M|
|poke|p1|Basculegion, L50, M|
|poke|p1|Archaludon, L50, M|
|poke|p1|Incineroar, L50, M|
|poke|p1|Sinistcha, L50|
|poke|p1|Ursaluna, L50, M|
|poke|p2|Gholdengo, L50|
|poke|p2|Incineroar, L50, M|
|poke|p2|Rillaboom, L50, M|
|poke|p2|Dragonite, L50, F|
|poke|p2|Sneasler, L50, F|
|poke|p2|Whimsicott, L50, F|
|teampreview|4
|showteam|p1|Pelipper||FocusSash|Drizzle|Hurricane,WeatherBall,Tailwind,WideGuard|||M|||50|,,,,,Ghost]Basculegion||MysticWater|SwiftSwim|Protect,WaveCrash,AquaJet,LastRespects|||M|||50|,,,,,Water]Archaludon||AssaultVest|Stamina|ElectroShot,DracoMeteor,FlashCannon,BodyPress|||M|||50|,,,,,Grass]Incineroar||SafetyGoggles|Intimidate|FakeOut,FlareBlitz,KnockOff,PartingShot|||M|||50|,,,,,Water]Sinistcha||SitrusBerry|Hospitality|MatchaGotcha,LifeDew,RagePowder,TrickRoom||||||50|,,,,,Water]Ursaluna||FlameOrb|Guts|Facade,HeadlongRush,SwordsDance,Protect|||M|||50|,,,,,Ghost
|showteam|p2|Gholdengo||Leftovers|GoodasGold|MakeItRain,ShadowBall,NastyPlot,Protect||||||50|,,,,,Steel]Incineroar||SitrusBerry|Intimidate|FlareBlitz,KnockOff,FakeOut,PartingShot|||M|||50|,,,,,Grass]Rillaboom||AssaultVest|GrassySurge|WoodHammer,FakeOut,GrassyGlide,HighHorsepower|||M|||50|,,,,,Water]Dragonite||ChoiceBand|Multiscale|ExtremeSpeed,Outrage,StompingTantrum,IceSpinner|||F|||50|,,,,,Normal]Sneasler||WhiteHerb|Pressure|CloseCombat,DireClaw,Coaching,Protect|||F|||50|,,,,,Stellar]Whimsicott||CovertCloak|Prankster|Moonblast,Tailwind,Encore,FakeTears|||F|||50|,,,,,Poison
|
|t:|1756181777
|teamsize|p1|4
|teamsize|p2|4
|start
|switch|p1a: Pelipper|Pelipper, L50, M|100/100
|switch|p1b: Archaludon|Archaludon, L50, M|100/100
|switch|p2a: Gholdengo|Gholdengo, L50|100/100
|switch|p2b: Rillaboom|Rillaboom, L50, M|100/100
|-fieldstart|move: Grassy Terrain|[from] ability: Grassy Surge|[of] p2b: Rillaboom
|-weather|RainDance|[from] ability: Drizzle|[of] p1a: Pelipper
|turn|1
|
|t:|1756181811
|move|p2b: Rillaboom|Fake Out|p1b: Archaludon
|-resisted|p1b: Archaludon
|-damage|p1b: Archaludon|96/100
|-ability|p1b: Archaludon|Stamina|boost
|-boost|p1b: Archaludon|def|1
|move|p2a: Gholdengo|Nasty Plot|p2a: Gholdengo
|-boost|p2a: Gholdengo|spa|2
|cant|p1b: Archaludon|flinch
|move|p1a: Pelipper|Hurricane|p2b: Rillaboom
|-supereffective|p2b: Rillaboom
|-damage|p2b: Rillaboom|27/100
|
|-weather|RainDance|[upkeep]
|-heal|p2b: Rillaboom|33/100|[from] Grassy Terrain
|-heal|p1b: Archaludon|100/100|[from] Grassy Terrain
|upkeep
|turn|2
|
|t:|1756181844
|move|p2a: Gholdengo|Protect|p2a: Gholdengo
|-singleturn|p2a: Gholdengo|Protect
|move|p2b: Rillaboom|Wood Hammer|p1a: Pelipper
|-damage|p1a: Pelipper|16/100
|-damage|p2b: Rillaboom|10/100|[from] Recoil
|move|p1b: Archaludon|Body Press|p2b: Rillaboom
|-damage|p2b: Rillaboom|0 fnt
|faint|p2b: Rillaboom
|move|p1a: Pelipper|Tailwind|p1a: Pelipper
|-sidestart|p1: wowiekazowee|move: Tailwind
|
|-weather|RainDance|[upkeep]
|upkeep
|
|t:|1756181857
|switch|p2b: Whimsicott|Whimsicott, L50, F|100/100
|turn|3
|
|t:|1756181874
|move|p2b: Whimsicott|Encore|p1a: Pelipper
|-start|p1a: Pelipper|Encore
|move|p1b: Archaludon|Electro Shot||[still]
|-prepare|p1b: Archaludon|Electro Shot
|-boost|p1b: Archaludon|spa|1
|-anim|p1b: Archaludon|Electro Shot|p2a: Gholdengo
|-crit|p2a: Gholdengo
|-damage|p2a: Gholdengo|11/100
|move|p1a: Pelipper|Tailwind||[still]
|-fail|p1a: Pelipper
|move|p2a: Gholdengo|Shadow Ball|p1b: Archaludon
|-damage|p1b: Archaludon|40/100
|-ability|p1b: Archaludon|Stamina|boost
|-boost|p1b: Archaludon|def|1
|
|-weather|RainDance|[upkeep]
|-heal|p1b: Archaludon|46/100|[from] Grassy Terrain
|-heal|p2a: Gholdengo|17/100|[from] Grassy Terrain
|-heal|p2a: Gholdengo|23/100|[from] item: Leftovers
|upkeep
|turn|4
|
|t:|1756181897
|switch|p1a: Ursaluna|Ursaluna, L50, M|100/100
|move|p2b: Whimsicott|Tailwind|p2b: Whimsicott
|-sidestart|p2: ShdaowForece|move: Tailwind
|move|p2a: Gholdengo|Shadow Ball|p1b: Archaludon
|-damage|p1b: Archaludon|0 fnt
|faint|p1b: Archaludon
|
|-weather|RainDance|[upkeep]
|-heal|p2a: Gholdengo|29/100|[from] Grassy Terrain
|-heal|p2a: Gholdengo|36/100|[from] item: Leftovers
|-status|p1a: Ursaluna|brn|[from] item: Flame Orb
|upkeep
|
|t:|1756181909
|switch|p1b: Pelipper|Pelipper, L50, M|16/100
|turn|5
|
|t:|1756181927
|move|p2b: Whimsicott|Moonblast|p1b: Pelipper
|-damage|p1b: Pelipper|0 fnt
|faint|p1b: Pelipper
|move|p2a: Gholdengo|Shadow Ball|p1a: Ursaluna
|-immune|p1a: Ursaluna
|move|p1a: Ursaluna|Facade|p2b: Whimsicott
|-damage|p2b: Whimsicott|0 fnt
|faint|p2b: Whimsicott
|
|-weather|none
|-heal|p2a: Gholdengo|42/100|[from] Grassy Terrain
|-heal|p2a: Gholdengo|48/100|[from] item: Leftovers
|-damage|p1a: Ursaluna|95/100 brn|[from] brn
|-sideend|p1: wowiekazowee|move: Tailwind
|-fieldend|move: Grassy Terrain
|upkeep
|
|t:|1756181942
|switch|p2b: Sneasler|Sneasler, L50, F|100/100
|switch|p1b: Sinistcha|Sinistcha, L50|100/100
|-ability|p2b: Sneasler|Pressure
|-heal|p1a: Ursaluna|100/100 brn|[from] ability: Hospitality|[of] p1b: Sinistcha
|turn|6
|
|t:|1756181967
|-terastallize|p2a: Gholdengo|Steel
|move|p1b: Sinistcha|Rage Powder|p1b: Sinistcha
|-singleturn|p1b: Sinistcha|move: Rage Powder
|move|p2b: Sneasler|Close Combat|p1b: Sinistcha
|-immune|p1b: Sinistcha
|move|p2a: Gholdengo|Make It Rain|p1a: Ursaluna|[spread] p1a,p1b
|-damage|p1a: Ursaluna|0 fnt
|-damage|p1b: Sinistcha|0 fnt
|-unboost|p2a: Gholdengo|spa|1
|faint|p1a: Ursaluna
|faint|p1b: Sinistcha
|
|win|ShdaowForece
|raw|wowiekazowee's rating: 1166 → 1143(-23 for losing)
|raw|ShdaowForece's rating: 1199 → 1222(+23 for winning)
|l|☆ShdaowForece
|player|p2|
