|j|☆Caloteiros VGC
|j|☆SlimSanity
|html|Caloteiros VGCSlimSanity    
|uhtml|bestof|Game 1 of a best-of-3
|t:|1785813720
|gametype|doubles
|player|p1|Caloteiros VGC|morty|1138
|player|p2|SlimSanity|170|1075
|gen|9
|tier|[Gen 9 Champions] VGC 2026 Reg M-B (Bo3)
|rated|
|rule|Species Clause: Limit one of each Pokémon
|rule|Item Clause: Limit 1 of each item
|clearpoke
|poke|p1|Raichu, L50, M|
|poke|p1|Sinistcha, L50|
|poke|p1|Incineroar, L50, M|
|poke|p1|Sylveon, L50, M|
|poke|p1|Hydreigon, L50, F|
|poke|p1|Metagross, L50|
|poke|p2|Scizor, L50, M|
|poke|p2|Ceruledge, L50, M|
|poke|p2|Whimsicott, L50, M, shiny|
|poke|p2|Gliscor, L50, F, shiny|
|poke|p2|Tsareena, L50, F, shiny|
|poke|p2|Primarina, L50, M, shiny|
|teampreview|4
|showteam|p1|Raichu||RaichuniteY|LightningRod|ZapCannon,FocusBlast,FakeOut,Protect|Timid||M|||50|]Sinistcha||SitrusBerry|Hospitality|MatchaGotcha,RagePowder,TrickRoom,Protect|Bold|||||50|]Incineroar||ShucaBerry|Intimidate|FlareBlitz,DarkestLariat,PartingShot,FakeOut|Careful||M|||50|]Sylveon||FairyFeather|Pixilate|HyperVoice,Moonblast,CalmMind,Protect|Modest||M|||50|]Hydreigon||ChoiceScarf|Levitate|DracoMeteor,DarkPulse,EarthPower,Snarl|Modest||F|||50|]Metagross||Metagrossite|ClearBody|HardPress,BodyPress,PsychicFangs,Protect|Adamant|||||50|
|showteam|p2|Scizor||Scizorite|Technician|BugBite,BulletPunch,SwordsDance,Protect|Adamant||M|||50|]Ceruledge||LifeOrb|FlashFire|BitterBlade,SwordsDance,Poltergeist,Protect|Adamant||M|||50|]Whimsicott||FocusSash|Prankster|Tailwind,Taunt,Encore,Moonblast|Timid||M|||50|]Gliscor||Leftovers|HyperCutter|Tailwind,RockSlide,HighHorsepower,Protect|Careful||F|||50|]Tsareena||MuscleBand|QueenlyMajesty|TropKick,TripleAxel,Uturn,Protect|Adamant||F|||50|]Primarina||MysticWater|LiquidVoice|IceBeam,HyperVoice,Moonblast,Protect|Modest||M|||50|
|inactive|Battle timer is ON: inactive players will automatically lose when time's up. (requested by SlimSanity)
|inactive|Caloteiros VGC also wants the timer to be on.
|
|t:|1785813739
|teamsize|p1|4
|teamsize|p2|4
|start
|switch|p1a: Raichu|Raichu, L50, M|100/100
|switch|p1b: Sylveon|Sylveon, L50, M|100/100
|switch|p2a: Goon Material|Primarina, L50, M, shiny|100/100
|switch|p2b: Thighs MCgee|Tsareena, L50, F, shiny|100/100
|turn|1
|inactive|SlimSanity has 30 seconds left.
|
|t:|1785813766
|switch|p2a: Red Lobster|Scizor, L50, M|100/100
|detailschange|p1a: Raichu|Raichu-Mega-Y, L50, M
|-mega|p1a: Raichu|Raichu|Raichunite Y
|move|p1a: Raichu|Zap Cannon|p2b: Thighs MCgee
|-resisted|p2b: Thighs MCgee|1
|-damage|p2b: Thighs MCgee|70/100
|-status|p2b: Thighs MCgee|par
|move|p1b: Sylveon|Calm Mind|p1b: Sylveon
|-boost|p1b: Sylveon|spa|1
|-boost|p1b: Sylveon|spd|1
|move|p2b: Thighs MCgee|Triple Axel|p1a: Raichu
|-damage|p1a: Raichu|87/100
|-damage|p1a: Raichu|64/100
|-damage|p1a: Raichu|29/100
|-hitcount|p1a: Raichu|3
|
|upkeep
|turn|2
|
|t:|1785813787
|switch|p1a: Incineroar|Incineroar, L50, M|100/100
|-ability|p1a: Incineroar|Intimidate|boost
|-unboost|p2a: Red Lobster|atk|1
|-unboost|p2b: Thighs MCgee|atk|1
|detailschange|p2a: Red Lobster|Scizor-Mega, L50, M
|-mega|p2a: Red Lobster|Scizor|Scizorite
|move|p2a: Red Lobster|Bullet Punch|p1a: Incineroar
|-resisted|p1a: Incineroar|1
|-damage|p1a: Incineroar|86/100
|move|p1b: Sylveon|Hyper Voice|p2b: Thighs MCgee|[spread] p2a,p2b
|-resisted|p2a: Red Lobster|1
|-damage|p2a: Red Lobster|61/100
|-damage|p2b: Thighs MCgee|8/100 par
|move|p2b: Thighs MCgee|U-turn|p1b: Sylveon
|-resisted|p1b: Sylveon|1
|-damage|p1b: Sylveon|88/100
|
|t:|1785813797
|switch|p2b: TheGrillMaster|Ceruledge, L50, M|100/100|[from] U-turn
|
|upkeep
|turn|3
|inactive|Caloteiros VGC has 30 seconds left.
|
|t:|1785813827
|move|p1b: Sylveon|Protect|p1b: Sylveon
|-singleturn|p1b: Sylveon|Protect
|move|p2a: Red Lobster|Protect|p2a: Red Lobster
|-singleturn|p2a: Red Lobster|Protect
|move|p2b: TheGrillMaster|Swords Dance|p2b: TheGrillMaster
|-boost|p2b: TheGrillMaster|atk|2
|move|p1a: Incineroar|Darkest Lariat|p2b: TheGrillMaster
|-supereffective|p2b: TheGrillMaster|1
|-damage|p2b: TheGrillMaster|15/100
|
|upkeep
|turn|4
|inactive|Caloteiros VGC has 30 seconds left.
|inactive|SlimSanity has 30 seconds left.
|inactive|SlimSanity has 20 seconds left.
|inactive|Caloteiros VGC has 20 seconds left.
|inactive|SlimSanity has 15 seconds left.
|
|t:|1785813872
|switch|p1b: Raichu|Raichu-Mega-Y, L50, M|29/100
|move|p2b: TheGrillMaster|Bitter Blade|p1b: Raichu
|-damage|p1b: Raichu|0 fnt
|-heal|p2b: TheGrillMaster|31/100|[from] drain|[of] p1b: Raichu
|faint|p1b: Raichu
|-damage|p2b: TheGrillMaster|21/100|[from] item: Life Orb
|move|p1a: Incineroar|Darkest Lariat|p2b: TheGrillMaster
|-supereffective|p2b: TheGrillMaster|1
|-damage|p2b: TheGrillMaster|0 fnt
|faint|p2b: TheGrillMaster
|move|p2a: Red Lobster|Bug Bite|p1a: Incineroar
|-damage|p1a: Incineroar|52/100
|-enditem|p1a: Incineroar|Shuca Berry|[from] stealeat|[move] Bug Bite|[of] p2a: Red Lobster
|
|upkeep
|
|t:|1785813882
|switch|p1b: Sinistcha|Sinistcha, L50|100/100
|switch|p2b: Goon Material|Primarina, L50, M, shiny|100/100
|-heal|p1a: Incineroar|77/100|[from] ability: Hospitality|[of] p1b: Sinistcha
|turn|5
|inactive|Caloteiros VGC has 30 seconds left.
|
|t:|1785813907
|switch|p1a: Sylveon|Sylveon, L50, M|88/100
|move|p2b: Goon Material|Hyper Voice|p1b: Sinistcha|[spread] p1a,p1b
|-resisted|p1b: Sinistcha|1
|-damage|p1a: Sylveon|56/100
|-damage|p1b: Sinistcha|79/100
|move|p2a: Red Lobster|Bug Bite|p1b: Sinistcha
|-damage|p1b: Sinistcha|49/100
|-enditem|p1b: Sinistcha|Sitrus Berry|[from] stealeat|[move] Bug Bite|[of] p2a: Red Lobster
|-heal|p2a: Red Lobster|86/100|[from] item: Sitrus Berry
|move|p1b: Sinistcha|Matcha Gotcha|p2b: Goon Material|[spread] p2a,p2b
|-resisted|p2a: Red Lobster|2
|-supereffective|p2b: Goon Material|1
|-damage|p2a: Red Lobster|80/100
|-heal|p1b: Sinistcha|52/100|[from] drain|[of] p2a: Red Lobster
|-damage|p2b: Goon Material|55/100
|-heal|p1b: Sinistcha|74/100|[from] drain|[of] p2b: Goon Material
|
|upkeep
|turn|6
|
|t:|1785813928
|move|p1a: Sylveon|Protect|p1a: Sylveon
|-singleturn|p1a: Sylveon|Protect
|move|p2a: Red Lobster|Swords Dance|p2a: Red Lobster
|-boost|p2a: Red Lobster|atk|2
|move|p2b: Goon Material|Ice Beam|p1b: Sinistcha
|-supereffective|p1b: Sinistcha|1
|-damage|p1b: Sinistcha|12/100
|move|p1b: Sinistcha|Matcha Gotcha|p2a: Red Lobster|[spread] p2a
|-miss|p1b: Sinistcha|p2b: Goon Material
|-resisted|p2a: Red Lobster|2
|-damage|p2a: Red Lobster|73/100
|-heal|p1b: Sinistcha|16/100|[from] drain|[of] p2a: Red Lobster
|
|upkeep
|turn|7
|inactive|Caloteiros VGC has 30 seconds left.
|
|t:|1785813955
|switch|p1b: Incineroar|Incineroar, L50, M|77/100
|-ability|p1b: Incineroar|Intimidate|boost
|-unboost|p2a: Red Lobster|atk|1
|-unboost|p2b: Goon Material|atk|1
|move|p2a: Red Lobster|Bullet Punch|p1a: Sylveon
|-supereffective|p1a: Sylveon|1
|-damage|p1a: Sylveon|0 fnt
|faint|p1a: Sylveon
|move|p2b: Goon Material|Ice Beam|p1b: Incineroar
|-resisted|p1b: Incineroar|1
|-damage|p1b: Incineroar|65/100
|
|upkeep
|-message|Caloteiros VGC forfeited.
|
|win|SlimSanity
