|j|☆Fenozi
|j|☆Daniw9
|html|FenoziDaniw9    
|uhtml|bestof|Game 2 of a best-of-3
|t:|1755951790
|gametype|doubles
|player|p1|Fenozi|veteran|1257
|player|p2|Daniw9|170|1317
|gen|9
|tier|[Gen 9] VGC 2025 Reg H (Bo3)
|rated|
|rule|Species Clause: Limit one of each Pokémon
|rule|Item Clause: Limit 1 of each item
|clearpoke
|poke|p1|Pelipper, L50, F|
|poke|p1|Incineroar, L50, F|
|poke|p1|Sinistcha, L50|
|poke|p1|Ursaluna, L50, M|
|poke|p1|Dragonite, L50, M|
|poke|p1|Archaludon, L50, M|
|poke|p2|Ninetales-Alola, L50, M|
|poke|p2|Sneasler, L50, F|
|poke|p2|Volcarona, L50, F|
|poke|p2|Dragonite, L50, F|
|poke|p2|Indeedee, L50, M|
|poke|p2|Garchomp, L50, F|
|teampreview|4
|showteam|p1|Pelipper||FocusSash|Drizzle|MuddyWater,Hurricane,Tailwind,Protect|||F|||50|,,,,,Ghost]Incineroar||SafetyGoggles|Intimidate|KnockOff,Taunt,PartingShot,FakeOut|||F|||50|,,,,,Ghost]Sinistcha||SitrusBerry|Hospitality|MatchaGotcha,LifeDew,RagePowder,TrickRoom||||||50|,,,,,Dark]Ursaluna||FlameOrb|Guts|Facade,HeadlongRush,Earthquake,Protect|||M|||50|,,,,,Ghost]Dragonite||LoadedDice|Multiscale|ScaleShot,Haze,Tailwind,Protect|||M|||50|,,,,,Steel]Archaludon||AssaultVest|Stamina|ElectroShot,FlashCannon,Snarl,BodyPress|||M|||50|,,,,,Bug
|showteam|p2|Ninetales-Alola||LightClay|SnowWarning|AuroraVeil,Blizzard,Howl,IcyWind|||M|||50|,,,,,Ghost]Sneasler||PsychicSeed|Unburden|CloseCombat,DireClaw,ThroatChop,Protect|||F|||50|,,,,,Dark]Volcarona||Leftovers|FlameBody|HeatWave,GigaDrain,QuiverDance,Protect|||F|||50|,,,,,Grass]Dragonite||LoadedDice|Multiscale|ScaleShot,Haze,Tailwind,StompingTantrum|||F|||50|,,,,,Fairy]Indeedee||FocusSash|PsychicSurge|ExpandingForce,Imprison,Protect,TrickRoom|||M|||50|,,,,,Fairy]Garchomp||LifeOrb|RoughSkin|StompingTantrum,Earthquake,RockSlide,Protect|||F|||50|,,,,,Steel
|inactive|Battle timer is ON: inactive players will automatically lose when time's up. (requested by Fenozi)
|inactive|Fenozi has 60 seconds left.
|inactive|Daniw9 has 60 seconds left.
|inactive|Daniw9 has 30 seconds left.
|
|t:|1755951855
|teamsize|p1|4
|teamsize|p2|4
|start
|switch|p1a: Archaludon|Archaludon, L50, M|100/100
|switch|p1b: Incineroar|Incineroar, L50, F|100/100
|switch|p2a: Ninetales|Ninetales-Alola, L50, M, shiny|100/100
|switch|p2b: Volcarona|Volcarona, L50, F|100/100
|-weather|Snowscape|[from] ability: Snow Warning|[of] p2a: Ninetales
|-ability|p1b: Incineroar|Intimidate|boost
|-unboost|p2a: Ninetales|atk|1
|-unboost|p2b: Volcarona|atk|1
|turn|1
|inactive|Fenozi has 30 seconds left.
|inactive|Fenozi has 20 seconds left.
|inactive|Fenozi has 15 seconds left.
|inactive|Fenozi has 10 seconds left.
|inactive|Fenozi has 5 seconds left.
|
|t:|1755951905
|switch|p1b: Pelipper|Pelipper, L50, F|100/100
|-weather|RainDance|[from] ability: Drizzle|[of] p1b: Pelipper
|-terastallize|p2a: Ninetales|Ghost
|move|p2a: Ninetales|Aurora Veil||[still]
|-fail|p2a: Ninetales
|move|p2b: Volcarona|Quiver Dance|p2b: Volcarona
|-boost|p2b: Volcarona|spa|1
|-boost|p2b: Volcarona|spd|1
|-boost|p2b: Volcarona|spe|1
|move|p1a: Archaludon|Electro Shot||[still]
|-prepare|p1a: Archaludon|Electro Shot
|-boost|p1a: Archaludon|spa|1
|-anim|p1a: Archaludon|Electro Shot|p2b: Volcarona
|-damage|p2b: Volcarona|66/100
|
|-weather|RainDance|[upkeep]
|-heal|p2b: Volcarona|72/100|[from] item: Leftovers
|upkeep
|turn|2
|inactive|Fenozi has 30 seconds left.
|inactive|Fenozi has 20 seconds left.
|
|t:|1755951944
|switch|p2a: Indeedee|Indeedee, L50, M|100/100
|-fieldstart|move: Psychic Terrain|[from] ability: Psychic Surge|[of] p2a: Indeedee
|switch|p1b: Incineroar|Incineroar, L50, F|100/100
|-ability|p1b: Incineroar|Intimidate|boost
|-unboost|p2a: Indeedee|atk|1
|-unboost|p2b: Volcarona|atk|1
|move|p2b: Volcarona|Protect|p2b: Volcarona
|-singleturn|p2b: Volcarona|Protect
|move|p1a: Archaludon|Electro Shot||[still]
|-prepare|p1a: Archaludon|Electro Shot
|-boost|p1a: Archaludon|spa|1
|-anim|p1a: Archaludon|Electro Shot|p2b: Volcarona
|-activate|p2b: Volcarona|move: Protect
|
|-weather|RainDance|[upkeep]
|-heal|p2b: Volcarona|78/100|[from] item: Leftovers
|upkeep
|turn|3
|inactive|Fenozi has 30 seconds left.
|inactive|Daniw9 has 30 seconds left.
|
|t:|1755951974
|switch|p2a: Ninetales|Ninetales-Alola, L50, M, shiny, tera:Ghost|100/100
|-weather|Snowscape|[from] ability: Snow Warning|[of] p2a: Ninetales
|move|p2b: Volcarona|Quiver Dance|p2b: Volcarona
|-boost|p2b: Volcarona|spa|1
|-boost|p2b: Volcarona|spd|1
|-boost|p2b: Volcarona|spe|1
|move|p1a: Archaludon|Snarl|p2b: Volcarona|[spread] p2a,p2b
|-supereffective|p2a: Ninetales
|-damage|p2a: Ninetales|50/100
|-damage|p2b: Volcarona|65/100
|-unboost|p2a: Ninetales|spa|1
|-unboost|p2b: Volcarona|spa|1
|move|p1b: Incineroar|Knock Off|p2b: Volcarona
|-damage|p2b: Volcarona|24/100
|-enditem|p2b: Volcarona|Leftovers|[from] move: Knock Off|[of] p1b: Incineroar
|
|-weather|Snowscape|[upkeep]
|upkeep
|turn|4
|inactive|Fenozi has 30 seconds left.
|
|t:|1755952000
|switch|p2a: Garchomp|Garchomp, L50, F|100/100
|switch|p1b: Pelipper|Pelipper, L50, F|100/100
|-weather|RainDance|[from] ability: Drizzle|[of] p1b: Pelipper
|move|p2b: Volcarona|Protect|p2b: Volcarona
|-singleturn|p2b: Volcarona|Protect
|move|p1a: Archaludon|Snarl|p2b: Volcarona|[spread] p2a
|-activate|p2b: Volcarona|move: Protect
|-damage|p2a: Garchomp|71/100
|-unboost|p2a: Garchomp|spa|1
|
|-weather|RainDance|[upkeep]
|upkeep
|turn|5
|inactive|Fenozi has 30 seconds left.
|inactive|Daniw9 has 30 seconds left.
|
|t:|1755952026
|switch|p1b: Incineroar|Incineroar, L50, F|100/100
|-ability|p1b: Incineroar|Intimidate|boost
|-unboost|p2a: Garchomp|atk|1
|-unboost|p2b: Volcarona|atk|1
|move|p2b: Volcarona|Giga Drain|p1b: Incineroar
|-resisted|p1b: Incineroar
|-damage|p1b: Incineroar|85/100
|-heal|p2b: Volcarona|32/100|[from] drain|[of] p1b: Incineroar
|move|p2a: Garchomp|Rock Slide|p1a: Archaludon|[spread] p1a,p1b
|-resisted|p1a: Archaludon
|-supereffective|p1b: Incineroar
|-damage|p1a: Archaludon|93/100
|-damage|p1b: Incineroar|45/100
|-ability|p1a: Archaludon|Stamina|boost
|-boost|p1a: Archaludon|def|1
|-damage|p2a: Garchomp|61/100|[from] item: Life Orb
|move|p1a: Archaludon|Electro Shot||[still]
|-prepare|p1a: Archaludon|Electro Shot
|-boost|p1a: Archaludon|spa|1
|-anim|p1a: Archaludon|Electro Shot|p2b: Volcarona
|-damage|p2b: Volcarona|0 fnt
|faint|p2b: Volcarona
|
|-weather|RainDance|[upkeep]
|upkeep
|
|t:|1755952043
|switch|p2b: Ninetales|Ninetales-Alola, L50, M, shiny, tera:Ghost|50/100
|-weather|Snowscape|[from] ability: Snow Warning|[of] p2b: Ninetales
|turn|6
|-message|Daniw9 forfeited.
|
|win|Fenozi
|raw|Fenozi's rating: 1257 → 1286(+29 for winning)
|raw|Daniw9's rating: 1317 → 1294(-23 for losing)
|l|☆Daniw9
|player|p2|
