|j|☆AGreatRobot
|j|☆influxxyyy
|html|AGreatRobotinfluxxyyy    
|uhtml|bestof|Game 1 of a best-of-3
|t:|1757102807
|gametype|doubles
|player|p1|AGreatRobot|wattson|
|player|p2|influxxyyy|miku-fire|
|gen|9
|tier|[Gen 9] VGC 2025 Reg H (Bo3)
|rule|Species Clause: Limit one of each Pokémon
|rule|Item Clause: Limit 1 of each item
|clearpoke
|poke|p1|Bisharp, L50, F|
|poke|p1|Clodsire, L50, F|
|poke|p1|Tatsugiri-Stretchy, L50, F|
|poke|p1|Murkrow, L50, F|
|poke|p1|Oranguru, L50, M|
|poke|p1|Weavile, L50, M|
|poke|p2|Dragalge, L50, F|
|poke|p2|Mimikyu, L50, F|
|poke|p2|Primarina, L50, F|
|poke|p2|Bisharp, L50, F|
|poke|p2|Grimmsnarl, L50, M|
|poke|p2|Scrafty, L50, F|
|teampreview|4
|showteam|p1|Bisharp||Eviolite|Defiant|IronHead,ThroatChop,SuckerPunch,Protect|||F|||50|,,,,,Water]Clodsire||SitrusBerry|WaterAbsorb|BodyPress,AfterYou,Stockpile,Yawn|||F|||50|,,,,,Grass]Tatsugiri-Stretchy||ChoiceSpecs|StormDrain|Surf,DracoMeteor,HydroPump,MuddyWater|||F|||50|,,,,,Water]Murkrow||FocusSash|Prankster|Tailwind,RainDance,Taunt,FoulPlay|||F|||50|,,,,,Ghost]Oranguru||SafetyGoggles|Telepathy|Instruct,TrickRoom,Protect,KnockOff|||M|||50|,,,,,Dark]Weavile||LifeOrb|Pressure|TripleAxel,KnockOff,FakeOut,Protect|||M|||50|,,,,,Ice
|showteam|p2|Dragalge||LifeOrb|Adaptability|Protect,SludgeBomb,DracoMeteor,TeraBlast|||F|||50|,,,,,Ground]Mimikyu||MentalHerb|Disguise|ShadowSneak,PlayRough,DestinyBond,TrickRoom|||F|||50|,,,,,Water]Primarina||FairyFeather|LiquidVoice|Protect,DazzlingGleam,Moonblast,HyperVoice|||F|||50|,,,,,Grass]Bisharp||Eviolite|Defiant|Protect,ThroatChop,SuckerPunch,SwordsDance|||F|||50|,,,,,Dark]Grimmsnarl||LightClay|Prankster|LightScreen,Reflect,FakeTears,SpiritBreak|||M|||50|,,,,,Ghost]Scrafty||SafetyGoggles|Intimidate|FakeOut,KnockOff,CloseCombat,Taunt|||F|||50|,,,,,Fairy
|inactive|Battle timer is ON: inactive players will automatically lose when time's up. (requested by influxxyyy)
|c|☆AGreatRobot|Hf
|c|☆influxxyyy|glhf!
|inactive|AGreatRobot has 60 seconds left.
|inactive|influxxyyy has 60 seconds left.
|inactive|influxxyyy has 30 seconds left.
|inactive|influxxyyy has 20 seconds left.
|inactive|influxxyyy has 15 seconds left.
|inactive|influxxyyy has 10 seconds left.
|
|t:|1757102892
|teamsize|p1|4
|teamsize|p2|4
|start
|switch|p1a: Ice Ice Baby|Weavile, L50, M|100/100
|switch|p1b: Reverse Reverse|Oranguru, L50, M|100/100
|switch|p2a: Mimickyou|Mimikyu, L50, F, shiny|100/100
|switch|p2b: Bishop|Bisharp, L50, F, shiny|100/100
|-ability|p1a: Ice Ice Baby|Pressure
|turn|1
|
|t:|1757102915
|move|p1a: Ice Ice Baby|Triple Axel|p2a: Mimickyou
|-activate|p2a: Mimickyou|ability: Disguise
|-damage|p2a: Mimickyou|100/100
|detailschange|p2a: Mimickyou|Mimikyu-Busted, L50, F, shiny
|-damage|p2a: Mimickyou|88/100|[from] pokemon: Mimikyu-Busted
|-damage|p2a: Mimickyou|56/100
|-damage|p2a: Mimickyou|0 fnt
|faint|p2a: Mimickyou
|-hitcount|p2: Mimickyou|3
|-damage|p1a: Ice Ice Baby|91/100|[from] item: Life Orb
|move|p2b: Bishop|Swords Dance|p2b: Bishop
|-boost|p2b: Bishop|atk|2
|move|p1b: Reverse Reverse|Knock Off|p2b: Bishop
|-resisted|p2b: Bishop
|-damage|p2b: Bishop|95/100
|-enditem|p2b: Bishop|Eviolite|[from] move: Knock Off|[of] p1b: Reverse Reverse
|
|upkeep
|
|t:|1757102931
|switch|p2a: Semolina|Primarina, L50, F|100/100
|turn|2
|inactive|AGreatRobot has 30 seconds left.
|inactive|influxxyyy has 30 seconds left.
|inactive|influxxyyy has 20 seconds left.
|inactive|influxxyyy has 15 seconds left.
|
|t:|1757102973
|-terastallize|p1b: Reverse Reverse|Dark
|move|p2b: Bishop|Sucker Punch|p1a: Ice Ice Baby
|-resisted|p1a: Ice Ice Baby
|-damage|p1a: Ice Ice Baby|25/100
|move|p1a: Ice Ice Baby|Knock Off|p2a: Semolina
|-resisted|p2a: Semolina
|-damage|p2a: Semolina|60/100
|-enditem|p2a: Semolina|Fairy Feather|[from] move: Knock Off|[of] p1a: Ice Ice Baby
|-damage|p1a: Ice Ice Baby|15/100|[from] item: Life Orb
|move|p2a: Semolina|Dazzling Gleam|p1a: Ice Ice Baby|[spread] p1a,p1b
|-supereffective|p1a: Ice Ice Baby
|-supereffective|p1b: Reverse Reverse
|-damage|p1a: Ice Ice Baby|0 fnt
|-damage|p1b: Reverse Reverse|61/100
|faint|p1a: Ice Ice Baby
|move|p1b: Reverse Reverse|Trick Room|p1b: Reverse Reverse
|-fieldstart|move: Trick Room|[of] p1b: Reverse Reverse
|
|upkeep
|
|t:|1757102985
|switch|p1a: fren :)|Clodsire, L50, F|100/100
|turn|3
|
|t:|1757102999
|-terastallize|p2b: Bishop|Dark
|move|p1a: fren :)|Stockpile|p1a: fren :)
|-start|p1a: fren :)|stockpile1
|-boost|p1a: fren :)|def|1
|-boost|p1a: fren :)|spd|1
|move|p1b: Reverse Reverse|Instruct|p1a: fren :)
|-singleturn|p1a: fren :)|move: Instruct|[of] p1b: Reverse Reverse
|move|p1a: fren :)|Stockpile|p1a: fren :)
|-start|p1a: fren :)|stockpile2
|-boost|p1a: fren :)|def|1
|-boost|p1a: fren :)|spd|1
|move|p2a: Semolina|Moonblast|p1b: Reverse Reverse
|-supereffective|p1b: Reverse Reverse
|-damage|p1b: Reverse Reverse|0 fnt
|faint|p1b: Reverse Reverse
|move|p2b: Bishop|Throat Chop|p1a: fren :)
|-damage|p1a: fren :)|55/100
|-start|p1a: fren :)|Throat Chop|[silent]
|
|upkeep
|
|t:|1757103014
|switch|p1b: Lil Bro|Bisharp, L50, F|100/100
|turn|4
|
|t:|1757103026
|move|p1a: fren :)|Body Press|p2b: Bishop
|-supereffective|p2b: Bishop
|-damage|p2b: Bishop|25/100
|move|p2a: Semolina|Moonblast|p1b: Lil Bro
|-damage|p1b: Lil Bro|53/100
|move|p2b: Bishop|Throat Chop|p1a: fren :)
|-damage|p1a: fren :)|8/100
|-enditem|p1a: fren :)|Sitrus Berry|[eat]
|-heal|p1a: fren :)|33/100|[from] item: Sitrus Berry
|move|p1b: Lil Bro|Iron Head|p2a: Semolina
|-damage|p2a: Semolina|7/100
|
|-end|p1a: fren :)|Throat Chop|[silent]
|upkeep
|turn|5
|inactive|influxxyyy has 30 seconds left.
|inactive|influxxyyy has 20 seconds left.
|inactive|influxxyyy has 15 seconds left.
|inactive|influxxyyy has 10 seconds left.
|
|t:|1757103072
|switch|p2a: Dragalgae|Dragalge, L50, F, shiny|100/100
|move|p2b: Bishop|Sucker Punch|p1b: Lil Bro
|-resisted|p1b: Lil Bro
|-damage|p1b: Lil Bro|14/100
|move|p1b: Lil Bro|Sucker Punch||[still]
|-fail|p1b: Lil Bro
|move|p1a: fren :)|Body Press|p2b: Bishop
|-supereffective|p2b: Bishop
|-damage|p2b: Bishop|0 fnt
|faint|p2b: Bishop
|
|upkeep
|
|t:|1757103081
|switch|p2b: Semolina|Primarina, L50, F|7/100
|turn|6
|
|t:|1757103095
|move|p2b: Semolina|Protect|p2b: Semolina
|-singleturn|p2b: Semolina|Protect
|move|p1b: Lil Bro|Sucker Punch||[still]
|-fail|p1b: Lil Bro
|move|p1a: fren :)|Stockpile|p1a: fren :)
|-start|p1a: fren :)|stockpile3
|-boost|p1a: fren :)|def|1
|-boost|p1a: fren :)|spd|1
|move|p2a: Dragalgae|Draco Meteor|p1a: fren :)
|-damage|p1a: fren :)|3/100
|-unboost|p2a: Dragalgae|spa|2
|-damage|p2a: Dragalgae|91/100|[from] item: Life Orb
|
|-fieldend|move: Trick Room
|upkeep
|turn|7
|inactive|influxxyyy has 30 seconds left.
|inactive|AGreatRobot has 30 seconds left.
|inactive|influxxyyy has 20 seconds left.
|
|t:|1757103133
|move|p1b: Lil Bro|Sucker Punch|p2b: Semolina
|-resisted|p2b: Semolina
|-damage|p2b: Semolina|0 fnt
|faint|p2b: Semolina
|move|p2a: Dragalgae|Tera Blast|p1a: fren :)
|-damage|p1a: fren :)|0 fnt
|faint|p1a: fren :)
|-damage|p2a: Dragalgae|81/100|[from] item: Life Orb
|
|upkeep
|turn|8
|
|t:|1757103144
|move|p1b: Lil Bro|Protect|p1b: Lil Bro
|-singleturn|p1b: Lil Bro|Protect
|move|p2a: Dragalgae|Draco Meteor|p1b: Lil Bro
|-activate|p1b: Lil Bro|move: Protect
|
|upkeep
|turn|9
|
|t:|1757103158
|move|p2a: Dragalgae|Protect|p2a: Dragalgae
|-singleturn|p2a: Dragalgae|Protect
|move|p1b: Lil Bro|Iron Head|p2a: Dragalgae
|-activate|p2a: Dragalgae|move: Protect
|
|upkeep
|turn|10
|
|t:|1757103163
|move|p1b: Lil Bro|Iron Head|p2a: Dragalgae
|-damage|p2a: Dragalgae|34/100
|move|p2a: Dragalgae|Draco Meteor|p1b: Lil Bro
|-resisted|p1b: Lil Bro
|-damage|p1b: Lil Bro|0 fnt
|-unboost|p2a: Dragalgae|spa|2
|faint|p1b: Lil Bro
|-damage|p2a: Dragalgae|24/100|[from] item: Life Orb
|
|win|influxxyyy
||AGreatRobot is ready for game 2.
||influxxyyy is ready for game 2.
|uhtml|next|Next: Game 2 of 3
|l|☆AGreatRobot
|player|p1|
|j|☆AGreatRobot
|player|p1|AGreatRobot|wattson|
|l|☆AGreatRobot
|player|p1|
