|j|☆HinamikoNovelGames
|j|☆TeyVgc
|html|HinamikoNovelGamesTeyVgc    
|uhtml|bestof|Game 2 of a best-of-3
|t:|1783487119
|gametype|doubles
|player|p1|HinamikoNovelGames|parasollady|1338
|player|p2|TeyVgc|rood|1326
|gen|9
|tier|[Gen 9 Champions] VGC 2026 Reg M-B (Bo3)
|rated|
|rule|Species Clause: Limit one of each Pokémon
|rule|Item Clause: Limit 1 of each item
|clearpoke
|poke|p1|Delphox, L50, M|
|poke|p1|Sinistcha-Masterpiece, L50|
|poke|p1|Blastoise, L50, M|
|poke|p1|Maushold, L50|
|poke|p1|Incineroar, L50, M|
|poke|p1|Sneasler, L50, M|
|poke|p2|Raichu, L50, F|
|poke|p2|Sinistcha, L50|
|poke|p2|Ceruledge, L50, F|
|poke|p2|Milotic, L50, F|
|poke|p2|Incineroar, L50, F|
|poke|p2|Floette-Eternal, L50, F|
|teampreview|4
|showteam|p1|Delphox||Delphoxite|Blaze|HeatWave,Psyshock,NastyPlot,Protect|Timid||M|||50|]Sinistcha-Masterpiece||OccaBerry|Hospitality|MatchaGotcha,LifeDew,RagePowder,Protect|Calm|||||50|]Blastoise||Blastoisinite|RainDish|WaterSpout,DarkPulse,ShellSmash,Protect|Timid||M|||50|]Maushold||ChopleBerry|FriendGuard|SuperFang,Feint,FollowMe,Protect|Impish|||||50|]Incineroar||SitrusBerry|Intimidate|FakeOut,FlareBlitz,ThroatChop,PartingShot|Impish||M|||50|]Sneasler||FocusSash|PoisonTouch|FakeOut,CloseCombat,DireClaw,QuickGuard|Jolly||M|||50|
|showteam|p2|Raichu||RaichuniteY|LightningRod|ZapCannon,FocusBlast,FakeOut,Protect|Timid||F|||50|]Sinistcha||KasibBerry|Hospitality|MatchaGotcha,LifeDew,RagePowder,TrickRoom|Relaxed|||||50|]Ceruledge||ColburBerry|FlashFire|BitterBlade,ShadowSneak,BulkUp,Protect|Adamant||F|||50|]Milotic||Leftovers|Competitive|MuddyWater,Coil,Hypnosis,Protect|Calm||F|||50|]Incineroar||SitrusBerry|Intimidate|FlareBlitz,ThroatChop,FakeOut,PartingShot|Impish||F|||50|]Floette-Eternal||Floettite|FlowerVeil|CalmMind,Protect,Moonblast,DazzlingGleam|Modest||F|||50|
|
|t:|1783487143
|teamsize|p1|4
|teamsize|p2|4
|start
|switch|p1a: Delphox|Delphox, L50, M|100/100
|switch|p1b: Maushold|Maushold, L50|100/100
|switch|p2a: Raichu|Raichu, L50, F|100/100
|switch|p2b: Ceruledge|Ceruledge, L50, F|100/100
|turn|1
|
|t:|1783487165
|detailschange|p1a: Delphox|Delphox-Mega, L50, M
|-mega|p1a: Delphox|Delphox|Delphoxite
|detailschange|p2a: Raichu|Raichu-Mega-Y, L50, F
|-mega|p2a: Raichu|Raichu|Raichunite Y
|move|p2a: Raichu|Fake Out|p1a: Delphox
|-damage|p1a: Delphox|92/100
|cant|p1a: Delphox|flinch
|move|p1b: Maushold|Super Fang|p2b: Ceruledge
|-immune|p2b: Ceruledge
|move|p2b: Ceruledge|Bulk Up|p2b: Ceruledge
|-boost|p2b: Ceruledge|atk|1
|-boost|p2b: Ceruledge|def|1
|
|upkeep
|turn|2
|
|t:|1783487180
|move|p1b: Maushold|Follow Me|p1b: Maushold
|-singleturn|p1b: Maushold|move: Follow Me
|move|p1a: Delphox|Nasty Plot|p1a: Delphox
|-boost|p1a: Delphox|spa|2
|move|p2a: Raichu|Zap Cannon|p1b: Maushold
|-damage|p1b: Maushold|33/100
|-status|p1b: Maushold|par
|move|p2b: Ceruledge|Bulk Up|p2b: Ceruledge
|-boost|p2b: Ceruledge|atk|1
|-boost|p2b: Ceruledge|def|1
|
|upkeep
|turn|3
|
|t:|1783487202
|move|p2b: Ceruledge|Protect|p2b: Ceruledge
|-singleturn|p2b: Ceruledge|Protect
|move|p1b: Maushold|Feint|p2a: Raichu
|-damage|p2a: Raichu|87/100
|move|p1a: Delphox|Heat Wave|p2a: Raichu|[spread] p2a
|-activate|p2b: Ceruledge|move: Protect
|-damage|p2a: Raichu|0 fnt
|faint|p2a: Raichu
|
|upkeep
|
|t:|1783487213
|switch|p2a: Milotic|Milotic, L50, F|100/100
|turn|4
|
|t:|1783487242
|move|p1b: Maushold|Follow Me|p1b: Maushold
|-singleturn|p1b: Maushold|move: Follow Me
|move|p1a: Delphox|Psyshock|p2b: Ceruledge
|-damage|p2b: Ceruledge|58/100
|move|p2b: Ceruledge|Bitter Blade|p1b: Maushold
|-damage|p1b: Maushold|0 fnt
|-heal|p2b: Ceruledge|74/100|[from] drain|[of] p1b: Maushold
|faint|p1b: Maushold
|move|p2a: Milotic|Muddy Water|p1a: Delphox
|-supereffective|p1a: Delphox|1
|-damage|p1a: Delphox|34/100
|-unboost|p1a: Delphox|accuracy|1
|
|upkeep
|
|t:|1783487247
|switch|p1b: Sinistcha|Sinistcha-Masterpiece, L50|100/100
|-heal|p1a: Delphox|59/100|[from] ability: Hospitality|[of] p1b: Sinistcha
|turn|5
|
|t:|1783487263
|switch|p2a: Sinistcha|Sinistcha, L50|100/100
|-heal|p2b: Ceruledge|99/100|[from] ability: Hospitality|[of] p2a: Sinistcha
|move|p1a: Delphox|Psyshock|p2a: Sinistcha
|-damage|p2a: Sinistcha|35/100
|move|p2b: Ceruledge|Bitter Blade|p1b: Sinistcha
|-supereffective|p1b: Sinistcha|1
|-enditem|p1b: Sinistcha|Occa Berry|[eat]
|-enditem|p1b: Sinistcha|Occa Berry|[weaken]
|-damage|p1b: Sinistcha|8/100
|-heal|p2b: Ceruledge|100/100|[from] drain|[of] p1b: Sinistcha
|move|p1b: Sinistcha|Life Dew|p1b: Sinistcha|[spread] p1a,p1b
|-heal|p1a: Delphox|84/100
|-heal|p1b: Sinistcha|33/100
|
|upkeep
|turn|6
|-message|HinamikoNovelGames forfeited.
|
|win|TeyVgc
