|j|☆mikewwm8
|j|☆EinChemiker
|html|mikewwm8EinChemiker    
|uhtml|bestof|Game 2 of a best-of-3
|t:|1784142615
|gametype|doubles
|player|p1|mikewwm8|170|
|player|p2|EinChemiker|iris-gen5bw2|
|gen|9
|tier|[Gen 9 Champions] VGC 2026 Reg M-B (Bo3)
|rule|Species Clause: Limit one of each Pokémon
|rule|Item Clause: Limit 1 of each item
|clearpoke
|poke|p1|Staraptor, L50, M|
|poke|p1|Vanilluxe, L50, M|
|poke|p1|Farigiraf, L50, F|
|poke|p1|Blastoise, L50, F|
|poke|p1|Kingambit, L50, M|
|poke|p1|Camerupt, L50, F|
|poke|p2|Swampert, L50, F|
|poke|p2|Pelipper, L50, M|
|poke|p2|Archaludon, L50, M|
|poke|p2|Annihilape, L50, F|
|poke|p2|Lycanroc-Dusk, L50, M|
|poke|p2|Sneasler, L50, F|
|teampreview|4
|showteam|p1|Staraptor||ChoiceScarf|Intimidate|FinalGambit,BraveBird,CloseCombat,Uturn|Jolly||M|||50|]Vanilluxe||NeverMeltIce|SnowWarning|Blizzard,FreezeDry,Protect,IceShard|Quiet||M|||50|]Farigiraf||SitrusBerry|ArmorTail|PsychicFangs,HyperVoice,HelpingHand,TrickRoom|Relaxed||F|||50|]Blastoise||Blastoisinite|RainDish|FakeOut,WaterSpout,AuraSphere,DarkPulse|Quiet||F|||50|]Kingambit||LifeOrb|Defiant|KowtowCleave,IronHead,Protect,SuckerPunch|Brave||M|||50|]Camerupt||Cameruptite|SolidRock|HeatWave,EarthPower,Protect,AncientPower|Quiet||F|||50|
|showteam|p2|Swampert||Swampertite|Torrent|WaveCrash,Protect,HighHorsepower,FlipTurn|Adamant||F|||50|]Pelipper||FocusSash|Drizzle|Tailwind,Hurricane,WeatherBall,Protect|Timid||M|||50|]Archaludon||LifeOrb|Stamina|DragonPulse,ElectroShot,FlashCannon,Protect|Modest||M|||50|]Annihilape||Leftovers|Defiant|CloseCombat,RainDance,RageFist,Protect|Jolly||F|||50|]Lycanroc-Dusk||HardStone|ToughClaws|Accelerock,PlayRough,Protect,StoneEdge|Adamant||M|||50|]Sneasler||WhiteHerb|Unburden|FakeOut,Protect,DireClaw,CloseCombat|Adamant||F|||50|
|inactive|Battle timer is ON: inactive players will automatically lose when time's up. (requested by EinChemiker)
|
|t:|1784142640
|teamsize|p1|4
|teamsize|p2|4
|start
|switch|p1a: Staraptor|Staraptor, L50, M|100/100
|switch|p1b: Farigiraf|Farigiraf, L50, F|100/100
|switch|p2a: Nina|Lycanroc-Dusk, L50, M|100/100
|switch|p2b: Sneasler|Sneasler, L50, F|100/100
|-ability|p1a: Staraptor|Intimidate|boost
|-unboost|p2a: Nina|atk|1
|-unboost|p2b: Sneasler|atk|1
|-enditem|p2b: Sneasler|White Herb
|-clearnegativeboost|p2b: Sneasler|[silent]
|turn|1
|
|t:|1784142660
|move|p2a: Nina|Accelerock||[still]
|cant|p1b: Farigiraf|ability: Armor Tail|Accelerock|[of] p2a: Nina
|move|p2b: Sneasler|Close Combat|p1b: Farigiraf
|-damage|p1b: Farigiraf|48/100
|-unboost|p2b: Sneasler|def|1
|-unboost|p2b: Sneasler|spd|1
|-enditem|p1b: Farigiraf|Sitrus Berry|[eat]
|-heal|p1b: Farigiraf|73/100|[from] item: Sitrus Berry
|move|p1a: Staraptor|Brave Bird|p2b: Sneasler
|-supereffective|p2b: Sneasler|1
|-damage|p2b: Sneasler|0 fnt
|faint|p2b: Sneasler
|-damage|p1a: Staraptor|70/100|[from] Recoil
|move|p1b: Farigiraf|Trick Room|p1b: Farigiraf
|-fieldstart|move: Trick Room|[of] p1b: Farigiraf
|
|upkeep
|
|t:|1784142677
|switch|p2b: Bridge|Archaludon, L50, M|100/100
|turn|2
|
|t:|1784142691
|move|p1b: Farigiraf|Psychic Fangs|p2a: Nina
|-damage|p2a: Nina|54/100
|move|p2b: Bridge|Dragon Pulse|p1b: Farigiraf
|-damage|p1b: Farigiraf|22/100
|-damage|p2b: Bridge|90/100|[from] item: Life Orb
|move|p2a: Nina|Stone Edge|p1a: Staraptor
|-supereffective|p1a: Staraptor|1
|-damage|p1a: Staraptor|0 fnt
|faint|p1a: Staraptor
|
|upkeep
|
|t:|1784142700
|switch|p1a: Blastoise|Blastoise, L50, F|100/100
|turn|3
|
|t:|1784142724
|detailschange|p1a: Blastoise|Blastoise-Mega, L50, F
|-mega|p1a: Blastoise|Blastoise|Blastoisinite
|move|p1b: Farigiraf|Helping Hand|p1a: Blastoise
|-singleturn|p1a: Blastoise|Helping Hand|[of] p1b: Farigiraf
|move|p2b: Bridge|Protect|p2b: Bridge
|-singleturn|p2b: Bridge|Protect
|move|p1a: Blastoise|Water Spout|p2a: Nina|[spread] p2a
|-activate|p2b: Bridge|move: Protect
|-supereffective|p2a: Nina|1
|-damage|p2a: Nina|0 fnt
|faint|p2a: Nina
|
|upkeep
|
|t:|1784142735
|switch|p2a: Pel-Eye-Per|Pelipper, L50, M|100/100
|-weather|RainDance|[from] ability: Drizzle|[of] p2a: Pel-Eye-Per
|turn|4
|
|t:|1784142742
|move|p1b: Farigiraf|Helping Hand|p1a: Blastoise
|-singleturn|p1a: Blastoise|Helping Hand|[of] p1b: Farigiraf
|move|p2a: Pel-Eye-Per|Protect|p2a: Pel-Eye-Per
|-singleturn|p2a: Pel-Eye-Per|Protect
|move|p1a: Blastoise|Aura Sphere|p2b: Bridge
|-supereffective|p2b: Bridge|1
|-damage|p2b: Bridge|0 fnt
|faint|p2b: Bridge
|
|-weather|RainDance|[upkeep]
|upkeep
|turn|5
|-message|EinChemiker forfeited.
|
|win|mikewwm8
|c|☆mikewwm8|ggs
|c|☆EinChemiker|ggwp
|l|☆EinChemiker
|player|p2|
