|j|☆testdigi
|j|☆blazennn
|html|testdigiblazennn    
|uhtml|bestof|Game 2 of a best-of-3
|t:|1782497043
|gametype|doubles
|player|p1|testdigi|1|1066
|player|p2|blazennn|170|1040
|gen|9
|tier|[Gen 9 Champions] VGC 2026 Reg M-B (Bo3)
|rated|
|rule|Species Clause: Limit one of each Pokémon
|rule|Item Clause: Limit 1 of each item
|clearpoke
|poke|p1|Hydreigon, L50, M|
|poke|p1|Garchomp, L50, F|
|poke|p1|Metagross, L50, shiny|
|poke|p1|Grimmsnarl, L50, M, shiny|
|poke|p1|Charizard, L50, F, shiny|
|poke|p1|Toxapex, L50, M, shiny|
|poke|p2|Froslass, L50, F|
|poke|p2|Scovillain, L50, M|
|poke|p2|Sneasler, L50, F|
|poke|p2|Lycanroc, L50, F|
|poke|p2|Kingambit, L50, F|
|poke|p2|Whimsicott, L50, M|
|teampreview|4
|showteam|p1|Hydreigon||ChoiceScarf|Levitate|HeatWave,DarkPulse,DracoMeteor,Snarl|Modest||M|||50|]Garchomp||LifeOrb|RoughSkin|Protect,RockSlide,DragonClaw,Earthquake|Jolly||F|||50|]Metagross||Metagrossite|ClearBody|Protect,HammerArm,BulletPunch,IronHead|Brave|||||50|]Grimmsnarl||RoseliBerry|Prankster|FakeOut,LightScreen,Reflect,PartingShot|Sassy||M|||50|]Charizard||CharizarditeY|Blaze|Protect,HeatWave,SolarBeam,WeatherBall|Timid||F|||50|]Toxapex||Leftovers|Regenerator|Infestation,Toxic,BanefulBunker,WideGuard|Relaxed||M|||50|
|showteam|p2|Froslass||Froslassite|CursedBody|AuroraVeil,Blizzard,Protect,ShadowBall|Modest||F|||50|]Scovillain||Scovillainite|Moody|RagePowder,Overheat,LeafStorm,Protect|Bold||M|||50|]Sneasler||WhiteHerb|Unburden|FakeOut,CloseCombat,DireClaw,Coaching|Adamant||F|||50|]Lycanroc||FocusSash|SandRush|CloseCombat,RockSlide,Accelerock,Protect|Adamant||F|||50|]Kingambit||BlackGlasses|Defiant|KowtowCleave,SuckerPunch,SwordsDance,Protect|Adamant||F|||50|]Whimsicott||CobaBerry|Prankster|Tailwind,Encore,Moonblast,Protect|Bold||M|||50|
|inactive|Battle timer is ON: inactive players will automatically lose when time's up. (requested by blazennn)
|
|t:|1782497068
|teamsize|p1|4
|teamsize|p2|4
|start
|switch|p1a: Grimmsnarl|Grimmsnarl, L50, M, shiny|100/100
|switch|p1b: Charizard|Charizard, L50, F, shiny|100/100
|switch|p2a: Lycanroc|Lycanroc, L50, F|100/100
|switch|p2b: Froslass|Froslass, L50, F|100/100
|turn|1
|
|t:|1782497079
|detailschange|p1b: Charizard|Charizard-Mega-Y, L50, F, shiny
|-mega|p1b: Charizard|Charizard|Charizardite Y
|-weather|SunnyDay|[from] ability: Drought|[of] p1b: Charizard
|move|p2a: Lycanroc|Protect|p2a: Lycanroc
|-singleturn|p2a: Lycanroc|Protect
|move|p2b: Froslass|Protect|p2b: Froslass
|-singleturn|p2b: Froslass|Protect
|move|p1a: Grimmsnarl|Fake Out|p2a: Lycanroc
|-activate|p2a: Lycanroc|move: Protect
|move|p1b: Charizard|Weather Ball|p2b: Froslass
|-activate|p2b: Froslass|move: Protect
|
|-weather|SunnyDay|[upkeep]
|upkeep
|turn|2
|
|t:|1782497090
|detailschange|p2b: Froslass|Froslass-Mega, L50, F
|-mega|p2b: Froslass|Froslass|Froslassite
|-weather|Snowscape|[from] ability: Snow Warning|[of] p2b: Froslass
|move|p1b: Charizard|Protect|p1b: Charizard
|-singleturn|p1b: Charizard|Protect
|move|p2a: Lycanroc|Accelerock|p1b: Charizard
|-activate|p1b: Charizard|move: Protect
|move|p1a: Grimmsnarl|Light Screen|p1a: Grimmsnarl
|-sidestart|p1: testdigi|move: Light Screen
|move|p2b: Froslass|Aurora Veil|p2b: Froslass
|-sidestart|p2: blazennn|move: Aurora Veil
|
|-weather|Snowscape|[upkeep]
|upkeep
|turn|3
|
|t:|1782497108
|switch|p1b: Toxapex|Toxapex, L50, M, shiny|100/100
|move|p1a: Grimmsnarl|Reflect|p1a: Grimmsnarl
|-sidestart|p1: testdigi|Reflect
|move|p2b: Froslass|Blizzard|p1b: Toxapex|[spread] p1a,p1b
|-resisted|p1b: Toxapex|1
|-damage|p1a: Grimmsnarl|68/100
|-damage|p1b: Toxapex|86/100
|move|p2a: Lycanroc|Rock Slide|p1a: Grimmsnarl|[spread] p1a,p1b
|-damage|p1a: Grimmsnarl|50/100g
|-damage|p1b: Toxapex|75/100
|
|-weather|Snowscape|[upkeep]
|-heal|p1b: Toxapex|80/100|[from] item: Leftovers
|upkeep
|turn|4
|
|t:|1782497127
|switch|p2a: Whimsicott|Whimsicott, L50, M|100/100
|move|p1a: Grimmsnarl|Parting Shot|p2b: Froslass
|-unboost|p2b: Froslass|atk|1
|-unboost|p2b: Froslass|spa|1
|
|t:|1782497132
|switch|p1a: Charizard|Charizard-Mega-Y, L50, F, shiny|100/100|[from] Parting Shot
|-weather|SunnyDay|[from] ability: Drought|[of] p1a: Charizard
|move|p2b: Froslass|Shadow Ball|p1b: Toxapex
|-damage|p1b: Toxapex|64/100
|move|p1b: Toxapex|Infestation|p2b: Froslass
|-resisted|p2b: Froslass|1
|-damage|p2b: Froslass|98/100
|-activate|p2b: Froslass|move: Infestation|[of] p1b: Toxapex
|
|-weather|SunnyDay|[upkeep]
|-heal|p1b: Toxapex|70/100|[from] item: Leftovers
|-damage|p2b: Froslass|86/100|[from] move: Infestation|[partiallytrapped]
|upkeep
|turn|5
|
|t:|1782497146
|move|p2b: Froslass|Protect|p2b: Froslass
|-singleturn|p2b: Froslass|Protect
|move|p2a: Whimsicott|Encore|p1b: Toxapex
|-start|p1b: Toxapex|Encore
|move|p1a: Charizard|Heat Wave|p2b: Froslass|[spread] p2a
|-activate|p2b: Froslass|move: Protect
|-supereffective|p2a: Whimsicott|1
|-damage|p2a: Whimsicott|1/100
|move|p1b: Toxapex|Infestation|p2b: Froslass
|-activate|p2b: Froslass|move: Protect
|
|-weather|SunnyDay|[upkeep]
|-heal|p1b: Toxapex|75/100|[from] item: Leftovers
|-damage|p2b: Froslass|74/100|[from] move: Infestation|[partiallytrapped]
|upkeep
|turn|6
|
|t:|1782497156
|move|p2a: Whimsicott|Tailwind|p2a: Whimsicott
|-sidestart|p2: blazennn|move: Tailwind
|move|p2b: Froslass|Shadow Ball|p1a: Charizard
|-damage|p1a: Charizard|80/100
|move|p1a: Charizard|Heat Wave|p2a: Whimsicott|[spread] p2a,p2b
|-supereffective|p2a: Whimsicott|1
|-supereffective|p2b: Froslass|1
|-damage|p2a: Whimsicott|0 fnt
|-damage|p2b: Froslass|0 fnt
|faint|p2a: Whimsicott
|faint|p2b: Froslass
|move|p1b: Toxapex|Infestation|p2: Whimsicott|[notarget]
|-fail|p1b: Toxapex
|
|-weather|SunnyDay|[upkeep]
|-heal|p1b: Toxapex|81/100|[from] item: Leftovers
|-sideend|p1: testdigi|move: Light Screen
|-sideend|p2: blazennn|move: Aurora Veil
|upkeep
|
|t:|1782497159
|switch|p2b: Sneasler|Sneasler, L50, F|100/100
|switch|p2a: Lycanroc|Lycanroc, L50, F|100/100
|turn|7
|
|t:|1782497168
|move|p1a: Charizard|Protect|p1a: Charizard
|-singleturn|p1a: Charizard|Protect
|move|p2b: Sneasler|Fake Out|p1b: Toxapex
|-damage|p1b: Toxapex|74/100
|move|p2a: Lycanroc|Rock Slide|p1a: Charizard|[spread] p1b
|-activate|p1a: Charizard|move: Protect
|-damage|p1b: Toxapex|61/100
|cant|p1b: Toxapex|flinch
|
|-weather|SunnyDay|[upkeep]
|-heal|p1b: Toxapex|67/100|[from] item: Leftovers
|-end|p1b: Toxapex|Encore
|-sideend|p1: testdigi|Reflect
|upkeep
|turn|8
|
|t:|1782497181
|switch|p1a: Garchomp|Garchomp, L50, F|100/100
|move|p2a: Lycanroc|Rock Slide|p1b: Toxapex|[spread] p1a,p1b
|-resisted|p1a: Garchomp|1
|-damage|p1a: Garchomp|85/100
|-damage|p1b: Toxapex|48/100
|move|p2b: Sneasler|Dire Claw|p1b: Toxapex
|-resisted|p1b: Toxapex|1
|-damage|p1b: Toxapex|35/100
|move|p1b: Toxapex|Toxic|p2a: Lycanroc
|-status|p2a: Lycanroc|tox
|
|-weather|none
|-heal|p1b: Toxapex|40/100|[from] item: Leftovers
|-damage|p2a: Lycanroc|94/100 tox|[from] psn
|upkeep
|turn|9
|
|t:|1782497201
|move|p1a: Garchomp|Protect|p1a: Garchomp
|-singleturn|p1a: Garchomp|Protect
|move|p2a: Lycanroc|Close Combat|p1a: Garchomp
|-activate|p1a: Garchomp|move: Protect
|move|p2b: Sneasler|Close Combat|p1a: Garchomp
|-activate|p1a: Garchomp|move: Protect
|move|p1b: Toxapex|Infestation|p2b: Sneasler
|-resisted|p2b: Sneasler|2
|-damage|p2b: Sneasler|99/100
|-activate|p2b: Sneasler|move: Infestation|[of] p1b: Toxapex
|
|-heal|p1b: Toxapex|46/100|[from] item: Leftovers
|-damage|p2a: Lycanroc|82/100 tox|[from] psn
|-damage|p2b: Sneasler|86/100|[from] move: Infestation|[partiallytrapped]
|-sideend|p2: blazennn|move: Tailwind
|upkeep
|turn|10
|
|t:|1782497215
|move|p1b: Toxapex|Wide Guard|p1b: Toxapex
|-singleturn|p1b: Toxapex|Wide Guard
|move|p1a: Garchomp|Earthquake|p2a: Lycanroc|[spread] p2a,p2b
|-activate|p1b: Toxapex|move: Wide Guard
|-supereffective|p2a: Lycanroc|1
|-crit|p2a: Lycanroc
|-supereffective|p2b: Sneasler|1
|-damage|p2a: Lycanroc|0 fnt
|-damage|p2b: Sneasler|0 fnt
|faint|p2a: Lycanroc
|faint|p2b: Sneasler
|-damage|p1a: Garchomp|75/100|[from] item: Life Orb
|
|win|testdigi
||testdigi is ready for game 3.
||blazennn is ready for game 3.
|uhtml|next|Next: Game 3 of 3
