|j|☆Bay13
|j|☆sum1dum
|html|Bay13sum1dum    
|uhtml|bestof|Game 2 of a best-of-3
|t:|1784766772
|gametype|doubles
|player|p1|Bay13|266|1130
|player|p2|sum1dum|rosa|1140
|gen|9
|tier|[Gen 9 Champions] VGC 2026 Reg M-B (Bo3)
|rated|
|rule|Species Clause: Limit one of each Pokémon
|rule|Item Clause: Limit 1 of each item
|clearpoke
|poke|p1|Golurk, L50|
|poke|p1|Farigiraf, L50, F|
|poke|p1|Meganium, L50, F|
|poke|p1|Whimsicott, L50, M|
|poke|p1|Incineroar, L50, M|
|poke|p1|Basculegion, L50, M|
|poke|p2|Tyranitar, L50, F|
|poke|p2|Excadrill, L50, F|
|poke|p2|Meganium, L50, M|
|poke|p2|Corviknight, L50, M|
|poke|p2|Basculegion, L50, M|
|poke|p2|Kommo-o, L50, M, shiny|
|teampreview|4
|showteam|p1|Golurk||Golurkite|IronFist|HeadlongRush,ShadowPunch,CloseCombat,Protect|Adamant|||||50|]Farigiraf||SitrusBerry|ArmorTail|Psychic,Thunderbolt,HelpingHand,TrickRoom|Quiet||F|||50|]Meganium||Meganiumite|Overgrow|SolarBeam,WeatherBall,Synthesis,Protect|Timid||F|||50|]Whimsicott||FocusSash|Prankster|Moonblast,Tailwind,Encore,WorrySeed|Bold||M|||50|]Incineroar||WhiteHerb|Intimidate|FakeOut,FlareBlitz,DarkestLariat,CloseCombat|Adamant||M|||50|]Basculegion||ChoiceScarf|Adaptability|WaveCrash,LastRespects,AquaJet,PsychicFangs|Jolly||M|||50|
|showteam|p2|Tyranitar||Tyranitarite|SandStream|KnockOff,RockSlide,Protect,IcePunch|Adamant||F|||50|]Excadrill||FocusSash|SandRush|HighHorsepower,IronHead,RockSlide,Protect|Jolly||F|||50|]Meganium||Meganiumite|LeafGuard|WeatherBall,DazzlingGleam,SolarBeam,Protect|Modest||M|||50|]Corviknight||Leftovers|MirrorArmor|BraveBird,Roost,Tailwind,IronHead|Impish||M|||50|]Basculegion||ChoiceScarf|Adaptability|AquaJet,FlipTurn,LastRespects,WaveCrash|Adamant||M|||50|]Kommo-o||SitrusBerry|Overcoat|ClangorousSoul,ClangingScales,AuraSphere,Protect|Modest||M|||50|
|inactive|Battle timer is ON: inactive players will automatically lose when time's up. (requested by sum1dum)
|
|t:|1784766786
|teamsize|p1|4
|teamsize|p2|4
|start
|switch|p1a: Incineroar|Incineroar, L50, M|100/100
|switch|p1b: Meganium|Meganium, L50, F|100/100
|switch|p2a: Larinoth|Meganium, L50, M|100/100
|switch|p2b: Kushala Daora|Corviknight, L50, M|100/100
|-ability|p1a: Incineroar|Intimidate|boost
|-unboost|p2a: Larinoth|atk|1
|-ability|p2b: Kushala Daora|Mirror Armor
|-unboost|p1a: Incineroar|atk|1
|-enditem|p1a: Incineroar|White Herb
|-clearnegativeboost|p1a: Incineroar|[silent]
|turn|1
|
|t:|1784766806
|switch|p2b: Diablos|Tyranitar, L50, F|100/100
|-weather|Sandstorm|[from] ability: Sand Stream|[of] p2b: Diablos
|detailschange|p1b: Meganium|Meganium-Mega, L50, F
|-mega|p1b: Meganium|Meganium|Meganiumite
|detailschange|p2a: Larinoth|Meganium-Mega, L50, M
|-mega|p2a: Larinoth|Meganium|Meganiumite
|move|p1a: Incineroar|Fake Out|p2a: Larinoth
|-damage|p2a: Larinoth|88/100
|move|p1b: Meganium|Weather Ball|p2b: Diablos
|-resisted|p2b: Diablos|1
|-damage|p2b: Diablos|77/100
|cant|p2a: Larinoth|flinch
|
|-weather|Sandstorm|[upkeep]
|-damage|p1b: Meganium|94/100|[from] Sandstorm
|-damage|p2a: Larinoth|82/100|[from] Sandstorm
|-damage|p1a: Incineroar|94/100|[from] Sandstorm
|upkeep
|turn|2
|
|t:|1784766824
|switch|p1b: Basculegion|Basculegion, L50, M|100/100
|move|p2b: Diablos|Protect|p2b: Diablos
|-singleturn|p2b: Diablos|Protect
|move|p2a: Larinoth|Weather Ball|p1b: Basculegion
|-resisted|p1b: Basculegion|1
|-damage|p1b: Basculegion|64/100
|move|p1a: Incineroar|Close Combat|p2b: Diablos
|-activate|p2b: Diablos|move: Protect
|
|-weather|Sandstorm|[upkeep]
|-damage|p1b: Basculegion|58/100|[from] Sandstorm
|-damage|p2a: Larinoth|76/100|[from] Sandstorm
|-damage|p1a: Incineroar|88/100|[from] Sandstorm
|upkeep
|turn|3
|
|t:|1784766845
|switch|p2b: Kushala Daora|Corviknight, L50, M|100/100
|switch|p1a: Whimsicott|Whimsicott, L50, M|100/100
|move|p1b: Basculegion|Wave Crash|p2b: Kushala Daora
|-damage|p2b: Kushala Daora|51/100
|-damage|p1b: Basculegion|41/100|[from] Recoil
|move|p2a: Larinoth|Solar Beam||[still]
|-prepare|p2a: Larinoth|Solar Beam
|-activate|p2a: Larinoth|ability: Mega Sol
|-anim|p2a: Larinoth|Solar Beam|p1b: Basculegion
|-supereffective|p1b: Basculegion|1
|-damage|p1b: Basculegion|0 fnt
|faint|p1b: Basculegion
|
|-weather|Sandstorm|[upkeep]
|-damage|p1a: Whimsicott|94/100|[from] Sandstorm
|-damage|p2a: Larinoth|70/100|[from] Sandstorm
|-heal|p2b: Kushala Daora|57/100|[from] item: Leftovers
|upkeep
|
|t:|1784766851
|switch|p1b: Meganium|Meganium-Mega, L50, F|94/100
|turn|4
|
|t:|1784766867
|move|p1a: Whimsicott|Tailwind|p1a: Whimsicott
|-sidestart|p1: Bay13|move: Tailwind
|move|p1b: Meganium|Weather Ball|p2b: Kushala Daora
|-supereffective|p2b: Kushala Daora|1
|-damage|p2b: Kushala Daora|0 fnt
|faint|p2b: Kushala Daora
|move|p2a: Larinoth|Weather Ball|p1a: Whimsicott
|-supereffective|p1a: Whimsicott|1
|-damage|p1a: Whimsicott|0 fnt
|faint|p1a: Whimsicott
|
|-weather|Sandstorm|[upkeep]
|-damage|p1b: Meganium|88/100|[from] Sandstorm
|-damage|p2a: Larinoth|64/100|[from] Sandstorm
|upkeep
|
|t:|1784766876
|switch|p1a: Incineroar|Incineroar, L50, M|88/100
|switch|p2b: Nibelsnarf|Excadrill, L50, F|100/100
|-ability|p1a: Incineroar|Intimidate|boost
|-unboost|p2a: Larinoth|atk|1
|-unboost|p2b: Nibelsnarf|atk|1
|turn|5
|
|t:|1784766890
|move|p1a: Incineroar|Fake Out|p2b: Nibelsnarf
|-resisted|p2b: Nibelsnarf|1
|-damage|p2b: Nibelsnarf|89/100
|cant|p2b: Nibelsnarf|flinch
|move|p1b: Meganium|Weather Ball|p2a: Larinoth
|-supereffective|p2a: Larinoth|1
|-damage|p2a: Larinoth|0 fnt
|faint|p2a: Larinoth
|
|-weather|none
|upkeep
|
|t:|1784766892
|switch|p2a: Diablos|Tyranitar, L50, F|77/100
|-weather|Sandstorm|[from] ability: Sand Stream|[of] p2a: Diablos
|turn|6
|
|t:|1784766904
|move|p2b: Nibelsnarf|Iron Head|p1b: Meganium
|-supereffective|p1b: Meganium|1
|-damage|p1b: Meganium|27/100
|move|p1b: Meganium|Weather Ball|p2b: Nibelsnarf
|-supereffective|p2b: Nibelsnarf|1
|-damage|p2b: Nibelsnarf|0 fnt
|faint|p2b: Nibelsnarf
|move|p1a: Incineroar|Close Combat|p2a: Diablos
|-supereffective|p2a: Diablos|2
|-damage|p2a: Diablos|0 fnt
|-unboost|p1a: Incineroar|def|1
|-unboost|p1a: Incineroar|spd|1
|faint|p2a: Diablos
|
|win|Bay13
