|j|☆Bruthathechosen
|j|☆Chavo666
|html|BruthathechosenChavo666    
|uhtml|bestof|Game 1 of a best-of-3
|t:|1756995032
|gametype|doubles
|player|p1|Bruthathechosen|lady-gen4|1118
|player|p2|Chavo666|policeman-gen4|1073
|gen|9
|tier|[Gen 9] VGC 2025 Reg H (Bo3)
|rated|
|rule|Species Clause: Limit one of each Pokémon
|rule|Item Clause: Limit 1 of each item
|clearpoke
|poke|p1|Kingambit, L50, M|
|poke|p1|Rillaboom, L50, M|
|poke|p1|Hydreigon, L50, F|
|poke|p1|Sneasler, L50, F|
|poke|p1|Electabuzz, L50, F|
|poke|p1|Volcarona, L50, F|
|poke|p2|Reuniclus, L50, F|
|poke|p2|Indeedee-F, L50, F|
|poke|p2|Torkoal, L50, F|
|poke|p2|Gastrodon, L50, M|
|poke|p2|Venusaur, L50, M|
|poke|p2|Incineroar, L50, F|
|teampreview|4
|showteam|p1|Kingambit||BlackGlasses|Defiant|SuckerPunch,KowtowCleave,SwordsDance,Protect|||M|||50|,,,,,Dark]Rillaboom||AssaultVest|GrassySurge|FakeOut,GrassyGlide,HighHorsepower,Uturn|||M|||50|,,,,,Water]Hydreigon||ChoiceSpecs|Levitate|DarkPulse,DracoMeteor,Snarl,Uturn|||F|||50|,,,,,Ghost]Sneasler||GrassySeed|Unburden|FakeOut,CloseCombat,DireClaw,Protect|||F|||50|,,,,,Fighting]Electabuzz||Eviolite|VitalSpirit|Taunt,Thunderbolt,FollowMe,Protect|||F|||50|,,,,,Dragon]Volcarona||CovertCloak|FlameBody|QuiverDance,HeatWave,TeraBlast,Protect|||F|||50|,,,,,Fairy
|showteam|p2|Reuniclus||LifeOrb|Regenerator|ExpandingForce,Encore,TrickRoom,TeraBlast|||F|||50|,,,,,Fairy]Indeedee-F||PsychicSeed|PsychicSurge|DazzlingGleam,FollowMe,HelpingHand,TrickRoom|||F|||50|,,,,,Fairy]Torkoal||ChoiceSpecs|Drought|HeatWave,Eruption,EarthPower,SolarBeam|||F|||50|,,,,,Fire]Gastrodon||Leftovers|StormDrain|EarthPower,IceBeam,Recover,Yawn|||M|||50|,,,,,Fire]Venusaur||SitrusBerry|Chlorophyll|SleepPowder,SludgeBomb,GigaDrain,Protect|||M|||50|,,,,,Fire]Incineroar||SafetyGoggles|Intimidate|FakeOut,PartingShot,FlareBlitz,KnockOff|||F|||50|,,,,,Fire
|
|t:|1756995065
|teamsize|p1|4
|teamsize|p2|4
|start
|switch|p1a: Electabuzz|Electabuzz, L50, F|100/100
|switch|p1b: Hydreigon|Hydreigon, L50, F|100/100
|switch|p2a: Venusaur|Venusaur, L50, M, shiny|100/100
|switch|p2b: Torkoal|Torkoal, L50, F|100/100
|-weather|SunnyDay|[from] ability: Drought|[of] p2b: Torkoal
|turn|1
|
|t:|1756995094
|move|p1a: Electabuzz|Follow Me|p1a: Electabuzz
|-singleturn|p1a: Electabuzz|move: Follow Me
|move|p2a: Venusaur|Sludge Bomb|p1a: Electabuzz
|-damage|p1a: Electabuzz|76/100
|move|p1b: Hydreigon|Snarl|p2a: Venusaur|[spread] p2a,p2b
|-damage|p2a: Venusaur|62/100
|-damage|p2b: Torkoal|61/100
|-unboost|p2a: Venusaur|spa|1
|-unboost|p2b: Torkoal|spa|1
|move|p2b: Torkoal|Heat Wave|p1b: Hydreigon|[spread] p1a,p1b
|-resisted|p1b: Hydreigon
|-damage|p1a: Electabuzz|39/100
|-damage|p1b: Hydreigon|77/100
|
|-weather|SunnyDay|[upkeep]
|upkeep
|turn|2
|
|t:|1756995118
|switch|p2b: Incineroar|Incineroar, L50, F|100/100
|-ability|p2b: Incineroar|Intimidate|boost
|-unboost|p1a: Electabuzz|atk|1
|-unboost|p1b: Hydreigon|atk|1
|move|p1a: Electabuzz|Follow Me|p1a: Electabuzz
|-singleturn|p1a: Electabuzz|move: Follow Me
|move|p2a: Venusaur|Sludge Bomb|p1a: Electabuzz
|-damage|p1a: Electabuzz|21/100
|move|p1b: Hydreigon|Snarl|p2a: Venusaur|[spread] p2a,p2b
|-resisted|p2b: Incineroar
|-damage|p2a: Venusaur|24/100
|-damage|p2b: Incineroar|87/100
|-unboost|p2a: Venusaur|spa|1
|-unboost|p2b: Incineroar|spa|1
|-enditem|p2a: Venusaur|Sitrus Berry|[eat]
|-heal|p2a: Venusaur|49/100|[from] item: Sitrus Berry
|
|-weather|SunnyDay|[upkeep]
|upkeep
|turn|3
|
|t:|1756995150
|switch|p1b: Kingambit|Kingambit, L50, M|100/100
|move|p1a: Electabuzz|Protect|p1a: Electabuzz
|-singleturn|p1a: Electabuzz|Protect
|move|p2b: Incineroar|Fake Out|p1b: Kingambit
|-resisted|p1b: Kingambit
|-damage|p1b: Kingambit|97/100
|move|p2a: Venusaur|Sludge Bomb|p1a: Electabuzz
|-activate|p1a: Electabuzz|move: Protect
|
|-weather|SunnyDay|[upkeep]
|upkeep
|turn|4
|
|t:|1756995183
|switch|p2a: Torkoal|Torkoal, L50, F|61/100
|move|p1b: Kingambit|Protect|p1b: Kingambit
|-singleturn|p1b: Kingambit|Protect
|move|p1a: Electabuzz|Taunt|p2a: Torkoal
|-start|p2a: Torkoal|move: Taunt
|move|p2b: Incineroar|Flare Blitz|p1a: Electabuzz
|-crit|p1a: Electabuzz
|-damage|p1a: Electabuzz|0 fnt
|faint|p1a: Electabuzz
|-damage|p2b: Incineroar|80/100|[from] Recoil
|
|-weather|SunnyDay|[upkeep]
|upkeep
|
|t:|1756995186
|switch|p1a: Hydreigon|Hydreigon, L50, F|77/100
|turn|5
|
|t:|1756995208
|-terastallize|p2b: Incineroar|Fire
|-terastallize|p1b: Kingambit|Dark
|move|p1b: Kingambit|Sucker Punch|p2a: Torkoal
|-damage|p2a: Torkoal|2/100
|move|p1a: Hydreigon|Draco Meteor|p2b: Incineroar
|-damage|p2b: Incineroar|0 fnt
|-unboost|p1a: Hydreigon|spa|2
|faint|p2b: Incineroar
|move|p2a: Torkoal|Heat Wave|p1b: Kingambit|[spread] p1a
|-miss|p2a: Torkoal|p1b: Kingambit
|-resisted|p1a: Hydreigon
|-damage|p1a: Hydreigon|45/100
|
|-weather|none
|upkeep
|
|t:|1756995226
|switch|p2b: Gastrodon|Gastrodon, L50, M|100/100
|turn|6
|
|t:|1756995235
|switch|p1a: Rillaboom|Rillaboom, L50, M|100/100
|-fieldstart|move: Grassy Terrain|[from] ability: Grassy Surge|[of] p1a: Rillaboom
|switch|p2a: Venusaur|Venusaur, L50, M, shiny|49/100
|move|p1b: Kingambit|Kowtow Cleave|p2b: Gastrodon
|-damage|p2b: Gastrodon|29/100
|move|p2b: Gastrodon|Earth Power|p1b: Kingambit
|-damage|p1b: Kingambit|65/100
|
|-heal|p2a: Venusaur|55/100|[from] Grassy Terrain
|-heal|p1b: Kingambit|70/100|[from] Grassy Terrain
|-heal|p2b: Gastrodon|35/100|[from] Grassy Terrain
|-heal|p2b: Gastrodon|41/100|[from] item: Leftovers
|upkeep
|turn|7
|
|t:|1756995260
|switch|p2b: Torkoal|Torkoal, L50, F|2/100
|-weather|SunnyDay|[from] ability: Drought|[of] p2b: Torkoal
|move|p1a: Rillaboom|Grassy Glide|p2b: Torkoal
|-resisted|p2b: Torkoal
|-crit|p2b: Torkoal
|-damage|p2b: Torkoal|0 fnt
|faint|p2b: Torkoal
|move|p1b: Kingambit|Sucker Punch||[still]
|-fail|p1b: Kingambit
|move|p2a: Venusaur|Sleep Powder|p1b: Kingambit
|-status|p1b: Kingambit|slp|[from] move: Sleep Powder
|
|-weather|SunnyDay|[upkeep]
|-heal|p2a: Venusaur|60/100|[from] Grassy Terrain
|-heal|p1b: Kingambit|76/100 slp|[from] Grassy Terrain
|upkeep
|
|t:|1756995275
|switch|p2b: Gastrodon|Gastrodon, L50, M|41/100
|turn|8
|
|t:|1756995286
|move|p1a: Rillaboom|Grassy Glide|p2b: Gastrodon
|-supereffective|p2b: Gastrodon
|-damage|p2b: Gastrodon|0 fnt
|faint|p2b: Gastrodon
|move|p2a: Venusaur|Sludge Bomb|p1a: Rillaboom
|-supereffective|p1a: Rillaboom
|-damage|p1a: Rillaboom|59/100
|cant|p1b: Kingambit|slp
|
|-weather|SunnyDay|[upkeep]
|-heal|p2a: Venusaur|66/100|[from] Grassy Terrain
|-heal|p1a: Rillaboom|65/100|[from] Grassy Terrain
|-heal|p1b: Kingambit|82/100 slp|[from] Grassy Terrain
|upkeep
|turn|9
|
|t:|1756995301
|move|p2a: Venusaur|Sludge Bomb|p1a: Rillaboom
|-supereffective|p1a: Rillaboom
|-damage|p1a: Rillaboom|23/100
|move|p1a: Rillaboom|High Horsepower|p2a: Venusaur
|-damage|p2a: Venusaur|32/100
|cant|p1b: Kingambit|slp
|
|-weather|SunnyDay|[upkeep]
|-heal|p2a: Venusaur|38/100|[from] Grassy Terrain
|-heal|p1a: Rillaboom|29/100|[from] Grassy Terrain
|-heal|p1b: Kingambit|88/100 slp|[from] Grassy Terrain
|upkeep
|turn|10
|
|t:|1756995313
|switch|p1a: Hydreigon|Hydreigon, L50, F|45/100
|cant|p1b: Kingambit|slp
|move|p2a: Venusaur|Sludge Bomb|p1a: Hydreigon
|-damage|p1a: Hydreigon|13/100
|-status|p1a: Hydreigon|psn
|
|-weather|SunnyDay|[upkeep]
|-heal|p2a: Venusaur|44/100|[from] Grassy Terrain
|-heal|p1b: Kingambit|94/100 slp|[from] Grassy Terrain
|-damage|p1a: Hydreigon|0 fnt|[from] psn
|faint|p1a: Hydreigon
|-fieldend|move: Grassy Terrain
|upkeep
|
|t:|1756995321
|switch|p1a: Rillaboom|Rillaboom, L50, M|29/100
|-fieldstart|move: Grassy Terrain|[from] ability: Grassy Surge|[of] p1a: Rillaboom
|turn|11
|
|t:|1756995329
|move|p2a: Venusaur|Protect|p2a: Venusaur
|-singleturn|p2a: Venusaur|Protect
|move|p1a: Rillaboom|Fake Out|p2a: Venusaur
|-activate|p2a: Venusaur|move: Protect
|-curestatus|p1b: Kingambit|slp|[msg]
|move|p1b: Kingambit|Swords Dance|p1b: Kingambit
|-boost|p1b: Kingambit|atk|2
|
|-weather|none
|-heal|p2a: Venusaur|50/100|[from] Grassy Terrain
|-heal|p1a: Rillaboom|35/100|[from] Grassy Terrain
|-heal|p1b: Kingambit|99/100|[from] Grassy Terrain
|upkeep
|turn|12
|
|t:|1756995344
|move|p2a: Venusaur|Sleep Powder|p1b: Kingambit
|-status|p1b: Kingambit|slp|[from] move: Sleep Powder
|move|p1a: Rillaboom|High Horsepower|p2a: Venusaur
|-damage|p2a: Venusaur|17/100
|cant|p1b: Kingambit|slp
|
|-heal|p2a: Venusaur|23/100|[from] Grassy Terrain
|-heal|p1a: Rillaboom|41/100|[from] Grassy Terrain
|-heal|p1b: Kingambit|100/100 slp|[from] Grassy Terrain
|upkeep
|turn|13
|
|t:|1756995367
|-curestatus|p1b: Kingambit|slp|[msg]
|move|p1b: Kingambit|Sucker Punch|p2a: Venusaur
|-damage|p2a: Venusaur|0 fnt
|faint|p2a: Venusaur
|
|win|Bruthathechosen
||Chavo666 is ready for game 2.
||Bruthathechosen is ready for game 2.
|uhtml|next|Next: Game 2 of 3
