|j|☆Djenis18
|j|☆TheRealCideR2
|html|Djenis18TheRealCideR2    
|uhtml|bestof|Game 2 of a best-of-3
|t:|1783620739
|gametype|doubles
|player|p1|Djenis18|lucas|
|player|p2|TheRealCideR2|pokemaniac|
|gen|9
|tier|[Gen 9 Champions] VGC 2026 Reg M-B (Bo3)
|rule|Species Clause: Limit one of each Pokémon
|rule|Item Clause: Limit 1 of each item
|clearpoke
|poke|p1|Aerodactyl, L50, M, shiny|
|poke|p1|Pelipper, L50, F, shiny|
|poke|p1|Conkeldurr, L50, M, shiny|
|poke|p1|Sableye, L50, F, shiny|
|poke|p1|Sceptile, L50, F, shiny|
|poke|p1|Samurott-Hisui, L50, F, shiny|
|poke|p2|Gengar, L50, M|
|poke|p2|Talonflame, L50, M|
|poke|p2|Tsareena, L50, F|
|poke|p2|Barbaracle, L50, M|
|poke|p2|Vanilluxe, L50, M|
|poke|p2|Bastiodon, L50, F|
|teampreview|4
|showteam|p1|Aerodactyl||FocusSash|Unnerve|Tailwind,RockSlide,IceFang,Protect|Adamant||M|||50|]Pelipper||SitrusBerry|Drizzle|Tailwind,WeatherBall,WideGuard,Hurricane|Modest||F|||50|]Conkeldurr||LumBerry|SheerForce|DrainPunch,ThunderPunch,Protect,MachPunch|Adamant||M|||50|]Sableye||LightClay|Prankster|LightScreen,Reflect,WillOWisp,Encore|Bold||F|||50|]Sceptile||Sceptilite|Overgrow|DragonPulse,EarthPower,Detect,EnergyBall|Modest||F|||50|]Samurott-Hisui||BlackGlasses|Sharpness|AquaCutter,NightSlash,Protect,SuckerPunch|Modest||F|||50|
|showteam|p2|Gengar||Gengarite|CursedBody|DestinyBond,ShadowBall,SludgeBomb,Protect|Timid||M|||50|]Talonflame||SharpBeak|FlameBody|DualWingbeat,Tailwind,Protect,FlareBlitz|Jolly||M|||50|]Tsareena||ChoiceScarf|QueenlyMajesty|TripleAxel,TropKick,LowKick,Uturn|Jolly||F|||50|]Barbaracle||Barbaracite|ToughClaws|RockSlide,ShellSmash,CloseCombat,Protect|Adamant||M|||50|]Vanilluxe||FocusSash|SnowWarning|AuroraVeil,Blizzard,Protect,IcyWind|Calm||M|||50|]Bastiodon||ChopleBerry|Soundproof|BodyPress,WideGuard,Roar,HeavySlam|Impish||F|||50|
|
|t:|1783620766
|teamsize|p1|4
|teamsize|p2|4
|start
|switch|p1a: Aerodactyl|Aerodactyl, L50, M, shiny|100/100
|switch|p1b: Pelipper|Pelipper, L50, F, shiny|100/100
|switch|p2a: Talonflame|Talonflame, L50, M|100/100
|switch|p2b: Tsareena|Tsareena, L50, F|100/100
|-ability|p1a: Aerodactyl|Unnerve
|-weather|RainDance|[from] ability: Drizzle|[of] p1b: Pelipper
|turn|1
|
|t:|1783620784
|move|p1a: Aerodactyl|Protect|p1a: Aerodactyl
|-singleturn|p1a: Aerodactyl|Protect
|move|p2b: Tsareena|Triple Axel|p1a: Aerodactyl
|-activate|p1a: Aerodactyl|move: Protect
|move|p2a: Talonflame|Tailwind|p2a: Talonflame
|-sidestart|p2: TheRealCideR2|move: Tailwind
|move|p1b: Pelipper|Tailwind|p1b: Pelipper
|-sidestart|p1: Djenis18|move: Tailwind
|
|-weather|RainDance|[upkeep]
|upkeep
|turn|2
|
|t:|1783620811
|move|p2a: Talonflame|Protect|p2a: Talonflame
|-singleturn|p2a: Talonflame|Protect
|move|p2b: Tsareena|Triple Axel|p1a: Aerodactyl
|-supereffective|p1a: Aerodactyl|1
|-damage|p1a: Aerodactyl|78/100
|-supereffective|p1a: Aerodactyl|1
|-damage|p1a: Aerodactyl|36/100
|-supereffective|p1a: Aerodactyl|1
|-damage|p1a: Aerodactyl|0 fnt
|faint|p1a: Aerodactyl
|-hitcount|p1: Aerodactyl|3
|move|p1b: Pelipper|Hurricane|p2b: Tsareena
|-supereffective|p2b: Tsareena|1
|-damage|p2b: Tsareena|0 fnt
|faint|p2b: Tsareena
|
|-weather|RainDance|[upkeep]
|upkeep
|
|t:|1783620832
|switch|p1a: Conkeldurr|Conkeldurr, L50, M, shiny|100/100
|switch|p2b: Gengar|Gengar, L50, M|100/100
|turn|3
|
|t:|1783620850
|detailschange|p2b: Gengar|Gengar-Mega, L50, M
|-mega|p2b: Gengar|Gengar|Gengarite
|move|p2b: Gengar|Sludge Bomb|p1a: Conkeldurr
|-damage|p1a: Conkeldurr|15/100
|move|p2a: Talonflame|Dual Wingbeat|p1a: Conkeldurr
|-supereffective|p1a: Conkeldurr|1
|-damage|p1a: Conkeldurr|0 fnt
|faint|p1a: Conkeldurr
|-hitcount|p1: Conkeldurr|1
|move|p1b: Pelipper|Weather Ball|p2a: Talonflame
|-supereffective|p2a: Talonflame|1
|-damage|p2a: Talonflame|0 fnt
|faint|p2a: Talonflame
|
|-weather|RainDance|[upkeep]
|upkeep
|
|t:|1783620863
|switch|p2a: Bastiodon|Bastiodon, L50, F|100/100
|switch|p1a: Sceptile|Sceptile, L50, F, shiny|100/100
|turn|4
|
|t:|1783620888
|detailschange|p1a: Sceptile|Sceptile-Mega, L50, F, shiny
|-mega|p1a: Sceptile|Sceptile|Sceptilite
|move|p1b: Pelipper|Wide Guard|p1b: Pelipper
|-singleturn|p1b: Pelipper|Wide Guard
|move|p2b: Gengar|Sludge Bomb|p1a: Sceptile
|-supereffective|p1a: Sceptile|1
|-damage|p1a: Sceptile|0 fnt
|faint|p1a: Sceptile
|move|p2a: Bastiodon|Body Press|p1b: Pelipper
|-resisted|p1b: Pelipper|1
|-damage|p1b: Pelipper|75/100
|
|-weather|RainDance|[upkeep]
|-sideend|p2: TheRealCideR2|move: Tailwind
|-sideend|p1: Djenis18|move: Tailwind
|upkeep
|turn|5
|
|t:|1783620918
|move|p2b: Gengar|Shadow Ball|p1b: Pelipper
|-damage|p1b: Pelipper|0 fnt
|faint|p1b: Pelipper
|
|win|TheRealCideR2
|l|☆Djenis18
|player|p1|
