|j|☆Ilovesounding
|j|☆digsara
|html|Ilovesoundingdigsara    
|uhtml|bestof|Game 1 of a best-of-3
|t:|1783920361
|gametype|doubles
|player|p1|Ilovesounding|265|1023
|player|p2|digsara|102|1053
|gen|9
|tier|[Gen 9 Champions] VGC 2026 Reg M-B (Bo3)
|rated|
|rule|Species Clause: Limit one of each Pokémon
|rule|Item Clause: Limit 1 of each item
|clearpoke
|poke|p1|Aegislash, L50, M|
|poke|p1|Sylveon, L50, M|
|poke|p1|Garchomp, L50, M|
|poke|p1|Zoroark-Hisui, L50, M|
|poke|p1|Charizard, L50, M|
|poke|p1|Talonflame, L50, M|
|poke|p2|Charizard, L50, M|
|poke|p2|Milotic, L50, M|
|poke|p2|Aegislash, L50, M|
|poke|p2|Sneasler, L50, F|
|poke|p2|Sylveon, L50, F|
|poke|p2|Toxapex, L50, M|
|teampreview|4
|showteam|p1|Aegislash||SitrusBerry|StanceChange|KingsShield,ShadowBall,FlashCannon,WideGuard|Quiet||M|||50|]Sylveon||IronBall|Pixilate|Round,Protect,HyperBeam,Copycat|Quiet||M|||50|]Garchomp||LifeOrb|RoughSkin|RockSlide,DragonClaw,Protect,Earthquake|Naive||M|||50|]Zoroark-Hisui||FocusSash|Illusion|Round,ShadowBall,HyperBeam,WillOWisp|Timid||M|||50|]Charizard||CharizarditeY|Blaze|SolarBeam,Protect,HeatWave,WeatherBall|Modest||M|||50|]Talonflame|||GaleWings|Acrobatics,FlareBlitz,QuickGuard,Tailwind|Serious||M|||50|
|showteam|p2|Charizard||CharizarditeX|Blaze|FlareBlitz,Outrage,DragonDance,Protect|Serious||M|||50|]Milotic||Leftovers|Competitive|Scald,IcyWind,Recover,Protect|Serious||M|||50|]Aegislash||SpellTag|StanceChange|KingsShield,IronHead,ShadowSneak,Poltergeist|Serious||M|||50|]Sneasler||WhiteHerb|Unburden|CloseCombat,DireClaw,FakeOut,Protect|Serious||F|||50|]Sylveon||FairyFeather|Pixilate|HyperVoice,HyperBeam,QuickAttack,Protect|Serious||F|||50|]Toxapex||SitrusBerry|Limber|BanefulBunker,Toxic,WideGuard,Infestation|Timid||M|||50|
|
|t:|1783920413
|teamsize|p1|4
|teamsize|p2|4
|start
|switch|p1a: Talonflame|Talonflame, L50, M|100/100
|switch|p1b: Charizard|Charizard, L50, M|100/100
|switch|p2a: Charizard|Charizard, L50, M|100/100
|switch|p2b: Toxapex|Toxapex, L50, M|100/100
|turn|1
|
|t:|1783920463
|detailschange|p2a: Charizard|Charizard-Mega-X, L50, M
|-mega|p2a: Charizard|Charizard|Charizardite X
|move|p2b: Toxapex|Baneful Bunker|p2b: Toxapex
|-singleturn|p2b: Toxapex|move: Protect
|move|p1a: Talonflame|Tailwind|p1a: Talonflame
|-sidestart|p1: Ilovesounding|move: Tailwind
|move|p1b: Charizard|Hyper Beam|p2a: Charizard
|-damage|p2a: Charizard|14/100
|-mustrecharge|p1b: Charizard
|move|p2a: Charizard|Dragon Dance|p2a: Charizard
|-boost|p2a: Charizard|atk|1
|-boost|p2a: Charizard|spe|1
|
|upkeep
|turn|2
|
|t:|1783920519
|move|p1a: Talonflame|Acrobatics|p2a: Charizard
|-damage|p2a: Charizard|0 fnt
|faint|p2a: Charizard
|cant|p1b: Charizard|recharge
|move|p2b: Toxapex|Toxic|p1b: Charizard
|-status|p1b: Charizard|tox
|
|-damage|p1b: Charizard|93/100 tox|[from] psn
|upkeep
|
|t:|1783920530
|switch|p2a: Milotic|Milotic, L50, M|100/100
|turn|3
|
|t:|1783920559
|move|p2b: Toxapex|Wide Guard|p2b: Toxapex
|-singleturn|p2b: Toxapex|Wide Guard
|move|p1a: Talonflame|Acrobatics|p2a: Milotic
|-damage|p2a: Milotic|63/100
|move|p1b: Charizard|Shadow Ball|p2a: Milotic
|-damage|p2a: Milotic|35/100
|move|p2a: Milotic|Scald|p1b: Charizard
|-damage|p1b: Charizard|35/100 tox
|replace|p1b: Zoroark|Zoroark-Hisui, L50, M
|-end|p1b: Zoroark|Illusion
|
|-heal|p2a: Milotic|41/100|[from] item: Leftovers
|-damage|p1b: Zoroark|23/100 tox|[from] psn
|upkeep
|turn|4
|
|t:|1783920612
|switch|p2a: Sylveon|Sylveon, L50, F|100/100
|move|p1a: Talonflame|Acrobatics|p2b: Toxapex
|-damage|p2b: Toxapex|61/100
|move|p1b: Zoroark|Shadow Ball|p2b: Toxapex
|-damage|p2b: Toxapex|25/100
|-enditem|p2b: Toxapex|Sitrus Berry|[eat]
|-heal|p2b: Toxapex|50/100g|[from] item: Sitrus Berry
|move|p2b: Toxapex|Toxic|p1a: Talonflame
|-status|p1a: Talonflame|tox
|
|-damage|p1a: Talonflame|94/100 tox|[from] psn
|-damage|p1b: Zoroark|4/100 tox|[from] psn
|-sideend|p1: Ilovesounding|move: Tailwind
|upkeep
|turn|5
|
|t:|1783920636
|move|p2b: Toxapex|Baneful Bunker|p2b: Toxapex
|-singleturn|p2b: Toxapex|move: Protect
|move|p1a: Talonflame|Tailwind|p1a: Talonflame
|-sidestart|p1: Ilovesounding|move: Tailwind
|move|p1b: Zoroark|Hyper Beam|p2a: Sylveon
|-damage|p2a: Sylveon|50/100g
|-mustrecharge|p1b: Zoroark
|move|p2a: Sylveon|Hyper Voice|p1a: Talonflame|[spread] p1a,p1b
|-resisted|p1a: Talonflame|1
|-damage|p1a: Talonflame|62/100 tox
|-damage|p1b: Zoroark|0 fnt
|faint|p1b: Zoroark
|
|-damage|p1a: Talonflame|50/100g tox|[from] psn
|upkeep
|
|t:|1783920651
|switch|p1b: Charizard|Charizard, L50, M|100/100
|turn|6
|
|t:|1783920678
|detailschange|p1b: Charizard|Charizard-Mega-Y, L50, M
|-mega|p1b: Charizard|Charizard|Charizardite Y
|-weather|SunnyDay|[from] ability: Drought|[of] p1b: Charizard
|move|p2a: Sylveon|Protect|p2a: Sylveon
|-singleturn|p2a: Sylveon|Protect
|move|p1a: Talonflame|Acrobatics|p2b: Toxapex
|-damage|p2b: Toxapex|14/100
|move|p1b: Charizard|Heat Wave|p2a: Sylveon|[spread] p2b
|-activate|p2a: Sylveon|move: Protect
|-resisted|p2b: Toxapex|1
|-damage|p2b: Toxapex|0 fnt
|faint|p2b: Toxapex
|
|-weather|SunnyDay|[upkeep]
|-damage|p1a: Talonflame|33/100 tox|[from] psn
|upkeep
|
|t:|1783920694
|switch|p2b: Milotic|Milotic, L50, M|41/100
|turn|7
|
|t:|1783920721
|move|p1a: Talonflame|Acrobatics|p2a: Sylveon
|-damage|p2a: Sylveon|7/100
|move|p1b: Charizard|Solar Beam||[still]
|-prepare|p1b: Charizard|Solar Beam
|-anim|p1b: Charizard|Solar Beam|p2b: Milotic
|-supereffective|p2b: Milotic|1
|-damage|p2b: Milotic|0 fnt
|faint|p2b: Milotic
|move|p2a: Sylveon|Hyper Beam|p1b: Charizard
|-resisted|p1b: Charizard|1
|-damage|p1b: Charizard|56/100
|-mustrecharge|p2a: Sylveon
|
|-weather|SunnyDay|[upkeep]
|-damage|p1a: Talonflame|9/100 tox|[from] psn
|upkeep
|turn|8
|
|t:|1783920737
|move|p1a: Talonflame|Acrobatics|p2a: Sylveon
|-damage|p2a: Sylveon|0 fnt
|faint|p2a: Sylveon
|
|win|Ilovesounding
||Ilovesounding is ready for game 2.
