|j|☆BSouthVGC
|j|☆Mashuno
|html|BSouthVGCMashuno    
|uhtml|bestof|Game 1 of a best-of-3
|t:|1757631290
|gametype|doubles
|player|p1|BSouthVGC|2|1000
|player|p2|Mashuno|pokekid|1050
|gen|9
|tier|[Gen 9] VGC 2025 Reg H (Bo3)
|rated|
|rule|Species Clause: Limit one of each Pokémon
|rule|Item Clause: Limit 1 of each item
|clearpoke
|poke|p1|Smeargle, L50, M|
|poke|p1|Talonflame, L50, F|
|poke|p1|Ursaluna-Bloodmoon, L50, M|
|poke|p1|Maushold, L50|
|poke|p1|Annihilape, L50, M|
|poke|p1|Pelipper, L50, F|
|poke|p2|Pelipper, L50, M|
|poke|p2|Archaludon, L50, M|
|poke|p2|Blastoise, L50, M|
|poke|p2|Dragonite, L50, M|
|poke|p2|Indeedee-F, L50, F|
|poke|p2|Sneasler, L50, F|
|teampreview|4
|showteam|p1|Smeargle||FocusSash|Moody|Spore,Decorate,FollowMe,Protect|||M|||50|,,,,,Ghost]Talonflame||CovertCloak|GaleWings|Tailwind,BraveBird,FlareBlitz,Protect|||F|||50|,,,,,Water]Ursaluna-Bloodmoon||ChoiceSpecs|MindsEye|HyperVoice,BloodMoon,EarthPower,VacuumWave|||M|||50|,,,,,Ghost]Maushold||SafetyGoggles|FriendGuard|BeatUp,FollowMe,Protect,Taunt||||||50|,,,,,Ghost]Annihilape||Leftovers|Defiant|RageFist,DrainPunch,Protect,FinalGambit|||M|||50|,,,,,Grass]Pelipper||ChoiceScarf|Drizzle|WeatherBall,Hurricane,WideGuard,Tailwind|||F|||50|,,,,,Stellar
|showteam|p2|Pelipper||ChoiceScarf|Drizzle|Tailwind,Hurricane,WeatherBall,HelpingHand|||M|||50|,,,,,Ghost]Archaludon||AssaultVest|Stamina|ElectroShot,BodyPress,FlashCannon,DracoMeteor|||M|||50|,,,,,Ghost]Blastoise||MysticWater|RainDish|Protect,ShellSmash,WaterSpout,WaterPledge|||M|||50|,,,,,Water]Dragonite||LoadedDice|InnerFocus|Protect,ScaleShot,StompingTantrum,Haze|||M|||50|,,,,,Steel]Indeedee-F||SafetyGoggles|PsychicSurge|Psychic,FollowMe,TrickRoom,Imprison|||F|||50|,,,,,Fairy]Sneasler||PsychicSeed|Unburden|Protect,DireClaw,CloseCombat,ThroatChop|||F|||50|,,,,,Stellar
|c|☆Mashuno|gl hf 3
|c|☆Mashuno|<3
|c|☆BSouthVGC|U2
|inactive|Battle timer is ON: inactive players will automatically lose when time's up. (requested by BSouthVGC)
|inactive|Mashuno has 60 seconds left.
|
|t:|1757631396
|teamsize|p1|4
|teamsize|p2|4
|start
|switch|p1a: Smeargle|Smeargle, L50, M|100/100
|switch|p1b: Talonflame|Talonflame, L50, F|100/100
|switch|p2a: Archaludon|Archaludon, L50, M|100/100
|switch|p2b: Pelipper|Pelipper, L50, M|100/100
|-weather|RainDance|[from] ability: Drizzle|[of] p2b: Pelipper
|turn|1
|inactive|Mashuno has 30 seconds left.
|inactive|Mashuno has 20 seconds left.
|
|t:|1757631435
|switch|p2a: Indeedee|Indeedee-F, L50, F|100/100
|-fieldstart|move: Psychic Terrain|[from] ability: Psychic Surge|[of] p2a: Indeedee
|move|p1b: Talonflame|Tailwind|p1b: Talonflame
|-sidestart|p1: BSouthVGC|move: Tailwind
|move|p1a: Smeargle|Spore|p2b: Pelipper
|-status|p2b: Pelipper|slp|[from] move: Spore
|cant|p2b: Pelipper|slp
|
|-weather|RainDance|[upkeep]
|-ability|p1a: Smeargle|Moody|boost
|-boost|p1a: Smeargle|def|2
|-unboost|p1a: Smeargle|spa|1
|upkeep
|turn|2
|inactive|Mashuno has 30 seconds left.
|inactive|Mashuno has 20 seconds left.
|
|t:|1757631472
|switch|p1b: Ursaluna|Ursaluna-Bloodmoon, L50, M|100/100
|switch|p2b: Archaludon|Archaludon, L50, M|100/100
|move|p1a: Smeargle|Spore|p2a: Indeedee
|-activate|p2a: Indeedee|item: Safety Goggles|Spore
|move|p2a: Indeedee|Psychic|p1a: Smeargle
|-damage|p1a: Smeargle|15/100
|-unboost|p1a: Smeargle|spd|1
|
|-weather|RainDance|[upkeep]
|-ability|p1a: Smeargle|Moody|boost
|-boost|p1a: Smeargle|spa|2
|-unboost|p1a: Smeargle|atk|1
|upkeep
|turn|3
|inactive|BSouthVGC has 30 seconds left.
|
|t:|1757631500
|move|p2a: Indeedee|Follow Me|p2a: Indeedee
|-singleturn|p2a: Indeedee|move: Follow Me
|move|p1a: Smeargle|Decorate|p2a: Indeedee
|-boost|p2a: Indeedee|atk|2
|-boost|p2a: Indeedee|spa|2
|move|p1b: Ursaluna|Hyper Voice|p2b: Archaludon|[spread] p2a,p2b
|-resisted|p2b: Archaludon
|-damage|p2a: Indeedee|44/100
|-damage|p2b: Archaludon|81/100
|-ability|p2b: Archaludon|Stamina|boost
|-boost|p2b: Archaludon|def|1
|move|p2b: Archaludon|Electro Shot||[still]
|-prepare|p2b: Archaludon|Electro Shot
|-boost|p2b: Archaludon|spa|1
|-anim|p2b: Archaludon|Electro Shot|p1a: Smeargle
|-damage|p1a: Smeargle|0 fnt
|faint|p1a: Smeargle
|
|-weather|RainDance|[upkeep]
|upkeep
|
|t:|1757631518
|switch|p1a: Maushold|Maushold, L50|100/100
|turn|4
|inactive|Mashuno has 30 seconds left.
|
|t:|1757631543
|-terastallize|p1a: Maushold|Ghost
|move|p1a: Maushold|Follow Me|p1a: Maushold
|-singleturn|p1a: Maushold|move: Follow Me
|move|p2a: Indeedee|Follow Me|p2a: Indeedee
|-singleturn|p2a: Indeedee|move: Follow Me
|move|p1b: Ursaluna|Hyper Voice|p2b: Archaludon|[spread] p2a,p2b
|-resisted|p2b: Archaludon
|-damage|p2a: Indeedee|0 fnt
|-damage|p2b: Archaludon|62/100
|-ability|p2b: Archaludon|Stamina|boost
|-boost|p2b: Archaludon|def|1
|faint|p2a: Indeedee
|move|p2b: Archaludon|Body Press|p1a: Maushold
|-immune|p1a: Maushold
|
|-weather|RainDance|[upkeep]
|-sideend|p1: BSouthVGC|move: Tailwind
|upkeep
|
|t:|1757631561
|switch|p2a: Blastoise|Blastoise, L50, M|100/100
|turn|5
|inactive|Mashuno has 30 seconds left.
|
|t:|1757631593
|move|p1a: Maushold|Taunt|p2a: Blastoise
|-start|p2a: Blastoise|move: Taunt
|move|p2b: Archaludon|Electro Shot||[still]
|-prepare|p2b: Archaludon|Electro Shot
|-boost|p2b: Archaludon|spa|1
|-anim|p2b: Archaludon|Electro Shot|p1a: Maushold
|-damage|p1a: Maushold|1/100
|move|p1b: Ursaluna|Hyper Voice|p2b: Archaludon|[spread] p2a,p2b
|-resisted|p2b: Archaludon
|-damage|p2a: Blastoise|46/100
|-damage|p2b: Archaludon|45/100
|-ability|p2b: Archaludon|Stamina|boost
|-boost|p2b: Archaludon|def|1
|move|p2a: Blastoise|Water Pledge|p1b: Ursaluna
|-supereffective|p1b: Ursaluna
|-damage|p1b: Ursaluna|0 fnt
|faint|p1b: Ursaluna
|
|-weather|none
|-fieldend|move: Psychic Terrain
|upkeep
|
|t:|1757631612
|switch|p1b: Talonflame|Talonflame, L50, F|100/100
|turn|6
|inactive|Mashuno has 30 seconds left.
|
|t:|1757631641
|switch|p2a: Pelipper|Pelipper, L50, M|100/100 slp
|-weather|RainDance|[from] ability: Drizzle|[of] p2a: Pelipper
|move|p1a: Maushold|Protect|p1a: Maushold
|-singleturn|p1a: Maushold|Protect
|move|p1b: Talonflame|Brave Bird|p2a: Pelipper
|-damage|p2a: Pelipper|34/100 slp
|-damage|p1b: Talonflame|84/100|[from] Recoil
|move|p2b: Archaludon|Electro Shot||[still]
|-prepare|p2b: Archaludon|Electro Shot
|-boost|p2b: Archaludon|spa|1
|-anim|p2b: Archaludon|Electro Shot|p1a: Maushold
|-activate|p1a: Maushold|move: Protect
|
|-weather|RainDance|[upkeep]
|upkeep
|turn|7
|-message|BSouthVGC forfeited.
|
|win|Mashuno
|l|☆BSouthVGC
|player|p1|
||BSouthVGC is ready for game 2.
||Mashuno is ready for game 2.
|uhtml|next|Next: Game 2 of 3
