|j|☆freudianbreath
|j|☆Milesymiles
|html|freudianbreathMilesymiles    
|uhtml|bestof|Game 1 of a best-of-3
|t:|1785100856
|gametype|doubles
|player|p1|freudianbreath|101|1087
|player|p2|Milesymiles|veteran|1191
|gen|9
|tier|[Gen 9 Champions] VGC 2026 Reg M-B (Bo3)
|rated|
|rule|Species Clause: Limit one of each Pokémon
|rule|Item Clause: Limit 1 of each item
|clearpoke
|poke|p1|Raichu, L50, M|
|poke|p1|Basculegion, L50, M|
|poke|p1|Charizard, L50, F|
|poke|p1|Whimsicott, L50, M|
|poke|p1|Kingambit, L50, M|
|poke|p1|Ninetales-Alola, L50, F|
|poke|p2|Chandelure, L50, F|
|poke|p2|Staraptor, L50, M|
|poke|p2|Vanilluxe, L50, F, shiny|
|poke|p2|Grimmsnarl, L50, M|
|poke|p2|Excadrill, L50, M|
|poke|p2|Rotom-Wash, L50, shiny|
|teampreview|4
|showteam|p1|Raichu||RaichuniteX|LightningRod|FakeOut,Protect,VoltTackle,Trailblaze|Jolly||M|||50|]Basculegion||ChoiceScarf|Adaptability|WaveCrash,LastRespects,AquaJet,IcyWind|Adamant||M|||50|]Charizard||CharizarditeY|Blaze|HeatWave,WeatherBall,AncientPower,Protect|Timid||F|||50|]Whimsicott||SitrusBerry|Prankster|Moonblast,Encore,Tailwind,Protect|Bold||M|||50|]Kingambit||OccaBerry|Defiant|KowtowCleave,SwordsDance,SuckerPunch,Protect|Adamant||M|||50|]Ninetales-Alola||LifeOrb|SnowWarning|Blizzard,FreezeDry,Encore,Protect|Timid||F|||50|
|showteam|p2|Chandelure||FocusSash|FlashFire|HeatWave,ShadowBall,TrickRoom,Protect|Modest||F|||50|]Staraptor||Staraptite|Intimidate|Tailwind,Roost,CloseCombat,BraveBird|Adamant||M|||50|]Vanilluxe||LightClay|SnowWarning|FreezeDry,Blizzard,AuroraVeil,Protect|Calm||F|||50|]Grimmsnarl||RoseliBerry|Prankster|FakeOut,PartingShot,SpiritBreak,LightScreen|Adamant||M|||50|]Excadrill||Excadrite|MoldBreaker|Earthquake,IronHead,Protect,RockSlide|Jolly||M|||50|]Rotom-Wash||Magnet|Levitate|Thunderbolt,Electroweb,WillOWisp,HydroPump|Modest|||||50|
|inactive|Battle timer is ON: inactive players will automatically lose when time's up. (requested by Milesymiles)
|inactive|freudianbreath has 60 seconds left.
|
|t:|1785100950
|teamsize|p1|4
|teamsize|p2|4
|start
|switch|p1a: Charizard|Charizard, L50, F|100/100
|switch|p1b: Kingambit|Kingambit, L50, M|100/100
|switch|p2a: Grimmsnarl|Grimmsnarl, L50, M|100/100
|switch|p2b: Rotom|Rotom-Wash, L50, shiny|100/100
|turn|1
|inactive|freudianbreath has 30 seconds left.
|inactive|freudianbreath has 20 seconds left.
|inactive|freudianbreath has 15 seconds left.
|
|t:|1785100995
|switch|p1b: Raichu|Raichu, L50, M|100/100
|move|p1a: Charizard|Protect|p1a: Charizard
|-singleturn|p1a: Charizard|Protect
|move|p2a: Grimmsnarl|Fake Out|p1a: Charizard
|-activate|p1a: Charizard|move: Protect
|move|p2b: Rotom|Will-O-Wisp|p1b: Raichu
|-status|p1b: Raichu|brn
|
|-damage|p1b: Raichu|94/100 brn|[from] brn
|upkeep
|turn|2
|inactive|freudianbreath has 30 seconds left.
|inactive|freudianbreath has 20 seconds left.
|inactive|freudianbreath has 15 seconds left.
|
|t:|1785101035
|detailschange|p1a: Charizard|Charizard-Mega-Y, L50, F
|-mega|p1a: Charizard|Charizard|Charizardite Y
|-weather|SunnyDay|[from] ability: Drought|[of] p1a: Charizard
|move|p1b: Raichu|Fake Out|p2a: Grimmsnarl
|-damage|p2a: Grimmsnarl|94/100
|cant|p2a: Grimmsnarl|flinch
|move|p1a: Charizard|Heat Wave|p2b: Rotom|[spread] p2a,p2b
|-resisted|p2b: Rotom|1
|-damage|p2a: Grimmsnarl|22/100
|-damage|p2b: Rotom|68/100
|-status|p2b: Rotom|brn
|move|p2b: Rotom|Hydro Pump|p1a: Charizard
|-supereffective|p1a: Charizard|1
|-damage|p1a: Charizard|49/100
|
|-weather|SunnyDay|[upkeep]
|-damage|p1b: Raichu|88/100 brn|[from] brn
|-damage|p2b: Rotom|63/100 brn|[from] brn
|upkeep
|turn|3
|inactive|freudianbreath has 30 seconds left.
|inactive|freudianbreath has 20 seconds left.
|inactive|freudianbreath has 15 seconds left.
|inactive|freudianbreath has 10 seconds left.
|
|t:|1785101082
|switch|p1a: Kingambit|Kingambit, L50, M|100/100
|move|p2a: Grimmsnarl|Light Screen|p2a: Grimmsnarl
|-sidestart|p2: Milesymiles|move: Light Screen
|move|p1b: Raichu|Volt Tackle|p2a: Grimmsnarl
|-damage|p2a: Grimmsnarl|0 fnt
|faint|p2a: Grimmsnarl
|-damage|p1b: Raichu|77/100 brn|[from] Recoil
|move|p2b: Rotom|Hydro Pump|p1a: Kingambit|[miss]
|-miss|p2b: Rotom|p1a: Kingambit
|
|-weather|SunnyDay|[upkeep]
|-damage|p1b: Raichu|71/100 brn|[from] brn
|-damage|p2b: Rotom|57/100 brn|[from] brn
|upkeep
|
|t:|1785101089
|switch|p2a: Vanilluxe|Vanilluxe, L50, F, shiny|100/100
|-weather|Snowscape|[from] ability: Snow Warning|[of] p2a: Vanilluxe
|turn|4
|inactive|freudianbreath has 30 seconds left.
|inactive|freudianbreath has 20 seconds left.
|inactive|freudianbreath has 15 seconds left.
|inactive|freudianbreath has 10 seconds left.
|inactive|freudianbreath has 5 seconds left.
|
|t:|1785101142
|switch|p1a: Charizard|Charizard-Mega-Y, L50, F|49/100
|-weather|SunnyDay|[from] ability: Drought|[of] p1a: Charizard
|move|p1b: Raichu|Volt Tackle|p2a: Vanilluxe
|-damage|p2a: Vanilluxe|71/100
|-damage|p1b: Raichu|59/100 brn|[from] Recoil
|move|p2b: Rotom|Will-O-Wisp|p1a: Charizard
|-immune|p1a: Charizard
|move|p2a: Vanilluxe|Freeze-Dry|p1b: Raichu
|-damage|p1b: Raichu|12/100 brn
|
|-weather|SunnyDay|[upkeep]
|-damage|p1b: Raichu|6/100 brn|[from] brn
|-damage|p2b: Rotom|51/100 brn|[from] brn
|upkeep
|turn|5
|inactive|freudianbreath has 30 seconds left.
|inactive|Milesymiles has 30 seconds left.
|inactive|freudianbreath has 20 seconds left.
|
|t:|1785101180
|move|p1a: Charizard|Protect|p1a: Charizard
|-singleturn|p1a: Charizard|Protect
|move|p2a: Vanilluxe|Protect|p2a: Vanilluxe
|-singleturn|p2a: Vanilluxe|Protect
|move|p1b: Raichu|Volt Tackle|p2b: Rotom
|-damage|p2b: Rotom|22/100 brn
|-damage|p1b: Raichu|0 fnt|[from] Recoil
|faint|p1b: Raichu
|move|p2b: Rotom|Hydro Pump|p1a: Charizard
|-activate|p1a: Charizard|move: Protect
|
|-weather|SunnyDay|[upkeep]
|-damage|p2b: Rotom|17/100 brn|[from] brn
|upkeep
|inactive|freudianbreath has 30 seconds left.
|
|t:|1785101210
|switch|p1b: Basculegion|Basculegion, L50, M|100/100
|turn|6
|inactive|freudianbreath has 30 seconds left.
|inactive|freudianbreath has 20 seconds left.
|inactive|freudianbreath has 15 seconds left.
|
|t:|1785101254
|switch|p2a: Staraptor|Staraptor, L50, M|100/100
|-ability|p2a: Staraptor|Intimidate|boost
|-unboost|p1a: Charizard|atk|1
|-unboost|p1b: Basculegion|atk|1
|move|p1b: Basculegion|Wave Crash|p2b: Rotom
|-resisted|p2b: Rotom|1
|-damage|p2b: Rotom|3/100 brn
|-damage|p1b: Basculegion|96/100|[from] Recoil
|move|p1a: Charizard|Weather Ball|p2a: Staraptor
|-damage|p2a: Staraptor|22/100
|move|p2b: Rotom|Electroweb|p1a: Charizard|[spread] p1a,p1b
|-supereffective|p1a: Charizard|1
|-supereffective|p1b: Basculegion|1
|-damage|p1a: Charizard|0 fnt
|-damage|p1b: Basculegion|43/100
|-unboost|p1b: Basculegion|spe|1
|faint|p1a: Charizard
|
|-weather|SunnyDay|[upkeep]
|-damage|p2b: Rotom|0 fnt|[from] brn
|faint|p2b: Rotom
|upkeep
|
|t:|1785101271
|switch|p1a: Kingambit|Kingambit, L50, M|100/100
|switch|p2b: Vanilluxe|Vanilluxe, L50, F, shiny|71/100
|-weather|Snowscape|[from] ability: Snow Warning|[of] p2b: Vanilluxe
|turn|7
|inactive|freudianbreath has 30 seconds left.
|inactive|freudianbreath has 20 seconds left.
|
|t:|1785101311
|detailschange|p2a: Staraptor|Staraptor-Mega, L50, M
|-mega|p2a: Staraptor|Staraptor|Staraptite
|move|p2a: Staraptor|Roost|p2a: Staraptor
|-heal|p2a: Staraptor|72/100
|-singleturn|p2a: Staraptor|move: Roost
|move|p1b: Basculegion|Wave Crash|p2a: Staraptor
|-damage|p2a: Staraptor|23/100
|-damage|p1b: Basculegion|27/100|[from] Recoil
|move|p2b: Vanilluxe|Freeze-Dry|p1b: Basculegion
|-supereffective|p1b: Basculegion|1
|-damage|p1b: Basculegion|0 fnt
|faint|p1b: Basculegion
|move|p1a: Kingambit|Swords Dance|p1a: Kingambit
|-boost|p1a: Kingambit|atk|2
|
|-weather|Snowscape|[upkeep]
|-sideend|p2: Milesymiles|move: Light Screen
|upkeep
|turn|8
|inactive|freudianbreath has 30 seconds left.
|inactive|freudianbreath has 20 seconds left.
|inactive|freudianbreath has 15 seconds left.
|
|t:|1785101353
|move|p2a: Staraptor|Roost|p2a: Staraptor
|-heal|p2a: Staraptor|73/100
|-singleturn|p2a: Staraptor|move: Roost
|move|p2b: Vanilluxe|Blizzard|p1a: Kingambit
|-resisted|p1a: Kingambit|1
|-damage|p1a: Kingambit|78/100
|move|p1a: Kingambit|Kowtow Cleave|p2a: Staraptor
|-resisted|p2a: Staraptor|1
|-damage|p2a: Staraptor|31/100
|
|-weather|Snowscape|[upkeep]
|upkeep
|turn|9
|
|t:|1785101371
|move|p1a: Kingambit|Sucker Punch||[still]
|-fail|p1a: Kingambit
|move|p2a: Staraptor|Roost|p2a: Staraptor
|-heal|p2a: Staraptor|81/100
|-singleturn|p2a: Staraptor|move: Roost
|move|p2b: Vanilluxe|Blizzard|p1a: Kingambit
|-resisted|p1a: Kingambit|1
|-damage|p1a: Kingambit|57/100
|
|-weather|Snowscape|[upkeep]
|upkeep
|turn|10
|
|t:|1785101375
|move|p2a: Staraptor|Close Combat|p1a: Kingambit
|-supereffective|p1a: Kingambit|2
|-damage|p1a: Kingambit|0 fnt
|-boost|p2a: Staraptor|def|1
|-boost|p2a: Staraptor|spd|1
|faint|p1a: Kingambit
|
|win|Milesymiles
