|j|☆Mahdrescher
|j|☆Ronansting
|html|MahdrescherRonansting    
|uhtml|bestof|Game 2 of a best-of-3
|t:|1756054110
|gametype|doubles
|player|p1|Mahdrescher|1|1342
|player|p2|Ronansting|baker|1429
|gen|9
|tier|[Gen 9] VGC 2025 Reg H (Bo3)
|rated|
|rule|Species Clause: Limit one of each Pokémon
|rule|Item Clause: Limit 1 of each item
|clearpoke
|poke|p1|Rillaboom, L50, F|
|poke|p1|Electabuzz, L50, M|
|poke|p1|Archaludon, L50, M|
|poke|p1|Kingambit, L50, M|
|poke|p1|Pelipper, L50, M|
|poke|p1|Basculegion, L50, M|
|poke|p2|Archaludon, L50, F|
|poke|p2|Pelipper, L50, F|
|poke|p2|Indeedee, L50, M|
|poke|p2|Amoonguss, L50, M|
|poke|p2|Basculegion, L50, M|
|poke|p2|Hydreigon, L50, F|
|teampreview|4
|showteam|p1|Rillaboom||LoadedDice|GrassySurge|BulletSeed,GrassyGlide,HighHorsepower,FakeOut|||F|||50|,,,,,Fire]Electabuzz||Eviolite|VitalSpirit|Electroweb,Taunt,FollowMe,Protect|||M|||50|,,,,,Ghost]Archaludon||AssaultVest|Stamina|ElectroShot,BodyPress,FlashCannon,DragonPulse|||M|||50|,,,,,Bug]Kingambit||BlackGlasses|Defiant|KowtowCleave,SuckerPunch,SwordsDance,Protect|||M|||50|,,,,,Dark]Pelipper||FocusSash|Drizzle|WeatherBall,Hurricane,Tailwind,Protect|||M|||50|,,,,,Ghost]Basculegion||ChoiceBand|SwiftSwim|WaveCrash,AquaJet,FlipTurn,LastRespects|||M|||50|,,,,,Grass
|showteam|p2|Archaludon||AssaultVest|Stamina|ElectroShot,DracoMeteor,BodyPress,FlashCannon|||F|||50|,,,,,Grass]Pelipper||FocusSash|Drizzle|WeatherBall,Hurricane,Tailwind,Protect|||F|||50|,,,,,Ghost]Indeedee||ChoiceScarf|PsychicSurge|ExpandingForce,TeraBlast,Trick,DazzlingGleam|||M|||50|,,,,,Ground]Amoonguss||SitrusBerry|Regenerator|Spore,SludgeBomb,Protect,RagePowder|||M|||50|,,,,,Water]Basculegion||ChoiceBand|SwiftSwim|FlipTurn,WaveCrash,LastRespects,AquaJet|||M|||50|,,,,,Poison]Hydreigon||CovertCloak|Levitate|Taunt,Snarl,DracoMeteor,EarthPower|||F|||50|,,,,,Fairy
|
|t:|1756054171
|teamsize|p1|4
|teamsize|p2|4
|start
|switch|p1a: Gaia|Rillaboom, L50, F|100/100
|switch|p1b: Hephaistos|Archaludon, L50, M|100/100
|switch|p2a: Empire|Basculegion, L50, M|100/100
|switch|p2b: Smellypper|Pelipper, L50, F|100/100
|-fieldstart|move: Grassy Terrain|[from] ability: Grassy Surge|[of] p1a: Gaia
|-weather|RainDance|[from] ability: Drizzle|[of] p2b: Smellypper
|turn|1
|
|t:|1756054198
|move|p2a: Empire|Flip Turn|p1a: Gaia
|-resisted|p1a: Gaia
|-damage|p1a: Gaia|71/100
|
|t:|1756054202
|switch|p2a: Arching|Archaludon, L50, F|100/100|[from] Flip Turn
|move|p1a: Gaia|Bullet Seed|p1b: Hephaistos
|-resisted|p1b: Hephaistos
|-damage|p1b: Hephaistos|97/100
|-ability|p1b: Hephaistos|Stamina|boost
|-boost|p1b: Hephaistos|def|1
|-resisted|p1b: Hephaistos
|-damage|p1b: Hephaistos|95/100
|-ability|p1b: Hephaistos|Stamina|boost
|-boost|p1b: Hephaistos|def|1
|-resisted|p1b: Hephaistos
|-damage|p1b: Hephaistos|94/100
|-ability|p1b: Hephaistos|Stamina|boost
|-boost|p1b: Hephaistos|def|1
|-resisted|p1b: Hephaistos
|-damage|p1b: Hephaistos|92/100
|-ability|p1b: Hephaistos|Stamina|boost
|-boost|p1b: Hephaistos|def|1
|-resisted|p1b: Hephaistos
|-damage|p1b: Hephaistos|91/100
|-ability|p1b: Hephaistos|Stamina|boost
|-boost|p1b: Hephaistos|def|1
|-hitcount|p1b: Hephaistos|5
|move|p1b: Hephaistos|Electro Shot||[still]
|-prepare|p1b: Hephaistos|Electro Shot
|-boost|p1b: Hephaistos|spa|1
|-anim|p1b: Hephaistos|Electro Shot|p2b: Smellypper
|-supereffective|p2b: Smellypper
|-enditem|p2b: Smellypper|Focus Sash
|-damage|p2b: Smellypper|1/100
|move|p2b: Smellypper|Hurricane|p1a: Gaia
|-supereffective|p1a: Gaia
|-damage|p1a: Gaia|0 fnt
|faint|p1a: Gaia
|
|-weather|RainDance|[upkeep]
|-heal|p1b: Hephaistos|97/100|[from] Grassy Terrain
|upkeep
|
|t:|1756054262
|switch|p1a: Poseidon|Basculegion, L50, M|100/100
|turn|2
|inactive|Battle timer is ON: inactive players will automatically lose when time's up. (requested by Ronansting)
|
|t:|1756054314
|switch|p2a: Schmooner|Amoonguss, L50, M|100/100
|move|p1a: Poseidon|Wave Crash|p2a: Schmooner
|-resisted|p2a: Schmooner
|-damage|p2a: Schmooner|41/100
|-enditem|p2a: Schmooner|Sitrus Berry|[eat]
|-heal|p2a: Schmooner|66/100|[from] item: Sitrus Berry
|-damage|p1a: Poseidon|78/100|[from] Recoil
|move|p1b: Hephaistos|Body Press|p2a: Schmooner
|-resisted|p2a: Schmooner
|-damage|p2a: Schmooner|31/100
|move|p2b: Smellypper|Hurricane|p1a: Poseidon
|-damage|p1a: Poseidon|15/100
|
|-weather|RainDance|[upkeep]
|-heal|p1a: Poseidon|21/100|[from] Grassy Terrain
|-heal|p1b: Hephaistos|100/100|[from] Grassy Terrain
|-heal|p2a: Schmooner|37/100|[from] Grassy Terrain
|upkeep
|turn|3
|inactive|Mahdrescher has 30 seconds left.
|inactive|Ronansting has 30 seconds left.
|inactive|Ronansting has 20 seconds left.
|
|t:|1756054353
|switch|p2a: Arching|Archaludon, L50, F|100/100
|move|p1a: Poseidon|Wave Crash|p2b: Smellypper
|-resisted|p2b: Smellypper
|-damage|p2b: Smellypper|0 fnt
|faint|p2b: Smellypper
|-damage|p1a: Poseidon|21/100|[from] Recoil
|move|p1b: Hephaistos|Dragon Pulse|p2a: Arching
|-damage|p2a: Arching|65/100
|-ability|p2a: Arching|Stamina|boost
|-boost|p2a: Arching|def|1
|
|-weather|RainDance|[upkeep]
|-heal|p1a: Poseidon|27/100|[from] Grassy Terrain
|-heal|p2a: Arching|71/100|[from] Grassy Terrain
|upkeep
|
|t:|1756054363
|switch|p2b: Schmooner|Amoonguss, L50, M|70/100
|turn|4
|
|t:|1756054387
|-terastallize|p2a: Arching|Grass
|move|p2b: Schmooner|Protect|p2b: Schmooner
|-singleturn|p2b: Schmooner|Protect
|move|p1a: Poseidon|Wave Crash|p2b: Schmooner
|-activate|p2b: Schmooner|move: Protect
|move|p1b: Hephaistos|Dragon Pulse|p2b: Schmooner
|-activate|p2b: Schmooner|move: Protect
|move|p2a: Arching|Electro Shot||[still]
|-prepare|p2a: Arching|Electro Shot
|-boost|p2a: Arching|spa|1
|-anim|p2a: Arching|Electro Shot|p1a: Poseidon
|-supereffective|p1a: Poseidon
|-damage|p1a: Poseidon|0 fnt
|faint|p1a: Poseidon
|
|-weather|RainDance|[upkeep]
|-heal|p2a: Arching|77/100|[from] Grassy Terrain
|-heal|p2b: Schmooner|76/100|[from] Grassy Terrain
|upkeep
|
|t:|1756054403
|switch|p1a: Zeus|Electabuzz, L50, M|100/100
|turn|5
|
|t:|1756054418
|move|p1a: Zeus|Follow Me|p1a: Zeus
|-singleturn|p1a: Zeus|move: Follow Me
|move|p1b: Hephaistos|Electro Shot||[still]
|-prepare|p1b: Hephaistos|Electro Shot
|-boost|p1b: Hephaistos|spa|1
|-anim|p1b: Hephaistos|Electro Shot|p2b: Schmooner
|-resisted|p2b: Schmooner
|-damage|p2b: Schmooner|45/100
|move|p2a: Arching|Electro Shot||[still]
|-prepare|p2a: Arching|Electro Shot
|-boost|p2a: Arching|spa|1
|-anim|p2a: Arching|Electro Shot|p1a: Zeus
|-resisted|p1a: Zeus
|-damage|p1a: Zeus|71/100
|move|p2b: Schmooner|Sludge Bomb|p1a: Zeus
|-damage|p1a: Zeus|50/100
|
|-weather|none
|-heal|p1a: Zeus|56/100|[from] Grassy Terrain
|-heal|p2a: Arching|83/100|[from] Grassy Terrain
|-heal|p2b: Schmooner|51/100|[from] Grassy Terrain
|-fieldend|move: Grassy Terrain
|upkeep
|turn|6
|inactive|Mahdrescher has 30 seconds left.
|inactive|Ronansting has 30 seconds left.
|inactive|Mahdrescher has 20 seconds left.
|inactive|Mahdrescher has 15 seconds left.
|
|t:|1756054462
|switch|p2b: Empire|Basculegion, L50, M|100/100
|move|p1a: Zeus|Protect|p1a: Zeus
|-singleturn|p1a: Zeus|Protect
|move|p1b: Hephaistos|Dragon Pulse|p2b: Empire
|-damage|p2b: Empire|11/100
|move|p2a: Arching|Flash Cannon|p1a: Zeus
|-activate|p1a: Zeus|move: Protect
|
|upkeep
|turn|7
|inactive|Mahdrescher has 30 seconds left.
|inactive|Mahdrescher has 20 seconds left.
|inactive|Mahdrescher has 15 seconds left.
|
|t:|1756054504
|-terastallize|p1b: Hephaistos|Bug
|move|p1a: Zeus|Follow Me|p1a: Zeus
|-singleturn|p1a: Zeus|move: Follow Me
|move|p2b: Empire|Aqua Jet|p1a: Zeus
|-damage|p1a: Zeus|37/100
|move|p1b: Hephaistos|Dragon Pulse|p2a: Arching
|-damage|p2a: Arching|30/100
|-ability|p2a: Arching|Stamina|boost
|-boost|p2a: Arching|def|1
|move|p2a: Arching|Body Press|p1a: Zeus
|-damage|p1a: Zeus|4/100
|
|upkeep
|turn|8
|
|t:|1756054525
|switch|p2a: Schmooner|Amoonguss, L50, M|84/100
|move|p1a: Zeus|Follow Me|p1a: Zeus
|-singleturn|p1a: Zeus|move: Follow Me
|move|p2b: Empire|Aqua Jet|p1a: Zeus
|-damage|p1a: Zeus|0 fnt
|faint|p1a: Zeus
|move|p1b: Hephaistos|Dragon Pulse|p2a: Schmooner
|-damage|p2a: Schmooner|21/100
|
|upkeep
|turn|9
|
|t:|1756054547
|switch|p2b: Arching|Archaludon, L50, F, tera:Grass|30/100
|move|p2a: Schmooner|Protect|p2a: Schmooner
|-singleturn|p2a: Schmooner|Protect
|move|p1b: Hephaistos|Dragon Pulse|p2a: Schmooner
|-activate|p2a: Schmooner|move: Protect
|
|upkeep
|turn|10
|
|t:|1756054561
|move|p1b: Hephaistos|Dragon Pulse|p2a: Schmooner
|-damage|p2a: Schmooner|0 fnt
|faint|p2a: Schmooner
|move|p2b: Arching|Draco Meteor|p1b: Hephaistos
|-damage|p1b: Hephaistos|57/100
|-unboost|p2b: Arching|spa|2
|-ability|p1b: Hephaistos|Stamina|boost
|-boost|p1b: Hephaistos|def|1
|
|upkeep
|
|t:|1756054568
|switch|p2a: Empire|Basculegion, L50, M|11/100
|turn|11
|
|t:|1756054573
|move|p2a: Empire|Last Respects|p1b: Hephaistos
|-damage|p1b: Hephaistos|37/100
|move|p1b: Hephaistos|Dragon Pulse|p2b: Arching
|-damage|p2b: Arching|0 fnt
|faint|p2b: Arching
|
|upkeep
|turn|12
|
|t:|1756054581
|move|p2a: Empire|Last Respects|p1b: Hephaistos
|-damage|p1b: Hephaistos|9/100
|move|p1b: Hephaistos|Dragon Pulse|p2a: Empire
|-damage|p2a: Empire|0 fnt
|faint|p2a: Empire
|
|win|Mahdrescher
|raw|Mahdrescher's rating: 1342 → 1367(+25 for winning)
|raw|Ronansting's rating: 1429 → 1404(-25 for losing)
|l|☆Mahdrescher
|player|p1|
