|j|☆jiiito44
|j|☆hide on whimsicott
|html|jiiito44hide on whimsicott    
|uhtml|bestof|Game 1 of a best-of-3
|t:|1782667779
|gametype|doubles
|player|p1|jiiito44|2|1187
|player|p2|hide on whimsicott|artist-gen4|1200
|gen|9
|tier|[Gen 9 Champions] VGC 2026 Reg M-B (Bo3)
|rated|
|rule|Species Clause: Limit one of each Pokémon
|rule|Item Clause: Limit 1 of each item
|clearpoke
|poke|p1|Pyroar, L50, M|
|poke|p1|Torkoal, L50, F|
|poke|p1|Venusaur, L50, F|
|poke|p1|Scrafty, L50, M|
|poke|p1|Farigiraf, L50, M|
|poke|p1|Mamoswine, L50, F|
|poke|p2|Gardevoir, L50, M|
|poke|p2|Basculegion, L50, M|
|poke|p2|Pelipper, L50, F|
|poke|p2|Archaludon, L50, F|
|poke|p2|Maushold-Four, L50|
|poke|p2|Swampert, L50, F|
|teampreview|4
|showteam|p1|Pyroar||Pyroarite|Rivalry|HeatWave,SolarBeam,Overheat,Protect|Timid||M|||50|]Torkoal||HeatRock|Drought|Protect,HelpingHand,WeatherBall,Eruption|Quiet||F|||50|]Venusaur||LifeOrb|Chlorophyll|Protect,EarthPower,SludgeBomb,EnergyBall|Modest||F|||50|]Scrafty||Scraftinite|Intimidate|FakeOut,IcePunch,KnockOff,DrainPunch|Brave||M|||50|]Farigiraf||SitrusBerry|ArmorTail|Protect,TrickRoom,Thunderbolt,Psychic|Modest||M|||50|]Mamoswine||FocusSash|Oblivious|Protect,RockSlide,IceShard,HighHorsepower|Jolly||F|||50|
|showteam|p2|Gardevoir||Gardevoirite|Trace|Psyshock,HyperVoice,Protect,TrickRoom|Modest||M|||50|]Basculegion||ChoiceScarf|Adaptability|LastRespects,WaveCrash,PsychicFangs,FlipTurn|Adamant||M|||50|]Pelipper||SitrusBerry|Drizzle|Hurricane,Tailwind,WeatherBall,RainDance|Bold||F|||50|]Archaludon||Leftovers|Stamina|ElectroShot,DragonPulse,FlashCannon,Protect|Modest||F|||50|]Maushold-Four||FocusSash|FriendGuard|Feint,SuperFang,Protect,FollowMe|Jolly|||||50|]Swampert||Swampertite|Torrent|IcePunch,HighHorsepower,WaveCrash,Protect|Adamant||F|||50|
|inactive|Battle timer is ON: inactive players will automatically lose when time's up. (requested by hide on whimsicott)
|inactive|jiiito44 has 60 seconds left.
|inactive|hide on whimsicott has 60 seconds left.
|inactive|jiiito44 has 30 seconds left.
|inactive|jiiito44 has 20 seconds left.
|inactive|jiiito44 has 15 seconds left.
|
|t:|1782667859
|teamsize|p1|4
|teamsize|p2|4
|start
|switch|p1a: Venusaur|Venusaur, L50, F|100/100
|switch|p1b: Torkoal|Torkoal, L50, F|100/100
|switch|p2a: Swampert|Swampert, L50, F|100/100
|switch|p2b: Basculegion|Basculegion, L50, M|100/100
|-weather|SunnyDay|[from] ability: Drought|[of] p1b: Torkoal
|turn|1
|inactive|hide on whimsicott has 30 seconds left.
|
|t:|1782667887
|switch|p2b: Pelipper|Pelipper, L50, F|100/100
|-weather|RainDance|[from] ability: Drizzle|[of] p2b: Pelipper
|switch|p1b: Farigiraf|Farigiraf, L50, M|100/100
|detailschange|p2a: Swampert|Swampert-Mega, L50, F
|-mega|p2a: Swampert|Swampert|Swampertite
|move|p2a: Swampert|Ice Punch|p1a: Venusaur
|-supereffective|p1a: Venusaur|1
|-damage|p1a: Venusaur|21/100
|move|p1a: Venusaur|Energy Ball|p2b: Pelipper
|-damage|p2b: Pelipper|22/100
|-enditem|p2b: Pelipper|Sitrus Berry|[eat]
|-heal|p2b: Pelipper|46/100|[from] item: Sitrus Berry
|-damage|p1a: Venusaur|11/100|[from] item: Life Orb
|
|-weather|RainDance|[upkeep]
|upkeep
|turn|2
|inactive|hide on whimsicott has 30 seconds left.
|
|t:|1782667912
|move|p2a: Swampert|Protect|p2a: Swampert
|-singleturn|p2a: Swampert|Protect
|move|p1a: Venusaur|Protect|p1a: Venusaur
|-singleturn|p1a: Venusaur|Protect
|move|p2b: Pelipper|Rain Dance||[still]
|-fail|p2b: Pelipper
|move|p1b: Farigiraf|Trick Room|p1b: Farigiraf
|-fieldstart|move: Trick Room|[of] p1b: Farigiraf
|
|-weather|RainDance|[upkeep]
|upkeep
|turn|3
|inactive|hide on whimsicott has 30 seconds left.
|
|t:|1782667940
|switch|p2a: Maushold|Maushold-Four, L50|100/100
|move|p1b: Farigiraf|Psychic|p2b: Pelipper
|-damage|p2b: Pelipper|4/100
|move|p2b: Pelipper|Weather Ball|p1a: Venusaur
|-resisted|p1a: Venusaur|1
|-damage|p1a: Venusaur|0 fnt
|faint|p1a: Venusaur
|
|-weather|RainDance|[upkeep]
|upkeep
|
|t:|1782667956
|switch|p1a: Torkoal|Torkoal, L50, F|100/100
|-weather|SunnyDay|[from] ability: Drought|[of] p1a: Torkoal
|turn|4
|
|t:|1782667977
|switch|p2b: Basculegion|Basculegion, L50, M|100/100
|move|p2a: Maushold|Protect|p2a: Maushold
|-singleturn|p2a: Maushold|Protect
|move|p1a: Torkoal|Eruption|p2a: Maushold|[spread] p2b
|-activate|p2a: Maushold|move: Protect
|-resisted|p2b: Basculegion|1
|-damage|p2b: Basculegion|68/100
|move|p1b: Farigiraf|Psychic|p2b: Basculegion
|-damage|p2b: Basculegion|33/100
|
|-weather|SunnyDay|[upkeep]
|upkeep
|turn|5
|inactive|jiiito44 has 30 seconds left.
|
|t:|1782668008
|switch|p2b: Pelipper|Pelipper, L50, F|4/100
|-weather|RainDance|[from] ability: Drizzle|[of] p2b: Pelipper
|move|p1a: Torkoal|Eruption|p2a: Maushold|[spread] p2a,p2b
|-resisted|p2b: Pelipper|1
|-damage|p2a: Maushold|66/100
|-damage|p2b: Pelipper|0 fnt
|faint|p2b: Pelipper
|move|p1b: Farigiraf|Psychic|p2a: Maushold
|-damage|p2a: Maushold|11/100
|move|p2a: Maushold|Super Fang|p1b: Farigiraf
|-damage|p1b: Farigiraf|50/100g
|
|-weather|RainDance|[upkeep]
|upkeep
|
|t:|1782668015
|switch|p2b: Swampert|Swampert-Mega, L50, F|100/100
|turn|6
|
|t:|1782668033
|switch|p1a: Pyroar|Pyroar, L50, M|100/100
|move|p1b: Farigiraf|Protect|p1b: Farigiraf
|-singleturn|p1b: Farigiraf|Protect
|move|p2a: Maushold|Protect|p2a: Maushold
|-singleturn|p2a: Maushold|Protect
|move|p2b: Swampert|High Horsepower|p1a: Pyroar
|-supereffective|p1a: Pyroar|1
|-damage|p1a: Pyroar|0 fnt
|faint|p1a: Pyroar
|
|-weather|RainDance|[upkeep]
|-fieldend|move: Trick Room
|upkeep
|
|t:|1782668042
|switch|p1a: Torkoal|Torkoal, L50, F|100/100
|-weather|SunnyDay|[from] ability: Drought|[of] p1a: Torkoal
|turn|7
|
|t:|1782668059
|move|p2a: Maushold|Super Fang|p1b: Farigiraf
|-damage|p1b: Farigiraf|25/100
|-enditem|p1b: Farigiraf|Sitrus Berry|[eat]
|-heal|p1b: Farigiraf|49/100|[from] item: Sitrus Berry
|move|p2b: Swampert|High Horsepower|p1b: Farigiraf
|-damage|p1b: Farigiraf|0 fnt
|faint|p1b: Farigiraf
|move|p1a: Torkoal|Eruption|p2b: Swampert|[spread] p2a,p2b
|-resisted|p2b: Swampert|1
|-damage|p2a: Maushold|0 fnt
|-damage|p2b: Swampert|74/100
|faint|p2a: Maushold
|
|-weather|SunnyDay|[upkeep]
|upkeep
|
|t:|1782668067
|switch|p2a: Basculegion|Basculegion, L50, M|33/100
|turn|8
|-message|jiiito44 forfeited.
|
|win|hide on whimsicott
