|j|☆joyfulwizard
|j|☆i miss my csr zama
|html|joyfulwizardi miss my csr zama    
|uhtml|bestof|Game 3 of a best-of-3
|t:|1782675768
|gametype|doubles
|player|p1|joyfulwizard|101|1125
|player|p2|i miss my csr zama|may-masters2|1055
|gen|9
|tier|[Gen 9 Champions] VGC 2026 Reg M-B (Bo3)
|rated|
|rule|Species Clause: Limit one of each Pokémon
|rule|Item Clause: Limit 1 of each item
|clearpoke
|poke|p1|Politoed, L50, F|
|poke|p1|Gengar, L50, F, shiny|
|poke|p1|Sinistcha, L50|
|poke|p1|Incineroar, L50, F|
|poke|p1|Scrafty, L50, F|
|poke|p1|Floette-Eternal, L50, F|
|poke|p2|Charizard, L50, M|
|poke|p2|Mawile, L50, F|
|poke|p2|Hydreigon, L50, M|
|poke|p2|Incineroar, L50, F|
|poke|p2|Farigiraf, L50, M|
|poke|p2|Garchomp, L50, F|
|teampreview|4
|showteam|p1|Politoed||SitrusBerry|Drizzle|Protect,WeatherBall,IcyWind,HelpingHand|Modest||F|||50|]Gengar||Gengarite|CursedBody|PerishSong,ShadowBall,Disable,Protect|Timid||F|||50|]Sinistcha||KasibBerry|Hospitality|MatchaGotcha,TrickRoom,RagePowder,Protect|Bold|||||50|]Incineroar||PasshoBerry|Intimidate|Protect,FakeOut,PartingShot,DarkestLariat|Impish||F|||50|]Scrafty||FocusSash|Intimidate|Protect,FakeOut,KnockOff,CloseCombat|Adamant||F|||50|]Floette-Eternal||Floettite|FlowerVeil|Protect,DrainingKiss,CalmMind,DazzlingGleam|Modest||F|||50|
|showteam|p2|Charizard||CharizarditeY|Blaze|WeatherBall,HeatWave,SolarBeam,Protect|Timid||M|||50|]Mawile||Mawilite|Intimidate|PlayRough,IronHead,SuckerPunch,Protect|Adamant||F|||50|]Hydreigon||ChoiceScarf|Levitate|DracoMeteor,DarkPulse,Snarl,EarthPower|Modest||M|||50|]Incineroar||Charcoal|Intimidate|FakeOut,PartingShot,FlareBlitz,DarkestLariat|Adamant||F|||50|]Farigiraf||SitrusBerry|ArmorTail|Thunderbolt,TwinBeam,TrickRoom,HelpingHand|Relaxed||M|||50|]Garchomp||LifeOrb|RoughSkin|Earthquake,DragonClaw,RockSlide,Protect|Jolly||F|||50|
|inactive|Battle timer is ON: inactive players will automatically lose when time's up. (requested by i miss my csr zama)
|inactive|i miss my csr zama has 60 seconds left.
|
|t:|1782675821
|teamsize|p1|4
|teamsize|p2|4
|start
|switch|p1a: Floette|Floette-Eternal, L50, F|100/100
|switch|p1b: Politoed|Politoed, L50, F|100/100
|switch|p2a: Farigiraf|Farigiraf, L50, M|100/100
|switch|p2b: Incineroar|Incineroar, L50, F|100/100
|-weather|RainDance|[from] ability: Drizzle|[of] p1b: Politoed
|-ability|p2b: Incineroar|Intimidate|boost
|-unboost|p1a: Floette|atk|1
|-unboost|p1b: Politoed|atk|1
|turn|1
|
|t:|1782675836
|detailschange|p1a: Floette|Floette-Mega, L50, F
|-mega|p1a: Floette|Floette|Floettite
|-ability|p1a: Floette|Fairy Aura
|move|p2b: Incineroar|Fake Out|p1a: Floette
|-damage|p1a: Floette|84/100
|cant|p1a: Floette|flinch
|move|p1b: Politoed|Weather Ball|p2b: Incineroar
|-supereffective|p2b: Incineroar|1
|-crit|p2b: Incineroar
|-damage|p2b: Incineroar|0 fnt
|faint|p2b: Incineroar
|move|p2a: Farigiraf|Thunderbolt|p1b: Politoed
|-supereffective|p1b: Politoed|1
|-damage|p1b: Politoed|63/100
|
|-weather|RainDance|[upkeep]
|upkeep
|
|t:|1782675846
|switch|p2b: Mawile|Mawile, L50, F|100/100
|-ability|p2b: Mawile|Intimidate|boost
|-unboost|p1a: Floette|atk|1
|-unboost|p1b: Politoed|atk|1
|turn|2
|
|t:|1782675859
|detailschange|p2b: Mawile|Mawile-Mega, L50, F
|-mega|p2b: Mawile|Mawile|Mawilite
|move|p1a: Floette|Protect|p1a: Floette
|-singleturn|p1a: Floette|Protect
|move|p1b: Politoed|Weather Ball|p2a: Farigiraf
|-crit|p2a: Farigiraf
|-damage|p2a: Farigiraf|32/100
|-enditem|p2a: Farigiraf|Sitrus Berry|[eat]
|-heal|p2a: Farigiraf|57/100|[from] item: Sitrus Berry
|move|p2b: Mawile|Play Rough|p1b: Politoed|[miss]
|-miss|p2b: Mawile|p1b: Politoed
|move|p2a: Farigiraf|Trick Room|p2a: Farigiraf
|-fieldstart|move: Trick Room|[of] p2a: Farigiraf
|
|-weather|RainDance|[upkeep]
|upkeep
|turn|3
|
|t:|1782675876
|switch|p1a: Incineroar|Incineroar, L50, F|100/100
|-ability|p1a: Incineroar|Intimidate|boost
|-unboost|p2a: Farigiraf|atk|1
|-unboost|p2b: Mawile|atk|1
|move|p1b: Politoed|Protect|p1b: Politoed
|-singleturn|p1b: Politoed|Protect
|move|p2a: Farigiraf|Thunderbolt|p1b: Politoed
|-activate|p1b: Politoed|move: Protect
|move|p2b: Mawile|Iron Head|p1a: Incineroar
|-resisted|p1a: Incineroar|1
|-damage|p1a: Incineroar|81/100
|
|-weather|RainDance|[upkeep]
|upkeep
|turn|4
|
|t:|1782675890
|switch|p1b: Sinistcha|Sinistcha, L50|100/100
|-heal|p1a: Incineroar|100/100|[from] ability: Hospitality|[of] p1b: Sinistcha
|move|p2a: Farigiraf|Helping Hand|p2b: Mawile
|-singleturn|p2b: Mawile|Helping Hand|[of] p2a: Farigiraf
|move|p2b: Mawile|Play Rough|p1b: Sinistcha
|-damage|p1b: Sinistcha|30/100
|-unboost|p1b: Sinistcha|atk|1
|move|p1a: Incineroar|Parting Shot|p2b: Mawile
|-unboost|p2b: Mawile|atk|1
|-unboost|p2b: Mawile|spa|1
|
|t:|1782675902
|switch|p1a: Politoed|Politoed, L50, F|63/100|[from] Parting Shot
|
|-weather|RainDance|[upkeep]
|upkeep
|turn|5
|
|t:|1782675909
|switch|p1b: Incineroar|Incineroar, L50, F|100/100
|-ability|p1b: Incineroar|Intimidate|boost
|-unboost|p2a: Farigiraf|atk|1
|-unboost|p2b: Mawile|atk|1
|move|p2a: Farigiraf|Twin Beam|p1b: Incineroar
|-immune|p1b: Incineroar
|move|p2b: Mawile|Play Rough|p1a: Politoed
|-damage|p1a: Politoed|30/100
|-enditem|p1a: Politoed|Sitrus Berry|[eat]
|-heal|p1a: Politoed|55/100|[from] item: Sitrus Berry
|move|p1a: Politoed|Weather Ball|p2a: Farigiraf
|-damage|p2a: Farigiraf|17/100
|
|-weather|none
|upkeep
|turn|6
|
|t:|1782675932
|switch|p2b: Garchomp|Garchomp, L50, F|100/100
|switch|p1b: Sinistcha|Sinistcha, L50|30/100
|-heal|p1a: Politoed|80/100|[from] ability: Hospitality|[of] p1b: Sinistcha
|move|p2a: Farigiraf|Thunderbolt|p1a: Politoed
|-supereffective|p1a: Politoed|1
|-damage|p1a: Politoed|44/100
|-status|p1a: Politoed|par
|move|p1a: Politoed|Weather Ball|p2a: Farigiraf
|-damage|p2a: Farigiraf|6/100
|
|-fieldend|move: Trick Room
|upkeep
|turn|7
|
|t:|1782675955
|switch|p1b: Incineroar|Incineroar, L50, F|100/100
|-ability|p1b: Incineroar|Intimidate|boost
|-unboost|p2a: Farigiraf|atk|1
|-unboost|p2b: Garchomp|atk|1
|move|p1a: Politoed|Protect|p1a: Politoed
|-singleturn|p1a: Politoed|Protect
|move|p2b: Garchomp|Rock Slide|p1b: Incineroar|[spread] p1b
|-activate|p1a: Politoed|move: Protect
|-supereffective|p1b: Incineroar|1
|-damage|p1b: Incineroar|76/100
|-damage|p2b: Garchomp|90/100|[from] item: Life Orb
|move|p2a: Farigiraf|Trick Room|p2a: Farigiraf
|-fieldstart|move: Trick Room|[of] p2a: Farigiraf
|
|upkeep
|turn|8
|
|t:|1782675969
|switch|p2a: Mawile|Mawile-Mega, L50, F|100/100
|move|p2b: Garchomp|Protect|p2b: Garchomp
|-singleturn|p2b: Garchomp|Protect
|move|p1a: Politoed|Icy Wind|p2a: Mawile|[spread] p2a
|-activate|p2b: Garchomp|move: Protect
|-resisted|p2a: Mawile|1
|-damage|p2a: Mawile|94/100
|-unboost|p2a: Mawile|spe|1
|move|p1b: Incineroar|Parting Shot|p2b: Garchomp
|-activate|p2b: Garchomp|move: Protect
|
|upkeep
|turn|9
|
|t:|1782675987
|switch|p1b: Sinistcha|Sinistcha, L50|30/100
|-heal|p1a: Politoed|69/100 par|[from] ability: Hospitality|[of] p1b: Sinistcha
|move|p1a: Politoed|Icy Wind|p2b: Garchomp|[spread] p2b
|-miss|p1a: Politoed|p2a: Mawile
|-supereffective|p2b: Garchomp|2
|-damage|p2b: Garchomp|49/100
|-unboost|p2b: Garchomp|spe|1
|move|p2a: Mawile|Play Rough|p1a: Politoed
|-damage|p1a: Politoed|0 fnt
|faint|p1a: Politoed
|move|p2b: Garchomp|Rock Slide|p1b: Sinistcha
|-damage|p1b: Sinistcha|12/100
|-damage|p2b: Garchomp|39/100|[from] item: Life Orb
|
|upkeep
|
|t:|1782675999
|switch|p1a: Incineroar|Incineroar, L50, F|76/100
|-ability|p1a: Incineroar|Intimidate|boost
|-unboost|p2a: Mawile|atk|1
|-unboost|p2b: Garchomp|atk|1
|turn|10
|
|t:|1782676023
|move|p2a: Mawile|Protect|p2a: Mawile
|-singleturn|p2a: Mawile|Protect
|move|p1a: Incineroar|Darkest Lariat|p2b: Garchomp
|-damage|p2b: Garchomp|7/100
|-damage|p1a: Incineroar|64/100|[from] ability: Rough Skin|[of] p2b: Garchomp
|move|p1b: Sinistcha|Matcha Gotcha|p2b: Garchomp|[spread] p2b
|-activate|p2a: Mawile|move: Protect
|-damage|p2b: Garchomp|0 fnt
|-heal|p1b: Sinistcha|16/100|[from] drain|[of] p2b: Garchomp
|faint|p2b: Garchomp
|
|upkeep
|
|t:|1782676027
|switch|p2b: Farigiraf|Farigiraf, L50, M|6/100
|turn|11
|
|t:|1782676040
|move|p1b: Sinistcha|Protect|p1b: Sinistcha
|-singleturn|p1b: Sinistcha|Protect
|move|p2a: Mawile|Play Rough|p1a: Incineroar
|-damage|p1a: Incineroar|23/100
|move|p2b: Farigiraf|Twin Beam|p1b: Sinistcha
|-activate|p1b: Sinistcha|move: Protect
|move|p1a: Incineroar|Parting Shot|p2a: Mawile
|-unboost|p2a: Mawile|atk|1
|-unboost|p2a: Mawile|spa|1
|
|t:|1782676048
|switch|p1a: Floette|Floette-Mega, L50, F|84/100|[from] Parting Shot
|-ability|p1a: Floette|Fairy Aura
|
|-fieldend|move: Trick Room
|upkeep
|turn|12
|
|t:|1782676053
|switch|p1b: Incineroar|Incineroar, L50, F|23/100
|-ability|p1b: Incineroar|Intimidate|boost
|-unboost|p2a: Mawile|atk|1
|-unboost|p2b: Farigiraf|atk|1
|move|p2b: Farigiraf|Helping Hand|p2a: Mawile
|-singleturn|p2a: Mawile|Helping Hand|[of] p2b: Farigiraf
|move|p1a: Floette|Dazzling Gleam|p2a: Mawile|[spread] p2a,p2b
|-resisted|p2a: Mawile|1
|-damage|p2a: Mawile|66/100
|-damage|p2b: Farigiraf|0 fnt
|faint|p2b: Farigiraf
|move|p2a: Mawile|Iron Head|p1a: Floette
|-supereffective|p1a: Floette|1
|-damage|p1a: Floette|0 fnt
|faint|p1a: Floette
|
|upkeep
|
|t:|1782676055
|switch|p1a: Sinistcha|Sinistcha, L50|16/100
|-heal|p1b: Incineroar|47/100|[from] ability: Hospitality|[of] p1a: Sinistcha
|turn|13
|
|t:|1782676063
|move|p2a: Mawile|Protect|p2a: Mawile
|-singleturn|p2a: Mawile|Protect
|move|p1b: Incineroar|Fake Out|p2a: Mawile
|-activate|p2a: Mawile|move: Protect
|move|p1a: Sinistcha|Matcha Gotcha|p2a: Mawile
|-activate|p2a: Mawile|move: Protect
|
|upkeep
|turn|14
|
|t:|1782676068
|move|p1a: Sinistcha|Matcha Gotcha|p2a: Mawile
|-resisted|p2a: Mawile|1
|-damage|p2a: Mawile|47/100
|-heal|p1a: Sinistcha|24/100|[from] drain|[of] p2a: Mawile
|-status|p2a: Mawile|brn
|move|p1b: Incineroar|Darkest Lariat|p2a: Mawile
|-resisted|p2a: Mawile|1
|-damage|p2a: Mawile|30/100 brn
|move|p2a: Mawile|Play Rough|p1b: Incineroar|[miss]
|-miss|p2a: Mawile|p1b: Incineroar
|
|-damage|p2a: Mawile|24/100 brn|[from] brn
|upkeep
|turn|15
|-message|i miss my csr zama forfeited.
|
|win|joyfulwizard
|raw|joyfulwizard's rating: 1125 → 1145(+20 for winning)
|raw|i miss my csr zama's rating: 1055 → 1040(-15 for losing)
|l|☆i miss my csr zama
|player|p2|
