|j|☆alexander1111
|j|☆TopekaMelon
|html|alexander1111TopekaMelon    
|uhtml|bestof|Game 2 of a best-of-3
|t:|1783645190
|gametype|doubles
|player|p1|alexander1111|preschooler|
|player|p2|TopekaMelon|sabrina|
|gen|9
|tier|[Gen 9 Champions] VGC 2026 Reg M-B (Bo3)
|rule|Species Clause: Limit one of each Pokémon
|rule|Item Clause: Limit 1 of each item
|clearpoke
|poke|p1|Milotic, L50, F|
|poke|p1|Maushold-Four, L50|
|poke|p1|Charizard, L50, F, shiny|
|poke|p1|Whimsicott, L50, M, shiny|
|poke|p1|Kingambit, L50, F|
|poke|p1|Garchomp, L50, M|
|poke|p2|Kangaskhan, L50, F|
|poke|p2|Farigiraf, L50, M|
|poke|p2|Torkoal, L50, F|
|poke|p2|Mawile, L50, F|
|poke|p2|Pyroar, L50, F|
|poke|p2|Gallade, L50, M|
|teampreview|4
|showteam|p1|Milotic||SitrusBerry|Competitive|Scald,IceBeam,HelpingHand,Protect|Modest||F|||50|]Maushold-Four||WideLens|Technician|PopulationBomb,FollowMe,Protect,SunnyDay|Jolly|||||50|]Charizard||CharizarditeY|Blaze|SolarBeam,HeatWave,WeatherBall,Protect|Timid||F|||50|]Whimsicott||FocusSash|Prankster|Tailwind,Moonblast,Protect,Encore|Timid||M|||50|]Kingambit||ChopleBerry|Defiant|KowtowCleave,SuckerPunch,IronHead,LowKick|Adamant||F|||50|]Garchomp||LifeOrb|RoughSkin|RockSlide,Earthquake,DragonClaw,Protect|Jolly||M|||50|
|showteam|p2|Kangaskhan||SilkScarf|Scrappy|FakeOut,LastResort|Brave||F|||50|]Farigiraf||SitrusBerry|ArmorTail|HelpingHand,TrickRoom,Psychic,Thunderbolt|Quiet||M|||50|]Torkoal||Charcoal|Drought|Protect,Eruption,WeatherBall,EarthPower|Quiet||F|||50|]Mawile||Mawilite|Intimidate|Protect,SuckerPunch,PlayRough,RockSlide|Brave||F|||50|]Pyroar||Pyroarite|Rivalry|Protect,HeatWave,Overheat,SolarBeam|Timid||F|||50|]Gallade||WhiteHerb|Sharpness|SacredSword,PsychoCut,LeafBlade,TrickRoom|Brave||M|||50|
|
|t:|1783645262
|teamsize|p1|4
|teamsize|p2|4
|start
|switch|p1a: Charizard|Charizard, L50, F, shiny|100/100
|switch|p1b: Garchomp|Garchomp, L50, M|100/100
|switch|p2a: Kangaskhan|Kangaskhan, L50, F|100/100
|switch|p2b: Farigiraf|Farigiraf, L50, M|100/100
|turn|1
|
|t:|1783645283
|detailschange|p1a: Charizard|Charizard-Mega-Y, L50, F, shiny
|-mega|p1a: Charizard|Charizard|Charizardite Y
|-weather|SunnyDay|[from] ability: Drought|[of] p1a: Charizard
|move|p2a: Kangaskhan|Fake Out|p1a: Charizard
|-damage|p1a: Charizard|68/100
|move|p1b: Garchomp|Earthquake|p2a: Kangaskhan|[spread] p2a,p2b
|-immune|p1a: Charizard
|-damage|p2a: Kangaskhan|50/100g
|-damage|p2b: Farigiraf|48/100
|-enditem|p2b: Farigiraf|Sitrus Berry|[eat]
|-heal|p2b: Farigiraf|73/100|[from] item: Sitrus Berry
|-damage|p1b: Garchomp|90/100|[from] item: Life Orb
|cant|p1a: Charizard|flinch
|move|p2b: Farigiraf|Trick Room|p2b: Farigiraf
|-fieldstart|move: Trick Room|[of] p2b: Farigiraf
|
|-weather|SunnyDay|[upkeep]
|upkeep
|turn|2
|
|t:|1783645352
|move|p2b: Farigiraf|Helping Hand|p2a: Kangaskhan
|-singleturn|p2a: Kangaskhan|Helping Hand|[of] p2b: Farigiraf
|move|p1a: Charizard|Protect|p1a: Charizard
|-singleturn|p1a: Charizard|Protect
|move|p2a: Kangaskhan|Last Resort|p1b: Garchomp
|-damage|p1b: Garchomp|0 fnt
|-damage|p2a: Kangaskhan|38/100|[from] ability: Rough Skin|[of] p1b: Garchomp
|faint|p1b: Garchomp
|
|-weather|SunnyDay|[upkeep]
|upkeep
|
|t:|1783645359
|switch|p1b: Kingambit|Kingambit, L50, F|100/100
|turn|3
|
|t:|1783645396
|move|p1b: Kingambit|Kowtow Cleave|p2a: Kangaskhan
|-damage|p2a: Kangaskhan|0 fnt
|faint|p2a: Kangaskhan
|move|p2b: Farigiraf|Thunderbolt|p1a: Charizard
|-supereffective|p1a: Charizard|1
|-damage|p1a: Charizard|17/100
|move|p1a: Charizard|Weather Ball|p2b: Farigiraf
|-damage|p2b: Farigiraf|3/100
|
|-weather|SunnyDay|[upkeep]
|upkeep
|
|t:|1783645427
|switch|p2a: Mawile|Mawile, L50, F|100/100
|-ability|p2a: Mawile|Intimidate|boost
|-unboost|p1a: Charizard|atk|1
|-unboost|p1b: Kingambit|atk|1
|-ability|p1b: Kingambit|Defiant|boost
|-boost|p1b: Kingambit|atk|2
|turn|4
|
|t:|1783645482
|switch|p1a: Milotic|Milotic, L50, F|100/100
|detailschange|p2a: Mawile|Mawile-Mega, L50, F
|-mega|p2a: Mawile|Mawile|Mawilite
|move|p2a: Mawile|Rock Slide|p1a: Milotic|[spread] p1a,p1b
|-resisted|p1b: Kingambit|1
|-damage|p1a: Milotic|65/100
|-damage|p1b: Kingambit|85/100
|move|p1b: Kingambit|Kowtow Cleave|p2b: Farigiraf
|-supereffective|p2b: Farigiraf|1
|-damage|p2b: Farigiraf|0 fnt
|faint|p2b: Farigiraf
|
|-weather|SunnyDay|[upkeep]
|upkeep
|
|t:|1783645493
|switch|p2b: Gallade|Gallade, L50, M|100/100
|turn|5
|
|t:|1783645561
|move|p1a: Milotic|Helping Hand|p1b: Kingambit
|-singleturn|p1b: Kingambit|Helping Hand|[of] p1a: Milotic
|move|p2a: Mawile|Rock Slide|p1a: Milotic|[spread] p1b
|-miss|p2a: Mawile|p1a: Milotic
|-resisted|p1b: Kingambit|1
|-damage|p1b: Kingambit|72/100
|move|p1b: Kingambit|Kowtow Cleave|p2b: Gallade
|-damage|p2b: Gallade|0 fnt
|faint|p2b: Gallade
|
|-weather|none
|-fieldend|move: Trick Room
|upkeep
|turn|6
|
|t:|1783645577
|move|p1a: Milotic|Scald|p2a: Mawile
|-damage|p2a: Mawile|61/100
|move|p1b: Kingambit|Iron Head|p2a: Mawile
|-damage|p2a: Mawile|0 fnt
|faint|p2a: Mawile
|
|win|alexander1111
