|j|‽Adroqk
|j|☆fili53
|html|Adroqkfili53    
|uhtml|bestof|Game 2 of a best-of-3
|t:|1757712573
|gametype|doubles
|player|p1|Adroqk|169|1135
|player|p2|fili53|cress|1200
|gen|9
|tier|[Gen 9] VGC 2025 Reg H (Bo3)
|rated|
|rule|Species Clause: Limit one of each Pokémon
|rule|Item Clause: Limit 1 of each item
|clearpoke
|poke|p1|Tyranitar, L50, F|
|poke|p1|Gastrodon, L50, F|
|poke|p1|Rillaboom, L50, M|
|poke|p1|Talonflame, L50, M|
|poke|p1|Gholdengo, L50|
|poke|p1|Electabuzz, L50, F|
|poke|p2|Arcanine-Hisui, L50, M|
|poke|p2|Rillaboom, L50, F|
|poke|p2|Clefable, L50, M|
|poke|p2|Inteleon, L50, M|
|poke|p2|Sneasler, L50, F|
|poke|p2|Gholdengo, L50|
|teampreview|4
|showteam|p1|Tyranitar||ChoiceSpecs|SandStream|Snarl,DarkPulse,PowerGem,Flamethrower|||F|||50|,,,,,Dark]Gastrodon||SitrusBerry|StormDrain|EarthPower,Yawn,Protect,IceBeam|||F|||50|,,,,,Steel]Rillaboom||AssaultVest|GrassySurge|WoodHammer,GrassyGlide,Uturn,FakeOut|||M|||50|,,,,,Rock]Talonflame||CovertCloak|FlameBody|BraveBird,QuickGuard,Tailwind,FlareBlitz|||M|||50|,,,,,Flying]Gholdengo||Leftovers|GoodasGold|NastyPlot,MakeItRain,ShadowBall,Protect||||||50|,,,,,Dragon]Electabuzz||Eviolite|VitalSpirit|FollowMe,VoltSwitch,Feint,Protect|||F|||50|,,,,,Ghost
|showteam|p2|Arcanine-Hisui||ClearAmulet|Intimidate|FlareBlitz,RockSlide,ExtremeSpeed,Protect|||M|||50|,,,,,Water]Rillaboom||AssaultVest|GrassySurge|WoodHammer,GrassyGlide,HighHorsepower,FakeOut|||F|||50|,,,,,Fire]Clefable||SafetyGoggles|Unaware|Moonblast,FollowMe,HelpingHand,Protect|||M|||50|,,,,,Steel]Inteleon||RazorClaw|Sniper|SnipeShot,IceBeam,Taunt,Protect|||M|||50|,,,,,Water]Sneasler||FocusSash|Unburden|CloseCombat,DireClaw,FakeOut,Protect|||F|||50|,,,,,Stellar]Gholdengo||LifeOrb|GoodasGold|MakeItRain,ShadowBall,NastyPlot,Protect||||||50|,,,,,Water
|
|t:|1757712606
|teamsize|p1|4
|teamsize|p2|4
|start
|switch|p1a: Gholdengo|Gholdengo, L50|100/100
|switch|p1b: Talonflame|Talonflame, L50, M|100/100
|switch|p2a: Arcanine|Arcanine-Hisui, L50, M|100/100
|switch|p2b: Gholdengo|Gholdengo, L50|100/100
|-ability|p2a: Arcanine|Intimidate|boost
|-unboost|p1a: Gholdengo|atk|1
|-unboost|p1b: Talonflame|atk|1
|turn|1
|
|t:|1757712622
|switch|p1a: Gastrodon|Gastrodon, L50, F|100/100
|-terastallize|p2b: Gholdengo|Water
|move|p2a: Arcanine|Flare Blitz|p1a: Gastrodon
|-resisted|p1a: Gastrodon
|-damage|p1a: Gastrodon|71/100
|-damage|p2a: Arcanine|89/100|[from] Recoil
|move|p2b: Gholdengo|Shadow Ball|p1a: Gastrodon
|-damage|p1a: Gastrodon|28/100
|-enditem|p1a: Gastrodon|Sitrus Berry|[eat]
|-heal|p1a: Gastrodon|52/100|[from] item: Sitrus Berry
|-damage|p2b: Gholdengo|91/100|[from] item: Life Orb
|move|p1b: Talonflame|Tailwind|p1b: Talonflame
|-sidestart|p1: Adroqk|move: Tailwind
|
|upkeep
|turn|2
|
|t:|1757712645
|switch|p2a: Rillaboom|Rillaboom, L50, F|100/100
|-fieldstart|move: Grassy Terrain|[from] ability: Grassy Surge|[of] p2a: Rillaboom
|move|p1b: Talonflame|Brave Bird|p2a: Rillaboom
|-supereffective|p2a: Rillaboom
|-damage|p2a: Rillaboom|40/100
|-damage|p1b: Talonflame|79/100|[from] Recoil
|move|p2b: Gholdengo|Shadow Ball|p1b: Talonflame
|-damage|p1b: Talonflame|11/100
|-damage|p2b: Gholdengo|82/100|[from] item: Life Orb
|move|p1a: Gastrodon|Earth Power|p2b: Gholdengo
|-damage|p2b: Gholdengo|39/100
|
|-heal|p2b: Gholdengo|45/100|[from] Grassy Terrain
|-heal|p1a: Gastrodon|58/100|[from] Grassy Terrain
|-heal|p2a: Rillaboom|46/100|[from] Grassy Terrain
|upkeep
|turn|3
|
|t:|1757712671
|switch|p1b: Gholdengo|Gholdengo, L50|100/100
|move|p2a: Rillaboom|Grassy Glide|p1b: Gholdengo
|-resisted|p1b: Gholdengo
|-damage|p1b: Gholdengo|79/100
|move|p2b: Gholdengo|Nasty Plot|p2b: Gholdengo
|-boost|p2b: Gholdengo|spa|2
|move|p1a: Gastrodon|Earth Power|p2b: Gholdengo
|-damage|p2b: Gholdengo|0 fnt
|faint|p2b: Gholdengo
|
|-heal|p1b: Gholdengo|85/100|[from] Grassy Terrain
|-heal|p1b: Gholdengo|91/100|[from] item: Leftovers
|-heal|p1a: Gastrodon|64/100|[from] Grassy Terrain
|-heal|p2a: Rillaboom|52/100|[from] Grassy Terrain
|upkeep
|
|t:|1757712684
|switch|p2b: Arcanine|Arcanine-Hisui, L50, M|89/100
|-ability|p2b: Arcanine|Intimidate|boost
|-unboost|p1a: Gastrodon|atk|1
|-unboost|p1b: Gholdengo|atk|1
|turn|4
|
|t:|1757712707
|-terastallize|p1b: Gholdengo|Dragon
|move|p2b: Arcanine|Protect|p2b: Arcanine
|-singleturn|p2b: Arcanine|Protect
|move|p1b: Gholdengo|Nasty Plot|p1b: Gholdengo
|-boost|p1b: Gholdengo|spa|2
|move|p1a: Gastrodon|Earth Power|p2b: Arcanine
|-activate|p2b: Arcanine|move: Protect
|move|p2a: Rillaboom|High Horsepower|p1b: Gholdengo
|-damage|p1b: Gholdengo|51/100
|
|-heal|p1b: Gholdengo|57/100|[from] Grassy Terrain
|-heal|p1b: Gholdengo|63/100|[from] item: Leftovers
|-heal|p2b: Arcanine|95/100|[from] Grassy Terrain
|-heal|p1a: Gastrodon|70/100|[from] Grassy Terrain
|-heal|p2a: Rillaboom|58/100|[from] Grassy Terrain
|-sideend|p1: Adroqk|move: Tailwind
|upkeep
|turn|5
|
|t:|1757712746
|switch|p1a: Talonflame|Talonflame, L50, M|11/100
|move|p2a: Rillaboom|Grassy Glide|p1b: Gholdengo
|-resisted|p1b: Gholdengo
|-damage|p1b: Gholdengo|41/100
|move|p2b: Arcanine|Rock Slide|p1a: Talonflame|[spread] p1a,p1b
|-supereffective|p1a: Talonflame
|-damage|p1a: Talonflame|0 fnt
|-damage|p1b: Gholdengo|11/100
|faint|p1a: Talonflame
|cant|p1b: Gholdengo|flinch
|
|-heal|p2b: Arcanine|100/100|[from] Grassy Terrain
|-heal|p1b: Gholdengo|17/100|[from] Grassy Terrain
|-heal|p1b: Gholdengo|23/100|[from] item: Leftovers
|-heal|p2a: Rillaboom|64/100|[from] Grassy Terrain
|upkeep
|
|t:|1757712765
|switch|p1a: Tyranitar|Tyranitar, L50, F|100/100
|-weather|Sandstorm|[from] ability: Sand Stream|[of] p1a: Tyranitar
|turn|6
|
|t:|1757712790
|move|p1b: Gholdengo|Protect|p1b: Gholdengo
|-singleturn|p1b: Gholdengo|Protect
|move|p2a: Rillaboom|Grassy Glide|p1b: Gholdengo
|-activate|p1b: Gholdengo|move: Protect
|move|p2b: Arcanine|Flare Blitz|p1b: Gholdengo
|-activate|p1b: Gholdengo|move: Protect
|move|p1a: Tyranitar|Dark Pulse|p2a: Rillaboom
|-damage|p2a: Rillaboom|31/100
|
|-weather|Sandstorm|[upkeep]
|-damage|p1b: Gholdengo|17/100|[from] Sandstorm
|-damage|p2a: Rillaboom|25/100|[from] Sandstorm
|-heal|p1b: Gholdengo|23/100|[from] Grassy Terrain
|-heal|p1b: Gholdengo|30/100|[from] item: Leftovers
|-heal|p2a: Rillaboom|31/100|[from] Grassy Terrain
|-fieldend|move: Grassy Terrain
|upkeep
|turn|7
|
|t:|1757712823
|move|p2b: Arcanine|Protect|p2b: Arcanine
|-singleturn|p2b: Arcanine|Protect
|move|p1b: Gholdengo|Shadow Ball|p2b: Arcanine
|-activate|p2b: Arcanine|move: Protect
|move|p2a: Rillaboom|Wood Hammer|p1a: Tyranitar
|-supereffective|p1a: Tyranitar
|-damage|p1a: Tyranitar|1/100
|-damage|p2a: Rillaboom|0 fnt|[from] Recoil
|faint|p2a: Rillaboom
|move|p1a: Tyranitar|Dark Pulse|p2b: Arcanine
|-activate|p2b: Arcanine|move: Protect
|
|-weather|Sandstorm|[upkeep]
|-damage|p1b: Gholdengo|23/100|[from] Sandstorm
|-heal|p1b: Gholdengo|30/100|[from] item: Leftovers
|upkeep
|
|t:|1757712832
|switch|p2a: Clefable|Clefable, L50, M|100/100
|turn|8
|
|t:|1757712864
|move|p2a: Clefable|Helping Hand|p2b: Arcanine
|-singleturn|p2b: Arcanine|Helping Hand|[of] p2a: Clefable
|move|p1b: Gholdengo|Protect|p1b: Gholdengo
|-singleturn|p1b: Gholdengo|Protect
|move|p2b: Arcanine|Rock Slide|p1a: Tyranitar|[spread] p1a
|-activate|p1b: Gholdengo|move: Protect
|-damage|p1a: Tyranitar|0 fnt
|faint|p1a: Tyranitar
|
|-weather|Sandstorm|[upkeep]
|-damage|p1b: Gholdengo|23/100|[from] Sandstorm
|-heal|p1b: Gholdengo|30/100|[from] item: Leftovers
|upkeep
|
|t:|1757712867
|switch|p1a: Gastrodon|Gastrodon, L50, F|70/100
|turn|9
|
|t:|1757712906
|move|p2a: Clefable|Helping Hand|p2b: Arcanine
|-singleturn|p2b: Arcanine|Helping Hand|[of] p2a: Clefable
|move|p2b: Arcanine|Rock Slide|p1a: Gastrodon|[spread] p1a,p1b
|-resisted|p1a: Gastrodon
|-damage|p1a: Gastrodon|49/100
|-damage|p1b: Gholdengo|0 fnt
|faint|p1b: Gholdengo
|move|p1a: Gastrodon|Earth Power|p2a: Clefable
|-damage|p2a: Clefable|68/100
|
|-weather|Sandstorm|[upkeep]
|upkeep
|turn|10
|-message|Adroqk forfeited.
|
|win|fili53
||Adroqk is ready for game 3.
||fili53 is ready for game 3.
|uhtml|next|Next: Game 3 of 3
