|j|☆Rat Rizzo
|j|☆WolfofSigmar
|html|Rat RizzoWolfofSigmar    
|uhtml|bestof|Game 1 of a best-of-3
|t:|1756718243
|gametype|doubles
|player|p1|Rat Rizzo|169|1119
|player|p2|WolfofSigmar|ogreclan|1026
|gen|9
|tier|[Gen 9] VGC 2025 Reg H (Bo3)
|rated|
|rule|Species Clause: Limit one of each Pokémon
|rule|Item Clause: Limit 1 of each item
|clearpoke
|poke|p1|Garchomp, L50, F|
|poke|p1|Jumpluff, L50, M|
|poke|p1|Torkoal, L50, M|
|poke|p1|Dragonite, L50, F|
|poke|p1|Kingambit, L50, M|
|poke|p1|Typhlosion-Hisui, L50, F|
|poke|p2|Hydrapple, L50, F|
|poke|p2|Kingambit, L50, F|
|poke|p2|Farigiraf, L50, M|
|poke|p2|Primarina, L50, M|
|poke|p2|Torkoal, L50, M|
|poke|p2|Electabuzz, L50, F|
|teampreview|4
|showteam|p1|Garchomp||LifeOrb|RoughSkin|DragonClaw,StompingTantrum,Earthquake,Protect|||F|||50|,,,,,Fire]Jumpluff||CovertCloak|Chlorophyll|LeafStorm,SleepPowder,Encore,Tailwind|||M|||50|,,,,,Poison]Torkoal||EjectPack|Drought|Overheat,BurningJealousy,HelpingHand,Protect|||M|||50|,,,,,Flying]Dragonite||LoadedDice|Multiscale|ScaleShot,ExtremeSpeed,IceSpinner,Protect|||F|||50|,,,,,Fairy]Kingambit||AssaultVest|Defiant|IronHead,SuckerPunch,KowtowCleave,LowKick|||M|||50|,,,,,Flying]Typhlosion-Hisui||ChoiceScarf|Blaze|Eruption,ShadowBall,HeatWave,Overheat|||F|||50|,,,,,Fire
|showteam|p2|Hydrapple||ChoiceSpecs|Regenerator|DracoMeteor,FickleBeam,EnergyBall,EarthPower|||F|||50|,,,,,Steel]Kingambit||AssaultVest|Defiant|SuckerPunch,KowtowCleave,LowKick,IronHead|||F|||50|,,,,,Dragon]Farigiraf||SitrusBerry|ArmorTail|Psychic,DazzlingGleam,TrickRoom,HelpingHand|||M|||50|,,,,,Fire]Primarina||ThroatSpray|LiquidVoice|HyperVoice,CalmMind,Protect,Moonblast|||M|||50|,,,,,Grass]Torkoal||Charcoal|Drought|EarthPower,Protect,Eruption,HeatWave|||M|||50|,,,,,Fire]Electabuzz||Eviolite|VitalSpirit|VoltSwitch,FollowMe,KnockOff,HelpingHand|||F|||50|,,,,,Flying
|inactive|Battle timer is ON: inactive players will automatically lose when time's up. (requested by Rat Rizzo)
|inactive|Rat Rizzo has 60 seconds left.
|
|t:|1756718293
|teamsize|p1|4
|teamsize|p2|4
|start
|switch|p1a: Garchomp|Garchomp, L50, F|100/100
|switch|p1b: Dragonite|Dragonite, L50, F|100/100
|switch|p2a: Primarina|Primarina, L50, M, shiny|100/100
|switch|p2b: Farigiraf|Farigiraf, L50, M, shiny|100/100
|turn|1
|
|t:|1756718305
|-terastallize|p1a: Garchomp|Fire
|move|p1a: Garchomp|Earthquake|p2b: Farigiraf|[spread] p2a,p2b
|-immune|p1b: Dragonite
|-damage|p2a: Primarina|48/100
|-damage|p2b: Farigiraf|55/100
|-damage|p1a: Garchomp|91/100|[from] item: Life Orb
|move|p1b: Dragonite|Scale Shot|p2b: Farigiraf
|-damage|p2b: Farigiraf|42/100
|-enditem|p2b: Farigiraf|Sitrus Berry|[eat]
|-heal|p2b: Farigiraf|66/100|[from] item: Sitrus Berry
|-damage|p2b: Farigiraf|54/100
|-damage|p2b: Farigiraf|41/100
|-damage|p2b: Farigiraf|29/100
|-hitcount|p2b: Farigiraf|4
|-unboost|p1b: Dragonite|def|1
|-boost|p1b: Dragonite|spe|1
|move|p2a: Primarina|Hyper Voice|p1b: Dragonite|[spread] p1a,p1b
|-supereffective|p1a: Garchomp
|-resisted|p1b: Dragonite
|-damage|p1a: Garchomp|15/100
|-damage|p1b: Dragonite|93/100
|-enditem|p2a: Primarina|Throat Spray
|-boost|p2a: Primarina|spa|1|[from] item: Throat Spray
|move|p2b: Farigiraf|Trick Room|p2b: Farigiraf
|-fieldstart|move: Trick Room|[of] p2b: Farigiraf
|
|upkeep
|turn|2
|inactive|WolfofSigmar has 30 seconds left.
|
|t:|1756718333
|move|p1a: Garchomp|Protect|p1a: Garchomp
|-singleturn|p1a: Garchomp|Protect
|move|p2a: Primarina|Hyper Voice|p1a: Garchomp|[spread] p1b
|-activate|p1a: Garchomp|move: Protect
|-resisted|p1b: Dragonite
|-damage|p1b: Dragonite|71/100
|move|p2b: Farigiraf|Dazzling Gleam|p1a: Garchomp|[spread] p1b
|-activate|p1a: Garchomp|move: Protect
|-supereffective|p1b: Dragonite
|-damage|p1b: Dragonite|39/100
|move|p1b: Dragonite|Scale Shot|p2b: Farigiraf
|-damage|p2b: Farigiraf|16/100
|-damage|p2b: Farigiraf|4/100
|-damage|p2b: Farigiraf|0 fnt
|faint|p2b: Farigiraf
|-hitcount|p2: Farigiraf|3
|-unboost|p1b: Dragonite|def|1
|-boost|p1b: Dragonite|spe|1
|
|upkeep
|
|t:|1756718350
|switch|p2b: Torkoal|Torkoal, L50, M, shiny|100/100
|-weather|SunnyDay|[from] ability: Drought|[of] p2b: Torkoal
|turn|3
|
|t:|1756718372
|-terastallize|p2b: Torkoal|Fire
|move|p1b: Dragonite|Extreme Speed|p2b: Torkoal
|-damage|p2b: Torkoal|78/100
|move|p2b: Torkoal|Eruption|p1a: Garchomp|[spread] p1a,p1b
|-resisted|p1a: Garchomp
|-resisted|p1b: Dragonite
|-damage|p1a: Garchomp|0 fnt
|-damage|p1b: Dragonite|0 fnt
|faint|p1a: Garchomp
|faint|p1b: Dragonite
|move|p2a: Primarina|Hyper Voice|p1: Garchomp|[notarget]
|-fail|p2a: Primarina
|
|-weather|SunnyDay|[upkeep]
|upkeep
|
|t:|1756718377
|switch|p1b: Typhlosion|Typhlosion-Hisui, L50, F|100/100
|switch|p1a: Torkoal|Torkoal, L50, M|100/100
|turn|4
|
|t:|1756718390
|move|p2a: Primarina|Protect|p2a: Primarina
|-singleturn|p2a: Primarina|Protect
|move|p2b: Torkoal|Earth Power|p1b: Typhlosion
|-supereffective|p1b: Typhlosion
|-damage|p1b: Typhlosion|35/100
|move|p1a: Torkoal|Overheat|p2a: Primarina
|-activate|p2a: Primarina|move: Protect
|move|p1b: Typhlosion|Heat Wave|p2b: Torkoal|[spread] p2b
|-activate|p2a: Primarina|move: Protect
|-resisted|p2b: Torkoal
|-damage|p2b: Torkoal|41/100
|
|-weather|SunnyDay|[upkeep]
|upkeep
|turn|5
|
|t:|1756718402
|move|p2b: Torkoal|Earth Power|p1b: Typhlosion
|-supereffective|p1b: Typhlosion
|-crit|p1b: Typhlosion
|-damage|p1b: Typhlosion|0 fnt
|faint|p1b: Typhlosion
|move|p1a: Torkoal|Overheat|p2b: Torkoal|[miss]
|-miss|p1a: Torkoal|p2b: Torkoal
|move|p2a: Primarina|Hyper Voice|p1a: Torkoal
|-supereffective|p1a: Torkoal
|-damage|p1a: Torkoal|33/100
|
|-weather|SunnyDay|[upkeep]
|-fieldend|move: Trick Room
|upkeep
|turn|6
|-message|Rat Rizzo forfeited.
|
|win|WolfofSigmar
