|j|☆77hh771
|j|☆ghjk09
|html|77hh771ghjk09    
|uhtml|bestof|Game 1 of a best-of-3
|t:|1784196708
|gametype|doubles
|player|p1|77hh771|1|1073
|player|p2|ghjk09|red|1032
|gen|9
|tier|[Gen 9 Champions] VGC 2026 Reg M-B (Bo3)
|rated|
|rule|Species Clause: Limit one of each Pokémon
|rule|Item Clause: Limit 1 of each item
|clearpoke
|poke|p1|Flapple, L50, F|
|poke|p1|Garchomp, L50, F|
|poke|p1|Gengar, L50, F|
|poke|p1|Sableye, L50, M|
|poke|p1|Corviknight, L50, F|
|poke|p1|Gholdengo, L50|
|poke|p2|Annihilape, L50, F|
|poke|p2|Floette-Eternal, L50, F|
|poke|p2|Basculegion, L50, M|
|poke|p2|Garchomp, L50, F|
|poke|p2|Whimsicott, L50, M|
|poke|p2|Charizard, L50, F|
|teampreview|4
|showteam|p1|Flapple||MiracleSeed|Hustle|GravApple,Protect,SuckerPunch,DragonRush|Adamant||F|||50|]Garchomp||WhiteHerb|RoughSkin|StoneEdge,Protect,DragonClaw,Earthquake|Jolly||F|||50|]Gengar||FocusSash|CursedBody|ShadowBall,TrickRoom,Protect,SludgeBomb|Timid||F|||50|]Sableye||Sablenite|Prankster|WillOWisp,FakeOut,Gravity,LightScreen|Calm||M|||50|]Corviknight||Leftovers|MirrorArmor|IronDefense,Roost,BodyPress,Tailwind|Impish||F|||50|]Gholdengo||ChoiceScarf|GoodasGold|MakeItRain,PowerGem,FocusBlast,ShadowBall|Modest|||||50|
|showteam|p2|Annihilape||RoseliBerry|Defiant|BulkUp,DrainPunch,RageFist,Protect|Serious||F|||50|]Floette-Eternal||Floettite|FlowerVeil|LightofRuin,Moonblast,Protect,DazzlingGleam|Timid||F|||50|]Basculegion||LifeOrb|Adaptability|LastRespects,WaveCrash,AquaJet,Protect|Adamant||M|||50|]Garchomp||SitrusBerry|RoughSkin|DragonClaw,Earthquake,RockSlide,Protect|Adamant||F|||50|]Whimsicott||FocusSash|Prankster|BeatUp,Moonblast,Tailwind,Encore|Timid||M|||50|]Charizard||CharizarditeY|Blaze|HeatWave,WeatherBall,Protect,SolarBeam|Modest||F|||50|
|
|t:|1784196774
|teamsize|p1|4
|teamsize|p2|4
|start
|switch|p1a: Garchomp|Garchomp, L50, F|100/100
|switch|p1b: Sableye|Sableye, L50, M|100/100
|switch|p2a: Whimsicott|Whimsicott, L50, M|100/100
|switch|p2b: Charizard|Charizard, L50, F|100/100
|turn|1
|
|t:|1784196805
|detailschange|p2b: Charizard|Charizard-Mega-Y, L50, F
|-mega|p2b: Charizard|Charizard|Charizardite Y
|-weather|SunnyDay|[from] ability: Drought|[of] p2b: Charizard
|move|p2b: Charizard|Protect|p2b: Charizard
|-singleturn|p2b: Charizard|Protect
|move|p1b: Sableye|Fake Out|p2a: Whimsicott
|-damage|p2a: Whimsicott|90/100
|cant|p2a: Whimsicott|flinch
|move|p1a: Garchomp|Stone Edge|p2b: Charizard
|-activate|p2b: Charizard|move: Protect
|
|-weather|SunnyDay|[upkeep]
|upkeep
|turn|2
|
|t:|1784196837
|switch|p2b: Annihilape|Annihilape, L50, F|100/100
|move|p2a: Whimsicott|Tailwind|p2a: Whimsicott
|-sidestart|p2: ghjk09|move: Tailwind
|move|p1b: Sableye|Light Screen|p1b: Sableye
|-sidestart|p1: 77hh771|move: Light Screen
|move|p1a: Garchomp|Stone Edge|p2b: Annihilape
|-resisted|p2b: Annihilape|1
|-damage|p2b: Annihilape|82/100
|
|-weather|SunnyDay|[upkeep]
|upkeep
|turn|3
|
|t:|1784196856
|move|p1a: Garchomp|Protect|p1a: Garchomp
|-singleturn|p1a: Garchomp|Protect
|move|p1b: Sableye|Will-O-Wisp|p2b: Annihilape
|-status|p2b: Annihilape|brn
|move|p2a: Whimsicott|Beat Up|p2b: Annihilape
|-damage|p2b: Annihilape|80/100 brn
|-damage|p2b: Annihilape|77/100 brn
|-damage|p2b: Annihilape|74/100 brn
|-hitcount|p2b: Annihilape|3
|move|p2b: Annihilape|Rage Fist|p1a: Garchomp
|-activate|p1a: Garchomp|move: Protect
|
|-weather|SunnyDay|[upkeep]
|-damage|p2b: Annihilape|68/100 brn|[from] brn
|upkeep
|turn|4
|
|t:|1784196883
|move|p1b: Sableye|Gravity|p1b: Sableye
|-fieldstart|move: Gravity
|move|p2a: Whimsicott|Moonblast|p1a: Garchomp
|-supereffective|p1a: Garchomp|1
|-damage|p1a: Garchomp|45/100
|-unboost|p1a: Garchomp|spa|1
|-enditem|p1a: Garchomp|White Herb
|-clearnegativeboost|p1a: Garchomp|[silent]
|move|p2b: Annihilape|Rage Fist|p1a: Garchomp
|-damage|p1a: Garchomp|0 fnt
|-damage|p2b: Annihilape|56/100 brn|[from] ability: Rough Skin|[of] p1a: Garchomp
|faint|p1a: Garchomp
|
|-weather|SunnyDay|[upkeep]
|-damage|p2b: Annihilape|50/100y brn|[from] brn
|upkeep
|
|t:|1784196903
|switch|p1a: Flapple|Flapple, L50, F|100/100
|turn|5
|
|t:|1784196917
|switch|p1b: Gengar|Gengar, L50, F|100/100
|move|p1a: Flapple|Protect|p1a: Flapple
|-singleturn|p1a: Flapple|Protect
|move|p2a: Whimsicott|Moonblast|p1a: Flapple
|-activate|p1a: Flapple|move: Protect
|move|p2b: Annihilape|Rage Fist|p1a: Flapple
|-activate|p1a: Flapple|move: Protect
|
|-weather|none
|-damage|p2b: Annihilape|43/100 brn|[from] brn
|-sideend|p2: ghjk09|move: Tailwind
|upkeep
|turn|6
|
|t:|1784196957
|switch|p2b: Garchomp|Garchomp, L50, F|100/100
|move|p1a: Flapple|Sucker Punch||[still]
|-fail|p1a: Flapple
|move|p2a: Whimsicott|Moonblast|p1a: Flapple
|-supereffective|p1a: Flapple|1
|-damage|p1a: Flapple|36/100
|-unboost|p1a: Flapple|spa|1
|move|p1b: Gengar|Trick Room|p1b: Gengar
|-fieldstart|move: Trick Room|[of] p1b: Gengar
|
|-sideend|p1: 77hh771|move: Light Screen
|upkeep
|turn|7
|
|t:|1784196994
|move|p2b: Garchomp|Protect|p2b: Garchomp
|-singleturn|p2b: Garchomp|Protect
|move|p2a: Whimsicott|Encore|p1b: Gengar
|-start|p1b: Gengar|Encore
|move|p1a: Flapple|Grav Apple|p2b: Garchomp
|-activate|p2b: Garchomp|move: Protect
|move|p1b: Gengar|Trick Room|p1b: Gengar
|-fieldend|move: Trick Room
|
|upkeep
|turn|8
|
|t:|1784197016
|move|p1a: Flapple|Protect|p1a: Flapple
|-singleturn|p1a: Flapple|Protect
|move|p2a: Whimsicott|Tailwind|p2a: Whimsicott
|-sidestart|p2: ghjk09|move: Tailwind
|move|p2b: Garchomp|Dragon Claw|p1a: Flapple
|-activate|p1a: Flapple|move: Protect
|move|p1b: Gengar|Trick Room|p1b: Gengar
|-fieldstart|move: Trick Room|[of] p1b: Gengar
|
|-fieldend|move: Gravity
|upkeep
|turn|9
|
|t:|1784197035
|switch|p1b: Sableye|Sableye, L50, M|100/100
|move|p2b: Garchomp|Protect|p2b: Garchomp
|-singleturn|p2b: Garchomp|Protect
|move|p1a: Flapple|Grav Apple|p2b: Garchomp
|-activate|p2b: Garchomp|move: Protect
|move|p2a: Whimsicott|Moonblast|p1a: Flapple
|-supereffective|p1a: Flapple|1
|-damage|p1a: Flapple|0 fnt
|faint|p1a: Flapple
|
|upkeep
|
|t:|1784197039
|switch|p1a: Gengar|Gengar, L50, F|100/100
|turn|10
|
|t:|1784197066
|move|p1b: Sableye|Fake Out|p2b: Garchomp
|-damage|p2b: Garchomp|93/100
|-damage|p1b: Sableye|87/100|[from] ability: Rough Skin|[of] p2b: Garchomp
|move|p1a: Gengar|Sludge Bomb|p2a: Whimsicott
|-supereffective|p2a: Whimsicott|2
|-damage|p2a: Whimsicott|0 fnt
|faint|p2a: Whimsicott
|cant|p2b: Garchomp|flinch
|
|upkeep
|
|t:|1784197093
|switch|p2a: Charizard|Charizard-Mega-Y, L50, F|100/100
|-weather|SunnyDay|[from] ability: Drought|[of] p2a: Charizard
|turn|11
|
|t:|1784197110
|move|p1b: Sableye|Will-O-Wisp|p2b: Garchomp|[miss]
|-miss|p1b: Sableye|p2b: Garchomp
|move|p1a: Gengar|Shadow Ball|p2a: Charizard
|-damage|p2a: Charizard|61/100
|move|p2a: Charizard|Heat Wave|p1a: Gengar|[spread] p1b
|-miss|p2a: Charizard|p1a: Gengar
|-damage|p1b: Sableye|26/100
|move|p2b: Garchomp|Earthquake|p1a: Gengar|[spread] p1a,p1b
|-immune|p2a: Charizard
|-supereffective|p1a: Gengar|1
|-enditem|p1a: Gengar|Focus Sash
|-damage|p1a: Gengar|1/100
|-damage|p1b: Sableye|0 fnt
|faint|p1b: Sableye
|
|-weather|SunnyDay|[upkeep]
|-sideend|p2: ghjk09|move: Tailwind
|upkeep
|turn|12
|-message|77hh771 forfeited.
|
|win|ghjk09
|l|☆77hh771
|player|p1|
|inactive|77hh771 has 30 seconds to confirm battle start!
|inactive|ghjk09 has 30 seconds to confirm battle start!
||77hh771 is ready for game 2.
