|j|☆VVVincenTTT
|j|☆eutherians
|html|VVVincenTTTeutherians    
|uhtml|bestof|Game 1 of a best-of-3
|t:|1757226509
|gametype|doubles
|player|p1|VVVincenTTT|cyrus|1276
|player|p2|eutherians|2|1298
|gen|9
|tier|[Gen 9] VGC 2025 Reg H (Bo3)
|rated|
|rule|Species Clause: Limit one of each Pokémon
|rule|Item Clause: Limit 1 of each item
|clearpoke
|poke|p1|Tyranitar, L50, M|
|poke|p1|Excadrill, L50, F|
|poke|p1|Corviknight, L50, M|
|poke|p1|Indeedee, L50, M|
|poke|p1|Sneasler, L50, M|
|poke|p1|Annihilape, L50, M|
|poke|p2|Dragonite, L50, M|
|poke|p2|Sneasler, L50, M|
|poke|p2|Indeedee-F, L50, F|
|poke|p2|Basculegion, L50, M|
|poke|p2|Annihilape, L50, F|
|poke|p2|Volcarona, L50, F|
|teampreview|4
|showteam|p1|Tyranitar||AssaultVest|SandStream|RockSlide,KnockOff,LowKick,TeraBlast|||M|||50|,,,,,Flying]Excadrill||FocusSash|SandRush|Earthquake,HighHorsepower,IronHead,Protect|||F|||50|,,,,,Stellar]Corviknight||Leftovers|MirrorArmor|BraveBird,BulkUp,Roost,Tailwind|||M|||50|,,,,,Dragon]Indeedee||ChoiceScarf|PsychicSurge|ExpandingForce,TeraBlast,Trick,Protect|||M|||50|,,,,,Psychic]Sneasler||PsychicSeed|Unburden|DireClaw,CloseCombat,ThroatChop,Protect|||M|||50|,,,,,Dark]Annihilape||SafetyGoggles|Defiant|RageFist,CloseCombat,FinalGambit,Taunt|||M|||50|,,,,,Water
|showteam|p2|Dragonite||LoadedDice|Multiscale|ScaleShot,IronHead,Haze,Protect|||M|||50|,,,,,Steel]Sneasler||PsychicSeed|Unburden|DireClaw,CloseCombat,ThroatChop,Protect|||M|||50|,,,,,Dark]Indeedee-F||LumBerry|PsychicSurge|Psychic,HelpingHand,FollowMe,Protect|||F|||50|,,,,,Fairy]Basculegion||ChoiceScarf|Adaptability|WaveCrash,LastRespects,TeraBlast,FlipTurn|||M|||50|,,,,,Fighting]Annihilape||SafetyGoggles|Defiant|RageFist,CloseCombat,FinalGambit,Taunt|||F|||50|,,,,,Fire]Volcarona||LifeOrb|FlameBody|TeraBlast,HeatWave,QuiverDance,Protect|||F|||50|,,,,,Fairy
|inactive|Battle timer is ON: inactive players will automatically lose when time's up. (requested by eutherians)
|
|t:|1757226544
|teamsize|p1|4
|teamsize|p2|4
|start
|switch|p1a: Indeedee|Indeedee, L50, M|100/100
|switch|p1b: Sneasler|Sneasler, L50, M|100/100
|switch|p2a: Dragonite|Dragonite, L50, M|100/100
|switch|p2b: Sneasler|Sneasler, L50, M|100/100
|-fieldstart|move: Psychic Terrain|[from] ability: Psychic Surge|[of] p1a: Indeedee
|-enditem|p2b: Sneasler|Psychic Seed
|-boost|p2b: Sneasler|spd|1|[from] item: Psychic Seed
|-enditem|p1b: Sneasler|Psychic Seed
|-boost|p1b: Sneasler|spd|1|[from] item: Psychic Seed
|turn|1
|
|t:|1757226564
|-terastallize|p2b: Sneasler|Dark
|move|p2a: Dragonite|Protect|p2a: Dragonite
|-singleturn|p2a: Dragonite|Protect
|move|p2b: Sneasler|Throat Chop|p1a: Indeedee
|-supereffective|p1a: Indeedee
|-damage|p1a: Indeedee|0 fnt
|faint|p1a: Indeedee
|move|p1b: Sneasler|Dire Claw|p2a: Dragonite
|-activate|p2a: Dragonite|move: Protect
|
|upkeep
|
|t:|1757226575
|switch|p1a: Tyranitar|Tyranitar, L50, M|100/100
|-weather|Sandstorm|[from] ability: Sand Stream|[of] p1a: Tyranitar
|turn|2
|
|t:|1757226592
|-terastallize|p1a: Tyranitar|Flying
|move|p2b: Sneasler|Dire Claw|p1a: Tyranitar
|-damage|p1a: Tyranitar|64/100
|-status|p1a: Tyranitar|par
|move|p1b: Sneasler|Close Combat|p2b: Sneasler
|-supereffective|p2b: Sneasler
|-damage|p2b: Sneasler|0 fnt
|-unboost|p1b: Sneasler|def|1
|-unboost|p1b: Sneasler|spd|1
|faint|p2b: Sneasler
|move|p2a: Dragonite|Scale Shot|p1b: Sneasler
|-damage|p1b: Sneasler|62/100
|-damage|p1b: Sneasler|25/100
|-damage|p1b: Sneasler|0 fnt
|faint|p1b: Sneasler
|-hitcount|p1: Sneasler|3
|-unboost|p2a: Dragonite|def|1
|-boost|p2a: Dragonite|spe|1
|move|p1a: Tyranitar|Rock Slide|p2a: Dragonite
|-supereffective|p2a: Dragonite
|-damage|p2a: Dragonite|32/100
|
|-weather|Sandstorm|[upkeep]
|-damage|p2a: Dragonite|26/100|[from] Sandstorm
|-damage|p1a: Tyranitar|58/100 par|[from] Sandstorm
|upkeep
|inactive|VVVincenTTT has 30 seconds left.
|
|t:|1757226617
|switch|p2b: Basculegion|Basculegion, L50, M|100/100
|switch|p1b: Excadrill|Excadrill, L50, F|100/100
|turn|3
|
|t:|1757226639
|switch|p2b: Indeedee|Indeedee-F, L50, F|100/100
|move|p2a: Dragonite|Protect|p2a: Dragonite
|-singleturn|p2a: Dragonite|Protect
|move|p1b: Excadrill|High Horsepower|p2b: Indeedee
|-damage|p2b: Indeedee|46/100
|move|p1a: Tyranitar|Rock Slide|p2b: Indeedee|[spread] p2b
|-activate|p2a: Dragonite|move: Protect
|-damage|p2b: Indeedee|16/100
|
|-weather|Sandstorm|[upkeep]
|-damage|p2a: Dragonite|20/100|[from] Sandstorm
|-damage|p2b: Indeedee|10/100|[from] Sandstorm
|-damage|p1a: Tyranitar|52/100 par|[from] Sandstorm
|upkeep
|turn|4
|
|t:|1757226664
|move|p2b: Indeedee|Follow Me|p2b: Indeedee
|-singleturn|p2b: Indeedee|move: Follow Me
|move|p1b: Excadrill|Iron Head|p2b: Indeedee
|-damage|p2b: Indeedee|0 fnt
|faint|p2b: Indeedee
|move|p2a: Dragonite|Scale Shot|p1a: Tyranitar
|-crit|p1a: Tyranitar
|-damage|p1a: Tyranitar|34/100 par
|-damage|p1a: Tyranitar|22/100 par
|-damage|p1a: Tyranitar|10/100 par
|-damage|p1a: Tyranitar|0 fnt
|faint|p1a: Tyranitar
|-hitcount|p1: Tyranitar|4
|-unboost|p2a: Dragonite|def|1
|-boost|p2a: Dragonite|spe|1
|
|-weather|Sandstorm|[upkeep]
|-damage|p2a: Dragonite|14/100|[from] Sandstorm
|upkeep
|
|t:|1757226675
|switch|p2b: Basculegion|Basculegion, L50, M|100/100
|turn|5
|
|t:|1757226682
|move|p1b: Excadrill|High Horsepower|p2b: Basculegion
|-damage|p2b: Basculegion|25/100
|move|p2a: Dragonite|Scale Shot|p1b: Excadrill
|-resisted|p1b: Excadrill
|-damage|p1b: Excadrill|90/100
|-resisted|p1b: Excadrill
|-damage|p1b: Excadrill|80/100
|-resisted|p1b: Excadrill
|-damage|p1b: Excadrill|69/100
|-resisted|p1b: Excadrill
|-damage|p1b: Excadrill|59/100
|-resisted|p1b: Excadrill
|-damage|p1b: Excadrill|48/100
|-hitcount|p1b: Excadrill|5
|-unboost|p2a: Dragonite|def|1
|-boost|p2a: Dragonite|spe|1
|move|p2b: Basculegion|Last Respects|p1b: Excadrill
|-damage|p1b: Excadrill|0 fnt
|faint|p1b: Excadrill
|
|win|eutherians
||VVVincenTTT is ready for game 2.
