|j|☆Re della Strada
|j|☆tirion
|html|Re della Stradatirion    
|uhtml|bestof|Game 3 of a best-of-3
|t:|1782657671
|gametype|doubles
|player|p1|Re della Strada|blue|1063
|player|p2|tirion|266|1053
|gen|9
|tier|[Gen 9 Champions] VGC 2026 Reg M-B (Bo3)
|rated|
|rule|Species Clause: Limit one of each Pokémon
|rule|Item Clause: Limit 1 of each item
|clearpoke
|poke|p1|Ceruledge, L50, M|
|poke|p1|Sinistcha, L50|
|poke|p1|Floette-Eternal, L50, F|
|poke|p1|Grimmsnarl, L50, M|
|poke|p1|Sneasler, L50, F|
|poke|p1|Greninja, L50, M|
|poke|p2|Blastoise, L50, F|
|poke|p2|Scizor, L50, M|
|poke|p2|Farigiraf, L50, M|
|poke|p2|Politoed, L50, F|
|poke|p2|Dragonite, L50, M|
|poke|p2|Sinistcha, L50|
|teampreview|4
|showteam|p1|Ceruledge||ColburBerry|FlashFire|Protect,ShadowSneak,BitterBlade,BulkUp|Adamant||M|||50|]Sinistcha||Leftovers|Hospitality|Protect,MatchaGotcha,RagePowder,LifeDew|Calm|||||50|]Floette-Eternal||Floettite|FlowerVeil|Protect,DazzlingGleam,CalmMind,DrainingKiss|Modest||F|||50|]Grimmsnarl||LightClay|Prankster|PartingShot,LightScreen,Reflect,SpiritBreak|Careful||M|||50|]Sneasler||FocusSash|PoisonTouch|FakeOut,ThroatChop,DireClaw,CloseCombat|Jolly||F|||50|]Greninja||LifeOrb|Torrent|BrickBreak,IceBeam,DarkPulse,Surf|Timid||M|||50|
|showteam|p2|Blastoise||Blastoisinite|RainDish|WaterSpout,AuraSphere,DarkPulse,Protect|Quiet||F|||50|]Scizor||FocusSash|Technician|BugBite,BulletPunch,SwordsDance,Protect|Brave||M|||50|]Farigiraf||SitrusBerry|ArmorTail|TwinBeam,TrickRoom,RainDance,HelpingHand|Relaxed||M|||50|]Politoed||DampRock|Drizzle|WeatherBall,ChillingWater,HelpingHand,Hypnosis|Bold||F|||50|]Dragonite||Dragoninite|Multiscale|DracoMeteor,Hurricane,Thunder,ExtremeSpeed|Quiet||M|||50|]Sinistcha||CobaBerry|Hospitality|MatchaGotcha,LifeDew,TrickRoom,RagePowder|Relaxed|||||50|
|inactive|Battle timer is ON: inactive players will automatically lose when time's up. (requested by Re della Strada)
|inactive|tirion has 60 seconds left.
|inactive|tirion has 30 seconds left.
|
|t:|1782657743
|teamsize|p1|4
|teamsize|p2|4
|start
|switch|p1a: Greninja|Greninja, L50, M|100/100
|switch|p1b: Grimmsnarl|Grimmsnarl, L50, M|100/100
|switch|p2a: Farigiraf|Farigiraf, L50, M|100/100
|switch|p2b: Scizor|Scizor, L50, M|100/100
|turn|1
|inactive|tirion has 30 seconds left.
|
|t:|1782657770
|move|p1a: Greninja|Dark Pulse|p2a: Farigiraf
|-supereffective|p2a: Farigiraf|1
|-damage|p2a: Farigiraf|10/100
|-enditem|p2a: Farigiraf|Sitrus Berry|[eat]
|-heal|p2a: Farigiraf|35/100|[from] item: Sitrus Berry
|-damage|p1a: Greninja|90/100|[from] item: Life Orb
|move|p1b: Grimmsnarl|Spirit Break|p2a: Farigiraf
|-damage|p2a: Farigiraf|10/100
|-unboost|p2a: Farigiraf|spa|1
|move|p2b: Scizor|Swords Dance|p2b: Scizor
|-boost|p2b: Scizor|atk|2
|move|p2a: Farigiraf|Trick Room|p2a: Farigiraf
|-fieldstart|move: Trick Room|[of] p2a: Farigiraf
|
|upkeep
|turn|2
|inactive|Re della Strada has 30 seconds left.
|
|t:|1782657799
|move|p2a: Farigiraf|Helping Hand|p2b: Scizor
|-singleturn|p2b: Scizor|Helping Hand|[of] p2a: Farigiraf
|move|p2b: Scizor|Bullet Punch|p1b: Grimmsnarl
|-supereffective|p1b: Grimmsnarl|1
|-damage|p1b: Grimmsnarl|0 fnt
|faint|p1b: Grimmsnarl
|move|p1a: Greninja|Surf|p2a: Farigiraf|[spread] p2a,p2b
|-damage|p2a: Farigiraf|0 fnt
|-damage|p2b: Scizor|55/100
|faint|p2a: Farigiraf
|-damage|p1a: Greninja|81/100|[from] item: Life Orb
|
|upkeep
|
|t:|1782657811
|switch|p2a: Dragonite|Dragonite, L50, M|100/100
|switch|p1b: Sinistcha|Sinistcha, L50|100/100
|-heal|p1a: Greninja|100/100|[from] ability: Hospitality|[of] p1b: Sinistcha
|turn|3
|inactive|tirion has 30 seconds left.
|
|t:|1782657836
|switch|p2a: Politoed|Politoed, L50, F|100/100
|-weather|RainDance|[from] ability: Drizzle|[of] p2a: Politoed
|move|p2b: Scizor|Bug Bite|p1a: Greninja
|-supereffective|p1a: Greninja|1
|-damage|p1a: Greninja|0 fnt
|faint|p1a: Greninja
|move|p1b: Sinistcha|Matcha Gotcha|p2a: Politoed|[spread] p2b
|-miss|p1b: Sinistcha|p2a: Politoed
|-resisted|p2b: Scizor|2
|-damage|p2b: Scizor|49/100
|
|-weather|RainDance|[upkeep]
|upkeep
|
|t:|1782657848
|switch|p1a: Floette|Floette-Eternal, L50, F|100/100
|turn|4
|
|t:|1782657858
|detailschange|p1a: Floette|Floette-Mega, L50, F
|-mega|p1a: Floette|Floette|Floettite
|-ability|p1a: Floette|Fairy Aura
|move|p2b: Scizor|Protect|p2b: Scizor
|-singleturn|p2b: Scizor|Protect
|move|p1b: Sinistcha|Rage Powder|p1b: Sinistcha
|-singleturn|p1b: Sinistcha|move: Rage Powder
|move|p2a: Politoed|Hypnosis|p1b: Sinistcha
|-status|p1b: Sinistcha|slp|[from] move: Hypnosis
|move|p1a: Floette|Dazzling Gleam|p2a: Politoed|[spread] p2a
|-activate|p2b: Scizor|move: Protect
|-damage|p2a: Politoed|59/100
|
|-weather|RainDance|[upkeep]
|upkeep
|turn|5
|-message|Re della Strada forfeited.
|
|win|tirion
|raw|Re della Strada's rating: 1063 → 1043(-20 for losing)
|raw|tirion's rating: 1053 → 1086(+33 for winning)
|l|☆Re della Strada
|player|p1|
