|j|☆yeahhhhboiiii
|j|☆DrXJ13
|html|yeahhhhboiiiiDrXJ13    
|uhtml|bestof|Game 1 of a best-of-3
|t:|1757931185
|gametype|doubles
|player|p1|yeahhhhboiiii|101|1189
|player|p2|DrXJ13|2|1214
|gen|9
|tier|[Gen 9] VGC 2025 Reg H (Bo3)
|rated|
|rule|Species Clause: Limit one of each Pokémon
|rule|Item Clause: Limit 1 of each item
|clearpoke
|poke|p1|Dragapult, L50, F|
|poke|p1|Sneasler, L50, F|
|poke|p1|Pelipper, L50, F|
|poke|p1|Archaludon, L50, F|
|poke|p1|Incineroar, L50, M|
|poke|p1|Gholdengo, L50|
|poke|p2|Vivillon, L50, M|
|poke|p2|Garchomp, L50, F|
|poke|p2|Gholdengo, L50|
|poke|p2|Incineroar, L50, F|
|poke|p2|Porygon2, L50|
|poke|p2|Decidueye-Hisui, L50, M|
|teampreview|4
|showteam|p1|Dragapult||ChoiceBand|ClearBody|DragonDarts,PhantomForce,Uturn,TeraBlast|||F|||50|,,,,,Ghost]Sneasler||FocusSash|Unburden|Protect,Coaching,DireClaw,CloseCombat|||F|||50|,,,,,Dark]Pelipper||CovertCloak|Drizzle|MuddyWater,Hurricane,Tailwind,WideGuard|||F|||50|,,,,,Stellar]Archaludon||AssaultVest|Stamina|ElectroShot,BodyPress,DracoMeteor,FlashCannon|||F|||50|,,,,,Grass]Incineroar||SafetyGoggles|Intimidate|FakeOut,PartingShot,FlareBlitz,KnockOff|||M|||50|,,,,,Ghost]Gholdengo||Leftovers|GoodasGold|MakeItRain,ShadowBall,NastyPlot,Protect||||||50|,,,,,Fairy
|showteam|p2|Vivillon||FocusSash|CompoundEyes|Hurricane,SleepPowder,RagePowder,Tailwind|||M|||50|,,,,,Ghost]Garchomp||LifeOrb|RoughSkin|DragonClaw,StompingTantrum,Earthquake,Protect|||F|||50|,,,,,Ground]Gholdengo||ChoiceSpecs|GoodasGold|MakeItRain,ShadowBall,PowerGem,Trick||||||50|,,,,,Steel]Incineroar||AssaultVest|Intimidate|FakeOut,FlareBlitz,KnockOff,Uturn|||F|||50|,,,,,Grass]Porygon2||Eviolite|Download|IceBeam,TeraBlast,Recover,TrickRoom||||||50|,,,,,Fairy]Decidueye-Hisui||ScopeLens|Scrappy|LeafBlade,TripleArrows,Haze,Protect|||M|||50|,,,,,Water
|inactive|Battle timer is ON: inactive players will automatically lose when time's up. (requested by DrXJ13)
|inactive|DrXJ13 has 60 seconds left.
|
|t:|1757931241
|teamsize|p1|4
|teamsize|p2|4
|start
|switch|p1a: Dragapult|Dragapult, L50, F|100/100
|switch|p1b: Sneasler|Sneasler, L50, F|100/100
|switch|p2a: Incineroar|Incineroar, L50, F|100/100
|switch|p2b: Porygon2|Porygon2, L50|100/100
|-ability|p2a: Incineroar|Intimidate|boost
|-fail|p1a: Dragapult|unboost|[from] ability: Clear Body|[of] p1a: Dragapult
|-unboost|p1b: Sneasler|atk|1
|-ability|p2b: Porygon2|Download|boost
|-boost|p2b: Porygon2|atk|1
|turn|1
|
|t:|1757931263
|switch|p1b: Archaludon|Archaludon, L50, F|100/100
|move|p2a: Incineroar|Fake Out|p1b: Archaludon
|-resisted|p1b: Archaludon
|-damage|p1b: Archaludon|96/100
|-ability|p1b: Archaludon|Stamina|boost
|-boost|p1b: Archaludon|def|1
|move|p1a: Dragapult|U-turn|p2b: Porygon2
|-damage|p2b: Porygon2|79/100
|
|t:|1757931271
|switch|p1a: Sneasler|Sneasler, L50, F|100/100|[from] U-turn
|move|p2b: Porygon2|Trick Room|p2b: Porygon2
|-fieldstart|move: Trick Room|[of] p2b: Porygon2
|
|upkeep
|turn|2
|
|t:|1757931295
|switch|p2a: Gholdengo|Gholdengo, L50|100/100
|move|p2b: Porygon2|Tera Blast|p1a: Sneasler
|-damage|p1a: Sneasler|52/100
|move|p1b: Archaludon|Body Press|p2b: Porygon2
|-supereffective|p2b: Porygon2
|-damage|p2b: Porygon2|31/100
|move|p1a: Sneasler|Close Combat|p2a: Gholdengo
|-immune|p2a: Gholdengo
|
|upkeep
|turn|3
|inactive|DrXJ13 has 30 seconds left.
|inactive|DrXJ13 has 20 seconds left.
|inactive|DrXJ13 has 15 seconds left.
|inactive|DrXJ13 has 10 seconds left.
|inactive|DrXJ13 has 5 seconds left.
|
|t:|1757931345
|move|p2b: Porygon2|Recover|p2b: Porygon2
|-heal|p2b: Porygon2|81/100
|move|p2a: Gholdengo|Shadow Ball|p1b: Archaludon
|-damage|p1b: Archaludon|39/100
|-ability|p1b: Archaludon|Stamina|boost
|-boost|p1b: Archaludon|def|1
|move|p1b: Archaludon|Body Press|p2b: Porygon2
|-supereffective|p2b: Porygon2
|-damage|p2b: Porygon2|15/100
|move|p1a: Sneasler|Close Combat|p2b: Porygon2
|-supereffective|p2b: Porygon2
|-damage|p2b: Porygon2|0 fnt
|-unboost|p1a: Sneasler|def|1
|-unboost|p1a: Sneasler|spd|1
|faint|p2b: Porygon2
|
|upkeep
|
|t:|1757931356
|switch|p2b: Decidueye|Decidueye-Hisui, L50, M|100/100
|turn|4
|
|t:|1757931377
|move|p1a: Sneasler|Protect|p1a: Sneasler
|-singleturn|p1a: Sneasler|Protect
|move|p2b: Decidueye|Triple Arrows|p1b: Archaludon
|-supereffective|p1b: Archaludon
|-crit|p1b: Archaludon
|-damage|p1b: Archaludon|0 fnt
|faint|p1b: Archaludon
|move|p2a: Gholdengo|Shadow Ball|p1a: Sneasler
|-activate|p1a: Sneasler|move: Protect
|
|upkeep
|
|t:|1757931383
|switch|p1b: Pelipper|Pelipper, L50, F|100/100
|-weather|RainDance|[from] ability: Drizzle|[of] p1b: Pelipper
|turn|5
|
|t:|1757931395
|-terastallize|p2b: Decidueye|Water
|move|p2b: Decidueye|Leaf Blade|p1b: Pelipper
|-crit|p1b: Pelipper
|-damage|p1b: Pelipper|1/100
|move|p1b: Pelipper|Hurricane|p2b: Decidueye
|-damage|p2b: Decidueye|55/100
|move|p2a: Gholdengo|Shadow Ball|p1a: Sneasler
|-damage|p1a: Sneasler|0 fnt
|faint|p1a: Sneasler
|
|-weather|RainDance|[upkeep]
|-fieldend|move: Trick Room
|upkeep
|
|t:|1757931404
|switch|p1a: Dragapult|Dragapult, L50, F|100/100
|turn|6
|
|t:|1757931425
|-terastallize|p1a: Dragapult|Ghost
|move|p1a: Dragapult|Tera Blast|p2a: Gholdengo|[anim] Tera Blast Ghost
|-supereffective|p2a: Gholdengo
|-damage|p2a: Gholdengo|0 fnt
|faint|p2a: Gholdengo
|move|p1b: Pelipper|Muddy Water|p2b: Decidueye
|-resisted|p2b: Decidueye
|-damage|p2b: Decidueye|25/100
|move|p2b: Decidueye|Triple Arrows|p1b: Pelipper
|-resisted|p1b: Pelipper
|-crit|p1b: Pelipper
|-damage|p1b: Pelipper|0 fnt
|faint|p1b: Pelipper
|
|-weather|RainDance|[upkeep]
|upkeep
|
|t:|1757931434
|switch|p2a: Incineroar|Incineroar, L50, F|100/100
|-ability|p2a: Incineroar|Intimidate|boost
|-fail|p1a: Dragapult|unboost|[from] ability: Clear Body|[of] p1a: Dragapult
|turn|7
|
|t:|1757931438
|move|p1a: Dragapult|Tera Blast|p2b: Decidueye|[anim] Tera Blast Ghost
|-damage|p2b: Decidueye|0 fnt
|faint|p2b: Decidueye
|move|p2a: Incineroar|Knock Off|p1a: Dragapult
|-supereffective|p1a: Dragapult
|-damage|p1a: Dragapult|0 fnt
|-enditem|p1a: Dragapult|Choice Band|[from] move: Knock Off|[of] p2a: Incineroar
|faint|p1a: Dragapult
|
|win|DrXJ13
||yeahhhhboiiii is ready for game 2.
||DrXJ13 is ready for game 2.
|uhtml|next|Next: Game 2 of 3
|l|☆yeahhhhboiiii
|player|p1|
