|j|☆maintanksux
|j|☆homerj71
|html|maintanksuxhomerj71    
|uhtml|bestof|Game 3 of a best-of-3
|t:|1783705191
|gametype|doubles
|player|p1|maintanksux|265|1163
|player|p2|homerj71|1|1288
|gen|9
|tier|[Gen 9 Champions] VGC 2026 Reg M-B (Bo3)
|rated|
|rule|Species Clause: Limit one of each Pokémon
|rule|Item Clause: Limit 1 of each item
|clearpoke
|poke|p1|Staraptor, L50, M|
|poke|p1|Whimsicott, L50, F|
|poke|p1|Grimmsnarl, L50, M|
|poke|p1|Farigiraf, L50, M|
|poke|p1|Zoroark-Hisui, L50, F|
|poke|p1|Kingambit, L50, F|
|poke|p2|Delphox, L50, F|
|poke|p2|Incineroar, L50, F|
|poke|p2|Floette-Eternal, L50, F|
|poke|p2|Kingambit, L50, F|
|poke|p2|Sinistcha, L50|
|poke|p2|Sneasler, L50, M|
|teampreview|4
|showteam|p1|Staraptor||Staraptite|Intimidate|CloseCombat,Roost,BraveBird,Protect|Adamant||M|||50|]Whimsicott||FocusSash|Prankster|Charm,Moonblast,Tailwind,Protect|Bold||F|||50|]Grimmsnarl||LightClay|Prankster|LightScreen,Reflect,PartingShot,SpiritBreak|Careful||M|||50|]Farigiraf||SitrusBerry|ArmorTail|HelpingHand,Protect,Psychic,HyperVoice|Calm||M|||50|]Zoroark-Hisui||ChoiceScarf|Illusion|ShadowBall,Psychic,IcyWind,HyperVoice|Timid||F|||50|]Kingambit||BlackGlasses|Defiant|SuckerPunch,KowtowCleave,IronHead,Protect|Adamant||F|||50|
|showteam|p2|Delphox||Delphoxite|Blaze|HeatWave,Psychic,NastyPlot,Protect|Timid||F|||50|]Incineroar||SitrusBerry|Intimidate|FlareBlitz,DarkestLariat,FakeOut,PartingShot|Careful||F|||50|]Floette-Eternal||Floettite|FlowerVeil|DazzlingGleam,DrainingKiss,CalmMind,Protect|Bold||F|||50|]Kingambit||BlackGlasses|Defiant|KowtowCleave,SuckerPunch,SwordsDance,Protect|Adamant||F|||50|]Sinistcha||OccaBerry|Hospitality|MatchaGotcha,RagePowder,TrickRoom,Protect|Bold|||||50|]Sneasler||FocusSash|PoisonTouch|CloseCombat,PoisonJab,FakeOut,QuickGuard|Jolly||M|||50|
|inactive|Battle timer is ON: inactive players will automatically lose when time's up. (requested by homerj71)
|
|t:|1783705212
|teamsize|p1|4
|teamsize|p2|4
|start
|switch|p1a: Siakam|Staraptor, L50, M|100/100
|switch|p1b: Hali|Whimsicott, L50, F|100/100
|switch|p2a: Delphox|Delphox, L50, F|100/100
|switch|p2b: Sneasler|Sneasler, L50, M|100/100
|-ability|p1a: Siakam|Intimidate|boost
|-unboost|p2a: Delphox|atk|1
|-unboost|p2b: Sneasler|atk|1
|turn|1
|
|t:|1783705230
|switch|p2b: Incineroar|Incineroar, L50, F|100/100
|-ability|p2b: Incineroar|Intimidate|boost
|-unboost|p1a: Siakam|atk|1
|-unboost|p1b: Hali|atk|1
|detailschange|p2a: Delphox|Delphox-Mega, L50, F
|-mega|p2a: Delphox|Delphox|Delphoxite
|detailschange|p1a: Siakam|Staraptor-Mega, L50, M
|-mega|p1a: Siakam|Staraptor|Staraptite
|move|p1b: Hali|Charm|p1a: Siakam
|-boost|p1a: Siakam|atk|2
|move|p2a: Delphox|Nasty Plot|p2a: Delphox
|-boost|p2a: Delphox|spa|2
|move|p1a: Siakam|Close Combat|p2a: Delphox
|-resisted|p2a: Delphox|1
|-damage|p2a: Delphox|25/100
|-boost|p1a: Siakam|def|1
|-boost|p1a: Siakam|spd|1
|
|upkeep
|turn|2
|
|t:|1783705253
|move|p2b: Incineroar|Fake Out|p1b: Hali
|-damage|p1b: Hali|91/100
|cant|p1b: Hali|flinch
|move|p2a: Delphox|Psychic|p1a: Siakam
|-supereffective|p1a: Siakam|1
|-damage|p1a: Siakam|0 fnt
|faint|p1a: Siakam
|
|upkeep
|
|t:|1783705265
|switch|p1a: Nesmith|Kingambit, L50, F|100/100
|turn|3
|
|t:|1783705287
|move|p2a: Delphox|Protect|p2a: Delphox
|-singleturn|p2a: Delphox|Protect
|move|p1b: Hali|Tailwind|p1b: Hali
|-sidestart|p1: maintanksux|move: Tailwind
|move|p1a: Nesmith|Sucker Punch||[still]
|-fail|p1a: Nesmith
|move|p2b: Incineroar|Flare Blitz|p1b: Hali
|-supereffective|p1b: Hali|1
|-damage|p1b: Hali|8/100
|-damage|p2b: Incineroar|77/100|[from] Recoil
|
|upkeep
|turn|4
|
|t:|1783705307
|switch|p2b: Sinistcha|Sinistcha, L50|100/100
|-heal|p2a: Delphox|50/100g|[from] ability: Hospitality|[of] p2b: Sinistcha
|move|p1b: Hali|Moonblast|p2b: Sinistcha
|-damage|p2b: Sinistcha|74/100
|move|p2a: Delphox|Heat Wave|p1b: Hali|[spread] p1a,p1b
|-supereffective|p1a: Nesmith|1
|-supereffective|p1b: Hali|1
|-damage|p1a: Nesmith|0 fnt
|-damage|p1b: Hali|0 fnt
|faint|p1a: Nesmith
|faint|p1b: Hali
|
|upkeep
|
|t:|1783705317
|switch|p1b: Zubac|Grimmsnarl, L50, M|100/100
|turn|5
|
|t:|1783705322
|move|p2a: Delphox|Heat Wave|p1b: Zubac
|-damage|p1b: Zubac|24/100
|move|p1b: Zubac|Spirit Break|p2a: Delphox
|-resisted|p2a: Delphox|1
|-damage|p2a: Delphox|30/100
|-unboost|p2a: Delphox|spa|1
|move|p2b: Sinistcha|Matcha Gotcha|p1b: Zubac
|-damage|p1b: Zubac|0 fnt
|-heal|p2b: Sinistcha|88/100|[from] drain|[of] p1b: Zubac
|faint|p1b: Zubac
|
|win|homerj71
|raw|maintanksux's rating: 1163 → 1147(-16 for losing)
|raw|homerj71's rating: 1288 → 1304(+16 for winning)
