|j|☆Clementine1997
|j|☆skywalkingchris
|html|Clementine1997skywalkingchris    
|uhtml|bestof|Game 2 of a best-of-3
|t:|1756329472
|gametype|doubles
|player|p1|Clementine1997|clair|1095
|player|p2|skywalkingchris|169|1000
|gen|9
|tier|[Gen 9] VGC 2025 Reg H (Bo3)
|rated|
|rule|Species Clause: Limit one of each Pokémon
|rule|Item Clause: Limit 1 of each item
|clearpoke
|poke|p1|Whimsicott, L50, M|
|poke|p1|Dragonite, L50, M|
|poke|p1|Gholdengo, L50|
|poke|p1|Pelipper, L50, M|
|poke|p1|Rillaboom, L50, F|
|poke|p1|Annihilape, L50, F|
|poke|p2|Murkrow, L50, M|
|poke|p2|Sneasler, L50, M|
|poke|p2|Archaludon, L50, M|
|poke|p2|Indeedee, L50, M|
|poke|p2|Gholdengo, L50|
|poke|p2|Grimmsnarl, L50, M|
|teampreview|4
|showteam|p1|Whimsicott||FocusSash|Prankster|Moonblast,Encore,Taunt,Tailwind|||M|||50|,,,,,Fire]Dragonite||LoadedDice|Multiscale|ExtremeSpeed,ScaleShot,Haze,Protect|||M|||50|,,,,,Normal]Gholdengo||ChoiceSpecs|GoodasGold|MakeItRain,ShadowBall,DazzlingGleam,Thunderbolt||||||50|,,,,,Water]Pelipper||CovertCloak|Drizzle|Hurricane,Tailwind,WideGuard,HelpingHand|||M|||50|,,,,,Grass]Rillaboom||AssaultVest|GrassySurge|GrassyGlide,HighHorsepower,FakeOut,Uturn|||F|||50|,,,,,Fire]Annihilape||SafetyGoggles|Defiant|RageFist,CloseCombat,BulkUp,Protect|||F|||50|,,,,,Fire
|showteam|p2|Murkrow||Eviolite|Prankster|Haze,Tailwind,RainDance,BraveBird|||M|||50|,,,,,Ghost]Sneasler||PsychicSeed|Unburden|Protect,ThroatChop,CloseCombat,DireClaw|||M|||50|,,,,,Dark]Archaludon||AssaultVest|Stamina|ElectroShot,BodyPress,FlashCannon,DragonPulse|||M|||50|,,,,,Bug]Indeedee||FocusSash|PsychicSurge|Imprison,TrickRoom,DazzlingGleam,ExpandingForce|||M|||50|,,,,,Psychic]Gholdengo||ChoiceSpecs|GoodasGold|Trick,TeraBlast,ShadowBall,MakeItRain||||||50|,,,,,Water]Grimmsnarl||LightClay|Prankster|Reflect,LightScreen,ThunderWave,SpiritBreak|||M|||50|,,,,,Steel
|inactive|Battle timer is ON: inactive players will automatically lose when time's up. (requested by Clementine1997)
|inactive|Clementine1997 has 60 seconds left.
|inactive|skywalkingchris has 60 seconds left.
|
|t:|1756329512
|teamsize|p1|4
|teamsize|p2|4
|start
|switch|p1a: Rillaboom|Rillaboom, L50, F, shiny|100/100
|switch|p1b: Gholdengo|Gholdengo, L50|100/100
|switch|p2a: Sneasler|Sneasler, L50, M|100/100
|switch|p2b: Indeedee|Indeedee, L50, M|100/100
|-fieldstart|move: Psychic Terrain|[from] ability: Psychic Surge|[of] p2b: Indeedee
|-enditem|p2a: Sneasler|Psychic Seed
|-boost|p2a: Sneasler|spd|1|[from] item: Psychic Seed
|-fieldstart|move: Grassy Terrain|[from] ability: Grassy Surge|[of] p1a: Rillaboom
|turn|1
|inactive|Clementine1997 has 30 seconds left.
|inactive|Clementine1997 has 20 seconds left.
|inactive|Clementine1997 has 15 seconds left.
|
|t:|1756329552
|switch|p2b: Archaludon|Archaludon, L50, M|100/100
|move|p1a: Rillaboom|Fake Out|p2a: Sneasler
|-damage|p2a: Sneasler|77/100
|cant|p2a: Sneasler|flinch
|move|p1b: Gholdengo|Make It Rain|p2b: Archaludon|[spread] p2a,p2b
|-resisted|p2b: Archaludon
|-damage|p2a: Sneasler|11/100
|-damage|p2b: Archaludon|77/100
|-unboost|p1b: Gholdengo|spa|1
|-ability|p2b: Archaludon|Stamina|boost
|-boost|p2b: Archaludon|def|1
|
|-heal|p2a: Sneasler|17/100|[from] Grassy Terrain
|-heal|p2b: Archaludon|83/100|[from] Grassy Terrain
|upkeep
|turn|2
|inactive|skywalkingchris has 30 seconds left.
|
|t:|1756329579
|switch|p1b: Whimsicott|Whimsicott, L50, M, shiny|100/100
|move|p2a: Sneasler|Dire Claw|p1a: Rillaboom
|-supereffective|p1a: Rillaboom
|-damage|p1a: Rillaboom|14/100
|move|p2b: Archaludon|Electro Shot||[still]
|-prepare|p2b: Archaludon|Electro Shot
|-boost|p2b: Archaludon|spa|1
|move|p1a: Rillaboom|U-turn|p2a: Sneasler
|-resisted|p2a: Sneasler
|-damage|p2a: Sneasler|8/100
|
|t:|1756329589
|switch|p1a: Annihilape|Annihilape, L50, F, shiny|100/100|[from] U-turn
|
|-heal|p2a: Sneasler|14/100|[from] Grassy Terrain
|-heal|p2b: Archaludon|89/100|[from] Grassy Terrain
|upkeep
|turn|3
|
|t:|1756329613
|move|p2a: Sneasler|Protect|p2a: Sneasler
|-singleturn|p2a: Sneasler|Protect
|move|p1b: Whimsicott|Moonblast|p2a: Sneasler
|-activate|p2a: Sneasler|move: Protect
|move|p1a: Annihilape|Bulk Up|p1a: Annihilape
|-boost|p1a: Annihilape|atk|1
|-boost|p1a: Annihilape|def|1
|move|p2b: Archaludon|Electro Shot|p1b: Whimsicott|[from] lockedmove
|-resisted|p1b: Whimsicott
|-damage|p1b: Whimsicott|62/100
|
|-heal|p2a: Sneasler|19/100|[from] Grassy Terrain
|-heal|p1b: Whimsicott|68/100|[from] Grassy Terrain
|-heal|p2b: Archaludon|95/100|[from] Grassy Terrain
|upkeep
|turn|4
|inactive|Clementine1997 has 30 seconds left.
|
|t:|1756329640
|-terastallize|p2b: Archaludon|Bug
|move|p1b: Whimsicott|Encore|p2b: Archaludon
|-start|p2b: Archaludon|Encore
|move|p2a: Sneasler|Dire Claw|p1b: Whimsicott
|-supereffective|p1b: Whimsicott
|-damage|p1b: Whimsicott|0 fnt
|faint|p1b: Whimsicott
|move|p1a: Annihilape|Bulk Up|p1a: Annihilape
|-boost|p1a: Annihilape|atk|1
|-boost|p1a: Annihilape|def|1
|move|p2b: Archaludon|Electro Shot||[still]
|-prepare|p2b: Archaludon|Electro Shot
|-boost|p2b: Archaludon|spa|1
|
|-heal|p2a: Sneasler|25/100|[from] Grassy Terrain
|-heal|p2b: Archaludon|100/100|[from] Grassy Terrain
|upkeep
|
|t:|1756329647
|switch|p1b: Rillaboom|Rillaboom, L50, F, shiny|14/100
|turn|5
|
|t:|1756329662
|switch|p1b: Gholdengo|Gholdengo, L50|100/100
|move|p2a: Sneasler|Protect|p2a: Sneasler
|-singleturn|p2a: Sneasler|Protect
|move|p1a: Annihilape|Bulk Up|p1a: Annihilape
|-boost|p1a: Annihilape|atk|1
|-boost|p1a: Annihilape|def|1
|move|p2b: Archaludon|Electro Shot|p1a: Annihilape|[from] lockedmove
|-damage|p1a: Annihilape|40/100
|
|-heal|p2a: Sneasler|31/100|[from] Grassy Terrain
|-heal|p1a: Annihilape|46/100|[from] Grassy Terrain
|-fieldend|move: Grassy Terrain
|upkeep
|turn|6
|inactive|Clementine1997 has 30 seconds left.
|
|t:|1756329696
|-terastallize|p1b: Gholdengo|Water
|move|p2a: Sneasler|Throat Chop|p1b: Gholdengo
|-damage|p1b: Gholdengo|73/100
|-start|p1b: Gholdengo|Throat Chop|[silent]
|move|p1a: Annihilape|Rage Fist|p2b: Archaludon
|-damage|p2b: Archaludon|38/100
|-ability|p2b: Archaludon|Stamina|boost
|-boost|p2b: Archaludon|def|1
|move|p2b: Archaludon|Electro Shot||[still]
|-prepare|p2b: Archaludon|Electro Shot
|-boost|p2b: Archaludon|spa|1
|move|p1b: Gholdengo|Make It Rain|p2a: Sneasler|[spread] p2a,p2b
|-damage|p2a: Sneasler|0 fnt
|-damage|p2b: Archaludon|0 fnt
|-unboost|p1b: Gholdengo|spa|1
|faint|p2a: Sneasler
|faint|p2b: Archaludon
|
|upkeep
|
|t:|1756329714
|switch|p2a: Indeedee|Indeedee, L50, M|100/100
|switch|p2b: Gholdengo|Gholdengo, L50|100/100
|-fieldstart|move: Psychic Terrain|[from] ability: Psychic Surge|[of] p2a: Indeedee
|turn|7
|
|t:|1756329735
|switch|p1b: Rillaboom|Rillaboom, L50, F, shiny|14/100
|-fieldstart|move: Grassy Terrain|[from] ability: Grassy Surge|[of] p1b: Rillaboom
|move|p1a: Annihilape|Protect|p1a: Annihilape
|-singleturn|p1a: Annihilape|Protect
|move|p2a: Indeedee|Expanding Force|p1a: Annihilape
|-activate|p1a: Annihilape|move: Protect
|move|p2b: Gholdengo|Trick|p1b: Rillaboom
|-activate|p2b: Gholdengo|move: Trick|[of] p1b: Rillaboom
|-item|p1b: Rillaboom|Choice Specs|[from] move: Trick
|-item|p2b: Gholdengo|Assault Vest|[from] move: Trick
|
|-heal|p1a: Annihilape|52/100|[from] Grassy Terrain
|-heal|p1b: Rillaboom|19/100|[from] Grassy Terrain
|upkeep
|turn|8
|inactive|Clementine1997 has 30 seconds left.
|inactive|Clementine1997 has 20 seconds left.
|inactive|Clementine1997 has 15 seconds left.
|
|t:|1756329780
|move|p1b: Rillaboom|Fake Out|p2a: Indeedee
|-damage|p2a: Indeedee|68/100
|cant|p2a: Indeedee|flinch
|move|p2b: Gholdengo|Shadow Ball|p1a: Annihilape
|-supereffective|p1a: Annihilape
|-damage|p1a: Annihilape|0 fnt
|faint|p1a: Annihilape
|
|-heal|p2a: Indeedee|74/100|[from] Grassy Terrain
|-heal|p1b: Rillaboom|25/100|[from] Grassy Terrain
|upkeep
|
|t:|1756329786
|switch|p1a: Gholdengo|Gholdengo, L50, tera:Water|73/100
|turn|9
|inactive|Clementine1997 has 30 seconds left.
|
|t:|1756329814
|move|p1b: Rillaboom|Fake Out||[still]
|-hint|Fake Out only works on your first turn out.
|-fail|p1b: Rillaboom
|move|p2a: Indeedee|Expanding Force|p1a: Gholdengo
|-damage|p1a: Gholdengo|37/100
|move|p2b: Gholdengo|Shadow Ball|p1a: Gholdengo
|-damage|p1a: Gholdengo|0 fnt
|faint|p1a: Gholdengo
|
|-heal|p2a: Indeedee|80/100|[from] Grassy Terrain
|-heal|p1b: Rillaboom|31/100|[from] Grassy Terrain
|upkeep
|turn|10
|-message|Clementine1997 forfeited.
|raw|Clementine1997's rating: 1095 → 1064(-31 for losing)
|raw|skywalkingchris's rating: 1000 → 1051(+51 for winning)
|
|win|skywalkingchris
