|j|☆hotellicker
|j|☆Wendiigo
|html|hotellickerWendiigo    
|uhtml|bestof|Game 3 of a best-of-3
|t:|1784582758
|gametype|doubles
|player|p1|hotellicker|265|
|player|p2|Wendiigo|hilbert-wonderlauncher|
|gen|9
|tier|[Gen 9 Champions] VGC 2026 Reg M-B (Bo3)
|rule|Species Clause: Limit one of each Pokémon
|rule|Item Clause: Limit 1 of each item
|clearpoke
|poke|p1|Mawile, L50, F|
|poke|p1|Gallade, L50, M, shiny|
|poke|p1|Milotic, L50, F|
|poke|p1|Abomasnow, L50, M|
|poke|p1|Farigiraf, L50, M|
|poke|p1|Lycanroc-Dusk, L50, M|
|poke|p2|Tyranitar, L50, M, shiny|
|poke|p2|Excadrill, L50, F, shiny|
|poke|p2|Reuniclus, L50, F, shiny|
|poke|p2|Clefable, L50, M|
|poke|p2|Rotom, L50|
|poke|p2|Infernape, L50, F, shiny|
|teampreview|4
|showteam|p1|Mawile||Mawilite|Intimidate|PlayRough,RockSlide,IronHead,Protect|Brave||F|||50|]Gallade||FocusSash|Sharpness|SacredSword,PsychoCut,TrickRoom,WideGuard|Brave||M|||50|]Milotic||ZoomLens|Competitive|MuddyWater,Hypnosis,Coil,LifeDew|Sassy||F|||50|]Abomasnow||Abomasite|SnowWarning|Blizzard,EnergyBall,EarthPower,Protect|Quiet||M|||50|]Farigiraf||ColburBerry|ArmorTail|TrickRoom,HelpingHand,Psychic,Thunderbolt|Relaxed||M|||50|]Lycanroc-Dusk||IronBall|ToughClaws|RockSlide,CloseCombat,Accelerock,Protect|Brave||M|||50|
|showteam|p2|Tyranitar||Tyranitarite|SandStream|RockSlide,KnockOff,DragonDance,Protect|Adamant||M|||50|]Excadrill||LifeOrb|SandRush|Earthquake,IronHead,Megahorn,Protect|Adamant||F|||50|]Reuniclus||MentalHerb|MagicGuard|Psychic,FocusBlast,TrickRoom,Protect|Quiet||F|||50|]Clefable||Clefablite|MagicGuard|Moonblast,Flamethrower,FollowMe,Protect|Modest||M|||50|]Rotom||ChoiceScarf|Levitate|ShadowBall,Electroweb,Thunderbolt,Trick|Timid|||||50|]Infernape||Charcoal|Blaze|Taunt,AuraSphere,Flamethrower,Protect|Modest||F|||50|
|
|t:|1784582869
|teamsize|p1|4
|teamsize|p2|4
|start
|switch|p1a: Gallade|Gallade, L50, M, shiny|100/100
|switch|p1b: Abomasnow|Abomasnow, L50, M|100/100
|switch|p2a: Infernape|Infernape, L50, F, shiny|100/100
|switch|p2b: Rotom|Rotom, L50|100/100
|-weather|Snowscape|[from] ability: Snow Warning|[of] p1b: Abomasnow
|turn|1
|
|t:|1784582944
|move|p2a: Infernape|Protect|p2a: Infernape
|-singleturn|p2a: Infernape|Protect
|move|p1b: Abomasnow|Protect|p1b: Abomasnow
|-singleturn|p1b: Abomasnow|Protect
|move|p2b: Rotom|Shadow Ball|p1a: Gallade
|-supereffective|p1a: Gallade|1
|-damage|p1a: Gallade|27/100
|move|p1a: Gallade|Psycho Cut|p2a: Infernape
|-activate|p2a: Infernape|move: Protect
|
|-weather|Snowscape|[upkeep]
|upkeep
|turn|2
|c|☆hotellicker|i think you won off that play if im being honest
|c|☆hotellicker|gg
|c|☆Wendiigo|LOL
|c|☆hotellicker|not positive but thats really  bad for me
|
|t:|1784582997
|switch|p1a: Milotic|Milotic, L50, F|100/100
|move|p2b: Rotom|Shadow Ball|p1a: Milotic
|-damage|p1a: Milotic|77/100
|move|p2a: Infernape|Flamethrower|p1b: Abomasnow
|-supereffective|p1b: Abomasnow|2
|-damage|p1b: Abomasnow|0 fnt
|faint|p1b: Abomasnow
|
|-weather|Snowscape|[upkeep]
|upkeep
|c|☆Wendiigo|it was a 50/50 for the prediction
|
|t:|1784583014
|switch|p1b: Mawile|Mawile, L50, F|100/100
|-ability|p1b: Mawile|Intimidate|boost
|-unboost|p2a: Infernape|atk|1
|-unboost|p2b: Rotom|atk|1
|turn|3
|
|t:|1784583092
|switch|p2b: Clefable|Clefable, L50, M|100/100
|move|p1b: Mawile|Protect|p1b: Mawile
|-singleturn|p1b: Mawile|Protect
|move|p2a: Infernape|Taunt|p1a: Milotic
|-start|p1a: Milotic|move: Taunt
|move|p1a: Milotic|Muddy Water|p2b: Clefable|[spread] p2a,p2b
|-supereffective|p2a: Infernape|1
|-damage|p2a: Infernape|36/100
|-damage|p2b: Clefable|71/100
|
|-weather|Snowscape|[upkeep]
|upkeep
|turn|4
|
|t:|1784583149
|switch|p1b: Gallade|Gallade, L50, M, shiny|27/100
|detailschange|p2b: Clefable|Clefable-Mega, L50, M
|-mega|p2b: Clefable|Clefable|Clefablite
|move|p2a: Infernape|Flamethrower|p1b: Gallade
|-damage|p1b: Gallade|0 fnt
|faint|p1b: Gallade
|move|p2b: Clefable|Moonblast|p1a: Milotic
|-damage|p1a: Milotic|38/100
|move|p1a: Milotic|Muddy Water|p2b: Clefable|[spread] p2a,p2b
|-supereffective|p2a: Infernape|1
|-damage|p2a: Infernape|0 fnt
|-damage|p2b: Clefable|50/100g
|faint|p2a: Infernape
|
|-weather|Snowscape|[upkeep]
|upkeep
|
|t:|1784583165
|switch|p2a: Rotom|Rotom, L50|100/100
|switch|p1b: Mawile|Mawile, L50, F|100/100
|-ability|p1b: Mawile|Intimidate|boost
|-unboost|p2a: Rotom|atk|1
|-unboost|p2b: Clefable|atk|1
|turn|5
|
|t:|1784583177
|detailschange|p1b: Mawile|Mawile-Mega, L50, F
|-mega|p1b: Mawile|Mawile|Mawilite
|move|p2a: Rotom|Thunderbolt|p1a: Milotic
|-supereffective|p1a: Milotic|1
|-damage|p1a: Milotic|0 fnt
|faint|p1a: Milotic
|move|p2b: Clefable|Flamethrower|p1b: Mawile
|-supereffective|p1b: Mawile|1
|-damage|p1b: Mawile|12/100
|move|p1b: Mawile|Iron Head|p2b: Clefable
|-supereffective|p2b: Clefable|1
|-damage|p2b: Clefable|0 fnt
|faint|p2b: Clefable
|
|-weather|none
|upkeep
|
|t:|1784583189
|switch|p2b: Excadrill|Excadrill, L50, F, shiny|100/100
|turn|6
|
|t:|1784583193
|move|p2a: Rotom|Thunderbolt|p1b: Mawile
|-damage|p1b: Mawile|0 fnt
|faint|p1b: Mawile
|
|win|Wendiigo
|c|☆hotellicker|ggs
|c|☆Wendiigo|gg dude
|l|☆hotellicker
|player|p1|
