|j|☆PSH01
|j|☆GubGubFan
|html|PSH01GubGubFan    
|uhtml|bestof|Game 3 of a best-of-3
|t:|1756942272
|gametype|doubles
|player|p1|PSH01|170|1000
|player|p2|GubGubFan|gladion-stance|1000
|gen|9
|tier|[Gen 9] VGC 2025 Reg H (Bo3)
|rated|
|rule|Species Clause: Limit one of each Pokémon
|rule|Item Clause: Limit 1 of each item
|clearpoke
|poke|p1|Goodra-Hisui, L50, M|
|poke|p1|Salamence, L50, F|
|poke|p1|Garchomp, L50, F|
|poke|p1|Dragapult, L50, M|
|poke|p1|Dragonite, L50, M|
|poke|p1|Salazzle, L50, F|
|poke|p2|Sneasler, L50, F|
|poke|p2|Rillaboom, L50, M|
|poke|p2|Tyranitar, L50, M|
|poke|p2|Gholdengo, L50|
|poke|p2|Primarina, L50, M|
|poke|p2|Talonflame, L50, M|
|teampreview|4
|showteam|p1|Goodra-Hisui||Leftovers|Gooey|BodyPress,AcidArmor,LifeDew,Protect|||M|||50|,,,,,Flying]Salamence||FocusSash|Intimidate|FireFang,HelpingHand,Tailwind,DracoMeteor|||F|||50|,,,,,Steel]Garchomp||LifeOrb|RoughSkin|Earthquake,DragonClaw,RockSlide,BrickBreak|||F|||50|,,,,,Steel]Dragapult||LightClay|CursedBody|LightScreen,Reflect,Uturn,Protect|||M|||50|,,,,,Steel]Dragonite||LoadedDice|Multiscale|IceSpinner,Haze,LowKick,ScaleShot|||M|||50|,,,,,Fairy]Salazzle||AirBalloon|Corrosion|Toxic,FakeOut,Overheat,Protect|||F|||50|,,,,,Poison
|showteam|p2|Sneasler||GrassySeed|Unburden|DireClaw,CloseCombat,ThroatChop,Protect|||F|||50|,,,,,Dark]Rillaboom||MiracleSeed|GrassySurge|GrassyGlide,WoodHammer,FakeOut,Uturn|||M|||50|,,,,,Water]Tyranitar||AssaultVest|SandStream|RockSlide,KnockOff,HighHorsepower,TeraBlast|||M|||50|,,,,,Flying]Gholdengo||LifeOrb|GoodasGold|MakeItRain,ShadowBall,NastyPlot,Protect||||||50|,,,,,Dragon]Primarina||ThroatSpray|LiquidVoice|HyperVoice,Moonblast,Haze,Protect|||M|||50|,,,,,Poison]Talonflame||CovertCloak|GaleWings|BraveBird,FlareBlitz,Tailwind,WillOWisp|||M|||50|,,,,,Stellar
|inactive|Battle timer is ON: inactive players will automatically lose when time's up. (requested by GubGubFan)
|
|t:|1756942301
|teamsize|p1|4
|teamsize|p2|4
|start
|switch|p1a: Salamence|Salamence, L50, F|100/100
|switch|p1b: Dragapult|Dragapult, L50, M|100/100
|switch|p2a: Talonflame|Talonflame, L50, M|100/100
|switch|p2b: Tyranitar|Tyranitar, L50, M|100/100
|-ability|p1a: Salamence|Intimidate|boost
|-unboost|p2a: Talonflame|atk|1
|-unboost|p2b: Tyranitar|atk|1
|-weather|Sandstorm|[from] ability: Sand Stream|[of] p2b: Tyranitar
|turn|1
|
|t:|1756942320
|move|p2a: Talonflame|Tailwind|p2a: Talonflame
|-sidestart|p2: GubGubFan|move: Tailwind
|move|p1b: Dragapult|Reflect|p1b: Dragapult
|-sidestart|p1: PSH01|Reflect
|move|p2b: Tyranitar|Rock Slide|p1a: Salamence|[spread] p1a,p1b
|-supereffective|p1a: Salamence
|-damage|p1a: Salamence|65/100
|-damage|p1b: Dragapult|81/100
|move|p1a: Salamence|Tailwind|p1a: Salamence
|-sidestart|p1: PSH01|move: Tailwind
|
|-weather|Sandstorm|[upkeep]
|-damage|p1b: Dragapult|75/100|[from] Sandstorm
|-damage|p1a: Salamence|59/100|[from] Sandstorm
|-damage|p2a: Talonflame|94/100|[from] Sandstorm
|upkeep
|turn|2
|inactive|PSH01 has 30 seconds left.
|inactive|GubGubFan has 30 seconds left.
|inactive|PSH01 has 20 seconds left.
|inactive|PSH01 has 15 seconds left.
|
|t:|1756942361
|move|p1b: Dragapult|U-turn|p2b: Tyranitar
|-supereffective|p2b: Tyranitar
|-damage|p2b: Tyranitar|68/100
|
|t:|1756942364
|switch|p1b: Garchomp|Garchomp, L50, F|100/100|[from] U-turn
|move|p1a: Salamence|Draco Meteor|p2a: Talonflame|[miss]
|-miss|p1a: Salamence|p2a: Talonflame
|move|p2a: Talonflame|Will-O-Wisp|p1b: Garchomp
|-status|p1b: Garchomp|brn
|move|p2b: Tyranitar|Rock Slide|p1b: Garchomp|[spread] p1a,p1b
|-supereffective|p1a: Salamence
|-resisted|p1b: Garchomp
|-damage|p1a: Salamence|30/100
|-damage|p1b: Garchomp|93/100 brn
|
|-weather|Sandstorm|[upkeep]
|-damage|p1a: Salamence|25/100|[from] Sandstorm
|-damage|p2a: Talonflame|88/100|[from] Sandstorm
|-damage|p1b: Garchomp|87/100 brn|[from] brn
|upkeep
|turn|3
|inactive|GubGubFan has 30 seconds left.
|inactive|GubGubFan has 20 seconds left.
|inactive|GubGubFan has 15 seconds left.
|inactive|GubGubFan has 10 seconds left.
|
|t:|1756942410
|move|p1a: Salamence|Helping Hand|p1b: Garchomp
|-singleturn|p1b: Garchomp|Helping Hand|[of] p1a: Salamence
|move|p1b: Garchomp|Rock Slide|p2b: Tyranitar|[spread] p2a,p2b
|-supereffective|p2a: Talonflame
|-damage|p2a: Talonflame|0 fnt
|-damage|p2b: Tyranitar|53/100
|faint|p2a: Talonflame
|-damage|p1b: Garchomp|77/100 brn|[from] item: Life Orb
|move|p2b: Tyranitar|Rock Slide|p1b: Garchomp|[spread] p1a,p1b
|-supereffective|p1a: Salamence
|-resisted|p1b: Garchomp
|-damage|p1a: Salamence|0 fnt
|-damage|p1b: Garchomp|70/100 brn
|faint|p1a: Salamence
|
|-weather|Sandstorm|[upkeep]
|-damage|p1b: Garchomp|64/100 brn|[from] brn
|upkeep
|
|t:|1756942434
|switch|p1a: Dragapult|Dragapult, L50, M|75/100
|switch|p2a: Primarina|Primarina, L50, M|100/100
|turn|4
|inactive|PSH01 has 30 seconds left.
|inactive|PSH01 has 20 seconds left.
|
|t:|1756942470
|-terastallize|p1b: Garchomp|Steel
|-terastallize|p2b: Tyranitar|Flying
|move|p1a: Dragapult|Light Screen|p1a: Dragapult
|-sidestart|p1: PSH01|move: Light Screen
|move|p1b: Garchomp|Earthquake|p2b: Tyranitar|[spread] p1a,p2a
|-immune|p2b: Tyranitar
|-damage|p1a: Dragapult|53/100
|-damage|p2a: Primarina|69/100
|-damage|p1b: Garchomp|54/100 brn|[from] item: Life Orb
|move|p2a: Primarina|Hyper Voice|p1a: Dragapult|[spread] p1a,p1b
|-resisted|p1a: Dragapult
|-damage|p1a: Dragapult|40/100
|-damage|p1b: Garchomp|29/100 brn
|-start|p2a: Primarina|Disable|Hyper Voice|[from] ability: Cursed Body|[of] p1a: Dragapult
|-enditem|p2a: Primarina|Throat Spray
|-boost|p2a: Primarina|spa|1|[from] item: Throat Spray
|move|p2b: Tyranitar|Knock Off|p1b: Garchomp
|-damage|p1b: Garchomp|5/100 brn
|-damage|p2b: Tyranitar|41/100|[from] ability: Rough Skin|[of] p1b: Garchomp
|-enditem|p1b: Garchomp|Life Orb|[from] move: Knock Off|[of] p2b: Tyranitar
|
|-weather|Sandstorm|[upkeep]
|-damage|p1a: Dragapult|34/100|[from] Sandstorm
|-damage|p2a: Primarina|63/100|[from] Sandstorm
|-damage|p2b: Tyranitar|35/100|[from] Sandstorm
|-damage|p1b: Garchomp|0 fnt|[from] brn
|faint|p1b: Garchomp
|-sideend|p1: PSH01|move: Tailwind
|-sideend|p2: GubGubFan|move: Tailwind
|upkeep
|
|t:|1756942494
|switch|p1b: Goodra|Goodra-Hisui, L50, M|100/100
|turn|5
|
|t:|1756942521
|move|p1a: Dragapult|Protect|p1a: Dragapult
|-singleturn|p1a: Dragapult|Protect
|move|p2a: Primarina|Moonblast|p1a: Dragapult
|-activate|p1a: Dragapult|move: Protect
|move|p2b: Tyranitar|Knock Off|p1a: Dragapult
|-activate|p1a: Dragapult|move: Protect
|move|p1b: Goodra|Acid Armor|p1b: Goodra
|-boost|p1b: Goodra|def|2
|
|-weather|none
|upkeep
|turn|6
|
|t:|1756942544
|move|p1a: Dragapult|U-turn|p2a: Primarina
|-resisted|p2a: Primarina
|-damage|p2a: Primarina|51/100
|move|p2a: Primarina|Moonblast|p1a: Dragapult
|-supereffective|p1a: Dragapult
|-damage|p1a: Dragapult|0 fnt
|faint|p1a: Dragapult
|move|p2b: Tyranitar|Knock Off|p1b: Goodra
|-damage|p1b: Goodra|91/100
|-ability|p1b: Goodra|Gooey
|-unboost|p2b: Tyranitar|spe|1
|-enditem|p1b: Goodra|Leftovers|[from] move: Knock Off|[of] p2b: Tyranitar
|move|p1b: Goodra|Body Press|p2a: Primarina
|-resisted|p2a: Primarina
|-damage|p2a: Primarina|21/100
|
|upkeep
|turn|7
|inactive|GubGubFan has 30 seconds left.
|
|t:|1756942570
|move|p2a: Primarina|Moonblast|p1b: Goodra
|-damage|p1b: Goodra|59/100
|move|p1b: Goodra|Body Press|p2a: Primarina
|-resisted|p2a: Primarina
|-damage|p2a: Primarina|0 fnt
|faint|p2a: Primarina
|move|p2b: Tyranitar|High Horsepower|p1b: Goodra|[miss]
|-miss|p2b: Tyranitar|p1b: Goodra
|
|upkeep
|
|t:|1756942575
|switch|p2a: Gholdengo|Gholdengo, L50|100/100
|turn|8
|
|t:|1756942589
|move|p2a: Gholdengo|Nasty Plot|p2a: Gholdengo
|-boost|p2a: Gholdengo|spa|2
|move|p1b: Goodra|Acid Armor|p1b: Goodra
|-boost|p1b: Goodra|def|2
|move|p2b: Tyranitar|Knock Off|p1b: Goodra
|-damage|p1b: Goodra|55/100
|-ability|p1b: Goodra|Gooey
|-unboost|p2b: Tyranitar|spe|1
|
|-sideend|p1: PSH01|Reflect
|upkeep
|turn|9
|
|t:|1756942602
|move|p2a: Gholdengo|Shadow Ball|p1b: Goodra
|-damage|p1b: Goodra|4/100
|-damage|p2a: Gholdengo|91/100|[from] item: Life Orb
|move|p1b: Goodra|Body Press|p2b: Tyranitar
|-resisted|p2b: Tyranitar
|-damage|p2b: Tyranitar|2/100
|move|p2b: Tyranitar|High Horsepower|p1b: Goodra
|-supereffective|p1b: Goodra
|-damage|p1b: Goodra|0 fnt
|-ability|p1b: Goodra|Gooey
|-unboost|p2b: Tyranitar|spe|1
|faint|p1b: Goodra
|
|win|GubGubFan
|raw|PSH01's rating: 1000 → 1000(+0 for losing)
|raw|GubGubFan's rating: 1000 → 1040(+40 for winning)
|c|☆GubGubFan|ggs
|c|☆PSH01|gga
|c|☆PSH01|fucking misses haha
|l|☆PSH01
|player|p1|
