|j|☆dnut1
|j|☆phenomsteelers08
|html|dnut1phenomsteelers08    
|uhtml|bestof|Game 1 of a best-of-3
|t:|1757812948
|gametype|doubles
|player|p1|dnut1|265|1359
|player|p2|phenomsteelers08|1|1502
|gen|9
|tier|[Gen 9] VGC 2025 Reg H (Bo3)
|rated|
|rule|Species Clause: Limit one of each Pokémon
|rule|Item Clause: Limit 1 of each item
|clearpoke
|poke|p1|Garchomp, L50, F|
|poke|p1|Dondozo, L50, M|
|poke|p1|Tatsugiri-Droopy, L50, F|
|poke|p1|Indeedee-F, L50, F|
|poke|p1|Armarouge, L50, F|
|poke|p1|Tyranitar, L50, F|
|poke|p2|Indeedee-F, L50, F|
|poke|p2|Whimsicott, L50, F|
|poke|p2|Annihilape, L50, M|
|poke|p2|Armarouge, L50, F|
|poke|p2|Dragapult, L50, M|
|poke|p2|Ursaluna-Bloodmoon, L50, M|
|teampreview|4
|showteam|p1|Garchomp||ClearAmulet|SandVeil|StompingTantrum,RockSlide,SwordsDance,Protect|||F|||50|,,,,,Fairy]Dondozo||Leftovers|Unaware|BodyPress,OrderUp,IceFang,Protect|||M|||50|,,,,,Grass]Tatsugiri-Droopy||WideLens|Commander|MuddyWater,DracoMeteor,HydroPump,Protect|||F|||50|,,,,,Water]Indeedee-F||PsychicSeed|PsychicSurge|Psyshock,FollowMe,HelpingHand,TrickRoom|||F|||50|,,,,,Fairy]Armarouge||PowerHerb|FlashFire|ExpandingForce,HeatWave,MeteorBeam,Protect|||F|||50|,,,,,Grass]Tyranitar||AssaultVest|SandStream|RockSlide,KnockOff,LowKick,TeraBlast|||F|||50|,,,,,Flying
|showteam|p2|Indeedee-F||RockyHelmet|PsychicSurge|Psychic,FollowMe,TrickRoom,HelpingHand|||F|||50|,,,,,Fairy]Whimsicott||FocusSash|Prankster|Moonblast,Tailwind,BeatUp,SunnyDay|||F|||50|,,,,,Ghost]Annihilape||Leftovers|Defiant|DrainPunch,RageFist,BulkUp,Protect|||M|||50|,,,,,Fairy]Armarouge||TwistedSpoon|FlashFire|ExpandingForce,HeatWave,TrickRoom,Protect|||F|||50|,,,,,Psychic]Dragapult||ChoiceBand|ClearBody|DragonDarts,Outrage,PhantomForce,Uturn|||M|||50|,,,,,Dragon]Ursaluna-Bloodmoon||SilkScarf|MindsEye|BloodMoon,HyperVoice,EarthPower,Protect|||M|||50|,,,,,Normal
|inactive|Battle timer is ON: inactive players will automatically lose when time's up. (requested by phenomsteelers08)
|inactive|dnut1 has 60 seconds left.
|inactive|phenomsteelers08 has 60 seconds left.
|inactive|phenomsteelers08 has 30 seconds left.
|inactive|phenomsteelers08 has 20 seconds left.
|inactive|phenomsteelers08 has 15 seconds left.
|inactive|phenomsteelers08 has 10 seconds left.
|
|t:|1757813033
|teamsize|p1|4
|teamsize|p2|4
|start
|switch|p1a: Indeedee|Indeedee-F, L50, F|100/100
|switch|p1b: Armarouge|Armarouge, L50, F|100/100
|switch|p2a: Indeedee|Indeedee-F, L50, F|100/100
|switch|p2b: Ursaluna|Ursaluna-Bloodmoon, L50, M|100/100
|-fieldstart|move: Psychic Terrain|[from] ability: Psychic Surge|[of] p2a: Indeedee
|-enditem|p1a: Indeedee|Psychic Seed
|-boost|p1a: Indeedee|spd|1|[from] item: Psychic Seed
|turn|1
|inactive|dnut1 has 30 seconds left.
|inactive|phenomsteelers08 has 30 seconds left.
|inactive|phenomsteelers08 has 20 seconds left.
|
|t:|1757813070
|move|p1a: Indeedee|Helping Hand|p1b: Armarouge
|-singleturn|p1b: Armarouge|Helping Hand|[of] p1a: Indeedee
|move|p2b: Ursaluna|Protect|p2b: Ursaluna
|-singleturn|p2b: Ursaluna|Protect
|move|p1b: Armarouge|Meteor Beam||[still]
|-prepare|p1b: Armarouge|Meteor Beam
|-boost|p1b: Armarouge|spa|1
|-enditem|p1b: Armarouge|Power Herb
|-anim|p1b: Armarouge|Meteor Beam|p2b: Ursaluna
|-activate|p2b: Ursaluna|move: Protect
|move|p2a: Indeedee|Trick Room|p2a: Indeedee
|-fieldstart|move: Trick Room|[of] p2a: Indeedee
|
|upkeep
|turn|2
|
|t:|1757813090
|move|p2a: Indeedee|Helping Hand|p2b: Ursaluna
|-singleturn|p2b: Ursaluna|Helping Hand|[of] p2a: Indeedee
|move|p1a: Indeedee|Follow Me|p1a: Indeedee
|-singleturn|p1a: Indeedee|move: Follow Me
|move|p2b: Ursaluna|Hyper Voice|p1a: Indeedee|[spread] p1a,p1b
|-damage|p1a: Indeedee|58/100
|-damage|p1b: Armarouge|23/100
|move|p1b: Armarouge|Expanding Force|p2b: Ursaluna|[spread] p2a,p2b
|-resisted|p2a: Indeedee
|-damage|p2a: Indeedee|54/100
|-damage|p2b: Ursaluna|0 fnt
|faint|p2b: Ursaluna
|
|upkeep
|
|t:|1757813101
|switch|p2b: Armarouge|Armarouge, L50, F|100/100
|turn|3
|
|t:|1757813124
|move|p2a: Indeedee|Helping Hand|p2b: Armarouge
|-singleturn|p2b: Armarouge|Helping Hand|[of] p2a: Indeedee
|move|p1b: Armarouge|Protect|p1b: Armarouge
|-singleturn|p1b: Armarouge|Protect
|move|p2b: Armarouge|Expanding Force|p1a: Indeedee|[spread] p1a
|-activate|p1b: Armarouge|move: Protect
|-resisted|p1a: Indeedee
|-damage|p1a: Indeedee|19/100
|move|p1a: Indeedee|Trick Room|p1a: Indeedee
|-fieldend|move: Trick Room
|
|upkeep
|turn|4
|
|t:|1757813141
|move|p1a: Indeedee|Helping Hand|p1b: Armarouge
|-singleturn|p1b: Armarouge|Helping Hand|[of] p1a: Indeedee
|move|p2b: Armarouge|Expanding Force|p1b: Armarouge|[spread] p1a,p1b
|-resisted|p1a: Indeedee
|-resisted|p1b: Armarouge
|-damage|p1a: Indeedee|0 fnt
|-damage|p1b: Armarouge|0 fnt
|faint|p1a: Indeedee
|faint|p1b: Armarouge
|move|p2a: Indeedee|Trick Room|p2a: Indeedee
|-fieldstart|move: Trick Room|[of] p2a: Indeedee
|
|upkeep
|
|t:|1757813150
|switch|p1b: Tatsugiri|Tatsugiri-Droopy, L50, F|100/100
|switch|p1a: Dondozo|Dondozo, L50, M|100/100
|-activate|p1b: Tatsugiri|ability: Commander|[of] p1a: Dondozo
|-boost|p1a: Dondozo|atk|2
|-boost|p1a: Dondozo|spa|2
|-boost|p1a: Dondozo|spe|2
|-boost|p1a: Dondozo|def|2
|-boost|p1a: Dondozo|spd|2
|turn|5
|
|t:|1757813166
|switch|p2a: Annihilape|Annihilape, L50, M|100/100
|-terastallize|p2b: Armarouge|Psychic
|move|p1a: Dondozo|Protect|p1a: Dondozo
|-singleturn|p1a: Dondozo|Protect
|move|p2b: Armarouge|Expanding Force|p1b: Tatsugiri|[spread] 
|-miss|p2b: Armarouge|p1b: Tatsugiri
|-activate|p1a: Dondozo|move: Protect
|
|-fieldend|move: Psychic Terrain
|upkeep
|turn|6
|
|t:|1757813178
|switch|p2a: Indeedee|Indeedee-F, L50, F|54/100
|-fieldstart|move: Psychic Terrain|[from] ability: Psychic Surge|[of] p2a: Indeedee
|move|p2b: Armarouge|Expanding Force|p1a: Dondozo|[spread] p1a
|-miss|p2b: Armarouge|p1b: Tatsugiri
|-damage|p1a: Dondozo|54/100
|move|p1a: Dondozo|Order Up|p2b: Armarouge
|-damage|p2b: Armarouge|63/100
|-boost|p1a: Dondozo|def|1
|
|-heal|p1a: Dondozo|61/100|[from] item: Leftovers
|upkeep
|turn|7
|
|t:|1757813198
|move|p1a: Dondozo|Protect|p1a: Dondozo
|-singleturn|p1a: Dondozo|Protect
|move|p2a: Indeedee|Trick Room|p2a: Indeedee
|-fieldend|move: Trick Room
|move|p2b: Armarouge|Trick Room|p2b: Armarouge
|-fieldstart|move: Trick Room|[of] p2b: Armarouge
|
|-heal|p1a: Dondozo|67/100|[from] item: Leftovers
|upkeep
|turn|8
|
|t:|1757813206
|move|p2a: Indeedee|Helping Hand|p2b: Armarouge
|-singleturn|p2b: Armarouge|Helping Hand|[of] p2a: Indeedee
|move|p2b: Armarouge|Expanding Force|p1a: Dondozo|[spread] p1a
|-miss|p2b: Armarouge|p1b: Tatsugiri
|-damage|p1a: Dondozo|0 fnt
|faint|p1a: Dondozo
|
|upkeep
|turn|9
|-message|dnut1 forfeited.
|
|win|phenomsteelers08
|l|☆dnut1
|player|p1|
||phenomsteelers08 is ready for game 2.
||dnut1 is ready for game 2.
|uhtml|next|Next: Game 2 of 3
