|j|☆Sizzle2466
|j|☆tmjp01
|html|Sizzle2466tmjp01    
|uhtml|bestof|Game 1 of a best-of-3
|t:|1782253014
|gametype|doubles
|player|p1|Sizzle2466|2|1152
|player|p2|tmjp01|102|1173
|gen|9
|tier|[Gen 9 Champions] VGC 2026 Reg M-B (Bo3)
|rated|
|rule|Species Clause: Limit one of each Pokémon
|rule|Item Clause: Limit 1 of each item
|clearpoke
|poke|p1|Scrafty, L50, M|
|poke|p1|Reuniclus, L50, M|
|poke|p1|Gholdengo, L50|
|poke|p1|Sylveon, L50, F|
|poke|p1|Pidgeot, L50, F|
|poke|p1|Garchomp, L50, F|
|poke|p2|Corviknight, L50, F|
|poke|p2|Tyranitar, L50, M|
|poke|p2|Hydreigon, L50, F|
|poke|p2|Froslass, L50, F|
|poke|p2|Garchomp, L50, M|
|poke|p2|Arcanine-Hisui, L50, M|
|teampreview|4
|showteam|p1|Scrafty||Scraftinite|Intimidate|FakeOut,KnockOff,CloseCombat,Protect|Brave||M|||50|]Reuniclus||LifeOrb|MagicGuard|Psychic,Recover,TrickRoom,Protect|Quiet||M|||50|]Gholdengo||Leftovers|GoodasGold|NastyPlot,MakeItRain,ShadowBall,Protect|Modest|||||50|]Sylveon||FairyFeather|Pixilate|HyperVoice,Moonblast,Substitute,Protect|Modest||F|||50|]Pidgeot||Pidgeotite|KeenEye|Hurricane,HeatWave,Tailwind,Protect|Timid||F|||50|]Garchomp||SitrusBerry|RoughSkin|DragonClaw,StompingTantrum,RockSlide,Protect|Adamant||F|||50|
|showteam|p2|Corviknight||OccaBerry|MirrorArmor|BraveBird,Protect,IronHead,Tailwind|Adamant||F|||50|]Tyranitar||Tyranitarite|SandStream|Protect,KnockOff,RockSlide,DragonDance|Adamant||M|||50|]Hydreigon||ChoiceScarf|Levitate|DarkPulse,DracoMeteor,EarthPower,ZenHeadbutt|Timid||F|||50|]Froslass||Froslassite|SnowCloak|Blizzard,Protect,ShadowBall,WeatherBall|Timid||F|||50|]Garchomp||LifeOrb|RoughSkin|Protect,DragonClaw,RockSlide,Earthquake|Jolly||M|||50|]Arcanine-Hisui||FocusSash|RockHead|Protect,HeadSmash,ExtremeSpeed,FlareBlitz|Adamant||M|||50|
|
|t:|1782253100
|teamsize|p1|4
|teamsize|p2|4
|start
|switch|p1a: Reuniclus|Reuniclus, L50, M|100/100
|switch|p1b: Scrafty|Scrafty, L50, M|100/100
|switch|p2a: Corviknight|Corviknight, L50, F|100/100
|switch|p2b: Arcanine|Arcanine-Hisui, L50, M|100/100
|-ability|p1b: Scrafty|Intimidate|boost
|-ability|p2a: Corviknight|Mirror Armor
|-unboost|p1b: Scrafty|atk|1
|-unboost|p2b: Arcanine|atk|1
|turn|1
|inactive|Battle timer is ON: inactive players will automatically lose when time's up. (requested by tmjp01)
|
|t:|1782253126
|detailschange|p1b: Scrafty|Scrafty-Mega, L50, M
|-mega|p1b: Scrafty|Scrafty|Scraftinite
|-ability|p1b: Scrafty|Intimidate|boost
|-ability|p2a: Corviknight|Mirror Armor
|-unboost|p1b: Scrafty|atk|1
|-unboost|p2b: Arcanine|atk|1
|move|p2b: Arcanine|Protect|p2b: Arcanine
|-singleturn|p2b: Arcanine|Protect
|move|p1b: Scrafty|Fake Out|p2a: Corviknight
|-resisted|p2a: Corviknight|1
|-damage|p2a: Corviknight|97/100
|cant|p2a: Corviknight|flinch
|move|p1a: Reuniclus|Trick Room|p1a: Reuniclus
|-fieldstart|move: Trick Room|[of] p1a: Reuniclus
|
|upkeep
|turn|2
|
|t:|1782253148
|switch|p2b: Froslass|Froslass, L50, F|100/100
|move|p1a: Reuniclus|Psychic|p2b: Froslass
|-damage|p2b: Froslass|9/100
|move|p1b: Scrafty|Close Combat|p2b: Froslass
|-immune|p2b: Froslass
|move|p2a: Corviknight|Brave Bird|p1b: Scrafty
|-supereffective|p1b: Scrafty|1
|-damage|p1b: Scrafty|37/100
|-damage|p2a: Corviknight|79/100|[from] Recoil
|
|upkeep
|turn|3
|
|t:|1782253168
|move|p2b: Froslass|Protect|p2b: Froslass
|-singleturn|p2b: Froslass|Protect
|move|p1a: Reuniclus|Psychic|p2a: Corviknight
|-resisted|p2a: Corviknight|1
|-damage|p2a: Corviknight|53/100
|move|p1b: Scrafty|Knock Off|p2a: Corviknight
|-damage|p2a: Corviknight|30/100
|-enditem|p2a: Corviknight|Occa Berry|[from] move: Knock Off|[of] p1b: Scrafty
|move|p2a: Corviknight|Brave Bird|p1b: Scrafty
|-supereffective|p1b: Scrafty|1
|-damage|p1b: Scrafty|0 fnt
|faint|p1b: Scrafty
|-damage|p2a: Corviknight|20/100r|[from] Recoil
|
|upkeep
|
|t:|1782253181
|switch|p1b: Sylveon|Sylveon, L50, F|100/100
|turn|4
|
|t:|1782253190
|detailschange|p2b: Froslass|Froslass-Mega, L50, F
|-mega|p2b: Froslass|Froslass|Froslassite
|-weather|Snowscape|[from] ability: Snow Warning|[of] p2b: Froslass
|move|p2a: Corviknight|Protect|p2a: Corviknight
|-singleturn|p2a: Corviknight|Protect
|move|p1a: Reuniclus|Psychic|p2b: Froslass
|-damage|p2b: Froslass|0 fnt
|faint|p2b: Froslass
|move|p1b: Sylveon|Hyper Voice|p2a: Corviknight
|-activate|p2a: Corviknight|move: Protect
|
|-weather|Snowscape|[upkeep]
|upkeep
|
|t:|1782253202
|switch|p2b: Arcanine|Arcanine-Hisui, L50, M|100/100
|turn|5
|inactive|tmjp01 has 30 seconds left.
|inactive|tmjp01 has 20 seconds left.
|
|t:|1782253241
|move|p2a: Corviknight|Protect||[still]
|-fail|p2a: Corviknight
|move|p1a: Reuniclus|Psychic|p2a: Corviknight
|-resisted|p2a: Corviknight|1
|-damage|p2a: Corviknight|0 fnt
|faint|p2a: Corviknight
|move|p1b: Sylveon|Substitute|p1b: Sylveon
|-start|p1b: Sylveon|Substitute
|-damage|p1b: Sylveon|75/100
|move|p2b: Arcanine|Head Smash|p1b: Sylveon
|-end|p1b: Sylveon|Substitute
|
|-weather|Snowscape|[upkeep]
|-fieldend|move: Trick Room
|upkeep
|
|t:|1782253249
|switch|p2a: Hydreigon|Hydreigon, L50, F|100/100
|turn|6
|inactive|tmjp01 has 30 seconds left.
|
|t:|1782253282
|switch|p1b: Garchomp|Garchomp, L50, F|100/100
|move|p1a: Reuniclus|Protect|p1a: Reuniclus
|-singleturn|p1a: Reuniclus|Protect
|move|p2a: Hydreigon|Dark Pulse|p1a: Reuniclus
|-activate|p1a: Reuniclus|move: Protect
|move|p2b: Arcanine|Flare Blitz|p1b: Garchomp
|-resisted|p1b: Garchomp|1
|-damage|p1b: Garchomp|74/100
|-damage|p2b: Arcanine|87/100|[from] ability: Rough Skin|[of] p1b: Garchomp
|
|-weather|Snowscape|[upkeep]
|upkeep
|turn|7
|inactive|tmjp01 has 30 seconds left.
|
|t:|1782253312
|move|p2a: Hydreigon|Dark Pulse|p1b: Garchomp
|-damage|p1b: Garchomp|35/100
|-enditem|p1b: Garchomp|Sitrus Berry|[eat]
|-heal|p1b: Garchomp|60/100|[from] item: Sitrus Berry
|move|p1b: Garchomp|Dragon Claw|p2a: Hydreigon
|-supereffective|p2a: Hydreigon|1
|-damage|p2a: Hydreigon|10/100
|move|p2b: Arcanine|Head Smash|p1b: Garchomp
|-resisted|p1b: Garchomp|1
|-damage|p1b: Garchomp|24/100
|-damage|p2b: Arcanine|75/100|[from] ability: Rough Skin|[of] p1b: Garchomp
|move|p1a: Reuniclus|Psychic|p2b: Arcanine
|-damage|p2b: Arcanine|1/100
|
|-weather|Snowscape|[upkeep]
|upkeep
|turn|8
|inactive|tmjp01 has 30 seconds left.
|inactive|tmjp01 has 20 seconds left.
|inactive|tmjp01 has 15 seconds left.
|
|t:|1782253356
|move|p2a: Hydreigon|Dark Pulse|p1a: Reuniclus
|-supereffective|p1a: Reuniclus|1
|-damage|p1a: Reuniclus|33/100
|move|p1b: Garchomp|Rock Slide|p2a: Hydreigon|[spread] p2a,p2b
|-supereffective|p2b: Arcanine|1
|-damage|p2a: Hydreigon|0 fnt
|-damage|p2b: Arcanine|0 fnt
|faint|p2a: Hydreigon
|faint|p2b: Arcanine
|
|win|Sizzle2466
||Sizzle2466 is ready for game 2.
||tmjp01 is ready for game 2.
|uhtml|next|Next: Game 2 of 3
|l|☆Sizzle2466
|player|p1|
