|j|☆arkjsmith
|j|☆sbhaga34
|html|arkjsmithsbhaga34    
|uhtml|bestof|Game 2 of a best-of-3
|t:|1755489890
|gametype|doubles
|player|p1|arkjsmith|roxie|1238
|player|p2|sbhaga34|hugh|1222
|gen|9
|tier|[Gen 9] VGC 2025 Reg H (Bo3)
|rated|
|rule|Species Clause: Limit one of each Pokémon
|rule|Item Clause: Limit 1 of each item
|clearpoke
|poke|p1|Incineroar, L50, M|
|poke|p1|Gholdengo, L50|
|poke|p1|Hydreigon, L50, F|
|poke|p1|Ursaluna, L50, F|
|poke|p1|Annihilape, L50, M|
|poke|p1|Mimikyu, L50, F|
|poke|p2|Indeedee-F, L50, F|
|poke|p2|Kilowattrel, L50, M|
|poke|p2|Tyranitar, L50, F|
|poke|p2|Excadrill, L50, M|
|poke|p2|Gardevoir, L50, F|
|poke|p2|Ursaluna-Bloodmoon, L50, M|
|teampreview|4
|showteam|p1|Incineroar||SafetyGoggles|Intimidate|FakeOut,KnockOff,PartingShot,FlareBlitz|||M|||50|,,,,,Ghost]Gholdengo||SitrusBerry|GoodasGold|MakeItRain,ShadowBall,NastyPlot,Protect||||||50|,,,,,Water]Hydreigon||CovertCloak|Levitate|DracoMeteor,Snarl,Tailwind,Protect|||F|||50|,,,,,Steel]Ursaluna||FlameOrb|Guts|HeadlongRush,Facade,Earthquake,Protect|||F|||50|,,,,,Ghost]Annihilape||FocusSash|Defiant|CloseCombat,RageFist,Protect,FinalGambit|||M|||50|,,,,,Stellar]Mimikyu||LifeOrb|Disguise|ShadowClaw,PlayRough,ShadowSneak,TrickRoom|||F|||50|,,,,,Ghost
|showteam|p2|Indeedee-F||SafetyGoggles|PsychicSurge|FollowMe,TrickRoom,Imprison,Psychic|||F|||50|,,,,,Fairy]Kilowattrel||CovertCloak|Competitive|VoltSwitch,Discharge,AirSlash,Tailwind|||M|||50|,,,,,Electric]Tyranitar||WeaknessPolicy|SandStream|RockSlide,KnockOff,LowKick,Protect|||F|||50|,,,,,Flying]Excadrill||FocusSash|SandRush|Earthquake,IronHead,SwordsDance,Protect|||M|||50|,,,,,Ground]Gardevoir||ChoiceScarf|Telepathy|ExpandingForce,DazzlingGleam,Moonblast,IcyWind|||F|||50|,,,,,Psychic]Ursaluna-Bloodmoon||LifeOrb|MindsEye|BloodMoon,HyperVoice,EarthPower,Protect|||M|||50|,,,,,Normal
|inactive|Battle timer is ON: inactive players will automatically lose when time's up. (requested by arkjsmith)
|
|t:|1755489912
|teamsize|p1|4
|teamsize|p2|4
|start
|switch|p1a: Hydreigon|Hydreigon, L50, F, shiny|100/100
|switch|p1b: Cheese|Gholdengo, L50|100/100
|switch|p2a: Tyranitar|Tyranitar, L50, F|100/100
|switch|p2b: Kilowattrel|Kilowattrel, L50, M|100/100
|-weather|Sandstorm|[from] ability: Sand Stream|[of] p2a: Tyranitar
|turn|1
|inactive|arkjsmith has 30 seconds left.
|
|t:|1755489941
|move|p1a: Hydreigon|Tailwind|p1a: Hydreigon
|-sidestart|p1: arkjsmith|move: Tailwind
|move|p1b: Cheese|Nasty Plot|p1b: Cheese
|-boost|p1b: Cheese|spa|2
|move|p2b: Kilowattrel|Tailwind|p2b: Kilowattrel
|-sidestart|p2: sbhaga34|move: Tailwind
|move|p2a: Tyranitar|Low Kick|p1a: Hydreigon
|-supereffective|p1a: Hydreigon
|-damage|p1a: Hydreigon|24/100
|
|-weather|Sandstorm|[upkeep]
|-damage|p2b: Kilowattrel|95/100|[from] Sandstorm
|-damage|p1a: Hydreigon|18/100|[from] Sandstorm
|upkeep
|turn|2
|inactive|arkjsmith has 30 seconds left.
|
|t:|1755489974
|move|p1b: Cheese|Protect|p1b: Cheese
|-singleturn|p1b: Cheese|Protect
|move|p2a: Tyranitar|Protect|p2a: Tyranitar
|-singleturn|p2a: Tyranitar|Protect
|move|p1a: Hydreigon|Draco Meteor|p2b: Kilowattrel
|-damage|p2b: Kilowattrel|30/100
|-unboost|p1a: Hydreigon|spa|2
|move|p2b: Kilowattrel|Discharge|p1b: Cheese|[spread] p1a
|-activate|p2a: Tyranitar|move: Protect
|-activate|p1b: Cheese|move: Protect
|-resisted|p1a: Hydreigon
|-damage|p1a: Hydreigon|8/100
|
|-weather|Sandstorm|[upkeep]
|-damage|p2b: Kilowattrel|24/100|[from] Sandstorm
|-damage|p1a: Hydreigon|2/100|[from] Sandstorm
|upkeep
|turn|3
|
|t:|1755489994
|switch|p2a: Indeedee|Indeedee-F, L50, F|100/100
|-fieldstart|move: Psychic Terrain|[from] ability: Psychic Surge|[of] p2a: Indeedee
|move|p1a: Hydreigon|Draco Meteor|p2b: Kilowattrel
|-damage|p2b: Kilowattrel|0 fnt
|-unboost|p1a: Hydreigon|spa|2
|faint|p2b: Kilowattrel
|move|p1b: Cheese|Make It Rain|p2a: Indeedee
|-damage|p2a: Indeedee|0 fnt
|-unboost|p1b: Cheese|spa|1
|faint|p2a: Indeedee
|
|-weather|Sandstorm|[upkeep]
|-damage|p1a: Hydreigon|0 fnt|[from] Sandstorm
|faint|p1a: Hydreigon
|upkeep
|
|t:|1755490010
|switch|p1a: LooLu|Ursaluna, L50, F|100/100
|switch|p2b: Gardevoir|Gardevoir, L50, F, shiny|100/100
|switch|p2a: Tyranitar|Tyranitar, L50, F|100/100
|turn|4
|
|t:|1755490025
|move|p1a: LooLu|Protect|p1a: LooLu
|-singleturn|p1a: LooLu|Protect
|move|p2b: Gardevoir|Icy Wind|p1a: LooLu|[spread] p1b
|-activate|p1a: LooLu|move: Protect
|-resisted|p1b: Cheese
|-damage|p1b: Cheese|93/100
|-unboost|p1b: Cheese|spe|1
|move|p2a: Tyranitar|Knock Off|p1b: Cheese
|-supereffective|p1b: Cheese
|-damage|p1b: Cheese|0 fnt
|-enditem|p1b: Cheese|Sitrus Berry|[from] move: Knock Off|[of] p2a: Tyranitar
|faint|p1b: Cheese
|
|-weather|Sandstorm|[upkeep]
|-damage|p2b: Gardevoir|95/100|[from] Sandstorm
|-sideend|p2: sbhaga34|move: Tailwind
|-sideend|p1: arkjsmith|move: Tailwind
|-status|p1a: LooLu|brn|[from] item: Flame Orb
|upkeep
|
|t:|1755490035
|switch|p1b: Bobert|Annihilape, L50, M|100/100
|turn|5
|
|t:|1755490053
|-terastallize|p2a: Tyranitar|Flying
|-terastallize|p1a: LooLu|Ghost
|move|p2b: Gardevoir|Icy Wind|p1a: LooLu|[spread] p1a,p1b
|-damage|p1a: LooLu|87/100 brn
|-damage|p1b: Bobert|85/100
|-unboost|p1a: LooLu|spe|1
|-unboost|p1b: Bobert|spe|1
|-ability|p1b: Bobert|Defiant|boost
|-boost|p1b: Bobert|atk|2
|move|p1b: Bobert|Close Combat|p2a: Tyranitar
|-resisted|p2a: Tyranitar
|-damage|p2a: Tyranitar|58/100
|-unboost|p1b: Bobert|def|1
|-unboost|p1b: Bobert|spd|1
|move|p2a: Tyranitar|Knock Off|p1a: LooLu
|-supereffective|p1a: LooLu
|-damage|p1a: LooLu|6/100 brn
|-enditem|p1a: LooLu|Flame Orb|[from] move: Knock Off|[of] p2a: Tyranitar
|move|p1a: LooLu|Facade|p2a: Tyranitar
|-damage|p2a: Tyranitar|0 fnt
|faint|p2a: Tyranitar
|
|-weather|none
|-damage|p1a: LooLu|0 fnt|[from] brn
|faint|p1a: LooLu
|upkeep
|turn|6
|-message|sbhaga34 forfeited.
|
|win|arkjsmith
|raw|arkjsmith's rating: 1238 → 1262(+24 for winning)
|raw|sbhaga34's rating: 1222 → 1198(-24 for losing)
|l|☆sbhaga34
|player|p2|
