|j|☆Reg H merchant
|j|☆Champ.Braeden
|html|Reg H merchantChamp.Braeden    
|uhtml|bestof|Game 2 of a best-of-3
|t:|1756939548
|gametype|doubles
|player|p1|Reg H merchant|hilbert|1315
|player|p2|Champ.Braeden|hoopster|1272
|gen|9
|tier|[Gen 9] VGC 2025 Reg H (Bo3)
|rated|
|rule|Species Clause: Limit one of each Pokémon
|rule|Item Clause: Limit 1 of each item
|clearpoke
|poke|p1|Electabuzz, L50, F|
|poke|p1|Sneasler, L50, F|
|poke|p1|Ursaluna-Bloodmoon, L50, M|
|poke|p1|Indeedee, L50, M|
|poke|p1|Incineroar, L50, M|
|poke|p1|Dragonite, L50, F|
|poke|p2|Dragonite, L50, F|
|poke|p2|Pelipper, L50, M|
|poke|p2|Archaludon, L50, F|
|poke|p2|Basculegion, L50, M|
|poke|p2|Incineroar, L50, F|
|poke|p2|Gastrodon-East, L50, F|
|teampreview|4
|showteam|p1|Electabuzz||Eviolite|VitalSpirit|Electroweb,FollowMe,Taunt,Protect|||F|||50|,,,,,Dragon]Sneasler||PsychicSeed|Unburden|DireClaw,ThroatChop,CloseCombat,Protect|||F|||50|,,,,,Dark]Ursaluna-Bloodmoon||LifeOrb|MindsEye|HyperVoice,BloodMoon,EarthPower,Protect|||M|||50|,,,,,Normal]Indeedee||FocusSash|PsychicSurge|ExpandingForce,Protect,TrickRoom,HelpingHand|||M|||50|,,,,,Psychic]Incineroar||SafetyGoggles|Intimidate|FakeOut,KnockOff,FlareBlitz,PartingShot|||M|||50|,,,,,Ghost]Dragonite||LoadedDice|Multiscale|ScaleShot,Haze,Protect,Tailwind|||F|||50|,,,,,Fairy
|showteam|p2|Dragonite||LoadedDice|InnerFocus|ScaleShot,LowKick,Haze,Protect|||F|||50|,,,,,Fairy]Pelipper||FocusSash|Drizzle|MuddyWater,Hurricane,Tailwind,Protect|||M|||50|,,,,,Stellar]Archaludon||AssaultVest|Stamina|ElectroShot,DracoMeteor,FlashCannon,BodyPress|||F|||50|,,,,,Fighting]Basculegion||LifeOrb|SwiftSwim|WaveCrash,LastRespects,AquaJet,Protect|||M|||50|,,,,,Water]Incineroar||SafetyGoggles|Intimidate|KnockOff,Taunt,FakeOut,PartingShot|||F|||50|,,,,,Ghost]Gastrodon-East||Leftovers|StormDrain|MuddyWater,EarthPower,Protect,IceBeam|||F|||50|,,,,,Steel
|
|t:|1756939558
|teamsize|p1|4
|teamsize|p2|4
|start
|switch|p1a: Electabuzz|Electabuzz, L50, F|100/100
|switch|p1b: Ursaluna|Ursaluna-Bloodmoon, L50, M|100/100
|switch|p2a: Archaludon|Archaludon, L50, F|100/100
|switch|p2b: Pelipper|Pelipper, L50, M|100/100
|-weather|RainDance|[from] ability: Drizzle|[of] p2b: Pelipper
|turn|1
|
|t:|1756939575
|-terastallize|p2a: Archaludon|Fighting
|move|p2b: Pelipper|Protect|p2b: Pelipper
|-singleturn|p2b: Pelipper|Protect
|move|p1a: Electabuzz|Electroweb|p2a: Archaludon|[spread] p2a
|-activate|p2b: Pelipper|move: Protect
|-damage|p2a: Archaludon|89/100
|-unboost|p2a: Archaludon|spe|1
|-ability|p2a: Archaludon|Stamina|boost
|-boost|p2a: Archaludon|def|1
|move|p1b: Ursaluna|Hyper Voice|p2a: Archaludon|[spread] p2a
|-activate|p2b: Pelipper|move: Protect
|-damage|p2a: Archaludon|54/100
|-ability|p2a: Archaludon|Stamina|boost
|-boost|p2a: Archaludon|def|1
|-damage|p1b: Ursaluna|91/100|[from] item: Life Orb
|move|p2a: Archaludon|Electro Shot||[still]
|-prepare|p2a: Archaludon|Electro Shot
|-boost|p2a: Archaludon|spa|1
|-anim|p2a: Archaludon|Electro Shot|p1a: Electabuzz
|-resisted|p1a: Electabuzz
|-damage|p1a: Electabuzz|74/100
|
|-weather|RainDance|[upkeep]
|upkeep
|turn|2
|
|t:|1756939607
|move|p1a: Electabuzz|Electroweb|p2b: Pelipper|[spread] p2a,p2b
|-supereffective|p2b: Pelipper
|-damage|p2a: Archaludon|43/100
|-damage|p2b: Pelipper|3/100
|-unboost|p2a: Archaludon|spe|1
|-unboost|p2b: Pelipper|spe|1
|-ability|p2a: Archaludon|Stamina|boost
|-boost|p2a: Archaludon|def|1
|move|p1b: Ursaluna|Hyper Voice|p2a: Archaludon|[spread] p2a,p2b
|-damage|p2a: Archaludon|8/100
|-damage|p2b: Pelipper|0 fnt
|-ability|p2a: Archaludon|Stamina|boost
|-boost|p2a: Archaludon|def|1
|faint|p2b: Pelipper
|-damage|p1b: Ursaluna|81/100|[from] item: Life Orb
|move|p2a: Archaludon|Draco Meteor|p1b: Ursaluna
|-damage|p1b: Ursaluna|0 fnt
|-unboost|p2a: Archaludon|spa|2
|faint|p1b: Ursaluna
|
|-weather|RainDance|[upkeep]
|upkeep
|inactive|Battle timer is ON: inactive players will automatically lose when time's up. (requested by Champ.Braeden)
|
|t:|1756939625
|switch|p2b: Basculegion|Basculegion, L50, M, shiny|100/100
|switch|p1b: Indeedee|Indeedee, L50, M|100/100
|-fieldstart|move: Psychic Terrain|[from] ability: Psychic Surge|[of] p1b: Indeedee
|turn|3
|inactive|Reg H merchant has 30 seconds left.
|inactive|Reg H merchant has 20 seconds left.
|inactive|Reg H merchant has 15 seconds left.
|inactive|Reg H merchant has 10 seconds left.
|
|t:|1756939672
|move|p1a: Electabuzz|Protect|p1a: Electabuzz
|-singleturn|p1a: Electabuzz|Protect
|move|p1b: Indeedee|Protect|p1b: Indeedee
|-singleturn|p1b: Indeedee|Protect
|move|p2b: Basculegion|Wave Crash|p1a: Electabuzz
|-activate|p1a: Electabuzz|move: Protect
|move|p2a: Archaludon|Body Press|p1a: Electabuzz
|-activate|p1a: Electabuzz|move: Protect
|
|-weather|RainDance|[upkeep]
|upkeep
|turn|4
|
|t:|1756939690
|switch|p2a: Dragonite|Dragonite, L50, F|100/100
|-terastallize|p1a: Electabuzz|Dragon
|move|p1a: Electabuzz|Follow Me|p1a: Electabuzz
|-singleturn|p1a: Electabuzz|move: Follow Me
|move|p2b: Basculegion|Wave Crash|p1a: Electabuzz
|-resisted|p1a: Electabuzz
|-damage|p1a: Electabuzz|9/100
|-damage|p2b: Basculegion|83/100|[from] Recoil
|-damage|p2b: Basculegion|73/100|[from] item: Life Orb
|move|p1b: Indeedee|Expanding Force|p2a: Dragonite|[spread] p2a,p2b
|-damage|p2a: Dragonite|41/100
|-damage|p2b: Basculegion|8/100
|
|-weather|RainDance|[upkeep]
|upkeep
|turn|5
|
|t:|1756939711
|move|p1a: Electabuzz|Protect|p1a: Electabuzz
|-singleturn|p1a: Electabuzz|Protect
|move|p1b: Indeedee|Protect|p1b: Indeedee
|-singleturn|p1b: Indeedee|Protect
|move|p2b: Basculegion|Wave Crash|p1b: Indeedee
|-activate|p1b: Indeedee|move: Protect
|move|p2a: Dragonite|Scale Shot|p1b: Indeedee
|-activate|p1b: Indeedee|move: Protect
|
|-weather|none
|upkeep
|turn|6
|inactive|Champ.Braeden has 30 seconds left.
|l|☆Champ.Braeden
|inactive|Champ.Braeden disconnected and has a minute to reconnect!
|player|p2|
|inactive|Champ.Braeden has 20 seconds left.
|inactive|Champ.Braeden has 15 seconds left.
|inactive|Champ.Braeden has 10 seconds left.
|inactive|Champ.Braeden has 5 seconds left.
|-message|Champ.Braeden lost due to inactivity.
|
|win|Reg H merchant
|raw|Reg H merchant's rating: 1315 → 1333(+18 for winning)
|raw|Champ.Braeden's rating: 1272 → 1250(-22 for losing)
