|j|☆beeetch
|j|☆Lucario Palworld
|html|beeetchLucario Palworld    
|uhtml|bestof|Game 3 of a best-of-3
|t:|1754905111
|gametype|doubles
|player|p1|beeetch|beauty-gen4dp|1274
|player|p2|Lucario Palworld|101|1340
|gen|9
|tier|[Gen 9] VGC 2025 Reg H (Bo3)
|rated|
|rule|Species Clause: Limit one of each Pokémon
|rule|Item Clause: Limit 1 of each item
|clearpoke
|poke|p1|Toedscruel, L50, M|
|poke|p1|Weezing-Galar, L50, F|
|poke|p1|Corviknight, L50, M|
|poke|p1|Pawmot, L50, F|
|poke|p1|Garchomp, L50, M|
|poke|p1|Typhlosion-Hisui, L50, M|
|poke|p2|Whimsicott, L50, M|
|poke|p2|Pelipper, L50, M|
|poke|p2|Tatsugiri, L50, F|
|poke|p2|Dondozo, L50, F|
|poke|p2|Gholdengo, L50|
|poke|p2|Perrserker, L50, F|
|teampreview|4
|showteam|p1|Toedscruel||CovertCloak|MyceliumMight|Spore,EarthPower,AcidSpray,RagePowder|||M|||50|,,,,,Water]Weezing-Galar||ChoiceSpecs|NeutralizingGas|DazzlingGleam,SludgeBomb,StrangeSteam,Flamethrower|||F|||50|,,,,,Fire]Corviknight||SitrusBerry|MirrorArmor|Protect,Tailwind,Roost,BraveBird|||M|||50|,,,,,Dragon]Pawmot||FocusSash|NaturalCure|Protect,CloseCombat,DoubleShock,FakeOut|||F|||50|,,,,,Electric]Garchomp||LifeOrb|RoughSkin|Protect,Earthquake,DragonClaw,StompingTantrum|||M|||50|,,,,,Ground]Typhlosion-Hisui||ChoiceScarf|Blaze|Eruption,SleepTalk,HeatWave,ShadowBall|||M|||50|,,,,,Fire
|showteam|p2|Whimsicott||CovertCloak|Prankster|Encore,Tailwind,Endeavor,Moonblast|||M|||50|,,,,,Ghost]Pelipper||FocusSash|Drizzle|Tailwind,Hurricane,WeatherBall,WideGuard|||M|||50|,,,,,Flying]Tatsugiri||ChoiceScarf|Commander|MuddyWater,DracoMeteor,DragonPulse,IcyWind|||F|||50|,,,,,Steel]Dondozo||ClearAmulet|Unaware|Earthquake,WaveCrash,OrderUp,Protect|||F|||50|,,,,,Grass]Gholdengo||ChoiceSpecs|GoodasGold|ShadowBall,MakeItRain,FocusBlast,Thunderbolt||||||50|,,,,,Steel]Perrserker||ChopleBerry|SteelySpirit|FakeOut,IronHead,Taunt,KnockOff|||F|||50|,,,,,Steel
|
|t:|1754905159
|teamsize|p1|4
|teamsize|p2|4
|start
|switch|p1a: Weezing|Weezing-Galar, L50, F|100/100
|switch|p1b: Typhlosion|Typhlosion-Hisui, L50, M|100/100
|switch|p2a: Dondozo|Dondozo, L50, F|100/100
|switch|p2b: Pelipper|Pelipper, L50, M|100/100
|-ability|p1a: Weezing|Neutralizing Gas
|turn|1
|
|t:|1754905181
|move|p2a: Dondozo|Protect|p2a: Dondozo
|-singleturn|p2a: Dondozo|Protect
|move|p1b: Typhlosion|Shadow Ball|p2a: Dondozo
|-activate|p2a: Dondozo|move: Protect
|move|p2b: Pelipper|Tailwind|p2b: Pelipper
|-sidestart|p2: Lucario Palworld|move: Tailwind
|move|p1a: Weezing|Sludge Bomb|p2a: Dondozo
|-activate|p2a: Dondozo|move: Protect
|
|upkeep
|turn|2
|
|t:|1754905213
|move|p2b: Pelipper|Hurricane|p1b: Typhlosion|[miss]
|-miss|p2b: Pelipper|p1b: Typhlosion
|move|p1b: Typhlosion|Shadow Ball|p2a: Dondozo
|-damage|p2a: Dondozo|53/100
|move|p2a: Dondozo|Earthquake|p1a: Weezing|[spread] p1a,p1b
|-immune|p2b: Pelipper
|-supereffective|p1a: Weezing
|-supereffective|p1b: Typhlosion
|-damage|p1a: Weezing|55/100
|-damage|p1b: Typhlosion|36/100
|move|p1a: Weezing|Sludge Bomb|p2a: Dondozo
|-damage|p2a: Dondozo|0 fnt
|faint|p2a: Dondozo
|
|upkeep
|
|t:|1754905223
|switch|p2a: Tatsugiri|Tatsugiri, L50, F|100/100
|turn|3
|
|t:|1754905233
|switch|p1b: Corviknight|Corviknight, L50, M|100/100
|move|p2a: Tatsugiri|Muddy Water|p1b: Corviknight|[spread] p1a,p1b
|-damage|p1a: Weezing|7/100
|-damage|p1b: Corviknight|69/100
|-unboost|p1a: Weezing|accuracy|1
|-unboost|p1b: Corviknight|accuracy|1
|move|p2b: Pelipper|Hurricane|p1a: Weezing
|-damage|p1a: Weezing|0 fnt
|faint|p1a: Weezing
|-end|p1a: Weezing|ability: Neutralizing Gas
|-weather|RainDance|[from] ability: Drizzle|[of] p2b: Pelipper
|
|-weather|RainDance|[upkeep]
|upkeep
|
|t:|1754905247
|switch|p1a: Pawmot|Pawmot, L50, F|100/100
|turn|4
|
|t:|1754905266
|move|p1a: Pawmot|Protect|p1a: Pawmot
|-singleturn|p1a: Pawmot|Protect
|move|p2a: Tatsugiri|Muddy Water|p1b: Corviknight|[spread] p1b
|-activate|p1a: Pawmot|move: Protect
|-damage|p1b: Corviknight|17/100
|-enditem|p1b: Corviknight|Sitrus Berry|[eat]
|-heal|p1b: Corviknight|41/100|[from] item: Sitrus Berry
|move|p2b: Pelipper|Weather Ball|p1a: Pawmot
|-activate|p1a: Pawmot|move: Protect
|move|p1b: Corviknight|Tailwind|p1b: Corviknight
|-sidestart|p1: beeetch|move: Tailwind
|
|-weather|RainDance|[upkeep]
|-sideend|p2: Lucario Palworld|move: Tailwind
|upkeep
|turn|5
|
|t:|1754905288
|-terastallize|p1a: Pawmot|Electric
|-terastallize|p2a: Tatsugiri|Steel
|move|p1a: Pawmot|Double Shock|p2a: Tatsugiri
|-damage|p2a: Tatsugiri|0 fnt
|-start|p1a: Pawmot|typechange|Electric|[from] move: Double Shock
|faint|p2a: Tatsugiri
|move|p1b: Corviknight|Roost|p1b: Corviknight
|-heal|p1b: Corviknight|92/100
|-singleturn|p1b: Corviknight|move: Roost
|move|p2b: Pelipper|Tailwind|p2b: Pelipper
|-sidestart|p2: Lucario Palworld|move: Tailwind
|
|-weather|RainDance|[upkeep]
|upkeep
|
|t:|1754905296
|switch|p2a: Gholdengo|Gholdengo, L50|100/100
|turn|6
|
|t:|1754905333
|move|p1a: Pawmot|Double Shock|p2b: Pelipper
|-supereffective|p2b: Pelipper
|-enditem|p2b: Pelipper|Focus Sash
|-damage|p2b: Pelipper|1/100
|-start|p1a: Pawmot|typechange|Electric|[from] move: Double Shock
|move|p2a: Gholdengo|Thunderbolt|p1a: Pawmot
|-resisted|p1a: Pawmot
|-damage|p1a: Pawmot|53/100
|move|p2b: Pelipper|Weather Ball|p1a: Pawmot
|-crit|p1a: Pawmot
|-damage|p1a: Pawmot|0 fnt
|faint|p1a: Pawmot
|move|p1b: Corviknight|Brave Bird|p2b: Pelipper|[miss]
|-miss|p1b: Corviknight|p2b: Pelipper
|
|-weather|RainDance|[upkeep]
|upkeep
|
|t:|1754905349
|switch|p1a: Typhlosion|Typhlosion-Hisui, L50, M|36/100
|turn|7
|
|t:|1754905404
|move|p1b: Corviknight|Protect|p1b: Corviknight
|-singleturn|p1b: Corviknight|Protect
|move|p1a: Typhlosion|Shadow Ball|p2a: Gholdengo
|-supereffective|p2a: Gholdengo
|-damage|p2a: Gholdengo|0 fnt
|faint|p2a: Gholdengo
|move|p2b: Pelipper|Weather Ball|p1a: Typhlosion
|-supereffective|p1a: Typhlosion
|-damage|p1a: Typhlosion|0 fnt
|faint|p1a: Typhlosion
|
|-weather|none
|-sideend|p1: beeetch|move: Tailwind
|upkeep
|turn|8
|
|t:|1754905421
|move|p2b: Pelipper|Hurricane|p1b: Corviknight
|-resisted|p1b: Corviknight
|-damage|p1b: Corviknight|70/100
|-start|p1b: Corviknight|confusion
|-activate|p1b: Corviknight|confusion
|-damage|p1b: Corviknight|62/100|[from] confusion
|
|-sideend|p2: Lucario Palworld|move: Tailwind
|upkeep
|turn|9
|
|t:|1754905430
|move|p2b: Pelipper|Hurricane|p1b: Corviknight
|-resisted|p1b: Corviknight
|-damage|p1b: Corviknight|40/100
|-activate|p1b: Corviknight|confusion
|move|p1b: Corviknight|Roost|p1b: Corviknight
|-heal|p1b: Corviknight|90/100
|-singleturn|p1b: Corviknight|move: Roost
|
|upkeep
|turn|10
|
|t:|1754905439
|move|p2b: Pelipper|Hurricane|p1b: Corviknight
|-resisted|p1b: Corviknight
|-damage|p1b: Corviknight|68/100
|-end|p1b: Corviknight|confusion
|move|p1b: Corviknight|Brave Bird|p2b: Pelipper|[miss]
|-miss|p1b: Corviknight|p2b: Pelipper
|
|upkeep
|turn|11
|
|t:|1754905449
|move|p1b: Corviknight|Protect|p1b: Corviknight
|-singleturn|p1b: Corviknight|Protect
|move|p2b: Pelipper|Hurricane|p1b: Corviknight
|-activate|p1b: Corviknight|move: Protect
|
|upkeep
|turn|12
|
|t:|1754905455
|move|p2b: Pelipper|Hurricane|p1b: Corviknight
|-resisted|p1b: Corviknight
|-damage|p1b: Corviknight|47/100
|move|p1b: Corviknight|Roost|p1b: Corviknight
|-heal|p1b: Corviknight|97/100
|-singleturn|p1b: Corviknight|move: Roost
|
|upkeep
|turn|13
|
|t:|1754905463
|move|p2b: Pelipper|Hurricane|p1b: Corviknight
|-resisted|p1b: Corviknight
|-damage|p1b: Corviknight|75/100
|-start|p1b: Corviknight|confusion
|-activate|p1b: Corviknight|confusion
|-damage|p1b: Corviknight|66/100|[from] confusion
|
|upkeep
|turn|14
|
|t:|1754905471
|move|p2b: Pelipper|Hurricane|p1b: Corviknight
|-resisted|p1b: Corviknight
|-damage|p1b: Corviknight|44/100
|-activate|p1b: Corviknight|confusion
|-damage|p1b: Corviknight|35/100|[from] confusion
|
|upkeep
|turn|15
|
|t:|1754905477
|move|p2b: Pelipper|Hurricane|p1b: Corviknight|[miss]
|-miss|p2b: Pelipper|p1b: Corviknight
|-end|p1b: Corviknight|confusion
|move|p1b: Corviknight|Roost|p1b: Corviknight
|-heal|p1b: Corviknight|85/100
|-singleturn|p1b: Corviknight|move: Roost
|
|upkeep
|turn|16
|
|t:|1754905486
|move|p2b: Pelipper|Hurricane|p1b: Corviknight
|-resisted|p1b: Corviknight
|-damage|p1b: Corviknight|64/100
|move|p1b: Corviknight|Brave Bird|p2b: Pelipper
|-damage|p2b: Pelipper|0 fnt
|faint|p2b: Pelipper
|-damage|p1b: Corviknight|63/100|[from] Recoil
|
|win|beeetch
|raw|beeetch's rating: 1274 → 1304(+30 for winning)
|raw|Lucario Palworld's rating: 1340 → 1316(-24 for losing)
|l|☆Lucario Palworld
|player|p2|
