|j|☆KodeBeast0526
|j|☆Gardevoir's Slave
|html|KodeBeast0526Gardevoir's Slave    
|uhtml|bestof|Game 2 of a best-of-3
|t:|1783487972
|gametype|doubles
|player|p1|KodeBeast0526|hiker|1169
|player|p2|Gardevoir's Slave|acetrainer-gen4dp|1195
|gen|9
|tier|[Gen 9 Champions] VGC 2026 Reg M-B (Bo3)
|rated|
|rule|Species Clause: Limit one of each Pokémon
|rule|Item Clause: Limit 1 of each item
|clearpoke
|poke|p1|Gengar, L50, F|
|poke|p1|Swampert, L50, F|
|poke|p1|Incineroar, L50, F|
|poke|p1|Politoed, L50, F|
|poke|p1|Archaludon, L50, M|
|poke|p1|Vivillon-Ocean, L50, F|
|poke|p2|Chandelure, L50, M|
|poke|p2|Kangaskhan, L50, F|
|poke|p2|Torkoal, L50, M|
|poke|p2|Floette-Eternal, L50, F|
|poke|p2|Kingambit, L50, F|
|poke|p2|Aerodactyl, L50, M|
|teampreview|4
|showteam|p1|Gengar||Gengarite|CursedBody|ShadowBall,PerishSong,SludgeBomb,Protect|Timid||F|||50|]Swampert||Swampertite|Torrent|WaveCrash,Earthquake,IcePunch,Protect|Adamant||F|||50|]Incineroar||PasshoBerry|Intimidate|ThroatChop,PartingShot,FakeOut,Protect|Sassy||F|||50|]Politoed||SitrusBerry|Drizzle|WeatherBall,PerishSong,Encore,Protect|Calm||F|||50|]Archaludon||Leftovers|Stamina|DragonPulse,FlashCannon,ElectroShot,Protect|Bold||M|||50|]Vivillon-Ocean||FocusSash|CompoundEyes|Hurricane,SleepPowder,RagePowder,Protect|Timid||F|||50|
|showteam|p2|Chandelure||FocusSash|FlashFire|HeatWave,ShadowBall,TrickRoom,Protect|Modest||M|||50|]Kangaskhan||Kangaskhanite|EarlyBird|FakeOut,DoubleEdge,DrainPunch,IcePunch|Adamant||F|||50|]Torkoal||Charcoal|Drought|Eruption,Overheat,HelpingHand,Protect|Quiet||M|||50|]Floette-Eternal||Floettite|FlowerVeil|Moonblast,DazzlingGleam,LightofRuin,Protect|Timid||F|||50|]Kingambit||LifeOrb|Defiant|KowtowCleave,SuckerPunch,IronHead,Protect|Adamant||F|||50|]Aerodactyl||ExpertBelt|Unnerve|RockSlide,DualWingbeat,Tailwind,Protect|Jolly||M|||50|
|
|t:|1783487993
|teamsize|p1|4
|teamsize|p2|4
|start
|switch|p1a: Swampert|Swampert, L50, F|100/100
|switch|p1b: Vivillon|Vivillon-Ocean, L50, F|100/100
|switch|p2a: Chandelure|Chandelure, L50, M|100/100
|switch|p2b: Kangaskhan|Kangaskhan, L50, F|100/100
|turn|1
|
|t:|1783488015
|switch|p1b: Politoed|Politoed, L50, F|100/100
|-weather|RainDance|[from] ability: Drizzle|[of] p1b: Politoed
|detailschange|p1a: Swampert|Swampert-Mega, L50, F
|-mega|p1a: Swampert|Swampert|Swampertite
|move|p2b: Kangaskhan|Fake Out|p1a: Swampert
|-damage|p1a: Swampert|82/100
|cant|p1a: Swampert|flinch
|move|p2a: Chandelure|Heat Wave|p1b: Politoed|[spread] p1a,p1b
|-resisted|p1a: Swampert|1
|-resisted|p1b: Politoed|1
|-damage|p1a: Swampert|73/100
|-damage|p1b: Politoed|91/100
|
|-weather|RainDance|[upkeep]
|upkeep
|turn|2
|
|t:|1783488033
|switch|p2a: Torkoal|Torkoal, L50, M|100/100
|-weather|SunnyDay|[from] ability: Drought|[of] p2a: Torkoal
|detailschange|p2b: Kangaskhan|Kangaskhan-Mega, L50, F
|-mega|p2b: Kangaskhan|Kangaskhan|Kangaskhanite
|move|p2b: Kangaskhan|Double-Edge|p1a: Swampert
|-damage|p1a: Swampert|11/100
|-damage|p1a: Swampert|0 fnt
|faint|p1a: Swampert
|-hitcount|p1: Swampert|2
|-damage|p2b: Kangaskhan|78/100|[from] Recoil
|move|p1b: Politoed|Weather Ball|p2a: Torkoal
|-resisted|p2a: Torkoal|1
|-damage|p2a: Torkoal|80/100
|
|-weather|SunnyDay|[upkeep]
|upkeep
|
|t:|1783488038
|switch|p1a: Incineroar|Incineroar, L50, F|100/100
|-ability|p1a: Incineroar|Intimidate|boost
|-unboost|p2a: Torkoal|atk|1
|-unboost|p2b: Kangaskhan|atk|1
|turn|3
|
|t:|1783488062
|switch|p2b: Chandelure|Chandelure, L50, M|100/100
|switch|p1b: Vivillon|Vivillon-Ocean, L50, F|100/100
|switch|p2a: Kingambit|Kingambit, L50, F|100/100
|move|p1a: Incineroar|Fake Out|p2a: Kingambit
|-resisted|p2a: Kingambit|1
|-damage|p2a: Kingambit|96/100
|
|-weather|SunnyDay|[upkeep]
|upkeep
|turn|4
|
|t:|1783488080
|move|p1b: Vivillon|Hurricane|p2b: Chandelure
|-damage|p2b: Chandelure|48/100
|move|p2b: Chandelure|Heat Wave|p1b: Vivillon|[spread] p1a
|-miss|p2b: Chandelure|p1b: Vivillon
|-resisted|p1a: Incineroar|1
|-damage|p1a: Incineroar|74/100
|move|p1a: Incineroar|Throat Chop|p2b: Chandelure
|-supereffective|p2b: Chandelure|1
|-damage|p2b: Chandelure|0 fnt
|faint|p2b: Chandelure
|move|p2a: Kingambit|Kowtow Cleave|p1a: Incineroar
|-resisted|p1a: Incineroar|1
|-damage|p1a: Incineroar|44/100
|-damage|p2a: Kingambit|86/100|[from] item: Life Orb
|
|-weather|SunnyDay|[upkeep]
|upkeep
|
|t:|1783488091
|switch|p2b: Kangaskhan|Kangaskhan-Mega, L50, F|78/100
|turn|5
|
|t:|1783488102
|move|p1b: Vivillon|Hurricane|p2b: Kangaskhan
|-damage|p2b: Kangaskhan|41/100
|-start|p2b: Kangaskhan|confusion
|-activate|p2b: Kangaskhan|confusion
|move|p2b: Kangaskhan|Drain Punch|p1a: Incineroar
|-supereffective|p1a: Incineroar|1
|-crit|p1a: Incineroar
|-damage|p1a: Incineroar|0 fnt
|-heal|p2b: Kangaskhan|63/100|[from] drain|[of] p1a: Incineroar
|faint|p1a: Incineroar
|move|p2a: Kingambit|Kowtow Cleave|p1b: Vivillon
|-enditem|p1b: Vivillon|Focus Sash
|-damage|p1b: Vivillon|1/100
|-damage|p2a: Kingambit|77/100|[from] item: Life Orb
|
|-weather|SunnyDay|[upkeep]
|upkeep
|
|t:|1783488109
|switch|p1a: Politoed|Politoed, L50, F|91/100
|-weather|RainDance|[from] ability: Drizzle|[of] p1a: Politoed
|turn|6
|
|t:|1783488138
|move|p1b: Vivillon|Hurricane|p2a: Kingambit
|-resisted|p2a: Kingambit|1
|-damage|p2a: Kingambit|57/100
|-start|p2a: Kingambit|confusion
|-activate|p2b: Kangaskhan|confusion
|move|p2b: Kangaskhan|Drain Punch|p1b: Vivillon
|-resisted|p1b: Vivillon|2
|-damage|p1b: Vivillon|0 fnt
|-heal|p2b: Kangaskhan|63/100|[from] drain|[of] p1b: Vivillon
|faint|p1b: Vivillon
|move|p1a: Politoed|Weather Ball|p2a: Kingambit
|-damage|p2a: Kingambit|10/100
|-activate|p2a: Kingambit|confusion
|-damage|p2a: Kingambit|0 fnt|[from] confusion
|faint|p2a: Kingambit
|
|-weather|RainDance|[upkeep]
|upkeep
|
|t:|1783488147
|switch|p2a: Torkoal|Torkoal, L50, M|80/100
|-weather|SunnyDay|[from] ability: Drought|[of] p2a: Torkoal
|turn|7
|
|t:|1783488161
|-activate|p2b: Kangaskhan|confusion
|move|p2b: Kangaskhan|Double-Edge|p1a: Politoed
|-damage|p1a: Politoed|33/100
|-enditem|p1a: Politoed|Sitrus Berry|[eat]
|-heal|p1a: Politoed|58/100|[from] item: Sitrus Berry
|-damage|p1a: Politoed|43/100
|-hitcount|p1a: Politoed|2
|-damage|p2b: Kangaskhan|41/100|[from] Recoil
|move|p1a: Politoed|Weather Ball|p2b: Kangaskhan
|-damage|p2b: Kangaskhan|12/100
|move|p2a: Torkoal|Eruption|p1a: Politoed
|-resisted|p1a: Politoed|1
|-damage|p1a: Politoed|8/100
|
|-weather|SunnyDay|[upkeep]
|upkeep
|turn|8
|
|t:|1783488176
|-end|p2b: Kangaskhan|confusion
|move|p2b: Kangaskhan|Drain Punch|p1a: Politoed
|-damage|p1a: Politoed|0 fnt
|-heal|p2b: Kangaskhan|16/100|[from] drain|[of] p1a: Politoed
|faint|p1a: Politoed
|
|win|Gardevoir's Slave
|raw|KodeBeast0526's rating: 1169 → 1146(-23 for losing)
|raw|Gardevoir's Slave's rating: 1195 → 1218(+23 for winning)
