|j|☆cowking1736
|j|☆lysha
|html|cowking1736lysha    
|uhtml|bestof|Game 3 of a best-of-3
|t:|1783532633
|gametype|doubles
|player|p1|cowking1736|ethan|
|player|p2|lysha|parasollady|
|gen|9
|tier|[Gen 9 Champions] VGC 2026 Reg M-B (Bo3)
|rule|Species Clause: Limit one of each Pokémon
|rule|Item Clause: Limit 1 of each item
|clearpoke
|poke|p1|Charizard, L50, M|
|poke|p1|Sylveon, L50, M|
|poke|p1|Garchomp, L50, F|
|poke|p1|Kingambit, L50, F|
|poke|p1|Aerodactyl, L50, M|
|poke|p1|Farigiraf, L50, F|
|poke|p2|Incineroar, L50, F|
|poke|p2|Kingambit, L50, F|
|poke|p2|Sinistcha, L50|
|poke|p2|Sneasler, L50, F|
|poke|p2|Floette-Eternal, L50, F|
|poke|p2|Delphox, L50, F|
|teampreview|4
|showteam|p1|Charizard||CharizarditeY|Blaze|Protect,HeatWave,SolarBeam,WeatherBall|Modest||M|||50|]Sylveon||FairyFeather|Pixilate|Detect,HyperBeam,HyperVoice,QuickAttack|Modest||M|||50|]Garchomp||LifeOrb|RoughSkin|Protect,StompingTantrum,Earthquake,DragonClaw|Jolly||F|||50|]Kingambit||FocusSash|Defiant|KowtowCleave,SuckerPunch,LowKick,IronHead|Adamant||F|||50|]Aerodactyl||Aerodactylite|Unnerve|Tailwind,IceFang,RockSlide,DualWingbeat|Jolly||M|||50|]Farigiraf||SitrusBerry|ArmorTail|TwinBeam,Thunderbolt,HelpingHand,Roar|Serious||F|||50|
|showteam|p2|Incineroar||SitrusBerry|Intimidate|FlareBlitz,FakeOut,PartingShot,HelpingHand|Careful||F|||50|]Kingambit||BlackGlasses|Defiant|KowtowCleave,SuckerPunch,SwordsDance,Protect|Adamant||F|||50|]Sinistcha||KasibBerry|Hospitality|MatchaGotcha,RagePowder,TrickRoom,Protect|Bold|||||50|]Sneasler||FocusSash|PoisonTouch|FakeOut,CloseCombat,PoisonJab,QuickGuard|Jolly||F|||50|]Floette-Eternal||Floettite|FlowerVeil|Moonblast,DazzlingGleam,CalmMind,Protect|Modest||F|||50|]Delphox||Delphoxite|Blaze|HeatWave,Psyshock,NastyPlot,Protect|Timid||F|||50|
|inactive|Battle timer is ON: inactive players will automatically lose when time's up. (requested by lysha)
|
|t:|1783532655
|teamsize|p1|4
|teamsize|p2|4
|start
|switch|p1a: Aerodactyl|Aerodactyl, L50, M|100/100
|switch|p1b: Kingambit|Kingambit, L50, F|100/100
|switch|p2a: Delphox|Delphox, L50, F|100/100
|switch|p2b: Sneasler|Sneasler, L50, F|100/100
|-ability|p1a: Aerodactyl|Unnerve
|turn|1
|
|t:|1783532680
|detailschange|p1a: Aerodactyl|Aerodactyl-Mega, L50, M
|-mega|p1a: Aerodactyl|Aerodactyl|Aerodactylite
|detailschange|p2a: Delphox|Delphox-Mega, L50, F
|-mega|p2a: Delphox|Delphox|Delphoxite
|move|p1a: Aerodactyl|Tailwind|p1a: Aerodactyl
|-sidestart|p1: cowking1736|move: Tailwind
|move|p1b: Kingambit|Kowtow Cleave|p2a: Delphox
|-supereffective|p2a: Delphox|1
|-damage|p2a: Delphox|0 fnt
|faint|p2a: Delphox
|move|p2b: Sneasler|Close Combat|p1b: Kingambit
|-supereffective|p1b: Kingambit|2
|-enditem|p1b: Kingambit|Focus Sash
|-damage|p1b: Kingambit|1/100
|-unboost|p2b: Sneasler|def|1
|-unboost|p2b: Sneasler|spd|1
|
|upkeep
|
|t:|1783532693
|switch|p2a: Incineroar|Incineroar, L50, F|100/100
|-ability|p2a: Incineroar|Intimidate|boost
|-unboost|p1a: Aerodactyl|atk|1
|-unboost|p1b: Kingambit|atk|1
|-ability|p1b: Kingambit|Defiant|boost
|-boost|p1b: Kingambit|atk|2
|turn|2
|
|t:|1783532703
|move|p2a: Incineroar|Fake Out|p1a: Aerodactyl
|-resisted|p1a: Aerodactyl|1
|-damage|p1a: Aerodactyl|93/100
|cant|p1a: Aerodactyl|flinch
|move|p1b: Kingambit|Low Kick|p2a: Incineroar
|-supereffective|p2a: Incineroar|1
|-damage|p2a: Incineroar|6/100
|-enditem|p2a: Incineroar|Sitrus Berry|[eat]
|-heal|p2a: Incineroar|31/100|[from] item: Sitrus Berry
|move|p2b: Sneasler|Close Combat|p1a: Aerodactyl
|-damage|p1a: Aerodactyl|23/100
|-unboost|p2b: Sneasler|def|1
|-unboost|p2b: Sneasler|spd|1
|
|upkeep
|turn|3
|
|t:|1783532727
|switch|p2a: Sinistcha|Sinistcha, L50|100/100
|move|p1a: Aerodactyl|Dual Wingbeat|p2b: Sneasler
|-supereffective|p2b: Sneasler|1
|-enditem|p2b: Sneasler|Focus Sash
|-damage|p2b: Sneasler|1/100
|-supereffective|p2b: Sneasler|1
|-damage|p2b: Sneasler|0 fnt
|faint|p2b: Sneasler
|-hitcount|p2: Sneasler|2
|move|p1b: Kingambit|Low Kick|p2a: Sinistcha
|-immune|p2a: Sinistcha
|
|upkeep
|
|t:|1783532732
|switch|p2b: Incineroar|Incineroar, L50, F|31/100
|-ability|p2b: Incineroar|Intimidate|boost
|-unboost|p1a: Aerodactyl|atk|1
|-unboost|p1b: Kingambit|atk|1
|-ability|p1b: Kingambit|Defiant|boost
|-boost|p1b: Kingambit|atk|2
|turn|4
|inactive|cowking1736 has 30 seconds left.
|
|t:|1783532763
|switch|p1b: Farigiraf|Farigiraf, L50, F|100/100
|move|p2b: Incineroar|Fake Out||[still]
|cant|p1b: Farigiraf|ability: Armor Tail|Fake Out|[of] p2b: Incineroar
|move|p1a: Aerodactyl|Dual Wingbeat|p2a: Sinistcha|[miss]
|-miss|p1a: Aerodactyl|p2a: Sinistcha
|move|p2a: Sinistcha|Trick Room|p2a: Sinistcha
|-fieldstart|move: Trick Room|[of] p2a: Sinistcha
|
|-sideend|p1: cowking1736|move: Tailwind
|upkeep
|turn|5
|
|t:|1783532781
|move|p1b: Farigiraf|Thunderbolt|p2b: Incineroar
|-damage|p2b: Incineroar|12/100
|move|p2a: Sinistcha|Matcha Gotcha|p1a: Aerodactyl|[spread] p1a,p1b
|-damage|p1a: Aerodactyl|0 fnt
|-damage|p1b: Farigiraf|76/100
|faint|p1a: Aerodactyl
|move|p2b: Incineroar|Flare Blitz|p1b: Farigiraf
|-crit|p1b: Farigiraf
|-damage|p1b: Farigiraf|17/100
|-status|p1b: Farigiraf|brn
|-enditem|p1b: Farigiraf|Sitrus Berry|[eat]
|-heal|p1b: Farigiraf|41/100 brn|[from] item: Sitrus Berry
|-damage|p2b: Incineroar|0 fnt|[from] Recoil
|faint|p2b: Incineroar
|
|-damage|p1b: Farigiraf|36/100 brn|[from] brn
|upkeep
|
|t:|1783532785
|switch|p1a: Kingambit|Kingambit, L50, F|1/100
|turn|6
|
|t:|1783532804
|move|p1a: Kingambit|Sucker Punch|p2a: Sinistcha
|-supereffective|p2a: Sinistcha|1
|-damage|p2a: Sinistcha|32/100
|move|p1b: Farigiraf|Thunderbolt|p2a: Sinistcha
|-resisted|p2a: Sinistcha|1
|-damage|p2a: Sinistcha|22/100
|move|p2a: Sinistcha|Matcha Gotcha|p1b: Farigiraf|[spread] p1a,p1b
|-resisted|p1a: Kingambit|1
|-damage|p1a: Kingambit|0 fnt
|-heal|p2a: Sinistcha|23/100|[from] drain|[of] p1a: Kingambit
|-damage|p1b: Farigiraf|13/100 brn
|-heal|p2a: Sinistcha|37/100|[from] drain|[of] p1b: Farigiraf
|faint|p1a: Kingambit
|
|-damage|p1b: Farigiraf|8/100 brn|[from] brn
|upkeep
|
|t:|1783532813
|switch|p1a: Garchomp|Garchomp, L50, F|100/100
|turn|7
|
|t:|1783532818
|move|p1b: Farigiraf|Helping Hand|p1a: Garchomp
|-singleturn|p1a: Garchomp|Helping Hand|[of] p1b: Farigiraf
|move|p2a: Sinistcha|Matcha Gotcha|p1b: Farigiraf|[spread] p1a,p1b
|-damage|p1a: Garchomp|72/100
|-heal|p2a: Sinistcha|51/100|[from] drain|[of] p1a: Garchomp
|-damage|p1b: Farigiraf|0 fnt
|-heal|p2a: Sinistcha|56/100|[from] drain|[of] p1b: Farigiraf
|-status|p1a: Garchomp|brn
|faint|p1b: Farigiraf
|move|p1a: Garchomp|Dragon Claw|p2a: Sinistcha
|-damage|p2a: Sinistcha|19/100
|-damage|p1a: Garchomp|62/100 brn|[from] item: Life Orb
|
|-damage|p1a: Garchomp|56/100 brn|[from] brn
|upkeep
|turn|8
|
|t:|1783532837
|move|p2a: Sinistcha|Matcha Gotcha|p1a: Garchomp
|-damage|p1a: Garchomp|18/100 brn
|-heal|p2a: Sinistcha|39/100|[from] drain|[of] p1a: Garchomp
|move|p1a: Garchomp|Dragon Claw|p2a: Sinistcha
|-damage|p2a: Sinistcha|17/100
|-damage|p1a: Garchomp|9/100 brn|[from] item: Life Orb
|
|-damage|p1a: Garchomp|3/100 brn|[from] brn
|-fieldend|move: Trick Room
|upkeep
|turn|9
|
|t:|1783532844
|move|p2a: Sinistcha|Protect|p2a: Sinistcha
|-singleturn|p2a: Sinistcha|Protect
|move|p1a: Garchomp|Dragon Claw|p2a: Sinistcha
|-activate|p2a: Sinistcha|move: Protect
|
|-damage|p1a: Garchomp|0 fnt|[from] brn
|faint|p1a: Garchomp
|
|win|lysha
|c|☆cowking1736|gg
|c|☆lysha|ggs im sososorry
|c|☆lysha|:Sob:
|c|☆cowking1736|It is what it is
|c|☆lysha|im super busy trying to play so i was not playing optimally
