|j|☆Divine Monkey King
|j|☆Onion2731
|html|Divine Monkey KingOnion2731    
|uhtml|bestof|Game 2 of a best-of-3
|t:|1785591888
|gametype|doubles
|player|p1|Divine Monkey King|266|1150
|player|p2|Onion2731|266|1131
|gen|9
|tier|[Gen 9 Champions] VGC 2026 Reg M-B (Bo3)
|rated|
|rule|Species Clause: Limit one of each Pokémon
|rule|Item Clause: Limit 1 of each item
|clearpoke
|poke|p1|Tyranitar, L50, M, shiny|
|poke|p1|Aerodactyl, L50, M, shiny|
|poke|p1|Pelipper, L50, M, shiny|
|poke|p1|Basculegion, L50, M, shiny|
|poke|p1|Beedrill, L50, M, shiny|
|poke|p1|Annihilape, L50, M, shiny|
|poke|p2|Gholdengo, L50|
|poke|p2|Incineroar, L50, M, shiny|
|poke|p2|Sableye, L50, F, shiny|
|poke|p2|Scizor, L50, F|
|poke|p2|Politoed, L50, F, shiny|
|poke|p2|Swampert, L50, M, shiny|
|teampreview|4
|showteam|p1|Tyranitar||Tyranitarite|SandStream|BrickBreak,KnockOff,Protect,RockSlide|Adamant||M|||50|]Aerodactyl||FocusSash|Unnerve|DualWingbeat,IronHead,Protect,Tailwind|Jolly||M|||50|]Pelipper||WacanBerry|Drizzle|Hurricane,IceBeam,Protect,WeatherBall|Calm||M|||50|]Basculegion||MysticWater|SwiftSwim|AquaJet,FlipTurn,LastRespects,Protect|Adamant||M|||50|]Beedrill||Beedrillite|Sniper|PoisonJab,Protect,Uturn,FellStinger|Jolly||M|||50|]Annihilape||Leftovers|Defiant|BulkUp,DrainPunch,Protect,ThunderPunch|Adamant||M|||50|
|showteam|p2|Gholdengo||LifeOrb|GoodasGold|MakeItRain,ShadowBall,Thunderbolt,Protect|Modest|||||50|]Incineroar||SitrusBerry|Intimidate|FlareBlitz,PartingShot,FakeOut,Protect|Impish||M|||50|]Sableye||WideLens|Prankster|WillOWisp,Encore,Disable,RainDance|Sassy||F|||50|]Scizor||ExpertBelt|Technician|BulletPunch,CloseCombat,Uturn,Protect|Adamant||F|||50|]Politoed||RindoBerry|Drizzle|WeatherBall,PerishSong,HelpingHand,Protect|Bold||F|||50|]Swampert||Swampertite|Damp|WaveCrash,HighHorsepower,FlipTurn,Protect|Adamant||M|||50|
|
|t:|1785591915
|teamsize|p1|4
|teamsize|p2|4
|start
|switch|p1a: Beedrill|Beedrill, L50, M, shiny|100/100
|switch|p1b: Tyranitar|Tyranitar, L50, M, shiny|100/100
|switch|p2a: Sableye|Sableye, L50, F, shiny|100/100
|switch|p2b: Gholdengo|Gholdengo, L50|100/100
|-weather|Sandstorm|[from] ability: Sand Stream|[of] p1b: Tyranitar
|turn|1
|
|t:|1785591942
|detailschange|p1a: Beedrill|Beedrill-Mega, L50, M, shiny
|-mega|p1a: Beedrill|Beedrill|Beedrillite
|move|p2b: Gholdengo|Protect|p2b: Gholdengo
|-singleturn|p2b: Gholdengo|Protect
|move|p2a: Sableye|Will-O-Wisp|p1a: Beedrill
|-status|p1a: Beedrill|brn
|move|p1a: Beedrill|Fell Stinger|p2a: Sableye
|-damage|p2a: Sableye|73/100
|move|p1b: Tyranitar|Knock Off|p2b: Gholdengo
|-activate|p2b: Gholdengo|move: Protect
|
|-weather|Sandstorm|[upkeep]
|-damage|p1a: Beedrill|94/100 brn|[from] Sandstorm
|-damage|p2a: Sableye|68/100|[from] Sandstorm
|-damage|p1a: Beedrill|88/100 brn|[from] brn
|upkeep
|turn|2
|
|t:|1785591966
|switch|p2b: Politoed|Politoed, L50, F, shiny|100/100
|-weather|RainDance|[from] ability: Drizzle|[of] p2b: Politoed
|move|p2a: Sableye|Encore|p1a: Beedrill
|-start|p1a: Beedrill|Encore
|move|p1a: Beedrill|Fell Stinger|p2b: Politoed
|-damage|p2b: Politoed|83/100
|move|p1b: Tyranitar|Knock Off|p2b: Politoed
|-damage|p2b: Politoed|37/100
|-enditem|p2b: Politoed|Rindo Berry|[from] move: Knock Off|[of] p1b: Tyranitar
|
|-weather|RainDance|[upkeep]
|-damage|p1a: Beedrill|82/100 brn|[from] brn
|upkeep
|turn|3
|
|t:|1785591991
|switch|p1a: Basculegion|Basculegion, L50, M, shiny|100/100
|move|p2a: Sableye|Rain Dance||[still]
|-fail|p2a: Sableye
|move|p2b: Politoed|Weather Ball|p1b: Tyranitar
|-supereffective|p1b: Tyranitar|1
|-damage|p1b: Tyranitar|14/100
|move|p1b: Tyranitar|Rock Slide|p2a: Sableye|[spread] p2a,p2b
|-damage|p2a: Sableye|26/100
|-damage|p2b: Politoed|9/100
|
|-weather|RainDance|[upkeep]
|upkeep
|turn|4
|
|t:|1785592013
|switch|p1b: Beedrill|Beedrill-Mega, L50, M, shiny|82/100 brn
|switch|p2a: Gholdengo|Gholdengo, L50|100/100
|move|p1a: Basculegion|Flip Turn|p2a: Gholdengo
|-damage|p2a: Gholdengo|43/100
|
|t:|1785592021
|switch|p1a: Tyranitar|Tyranitar, L50, M, shiny|14/100|[from] Flip Turn
|-weather|Sandstorm|[from] ability: Sand Stream|[of] p1a: Tyranitar
|move|p2b: Politoed|Weather Ball|p1b: Beedrill
|-supereffective|p1b: Beedrill|1
|-damage|p1b: Beedrill|19/100 brn
|
|-weather|Sandstorm|[upkeep]
|-damage|p1b: Beedrill|13/100 brn|[from] Sandstorm
|-damage|p2b: Politoed|3/100|[from] Sandstorm
|-damage|p1b: Beedrill|7/100 brn|[from] brn
|upkeep
|turn|5
|
|t:|1785592069
|switch|p2b: Swampert|Swampert, L50, M, shiny|100/100
|move|p1b: Beedrill|Fell Stinger|p2b: Swampert
|-damage|p2b: Swampert|79/100
|move|p2a: Gholdengo|Make It Rain|p1a: Tyranitar|[spread] p1a,p1b
|-supereffective|p1a: Tyranitar|1
|-damage|p1a: Tyranitar|0 fnt
|-damage|p1b: Beedrill|0 fnt
|-unboost|p2a: Gholdengo|spa|2
|faint|p1a: Tyranitar
|faint|p1b: Beedrill
|-damage|p2a: Gholdengo|33/100|[from] item: Life Orb
|
|-weather|Sandstorm|[upkeep]
|upkeep
|
|t:|1785592082
|switch|p1b: Pelipper|Pelipper, L50, M, shiny|100/100
|switch|p1a: Basculegion|Basculegion, L50, M, shiny|100/100
|-weather|RainDance|[from] ability: Drizzle|[of] p1b: Pelipper
|turn|6
|
|t:|1785592121
|detailschange|p2b: Swampert|Swampert-Mega, L50, M, shiny
|-mega|p2b: Swampert|Swampert|Swampertite
|move|p2b: Swampert|Protect|p2b: Swampert
|-singleturn|p2b: Swampert|Protect
|move|p1a: Basculegion|Last Respects|p2b: Swampert
|-activate|p2b: Swampert|move: Protect
|move|p2a: Gholdengo|Thunderbolt|p1b: Pelipper
|-supereffective|p1b: Pelipper|2
|-enditem|p1b: Pelipper|Wacan Berry|[eat]
|-enditem|p1b: Pelipper|Wacan Berry|[weaken]
|-damage|p1b: Pelipper|44/100
|-damage|p2a: Gholdengo|24/100|[from] item: Life Orb
|move|p1b: Pelipper|Weather Ball|p2b: Swampert
|-activate|p2b: Swampert|move: Protect
|
|-weather|RainDance|[upkeep]
|upkeep
|turn|7
|
|t:|1785592180
|switch|p2b: Sableye|Sableye, L50, F, shiny|26/100
|move|p1b: Pelipper|Protect|p1b: Pelipper
|-singleturn|p1b: Pelipper|Protect
|move|p1a: Basculegion|Aqua Jet|p2a: Gholdengo
|-damage|p2a: Gholdengo|0 fnt
|faint|p2a: Gholdengo
|
|-weather|RainDance|[upkeep]
|upkeep
|
|t:|1785592192
|switch|p2a: Swampert|Swampert-Mega, L50, M, shiny|79/100
|turn|8
|
|t:|1785592220
|move|p1a: Basculegion|Aqua Jet|p2b: Sableye
|-damage|p2b: Sableye|0 fnt
|faint|p2b: Sableye
|move|p2a: Swampert|High Horsepower|p1a: Basculegion|[miss]
|-miss|p2a: Swampert|p1a: Basculegion
|move|p1b: Pelipper|Weather Ball|p2a: Swampert
|-damage|p2a: Swampert|27/100
|
|-weather|RainDance|[upkeep]
|upkeep
|
|t:|1785592230
|switch|p2b: Politoed|Politoed, L50, F, shiny|3/100
|turn|9
|
|t:|1785592248
|move|p2b: Politoed|Helping Hand|p2a: Swampert
|-singleturn|p2a: Swampert|Helping Hand|[of] p2b: Politoed
|move|p1a: Basculegion|Flip Turn|p2a: Swampert
|-damage|p2a: Swampert|0 fnt
|faint|p2a: Swampert
|move|p1b: Pelipper|Weather Ball|p2b: Politoed
|-resisted|p2b: Politoed|1
|-damage|p2b: Politoed|0 fnt
|faint|p2b: Politoed
|
|win|Divine Monkey King
|inactive|Divine Monkey King has 30 seconds to confirm battle start!
|inactive|Onion2731 has 30 seconds to confirm battle start!
||Divine Monkey King is ready for game 3.
||Onion2731 is ready for game 3.
|uhtml|next|Next: Game 3 of 3
|l|☆Onion2731
|player|p2|
