|j|☆direclawin
|j|☆Wooperdooperpooper
|html|direclawinWooperdooperpooper    
|uhtml|bestof|Game 2 of a best-of-3
|t:|1754317457
|gametype|doubles
|player|p1|direclawin|piers|1271
|player|p2|Wooperdooperpooper|ninjaboy|1166
|gen|9
|tier|[Gen 9] VGC 2025 Reg H (Bo3)
|rated|
|rule|Species Clause: Limit one of each Pokémon
|rule|Item Clause: Limit 1 of each item
|clearpoke
|poke|p1|Kingambit, L50, M|
|poke|p1|Weezing-Galar, L50, F|
|poke|p1|Rillaboom, L50, F|
|poke|p1|Volcarona, L50, M|
|poke|p1|Sneasler, L50, M|
|poke|p1|Dragapult, L50, M|
|poke|p2|Charizard, L50, M|
|poke|p2|Indeedee-F, L50, F|
|poke|p2|Ursaluna, L50, M|
|poke|p2|Torkoal, L50, F|
|poke|p2|Gallade, L50, M|
|poke|p2|Hatterene, L50, F|
|teampreview|4
|showteam|p1|Kingambit||SafetyGoggles|Defiant|KowtowCleave,SuckerPunch,SwordsDance,Protect|||M|||50|,,,,,Dark]Weezing-Galar||SitrusBerry|NeutralizingGas|Taunt,WillOWisp,Protect,StrangeSteam|||F|||50|,,,,,Ghost]Rillaboom||AssaultVest|GrassySurge|FakeOut,WoodHammer,GrassyGlide,HighHorsepower|||F|||50|,,,,,Fire]Volcarona||CovertCloak|FlameBody|RagePowder,QuiverDance,HeatWave,Protect|||M|||50|,,,,,Fairy]Sneasler||FocusSash|Unburden|FakeOut,Protect,DireClaw,CloseCombat|||M|||50|,,,,,Ghost]Dragapult||ChoiceBand|ClearBody|TeraBlast,DragonDarts,PhantomForce,Uturn|||M|||50|,,,,,Ghost
|showteam|p2|Charizard||ChoiceScarf|SolarPower|HeatWave,Overheat,WeatherBall,ScorchingSands|||M|||50|,,,,,Fire]Indeedee-F||SafetyGoggles|PsychicSurge|DazzlingGleam,FollowMe,TrickRoom,HelpingHand|||F|||50|,,,,,Fairy]Ursaluna||FlameOrb|Guts|HeadlongRush,Facade,RockSlide,Protect|||M|||50|,,,,,Dragon]Torkoal||Charcoal|Drought|Eruption,Overheat,HelpingHand,Protect|||F|||50|,,,,,Fire]Gallade||ClearAmulet|Sharpness|SacredSword,PsychoCut,TrickRoom,WideGuard|||M|||50|,,,,,Grass]Hatterene||LifeOrb|MagicBounce|ExpandingForce,DazzlingGleam,TrickRoom,Protect|||F|||50|,,,,,Water
|inactive|Battle timer is ON: inactive players will automatically lose when time's up. (requested by Wooperdooperpooper)
|inactive|direclawin has 60 seconds left.
|
|t:|1754317495
|teamsize|p1|4
|teamsize|p2|4
|start
|switch|p1a: Volcarona|Volcarona, L50, M|100/100
|switch|p1b: Kingambit|Kingambit, L50, M|100/100
|switch|p2a: Charizard|Charizard, L50, M|100/100
|switch|p2b: Indeedee|Indeedee-F, L50, F|100/100
|-fieldstart|move: Psychic Terrain|[from] ability: Psychic Surge|[of] p2b: Indeedee
|turn|1
|inactive|direclawin has 30 seconds left.
|inactive|Wooperdooperpooper has 30 seconds left.
|
|t:|1754317526
|-terastallize|p2a: Charizard|Fire
|move|p1b: Kingambit|Protect|p1b: Kingambit
|-singleturn|p1b: Kingambit|Protect
|move|p2a: Charizard|Heat Wave|p1b: Kingambit|[spread] p1a
|-activate|p1b: Kingambit|move: Protect
|-damage|p1a: Volcarona|63/100
|move|p1a: Volcarona|Heat Wave|p2b: Indeedee|[spread] p2a,p2b
|-resisted|p2a: Charizard
|-damage|p2a: Charizard|82/100
|-damage|p2b: Indeedee|73/100
|-status|p2b: Indeedee|brn
|move|p2b: Indeedee|Trick Room|p2b: Indeedee
|-fieldstart|move: Trick Room|[of] p2b: Indeedee
|
|-damage|p2b: Indeedee|67/100 brn|[from] brn
|upkeep
|turn|2
|inactive|direclawin has 30 seconds left.
|inactive|direclawin has 20 seconds left.
|inactive|direclawin has 15 seconds left.
|inactive|direclawin has 10 seconds left.
|inactive|direclawin has 5 seconds left.
|
|t:|1754317576
|switch|p1a: Weezing|Weezing-Galar, L50, F|100/100
|-ability|p1a: Weezing|Neutralizing Gas
|switch|p2a: Hatterene|Hatterene, L50, F|100/100
|-terastallize|p1b: Kingambit|Dark
|move|p2b: Indeedee|Follow Me|p2b: Indeedee
|-singleturn|p2b: Indeedee|move: Follow Me
|move|p1b: Kingambit|Kowtow Cleave|p2b: Indeedee
|-supereffective|p2b: Indeedee
|-damage|p2b: Indeedee|0 fnt
|faint|p2b: Indeedee
|
|upkeep
|
|t:|1754317587
|switch|p2b: Torkoal|Torkoal, L50, F|100/100
|turn|3
|inactive|direclawin has 30 seconds left.
|inactive|direclawin has 20 seconds left.
|inactive|direclawin has 15 seconds left.
|inactive|direclawin has 10 seconds left.
|
|t:|1754317637
|move|p1b: Kingambit|Protect|p1b: Kingambit
|-singleturn|p1b: Kingambit|Protect
|move|p1a: Weezing|Protect|p1a: Weezing
|-singleturn|p1a: Weezing|Protect
|move|p2b: Torkoal|Eruption|p1a: Weezing|[spread] 
|-activate|p1a: Weezing|move: Protect
|-activate|p1b: Kingambit|move: Protect
|move|p2a: Hatterene|Dazzling Gleam|p1b: Kingambit|[spread] 
|-activate|p1a: Weezing|move: Protect
|-activate|p1b: Kingambit|move: Protect
|
|upkeep
|turn|4
|
|t:|1754317659
|-end|p1a: Weezing|ability: Neutralizing Gas
|-weather|SunnyDay|[from] ability: Drought|[of] p2b: Torkoal
|switch|p1a: Rillaboom|Rillaboom, L50, F|100/100
|-fieldstart|move: Grassy Terrain|[from] ability: Grassy Surge|[of] p1a: Rillaboom
|move|p1b: Kingambit|Sucker Punch|p2b: Torkoal
|-crit|p2b: Torkoal
|-damage|p2b: Torkoal|43/100
|move|p2b: Torkoal|Eruption|p1a: Rillaboom|[spread] p1a,p1b
|-supereffective|p1a: Rillaboom
|-damage|p1a: Rillaboom|46/100
|-damage|p1b: Kingambit|62/100
|move|p2a: Hatterene|Dazzling Gleam|p1a: Rillaboom|[spread] p1a,p1b
|-supereffective|p1b: Kingambit
|-damage|p1a: Rillaboom|7/100
|-damage|p1b: Kingambit|0 fnt
|faint|p1b: Kingambit
|-damage|p2a: Hatterene|91/100|[from] item: Life Orb
|
|-weather|SunnyDay|[upkeep]
|-heal|p2b: Torkoal|49/100|[from] Grassy Terrain
|-heal|p2a: Hatterene|97/100|[from] Grassy Terrain
|-heal|p1a: Rillaboom|14/100|[from] Grassy Terrain
|upkeep
|inactive|direclawin has 30 seconds left.
|
|t:|1754317689
|switch|p1b: Volcarona|Volcarona, L50, M|63/100
|turn|5
|
|t:|1754317703
|switch|p1a: Weezing|Weezing-Galar, L50, F|100/100
|-ability|p1a: Weezing|Neutralizing Gas
|move|p1b: Volcarona|Protect|p1b: Volcarona
|-singleturn|p1b: Volcarona|Protect
|move|p2b: Torkoal|Overheat|p1b: Volcarona
|-activate|p1b: Volcarona|move: Protect
|move|p2a: Hatterene|Dazzling Gleam|p1b: Volcarona|[spread] p1a
|-activate|p1b: Volcarona|move: Protect
|-resisted|p1a: Weezing
|-damage|p1a: Weezing|75/100
|-damage|p2a: Hatterene|87/100|[from] item: Life Orb
|
|-weather|SunnyDay|[upkeep]
|-heal|p2b: Torkoal|55/100|[from] Grassy Terrain
|-heal|p2a: Hatterene|93/100|[from] Grassy Terrain
|-heal|p1a: Weezing|81/100|[from] Grassy Terrain
|-heal|p1b: Volcarona|69/100|[from] Grassy Terrain
|-fieldend|move: Trick Room
|upkeep
|turn|6
|inactive|direclawin has 30 seconds left.
|inactive|direclawin has 20 seconds left.
|
|t:|1754317740
|move|p1b: Volcarona|Quiver Dance|p1b: Volcarona
|-boost|p1b: Volcarona|spa|1
|-boost|p1b: Volcarona|spd|1
|-boost|p1b: Volcarona|spe|1
|move|p1a: Weezing|Taunt|p2a: Hatterene
|-start|p2a: Hatterene|move: Taunt
|move|p2a: Hatterene|Expanding Force|p1a: Weezing
|-supereffective|p1a: Weezing
|-damage|p1a: Weezing|0 fnt
|faint|p1a: Weezing
|-end|p1a: Weezing|ability: Neutralizing Gas
|-damage|p2a: Hatterene|83/100|[from] item: Life Orb
|move|p2b: Torkoal|Overheat|p1b: Volcarona
|-damage|p1b: Volcarona|7/100
|-unboost|p2b: Torkoal|spa|2
|
|-weather|SunnyDay|[upkeep]
|-heal|p1b: Volcarona|13/100|[from] Grassy Terrain
|-heal|p2a: Hatterene|90/100|[from] Grassy Terrain
|-heal|p2b: Torkoal|61/100|[from] Grassy Terrain
|upkeep
|
|t:|1754317743
|switch|p1a: Rillaboom|Rillaboom, L50, F|14/100
|turn|7
|
|t:|1754317763
|move|p1b: Volcarona|Heat Wave|p2b: Torkoal|[spread] p2b
|-miss|p1b: Volcarona|p2a: Hatterene
|-resisted|p2b: Torkoal
|-damage|p2b: Torkoal|14/100
|move|p1a: Rillaboom|High Horsepower|p2b: Torkoal
|-supereffective|p2b: Torkoal
|-damage|p2b: Torkoal|0 fnt
|faint|p2b: Torkoal
|move|p2a: Hatterene|Expanding Force|p1b: Volcarona
|-damage|p1b: Volcarona|0 fnt
|faint|p1b: Volcarona
|-damage|p2a: Hatterene|80/100|[from] item: Life Orb
|
|-weather|SunnyDay|[upkeep]
|-heal|p1a: Rillaboom|20/100|[from] Grassy Terrain
|-heal|p2a: Hatterene|86/100|[from] Grassy Terrain
|upkeep
|
|t:|1754317767
|switch|p2b: Charizard|Charizard, L50, M, tera:Fire|82/100
|turn|8
|-message|direclawin forfeited.
|
|win|Wooperdooperpooper
|raw|direclawin's rating: 1271 → 1239(-32 for losing)
|raw|Wooperdooperpooper's rating: 1166 → 1198(+32 for winning)
