|j|☆iliasdelm
|j|☆joshuajohnf
|html|iliasdelmjoshuajohnf    
|uhtml|bestof|Game 3 of a best-of-3
|t:|1756472092
|gametype|doubles
|player|p1|iliasdelm|gambler|1158
|player|p2|joshuajohnf|102|1296
|gen|9
|tier|[Gen 9] VGC 2025 Reg H (Bo3)
|rated|
|rule|Species Clause: Limit one of each Pokémon
|rule|Item Clause: Limit 1 of each item
|clearpoke
|poke|p1|Primarina, L50, M|
|poke|p1|Incineroar, L50, F|
|poke|p1|Gholdengo, L50|
|poke|p1|Ursaluna, L50, F|
|poke|p1|Amoonguss, L50, F|
|poke|p1|Porygon2, L50|
|poke|p2|Charizard, L50, F|
|poke|p2|Torkoal, L50, F|
|poke|p2|Porygon2, L50|
|poke|p2|Incineroar, L50, F|
|poke|p2|Jumpluff, L50, M|
|poke|p2|Ursaluna, L50, M|
|teampreview|4
|showteam|p1|Primarina||ThroatSpray|LiquidVoice|HyperVoice,Moonblast,Haze,Protect|||M|||50|,,,,,Poison]Incineroar||AssaultVest|Intimidate|FlareBlitz,KnockOff,FakeOut,Uturn|||F|||50|,,,,,Grass]Gholdengo||LifeOrb|GoodasGold|MakeItRain,ShadowBall,NastyPlot,Protect||||||50|,,,,,Water]Ursaluna||FlameOrb|Guts|Facade,HeadlongRush,Protect,Substitute|||F|||50|,,,,,Ghost]Amoonguss||SitrusBerry|Regenerator|PollenPuff,Spore,RagePowder,GigaDrain|||F|||50|,,,,,Electric]Porygon2||Eviolite|Download|IceBeam,TeraBlast,Recover,TrickRoom||||||50|,,,,,Fighting
|showteam|p2|Charizard||ChoiceSpecs|SolarPower|HeatWave,Overheat,WeatherBall,AirSlash|||F|||50|,,,,,Ghost]Torkoal||EjectPack|Drought|Eruption,Overheat,HelpingHand,Protect|||F|||50|,,,,,Fire]Porygon2||Eviolite|Download|IceBeam,TeraBlast,TrickRoom,Recover||||||50|,,,,,Fighting]Incineroar||SitrusBerry|Intimidate|FlareBlitz,KnockOff,FakeOut,PartingShot|||F|||50|,,,,,Ghost]Jumpluff||CovertCloak|Chlorophyll|SleepPowder,SunnyDay,RagePowder,Tailwind|||M|||50|,,,,,Water]Ursaluna||FlameOrb|Guts|HeadlongRush,Facade,Earthquake,Protect|||M|||50|,,,,,Ghost
|
|t:|1756472125
|teamsize|p1|4
|teamsize|p2|4
|start
|switch|p1a: Incineroar|Incineroar, L50, F|100/100
|switch|p1b: Porygon2|Porygon2, L50|100/100
|switch|p2a: Jumpluff|Jumpluff, L50, M|100/100
|switch|p2b: Charizard|Charizard, L50, F|100/100
|-ability|p1a: Incineroar|Intimidate|boost
|-unboost|p2a: Jumpluff|atk|1
|-unboost|p2b: Charizard|atk|1
|-ability|p1b: Porygon2|Download|boost
|-boost|p1b: Porygon2|atk|1
|turn|1
|
|t:|1756472144
|-terastallize|p2a: Jumpluff|Water
|move|p1a: Incineroar|Fake Out|p2b: Charizard
|-damage|p2b: Charizard|82/100
|move|p2a: Jumpluff|Sleep Powder|p1b: Porygon2
|-status|p1b: Porygon2|slp|[from] move: Sleep Powder
|cant|p2b: Charizard|flinch
|cant|p1b: Porygon2|slp
|
|upkeep
|turn|2
|
|t:|1756472157
|move|p2a: Jumpluff|Sunny Day|p2a: Jumpluff
|-weather|SunnyDay
|move|p2b: Charizard|Heat Wave|p1a: Incineroar|[spread] p1a
|-miss|p2b: Charizard|p1b: Porygon2
|-resisted|p1a: Incineroar
|-damage|p1a: Incineroar|69/100
|move|p1a: Incineroar|Knock Off|p2b: Charizard
|-damage|p2b: Charizard|25/100
|-enditem|p2b: Charizard|Choice Specs|[from] move: Knock Off|[of] p1a: Incineroar
|cant|p1b: Porygon2|slp
|
|-weather|SunnyDay|[upkeep]
|-damage|p2b: Charizard|12/100|[from] ability: Solar Power|[of] p2b: Charizard
|upkeep
|turn|3
|
|t:|1756472179
|move|p2a: Jumpluff|Rage Powder|p2a: Jumpluff
|-singleturn|p2a: Jumpluff|move: Rage Powder
|move|p2b: Charizard|Overheat|p1b: Porygon2|[miss]
|-miss|p2b: Charizard|p1b: Porygon2
|move|p1a: Incineroar|U-turn|p2a: Jumpluff
|-damage|p2a: Jumpluff|75/100
|
|t:|1756472186
|switch|p1a: Ursaluna|Ursaluna, L50, F|100/100|[from] U-turn
|cant|p1b: Porygon2|slp
|
|-weather|SunnyDay|[upkeep]
|-damage|p2b: Charizard|0 fnt|[from] ability: Solar Power|[of] p2b: Charizard
|faint|p2b: Charizard
|-status|p1a: Ursaluna|brn|[from] item: Flame Orb
|upkeep
|
|t:|1756472204
|switch|p2b: Incineroar|Incineroar, L50, F|100/100
|-ability|p2b: Incineroar|Intimidate|boost
|-unboost|p1a: Ursaluna|atk|1
|-unboost|p1b: Porygon2|atk|1
|turn|4
|
|t:|1756472231
|switch|p1a: Incineroar|Incineroar, L50, F|69/100
|-ability|p1a: Incineroar|Intimidate|boost
|-unboost|p2a: Jumpluff|atk|1
|-unboost|p2b: Incineroar|atk|1
|move|p2b: Incineroar|Fake Out|p1b: Porygon2
|-damage|p1b: Porygon2|96/100 slp
|move|p2a: Jumpluff|Tailwind|p2a: Jumpluff
|-sidestart|p2: joshuajohnf|move: Tailwind
|-curestatus|p1b: Porygon2|slp|[msg]
|cant|p1b: Porygon2|flinch
|
|-weather|SunnyDay|[upkeep]
|upkeep
|turn|5
|
|t:|1756472250
|switch|p2b: Ursaluna|Ursaluna, L50, M|100/100
|move|p1a: Incineroar|Fake Out|p2b: Ursaluna
|-damage|p2b: Ursaluna|91/100
|move|p2a: Jumpluff|Sleep Powder|p1b: Porygon2
|-status|p1b: Porygon2|slp|[from] move: Sleep Powder
|cant|p1b: Porygon2|slp
|
|-weather|SunnyDay|[upkeep]
|-status|p2b: Ursaluna|brn|[from] item: Flame Orb
|upkeep
|turn|6
|
|t:|1756472269
|switch|p2a: Incineroar|Incineroar, L50, F|100/100
|-ability|p2a: Incineroar|Intimidate|boost
|-unboost|p1a: Incineroar|atk|1
|-unboost|p1b: Porygon2|atk|1
|-terastallize|p1a: Incineroar|Grass
|move|p2b: Ursaluna|Headlong Rush|p1a: Incineroar
|-resisted|p1a: Incineroar
|-damage|p1a: Incineroar|15/100
|-unboost|p2b: Ursaluna|def|1
|-unboost|p2b: Ursaluna|spd|1
|move|p1a: Incineroar|Flare Blitz|p2b: Ursaluna
|-damage|p2b: Ursaluna|31/100 brn
|-damage|p1a: Incineroar|0 fnt|[from] Recoil
|faint|p1a: Incineroar
|cant|p1b: Porygon2|slp
|
|-weather|none
|-damage|p2b: Ursaluna|26/100 brn|[from] brn
|upkeep
|
|t:|1756472288
|switch|p1a: Ursaluna|Ursaluna, L50, F|100/100 brn
|turn|7
|
|t:|1756472302
|switch|p1b: Amoonguss|Amoonguss, L50, F|100/100
|move|p1a: Ursaluna|Protect|p1a: Ursaluna
|-singleturn|p1a: Ursaluna|Protect
|move|p2a: Incineroar|Fake Out|p1a: Ursaluna
|-activate|p1a: Ursaluna|move: Protect
|move|p2b: Ursaluna|Headlong Rush|p1b: Amoonguss
|-damage|p1b: Amoonguss|19/100
|-unboost|p2b: Ursaluna|def|1
|-unboost|p2b: Ursaluna|spd|1
|-enditem|p1b: Amoonguss|Sitrus Berry|[eat]
|-heal|p1b: Amoonguss|44/100|[from] item: Sitrus Berry
|
|-damage|p2b: Ursaluna|20/100 brn|[from] brn
|-damage|p1a: Ursaluna|95/100 brn|[from] brn
|-sideend|p2: joshuajohnf|move: Tailwind
|upkeep
|turn|8
|
|t:|1756472327
|switch|p2b: Jumpluff|Jumpluff, L50, M, tera:Water|75/100
|move|p1b: Amoonguss|Rage Powder|p1b: Amoonguss
|-singleturn|p1b: Amoonguss|move: Rage Powder
|move|p2a: Incineroar|Flare Blitz|p1b: Amoonguss
|-supereffective|p1b: Amoonguss
|-damage|p1b: Amoonguss|0 fnt
|faint|p1b: Amoonguss
|-damage|p2a: Incineroar|85/100|[from] Recoil
|move|p1a: Ursaluna|Facade|p2b: Jumpluff
|-damage|p2b: Jumpluff|0 fnt
|faint|p2b: Jumpluff
|
|-damage|p1a: Ursaluna|89/100 brn|[from] brn
|upkeep
|
|t:|1756472333
|switch|p2b: Ursaluna|Ursaluna, L50, M|20/100 brn
|switch|p1b: Porygon2|Porygon2, L50|96/100 slp
|-ability|p1b: Porygon2|Download|boost
|-boost|p1b: Porygon2|spa|1
|turn|9
|
|t:|1756472364
|move|p2a: Incineroar|Knock Off|p1b: Porygon2
|-damage|p1b: Porygon2|70/100 slp
|-enditem|p1b: Porygon2|Eviolite|[from] move: Knock Off|[of] p2a: Incineroar
|move|p2b: Ursaluna|Facade|p1a: Ursaluna
|-damage|p1a: Ursaluna|0 fnt
|faint|p1a: Ursaluna
|cant|p1b: Porygon2|slp
|
|-damage|p2b: Ursaluna|14/100 brn|[from] brn
|upkeep
|turn|10
|
|t:|1756472374
|move|p2a: Incineroar|Flare Blitz|p1b: Porygon2
|-damage|p1b: Porygon2|25/100 slp
|-damage|p2a: Incineroar|71/100|[from] Recoil
|move|p2b: Ursaluna|Facade|p1b: Porygon2
|-damage|p1b: Porygon2|0 fnt
|faint|p1b: Porygon2
|
|win|joshuajohnf
|raw|iliasdelm's rating: 1158 → 1142(-16 for losing)
|raw|joshuajohnf's rating: 1296 → 1312(+16 for winning)
