|j|☆MrMrvz
|j|☆ruben2327
|html|MrMrvzruben2327    
|uhtml|bestof|Game 1 of a best-of-3
|t:|1785434813
|gametype|doubles
|player|p1|MrMrvz|ethan|1174
|player|p2|ruben2327|steven|1074
|gen|9
|tier|[Gen 9 Champions] VGC 2026 Reg M-B (Bo3)
|rated|
|rule|Species Clause: Limit one of each Pokémon
|rule|Item Clause: Limit 1 of each item
|clearpoke
|poke|p1|Staraptor, L50, F|
|poke|p1|Feraligatr, L50, M, shiny|
|poke|p1|Whimsicott, L50, M|
|poke|p1|Glimmora, L50, F|
|poke|p1|Delphox, L50, M|
|poke|p1|Kingambit, L50, M, shiny|
|poke|p2|Garchomp, L50, F, shiny|
|poke|p2|Incineroar, L50, F, shiny|
|poke|p2|Annihilape, L50, M, shiny|
|poke|p2|Toxapex, L50, F, shiny|
|poke|p2|Venusaur, L50, M, shiny|
|poke|p2|Charizard, L50, M, shiny|
|teampreview|4
|showteam|p1|Staraptor||Staraptite|Intimidate|BraveBird,CloseCombat,Roost,Protect|Jolly||F|||50|]Feraligatr||LifeOrb|SheerForce|Liquidation,RockSlide,IcePunch,AquaJet|Adamant||M|||50|]Whimsicott||OccaBerry|Prankster|Tailwind,Moonblast,Charm,LightScreen|Timid||M|||50|]Glimmora||FocusSash|ToxicDebris|PowerGem,SludgeBomb,EarthPower,SpikyShield|Modest||F|||50|]Delphox||Delphoxite|Blaze|HeatWave,Psychic,Encore,Protect|Timid||M|||50|]Kingambit||ChopleBerry|Defiant|KowtowCleave,IronHead,LowKick,SuckerPunch|Adamant||M|||50|
|showteam|p2|Garchomp||ChoiceScarf|RoughSkin|Earthquake,DragonClaw,RockSlide,StompingTantrum|Adamant||F|||50|]Incineroar||SitrusBerry|Intimidate|FakeOut,FlareBlitz,ThroatChop,PartingShot|Impish||F|||50|]Annihilape||FocusSash|Defiant|CloseCombat,PhantomForce,RockTomb,Protect|Jolly||M|||50|]Toxapex||Leftovers|Regenerator|Toxic,Infestation,WideGuard,BanefulBunker|Impish||F|||50|]Venusaur||LifeOrb|Chlorophyll|SolarBeam,SludgeBomb,EarthPower,Protect|Modest||M|||50|]Charizard||CharizarditeY|Blaze|HeatWave,WeatherBall,HelpingHand,Protect|Modest||M|||50|
|inactive|Battle timer is ON: inactive players will automatically lose when time's up. (requested by MrMrvz)
|inactive|ruben2327 has 60 seconds left.
|
|t:|1785434902
|teamsize|p1|4
|teamsize|p2|4
|start
|switch|p1a: Whimsicott|Whimsicott, L50, M|100/100
|switch|p1b: Glimmora|Glimmora, L50, F|100/100
|switch|p2a: Annihilape|Annihilape, L50, M, shiny|100/100
|switch|p2b: Incineroar|Incineroar, L50, F, shiny|100/100
|-ability|p2b: Incineroar|Intimidate|boost
|-unboost|p1a: Whimsicott|atk|1
|-unboost|p1b: Glimmora|atk|1
|turn|1
|inactive|MrMrvz has 30 seconds left.
|inactive|ruben2327 has 30 seconds left.
|inactive|MrMrvz has 20 seconds left.
|inactive|MrMrvz has 15 seconds left.
|inactive|MrMrvz has 10 seconds left.
|inactive|MrMrvz has 5 seconds left.
|
|t:|1785434954
|move|p2b: Incineroar|Fake Out|p1a: Whimsicott
|-damage|p1a: Whimsicott|89/100
|cant|p1a: Whimsicott|flinch
|move|p2a: Annihilape|Phantom Force||[still]
|-prepare|p2a: Annihilape|Phantom Force
|move|p1b: Glimmora|Earth Power|p2b: Incineroar
|-supereffective|p2b: Incineroar|1
|-damage|p2b: Incineroar|42/100
|-enditem|p2b: Incineroar|Sitrus Berry|[eat]
|-heal|p2b: Incineroar|67/100|[from] item: Sitrus Berry
|
|upkeep
|turn|2
|inactive|MrMrvz has 30 seconds left.
|
|t:|1785434988
|switch|p2b: Charizard|Charizard, L50, M, shiny|100/100
|move|p1a: Whimsicott|Tailwind|p1a: Whimsicott
|-sidestart|p1: MrMrvz|move: Tailwind
|move|p1b: Glimmora|Power Gem|p2b: Charizard
|-supereffective|p2b: Charizard|2
|-damage|p2b: Charizard|0 fnt
|faint|p2b: Charizard
|move|p2a: Annihilape|Phantom Force|p1b: Glimmora|[from] lockedmove
|-damage|p1b: Glimmora|45/100
|-activate|p1b: Glimmora|ability: Toxic Debris
|-sidestart|p2: ruben2327|move: Toxic Spikes
|
|upkeep
|
|t:|1785435001
|switch|p2b: Toxapex|Toxapex, L50, F, shiny|100/100
|-sideend|p2: ruben2327|move: Toxic Spikes|[of] p2b: Toxapex
|turn|3
|inactive|MrMrvz has 30 seconds left.
|inactive|MrMrvz has 20 seconds left.
|inactive|MrMrvz has 15 seconds left.
|inactive|MrMrvz has 10 seconds left.
|
|t:|1785435048
|move|p1a: Whimsicott|Moonblast|p2a: Annihilape
|-supereffective|p2a: Annihilape|1
|-crit|p2a: Annihilape
|-damage|p2a: Annihilape|22/100
|move|p1b: Glimmora|Earth Power|p2b: Toxapex
|-supereffective|p2b: Toxapex|1
|-damage|p2b: Toxapex|51/100
|move|p2a: Annihilape|Phantom Force||[still]
|-prepare|p2a: Annihilape|Phantom Force
|move|p2b: Toxapex|Toxic|p1a: Whimsicott
|-status|p1a: Whimsicott|tox
|
|-heal|p2b: Toxapex|57/100|[from] item: Leftovers
|-damage|p1a: Whimsicott|83/100 tox|[from] psn
|upkeep
|turn|4
|inactive|MrMrvz has 30 seconds left.
|
|t:|1785435081
|move|p2b: Toxapex|Baneful Bunker|p2b: Toxapex
|-singleturn|p2b: Toxapex|move: Protect
|move|p1a: Whimsicott|Moonblast|p2b: Toxapex
|-activate|p2b: Toxapex|move: Protect
|move|p1b: Glimmora|Earth Power|p2b: Toxapex
|-activate|p2b: Toxapex|move: Protect
|move|p2a: Annihilape|Phantom Force|p1b: Glimmora|[from] lockedmove
|-damage|p1b: Glimmora|0 fnt
|-activate|p1b: Glimmora|ability: Toxic Debris
|-sidestart|p2: ruben2327|move: Toxic Spikes
|faint|p1b: Glimmora
|
|-heal|p2b: Toxapex|63/100|[from] item: Leftovers
|-damage|p1a: Whimsicott|71/100 tox|[from] psn
|upkeep
|
|t:|1785435097
|switch|p1b: Staraptor|Staraptor, L50, F|100/100
|-ability|p1b: Staraptor|Intimidate|boost
|-unboost|p2a: Annihilape|atk|1
|-ability|p2a: Annihilape|Defiant|boost
|-boost|p2a: Annihilape|atk|2
|-unboost|p2b: Toxapex|atk|1
|turn|5
|
|t:|1785435120
|-heal|p2b: Toxapex|96/100|[from] ability: Regenerator|[silent]
|switch|p2b: Incineroar|Incineroar, L50, F, shiny|67/100
|-status|p2b: Incineroar|psn
|-ability|p2b: Incineroar|Intimidate|boost
|-unboost|p1a: Whimsicott|atk|1
|-unboost|p1b: Staraptor|atk|1
|detailschange|p1b: Staraptor|Staraptor-Mega, L50, F
|-mega|p1b: Staraptor|Staraptor|Staraptite
|move|p2a: Annihilape|Protect|p2a: Annihilape
|-singleturn|p2a: Annihilape|Protect
|move|p1a: Whimsicott|Charm|p1b: Staraptor
|-boost|p1b: Staraptor|atk|2
|move|p1b: Staraptor|Close Combat|p2b: Incineroar
|-supereffective|p2b: Incineroar|1
|-damage|p2b: Incineroar|0 fnt
|-boost|p1b: Staraptor|def|1
|-boost|p1b: Staraptor|spd|1
|faint|p2b: Incineroar
|
|-damage|p1a: Whimsicott|52/100 tox|[from] psn
|-sideend|p1: MrMrvz|move: Tailwind
|upkeep
|
|t:|1785435140
|switch|p2b: Toxapex|Toxapex, L50, F, shiny|96/100
|-sideend|p2: ruben2327|move: Toxic Spikes|[of] p2b: Toxapex
|turn|6
|inactive|ruben2327 has 30 seconds left.
|
|t:|1785435166
|move|p1a: Whimsicott|Tailwind|p1a: Whimsicott
|-sidestart|p1: MrMrvz|move: Tailwind
|move|p1b: Staraptor|Brave Bird|p2a: Annihilape
|-supereffective|p2a: Annihilape|1
|-damage|p2a: Annihilape|0 fnt
|faint|p2a: Annihilape
|-damage|p1b: Staraptor|92/100|[from] Recoil
|move|p2b: Toxapex|Toxic|p1b: Staraptor
|-status|p1b: Staraptor|tox
|
|-heal|p2b: Toxapex|100/100|[from] item: Leftovers
|-damage|p1b: Staraptor|86/100 tox|[from] psn
|-damage|p1a: Whimsicott|28/100 tox|[from] psn
|upkeep
|turn|7
|
|t:|1785435189
|move|p1b: Staraptor|Protect|p1b: Staraptor
|-singleturn|p1b: Staraptor|Protect
|move|p1a: Whimsicott|Charm|p1b: Staraptor
|-activate|p1b: Staraptor|move: Protect
|move|p2b: Toxapex|Infestation|p1b: Staraptor
|-activate|p1b: Staraptor|move: Protect
|
|-damage|p1b: Staraptor|74/100 tox|[from] psn
|-damage|p1a: Whimsicott|0 fnt|[from] psn
|faint|p1a: Whimsicott
|upkeep
|
|t:|1785435199
|switch|p1a: Feraligatr|Feraligatr, L50, M, shiny|100/100
|turn|8
|
|t:|1785435209
|move|p1b: Staraptor|Close Combat|p2b: Toxapex
|-resisted|p2b: Toxapex|1
|-damage|p2b: Toxapex|68/100
|-boost|p1b: Staraptor|def|1
|-boost|p1b: Staraptor|spd|1
|move|p1a: Feraligatr|Rock Slide|p2b: Toxapex
|-damage|p2b: Toxapex|41/100
|move|p2b: Toxapex|Toxic|p1a: Feraligatr
|-status|p1a: Feraligatr|tox
|
|-heal|p2b: Toxapex|47/100|[from] item: Leftovers
|-damage|p1b: Staraptor|56/100 tox|[from] psn
|-damage|p1a: Feraligatr|94/100 tox|[from] psn
|upkeep
|turn|9
|
|t:|1785435228
|move|p2b: Toxapex|Baneful Bunker|p2b: Toxapex
|-singleturn|p2b: Toxapex|move: Protect
|move|p1b: Staraptor|Roost|p1b: Staraptor
|-heal|p1b: Staraptor|100/100 tox
|-singleturn|p1b: Staraptor|move: Roost
|move|p1a: Feraligatr|Rock Slide|p2b: Toxapex
|-activate|p2b: Toxapex|move: Protect
|
|-heal|p2b: Toxapex|52/100|[from] item: Leftovers
|-damage|p1b: Staraptor|75/100 tox|[from] psn
|-damage|p1a: Feraligatr|82/100 tox|[from] psn
|-sideend|p1: MrMrvz|move: Tailwind
|upkeep
|turn|10
|
|t:|1785435249
|move|p2b: Toxapex|Wide Guard|p2b: Toxapex
|-singleturn|p2b: Toxapex|Wide Guard
|move|p1b: Staraptor|Brave Bird|p2b: Toxapex
|-damage|p2b: Toxapex|0 fnt
|faint|p2b: Toxapex
|-damage|p1b: Staraptor|61/100 tox|[from] Recoil
|
|win|MrMrvz
