|j|☆Kyrie pokemon
|j|☆GlitchXDGOAT
|html|Kyrie pokemonGlitchXDGOAT    
|uhtml|bestof|Game 2 of a best-of-3
|t:|1784623322
|gametype|doubles
|player|p1|Kyrie pokemon|101|1308
|player|p2|GlitchXDGOAT|1|1434
|gen|9
|tier|[Gen 9 Champions] VGC 2026 Reg M-B (Bo3)
|rated|
|rule|Species Clause: Limit one of each Pokémon
|rule|Item Clause: Limit 1 of each item
|clearpoke
|poke|p1|Delphox, L50, M|
|poke|p1|Sinistcha, L50|
|poke|p1|Floette-Eternal, L50, F|
|poke|p1|Garchomp, L50, F|
|poke|p1|Sneasler, L50, M|
|poke|p1|Aerodactyl, L50, F|
|poke|p2|Farigiraf, L50, F|
|poke|p2|Floette-Eternal, L50, F|
|poke|p2|Whimsicott, L50, M|
|poke|p2|Kingambit, L50, M|
|poke|p2|Charizard, L50, M|
|poke|p2|Mamoswine, L50, F|
|teampreview|4
|showteam|p1|Delphox||Delphoxite|Blaze|HeatWave,Protect,NastyPlot,Psychic|Timid||M|||50|]Sinistcha||SitrusBerry|Hospitality|MatchaGotcha,Protect,TrickRoom,RagePowder|Calm|||||50|]Floette-Eternal||Floettite|FlowerVeil|Moonblast,Protect,LightofRuin,DazzlingGleam|Timid||F|||50|]Garchomp||LifeOrb|RoughSkin|Earthquake,Protect,RockSlide,DragonClaw|Jolly||F|||50|]Sneasler||WhiteHerb|Unburden|CloseCombat,Coaching,FakeOut,DireClaw|Adamant||M|||50|]Aerodactyl||FocusSash|Unnerve|RockSlide,Protect,Tailwind,DualWingbeat|Jolly||F|||50|
|showteam|p2|Farigiraf||SitrusBerry|ArmorTail|Psychic,HelpingHand,Roar,TrickRoom|Bold||F|||50|]Floette-Eternal||Floettite|FlowerVeil|Moonblast,DrainingKiss,CalmMind,Protect|Quiet||F|||50|]Whimsicott||FairyFeather|Prankster|Moonblast,Tailwind,Encore,Protect|Timid||M|||50|]Kingambit||FocusSash|Defiant|SuckerPunch,KowtowCleave,IronHead,LowKick|Adamant||M|||50|]Charizard||CharizarditeY|Blaze|HeatWave,WeatherBall,SolarBeam,Protect|Modest||M|||50|]Mamoswine||LifeOrb|Oblivious|IceShard,HighHorsepower,RockSlide,Protect|Adamant||F|||50|
|inactive|Battle timer is ON: inactive players will automatically lose when time's up. (requested by GlitchXDGOAT)
|
|t:|1784623345
|teamsize|p1|4
|teamsize|p2|4
|start
|switch|p1a: Delphox|Delphox, L50, M|100/100
|switch|p1b: Sneasler|Sneasler, L50, M|100/100
|switch|p2a: Charizard|Charizard, L50, M|100/100
|switch|p2b: Mamoswine|Mamoswine, L50, F|100/100
|turn|1
|inactive|Kyrie pokemon has 30 seconds left.
|
|t:|1784623372
|switch|p2b: Whimsicott|Whimsicott, L50, M|100/100
|detailschange|p1a: Delphox|Delphox-Mega, L50, M
|-mega|p1a: Delphox|Delphox|Delphoxite
|detailschange|p2a: Charizard|Charizard-Mega-Y, L50, M
|-mega|p2a: Charizard|Charizard|Charizardite Y
|-weather|SunnyDay|[from] ability: Drought|[of] p2a: Charizard
|move|p1a: Delphox|Protect|p1a: Delphox
|-singleturn|p1a: Delphox|Protect
|move|p1b: Sneasler|Close Combat|p2b: Whimsicott
|-resisted|p2b: Whimsicott|1
|-crit|p2b: Whimsicott
|-damage|p2b: Whimsicott|19/100
|-unboost|p1b: Sneasler|def|1
|-unboost|p1b: Sneasler|spd|1
|-enditem|p1b: Sneasler|White Herb
|-clearnegativeboost|p1b: Sneasler|[silent]
|move|p2a: Charizard|Weather Ball|p1b: Sneasler
|-damage|p1b: Sneasler|0 fnt
|faint|p1b: Sneasler
|
|-weather|SunnyDay|[upkeep]
|upkeep
|
|t:|1784623396
|switch|p1b: Aerodactyl|Aerodactyl, L50, F|100/100
|-ability|p1b: Aerodactyl|Unnerve
|turn|2
|
|t:|1784623409
|switch|p1a: Garchomp|Garchomp, L50, F|100/100
|move|p2a: Charizard|Protect|p2a: Charizard
|-singleturn|p2a: Charizard|Protect
|move|p2b: Whimsicott|Encore||[still]
|-fail|p2b: Whimsicott
|move|p1b: Aerodactyl|Rock Slide|p2a: Charizard|[spread] p2b
|-activate|p2a: Charizard|move: Protect
|-damage|p2b: Whimsicott|0 fnt
|faint|p2b: Whimsicott
|
|-weather|SunnyDay|[upkeep]
|upkeep
|
|t:|1784623413
|switch|p2b: Mamoswine|Mamoswine, L50, F|100/100
|turn|3
|inactive|Kyrie pokemon has 30 seconds left.
|inactive|Kyrie pokemon has 20 seconds left.
|inactive|Kyrie pokemon has 15 seconds left.
|
|t:|1784623454
|switch|p2a: Kingambit|Kingambit, L50, M|100/100
|move|p1a: Garchomp|Protect|p1a: Garchomp
|-singleturn|p1a: Garchomp|Protect
|move|p2b: Mamoswine|Ice Shard|p1b: Aerodactyl
|-supereffective|p1b: Aerodactyl|1
|-damage|p1b: Aerodactyl|10/100
|-damage|p2b: Mamoswine|90/100|[from] item: Life Orb
|move|p1b: Aerodactyl|Tailwind|p1b: Aerodactyl
|-sidestart|p1: Kyrie pokemon|move: Tailwind
|
|-weather|SunnyDay|[upkeep]
|upkeep
|turn|4
|inactive|Kyrie pokemon has 30 seconds left.
|
|t:|1784623482
|switch|p1a: Delphox|Delphox-Mega, L50, M|100/100
|move|p1b: Aerodactyl|Protect|p1b: Aerodactyl
|-singleturn|p1b: Aerodactyl|Protect
|move|p2a: Kingambit|Sucker Punch||[still]
|-fail|p2a: Kingambit
|move|p2b: Mamoswine|Ice Shard|p1a: Delphox
|-resisted|p1a: Delphox|1
|-damage|p1a: Delphox|74/100
|-damage|p2b: Mamoswine|80/100|[from] item: Life Orb
|
|-weather|SunnyDay|[upkeep]
|upkeep
|turn|5
|inactive|Kyrie pokemon has 30 seconds left.
|c|☆GlitchXDGOAT|GG
|inactive|Kyrie pokemon has 20 seconds left.
|
|t:|1784623519
|move|p2a: Kingambit|Sucker Punch||[still]
|-fail|p2a: Kingambit
|move|p2b: Mamoswine|Ice Shard|p1b: Aerodactyl
|-supereffective|p1b: Aerodactyl|1
|-damage|p1b: Aerodactyl|0 fnt
|faint|p1b: Aerodactyl
|-damage|p2b: Mamoswine|70/100|[from] item: Life Orb
|move|p1a: Delphox|Nasty Plot|p1a: Delphox
|-boost|p1a: Delphox|spa|2
|
|-weather|none
|upkeep
|
|t:|1784623531
|switch|p1b: Garchomp|Garchomp, L50, F|100/100
|turn|6
|
|t:|1784623552
|move|p1a: Delphox|Protect|p1a: Delphox
|-singleturn|p1a: Delphox|Protect
|move|p2a: Kingambit|Sucker Punch|p1b: Garchomp
|-damage|p1b: Garchomp|57/100
|-damage|p2a: Kingambit|88/100|[from] ability: Rough Skin|[of] p1b: Garchomp
|move|p2b: Mamoswine|Ice Shard|p1b: Garchomp
|-supereffective|p1b: Garchomp|2
|-damage|p1b: Garchomp|0 fnt
|faint|p1b: Garchomp
|-damage|p2b: Mamoswine|61/100|[from] item: Life Orb
|
|-sideend|p1: Kyrie pokemon|move: Tailwind
|upkeep
|turn|7
|c|☆GlitchXDGOAT|GG
|
|t:|1784623566
|move|p2a: Kingambit|Sucker Punch|p1a: Delphox
|-supereffective|p1a: Delphox|1
|-damage|p1a: Delphox|0 fnt
|faint|p1a: Delphox
|
|win|GlitchXDGOAT
|raw|Kyrie pokemon's rating: 1308 → 1295(-13 for losing)
|raw|GlitchXDGOAT's rating: 1434 → 1447(+13 for winning)
