|j|☆tang de maracuja
|j|☆ProGamer360FTW
|html|tang de maracujaProGamer360FTW    
|uhtml|bestof|Game 1 of a best-of-3
|t:|1784599804
|gametype|doubles
|player|p1|tang de maracuja|morty|1154
|player|p2|ProGamer360FTW|2|1068
|gen|9
|tier|[Gen 9 Champions] VGC 2026 Reg M-B (Bo3)
|rated|
|rule|Species Clause: Limit one of each Pokémon
|rule|Item Clause: Limit 1 of each item
|clearpoke
|poke|p1|Gengar, L50, F|
|poke|p1|Archaludon, L50, M|
|poke|p1|Politoed, L50, M|
|poke|p1|Swampert, L50, F|
|poke|p1|Vivillon, L50, F|
|poke|p1|Incineroar, L50, F|
|poke|p2|Farigiraf, L50, F|
|poke|p2|Incineroar, L50, F|
|poke|p2|Metagross, L50|
|poke|p2|Sinistcha, L50|
|poke|p2|Chesnaught, L50, F|
|poke|p2|Jolteon, L50, F|
|teampreview|4
|showteam|p1|Gengar||Gengarite|CursedBody|ShadowBall,SludgeBomb,PerishSong,Protect|Modest||F|||50|]Archaludon||Leftovers|Stamina|ElectroShot,DragonPulse,FlashCannon,Protect|Bold||M|||50|]Politoed||SitrusBerry|Drizzle|WeatherBall,Hypnosis,PerishSong,Protect|Calm||M|||50|]Swampert||Swampertite|Torrent|WaveCrash,Earthquake,IcePunch,Protect|Adamant||F|||50|]Vivillon||FocusSash|CompoundEyes|Hurricane,SleepPowder,RagePowder,Protect|Timid||F|||50|]Incineroar||PasshoBerry|Intimidate|ThroatChop,FakeOut,PartingShot,Protect|Impish||F|||50|
|showteam|p2|Farigiraf||ColburBerry|ArmorTail|TrickRoom,Psychic,Thunderbolt,HelpingHand|Serious||F|||50|]Incineroar||SitrusBerry|Intimidate|FlareBlitz,ThroatChop,PartingShot,FakeOut|Impish||F|||50|]Metagross||Metagrossite|ClearBody|IronHead,PsychicFangs,IcePunch,StompingTantrum|Jolly|||||50|]Sinistcha||OccaBerry|Hospitality|MatchaGotcha,LifeDew,RagePowder,Protect|Calm|||||50|]Chesnaught||Chesnaughtite|Bulletproof|IronDefense,BodyPress,SeedBomb,Synthesis|Impish||F|||50|]Jolteon||LifeOrb|VoltAbsorb|VoltSwitch,Thunderbolt,ShadowBall,Protect|Timid||F|||50|
|inactive|Battle timer is ON: inactive players will automatically lose when time's up. (requested by tang de maracuja)
|inactive|ProGamer360FTW has 60 seconds left.
|
|t:|1784599862
|teamsize|p1|4
|teamsize|p2|4
|start
|switch|p1a: Gengar|Gengar, L50, F|100/100
|switch|p1b: Vivillon|Vivillon, L50, F|100/100
|switch|p2a: Farigiraf|Farigiraf, L50, F|100/100
|switch|p2b: Jolteon|Jolteon, L50, F|100/100
|turn|1
|inactive|tang de maracuja has 30 seconds left.
|inactive|tang de maracuja has 20 seconds left.
|inactive|tang de maracuja has 15 seconds left.
|
|t:|1784599905
|detailschange|p1a: Gengar|Gengar-Mega, L50, F
|-mega|p1a: Gengar|Gengar|Gengarite
|move|p1a: Gengar|Protect|p1a: Gengar
|-singleturn|p1a: Gengar|Protect
|move|p2b: Jolteon|Volt Switch|p1b: Vivillon
|-supereffective|p1b: Vivillon|1
|-enditem|p1b: Vivillon|Focus Sash
|-damage|p1b: Vivillon|1/100
|-damage|p2b: Jolteon|90/100|[from] item: Life Orb
|
|t:|1784599914
|switch|p2b: Metagross|Metagross, L50|100/100|[from] Volt Switch
|move|p1b: Vivillon|Sleep Powder|p2b: Metagross
|-status|p2b: Metagross|slp|[from] move: Sleep Powder
|move|p2a: Farigiraf|Psychic|p1a: Gengar
|-activate|p1a: Gengar|move: Protect
|
|upkeep
|turn|2
|
|t:|1784599931
|move|p1a: Gengar|Shadow Ball|p2b: Metagross
|-supereffective|p2b: Metagross|1
|-damage|p2b: Metagross|0 fnt
|faint|p2b: Metagross
|move|p1b: Vivillon|Sleep Powder|p2a: Farigiraf
|-status|p2a: Farigiraf|slp|[from] move: Sleep Powder
|cant|p2a: Farigiraf|slp
|
|upkeep
|
|t:|1784599939
|switch|p2b: Jolteon|Jolteon, L50, F|90/100
|turn|3
|
|t:|1784599963
|move|p1b: Vivillon|Rage Powder|p1b: Vivillon
|-singleturn|p1b: Vivillon|move: Rage Powder
|move|p2b: Jolteon|Volt Switch|p1b: Vivillon
|-supereffective|p1b: Vivillon|1
|-damage|p1b: Vivillon|0 fnt
|faint|p1b: Vivillon
|-damage|p2b: Jolteon|80/100|[from] item: Life Orb
|
|t:|1784599970
|switch|p2b: Chesnaught|Chesnaught, L50, F|100/100|[from] Volt Switch
|move|p1a: Gengar|Sludge Bomb|p2b: Chesnaught
|-immune|p2b: Chesnaught|[from] ability: Bulletproof
|cant|p2a: Farigiraf|slp
|
|upkeep
|
|t:|1784599981
|switch|p1b: Incineroar|Incineroar, L50, F|100/100
|-ability|p1b: Incineroar|Intimidate|boost
|-unboost|p2a: Farigiraf|atk|1
|-unboost|p2b: Chesnaught|atk|1
|turn|4
|
|t:|1784599999
|detailschange|p2b: Chesnaught|Chesnaught-Mega, L50, F
|-mega|p2b: Chesnaught|Chesnaught|Chesnaughtite
|move|p1a: Gengar|Perish Song|p1a: Gengar
|-start|p1a: Gengar|perish3|[silent]
|-start|p1b: Incineroar|perish3|[silent]
|-start|p2a: Farigiraf|perish3|[silent]
|-start|p2b: Chesnaught|perish3|[silent]
|-fieldactivate|move: Perish Song
|move|p1b: Incineroar|Throat Chop|p2a: Farigiraf
|-supereffective|p2a: Farigiraf|1
|-enditem|p2a: Farigiraf|Colbur Berry|[eat]
|-enditem|p2a: Farigiraf|Colbur Berry|[weaken]
|-damage|p2a: Farigiraf|73/100 slp
|-start|p2a: Farigiraf|Throat Chop|[silent]
|-curestatus|p2a: Farigiraf|slp|[msg]
|move|p2a: Farigiraf|Psychic|p1a: Gengar
|-supereffective|p1a: Gengar|1
|-damage|p1a: Gengar|26/100
|move|p2b: Chesnaught|Iron Defense|p2b: Chesnaught
|-boost|p2b: Chesnaught|def|2
|
|-start|p1a: Gengar|perish3
|-start|p1b: Incineroar|perish3
|-start|p2a: Farigiraf|perish3
|-start|p2b: Chesnaught|perish3
|upkeep
|turn|5
|
|t:|1784600019
|move|p1a: Gengar|Protect|p1a: Gengar
|-singleturn|p1a: Gengar|Protect
|move|p1b: Incineroar|Protect|p1b: Incineroar
|-singleturn|p1b: Incineroar|Protect
|move|p2a: Farigiraf|Psychic|p1a: Gengar
|-activate|p1a: Gengar|move: Protect
|move|p2b: Chesnaught|Body Press|p1b: Incineroar
|-activate|p1b: Incineroar|move: Protect
|
|-end|p2a: Farigiraf|Throat Chop|[silent]
|-start|p1a: Gengar|perish2
|-start|p1b: Incineroar|perish2
|-start|p2a: Farigiraf|perish2
|-start|p2b: Chesnaught|perish2
|upkeep
|turn|6
|
|t:|1784600040
|switch|p1a: Politoed|Politoed, L50, M|100/100
|-weather|RainDance|[from] ability: Drizzle|[of] p1a: Politoed
|move|p2a: Farigiraf|Psychic|p1a: Politoed
|-damage|p1a: Politoed|69/100
|move|p1b: Incineroar|Parting Shot|p2a: Farigiraf
|-unboost|p2a: Farigiraf|atk|1
|-unboost|p2a: Farigiraf|spa|1
|
|t:|1784600046
|switch|p1b: Gengar|Gengar-Mega, L50, F|26/100|[from] Parting Shot
|move|p2b: Chesnaught|Body Press|p1b: Gengar
|-immune|p1b: Gengar
|
|-weather|RainDance|[upkeep]
|-start|p2a: Farigiraf|perish1
|-start|p2b: Chesnaught|perish1
|upkeep
|turn|7
|-message|ProGamer360FTW forfeited.
|
|win|tang de maracuja
|l|☆ProGamer360FTW
|player|p2|
||ProGamer360FTW is ready for game 2.
||tang de maracuja is ready for game 2.
|uhtml|next|Next: Game 2 of 3
