|j|☆TheDark69420
|j|☆olciax34
|html|TheDark69420olciax34    
|uhtml|bestof|Game 2 of a best-of-3
|t:|1785865346
|gametype|doubles
|player|p1|TheDark69420|ghetsis-gen5bw|1441
|player|p2|olciax34|266|1350
|gen|9
|tier|[Gen 9 Champions] VGC 2026 Reg M-B (Bo3)
|rated|
|rule|Species Clause: Limit one of each Pokémon
|rule|Item Clause: Limit 1 of each item
|clearpoke
|poke|p1|Milotic, L50, F|
|poke|p1|Garchomp, L50, F|
|poke|p1|Tyranitar, L50, M|
|poke|p1|Gliscor, L50, F|
|poke|p1|Sinistcha, L50|
|poke|p1|Ceruledge, L50, F|
|poke|p2|Incineroar, L50, F|
|poke|p2|Floette-Eternal, L50, F|
|poke|p2|Sinistcha, L50|
|poke|p2|Basculegion, L50, M|
|poke|p2|Glimmora, L50, M|
|poke|p2|Staraptor, L50, M|
|teampreview|4
|showteam|p1|Milotic||Leftovers|Competitive|HelpingHand,IcyWind,Scald,Protect|Bold||F|||50|]Garchomp||Garchompite|SandVeil|IronHead,Earthquake,RockSlide,Protect|Adamant||F|||50|]Tyranitar||ChoiceScarf|SandStream|RockSlide,IcePunch,KnockOff,LowKick|Jolly||M|||50|]Gliscor||BrightPowder|SandVeil|Tailwind,Uturn,Feint,DualWingbeat|Jolly||F|||50|]Sinistcha||SitrusBerry|Hospitality|MatchaGotcha,RagePowder,TrickRoom,Protect|Bold|||||50|]Ceruledge||ColburBerry|FlashFire|BulkUp,ShadowSneak,BitterBlade,Protect|Adamant||F|||50|
|showteam|p2|Incineroar||SitrusBerry|Intimidate|FakeOut,ThroatChop,FlareBlitz,PartingShot|Careful||F|||50|]Floette-Eternal||Floettite|FlowerVeil|DazzlingGleam,DrainingKiss,CalmMind,Protect|Modest||F|||50|]Sinistcha||KasibBerry|Hospitality|MatchaGotcha,LifeDew,RagePowder,Protect|Calm|||||50|]Basculegion||ChoiceScarf|Adaptability|WaveCrash,FlipTurn,AquaJet,LastRespects|Jolly||M|||50|]Glimmora||FocusSash|ToxicDebris|SludgeBomb,PowerGem,EarthPower,SpikyShield|Modest||M|||50|]Staraptor||Staraptite|Intimidate|DualWingbeat,CloseCombat,Tailwind,Protect|Jolly||M|||50|
|inactive|Battle timer is ON: inactive players will automatically lose when time's up. (requested by TheDark69420)
|inactive|TheDark69420 has 60 seconds left.
|inactive|olciax34 has 60 seconds left.
|
|t:|1785865388
|teamsize|p1|4
|teamsize|p2|4
|start
|switch|p1a: Sinistcha|Sinistcha, L50|100/100
|switch|p1b: Milotic|Milotic, L50, F|100/100
|switch|p2a: Floette|Floette-Eternal, L50, F|100/100
|switch|p2b: Glimmora|Glimmora, L50, M|100/100
|turn|1
|
|t:|1785865409
|detailschange|p2a: Floette|Floette-Mega, L50, F
|-mega|p2a: Floette|Floette|Floettite
|-ability|p2a: Floette|Fairy Aura
|move|p2b: Glimmora|Sludge Bomb|p1b: Milotic
|-damage|p1b: Milotic|58/100
|-status|p1b: Milotic|psn
|move|p2a: Floette|Calm Mind|p2a: Floette
|-boost|p2a: Floette|spa|1
|-boost|p2a: Floette|spd|1
|move|p1b: Milotic|Scald|p2b: Glimmora
|-supereffective|p2b: Glimmora|1
|-crit|p2b: Glimmora
|-enditem|p2b: Glimmora|Focus Sash
|-damage|p2b: Glimmora|1/100
|move|p1a: Sinistcha|Matcha Gotcha|p2b: Glimmora|[spread] p2a
|-miss|p1a: Sinistcha|p2b: Glimmora
|-damage|p2a: Floette|87/100
|
|-heal|p1b: Milotic|64/100 psn|[from] item: Leftovers
|-damage|p1b: Milotic|51/100 psn|[from] psn
|upkeep
|turn|2
|inactive|olciax34 has 30 seconds left.
|
|t:|1785865437
|move|p2b: Glimmora|Spiky Shield|p2b: Glimmora
|-singleturn|p2b: Glimmora|move: Protect
|move|p2a: Floette|Calm Mind|p2a: Floette
|-boost|p2a: Floette|spa|1
|-boost|p2a: Floette|spd|1
|move|p1b: Milotic|Scald|p2b: Glimmora
|-activate|p2b: Glimmora|move: Protect
|move|p1a: Sinistcha|Trick Room|p1a: Sinistcha
|-fieldstart|move: Trick Room|[of] p1a: Sinistcha
|
|-heal|p1b: Milotic|57/100 psn|[from] item: Leftovers
|-damage|p1b: Milotic|45/100 psn|[from] psn
|upkeep
|turn|3
|inactive|olciax34 has 30 seconds left.
|
|t:|1785865471
|move|p1a: Sinistcha|Matcha Gotcha|p2a: Floette|[spread] p2a,p2b
|-damage|p2a: Floette|78/100
|-damage|p2b: Glimmora|0 fnt
|faint|p2b: Glimmora
|move|p1b: Milotic|Scald|p2a: Floette
|-damage|p2a: Floette|66/100
|move|p2a: Floette|Calm Mind|p2a: Floette
|-boost|p2a: Floette|spa|1
|-boost|p2a: Floette|spd|1
|
|-heal|p1b: Milotic|51/100 psn|[from] item: Leftovers
|-damage|p1b: Milotic|39/100 psn|[from] psn
|upkeep
|
|t:|1785865483
|switch|p2b: Sinistcha|Sinistcha, L50|100/100
|-heal|p2a: Floette|91/100|[from] ability: Hospitality|[of] p2b: Sinistcha
|turn|4
|
|t:|1785865490
|move|p2a: Floette|Protect|p2a: Floette
|-singleturn|p2a: Floette|Protect
|move|p1a: Sinistcha|Matcha Gotcha|p2a: Floette|[spread] p2b
|-activate|p2a: Floette|move: Protect
|-resisted|p2b: Sinistcha|1
|-damage|p2b: Sinistcha|89/100
|-status|p2b: Sinistcha|brn
|move|p2b: Sinistcha|Matcha Gotcha|p1a: Sinistcha|[spread] p1a,p1b
|-resisted|p1a: Sinistcha|1
|-supereffective|p1b: Milotic|1
|-damage|p1a: Sinistcha|89/100
|-heal|p2b: Sinistcha|95/100 brn|[from] drain|[of] p1a: Sinistcha
|-damage|p1b: Milotic|1/100 psn
|-heal|p2b: Sinistcha|100/100 brn|[from] drain|[of] p1b: Milotic
|move|p1b: Milotic|Scald|p2a: Floette
|-activate|p2a: Floette|move: Protect
|
|-heal|p1b: Milotic|6/100 psn|[from] item: Leftovers
|-damage|p1b: Milotic|0 fnt|[from] psn
|faint|p1b: Milotic
|-damage|p2b: Sinistcha|93/100 brn|[from] brn
|upkeep
|
|t:|1785865505
|switch|p1b: Garchomp|Garchomp, L50, F|100/100
|turn|5
|
|t:|1785865528
|move|p1b: Garchomp|Protect|p1b: Garchomp
|-singleturn|p1b: Garchomp|Protect
|move|p1a: Sinistcha|Matcha Gotcha|p2b: Sinistcha|[spread] 
|-miss|p1a: Sinistcha|p2a: Floette
|-miss|p1a: Sinistcha|p2b: Sinistcha
|move|p2b: Sinistcha|Matcha Gotcha|p1a: Sinistcha|[spread] p1a
|-activate|p1b: Garchomp|move: Protect
|-resisted|p1a: Sinistcha|1
|-damage|p1a: Sinistcha|77/100
|-heal|p2b: Sinistcha|100/100 brn|[from] drain|[of] p1a: Sinistcha
|-status|p1a: Sinistcha|brn
|move|p2a: Floette|Dazzling Gleam|p1b: Garchomp|[spread] p1a
|-activate|p1b: Garchomp|move: Protect
|-damage|p1a: Sinistcha|0 fnt
|faint|p1a: Sinistcha
|
|-damage|p2b: Sinistcha|93/100 brn|[from] brn
|upkeep
|
|t:|1785865533
|switch|p1a: Tyranitar|Tyranitar, L50, M|100/100
|-weather|Sandstorm|[from] ability: Sand Stream|[of] p1a: Tyranitar
|turn|6
|
|t:|1785865550
|detailschange|p1b: Garchomp|Garchomp-Mega, L50, F
|-mega|p1b: Garchomp|Garchomp|Garchompite
|move|p2b: Sinistcha|Matcha Gotcha|p1b: Garchomp|[spread] p1a,p1b
|-supereffective|p1a: Tyranitar|1
|-crit|p1a: Tyranitar
|-damage|p1a: Tyranitar|48/100
|-heal|p2b: Sinistcha|100/100 brn|[from] drain|[of] p1a: Tyranitar
|-damage|p1b: Garchomp|73/100
|move|p2a: Floette|Dazzling Gleam|p1b: Garchomp|[spread] p1a,p1b
|-supereffective|p1a: Tyranitar|1
|-supereffective|p1b: Garchomp|1
|-damage|p1a: Tyranitar|0 fnt
|-damage|p1b: Garchomp|0 fnt
|faint|p1a: Tyranitar
|faint|p1b: Garchomp
|
|win|olciax34
