|j|☆b(r)2
|j|☆Comeonbruv
|html|b(r)2Comeonbruv    
|uhtml|bestof|Game 1 of a best-of-3
|t:|1783477534
|gametype|doubles
|player|p1|b(r)2|101|1120
|player|p2|Comeonbruv|youngster|1057
|gen|9
|tier|[Gen 9 Champions] VGC 2026 Reg M-B (Bo3)
|rated|
|rule|Species Clause: Limit one of each Pokémon
|rule|Item Clause: Limit 1 of each item
|clearpoke
|poke|p1|Blastoise, L50, M|
|poke|p1|Delphox, L50, M|
|poke|p1|Incineroar, L50, F|
|poke|p1|Sneasler, L50, F|
|poke|p1|Sinistcha, L50|
|poke|p1|Kingambit, L50, M|
|poke|p2|Sceptile, L50, F|
|poke|p2|Infernape, L50, F|
|poke|p2|Blastoise, L50, M|
|poke|p2|Empoleon, L50, F|
|poke|p2|Venusaur, L50, F|
|poke|p2|Charizard, L50, M, shiny|
|teampreview|4
|showteam|p1|Blastoise||Blastoisinite|RainDish|WaterSpout,DarkPulse,ShellSmash,Protect|Modest||M|||50|]Delphox||Delphoxite|Blaze|HeatWave,Psyshock,NastyPlot,Protect|Timid||M|||50|]Incineroar||SitrusBerry|Intimidate|FakeOut,FlareBlitz,ThroatChop,PartingShot|Impish||F|||50|]Sneasler||FocusSash|PoisonTouch|FakeOut,CloseCombat,DireClaw,QuickGuard|Jolly||F|||50|]Sinistcha||OccaBerry|Hospitality|MatchaGotcha,TrickRoom,RagePowder,Protect|Bold|||||50|]Kingambit||LifeOrb|Defiant|KowtowCleave,LowKick,SuckerPunch,Protect|Adamant||M|||50|
|showteam|p2|Sceptile||WhiteHerb|Overgrow|LeafStorm,DragonPulse,Protect,Detect|Timid||F|||50|]Infernape||LifeOrb|IronFist|FakeOut,CloseCombat,Protect,FlareBlitz|Jolly||F|||50|]Blastoise||ShellBell|Torrent|WaterPulse,IceBeam,AuraSphere,DarkPulse|Modest||M|||50|]Empoleon||Leftovers|Competitive|HydroPump,FlashCannon,IcyWind,Protect|Modest||F|||50|]Venusaur||FocusSash|Chlorophyll|SludgeBomb,Protect,SleepPowder,GigaDrain|Modest||F|||50|]Charizard||CharizarditeY|Blaze|HeatWave,SolarBeam,Protect,Overheat|Timid||M|||50|
|inactive|Battle timer is ON: inactive players will automatically lose when time's up. (requested by Comeonbruv)
|
|t:|1783477562
|teamsize|p1|4
|teamsize|p2|4
|start
|switch|p1a: Sneasler|Sneasler, L50, F|100/100
|switch|p1b: Blastoise|Blastoise, L50, M|100/100
|switch|p2a: Mono|Infernape, L50, F|100/100
|switch|p2b: El Padrino|Empoleon, L50, F|100/100
|turn|1
|inactive|Comeonbruv has 30 seconds left.
|
|t:|1783477593
|detailschange|p1b: Blastoise|Blastoise-Mega, L50, M
|-mega|p1b: Blastoise|Blastoise|Blastoisinite
|move|p1a: Sneasler|Fake Out|p2a: Mono
|-damage|p2a: Mono|75/100
|cant|p2a: Mono|flinch
|move|p1b: Blastoise|Shell Smash|p1b: Blastoise
|-unboost|p1b: Blastoise|def|1
|-unboost|p1b: Blastoise|spd|1
|-boost|p1b: Blastoise|atk|2
|-boost|p1b: Blastoise|spa|2
|-boost|p1b: Blastoise|spe|2
|move|p2b: El Padrino|Icy Wind|p1b: Blastoise|[spread] p1a,p1b
|-crit|p1a: Sneasler
|-resisted|p1b: Blastoise|1
|-crit|p1b: Blastoise
|-damage|p1a: Sneasler|72/100
|-damage|p1b: Blastoise|86/100
|-unboost|p1a: Sneasler|spe|1
|-unboost|p1b: Blastoise|spe|1
|
|upkeep
|turn|2
|inactive|b(r)2 has 30 seconds left.
|inactive|Comeonbruv has 30 seconds left.
|
|t:|1783477625
|move|p1b: Blastoise|Water Spout|p2a: Mono|[spread] p2a,p2b
|-supereffective|p2a: Mono|1
|-resisted|p2b: El Padrino|1
|-damage|p2a: Mono|0 fnt
|-damage|p2b: El Padrino|43/100
|faint|p2a: Mono
|move|p1a: Sneasler|Close Combat|p2b: El Padrino
|-supereffective|p2b: El Padrino|1
|-damage|p2b: El Padrino|0 fnt
|-unboost|p1a: Sneasler|def|1
|-unboost|p1a: Sneasler|spd|1
|faint|p2b: El Padrino
|
|upkeep
|
|t:|1783477633
|switch|p2a: Gloria|Venusaur, L50, F|100/100
|switch|p2b: Chorizo|Charizard, L50, M, shiny|100/100
|turn|3
|
|t:|1783477650
|switch|p1a: Incineroar|Incineroar, L50, F|100/100
|-ability|p1a: Incineroar|Intimidate|boost
|-unboost|p2a: Gloria|atk|1
|-unboost|p2b: Chorizo|atk|1
|detailschange|p2b: Chorizo|Charizard-Mega-Y, L50, M, shiny
|-mega|p2b: Chorizo|Charizard|Charizardite Y
|-weather|SunnyDay|[from] ability: Drought|[of] p2b: Chorizo
|move|p1b: Blastoise|Protect|p1b: Blastoise
|-singleturn|p1b: Blastoise|Protect
|move|p2a: Gloria|Sleep Powder|p1a: Incineroar
|-status|p1a: Incineroar|slp|[from] move: Sleep Powder
|move|p2b: Chorizo|Heat Wave|p1b: Blastoise|[spread] p1a
|-activate|p1b: Blastoise|move: Protect
|-resisted|p1a: Incineroar|1
|-damage|p1a: Incineroar|73/100 slp
|
|-weather|SunnyDay|[upkeep]
|upkeep
|turn|4
|inactive|b(r)2 has 30 seconds left.
|
|t:|1783477682
|switch|p1b: Sinistcha|Sinistcha, L50|100/100
|-heal|p1a: Incineroar|98/100 slp|[from] ability: Hospitality|[of] p1b: Sinistcha
|cant|p1a: Incineroar|slp
|move|p2a: Gloria|Sleep Powder|p1b: Sinistcha
|-immune|p1b: Sinistcha
|move|p2b: Chorizo|Heat Wave|p1a: Incineroar|[spread] p1a,p1b
|-resisted|p1a: Incineroar|1
|-supereffective|p1b: Sinistcha|1
|-enditem|p1b: Sinistcha|Occa Berry|[eat]
|-enditem|p1b: Sinistcha|Occa Berry|[weaken]
|-damage|p1a: Incineroar|69/100 slp
|-damage|p1b: Sinistcha|38/100
|
|-weather|SunnyDay|[upkeep]
|upkeep
|turn|5
|inactive|Comeonbruv has 30 seconds left.
|
|t:|1783477712
|move|p1b: Sinistcha|Protect|p1b: Sinistcha
|-singleturn|p1b: Sinistcha|Protect
|move|p2a: Gloria|Giga Drain|p1a: Incineroar
|-resisted|p1a: Incineroar|1
|-damage|p1a: Incineroar|51/100 slp
|move|p2b: Chorizo|Heat Wave|p1b: Sinistcha|[spread] p1a
|-activate|p1b: Sinistcha|move: Protect
|-resisted|p1a: Incineroar|1
|-damage|p1a: Incineroar|21/100 slp
|-enditem|p1a: Incineroar|Sitrus Berry|[eat]
|-heal|p1a: Incineroar|46/100 slp|[from] item: Sitrus Berry
|cant|p1a: Incineroar|slp
|
|-weather|SunnyDay|[upkeep]
|upkeep
|turn|6
|
|t:|1783477736
|move|p2a: Gloria|Sludge Bomb|p1b: Sinistcha
|-damage|p1b: Sinistcha|0 fnt
|faint|p1b: Sinistcha
|move|p2b: Chorizo|Heat Wave|p1a: Incineroar
|-resisted|p1a: Incineroar|1
|-damage|p1a: Incineroar|7/100 slp
|-curestatus|p1a: Incineroar|slp|[msg]
|move|p1a: Incineroar|Flare Blitz|p2a: Gloria
|-supereffective|p2a: Gloria|1
|-enditem|p2a: Gloria|Focus Sash
|-damage|p2a: Gloria|1/100
|-damage|p1a: Incineroar|0 fnt|[from] Recoil
|faint|p1a: Incineroar
|
|-weather|SunnyDay|[upkeep]
|upkeep
|
|t:|1783477750
|switch|p1b: Blastoise|Blastoise-Mega, L50, M|86/100
|switch|p1a: Sneasler|Sneasler, L50, F|72/100
|turn|7
|
|t:|1783477762
|move|p2a: Gloria|Protect|p2a: Gloria
|-singleturn|p2a: Gloria|Protect
|move|p1a: Sneasler|Fake Out|p2b: Chorizo
|-damage|p2b: Chorizo|81/100
|cant|p2b: Chorizo|flinch
|move|p1b: Blastoise|Shell Smash|p1b: Blastoise
|-unboost|p1b: Blastoise|def|1
|-unboost|p1b: Blastoise|spd|1
|-boost|p1b: Blastoise|atk|2
|-boost|p1b: Blastoise|spa|2
|-boost|p1b: Blastoise|spe|2
|
|-weather|none
|upkeep
|turn|8
|
|t:|1783477778
|move|p1b: Blastoise|Water Spout|p2b: Chorizo|[spread] p2a,p2b
|-resisted|p2a: Gloria|1
|-supereffective|p2b: Chorizo|1
|-damage|p2a: Gloria|0 fnt
|-damage|p2b: Chorizo|0 fnt
|faint|p2a: Gloria
|faint|p2b: Chorizo
|
|win|b(r)2
||b(r)2 is ready for game 2.
|inactive|Comeonbruv has 30 seconds to confirm battle start!
|l|☆Comeonbruv
|player|p2|
|inactive|Comeonbruv has 20 seconds to confirm battle start!
||Comeonbruv is ready for game 2.
|uhtml|next|Next: Game 2 of 3
