|j|☆beeetch
|j|☆chuwayo
|html|beeetchchuwayo    
|uhtml|bestof|Game 1 of a best-of-3
|t:|1786060693
|gametype|doubles
|player|p1|beeetch|169|1220
|player|p2|chuwayo|102|1272
|gen|9
|tier|[Gen 9 Champions] VGC 2026 Reg M-B (Bo3)
|rated|
|rule|Species Clause: Limit one of each Pokémon
|rule|Item Clause: Limit 1 of each item
|clearpoke
|poke|p1|Hydreigon, L50, F|
|poke|p1|Raichu, L50, F|
|poke|p1|Kingambit, L50, M|
|poke|p1|Delphox, L50, M|
|poke|p1|Mamoswine, L50, M|
|poke|p1|Whimsicott, L50, M|
|poke|p2|Scovillain, L50, F|
|poke|p2|Gholdengo, L50|
|poke|p2|Sylveon, L50, F|
|poke|p2|Hydreigon, L50, F|
|poke|p2|Staraptor, L50, M|
|poke|p2|Meowscarada, L50, F|
|teampreview|4
|showteam|p1|Hydreigon||ChoiceScarf|Levitate|Snarl,DarkPulse,DracoMeteor,EarthPower|Timid||F|||50|]Raichu||RaichuniteY|LightningRod|ZapCannon,FocusBlast,FakeOut,Protect|Timid||F|||50|]Kingambit||BlackGlasses|Defiant|Protect,IronHead,KowtowCleave,SuckerPunch|Brave||M|||50|]Delphox||Delphoxite|Blaze|HeatWave,Psyshock,NastyPlot,Protect|Timid||M|||50|]Mamoswine||LifeOrb|Oblivious|RockSlide,IcicleCrash,HighHorsepower,Protect|Jolly||M|||50|]Whimsicott||FocusSash|Prankster|Tailwind,Protect,Encore,Moonblast|Bold||M|||50|
|showteam|p2|Scovillain||Scovillainite|Moody|Overheat,GigaDrain,RagePowder,Protect|Calm||F|||50|]Gholdengo||LifeOrb|GoodasGold|MakeItRain,ShadowBall,NastyPlot,Protect|Modest|||||50|]Sylveon||FairyFeather|Pixilate|HyperVoice,HyperBeam,QuickAttack,Protect|Modest||F|||50|]Hydreigon||ChoiceScarf|Levitate|DracoMeteor,DarkPulse,Snarl,Uturn|Modest||F|||50|]Staraptor||Staraptite|Intimidate|BraveBird,CloseCombat,Tailwind,Protect|Jolly||M|||50|]Meowscarada||FocusSash|Overgrow|FlowerTrick,KnockOff,SuckerPunch,Protect|Jolly||F|||50|
|inactive|Battle timer is ON: inactive players will automatically lose when time's up. (requested by beeetch)
|
|t:|1786060781
|teamsize|p1|4
|teamsize|p2|4
|start
|switch|p1a: Delphox|Delphox, L50, M|100/100
|switch|p1b: Raichu|Raichu, L50, F|100/100
|switch|p2a: Scovillain|Scovillain, L50, F|100/100
|switch|p2b: Sylveon|Sylveon, L50, F|100/100
|turn|1
|inactive|beeetch has 30 seconds left.
|inactive|chuwayo has 30 seconds left.
|
|t:|1786060814
|move|p1b: Raichu|Fake Out|p2b: Sylveon
|-damage|p2b: Sylveon|91/100
|move|p1a: Delphox|Nasty Plot|p1a: Delphox
|-boost|p1a: Delphox|spa|2
|move|p2a: Scovillain|Giga Drain|p1a: Delphox
|-resisted|p1a: Delphox|1
|-damage|p1a: Delphox|85/100
|cant|p2b: Sylveon|flinch
|
|-ability|p2a: Scovillain|Moody|boost
|-boost|p2a: Scovillain|atk|2
|-unboost|p2a: Scovillain|spe|1
|upkeep
|turn|2
|
|t:|1786060834
|detailschange|p1b: Raichu|Raichu-Mega-Y, L50, F
|-mega|p1b: Raichu|Raichu|Raichunite Y
|move|p2a: Scovillain|Protect|p2a: Scovillain
|-singleturn|p2a: Scovillain|Protect
|move|p1b: Raichu|Zap Cannon|p2b: Sylveon
|-damage|p2b: Sylveon|42/100
|-status|p2b: Sylveon|par
|move|p1a: Delphox|Heat Wave|p2a: Scovillain|[spread] p2b
|-activate|p2a: Scovillain|move: Protect
|-damage|p2b: Sylveon|0 fnt
|faint|p2b: Sylveon
|
|-ability|p2a: Scovillain|Moody|boost
|-boost|p2a: Scovillain|spe|2
|-unboost|p2a: Scovillain|atk|1
|upkeep
|
|t:|1786060844
|switch|p2b: Meowscarada|Meowscarada, L50, F|100/100
|turn|3
|
|t:|1786060860
|detailschange|p2a: Scovillain|Scovillain-Mega, L50, F
|-mega|p2a: Scovillain|Scovillain|Scovillainite
|move|p1a: Delphox|Protect|p1a: Delphox
|-singleturn|p1a: Delphox|Protect
|move|p2a: Scovillain|Rage Powder|p2a: Scovillain
|-singleturn|p2a: Scovillain|move: Rage Powder
|move|p2b: Meowscarada|Knock Off|p1a: Delphox
|-activate|p1a: Delphox|move: Protect
|move|p1b: Raichu|Focus Blast|p2a: Scovillain
|-crit|p2a: Scovillain
|-damage|p2a: Scovillain|42/100
|-status|p1b: Raichu|brn|[from] ability: Spicy Spray|[of] p2a: Scovillain
|
|-damage|p1b: Raichu|93/100 brn|[from] brn
|upkeep
|turn|4
|
|t:|1786060879
|move|p2a: Scovillain|Rage Powder|p2a: Scovillain
|-singleturn|p2a: Scovillain|move: Rage Powder
|move|p2b: Meowscarada|Knock Off|p1a: Delphox
|-supereffective|p1a: Delphox|1
|-damage|p1a: Delphox|23/100
|move|p1b: Raichu|Zap Cannon|p2a: Scovillain
|-resisted|p2a: Scovillain|1
|-damage|p2a: Scovillain|11/100
|-status|p2a: Scovillain|par
|move|p1a: Delphox|Heat Wave|p2b: Meowscarada|[spread] p2a
|-miss|p1a: Delphox|p2b: Meowscarada
|-damage|p2a: Scovillain|0 fnt
|-immune|p1a: Delphox
|faint|p2a: Scovillain
|
|-damage|p1b: Raichu|87/100 brn|[from] brn
|upkeep
|
|t:|1786060890
|switch|p2a: Staraptor|Staraptor, L50, M|100/100
|-ability|p2a: Staraptor|Intimidate|boost
|-unboost|p1a: Delphox|atk|1
|-unboost|p1b: Raichu|atk|1
|turn|5
|inactive|beeetch has 30 seconds left.
|
|t:|1786060922
|move|p2b: Meowscarada|Protect|p2b: Meowscarada
|-singleturn|p2b: Meowscarada|Protect
|move|p1a: Delphox|Protect|p1a: Delphox
|-singleturn|p1a: Delphox|Protect
|move|p1b: Raichu|Zap Cannon|p2a: Staraptor
|-supereffective|p2a: Staraptor|1
|-crit|p2a: Staraptor
|-damage|p2a: Staraptor|0 fnt
|faint|p2a: Staraptor
|
|-damage|p1b: Raichu|81/100 brn|[from] brn
|upkeep
|turn|6
|-message|chuwayo forfeited.
|
|win|beeetch
||chuwayo is ready for game 2.
||beeetch is ready for game 2.
|uhtml|next|Next: Game 2 of 3
