|j|☆dr_sugus_vgc
|j|‽Cm3112
|html|dr_sugus_vgcCm3112    
|uhtml|bestof|Game 2 of a best-of-3
|t:|1756390319
|gametype|doubles
|player|p1|dr_sugus_vgc|265|1142
|player|p2|Cm3112|266|1171
|gen|9
|tier|[Gen 9] VGC 2025 Reg H (Bo3)
|rated|
|rule|Species Clause: Limit one of each Pokémon
|rule|Item Clause: Limit 1 of each item
|clearpoke
|poke|p1|Politoed, L50, M|
|poke|p1|Gothitelle, L50, M|
|poke|p1|Incineroar, L50, M|
|poke|p1|Amoonguss, L50, F|
|poke|p1|Dragapult, L50, M|
|poke|p1|Kingambit, L50, F|
|poke|p2|Pelipper, L50, F|
|poke|p2|Archaludon, L50, M|
|poke|p2|Annihilape, L50, F|
|poke|p2|Maushold-Four, L50|
|poke|p2|Rillaboom, L50, F|
|poke|p2|Hydreigon, L50, F|
|teampreview|4
|showteam|p1|Politoed||Leftovers|Drizzle|Protect,WeatherBall,PerishSong,Encore|||M|||50|,,,,,Grass]Gothitelle||SitrusBerry|ShadowTag|Protect,Psychic,FakeOut,TrickRoom|||M|||50|,,,,,Dark]Incineroar||SafetyGoggles|Intimidate|Protect,KnockOff,FakeOut,PartingShot|||M|||50|,,,,,Ghost]Amoonguss||EjectButton|Regenerator|Protect,RagePowder,PollenPuff,Spore|||F|||50|,,,,,Fairy]Dragapult||ChoiceBand|ClearBody|DragonDarts,Outrage,PhantomForce,Disable|||M|||50|,,,,,Dragon]Kingambit||BlackGlasses|Defiant|SwordsDance,KowtowCleave,SuckerPunch,Protect|||F|||50|,,,,,Dark
|showteam|p2|Pelipper||FocusSash|Drizzle|MuddyWater,Hurricane,WideGuard,Protect|||F|||50|,,,,,Grass]Archaludon||AssaultVest|Stamina|FlashCannon,ElectroShot,DracoMeteor,BodyPress|||M|||50|,,,,,Fairy]Annihilape||SafetyGoggles|Defiant|DrainPunch,RageFist,BulkUp,Protect|||F|||50|,,,,,Dragon]Maushold-Four||WideLens|Technician|PopulationBomb,BeatUp,FollowMe,Protect||||||50|,,,,,Ghost]Rillaboom||LoadedDice|GrassySurge|BulletSeed,Uturn,FakeOut,GrassyGlide|||F|||50|,,,,,Water]Hydreigon||LifeOrb|Levitate|NastyPlot,Snarl,DracoMeteor,HeatWave|||F|||50|,,,,,Fire
|
|t:|1756390340
|teamsize|p1|4
|teamsize|p2|4
|start
|switch|p1a: Dragapult|Dragapult, L50, M|100/100
|switch|p1b: Amoonguss|Amoonguss, L50, F|100/100
|switch|p2a: Maushold|Maushold-Four, L50|100/100
|switch|p2b: Archaludon|Archaludon, L50, M|100/100
|turn|1
|inactive|Battle timer is ON: inactive players will automatically lose when time's up. (requested by Cm3112)
|
|t:|1756390357
|switch|p2a: Pelipper|Pelipper, L50, F|100/100
|-weather|RainDance|[from] ability: Drizzle|[of] p2a: Pelipper
|-terastallize|p1a: Dragapult|Dragon
|-terastallize|p2b: Archaludon|Fairy
|move|p1b: Amoonguss|Rage Powder|p1b: Amoonguss
|-singleturn|p1b: Amoonguss|move: Rage Powder
|move|p1a: Dragapult|Outrage|p2b: Archaludon
|-immune|p2b: Archaludon
|move|p2b: Archaludon|Electro Shot||[still]
|-prepare|p2b: Archaludon|Electro Shot
|-boost|p2b: Archaludon|spa|1
|-anim|p2b: Archaludon|Electro Shot|p1b: Amoonguss
|-resisted|p1b: Amoonguss
|-damage|p1b: Amoonguss|71/100
|-enditem|p1b: Amoonguss|Eject Button
|
|t:|1756390378
|switch|p1b: Politoed|Politoed, L50, M|100/100
|
|-weather|RainDance|[upkeep]
|upkeep
|turn|2
|inactive|Cm3112 has 30 seconds left.
|
|t:|1756390415
|switch|p1a: Gothitelle|Gothitelle, L50, M|100/100
|move|p1b: Politoed|Protect|p1b: Politoed
|-singleturn|p1b: Politoed|Protect
|move|p2a: Pelipper|Hurricane|p1b: Politoed
|-activate|p1b: Politoed|move: Protect
|move|p2b: Archaludon|Electro Shot||[still]
|-prepare|p2b: Archaludon|Electro Shot
|-boost|p2b: Archaludon|spa|1
|-anim|p2b: Archaludon|Electro Shot|p1b: Politoed
|-activate|p1b: Politoed|move: Protect
|
|-weather|RainDance|[upkeep]
|upkeep
|turn|3
|
|t:|1756390436
|move|p1a: Gothitelle|Fake Out|p2b: Archaludon
|-damage|p2b: Archaludon|96/100
|-ability|p2b: Archaludon|Stamina|boost
|-boost|p2b: Archaludon|def|1
|move|p2a: Pelipper|Hurricane|p1a: Gothitelle
|-damage|p1a: Gothitelle|62/100
|-start|p1a: Gothitelle|confusion
|cant|p2b: Archaludon|flinch
|move|p1b: Politoed|Perish Song|p1b: Politoed
|-start|p1a: Gothitelle|perish3|[silent]
|-start|p1b: Politoed|perish3|[silent]
|-start|p2a: Pelipper|perish3|[silent]
|-start|p2b: Archaludon|perish3|[silent]
|-fieldactivate|move: Perish Song
|
|-weather|RainDance|[upkeep]
|-start|p2a: Pelipper|perish3
|-start|p2b: Archaludon|perish3
|-start|p1b: Politoed|perish3
|-start|p1a: Gothitelle|perish3
|upkeep
|turn|4
|inactive|dr_sugus_vgc has 30 seconds left.
|
|t:|1756390466
|move|p1b: Politoed|Protect|p1b: Politoed
|-singleturn|p1b: Politoed|Protect
|-activate|p1a: Gothitelle|confusion
|-damage|p1a: Gothitelle|56/100|[from] confusion
|move|p2a: Pelipper|Hurricane|p1b: Politoed
|-activate|p1b: Politoed|move: Protect
|move|p2b: Archaludon|Electro Shot||[still]
|-prepare|p2b: Archaludon|Electro Shot
|-boost|p2b: Archaludon|spa|1
|-anim|p2b: Archaludon|Electro Shot|p1a: Gothitelle
|-crit|p1a: Gothitelle
|-damage|p1a: Gothitelle|0 fnt
|faint|p1a: Gothitelle
|
|-weather|RainDance|[upkeep]
|-start|p2a: Pelipper|perish2
|-start|p1b: Politoed|perish2
|-start|p2b: Archaludon|perish2
|upkeep
|
|t:|1756390485
|switch|p1a: Dragapult|Dragapult, L50, M, tera:Dragon|100/100
|turn|5
|
|t:|1756390501
|switch|p2a: Maushold|Maushold-Four, L50|100/100
|switch|p1b: Amoonguss|Amoonguss, L50, F|100/100
|move|p1a: Dragapult|Disable|p2b: Archaludon
|-start|p2b: Archaludon|Disable|Electro Shot
|cant|p2b: Archaludon|Disable|Electro Shot
|
|-weather|none
|-start|p2b: Archaludon|perish1
|upkeep
|turn|6
|inactive|Cm3112 has 30 seconds left.
|
|t:|1756390526
|switch|p1a: Politoed|Politoed, L50, M|100/100
|-weather|RainDance|[from] ability: Drizzle|[of] p1a: Politoed
|switch|p2b: Annihilape|Annihilape, L50, F|100/100
|move|p2a: Maushold|Population Bomb|p1a: Politoed
|-crit|p1a: Politoed
|-damage|p1a: Politoed|83/100
|-damage|p1a: Politoed|71/100
|-damage|p1a: Politoed|60/100
|-damage|p1a: Politoed|46/100
|-damage|p1a: Politoed|34/100
|-damage|p1a: Politoed|21/100
|-hitcount|p1a: Politoed|6
|move|p1b: Amoonguss|Spore|p2a: Maushold
|-status|p2a: Maushold|slp|[from] move: Spore
|
|-weather|RainDance|[upkeep]
|-heal|p1a: Politoed|27/100|[from] item: Leftovers
|upkeep
|turn|7
|inactive|dr_sugus_vgc has 30 seconds left.
|inactive|Cm3112 has 30 seconds left.
|
|t:|1756390555
|switch|p1a: Dragapult|Dragapult, L50, M, tera:Dragon|100/100
|cant|p2a: Maushold|slp
|move|p2b: Annihilape|Drain Punch|p1a: Dragapult
|-damage|p1a: Dragapult|60/100
|move|p1b: Amoonguss|Pollen Puff|p1a: Dragapult
|-heal|p1a: Dragapult|100/100
|
|-weather|RainDance|[upkeep]
|upkeep
|turn|8
|
|t:|1756390577
|move|p2b: Annihilape|Protect|p2b: Annihilape
|-singleturn|p2b: Annihilape|Protect
|move|p1a: Dragapult|Dragon Darts|p2a: Maushold
|-damage|p2a: Maushold|5/100 slp
|-anim|p1a: Dragapult|Dragon Darts|p2a: Maushold
|-damage|p2a: Maushold|0 fnt
|faint|p2a: Maushold
|move|p1b: Amoonguss|Pollen Puff|p1a: Dragapult
|
|-weather|RainDance|[upkeep]
|upkeep
|
|t:|1756390586
|switch|p2a: Pelipper|Pelipper, L50, F|100/100
|turn|9
|
|t:|1756390602
|switch|p1a: Politoed|Politoed, L50, M|27/100
|move|p1b: Amoonguss|Protect|p1b: Amoonguss
|-singleturn|p1b: Amoonguss|Protect
|move|p2b: Annihilape|Drain Punch|p1a: Politoed
|-damage|p1a: Politoed|0 fnt
|faint|p1a: Politoed
|move|p2a: Pelipper|Hurricane|p1b: Amoonguss
|-activate|p1b: Amoonguss|move: Protect
|
|-weather|RainDance|[upkeep]
|upkeep
|
|t:|1756390612
|switch|p1a: Dragapult|Dragapult, L50, M, tera:Dragon|100/100
|turn|10
|
|t:|1756390624
|move|p1a: Dragapult|Phantom Force||[still]
|-prepare|p1a: Dragapult|Phantom Force
|move|p2b: Annihilape|Rage Fist|p1b: Amoonguss
|-damage|p1b: Amoonguss|85/100
|move|p2a: Pelipper|Hurricane|p1b: Amoonguss
|-supereffective|p1b: Amoonguss
|-damage|p1b: Amoonguss|0 fnt
|faint|p1b: Amoonguss
|
|-weather|none
|upkeep
|turn|11
|
|t:|1756390639
|switch|p2a: Archaludon|Archaludon, L50, M, tera:Fairy|96/100
|move|p1a: Dragapult|Phantom Force|p2b: Annihilape|[from] lockedmove
|-supereffective|p2b: Annihilape
|-damage|p2b: Annihilape|0 fnt
|faint|p2b: Annihilape
|
|upkeep
|
|t:|1756390644
|switch|p2b: Pelipper|Pelipper, L50, F|100/100
|-weather|RainDance|[from] ability: Drizzle|[of] p2b: Pelipper
|turn|12
|
|t:|1756390651
|move|p1a: Dragapult|Phantom Force||[still]
|-prepare|p1a: Dragapult|Phantom Force
|move|p2b: Pelipper|Hurricane|p1a: Dragapult|[miss]
|-miss|p2b: Pelipper|p1a: Dragapult
|move|p2a: Archaludon|Electro Shot||[still]
|-prepare|p2a: Archaludon|Electro Shot
|-boost|p2a: Archaludon|spa|1
|-anim|p2a: Archaludon|Electro Shot|p1a: Dragapult|[miss]
|-miss|p2a: Archaludon|p1a: Dragapult
|
|-weather|RainDance|[upkeep]
|upkeep
|turn|13
|
|t:|1756390661
|move|p1a: Dragapult|Phantom Force|p2a: Archaludon|[from] lockedmove
|-damage|p2a: Archaludon|46/100
|-ability|p2a: Archaludon|Stamina|boost
|-boost|p2a: Archaludon|def|1
|move|p2b: Pelipper|Hurricane|p1a: Dragapult
|-damage|p1a: Dragapult|27/100
|move|p2a: Archaludon|Electro Shot||[still]
|-prepare|p2a: Archaludon|Electro Shot
|-boost|p2a: Archaludon|spa|1
|-anim|p2a: Archaludon|Electro Shot|p1a: Dragapult
|-resisted|p1a: Dragapult
|-damage|p1a: Dragapult|0 fnt
|faint|p1a: Dragapult
|
|win|Cm3112
|inactive|dr_sugus_vgc has 30 seconds to confirm battle start!
|inactive|Cm3112 has 30 seconds to confirm battle start!
||dr_sugus_vgc is ready for game 3.
||Cm3112 is ready for game 3.
|uhtml|next|Next: Game 3 of 3
|l|‽Cm3112
|player|p2|
