|j|☆saboyita
|j|☆endk649
|html|saboyitaendk649    
|uhtml|bestof|Game 1 of a best-of-3
|t:|1756243157
|gametype|doubles
|player|p1|saboyita|grimsley|1127
|player|p2|endk649|gambler|1198
|gen|9
|tier|[Gen 9] VGC 2025 Reg H (Bo3)
|rated|
|rule|Species Clause: Limit one of each Pokémon
|rule|Item Clause: Limit 1 of each item
|clearpoke
|poke|p1|Amoonguss, L50, M|
|poke|p1|Hydreigon, L50, M|
|poke|p1|Whimsicott, L50, M|
|poke|p1|Maushold-Four, L50|
|poke|p1|Annihilape, L50, F|
|poke|p1|Ursaluna-Bloodmoon, L50, M|
|poke|p2|Feraligatr, L50, M|
|poke|p2|Gholdengo, L50|
|poke|p2|Pelipper, L50, F|
|poke|p2|Amoonguss, L50, F|
|poke|p2|Rillaboom, L50, F|
|poke|p2|Incineroar, L50, F|
|teampreview|4
|showteam|p1|Amoonguss||RockyHelmet|Regenerator|ClearSmog,Spore,RagePowder,Protect|||M|||50|,,,,,Water]Hydreigon||ChoiceSpecs|Levitate|HeatWave,DarkPulse,DragonPulse,DracoMeteor|||M|||50|,,,,,Ghost]Whimsicott||CovertCloak|Prankster|Moonblast,HelpingHand,Tailwind,Encore|||M|||50|,,,,,Dark]Maushold-Four||WideLens|Technician|PopulationBomb,Taunt,FollowMe,Protect||||||50|,,,,,Ghost]Annihilape||Leftovers|Defiant|RageFist,DrainPunch,BulkUp,Protect|||F|||50|,,,,,Fire]Ursaluna-Bloodmoon||LifeOrb|MindsEye|HyperVoice,EarthPower,BloodMoon,Protect|||M|||50|,,,,,Water
|showteam|p2|Feraligatr||LifeOrb|SheerForce|Liquidation,Crunch,DragonDance,Protect|||M|||50|,,,,,Dark]Gholdengo||Leftovers|GoodasGold|MakeItRain,ShadowBall,NastyPlot,Protect||||||50|,,,,,Water]Pelipper||FocusSash|Drizzle|WeatherBall,Hurricane,Tailwind,Protect|||F|||50|,,,,,Stellar]Amoonguss||CovertCloak|Regenerator|PollenPuff,Spore,RagePowder,Protect|||F|||50|,,,,,Water]Rillaboom||AssaultVest|GrassySurge|WoodHammer,GrassyGlide,FakeOut,Uturn|||F|||50|,,,,,Fire]Incineroar||SafetyGoggles|Intimidate|KnockOff,FakeOut,Taunt,PartingShot|||F|||50|,,,,,Ghost
|inactive|Battle timer is ON: inactive players will automatically lose when time's up. (requested by saboyita)
|inactive|saboyita has 60 seconds left.
|inactive|endk649 has 60 seconds left.
|
|t:|1756243208
|teamsize|p1|4
|teamsize|p2|4
|start
|switch|p1a: Hydreigon|Hydreigon, L50, M|100/100
|switch|p1b: Maushold|Maushold-Four, L50|100/100
|switch|p2a: Amoonguss|Amoonguss, L50, F, shiny|100/100
|switch|p2b: Gholdengo|Gholdengo, L50|100/100
|turn|1
|inactive|saboyita has 30 seconds left.
|inactive|endk649 has 30 seconds left.
|
|t:|1756243237
|move|p2b: Gholdengo|Protect|p2b: Gholdengo
|-singleturn|p2b: Gholdengo|Protect
|move|p2a: Amoonguss|Protect|p2a: Amoonguss
|-singleturn|p2a: Amoonguss|Protect
|move|p1b: Maushold|Population Bomb|p2a: Amoonguss
|-activate|p2a: Amoonguss|move: Protect
|move|p1a: Hydreigon|Dark Pulse|p2a: Amoonguss
|-activate|p2a: Amoonguss|move: Protect
|
|upkeep
|turn|2
|inactive|endk649 has 30 seconds left.
|inactive|endk649 has 20 seconds left.
|inactive|endk649 has 15 seconds left.
|inactive|endk649 has 10 seconds left.
|
|t:|1756243287
|-terastallize|p2b: Gholdengo|Water
|move|p2a: Amoonguss|Rage Powder|p2a: Amoonguss
|-singleturn|p2a: Amoonguss|move: Rage Powder
|move|p1b: Maushold|Population Bomb|p2a: Amoonguss
|-damage|p2a: Amoonguss|91/100
|-damage|p2a: Amoonguss|81/100
|-damage|p2a: Amoonguss|73/100
|-damage|p2a: Amoonguss|64/100
|-damage|p2a: Amoonguss|56/100
|-damage|p2a: Amoonguss|47/100
|-crit|p2a: Amoonguss
|-damage|p2a: Amoonguss|34/100
|-damage|p2a: Amoonguss|25/100
|-damage|p2a: Amoonguss|15/100
|-damage|p2a: Amoonguss|6/100
|-hitcount|p2a: Amoonguss|10
|move|p1a: Hydreigon|Dark Pulse|p2a: Amoonguss
|-damage|p2a: Amoonguss|0 fnt
|faint|p2a: Amoonguss
|move|p2b: Gholdengo|Nasty Plot|p2b: Gholdengo
|-boost|p2b: Gholdengo|spa|2
|
|upkeep
|
|t:|1756243308
|switch|p2a: Rillaboom|Rillaboom, L50, F, shiny|100/100
|-fieldstart|move: Grassy Terrain|[from] ability: Grassy Surge|[of] p2a: Rillaboom
|turn|3
|
|t:|1756243331
|switch|p1a: Annihilape|Annihilape, L50, F|100/100
|-terastallize|p1b: Maushold|Ghost
|move|p2b: Gholdengo|Protect|p2b: Gholdengo
|-singleturn|p2b: Gholdengo|Protect
|move|p1b: Maushold|Population Bomb|p2b: Gholdengo
|-activate|p2b: Gholdengo|move: Protect
|move|p2a: Rillaboom|Wood Hammer|p1b: Maushold
|-damage|p1b: Maushold|0 fnt
|faint|p1b: Maushold
|-damage|p2a: Rillaboom|76/100|[from] Recoil
|
|-heal|p2a: Rillaboom|82/100|[from] Grassy Terrain
|upkeep
|
|t:|1756243344
|switch|p1b: Hydreigon|Hydreigon, L50, M|100/100
|turn|4
|
|t:|1756243362
|move|p1b: Hydreigon|Dark Pulse|p2b: Gholdengo
|-crit|p2b: Gholdengo
|-damage|p2b: Gholdengo|0 fnt
|faint|p2b: Gholdengo
|move|p1a: Annihilape|Drain Punch|p2a: Rillaboom
|-damage|p2a: Rillaboom|44/100
|move|p2a: Rillaboom|U-turn|p1b: Hydreigon
|-supereffective|p1b: Hydreigon
|-damage|p1b: Hydreigon|46/100
|
|t:|1756243368
|switch|p2a: Pelipper|Pelipper, L50, F, shiny|100/100|[from] U-turn
|-weather|RainDance|[from] ability: Drizzle|[of] p2a: Pelipper
|
|-weather|RainDance|[upkeep]
|upkeep
|
|t:|1756243369
|switch|p2b: Rillaboom|Rillaboom, L50, F, shiny|44/100
|turn|5
|
|t:|1756243383
|move|p2b: Rillaboom|Fake Out|p1b: Hydreigon
|-damage|p1b: Hydreigon|31/100
|cant|p1b: Hydreigon|flinch
|move|p1a: Annihilape|Drain Punch|p2b: Rillaboom
|-damage|p2b: Rillaboom|6/100
|move|p2a: Pelipper|Tailwind|p2a: Pelipper
|-sidestart|p2: endk649|move: Tailwind
|
|-weather|RainDance|[upkeep]
|-heal|p2b: Rillaboom|12/100|[from] Grassy Terrain
|upkeep
|turn|6
|
|t:|1756243399
|move|p2a: Pelipper|Hurricane|p1a: Annihilape
|-supereffective|p1a: Annihilape
|-damage|p1a: Annihilape|2/100
|move|p2b: Rillaboom|U-turn|p1b: Hydreigon
|-supereffective|p1b: Hydreigon
|-damage|p1b: Hydreigon|0 fnt
|faint|p1b: Hydreigon
|move|p1a: Annihilape|Rage Fist|p2b: Rillaboom
|-damage|p2b: Rillaboom|0 fnt
|faint|p2b: Rillaboom
|
|-weather|RainDance|[upkeep]
|-heal|p1a: Annihilape|8/100|[from] Grassy Terrain
|-heal|p1a: Annihilape|14/100|[from] item: Leftovers
|upkeep
|
|t:|1756243412
|switch|p1b: Ursaluna|Ursaluna-Bloodmoon, L50, M|100/100
|turn|7
|
|t:|1756243424
|move|p1a: Annihilape|Protect|p1a: Annihilape
|-singleturn|p1a: Annihilape|Protect
|move|p1b: Ursaluna|Protect|p1b: Ursaluna
|-singleturn|p1b: Ursaluna|Protect
|move|p2a: Pelipper|Weather Ball|p1b: Ursaluna
|-activate|p1b: Ursaluna|move: Protect
|
|-weather|RainDance|[upkeep]
|-heal|p1a: Annihilape|19/100|[from] Grassy Terrain
|-heal|p1a: Annihilape|25/100|[from] item: Leftovers
|-fieldend|move: Grassy Terrain
|upkeep
|turn|8
|
|t:|1756243438
|move|p2a: Pelipper|Weather Ball|p1b: Ursaluna
|-supereffective|p1b: Ursaluna
|-damage|p1b: Ursaluna|0 fnt
|faint|p1b: Ursaluna
|move|p1a: Annihilape|Rage Fist|p2a: Pelipper
|-damage|p2a: Pelipper|27/100
|
|-weather|none
|-heal|p1a: Annihilape|31/100|[from] item: Leftovers
|-sideend|p2: endk649|move: Tailwind
|upkeep
|turn|9
|
|t:|1756243450
|move|p1a: Annihilape|Rage Fist|p2a: Pelipper
|-damage|p2a: Pelipper|0 fnt
|faint|p2a: Pelipper
|
|win|saboyita
||endk649 is ready for game 2.
||saboyita is ready for game 2.
|uhtml|next|Next: Game 2 of 3
|l|☆saboyita
|player|p1|
