|j|☆Aruuz
|j|☆Brutalandathebozz
|html|AruuzBrutalandathebozz    
|uhtml|bestof|Game 3 of a best-of-3
|t:|1755178921
|gametype|doubles
|player|p1|Aruuz|1|1220
|player|p2|Brutalandathebozz|169|1257
|gen|9
|tier|[Gen 9] VGC 2025 Reg H (Bo3)
|rated|
|rule|Species Clause: Limit one of each Pokémon
|rule|Item Clause: Limit 1 of each item
|clearpoke
|poke|p1|Dragonite, L50, F|
|poke|p1|Pelipper, L50, M|
|poke|p1|Sinistcha, L50|
|poke|p1|Archaludon, L50, M|
|poke|p1|Ursaluna, L50, M|
|poke|p1|Incineroar, L50, M|
|poke|p2|Politoed, L50, F|
|poke|p2|Incineroar, L50, M|
|poke|p2|Gothitelle, L50, M|
|poke|p2|Amoonguss, L50, F|
|poke|p2|Salamence, L50, M|
|poke|p2|Basculegion, L50, M|
|teampreview|4
|showteam|p1|Dragonite||LoadedDice|Multiscale|ScaleShot,Tailwind,Haze,Protect|||F|||50|,,,,,Steel]Pelipper||FocusSash|Drizzle|Hurricane,MuddyWater,WideGuard,Protect|||M|||50|,,,,,Ghost]Sinistcha||SitrusBerry|Hospitality|MatchaGotcha,RagePowder,LifeDew,TrickRoom||||||50|,,,,,Water]Archaludon||AssaultVest|Stamina|FlashCannon,Snarl,ElectroShot,BodyPress|||M|||50|,,,,,Bug]Ursaluna||FlameOrb|Guts|Facade,HeadlongRush,Earthquake,Protect|||M|||50|,,,,,Ghost]Incineroar||SafetyGoggles|Intimidate|KnockOff,FlareBlitz,FakeOut,PartingShot|||M|||50|,,,,,Ghost
|showteam|p2|Politoed||Leftovers|Drizzle|Protect,WeatherBall,PerishSong,Encore|||F|||50|,,,,,Grass]Incineroar||SafetyGoggles|Intimidate|FakeOut,KnockOff,PartingShot,Protect|||M|||50|,,,,,Ghost]Gothitelle||SitrusBerry|ShadowTag|Protect,Psychic,FakeOut,TrickRoom|||M|||50|,,,,,Dark]Amoonguss||EjectButton|Regenerator|Protect,RagePowder,Spore,PollenPuff|||F|||50|,,,,,Fairy]Salamence||ClearAmulet|Intimidate|DualWingbeat,BreakingSwipe,Tailwind,Protect|||M|||50|,,,,,Poison]Basculegion||LifeOrb|SwiftSwim|Protect,WaveCrash,LastRespects,AquaJet|||M|||50|,,,,,Grass
|inactive|Battle timer is ON: inactive players will automatically lose when time's up. (requested by Aruuz)
|
|t:|1755178957
|teamsize|p1|4
|teamsize|p2|4
|start
|switch|p1a: Pelipper|Pelipper, L50, M|100/100
|switch|p1b: Archaludon|Archaludon, L50, M|100/100
|switch|p2a: Gothitelle|Gothitelle, L50, M|100/100
|switch|p2b: Politoed|Politoed, L50, F|100/100
|-weather|RainDance|[from] ability: Drizzle|[of] p1a: Pelipper
|turn|1
|
|t:|1755178979
|-terastallize|p1a: Pelipper|Ghost
|move|p2a: Gothitelle|Fake Out|p1b: Archaludon
|-resisted|p1b: Archaludon
|-damage|p1b: Archaludon|98/100
|-ability|p1b: Archaludon|Stamina|boost
|-boost|p1b: Archaludon|def|1
|cant|p1b: Archaludon|flinch
|move|p1a: Pelipper|Muddy Water|p2b: Politoed|[spread] p2b
|-miss|p1a: Pelipper|p2a: Gothitelle
|-resisted|p2b: Politoed
|-damage|p2b: Politoed|86/100
|move|p2b: Politoed|Perish Song|p2b: Politoed
|-start|p1a: Pelipper|perish3|[silent]
|-start|p1b: Archaludon|perish3|[silent]
|-start|p2a: Gothitelle|perish3|[silent]
|-start|p2b: Politoed|perish3|[silent]
|-fieldactivate|move: Perish Song
|
|-weather|RainDance|[upkeep]
|-heal|p2b: Politoed|92/100|[from] item: Leftovers
|-start|p1b: Archaludon|perish3
|-start|p1a: Pelipper|perish3
|-start|p2b: Politoed|perish3
|-start|p2a: Gothitelle|perish3
|upkeep
|turn|2
|inactive|Aruuz has 30 seconds left.
|inactive|Brutalandathebozz has 30 seconds left.
|
|t:|1755179011
|switch|p2b: Amoonguss|Amoonguss, L50, F|100/100
|move|p2a: Gothitelle|Protect|p2a: Gothitelle
|-singleturn|p2a: Gothitelle|Protect
|move|p1b: Archaludon|Electro Shot||[still]
|-prepare|p1b: Archaludon|Electro Shot
|-boost|p1b: Archaludon|spa|1
|-anim|p1b: Archaludon|Electro Shot|p2a: Gothitelle
|-activate|p2a: Gothitelle|move: Protect
|move|p1a: Pelipper|Muddy Water|p2b: Amoonguss|[spread] 
|-activate|p2a: Gothitelle|move: Protect
|-miss|p1a: Pelipper|p2b: Amoonguss
|
|-weather|RainDance|[upkeep]
|-start|p1b: Archaludon|perish2
|-start|p1a: Pelipper|perish2
|-start|p2a: Gothitelle|perish2
|upkeep
|turn|3
|inactive|Aruuz has 30 seconds left.
|inactive|Brutalandathebozz has 30 seconds left.
|
|t:|1755179041
|move|p2b: Amoonguss|Rage Powder|p2b: Amoonguss
|-singleturn|p2b: Amoonguss|move: Rage Powder
|move|p1b: Archaludon|Electro Shot||[still]
|-prepare|p1b: Archaludon|Electro Shot
|-boost|p1b: Archaludon|spa|1
|-anim|p1b: Archaludon|Electro Shot|p2b: Amoonguss
|-resisted|p2b: Amoonguss
|-damage|p2b: Amoonguss|65/100
|-enditem|p2b: Amoonguss|Eject Button
|
|t:|1755179046
|switch|p2b: Politoed|Politoed, L50, F|92/100
|move|p1a: Pelipper|Hurricane|p2a: Gothitelle
|-damage|p2a: Gothitelle|63/100
|move|p2a: Gothitelle|Trick Room|p2a: Gothitelle
|-fieldstart|move: Trick Room|[of] p2a: Gothitelle
|
|-weather|RainDance|[upkeep]
|-heal|p2b: Politoed|98/100|[from] item: Leftovers
|-start|p2a: Gothitelle|perish1
|-start|p1a: Pelipper|perish1
|-start|p1b: Archaludon|perish1
|upkeep
|turn|4
|inactive|Aruuz has 30 seconds left.
|
|t:|1755179072
|switch|p2a: Amoonguss|Amoonguss, L50, F|98/100
|switch|p1a: Sinistcha|Sinistcha, L50|100/100
|-heal|p1b: Archaludon|100/100|[from] ability: Hospitality|[of] p1a: Sinistcha
|move|p2b: Politoed|Protect|p2b: Politoed
|-singleturn|p2b: Politoed|Protect
|move|p1b: Archaludon|Flash Cannon|p2a: Amoonguss
|-damage|p2a: Amoonguss|34/100
|
|-weather|RainDance|[upkeep]
|-heal|p2b: Politoed|100/100|[from] item: Leftovers
|-start|p1b: Archaludon|perish0
|faint|p1b: Archaludon
|upkeep
|inactive|Aruuz has 30 seconds left.
|
|t:|1755179099
|switch|p1b: Incineroar|Incineroar, L50, M|100/100
|-ability|p1b: Incineroar|Intimidate|boost
|-unboost|p2a: Amoonguss|atk|1
|-unboost|p2b: Politoed|atk|1
|turn|5
|inactive|Brutalandathebozz has 30 seconds left.
|inactive|Aruuz has 30 seconds left.
|inactive|Brutalandathebozz has 20 seconds left.
|inactive|Brutalandathebozz has 15 seconds left.
|
|t:|1755179152
|switch|p2a: Gothitelle|Gothitelle, L50, M|63/100
|-terastallize|p2b: Politoed|Grass
|move|p1a: Sinistcha|Matcha Gotcha|p2a: Gothitelle|[spread] p2a,p2b
|-resisted|p2b: Politoed
|-damage|p2a: Gothitelle|42/100
|-damage|p2b: Politoed|91/100
|-enditem|p2a: Gothitelle|Sitrus Berry|[eat]
|-heal|p2a: Gothitelle|67/100|[from] item: Sitrus Berry
|move|p2b: Politoed|Weather Ball|p1b: Incineroar
|-supereffective|p1b: Incineroar
|-damage|p1b: Incineroar|23/100
|move|p1b: Incineroar|Knock Off|p2a: Gothitelle
|-supereffective|p2a: Gothitelle
|-damage|p2a: Gothitelle|21/100
|
|-weather|none
|-heal|p2b: Politoed|97/100|[from] item: Leftovers
|upkeep
|turn|6
|inactive|Aruuz has 30 seconds left.
|
|t:|1755179177
|switch|p2b: Amoonguss|Amoonguss, L50, F|67/100
|move|p2a: Gothitelle|Protect|p2a: Gothitelle
|-singleturn|p2a: Gothitelle|Protect
|move|p1a: Sinistcha|Matcha Gotcha|p2b: Amoonguss|[spread] p2b
|-activate|p2a: Gothitelle|move: Protect
|-resisted|p2b: Amoonguss
|-damage|p2b: Amoonguss|62/100
|move|p1b: Incineroar|Flare Blitz|p2b: Amoonguss
|-supereffective|p2b: Amoonguss
|-damage|p2b: Amoonguss|0 fnt
|faint|p2b: Amoonguss
|-damage|p1b: Incineroar|0 fnt|[from] Recoil
|faint|p1b: Incineroar
|
|upkeep
|
|t:|1755179196
|switch|p2b: Basculegion|Basculegion, L50, M|100/100
|switch|p1b: Pelipper|Pelipper, L50, M, tera:Ghost|100/100
|-weather|RainDance|[from] ability: Drizzle|[of] p1b: Pelipper
|turn|7
|inactive|Aruuz has 30 seconds left.
|inactive|Aruuz has 20 seconds left.
|
|t:|1755179233
|move|p2b: Basculegion|Protect|p2b: Basculegion
|-singleturn|p2b: Basculegion|Protect
|move|p2a: Gothitelle|Psychic|p1b: Pelipper
|-damage|p1b: Pelipper|49/100
|move|p1a: Sinistcha|Matcha Gotcha|p2b: Basculegion|[spread] p2a
|-activate|p2b: Basculegion|move: Protect
|-damage|p2a: Gothitelle|1/100
|move|p1b: Pelipper|Hurricane|p2b: Basculegion
|-activate|p2b: Basculegion|move: Protect
|
|-weather|RainDance|[upkeep]
|-fieldend|move: Trick Room
|upkeep
|turn|8
|inactive|Aruuz has 30 seconds left.
|
|t:|1755179268
|move|p2b: Basculegion|Last Respects|p1a: Sinistcha
|-supereffective|p1a: Sinistcha
|-damage|p1a: Sinistcha|0 fnt
|faint|p1a: Sinistcha
|-damage|p2b: Basculegion|91/100|[from] item: Life Orb
|move|p1b: Pelipper|Hurricane|p2b: Basculegion
|-damage|p2b: Basculegion|40/100
|move|p2a: Gothitelle|Psychic|p1b: Pelipper
|-crit|p1b: Pelipper
|-damage|p1b: Pelipper|0 fnt
|faint|p1b: Pelipper
|
|win|Brutalandathebozz
|raw|Aruuz's rating: 1220 → 1198(-22 for losing)
|raw|Brutalandathebozz's rating: 1257 → 1279(+22 for winning)
|l|☆Aruuz
|player|p1|
|l|☆Brutalandathebozz
|player|p2|
|j|☆Brutalandathebozz
|player|p2|Brutalandathebozz|169|
