|j|☆Skyline67
|j|‽sudoz
|html|Skyline67sudoz    
|uhtml|bestof|Game 2 of a best-of-3
|t:|1756218980
|gametype|doubles
|player|p1|Skyline67|cynthia|1175
|player|p2|sudoz|169|1269
|gen|9
|tier|[Gen 9] VGC 2025 Reg H (Bo3)
|rated|
|rule|Species Clause: Limit one of each Pokémon
|rule|Item Clause: Limit 1 of each item
|clearpoke
|poke|p1|Volcarona, L50, M|
|poke|p1|Rillaboom, L50, M|
|poke|p1|Kingambit, L50, F|
|poke|p1|Electabuzz, L50, F|
|poke|p1|Dragonite, L50, F|
|poke|p1|Sneasler, L50, M|
|poke|p2|Incineroar, L50, F|
|poke|p2|Gholdengo, L50|
|poke|p2|Amoonguss, L50, F|
|poke|p2|Hydreigon, L50, M|
|poke|p2|Porygon2, L50|
|poke|p2|Ursaluna, L50, M|
|teampreview|4
|showteam|p1|Volcarona||CovertCloak|FlameBody|QuiverDance,HeatWave,TeraBlast,Protect|||M|||50|,,,,,Fairy]Rillaboom||AssaultVest|GrassySurge|FakeOut,DrumBeating,GrassyGlide,HighHorsepower|||M|||50|,,,,,Fire]Kingambit||BlackGlasses|Defiant|KowtowCleave,SuckerPunch,Protect,SwordsDance|||F|||50|,,,,,Dark]Electabuzz||Eviolite|VitalSpirit|FollowMe,Thunderbolt,Protect,Taunt|||F|||50|,,,,,Ghost]Dragonite||LoadedDice|Multiscale|ScaleShot,Haze,LowKick,Protect|||F|||50|,,,,,Steel]Sneasler||FocusSash|Unburden|CloseCombat,Coaching,Protect,DireClaw|||M|||50|,,,,,Stellar
|showteam|p2|Incineroar||SitrusBerry|Intimidate|FakeOut,KnockOff,FlareBlitz,PartingShot|||F|||50|,,,,,Ghost]Gholdengo||MetalCoat|GoodasGold|Protect,NastyPlot,MakeItRain,ShadowBall||||||50|,,,,,Water]Amoonguss||RockyHelmet|Regenerator|Protect,Spore,RagePowder,PollenPuff|||F|||50|,,,,,Fairy]Hydreigon||SafetyGoggles|Levitate|Protect,DracoMeteor,Snarl,Tailwind|||M|||50|,,,,,Ghost]Porygon2||Eviolite|Download|Recover,IceBeam,TeraBlast,TrickRoom||||||50|,,,,,Fighting]Ursaluna||FlameOrb|Guts|Protect,Earthquake,Facade,HeadlongRush|||M|||50|,,,,,Ghost
|inactive|Battle timer is ON: inactive players will automatically lose when time's up. (requested by sudoz)
|
|t:|1756219016
|teamsize|p1|4
|teamsize|p2|4
|start
|switch|p1a: Escanor|Volcarona, L50, M, shiny|100/100
|switch|p1b: Electabuzz|Electabuzz, L50, F|100/100
|switch|p2a: Porygon2|Porygon2, L50|100/100
|switch|p2b: Amoonguss|Amoonguss, L50, F|100/100
|-ability|p2a: Porygon2|Download|boost
|-boost|p2a: Porygon2|atk|1
|turn|1
|inactive|Skyline67 has 30 seconds left.
|inactive|sudoz has 30 seconds left.
|
|t:|1756219048
|move|p1a: Escanor|Protect|p1a: Escanor
|-singleturn|p1a: Escanor|Protect
|move|p1b: Electabuzz|Taunt|p2a: Porygon2
|-start|p2a: Porygon2|move: Taunt
|move|p2a: Porygon2|Tera Blast|p1a: Escanor
|-activate|p1a: Escanor|move: Protect
|move|p2b: Amoonguss|Spore|p1a: Escanor
|-activate|p1a: Escanor|move: Protect
|
|upkeep
|turn|2
|inactive|Skyline67 has 30 seconds left.
|
|t:|1756219074
|switch|p2b: Ursaluna|Ursaluna, L50, M|100/100
|-terastallize|p1b: Electabuzz|Ghost
|move|p1b: Electabuzz|Follow Me|p1b: Electabuzz
|-singleturn|p1b: Electabuzz|move: Follow Me
|move|p1a: Escanor|Quiver Dance|p1a: Escanor
|-boost|p1a: Escanor|spa|1
|-boost|p1a: Escanor|spd|1
|-boost|p1a: Escanor|spe|1
|move|p2a: Porygon2|Tera Blast|p1b: Electabuzz
|-immune|p1b: Electabuzz
|
|-status|p2b: Ursaluna|brn|[from] item: Flame Orb
|upkeep
|turn|3
|inactive|sudoz has 30 seconds left.
|
|t:|1756219100
|move|p1b: Electabuzz|Follow Me|p1b: Electabuzz
|-singleturn|p1b: Electabuzz|move: Follow Me
|move|p1a: Escanor|Quiver Dance|p1a: Escanor
|-boost|p1a: Escanor|spa|1
|-boost|p1a: Escanor|spd|1
|-boost|p1a: Escanor|spe|1
|move|p2b: Ursaluna|Earthquake|p1a: Escanor|[spread] p2a,p1a,p1b
|-crit|p1b: Electabuzz
|-damage|p2a: Porygon2|62/100
|-damage|p1a: Escanor|29/100
|-damage|p1b: Electabuzz|27/100
|move|p2a: Porygon2|Ice Beam|p1b: Electabuzz
|-damage|p1b: Electabuzz|6/100
|
|-damage|p2b: Ursaluna|95/100 brn|[from] brn
|-end|p2a: Porygon2|move: Taunt
|upkeep
|turn|4
|
|t:|1756219116
|move|p1a: Escanor|Heat Wave|p2a: Porygon2|[spread] p2a,p2b
|-damage|p2a: Porygon2|23/100
|-damage|p2b: Ursaluna|31/100 brn
|move|p1b: Electabuzz|Taunt|p2a: Porygon2
|-start|p2a: Porygon2|move: Taunt
|move|p2b: Ursaluna|Earthquake|p1b: Electabuzz|[spread] p2a,p1a,p1b
|-damage|p2a: Porygon2|0 fnt
|-damage|p1a: Escanor|0 fnt
|-damage|p1b: Electabuzz|0 fnt
|faint|p2a: Porygon2
|faint|p1a: Escanor
|faint|p1b: Electabuzz
|
|-damage|p2b: Ursaluna|25/100 brn|[from] brn
|upkeep
|
|t:|1756219130
|switch|p1a: Rillaboom|Rillaboom, L50, M|100/100
|switch|p1b: Kingambit|Kingambit, L50, F|100/100
|switch|p2a: Amoonguss|Amoonguss, L50, F|100/100
|-fieldstart|move: Grassy Terrain|[from] ability: Grassy Surge|[of] p1a: Rillaboom
|turn|5
|inactive|sudoz has 30 seconds left.
|
|t:|1756219158
|-terastallize|p2b: Ursaluna|Ghost
|move|p1a: Rillaboom|Grassy Glide|p2b: Ursaluna
|-damage|p2b: Ursaluna|0 fnt
|faint|p2b: Ursaluna
|move|p1b: Kingambit|Kowtow Cleave|p2a: Amoonguss
|-crit|p2a: Amoonguss
|-damage|p2a: Amoonguss|24/100
|-damage|p1b: Kingambit|84/100|[from] item: Rocky Helmet|[of] p2a: Amoonguss
|move|p2a: Amoonguss|Spore|p1b: Kingambit
|-status|p1b: Kingambit|slp|[from] move: Spore
|
|-heal|p1b: Kingambit|90/100 slp|[from] Grassy Terrain
|-heal|p2a: Amoonguss|30/100|[from] Grassy Terrain
|upkeep
|
|t:|1756219167
|switch|p2b: Incineroar|Incineroar, L50, F|100/100
|-ability|p2b: Incineroar|Intimidate|boost
|-unboost|p1a: Rillaboom|atk|1
|-unboost|p1b: Kingambit|atk|1
|-ability|p1b: Kingambit|Defiant|boost
|-boost|p1b: Kingambit|atk|2
|turn|6
|inactive|sudoz has 30 seconds left.
|
|t:|1756219194
|move|p1a: Rillaboom|High Horsepower|p2a: Amoonguss
|-damage|p2a: Amoonguss|13/100
|-damage|p1a: Rillaboom|84/100|[from] item: Rocky Helmet|[of] p2a: Amoonguss
|move|p2b: Incineroar|Flare Blitz|p1b: Kingambit
|-supereffective|p1b: Kingambit
|-damage|p1b: Kingambit|16/100 slp
|-damage|p2b: Incineroar|76/100|[from] Recoil
|cant|p1b: Kingambit|slp
|move|p2a: Amoonguss|Pollen Puff|p1b: Kingambit
|-damage|p1b: Kingambit|0 fnt
|faint|p1b: Kingambit
|
|-heal|p1a: Rillaboom|90/100|[from] Grassy Terrain
|-heal|p2b: Incineroar|82/100|[from] Grassy Terrain
|-heal|p2a: Amoonguss|19/100|[from] Grassy Terrain
|upkeep
|turn|7
|
|t:|1756219210
|move|p2a: Amoonguss|Protect|p2a: Amoonguss
|-singleturn|p2a: Amoonguss|Protect
|move|p1a: Rillaboom|High Horsepower|p2a: Amoonguss
|-activate|p2a: Amoonguss|move: Protect
|move|p2b: Incineroar|Flare Blitz|p1a: Rillaboom
|-supereffective|p1a: Rillaboom
|-damage|p1a: Rillaboom|0 fnt
|faint|p1a: Rillaboom
|-damage|p2b: Incineroar|51/100|[from] Recoil
|
|win|sudoz
|raw|Skyline67's rating: 1175 → 1157(-18 for losing)
|raw|sudoz's rating: 1269 → 1287(+18 for winning)
