|j|☆tbone603
|j|☆OhNoValentine
|html|tbone603OhNoValentine    
|uhtml|bestof|Game 1 of a best-of-3
|t:|1756825491
|gametype|doubles
|player|p1|tbone603|170|1251
|player|p2|OhNoValentine|2|1192
|gen|9
|tier|[Gen 9] VGC 2025 Reg H (Bo3)
|rated|
|rule|Species Clause: Limit one of each Pokémon
|rule|Item Clause: Limit 1 of each item
|clearpoke
|poke|p1|Whimsicott, L50, M|
|poke|p1|Annihilape, L50, M|
|poke|p1|Arcanine-Hisui, L50, M|
|poke|p1|Gholdengo, L50|
|poke|p1|Gastrodon, L50, M|
|poke|p1|Meowscarada, L50, M|
|poke|p2|Incineroar, L50, M|
|poke|p2|Porygon2, L50|
|poke|p2|Amoonguss, L50, F|
|poke|p2|Ursaluna, L50, M|
|poke|p2|Gholdengo, L50|
|poke|p2|Sneasler, L50, M|
|teampreview|4
|showteam|p1|Whimsicott||CovertCloak|Prankster|Tailwind,Encore,BeatUp,Moonblast|||M|||50|,,,,,Dark]Annihilape||Leftovers|Defiant|Protect,BulkUp,DrainPunch,RageFist|||M|||50|,,,,,Fire]Arcanine-Hisui||ChoiceBand|Intimidate|Snarl,ExtremeSpeed,FlareBlitz,HeadSmash|||M|||50|,,,,,Bug]Gholdengo||LifeOrb|GoodasGold|Protect,NastyPlot,ShadowBall,MakeItRain||||||50|,,,,,Flying]Gastrodon||WideLens|StormDrain|Protect,Yawn,Recover,MuddyWater|||M|||50|,,,,,Grass]Meowscarada||FocusSash|Overgrow|Protect,FlowerTrick,KnockOff,AllySwitch|||M|||50|,,,,,Grass
|showteam|p2|Incineroar||SafetyGoggles|Intimidate|KnockOff,FlareBlitz,PartingShot,FakeOut|||M|||50|,,,,,Ghost]Porygon2||Eviolite|Download|TeraBlast,IceBeam,Recover,TrickRoom||||||50|,,,,,Fighting]Amoonguss||MentalHerb|Regenerator|Spore,RagePowder,PollenPuff,SludgeBomb|||F|||50|,,,,,Water]Ursaluna||FlameOrb|Guts|Facade,HeadlongRush,Substitute,Protect|||M|||50|,,,,,Ghost]Gholdengo||LifeOrb|GoodasGold|MakeItRain,ShadowBall,NastyPlot,Protect||||||50|,,,,,Water]Sneasler||WhiteHerb|Unburden|Protect,CloseCombat,DireClaw,ThroatChop|||M|||50|,,,,,Dark
|inactive|Battle timer is ON: inactive players will automatically lose when time's up. (requested by tbone603)
|
|t:|1756825514
|teamsize|p1|4
|teamsize|p2|4
|start
|switch|p1a: Annihilape|Annihilape, L50, M|100/100
|switch|p1b: Whimsicott|Whimsicott, L50, M|100/100
|switch|p2a: Amoonguss|Amoonguss, L50, F, shiny|100/100
|switch|p2b: Porygon2|Porygon2, L50, shiny|100/100
|-ability|p2b: Porygon2|Download|boost
|-boost|p2b: Porygon2|atk|1
|turn|1
|
|t:|1756825532
|switch|p2a: Ursaluna|Ursaluna, L50, M, shiny|100/100
|move|p1b: Whimsicott|Beat Up|p1a: Annihilape
|-damage|p1a: Annihilape|98/100
|-damage|p1a: Annihilape|96/100
|-damage|p1a: Annihilape|93/100
|-damage|p1a: Annihilape|91/100
|-hitcount|p1a: Annihilape|4
|move|p1a: Annihilape|Rage Fist|p2a: Ursaluna
|-immune|p2a: Ursaluna
|move|p2b: Porygon2|Trick Room|p2b: Porygon2
|-fieldstart|move: Trick Room|[of] p2b: Porygon2
|
|-heal|p1a: Annihilape|97/100|[from] item: Leftovers
|-status|p2a: Ursaluna|brn|[from] item: Flame Orb
|upkeep
|turn|2
|
|t:|1756825545
|switch|p2b: Amoonguss|Amoonguss, L50, F, shiny|100/100
|move|p1a: Annihilape|Protect|p1a: Annihilape
|-singleturn|p1a: Annihilape|Protect
|move|p1b: Whimsicott|Encore||[still]
|-fail|p1b: Whimsicott
|move|p2a: Ursaluna|Facade|p1b: Whimsicott
|-damage|p1b: Whimsicott|0 fnt
|faint|p1b: Whimsicott
|
|-heal|p1a: Annihilape|100/100|[from] item: Leftovers
|-damage|p2a: Ursaluna|95/100 brn|[from] brn
|upkeep
|
|t:|1756825549
|switch|p1b: Gastrodon|Gastrodon, L50, M|100/100
|turn|3
|
|t:|1756825562
|switch|p1a: Arcanine|Arcanine-Hisui, L50, M|100/100
|-ability|p1a: Arcanine|Intimidate|boost
|-unboost|p2a: Ursaluna|atk|1
|-unboost|p2b: Amoonguss|atk|1
|move|p1b: Gastrodon|Yawn|p2b: Amoonguss
|-start|p2b: Amoonguss|move: Yawn|[of] p1b: Gastrodon
|move|p2b: Amoonguss|Spore|p1a: Arcanine
|-status|p1a: Arcanine|slp|[from] move: Spore
|move|p2a: Ursaluna|Facade|p1b: Gastrodon
|-damage|p1b: Gastrodon|29/100
|
|-damage|p2a: Ursaluna|89/100 brn|[from] brn
|upkeep
|turn|4
|
|t:|1756825575
|move|p1b: Gastrodon|Muddy Water|p2b: Amoonguss|[spread] p2a,p2b
|-supereffective|p2a: Ursaluna
|-resisted|p2b: Amoonguss
|-damage|p2a: Ursaluna|51/100 brn
|-damage|p2b: Amoonguss|92/100
|-unboost|p2a: Ursaluna|accuracy|1
|move|p2b: Amoonguss|Spore|p1b: Gastrodon
|-status|p1b: Gastrodon|slp|[from] move: Spore
|move|p2a: Ursaluna|Headlong Rush|p1a: Arcanine
|-supereffective|p1a: Arcanine
|-damage|p1a: Arcanine|0 fnt
|-unboost|p2a: Ursaluna|def|1
|-unboost|p2a: Ursaluna|spd|1
|faint|p1a: Arcanine
|
|-damage|p2a: Ursaluna|45/100 brn|[from] brn
|-end|p2b: Amoonguss|move: Yawn|[silent]
|-status|p2b: Amoonguss|slp
|upkeep
|
|t:|1756825584
|switch|p1a: Annihilape|Annihilape, L50, M|100/100
|turn|5
|
|t:|1756825593
|cant|p1b: Gastrodon|slp
|cant|p2b: Amoonguss|slp
|move|p2a: Ursaluna|Headlong Rush|p1a: Annihilape
|-damage|p1a: Annihilape|28/100
|-unboost|p2a: Ursaluna|def|1
|-unboost|p2a: Ursaluna|spd|1
|move|p1a: Annihilape|Drain Punch|p2a: Ursaluna
|-supereffective|p2a: Ursaluna
|-damage|p2a: Ursaluna|0 fnt
|-heal|p1a: Annihilape|55/100|[from] drain|[of] p2a: Ursaluna
|faint|p2a: Ursaluna
|
|-heal|p1a: Annihilape|61/100|[from] item: Leftovers
|-fieldend|move: Trick Room
|upkeep
|
|t:|1756825599
|switch|p2a: Gholdengo|Gholdengo, L50, shiny|100/100
|turn|6
|
|t:|1756825612
|-terastallize|p1a: Annihilape|Fire
|move|p2a: Gholdengo|Protect|p2a: Gholdengo
|-singleturn|p2a: Gholdengo|Protect
|move|p1a: Annihilape|Rage Fist|p2b: Amoonguss
|-damage|p2b: Amoonguss|0 fnt
|faint|p2b: Amoonguss
|-curestatus|p1b: Gastrodon|slp|[msg]
|move|p1b: Gastrodon|Recover|p1b: Gastrodon
|-heal|p1b: Gastrodon|79/100
|
|-heal|p1a: Annihilape|67/100|[from] item: Leftovers
|upkeep
|
|t:|1756825619
|switch|p2b: Porygon2|Porygon2, L50, shiny|100/100
|-ability|p2b: Porygon2|Download|boost
|-boost|p2b: Porygon2|atk|1
|turn|7
|
|t:|1756825629
|-terastallize|p2a: Gholdengo|Water
|move|p2a: Gholdengo|Shadow Ball|p1a: Annihilape
|-damage|p1a: Annihilape|20/100
|-damage|p2a: Gholdengo|91/100|[from] item: Life Orb
|move|p1a: Annihilape|Rage Fist|p2a: Gholdengo
|-damage|p2a: Gholdengo|0 fnt
|faint|p2a: Gholdengo
|move|p1b: Gastrodon|Yawn|p2b: Porygon2
|-start|p2b: Porygon2|move: Yawn|[of] p1b: Gastrodon
|move|p2b: Porygon2|Trick Room|p2b: Porygon2
|-fieldstart|move: Trick Room|[of] p2b: Porygon2
|
|-heal|p1a: Annihilape|26/100|[from] item: Leftovers
|upkeep
|turn|8
|c|☆tbone603|gg1
|
|t:|1756825647
|move|p1a: Annihilape|Protect|p1a: Annihilape
|-singleturn|p1a: Annihilape|Protect
|move|p1b: Gastrodon|Muddy Water|p2b: Porygon2
|-damage|p2b: Porygon2|83/100
|-unboost|p2b: Porygon2|accuracy|1
|move|p2b: Porygon2|Tera Blast|p1a: Annihilape
|-activate|p1a: Annihilape|move: Protect
|
|-heal|p1a: Annihilape|32/100|[from] item: Leftovers
|-end|p2b: Porygon2|move: Yawn|[silent]
|-status|p2b: Porygon2|slp
|upkeep
|turn|9
|
|t:|1756825655
|move|p1b: Gastrodon|Muddy Water|p2b: Porygon2
|-damage|p2b: Porygon2|64/100 slp
|cant|p2b: Porygon2|slp
|move|p1a: Annihilape|Drain Punch|p2b: Porygon2
|-supereffective|p2b: Porygon2
|-damage|p2b: Porygon2|19/100 slp
|-heal|p1a: Annihilape|55/100|[from] drain|[of] p2b: Porygon2
|
|-heal|p1a: Annihilape|61/100|[from] item: Leftovers
|upkeep
|turn|10
|-message|OhNoValentine forfeited.
|
|win|tbone603
