|j|☆Jon Guridi VGC
|j|☆the rainy mouse
|html|Jon Guridi VGCthe rainy mouse    
|uhtml|bestof|Game 3 of a best-of-3
|t:|1785767497
|gametype|doubles
|player|p1|Jon Guridi VGC|lady|1325
|player|p2|the rainy mouse|pokemaniac|1385
|gen|9
|tier|[Gen 9 Champions] VGC 2026 Reg M-B (Bo3)
|rated|
|rule|Species Clause: Limit one of each Pokémon
|rule|Item Clause: Limit 1 of each item
|clearpoke
|poke|p1|Dragonite, L50, F, shiny|
|poke|p1|Kingambit, L50, F|
|poke|p1|Floette-Eternal, L50, F|
|poke|p1|Garchomp, L50, F|
|poke|p1|Talonflame, L50, F|
|poke|p1|Sneasler, L50, F|
|poke|p2|Charizard, L50, F|
|poke|p2|Garchomp, L50, M|
|poke|p2|Incineroar, L50, F|
|poke|p2|Venusaur, L50, F|
|poke|p2|Toxapex, L50, M|
|poke|p2|Annihilape, L50, M|
|teampreview|4
|showteam|p1|Dragonite||Dragoninite|Multiscale|DragonPulse,HeatWave,Thunderbolt,Protect|Modest||F|||50|]Kingambit||FocusSash|Defiant|IronHead,SuckerPunch,KowtowCleave,Protect|Adamant||F|||50|]Floette-Eternal||Floettite|FlowerVeil|LightofRuin,DazzlingGleam,Moonblast,Protect|Modest||F|||50|]Garchomp||LifeOrb|RoughSkin|RockSlide,Earthquake,DragonClaw,Protect|Jolly||F|||50|]Talonflame||SharpBeak|GaleWings|DualWingbeat,FlareBlitz,Tailwind,Protect|Jolly||F|||50|]Sneasler||WhiteHerb|Unburden|DireClaw,CloseCombat,FakeOut,Protect|Jolly||F|||50|
|showteam|p2|Charizard||CharizarditeY|Blaze|WeatherBall,HeatWave,AncientPower,Protect|Modest||F|||50|]Garchomp||ChoiceScarf|RoughSkin|RockSlide,DragonClaw,Earthquake,StompingTantrum|Adamant||M|||50|]Incineroar||SitrusBerry|Intimidate|FlareBlitz,FakeOut,DarkestLariat,PartingShot|Impish||F|||50|]Venusaur||LifeOrb|Chlorophyll|SludgeBomb,LeafStorm,EarthPower,Protect|Modest||F|||50|]Toxapex||Leftovers|Regenerator|Infestation,Toxic,WideGuard,BanefulBunker|Bold||M|||50|]Annihilape||FocusSash|Defiant|CloseCombat,PhantomForce,RockTomb,Protect|Adamant||M|||50|
|inactive|Battle timer is ON: inactive players will automatically lose when time's up. (requested by Jon Guridi VGC)
|
|t:|1785767523
|teamsize|p1|4
|teamsize|p2|4
|start
|switch|p1a: Kingambit|Kingambit, L50, F|100/100
|switch|p1b: Floette|Floette-Eternal, L50, F|100/100
|switch|p2a: Toxapex|Toxapex, L50, M|100/100
|switch|p2b: Charizard|Charizard, L50, F|100/100
|turn|1
|inactive|Jon Guridi VGC has 30 seconds left.
|
|t:|1785767554
|switch|p1b: Garchomp|Garchomp, L50, F|100/100
|detailschange|p2b: Charizard|Charizard-Mega-Y, L50, F
|-mega|p2b: Charizard|Charizard|Charizardite Y
|-weather|SunnyDay|[from] ability: Drought|[of] p2b: Charizard
|move|p2b: Charizard|Heat Wave|p1b: Garchomp|[spread] p1a,p1b
|-supereffective|p1a: Kingambit|1
|-resisted|p1b: Garchomp|1
|-enditem|p1a: Kingambit|Focus Sash
|-damage|p1a: Kingambit|1/100
|-damage|p1b: Garchomp|63/100
|-status|p1b: Garchomp|brn
|move|p1a: Kingambit|Kowtow Cleave|p2b: Charizard
|-damage|p2b: Charizard|44/100
|move|p2a: Toxapex|Infestation|p1b: Garchomp
|-damage|p1b: Garchomp|59/100 brn
|-activate|p1b: Garchomp|move: Infestation|[of] p2a: Toxapex
|-damage|p2a: Toxapex|87/100|[from] ability: Rough Skin|[of] p1b: Garchomp
|
|-weather|SunnyDay|[upkeep]
|-heal|p2a: Toxapex|93/100|[from] item: Leftovers
|-damage|p1b: Garchomp|53/100 brn|[from] brn
|-damage|p1b: Garchomp|41/100 brn|[from] move: Infestation|[partiallytrapped]
|upkeep
|turn|2
|
|t:|1785767577
|move|p2b: Charizard|Protect|p2b: Charizard
|-singleturn|p2b: Charizard|Protect
|move|p1b: Garchomp|Rock Slide|p2b: Charizard|[spread] p2a
|-activate|p2b: Charizard|move: Protect
|-damage|p2a: Toxapex|85/100
|-damage|p1b: Garchomp|31/100 brn|[from] item: Life Orb
|move|p1a: Kingambit|Kowtow Cleave|p2a: Toxapex
|-damage|p2a: Toxapex|52/100
|move|p2a: Toxapex|Infestation|p1a: Kingambit
|-damage|p1a: Kingambit|0 fnt
|faint|p1a: Kingambit
|
|-weather|SunnyDay|[upkeep]
|-heal|p2a: Toxapex|58/100|[from] item: Leftovers
|-damage|p1b: Garchomp|25/100 brn|[from] brn
|-damage|p1b: Garchomp|12/100 brn|[from] move: Infestation|[partiallytrapped]
|upkeep
|
|t:|1785767590
|switch|p1a: Floette|Floette-Eternal, L50, F|100/100
|turn|3
|
|t:|1785767599
|switch|p2b: Incineroar|Incineroar, L50, F|100/100
|-ability|p2b: Incineroar|Intimidate|boost
|-unboost|p1a: Floette|atk|1
|-unboost|p1b: Garchomp|atk|1
|detailschange|p1a: Floette|Floette-Mega, L50, F
|-mega|p1a: Floette|Floette|Floettite
|-ability|p1a: Floette|Fairy Aura
|move|p2a: Toxapex|Baneful Bunker|p2a: Toxapex
|-singleturn|p2a: Toxapex|move: Protect
|move|p1b: Garchomp|Dragon Claw|p2a: Toxapex
|-activate|p2a: Toxapex|move: Protect
|move|p1a: Floette|Light of Ruin|p2a: Toxapex
|-activate|p2a: Toxapex|move: Protect
|
|-weather|SunnyDay|[upkeep]
|-heal|p2a: Toxapex|64/100|[from] item: Leftovers
|-damage|p1b: Garchomp|7/100 brn|[from] brn
|-damage|p1b: Garchomp|0 fnt|[from] move: Infestation|[partiallytrapped]
|faint|p1b: Garchomp
|upkeep
|
|t:|1785767607
|switch|p1b: Talonflame|Talonflame, L50, F|100/100
|turn|4
|
|t:|1785767615
|move|p2b: Incineroar|Fake Out|p1a: Floette
|-damage|p1a: Floette|88/100
|move|p1b: Talonflame|Dual Wingbeat|p2a: Toxapex
|-damage|p2a: Toxapex|52/100
|-damage|p2a: Toxapex|39/100
|-hitcount|p2a: Toxapex|2
|cant|p1a: Floette|flinch
|move|p2a: Toxapex|Toxic|p1b: Talonflame
|-status|p1b: Talonflame|tox
|
|-weather|SunnyDay|[upkeep]
|-heal|p2a: Toxapex|45/100|[from] item: Leftovers
|-damage|p1b: Talonflame|93/100 tox|[from] psn
|upkeep
|turn|5
|
|t:|1785767623
|-heal|p2a: Toxapex|78/100|[from] ability: Regenerator|[silent]
|switch|p2a: Charizard|Charizard-Mega-Y, L50, F|44/100
|move|p1b: Talonflame|Tailwind|p1b: Talonflame
|-sidestart|p1: Jon Guridi VGC|move: Tailwind
|move|p1a: Floette|Light of Ruin|p2b: Incineroar
|-damage|p2b: Incineroar|1/100
|-enditem|p2b: Incineroar|Sitrus Berry|[eat]
|-heal|p2b: Incineroar|25/100|[from] item: Sitrus Berry
|-damage|p1a: Floette|25/100|[from] Recoil
|move|p2b: Incineroar|Parting Shot|p1a: Floette
|-unboost|p1a: Floette|atk|1
|-unboost|p1a: Floette|spa|1
|
|t:|1785767629
|switch|p2b: Toxapex|Toxapex, L50, M|78/100|[from] Parting Shot
|
|-weather|none
|-heal|p2b: Toxapex|84/100|[from] item: Leftovers
|-damage|p1b: Talonflame|81/100 tox|[from] psn
|upkeep
|turn|6
|
|t:|1785767641
|switch|p2a: Incineroar|Incineroar, L50, F|25/100
|-ability|p2a: Incineroar|Intimidate|boost
|-unboost|p1a: Floette|atk|1
|-unboost|p1b: Talonflame|atk|1
|move|p1b: Talonflame|Dual Wingbeat|p2a: Incineroar
|-damage|p2a: Incineroar|15/100
|-damage|p2a: Incineroar|7/100
|-hitcount|p2a: Incineroar|2
|move|p1a: Floette|Light of Ruin|p2b: Toxapex
|-resisted|p2b: Toxapex|1
|-damage|p2b: Toxapex|54/100
|-damage|p1a: Floette|10/100|[from] Recoil
|move|p2b: Toxapex|Toxic|p1a: Floette
|-status|p1a: Floette|tox
|
|-heal|p2b: Toxapex|59/100|[from] item: Leftovers
|-damage|p1b: Talonflame|62/100 tox|[from] psn
|-damage|p1a: Floette|4/100 tox|[from] psn
|upkeep
|turn|7
|-message|Jon Guridi VGC forfeited.
|raw|Jon Guridi VGC's rating: 1325 → 1308(-17 for losing)
|raw|the rainy mouse's rating: 1385 → 1402(+17 for winning)
|
|win|the rainy mouse
|l|☆Jon Guridi VGC
|player|p1|
