|j|☆clare_chan1738
|j|☆Youax55
|html|clare_chan1738Youax55    
|uhtml|bestof|Game 1 of a best-of-3
|t:|1784174385
|gametype|doubles
|player|p1|clare_chan1738|dawn-gen4pt|
|player|p2|Youax55|nate|
|gen|9
|tier|[Gen 9 Champions] VGC 2026 Reg M-B (Bo3)
|rule|Species Clause: Limit one of each Pokémon
|rule|Item Clause: Limit 1 of each item
|clearpoke
|poke|p1|Aerodactyl, L50, M|
|poke|p1|Decidueye-Hisui, L50, M|
|poke|p1|Sneasler, L50, M, shiny|
|poke|p1|Volcarona, L50, F|
|poke|p1|Hatterene, L50, F, shiny|
|poke|p1|Banette, L50, F, shiny|
|poke|p2|Arcanine-Hisui, L50, M|
|poke|p2|Pidgeot, L50, F|
|poke|p2|Weavile, L50, M|
|poke|p2|Ariados, L50, F|
|poke|p2|Hawlucha, L50, M|
|poke|p2|Vanilluxe, L50, F|
|teampreview|4
|showteam|p1|Aerodactyl||Aerodactylite|Unnerve|DualWingbeat,RockSlide,Tailwind,Protect|Jolly||M|||50|]Decidueye-Hisui||ScopeLens|Scrappy|TripleArrows,LeafBlade,SuckerPunch,Protect|Jolly||M|||50|]Sneasler||WhiteHerb|Unburden|FakeOut,DireClaw,CloseCombat,Protect|Adamant||M|||50|]Volcarona||FocusSash|FlameBody|QuiverDance,FieryDance,BugBuzz,Protect|Timid||F|||50|]Hatterene||QuickClaw|MagicBounce|Psychic,DazzlingGleam,ShadowBall,Protect|Modest||F|||50|]Banette||Banettite|CursedBody|DestinyBond,Encore,Disable,Poltergeist|Adamant||F|||50|
|showteam|p2|Arcanine-Hisui||MuscleBand|Intimidate|RockSlide,ExtremeSpeed,FlareBlitz,Protect|Jolly||M|||50|]Pidgeot||Pidgeotite|BigPecks|Hurricane,HeatWave,Tailwind,Protect|Modest||F|||50|]Weavile||FocusSash|Pressure|FakeOut,KnockOff,TripleAxel,Protect|Jolly||M|||50|]Ariados||ChartiBerry|Insomnia|RagePowder,StringShot,SuckerPunch,Protect|Impish||F|||50|]Hawlucha||Hawluchanite|Limber|Entrainment,Protect,DrainPunch,DualWingbeat|Jolly||M|||50|]Vanilluxe||ChoiceScarf|SnowWarning|FlashCannon,Blizzard,IcyWind,SheerCold|Bold||F|||50|
|c|☆clare_chan1738|You got links?
|j| budster16
|c| budster16|yes
|
|t:|1784174430
|teamsize|p1|4
|teamsize|p2|4
|start
|switch|p1a: Banette|Banette, L50, F, shiny|100/100
|switch|p1b: Sneasler|Sneasler, L50, M, shiny|100/100
|switch|p2a: Pidgeot|Pidgeot, L50, F|100/100
|switch|p2b: Weavile|Weavile, L50, M|100/100
|-ability|p2b: Weavile|Pressure
|turn|1
|
|t:|1784174457
|detailschange|p2a: Pidgeot|Pidgeot-Mega, L50, F
|-mega|p2a: Pidgeot|Pidgeot|Pidgeotite
|move|p1b: Sneasler|Protect|p1b: Sneasler
|-singleturn|p1b: Sneasler|Protect
|move|p2b: Weavile|Fake Out|p1b: Sneasler
|-activate|p1b: Sneasler|move: Protect
|move|p2a: Pidgeot|Heat Wave|p1a: Banette|[spread] p1a
|-activate|p1b: Sneasler|move: Protect
|-crit|p1a: Banette
|-damage|p1a: Banette|32/100
|move|p1a: Banette|Encore|p2b: Weavile
|-start|p2b: Weavile|Encore
|
|upkeep
|turn|2
|j| ChocoHammy
|
|t:|1784174519
|switch|p2b: Ariados|Ariados, L50, F|100/100
|move|p2a: Pidgeot|Hurricane|p1b: Sneasler
|-supereffective|p1b: Sneasler|1
|-damage|p1b: Sneasler|0 fnt
|faint|p1b: Sneasler
|move|p1a: Banette|Destiny Bond|p1a: Banette
|-singlemove|p1a: Banette|Destiny Bond
|
|upkeep
|
|t:|1784174527
|switch|p1b: Aerodactyl|Aerodactyl, L50, M|100/100
|-ability|p1b: Aerodactyl|Unnerve
|turn|3
|
|t:|1784174568
|detailschange|p1b: Aerodactyl|Aerodactyl-Mega, L50, M
|-mega|p1b: Aerodactyl|Aerodactyl|Aerodactylite
|move|p1b: Aerodactyl|Rock Slide|p2b: Ariados|[spread] p2a,p2b
|-supereffective|p2a: Pidgeot|1
|-supereffective|p2b: Ariados|1
|-enditem|p2b: Ariados|Charti Berry|[eat]
|-enditem|p2b: Ariados|Charti Berry|[weaken]
|-damage|p2a: Pidgeot|31/100
|-damage|p2b: Ariados|71/100
|move|p2a: Pidgeot|Heat Wave|p1b: Aerodactyl|[spread] p1a,p1b
|-resisted|p1b: Aerodactyl|1
|-damage|p1a: Banette|0 fnt
|-damage|p1b: Aerodactyl|86/100
|faint|p1a: Banette
|-activate|p1a: Banette|move: Destiny Bond
|faint|p2a: Pidgeot
|move|p2b: Ariados|String Shot|p1b: Aerodactyl
|-unboost|p1b: Aerodactyl|spe|2
|
|upkeep
|
|t:|1784174584
|switch|p2a: Arcanine|Arcanine-Hisui, L50, M|100/100
|switch|p1a: Decidueye|Decidueye-Hisui, L50, M|100/100
|-ability|p2a: Arcanine|Intimidate|boost
|-fail|p1a: Decidueye|unboost|Attack|[from] ability: Scrappy|[of] p1a: Decidueye
|-unboost|p1b: Aerodactyl|atk|1
|turn|4
|
|t:|1784174615
|move|p2b: Ariados|Rage Powder|p2b: Ariados
|-singleturn|p2b: Ariados|move: Rage Powder
|move|p2a: Arcanine|Flare Blitz|p1a: Decidueye
|-supereffective|p1a: Decidueye|1
|-damage|p1a: Decidueye|0 fnt
|faint|p1a: Decidueye
|-damage|p2a: Arcanine|68/100|[from] Recoil
|move|p1b: Aerodactyl|Rock Slide|p2a: Arcanine|[spread] p2a,p2b
|-supereffective|p2a: Arcanine|1
|-supereffective|p2b: Ariados|1
|-damage|p2a: Arcanine|23/100
|-damage|p2b: Ariados|37/100
|
|upkeep
|turn|5
|
|t:|1784174628
|move|p2b: Ariados|Sucker Punch|p1b: Aerodactyl
|-damage|p1b: Aerodactyl|68/100
|move|p2a: Arcanine|Rock Slide|p1b: Aerodactyl
|-supereffective|p1b: Aerodactyl|1
|-crit|p1b: Aerodactyl
|-damage|p1b: Aerodactyl|0 fnt
|faint|p1b: Aerodactyl
|
|win|Youax55
||clare_chan1738 is ready for game 2.
