|j|☆vgc-bench-agent
|j|☆Ikla
|html|vgc-bench-agentIkla    
|uhtml|bestof|Game 1 of a best-of-3
|t:|1782400767
|gametype|doubles
|player|p1|vgc-bench-agent|turo-ai|1048
|player|p2|Ikla|pokemaniac|1112
|gen|9
|tier|[Gen 9 Champions] VGC 2026 Reg M-B (Bo3)
|rated|
|rule|Species Clause: Limit one of each Pokémon
|rule|Item Clause: Limit 1 of each item
|clearpoke
|poke|p1|Incineroar, L50, F|
|poke|p1|Farigiraf, L50, M|
|poke|p1|Mawile, L50, F|
|poke|p1|Swampert, L50, M|
|poke|p1|Sableye, L50, F|
|poke|p1|Sneasler, L50, F|
|poke|p2|Aerodactyl, L50, F|
|poke|p2|Garchomp, L50, F|
|poke|p2|Kingambit, L50, M|
|poke|p2|Charizard, L50, F|
|poke|p2|Sylveon, L50, F, shiny|
|poke|p2|Farigiraf, L50, M|
|teampreview|4
|showteam|p1|Incineroar||PasshoBerry|Intimidate|FakeOut,FlareBlitz,ThroatChop,PartingShot|Brave||F|||50|]Farigiraf||ColburBerry|ArmorTail|Protect,HelpingHand,Psychic,TrickRoom|Bold||M|||50|]Mawile||Mawilite|HyperCutter|Protect,SuckerPunch,PlayRough,IronHead|Brave||F|||50|]Swampert||Swampertite|Torrent|Protect,WideGuard,WaveCrash,HighHorsepower|Adamant||M|||50|]Sableye||RoseliBerry|Prankster|Quash,FoulPlay,RainDance,Encore|Calm||F|||50|]Sneasler||WhiteHerb|Unburden|FakeOut,Coaching,CloseCombat,DireClaw|Jolly||F|||50|
|showteam|p2|Aerodactyl||Aerodactylite|Unnerve|IceFang,RockSlide,Tailwind,DualWingbeat|Jolly||F|||50|]Garchomp||LifeOrb|RoughSkin|DragonClaw,StompingTantrum,Earthquake,Protect|Jolly||F|||50|]Kingambit||FocusSash|Defiant|SuckerPunch,KowtowCleave,IronHead,LowKick|Adamant||M|||50|]Charizard||CharizarditeY|Blaze|Protect,WeatherBall,HeatWave,SolarBeam|Modest||F|||50|]Sylveon||FairyFeather|Pixilate|Protect,HyperVoice,HyperBeam,QuickAttack|Modest||F|||50|]Farigiraf||SitrusBerry|ArmorTail|TrickRoom,Thunderbolt,Roar,TwinBeam|Bold||M|||50|
|inactive|Battle timer is ON: inactive players will automatically lose when time's up. (requested by Ikla)
|inactive|vgc-bench-agent also wants the timer to be on.
|inactive|Ikla has 60 seconds left.
|inactive|Ikla has 30 seconds left.
|
|t:|1782400837
|teamsize|p1|4
|teamsize|p2|4
|start
|switch|p1a: Sableye|Sableye, L50, F|100/100
|switch|p1b: Farigiraf|Farigiraf, L50, M|100/100
|switch|p2a: Farigiraf|Farigiraf, L50, M|100/100
|switch|p2b: Sylveon|Sylveon, L50, F, shiny|100/100
|turn|1
|inactive|Ikla has 30 seconds left.
|
|t:|1782400867
|switch|p2a: Kingambit|Kingambit, L50, M|100/100
|switch|p1a: Swampert|Swampert, L50, M|100/100
|move|p1b: Farigiraf|Protect|p1b: Farigiraf
|-singleturn|p1b: Farigiraf|Protect
|move|p2b: Sylveon|Hyper Voice|p1a: Swampert|[spread] p1a
|-activate|p1b: Farigiraf|move: Protect
|-damage|p1a: Swampert|49/100
|
|upkeep
|turn|2
|inactive|Ikla has 30 seconds left.
|
|t:|1782400900
|detailschange|p1a: Swampert|Swampert-Mega, L50, M
|-mega|p1a: Swampert|Swampert|Swampertite
|move|p2b: Sylveon|Protect|p2b: Sylveon
|-singleturn|p2b: Sylveon|Protect
|move|p1a: Swampert|Wave Crash|p2b: Sylveon
|-activate|p2b: Sylveon|move: Protect
|move|p2a: Kingambit|Kowtow Cleave|p1a: Swampert
|-damage|p1a: Swampert|1/100
|move|p1b: Farigiraf|Psychic|p2b: Sylveon
|-activate|p2b: Sylveon|move: Protect
|
|upkeep
|turn|3
|inactive|Ikla has 30 seconds left.
|
|t:|1782400927
|switch|p2b: Farigiraf|Farigiraf, L50, M|100/100
|move|p1b: Farigiraf|Protect|p1b: Farigiraf
|-singleturn|p1b: Farigiraf|Protect
|move|p1a: Swampert|High Horsepower|p2b: Farigiraf
|-damage|p2b: Farigiraf|55/100
|move|p2a: Kingambit|Kowtow Cleave|p1a: Swampert
|-damage|p1a: Swampert|0 fnt
|faint|p1a: Swampert
|
|upkeep
|
|t:|1782400927
|switch|p1a: Sneasler|Sneasler, L50, F|100/100
|turn|4
|inactive|Ikla has 30 seconds left.
|inactive|Ikla has 20 seconds left.
|
|t:|1782400963
|move|p1a: Sneasler|Close Combat|p2a: Kingambit
|-supereffective|p2a: Kingambit|2
|-enditem|p2a: Kingambit|Focus Sash
|-damage|p2a: Kingambit|1/100
|-unboost|p1a: Sneasler|def|1
|-unboost|p1a: Sneasler|spd|1
|-enditem|p1a: Sneasler|White Herb
|-clearnegativeboost|p1a: Sneasler|[silent]
|move|p2a: Kingambit|Kowtow Cleave|p1b: Farigiraf
|-supereffective|p1b: Farigiraf|1
|-enditem|p1b: Farigiraf|Colbur Berry|[eat]
|-enditem|p1b: Farigiraf|Colbur Berry|[weaken]
|-damage|p1b: Farigiraf|61/100
|move|p2b: Farigiraf|Twin Beam|p1a: Sneasler
|-supereffective|p1a: Sneasler|2
|-damage|p1a: Sneasler|23/100
|-supereffective|p1a: Sneasler|2
|-damage|p1a: Sneasler|0 fnt
|faint|p1a: Sneasler
|-hitcount|p1: Sneasler|2
|move|p1b: Farigiraf|Psychic|p2b: Farigiraf
|-resisted|p2b: Farigiraf|1
|-damage|p2b: Farigiraf|40/100
|-enditem|p2b: Farigiraf|Sitrus Berry|[eat]
|-heal|p2b: Farigiraf|65/100|[from] item: Sitrus Berry
|
|upkeep
|
|t:|1782400963
|switch|p1a: Sableye|Sableye, L50, F|100/100
|turn|5
|inactive|Ikla has 30 seconds left.
|inactive|Ikla has 20 seconds left.
|inactive|Ikla has 15 seconds left.
|
|t:|1782401004
|switch|p2b: Sylveon|Sylveon, L50, F, shiny|100/100
|move|p1b: Farigiraf|Protect|p1b: Farigiraf
|-singleturn|p1b: Farigiraf|Protect
|move|p2a: Kingambit|Kowtow Cleave|p1b: Farigiraf
|-activate|p1b: Farigiraf|move: Protect
|move|p1a: Sableye|Foul Play|p2a: Kingambit
|-resisted|p2a: Kingambit|1
|-damage|p2a: Kingambit|0 fnt
|faint|p2a: Kingambit
|
|upkeep
|inactive|Ikla has 30 seconds left.
|
|t:|1782401033
|switch|p2a: Farigiraf|Farigiraf, L50, M|65/100
|turn|6
|inactive|Ikla has 30 seconds left.
|inactive|Ikla has 20 seconds left.
|
|t:|1782401073
|move|p2b: Sylveon|Protect|p2b: Sylveon
|-singleturn|p2b: Sylveon|Protect
|move|p1a: Sableye|Rain Dance|p1a: Sableye
|-weather|RainDance
|move|p2a: Farigiraf|Thunderbolt|p1b: Farigiraf
|-damage|p1b: Farigiraf|40/100
|move|p1b: Farigiraf|Trick Room|p1b: Farigiraf
|-fieldstart|move: Trick Room|[of] p1b: Farigiraf
|
|-weather|RainDance|[upkeep]
|upkeep
|turn|7
|
|t:|1782401083
|move|p1a: Sableye|Encore||[still]
|cant|p2a: Farigiraf|ability: Armor Tail|Encore|[of] p1a: Sableye
|move|p2a: Farigiraf|Thunderbolt|p1b: Farigiraf
|-damage|p1b: Farigiraf|17/100
|move|p1b: Farigiraf|Psychic|p2b: Sylveon
|-damage|p2b: Sylveon|71/100
|-unboost|p2b: Sylveon|spd|1
|move|p2b: Sylveon|Hyper Voice|p1b: Farigiraf|[spread] p1a,p1b
|-supereffective|p1a: Sableye|1
|-enditem|p1a: Sableye|Roseli Berry|[eat]
|-enditem|p1a: Sableye|Roseli Berry|[weaken]
|-damage|p1a: Sableye|42/100
|-damage|p1b: Farigiraf|0 fnt
|faint|p1b: Farigiraf
|
|-weather|RainDance|[upkeep]
|upkeep
|turn|8
|
|t:|1782401101
|move|p1a: Sableye|Foul Play|p2b: Sylveon
|-resisted|p2b: Sylveon|1
|-damage|p2b: Sylveon|59/100
|move|p2a: Farigiraf|Thunderbolt|p1a: Sableye
|-damage|p1a: Sableye|15/100
|-status|p1a: Sableye|par
|move|p2b: Sylveon|Hyper Voice|p1a: Sableye
|-supereffective|p1a: Sableye|1
|-damage|p1a: Sableye|0 fnt
|faint|p1a: Sableye
|
|win|Ikla
|l|☆vgc-bench-agent
|player|p1|
||vgc-bench-agent is ready for game 2.
