|j|☆MurQrow
|j|☆wind charmer
|html|MurQrowwind charmer    
|uhtml|bestof|Game 3 of a best-of-3
|t:|1756259758
|gametype|doubles
|player|p1|MurQrow|169|1025
|player|p2|wind charmer|jasmine|1083
|gen|9
|tier|[Gen 9] VGC 2025 Reg H (Bo3)
|rated|
|rule|Species Clause: Limit one of each Pokémon
|rule|Item Clause: Limit 1 of each item
|clearpoke
|poke|p1|Ninetales-Alola, L50, F|
|poke|p1|Baxcalibur, L50, F|
|poke|p1|Gholdengo, L50|
|poke|p1|Magmar, L50, M|
|poke|p1|Rillaboom, L50, F|
|poke|p1|Flamigo, L50, M|
|poke|p2|Garchomp, L50, M|
|poke|p2|Milotic, L50, F|
|poke|p2|Gholdengo, L50|
|poke|p2|Talonflame, L50, F|
|poke|p2|Amoonguss, L50, M|
|poke|p2|Tyranitar, L50, M|
|teampreview|4
|showteam|p1|Ninetales-Alola||CovertCloak|SnowWarning|Blizzard,FreezeDry,Encore,AuroraVeil|||F|||50|,,,,,Fire]Baxcalibur||LoadedDice|ThermalExchange|Protect,IceShard,IcicleSpear,ScaleShot|||F|||50|,,,,,Water]Gholdengo||LifeOrb|GoodasGold|NastyPlot,Protect,MakeItRain,ShadowBall||||||50|,,,,,Water]Magmar||Eviolite|VitalSpirit|ClearSmog,FollowMe,Protect,Flamethrower|||M|||50|,,,,,Ghost]Rillaboom||AssaultVest|GrassySurge|FakeOut,GrassyGlide,WoodHammer,HighHorsepower|||F|||50|,,,,,Fire]Flamigo||ChoiceScarf|Scrappy|CloseCombat,BraveBird,DualWingbeat,Tailwind|||M|||50|,,,,,Ghost
|showteam|p2|Garchomp||LifeOrb|RoughSkin|Earthquake,StompingTantrum,DragonClaw,Protect|||M|||50|,,,,,Ground]Milotic||SafetyGoggles|Competitive|Scald,IcyWind,Haze,Protect|||F|||50|,,,,,Dragon]Gholdengo||MetalCoat|GoodasGold|MakeItRain,ShadowBall,NastyPlot,Protect||||||50|,,,,,Flying]Talonflame||CovertCloak|GaleWings|BraveBird,Tailwind,WillOWisp,Taunt|||F|||50|,,,,,Ghost]Amoonguss||SitrusBerry|Regenerator|Spore,PollenPuff,RagePowder,Protect|||M|||50|,,,,,Water]Tyranitar||AssaultVest|SandStream|RockSlide,KnockOff,LowKick,TeraBlast|||M|||50|,,,,,Flying
|inactive|Battle timer is ON: inactive players will automatically lose when time's up. (requested by MurQrow)
|inactive|wind charmer has 60 seconds left.
|
|t:|1756259858
|teamsize|p1|4
|teamsize|p2|4
|start
|switch|p1a: Gholdengo|Gholdengo, L50|100/100
|switch|p1b: Magmar|Magmar, L50, M|100/100
|switch|p2a: Talonflame|Talonflame, L50, F|100/100
|switch|p2b: Tyranitar|Tyranitar, L50, M|100/100
|-weather|Sandstorm|[from] ability: Sand Stream|[of] p2b: Tyranitar
|turn|1
|inactive|MurQrow has 30 seconds left.
|inactive|wind charmer has 30 seconds left.
|
|t:|1756259891
|move|p1b: Magmar|Follow Me|p1b: Magmar
|-singleturn|p1b: Magmar|move: Follow Me
|move|p2a: Talonflame|Tailwind|p2a: Talonflame
|-sidestart|p2: wind charmer|move: Tailwind
|move|p2b: Tyranitar|Knock Off|p1b: Magmar
|-damage|p1b: Magmar|53/100
|-enditem|p1b: Magmar|Eviolite|[from] move: Knock Off|[of] p2b: Tyranitar
|move|p1a: Gholdengo|Nasty Plot|p1a: Gholdengo
|-boost|p1a: Gholdengo|spa|2
|
|-weather|Sandstorm|[upkeep]
|-damage|p2a: Talonflame|94/100|[from] Sandstorm
|-damage|p1b: Magmar|48/100|[from] Sandstorm
|upkeep
|turn|2
|inactive|MurQrow has 30 seconds left.
|inactive|wind charmer has 30 seconds left.
|inactive|MurQrow has 20 seconds left.
|inactive|wind charmer has 20 seconds left.
|inactive|wind charmer has 15 seconds left.
|
|t:|1756259932
|move|p1b: Magmar|Follow Me|p1b: Magmar
|-singleturn|p1b: Magmar|move: Follow Me
|move|p2a: Talonflame|Brave Bird|p1b: Magmar
|-damage|p1b: Magmar|0 fnt
|faint|p1b: Magmar
|-damage|p2a: Talonflame|79/100|[from] Recoil
|move|p2b: Tyranitar|Rock Slide|p1a: Gholdengo
|-resisted|p1a: Gholdengo
|-damage|p1a: Gholdengo|79/100
|move|p1a: Gholdengo|Make It Rain|p2a: Talonflame|[spread] p2a,p2b
|-resisted|p2a: Talonflame
|-supereffective|p2b: Tyranitar
|-damage|p2a: Talonflame|0 fnt
|-damage|p2b: Tyranitar|0 fnt
|-unboost|p1a: Gholdengo|spa|1
|faint|p2a: Talonflame
|faint|p2b: Tyranitar
|-damage|p1a: Gholdengo|69/100|[from] item: Life Orb
|
|-weather|Sandstorm|[upkeep]
|upkeep
|
|t:|1756259949
|switch|p2a: Gholdengo|Gholdengo, L50|100/100
|switch|p1b: Flamigo|Flamigo, L50, M|100/100
|switch|p2b: Garchomp|Garchomp, L50, M|100/100
|turn|3
|inactive|wind charmer has 30 seconds left.
|inactive|wind charmer has 20 seconds left.
|inactive|wind charmer has 15 seconds left.
|inactive|wind charmer has 10 seconds left.
|
|t:|1756259996
|move|p1a: Gholdengo|Protect|p1a: Gholdengo
|-singleturn|p1a: Gholdengo|Protect
|move|p2b: Garchomp|Dragon Claw|p1b: Flamigo
|-damage|p1b: Flamigo|23/100
|-damage|p2b: Garchomp|91/100|[from] item: Life Orb
|move|p2a: Gholdengo|Shadow Ball|p1b: Flamigo
|-damage|p1b: Flamigo|0 fnt
|faint|p1b: Flamigo
|
|-weather|Sandstorm|[upkeep]
|upkeep
|
|t:|1756260013
|switch|p1b: Rillaboom|Rillaboom, L50, F|100/100
|-fieldstart|move: Grassy Terrain|[from] ability: Grassy Surge|[of] p1b: Rillaboom
|turn|4
|inactive|wind charmer has 30 seconds left.
|
|t:|1756260048
|-terastallize|p1a: Gholdengo|Water
|move|p2b: Garchomp|Protect|p2b: Garchomp
|-singleturn|p2b: Garchomp|Protect
|move|p1b: Rillaboom|Fake Out|p2b: Garchomp
|-activate|p2b: Garchomp|move: Protect
|move|p2a: Gholdengo|Shadow Ball|p1a: Gholdengo
|-damage|p1a: Gholdengo|14/100
|move|p1a: Gholdengo|Shadow Ball|p2a: Gholdengo
|-supereffective|p2a: Gholdengo
|-damage|p2a: Gholdengo|0 fnt
|faint|p2a: Gholdengo
|-damage|p1a: Gholdengo|4/100|[from] item: Life Orb
|
|-weather|Sandstorm|[upkeep]
|-damage|p1a: Gholdengo|0 fnt|[from] Sandstorm
|-damage|p1b: Rillaboom|95/100|[from] Sandstorm
|faint|p1a: Gholdengo
|-heal|p2b: Garchomp|97/100|[from] Grassy Terrain
|-heal|p1b: Rillaboom|100/100|[from] Grassy Terrain
|-sideend|p2: wind charmer|move: Tailwind
|upkeep
|turn|5
|inactive|wind charmer has 30 seconds left.
|
|t:|1756260078
|move|p2b: Garchomp|Dragon Claw|p1b: Rillaboom
|-damage|p1b: Rillaboom|45/100
|-damage|p2b: Garchomp|87/100|[from] item: Life Orb
|move|p1b: Rillaboom|Wood Hammer|p2b: Garchomp
|-damage|p2b: Garchomp|4/100
|-damage|p1b: Rillaboom|33/100|[from] ability: Rough Skin|[of] p2b: Garchomp
|-damage|p1b: Rillaboom|8/100|[from] Recoil
|
|-weather|none
|-heal|p2b: Garchomp|10/100|[from] Grassy Terrain
|-heal|p1b: Rillaboom|14/100|[from] Grassy Terrain
|upkeep
|turn|6
|
|t:|1756260100
|move|p2b: Garchomp|Protect|p2b: Garchomp
|-singleturn|p2b: Garchomp|Protect
|move|p1b: Rillaboom|Grassy Glide|p2b: Garchomp
|-activate|p2b: Garchomp|move: Protect
|
|-heal|p2b: Garchomp|16/100|[from] Grassy Terrain
|-heal|p1b: Rillaboom|20/100|[from] Grassy Terrain
|upkeep
|turn|7
|c|☆MurQrow|gg
|
|t:|1756260108
|move|p2b: Garchomp|Protect|p2b: Garchomp
|-singleturn|p2b: Garchomp|Protect
|move|p1b: Rillaboom|Grassy Glide|p2b: Garchomp
|-activate|p2b: Garchomp|move: Protect
|
|-heal|p2b: Garchomp|22/100|[from] Grassy Terrain
|-heal|p1b: Rillaboom|26/100|[from] Grassy Terrain
|upkeep
|turn|8
|
|t:|1756260122
|move|p2b: Garchomp|Protect|p2b: Garchomp
|-singleturn|p2b: Garchomp|Protect
|move|p1b: Rillaboom|Grassy Glide|p2b: Garchomp
|-activate|p2b: Garchomp|move: Protect
|
|-heal|p2b: Garchomp|28/100|[from] Grassy Terrain
|-heal|p1b: Rillaboom|32/100|[from] Grassy Terrain
|-fieldend|move: Grassy Terrain
|upkeep
|turn|9
|c|☆wind charmer|gg
|c|☆MurQrow|youre scum lol
|
|t:|1756260145
|move|p2b: Garchomp|Dragon Claw|p1b: Rillaboom
|-damage|p1b: Rillaboom|0 fnt
|faint|p1b: Rillaboom
|-damage|p2b: Garchomp|18/100|[from] item: Life Orb
|
|win|wind charmer
|raw|MurQrow's rating: 1025 → 1014(-11 for losing)
|raw|wind charmer's rating: 1083 → 1106(+23 for winning)
|c|☆wind charmer|always play to the out lol
|c|☆wind charmer|na that was od
