|j|☆Wo-Chien<3
|j|☆leomartinfa
|html|Wo-Chien<3leomartinfa    
|uhtml|bestof|Game 2 of a best-of-3
|t:|1756318709
|gametype|doubles
|player|p1|Wo-Chien<3|miku-ground|1121
|player|p2|leomartinfa|101|1109
|gen|9
|tier|[Gen 9] VGC 2025 Reg H (Bo3)
|rated|
|rule|Species Clause: Limit one of each Pokémon
|rule|Item Clause: Limit 1 of each item
|clearpoke
|poke|p1|Ninetales-Alola, L50, M|
|poke|p1|Electabuzz, L50, M|
|poke|p1|Dragonite, L50, M|
|poke|p1|Frosmoth, L50, M|
|poke|p1|Rillaboom, L50, M|
|poke|p1|Kingambit, L50, F|
|poke|p2|Volcarona, L50, M|
|poke|p2|Ursaluna-Bloodmoon, L50, M|
|poke|p2|Grimmsnarl, L50, M|
|poke|p2|Annihilape, L50, M|
|poke|p2|Farigiraf, L50, F|
|poke|p2|Gholdengo, L50|
|teampreview|4
|showteam|p1|Ninetales-Alola||CovertCloak|SnowWarning|Blizzard,Moonblast,AuroraVeil,Encore|||M|||50|,,,,,Poison]Electabuzz||Eviolite|VitalSpirit|FollowMe,Protect,Thunderbolt,Taunt|||M|||50|,,,,,Ghost]Dragonite||LoadedDice|Multiscale|LowKick,ScaleShot,Protect,Haze|||M|||50|,,,,,Fairy]Frosmoth||Leftovers|IceScales|QuiverDance,Protect,Blizzard,TeraBlast|||M|||50|,,,,,Water]Rillaboom||AssaultVest|GrassySurge|FakeOut,GrassyGlide,WoodHammer,Uturn|||M|||50|,,,,,Fire]Kingambit||BlackGlasses|Defiant|SuckerPunch,KowtowCleave,Protect,SwordsDance|||F|||50|,,,,,Water
|showteam|p2|Volcarona||CovertCloak|FlameBody|GigaDrain,HeatWave,QuiverDance,Protect|||M|||50|,,,,,Grass]Ursaluna-Bloodmoon||AssaultVest|MindsEye|BloodMoon,HyperVoice,EarthPower,VacuumWave|||M|||50|,,,,,Ghost]Grimmsnarl||LightClay|Prankster|ThunderWave,Reflect,LightScreen,SpiritBreak|||M|||50|,,,,,Ghost]Annihilape||Leftovers|VitalSpirit|RageFist,DrainPunch,CloseCombat,Protect|||M|||50|,,,,,Fire]Farigiraf||ThroatSpray|ArmorTail|HyperVoice,PsychicNoise,TrickRoom,Protect|||F|||50|,,,,,Normal]Gholdengo||LifeOrb|GoodasGold|MakeItRain,ShadowBall,NastyPlot,Protect||||||50|,,,,,Steel
|inactive|Battle timer is ON: inactive players will automatically lose when time's up. (requested by leomartinfa)
|
|t:|1756318746
|teamsize|p1|4
|teamsize|p2|4
|start
|switch|p1a: Dragonite|Dragonite, L50, M|100/100
|switch|p1b: Shiver Wing|Frosmoth, L50, M|100/100
|switch|p2a: Volcarona|Volcarona, L50, M|100/100
|switch|p2b: Grimmsnarl|Grimmsnarl, L50, M|100/100
|turn|1
|j| Trestkon
|inactive|leomartinfa has 30 seconds left.
|
|t:|1756318779
|-terastallize|p1b: Shiver Wing|Water
|move|p1a: Dragonite|Scale Shot|p2a: Volcarona
|-damage|p2a: Volcarona|82/100
|-damage|p2a: Volcarona|64/100
|-damage|p2a: Volcarona|46/100
|-damage|p2a: Volcarona|29/100
|-hitcount|p2a: Volcarona|4
|-unboost|p1a: Dragonite|def|1
|-boost|p1a: Dragonite|spe|1
|move|p1b: Shiver Wing|Quiver Dance|p1b: Shiver Wing
|-boost|p1b: Shiver Wing|spa|1
|-boost|p1b: Shiver Wing|spd|1
|-boost|p1b: Shiver Wing|spe|1
|move|p2a: Volcarona|Heat Wave|p1b: Shiver Wing|[spread] p1a,p1b
|-resisted|p1a: Dragonite
|-resisted|p1b: Shiver Wing
|-damage|p1a: Dragonite|91/100
|-damage|p1b: Shiver Wing|92/100
|move|p2b: Grimmsnarl|Spirit Break|p1a: Dragonite
|-supereffective|p1a: Dragonite
|-damage|p1a: Dragonite|0 fnt
|faint|p1a: Dragonite
|
|-heal|p1b: Shiver Wing|98/100|[from] item: Leftovers
|upkeep
|inactive|Wo-Chien<3 has 30 seconds left.
|
|t:|1756318806
|switch|p1a: Ninetales|Ninetales-Alola, L50, M|100/100
|-weather|Snowscape|[from] ability: Snow Warning|[of] p1a: Ninetales
|turn|2
|
|t:|1756318827
|move|p2a: Volcarona|Protect|p2a: Volcarona
|-singleturn|p2a: Volcarona|Protect
|move|p2b: Grimmsnarl|Thunder Wave|p1b: Shiver Wing
|-status|p1b: Shiver Wing|par
|move|p1a: Ninetales|Moonblast|p2b: Grimmsnarl
|-supereffective|p2b: Grimmsnarl
|-damage|p2b: Grimmsnarl|50/100
|move|p1b: Shiver Wing|Blizzard|p2b: Grimmsnarl|[spread] p2b
|-activate|p2a: Volcarona|move: Protect
|-damage|p2b: Grimmsnarl|0 fnt
|faint|p2b: Grimmsnarl
|
|-weather|Snowscape|[upkeep]
|-heal|p1b: Shiver Wing|100/100 par|[from] item: Leftovers
|upkeep
|
|t:|1756318845
|switch|p2b: Ursaluna|Ursaluna-Bloodmoon, L50, M|100/100
|turn|3
|l| Trestkon
|
|t:|1756318861
|-terastallize|p2b: Ursaluna|Ghost
|move|p1a: Ninetales|Encore|p2a: Volcarona
|-start|p2a: Volcarona|Encore
|move|p2a: Volcarona|Protect||[still]
|-fail|p2a: Volcarona
|move|p1b: Shiver Wing|Blizzard|p2a: Volcarona|[spread] p2a,p2b
|-resisted|p2a: Volcarona
|-damage|p2a: Volcarona|3/100
|-damage|p2b: Ursaluna|54/100
|move|p2b: Ursaluna|Hyper Voice|p1a: Ninetales|[spread] p1a,p1b
|-damage|p1a: Ninetales|53/100
|-damage|p1b: Shiver Wing|84/100 par
|
|-weather|Snowscape|[upkeep]
|-heal|p1b: Shiver Wing|90/100 par|[from] item: Leftovers
|upkeep
|turn|4
|inactive|leomartinfa has 30 seconds left.
|inactive|leomartinfa has 20 seconds left.
|inactive|leomartinfa has 15 seconds left.
|
|t:|1756318903
|switch|p2a: Annihilape|Annihilape, L50, M|100/100
|move|p1a: Ninetales|Blizzard|p2a: Annihilape|[spread] p2a,p2b
|-damage|p2a: Annihilape|75/100
|-damage|p2b: Ursaluna|32/100
|move|p1b: Shiver Wing|Blizzard|p2a: Annihilape|[spread] p2a,p2b
|-damage|p2a: Annihilape|17/100
|-damage|p2b: Ursaluna|0 fnt
|faint|p2b: Ursaluna
|
|-weather|Snowscape|[upkeep]
|-heal|p2a: Annihilape|23/100|[from] item: Leftovers
|-heal|p1b: Shiver Wing|96/100 par|[from] item: Leftovers
|upkeep
|
|t:|1756318912
|switch|p2b: Volcarona|Volcarona, L50, M|3/100
|turn|5
|
|t:|1756318928
|move|p1a: Ninetales|Blizzard|p2a: Annihilape|[spread] p2a,p2b
|-resisted|p2b: Volcarona
|-damage|p2a: Annihilape|0 fnt
|-damage|p2b: Volcarona|0 fnt
|faint|p2a: Annihilape
|faint|p2b: Volcarona
|
|win|Wo-Chien<3
||leomartinfa is ready for game 3.
