|j|☆GoofyGifts
|j|☆SnappedM15
|html|GoofyGiftsSnappedM15    
|uhtml|bestof|Game 1 of a best-of-3
|t:|1757040869
|gametype|doubles
|player|p1|GoofyGifts|blue|
|player|p2|SnappedM15|volkner|
|gen|9
|tier|[Gen 9] VGC 2025 Reg H (Bo3)
|rule|Species Clause: Limit one of each Pokémon
|rule|Item Clause: Limit 1 of each item
|clearpoke
|poke|p1|Indeedee, L50, M|
|poke|p1|Drifblim, L50, M|
|poke|p1|Volcarona, L50, F|
|poke|p1|Kommo-o, L50, M|
|poke|p1|Toxtricity, L50, M|
|poke|p1|Hydreigon, L50, M|
|poke|p2|Tyranitar, L50, M|
|poke|p2|Hippowdon, L50, M|
|poke|p2|Houndstone, L50, F|
|poke|p2|Lycanroc, L50, M|
|poke|p2|Gastrodon, L50, M|
|poke|p2|Toxapex, L50, F|
|teampreview|4
|showteam|p1|Indeedee||FocusSash|PsychicSurge|ExpandingForce,TeraBlast,Imprison,TrickRoom|||M|||50|,,,,,Ground]Drifblim||PsychicSeed|Unburden|Acrobatics,WillOWisp,StrengthSap,Tailwind|||M|||50|,,,,,Grass]Volcarona||LifeOrb|FlameBody|BugBuzz,HeatWave,TeraBlast,Protect|||F|||50|,,,,,Fairy]Kommo-o||Leftovers|Soundproof|BodyPress,Flamethrower,IronDefense,Protect|||M|||50|,,,,,Fire]Toxtricity||ChoiceSpecs|PunkRock|Overdrive,Boomburst,SludgeBomb,VoltSwitch|||M|||50|,,,,,Normal]Hydreigon||AssaultVest|Levitate|DarkPulse,DracoMeteor,EarthPower,Snarl|||M|||50|,,,,,Ghost
|showteam|p2|Tyranitar||AssaultVest|SandStream|Earthquake,StoneEdge,Crunch,FireFang|||M|||50|,,,,,Rock]Hippowdon||SmoothRock|SandStream|SlackOff,Earthquake,StealthRock,Protect|||M|||50|,,,,,Ground]Houndstone||LifeOrb|SandRush|ShadowBall,ShadowSneak,Crunch,TeraBlast|||F|||50|,,,,,Fighting]Lycanroc||FocusSash|SandRush|SwordsDance,StoneEdge,CloseCombat,Accelerock|||M|||50|,,,,,Rock]Gastrodon||Leftovers|StormDrain|Spikes,StealthRock,Recover,Earthquake|||M|||50|,,,,,Water]Toxapex||BlackSludge|Regenerator|Recover,BanefulBunker,SludgeBomb,Haze|||F|||50|,,,,,Poison
|
|t:|1757040912
|teamsize|p1|4
|teamsize|p2|4
|start
|switch|p1a: Vertnars|Volcarona, L50, F|100/100
|switch|p1b: King dedede|Indeedee, L50, M|100/100
|switch|p2a: Mars|Hippowdon, L50, M|100/100
|switch|p2b: Dr. Feelgood|Gastrodon, L50, M|100/100
|-fieldstart|move: Psychic Terrain|[from] ability: Psychic Surge|[of] p1b: King dedede
|-weather|Sandstorm|[from] ability: Sand Stream|[of] p2a: Mars
|turn|1
|
|t:|1757040949
|move|p1b: King dedede|Expanding Force|p2b: Dr. Feelgood|[spread] p2a,p2b
|-damage|p2a: Mars|42/100
|-damage|p2b: Dr. Feelgood|66/100
|move|p1a: Vertnars|Heat Wave|p2b: Dr. Feelgood|[spread] p2a,p2b
|-resisted|p2b: Dr. Feelgood
|-crit|p2b: Dr. Feelgood
|-damage|p2a: Mars|0 fnt
|-damage|p2b: Dr. Feelgood|43/100
|faint|p2a: Mars
|-damage|p1a: Vertnars|91/100|[from] item: Life Orb
|move|p2b: Dr. Feelgood|Stealth Rock|p1a: Vertnars
|-sidestart|p1: GoofyGifts|move: Stealth Rock
|
|-weather|Sandstorm|[upkeep]
|-damage|p1b: King dedede|95/100|[from] Sandstorm
|-damage|p1a: Vertnars|85/100|[from] Sandstorm
|-heal|p2b: Dr. Feelgood|49/100|[from] item: Leftovers
|upkeep
|
|t:|1757040968
|switch|p2a: Tommy|Lycanroc, L50, M|100/100
|turn|2
|
|t:|1757041005
|move|p1a: Vertnars|Protect|p1a: Vertnars
|-singleturn|p1a: Vertnars|Protect
|move|p2a: Tommy|Accelerock|p1a: Vertnars
|-activate|p1a: Vertnars|move: Psychic Terrain
|move|p1b: King dedede|Imprison|p1b: King dedede
|-start|p1b: King dedede|move: Imprison
|move|p2b: Dr. Feelgood|Recover|p2b: Dr. Feelgood
|-heal|p2b: Dr. Feelgood|99/100
|
|-weather|Sandstorm|[upkeep]
|-damage|p1b: King dedede|89/100|[from] Sandstorm
|-damage|p1a: Vertnars|78/100|[from] Sandstorm
|-heal|p2b: Dr. Feelgood|100/100|[from] item: Leftovers
|upkeep
|turn|3
|
|t:|1757041081
|move|p2a: Tommy|Swords Dance|p2a: Tommy
|-boost|p2a: Tommy|atk|2
|move|p1a: Vertnars|Bug Buzz|p2a: Tommy
|-damage|p2a: Tommy|32/100
|-damage|p1a: Vertnars|69/100|[from] item: Life Orb
|move|p2b: Dr. Feelgood|Earthquake|p1b: King dedede|[spread] p2a,p1a,p1b
|-supereffective|p2a: Tommy
|-damage|p2a: Tommy|0 fnt
|-damage|p1a: Vertnars|38/100
|-damage|p1b: King dedede|41/100
|faint|p2a: Tommy
|move|p1b: King dedede|Trick Room|p1b: King dedede
|-fieldstart|move: Trick Room|[of] p1b: King dedede
|
|-weather|Sandstorm|[upkeep]
|-damage|p1a: Vertnars|32/100|[from] Sandstorm
|-damage|p1b: King dedede|35/100|[from] Sandstorm
|upkeep
|
|t:|1757041098
|switch|p2a: Kickstart|Tyranitar, L50, M|100/100
|turn|4
|
|t:|1757041150
|move|p2b: Dr. Feelgood|Spikes|p1a: Vertnars
|-sidestart|p1: GoofyGifts|Spikes
|move|p2a: Kickstart|Fire Fang|p1a: Vertnars
|-damage|p1a: Vertnars|0 fnt
|faint|p1a: Vertnars
|move|p1b: King dedede|Expanding Force|p2b: Dr. Feelgood|[spread] p2b
|-immune|p2a: Kickstart
|-damage|p2b: Dr. Feelgood|66/100
|
|-weather|Sandstorm|[upkeep]
|-damage|p1b: King dedede|29/100|[from] Sandstorm
|-heal|p2b: Dr. Feelgood|72/100|[from] item: Leftovers
|upkeep
|
|t:|1757041165
|switch|p1a: Medic|Drifblim, L50, M|100/100
|-damage|p1a: Medic|76/100|[from] Stealth Rock
|-enditem|p1a: Medic|Psychic Seed
|-boost|p1a: Medic|spd|1|[from] item: Psychic Seed
|turn|5
|
|t:|1757041213
|move|p2b: Dr. Feelgood|Stealth Rock||[still]
|-fail|p2b: Dr. Feelgood
|move|p2a: Kickstart|Fire Fang|p1b: King dedede
|-damage|p1b: King dedede|0 fnt
|faint|p1b: King dedede
|move|p1a: Medic|Strength Sap|p2a: Kickstart
|-unboost|p2a: Kickstart|atk|1
|-heal|p1a: Medic|100/100
|
|-weather|Sandstorm|[upkeep]
|-damage|p1a: Medic|94/100|[from] Sandstorm
|-heal|p2b: Dr. Feelgood|78/100|[from] item: Leftovers
|-fieldend|move: Psychic Terrain
|upkeep
|
|t:|1757041226
|switch|p1b: Bowser|Hydreigon, L50, M|100/100
|-damage|p1b: Bowser|88/100|[from] Stealth Rock
|turn|6
|
|t:|1757041265
|move|p2b: Dr. Feelgood|Stealth Rock||[still]
|-fail|p2b: Dr. Feelgood
|move|p2a: Kickstart|Earthquake|p1b: Bowser|[spread] p2b
|-immune|p1a: Medic
|-immune|p1b: Bowser|[from] ability: Levitate
|-damage|p2b: Dr. Feelgood|55/100
|move|p1b: Bowser|Dark Pulse|p2b: Dr. Feelgood
|-damage|p2b: Dr. Feelgood|29/100
|move|p1a: Medic|Strength Sap|p2b: Dr. Feelgood
|-unboost|p2b: Dr. Feelgood|atk|1
|-heal|p1a: Medic|100/100
|
|-weather|Sandstorm|[upkeep]
|-damage|p1b: Bowser|82/100|[from] Sandstorm
|-damage|p1a: Medic|94/100|[from] Sandstorm
|-heal|p2b: Dr. Feelgood|35/100|[from] item: Leftovers
|upkeep
|turn|7
|
|t:|1757041307
|move|p2b: Dr. Feelgood|Recover|p2b: Dr. Feelgood
|-heal|p2b: Dr. Feelgood|85/100
|move|p2a: Kickstart|Earthquake|p1b: Bowser|[spread] p2b
|-immune|p1a: Medic
|-immune|p1b: Bowser|[from] ability: Levitate
|-crit|p2b: Dr. Feelgood
|-damage|p2b: Dr. Feelgood|35/100
|move|p1b: Bowser|Snarl|p2a: Kickstart|[spread] p2a,p2b
|-resisted|p2a: Kickstart
|-damage|p2a: Kickstart|97/100
|-damage|p2b: Dr. Feelgood|23/100
|-unboost|p2a: Kickstart|spa|1
|-unboost|p2b: Dr. Feelgood|spa|1
|move|p1a: Medic|Will-O-Wisp|p2a: Kickstart|[miss]
|-miss|p1a: Medic|p2a: Kickstart
|
|-weather|Sandstorm|[upkeep]
|-damage|p1b: Bowser|76/100|[from] Sandstorm
|-damage|p1a: Medic|88/100|[from] Sandstorm
|-heal|p2b: Dr. Feelgood|28/100|[from] item: Leftovers
|-fieldend|move: Trick Room
|upkeep
|turn|8
|
|t:|1757041363
|move|p1a: Medic|Tailwind|p1a: Medic
|-sidestart|p1: GoofyGifts|move: Tailwind
|move|p1b: Bowser|Dark Pulse|p2a: Kickstart
|-resisted|p2a: Kickstart
|-damage|p2a: Kickstart|90/100
|move|p2a: Kickstart|Stone Edge|p1a: Medic
|-supereffective|p1a: Medic
|-damage|p1a: Medic|0 fnt
|faint|p1a: Medic
|move|p2b: Dr. Feelgood|Earthquake|p1b: Bowser|[spread] p2a
|-immune|p1b: Bowser|[from] ability: Levitate
|-supereffective|p2a: Kickstart
|-damage|p2a: Kickstart|58/100
|
|-weather|none
|-heal|p2b: Dr. Feelgood|34/100|[from] item: Leftovers
|upkeep
|turn|9
|
|t:|1757041403
|move|p1b: Bowser|Draco Meteor|p2b: Dr. Feelgood
|-damage|p2b: Dr. Feelgood|0 fnt
|-unboost|p1b: Bowser|spa|2
|faint|p2b: Dr. Feelgood
|move|p2a: Kickstart|Crunch|p1b: Bowser
|-resisted|p1b: Bowser
|-damage|p1b: Bowser|60/100
|
|upkeep
|turn|10
|
|t:|1757041422
|move|p1b: Bowser|Earth Power|p2a: Kickstart
|-supereffective|p2a: Kickstart
|-damage|p2a: Kickstart|42/100
|move|p2a: Kickstart|Earthquake|p1b: Bowser
|-immune|p1b: Bowser|[from] ability: Levitate
|
|upkeep
|turn|11
|
|t:|1757041440
|move|p1b: Bowser|Snarl|p2a: Kickstart
|-resisted|p2a: Kickstart
|-damage|p2a: Kickstart|38/100
|-unboost|p2a: Kickstart|spa|1
|move|p2a: Kickstart|Stone Edge|p1b: Bowser|[miss]
|-miss|p2a: Kickstart|p1b: Bowser
|
|-sideend|p1: GoofyGifts|move: Tailwind
|upkeep
|turn|12
|
|t:|1757041457
|move|p1b: Bowser|Earth Power|p2a: Kickstart
|-supereffective|p2a: Kickstart
|-damage|p2a: Kickstart|21/100
|move|p2a: Kickstart|Stone Edge|p1b: Bowser
|-damage|p1b: Bowser|19/100
|
|upkeep
|turn|13
|
|t:|1757041476
|move|p1b: Bowser|Earth Power|p2a: Kickstart
|-supereffective|p2a: Kickstart
|-damage|p2a: Kickstart|3/100
|move|p2a: Kickstart|Crunch|p1b: Bowser
|-resisted|p1b: Bowser
|-damage|p1b: Bowser|3/100
|
|upkeep
|turn|14
|
|t:|1757041493
|move|p1b: Bowser|Snarl|p2a: Kickstart
|-resisted|p2a: Kickstart
|-damage|p2a: Kickstart|0 fnt
|faint|p2a: Kickstart
|
|win|GoofyGifts
||GoofyGifts is ready for game 2.
||SnappedM15 is ready for game 2.
|uhtml|next|Next: Game 2 of 3
