|j|☆janbenet
|j|☆W.HowardTaftVGC
|html|janbenetW.HowardTaftVGC    
|uhtml|bestof|Game 1 of a best-of-3
|t:|1783527383
|gametype|doubles
|player|p1|janbenet|101|1172
|player|p2|W.HowardTaftVGC|lusamine-nihilego|1246
|gen|9
|tier|[Gen 9 Champions] VGC 2026 Reg M-B (Bo3)
|rated|
|rule|Species Clause: Limit one of each Pokémon
|rule|Item Clause: Limit 1 of each item
|clearpoke
|poke|p1|Kingambit, L50, F|
|poke|p1|Charizard, L50, M|
|poke|p1|Aerodactyl, L50, M|
|poke|p1|Farigiraf, L50, F|
|poke|p1|Garchomp, L50, M|
|poke|p1|Sylveon, L50, F|
|poke|p2|Charizard, L50, M|
|poke|p2|Whimsicott, L50, F, shiny|
|poke|p2|Floette-Eternal, L50, F|
|poke|p2|Garchomp, L50, M|
|poke|p2|Basculegion, L50, M|
|poke|p2|Kingambit, L50, F|
|teampreview|4
|showteam|p1|Kingambit||FocusSash|Defiant|KowtowCleave,IronHead,SuckerPunch,LowKick|Adamant||F|||50|]Charizard||CharizarditeY|SolarPower|Protect,HeatWave,WeatherBall,SolarBeam|Modest||M|||50|]Aerodactyl||Aerodactylite|Unnerve|RockSlide,DualWingbeat,Tailwind,IceFang|Jolly||M|||50|]Farigiraf||SitrusBerry|ArmorTail|Psychic,Thunderbolt,TrickRoom,Roar|Bold||F|||50|]Garchomp||LifeOrb|RoughSkin|Earthquake,StompingTantrum,DragonClaw,Protect|Jolly||M|||50|]Sylveon||FairyFeather|Pixilate|HyperVoice,HyperBeam,QuickAttack,Detect|Modest||F|||50|
|showteam|p2|Charizard||CharizarditeY|Blaze|WeatherBall,HeatWave,SolarBeam,Protect|Modest||M|||50|]Whimsicott||FocusSash|Prankster|Moonblast,Tailwind,Encore,FakeTears|Timid||F|||50|]Floette-Eternal||Floettite|FlowerVeil|LightofRuin,Moonblast,DazzlingGleam,Protect|Timid||F|||50|]Garchomp||LifeOrb|RoughSkin|Earthquake,RockSlide,DragonClaw,Protect|Adamant||M|||50|]Basculegion||ChoiceScarf|Adaptability|WaveCrash,AquaJet,FlipTurn,LastRespects|Jolly||M|||50|]Kingambit||BlackGlasses|Defiant|SuckerPunch,IronHead,LowKick,KowtowCleave|Adamant||F|||50|
|inactive|Battle timer is ON: inactive players will automatically lose when time's up. (requested by W.HowardTaftVGC)
|inactive|janbenet has 60 seconds left.
|
|t:|1783527425
|teamsize|p1|4
|teamsize|p2|4
|start
|switch|p1a: Charizard|Charizard, L50, M|100/100
|switch|p1b: Farigiraf|Farigiraf, L50, F|100/100
|switch|p2a: Flower Power|Floette-Eternal, L50, F|100/100
|switch|p2b: Wingwambit|Kingambit, L50, F|100/100
|turn|1
|inactive|janbenet has 30 seconds left.
|
|t:|1783527452
|switch|p2b: Battlestorm|Garchomp, L50, M|100/100
|detailschange|p2a: Flower Power|Floette-Mega, L50, F
|-mega|p2a: Flower Power|Floette|Floettite
|-ability|p2a: Flower Power|Fairy Aura
|detailschange|p1a: Charizard|Charizard-Mega-Y, L50, M
|-mega|p1a: Charizard|Charizard|Charizardite Y
|-weather|SunnyDay|[from] ability: Drought|[of] p1a: Charizard
|move|p2a: Flower Power|Dazzling Gleam|p1b: Farigiraf|[spread] p1a,p1b
|-resisted|p1a: Charizard|1
|-damage|p1a: Charizard|79/100
|-damage|p1b: Farigiraf|59/100
|move|p1a: Charizard|Heat Wave|p2b: Battlestorm|[spread] p2a,p2b
|-resisted|p2b: Battlestorm|1
|-damage|p2a: Flower Power|46/100
|-damage|p2b: Battlestorm|67/100
|move|p1b: Farigiraf|Psychic|p2a: Flower Power
|-damage|p2a: Flower Power|17/100
|
|-weather|SunnyDay|[upkeep]
|upkeep
|turn|2
|inactive|janbenet has 30 seconds left.
|inactive|W.HowardTaftVGC has 30 seconds left.
|inactive|janbenet has 20 seconds left.
|inactive|janbenet has 15 seconds left.
|inactive|janbenet has 10 seconds left.
|inactive|janbenet has 5 seconds left.
|
|t:|1783527507
|move|p1a: Charizard|Protect|p1a: Charizard
|-singleturn|p1a: Charizard|Protect
|move|p2a: Flower Power|Moonblast|p1b: Farigiraf
|-crit|p1b: Farigiraf
|-damage|p1b: Farigiraf|0 fnt
|faint|p1b: Farigiraf
|move|p2b: Battlestorm|Rock Slide|p1a: Charizard
|-activate|p1a: Charizard|move: Protect
|
|-weather|SunnyDay|[upkeep]
|upkeep
|
|t:|1783527515
|switch|p1b: Sylveon|Sylveon, L50, F|100/100
|turn|3
|
|t:|1783527527
|switch|p1a: Kingambit|Kingambit, L50, F|100/100
|move|p1b: Sylveon|Detect|p1b: Sylveon
|-singleturn|p1b: Sylveon|Protect
|move|p2a: Flower Power|Moonblast|p1b: Sylveon
|-activate|p1b: Sylveon|move: Protect
|move|p2b: Battlestorm|Rock Slide|p1b: Sylveon|[spread] 
|-activate|p1b: Sylveon|move: Protect
|-miss|p2b: Battlestorm|p1a: Kingambit
|
|-weather|SunnyDay|[upkeep]
|upkeep
|turn|4
|
|t:|1783527544
|move|p2a: Flower Power|Protect|p2a: Flower Power
|-singleturn|p2a: Flower Power|Protect
|move|p1a: Kingambit|Sucker Punch||[still]
|-fail|p1a: Kingambit
|move|p2b: Battlestorm|Earthquake|p1b: Sylveon|[spread] p1a,p1b
|-activate|p2a: Flower Power|move: Protect
|-supereffective|p1a: Kingambit|1
|-damage|p1a: Kingambit|18/100
|-damage|p1b: Sylveon|43/100
|-damage|p2b: Battlestorm|57/100|[from] item: Life Orb
|move|p1b: Sylveon|Hyper Voice|p2b: Battlestorm|[spread] p2b
|-activate|p2a: Flower Power|move: Protect
|-supereffective|p2b: Battlestorm|1
|-damage|p2b: Battlestorm|0 fnt
|faint|p2b: Battlestorm
|
|-weather|SunnyDay|[upkeep]
|upkeep
|
|t:|1783527559
|switch|p2b: Wingwambit|Kingambit, L50, F|100/100
|turn|5
|
|t:|1783527575
|switch|p2a: Bubble Basc|Basculegion, L50, M|100/100
|move|p1a: Kingambit|Sucker Punch||[still]
|-fail|p1a: Kingambit
|move|p1b: Sylveon|Hyper Beam|p2b: Wingwambit
|-damage|p2b: Wingwambit|0 fnt
|-mustrecharge|p1b: Sylveon
|faint|p2b: Wingwambit
|
|-weather|none
|upkeep
|
|t:|1783527586
|switch|p2b: Flower Power|Floette-Mega, L50, F|17/100
|-ability|p2b: Flower Power|Fairy Aura
|turn|6
|
|t:|1783527605
|switch|p1a: Charizard|Charizard-Mega-Y, L50, M|79/100
|-weather|SunnyDay|[from] ability: Drought|[of] p1a: Charizard
|move|p2a: Bubble Basc|Aqua Jet|p1a: Charizard
|-supereffective|p1a: Charizard|1
|-damage|p1a: Charizard|58/100
|move|p2b: Flower Power|Dazzling Gleam|p1a: Charizard|[spread] p1a,p1b
|-resisted|p1a: Charizard|1
|-damage|p1a: Charizard|35/100
|-damage|p1b: Sylveon|6/100
|cant|p1b: Sylveon|recharge
|
|-weather|SunnyDay|[upkeep]
|upkeep
|turn|7
|
|t:|1783527622
|move|p1a: Charizard|Protect|p1a: Charizard
|-singleturn|p1a: Charizard|Protect
|move|p2a: Bubble Basc|Aqua Jet|p1a: Charizard
|-activate|p1a: Charizard|move: Protect
|move|p1b: Sylveon|Quick Attack|p2b: Flower Power
|-damage|p2b: Flower Power|0 fnt
|faint|p2b: Flower Power
|
|-weather|SunnyDay|[upkeep]
|upkeep
|turn|8
|-message|W.HowardTaftVGC forfeited.
|
|win|janbenet
||janbenet is ready for game 2.
||W.HowardTaftVGC is ready for game 2.
|uhtml|next|Next: Game 2 of 3
|l|☆W.HowardTaftVGC
|player|p2|
