|j|☆vgc_eon
|j|☆xxAKIxx
|html|vgc_eonxxAKIxx    
|uhtml|bestof|Game 2 of a best-of-3
|t:|1756202860
|gametype|doubles
|player|p1|vgc_eon|green|1176
|player|p2|xxAKIxx|1|1062
|gen|9
|tier|[Gen 9] VGC 2025 Reg H (Bo3)
|rated|
|rule|Species Clause: Limit one of each Pokémon
|rule|Item Clause: Limit 1 of each item
|clearpoke
|poke|p1|Sneasler, L50, F|
|poke|p1|Dragonite, L50, F|
|poke|p1|Dondozo, L50, M|
|poke|p1|Rillaboom, L50, M|
|poke|p1|Volcarona, L50, F|
|poke|p1|Electabuzz, L50, M|
|poke|p2|Archaludon, L50, M|
|poke|p2|Basculegion, L50, M|
|poke|p2|Pelipper, L50, F|
|poke|p2|Amoonguss, L50, M|
|poke|p2|Incineroar, L50, F|
|poke|p2|Maushold, L50|
|teampreview|4
|showteam|p1|Sneasler||FocusSash|PoisonTouch|FakeOut,DireClaw,CloseCombat,Protect|||F|||50|,,,,,Dark]Dragonite||LoadedDice|Multiscale|ExtremeSpeed,ScaleShot,StompingTantrum,Protect|||F|||50|,,,,,Steel]Dondozo||Leftovers|Unaware|WaveCrash,Yawn,Fissure,Protect|||M|||50|,,,,,Poison]Rillaboom||AssaultVest|GrassySurge|FakeOut,WoodHammer,GrassyGlide,Uturn|||M|||50|,,,,,Fire]Volcarona||CovertCloak|FlameBody|HeatWave,QuiverDance,TeraBlast,Protect|||F|||50|,,,,,Fairy]Electabuzz||Eviolite|VitalSpirit|Thunderbolt,FollowMe,Taunt,Protect|||M|||50|,,,,,Ghost
|showteam|p2|Archaludon||AssaultVest|Stamina|ElectroShot,DragonPulse,FlashCannon,BodyPress|||M|||50|,,,,,Grass]Basculegion||MysticWater|SwiftSwim|Protect,WaveCrash,AquaJet,LastRespects|||M|||50|,,,,,Water]Pelipper||FocusSash|Drizzle|Hurricane,WeatherBall,Tailwind,Protect|||F|||50|,,,,,Ghost]Amoonguss||SitrusBerry|Regenerator|Spore,RagePowder,PollenPuff,ClearSmog|||M|||50|,,,,,Water]Incineroar||SafetyGoggles|Intimidate|FakeOut,FlareBlitz,KnockOff,PartingShot|||F|||50|,,,,,Ghost]Maushold||WideLens|Technician|PopulationBomb,FollowMe,Taunt,Protect||||||50|,,,,,Grass
|
|t:|1756202922
|teamsize|p1|4
|teamsize|p2|4
|start
|switch|p1a: Volcarona|Volcarona, L50, F|100/100
|switch|p1b: Electabuzz|Electabuzz, L50, M|100/100
|switch|p2a: Maushold|Maushold, L50|100/100
|switch|p2b: Pelipper|Pelipper, L50, F|100/100
|-weather|RainDance|[from] ability: Drizzle|[of] p2b: Pelipper
|turn|1
|
|t:|1756202940
|move|p1b: Electabuzz|Follow Me|p1b: Electabuzz
|-singleturn|p1b: Electabuzz|move: Follow Me
|move|p2a: Maushold|Population Bomb|p1b: Electabuzz
|-damage|p1b: Electabuzz|93/100
|-damage|p1b: Electabuzz|84/100
|-damage|p1b: Electabuzz|76/100
|-damage|p1b: Electabuzz|67/100
|-damage|p1b: Electabuzz|59/100
|-damage|p1b: Electabuzz|50/100
|-damage|p1b: Electabuzz|41/100
|-damage|p1b: Electabuzz|34/100
|-damage|p1b: Electabuzz|26/100
|-damage|p1b: Electabuzz|17/100
|-hitcount|p1b: Electabuzz|10
|move|p1a: Volcarona|Quiver Dance|p1a: Volcarona
|-boost|p1a: Volcarona|spa|1
|-boost|p1a: Volcarona|spd|1
|-boost|p1a: Volcarona|spe|1
|move|p2b: Pelipper|Tailwind|p2b: Pelipper
|-sidestart|p2: xxAKIxx|move: Tailwind
|
|-weather|RainDance|[upkeep]
|upkeep
|turn|2
|
|t:|1756202974
|-terastallize|p1a: Volcarona|Fairy
|move|p1b: Electabuzz|Follow Me|p1b: Electabuzz
|-singleturn|p1b: Electabuzz|move: Follow Me
|move|p2a: Maushold|Population Bomb|p1b: Electabuzz
|-damage|p1b: Electabuzz|9/100
|-damage|p1b: Electabuzz|0 fnt
|faint|p1b: Electabuzz
|-hitcount|p1: Electabuzz|2
|move|p2b: Pelipper|Hurricane|p1a: Volcarona
|-damage|p1a: Volcarona|72/100
|move|p1a: Volcarona|Quiver Dance|p1a: Volcarona
|-boost|p1a: Volcarona|spa|1
|-boost|p1a: Volcarona|spd|1
|-boost|p1a: Volcarona|spe|1
|
|-weather|RainDance|[upkeep]
|upkeep
|
|t:|1756202987
|switch|p1b: Rillaboom|Rillaboom, L50, M|100/100
|-fieldstart|move: Grassy Terrain|[from] ability: Grassy Surge|[of] p1b: Rillaboom
|turn|3
|
|t:|1756203015
|switch|p2b: Archaludon|Archaludon, L50, M|100/100
|move|p2a: Maushold|Protect|p2a: Maushold
|-singleturn|p2a: Maushold|Protect
|move|p1b: Rillaboom|Grassy Glide|p2b: Archaludon
|-resisted|p2b: Archaludon
|-damage|p2b: Archaludon|94/100
|-ability|p2b: Archaludon|Stamina|boost
|-boost|p2b: Archaludon|def|1
|move|p1a: Volcarona|Tera Blast|p2b: Archaludon|[anim] Tera Blast Fairy
|-damage|p2b: Archaludon|27/100
|-ability|p2b: Archaludon|Stamina|boost
|-boost|p2b: Archaludon|def|1
|
|-weather|RainDance|[upkeep]
|-heal|p1a: Volcarona|78/100|[from] Grassy Terrain
|-heal|p2b: Archaludon|33/100|[from] Grassy Terrain
|upkeep
|turn|4
|
|t:|1756203063
|move|p1a: Volcarona|Protect|p1a: Volcarona
|-singleturn|p1a: Volcarona|Protect
|move|p1b: Rillaboom|Grassy Glide|p2a: Maushold
|-damage|p2a: Maushold|44/100
|move|p2a: Maushold|Population Bomb|p1a: Volcarona
|-activate|p1a: Volcarona|move: Protect
|move|p2b: Archaludon|Body Press|p1b: Rillaboom
|-damage|p1b: Rillaboom|56/100
|
|-weather|RainDance|[upkeep]
|-heal|p2a: Maushold|50/100|[from] Grassy Terrain
|-heal|p1a: Volcarona|84/100|[from] Grassy Terrain
|-heal|p2b: Archaludon|40/100|[from] Grassy Terrain
|-heal|p1b: Rillaboom|62/100|[from] Grassy Terrain
|-sideend|p2: xxAKIxx|move: Tailwind
|upkeep
|turn|5
|
|t:|1756203088
|move|p1b: Rillaboom|Grassy Glide|p2a: Maushold
|-damage|p2a: Maushold|0 fnt
|faint|p2a: Maushold
|move|p1a: Volcarona|Tera Blast|p2b: Archaludon|[anim] Tera Blast Fairy
|-damage|p2b: Archaludon|0 fnt
|faint|p2b: Archaludon
|
|-weather|none
|-heal|p1a: Volcarona|90/100|[from] Grassy Terrain
|-heal|p1b: Rillaboom|68/100|[from] Grassy Terrain
|upkeep
|l|☆xxAKIxx
|player|p2|
|inactive|Battle timer is ON: inactive players will automatically lose when time's up. (requested by vgc_eon)
|inactive|xxAKIxx has 30 seconds to reconnect!
|inactive|xxAKIxx has 20 seconds to reconnect!
|inactive|xxAKIxx has 15 seconds to reconnect!
|inactive|xxAKIxx has 10 seconds to reconnect!
|inactive|xxAKIxx has 5 seconds to reconnect!
|-message|xxAKIxx lost due to inactivity.
|
|win|vgc_eon
|raw|vgc_eon's rating: 1176 → 1193(+17 for winning)
|raw|xxAKIxx's rating: 1062 → 1049(-13 for losing)
