|j|☆TrainerChrxs
|j|☆Urkin' Pincurchin
|html|TrainerChrxsUrkin' Pincurchin    
|uhtml|bestof|Game 3 of a best-of-3
|t:|1756690121
|gametype|doubles
|player|p1|TrainerChrxs|psychic-gen4|1319
|player|p2|Urkin' Pincurchin|fisherman-gen4|1356
|gen|9
|tier|[Gen 9] VGC 2025 Reg H (Bo3)
|rated|
|rule|Species Clause: Limit one of each Pokémon
|rule|Item Clause: Limit 1 of each item
|clearpoke
|poke|p1|Orthworm, L50, F|
|poke|p1|Sneasler, L50, F|
|poke|p1|Dragonite, L50, M|
|poke|p1|Comfey, L50, F|
|poke|p1|Rillaboom, L50, M|
|poke|p1|Volcarona, L50, M|
|poke|p2|Dragonite, L50, M|
|poke|p2|Rillaboom, L50, M|
|poke|p2|Maushold-Four, L50|
|poke|p2|Annihilape, L50, M|
|poke|p2|Gholdengo, L50|
|poke|p2|Ursaluna-Bloodmoon, L50, M|
|teampreview|4
|showteam|p1|Orthworm||SitrusBerry|EarthEater|Protect,BodyPress,HelpingHand,ShedTail|||F|||50|,,,,,Fire]Sneasler||FocusSash|Unburden|FakeOut,DireClaw,CloseCombat,Coaching|||F|||50|,,,,,Ghost]Dragonite||LoadedDice|Multiscale|Protect,ScaleShot,TeraBlast,Haze|||M|||50|,,,,,Flying]Comfey||CovertCloak|Triage|Protect,DrainingKiss,FloralHealing,Taunt|||F|||50|,,,,,Grass]Rillaboom||AssaultVest|GrassySurge|FakeOut,GrassyGlide,WoodHammer,Uturn|||M|||50|,,,,,Fire]Volcarona||GrassySeed|FlameBody|Protect,HeatWave,GigaDrain,QuiverDance|||M|||50|,,,,,Grass
|showteam|p2|Dragonite||LoadedDice|Multiscale|ScaleShot,Tailwind,Protect,Haze|||M|||50|,,,,,Fairy]Rillaboom||MiracleSeed|GrassySurge|WoodHammer,GrassyGlide,HighHorsepower,FakeOut|||M|||50|,,,,,Fire]Maushold-Four||FocusSash|FriendGuard|SuperFang,BeatUp,Protect,FollowMe||||||50|,,,,,Ghost]Annihilape||SitrusBerry|Defiant|RageFist,DrainPunch,BulkUp,Protect|||M|||50|,,,,,Fire]Gholdengo||LifeOrb|GoodasGold|MakeItRain,ShadowBall,Protect,NastyPlot||||||50|,,,,,Water]Ursaluna-Bloodmoon||AssaultVest|MindsEye|BloodMoon,EarthPower,HyperVoice,VacuumWave|||M|||50|,,,,,Water
|inactive|Battle timer is ON: inactive players will automatically lose when time's up. (requested by Urkin' Pincurchin)
|
|t:|1756690146
|teamsize|p1|4
|teamsize|p2|4
|start
|switch|p1a: Sneasler|Sneasler, L50, F, shiny|100/100
|switch|p1b: Dragonite|Dragonite, L50, M|100/100
|switch|p2a: Maushold|Maushold-Four, L50|100/100
|switch|p2b: Annihilape|Annihilape, L50, M|100/100
|turn|1
|
|t:|1756690169
|move|p2a: Maushold|Protect|p2a: Maushold
|-singleturn|p2a: Maushold|Protect
|move|p1a: Sneasler|Coaching|p1b: Dragonite
|-boost|p1b: Dragonite|atk|1
|-boost|p1b: Dragonite|def|1
|move|p2b: Annihilape|Rage Fist|p1b: Dragonite
|-damage|p1b: Dragonite|93/100
|move|p1b: Dragonite|Scale Shot|p2a: Maushold
|-activate|p2a: Maushold|move: Protect
|
|upkeep
|turn|2
|
|t:|1756690187
|-terastallize|p2b: Annihilape|Fire
|move|p1a: Sneasler|Coaching|p1b: Dragonite
|-boost|p1b: Dragonite|atk|1
|-boost|p1b: Dragonite|def|1
|move|p2a: Maushold|Beat Up|p2b: Annihilape
|-damage|p2b: Annihilape|99/100
|-damage|p2b: Annihilape|97/100
|-damage|p2b: Annihilape|95/100
|-damage|p2b: Annihilape|94/100
|-hitcount|p2b: Annihilape|4
|move|p2b: Annihilape|Rage Fist|p1b: Dragonite
|-damage|p1b: Dragonite|45/100
|move|p1b: Dragonite|Scale Shot|p2a: Maushold
|-damage|p2a: Maushold|63/100
|-damage|p2a: Maushold|28/100
|-damage|p2a: Maushold|0 fnt
|faint|p2a: Maushold
|-hitcount|p2: Maushold|3
|-unboost|p1b: Dragonite|def|1
|-boost|p1b: Dragonite|spe|1
|
|upkeep
|
|t:|1756690198
|switch|p2a: Dragonite|Dragonite, L50, M|100/100
|turn|3
|
|t:|1756690221
|move|p1a: Sneasler|Coaching|p1b: Dragonite
|-boost|p1b: Dragonite|atk|1
|-boost|p1b: Dragonite|def|1
|move|p1b: Dragonite|Scale Shot|p2a: Dragonite
|-supereffective|p2a: Dragonite
|-crit|p2a: Dragonite
|-damage|p2a: Dragonite|42/100
|-supereffective|p2a: Dragonite
|-damage|p2a: Dragonite|0 fnt
|faint|p2a: Dragonite
|-hitcount|p2: Dragonite|2
|-unboost|p1b: Dragonite|def|1
|-boost|p1b: Dragonite|spe|1
|move|p2b: Annihilape|Rage Fist|p1b: Dragonite
|-damage|p1b: Dragonite|0 fnt
|faint|p1b: Dragonite
|
|upkeep
|
|t:|1756690241
|switch|p2a: Rillaboom|Rillaboom, L50, M|100/100
|switch|p1b: Rillaboom|Rillaboom, L50, M, shiny|100/100
|-fieldstart|move: Grassy Terrain|[from] ability: Grassy Surge|[of] p2a: Rillaboom
|turn|4
|inactive|TrainerChrxs has 30 seconds left.
|
|t:|1756690270
|-terastallize|p1a: Sneasler|Ghost
|move|p2a: Rillaboom|Fake Out|p1b: Rillaboom
|-damage|p1b: Rillaboom|89/100
|cant|p1b: Rillaboom|flinch
|move|p1a: Sneasler|Dire Claw|p2a: Rillaboom
|-supereffective|p2a: Rillaboom
|-damage|p2a: Rillaboom|16/100
|-status|p2a: Rillaboom|slp
|move|p2b: Annihilape|Rage Fist|p1b: Rillaboom
|-damage|p1b: Rillaboom|0 fnt
|faint|p1b: Rillaboom
|
|-heal|p2b: Annihilape|99/100|[from] Grassy Terrain
|-heal|p2a: Rillaboom|22/100 slp|[from] Grassy Terrain
|upkeep
|
|t:|1756690275
|switch|p1b: Comfey|Comfey, L50, F|100/100
|turn|5
|
|t:|1756690286
|move|p1b: Comfey|Protect|p1b: Comfey
|-singleturn|p1b: Comfey|Protect
|cant|p2a: Rillaboom|slp
|move|p1a: Sneasler|Dire Claw|p2b: Annihilape
|-damage|p2b: Annihilape|55/100
|-status|p2b: Annihilape|psn
|move|p2b: Annihilape|Rage Fist|p1b: Comfey
|-activate|p1b: Comfey|move: Protect
|
|-heal|p2b: Annihilape|61/100 psn|[from] Grassy Terrain
|-heal|p2a: Rillaboom|28/100 slp|[from] Grassy Terrain
|-damage|p2b: Annihilape|48/100 psn|[from] psn
|upkeep
|-enditem|p2b: Annihilape|Sitrus Berry|[eat]
|-heal|p2b: Annihilape|73/100 psn|[from] item: Sitrus Berry
|turn|6
|inactive|TrainerChrxs has 30 seconds left.
|
|t:|1756690321
|move|p1b: Comfey|Draining Kiss|p2b: Annihilape
|-resisted|p2b: Annihilape
|-damage|p2b: Annihilape|66/100 psn
|cant|p2a: Rillaboom|slp
|move|p1a: Sneasler|Close Combat|p2b: Annihilape
|-damage|p2b: Annihilape|7/100 psn
|-unboost|p1a: Sneasler|def|1
|-unboost|p1a: Sneasler|spd|1
|move|p2b: Annihilape|Rage Fist|p1a: Sneasler
|-supereffective|p1a: Sneasler
|-enditem|p1a: Sneasler|Focus Sash
|-damage|p1a: Sneasler|1/100
|
|-heal|p1a: Sneasler|7/100|[from] Grassy Terrain
|-heal|p2b: Annihilape|13/100 psn|[from] Grassy Terrain
|-heal|p2a: Rillaboom|34/100 slp|[from] Grassy Terrain
|-damage|p2b: Annihilape|0 fnt|[from] psn
|faint|p2b: Annihilape
|upkeep
|turn|7
|
|t:|1756690332
|move|p1b: Comfey|Floral Healing|p1a: Sneasler
|-heal|p1a: Sneasler|74/100
|cant|p2a: Rillaboom|slp
|move|p1a: Sneasler|Dire Claw|p2a: Rillaboom
|-supereffective|p2a: Rillaboom
|-damage|p2a: Rillaboom|0 fnt
|faint|p2a: Rillaboom
|
|win|TrainerChrxs
|raw|TrainerChrxs's rating: 1319 → 1341(+22 for winning)
|raw|Urkin' Pincurchin's rating: 1356 → 1334(-22 for losing)
|l|☆Urkin' Pincurchin
|player|p2|
|j|☆Urkin' Pincurchin
|player|p2|Urkin' Pincurchin|fisherman-gen4|
|l|☆TrainerChrxs
|player|p1|
