|j|☆luckycricket0326
|j|☆raksbachtesting2
|html|luckycricket0326raksbachtesting2    
|uhtml|bestof|Game 2 of a best-of-3
|t:|1785163683
|gametype|doubles
|player|p1|luckycricket0326|169|1086
|player|p2|raksbachtesting2|doubleteam|1046
|gen|9
|tier|[Gen 9 Champions] VGC 2026 Reg M-B (Bo3)
|rated|
|rule|Species Clause: Limit one of each Pokémon
|rule|Item Clause: Limit 1 of each item
|clearpoke
|poke|p1|Blastoise, L50, M|
|poke|p1|Delphox, L50, F|
|poke|p1|Sneasler, L50, F|
|poke|p1|Sinistcha, L50|
|poke|p1|Incineroar, L50, M|
|poke|p1|Kingambit, L50, F|
|poke|p2|Sinistcha, L50|
|poke|p2|Garchomp, L50, M, shiny|
|poke|p2|Sneasler, L50, F, shiny|
|poke|p2|Floette-Eternal, L50, F|
|poke|p2|Incineroar, L50, F, shiny|
|poke|p2|Kingambit, L50, F, shiny|
|teampreview|4
|showteam|p1|Blastoise||Blastoisinite|RainDish|WaterSpout,DarkPulse,ShellSmash,Protect|Modest||M|||50|]Delphox||Delphoxite|Blaze|HeatWave,Psychic,NastyPlot,Protect|Timid||F|||50|]Sneasler||FocusSash|PoisonTouch|FakeOut,CloseCombat,PoisonJab,QuickGuard|Jolly||F|||50|]Sinistcha||KasibBerry|Hospitality|MatchaGotcha,LifeDew,RagePowder,Protect|Bold|||||50|]Incineroar||SitrusBerry|Intimidate|FakeOut,FlareBlitz,HelpingHand,PartingShot|Impish||M|||50|]Kingambit||BlackGlasses|Defiant|KowtowCleave,SuckerPunch,SwordsDance,Protect|Adamant||F|||50|
|showteam|p2|Sinistcha||SitrusBerry|Hospitality|MatchaGotcha,RagePowder,Protect,TrickRoom|Bold|||||50|]Garchomp||Garchompite|RoughSkin|StompingTantrum,Earthquake,RockSlide,Protect|Adamant||M|||50|]Sneasler||FocusSash|Unburden|CloseCombat,DireClaw,FakeOut,Coaching|Jolly||F|||50|]Floette-Eternal||Floettite|FlowerVeil|DazzlingGleam,DrainingKiss,CalmMind,Protect|Timid||F|||50|]Incineroar||Leftovers|Intimidate|FakeOut,FlareBlitz,PartingShot,HelpingHand|Sassy||F|||50|]Kingambit||ChopleBerry|Defiant|KowtowCleave,SuckerPunch,IronHead,Protect|Adamant||F|||50|
|inactive|Battle timer is ON: inactive players will automatically lose when time's up. (requested by raksbachtesting2)
|
|t:|1785163698
|teamsize|p1|4
|teamsize|p2|4
|start
|switch|p1a: Delphox|Delphox, L50, F|100/100
|switch|p1b: Sneasler|Sneasler, L50, F|100/100
|switch|p2a: Garchomp|Garchomp, L50, M, shiny|100/100
|switch|p2b: Sneasler|Sneasler, L50, F, shiny|100/100
|turn|1
|inactive|luckycricket0326 has 30 seconds left.
|inactive|luckycricket0326 has 20 seconds left.
|
|t:|1785163738
|detailschange|p1a: Delphox|Delphox-Mega, L50, F
|-mega|p1a: Delphox|Delphox|Delphoxite
|detailschange|p2a: Garchomp|Garchomp-Mega, L50, M, shiny
|-mega|p2a: Garchomp|Garchomp|Garchompite
|move|p1b: Sneasler|Fake Out|p2b: Sneasler
|-damage|p2b: Sneasler|77/100
|move|p1a: Delphox|Nasty Plot|p1a: Delphox
|-boost|p1a: Delphox|spa|2
|cant|p2b: Sneasler|flinch
|move|p2a: Garchomp|Rock Slide|p1b: Sneasler|[spread] p1a,p1b
|-supereffective|p1a: Delphox|1
|-resisted|p1b: Sneasler|1
|-damage|p1a: Delphox|37/100
|-damage|p1b: Sneasler|78/100
|
|upkeep
|turn|2
|inactive|luckycricket0326 has 30 seconds left.
|inactive|luckycricket0326 has 20 seconds left.
|inactive|luckycricket0326 has 15 seconds left.
|inactive|raksbachtesting2 has 30 seconds left.
|
|t:|1785163784
|switch|p1b: Sinistcha|Sinistcha, L50|100/100
|-heal|p1a: Delphox|62/100|[from] ability: Hospitality|[of] p1b: Sinistcha
|move|p1a: Delphox|Protect|p1a: Delphox
|-singleturn|p1a: Delphox|Protect
|move|p2b: Sneasler|Dire Claw|p1a: Delphox
|-activate|p1a: Delphox|move: Protect
|move|p2a: Garchomp|Rock Slide|p1a: Delphox|[spread] p1b
|-activate|p1a: Delphox|move: Protect
|-damage|p1b: Sinistcha|76/100
|
|upkeep
|turn|3
|
|t:|1785163800
|move|p1b: Sinistcha|Rage Powder|p1b: Sinistcha
|-singleturn|p1b: Sinistcha|move: Rage Powder
|move|p1a: Delphox|Psychic|p2a: Garchomp
|-damage|p2a: Garchomp|9/100
|move|p2b: Sneasler|Dire Claw|p1b: Sinistcha
|-damage|p1b: Sinistcha|41/100
|-status|p1b: Sinistcha|psn
|move|p2a: Garchomp|Rock Slide|p1b: Sinistcha|[spread] p1a,p1b
|-supereffective|p1a: Delphox|1
|-damage|p1a: Delphox|0 fnt
|-damage|p1b: Sinistcha|19/100 psn
|faint|p1a: Delphox
|
|-damage|p1b: Sinistcha|6/100 psn|[from] psn
|upkeep
|
|t:|1785163819
|switch|p1a: Sneasler|Sneasler, L50, F|78/100
|turn|4
|
|t:|1785163829
|move|p2a: Garchomp|Protect|p2a: Garchomp
|-singleturn|p2a: Garchomp|Protect
|move|p1a: Sneasler|Fake Out|p2a: Garchomp
|-activate|p2a: Garchomp|move: Protect
|move|p2b: Sneasler|Coaching|p2a: Garchomp
|-boost|p2a: Garchomp|atk|1
|-boost|p2a: Garchomp|def|1
|move|p1b: Sinistcha|Life Dew|p1b: Sinistcha|[spread] p1a,p1b
|-heal|p1a: Sneasler|100/100
|-heal|p1b: Sinistcha|32/100 psn
|
|-damage|p1b: Sinistcha|19/100 psn|[from] psn
|upkeep
|turn|5
|inactive|luckycricket0326 has 30 seconds left.
|inactive|raksbachtesting2 has 30 seconds left.
|
|t:|1785163857
|move|p2b: Sneasler|Dire Claw|p1b: Sinistcha
|-damage|p1b: Sinistcha|0 fnt
|faint|p1b: Sinistcha
|move|p1a: Sneasler|Poison Jab|p2a: Garchomp
|-resisted|p2a: Garchomp|1
|-damage|p2a: Garchomp|0 fnt
|faint|p2a: Garchomp
|
|upkeep
|
|t:|1785163866
|switch|p2a: Sinistcha|Sinistcha, L50|100/100
|switch|p1b: Kingambit|Kingambit, L50, F|100/100
|-heal|p2b: Sneasler|100/100|[from] ability: Hospitality|[of] p2a: Sinistcha
|turn|6
|
|t:|1785163890
|move|p2a: Sinistcha|Protect|p2a: Sinistcha
|-singleturn|p2a: Sinistcha|Protect
|move|p1b: Kingambit|Sucker Punch||[still]
|-fail|p1b: Kingambit
|move|p1a: Sneasler|Close Combat|p2b: Sneasler
|-resisted|p2b: Sneasler|1
|-damage|p2b: Sneasler|48/100
|-unboost|p1a: Sneasler|def|1
|-unboost|p1a: Sneasler|spd|1
|move|p2b: Sneasler|Coaching|p2a: Sinistcha
|-boost|p2a: Sinistcha|atk|1
|-boost|p2a: Sinistcha|def|1
|
|upkeep
|turn|7
|
|t:|1785163910
|move|p2a: Sinistcha|Rage Powder|p2a: Sinistcha
|-singleturn|p2a: Sinistcha|move: Rage Powder
|move|p1b: Kingambit|Sucker Punch||[still]
|-fail|p1b: Kingambit
|move|p1a: Sneasler|Close Combat|p2a: Sinistcha
|-immune|p2a: Sinistcha
|move|p2b: Sneasler|Close Combat|p1b: Kingambit
|-supereffective|p1b: Kingambit|2
|-damage|p1b: Kingambit|0 fnt
|-unboost|p2b: Sneasler|def|1
|-unboost|p2b: Sneasler|spd|1
|faint|p1b: Kingambit
|
|upkeep
|turn|8
|
|t:|1785163928
|move|p2b: Sneasler|Coaching|p2a: Sinistcha
|-boost|p2a: Sinistcha|atk|1
|-boost|p2a: Sinistcha|def|1
|move|p1a: Sneasler|Poison Jab|p2a: Sinistcha
|-damage|p2a: Sinistcha|82/100
|-status|p2a: Sinistcha|psn
|move|p2a: Sinistcha|Matcha Gotcha|p1a: Sneasler
|-resisted|p1a: Sneasler|1
|-damage|p1a: Sneasler|64/100
|-heal|p2a: Sinistcha|98/100 psn|[from] drain|[of] p1a: Sneasler
|-status|p1a: Sneasler|brn
|
|-damage|p2a: Sinistcha|85/100 psn|[from] psn
|-damage|p1a: Sneasler|58/100 brn|[from] brn
|upkeep
|turn|9
|
|t:|1785163948
|move|p1a: Sneasler|Poison Jab|p2b: Sneasler
|-resisted|p2b: Sneasler|1
|-damage|p2b: Sneasler|20/100y
|move|p2b: Sneasler|Close Combat|p1a: Sneasler
|-resisted|p1a: Sneasler|1
|-damage|p1a: Sneasler|0 fnt
|-unboost|p2b: Sneasler|def|1
|-unboost|p2b: Sneasler|spd|1
|faint|p1a: Sneasler
|
|win|raksbachtesting2
|raw|luckycricket0326's rating: 1086 → 1060(-26 for losing)
|raw|raksbachtesting2's rating: 1046 → 1083(+37 for winning)
