|j|☆JeanChasuble
|j|☆sparrow.d.ace
|html|JeanChasublesparrow.d.ace    
|uhtml|bestof|Game 1 of a best-of-3
|t:|1756921230
|gametype|doubles
|player|p1|JeanChasuble|cheren-gen5bw2|1163
|player|p2|sparrow.d.ace|alec-anime|1201
|gen|9
|tier|[Gen 9] VGC 2025 Reg H (Bo3)
|rated|
|rule|Species Clause: Limit one of each Pokémon
|rule|Item Clause: Limit 1 of each item
|clearpoke
|poke|p1|Talonflame, L50, M|
|poke|p1|Garchomp, L50, F|
|poke|p1|Incineroar, L50, M|
|poke|p1|Gholdengo, L50|
|poke|p1|Tyranitar, L50, M|
|poke|p1|Amoonguss, L50, F|
|poke|p2|Basculegion, L50, M|
|poke|p2|Pelipper, L50, M|
|poke|p2|Archaludon, L50, M|
|poke|p2|Sneasler, L50, M|
|poke|p2|Rillaboom, L50, M|
|poke|p2|Incineroar, L50, M|
|teampreview|4
|showteam|p1|Talonflame||CovertCloak|GaleWings|BraveBird,Taunt,Tailwind,WillOWisp|||M|||50|,,,,,Ghost]Garchomp||ClearAmulet|SandVeil|DragonClaw,Earthquake,StompingTantrum,Protect|||F|||50|,,,,,Fairy]Incineroar||SafetyGoggles|Intimidate|FlareBlitz,KnockOff,FakeOut,PartingShot|||M|||50|,,,,,Ghost]Gholdengo||LifeOrb|GoodasGold|MakeItRain,ShadowBall,NastyPlot,Protect||||||50|,,,,,Water]Tyranitar||AssaultVest|SandStream|KnockOff,TeraBlast,RockSlide,LowKick|||M|||50|,,,,,Flying]Amoonguss||SitrusBerry|Regenerator|SludgeBomb,RagePowder,Spore,Protect|||F|||50|,,,,,Water
|showteam|p2|Basculegion||ChoiceBand|SwiftSwim|WaveCrash,FlipTurn,LastRespects,AquaJet|||M|||50|,,,,,Water]Pelipper||CovertCloak|Drizzle|WeatherBall,Hurricane,Tailwind,Protect|||M|||50|,,,,,Stellar]Archaludon||AssaultVest|Stamina|ElectroShot,DragonPulse,FlashCannon,BodyPress|||M|||50|,,,,,Bug]Sneasler||FocusSash|PoisonTouch|DireClaw,CloseCombat,ThroatChop,Protect|||M|||50|,,,,,Ghost]Rillaboom||MiracleSeed|GrassySurge|WoodHammer,GrassyGlide,Uturn,FakeOut|||M|||50|,,,,,Fire]Incineroar||SafetyGoggles|Intimidate|Taunt,FakeOut,PartingShot,KnockOff|||M|||50|,,,,,Ghost
|inactive|Battle timer is ON: inactive players will automatically lose when time's up. (requested by sparrow.d.ace)
|
|t:|1756921281
|teamsize|p1|4
|teamsize|p2|4
|start
|switch|p1a: Incineroar|Incineroar, L50, M, shiny|100/100
|switch|p1b: Garchomp|Garchomp, L50, F, shiny|100/100
|switch|p2a: Basculegion|Basculegion, L50, M, shiny|100/100
|switch|p2b: Sneasler|Sneasler, L50, M|100/100
|-ability|p1a: Incineroar|Intimidate|boost
|-unboost|p2a: Basculegion|atk|1
|-unboost|p2b: Sneasler|atk|1
|turn|1
|
|t:|1756921304
|switch|p2b: Pelipper|Pelipper, L50, M, shiny|100/100
|-weather|RainDance|[from] ability: Drizzle|[of] p2b: Pelipper
|switch|p1a: Tyranitar|Tyranitar, L50, M|100/100
|-weather|Sandstorm|[from] ability: Sand Stream|[of] p1a: Tyranitar
|move|p1b: Garchomp|Protect|p1b: Garchomp
|-singleturn|p1b: Garchomp|Protect
|move|p2a: Basculegion|Flip Turn|p1b: Garchomp
|-activate|p1b: Garchomp|move: Protect
|
|-weather|Sandstorm|[upkeep]
|-damage|p2a: Basculegion|94/100|[from] Sandstorm
|-damage|p2b: Pelipper|95/100|[from] Sandstorm
|upkeep
|turn|2
|
|t:|1756921328
|switch|p2b: Rillaboom|Rillaboom, L50, M|100/100
|-fieldstart|move: Grassy Terrain|[from] ability: Grassy Surge|[of] p2b: Rillaboom
|move|p1b: Garchomp|Dragon Claw|p2b: Rillaboom
|-damage|p2b: Rillaboom|56/100
|move|p2a: Basculegion|Flip Turn|p1a: Tyranitar
|-supereffective|p1a: Tyranitar
|-damage|p1a: Tyranitar|46/100
|
|t:|1756921338
|switch|p2a: Pelipper|Pelipper, L50, M, shiny|95/100|[from] Flip Turn
|-weather|RainDance|[from] ability: Drizzle|[of] p2a: Pelipper
|move|p1a: Tyranitar|Knock Off|p2a: Pelipper
|-damage|p2a: Pelipper|24/100
|-enditem|p2a: Pelipper|Covert Cloak|[from] move: Knock Off|[of] p1a: Tyranitar
|
|-weather|RainDance|[upkeep]
|-heal|p2b: Rillaboom|62/100|[from] Grassy Terrain
|-heal|p1a: Tyranitar|52/100|[from] Grassy Terrain
|upkeep
|turn|3
|inactive|JeanChasuble has 30 seconds left.
|
|t:|1756921364
|move|p2a: Pelipper|Protect|p2a: Pelipper
|-singleturn|p2a: Pelipper|Protect
|move|p1b: Garchomp|Dragon Claw|p2a: Pelipper
|-activate|p2a: Pelipper|move: Protect
|move|p2b: Rillaboom|U-turn|p1a: Tyranitar
|-supereffective|p1a: Tyranitar
|-damage|p1a: Tyranitar|13/100
|
|t:|1756921373
|switch|p2b: Sneasler|Sneasler, L50, M|100/100|[from] U-turn
|move|p1a: Tyranitar|Rock Slide|p2b: Sneasler|[spread] p2b
|-activate|p2a: Pelipper|move: Protect
|-resisted|p2b: Sneasler
|-damage|p2b: Sneasler|75/100
|
|-weather|RainDance|[upkeep]
|-heal|p2b: Sneasler|80/100|[from] Grassy Terrain
|-heal|p1a: Tyranitar|19/100|[from] Grassy Terrain
|upkeep
|turn|4
|inactive|JeanChasuble has 30 seconds left.
|
|t:|1756921399
|switch|p2a: Rillaboom|Rillaboom, L50, M|62/100
|switch|p1a: Incineroar|Incineroar, L50, M, shiny|100/100
|-ability|p1a: Incineroar|Intimidate|boost
|-unboost|p2a: Rillaboom|atk|1
|-unboost|p2b: Sneasler|atk|1
|move|p2b: Sneasler|Dire Claw|p1b: Garchomp
|-resisted|p1b: Garchomp
|-damage|p1b: Garchomp|86/100
|-status|p1b: Garchomp|par
|cant|p1b: Garchomp|par
|
|-weather|RainDance|[upkeep]
|-heal|p2b: Sneasler|86/100|[from] Grassy Terrain
|-heal|p2a: Rillaboom|68/100|[from] Grassy Terrain
|-heal|p1b: Garchomp|92/100 par|[from] Grassy Terrain
|upkeep
|turn|5
|inactive|JeanChasuble has 30 seconds left.
|inactive|sparrow.d.ace has 30 seconds left.
|
|t:|1756921432
|switch|p2b: Basculegion|Basculegion, L50, M, shiny|94/100
|move|p1a: Incineroar|Knock Off|p2a: Rillaboom
|-damage|p2a: Rillaboom|32/100
|-enditem|p2a: Rillaboom|Miracle Seed|[from] move: Knock Off|[of] p1a: Incineroar
|move|p2a: Rillaboom|Wood Hammer|p1b: Garchomp
|-damage|p1b: Garchomp|38/100 par
|-damage|p2a: Rillaboom|16/100|[from] Recoil
|move|p1b: Garchomp|Stomping Tantrum|p2b: Basculegion
|-damage|p2b: Basculegion|0 fnt
|faint|p2b: Basculegion
|
|-weather|RainDance|[upkeep]
|-heal|p2a: Rillaboom|22/100|[from] Grassy Terrain
|-heal|p1b: Garchomp|44/100 par|[from] Grassy Terrain
|upkeep
|
|t:|1756921447
|switch|p2b: Sneasler|Sneasler, L50, M|86/100
|turn|6
|
|t:|1756921461
|switch|p1a: Gholdengo|Gholdengo, L50|100/100
|move|p2b: Sneasler|Close Combat|p1a: Gholdengo
|-immune|p1a: Gholdengo
|move|p2a: Rillaboom|Wood Hammer|p1b: Garchomp
|-damage|p1b: Garchomp|0 fnt
|faint|p1b: Garchomp
|-damage|p2a: Rillaboom|9/100|[from] Recoil
|
|-weather|none
|-heal|p2b: Sneasler|92/100|[from] Grassy Terrain
|-heal|p2a: Rillaboom|15/100|[from] Grassy Terrain
|-fieldend|move: Grassy Terrain
|upkeep
|
|t:|1756921474
|switch|p1b: Incineroar|Incineroar, L50, M, shiny|100/100
|-ability|p1b: Incineroar|Intimidate|boost
|-unboost|p2a: Rillaboom|atk|1
|-unboost|p2b: Sneasler|atk|1
|turn|7
|
|t:|1756921491
|switch|p2a: Pelipper|Pelipper, L50, M, shiny|24/100
|-weather|RainDance|[from] ability: Drizzle|[of] p2a: Pelipper
|move|p1b: Incineroar|Fake Out|p2b: Sneasler
|-damage|p2b: Sneasler|74/100
|cant|p2b: Sneasler|flinch
|move|p1a: Gholdengo|Nasty Plot|p1a: Gholdengo
|-boost|p1a: Gholdengo|spa|2
|
|-weather|RainDance|[upkeep]
|upkeep
|turn|8
|
|t:|1756921515
|switch|p1b: Tyranitar|Tyranitar, L50, M|19/100
|-weather|Sandstorm|[from] ability: Sand Stream|[of] p1b: Tyranitar
|-terastallize|p1a: Gholdengo|Water
|move|p2b: Sneasler|Throat Chop|p1a: Gholdengo
|-damage|p1a: Gholdengo|80/100
|-start|p1a: Gholdengo|Throat Chop|[silent]
|move|p1a: Gholdengo|Make It Rain|p2a: Pelipper|[spread] p2a,p2b
|-resisted|p2a: Pelipper
|-damage|p2a: Pelipper|0 fnt
|-damage|p2b: Sneasler|0 fnt
|-unboost|p1a: Gholdengo|spa|1
|faint|p2a: Pelipper
|faint|p2b: Sneasler
|-damage|p1a: Gholdengo|71/100|[from] item: Life Orb
|
|-weather|Sandstorm|[upkeep]
|-damage|p1a: Gholdengo|65/100|[from] Sandstorm
|upkeep
|-message|sparrow.d.ace forfeited.
|
|win|JeanChasuble
|l|☆sparrow.d.ace
|player|p2|
|j|☆sparrow.d.ace
|player|p2|sparrow.d.ace|alec-anime|
||JeanChasuble is ready for game 2.
||sparrow.d.ace is ready for game 2.
|uhtml|next|Next: Game 2 of 3
