|j|☆cd210
|j|☆xx_junior_rx7_xx
|html|cd210xx_junior_rx7_xx    
|uhtml|bestof|Game 1 of a best-of-3
|t:|1756865894
|gametype|doubles
|player|p1|cd210|2|1039
|player|p2|xx_junior_rx7_xx|102|1085
|gen|9
|tier|[Gen 9] VGC 2025 Reg H (Bo3)
|rated|
|rule|Species Clause: Limit one of each Pokémon
|rule|Item Clause: Limit 1 of each item
|clearpoke
|poke|p1|Incineroar, L50, M|
|poke|p1|Clefairy, L50, F|
|poke|p1|Excadrill, L50, M|
|poke|p1|Tyranitar, L50, M|
|poke|p1|Whimsicott, L50, F|
|poke|p1|Porygon-Z, L50|
|poke|p2|Tyranitar, L50, F|
|poke|p2|Excadrill, L50, M|
|poke|p2|Magmar, L50, M|
|poke|p2|Sneasler, L50, M|
|poke|p2|Corviknight, L50, F|
|poke|p2|Indeedee, L50, M|
|teampreview|4
|showteam|p1|Incineroar||SafetyGoggles|Intimidate|KnockOff,WillOWisp,FakeOut,PartingShot|||M|||50|,,,,,Ghost]Clefairy||Eviolite|FriendGuard|FollowMe,Protect,AfterYou,HelpingHand|||F|||50|,,,,,Grass]Excadrill||ChoiceBand|SandRush|RockSlide,IronHead,HighHorsepower,ThroatChop|||M|||50|,,,,,Rock]Tyranitar||SitrusBerry|SandStream|RockSlide,LashOut,Taunt,Protect|||M|||50|,,,,,Ghost]Whimsicott||CovertCloak|Prankster|Tailwind,Moonblast,Encore,FakeTears|||F|||50|,,,,,Steel]Porygon-Z||LifeOrb|Adaptability|TriAttack,DarkPulse,IceBeam,Protect||||||50|,,,,,Dark
|showteam|p2|Tyranitar||AssaultVest|SandStream|RockSlide,KnockOff,LowKick,TeraBlast|||F|||50|,,,,,Flying]Excadrill||FocusSash|SandRush|EarthPower,IronHead,SwordsDance,Protect|||M|||50|,,,,,Ground]Magmar||Eviolite|VitalSpirit|Protect,HelpingHand,FollowMe,HeatWave|||M|||50|,,,,,Ghost]Sneasler||WhiteHerb|Unburden|FakeOut,CloseCombat,DireClaw,Coaching|||M|||50|,,,,,Flying]Corviknight||PsychicSeed|MirrorArmor|BraveBird,PowerTrip,BulkUp,Roost|||F|||50|,,,,,Water]Indeedee||ChoiceScarf|PsychicSurge|ExpandingForce,TeraBlast,Trick,Protect|||M|||50|,,,,,Psychic
|inactive|Battle timer is ON: inactive players will automatically lose when time's up. (requested by cd210)
|
|t:|1756866027
|teamsize|p1|4
|teamsize|p2|4
|start
|switch|p1a: Whimsicott|Whimsicott, L50, F|100/100
|switch|p1b: Excadrill|Excadrill, L50, M|100/100
|switch|p2a: Corviknight|Corviknight, L50, F|100/100
|switch|p2b: Sneasler|Sneasler, L50, M|100/100
|turn|1
|
|t:|1756866045
|move|p2b: Sneasler|Fake Out|p1b: Excadrill
|-resisted|p1b: Excadrill
|-damage|p1b: Excadrill|90/100
|move|p1a: Whimsicott|Tailwind|p1a: Whimsicott
|-sidestart|p1: cd210|move: Tailwind
|cant|p1b: Excadrill|flinch
|move|p2a: Corviknight|Brave Bird|p1a: Whimsicott
|-supereffective|p1a: Whimsicott
|-damage|p1a: Whimsicott|21/100
|-damage|p2a: Corviknight|78/100|[from] Recoil
|
|upkeep
|turn|2
|inactive|xx_junior_rx7_xx has 30 seconds left.
|
|t:|1756866078
|-terastallize|p2b: Sneasler|Flying
|move|p1a: Whimsicott|Encore|p2a: Corviknight
|-start|p2a: Corviknight|Encore
|move|p1b: Excadrill|High Horsepower|p2b: Sneasler
|-immune|p2b: Sneasler
|move|p2b: Sneasler|Close Combat|p1b: Excadrill
|-supereffective|p1b: Excadrill
|-damage|p1b: Excadrill|0 fnt
|-unboost|p2b: Sneasler|def|1
|-unboost|p2b: Sneasler|spd|1
|faint|p1b: Excadrill
|-enditem|p2b: Sneasler|White Herb
|-clearnegativeboost|p2b: Sneasler|[silent]
|move|p2a: Corviknight|Brave Bird|p1a: Whimsicott
|-supereffective|p1a: Whimsicott
|-damage|p1a: Whimsicott|0 fnt
|faint|p1a: Whimsicott
|-damage|p2a: Corviknight|72/100|[from] Recoil
|
|upkeep
|
|t:|1756866087
|switch|p1b: Incineroar|Incineroar, L50, M|100/100
|switch|p1a: Tyranitar|Tyranitar, L50, M|100/100
|-weather|Sandstorm|[from] ability: Sand Stream|[of] p1a: Tyranitar
|-ability|p1b: Incineroar|Intimidate|boost
|-ability|p2a: Corviknight|Mirror Armor
|-unboost|p1b: Incineroar|atk|1
|-unboost|p2b: Sneasler|atk|1
|turn|3
|inactive|xx_junior_rx7_xx has 30 seconds left.
|inactive|xx_junior_rx7_xx has 20 seconds left.
|
|t:|1756866122
|move|p1b: Incineroar|Fake Out|p2b: Sneasler
|-damage|p2b: Sneasler|89/100
|cant|p2b: Sneasler|flinch
|move|p1a: Tyranitar|Rock Slide|p2a: Corviknight|[spread] p2a,p2b
|-crit|p2a: Corviknight
|-supereffective|p2b: Sneasler
|-damage|p2a: Corviknight|39/100
|-damage|p2b: Sneasler|4/100
|cant|p2a: Corviknight|flinch
|
|-weather|Sandstorm|[upkeep]
|-damage|p2b: Sneasler|0 fnt|[from] Sandstorm
|faint|p2b: Sneasler
|upkeep
|
|t:|1756866136
|switch|p2b: Excadrill|Excadrill, L50, M|100/100
|turn|4
|inactive|cd210 has 30 seconds left.
|
|t:|1756866169
|move|p1a: Tyranitar|Protect|p1a: Tyranitar
|-singleturn|p1a: Tyranitar|Protect
|move|p2b: Excadrill|Swords Dance|p2b: Excadrill
|-boost|p2b: Excadrill|atk|2
|move|p1b: Incineroar|Will-O-Wisp|p2b: Excadrill
|-status|p2b: Excadrill|brn
|move|p2a: Corviknight|Brave Bird|p1b: Incineroar
|-damage|p1b: Incineroar|52/100
|-damage|p2a: Corviknight|23/100|[from] Recoil
|
|-weather|Sandstorm|[upkeep]
|-damage|p2b: Excadrill|95/100 brn|[from] brn
|-end|p2a: Corviknight|Encore
|-sideend|p1: cd210|move: Tailwind
|upkeep
|turn|5
|
|t:|1756866191
|-terastallize|p1a: Tyranitar|Ghost
|move|p2b: Excadrill|Protect|p2b: Excadrill
|-singleturn|p2b: Excadrill|Protect
|move|p2a: Corviknight|Roost|p2a: Corviknight
|-heal|p2a: Corviknight|73/100
|-singleturn|p2a: Corviknight|move: Roost
|move|p1a: Tyranitar|Rock Slide|p2b: Excadrill|[spread] p2a
|-activate|p2b: Excadrill|move: Protect
|-resisted|p2a: Corviknight
|-damage|p2a: Corviknight|63/100
|move|p1b: Incineroar|Knock Off|p2b: Excadrill
|-activate|p2b: Excadrill|move: Protect
|
|-weather|Sandstorm|[upkeep]
|-damage|p1a: Tyranitar|95/100|[from] Sandstorm
|-damage|p2b: Excadrill|89/100 brn|[from] brn
|upkeep
|turn|6
|
|t:|1756866215
|move|p2b: Excadrill|Earth Power|p1b: Incineroar
|-supereffective|p1b: Incineroar
|-damage|p1b: Incineroar|32/100
|move|p2a: Corviknight|Brave Bird|p1b: Incineroar
|-damage|p1b: Incineroar|0 fnt
|faint|p1b: Incineroar
|-damage|p2a: Corviknight|53/100|[from] Recoil
|move|p1a: Tyranitar|Lash Out|p2b: Excadrill
|-damage|p2b: Excadrill|42/100 brn
|
|-weather|Sandstorm|[upkeep]
|-damage|p1a: Tyranitar|89/100|[from] Sandstorm
|-damage|p2b: Excadrill|36/100 brn|[from] brn
|upkeep
|turn|7
|
|t:|1756866233
|move|p2b: Excadrill|Iron Head|p1a: Tyranitar
|-damage|p1a: Tyranitar|53/100
|move|p2a: Corviknight|Bulk Up|p2a: Corviknight
|-boost|p2a: Corviknight|atk|1
|-boost|p2a: Corviknight|def|1
|move|p1a: Tyranitar|Rock Slide|p2a: Corviknight|[spread] p2a,p2b
|-resisted|p2b: Excadrill
|-damage|p2a: Corviknight|38/100
|-damage|p2b: Excadrill|26/100 brn
|
|-weather|none
|-damage|p2b: Excadrill|20/100 brn|[from] brn
|upkeep
|turn|8
|inactive|cd210 has 30 seconds left.
|
|t:|1756866260
|move|p2b: Excadrill|Iron Head|p1a: Tyranitar
|-damage|p1a: Tyranitar|15/100
|-enditem|p1a: Tyranitar|Sitrus Berry|[eat]
|-heal|p1a: Tyranitar|39/100|[from] item: Sitrus Berry
|move|p2a: Corviknight|Power Trip|p1a: Tyranitar
|-supereffective|p1a: Tyranitar
|-damage|p1a: Tyranitar|1/100
|move|p1a: Tyranitar|Rock Slide|p2b: Excadrill|[spread] p2a,p2b
|-resisted|p2b: Excadrill
|-damage|p2a: Corviknight|24/100
|-damage|p2b: Excadrill|11/100 brn
|
|-damage|p2b: Excadrill|5/100 brn|[from] brn
|upkeep
|turn|9
|
|t:|1756866280
|move|p1a: Tyranitar|Protect|p1a: Tyranitar
|-singleturn|p1a: Tyranitar|Protect
|move|p2b: Excadrill|Iron Head|p1a: Tyranitar
|-activate|p1a: Tyranitar|move: Protect
|move|p2a: Corviknight|Power Trip|p1a: Tyranitar
|-activate|p1a: Tyranitar|move: Protect
|
|-damage|p2b: Excadrill|0 fnt|[from] brn
|faint|p2b: Excadrill
|upkeep
|
|t:|1756866290
|switch|p2b: Magmar|Magmar, L50, M|100/100
|turn|10
|
|t:|1756866301
|move|p2b: Magmar|Heat Wave|p1a: Tyranitar
|-damage|p1a: Tyranitar|0 fnt
|faint|p1a: Tyranitar
|
|win|xx_junior_rx7_xx
