|j|☆paralyze u
|j|☆SuprEpcGuy
|html|paralyze uSuprEpcGuy    
|uhtml|bestof|Game 1 of a best-of-3
|t:|1783372624
|gametype|doubles
|player|p1|paralyze u|169|1197
|player|p2|SuprEpcGuy|shauntal|1168
|gen|9
|tier|[Gen 9 Champions] VGC 2026 Reg M-B (Bo3)
|rated|
|rule|Species Clause: Limit one of each Pokémon
|rule|Item Clause: Limit 1 of each item
|clearpoke
|poke|p1|Sinistcha, L50|
|poke|p1|Incineroar, L50, F|
|poke|p1|Milotic, L50, M|
|poke|p1|Raichu, L50, M|
|poke|p1|Floette-Eternal, L50, F|
|poke|p1|Ceruledge, L50, M|
|poke|p2|Zoroark-Hisui, L50, F|
|poke|p2|Aerodactyl, L50, M|
|poke|p2|Kingambit, L50, F, shiny|
|poke|p2|Basculegion, L50, M|
|poke|p2|Incineroar, L50, F|
|poke|p2|Sylveon, L50, M|
|teampreview|4
|showteam|p1|Sinistcha||KasibBerry|Hospitality|MatchaGotcha,LifeDew,RagePowder,Protect|Relaxed|||||50|]Incineroar||SitrusBerry|Intimidate|FlareBlitz,ThroatChop,FakeOut,PartingShot|Impish||F|||50|]Milotic||Leftovers|Competitive|MuddyWater,Coil,Hypnosis,Recover|Calm||M|||50|]Raichu||RaichuniteY|LightningRod|ZapCannon,FocusBlast,FakeOut,Protect|Timid||M|||50|]Floette-Eternal||Floettite|FlowerVeil|DazzlingGleam,DrainingKiss,CalmMind,Protect|Timid||F|||50|]Ceruledge||ColburBerry|FlashFire|BitterBlade,ShadowSneak,BulkUp,Protect|Adamant||M|||50|
|showteam|p2|Zoroark-Hisui||FocusSash|Illusion|ShadowBall,WillOWisp,Taunt,Snarl|Timid||F|||50|]Aerodactyl||Aerodactylite|RockHead|RockSlide,IceFang,DualWingbeat,Tailwind|Jolly||M|||50|]Kingambit||ChopleBerry|Defiant|SuckerPunch,KowtowCleave,LowKick,Protect|Adamant||F|||50|]Basculegion||MysticWater|Adaptability|AquaJet,Liquidation,LastRespects,Protect|Adamant||M|||50|]Incineroar||SitrusBerry|Intimidate|FlareBlitz,ThroatChop,PartingShot,FakeOut|Careful||F|||50|]Sylveon||FairyFeather|Pixilate|HyperVoice,QuickAttack,HyperBeam,Detect|Modest||M|||50|
|inactive|Battle timer is ON: inactive players will automatically lose when time's up. (requested by SuprEpcGuy)
|inactive|paralyze u has 60 seconds left.
|inactive|SuprEpcGuy has 60 seconds left.
|inactive|SuprEpcGuy has 30 seconds left.
|inactive|SuprEpcGuy has 20 seconds left.
|inactive|SuprEpcGuy has 15 seconds left.
|inactive|SuprEpcGuy has 10 seconds left.
|
|t:|1783372706
|teamsize|p1|4
|teamsize|p2|4
|start
|switch|p1a: Milotic|Milotic, L50, M|100/100
|switch|p1b: Ceruledge|Ceruledge, L50, M|100/100
|switch|p2a: Paraselene|Kingambit, L50, F, shiny|100/100
|switch|p2b: Freight|Aerodactyl, L50, M|100/100
|turn|1
|inactive|SuprEpcGuy has 30 seconds left.
|inactive|SuprEpcGuy has 20 seconds left.
|inactive|SuprEpcGuy has 15 seconds left.
|inactive|SuprEpcGuy has 10 seconds left.
|inactive|SuprEpcGuy has 5 seconds left.
|
|t:|1783372759
|move|p2b: Freight|Taunt|p1b: Ceruledge
|-start|p1b: Ceruledge|move: Taunt
|move|p1b: Ceruledge|Bitter Blade|p2a: Paraselene
|-supereffective|p2a: Paraselene|1
|-damage|p2a: Paraselene|24/100
|move|p1a: Milotic|Coil|p1a: Milotic
|-boost|p1a: Milotic|atk|1
|-boost|p1a: Milotic|def|1
|-boost|p1a: Milotic|accuracy|1
|move|p2a: Paraselene|Kowtow Cleave|p1a: Milotic
|-damage|p1a: Milotic|72/100
|
|-heal|p1a: Milotic|78/100|[from] item: Leftovers
|upkeep
|turn|2
|inactive|paralyze u has 30 seconds left.
|inactive|SuprEpcGuy has 30 seconds left.
|inactive|SuprEpcGuy has 20 seconds left.
|
|t:|1783372796
|switch|p1b: Incineroar|Incineroar, L50, F|100/100
|-ability|p1b: Incineroar|Intimidate|boost
|-unboost|p2a: Paraselene|atk|1
|-ability|p2a: Paraselene|Defiant|boost
|-boost|p2a: Paraselene|atk|2
|-unboost|p2b: Freight|atk|1
|move|p2a: Paraselene|Sucker Punch||[still]
|-fail|p2a: Paraselene
|move|p2b: Freight|Taunt|p1a: Milotic
|-start|p1a: Milotic|move: Taunt
|move|p1a: Milotic|Muddy Water|p2b: Freight|[spread] p2a,p2b
|-damage|p2a: Paraselene|1/100
|-damage|p2b: Freight|56/100
|replace|p2b: Boo|Zoroark-Hisui, L50, F
|-end|p2b: Boo|Illusion
|
|-heal|p1a: Milotic|84/100|[from] item: Leftovers
|upkeep
|turn|3
|inactive|paralyze u has 30 seconds left.
|inactive|SuprEpcGuy has 30 seconds left.
|
|t:|1783372827
|move|p2a: Paraselene|Protect|p2a: Paraselene
|-singleturn|p2a: Paraselene|Protect
|move|p2b: Boo|Shadow Ball|p1a: Milotic
|-damage|p1a: Milotic|59/100
|move|p1a: Milotic|Muddy Water|p2a: Paraselene|[spread] p2b
|-activate|p2a: Paraselene|move: Protect
|-damage|p2b: Boo|7/100
|move|p1b: Incineroar|Throat Chop|p2b: Boo
|-supereffective|p2b: Boo|1
|-damage|p2b: Boo|0 fnt
|faint|p2b: Boo
|
|-heal|p1a: Milotic|65/100|[from] item: Leftovers
|upkeep
|inactive|SuprEpcGuy has 30 seconds left.
|inactive|SuprEpcGuy has 20 seconds left.
|
|t:|1783372863
|switch|p2b: Freight|Aerodactyl, L50, M|100/100
|turn|4
|
|t:|1783372878
|detailschange|p2b: Freight|Aerodactyl-Mega, L50, M
|-mega|p2b: Freight|Aerodactyl|Aerodactylite
|move|p2b: Freight|Tailwind|p2b: Freight
|-sidestart|p2: SuprEpcGuy|move: Tailwind
|move|p2a: Paraselene|Kowtow Cleave|p1a: Milotic
|-damage|p1a: Milotic|23/100
|move|p1a: Milotic|Muddy Water|p2b: Freight|[spread] p2a,p2b
|-supereffective|p2b: Freight|1
|-damage|p2a: Paraselene|0 fnt
|-damage|p2b: Freight|42/100
|-unboost|p2b: Freight|accuracy|1
|faint|p2a: Paraselene
|move|p1b: Incineroar|Throat Chop|p2b: Freight
|-damage|p2b: Freight|1/100
|-start|p2b: Freight|Throat Chop|[silent]
|
|-heal|p1a: Milotic|29/100|[from] item: Leftovers
|-end|p1a: Milotic|move: Taunt
|upkeep
|
|t:|1783372889
|switch|p2a: Reverence|Basculegion, L50, M|100/100
|turn|5
|inactive|SuprEpcGuy has 30 seconds left.
|inactive|SuprEpcGuy has 20 seconds left.
|inactive|SuprEpcGuy has 15 seconds left.
|inactive|SuprEpcGuy has 10 seconds left.
|
|t:|1783372934
|switch|p1b: Sinistcha|Sinistcha, L50|100/100
|-heal|p1a: Milotic|54/100|[from] ability: Hospitality|[of] p1b: Sinistcha
|move|p2b: Freight|Rock Slide|p1b: Sinistcha|[spread] p1b
|-miss|p2b: Freight|p1a: Milotic
|-damage|p1b: Sinistcha|74/100
|move|p2a: Reverence|Last Respects|p1a: Milotic
|-damage|p1a: Milotic|1/100
|move|p1a: Milotic|Recover|p1a: Milotic
|-heal|p1a: Milotic|51/100
|
|-heal|p1a: Milotic|57/100|[from] item: Leftovers
|-end|p2b: Freight|Throat Chop|[silent]
|upkeep
|turn|6
|inactive|SuprEpcGuy has 30 seconds left.
|inactive|SuprEpcGuy has 20 seconds left.
|inactive|SuprEpcGuy has 15 seconds left.
|
|t:|1783372979
|move|p1b: Sinistcha|Rage Powder|p1b: Sinistcha
|-singleturn|p1b: Sinistcha|move: Rage Powder
|move|p2b: Freight|Dual Wingbeat|p1b: Sinistcha|[miss]
|-miss|p2b: Freight|p1b: Sinistcha
|move|p2a: Reverence|Last Respects|p1b: Sinistcha
|-supereffective|p1b: Sinistcha|1
|-enditem|p1b: Sinistcha|Kasib Berry|[eat]
|-enditem|p1b: Sinistcha|Kasib Berry|[weaken]
|-damage|p1b: Sinistcha|0 fnt
|faint|p1b: Sinistcha
|move|p1a: Milotic|Recover|p1a: Milotic
|-heal|p1a: Milotic|100/100
|
|upkeep
|
|t:|1783372988
|switch|p1b: Incineroar|Incineroar, L50, F|100/100
|-ability|p1b: Incineroar|Intimidate|boost
|-unboost|p2a: Reverence|atk|1
|-unboost|p2b: Freight|atk|1
|turn|7
|inactive|SuprEpcGuy has 30 seconds left.
|
|t:|1783373020
|move|p1b: Incineroar|Fake Out|p2b: Freight
|-resisted|p2b: Freight|1
|-damage|p2b: Freight|0 fnt
|faint|p2b: Freight
|move|p2a: Reverence|Last Respects|p1a: Milotic
|-damage|p1a: Milotic|47/100
|move|p1a: Milotic|Coil|p1a: Milotic
|-boost|p1a: Milotic|atk|1
|-boost|p1a: Milotic|def|1
|-boost|p1a: Milotic|accuracy|1
|
|-heal|p1a: Milotic|53/100|[from] item: Leftovers
|-sideend|p2: SuprEpcGuy|move: Tailwind
|upkeep
|turn|8
|
|t:|1783373030
|move|p2a: Reverence|Last Respects|p1a: Milotic
|-damage|p1a: Milotic|14/100
|move|p1a: Milotic|Hypnosis|p2a: Reverence
|-status|p2a: Reverence|slp|[from] move: Hypnosis
|move|p1b: Incineroar|Throat Chop|p2a: Reverence
|-supereffective|p2a: Reverence|1
|-damage|p2a: Reverence|28/100 slp
|-start|p2a: Reverence|Throat Chop|[silent]
|
|-heal|p1a: Milotic|20/100y|[from] item: Leftovers
|upkeep
|turn|9
|
|t:|1783373039
|cant|p2a: Reverence|slp
|move|p1a: Milotic|Recover|p1a: Milotic
|-heal|p1a: Milotic|70/100
|move|p1b: Incineroar|Throat Chop|p2a: Reverence
|-supereffective|p2a: Reverence|1
|-damage|p2a: Reverence|0 fnt
|faint|p2a: Reverence
|
|win|paralyze u
