|j|☆tedidn
|j|☆TMJS01
|html|tedidnTMJS01    
|uhtml|bestof|Game 1 of a best-of-3
|t:|1782529717
|gametype|doubles
|player|p1|tedidn|marshal|1315
|player|p2|TMJS01|unknown|1433
|gen|9
|tier|[Gen 9 Champions] VGC 2026 Reg M-B (Bo3)
|rated|
|rule|Species Clause: Limit one of each Pokémon
|rule|Item Clause: Limit 1 of each item
|clearpoke
|poke|p1|Charizard, L50, M|
|poke|p1|Gholdengo, L50|
|poke|p1|Floette-Eternal, L50, F|
|poke|p1|Basculegion, L50, M|
|poke|p1|Garchomp, L50, M|
|poke|p1|Grimmsnarl, L50, M|
|poke|p2|Sinistcha, L50|
|poke|p2|Incineroar, L50, M|
|poke|p2|Garchomp, L50, F|
|poke|p2|Floette-Eternal, L50, F|
|poke|p2|Delphox, L50, M|
|poke|p2|Kingambit, L50, F|
|teampreview|4
|showteam|p1|Charizard||CharizarditeY|Blaze|HeatWave,WeatherBall,SolarBeam,Protect|Modest||M|||50|]Gholdengo||LifeOrb|GoodasGold|MakeItRain,ShadowBall,PowerGem,Protect|Modest|||||50|]Floette-Eternal||Floettite|FlowerVeil|Moonblast,DazzlingGleam,LightofRuin,Protect|Modest||F|||50|]Basculegion||ChoiceScarf|Adaptability|WaveCrash,FlipTurn,LastRespects,AquaJet|Jolly||M|||50|]Garchomp||SitrusBerry|RoughSkin|StompingTantrum,DragonClaw,RockSlide,Protect|Adamant||M|||50|]Grimmsnarl||LightClay|Prankster|SpiritBreak,PartingShot,Reflect,LightScreen|Careful||M|||50|
|showteam|p2|Sinistcha||KasibBerry|Hospitality|MatchaGotcha,RagePowder,TrickRoom,LifeDew|Relaxed|||||50|]Incineroar||ChopleBerry|Intimidate|ThroatChop,FlareBlitz,PartingShot,FakeOut|Adamant||M|||50|]Garchomp||LifeOrb|RoughSkin|ScaleShot,StompingTantrum,Protect,RockTomb|Jolly||F|||50|]Floette-Eternal||Floettite|FlowerVeil|Protect,CalmMind,Moonblast,DazzlingGleam|Modest||F|||50|]Delphox||Delphoxite|Blaze|NastyPlot,HeatWave,Psyshock,Protect|Timid||M|||50|]Kingambit||FocusSash|Defiant|SuckerPunch,IronHead,KowtowCleave,LowKick|Brave||F|||50|
|inactive|Battle timer is ON: inactive players will automatically lose when time's up. (requested by TMJS01)
|inactive|tedidn also wants the timer to be on.
|j| tyho45
|inactive|tedidn has 60 seconds left.
|inactive|TMJS01 has 60 seconds left.
|
|t:|1782529764
|teamsize|p1|4
|teamsize|p2|4
|start
|switch|p1a: Mr.Bigbucks|Gholdengo, L50|100/100
|switch|p1b: Slur Slinger|Grimmsnarl, L50, M|100/100
|switch|p2a: Delphox|Delphox, L50, M|100/100
|switch|p2b: Garchomp|Garchomp, L50, F|100/100
|turn|1
|inactive|tedidn has 30 seconds left.
|
|t:|1782529794
|detailschange|p2a: Delphox|Delphox-Mega, L50, M
|-mega|p2a: Delphox|Delphox|Delphoxite
|move|p1b: Slur Slinger|Reflect|p1b: Slur Slinger
|-sidestart|p1: tedidn|Reflect
|move|p2a: Delphox|Nasty Plot|p2a: Delphox
|-boost|p2a: Delphox|spa|2
|move|p2b: Garchomp|Stomping Tantrum|p1a: Mr.Bigbucks
|-supereffective|p1a: Mr.Bigbucks|1
|-damage|p1a: Mr.Bigbucks|32/100
|-damage|p2b: Garchomp|90/100|[from] item: Life Orb
|move|p1a: Mr.Bigbucks|Shadow Ball|p2a: Delphox
|-supereffective|p2a: Delphox|1
|-crit|p2a: Delphox
|-damage|p2a: Delphox|0 fnt
|faint|p2a: Delphox
|-damage|p1a: Mr.Bigbucks|22/100|[from] item: Life Orb
|
|upkeep
|
|t:|1782529801
|switch|p2a: Kingambit|Kingambit, L50, F|100/100
|turn|2
|
|t:|1782529812
|move|p2b: Garchomp|Protect|p2b: Garchomp
|-singleturn|p2b: Garchomp|Protect
|move|p1b: Slur Slinger|Parting Shot|p2b: Garchomp
|-activate|p2b: Garchomp|move: Protect
|move|p1a: Mr.Bigbucks|Make It Rain|p2a: Kingambit|[spread] p2a
|-activate|p2b: Garchomp|move: Protect
|-resisted|p2a: Kingambit|1
|-crit|p2a: Kingambit
|-damage|p2a: Kingambit|53/100
|-unboost|p1a: Mr.Bigbucks|spa|2
|-damage|p1a: Mr.Bigbucks|12/100|[from] item: Life Orb
|move|p2a: Kingambit|Iron Head|p1b: Slur Slinger
|-supereffective|p1b: Slur Slinger|1
|-damage|p1b: Slur Slinger|35/100
|
|upkeep
|turn|3
|
|t:|1782529824
|switch|p2b: Incineroar|Incineroar, L50, M|100/100
|-ability|p2b: Incineroar|Intimidate|boost
|-unboost|p1a: Mr.Bigbucks|atk|1
|-unboost|p1b: Slur Slinger|atk|1
|move|p1b: Slur Slinger|Parting Shot|p2b: Incineroar
|-hint|Since gen 7, Dark is immune to Prankster moves.
|-immune|p2b: Incineroar
|move|p1a: Mr.Bigbucks|Make It Rain|p2b: Incineroar|[spread] p2a,p2b
|-resisted|p2a: Kingambit|1
|-resisted|p2b: Incineroar|1
|-damage|p2a: Kingambit|39/100
|-damage|p2b: Incineroar|86/100
|-unboost|p1a: Mr.Bigbucks|spa|2
|-damage|p1a: Mr.Bigbucks|3/100|[from] item: Life Orb
|move|p2a: Kingambit|Iron Head|p1b: Slur Slinger
|-supereffective|p1b: Slur Slinger|1
|-damage|p1b: Slur Slinger|0 fnt
|faint|p1b: Slur Slinger
|
|upkeep
|
|t:|1782529828
|switch|p1b: Eye Candy|Basculegion, L50, M|100/100
|turn|4
|
|t:|1782529845
|switch|p1b: Charizard|Charizard, L50, M|100/100
|move|p2a: Kingambit|Sucker Punch||[still]
|-fail|p2a: Kingambit
|move|p1a: Mr.Bigbucks|Power Gem|p2b: Incineroar
|-supereffective|p2b: Incineroar|1
|-damage|p2b: Incineroar|65/100
|-damage|p1a: Mr.Bigbucks|0 fnt|[from] item: Life Orb
|faint|p1a: Mr.Bigbucks
|move|p2b: Incineroar|Throat Chop|p1b: Charizard
|-damage|p1b: Charizard|75/100
|-start|p1b: Charizard|Throat Chop|[silent]
|
|upkeep
|
|t:|1782529855
|switch|p1a: Eye Candy|Basculegion, L50, M|100/100
|turn|5
|
|t:|1782529859
|detailschange|p1b: Charizard|Charizard-Mega-Y, L50, M
|-mega|p1b: Charizard|Charizard|Charizardite Y
|-weather|SunnyDay|[from] ability: Drought|[of] p1b: Charizard
|move|p2a: Kingambit|Sucker Punch|p1a: Eye Candy
|-supereffective|p1a: Eye Candy|1
|-damage|p1a: Eye Candy|34/100
|move|p1a: Eye Candy|Wave Crash|p2b: Incineroar
|-supereffective|p2b: Incineroar|1
|-damage|p2b: Incineroar|0 fnt
|faint|p2b: Incineroar
|-damage|p1a: Eye Candy|13/100|[from] Recoil
|move|p1b: Charizard|Heat Wave|p2a: Kingambit
|-supereffective|p2a: Kingambit|1
|-damage|p2a: Kingambit|0 fnt
|faint|p2a: Kingambit
|
|-weather|SunnyDay|[upkeep]
|-end|p1b: Charizard|Throat Chop|[silent]
|upkeep
|
|t:|1782529865
|switch|p2b: Garchomp|Garchomp, L50, F|90/100
|turn|6
|
|t:|1782529870
|move|p1a: Eye Candy|Wave Crash|p2b: Garchomp
|-damage|p2b: Garchomp|56/100
|-damage|p1a: Eye Candy|1/100|[from] ability: Rough Skin|[of] p2b: Garchomp
|-damage|p1a: Eye Candy|0 fnt|[from] Recoil
|faint|p1a: Eye Candy
|move|p2b: Garchomp|Rock Tomb|p1b: Charizard
|-supereffective|p1b: Charizard|2
|-damage|p1b: Charizard|0 fnt
|faint|p1b: Charizard
|-damage|p2b: Garchomp|46/100|[from] item: Life Orb
|
|win|TMJS01
