|j|☆girlschoicebandcry
|j|☆wrickin
|html|girlschoicebandcrywrickin    
|uhtml|bestof|Game 1 of a best-of-3
|t:|1785096947
|gametype|doubles
|player|p1|girlschoicebandcry|beauty-gen6xy|1018
|player|p2|wrickin|hugh|1018
|gen|9
|tier|[Gen 9 Champions] VGC 2026 Reg M-B (Bo3)
|rated|
|rule|Species Clause: Limit one of each Pokémon
|rule|Item Clause: Limit 1 of each item
|clearpoke
|poke|p1|Tyranitar, L50, M|
|poke|p1|Excadrill, L50, F|
|poke|p1|Milotic, L50, M|
|poke|p1|Sinistcha, L50|
|poke|p1|Staraptor, L50, M|
|poke|p1|Gholdengo, L50|
|poke|p2|Mawile, L50, F|
|poke|p2|Farigiraf, L50, F|
|poke|p2|Scrafty, L50, M|
|poke|p2|Politoed, L50, F|
|poke|p2|Delphox, L50, F|
|poke|p2|Heliolisk, L50, F|
|teampreview|4
|showteam|p1|Tyranitar||Tyranitarite|SandStream|KnockOff,RockSlide,HighHorsepower,Protect|Jolly||M|||50|]Excadrill||FocusSash|SandRush|HighHorsepower,IronHead,RockSlide,Protect|Adamant||F|||50|]Milotic||SitrusBerry|Competitive|Scald,IcyWind,Haze,Protect|Calm||M|||50|]Sinistcha||ColburBerry|Hospitality|MatchaGotcha,ShadowBall,Protect,RagePowder|Bold|||||50|]Staraptor||Staraptite|Intimidate|CloseCombat,BraveBird,Tailwind,Protect|Jolly||M|||50|]Gholdengo||LifeOrb|GoodasGold|MakeItRain,ShadowBall,NastyPlot,Protect|Modest|||||50|
|showteam|p2|Mawile||Mawilite|HyperCutter|SuckerPunch,IronHead,PlayRough,Protect|Adamant||F|||50|]Farigiraf||ColburBerry|ArmorTail|PsychicNoise,Imprison,Protect,TrickRoom|Sassy||F|||50|]Scrafty||FocusSash|Intimidate|Coaching,FakeOut,KnockOff,Detect|Adamant||M|||50|]Politoed||SitrusBerry|Drizzle|MuddyWater,Encore,PerishSong,IceBeam|Relaxed||F|||50|]Delphox||Delphoxite|Blaze|HeatWave,NastyPlot,Psychic,Protect|Modest||F|||50|]Heliolisk||ExpertBelt|DrySkin|DragonPulse,SunnyDay,GrassKnot,Thunderbolt|Timid||F|||50|
|inactive|Battle timer is ON: inactive players will automatically lose when time's up. (requested by girlschoicebandcry)
|inactive|wrickin also wants the timer to be on.
|inactive|girlschoicebandcry has 60 seconds left.
|inactive|wrickin has 60 seconds left.
|inactive|girlschoicebandcry has 30 seconds left.
|
|t:|1785097009
|teamsize|p1|4
|teamsize|p2|4
|start
|switch|p1a: Tyranitar|Tyranitar, L50, M|100/100
|switch|p1b: Milotic|Milotic, L50, M|100/100
|switch|p2a: Politoed|Politoed, L50, F|100/100
|switch|p2b: Heliolisk|Heliolisk, L50, F|100/100
|-weather|Sandstorm|[from] ability: Sand Stream|[of] p1a: Tyranitar
|-weather|RainDance|[from] ability: Drizzle|[of] p2a: Politoed
|turn|1
|inactive|girlschoicebandcry has 30 seconds left.
|inactive|wrickin has 30 seconds left.
|inactive|wrickin has 20 seconds left.
|inactive|wrickin has 15 seconds left.
|
|t:|1785097053
|switch|p1b: Gholdengo|Gholdengo, L50|100/100
|detailschange|p1a: Tyranitar|Tyranitar-Mega, L50, M
|-mega|p1a: Tyranitar|Tyranitar|Tyranitarite
|-weather|Sandstorm|[from] ability: Sand Stream|[of] p1a: Tyranitar
|move|p2b: Heliolisk|Grass Knot|p1a: Tyranitar
|-supereffective|p1a: Tyranitar|1
|-damage|p1a: Tyranitar|52/100
|move|p1a: Tyranitar|Knock Off|p2a: Politoed
|-damage|p2a: Politoed|55/100
|-enditem|p2a: Politoed|Sitrus Berry|[from] move: Knock Off|[of] p1a: Tyranitar
|move|p2a: Politoed|Perish Song|p2a: Politoed
|-start|p1a: Tyranitar|perish3|[silent]
|-immune|p1b: Gholdengo|[from] ability: Good as Gold
|-start|p2a: Politoed|perish3|[silent]
|-start|p2b: Heliolisk|perish3|[silent]
|-fieldactivate|move: Perish Song
|
|-weather|Sandstorm|[upkeep]
|-damage|p2b: Heliolisk|94/100|[from] Sandstorm
|-damage|p2a: Politoed|49/100|[from] Sandstorm
|-start|p2b: Heliolisk|perish3
|-start|p1a: Tyranitar|perish3
|-start|p2a: Politoed|perish3
|upkeep
|turn|2
|inactive|girlschoicebandcry has 30 seconds left.
|inactive|wrickin has 30 seconds left.
|inactive|girlschoicebandcry has 20 seconds left.
|inactive|wrickin has 20 seconds left.
|inactive|girlschoicebandcry has 15 seconds left.
|inactive|girlschoicebandcry has 10 seconds left.
|
|t:|1785097098
|switch|p2a: Mawile|Mawile, L50, F|100/100
|move|p1a: Tyranitar|Protect|p1a: Tyranitar
|-singleturn|p1a: Tyranitar|Protect
|move|p2b: Heliolisk|Grass Knot|p1a: Tyranitar
|-activate|p1a: Tyranitar|move: Protect
|move|p1b: Gholdengo|Nasty Plot|p1b: Gholdengo
|-boost|p1b: Gholdengo|spa|2
|
|-weather|Sandstorm|[upkeep]
|-damage|p2b: Heliolisk|88/100|[from] Sandstorm
|-start|p2b: Heliolisk|perish2
|-start|p1a: Tyranitar|perish2
|upkeep
|turn|3
|
|t:|1785097119
|switch|p2b: Politoed|Politoed, L50, F|49/100
|-weather|RainDance|[from] ability: Drizzle|[of] p2b: Politoed
|switch|p1a: Sinistcha|Sinistcha, L50|100/100
|detailschange|p2a: Mawile|Mawile-Mega, L50, F
|-mega|p2a: Mawile|Mawile|Mawilite
|move|p1b: Gholdengo|Protect|p1b: Gholdengo
|-singleturn|p1b: Gholdengo|Protect
|move|p2a: Mawile|Protect||[still]
|-fail|p2a: Mawile
|
|-weather|RainDance|[upkeep]
|upkeep
|turn|4
|
|t:|1785097142
|move|p1a: Sinistcha|Rage Powder|p1a: Sinistcha
|-singleturn|p1a: Sinistcha|move: Rage Powder
|move|p2a: Mawile|Sucker Punch||[still]
|-fail|p2a: Mawile
|move|p1b: Gholdengo|Shadow Ball|p2a: Mawile
|-damage|p2a: Mawile|0 fnt
|faint|p2a: Mawile
|-damage|p1b: Gholdengo|90/100|[from] item: Life Orb
|move|p2b: Politoed|Ice Beam|p1a: Sinistcha
|-supereffective|p1a: Sinistcha|1
|-damage|p1a: Sinistcha|58/100
|
|-weather|RainDance|[upkeep]
|upkeep
|
|t:|1785097159
|switch|p2a: Heliolisk|Heliolisk, L50, F|88/100
|turn|5
|inactive|girlschoicebandcry has 30 seconds left.
|
|t:|1785097185
|move|p2a: Heliolisk|Dragon Pulse|p1b: Gholdengo
|-resisted|p1b: Gholdengo|1
|-damage|p1b: Gholdengo|79/100
|move|p1b: Gholdengo|Shadow Ball|p2b: Politoed
|-damage|p2b: Politoed|0 fnt
|faint|p2b: Politoed
|-damage|p1b: Gholdengo|70/100|[from] item: Life Orb
|move|p1a: Sinistcha|Matcha Gotcha|p2a: Heliolisk
|-damage|p2a: Heliolisk|45/100
|-heal|p1a: Sinistcha|76/100|[from] drain|[of] p2a: Heliolisk
|
|-weather|RainDance|[upkeep]
|-heal|p2a: Heliolisk|57/100|[from] ability: Dry Skin
|upkeep
|
|t:|1785097202
|switch|p2b: Farigiraf|Farigiraf, L50, F|100/100
|turn|6
|
|t:|1785097221
|move|p2b: Farigiraf|Protect|p2b: Farigiraf
|-singleturn|p2b: Farigiraf|Protect
|move|p2a: Heliolisk|Dragon Pulse|p1a: Sinistcha
|-damage|p1a: Sinistcha|47/100
|move|p1b: Gholdengo|Make It Rain|p2a: Heliolisk|[spread] p2a
|-activate|p2b: Farigiraf|move: Protect
|-resisted|p2a: Heliolisk|1
|-damage|p2a: Heliolisk|0 fnt
|-unboost|p1b: Gholdengo|spa|2
|faint|p2a: Heliolisk
|-damage|p1b: Gholdengo|60/100|[from] item: Life Orb
|move|p1a: Sinistcha|Matcha Gotcha|p2b: Farigiraf
|-activate|p2b: Farigiraf|move: Protect
|
|-weather|RainDance|[upkeep]
|upkeep
|turn|7
|-message|wrickin forfeited.
|
|win|girlschoicebandcry
