|j|☆robby w
|j|☆five_loko_gold
|html|robby wfive_loko_gold    
|uhtml|bestof|Game 2 of a best-of-3
|t:|1756749619
|gametype|doubles
|player|p1|robby w|pokefan-gen4|1168
|player|p2|five_loko_gold|170|1087
|gen|9
|tier|[Gen 9] VGC 2025 Reg H (Bo3)
|rated|
|rule|Species Clause: Limit one of each Pokémon
|rule|Item Clause: Limit 1 of each item
|clearpoke
|poke|p1|Dondozo, L50, F|
|poke|p1|Tatsugiri, L50, F|
|poke|p1|Sneasler, L50, M|
|poke|p1|Whimsicott, L50, M|
|poke|p1|Indeedee, L50, M|
|poke|p1|Hydreigon, L50, M|
|poke|p2|Rillaboom, L50, F|
|poke|p2|Sneasler, L50, M|
|poke|p2|Kingambit, L50, F|
|poke|p2|Ninetales-Alola, L50, F|
|poke|p2|Magmar, L50, F|
|poke|p2|Basculegion, L50, M|
|teampreview|4
|showteam|p1|Dondozo||Leftovers|Unaware|Protect,WaveCrash,Earthquake,OrderUp|||F|||50|,,,,,Grass]Tatsugiri||ChoiceScarf|Commander|DragonPulse,IcyWind,DracoMeteor,MuddyWater|||F|||50|,,,,,Stellar]Sneasler||PsychicSeed|Unburden|DireClaw,CloseCombat,Protect,ThroatChop|||M|||50|,,,,,Dark]Whimsicott||CovertCloak|Prankster|Tailwind,Moonblast,Taunt,HelpingHand|||M|||50|,,,,,Dark]Indeedee||FocusSash|PsychicSurge|ExpandingForce,TrickRoom,DazzlingGleam,Protect|||M|||50|,,,,,Fairy]Hydreigon||LifeOrb|Levitate|DracoMeteor,Snarl,HeatWave,Protect|||M|||50|,,,,,Steel
|showteam|p2|Rillaboom||AssaultVest|GrassySurge|WoodHammer,GrassyGlide,Uturn,FakeOut|||F|||50|,,,,,Ghost]Sneasler||FocusSash|Unburden|CloseCombat,DireClaw,FakeOut,Protect|||M|||50|,,,,,Stellar]Kingambit||BlackGlasses|Defiant|Protect,KowtowCleave,SuckerPunch,SwordsDance|||F|||50|,,,,,Fire]Ninetales-Alola||NeverMeltIce|SnowWarning|Encore,Blizzard,FreezeDry,Protect|||F|||50|,,,,,Ice]Magmar||Eviolite|VitalSpirit|Protect,HeatWave,WillOWisp,FollowMe|||F|||50|,,,,,Ghost]Basculegion||ChoiceScarf|Adaptability|WaveCrash,FlipTurn,TeraBlast,LastRespects|||M|||50|,,,,,Fighting
|inactive|Battle timer is ON: inactive players will automatically lose when time's up. (requested by robby w)
|
|t:|1756749656
|teamsize|p1|4
|teamsize|p2|4
|start
|switch|p1a: Whimsicott|Whimsicott, L50, M|100/100
|switch|p1b: Hydreigon|Hydreigon, L50, M|100/100
|switch|p2a: Sneasler|Sneasler, L50, M|100/100
|switch|p2b: Kingambit|Kingambit, L50, F|100/100
|turn|1
|inactive|robby w has 30 seconds left.
|
|t:|1756749684
|-terastallize|p2b: Kingambit|Fire
|move|p1b: Hydreigon|Protect|p1b: Hydreigon
|-singleturn|p1b: Hydreigon|Protect
|move|p1a: Whimsicott|Tailwind|p1a: Whimsicott
|-sidestart|p1: robby w|move: Tailwind
|move|p2a: Sneasler|Dire Claw|p1a: Whimsicott
|-supereffective|p1a: Whimsicott
|-damage|p1a: Whimsicott|0 fnt
|faint|p1a: Whimsicott
|move|p2b: Kingambit|Swords Dance|p2b: Kingambit
|-boost|p2b: Kingambit|atk|2
|
|upkeep
|
|t:|1756749696
|switch|p1a: Dondozo|Dondozo, L50, F, shiny|100/100
|turn|2
|inactive|five_loko_gold has 30 seconds left.
|inactive|five_loko_gold has 20 seconds left.
|
|t:|1756749733
|switch|p2b: Rillaboom|Rillaboom, L50, F|100/100
|-fieldstart|move: Grassy Terrain|[from] ability: Grassy Surge|[of] p2b: Rillaboom
|move|p1b: Hydreigon|Heat Wave|p2b: Rillaboom|[spread] p2a,p2b
|-supereffective|p2b: Rillaboom
|-damage|p2a: Sneasler|50/100
|-damage|p2b: Rillaboom|53/100
|-damage|p1b: Hydreigon|91/100|[from] item: Life Orb
|move|p2a: Sneasler|Dire Claw|p1a: Dondozo
|-damage|p1a: Dondozo|68/100
|-status|p1a: Dondozo|psn
|move|p1a: Dondozo|Earthquake|p2a: Sneasler|[spread] p2a,p2b
|-immune|p1b: Hydreigon|[from] ability: Levitate
|-supereffective|p2a: Sneasler
|-resisted|p2b: Rillaboom
|-damage|p2a: Sneasler|11/100
|-damage|p2b: Rillaboom|47/100
|
|-heal|p2a: Sneasler|17/100|[from] Grassy Terrain
|-heal|p1a: Dondozo|74/100 psn|[from] Grassy Terrain
|-heal|p1a: Dondozo|81/100 psn|[from] item: Leftovers
|-heal|p2b: Rillaboom|53/100|[from] Grassy Terrain
|-damage|p1a: Dondozo|68/100 psn|[from] psn
|upkeep
|turn|3
|inactive|robby w has 30 seconds left.
|inactive|five_loko_gold has 30 seconds left.
|inactive|robby w has 20 seconds left.
|
|t:|1756749772
|switch|p2a: Ninetales|Ninetales-Alola, L50, F|100/100
|-weather|Snowscape|[from] ability: Snow Warning|[of] p2a: Ninetales
|move|p1a: Dondozo|Protect|p1a: Dondozo
|-singleturn|p1a: Dondozo|Protect
|move|p2b: Rillaboom|Fake Out|p1b: Hydreigon
|-damage|p1b: Hydreigon|74/100
|cant|p1b: Hydreigon|flinch
|
|-weather|Snowscape|[upkeep]
|-heal|p1a: Dondozo|74/100 psn|[from] Grassy Terrain
|-heal|p1a: Dondozo|81/100 psn|[from] item: Leftovers
|-heal|p2b: Rillaboom|58/100|[from] Grassy Terrain
|-damage|p1a: Dondozo|68/100 psn|[from] psn
|upkeep
|turn|4
|inactive|five_loko_gold has 30 seconds left.
|
|t:|1756749800
|switch|p1b: Tatsugiri|Tatsugiri, L50, F|100/100
|-activate|p1b: Tatsugiri|ability: Commander|[of] p1a: Dondozo
|-boost|p1a: Dondozo|atk|2
|-boost|p1a: Dondozo|spa|2
|-boost|p1a: Dondozo|spe|2
|-boost|p1a: Dondozo|def|2
|-boost|p1a: Dondozo|spd|2
|move|p2a: Ninetales|Protect|p2a: Ninetales
|-singleturn|p2a: Ninetales|Protect
|move|p2b: Rillaboom|Grassy Glide|p1a: Dondozo
|-supereffective|p1a: Dondozo
|-damage|p1a: Dondozo|43/100 psn
|move|p1a: Dondozo|Wave Crash|p2a: Ninetales
|-activate|p2a: Ninetales|move: Protect
|
|-weather|Snowscape|[upkeep]
|-heal|p1a: Dondozo|50/100 psn|[from] Grassy Terrain
|-heal|p1a: Dondozo|56/100 psn|[from] item: Leftovers
|-heal|p2b: Rillaboom|64/100|[from] Grassy Terrain
|-damage|p1a: Dondozo|43/100 psn|[from] psn
|-sideend|p1: robby w|move: Tailwind
|upkeep
|turn|5
|inactive|robby w has 30 seconds left.
|
|t:|1756749826
|move|p1a: Dondozo|Protect|p1a: Dondozo
|-singleturn|p1a: Dondozo|Protect
|move|p2a: Ninetales|Freeze-Dry|p1a: Dondozo
|-activate|p1a: Dondozo|move: Protect
|move|p2b: Rillaboom|Wood Hammer|p1a: Dondozo
|-activate|p1a: Dondozo|move: Protect
|
|-weather|Snowscape|[upkeep]
|-heal|p1a: Dondozo|50/100 psn|[from] Grassy Terrain
|-heal|p1a: Dondozo|56/100 psn|[from] item: Leftovers
|-heal|p2b: Rillaboom|70/100|[from] Grassy Terrain
|-damage|p1a: Dondozo|43/100 psn|[from] psn
|upkeep
|turn|6
|
|t:|1756749850
|switch|p2b: Sneasler|Sneasler, L50, M|17/100
|move|p2a: Ninetales|Freeze-Dry|p1a: Dondozo
|-supereffective|p1a: Dondozo
|-damage|p1a: Dondozo|11/100 psn
|move|p1a: Dondozo|Wave Crash|p2a: Ninetales
|-damage|p2a: Ninetales|0 fnt
|faint|p2a: Ninetales
|-damage|p1a: Dondozo|0 fnt|[from] Recoil
|faint|p1a: Dondozo
|
|-weather|Snowscape|[upkeep]
|-heal|p2b: Sneasler|22/100|[from] Grassy Terrain
|-fieldend|move: Grassy Terrain
|upkeep
|
|t:|1756749863
|switch|p2a: Kingambit|Kingambit, L50, F, tera:Fire|100/100
|switch|p1a: Hydreigon|Hydreigon, L50, M|74/100
|turn|7
|inactive|five_loko_gold has 30 seconds left.
|
|t:|1756749892
|-terastallize|p1b: Tatsugiri|Stellar
|move|p1a: Hydreigon|Protect|p1a: Hydreigon
|-singleturn|p1a: Hydreigon|Protect
|move|p2b: Sneasler|Fake Out|p1b: Tatsugiri
|-damage|p1b: Tatsugiri|71/100
|cant|p1b: Tatsugiri|flinch
|move|p2a: Kingambit|Swords Dance|p2a: Kingambit
|-boost|p2a: Kingambit|atk|2
|
|-weather|none
|upkeep
|turn|8
|inactive|five_loko_gold has 30 seconds left.
|
|t:|1756749920
|switch|p2b: Rillaboom|Rillaboom, L50, F|70/100
|-fieldstart|move: Grassy Terrain|[from] ability: Grassy Surge|[of] p2b: Rillaboom
|move|p2a: Kingambit|Sucker Punch|p1b: Tatsugiri
|-damage|p1b: Tatsugiri|0 fnt
|faint|p1b: Tatsugiri
|move|p1a: Hydreigon|Snarl|p2b: Rillaboom|[spread] p2a,p2b
|-damage|p2a: Kingambit|73/100
|-damage|p2b: Rillaboom|51/100
|-unboost|p2a: Kingambit|spa|1
|-ability|p2a: Kingambit|Defiant|boost
|-boost|p2a: Kingambit|atk|2
|-unboost|p2b: Rillaboom|spa|1
|-damage|p1a: Hydreigon|64/100|[from] item: Life Orb
|
|-heal|p2b: Rillaboom|57/100|[from] Grassy Terrain
|-heal|p2a: Kingambit|79/100|[from] Grassy Terrain
|upkeep
|turn|9
|-message|robby w forfeited.
|
|win|five_loko_gold
||five_loko_gold is ready for game 3.
||robby w is ready for game 3.
|uhtml|next|Next: Game 3 of 3
|l|☆five_loko_gold
|player|p2|
