|j|☆jrohn33
|j|☆OsakaSalaryman
|html|jrohn33OsakaSalaryman    
|uhtml|bestof|Game 3 of a best-of-3
|t:|1785935201
|gametype|doubles
|player|p1|jrohn33|artist-gen4|1090
|player|p2|OsakaSalaryman|clerk|1000
|gen|9
|tier|[Gen 9 Champions] VGC 2026 Reg M-B (Bo3)
|rated|
|rule|Species Clause: Limit one of each Pokémon
|rule|Item Clause: Limit 1 of each item
|clearpoke
|poke|p1|Farigiraf, L50, M, shiny|
|poke|p1|Whimsicott, L50, M, shiny|
|poke|p1|Raichu, L50, F|
|poke|p1|Mawile, L50, F, shiny|
|poke|p1|Garchomp, L50, F, shiny|
|poke|p1|Basculegion, L50, M, shiny|
|poke|p2|Gengar, L50, M|
|poke|p2|Politoed, L50, F|
|poke|p2|Sableye, L50, F|
|poke|p2|Vivillon-Pokeball, L50, M|
|poke|p2|Archaludon, L50, M|
|poke|p2|Incineroar, L50, M|
|teampreview|4
|showteam|p1|Farigiraf||ColburBerry|ArmorTail|Protect,TrickRoom,TwinBeam,LightScreen|Modest||M|||50|]Whimsicott||FocusSash|Prankster|Tailwind,Encore,Moonblast,Protect|Timid||M|||50|]Raichu||RaichuniteY|Static|FakeOut,ZapCannon,FocusBlast,Protect|Modest||F|||50|]Mawile||Mawilite|HyperCutter|IronHead,PlayRough,Protect,SwordsDance|Adamant||F|||50|]Garchomp||LifeOrb|RoughSkin|Earthquake,Protect,DragonClaw,SwordsDance|Jolly||F|||50|]Basculegion||ChoiceScarf|Adaptability|FlipTurn,LastRespects,Liquidation,IceFang|Jolly||M|||50|
|showteam|p2|Gengar||Gengarite|CursedBody|Protect,ShadowBall,PerishSong,Disable|Timid||M|||50|]Politoed||SitrusBerry|Drizzle|Protect,Hypnosis,PerishSong,MuddyWater|Calm||F|||50|]Sableye||RoseliBerry|Prankster|Protect,FakeOut,Encore,FoulPlay|Bold||F|||50|]Vivillon-Pokeball||FocusSash|CompoundEyes|Protect,SleepPowder,Hurricane,RagePowder|Timid||M|||50|]Archaludon||Leftovers|Stalwart|Protect,ElectroShot,Snarl,FlashCannon|Bold||M|||50|]Incineroar||ChopleBerry|Intimidate|Protect,FakeOut,DarkestLariat,FlareBlitz|Adamant||M|||50|
|inactive|Battle timer is ON: inactive players will automatically lose when time's up. (requested by jrohn33)
|inactive|jrohn33 has 60 seconds left.
|inactive|OsakaSalaryman has 60 seconds left.
|
|t:|1785935255
|teamsize|p1|4
|teamsize|p2|4
|start
|switch|p1a: Basculegion|Basculegion, L50, M, shiny|100/100
|switch|p1b: Raichu|Raichu, L50, F|100/100
|switch|p2a: Sableye|Sableye, L50, F|100/100
|switch|p2b: Gengar|Gengar, L50, M|100/100
|turn|1
|
|t:|1785935274
|detailschange|p2b: Gengar|Gengar-Mega, L50, M
|-mega|p2b: Gengar|Gengar|Gengarite
|detailschange|p1b: Raichu|Raichu-Mega-Y, L50, F
|-mega|p1b: Raichu|Raichu|Raichunite Y
|move|p2b: Gengar|Protect|p2b: Gengar
|-singleturn|p2b: Gengar|Protect
|move|p1b: Raichu|Protect|p1b: Raichu
|-singleturn|p1b: Raichu|Protect
|move|p1a: Basculegion|Flip Turn|p2b: Gengar
|-activate|p2b: Gengar|move: Protect
|move|p2a: Sableye|Foul Play|p1a: Basculegion
|-supereffective|p1a: Basculegion|1
|-crit|p1a: Basculegion
|-damage|p1a: Basculegion|0 fnt
|faint|p1a: Basculegion
|
|upkeep
|
|t:|1785935277
|switch|p1a: Whimsicott|Whimsicott, L50, M, shiny|100/100
|turn|2
|
|t:|1785935300
|move|p1a: Whimsicott|Encore|p2b: Gengar
|-start|p2b: Gengar|Encore
|move|p2b: Gengar|Protect||[still]
|-fail|p2b: Gengar
|move|p2a: Sableye|Encore|p1b: Raichu
|-start|p1b: Raichu|Encore
|move|p1b: Raichu|Protect||[still]
|-fail|p1b: Raichu
|
|upkeep
|turn|3
|
|t:|1785935315
|switch|p2b: Vivillon|Vivillon-Pokeball, L50, M|100/100
|move|p1b: Raichu|Protect|p1b: Raichu
|-singleturn|p1b: Raichu|Protect
|move|p2a: Sableye|Encore||[still]
|-fail|p2a: Sableye
|move|p1a: Whimsicott|Moonblast|p2a: Sableye
|-supereffective|p2a: Sableye|1
|-enditem|p2a: Sableye|Roseli Berry|[eat]
|-enditem|p2a: Sableye|Roseli Berry|[weaken]
|-damage|p2a: Sableye|61/100
|
|upkeep
|turn|4
|
|t:|1785935333
|switch|p1b: Garchomp|Garchomp, L50, F, shiny|100/100
|switch|p2a: Gengar|Gengar-Mega, L50, M|100/100
|move|p1a: Whimsicott|Moonblast|p2a: Gengar
|-resisted|p2a: Gengar|1
|-damage|p2a: Gengar|79/100
|move|p2b: Vivillon|Sleep Powder|p1b: Garchomp
|-status|p1b: Garchomp|slp|[from] move: Sleep Powder
|
|upkeep
|turn|5
|inactive|jrohn33 has 30 seconds left.
|inactive|jrohn33 has 20 seconds left.
|
|t:|1785935369
|move|p1a: Whimsicott|Encore|p2b: Vivillon
|-start|p2b: Vivillon|Encore
|move|p2a: Gengar|Perish Song|p2a: Gengar
|-start|p1a: Whimsicott|perish3|[silent]
|-start|p1b: Garchomp|perish3|[silent]
|-start|p2a: Gengar|perish3|[silent]
|-start|p2b: Vivillon|perish3|[silent]
|-fieldactivate|move: Perish Song
|cant|p1b: Garchomp|slp
|move|p2b: Vivillon|Sleep Powder|p1a: Whimsicott
|-immune|p1a: Whimsicott
|
|-start|p2a: Gengar|perish3
|-start|p1a: Whimsicott|perish3
|-start|p1b: Garchomp|perish3
|-start|p2b: Vivillon|perish3
|upkeep
|turn|6
|
|t:|1785935392
|switch|p2b: Sableye|Sableye, L50, F|61/100
|move|p2a: Gengar|Protect|p2a: Gengar
|-singleturn|p2a: Gengar|Protect
|move|p1a: Whimsicott|Encore|p2a: Gengar
|-activate|p2a: Gengar|move: Protect
|cant|p1b: Garchomp|slp
|
|-start|p2a: Gengar|perish2
|-start|p1a: Whimsicott|perish2
|-start|p1b: Garchomp|perish2
|upkeep
|turn|7
|
|t:|1785935409
|move|p2b: Sableye|Fake Out|p1b: Garchomp
|-damage|p1b: Garchomp|93/100 slp
|-damage|p2b: Sableye|49/100|[from] ability: Rough Skin|[of] p1b: Garchomp
|move|p1a: Whimsicott|Encore|p2a: Gengar
|-start|p2a: Gengar|Encore
|move|p2a: Gengar|Protect|p2a: Gengar
|-singleturn|p2a: Gengar|Protect
|-curestatus|p1b: Garchomp|slp|[msg]
|cant|p1b: Garchomp|flinch
|
|-start|p2a: Gengar|perish1
|-start|p1a: Whimsicott|perish1
|-start|p1b: Garchomp|perish1
|upkeep
|turn|8
|inactive|OsakaSalaryman has 30 seconds left.
|
|t:|1785935437
|switch|p2a: Incineroar|Incineroar, L50, M|100/100
|-ability|p2a: Incineroar|Intimidate|boost
|-unboost|p1a: Whimsicott|atk|1
|-unboost|p1b: Garchomp|atk|1
|move|p2b: Sableye|Protect|p2b: Sableye
|-singleturn|p2b: Sableye|Protect
|move|p1a: Whimsicott|Moonblast|p2b: Sableye
|-activate|p2b: Sableye|move: Protect
|move|p1b: Garchomp|Earthquake|p2a: Incineroar|[spread] p1a,p2a
|-activate|p2b: Sableye|move: Protect
|-resisted|p1a: Whimsicott|1
|-supereffective|p2a: Incineroar|1
|-damage|p1a: Whimsicott|74/100
|-damage|p2a: Incineroar|51/100
|-damage|p1b: Garchomp|83/100|[from] item: Life Orb
|
|-start|p1a: Whimsicott|perish0
|-start|p1b: Garchomp|perish0
|faint|p1a: Whimsicott
|faint|p1b: Garchomp
|upkeep
|
|t:|1785935452
|switch|p1b: Raichu|Raichu-Mega-Y, L50, F|100/100
|turn|9
|
|t:|1785935468
|switch|p2b: Vivillon|Vivillon-Pokeball, L50, M|100/100
|move|p2a: Incineroar|Fake Out|p1b: Raichu
|-damage|p1b: Raichu|75/100
|cant|p1b: Raichu|flinch
|
|upkeep
|turn|10
|
|t:|1785935487
|move|p1b: Raichu|Zap Cannon|p2b: Vivillon
|-supereffective|p2b: Vivillon|1
|-enditem|p2b: Vivillon|Focus Sash
|-damage|p2b: Vivillon|1/100
|-status|p2b: Vivillon|par
|move|p2a: Incineroar|Flare Blitz|p1b: Raichu
|-damage|p1b: Raichu|0 fnt
|faint|p1b: Raichu
|-damage|p2a: Incineroar|32/100|[from] Recoil
|
|win|OsakaSalaryman
|raw|jrohn33's rating: 1090 → 1061(-29 for losing)
|raw|OsakaSalaryman's rating: 1000 → 1050(+50 for winning)
