|j|☆Flopi667
|j|☆lux raymundi
|html|Flopi667lux raymundi    
|uhtml|bestof|Game 2 of a best-of-3
|t:|1782677743
|gametype|doubles
|player|p1|Flopi667|zinzolin|1163
|player|p2|lux raymundi|169|1218
|gen|9
|tier|[Gen 9 Champions] VGC 2026 Reg M-B (Bo3)
|rated|
|rule|Species Clause: Limit one of each Pokémon
|rule|Item Clause: Limit 1 of each item
|clearpoke
|poke|p1|Maushold, L50|
|poke|p1|Annihilape, L50, M|
|poke|p1|Archaludon, L50, M|
|poke|p1|Pelipper, L50, M|
|poke|p1|Sableye, L50, M|
|poke|p1|Blastoise, L50, M|
|poke|p2|Garchomp, L50, F|
|poke|p2|Sneasler, L50, F|
|poke|p2|Sinistcha, L50|
|poke|p2|Eelektross, L50, F|
|poke|p2|Delphox, L50, M|
|poke|p2|Basculegion, L50, M|
|teampreview|4
|showteam|p1|Maushold||ChopleBerry|FriendGuard|PopulationBomb,SuperFang,BeatUp,FollowMe|Jolly|||||50|]Annihilape||SitrusBerry|Defiant|RageFist,DrainPunch,BulkUp,Protect|Adamant||M|||50|]Archaludon||Leftovers|Stamina|ElectroShot,DracoMeteor,FlashCannon,Protect|Bold||M|||50|]Pelipper||FocusSash|Drizzle|Tailwind,Hurricane,WeatherBall,Protect|Timid||M|||50|]Sableye||MentalHerb|Prankster|FakeOut,Quash,RainDance,WillOWisp|Jolly||M|||50|]Blastoise||Blastoisinite|Torrent|WaterSpout,AuraSphere,DarkPulse,Protect|Timid||M|||50|
|showteam|p2|Garchomp||LifeOrb|RoughSkin|Earthquake,RockTomb,DragonClaw,Protect|Jolly||F|||50|]Sneasler||FocusSash|Unburden|FakeOut,CloseCombat,DireClaw,Protect|Jolly||F|||50|]Sinistcha||SitrusBerry|Hospitality|MatchaGotcha,RagePowder,TrickRoom,Protect|Bold|||||50|]Eelektross||Eelektrossite|Levitate|Protect,Electroweb,Flamethrower,Thunderbolt|Timid||F|||50|]Delphox||Delphoxite|Blaze|NastyPlot,HeatWave,Psychic,Protect|Timid||M|||50|]Basculegion||ChoiceScarf|Adaptability|FlipTurn,AquaJet,WaveCrash,LastRespects|Jolly||M|||50|
|inactive|Battle timer is ON: inactive players will automatically lose when time's up. (requested by Flopi667)
|
|t:|1782677770
|teamsize|p1|4
|teamsize|p2|4
|start
|switch|p1a: Annihilape|Annihilape, L50, M|100/100
|switch|p1b: Maushold|Maushold, L50|100/100
|switch|p2a: Sneasler|Sneasler, L50, F|100/100
|switch|p2b: Eelektross|Eelektross, L50, F|100/100
|turn|1
|inactive|lux raymundi has 30 seconds left.
|
|t:|1782677800
|detailschange|p2b: Eelektross|Eelektross-Mega, L50, F
|-mega|p2b: Eelektross|Eelektross|Eelektrossite
|move|p2a: Sneasler|Fake Out|p1b: Maushold
|-damage|p1b: Maushold|76/100
|cant|p1b: Maushold|flinch
|move|p2b: Eelektross|Thunderbolt|p1b: Maushold
|-damage|p1b: Maushold|8/100
|move|p1a: Annihilape|Bulk Up|p1a: Annihilape
|-boost|p1a: Annihilape|atk|1
|-boost|p1a: Annihilape|def|1
|
|upkeep
|turn|2
|
|t:|1782677823
|switch|p2a: Sinistcha|Sinistcha, L50|100/100
|move|p1b: Maushold|Population Bomb|p2a: Sinistcha
|-immune|p2a: Sinistcha
|move|p2b: Eelektross|Thunderbolt|p1b: Maushold
|-damage|p1b: Maushold|0 fnt
|faint|p1b: Maushold
|-ability|p2b: Eelektross|Eelevate|boost
|-boost|p2b: Eelektross|spa|1
|move|p1a: Annihilape|Drain Punch|p2b: Eelektross
|-damage|p2b: Eelektross|23/100
|
|upkeep
|
|t:|1782677836
|switch|p1b: Blastoise|Blastoise, L50, M|100/100
|turn|3
|
|t:|1782677853
|detailschange|p1b: Blastoise|Blastoise-Mega, L50, M
|-mega|p1b: Blastoise|Blastoise|Blastoisinite
|move|p2a: Sinistcha|Rage Powder|p2a: Sinistcha
|-singleturn|p2a: Sinistcha|move: Rage Powder
|move|p2b: Eelektross|Thunderbolt|p1a: Annihilape
|-damage|p1a: Annihilape|35/100
|-enditem|p1a: Annihilape|Sitrus Berry|[eat]
|-heal|p1a: Annihilape|59/100|[from] item: Sitrus Berry
|move|p1b: Blastoise|Water Spout|p2a: Sinistcha|[spread] p2a,p2b
|-resisted|p2a: Sinistcha|1
|-damage|p2a: Sinistcha|69/100
|-damage|p2b: Eelektross|0 fnt
|faint|p2b: Eelektross
|move|p1a: Annihilape|Rage Fist|p2a: Sinistcha
|-supereffective|p2a: Sinistcha|1
|-crit|p2a: Sinistcha
|-damage|p2a: Sinistcha|0 fnt
|faint|p2a: Sinistcha
|
|upkeep
|
|t:|1782677861
|switch|p2b: Sneasler|Sneasler, L50, F|100/100
|switch|p2a: Garchomp|Garchomp, L50, F|100/100
|turn|4
|
|t:|1782677870
|move|p1b: Blastoise|Protect|p1b: Blastoise
|-singleturn|p1b: Blastoise|Protect
|move|p1a: Annihilape|Protect|p1a: Annihilape
|-singleturn|p1a: Annihilape|Protect
|move|p2b: Sneasler|Dire Claw|p1a: Annihilape
|-activate|p1a: Annihilape|move: Protect
|move|p2a: Garchomp|Dragon Claw|p1a: Annihilape
|-activate|p1a: Annihilape|move: Protect
|
|upkeep
|turn|5
|
|t:|1782677883
|move|p2b: Sneasler|Close Combat|p1b: Blastoise
|-damage|p1b: Blastoise|44/100
|-unboost|p2b: Sneasler|def|1
|-unboost|p2b: Sneasler|spd|1
|move|p2a: Garchomp|Dragon Claw|p1a: Annihilape
|-damage|p1a: Annihilape|23/100
|-damage|p2a: Garchomp|90/100|[from] item: Life Orb
|move|p1b: Blastoise|Water Spout|p2b: Sneasler|[spread] p2a,p2b
|-damage|p2a: Garchomp|62/100
|-damage|p2b: Sneasler|43/100
|move|p1a: Annihilape|Rage Fist|p2b: Sneasler
|-damage|p2b: Sneasler|0 fnt
|faint|p2b: Sneasler
|
|upkeep
|turn|6
|
|t:|1782677903
|move|p2a: Garchomp|Earthquake|p1a: Annihilape|[spread] p1a,p1b
|-damage|p1a: Annihilape|0 fnt
|-damage|p1b: Blastoise|1/100
|faint|p1a: Annihilape
|-damage|p2a: Garchomp|53/100|[from] item: Life Orb
|move|p1b: Blastoise|Aura Sphere|p2a: Garchomp
|-damage|p2a: Garchomp|8/100
|
|upkeep
|
|t:|1782677910
|switch|p1a: Sableye|Sableye, L50, M|100/100
|turn|7
|
|t:|1782677916
|move|p2a: Garchomp|Protect|p2a: Garchomp
|-singleturn|p2a: Garchomp|Protect
|move|p1a: Sableye|Fake Out|p2a: Garchomp
|-activate|p2a: Garchomp|move: Protect
|move|p1b: Blastoise|Aura Sphere|p2a: Garchomp
|-activate|p2a: Garchomp|move: Protect
|
|upkeep
|turn|8
|
|t:|1782677925
|move|p1a: Sableye|Quash|p2a: Garchomp
|-activate|p2a: Garchomp|move: Quash
|move|p1b: Blastoise|Aura Sphere|p2a: Garchomp
|-damage|p2a: Garchomp|0 fnt
|faint|p2a: Garchomp
|
|win|Flopi667
