|j|☆isthisbelias?
|j|☆djmaeson
|html|isthisbelias?djmaeson    
|uhtml|bestof|Game 2 of a best-of-3
|t:|1782373714
|gametype|doubles
|player|p1|isthisbelias?|janitor|1192
|player|p2|djmaeson|102|1186
|gen|9
|tier|[Gen 9 Champions] VGC 2026 Reg M-B (Bo3)
|rated|
|rule|Species Clause: Limit one of each Pokémon
|rule|Item Clause: Limit 1 of each item
|clearpoke
|poke|p1|Gardevoir, L50, F, shiny|
|poke|p1|Talonflame, L50, F|
|poke|p1|Sneasler, L50, M|
|poke|p1|Incineroar, L50, M|
|poke|p1|Sinistcha, L50|
|poke|p1|Kingambit, L50, M|
|poke|p2|Sableye, L50, M|
|poke|p2|Archaludon, L50, F|
|poke|p2|Basculegion, L50, M|
|poke|p2|Pelipper, L50, M|
|poke|p2|Sinistcha, L50|
|poke|p2|Dragonite, L50, F|
|teampreview|4
|showteam|p1|Gardevoir||Gardevoirite|Trace|HyperVoice,Psyshock,TrickRoom,Protect|Modest||F|||50|]Talonflame||SharpBeak|GaleWings|BraveBird,WillOWisp,QuickGuard,Tailwind|Jolly||F|||50|]Sneasler||FocusSash|PoisonTouch|FakeOut,DireClaw,CloseCombat,Protect|Jolly||M|||50|]Incineroar||SitrusBerry|Intimidate|FlareBlitz,Snarl,PartingShot,FakeOut|Impish||M|||50|]Sinistcha||Leftovers|Hospitality|MatchaGotcha,ShadowBall,TrickRoom,RagePowder|Modest|||||50|]Kingambit||BlackGlasses|Defiant|SuckerPunch,KowtowCleave,IronHead,Protect|Adamant||M|||50|
|showteam|p2|Sableye||RoseliBerry|Prankster|Reflect,Quash,RainDance,LightScreen|Calm||M|||50|]Archaludon||Leftovers|Stamina|ElectroShot,DragonPulse,FlashCannon,Protect|Modest||F|||50|]Basculegion||ChoiceScarf|Adaptability|WaveCrash,FlipTurn,AquaJet,LastRespects|Jolly||M|||50|]Pelipper||SitrusBerry|Drizzle|WideGuard,WeatherBall,Hurricane,Tailwind|Modest||M|||50|]Sinistcha||KasibBerry|Hospitality|MatchaGotcha,LifeDew,TrickRoom,RagePowder|Sassy|||||50|]Dragonite||Dragoninite|InnerFocus|DracoMeteor,Flamethrower,Hurricane,Tailwind|Modest||F|||50|
|
|t:|1782373741
|teamsize|p1|4
|teamsize|p2|4
|start
|switch|p1a: Gardevoir|Gardevoir, L50, F, shiny|100/100
|switch|p1b: Incineroar|Incineroar, L50, M|100/100
|switch|p2a: Basculegion|Basculegion, L50, M|100/100
|switch|p2b: Sableye|Sableye, L50, M|100/100
|-ability|p1a: Gardevoir|Adaptability|Trace|[from] ability: Trace|[of] p2a: Basculegion
|-ability|p1b: Incineroar|Intimidate|boost
|-unboost|p2a: Basculegion|atk|1
|-unboost|p2b: Sableye|atk|1
|turn|1
|
|t:|1782373766
|move|p1a: Gardevoir|Protect|p1a: Gardevoir
|-singleturn|p1a: Gardevoir|Protect
|move|p2b: Sableye|Rain Dance|p2b: Sableye
|-weather|RainDance
|move|p2a: Basculegion|Wave Crash|p1b: Incineroar
|-supereffective|p1b: Incineroar|1
|-damage|p1b: Incineroar|0 fnt
|faint|p1b: Incineroar
|-damage|p2a: Basculegion|65/100|[from] Recoil
|
|-weather|RainDance|[upkeep]
|upkeep
|
|t:|1782373777
|switch|p1b: Sinistcha|Sinistcha, L50|100/100
|turn|2
|
|t:|1782373805
|detailschange|p1a: Gardevoir|Gardevoir-Mega, L50, F, shiny
|-mega|p1a: Gardevoir|Gardevoir|Gardevoirite
|move|p1b: Sinistcha|Rage Powder|p1b: Sinistcha
|-singleturn|p1b: Sinistcha|move: Rage Powder
|move|p2b: Sableye|Light Screen|p2b: Sableye
|-sidestart|p2: djmaeson|move: Light Screen
|move|p2a: Basculegion|Wave Crash|p1b: Sinistcha
|-resisted|p1b: Sinistcha|1
|-damage|p1b: Sinistcha|63/100
|-damage|p2a: Basculegion|54/100|[from] Recoil
|move|p1a: Gardevoir|Hyper Voice|p2b: Sableye|[spread] p2a,p2b
|-supereffective|p2b: Sableye|1
|-enditem|p2b: Sableye|Roseli Berry|[eat]
|-enditem|p2b: Sableye|Roseli Berry|[weaken]
|-damage|p2a: Basculegion|17/100
|-damage|p2b: Sableye|60/100
|
|-weather|RainDance|[upkeep]
|-heal|p1b: Sinistcha|69/100|[from] item: Leftovers
|upkeep
|turn|3
|
|t:|1782373851
|switch|p2a: Sinistcha|Sinistcha, L50|100/100
|-heal|p2b: Sableye|85/100|[from] ability: Hospitality|[of] p2a: Sinistcha
|switch|p2b: Archaludon|Archaludon, L50, F|100/100
|move|p1a: Gardevoir|Hyper Voice|p2b: Archaludon|[spread] p2a,p2b
|-damage|p2a: Sinistcha|73/100
|-damage|p2b: Archaludon|68/100
|-ability|p2b: Archaludon|Stamina|boost
|-boost|p2b: Archaludon|def|1
|move|p1b: Sinistcha|Shadow Ball|p2b: Archaludon
|-damage|p2b: Archaludon|40/100
|-ability|p2b: Archaludon|Stamina|boost
|-boost|p2b: Archaludon|def|1
|
|-weather|RainDance|[upkeep]
|-heal|p2b: Archaludon|46/100|[from] item: Leftovers
|-heal|p1b: Sinistcha|75/100|[from] item: Leftovers
|upkeep
|turn|4
|
|t:|1782373943
|move|p1a: Gardevoir|Hyper Voice|p2a: Sinistcha|[spread] p2a,p2b
|-damage|p2a: Sinistcha|44/100
|-damage|p2b: Archaludon|15/100
|-ability|p2b: Archaludon|Stamina|boost
|-boost|p2b: Archaludon|def|1
|move|p2b: Archaludon|Electro Shot||[still]
|-prepare|p2b: Archaludon|Electro Shot
|-boost|p2b: Archaludon|spa|1
|-anim|p2b: Archaludon|Electro Shot|p1a: Gardevoir
|-damage|p1a: Gardevoir|53/100
|move|p1b: Sinistcha|Shadow Ball|p2b: Archaludon
|-damage|p2b: Archaludon|0 fnt
|faint|p2b: Archaludon
|move|p2a: Sinistcha|Life Dew|p2a: Sinistcha
|-heal|p2a: Sinistcha|69/100
|
|-weather|RainDance|[upkeep]
|-heal|p1b: Sinistcha|82/100|[from] item: Leftovers
|upkeep
|
|t:|1782373968
|switch|p2b: Basculegion|Basculegion, L50, M|17/100
|turn|5
|
|t:|1782373976
|move|p1b: Sinistcha|Rage Powder|p1b: Sinistcha
|-singleturn|p1b: Sinistcha|move: Rage Powder
|move|p2b: Basculegion|Last Respects|p1b: Sinistcha
|-supereffective|p1b: Sinistcha|1
|-damage|p1b: Sinistcha|0 fnt
|faint|p1b: Sinistcha
|move|p1a: Gardevoir|Hyper Voice|p2b: Basculegion|[spread] p2a,p2b
|-damage|p2a: Sinistcha|40/100
|-damage|p2b: Basculegion|0 fnt
|faint|p2b: Basculegion
|move|p2a: Sinistcha|Matcha Gotcha|p1a: Gardevoir
|-damage|p1a: Gardevoir|29/100
|-heal|p2a: Sinistcha|53/100|[from] drain|[of] p1a: Gardevoir
|
|-weather|none
|upkeep
|
|t:|1782373989
|switch|p2b: Sableye|Sableye, L50, M|85/100
|switch|p1b: Kingambit|Kingambit, L50, M|100/100
|turn|6
|
|t:|1782374011
|move|p2b: Sableye|Reflect|p2b: Sableye
|-sidestart|p2: djmaeson|Reflect
|move|p1a: Gardevoir|Hyper Voice|p2b: Sableye|[spread] p2a,p2b
|-supereffective|p2b: Sableye|1
|-damage|p2a: Sinistcha|24/100
|-damage|p2b: Sableye|11/100
|move|p2a: Sinistcha|Matcha Gotcha|p1b: Kingambit|[spread] p1a,p1b
|-resisted|p1b: Kingambit|1
|-damage|p1a: Gardevoir|9/100
|-heal|p2a: Sinistcha|33/100|[from] drain|[of] p1a: Gardevoir
|-damage|p1b: Kingambit|89/100
|-heal|p2a: Sinistcha|40/100|[from] drain|[of] p1b: Kingambit
|-status|p1a: Gardevoir|brn
|move|p1b: Kingambit|Kowtow Cleave|p2a: Sinistcha
|-supereffective|p2a: Sinistcha|1
|-damage|p2a: Sinistcha|0 fnt
|faint|p2a: Sinistcha
|
|-damage|p1a: Gardevoir|4/100 brn|[from] brn
|-sideend|p2: djmaeson|move: Light Screen
|upkeep
|turn|7
|
|t:|1782374038
|move|p2b: Sableye|Rain Dance|p2b: Sableye
|-weather|RainDance
|move|p1a: Gardevoir|Hyper Voice|p2b: Sableye
|-supereffective|p2b: Sableye|1
|-damage|p2b: Sableye|0 fnt
|faint|p2b: Sableye
|
|win|isthisbelias?
||djmaeson is ready for game 3.
||isthisbelias? is ready for game 3.
|uhtml|next|Next: Game 3 of 3
|l|☆djmaeson
|player|p2|
