|j|☆NerdConsultant
|j|‽Desertfreak
|html|NerdConsultantDesertfreak    
|uhtml|bestof|Game 1 of a best-of-3
|t:|1756972838
|gametype|doubles
|player|p1|NerdConsultant|roxie|1269
|player|p2|Desertfreak|266|1369
|gen|9
|tier|[Gen 9] VGC 2025 Reg H (Bo3)
|rated|
|rule|Species Clause: Limit one of each Pokémon
|rule|Item Clause: Limit 1 of each item
|clearpoke
|poke|p1|Kingambit, L50, M|
|poke|p1|Rillaboom, L50, M|
|poke|p1|Archaludon, L50, F|
|poke|p1|Basculegion, L50, M|
|poke|p1|Electabuzz, L50, M|
|poke|p1|Pelipper, L50, M|
|poke|p2|Gholdengo, L50|
|poke|p2|Kilowattrel, L50, F|
|poke|p2|Incineroar, L50, M|
|poke|p2|Amoonguss, L50, M|
|poke|p2|Porygon2, L50|
|poke|p2|Ursaluna, L50, M|
|teampreview|4
|showteam|p1|Kingambit||BlackGlasses|Defiant|KowtowCleave,SwordsDance,SuckerPunch,Protect|||M|||50|,,,,,Dark]Rillaboom||LoadedDice|GrassySurge|HighHorsepower,GrassyGlide,BulletSeed,FakeOut|||M|||50|,,,,,Fire]Archaludon||AssaultVest|Stamina|ElectroShot,BodyPress,DracoMeteor,FlashCannon|||F|||50|,,,,,Bug]Basculegion||ChoiceBand|SwiftSwim|WaveCrash,AquaJet,LastRespects,FlipTurn|||M|||50|,,,,,Grass]Electabuzz||Eviolite|VitalSpirit|Electroweb,Taunt,FollowMe,Protect|||M|||50|,,,,,Ghost]Pelipper||FocusSash|Drizzle|Tailwind,WeatherBall,Hurricane,Protect|||M|||50|,,,,,Ghost
|showteam|p2|Gholdengo||LifeOrb|GoodasGold|MakeItRain,ShadowBall,Protect,NastyPlot||||||50|,,,,,Water]Kilowattrel||FocusSash|Competitive|AirSlash,Thunderbolt,Tailwind,Protect|||F|||50|,,,,,Ghost]Incineroar||SafetyGoggles|Intimidate|FakeOut,FlareBlitz,KnockOff,PartingShot|||M|||50|,,,,,Ghost]Amoonguss||SitrusBerry|Regenerator|PollenPuff,Spore,RagePowder,Protect|||M|||50|,,,,,Water]Porygon2||Eviolite|Download|TeraBlast,IceBeam,Recover,TrickRoom||||||50|,,,,,Fighting]Ursaluna||FlameOrb|Guts|Earthquake,Facade,HeadlongRush,Protect|||M|||50|,,,,,Ghost
|inactive|Battle timer is ON: inactive players will automatically lose when time's up. (requested by NerdConsultant)
|
|t:|1756972888
|teamsize|p1|4
|teamsize|p2|4
|start
|switch|p1a: Pelipper|Pelipper, L50, M|100/100
|switch|p1b: Basculegion|Basculegion, L50, M|100/100
|switch|p2a: Porygon2|Porygon2, L50, shiny|100/100
|switch|p2b: Amoonguss|Amoonguss, L50, M, shiny|100/100
|-weather|RainDance|[from] ability: Drizzle|[of] p1a: Pelipper
|-ability|p2a: Porygon2|Download|boost
|-boost|p2a: Porygon2|spa|1
|turn|1
|
|t:|1756972905
|switch|p2b: Incineroar|Incineroar, L50, M, shiny|100/100
|-ability|p2b: Incineroar|Intimidate|boost
|-unboost|p1a: Pelipper|atk|1
|-unboost|p1b: Basculegion|atk|1
|-terastallize|p1b: Basculegion|Grass
|move|p1b: Basculegion|Wave Crash|p2a: Porygon2
|-damage|p2a: Porygon2|41/100
|-damage|p1b: Basculegion|81/100|[from] Recoil
|move|p1a: Pelipper|Hurricane|p2a: Porygon2
|-damage|p2a: Porygon2|6/100
|move|p2a: Porygon2|Trick Room|p2a: Porygon2
|-fieldstart|move: Trick Room|[of] p2a: Porygon2
|
|-weather|RainDance|[upkeep]
|upkeep
|turn|2
|
|t:|1756972926
|switch|p1b: Rillaboom|Rillaboom, L50, M|100/100
|-fieldstart|move: Grassy Terrain|[from] ability: Grassy Surge|[of] p1b: Rillaboom
|move|p2b: Incineroar|Fake Out|p1b: Rillaboom
|-damage|p1b: Rillaboom|89/100
|move|p2a: Porygon2|Recover|p2a: Porygon2
|-heal|p2a: Porygon2|56/100
|move|p1a: Pelipper|Weather Ball|p2b: Incineroar
|-supereffective|p2b: Incineroar
|-damage|p2b: Incineroar|0 fnt
|faint|p2b: Incineroar
|
|-weather|RainDance|[upkeep]
|-heal|p2a: Porygon2|62/100|[from] Grassy Terrain
|-heal|p1b: Rillaboom|95/100|[from] Grassy Terrain
|upkeep
|
|t:|1756972937
|switch|p2b: Amoonguss|Amoonguss, L50, M, shiny|100/100
|turn|3
|
|t:|1756972951
|move|p1b: Rillaboom|Fake Out|p2b: Amoonguss
|-damage|p2b: Amoonguss|89/100
|cant|p2b: Amoonguss|flinch
|move|p2a: Porygon2|Tera Blast|p1a: Pelipper
|-enditem|p1a: Pelipper|Focus Sash
|-damage|p1a: Pelipper|1/100
|move|p1a: Pelipper|Hurricane|p2a: Porygon2
|-damage|p2a: Porygon2|30/100
|-start|p2a: Porygon2|confusion
|
|-weather|RainDance|[upkeep]
|-heal|p2b: Amoonguss|95/100|[from] Grassy Terrain
|-heal|p2a: Porygon2|36/100|[from] Grassy Terrain
|-heal|p1b: Rillaboom|100/100|[from] Grassy Terrain
|upkeep
|turn|4
|
|t:|1756972968
|move|p1a: Pelipper|Protect|p1a: Pelipper
|-singleturn|p1a: Pelipper|Protect
|move|p2b: Amoonguss|Spore|p1a: Pelipper
|-activate|p1a: Pelipper|move: Protect
|-activate|p2a: Porygon2|confusion
|-damage|p2a: Porygon2|29/100|[from] confusion
|move|p1b: Rillaboom|Bullet Seed|p2a: Porygon2
|-damage|p2a: Porygon2|18/100
|-damage|p2a: Porygon2|6/100
|-damage|p2a: Porygon2|0 fnt
|faint|p2a: Porygon2
|-hitcount|p2: Porygon2|3
|
|-weather|RainDance|[upkeep]
|-heal|p2b: Amoonguss|100/100|[from] Grassy Terrain
|upkeep
|
|t:|1756972970
|switch|p2a: Ursaluna|Ursaluna, L50, M, shiny|100/100
|turn|5
|
|t:|1756972994
|switch|p1a: Basculegion|Basculegion, L50, M, tera:Grass|81/100
|move|p2a: Ursaluna|Protect|p2a: Ursaluna
|-singleturn|p2a: Ursaluna|Protect
|move|p2b: Amoonguss|Spore|p1a: Basculegion
|-immune|p1a: Basculegion
|move|p1b: Rillaboom|Bullet Seed|p2a: Ursaluna
|-activate|p2a: Ursaluna|move: Protect
|
|-weather|none
|-heal|p1a: Basculegion|87/100|[from] Grassy Terrain
|-fieldend|move: Trick Room
|-status|p2a: Ursaluna|brn|[from] item: Flame Orb
|upkeep
|turn|6
|
|t:|1756973010
|switch|p1b: Pelipper|Pelipper, L50, M|1/100
|-weather|RainDance|[from] ability: Drizzle|[of] p1b: Pelipper
|-terastallize|p2a: Ursaluna|Ghost
|move|p1a: Basculegion|Wave Crash|p2a: Ursaluna
|-damage|p2a: Ursaluna|0 fnt
|faint|p2a: Ursaluna
|-damage|p1a: Basculegion|49/100|[from] Recoil
|move|p2b: Amoonguss|Pollen Puff|p1a: Basculegion
|-supereffective|p1a: Basculegion
|-damage|p1a: Basculegion|10/100
|
|-weather|RainDance|[upkeep]
|-heal|p1a: Basculegion|16/100|[from] Grassy Terrain
|-fieldend|move: Grassy Terrain
|upkeep
|turn|7
|-message|Desertfreak forfeited.
|
|win|NerdConsultant
||Desertfreak is ready for game 2.
||NerdConsultant is ready for game 2.
|uhtml|next|Next: Game 2 of 3
