|j|☆spyjus
|j|☆TheLeoj
|html|spyjusTheLeoj    
|uhtml|bestof|Game 1 of a best-of-3
|t:|1784157898
|gametype|doubles
|player|p1|spyjus|102|1086
|player|p2|TheLeoj|102|1119
|gen|9
|tier|[Gen 9 Champions] VGC 2026 Reg M-B (Bo3)
|rated|
|rule|Species Clause: Limit one of each Pokémon
|rule|Item Clause: Limit 1 of each item
|clearpoke
|poke|p1|Sableye, L50, M|
|poke|p1|Blastoise, L50, M|
|poke|p1|Pelipper, L50, F|
|poke|p1|Incineroar, L50, M|
|poke|p1|Greninja, L50, F|
|poke|p1|Meganium, L50, M|
|poke|p2|Politoed, L50, M, shiny|
|poke|p2|Incineroar, L50, F, shiny|
|poke|p2|Gengar, L50, F, shiny|
|poke|p2|Archaludon, L50, M, shiny|
|poke|p2|Swampert, L50, M, shiny|
|poke|p2|Vivillon-Elegant, L50, M, shiny|
|teampreview|4
|showteam|p1|Sableye||Sablenite|Prankster|WillOWisp,FakeOut,ThunderWave,ShadowClaw|Careful||M|||50|]Blastoise||Blastoisinite|Torrent|WaterPulse,DragonPulse,DarkPulse,Protect|Modest||M|||50|]Pelipper|||Drizzle|WeatherBall,Tailwind,Hurricane,Protect|Bold||F|||50|]Incineroar||Leftovers|Intimidate|FakeOut,PartingShot,Earthquake,FlareBlitz|Adamant||M|||50|]Greninja||Greninjite|Protean|SwordsDance,RockSlide,Liquidation,Protect|Jolly||F|||50|]Meganium||Meganiumite|LeafGuard|SolarBeam,WeatherBall,Synthesis,DazzlingGleam|Timid||M|||50|
|showteam|p2|Politoed||SitrusBerry|Drizzle|WeatherBall,Encore,PerishSong,Protect|Calm||M|||50|]Incineroar||PasshoBerry|Intimidate|ThroatChop,FakeOut,PartingShot,Protect|Sassy||F|||50|]Gengar||Gengarite|CursedBody|ShadowBall,SludgeBomb,PerishSong,Protect|Timid||F|||50|]Archaludon||Leftovers|Stamina|ElectroShot,FlashCannon,DragonPulse,Protect|Bold||M|||50|]Swampert||Swampertite|Torrent|WaveCrash,Earthquake,IcePunch,Protect|Adamant||M|||50|]Vivillon-Elegant||FocusSash|CompoundEyes|Hurricane,SleepPowder,RagePowder,Protect|Timid||M|||50|
|inactive|Battle timer is ON: inactive players will automatically lose when time's up. (requested by spyjus)
|inactive|TheLeoj also wants the timer to be on.
|inactive|spyjus has 60 seconds left.
|inactive|TheLeoj has 60 seconds left.
|
|t:|1784157950
|teamsize|p1|4
|teamsize|p2|4
|start
|switch|p1a: Incineroar|Incineroar, L50, M|100/100
|switch|p1b: Pelipper|Pelipper, L50, F|100/100
|switch|p2a: Gengar|Gengar, L50, F, shiny|100/100
|switch|p2b: Vivillon|Vivillon-Elegant, L50, M, shiny|100/100
|-weather|RainDance|[from] ability: Drizzle|[of] p1b: Pelipper
|-ability|p1a: Incineroar|Intimidate|boost
|-unboost|p2a: Gengar|atk|1
|-unboost|p2b: Vivillon|atk|1
|turn|1
|inactive|TheLeoj has 30 seconds left.
|
|t:|1784157981
|detailschange|p2a: Gengar|Gengar-Mega, L50, F, shiny
|-mega|p2a: Gengar|Gengar|Gengarite
|move|p1a: Incineroar|Fake Out|p2b: Vivillon
|-damage|p2b: Vivillon|70/100
|move|p2a: Gengar|Perish Song|p2a: Gengar
|-start|p1a: Incineroar|perish3|[silent]
|-start|p1b: Pelipper|perish3|[silent]
|-start|p2a: Gengar|perish3|[silent]
|-start|p2b: Vivillon|perish3|[silent]
|-fieldactivate|move: Perish Song
|cant|p2b: Vivillon|flinch
|move|p1b: Pelipper|Tailwind|p1b: Pelipper
|-sidestart|p1: spyjus|move: Tailwind
|
|-weather|RainDance|[upkeep]
|-start|p2a: Gengar|perish3
|-start|p1b: Pelipper|perish3
|-start|p1a: Incineroar|perish3
|-start|p2b: Vivillon|perish3
|upkeep
|turn|2
|inactive|spyjus has 30 seconds left.
|
|t:|1784158006
|move|p2a: Gengar|Protect|p2a: Gengar
|-singleturn|p2a: Gengar|Protect
|move|p2b: Vivillon|Protect|p2b: Vivillon
|-singleturn|p2b: Vivillon|Protect
|move|p1b: Pelipper|Hurricane|p2b: Vivillon
|-activate|p2b: Vivillon|move: Protect
|move|p1a: Incineroar|Earthquake|p2b: Vivillon|[spread] 
|-activate|p2a: Gengar|move: Protect
|-activate|p2b: Vivillon|move: Protect
|-immune|p1b: Pelipper
|
|-weather|RainDance|[upkeep]
|-start|p2a: Gengar|perish2
|-start|p1b: Pelipper|perish2
|-start|p1a: Incineroar|perish2
|-start|p2b: Vivillon|perish2
|upkeep
|turn|3
|
|t:|1784158027
|switch|p2a: Archaludon|Archaludon, L50, M, shiny|100/100
|move|p2b: Vivillon|Rage Powder|p2b: Vivillon
|-singleturn|p2b: Vivillon|move: Rage Powder
|move|p1b: Pelipper|Hurricane|p2b: Vivillon
|-supereffective|p2b: Vivillon|1
|-damage|p2b: Vivillon|0 fnt
|faint|p2b: Vivillon
|move|p1a: Incineroar|Earthquake|p2a: Archaludon|[spread] p2a
|-immune|p1b: Pelipper
|-supereffective|p2a: Archaludon|1
|-damage|p2a: Archaludon|65/100
|-ability|p2a: Archaludon|Stamina|boost
|-boost|p2a: Archaludon|def|1
|
|-weather|RainDance|[upkeep]
|-heal|p2a: Archaludon|71/100|[from] item: Leftovers
|-start|p1b: Pelipper|perish1
|-start|p1a: Incineroar|perish1
|upkeep
|
|t:|1784158043
|switch|p2b: Gengar|Gengar-Mega, L50, F, shiny|100/100
|turn|4
|
|t:|1784158070
|move|p2b: Gengar|Protect|p2b: Gengar
|-singleturn|p2b: Gengar|Protect
|move|p2a: Archaludon|Protect|p2a: Archaludon
|-singleturn|p2a: Archaludon|Protect
|move|p1b: Pelipper|Weather Ball|p2a: Archaludon
|-activate|p2a: Archaludon|move: Protect
|move|p1a: Incineroar|Earthquake|p2b: Gengar|[spread] 
|-activate|p2a: Archaludon|move: Protect
|-activate|p2b: Gengar|move: Protect
|-immune|p1b: Pelipper
|
|-weather|RainDance|[upkeep]
|-heal|p2a: Archaludon|77/100|[from] item: Leftovers
|-start|p1b: Pelipper|perish0
|-start|p1a: Incineroar|perish0
|-sideend|p1: spyjus|move: Tailwind
|faint|p1b: Pelipper
|faint|p1a: Incineroar
|upkeep
|
|t:|1784158075
|switch|p1b: Blastoise|Blastoise, L50, M|100/100
|switch|p1a: Sableye|Sableye, L50, M|100/100
|turn|5
|
|t:|1784158092
|detailschange|p1b: Blastoise|Blastoise-Mega, L50, M
|-mega|p1b: Blastoise|Blastoise|Blastoisinite
|move|p2b: Gengar|Perish Song|p2b: Gengar
|-start|p1a: Sableye|perish3|[silent]
|-start|p1b: Blastoise|perish3|[silent]
|-start|p2a: Archaludon|perish3|[silent]
|-start|p2b: Gengar|perish3|[silent]
|-fieldactivate|move: Perish Song
|move|p2a: Archaludon|Electro Shot||[still]
|-prepare|p2a: Archaludon|Electro Shot
|-boost|p2a: Archaludon|spa|1
|-anim|p2a: Archaludon|Electro Shot|p1b: Blastoise
|-supereffective|p1b: Blastoise|1
|-damage|p1b: Blastoise|6/100
|move|p1b: Blastoise|Dark Pulse|p2b: Gengar
|-supereffective|p2b: Gengar|1
|-damage|p2b: Gengar|0 fnt
|faint|p2b: Gengar
|move|p1a: Sableye|Shadow Claw|p2a: Archaludon
|-damage|p2a: Archaludon|69/100
|-ability|p2a: Archaludon|Stamina|boost
|-boost|p2a: Archaludon|def|1
|
|-weather|none
|-heal|p2a: Archaludon|75/100|[from] item: Leftovers
|-start|p2a: Archaludon|perish3
|-start|p1b: Blastoise|perish3
|-start|p1a: Sableye|perish3
|upkeep
|
|t:|1784158111
|switch|p2b: Incineroar|Incineroar, L50, F, shiny|100/100
|-ability|p2b: Incineroar|Intimidate|boost
|-unboost|p1a: Sableye|atk|1
|-unboost|p1b: Blastoise|atk|1
|turn|6
|inactive|spyjus has 30 seconds left.
|
|t:|1784158143
|move|p2b: Incineroar|Fake Out|p1b: Blastoise
|-damage|p1b: Blastoise|0 fnt
|faint|p1b: Blastoise
|move|p2a: Archaludon|Dragon Pulse|p1a: Sableye
|-crit|p1a: Sableye
|-damage|p1a: Sableye|17/100
|move|p1a: Sableye|Shadow Claw|p2b: Incineroar
|-resisted|p2b: Incineroar|1
|-damage|p2b: Incineroar|94/100
|
|-heal|p2a: Archaludon|81/100|[from] item: Leftovers
|-start|p2a: Archaludon|perish2
|-start|p1a: Sableye|perish2
|upkeep
|turn|7
|-message|spyjus forfeited.
|
|win|TheLeoj
