|j|☆Tchoubib
|j|☆Danidelaserna20
|html|TchoubibDanidelaserna20    
|uhtml|bestof|Game 3 of a best-of-3
|t:|1782686939
|gametype|doubles
|player|p1|Tchoubib|1|1307
|player|p2|Danidelaserna20|ethan|1323
|gen|9
|tier|[Gen 9 Champions] VGC 2026 Reg M-B (Bo3)
|rated|
|rule|Species Clause: Limit one of each Pokémon
|rule|Item Clause: Limit 1 of each item
|clearpoke
|poke|p1|Incineroar, L50, M|
|poke|p1|Floette-Eternal, L50, F|
|poke|p1|Sinistcha, L50|
|poke|p1|Sneasler, L50, M|
|poke|p1|Delphox, L50, M|
|poke|p1|Kingambit, L50, M|
|poke|p2|Kingambit, L50, F, shiny|
|poke|p2|Aerodactyl, L50, M|
|poke|p2|Farigiraf, L50, M|
|poke|p2|Sylveon, L50, F|
|poke|p2|Garchomp, L50, M|
|poke|p2|Charizard, L50, F|
|teampreview|4
|showteam|p1|Incineroar||SitrusBerry|Intimidate|FakeOut,PartingShot,ThroatChop,FlareBlitz|Careful||M|||50|]Floette-Eternal||Floettite|FlowerVeil|DazzlingGleam,Moonblast,CalmMind,Protect|Modest||F|||50|]Sinistcha||OccaBerry|Hospitality|MatchaGotcha,RagePowder,TrickRoom,Protect|Bold|||||50|]Sneasler||FocusSash|PoisonTouch|QuickGuard,FakeOut,PoisonJab,CloseCombat|Jolly||M|||50|]Delphox||Delphoxite|Blaze|Protect,NastyPlot,HeatWave,Psyshock|Timid||M|||50|]Kingambit||BlackGlasses|Defiant|Protect,SwordsDance,KowtowCleave,SuckerPunch|Adamant||M|||50|
|showteam|p2|Kingambit||FocusSash|Defiant|KowtowCleave,LowKick,SuckerPunch,IronHead|Adamant||F|||50|]Aerodactyl||Aerodactylite|Unnerve|DualWingbeat,IceFang,Tailwind,RockSlide|Jolly||M|||50|]Farigiraf||SitrusBerry|ArmorTail|Thunderbolt,TwinBeam,TrickRoom,Roar|Bold||M|||50|]Sylveon||FairyFeather|Pixilate|HyperVoice,Protect,QuickAttack,HyperBeam|Modest||F|||50|]Garchomp||SoftSand|RoughSkin|Earthquake,StompingTantrum,Protect,DragonClaw|Jolly||M|||50|]Charizard||CharizarditeY|Blaze|HeatWave,Protect,WeatherBall,SolarBeam|Modest||F|||50|
|inactive|Battle timer is ON: inactive players will automatically lose when time's up. (requested by Danidelaserna20)
|
|t:|1782686981
|teamsize|p1|4
|teamsize|p2|4
|start
|switch|p1a: Sinistcha|Sinistcha, L50|100/100
|switch|p1b: Delphox|Delphox, L50, M|100/100
|switch|p2a: Garchomp|Garchomp, L50, M|100/100
|switch|p2b: Charizard|Charizard, L50, F|100/100
|turn|1
|
|t:|1782686997
|switch|p1a: Incineroar|Incineroar, L50, M|100/100
|-ability|p1a: Incineroar|Intimidate|boost
|-unboost|p2a: Garchomp|atk|1
|-unboost|p2b: Charizard|atk|1
|detailschange|p1b: Delphox|Delphox-Mega, L50, M
|-mega|p1b: Delphox|Delphox|Delphoxite
|detailschange|p2b: Charizard|Charizard-Mega-Y, L50, F
|-mega|p2b: Charizard|Charizard|Charizardite Y
|-weather|SunnyDay|[from] ability: Drought|[of] p2b: Charizard
|move|p1b: Delphox|Nasty Plot|p1b: Delphox
|-boost|p1b: Delphox|spa|2
|move|p2a: Garchomp|Dragon Claw|p1a: Incineroar
|-damage|p1a: Incineroar|75/100
|move|p2b: Charizard|Heat Wave|p1b: Delphox|[spread] p1a,p1b
|-resisted|p1a: Incineroar|1
|-resisted|p1b: Delphox|1
|-damage|p1a: Incineroar|52/100
|-damage|p1b: Delphox|72/100
|
|-weather|SunnyDay|[upkeep]
|upkeep
|turn|2
|
|t:|1782687016
|move|p2b: Charizard|Protect|p2b: Charizard
|-singleturn|p2b: Charizard|Protect
|move|p1b: Delphox|Heat Wave|p2b: Charizard|[spread] p2a
|-activate|p2b: Charizard|move: Protect
|-resisted|p2a: Garchomp|1
|-damage|p2a: Garchomp|34/100
|move|p2a: Garchomp|Stomping Tantrum|p1a: Incineroar
|-supereffective|p1a: Incineroar|1
|-damage|p1a: Incineroar|0 fnt
|faint|p1a: Incineroar
|
|-weather|SunnyDay|[upkeep]
|upkeep
|
|t:|1782687022
|switch|p1a: Sinistcha|Sinistcha, L50|100/100
|-heal|p1b: Delphox|96/100|[from] ability: Hospitality|[of] p1a: Sinistcha
|turn|3
|
|t:|1782687036
|move|p1a: Sinistcha|Protect|p1a: Sinistcha
|-singleturn|p1a: Sinistcha|Protect
|move|p1b: Delphox|Psyshock|p2b: Charizard
|-damage|p2b: Charizard|9/100
|move|p2a: Garchomp|Earthquake|p1a: Sinistcha|[spread] 
|-activate|p1a: Sinistcha|move: Protect
|-immune|p2b: Charizard
|-immune|p1b: Delphox|[from] ability: Levitate
|move|p2b: Charizard|Heat Wave|p1a: Sinistcha|[spread] p1b
|-activate|p1a: Sinistcha|move: Protect
|-resisted|p1b: Delphox|1
|-damage|p1b: Delphox|67/100
|
|-weather|SunnyDay|[upkeep]
|upkeep
|turn|4
|
|t:|1782687054
|move|p2b: Charizard|Protect|p2b: Charizard
|-singleturn|p2b: Charizard|Protect
|move|p1b: Delphox|Heat Wave|p2b: Charizard|[spread] p2a
|-activate|p2b: Charizard|move: Protect
|-resisted|p2a: Garchomp|1
|-damage|p2a: Garchomp|0 fnt
|faint|p2a: Garchomp
|move|p1a: Sinistcha|Matcha Gotcha|p2b: Charizard
|-activate|p2b: Charizard|move: Protect
|
|-weather|SunnyDay|[upkeep]
|upkeep
|
|t:|1782687059
|switch|p2a: Farigiraf|Farigiraf, L50, M|100/100
|turn|5
|
|t:|1782687065
|move|p1b: Delphox|Heat Wave|p2b: Charizard|[spread] p2a,p2b
|-resisted|p2b: Charizard|1
|-crit|p2b: Charizard
|-damage|p2a: Farigiraf|0 fnt
|-damage|p2b: Charizard|0 fnt
|faint|p2a: Farigiraf
|faint|p2b: Charizard
|move|p1a: Sinistcha|Matcha Gotcha|p2: Farigiraf|[notarget]
|-fail|p1a: Sinistcha
|
|-weather|none
|upkeep
|
|t:|1782687071
|switch|p2b: Kingambit|Kingambit, L50, F, shiny|100/100
|turn|6
|
|t:|1782687075
|move|p1a: Sinistcha|Rage Powder|p1a: Sinistcha
|-singleturn|p1a: Sinistcha|move: Rage Powder
|move|p1b: Delphox|Heat Wave|p2b: Kingambit
|-supereffective|p2b: Kingambit|1
|-enditem|p2b: Kingambit|Focus Sash
|-damage|p2b: Kingambit|1/100
|move|p2b: Kingambit|Kowtow Cleave|p1a: Sinistcha
|-supereffective|p1a: Sinistcha|1
|-damage|p1a: Sinistcha|17/100
|
|upkeep
|turn|7
|
|t:|1782687083
|move|p2b: Kingambit|Sucker Punch|p1b: Delphox
|-supereffective|p1b: Delphox|1
|-damage|p1b: Delphox|0 fnt
|faint|p1b: Delphox
|move|p1a: Sinistcha|Matcha Gotcha|p2b: Kingambit
|-resisted|p2b: Kingambit|1
|-damage|p2b: Kingambit|0 fnt
|-heal|p1a: Sinistcha|18/100|[from] drain|[of] p2b: Kingambit
|faint|p2b: Kingambit
|
|win|Tchoubib
|raw|Tchoubib's rating: 1307 → 1328(+21 for winning)
|raw|Danidelaserna20's rating: 1323 → 1302(-21 for losing)
