|j|☆PiercingPotato
|j|☆Whitegangsta
|html|PiercingPotatoWhitegangsta    
|uhtml|bestof|Game 1 of a best-of-3
|t:|1784167449
|gametype|doubles
|player|p1|PiercingPotato|medium|
|player|p2|Whitegangsta|266|
|gen|9
|tier|[Gen 9 Champions] VGC 2026 Reg M-B (Bo3)
|rule|Species Clause: Limit one of each Pokémon
|rule|Item Clause: Limit 1 of each item
|clearpoke
|poke|p1|Overqwil, L50, F|
|poke|p1|Toxapex, L50, F|
|poke|p1|Bastiodon, L50, F|
|poke|p1|Raichu, L50, M|
|poke|p1|Metagross, L50|
|poke|p1|Politoed, L50, M|
|poke|p2|Incineroar, L50, M, shiny|
|poke|p2|Sceptile, L50, M, shiny|
|poke|p2|Steelix, L50, M, shiny|
|poke|p2|Gengar, L50, F, shiny|
|poke|p2|Ditto, L50, shiny|
|poke|p2|Slowbro, L50, M, shiny|
|teampreview|4
|showteam|p1|Overqwil||MentalHerb|Intimidate|Taunt,ThroatChop,Protect,DestinyBond|Jolly||F|||50|]Toxapex||WiseGlasses|Merciless|BanefulBunker,Liquidation,AcidSpray,Surf|Quiet||F|||50|]Bastiodon||ChopleBerry|Sturdy|Counter,Protect,HeavySlam,FoulPlay|Impish||F|||50|]Raichu||RaichuniteX|Static|Encore,FakeOut,Protect,Thunderbolt|Hasty||M|||50|]Metagross||Metagrossite|ClearBody|Explosion,PsychicFangs,BulletPunch,Protect|Jolly|||||50|]Politoed||ExpertBelt|Drizzle|Encore,Protect,PsychUp,BrickBreak|Careful||M|||50|
|showteam|p2|Incineroar||LifeOrb|Intimidate|Overheat,FakeOut,PartingShot,Protect|Quiet||M|||50|]Sceptile||SitrusBerry|Overgrow|ShedTail,EnergyBall,Detect,LeechSeed|Timid||M|||50|]Steelix||Steelixite|RockHead|HeavySlam,Protect,Facade,BodyPress|Adamant||M|||50|]Gengar||Gengarite|CursedBody|Protect,ShadowBall,PerishSong,SludgeBomb|Modest||F|||50|]Ditto||ChoiceScarf|Imposter|Transform|Timid|||||50|]Slowbro||Leftovers|Oblivious|TrickRoom,HealPulse,Yawn,Scald|Calm||M|||50|
|
|t:|1784167486
|teamsize|p1|4
|teamsize|p2|4
|start
|switch|p1a: Metagross|Metagross, L50|100/100
|switch|p1b: Raichu|Raichu, L50, M|100/100
|switch|p2a: Slowbro|Slowbro, L50, M, shiny|100/100
|switch|p2b: Sceptile|Sceptile, L50, M, shiny|100/100
|turn|1
|
|t:|1784167512
|move|p1b: Raichu|Fake Out|p2a: Slowbro
|-damage|p2a: Slowbro|93/100
|move|p2b: Sceptile|Shed Tail|p2b: Sceptile
|-start|p2b: Sceptile|Substitute|[from] move: Shed Tail
|-damage|p2b: Sceptile|50/100y
|-enditem|p2b: Sceptile|Sitrus Berry|[eat]
|-heal|p2b: Sceptile|75/100|[from] item: Sitrus Berry
|
|t:|1784167520
|switch|p2b: Incineroar|Incineroar, L50, M, shiny|100/100|[from] Shed Tail
|-ability|p2b: Incineroar|Intimidate|boost
|-fail|p1a: Metagross|unboost|[from] ability: Clear Body|[of] p1a: Metagross
|-unboost|p1b: Raichu|atk|1
|move|p1a: Metagross|Psychic Fangs|p2b: Incineroar
|-immune|p2b: Incineroar
|cant|p2a: Slowbro|flinch
|
|-heal|p2a: Slowbro|99/100|[from] item: Leftovers
|upkeep
|turn|2
|
|t:|1784167550
|move|p1a: Metagross|Protect|p1a: Metagross
|-singleturn|p1a: Metagross|Protect
|move|p2b: Incineroar|Fake Out|p1b: Raichu
|-damage|p1b: Raichu|71/100
|-damage|p2b: Incineroar|90/100|[from] item: Life Orb
|cant|p1b: Raichu|flinch
|move|p2a: Slowbro|Trick Room|p2a: Slowbro
|-fieldstart|move: Trick Room|[of] p2a: Slowbro
|
|-heal|p2a: Slowbro|100/100|[from] item: Leftovers
|upkeep
|turn|3
|
|t:|1784167593
|move|p1a: Metagross|Bullet Punch|p2a: Slowbro
|-resisted|p2a: Slowbro|1
|-damage|p2a: Slowbro|92/100
|move|p2a: Slowbro|Scald|p1b: Raichu
|-damage|p1b: Raichu|35/100
|move|p2b: Incineroar|Overheat|p1a: Metagross
|-supereffective|p1a: Metagross|1
|-damage|p1a: Metagross|0 fnt
|-unboost|p2b: Incineroar|spa|2
|faint|p1a: Metagross
|-damage|p2b: Incineroar|80/100|[from] item: Life Orb
|move|p1b: Raichu|Encore|p2a: Slowbro
|-start|p2a: Slowbro|Encore
|
|-heal|p2a: Slowbro|98/100|[from] item: Leftovers
|upkeep
|
|t:|1784167615
|switch|p1a: Overqwil|Overqwil, L50, F|100/100
|-ability|p1a: Overqwil|Intimidate|boost
|-fail|p2a: Slowbro|unboost|Attack|[from] ability: Oblivious|[of] p2a: Slowbro
|-immune|p2b: Incineroar
|turn|4
|
|t:|1784167631
|move|p1b: Raichu|Protect|p1b: Raichu
|-singleturn|p1b: Raichu|Protect
|move|p2a: Slowbro|Scald|p1b: Raichu
|-activate|p1b: Raichu|move: Protect
|move|p2b: Incineroar|Parting Shot|p1a: Overqwil
|-unboost|p1a: Overqwil|atk|1
|-unboost|p1a: Overqwil|spa|1
|
|t:|1784167651
|switch|p2b: Steelix|Steelix, L50, M, shiny|100/100|[from] Parting Shot
|move|p1a: Overqwil|Throat Chop|p2a: Slowbro
|-supereffective|p2a: Slowbro|1
|-damage|p2a: Slowbro|62/100
|-start|p2a: Slowbro|Throat Chop|[silent]
|
|-heal|p2a: Slowbro|68/100|[from] item: Leftovers
|upkeep
|turn|5
|j| DarKn04
|
|t:|1784167686
|detailschange|p2b: Steelix|Steelix-Mega, L50, M, shiny
|-mega|p2b: Steelix|Steelix|Steelixite
|detailschange|p1b: Raichu|Raichu-Mega-X, L50, M
|-mega|p1b: Raichu|Raichu|Raichunite X
|-fieldstart|move: Electric Terrain|[from] ability: Electric Surge|[of] p1b: Raichu
|move|p2b: Steelix|Body Press|p1a: Overqwil
|-damage|p1a: Overqwil|59/100
|move|p2a: Slowbro|Scald|p1b: Raichu
|-damage|p1b: Raichu|4/100
|-status|p1b: Raichu|brn
|move|p1a: Overqwil|Destiny Bond|p1a: Overqwil
|-singlemove|p1a: Overqwil|Destiny Bond
|move|p1b: Raichu|Thunderbolt|p2a: Slowbro
|-supereffective|p2a: Slowbro|1
|-crit|p2a: Slowbro
|-damage|p2a: Slowbro|0 fnt
|faint|p2a: Slowbro
|
|-damage|p1b: Raichu|0 fnt|[from] brn
|faint|p1b: Raichu
|upkeep
|j| ghrill
|
|t:|1784167718
|switch|p2a: Sceptile|Sceptile, L50, M, shiny|75/100
|switch|p1b: Toxapex|Toxapex, L50, F|100/100
|turn|6
|l| ghrill
|j| ghrill
|
|t:|1784167745
|move|p1b: Toxapex|Acid Spray|p2a: Sceptile
|-supereffective|p2a: Sceptile|1
|-damage|p2a: Sceptile|43/100
|-unboost|p2a: Sceptile|spd|2
|move|p2b: Steelix|Body Press|p1a: Overqwil
|-damage|p1a: Overqwil|22/100
|move|p1a: Overqwil|Throat Chop|p2a: Sceptile
|-damage|p2a: Sceptile|12/100
|-start|p2a: Sceptile|Throat Chop|[silent]
|move|p2a: Sceptile|Energy Ball|p1b: Toxapex
|-damage|p1b: Toxapex|61/100
|
|-fieldend|move: Trick Room
|upkeep
|turn|7
|
|t:|1784167772
|move|p1a: Overqwil|Protect|p1a: Overqwil
|-singleturn|p1a: Overqwil|Protect
|move|p2a: Sceptile|Energy Ball|p1b: Toxapex
|-damage|p1b: Toxapex|19/100
|move|p2b: Steelix|Body Press|p1a: Overqwil
|-activate|p1a: Overqwil|move: Protect
|move|p1b: Toxapex|Surf|p2a: Sceptile|[spread] p2a,p2b
|-activate|p1a: Overqwil|move: Protect
|-resisted|p2a: Sceptile|1
|-supereffective|p2b: Steelix|1
|-damage|p2a: Sceptile|0 fnt
|-damage|p2b: Steelix|51/100
|faint|p2a: Sceptile
|
|upkeep
|
|t:|1784167786
|switch|p2a: Incineroar|Incineroar, L50, M, shiny|80/100
|-ability|p2a: Incineroar|Intimidate|boost
|-unboost|p1a: Overqwil|atk|1
|-unboost|p1b: Toxapex|atk|1
|turn|8
|
|t:|1784167806
|move|p2a: Incineroar|Fake Out|p1b: Toxapex
|-damage|p1b: Toxapex|8/100
|-damage|p2a: Incineroar|70/100|[from] item: Life Orb
|move|p1a: Overqwil|Destiny Bond|p1a: Overqwil
|-singlemove|p1a: Overqwil|Destiny Bond
|move|p2b: Steelix|Body Press|p1a: Overqwil
|-damage|p1a: Overqwil|0 fnt
|faint|p1a: Overqwil
|-activate|p1a: Overqwil|move: Destiny Bond
|faint|p2b: Steelix
|cant|p1b: Toxapex|flinch
|
|upkeep
|turn|9
|
|t:|1784167828
|move|p2a: Incineroar|Protect|p2a: Incineroar
|-singleturn|p2a: Incineroar|Protect
|move|p1b: Toxapex|Baneful Bunker||[still]
|-fail|p1b: Toxapex
|
|-fieldend|move: Electric Terrain
|upkeep
|turn|10
|
|t:|1784167841
|move|p2a: Incineroar|Overheat|p1b: Toxapex
|-resisted|p1b: Toxapex|1
|-damage|p1b: Toxapex|0 fnt
|-unboost|p2a: Incineroar|spa|2
|faint|p1b: Toxapex
|-damage|p2a: Incineroar|60/100|[from] item: Life Orb
|
|win|Whitegangsta
|inactive|PiercingPotato has 30 seconds to confirm battle start!
|inactive|Whitegangsta has 30 seconds to confirm battle start!
||Whitegangsta is ready for game 2.
