|j|☆bravengamer
|j|☆Jokeofalltrades7
|html|bravengamerJokeofalltrades7    
|uhtml|bestof|Game 1 of a best-of-3
|t:|1757649298
|gametype|doubles
|player|p1|bravengamer|clown|
|player|p2|Jokeofalltrades7|beauty-gen4dp|
|gen|9
|tier|[Gen 9] VGC 2025 Reg H (Bo3)
|rule|Species Clause: Limit one of each Pokémon
|rule|Item Clause: Limit 1 of each item
|clearpoke
|poke|p1|Whimsicott, L50, F|
|poke|p1|Gholdengo, L50|
|poke|p1|Ursaluna-Bloodmoon, L50, M|
|poke|p1|Pelipper, L50, M|
|poke|p1|Archaludon, L50, M|
|poke|p1|Basculegion, L50, M|
|poke|p2|Goodra-Hisui, L50, F|
|poke|p2|Rillaboom, L50, F|
|poke|p2|Pelipper, L50, F|
|poke|p2|Basculegion, L50, M|
|poke|p2|Amoonguss, L50, F|
|poke|p2|Ursaluna-Bloodmoon, L50, M|
|teampreview|4
|showteam|p1|Whimsicott||CovertCloak|Prankster|Moonblast,Taunt,FakeTears,Tailwind|||F|||50|,,,,,Steel]Gholdengo||LifeOrb|GoodasGold|MakeItRain,ShadowBall,TeraBlast,Protect||||||50|,,,,,Fighting]Ursaluna-Bloodmoon||AssaultVest|MindsEye|HyperVoice,BloodMoon,EarthPower,VacuumWave|||M|||50|,,,,,Fighting]Pelipper||RockyHelmet|Drizzle|WeatherBall,Hurricane,MuddyWater,WideGuard|||M|||50|,,,,,Steel]Archaludon||PowerHerb|Sturdy|ElectroShot,DracoMeteor,FlashCannon,Protect|||M|||50|,,,,,Electric]Basculegion||FocusSash|SwiftSwim|Liquidation,LastRespects,AquaJet,Protect|||M|||50|,,,,,Ghost
|showteam|p2|Goodra-Hisui||AssaultVest|SapSipper|IronHead,RockSlide,StompingTantrum,DragonClaw|||F|||50|,,,,,Ground]Rillaboom||CovertCloak|GrassySurge|Taunt,GrassyGlide,KnockOff,FakeOut|||F|||50|,,,,,Grass]Pelipper||RockyHelmet|Drizzle|Tailwind,WideGuard,WeatherBall,Hurricane|||F|||50|,,,,,Steel]Basculegion||FocusSash|SwiftSwim|WaveCrash,LastRespects,Liquidation,Protect|||M|||50|,,,,,Water]Amoonguss||SitrusBerry|Regenerator|RagePowder,Spore,EnergyBall,PollenPuff|||F|||50|,,,,,Ghost]Ursaluna-Bloodmoon||LifeOrb|MindsEye|EarthPower,HyperVoice,Protect,BloodMoon|||M|||50|,,,,,Normal
|
|t:|1757649354
|teamsize|p1|4
|teamsize|p2|4
|start
|switch|p1a: Whimsicott|Whimsicott, L50, F|100/100
|switch|p1b: Archaludon|Archaludon, L50, M|100/100
|switch|p2a: Jackie|Goodra-Hisui, L50, F, shiny|100/100
|switch|p2b: Donkey Kong|Rillaboom, L50, F|100/100
|-fieldstart|move: Grassy Terrain|[from] ability: Grassy Surge|[of] p2b: Donkey Kong
|turn|1
|
|t:|1757649408
|switch|p1b: Gholdengo|Gholdengo, L50|100/100
|move|p1a: Whimsicott|Tailwind|p1a: Whimsicott
|-sidestart|p1: bravengamer|move: Tailwind
|move|p2b: Donkey Kong|Grassy Glide|p1a: Whimsicott
|-resisted|p1a: Whimsicott
|-damage|p1a: Whimsicott|83/100
|move|p2a: Jackie|Iron Head|p1a: Whimsicott
|-supereffective|p1a: Whimsicott
|-damage|p1a: Whimsicott|3/100
|
|-heal|p1a: Whimsicott|9/100|[from] Grassy Terrain
|upkeep
|turn|2
|
|t:|1757649459
|-terastallize|p2a: Jackie|Ground
|move|p1a: Whimsicott|Fake Tears|p2b: Donkey Kong
|-unboost|p2b: Donkey Kong|spd|2
|move|p2b: Donkey Kong|Grassy Glide|p1a: Whimsicott
|-resisted|p1a: Whimsicott
|-damage|p1a: Whimsicott|0 fnt
|faint|p1a: Whimsicott
|move|p1b: Gholdengo|Make It Rain|p2a: Jackie|[spread] p2a,p2b
|-damage|p2a: Jackie|71/100
|-damage|p2b: Donkey Kong|0 fnt
|-unboost|p1b: Gholdengo|spa|1
|faint|p2b: Donkey Kong
|-damage|p1b: Gholdengo|91/100|[from] item: Life Orb
|move|p2a: Jackie|Stomping Tantrum|p1b: Gholdengo
|-supereffective|p1b: Gholdengo
|-damage|p1b: Gholdengo|13/100
|
|-heal|p1b: Gholdengo|20/100|[from] Grassy Terrain
|-heal|p2a: Jackie|77/100|[from] Grassy Terrain
|upkeep
|
|t:|1757649482
|switch|p1a: Basculegion|Basculegion, L50, M|100/100
|switch|p2b: ReferenceHumor|Amoonguss, L50, F|100/100
|turn|3
|c|☆bravengamer|I'M GOING TO CRASH OUT
|c|☆bravengamer|I JUST GOT SPOILED
|c|☆bravengamer|NOOOOOOOOOO
|c|☆Jokeofalltrades7|FUCKKKKK
|
|t:|1757649572
|switch|p2a: :P|Basculegion, L50, M|100/100
|move|p1b: Gholdengo|Make It Rain|p2b: ReferenceHumor|[spread] p2a,p2b
|-resisted|p2a: :P
|-damage|p2a: :P|74/100
|-damage|p2b: ReferenceHumor|60/100
|-unboost|p1b: Gholdengo|spa|1
|-damage|p1b: Gholdengo|10/100|[from] item: Life Orb
|move|p1a: Basculegion|Liquidation|p2a: :P
|-resisted|p2a: :P
|-damage|p2a: :P|45/100
|move|p2b: ReferenceHumor|Spore|p1a: Basculegion
|-status|p1a: Basculegion|slp|[from] move: Spore
|
|-heal|p1b: Gholdengo|16/100|[from] Grassy Terrain
|-heal|p2a: :P|51/100|[from] Grassy Terrain
|-heal|p2b: ReferenceHumor|66/100|[from] Grassy Terrain
|upkeep
|turn|4
|c|☆bravengamer|I won't spoil
|
|t:|1757649620
|cant|p1a: Basculegion|slp
|move|p2a: :P|Protect|p2a: :P
|-singleturn|p2a: :P|Protect
|move|p1b: Gholdengo|Shadow Ball|p2a: :P
|-activate|p2a: :P|move: Protect
|move|p2b: ReferenceHumor|Energy Ball|p1a: Basculegion
|-supereffective|p1a: Basculegion
|-damage|p1a: Basculegion|12/100 slp
|-unboost|p1a: Basculegion|spd|1
|
|-heal|p1b: Gholdengo|22/100|[from] Grassy Terrain
|-heal|p1a: Basculegion|18/100 slp|[from] Grassy Terrain
|-heal|p2a: :P|57/100|[from] Grassy Terrain
|-heal|p2b: ReferenceHumor|72/100|[from] Grassy Terrain
|-sideend|p1: bravengamer|move: Tailwind
|upkeep
|turn|5
|c|☆bravengamer|But I need to give a clue
|c|☆bravengamer|but I'm too stupid to give a good clue
|
|t:|1757649702
|cant|p1a: Basculegion|slp
|move|p2b: ReferenceHumor|Rage Powder|p2b: ReferenceHumor
|-singleturn|p2b: ReferenceHumor|move: Rage Powder
|move|p1b: Gholdengo|Shadow Ball|p2b: ReferenceHumor
|-damage|p2b: ReferenceHumor|46/100
|-enditem|p2b: ReferenceHumor|Sitrus Berry|[eat]
|-heal|p2b: ReferenceHumor|71/100|[from] item: Sitrus Berry
|-damage|p1b: Gholdengo|12/100|[from] item: Life Orb
|move|p2a: :P|Last Respects|p1a: Basculegion
|-supereffective|p1a: Basculegion
|-damage|p1a: Basculegion|0 fnt
|faint|p1a: Basculegion
|
|-heal|p1b: Gholdengo|18/100|[from] Grassy Terrain
|-heal|p2a: :P|63/100|[from] Grassy Terrain
|-heal|p2b: ReferenceHumor|77/100|[from] Grassy Terrain
|-fieldend|move: Grassy Terrain
|upkeep
|
|t:|1757649707
|switch|p1a: Archaludon|Archaludon, L50, M|100/100
|turn|6
|
|t:|1757649746
|move|p2b: ReferenceHumor|Rage Powder|p2b: ReferenceHumor
|-singleturn|p2b: ReferenceHumor|move: Rage Powder
|move|p1a: Archaludon|Electro Shot||[still]
|-prepare|p1a: Archaludon|Electro Shot
|-boost|p1a: Archaludon|spa|1
|-enditem|p1a: Archaludon|Power Herb
|-anim|p1a: Archaludon|Electro Shot|p2b: ReferenceHumor
|-resisted|p2b: ReferenceHumor
|-damage|p2b: ReferenceHumor|49/100
|move|p1b: Gholdengo|Shadow Ball|p2b: ReferenceHumor
|-damage|p2b: ReferenceHumor|21/100
|-unboost|p2b: ReferenceHumor|spd|1
|-damage|p1b: Gholdengo|8/100|[from] item: Life Orb
|move|p2a: :P|Last Respects|p1a: Archaludon
|-damage|p1a: Archaludon|57/100
|
|upkeep
|turn|7
|
|t:|1757649802
|move|p2b: ReferenceHumor|Rage Powder|p2b: ReferenceHumor
|-singleturn|p2b: ReferenceHumor|move: Rage Powder
|move|p1a: Archaludon|Flash Cannon|p2b: ReferenceHumor
|-damage|p2b: ReferenceHumor|0 fnt
|faint|p2b: ReferenceHumor
|move|p1b: Gholdengo|Shadow Ball|p2a: :P
|-supereffective|p2a: :P
|-damage|p2a: :P|0 fnt
|faint|p2a: :P
|-damage|p1b: Gholdengo|0 fnt|[from] item: Life Orb
|faint|p1b: Gholdengo
|
|upkeep
|
|t:|1757649816
|switch|p2b: Jackie|Goodra-Hisui, L50, F, shiny, tera:Ground|77/100
|turn|8
|
|t:|1757649829
|move|p1a: Archaludon|Draco Meteor|p2b: Jackie
|-damage|p2b: Jackie|34/100
|-unboost|p1a: Archaludon|spa|2
|move|p2b: Jackie|Stomping Tantrum|p1a: Archaludon
|-supereffective|p1a: Archaludon
|-damage|p1a: Archaludon|1/100
|
|upkeep
|turn|9
|
|t:|1757649846
|move|p1a: Archaludon|Draco Meteor|p2b: Jackie
|-damage|p2b: Jackie|13/100
|-unboost|p1a: Archaludon|spa|2
|move|p2b: Jackie|Stomping Tantrum|p1a: Archaludon
|-supereffective|p1a: Archaludon
|-damage|p1a: Archaludon|0 fnt
|faint|p1a: Archaludon
|
|win|Jokeofalltrades7
||bravengamer is ready for game 2.
||Jokeofalltrades7 is ready for game 2.
|uhtml|next|Next: Game 2 of 3
|l|☆Jokeofalltrades7
|player|p2|
