|j|☆PuniHina
|j|☆Naya314
|html|PuniHinaNaya314    
|uhtml|bestof|Game 2 of a best-of-3
|t:|1783393467
|gametype|doubles
|player|p1|PuniHina|lacey|1241
|player|p2|Naya314|candice|1186
|gen|9
|tier|[Gen 9 Champions] VGC 2026 Reg M-B (Bo3)
|rated|
|rule|Species Clause: Limit one of each Pokémon
|rule|Item Clause: Limit 1 of each item
|clearpoke
|poke|p1|Meganium, L50, M, shiny|
|poke|p1|Altaria, L50, F|
|poke|p1|Incineroar, L50, M|
|poke|p1|Scizor, L50, F|
|poke|p1|Basculegion, L50, M|
|poke|p1|Garchomp, L50, F|
|poke|p2|Scizor, L50, M|
|poke|p2|Charizard, L50, M|
|poke|p2|Garchomp, L50, M|
|poke|p2|Basculegion, L50, M|
|poke|p2|Whimsicott, L50, M|
|poke|p2|Floette-Eternal, L50, F|
|teampreview|4
|showteam|p1|Meganium||Meganiumite|LeafGuard|SolarBeam,DazzlingGleam,Protect,EarthPower|Modest||M|||50|]Altaria||RoseliBerry|CloudNine|BraveBird,Roost,Tailwind,WillOWisp|Impish||F|||50|]Incineroar||PasshoBerry|Intimidate|FakeOut,ThroatChop,FlareBlitz,PartingShot|Careful||M|||50|]Scizor||Scizorite|Technician|BulletPunch,BugBite,Protect,SwordsDance|Adamant||F|||50|]Basculegion||SitrusBerry|Adaptability|WaveCrash,LastRespects,AquaJet,Protect|Adamant||M|||50|]Garchomp||LifeOrb|RoughSkin|StompingTantrum,DragonClaw,RockSlide,Protect|Jolly||F|||50|
|showteam|p2|Scizor||ExpertBelt|Technician|BugBite,BulletPunch,CloseCombat,Protect|Adamant||M|||50|]Charizard||CharizarditeY|Blaze|HeatWave,SolarBeam,WeatherBall,Protect|Modest||M|||50|]Garchomp||LifeOrb|RoughSkin|Earthquake,DragonClaw,RockSlide,Protect|Jolly||M|||50|]Basculegion||ChoiceScarf|Adaptability|LastRespects,WaveCrash,AquaJet,FlipTurn|Adamant||M|||50|]Whimsicott||FocusSash|Prankster|Moonblast,Tailwind,Encore,Protect|Timid||M|||50|]Floette-Eternal||Floettite|FlowerVeil|DazzlingGleam,EnergyBall,Moonblast,Protect|Modest||F|||50|
|inactive|Battle timer is ON: inactive players will automatically lose when time's up. (requested by Naya314)
|
|t:|1783393482
|teamsize|p1|4
|teamsize|p2|4
|start
|switch|p1a: Stella❤︎|Meganium, L50, M, shiny|100/100
|switch|p1b: Incineroar|Incineroar, L50, M|100/100
|switch|p2a: Whimsicott|Whimsicott, L50, M|100/100
|switch|p2b: Garchomp|Garchomp, L50, M|100/100
|-ability|p1b: Incineroar|Intimidate|boost
|-unboost|p2a: Whimsicott|atk|1
|-unboost|p2b: Garchomp|atk|1
|turn|1
|
|t:|1783393502
|switch|p2b: Charizard|Charizard, L50, M|100/100
|detailschange|p1a: Stella❤︎|Meganium-Mega, L50, M, shiny
|-mega|p1a: Stella❤︎|Meganium|Meganiumite
|move|p2a: Whimsicott|Tailwind|p2a: Whimsicott
|-sidestart|p2: Naya314|move: Tailwind
|move|p1a: Stella❤︎|Dazzling Gleam|p2b: Charizard|[spread] p2a,p2b
|-resisted|p2b: Charizard|1
|-damage|p2a: Whimsicott|42/100
|-damage|p2b: Charizard|74/100
|move|p1b: Incineroar|Parting Shot|p2b: Charizard
|-unboost|p2b: Charizard|atk|1
|-unboost|p2b: Charizard|spa|1
|
|t:|1783393512
|switch|p1b: Basculegion|Basculegion, L50, M|100/100|[from] Parting Shot
|
|upkeep
|turn|2
|
|t:|1783393527
|switch|p1a: Altaria|Altaria, L50, F|100/100
|-ability|p1a: Altaria|Cloud Nine
|detailschange|p2b: Charizard|Charizard-Mega-Y, L50, M
|-mega|p2b: Charizard|Charizard|Charizardite Y
|-weather|SunnyDay|[from] ability: Drought|[of] p2b: Charizard
|move|p1b: Basculegion|Aqua Jet|p2b: Charizard
|-supereffective|p2b: Charizard|1
|-damage|p2b: Charizard|0 fnt
|faint|p2b: Charizard
|move|p2a: Whimsicott|Moonblast|p1a: Altaria
|-supereffective|p1a: Altaria|1
|-enditem|p1a: Altaria|Roseli Berry|[eat]
|-enditem|p1a: Altaria|Roseli Berry|[weaken]
|-damage|p1a: Altaria|69/100
|-unboost|p1a: Altaria|spa|1
|
|-weather|SunnyDay|[upkeep]
|upkeep
|
|t:|1783393550
|switch|p2b: Basculegion|Basculegion, L50, M|100/100
|turn|3
|
|t:|1783393566
|switch|p1b: Incineroar|Incineroar, L50, M|100/100
|-ability|p1b: Incineroar|Intimidate|boost
|-unboost|p2a: Whimsicott|atk|1
|-unboost|p2b: Basculegion|atk|1
|move|p2b: Basculegion|Last Respects|p1b: Incineroar
|-resisted|p1b: Incineroar|1
|-damage|p1b: Incineroar|78/100
|move|p2a: Whimsicott|Moonblast|p1a: Altaria
|-supereffective|p1a: Altaria|1
|-damage|p1a: Altaria|9/100
|move|p1a: Altaria|Will-O-Wisp|p2b: Basculegion
|-status|p2b: Basculegion|brn
|
|-weather|SunnyDay|[upkeep]
|-damage|p2b: Basculegion|93/100 brn|[from] brn
|upkeep
|turn|4
|inactive|Naya314 has 30 seconds left.
|
|t:|1783393600
|move|p2a: Whimsicott|Protect|p2a: Whimsicott
|-singleturn|p2a: Whimsicott|Protect
|move|p2b: Basculegion|Last Respects|p1a: Altaria
|-damage|p1a: Altaria|0 fnt
|faint|p1a: Altaria
|move|p1b: Incineroar|Parting Shot|p2b: Basculegion
|-unboost|p2b: Basculegion|atk|1
|-unboost|p2b: Basculegion|spa|1
|
|t:|1783393612
|switch|p1b: Stella❤︎|Meganium-Mega, L50, M, shiny|100/100|[from] Parting Shot
|
|-weather|SunnyDay|[upkeep]
|-damage|p2b: Basculegion|87/100 brn|[from] brn
|-sideend|p2: Naya314|move: Tailwind
|upkeep
|
|t:|1783393617
|switch|p1a: Incineroar|Incineroar, L50, M|78/100
|-ability|p1a: Incineroar|Intimidate|boost
|-unboost|p2a: Whimsicott|atk|1
|-unboost|p2b: Basculegion|atk|1
|turn|5
|
|t:|1783393630
|move|p2b: Basculegion|Last Respects|p1b: Stella❤︎
|-crit|p1b: Stella❤︎
|-damage|p1b: Stella❤︎|54/100
|move|p2a: Whimsicott|Moonblast|p1a: Incineroar
|-damage|p1a: Incineroar|51/100
|move|p1b: Stella❤︎|Dazzling Gleam|p2b: Basculegion|[spread] p2a,p2b
|-crit|p2b: Basculegion
|-damage|p2a: Whimsicott|0 fnt
|-damage|p2b: Basculegion|25/100 brn
|faint|p2a: Whimsicott
|move|p1a: Incineroar|Parting Shot|p2b: Basculegion
|-unboost|p2b: Basculegion|atk|1
|-unboost|p2b: Basculegion|spa|1
|
|t:|1783393641
|switch|p1a: Basculegion|Basculegion, L50, M|100/100|[from] Parting Shot
|
|-weather|SunnyDay|[upkeep]
|-damage|p2b: Basculegion|19/100 brn|[from] brn
|upkeep
|
|t:|1783393646
|switch|p2a: Garchomp|Garchomp, L50, M|100/100
|turn|6
|
|t:|1783393654
|switch|p1b: Incineroar|Incineroar, L50, M|51/100
|-ability|p1b: Incineroar|Intimidate|boost
|-unboost|p2a: Garchomp|atk|1
|-unboost|p2b: Basculegion|atk|1
|move|p1a: Basculegion|Protect|p1a: Basculegion
|-singleturn|p1a: Basculegion|Protect
|move|p2b: Basculegion|Last Respects|p1a: Basculegion
|-activate|p1a: Basculegion|move: Protect
|move|p2a: Garchomp|Earthquake|p1a: Basculegion|[spread] p2b,p1b
|-activate|p1a: Basculegion|move: Protect
|-supereffective|p1b: Incineroar|1
|-damage|p2b: Basculegion|0 fnt
|-damage|p1b: Incineroar|0 fnt
|faint|p2b: Basculegion
|faint|p1b: Incineroar
|-damage|p2a: Garchomp|90/100|[from] item: Life Orb
|
|-weather|none
|upkeep
|
|t:|1783393668
|switch|p1b: Stella❤︎|Meganium-Mega, L50, M, shiny|54/100
|turn|7
|
|t:|1783393682
|move|p2a: Garchomp|Earthquake|p1a: Basculegion|[spread] p1a,p1b
|-resisted|p1b: Stella❤︎|1
|-damage|p1a: Basculegion|65/100
|-damage|p1b: Stella❤︎|40/100
|-damage|p2a: Garchomp|80/100|[from] item: Life Orb
|move|p1b: Stella❤︎|Dazzling Gleam|p2a: Garchomp
|-supereffective|p2a: Garchomp|1
|-damage|p2a: Garchomp|0 fnt
|faint|p2a: Garchomp
|
|win|PuniHina
|raw|PuniHina's rating: 1241 → 1262(+21 for winning)
|raw|Naya314's rating: 1186 → 1165(-21 for losing)
|l|☆Naya314
|player|p2|
