|j|☆aqawa
|j|☆Kalycgos
|html|aqawaKalycgos    
|uhtml|bestof|Game 1 of a best-of-3
|t:|1783873137
|gametype|doubles
|player|p1|aqawa|101|1013
|player|p2|Kalycgos|102|1000
|gen|9
|tier|[Gen 9 Champions] VGC 2026 Reg M-B (Bo3)
|rated|
|rule|Species Clause: Limit one of each Pokémon
|rule|Item Clause: Limit 1 of each item
|clearpoke
|poke|p1|Maushold-Four, L50|
|poke|p1|Meowscarada, L50, F|
|poke|p1|Staraptor, L50, M|
|poke|p1|Kingambit, L50, F|
|poke|p1|Torkoal, L50, F|
|poke|p1|Floette-Eternal, L50, F|
|poke|p2|Garchomp, L50, F, shiny|
|poke|p2|Charizard, L50, M, shiny|
|poke|p2|Whimsicott, L50, M|
|poke|p2|Sylveon, L50, M|
|poke|p2|Kingambit, L50, F|
|poke|p2|Basculegion, L50, M|
|teampreview|4
|showteam|p1|Maushold-Four||WideLens|Technician|PopulationBomb,FollowMe,Protect,Feint|Jolly|||||50|]Meowscarada||LifeOrb|Overgrow|FlowerTrick,KnockOff,HelpingHand,Protect|Jolly||F|||50|]Staraptor||Staraptite|Intimidate|CloseCombat,BraveBird,Facade,Protect|Adamant||M|||50|]Kingambit||FocusSash|Defiant|Protect,SuckerPunch,KowtowCleave,IronHead|Jolly||F|||50|]Torkoal||Leftovers|Drought|Protect,Yawn,BurningJealousy,Bulldoze|Sassy||F|||50|]Floette-Eternal||Floettite|FlowerVeil|Moonblast,CalmMind,DazzlingGleam,Protect|Modest||F|||50|
|showteam|p2|Garchomp||LifeOrb|RoughSkin|DragonClaw,Earthquake,RockSlide,Protect|Jolly||F|||50|]Charizard||CharizarditeY|Blaze|HeatWave,SolarBeam,AncientPower,Protect|Modest||M|||50|]Whimsicott||FocusSash|Prankster|Moonblast,Tailwind,Encore,Protect|Timid||M|||50|]Sylveon||FairyFeather|Pixilate|HyperVoice,HyperBeam,QuickAttack,Detect|Modest||M|||50|]Kingambit||BlackGlasses|Defiant|KowtowCleave,IronHead,SuckerPunch,LowKick|Adamant||F|||50|]Basculegion||MysticWater|Adaptability|LastRespects,WaveCrash,AquaJet,Protect|Adamant||M|||50|
|inactive|Battle timer is ON: inactive players will automatically lose when time's up. (requested by aqawa)
|
|t:|1783873176
|teamsize|p1|4
|teamsize|p2|4
|start
|switch|p1a: Maushold|Maushold-Four, L50|100/100
|switch|p1b: Meowscarada|Meowscarada, L50, F|100/100
|switch|p2a: Goblin|Whimsicott, L50, M|100/100
|switch|p2b: Zenos|Garchomp, L50, F, shiny|100/100
|turn|1
|inactive|Kalycgos has 30 seconds left.
|
|t:|1783873210
|move|p1a: Maushold|Protect|p1a: Maushold
|-singleturn|p1a: Maushold|Protect
|move|p2a: Goblin|Tailwind|p2a: Goblin
|-sidestart|p2: Kalycgos|move: Tailwind
|move|p2b: Zenos|Rock Slide|p1b: Meowscarada|[spread] p1b
|-activate|p1a: Maushold|move: Protect
|-damage|p1b: Meowscarada|60/100
|-damage|p2b: Zenos|90/100|[from] item: Life Orb
|move|p1b: Meowscarada|Flower Trick|p2b: Zenos
|-crit|p2b: Zenos
|-damage|p2b: Zenos|20/100y
|-damage|p1b: Meowscarada|50/100g|[from] item: Life Orb
|
|upkeep
|turn|2
|inactive|aqawa has 30 seconds left.
|
|t:|1783873240
|move|p1b: Meowscarada|Protect|p1b: Meowscarada
|-singleturn|p1b: Meowscarada|Protect
|move|p2a: Goblin|Encore|p1a: Maushold
|-start|p1a: Maushold|Encore
|move|p1a: Maushold|Protect||[still]
|-fail|p1a: Maushold
|move|p2b: Zenos|Dragon Claw|p1b: Meowscarada
|-activate|p1b: Meowscarada|move: Protect
|
|upkeep
|turn|3
|
|t:|1783873254
|switch|p1a: Staraptor|Staraptor, L50, M|100/100
|-ability|p1a: Staraptor|Intimidate|boost
|-unboost|p2a: Goblin|atk|1
|-unboost|p2b: Zenos|atk|1
|move|p2a: Goblin|Encore|p1b: Meowscarada
|-hint|Since gen 7, Dark is immune to Prankster moves.
|-immune|p1b: Meowscarada
|move|p2b: Zenos|Dragon Claw|p1b: Meowscarada
|-crit|p1b: Meowscarada
|-damage|p1b: Meowscarada|0 fnt
|faint|p1b: Meowscarada
|-damage|p2b: Zenos|10/100|[from] item: Life Orb
|
|upkeep
|
|t:|1783873266
|switch|p1b: Floette|Floette-Eternal, L50, F|100/100
|turn|4
|
|t:|1783873280
|detailschange|p1b: Floette|Floette-Mega, L50, F
|-mega|p1b: Floette|Floette|Floettite
|-ability|p1b: Floette|Fairy Aura
|move|p2a: Goblin|Moonblast|p1a: Staraptor
|-damage|p1a: Staraptor|35/100
|-unboost|p1a: Staraptor|spa|1
|move|p2b: Zenos|Rock Slide|p1b: Floette|[spread] p1a
|-miss|p2b: Zenos|p1b: Floette
|-supereffective|p1a: Staraptor|1
|-damage|p1a: Staraptor|0 fnt
|faint|p1a: Staraptor
|-damage|p2b: Zenos|1/100|[from] item: Life Orb
|move|p1b: Floette|Dazzling Gleam|p2b: Zenos|[spread] p2a,p2b
|-supereffective|p2b: Zenos|1
|-crit|p2b: Zenos
|-damage|p2a: Goblin|29/100
|-damage|p2b: Zenos|0 fnt
|faint|p2b: Zenos
|
|-sideend|p2: Kalycgos|move: Tailwind
|upkeep
|
|t:|1783873298
|switch|p2b: Nidhogg|Charizard, L50, M, shiny|100/100
|switch|p1a: Maushold|Maushold-Four, L50|100/100
|turn|5
|
|t:|1783873311
|detailschange|p2b: Nidhogg|Charizard-Mega-Y, L50, M, shiny
|-mega|p2b: Nidhogg|Charizard|Charizardite Y
|-weather|SunnyDay|[from] ability: Drought|[of] p2b: Nidhogg
|move|p2a: Goblin|Tailwind|p2a: Goblin
|-sidestart|p2: Kalycgos|move: Tailwind
|move|p2b: Nidhogg|Heat Wave|p1a: Maushold|[spread] p1a,p1b
|-damage|p1a: Maushold|0 fnt
|-damage|p1b: Floette|50/100g
|faint|p1a: Maushold
|move|p1b: Floette|Dazzling Gleam|p2b: Nidhogg|[spread] p2a,p2b
|-resisted|p2b: Nidhogg|1
|-damage|p2a: Goblin|0 fnt
|-damage|p2b: Nidhogg|76/100
|faint|p2a: Goblin
|
|-weather|SunnyDay|[upkeep]
|upkeep
|
|t:|1783873321
|switch|p2a: Feesh|Basculegion, L50, M|100/100
|turn|6
|
|t:|1783873327
|move|p2b: Nidhogg|Solar Beam||[still]
|-prepare|p2b: Nidhogg|Solar Beam
|-anim|p2b: Nidhogg|Solar Beam|p1b: Floette
|-damage|p1b: Floette|12/100
|move|p2a: Feesh|Last Respects|p1b: Floette
|-damage|p1b: Floette|0 fnt
|faint|p1b: Floette
|
|win|Kalycgos
||aqawa is ready for game 2.
|l|☆Kalycgos
|player|p2|
|inactive|Kalycgos has 30 seconds to confirm battle start!
||Kalycgos is ready for game 2.
|uhtml|next|Next: Game 2 of 3
|l|☆aqawa
|player|p1|
|j|☆Kalycgos
|player|p2|Kalycgos|102|
