|j|☆shudaonan
|j|☆epic17x
|html|shudaonanepic17x    
|uhtml|bestof|Game 2 of a best-of-3
|t:|1756319977
|gametype|doubles
|player|p1|shudaonan|102|1336
|player|p2|epic17x|steven|1416
|gen|9
|tier|[Gen 9] VGC 2025 Reg H (Bo3)
|rated|
|rule|Species Clause: Limit one of each Pokémon
|rule|Item Clause: Limit 1 of each item
|clearpoke
|poke|p1|Whimsicott, L50, F|
|poke|p1|Gholdengo, L50|
|poke|p1|Dragonite, L50, M|
|poke|p1|Incineroar, L50, M|
|poke|p1|Hydreigon, L50, M|
|poke|p1|Annihilape, L50, F|
|poke|p2|Ninetales-Alola, L50, M|
|poke|p2|Rillaboom, L50, F|
|poke|p2|Magmar, L50, M|
|poke|p2|Sneasler, L50, M|
|poke|p2|Kingambit, L50, M|
|poke|p2|Basculegion, L50, M|
|teampreview|4
|showteam|p1|Whimsicott||CovertCloak|Prankster|Moonblast,BeatUp,Tailwind,Encore|||F|||50|,,,,,Water]Gholdengo||LifeOrb|GoodasGold|MakeItRain,ShadowBall,NastyPlot,Protect||||||50|,,,,,Water]Dragonite||LoadedDice|Multiscale|ScaleShot,ExtremeSpeed,Haze,Protect|||M|||50|,,,,,Fairy]Incineroar||MirrorHerb|Intimidate|FlareBlitz,KnockOff,PartingShot,FakeOut|||M|||50|,,,,,Ghost]Hydreigon||ChoiceSpecs|Levitate|DarkPulse,DracoMeteor,EarthPower,Snarl|||M|||50|,,,,,Ghost]Annihilape||SafetyGoggles|Defiant|RageFist,CloseCombat,FinalGambit,Protect|||F|||50|,,,,,Steel
|showteam|p2|Ninetales-Alola||NeverMeltIce|SnowWarning|Blizzard,FreezeDry,Encore,Protect|||M|||50|,,,,,Ghost]Rillaboom||AssaultVest|GrassySurge|WoodHammer,FakeOut,Uturn,GrassyGlide|||F|||50|,,,,,Ghost]Magmar||Eviolite|VitalSpirit|Protect,HeatWave,WillOWisp,FollowMe|||M|||50|,,,,,Ghost]Sneasler||FocusSash|PoisonTouch|FakeOut,DireClaw,CloseCombat,Protect|||M|||50|,,,,,Ghost]Kingambit||BlackGlasses|Defiant|KowtowCleave,SwordsDance,SuckerPunch,Protect|||M|||50|,,,,,Fire]Basculegion||ChoiceScarf|Adaptability|WaveCrash,FlipTurn,TeraBlast,LastRespects|||M|||50|,,,,,Fighting
|inactive|Battle timer is ON: inactive players will automatically lose when time's up. (requested by epic17x)
|inactive|shudaonan has 60 seconds left.
|
|t:|1756320019
|teamsize|p1|4
|teamsize|p2|4
|start
|switch|p1a: Whimsicott|Whimsicott, L50, F|100/100
|switch|p1b: Annihilape|Annihilape, L50, F|100/100
|switch|p2a: Magmar|Magmar, L50, M|100/100
|switch|p2b: Basculegion|Basculegion, L50, M|100/100
|turn|1
|inactive|epic17x has 30 seconds left.
|
|t:|1756320053
|move|p2a: Magmar|Follow Me|p2a: Magmar
|-singleturn|p2a: Magmar|move: Follow Me
|move|p2b: Basculegion|Wave Crash|p1b: Annihilape
|-damage|p1b: Annihilape|24/100
|-damage|p2b: Basculegion|73/100|[from] Recoil
|move|p1a: Whimsicott|Beat Up|p2a: Magmar
|-damage|p2a: Magmar|99/100
|-damage|p2a: Magmar|96/100
|-damage|p2a: Magmar|94/100
|-damage|p2a: Magmar|92/100
|-hitcount|p2a: Magmar|4
|move|p1b: Annihilape|Rage Fist|p2a: Magmar
|-damage|p2a: Magmar|63/100
|
|upkeep
|turn|2
|
|t:|1756320078
|move|p2a: Magmar|Follow Me|p2a: Magmar
|-singleturn|p2a: Magmar|move: Follow Me
|move|p1a: Whimsicott|Tailwind|p1a: Whimsicott
|-sidestart|p1: shudaonan|move: Tailwind
|move|p1b: Annihilape|Rage Fist|p2a: Magmar
|-damage|p2a: Magmar|32/100
|move|p2b: Basculegion|Wave Crash|p1b: Annihilape
|-damage|p1b: Annihilape|0 fnt
|faint|p1b: Annihilape
|-damage|p2b: Basculegion|65/100|[from] Recoil
|
|upkeep
|
|t:|1756320094
|switch|p1b: Dragonite|Dragonite, L50, M|100/100
|turn|3
|
|t:|1756320115
|switch|p2b: Kingambit|Kingambit, L50, M|100/100
|move|p1a: Whimsicott|Moonblast|p2b: Kingambit
|-damage|p2b: Kingambit|72/100
|move|p1b: Dragonite|Scale Shot|p2a: Magmar
|-damage|p2a: Magmar|19/100
|-damage|p2a: Magmar|9/100
|-damage|p2a: Magmar|0 fnt
|faint|p2a: Magmar
|-hitcount|p2: Magmar|3
|-unboost|p1b: Dragonite|def|1
|-boost|p1b: Dragonite|spe|1
|
|upkeep
|
|t:|1756320122
|switch|p2a: Sneasler|Sneasler, L50, M|100/100
|turn|4
|
|t:|1756320145
|switch|p1a: Incineroar|Incineroar, L50, M|100/100
|-ability|p1a: Incineroar|Intimidate|boost
|-unboost|p2a: Sneasler|atk|1
|-unboost|p2b: Kingambit|atk|1
|-ability|p2b: Kingambit|Defiant|boost
|-boost|p2b: Kingambit|atk|2
|-enditem|p1a: Incineroar|Mirror Herb
|-boost|p1a: Incineroar|atk|2|[from] item: Mirror Herb
|move|p1b: Dragonite|Protect|p1b: Dragonite
|-singleturn|p1b: Dragonite|Protect
|move|p2a: Sneasler|Fake Out|p1b: Dragonite
|-activate|p1b: Dragonite|move: Protect
|move|p2b: Kingambit|Kowtow Cleave|p1a: Incineroar
|-resisted|p1a: Incineroar
|-damage|p1a: Incineroar|58/100
|
|upkeep
|turn|5
|inactive|shudaonan has 30 seconds left.
|inactive|epic17x has 30 seconds left.
|inactive|shudaonan has 20 seconds left.
|
|t:|1756320185
|switch|p1a: Whimsicott|Whimsicott, L50, F|100/100
|move|p2a: Sneasler|Protect|p2a: Sneasler
|-singleturn|p2a: Sneasler|Protect
|move|p2b: Kingambit|Protect|p2b: Kingambit
|-singleturn|p2b: Kingambit|Protect
|move|p1b: Dragonite|Scale Shot|p2a: Sneasler
|-activate|p2a: Sneasler|move: Protect
|
|-sideend|p1: shudaonan|move: Tailwind
|upkeep
|turn|6
|inactive|shudaonan has 30 seconds left.
|inactive|shudaonan has 20 seconds left.
|inactive|shudaonan has 15 seconds left.
|
|t:|1756320227
|switch|p2a: Basculegion|Basculegion, L50, M|65/100
|-terastallize|p1b: Dragonite|Fairy
|move|p1b: Dragonite|Haze|p1b: Dragonite
|-clearallboost
|move|p1a: Whimsicott|Moonblast|p2b: Kingambit
|-damage|p2b: Kingambit|42/100
|move|p2b: Kingambit|Kowtow Cleave|p1b: Dragonite
|-resisted|p1b: Dragonite
|-damage|p1b: Dragonite|85/100
|
|upkeep
|turn|7
|inactive|epic17x has 30 seconds left.
|inactive|epic17x has 20 seconds left.
|
|t:|1756320263
|move|p1a: Whimsicott|Tailwind|p1a: Whimsicott
|-sidestart|p1: shudaonan|move: Tailwind
|move|p1b: Dragonite|Scale Shot|p2a: Basculegion
|-damage|p2a: Basculegion|48/100
|-damage|p2a: Basculegion|28/100
|-damage|p2a: Basculegion|9/100
|-damage|p2a: Basculegion|0 fnt
|faint|p2a: Basculegion
|-hitcount|p2: Basculegion|4
|-unboost|p1b: Dragonite|def|1
|-boost|p1b: Dragonite|spe|1
|move|p2b: Kingambit|Kowtow Cleave|p1a: Whimsicott
|-resisted|p1a: Whimsicott
|-damage|p1a: Whimsicott|61/100
|
|upkeep
|
|t:|1756320267
|switch|p2a: Sneasler|Sneasler, L50, M|100/100
|turn|8
|
|t:|1756320289
|move|p1b: Dragonite|Protect|p1b: Dragonite
|-singleturn|p1b: Dragonite|Protect
|move|p2a: Sneasler|Fake Out|p1b: Dragonite
|-activate|p1b: Dragonite|move: Protect
|move|p1a: Whimsicott|Moonblast|p2a: Sneasler
|-damage|p2a: Sneasler|63/100
|move|p2b: Kingambit|Kowtow Cleave|p1a: Whimsicott
|-resisted|p1a: Whimsicott
|-damage|p1a: Whimsicott|24/100
|
|upkeep
|turn|9
|
|t:|1756320307
|move|p2a: Sneasler|Protect|p2a: Sneasler
|-singleturn|p2a: Sneasler|Protect
|move|p1b: Dragonite|Scale Shot|p2a: Sneasler
|-activate|p2a: Sneasler|move: Protect
|move|p1a: Whimsicott|Moonblast|p2b: Kingambit
|-damage|p2b: Kingambit|12/100
|move|p2b: Kingambit|Kowtow Cleave|p1a: Whimsicott
|-resisted|p1a: Whimsicott
|-damage|p1a: Whimsicott|0 fnt
|faint|p1a: Whimsicott
|
|upkeep
|
|t:|1756320320
|switch|p1a: Incineroar|Incineroar, L50, M|58/100
|-ability|p1a: Incineroar|Intimidate|boost
|-unboost|p2a: Sneasler|atk|1
|-unboost|p2b: Kingambit|atk|1
|-ability|p2b: Kingambit|Defiant|boost
|-boost|p2b: Kingambit|atk|2
|turn|10
|
|t:|1756320334
|-terastallize|p2a: Sneasler|Ghost
|move|p1a: Incineroar|Fake Out|p2b: Kingambit
|-resisted|p2b: Kingambit
|-damage|p2b: Kingambit|7/100
|cant|p2b: Kingambit|flinch
|move|p1b: Dragonite|Scale Shot|p2a: Sneasler|[miss]
|-miss|p1b: Dragonite|p2a: Sneasler
|move|p2a: Sneasler|Dire Claw|p1b: Dragonite
|-supereffective|p1b: Dragonite
|-damage|p1b: Dragonite|0 fnt
|faint|p1b: Dragonite
|
|-sideend|p1: shudaonan|move: Tailwind
|upkeep
|turn|11
|-message|shudaonan forfeited.
|
|win|epic17x
|l|☆shudaonan
|player|p1|
||epic17x is ready for game 3.
||shudaonan is ready for game 3.
|uhtml|next|Next: Game 3 of 3
