|j|☆HeatInSeven14
|j|☆DanielSantosgg
|html|HeatInSeven14DanielSantosgg    
|uhtml|bestof|Game 1 of a best-of-3
|t:|1783023785
|gametype|doubles
|player|p1|HeatInSeven14|169|1048
|player|p2|DanielSantosgg|skier|1054
|gen|9
|tier|[Gen 9 Champions] VGC 2026 Reg M-B (Bo3)
|rated|
|rule|Species Clause: Limit one of each Pokémon
|rule|Item Clause: Limit 1 of each item
|clearpoke
|poke|p1|Gallade, L50, M|
|poke|p1|Farigiraf, L50, M|
|poke|p1|Kangaskhan, L50, F, shiny|
|poke|p1|Hydrapple, L50, F|
|poke|p1|Torkoal, L50, F|
|poke|p1|Mawile, L50, M|
|poke|p2|Blastoise, L50, M|
|poke|p2|Incineroar, L50, F|
|poke|p2|Kingambit, L50, F|
|poke|p2|Sneasler, L50, F|
|poke|p2|Delphox, L50, F|
|poke|p2|Sinistcha-Masterpiece, L50|
|teampreview|4
|showteam|p1|Gallade||FocusSash|Sharpness|SacredSword,PsychoCut,LeafBlade,WillOWisp|Adamant||M|||50|]Farigiraf||SitrusBerry|ArmorTail|TwinBeam,Thunderbolt,TrickRoom,Protect|Bold||M|||50|]Kangaskhan||Kangaskhanite|Scrappy|FakeOut,DoubleEdge,HammerArm,RockSlide|Brave||F|||50|]Hydrapple||LifeOrb|SupersweetSyrup|DracoMeteor,EnergyBall,EarthPower,Protect|Quiet||F|||50|]Torkoal||Charcoal|Drought|Eruption,WeatherBall,EarthPower,WillOWisp|Quiet||F|||50|]Mawile||Mawilite|HyperCutter|PlayRough,IronHead,SuckerPunch,Protect|Adamant||M|||50|
|showteam|p2|Blastoise||Blastoisinite|Torrent|WaterSpout,ShellSmash,DarkPulse,Protect|Modest||M|||50|]Incineroar||SitrusBerry|Intimidate|FlareBlitz,PartingShot,HelpingHand,FakeOut|Impish||F|||50|]Kingambit||BlackGlasses|Defiant|Protect,SwordsDance,KowtowCleave,SuckerPunch|Adamant||F|||50|]Sneasler||FocusSash|PoisonTouch|DireClaw,CloseCombat,FakeOut,QuickGuard|Jolly||F|||50|]Delphox||Delphoxite|Blaze|NastyPlot,HeatWave,Psyshock,Protect|Timid||F|||50|]Sinistcha-Masterpiece||OccaBerry|Hospitality|Protect,RagePowder,TrickRoom,MatchaGotcha|Bold|||||50|
|inactive|Battle timer is ON: inactive players will automatically lose when time's up. (requested by DanielSantosgg)
|
|t:|1783023905
|teamsize|p1|4
|teamsize|p2|4
|start
|switch|p1a: Farigiraf|Farigiraf, L50, M|100/100
|switch|p1b: Gallade|Gallade, L50, M|100/100
|switch|p2a: Delphox|Delphox, L50, F|100/100
|switch|p2b: Incineroar|Incineroar, L50, F|100/100
|-ability|p2b: Incineroar|Intimidate|boost
|-unboost|p1a: Farigiraf|atk|1
|-unboost|p1b: Gallade|atk|1
|turn|1
|inactive|DanielSantosgg has 30 seconds left.
|
|t:|1783023933
|detailschange|p2a: Delphox|Delphox-Mega, L50, F
|-mega|p2a: Delphox|Delphox|Delphoxite
|move|p2a: Delphox|Nasty Plot|p2a: Delphox
|-boost|p2a: Delphox|spa|2
|move|p1b: Gallade|Sacred Sword|p2b: Incineroar
|-supereffective|p2b: Incineroar|1
|-damage|p2b: Incineroar|18/100
|-enditem|p2b: Incineroar|Sitrus Berry|[eat]
|-heal|p2b: Incineroar|43/100|[from] item: Sitrus Berry
|move|p2b: Incineroar|Parting Shot|p1b: Gallade
|-unboost|p1b: Gallade|atk|1
|-unboost|p1b: Gallade|spa|1
|
|t:|1783023958
|switch|p2b: Sneasler|Sneasler, L50, F|100/100|[from] Parting Shot
|move|p1a: Farigiraf|Trick Room|p1a: Farigiraf
|-fieldstart|move: Trick Room|[of] p1a: Farigiraf
|
|upkeep
|turn|2
|
|t:|1783023982
|switch|p2b: Sinistcha|Sinistcha-Masterpiece, L50|100/100
|move|p1a: Farigiraf|Twin Beam|p2b: Sinistcha
|-damage|p2b: Sinistcha|84/100
|-damage|p2b: Sinistcha|68/100
|-hitcount|p2b: Sinistcha|2
|move|p1b: Gallade|Sacred Sword|p2b: Sinistcha
|-immune|p2b: Sinistcha
|move|p2a: Delphox|Heat Wave|p1a: Farigiraf|[spread] p1a,p1b
|-damage|p1a: Farigiraf|30/100
|-damage|p1b: Gallade|13/100
|-enditem|p1a: Farigiraf|Sitrus Berry|[eat]
|-heal|p1a: Farigiraf|55/100|[from] item: Sitrus Berry
|
|upkeep
|turn|3
|inactive|HeatInSeven14 has 30 seconds left.
|inactive|DanielSantosgg has 30 seconds left.
|inactive|DanielSantosgg has 20 seconds left.
|
|t:|1783024023
|move|p2b: Sinistcha|Rage Powder|p2b: Sinistcha
|-singleturn|p2b: Sinistcha|move: Rage Powder
|move|p1a: Farigiraf|Twin Beam|p2b: Sinistcha
|-damage|p2b: Sinistcha|54/100
|-damage|p2b: Sinistcha|40/100
|-hitcount|p2b: Sinistcha|2
|move|p1b: Gallade|Psycho Cut|p2b: Sinistcha
|-damage|p2b: Sinistcha|18/100
|move|p2a: Delphox|Heat Wave|p1a: Farigiraf|[spread] p1b
|-miss|p2a: Delphox|p1a: Farigiraf
|-damage|p1b: Gallade|0 fnt
|faint|p1b: Gallade
|
|upkeep
|inactive|HeatInSeven14 has 30 seconds left.
|
|t:|1783024057
|switch|p1b: Hydrapple|Hydrapple, L50, F|100/100
|-ability|p1b: Hydrapple|Supersweet Syrup
|-unboost|p2a: Delphox|evasion|1
|-unboost|p2b: Sinistcha|evasion|1
|turn|4
|inactive|DanielSantosgg has 30 seconds left.
|
|t:|1783024087
|move|p1a: Farigiraf|Protect|p1a: Farigiraf
|-singleturn|p1a: Farigiraf|Protect
|move|p2b: Sinistcha|Protect|p2b: Sinistcha
|-singleturn|p2b: Sinistcha|Protect
|move|p1b: Hydrapple|Draco Meteor|p2a: Delphox
|-damage|p2a: Delphox|11/100
|-unboost|p1b: Hydrapple|spa|2
|-damage|p1b: Hydrapple|90/100|[from] item: Life Orb
|move|p2a: Delphox|Heat Wave|p1b: Hydrapple|[spread] p1b
|-activate|p1a: Farigiraf|move: Protect
|-damage|p1b: Hydrapple|8/100
|
|upkeep
|turn|5
|inactive|DanielSantosgg has 30 seconds left.
|inactive|DanielSantosgg has 20 seconds left.
|inactive|HeatInSeven14 has 30 seconds left.
|inactive|DanielSantosgg has 15 seconds left.
|
|t:|1783024138
|switch|p2b: Incineroar|Incineroar, L50, F|43/100
|-ability|p2b: Incineroar|Intimidate|boost
|-unboost|p1a: Farigiraf|atk|1
|-unboost|p1b: Hydrapple|atk|1
|move|p2a: Delphox|Protect|p2a: Delphox
|-singleturn|p2a: Delphox|Protect
|move|p1b: Hydrapple|Draco Meteor|p2b: Incineroar
|-damage|p2b: Incineroar|2/100
|-unboost|p1b: Hydrapple|spa|2
|-damage|p1b: Hydrapple|0 fnt|[from] item: Life Orb
|faint|p1b: Hydrapple
|move|p1a: Farigiraf|Thunderbolt|p2a: Delphox
|-activate|p2a: Delphox|move: Protect
|
|-fieldend|move: Trick Room
|upkeep
|
|t:|1783024151
|switch|p1b: Mawile|Mawile, L50, M|100/100
|turn|6
|inactive|HeatInSeven14 has 30 seconds left.
|inactive|HeatInSeven14 has 20 seconds left.
|inactive|HeatInSeven14 has 15 seconds left.
|
|t:|1783024196
|switch|p2b: Sinistcha|Sinistcha-Masterpiece, L50|18/100
|-heal|p2a: Delphox|36/100|[from] ability: Hospitality|[of] p2b: Sinistcha
|detailschange|p1b: Mawile|Mawile-Mega, L50, M
|-mega|p1b: Mawile|Mawile|Mawilite
|move|p1b: Mawile|Sucker Punch|p2a: Delphox
|-supereffective|p2a: Delphox|1
|-damage|p2a: Delphox|0 fnt
|faint|p2a: Delphox
|move|p1a: Farigiraf|Thunderbolt|p2b: Sinistcha
|-resisted|p2b: Sinistcha|1
|-damage|p2b: Sinistcha|8/100
|
|upkeep
|
|t:|1783024212
|switch|p2a: Incineroar|Incineroar, L50, F|2/100
|-ability|p2a: Incineroar|Intimidate|boost
|-unboost|p1a: Farigiraf|atk|1
|-unboost|p1b: Mawile|atk|1
|turn|7
|inactive|HeatInSeven14 has 30 seconds left.
|
|t:|1783024246
|move|p1b: Mawile|Protect|p1b: Mawile
|-singleturn|p1b: Mawile|Protect
|move|p2b: Sinistcha|Rage Powder|p2b: Sinistcha
|-singleturn|p2b: Sinistcha|move: Rage Powder
|move|p2a: Incineroar|Parting Shot|p1a: Farigiraf
|-unboost|p1a: Farigiraf|atk|1
|-unboost|p1a: Farigiraf|spa|1
|
|t:|1783024254
|switch|p2a: Sneasler|Sneasler, L50, F|100/100|[from] Parting Shot
|move|p1a: Farigiraf|Twin Beam|p2b: Sinistcha
|-damage|p2b: Sinistcha|0 fnt
|faint|p2b: Sinistcha
|-hitcount|p2: Sinistcha|1
|
|upkeep
|
|t:|1783024263
|switch|p2b: Incineroar|Incineroar, L50, F|2/100
|-ability|p2b: Incineroar|Intimidate|boost
|-unboost|p1a: Farigiraf|atk|1
|-unboost|p1b: Mawile|atk|1
|turn|8
|inactive|DanielSantosgg has 30 seconds left.
|inactive|DanielSantosgg has 20 seconds left.
|inactive|DanielSantosgg has 15 seconds left.
|
|t:|1783024307
|move|p2a: Sneasler|Fake Out||[still]
|cant|p1a: Farigiraf|ability: Armor Tail|Fake Out|[of] p2a: Sneasler
|move|p1b: Mawile|Sucker Punch|p2b: Incineroar
|-resisted|p2b: Incineroar|1
|-damage|p2b: Incineroar|0 fnt
|faint|p2b: Incineroar
|move|p1a: Farigiraf|Twin Beam|p2a: Sneasler
|-supereffective|p2a: Sneasler|2
|-damage|p2a: Sneasler|43/100
|-supereffective|p2a: Sneasler|2
|-damage|p2a: Sneasler|0 fnt
|faint|p2a: Sneasler
|-hitcount|p2: Sneasler|2
|
|win|HeatInSeven14
|inactive|HeatInSeven14 has 30 seconds to confirm battle start!
|inactive|DanielSantosgg has 30 seconds to confirm battle start!
