|j|☆M0ckingEJ
|j|☆ShdaowForece
|html|M0ckingEJShdaowForece    
|uhtml|bestof|Game 3 of a best-of-3
|t:|1756773331
|gametype|doubles
|player|p1|M0ckingEJ|n|1117
|player|p2|ShdaowForece|lucas|1079
|gen|9
|tier|[Gen 9] VGC 2025 Reg H (Bo3)
|rated|
|rule|Species Clause: Limit one of each Pokémon
|rule|Item Clause: Limit 1 of each item
|clearpoke
|poke|p1|Pelipper, L50, F|
|poke|p1|Overqwil, L50, M|
|poke|p1|Archaludon, L50, F|
|poke|p1|Gastrodon-East, L50, F|
|poke|p1|Sinistcha, L50|
|poke|p1|Ursaluna, L50, M|
|poke|p2|Gholdengo, L50|
|poke|p2|Incineroar, L50, F|
|poke|p2|Rillaboom, L50, F|
|poke|p2|Dragonite, L50, M|
|poke|p2|Sneasler, L50, F|
|poke|p2|Whimsicott, L50, M|
|teampreview|4
|showteam|p1|Pelipper||CovertCloak|Drizzle|Hurricane,WeatherBall,Tailwind,Protect|||F|||50|,,,,,Stellar]Overqwil||LifeOrb|SwiftSwim|ThroatChop,Liquidation,GunkShot,Haze|||M|||50|,,,,,Water]Archaludon||AssaultVest|Stamina|DracoMeteor,ElectroShot,FlashCannon,BodyPress|||F|||50|,,,,,Bug]Gastrodon-East||Leftovers|StormDrain|Protect,EarthPower,MuddyWater,HelpingHand|||F|||50|,,,,,Fire]Sinistcha||SitrusBerry|Hospitality|MatchaGotcha,ShadowBall,LifeDew,Protect||||||50|,,,,,Fire]Ursaluna||FlameOrb|Guts|Earthquake,Facade,Protect,HeadlongRush|||M|||50|,,,,,Poison
|showteam|p2|Gholdengo||Leftovers|GoodasGold|MakeItRain,ShadowBall,NastyPlot,Protect||||||50|,,,,,Steel]Incineroar||SitrusBerry|Intimidate|FlareBlitz,KnockOff,FakeOut,PartingShot|||F|||50|,,,,,Grass]Rillaboom||AssaultVest|GrassySurge|WoodHammer,FakeOut,GrassyGlide,HighHorsepower|||F|||50|,,,,,Water]Dragonite||ChoiceBand|InnerFocus|ExtremeSpeed,Outrage,StompingTantrum,IceSpinner|||M|||50|,,,,,Normal]Sneasler||WhiteHerb|Unburden|CloseCombat,DireClaw,Coaching,Protect|||F|||50|,,,,,Stellar]Whimsicott||CovertCloak|Prankster|Moonblast,Tailwind,Encore,FakeTears|||M|||50|,,,,,Poison
|
|t:|1756773377
|teamsize|p1|4
|teamsize|p2|4
|start
|switch|p1a: Archaludon|Archaludon, L50, F, shiny|100/100
|switch|p1b: Gastrodon|Gastrodon-East, L50, F, shiny|100/100
|switch|p2a: Gholdengo|Gholdengo, L50|100/100
|switch|p2b: Rillaboom|Rillaboom, L50, F|100/100
|-fieldstart|move: Grassy Terrain|[from] ability: Grassy Surge|[of] p2b: Rillaboom
|turn|1
|
|t:|1756773421
|move|p1b: Gastrodon|Protect|p1b: Gastrodon
|-singleturn|p1b: Gastrodon|Protect
|move|p2a: Gholdengo|Nasty Plot|p2a: Gholdengo
|-boost|p2a: Gholdengo|spa|2
|move|p1a: Archaludon|Draco Meteor|p2a: Gholdengo|[miss]
|-miss|p1a: Archaludon|p2a: Gholdengo
|move|p2b: Rillaboom|Wood Hammer|p1b: Gastrodon
|-activate|p1b: Gastrodon|move: Protect
|
|upkeep
|turn|2
|
|t:|1756773468
|switch|p2b: Whimsicott|Whimsicott, L50, M|100/100
|-terastallize|p1b: Gastrodon|Fire
|move|p1b: Gastrodon|Helping Hand|p1a: Archaludon
|-singleturn|p1a: Archaludon|Helping Hand|[of] p1b: Gastrodon
|move|p2a: Gholdengo|Make It Rain|p1b: Gastrodon|[spread] p1a,p1b
|-resisted|p1a: Archaludon
|-resisted|p1b: Gastrodon
|-damage|p1a: Archaludon|62/100
|-damage|p1b: Gastrodon|57/100
|-unboost|p2a: Gholdengo|spa|1
|-ability|p1a: Archaludon|Stamina|boost
|-boost|p1a: Archaludon|def|1
|move|p1a: Archaludon|Draco Meteor|p2a: Gholdengo
|-resisted|p2a: Gholdengo
|-damage|p2a: Gholdengo|51/100
|-unboost|p1a: Archaludon|spa|2
|
|-heal|p2a: Gholdengo|57/100|[from] Grassy Terrain
|-heal|p2a: Gholdengo|64/100|[from] item: Leftovers
|-heal|p1a: Archaludon|68/100|[from] Grassy Terrain
|-heal|p1b: Gastrodon|63/100|[from] Grassy Terrain
|-heal|p1b: Gastrodon|69/100|[from] item: Leftovers
|upkeep
|turn|3
|
|t:|1756773492
|switch|p1a: Overqwil|Overqwil, L50, M, shiny|100/100
|switch|p1b: Pelipper|Pelipper, L50, F, shiny|100/100
|-weather|RainDance|[from] ability: Drizzle|[of] p1b: Pelipper
|move|p2b: Whimsicott|Fake Tears|p1b: Pelipper
|-unboost|p1b: Pelipper|spd|2
|move|p2a: Gholdengo|Nasty Plot|p2a: Gholdengo
|-boost|p2a: Gholdengo|spa|2
|
|-weather|RainDance|[upkeep]
|-heal|p2a: Gholdengo|70/100|[from] Grassy Terrain
|-heal|p2a: Gholdengo|76/100|[from] item: Leftovers
|upkeep
|turn|4
|
|t:|1756773512
|-terastallize|p2a: Gholdengo|Steel
|move|p1a: Overqwil|Haze|p1a: Overqwil
|-clearallboost
|move|p2b: Whimsicott|Moonblast|p1b: Pelipper
|-damage|p1b: Pelipper|58/100
|move|p2a: Gholdengo|Make It Rain|p1b: Pelipper|[spread] p1a,p1b
|-resisted|p1b: Pelipper
|-damage|p1a: Overqwil|4/100
|-damage|p1b: Pelipper|3/100
|-unboost|p2a: Gholdengo|spa|1
|move|p1b: Pelipper|Tailwind|p1b: Pelipper
|-sidestart|p1: M0ckingEJ|move: Tailwind
|
|-weather|RainDance|[upkeep]
|-heal|p1a: Overqwil|10/100|[from] Grassy Terrain
|-heal|p2a: Gholdengo|82/100|[from] Grassy Terrain
|-heal|p2a: Gholdengo|89/100|[from] item: Leftovers
|upkeep
|turn|5
|
|t:|1756773536
|switch|p1a: Gastrodon|Gastrodon-East, L50, F, shiny, tera:Fire|69/100
|switch|p1b: Archaludon|Archaludon, L50, F, shiny|68/100
|move|p2a: Gholdengo|Protect|p2a: Gholdengo
|-singleturn|p2a: Gholdengo|Protect
|move|p2b: Whimsicott|Encore||[still]
|-fail|p2b: Whimsicott
|
|-weather|RainDance|[upkeep]
|-heal|p1b: Archaludon|74/100|[from] Grassy Terrain
|-heal|p1a: Gastrodon|75/100|[from] Grassy Terrain
|-heal|p1a: Gastrodon|82/100|[from] item: Leftovers
|-heal|p2a: Gholdengo|95/100|[from] Grassy Terrain
|-heal|p2a: Gholdengo|100/100|[from] item: Leftovers
|-fieldend|move: Grassy Terrain
|upkeep
|turn|6
|
|t:|1756773563
|switch|p2a: Sneasler|Sneasler, L50, F|100/100
|move|p2b: Whimsicott|Tailwind|p2b: Whimsicott
|-sidestart|p2: ShdaowForece|move: Tailwind
|move|p1b: Archaludon|Electro Shot||[still]
|-prepare|p1b: Archaludon|Electro Shot
|-boost|p1b: Archaludon|spa|1
|-anim|p1b: Archaludon|Electro Shot|p2a: Sneasler
|-damage|p2a: Sneasler|22/100
|move|p1a: Gastrodon|Earth Power|p2a: Sneasler
|-supereffective|p2a: Sneasler
|-damage|p2a: Sneasler|0 fnt
|faint|p2a: Sneasler
|
|-weather|RainDance|[upkeep]
|-heal|p1a: Gastrodon|88/100|[from] item: Leftovers
|upkeep
|
|t:|1756773578
|switch|p2a: Gholdengo|Gholdengo, L50, tera:Steel|100/100
|turn|7
|
|t:|1756773612
|move|p2b: Whimsicott|Fake Tears|p1b: Archaludon
|-unboost|p1b: Archaludon|spd|2
|move|p2a: Gholdengo|Shadow Ball|p1b: Archaludon
|-damage|p1b: Archaludon|16/100
|-ability|p1b: Archaludon|Stamina|boost
|-boost|p1b: Archaludon|def|1
|move|p1b: Archaludon|Electro Shot||[still]
|-prepare|p1b: Archaludon|Electro Shot
|-boost|p1b: Archaludon|spa|1
|-anim|p1b: Archaludon|Electro Shot|p2a: Gholdengo
|-damage|p2a: Gholdengo|20/100
|move|p1a: Gastrodon|Muddy Water|p2b: Whimsicott|[spread] p2a,p2b
|-resisted|p2b: Whimsicott
|-damage|p2a: Gholdengo|0 fnt
|-damage|p2b: Whimsicott|77/100
|faint|p2a: Gholdengo
|
|-weather|none
|-heal|p1a: Gastrodon|94/100|[from] item: Leftovers
|-sideend|p1: M0ckingEJ|move: Tailwind
|upkeep
|
|t:|1756773617
|switch|p2a: Rillaboom|Rillaboom, L50, F|100/100
|-fieldstart|move: Grassy Terrain|[from] ability: Grassy Surge|[of] p2a: Rillaboom
|turn|8
|
|t:|1756773645
|switch|p1a: Pelipper|Pelipper, L50, F, shiny|3/100
|-weather|RainDance|[from] ability: Drizzle|[of] p1a: Pelipper
|move|p2b: Whimsicott|Fake Tears|p1a: Pelipper
|-unboost|p1a: Pelipper|spd|2
|move|p2a: Rillaboom|Wood Hammer|p1b: Archaludon
|-resisted|p1b: Archaludon
|-damage|p1b: Archaludon|6/100
|-ability|p1b: Archaludon|Stamina|boost
|-boost|p1b: Archaludon|def|1
|-damage|p2a: Rillaboom|98/100|[from] Recoil
|move|p1b: Archaludon|Flash Cannon|p2b: Whimsicott
|-supereffective|p2b: Whimsicott
|-damage|p2b: Whimsicott|0 fnt
|faint|p2b: Whimsicott
|
|-weather|RainDance|[upkeep]
|-heal|p2a: Rillaboom|100/100|[from] Grassy Terrain
|-heal|p1b: Archaludon|12/100|[from] Grassy Terrain
|upkeep
|turn|9
|-message|ShdaowForece forfeited.
|
|win|M0ckingEJ
|raw|M0ckingEJ's rating: 1117 → 1139(+22 for winning)
|raw|ShdaowForece's rating: 1079 → 1060(-19 for losing)
|l|☆ShdaowForece
|player|p2|
|c|☆M0ckingEJ|Gg
