|j|☆Tonypajamas17
|j|☆Beeetch
|html|Tonypajamas17Beeetch    
|uhtml|bestof|Game 2 of a best-of-3
|t:|1757104347
|gametype|doubles
|player|p1|Tonypajamas17|2|1332
|player|p2|Beeetch|beauty-gen4dp|1348
|gen|9
|tier|[Gen 9] VGC 2025 Reg H (Bo3)
|rated|
|rule|Species Clause: Limit one of each Pokémon
|rule|Item Clause: Limit 1 of each item
|clearpoke
|poke|p1|Tyranitar, L50, F|
|poke|p1|Excadrill, L50, M|
|poke|p1|Indeedee, L50, M|
|poke|p1|Sneasler, L50, F|
|poke|p1|Kilowattrel, L50, F|
|poke|p1|Dragapult, L50, F|
|poke|p2|Excadrill, L50, F|
|poke|p2|Tyranitar, L50, M|
|poke|p2|Sneasler, L50, F|
|poke|p2|Indeedee, L50, M|
|poke|p2|Corviknight, L50, F|
|poke|p2|Annihilape, L50, F|
|teampreview|4
|showteam|p1|Tyranitar||AssaultVest|SandStream|RockSlide,TeraBlast,LowKick,KnockOff|||F|||50|,,,,,Flying]Excadrill||FocusSash|SandRush|Earthquake,IronHead,Protect,HighHorsepower|||M|||50|,,,,,Ghost]Indeedee||ChoiceScarf|PsychicSurge|ExpandingForce,TeraBlast,DazzlingGleam,ShadowBall|||M|||50|,,,,,Fighting]Sneasler||PsychicSeed|Unburden|CloseCombat,Protect,Taunt,DireClaw|||F|||50|,,,,,Dark]Kilowattrel||SafetyGoggles|Competitive|Tailwind,Protect,Thunderbolt,AirSlash|||F|||50|,,,,,Ghost]Dragapult||LifeOrb|ClearBody|DragonDarts,PhantomForce,Protect,Outrage|||F|||50|,,,,,Steel
|showteam|p2|Excadrill||FocusSash|SandRush|IronHead,HighHorsepower,Earthquake,Protect|||F|||50|,,,,,Stellar]Tyranitar||AssaultVest|SandStream|RockSlide,KnockOff,TeraBlast,LowKick|||M|||50|,,,,,Flying]Sneasler||PsychicSeed|Unburden|DireClaw,CloseCombat,ThroatChop,Protect|||F|||50|,,,,,Dark]Indeedee||ChoiceScarf|PsychicSurge|ExpandingForce,TeraBlast,Protect,Trick|||M|||50|,,,,,Psychic]Corviknight||Leftovers|MirrorArmor|BraveBird,BulkUp,Roost,Tailwind|||F|||50|,,,,,Dragon]Annihilape||SafetyGoggles|Defiant|CloseCombat,FinalGambit,RageFist,Taunt|||F|||50|,,,,,Water
|inactive|Battle timer is ON: inactive players will automatically lose when time's up. (requested by Beeetch)
|
|t:|1757104419
|teamsize|p1|4
|teamsize|p2|4
|start
|switch|p1a: Excadrill|Excadrill, L50, M|100/100
|switch|p1b: Tyranitar|Tyranitar, L50, F, shiny|100/100
|switch|p2a: Corviknight|Corviknight, L50, F|100/100
|switch|p2b: Tyranitar|Tyranitar, L50, M, shiny|100/100
|-weather|Sandstorm|[from] ability: Sand Stream|[of] p1b: Tyranitar
|turn|1
|
|t:|1757104436
|-terastallize|p1b: Tyranitar|Flying
|-terastallize|p2b: Tyranitar|Flying
|move|p1a: Excadrill|Iron Head|p2b: Tyranitar
|-damage|p2b: Tyranitar|59/100
|move|p1b: Tyranitar|Rock Slide|p2a: Corviknight|[spread] p2b
|-miss|p1b: Tyranitar|p2a: Corviknight
|-supereffective|p2b: Tyranitar
|-damage|p2b: Tyranitar|13/100
|cant|p2b: Tyranitar|flinch
|move|p2a: Corviknight|Tailwind|p2a: Corviknight
|-sidestart|p2: Beeetch|move: Tailwind
|
|-weather|Sandstorm|[upkeep]
|-damage|p2b: Tyranitar|7/100|[from] Sandstorm
|-damage|p1b: Tyranitar|95/100|[from] Sandstorm
|upkeep
|turn|2
|inactive|Tonypajamas17 has 30 seconds left.
|
|t:|1757104464
|move|p1a: Excadrill|Protect|p1a: Excadrill
|-singleturn|p1a: Excadrill|Protect
|move|p2b: Tyranitar|Rock Slide|p1b: Tyranitar|[spread] p1b
|-activate|p1a: Excadrill|move: Protect
|-supereffective|p1b: Tyranitar
|-damage|p1b: Tyranitar|47/100
|move|p2a: Corviknight|Brave Bird|p1a: Excadrill
|-activate|p1a: Excadrill|move: Protect
|move|p1b: Tyranitar|Knock Off|p2a: Corviknight
|-damage|p2a: Corviknight|60/100
|-enditem|p2a: Corviknight|Leftovers|[from] move: Knock Off|[of] p1b: Tyranitar
|
|-weather|Sandstorm|[upkeep]
|-damage|p2b: Tyranitar|2/100|[from] Sandstorm
|-damage|p1b: Tyranitar|41/100|[from] Sandstorm
|upkeep
|turn|3
|
|t:|1757104482
|move|p1a: Excadrill|Iron Head|p2b: Tyranitar
|-damage|p2b: Tyranitar|0 fnt
|faint|p2b: Tyranitar
|move|p2a: Corviknight|Brave Bird|p1a: Excadrill
|-resisted|p1a: Excadrill
|-damage|p1a: Excadrill|65/100
|-damage|p2a: Corviknight|49/100|[from] Recoil
|move|p1b: Tyranitar|Rock Slide|p2a: Corviknight
|-damage|p2a: Corviknight|14/100
|
|-weather|Sandstorm|[upkeep]
|-damage|p1b: Tyranitar|35/100|[from] Sandstorm
|upkeep
|
|t:|1757104493
|switch|p2b: Indeedee|Indeedee, L50, M, shiny|100/100
|-fieldstart|move: Psychic Terrain|[from] ability: Psychic Surge|[of] p2b: Indeedee
|turn|4
|
|t:|1757104504
|move|p1a: Excadrill|Protect|p1a: Excadrill
|-singleturn|p1a: Excadrill|Protect
|move|p2b: Indeedee|Expanding Force|p1a: Excadrill|[spread] p1b
|-activate|p1a: Excadrill|move: Protect
|-damage|p1b: Tyranitar|2/100
|move|p2a: Corviknight|Roost|p2a: Corviknight
|-heal|p2a: Corviknight|65/100
|-singleturn|p2a: Corviknight|move: Roost
|move|p1b: Tyranitar|Low Kick|p2a: Corviknight
|-supereffective|p2a: Corviknight
|-damage|p2a: Corviknight|18/100
|
|-weather|Sandstorm|[upkeep]
|-damage|p2b: Indeedee|95/100|[from] Sandstorm
|-damage|p1b: Tyranitar|0 fnt|[from] Sandstorm
|faint|p1b: Tyranitar
|-sideend|p2: Beeetch|move: Tailwind
|upkeep
|inactive|Tonypajamas17 has 30 seconds left.
|
|t:|1757104530
|switch|p1b: Indeedee|Indeedee, L50, M, shiny|100/100
|turn|5
|
|t:|1757104540
|move|p1a: Excadrill|Iron Head|p2b: Indeedee
|-damage|p2b: Indeedee|0 fnt
|faint|p2b: Indeedee
|move|p1b: Indeedee|Expanding Force|p2a: Corviknight
|-resisted|p2a: Corviknight
|-damage|p2a: Corviknight|0 fnt
|faint|p2a: Corviknight
|
|-weather|none
|upkeep
|
|t:|1757104545
|switch|p2b: Sneasler|Sneasler, L50, F, shiny|100/100
|-enditem|p2b: Sneasler|Psychic Seed
|-boost|p2b: Sneasler|spd|1|[from] item: Psychic Seed
|turn|6
|
|t:|1757104556
|move|p2b: Sneasler|Dire Claw|p1b: Indeedee
|-damage|p1b: Indeedee|11/100
|-status|p1b: Indeedee|par
|move|p1a: Excadrill|High Horsepower|p2b: Sneasler
|-supereffective|p2b: Sneasler
|-damage|p2b: Sneasler|0 fnt
|faint|p2b: Sneasler
|
|win|Tonypajamas17
|raw|Tonypajamas17's rating: 1332 → 1353(+21 for winning)
|raw|Beeetch's rating: 1348 → 1327(-21 for losing)
