|j|☆mumu2
|j|☆PatuDucc
|html|mumu2PatuDucc    
|uhtml|bestof|Game 2 of a best-of-3
|t:|1785283280
|gametype|doubles
|player|p1|mumu2|cyclistf|
|player|p2|PatuDucc|ingo|
|gen|9
|tier|[Gen 9 Champions] VGC 2026 Reg M-B (Bo3)
|rule|Species Clause: Limit one of each Pokémon
|rule|Item Clause: Limit 1 of each item
|clearpoke
|poke|p1|Tyranitar, L50, F|
|poke|p1|Excadrill, L50, M|
|poke|p1|Hydreigon, L50, M|
|poke|p1|Ninetales-Alola, L50, F|
|poke|p1|Skarmory, L50, M|
|poke|p1|Rotom-Wash, L50|
|poke|p2|Starmie, L50, shiny|
|poke|p2|Talonflame, L50, M|
|poke|p2|Maushold, L50|
|poke|p2|Scizor, L50, F|
|poke|p2|Hydreigon, L50, M, shiny|
|poke|p2|Manectric, L50, M, shiny|
|teampreview|4
|showteam|p1|Tyranitar||Tyranitarite|SandStream|RockSlide,KnockOff,Earthquake,Protect|Adamant||F|||50|]Excadrill||LifeOrb|SandRush|Earthquake,IronHead,RockSlide,Protect|Adamant||M|||50|]Hydreigon||ChoiceScarf|Levitate|DracoMeteor,DarkPulse,Snarl,HeatWave|Modest||M|||50|]Ninetales-Alola||NeverMeltIce|SnowWarning|Blizzard,FreezeDry,Moonblast,Protect|Timid||F|||50|]Skarmory||Skarmorite|Sturdy|BraveBird,Taunt,IronHead,Tailwind|Jolly||M|||50|]Rotom-Wash||SitrusBerry|Levitate|Discharge,HydroPump,VoltSwitch,WillOWisp|Modest|||||50|
|showteam|p2|Starmie||Starminite|NaturalCure|PsychoCut,AquaJet,IceSpinner,Protect|Jolly|||||50|]Talonflame||SharpBeak|GaleWings|BraveBird,FlareBlitz,Tailwind,Protect|Jolly||M|||50|]Maushold||SitrusBerry|FriendGuard|SuperFang,HelpingHand,FollowMe,Protect|Impish|||||50|]Scizor||MetalCoat|Technician|BulletPunch,BugBite,SwordsDance,Protect|Adamant||F|||50|]Hydreigon||ChoiceScarf|Levitate|DragonPulse,DarkPulse,EarthPower,HeatWave|Modest||M|||50|]Manectric||Manectite|LightningRod|Thunderbolt,Snarl,VoltSwitch,Protect|Timid||M|||50|
|j| FIR Zants
|
|t:|1785283389
|teamsize|p1|4
|teamsize|p2|4
|start
|switch|p1a: Rotom|Rotom-Wash, L50|100/100
|switch|p1b: Excadrill|Excadrill, L50, M|100/100
|switch|p2a: Scizor|Scizor, L50, F|100/100
|switch|p2b: Maushold|Maushold, L50|100/100
|turn|1
|
|t:|1785283433
|move|p2b: Maushold|Follow Me|p2b: Maushold
|-singleturn|p2b: Maushold|move: Follow Me
|move|p1b: Excadrill|Earthquake|p2b: Maushold|[spread] p2a,p2b
|-immune|p1a: Rotom|[from] ability: Levitate
|-crit|p2b: Maushold
|-damage|p2a: Scizor|61/100
|-damage|p2b: Maushold|13/100
|-enditem|p2b: Maushold|Sitrus Berry|[eat]
|-heal|p2b: Maushold|38/100|[from] item: Sitrus Berry
|-damage|p1b: Excadrill|90/100|[from] item: Life Orb
|move|p1a: Rotom|Discharge|p2b: Maushold|[spread] p2a,p2b
|-immune|p1b: Excadrill
|-damage|p2a: Scizor|40/100
|-damage|p2b: Maushold|10/100
|move|p2a: Scizor|Swords Dance|p2a: Scizor
|-boost|p2a: Scizor|atk|2
|
|upkeep
|turn|2
|
|t:|1785283547
|move|p2a: Scizor|Protect|p2a: Scizor
|-singleturn|p2a: Scizor|Protect
|move|p2b: Maushold|Super Fang|p1b: Excadrill
|-damage|p1b: Excadrill|45/100
|move|p1b: Excadrill|Earthquake|p2b: Maushold|[spread] p2b
|-activate|p2a: Scizor|move: Protect
|-immune|p1a: Rotom|[from] ability: Levitate
|-damage|p2b: Maushold|0 fnt
|faint|p2b: Maushold
|-damage|p1b: Excadrill|35/100|[from] item: Life Orb
|move|p1a: Rotom|Volt Switch|p2a: Scizor
|-activate|p2a: Scizor|move: Protect
|
|upkeep
|
|t:|1785283582
|switch|p2b: Talonflame|Talonflame, L50, M|100/100
|turn|3
|
|t:|1785283640
|move|p2b: Talonflame|Tailwind|p2b: Talonflame
|-sidestart|p2: PatuDucc|move: Tailwind
|move|p2a: Scizor|Bug Bite|p1a: Rotom
|-damage|p1a: Rotom|15/100
|-enditem|p1a: Rotom|Sitrus Berry|[from] stealeat|[move] Bug Bite|[of] p2a: Scizor
|-heal|p2a: Scizor|65/100|[from] item: Sitrus Berry
|move|p1b: Excadrill|Earthquake|p2b: Talonflame|[spread] p2a
|-immune|p1a: Rotom|[from] ability: Levitate
|-immune|p2b: Talonflame
|-damage|p2a: Scizor|16/100
|-damage|p1b: Excadrill|26/100|[from] item: Life Orb
|move|p1a: Rotom|Discharge|p2b: Talonflame|[spread] p2a,p2b
|-immune|p1b: Excadrill
|-supereffective|p2b: Talonflame|1
|-damage|p2a: Scizor|0 fnt
|-damage|p2b: Talonflame|22/100
|-status|p2b: Talonflame|par
|faint|p2a: Scizor
|
|upkeep
|
|t:|1785283659
|switch|p2a: Starmie|Starmie, L50, shiny|100/100
|turn|4
|
|t:|1785283779
|detailschange|p2a: Starmie|Starmie-Mega, L50, shiny
|-mega|p2a: Starmie|Starmie|Starminite
|move|p2a: Starmie|Aqua Jet|p1b: Excadrill
|-supereffective|p1b: Excadrill|1
|-crit|p1b: Excadrill
|-damage|p1b: Excadrill|0 fnt
|faint|p1b: Excadrill
|move|p2b: Talonflame|Brave Bird|p1a: Rotom
|-resisted|p1a: Rotom|1
|-damage|p1a: Rotom|0 fnt
|faint|p1a: Rotom
|-damage|p2b: Talonflame|17/100 par|[from] Recoil
|
|upkeep
|
|t:|1785283793
|switch|p1b: Hydreigon|Hydreigon, L50, M|100/100
|switch|p1a: Tyranitar|Tyranitar, L50, F|100/100
|-weather|Sandstorm|[from] ability: Sand Stream|[of] p1a: Tyranitar
|turn|5
|
|t:|1785283847
|detailschange|p1a: Tyranitar|Tyranitar-Mega, L50, F
|-mega|p1a: Tyranitar|Tyranitar|Tyranitarite
|move|p2a: Starmie|Ice Spinner|p1b: Hydreigon
|-supereffective|p1b: Hydreigon|1
|-damage|p1b: Hydreigon|0 fnt
|faint|p1b: Hydreigon
|move|p2b: Talonflame|Brave Bird|p1a: Tyranitar
|-resisted|p1a: Tyranitar|1
|-damage|p1a: Tyranitar|84/100
|-damage|p2b: Talonflame|10/100 par|[from] Recoil
|move|p1a: Tyranitar|Knock Off|p2a: Starmie
|-supereffective|p2a: Starmie|1
|-damage|p2a: Starmie|0 fnt
|faint|p2a: Starmie
|
|-weather|Sandstorm|[upkeep]
|-damage|p2b: Talonflame|4/100 par|[from] Sandstorm
|upkeep
|turn|6
|
|t:|1785283865
|move|p1a: Tyranitar|Protect|p1a: Tyranitar
|-singleturn|p1a: Tyranitar|Protect
|move|p2b: Talonflame|Brave Bird|p1a: Tyranitar
|-activate|p1a: Tyranitar|move: Protect
|
|-weather|Sandstorm|[upkeep]
|-damage|p2b: Talonflame|0 fnt|[from] Sandstorm
|faint|p2b: Talonflame
|
|win|mumu2
|l|☆PatuDucc
|player|p2|
