|j|‽qliphort27
|j|☆flaminanmol
|html|qliphort27flaminanmol    
|uhtml|bestof|Game 3 of a best-of-3
|t:|1783134042
|gametype|doubles
|player|p1|qliphort27|fisherman-gen4|1073
|player|p2|flaminanmol|red|1109
|gen|9
|tier|[Gen 9 Champions] VGC 2026 Reg M-B (Bo3)
|rated|
|rule|Species Clause: Limit one of each Pokémon
|rule|Item Clause: Limit 1 of each item
|clearpoke
|poke|p1|Golurk, L50|
|poke|p1|Farigiraf, L50, M|
|poke|p1|Sinistcha, L50|
|poke|p1|Torkoal, L50, M|
|poke|p1|Mawile, L50, M|
|poke|p1|Machamp, L50, M|
|poke|p2|Charizard, L50, F|
|poke|p2|Garchomp, L50, F|
|poke|p2|Sneasler, L50, F|
|poke|p2|Blaziken, L50, M|
|poke|p2|Whimsicott, L50, F|
|poke|p2|Incineroar, L50, M|
|teampreview|4
|showteam|p1|Golurk||Golurkite|IronFist|HeadlongRush,DrainPunch,Poltergeist,Protect|Brave|||||50|]Farigiraf||Leftovers|ArmorTail|HelpingHand,Thunderbolt,TrickRoom,TwinBeam|Quiet||M|||50|]Sinistcha||SitrusBerry|Hospitality|MatchaGotcha,StrengthSap,RagePowder,TrickRoom|Calm|||||50|]Torkoal||Charcoal|Drought|EarthPower,HeatWave,Eruption,Protect|Quiet||M|||50|]Mawile||Mawilite|Intimidate|SuckerPunch,PlayRough,IronHead,Protect|Brave||M|||50|]Machamp||LifeOrb|NoGuard|DynamicPunch,DrainPunch,PoisonJab,RockSlide|Brave||M|||50|
|showteam|p2|Charizard||CharizarditeY|SolarPower|HeatWave,Protect,SolarBeam,WeatherBall|Modest||F|||50|]Garchomp||ChoiceScarf|RoughSkin|Earthquake,RockSlide,DragonClaw,FireFang|Adamant||F|||50|]Sneasler||FocusSash|Unburden|DireClaw,CloseCombat,FakeOut,Protect|Adamant||F|||50|]Blaziken||LifeOrb|SpeedBoost|CloseCombat,Protect,FlareBlitz,BatonPass|Adamant||M|||50|]Whimsicott||MentalHerb|Prankster|Tailwind,SunnyDay,Moonblast,Protect|Timid||F|||50|]Incineroar||SitrusBerry|Intimidate|FakeOut,FlareBlitz,DarkestLariat,PartingShot|Brave||M|||50|
|
|t:|1783134060
|teamsize|p1|4
|teamsize|p2|4
|start
|switch|p1a: Machamp|Machamp, L50, M|100/100
|switch|p1b: Farigiraf|Farigiraf, L50, M|100/100
|switch|p2a: Sneasler|Sneasler, L50, F|100/100
|switch|p2b: Blaziken|Blaziken, L50, M|100/100
|turn|1
|
|t:|1783134082
|move|p2a: Sneasler|Close Combat|p1a: Machamp
|-damage|p1a: Machamp|29/100
|-unboost|p2a: Sneasler|def|1
|-unboost|p2a: Sneasler|spd|1
|move|p2b: Blaziken|Close Combat|p1a: Machamp
|-damage|p1a: Machamp|0 fnt
|-unboost|p2b: Blaziken|def|1
|-unboost|p2b: Blaziken|spd|1
|faint|p1a: Machamp
|-damage|p2b: Blaziken|90/100|[from] item: Life Orb
|move|p1b: Farigiraf|Trick Room|p1b: Farigiraf
|-fieldstart|move: Trick Room|[of] p1b: Farigiraf
|
|-ability|p2b: Blaziken|Speed Boost|boost
|-boost|p2b: Blaziken|spe|1
|upkeep
|
|t:|1783134089
|switch|p1a: Golurk|Golurk, L50|100/100
|turn|2
|
|t:|1783134119
|detailschange|p1a: Golurk|Golurk-Mega, L50
|-mega|p1a: Golurk|Golurk|Golurkite
|move|p1a: Golurk|Headlong Rush|p2b: Blaziken
|-supereffective|p2b: Blaziken|1
|-damage|p2b: Blaziken|0 fnt
|-unboost|p1a: Golurk|def|1
|-unboost|p1a: Golurk|spd|1
|faint|p2b: Blaziken
|move|p1b: Farigiraf|Twin Beam|p2a: Sneasler
|-supereffective|p2a: Sneasler|2
|-enditem|p2a: Sneasler|Focus Sash
|-damage|p2a: Sneasler|1/100
|-supereffective|p2a: Sneasler|2
|-damage|p2a: Sneasler|0 fnt
|faint|p2a: Sneasler
|-hitcount|p2: Sneasler|2
|
|upkeep
|
|t:|1783134134
|switch|p2b: Charizard|Charizard, L50, F|100/100
|switch|p2a: Garchomp|Garchomp, L50, F|100/100
|turn|3
|
|t:|1783134155
|detailschange|p2b: Charizard|Charizard-Mega-Y, L50, F
|-mega|p2b: Charizard|Charizard|Charizardite Y
|-weather|SunnyDay|[from] ability: Drought|[of] p2b: Charizard
|move|p1b: Farigiraf|Helping Hand|p1a: Golurk
|-singleturn|p1a: Golurk|Helping Hand|[of] p1b: Farigiraf
|move|p1a: Golurk|Headlong Rush|p2a: Garchomp
|-damage|p2a: Garchomp|0 fnt
|-unboost|p1a: Golurk|def|1
|-unboost|p1a: Golurk|spd|1
|-damage|p1a: Golurk|87/100|[from] ability: Rough Skin|[of] p2a: Garchomp
|faint|p2a: Garchomp
|move|p2b: Charizard|Solar Beam||[still]
|-prepare|p2b: Charizard|Solar Beam
|-anim|p2b: Charizard|Solar Beam|p1a: Golurk
|-supereffective|p1a: Golurk|1
|-damage|p1a: Golurk|0 fnt
|faint|p1a: Golurk
|
|-weather|SunnyDay|[upkeep]
|upkeep
|
|t:|1783134163
|switch|p1a: Sinistcha|Sinistcha, L50|100/100
|turn|4
|
|t:|1783134177
|move|p1b: Farigiraf|Thunderbolt|p2b: Charizard
|-supereffective|p2b: Charizard|1
|-damage|p2b: Charizard|46/100
|move|p1a: Sinistcha|Matcha Gotcha|p2b: Charizard
|-resisted|p2b: Charizard|2
|-crit|p2b: Charizard
|-damage|p2b: Charizard|33/100
|move|p2b: Charizard|Heat Wave|p1a: Sinistcha|[spread] p1a,p1b
|-supereffective|p1a: Sinistcha|1
|-damage|p1a: Sinistcha|0 fnt
|-damage|p1b: Farigiraf|33/100
|faint|p1a: Sinistcha
|
|-weather|SunnyDay|[upkeep]
|-heal|p1b: Farigiraf|39/100|[from] item: Leftovers
|upkeep
|turn|5
|
|t:|1783134194
|move|p2b: Charizard|Protect|p2b: Charizard
|-singleturn|p2b: Charizard|Protect
|move|p1b: Farigiraf|Thunderbolt|p2b: Charizard
|-activate|p2b: Charizard|move: Protect
|
|-weather|SunnyDay|[upkeep]
|-heal|p1b: Farigiraf|45/100|[from] item: Leftovers
|-fieldend|move: Trick Room
|upkeep
|turn|6
|
|t:|1783134205
|move|p2b: Charizard|Weather Ball|p1b: Farigiraf
|-damage|p1b: Farigiraf|0 fnt
|faint|p1b: Farigiraf
|
|win|flaminanmol
|raw|qliphort27's rating: 1073 → 1054(-19 for losing)
|raw|flaminanmol's rating: 1109 → 1131(+22 for winning)
|l|‽qliphort27
|player|p1|
