|j|☆ProtectThyKing34
|j|☆Pineyfressh
|html|ProtectThyKing34Pineyfressh    
|uhtml|bestof|Game 1 of a best-of-3
|t:|1784765264
|gametype|doubles
|player|p1|ProtectThyKing34|rocketgrunt|1058
|player|p2|Pineyfressh|265|1123
|gen|9
|tier|[Gen 9 Champions] VGC 2026 Reg M-B (Bo3)
|rated|
|rule|Species Clause: Limit one of each Pokémon
|rule|Item Clause: Limit 1 of each item
|clearpoke
|poke|p1|Delphox, L50, F|
|poke|p1|Incineroar, L50, F|
|poke|p1|Sneasler, L50, F|
|poke|p1|Sinistcha, L50|
|poke|p1|Kingambit, L50, M|
|poke|p1|Blastoise, L50, M|
|poke|p2|Raichu, L50, M|
|poke|p2|Jolteon, L50, M|
|poke|p2|Mamoswine, L50, M|
|poke|p2|Primarina, L50, M|
|poke|p2|Froslass, L50, F|
|poke|p2|Maushold, L50|
|teampreview|4
|showteam|p1|Delphox||Delphoxite|Blaze|NastyPlot,Protect,Psyshock,HeatWave|Timid||F|||50|]Incineroar||SitrusBerry|Intimidate|FakeOut,PartingShot,FlareBlitz,DarkestLariat|Impish||F|||50|]Sneasler||FocusSash|PoisonTouch|GunkShot,FakeOut,CloseCombat,QuickGuard|Jolly||F|||50|]Sinistcha||OccaBerry|Hospitality|MatchaGotcha,RagePowder,TrickRoom,Protect|Calm|||||50|]Kingambit||BlackGlasses|Defiant|SuckerPunch,KowtowCleave,LowKick,Protect|Adamant||M|||50|]Blastoise||Blastoisinite|RainDish|ShellSmash,WaterSpout,DarkPulse,Protect|Timid||M|||50|
|showteam|p2|Raichu||RaichuniteX|Static|FakeOut,VoltTackle,KnockOff,BrickBreak|Jolly||M|||50|]Jolteon||FocusSash|VoltAbsorb|RisingVoltage,VoltSwitch,AlluringVoice,Protect|Timid||M|||50|]Mamoswine||SitrusBerry|Oblivious|RockSlide,Earthquake,IceShard,Protect|Jolly||M|||50|]Primarina||Leftovers|LiquidVoice|HyperVoice,Moonblast,Protect,EnergyBall|Modest||M|||50|]Froslass||Froslassite|SnowCloak|Blizzard,NastyPlot,ShadowBall,Protect|Timid||F|||50|]Maushold||MentalHerb|FriendGuard|Taunt,FollowMe,Encore,HelpingHand|Timid|||||50|
|
|t:|1784765311
|teamsize|p1|4
|teamsize|p2|4
|start
|switch|p1a: Delphox|Delphox, L50, F|100/100
|switch|p1b: Sneasler|Sneasler, L50, F|100/100
|switch|p2a: Raichu|Raichu, L50, M|100/100
|switch|p2b: Jolteon|Jolteon, L50, M|100/100
|turn|1
|inactive|Battle timer is ON: inactive players will automatically lose when time's up. (requested by ProtectThyKing34)
|
|t:|1784765337
|detailschange|p2a: Raichu|Raichu-Mega-X, L50, M
|-mega|p2a: Raichu|Raichu|Raichunite X
|-fieldstart|move: Electric Terrain|[from] ability: Electric Surge|[of] p2a: Raichu
|detailschange|p1a: Delphox|Delphox-Mega, L50, F
|-mega|p1a: Delphox|Delphox|Delphoxite
|move|p1b: Sneasler|Fake Out|p2a: Raichu
|-damage|p2a: Raichu|81/100
|-status|p2a: Raichu|psn|[from] ability: Poison Touch|[of] p1b: Sneasler
|cant|p2a: Raichu|flinch
|move|p1a: Delphox|Nasty Plot|p1a: Delphox
|-boost|p1a: Delphox|spa|2
|move|p2b: Jolteon|Rising Voltage|p1b: Sneasler
|-hint|Rising Voltage's BP doubled on grounded target.
|-enditem|p1b: Sneasler|Focus Sash
|-damage|p1b: Sneasler|1/100
|
|-damage|p2a: Raichu|68/100 psn|[from] psn
|upkeep
|turn|2
|inactive|Pineyfressh has 30 seconds left.
|
|t:|1784765365
|switch|p1b: Incineroar|Incineroar, L50, F|100/100
|-ability|p1b: Incineroar|Intimidate|boost
|-unboost|p2a: Raichu|atk|1
|-unboost|p2b: Jolteon|atk|1
|move|p1a: Delphox|Protect|p1a: Delphox
|-singleturn|p1a: Delphox|Protect
|move|p2b: Jolteon|Volt Switch|p1b: Incineroar
|-damage|p1b: Incineroar|61/100
|
|t:|1784765374
|switch|p2b: Mamoswine|Mamoswine, L50, M|100/100|[from] Volt Switch
|move|p2a: Raichu|Knock Off|p1a: Delphox
|-activate|p1a: Delphox|move: Protect
|
|-damage|p2a: Raichu|56/100 psn|[from] psn
|upkeep
|turn|3
|
|t:|1784765388
|move|p1b: Incineroar|Fake Out|p2b: Mamoswine
|-damage|p2b: Mamoswine|88/100
|move|p1a: Delphox|Heat Wave|p2a: Raichu|[spread] p2a,p2b
|-supereffective|p2b: Mamoswine|1
|-damage|p2a: Raichu|0 fnt
|-damage|p2b: Mamoswine|0 fnt
|faint|p2a: Raichu
|faint|p2b: Mamoswine
|
|upkeep
|
|t:|1784765396
|switch|p2a: Jolteon|Jolteon, L50, M|100/100
|switch|p2b: Primarina|Primarina, L50, M|100/100
|turn|4
|
|t:|1784765412
|move|p1a: Delphox|Protect|p1a: Delphox
|-singleturn|p1a: Delphox|Protect
|move|p2a: Jolteon|Rising Voltage|p1a: Delphox
|-activate|p1a: Delphox|move: Protect
|move|p2b: Primarina|Hyper Voice|p1b: Incineroar|[spread] p1b
|-activate|p1a: Delphox|move: Protect
|-supereffective|p1b: Incineroar|1
|-damage|p1b: Incineroar|0 fnt
|faint|p1b: Incineroar
|
|upkeep
|
|t:|1784765425
|switch|p1b: Sneasler|Sneasler, L50, F|1/100
|turn|5
|
|t:|1784765444
|move|p1b: Sneasler|Fake Out|p2a: Jolteon
|-damage|p2a: Jolteon|72/100
|move|p1a: Delphox|Psyshock|p2b: Primarina
|-damage|p2b: Primarina|0 fnt
|faint|p2b: Primarina
|cant|p2a: Jolteon|flinch
|
|-fieldend|move: Electric Terrain
|upkeep
|turn|6
|-message|Pineyfressh forfeited.
|
|win|ProtectThyKing34
|l|☆Pineyfressh
|player|p2|
