|j|☆javivaarela
|j|☆dodovgc
|html|javivaareladodovgc    
|uhtml|bestof|Game 3 of a best-of-3
|t:|1782730604
|gametype|doubles
|player|p1|javivaarela|266|
|player|p2|dodovgc|170|
|gen|9
|tier|[Gen 9 Champions] VGC 2026 Reg M-B (Bo3)
|rule|Species Clause: Limit one of each Pokémon
|rule|Item Clause: Limit 1 of each item
|clearpoke
|poke|p1|Blaziken, L50, M|
|poke|p1|Hydreigon, L50, F|
|poke|p1|Basculegion, L50, M|
|poke|p1|Whimsicott, L50, M|
|poke|p1|Farigiraf, L50, F|
|poke|p1|Metagross, L50|
|poke|p2|Excadrill, L50, F|
|poke|p2|Tyranitar, L50, M|
|poke|p2|Scovillain, L50, M|
|poke|p2|Staraptor, L50, F|
|poke|p2|Grimmsnarl, L50, M, shiny|
|poke|p2|Gholdengo, L50|
|teampreview|4
|showteam|p1|Blaziken||Blazikenite|SpeedBoost|Detect,RockSlide,CloseCombat,FlareBlitz|Adamant||M|||50|]Hydreigon||ChoiceScarf|Levitate|DracoMeteor,Snarl,EarthPower,DarkPulse|Modest||F|||50|]Basculegion||LifeOrb|Adaptability|Protect,WaveCrash,LastRespects,AquaJet|Adamant||M|||50|]Whimsicott||FocusSash|Prankster|Protect,Moonblast,EnergyBall,Tailwind|Timid||M|||50|]Farigiraf||SitrusBerry|ArmorTail|Psychic,Thunderbolt,Roar,TrickRoom|Bold||F|||50|]Metagross||Metagrossite|ClearBody|Protect,PsychicFangs,IronHead,StompingTantrum|Jolly|||||50|
|showteam|p2|Excadrill||FocusSash|SandRush|HighHorsepower,IronHead,RockSlide,Protect|Adamant||F|||50|]Tyranitar||ChoiceScarf|SandStream|RockSlide,KnockOff,IcePunch,LowKick|Adamant||M|||50|]Scovillain||Scovillainite|Chlorophyll|Protect,RagePowder,LeechSeed,Overheat|Bold||M|||50|]Staraptor||Staraptite|Intimidate|BraveBird,CloseCombat,Roost,Protect|Jolly||F|||50|]Grimmsnarl||LightClay|Prankster|SpiritBreak,Reflect,LightScreen,PartingShot|Careful||M|||50|]Gholdengo||MetalCoat|GoodasGold|MakeItRain,ShadowBall,NastyPlot,Protect|Modest|||||50|
|
|t:|1782730679
|teamsize|p1|4
|teamsize|p2|4
|start
|switch|p1a: Metagross|Metagross, L50|100/100
|switch|p1b: Whimsicott|Whimsicott, L50, M|100/100
|switch|p2a: Gholdengo|Gholdengo, L50|100/100
|switch|p2b: Grimmsnarl|Grimmsnarl, L50, M, shiny|100/100
|turn|1
|
|t:|1782730746
|detailschange|p1a: Metagross|Metagross-Mega, L50
|-mega|p1a: Metagross|Metagross|Metagrossite
|move|p2b: Grimmsnarl|Reflect|p2b: Grimmsnarl
|-sidestart|p2: dodovgc|Reflect
|move|p1b: Whimsicott|Moonblast|p2b: Grimmsnarl
|-supereffective|p2b: Grimmsnarl|1
|-damage|p2b: Grimmsnarl|34/100
|move|p1a: Metagross|Iron Head|p2b: Grimmsnarl
|-supereffective|p2b: Grimmsnarl|1
|-damage|p2b: Grimmsnarl|0 fnt
|faint|p2b: Grimmsnarl
|move|p2a: Gholdengo|Shadow Ball|p1a: Metagross
|-supereffective|p1a: Metagross|1
|-damage|p1a: Metagross|18/100
|-unboost|p1a: Metagross|spd|1
|
|upkeep
|
|t:|1782730774
|switch|p2b: Staraptor|Staraptor, L50, F|100/100
|-ability|p2b: Staraptor|Intimidate|boost
|-unboost|p1a: Metagross|atk|1
|-unboost|p1b: Whimsicott|atk|1
|turn|2
|
|t:|1782730798
|move|p1a: Metagross|Protect|p1a: Metagross
|-singleturn|p1a: Metagross|Protect
|move|p1b: Whimsicott|Tailwind|p1b: Whimsicott
|-sidestart|p1: javivaarela|move: Tailwind
|move|p2b: Staraptor|Brave Bird|p1b: Whimsicott
|-supereffective|p1b: Whimsicott|1
|-enditem|p1b: Whimsicott|Focus Sash
|-damage|p1b: Whimsicott|1/100
|-damage|p2b: Staraptor|73/100|[from] Recoil
|move|p2a: Gholdengo|Make It Rain|p1a: Metagross|[spread] 
|-activate|p1a: Metagross|move: Protect
|-miss|p2a: Gholdengo|p1b: Whimsicott
|
|upkeep
|turn|3
|c|☆javivaarela|pido perdón por ese miss
|c|☆dodovgc|Nada hombre
|c|☆dodovgc|Sabemos a lo que jugamos
|c|☆dodovgc|jajajaj
|c|☆dodovgc|happens
|
|t:|1782730878
|switch|p1a: Farigiraf|Farigiraf, L50, F|100/100
|move|p2b: Staraptor|Protect|p2b: Staraptor
|-singleturn|p2b: Staraptor|Protect
|move|p1b: Whimsicott|Moonblast|p2b: Staraptor
|-activate|p2b: Staraptor|move: Protect
|move|p2a: Gholdengo|Make It Rain|p1a: Farigiraf|[spread] p1a,p1b
|-supereffective|p1b: Whimsicott|1
|-damage|p1a: Farigiraf|53/100
|-damage|p1b: Whimsicott|0 fnt
|-unboost|p2a: Gholdengo|spa|2
|faint|p1b: Whimsicott
|
|upkeep
|
|t:|1782730905
|switch|p1b: Basculegion|Basculegion, L50, M|100/100
|turn|4
|
|t:|1782730950
|switch|p2a: Tyranitar|Tyranitar, L50, M|100/100
|-weather|Sandstorm|[from] ability: Sand Stream|[of] p2a: Tyranitar
|move|p1b: Basculegion|Wave Crash|p2b: Staraptor
|-damage|p2b: Staraptor|0 fnt
|faint|p2b: Staraptor
|-damage|p1b: Basculegion|79/100|[from] Recoil
|-damage|p1b: Basculegion|69/100|[from] item: Life Orb
|move|p1a: Farigiraf|Psychic|p2a: Tyranitar
|-immune|p2a: Tyranitar
|
|-weather|Sandstorm|[upkeep]
|-damage|p1b: Basculegion|63/100|[from] Sandstorm
|-damage|p1a: Farigiraf|47/100|[from] Sandstorm
|-enditem|p1a: Farigiraf|Sitrus Berry|[eat]
|-heal|p1a: Farigiraf|72/100|[from] item: Sitrus Berry
|upkeep
|
|t:|1782730960
|switch|p2b: Gholdengo|Gholdengo, L50|100/100
|turn|5
|
|t:|1782731025
|move|p1b: Basculegion|Wave Crash|p2a: Tyranitar
|-supereffective|p2a: Tyranitar|1
|-damage|p2a: Tyranitar|0 fnt
|faint|p2a: Tyranitar
|-damage|p1b: Basculegion|34/100|[from] Recoil
|-damage|p1b: Basculegion|25/100|[from] item: Life Orb
|move|p1a: Farigiraf|Thunderbolt|p2b: Gholdengo
|-damage|p2b: Gholdengo|78/100
|move|p2b: Gholdengo|Shadow Ball|p1b: Basculegion
|-supereffective|p1b: Basculegion|1
|-damage|p1b: Basculegion|0 fnt
|faint|p1b: Basculegion
|
|-weather|Sandstorm|[upkeep]
|-damage|p1a: Farigiraf|66/100|[from] Sandstorm
|-sideend|p1: javivaarela|move: Tailwind
|upkeep
|
|t:|1782731035
|switch|p1b: Metagross|Metagross-Mega, L50|18/100
|turn|6
|
|t:|1782731078
|move|p1b: Metagross|Protect|p1b: Metagross
|-singleturn|p1b: Metagross|Protect
|move|p2b: Gholdengo|Protect|p2b: Gholdengo
|-singleturn|p2b: Gholdengo|Protect
|move|p1a: Farigiraf|Thunderbolt|p2b: Gholdengo
|-activate|p2b: Gholdengo|move: Protect
|
|-weather|Sandstorm|[upkeep]
|-damage|p1a: Farigiraf|60/100|[from] Sandstorm
|upkeep
|turn|7
|
|t:|1782731115
|move|p1b: Metagross|Stomping Tantrum|p2b: Gholdengo
|-supereffective|p2b: Gholdengo|1
|-damage|p2b: Gholdengo|37/100
|move|p2b: Gholdengo|Shadow Ball|p1b: Metagross
|-supereffective|p1b: Metagross|1
|-damage|p1b: Metagross|0 fnt
|faint|p1b: Metagross
|move|p1a: Farigiraf|Thunderbolt|p2b: Gholdengo
|-damage|p2b: Gholdengo|17/100
|
|-weather|Sandstorm|[upkeep]
|-damage|p1a: Farigiraf|54/100|[from] Sandstorm
|upkeep
|turn|8
|
|t:|1782731129
|move|p2b: Gholdengo|Make It Rain|p1a: Farigiraf
|-damage|p1a: Farigiraf|0 fnt
|-unboost|p2b: Gholdengo|spa|2
|faint|p1a: Farigiraf
|
|win|dodovgc
|c|☆javivaarela|gg jefe
|c|☆dodovgc|gg man
|c|☆dodovgc|fue muy divertido la verdad
|c|☆javivaarela|pasas tu los games?
|c|☆javivaarela|estuvo de puta madre
|c|☆dodovgc|Venga
|c|☆dodovgc|Ya le paso yo
|c|☆javivaarela|mira que es pesao el staraptor
|c|☆dodovgc|Ya ves JAJAJA
|c|☆dodovgc|Es un pedazo de bicho
|c|☆javivaarela|y eso que tu no lo juegas con sinistcha al lado
|c|☆dodovgc|Yaa, como llevo gholdi se me hacía mucho
|c|☆javivaarela|que ese es pa no salir ni a jugar
|c|☆dodovgc|Para alguien retirado como yo viene bien algo así medio braindead
|c|☆dodovgc|jajajajaj
|c|☆javivaarela|JAJAAJAJAJ
|c|☆javivaarela|nah pero el staraptor es dificil jugarlo bien
|c|☆javivaarela|en un torneo tocho es más complicao que haga cosas fácilmente
|c|☆dodovgc|Supongo que el meta está muy adaptado a él al ser muy popular sí
|c|☆javivaarela|a ver que tal evoluciona
|c|☆javivaarela|bueno neno, piro a comer que tengo que ir a curra
|c|☆javivaarela|currar*
|c|☆javivaarela|ggs
|l|☆javivaarela
|player|p1|
