|j|☆bluntmaster9000
|j|☆TsukiiVGC
|html|bluntmaster9000TsukiiVGC    
|uhtml|bestof|Game 1 of a best-of-3
|t:|1756944774
|gametype|doubles
|player|p1|bluntmaster9000|101|1174
|player|p2|TsukiiVGC|riley|1136
|gen|9
|tier|[Gen 9] VGC 2025 Reg H (Bo3)
|rated|
|rule|Species Clause: Limit one of each Pokémon
|rule|Item Clause: Limit 1 of each item
|clearpoke
|poke|p1|Charizard, L50, F|
|poke|p1|Torkoal, L50, F|
|poke|p1|Porygon2, L50|
|poke|p1|Incineroar, L50, F|
|poke|p1|Jumpluff, L50, F|
|poke|p1|Ursaluna, L50, M|
|poke|p2|Porygon2, L50|
|poke|p2|Incineroar, L50, F|
|poke|p2|Amoonguss, L50, M|
|poke|p2|Ursaluna, L50, M|
|poke|p2|Pelipper, L50, M|
|poke|p2|Archaludon, L50, F|
|teampreview|4
|showteam|p1|Charizard||ChoiceSpecs|SolarPower|HeatWave,Overheat,WeatherBall,AirSlash|||F|||50|,,,,,Ghost]Torkoal||EjectPack|Drought|Eruption,Overheat,HelpingHand,Protect|||F|||50|,,,,,Fire]Porygon2||Eviolite|Download|IceBeam,TeraBlast,TrickRoom,Recover||||||50|,,,,,Fighting]Incineroar||SitrusBerry|Intimidate|FlareBlitz,KnockOff,FakeOut,PartingShot|||F|||50|,,,,,Ghost]Jumpluff||CovertCloak|Chlorophyll|SleepPowder,SunnyDay,RagePowder,Tailwind|||F|||50|,,,,,Poison]Ursaluna||FlameOrb|Guts|HeadlongRush,Facade,Earthquake,Protect|||M|||50|,,,,,Ghost
|showteam|p2|Porygon2||Eviolite|Download|TeraBlast,IceBeam,Recover,TrickRoom||||||50|,,,,,Fairy]Incineroar||SafetyGoggles|Intimidate|FakeOut,PartingShot,KnockOff,FlareBlitz|||F|||50|,,,,,Ghost]Amoonguss||SitrusBerry|Regenerator|PollenPuff,Spore,RagePowder,Protect|||M|||50|,,,,,Dark]Ursaluna||FlameOrb|Guts|Facade,HeadlongRush,Substitute,Protect|||M|||50|,,,,,Fairy]Pelipper||RockyHelmet|Drizzle|Hurricane,WeatherBall,WideGuard,Protect|||M|||50|,,,,,Ghost]Archaludon||AssaultVest|Stamina|ElectroShot,DracoMeteor,FlashCannon,BodyPress|||F|||50|,,,,,Grass
|inactive|Battle timer is ON: inactive players will automatically lose when time's up. (requested by bluntmaster9000)
|inactive|bluntmaster9000 has 60 seconds left.
|inactive|TsukiiVGC has 60 seconds left.
|inactive|bluntmaster9000 has 30 seconds left.
|
|t:|1756944844
|teamsize|p1|4
|teamsize|p2|4
|start
|switch|p1a: Jumpluff|Jumpluff, L50, F, shiny|100/100
|switch|p1b: Charizard|Charizard, L50, F, shiny|100/100
|switch|p2a: Porygon2|Porygon2, L50|100/100
|switch|p2b: Incineroar|Incineroar, L50, F|100/100
|-ability|p2b: Incineroar|Intimidate|boost
|-unboost|p1a: Jumpluff|atk|1
|-unboost|p1b: Charizard|atk|1
|-ability|p2a: Porygon2|Download|boost
|-boost|p2a: Porygon2|atk|1
|turn|1
|j| Arkhept
|l| Arkhept
|inactive|bluntmaster9000 has 30 seconds left.
|inactive|TsukiiVGC has 30 seconds left.
|inactive|TsukiiVGC has 20 seconds left.
|inactive|TsukiiVGC has 15 seconds left.
|inactive|TsukiiVGC has 10 seconds left.
|
|t:|1756944891
|-terastallize|p1a: Jumpluff|Poison
|-terastallize|p2a: Porygon2|Fairy
|move|p1a: Jumpluff|Sleep Powder|p2a: Porygon2
|-status|p2a: Porygon2|slp|[from] move: Sleep Powder
|move|p1b: Charizard|Heat Wave|p2a: Porygon2|[spread] p2a,p2b
|-resisted|p2b: Incineroar
|-damage|p2a: Porygon2|69/100 slp
|-damage|p2b: Incineroar|81/100
|move|p2b: Incineroar|Parting Shot|p1b: Charizard
|-unboost|p1b: Charizard|atk|1
|-unboost|p1b: Charizard|spa|1
|
|t:|1756944896
|switch|p2b: Pelipper|Pelipper, L50, M|100/100|[from] Parting Shot
|-weather|RainDance|[from] ability: Drizzle|[of] p2b: Pelipper
|cant|p2a: Porygon2|slp
|
|-weather|RainDance|[upkeep]
|upkeep
|turn|2
|inactive|bluntmaster9000 has 30 seconds left.
|inactive|TsukiiVGC has 30 seconds left.
|
|t:|1756944934
|switch|p1b: Ursaluna|Ursaluna, L50, M, shiny|100/100
|move|p1a: Jumpluff|Sunny Day|p1a: Jumpluff
|-weather|SunnyDay
|move|p2b: Pelipper|Weather Ball|p1b: Ursaluna
|-damage|p1b: Ursaluna|70/100
|cant|p2a: Porygon2|slp
|
|-weather|SunnyDay|[upkeep]
|-status|p1b: Ursaluna|brn|[from] item: Flame Orb
|upkeep
|turn|3
|j| roman_legend
|inactive|bluntmaster9000 has 30 seconds left.
|inactive|TsukiiVGC has 30 seconds left.
|l| roman_legend
|
|t:|1756944968
|switch|p2b: Incineroar|Incineroar, L50, F|81/100
|-ability|p2b: Incineroar|Intimidate|boost
|-unboost|p1a: Jumpluff|atk|1
|-unboost|p1b: Ursaluna|atk|1
|move|p1a: Jumpluff|Sleep Powder|p2b: Incineroar
|-activate|p2b: Incineroar|item: Safety Goggles|Sleep Powder
|move|p1b: Ursaluna|Facade|p2a: Porygon2
|-damage|p2a: Porygon2|18/100 slp
|cant|p2a: Porygon2|slp
|
|-weather|SunnyDay|[upkeep]
|-damage|p1b: Ursaluna|64/100 brn|[from] brn
|upkeep
|turn|4
|inactive|bluntmaster9000 has 30 seconds left.
|inactive|TsukiiVGC has 30 seconds left.
|inactive|bluntmaster9000 has 20 seconds left.
|inactive|TsukiiVGC has 20 seconds left.
|
|t:|1756945007
|switch|p1a: Charizard|Charizard, L50, F, shiny|100/100
|switch|p1b: Porygon2|Porygon2, L50, shiny|100/100
|-ability|p1b: Porygon2|Download|boost
|-boost|p1b: Porygon2|atk|1
|switch|p2a: Pelipper|Pelipper, L50, M|100/100
|-weather|RainDance|[from] ability: Drizzle|[of] p2a: Pelipper
|move|p2b: Incineroar|Parting Shot|p1b: Porygon2
|-unboost|p1b: Porygon2|atk|1
|-unboost|p1b: Porygon2|spa|1
|inactive|TsukiiVGC has 30 seconds left.
|
|t:|1756945032
|switch|p2b: Ursaluna|Ursaluna, L50, M|100/100|[from] Parting Shot
|
|-weather|RainDance|[upkeep]
|-status|p2b: Ursaluna|brn|[from] item: Flame Orb
|upkeep
|turn|5
|inactive|TsukiiVGC has 30 seconds left.
|inactive|TsukiiVGC has 20 seconds left.
|inactive|TsukiiVGC has 15 seconds left.
|inactive|TsukiiVGC has 10 seconds left.
|
|t:|1756945082
|switch|p1b: Jumpluff|Jumpluff, L50, F, shiny, tera:Poison|100/100
|move|p1a: Charizard|Weather Ball|p2b: Ursaluna
|-supereffective|p2b: Ursaluna
|-damage|p2b: Ursaluna|0 fnt
|faint|p2b: Ursaluna
|move|p2a: Pelipper|Weather Ball|p1a: Charizard
|-supereffective|p1a: Charizard
|-damage|p1a: Charizard|0 fnt
|faint|p1a: Charizard
|
|-weather|RainDance|[upkeep]
|upkeep
|c|☆TsukiiVGC|3 turn sleep bails you.
|
|t:|1756945108
|switch|p1a: Ursaluna|Ursaluna, L50, M, shiny|64/100 brn
|switch|p2b: Incineroar|Incineroar, L50, F|81/100
|-ability|p2b: Incineroar|Intimidate|boost
|-unboost|p1a: Ursaluna|atk|1
|-unboost|p1b: Jumpluff|atk|1
|turn|6
|c|☆TsukiiVGC|ridiculous
|
|t:|1756945124
|switch|p1a: Porygon2|Porygon2, L50, shiny|100/100
|-ability|p1a: Porygon2|Download|boost
|-boost|p1a: Porygon2|spa|1
|move|p1b: Jumpluff|Sleep Powder|p2a: Pelipper
|-status|p2a: Pelipper|slp|[from] move: Sleep Powder
|cant|p2a: Pelipper|slp
|move|p2b: Incineroar|Flare Blitz|p1b: Jumpluff
|-damage|p1b: Jumpluff|76/100
|-damage|p2b: Incineroar|74/100|[from] Recoil
|
|-weather|RainDance|[upkeep]
|upkeep
|turn|7
|
|t:|1756945147
|move|p1b: Jumpluff|Tailwind|p1b: Jumpluff
|-sidestart|p1: bluntmaster9000|move: Tailwind
|move|p1a: Porygon2|Tera Blast|p2a: Pelipper
|-damage|p2a: Pelipper|27/100 slp
|cant|p2a: Pelipper|slp
|move|p2b: Incineroar|Knock Off|p1a: Porygon2
|-damage|p1a: Porygon2|75/100
|-enditem|p1a: Porygon2|Eviolite|[from] move: Knock Off|[of] p2b: Incineroar
|
|-weather|RainDance|[upkeep]
|upkeep
|turn|8
|
|t:|1756945166
|switch|p1b: Ursaluna|Ursaluna, L50, M, shiny|64/100 brn
|cant|p2a: Pelipper|slp
|move|p1a: Porygon2|Tera Blast|p2a: Pelipper
|-damage|p2a: Pelipper|0 fnt
|faint|p2a: Pelipper
|move|p2b: Incineroar|Flare Blitz|p1a: Porygon2
|-damage|p1a: Porygon2|50/100
|-damage|p2b: Incineroar|66/100|[from] Recoil
|
|-weather|none
|-damage|p1b: Ursaluna|58/100 brn|[from] brn
|upkeep
|
|t:|1756945170
|switch|p2a: Porygon2|Porygon2, L50, tera:Fairy|18/100 slp
|-ability|p2a: Porygon2|Download|boost
|-boost|p2a: Porygon2|spa|1
|turn|9
|c|☆TsukiiVGC|Double 3 turn sleep.
|c|☆TsukiiVGC|you got it bro
|c|☆TsukiiVGC|All you.
|inactive|bluntmaster9000 has 30 seconds left.
|inactive|TsukiiVGC has 30 seconds left.
|inactive|bluntmaster9000 has 20 seconds left.
|inactive|TsukiiVGC has 20 seconds left.
|
|t:|1756945209
|move|p1b: Ursaluna|Headlong Rush|p2b: Incineroar
|-supereffective|p2b: Incineroar
|-damage|p2b: Incineroar|0 fnt
|-unboost|p1b: Ursaluna|def|1
|-unboost|p1b: Ursaluna|spd|1
|faint|p2b: Incineroar
|move|p1a: Porygon2|Tera Blast|p2a: Porygon2
|-damage|p2a: Porygon2|0 fnt
|faint|p2a: Porygon2
|
|win|bluntmaster9000
||bluntmaster9000 is ready for game 2.
|inactive|TsukiiVGC has 30 seconds to confirm battle start!
