|j|☆mobile2433
|j|☆kheld
|html|mobile2433kheld    
|uhtml|bestof|Game 1 of a best-of-3
|t:|1757719679
|gametype|doubles
|player|p1|mobile2433|lance|1170
|player|p2|kheld|169|1155
|gen|9
|tier|[Gen 9] VGC 2025 Reg H (Bo3)
|rated|
|rule|Species Clause: Limit one of each Pokémon
|rule|Item Clause: Limit 1 of each item
|clearpoke
|poke|p1|Sneasler, L50, F|
|poke|p1|Dragapult, L50, M|
|poke|p1|Primarina, L50, F|
|poke|p1|Kingambit, L50, M|
|poke|p1|Magmar, L50, M|
|poke|p1|Rillaboom, L50, F|
|poke|p2|Exeggutor, L50, F|
|poke|p2|Indeedee-F, L50, F|
|poke|p2|Ursaluna, L50, M|
|poke|p2|Torkoal, L50, M|
|poke|p2|Charizard, L50, M|
|poke|p2|Oranguru, L50, M|
|teampreview|4
|showteam|p1|Sneasler||FocusSash|PoisonTouch|CloseCombat,DireClaw,FakeOut,Protect|||F|||50|,,,,,Stellar]Dragapult||ChoiceBand|ClearBody|DragonDarts,TeraBlast,PhantomForce,Uturn|||M|||50|,,,,,Ghost]Primarina||SitrusBerry|LiquidVoice|HyperVoice,Moonblast,Haze,Protect|||F|||50|,,,,,Poison]Kingambit||BlackGlasses|Defiant|KowtowCleave,SuckerPunch,SwordsDance,Protect|||M|||50|,,,,,Ghost]Magmar||Eviolite|VitalSpirit|Overheat,WillOWisp,FollowMe,Protect|||M|||50|,,,,,Ghost]Rillaboom||AssaultVest|GrassySurge|WoodHammer,GrassyGlide,Uturn,FakeOut|||F|||50|,,,,,Fire
|showteam|p2|Exeggutor||FocusSash|Chlorophyll|ExpandingForce,SleepPowder,EnergyBall,TrickRoom|||F|||50|,,,,,Fire]Indeedee-F||SafetyGoggles|PsychicSurge|FollowMe,TrickRoom,DazzlingGleam,HelpingHand|||F|||50|,,,,,Fairy]Ursaluna||FlameOrb|Guts|Facade,HeadlongRush,Earthquake,Protect|||M|||50|,,,,,Ghost]Torkoal||Charcoal|Drought|Eruption,HeatWave,EarthPower,Protect|||M|||50|,,,,,Fire]Charizard||ChoiceScarf|SolarPower|HeatWave,WeatherBall,SolarBeam,AirSlash|||M|||50|,,,,,Fire]Oranguru||MentalHerb|InnerFocus|TrickRoom,Instruct,Protect,FoulPlay|||M|||50|,,,,,Fairy
|inactive|Battle timer is ON: inactive players will automatically lose when time's up. (requested by mobile2433)
|inactive|mobile2433 has 60 seconds left.
|inactive|mobile2433 has 30 seconds left.
|inactive|mobile2433 has 20 seconds left.
|
|t:|1757719750
|teamsize|p1|4
|teamsize|p2|4
|start
|switch|p1a: Dragapult|Dragapult, L50, M|100/100
|switch|p1b: Primarina|Primarina, L50, F|100/100
|switch|p2a: Charizard|Charizard, L50, M|100/100
|switch|p2b: Torkoal|Torkoal, L50, M|100/100
|-weather|SunnyDay|[from] ability: Drought|[of] p2b: Torkoal
|turn|1
|inactive|mobile2433 has 30 seconds left.
|inactive|kheld has 30 seconds left.
|inactive|kheld has 20 seconds left.
|
|t:|1757719789
|switch|p2b: Indeedee|Indeedee-F, L50, F|100/100
|-fieldstart|move: Psychic Terrain|[from] ability: Psychic Surge|[of] p2b: Indeedee
|-terastallize|p2a: Charizard|Fire
|move|p2a: Charizard|Heat Wave|p1a: Dragapult|[spread] p1a,p1b
|-resisted|p1a: Dragapult
|-resisted|p1b: Primarina
|-damage|p1a: Dragapult|30/100
|-damage|p1b: Primarina|59/100
|move|p1a: Dragapult|Dragon Darts|p2a: Charizard
|-damage|p2a: Charizard|47/100
|-anim|p1a: Dragapult|Dragon Darts|p2b: Indeedee
|-damage|p2b: Indeedee|63/100
|move|p1b: Primarina|Hyper Voice|p2a: Charizard|[spread] p2a,p2b
|-supereffective|p2a: Charizard
|-damage|p2a: Charizard|8/100
|-damage|p2b: Indeedee|48/100
|
|-weather|SunnyDay|[upkeep]
|-damage|p2a: Charizard|0 fnt|[from] ability: Solar Power|[of] p2a: Charizard
|faint|p2a: Charizard
|upkeep
|
|t:|1757719807
|switch|p2a: Exeggutor|Exeggutor, L50, F|100/100
|turn|2
|inactive|mobile2433 has 30 seconds left.
|
|t:|1757719836
|switch|p1a: Rillaboom|Rillaboom, L50, F|100/100
|-fieldstart|move: Grassy Terrain|[from] ability: Grassy Surge|[of] p1a: Rillaboom
|move|p2b: Indeedee|Helping Hand|p2a: Exeggutor
|-singleturn|p2a: Exeggutor|Helping Hand|[of] p2b: Indeedee
|move|p2a: Exeggutor|Expanding Force|p1a: Rillaboom
|-damage|p1a: Rillaboom|49/100
|move|p1b: Primarina|Hyper Voice|p2a: Exeggutor|[spread] p2a,p2b
|-resisted|p2a: Exeggutor
|-crit|p2a: Exeggutor
|-damage|p2a: Exeggutor|85/100
|-damage|p2b: Indeedee|33/100
|
|-weather|SunnyDay|[upkeep]
|-heal|p2a: Exeggutor|91/100|[from] Grassy Terrain
|-heal|p1a: Rillaboom|55/100|[from] Grassy Terrain
|-heal|p1b: Primarina|64/100|[from] Grassy Terrain
|-heal|p2b: Indeedee|39/100|[from] Grassy Terrain
|upkeep
|turn|3
|
|t:|1757719861
|switch|p2b: Torkoal|Torkoal, L50, M|100/100
|move|p2a: Exeggutor|Energy Ball|p1b: Primarina
|-supereffective|p1b: Primarina
|-damage|p1b: Primarina|0 fnt
|faint|p1b: Primarina
|move|p1a: Rillaboom|U-turn|p2a: Exeggutor
|-supereffective|p2a: Exeggutor
|-damage|p2a: Exeggutor|0 fnt
|faint|p2a: Exeggutor
|
|t:|1757719882
|switch|p1a: Kingambit|Kingambit, L50, M|100/100|[from] U-turn
|
|-weather|SunnyDay|[upkeep]
|upkeep
|
|t:|1757719888
|switch|p2a: Indeedee|Indeedee-F, L50, F|39/100
|switch|p1b: Dragapult|Dragapult, L50, M|30/100
|-fieldstart|move: Psychic Terrain|[from] ability: Psychic Surge|[of] p2a: Indeedee
|turn|4
|
|t:|1757719901
|-terastallize|p1a: Kingambit|Ghost
|move|p2a: Indeedee|Follow Me|p2a: Indeedee
|-singleturn|p2a: Indeedee|move: Follow Me
|move|p1b: Dragapult|U-turn|p2a: Indeedee
|-supereffective|p2a: Indeedee
|-damage|p2a: Indeedee|0 fnt
|faint|p2a: Indeedee
|
|t:|1757719907
|switch|p1b: Rillaboom|Rillaboom, L50, F|55/100|[from] U-turn
|-fieldstart|move: Grassy Terrain|[from] ability: Grassy Surge|[of] p1b: Rillaboom
|move|p1a: Kingambit|Kowtow Cleave|p2b: Torkoal
|-damage|p2b: Torkoal|58/100
|move|p2b: Torkoal|Eruption|p1a: Kingambit|[spread] p1a,p1b
|-supereffective|p1b: Rillaboom
|-damage|p1a: Kingambit|57/100
|-damage|p1b: Rillaboom|0 fnt
|faint|p1b: Rillaboom
|
|-weather|SunnyDay|[upkeep]
|-heal|p1a: Kingambit|63/100|[from] Grassy Terrain
|-heal|p2b: Torkoal|64/100|[from] Grassy Terrain
|upkeep
|
|t:|1757719914
|switch|p1b: Dragapult|Dragapult, L50, M|30/100
|turn|5
|-message|kheld forfeited.
|
|win|mobile2433
|l|☆kheld
|player|p2|
||kheld is ready for game 2.
|inactive|mobile2433 has 30 seconds to confirm battle start!
|inactive|mobile2433 has 20 seconds to confirm battle start!
||mobile2433 is ready for game 2.
|uhtml|next|Next: Game 2 of 3
