|j|☆genetakavic
|j|☆Pinoitaliano
|html|genetakavicPinoitaliano    
|uhtml|bestof|Game 1 of a best-of-3
|t:|1756223758
|gametype|doubles
|player|p1|genetakavic|rika|1055
|player|p2|Pinoitaliano|rika|1000
|gen|9
|tier|[Gen 9] VGC 2025 Reg H (Bo3)
|rated|
|rule|Species Clause: Limit one of each Pokémon
|rule|Item Clause: Limit 1 of each item
|clearpoke
|poke|p1|Maushold, L50|
|poke|p1|Annihilape, L50, M|
|poke|p1|Gholdengo, L50|
|poke|p1|Basculegion, L50, M|
|poke|p1|Rillaboom, L50, F|
|poke|p1|Dragonite, L50, M|
|poke|p2|Serperior, L50, M|
|poke|p2|Grimmsnarl, L50, M|
|poke|p2|Whimsicott, L50, F|
|poke|p2|Indeedee, L50, M|
|poke|p2|Gallade, L50, M|
|poke|p2|Ceruledge, L50, F|
|teampreview|4
|showteam|p1|Maushold||WideLens|FriendGuard|FollowMe,PopulationBomb,Feint,Protect||||||50|,,,,,Ghost]Annihilape||SitrusBerry|Defiant|RageFist,CloseCombat,FinalGambit,Protect|||M|||50|,,,,,Steel]Gholdengo||ChoiceSpecs|GoodasGold|PowerGem,MakeItRain,ShadowBall,Trick||||||50|,,,,,Water]Basculegion||FocusSash|SwiftSwim|LastRespects,AquaJet,WaveCrash,Protect|||M|||50|,,,,,Ghost]Rillaboom||AssaultVest|GrassySurge|GrassyGlide,HighHorsepower,WoodHammer,FakeOut|||F|||50|,,,,,Fire]Dragonite||LoadedDice|Multiscale|ScaleShot,IceSpinner,Tailwind,Protect|||M|||50|,,,,,Steel
|showteam|p2|Serperior||FocusSash|Contrary|LeafStorm,TeraBlast,Protect,DragonPulse|||M|||50|,,,,,Stellar]Grimmsnarl||LightClay|Prankster|LightScreen,Reflect,ScaryFace,SpiritBreak|||M|||50|,,,,,Ghost]Whimsicott||CovertCloak|Prankster|Tailwind,Protect,Moonblast,Encore|||F|||50|,,,,,Steel]Indeedee||ChoiceScarf|PsychicSurge|ExpandingForce,Protect,TeraBlast,ShadowBall|||M|||50|,,,,,Fairy]Gallade||ClearAmulet|Sharpness|SacredSword,AquaCutter,Protect,LeafBlade|||M|||50|,,,,,Ground]Ceruledge||Leftovers|FlashFire|BulkUp,BitterBlade,ShadowSneak,Protect|||F|||50|,,,,,Grass
|inactive|Battle timer is ON: inactive players will automatically lose when time's up. (requested by genetakavic)
|inactive|Pinoitaliano also wants the timer to be on.
|inactive|Pinoitaliano has 60 seconds left.
|
|t:|1756223802
|teamsize|p1|4
|teamsize|p2|4
|start
|switch|p1a: Maushold|Maushold, L50|100/100
|switch|p1b: Gholdengo|Gholdengo, L50|100/100
|switch|p2a: Indeedee|Indeedee, L50, M|100/100
|switch|p2b: Ceruledge|Ceruledge, L50, F|100/100
|-fieldstart|move: Psychic Terrain|[from] ability: Psychic Surge|[of] p2a: Indeedee
|turn|1
|inactive|genetakavic has 30 seconds left.
|inactive|Pinoitaliano has 30 seconds left.
|inactive|genetakavic has 20 seconds left.
|inactive|genetakavic has 15 seconds left.
|inactive|genetakavic has 10 seconds left.
|inactive|genetakavic has 5 seconds left.
|
|t:|1756223854
|switch|p1a: Rillaboom|Rillaboom, L50, F|100/100
|-fieldstart|move: Grassy Terrain|[from] ability: Grassy Surge|[of] p1a: Rillaboom
|-terastallize|p1b: Gholdengo|Water
|-terastallize|p2b: Ceruledge|Grass
|move|p2a: Indeedee|Shadow Ball|p1b: Gholdengo
|-damage|p1b: Gholdengo|69/100
|move|p1b: Gholdengo|Shadow Ball|p2b: Ceruledge
|-damage|p2b: Ceruledge|44/100
|move|p2b: Ceruledge|Bulk Up|p2b: Ceruledge
|-boost|p2b: Ceruledge|atk|1
|-boost|p2b: Ceruledge|def|1
|
|-heal|p1b: Gholdengo|75/100|[from] Grassy Terrain
|-heal|p2b: Ceruledge|50/100|[from] Grassy Terrain
|-heal|p2b: Ceruledge|56/100|[from] item: Leftovers
|upkeep
|turn|2
|inactive|Pinoitaliano has 30 seconds left.
|inactive|Pinoitaliano has 20 seconds left.
|
|t:|1756223892
|switch|p2a: Grimmsnarl|Grimmsnarl, L50, M|100/100
|move|p2b: Ceruledge|Protect|p2b: Ceruledge
|-singleturn|p2b: Ceruledge|Protect
|move|p1b: Gholdengo|Shadow Ball|p2b: Ceruledge
|-activate|p2b: Ceruledge|move: Protect
|move|p1a: Rillaboom|Wood Hammer|p2a: Grimmsnarl
|-damage|p2a: Grimmsnarl|10/100
|-damage|p1a: Rillaboom|72/100|[from] Recoil
|
|-heal|p1b: Gholdengo|81/100|[from] Grassy Terrain
|-heal|p1a: Rillaboom|77/100|[from] Grassy Terrain
|-heal|p2b: Ceruledge|62/100|[from] Grassy Terrain
|-heal|p2b: Ceruledge|68/100|[from] item: Leftovers
|-heal|p2a: Grimmsnarl|16/100|[from] Grassy Terrain
|upkeep
|turn|3
|inactive|Pinoitaliano has 30 seconds left.
|inactive|genetakavic has 30 seconds left.
|inactive|Pinoitaliano has 20 seconds left.
|
|t:|1756223933
|switch|p1b: Maushold|Maushold, L50|100/100
|move|p1a: Rillaboom|Grassy Glide|p2a: Grimmsnarl
|-damage|p2a: Grimmsnarl|0 fnt
|faint|p2a: Grimmsnarl
|move|p2b: Ceruledge|Bitter Blade|p1a: Rillaboom
|-supereffective|p1a: Rillaboom
|-damage|p1a: Rillaboom|0 fnt
|-heal|p2b: Ceruledge|100/100|[from] drain|[of] p1a: Rillaboom
|faint|p1a: Rillaboom
|
|upkeep
|
|t:|1756223947
|switch|p1a: Gholdengo|Gholdengo, L50, tera:Water|81/100
|switch|p2a: Serperior|Serperior, L50, M|100/100
|turn|4
|
|t:|1756223960
|move|p1b: Maushold|Follow Me|p1b: Maushold
|-singleturn|p1b: Maushold|move: Follow Me
|move|p2a: Serperior|Leaf Storm|p1b: Maushold
|-damage|p1b: Maushold|44/100
|-boost|p2a: Serperior|spa|2
|move|p1a: Gholdengo|Make It Rain|p2b: Ceruledge|[spread] p2a,p2b
|-damage|p2a: Serperior|6/100
|-damage|p2b: Ceruledge|41/100
|-unboost|p1a: Gholdengo|spa|1
|move|p2b: Ceruledge|Bitter Blade|p1b: Maushold
|-damage|p1b: Maushold|0 fnt
|-heal|p2b: Ceruledge|63/100|[from] drain|[of] p1b: Maushold
|faint|p1b: Maushold
|
|-heal|p2a: Serperior|12/100|[from] Grassy Terrain
|-heal|p1a: Gholdengo|88/100|[from] Grassy Terrain
|-heal|p2b: Ceruledge|69/100|[from] Grassy Terrain
|-heal|p2b: Ceruledge|75/100|[from] item: Leftovers
|upkeep
|
|t:|1756223970
|switch|p1b: Annihilape|Annihilape, L50, M|100/100
|turn|5
|inactive|Pinoitaliano has 30 seconds left.
|
|t:|1756223996
|move|p2a: Serperior|Protect|p2a: Serperior
|-singleturn|p2a: Serperior|Protect
|move|p2b: Ceruledge|Shadow Sneak|p1b: Annihilape
|-supereffective|p1b: Annihilape
|-damage|p1b: Annihilape|43/100
|-enditem|p1b: Annihilape|Sitrus Berry|[eat]
|-heal|p1b: Annihilape|67/100|[from] item: Sitrus Berry
|move|p1b: Annihilape|Close Combat|p2b: Ceruledge
|-damage|p2b: Ceruledge|37/100
|-unboost|p1b: Annihilape|def|1
|-unboost|p1b: Annihilape|spd|1
|move|p1a: Gholdengo|Make It Rain|p2b: Ceruledge|[spread] p2b
|-activate|p2a: Serperior|move: Protect
|-damage|p2b: Ceruledge|0 fnt
|-unboost|p1a: Gholdengo|spa|1
|faint|p2b: Ceruledge
|
|-heal|p2a: Serperior|18/100|[from] Grassy Terrain
|-heal|p1b: Annihilape|73/100|[from] Grassy Terrain
|-heal|p1a: Gholdengo|94/100|[from] Grassy Terrain
|-fieldend|move: Grassy Terrain
|upkeep
|
|t:|1756224018
|switch|p2b: Indeedee|Indeedee, L50, M|100/100
|-fieldstart|move: Psychic Terrain|[from] ability: Psychic Surge|[of] p2b: Indeedee
|turn|6
|
|t:|1756224027
|move|p2b: Indeedee|Expanding Force|p1a: Gholdengo|[spread] p1a,p1b
|-supereffective|p1b: Annihilape
|-damage|p1a: Gholdengo|34/100
|-damage|p1b: Annihilape|0 fnt
|faint|p1b: Annihilape
|move|p2a: Serperior|Leaf Storm|p1a: Gholdengo
|-supereffective|p1a: Gholdengo
|-damage|p1a: Gholdengo|0 fnt
|-boost|p2a: Serperior|spa|2
|faint|p1a: Gholdengo
|
|win|Pinoitaliano
|inactive|genetakavic has 29 seconds to confirm battle start!
|inactive|Pinoitaliano has 29 seconds to confirm battle start!
||Pinoitaliano is ready for game 2.
||genetakavic is ready for game 2.
|uhtml|next|Next: Game 2 of 3
