|j|☆yeahhhhboiiii
|j|☆Karlye
|html|yeahhhhboiiiiKarlye    
|uhtml|bestof|Game 1 of a best-of-3
|t:|1757672346
|gametype|doubles
|player|p1|yeahhhhboiiii|169|1103
|player|p2|Karlye|hilbert|1130
|gen|9
|tier|[Gen 9] VGC 2025 Reg H (Bo3)
|rated|
|rule|Species Clause: Limit one of each Pokémon
|rule|Item Clause: Limit 1 of each item
|clearpoke
|poke|p1|Dragapult, L50, M|
|poke|p1|Sneasler, L50, M|
|poke|p1|Pelipper, L50, M|
|poke|p1|Archaludon, L50, F|
|poke|p1|Incineroar, L50, F|
|poke|p1|Gholdengo, L50|
|poke|p2|Dragonite, L50, M|
|poke|p2|Ursaluna-Bloodmoon, L50, M|
|poke|p2|Gholdengo, L50|
|poke|p2|Maushold-Four, L50|
|poke|p2|Annihilape, L50, M|
|poke|p2|Rillaboom, L50, M|
|teampreview|4
|showteam|p1|Dragapult||ChoiceBand|ClearBody|DragonDarts,PhantomForce,Uturn,TeraBlast|||M|||50|,,,,,Ghost]Sneasler||FocusSash|Unburden|Protect,Coaching,DireClaw,CloseCombat|||M|||50|,,,,,Dark]Pelipper||CovertCloak|Drizzle|MuddyWater,Hurricane,Tailwind,WideGuard|||M|||50|,,,,,Stellar]Archaludon||AssaultVest|Stamina|ElectroShot,BodyPress,DracoMeteor,FlashCannon|||F|||50|,,,,,Grass]Incineroar||SafetyGoggles|Intimidate|FakeOut,PartingShot,FlareBlitz,KnockOff|||F|||50|,,,,,Ghost]Gholdengo||Leftovers|GoodasGold|MakeItRain,ShadowBall,NastyPlot,Protect||||||50|,,,,,Fairy
|showteam|p2|Dragonite||LoadedDice|Multiscale|ScaleShot,Tailwind,Haze,Protect|||M|||50|,,,,,Fairy]Ursaluna-Bloodmoon||AssaultVest|MindsEye|BloodMoon,EarthPower,HyperVoice,VacuumWave|||M|||50|,,,,,Water]Gholdengo||LifeOrb|GoodasGold|MakeItRain,ShadowBall,NastyPlot,Protect||||||50|,,,,,Dragon]Maushold-Four||FocusSash|FriendGuard|Taunt,FollowMe,BeatUp,Protect||||||50|,,,,,Ghost]Annihilape||SitrusBerry|Defiant|RageFist,DrainPunch,BulkUp,Protect|||M|||50|,,,,,Fire]Rillaboom||MiracleSeed|GrassySurge|WoodHammer,GrassyGlide,HighHorsepower,FakeOut|||M|||50|,,,,,Fire
|inactive|Battle timer is ON: inactive players will automatically lose when time's up. (requested by Karlye)
|inactive|Karlye has 60 seconds left.
|inactive|Karlye has 30 seconds left.
|inactive|Karlye has 20 seconds left.
|
|t:|1757672427
|teamsize|p1|4
|teamsize|p2|4
|start
|switch|p1a: Pelipper|Pelipper, L50, M|100/100
|switch|p1b: Archaludon|Archaludon, L50, F|100/100
|switch|p2a: Dragonite|Dragonite, L50, M|100/100
|switch|p2b: Ursaluna|Ursaluna-Bloodmoon, L50, M|100/100
|-weather|RainDance|[from] ability: Drizzle|[of] p1a: Pelipper
|turn|1
|inactive|Karlye has 30 seconds left.
|inactive|Karlye has 20 seconds left.
|
|t:|1757672463
|move|p1b: Archaludon|Electro Shot||[still]
|-prepare|p1b: Archaludon|Electro Shot
|-boost|p1b: Archaludon|spa|1
|-anim|p1b: Archaludon|Electro Shot|p2a: Dragonite
|-damage|p2a: Dragonite|71/100
|move|p2a: Dragonite|Scale Shot|p1a: Pelipper
|-damage|p1a: Pelipper|81/100
|-damage|p1a: Pelipper|61/100
|-damage|p1a: Pelipper|41/100
|-damage|p1a: Pelipper|20/100
|-hitcount|p1a: Pelipper|4
|-unboost|p2a: Dragonite|def|1
|-boost|p2a: Dragonite|spe|1
|move|p1a: Pelipper|Tailwind|p1a: Pelipper
|-sidestart|p1: yeahhhhboiiii|move: Tailwind
|move|p2b: Ursaluna|Earth Power|p1b: Archaludon
|-supereffective|p1b: Archaludon
|-damage|p1b: Archaludon|5/100
|-ability|p1b: Archaludon|Stamina|boost
|-boost|p1b: Archaludon|def|1
|
|-weather|RainDance|[upkeep]
|upkeep
|turn|2
|inactive|Karlye has 30 seconds left.
|inactive|Karlye has 20 seconds left.
|inactive|Karlye has 15 seconds left.
|inactive|Karlye has 10 seconds left.
|
|t:|1757672513
|-terastallize|p1a: Pelipper|Stellar
|move|p2b: Ursaluna|Vacuum Wave|p1b: Archaludon
|-supereffective|p1b: Archaludon
|-damage|p1b: Archaludon|0 fnt
|faint|p1b: Archaludon
|move|p1a: Pelipper|Hurricane|p2a: Dragonite
|-damage|p2a: Dragonite|0 fnt
|faint|p2a: Dragonite
|
|-weather|RainDance|[upkeep]
|upkeep
|inactive|Karlye has 30 seconds left.
|inactive|Karlye has 20 seconds left.
|inactive|Karlye has 15 seconds left.
|
|t:|1757672555
|switch|p1b: Dragapult|Dragapult, L50, M|100/100
|switch|p2a: Annihilape|Annihilape, L50, M|100/100
|turn|3
|inactive|Karlye has 30 seconds left.
|inactive|Karlye has 20 seconds left.
|inactive|Karlye has 15 seconds left.
|inactive|Karlye has 10 seconds left.
|inactive|Karlye has 5 seconds left.
|
|t:|1757672608
|-terastallize|p2b: Ursaluna|Water
|move|p1b: Dragapult|Phantom Force||[still]
|-prepare|p1b: Dragapult|Phantom Force
|move|p1a: Pelipper|Muddy Water|p2b: Ursaluna|[spread] p2a,p2b
|-resisted|p2b: Ursaluna
|-damage|p2a: Annihilape|43/100
|-damage|p2b: Ursaluna|81/100
|-enditem|p2a: Annihilape|Sitrus Berry|[eat]
|-heal|p2a: Annihilape|68/100|[from] item: Sitrus Berry
|move|p2a: Annihilape|Rage Fist|p1b: Dragapult|[miss]
|-miss|p2a: Annihilape|p1b: Dragapult
|move|p2b: Ursaluna|Hyper Voice|p1a: Pelipper|[spread] p1a
|-miss|p2b: Ursaluna|p1b: Dragapult
|-damage|p1a: Pelipper|0 fnt
|faint|p1a: Pelipper
|
|-weather|RainDance|[upkeep]
|upkeep
|
|t:|1757672616
|switch|p1a: Sneasler|Sneasler, L50, M|100/100
|turn|4
|inactive|Karlye has 30 seconds left.
|inactive|Karlye has 20 seconds left.
|
|t:|1757672652
|move|p1b: Dragapult|Phantom Force|p2a: Annihilape|[from] lockedmove
|-supereffective|p2a: Annihilape
|-damage|p2a: Annihilape|0 fnt
|faint|p2a: Annihilape
|move|p1a: Sneasler|Dire Claw|p2b: Ursaluna
|-damage|p2b: Ursaluna|48/100
|move|p2b: Ursaluna|Blood Moon|p1b: Dragapult
|-damage|p1b: Dragapult|0 fnt
|faint|p1b: Dragapult
|
|-weather|RainDance|[upkeep]
|-sideend|p1: yeahhhhboiiii|move: Tailwind
|upkeep
|
|t:|1757672662
|switch|p2a: Gholdengo|Gholdengo, L50|100/100
|turn|5
|
|t:|1757672677
|move|p1a: Sneasler|Close Combat|p2b: Ursaluna
|-damage|p2b: Ursaluna|0 fnt
|-unboost|p1a: Sneasler|def|1
|-unboost|p1a: Sneasler|spd|1
|faint|p2b: Ursaluna
|move|p2a: Gholdengo|Make It Rain|p1a: Sneasler
|-enditem|p1a: Sneasler|Focus Sash
|-damage|p1a: Sneasler|1/100
|-unboost|p2a: Gholdengo|spa|1
|-damage|p2a: Gholdengo|91/100|[from] item: Life Orb
|
|-weather|none
|upkeep
|turn|6
|
|t:|1757672691
|move|p1a: Sneasler|Close Combat|p2a: Gholdengo
|-immune|p2a: Gholdengo
|move|p2a: Gholdengo|Shadow Ball|p1a: Sneasler
|-damage|p1a: Sneasler|0 fnt
|faint|p1a: Sneasler
|-damage|p2a: Gholdengo|82/100|[from] item: Life Orb
|
|win|Karlye
||yeahhhhboiiii is ready for game 2.
