|badge|p2|bronze|gen9ou|100-6
|uhtml|medal-msg|Curious what those medals under the avatar are? PS now has Ladder Seasons! For more information, check out the thread on Smogon.
|j|☆thebeast4895
|j|☆JackRG1
|html|thebeast4895JackRG1    
|uhtml|bestof|Game 3 of a best-of-3
|t:|1757194981
|gametype|doubles
|player|p1|thebeast4895|2|1029
|player|p2|JackRG1|dawn-gen4pt|1149
|gen|9
|tier|[Gen 9] VGC 2025 Reg H (Bo3)
|rated|
|rule|Species Clause: Limit one of each Pokémon
|rule|Item Clause: Limit 1 of each item
|clearpoke
|poke|p1|Oranguru, L50, F|
|poke|p1|Decidueye-Hisui, L50, M|
|poke|p1|Ursaluna, L50, M|
|poke|p1|Gholdengo, L50|
|poke|p1|Kilowattrel, L50, M|
|poke|p1|Amoonguss, L50, F|
|poke|p2|Excadrill, L50, F|
|poke|p2|Tyranitar, L50, F|
|poke|p2|Gholdengo, L50|
|poke|p2|Indeedee-F, L50, F|
|poke|p2|Volcarona, L50, M|
|poke|p2|Whimsicott, L50, F|
|teampreview|4
|showteam|p1|Oranguru||MentalHerb|Telepathy|Protect,Instruct,TrickRoom,Psychic|||F|||50|,,,,,Normal]Decidueye-Hisui||ExpertBelt|Scrappy|BraveBird,TripleArrows,LeafBlade,Protect|||M|||50|,,,,,Fire]Ursaluna||FlameOrb|Guts|Protect,HeadlongRush,Earthquake,Facade|||M|||50|,,,,,Poison]Gholdengo||LifeOrb|GoodasGold|MakeItRain,ShadowBall,NastyPlot,Protect||||||50|,,,,,Steel]Kilowattrel||FocusSash|VoltAbsorb|Protect,Tailwind,AirSlash,Thunderbolt|||M|||50|,,,,,Ghost]Amoonguss||RockyHelmet|Regenerator|Protect,RagePowder,ClearSmog,Spore|||F|||50|,,,,,Dark
|showteam|p2|Excadrill||FocusSash|SandRush|IronHead,Protect,Earthquake,HighHorsepower|||F|||50|,,,,,Ground]Tyranitar||ClearAmulet|SandStream|RockSlide,Snarl,Protect,LowKick|||F|||50|,,,,,Ghost]Gholdengo||AirBalloon|GoodasGold|MakeItRain,ShadowBall,NastyPlot,Protect||||||50|,,,,,Water]Indeedee-F||SafetyGoggles|PsychicSurge|FollowMe,TrickRoom,Imprison,Psychic|||F|||50|,,,,,Fairy]Volcarona||SitrusBerry|FlameBody|Protect,FieryDance,RagePowder,StruggleBug|||M|||50|,,,,,Fairy]Whimsicott||CovertCloak|Prankster|Taunt,Moonblast,Tailwind,Encore|||F|||50|,,,,,Fairy
|inactive|Battle timer is ON: inactive players will automatically lose when time's up. (requested by JackRG1)
|c|☆thebeast4895|yup scrappy is amazing man
|inactive|thebeast4895 has 60 seconds left.
|
|t:|1757195025
|teamsize|p1|4
|teamsize|p2|4
|start
|switch|p1a: Kilowattrel|Kilowattrel, L50, M|100/100
|switch|p1b: Decidueye|Decidueye-Hisui, L50, M|100/100
|switch|p2a: Indeedee|Indeedee-F, L50, F|100/100
|switch|p2b: Tyranitar|Tyranitar, L50, F|100/100
|-fieldstart|move: Psychic Terrain|[from] ability: Psychic Surge|[of] p2a: Indeedee
|-weather|Sandstorm|[from] ability: Sand Stream|[of] p2b: Tyranitar
|turn|1
|inactive|thebeast4895 has 30 seconds left.
|
|t:|1757195055
|move|p2b: Tyranitar|Protect|p2b: Tyranitar
|-singleturn|p2b: Tyranitar|Protect
|move|p1a: Kilowattrel|Tailwind|p1a: Kilowattrel
|-sidestart|p1: thebeast4895|move: Tailwind
|move|p1b: Decidueye|Triple Arrows|p2b: Tyranitar
|-activate|p2b: Tyranitar|move: Protect
|move|p2a: Indeedee|Psychic|p1b: Decidueye
|-supereffective|p1b: Decidueye
|-damage|p1b: Decidueye|18/100
|
|-weather|Sandstorm|[upkeep]
|-damage|p1a: Kilowattrel|95/100|[from] Sandstorm
|-damage|p1b: Decidueye|12/100|[from] Sandstorm
|upkeep
|turn|2
|
|t:|1757195079
|move|p1b: Decidueye|Protect|p1b: Decidueye
|-singleturn|p1b: Decidueye|Protect
|move|p2a: Indeedee|Follow Me|p2a: Indeedee
|-singleturn|p2a: Indeedee|move: Follow Me
|move|p1a: Kilowattrel|Thunderbolt|p2a: Indeedee
|-damage|p2a: Indeedee|58/100
|move|p2b: Tyranitar|Rock Slide|p1b: Decidueye|[spread] p1a
|-activate|p1b: Decidueye|move: Protect
|-supereffective|p1a: Kilowattrel
|-damage|p1a: Kilowattrel|0 fnt
|faint|p1a: Kilowattrel
|
|-weather|Sandstorm|[upkeep]
|-damage|p1b: Decidueye|6/100|[from] Sandstorm
|upkeep
|
|t:|1757195089
|switch|p1a: Gholdengo|Gholdengo, L50|100/100
|turn|3
|inactive|thebeast4895 has 30 seconds left.
|
|t:|1757195121
|move|p2b: Tyranitar|Protect|p2b: Tyranitar
|-singleturn|p2b: Tyranitar|Protect
|move|p1a: Gholdengo|Nasty Plot|p1a: Gholdengo
|-boost|p1a: Gholdengo|spa|2
|move|p1b: Decidueye|Triple Arrows|p2b: Tyranitar
|-activate|p2b: Tyranitar|move: Protect
|move|p2a: Indeedee|Trick Room|p2a: Indeedee
|-fieldstart|move: Trick Room|[of] p2a: Indeedee
|
|-weather|Sandstorm|[upkeep]
|-damage|p1b: Decidueye|0 fnt|[from] Sandstorm
|faint|p1b: Decidueye
|upkeep
|
|t:|1757195131
|switch|p1b: Ursaluna|Ursaluna, L50, M|100/100
|turn|4
|
|t:|1757195146
|move|p1b: Ursaluna|Protect|p1b: Ursaluna
|-singleturn|p1b: Ursaluna|Protect
|move|p1a: Gholdengo|Protect|p1a: Gholdengo
|-singleturn|p1a: Gholdengo|Protect
|move|p2a: Indeedee|Follow Me|p2a: Indeedee
|-singleturn|p2a: Indeedee|move: Follow Me
|move|p2b: Tyranitar|Snarl|p1b: Ursaluna|[spread] 
|-activate|p1a: Gholdengo|move: Protect
|-activate|p1b: Ursaluna|move: Protect
|
|-weather|Sandstorm|[upkeep]
|-sideend|p1: thebeast4895|move: Tailwind
|-status|p1b: Ursaluna|brn|[from] item: Flame Orb
|upkeep
|turn|5
|inactive|thebeast4895 has 30 seconds left.
|
|t:|1757195180
|-terastallize|p1a: Gholdengo|Steel
|move|p2a: Indeedee|Follow Me|p2a: Indeedee
|-singleturn|p2a: Indeedee|move: Follow Me
|move|p1b: Ursaluna|Facade|p2a: Indeedee
|-damage|p2a: Indeedee|0 fnt
|faint|p2a: Indeedee
|move|p2b: Tyranitar|Snarl|p1b: Ursaluna|[spread] p1a,p1b
|-damage|p1a: Gholdengo|89/100
|-damage|p1b: Ursaluna|92/100 brn
|-unboost|p1a: Gholdengo|spa|1
|-unboost|p1b: Ursaluna|spa|1
|move|p1a: Gholdengo|Make It Rain|p2b: Tyranitar
|-supereffective|p2b: Tyranitar
|-damage|p2b: Tyranitar|0 fnt
|-unboost|p1a: Gholdengo|spa|1
|faint|p2b: Tyranitar
|-damage|p1a: Gholdengo|79/100|[from] item: Life Orb
|
|-weather|none
|-damage|p1b: Ursaluna|87/100 brn|[from] brn
|-fieldend|move: Psychic Terrain
|upkeep
|
|t:|1757195190
|switch|p2b: Gholdengo|Gholdengo, L50|100/100
|switch|p2a: Volcarona|Volcarona, L50, M|100/100
|-item|p2b: Gholdengo|Air Balloon
|turn|6
|inactive|thebeast4895 has 30 seconds left.
|
|t:|1757195221
|move|p2b: Gholdengo|Protect|p2b: Gholdengo
|-singleturn|p2b: Gholdengo|Protect
|move|p2a: Volcarona|Protect|p2a: Volcarona
|-singleturn|p2a: Volcarona|Protect
|move|p1b: Ursaluna|Facade|p2a: Volcarona
|-activate|p2a: Volcarona|move: Protect
|move|p1a: Gholdengo|Make It Rain|p2b: Gholdengo|[spread] 
|-activate|p2a: Volcarona|move: Protect
|-activate|p2b: Gholdengo|move: Protect
|
|-damage|p1b: Ursaluna|81/100 brn|[from] brn
|upkeep
|turn|7
|
|t:|1757195233
|move|p2a: Volcarona|Rage Powder|p2a: Volcarona
|-singleturn|p2a: Volcarona|move: Rage Powder
|move|p1b: Ursaluna|Facade|p2a: Volcarona
|-damage|p2a: Volcarona|0 fnt
|faint|p2a: Volcarona
|move|p1a: Gholdengo|Make It Rain|p2b: Gholdengo
|-resisted|p2b: Gholdengo
|-damage|p2b: Gholdengo|25/100
|-unboost|p1a: Gholdengo|spa|1
|-enditem|p2b: Gholdengo|Air Balloon
|-damage|p1a: Gholdengo|70/100|[from] item: Life Orb
|move|p2b: Gholdengo|Nasty Plot|p2b: Gholdengo
|-boost|p2b: Gholdengo|spa|2
|
|-damage|p1b: Ursaluna|75/100 brn|[from] brn
|-fieldend|move: Trick Room
|upkeep
|turn|8
|inactive|thebeast4895 has 30 seconds left.
|
|t:|1757195259
|move|p2b: Gholdengo|Make It Rain|p1b: Ursaluna|[spread] p1a,p1b
|-resisted|p1a: Gholdengo
|-damage|p1a: Gholdengo|15/100
|-damage|p1b: Ursaluna|0 fnt
|-unboost|p2b: Gholdengo|spa|1
|faint|p1b: Ursaluna
|move|p1a: Gholdengo|Shadow Ball|p2b: Gholdengo
|-supereffective|p2b: Gholdengo
|-damage|p2b: Gholdengo|0 fnt
|faint|p2b: Gholdengo
|-damage|p1a: Gholdengo|5/100|[from] item: Life Orb
|
|win|thebeast4895
|raw|thebeast4895's rating: 1029 → 1076(+47 for winning)
|raw|JackRG1's rating: 1149 → 1116(-33 for losing)
|l|☆JackRG1
|player|p2|
|c|☆thebeast4895|gg
