|j|☆lagv
|j|☆Ethan's Bleakmiss
|html|lagvEthan's Bleakmiss    
|uhtml|bestof|Game 2 of a best-of-3
|t:|1783524317
|gametype|doubles
|player|p1|lagv|1|1056
|player|p2|Ethan's Bleakmiss|unknown|1076
|gen|9
|tier|[Gen 9 Champions] VGC 2026 Reg M-B (Bo3)
|rated|
|rule|Species Clause: Limit one of each Pokémon
|rule|Item Clause: Limit 1 of each item
|clearpoke
|poke|p1|Maushold-Four, L50|
|poke|p1|Garchomp, L50, F|
|poke|p1|Talonflame, L50, M|
|poke|p1|Tyranitar, L50, M|
|poke|p1|Milotic, L50, M|
|poke|p1|Eelektross, L50, F|
|poke|p2|Floette-Eternal, L50, F|
|poke|p2|Froslass, L50, F, shiny|
|poke|p2|Whimsicott, L50, F, shiny|
|poke|p2|Maushold, L50, shiny|
|poke|p2|Sneasler, L50, F, shiny|
|poke|p2|Basculegion, L50, M, shiny|
|teampreview|4
|showteam|p1|Maushold-Four||WideLens|Technician|PopulationBomb,BulletSeed,Encore,Protect|Jolly|||||50|]Garchomp||Garchompite|SandVeil|Earthquake,RockSlide,DragonClaw,Protect|Adamant||F|||50|]Talonflame||FocusSash|GaleWings|BraveBird,Tailwind,Taunt,Protect|Adamant||M|||50|]Tyranitar||SitrusBerry|SandStream|HardPress,RockSlide,KnockOff,Protect|Adamant||M|||50|]Milotic||Leftovers|Competitive|MuddyWater,IcyWind,AlluringVoice,Protect|Calm||M|||50|]Eelektross||Eelektrossite|Levitate|Discharge,GigaDrain,Electroweb,Protect|Modest||F|||50|
|showteam|p2|Floette-Eternal||Floettite|FlowerVeil|Protect,LightofRuin,DazzlingGleam,Moonblast|Timid||F|||50|]Froslass||Froslassite|CursedBody|ShadowBall,AuroraVeil,Blizzard,Protect|Timid||F|||50|]Whimsicott||FocusSash|Prankster|Protect,Moonblast,Tailwind,FakeTears|Timid||F|||50|]Maushold||SitrusBerry|FriendGuard|SuperFang,Protect,FollowMe,Taunt|Bold|||||50|]Sneasler||WhiteHerb|Unburden|CloseCombat,DireClaw,Protect,FakeOut|Adamant||F|||50|]Basculegion||LifeOrb|Adaptability|WaveCrash,Protect,LastRespects,AquaJet|Adamant||M|||50|
|inactive|Battle timer is ON: inactive players will automatically lose when time's up. (requested by Ethan's Bleakmiss)
|
|t:|1783524346
|teamsize|p1|4
|teamsize|p2|4
|start
|switch|p1a: Talonflame|Talonflame, L50, M|100/100
|switch|p1b: Maushold|Maushold-Four, L50|100/100
|switch|p2a: Sneasler|Sneasler, L50, F, shiny|100/100
|switch|p2b: Floette|Floette-Eternal, L50, F|100/100
|turn|1
|inactive|Ethan's Bleakmiss has 30 seconds left.
|
|t:|1783524378
|switch|p2b: Basculegion|Basculegion, L50, M, shiny|100/100
|move|p1b: Maushold|Protect|p1b: Maushold
|-singleturn|p1b: Maushold|Protect
|move|p1a: Talonflame|Protect|p1a: Talonflame
|-singleturn|p1a: Talonflame|Protect
|move|p2a: Sneasler|Fake Out|p1a: Talonflame
|-activate|p1a: Talonflame|move: Protect
|
|upkeep
|turn|2
|inactive|lagv has 30 seconds left.
|
|t:|1783524409
|move|p1a: Talonflame|Tailwind|p1a: Talonflame
|-sidestart|p1: lagv|move: Tailwind
|move|p2b: Basculegion|Aqua Jet|p1a: Talonflame
|-supereffective|p1a: Talonflame|1
|-crit|p1a: Talonflame
|-enditem|p1a: Talonflame|Focus Sash
|-damage|p1a: Talonflame|1/100
|-damage|p2b: Basculegion|90/100|[from] item: Life Orb
|move|p1b: Maushold|Population Bomb|p2a: Sneasler
|-damage|p2a: Sneasler|80/100
|-damage|p2a: Sneasler|61/100
|-damage|p2a: Sneasler|41/100
|-damage|p2a: Sneasler|22/100
|-damage|p2a: Sneasler|4/100
|-damage|p2a: Sneasler|0 fnt
|faint|p2a: Sneasler
|-hitcount|p2: Sneasler|6
|
|upkeep
|
|t:|1783524427
|switch|p2a: Whimsicott|Whimsicott, L50, F, shiny|100/100
|turn|3
|
|t:|1783524443
|move|p2a: Whimsicott|Tailwind|p2a: Whimsicott
|-sidestart|p2: Ethan's Bleakmiss|move: Tailwind
|move|p2b: Basculegion|Aqua Jet|p1a: Talonflame
|-supereffective|p1a: Talonflame|1
|-damage|p1a: Talonflame|0 fnt
|faint|p1a: Talonflame
|-damage|p2b: Basculegion|80/100|[from] item: Life Orb
|move|p1b: Maushold|Population Bomb|p2a: Whimsicott
|-damage|p2a: Whimsicott|82/100
|-damage|p2a: Whimsicott|66/100
|-damage|p2a: Whimsicott|51/100
|-crit|p2a: Whimsicott
|-damage|p2a: Whimsicott|28/100
|-damage|p2a: Whimsicott|10/100
|-damage|p2a: Whimsicott|0 fnt
|faint|p2a: Whimsicott
|-hitcount|p2: Whimsicott|6
|
|upkeep
|
|t:|1783524464
|switch|p2a: Floette|Floette-Eternal, L50, F|100/100
|switch|p1a: Garchomp|Garchomp, L50, F|100/100
|turn|4
|inactive|lagv has 30 seconds left.
|inactive|lagv has 20 seconds left.
|inactive|lagv has 15 seconds left.
|inactive|Ethan's Bleakmiss has 30 seconds left.
|
|t:|1783524511
|move|p1b: Maushold|Protect|p1b: Maushold
|-singleturn|p1b: Maushold|Protect
|move|p2a: Floette|Protect|p2a: Floette
|-singleturn|p2a: Floette|Protect
|move|p1a: Garchomp|Protect|p1a: Garchomp
|-singleturn|p1a: Garchomp|Protect
|move|p2b: Basculegion|Wave Crash|p1b: Maushold
|-activate|p1b: Maushold|move: Protect
|
|upkeep
|turn|5
|
|t:|1783524535
|switch|p1a: Tyranitar|Tyranitar, L50, M|100/100
|-weather|Sandstorm|[from] ability: Sand Stream|[of] p1a: Tyranitar
|detailschange|p2a: Floette|Floette-Mega, L50, F
|-mega|p2a: Floette|Floette|Floettite
|-ability|p2a: Floette|Fairy Aura
|move|p2b: Basculegion|Aqua Jet|p1b: Maushold
|-crit|p1b: Maushold
|-damage|p1b: Maushold|10/100
|-damage|p2b: Basculegion|70/100|[from] item: Life Orb
|move|p1b: Maushold|Population Bomb|p2a: Floette
|-damage|p2a: Floette|85/100
|-damage|p2a: Floette|70/100
|-damage|p2a: Floette|56/100
|-damage|p2a: Floette|41/100
|-damage|p2a: Floette|27/100
|-damage|p2a: Floette|13/100
|-damage|p2a: Floette|0 fnt
|faint|p2a: Floette
|-hitcount|p2: Floette|7
|
|-weather|Sandstorm|[upkeep]
|-damage|p1b: Maushold|4/100|[from] Sandstorm
|-damage|p2b: Basculegion|64/100|[from] Sandstorm
|-sideend|p1: lagv|move: Tailwind
|upkeep
|turn|6
|inactive|lagv has 30 seconds left.
|
|t:|1783524569
|move|p2b: Basculegion|Wave Crash|p1a: Tyranitar
|-supereffective|p1a: Tyranitar|1
|-damage|p1a: Tyranitar|0 fnt
|faint|p1a: Tyranitar
|-damage|p2b: Basculegion|37/100|[from] Recoil
|-damage|p2b: Basculegion|27/100|[from] item: Life Orb
|move|p1b: Maushold|Encore|p2b: Basculegion
|-start|p2b: Basculegion|Encore
|
|-weather|Sandstorm|[upkeep]
|-damage|p2b: Basculegion|21/100|[from] Sandstorm
|-damage|p1b: Maushold|0 fnt|[from] Sandstorm
|faint|p1b: Maushold
|-sideend|p2: Ethan's Bleakmiss|move: Tailwind
|upkeep
|
|t:|1783524585
|switch|p1b: Garchomp|Garchomp, L50, F|100/100
|turn|7
|
|t:|1783524592
|detailschange|p1b: Garchomp|Garchomp-Mega, L50, F
|-mega|p1b: Garchomp|Garchomp|Garchompite
|move|p1b: Garchomp|Dragon Claw|p2b: Basculegion
|-damage|p2b: Basculegion|0 fnt
|faint|p2b: Basculegion
|
|win|lagv
|raw|lagv's rating: 1056 → 1089(+33 for winning)
|raw|Ethan's Bleakmiss's rating: 1076 → 1053(-23 for losing)
