|j|☆helpimbadatthislol
|j|☆Butternut_Cream
|html|helpimbadatthislolButternut_Cream    
|uhtml|bestof|Game 1 of a best-of-3
|t:|1784072147
|gametype|doubles
|player|p1|helpimbadatthislol|rosa|1096
|player|p2|Butternut_Cream|lorelei-gen3|1000
|gen|9
|tier|[Gen 9 Champions] VGC 2026 Reg M-B (Bo3)
|rated|
|rule|Species Clause: Limit one of each Pokémon
|rule|Item Clause: Limit 1 of each item
|clearpoke
|poke|p1|Raichu, L50, M|
|poke|p1|Scizor, L50, M|
|poke|p1|Rotom-Wash, L50|
|poke|p1|Heliolisk, L50, M|
|poke|p1|Dedenne, L50, M|
|poke|p1|Dragonite, L50, M|
|poke|p2|Charizard, L50, M|
|poke|p2|Abomasnow, L50, M|
|poke|p2|Sneasler, L50, F|
|poke|p2|Aerodactyl, L50, M|
|poke|p2|Malamar, L50, F|
|poke|p2|Tauros-Paldea-Aqua, L50, M|
|teampreview|4
|showteam|p1|Raichu||RaichuniteY|LightningRod|ZapCannon,FakeOut,AlluringVoice,FocusBlast|Timid||M|||50|]Scizor||LifeOrb|Technician|BulletPunch,Uturn,CloseCombat,Protect|Adamant||M|||50|]Rotom-Wash||SitrusBerry|Levitate|HydroPump,Discharge,WillOWisp,VoltSwitch|Modest|||||50|]Heliolisk||ExpertBelt|SolarPower|Discharge,Glare,WeatherBall,HyperVoice|Modest||M|||50|]Dedenne||FocusSash|Pickup|Nuzzle,SuperFang,SunnyDay,Thunderbolt|Hasty||M|||50|]Dragonite||ChestoBerry|Multiscale|Rest,DragonClaw,ExtremeSpeed,Tailwind|Adamant||M|||50|
|showteam|p2|Charizard||CharizarditeY|Blaze|HeatWave,SolarBeam,Overheat,Protect|Timid||M|||50|]Abomasnow||Abomasite|SnowWarning|LeafStorm,Blizzard,IceShard,Protect|Modest||M|||50|]Sneasler||WhiteHerb|Unburden|FakeOut,CloseCombat,DireClaw,Protect|Jolly||F|||50|]Aerodactyl||FocusSash|Unnerve|RockSlide,DualWingbeat,WideGuard,Tailwind|Jolly||M|||50|]Malamar||ChoiceScarf|Contrary|Superpower,SkillSwap,DestinyBond,TopsyTurvy|Jolly||F|||50|]Tauros-Paldea-Aqua||SitrusBerry|Intimidate|WaveCrash,AquaJet,CloseCombat,Protect|Adamant||M|||50|
|
|t:|1784072189
|teamsize|p1|4
|teamsize|p2|4
|start
|switch|p1a: Raichu|Raichu, L50, M|100/100
|switch|p1b: Rotom|Rotom-Wash, L50|100/100
|switch|p2a: Sneasler|Sneasler, L50, F|100/100
|switch|p2b: Charizard|Charizard, L50, M|100/100
|turn|1
|
|t:|1784072204
|detailschange|p1a: Raichu|Raichu-Mega-Y, L50, M
|-mega|p1a: Raichu|Raichu|Raichunite Y
|detailschange|p2b: Charizard|Charizard-Mega-Y, L50, M
|-mega|p2b: Charizard|Charizard|Charizardite Y
|-weather|SunnyDay|[from] ability: Drought|[of] p2b: Charizard
|move|p1a: Raichu|Fake Out|p2a: Sneasler
|-crit|p2a: Sneasler
|-damage|p2a: Sneasler|80/100
|cant|p2a: Sneasler|flinch
|move|p2b: Charizard|Solar Beam||[still]
|-prepare|p2b: Charizard|Solar Beam
|-anim|p2b: Charizard|Solar Beam|p1b: Rotom
|-supereffective|p1b: Rotom|1
|-damage|p1b: Rotom|1/100
|-enditem|p1b: Rotom|Sitrus Berry|[eat]
|-heal|p1b: Rotom|25/100|[from] item: Sitrus Berry
|move|p1b: Rotom|Discharge|p2b: Charizard|[spread] p1a,p2a,p2b
|-resisted|p1a: Raichu|1
|-supereffective|p2b: Charizard|1
|-damage|p1a: Raichu|80/100
|-damage|p2a: Sneasler|47/100
|-damage|p2b: Charizard|49/100
|-status|p2a: Sneasler|par
|
|-weather|SunnyDay|[upkeep]
|upkeep
|turn|2
|
|t:|1784072247
|move|p1a: Raichu|Zap Cannon|p2b: Charizard
|-supereffective|p2b: Charizard|1
|-damage|p2b: Charizard|0 fnt
|faint|p2b: Charizard
|move|p1b: Rotom|Discharge|p2a: Sneasler|[spread] p1a,p2a
|-resisted|p1a: Raichu|1
|-crit|p2a: Sneasler
|-damage|p1a: Raichu|59/100
|-damage|p2a: Sneasler|0 fnt
|faint|p2a: Sneasler
|
|-weather|SunnyDay|[upkeep]
|upkeep
|
|t:|1784072254
|switch|p2a: Malamar|Malamar, L50, F|100/100
|switch|p2b: Aerodactyl|Aerodactyl, L50, M|100/100
|-ability|p2b: Aerodactyl|Unnerve
|turn|3
|
|t:|1784072281
|move|p2a: Malamar|Superpower|p1b: Rotom
|-damage|p1b: Rotom|0 fnt
|-boost|p2a: Malamar|atk|1
|-boost|p2a: Malamar|def|1
|faint|p1b: Rotom
|move|p1a: Raichu|Zap Cannon|p2b: Aerodactyl
|-supereffective|p2b: Aerodactyl|1
|-enditem|p2b: Aerodactyl|Focus Sash
|-damage|p2b: Aerodactyl|1/100
|-status|p2b: Aerodactyl|par
|move|p2b: Aerodactyl|Rock Slide|p1a: Raichu
|-damage|p1a: Raichu|0 fnt
|faint|p1a: Raichu
|
|-weather|SunnyDay|[upkeep]
|upkeep
|
|t:|1784072285
|switch|p1a: Scizor|Scizor, L50, M|100/100
|switch|p1b: Dragonite|Dragonite, L50, M|100/100
|turn|4
|
|t:|1784072301
|move|p2a: Malamar|Superpower|p1a: Scizor
|-damage|p1a: Scizor|48/100
|-boost|p2a: Malamar|atk|1
|-boost|p2a: Malamar|def|1
|move|p1b: Dragonite|Dragon Claw|p2a: Malamar
|-damage|p2a: Malamar|71/100
|move|p2b: Aerodactyl|Rock Slide|p1a: Scizor|[spread] p1a,p1b
|-supereffective|p1b: Dragonite|1
|-damage|p1a: Scizor|23/100
|-damage|p1b: Dragonite|76/100
|move|p1a: Scizor|U-turn|p2a: Malamar
|-supereffective|p2a: Malamar|2
|-damage|p2a: Malamar|0 fnt
|faint|p2a: Malamar
|-damage|p1a: Scizor|13/100|[from] item: Life Orb
|
|-weather|SunnyDay|[upkeep]
|upkeep
|turn|5
|
|t:|1784072315
|move|p1b: Dragonite|Extreme Speed|p2b: Aerodactyl
|-resisted|p2b: Aerodactyl|1
|-damage|p2b: Aerodactyl|0 fnt
|faint|p2b: Aerodactyl
|
|win|helpimbadatthislol
