|j|☆Mushroom Hater
|j|☆zaraskadi
|html|Mushroom Haterzaraskadi    
|uhtml|bestof|Game 2 of a best-of-3
|t:|1756870457
|gametype|doubles
|player|p1|Mushroom Hater|dawn|1300
|player|p2|zaraskadi|1|1293
|gen|9
|tier|[Gen 9] VGC 2025 Reg H (Bo3)
|rated|
|rule|Species Clause: Limit one of each Pokémon
|rule|Item Clause: Limit 1 of each item
|clearpoke
|poke|p1|Maushold-Four, L50|
|poke|p1|Dragonite, L50, M|
|poke|p1|Rillaboom, L50, M|
|poke|p1|Annihilape, L50, M|
|poke|p1|Ursaluna-Bloodmoon, L50, M|
|poke|p1|Gholdengo, L50|
|poke|p2|Indeedee, L50, M|
|poke|p2|Sneasler, L50, M|
|poke|p2|Excadrill, L50, F|
|poke|p2|Magmar, L50, M|
|poke|p2|Corviknight, L50, F|
|poke|p2|Tyranitar, L50, M|
|teampreview|4
|showteam|p1|Maushold-Four||FocusSash|FriendGuard|BeatUp,FollowMe,SuperFang,Protect||||||50|,,,,,Ghost]Dragonite||LoadedDice|Multiscale|ScaleShot,ExtremeSpeed,Tailwind,Protect|||M|||50|,,,,,Normal]Rillaboom||MiracleSeed|GrassySurge|GrassyGlide,DrumBeating,HighHorsepower,FakeOut|||M|||50|,,,,,Fire]Annihilape||SafetyGoggles|Defiant|DrainPunch,RageFist,BulkUp,Protect|||M|||50|,,,,,Fire]Ursaluna-Bloodmoon||AssaultVest|MindsEye|HyperVoice,BloodMoon,VacuumWave,EarthPower|||M|||50|,,,,,Water]Gholdengo||LifeOrb|GoodasGold|MakeItRain,ShadowBall,NastyPlot,Protect||||||50|,,,,,Water
|showteam|p2|Indeedee||ChoiceScarf|PsychicSurge|ExpandingForce,TeraBlast,Trick,Protect|||M|||50|,,,,,Psychic]Sneasler||WhiteHerb|Unburden|FakeOut,CloseCombat,DireClaw,Coaching|||M|||50|,,,,,Ghost]Excadrill||FocusSash|SandRush|Earthquake,IronHead,HighHorsepower,Protect|||F|||50|,,,,,Stellar]Magmar||Eviolite|VitalSpirit|HeatWave,FollowMe,WillOWisp,Protect|||M|||50|,,,,,Grass]Corviknight||PsychicSeed|MirrorArmor|BraveBird,PowerTrip,BulkUp,Roost|||F|||50|,,,,,Dragon]Tyranitar||AssaultVest|SandStream|RockSlide,KnockOff,LowKick,TeraBlast|||M|||50|,,,,,Flying
|
|t:|1756870528
|teamsize|p1|4
|teamsize|p2|4
|start
|switch|p1a: Dragonite|Dragonite, L50, M|100/100
|switch|p1b: Ursaluna|Ursaluna-Bloodmoon, L50, M|100/100
|switch|p2a: Magmar|Magmar, L50, M|100/100
|switch|p2b: Sneasler|Sneasler, L50, M|100/100
|turn|1
|
|t:|1756870579
|-terastallize|p1b: Ursaluna|Water
|move|p1a: Dragonite|Protect|p1a: Dragonite
|-singleturn|p1a: Dragonite|Protect
|move|p2b: Sneasler|Close Combat|p1b: Ursaluna
|-damage|p1b: Ursaluna|52/100
|-unboost|p2b: Sneasler|def|1
|-unboost|p2b: Sneasler|spd|1
|-enditem|p2b: Sneasler|White Herb
|-clearnegativeboost|p2b: Sneasler|[silent]
|move|p2a: Magmar|Will-O-Wisp|p1a: Dragonite
|-activate|p1a: Dragonite|move: Protect
|move|p1b: Ursaluna|Blood Moon|p2a: Magmar
|-damage|p2a: Magmar|46/100
|
|upkeep
|turn|2
|inactive|Battle timer is ON: inactive players will automatically lose when time's up. (requested by Mushroom Hater)
|inactive|Mushroom Hater has 60 seconds left.
|
|t:|1756870616
|move|p2b: Sneasler|Dire Claw|p1b: Ursaluna
|-damage|p1b: Ursaluna|22/100
|move|p2a: Magmar|Will-O-Wisp|p1a: Dragonite|[miss]
|-miss|p2a: Magmar|p1a: Dragonite
|move|p1a: Dragonite|Scale Shot|p2b: Sneasler
|-damage|p2b: Sneasler|77/100
|-damage|p2b: Sneasler|50/100
|-damage|p2b: Sneasler|24/100
|-damage|p2b: Sneasler|0 fnt
|faint|p2b: Sneasler
|-hitcount|p2: Sneasler|4
|-unboost|p1a: Dragonite|def|1
|-boost|p1a: Dragonite|spe|1
|move|p1b: Ursaluna|Earth Power|p2a: Magmar
|-supereffective|p2a: Magmar
|-damage|p2a: Magmar|0 fnt
|faint|p2a: Magmar
|
|upkeep
|
|t:|1756870635
|switch|p2b: Tyranitar|Tyranitar, L50, M|100/100
|switch|p2a: Excadrill|Excadrill, L50, F|100/100
|-weather|Sandstorm|[from] ability: Sand Stream|[of] p2b: Tyranitar
|turn|3
|inactive|Mushroom Hater has 30 seconds left.
|inactive|Mushroom Hater has 20 seconds left.
|inactive|Mushroom Hater has 15 seconds left.
|inactive|Mushroom Hater has 10 seconds left.
|
|t:|1756870683
|-terastallize|p2b: Tyranitar|Flying
|move|p1a: Dragonite|Protect|p1a: Dragonite
|-singleturn|p1a: Dragonite|Protect
|move|p1b: Ursaluna|Vacuum Wave|p2a: Excadrill
|-supereffective|p2a: Excadrill
|-damage|p2a: Excadrill|62/100
|move|p2a: Excadrill|Iron Head|p1a: Dragonite
|-activate|p1a: Dragonite|move: Protect
|move|p2b: Tyranitar|Rock Slide|p1b: Ursaluna|[spread] 
|-activate|p1a: Dragonite|move: Protect
|-miss|p2b: Tyranitar|p1b: Ursaluna
|
|-weather|Sandstorm|[upkeep]
|-damage|p1a: Dragonite|95/100|[from] Sandstorm
|-damage|p1b: Ursaluna|16/100|[from] Sandstorm
|-damage|p2b: Tyranitar|95/100|[from] Sandstorm
|upkeep
|turn|4
|inactive|Mushroom Hater has 30 seconds left.
|inactive|zaraskadi has 30 seconds left.
|inactive|zaraskadi has 20 seconds left.
|inactive|zaraskadi has 15 seconds left.
|
|t:|1756870727
|move|p2a: Excadrill|Iron Head|p1a: Dragonite
|-damage|p1a: Dragonite|27/100
|cant|p1a: Dragonite|flinch
|move|p1b: Ursaluna|Blood Moon|p2b: Tyranitar
|-damage|p2b: Tyranitar|54/100
|move|p2b: Tyranitar|Rock Slide|p1b: Ursaluna|[spread] p1b
|-miss|p2b: Tyranitar|p1a: Dragonite
|-damage|p1b: Ursaluna|0 fnt
|faint|p1b: Ursaluna
|
|-weather|Sandstorm|[upkeep]
|-damage|p1a: Dragonite|21/100|[from] Sandstorm
|-damage|p2b: Tyranitar|48/100|[from] Sandstorm
|upkeep
|inactive|Mushroom Hater has 30 seconds left.
|
|t:|1756870760
|switch|p1b: Rillaboom|Rillaboom, L50, M|100/100
|-fieldstart|move: Grassy Terrain|[from] ability: Grassy Surge|[of] p1b: Rillaboom
|turn|5
|inactive|zaraskadi has 30 seconds left.
|
|t:|1756870793
|move|p1b: Rillaboom|Fake Out|p2a: Excadrill
|-resisted|p2a: Excadrill
|-damage|p2a: Excadrill|51/100
|cant|p2a: Excadrill|flinch
|move|p1a: Dragonite|Scale Shot|p2b: Tyranitar
|-damage|p2b: Tyranitar|36/100
|-damage|p2b: Tyranitar|23/100
|-damage|p2b: Tyranitar|12/100
|-crit|p2b: Tyranitar
|-damage|p2b: Tyranitar|0 fnt
|faint|p2b: Tyranitar
|-hitcount|p2: Tyranitar|4
|-unboost|p1a: Dragonite|def|1
|-boost|p1a: Dragonite|spe|1
|
|-weather|Sandstorm|[upkeep]
|-damage|p1a: Dragonite|15/100|[from] Sandstorm
|-damage|p1b: Rillaboom|95/100|[from] Sandstorm
|-heal|p2a: Excadrill|57/100|[from] Grassy Terrain
|-heal|p1b: Rillaboom|100/100|[from] Grassy Terrain
|upkeep
|turn|6
|inactive|zaraskadi has 30 seconds left.
|inactive|zaraskadi has 20 seconds left.
|inactive|zaraskadi has 15 seconds left.
|
|t:|1756870833
|move|p2a: Excadrill|Iron Head|p1b: Rillaboom
|-damage|p1b: Rillaboom|60/100
|move|p1a: Dragonite|Tailwind|p1a: Dragonite
|-sidestart|p1: Mushroom Hater|move: Tailwind
|move|p1b: Rillaboom|Drum Beating|p2a: Excadrill
|-damage|p2a: Excadrill|0 fnt
|faint|p2a: Excadrill
|
|win|Mushroom Hater
|raw|Mushroom Hater's rating: 1300 → 1324(+24 for winning)
|raw|zaraskadi's rating: 1293 → 1269(-24 for losing)
