|j|☆Extroier
|j|☆25th_mang
|html|Extroier25th_mang    
|uhtml|bestof|Game 1 of a best-of-3
|t:|1757126906
|gametype|doubles
|player|p1|Extroier|1|1133
|player|p2|25th_mang|ballguy|1069
|gen|9
|tier|[Gen 9] VGC 2025 Reg H (Bo3)
|rated|
|rule|Species Clause: Limit one of each Pokémon
|rule|Item Clause: Limit 1 of each item
|clearpoke
|poke|p1|Vikavolt, L50, F|
|poke|p1|Meowscarada, L50, M|
|poke|p1|Gliscor, L50, F|
|poke|p1|Tyranitar, L50, F|
|poke|p1|Excadrill, L50, M|
|poke|p1|Conkeldurr, L50, M|
|poke|p2|Pelipper, L50, F|
|poke|p2|Archaludon, L50, F|
|poke|p2|Quaquaval, L50, F|
|poke|p2|Kingambit, L50, F|
|poke|p2|Rillaboom, L50, F|
|poke|p2|Dragapult, L50, F|
|teampreview|4
|showteam|p1|Vikavolt||ChoiceSpecs|Levitate|Discharge,VoltSwitch,Thunderbolt,BugBuzz|||F|||50|,,,,,Fire]Meowscarada||CovertCloak|Protean|FlowerTrick,TrickRoom,Protect,HelpingHand|||M|||50|,,,,,Grass]Gliscor||Leftovers|SandVeil|Protect,Earthquake,KnockOff,SwordsDance|||F|||50|,,,,,Ice]Tyranitar||AssaultVest|SandStream|FirePunch,RockSlide,Outrage,Crunch|||F|||50|,,,,,Ghost]Excadrill||ChoiceBand|SandRush|Earthquake,IronHead,XScissor,TeraBlast|||M|||50|,,,,,Water]Conkeldurr||LifeOrb|SheerForce|CloseCombat,FirePunch,BulkUp,Protect|||M|||50|,,,,,Fighting
|showteam|p2|Pelipper||ChoiceScarf|Drizzle|Hurricane,WeatherBall,Tailwind,Uturn|||F|||50|,,,,,Ghost]Archaludon||ChoiceSpecs|Sturdy|ElectroShot,FlashCannon,DracoMeteor,DragonPulse|||F|||50|,,,,,Electric]Quaquaval||FocusSash|Moxie|AquaStep,UpperHand,CloseCombat,Protect|||F|||50|,,,,,Water]Kingambit||BlackGlasses|Defiant|KowtowCleave,SuckerPunch,IronHead,Protect|||F|||50|,,,,,Dark]Rillaboom||AssaultVest|GrassySurge|FakeOut,WoodHammer,GrassyGlide,Uturn|||F|||50|,,,,,Fire]Dragapult||ChoiceBand|ClearBody|DragonDarts,Outrage,PhantomForce,Uturn|||F|||50|,,,,,Dragon
|inactive|Battle timer is ON: inactive players will automatically lose when time's up. (requested by 25th_mang)
|inactive|25th_mang has 60 seconds left.
|
|t:|1757126962
|teamsize|p1|4
|teamsize|p2|4
|start
|switch|p1a: Tyranitar|Tyranitar, L50, F|100/100
|switch|p1b: Excadrill|Excadrill, L50, M|100/100
|switch|p2a: jeongsachaeng|Dragapult, L50, F, shiny|100/100
|switch|p2b: jihyo|Rillaboom, L50, F, shiny|100/100
|-fieldstart|move: Grassy Terrain|[from] ability: Grassy Surge|[of] p2b: jihyo
|-weather|Sandstorm|[from] ability: Sand Stream|[of] p1a: Tyranitar
|turn|1
|inactive|Extroier has 30 seconds left.
|inactive|25th_mang has 30 seconds left.
|inactive|Extroier has 20 seconds left.
|inactive|25th_mang has 20 seconds left.
|
|t:|1757126998
|switch|p1b: Vikavolt|Vikavolt, L50, F|100/100
|move|p2a: jeongsachaeng|Phantom Force||[still]
|-prepare|p2a: jeongsachaeng|Phantom Force
|move|p2b: jihyo|Wood Hammer|p1b: Vikavolt
|-resisted|p1b: Vikavolt
|-damage|p1b: Vikavolt|60/100
|-damage|p2b: jihyo|88/100|[from] Recoil
|move|p1a: Tyranitar|Rock Slide|p2b: jihyo|[spread] p2b
|-miss|p1a: Tyranitar|p2a: jeongsachaeng
|-damage|p2b: jihyo|58/100
|
|-weather|Sandstorm|[upkeep]
|-damage|p2a: jeongsachaeng|94/100|[from] Sandstorm
|-damage|p2b: jihyo|52/100|[from] Sandstorm
|-damage|p1b: Vikavolt|54/100|[from] Sandstorm
|-heal|p2b: jihyo|58/100|[from] Grassy Terrain
|upkeep
|turn|2
|inactive|Extroier has 30 seconds left.
|inactive|Extroier has 20 seconds left.
|inactive|25th_mang has 30 seconds left.
|inactive|Extroier has 15 seconds left.
|inactive|Extroier has 10 seconds left.
|
|t:|1757127045
|move|p2a: jeongsachaeng|Phantom Force|p1a: Tyranitar|[from] lockedmove
|-resisted|p1a: Tyranitar
|-damage|p1a: Tyranitar|73/100
|move|p2b: jihyo|U-turn|p1a: Tyranitar
|-supereffective|p1a: Tyranitar
|-damage|p1a: Tyranitar|30/100
|
|t:|1757127055
|switch|p2b: dahyun|Pelipper, L50, F|100/100|[from] U-turn
|-weather|RainDance|[from] ability: Drizzle|[of] p2b: dahyun
|move|p1a: Tyranitar|Rock Slide|p2a: jeongsachaeng|[spread] p2a,p2b
|-supereffective|p2b: dahyun
|-damage|p2a: jeongsachaeng|53/100
|-damage|p2b: dahyun|6/100
|move|p1b: Vikavolt|Bug Buzz|p2b: dahyun
|-resisted|p2b: dahyun
|-damage|p2b: dahyun|0 fnt
|faint|p2b: dahyun
|
|-weather|RainDance|[upkeep]
|-heal|p2a: jeongsachaeng|59/100|[from] Grassy Terrain
|-heal|p1a: Tyranitar|36/100|[from] Grassy Terrain
|upkeep
|
|t:|1757127070
|switch|p2b: jihyo|Rillaboom, L50, F, shiny|58/100
|turn|3
|
|t:|1757127084
|switch|p1a: Excadrill|Excadrill, L50, M|100/100
|switch|p1b: Gliscor|Gliscor, L50, F|100/100
|move|p2a: jeongsachaeng|Phantom Force||[still]
|-prepare|p2a: jeongsachaeng|Phantom Force
|move|p2b: jihyo|U-turn|p1b: Gliscor
|-resisted|p1b: Gliscor
|-damage|p1b: Gliscor|88/100
|
|t:|1757127093
|switch|p2b: momo|Quaquaval, L50, F, shiny|100/100|[from] U-turn
|
|-weather|RainDance|[upkeep]
|-heal|p1b: Gliscor|94/100|[from] item: Leftovers
|upkeep
|turn|4
|inactive|Extroier has 30 seconds left.
|
|t:|1757127119
|-terastallize|p2b: momo|Water
|move|p2a: jeongsachaeng|Phantom Force|p1b: Gliscor|[from] lockedmove
|-damage|p1b: Gliscor|24/100
|move|p1b: Gliscor|Knock Off|p2a: jeongsachaeng
|-supereffective|p2a: jeongsachaeng
|-damage|p2a: jeongsachaeng|0 fnt
|-enditem|p2a: jeongsachaeng|Choice Band|[from] move: Knock Off|[of] p1b: Gliscor
|faint|p2a: jeongsachaeng
|move|p2b: momo|Aqua Step|p1b: Gliscor
|-supereffective|p1b: Gliscor
|-crit|p1b: Gliscor
|-damage|p1b: Gliscor|0 fnt
|-boost|p2b: momo|spe|1
|faint|p1b: Gliscor
|-ability|p2b: momo|Moxie|boost
|-boost|p2b: momo|atk|1
|move|p1a: Excadrill|Earthquake|p2b: momo
|-damage|p2b: momo|39/100
|
|-weather|RainDance|[upkeep]
|-heal|p2b: momo|45/100|[from] Grassy Terrain
|upkeep
|
|t:|1757127141
|switch|p2a: jihyo|Rillaboom, L50, F, shiny|58/100
|switch|p1b: Tyranitar|Tyranitar, L50, F|36/100
|-weather|Sandstorm|[from] ability: Sand Stream|[of] p1b: Tyranitar
|turn|5
|
|t:|1757127156
|move|p2a: jihyo|Fake Out|p1a: Excadrill
|-resisted|p1a: Excadrill
|-damage|p1a: Excadrill|90/100
|cant|p1a: Excadrill|flinch
|move|p2b: momo|Aqua Step|p1b: Tyranitar
|-supereffective|p1b: Tyranitar
|-damage|p1b: Tyranitar|0 fnt
|-boost|p2b: momo|spe|1
|faint|p1b: Tyranitar
|-ability|p2b: momo|Moxie|boost
|-boost|p2b: momo|atk|1
|
|-weather|Sandstorm|[upkeep]
|-damage|p2b: momo|39/100|[from] Sandstorm
|-damage|p2a: jihyo|52/100|[from] Sandstorm
|-heal|p2b: momo|45/100|[from] Grassy Terrain
|-heal|p1a: Excadrill|96/100|[from] Grassy Terrain
|-heal|p2a: jihyo|58/100|[from] Grassy Terrain
|-fieldend|move: Grassy Terrain
|upkeep
|
|t:|1757127160
|switch|p1b: Vikavolt|Vikavolt, L50, F|54/100
|turn|6
|
|t:|1757127185
|move|p2b: momo|Aqua Step|p1b: Vikavolt
|-damage|p1b: Vikavolt|0 fnt
|-boost|p2b: momo|spe|1
|faint|p1b: Vikavolt
|-ability|p2b: momo|Moxie|boost
|-boost|p2b: momo|atk|1
|move|p1a: Excadrill|Earthquake|p2a: jihyo|[spread] p2a,p2b
|-resisted|p2a: jihyo
|-damage|p2a: jihyo|26/100
|-damage|p2b: momo|0 fnt
|faint|p2b: momo
|move|p2a: jihyo|Grassy Glide|p1a: Excadrill
|-damage|p1a: Excadrill|56/100
|
|-weather|Sandstorm|[upkeep]
|-damage|p2a: jihyo|20/100|[from] Sandstorm
|upkeep
|turn|7
|
|t:|1757127200
|move|p1a: Excadrill|Earthquake|p2a: jihyo
|-resisted|p2a: jihyo
|-damage|p2a: jihyo|0 fnt
|faint|p2a: jihyo
|
|win|Extroier
|l|☆25th_mang
|player|p2|
||Extroier is ready for game 2.
||25th_mang is ready for game 2.
|uhtml|next|Next: Game 2 of 3
|j|☆25th_mang
|player|p2|25th_mang|ballguy|
|l|☆25th_mang
|player|p2|
|j|☆25th_mang
|player|p2|25th_mang|ballguy|
