|j|☆Victir987
|j|☆ScaryQwQ
|html|Victir987ScaryQwQ    
|uhtml|bestof|Game 2 of a best-of-3
|t:|1785028207
|gametype|doubles
|player|p1|Victir987|cynthia|
|player|p2|ScaryQwQ|265|
|gen|9
|tier|[Gen 9 Champions] VGC 2026 Reg M-B (Bo3)
|rule|Species Clause: Limit one of each Pokémon
|rule|Item Clause: Limit 1 of each item
|clearpoke
|poke|p1|Charizard, L50, F|
|poke|p1|Farigiraf, L50, F|
|poke|p1|Kingambit, L50, F|
|poke|p1|Aerodactyl, L50, M|
|poke|p1|Sylveon, L50, M|
|poke|p1|Garchomp, L50, M|
|poke|p2|Whimsicott, L50, M|
|poke|p2|Ceruledge, L50, M|
|poke|p2|Garchomp, L50, M|
|poke|p2|Gholdengo, L50|
|poke|p2|Kingambit, L50, F|
|poke|p2|Staraptor, L50, F|
|teampreview|4
|showteam|p1|Charizard||CharizarditeY|Blaze|SolarBeam,HeatWave,Protect,WeatherBall|Modest||F|||50|]Farigiraf||SitrusBerry|ArmorTail|PsychicFangs,Thunderbolt,TrickRoom,SunnyDay|Relaxed||F|||50|]Kingambit||FocusSash|Defiant|IronHead,LowKick,SuckerPunch,KowtowCleave|Adamant||F|||50|]Aerodactyl||Aerodactylite|Unnerve|RockSlide,DualWingbeat,IceFang,Tailwind|Jolly||M|||50|]Sylveon||FairyFeather|Pixilate|Detect,QuickAttack,HyperVoice,HyperBeam|Modest||M|||50|]Garchomp||LifeOrb|RoughSkin|Protect,DragonClaw,StompingTantrum,Earthquake|Jolly||M|||50|
|showteam|p2|Whimsicott||FocusSash|Prankster|Moonblast,Tailwind,Charm,Protect|Timid||M|||50|]Ceruledge||ColburBerry|FlashFire|BitterBlade,ShadowSneak,BulkUp,Protect|Adamant||M|||50|]Garchomp||LifeOrb|RoughSkin|Earthquake,RockSlide,DragonClaw,Protect|Jolly||M|||50|]Gholdengo||SpellTag|GoodasGold|MakeItRain,ShadowBall,NastyPlot,Protect|Modest|||||50|]Kingambit||OccaBerry|Defiant|KowtowCleave,SuckerPunch,LowKick,IronHead|Adamant||F|||50|]Staraptor||Staraptite|Intimidate|CloseCombat,Roost,BraveBird,Protect|Jolly||F|||50|
|inactive|Battle timer is ON: inactive players will automatically lose when time's up. (requested by Victir987)
|inactive|ScaryQwQ has 60 seconds left.
|inactive|ScaryQwQ has 30 seconds left.
|inactive|ScaryQwQ has 20 seconds left.
|inactive|ScaryQwQ has 15 seconds left.
|inactive|ScaryQwQ has 10 seconds left.
|
|t:|1785028288
|teamsize|p1|4
|teamsize|p2|4
|start
|switch|p1a: Farigiraf|Farigiraf, L50, F|100/100
|switch|p1b: Sylveon|Sylveon, L50, M|100/100
|switch|p2a: Whimsicott|Whimsicott, L50, M|100/100
|switch|p2b: Gholdengo|Gholdengo, L50|100/100
|turn|1
|inactive|Victir987 has 30 seconds left.
|inactive|ScaryQwQ has 30 seconds left.
|inactive|Victir987 has 20 seconds left.
|inactive|ScaryQwQ has 20 seconds left.
|inactive|Victir987 has 15 seconds left.
|
|t:|1785028328
|switch|p2a: Ceruledge|Ceruledge, L50, M|100/100
|switch|p1b: Charizard|Charizard, L50, F|100/100
|move|p2b: Gholdengo|Nasty Plot|p2b: Gholdengo
|-boost|p2b: Gholdengo|spa|2
|move|p1a: Farigiraf|Trick Room|p1a: Farigiraf
|-fieldstart|move: Trick Room|[of] p1a: Farigiraf
|
|upkeep
|turn|2
|inactive|ScaryQwQ has 30 seconds left.
|inactive|ScaryQwQ has 20 seconds left.
|inactive|ScaryQwQ has 15 seconds left.
|inactive|ScaryQwQ has 10 seconds left.
|inactive|ScaryQwQ has 5 seconds left.
|
|t:|1785028380
|move|p1b: Charizard|Protect|p1b: Charizard
|-singleturn|p1b: Charizard|Protect
|move|p1a: Farigiraf|Thunderbolt|p2a: Ceruledge
|-damage|p2a: Ceruledge|78/100
|move|p2a: Ceruledge|Bitter Blade|p1a: Farigiraf
|-damage|p1a: Farigiraf|60/100
|-heal|p2a: Ceruledge|100/100|[from] drain|[of] p1a: Farigiraf
|move|p2b: Gholdengo|Shadow Ball|p1b: Charizard
|-activate|p1b: Charizard|move: Protect
|
|upkeep
|turn|3
|inactive|ScaryQwQ has 30 seconds left.
|inactive|ScaryQwQ has 20 seconds left.
|inactive|ScaryQwQ has 15 seconds left.
|inactive|ScaryQwQ has 10 seconds left.
|inactive|ScaryQwQ has 5 seconds left.
|
|t:|1785028433
|switch|p1a: Sylveon|Sylveon, L50, M|100/100
|detailschange|p1b: Charizard|Charizard-Mega-Y, L50, F
|-mega|p1b: Charizard|Charizard|Charizardite Y
|-weather|SunnyDay|[from] ability: Drought|[of] p1b: Charizard
|move|p2a: Ceruledge|Bitter Blade|p1b: Charizard
|-resisted|p1b: Charizard|1
|-damage|p1b: Charizard|65/100
|move|p1b: Charizard|Weather Ball|p2b: Gholdengo
|-supereffective|p2b: Gholdengo|1
|-damage|p2b: Gholdengo|0 fnt
|faint|p2b: Gholdengo
|
|-weather|SunnyDay|[upkeep]
|upkeep
|
|t:|1785028448
|switch|p2b: Garchomp|Garchomp, L50, M|100/100
|turn|4
|inactive|ScaryQwQ has 30 seconds left.
|
|t:|1785028481
|move|p2b: Garchomp|Protect|p2b: Garchomp
|-singleturn|p2b: Garchomp|Protect
|move|p1a: Sylveon|Hyper Voice|p2a: Ceruledge|[spread] p2a
|-activate|p2b: Garchomp|move: Protect
|-resisted|p2a: Ceruledge|1
|-damage|p2a: Ceruledge|76/100
|move|p2a: Ceruledge|Bulk Up|p2a: Ceruledge
|-boost|p2a: Ceruledge|atk|1
|-boost|p2a: Ceruledge|def|1
|move|p1b: Charizard|Solar Beam||[still]
|-prepare|p1b: Charizard|Solar Beam
|-anim|p1b: Charizard|Solar Beam|p2b: Garchomp
|-activate|p2b: Garchomp|move: Protect
|
|-weather|SunnyDay|[upkeep]
|upkeep
|turn|5
|inactive|ScaryQwQ has 30 seconds left.
|
|t:|1785028515
|switch|p1b: Farigiraf|Farigiraf, L50, F|60/100
|switch|p2b: Whimsicott|Whimsicott, L50, M|100/100
|move|p1a: Sylveon|Hyper Voice|p2a: Ceruledge|[spread] p2a,p2b
|-resisted|p2a: Ceruledge|1
|-damage|p2a: Ceruledge|54/100
|-damage|p2b: Whimsicott|13/100
|move|p2a: Ceruledge|Bitter Blade|p1a: Sylveon
|-damage|p1a: Sylveon|0 fnt
|-heal|p2a: Ceruledge|100/100|[from] drain|[of] p1a: Sylveon
|faint|p1a: Sylveon
|
|-weather|SunnyDay|[upkeep]
|-fieldend|move: Trick Room
|upkeep
|
|t:|1785028530
|switch|p1a: Kingambit|Kingambit, L50, F|100/100
|turn|6
|
|t:|1785028554
|move|p2b: Whimsicott|Moonblast|p1a: Kingambit
|-damage|p1a: Kingambit|60/100
|move|p2a: Ceruledge|Bitter Blade|p1a: Kingambit
|-supereffective|p1a: Kingambit|1
|-damage|p1a: Kingambit|0 fnt
|faint|p1a: Kingambit
|move|p1b: Farigiraf|Trick Room|p1b: Farigiraf
|-fieldstart|move: Trick Room|[of] p1b: Farigiraf
|
|-weather|SunnyDay|[upkeep]
|upkeep
|
|t:|1785028559
|switch|p1a: Charizard|Charizard-Mega-Y, L50, F|65/100
|turn|7
|
|t:|1785028583
|move|p1b: Farigiraf|Thunderbolt|p2a: Ceruledge
|-damage|p2a: Ceruledge|76/100
|move|p2a: Ceruledge|Bitter Blade|p1b: Farigiraf
|-damage|p1b: Farigiraf|0 fnt
|-heal|p2a: Ceruledge|100/100|[from] drain|[of] p1b: Farigiraf
|faint|p1b: Farigiraf
|move|p1a: Charizard|Solar Beam||[still]
|-prepare|p1a: Charizard|Solar Beam
|-anim|p1a: Charizard|Solar Beam|p2a: Ceruledge
|-resisted|p2a: Ceruledge|1
|-damage|p2a: Ceruledge|77/100
|move|p2b: Whimsicott|Moonblast|p1a: Charizard
|-resisted|p1a: Charizard|1
|-damage|p1a: Charizard|50/100g
|
|-weather|none
|upkeep
|turn|8
|c|☆Victir987|Gg
|c|☆ScaryQwQ|gg
|
|t:|1785028599
|move|p2a: Ceruledge|Shadow Sneak|p1a: Charizard
|-damage|p1a: Charizard|22/100
|move|p1a: Charizard|Heat Wave|p2a: Ceruledge|[spread] p2b
|-start|p2a: Ceruledge|ability: Flash Fire
|-supereffective|p2b: Whimsicott|1
|-damage|p2b: Whimsicott|0 fnt
|faint|p2b: Whimsicott
|
|upkeep
|
|t:|1785028604
|switch|p2b: Garchomp|Garchomp, L50, M|100/100
|turn|9
|
|t:|1785028607
|move|p2a: Ceruledge|Shadow Sneak|p1a: Charizard
|-damage|p1a: Charizard|0 fnt
|faint|p1a: Charizard
|
|win|ScaryQwQ
