|j|☆dycheball
|j|☆SamuelJacksonheehe
|html|dycheballSamuelJacksonheehe    
|uhtml|bestof|Game 2 of a best-of-3
|t:|1756316360
|gametype|doubles
|player|p1|dycheball|cyrus|1321
|player|p2|SamuelJacksonheehe|101|1354
|gen|9
|tier|[Gen 9] VGC 2025 Reg H (Bo3)
|rated|
|rule|Species Clause: Limit one of each Pokémon
|rule|Item Clause: Limit 1 of each item
|clearpoke
|poke|p1|Gholdengo, L50|
|poke|p1|Sneasler, L50, M|
|poke|p1|Rillaboom, L50, M|
|poke|p1|Dragonite, L50, F|
|poke|p1|Ninetales-Alola, L50, F|
|poke|p1|Arcanine-Hisui, L50, F|
|poke|p2|Pelipper, L50, M|
|poke|p2|Archaludon, L50, M|
|poke|p2|Sinistcha, L50|
|poke|p2|Ursaluna, L50, M|
|poke|p2|Dragonite, L50, F|
|poke|p2|Incineroar, L50, F|
|teampreview|4
|showteam|p1|Gholdengo||GrassySeed|GoodasGold|NastyPlot,MakeItRain,ShadowBall,Protect||||||50|,,,,,Water]Sneasler||WhiteHerb|Unburden|CloseCombat,DireClaw,Coaching,Protect|||M|||50|,,,,,Ghost]Rillaboom||AssaultVest|GrassySurge|FakeOut,GrassyGlide,DrumBeating,HighHorsepower|||M|||50|,,,,,Fire]Dragonite||LoadedDice|Multiscale|ScaleShot,StompingTantrum,Haze,Protect|||F|||50|,,,,,Ground]Ninetales-Alola||FocusSash|SnowWarning|Blizzard,IcyWind,Encore,AuroraVeil|||F|||50|,,,,,Ghost]Arcanine-Hisui||ClearAmulet|Intimidate|RockSlide,FlareBlitz,ExtremeSpeed,Protect|||F|||50|,,,,,Water
|showteam|p2|Pelipper||FocusSash|Drizzle|WeatherBall,Hurricane,Tailwind,Protect|||M|||50|,,,,,Stellar]Archaludon||AssaultVest|Stamina|ElectroShot,Snarl,BodyPress,FlashCannon|||M|||50|,,,,,Fighting]Sinistcha||SitrusBerry|Hospitality|RagePowder,MatchaGotcha,LifeDew,TrickRoom||||||50|,,,,,Dark]Ursaluna||FlameOrb|Guts|Facade,HeadlongRush,Earthquake,Protect|||M|||50|,,,,,Ghost]Dragonite||LoadedDice|Multiscale|ScaleShot,Tailwind,Haze,Protect|||F|||50|,,,,,Fairy]Incineroar||SafetyGoggles|Intimidate|FakeOut,KnockOff,Taunt,PartingShot|||F|||50|,,,,,Ghost
|inactive|Battle timer is ON: inactive players will automatically lose when time's up. (requested by dycheball)
|inactive|dycheball has 60 seconds left.
|inactive|dycheball has 30 seconds left.
|inactive|dycheball has 20 seconds left.
|inactive|dycheball has 15 seconds left.
|inactive|dycheball has 10 seconds left.
|inactive|dycheball has 5 seconds left.
|
|t:|1756316446
|teamsize|p1|4
|teamsize|p2|4
|start
|switch|p1a: Ninetales|Ninetales-Alola, L50, F, shiny|100/100
|switch|p1b: Sneasler|Sneasler, L50, M|100/100
|switch|p2a: Sinistcha|Sinistcha, L50|100/100
|switch|p2b: Incineroar|Incineroar, L50, F|100/100
|-weather|Snowscape|[from] ability: Snow Warning|[of] p1a: Ninetales
|-ability|p2b: Incineroar|Intimidate|boost
|-unboost|p1a: Ninetales|atk|1
|-unboost|p1b: Sneasler|atk|1
|-enditem|p1b: Sneasler|White Herb
|-clearnegativeboost|p1b: Sneasler|[silent]
|turn|1
|inactive|SamuelJacksonheehe has 30 seconds left.
|inactive|SamuelJacksonheehe has 20 seconds left.
|
|t:|1756316481
|switch|p2a: Pelipper|Pelipper, L50, M|100/100
|-weather|RainDance|[from] ability: Drizzle|[of] p2a: Pelipper
|-terastallize|p2b: Incineroar|Ghost
|move|p1b: Sneasler|Close Combat|p2b: Incineroar
|-immune|p2b: Incineroar
|move|p1a: Ninetales|Aurora Veil||[still]
|-fail|p1a: Ninetales
|move|p2b: Incineroar|Parting Shot|p1b: Sneasler
|-unboost|p1b: Sneasler|atk|1
|-unboost|p1b: Sneasler|spa|1
|
|t:|1756316493
|switch|p2b: Ursaluna|Ursaluna, L50, M|100/100|[from] Parting Shot
|
|-weather|RainDance|[upkeep]
|-status|p2b: Ursaluna|brn|[from] item: Flame Orb
|upkeep
|turn|2
|
|t:|1756316509
|move|p2b: Ursaluna|Protect|p2b: Ursaluna
|-singleturn|p2b: Ursaluna|Protect
|move|p1b: Sneasler|Close Combat|p2b: Ursaluna
|-activate|p2b: Ursaluna|move: Protect
|move|p1a: Ninetales|Icy Wind|p2a: Pelipper|[spread] p2a
|-activate|p2b: Ursaluna|move: Protect
|-damage|p2a: Pelipper|69/100
|-unboost|p2a: Pelipper|spe|1
|move|p2a: Pelipper|Tailwind|p2a: Pelipper
|-sidestart|p2: SamuelJacksonheehe|move: Tailwind
|
|-weather|RainDance|[upkeep]
|-damage|p2b: Ursaluna|95/100 brn|[from] brn
|upkeep
|turn|3
|
|t:|1756316534
|move|p1b: Sneasler|Protect|p1b: Sneasler
|-singleturn|p1b: Sneasler|Protect
|move|p2b: Ursaluna|Earthquake|p1b: Sneasler|[spread] p1a
|-activate|p1b: Sneasler|move: Protect
|-immune|p2a: Pelipper
|-damage|p1a: Ninetales|4/100
|move|p1a: Ninetales|Encore|p2a: Pelipper
|-start|p2a: Pelipper|Encore
|move|p2a: Pelipper|Tailwind||[still]
|-fail|p2a: Pelipper
|
|-weather|RainDance|[upkeep]
|-damage|p2b: Ursaluna|89/100 brn|[from] brn
|upkeep
|turn|4
|inactive|SamuelJacksonheehe has 30 seconds left.
|inactive|SamuelJacksonheehe has 20 seconds left.
|
|t:|1756316572
|switch|p1a: Rillaboom|Rillaboom, L50, M|100/100
|-fieldstart|move: Grassy Terrain|[from] ability: Grassy Surge|[of] p1a: Rillaboom
|switch|p2a: Sinistcha|Sinistcha, L50|100/100
|-heal|p2b: Ursaluna|100/100 brn|[from] ability: Hospitality|[of] p2a: Sinistcha
|move|p1b: Sneasler|Close Combat|p2b: Ursaluna
|-supereffective|p2b: Ursaluna
|-damage|p2b: Ursaluna|33/100 brn
|-unboost|p1b: Sneasler|def|1
|-unboost|p1b: Sneasler|spd|1
|move|p2b: Ursaluna|Earthquake|p1b: Sneasler|[spread] p2a,p1a,p1b
|-resisted|p2a: Sinistcha
|-resisted|p1a: Rillaboom
|-supereffective|p1b: Sneasler
|-damage|p2a: Sinistcha|87/100
|-damage|p1a: Rillaboom|85/100
|-damage|p1b: Sneasler|0 fnt
|faint|p1b: Sneasler
|
|-weather|RainDance|[upkeep]
|-heal|p2a: Sinistcha|94/100|[from] Grassy Terrain
|-heal|p2b: Ursaluna|39/100 brn|[from] Grassy Terrain
|-heal|p1a: Rillaboom|90/100|[from] Grassy Terrain
|-damage|p2b: Ursaluna|33/100 brn|[from] brn
|upkeep
|
|t:|1756316596
|switch|p1b: Gholdengo|Gholdengo, L50|100/100
|-enditem|p1b: Gholdengo|Grassy Seed
|-boost|p1b: Gholdengo|def|1|[from] item: Grassy Seed
|turn|5
|inactive|dycheball has 30 seconds left.
|inactive|SamuelJacksonheehe has 30 seconds left.
|inactive|dycheball has 20 seconds left.
|inactive|dycheball has 15 seconds left.
|inactive|dycheball has 10 seconds left.
|
|t:|1756316644
|switch|p2b: Incineroar|Incineroar, L50, F, tera:Ghost|100/100
|-ability|p2b: Incineroar|Intimidate|boost
|-unboost|p1a: Rillaboom|atk|1
|-unboost|p1b: Gholdengo|atk|1
|move|p1a: Rillaboom|Fake Out|p2b: Incineroar
|-immune|p2b: Incineroar
|move|p1b: Gholdengo|Nasty Plot|p1b: Gholdengo
|-boost|p1b: Gholdengo|spa|2
|move|p2a: Sinistcha|Trick Room|p2a: Sinistcha
|-fieldstart|move: Trick Room|[of] p2a: Sinistcha
|
|-weather|none
|-heal|p1a: Rillaboom|96/100|[from] Grassy Terrain
|-heal|p2a: Sinistcha|99/100|[from] Grassy Terrain
|-sideend|p2: SamuelJacksonheehe|move: Tailwind
|upkeep
|turn|6
|inactive|dycheball has 30 seconds left.
|inactive|dycheball has 20 seconds left.
|inactive|dycheball has 15 seconds left.
|
|t:|1756316689
|switch|p1a: Ninetales|Ninetales-Alola, L50, F, shiny|4/100
|-weather|Snowscape|[from] ability: Snow Warning|[of] p1a: Ninetales
|move|p2b: Incineroar|Knock Off|p1b: Gholdengo
|-supereffective|p1b: Gholdengo
|-damage|p1b: Gholdengo|63/100
|move|p2a: Sinistcha|Matcha Gotcha|p1a: Ninetales|[spread] p1a,p1b
|-resisted|p1b: Gholdengo
|-damage|p1a: Ninetales|0 fnt
|-heal|p2a: Sinistcha|100/100|[from] drain|[of] p1a: Ninetales
|-damage|p1b: Gholdengo|47/100
|faint|p1a: Ninetales
|move|p1b: Gholdengo|Shadow Ball|p2b: Incineroar
|-supereffective|p2b: Incineroar
|-damage|p2b: Incineroar|0 fnt
|faint|p2b: Incineroar
|
|-weather|Snowscape|[upkeep]
|-heal|p1b: Gholdengo|54/100|[from] Grassy Terrain
|upkeep
|
|t:|1756316712
|switch|p2b: Pelipper|Pelipper, L50, M|69/100
|switch|p1a: Rillaboom|Rillaboom, L50, M|96/100
|-weather|RainDance|[from] ability: Drizzle|[of] p2b: Pelipper
|turn|7
|
|t:|1756316732
|move|p2b: Pelipper|Protect|p2b: Pelipper
|-singleturn|p2b: Pelipper|Protect
|move|p1a: Rillaboom|Fake Out|p2b: Pelipper
|-activate|p2b: Pelipper|move: Protect
|move|p2a: Sinistcha|Life Dew||[still]|[spread] p2a,p2b
|-fail|p2a: Sinistcha|heal
|-heal|p2b: Pelipper|95/100
|move|p1b: Gholdengo|Make It Rain|p2b: Pelipper|[spread] p2a
|-activate|p2b: Pelipper|move: Protect
|-damage|p2a: Sinistcha|24/100
|-unboost|p1b: Gholdengo|spa|1
|-enditem|p2a: Sinistcha|Sitrus Berry|[eat]
|-heal|p2a: Sinistcha|49/100|[from] item: Sitrus Berry
|
|-weather|RainDance|[upkeep]
|-heal|p2a: Sinistcha|55/100|[from] Grassy Terrain
|-heal|p1b: Gholdengo|60/100|[from] Grassy Terrain
|-heal|p1a: Rillaboom|100/100|[from] Grassy Terrain
|upkeep
|turn|8
|inactive|dycheball has 30 seconds left.
|
|t:|1756316759
|move|p1b: Gholdengo|Protect|p1b: Gholdengo
|-singleturn|p1b: Gholdengo|Protect
|move|p1a: Rillaboom|Grassy Glide|p2b: Pelipper
|-damage|p2b: Pelipper|54/100
|move|p2a: Sinistcha|Life Dew|p2a: Sinistcha|[spread] p2a,p2b
|-heal|p2a: Sinistcha|80/100
|-heal|p2b: Pelipper|79/100
|move|p2b: Pelipper|Weather Ball|p1b: Gholdengo
|-activate|p1b: Gholdengo|move: Protect
|
|-weather|RainDance|[upkeep]
|-heal|p2a: Sinistcha|86/100|[from] Grassy Terrain
|-heal|p1b: Gholdengo|66/100|[from] Grassy Terrain
|-fieldend|move: Grassy Terrain
|upkeep
|turn|9
|inactive|dycheball has 30 seconds left.
|
|t:|1756316794
|-terastallize|p1b: Gholdengo|Water
|move|p2a: Sinistcha|Life Dew|p2a: Sinistcha|[spread] p2a,p2b
|-heal|p2a: Sinistcha|100/100
|-heal|p2b: Pelipper|100/100
|move|p2b: Pelipper|Weather Ball|p1b: Gholdengo
|-resisted|p1b: Gholdengo
|-damage|p1b: Gholdengo|34/100
|move|p1b: Gholdengo|Shadow Ball|p2a: Sinistcha
|-supereffective|p2a: Sinistcha
|-damage|p2a: Sinistcha|0 fnt
|faint|p2a: Sinistcha
|move|p1a: Rillaboom|Drum Beating|p2b: Pelipper
|-damage|p2b: Pelipper|54/100
|-unboost|p2b: Pelipper|spe|1
|
|-weather|RainDance|[upkeep]
|-fieldend|move: Trick Room
|upkeep
|c|☆SamuelJacksonheehe|gg
|c|☆SamuelJacksonheehe|i played bad this game
|inactive|SamuelJacksonheehe has 30 seconds left.
|c|☆SamuelJacksonheehe|i forgot you had still tera
|
|t:|1756316826
|switch|p2a: Ursaluna|Ursaluna, L50, M|33/100 brn
|turn|10
|
|t:|1756316837
|move|p2a: Ursaluna|Protect|p2a: Ursaluna
|-singleturn|p2a: Ursaluna|Protect
|move|p1a: Rillaboom|Drum Beating|p2a: Ursaluna
|-activate|p2a: Ursaluna|move: Protect
|move|p1b: Gholdengo|Shadow Ball|p2b: Pelipper
|-damage|p2b: Pelipper|0 fnt
|faint|p2b: Pelipper
|
|-weather|RainDance|[upkeep]
|-damage|p2a: Ursaluna|27/100 brn|[from] brn
|upkeep
|turn|11
|-message|SamuelJacksonheehe forfeited.
|raw|dycheball's rating: 1321 → 1343(+22 for winning)
|raw|SamuelJacksonheehe's rating: 1354 → 1332(-22 for losing)
|
|win|dycheball
|l|☆SamuelJacksonheehe
|player|p2|
