|j|☆indigo dye
|j|☆eyspartan
|html|indigo dyeeyspartan    
|uhtml|bestof|Game 3 of a best-of-3
|t:|1755651594
|gametype|doubles
|player|p1|indigo dye|170|1303
|player|p2|eyspartan|170|1289
|gen|9
|tier|[Gen 9] VGC 2025 Reg H (Bo3)
|rated|
|rule|Species Clause: Limit one of each Pokémon
|rule|Item Clause: Limit 1 of each item
|clearpoke
|poke|p1|Gholdengo, L50|
|poke|p1|Sneasler, L50, M|
|poke|p1|Rillaboom, L50, F|
|poke|p1|Dragonite, L50, M|
|poke|p1|Ninetales-Alola, L50, F|
|poke|p1|Arcanine-Hisui, L50, F|
|poke|p2|Dragapult, L50, F|
|poke|p2|Electabuzz, L50, F|
|poke|p2|Rillaboom, L50, F|
|poke|p2|Ursaluna-Bloodmoon, L50, M|
|poke|p2|Whimsicott, L50, F|
|poke|p2|Incineroar, L50, F|
|teampreview|4
|showteam|p1|Gholdengo||GrassySeed|GoodasGold|NastyPlot,MakeItRain,ShadowBall,Protect||||||50|,,,,,Water]Sneasler||WhiteHerb|Unburden|CloseCombat,DireClaw,Coaching,Protect|||M|||50|,,,,,Ghost]Rillaboom||AssaultVest|GrassySurge|FakeOut,GrassyGlide,DrumBeating,HighHorsepower|||F|||50|,,,,,Fire]Dragonite||LoadedDice|Multiscale|ScaleShot,StompingTantrum,Tailwind,Protect|||M|||50|,,,,,Ground]Ninetales-Alola||FocusSash|SnowWarning|Blizzard,IcyWind,Encore,AuroraVeil|||F|||50|,,,,,Ghost]Arcanine-Hisui||ClearAmulet|Intimidate|RockSlide,FlareBlitz,ExtremeSpeed,Protect|||F|||50|,,,,,Water
|showteam|p2|Dragapult||ChoiceBand|ClearBody|DragonDarts,Outrage,PhantomForce,Uturn|||F|||50|,,,,,Dragon]Electabuzz||Eviolite|VitalSpirit|FollowMe,Protect,Electroweb,Taunt|||F|||50|,,,,,Dragon]Rillaboom||AssaultVest|GrassySurge|FakeOut,GrassyGlide,WoodHammer,Uturn|||F|||50|,,,,,Water]Ursaluna-Bloodmoon||LifeOrb|MindsEye|Protect,HyperVoice,EarthPower,BloodMoon|||M|||50|,,,,,Normal]Whimsicott||FocusSash|Prankster|Protect,Encore,Moonblast,Tailwind|||F|||50|,,,,,Ghost]Incineroar||SafetyGoggles|Intimidate|FakeOut,FlareBlitz,KnockOff,PartingShot|||F|||50|,,,,,Ghost
|inactive|Battle timer is ON: inactive players will automatically lose when time's up. (requested by eyspartan)
|
|t:|1755651616
|teamsize|p1|4
|teamsize|p2|4
|start
|switch|p1a: Dragonite|Dragonite, L50, M|100/100
|switch|p1b: Ninetales|Ninetales-Alola, L50, F|100/100
|switch|p2a: Incineroar|Incineroar, L50, F|100/100
|switch|p2b: Ursaluna|Ursaluna-Bloodmoon, L50, M|100/100
|-weather|Snowscape|[from] ability: Snow Warning|[of] p1b: Ninetales
|-ability|p2a: Incineroar|Intimidate|boost
|-unboost|p1a: Dragonite|atk|1
|-unboost|p1b: Ninetales|atk|1
|turn|1
|
|t:|1755651637
|switch|p1a: Gholdengo|Gholdengo, L50|100/100
|-terastallize|p1b: Ninetales|Ghost
|move|p2b: Ursaluna|Protect|p2b: Ursaluna
|-singleturn|p2b: Ursaluna|Protect
|move|p1b: Ninetales|Aurora Veil|p1b: Ninetales
|-sidestart|p1: indigo dye|move: Aurora Veil
|move|p2a: Incineroar|Parting Shot|p1a: Gholdengo
|-immune|p1a: Gholdengo|[from] ability: Good as Gold
|
|-weather|Snowscape|[upkeep]
|upkeep
|turn|2
|inactive|eyspartan has 30 seconds left.
|
|t:|1755651664
|-terastallize|p2b: Ursaluna|Normal
|move|p1b: Ninetales|Encore|p2b: Ursaluna
|-start|p2b: Ursaluna|Encore
|move|p1a: Gholdengo|Nasty Plot|p1a: Gholdengo
|-boost|p1a: Gholdengo|spa|2
|move|p2b: Ursaluna|Protect||[still]
|-fail|p2b: Ursaluna
|move|p2a: Incineroar|Flare Blitz|p1a: Gholdengo
|-supereffective|p1a: Gholdengo
|-damage|p1a: Gholdengo|38/100
|-damage|p2a: Incineroar|81/100|[from] Recoil
|
|-weather|Snowscape|[upkeep]
|upkeep
|turn|3
|
|t:|1755651679
|switch|p1b: Rillaboom|Rillaboom, L50, F|100/100
|-fieldstart|move: Grassy Terrain|[from] ability: Grassy Surge|[of] p1b: Rillaboom
|-enditem|p1a: Gholdengo|Grassy Seed
|-boost|p1a: Gholdengo|def|1|[from] item: Grassy Seed
|switch|p2b: Whimsicott|Whimsicott, L50, F|100/100
|move|p1a: Gholdengo|Protect|p1a: Gholdengo
|-singleturn|p1a: Gholdengo|Protect
|move|p2a: Incineroar|Flare Blitz|p1a: Gholdengo
|-activate|p1a: Gholdengo|move: Protect
|
|-weather|Snowscape|[upkeep]
|-heal|p1a: Gholdengo|44/100|[from] Grassy Terrain
|-heal|p2a: Incineroar|87/100|[from] Grassy Terrain
|upkeep
|turn|4
|
|t:|1755651700
|move|p1b: Rillaboom|Fake Out|p2a: Incineroar
|-damage|p2a: Incineroar|75/100
|move|p2b: Whimsicott|Tailwind|p2b: Whimsicott
|-sidestart|p2: eyspartan|move: Tailwind
|cant|p2a: Incineroar|flinch
|move|p1a: Gholdengo|Make It Rain|p2b: Whimsicott|[spread] p2a,p2b
|-resisted|p2a: Incineroar
|-supereffective|p2b: Whimsicott
|-damage|p2a: Incineroar|44/100
|-enditem|p2b: Whimsicott|Focus Sash
|-damage|p2b: Whimsicott|1/100
|-unboost|p1a: Gholdengo|spa|1
|
|-weather|Snowscape|[upkeep]
|-heal|p2b: Whimsicott|7/100|[from] Grassy Terrain
|-heal|p2a: Incineroar|50/100|[from] Grassy Terrain
|-heal|p1a: Gholdengo|50/100|[from] Grassy Terrain
|upkeep
|turn|5
|
|t:|1755651716
|switch|p2b: Dragapult|Dragapult, L50, F|100/100
|switch|p1b: Dragonite|Dragonite, L50, M|100/100
|move|p2a: Incineroar|Flare Blitz|p1a: Gholdengo
|-supereffective|p1a: Gholdengo
|-damage|p1a: Gholdengo|13/100
|-damage|p2a: Incineroar|38/100|[from] Recoil
|move|p1a: Gholdengo|Make It Rain|p2b: Dragapult|[spread] p2a,p2b
|-resisted|p2a: Incineroar
|-damage|p2a: Incineroar|17/100
|-damage|p2b: Dragapult|14/100
|-unboost|p1a: Gholdengo|spa|1
|
|-weather|none
|-heal|p2b: Dragapult|20/100|[from] Grassy Terrain
|-heal|p2a: Incineroar|23/100|[from] Grassy Terrain
|-heal|p1a: Gholdengo|19/100|[from] Grassy Terrain
|-sideend|p1: indigo dye|move: Aurora Veil
|upkeep
|turn|6
|inactive|eyspartan has 30 seconds left.
|
|t:|1755651749
|move|p2b: Dragapult|Dragon Darts|p1a: Gholdengo
|-resisted|p1a: Gholdengo
|-damage|p1a: Gholdengo|6/100
|-anim|p2b: Dragapult|Dragon Darts|p1b: Dragonite
|-supereffective|p1b: Dragonite
|-damage|p1b: Dragonite|55/100
|move|p2a: Incineroar|Parting Shot|p1b: Dragonite
|-unboost|p1b: Dragonite|atk|1
|-unboost|p1b: Dragonite|spa|1
|
|t:|1755651759
|switch|p2a: Whimsicott|Whimsicott, L50, F|7/100|[from] Parting Shot
|move|p1a: Gholdengo|Make It Rain|p2b: Dragapult|[spread] p2a,p2b
|-supereffective|p2a: Whimsicott
|-damage|p2a: Whimsicott|0 fnt
|-damage|p2b: Dragapult|0 fnt
|-unboost|p1a: Gholdengo|spa|1
|faint|p2a: Whimsicott
|faint|p2b: Dragapult
|move|p1b: Dragonite|Scale Shot|p2: Whimsicott|[notarget]
|-fail|p1b: Dragonite
|
|-heal|p1a: Gholdengo|12/100|[from] Grassy Terrain
|upkeep
|
|t:|1755651761
|switch|p2b: Incineroar|Incineroar, L50, F|23/100
|switch|p2a: Ursaluna|Ursaluna-Bloodmoon, L50, M, tera:Normal|100/100
|-ability|p2b: Incineroar|Intimidate|boost
|-unboost|p1a: Gholdengo|atk|1
|-unboost|p1b: Dragonite|atk|1
|turn|7
|-message|eyspartan forfeited.
|
|win|indigo dye
|raw|indigo dye's rating: 1303 → 1322(+19 for winning)
|raw|eyspartan's rating: 1289 → 1265(-24 for losing)
|l|☆eyspartan
|player|p2|
