|j|☆is_katabo
|j|☆perenniumfalcon
|html|is_kataboperenniumfalcon    
|uhtml|bestof|Game 2 of a best-of-3
|t:|1754591934
|gametype|doubles
|player|p1|is_katabo|caitlin|1162
|player|p2|perenniumfalcon|265|1209
|gen|9
|tier|[Gen 9] VGC 2025 Reg H (Bo3)
|rated|
|rule|Species Clause: Limit one of each Pokémon
|rule|Item Clause: Limit 1 of each item
|clearpoke
|poke|p1|Incineroar, L50, F|
|poke|p1|Sneasler, L50, F|
|poke|p1|Dragonite, L50, F|
|poke|p1|Ursaluna-Bloodmoon, L50, M|
|poke|p1|Porygon2, L50|
|poke|p1|Amoonguss, L50, F|
|poke|p2|Kingambit, L50, F|
|poke|p2|Primarina, L50, F|
|poke|p2|Sneasler, L50, F|
|poke|p2|Magmar, L50, F|
|poke|p2|Rillaboom, L50, F|
|poke|p2|Dragapult, L50, M|
|teampreview|4
|showteam|p1|Incineroar||SafetyGoggles|Intimidate|FakeOut,KnockOff,FlareBlitz,PartingShot|||F|||50|,,,,,Ghost]Sneasler||FocusSash|PoisonTouch|DireClaw,CloseCombat,ThroatChop,Protect|||F|||50|,,,,,Stellar]Dragonite||LoadedDice|Multiscale|ScaleShot,StompingTantrum,Haze,Protect|||F|||50|,,,,,Steel]Ursaluna-Bloodmoon||AssaultVest|MindsEye|BloodMoon,HyperVoice,EarthPower,VacuumWave|||M|||50|,,,,,Ghost]Porygon2||Eviolite|Download|TeraBlast,IceBeam,Recover,TrickRoom||||||50|,,,,,Fighting]Amoonguss||SitrusBerry|Regenerator|PollenPuff,RagePowder,Spore,Protect|||F|||50|,,,,,Water
|showteam|p2|Kingambit||BlackGlasses|Defiant|KowtowCleave,SuckerPunch,SwordsDance,Protect|||F|||50|,,,,,Dark]Primarina||SitrusBerry|LiquidVoice|HyperVoice,Moonblast,Haze,Protect|||F|||50|,,,,,Poison]Sneasler||FocusSash|PoisonTouch|CloseCombat,DireClaw,FakeOut,Protect|||F|||50|,,,,,Ghost]Magmar||Eviolite|VitalSpirit|Overheat,WillOWisp,FollowMe,Protect|||F|||50|,,,,,Ghost]Rillaboom||AssaultVest|GrassySurge|WoodHammer,GrassyGlide,HighHorsepower,FakeOut|||F|||50|,,,,,Fire]Dragapult||ChoiceBand|ClearBody|DragonDarts,PhantomForce,Outrage,Uturn|||M|||50|,,,,,Dragon
|
|t:|1754591963
|teamsize|p1|4
|teamsize|p2|4
|start
|switch|p1a: claws|Sneasler, L50, F|100/100
|switch|p1b: moneymachine|Incineroar, L50, F, shiny|100/100
|switch|p2a: Magmar|Magmar, L50, F|100/100
|switch|p2b: Primarina|Primarina, L50, F|100/100
|-ability|p1b: moneymachine|Intimidate|boost
|-unboost|p2a: Magmar|atk|1
|-unboost|p2b: Primarina|atk|1
|turn|1
|
|t:|1754592000
|move|p2a: Magmar|Protect|p2a: Magmar
|-singleturn|p2a: Magmar|Protect
|move|p2b: Primarina|Protect|p2b: Primarina
|-singleturn|p2b: Primarina|Protect
|move|p1a: claws|Dire Claw|p2a: Magmar
|-activate|p2a: Magmar|move: Protect
|move|p1b: moneymachine|Parting Shot|p2b: Primarina
|-activate|p2b: Primarina|move: Protect
|
|upkeep
|turn|2
|
|t:|1754592047
|move|p2a: Magmar|Follow Me|p2a: Magmar
|-singleturn|p2a: Magmar|move: Follow Me
|move|p1a: claws|Dire Claw|p2a: Magmar
|-damage|p2a: Magmar|69/100
|-status|p2a: Magmar|par
|move|p2b: Primarina|Moonblast|p1a: claws
|-damage|p1a: claws|35/100
|move|p1b: moneymachine|Parting Shot|p2a: Magmar
|-unboost|p2a: Magmar|atk|1
|-unboost|p2a: Magmar|spa|1
|
|t:|1754592058
|switch|p1b: Gl Babe!|Dragonite, L50, F|100/100|[from] Parting Shot
|
|upkeep
|turn|3
|
|t:|1754592085
|cant|p2a: Magmar|par
|move|p1a: claws|Dire Claw|p2b: Primarina
|-supereffective|p2b: Primarina
|-damage|p2b: Primarina|18/100
|-status|p2b: Primarina|psn|[from] ability: Poison Touch|[of] p1a: claws
|-enditem|p2b: Primarina|Sitrus Berry|[eat]
|-heal|p2b: Primarina|43/100 psn|[from] item: Sitrus Berry
|move|p1b: Gl Babe!|Stomping Tantrum|p2b: Primarina
|-damage|p2b: Primarina|12/100 psn
|move|p2b: Primarina|Hyper Voice|p1b: Gl Babe!|[spread] p1a,p1b
|-resisted|p1b: Gl Babe!
|-damage|p1a: claws|0 fnt
|-damage|p1b: Gl Babe!|93/100
|faint|p1a: claws
|
|-damage|p2b: Primarina|0 fnt|[from] psn
|faint|p2b: Primarina
|upkeep
|
|t:|1754592103
|switch|p1a: OddEyeCircle|Ursaluna-Bloodmoon, L50, M|100/100
|switch|p2b: Dragapult|Dragapult, L50, M|100/100
|turn|4
|
|t:|1754592134
|-terastallize|p1b: Gl Babe!|Steel
|move|p2a: Magmar|Follow Me|p2a: Magmar
|-singleturn|p2a: Magmar|move: Follow Me
|move|p2b: Dragapult|Dragon Darts|p1a: OddEyeCircle
|-damage|p1a: OddEyeCircle|74/100
|-anim|p2b: Dragapult|Dragon Darts|p1b: Gl Babe!
|-resisted|p1b: Gl Babe!
|-damage|p1b: Gl Babe!|72/100
|move|p1b: Gl Babe!|Scale Shot|p2a: Magmar
|-damage|p2a: Magmar|56/100 par
|-damage|p2a: Magmar|44/100 par
|-damage|p2a: Magmar|31/100 par
|-damage|p2a: Magmar|19/100 par
|-hitcount|p2a: Magmar|4
|-unboost|p1b: Gl Babe!|def|1
|-boost|p1b: Gl Babe!|spe|1
|move|p1a: OddEyeCircle|Earth Power|p2a: Magmar
|-supereffective|p2a: Magmar
|-damage|p2a: Magmar|0 fnt
|faint|p2a: Magmar
|
|upkeep
|
|t:|1754592140
|switch|p2a: Kingambit|Kingambit, L50, F|100/100
|turn|5
|
|t:|1754592192
|-terastallize|p2a: Kingambit|Dark
|move|p1b: Gl Babe!|Protect|p1b: Gl Babe!
|-singleturn|p1b: Gl Babe!|Protect
|move|p2a: Kingambit|Sucker Punch||[still]
|-fail|p2a: Kingambit
|move|p2b: Dragapult|Dragon Darts|p1a: OddEyeCircle
|-crit|p1a: OddEyeCircle
|-damage|p1a: OddEyeCircle|33/100
|-anim|p2b: Dragapult|Dragon Darts|p1a: OddEyeCircle
|-damage|p1a: OddEyeCircle|6/100
|move|p1a: OddEyeCircle|Earth Power|p2a: Kingambit
|-crit|p2a: Kingambit
|-damage|p2a: Kingambit|34/100
|
|upkeep
|turn|6
|
|t:|1754592229
|switch|p1a: moneymachine|Incineroar, L50, F, shiny|100/100
|-ability|p1a: moneymachine|Intimidate|boost
|-unboost|p2a: Kingambit|atk|1
|-ability|p2a: Kingambit|Defiant|boost
|-boost|p2a: Kingambit|atk|2
|-fail|p2b: Dragapult|unboost|[from] ability: Clear Body|[of] p2b: Dragapult
|move|p2a: Kingambit|Sucker Punch||[still]
|-fail|p2a: Kingambit
|move|p2b: Dragapult|Dragon Darts|p1b: Gl Babe!
|-resisted|p1b: Gl Babe!
|-damage|p1b: Gl Babe!|39/100
|-anim|p2b: Dragapult|Dragon Darts|p1a: moneymachine
|-damage|p1a: moneymachine|66/100
|move|p1b: Gl Babe!|Haze|p1b: Gl Babe!
|-clearallboost
|
|upkeep
|turn|7
|
|t:|1754592265
|move|p1a: moneymachine|Fake Out|p2a: Kingambit
|-damage|p2a: Kingambit|24/100
|cant|p2a: Kingambit|flinch
|move|p2b: Dragapult|Dragon Darts|p1a: moneymachine
|-damage|p1a: moneymachine|32/100
|-anim|p2b: Dragapult|Dragon Darts|p1b: Gl Babe!
|-resisted|p1b: Gl Babe!
|-crit|p1b: Gl Babe!
|-damage|p1b: Gl Babe!|6/100
|move|p1b: Gl Babe!|Scale Shot|p2b: Dragapult
|-supereffective|p2b: Dragapult
|-damage|p2b: Dragapult|59/100
|-supereffective|p2b: Dragapult
|-damage|p2b: Dragapult|15/100
|-supereffective|p2b: Dragapult
|-damage|p2b: Dragapult|0 fnt
|faint|p2b: Dragapult
|-hitcount|p2: Dragapult|3
|-unboost|p1b: Gl Babe!|def|1
|-boost|p1b: Gl Babe!|spe|1
|
|upkeep
|turn|8
|-message|perenniumfalcon forfeited.
|
|win|is_katabo
|raw|is_katabo's rating: 1162 → 1190(+28 for winning)
|raw|perenniumfalcon's rating: 1209 → 1181(-28 for losing)
|l|☆perenniumfalcon
|player|p2|
