|j|☆Boss_Melee
|j|‽tryson69
|html|Boss_Meleetryson69    
|uhtml|bestof|Game 2 of a best-of-3
|t:|1784707836
|gametype|doubles
|player|p1|Boss_Melee|swimmerf|1178
|player|p2|tryson69|crasherwake|1273
|gen|9
|tier|[Gen 9 Champions] VGC 2026 Reg M-B (Bo3)
|rated|
|rule|Species Clause: Limit one of each Pokémon
|rule|Item Clause: Limit 1 of each item
|clearpoke
|poke|p1|Grimmsnarl, L50, M|
|poke|p1|Basculegion, L50, M|
|poke|p1|Venusaur, L50, F|
|poke|p1|Charizard, L50, F|
|poke|p1|Archaludon, L50, M|
|poke|p1|Pelipper, L50, M|
|poke|p2|Raichu, L50, F|
|poke|p2|Gholdengo, L50|
|poke|p2|Garchomp, L50, M|
|poke|p2|Incineroar, L50, M|
|poke|p2|Milotic, L50, M|
|poke|p2|Whimsicott, L50, M|
|teampreview|4
|showteam|p1|Grimmsnarl||LightClay|Prankster|SpiritBreak,Reflect,LightScreen,PartingShot|Careful||M|||50|]Basculegion||ChoiceScarf|Adaptability|FlipTurn,WaveCrash,AquaJet,LastRespects|Jolly||M|||50|]Venusaur||FocusSash|Chlorophyll|Protect,EarthPower,SludgeBomb,SleepPowder|Modest||F|||50|]Charizard||CharizarditeY|Blaze|HeatWave,SolarBeam,WeatherBall,Protect|Modest||F|||50|]Archaludon||Leftovers|Stamina|ElectroShot,DragonPulse,FlashCannon,Protect|Calm||M|||50|]Pelipper||SitrusBerry|Drizzle|Hurricane,WeatherBall,Tailwind,WideGuard|Modest||M|||50|
|showteam|p2|Raichu||RaichuniteY|LightningRod|ZapCannon,FocusBlast,Protect,FakeOut|Timid||F|||50|]Gholdengo||SpellTag|GoodasGold|NastyPlot,ShadowBall,Protect,MakeItRain|Modest|||||50|]Garchomp||LifeOrb|RoughSkin|Earthquake,RockSlide,Protect,DragonClaw|Adamant||M|||50|]Incineroar||SitrusBerry|Intimidate|FakeOut,FlareBlitz,DarkestLariat,PartingShot|Impish||M|||50|]Milotic||Leftovers|Competitive|Coil,HydroPump,Hypnosis,Recover|Calm||M|||50|]Whimsicott||FocusSash|Prankster|Tailwind,Moonblast,Encore,Protect|Timid||M|||50|
|inactive|Battle timer is ON: inactive players will automatically lose when time's up. (requested by Boss_Melee)
|
|t:|1784707867
|teamsize|p1|4
|teamsize|p2|4
|start
|switch|p1a: Charizard|Charizard, L50, F|100/100
|switch|p1b: Venusaur|Venusaur, L50, F|100/100
|switch|p2a: Raichu|Raichu, L50, F|100/100
|switch|p2b: Whimsicott|Whimsicott, L50, M|100/100
|turn|1
|
|t:|1784707892
|switch|p2a: Incineroar|Incineroar, L50, M|100/100
|-ability|p2a: Incineroar|Intimidate|boost
|-unboost|p1a: Charizard|atk|1
|-unboost|p1b: Venusaur|atk|1
|detailschange|p1a: Charizard|Charizard-Mega-Y, L50, F
|-mega|p1a: Charizard|Charizard|Charizardite Y
|-weather|SunnyDay|[from] ability: Drought|[of] p1a: Charizard
|move|p2b: Whimsicott|Protect|p2b: Whimsicott
|-singleturn|p2b: Whimsicott|Protect
|move|p1b: Venusaur|Sleep Powder|p2a: Incineroar|[miss]
|-miss|p1b: Venusaur|p2a: Incineroar
|move|p1a: Charizard|Weather Ball|p2b: Whimsicott
|-activate|p2b: Whimsicott|move: Protect
|
|-weather|SunnyDay|[upkeep]
|upkeep
|turn|2
|
|t:|1784707916
|move|p2a: Incineroar|Fake Out|p1a: Charizard
|-damage|p1a: Charizard|90/100
|move|p2b: Whimsicott|Encore|p1b: Venusaur
|-start|p1b: Venusaur|Encore
|move|p1b: Venusaur|Sleep Powder|p2a: Incineroar
|-status|p2a: Incineroar|slp|[from] move: Sleep Powder
|cant|p1a: Charizard|flinch
|
|-weather|SunnyDay|[upkeep]
|upkeep
|turn|3
|
|t:|1784707934
|switch|p1b: Basculegion|Basculegion, L50, M|100/100
|move|p2b: Whimsicott|Protect|p2b: Whimsicott
|-singleturn|p2b: Whimsicott|Protect
|move|p1a: Charizard|Heat Wave|p2a: Incineroar|[spread] p2a
|-activate|p2b: Whimsicott|move: Protect
|-resisted|p2a: Incineroar|1
|-damage|p2a: Incineroar|77/100 slp
|cant|p2a: Incineroar|slp
|
|-weather|SunnyDay|[upkeep]
|upkeep
|turn|4
|
|t:|1784707951
|switch|p1a: Pelipper|Pelipper, L50, M|100/100
|-weather|RainDance|[from] ability: Drizzle|[of] p1a: Pelipper
|move|p2b: Whimsicott|Tailwind|p2b: Whimsicott
|-sidestart|p2: tryson69|move: Tailwind
|move|p1b: Basculegion|Wave Crash|p2a: Incineroar
|-supereffective|p2a: Incineroar|1
|-damage|p2a: Incineroar|0 fnt
|faint|p2a: Incineroar
|-damage|p1b: Basculegion|74/100|[from] Recoil
|
|-weather|RainDance|[upkeep]
|upkeep
|
|t:|1784707957
|switch|p2a: Raichu|Raichu, L50, F|100/100
|turn|5
|
|t:|1784707976
|detailschange|p2a: Raichu|Raichu-Mega-Y, L50, F
|-mega|p2a: Raichu|Raichu|Raichunite Y
|move|p2a: Raichu|Zap Cannon|p1b: Basculegion
|-supereffective|p1b: Basculegion|1
|-damage|p1b: Basculegion|0 fnt
|faint|p1b: Basculegion
|move|p2b: Whimsicott|Moonblast|p1a: Pelipper
|-damage|p1a: Pelipper|55/100
|move|p1a: Pelipper|Tailwind|p1a: Pelipper
|-sidestart|p1: Boss_Melee|move: Tailwind
|
|-weather|RainDance|[upkeep]
|upkeep
|
|t:|1784707990
|switch|p1b: Venusaur|Venusaur, L50, F|100/100
|turn|6
|inactive|tryson69 has 30 seconds left.
|
|t:|1784708022
|switch|p1a: Charizard|Charizard-Mega-Y, L50, F|90/100
|-weather|SunnyDay|[from] ability: Drought|[of] p1a: Charizard
|move|p2a: Raichu|Protect|p2a: Raichu
|-singleturn|p2a: Raichu|Protect
|move|p1b: Venusaur|Sleep Powder|p2a: Raichu
|-activate|p2a: Raichu|move: Protect
|move|p2b: Whimsicott|Moonblast|p1b: Venusaur
|-resisted|p1b: Venusaur|1
|-damage|p1b: Venusaur|79/100
|
|-weather|SunnyDay|[upkeep]
|upkeep
|turn|7
|
|t:|1784708035
|move|p2b: Whimsicott|Encore|p1b: Venusaur
|-start|p1b: Venusaur|Encore
|move|p1b: Venusaur|Sleep Powder|p2a: Raichu
|-status|p2a: Raichu|slp|[from] move: Sleep Powder
|cant|p2a: Raichu|slp
|move|p1a: Charizard|Weather Ball|p2b: Whimsicott
|-supereffective|p2b: Whimsicott|1
|-enditem|p2b: Whimsicott|Focus Sash
|-damage|p2b: Whimsicott|1/100
|
|-weather|SunnyDay|[upkeep]
|-sideend|p2: tryson69|move: Tailwind
|upkeep
|turn|8
|inactive|Boss_Melee has 30 seconds left.
|
|t:|1784708063
|switch|p1b: Pelipper|Pelipper, L50, M|55/100
|-weather|RainDance|[from] ability: Drizzle|[of] p1b: Pelipper
|move|p2b: Whimsicott|Protect|p2b: Whimsicott
|-singleturn|p2b: Whimsicott|Protect
|move|p1a: Charizard|Heat Wave|p2b: Whimsicott|[spread] p2a
|-activate|p2b: Whimsicott|move: Protect
|-damage|p2a: Raichu|70/100 slp
|-curestatus|p2a: Raichu|slp|[msg]
|move|p2a: Raichu|Zap Cannon|p1a: Charizard
|-supereffective|p1a: Charizard|1
|-damage|p1a: Charizard|0 fnt
|faint|p1a: Charizard
|
|-weather|RainDance|[upkeep]
|-sideend|p1: Boss_Melee|move: Tailwind
|upkeep
|
|t:|1784708071
|switch|p1a: Venusaur|Venusaur, L50, F|79/100
|turn|9
|
|t:|1784708087
|move|p2b: Whimsicott|Tailwind|p2b: Whimsicott
|-sidestart|p2: tryson69|move: Tailwind
|move|p2a: Raichu|Zap Cannon|p1b: Pelipper
|-supereffective|p1b: Pelipper|2
|-damage|p1b: Pelipper|0 fnt
|faint|p1b: Pelipper
|move|p1a: Venusaur|Earth Power|p2a: Raichu
|-supereffective|p2a: Raichu|1
|-damage|p2a: Raichu|0 fnt
|faint|p2a: Raichu
|
|-weather|RainDance|[upkeep]
|upkeep
|
|t:|1784708090
|switch|p2a: Garchomp|Garchomp, L50, M|100/100
|turn|10
|
|t:|1784708100
|move|p2b: Whimsicott|Encore|p1a: Venusaur
|-start|p1a: Venusaur|Encore
|move|p2a: Garchomp|Dragon Claw|p1a: Venusaur
|-damage|p1a: Venusaur|10/100
|-damage|p2a: Garchomp|90/100|[from] item: Life Orb
|move|p1a: Venusaur|Earth Power|p2a: Garchomp
|-damage|p2a: Garchomp|63/100
|
|-weather|RainDance|[upkeep]
|upkeep
|turn|11
|
|t:|1784708111
|move|p2b: Whimsicott|Moonblast|p1a: Venusaur
|-resisted|p1a: Venusaur|1
|-damage|p1a: Venusaur|0 fnt
|faint|p1a: Venusaur
|
|win|tryson69
|raw|Boss_Melee's rating: 1178 → 1160(-18 for losing)
|raw|tryson69's rating: 1273 → 1291(+18 for winning)
|l|☆Boss_Melee
|player|p1|
