|j|☆Goku Ciencia
|j|☆Garden Monke
|html|Goku CienciaGarden Monke    
|uhtml|bestof|Game 2 of a best-of-3
|t:|1784583992
|gametype|doubles
|player|p1|Goku Ciencia|170|1126
|player|p2|Garden Monke|giacomo|1174
|gen|9
|tier|[Gen 9 Champions] VGC 2026 Reg M-B (Bo3)
|rated|
|rule|Species Clause: Limit one of each Pokémon
|rule|Item Clause: Limit 1 of each item
|clearpoke
|poke|p1|Metagross, L50|
|poke|p1|Sneasler, L50, F|
|poke|p1|Floette-Eternal, L50, F|
|poke|p1|Aerodactyl, L50, M|
|poke|p1|Incineroar, L50, F|
|poke|p1|Hydreigon, L50, M|
|poke|p2|Incineroar, L50, M|
|poke|p2|Sinistcha, L50|
|poke|p2|Gengar, L50, M|
|poke|p2|Swampert, L50, F|
|poke|p2|Politoed, L50, F|
|poke|p2|Archaludon, L50, M|
|teampreview|4
|showteam|p1|Metagross||Metagrossite|ClearBody|IronHead,PsychicFangs,IcePunch,Protect|Jolly|||||50|]Sneasler||WhiteHerb|Unburden|FakeOut,CloseCombat,Uturn,DireClaw|Jolly||F|||50|]Floette-Eternal||Floettite|FlowerVeil|DrainingKiss,Protect,LightofRuin,DazzlingGleam|Modest||F|||50|]Aerodactyl||FocusSash|Unnerve|RockSlide,Protect,DualWingbeat,Tailwind|Jolly||M|||50|]Incineroar||Leftovers|Intimidate|FakeOut,DarkestLariat,FlareBlitz,PartingShot|Careful||F|||50|]Hydreigon||ChoiceScarf|Levitate|DracoMeteor,DarkPulse,HeatWave,EarthPower|Modest||M|||50|
|showteam|p2|Incineroar||PasshoBerry|Intimidate|ThroatChop,FakeOut,PartingShot,Protect|Sassy||M|||50|]Sinistcha||ColburBerry|Hospitality|MatchaGotcha,RagePowder,TrickRoom,Protect|Calm|||||50|]Gengar||Gengarite|CursedBody|ShadowBall,Disable,PerishSong,Protect|Timid||M|||50|]Swampert||Swampertite|Damp|WaveCrash,HighHorsepower,IcePunch,Protect|Adamant||F|||50|]Politoed||SitrusBerry|Drizzle|WeatherBall,Encore,PerishSong,Protect|Calm||F|||50|]Archaludon||Leftovers|Stamina|ElectroShot,DragonPulse,FlashCannon,Protect|Modest||M|||50|
|inactive|Battle timer is ON: inactive players will automatically lose when time's up. (requested by Garden Monke)
|inactive|Garden Monke has 60 seconds left.
|
|t:|1784584025
|teamsize|p1|4
|teamsize|p2|4
|start
|switch|p1a: Incineroar|Incineroar, L50, F|100/100
|switch|p1b: Floette|Floette-Eternal, L50, F|100/100
|switch|p2a: Gengar|Gengar, L50, M|100/100
|switch|p2b: Incineroar|Incineroar, L50, M|100/100
|-ability|p1a: Incineroar|Intimidate|boost
|-unboost|p2a: Gengar|atk|1
|-unboost|p2b: Incineroar|atk|1
|-ability|p2b: Incineroar|Intimidate|boost
|-unboost|p1a: Incineroar|atk|1
|-unboost|p1b: Floette|atk|1
|turn|1
|
|t:|1784584043
|detailschange|p2a: Gengar|Gengar-Mega, L50, M
|-mega|p2a: Gengar|Gengar|Gengarite
|detailschange|p1b: Floette|Floette-Mega, L50, F
|-mega|p1b: Floette|Floette|Floettite
|-ability|p1b: Floette|Fairy Aura
|move|p1b: Floette|Protect|p1b: Floette
|-singleturn|p1b: Floette|Protect
|move|p2b: Incineroar|Fake Out|p1b: Floette
|-activate|p1b: Floette|move: Protect
|move|p2a: Gengar|Perish Song|p2a: Gengar
|-start|p1a: Incineroar|perish3|[silent]
|-start|p1b: Floette|perish3|[silent]
|-start|p2a: Gengar|perish3|[silent]
|-start|p2b: Incineroar|perish3|[silent]
|-fieldactivate|move: Perish Song
|move|p1a: Incineroar|Parting Shot|p2a: Gengar
|-unboost|p2a: Gengar|atk|1
|-unboost|p2a: Gengar|spa|1
|
|t:|1784584064
|switch|p1a: Hydreigon|Hydreigon, L50, M|100/100|[from] Parting Shot
|
|-start|p2a: Gengar|perish3
|-start|p1b: Floette|perish3
|-start|p2b: Incineroar|perish3
|upkeep
|turn|2
|
|t:|1784584074
|move|p2a: Gengar|Protect|p2a: Gengar
|-singleturn|p2a: Gengar|Protect
|move|p2b: Incineroar|Protect|p2b: Incineroar
|-singleturn|p2b: Incineroar|Protect
|move|p1a: Hydreigon|Dark Pulse|p2a: Gengar
|-activate|p2a: Gengar|move: Protect
|move|p1b: Floette|Dazzling Gleam|p2b: Incineroar|[spread] 
|-activate|p2a: Gengar|move: Protect
|-activate|p2b: Incineroar|move: Protect
|
|-start|p2a: Gengar|perish2
|-start|p1b: Floette|perish2
|-start|p2b: Incineroar|perish2
|upkeep
|turn|3
|
|t:|1784584092
|switch|p2a: Politoed|Politoed, L50, F|100/100
|-weather|RainDance|[from] ability: Drizzle|[of] p2a: Politoed
|move|p1a: Hydreigon|Dark Pulse|p2a: Politoed
|-damage|p2a: Politoed|63/100
|move|p1b: Floette|Dazzling Gleam|p2a: Politoed|[spread] p2a,p2b
|-damage|p2a: Politoed|27/100
|-damage|p2b: Incineroar|64/100
|-enditem|p2a: Politoed|Sitrus Berry|[eat]
|-heal|p2a: Politoed|52/100|[from] item: Sitrus Berry
|move|p2b: Incineroar|Parting Shot|p2a: Politoed
|-unboost|p2a: Politoed|atk|1
|-unboost|p2a: Politoed|spa|1
|
|t:|1784584107
|switch|p2b: Gengar|Gengar-Mega, L50, M|100/100|[from] Parting Shot
|
|-weather|RainDance|[upkeep]
|-start|p1b: Floette|perish1
|upkeep
|turn|4
|
|t:|1784584119
|switch|p2a: Sinistcha|Sinistcha, L50|100/100
|move|p2b: Gengar|Protect|p2b: Gengar
|-singleturn|p2b: Gengar|Protect
|move|p1a: Hydreigon|Dark Pulse|p2a: Sinistcha
|-supereffective|p2a: Sinistcha|1
|-enditem|p2a: Sinistcha|Colbur Berry|[eat]
|-enditem|p2a: Sinistcha|Colbur Berry|[weaken]
|-damage|p2a: Sinistcha|62/100
|move|p1b: Floette|Dazzling Gleam|p2a: Sinistcha|[spread] p2a
|-activate|p2b: Gengar|move: Protect
|-damage|p2a: Sinistcha|19/100
|
|-weather|RainDance|[upkeep]
|-start|p1b: Floette|perish0
|faint|p1b: Floette
|upkeep
|
|t:|1784584132
|switch|p1b: Aerodactyl|Aerodactyl, L50, M|100/100
|-ability|p1b: Aerodactyl|Unnerve
|turn|5
|
|t:|1784584142
|move|p2a: Sinistcha|Rage Powder|p2a: Sinistcha
|-singleturn|p2a: Sinistcha|move: Rage Powder
|move|p1a: Hydreigon|Dark Pulse|p2a: Sinistcha
|-supereffective|p2a: Sinistcha|1
|-damage|p2a: Sinistcha|0 fnt
|faint|p2a: Sinistcha
|move|p1b: Aerodactyl|Rock Slide|p2b: Gengar
|-damage|p2b: Gengar|59/100
|move|p2b: Gengar|Disable|p1a: Hydreigon
|-start|p1a: Hydreigon|Disable|Dark Pulse
|
|-weather|RainDance|[upkeep]
|upkeep
|
|t:|1784584155
|switch|p2a: Incineroar|Incineroar, L50, M|64/100
|-ability|p2a: Incineroar|Intimidate|boost
|-unboost|p1a: Hydreigon|atk|1
|-unboost|p1b: Aerodactyl|atk|1
|turn|6
|
|t:|1784584168
|move|p2a: Incineroar|Fake Out|p1b: Aerodactyl
|-resisted|p1b: Aerodactyl|1
|-damage|p1b: Aerodactyl|92/100
|-activate|p1a: Hydreigon|move: Struggle
|move|p1a: Hydreigon|Struggle|p2b: Gengar
|-damage|p2b: Gengar|51/100
|-damage|p1a: Hydreigon|74/100|[from] recoil
|cant|p1b: Aerodactyl|flinch
|move|p2b: Gengar|Perish Song|p2b: Gengar
|-start|p1a: Hydreigon|perish3|[silent]
|-start|p1b: Aerodactyl|perish3|[silent]
|-start|p2a: Incineroar|perish3|[silent]
|-start|p2b: Gengar|perish3|[silent]
|-fieldactivate|move: Perish Song
|
|-weather|RainDance|[upkeep]
|-start|p1a: Hydreigon|perish3
|-start|p1b: Aerodactyl|perish3
|-start|p2b: Gengar|perish3
|-start|p2a: Incineroar|perish3
|upkeep
|turn|7
|
|t:|1784584183
|move|p2b: Gengar|Protect|p2b: Gengar
|-singleturn|p2b: Gengar|Protect
|move|p2a: Incineroar|Protect|p2a: Incineroar
|-singleturn|p2a: Incineroar|Protect
|-activate|p1a: Hydreigon|move: Struggle
|move|p1a: Hydreigon|Struggle|p2b: Gengar
|-activate|p2b: Gengar|move: Protect
|move|p1b: Aerodactyl|Rock Slide|p2b: Gengar|[spread] 
|-activate|p2a: Incineroar|move: Protect
|-activate|p2b: Gengar|move: Protect
|
|-weather|none
|-start|p1a: Hydreigon|perish2
|-start|p1b: Aerodactyl|perish2
|-start|p2b: Gengar|perish2
|-start|p2a: Incineroar|perish2
|upkeep
|turn|8
|
|t:|1784584208
|move|p1b: Aerodactyl|Protect|p1b: Aerodactyl
|-singleturn|p1b: Aerodactyl|Protect
|-activate|p1a: Hydreigon|move: Struggle
|move|p1a: Hydreigon|Struggle|p2a: Incineroar
|-damage|p2a: Incineroar|57/100
|-damage|p1a: Hydreigon|49/100|[from] recoil
|move|p2b: Gengar|Shadow Ball|p1b: Aerodactyl
|-activate|p1b: Aerodactyl|move: Protect
|move|p2a: Incineroar|Parting Shot|p1a: Hydreigon
|-unboost|p1a: Hydreigon|atk|1
|-unboost|p1a: Hydreigon|spa|1
|
|t:|1784584221
|switch|p2a: Politoed|Politoed, L50, F|52/100|[from] Parting Shot
|-weather|RainDance|[from] ability: Drizzle|[of] p2a: Politoed
|
|-weather|RainDance|[upkeep]
|-start|p1a: Hydreigon|perish1
|-start|p1b: Aerodactyl|perish1
|-start|p2b: Gengar|perish1
|upkeep
|turn|9
|
|t:|1784584232
|switch|p2b: Incineroar|Incineroar, L50, M|57/100
|-ability|p2b: Incineroar|Intimidate|boost
|-unboost|p1a: Hydreigon|atk|1
|-unboost|p1b: Aerodactyl|atk|1
|move|p2a: Politoed|Protect|p2a: Politoed
|-singleturn|p2a: Politoed|Protect
|-activate|p1a: Hydreigon|move: Struggle
|move|p1a: Hydreigon|Struggle|p2b: Incineroar
|-damage|p2b: Incineroar|53/100
|-damage|p1a: Hydreigon|24/100|[from] recoil
|move|p1b: Aerodactyl|Rock Slide|p2b: Incineroar|[spread] p2b
|-activate|p2a: Politoed|move: Protect
|-supereffective|p2b: Incineroar|1
|-damage|p2b: Incineroar|31/100
|
|-weather|RainDance|[upkeep]
|-end|p1a: Hydreigon|Disable
|-start|p1a: Hydreigon|perish0
|-start|p1b: Aerodactyl|perish0
|faint|p1a: Hydreigon
|faint|p1b: Aerodactyl
|upkeep
|
|t:|1784584245
|switch|p1b: Incineroar|Incineroar, L50, F|100/100
|-ability|p1b: Incineroar|Intimidate|boost
|-unboost|p2a: Politoed|atk|1
|-unboost|p2b: Incineroar|atk|1
|turn|10
|-message|Goku Ciencia forfeited.
|
|win|Garden Monke
|raw|Goku Ciencia's rating: 1126 → 1104(-22 for losing)
|raw|Garden Monke's rating: 1174 → 1196(+22 for winning)
|l|☆Goku Ciencia
|player|p1|
