|j|☆Mtcoc2
|j|☆eldoka
|html|Mtcoc2eldoka    
|uhtml|bestof|Game 2 of a best-of-3
|t:|1756743128
|gametype|doubles
|player|p1|Mtcoc2|170|1146
|player|p2|eldoka|170|1197
|gen|9
|tier|[Gen 9] VGC 2025 Reg H (Bo3)
|rated|
|rule|Species Clause: Limit one of each Pokémon
|rule|Item Clause: Limit 1 of each item
|clearpoke
|poke|p1|Dragonite, L50, F|
|poke|p1|Ninetales-Alola, L50, M|
|poke|p1|Annihilape, L50, M|
|poke|p1|Ursaluna-Bloodmoon, L50, M|
|poke|p1|Magmar, L50, M|
|poke|p1|Gholdengo, L50|
|poke|p2|Gholdengo, L50|
|poke|p2|Ursaluna-Bloodmoon, L50, M|
|poke|p2|Rillaboom, L50, M|
|poke|p2|Dragonite, L50, F|
|poke|p2|Maushold, L50|
|poke|p2|Annihilape, L50, F|
|teampreview|4
|showteam|p1|Dragonite||LoadedDice|Multiscale|ScaleShot,ExtremeSpeed,Haze,Protect|||F|||50|,,,,,Steel]Ninetales-Alola||LightClay|SnowWarning|AuroraVeil,Blizzard,IcyWind,Encore|||M|||50|,,,,,Ghost]Annihilape||SafetyGoggles|Defiant|DrainPunch,RageFist,BulkUp,Protect|||M|||50|,,,,,Water]Ursaluna-Bloodmoon||AssaultVest|MindsEye|EarthPower,BloodMoon,HyperVoice,VacuumWave|||M|||50|,,,,,Water]Magmar||Eviolite|FlameBody|FollowMe,Overheat,Taunt,Protect|||M|||50|,,,,,Ghost]Gholdengo||MetalCoat|GoodasGold|MakeItRain,ShadowBall,NastyPlot,Protect||||||50|,,,,,Dragon
|showteam|p2|Gholdengo||LifeOrb|GoodasGold|MakeItRain,ShadowBall,Protect,NastyPlot||||||50|,,,,,Water]Ursaluna-Bloodmoon||AssaultVest|MindsEye|BloodMoon,HyperVoice,EarthPower,VacuumWave|||M|||50|,,,,,Water]Rillaboom||MiracleSeed|GrassySurge|HighHorsepower,WoodHammer,GrassyGlide,FakeOut|||M|||50|,,,,,Fire]Dragonite||LoadedDice|Multiscale|ScaleShot,Tailwind,Protect,Haze|||F|||50|,,,,,Fairy]Maushold||FocusSash|FriendGuard|SuperFang,FollowMe,Protect,BeatUp||||||50|,,,,,Ghost]Annihilape||SitrusBerry|Defiant|Protect,BulkUp,DrainPunch,RageFist|||F|||50|,,,,,Fire
|inactive|Battle timer is ON: inactive players will automatically lose when time's up. (requested by eldoka)
|
|t:|1756743179
|teamsize|p1|4
|teamsize|p2|4
|start
|switch|p1a: Dragonite|Dragonite, L50, F|100/100
|switch|p1b: Gholdengo|Gholdengo, L50|100/100
|switch|p2a: Maushold|Maushold, L50|100/100
|switch|p2b: Annihilape|Annihilape, L50, F|100/100
|turn|1
|inactive|eldoka has 30 seconds left.
|
|t:|1756743213
|switch|p1b: Magmar|Magmar, L50, M|100/100
|-terastallize|p2b: Annihilape|Fire
|move|p2a: Maushold|Super Fang|p1a: Dragonite
|-damage|p1a: Dragonite|51/100
|move|p2b: Annihilape|Bulk Up|p2b: Annihilape
|-boost|p2b: Annihilape|atk|1
|-boost|p2b: Annihilape|def|1
|move|p1a: Dragonite|Scale Shot|p2a: Maushold
|-damage|p2a: Maushold|84/100
|-damage|p2a: Maushold|64/100
|-damage|p2a: Maushold|48/100
|-damage|p2a: Maushold|29/100
|-damage|p2a: Maushold|13/100
|-hitcount|p2a: Maushold|5
|-unboost|p1a: Dragonite|def|1
|-boost|p1a: Dragonite|spe|1
|
|upkeep
|turn|2
|inactive|Mtcoc2 has 30 seconds left.
|inactive|eldoka has 30 seconds left.
|
|t:|1756743240
|move|p2a: Maushold|Protect|p2a: Maushold
|-singleturn|p2a: Maushold|Protect
|move|p1a: Dragonite|Haze|p1a: Dragonite
|-clearallboost
|move|p2b: Annihilape|Drain Punch|p1b: Magmar
|-damage|p1b: Magmar|75/100
|move|p1b: Magmar|Overheat|p2a: Maushold
|-activate|p2a: Maushold|move: Protect
|
|upkeep
|turn|3
|inactive|eldoka has 30 seconds left.
|
|t:|1756743270
|move|p1a: Dragonite|Extreme Speed|p2a: Maushold
|-crit|p2a: Maushold
|-damage|p2a: Maushold|0 fnt
|faint|p2a: Maushold
|move|p2b: Annihilape|Bulk Up|p2b: Annihilape
|-boost|p2b: Annihilape|atk|1
|-boost|p2b: Annihilape|def|1
|move|p1b: Magmar|Taunt|p2b: Annihilape
|-start|p2b: Annihilape|move: Taunt
|
|upkeep
|
|t:|1756743295
|switch|p2a: Gholdengo|Gholdengo, L50|100/100
|turn|4
|
|t:|1756743311
|move|p2b: Annihilape|Drain Punch|p1b: Magmar
|-damage|p1b: Magmar|39/100
|move|p2a: Gholdengo|Make It Rain|p1a: Dragonite|[spread] p1a,p1b
|-resisted|p1b: Magmar
|-damage|p1a: Dragonite|0 fnt
|-damage|p1b: Magmar|21/100
|-unboost|p2a: Gholdengo|spa|1
|faint|p1a: Dragonite
|-damage|p2a: Gholdengo|91/100|[from] item: Life Orb
|move|p1b: Magmar|Overheat|p2a: Gholdengo
|-supereffective|p2a: Gholdengo
|-damage|p2a: Gholdengo|0 fnt
|-unboost|p1b: Magmar|spa|2
|faint|p2a: Gholdengo
|
|upkeep
|inactive|Mtcoc2 has 30 seconds left.
|
|t:|1756743340
|switch|p2a: Rillaboom|Rillaboom, L50, M|100/100
|switch|p1a: Annihilape|Annihilape, L50, M|100/100
|-fieldstart|move: Grassy Terrain|[from] ability: Grassy Surge|[of] p2a: Rillaboom
|turn|5
|
|t:|1756743352
|move|p2a: Rillaboom|Grassy Glide|p2b: Annihilape
|-resisted|p2b: Annihilape
|-damage|p2b: Annihilape|85/100
|move|p2b: Annihilape|Rage Fist|p1b: Magmar
|-damage|p1b: Magmar|0 fnt
|faint|p1b: Magmar
|move|p1a: Annihilape|Bulk Up|p1a: Annihilape
|-boost|p1a: Annihilape|atk|1
|-boost|p1a: Annihilape|def|1
|
|-heal|p2b: Annihilape|91/100|[from] Grassy Terrain
|upkeep
|
|t:|1756743364
|switch|p1b: Gholdengo|Gholdengo, L50|100/100
|turn|6
|inactive|eldoka has 30 seconds left.
|
|t:|1756743397
|-terastallize|p1b: Gholdengo|Dragon
|move|p2a: Rillaboom|Grassy Glide|p2b: Annihilape
|-resisted|p2b: Annihilape
|-damage|p2b: Annihilape|74/100
|move|p2b: Annihilape|Rage Fist|p1b: Gholdengo
|-damage|p1b: Gholdengo|18/100
|move|p1a: Annihilape|Drain Punch|p2a: Rillaboom
|-damage|p2a: Rillaboom|36/100
|move|p1b: Gholdengo|Nasty Plot|p1b: Gholdengo
|-boost|p1b: Gholdengo|spa|2
|
|-heal|p2b: Annihilape|80/100|[from] Grassy Terrain
|-heal|p2a: Rillaboom|42/100|[from] Grassy Terrain
|-heal|p1b: Gholdengo|24/100|[from] Grassy Terrain
|-end|p2b: Annihilape|move: Taunt
|upkeep
|turn|7
|inactive|Mtcoc2 has 30 seconds left.
|inactive|eldoka has 30 seconds left.
|inactive|Mtcoc2 has 20 seconds left.
|inactive|Mtcoc2 has 15 seconds left.
|
|t:|1756743440
|move|p2a: Rillaboom|Grassy Glide|p2b: Annihilape
|-resisted|p2b: Annihilape
|-damage|p2b: Annihilape|64/100
|move|p2b: Annihilape|Drain Punch|p1b: Gholdengo
|-damage|p1b: Gholdengo|0 fnt
|-heal|p2b: Annihilape|75/100|[from] drain|[of] p1b: Gholdengo
|faint|p1b: Gholdengo
|move|p1a: Annihilape|Drain Punch|p2a: Rillaboom
|-damage|p2a: Rillaboom|0 fnt
|faint|p2a: Rillaboom
|
|-heal|p2b: Annihilape|82/100|[from] Grassy Terrain
|upkeep
|turn|8
|
|t:|1756743457
|move|p2b: Annihilape|Rage Fist|p1a: Annihilape
|-supereffective|p1a: Annihilape
|-damage|p1a: Annihilape|0 fnt
|faint|p1a: Annihilape
|
|win|eldoka
|raw|Mtcoc2's rating: 1146 → 1125(-21 for losing)
|raw|eldoka's rating: 1197 → 1218(+21 for winning)
|l|☆Mtcoc2
|player|p1|
