|j|☆big grape soda
|j|☆trchlt1
|html|big grape sodatrchlt1    
|uhtml|bestof|Game 2 of a best-of-3
|t:|1757639639
|gametype|doubles
|player|p1|big grape soda|2|1312
|player|p2|trchlt1|102|1370
|gen|9
|tier|[Gen 9] VGC 2025 Reg H (Bo3)
|rated|
|rule|Species Clause: Limit one of each Pokémon
|rule|Item Clause: Limit 1 of each item
|clearpoke
|poke|p1|Dragonite, L50, F|
|poke|p1|Sneasler, L50, M|
|poke|p1|Ninetales-Alola, L50, M|
|poke|p1|Magmar, L50, M|
|poke|p1|Gholdengo, L50|
|poke|p1|Rillaboom, L50, F|
|poke|p2|Whimsicott, L50, M|
|poke|p2|Gholdengo, L50|
|poke|p2|Sneasler, L50, M|
|poke|p2|Garchomp, L50, M|
|poke|p2|Dragonite, L50, F|
|poke|p2|Incineroar, L50, M|
|teampreview|4
|showteam|p1|Dragonite||LoadedDice|Multiscale|ScaleShot,Protect,Tailwind,Haze|||F|||50|,,,,,Steel]Sneasler||WhiteHerb|Unburden|DireClaw,CloseCombat,Coaching,Protect|||M|||50|,,,,,Ghost]Ninetales-Alola||FocusSash|SnowWarning|IcyWind,Blizzard,AuroraVeil,Encore|||M|||50|,,,,,Ghost]Magmar||Eviolite|VitalSpirit|HeatWave,Taunt,FollowMe,Protect|||M|||50|,,,,,Fairy]Gholdengo||GrassySeed|GoodasGold|MakeItRain,ShadowBall,NastyPlot,Protect||||||50|,,,,,Water]Rillaboom||AssaultVest|GrassySurge|WoodHammer,GrassyGlide,HighHorsepower,FakeOut|||F|||50|,,,,,Fire
|showteam|p2|Whimsicott||FocusSash|Prankster|Protect,Moonblast,Tailwind,Encore|||M|||50|,,,,,Ghost]Gholdengo||ChoiceSpecs|GoodasGold|MakeItRain,ShadowBall,Trick,PowerGem||||||50|,,,,,Steel]Sneasler||WhiteHerb|Unburden|Protect,DireClaw,CloseCombat,FakeOut|||M|||50|,,,,,Stellar]Garchomp||LifeOrb|RoughSkin|Protect,Earthquake,StompingTantrum,DragonClaw|||M|||50|,,,,,Ground]Dragonite||ChoiceBand|InnerFocus|ExtremeSpeed,Outrage,IceSpinner,StompingTantrum|||F|||50|,,,,,Normal]Incineroar||AssaultVest|Intimidate|FlareBlitz,KnockOff,Uturn,FakeOut|||M|||50|,,,,,Grass
|inactive|Battle timer is ON: inactive players will automatically lose when time's up. (requested by big grape soda)
|inactive|big grape soda has 60 seconds left.
|inactive|trchlt1 has 60 seconds left.
|
|t:|1757639673
|teamsize|p1|4
|teamsize|p2|4
|start
|switch|p1a: Ninetales|Ninetales-Alola, L50, M|100/100
|switch|p1b: Sneasler|Sneasler, L50, M|100/100
|switch|p2a: Incineroar|Incineroar, L50, M|100/100
|switch|p2b: Garchomp|Garchomp, L50, M|100/100
|-weather|Snowscape|[from] ability: Snow Warning|[of] p1a: Ninetales
|-ability|p2a: Incineroar|Intimidate|boost
|-unboost|p1a: Ninetales|atk|1
|-unboost|p1b: Sneasler|atk|1
|-enditem|p1b: Sneasler|White Herb
|-clearnegativeboost|p1b: Sneasler|[silent]
|turn|1
|inactive|big grape soda has 30 seconds left.
|
|t:|1757639699
|switch|p2a: Gholdengo|Gholdengo, L50|100/100
|move|p2b: Garchomp|Protect|p2b: Garchomp
|-singleturn|p2b: Garchomp|Protect
|move|p1b: Sneasler|Close Combat|p2a: Gholdengo
|-immune|p2a: Gholdengo
|move|p1a: Ninetales|Blizzard|p2b: Garchomp|[spread] p2a
|-activate|p2b: Garchomp|move: Protect
|-resisted|p2a: Gholdengo
|-crit|p2a: Gholdengo
|-damage|p2a: Gholdengo|73/100
|
|-weather|Snowscape|[upkeep]
|upkeep
|turn|2
|
|t:|1757639718
|switch|p2b: Incineroar|Incineroar, L50, M|100/100
|-ability|p2b: Incineroar|Intimidate|boost
|-unboost|p1a: Ninetales|atk|1
|-unboost|p1b: Sneasler|atk|1
|move|p1b: Sneasler|Close Combat|p2b: Incineroar
|-supereffective|p2b: Incineroar
|-damage|p2b: Incineroar|6/100
|-unboost|p1b: Sneasler|def|1
|-unboost|p1b: Sneasler|spd|1
|move|p1a: Ninetales|Aurora Veil|p1a: Ninetales
|-sidestart|p1: big grape soda|move: Aurora Veil
|move|p2a: Gholdengo|Make It Rain|p1b: Sneasler|[spread] p1a,p1b
|-supereffective|p1a: Ninetales
|-crit|p1a: Ninetales
|-enditem|p1a: Ninetales|Focus Sash
|-damage|p1a: Ninetales|1/100
|-damage|p1b: Sneasler|0 fnt
|-unboost|p2a: Gholdengo|spa|1
|faint|p1b: Sneasler
|
|-weather|Snowscape|[upkeep]
|upkeep
|
|t:|1757639730
|switch|p1b: Gholdengo|Gholdengo, L50|100/100
|turn|3
|
|t:|1757639747
|switch|p1a: Rillaboom|Rillaboom, L50, F|100/100
|-fieldstart|move: Grassy Terrain|[from] ability: Grassy Surge|[of] p1a: Rillaboom
|-enditem|p1b: Gholdengo|Grassy Seed
|-boost|p1b: Gholdengo|def|1|[from] item: Grassy Seed
|move|p1b: Gholdengo|Shadow Ball|p2a: Gholdengo
|-supereffective|p2a: Gholdengo
|-damage|p2a: Gholdengo|0 fnt
|faint|p2a: Gholdengo
|move|p2b: Incineroar|U-turn|p1a: Rillaboom
|-supereffective|p1a: Rillaboom
|-damage|p1a: Rillaboom|73/100
|
|t:|1757639759
|switch|p2b: Whimsicott|Whimsicott, L50, M|100/100|[from] U-turn
|
|-weather|Snowscape|[upkeep]
|-heal|p1a: Rillaboom|78/100|[from] Grassy Terrain
|upkeep
|
|t:|1757639762
|switch|p2a: Garchomp|Garchomp, L50, M|100/100
|turn|4
|inactive|trchlt1 has 30 seconds left.
|
|t:|1757639790
|move|p1a: Rillaboom|Grassy Glide|p2a: Garchomp
|-damage|p2a: Garchomp|61/100
|-damage|p1a: Rillaboom|66/100|[from] ability: Rough Skin|[of] p2a: Garchomp
|move|p2b: Whimsicott|Moonblast|p1a: Rillaboom
|-damage|p1a: Rillaboom|48/100
|move|p2a: Garchomp|Dragon Claw|p1a: Rillaboom
|-damage|p1a: Rillaboom|12/100
|-damage|p2a: Garchomp|51/100|[from] item: Life Orb
|move|p1b: Gholdengo|Make It Rain|p2a: Garchomp|[spread] p2a,p2b
|-supereffective|p2b: Whimsicott
|-damage|p2a: Garchomp|2/100
|-enditem|p2b: Whimsicott|Focus Sash
|-damage|p2b: Whimsicott|1/100
|-unboost|p1b: Gholdengo|spa|1
|
|-weather|Snowscape|[upkeep]
|-heal|p2b: Whimsicott|7/100|[from] Grassy Terrain
|-heal|p2a: Garchomp|8/100|[from] Grassy Terrain
|-heal|p1a: Rillaboom|18/100|[from] Grassy Terrain
|upkeep
|turn|5
|
|t:|1757639810
|move|p2b: Whimsicott|Protect|p2b: Whimsicott
|-singleturn|p2b: Whimsicott|Protect
|move|p2a: Garchomp|Protect|p2a: Garchomp
|-singleturn|p2a: Garchomp|Protect
|move|p1a: Rillaboom|Grassy Glide|p2a: Garchomp
|-activate|p2a: Garchomp|move: Protect
|move|p1b: Gholdengo|Make It Rain|p2a: Garchomp|[spread] 
|-activate|p2a: Garchomp|move: Protect
|-activate|p2b: Whimsicott|move: Protect
|
|-weather|none
|-heal|p2b: Whimsicott|13/100|[from] Grassy Terrain
|-heal|p2a: Garchomp|14/100|[from] Grassy Terrain
|-heal|p1a: Rillaboom|24/100|[from] Grassy Terrain
|upkeep
|turn|6
|
|t:|1757639828
|switch|p2a: Incineroar|Incineroar, L50, M|6/100
|-ability|p2a: Incineroar|Intimidate|boost
|-unboost|p1a: Rillaboom|atk|1
|-unboost|p1b: Gholdengo|atk|1
|move|p2b: Whimsicott|Tailwind|p2b: Whimsicott
|-sidestart|p2: trchlt1|move: Tailwind
|move|p1a: Rillaboom|Grassy Glide|p2a: Incineroar
|-resisted|p2a: Incineroar
|-damage|p2a: Incineroar|0 fnt
|faint|p2a: Incineroar
|move|p1b: Gholdengo|Shadow Ball|p2b: Whimsicott
|-damage|p2b: Whimsicott|0 fnt
|faint|p2b: Whimsicott
|
|-heal|p1a: Rillaboom|29/100|[from] Grassy Terrain
|-sideend|p1: big grape soda|move: Aurora Veil
|upkeep
|
|t:|1757639839
|switch|p2a: Garchomp|Garchomp, L50, M|14/100
|turn|7
|
|t:|1757639862
|-terastallize|p2a: Garchomp|Ground
|-terastallize|p1b: Gholdengo|Water
|move|p1a: Rillaboom|Grassy Glide|p2a: Garchomp
|-supereffective|p2a: Garchomp
|-damage|p2a: Garchomp|0 fnt
|-damage|p1a: Rillaboom|17/100|[from] ability: Rough Skin|[of] p2a: Garchomp
|faint|p2a: Garchomp
|
|win|big grape soda
||big grape soda is ready for game 3.
||trchlt1 is ready for game 3.
|uhtml|next|Next: Game 3 of 3
|l|☆trchlt1
|player|p2|
