|j|☆HunterOnShowdown
|j|☆Jakobtc
|html|HunterOnShowdownJakobtc    
|uhtml|bestof|Game 1 of a best-of-3
|t:|1756663254
|gametype|doubles
|player|p1|HunterOnShowdown|hilbert-masters2|1123
|player|p2|Jakobtc|riley|1172
|gen|9
|tier|[Gen 9] VGC 2025 Reg H (Bo3)
|rated|
|rule|Species Clause: Limit one of each Pokémon
|rule|Item Clause: Limit 1 of each item
|clearpoke
|poke|p1|Volcarona, L50, F|
|poke|p1|Dragonite, L50, M|
|poke|p1|Sneasler, L50, M|
|poke|p1|Meowscarada, L50, M|
|poke|p1|Kingambit, L50, M|
|poke|p1|Electabuzz, L50, M|
|poke|p2|Gholdengo, L50|
|poke|p2|Incineroar, L50, M|
|poke|p2|Amoonguss, L50, M|
|poke|p2|Ursaluna, L50, M|
|poke|p2|Porygon2, L50|
|poke|p2|Kilowattrel, L50, M|
|teampreview|4
|showteam|p1|Volcarona||Leftovers|FlameBody|FieryDance,QuiverDance,TeraBlast,Protect|||F|||50|,,,,,Dragon]Dragonite||LoadedDice|Multiscale|Haze,ScaleShot,StompingTantrum,Protect|||M|||50|,,,,,Fairy]Sneasler||WhiteHerb|Unburden|Coaching,CloseCombat,DireClaw,FakeOut|||M|||50|,,,,,Ghost]Meowscarada||FocusSash|Overgrow|KnockOff,FlowerTrick,TripleAxel,Protect|||M|||50|,,,,,Ghost]Kingambit||BlackGlasses|Defiant|SuckerPunch,KowtowCleave,SwordsDance,Protect|||M|||50|,,,,,Dark]Electabuzz||Eviolite|VitalSpirit|Taunt,Electroweb,FollowMe,Protect|||M|||50|,,,,,Ghost
|showteam|p2|Gholdengo||LifeOrb|GoodasGold|MakeItRain,ShadowBall,NastyPlot,Protect||||||50|,,,,,Dragon]Incineroar||SafetyGoggles|Intimidate|FakeOut,FlareBlitz,KnockOff,PartingShot|||M|||50|,,,,,Bug]Amoonguss||SitrusBerry|Regenerator|Spore,RagePowder,PollenPuff,Protect|||M|||50|,,,,,Psychic]Ursaluna||FlameOrb|Guts|Facade,HeadlongRush,Earthquake,Protect|||M|||50|,,,,,Ghost]Porygon2||Eviolite|Download|TeraBlast,IceBeam,Recover,TrickRoom||||||50|,,,,,Fighting]Kilowattrel||FocusSash|Competitive|AirSlash,Thunderbolt,Tailwind,Protect|||M|||50|,,,,,Ghost
|inactive|Battle timer is ON: inactive players will automatically lose when time's up. (requested by HunterOnShowdown)
|c|☆Jakobtc|glhf
|c|☆HunterOnShowdown|u2
|inactive|HunterOnShowdown has 60 seconds left.
|inactive|Jakobtc has 60 seconds left.
|inactive|HunterOnShowdown has 30 seconds left.
|inactive|HunterOnShowdown has 20 seconds left.
|inactive|HunterOnShowdown has 15 seconds left.
|inactive|HunterOnShowdown has 10 seconds left.
|
|t:|1756663336
|teamsize|p1|4
|teamsize|p2|4
|start
|switch|p1a: Kingambit|Kingambit, L50, M, shiny|100/100
|switch|p1b: Electabuzz|Electabuzz, L50, M|100/100
|switch|p2a: Porygon2|Porygon2, L50, shiny|100/100
|switch|p2b: Amoonguss|Amoonguss, L50, M|100/100
|-ability|p2a: Porygon2|Download|boost
|-boost|p2a: Porygon2|spa|1
|turn|1
|
|t:|1756663361
|switch|p2a: Ursaluna|Ursaluna, L50, M|100/100
|move|p1b: Electabuzz|Taunt|p2a: Ursaluna
|-start|p2a: Ursaluna|move: Taunt
|move|p1a: Kingambit|Swords Dance|p1a: Kingambit
|-boost|p1a: Kingambit|atk|2
|move|p2b: Amoonguss|Spore|p1a: Kingambit
|-status|p1a: Kingambit|slp|[from] move: Spore
|
|-status|p2a: Ursaluna|brn|[from] item: Flame Orb
|upkeep
|turn|2
|
|t:|1756663385
|-terastallize|p1a: Kingambit|Dark
|move|p1b: Electabuzz|Protect|p1b: Electabuzz
|-singleturn|p1b: Electabuzz|Protect
|cant|p1a: Kingambit|slp
|move|p2a: Ursaluna|Earthquake|p1b: Electabuzz|[spread] p2b,p1a
|-activate|p1b: Electabuzz|move: Protect
|-damage|p2b: Amoonguss|50/100
|-damage|p1a: Kingambit|52/100 slp
|-enditem|p2b: Amoonguss|Sitrus Berry|[eat]
|-heal|p2b: Amoonguss|75/100|[from] item: Sitrus Berry
|move|p2b: Amoonguss|Spore|p1b: Electabuzz
|-activate|p1b: Electabuzz|move: Protect
|
|-damage|p2a: Ursaluna|94/100 brn|[from] brn
|upkeep
|turn|3
|
|t:|1756663400
|move|p2b: Amoonguss|Rage Powder|p2b: Amoonguss
|-singleturn|p2b: Amoonguss|move: Rage Powder
|move|p1b: Electabuzz|Taunt|p2b: Amoonguss
|-start|p2b: Amoonguss|move: Taunt
|-curestatus|p1a: Kingambit|slp|[msg]
|move|p1a: Kingambit|Kowtow Cleave|p2b: Amoonguss
|-damage|p2b: Amoonguss|0 fnt
|faint|p2b: Amoonguss
|move|p2a: Ursaluna|Facade|p1a: Kingambit
|-damage|p1a: Kingambit|0 fnt
|faint|p1a: Kingambit
|
|-damage|p2a: Ursaluna|88/100 brn|[from] brn
|-end|p2a: Ursaluna|move: Taunt
|upkeep
|
|t:|1756663415
|switch|p1a: Sneasler|Sneasler, L50, M|100/100
|switch|p2b: Incineroar|Incineroar, L50, M|100/100
|-ability|p2b: Incineroar|Intimidate|boost
|-unboost|p1a: Sneasler|atk|1
|-unboost|p1b: Electabuzz|atk|1
|-enditem|p1a: Sneasler|White Herb
|-clearnegativeboost|p1a: Sneasler|[silent]
|turn|4
|
|t:|1756663431
|switch|p1a: Dragonite|Dragonite, L50, M|100/100
|move|p2b: Incineroar|Fake Out|p1a: Dragonite
|-damage|p1a: Dragonite|94/100
|move|p1b: Electabuzz|Taunt|p2b: Incineroar
|-start|p2b: Incineroar|move: Taunt
|move|p2a: Ursaluna|Facade|p1b: Electabuzz
|-damage|p1b: Electabuzz|1/100
|
|-damage|p2a: Ursaluna|82/100 brn|[from] brn
|upkeep
|turn|5
|
|t:|1756663445
|switch|p2b: Porygon2|Porygon2, L50, shiny|100/100
|-ability|p2b: Porygon2|Download|boost
|-boost|p2b: Porygon2|atk|1
|move|p1a: Dragonite|Protect|p1a: Dragonite
|-singleturn|p1a: Dragonite|Protect
|move|p2a: Ursaluna|Protect|p2a: Ursaluna
|-singleturn|p2a: Ursaluna|Protect
|move|p1b: Electabuzz|Taunt|p2a: Ursaluna
|-activate|p2a: Ursaluna|move: Protect
|
|-damage|p2a: Ursaluna|76/100 brn|[from] brn
|upkeep
|turn|6
|
|t:|1756663464
|switch|p2a: Incineroar|Incineroar, L50, M|100/100
|-ability|p2a: Incineroar|Intimidate|boost
|-unboost|p1a: Dragonite|atk|1
|-unboost|p1b: Electabuzz|atk|1
|move|p1b: Electabuzz|Taunt|p2b: Porygon2
|-start|p2b: Porygon2|move: Taunt
|move|p1a: Dragonite|Scale Shot|p2a: Incineroar
|-crit|p2a: Incineroar
|-damage|p2a: Incineroar|78/100
|-damage|p2a: Incineroar|69/100
|-damage|p2a: Incineroar|60/100
|-damage|p2a: Incineroar|50/100
|-damage|p2a: Incineroar|40/100
|-hitcount|p2a: Incineroar|5
|-unboost|p1a: Dragonite|def|1
|-boost|p1a: Dragonite|spe|1
|move|p2b: Porygon2|Ice Beam|p1a: Dragonite
|-supereffective|p1a: Dragonite
|-damage|p1a: Dragonite|0 fnt
|faint|p1a: Dragonite
|
|upkeep
|
|t:|1756663468
|switch|p1a: Sneasler|Sneasler, L50, M|100/100
|turn|7
|inactive|Jakobtc has 30 seconds left.
|
|t:|1756663501
|-terastallize|p2a: Incineroar|Bug
|move|p1b: Electabuzz|Protect|p1b: Electabuzz
|-singleturn|p1b: Electabuzz|Protect
|move|p2a: Incineroar|Fake Out|p1b: Electabuzz
|-activate|p1b: Electabuzz|move: Protect
|move|p1a: Sneasler|Close Combat|p2b: Porygon2
|-supereffective|p2b: Porygon2
|-damage|p2b: Porygon2|19/100
|-unboost|p1a: Sneasler|def|1
|-unboost|p1a: Sneasler|spd|1
|move|p2b: Porygon2|Ice Beam|p1a: Sneasler
|-damage|p1a: Sneasler|40/100
|
|upkeep
|turn|8
|inactive|HunterOnShowdown has 30 seconds left.
|
|t:|1756663527
|move|p1a: Sneasler|Dire Claw|p2a: Incineroar
|-damage|p2a: Incineroar|0 fnt
|faint|p2a: Incineroar
|move|p1b: Electabuzz|Electroweb|p2b: Porygon2
|-damage|p2b: Porygon2|7/100
|-unboost|p2b: Porygon2|spe|1
|move|p2b: Porygon2|Ice Beam|p1a: Sneasler
|-damage|p1a: Sneasler|0 fnt
|faint|p1a: Sneasler
|
|-end|p2b: Porygon2|move: Taunt
|upkeep
|-message|HunterOnShowdown forfeited.
|
|win|Jakobtc
||HunterOnShowdown is ready for game 2.
