|j|☆RonJohn
|j|☆meekmatt
|html|RonJohnmeekmatt    
|uhtml|bestof|Game 3 of a best-of-3
|t:|1756151812
|gametype|doubles
|player|p1|RonJohn|1|1070
|player|p2|meekmatt|265|1145
|gen|9
|tier|[Gen 9] VGC 2025 Reg H (Bo3)
|rated|
|rule|Species Clause: Limit one of each Pokémon
|rule|Item Clause: Limit 1 of each item
|clearpoke
|poke|p1|Sneasler, L50, F|
|poke|p1|Gholdengo, L50|
|poke|p1|Dragonite, L50, F|
|poke|p1|Ursaluna-Bloodmoon, L50, M|
|poke|p1|Amoonguss, L50, M|
|poke|p1|Incineroar, L50, M|
|poke|p2|Whimsicott, L50, M|
|poke|p2|Annihilape, L50, M|
|poke|p2|Typhlosion-Hisui, L50, F|
|poke|p2|Lilligant-Hisui, L50, F|
|poke|p2|Incineroar, L50, F|
|poke|p2|Gholdengo, L50|
|teampreview|4
|showteam|p1|Sneasler||WhiteHerb|Unburden|CloseCombat,ThroatChop,DireClaw,Protect|||F|||50|,,,,,Stellar]Gholdengo||LifeOrb|GoodasGold|MakeItRain,ShadowBall,NastyPlot,Protect||||||50|,,,,,Water]Dragonite||LoadedDice|Multiscale|ScaleShot,Tailwind,Haze,Protect|||F|||50|,,,,,Fairy]Ursaluna-Bloodmoon||AssaultVest|MindsEye|VacuumWave,EarthPower,HyperVoice,BloodMoon|||M|||50|,,,,,Water]Amoonguss||SitrusBerry|Regenerator|PollenPuff,Spore,Protect,RagePowder|||M|||50|,,,,,Psychic]Incineroar||SafetyGoggles|Intimidate|FlareBlitz,KnockOff,FakeOut,PartingShot|||M|||50|,,,,,Ghost
|showteam|p2|Whimsicott||CovertCloak|Prankster|Moonblast,Tailwind,Taunt,SunnyDay|||M|||50|,,,,,Fairy]Annihilape||FocusSash|Defiant|FinalGambit,CloseCombat,RageFist,Protect|||M|||50|,,,,,Grass]Typhlosion-Hisui||ChoiceSpecs|Blaze|Eruption,HeatWave,ShadowBall,Overheat|||F|||50|,,,,,Fire]Lilligant-Hisui||HeavyDutyBoots|Chlorophyll|HelpingHand,AfterYou,CloseCombat,Encore|||F|||50|,,,,,Fighting]Incineroar||SafetyGoggles|Intimidate|FakeOut,HelpingHand,FlareBlitz,KnockOff|||F|||50|,,,,,Ghost]Gholdengo||LifeOrb|GoodasGold|MakeItRain,Protect,ShadowBall,DazzlingGleam||||||50|,,,,,Fairy
|inactive|Battle timer is ON: inactive players will automatically lose when time's up. (requested by RonJohn)
|
|t:|1756151835
|teamsize|p1|4
|teamsize|p2|4
|start
|switch|p1a: Sneasler|Sneasler, L50, F|100/100
|switch|p1b: Dragonite|Dragonite, L50, F|100/100
|switch|p2a: Lovely Bastards|Whimsicott, L50, M|100/100
|switch|p2b: Monkey|Annihilape, L50, M|100/100
|turn|1
|
|t:|1756151854
|move|p1a: Sneasler|Protect|p1a: Sneasler
|-singleturn|p1a: Sneasler|Protect
|move|p2b: Monkey|Protect|p2b: Monkey
|-singleturn|p2b: Monkey|Protect
|move|p1b: Dragonite|Protect|p1b: Dragonite
|-singleturn|p1b: Dragonite|Protect
|move|p2a: Lovely Bastards|Tailwind|p2a: Lovely Bastards
|-sidestart|p2: meekmatt|move: Tailwind
|
|upkeep
|turn|2
|inactive|RonJohn has 30 seconds left.
|inactive|meekmatt has 30 seconds left.
|
|t:|1756151885
|switch|p1b: Gholdengo|Gholdengo, L50|100/100
|move|p2a: Lovely Bastards|Moonblast|p1a: Sneasler
|-damage|p1a: Sneasler|63/100
|-unboost|p1a: Sneasler|spa|1
|-enditem|p1a: Sneasler|White Herb
|-clearnegativeboost|p1a: Sneasler|[silent]
|move|p1a: Sneasler|Dire Claw|p2a: Lovely Bastards
|-supereffective|p2a: Lovely Bastards
|-damage|p2a: Lovely Bastards|0 fnt
|faint|p2a: Lovely Bastards
|move|p2b: Monkey|Close Combat|p1a: Sneasler
|-resisted|p1a: Sneasler
|-damage|p1a: Sneasler|11/100
|-unboost|p2b: Monkey|def|1
|-unboost|p2b: Monkey|spd|1
|
|upkeep
|
|t:|1756151902
|switch|p2a: Golden Gun|Gholdengo, L50|100/100
|turn|3
|inactive|RonJohn has 30 seconds left.
|inactive|meekmatt has 30 seconds left.
|
|t:|1756151934
|-terastallize|p1b: Gholdengo|Water
|move|p2b: Monkey|Protect|p2b: Monkey
|-singleturn|p2b: Monkey|Protect
|move|p1a: Sneasler|Throat Chop|p2b: Monkey
|-activate|p2b: Monkey|move: Protect
|move|p2a: Golden Gun|Shadow Ball|p1b: Gholdengo
|-damage|p1b: Gholdengo|36/100
|-damage|p2a: Golden Gun|91/100|[from] item: Life Orb
|move|p1b: Gholdengo|Make It Rain|p2a: Golden Gun|[spread] p2a
|-activate|p2b: Monkey|move: Protect
|-resisted|p2a: Golden Gun
|-damage|p2a: Golden Gun|49/100
|-unboost|p1b: Gholdengo|spa|1
|-damage|p1b: Gholdengo|26/100|[from] item: Life Orb
|
|upkeep
|turn|4
|inactive|meekmatt has 30 seconds left.
|
|t:|1756151963
|switch|p2b: Hot Dog|Typhlosion-Hisui, L50, F|100/100
|move|p1a: Sneasler|Protect|p1a: Sneasler
|-singleturn|p1a: Sneasler|Protect
|move|p1b: Gholdengo|Protect|p1b: Gholdengo
|-singleturn|p1b: Gholdengo|Protect
|move|p2a: Golden Gun|Make It Rain|p1a: Sneasler|[spread] 
|-activate|p1a: Sneasler|move: Protect
|-activate|p1b: Gholdengo|move: Protect
|
|-sideend|p2: meekmatt|move: Tailwind
|upkeep
|turn|5
|inactive|RonJohn has 30 seconds left.
|
|t:|1756151997
|switch|p1b: Incineroar|Incineroar, L50, M|100/100
|-ability|p1b: Incineroar|Intimidate|boost
|-unboost|p2a: Golden Gun|atk|1
|-unboost|p2b: Hot Dog|atk|1
|move|p1a: Sneasler|Throat Chop|p2b: Hot Dog
|-supereffective|p2b: Hot Dog
|-damage|p2b: Hot Dog|19/100
|-start|p2b: Hot Dog|Throat Chop|[silent]
|move|p2b: Hot Dog|Heat Wave|p1a: Sneasler|[spread] p1a,p1b
|-resisted|p1b: Incineroar
|-damage|p1a: Sneasler|0 fnt
|-damage|p1b: Incineroar|65/100
|faint|p1a: Sneasler
|move|p2a: Golden Gun|Make It Rain|p1b: Incineroar
|-resisted|p1b: Incineroar
|-damage|p1b: Incineroar|31/100
|-unboost|p2a: Golden Gun|spa|1
|-damage|p2a: Golden Gun|39/100|[from] item: Life Orb
|
|upkeep
|inactive|RonJohn has 30 seconds left.
|
|t:|1756152024
|switch|p1a: Dragonite|Dragonite, L50, F|100/100
|turn|6
|inactive|RonJohn has 30 seconds left.
|
|t:|1756152051
|-terastallize|p2a: Golden Gun|Fairy
|move|p2b: Hot Dog|Heat Wave|p1a: Dragonite|[spread] p1b
|-miss|p2b: Hot Dog|p1a: Dragonite
|-resisted|p1b: Incineroar
|-damage|p1b: Incineroar|0 fnt
|faint|p1b: Incineroar
|move|p2a: Golden Gun|Dazzling Gleam|p1a: Dragonite
|-supereffective|p1a: Dragonite
|-damage|p1a: Dragonite|59/100
|-damage|p2a: Golden Gun|29/100|[from] item: Life Orb
|move|p1a: Dragonite|Scale Shot|p2a: Golden Gun
|-immune|p2a: Golden Gun
|
|-end|p2b: Hot Dog|Throat Chop|[silent]
|upkeep
|
|t:|1756152064
|switch|p1b: Gholdengo|Gholdengo, L50, tera:Water|26/100
|turn|7
|
|t:|1756152078
|move|p1b: Gholdengo|Protect|p1b: Gholdengo
|-singleturn|p1b: Gholdengo|Protect
|move|p2b: Hot Dog|Heat Wave|p1b: Gholdengo|[spread] p1a
|-activate|p1b: Gholdengo|move: Protect
|-resisted|p1a: Dragonite
|-damage|p1a: Dragonite|18/100
|-status|p1a: Dragonite|brn
|move|p2a: Golden Gun|Dazzling Gleam|p1a: Dragonite|[spread] p1a
|-activate|p1b: Gholdengo|move: Protect
|-supereffective|p1a: Dragonite
|-damage|p1a: Dragonite|0 fnt
|faint|p1a: Dragonite
|-damage|p2a: Golden Gun|19/100|[from] item: Life Orb
|
|upkeep
|turn|8
|c|☆RonJohn|hnnnng
|-message|RonJohn forfeited.
|
|win|meekmatt
|raw|RonJohn's rating: 1070 → 1054(-16 for losing)
|raw|meekmatt's rating: 1145 → 1165(+20 for winning)
