|j|☆Senli
|j|☆beeetch
|html|Senlibeeetch    
|uhtml|bestof|Game 2 of a best-of-3
|t:|1786027466
|gametype|doubles
|player|p1|Senli|florian-bb|1160
|player|p2|beeetch|265|1227
|gen|9
|tier|[Gen 9 Champions] VGC 2026 Reg M-B (Bo3)
|rated|
|rule|Species Clause: Limit one of each Pokémon
|rule|Item Clause: Limit 1 of each item
|clearpoke
|poke|p1|Staraptor, L50, M, shiny|
|poke|p1|Glimmora, L50, F, shiny|
|poke|p1|Kingambit, L50, M, shiny|
|poke|p1|Whimsicott, L50, F, shiny|
|poke|p1|Delphox, L50, M, shiny|
|poke|p1|Garchomp, L50, F, shiny|
|poke|p2|Hydreigon, L50, M|
|poke|p2|Raichu, L50, F|
|poke|p2|Kingambit, L50, M|
|poke|p2|Delphox, L50, M|
|poke|p2|Mamoswine, L50, M|
|poke|p2|Whimsicott, L50, M|
|teampreview|4
|showteam|p1|Staraptor||Staraptite|Intimidate|CloseCombat,BraveBird,Roost,Protect|Jolly||M|||50|]Glimmora||FocusSash|ToxicDebris|PowerGem,SludgeBomb,EarthPower,SpikyShield|Timid||F|||50|]Kingambit||ChopleBerry|Defiant|KowtowCleave,IronHead,LowKick,SuckerPunch|Adamant||M|||50|]Whimsicott||OccaBerry|Prankster|Tailwind,Moonblast,Charm,LightScreen|Timid||F|||50|]Delphox||Delphoxite|Blaze|HeatWave,Psychic,Substitute,Protect|Timid||M|||50|]Garchomp||ChoiceScarf|RoughSkin|DragonClaw,RockSlide,Earthquake,StompingTantrum|Jolly||F|||50|
|showteam|p2|Hydreigon||ChoiceScarf|Levitate|Snarl,DarkPulse,DracoMeteor,EarthPower|Timid||M|||50|]Raichu||RaichuniteY|LightningRod|ZapCannon,FocusBlast,FakeOut,Protect|Timid||F|||50|]Kingambit||BlackGlasses|Defiant|Protect,IronHead,KowtowCleave,SuckerPunch|Brave||M|||50|]Delphox||Delphoxite|Blaze|HeatWave,Psyshock,NastyPlot,Protect|Timid||M|||50|]Mamoswine||LifeOrb|Oblivious|RockSlide,IcicleCrash,HighHorsepower,Protect|Jolly||M|||50|]Whimsicott||FocusSash|Prankster|Tailwind,Protect,Encore,Moonblast|Bold||M|||50|
|inactive|Battle timer is ON: inactive players will automatically lose when time's up. (requested by Senli)
|inactive|Senli has 60 seconds left.
|
|t:|1786027504
|teamsize|p1|4
|teamsize|p2|4
|start
|switch|p1a: Garchomp|Garchomp, L50, F, shiny|100/100
|switch|p1b: Whimsicott|Whimsicott, L50, F, shiny|100/100
|switch|p2a: Whimsicott|Whimsicott, L50, M|100/100
|switch|p2b: Delphox|Delphox, L50, M|100/100
|turn|1
|
|t:|1786027525
|detailschange|p2b: Delphox|Delphox-Mega, L50, M
|-mega|p2b: Delphox|Delphox|Delphoxite
|move|p1b: Whimsicott|Tailwind|p1b: Whimsicott
|-sidestart|p1: Senli|move: Tailwind
|move|p2a: Whimsicott|Tailwind|p2a: Whimsicott
|-sidestart|p2: beeetch|move: Tailwind
|move|p1a: Garchomp|Rock Slide|p2a: Whimsicott|[spread] p2b
|-miss|p1a: Garchomp|p2a: Whimsicott
|-supereffective|p2b: Delphox|1
|-damage|p2b: Delphox|55/100
|move|p2b: Delphox|Heat Wave|p1b: Whimsicott|[spread] p1a,p1b
|-resisted|p1a: Garchomp|1
|-supereffective|p1b: Whimsicott|1
|-enditem|p1b: Whimsicott|Occa Berry|[eat]
|-enditem|p1b: Whimsicott|Occa Berry|[weaken]
|-damage|p1a: Garchomp|78/100
|-damage|p1b: Whimsicott|49/100
|
|upkeep
|turn|2
|
|t:|1786027543
|move|p1b: Whimsicott|Light Screen|p1b: Whimsicott
|-sidestart|p1: Senli|move: Light Screen
|move|p1a: Garchomp|Rock Slide|p2a: Whimsicott|[spread] p2a,p2b
|-supereffective|p2b: Delphox|1
|-damage|p2a: Whimsicott|83/100
|-damage|p2b: Delphox|12/100
|move|p2b: Delphox|Heat Wave|p1b: Whimsicott|[spread] p1a,p1b
|-resisted|p1a: Garchomp|1
|-supereffective|p1b: Whimsicott|1
|-damage|p1a: Garchomp|65/100
|-damage|p1b: Whimsicott|0 fnt
|faint|p1b: Whimsicott
|cant|p2a: Whimsicott|flinch
|
|upkeep
|
|t:|1786027559
|switch|p1b: Staraptor|Staraptor, L50, M, shiny|100/100
|-ability|p1b: Staraptor|Intimidate|boost
|-unboost|p2a: Whimsicott|atk|1
|-unboost|p2b: Delphox|atk|1
|turn|3
|
|t:|1786027567
|detailschange|p1b: Staraptor|Staraptor-Mega, L50, M, shiny
|-mega|p1b: Staraptor|Staraptor|Staraptite
|move|p2a: Whimsicott|Protect|p2a: Whimsicott
|-singleturn|p2a: Whimsicott|Protect
|move|p2b: Delphox|Protect|p2b: Delphox
|-singleturn|p2b: Delphox|Protect
|move|p1a: Garchomp|Rock Slide|p2b: Delphox|[spread] 
|-activate|p2a: Whimsicott|move: Protect
|-activate|p2b: Delphox|move: Protect
|move|p1b: Staraptor|Close Combat|p2a: Whimsicott
|-activate|p2a: Whimsicott|move: Protect
|
|upkeep
|turn|4
|
|t:|1786027585
|switch|p2b: Mamoswine|Mamoswine, L50, M|100/100
|move|p1a: Garchomp|Rock Slide|p2a: Whimsicott|[spread] p2a,p2b
|-damage|p2a: Whimsicott|67/100
|-damage|p2b: Mamoswine|76/100
|move|p1b: Staraptor|Close Combat|p2b: Mamoswine
|-supereffective|p2b: Mamoswine|1
|-damage|p2b: Mamoswine|0 fnt
|-boost|p1b: Staraptor|def|1
|-boost|p1b: Staraptor|spd|1
|faint|p2b: Mamoswine
|move|p2a: Whimsicott|Moonblast|p1b: Staraptor
|-supereffective|p1b: Staraptor|1
|-damage|p1b: Staraptor|74/100
|
|-sideend|p1: Senli|move: Tailwind
|-sideend|p2: beeetch|move: Tailwind
|upkeep
|
|t:|1786027597
|switch|p2b: Delphox|Delphox-Mega, L50, M|12/100
|turn|5
|
|t:|1786027608
|move|p2a: Whimsicott|Tailwind|p2a: Whimsicott
|-sidestart|p2: beeetch|move: Tailwind
|move|p2b: Delphox|Psyshock|p1b: Staraptor
|-supereffective|p1b: Staraptor|1
|-damage|p1b: Staraptor|40/100
|move|p1a: Garchomp|Rock Slide|p2b: Delphox|[spread] p2a,p2b
|-supereffective|p2b: Delphox|1
|-damage|p2a: Whimsicott|51/100
|-damage|p2b: Delphox|0 fnt
|faint|p2b: Delphox
|move|p1b: Staraptor|Brave Bird|p2a: Whimsicott
|-supereffective|p2a: Whimsicott|1
|-damage|p2a: Whimsicott|0 fnt
|faint|p2a: Whimsicott
|-damage|p1b: Staraptor|25/100|[from] Recoil
|
|upkeep
|
|t:|1786027614
|switch|p2b: Hydreigon|Hydreigon, L50, M|100/100
|turn|6
|-message|beeetch forfeited.
|raw|Senli's rating: 1160 → 1190(+30 for winning)
|raw|beeetch's rating: 1227 → 1197(-30 for losing)
|
|win|Senli
|l|☆beeetch
|player|p2|
