|j|☆dont make me walk
|j|☆drewqfan
|html|dont make me walkdrewqfan    
|uhtml|bestof|Game 3 of a best-of-3
|t:|1756114608
|gametype|doubles
|player|p1|dont make me walk|red-masters3|1257
|player|p2|drewqfan|preschooler|1368
|gen|9
|tier|[Gen 9] VGC 2025 Reg H (Bo3)
|rated|
|rule|Species Clause: Limit one of each Pokémon
|rule|Item Clause: Limit 1 of each item
|clearpoke
|poke|p1|Murkrow, L50, M|
|poke|p1|Ursaluna-Bloodmoon, L50, M|
|poke|p1|Gholdengo, L50|
|poke|p1|Farigiraf, L50, M|
|poke|p1|Incineroar, L50, M|
|poke|p1|Basculegion, L50, M|
|poke|p2|Farigiraf, L50, M|
|poke|p2|Incineroar, L50, M|
|poke|p2|Rillaboom, L50, M|
|poke|p2|Sneasler, L50, M|
|poke|p2|Gholdengo, L50|
|poke|p2|Basculegion, L50, M|
|teampreview|4
|showteam|p1|Murkrow||Eviolite|Prankster|Tailwind,FoulPlay,Haze,RainDance|||M|||50|,,,,,Ghost]Ursaluna-Bloodmoon||LifeOrb|MindsEye|Protect,EarthPower,HyperVoice,BloodMoon|||M|||50|,,,,,Normal]Gholdengo||ChoiceSpecs|GoodasGold|MakeItRain,ShadowBall,Thunderbolt,Trick||||||50|,,,,,Steel]Farigiraf||SafetyGoggles|ArmorTail|TrickRoom,Imprison,TeraBlast,Psychic|||M|||50|,,,,,Fighting]Incineroar||AssaultVest|Intimidate|FakeOut,KnockOff,FlareBlitz,Uturn|||M|||50|,,,,,Grass]Basculegion||ChoiceScarf|Adaptability|WaveCrash,LastRespects,FlipTurn,AquaJet|||M|||50|,,,,,Water
|showteam|p2|Farigiraf||ThroatSpray|ArmorTail|HyperVoice,Psychic,Protect,TrickRoom|||M|||50|,,,,,Fairy]Incineroar||SafetyGoggles|Intimidate|FlareBlitz,KnockOff,FakeOut,PartingShot|||M|||50|,,,,,Ghost]Rillaboom||AssaultVest|GrassySurge|WoodHammer,GrassyGlide,Uturn,FakeOut|||M|||50|,,,,,Fire]Sneasler||GrassySeed|Unburden|Acrobatics,CloseCombat,DireClaw,Protect|||M|||50|,,,,,Flying]Gholdengo||LifeOrb|GoodasGold|MakeItRain,ShadowBall,NastyPlot,Protect||||||50|,,,,,Water]Basculegion||ChoiceScarf|Adaptability|WaveCrash,LastRespects,FlipTurn,AquaJet|||M|||50|,,,,,Water
|inactive|Battle timer is ON: inactive players will automatically lose when time's up. (requested by dont make me walk)
|
|t:|1756114631
|teamsize|p1|4
|teamsize|p2|4
|start
|switch|p1a: Murkrow|Murkrow, L50, M, shiny|100/100
|switch|p1b: Gholdengo|Gholdengo, L50|100/100
|switch|p2a: Basculegion|Basculegion, L50, M|100/100
|switch|p2b: Rillaboom|Rillaboom, L50, M|100/100
|-fieldstart|move: Grassy Terrain|[from] ability: Grassy Surge|[of] p2b: Rillaboom
|turn|1
|
|t:|1756114644
|switch|p2a: Incineroar|Incineroar, L50, M|100/100
|-ability|p2a: Incineroar|Intimidate|boost
|-unboost|p1a: Murkrow|atk|1
|-unboost|p1b: Gholdengo|atk|1
|move|p1b: Gholdengo|Shadow Ball|p2a: Incineroar
|-resisted|p2a: Incineroar
|-damage|p2a: Incineroar|69/100
|-unboost|p2a: Incineroar|spd|1
|move|p2b: Rillaboom|U-turn|p1a: Murkrow
|-damage|p1a: Murkrow|77/100
|
|t:|1756114656
|switch|p2b: Farigiraf|Farigiraf, L50, M|100/100|[from] U-turn
|move|p1a: Murkrow|Foul Play|p2a: Incineroar
|-resisted|p2a: Incineroar
|-damage|p2a: Incineroar|56/100
|
|-heal|p2a: Incineroar|62/100|[from] Grassy Terrain
|upkeep
|turn|2
|
|t:|1756114666
|move|p1b: Gholdengo|Shadow Ball|p2a: Incineroar
|-resisted|p2a: Incineroar
|-damage|p2a: Incineroar|19/100
|move|p1a: Murkrow|Foul Play|p2a: Incineroar
|-resisted|p2a: Incineroar
|-damage|p2a: Incineroar|4/100
|move|p2a: Incineroar|Knock Off|p1a: Murkrow
|-resisted|p1a: Murkrow
|-damage|p1a: Murkrow|56/100
|-enditem|p1a: Murkrow|Eviolite|[from] move: Knock Off|[of] p2a: Incineroar
|move|p2b: Farigiraf|Trick Room|p2b: Farigiraf
|-fieldstart|move: Trick Room|[of] p2b: Farigiraf
|
|-heal|p2a: Incineroar|10/100|[from] Grassy Terrain
|upkeep
|turn|3
|
|t:|1756114676
|switch|p1b: Farigiraf|Farigiraf, L50, M|100/100
|move|p2a: Incineroar|Flare Blitz|p1b: Farigiraf
|-damage|p1b: Farigiraf|63/100
|-damage|p2a: Incineroar|0 fnt|[from] Recoil
|faint|p2a: Incineroar
|move|p2b: Farigiraf|Hyper Voice|p1b: Farigiraf|[spread] p1a,p1b
|-damage|p1a: Murkrow|8/100
|-damage|p1b: Farigiraf|32/100
|-enditem|p2b: Farigiraf|Throat Spray
|-boost|p2b: Farigiraf|spa|1|[from] item: Throat Spray
|move|p1a: Murkrow|Foul Play|p2b: Farigiraf
|-supereffective|p2b: Farigiraf
|-damage|p2b: Farigiraf|51/100
|
|-heal|p2b: Farigiraf|57/100|[from] Grassy Terrain
|-heal|p1b: Farigiraf|38/100|[from] Grassy Terrain
|upkeep
|
|t:|1756114687
|switch|p2a: Rillaboom|Rillaboom, L50, M|100/100
|turn|4
|
|t:|1756114698
|move|p1a: Murkrow|Haze|p1a: Murkrow
|-clearallboost
|move|p2b: Farigiraf|Hyper Voice|p1a: Murkrow|[spread] p1a,p1b
|-damage|p1a: Murkrow|0 fnt
|-damage|p1b: Farigiraf|6/100
|faint|p1a: Murkrow
|move|p1b: Farigiraf|Psychic|p2a: Rillaboom
|-damage|p2a: Rillaboom|76/100
|move|p2a: Rillaboom|Wood Hammer|p1b: Farigiraf
|-damage|p1b: Farigiraf|0 fnt
|faint|p1b: Farigiraf
|-damage|p2a: Rillaboom|74/100|[from] Recoil
|
|-heal|p2b: Farigiraf|63/100|[from] Grassy Terrain
|-heal|p2a: Rillaboom|80/100|[from] Grassy Terrain
|upkeep
|
|t:|1756114703
|switch|p1b: Gholdengo|Gholdengo, L50|100/100
|switch|p1a: Ursaluna|Ursaluna-Bloodmoon, L50, M|100/100
|turn|5
|
|t:|1756114718
|-terastallize|p1a: Ursaluna|Normal
|move|p2b: Farigiraf|Hyper Voice|p1b: Gholdengo|[spread] p1a
|-immune|p1b: Gholdengo
|-damage|p1a: Ursaluna|61/100
|move|p1a: Ursaluna|Blood Moon|p2a: Rillaboom
|-damage|p2a: Rillaboom|0 fnt
|faint|p2a: Rillaboom
|-damage|p1a: Ursaluna|51/100|[from] item: Life Orb
|move|p1b: Gholdengo|Make It Rain|p2b: Farigiraf
|-damage|p2b: Farigiraf|0 fnt
|-unboost|p1b: Gholdengo|spa|1
|faint|p2b: Farigiraf
|
|-heal|p1a: Ursaluna|57/100|[from] Grassy Terrain
|-fieldend|move: Grassy Terrain
|upkeep
|
|t:|1756114730
|switch|p2b: Basculegion|Basculegion, L50, M|100/100
|turn|6
|
|t:|1756114746
|-terastallize|p2b: Basculegion|Water
|move|p1a: Ursaluna|Hyper Voice|p2b: Basculegion
|-damage|p2b: Basculegion|3/100
|-damage|p1a: Ursaluna|48/100|[from] item: Life Orb
|move|p1b: Gholdengo|Make It Rain|p2b: Basculegion
|-resisted|p2b: Basculegion
|-damage|p2b: Basculegion|0 fnt
|-unboost|p1b: Gholdengo|spa|1
|faint|p2b: Basculegion
|
|win|dont make me walk
|raw|dont make me walk's rating: 1257 → 1290(+33 for winning)
|raw|drewqfan's rating: 1368 → 1342(-26 for losing)
|l|☆drewqfan
|player|p2|
