|j|☆bleepbopboop
|j|☆14#coder9
|html|bleepbopboop14#coder9    
|uhtml|bestof|Game 1 of a best-of-3
|t:|1756757341
|gametype|doubles
|player|p1|bleepbopboop|ethan|1105
|player|p2|14#coder9|unknown|1130
|gen|9
|tier|[Gen 9] VGC 2025 Reg H (Bo3)
|rated|
|rule|Species Clause: Limit one of each Pokémon
|rule|Item Clause: Limit 1 of each item
|clearpoke
|poke|p1|Excadrill, L50, F|
|poke|p1|Tyranitar, L50, F|
|poke|p1|Sneasler, L50, M|
|poke|p1|Indeedee, L50, M|
|poke|p1|Corviknight, L50, M|
|poke|p1|Annihilape, L50, F|
|poke|p2|Kingambit, L50, F|
|poke|p2|Electabuzz, L50, M|
|poke|p2|Dragapult, L50, M|
|poke|p2|Volcarona, L50, M|
|poke|p2|Rillaboom, L50, F|
|poke|p2|Ninetales-Alola, L50, M|
|teampreview|4
|showteam|p1|Excadrill||FocusSash|SandRush|IronHead,Earthquake,HighHorsepower,Protect|||F|||50|,,,,,Stellar]Tyranitar||AssaultVest|SandStream|RockSlide,KnockOff,TeraBlast,LowKick|||F|||50|,,,,,Flying]Sneasler||PsychicSeed|Unburden|DireClaw,CloseCombat,ThroatChop,Protect|||M|||50|,,,,,Dark]Indeedee||ChoiceScarf|PsychicSurge|ExpandingForce,TeraBlast,Trick,Protect|||M|||50|,,,,,Psychic]Corviknight||Leftovers|MirrorArmor|BraveBird,BulkUp,Roost,Tailwind|||M|||50|,,,,,Dragon]Annihilape||SafetyGoggles|Defiant|RageFist,CloseCombat,FinalGambit,Taunt|||F|||50|,,,,,Water
|showteam|p2|Kingambit||BlackGlasses|Defiant|Protect,KowtowCleave,SuckerPunch,SwordsDance|||F|||50|,,,,,Dark]Electabuzz||Eviolite|VitalSpirit|Protect,Thunderbolt,HelpingHand,FollowMe|||M|||50|,,,,,Ghost]Dragapult||ChoiceSpecs|ClearBody|DracoMeteor,ShadowBall,FireBlast,Uturn|||M|||50|,,,,,Steel]Volcarona||CovertCloak|FlameBody|Protect,HeatWave,GigaDrain,QuiverDance|||M|||50|,,,,,Fairy]Rillaboom||AssaultVest|GrassySurge|WoodHammer,GrassyGlide,Uturn,FakeOut|||F|||50|,,,,,Fire]Ninetales-Alola||LightClay|SnowWarning|FreezeDry,Moonblast,AuroraVeil,Protect|||M|||50|,,,,,Fire
|inactive|Battle timer is ON: inactive players will automatically lose when time's up. (requested by bleepbopboop)
|inactive|bleepbopboop has 60 seconds left.
|
|t:|1756757388
|teamsize|p1|4
|teamsize|p2|4
|start
|switch|p1a: Tyranitar|Tyranitar, L50, F|100/100
|switch|p1b: Excadrill|Excadrill, L50, F|100/100
|switch|p2a: Volcarona|Volcarona, L50, M, shiny|100/100
|switch|p2b: Rillaboom|Rillaboom, L50, F|100/100
|-fieldstart|move: Grassy Terrain|[from] ability: Grassy Surge|[of] p2b: Rillaboom
|-weather|Sandstorm|[from] ability: Sand Stream|[of] p1a: Tyranitar
|turn|1
|
|t:|1756757410
|-terastallize|p1a: Tyranitar|Flying
|move|p2b: Rillaboom|Fake Out|p1a: Tyranitar
|-damage|p1a: Tyranitar|88/100
|move|p1b: Excadrill|Earthquake|p2b: Rillaboom|[spread] p2a,p2b
|-immune|p1a: Tyranitar
|-resisted|p2b: Rillaboom
|-damage|p2a: Volcarona|75/100
|-damage|p2b: Rillaboom|90/100
|move|p2a: Volcarona|Quiver Dance|p2a: Volcarona
|-boost|p2a: Volcarona|spa|1
|-boost|p2a: Volcarona|spd|1
|-boost|p2a: Volcarona|spe|1
|cant|p1a: Tyranitar|flinch
|
|-weather|Sandstorm|[upkeep]
|-damage|p2a: Volcarona|69/100|[from] Sandstorm
|-damage|p2b: Rillaboom|85/100|[from] Sandstorm
|-damage|p1a: Tyranitar|82/100|[from] Sandstorm
|-heal|p2a: Volcarona|75/100|[from] Grassy Terrain
|-heal|p2b: Rillaboom|90/100|[from] Grassy Terrain
|upkeep
|turn|2
|inactive|bleepbopboop has 30 seconds left.
|inactive|14#coder9 has 30 seconds left.
|inactive|bleepbopboop has 20 seconds left.
|inactive|bleepbopboop has 15 seconds left.
|inactive|bleepbopboop has 10 seconds left.
|
|t:|1756757459
|switch|p2b: Ninetales|Ninetales-Alola, L50, M|100/100
|-weather|Snowscape|[from] ability: Snow Warning|[of] p2b: Ninetales
|move|p2a: Volcarona|Protect|p2a: Volcarona
|-singleturn|p2a: Volcarona|Protect
|move|p1b: Excadrill|Earthquake|p2b: Ninetales|[spread] p2b
|-activate|p2a: Volcarona|move: Protect
|-immune|p1a: Tyranitar
|-damage|p2b: Ninetales|82/100
|move|p1a: Tyranitar|Rock Slide|p2b: Ninetales|[spread] p2b
|-activate|p2a: Volcarona|move: Protect
|-supereffective|p2b: Ninetales
|-damage|p2b: Ninetales|34/100
|
|-weather|Snowscape|[upkeep]
|-heal|p2a: Volcarona|82/100|[from] Grassy Terrain
|-heal|p2b: Ninetales|39/100|[from] Grassy Terrain
|upkeep
|turn|3
|inactive|bleepbopboop has 30 seconds left.
|inactive|14#coder9 has 30 seconds left.
|
|t:|1756757493
|move|p2a: Volcarona|Heat Wave|p1a: Tyranitar|[spread] p1a,p1b
|-crit|p1a: Tyranitar
|-supereffective|p1b: Excadrill
|-damage|p1a: Tyranitar|31/100
|-enditem|p1b: Excadrill|Focus Sash
|-damage|p1b: Excadrill|1/100
|move|p2b: Ninetales|Freeze-Dry|p1a: Tyranitar
|-supereffective|p1a: Tyranitar
|-damage|p1a: Tyranitar|4/100
|move|p1b: Excadrill|Earthquake|p2a: Volcarona|[spread] p2a,p2b
|-immune|p1a: Tyranitar
|-crit|p2b: Ninetales
|-damage|p2a: Volcarona|56/100
|-damage|p2b: Ninetales|11/100
|move|p1a: Tyranitar|Rock Slide|p2b: Ninetales|[spread] p2a
|-miss|p1a: Tyranitar|p2b: Ninetales
|-supereffective|p2a: Volcarona
|-damage|p2a: Volcarona|0 fnt
|faint|p2a: Volcarona
|
|-weather|Snowscape|[upkeep]
|-heal|p2b: Ninetales|17/100|[from] Grassy Terrain
|-heal|p1b: Excadrill|7/100|[from] Grassy Terrain
|upkeep
|
|t:|1756757514
|switch|p2a: Rillaboom|Rillaboom, L50, F|90/100
|turn|4
|inactive|bleepbopboop has 30 seconds left.
|
|t:|1756757539
|switch|p1a: Corviknight|Corviknight, L50, M|100/100
|move|p2b: Ninetales|Moonblast|p1b: Excadrill
|-resisted|p1b: Excadrill
|-damage|p1b: Excadrill|0 fnt
|faint|p1b: Excadrill
|move|p2a: Rillaboom|U-turn|p1a: Corviknight
|-resisted|p1a: Corviknight
|-damage|p1a: Corviknight|95/100
|
|t:|1756757547
|switch|p2a: Kingambit|Kingambit, L50, F|100/100|[from] U-turn
|
|-weather|Snowscape|[upkeep]
|-heal|p2b: Ninetales|23/100|[from] Grassy Terrain
|-heal|p1a: Corviknight|100/100|[from] item: Leftovers
|upkeep
|
|t:|1756757555
|switch|p1b: Tyranitar|Tyranitar, L50, F, tera:Flying|4/100
|-weather|Sandstorm|[from] ability: Sand Stream|[of] p1b: Tyranitar
|turn|5
|inactive|bleepbopboop has 30 seconds left.
|inactive|bleepbopboop has 20 seconds left.
|inactive|bleepbopboop has 15 seconds left.
|inactive|bleepbopboop has 10 seconds left.
|
|t:|1756757600
|switch|p2b: Rillaboom|Rillaboom, L50, F|90/100
|move|p2a: Kingambit|Sucker Punch|p1b: Tyranitar
|-crit|p1b: Tyranitar
|-damage|p1b: Tyranitar|0 fnt
|faint|p1b: Tyranitar
|move|p1a: Corviknight|Tailwind|p1a: Corviknight
|-sidestart|p1: bleepbopboop|move: Tailwind
|
|-weather|Sandstorm|[upkeep]
|-damage|p2b: Rillaboom|85/100|[from] Sandstorm
|-heal|p2b: Rillaboom|90/100|[from] Grassy Terrain
|-fieldend|move: Grassy Terrain
|upkeep
|
|t:|1756757611
|switch|p1b: Annihilape|Annihilape, L50, F|100/100
|turn|6
|
|t:|1756757631
|-terastallize|p2a: Kingambit|Dark
|move|p2a: Kingambit|Sucker Punch|p1b: Annihilape
|-damage|p1b: Annihilape|40/100
|move|p1b: Annihilape|Close Combat|p2a: Kingambit
|-supereffective|p2a: Kingambit
|-damage|p2a: Kingambit|36/100
|-unboost|p1b: Annihilape|def|1
|-unboost|p1b: Annihilape|spd|1
|move|p1a: Corviknight|Brave Bird|p2b: Rillaboom
|-supereffective|p2b: Rillaboom
|-crit|p2b: Rillaboom
|-damage|p2b: Rillaboom|0 fnt
|faint|p2b: Rillaboom
|-damage|p1a: Corviknight|71/100|[from] Recoil
|
|-weather|Sandstorm|[upkeep]
|-damage|p2a: Kingambit|30/100|[from] Sandstorm
|-heal|p1a: Corviknight|77/100|[from] item: Leftovers
|upkeep
|
|t:|1756757647
|switch|p2b: Ninetales|Ninetales-Alola, L50, M|23/100
|-weather|Snowscape|[from] ability: Snow Warning|[of] p2b: Ninetales
|turn|7
|inactive|bleepbopboop has 30 seconds left.
|inactive|bleepbopboop has 20 seconds left.
|
|t:|1756757687
|move|p2a: Kingambit|Sucker Punch|p1a: Corviknight
|-damage|p1a: Corviknight|25/100
|move|p1b: Annihilape|Close Combat|p2a: Kingambit
|-supereffective|p2a: Kingambit
|-damage|p2a: Kingambit|0 fnt
|-unboost|p1b: Annihilape|def|1
|-unboost|p1b: Annihilape|spd|1
|faint|p2a: Kingambit
|move|p1a: Corviknight|Brave Bird|p2b: Ninetales
|-damage|p2b: Ninetales|0 fnt
|faint|p2b: Ninetales
|-damage|p1a: Corviknight|19/100|[from] Recoil
|
|win|bleepbopboop
|inactive|bleepbopboop has 30 seconds to confirm battle start!
|inactive|14#coder9 has 30 seconds to confirm battle start!
|inactive|bleepbopboop has 20 seconds to confirm battle start!
|inactive|14#coder9 has 20 seconds to confirm battle start!
||14#coder9 is ready for game 2.
|inactive|bleepbopboop has 10 seconds to confirm battle start!
||bleepbopboop is ready for game 2.
|uhtml|next|Next: Game 2 of 3
|l|☆bleepbopboop
|player|p1|
