|j|ŌśåTMJS01
|j|Ōśåeriksp
|html|TMJS01eriksp    
|uhtml|bestof|Game 1 of a best-of-3
|t:|1783223101
|gametype|doubles
|player|p1|TMJS01|unknown|
|player|p2|eriksp|cynthia-masters4|
|gen|9
|tier|[Gen 9 Champions] VGC 2026 Reg M-B (Bo3)
|rule|Species Clause: Limit one of each Pok├®mon
|rule|Item Clause: Limit 1 of each item
|clearpoke
|poke|p1|Gengar, L50, M|
|poke|p1|Swampert, L50, F|
|poke|p1|Incineroar, L50, F|
|poke|p1|Politoed, L50, F|
|poke|p1|Archaludon, L50, F|
|poke|p1|Sableye, L50, M|
|poke|p2|Floette-Eternal, L50, F|
|poke|p2|Charizard, L50, M|
|poke|p2|Whimsicott, L50, M|
|poke|p2|Garchomp, L50, M|
|poke|p2|Basculegion, L50, M|
|poke|p2|Kingambit, L50, M|
|teampreview|4
|showteam|p1|Gengar||Gengarite|CursedBody|ShadowBall,PerishSong,Disable,Protect|Timid||M|||50|]Swampert||Swampertite|Torrent|WaveCrash,Earthquake,IcePunch,Protect|Adamant||F|||50|]Incineroar||PasshoBerry|Intimidate|ThroatChop,PartingShot,FakeOut,Protect|Sassy||F|||50|]Politoed||SitrusBerry|Drizzle|WeatherBall,PerishSong,Encore,Protect|Calm||F|||50|]Archaludon||Leftovers|Stamina|DragonPulse,FlashCannon,ElectroShot,Protect|Bold||F|||50|]Sableye||LightClay|Prankster|RainDance,WillOWisp,LightScreen,Reflect|Bold||M|||50|
|showteam|p2|Floette-Eternal||Floettite|FlowerVeil|Moonblast,DazzlingGleam,LightofRuin,Protect|Modest||F|||50|]Charizard||CharizarditeY|Blaze|HeatWave,WeatherBall,SolarBeam,Protect|Timid||M|||50|]Whimsicott||FocusSash|Prankster|Moonblast,Tailwind,Encore,Protect|Timid||M|||50|]Garchomp||LifeOrb|RoughSkin|DragonClaw,Earthquake,Protect,RockSlide|Jolly||M|||50|]Basculegion||MysticWater|Adaptability|WaveCrash,LastRespects,AquaJet,Protect|Adamant||M|||50|]Kingambit||ChopleBerry|Defiant|KowtowCleave,IronHead,SuckerPunch,LowKick|Adamant||M|||50|
|inactive|Battle timer is ON: inactive players will automatically lose when time's up. (requested by TMJS01)
|inactive|eriksp has 60 seconds left.
|inactive|eriksp has 30 seconds left.
|inactive|eriksp has 20 seconds left.
|c|Ōśåeriksp|me guarde al chari bastante porque sent├Ł que sin el no me bajo al archaludon en reflect
|inactive|eriksp has 15 seconds left.
|
|t:|1783223181
|teamsize|p1|4
|teamsize|p2|4
|start
|switch|p1a: Archaludon|Archaludon, L50, F|100/100
|switch|p1b: Sableye|Sableye, L50, M|100/100
|switch|p2a: Floette|Floette-Eternal, L50, F|100/100
|switch|p2b: Basculegion|Basculegion, L50, M|100/100
|turn|1
|c|Ōśåeriksp|pero no se
|c|Ōśåeriksp|quizas es plantear un poco mejor la linea
|inactive|eriksp has 30 seconds left.
|c|ŌśåTMJS01|bueno puedeser
|inactive|eriksp has 20 seconds left.
|c|ŌśåTMJS01|igual el meteoribola hacia
|inactive|eriksp has 15 seconds left.
|c|ŌśåTMJS01|80%
|inactive|eriksp has 10 seconds left.
|c|ŌśåTMJS01|heat wave seria tip
|c|ŌśåTMJS01|60%
|
|t:|1783223231
|detailschange|p2a: Floette|Floette-Mega, L50, F
|-mega|p2a: Floette|Floette|Floettite
|-ability|p2a: Floette|Fairy Aura
|move|p1b: Sableye|Light Screen|p1b: Sableye
|-sidestart|p1: TMJS01|move: Light Screen
|move|p2a: Floette|Dazzling Gleam|p1a: Archaludon|[spread] p1a,p1b
|-supereffective|p1b: Sableye|1
|-damage|p1a: Archaludon|68/100
|-damage|p1b: Sableye|7/100
|-ability|p1a: Archaludon|Stamina|boost
|-boost|p1a: Archaludon|def|1
|move|p2b: Basculegion|Wave Crash|p1a: Archaludon
|-resisted|p1a: Archaludon|1
|-damage|p1a: Archaludon|48/100
|-ability|p1a: Archaludon|Stamina|boost
|-boost|p1a: Archaludon|def|1
|-damage|p2b: Basculegion|93/100|[from] Recoil
|move|p1a: Archaludon|Flash Cannon|p2a: Floette
|-supereffective|p2a: Floette|1
|-damage|p2a: Floette|43/100
|
|-heal|p1a: Archaludon|54/100|[from] item: Leftovers
|upkeep
|turn|2
|c|ŌśåTMJS01|mas el terremoto ahi si lo baja
|
|t:|1783223252
|move|p1a: Archaludon|Protect|p1a: Archaludon
|-singleturn|p1a: Archaludon|Protect
|move|p2b: Basculegion|Aqua Jet|p1b: Sableye
|-crit|p1b: Sableye
|-damage|p1b: Sableye|0 fnt
|faint|p1b: Sableye
|move|p2a: Floette|Moonblast|p1a: Archaludon
|-activate|p1a: Archaludon|move: Protect
|
|-heal|p1a: Archaludon|60/100|[from] item: Leftovers
|upkeep
|c|Ōśåeriksp|yo en ese turno me imaginaba dragon pulse a garchomp y wave crash a chari
|
|t:|1783223265
|switch|p1b: Swampert|Swampert, L50, F|100/100
|turn|3
|c|Ōśåeriksp|uy
|c|Ōśåeriksp|me acabo de dar cuenta
|c|Ōśåeriksp|que traje a charizard y floette xd
|inactive|TMJS01 has 30 seconds left.
|inactive|eriksp has 30 seconds left.
|c|ŌśåTMJS01|XDD
|inactive|TMJS01 has 20 seconds left.
|inactive|TMJS01 has 15 seconds left.
|inactive|TMJS01 has 10 seconds left.
|
|t:|1783223314
|switch|p1a: Politoed|Politoed, L50, F|100/100
|-weather|RainDance|[from] ability: Drizzle|[of] p1a: Politoed
|detailschange|p1b: Swampert|Swampert-Mega, L50, F
|-mega|p1b: Swampert|Swampert|Swampertite
|move|p1b: Swampert|Wave Crash|p2a: Floette
|-damage|p2a: Floette|0 fnt
|faint|p2a: Floette
|-damage|p1b: Swampert|87/100|[from] Recoil
|move|p2b: Basculegion|Wave Crash|p1b: Swampert
|-damage|p1b: Swampert|0 fnt
|faint|p1b: Swampert
|-damage|p2b: Basculegion|66/100|[from] Recoil
|
|-weather|RainDance|[upkeep]
|upkeep
|c|ŌśåTMJS01|alm
|
|t:|1783223328
|switch|p2a: Garchomp|Garchomp, L50, M|100/100
|switch|p1b: Archaludon|Archaludon, L50, F|60/100
|turn|4
|
|t:|1783223335
|switch|p2b: Charizard|Charizard, L50, M|100/100
|move|p2a: Garchomp|Earthquake|p1b: Archaludon|[spread] p1a,p1b
|-immune|p2b: Charizard
|-supereffective|p1b: Archaludon|1
|-damage|p1a: Politoed|51/100
|-damage|p1b: Archaludon|0 fnt
|faint|p1b: Archaludon
|-damage|p2a: Garchomp|90/100|[from] item: Life Orb
|move|p1a: Politoed|Weather Ball|p2a: Garchomp
|-damage|p2a: Garchomp|37/100
|
|-weather|RainDance|[upkeep]
|upkeep
|turn|5
|
|t:|1783223349
|move|p2a: Garchomp|Dragon Claw|p1a: Politoed
|-damage|p1a: Politoed|1/100
|-enditem|p1a: Politoed|Sitrus Berry|[eat]
|-heal|p1a: Politoed|26/100|[from] item: Sitrus Berry
|-damage|p2a: Garchomp|27/100|[from] item: Life Orb
|move|p2b: Charizard|Weather Ball|p1a: Politoed
|-resisted|p1a: Politoed|1
|-damage|p1a: Politoed|16/100
|move|p1a: Politoed|Weather Ball|p2b: Charizard
|-supereffective|p2b: Charizard|1
|-damage|p2b: Charizard|0 fnt
|faint|p2b: Charizard
|
|-weather|RainDance|[upkeep]
|upkeep
|
|t:|1783223351
|switch|p2b: Basculegion|Basculegion, L50, M|66/100
|turn|6
|
|t:|1783223354
|move|p2a: Garchomp|Dragon Claw|p1a: Politoed
|-damage|p1a: Politoed|0 fnt
|faint|p1a: Politoed
|-damage|p2a: Garchomp|18/100|[from] item: Life Orb
|
|win|eriksp
