|j|☆marcusquinn
|j|☆tiramisaurus
|html|marcusquinntiramisaurus    
|uhtml|bestof|Game 2 of a best-of-3
|t:|1755224354
|gametype|doubles
|player|p1|marcusquinn|hilbert-wonderlauncher|1215
|player|p2|tiramisaurus|265|1204
|gen|9
|tier|[Gen 9] VGC 2025 Reg H (Bo3)
|rated|
|rule|Species Clause: Limit one of each Pokémon
|rule|Item Clause: Limit 1 of each item
|clearpoke
|poke|p1|Whimsicott, L50, F|
|poke|p1|Archaludon, L50, F|
|poke|p1|Porygon2, L50|
|poke|p1|Incineroar, L50, M|
|poke|p1|Ursaluna, L50, M|
|poke|p1|Sneasler, L50, F|
|poke|p2|Ninetales-Alola, L50, F|
|poke|p2|Kilowattrel, L50, F|
|poke|p2|Garchomp, L50, F|
|poke|p2|Incineroar, L50, F|
|poke|p2|Volcarona, L50, M|
|poke|p2|Clefable, L50, F|
|teampreview|4
|showteam|p1|Whimsicott||CovertCloak|Prankster|Protect,Moonblast,Encore,Tailwind|||F|||50|,,,,,Water]Archaludon||PowerHerb|Sturdy|Protect,ElectroShot,DracoMeteor,FlashCannon|||F|||50|,,,,,Electric]Porygon2||Eviolite|Download|TeraBlast,IceBeam,Recover,TrickRoom||||||50|,,,,,Fighting]Incineroar||SitrusBerry|Intimidate|FlareBlitz,KnockOff,FakeOut,PartingShot|||M|||50|,,,,,Ghost]Ursaluna||FlameOrb|Guts|HeadlongRush,Facade,Earthquake,Protect|||M|||50|,,,,,Ghost]Sneasler||FocusSash|Unburden|Protect,CloseCombat,DireClaw,ThroatChop|||F|||50|,,,,,Stellar
|showteam|p2|Ninetales-Alola||NeverMeltIce|SnowWarning|Blizzard,FreezeDry,AuroraVeil,Protect|||F|||50|,,,,,Water]Kilowattrel||FocusSash|Competitive|Discharge,Protect,Tailwind,AirSlash|||F|||50|,,,,,Electric]Garchomp||ChoiceBand|RoughSkin|Earthquake,TeraBlast,StompingTantrum,DragonClaw|||F|||50|,,,,,Steel]Incineroar||SafetyGoggles|Intimidate|FakeOut,KnockOff,PartingShot,Taunt|||F|||50|,,,,,Ghost]Volcarona||SitrusBerry|FlameBody|BugBuzz,QuiverDance,HeatWave,Protect|||M|||50|,,,,,Water]Clefable||CovertCloak|Unaware|FollowMe,HelpingHand,Protect,Moonblast|||F|||50|,,,,,Ground
|inactive|Battle timer is ON: inactive players will automatically lose when time's up. (requested by marcusquinn)
|inactive|marcusquinn has 60 seconds left.
|inactive|tiramisaurus has 60 seconds left.
|
|t:|1755224403
|teamsize|p1|4
|teamsize|p2|4
|start
|switch|p1a: Whimsicott|Whimsicott, L50, F|100/100
|switch|p1b: Archaludon|Archaludon, L50, F|100/100
|switch|p2a: Incineroar|Incineroar, L50, F|100/100
|switch|p2b: Kilowattrel|Kilowattrel, L50, F|100/100
|-ability|p2a: Incineroar|Intimidate|boost
|-unboost|p1a: Whimsicott|atk|1
|-unboost|p1b: Archaludon|atk|1
|turn|1
|inactive|marcusquinn has 30 seconds left.
|inactive|tiramisaurus has 30 seconds left.
|inactive|marcusquinn has 20 seconds left.
|
|t:|1755224442
|switch|p2a: Garchomp|Garchomp, L50, F|100/100
|move|p1a: Whimsicott|Protect|p1a: Whimsicott
|-singleturn|p1a: Whimsicott|Protect
|move|p1b: Archaludon|Protect|p1b: Archaludon
|-singleturn|p1b: Archaludon|Protect
|move|p2b: Kilowattrel|Tailwind|p2b: Kilowattrel
|-sidestart|p2: tiramisaurus|move: Tailwind
|
|upkeep
|turn|2
|inactive|marcusquinn has 30 seconds left.
|inactive|tiramisaurus has 30 seconds left.
|
|t:|1755224474
|move|p2b: Kilowattrel|Protect|p2b: Kilowattrel
|-singleturn|p2b: Kilowattrel|Protect
|move|p1a: Whimsicott|Tailwind|p1a: Whimsicott
|-sidestart|p1: marcusquinn|move: Tailwind
|move|p2a: Garchomp|Earthquake|p1b: Archaludon|[spread] p1a,p1b
|-activate|p2b: Kilowattrel|move: Protect
|-resisted|p1a: Whimsicott
|-supereffective|p1b: Archaludon
|-crit|p1b: Archaludon
|-damage|p1a: Whimsicott|62/100
|-ability|p1b: Archaludon|Sturdy
|-damage|p1b: Archaludon|1/100
|move|p1b: Archaludon|Electro Shot||[still]
|-prepare|p1b: Archaludon|Electro Shot
|-boost|p1b: Archaludon|spa|1
|-enditem|p1b: Archaludon|Power Herb
|-anim|p1b: Archaludon|Electro Shot|p2b: Kilowattrel
|-activate|p2b: Kilowattrel|move: Protect
|
|upkeep
|turn|3
|inactive|tiramisaurus has 30 seconds left.
|
|t:|1755224502
|move|p1a: Whimsicott|Encore|p2b: Kilowattrel
|-start|p2b: Kilowattrel|Encore
|move|p2b: Kilowattrel|Protect||[still]
|-fail|p2b: Kilowattrel
|move|p2a: Garchomp|Earthquake|p1a: Whimsicott|[spread] p1a,p1b
|-immune|p2b: Kilowattrel
|-resisted|p1a: Whimsicott
|-supereffective|p1b: Archaludon
|-damage|p1a: Whimsicott|26/100
|-damage|p1b: Archaludon|0 fnt
|faint|p1b: Archaludon
|
|upkeep
|
|t:|1755224525
|switch|p1b: Ursaluna|Ursaluna, L50, M|100/100
|turn|4
|
|t:|1755224535
|switch|p2a: Incineroar|Incineroar, L50, F|100/100
|-ability|p2a: Incineroar|Intimidate|boost
|-unboost|p1a: Whimsicott|atk|1
|-unboost|p1b: Ursaluna|atk|1
|move|p2b: Kilowattrel|Protect|p2b: Kilowattrel
|-singleturn|p2b: Kilowattrel|Protect
|move|p1a: Whimsicott|Moonblast|p2a: Incineroar
|-damage|p2a: Incineroar|73/100
|-unboost|p2a: Incineroar|spa|1
|move|p1b: Ursaluna|Facade|p2b: Kilowattrel
|-activate|p2b: Kilowattrel|move: Protect
|
|-sideend|p2: tiramisaurus|move: Tailwind
|-status|p1b: Ursaluna|brn|[from] item: Flame Orb
|upkeep
|turn|5
|inactive|marcusquinn has 30 seconds left.
|inactive|tiramisaurus has 30 seconds left.
|inactive|tiramisaurus has 20 seconds left.
|
|t:|1755224574
|switch|p2b: Volcarona|Volcarona, L50, M|100/100
|move|p1a: Whimsicott|Moonblast|p2b: Volcarona
|-resisted|p2b: Volcarona
|-damage|p2b: Volcarona|86/100
|move|p1b: Ursaluna|Facade|p2b: Volcarona
|-damage|p2b: Volcarona|0 fnt
|faint|p2b: Volcarona
|move|p2a: Incineroar|Parting Shot|p1b: Ursaluna
|-unboost|p1b: Ursaluna|atk|1
|-unboost|p1b: Ursaluna|spa|1
|
|t:|1755224597
|switch|p2a: Kilowattrel|Kilowattrel, L50, F|100/100|[from] Parting Shot
|
|-damage|p1b: Ursaluna|95/100 brn|[from] brn
|-sideend|p1: marcusquinn|move: Tailwind
|upkeep
|
|t:|1755224609
|switch|p2b: Garchomp|Garchomp, L50, F|100/100
|turn|6
|
|t:|1755224630
|move|p1a: Whimsicott|Tailwind|p1a: Whimsicott
|-sidestart|p1: marcusquinn|move: Tailwind
|move|p2a: Kilowattrel|Tailwind|p2a: Kilowattrel
|-sidestart|p2: tiramisaurus|move: Tailwind
|move|p2b: Garchomp|Earthquake|p1a: Whimsicott|[spread] p1a,p1b
|-immune|p2a: Kilowattrel
|-resisted|p1a: Whimsicott
|-damage|p1a: Whimsicott|0 fnt
|-damage|p1b: Ursaluna|53/100 brn
|faint|p1a: Whimsicott
|move|p1b: Ursaluna|Facade|p2a: Kilowattrel
|-enditem|p2a: Kilowattrel|Focus Sash
|-damage|p2a: Kilowattrel|1/100
|
|-damage|p1b: Ursaluna|47/100 brn|[from] brn
|upkeep
|
|t:|1755224643
|switch|p1a: Sneasler|Sneasler, L50, F|100/100
|turn|7
|
|t:|1755224661
|switch|p2b: Incineroar|Incineroar, L50, F|73/100
|-ability|p2b: Incineroar|Intimidate|boost
|-unboost|p1a: Sneasler|atk|1
|-unboost|p1b: Ursaluna|atk|1
|move|p2a: Kilowattrel|Protect|p2a: Kilowattrel
|-singleturn|p2a: Kilowattrel|Protect
|move|p1a: Sneasler|Dire Claw|p2a: Kilowattrel
|-activate|p2a: Kilowattrel|move: Protect
|move|p1b: Ursaluna|Facade|p2b: Incineroar
|-damage|p2b: Incineroar|30/100
|
|-damage|p1b: Ursaluna|41/100 brn|[from] brn
|upkeep
|turn|8
|inactive|marcusquinn has 30 seconds left.
|inactive|tiramisaurus has 30 seconds left.
|
|t:|1755224695
|-terastallize|p1b: Ursaluna|Ghost
|move|p1a: Sneasler|Protect|p1a: Sneasler
|-singleturn|p1a: Sneasler|Protect
|move|p2b: Incineroar|Fake Out|p1b: Ursaluna
|-immune|p1b: Ursaluna
|move|p2a: Kilowattrel|Air Slash|p1a: Sneasler
|-activate|p1a: Sneasler|move: Protect
|move|p1b: Ursaluna|Facade|p2a: Kilowattrel
|-damage|p2a: Kilowattrel|0 fnt
|faint|p2a: Kilowattrel
|
|-damage|p1b: Ursaluna|35/100 brn|[from] brn
|upkeep
|
|t:|1755224707
|switch|p2a: Garchomp|Garchomp, L50, F|100/100
|turn|9
|inactive|marcusquinn has 30 seconds left.
|inactive|tiramisaurus has 30 seconds left.
|
|t:|1755224741
|-terastallize|p2b: Incineroar|Ghost
|move|p1b: Ursaluna|Protect|p1b: Ursaluna
|-singleturn|p1b: Ursaluna|Protect
|move|p1a: Sneasler|Dire Claw|p2b: Incineroar
|-resisted|p2b: Incineroar
|-damage|p2b: Incineroar|17/100
|move|p2a: Garchomp|Stomping Tantrum|p1a: Sneasler
|-supereffective|p1a: Sneasler
|-enditem|p1a: Sneasler|Focus Sash
|-damage|p1a: Sneasler|1/100
|move|p2b: Incineroar|Knock Off|p1a: Sneasler
|-resisted|p1a: Sneasler
|-damage|p1a: Sneasler|0 fnt
|faint|p1a: Sneasler
|
|-damage|p1b: Ursaluna|30/100 brn|[from] brn
|-sideend|p2: tiramisaurus|move: Tailwind
|-sideend|p1: marcusquinn|move: Tailwind
|upkeep
|turn|10
|
|t:|1755224759
|move|p2a: Garchomp|Stomping Tantrum|p1b: Ursaluna
|-damage|p1b: Ursaluna|0 fnt
|faint|p1b: Ursaluna
|
|win|tiramisaurus
|raw|marcusquinn's rating: 1215 → 1189(-26 for losing)
|raw|tiramisaurus's rating: 1204 → 1230(+26 for winning)
