|j|☆Kryzdra
|j|☆viatles
|html|Kryzdraviatles    
|uhtml|bestof|Game 2 of a best-of-3
|t:|1784656707
|gametype|doubles
|player|p1|Kryzdra|veteran|1094
|player|p2|viatles|hiker|1125
|gen|9
|tier|[Gen 9 Champions] VGC 2026 Reg M-B (Bo3)
|rated|
|rule|Species Clause: Limit one of each Pokémon
|rule|Item Clause: Limit 1 of each item
|clearpoke
|poke|p1|Mawile, L50, M|
|poke|p1|Vileplume, L50, M|
|poke|p1|Torkoal, L50, M|
|poke|p1|Farigiraf, L50, F|
|poke|p1|Armarouge, L50, F|
|poke|p1|Aerodactyl, L50, F|
|poke|p2|Beedrill, L50, F, shiny|
|poke|p2|Farigiraf, L50, M|
|poke|p2|Palafin, L50, M|
|poke|p2|Sableye, L50, M|
|poke|p2|Archaludon, L50, F|
|poke|p2|Annihilape, L50, M|
|teampreview|4
|showteam|p1|Mawile||Mawilite|HyperCutter|SuckerPunch,PlayRough,RockSlide,Protect|Brave||M|||50|]Vileplume||FocusSash|Chlorophyll|GigaDrain,SludgeBomb,SleepPowder,Protect|Timid||M|||50|]Torkoal||Charcoal|Drought|Eruption,HeatWave,EarthPower,Protect|Quiet||M|||50|]Farigiraf||SitrusBerry|ArmorTail|TrickRoom,HelpingHand,TwinBeam,Protect|Sassy||F|||50|]Armarouge||ColburBerry|FlashFire|HeatWave,AuraSphere,TrickRoom,WideGuard|Modest||F|||50|]Aerodactyl||Aerodactylite|Unnerve|IceFang,DualWingbeat,RockSlide,Tailwind|Jolly||F|||50|
|showteam|p2|Beedrill||Beedrillite|Swarm|Uturn,DrillRun,PoisonJab,Protect|Jolly||F|||50|]Farigiraf||SitrusBerry|ArmorTail|TrickRoom,Thunderbolt,TwinBeam,RainDance|Bold||M|||50|]Palafin||MysticWater|ZerotoHero|JetPunch,WaveCrash,Protect,DrainPunch|Adamant||M|||50|]Sableye||RoseliBerry|Prankster|FakeOut,FoulPlay,RainDance,Quash|Sassy||M|||50|]Archaludon||Leftovers|Stamina|ElectroShot,Protect,DracoMeteor,AuraSphere|Modest||F|||50|]Annihilape||ChoiceScarf|Defiant|Coaching,CloseCombat,RockSlide,PhantomForce|Jolly||M|||50|
|inactive|Battle timer is ON: inactive players will automatically lose when time's up. (requested by viatles)
|
|t:|1784656724
|teamsize|p1|4
|teamsize|p2|4
|start
|switch|p1a: Armarouge|Armarouge, L50, F|100/100
|switch|p1b: Aerodactyl|Aerodactyl, L50, F|100/100
|switch|p2a: Malsumas|Beedrill, L50, F, shiny|100/100
|switch|p2b: Wife's favorite|Palafin, L50, M|100/100
|-ability|p1b: Aerodactyl|Unnerve
|turn|1
|
|t:|1784656743
|detailschange|p2b: Wife's favorite|Palafin-Hero, L50, M
|switch|p2b: Archaludon|Archaludon, L50, F|100/100
|detailschange|p2a: Malsumas|Beedrill-Mega, L50, F, shiny
|-mega|p2a: Malsumas|Beedrill|Beedrillite
|move|p1a: Armarouge|Wide Guard|p1a: Armarouge
|-singleturn|p1a: Armarouge|Wide Guard
|move|p2a: Malsumas|U-turn|p1a: Armarouge
|-damage|p1a: Armarouge|40/100
|
|t:|1784656750
|switch|p2a: Wife's favorite|Palafin-Hero, L50, M|100/100|[from] U-turn
|-activate|p2a: Wife's favorite|ability: Zero to Hero
|move|p1b: Aerodactyl|Dual Wingbeat|p2a: Wife's favorite
|-damage|p2a: Wife's favorite|85/100
|-damage|p2a: Wife's favorite|69/100
|-hitcount|p2a: Wife's favorite|2
|
|upkeep
|turn|2
|
|t:|1784656768
|move|p2a: Wife's favorite|Jet Punch|p1a: Armarouge
|-supereffective|p1a: Armarouge|1
|-crit|p1a: Armarouge
|-damage|p1a: Armarouge|0 fnt
|faint|p1a: Armarouge
|move|p1b: Aerodactyl|Tailwind|p1b: Aerodactyl
|-sidestart|p1: Kryzdra|move: Tailwind
|move|p2b: Archaludon|Aura Sphere|p1b: Aerodactyl
|-damage|p1b: Aerodactyl|67/100
|
|upkeep
|
|t:|1784656778
|switch|p1a: Farigiraf|Farigiraf, L50, F|100/100
|turn|3
|
|t:|1784656796
|move|p1a: Farigiraf|Helping Hand|p1b: Aerodactyl
|-singleturn|p1b: Aerodactyl|Helping Hand|[of] p1a: Farigiraf
|move|p1b: Aerodactyl|Rock Slide|p2a: Wife's favorite|[spread] p2a,p2b
|-resisted|p2b: Archaludon|1
|-damage|p2a: Wife's favorite|39/100
|-damage|p2b: Archaludon|88/100
|-ability|p2b: Archaludon|Stamina|boost
|-boost|p2b: Archaludon|def|1
|cant|p2a: Wife's favorite|flinch
|move|p2b: Archaludon|Aura Sphere|p1a: Farigiraf
|-damage|p1a: Farigiraf|81/100
|
|-heal|p2b: Archaludon|94/100|[from] item: Leftovers
|upkeep
|turn|4
|
|t:|1784656815
|switch|p1b: Mawile|Mawile, L50, M|100/100
|move|p2a: Wife's favorite|Wave Crash|p1a: Farigiraf
|-damage|p1a: Farigiraf|0 fnt
|faint|p1a: Farigiraf
|-damage|p2a: Wife's favorite|9/100|[from] Recoil
|move|p2b: Archaludon|Electro Shot||[still]
|-prepare|p2b: Archaludon|Electro Shot
|-boost|p2b: Archaludon|spa|1
|
|-heal|p2b: Archaludon|100/100|[from] item: Leftovers
|upkeep
|
|t:|1784656828
|switch|p1a: Aerodactyl|Aerodactyl, L50, F|67/100
|-ability|p1a: Aerodactyl|Unnerve
|turn|5
|inactive|Kryzdra has 30 seconds left.
|
|t:|1784656860
|detailschange|p1b: Mawile|Mawile-Mega, L50, M
|-mega|p1b: Mawile|Mawile|Mawilite
|move|p2a: Wife's favorite|Protect|p2a: Wife's favorite
|-singleturn|p2a: Wife's favorite|Protect
|move|p1b: Mawile|Sucker Punch|p2b: Archaludon
|-damage|p2b: Archaludon|74/100
|-ability|p2b: Archaludon|Stamina|boost
|-boost|p2b: Archaludon|def|1
|move|p1a: Aerodactyl|Dual Wingbeat|p2a: Wife's favorite
|-activate|p2a: Wife's favorite|move: Protect
|move|p2b: Archaludon|Electro Shot|p1b: Mawile|[from] lockedmove
|-damage|p1b: Mawile|34/100
|
|-heal|p2b: Archaludon|80/100|[from] item: Leftovers
|-sideend|p1: Kryzdra|move: Tailwind
|upkeep
|turn|6
|
|t:|1784656883
|move|p2a: Wife's favorite|Jet Punch|p1a: Aerodactyl
|-supereffective|p1a: Aerodactyl|1
|-damage|p1a: Aerodactyl|0 fnt
|faint|p1a: Aerodactyl
|move|p1b: Mawile|Sucker Punch|p2b: Archaludon
|-damage|p2b: Archaludon|63/100
|-ability|p2b: Archaludon|Stamina|boost
|-boost|p2b: Archaludon|def|1
|move|p2b: Archaludon|Aura Sphere|p1b: Mawile
|-damage|p1b: Mawile|0 fnt
|faint|p1b: Mawile
|
|win|viatles
|raw|Kryzdra's rating: 1094 → 1072(-22 for losing)
|raw|viatles's rating: 1125 → 1148(+23 for winning)
|c|☆viatles|ggs
|c|☆Kryzdra|ggs
