|j|â˜†AviDotWav
|j|â˜†eevee1ynn
|html|AviDotWaveevee1ynn    
|uhtml|bestof|Game 1 of a best-of-3
|t:|1785950387
|gametype|doubles
|player|p1|AviDotWav|jacinthe|
|player|p2|eevee1ynn|irida-masters2|
|gen|9
|tier|[Gen 9 Champions] VGC 2026 Reg M-B (Bo3)
|rule|Species Clause: Limit one of each PokÃ©mon
|rule|Item Clause: Limit 1 of each item
|clearpoke
|poke|p1|Audino, L50, F|
|poke|p1|Kingambit, L50, F|
|poke|p1|Incineroar, L50, M|
|poke|p1|Farigiraf, L50, F|
|poke|p1|Torkoal, L50, F|
|poke|p1|Mawile, L50, F|
|poke|p2|Raichu, L50, F|
|poke|p2|Talonflame, L50, M|
|poke|p2|Maushold, L50|
|poke|p2|Kommo-o, L50, F|
|poke|p2|Tsareena, L50, F|
|poke|p2|Delphox, L50, F|
|teampreview|4
|showteam|p1|Audino||Audinite|Regenerator|HelpingHand,TrickRoom,LifeDew,DazzlingGleam|Relaxed||F|||50|]Kingambit||BlackGlasses|Defiant|Protect,IronHead,KowtowCleave,SuckerPunch|Brave||F|||50|]Incineroar||SitrusBerry|Intimidate|FakeOut,ThroatChop,PartingShot,FlareBlitz|Adamant||M|||50|]Farigiraf||ColburBerry|ArmorTail|Psyshock,Thunderbolt,TrickRoom,HelpingHand|Sassy||F|||50|]Torkoal||Charcoal|Drought|Protect,Eruption,WeatherBall,EarthPower|Quiet||F|||50|]Mawile||Mawilite|HyperCutter|SwordsDance,RockSlide,SuckerPunch,PlayRough|Brave||F|||50|
|showteam|p2|Raichu||RaichuniteY|LightningRod|Protect,ZapCannon,FocusBlast,FakeOut|Timid||F|||50|]Talonflame||SharpBeak|GaleWings|QuickGuard,DualWingbeat,Feint,Tailwind|Jolly||M|||50|]Maushold||FocusSash|FriendGuard|Protect,SuperFang,Encore,FollowMe|Timid|||||50|]Kommo-o||LifeOrb|Overcoat|Protect,AuraSphere,ClangingScales,VacuumWave|Modest||F|||50|]Tsareena||WideLens|QueenlyMajesty|Protect,PowerWhip,TripleAxel,Taunt|Adamant||F|||50|]Delphox||Delphoxite|Blaze|Protect,HeatWave,Psychic,Substitute|Timid||F|||50|
|inactive|Battle timer is ON: inactive players will automatically lose when time's up. (requested by AviDotWav)
|c|â˜†AviDotWav|glhf
|c|â˜†eevee1ynn|glhf
|inactive|AviDotWav has 60 seconds left.
|inactive|eevee1ynn has 60 seconds left.
|
|t:|1785950432
|teamsize|p1|4
|teamsize|p2|4
|start
|switch|p1a: Seraphine|Audino, L50, F|100/100
|switch|p1b: Ornn|Incineroar, L50, M|100/100
|switch|p2a: Tsareena|Tsareena, L50, F|100/100
|switch|p2b: Kommo-o|Kommo-o, L50, F|100/100
|-ability|p1b: Ornn|Intimidate|boost
|-unboost|p2a: Tsareena|atk|1
|-unboost|p2b: Kommo-o|atk|1
|turn|1
|inactive|AviDotWav has 30 seconds left.
|inactive|eevee1ynn has 30 seconds left.
|
|t:|1785950466
|detailschange|p1a: Seraphine|Audino-Mega, L50, F
|-mega|p1a: Seraphine|Audino|Audinite
|move|p2b: Kommo-o|Aura Sphere|p1b: Ornn
|-supereffective|p1b: Ornn|1
|-crit|p1b: Ornn
|-damage|p1b: Ornn|0 fnt
|faint|p1b: Ornn
|-damage|p2b: Kommo-o|90/100|[from] item: Life Orb
|move|p2a: Tsareena|Taunt|p1a: Seraphine
|-start|p1a: Seraphine|move: Taunt
|move|p1a: Seraphine|Dazzling Gleam|p2a: Tsareena|[spread] p2a,p2b
|-supereffective|p2b: Kommo-o|2
|-damage|p2a: Tsareena|82/100
|-damage|p2b: Kommo-o|10/100
|
|upkeep
|
|t:|1785950479
|switch|p1b: Leona|Torkoal, L50, F|100/100
|-weather|SunnyDay|[from] ability: Drought|[of] p1b: Leona
|turn|2
|
|t:|1785950492
|switch|p2a: Delphox|Delphox, L50, F|100/100
|move|p2b: Kommo-o|Aura Sphere|p1b: Leona
|-damage|p1b: Leona|36/100
|-damage|p2b: Kommo-o|1/100|[from] item: Life Orb
|move|p1a: Seraphine|Dazzling Gleam|p2a: Delphox|[spread] p2a,p2b
|-resisted|p2a: Delphox|1
|-supereffective|p2b: Kommo-o|2
|-damage|p2a: Delphox|90/100
|-damage|p2b: Kommo-o|0 fnt
|faint|p2b: Kommo-o
|move|p1b: Leona|Eruption|p2a: Delphox
|-resisted|p2a: Delphox|1
|-damage|p2a: Delphox|64/100
|
|-weather|SunnyDay|[upkeep]
|upkeep
|
|t:|1785950498
|switch|p2b: Maushold|Maushold, L50|100/100
|turn|3
|
|t:|1785950504
|detailschange|p2a: Delphox|Delphox-Mega, L50, F
|-mega|p2a: Delphox|Delphox|Delphoxite
|move|p2a: Delphox|Heat Wave|p1a: Seraphine|[spread] p1a,p1b
|-resisted|p1b: Leona|1
|-damage|p1a: Seraphine|55/100
|-damage|p1b: Leona|0 fnt
|faint|p1b: Leona
|move|p2b: Maushold|Super Fang|p1a: Seraphine
|-damage|p1a: Seraphine|27/100
|move|p1a: Seraphine|Dazzling Gleam|p2a: Delphox|[spread] p2a,p2b
|-resisted|p2a: Delphox|1
|-damage|p2a: Delphox|58/100
|-damage|p2b: Maushold|78/100
|
|-weather|SunnyDay|[upkeep]
|-end|p1a: Seraphine|move: Taunt
|upkeep
|
|t:|1785950508
|switch|p1b: Rell|Kingambit, L50, F|100/100
|turn|4
|
|t:|1785950511
|move|p2b: Maushold|Follow Me|p2b: Maushold
|-singleturn|p2b: Maushold|move: Follow Me
|move|p1b: Rell|Sucker Punch||[still]
|-fail|p1b: Rell
|move|p2a: Delphox|Heat Wave|p1b: Rell|[spread] p1b
|-miss|p2a: Delphox|p1a: Seraphine
|-supereffective|p1b: Rell|1
|-damage|p1b: Rell|0 fnt
|faint|p1b: Rell
|move|p1a: Seraphine|Trick Room|p1a: Seraphine
|-fieldstart|move: Trick Room|[of] p1a: Seraphine
|
|-weather|SunnyDay|[upkeep]
|upkeep
|turn|5
|-message|AviDotWav forfeited.
|
|win|eevee1ynn
