|j|☆testingqueen001
|j|☆RagCheese
|html|testingqueen001RagCheese    
|uhtml|bestof|Game 1 of a best-of-3
|t:|1784970820
|gametype|doubles
|player|p1|testingqueen001|265|1222
|player|p2|RagCheese|bellelba|1143
|gen|9
|tier|[Gen 9 Champions] VGC 2026 Reg M-B (Bo3)
|rated|
|rule|Species Clause: Limit one of each Pokémon
|rule|Item Clause: Limit 1 of each item
|clearpoke
|poke|p1|Floette-Eternal, L50, F|
|poke|p1|Garchomp, L50, F|
|poke|p1|Sinistcha, L50|
|poke|p1|Sneasler, L50, M|
|poke|p1|Kingambit, L50, M|
|poke|p1|Incineroar, L50, M|
|poke|p2|Raichu, L50, F|
|poke|p2|Pelipper, L50, F|
|poke|p2|Garchomp, L50, F|
|poke|p2|Archaludon, L50, M|
|poke|p2|Orthworm, L50, F|
|poke|p2|Slowbro, L50, M|
|teampreview|4
|showteam|p1|Floette-Eternal||Floettite|FlowerVeil|DazzlingGleam,DrainingKiss,CalmMind,Protect|Timid||F|||50|]Garchomp||Garchompite|SandVeil|StompingTantrum,ScaleShot,RockSlide,Protect|Adamant||F|||50|]Sinistcha||Leftovers|Hospitality|MatchaGotcha,RagePowder,LifeDew,Protect|Calm|||||50|]Sneasler||MentalHerb|Unburden|FakeOut,Coaching,DireClaw,CloseCombat|Jolly||M|||50|]Kingambit||LifeOrb|Defiant|IronHead,SuckerPunch,KowtowCleave,Protect|Adamant||M|||50|]Incineroar||SitrusBerry|Intimidate|ThroatChop,FlareBlitz,FakeOut,PartingShot|Careful||M|||50|
|showteam|p2|Raichu||RaichuniteX|LightningRod|Protect,FakeOut,Encore,RisingVoltage|Modest||F|||50|]Pelipper||FocusSash|Drizzle|Hurricane,WeatherBall,Tailwind,WideGuard|Modest||F|||50|]Garchomp||ChoiceScarf|RoughSkin|Earthquake,StompingTantrum,DragonClaw,RockSlide|Adamant||F|||50|]Archaludon||LifeOrb|Stamina|DracoMeteor,ElectroShot,FlashCannon,Protect|Modest||M|||50|]Orthworm||SitrusBerry|EarthEater|ShedTail,HelpingHand,BodyPress,IronHead|Adamant||F|||50|]Slowbro||Slowbronite|Regenerator|MuddyWater,Yawn,TrickRoom,Protect|Quiet||M|||50|
|inactive|Battle timer is ON: inactive players will automatically lose when time's up. (requested by testingqueen001)
|
|t:|1784970845
|teamsize|p1|4
|teamsize|p2|4
|start
|switch|p1a: Sneasler|Sneasler, L50, M|100/100
|switch|p1b: Garchomp|Garchomp, L50, F|100/100
|switch|p2a: Garchomp|Garchomp, L50, F|100/100
|switch|p2b: Pelipper|Pelipper, L50, F|100/100
|-weather|RainDance|[from] ability: Drizzle|[of] p2b: Pelipper
|turn|1
|inactive|RagCheese has 30 seconds left.
|
|t:|1784970875
|detailschange|p1b: Garchomp|Garchomp-Mega, L50, F
|-mega|p1b: Garchomp|Garchomp|Garchompite
|move|p1a: Sneasler|Fake Out|p2b: Pelipper
|-damage|p2b: Pelipper|84/100
|move|p2a: Garchomp|Earthquake|p1a: Sneasler|[spread] p1a,p1b
|-immune|p2b: Pelipper
|-supereffective|p1a: Sneasler|1
|-damage|p1a: Sneasler|0 fnt
|-damage|p1b: Garchomp|67/100
|faint|p1a: Sneasler
|move|p1b: Garchomp|Scale Shot|p2a: Garchomp
|-supereffective|p2a: Garchomp|1
|-damage|p2a: Garchomp|66/100
|-supereffective|p2a: Garchomp|1
|-damage|p2a: Garchomp|33/100
|-supereffective|p2a: Garchomp|1
|-damage|p2a: Garchomp|2/100
|-hitcount|p2a: Garchomp|3
|-unboost|p1b: Garchomp|def|1
|-boost|p1b: Garchomp|spe|1
|cant|p2b: Pelipper|flinch
|
|-weather|RainDance|[upkeep]
|upkeep
|
|t:|1784970886
|switch|p1a: Sinistcha|Sinistcha, L50|100/100
|-heal|p1b: Garchomp|91/100|[from] ability: Hospitality|[of] p1a: Sinistcha
|turn|2
|inactive|RagCheese has 30 seconds left.
|
|t:|1784970911
|move|p2a: Garchomp|Earthquake|p1b: Garchomp|[spread] p1a,p1b
|-immune|p2b: Pelipper
|-resisted|p1a: Sinistcha|1
|-damage|p1a: Sinistcha|80/100
|-damage|p1b: Garchomp|43/100
|move|p1b: Garchomp|Rock Slide|p2b: Pelipper|[spread] p2a,p2b
|-resisted|p2a: Garchomp|1
|-supereffective|p2b: Pelipper|1
|-damage|p2a: Garchomp|0 fnt
|-damage|p2b: Pelipper|17/100
|faint|p2a: Garchomp
|cant|p2b: Pelipper|flinch
|move|p1a: Sinistcha|Life Dew|p1a: Sinistcha|[spread] p1a,p1b
|-heal|p1a: Sinistcha|100/100
|-heal|p1b: Garchomp|68/100
|
|-weather|RainDance|[upkeep]
|upkeep
|
|t:|1784970925
|switch|p2a: Slowbro|Slowbro, L50, M|100/100
|turn|3
|
|t:|1784970938
|detailschange|p2a: Slowbro|Slowbro-Mega, L50, M
|-mega|p2a: Slowbro|Slowbro|Slowbronite
|move|p2b: Pelipper|Wide Guard|p2b: Pelipper
|-singleturn|p2b: Pelipper|Wide Guard
|move|p1b: Garchomp|Stomping Tantrum|p2a: Slowbro
|-damage|p2a: Slowbro|71/100
|move|p1a: Sinistcha|Life Dew||[still]|[spread] p1a,p1b
|-fail|p1a: Sinistcha|heal
|-heal|p1b: Garchomp|93/100
|move|p2a: Slowbro|Trick Room|p2a: Slowbro
|-fieldstart|move: Trick Room|[of] p2a: Slowbro
|
|-weather|RainDance|[upkeep]
|upkeep
|turn|4
|
|t:|1784970957
|switch|p1a: Incineroar|Incineroar, L50, M|100/100
|-ability|p1a: Incineroar|Intimidate|boost
|-unboost|p2a: Slowbro|atk|1
|-unboost|p2b: Pelipper|atk|1
|move|p2a: Slowbro|Muddy Water|p1b: Garchomp|[spread] p1a,p1b
|-supereffective|p1a: Incineroar|1
|-damage|p1a: Incineroar|24/100
|-damage|p1b: Garchomp|52/100
|-enditem|p1a: Incineroar|Sitrus Berry|[eat]
|-heal|p1a: Incineroar|49/100|[from] item: Sitrus Berry
|move|p2b: Pelipper|Hurricane|p1a: Incineroar
|-damage|p1a: Incineroar|13/100
|move|p1b: Garchomp|Scale Shot|p2b: Pelipper
|-damage|p2b: Pelipper|0 fnt
|faint|p2b: Pelipper
|-hitcount|p2: Pelipper|1
|-unboost|p1b: Garchomp|def|1
|-boost|p1b: Garchomp|spe|1
|
|-weather|RainDance|[upkeep]
|upkeep
|
|t:|1784970971
|switch|p2b: Archaludon|Archaludon, L50, M|100/100
|turn|5
|
|t:|1784970985
|switch|p1a: Sinistcha|Sinistcha, L50|100/100
|-heal|p1b: Garchomp|77/100|[from] ability: Hospitality|[of] p1a: Sinistcha
|move|p1b: Garchomp|Protect|p1b: Garchomp
|-singleturn|p1b: Garchomp|Protect
|move|p2a: Slowbro|Muddy Water|p1b: Garchomp|[spread] p1a
|-activate|p1b: Garchomp|move: Protect
|-resisted|p1a: Sinistcha|1
|-damage|p1a: Sinistcha|76/100
|move|p2b: Archaludon|Flash Cannon|p1b: Garchomp
|-activate|p1b: Garchomp|move: Protect
|
|-weather|none
|-heal|p1a: Sinistcha|83/100|[from] item: Leftovers
|upkeep
|turn|6
|inactive|testingqueen001 has 30 seconds left.
|inactive|RagCheese has 30 seconds left.
|
|t:|1784971013
|move|p1a: Sinistcha|Rage Powder|p1a: Sinistcha
|-singleturn|p1a: Sinistcha|move: Rage Powder
|move|p2a: Slowbro|Yawn|p1a: Sinistcha
|-start|p1a: Sinistcha|move: Yawn|[of] p2a: Slowbro
|move|p2b: Archaludon|Draco Meteor|p1a: Sinistcha
|-damage|p1a: Sinistcha|5/100
|-unboost|p2b: Archaludon|spa|2
|-damage|p2b: Archaludon|90/100|[from] item: Life Orb
|move|p1b: Garchomp|Stomping Tantrum|p2b: Archaludon
|-supereffective|p2b: Archaludon|1
|-damage|p2b: Archaludon|11/100
|-ability|p2b: Archaludon|Stamina|boost
|-boost|p2b: Archaludon|def|1
|
|-heal|p1a: Sinistcha|11/100|[from] item: Leftovers
|upkeep
|turn|7
|inactive|testingqueen001 has 30 seconds left.
|
|t:|1784971038
|switch|p1a: Incineroar|Incineroar, L50, M|13/100
|-ability|p1a: Incineroar|Intimidate|boost
|-unboost|p2a: Slowbro|atk|1
|-unboost|p2b: Archaludon|atk|1
|move|p1b: Garchomp|Protect|p1b: Garchomp
|-singleturn|p1b: Garchomp|Protect
|move|p2a: Slowbro|Muddy Water|p1b: Garchomp|[spread] 
|-activate|p1b: Garchomp|move: Protect
|-miss|p2a: Slowbro|p1a: Incineroar
|move|p2b: Archaludon|Draco Meteor|p1b: Garchomp
|-activate|p1b: Garchomp|move: Protect
|
|-fieldend|move: Trick Room
|upkeep
|turn|8
|
|t:|1784971054
|move|p1a: Incineroar|Fake Out|p2a: Slowbro
|-damage|p2a: Slowbro|64/100
|move|p1b: Garchomp|Stomping Tantrum|p2b: Archaludon
|-supereffective|p2b: Archaludon|1
|-damage|p2b: Archaludon|0 fnt
|faint|p2b: Archaludon
|cant|p2a: Slowbro|flinch
|
|upkeep
|turn|9
|
|t:|1784971064
|move|p1b: Garchomp|Stomping Tantrum|p2a: Slowbro
|-damage|p2a: Slowbro|36/100
|move|p1a: Incineroar|Throat Chop|p2a: Slowbro
|-supereffective|p2a: Slowbro|1
|-damage|p2a: Slowbro|2/100
|-start|p2a: Slowbro|Throat Chop|[silent]
|move|p2a: Slowbro|Muddy Water|p1a: Incineroar|[spread] p1b
|-miss|p2a: Slowbro|p1a: Incineroar
|-damage|p1b: Garchomp|44/100
|
|upkeep
|turn|10
|-message|RagCheese forfeited.
|
|win|testingqueen001
||RagCheese is ready for game 2.
||testingqueen001 is ready for game 2.
|uhtml|next|Next: Game 2 of 3
