|j|☆PR1NC3735
|j|☆Isam_26011
|html|PR1NC3735Isam_26011    
|uhtml|bestof|Game 2 of a best-of-3
|t:|1756683220
|gametype|doubles
|player|p1|PR1NC3735|102|1024
|player|p2|Isam_26011|n|1007
|gen|9
|tier|[Gen 9] VGC 2025 Reg H (Bo3)
|rated|
|rule|Species Clause: Limit one of each Pokémon
|rule|Item Clause: Limit 1 of each item
|clearpoke
|poke|p1|Pelipper, L50, M|
|poke|p1|Archaludon, L50, M|
|poke|p1|Salamence, L50, M|
|poke|p1|Annihilape, L50, F|
|poke|p1|Amoonguss, L50, F|
|poke|p1|Incineroar, L50, F|
|poke|p2|Indeedee-F, L50, F|
|poke|p2|Hatterene, L50, F|
|poke|p2|Gallade, L50, M|
|poke|p2|Ursaluna, L50, M|
|poke|p2|Sunflora, L50, M|
|poke|p2|Torkoal, L50, M|
|teampreview|4
|showteam|p1|Pelipper||FocusSash|Drizzle|Hurricane,WeatherBall,WideGuard,Tailwind|||M|||50|,,,,,Grass]Archaludon||AssaultVest|Stamina|DragonPulse,FlashCannon,ElectroShot,BodyPress|||M|||50|,,,,,Steel]Salamence||LifeOrb|Intimidate|DracoMeteor,Hurricane,HydroPump,Protect|||M|||50|,,,,,Water]Annihilape||Leftovers|Defiant|DrainPunch,RageFist,BulkUp,Protect|||F|||50|,,,,,Dark]Amoonguss||RockyHelmet|Regenerator|SludgeBomb,Protect,RagePowder,Spore|||F|||50|,,,,,Water]Incineroar||SafetyGoggles|Intimidate|FlareBlitz,KnockOff,FakeOut,PartingShot|||F|||50|,,,,,Ghost
|showteam|p2|Indeedee-F||PsychicSeed|PsychicSurge|TrickRoom,FollowMe,HelpingHand,DazzlingGleam|||F|||50|,,,,,Fire]Hatterene||LifeOrb|MagicBounce|ExpandingForce,TrickRoom,DazzlingGleam,Protect|||F|||50|,,,,,Psychic]Gallade||ClearAmulet|Sharpness|PsychoCut,TrickRoom,SacredSword,WideGuard|||M|||50|,,,,,Grass]Ursaluna||FlameOrb|Guts|HeadlongRush,Facade,SwordsDance,Protect|||M|||50|,,,,,Ghost]Sunflora||AssaultVest|SolarPower|EnergyBall,WeatherBall,SludgeBomb,EarthPower|||M|||50|,,,,,Fire]Torkoal||ChoiceSpecs|Drought|Eruption,HeatWave,WeatherBall,EarthPower|||M|||50|,,,,,Fire
|
|t:|1756683244
|teamsize|p1|4
|teamsize|p2|4
|start
|switch|p1a: Pelipper|Pelipper, L50, M|100/100
|switch|p1b: Archaludon|Archaludon, L50, M|100/100
|switch|p2a: Paty|Indeedee-F, L50, F, shiny|100/100
|switch|p2b: Acelga|Hatterene, L50, F, shiny|100/100
|-weather|RainDance|[from] ability: Drizzle|[of] p1a: Pelipper
|-fieldstart|move: Psychic Terrain|[from] ability: Psychic Surge|[of] p2a: Paty
|-enditem|p2a: Paty|Psychic Seed
|-boost|p2a: Paty|spd|1|[from] item: Psychic Seed
|turn|1
|
|t:|1756683276
|move|p2a: Paty|Follow Me|p2a: Paty
|-singleturn|p2a: Paty|move: Follow Me
|move|p1b: Archaludon|Electro Shot||[still]
|-prepare|p1b: Archaludon|Electro Shot
|-boost|p1b: Archaludon|spa|1
|-anim|p1b: Archaludon|Electro Shot|p2a: Paty
|-damage|p2a: Paty|55/100
|move|p1a: Pelipper|Weather Ball|p2a: Paty
|-damage|p2a: Paty|21/100
|move|p2b: Acelga|Trick Room|p2b: Acelga
|-fieldstart|move: Trick Room|[of] p2b: Acelga
|
|-weather|RainDance|[upkeep]
|upkeep
|turn|2
|
|t:|1756683304
|move|p2a: Paty|Helping Hand|p2b: Acelga
|-singleturn|p2b: Acelga|Helping Hand|[of] p2a: Paty
|move|p1a: Pelipper|Wide Guard|p1a: Pelipper
|-singleturn|p1a: Pelipper|Wide Guard
|move|p2b: Acelga|Expanding Force|p1b: Archaludon|[spread] 
|-activate|p1a: Pelipper|move: Wide Guard
|-activate|p1b: Archaludon|move: Wide Guard
|move|p1b: Archaludon|Electro Shot||[still]
|-prepare|p1b: Archaludon|Electro Shot
|-boost|p1b: Archaludon|spa|1
|-anim|p1b: Archaludon|Electro Shot|p2b: Acelga
|-damage|p2b: Acelga|2/100
|
|-weather|RainDance|[upkeep]
|upkeep
|turn|3
|
|t:|1756683325
|move|p2a: Paty|Helping Hand|p2b: Acelga
|-singleturn|p2b: Acelga|Helping Hand|[of] p2a: Paty
|move|p1a: Pelipper|Wide Guard|p1a: Pelipper
|-singleturn|p1a: Pelipper|Wide Guard
|move|p2b: Acelga|Expanding Force|p1a: Pelipper|[spread] 
|-activate|p1a: Pelipper|move: Wide Guard
|-activate|p1b: Archaludon|move: Wide Guard
|move|p1b: Archaludon|Flash Cannon|p2b: Acelga
|-supereffective|p2b: Acelga
|-damage|p2b: Acelga|0 fnt
|faint|p2b: Acelga
|
|-weather|RainDance|[upkeep]
|upkeep
|
|t:|1756683332
|switch|p2b: Mbappe|Torkoal, L50, M, shiny|100/100
|-weather|SunnyDay|[from] ability: Drought|[of] p2b: Mbappe
|turn|4
|
|t:|1756683356
|switch|p2a: GOD|Sunflora, L50, M|100/100
|move|p1a: Pelipper|Wide Guard|p1a: Pelipper
|-singleturn|p1a: Pelipper|Wide Guard
|move|p2b: Mbappe|Eruption|p1a: Pelipper|[spread] 
|-activate|p1a: Pelipper|move: Wide Guard
|-activate|p1b: Archaludon|move: Wide Guard
|move|p1b: Archaludon|Dragon Pulse|p2b: Mbappe
|-damage|p2b: Mbappe|0 fnt
|faint|p2b: Mbappe
|
|-weather|SunnyDay|[upkeep]
|-damage|p2a: GOD|88/100|[from] ability: Solar Power|[of] p2a: GOD
|upkeep
|
|t:|1756683360
|switch|p2b: Paty|Indeedee-F, L50, F, shiny|21/100
|turn|5
|
|t:|1756683383
|move|p1a: Pelipper|Wide Guard|p1a: Pelipper
|-singleturn|p1a: Pelipper|Wide Guard
|move|p2a: GOD|Energy Ball|p1a: Pelipper
|-damage|p1a: Pelipper|27/100
|move|p2b: Paty|Dazzling Gleam|p1a: Pelipper|[spread] 
|-activate|p1a: Pelipper|move: Wide Guard
|-activate|p1b: Archaludon|move: Wide Guard
|move|p1b: Archaludon|Flash Cannon|p2a: GOD
|-damage|p2a: GOD|18/100
|
|-weather|SunnyDay|[upkeep]
|-damage|p2a: GOD|6/100|[from] ability: Solar Power|[of] p2a: GOD
|-fieldend|move: Trick Room
|-fieldend|move: Psychic Terrain
|upkeep
|turn|6
|
|t:|1756683402
|move|p1a: Pelipper|Wide Guard|p1a: Pelipper
|-singleturn|p1a: Pelipper|Wide Guard
|move|p1b: Archaludon|Dragon Pulse|p2a: GOD
|-damage|p2a: GOD|0 fnt
|faint|p2a: GOD
|move|p2b: Paty|Trick Room|p2b: Paty
|-fieldstart|move: Trick Room|[of] p2b: Paty
|
|-weather|SunnyDay|[upkeep]
|upkeep
|turn|7
|
|t:|1756683417
|move|p2b: Paty|Dazzling Gleam|p1a: Pelipper|[spread] p1a,p1b
|-damage|p1a: Pelipper|12/100
|-damage|p1b: Archaludon|89/100
|-ability|p1b: Archaludon|Stamina|boost
|-boost|p1b: Archaludon|def|1
|move|p1a: Pelipper|Hurricane|p2b: Paty
|-damage|p2b: Paty|0 fnt
|faint|p2b: Paty
|
|win|PR1NC3735
|raw|PR1NC3735's rating: 1024 → 1059(+35 for winning)
|raw|Isam_26011's rating: 1007 → 1000(-7 for losing)
|l|☆Isam_26011
|player|p2|
