|j|☆Genesis77
|j|☆FireTornado2023
|html|Genesis77FireTornado2023    
|uhtml|bestof|Game 1 of a best-of-3
|t:|1785027256
|gametype|doubles
|player|p1|Genesis77|blaine|
|player|p2|FireTornado2023|2|
|gen|9
|tier|[Gen 9 Champions] VGC 2026 Reg M-B (Bo3)
|rule|Species Clause: Limit one of each Pokémon
|rule|Item Clause: Limit 1 of each item
|clearpoke
|poke|p1|Charizard, L50, M|
|poke|p1|Garchomp, L50, F|
|poke|p1|Toxapex, L50, F|
|poke|p1|Incineroar, L50, M|
|poke|p1|Farigiraf, L50, M|
|poke|p1|Hydreigon, L50, F|
|poke|p2|Tyranitar, L50, M|
|poke|p2|Excadrill, L50, M|
|poke|p2|Rotom-Wash, L50|
|poke|p2|Sinistcha, L50|
|poke|p2|Staraptor, L50, F|
|poke|p2|Gholdengo, L50|
|teampreview|4
|showteam|p1|Charizard||CharizarditeY|Blaze|HeatWave,WeatherBall,SolarBeam,Protect|Timid||M|||50|]Garchomp||ChoiceScarf|RoughSkin|DragonClaw,StompingTantrum,Earthquake,RockTomb|Jolly||F|||50|]Toxapex||Leftovers|Regenerator|Toxic,Infestation,WideGuard,BanefulBunker|Bold||F|||50|]Incineroar||SitrusBerry|Intimidate|FakeOut,FlareBlitz,PartingShot,Protect|Impish||M|||50|]Farigiraf||ColburBerry|ArmorTail|Psychic,TrickRoom,SunnyDay,HelpingHand|Bold||M|||50|]Hydreigon||FocusSash|Levitate|DarkPulse,DracoMeteor,Snarl,EarthPower|Timid||F|||50|
|showteam|p2|Tyranitar||Tyranitarite|SandStream|RockSlide,KnockOff,HighHorsepower,Protect|Jolly||M|||50|]Excadrill||FocusSash|SandRush|Earthquake,IronHead,RockSlide,Protect|Adamant||M|||50|]Rotom-Wash||Magnet|Levitate|Thunderbolt,VoltSwitch,Protect,HydroPump|Timid|||||50|]Sinistcha||ColburBerry|Hospitality|MatchaGotcha,ShadowBall,Protect,RagePowder|Bold|||||50|]Staraptor||Staraptite|Intimidate|CloseCombat,BraveBird,Tailwind,Protect|Jolly||F|||50|]Gholdengo||LifeOrb|GoodasGold|MakeItRain,ShadowBall,NastyPlot,Protect|Timid|||||50|
|inactive|Battle timer is ON: inactive players will automatically lose when time's up. (requested by Genesis77)
|inactive|Genesis77 has 60 seconds left.
|inactive|FireTornado2023 has 60 seconds left.
|inactive|Genesis77 has 30 seconds left.
|inactive|Genesis77 has 20 seconds left.
|inactive|Genesis77 has 15 seconds left.
|inactive|Genesis77 has 10 seconds left.
|inactive|Genesis77 has 5 seconds left.
|
|t:|1785027345
|teamsize|p1|4
|teamsize|p2|4
|start
|switch|p1a: Incineroar|Incineroar, L50, M|100/100
|switch|p1b: Toxapex|Toxapex, L50, F|100/100
|switch|p2a: Rotom|Rotom-Wash, L50|100/100
|switch|p2b: Sinistcha|Sinistcha, L50|100/100
|-ability|p1a: Incineroar|Intimidate|boost
|-unboost|p2a: Rotom|atk|1
|-unboost|p2b: Sinistcha|atk|1
|turn|1
|inactive|FireTornado2023 has 30 seconds left.
|inactive|Genesis77 has 30 seconds left.
|inactive|FireTornado2023 has 20 seconds left.
|inactive|Genesis77 has 20 seconds left.
|inactive|Genesis77 has 15 seconds left.
|inactive|Genesis77 has 10 seconds left.
|
|t:|1785027400
|switch|p2b: Tyranitar|Tyranitar, L50, M|100/100
|-weather|Sandstorm|[from] ability: Sand Stream|[of] p2b: Tyranitar
|switch|p1a: Charizard|Charizard, L50, M|100/100
|move|p2a: Rotom|Protect|p2a: Rotom
|-singleturn|p2a: Rotom|Protect
|move|p1b: Toxapex|Toxic|p2b: Tyranitar
|-status|p2b: Tyranitar|tox
|
|-weather|Sandstorm|[upkeep]
|-damage|p1a: Charizard|94/100|[from] Sandstorm
|-damage|p2a: Rotom|94/100|[from] Sandstorm
|-damage|p1b: Toxapex|94/100|[from] Sandstorm
|-heal|p1b: Toxapex|100/100|[from] item: Leftovers
|-damage|p2b: Tyranitar|93/100 tox|[from] psn
|upkeep
|turn|2
|inactive|FireTornado2023 has 30 seconds left.
|inactive|FireTornado2023 has 20 seconds left.
|inactive|FireTornado2023 has 15 seconds left.
|
|t:|1785027445
|switch|p1b: Garchomp|Garchomp, L50, F|100/100
|detailschange|p2b: Tyranitar|Tyranitar-Mega, L50, M
|-mega|p2b: Tyranitar|Tyranitar|Tyranitarite
|move|p1a: Charizard|Protect|p1a: Charizard
|-singleturn|p1a: Charizard|Protect
|move|p2a: Rotom|Thunderbolt|p1b: Garchomp
|-immune|p1b: Garchomp
|move|p2b: Tyranitar|Knock Off|p1a: Charizard
|-activate|p1a: Charizard|move: Protect
|
|-weather|Sandstorm|[upkeep]
|-damage|p1a: Charizard|88/100|[from] Sandstorm
|-damage|p2a: Rotom|88/100|[from] Sandstorm
|-damage|p2b: Tyranitar|81/100 tox|[from] psn
|upkeep
|turn|3
|inactive|Genesis77 has 30 seconds left.
|inactive|Genesis77 has 20 seconds left.
|inactive|Genesis77 has 15 seconds left.
|inactive|Genesis77 has 10 seconds left.
|
|t:|1785027490
|switch|p1a: Incineroar|Incineroar, L50, M|100/100
|-ability|p1a: Incineroar|Intimidate|boost
|-unboost|p2a: Rotom|atk|1
|-unboost|p2b: Tyranitar|atk|1
|switch|p2b: Staraptor|Staraptor, L50, F|100/100
|-ability|p2b: Staraptor|Intimidate|boost
|-unboost|p1a: Incineroar|atk|1
|-unboost|p1b: Garchomp|atk|1
|move|p1b: Garchomp|Stomping Tantrum|p2b: Staraptor
|-immune|p2b: Staraptor
|move|p2a: Rotom|Thunderbolt|p1a: Incineroar
|-damage|p1a: Incineroar|65/100
|
|-weather|Sandstorm|[upkeep]
|-damage|p2b: Staraptor|94/100|[from] Sandstorm
|-damage|p2a: Rotom|82/100|[from] Sandstorm
|-damage|p1a: Incineroar|59/100|[from] Sandstorm
|upkeep
|turn|4
|inactive|Genesis77 has 30 seconds left.
|
|t:|1785027522
|switch|p1b: Charizard|Charizard, L50, M|88/100
|move|p1a: Incineroar|Fake Out|p2a: Rotom
|-damage|p2a: Rotom|74/100
|move|p2b: Staraptor|Tailwind|p2b: Staraptor
|-sidestart|p2: FireTornado2023|move: Tailwind
|cant|p2a: Rotom|flinch
|
|-weather|Sandstorm|[upkeep]
|-damage|p2b: Staraptor|88/100|[from] Sandstorm
|-damage|p2a: Rotom|68/100|[from] Sandstorm
|-damage|p1b: Charizard|82/100|[from] Sandstorm
|-damage|p1a: Incineroar|53/100|[from] Sandstorm
|upkeep
|turn|5
|
|t:|1785027549
|switch|p1a: Toxapex|Toxapex, L50, F|100/100
|move|p1b: Charizard|Protect|p1b: Charizard
|-singleturn|p1b: Charizard|Protect
|move|p2b: Staraptor|Close Combat|p1a: Toxapex
|-resisted|p1a: Toxapex|1
|-damage|p1a: Toxapex|90/100
|-unboost|p2b: Staraptor|def|1
|-unboost|p2b: Staraptor|spd|1
|move|p2a: Rotom|Hydro Pump|p1b: Charizard
|-activate|p1b: Charizard|move: Protect
|
|-weather|none
|-heal|p1a: Toxapex|96/100|[from] item: Leftovers
|upkeep
|turn|6
|
|t:|1785027572
|switch|p2b: Sinistcha|Sinistcha, L50|100/100
|-heal|p2a: Rotom|92/100|[from] ability: Hospitality|[of] p2b: Sinistcha
|switch|p1b: Garchomp|Garchomp, L50, F|100/100
|move|p2a: Rotom|Thunderbolt|p1a: Toxapex
|-supereffective|p1a: Toxapex|1
|-damage|p1a: Toxapex|31/100
|move|p1a: Toxapex|Toxic|p2a: Rotom
|-status|p2a: Rotom|tox
|
|-heal|p1a: Toxapex|36/100|[from] item: Leftovers
|-damage|p2a: Rotom|86/100 tox|[from] psn
|upkeep
|turn|7
|inactive|Genesis77 has 30 seconds left.
|inactive|FireTornado2023 has 30 seconds left.
|
|t:|1785027604
|move|p1a: Toxapex|Wide Guard|p1a: Toxapex
|-singleturn|p1a: Toxapex|Wide Guard
|move|p2a: Rotom|Hydro Pump|p1b: Garchomp|[miss]
|-miss|p2a: Rotom|p1b: Garchomp
|move|p1b: Garchomp|Dragon Claw|p2a: Rotom
|-damage|p2a: Rotom|42/100 tox
|move|p2b: Sinistcha|Matcha Gotcha|p1a: Toxapex|[spread] 
|-activate|p1a: Toxapex|move: Wide Guard
|-activate|p1b: Garchomp|move: Wide Guard
|
|-heal|p1a: Toxapex|42/100|[from] item: Leftovers
|-damage|p2a: Rotom|30/100 tox|[from] psn
|-sideend|p2: FireTornado2023|move: Tailwind
|upkeep
|turn|8
|
|t:|1785027627
|move|p2b: Sinistcha|Rage Powder|p2b: Sinistcha
|-singleturn|p2b: Sinistcha|move: Rage Powder
|move|p1b: Garchomp|Dragon Claw|p2b: Sinistcha
|-damage|p2b: Sinistcha|66/100
|move|p2a: Rotom|Thunderbolt|p1a: Toxapex
|-supereffective|p1a: Toxapex|1
|-damage|p1a: Toxapex|0 fnt
|faint|p1a: Toxapex
|
|-damage|p2a: Rotom|12/100 tox|[from] psn
|upkeep
|
|t:|1785027632
|switch|p1a: Charizard|Charizard, L50, M|82/100
|turn|9
|
|t:|1785027655
|switch|p2a: Staraptor|Staraptor, L50, F|88/100
|-ability|p2a: Staraptor|Intimidate|boost
|-unboost|p1a: Charizard|atk|1
|-unboost|p1b: Garchomp|atk|1
|move|p2b: Sinistcha|Protect|p2b: Sinistcha
|-singleturn|p2b: Sinistcha|Protect
|move|p1b: Garchomp|Dragon Claw|p2b: Sinistcha
|-activate|p2b: Sinistcha|move: Protect
|move|p1a: Charizard|Heat Wave|p2b: Sinistcha|[spread] p2a
|-activate|p2b: Sinistcha|move: Protect
|-damage|p2a: Staraptor|50/100g
|
|upkeep
|turn|10
|inactive|FireTornado2023 has 30 seconds left.
|inactive|FireTornado2023 has 20 seconds left.
|
|t:|1785027692
|move|p2a: Staraptor|Protect|p2a: Staraptor
|-singleturn|p2a: Staraptor|Protect
|move|p1b: Garchomp|Dragon Claw|p2a: Staraptor
|-activate|p2a: Staraptor|move: Protect
|move|p1a: Charizard|Heat Wave|p2b: Sinistcha|[spread] p2b
|-activate|p2a: Staraptor|move: Protect
|-supereffective|p2b: Sinistcha|1
|-damage|p2b: Sinistcha|10/100
|move|p2b: Sinistcha|Matcha Gotcha|p1a: Charizard|[spread] p1a,p1b
|-resisted|p1a: Charizard|2
|-damage|p1a: Charizard|75/100
|-heal|p2b: Sinistcha|14/100|[from] drain|[of] p1a: Charizard
|-damage|p1b: Garchomp|76/100
|-heal|p2b: Sinistcha|27/100|[from] drain|[of] p1b: Garchomp
|-status|p1b: Garchomp|brn
|
|-damage|p1b: Garchomp|70/100 brn|[from] brn
|upkeep
|turn|11
|inactive|FireTornado2023 has 30 seconds left.
|inactive|FireTornado2023 has 20 seconds left.
|
|t:|1785027731
|move|p2b: Sinistcha|Rage Powder|p2b: Sinistcha
|-singleturn|p2b: Sinistcha|move: Rage Powder
|move|p1b: Garchomp|Dragon Claw|p2b: Sinistcha
|-damage|p2b: Sinistcha|16/100
|move|p2a: Staraptor|Brave Bird|p1a: Charizard
|-damage|p1a: Charizard|23/100
|-damage|p2a: Staraptor|33/100|[from] Recoil
|move|p1a: Charizard|Heat Wave|p2b: Sinistcha|[spread] p2a,p2b
|-supereffective|p2b: Sinistcha|1
|-damage|p2a: Staraptor|0 fnt
|-damage|p2b: Sinistcha|0 fnt
|faint|p2a: Staraptor
|faint|p2b: Sinistcha
|
|-damage|p1b: Garchomp|64/100 brn|[from] brn
|upkeep
|
|t:|1785027744
|switch|p2a: Tyranitar|Tyranitar-Mega, L50, M|81/100 tox
|switch|p2b: Rotom|Rotom-Wash, L50|12/100 tox
|-weather|Sandstorm|[from] ability: Sand Stream|[of] p2a: Tyranitar
|turn|12
|inactive|FireTornado2023 has 30 seconds left.
|inactive|FireTornado2023 has 20 seconds left.
|
|t:|1785027783
|switch|p1b: Incineroar|Incineroar, L50, M|53/100
|-ability|p1b: Incineroar|Intimidate|boost
|-unboost|p2a: Tyranitar|atk|1
|-unboost|p2b: Rotom|atk|1
|move|p1a: Charizard|Protect|p1a: Charizard
|-singleturn|p1a: Charizard|Protect
|move|p2b: Rotom|Hydro Pump|p1b: Incineroar|[miss]
|-miss|p2b: Rotom|p1b: Incineroar
|move|p2a: Tyranitar|Rock Slide|p1a: Charizard|[spread] 
|-activate|p1a: Charizard|move: Protect
|-miss|p2a: Tyranitar|p1b: Incineroar
|
|-weather|Sandstorm|[upkeep]
|-damage|p1a: Charizard|17/100|[from] Sandstorm
|-damage|p2b: Rotom|6/100 tox|[from] Sandstorm
|-damage|p1b: Incineroar|48/100|[from] Sandstorm
|-enditem|p1b: Incineroar|Sitrus Berry|[eat]
|-heal|p1b: Incineroar|72/100|[from] item: Sitrus Berry
|-damage|p2b: Rotom|1/100 tox|[from] psn
|-damage|p2a: Tyranitar|75/100 tox|[from] psn
|upkeep
|turn|13
|inactive|FireTornado2023 has 30 seconds left.
|
|t:|1785027811
|detailschange|p1a: Charizard|Charizard-Mega-Y, L50, M
|-mega|p1a: Charizard|Charizard|Charizardite Y
|-weather|SunnyDay|[from] ability: Drought|[of] p1a: Charizard
|move|p1b: Incineroar|Fake Out|p2a: Tyranitar
|-resisted|p2a: Tyranitar|1
|-damage|p2a: Tyranitar|71/100 tox
|move|p1a: Charizard|Solar Beam||[still]
|-prepare|p1a: Charizard|Solar Beam
|-anim|p1a: Charizard|Solar Beam|p2b: Rotom
|-supereffective|p2b: Rotom|1
|-damage|p2b: Rotom|0 fnt
|faint|p2b: Rotom
|cant|p2a: Tyranitar|flinch
|
|-weather|SunnyDay|[upkeep]
|-damage|p2a: Tyranitar|59/100 tox|[from] psn
|upkeep
|turn|14
|
|t:|1785027825
|move|p1a: Charizard|Solar Beam||[still]
|-prepare|p1a: Charizard|Solar Beam
|-anim|p1a: Charizard|Solar Beam|p2a: Tyranitar
|-supereffective|p2a: Tyranitar|1
|-damage|p2a: Tyranitar|0 fnt
|faint|p2a: Tyranitar
|
|win|Genesis77
||Genesis77 is ready for game 2.
||FireTornado2023 is ready for game 2.
|uhtml|next|Next: Game 2 of 3
|l|☆Genesis77
|player|p1|
