|j|☆new mental
|j|☆raksbach
|html|new mentalraksbach    
|uhtml|bestof|Game 1 of a best-of-3
|t:|1785940774
|gametype|doubles
|player|p1|new mental|volkner|
|player|p2|raksbach|doubleteam|
|gen|9
|tier|[Gen 9 Champions] VGC 2026 Reg M-B (Bo3)
|rule|Species Clause: Limit one of each Pokémon
|rule|Item Clause: Limit 1 of each item
|clearpoke
|poke|p1|Charizard, L50, F|
|poke|p1|Garchomp, L50, F|
|poke|p1|Incineroar, L50, M|
|poke|p1|Venusaur, L50, M|
|poke|p1|Toxapex, L50, M|
|poke|p1|Sylveon, L50, F|
|poke|p2|Staraptor, L50, M|
|poke|p2|Glimmora, L50, F|
|poke|p2|Whimsicott, L50, F|
|poke|p2|Kingambit, L50, M|
|poke|p2|Garchomp, L50, M|
|poke|p2|Delphox, L50, M|
|teampreview|4
|showteam|p1|Charizard||CharizarditeY|Blaze|WeatherBall,HeatWave,AncientPower,Protect|Modest||F|||50|]Garchomp||ChoiceScarf|RoughSkin|RockSlide,DragonClaw,Earthquake,StompingTantrum|Adamant||F|||50|]Incineroar||SitrusBerry|Intimidate|FlareBlitz,FakeOut,DarkestLariat,PartingShot|Impish||M|||50|]Venusaur||LifeOrb|Chlorophyll|SludgeBomb,LeafStorm,EarthPower,Protect|Modest||M|||50|]Toxapex||Leftovers|Regenerator|Infestation,Toxic,WideGuard,BanefulBunker|Bold||M|||50|]Sylveon||FairyFeather|Pixilate|HyperVoice,QuickAttack,Yawn,Detect|Modest||F|||50|
|showteam|p2|Staraptor||Staraptite|Intimidate|CloseCombat,BraveBird,Roost,Protect|Jolly||M|||50|]Glimmora||FocusSash|ToxicDebris|PowerGem,SludgeBomb,EarthPower,SpikyShield|Modest||F|||50|]Whimsicott||OccaBerry|Prankster|Tailwind,Moonblast,Charm,LightScreen|Timid||F|||50|]Kingambit||ChopleBerry|Defiant|KowtowCleave,IronHead,LowKick,SuckerPunch|Adamant||M|||50|]Garchomp||LifeOrb|RoughSkin|Earthquake,DragonClaw,RockSlide,Protect|Adamant||M|||50|]Delphox||Delphoxite|Blaze|HeatWave,Psychic,Encore,Protect|Timid||M|||50|
|inactive|Battle timer is ON: inactive players will automatically lose when time's up. (requested by raksbach)
|inactive|new mental has 60 seconds left.
|inactive|raksbach has 60 seconds left.
|
|t:|1785940825
|teamsize|p1|4
|teamsize|p2|4
|start
|switch|p1a: Charizard|Charizard, L50, F|100/100
|switch|p1b: Venusaur|Venusaur, L50, M|100/100
|switch|p2a: Delphox|Delphox, L50, M|100/100
|switch|p2b: Whimsicott|Whimsicott, L50, F|100/100
|turn|1
|inactive|new mental has 30 seconds left.
|inactive|raksbach has 30 seconds left.
|inactive|new mental has 20 seconds left.
|
|t:|1785940863
|detailschange|p2a: Delphox|Delphox-Mega, L50, M
|-mega|p2a: Delphox|Delphox|Delphoxite
|detailschange|p1a: Charizard|Charizard-Mega-Y, L50, F
|-mega|p1a: Charizard|Charizard|Charizardite Y
|-weather|SunnyDay|[from] ability: Drought|[of] p1a: Charizard
|move|p1b: Venusaur|Protect|p1b: Venusaur
|-singleturn|p1b: Venusaur|Protect
|move|p2a: Delphox|Protect|p2a: Delphox
|-singleturn|p2a: Delphox|Protect
|move|p2b: Whimsicott|Light Screen|p2b: Whimsicott
|-sidestart|p2: raksbach|move: Light Screen
|move|p1a: Charizard|Heat Wave|p2a: Delphox|[spread] p2b
|-activate|p2a: Delphox|move: Protect
|-supereffective|p2b: Whimsicott|1
|-enditem|p2b: Whimsicott|Occa Berry|[eat]
|-enditem|p2b: Whimsicott|Occa Berry|[weaken]
|-damage|p2b: Whimsicott|44/100
|
|-weather|SunnyDay|[upkeep]
|upkeep
|turn|2
|
|t:|1785940886
|switch|p1b: Sylveon|Sylveon, L50, F|100/100
|move|p2b: Whimsicott|Tailwind|p2b: Whimsicott
|-sidestart|p2: raksbach|move: Tailwind
|move|p2a: Delphox|Heat Wave|p1b: Sylveon|[spread] p1a,p1b
|-resisted|p1a: Charizard|1
|-damage|p1a: Charizard|67/100
|-damage|p1b: Sylveon|53/100
|-status|p1b: Sylveon|brn
|move|p1a: Charizard|Heat Wave|p2b: Whimsicott|[spread] p2a,p2b
|-resisted|p2a: Delphox|1
|-crit|p2a: Delphox
|-supereffective|p2b: Whimsicott|1
|-damage|p2a: Delphox|50/100g
|-damage|p2b: Whimsicott|0 fnt
|faint|p2b: Whimsicott
|
|-weather|SunnyDay|[upkeep]
|-damage|p1b: Sylveon|48/100 brn|[from] brn
|upkeep
|
|t:|1785940901
|switch|p2b: Glimmora|Glimmora, L50, F|100/100
|turn|3
|
|t:|1785940925
|move|p1a: Charizard|Protect|p1a: Charizard
|-singleturn|p1a: Charizard|Protect
|move|p1b: Sylveon|Detect|p1b: Sylveon
|-singleturn|p1b: Sylveon|Protect
|move|p2a: Delphox|Heat Wave|p1a: Charizard|[spread] 
|-activate|p1a: Charizard|move: Protect
|-activate|p1b: Sylveon|move: Protect
|move|p2b: Glimmora|Sludge Bomb|p1b: Sylveon
|-activate|p1b: Sylveon|move: Protect
|
|-weather|SunnyDay|[upkeep]
|-damage|p1b: Sylveon|42/100 brn|[from] brn
|upkeep
|turn|4
|
|t:|1785940943
|switch|p1a: Garchomp|Garchomp, L50, F|100/100
|move|p1b: Sylveon|Quick Attack|p2b: Glimmora
|-resisted|p2b: Glimmora|1
|-damage|p2b: Glimmora|96/100
|-activate|p2b: Glimmora|ability: Toxic Debris
|-sidestart|p1: new mental|move: Toxic Spikes
|move|p2a: Delphox|Heat Wave|p1b: Sylveon|[spread] p1a,p1b
|-resisted|p1a: Garchomp|1
|-damage|p1a: Garchomp|63/100
|-damage|p1b: Sylveon|0 fnt
|-status|p1a: Garchomp|brn
|faint|p1b: Sylveon
|move|p2b: Glimmora|Earth Power|p1a: Garchomp
|-damage|p1a: Garchomp|21/100 brn
|
|-weather|SunnyDay|[upkeep]
|-damage|p1a: Garchomp|15/100 brn|[from] brn
|upkeep
|inactive|new mental has 30 seconds left.
|
|t:|1785940970
|switch|p1b: Venusaur|Venusaur, L50, M|100/100
|-sideend|p1: new mental|move: Toxic Spikes|[of] p1b: Venusaur
|turn|5
|
|t:|1785940978
|move|p1b: Venusaur|Protect|p1b: Venusaur
|-singleturn|p1b: Venusaur|Protect
|move|p2a: Delphox|Heat Wave|p1a: Garchomp|[spread] p1a
|-activate|p1b: Venusaur|move: Protect
|-resisted|p1a: Garchomp|1
|-damage|p1a: Garchomp|0 fnt
|faint|p1a: Garchomp
|move|p2b: Glimmora|Sludge Bomb|p1b: Venusaur
|-activate|p1b: Venusaur|move: Protect
|
|-weather|none
|-sideend|p2: raksbach|move: Light Screen
|-sideend|p2: raksbach|move: Tailwind
|upkeep
|
|t:|1785940986
|switch|p1a: Charizard|Charizard-Mega-Y, L50, F|67/100
|-weather|SunnyDay|[from] ability: Drought|[of] p1a: Charizard
|turn|6
|
|t:|1785941009
|move|p2b: Glimmora|Spiky Shield|p2b: Glimmora
|-singleturn|p2b: Glimmora|move: Protect
|move|p1b: Venusaur|Sludge Bomb|p2a: Delphox
|-damage|p2a: Delphox|0 fnt
|faint|p2a: Delphox
|-damage|p1b: Venusaur|90/100|[from] item: Life Orb
|move|p1a: Charizard|Heat Wave|p2b: Glimmora
|-activate|p2b: Glimmora|move: Protect
|
|-weather|SunnyDay|[upkeep]
|upkeep
|
|t:|1785941019
|switch|p2a: Garchomp|Garchomp, L50, M|100/100
|turn|7
|
|t:|1785941029
|move|p1b: Venusaur|Earth Power|p2b: Glimmora
|-supereffective|p2b: Glimmora|2
|-damage|p2b: Glimmora|0 fnt
|faint|p2b: Glimmora
|-damage|p1b: Venusaur|80/100|[from] item: Life Orb
|move|p2a: Garchomp|Rock Slide|p1b: Venusaur|[spread] p1b
|-miss|p2a: Garchomp|p1a: Charizard
|-damage|p1b: Venusaur|43/100
|-damage|p2a: Garchomp|90/100|[from] item: Life Orb
|move|p1a: Charizard|Weather Ball|p2a: Garchomp
|-resisted|p2a: Garchomp|1
|-crit|p2a: Garchomp
|-damage|p2a: Garchomp|22/100
|
|-weather|SunnyDay|[upkeep]
|upkeep
|turn|8
|
|t:|1785941047
|move|p1b: Venusaur|Leaf Storm|p2a: Garchomp
|-damage|p2a: Garchomp|0 fnt
|-unboost|p1b: Venusaur|spa|2
|faint|p2a: Garchomp
|-damage|p1b: Venusaur|34/100|[from] item: Life Orb
|
|win|new mental
||raksbach is ready for game 2.
||new mental is ready for game 2.
|uhtml|next|Next: Game 2 of 3
