|j|☆charizard_best2015
|j|☆VersaceZ
|html|charizard_best2015VersaceZ    
|uhtml|bestof|Game 2 of a best-of-3
|t:|1782432802
|gametype|doubles
|player|p1|charizard_best2015|alain|1000
|player|p2|VersaceZ|169|1000
|gen|9
|tier|[Gen 9 Champions] VGC 2026 Reg M-B (Bo3)
|rated|
|rule|Species Clause: Limit one of each Pokémon
|rule|Item Clause: Limit 1 of each item
|clearpoke
|poke|p1|Skarmory, L50, M|
|poke|p1|Garchomp, L50, M|
|poke|p1|Sneasler, L50, M|
|poke|p1|Pelipper, L50, F|
|poke|p1|Basculegion, L50, M|
|poke|p1|Archaludon, L50, M|
|poke|p2|Tyranitar, L50, M|
|poke|p2|Steelix, L50, F|
|poke|p2|Sinistcha, L50|
|poke|p2|Rotom-Wash, L50|
|poke|p2|Sneasler, L50, F|
|poke|p2|Dragapult, L50, M|
|teampreview|4
|showteam|p1|Skarmory||Skarmorite|Sturdy|BraveBird,IronHead,BodyPress,Protect|Adamant||M|||50|]Garchomp||LifeOrb|RoughSkin|Earthquake,DragonClaw,RockSlide,Protect|Serious||M|||50|]Sneasler||WhiteHerb|Unburden|CloseCombat,DireClaw,FakeOut,Protect|Adamant||M|||50|]Pelipper||FocusSash|Drizzle|Tailwind,Hurricane,Protect,WeatherBall|Modest||F|||50|]Basculegion||MysticWater|SwiftSwim|Protect,LastRespects,WaveCrash,AquaJet|Adamant||M|||50|]Archaludon||ChoiceScarf|Stamina|ElectroShot,Protect,FlashCannon,DracoMeteor|Modest||M|||50|
|showteam|p2|Tyranitar||Tyranitarite|SandStream|RockSlide,KnockOff,DragonDance,Protect|Jolly||M|||50|]Steelix||Steelixite|Sturdy|HeavySlam,HighHorsepower,Protect,WideGuard|Brave||F|||50|]Sinistcha||SitrusBerry|Hospitality|ShadowBall,MatchaGotcha,RagePowder,TrickRoom|Bold|||||50|]Rotom-Wash||Leftovers|Levitate|WillOWisp,HydroPump,Thunderbolt,LightScreen|Bold|||||50|]Sneasler||WhiteHerb|Unburden|FakeOut,DireClaw,CloseCombat,Protect|Jolly||F|||50|]Dragapult||LifeOrb|Infiltrator|ShadowBall,DragonPulse,DracoMeteor,Flamethrower|Timid||M|||50|
|inactive|Battle timer is ON: inactive players will automatically lose when time's up. (requested by charizard_best2015)
|inactive|charizard_best2015 has 60 seconds left.
|
|t:|1782432847
|teamsize|p1|4
|teamsize|p2|4
|start
|switch|p1a: Pelipper|Pelipper, L50, F|100/100
|switch|p1b: Basculegion|Basculegion, L50, M|100/100
|switch|p2a: Tyranitar|Tyranitar, L50, M|100/100
|switch|p2b: Sneasler|Sneasler, L50, F|100/100
|-weather|Sandstorm|[from] ability: Sand Stream|[of] p2a: Tyranitar
|-weather|RainDance|[from] ability: Drizzle|[of] p1a: Pelipper
|turn|1
|inactive|charizard_best2015 has 30 seconds left.
|
|t:|1782432874
|switch|p1a: Skarmory|Skarmory, L50, M|100/100
|detailschange|p2a: Tyranitar|Tyranitar-Mega, L50, M
|-mega|p2a: Tyranitar|Tyranitar|Tyranitarite
|-weather|Sandstorm|[from] ability: Sand Stream|[of] p2a: Tyranitar
|move|p2b: Sneasler|Fake Out|p1a: Skarmory
|-resisted|p1a: Skarmory|1
|-crit|p1a: Skarmory
|-damage|p1a: Skarmory|91/100
|move|p2a: Tyranitar|Knock Off|p1b: Basculegion
|-supereffective|p1b: Basculegion|1
|-damage|p1b: Basculegion|0 fnt
|-enditem|p1b: Basculegion|Mystic Water|[from] move: Knock Off|[of] p2a: Tyranitar
|faint|p1b: Basculegion
|
|-weather|Sandstorm|[upkeep]
|-damage|p2b: Sneasler|94/100|[from] Sandstorm
|upkeep
|
|t:|1782432890
|switch|p1b: Pelipper|Pelipper, L50, F|100/100
|-weather|RainDance|[from] ability: Drizzle|[of] p1b: Pelipper
|turn|2
|
|t:|1782432912
|switch|p2b: Rotom|Rotom-Wash, L50|100/100
|switch|p2a: Dragapult|Dragapult, L50, M|100/100
|move|p1a: Skarmory|Protect|p1a: Skarmory
|-singleturn|p1a: Skarmory|Protect
|move|p1b: Pelipper|Tailwind|p1b: Pelipper
|-sidestart|p1: charizard_best2015|move: Tailwind
|
|-weather|RainDance|[upkeep]
|upkeep
|turn|3
|inactive|VersaceZ has 30 seconds left.
|
|t:|1782432947
|switch|p2a: Tyranitar|Tyranitar-Mega, L50, M|100/100
|-weather|Sandstorm|[from] ability: Sand Stream|[of] p2a: Tyranitar
|switch|p1b: Sneasler|Sneasler, L50, M|100/100
|detailschange|p1a: Skarmory|Skarmory-Mega, L50, M
|-mega|p1a: Skarmory|Skarmory|Skarmorite
|move|p1a: Skarmory|Brave Bird|p2a: Tyranitar
|-resisted|p2a: Tyranitar|1
|-damage|p2a: Tyranitar|74/100
|-damage|p1a: Skarmory|82/100|[from] Recoil
|move|p2b: Rotom|Thunderbolt|p1a: Skarmory
|-supereffective|p1a: Skarmory|1
|-damage|p1a: Skarmory|18/100
|
|-weather|Sandstorm|[upkeep]
|-damage|p1b: Sneasler|94/100|[from] Sandstorm
|-damage|p2b: Rotom|94/100|[from] Sandstorm
|-heal|p2b: Rotom|100/100|[from] item: Leftovers
|upkeep
|turn|4
|inactive|VersaceZ has 30 seconds left.
|inactive|VersaceZ has 20 seconds left.
|
|t:|1782432984
|switch|p2a: Dragapult|Dragapult, L50, M|100/100
|move|p1b: Sneasler|Fake Out|p2b: Rotom
|-damage|p2b: Rotom|87/100
|move|p1a: Skarmory|Iron Head|p2a: Dragapult
|-damage|p2a: Dragapult|39/100
|cant|p2b: Rotom|flinch
|
|-weather|Sandstorm|[upkeep]
|-damage|p1b: Sneasler|88/100|[from] Sandstorm
|-damage|p2a: Dragapult|33/100|[from] Sandstorm
|-damage|p2b: Rotom|81/100|[from] Sandstorm
|-heal|p2b: Rotom|87/100|[from] item: Leftovers
|upkeep
|turn|5
|inactive|charizard_best2015 has 30 seconds left.
|
|t:|1782433011
|move|p1b: Sneasler|Close Combat|p2b: Rotom
|-damage|p2b: Rotom|28/100
|-unboost|p1b: Sneasler|def|1
|-unboost|p1b: Sneasler|spd|1
|-enditem|p1b: Sneasler|White Herb
|-clearnegativeboost|p1b: Sneasler|[silent]
|move|p1a: Skarmory|Iron Head|p2a: Dragapult
|-damage|p2a: Dragapult|0 fnt
|faint|p2a: Dragapult
|move|p2b: Rotom|Thunderbolt|p1a: Skarmory
|-supereffective|p1a: Skarmory|1
|-damage|p1a: Skarmory|0 fnt
|faint|p1a: Skarmory
|
|-weather|Sandstorm|[upkeep]
|-damage|p1b: Sneasler|82/100|[from] Sandstorm
|-damage|p2b: Rotom|22/100|[from] Sandstorm
|-heal|p2b: Rotom|28/100|[from] item: Leftovers
|-sideend|p1: charizard_best2015|move: Tailwind
|upkeep
|
|t:|1782433022
|switch|p2a: Sneasler|Sneasler, L50, F|94/100
|switch|p1a: Pelipper|Pelipper, L50, F|100/100
|-weather|RainDance|[from] ability: Drizzle|[of] p1a: Pelipper
|turn|6
|
|t:|1782433042
|move|p1b: Sneasler|Protect|p1b: Sneasler
|-singleturn|p1b: Sneasler|Protect
|move|p1a: Pelipper|Protect|p1a: Pelipper
|-singleturn|p1a: Pelipper|Protect
|move|p2a: Sneasler|Fake Out|p1b: Sneasler
|-activate|p1b: Sneasler|move: Protect
|move|p2b: Rotom|Hydro Pump|p1b: Sneasler
|-activate|p1b: Sneasler|move: Protect
|
|-weather|RainDance|[upkeep]
|-heal|p2b: Rotom|33/100|[from] item: Leftovers
|upkeep
|turn|7
|inactive|VersaceZ has 30 seconds left.
|
|t:|1782433070
|move|p1b: Sneasler|Close Combat|p2b: Rotom
|-damage|p2b: Rotom|0 fnt
|-unboost|p1b: Sneasler|def|1
|-unboost|p1b: Sneasler|spd|1
|faint|p2b: Rotom
|move|p2a: Sneasler|Dire Claw|p1a: Pelipper
|-damage|p1a: Pelipper|55/100
|-status|p1a: Pelipper|par
|move|p1a: Pelipper|Hurricane|p2a: Sneasler
|-supereffective|p2a: Sneasler|1
|-damage|p2a: Sneasler|0 fnt
|faint|p2a: Sneasler
|
|-weather|RainDance|[upkeep]
|upkeep
|
|t:|1782433081
|switch|p2a: Tyranitar|Tyranitar-Mega, L50, M|74/100
|-weather|Sandstorm|[from] ability: Sand Stream|[of] p2a: Tyranitar
|turn|8
|
|t:|1782433092
|move|p1b: Sneasler|Close Combat|p2a: Tyranitar
|-supereffective|p2a: Tyranitar|2
|-damage|p2a: Tyranitar|0 fnt
|-unboost|p1b: Sneasler|def|1
|-unboost|p1b: Sneasler|spd|1
|faint|p2a: Tyranitar
|
|win|charizard_best2015
|c|☆charizard_best2015|ggs
||charizard_best2015 is ready for game 3.
|inactive|VersaceZ has 30 seconds to confirm battle start!
||VersaceZ is ready for game 3.
|uhtml|next|Next: Game 3 of 3
|l|☆charizard_best2015
|player|p1|
|l|☆VersaceZ
|player|p2|
|j|☆charizard_best2015
|player|p1|charizard_best2015|alain|
