|j|☆lucasmalt
|j|☆ultraclaw1
|html|lucasmaltultraclaw1    
|uhtml|bestof|Game 1 of a best-of-3
|t:|1784894444
|gametype|doubles
|player|p1|lucasmalt|266|1367
|player|p2|ultraclaw1|brycenman|1500
|gen|9
|tier|[Gen 9 Champions] VGC 2026 Reg M-B (Bo3)
|rated|
|rule|Species Clause: Limit one of each Pokémon
|rule|Item Clause: Limit 1 of each item
|clearpoke
|poke|p1|Blaziken, L50, M, shiny|
|poke|p1|Incineroar, L50, M, shiny|
|poke|p1|Sinistcha, L50|
|poke|p1|Milotic, L50, F, shiny|
|poke|p1|Hydreigon, L50, M|
|poke|p1|Gardevoir, L50, F, shiny|
|poke|p2|Maushold, L50|
|poke|p2|Kingambit, L50, M|
|poke|p2|Garchomp, L50, F|
|poke|p2|Basculegion, L50, M|
|poke|p2|Talonflame, L50, M|
|poke|p2|Floette-Eternal, L50, F|
|teampreview|4
|showteam|p1|Blaziken||Blazikenite|SpeedBoost|FlareBlitz,CloseCombat,RockSlide,Detect|Adamant||M|||50|]Incineroar||SitrusBerry|Intimidate|FakeOut,FlareBlitz,DarkestLariat,PartingShot|Careful||M|||50|]Sinistcha||KasibBerry|Hospitality|MatchaGotcha,RagePowder,TrickRoom,Protect|Bold|||||50|]Milotic||Leftovers|Competitive|MuddyWater,Coil,Hypnosis,Recover|Calm||F|||50|]Hydreigon||ChoiceScarf|Levitate|Snarl,DracoMeteor,DarkPulse,EarthPower|Modest||M|||50|]Gardevoir||Gardevoirite|Trace|HyperVoice,Psyshock,TrickRoom,Protect|Modest||F|||50|
|showteam|p2|Maushold||FocusSash|FriendGuard|SuperFang,Taunt,FollowMe,Protect|Timid|||||50|]Kingambit||ChopleBerry|Defiant|KowtowCleave,SuckerPunch,LowKick,IronHead|Adamant||M|||50|]Garchomp||LifeOrb|RoughSkin|RockSlide,Earthquake,DragonClaw,Protect|Jolly||F|||50|]Basculegion||MysticWater|Adaptability|WaveCrash,LastRespects,AquaJet,Protect|Adamant||M|||50|]Talonflame||SharpBeak|GaleWings|QuickGuard,DualWingbeat,Tailwind,Protect|Jolly||M|||50|]Floette-Eternal||Floettite|FlowerVeil|LightofRuin,Protect,Moonblast,DazzlingGleam|Modest||F|||50|
|inactive|Battle timer is ON: inactive players will automatically lose when time's up. (requested by ultraclaw1)
|inactive|lucasmalt has 60 seconds left.
|inactive|lucasmalt has 30 seconds left.
|
|t:|1784894509
|teamsize|p1|4
|teamsize|p2|4
|start
|switch|p1a: Sinistcha|Sinistcha, L50|100/100
|switch|p1b: Gardevoir|Gardevoir, L50, F, shiny|100/100
|switch|p2a: Floette|Floette-Eternal, L50, F|100/100
|switch|p2b: Talonflame|Talonflame, L50, M|100/100
|-ability|p1b: Gardevoir|Flower Veil|Trace|[from] ability: Trace|[of] p2a: Floette
|turn|1
|inactive|ultraclaw1 has 30 seconds left.
|
|t:|1784894536
|detailschange|p2a: Floette|Floette-Mega, L50, F
|-mega|p2a: Floette|Floette|Floettite
|-ability|p2a: Floette|Fairy Aura
|move|p1a: Sinistcha|Rage Powder|p1a: Sinistcha
|-singleturn|p1a: Sinistcha|move: Rage Powder
|move|p2b: Talonflame|Dual Wingbeat|p1a: Sinistcha
|-supereffective|p1a: Sinistcha|1
|-damage|p1a: Sinistcha|71/100
|-supereffective|p1a: Sinistcha|1
|-damage|p1a: Sinistcha|43/100
|-hitcount|p1a: Sinistcha|2
|move|p2a: Floette|Moonblast|p1a: Sinistcha
|-crit|p1a: Sinistcha
|-damage|p1a: Sinistcha|0 fnt
|faint|p1a: Sinistcha
|move|p1b: Gardevoir|Trick Room|p1b: Gardevoir
|-fieldstart|move: Trick Room|[of] p1b: Gardevoir
|
|upkeep
|
|t:|1784894555
|switch|p1a: Milotic|Milotic, L50, F, shiny|100/100
|turn|2
|
|t:|1784894570
|switch|p1a: Incineroar|Incineroar, L50, M, shiny|100/100
|-ability|p1a: Incineroar|Intimidate|boost
|-unboost|p2a: Floette|atk|1
|-unboost|p2b: Talonflame|atk|1
|detailschange|p1b: Gardevoir|Gardevoir-Mega, L50, F, shiny
|-mega|p1b: Gardevoir|Gardevoir|Gardevoirite
|move|p2a: Floette|Protect|p2a: Floette
|-singleturn|p2a: Floette|Protect
|move|p2b: Talonflame|Protect|p2b: Talonflame
|-singleturn|p2b: Talonflame|Protect
|move|p1b: Gardevoir|Hyper Voice|p2b: Talonflame|[spread] 
|-activate|p2a: Floette|move: Protect
|-activate|p2b: Talonflame|move: Protect
|
|upkeep
|turn|3
|
|t:|1784894589
|switch|p2a: Basculegion|Basculegion, L50, M|100/100
|move|p2b: Talonflame|Dual Wingbeat|p1b: Gardevoir
|-damage|p1b: Gardevoir|86/100
|-damage|p1b: Gardevoir|72/100
|-hitcount|p1b: Gardevoir|2
|move|p1a: Incineroar|Flare Blitz|p2a: Basculegion
|-resisted|p2a: Basculegion|1
|-damage|p2a: Basculegion|75/100
|-damage|p1a: Incineroar|92/100|[from] Recoil
|move|p1b: Gardevoir|Hyper Voice|p2a: Basculegion|[spread] p2a,p2b
|-resisted|p2b: Talonflame|1
|-damage|p2a: Basculegion|21/100
|-damage|p2b: Talonflame|63/100
|
|upkeep
|turn|4
|inactive|ultraclaw1 has 30 seconds left.
|
|t:|1784894619
|move|p2a: Basculegion|Protect|p2a: Basculegion
|-singleturn|p2a: Basculegion|Protect
|move|p2b: Talonflame|Protect|p2b: Talonflame
|-singleturn|p2b: Talonflame|Protect
|move|p1a: Incineroar|Darkest Lariat|p2a: Basculegion
|-activate|p2a: Basculegion|move: Protect
|move|p1b: Gardevoir|Psyshock|p2b: Talonflame
|-activate|p2b: Talonflame|move: Protect
|
|upkeep
|turn|5
|
|t:|1784894625
|switch|p2a: Garchomp|Garchomp, L50, F|100/100
|move|p1a: Incineroar|Parting Shot|p2b: Talonflame
|-unboost|p2b: Talonflame|atk|1
|-unboost|p2b: Talonflame|spa|1
|
|t:|1784894633
|switch|p1a: Milotic|Milotic, L50, F, shiny|100/100|[from] Parting Shot
|move|p1b: Gardevoir|Hyper Voice|p2a: Garchomp|[spread] p2a,p2b
|-supereffective|p2a: Garchomp|1
|-resisted|p2b: Talonflame|1
|-damage|p2a: Garchomp|0 fnt
|-damage|p2b: Talonflame|29/100
|faint|p2a: Garchomp
|move|p2b: Talonflame|Dual Wingbeat|p1b: Gardevoir
|-damage|p1b: Gardevoir|61/100
|-damage|p1b: Gardevoir|50/100g
|-hitcount|p1b: Gardevoir|2
|
|-fieldend|move: Trick Room
|upkeep
|
|t:|1784894636
|switch|p2a: Floette|Floette-Mega, L50, F|100/100
|-ability|p2a: Floette|Fairy Aura
|turn|6
|
|t:|1784894654
|switch|p2b: Basculegion|Basculegion, L50, M|21/100
|move|p1b: Gardevoir|Protect|p1b: Gardevoir
|-singleturn|p1b: Gardevoir|Protect
|move|p2a: Floette|Dazzling Gleam|p1b: Gardevoir|[spread] p1a
|-activate|p1b: Gardevoir|move: Protect
|-damage|p1a: Milotic|64/100
|move|p1a: Milotic|Coil|p1a: Milotic
|-boost|p1a: Milotic|atk|1
|-boost|p1a: Milotic|def|1
|-boost|p1a: Milotic|accuracy|1
|
|-heal|p1a: Milotic|70/100|[from] item: Leftovers
|upkeep
|turn|7
|
|t:|1784894673
|switch|p1b: Incineroar|Incineroar, L50, M, shiny|92/100
|-ability|p1b: Incineroar|Intimidate|boost
|-unboost|p2a: Floette|atk|1
|-unboost|p2b: Basculegion|atk|1
|move|p2a: Floette|Light of Ruin|p1a: Milotic
|-damage|p1a: Milotic|0 fnt
|faint|p1a: Milotic
|-damage|p2a: Floette|52/100|[from] Recoil
|move|p2b: Basculegion|Last Respects|p1b: Incineroar
|-resisted|p1b: Incineroar|1
|-damage|p1b: Incineroar|72/100
|
|upkeep
|
|t:|1784894682
|switch|p1a: Gardevoir|Gardevoir-Mega, L50, F, shiny|50/100g
|turn|8
|
|t:|1784894689
|move|p1b: Incineroar|Fake Out|p2a: Floette
|-damage|p2a: Floette|38/100
|cant|p2a: Floette|flinch
|move|p1a: Gardevoir|Hyper Voice|p2b: Basculegion|[spread] p2a,p2b
|-damage|p2a: Floette|0 fnt
|-damage|p2b: Basculegion|0 fnt
|faint|p2a: Floette
|faint|p2b: Basculegion
|
|upkeep
|-message|ultraclaw1 forfeited.
|
|win|lucasmalt
|l|☆ultraclaw1
|player|p2|
||ultraclaw1 is ready for game 2.
