|j|☆mxnihil
|j|☆Canndle Stic
|html|mxnihilCanndle Stic    
|uhtml|bestof|Game 3 of a best-of-3
|t:|1786126641
|gametype|doubles
|player|p1|mxnihil|caitlin-masters|1095
|player|p2|Canndle Stic|101|1203
|gen|9
|tier|[Gen 9 Champions] VGC 2026 Reg M-B (Bo3)
|rated|
|rule|Species Clause: Limit one of each Pokémon
|rule|Item Clause: Limit 1 of each item
|clearpoke
|poke|p1|Primarina, L50, F|
|poke|p1|Scovillain, L50, M|
|poke|p1|Farigiraf, L50, F|
|poke|p1|Archaludon, L50, M|
|poke|p1|Espathra, L50, M|
|poke|p1|Sableye, L50, M|
|poke|p2|Grimmsnarl, L50, M|
|poke|p2|Metagross, L50|
|poke|p2|Pelipper, L50, M|
|poke|p2|Sinistcha, L50|
|poke|p2|Swampert, L50, F|
|poke|p2|Archaludon, L50, F|
|teampreview|4
|showteam|p1|Primarina||MysticWater|LiquidVoice|HyperVoice,Moonblast,Protect,CalmMind|Modest||F|||50|]Scovillain||Scovillainite|Moody|RagePowder,GigaDrain,Overheat,Protect|Bold||M|||50|]Farigiraf||SitrusBerry|ArmorTail|RainDance,TrickRoom,PsychicFangs,Thunderbolt|Sassy||F|||50|]Archaludon||Leftovers|Stamina|ElectroShot,DragonPulse,FlashCannon,Protect|Modest||M|||50|]Espathra||MentalHerb|SpeedBoost|CalmMind,LuminaCrash,Protect,BatonPass|Timid||M|||50|]Sableye||RoseliBerry|Prankster|FakeOut,Reflect,RainDance,Encore|Careful||M|||50|
|showteam|p2|Grimmsnarl||LightClay|Prankster|SpiritBreak,LightScreen,Reflect,PartingShot|Impish||M|||50|]Metagross||Metagrossite|ClearBody|PsychicFangs,IronHead,BulletPunch,Protect|Adamant|||||50|]Pelipper||SitrusBerry|Drizzle|Tailwind,Hurricane,WideGuard,WeatherBall|Calm||M|||50|]Sinistcha||CobaBerry|Hospitality|MatchaGotcha,RagePowder,LifeDew,TrickRoom|Bold|||||50|]Swampert||Swampertite|Damp|Earthquake,WaveCrash,IcePunch,Protect|Adamant||F|||50|]Archaludon||Leftovers|Stamina|DragonPulse,FlashCannon,ElectroShot,Protect|Modest||F|||50|
|
|t:|1786126676
|teamsize|p1|4
|teamsize|p2|4
|start
|switch|p1a: Espathra|Espathra, L50, M|100/100
|switch|p1b: Scovillain|Scovillain, L50, M|100/100
|switch|p2a: Pelipper|Pelipper, L50, M|100/100
|switch|p2b: Swampert|Swampert, L50, F|100/100
|-weather|RainDance|[from] ability: Drizzle|[of] p2a: Pelipper
|turn|1
|inactive|Battle timer is ON: inactive players will automatically lose when time's up. (requested by Canndle Stic)
|
|t:|1786126695
|detailschange|p2b: Swampert|Swampert-Mega, L50, F
|-mega|p2b: Swampert|Swampert|Swampertite
|detailschange|p1b: Scovillain|Scovillain-Mega, L50, M
|-mega|p1b: Scovillain|Scovillain|Scovillainite
|move|p1b: Scovillain|Rage Powder|p1b: Scovillain
|-singleturn|p1b: Scovillain|move: Rage Powder
|move|p2b: Swampert|Wave Crash|p1b: Scovillain
|-damage|p1b: Scovillain|0 fnt
|-status|p2b: Swampert|brn|[from] ability: Spicy Spray|[of] p1b: Scovillain
|faint|p1b: Scovillain
|-damage|p2b: Swampert|67/100 brn|[from] Recoil
|move|p1a: Espathra|Calm Mind|p1a: Espathra
|-boost|p1a: Espathra|spa|1
|-boost|p1a: Espathra|spd|1
|move|p2a: Pelipper|Weather Ball|p1a: Espathra
|-damage|p1a: Espathra|56/100
|
|-weather|RainDance|[upkeep]
|-damage|p2b: Swampert|61/100 brn|[from] brn
|-ability|p1a: Espathra|Speed Boost|boost
|-boost|p1a: Espathra|spe|1
|upkeep
|
|t:|1786126704
|switch|p1b: Sableye|Sableye, L50, M|100/100
|turn|2
|inactive|Canndle Stic has 30 seconds left.
|
|t:|1786126731
|move|p1b: Sableye|Fake Out|p2b: Swampert
|-damage|p2b: Swampert|54/100 brn
|cant|p2b: Swampert|flinch
|move|p1a: Espathra|Calm Mind|p1a: Espathra
|-boost|p1a: Espathra|spa|1
|-boost|p1a: Espathra|spd|1
|move|p2a: Pelipper|Weather Ball|p1b: Sableye
|-damage|p1b: Sableye|43/100
|
|-weather|RainDance|[upkeep]
|-damage|p2b: Swampert|48/100 brn|[from] brn
|-ability|p1a: Espathra|Speed Boost|boost
|-boost|p1a: Espathra|spe|1
|upkeep
|turn|3
|
|t:|1786126755
|switch|p2a: Sinistcha|Sinistcha, L50|100/100
|-heal|p2b: Swampert|73/100 brn|[from] ability: Hospitality|[of] p2a: Sinistcha
|move|p1b: Sableye|Encore|p2b: Swampert
|-start|p2b: Swampert|Encore
|move|p1a: Espathra|Baton Pass|p1a: Espathra
|
|t:|1786126760
|switch|p1a: Archaludon|Archaludon, L50, M|100/100|[from] Baton Pass
|move|p2b: Swampert|Wave Crash|p1b: Sableye
|-damage|p1b: Sableye|0 fnt
|faint|p1b: Sableye
|-damage|p2b: Swampert|60/100 brn|[from] Recoil
|
|-weather|RainDance|[upkeep]
|-damage|p2b: Swampert|54/100 brn|[from] brn
|upkeep
|
|t:|1786126761
|switch|p1b: Espathra|Espathra, L50, M|56/100
|turn|4
|
|t:|1786126777
|move|p2b: Swampert|Wave Crash|p1b: Espathra
|-crit|p1b: Espathra
|-damage|p1b: Espathra|0 fnt
|faint|p1b: Espathra
|-damage|p2b: Swampert|32/100 brn|[from] Recoil
|move|p1a: Archaludon|Dragon Pulse|p2a: Sinistcha
|-damage|p2a: Sinistcha|11/100
|move|p2a: Sinistcha|Trick Room|p2a: Sinistcha
|-fieldstart|move: Trick Room|[of] p2a: Sinistcha
|
|-weather|RainDance|[upkeep]
|-damage|p2b: Swampert|26/100 brn|[from] brn
|upkeep
|turn|5
|
|t:|1786126798
|move|p2a: Sinistcha|Life Dew|p2a: Sinistcha|[spread] p2a,p2b
|-heal|p2a: Sinistcha|37/100
|-heal|p2b: Swampert|51/100 brn
|move|p1a: Archaludon|Electro Shot||[still]
|-prepare|p1a: Archaludon|Electro Shot
|-boost|p1a: Archaludon|spa|1
|-anim|p1a: Archaludon|Electro Shot|p2a: Sinistcha
|-resisted|p2a: Sinistcha|1
|-damage|p2a: Sinistcha|0 fnt
|faint|p2a: Sinistcha
|move|p2b: Swampert|Wave Crash|p1a: Archaludon
|-resisted|p1a: Archaludon|1
|-damage|p1a: Archaludon|80/100
|-ability|p1a: Archaludon|Stamina|boost
|-boost|p1a: Archaludon|def|1
|-damage|p2b: Swampert|44/100 brn|[from] Recoil
|
|-weather|none
|-heal|p1a: Archaludon|86/100|[from] item: Leftovers
|-damage|p2b: Swampert|37/100 brn|[from] brn
|-end|p2b: Swampert|Encore
|upkeep
|
|t:|1786126811
|switch|p2a: Archaludon|Archaludon, L50, F|100/100
|turn|6
|inactive|Canndle Stic has 30 seconds left.
|
|t:|1786126836
|move|p2a: Archaludon|Protect|p2a: Archaludon
|-singleturn|p2a: Archaludon|Protect
|move|p1a: Archaludon|Protect|p1a: Archaludon
|-singleturn|p1a: Archaludon|Protect
|move|p2b: Swampert|Earthquake|p1a: Archaludon|[spread] 
|-activate|p2a: Archaludon|move: Protect
|-activate|p1a: Archaludon|move: Protect
|
|-heal|p1a: Archaludon|92/100|[from] item: Leftovers
|-damage|p2b: Swampert|31/100 brn|[from] brn
|upkeep
|turn|7
|
|t:|1786126843
|switch|p2a: Pelipper|Pelipper, L50, M|100/100
|-weather|RainDance|[from] ability: Drizzle|[of] p2a: Pelipper
|move|p1a: Archaludon|Dragon Pulse|p2b: Swampert
|-damage|p2b: Swampert|0 fnt
|faint|p2b: Swampert
|
|-weather|RainDance|[upkeep]
|-heal|p1a: Archaludon|98/100|[from] item: Leftovers
|upkeep
|
|t:|1786126848
|switch|p2b: Archaludon|Archaludon, L50, F|100/100
|turn|8
|
|t:|1786126862
|move|p1a: Archaludon|Protect|p1a: Archaludon
|-singleturn|p1a: Archaludon|Protect
|move|p2a: Pelipper|Tailwind|p2a: Pelipper
|-sidestart|p2: Canndle Stic|move: Tailwind
|move|p2b: Archaludon|Electro Shot||[still]
|-prepare|p2b: Archaludon|Electro Shot
|-boost|p2b: Archaludon|spa|1
|-anim|p2b: Archaludon|Electro Shot|p1a: Archaludon
|-activate|p1a: Archaludon|move: Protect
|
|-weather|RainDance|[upkeep]
|-heal|p1a: Archaludon|100/100|[from] item: Leftovers
|-fieldend|move: Trick Room
|upkeep
|turn|9
|
|t:|1786126884
|move|p1a: Archaludon|Dragon Pulse|p2b: Archaludon
|-damage|p2b: Archaludon|9/100
|-ability|p2b: Archaludon|Stamina|boost
|-boost|p2b: Archaludon|def|1
|move|p2b: Archaludon|Dragon Pulse|p1a: Archaludon
|-damage|p1a: Archaludon|72/100
|-ability|p1a: Archaludon|Stamina|boost
|-boost|p1a: Archaludon|def|1
|move|p2a: Pelipper|Weather Ball|p1a: Archaludon
|-resisted|p1a: Archaludon|1
|-damage|p1a: Archaludon|58/100
|-ability|p1a: Archaludon|Stamina|boost
|-boost|p1a: Archaludon|def|1
|
|-weather|RainDance|[upkeep]
|-heal|p1a: Archaludon|64/100|[from] item: Leftovers
|-heal|p2b: Archaludon|15/100|[from] item: Leftovers
|upkeep
|turn|10
|
|t:|1786126899
|move|p1a: Archaludon|Protect|p1a: Archaludon
|-singleturn|p1a: Archaludon|Protect
|move|p2b: Archaludon|Electro Shot||[still]
|-prepare|p2b: Archaludon|Electro Shot
|-boost|p2b: Archaludon|spa|1
|-anim|p2b: Archaludon|Electro Shot|p1a: Archaludon
|-activate|p1a: Archaludon|move: Protect
|move|p2a: Pelipper|Weather Ball|p1a: Archaludon
|-activate|p1a: Archaludon|move: Protect
|
|-weather|RainDance|[upkeep]
|-heal|p1a: Archaludon|71/100|[from] item: Leftovers
|-heal|p2b: Archaludon|21/100|[from] item: Leftovers
|upkeep
|turn|11
|
|t:|1786126912
|move|p1a: Archaludon|Electro Shot||[still]
|-prepare|p1a: Archaludon|Electro Shot
|-boost|p1a: Archaludon|spa|1
|-anim|p1a: Archaludon|Electro Shot|p2b: Archaludon
|-resisted|p2b: Archaludon|1
|-damage|p2b: Archaludon|0 fnt
|faint|p2b: Archaludon
|move|p2a: Pelipper|Weather Ball|p1a: Archaludon
|-resisted|p1a: Archaludon|1
|-damage|p1a: Archaludon|58/100
|-ability|p1a: Archaludon|Stamina|boost
|-boost|p1a: Archaludon|def|1
|
|-weather|none
|-heal|p1a: Archaludon|64/100|[from] item: Leftovers
|-sideend|p2: Canndle Stic|move: Tailwind
|upkeep
|turn|12
|-message|Canndle Stic forfeited.
|
|win|mxnihil
|raw|mxnihil's rating: 1095 → 1129(+34 for winning)
|raw|Canndle Stic's rating: 1203 → 1170(-33 for losing)
|l|☆Canndle Stic
|player|p2|
