|j|☆mertering
|j|☆jibbers
|html|merteringjibbers    
|uhtml|bestof|Game 1 of a best-of-3
|t:|1786001741
|gametype|doubles
|player|p1|mertering|steven|1222
|player|p2|jibbers|266|1141
|gen|9
|tier|[Gen 9 Champions] VGC 2026 Reg M-B (Bo3)
|rated|
|rule|Species Clause: Limit one of each Pokémon
|rule|Item Clause: Limit 1 of each item
|clearpoke
|poke|p1|Froslass, L50, F|
|poke|p1|Sneasler, L50, F|
|poke|p1|Kingambit, L50, F|
|poke|p1|Basculegion, L50, M|
|poke|p1|Lycanroc-Dusk, L50, F|
|poke|p1|Scovillain, L50, M|
|poke|p2|Delphox, L50, F|
|poke|p2|Whimsicott, L50, M|
|poke|p2|Glimmora, L50, M|
|poke|p2|Garchomp, L50, M|
|poke|p2|Sinistcha, L50|
|poke|p2|Blastoise, L50, M|
|teampreview|4
|showteam|p1|Froslass||Froslassite|CursedBody|Protect,Blizzard,AuroraVeil,ShadowBall|Modest||F|||50|]Sneasler||WhiteHerb|Unburden|Protect,CloseCombat,FakeOut,GunkShot|Adamant||F|||50|]Kingambit||BlackGlasses|Defiant|Protect,KowtowCleave,SwordsDance,SuckerPunch|Adamant||F|||50|]Basculegion||SitrusBerry|Adaptability|Protect,WaveCrash,LastRespects,AquaJet|Adamant||M|||50|]Lycanroc-Dusk||FocusSash|ToughClaws|Protect,Accelerock,RockSlide,CloseCombat|Adamant||F|||50|]Scovillain||Scovillainite|Moody|Protect,GigaDrain,Overheat,RagePowder|Bold||M|||50|
|showteam|p2|Delphox||Delphoxite|Blaze|HeatWave,Psychic,Substitute,Protect|Modest||F|||50|]Whimsicott||OccaBerry|Prankster|Tailwind,FakeTears,LightScreen,Moonblast|Timid||M|||50|]Glimmora||FocusSash|ToxicDebris|SludgeBomb,EarthPower,PowerGem,SpikyShield|Timid||M|||50|]Garchomp||LifeOrb|RoughSkin|DragonClaw,Earthquake,RockSlide,Protect|Jolly||M|||50|]Sinistcha||KasibBerry|Hospitality|RagePowder,TrickRoom,LifeDew,MatchaGotcha|Bold|||||50|]Blastoise||Blastoisinite|RainDish|AuraSphere,DarkPulse,WaterSpout,Protect|Timid||M|||50|
|inactive|Battle timer is ON: inactive players will automatically lose when time's up. (requested by mertering)
|
|t:|1786001769
|teamsize|p1|4
|teamsize|p2|4
|start
|switch|p1a: Basculegion|Basculegion, L50, M|100/100
|switch|p1b: Scovillain|Scovillain, L50, M|100/100
|switch|p2a: Whimsicott|Whimsicott, L50, M|100/100
|switch|p2b: Glimmora|Glimmora, L50, M|100/100
|turn|1
|inactive|mertering has 30 seconds left.
|inactive|jibbers has 30 seconds left.
|inactive|mertering has 20 seconds left.
|inactive|jibbers has 20 seconds left.
|inactive|mertering has 15 seconds left.
|inactive|jibbers has 15 seconds left.
|inactive|mertering has 10 seconds left.
|inactive|jibbers has 10 seconds left.
|
|t:|1786001823
|move|p2b: Glimmora|Spiky Shield|p2b: Glimmora
|-singleturn|p2b: Glimmora|move: Protect
|move|p2a: Whimsicott|Tailwind|p2a: Whimsicott
|-sidestart|p2: jibbers|move: Tailwind
|move|p1b: Scovillain|Overheat|p2a: Whimsicott
|-supereffective|p2a: Whimsicott|1
|-enditem|p2a: Whimsicott|Occa Berry|[eat]
|-enditem|p2a: Whimsicott|Occa Berry|[weaken]
|-damage|p2a: Whimsicott|41/100
|-unboost|p1b: Scovillain|spa|2
|move|p1a: Basculegion|Wave Crash|p2b: Glimmora
|-activate|p2b: Glimmora|move: Protect
|-damage|p1a: Basculegion|87/100|[from] Spiky Shield|[of] p2b: Glimmora
|
|-ability|p1b: Scovillain|Moody|boost
|-boost|p1b: Scovillain|atk|2
|-unboost|p1b: Scovillain|def|1
|upkeep
|turn|2
|inactive|jibbers has 30 seconds left.
|
|t:|1786001857
|detailschange|p1b: Scovillain|Scovillain-Mega, L50, M
|-mega|p1b: Scovillain|Scovillain|Scovillainite
|move|p2a: Whimsicott|Fake Tears|p1a: Basculegion
|-unboost|p1a: Basculegion|spd|2
|move|p2b: Glimmora|Power Gem|p1a: Basculegion
|-damage|p1a: Basculegion|9/100
|-enditem|p1a: Basculegion|Sitrus Berry|[eat]
|-heal|p1a: Basculegion|33/100|[from] item: Sitrus Berry
|move|p1b: Scovillain|Overheat|p2a: Whimsicott
|-supereffective|p2a: Whimsicott|1
|-damage|p2a: Whimsicott|0 fnt
|-unboost|p1b: Scovillain|spa|2
|faint|p2a: Whimsicott
|move|p1a: Basculegion|Wave Crash|p2b: Glimmora
|-supereffective|p2b: Glimmora|1
|-crit|p2b: Glimmora
|-enditem|p2b: Glimmora|Focus Sash
|-damage|p2b: Glimmora|1/100
|-activate|p2b: Glimmora|ability: Toxic Debris
|-sidestart|p1: mertering|move: Toxic Spikes
|-damage|p1a: Basculegion|10/100|[from] Recoil
|
|upkeep
|
|t:|1786001873
|switch|p2a: Delphox|Delphox, L50, F|100/100
|turn|3
|
|t:|1786001887
|switch|p1b: Sneasler|Sneasler, L50, F|100/100
|-sideend|p1: mertering|move: Toxic Spikes|[of] p1b: Sneasler
|detailschange|p2a: Delphox|Delphox-Mega, L50, F
|-mega|p2a: Delphox|Delphox|Delphoxite
|move|p2b: Glimmora|Spiky Shield|p2b: Glimmora
|-singleturn|p2b: Glimmora|move: Protect
|move|p1a: Basculegion|Protect|p1a: Basculegion
|-singleturn|p1a: Basculegion|Protect
|move|p2a: Delphox|Heat Wave|p1a: Basculegion|[spread] p1b
|-activate|p1a: Basculegion|move: Protect
|-damage|p1b: Sneasler|45/100
|
|upkeep
|turn|4
|
|t:|1786001903
|switch|p2b: Sinistcha|Sinistcha, L50|100/100
|move|p1b: Sneasler|Fake Out|p2a: Delphox
|-damage|p2a: Delphox|83/100
|move|p1a: Basculegion|Aqua Jet|p2b: Sinistcha
|-resisted|p2b: Sinistcha|1
|-damage|p2b: Sinistcha|89/100
|cant|p2a: Delphox|flinch
|
|-sideend|p2: jibbers|move: Tailwind
|upkeep
|turn|5
|
|t:|1786001926
|switch|p2b: Glimmora|Glimmora, L50, M|1/100
|move|p1a: Basculegion|Aqua Jet|p2a: Delphox
|-supereffective|p2a: Delphox|1
|-damage|p2a: Delphox|22/100
|move|p2a: Delphox|Heat Wave|p1a: Basculegion|[spread] p1a,p1b
|-resisted|p1a: Basculegion|1
|-damage|p1a: Basculegion|0 fnt
|-damage|p1b: Sneasler|0 fnt
|faint|p1a: Basculegion
|faint|p1b: Sneasler
|
|upkeep
|
|t:|1786001937
|switch|p1b: Scovillain|Scovillain-Mega, L50, M|100/100
|switch|p1a: Kingambit|Kingambit, L50, F|100/100
|turn|6
|inactive|mertering has 30 seconds left.
|inactive|mertering has 20 seconds left.
|inactive|mertering has 15 seconds left.
|
|t:|1786001979
|switch|p2b: Sinistcha|Sinistcha, L50|89/100
|-heal|p2a: Delphox|46/100|[from] ability: Hospitality|[of] p2b: Sinistcha
|move|p2a: Delphox|Protect|p2a: Delphox
|-singleturn|p2a: Delphox|Protect
|move|p1b: Scovillain|Overheat|p2b: Sinistcha
|-supereffective|p2b: Sinistcha|1
|-damage|p2b: Sinistcha|0 fnt
|-unboost|p1b: Scovillain|spa|2
|faint|p2b: Sinistcha
|move|p1a: Kingambit|Kowtow Cleave|p2a: Delphox
|-activate|p2a: Delphox|move: Protect
|
|upkeep
|
|t:|1786001983
|switch|p2b: Glimmora|Glimmora, L50, M|1/100
|turn|7
|
|t:|1786002011
|move|p1b: Scovillain|Rage Powder|p1b: Scovillain
|-singleturn|p1b: Scovillain|move: Rage Powder
|move|p2a: Delphox|Substitute|p2a: Delphox
|-start|p2a: Delphox|Substitute
|-damage|p2a: Delphox|22/100
|move|p2b: Glimmora|Earth Power|p1b: Scovillain
|-damage|p1b: Scovillain|65/100
|-status|p2b: Glimmora|brn|[from] ability: Spicy Spray|[of] p1b: Scovillain
|move|p1a: Kingambit|Kowtow Cleave|p2a: Delphox
|-supereffective|p2a: Delphox|1
|-end|p2a: Delphox|Substitute
|
|-damage|p2b: Glimmora|0 fnt|[from] brn
|faint|p2b: Glimmora
|upkeep
|turn|8
|inactive|mertering has 30 seconds left.
|
|t:|1786002039
|move|p1a: Kingambit|Sucker Punch|p2a: Delphox
|-supereffective|p2a: Delphox|1
|-damage|p2a: Delphox|0 fnt
|faint|p2a: Delphox
|
|win|mertering
||mertering is ready for game 2.
||jibbers is ready for game 2.
|uhtml|next|Next: Game 2 of 3
|l|☆jibbers
|player|p2|
