|j|☆maza2
|j|☆viatles
|html|maza2viatles    
|uhtml|bestof|Game 1 of a best-of-3
|t:|1756752822
|gametype|doubles
|player|p1|maza2|roxie|1090
|player|p2|viatles|hiker|1023
|gen|9
|tier|[Gen 9] VGC 2025 Reg H (Bo3)
|rated|
|rule|Species Clause: Limit one of each Pokémon
|rule|Item Clause: Limit 1 of each item
|clearpoke
|poke|p1|Maushold-Four, L50|
|poke|p1|Annihilape, L50, F|
|poke|p1|Sinistcha, L50|
|poke|p1|Dragonite, L50, F|
|poke|p1|Sneasler, L50, F|
|poke|p1|Klefki, L50, M|
|poke|p2|Oricorio-Sensu, L50, M|
|poke|p2|Volcarona, L50, F|
|poke|p2|Garchomp, L50, F|
|poke|p2|Scizor, L50, M|
|poke|p2|Mienshao, L50, M|
|poke|p2|Milotic, L50, F|
|teampreview|4
|showteam|p1|Maushold-Four||SafetyGoggles|FriendGuard|FollowMe,Taunt,BeatUp,HelpingHand||||||50|,,,,,Ghost]Annihilape||Leftovers|Defiant|Protect,BulkUp,DrainPunch,RageFist|||F|||50|,,,,,Fire]Sinistcha||SitrusBerry|Hospitality|MatchaGotcha,TrickRoom,LifeDew,RagePowder||||||50|,,,,,Water]Dragonite||LoadedDice|Multiscale|ExtremeSpeed,ScaleShot,Tailwind,Protect|||F|||50|,,,,,Normal]Sneasler||FocusSash|Unburden|DireClaw,Coaching,CloseCombat,ThroatChop|||F|||50|,,,,,Dark]Klefki||LightClay|Prankster|Reflect,LightScreen,MistyTerrain,DazzlingGleam|||M|||50|,,,,,Ghost
|showteam|p2|Oricorio-Sensu||FocusSash|Dancer|QuiverDance,BatonPass,RevelationDance,Protect|||M|||50|,,,,,Fighting]Volcarona||SitrusBerry|FlameBody|QuiverDance,GigaDrain,FieryDance,Protect|||F|||50|,,,,,Grass]Garchomp||ClearAmulet|RoughSkin|IronHead,DragonClaw,RockSlide,Earthquake|||F|||50|,,,,,Steel]Scizor||AssaultVest|Technician|BulletPunch,BugBite,DualWingbeat,Thief|||M|||50|,,,,,Stellar]Mienshao||SafetyGoggles|InnerFocus|FakeOut,CloseCombat,TripleAxel,WideGuard|||M|||50|,,,,,Fire]Milotic||Leftovers|Competitive|Scald,Protect,IcyWind,LifeDew|||F|||50|,,,,,Grass
|c|☆viatles|gl hf
|inactive|Battle timer is ON: inactive players will automatically lose when time's up. (requested by viatles)
|inactive|maza2 has 60 seconds left.
|inactive|maza2 has 30 seconds left.
|
|t:|1756752891
|teamsize|p1|4
|teamsize|p2|4
|start
|switch|p1a: Annihilape|Annihilape, L50, F, shiny|100/100
|switch|p1b: Dragonite|Dragonite, L50, F|100/100
|switch|p2a: Oricorio|Oricorio-Sensu, L50, M|100/100
|switch|p2b: Volcarona|Volcarona, L50, F|100/100
|turn|1
|
|t:|1756752916
|move|p2a: Oricorio|Quiver Dance|p2a: Oricorio
|-boost|p2a: Oricorio|spa|1
|-boost|p2a: Oricorio|spd|1
|-boost|p2a: Oricorio|spe|1
|move|p1a: Annihilape|Rage Fist|p2a: Oricorio
|-supereffective|p2a: Oricorio
|-damage|p2a: Oricorio|36/100
|move|p2b: Volcarona|Fiery Dance|p1b: Dragonite
|-resisted|p1b: Dragonite
|-damage|p1b: Dragonite|90/100
|-boost|p2b: Volcarona|spa|1
|-activate|p2a: Oricorio|ability: Dancer
|move|p2a: Oricorio|Fiery Dance|p1b: Dragonite|[from] ability: Dancer
|-resisted|p1b: Dragonite
|-damage|p1b: Dragonite|74/100
|move|p1b: Dragonite|Scale Shot|p2a: Oricorio
|-damage|p2a: Oricorio|13/100
|-damage|p2a: Oricorio|0 fnt
|faint|p2a: Oricorio
|-hitcount|p2: Oricorio|2
|-unboost|p1b: Dragonite|def|1
|-boost|p1b: Dragonite|spe|1
|
|upkeep
|
|t:|1756752940
|switch|p2a: Mienshao|Mienshao, L50, M|100/100
|turn|2
|
|t:|1756752957
|-terastallize|p1a: Annihilape|Fire
|move|p1b: Dragonite|Protect|p1b: Dragonite
|-singleturn|p1b: Dragonite|Protect
|move|p2a: Mienshao|Triple Axel|p1a: Annihilape
|-resisted|p1a: Annihilape
|-crit|p1a: Annihilape
|-damage|p1a: Annihilape|95/100
|-resisted|p1a: Annihilape
|-damage|p1a: Annihilape|88/100
|-hitcount|p1a: Annihilape|2
|move|p1a: Annihilape|Bulk Up|p1a: Annihilape
|-boost|p1a: Annihilape|atk|1
|-boost|p1a: Annihilape|def|1
|move|p2b: Volcarona|Giga Drain|p1a: Annihilape
|-resisted|p1a: Annihilape
|-damage|p1a: Annihilape|70/100
|
|-heal|p1a: Annihilape|76/100|[from] item: Leftovers
|upkeep
|turn|3
|inactive|viatles has 30 seconds left.
|
|t:|1756752983
|move|p1b: Dragonite|Tailwind|p1b: Dragonite
|-sidestart|p1: maza2|move: Tailwind
|move|p1a: Annihilape|Rage Fist|p2b: Volcarona
|-damage|p2b: Volcarona|0 fnt
|faint|p2b: Volcarona
|move|p2a: Mienshao|Triple Axel|p1b: Dragonite
|-supereffective|p1b: Dragonite
|-damage|p1b: Dragonite|34/100
|-supereffective|p1b: Dragonite
|-damage|p1b: Dragonite|0 fnt
|faint|p1b: Dragonite
|-hitcount|p1: Dragonite|2
|
|-heal|p1a: Annihilape|82/100|[from] item: Leftovers
|upkeep
|
|t:|1756752996
|switch|p2b: Scizor|Scizor, L50, M|100/100
|switch|p1b: Sneasler|Sneasler, L50, F|100/100
|turn|4
|
|t:|1756753014
|move|p1b: Sneasler|Coaching|p1a: Annihilape
|-boost|p1a: Annihilape|atk|1
|-boost|p1a: Annihilape|def|1
|move|p1a: Annihilape|Rage Fist|p2b: Scizor
|-crit|p2b: Scizor
|-damage|p2b: Scizor|0 fnt
|faint|p2b: Scizor
|move|p2a: Mienshao|Close Combat|p1a: Annihilape
|-damage|p1a: Annihilape|50/100
|-unboost|p2a: Mienshao|def|1
|-unboost|p2a: Mienshao|spd|1
|
|-heal|p1a: Annihilape|56/100|[from] item: Leftovers
|upkeep
|turn|5
|
|t:|1756753028
|move|p1b: Sneasler|Coaching|p1a: Annihilape
|-boost|p1a: Annihilape|atk|1
|-boost|p1a: Annihilape|def|1
|move|p1a: Annihilape|Drain Punch|p2a: Mienshao
|-damage|p2a: Mienshao|0 fnt
|-heal|p1a: Annihilape|90/100|[from] drain|[of] p2a: Mienshao
|faint|p2a: Mienshao
|
|win|maza2
