|j|‽jfaria97
|j|☆raylix
|html|jfaria97raylix    
|uhtml|bestof|Game 1 of a best-of-3
|t:|1756829725
|gametype|doubles
|player|p1|jfaria97|red|1160
|player|p2|raylix|bruno|1117
|gen|9
|tier|[Gen 9] VGC 2025 Reg H (Bo3)
|rated|
|rule|Species Clause: Limit one of each Pokémon
|rule|Item Clause: Limit 1 of each item
|clearpoke
|poke|p1|Garchomp, L50, M|
|poke|p1|Gholdengo, L50|
|poke|p1|Weezing-Galar, L50, M|
|poke|p1|Incineroar, L50, F|
|poke|p1|Dragonite, L50, M|
|poke|p1|Amoonguss, L50, M|
|poke|p2|Sneasler, L50, M|
|poke|p2|Indeedee, L50, M|
|poke|p2|Volcarona, L50, F|
|poke|p2|Ursaluna-Bloodmoon, L50, M|
|poke|p2|Annihilape, L50, M|
|poke|p2|Tyranitar, L50, M|
|teampreview|4
|showteam|p1|Garchomp||LifeOrb|RoughSkin|Earthquake,StompingTantrum,RockSlide,Protect|||M|||50|,,,,,Steel]Gholdengo||ChoiceScarf|GoodasGold|MakeItRain,ShadowBall,Thunderbolt,Trick||||||50|,,,,,Flying]Weezing-Galar||Leftovers|NeutralizingGas|StrangeSteam,SludgeBomb,Taunt,Protect|||M|||50|,,,,,Dark]Incineroar||SafetyGoggles|Intimidate|FlareBlitz,KnockOff,FakeOut,PartingShot|||F|||50|,,,,,Ghost]Dragonite||ChoiceBand|InnerFocus|ExtremeSpeed,Outrage,AerialAce,StompingTantrum|||M|||50|,,,,,Normal]Amoonguss||RockyHelmet|Regenerator|RagePowder,ClearSmog,PollenPuff,Spore|||M|||50|,,,,,Water
|showteam|p2|Sneasler||PsychicSeed|Unburden|CloseCombat,DireClaw,ThroatChop,Protect|||M|||50|,,,,,Dark]Indeedee||ChoiceScarf|PsychicSurge|ExpandingForce,TeraBlast,Trick,Protect|||M|||50|,,,,,Psychic]Volcarona||SitrusBerry|FlameBody|Overheat,StruggleBug,RagePowder,Tailwind|||F|||50|,,,,,Grass]Ursaluna-Bloodmoon||LifeOrb|MindsEye|BloodMoon,HyperVoice,EarthPower,Protect|||M|||50|,,,,,Normal]Annihilape||SafetyGoggles|Defiant|CloseCombat,RageFist,Taunt,FinalGambit|||M|||50|,,,,,Fairy]Tyranitar||AssaultVest|SandStream|RockSlide,KnockOff,TeraBlast,LowKick|||M|||50|,,,,,Flying
|inactive|Battle timer is ON: inactive players will automatically lose when time's up. (requested by jfaria97)
|inactive|jfaria97 has 60 seconds left.
|inactive|raylix has 60 seconds left.
|inactive|raylix has 30 seconds left.
|inactive|raylix has 20 seconds left.
|inactive|raylix has 15 seconds left.
|
|t:|1756829808
|teamsize|p1|4
|teamsize|p2|4
|start
|switch|p1a: Weezing|Weezing-Galar, L50, M|100/100
|switch|p1b: Gholdengo|Gholdengo, L50|100/100
|switch|p2a: Sneasler|Sneasler, L50, M|100/100
|switch|p2b: Indeedee|Indeedee, L50, M|100/100
|-ability|p1a: Weezing|Neutralizing Gas
|turn|1
|inactive|jfaria97 has 30 seconds left.
|inactive|raylix has 30 seconds left.
|inactive|raylix has 20 seconds left.
|inactive|raylix has 15 seconds left.
|inactive|raylix has 10 seconds left.
|
|t:|1756829856
|switch|p2b: Tyranitar|Tyranitar, L50, M|100/100
|switch|p2a: Volcarona|Volcarona, L50, F|100/100
|move|p1a: Weezing|Protect|p1a: Weezing
|-singleturn|p1a: Weezing|Protect
|move|p1b: Gholdengo|Make It Rain|p2a: Volcarona|[spread] p2a,p2b
|-resisted|p2a: Volcarona
|-supereffective|p2b: Tyranitar
|-damage|p2a: Volcarona|76/100
|-damage|p2b: Tyranitar|37/100
|-unboost|p1b: Gholdengo|spa|1
|
|upkeep
|turn|2
|inactive|raylix has 30 seconds left.
|
|t:|1756829886
|switch|p2b: Sneasler|Sneasler, L50, M|100/100
|move|p1b: Gholdengo|Make It Rain|p2b: Sneasler|[spread] p2a,p2b
|-resisted|p2a: Volcarona
|-damage|p2a: Volcarona|59/100
|-damage|p2b: Sneasler|48/100
|-unboost|p1b: Gholdengo|spa|1
|move|p2a: Volcarona|Tailwind|p2a: Volcarona
|-sidestart|p2: raylix|move: Tailwind
|move|p1a: Weezing|Sludge Bomb|p2a: Volcarona
|-damage|p2a: Volcarona|24/100
|-status|p2a: Volcarona|psn
|-enditem|p2a: Volcarona|Sitrus Berry|[eat]
|-heal|p2a: Volcarona|49/100 psn|[from] item: Sitrus Berry
|
|-damage|p2a: Volcarona|37/100 psn|[from] psn
|upkeep
|turn|3
|inactive|raylix has 30 seconds left.
|inactive|raylix has 20 seconds left.
|
|t:|1756829924
|switch|p2a: Indeedee|Indeedee, L50, M|100/100
|switch|p1b: Garchomp|Garchomp, L50, M|100/100
|move|p1a: Weezing|Protect|p1a: Weezing
|-singleturn|p1a: Weezing|Protect
|move|p2b: Sneasler|Close Combat|p1a: Weezing
|-activate|p1a: Weezing|move: Protect
|
|upkeep
|turn|4
|inactive|raylix has 30 seconds left.
|inactive|raylix has 20 seconds left.
|inactive|raylix has 15 seconds left.
|inactive|raylix has 10 seconds left.
|
|t:|1756829973
|-end|p1a: Weezing|ability: Neutralizing Gas
|-fieldstart|move: Psychic Terrain|[from] ability: Psychic Surge|[of] p2a: Indeedee
|-enditem|p2b: Sneasler|Psychic Seed
|-boost|p2b: Sneasler|spd|1|[from] item: Psychic Seed
|switch|p1a: Dragonite|Dragonite, L50, M|100/100
|move|p2b: Sneasler|Close Combat|p1a: Dragonite
|-resisted|p1a: Dragonite
|-damage|p1a: Dragonite|70/100
|-unboost|p2b: Sneasler|def|1
|-unboost|p2b: Sneasler|spd|1
|move|p2a: Indeedee|Trick|p1a: Dragonite
|-activate|p2a: Indeedee|move: Trick|[of] p1a: Dragonite
|-item|p1a: Dragonite|Choice Scarf|[from] move: Trick
|-item|p2a: Indeedee|Choice Band|[from] move: Trick
|move|p1b: Garchomp|Earthquake|p2b: Sneasler|[spread] p2a,p2b
|-immune|p1a: Dragonite
|-supereffective|p2b: Sneasler
|-damage|p2a: Indeedee|3/100
|-damage|p2b: Sneasler|0 fnt
|faint|p2b: Sneasler
|-damage|p1b: Garchomp|91/100|[from] item: Life Orb
|
|upkeep
|
|t:|1756829988
|switch|p2b: Tyranitar|Tyranitar, L50, M|37/100
|-weather|Sandstorm|[from] ability: Sand Stream|[of] p2b: Tyranitar
|turn|5
|
|t:|1756829999
|-terastallize|p2b: Tyranitar|Flying
|move|p2a: Indeedee|Expanding Force|p1a: Dragonite|[spread] p1a,p1b
|-damage|p1a: Dragonite|19/100
|-damage|p1b: Garchomp|30/100
|move|p2b: Tyranitar|Rock Slide|p1b: Garchomp|[spread] p1a,p1b
|-supereffective|p1a: Dragonite
|-resisted|p1b: Garchomp
|-damage|p1a: Dragonite|0 fnt
|-damage|p1b: Garchomp|16/100
|faint|p1a: Dragonite
|move|p1b: Garchomp|Earthquake|p2b: Tyranitar|[spread] p2a
|-immune|p2b: Tyranitar
|-damage|p2a: Indeedee|0 fnt
|faint|p2a: Indeedee
|-damage|p1b: Garchomp|6/100|[from] item: Life Orb
|
|-weather|Sandstorm|[upkeep]
|-damage|p2b: Tyranitar|32/100|[from] Sandstorm
|-sideend|p2: raylix|move: Tailwind
|upkeep
|
|t:|1756830008
|switch|p2a: Volcarona|Volcarona, L50, F|37/100 psn
|switch|p1a: Weezing|Weezing-Galar, L50, M|100/100
|-ability|p1a: Weezing|Neutralizing Gas
|turn|6
|inactive|raylix has 30 seconds left.
|inactive|raylix has 20 seconds left.
|
|t:|1756830048
|move|p1a: Weezing|Protect|p1a: Weezing
|-singleturn|p1a: Weezing|Protect
|move|p1b: Garchomp|Rock Slide|p2a: Volcarona|[spread] p2a,p2b
|-supereffective|p2a: Volcarona
|-supereffective|p2b: Tyranitar
|-crit|p2b: Tyranitar
|-damage|p2a: Volcarona|0 fnt
|-damage|p2b: Tyranitar|0 fnt
|faint|p2a: Volcarona
|faint|p2b: Tyranitar
|-damage|p1b: Garchomp|0 fnt|[from] item: Life Orb
|faint|p1b: Garchomp
|
|win|jfaria97
