|j|☆tavinn_n
|j|☆25th_mang
|html|tavinn_n25th_mang    
|uhtml|bestof|Game 3 of a best-of-3
|t:|1782563961
|gametype|doubles
|player|p1|tavinn_n|ghetsis|1166
|player|p2|25th_mang|ballguy|1127
|gen|9
|tier|[Gen 9 Champions] VGC 2026 Reg M-B (Bo3)
|rated|
|rule|Species Clause: Limit one of each Pokémon
|rule|Item Clause: Limit 1 of each item
|clearpoke
|poke|p1|Swampert, L50, F|
|poke|p1|Grimmsnarl, L50, M|
|poke|p1|Archaludon, L50, F|
|poke|p1|Pelipper, L50, M|
|poke|p1|Sinistcha, L50|
|poke|p1|Metagross, L50|
|poke|p2|Blastoise, L50, M|
|poke|p2|Aerodactyl, L50, M|
|poke|p2|Sinistcha, L50|
|poke|p2|Kingambit, L50, F|
|poke|p2|Tsareena, L50, F|
|poke|p2|Camerupt, L50, M|
|teampreview|4
|showteam|p1|Swampert||Swampertite|Torrent|Protect,WaveCrash,HighHorsepower,IcePunch|Adamant||F|||50|]Grimmsnarl||LightClay|Prankster|LightScreen,Reflect,PartingShot,FoulPlay|Careful||M|||50|]Archaludon||Leftovers|Stamina|Protect,ElectroShot,DragonPulse,FlashCannon|Modest||F|||50|]Pelipper||SitrusBerry|Drizzle|WideGuard,WeatherBall,Hurricane,Tailwind|Modest||M|||50|]Sinistcha||CobaBerry|Hospitality|Protect,MatchaGotcha,TrickRoom,RagePowder|Calm|||||50|]Metagross||Metagrossite|ClearBody|Protect,IronHead,BodyPress,PsychicFangs|Jolly|||||50|
|showteam|p2|Blastoise||Blastoisinite|RainDish|WaterSpout,AuraSphere,DarkPulse,FakeOut|Timid||M|||50|]Aerodactyl||FocusSash|Unnerve|Tailwind,SunnyDay,RockSlide,DualWingbeat|Jolly||M|||50|]Sinistcha||SitrusBerry|Hospitality|LifeDew,MatchaGotcha,TrickRoom,RagePowder|Quiet|||||50|]Kingambit||ChopleBerry|Defiant|KowtowCleave,SuckerPunch,LowKick,IronHead|Adamant||F|||50|]Tsareena||WideLens|QueenlyMajesty|TropKick,LowKick,TripleAxel,HelpingHand|Adamant||F|||50|]Camerupt||Cameruptite|SolidRock|EarthPower,Flamethrower,Protect,AncientPower|Quiet||M|||50|
|inactive|Battle timer is ON: inactive players will automatically lose when time's up. (requested by tavinn_n)
|inactive|25th_mang also wants the timer to be on.
|inactive|tavinn_n has 60 seconds left.
|inactive|25th_mang has 60 seconds left.
|
|t:|1782564003
|teamsize|p1|4
|teamsize|p2|4
|start
|switch|p1a: Sinistcha|Sinistcha, L50|100/100
|switch|p1b: Pelipper|Pelipper, L50, M|100/100
|switch|p2a: mc rail|Aerodactyl, L50, M|100/100
|switch|p2b: Candyfloss|Kingambit, L50, F|100/100
|-ability|p2a: mc rail|Unnerve
|-weather|RainDance|[from] ability: Drizzle|[of] p1b: Pelipper
|turn|1
|
|t:|1782564022
|switch|p1a: Archaludon|Archaludon, L50, F|100/100
|move|p2a: mc rail|Rock Slide|p1b: Pelipper|[spread] p1a,p1b
|-resisted|p1a: Archaludon|1
|-supereffective|p1b: Pelipper|1
|-damage|p1a: Archaludon|90/100
|-damage|p1b: Pelipper|42/100
|-ability|p1a: Archaludon|Stamina|boost
|-boost|p1a: Archaludon|def|1
|move|p1b: Pelipper|Weather Ball|p2b: Candyfloss
|-damage|p2b: Candyfloss|47/100
|move|p2b: Candyfloss|Kowtow Cleave|p1b: Pelipper
|-damage|p1b: Pelipper|0 fnt
|faint|p1b: Pelipper
|
|-weather|RainDance|[upkeep]
|-heal|p1a: Archaludon|96/100|[from] item: Leftovers
|upkeep
|
|t:|1782564034
|switch|p1b: Swampert|Swampert, L50, F|100/100
|turn|2
|inactive|25th_mang has 30 seconds left.
|
|t:|1782564069
|detailschange|p1b: Swampert|Swampert-Mega, L50, F
|-mega|p1b: Swampert|Swampert|Swampertite
|move|p2b: Candyfloss|Sucker Punch|p1b: Swampert
|-damage|p1b: Swampert|64/100
|move|p1b: Swampert|High Horsepower|p2b: Candyfloss
|-supereffective|p2b: Candyfloss|1
|-damage|p2b: Candyfloss|0 fnt
|faint|p2b: Candyfloss
|move|p2a: mc rail|Sunny Day|p2a: mc rail
|-weather|SunnyDay
|move|p1a: Archaludon|Flash Cannon|p2a: mc rail
|-supereffective|p2a: mc rail|1
|-enditem|p2a: mc rail|Focus Sash
|-damage|p2a: mc rail|1/100
|
|-weather|SunnyDay|[upkeep]
|-heal|p1a: Archaludon|100/100|[from] item: Leftovers
|upkeep
|
|t:|1782564087
|switch|p2b: Nayeon|Blastoise, L50, M|100/100
|turn|3
|inactive|25th_mang has 30 seconds left.
|
|t:|1782564119
|detailschange|p2b: Nayeon|Blastoise-Mega, L50, M
|-mega|p2b: Nayeon|Blastoise|Blastoisinite
|move|p1b: Swampert|Protect|p1b: Swampert
|-singleturn|p1b: Swampert|Protect
|move|p2a: mc rail|Tailwind|p2a: mc rail
|-sidestart|p2: 25th_mang|move: Tailwind
|move|p2b: Nayeon|Aura Sphere|p1b: Swampert
|-activate|p1b: Swampert|move: Protect
|move|p1a: Archaludon|Electro Shot||[still]
|-prepare|p1a: Archaludon|Electro Shot
|-boost|p1a: Archaludon|spa|1
|
|-weather|SunnyDay|[upkeep]
|upkeep
|turn|4
|
|t:|1782564135
|switch|p1b: Sinistcha|Sinistcha, L50|100/100
|move|p2a: mc rail|Dual Wingbeat|p1b: Sinistcha|[miss]
|-miss|p2a: mc rail|p1b: Sinistcha
|move|p2b: Nayeon|Aura Sphere|p1a: Archaludon
|-supereffective|p1a: Archaludon|1
|-damage|p1a: Archaludon|14/100
|-ability|p1a: Archaludon|Stamina|boost
|-boost|p1a: Archaludon|def|1
|move|p1a: Archaludon|Electro Shot|p2b: Nayeon|[from] lockedmove
|-supereffective|p2b: Nayeon|1
|-damage|p2b: Nayeon|0 fnt
|faint|p2b: Nayeon
|
|-weather|SunnyDay|[upkeep]
|-heal|p1a: Archaludon|20/100y|[from] item: Leftovers
|upkeep
|
|t:|1782564148
|switch|p2b: Cherry|Camerupt, L50, M|100/100
|turn|5
|
|t:|1782564158
|switch|p1b: Swampert|Swampert-Mega, L50, F|64/100
|move|p1a: Archaludon|Protect|p1a: Archaludon
|-singleturn|p1a: Archaludon|Protect
|move|p2a: mc rail|Dual Wingbeat|p1b: Swampert
|-damage|p1b: Swampert|48/100
|-damage|p1b: Swampert|31/100
|-hitcount|p1b: Swampert|2
|move|p2b: Cherry|Earth Power|p1a: Archaludon
|-activate|p1a: Archaludon|move: Protect
|
|-weather|SunnyDay|[upkeep]
|-heal|p1a: Archaludon|26/100|[from] item: Leftovers
|upkeep
|turn|6
|
|t:|1782564171
|switch|p1b: Sinistcha|Sinistcha, L50|100/100
|-heal|p1a: Archaludon|51/100|[from] ability: Hospitality|[of] p1b: Sinistcha
|move|p2a: mc rail|Dual Wingbeat|p1b: Sinistcha
|-supereffective|p1b: Sinistcha|1
|-damage|p1b: Sinistcha|66/100
|-supereffective|p1b: Sinistcha|1
|-damage|p1b: Sinistcha|32/100
|-hitcount|p1b: Sinistcha|2
|move|p1a: Archaludon|Dragon Pulse|p2b: Cherry
|-damage|p2b: Cherry|23/100
|move|p2b: Cherry|Flamethrower|p1a: Archaludon
|-damage|p1a: Archaludon|0 fnt
|faint|p1a: Archaludon
|
|-weather|none
|-sideend|p2: 25th_mang|move: Tailwind
|upkeep
|
|t:|1782564186
|switch|p1a: Swampert|Swampert-Mega, L50, F|31/100
|turn|7
|inactive|25th_mang has 30 seconds left.
|inactive|25th_mang has 20 seconds left.
|inactive|25th_mang has 15 seconds left.
|
|t:|1782564230
|move|p1b: Sinistcha|Protect|p1b: Sinistcha
|-singleturn|p1b: Sinistcha|Protect
|move|p2a: mc rail|Dual Wingbeat|p1a: Swampert
|-damage|p1a: Swampert|16/100
|-damage|p1a: Swampert|0 fnt
|faint|p1a: Swampert
|-hitcount|p1: Swampert|2
|move|p2b: Cherry|Flamethrower|p1b: Sinistcha
|-activate|p1b: Sinistcha|move: Protect
|
|upkeep
|turn|8
|
|t:|1782564242
|move|p2a: mc rail|Dual Wingbeat|p1b: Sinistcha
|-supereffective|p1b: Sinistcha|1
|-damage|p1b: Sinistcha|0 fnt
|faint|p1b: Sinistcha
|-hitcount|p1: Sinistcha|1
|
|win|25th_mang
|raw|tavinn_n's rating: 1166 → 1138(-28 for losing)
|raw|25th_mang's rating: 1127 → 1155(+28 for winning)
|l|☆tavinn_n
|player|p1|
|l|☆25th_mang
|player|p2|
|j|☆25th_mang
|player|p2|25th_mang|ballguy|
|l|☆25th_mang
|player|p2|
|j|☆25th_mang
|player|p2|25th_mang|ballguy|
