|j|☆PaquitoelBollito
|j|☆naana
|html|PaquitoelBollitonaana    
|uhtml|bestof|Game 1 of a best-of-3
|t:|1785095424
|gametype|doubles
|player|p1|PaquitoelBollito|170|1104
|player|p2|naana|2|1000
|gen|9
|tier|[Gen 9 Champions] VGC 2026 Reg M-B (Bo3)
|rated|
|rule|Species Clause: Limit one of each Pokémon
|rule|Item Clause: Limit 1 of each item
|clearpoke
|poke|p1|Aerodactyl, L50, M|
|poke|p1|Kingambit, L50, M|
|poke|p1|Garchomp, L50, F|
|poke|p1|Farigiraf, L50, M|
|poke|p1|Charizard, L50, F|
|poke|p1|Sylveon, L50, F|
|poke|p2|Raichu, L50, M|
|poke|p2|Meganium, L50, F|
|poke|p2|Pelipper, L50, F|
|poke|p2|Garchomp, L50, M|
|poke|p2|Archaludon, L50, F|
|poke|p2|Sableye, L50, M|
|teampreview|4
|showteam|p1|Aerodactyl||Aerodactylite|Unnerve|Tailwind,DualWingbeat,IceFang,RockSlide|Jolly||M|||50|]Kingambit||BlackGlasses|Defiant|SuckerPunch,KowtowCleave,Protect,LowKick|Adamant||M|||50|]Garchomp||LifeOrb|RoughSkin|Protect,DragonClaw,Earthquake,StompingTantrum|Jolly||F|||50|]Farigiraf||SitrusBerry|ArmorTail|PsychicFangs,Thunderbolt,TrickRoom,SunnyDay|Relaxed||M|||50|]Charizard||CharizarditeY|Blaze|Protect,HeatWave,WeatherBall,SolarBeam|Modest||F|||50|]Sylveon||FairyFeather|Pixilate|HyperVoice,Protect,QuickAttack,HyperBeam|Modest||F|||50|
|showteam|p2|Raichu||RaichuniteX|LightningRod|Discharge,Electroweb,FakeOut,Protect|Timid||M|||50|]Meganium||Meganiumite|LeafGuard|SolarBeam,DazzlingGleam,WeatherBall,Protect|Modest||F|||50|]Pelipper||FocusSash|Drizzle|Soak,Hurricane,Tailwind,WeatherBall|Timid||F|||50|]Garchomp||LifeOrb|RoughSkin|DragonClaw,Earthquake,PoisonJab,RockSlide|Jolly||M|||50|]Archaludon||Leftovers|Stamina|Protect,FlashCannon,ElectroShot,DragonPulse|Modest||F|||50|]Sableye||RoseliBerry|Prankster|LightScreen,Quash,Reflect,RainDance|Bold||M|||50|
|inactive|Battle timer is ON: inactive players will automatically lose when time's up. (requested by PaquitoelBollito)
|inactive|naana has 60 seconds left.
|inactive|PaquitoelBollito has 60 seconds left.
|
|t:|1785095469
|teamsize|p1|4
|teamsize|p2|4
|start
|switch|p1a: Aerodactyl|Aerodactyl, L50, M|100/100
|switch|p1b: Garchomp|Garchomp, L50, F|100/100
|switch|p2a: Meganium|Meganium, L50, F|100/100
|switch|p2b: Garchomp|Garchomp, L50, M|100/100
|-ability|p1a: Aerodactyl|Unnerve
|turn|1
|
|t:|1785095487
|detailschange|p1a: Aerodactyl|Aerodactyl-Mega, L50, M
|-mega|p1a: Aerodactyl|Aerodactyl|Aerodactylite
|detailschange|p2a: Meganium|Meganium-Mega, L50, F
|-mega|p2a: Meganium|Meganium|Meganiumite
|move|p1a: Aerodactyl|Ice Fang|p2b: Garchomp
|-supereffective|p2b: Garchomp|2
|-damage|p2b: Garchomp|4/100
|-damage|p1a: Aerodactyl|87/100|[from] ability: Rough Skin|[of] p2b: Garchomp
|move|p1b: Garchomp|Earthquake|p2b: Garchomp|[spread] p2a,p2b
|-immune|p1a: Aerodactyl
|-resisted|p2a: Meganium|1
|-crit|p2b: Garchomp
|-damage|p2a: Meganium|79/100
|-damage|p2b: Garchomp|0 fnt
|faint|p2b: Garchomp
|-damage|p1b: Garchomp|90/100|[from] item: Life Orb
|move|p2a: Meganium|Dazzling Gleam|p1b: Garchomp|[spread] p1a,p1b
|-supereffective|p1b: Garchomp|1
|-damage|p1a: Aerodactyl|50/100g
|-damage|p1b: Garchomp|11/100
|
|upkeep
|
|t:|1785095499
|switch|p2b: Pelipper|Pelipper, L50, F|100/100
|-weather|RainDance|[from] ability: Drizzle|[of] p2b: Pelipper
|turn|2
|inactive|PaquitoelBollito has 30 seconds left.
|inactive|naana has 30 seconds left.
|
|t:|1785095532
|move|p1a: Aerodactyl|Tailwind|p1a: Aerodactyl
|-sidestart|p1: PaquitoelBollito|move: Tailwind
|move|p1b: Garchomp|Dragon Claw|p2b: Pelipper
|-damage|p2b: Pelipper|29/100
|-damage|p1b: Garchomp|1/100|[from] item: Life Orb
|move|p2b: Pelipper|Weather Ball|p1a: Aerodactyl
|-supereffective|p1a: Aerodactyl|1
|-damage|p1a: Aerodactyl|0 fnt
|faint|p1a: Aerodactyl
|move|p2a: Meganium|Dazzling Gleam|p1b: Garchomp
|-supereffective|p1b: Garchomp|1
|-damage|p1b: Garchomp|0 fnt
|faint|p1b: Garchomp
|
|-weather|RainDance|[upkeep]
|upkeep
|
|t:|1785095536
|switch|p1a: Kingambit|Kingambit, L50, M|100/100
|switch|p1b: Sylveon|Sylveon, L50, F|100/100
|turn|3
|inactive|naana has 30 seconds left.
|inactive|naana has 20 seconds left.
|inactive|naana has 15 seconds left.
|
|t:|1785095578
|move|p1a: Kingambit|Kowtow Cleave|p2a: Meganium
|-resisted|p2a: Meganium|1
|-damage|p2a: Meganium|50/100g
|move|p1b: Sylveon|Hyper Voice|p2a: Meganium|[spread] p2a,p2b
|-damage|p2a: Meganium|5/100
|-damage|p2b: Pelipper|0 fnt
|faint|p2b: Pelipper
|move|p2a: Meganium|Weather Ball|p1a: Kingambit
|-supereffective|p1a: Kingambit|1
|-damage|p1a: Kingambit|0 fnt
|faint|p1a: Kingambit
|
|-weather|RainDance|[upkeep]
|upkeep
|
|t:|1785095583
|switch|p2b: Archaludon|Archaludon, L50, F|100/100
|turn|4
|
|t:|1785095600
|move|p1b: Sylveon|Hyper Voice|p2b: Archaludon|[spread] p2a,p2b
|-damage|p2a: Meganium|0 fnt
|-damage|p2b: Archaludon|53/100
|-ability|p2b: Archaludon|Stamina|boost
|-boost|p2b: Archaludon|def|1
|faint|p2a: Meganium
|move|p2b: Archaludon|Electro Shot||[still]
|-prepare|p2b: Archaludon|Electro Shot
|-boost|p2b: Archaludon|spa|1
|-anim|p2b: Archaludon|Electro Shot|p1b: Sylveon
|-damage|p1b: Sylveon|50/100g
|
|-weather|RainDance|[upkeep]
|-heal|p2b: Archaludon|59/100|[from] item: Leftovers
|upkeep
|turn|5
|
|t:|1785095614
|move|p1b: Sylveon|Hyper Voice|p2b: Archaludon
|-damage|p2b: Archaludon|0 fnt
|faint|p2b: Archaludon
|
|win|PaquitoelBollito
