|j|☆SapphireKat
|j|☆JoyBoy311
|html|SapphireKatJoyBoy311    
|uhtml|bestof|Game 1 of a best-of-3
|t:|1756953941
|gametype|doubles
|player|p1|SapphireKat|delinquentf-gen9|
|player|p2|JoyBoy311|1|
|gen|9
|tier|[Gen 9] VGC 2025 Reg H (Bo3)
|rule|Species Clause: Limit one of each Pokémon
|rule|Item Clause: Limit 1 of each item
|clearpoke
|poke|p1|Basculegion, L50, M|
|poke|p1|Archaludon, L50, M|
|poke|p1|Pelipper, L50, F|
|poke|p1|Rillaboom, L50, F|
|poke|p1|Sneasler, L50, M|
|poke|p1|Gholdengo, L50|
|poke|p2|Incineroar, L50, M|
|poke|p2|Porygon2, L50|
|poke|p2|Amoonguss, L50, M|
|poke|p2|Ursaluna, L50, M|
|poke|p2|Gholdengo, L50|
|poke|p2|Hydreigon, L50, M|
|teampreview|4
|showteam|p1|Basculegion||ChoiceBand|SwiftSwim|LastRespects,WaveCrash,FlipTurn,PhantomForce|||M|||50|,,,,,Grass]Archaludon||AssaultVest|Stamina|BodyPress,DragonPulse,FlashCannon,ElectroShot|||M|||50|,,,,,Bug]Pelipper||FocusSash|Drizzle|WeatherBall,Hurricane,WideGuard,Tailwind|||F|||50|,,,,,Ghost]Rillaboom||MiracleSeed|GrassySurge|WoodHammer,GrassyGlide,HighHorsepower,KnockOff|||F|||50|,,,,,Fire]Sneasler||GrassySeed|Unburden|CloseCombat,DireClaw,Taunt,ThroatChop|||M|||50|,,,,,Stellar]Gholdengo||LifeOrb|GoodasGold|MakeItRain,NastyPlot,Protect,ShadowBall||||||50|,,,,,Flying
|showteam|p2|Incineroar||SitrusBerry|Intimidate|KnockOff,FlareBlitz,PartingShot,FakeOut|||M|||50|,,,,,Ghost]Porygon2||Eviolite|Download|TeraBlast,IceBeam,Recover,TrickRoom||||||50|,,,,,Fighting]Amoonguss||RockyHelmet|Regenerator|Spore,RagePowder,PollenPuff,SludgeBomb|||M|||50|,,,,,Fairy]Ursaluna||FlameOrb|Guts|Facade,HeadlongRush,Earthquake,Protect|||M|||50|,,,,,Ghost]Gholdengo||Leftovers|GoodasGold|MakeItRain,ShadowBall,NastyPlot,Protect||||||50|,,,,,Water]Hydreigon||SafetyGoggles|Levitate|DracoMeteor,Snarl,Tailwind,Protect|||M|||50|,,,,,Ghost
|
|t:|1756953965
|teamsize|p1|4
|teamsize|p2|4
|start
|switch|p1a: C. paleatus|Pelipper, L50, F|100/100
|switch|p1b: B. splendens|Basculegion, L50, M, shiny|100/100
|switch|p2a: Incineroar|Incineroar, L50, M, shiny|100/100
|switch|p2b: Porygon2|Porygon2, L50, shiny|100/100
|-ability|p2a: Incineroar|Intimidate|boost
|-unboost|p1a: C. paleatus|atk|1
|-unboost|p1b: B. splendens|atk|1
|-weather|RainDance|[from] ability: Drizzle|[of] p1a: C. paleatus
|-ability|p2b: Porygon2|Download|boost
|-boost|p2b: Porygon2|spa|1
|turn|1
|
|t:|1756954005
|switch|p2b: Amoonguss|Amoonguss, L50, M, shiny|100/100
|-terastallize|p2a: Incineroar|Ghost
|move|p1b: B. splendens|Wave Crash|p2a: Incineroar
|-damage|p2a: Incineroar|25/100
|-enditem|p2a: Incineroar|Sitrus Berry|[eat]
|-heal|p2a: Incineroar|50/100|[from] item: Sitrus Berry
|-damage|p1b: B. splendens|76/100|[from] Recoil
|move|p2a: Incineroar|Parting Shot|p1a: C. paleatus
|-unboost|p1a: C. paleatus|atk|1
|-unboost|p1a: C. paleatus|spa|1
|
|t:|1756954017
|switch|p2a: Porygon2|Porygon2, L50, shiny|100/100|[from] Parting Shot
|-ability|p2a: Porygon2|Download|boost
|-boost|p2a: Porygon2|spa|1
|move|p1a: C. paleatus|Hurricane|p2b: Amoonguss
|-supereffective|p2b: Amoonguss
|-damage|p2b: Amoonguss|42/100
|
|-weather|RainDance|[upkeep]
|upkeep
|turn|2
|
|t:|1756954044
|switch|p1b: R. titteya|Gholdengo, L50, shiny|100/100
|switch|p2b: Incineroar|Incineroar, L50, M, shiny, tera:Ghost|50/100
|-ability|p2b: Incineroar|Intimidate|boost
|-unboost|p1a: C. paleatus|atk|1
|-unboost|p1b: R. titteya|atk|1
|move|p1a: C. paleatus|Hurricane|p2b: Incineroar
|-damage|p2b: Incineroar|20/100
|move|p2a: Porygon2|Trick Room|p2a: Porygon2
|-fieldstart|move: Trick Room|[of] p2a: Porygon2
|
|-weather|RainDance|[upkeep]
|upkeep
|turn|3
|
|t:|1756954086
|switch|p1a: A. cirrhosus|Archaludon, L50, M, shiny|100/100
|move|p2b: Incineroar|Fake Out|p1a: A. cirrhosus
|-resisted|p1a: A. cirrhosus
|-damage|p1a: A. cirrhosus|95/100
|-ability|p1a: A. cirrhosus|Stamina|boost
|-boost|p1a: A. cirrhosus|def|1
|move|p2a: Porygon2|Tera Blast|p1a: A. cirrhosus
|-resisted|p1a: A. cirrhosus
|-damage|p1a: A. cirrhosus|81/100
|-ability|p1a: A. cirrhosus|Stamina|boost
|-boost|p1a: A. cirrhosus|def|1
|move|p1b: R. titteya|Nasty Plot|p1b: R. titteya
|-boost|p1b: R. titteya|spa|2
|
|-weather|RainDance|[upkeep]
|upkeep
|turn|4
|
|t:|1756954121
|switch|p2a: Amoonguss|Amoonguss, L50, M, shiny|75/100
|move|p2b: Incineroar|Knock Off|p1b: R. titteya
|-supereffective|p1b: R. titteya
|-damage|p1b: R. titteya|8/100
|-enditem|p1b: R. titteya|Life Orb|[from] move: Knock Off|[of] p2b: Incineroar
|move|p1a: A. cirrhosus|Body Press|p2a: Amoonguss
|-resisted|p2a: Amoonguss
|-damage|p2a: Amoonguss|56/100
|-damage|p1a: A. cirrhosus|65/100|[from] item: Rocky Helmet|[of] p2a: Amoonguss
|move|p1b: R. titteya|Make It Rain|p2b: Incineroar|[spread] p2a,p2b
|-crit|p2a: Amoonguss
|-damage|p2a: Amoonguss|0 fnt
|-damage|p2b: Incineroar|0 fnt
|-unboost|p1b: R. titteya|spa|1
|faint|p2a: Amoonguss
|faint|p2b: Incineroar
|
|-weather|RainDance|[upkeep]
|upkeep
|
|t:|1756954134
|switch|p2a: Ursaluna|Ursaluna, L50, M, shiny|100/100
|switch|p2b: Porygon2|Porygon2, L50, shiny|100/100
|-ability|p2b: Porygon2|Download|boost
|-boost|p2b: Porygon2|spa|1
|turn|5
|
|t:|1756954163
|-terastallize|p1b: R. titteya|Flying
|move|p2a: Ursaluna|Earthquake|p1b: R. titteya|[spread] p2b,p1a
|-immune|p1b: R. titteya
|-supereffective|p1a: A. cirrhosus
|-damage|p2b: Porygon2|79/100
|-damage|p1a: A. cirrhosus|29/100
|-ability|p1a: A. cirrhosus|Stamina|boost
|-boost|p1a: A. cirrhosus|def|1
|move|p2b: Porygon2|Ice Beam|p1a: A. cirrhosus
|-damage|p1a: A. cirrhosus|6/100
|-status|p1a: A. cirrhosus|frz
|-ability|p1a: A. cirrhosus|Stamina|boost
|-boost|p1a: A. cirrhosus|def|1
|cant|p1a: A. cirrhosus|frz
|move|p1b: R. titteya|Make It Rain|p2b: Porygon2|[spread] p2a,p2b
|-damage|p2a: Ursaluna|33/100
|-damage|p2b: Porygon2|30/100
|-unboost|p1b: R. titteya|spa|1
|
|-weather|none
|-status|p2a: Ursaluna|brn|[from] item: Flame Orb
|upkeep
|turn|6
|
|t:|1756954197
|move|p1b: R. titteya|Protect|p1b: R. titteya
|-singleturn|p1b: R. titteya|Protect
|move|p2a: Ursaluna|Facade|p1b: R. titteya
|-activate|p1b: R. titteya|move: Protect
|move|p2b: Porygon2|Recover|p2b: Porygon2
|-heal|p2b: Porygon2|80/100
|cant|p1a: A. cirrhosus|frz
|
|-damage|p2a: Ursaluna|27/100 brn|[from] brn
|-fieldend|move: Trick Room
|upkeep
|turn|7
|
|t:|1756954214
|move|p2a: Ursaluna|Protect|p2a: Ursaluna
|-singleturn|p2a: Ursaluna|Protect
|move|p1b: R. titteya|Make It Rain|p2b: Porygon2|[spread] p2b
|-activate|p2a: Ursaluna|move: Protect
|-damage|p2b: Porygon2|50/100
|-unboost|p1b: R. titteya|spa|1
|cant|p1a: A. cirrhosus|frz
|move|p2b: Porygon2|Trick Room|p2b: Porygon2
|-fieldstart|move: Trick Room|[of] p2b: Porygon2
|
|-damage|p2a: Ursaluna|22/100 brn|[from] brn
|upkeep
|turn|8
|
|t:|1756954235
|move|p1b: R. titteya|Protect|p1b: R. titteya
|-singleturn|p1b: R. titteya|Protect
|move|p2a: Ursaluna|Facade|p1b: R. titteya
|-activate|p1b: R. titteya|move: Protect
|move|p2b: Porygon2|Ice Beam|p1a: A. cirrhosus
|-damage|p1a: A. cirrhosus|0 fnt
|faint|p1a: A. cirrhosus
|
|-damage|p2a: Ursaluna|16/100 brn|[from] brn
|upkeep
|
|t:|1756954249
|switch|p1a: B. splendens|Basculegion, L50, M, shiny|76/100
|turn|9
|
|t:|1756954269
|switch|p1a: C. paleatus|Pelipper, L50, F|100/100
|-weather|RainDance|[from] ability: Drizzle|[of] p1a: C. paleatus
|move|p2a: Ursaluna|Headlong Rush|p1a: C. paleatus
|-immune|p1a: C. paleatus
|move|p2b: Porygon2|Ice Beam|p1b: R. titteya
|-supereffective|p1b: R. titteya
|-damage|p1b: R. titteya|0 fnt
|faint|p1b: R. titteya
|
|-weather|RainDance|[upkeep]
|-damage|p2a: Ursaluna|10/100 brn|[from] brn
|upkeep
|
|t:|1756954281
|switch|p1b: B. splendens|Basculegion, L50, M, shiny|76/100
|turn|10
|
|t:|1756954301
|move|p2a: Ursaluna|Headlong Rush|p1b: B. splendens
|-damage|p1b: B. splendens|0 fnt
|-unboost|p2a: Ursaluna|def|1
|-unboost|p2a: Ursaluna|spd|1
|faint|p1b: B. splendens
|move|p2b: Porygon2|Ice Beam|p1a: C. paleatus
|-damage|p1a: C. paleatus|54/100
|move|p1a: C. paleatus|Weather Ball|p2a: Ursaluna
|-supereffective|p2a: Ursaluna
|-damage|p2a: Ursaluna|0 fnt
|faint|p2a: Ursaluna
|
|-weather|RainDance|[upkeep]
|upkeep
|turn|11
|
|t:|1756954322
|move|p2b: Porygon2|Recover|p2b: Porygon2
|-heal|p2b: Porygon2|99/100
|move|p1a: C. paleatus|Weather Ball|p2b: Porygon2
|-damage|p2b: Porygon2|55/100
|
|-weather|RainDance|[upkeep]
|-fieldend|move: Trick Room
|upkeep
|turn|12
|
|t:|1756954332
|move|p1a: C. paleatus|Weather Ball|p2b: Porygon2
|-damage|p2b: Porygon2|14/100
|move|p2b: Porygon2|Tera Blast|p1a: C. paleatus
|-damage|p1a: C. paleatus|0 fnt
|faint|p1a: C. paleatus
|
|win|JoyBoy311
