|j|☆dapmagikarp
|j|☆Thinking Charizard
|html|dapmagikarpThinking Charizard    
|uhtml|bestof|Game 2 of a best-of-3
|t:|1785277010
|gametype|doubles
|player|p1|dapmagikarp|sada-ai|1302
|player|p2|Thinking Charizard|colress|1199
|gen|9
|tier|[Gen 9 Champions] VGC 2026 Reg M-B (Bo3)
|rated|
|rule|Species Clause: Limit one of each Pokémon
|rule|Item Clause: Limit 1 of each item
|clearpoke
|poke|p1|Charizard, L50, M, shiny|
|poke|p1|Glimmora, L50, M|
|poke|p1|Whimsicott, L50, F, shiny|
|poke|p1|Ninetales-Alola, L50, M|
|poke|p1|Kingambit, L50, F|
|poke|p1|Kommo-o, L50, M, shiny|
|poke|p2|Tyranitar, L50, F|
|poke|p2|Ninetales-Alola, L50, M|
|poke|p2|Milotic, L50, M|
|poke|p2|Gholdengo, L50|
|poke|p2|Hydreigon, L50, F|
|poke|p2|Whimsicott, L50, M|
|teampreview|4
|showteam|p1|Charizard||CharizarditeY|Blaze|HeatWave,WeatherBall,SolarBeam,Protect|Modest||M|||50|]Glimmora||Glimmoranite|ToxicDebris|SludgeBomb,PowerGem,EarthPower,SpikyShield|Modest||M|||50|]Whimsicott||FocusSash|Prankster|Moonblast,Tailwind,Encore,Protect|Timid||F|||50|]Ninetales-Alola||NeverMeltIce|SnowWarning|Blizzard,FreezeDry,Disable,Protect|Timid||M|||50|]Kingambit||BlackGlasses|Defiant|KowtowCleave,SuckerPunch,IronHead,Protect|Adamant||F|||50|]Kommo-o||LifeOrb|Overcoat|ClangingScales,AuraSphere,VacuumWave,Protect|Modest||M|||50|
|showteam|p2|Tyranitar||Tyranitarite|SandStream|RockSlide,KnockOff,LowKick,Protect|Adamant||F|||50|]Ninetales-Alola||NeverMeltIce|SnowWarning|Blizzard,FreezeDry,Moonblast,Protect|Timid||M|||50|]Milotic||Leftovers|Competitive|IcyWind,Scald,LifeDew,Protect|Modest||M|||50|]Gholdengo||MetalCoat|GoodasGold|MakeItRain,ShadowBall,NastyPlot,Protect|Modest|||||50|]Hydreigon||ChoiceScarf|Levitate|DracoMeteor,DarkPulse,EarthPower,Snarl|Modest||F|||50|]Whimsicott||FocusSash|Prankster|Tailwind,Moonblast,Encore,Protect|Timid||M|||50|
|inactive|Battle timer is ON: inactive players will automatically lose when time's up. (requested by dapmagikarp)
|
|t:|1785277037
|teamsize|p1|4
|teamsize|p2|4
|start
|switch|p1a: Whimsicott|Whimsicott, L50, F, shiny|100/100
|switch|p1b: Kingambit|Kingambit, L50, F|100/100
|switch|p2a: Ninetales|Ninetales-Alola, L50, M|100/100
|switch|p2b: Tyranitar|Tyranitar, L50, F|100/100
|-weather|Snowscape|[from] ability: Snow Warning|[of] p2a: Ninetales
|-weather|Sandstorm|[from] ability: Sand Stream|[of] p2b: Tyranitar
|turn|1
|inactive|Thinking Charizard has 30 seconds left.
|inactive|Thinking Charizard has 20 seconds left.
|
|t:|1785277076
|detailschange|p2b: Tyranitar|Tyranitar-Mega, L50, F
|-mega|p2b: Tyranitar|Tyranitar|Tyranitarite
|move|p1b: Kingambit|Protect|p1b: Kingambit
|-singleturn|p1b: Kingambit|Protect
|move|p1a: Whimsicott|Moonblast|p2b: Tyranitar
|-supereffective|p2b: Tyranitar|1
|-damage|p2b: Tyranitar|63/100
|move|p2a: Ninetales|Freeze-Dry|p1a: Whimsicott
|-supereffective|p1a: Whimsicott|1
|-enditem|p1a: Whimsicott|Focus Sash
|-damage|p1a: Whimsicott|1/100
|move|p2b: Tyranitar|Low Kick|p1b: Kingambit
|-activate|p1b: Kingambit|move: Protect
|
|-weather|Sandstorm|[upkeep]
|-damage|p1a: Whimsicott|0 fnt|[from] Sandstorm
|-damage|p2a: Ninetales|93/100|[from] Sandstorm
|faint|p1a: Whimsicott
|upkeep
|
|t:|1785277096
|switch|p1a: Charizard|Charizard, L50, M, shiny|100/100
|turn|2
|
|t:|1785277106
|switch|p2b: Hydreigon|Hydreigon, L50, F|100/100
|detailschange|p1a: Charizard|Charizard-Mega-Y, L50, M, shiny
|-mega|p1a: Charizard|Charizard|Charizardite Y
|-weather|SunnyDay|[from] ability: Drought|[of] p1a: Charizard
|move|p2a: Ninetales|Freeze-Dry|p1a: Charizard
|-damage|p1a: Charizard|69/100
|move|p1a: Charizard|Solar Beam||[still]
|-prepare|p1a: Charizard|Solar Beam
|-anim|p1a: Charizard|Solar Beam|p2b: Hydreigon
|-resisted|p2b: Hydreigon|1
|-damage|p2b: Hydreigon|76/100
|move|p1b: Kingambit|Iron Head|p2a: Ninetales
|-supereffective|p2a: Ninetales|2
|-damage|p2a: Ninetales|0 fnt
|faint|p2a: Ninetales
|
|-weather|SunnyDay|[upkeep]
|upkeep
|inactive|Thinking Charizard has 30 seconds left.
|inactive|Thinking Charizard has 20 seconds left.
|
|t:|1785277144
|switch|p2a: Tyranitar|Tyranitar-Mega, L50, F|63/100
|-weather|Sandstorm|[from] ability: Sand Stream|[of] p2a: Tyranitar
|turn|3
|
|t:|1785277167
|switch|p1a: Kommo-o|Kommo-o, L50, M, shiny|100/100
|move|p1b: Kingambit|Protect|p1b: Kingambit
|-singleturn|p1b: Kingambit|Protect
|move|p2b: Hydreigon|Earth Power|p1b: Kingambit
|-activate|p1b: Kingambit|move: Protect
|move|p2a: Tyranitar|Rock Slide|p1a: Kommo-o|[spread] p1a
|-activate|p1b: Kingambit|move: Protect
|-resisted|p1a: Kommo-o|1
|-damage|p1a: Kommo-o|80/100
|
|-weather|Sandstorm|[upkeep]
|-damage|p2b: Hydreigon|70/100|[from] Sandstorm
|upkeep
|turn|4
|inactive|Thinking Charizard has 30 seconds left.
|
|t:|1785277198
|move|p2a: Tyranitar|Protect|p2a: Tyranitar
|-singleturn|p2a: Tyranitar|Protect
|move|p2b: Hydreigon|Earth Power|p1a: Kommo-o
|-damage|p1a: Kommo-o|44/100
|move|p1a: Kommo-o|Aura Sphere|p2a: Tyranitar
|-activate|p2a: Tyranitar|move: Protect
|move|p1b: Kingambit|Iron Head|p2b: Hydreigon
|-damage|p2b: Hydreigon|17/100
|
|-weather|Sandstorm|[upkeep]
|-damage|p2b: Hydreigon|12/100|[from] Sandstorm
|upkeep
|turn|5
|
|t:|1785277212
|switch|p2a: Whimsicott|Whimsicott, L50, M|100/100
|move|p1b: Kingambit|Sucker Punch|p2b: Hydreigon
|-resisted|p2b: Hydreigon|1
|-damage|p2b: Hydreigon|0 fnt
|faint|p2b: Hydreigon
|move|p1a: Kommo-o|Aura Sphere|p2a: Whimsicott
|-resisted|p2a: Whimsicott|1
|-damage|p2a: Whimsicott|68/100
|-damage|p1a: Kommo-o|34/100|[from] item: Life Orb
|
|-weather|Sandstorm|[upkeep]
|-damage|p2a: Whimsicott|62/100|[from] Sandstorm
|upkeep
|
|t:|1785277217
|switch|p2b: Tyranitar|Tyranitar-Mega, L50, F|63/100
|turn|6
|inactive|dapmagikarp has 30 seconds left.
|
|t:|1785277246
|move|p1a: Kommo-o|Vacuum Wave|p2b: Tyranitar
|-supereffective|p2b: Tyranitar|2
|-damage|p2b: Tyranitar|14/100
|-damage|p1a: Kommo-o|24/100|[from] item: Life Orb
|move|p2a: Whimsicott|Moonblast|p1a: Kommo-o
|-supereffective|p1a: Kommo-o|2
|-crit|p1a: Kommo-o
|-damage|p1a: Kommo-o|0 fnt
|faint|p1a: Kommo-o
|move|p2b: Tyranitar|Low Kick|p1b: Kingambit
|-supereffective|p1b: Kingambit|2
|-damage|p1b: Kingambit|0 fnt
|faint|p1b: Kingambit
|
|-weather|Sandstorm|[upkeep]
|-damage|p2a: Whimsicott|56/100|[from] Sandstorm
|upkeep
|-message|dapmagikarp forfeited.
|
|win|Thinking Charizard
|raw|dapmagikarp's rating: 1302 → 1276(-26 for losing)
|raw|Thinking Charizard's rating: 1199 → 1231(+32 for winning)
|l|☆dapmagikarp
|player|p1|
|c|☆Thinking Charizard|gg
