|j|☆peprayo25
|j|☆Calamella
|html|peprayo25Calamella    
|uhtml|bestof|Game 1 of a best-of-3
|t:|1757924012
|gametype|doubles
|player|p1|peprayo25|preschooler|1126
|player|p2|Calamella|169|1128
|gen|9
|tier|[Gen 9] VGC 2025 Reg H (Bo3)
|rated|
|rule|Species Clause: Limit one of each Pokémon
|rule|Item Clause: Limit 1 of each item
|clearpoke
|poke|p1|Annihilape, L50, F|
|poke|p1|Sinistcha, L50|
|poke|p1|Maushold-Four, L50|
|poke|p1|Klefki, L50, M|
|poke|p1|Ursaluna-Bloodmoon, L50, M|
|poke|p1|Ninetales-Alola, L50, F|
|poke|p2|Espathra, L50, F|
|poke|p2|Indeedee-F, L50, F|
|poke|p2|Sneasler, L50, F|
|poke|p2|Excadrill, L50, M|
|poke|p2|Tyranitar, L50, F|
|poke|p2|Braviary, L50, M|
|teampreview|4
|showteam|p1|Annihilape||Leftovers|Defiant|Protect,BulkUp,DrainPunch,RageFist|||F|||50|,,,,,Fire]Sinistcha||SitrusBerry|Hospitality|MatchaGotcha,TrickRoom,LifeDew,RagePowder||||||50|,,,,,Water]Maushold-Four||CovertCloak|FriendGuard|FollowMe,Taunt,BeatUp,Protect||||||50|,,,,,Grass]Klefki||LightClay|Prankster|Reflect,LightScreen,MistyTerrain,DazzlingGleam|||M|||50|,,,,,Ghost]Ursaluna-Bloodmoon||AssaultVest|MindsEye|BloodMoon,HyperVoice,EarthPower,VacuumWave|||M|||50|,,,,,Water]Ninetales-Alola||FocusSash|SnowWarning|Protect,Encore,FreezeDry,Blizzard|||F|||50|,,,,,Ghost
|showteam|p2|Espathra||LifeOrb|SpeedBoost|ExpandingForce,LuminaCrash,DazzlingGleam,Protect|||F|||50|,,,,,Psychic]Indeedee-F||SafetyGoggles|PsychicSurge|Psychic,FollowMe,HelpingHand,TrickRoom|||F|||50|,,,,,Fairy]Sneasler||PsychicSeed|Unburden|DireClaw,CloseCombat,ThroatChop,Protect|||F|||50|,,,,,Dark]Excadrill||FocusSash|SandRush|IronHead,Earthquake,HighHorsepower,Protect|||M|||50|,,,,,Ghost]Tyranitar||AssaultVest|SandStream|KnockOff,RockSlide,LowKick,TeraBlast|||F|||50|,,,,,Flying]Braviary||SitrusBerry|Defiant|BraveBird,CloseCombat,Tailwind,Protect|||M|||50|,,,,,Fighting
|inactive|Battle timer is ON: inactive players will automatically lose when time's up. (requested by peprayo25)
|inactive|peprayo25 has 60 seconds left.
|
|t:|1757924044
|teamsize|p1|4
|teamsize|p2|4
|start
|switch|p1a: Klefki|Klefki, L50, M|100/100
|switch|p1b: Ursaluna|Ursaluna-Bloodmoon, L50, M|100/100
|switch|p2a: Espathra|Espathra, L50, F, shiny|100/100
|switch|p2b: Indeedee|Indeedee-F, L50, F, shiny|100/100
|-fieldstart|move: Psychic Terrain|[from] ability: Psychic Surge|[of] p2b: Indeedee
|turn|1
|
|t:|1757924056
|-terastallize|p2a: Espathra|Psychic
|move|p2b: Indeedee|Helping Hand|p2a: Espathra
|-singleturn|p2a: Espathra|Helping Hand|[of] p2b: Indeedee
|move|p1a: Klefki|Misty Terrain|p1a: Klefki
|-fieldstart|move: Misty Terrain
|move|p2a: Espathra|Expanding Force|p1a: Klefki
|-resisted|p1a: Klefki
|-damage|p1a: Klefki|54/100
|-damage|p2a: Espathra|91/100|[from] item: Life Orb
|move|p1b: Ursaluna|Blood Moon|p2b: Indeedee
|-damage|p2b: Indeedee|25/100
|
|-ability|p2a: Espathra|Speed Boost|boost
|-boost|p2a: Espathra|spe|1
|upkeep
|turn|2
|inactive|Calamella has 30 seconds left.
|inactive|Calamella has 20 seconds left.
|
|t:|1757924091
|switch|p2b: Tyranitar|Tyranitar, L50, F|100/100
|-weather|Sandstorm|[from] ability: Sand Stream|[of] p2b: Tyranitar
|move|p1a: Klefki|Light Screen|p1a: Klefki
|-sidestart|p1: peprayo25|move: Light Screen
|move|p2a: Espathra|Expanding Force|p1b: Ursaluna
|-damage|p1b: Ursaluna|69/100
|-damage|p2a: Espathra|81/100|[from] item: Life Orb
|move|p1b: Ursaluna|Hyper Voice|p2b: Tyranitar|[spread] p2a,p2b
|-resisted|p2b: Tyranitar
|-damage|p2a: Espathra|26/100
|-damage|p2b: Tyranitar|93/100
|
|-weather|Sandstorm|[upkeep]
|-damage|p2a: Espathra|20/100|[from] Sandstorm
|-ability|p2a: Espathra|Speed Boost|boost
|-boost|p2a: Espathra|spe|1
|upkeep
|turn|3
|inactive|peprayo25 has 30 seconds left.
|
|t:|1757924119
|switch|p2a: Excadrill|Excadrill, L50, M|100/100
|switch|p1b: Ninetales|Ninetales-Alola, L50, F, shiny|100/100
|-weather|Snowscape|[from] ability: Snow Warning|[of] p1b: Ninetales
|move|p1a: Klefki|Reflect|p1a: Klefki
|-sidestart|p1: peprayo25|Reflect
|move|p2b: Tyranitar|Low Kick|p1b: Ninetales
|-damage|p1b: Ninetales|92/100
|
|-weather|Snowscape|[upkeep]
|upkeep
|turn|4
|inactive|peprayo25 has 30 seconds left.
|inactive|Calamella has 30 seconds left.
|inactive|peprayo25 has 20 seconds left.
|
|t:|1757924156
|switch|p1a: Annihilape|Annihilape, L50, F, shiny|100/100
|switch|p2b: Indeedee|Indeedee-F, L50, F, shiny|25/100
|-fieldstart|move: Psychic Terrain|[from] ability: Psychic Surge|[of] p2b: Indeedee
|move|p1b: Ninetales|Protect|p1b: Ninetales
|-singleturn|p1b: Ninetales|Protect
|move|p2a: Excadrill|Iron Head|p1b: Ninetales
|-activate|p1b: Ninetales|move: Protect
|
|-weather|Snowscape|[upkeep]
|upkeep
|turn|5
|
|t:|1757924174
|switch|p1b: Klefki|Klefki, L50, M|54/100
|move|p1a: Annihilape|Drain Punch|p2b: Indeedee
|-damage|p2b: Indeedee|0 fnt
|faint|p2b: Indeedee
|move|p2a: Excadrill|Iron Head|p1b: Klefki
|-damage|p1b: Klefki|18/100
|
|-weather|Snowscape|[upkeep]
|upkeep
|
|t:|1757924184
|switch|p2b: Espathra|Espathra, L50, F, shiny, tera:Psychic|20/100
|turn|6
|
|t:|1757924193
|move|p1a: Annihilape|Protect|p1a: Annihilape
|-singleturn|p1a: Annihilape|Protect
|move|p1b: Klefki|Misty Terrain|p1b: Klefki
|-fieldstart|move: Misty Terrain
|move|p2b: Espathra|Expanding Force|p1a: Annihilape
|-activate|p1a: Annihilape|move: Protect
|move|p2a: Excadrill|High Horsepower|p1a: Annihilape
|-activate|p1a: Annihilape|move: Protect
|
|-weather|Snowscape|[upkeep]
|-ability|p2b: Espathra|Speed Boost|boost
|-boost|p2b: Espathra|spe|1
|upkeep
|turn|7
|inactive|peprayo25 has 30 seconds left.
|inactive|peprayo25 has 20 seconds left.
|
|t:|1757924229
|-terastallize|p1a: Annihilape|Fire
|move|p2b: Espathra|Protect|p2b: Espathra
|-singleturn|p2b: Espathra|Protect
|move|p1a: Annihilape|Rage Fist|p2b: Espathra
|-activate|p2b: Espathra|move: Protect
|move|p2a: Excadrill|Earthquake|p1a: Annihilape|[spread] p1a,p1b
|-activate|p2b: Espathra|move: Protect
|-supereffective|p1a: Annihilape
|-supereffective|p1b: Klefki
|-damage|p1a: Annihilape|39/100
|-damage|p1b: Klefki|0 fnt
|faint|p1b: Klefki
|
|-weather|none
|-heal|p1a: Annihilape|45/100|[from] item: Leftovers
|-ability|p2b: Espathra|Speed Boost|boost
|-boost|p2b: Espathra|spe|1
|upkeep
|
|t:|1757924237
|switch|p1b: Ursaluna|Ursaluna-Bloodmoon, L50, M|69/100
|turn|8
|inactive|Calamella has 30 seconds left.
|inactive|Calamella has 20 seconds left.
|
|t:|1757924276
|move|p2b: Espathra|Expanding Force|p1b: Ursaluna
|-damage|p1b: Ursaluna|39/100
|-damage|p2b: Espathra|10/100|[from] item: Life Orb
|move|p1a: Annihilape|Drain Punch|p2a: Excadrill
|-supereffective|p2a: Excadrill
|-damage|p2a: Excadrill|18/100
|-heal|p1a: Annihilape|82/100|[from] drain|[of] p2a: Excadrill
|move|p2a: Excadrill|Iron Head|p1b: Ursaluna
|-damage|p1b: Ursaluna|17/100
|move|p1b: Ursaluna|Hyper Voice|p2a: Excadrill|[spread] p2a,p2b
|-resisted|p2a: Excadrill
|-damage|p2a: Excadrill|0 fnt
|-damage|p2b: Espathra|0 fnt
|faint|p2a: Excadrill
|faint|p2b: Espathra
|
|-heal|p1a: Annihilape|88/100|[from] item: Leftovers
|upkeep
|
|t:|1757924286
|switch|p2b: Tyranitar|Tyranitar, L50, F|93/100
|-weather|Sandstorm|[from] ability: Sand Stream|[of] p2b: Tyranitar
|turn|9
|-message|Calamella forfeited.
|
|win|peprayo25
||Calamella is ready for game 2.
|inactive|peprayo25 has 30 seconds to confirm battle start!
||peprayo25 is ready for game 2.
|uhtml|next|Next: Game 2 of 3
