|j|☆Champ B
|j|☆PamamoDaisukiKo
|html|Champ BPamamoDaisukiKo    
|uhtml|bestof|Game 1 of a best-of-3
|t:|1756232360
|gametype|doubles
|player|p1|Champ B|169|1107
|player|p2|PamamoDaisukiKo|dawn|1164
|gen|9
|tier|[Gen 9] VGC 2025 Reg H (Bo3)
|rated|
|rule|Species Clause: Limit one of each Pokémon
|rule|Item Clause: Limit 1 of each item
|clearpoke
|poke|p1|Archaludon, L50, M|
|poke|p1|Maushold-Four, L50|
|poke|p1|Annihilape, L50, F|
|poke|p1|Amoonguss, L50, M|
|poke|p1|Pelipper, L50, M|
|poke|p1|Incineroar, L50, M|
|poke|p2|Ursaluna-Bloodmoon, L50, M|
|poke|p2|Murkrow, L50, M|
|poke|p2|Gholdengo, L50|
|poke|p2|Pawmot, L50, M|
|poke|p2|Indeedee, L50, M|
|poke|p2|Sneasler, L50, F|
|teampreview|4
|showteam|p1|Archaludon||AssaultVest|Stamina|ElectroShot,BodyPress,FlashCannon,DragonPulse|||M|||50|,,,,,Grass]Maushold-Four||WideLens|FriendGuard|Protect,FollowMe,Taunt,PopulationBomb||||||50|,,,,,Ghost]Annihilape||Leftovers|Defiant|Protect,BulkUp,RageFist,DrainPunch|||F|||50|,,,,,Fire]Amoonguss||CovertCloak|Regenerator|Protect,RagePowder,Spore,PollenPuff|||M|||50|,,,,,Water]Pelipper||FocusSash|Drizzle|Protect,Tailwind,WeatherBall,Hurricane|||M|||50|,,,,,Stellar]Incineroar||SitrusBerry|Intimidate|FakeOut,PartingShot,WillOWisp,KnockOff|||M|||50|,,,,,Grass
|showteam|p2|Ursaluna-Bloodmoon||LifeOrb|MindsEye|EarthPower,BloodMoon,HyperVoice,Protect|||M|||50|,,,,,Normal]Murkrow||Eviolite|Prankster|Tailwind,Haze,FoulPlay,Quash|||M|||50|,,,,,Ghost]Gholdengo||ChoiceSpecs|GoodasGold|MakeItRain,ShadowBall,PowerGem,Trick||||||50|,,,,,Steel]Pawmot||FocusSash|VoltAbsorb|FakeOut,DoubleShock,CloseCombat,Nuzzle|||M|||50|,,,,,Stellar]Indeedee||ChoiceScarf|PsychicSurge|ExpandingForce,TeraBlast,Trick,Protect|||M|||50|,,,,,Psychic]Sneasler||PsychicSeed|Unburden|CloseCombat,DireClaw,ThroatChop,Protect|||F|||50|,,,,,Dark
|inactive|Battle timer is ON: inactive players will automatically lose when time's up. (requested by Champ B)
|inactive|Champ B has 60 seconds left.
|inactive|PamamoDaisukiKo has 60 seconds left.
|
|t:|1756232405
|teamsize|p1|4
|teamsize|p2|4
|start
|switch|p1a: Incineroar|Incineroar, L50, M|100/100
|switch|p1b: Pelipper|Pelipper, L50, M|100/100
|switch|p2a: Indeedee|Indeedee, L50, M|100/100
|switch|p2b: Ursaluna|Ursaluna-Bloodmoon, L50, M|100/100
|-fieldstart|move: Psychic Terrain|[from] ability: Psychic Surge|[of] p2a: Indeedee
|-weather|RainDance|[from] ability: Drizzle|[of] p1b: Pelipper
|-ability|p1a: Incineroar|Intimidate|boost
|-unboost|p2a: Indeedee|atk|1
|-unboost|p2b: Ursaluna|atk|1
|turn|1
|inactive|PamamoDaisukiKo has 30 seconds left.
|
|t:|1756232435
|-terastallize|p2b: Ursaluna|Normal
|move|p2a: Indeedee|Trick|p1a: Incineroar
|-activate|p2a: Indeedee|move: Trick|[of] p1a: Incineroar
|-item|p1a: Incineroar|Choice Scarf|[from] move: Trick
|-item|p2a: Indeedee|Sitrus Berry|[from] move: Trick
|move|p1a: Incineroar|Knock Off|p2b: Ursaluna
|-damage|p2b: Ursaluna|62/100
|-enditem|p2b: Ursaluna|Life Orb|[from] move: Knock Off|[of] p1a: Incineroar
|move|p1b: Pelipper|Tailwind|p1b: Pelipper
|-sidestart|p1: Champ B|move: Tailwind
|move|p2b: Ursaluna|Hyper Voice|p1b: Pelipper|[spread] p1a,p1b
|-damage|p1a: Incineroar|55/100
|-damage|p1b: Pelipper|18/100
|
|-weather|RainDance|[upkeep]
|upkeep
|turn|2
|inactive|PamamoDaisukiKo has 30 seconds left.
|inactive|PamamoDaisukiKo has 20 seconds left.
|inactive|PamamoDaisukiKo has 15 seconds left.
|
|t:|1756232480
|switch|p1a: Archaludon|Archaludon, L50, M|100/100
|switch|p2a: Sneasler|Sneasler, L50, F|100/100
|-enditem|p2a: Sneasler|Psychic Seed
|-boost|p2a: Sneasler|spd|1|[from] item: Psychic Seed
|move|p1b: Pelipper|Weather Ball|p2b: Ursaluna
|-crit|p2b: Ursaluna
|-damage|p2b: Ursaluna|0 fnt
|faint|p2b: Ursaluna
|
|-weather|RainDance|[upkeep]
|upkeep
|
|t:|1756232502
|switch|p2b: Gholdengo|Gholdengo, L50|100/100
|turn|3
|inactive|PamamoDaisukiKo has 30 seconds left.
|inactive|PamamoDaisukiKo has 20 seconds left.
|
|t:|1756232538
|switch|p1b: Incineroar|Incineroar, L50, M|55/100
|-ability|p1b: Incineroar|Intimidate|boost
|-unboost|p2a: Sneasler|atk|1
|-unboost|p2b: Gholdengo|atk|1
|-terastallize|p1a: Archaludon|Grass
|move|p2a: Sneasler|Dire Claw|p1b: Incineroar
|-damage|p1b: Incineroar|29/100
|move|p1a: Archaludon|Electro Shot||[still]
|-prepare|p1a: Archaludon|Electro Shot
|-boost|p1a: Archaludon|spa|1
|-anim|p1a: Archaludon|Electro Shot|p2b: Gholdengo
|-damage|p2b: Gholdengo|14/100
|move|p2b: Gholdengo|Shadow Ball|p1a: Archaludon
|-damage|p1a: Archaludon|44/100
|-ability|p1a: Archaludon|Stamina|boost
|-boost|p1a: Archaludon|def|1
|
|-weather|RainDance|[upkeep]
|upkeep
|turn|4
|inactive|PamamoDaisukiKo has 30 seconds left.
|inactive|PamamoDaisukiKo has 20 seconds left.
|inactive|PamamoDaisukiKo has 15 seconds left.
|inactive|PamamoDaisukiKo has 10 seconds left.
|inactive|Champ B has 30 seconds left.
|inactive|PamamoDaisukiKo has 5 seconds left.
|
|t:|1756232590
|move|p2a: Sneasler|Dire Claw|p1b: Incineroar
|-damage|p1b: Incineroar|5/100
|move|p1b: Incineroar|Knock Off|p2b: Gholdengo
|-supereffective|p2b: Gholdengo
|-damage|p2b: Gholdengo|0 fnt
|-enditem|p2b: Gholdengo|Choice Specs|[from] move: Knock Off|[of] p1b: Incineroar
|faint|p2b: Gholdengo
|move|p1a: Archaludon|Electro Shot||[still]
|-prepare|p1a: Archaludon|Electro Shot
|-boost|p1a: Archaludon|spa|1
|-anim|p1a: Archaludon|Electro Shot|p2a: Sneasler
|-damage|p2a: Sneasler|22/100
|
|-weather|RainDance|[upkeep]
|-sideend|p1: Champ B|move: Tailwind
|upkeep
|
|t:|1756232594
|switch|p2b: Indeedee|Indeedee, L50, M|100/100
|turn|5
|inactive|PamamoDaisukiKo has 30 seconds left.
|inactive|PamamoDaisukiKo has 20 seconds left.
|
|t:|1756232630
|move|p2a: Sneasler|Dire Claw|p1b: Incineroar
|-damage|p1b: Incineroar|0 fnt
|faint|p1b: Incineroar
|move|p2b: Indeedee|Expanding Force|p1a: Archaludon
|-damage|p1a: Archaludon|0 fnt
|faint|p1a: Archaludon
|
|-weather|none
|-fieldend|move: Psychic Terrain
|upkeep
|
|t:|1756232637
|switch|p1a: Pelipper|Pelipper, L50, M|18/100
|switch|p1b: Amoonguss|Amoonguss, L50, M|100/100
|-weather|RainDance|[from] ability: Drizzle|[of] p1a: Pelipper
|turn|6
|
|t:|1756232655
|move|p1a: Pelipper|Protect|p1a: Pelipper
|-singleturn|p1a: Pelipper|Protect
|move|p2a: Sneasler|Dire Claw|p1a: Pelipper
|-activate|p1a: Pelipper|move: Protect
|move|p2b: Indeedee|Expanding Force|p1b: Amoonguss
|-supereffective|p1b: Amoonguss
|-damage|p1b: Amoonguss|45/100
|move|p1b: Amoonguss|Spore|p2b: Indeedee
|-status|p2b: Indeedee|slp|[from] move: Spore
|
|-weather|RainDance|[upkeep]
|upkeep
|turn|7
|
|t:|1756232672
|move|p1b: Amoonguss|Rage Powder|p1b: Amoonguss
|-singleturn|p1b: Amoonguss|move: Rage Powder
|move|p2a: Sneasler|Dire Claw|p1b: Amoonguss
|-damage|p1b: Amoonguss|16/100
|cant|p2b: Indeedee|slp
|move|p1a: Pelipper|Tailwind|p1a: Pelipper
|-sidestart|p1: Champ B|move: Tailwind
|
|-weather|RainDance|[upkeep]
|upkeep
|turn|8
|inactive|PamamoDaisukiKo has 30 seconds left.
|
|t:|1756232700
|move|p2a: Sneasler|Protect|p2a: Sneasler
|-singleturn|p2a: Sneasler|Protect
|move|p1a: Pelipper|Protect|p1a: Pelipper
|-singleturn|p1a: Pelipper|Protect
|-curestatus|p2b: Indeedee|slp|[msg]
|move|p2b: Indeedee|Expanding Force|p1a: Pelipper
|-activate|p1a: Pelipper|move: Protect
|move|p1b: Amoonguss|Spore|p2a: Sneasler
|-activate|p2a: Sneasler|move: Protect
|
|-weather|RainDance|[upkeep]
|upkeep
|turn|9
|
|t:|1756232715
|move|p1b: Amoonguss|Protect|p1b: Amoonguss
|-singleturn|p1b: Amoonguss|Protect
|move|p2a: Sneasler|Dire Claw|p1a: Pelipper
|-damage|p1a: Pelipper|0 fnt
|faint|p1a: Pelipper
|move|p2b: Indeedee|Expanding Force|p1b: Amoonguss
|-activate|p1b: Amoonguss|move: Protect
|
|-weather|RainDance|[upkeep]
|upkeep
|turn|10
|
|t:|1756232726
|move|p2a: Sneasler|Dire Claw|p1b: Amoonguss
|-damage|p1b: Amoonguss|0 fnt
|faint|p1b: Amoonguss
|
|win|PamamoDaisukiKo
