|j|☆Triir
|j|☆MiiverseVGC
|html|TriirMiiverseVGC    
|uhtml|bestof|Game 3 of a best-of-3
|t:|1784470478
|gametype|doubles
|player|p1|Triir|#smogonxnpa2025draftee2|
|player|p2|MiiverseVGC|265|
|gen|9
|tier|[Gen 9 Champions] VGC 2026 Reg M-B (Bo3)
|rule|Species Clause: Limit one of each Pokémon
|rule|Item Clause: Limit 1 of each item
|clearpoke
|poke|p1|Garchomp, L50, M|
|poke|p1|Venusaur, L50, M|
|poke|p1|Incineroar, L50, M|
|poke|p1|Charizard, L50, F|
|poke|p1|Toxapex, L50, F|
|poke|p1|Annihilape, L50, M|
|poke|p2|Charizard, L50, F|
|poke|p2|Venusaur, L50, F|
|poke|p2|Hydreigon, L50, F|
|poke|p2|Annihilape, L50, F|
|poke|p2|Toxapex, L50, F|
|poke|p2|Incineroar, L50, M|
|teampreview|4
|showteam|p1|Garchomp||ChoiceScarf|RoughSkin|Earthquake,RockSlide,DragonClaw,StompingTantrum|Adamant||M|||50|]Venusaur||LifeOrb|Chlorophyll|SludgeBomb,SolarBeam,EarthPower,Protect|Modest||M|||50|]Incineroar||SitrusBerry|Intimidate|FakeOut,FlareBlitz,ThroatChop,PartingShot|Impish||M|||50|]Charizard||CharizarditeY|Blaze|HeatWave,WeatherBall,HelpingHand,Protect|Modest||F|||50|]Toxapex||Leftovers|Regenerator|Infestation,Toxic,WideGuard,BanefulBunker|Impish||F|||50|]Annihilape||FocusSash|Defiant|CloseCombat,PhantomForce,RockTomb,Protect|Jolly||M|||50|
|showteam|p2|Charizard||CharizarditeY|Blaze|HeatWave,WeatherBall,HelpingHand,Protect|Modest||F|||50|]Venusaur||LifeOrb|Chlorophyll|SolarBeam,SludgeBomb,EarthPower,Protect|Modest||F|||50|]Hydreigon||ChoiceScarf|Levitate|DracoMeteor,DarkPulse,Snarl,EarthPower|Modest||F|||50|]Annihilape||FocusSash|Defiant|CloseCombat,PhantomForce,RockTomb,Protect|Jolly||F|||50|]Toxapex||Leftovers|Regenerator|Toxic,Infestation,WideGuard,BanefulBunker|Bold||F|||50|]Incineroar||SitrusBerry|Intimidate|FlareBlitz,DarkestLariat,PartingShot,FakeOut|Careful||M|||50|
|j| Finabas
|j| MajorStar
|j| Hecate2
|j| AnxiousApple
|l| Finabas
|j| Axior
|j| marcofiero
|j| frostvg
|j| beben la lechee
|j| expected choquet
|l| marcofiero
|j| Li Zhiyan
|j| Finabas
|j| jmodri
|l| beben la lechee
|
|t:|1784470538
|teamsize|p1|4
|teamsize|p2|4
|start
|switch|p1a: Garchomp|Garchomp, L50, M|100/100
|switch|p1b: Annihilape|Annihilape, L50, M|100/100
|switch|p2a: Charizard|Charizard, L50, F|100/100
|switch|p2b: Toxapex|Toxapex, L50, F|100/100
|turn|1
|
|t:|1784470556
|move|p2a: Charizard|Protect|p2a: Charizard
|-singleturn|p2a: Charizard|Protect
|move|p2b: Toxapex|Baneful Bunker|p2b: Toxapex
|-singleturn|p2b: Toxapex|move: Protect
|move|p1a: Garchomp|Dragon Claw|p2a: Charizard
|-activate|p2a: Charizard|move: Protect
|move|p1b: Annihilape|Rock Tomb|p2a: Charizard
|-activate|p2a: Charizard|move: Protect
|
|upkeep
|turn|2
|j| A Regu1ar Guy
|j| baaaaat_
|
|t:|1784470584
|switch|p2a: Annihilape|Annihilape, L50, F|100/100
|move|p1a: Garchomp|Dragon Claw|p2a: Annihilape
|-crit|p2a: Annihilape
|-damage|p2a: Annihilape|26/100
|move|p1b: Annihilape|Rock Tomb|p2a: Annihilape
|-resisted|p2a: Annihilape|1
|-damage|p2a: Annihilape|16/100
|-unboost|p2a: Annihilape|spe|1
|-ability|p2a: Annihilape|Defiant|boost
|-boost|p2a: Annihilape|atk|2
|move|p2b: Toxapex|Toxic|p1b: Annihilape
|-status|p1b: Annihilape|tox
|
|-damage|p1b: Annihilape|94/100 tox|[from] psn
|upkeep
|turn|3
|l| Finabas
|
|t:|1784470613
|switch|p1b: Toxapex|Toxapex, L50, F|100/100
|move|p2a: Annihilape|Protect|p2a: Annihilape
|-singleturn|p2a: Annihilape|Protect
|move|p1a: Garchomp|Dragon Claw|p2a: Annihilape
|-activate|p2a: Annihilape|move: Protect
|move|p2b: Toxapex|Toxic|p1a: Garchomp
|-status|p1a: Garchomp|tox
|
|-damage|p1a: Garchomp|93/100 tox|[from] psn
|upkeep
|turn|4
|
|t:|1784470642
|move|p1a: Garchomp|Dragon Claw|p2a: Annihilape
|-damage|p2a: Annihilape|0 fnt
|faint|p2a: Annihilape
|move|p1b: Toxapex|Infestation|p2b: Toxapex
|-resisted|p2b: Toxapex|1
|-damage|p2b: Toxapex|98/100
|-activate|p2b: Toxapex|move: Infestation|[of] p1b: Toxapex
|move|p2b: Toxapex|Infestation|p1b: Toxapex
|-resisted|p1b: Toxapex|1
|-damage|p1b: Toxapex|98/100
|-activate|p1b: Toxapex|move: Infestation|[of] p2b: Toxapex
|
|-heal|p1b: Toxapex|100/100|[from] item: Leftovers
|-heal|p2b: Toxapex|100/100|[from] item: Leftovers
|-damage|p1a: Garchomp|81/100 tox|[from] psn
|-damage|p2b: Toxapex|87/100|[from] move: Infestation|[partiallytrapped]
|-damage|p1b: Toxapex|87/100|[from] move: Infestation|[partiallytrapped]
|upkeep
|j| Finabas
|
|t:|1784470672
|switch|p2a: Charizard|Charizard, L50, F|100/100
|turn|5
|l| Finabas
|
|t:|1784470681
|switch|p1a: Charizard|Charizard, L50, F|100/100
|move|p2a: Charizard|Protect|p2a: Charizard
|-singleturn|p2a: Charizard|Protect
|move|p1b: Toxapex|Infestation|p2a: Charizard
|-activate|p2a: Charizard|move: Protect
|move|p2b: Toxapex|Infestation|p1a: Charizard
|-resisted|p1a: Charizard|2
|-damage|p1a: Charizard|99/100
|-activate|p1a: Charizard|move: Infestation|[of] p2b: Toxapex
|
|-heal|p1b: Toxapex|93/100|[from] item: Leftovers
|-heal|p2b: Toxapex|93/100|[from] item: Leftovers
|-damage|p1a: Charizard|87/100|[from] move: Infestation|[partiallytrapped]
|-damage|p1b: Toxapex|81/100|[from] move: Infestation|[partiallytrapped]
|-damage|p2b: Toxapex|81/100|[from] move: Infestation|[partiallytrapped]
|upkeep
|turn|6
|j| parlayprincewins
|
|t:|1784470706
|detailschange|p2a: Charizard|Charizard-Mega-Y, L50, F
|-mega|p2a: Charizard|Charizard|Charizardite Y
|-weather|SunnyDay|[from] ability: Drought|[of] p2a: Charizard
|detailschange|p1a: Charizard|Charizard-Mega-Y, L50, F
|-mega|p1a: Charizard|Charizard|Charizardite Y
|move|p2a: Charizard|Weather Ball|p1a: Charizard
|-resisted|p1a: Charizard|1
|-crit|p1a: Charizard
|-damage|p1a: Charizard|27/100
|move|p1a: Charizard|Weather Ball|p2b: Toxapex
|-resisted|p2b: Toxapex|1
|-damage|p2b: Toxapex|45/100
|move|p2b: Toxapex|Toxic|p1a: Charizard
|-status|p1a: Charizard|tox
|move|p1b: Toxapex|Infestation|p2a: Charizard
|-resisted|p2a: Charizard|2
|-damage|p2a: Charizard|99/100
|-activate|p2a: Charizard|move: Infestation|[of] p1b: Toxapex
|
|-weather|SunnyDay|[upkeep]
|-heal|p2b: Toxapex|50/100g|[from] item: Leftovers
|-heal|p1b: Toxapex|87/100|[from] item: Leftovers
|-damage|p1a: Charizard|21/100 tox|[from] psn
|-damage|p2a: Charizard|87/100|[from] move: Infestation|[partiallytrapped]
|-damage|p1a: Charizard|9/100 tox|[from] move: Infestation|[partiallytrapped]
|-damage|p2b: Toxapex|38/100|[from] move: Infestation|[partiallytrapped]
|-damage|p1b: Toxapex|75/100|[from] move: Infestation|[partiallytrapped]
|upkeep
|turn|7
|j| Code
|j| beben la lechee
|
|t:|1784470732
|move|p2a: Charizard|Protect|p2a: Charizard
|-singleturn|p2a: Charizard|Protect
|move|p2b: Toxapex|Baneful Bunker|p2b: Toxapex
|-singleturn|p2b: Toxapex|move: Protect
|move|p1b: Toxapex|Baneful Bunker|p1b: Toxapex
|-singleturn|p1b: Toxapex|move: Protect
|move|p1a: Charizard|Weather Ball|p2b: Toxapex
|-activate|p2b: Toxapex|move: Protect
|
|-weather|SunnyDay|[upkeep]
|-heal|p1b: Toxapex|80/100|[from] item: Leftovers
|-heal|p2b: Toxapex|44/100|[from] item: Leftovers
|-damage|p1a: Charizard|0 fnt|[from] psn
|faint|p1a: Charizard
|-damage|p2a: Charizard|75/100|[from] move: Infestation|[partiallytrapped]
|-damage|p2b: Toxapex|32/100|[from] move: Infestation|[partiallytrapped]
|-damage|p1b: Toxapex|68/100|[from] move: Infestation|[partiallytrapped]
|upkeep
|j| marcofiero
|
|t:|1784470737
|switch|p1a: Annihilape|Annihilape, L50, M|94/100 tox
|turn|8
|
|t:|1784470753
|move|p1a: Annihilape|Rock Tomb|p2a: Charizard
|-supereffective|p2a: Charizard|2
|-damage|p2a: Charizard|0 fnt
|faint|p2a: Charizard
|move|p1b: Toxapex|Infestation|p2b: Toxapex
|-resisted|p2b: Toxapex|1
|-damage|p2b: Toxapex|31/100
|move|p2b: Toxapex|Infestation|p1a: Annihilape
|-resisted|p1a: Annihilape|2
|-damage|p1a: Annihilape|93/100 tox
|-activate|p1a: Annihilape|move: Infestation|[of] p2b: Toxapex
|
|-weather|SunnyDay|[upkeep]
|-heal|p1b: Toxapex|74/100|[from] item: Leftovers
|-heal|p2b: Toxapex|36/100|[from] item: Leftovers
|-damage|p1a: Annihilape|87/100 tox|[from] psn
|-damage|p1a: Annihilape|75/100 tox|[from] move: Infestation|[partiallytrapped]
|-end|p1b: Toxapex|Infestation|[partiallytrapped]
|-damage|p2b: Toxapex|24/100|[from] move: Infestation|[partiallytrapped]
|upkeep
|
|t:|1784470756
|switch|p2a: Venusaur|Venusaur, L50, F|100/100
|turn|9
|j| Finabas
|j| thacrow
|
|t:|1784470778
|move|p1a: Annihilape|Protect|p1a: Annihilape
|-singleturn|p1a: Annihilape|Protect
|move|p1b: Toxapex|Baneful Bunker|p1b: Toxapex
|-singleturn|p1b: Toxapex|move: Protect
|move|p2a: Venusaur|Solar Beam||[still]
|-prepare|p2a: Venusaur|Solar Beam
|-anim|p2a: Venusaur|Solar Beam|p1a: Annihilape
|-activate|p1a: Annihilape|move: Protect
|move|p2b: Toxapex|Infestation|p1b: Toxapex
|-activate|p1b: Toxapex|move: Protect
|
|-weather|SunnyDay|[upkeep]
|-heal|p1b: Toxapex|80/100|[from] item: Leftovers
|-heal|p2b: Toxapex|30/100|[from] item: Leftovers
|-damage|p1a: Annihilape|63/100 tox|[from] psn
|-damage|p1a: Annihilape|50/100g tox|[from] move: Infestation|[partiallytrapped]
|-end|p2b: Toxapex|Infestation|[partiallytrapped]
|upkeep
|turn|10
|
|t:|1784470802
|move|p2a: Venusaur|Solar Beam||[still]
|-prepare|p2a: Venusaur|Solar Beam
|-anim|p2a: Venusaur|Solar Beam|p1b: Toxapex
|-damage|p1b: Toxapex|22/100
|-damage|p2a: Venusaur|90/100|[from] item: Life Orb
|move|p1a: Annihilape|Phantom Force||[still]
|-prepare|p1a: Annihilape|Phantom Force
|move|p2b: Toxapex|Infestation|p1b: Toxapex
|-resisted|p1b: Toxapex|1
|-damage|p1b: Toxapex|21/100
|-activate|p1b: Toxapex|move: Infestation|[of] p2b: Toxapex
|move|p1b: Toxapex|Infestation|p2a: Venusaur
|-crit|p2a: Venusaur
|-damage|p2a: Venusaur|85/100
|-activate|p2a: Venusaur|move: Infestation|[of] p1b: Toxapex
|
|-weather|none
|-heal|p2b: Toxapex|36/100|[from] item: Leftovers
|-heal|p1b: Toxapex|27/100|[from] item: Leftovers
|-damage|p1a: Annihilape|32/100 tox|[from] psn
|-damage|p2a: Venusaur|73/100|[from] move: Infestation|[partiallytrapped]
|-damage|p1a: Annihilape|20/100y tox|[from] move: Infestation|[partiallytrapped]
|-damage|p1b: Toxapex|15/100|[from] move: Infestation|[partiallytrapped]
|upkeep
|turn|11
|
|t:|1784470824
|move|p1b: Toxapex|Baneful Bunker|p1b: Toxapex
|-singleturn|p1b: Toxapex|move: Protect
|move|p1a: Annihilape|Phantom Force|p2b: Toxapex|[from] lockedmove
|-damage|p2b: Toxapex|7/100
|move|p2a: Venusaur|Earth Power|p1b: Toxapex
|-activate|p1b: Toxapex|move: Protect
|move|p2b: Toxapex|Infestation|p1a: Annihilape
|-resisted|p1a: Annihilape|2
|-damage|p1a: Annihilape|20/100r tox
|
|-heal|p1b: Toxapex|21/100|[from] item: Leftovers
|-heal|p2b: Toxapex|12/100|[from] item: Leftovers
|-damage|p1a: Annihilape|0 fnt|[from] psn
|faint|p1a: Annihilape
|-damage|p2a: Venusaur|61/100|[from] move: Infestation|[partiallytrapped]
|-damage|p1b: Toxapex|8/100|[from] move: Infestation|[partiallytrapped]
|upkeep
|
|t:|1784470830
|switch|p1a: Garchomp|Garchomp, L50, M|81/100 tox
|turn|12
|l| Finabas
|
|t:|1784470876
|move|p1a: Garchomp|Dragon Claw|p2a: Venusaur
|-damage|p2a: Venusaur|7/100
|move|p2a: Venusaur|Earth Power|p1b: Toxapex
|-supereffective|p1b: Toxapex|1
|-damage|p1b: Toxapex|0 fnt
|faint|p1b: Toxapex
|-damage|p2a: Venusaur|0 fnt|[from] item: Life Orb
|faint|p2a: Venusaur
|move|p2b: Toxapex|Toxic|p1a: Garchomp
|-fail|p1a: Garchomp|tox
|
|-heal|p2b: Toxapex|18/100|[from] item: Leftovers
|-damage|p1a: Garchomp|75/100 tox|[from] psn
|upkeep
|turn|13
|j| Finabas
|
|t:|1784470891
|move|p2b: Toxapex|Baneful Bunker|p2b: Toxapex
|-singleturn|p2b: Toxapex|move: Protect
|move|p1a: Garchomp|Dragon Claw|p2b: Toxapex
|-activate|p2b: Toxapex|move: Protect
|
|-heal|p2b: Toxapex|24/100|[from] item: Leftovers
|-damage|p1a: Garchomp|63/100 tox|[from] psn
|upkeep
|turn|14
|
|t:|1784470899
|move|p2b: Toxapex|Baneful Bunker|p2b: Toxapex
|-singleturn|p2b: Toxapex|move: Protect
|move|p1a: Garchomp|Dragon Claw|p2b: Toxapex
|-activate|p2b: Toxapex|move: Protect
|
|-heal|p2b: Toxapex|29/100|[from] item: Leftovers
|-damage|p1a: Garchomp|45/100 tox|[from] psn
|upkeep
|turn|15
|
|t:|1784470904
|move|p1a: Garchomp|Dragon Claw|p2b: Toxapex
|-damage|p2b: Toxapex|2/100
|move|p2b: Toxapex|Toxic|p1a: Garchomp
|-fail|p1a: Garchomp|tox
|
|-heal|p2b: Toxapex|8/100|[from] item: Leftovers
|-damage|p1a: Garchomp|20/100y tox|[from] psn
|upkeep
|turn|16
|
|t:|1784470908
|move|p2b: Toxapex|Baneful Bunker|p2b: Toxapex
|-singleturn|p2b: Toxapex|move: Protect
|move|p1a: Garchomp|Dragon Claw|p2b: Toxapex
|-activate|p2b: Toxapex|move: Protect
|
|-heal|p2b: Toxapex|14/100|[from] item: Leftovers
|-damage|p1a: Garchomp|0 fnt|[from] psn
|faint|p1a: Garchomp
|
|win|MiiverseVGC
|c|☆MiiverseVGC|gg
|l| Finabas
|l| Hecate2
|l| thacrow
|l| AnxiousApple
|l| Li Zhiyan
|c|☆Triir|gg
|l| A Regu1ar Guy
|l| beben la lechee
|l| frostvg
|j| Finabas
|l| MajorStar
|l| Axior
|l| expected choquet
|l| Finabas
|j| TrailerParkBarbie
