|j|☆AbadanRiyi92
|j|☆Cress De Lune
|html|AbadanRiyi92Cress De Lune    
|uhtml|bestof|Game 1 of a best-of-3
|t:|1785462989
|gametype|doubles
|player|p1|AbadanRiyi92|colress|1135
|player|p2|Cress De Lune|1|1125
|gen|9
|tier|[Gen 9 Champions] VGC 2026 Reg M-B (Bo3)
|rated|
|rule|Species Clause: Limit one of each Pokémon
|rule|Item Clause: Limit 1 of each item
|clearpoke
|poke|p1|Gengar, L50, F, shiny|
|poke|p1|Maushold-Four, L50|
|poke|p1|Annihilape, L50, F|
|poke|p1|Incineroar, L50, F|
|poke|p1|Politoed, L50, F, shiny|
|poke|p1|Archaludon, L50, M|
|poke|p2|Blastoise, L50, F|
|poke|p2|Incineroar, L50, M|
|poke|p2|Sinistcha, L50|
|poke|p2|Pelipper, L50, M|
|poke|p2|Aggron, L50, F|
|poke|p2|Aromatisse, L50, F|
|teampreview|4
|showteam|p1|Gengar||Gengarite|CursedBody|ShadowBall,Disable,PerishSong,Protect|Timid||F|||50|]Maushold-Four||FocusSash|FriendGuard|FollowMe,Encore,BeatUp,Protect|Jolly|||||50|]Annihilape||RoseliBerry|Defiant|RageFist,CloseCombat,Taunt,Protect|Jolly||F|||50|]Incineroar||PasshoBerry|Intimidate|PartingShot,ThroatChop,Protect,FakeOut|Sassy||F|||50|]Politoed||SitrusBerry|Drizzle|WeatherBall,Encore,PerishSong,Protect|Calm||F|||50|]Archaludon||Leftovers|Stamina|DragonPulse,FlashCannon,ElectroShot,Protect|Bold||M|||50|
|showteam|p2|Blastoise||Blastoisinite|Torrent|ShellSmash,WaterSpout,AuraSphere,DarkPulse|Quiet||F|||50|]Incineroar||LifeOrb|Intimidate|FlareBlitz,DarkestLariat,FakeOut,PartingShot|Brave||M|||50|]Sinistcha||CobaBerry|Hospitality|MatchaGotcha,StrengthSap,TrickRoom,RagePowder|Relaxed|||||50|]Pelipper||Leftovers|Drizzle|WeatherBall,Hurricane,WideGuard,Tailwind|Bold||M|||50|]Aggron||Aggronite|HeavyMetal|HeavySlam,BodyPress,IronDefense,Protect|Relaxed||F|||50|]Aromatisse||SitrusBerry|AromaVeil|HealPulse,AromaticMist,TrickRoom,Protect|Sassy||F|||50|
|
|t:|1785463030
|teamsize|p1|4
|teamsize|p2|4
|start
|switch|p1a: Gengar|Gengar, L50, F, shiny|100/100
|switch|p1b: Incineroar|Incineroar, L50, F|100/100
|switch|p2a: Private|Sinistcha, L50|100/100
|switch|p2b: Blastoise|Blastoise, L50, F|100/100
|-ability|p1b: Incineroar|Intimidate|boost
|-unboost|p2a: Private|atk|1
|-unboost|p2b: Blastoise|atk|1
|turn|1
|inactive|Battle timer is ON: inactive players will automatically lose when time's up. (requested by AbadanRiyi92)
|inactive|AbadanRiyi92 has 60 seconds left.
|inactive|Cress De Lune has 60 seconds left.
|
|t:|1785463065
|detailschange|p1a: Gengar|Gengar-Mega, L50, F, shiny
|-mega|p1a: Gengar|Gengar|Gengarite
|detailschange|p2b: Blastoise|Blastoise-Mega, L50, F
|-mega|p2b: Blastoise|Blastoise|Blastoisinite
|move|p1b: Incineroar|Fake Out|p2b: Blastoise
|-damage|p2b: Blastoise|91/100
|move|p1a: Gengar|Disable||[still]
|-fail|p1a: Gengar
|cant|p2b: Blastoise|flinch
|move|p2a: Private|Trick Room|p2a: Private
|-fieldstart|move: Trick Room|[of] p2a: Private
|
|upkeep
|turn|2
|inactive|AbadanRiyi92 has 30 seconds left.
|inactive|AbadanRiyi92 has 20 seconds left.
|inactive|AbadanRiyi92 has 15 seconds left.
|
|t:|1785463107
|move|p1a: Gengar|Protect|p1a: Gengar
|-singleturn|p1a: Gengar|Protect
|move|p1b: Incineroar|Throat Chop|p2b: Blastoise
|-damage|p2b: Blastoise|63/100
|-start|p2b: Blastoise|Throat Chop|[silent]
|move|p2b: Blastoise|Shell Smash|p2b: Blastoise
|-unboost|p2b: Blastoise|def|1
|-unboost|p2b: Blastoise|spd|1
|-boost|p2b: Blastoise|atk|2
|-boost|p2b: Blastoise|spa|2
|-boost|p2b: Blastoise|spe|2
|move|p2a: Private|Trick Room|p2a: Private
|-fieldend|move: Trick Room
|
|upkeep
|turn|3
|inactive|AbadanRiyi92 has 30 seconds left.
|inactive|AbadanRiyi92 has 20 seconds left.
|
|t:|1785463148
|switch|p2a: Pelipper|Pelipper, L50, M|100/100
|-weather|RainDance|[from] ability: Drizzle|[of] p2a: Pelipper
|move|p1a: Gengar|Disable||[still]
|-fail|p1a: Gengar
|move|p2b: Blastoise|Dark Pulse|p1a: Gengar
|-supereffective|p1a: Gengar|1
|-damage|p1a: Gengar|0 fnt
|faint|p1a: Gengar
|move|p1b: Incineroar|Throat Chop|p2b: Blastoise
|-damage|p2b: Blastoise|24/100
|
|-weather|RainDance|[upkeep]
|-end|p2b: Blastoise|Throat Chop|[silent]
|upkeep
|
|t:|1785463168
|switch|p1a: Archaludon|Archaludon, L50, M|100/100
|turn|4
|inactive|AbadanRiyi92 has 30 seconds left.
|
|t:|1785463196
|switch|p2a: Private|Sinistcha, L50|100/100
|-heal|p2b: Blastoise|49/100|[from] ability: Hospitality|[of] p2a: Private
|move|p1a: Archaludon|Protect|p1a: Archaludon
|-singleturn|p1a: Archaludon|Protect
|move|p2b: Blastoise|Aura Sphere|p1a: Archaludon
|-activate|p1a: Archaludon|move: Protect
|move|p1b: Incineroar|Throat Chop|p2b: Blastoise
|-damage|p2b: Blastoise|10/100
|-start|p2b: Blastoise|Throat Chop|[silent]
|
|-weather|RainDance|[upkeep]
|upkeep
|turn|5
|
|t:|1785463214
|switch|p1a: Politoed|Politoed, L50, F, shiny|100/100
|move|p2a: Private|Rage Powder|p2a: Private
|-singleturn|p2a: Private|move: Rage Powder
|move|p2b: Blastoise|Aura Sphere|p1b: Incineroar
|-supereffective|p1b: Incineroar|1
|-damage|p1b: Incineroar|0 fnt
|faint|p1b: Incineroar
|
|-weather|RainDance|[upkeep]
|-end|p2b: Blastoise|Throat Chop|[silent]
|upkeep
|
|t:|1785463224
|switch|p1b: Archaludon|Archaludon, L50, M|100/100
|turn|6
|
|t:|1785463237
|move|p2a: Private|Rage Powder|p2a: Private
|-singleturn|p2a: Private|move: Rage Powder
|move|p2b: Blastoise|Aura Sphere|p1b: Archaludon
|-supereffective|p1b: Archaludon|1
|-damage|p1b: Archaludon|0 fnt
|faint|p1b: Archaludon
|move|p1a: Politoed|Weather Ball|p2a: Private
|-resisted|p2a: Private|1
|-damage|p2a: Private|78/100
|
|-weather|RainDance|[upkeep]
|upkeep
|turn|7
|-message|AbadanRiyi92 forfeited.
|
|win|Cress De Lune
