|j|☆dotKuro
|j|‽Livnlarge27
|html|dotKuroLivnlarge27    
|uhtml|bestof|Game 2 of a best-of-3
|t:|1755066659
|gametype|doubles
|player|p1|dotKuro|1|1268
|player|p2|Livnlarge27|red|1325
|gen|9
|tier|[Gen 9] VGC 2025 Reg H (Bo3)
|rated|
|rule|Species Clause: Limit one of each Pokémon
|rule|Item Clause: Limit 1 of each item
|clearpoke
|poke|p1|Garchomp, L50, M|
|poke|p1|Gholdengo, L50|
|poke|p1|Tyranitar, L50, F|
|poke|p1|Incineroar, L50, M|
|poke|p1|Amoonguss, L50, M|
|poke|p1|Talonflame, L50, M|
|poke|p2|Blastoise, L50, M|
|poke|p2|Dragapult, L50, F|
|poke|p2|Indeedee-F, L50, F|
|poke|p2|Sneasler, L50, M|
|poke|p2|Armarouge, L50, F|
|poke|p2|Whimsicott, L50, M|
|teampreview|4
|showteam|p1|Garchomp||LifeOrb|RoughSkin|DragonClaw,StompingTantrum,Earthquake,Protect|||M|||50|,,,,,Fire]Gholdengo||MetalCoat|GoodasGold|MakeItRain,ShadowBall,NastyPlot,Protect||||||50|,,,,,Flying]Tyranitar||AssaultVest|SandStream|KnockOff,RockSlide,TeraBlast,LowKick|||F|||50|,,,,,Flying]Incineroar||SafetyGoggles|Intimidate|FakeOut,KnockOff,FlareBlitz,PartingShot|||M|||50|,,,,,Grass]Amoonguss||SitrusBerry|Regenerator|PollenPuff,Spore,RagePowder,Protect|||M|||50|,,,,,Water]Talonflame||CovertCloak|GaleWings|WillOWisp,BraveBird,Tailwind,Protect|||M|||50|,,,,,Grass
|showteam|p2|Blastoise||MysticWater|Torrent|Protect,WaterSpout,HydroCannon,ShellSmash|||M|||50|,,,,,Water]Dragapult||ChoiceBand|ClearBody|DragonDarts,Uturn,PhantomForce,Outrage|||F|||50|,,,,,Dragon]Indeedee-F||SafetyGoggles|PsychicSurge|Imprison,FollowMe,HelpingHand,TrickRoom|||F|||50|,,,,,Fairy]Sneasler||PsychicSeed|Unburden|FakeOut,CloseCombat,DireClaw,ThroatChop|||M|||50|,,,,,Dark]Armarouge||LifeOrb|FlashFire|ExpandingForce,ArmorCannon,ClearSmog,AuraSphere|||F|||50|,,,,,Grass]Whimsicott||FocusSash|Prankster|Tailwind,Moonblast,Encore,EnergyBall|||M|||50|,,,,,Ghost
|inactive|Battle timer is ON: inactive players will automatically lose when time's up. (requested by Livnlarge27)
|inactive|Livnlarge27 has 60 seconds left.
|
|t:|1755066701
|teamsize|p1|4
|teamsize|p2|4
|start
|switch|p1a: Garchomp|Garchomp, L50, M|100/100
|switch|p1b: Gholdengo|Gholdengo, L50|100/100
|switch|p2a: Whimsicott|Whimsicott, L50, M|100/100
|switch|p2b: Dragapult|Dragapult, L50, F|100/100
|turn|1
|inactive|dotKuro has 30 seconds left.
|
|t:|1755066726
|switch|p1a: Amoonguss|Amoonguss, L50, M|100/100
|-terastallize|p2b: Dragapult|Dragon
|move|p2a: Whimsicott|Tailwind|p2a: Whimsicott
|-sidestart|p2: Livnlarge27|move: Tailwind
|move|p2b: Dragapult|Dragon Darts|p1a: Amoonguss
|-damage|p1a: Amoonguss|60/100
|-anim|p2b: Dragapult|Dragon Darts|p1b: Gholdengo
|-resisted|p1b: Gholdengo
|-damage|p1b: Gholdengo|69/100
|move|p1b: Gholdengo|Nasty Plot|p1b: Gholdengo
|-boost|p1b: Gholdengo|spa|2
|
|upkeep
|turn|2
|inactive|dotKuro has 30 seconds left.
|inactive|dotKuro has 20 seconds left.
|inactive|dotKuro has 15 seconds left.
|inactive|dotKuro has 10 seconds left.
|
|t:|1755066775
|move|p1a: Amoonguss|Rage Powder|p1a: Amoonguss
|-singleturn|p1a: Amoonguss|move: Rage Powder
|move|p2b: Dragapult|Dragon Darts|p1a: Amoonguss
|-damage|p1a: Amoonguss|22/100
|-enditem|p1a: Amoonguss|Sitrus Berry|[eat]
|-heal|p1a: Amoonguss|47/100|[from] item: Sitrus Berry
|-anim|p2b: Dragapult|Dragon Darts|p1a: Amoonguss
|-damage|p1a: Amoonguss|4/100
|move|p2a: Whimsicott|Moonblast|p1b: Gholdengo
|-resisted|p1b: Gholdengo
|-damage|p1b: Gholdengo|47/100
|move|p1b: Gholdengo|Make It Rain|p2b: Dragapult|[spread] p2a,p2b
|-supereffective|p2a: Whimsicott
|-enditem|p2a: Whimsicott|Focus Sash
|-damage|p2a: Whimsicott|1/100
|-damage|p2b: Dragapult|0 fnt
|-unboost|p1b: Gholdengo|spa|1
|faint|p2b: Dragapult
|
|upkeep
|
|t:|1755066783
|switch|p2b: Blastoise|Blastoise, L50, M|100/100
|turn|3
|inactive|dotKuro has 30 seconds left.
|inactive|dotKuro has 20 seconds left.
|
|t:|1755066820
|move|p1b: Gholdengo|Protect|p1b: Gholdengo
|-singleturn|p1b: Gholdengo|Protect
|move|p2a: Whimsicott|Moonblast|p1b: Gholdengo
|-activate|p1b: Gholdengo|move: Protect
|move|p2b: Blastoise|Water Spout|p1b: Gholdengo|[spread] p1a
|-activate|p1b: Gholdengo|move: Protect
|-resisted|p1a: Amoonguss
|-damage|p1a: Amoonguss|0 fnt
|faint|p1a: Amoonguss
|
|upkeep
|
|t:|1755066837
|switch|p1a: Incineroar|Incineroar, L50, M|100/100
|-ability|p1a: Incineroar|Intimidate|boost
|-unboost|p2a: Whimsicott|atk|1
|-unboost|p2b: Blastoise|atk|1
|turn|4
|
|t:|1755066855
|move|p2b: Blastoise|Protect|p2b: Blastoise
|-singleturn|p2b: Blastoise|Protect
|move|p1a: Incineroar|Fake Out|p2b: Blastoise
|-activate|p2b: Blastoise|move: Protect
|move|p2a: Whimsicott|Moonblast|p1a: Incineroar
|-damage|p1a: Incineroar|68/100
|-unboost|p1a: Incineroar|spa|1
|move|p1b: Gholdengo|Shadow Ball|p2a: Whimsicott
|-damage|p2a: Whimsicott|0 fnt
|faint|p2a: Whimsicott
|
|-sideend|p2: Livnlarge27|move: Tailwind
|upkeep
|
|t:|1755066862
|switch|p2a: Sneasler|Sneasler, L50, M|100/100
|turn|5
|inactive|dotKuro has 30 seconds left.
|inactive|Livnlarge27 has 30 seconds left.
|inactive|Livnlarge27 has 20 seconds left.
|inactive|Livnlarge27 has 15 seconds left.
|
|t:|1755066904
|-terastallize|p1b: Gholdengo|Flying
|move|p2a: Sneasler|Throat Chop|p1b: Gholdengo
|-damage|p1b: Gholdengo|16/100
|-start|p1b: Gholdengo|Throat Chop|[silent]
|move|p1b: Gholdengo|Make It Rain|p2a: Sneasler|[spread] p2a,p2b
|-resisted|p2b: Blastoise
|-damage|p2a: Sneasler|0 fnt
|-damage|p2b: Blastoise|53/100
|-unboost|p1b: Gholdengo|spa|1
|faint|p2a: Sneasler
|move|p2b: Blastoise|Water Spout|p1a: Incineroar|[spread] p1a,p1b
|-supereffective|p1a: Incineroar
|-damage|p1a: Incineroar|11/100
|-damage|p1b: Gholdengo|0 fnt
|faint|p1b: Gholdengo
|move|p1a: Incineroar|Parting Shot|p2b: Blastoise
|-unboost|p2b: Blastoise|atk|1
|-unboost|p2b: Blastoise|spa|1
|
|t:|1755066919
|switch|p1a: Garchomp|Garchomp, L50, M|100/100|[from] Parting Shot
|
|upkeep
|
|t:|1755066922
|switch|p1b: Incineroar|Incineroar, L50, M|11/100
|-ability|p1b: Incineroar|Intimidate|boost
|-unboost|p2b: Blastoise|atk|1
|turn|6
|-message|Livnlarge27 forfeited.
|
|win|dotKuro
|raw|dotKuro's rating: 1268 → 1297(+29 for winning)
|raw|Livnlarge27's rating: 1325 → 1302(-23 for losing)
