|j|☆ronnoc02
|j|☆Chknadobovgc
|html|ronnoc02Chknadobovgc    
|uhtml|bestof|Game 3 of a best-of-3
|t:|1756699730
|gametype|doubles
|player|p1|ronnoc02|265|1171
|player|p2|Chknadobovgc|2|1177
|gen|9
|tier|[Gen 9] VGC 2025 Reg H (Bo3)
|rated|
|rule|Species Clause: Limit one of each Pokémon
|rule|Item Clause: Limit 1 of each item
|clearpoke
|poke|p1|Sinistcha-Masterpiece, L50|
|poke|p1|Snorlax, L50, F|
|poke|p1|Gholdengo, L50|
|poke|p1|Sneasler, L50, F|
|poke|p1|Ninetales-Alola, L50, F|
|poke|p1|Electabuzz, L50, F|
|poke|p2|Indeedee, L50, M|
|poke|p2|Sneasler, L50, F|
|poke|p2|Excadrill, L50, M|
|poke|p2|Annihilape, L50, M|
|poke|p2|Corviknight, L50, F|
|poke|p2|Tyranitar, L50, M|
|teampreview|4
|showteam|p1|Sinistcha-Masterpiece||MentalHerb|Hospitality|LifeDew,RagePowder,MatchaGotcha,TrickRoom||||||50|,,,,,Water]Snorlax||SitrusBerry|ThickFat|Protect,BellyDrum,Facade,StompingTantrum|||F|||50|,,,,,Grass]Gholdengo||LifeOrb|GoodasGold|Protect,ShadowBall,MakeItRain,NastyPlot||||||50|,,,,,Steel]Sneasler||AssaultVest|PoisonTouch|ThroatChop,CloseCombat,DireClaw,FakeOut|||F|||50|,,,,,Dark]Ninetales-Alola||LightClay|SnowWarning|Protect,AuroraVeil,IcyWind,Blizzard|||F|||50|,,,,,Ghost]Electabuzz||Eviolite|VitalSpirit|Protect,FollowMe,Electroweb,Taunt|||F|||50|,,,,,Water
|showteam|p2|Indeedee||ChoiceScarf|PsychicSurge|ExpandingForce,TeraBlast,Trick,Protect|||M|||50|,,,,,Psychic]Sneasler||PsychicSeed|Unburden|CloseCombat,DireClaw,ThroatChop,Protect|||F|||50|,,,,,Dark]Excadrill||FocusSash|SandRush|Earthquake,IronHead,HighHorsepower,Protect|||M|||50|,,,,,Stellar]Annihilape||SafetyGoggles|Defiant|CloseCombat,RageFist,Taunt,FinalGambit|||M|||50|,,,,,Water]Corviknight||Leftovers|MirrorArmor|BodyPress,Tailwind,BulkUp,Roost|||F|||50|,,,,,Dragon]Tyranitar||AssaultVest|SandStream|RockSlide,KnockOff,LowKick,TeraBlast|||M|||50|,,,,,Flying
|inactive|Battle timer is ON: inactive players will automatically lose when time's up. (requested by ronnoc02)
|
|t:|1756699750
|teamsize|p1|4
|teamsize|p2|4
|start
|switch|p1a: Gholdengo|Gholdengo, L50|100/100
|switch|p1b: Electabuzz|Electabuzz, L50, F|100/100
|switch|p2a: Excadrill|Excadrill, L50, M|100/100
|switch|p2b: Tyranitar|Tyranitar, L50, M, shiny|100/100
|-weather|Sandstorm|[from] ability: Sand Stream|[of] p2b: Tyranitar
|turn|1
|inactive|ronnoc02 has 30 seconds left.
|inactive|Chknadobovgc has 30 seconds left.
|
|t:|1756699784
|switch|p1a: Ninetales|Ninetales-Alola, L50, F|100/100
|-weather|Snowscape|[from] ability: Snow Warning|[of] p1a: Ninetales
|-terastallize|p2b: Tyranitar|Flying
|move|p1b: Electabuzz|Electroweb|p2a: Excadrill|[spread] p2b
|-immune|p2a: Excadrill
|-supereffective|p2b: Tyranitar
|-damage|p2b: Tyranitar|83/100
|-unboost|p2b: Tyranitar|spe|1
|move|p2a: Excadrill|Earthquake|p1b: Electabuzz|[spread] p1a,p1b
|-immune|p2b: Tyranitar
|-supereffective|p1b: Electabuzz
|-damage|p1a: Ninetales|62/100
|-damage|p1b: Electabuzz|21/100
|move|p2b: Tyranitar|Knock Off|p1b: Electabuzz
|-damage|p1b: Electabuzz|0 fnt
|-enditem|p1b: Electabuzz|Eviolite|[from] move: Knock Off|[of] p2b: Tyranitar
|faint|p1b: Electabuzz
|
|-weather|Snowscape|[upkeep]
|upkeep
|
|t:|1756699804
|switch|p1b: Sneasler|Sneasler, L50, F|100/100
|turn|2
|
|t:|1756699817
|switch|p2a: Indeedee|Indeedee, L50, M|100/100
|-fieldstart|move: Psychic Terrain|[from] ability: Psychic Surge|[of] p2a: Indeedee
|switch|p2b: Sneasler|Sneasler, L50, F, shiny|100/100
|-enditem|p2b: Sneasler|Psychic Seed
|-boost|p2b: Sneasler|spd|1|[from] item: Psychic Seed
|move|p1b: Sneasler|Close Combat|p2a: Indeedee
|-damage|p2a: Indeedee|0 fnt
|-unboost|p1b: Sneasler|def|1
|-unboost|p1b: Sneasler|spd|1
|faint|p2a: Indeedee
|move|p1a: Ninetales|Blizzard|p2b: Sneasler
|-damage|p2b: Sneasler|63/100
|
|-weather|Snowscape|[upkeep]
|upkeep
|
|t:|1756699826
|switch|p2a: Tyranitar|Tyranitar, L50, M, shiny, tera:Flying|83/100
|-weather|Sandstorm|[from] ability: Sand Stream|[of] p2a: Tyranitar
|turn|3
|
|t:|1756699835
|switch|p1b: Gholdengo|Gholdengo, L50|100/100
|move|p1a: Ninetales|Protect|p1a: Ninetales
|-singleturn|p1a: Ninetales|Protect
|move|p2b: Sneasler|Dire Claw|p1a: Ninetales
|-activate|p1a: Ninetales|move: Protect
|move|p2a: Tyranitar|Tera Blast|p1b: Gholdengo|[anim] Tera Blast Flying
|-resisted|p1b: Gholdengo
|-damage|p1b: Gholdengo|78/100
|
|-weather|Sandstorm|[upkeep]
|-damage|p2b: Sneasler|57/100|[from] Sandstorm
|-damage|p1a: Ninetales|56/100|[from] Sandstorm
|-damage|p2a: Tyranitar|77/100|[from] Sandstorm
|upkeep
|turn|4
|
|t:|1756699855
|switch|p1a: Sneasler|Sneasler, L50, F|100/100
|-terastallize|p1b: Gholdengo|Steel
|move|p2b: Sneasler|Throat Chop|p1b: Gholdengo
|-damage|p1b: Gholdengo|43/100
|-start|p1b: Gholdengo|Throat Chop|[silent]
|move|p1b: Gholdengo|Make It Rain|p2a: Tyranitar|[spread] p2a,p2b
|-damage|p2a: Tyranitar|34/100
|-damage|p2b: Sneasler|0 fnt
|-unboost|p1b: Gholdengo|spa|1
|faint|p2b: Sneasler
|-damage|p1b: Gholdengo|34/100|[from] item: Life Orb
|move|p2a: Tyranitar|Tera Blast|p1a: Sneasler|[anim] Tera Blast Flying
|-supereffective|p1a: Sneasler
|-damage|p1a: Sneasler|0 fnt
|faint|p1a: Sneasler
|
|-weather|Sandstorm|[upkeep]
|-damage|p2a: Tyranitar|29/100|[from] Sandstorm
|upkeep
|
|t:|1756699872
|switch|p1a: Ninetales|Ninetales-Alola, L50, F|56/100
|switch|p2b: Excadrill|Excadrill, L50, M|100/100
|-weather|Snowscape|[from] ability: Snow Warning|[of] p1a: Ninetales
|turn|5
|
|t:|1756699883
|move|p1a: Ninetales|Blizzard|p2a: Tyranitar|[spread] p2a,p2b
|-supereffective|p2a: Tyranitar
|-damage|p2a: Tyranitar|0 fnt
|-damage|p2b: Excadrill|60/100
|faint|p2a: Tyranitar
|move|p2b: Excadrill|Earthquake|p1a: Ninetales|[spread] p1a,p1b
|-supereffective|p1b: Gholdengo
|-damage|p1a: Ninetales|17/100
|-damage|p1b: Gholdengo|0 fnt
|faint|p1b: Gholdengo
|
|-weather|Snowscape|[upkeep]
|upkeep
|turn|6
|c|☆ronnoc02|gg
|
|t:|1756699897
|move|p1a: Ninetales|Blizzard|p2b: Excadrill
|-damage|p2b: Excadrill|1/100
|-status|p2b: Excadrill|frz
|-curestatus|p2b: Excadrill|frz|[msg]
|move|p2b: Excadrill|Iron Head|p1a: Ninetales
|-supereffective|p1a: Ninetales
|-damage|p1a: Ninetales|0 fnt
|faint|p1a: Ninetales
|
|win|Chknadobovgc
|raw|ronnoc02's rating: 1171 → 1146(-25 for losing)
|raw|Chknadobovgc's rating: 1177 → 1202(+25 for winning)
|c|☆Chknadobovgc|Freeze nice
|c|☆ronnoc02|lol
|c|☆ronnoc02|good try
|l|☆ronnoc02
|player|p1|
|c|☆Chknadobovgc|lol see how that sounds
|c|☆Chknadobovgc|Oh I thawed out lmao
