|j|☆VOQJKk
|j|☆Yayyboy
|html|VOQJKkYayyboy    
|uhtml|bestof|Game 2 of a best-of-3
|t:|1785600997
|gametype|doubles
|player|p1|VOQJKk|steven|1069
|player|p2|Yayyboy|1|1158
|gen|9
|tier|[Gen 9 Champions] VGC 2026 Reg M-B (Bo3)
|rated|
|rule|Species Clause: Limit one of each Pokémon
|rule|Item Clause: Limit 1 of each item
|clearpoke
|poke|p1|Basculegion, L50, M|
|poke|p1|Charizard, L50, M|
|poke|p1|Kingambit, L50, F|
|poke|p1|Garchomp, L50, F|
|poke|p1|Whimsicott, L50, F|
|poke|p1|Floette-Eternal, L50, F|
|poke|p2|Meowscarada, L50, F, shiny|
|poke|p2|Maushold-Four, L50, shiny|
|poke|p2|Annihilape, L50, F|
|poke|p2|Kangaskhan, L50, F|
|poke|p2|Talonflame, L50, F, shiny|
|poke|p2|Glimmora, L50, M, shiny|
|teampreview|4
|showteam|p1|Basculegion||MysticWater|Adaptability|WaveCrash,LastRespects,AquaJet,Protect|Adamant||M|||50|]Charizard||CharizarditeY|Blaze|HeatWave,WeatherBall,SolarBeam,Protect|Modest||M|||50|]Kingambit||BlackGlasses|Defiant|KowtowCleave,SuckerPunch,IronHead,Protect|Adamant||F|||50|]Garchomp||LifeOrb|RoughSkin|Earthquake,RockSlide,DragonClaw,Protect|Jolly||F|||50|]Whimsicott||FocusSash|Prankster|Moonblast,SunnyDay,Tailwind,Encore|Timid||F|||50|]Floette-Eternal||Floettite|FlowerVeil|DazzlingGleam,Moonblast,LightofRuin,Protect|Modest||F|||50|
|showteam|p2|Meowscarada||ChoiceScarf|Protean|Uturn,FlowerTrick,KnockOff,TripleAxel|Jolly||F|||50|]Maushold-Four||ChopleBerry|FriendGuard|FollowMe,Encore,BeatUp,Protect|Jolly|||||50|]Annihilape||Leftovers|Defiant|RageFist,DrainPunch,Protect,BulkUp|Adamant||F|||50|]Kangaskhan||Kangaskhanite|Scrappy|FakeOut,DoubleEdge,SuckerPunch,DrainPunch|Adamant||F|||50|]Talonflame|||GaleWings|Acrobatics,Tailwind,FlareBlitz,Protect|Jolly||F|||50|]Glimmora||Glimmoranite|ToxicDebris|PowerGem,SludgeBomb,EarthPower,SpikyShield|Timid||M|||50|
|inactive|Battle timer is ON: inactive players will automatically lose when time's up. (requested by VOQJKk)
|inactive|Yayyboy has 60 seconds left.
|
|t:|1785601059
|teamsize|p1|4
|teamsize|p2|4
|start
|switch|p1a: Garchomp|Garchomp, L50, F|100/100
|switch|p1b: Whimsicott|Whimsicott, L50, F|100/100
|switch|p2a: Glimmora|Glimmora, L50, M, shiny|100/100
|switch|p2b: Talonflame|Talonflame, L50, F, shiny|100/100
|turn|1
|inactive|Yayyboy has 30 seconds left.
|
|t:|1785601092
|switch|p2a: Meow|Meowscarada, L50, F, shiny|100/100
|move|p2b: Talonflame|Tailwind|p2b: Talonflame
|-sidestart|p2: Yayyboy|move: Tailwind
|move|p1b: Whimsicott|Tailwind|p1b: Whimsicott
|-sidestart|p1: VOQJKk|move: Tailwind
|move|p1a: Garchomp|Rock Slide|p2a: Meow|[spread] p2a,p2b
|-supereffective|p2b: Talonflame|2
|-damage|p2a: Meow|62/100
|-damage|p2b: Talonflame|0 fnt
|faint|p2b: Talonflame
|-damage|p1a: Garchomp|90/100|[from] item: Life Orb
|
|upkeep
|inactive|Yayyboy has 30 seconds left.
|
|t:|1785601118
|switch|p2b: Kangaskhan|Kangaskhan, L50, F|100/100
|turn|2
|
|t:|1785601138
|switch|p2b: Glimmora|Glimmora, L50, M, shiny|100/100
|move|p1a: Garchomp|Protect|p1a: Garchomp
|-singleturn|p1a: Garchomp|Protect
|move|p2a: Meow|Triple Axel|p1b: Whimsicott
|-start|p2a: Meow|typechange|Ice|[from] ability: Protean
|-supereffective|p1b: Whimsicott|1
|-damage|p1b: Whimsicott|72/100
|-supereffective|p1b: Whimsicott|1
|-damage|p1b: Whimsicott|15/100
|-supereffective|p1b: Whimsicott|1
|-damage|p1b: Whimsicott|0 fnt
|faint|p1b: Whimsicott
|-hitcount|p1: Whimsicott|3
|
|upkeep
|
|t:|1785601158
|switch|p1b: Charizard|Charizard, L50, M|100/100
|turn|3
|
|t:|1785601180
|switch|p1a: Basculegion|Basculegion, L50, M|100/100
|detailschange|p2b: Glimmora|Glimmora-Mega, L50, M, shiny
|-mega|p2b: Glimmora|Glimmora|Glimmoranite
|detailschange|p1b: Charizard|Charizard-Mega-Y, L50, M
|-mega|p1b: Charizard|Charizard|Charizardite Y
|-weather|SunnyDay|[from] ability: Drought|[of] p1b: Charizard
|move|p2a: Meow|Triple Axel|p1a: Basculegion
|-resisted|p1a: Basculegion|1
|-damage|p1a: Basculegion|95/100
|-resisted|p1a: Basculegion|1
|-damage|p1a: Basculegion|86/100
|-resisted|p1a: Basculegion|1
|-damage|p1a: Basculegion|73/100
|-hitcount|p1a: Basculegion|3
|move|p2b: Glimmora|Power Gem|p1a: Basculegion
|-damage|p1a: Basculegion|1/100
|move|p1b: Charizard|Weather Ball|p2a: Meow
|-supereffective|p2a: Meow|1
|-damage|p2a: Meow|0 fnt
|faint|p2a: Meow
|
|-weather|SunnyDay|[upkeep]
|upkeep
|
|t:|1785601204
|switch|p2a: Kangaskhan|Kangaskhan, L50, F|100/100
|turn|4
|
|t:|1785601227
|move|p1b: Charizard|Protect|p1b: Charizard
|-singleturn|p1b: Charizard|Protect
|move|p2a: Kangaskhan|Fake Out|p1a: Basculegion
|-damage|p1a: Basculegion|0 fnt
|faint|p1a: Basculegion
|move|p2b: Glimmora|Power Gem|p1b: Charizard
|-activate|p1b: Charizard|move: Protect
|
|-weather|SunnyDay|[upkeep]
|-sideend|p2: Yayyboy|move: Tailwind
|-sideend|p1: VOQJKk|move: Tailwind
|upkeep
|
|t:|1785601234
|switch|p1a: Garchomp|Garchomp, L50, F|90/100
|turn|5
|
|t:|1785601251
|move|p2b: Glimmora|Spiky Shield|p2b: Glimmora
|-singleturn|p2b: Glimmora|move: Protect
|move|p2a: Kangaskhan|Sucker Punch|p1a: Garchomp
|-damage|p1a: Garchomp|66/100
|-damage|p2a: Kangaskhan|87/100|[from] ability: Rough Skin|[of] p1a: Garchomp
|move|p1a: Garchomp|Earthquake|p2a: Kangaskhan|[spread] p2a
|-activate|p2b: Glimmora|move: Protect
|-immune|p1b: Charizard
|-damage|p2a: Kangaskhan|41/100
|-damage|p1a: Garchomp|56/100|[from] item: Life Orb
|move|p1b: Charizard|Heat Wave|p2b: Glimmora|[spread] p2a
|-activate|p2b: Glimmora|move: Protect
|-damage|p2a: Kangaskhan|0 fnt
|faint|p2a: Kangaskhan
|
|-weather|SunnyDay|[upkeep]
|upkeep
|turn|6
|-message|Yayyboy forfeited.
|
|win|VOQJKk
|raw|VOQJKk's rating: 1069 → 1106(+37 for winning)
|raw|Yayyboy's rating: 1158 → 1127(-31 for losing)
|l|☆Yayyboy
|player|p2|
