|j|☆higigig
|j|☆SongokuVG Fr
|html|higigigSongokuVG Fr    
|uhtml|bestof|Game 1 of a best-of-3
|t:|1757148680
|gametype|doubles
|player|p1|higigig|sisandbro|1168
|player|p2|SongokuVG Fr|lucian|1237
|gen|9
|tier|[Gen 9] VGC 2025 Reg H (Bo3)
|rated|
|rule|Species Clause: Limit one of each Pokémon
|rule|Item Clause: Limit 1 of each item
|clearpoke
|poke|p1|Sneasler, L50, F|
|poke|p1|Gholdengo, L50|
|poke|p1|Amoonguss, L50, F|
|poke|p1|Incineroar, L50, F|
|poke|p1|Ursaluna-Bloodmoon, L50, M|
|poke|p1|Dragonite, L50, F|
|poke|p2|Klefki, L50, M|
|poke|p2|Ursaluna-Bloodmoon, L50, M|
|poke|p2|Maushold-Four, L50|
|poke|p2|Annihilape, L50, F|
|poke|p2|Ninetales-Alola, L50, F|
|poke|p2|Sinistcha, L50|
|teampreview|4
|showteam|p1|Sneasler||WhiteHerb|Unburden|FakeOut,CloseCombat,DireClaw,Protect|||F|||50|,,,,,Flying]Gholdengo||MetalCoat|GoodasGold|NastyPlot,MakeItRain,ShadowBall,Protect||||||50|,,,,,Water]Amoonguss||RockyHelmet|Regenerator|Spore,RagePowder,PollenPuff,Protect|||F|||50|,,,,,Psychic]Incineroar||SafetyGoggles|Intimidate|FakeOut,FlareBlitz,KnockOff,PartingShot|||F|||50|,,,,,Ghost]Ursaluna-Bloodmoon||SitrusBerry|MindsEye|CalmMind,EarthPower,BloodMoon,Protect|||M|||50|,,,,,Poison]Dragonite||LoadedDice|Multiscale|ScaleShot,Haze,Tailwind,Protect|||F|||50|,,,,,Fairy
|showteam|p2|Klefki||LightClay|Prankster|Reflect,LightScreen,MistyTerrain,DazzlingGleam|||M|||50|,,,,,Ghost]Ursaluna-Bloodmoon||AssaultVest|MindsEye|BloodMoon,HyperVoice,VacuumWave,EarthPower|||M|||50|,,,,,Water]Maushold-Four||SafetyGoggles|FriendGuard|FollowMe,Protect,Taunt,BeatUp||||||50|,,,,,Ghost]Annihilape||Leftovers|Defiant|DrainPunch,RageFist,Protect,BulkUp|||F|||50|,,,,,Fire]Ninetales-Alola||FocusSash|SnowWarning|Blizzard,Protect,Encore,FreezeDry|||F|||50|,,,,,Ghost]Sinistcha||SitrusBerry|Hospitality|MatchaGotcha,RagePowder,LifeDew,TrickRoom||||||50|,,,,,Water
|inactive|Battle timer is ON: inactive players will automatically lose when time's up. (requested by higigig)
|inactive|higigig has 60 seconds left.
|inactive|SongokuVG Fr has 60 seconds left.
|
|t:|1757148734
|teamsize|p1|4
|teamsize|p2|4
|start
|switch|p1a: Sneasler|Sneasler, L50, F|100/100
|switch|p1b: Ursaluna|Ursaluna-Bloodmoon, L50, M|100/100
|switch|p2a: Klefki|Klefki, L50, M|100/100
|switch|p2b: Annihilape|Annihilape, L50, F|100/100
|turn|1
|inactive|higigig has 30 seconds left.
|inactive|higigig has 20 seconds left.
|inactive|higigig has 15 seconds left.
|inactive|higigig has 10 seconds left.
|
|t:|1757148780
|move|p2a: Klefki|Light Screen|p2a: Klefki
|-sidestart|p2: SongokuVG Fr|move: Light Screen
|move|p1a: Sneasler|Close Combat|p2a: Klefki
|-damage|p2a: Klefki|30/100
|-unboost|p1a: Sneasler|def|1
|-unboost|p1a: Sneasler|spd|1
|-enditem|p1a: Sneasler|White Herb
|-clearnegativeboost|p1a: Sneasler|[silent]
|move|p2b: Annihilape|Bulk Up|p2b: Annihilape
|-boost|p2b: Annihilape|atk|1
|-boost|p2b: Annihilape|def|1
|move|p1b: Ursaluna|Calm Mind|p1b: Ursaluna
|-boost|p1b: Ursaluna|spa|1
|-boost|p1b: Ursaluna|spd|1
|
|upkeep
|turn|2
|inactive|higigig has 30 seconds left.
|inactive|higigig has 20 seconds left.
|
|t:|1757148817
|switch|p1a: Amoonguss|Amoonguss, L50, F|100/100
|move|p2a: Klefki|Misty Terrain|p2a: Klefki
|-fieldstart|move: Misty Terrain
|move|p2b: Annihilape|Drain Punch|p1b: Ursaluna
|-supereffective|p1b: Ursaluna
|-damage|p1b: Ursaluna|23/100
|-enditem|p1b: Ursaluna|Sitrus Berry|[eat]
|-heal|p1b: Ursaluna|48/100|[from] item: Sitrus Berry
|move|p1b: Ursaluna|Blood Moon|p2b: Annihilape
|-damage|p2b: Annihilape|24/100
|
|-heal|p2b: Annihilape|31/100|[from] item: Leftovers
|upkeep
|turn|3
|inactive|higigig has 30 seconds left.
|
|t:|1757148843
|move|p2a: Klefki|Reflect|p2a: Klefki
|-sidestart|p2: SongokuVG Fr|Reflect
|move|p2b: Annihilape|Rage Fist|p1b: Ursaluna
|-immune|p1b: Ursaluna
|move|p1b: Ursaluna|Earth Power|p2a: Klefki
|-supereffective|p2a: Klefki
|-damage|p2a: Klefki|0 fnt
|faint|p2a: Klefki
|move|p1a: Amoonguss|Spore|p2b: Annihilape
|-activate|p2b: Annihilape|move: Misty Terrain
|
|-heal|p2b: Annihilape|37/100|[from] item: Leftovers
|upkeep
|
|t:|1757148849
|switch|p2a: Maushold|Maushold-Four, L50|100/100
|turn|4
|
|t:|1757148861
|move|p2b: Annihilape|Protect|p2b: Annihilape
|-singleturn|p2b: Annihilape|Protect
|move|p1a: Amoonguss|Rage Powder|p1a: Amoonguss
|-singleturn|p1a: Amoonguss|move: Rage Powder
|move|p2a: Maushold|Taunt|p1a: Amoonguss
|-start|p1a: Amoonguss|move: Taunt
|move|p1b: Ursaluna|Blood Moon|p2b: Annihilape
|-activate|p2b: Annihilape|move: Protect
|
|-heal|p2b: Annihilape|43/100|[from] item: Leftovers
|upkeep
|turn|5
|
|t:|1757148872
|-terastallize|p1b: Ursaluna|Poison
|move|p2a: Maushold|Follow Me|p2a: Maushold
|-singleturn|p2a: Maushold|move: Follow Me
|move|p2b: Annihilape|Drain Punch|p1b: Ursaluna
|-resisted|p1b: Ursaluna
|-damage|p1b: Ursaluna|30/100
|-heal|p2b: Annihilape|54/100|[from] drain|[of] p1b: Ursaluna
|move|p1b: Ursaluna|Earth Power|p2a: Maushold
|-damage|p2a: Maushold|34/100
|move|p1a: Amoonguss|Pollen Puff|p2a: Maushold
|-damage|p2a: Maushold|18/100
|
|-heal|p2b: Annihilape|60/100|[from] item: Leftovers
|upkeep
|turn|6
|c|☆higigig|you stole my pollen puff
|inactive|higigig has 30 seconds left.
|
|t:|1757148898
|move|p2a: Maushold|Protect|p2a: Maushold
|-singleturn|p2a: Maushold|Protect
|move|p1b: Ursaluna|Protect|p1b: Ursaluna
|-singleturn|p1b: Ursaluna|Protect
|move|p2b: Annihilape|Rage Fist|p1b: Ursaluna
|-activate|p1b: Ursaluna|move: Protect
|move|p1a: Amoonguss|Pollen Puff|p2a: Maushold
|-activate|p2a: Maushold|move: Protect
|
|-heal|p2b: Annihilape|66/100|[from] item: Leftovers
|-fieldend|Misty Terrain
|upkeep
|turn|7
|
|t:|1757148915
|move|p2a: Maushold|Follow Me|p2a: Maushold
|-singleturn|p2a: Maushold|move: Follow Me
|move|p2b: Annihilape|Rage Fist|p1b: Ursaluna
|-damage|p1b: Ursaluna|0 fnt
|faint|p1b: Ursaluna
|move|p1a: Amoonguss|Pollen Puff|p2a: Maushold
|-damage|p2a: Maushold|1/100
|
|-heal|p2b: Annihilape|72/100|[from] item: Leftovers
|-end|p1a: Amoonguss|move: Taunt
|upkeep
|
|t:|1757148930
|switch|p1b: Gholdengo|Gholdengo, L50|100/100
|turn|8
|
|t:|1757148946
|move|p2b: Annihilape|Protect|p2b: Annihilape
|-singleturn|p2b: Annihilape|Protect
|move|p1a: Amoonguss|Protect|p1a: Amoonguss
|-singleturn|p1a: Amoonguss|Protect
|move|p2a: Maushold|Taunt|p1a: Amoonguss
|-activate|p1a: Amoonguss|move: Protect
|move|p1b: Gholdengo|Nasty Plot|p1b: Gholdengo
|-boost|p1b: Gholdengo|spa|2
|
|-heal|p2b: Annihilape|79/100|[from] item: Leftovers
|-sideend|p2: SongokuVG Fr|move: Light Screen
|upkeep
|turn|9
|
|t:|1757148959
|-terastallize|p2b: Annihilape|Fire
|move|p1a: Amoonguss|Rage Powder|p1a: Amoonguss
|-singleturn|p1a: Amoonguss|move: Rage Powder
|move|p2a: Maushold|Taunt|p1a: Amoonguss
|-start|p1a: Amoonguss|move: Taunt
|move|p2b: Annihilape|Rage Fist|p1a: Amoonguss
|-damage|p1a: Amoonguss|47/100
|-damage|p2b: Annihilape|62/100|[from] item: Rocky Helmet|[of] p1a: Amoonguss
|move|p1b: Gholdengo|Make It Rain|p2a: Maushold|[spread] p2a,p2b
|-resisted|p2b: Annihilape
|-damage|p2a: Maushold|0 fnt
|-damage|p2b: Annihilape|16/100
|-unboost|p1b: Gholdengo|spa|1
|faint|p2a: Maushold
|
|-heal|p2b: Annihilape|22/100|[from] item: Leftovers
|upkeep
|
|t:|1757148973
|switch|p2a: Ursaluna|Ursaluna-Bloodmoon, L50, M|100/100
|turn|10
|
|t:|1757148982
|switch|p1a: Sneasler|Sneasler, L50, F|100/100
|move|p1b: Gholdengo|Protect|p1b: Gholdengo
|-singleturn|p1b: Gholdengo|Protect
|move|p2b: Annihilape|Rage Fist|p1b: Gholdengo
|-activate|p1b: Gholdengo|move: Protect
|move|p2a: Ursaluna|Earth Power|p1a: Sneasler
|-supereffective|p1a: Sneasler
|-damage|p1a: Sneasler|0 fnt
|faint|p1a: Sneasler
|
|-heal|p2b: Annihilape|28/100|[from] item: Leftovers
|-sideend|p2: SongokuVG Fr|Reflect
|upkeep
|
|t:|1757148984
|switch|p1a: Amoonguss|Amoonguss, L50, F|80/100
|turn|11
|
|t:|1757149014
|move|p1a: Amoonguss|Protect|p1a: Amoonguss
|-singleturn|p1a: Amoonguss|Protect
|move|p2b: Annihilape|Rage Fist|p1b: Gholdengo
|-supereffective|p1b: Gholdengo
|-damage|p1b: Gholdengo|0 fnt
|faint|p1b: Gholdengo
|move|p2a: Ursaluna|Earth Power|p1a: Amoonguss
|-activate|p1a: Amoonguss|move: Protect
|
|-heal|p2b: Annihilape|34/100|[from] item: Leftovers
|upkeep
|turn|12
|-message|higigig forfeited.
|
|win|SongokuVG Fr
