|j|☆maraming pera
|j|☆kimmy k
|html|maraming perakimmy k    
|uhtml|bestof|Game 3 of a best-of-3
|t:|1756336532
|gametype|doubles
|player|p1|maraming pera|169|1228
|player|p2|kimmy k|preschooler|1199
|gen|9
|tier|[Gen 9] VGC 2025 Reg H (Bo3)
|rated|
|rule|Species Clause: Limit one of each Pokémon
|rule|Item Clause: Limit 1 of each item
|clearpoke
|poke|p1|Archaludon, L50, F|
|poke|p1|Grimmsnarl, L50, M|
|poke|p1|Pelipper, L50, M|
|poke|p1|Primarina, L50, M|
|poke|p1|Maushold, L50|
|poke|p1|Annihilape, L50, M|
|poke|p2|Politoed, L50, M|
|poke|p2|Gothitelle, L50, F|
|poke|p2|Incineroar, L50, F|
|poke|p2|Amoonguss, L50, M|
|poke|p2|Kingdra, L50, F|
|poke|p2|Archaludon, L50, F|
|teampreview|4
|showteam|p1|Archaludon||AssaultVest|Stamina|BodyPress,ElectroShot,FlashCannon,Snarl|||F|||50|,,,,,Grass]Grimmsnarl||LightClay|Prankster|SpiritBreak,ThunderWave,Reflect,LightScreen|||M|||50|,,,,,Ghost]Pelipper||FocusSash|Drizzle|WeatherBall,Hurricane,Tailwind,WideGuard|||M|||50|,,,,,Ghost]Primarina||ThroatSpray|LiquidVoice|HyperVoice,Moonblast,Haze,Protect|||M|||50|,,,,,Steel]Maushold||SafetyGoggles|FriendGuard|Protect,Taunt,BeatUp,FollowMe||||||50|,,,,,Ghost]Annihilape||LumBerry|Defiant|RageFist,DrainPunch,BulkUp,Protect|||M|||50|,,,,,Water
|showteam|p2|Politoed||Leftovers|Drizzle|Protect,WeatherBall,PerishSong,Encore|||M|||50|,,,,,Grass]Gothitelle||SitrusBerry|ShadowTag|Protect,Psychic,FakeOut,TrickRoom|||F|||50|,,,,,Dark]Incineroar||SafetyGoggles|Intimidate|Protect,KnockOff,FakeOut,PartingShot|||F|||50|,,,,,Ghost]Amoonguss||EjectButton|Regenerator|Protect,RagePowder,PollenPuff,Spore|||M|||50|,,,,,Fairy]Kingdra||LifeOrb|SwiftSwim|Protect,WeatherBall,DracoMeteor,MuddyWater|||F|||50|,,,,,Stellar]Archaludon||PowerHerb|Sturdy|Protect,ElectroShot,DragonPulse,FlashCannon|||F|||50|,,,,,Electric
|inactive|Battle timer is ON: inactive players will automatically lose when time's up. (requested by kimmy k)
|
|t:|1756336556
|teamsize|p1|4
|teamsize|p2|4
|start
|switch|p1a: Grimmsnarl|Grimmsnarl, L50, M|100/100
|switch|p1b: Archaludon|Archaludon, L50, F|100/100
|switch|p2a: Gothitelle|Gothitelle, L50, F|100/100
|switch|p2b: Politoed|Politoed, L50, M|100/100
|-weather|RainDance|[from] ability: Drizzle|[of] p2b: Politoed
|turn|1
|
|t:|1756336581
|move|p2a: Gothitelle|Fake Out|p1b: Archaludon
|-resisted|p1b: Archaludon
|-damage|p1b: Archaludon|98/100
|-ability|p1b: Archaludon|Stamina|boost
|-boost|p1b: Archaludon|def|1
|move|p1a: Grimmsnarl|Thunder Wave|p2a: Gothitelle
|-status|p2a: Gothitelle|par
|cant|p1b: Archaludon|flinch
|move|p2b: Politoed|Perish Song|p2b: Politoed
|-start|p1a: Grimmsnarl|perish3|[silent]
|-start|p1b: Archaludon|perish3|[silent]
|-start|p2a: Gothitelle|perish3|[silent]
|-start|p2b: Politoed|perish3|[silent]
|-fieldactivate|move: Perish Song
|
|-weather|RainDance|[upkeep]
|-start|p1b: Archaludon|perish3
|-start|p2b: Politoed|perish3
|-start|p1a: Grimmsnarl|perish3
|-start|p2a: Gothitelle|perish3
|upkeep
|turn|2
|
|t:|1756336602
|move|p2b: Politoed|Protect|p2b: Politoed
|-singleturn|p2b: Politoed|Protect
|cant|p2a: Gothitelle|par
|move|p1a: Grimmsnarl|Thunder Wave|p2b: Politoed
|-activate|p2b: Politoed|move: Protect
|move|p1b: Archaludon|Electro Shot||[still]
|-prepare|p1b: Archaludon|Electro Shot
|-boost|p1b: Archaludon|spa|1
|-anim|p1b: Archaludon|Electro Shot|p2b: Politoed
|-activate|p2b: Politoed|move: Protect
|
|-weather|RainDance|[upkeep]
|-start|p1b: Archaludon|perish2
|-start|p2b: Politoed|perish2
|-start|p1a: Grimmsnarl|perish2
|-start|p2a: Gothitelle|perish2
|upkeep
|turn|3
|inactive|maraming pera has 30 seconds left.
|
|t:|1756336632
|move|p2b: Politoed|Protect|p2b: Politoed
|-singleturn|p2b: Politoed|Protect
|move|p1b: Archaludon|Electro Shot||[still]
|-prepare|p1b: Archaludon|Electro Shot
|-boost|p1b: Archaludon|spa|1
|-anim|p1b: Archaludon|Electro Shot|p2b: Politoed
|-activate|p2b: Politoed|move: Protect
|move|p1a: Grimmsnarl|Spirit Break|p2b: Politoed
|-activate|p2b: Politoed|move: Protect
|move|p2a: Gothitelle|Trick Room|p2a: Gothitelle
|-fieldstart|move: Trick Room|[of] p2a: Gothitelle
|
|-weather|RainDance|[upkeep]
|-start|p2a: Gothitelle|perish1
|-start|p1a: Grimmsnarl|perish1
|-start|p2b: Politoed|perish1
|-start|p1b: Archaludon|perish1
|upkeep
|turn|4
|inactive|maraming pera has 30 seconds left.
|inactive|maraming pera has 20 seconds left.
|
|t:|1756336668
|switch|p2b: Amoonguss|Amoonguss, L50, M|100/100
|move|p1a: Grimmsnarl|Light Screen|p1a: Grimmsnarl
|-sidestart|p1: maraming pera|move: Light Screen
|move|p2a: Gothitelle|Psychic|p1b: Archaludon
|-resisted|p1b: Archaludon
|-damage|p1b: Archaludon|91/100
|-ability|p1b: Archaludon|Stamina|boost
|-boost|p1b: Archaludon|def|1
|move|p1b: Archaludon|Electro Shot||[still]
|-prepare|p1b: Archaludon|Electro Shot
|-boost|p1b: Archaludon|spa|1
|-anim|p1b: Archaludon|Electro Shot|p2a: Gothitelle
|-damage|p2a: Gothitelle|32/100 par
|-enditem|p2a: Gothitelle|Sitrus Berry|[eat]
|-heal|p2a: Gothitelle|57/100 par|[from] item: Sitrus Berry
|
|-weather|RainDance|[upkeep]
|-start|p2a: Gothitelle|perish0
|-start|p1a: Grimmsnarl|perish0
|-start|p1b: Archaludon|perish0
|faint|p2a: Gothitelle
|faint|p1a: Grimmsnarl
|faint|p1b: Archaludon
|upkeep
|
|t:|1756336688
|switch|p2a: Politoed|Politoed, L50, M|100/100
|switch|p1a: Annihilape|Annihilape, L50, M|100/100
|switch|p1b: Primarina|Primarina, L50, M|100/100
|turn|5
|
|t:|1756336697
|move|p1b: Primarina|Protect|p1b: Primarina
|-singleturn|p1b: Primarina|Protect
|move|p1a: Annihilape|Protect|p1a: Annihilape
|-singleturn|p1a: Annihilape|Protect
|move|p2b: Amoonguss|Spore|p1b: Primarina
|-activate|p1b: Primarina|move: Protect
|move|p2a: Politoed|Perish Song|p2a: Politoed
|-start|p1a: Annihilape|perish3|[silent]
|-start|p1b: Primarina|perish3|[silent]
|-start|p2a: Politoed|perish3|[silent]
|-start|p2b: Amoonguss|perish3|[silent]
|-fieldactivate|move: Perish Song
|
|-weather|none
|-start|p2b: Amoonguss|perish3
|-start|p1b: Primarina|perish3
|-start|p2a: Politoed|perish3
|-start|p1a: Annihilape|perish3
|upkeep
|turn|6
|c|☆kimmy k|gg
|
|t:|1756336721
|move|p2b: Amoonguss|Spore|p1b: Primarina
|-status|p1b: Primarina|slp|[from] move: Spore
|cant|p1b: Primarina|slp
|move|p2a: Politoed|Encore|p1a: Annihilape
|-start|p1a: Annihilape|Encore
|move|p1a: Annihilape|Protect||[still]
|-fail|p1a: Annihilape
|
|-start|p2b: Amoonguss|perish2
|-start|p1b: Primarina|perish2
|-start|p2a: Politoed|perish2
|-start|p1a: Annihilape|perish2
|upkeep
|turn|7
|-message|maraming pera forfeited.
|
|win|kimmy k
|raw|maraming pera's rating: 1228 → 1201(-27 for losing)
|raw|kimmy k's rating: 1199 → 1226(+27 for winning)
|l|☆maraming pera
|player|p1|
