|j|☆Jahim the Cream
|j|☆squibirisu
|html|Jahim the Creamsquibirisu    
|uhtml|bestof|Game 2 of a best-of-3
|t:|1783273906
|gametype|doubles
|player|p1|Jahim the Cream|2|
|player|p2|squibirisu|carmine-festival|
|gen|9
|tier|[Gen 9 Champions] VGC 2026 Reg M-B (Bo3)
|rule|Species Clause: Limit one of each Pokémon
|rule|Item Clause: Limit 1 of each item
|clearpoke
|poke|p1|Swampert, L50, F|
|poke|p1|Sableye, L50, M|
|poke|p1|Archaludon, L50, F|
|poke|p1|Pelipper, L50, F|
|poke|p1|Sylveon, L50, F|
|poke|p1|Venusaur, L50, F|
|poke|p2|Charizard, L50, M|
|poke|p2|Aerodactyl, L50, F|
|poke|p2|Incineroar, L50, F|
|poke|p2|Garchomp, L50, M|
|poke|p2|Farigiraf, L50, F|
|poke|p2|Sylveon, L50, F|
|teampreview|4
|showteam|p1|Swampert||Swampertite|Torrent|Protect,WaveCrash,Earthquake,HighHorsepower|Adamant||F|||50|]Sableye||LightClay|Prankster|Encore,Reflect,LightScreen,RainDance|Bold||M|||50|]Archaludon||Leftovers|Stamina|Protect,DragonPulse,FlashCannon,ElectroShot|Modest||F|||50|]Pelipper||SitrusBerry|Drizzle|Protect,WeatherBall,Hurricane,Tailwind|Modest||F|||50|]Sylveon||FairyFeather|Pixilate|Detect,HyperVoice,Moonblast,QuickAttack|Modest||F|||50|]Venusaur||Venusaurite|Overgrow|Protect,GigaDrain,SludgeBomb,EarthPower|Modest||F|||50|
|showteam|p2|Charizard||CharizarditeY|Blaze|HeatWave,WeatherBall,SolarBeam,Protect|Modest||M|||50|]Aerodactyl||FocusSash|Unnerve|RockSlide,WideGuard,Tailwind,Protect|Jolly||F|||50|]Incineroar||Charcoal|Intimidate|FakeOut,FlareBlitz,ThroatChop,PartingShot|Brave||F|||50|]Garchomp||LifeOrb|RoughSkin|Earthquake,DragonClaw,StompingTantrum,Protect|Jolly||M|||50|]Farigiraf||SitrusBerry|ArmorTail|Thunderbolt,HelpingHand,TrickRoom,Protect|Calm||F|||50|]Sylveon||FairyFeather|Pixilate|HyperVoice,Yawn,QuickAttack,Protect|Modest||F|||50|
|inactive|Battle timer is ON: inactive players will automatically lose when time's up. (requested by squibirisu)
|c|☆squibirisu|that
|c|☆squibirisu|swampert ice punch
|c|☆squibirisu|would be really good here
|c|☆Jahim the Cream|It would
|c|☆squibirisu|yeahhh
|inactive|Jahim the Cream has 60 seconds left.
|inactive|squibirisu has 60 seconds left.
|c|☆squibirisu|my team has basically 0 defensive answers to that lol i think maybe thats why i got fried
|inactive|squibirisu has 30 seconds left.
|inactive|squibirisu has 20 seconds left.
|inactive|squibirisu has 15 seconds left.
|
|t:|1783273987
|teamsize|p1|4
|teamsize|p2|4
|start
|switch|p1a: Swampert|Swampert, L50, F|100/100
|switch|p1b: Sableye|Sableye, L50, M|100/100
|switch|p2a: Aerodactyl|Aerodactyl, L50, F|100/100
|switch|p2b: Sylveon|Sylveon, L50, F|100/100
|-ability|p2a: Aerodactyl|Unnerve
|turn|1
|
|t:|1783274001
|detailschange|p1a: Swampert|Swampert-Mega, L50, F
|-mega|p1a: Swampert|Swampert|Swampertite
|move|p2b: Sylveon|Protect|p2b: Sylveon
|-singleturn|p2b: Sylveon|Protect
|move|p1b: Sableye|Light Screen|p1b: Sableye
|-sidestart|p1: Jahim the Cream|move: Light Screen
|move|p2a: Aerodactyl|Tailwind|p2a: Aerodactyl
|-sidestart|p2: squibirisu|move: Tailwind
|move|p1a: Swampert|Wave Crash|p2a: Aerodactyl
|-supereffective|p2a: Aerodactyl|1
|-enditem|p2a: Aerodactyl|Focus Sash
|-damage|p2a: Aerodactyl|1/100
|-damage|p1a: Swampert|67/100|[from] Recoil
|
|upkeep
|turn|2
|
|t:|1783274018
|move|p1b: Sableye|Encore|p2b: Sylveon
|-start|p2b: Sylveon|Encore
|move|p2b: Sylveon|Protect|p2b: Sylveon
|-singleturn|p2b: Sylveon|Protect
|move|p2a: Aerodactyl|Rock Slide|p1a: Swampert|[spread] p1b
|-miss|p2a: Aerodactyl|p1a: Swampert
|-damage|p1b: Sableye|76/100
|move|p1a: Swampert|Wave Crash|p2a: Aerodactyl
|-supereffective|p2a: Aerodactyl|1
|-damage|p2a: Aerodactyl|0 fnt
|faint|p2a: Aerodactyl
|-damage|p1a: Swampert|66/100|[from] Recoil
|
|upkeep
|c|☆squibirisu|i forgor encore
|c|☆squibirisu|oh
|
|t:|1783274030
|switch|p2a: Charizard|Charizard, L50, M|100/100
|turn|3
|c|☆Jahim the Cream|Why no detect
|c|☆squibirisu|idk why not
|
|t:|1783274042
|switch|p2b: Garchomp|Garchomp, L50, M|100/100
|move|p1b: Sableye|Rain Dance|p1b: Sableye
|-weather|RainDance
|move|p2a: Charizard|Weather Ball|p1a: Swampert
|-damage|p1a: Swampert|39/100
|move|p1a: Swampert|Wave Crash|p2b: Garchomp
|-damage|p2b: Garchomp|0 fnt
|-damage|p1a: Swampert|26/100|[from] ability: Rough Skin|[of] p2b: Garchomp
|faint|p2b: Garchomp
|-damage|p1a: Swampert|0 fnt|[from] Recoil
|faint|p1a: Swampert
|
|-weather|RainDance|[upkeep]
|upkeep
|c|☆squibirisu|oh
|c|☆squibirisu|bye swampert
|
|t:|1783274057
|switch|p2b: Sylveon|Sylveon, L50, F|100/100
|switch|p1a: Archaludon|Archaludon, L50, F|100/100
|turn|4
|
|t:|1783274068
|move|p2a: Charizard|Protect|p2a: Charizard
|-singleturn|p2a: Charizard|Protect
|move|p1b: Sableye|Rain Dance||[still]
|-fail|p1b: Sableye
|move|p2b: Sylveon|Yawn|p1a: Archaludon
|-start|p1a: Archaludon|move: Yawn|[of] p2b: Sylveon
|move|p1a: Archaludon|Electro Shot||[still]
|-prepare|p1a: Archaludon|Electro Shot
|-boost|p1a: Archaludon|spa|1
|-anim|p1a: Archaludon|Electro Shot|p2b: Sylveon
|-damage|p2b: Sylveon|54/100
|
|-weather|RainDance|[upkeep]
|-sideend|p2: squibirisu|move: Tailwind
|upkeep
|turn|5
|
|t:|1783274091
|move|p1b: Sableye|Rain Dance||[still]
|-fail|p1b: Sableye
|move|p2a: Charizard|Weather Ball|p1b: Sableye
|-damage|p1b: Sableye|35/100
|move|p1a: Archaludon|Electro Shot||[still]
|-prepare|p1a: Archaludon|Electro Shot
|-boost|p1a: Archaludon|spa|1
|-anim|p1a: Archaludon|Electro Shot|p2a: Charizard
|-supereffective|p2a: Charizard|1
|-damage|p2a: Charizard|0 fnt
|faint|p2a: Charizard
|move|p2b: Sylveon|Hyper Voice|p1a: Archaludon|[spread] p1a,p1b
|-supereffective|p1b: Sableye|1
|-damage|p1a: Archaludon|72/100
|-damage|p1b: Sableye|0 fnt
|-ability|p1a: Archaludon|Stamina|boost
|-boost|p1a: Archaludon|def|1
|faint|p1b: Sableye
|
|-weather|RainDance|[upkeep]
|-heal|p1a: Archaludon|78/100|[from] item: Leftovers
|-end|p1a: Archaludon|move: Yawn|[silent]
|-status|p1a: Archaludon|slp
|upkeep
|
|t:|1783274096
|switch|p1b: Pelipper|Pelipper, L50, F|100/100
|turn|6
|
|t:|1783274101
|cant|p1a: Archaludon|slp
|move|p1b: Pelipper|Weather Ball|p2b: Sylveon
|-damage|p2b: Sylveon|7/100
|move|p2b: Sylveon|Hyper Voice|p1a: Archaludon|[spread] p1a,p1b
|-damage|p1a: Archaludon|50/100g slp
|-damage|p1b: Pelipper|53/100
|-ability|p1a: Archaludon|Stamina|boost
|-boost|p1a: Archaludon|def|1
|
|-weather|RainDance|[upkeep]
|-heal|p1a: Archaludon|56/100 slp|[from] item: Leftovers
|upkeep
|turn|7
|c|☆squibirisu|sylveon against the world
|c|☆squibirisu|i think sylveons going to die
|c|☆squibirisu|nevermind
|
|t:|1783274112
|cant|p1a: Archaludon|slp
|move|p1b: Pelipper|Weather Ball|p2b: Sylveon
|-damage|p2b: Sylveon|0 fnt
|faint|p2b: Sylveon
|
|win|Jahim the Cream
||squibirisu is ready for game 3.
||Jahim the Cream is ready for game 3.
|uhtml|next|Next: Game 3 of 3
|l|☆Jahim the Cream
|player|p1|
|l|☆squibirisu
|player|p2|
|j|☆squibirisu
|player|p2|squibirisu|carmine-festival|
