|j|☆Metallicmadness
|j|☆redsubhuman
|html|Metallicmadnessredsubhuman    
|uhtml|bestof|Game 1 of a best-of-3
|t:|1756250412
|gametype|doubles
|player|p1|Metallicmadness|byron|1399
|player|p2|redsubhuman|birdkeeper|1356
|gen|9
|tier|[Gen 9] VGC 2025 Reg H (Bo3)
|rated|
|rule|Species Clause: Limit one of each Pokémon
|rule|Item Clause: Limit 1 of each item
|clearpoke
|poke|p1|Sneasler, L50, F|
|poke|p1|Archaludon, L50, M|
|poke|p1|Rillaboom, L50, F|
|poke|p1|Basculegion, L50, M|
|poke|p1|Pelipper, L50, M|
|poke|p1|Incineroar, L50, M|
|poke|p2|Charizard, L50, M|
|poke|p2|Dragapult, L50, M|
|poke|p2|Sneasler, L50, F|
|poke|p2|Incineroar, L50, M|
|poke|p2|Ursaluna-Bloodmoon, L50, M|
|poke|p2|Whimsicott, L50, F|
|teampreview|4
|showteam|p1|Sneasler||GrassySeed|Unburden|DireClaw,CloseCombat,Coaching,ThroatChop|||F|||50|,,,,,Stellar]Archaludon||AssaultVest|Stamina|BodyPress,DragonPulse,ElectroShot,FlashCannon|||M|||50|,,,,,Grass]Rillaboom||LoadedDice|GrassySurge|FakeOut,BulletSeed,HighHorsepower,GrassyGlide|||F|||50|,,,,,Stellar]Basculegion||ChoiceScarf|Adaptability|WaveCrash,FlipTurn,LastRespects,Outrage|||M|||50|,,,,,Water]Pelipper||FocusSash|Drizzle|WeatherBall,Hurricane,Tailwind,Protect|||M|||50|,,,,,Stellar]Incineroar||SafetyGoggles|Intimidate|FakeOut,PartingShot,WillOWisp,KnockOff|||M|||50|,,,,,Ghost
|showteam|p2|Charizard||ChoiceSpecs|SolarPower|HeatWave,Overheat,WeatherBall,SolarBeam|||M|||50|,,,,,Ghost]Dragapult||ChoiceBand|ClearBody|DragonDarts,Outrage,PhantomForce,Uturn|||M|||50|,,,,,Dragon]Sneasler||FocusSash|Unburden|DireClaw,CloseCombat,ThroatChop,Protect|||F|||50|,,,,,Dark]Incineroar||SafetyGoggles|Intimidate|FakeOut,KnockOff,FlareBlitz,PartingShot|||M|||50|,,,,,Ghost]Ursaluna-Bloodmoon||LifeOrb|MindsEye|BloodMoon,HyperVoice,EarthPower,Protect|||M|||50|,,,,,Normal]Whimsicott||CovertCloak|Prankster|Moonblast,Tailwind,Encore,SunnyDay|||F|||50|,,,,,Poison
|inactive|Battle timer is ON: inactive players will automatically lose when time's up. (requested by Metallicmadness)
|inactive|redsubhuman has 60 seconds left.
|
|t:|1756250446
|teamsize|p1|4
|teamsize|p2|4
|start
|switch|p1a: Pelipper|Pelipper, L50, M|100/100
|switch|p1b: Incineroar|Incineroar, L50, M|100/100
|switch|p2a: Rudra|Dragapult, L50, M|100/100
|switch|p2b: Mary|Whimsicott, L50, F|100/100
|-weather|RainDance|[from] ability: Drizzle|[of] p1a: Pelipper
|-ability|p1b: Incineroar|Intimidate|boost
|-fail|p2a: Rudra|unboost|[from] ability: Clear Body|[of] p2a: Rudra
|-unboost|p2b: Mary|atk|1
|turn|1
|
|t:|1756250458
|-terastallize|p2a: Rudra|Dragon
|move|p2b: Mary|Sunny Day|p2b: Mary
|-weather|SunnyDay
|move|p2a: Rudra|Dragon Darts|p1b: Incineroar
|-damage|p1b: Incineroar|55/100
|-anim|p2a: Rudra|Dragon Darts|p1a: Pelipper
|-damage|p1a: Pelipper|23/100
|move|p1a: Pelipper|Tailwind|p1a: Pelipper
|-sidestart|p1: Metallicmadness|move: Tailwind
|move|p1b: Incineroar|Knock Off|p2a: Rudra
|-damage|p2a: Rudra|48/100
|-enditem|p2a: Rudra|Choice Band|[from] move: Knock Off|[of] p1b: Incineroar
|
|-weather|SunnyDay|[upkeep]
|upkeep
|turn|2
|
|t:|1756250480
|switch|p1a: Archaludon|Archaludon, L50, M|100/100
|move|p2b: Mary|Tailwind|p2b: Mary
|-sidestart|p2: redsubhuman|move: Tailwind
|move|p2a: Rudra|Dragon Darts|p1b: Incineroar
|-damage|p1b: Incineroar|23/100
|-anim|p2a: Rudra|Dragon Darts|p1a: Archaludon
|-damage|p1a: Archaludon|74/100
|-ability|p1a: Archaludon|Stamina|boost
|-boost|p1a: Archaludon|def|1
|move|p1b: Incineroar|Will-O-Wisp|p2a: Rudra
|-status|p2a: Rudra|brn
|
|-weather|SunnyDay|[upkeep]
|-damage|p2a: Rudra|42/100 brn|[from] brn
|upkeep
|turn|3
|inactive|redsubhuman has 30 seconds left.
|
|t:|1756250506
|switch|p2b: D'oro|Sneasler, L50, F|100/100
|switch|p1b: Basculegion|Basculegion, L50, M|100/100
|move|p2a: Rudra|Dragon Darts|p1b: Basculegion
|-damage|p1b: Basculegion|76/100
|-anim|p2a: Rudra|Dragon Darts|p1a: Archaludon
|-damage|p1a: Archaludon|65/100
|-ability|p1a: Archaludon|Stamina|boost
|-boost|p1a: Archaludon|def|1
|move|p1a: Archaludon|Flash Cannon|p2b: D'oro
|-damage|p2b: D'oro|49/100
|
|-weather|SunnyDay|[upkeep]
|-damage|p2a: Rudra|36/100 brn|[from] brn
|upkeep
|turn|4
|
|t:|1756250529
|move|p1b: Basculegion|Flip Turn|p1a: Archaludon
|-resisted|p1a: Archaludon
|-damage|p1a: Archaludon|62/100
|-ability|p1a: Archaludon|Stamina|boost
|-boost|p1a: Archaludon|def|1
|
|t:|1756250533
|switch|p1b: Incineroar|Incineroar, L50, M|23/100|[from] Flip Turn
|-ability|p1b: Incineroar|Intimidate|boost
|-fail|p2a: Rudra|unboost|[from] ability: Clear Body|[of] p2a: Rudra
|-unboost|p2b: D'oro|atk|1
|move|p2a: Rudra|Phantom Force||[still]
|-prepare|p2a: Rudra|Phantom Force
|move|p2b: D'oro|Throat Chop|p1b: Incineroar
|-resisted|p1b: Incineroar
|-damage|p1b: Incineroar|14/100
|-start|p1b: Incineroar|Throat Chop|[silent]
|move|p1a: Archaludon|Flash Cannon|p2b: D'oro
|-damage|p2b: D'oro|0 fnt
|faint|p2b: D'oro
|
|-weather|SunnyDay|[upkeep]
|-damage|p2a: Rudra|30/100 brn|[from] brn
|-sideend|p1: Metallicmadness|move: Tailwind
|upkeep
|
|t:|1756250544
|switch|p2b: Agni|Charizard, L50, M|100/100
|turn|5
|
|t:|1756250550
|switch|p1b: Pelipper|Pelipper, L50, M|23/100
|-weather|RainDance|[from] ability: Drizzle|[of] p1b: Pelipper
|move|p2a: Rudra|Phantom Force|p1b: Pelipper|[from] lockedmove
|-damage|p1b: Pelipper|0 fnt
|faint|p1b: Pelipper
|move|p2b: Agni|Weather Ball|p1a: Archaludon
|-resisted|p1a: Archaludon
|-damage|p1a: Archaludon|36/100
|-ability|p1a: Archaludon|Stamina|boost
|-boost|p1a: Archaludon|def|1
|move|p1a: Archaludon|Electro Shot||[still]
|-prepare|p1a: Archaludon|Electro Shot
|-boost|p1a: Archaludon|spa|1
|-anim|p1a: Archaludon|Electro Shot|p2b: Agni
|-supereffective|p2b: Agni
|-damage|p2b: Agni|0 fnt
|faint|p2b: Agni
|
|-weather|RainDance|[upkeep]
|-damage|p2a: Rudra|24/100 brn|[from] brn
|-sideend|p2: redsubhuman|move: Tailwind
|upkeep
|-message|redsubhuman forfeited.
|
|win|Metallicmadness
|l|☆redsubhuman
|player|p2|
||redsubhuman is ready for game 2.
||Metallicmadness is ready for game 2.
|uhtml|next|Next: Game 2 of 3
