|j|☆KHELD
|j|☆dotKuro
|html|KHELDdotKuro    
|uhtml|bestof|Game 3 of a best-of-3
|t:|1755440756
|gametype|doubles
|player|p1|KHELD|169|1326
|player|p2|dotKuro|266|1259
|gen|9
|tier|[Gen 9] VGC 2025 Reg H (Bo3)
|rated|
|rule|Species Clause: Limit one of each Pokémon
|rule|Item Clause: Limit 1 of each item
|clearpoke
|poke|p1|Indeedee-F, L50, F|
|poke|p1|Torkoal, L50, M|
|poke|p1|Ursaluna, L50, F|
|poke|p1|Gallade, L50, M|
|poke|p1|Delphox, L50, M|
|poke|p1|Dragapult, L50, F|
|poke|p2|Garchomp, L50, M|
|poke|p2|Tyranitar, L50, F|
|poke|p2|Corviknight, L50, F|
|poke|p2|Gholdengo, L50|
|poke|p2|Kilowattrel, L50, F|
|poke|p2|Dragapult, L50, M|
|teampreview|4
|showteam|p1|Indeedee-F||SafetyGoggles|PsychicSurge|DazzlingGleam,HelpingHand,FollowMe,TrickRoom|||F|||50|,,,,,Fairy]Torkoal||Charcoal|Drought|Eruption,WeatherBall,HelpingHand,Protect|||M|||50|,,,,,Fire]Ursaluna||FlameOrb|Guts|Facade,HeadlongRush,Earthquake,Protect|||F|||50|,,,,,Ghost]Gallade||ScopeLens|Sharpness|SacredSword,PsychoCut,WideGuard,TrickRoom|||M|||50|,,,,,Fire]Delphox||FocusSash|Blaze|ExpandingForce,HeatWave,Protect,TeraBlast|||M|||50|,,,,,Fighting]Dragapult||ChoiceBand|ClearBody|Outrage,PhantomForce,DragonDarts,Uturn|||F|||50|,,,,,Dragon
|showteam|p2|Garchomp||Leftovers|SandVeil|Earthquake,DragonClaw,Substitute,Protect|||M|||50|,,,,,Steel]Tyranitar||AssaultVest|SandStream|KnockOff,RockSlide,LowKick,TeraBlast|||F|||50|,,,,,Grass]Corviknight||SitrusBerry|MirrorArmor|BraveBird,BodyPress,Tailwind,Roost|||F|||50|,,,,,Fighting]Gholdengo||ChoiceSpecs|GoodasGold|MakeItRain,ShadowBall,Trick,Protect||||||50|,,,,,Steel]Kilowattrel||FocusSash|Competitive|AirSlash,Thunderbolt,Protect,Tailwind|||F|||50|,,,,,Ghost]Dragapult||LifeOrb|Infiltrator|DracoMeteor,ShadowBall,Flamethrower,Protect|||M|||50|,,,,,Stellar
|inactive|Battle timer is ON: inactive players will automatically lose when time's up. (requested by KHELD)
|inactive|dotKuro has 60 seconds left.
|
|t:|1755440860
|teamsize|p1|4
|teamsize|p2|4
|start
|switch|p1a: Gallade|Gallade, L50, M|100/100
|switch|p1b: Indeedee|Indeedee-F, L50, F|100/100
|switch|p2a: Kilowattrel|Kilowattrel, L50, F|100/100
|switch|p2b: Garchomp|Garchomp, L50, M|100/100
|-fieldstart|move: Psychic Terrain|[from] ability: Psychic Surge|[of] p1b: Indeedee
|turn|1
|
|t:|1755440885
|move|p2a: Kilowattrel|Thunderbolt|p1a: Gallade
|-damage|p1a: Gallade|59/100
|move|p2b: Garchomp|Earthquake|p1a: Gallade|[spread] p1a,p1b
|-immune|p2a: Kilowattrel
|-damage|p1a: Gallade|0 fnt
|-damage|p1b: Indeedee|62/100
|faint|p1a: Gallade
|move|p1b: Indeedee|Trick Room|p1b: Indeedee
|-fieldstart|move: Trick Room|[of] p1b: Indeedee
|
|upkeep
|
|t:|1755440894
|switch|p1a: Ursaluna|Ursaluna, L50, F|100/100
|turn|2
|
|t:|1755440919
|move|p1a: Ursaluna|Protect|p1a: Ursaluna
|-singleturn|p1a: Ursaluna|Protect
|move|p1b: Indeedee|Dazzling Gleam|p2a: Kilowattrel|[spread] p2a,p2b
|-supereffective|p2b: Garchomp
|-damage|p2a: Kilowattrel|76/100
|-damage|p2b: Garchomp|74/100
|move|p2b: Garchomp|Earthquake|p1a: Ursaluna|[spread] p1b
|-activate|p1a: Ursaluna|move: Protect
|-immune|p2a: Kilowattrel
|-damage|p1b: Indeedee|20/100
|move|p2a: Kilowattrel|Air Slash|p1a: Ursaluna
|-activate|p1a: Ursaluna|move: Protect
|
|-heal|p2b: Garchomp|81/100|[from] item: Leftovers
|-status|p1a: Ursaluna|brn|[from] item: Flame Orb
|upkeep
|turn|3
|
|t:|1755440940
|move|p2b: Garchomp|Protect|p2b: Garchomp
|-singleturn|p2b: Garchomp|Protect
|move|p2a: Kilowattrel|Protect|p2a: Kilowattrel
|-singleturn|p2a: Kilowattrel|Protect
|move|p1a: Ursaluna|Facade|p2a: Kilowattrel
|-activate|p2a: Kilowattrel|move: Protect
|move|p1b: Indeedee|Dazzling Gleam|p2b: Garchomp|[spread] 
|-activate|p2a: Kilowattrel|move: Protect
|-activate|p2b: Garchomp|move: Protect
|
|-heal|p2b: Garchomp|87/100|[from] item: Leftovers
|-damage|p1a: Ursaluna|95/100 brn|[from] brn
|upkeep
|turn|4
|inactive|KHELD has 30 seconds left.
|inactive|dotKuro has 30 seconds left.
|inactive|dotKuro has 20 seconds left.
|
|t:|1755440977
|switch|p2a: Gholdengo|Gholdengo, L50|100/100
|-terastallize|p2b: Garchomp|Steel
|move|p1a: Ursaluna|Facade|p2a: Gholdengo
|-immune|p2a: Gholdengo
|move|p1b: Indeedee|Dazzling Gleam|p2b: Garchomp|[spread] p2a,p2b
|-resisted|p2a: Gholdengo
|-resisted|p2b: Garchomp
|-damage|p2a: Gholdengo|93/100
|-damage|p2b: Garchomp|80/100
|move|p2b: Garchomp|Substitute|p2b: Garchomp
|-start|p2b: Garchomp|Substitute
|-damage|p2b: Garchomp|55/100
|
|-heal|p2b: Garchomp|61/100|[from] item: Leftovers
|-damage|p1a: Ursaluna|89/100 brn|[from] brn
|upkeep
|turn|5
|
|t:|1755440998
|switch|p2a: Kilowattrel|Kilowattrel, L50, F|76/100
|move|p2b: Garchomp|Protect|p2b: Garchomp
|-singleturn|p2b: Garchomp|Protect
|move|p1a: Ursaluna|Earthquake|p2a: Kilowattrel|[spread] p1b
|-activate|p2b: Garchomp|move: Protect
|-immune|p2a: Kilowattrel
|-damage|p1b: Indeedee|0 fnt
|faint|p1b: Indeedee
|
|-heal|p2b: Garchomp|67/100|[from] item: Leftovers
|-damage|p1a: Ursaluna|83/100 brn|[from] brn
|-fieldend|move: Trick Room
|-fieldend|move: Psychic Terrain
|upkeep
|
|t:|1755441011
|switch|p1b: Delphox|Delphox, L50, M|100/100
|turn|6
|
|t:|1755441031
|-terastallize|p1b: Delphox|Fighting
|move|p2a: Kilowattrel|Air Slash|p1b: Delphox
|-supereffective|p1b: Delphox
|-damage|p1b: Delphox|21/100
|move|p1b: Delphox|Heat Wave|p2b: Garchomp|[spread] p2a
|-miss|p1b: Delphox|p2b: Garchomp
|-damage|p2a: Kilowattrel|0 fnt
|faint|p2a: Kilowattrel
|move|p2b: Garchomp|Earthquake|p1a: Ursaluna|[spread] p1a,p1b
|-damage|p1a: Ursaluna|49/100 brn
|-damage|p1b: Delphox|0 fnt
|faint|p1b: Delphox
|move|p1a: Ursaluna|Facade|p2b: Garchomp
|-resisted|p2b: Garchomp
|-end|p2b: Garchomp|Substitute
|
|-heal|p2b: Garchomp|73/100|[from] item: Leftovers
|-damage|p1a: Ursaluna|43/100 brn|[from] brn
|upkeep
|
|t:|1755441048
|switch|p2a: Gholdengo|Gholdengo, L50|93/100
|turn|7
|-message|KHELD forfeited.
|
|win|dotKuro
|raw|KHELD's rating: 1326 → 1302(-24 for losing)
|raw|dotKuro's rating: 1259 → 1289(+30 for winning)
|l|☆KHELD
|player|p1|
