|j|☆viatles
|j|☆archyx05
|html|viatlesarchyx05    
|uhtml|bestof|Game 1 of a best-of-3
|t:|1785272809
|gametype|doubles
|player|p1|viatles|hiker|1154
|player|p2|archyx05|101|1081
|gen|9
|tier|[Gen 9 Champions] VGC 2026 Reg M-B (Bo3)
|rated|
|rule|Species Clause: Limit one of each Pokémon
|rule|Item Clause: Limit 1 of each item
|clearpoke
|poke|p1|Eelektross, L50, F|
|poke|p1|Raichu, L50, F|
|poke|p1|Tyranitar, L50, M|
|poke|p1|Gliscor, L50, F|
|poke|p1|Garchomp, L50, F|
|poke|p1|Sinistcha, L50|
|poke|p2|Sinistcha, L50|
|poke|p2|Garchomp, L50, M|
|poke|p2|Sneasler, L50, F, shiny|
|poke|p2|Floette-Eternal, L50, F|
|poke|p2|Incineroar, L50, M|
|poke|p2|Kingambit, L50, F, shiny|
|teampreview|4
|showteam|p1|Eelektross||Eelektrossite|Levitate|Discharge,Flamethrower,GigaDrain,Protect|Modest||F|||50|]Raichu||FocusSash|LightningRod|FakeOut,Thunderbolt,Endeavor,Protect|Hasty||F|||50|]Tyranitar||Tyranitarite|SandStream|KnockOff,RockSlide,LowKick,Protect|Adamant||M|||50|]Gliscor||BrightPowder|SandVeil|RockSlide,DualWingbeat,Tailwind,Earthquake|Adamant||F|||50|]Garchomp||ChoiceScarf|RoughSkin|DragonClaw,StompingTantrum,RockSlide,Earthquake|Adamant||F|||50|]Sinistcha||SitrusBerry|Hospitality|MatchaGotcha,RagePowder,Imprison,TrickRoom|Bold|||||50|
|showteam|p2|Sinistcha||KasibBerry|Hospitality|MatchaGotcha,RagePowder,TrickRoom,Protect|Bold|||||50|]Garchomp||Garchompite|SandVeil|Protect,RockSlide,Earthquake,StompingTantrum|Adamant||M|||50|]Sneasler||FocusSash|Unburden|CloseCombat,DireClaw,FakeOut,Coaching|Jolly||F|||50|]Floette-Eternal||Floettite|FlowerVeil|Protect,CalmMind,Moonblast,DazzlingGleam|Modest||F|||50|]Incineroar||SitrusBerry|Intimidate|FakeOut,FlareBlitz,DarkestLariat,PartingShot|Impish||M|||50|]Kingambit||ChopleBerry|Defiant|KowtowCleave,SuckerPunch,IronHead,Protect|Adamant||F|||50|
|inactive|Battle timer is ON: inactive players will automatically lose when time's up. (requested by archyx05)
|c|☆viatles|gl hf
|inactive|archyx05 has 60 seconds left.
|
|t:|1785272855
|teamsize|p1|4
|teamsize|p2|4
|start
|switch|p1a: Eelektross|Eelektross, L50, F|100/100
|switch|p1b: Raichu|Raichu, L50, F|100/100
|switch|p2a: Incineroar|Incineroar, L50, M|100/100
|switch|p2b: Garchomp|Garchomp, L50, M|100/100
|-ability|p2a: Incineroar|Intimidate|boost
|-unboost|p1a: Eelektross|atk|1
|-unboost|p1b: Raichu|atk|1
|turn|1
|inactive|viatles has 30 seconds left.
|
|t:|1785272881
|detailschange|p1a: Eelektross|Eelektross-Mega, L50, F
|-mega|p1a: Eelektross|Eelektross|Eelektrossite
|move|p1b: Raichu|Fake Out|p2a: Incineroar
|-damage|p2a: Incineroar|95/100
|move|p2b: Garchomp|Rock Slide|p1b: Raichu|[spread] p1b
|-miss|p2b: Garchomp|p1a: Eelektross
|-damage|p1b: Raichu|48/100
|move|p1a: Eelektross|Giga Drain|p2b: Garchomp
|-damage|p2b: Garchomp|77/100
|cant|p2a: Incineroar|flinch
|
|upkeep
|turn|2
|
|t:|1785272906
|move|p2b: Garchomp|Protect|p2b: Garchomp
|-singleturn|p2b: Garchomp|Protect
|move|p1b: Raichu|Endeavor|p2a: Incineroar
|-damage|p2a: Incineroar|32/100
|-enditem|p2a: Incineroar|Sitrus Berry|[eat]
|-heal|p2a: Incineroar|57/100|[from] item: Sitrus Berry
|move|p1a: Eelektross|Discharge|p2b: Garchomp|[spread] p2a
|-activate|p2b: Garchomp|move: Protect
|-ability|p1b: Raichu|Lightning Rod|boost
|-boost|p1b: Raichu|spa|1
|-damage|p2a: Incineroar|25/100
|move|p2a: Incineroar|Parting Shot|p1a: Eelektross
|-unboost|p1a: Eelektross|atk|1
|-unboost|p1a: Eelektross|spa|1
|
|t:|1785272916
|switch|p2a: Sinistcha|Sinistcha, L50|100/100|[from] Parting Shot
|-heal|p2b: Garchomp|100/100|[from] ability: Hospitality|[of] p2a: Sinistcha
|
|upkeep
|turn|3
|inactive|viatles has 30 seconds left.
|
|t:|1785272942
|move|p2a: Sinistcha|Rage Powder|p2a: Sinistcha
|-singleturn|p2a: Sinistcha|move: Rage Powder
|move|p1b: Raichu|Thunderbolt|p2a: Sinistcha
|-resisted|p2a: Sinistcha|1
|-damage|p2a: Sinistcha|76/100
|move|p2b: Garchomp|Rock Slide|p1a: Eelektross|[spread] p1a
|-miss|p2b: Garchomp|p1b: Raichu
|-damage|p1a: Eelektross|74/100
|move|p1a: Eelektross|Flamethrower|p2a: Sinistcha
|-supereffective|p2a: Sinistcha|1
|-damage|p2a: Sinistcha|27/100
|
|upkeep
|turn|4
|
|t:|1785272960
|move|p2a: Sinistcha|Protect|p2a: Sinistcha
|-singleturn|p2a: Sinistcha|Protect
|move|p1b: Raichu|Thunderbolt|p2a: Sinistcha
|-activate|p2a: Sinistcha|move: Protect
|move|p2b: Garchomp|Rock Slide|p1a: Eelektross|[spread] 
|-miss|p2b: Garchomp|p1a: Eelektross
|-miss|p2b: Garchomp|p1b: Raichu
|move|p1a: Eelektross|Giga Drain|p2b: Garchomp
|-damage|p2b: Garchomp|82/100
|-heal|p1a: Eelektross|85/100|[from] drain|[of] p2b: Garchomp
|
|upkeep
|turn|5
|
|t:|1785272985
|switch|p2a: Incineroar|Incineroar, L50, M|25/100
|-ability|p2a: Incineroar|Intimidate|boost
|-unboost|p1a: Eelektross|atk|1
|-unboost|p1b: Raichu|atk|1
|move|p1b: Raichu|Thunderbolt|p2a: Incineroar
|-damage|p2a: Incineroar|0 fnt
|faint|p2a: Incineroar
|move|p2b: Garchomp|Rock Slide|p1b: Raichu|[spread] p1a,p1b
|-crit|p1b: Raichu
|-damage|p1a: Eelektross|61/100
|-damage|p1b: Raichu|0 fnt
|faint|p1b: Raichu
|move|p1a: Eelektross|Discharge|p2b: Garchomp
|-immune|p2b: Garchomp
|
|upkeep
|
|t:|1785272998
|switch|p1b: Gliscor|Gliscor, L50, F|100/100
|switch|p2a: Floette|Floette-Eternal, L50, F|100/100
|turn|6
|
|t:|1785273011
|detailschange|p2a: Floette|Floette-Mega, L50, F
|-mega|p2a: Floette|Floette|Floettite
|-ability|p2a: Floette|Fairy Aura
|move|p1a: Eelektross|Protect|p1a: Eelektross
|-singleturn|p1a: Eelektross|Protect
|move|p2a: Floette|Calm Mind|p2a: Floette
|-boost|p2a: Floette|spa|1
|-boost|p2a: Floette|spd|1
|move|p2b: Garchomp|Rock Slide|p1a: Eelektross|[spread] p1b
|-activate|p1a: Eelektross|move: Protect
|-damage|p1b: Gliscor|84/100
|move|p1b: Gliscor|Tailwind|p1b: Gliscor
|-sidestart|p1: viatles|move: Tailwind
|
|upkeep
|turn|7
|
|t:|1785273027
|move|p1a: Eelektross|Discharge|p2a: Floette|[spread] p2a
|-immune|p1b: Gliscor
|-immune|p2b: Garchomp
|-damage|p2a: Floette|88/100
|-status|p2a: Floette|par
|move|p1b: Gliscor|Rock Slide|p2b: Garchomp|[spread] p2a,p2b
|-resisted|p2b: Garchomp|1
|-damage|p2a: Floette|72/100 par
|-damage|p2b: Garchomp|76/100
|cant|p2b: Garchomp|flinch
|cant|p2a: Floette|flinch
|
|upkeep
|turn|8
|c|☆archyx05|okkkk
|c|☆archyx05|JAJJAJAJAJJAJ
|
|t:|1785273043
|switch|p1a: Tyranitar|Tyranitar, L50, M|100/100
|-weather|Sandstorm|[from] ability: Sand Stream|[of] p1a: Tyranitar
|move|p1b: Gliscor|Rock Slide|p2b: Garchomp|[spread] p2a,p2b
|-resisted|p2b: Garchomp|1
|-damage|p2a: Floette|57/100 par
|-damage|p2b: Garchomp|70/100
|move|p2b: Garchomp|Rock Slide|p1a: Tyranitar|[spread] p1a,p1b
|-damage|p1a: Tyranitar|81/100
|-damage|p1b: Gliscor|68/100
|cant|p2a: Floette|par
|
|-weather|Sandstorm|[upkeep]
|-damage|p2a: Floette|52/100 par|[from] Sandstorm
|upkeep
|turn|9
|c|☆archyx05|you hace the luck and the fun
|c|☆archyx05|xd
|
|t:|1785273064
|switch|p2b: Sinistcha|Sinistcha, L50|27/100
|-heal|p2a: Floette|76/100 par|[from] ability: Hospitality|[of] p2b: Sinistcha
|move|p1b: Gliscor|Rock Slide|p2b: Sinistcha|[spread] p2a,p2b
|-damage|p2a: Floette|62/100 par
|-damage|p2b: Sinistcha|15/100
|move|p1a: Tyranitar|Rock Slide|p2b: Sinistcha|[spread] p2a,p2b
|-damage|p2a: Floette|28/100 par
|-damage|p2b: Sinistcha|0 fnt
|faint|p2b: Sinistcha
|cant|p2a: Floette|flinch
|
|-weather|Sandstorm|[upkeep]
|-damage|p2a: Floette|22/100 par|[from] Sandstorm
|-sideend|p1: viatles|move: Tailwind
|upkeep
|
|t:|1785273084
|switch|p2b: Garchomp|Garchomp, L50, M|70/100
|turn|10
|
|t:|1785273089
|move|p1a: Tyranitar|Protect|p1a: Tyranitar
|-singleturn|p1a: Tyranitar|Protect
|move|p2a: Floette|Protect|p2a: Floette
|-singleturn|p2a: Floette|Protect
|move|p2b: Garchomp|Rock Slide|p1a: Tyranitar|[spread] 
|-activate|p1a: Tyranitar|move: Protect
|-miss|p2b: Garchomp|p1b: Gliscor
|move|p1b: Gliscor|Tailwind|p1b: Gliscor
|-sidestart|p1: viatles|move: Tailwind
|
|-weather|Sandstorm|[upkeep]
|-damage|p2a: Floette|16/100 par|[from] Sandstorm
|upkeep
|turn|11
|c|☆archyx05|CMON
|-message|archyx05 forfeited.
|
|win|viatles
||archyx05 is ready for game 2.
||viatles is ready for game 2.
|uhtml|next|Next: Game 2 of 3
