|j|☆GetaJobApplication
|j|☆master 792
|html|GetaJobApplicationmaster 792    
|uhtml|bestof|Game 1 of a best-of-3
|t:|1784236348
|gametype|doubles
|player|p1|GetaJobApplication|cynthia|1210
|player|p2|master 792|red|1229
|gen|9
|tier|[Gen 9 Champions] VGC 2026 Reg M-B (Bo3)
|rated|
|rule|Species Clause: Limit one of each Pokémon
|rule|Item Clause: Limit 1 of each item
|clearpoke
|poke|p1|Incineroar, L50, M|
|poke|p1|Kingambit, L50, F|
|poke|p1|Sneasler, L50, M|
|poke|p1|Floette-Eternal, L50, F|
|poke|p1|Sinistcha, L50|
|poke|p1|Dragonite, L50, M|
|poke|p2|Blastoise, L50, M|
|poke|p2|Delphox, L50, F|
|poke|p2|Incineroar, L50, F|
|poke|p2|Sneasler, L50, M|
|poke|p2|Sinistcha, L50, shiny|
|poke|p2|Maushold-Four, L50|
|teampreview|4
|showteam|p1|Incineroar||SitrusBerry|Intimidate|FakeOut,FlareBlitz,DarkestLariat,PartingShot|Careful||M|||50|]Kingambit||ChopleBerry|Defiant|KowtowCleave,SuckerPunch,IronHead,Protect|Adamant||F|||50|]Sneasler||FocusSash|PoisonTouch|FakeOut,Protect,CloseCombat,PoisonJab|Jolly||M|||50|]Floette-Eternal||Floettite|FlowerVeil|CalmMind,Protect,DrainingKiss,DazzlingGleam|Bold||F|||50|]Sinistcha||Leftovers|Hospitality|TrickRoom,RagePowder,MatchaGotcha,Protect|Bold|||||50|]Dragonite||LifeOrb|InnerFocus|ExtremeSpeed,DragonClaw,Protect,LowKick|Adamant||M|||50|
|showteam|p2|Blastoise||Blastoisinite|RainDish|WaterSpout,DarkPulse,ShellSmash,Protect|Modest||M|||50|]Delphox||Delphoxite|Blaze|HeatWave,Psychic,NastyPlot,Protect|Timid||F|||50|]Incineroar||SitrusBerry|Intimidate|FakeOut,PartingShot,FlareBlitz,ThroatChop|Bold||F|||50|]Sneasler||FocusSash|PoisonTouch|FakeOut,DireClaw,CloseCombat,QuickGuard|Jolly||M|||50|]Sinistcha||OccaBerry|Hospitality|MatchaGotcha,LifeDew,RagePowder,Protect|Bold|||||50|]Maushold-Four||ChopleBerry|FriendGuard|FollowMe,SuperFang,Protect,Taunt|Bold|||||50|
|
|t:|1784236372
|teamsize|p1|4
|teamsize|p2|4
|start
|switch|p1a: Floette|Floette-Eternal, L50, F|100/100
|switch|p1b: Dragonite|Dragonite, L50, M|100/100
|switch|p2a: Sneasler|Sneasler, L50, M|100/100
|switch|p2b: Blastoise|Blastoise, L50, M|100/100
|turn|1
|inactive|Battle timer is ON: inactive players will automatically lose when time's up. (requested by master 792)
|
|t:|1784236383
|switch|p1b: Incineroar|Incineroar, L50, M|100/100
|-ability|p1b: Incineroar|Intimidate|boost
|-unboost|p2a: Sneasler|atk|1
|-unboost|p2b: Blastoise|atk|1
|detailschange|p2b: Blastoise|Blastoise-Mega, L50, M
|-mega|p2b: Blastoise|Blastoise|Blastoisinite
|detailschange|p1a: Floette|Floette-Mega, L50, F
|-mega|p1a: Floette|Floette|Floettite
|-ability|p1a: Floette|Fairy Aura
|move|p2a: Sneasler|Fake Out|p1a: Floette
|-damage|p1a: Floette|91/100
|move|p2b: Blastoise|Shell Smash|p2b: Blastoise
|-unboost|p2b: Blastoise|def|1
|-unboost|p2b: Blastoise|spd|1
|-boost|p2b: Blastoise|atk|2
|-boost|p2b: Blastoise|spa|2
|-boost|p2b: Blastoise|spe|2
|cant|p1a: Floette|flinch
|
|upkeep
|turn|2
|
|t:|1784236397
|move|p2a: Sneasler|Quick Guard|p2a: Sneasler
|-singleturn|p2a: Sneasler|Quick Guard
|move|p1b: Incineroar|Fake Out|p2b: Blastoise
|-activate|p2b: Blastoise|move: Quick Guard
|move|p2b: Blastoise|Water Spout|p1a: Floette|[spread] p1a,p1b
|-supereffective|p1b: Incineroar|1
|-damage|p1a: Floette|0 fnt
|-damage|p1b: Incineroar|0 fnt
|faint|p1a: Floette
|faint|p1b: Incineroar
|
|upkeep
|
|t:|1784236400
|switch|p1a: Dragonite|Dragonite, L50, M|100/100
|switch|p1b: Sinistcha|Sinistcha, L50|100/100
|turn|3
|
|t:|1784236410
|move|p1b: Sinistcha|Protect|p1b: Sinistcha
|-singleturn|p1b: Sinistcha|Protect
|move|p2b: Blastoise|Dark Pulse|p1b: Sinistcha
|-activate|p1b: Sinistcha|move: Protect
|move|p2a: Sneasler|Dire Claw|p1a: Dragonite
|-damage|p1a: Dragonite|71/100
|-status|p1a: Dragonite|psn|[from] ability: Poison Touch|[of] p2a: Sneasler
|move|p1a: Dragonite|Dragon Claw|p2b: Blastoise
|-damage|p2b: Blastoise|8/100
|-damage|p1a: Dragonite|61/100 psn|[from] item: Life Orb
|
|-damage|p1a: Dragonite|49/100 psn|[from] psn
|upkeep
|turn|4
|
|t:|1784236424
|move|p1b: Sinistcha|Protect|p1b: Sinistcha
|-singleturn|p1b: Sinistcha|Protect
|move|p2a: Sneasler|Quick Guard|p2a: Sneasler
|-singleturn|p2a: Sneasler|Quick Guard
|move|p2b: Blastoise|Dark Pulse|p1b: Sinistcha
|-activate|p1b: Sinistcha|move: Protect
|move|p1a: Dragonite|Dragon Claw|p2b: Blastoise
|-damage|p2b: Blastoise|0 fnt
|faint|p2b: Blastoise
|-damage|p1a: Dragonite|39/100 psn|[from] item: Life Orb
|
|-damage|p1a: Dragonite|27/100 psn|[from] psn
|upkeep
|
|t:|1784236432
|switch|p2b: Maushold|Maushold-Four, L50|100/100
|turn|5
|
|t:|1784236439
|move|p1a: Dragonite|Extreme Speed|p2b: Maushold
|-damage|p2b: Maushold|61/100
|-damage|p1a: Dragonite|17/100 psn|[from] item: Life Orb
|move|p2a: Sneasler|Dire Claw|p1a: Dragonite
|-damage|p1a: Dragonite|0 fnt
|faint|p1a: Dragonite
|move|p2b: Maushold|Taunt|p1b: Sinistcha
|-start|p1b: Sinistcha|move: Taunt
|move|p1b: Sinistcha|Matcha Gotcha|p2a: Sneasler|[spread] p2a,p2b
|-resisted|p2a: Sneasler|1
|-damage|p2a: Sneasler|87/100
|-damage|p2b: Maushold|28/100
|
|upkeep
|turn|6
|
|t:|1784236449
|switch|p2b: Sinistcha|Sinistcha, L50, shiny|100/100
|-heal|p2a: Sneasler|100/100|[from] ability: Hospitality|[of] p2b: Sinistcha
|move|p2a: Sneasler|Dire Claw|p1b: Sinistcha
|-damage|p1b: Sinistcha|79/100
|move|p1b: Sinistcha|Matcha Gotcha|p2b: Sinistcha|[spread] p2a,p2b
|-resisted|p2a: Sneasler|1
|-resisted|p2b: Sinistcha|1
|-damage|p2a: Sneasler|83/100
|-heal|p1b: Sinistcha|86/100|[from] drain|[of] p2a: Sneasler
|-damage|p2b: Sinistcha|87/100
|-heal|p1b: Sinistcha|92/100|[from] drain|[of] p2b: Sinistcha
|
|-heal|p1b: Sinistcha|98/100|[from] item: Leftovers
|upkeep
|turn|7
|-message|GetaJobApplication forfeited.
|
|win|master 792
||GetaJobApplication is ready for game 2.
||master 792 is ready for game 2.
|uhtml|next|Next: Game 2 of 3
|l|☆GetaJobApplication
|player|p1|
