|j|☆SupernovaSZ8
|j|☆Ergo Pro
|html|SupernovaSZ8Ergo Pro    
|uhtml|bestof|Game 3 of a best-of-3
|t:|1755029748
|gametype|doubles
|player|p1|SupernovaSZ8|nessa|1264
|player|p2|Ergo Pro|170|1266
|gen|9
|tier|[Gen 9] VGC 2025 Reg H (Bo3)
|rated|
|rule|Species Clause: Limit one of each Pokémon
|rule|Item Clause: Limit 1 of each item
|clearpoke
|poke|p1|Pawmot, L50, F|
|poke|p1|Tatsugiri, L50, M|
|poke|p1|Dondozo, L50, F|
|poke|p1|Talonflame, L50, M|
|poke|p1|Glimmora, L50, M|
|poke|p1|Ursaluna-Bloodmoon, L50, M|
|poke|p2|Archaludon, L50, F|
|poke|p2|Rillaboom, L50, F|
|poke|p2|Basculegion, L50, M|
|poke|p2|Kingambit, L50, F|
|poke|p2|Pelipper, L50, M|
|poke|p2|Electabuzz, L50, F|
|teampreview|4
|showteam|p1|Pawmot||FocusSash|NaturalCure|FakeOut,DoubleShock,CloseCombat,RevivalBlessing|||F|||50|,,,,,Electric]Tatsugiri||ChoiceScarf|Commander|MuddyWater,IcyWind,DracoMeteor,DragonPulse|||M|||50|,,,,,Grass]Dondozo||SafetyGoggles|Unaware|WaveCrash,Earthquake,OrderUp,Protect|||F|||50|,,,,,Steel]Talonflame||CovertCloak|GaleWings|Tailwind,BraveBird,FlareBlitz,Taunt|||M|||50|,,,,,Ghost]Glimmora||PowerHerb|ToxicDebris|MeteorBeam,SludgeBomb,EnergyBall,SpikyShield|||M|||50|,,,,,Grass]Ursaluna-Bloodmoon||LifeOrb|MindsEye|HyperVoice,BloodMoon,EarthPower,Protect|||M|||50|,,,,,Normal
|showteam|p2|Archaludon||AssaultVest|Stamina|ElectroShot,DracoMeteor,FlashCannon,BodyPress|||F|||50|,,,,,Fairy]Rillaboom||LoadedDice|GrassySurge|BulletSeed,GrassyGlide,FakeOut,HighHorsepower|||F|||50|,,,,,Fire]Basculegion||ChoiceBand|SwiftSwim|WaveCrash,LastRespects,FlipTurn,AquaJet|||M|||50|,,,,,Grass]Kingambit||BlackGlasses|Defiant|KowtowCleave,SuckerPunch,SwordsDance,Protect|||F|||50|,,,,,Dark]Pelipper||FocusSash|Drizzle|WeatherBall,Hurricane,Tailwind,Protect|||M|||50|,,,,,Ghost]Electabuzz||Eviolite|VitalSpirit|Electroweb,Taunt,FollowMe,Protect|||F|||50|,,,,,Ghost
|inactive|Battle timer is ON: inactive players will automatically lose when time's up. (requested by Ergo Pro)
|inactive|SupernovaSZ8 has 60 seconds left.
|
|t:|1755029805
|teamsize|p1|4
|teamsize|p2|4
|start
|switch|p1a: Dondozo|Dondozo, L50, F, shiny|100/100
|switch|p1b: Tatsugiri|Tatsugiri, L50, M, shiny|100/100
|switch|p2a: Archaludon|Archaludon, L50, F|100/100
|switch|p2b: Rillaboom|Rillaboom, L50, F|100/100
|-fieldstart|move: Grassy Terrain|[from] ability: Grassy Surge|[of] p2b: Rillaboom
|-activate|p1b: Tatsugiri|ability: Commander|[of] p1a: Dondozo
|-boost|p1a: Dondozo|atk|2
|-boost|p1a: Dondozo|spa|2
|-boost|p1a: Dondozo|spe|2
|-boost|p1a: Dondozo|def|2
|-boost|p1a: Dondozo|spd|2
|turn|1
|
|t:|1755029824
|move|p1a: Dondozo|Protect|p1a: Dondozo
|-singleturn|p1a: Dondozo|Protect
|move|p2b: Rillaboom|Fake Out|p1a: Dondozo
|-activate|p1a: Dondozo|move: Protect
|move|p2a: Archaludon|Electro Shot||[still]
|-prepare|p2a: Archaludon|Electro Shot
|-boost|p2a: Archaludon|spa|1
|
|upkeep
|turn|2
|
|t:|1755029838
|-terastallize|p1a: Dondozo|Steel
|move|p1a: Dondozo|Order Up|p2b: Rillaboom
|-damage|p2b: Rillaboom|48/100
|-boost|p1a: Dondozo|atk|1
|move|p2b: Rillaboom|High Horsepower|p1a: Dondozo
|-supereffective|p1a: Dondozo
|-damage|p1a: Dondozo|79/100
|move|p2a: Archaludon|Electro Shot|p1a: Dondozo|[from] lockedmove
|-damage|p1a: Dondozo|58/100
|
|-heal|p1a: Dondozo|64/100|[from] Grassy Terrain
|-heal|p2b: Rillaboom|54/100|[from] Grassy Terrain
|upkeep
|turn|3
|
|t:|1755029855
|switch|p2b: Pelipper|Pelipper, L50, M|100/100
|-weather|RainDance|[from] ability: Drizzle|[of] p2b: Pelipper
|move|p1a: Dondozo|Order Up|p2b: Pelipper
|-damage|p2b: Pelipper|11/100
|-boost|p1a: Dondozo|atk|1
|move|p2a: Archaludon|Body Press|p1a: Dondozo
|-supereffective|p1a: Dondozo
|-damage|p1a: Dondozo|43/100
|
|-weather|RainDance|[upkeep]
|-heal|p1a: Dondozo|50/100|[from] Grassy Terrain
|upkeep
|turn|4
|inactive|Ergo Pro has 30 seconds left.
|
|t:|1755029880
|move|p1a: Dondozo|Order Up|p2b: Pelipper
|-damage|p2b: Pelipper|0 fnt
|faint|p2b: Pelipper
|-boost|p1a: Dondozo|atk|1
|move|p2a: Archaludon|Body Press|p1a: Dondozo
|-supereffective|p1a: Dondozo
|-damage|p1a: Dondozo|31/100
|
|-weather|RainDance|[upkeep]
|-heal|p1a: Dondozo|37/100|[from] Grassy Terrain
|upkeep
|
|t:|1755029883
|switch|p2b: Rillaboom|Rillaboom, L50, F|54/100
|turn|5
|
|t:|1755029891
|move|p1a: Dondozo|Protect|p1a: Dondozo
|-singleturn|p1a: Dondozo|Protect
|move|p2b: Rillaboom|Fake Out|p1a: Dondozo
|-activate|p1a: Dondozo|move: Protect
|move|p2a: Archaludon|Electro Shot||[still]
|-prepare|p2a: Archaludon|Electro Shot
|-boost|p2a: Archaludon|spa|1
|-anim|p2a: Archaludon|Electro Shot|p1a: Dondozo
|-activate|p1a: Dondozo|move: Protect
|
|-weather|RainDance|[upkeep]
|-heal|p1a: Dondozo|43/100|[from] Grassy Terrain
|-heal|p2b: Rillaboom|60/100|[from] Grassy Terrain
|-fieldend|move: Grassy Terrain
|upkeep
|turn|6
|
|t:|1755029899
|move|p1a: Dondozo|Earthquake|p2b: Rillaboom|[spread] p2a,p2b
|-miss|p1a: Dondozo|p1b: Tatsugiri
|-supereffective|p2a: Archaludon
|-resisted|p2b: Rillaboom
|-damage|p2a: Archaludon|0 fnt
|-damage|p2b: Rillaboom|22/100
|faint|p2a: Archaludon
|move|p2b: Rillaboom|High Horsepower|p1a: Dondozo
|-supereffective|p1a: Dondozo
|-damage|p1a: Dondozo|20/100
|
|-weather|RainDance|[upkeep]
|upkeep
|
|t:|1755029903
|switch|p2a: Basculegion|Basculegion, L50, M|100/100
|turn|7
|
|t:|1755029916
|move|p1a: Dondozo|Protect|p1a: Dondozo
|-singleturn|p1a: Dondozo|Protect
|move|p2a: Basculegion|Last Respects|p1a: Dondozo
|-activate|p1a: Dondozo|move: Protect
|move|p2b: Rillaboom|High Horsepower|p1a: Dondozo
|-activate|p1a: Dondozo|move: Protect
|
|-weather|none
|upkeep
|turn|8
|
|t:|1755029925
|move|p1a: Dondozo|Earthquake|p2a: Basculegion|[spread] p2a,p2b
|-miss|p1a: Dondozo|p1b: Tatsugiri
|-resisted|p2b: Rillaboom
|-damage|p2a: Basculegion|0 fnt
|-damage|p2b: Rillaboom|0 fnt
|faint|p2a: Basculegion
|faint|p2b: Rillaboom
|
|win|SupernovaSZ8
|raw|SupernovaSZ8's rating: 1264 → 1289(+25 for winning)
|raw|Ergo Pro's rating: 1266 → 1241(-25 for losing)
|c|☆SupernovaSZ8|gg
|l|☆Ergo Pro
|player|p2|
