|j|☆pandagolin
|j|☆battle sim trainer
|html|pandagolinbattle sim trainer    
|uhtml|bestof|Game 1 of a best-of-3
|t:|1783611156
|gametype|doubles
|player|p1|pandagolin|1|1115
|player|p2|battle sim trainer|turo|1152
|gen|9
|tier|[Gen 9 Champions] VGC 2026 Reg M-B (Bo3)
|rated|
|rule|Species Clause: Limit one of each Pokémon
|rule|Item Clause: Limit 1 of each item
|clearpoke
|poke|p1|Incineroar, L50, F|
|poke|p1|Floette-Eternal, L50, F|
|poke|p1|Blastoise, L50, F|
|poke|p1|Sinistcha, L50|
|poke|p1|Sneasler, L50, M|
|poke|p1|Kingambit, L50, F|
|poke|p2|Swampert, L50, F|
|poke|p2|Pelipper, L50, M|
|poke|p2|Archaludon, L50, M|
|poke|p2|Grimmsnarl, L50, M|
|poke|p2|Sinistcha, L50|
|poke|p2|Greninja, L50, F|
|teampreview|4
|showteam|p1|Incineroar||SitrusBerry|Intimidate|FlareBlitz,ThroatChop,FakeOut,PartingShot|Impish||F|||50|]Floette-Eternal||Floettite|FlowerVeil|DazzlingGleam,DrainingKiss,CalmMind,Protect|Modest||F|||50|]Blastoise||Blastoisinite|Torrent|WaterSpout,AuraSphere,ShellSmash,Protect|Modest||F|||50|]Sinistcha||KasibBerry|Hospitality|MatchaGotcha,RagePowder,TrickRoom,LifeDew|Bold|||||50|]Sneasler||WhiteHerb|Unburden|DireClaw,CloseCombat,QuickGuard,FakeOut|Adamant||M|||50|]Kingambit||BlackBelt|Defiant|KowtowCleave,SuckerPunch,SwordsDance,Protect|Adamant||F|||50|
|showteam|p2|Swampert||Swampertite|Damp|WaveCrash,Earthquake,IcePunch,Protect|Adamant||F|||50|]Pelipper||SitrusBerry|Drizzle|Hurricane,WeatherBall,Tailwind,Protect|Modest||M|||50|]Archaludon||Leftovers|Stamina|ElectroShot,DragonPulse,FlashCannon,Protect|Modest||M|||50|]Grimmsnarl||LightClay|Prankster|SpiritBreak,Reflect,LightScreen,PartingShot|Careful||M|||50|]Sinistcha|||Hospitality|LifeDew,MatchaGotcha,TrickRoom,RagePowder|Bold|||||50|]Greninja||FocusSash|Protean|SludgeWave,FlipTurn,WaterShuriken,DarkPulse|Modest||F|||50|
|inactive|Battle timer is ON: inactive players will automatically lose when time's up. (requested by pandagolin)
|inactive|pandagolin has 60 seconds left.
|inactive|battle sim trainer has 60 seconds left.
|
|t:|1783611210
|teamsize|p1|4
|teamsize|p2|4
|start
|switch|p1a: Blastoise|Blastoise, L50, F|100/100
|switch|p1b: Sneasler|Sneasler, L50, M|100/100
|switch|p2a: Swampert|Swampert, L50, F|100/100
|switch|p2b: Pelipper|Pelipper, L50, M|100/100
|-weather|RainDance|[from] ability: Drizzle|[of] p2b: Pelipper
|turn|1
|
|t:|1783611231
|detailschange|p2a: Swampert|Swampert-Mega, L50, F
|-mega|p2a: Swampert|Swampert|Swampertite
|detailschange|p1a: Blastoise|Blastoise-Mega, L50, F
|-mega|p1a: Blastoise|Blastoise|Blastoisinite
|move|p1b: Sneasler|Fake Out|p2a: Swampert
|-damage|p2a: Swampert|87/100
|cant|p2a: Swampert|flinch
|move|p1a: Blastoise|Shell Smash|p1a: Blastoise
|-unboost|p1a: Blastoise|def|1
|-unboost|p1a: Blastoise|spd|1
|-boost|p1a: Blastoise|atk|2
|-boost|p1a: Blastoise|spa|2
|-boost|p1a: Blastoise|spe|2
|move|p2b: Pelipper|Hurricane|p1a: Blastoise
|-damage|p1a: Blastoise|47/100
|-start|p1a: Blastoise|confusion
|
|-weather|RainDance|[upkeep]
|upkeep
|turn|2
|inactive|battle sim trainer has 30 seconds left.
|
|t:|1783611264
|move|p2a: Swampert|Protect|p2a: Swampert
|-singleturn|p2a: Swampert|Protect
|-activate|p1a: Blastoise|confusion
|-damage|p1a: Blastoise|24/100|[from] confusion
|move|p1b: Sneasler|Dire Claw|p2b: Pelipper
|-damage|p2b: Pelipper|59/100
|move|p2b: Pelipper|Tailwind|p2b: Pelipper
|-sidestart|p2: battle sim trainer|move: Tailwind
|
|-weather|RainDance|[upkeep]
|upkeep
|turn|3
|
|t:|1783611287
|switch|p1b: Sinistcha|Sinistcha, L50|100/100
|-heal|p1a: Blastoise|48/100|[from] ability: Hospitality|[of] p1b: Sinistcha
|-activate|p1a: Blastoise|confusion
|-damage|p1a: Blastoise|27/100|[from] confusion
|move|p2a: Swampert|Earthquake|p1b: Sinistcha|[spread] p1a,p1b
|-immune|p2b: Pelipper
|-crit|p1a: Blastoise
|-resisted|p1b: Sinistcha|1
|-damage|p1a: Blastoise|0 fnt
|-damage|p1b: Sinistcha|81/100
|faint|p1a: Blastoise
|move|p2b: Pelipper|Weather Ball|p1b: Sinistcha
|-resisted|p1b: Sinistcha|1
|-damage|p1b: Sinistcha|53/100
|
|-weather|RainDance|[upkeep]
|upkeep
|
|t:|1783611302
|switch|p1a: Sneasler|Sneasler, L50, M|100/100
|turn|4
|
|t:|1783611321
|move|p1a: Sneasler|Fake Out|p2b: Pelipper
|-damage|p2b: Pelipper|46/100
|-enditem|p2b: Pelipper|Sitrus Berry|[eat]
|-heal|p2b: Pelipper|71/100|[from] item: Sitrus Berry
|move|p2a: Swampert|Earthquake|p1b: Sinistcha|[spread] p1a,p1b
|-immune|p2b: Pelipper
|-supereffective|p1a: Sneasler|1
|-resisted|p1b: Sinistcha|1
|-damage|p1a: Sneasler|6/100
|-damage|p1b: Sinistcha|34/100
|cant|p2b: Pelipper|flinch
|move|p1b: Sinistcha|Trick Room|p1b: Sinistcha
|-fieldstart|move: Trick Room|[of] p1b: Sinistcha
|
|-weather|RainDance|[upkeep]
|upkeep
|turn|5
|
|t:|1783611344
|switch|p2a: Sinistcha|Sinistcha, L50|100/100
|-heal|p2b: Pelipper|95/100|[from] ability: Hospitality|[of] p2a: Sinistcha
|move|p1b: Sinistcha|Matcha Gotcha|p2b: Pelipper|[spread] p2a,p2b
|-resisted|p2a: Sinistcha|1
|-damage|p2a: Sinistcha|86/100
|-heal|p1b: Sinistcha|41/100|[from] drain|[of] p2a: Sinistcha
|-damage|p2b: Pelipper|69/100
|-heal|p1b: Sinistcha|53/100|[from] drain|[of] p2b: Pelipper
|move|p1a: Sneasler|Dire Claw|p2b: Pelipper
|-damage|p2b: Pelipper|31/100
|move|p2b: Pelipper|Hurricane|p1b: Sinistcha
|-supereffective|p1b: Sinistcha|1
|-damage|p1b: Sinistcha|0 fnt
|faint|p1b: Sinistcha
|
|-weather|none
|-sideend|p2: battle sim trainer|move: Tailwind
|upkeep
|
|t:|1783611361
|switch|p1b: Kingambit|Kingambit, L50, F|100/100
|turn|6
|
|t:|1783611380
|switch|p2b: Swampert|Swampert-Mega, L50, F|87/100
|move|p1b: Kingambit|Swords Dance|p1b: Kingambit
|-boost|p1b: Kingambit|atk|2
|move|p2a: Sinistcha|Matcha Gotcha|p1a: Sneasler|[spread] p1b
|-miss|p2a: Sinistcha|p1a: Sneasler
|-resisted|p1b: Kingambit|1
|-damage|p1b: Kingambit|86/100
|-heal|p2a: Sinistcha|94/100|[from] drain|[of] p1b: Kingambit
|move|p1a: Sneasler|Dire Claw|p2b: Swampert
|-resisted|p2b: Swampert|1
|-damage|p2b: Swampert|70/100
|
|upkeep
|turn|7
|inactive|pandagolin has 30 seconds left.
|inactive|pandagolin has 20 seconds left.
|inactive|pandagolin has 15 seconds left.
|
|t:|1783611424
|move|p2a: Sinistcha|Rage Powder|p2a: Sinistcha
|-singleturn|p2a: Sinistcha|move: Rage Powder
|move|p1b: Kingambit|Kowtow Cleave|p2a: Sinistcha
|-supereffective|p2a: Sinistcha|1
|-damage|p2a: Sinistcha|0 fnt
|faint|p2a: Sinistcha
|move|p2b: Swampert|Earthquake|p1a: Sneasler|[spread] p1a,p1b
|-supereffective|p1a: Sneasler|1
|-supereffective|p1b: Kingambit|1
|-damage|p1a: Sneasler|0 fnt
|-damage|p1b: Kingambit|20/100y
|faint|p1a: Sneasler
|
|upkeep
|
|t:|1783611440
|switch|p2a: Greninja|Greninja, L50, F|100/100
|turn|8
|
|t:|1783611454
|move|p2a: Greninja|Water Shuriken|p1b: Kingambit
|-start|p2a: Greninja|typechange|Water|[from] ability: Protean
|-damage|p1b: Kingambit|12/100
|-damage|p1b: Kingambit|5/100
|-damage|p1b: Kingambit|0 fnt
|faint|p1b: Kingambit
|-hitcount|p1: Kingambit|3
|
|win|battle sim trainer
|l|☆pandagolin
|player|p1|
