|j|☆failandimprove3
|j|☆Imreesithink
|html|failandimprove3Imreesithink    
|uhtml|bestof|Game 2 of a best-of-3
|t:|1782428864
|gametype|doubles
|player|p1|failandimprove3|1|1350
|player|p2|Imreesithink|blackbelt-gen4dp|1259
|gen|9
|tier|[Gen 9 Champions] VGC 2026 Reg M-B (Bo3)
|rated|
|rule|Species Clause: Limit one of each Pokémon
|rule|Item Clause: Limit 1 of each item
|clearpoke
|poke|p1|Charizard, L50, M|
|poke|p1|Floette-Eternal, L50, F|
|poke|p1|Whimsicott, L50, M|
|poke|p1|Basculegion, L50, M|
|poke|p1|Incineroar, L50, F|
|poke|p1|Garchomp, L50, M|
|poke|p2|Gardevoir, L50, F, shiny|
|poke|p2|Talonflame, L50, F, shiny|
|poke|p2|Maushold, L50|
|poke|p2|Basculegion, L50, M|
|poke|p2|Garchomp, L50, F, shiny|
|poke|p2|Kingambit, L50, F, shiny|
|teampreview|4
|showteam|p1|Charizard||CharizarditeY|Blaze|HeatWave,WeatherBall,SolarBeam,Protect|Modest||M|||50|]Floette-Eternal||Floettite|FlowerVeil|Moonblast,DazzlingGleam,LightofRuin,Protect|Timid||F|||50|]Whimsicott||FocusSash|Prankster|Moonblast,Tailwind,Encore,Protect|Timid||M|||50|]Basculegion||MysticWater|Adaptability|WaveCrash,LastRespects,AquaJet,Protect|Adamant||M|||50|]Incineroar||SitrusBerry|Intimidate|FlareBlitz,ThroatChop,PartingShot,FakeOut|Careful||F|||50|]Garchomp||LifeOrb|RoughSkin|Earthquake,RockSlide,DragonClaw,Protect|Jolly||M|||50|
|showteam|p2|Gardevoir||Gardevoirite|Telepathy|HyperVoice,Psychic,TrickRoom,Protect|Modest||F|||50|]Talonflame|||GaleWings|Acrobatics,Tailwind,WillOWisp,Protect|Jolly||F|||50|]Maushold||FocusSash|FriendGuard|SuperFang,Encore,FollowMe,Protect|Jolly|||||50|]Basculegion||SitrusBerry|Adaptability|WaveCrash,AquaJet,LastRespects,Protect|Adamant||M|||50|]Garchomp||LifeOrb|RoughSkin|Earthquake,DragonClaw,RockSlide,Protect|Adamant||F|||50|]Kingambit||BlackGlasses|Defiant|SuckerPunch,Protect,KowtowCleave,SwordsDance|Adamant||F|||50|
|inactive|Battle timer is ON: inactive players will automatically lose when time's up. (requested by Imreesithink)
|
|t:|1782428888
|teamsize|p1|4
|teamsize|p2|4
|start
|switch|p1a: Charizard|Charizard, L50, M|100/100
|switch|p1b: Garchomp|Garchomp, L50, M|100/100
|switch|p2a: Gardevoir|Gardevoir, L50, F, shiny|100/100
|switch|p2b: Talonflame|Talonflame, L50, F, shiny|100/100
|turn|1
|
|t:|1782428903
|switch|p1b: Whimsicott|Whimsicott, L50, M|100/100
|detailschange|p1a: Charizard|Charizard-Mega-Y, L50, M
|-mega|p1a: Charizard|Charizard|Charizardite Y
|-weather|SunnyDay|[from] ability: Drought|[of] p1a: Charizard
|detailschange|p2a: Gardevoir|Gardevoir-Mega, L50, F, shiny
|-mega|p2a: Gardevoir|Gardevoir|Gardevoirite
|move|p2b: Talonflame|Tailwind|p2b: Talonflame
|-sidestart|p2: Imreesithink|move: Tailwind
|move|p2a: Gardevoir|Hyper Voice|p1b: Whimsicott|[spread] p1a,p1b
|-resisted|p1a: Charizard|1
|-damage|p1a: Charizard|78/100
|-damage|p1b: Whimsicott|7/100
|move|p1a: Charizard|Heat Wave|p2a: Gardevoir|[spread] p2a,p2b
|-resisted|p2b: Talonflame|1
|-damage|p2a: Gardevoir|46/100
|-damage|p2b: Talonflame|50/100g
|
|-weather|SunnyDay|[upkeep]
|upkeep
|turn|2
|inactive|failandimprove3 has 30 seconds left.
|inactive|Imreesithink has 30 seconds left.
|inactive|failandimprove3 has 20 seconds left.
|inactive|failandimprove3 has 15 seconds left.
|
|t:|1782428946
|move|p1b: Whimsicott|Protect|p1b: Whimsicott
|-singleturn|p1b: Whimsicott|Protect
|move|p2a: Gardevoir|Protect|p2a: Gardevoir
|-singleturn|p2a: Gardevoir|Protect
|move|p2b: Talonflame|Acrobatics|p1a: Charizard
|-damage|p1a: Charizard|37/100
|move|p1a: Charizard|Heat Wave|p2a: Gardevoir|[spread] p2b
|-activate|p2a: Gardevoir|move: Protect
|-resisted|p2b: Talonflame|1
|-damage|p2b: Talonflame|4/100
|
|-weather|SunnyDay|[upkeep]
|upkeep
|turn|3
|
|t:|1782428962
|move|p1a: Charizard|Protect|p1a: Charizard
|-singleturn|p1a: Charizard|Protect
|move|p1b: Whimsicott|Tailwind|p1b: Whimsicott
|-sidestart|p1: failandimprove3|move: Tailwind
|move|p2b: Talonflame|Acrobatics|p1a: Charizard
|-activate|p1a: Charizard|move: Protect
|move|p2a: Gardevoir|Trick Room|p2a: Gardevoir
|-fieldstart|move: Trick Room|[of] p2a: Gardevoir
|
|-weather|SunnyDay|[upkeep]
|upkeep
|turn|4
|
|t:|1782428972
|move|p2a: Gardevoir|Protect|p2a: Gardevoir
|-singleturn|p2a: Gardevoir|Protect
|move|p2b: Talonflame|Protect|p2b: Talonflame
|-singleturn|p2b: Talonflame|Protect
|move|p1b: Whimsicott|Encore|p2a: Gardevoir
|-activate|p2a: Gardevoir|move: Protect
|move|p1a: Charizard|Heat Wave|p2b: Talonflame|[spread] 
|-activate|p2a: Gardevoir|move: Protect
|-activate|p2b: Talonflame|move: Protect
|
|-weather|SunnyDay|[upkeep]
|-sideend|p2: Imreesithink|move: Tailwind
|upkeep
|turn|5
|
|t:|1782428983
|switch|p2a: Garchomp|Garchomp, L50, F, shiny|100/100
|switch|p1a: Basculegion|Basculegion, L50, M|100/100
|move|p1b: Whimsicott|Encore||[still]
|-fail|p1b: Whimsicott
|move|p2b: Talonflame|Acrobatics|p1a: Basculegion
|-damage|p1a: Basculegion|57/100
|
|-weather|none
|upkeep
|turn|6
|inactive|failandimprove3 has 30 seconds left.
|inactive|failandimprove3 has 20 seconds left.
|inactive|failandimprove3 has 15 seconds left.
|inactive|failandimprove3 has 10 seconds left.
|
|t:|1782429030
|move|p1b: Whimsicott|Protect|p1b: Whimsicott
|-singleturn|p1b: Whimsicott|Protect
|move|p1a: Basculegion|Protect|p1a: Basculegion
|-singleturn|p1a: Basculegion|Protect
|move|p2a: Garchomp|Earthquake|p1b: Whimsicott|[spread] 
|-activate|p1a: Basculegion|move: Protect
|-activate|p1b: Whimsicott|move: Protect
|-immune|p2b: Talonflame
|move|p2b: Talonflame|Acrobatics|p1a: Basculegion
|-activate|p1a: Basculegion|move: Protect
|
|-sideend|p1: failandimprove3|move: Tailwind
|upkeep
|turn|7
|
|t:|1782429040
|move|p1a: Basculegion|Aqua Jet|p2b: Talonflame
|-supereffective|p2b: Talonflame|1
|-damage|p2b: Talonflame|0 fnt
|faint|p2b: Talonflame
|move|p1b: Whimsicott|Tailwind|p1b: Whimsicott
|-sidestart|p1: failandimprove3|move: Tailwind
|move|p2a: Garchomp|Earthquake|p1a: Basculegion|[spread] p1a,p1b
|-resisted|p1b: Whimsicott|1
|-damage|p1a: Basculegion|0 fnt
|-damage|p1b: Whimsicott|0 fnt
|faint|p1a: Basculegion
|faint|p1b: Whimsicott
|-damage|p2a: Garchomp|90/100|[from] item: Life Orb
|
|-fieldend|move: Trick Room
|upkeep
|
|t:|1782429045
|switch|p2b: Basculegion|Basculegion, L50, M|100/100
|switch|p1b: Charizard|Charizard-Mega-Y, L50, M|37/100
|switch|p1a: Garchomp|Garchomp, L50, M|100/100
|-weather|SunnyDay|[from] ability: Drought|[of] p1b: Charizard
|turn|8
|inactive|Imreesithink has 30 seconds left.
|
|t:|1782429080
|move|p2a: Garchomp|Protect|p2a: Garchomp
|-singleturn|p2a: Garchomp|Protect
|move|p2b: Basculegion|Protect|p2b: Basculegion
|-singleturn|p2b: Basculegion|Protect
|move|p1a: Garchomp|Earthquake|p2a: Garchomp|[spread] 
|-activate|p2a: Garchomp|move: Protect
|-activate|p2b: Basculegion|move: Protect
|-immune|p1b: Charizard
|move|p1b: Charizard|Solar Beam||[still]
|-prepare|p1b: Charizard|Solar Beam
|-anim|p1b: Charizard|Solar Beam|p2a: Garchomp
|-activate|p2a: Garchomp|move: Protect
|
|-weather|SunnyDay|[upkeep]
|upkeep
|turn|9
|
|t:|1782429097
|switch|p2a: Gardevoir|Gardevoir-Mega, L50, F, shiny|46/100
|move|p2b: Basculegion|Aqua Jet|p1b: Charizard
|-supereffective|p1b: Charizard|1
|-damage|p1b: Charizard|15/100
|move|p1a: Garchomp|Dragon Claw|p2a: Gardevoir
|-immune|p2a: Gardevoir
|move|p1b: Charizard|Solar Beam||[still]
|-prepare|p1b: Charizard|Solar Beam
|-anim|p1b: Charizard|Solar Beam|p2b: Basculegion
|-supereffective|p2b: Basculegion|1
|-damage|p2b: Basculegion|0 fnt
|faint|p2b: Basculegion
|
|-weather|SunnyDay|[upkeep]
|upkeep
|
|t:|1782429114
|switch|p2b: Garchomp|Garchomp, L50, F, shiny|90/100
|turn|10
|
|t:|1782429119
|move|p2b: Garchomp|Protect|p2b: Garchomp
|-singleturn|p2b: Garchomp|Protect
|move|p2a: Gardevoir|Protect|p2a: Gardevoir
|-singleturn|p2a: Gardevoir|Protect
|move|p1a: Garchomp|Earthquake|p2b: Garchomp|[spread] 
|-activate|p2a: Gardevoir|move: Protect
|-activate|p2b: Garchomp|move: Protect
|-immune|p1b: Charizard
|move|p1b: Charizard|Solar Beam||[still]
|-prepare|p1b: Charizard|Solar Beam
|-anim|p1b: Charizard|Solar Beam|p2b: Garchomp
|-activate|p2b: Garchomp|move: Protect
|
|-weather|SunnyDay|[upkeep]
|-sideend|p1: failandimprove3|move: Tailwind
|upkeep
|turn|11
|
|t:|1782429139
|move|p1a: Garchomp|Earthquake|p2b: Garchomp|[spread] p2a,p2b
|-immune|p1b: Charizard
|-damage|p2a: Gardevoir|0 fnt
|-damage|p2b: Garchomp|46/100
|faint|p2a: Gardevoir
|-damage|p1a: Garchomp|90/100|[from] item: Life Orb
|move|p2b: Garchomp|Rock Slide|p1a: Garchomp|[spread] p1a,p1b
|-resisted|p1a: Garchomp|1
|-supereffective|p1b: Charizard|2
|-damage|p1a: Garchomp|77/100
|-damage|p1b: Charizard|0 fnt
|faint|p1b: Charizard
|-damage|p2b: Garchomp|36/100|[from] item: Life Orb
|
|-weather|SunnyDay|[upkeep]
|upkeep
|turn|12
|
|t:|1782429146
|move|p1a: Garchomp|Dragon Claw|p2b: Garchomp
|-supereffective|p2b: Garchomp|1
|-damage|p2b: Garchomp|0 fnt
|-damage|p1a: Garchomp|65/100|[from] ability: Rough Skin|[of] p2b: Garchomp
|faint|p2b: Garchomp
|-damage|p1a: Garchomp|55/100|[from] item: Life Orb
|
|win|failandimprove3
