|j|☆FB06
|j|☆Coolerchezzz
|html|FB06Coolerchezzz    
|uhtml|bestof|Game 2 of a best-of-3
|t:|1786034064
|gametype|doubles
|player|p1|FB06|hoopster|1119
|player|p2|Coolerchezzz|1|1108
|gen|9
|tier|[Gen 9 Champions] VGC 2026 Reg M-B (Bo3)
|rated|
|rule|Species Clause: Limit one of each Pokémon
|rule|Item Clause: Limit 1 of each item
|clearpoke
|poke|p1|Metagross, L50|
|poke|p1|Floette-Eternal, L50, F|
|poke|p1|Hydreigon, L50, F|
|poke|p1|Talonflame, L50, M|
|poke|p1|Ninetales-Alola, L50, M|
|poke|p1|Gholdengo, L50|
|poke|p2|Metagross, L50|
|poke|p2|Hydreigon, L50, M|
|poke|p2|Ninetales-Alola, L50, F|
|poke|p2|Garchomp, L50, F|
|poke|p2|Whimsicott, L50, M|
|poke|p2|Slowking-Galar, L50, F|
|teampreview|4
|showteam|p1|Metagross||Metagrossite|ClearBody|BodyPress,Protect,IronHead,PsychicFangs|Jolly|||||50|]Floette-Eternal||Floettite|FlowerVeil|Moonblast,Protect,Psychic,DazzlingGleam|Modest||F|||50|]Hydreigon||LifeOrb|Levitate|DarkPulse,DracoMeteor,EarthPower,Protect|Modest||F|||50|]Talonflame||SharpBeak|GaleWings|BraveBird,FlareBlitz,Tailwind,Protect|Adamant||M|||50|]Ninetales-Alola||NeverMeltIce|SnowWarning|AuroraVeil,Blizzard,FreezeDry,Protect|Timid||M|||50|]Gholdengo||WhiteHerb|GoodasGold|NastyPlot,MakeItRain,ShadowBall,Protect|Modest|||||50|
|showteam|p2|Metagross||Metagrossite|ClearBody|PsychicFangs,IronHead,RockSlide,Protect|Jolly|||||50|]Hydreigon||ChoiceScarf|Levitate|DracoMeteor,DarkPulse,Snarl,HeatWave|Timid||M|||50|]Ninetales-Alola||FocusSash|SnowWarning|Blizzard,DazzlingGleam,AuroraVeil,Protect|Timid||F|||50|]Garchomp||LifeOrb|RoughSkin|Earthquake,DragonClaw,RockSlide,Protect|Jolly||F|||50|]Whimsicott||SitrusBerry|Prankster|EnergyBall,Tailwind,Encore,Protect|Timid||M|||50|]Slowking-Galar||Leftovers|Regenerator|ChillingWater,Toxic,Protect,ChillyReception|Sassy||F|||50|
|c|☆Coolerchezzz|ggs
|
|t:|1786034114
|teamsize|p1|4
|teamsize|p2|4
|start
|switch|p1a: Metagross|Metagross, L50|100/100
|switch|p1b: Ninetales|Ninetales-Alola, L50, M|100/100
|switch|p2a: Whimsicott|Whimsicott, L50, M|100/100
|switch|p2b: Metagross|Metagross, L50|100/100
|-weather|Snowscape|[from] ability: Snow Warning|[of] p1b: Ninetales
|turn|1
|c|☆FB06|good round
|
|t:|1786034152
|detailschange|p1a: Metagross|Metagross-Mega, L50
|-mega|p1a: Metagross|Metagross|Metagrossite
|detailschange|p2b: Metagross|Metagross-Mega, L50
|-mega|p2b: Metagross|Metagross|Metagrossite
|move|p2a: Whimsicott|Tailwind|p2a: Whimsicott
|-sidestart|p2: Coolerchezzz|move: Tailwind
|move|p2b: Metagross|Iron Head|p1a: Metagross
|-resisted|p1a: Metagross|1
|-damage|p1a: Metagross|77/100
|move|p1b: Ninetales|Aurora Veil|p1b: Ninetales
|-sidestart|p1: FB06|move: Aurora Veil
|move|p1a: Metagross|Iron Head|p2a: Whimsicott
|-supereffective|p2a: Whimsicott|1
|-damage|p2a: Whimsicott|0 fnt
|faint|p2a: Whimsicott
|
|-weather|Snowscape|[upkeep]
|upkeep
|
|t:|1786034171
|switch|p2a: Garchomp|Garchomp, L50, F|100/100
|turn|2
|
|t:|1786034199
|move|p1b: Ninetales|Protect|p1b: Ninetales
|-singleturn|p1b: Ninetales|Protect
|move|p1a: Metagross|Protect|p1a: Metagross
|-singleturn|p1a: Metagross|Protect
|move|p2b: Metagross|Iron Head|p1b: Ninetales
|-activate|p1b: Ninetales|move: Protect
|move|p2a: Garchomp|Rock Slide|p1b: Ninetales|[spread] 
|-activate|p1a: Metagross|move: Protect
|-activate|p1b: Ninetales|move: Protect
|
|-weather|Snowscape|[upkeep]
|upkeep
|turn|3
|
|t:|1786034243
|move|p2b: Metagross|Protect|p2b: Metagross
|-singleturn|p2b: Metagross|Protect
|move|p2a: Garchomp|Earthquake|p1b: Ninetales|[spread] p1a,p1b
|-activate|p2b: Metagross|move: Protect
|-supereffective|p1a: Metagross|1
|-damage|p1a: Metagross|21/100
|-damage|p1b: Ninetales|67/100
|-damage|p2a: Garchomp|90/100|[from] item: Life Orb
|move|p1b: Ninetales|Blizzard|p2a: Garchomp|[spread] p2a
|-activate|p2b: Metagross|move: Protect
|-supereffective|p2a: Garchomp|2
|-damage|p2a: Garchomp|0 fnt
|faint|p2a: Garchomp
|move|p1a: Metagross|Body Press|p2b: Metagross
|-activate|p2b: Metagross|move: Protect
|
|-weather|Snowscape|[upkeep]
|upkeep
|
|t:|1786034257
|switch|p2a: Slowking|Slowking-Galar, L50, F|100/100
|turn|4
|
|t:|1786034272
|move|p1b: Ninetales|Protect|p1b: Ninetales
|-singleturn|p1b: Ninetales|Protect
|move|p1a: Metagross|Protect|p1a: Metagross
|-singleturn|p1a: Metagross|Protect
|move|p2b: Metagross|Rock Slide|p1a: Metagross|[spread] 
|-activate|p1a: Metagross|move: Protect
|-activate|p1b: Ninetales|move: Protect
|move|p2a: Slowking|Chilling Water|p1b: Ninetales
|-activate|p1b: Ninetales|move: Protect
|
|-weather|Snowscape|[upkeep]
|-sideend|p2: Coolerchezzz|move: Tailwind
|upkeep
|turn|5
|
|t:|1786034292
|move|p1b: Ninetales|Blizzard|p2b: Metagross|[spread] p2a,p2b
|-resisted|p2b: Metagross|1
|-damage|p2a: Slowking|79/100
|-damage|p2b: Metagross|81/100
|move|p1a: Metagross|Psychic Fangs|p2a: Slowking
|-damage|p2a: Slowking|23/100
|move|p2b: Metagross|Iron Head|p1b: Ninetales
|-supereffective|p1b: Ninetales|2
|-damage|p1b: Ninetales|0 fnt
|faint|p1b: Ninetales
|move|p2a: Slowking|Chilling Water|p1a: Metagross
|-crit|p1a: Metagross
|-damage|p1a: Metagross|1/100
|-unboost|p1a: Metagross|atk|1
|
|-weather|none
|-heal|p2a: Slowking|30/100|[from] item: Leftovers
|-sideend|p1: FB06|move: Aurora Veil
|upkeep
|c|☆Coolerchezzz|holy
|
|t:|1786034323
|switch|p1b: Gholdengo|Gholdengo, L50|100/100
|turn|6
|
|t:|1786034386
|move|p1a: Metagross|Body Press|p2b: Metagross
|-damage|p2b: Metagross|57/100
|move|p2b: Metagross|Iron Head|p1b: Gholdengo
|-resisted|p1b: Gholdengo|1
|-damage|p1b: Gholdengo|67/100
|move|p1b: Gholdengo|Shadow Ball|p2b: Metagross
|-supereffective|p2b: Metagross|1
|-damage|p2b: Metagross|0 fnt
|faint|p2b: Metagross
|move|p2a: Slowking|Chilling Water|p1a: Metagross
|-damage|p1a: Metagross|0 fnt
|faint|p1a: Metagross
|
|-heal|p2a: Slowking|36/100|[from] item: Leftovers
|upkeep
|c|☆Coolerchezzz|gg
|-message|Coolerchezzz forfeited.
|
|win|FB06
|l|☆Coolerchezzz
|player|p2|
||Coolerchezzz is ready for game 3.
||FB06 is ready for game 3.
|uhtml|next|Next: Game 3 of 3
|l|☆FB06
|player|p1|
|j|☆Coolerchezzz
|player|p2|Coolerchezzz|1|
