|j|☆utbfd
|j|☆Andrea Pirlo 2
|html|utbfdAndrea Pirlo 2    
|uhtml|bestof|Game 1 of a best-of-3
|t:|1782482254
|gametype|doubles
|player|p1|utbfd|170|1183
|player|p2|Andrea Pirlo 2|volkner|1310
|gen|9
|tier|[Gen 9 Champions] VGC 2026 Reg M-B (Bo3)
|rated|
|rule|Species Clause: Limit one of each Pokémon
|rule|Item Clause: Limit 1 of each item
|clearpoke
|poke|p1|Swampert, L50, F, shiny|
|poke|p1|Sableye, L50, F|
|poke|p1|Archaludon, L50, F|
|poke|p1|Pelipper, L50, M|
|poke|p1|Gholdengo, L50|
|poke|p1|Meganium, L50, M|
|poke|p2|Charizard, L50, F|
|poke|p2|Garchomp, L50, M|
|poke|p2|Sylveon, L50, F|
|poke|p2|Farigiraf, L50, F|
|poke|p2|Kingambit, L50, M|
|poke|p2|Aerodactyl, L50, M|
|teampreview|4
|showteam|p1|Swampert||Swampertite|Damp|WaveCrash,HighHorsepower,IcePunch,Protect|Adamant||F|||50|]Sableye||RoseliBerry|Prankster|RainDance,LightScreen,Encore,Disable|Bold||F|||50|]Archaludon||Leftovers|Stamina|ElectroShot,DragonPulse,FlashCannon,Protect|Calm||F|||50|]Pelipper||FocusSash|Drizzle|WeatherBall,Hurricane,WideGuard,Protect|Modest||M|||50|]Gholdengo||ChoiceScarf|GoodasGold|MakeItRain,ShadowBall,PowerGem,SteelBeam|Modest|||||50|]Meganium||Meganiumite|LeafGuard|SolarBeam,DazzlingGleam,WeatherBall,Protect|Modest||M|||50|
|showteam|p2|Charizard||CharizarditeY|SolarPower|HeatWave,WeatherBall,SolarBeam,Protect|Modest||F|||50|]Garchomp||LifeOrb|RoughSkin|Protect,DragonClaw,StompingTantrum,Earthquake|Jolly||M|||50|]Sylveon||FairyFeather|Pixilate|Detect,QuickAttack,HyperVoice,HyperBeam|Modest||F|||50|]Farigiraf||SitrusBerry|ArmorTail|TwinBeam,Thunderbolt,Roar,TrickRoom|Bold||F|||50|]Kingambit||FocusSash|Defiant|KowtowCleave,IronHead,SuckerPunch,LowKick|Adamant||M|||50|]Aerodactyl||Aerodactylite|Unnerve|RockSlide,DualWingbeat,IceFang,Tailwind|Jolly||M|||50|
|inactive|Battle timer is ON: inactive players will automatically lose when time's up. (requested by utbfd)
|inactive|utbfd has 60 seconds left.
|inactive|Andrea Pirlo 2 has 60 seconds left.
|inactive|utbfd has 30 seconds left.
|
|t:|1782482323
|teamsize|p1|4
|teamsize|p2|4
|start
|switch|p1a: fih.|Swampert, L50, F, shiny|100/100
|switch|p1b: Pocket Sand|Sableye, L50, F|100/100
|switch|p2a: Aerodactyl|Aerodactyl, L50, M|100/100
|switch|p2b: Kingambit|Kingambit, L50, M|100/100
|-ability|p2a: Aerodactyl|Unnerve
|turn|1
|
|t:|1782482339
|detailschange|p1a: fih.|Swampert-Mega, L50, F, shiny
|-mega|p1a: fih.|Swampert|Swampertite
|move|p1b: Pocket Sand|Rain Dance|p1b: Pocket Sand
|-weather|RainDance
|move|p1a: fih.|High Horsepower|p2b: Kingambit
|-supereffective|p2b: Kingambit|1
|-enditem|p2b: Kingambit|Focus Sash
|-damage|p2b: Kingambit|1/100
|move|p2a: Aerodactyl|Tailwind|p2a: Aerodactyl
|-sidestart|p2: Andrea Pirlo 2|move: Tailwind
|move|p2b: Kingambit|Kowtow Cleave|p1a: fih.
|-damage|p1a: fih.|56/100
|
|-weather|RainDance|[upkeep]
|upkeep
|turn|2
|inactive|utbfd has 30 seconds left.
|inactive|utbfd has 20 seconds left.
|
|t:|1782482377
|switch|p2a: Garchomp|Garchomp, L50, M|100/100
|move|p2b: Kingambit|Sucker Punch|p1a: fih.
|-damage|p1a: fih.|19/100
|move|p1b: Pocket Sand|Encore||[still]
|-fail|p1b: Pocket Sand
|move|p1a: fih.|Wave Crash|p2a: Garchomp
|-damage|p2a: Garchomp|0 fnt
|-damage|p1a: fih.|6/100|[from] ability: Rough Skin|[of] p2a: Garchomp
|faint|p2a: Garchomp
|-damage|p1a: fih.|0 fnt|[from] Recoil
|faint|p1a: fih.
|
|-weather|RainDance|[upkeep]
|upkeep
|
|t:|1782482386
|switch|p2a: Aerodactyl|Aerodactyl, L50, M|100/100
|switch|p1a: BRIDGEMANIA|Archaludon, L50, F|100/100
|-ability|p2a: Aerodactyl|Unnerve
|turn|3
|
|t:|1782482399
|move|p1b: Pocket Sand|Light Screen|p1b: Pocket Sand
|-sidestart|p1: utbfd|move: Light Screen
|move|p2a: Aerodactyl|Dual Wingbeat|p1b: Pocket Sand
|-damage|p1b: Pocket Sand|84/100
|-damage|p1b: Pocket Sand|67/100
|-hitcount|p1b: Pocket Sand|2
|move|p2b: Kingambit|Kowtow Cleave|p1b: Pocket Sand
|-damage|p1b: Pocket Sand|15/100
|move|p1a: BRIDGEMANIA|Electro Shot||[still]
|-prepare|p1a: BRIDGEMANIA|Electro Shot
|-boost|p1a: BRIDGEMANIA|spa|1
|-anim|p1a: BRIDGEMANIA|Electro Shot|p2b: Kingambit
|-damage|p2b: Kingambit|0 fnt
|faint|p2b: Kingambit
|
|-weather|RainDance|[upkeep]
|upkeep
|
|t:|1782482408
|switch|p2b: Charizard|Charizard, L50, F|100/100
|turn|4
|inactive|utbfd has 30 seconds left.
|
|t:|1782482433
|move|p2b: Charizard|Protect|p2b: Charizard
|-singleturn|p2b: Charizard|Protect
|move|p1b: Pocket Sand|Rain Dance||[still]
|-fail|p1b: Pocket Sand
|move|p2a: Aerodactyl|Rock Slide|p1a: BRIDGEMANIA|[spread] p1a
|-miss|p2a: Aerodactyl|p1b: Pocket Sand
|-resisted|p1a: BRIDGEMANIA|1
|-damage|p1a: BRIDGEMANIA|92/100
|-ability|p1a: BRIDGEMANIA|Stamina|boost
|-boost|p1a: BRIDGEMANIA|def|1
|move|p1a: BRIDGEMANIA|Electro Shot||[still]
|-prepare|p1a: BRIDGEMANIA|Electro Shot
|-boost|p1a: BRIDGEMANIA|spa|1
|-anim|p1a: BRIDGEMANIA|Electro Shot|p2a: Aerodactyl
|-supereffective|p2a: Aerodactyl|1
|-damage|p2a: Aerodactyl|0 fnt
|faint|p2a: Aerodactyl
|
|-weather|RainDance|[upkeep]
|-heal|p1a: BRIDGEMANIA|98/100|[from] item: Leftovers
|-sideend|p2: Andrea Pirlo 2|move: Tailwind
|upkeep
|turn|5
|-message|Andrea Pirlo 2 forfeited.
|
|win|utbfd
