|j|☆TheDark69420
|j|☆NaWuu
|html|TheDark69420NaWuu    
|uhtml|bestof|Game 1 of a best-of-3
|t:|1782693877
|gametype|doubles
|player|p1|TheDark69420|ghetsis|1163
|player|p2|NaWuu|kieran|1086
|gen|9
|tier|[Gen 9 Champions] VGC 2026 Reg M-B (Bo3)
|rated|
|rule|Species Clause: Limit one of each Pokémon
|rule|Item Clause: Limit 1 of each item
|clearpoke
|poke|p1|Meganium, L50, F|
|poke|p1|Tyranitar, L50, M|
|poke|p1|Garchomp, L50, F|
|poke|p1|Aegislash, L50, F|
|poke|p1|Milotic, L50, M|
|poke|p1|Aerodactyl, L50, F|
|poke|p2|Metagross, L50|
|poke|p2|Pelipper, L50, M|
|poke|p2|Swampert, L50, M|
|poke|p2|Grimmsnarl, L50, M|
|poke|p2|Archaludon, L50, F|
|poke|p2|Garchomp, L50, F|
|teampreview|4
|showteam|p1|Meganium||Meganiumite|LeafGuard|SolarBeam,DazzlingGleam,WeatherBall,Protect|Modest||F|||50|]Tyranitar||Tyranitarite|SandStream|RockSlide,KnockOff,LowKick,Protect|Adamant||M|||50|]Garchomp||LifeOrb|RoughSkin|Earthquake,DragonClaw,BrickBreak,Protect|Adamant||F|||50|]Aegislash||SpellTag|StanceChange|IronHead,Poltergeist,ShadowSneak,KingsShield|Adamant||F|||50|]Milotic||Leftovers|Competitive|Scald,IceBeam,IcyWind,Protect|Modest||M|||50|]Aerodactyl||FocusSash|Unnerve|RockSlide,DualWingbeat,Tailwind,Protect|Jolly||F|||50|
|showteam|p2|Metagross||Metagrossite|ClearBody|Protect,IronHead,PsychicFangs,RockSlide|Adamant|||||50|]Pelipper||FocusSash|Drizzle|WeatherBall,Hurricane,Tailwind,Protect|Modest||M|||50|]Swampert||Swampertite|Torrent|WaveCrash,HighHorsepower,Protect,IcePunch|Jolly||M|||50|]Grimmsnarl||LightClay|Prankster|SpiritBreak,Reflect,LightScreen,PartingShot|Careful||M|||50|]Archaludon||Leftovers|Stamina|DracoMeteor,ElectroShot,FlashCannon,Protect|Modest||F|||50|]Garchomp||LifeOrb|RoughSkin|DragonClaw,Earthquake,Protect,RockSlide|Jolly||F|||50|
|
|t:|1782693928
|teamsize|p1|4
|teamsize|p2|4
|start
|switch|p1a: Aegislash|Aegislash, L50, F|100/100
|switch|p1b: Aerodactyl|Aerodactyl, L50, F|100/100
|switch|p2a: Archaludon|Archaludon, L50, F|100/100
|switch|p2b: Grimmsnarl|Grimmsnarl, L50, M|100/100
|-ability|p1b: Aerodactyl|Unnerve
|turn|1
|
|t:|1782693971
|move|p2b: Grimmsnarl|Reflect|p2b: Grimmsnarl
|-sidestart|p2: NaWuu|Reflect
|move|p1b: Aerodactyl|Tailwind|p1b: Aerodactyl
|-sidestart|p1: TheDark69420|move: Tailwind
|-formechange|p1a: Aegislash|Aegislash-Blade|
|move|p1a: Aegislash|Iron Head|p2b: Grimmsnarl
|-supereffective|p2b: Grimmsnarl|1
|-crit|p2b: Grimmsnarl
|-damage|p2b: Grimmsnarl|0 fnt
|faint|p2b: Grimmsnarl
|move|p2a: Archaludon|Flash Cannon|p1a: Aegislash
|-resisted|p1a: Aegislash|1
|-damage|p1a: Aegislash|65/100
|
|upkeep
|
|t:|1782693979
|switch|p2b: Pelipper|Pelipper, L50, M|100/100
|-weather|RainDance|[from] ability: Drizzle|[of] p2b: Pelipper
|turn|2
|
|t:|1782694004
|move|p1b: Aerodactyl|Dual Wingbeat|p2b: Pelipper
|-damage|p2b: Pelipper|83/100
|-damage|p2b: Pelipper|67/100
|-hitcount|p2b: Pelipper|2
|move|p1a: Aegislash|Poltergeist|p2b: Pelipper
|-activate|p2b: Pelipper|move: Poltergeist|Focus Sash
|-crit|p2b: Pelipper
|-damage|p2b: Pelipper|0 fnt
|faint|p2b: Pelipper
|move|p2a: Archaludon|Electro Shot||[still]
|-prepare|p2a: Archaludon|Electro Shot
|-boost|p2a: Archaludon|spa|1
|-anim|p2a: Archaludon|Electro Shot|p1b: Aerodactyl
|-supereffective|p1b: Aerodactyl|1
|-enditem|p1b: Aerodactyl|Focus Sash
|-damage|p1b: Aerodactyl|1/100
|
|-weather|RainDance|[upkeep]
|upkeep
|
|t:|1782694017
|switch|p2b: Swampert|Swampert, L50, M|100/100
|turn|3
|
|t:|1782694038
|switch|p1b: Tyranitar|Tyranitar, L50, M|100/100
|-weather|Sandstorm|[from] ability: Sand Stream|[of] p1b: Tyranitar
|detailschange|p2b: Swampert|Swampert-Mega, L50, M
|-mega|p2b: Swampert|Swampert|Swampertite
|-formechange|p1a: Aegislash|Aegislash|
|move|p1a: Aegislash|King's Shield|p1a: Aegislash
|-singleturn|p1a: Aegislash|Protect
|move|p2b: Swampert|Wave Crash|p1b: Tyranitar
|-supereffective|p1b: Tyranitar|1
|-damage|p1b: Tyranitar|0 fnt
|faint|p1b: Tyranitar
|-damage|p2b: Swampert|61/100|[from] Recoil
|move|p2a: Archaludon|Electro Shot||[still]
|-prepare|p2a: Archaludon|Electro Shot
|-boost|p2a: Archaludon|spa|1
|
|-weather|Sandstorm|[upkeep]
|upkeep
|
|t:|1782694053
|switch|p1b: Garchomp|Garchomp, L50, F|100/100
|turn|4
|
|t:|1782694062
|switch|p1a: Aerodactyl|Aerodactyl, L50, F|1/100
|-ability|p1a: Aerodactyl|Unnerve
|move|p1b: Garchomp|Earthquake|p2a: Archaludon|[spread] p2a,p2b
|-immune|p1a: Aerodactyl
|-supereffective|p2a: Archaludon|1
|-damage|p2a: Archaludon|39/100
|-damage|p2b: Swampert|27/100
|-ability|p2a: Archaludon|Stamina|boost
|-boost|p2a: Archaludon|def|1
|-damage|p1b: Garchomp|90/100|[from] item: Life Orb
|move|p2b: Swampert|Ice Punch|p1b: Garchomp
|-supereffective|p1b: Garchomp|2
|-damage|p1b: Garchomp|0 fnt
|-damage|p2b: Swampert|15/100|[from] ability: Rough Skin|[of] p1b: Garchomp
|faint|p1b: Garchomp
|move|p2a: Archaludon|Electro Shot|p1a: Aerodactyl|[from] lockedmove
|-supereffective|p1a: Aerodactyl|1
|-damage|p1a: Aerodactyl|0 fnt
|faint|p1a: Aerodactyl
|
|-weather|Sandstorm|[upkeep]
|-heal|p2a: Archaludon|44/100|[from] item: Leftovers
|-sideend|p1: TheDark69420|move: Tailwind
|upkeep
|
|t:|1782694075
|switch|p1b: Aegislash|Aegislash, L50, F|65/100
|turn|5
|
|t:|1782694094
|-formechange|p1b: Aegislash|Aegislash-Blade|
|move|p1b: Aegislash|Shadow Sneak|p2b: Swampert
|-damage|p2b: Swampert|0 fnt
|faint|p2b: Swampert
|move|p2a: Archaludon|Draco Meteor|p1b: Aegislash
|-resisted|p1b: Aegislash|1
|-damage|p1b: Aegislash|0 fnt
|-unboost|p2a: Archaludon|spa|2
|faint|p1b: Aegislash
|
|win|NaWuu
||TheDark69420 is ready for game 2.
