|j|☆fortree21utube
|j|☆123something
|html|fortree21utube123something    
|uhtml|bestof|Game 3 of a best-of-3
|t:|1754995483
|gametype|doubles
|player|p1|fortree21utube|265|1256
|player|p2|123something|1|1304
|gen|9
|tier|[Gen 9] VGC 2025 Reg H (Bo3)
|rated|
|rule|Species Clause: Limit one of each Pokémon
|rule|Item Clause: Limit 1 of each item
|clearpoke
|poke|p1|Sneasler, L50, F|
|poke|p1|Indeedee, L50, M|
|poke|p1|Weezing-Galar, L50, F|
|poke|p1|Toedscruel, L50, F|
|poke|p1|Corviknight, L50, M|
|poke|p1|Garchomp, L50, F|
|poke|p2|Politoed, L50, M|
|poke|p2|Gothitelle, L50, M|
|poke|p2|Incineroar, L50, M|
|poke|p2|Amoonguss, L50, M|
|poke|p2|Kingdra, L50, M|
|poke|p2|Archaludon, L50, F|
|teampreview|4
|showteam|p1|Sneasler||PsychicSeed|Unburden|DireClaw,CloseCombat,ShadowClaw,Protect|||F|||50|,,,,,Ghost]Indeedee||FocusSash|PsychicSurge|ExpandingForce,Imprison,TrickRoom,Protect|||M|||50|,,,,,Fire]Weezing-Galar||ChoiceSpecs|NeutralizingGas|StrangeSteam,DazzlingGleam,SludgeBomb,Flamethrower|||F|||50|,,,,,Water]Toedscruel||CovertCloak|MyceliumMight|EarthPower,AcidSpray,Spore,Protect|||F|||50|,,,,,Water]Corviknight||SitrusBerry|MirrorArmor|BraveBird,Tailwind,Roost,BulkUp|||M|||50|,,,,,Dragon]Garchomp||LifeOrb|RoughSkin|Earthquake,StompingTantrum,DragonClaw,Protect|||F|||50|,,,,,Ground
|showteam|p2|Politoed||Leftovers|Drizzle|Protect,WeatherBall,PerishSong,Encore|||M|||50|,,,,,Grass]Gothitelle||SitrusBerry|ShadowTag|Protect,Psychic,FakeOut,TrickRoom|||M|||50|,,,,,Dark]Incineroar||SafetyGoggles|Intimidate|Protect,KnockOff,FakeOut,PartingShot|||M|||50|,,,,,Ghost]Amoonguss||EjectButton|Regenerator|Protect,RagePowder,PollenPuff,Spore|||M|||50|,,,,,Fairy]Kingdra||LifeOrb|SwiftSwim|Protect,WeatherBall,DracoMeteor,MuddyWater|||M|||50|,,,,,Stellar]Archaludon||PowerHerb|Sturdy|Protect,ElectroShot,DragonPulse,FlashCannon|||F|||50|,,,,,Electric
|inactive|Battle timer is ON: inactive players will automatically lose when time's up. (requested by fortree21utube)
|
|t:|1754995574
|teamsize|p1|4
|teamsize|p2|4
|start
|switch|p1a: Indeedee|Indeedee, L50, M|100/100
|switch|p1b: Sneasler|Sneasler, L50, F|100/100
|switch|p2a: Gothitelle|Gothitelle, L50, M|100/100
|switch|p2b: Archaludon|Archaludon, L50, F|100/100
|-fieldstart|move: Psychic Terrain|[from] ability: Psychic Surge|[of] p1a: Indeedee
|-enditem|p1b: Sneasler|Psychic Seed
|-boost|p1b: Sneasler|spd|1|[from] item: Psychic Seed
|turn|1
|
|t:|1754995597
|-terastallize|p1b: Sneasler|Ghost
|move|p2b: Archaludon|Protect|p2b: Archaludon
|-singleturn|p2b: Archaludon|Protect
|move|p1b: Sneasler|Shadow Claw|p2a: Gothitelle
|-supereffective|p2a: Gothitelle
|-damage|p2a: Gothitelle|26/100
|-enditem|p2a: Gothitelle|Sitrus Berry|[eat]
|-heal|p2a: Gothitelle|51/100|[from] item: Sitrus Berry
|move|p1a: Indeedee|Expanding Force|p2a: Gothitelle|[spread] p2a
|-activate|p2b: Archaludon|move: Protect
|-resisted|p2a: Gothitelle
|-damage|p2a: Gothitelle|28/100
|move|p2a: Gothitelle|Trick Room|p2a: Gothitelle
|-fieldstart|move: Trick Room|[of] p2a: Gothitelle
|
|upkeep
|turn|2
|inactive|123something has 30 seconds left.
|inactive|123something has 20 seconds left.
|
|t:|1754995636
|move|p2a: Gothitelle|Psychic|p1a: Indeedee
|-resisted|p1a: Indeedee
|-damage|p1a: Indeedee|74/100
|move|p2b: Archaludon|Electro Shot||[still]
|-prepare|p2b: Archaludon|Electro Shot
|-boost|p2b: Archaludon|spa|1
|-enditem|p2b: Archaludon|Power Herb
|-anim|p2b: Archaludon|Electro Shot|p1a: Indeedee
|-damage|p1a: Indeedee|0 fnt
|faint|p1a: Indeedee
|move|p1b: Sneasler|Close Combat|p2b: Archaludon
|-supereffective|p2b: Archaludon
|-ability|p2b: Archaludon|Sturdy
|-damage|p2b: Archaludon|1/100
|-unboost|p1b: Sneasler|def|1
|-unboost|p1b: Sneasler|spd|1
|
|upkeep
|
|t:|1754995652
|switch|p1a: Corviknight|Corviknight, L50, M|100/100
|turn|3
|
|t:|1754995674
|switch|p2a: Amoonguss|Amoonguss, L50, M|100/100
|move|p2b: Archaludon|Protect|p2b: Archaludon
|-singleturn|p2b: Archaludon|Protect
|move|p1a: Corviknight|Brave Bird|p2b: Archaludon
|-activate|p2b: Archaludon|move: Protect
|move|p1b: Sneasler|Dire Claw|p2a: Amoonguss
|-damage|p2a: Amoonguss|66/100
|-status|p2a: Amoonguss|par
|-enditem|p2a: Amoonguss|Eject Button
|
|t:|1754995687
|switch|p2a: Politoed|Politoed, L50, M|100/100
|-weather|RainDance|[from] ability: Drizzle|[of] p2a: Politoed
|
|-weather|RainDance|[upkeep]
|upkeep
|turn|4
|
|t:|1754995705
|switch|p2b: Gothitelle|Gothitelle, L50, M|28/100
|move|p1b: Sneasler|Protect|p1b: Sneasler
|-singleturn|p1b: Sneasler|Protect
|move|p1a: Corviknight|Brave Bird|p2b: Gothitelle
|-damage|p2b: Gothitelle|0 fnt
|faint|p2b: Gothitelle
|-damage|p1a: Corviknight|93/100|[from] Recoil
|move|p2a: Politoed|Weather Ball|p1b: Sneasler
|-activate|p1b: Sneasler|move: Protect
|
|-weather|RainDance|[upkeep]
|upkeep
|
|t:|1754995718
|switch|p2b: Amoonguss|Amoonguss, L50, M|99/100 par
|turn|5
|inactive|123something has 30 seconds left.
|inactive|123something has 20 seconds left.
|
|t:|1754995754
|move|p2b: Amoonguss|Spore|p1b: Sneasler
|-status|p1b: Sneasler|slp|[from] move: Spore
|move|p1a: Corviknight|Brave Bird|p2b: Amoonguss
|-supereffective|p2b: Amoonguss
|-damage|p2b: Amoonguss|44/100 par
|-damage|p1a: Corviknight|73/100|[from] Recoil
|move|p2a: Politoed|Weather Ball|p1b: Sneasler
|-damage|p1b: Sneasler|33/100 slp
|cant|p1b: Sneasler|slp
|
|-weather|RainDance|[upkeep]
|-fieldend|move: Trick Room
|-fieldend|move: Psychic Terrain
|upkeep
|turn|6
|inactive|fortree21utube has 30 seconds left.
|
|t:|1754995779
|-terastallize|p2b: Amoonguss|Fairy
|cant|p1b: Sneasler|slp
|move|p2a: Politoed|Weather Ball|p1b: Sneasler
|-crit|p1b: Sneasler
|-damage|p1b: Sneasler|0 fnt
|faint|p1b: Sneasler
|move|p1a: Corviknight|Brave Bird|p2b: Amoonguss
|-damage|p2b: Amoonguss|17/100 par
|-damage|p1a: Corviknight|64/100|[from] Recoil
|cant|p2b: Amoonguss|par
|
|-weather|RainDance|[upkeep]
|upkeep
|
|t:|1754995791
|switch|p1b: Garchomp|Garchomp, L50, F|100/100
|turn|7
|
|t:|1754995801
|move|p2b: Amoonguss|Protect|p2b: Amoonguss
|-singleturn|p2b: Amoonguss|Protect
|move|p1b: Garchomp|Earthquake|p2b: Amoonguss|[spread] p2a
|-activate|p2b: Amoonguss|move: Protect
|-immune|p1a: Corviknight
|-damage|p2a: Politoed|45/100
|-damage|p1b: Garchomp|91/100|[from] item: Life Orb
|move|p2a: Politoed|Perish Song|p2a: Politoed
|-start|p1a: Corviknight|perish3|[silent]
|-start|p1b: Garchomp|perish3|[silent]
|-start|p2a: Politoed|perish3|[silent]
|-start|p2b: Amoonguss|perish3|[silent]
|-fieldactivate|move: Perish Song
|move|p1a: Corviknight|Brave Bird|p2a: Politoed
|-damage|p2a: Politoed|5/100
|-damage|p1a: Corviknight|51/100|[from] Recoil
|
|-weather|none
|-heal|p2a: Politoed|11/100|[from] item: Leftovers
|-start|p1b: Garchomp|perish3
|-start|p2a: Politoed|perish3
|-start|p1a: Corviknight|perish3
|-start|p2b: Amoonguss|perish3
|upkeep
|turn|8
|inactive|123something has 30 seconds left.
|
|t:|1754995829
|move|p2a: Politoed|Protect|p2a: Politoed
|-singleturn|p2a: Politoed|Protect
|move|p2b: Amoonguss|Protect||[still]
|-fail|p2b: Amoonguss
|move|p1b: Garchomp|Earthquake|p2a: Politoed|[spread] p2b
|-activate|p2a: Politoed|move: Protect
|-immune|p1a: Corviknight
|-damage|p2b: Amoonguss|0 fnt
|faint|p2b: Amoonguss
|-damage|p1b: Garchomp|81/100|[from] item: Life Orb
|move|p1a: Corviknight|Tailwind|p1a: Corviknight
|-sidestart|p1: fortree21utube|move: Tailwind
|
|-heal|p2a: Politoed|17/100|[from] item: Leftovers
|-start|p1b: Garchomp|perish2
|-start|p1a: Corviknight|perish2
|-start|p2a: Politoed|perish2
|upkeep
|
|t:|1754995834
|switch|p2b: Archaludon|Archaludon, L50, F|1/100
|turn|9
|
|t:|1754995854
|move|p2b: Archaludon|Protect|p2b: Archaludon
|-singleturn|p2b: Archaludon|Protect
|move|p2a: Politoed|Protect||[still]
|-fail|p2a: Politoed
|move|p1b: Garchomp|Earthquake|p2a: Politoed|[spread] p2a
|-activate|p2b: Archaludon|move: Protect
|-immune|p1a: Corviknight
|-damage|p2a: Politoed|0 fnt
|faint|p2a: Politoed
|-damage|p1b: Garchomp|71/100|[from] item: Life Orb
|move|p1a: Corviknight|Roost|p1a: Corviknight
|-heal|p1a: Corviknight|100/100
|-singleturn|p1a: Corviknight|move: Roost
|
|-start|p1b: Garchomp|perish1
|-start|p1a: Corviknight|perish1
|upkeep
|turn|10
|
|t:|1754995873
|move|p2b: Archaludon|Protect||[still]
|-fail|p2b: Archaludon
|move|p1b: Garchomp|Earthquake|p2b: Archaludon|[spread] p2b
|-immune|p1a: Corviknight
|-supereffective|p2b: Archaludon
|-damage|p2b: Archaludon|0 fnt
|faint|p2b: Archaludon
|-damage|p1b: Garchomp|61/100|[from] item: Life Orb
|
|win|fortree21utube
|raw|fortree21utube's rating: 1256 → 1284(+28 for winning)
|raw|123something's rating: 1304 → 1281(-23 for losing)
|c|☆fortree21utube|ggs
|l|☆123something
|player|p2|
|l|☆fortree21utube
|player|p1|
|j|☆fortree21utube
|player|p1|fortree21utube|265|
