|j|☆Advertisementish
|j|☆lolgz
|html|Advertisementishlolgz    
|uhtml|bestof|Game 2 of a best-of-3
|t:|1785393000
|gametype|doubles
|player|p1|Advertisementish|ghetsis|1298
|player|p2|lolgz|dawn|1297
|gen|9
|tier|[Gen 9 Champions] VGC 2026 Reg M-B (Bo3)
|rated|
|rule|Species Clause: Limit one of each Pokémon
|rule|Item Clause: Limit 1 of each item
|clearpoke
|poke|p1|Sneasler, L50, F|
|poke|p1|Sinistcha, L50|
|poke|p1|Basculegion, L50, M|
|poke|p1|Mawile, L50, F|
|poke|p1|Politoed, L50, M|
|poke|p1|Dragonite, L50, M|
|poke|p2|Blastoise, L50, M|
|poke|p2|Vivillon, L50, M|
|poke|p2|Farigiraf, L50, F|
|poke|p2|Gallade, L50, M|
|poke|p2|Kingambit, L50, F|
|poke|p2|Camerupt, L50, F|
|teampreview|4
|showteam|p1|Sneasler||FocusSash|PoisonTouch|FakeOut,CloseCombat,PoisonJab,Coaching|Jolly||F|||50|]Sinistcha||KasibBerry|Hospitality|MatchaGotcha,RagePowder,TrickRoom,LifeDew|Bold|||||50|]Basculegion||LifeOrb|Adaptability|WaveCrash,LastRespects,AquaJet,Protect|Adamant||M|||50|]Mawile||Mawilite|HyperCutter|IronHead,PlayRough,SuckerPunch,Protect|Brave||F|||50|]Politoed||SitrusBerry|Drizzle|WeatherBall,Encore,HelpingHand,Protect|Calm||M|||50|]Dragonite||Dragoninite|Multiscale|DragonPulse,Hurricane,Tailwind,Protect|Modest||M|||50|
|showteam|p2|Blastoise||Blastoisinite|Torrent|WaterSpout,DarkPulse,FakeOut,ShellSmash|Modest||M|||50|]Vivillon||ChoiceScarf|CompoundEyes|SleepPowder,RagePowder,Tailwind,Hurricane|Timid||M|||50|]Farigiraf||SitrusBerry|ArmorTail|TrickRoom,Psychic,HelpingHand,Protect|Relaxed||F|||50|]Gallade||IronBall|Sharpness|SacredSword,PsychoCut,LeafBlade,TrickRoom|Brave||M|||50|]Kingambit||LifeOrb|Defiant|SuckerPunch,KowtowCleave,IronHead,Protect|Brave||F|||50|]Camerupt||Cameruptite|MagmaArmor|HeatWave,EarthPower,AncientPower,Protect|Quiet||F|||50|
|inactive|Battle timer is ON: inactive players will automatically lose when time's up. (requested by Advertisementish)
|inactive|lolgz also wants the timer to be on.
|
|t:|1785393014
|teamsize|p1|4
|teamsize|p2|4
|start
|switch|p1a: Sneasler|Sneasler, L50, F|100/100
|switch|p1b: Dragonite|Dragonite, L50, M|100/100
|switch|p2a: Vivillon|Vivillon, L50, M|100/100
|switch|p2b: Blastoise|Blastoise, L50, M|100/100
|turn|1
|inactive|lolgz has 30 seconds left.
|
|t:|1785393041
|switch|p2b: Farigiraf|Farigiraf, L50, F|100/100
|detailschange|p1b: Dragonite|Dragonite-Mega, L50, M
|-mega|p1b: Dragonite|Dragonite|Dragoninite
|move|p1a: Sneasler|Fake Out||[still]
|cant|p2b: Farigiraf|ability: Armor Tail|Fake Out|[of] p1a: Sneasler
|move|p2a: Vivillon|Sleep Powder|p1b: Dragonite
|-status|p1b: Dragonite|slp|[from] move: Sleep Powder
|cant|p1b: Dragonite|slp
|
|upkeep
|turn|2
|
|t:|1785393053
|switch|p2a: Blastoise|Blastoise, L50, M|100/100
|switch|p1a: Sinistcha|Sinistcha, L50|100/100
|-curestatus|p1b: Dragonite|slp|[msg]
|move|p1b: Dragonite|Hurricane|p2a: Blastoise
|-damage|p2a: Blastoise|27/100
|move|p2b: Farigiraf|Trick Room|p2b: Farigiraf
|-fieldstart|move: Trick Room|[of] p2b: Farigiraf
|
|upkeep
|turn|3
|
|t:|1785393062
|detailschange|p2a: Blastoise|Blastoise-Mega, L50, M
|-mega|p2a: Blastoise|Blastoise|Blastoisinite
|move|p2b: Farigiraf|Psychic|p1b: Dragonite
|-damage|p1b: Dragonite|84/100
|move|p2a: Blastoise|Dark Pulse|p1a: Sinistcha
|-supereffective|p1a: Sinistcha|1
|-damage|p1a: Sinistcha|13/100
|move|p1b: Dragonite|Dragon Pulse|p2a: Blastoise
|-damage|p2a: Blastoise|0 fnt
|faint|p2a: Blastoise
|move|p1a: Sinistcha|Trick Room|p1a: Sinistcha
|-fieldend|move: Trick Room
|
|upkeep
|
|t:|1785393067
|switch|p2a: Kingambit|Kingambit, L50, F|100/100
|turn|4
|
|t:|1785393078
|move|p1b: Dragonite|Dragon Pulse|p2b: Farigiraf
|-damage|p2b: Farigiraf|49/100
|-enditem|p2b: Farigiraf|Sitrus Berry|[eat]
|-heal|p2b: Farigiraf|74/100|[from] item: Sitrus Berry
|move|p1a: Sinistcha|Life Dew|p1a: Sinistcha|[spread] p1a,p1b
|-heal|p1a: Sinistcha|38/100
|-heal|p1b: Dragonite|100/100
|move|p2b: Farigiraf|Psychic|p1a: Sinistcha
|-damage|p1a: Sinistcha|8/100
|move|p2a: Kingambit|Kowtow Cleave|p1b: Dragonite
|-damage|p1b: Dragonite|67/100
|-damage|p2a: Kingambit|90/100|[from] item: Life Orb
|
|upkeep
|turn|5
|
|t:|1785393090
|switch|p1a: Politoed|Politoed, L50, M|100/100
|-weather|RainDance|[from] ability: Drizzle|[of] p1a: Politoed
|move|p2b: Farigiraf|Protect|p2b: Farigiraf
|-singleturn|p2b: Farigiraf|Protect
|move|p1b: Dragonite|Hurricane|p2b: Farigiraf
|-activate|p2b: Farigiraf|move: Protect
|move|p2a: Kingambit|Kowtow Cleave|p1b: Dragonite
|-damage|p1b: Dragonite|3/100
|-damage|p2a: Kingambit|80/100|[from] item: Life Orb
|
|-weather|RainDance|[upkeep]
|upkeep
|turn|6
|
|t:|1785393103
|move|p1b: Dragonite|Tailwind|p1b: Dragonite
|-sidestart|p1: Advertisementish|move: Tailwind
|move|p1a: Politoed|Encore|p2a: Kingambit
|-start|p2a: Kingambit|Encore
|move|p2b: Farigiraf|Psychic|p1b: Dragonite
|-damage|p1b: Dragonite|0 fnt
|faint|p1b: Dragonite
|move|p2a: Kingambit|Kowtow Cleave|p1a: Politoed
|-damage|p1a: Politoed|35/100
|-enditem|p1a: Politoed|Sitrus Berry|[eat]
|-heal|p1a: Politoed|60/100|[from] item: Sitrus Berry
|-damage|p2a: Kingambit|71/100|[from] item: Life Orb
|
|-weather|RainDance|[upkeep]
|upkeep
|
|t:|1785393109
|switch|p1b: Sneasler|Sneasler, L50, F|100/100
|turn|7
|
|t:|1785393114
|switch|p2a: Vivillon|Vivillon, L50, M|100/100
|move|p1b: Sneasler|Close Combat|p2a: Vivillon
|-resisted|p2a: Vivillon|2
|-damage|p2a: Vivillon|69/100
|-unboost|p1b: Sneasler|def|1
|-unboost|p1b: Sneasler|spd|1
|move|p1a: Politoed|Encore|p2b: Farigiraf
|-start|p2b: Farigiraf|Encore
|move|p2b: Farigiraf|Psychic|p1b: Sneasler
|-supereffective|p1b: Sneasler|2
|-enditem|p1b: Sneasler|Focus Sash
|-damage|p1b: Sneasler|1/100
|
|-weather|RainDance|[upkeep]
|upkeep
|turn|8
|
|t:|1785393127
|move|p1b: Sneasler|Poison Jab|p2a: Vivillon
|-damage|p2a: Vivillon|0 fnt
|faint|p2a: Vivillon
|move|p1a: Politoed|Weather Ball|p2b: Farigiraf
|-damage|p2b: Farigiraf|26/100
|move|p2b: Farigiraf|Psychic|p1b: Sneasler
|-supereffective|p1b: Sneasler|2
|-damage|p1b: Sneasler|0 fnt
|faint|p1b: Sneasler
|
|-weather|RainDance|[upkeep]
|upkeep
|
|t:|1785393131
|switch|p1b: Sinistcha|Sinistcha, L50|8/100
|switch|p2a: Kingambit|Kingambit, L50, F|71/100
|-heal|p1a: Politoed|85/100|[from] ability: Hospitality|[of] p1b: Sinistcha
|turn|9
|
|t:|1785393138
|move|p1a: Politoed|Weather Ball|p2b: Farigiraf
|-damage|p2b: Farigiraf|0 fnt
|faint|p2b: Farigiraf
|move|p1b: Sinistcha|Life Dew|p1b: Sinistcha|[spread] p1a,p1b
|-heal|p1a: Politoed|100/100
|-heal|p1b: Sinistcha|33/100
|move|p2a: Kingambit|Kowtow Cleave|p1a: Politoed
|-damage|p1a: Politoed|36/100
|-damage|p2a: Kingambit|61/100|[from] item: Life Orb
|
|-weather|none
|-sideend|p1: Advertisementish|move: Tailwind
|upkeep
|turn|10
|
|t:|1785393147
|move|p1a: Politoed|Weather Ball|p2a: Kingambit
|-resisted|p2a: Kingambit|1
|-damage|p2a: Kingambit|56/100
|move|p1b: Sinistcha|Matcha Gotcha|p2a: Kingambit
|-resisted|p2a: Kingambit|1
|-crit|p2a: Kingambit
|-damage|p2a: Kingambit|33/100
|-heal|p1b: Sinistcha|47/100|[from] drain|[of] p2a: Kingambit
|move|p2a: Kingambit|Kowtow Cleave|p1b: Sinistcha
|-supereffective|p1b: Sinistcha|1
|-damage|p1b: Sinistcha|0 fnt
|faint|p1b: Sinistcha
|-damage|p2a: Kingambit|23/100|[from] item: Life Orb
|
|upkeep
|turn|11
|
|t:|1785393160
|move|p1a: Politoed|Weather Ball|p2a: Kingambit
|-resisted|p2a: Kingambit|1
|-damage|p2a: Kingambit|18/100
|move|p2a: Kingambit|Kowtow Cleave|p1a: Politoed
|-damage|p1a: Politoed|0 fnt
|faint|p1a: Politoed
|-damage|p2a: Kingambit|8/100|[from] item: Life Orb
|
|win|lolgz
