|j|☆AN555GEL
|j|☆Gworf
|html|AN555GELGworf    
|uhtml|bestof|Game 2 of a best-of-3
|t:|1756243721
|gametype|doubles
|player|p1|AN555GEL|170|1186
|player|p2|Gworf|acetrainer-gen4dp|1098
|gen|9
|tier|[Gen 9] VGC 2025 Reg H (Bo3)
|rated|
|rule|Species Clause: Limit one of each Pokémon
|rule|Item Clause: Limit 1 of each item
|clearpoke
|poke|p1|Archaludon, L50, F|
|poke|p1|Basculegion, L50, M|
|poke|p1|Pelipper, L50, M|
|poke|p1|Incineroar, L50, M|
|poke|p1|Clefable, L50, F|
|poke|p1|Gholdengo, L50|
|poke|p2|Ninetales, L50, M|
|poke|p2|Archaludon, L50, M|
|poke|p2|Charizard, L50, M|
|poke|p2|Hatterene, L50, F|
|poke|p2|Indeedee, L50, M|
|poke|p2|Dragapult, L50, F|
|teampreview|4
|showteam|p1|Archaludon||AssaultVest|Stamina|ElectroShot,BodyPress,DragonPulse,Snarl|||F|||50|,,,,,Grass]Basculegion||ChoiceBand|SwiftSwim|AquaJet,WaveCrash,FlipTurn,LastRespects|||M|||50|,,,,,Water]Pelipper||FocusSash|Drizzle|WeatherBall,Hurricane,Tailwind,Protect|||M|||50|,,,,,Ghost]Incineroar||SitrusBerry|Intimidate|FakeOut,KnockOff,Taunt,PartingShot|||M|||50|,,,,,Ghost]Clefable||SafetyGoggles|Unaware|Moonblast,FollowMe,Protect,LifeDew|||F|||50|,,,,,Water]Gholdengo||LifeOrb|GoodasGold|MakeItRain,NastyPlot,ShadowBall,Protect||||||50|,,,,,Water
|showteam|p2|Ninetales||Charcoal|Drought|HeatWave,WeatherBall,NastyPlot,Protect|||M|||50|,,,,,Stellar]Archaludon||PowerHerb|Stamina|ElectroShot,FlashCannon,DragonPulse,BodyPress|||M|||50|,,,,,Ghost]Charizard||ChoiceSpecs|SolarPower|HeatWave,FireBlast,DragonPulse,ScorchingSands|||M|||50|,,,,,Ghost]Hatterene||LifeOrb|MagicBounce|ExpandingForce,MysticalFire,AfterYou,Protect|||F|||50|,,,,,Fire]Indeedee||ChoiceScarf|PsychicSurge|ExpandingForce,HyperVoice,AfterYou,Trick|||M|||50|,,,,,Psychic]Dragapult||FocusSash|ClearBody|DragonDarts,PhantomForce,Uturn,Protect|||F|||50|,,,,,Dragon
|inactive|Battle timer is ON: inactive players will automatically lose when time's up. (requested by Gworf)
|
|t:|1756243752
|teamsize|p1|4
|teamsize|p2|4
|start
|switch|p1a: Archaludon|Archaludon, L50, F|100/100
|switch|p1b: Basculegion|Basculegion, L50, M|100/100
|switch|p2a: Dragapult|Dragapult, L50, F|100/100
|switch|p2b: Charizard|Charizard, L50, M|100/100
|turn|1
|inactive|Gworf has 30 seconds left.
|
|t:|1756243781
|switch|p2b: Archaludon|Archaludon, L50, M|100/100
|switch|p1a: Pelipper|Pelipper, L50, M, shiny|100/100
|-weather|RainDance|[from] ability: Drizzle|[of] p1a: Pelipper
|-terastallize|p1b: Basculegion|Water
|move|p1b: Basculegion|Wave Crash|p2b: Archaludon
|-resisted|p2b: Archaludon
|-damage|p2b: Archaludon|34/100
|-ability|p2b: Archaludon|Stamina|boost
|-boost|p2b: Archaludon|def|1
|-damage|p1b: Basculegion|80/100|[from] Recoil
|move|p2a: Dragapult|Phantom Force||[still]
|-prepare|p2a: Dragapult|Phantom Force
|
|-weather|RainDance|[upkeep]
|upkeep
|turn|2
|inactive|Gworf has 30 seconds left.
|
|t:|1756243815
|move|p1b: Basculegion|Wave Crash|p2b: Archaludon
|-resisted|p2b: Archaludon
|-damage|p2b: Archaludon|0 fnt
|faint|p2b: Archaludon
|-damage|p1b: Basculegion|69/100|[from] Recoil
|move|p2a: Dragapult|Phantom Force|p1b: Basculegion|[from] lockedmove
|-damage|p1b: Basculegion|6/100
|move|p1a: Pelipper|Tailwind|p1a: Pelipper
|-sidestart|p1: AN555GEL|move: Tailwind
|
|-weather|RainDance|[upkeep]
|upkeep
|
|t:|1756243832
|switch|p2b: Ninetales|Ninetales, L50, M, shiny|100/100
|-weather|SunnyDay|[from] ability: Drought|[of] p2b: Ninetales
|turn|3
|
|t:|1756243852
|switch|p1a: Archaludon|Archaludon, L50, F|100/100
|move|p1b: Basculegion|Wave Crash|p2b: Ninetales
|-supereffective|p2b: Ninetales
|-damage|p2b: Ninetales|0 fnt
|faint|p2b: Ninetales
|-damage|p1b: Basculegion|0 fnt|[from] Recoil
|faint|p1b: Basculegion
|move|p2a: Dragapult|Dragon Darts|p1a: Archaludon
|-damage|p1a: Archaludon|80/100
|-ability|p1a: Archaludon|Stamina|boost
|-boost|p1a: Archaludon|def|1
|-anim|p2a: Dragapult|Dragon Darts|p1a: Archaludon
|-damage|p1a: Archaludon|66/100
|-ability|p1a: Archaludon|Stamina|boost
|-boost|p1a: Archaludon|def|1
|
|-weather|SunnyDay|[upkeep]
|upkeep
|
|t:|1756243870
|switch|p2b: Charizard|Charizard, L50, M|100/100
|switch|p1b: Pelipper|Pelipper, L50, M, shiny|100/100
|-weather|RainDance|[from] ability: Drizzle|[of] p1b: Pelipper
|turn|4
|inactive|Gworf has 30 seconds left.
|
|t:|1756243895
|-terastallize|p2b: Charizard|Ghost
|move|p1a: Archaludon|Electro Shot||[still]
|-prepare|p1a: Archaludon|Electro Shot
|-boost|p1a: Archaludon|spa|1
|-anim|p1a: Archaludon|Electro Shot|p2b: Charizard
|-damage|p2b: Charizard|29/100
|move|p1b: Pelipper|Weather Ball|p2b: Charizard
|-crit|p2b: Charizard
|-damage|p2b: Charizard|0 fnt
|faint|p2b: Charizard
|move|p2a: Dragapult|Dragon Darts|p1b: Pelipper
|-damage|p1b: Pelipper|65/100
|-anim|p2a: Dragapult|Dragon Darts|p1a: Archaludon
|-damage|p1a: Archaludon|55/100
|-ability|p1a: Archaludon|Stamina|boost
|-boost|p1a: Archaludon|def|1
|
|-weather|RainDance|[upkeep]
|upkeep
|turn|5
|-message|Gworf forfeited.
|
|win|AN555GEL
|l|☆Gworf
|player|p2|
||AN555GEL is ready for game 3.
||Gworf is ready for game 3.
|uhtml|next|Next: Game 3 of 3
