|j|☆pepelniciq2
|j|☆burgos aldea
|html|pepelniciq2burgos aldea    
|uhtml|bestof|Game 2 of a best-of-3
|t:|1782476417
|gametype|doubles
|player|p1|pepelniciq2|miku-ghost|1105
|player|p2|burgos aldea|sisandbro|1182
|gen|9
|tier|[Gen 9 Champions] VGC 2026 Reg M-B (Bo3)
|rated|
|rule|Species Clause: Limit one of each Pokémon
|rule|Item Clause: Limit 1 of each item
|clearpoke
|poke|p1|Swampert, L50, M|
|poke|p1|Floette-Eternal, L50, F|
|poke|p1|Archaludon, L50, M|
|poke|p1|Pelipper, L50, M|
|poke|p1|Sableye, L50, M|
|poke|p1|Sinistcha, L50|
|poke|p2|Pyroar, L50, F|
|poke|p2|Ninetales, L50, M|
|poke|p2|Whimsicott, L50, F|
|poke|p2|Farigiraf, L50, M|
|poke|p2|Sylveon, L50, M|
|poke|p2|Basculegion, L50, M|
|teampreview|4
|showteam|p1|Swampert||Swampertite|Torrent|WaveCrash,Earthquake,IcePunch,Protect|Adamant||M|||50|]Floette-Eternal||Floettite|FlowerVeil|Moonblast,DazzlingGleam,LightofRuin,Protect|Timid||F|||50|]Archaludon||Leftovers|Stamina|ElectroShot,DragonPulse,FlashCannon,Protect|Modest||M|||50|]Pelipper||FocusSash|Drizzle|Hurricane,WeatherBall,Tailwind,Protect|Modest||M|||50|]Sableye||LightClay|Prankster|Disable,RainDance,LightScreen,Reflect|Impish||M|||50|]Sinistcha||SitrusBerry|Hospitality|MatchaGotcha,RagePowder,TrickRoom,LifeDew|Calm|||||50|
|showteam|p2|Pyroar||Pyroarite|Rivalry|HeatWave,Overheat,SolarBeam,Protect|Timid||F|||50|]Ninetales||ChoiceScarf|Drought|FakeTears,Memento,SolarBeam,HeatWave|Timid||M|||50|]Whimsicott||FocusSash|Prankster|Tailwind,Moonblast,SunnyDay,Protect|Timid||F|||50|]Farigiraf||SitrusBerry|ArmorTail|Roar,HelpingHand,TrickRoom,TwinBeam|Relaxed||M|||50|]Sylveon||FairyFeather|Pixilate|HyperVoice,HyperBeam,QuickAttack,Protect|Modest||M|||50|]Basculegion||LifeOrb|Adaptability|WaveCrash,LastRespects,FlipTurn,AquaJet|Adamant||M|||50|
|inactive|Battle timer is ON: inactive players will automatically lose when time's up. (requested by burgos aldea)
|inactive|pepelniciq2 has 60 seconds left.
|
|t:|1782476466
|teamsize|p1|4
|teamsize|p2|4
|start
|switch|p1a: Archaludon|Archaludon, L50, M|100/100
|switch|p1b: Pelipper|Pelipper, L50, M|100/100
|switch|p2a: Whimsicott|Whimsicott, L50, F|100/100
|switch|p2b: Basculegion|Basculegion, L50, M|100/100
|-weather|RainDance|[from] ability: Drizzle|[of] p1b: Pelipper
|turn|1
|
|t:|1782476490
|switch|p2b: Nala|Ninetales, L50, M|100/100
|-weather|SunnyDay|[from] ability: Drought|[of] p2b: Nala
|move|p2a: Whimsicott|Moonblast|p1b: Pelipper
|-damage|p1b: Pelipper|40/100
|-unboost|p1b: Pelipper|spa|1
|move|p1b: Pelipper|Tailwind|p1b: Pelipper
|-sidestart|p1: pepelniciq2|move: Tailwind
|move|p1a: Archaludon|Electro Shot||[still]
|-prepare|p1a: Archaludon|Electro Shot
|-boost|p1a: Archaludon|spa|1
|
|-weather|SunnyDay|[upkeep]
|upkeep
|turn|2
|
|t:|1782476512
|move|p2a: Whimsicott|Tailwind|p2a: Whimsicott
|-sidestart|p2: burgos aldea|move: Tailwind
|move|p2b: Nala|Heat Wave|p1a: Archaludon|[spread] p1a,p1b
|-resisted|p1b: Pelipper|1
|-damage|p1a: Archaludon|48/100
|-damage|p1b: Pelipper|4/100
|-status|p1b: Pelipper|brn
|-ability|p1a: Archaludon|Stamina|boost
|-boost|p1a: Archaludon|def|1
|move|p1b: Pelipper|Weather Ball|p2a: Whimsicott
|-supereffective|p2a: Whimsicott|1
|-enditem|p2a: Whimsicott|Focus Sash
|-damage|p2a: Whimsicott|1/100
|move|p1a: Archaludon|Electro Shot|p2b: Nala|[from] lockedmove
|-damage|p2b: Nala|25/100
|
|-weather|SunnyDay|[upkeep]
|-heal|p1a: Archaludon|54/100|[from] item: Leftovers
|-damage|p1b: Pelipper|0 fnt|[from] brn
|faint|p1b: Pelipper
|upkeep
|inactive|pepelniciq2 has 30 seconds left.
|inactive|pepelniciq2 has 20 seconds left.
|inactive|pepelniciq2 has 15 seconds left.
|inactive|pepelniciq2 has 10 seconds left.
|
|t:|1782476559
|switch|p1b: Sableye|Sableye, L50, M|100/100
|turn|3
|inactive|burgos aldea has 30 seconds left.
|inactive|burgos aldea has 20 seconds left.
|
|t:|1782476598
|move|p1b: Sableye|Disable|p2b: Nala
|-start|p2b: Nala|Disable|Heat Wave
|cant|p2b: Nala|Disable|Heat Wave
|move|p2a: Whimsicott|Moonblast|p1a: Archaludon
|-damage|p1a: Archaludon|9/100
|-ability|p1a: Archaludon|Stamina|boost
|-boost|p1a: Archaludon|def|1
|move|p1a: Archaludon|Dragon Pulse|p2b: Nala
|-damage|p2b: Nala|0 fnt
|faint|p2b: Nala
|
|-weather|SunnyDay|[upkeep]
|-heal|p1a: Archaludon|15/100|[from] item: Leftovers
|upkeep
|
|t:|1782476619
|switch|p2b: Simba|Pyroar, L50, F|100/100
|turn|4
|
|t:|1782476635
|detailschange|p2b: Simba|Pyroar-Mega, L50, F
|-mega|p2b: Simba|Pyroar|Pyroarite
|move|p1b: Sableye|Rain Dance|p1b: Sableye
|-weather|RainDance
|move|p2b: Simba|Heat Wave|p1a: Archaludon|[spread] p1a,p1b
|-damage|p1a: Archaludon|0 fnt
|-damage|p1b: Sableye|65/100
|-status|p1b: Sableye|brn
|faint|p1a: Archaludon
|move|p2a: Whimsicott|Moonblast|p1b: Sableye
|-supereffective|p1b: Sableye|1
|-damage|p1b: Sableye|0 fnt
|faint|p1b: Sableye
|
|-weather|RainDance|[upkeep]
|-sideend|p1: pepelniciq2|move: Tailwind
|upkeep
|
|t:|1782476641
|switch|p1b: Swampert|Swampert, L50, M|100/100
|turn|5
|
|t:|1782476656
|detailschange|p1b: Swampert|Swampert-Mega, L50, M
|-mega|p1b: Swampert|Swampert|Swampertite
|move|p2a: Whimsicott|Sunny Day|p2a: Whimsicott
|-weather|SunnyDay
|move|p2b: Simba|Solar Beam||[still]
|-prepare|p2b: Simba|Solar Beam
|-anim|p2b: Simba|Solar Beam|p1b: Swampert
|-supereffective|p1b: Swampert|2
|-damage|p1b: Swampert|0 fnt
|faint|p1b: Swampert
|
|win|burgos aldea
|raw|pepelniciq2's rating: 1105 → 1085(-20 for losing)
|raw|burgos aldea's rating: 1182 → 1202(+20 for winning)
