|j|☆ClasiusClap
|j|☆fbdg b
|html|ClasiusClapfbdg b    
|uhtml|bestof|Game 1 of a best-of-3
|t:|1786197862
|gametype|doubles
|player|p1|ClasiusClap|2|1044
|player|p2|fbdg b|pokemonrangerf|1040
|gen|9
|tier|[Gen 9 Champions] VGC 2026 Reg M-B (Bo3)
|rated|
|rule|Species Clause: Limit one of each Pokémon
|rule|Item Clause: Limit 1 of each item
|clearpoke
|poke|p1|Charizard, L50, F|
|poke|p1|Garchomp, L50, F|
|poke|p1|Sylveon, L50, M|
|poke|p1|Incineroar, L50, F|
|poke|p1|Whimsicott, L50, F|
|poke|p1|Basculegion, L50, M|
|poke|p2|Staraptor, L50, F|
|poke|p2|Farigiraf, L50, F|
|poke|p2|Incineroar, L50, M|
|poke|p2|Floette-Eternal, L50, F|
|poke|p2|Excadrill, L50, F|
|poke|p2|Milotic, L50, M|
|teampreview|4
|showteam|p1|Charizard||CharizarditeY|Blaze|HeatWave,SolarBeam,WeatherBall,Protect|Timid||F|||50|]Garchomp||LifeOrb|RoughSkin|Earthquake,DragonClaw,StompingTantrum,Protect|Jolly||F|||50|]Sylveon||FairyFeather|Pixilate|HyperVoice,HyperBeam,Yawn,Detect|Modest||M|||50|]Incineroar||PasshoBerry|Intimidate|ThroatChop,FlareBlitz,FakeOut,PartingShot|Impish||F|||50|]Whimsicott||FocusSash|Prankster|Tailwind,Moonblast,Encore,Protect|Timid||F|||50|]Basculegion||MysticWater|Adaptability|WaveCrash,AquaJet,LastRespects,Protect|Adamant||M|||50|
|showteam|p2|Staraptor||ChoiceScarf|Intimidate|FinalGambit,CloseCombat,Uturn,BraveBird|Jolly||F|||50|]Farigiraf||ColburBerry|ArmorTail|TrickRoom,Thunderbolt,FoulPlay,HelpingHand|Bold||F|||50|]Incineroar||SitrusBerry|Intimidate|PartingShot,FlareBlitz,ThroatChop,FakeOut|Impish||M|||50|]Floette-Eternal||Floettite|FlowerVeil|DazzlingGleam,Protect,CalmMind,DrainingKiss|Modest||F|||50|]Excadrill||LifeOrb|MoldBreaker|IronHead,HighHorsepower,Protect,RockSlide|Jolly||F|||50|]Milotic||Leftovers|Competitive|MuddyWater,Hypnosis,Coil,Recover|Calm||M|||50|
|inactive|Battle timer is ON: inactive players will automatically lose when time's up. (requested by fbdg b)
|inactive|ClasiusClap has 60 seconds left.
|inactive|fbdg b has 60 seconds left.
|
|t:|1786197898
|teamsize|p1|4
|teamsize|p2|4
|start
|switch|p1a: Basculegion|Basculegion, L50, M|100/100
|switch|p1b: Whimsicott|Whimsicott, L50, F|100/100
|switch|p2a: Staraptor|Staraptor, L50, F|100/100
|switch|p2b: Incineroar|Incineroar, L50, M|100/100
|-ability|p2a: Staraptor|Intimidate|boost
|-unboost|p1a: Basculegion|atk|1
|-unboost|p1b: Whimsicott|atk|1
|-ability|p2b: Incineroar|Intimidate|boost
|-unboost|p1a: Basculegion|atk|1
|-unboost|p1b: Whimsicott|atk|1
|turn|1
|inactive|fbdg b has 30 seconds left.
|inactive|fbdg b has 20 seconds left.
|inactive|fbdg b has 15 seconds left.
|inactive|fbdg b has 10 seconds left.
|
|t:|1786197947
|switch|p2b: Farigiraf|Farigiraf, L50, F|100/100
|move|p1b: Whimsicott|Protect|p1b: Whimsicott
|-singleturn|p1b: Whimsicott|Protect
|move|p2a: Staraptor|U-turn|p1b: Whimsicott
|-activate|p1b: Whimsicott|move: Protect
|move|p1a: Basculegion|Wave Crash|p2b: Farigiraf
|-damage|p2b: Farigiraf|65/100
|-damage|p1a: Basculegion|87/100|[from] Recoil
|
|upkeep
|turn|2
|
|t:|1786197960
|switch|p2a: Floette|Floette-Eternal, L50, F|100/100
|move|p1b: Whimsicott|Moonblast|p2b: Farigiraf
|-damage|p2b: Farigiraf|35/100
|move|p1a: Basculegion|Wave Crash|p2b: Farigiraf
|-damage|p2b: Farigiraf|0 fnt
|faint|p2b: Farigiraf
|-damage|p1a: Basculegion|75/100|[from] Recoil
|
|upkeep
|
|t:|1786197969
|switch|p2b: Incineroar|Incineroar, L50, M|100/100
|-ability|p2b: Incineroar|Intimidate|boost
|-unboost|p1a: Basculegion|atk|1
|-unboost|p1b: Whimsicott|atk|1
|turn|3
|
|t:|1786197986
|switch|p1a: Sylveon|Sylveon, L50, M|100/100
|detailschange|p2a: Floette|Floette-Mega, L50, F
|-mega|p2a: Floette|Floette|Floettite
|-ability|p2a: Floette|Fairy Aura
|move|p2b: Incineroar|Fake Out|p1b: Whimsicott
|-damage|p1b: Whimsicott|83/100
|cant|p1b: Whimsicott|flinch
|move|p2a: Floette|Draining Kiss|p1a: Sylveon
|-damage|p1a: Sylveon|70/100
|
|upkeep
|turn|4
|
|t:|1786198000
|move|p1b: Whimsicott|Encore|p2a: Floette
|-start|p2a: Floette|Encore
|move|p2a: Floette|Draining Kiss|p1b: Whimsicott
|-damage|p1b: Whimsicott|21/100
|move|p2b: Incineroar|Flare Blitz|p1b: Whimsicott
|-supereffective|p1b: Whimsicott|1
|-damage|p1b: Whimsicott|0 fnt
|faint|p1b: Whimsicott
|-damage|p2b: Incineroar|95/100|[from] Recoil
|move|p1a: Sylveon|Hyper Voice|p2b: Incineroar|[spread] p2a,p2b
|-damage|p2a: Floette|56/100
|-damage|p2b: Incineroar|39/100
|-enditem|p2b: Incineroar|Sitrus Berry|[eat]
|-heal|p2b: Incineroar|64/100|[from] item: Sitrus Berry
|
|upkeep
|
|t:|1786198014
|switch|p1b: Basculegion|Basculegion, L50, M|75/100
|turn|5
|inactive|fbdg b has 30 seconds left.
|inactive|fbdg b has 20 seconds left.
|inactive|fbdg b has 15 seconds left.
|
|t:|1786198058
|switch|p2b: Staraptor|Staraptor, L50, F|100/100
|-ability|p2b: Staraptor|Intimidate|boost
|-unboost|p1a: Sylveon|atk|1
|-unboost|p1b: Basculegion|atk|1
|move|p1b: Basculegion|Aqua Jet|p2b: Staraptor
|-damage|p2b: Staraptor|73/100
|move|p2a: Floette|Draining Kiss|p1a: Sylveon
|-damage|p1a: Sylveon|44/100
|-heal|p2a: Floette|76/100|[from] drain|[of] p1a: Sylveon
|move|p1a: Sylveon|Hyper Voice|p2b: Staraptor|[spread] p2a,p2b
|-damage|p2a: Floette|32/100
|-damage|p2b: Staraptor|0 fnt
|faint|p2b: Staraptor
|
|upkeep
|
|t:|1786198069
|switch|p2b: Incineroar|Incineroar, L50, M|64/100
|-ability|p2b: Incineroar|Intimidate|boost
|-unboost|p1a: Sylveon|atk|1
|-unboost|p1b: Basculegion|atk|1
|turn|6
|inactive|ClasiusClap has 30 seconds left.
|
|t:|1786198096
|switch|p1b: Charizard|Charizard, L50, F|100/100
|move|p2a: Floette|Draining Kiss|p1a: Sylveon
|-damage|p1a: Sylveon|16/100
|-heal|p2a: Floette|53/100|[from] drain|[of] p1a: Sylveon
|move|p2b: Incineroar|Throat Chop|p1b: Charizard
|-damage|p1b: Charizard|62/100
|-start|p1b: Charizard|Throat Chop|[silent]
|move|p1a: Sylveon|Yawn|p2a: Floette
|-start|p2a: Floette|move: Yawn|[of] p1a: Sylveon
|
|-end|p2a: Floette|Encore
|upkeep
|turn|7
|
|t:|1786198117
|detailschange|p1b: Charizard|Charizard-Mega-Y, L50, F
|-mega|p1b: Charizard|Charizard|Charizardite Y
|-weather|SunnyDay|[from] ability: Drought|[of] p1b: Charizard
|move|p1b: Charizard|Heat Wave|p2a: Floette|[spread] p2a,p2b
|-resisted|p2b: Incineroar|1
|-damage|p2a: Floette|11/100
|-damage|p2b: Incineroar|36/100
|move|p2a: Floette|Calm Mind|p2a: Floette
|-boost|p2a: Floette|spa|1
|-boost|p2a: Floette|spd|1
|move|p2b: Incineroar|Flare Blitz|p1a: Sylveon
|-damage|p1a: Sylveon|0 fnt
|faint|p1a: Sylveon
|-damage|p2b: Incineroar|31/100|[from] Recoil
|
|-weather|SunnyDay|[upkeep]
|-end|p1b: Charizard|Throat Chop|[silent]
|-end|p2a: Floette|move: Yawn|[silent]
|-status|p2a: Floette|slp
|upkeep
|
|t:|1786198127
|switch|p1a: Basculegion|Basculegion, L50, M|75/100
|turn|8
|
|t:|1786198135
|cant|p2a: Floette|slp
|move|p1b: Charizard|Heat Wave|p2a: Floette|[spread] p2a
|-miss|p1b: Charizard|p2b: Incineroar
|-damage|p2a: Floette|0 fnt
|faint|p2a: Floette
|move|p1a: Basculegion|Wave Crash|p2b: Incineroar
|-supereffective|p2b: Incineroar|1
|-damage|p2b: Incineroar|0 fnt
|faint|p2b: Incineroar
|-damage|p1a: Basculegion|65/100|[from] Recoil
|
|win|ClasiusClap
||fbdg b is ready for game 2.
