|j|☆AyyLwin
|j|☆Astano
|html|AyyLwinAstano    
|uhtml|bestof|Game 3 of a best-of-3
|t:|1785332543
|gametype|doubles
|player|p1|AyyLwin|2|1014
|player|p2|Astano|102|1119
|gen|9
|tier|[Gen 9 Champions] VGC 2026 Reg M-B (Bo3)
|rated|
|rule|Species Clause: Limit one of each Pokémon
|rule|Item Clause: Limit 1 of each item
|clearpoke
|poke|p1|Charizard, L50, M|
|poke|p1|Swampert, L50, M|
|poke|p1|Sinistcha, L50|
|poke|p1|Politoed, L50, F|
|poke|p1|Clefable, L50, F|
|poke|p1|Vivillon-Fancy, L50, M|
|poke|p2|Swampert, L50, F|
|poke|p2|Sableye, L50, F|
|poke|p2|Archaludon, L50, F|
|poke|p2|Pelipper, L50, F|
|poke|p2|Sylveon, L50, F|
|poke|p2|Venusaur, L50, F|
|teampreview|4
|showteam|p1|Charizard||CharizarditeY|Blaze|HeatWave,Protect,WeatherBall,SolarBeam|Modest||M|||50|]Swampert||Swampertite|Torrent|FlipTurn,IcePunch,Protect,Earthquake|Adamant||M|||50|]Sinistcha||KasibBerry|Hospitality|MatchaGotcha,Protect,TrickRoom,RagePowder|Bold|||||50|]Politoed||DampRock|Drizzle|Hypnosis,Surf,WeatherBall,Protect|Sassy||F|||50|]Clefable||SitrusBerry|Unaware|FollowMe,Gravity,Protect,Moonblast|Modest||F|||50|]Vivillon-Fancy||FocusSash|CompoundEyes|SleepPowder,Protect,Hurricane,RagePowder|Timid||M|||50|
|showteam|p2|Swampert||Swampertite|Torrent|Protect,WaveCrash,Earthquake,HighHorsepower|Adamant||F|||50|]Sableye||LightClay|Prankster|Encore,Reflect,LightScreen,RainDance|Bold||F|||50|]Archaludon||Leftovers|Stamina|Protect,DragonPulse,FlashCannon,ElectroShot|Modest||F|||50|]Pelipper||SitrusBerry|Drizzle|Protect,WeatherBall,Hurricane,Tailwind|Bold||F|||50|]Sylveon||FairyFeather|Pixilate|Detect,HyperVoice,Moonblast,QuickAttack|Modest||F|||50|]Venusaur||Venusaurite|Overgrow|Protect,GigaDrain,SludgeBomb,EarthPower|Modest||F|||50|
|inactive|Battle timer is ON: inactive players will automatically lose when time's up. (requested by Astano)
|
|t:|1785332567
|teamsize|p1|4
|teamsize|p2|4
|start
|switch|p1a: Charizard|Charizard, L50, M|100/100
|switch|p1b: Vivillon|Vivillon-Fancy, L50, M|100/100
|switch|p2a: Swampert|Swampert, L50, F|100/100
|switch|p2b: Pelipper|Pelipper, L50, F|100/100
|-weather|RainDance|[from] ability: Drizzle|[of] p2b: Pelipper
|turn|1
|inactive|AyyLwin has 30 seconds left.
|inactive|Astano has 30 seconds left.
|
|t:|1785332601
|switch|p2b: Sableye|Sableye, L50, F|100/100
|detailschange|p2a: Swampert|Swampert-Mega, L50, F
|-mega|p2a: Swampert|Swampert|Swampertite
|move|p2a: Swampert|Protect|p2a: Swampert
|-singleturn|p2a: Swampert|Protect
|move|p1a: Charizard|Protect|p1a: Charizard
|-singleturn|p1a: Charizard|Protect
|move|p1b: Vivillon|Sleep Powder|p2b: Sableye
|-status|p2b: Sableye|slp|[from] move: Sleep Powder
|
|-weather|RainDance|[upkeep]
|upkeep
|turn|2
|inactive|AyyLwin has 30 seconds left.
|
|t:|1785332627
|switch|p2a: Archaludon|Archaludon, L50, F|100/100
|switch|p1a: Swampert|Swampert, L50, M|100/100
|cant|p2b: Sableye|slp
|move|p1b: Vivillon|Sleep Powder|p2a: Archaludon
|-status|p2a: Archaludon|slp|[from] move: Sleep Powder
|
|-weather|RainDance|[upkeep]
|upkeep
|turn|3
|
|t:|1785332642
|cant|p2b: Sableye|slp
|move|p1b: Vivillon|Hurricane|p2b: Sableye
|-damage|p2b: Sableye|47/100 slp
|cant|p2a: Archaludon|slp
|move|p1a: Swampert|Earthquake|p2b: Sableye|[spread] p2a,p2b
|-immune|p1b: Vivillon
|-supereffective|p2a: Archaludon|1
|-damage|p2a: Archaludon|48/100 slp
|-damage|p2b: Sableye|0 fnt
|-ability|p2a: Archaludon|Stamina|boost
|-boost|p2a: Archaludon|def|1
|faint|p2b: Sableye
|
|-weather|RainDance|[upkeep]
|-heal|p2a: Archaludon|54/100 slp|[from] item: Leftovers
|upkeep
|inactive|Astano has 30 seconds left.
|
|t:|1785332676
|switch|p2b: Pelipper|Pelipper, L50, F|100/100
|turn|4
|
|t:|1785332685
|move|p1b: Vivillon|Sleep Powder|p2b: Pelipper
|-status|p2b: Pelipper|slp|[from] move: Sleep Powder
|cant|p2a: Archaludon|slp
|move|p1a: Swampert|Earthquake|p2a: Archaludon|[spread] p2a
|-immune|p1b: Vivillon
|-immune|p2b: Pelipper
|-supereffective|p2a: Archaludon|1
|-damage|p2a: Archaludon|14/100 slp
|-ability|p2a: Archaludon|Stamina|boost
|-boost|p2a: Archaludon|def|1
|cant|p2b: Pelipper|slp
|
|-weather|RainDance|[upkeep]
|-heal|p2a: Archaludon|20/100y slp|[from] item: Leftovers
|upkeep
|turn|5
|
|t:|1785332710
|move|p1b: Vivillon|Sleep Powder|p2a: Archaludon
|-fail|p2a: Archaludon|slp
|-curestatus|p2a: Archaludon|slp|[msg]
|move|p2a: Archaludon|Electro Shot||[still]
|-prepare|p2a: Archaludon|Electro Shot
|-boost|p2a: Archaludon|spa|1
|-anim|p2a: Archaludon|Electro Shot|p1b: Vivillon
|-supereffective|p1b: Vivillon|1
|-enditem|p1b: Vivillon|Focus Sash
|-damage|p1b: Vivillon|1/100
|move|p1a: Swampert|Ice Punch|p2b: Pelipper
|-damage|p2b: Pelipper|76/100 slp
|cant|p2b: Pelipper|slp
|
|-weather|none
|-heal|p2a: Archaludon|26/100|[from] item: Leftovers
|upkeep
|turn|6
|inactive|AyyLwin has 30 seconds left.
|
|t:|1785332739
|switch|p1a: Charizard|Charizard, L50, M|100/100
|move|p2a: Archaludon|Protect|p2a: Archaludon
|-singleturn|p2a: Archaludon|Protect
|move|p1b: Vivillon|Sleep Powder|p2a: Archaludon
|-activate|p2a: Archaludon|move: Protect
|-curestatus|p2b: Pelipper|slp|[msg]
|move|p2b: Pelipper|Tailwind|p2b: Pelipper
|-sidestart|p2: Astano|move: Tailwind
|
|-heal|p2a: Archaludon|32/100|[from] item: Leftovers
|upkeep
|turn|7
|
|t:|1785332756
|switch|p2b: Swampert|Swampert-Mega, L50, F|100/100
|detailschange|p1a: Charizard|Charizard-Mega-Y, L50, M
|-mega|p1a: Charizard|Charizard|Charizardite Y
|-weather|SunnyDay|[from] ability: Drought|[of] p1a: Charizard
|move|p1b: Vivillon|Rage Powder|p1b: Vivillon
|-singleturn|p1b: Vivillon|move: Rage Powder
|move|p2a: Archaludon|Dragon Pulse|p1b: Vivillon
|-damage|p1b: Vivillon|0 fnt
|faint|p1b: Vivillon
|move|p1a: Charizard|Heat Wave|p2b: Swampert|[spread] p2a,p2b
|-resisted|p2b: Swampert|1
|-damage|p2a: Archaludon|0 fnt
|-damage|p2b: Swampert|72/100
|faint|p2a: Archaludon
|
|-weather|SunnyDay|[upkeep]
|upkeep
|inactive|Astano has 30 seconds left.
|inactive|Astano has 20 seconds left.
|inactive|Astano has 15 seconds left.
|inactive|Astano has 10 seconds left.
|inactive|Astano has 5 seconds left.
|
|t:|1785332807
|switch|p1b: Swampert|Swampert, L50, M|100/100
|switch|p2a: Pelipper|Pelipper, L50, F|76/100
|-weather|RainDance|[from] ability: Drizzle|[of] p2a: Pelipper
|turn|8
|inactive|AyyLwin has 30 seconds left.
|
|t:|1785332833
|switch|p1a: Politoed|Politoed, L50, F|100/100
|move|p2b: Swampert|Wave Crash|p1b: Swampert
|-crit|p1b: Swampert
|-damage|p1b: Swampert|0 fnt
|faint|p1b: Swampert
|-damage|p2b: Swampert|41/100|[from] Recoil
|move|p2a: Pelipper|Weather Ball|p1a: Politoed
|-resisted|p1a: Politoed|1
|-damage|p1a: Politoed|78/100
|
|-weather|RainDance|[upkeep]
|upkeep
|
|t:|1785332844
|switch|p1b: Charizard|Charizard-Mega-Y, L50, M|100/100
|-weather|SunnyDay|[from] ability: Drought|[of] p1b: Charizard
|turn|9
|
|t:|1785332859
|move|p1b: Charizard|Protect|p1b: Charizard
|-singleturn|p1b: Charizard|Protect
|move|p1a: Politoed|Protect|p1a: Politoed
|-singleturn|p1a: Politoed|Protect
|move|p2b: Swampert|Earthquake|p1a: Politoed|[spread] 
|-activate|p1a: Politoed|move: Protect
|-activate|p1b: Charizard|move: Protect
|-immune|p2a: Pelipper
|move|p2a: Pelipper|Hurricane|p1a: Politoed
|-activate|p1a: Politoed|move: Protect
|
|-weather|SunnyDay|[upkeep]
|-sideend|p2: Astano|move: Tailwind
|upkeep
|turn|10
|
|t:|1785332882
|move|p2b: Swampert|Protect|p2b: Swampert
|-singleturn|p2b: Swampert|Protect
|move|p1b: Charizard|Solar Beam||[still]
|-prepare|p1b: Charizard|Solar Beam
|-anim|p1b: Charizard|Solar Beam|p2a: Pelipper
|-damage|p2a: Pelipper|18/100
|-enditem|p2a: Pelipper|Sitrus Berry|[eat]
|-heal|p2a: Pelipper|43/100|[from] item: Sitrus Berry
|move|p2a: Pelipper|Tailwind|p2a: Pelipper
|-sidestart|p2: Astano|move: Tailwind
|move|p1a: Politoed|Weather Ball|p2a: Pelipper
|-resisted|p2a: Pelipper|1
|-damage|p2a: Pelipper|24/100
|
|-weather|SunnyDay|[upkeep]
|upkeep
|turn|11
|inactive|Astano has 30 seconds left.
|inactive|Astano has 20 seconds left.
|inactive|Astano has 15 seconds left.
|
|t:|1785332923
|move|p1b: Charizard|Protect|p1b: Charizard
|-singleturn|p1b: Charizard|Protect
|move|p2b: Swampert|Earthquake|p1b: Charizard|[spread] p1a
|-activate|p1b: Charizard|move: Protect
|-immune|p2a: Pelipper
|-damage|p1a: Politoed|25/100
|move|p2a: Pelipper|Hurricane|p1a: Politoed|[miss]
|-miss|p2a: Pelipper|p1a: Politoed
|move|p1a: Politoed|Hypnosis|p2b: Swampert|[miss]
|-miss|p1a: Politoed|p2b: Swampert
|
|-weather|SunnyDay|[upkeep]
|upkeep
|turn|12
|
|t:|1785332944
|move|p1a: Politoed|Protect|p1a: Politoed
|-singleturn|p1a: Politoed|Protect
|move|p2b: Swampert|Wave Crash|p1b: Charizard
|-supereffective|p1b: Charizard|1
|-damage|p1b: Charizard|9/100
|-damage|p2b: Swampert|17/100|[from] Recoil
|move|p2a: Pelipper|Weather Ball|p1b: Charizard
|-resisted|p1b: Charizard|1
|-damage|p1b: Charizard|0 fnt
|faint|p1b: Charizard
|
|-weather|SunnyDay|[upkeep]
|upkeep
|turn|13
|inactive|AyyLwin has 30 seconds left.
|-message|AyyLwin forfeited.
|
|win|Astano
|raw|AyyLwin's rating: 1014 → 1005(-9 for losing)
|raw|Astano's rating: 1119 → 1137(+18 for winning)
