|j|☆ToastedArt
|j|☆bbtrickzfanboy
|html|ToastedArtbbtrickzfanboy    
|uhtml|bestof|Game 2 of a best-of-3
|t:|1785000879
|gametype|doubles
|player|p1|ToastedArt|artist|1047
|player|p2|bbtrickzfanboy|2|1040
|gen|9
|tier|[Gen 9 Champions] VGC 2026 Reg M-B (Bo3)
|rated|
|rule|Species Clause: Limit one of each Pokémon
|rule|Item Clause: Limit 1 of each item
|clearpoke
|poke|p1|Falinks, L50, shiny|
|poke|p1|Incineroar, L50, M|
|poke|p1|Basculegion, L50, M|
|poke|p1|Sneasler, L50, F|
|poke|p1|Kingambit, L50, F|
|poke|p1|Vanilluxe, L50, F, shiny|
|poke|p2|Garchomp, L50, F|
|poke|p2|Venusaur, L50, M|
|poke|p2|Incineroar, L50, F|
|poke|p2|Charizard, L50, F|
|poke|p2|Toxapex, L50, F|
|poke|p2|Annihilape, L50, M|
|teampreview|4
|showteam|p1|Falinks||Falinksite|Defiant|NoRetreat,CloseCombat,RockSlide,Protect|Adamant|||||50|]Incineroar||PasshoBerry|Intimidate|FakeOut,FlareBlitz,ThroatChop,PartingShot|Impish||M|||50|]Basculegion||SitrusBerry|Adaptability|WaveCrash,LastRespects,AquaJet,Protect|Adamant||M|||50|]Sneasler||FocusSash|PoisonTouch|PoisonJab,CloseCombat,FakeOut,Coaching|Jolly||F|||50|]Kingambit||LifeOrb|Defiant|KowtowCleave,SuckerPunch,SwordsDance,Protect|Adamant||F|||50|]Vanilluxe||ChoiceScarf|SnowWarning|Blizzard,FreezeDry,IcyWind,Taunt|Modest||F|||50|
|showteam|p2|Garchomp||ChoiceScarf|RoughSkin|Earthquake,RockSlide,DragonClaw,StompingTantrum|Adamant||F|||50|]Venusaur||LifeOrb|Chlorophyll|SludgeBomb,SolarBeam,EarthPower,Protect|Modest||M|||50|]Incineroar||SitrusBerry|Intimidate|FakeOut,FlareBlitz,ThroatChop,PartingShot|Impish||F|||50|]Charizard||CharizarditeY|Blaze|HeatWave,WeatherBall,Protect,HelpingHand|Modest||F|||50|]Toxapex||Leftovers|Regenerator|Infestation,Toxic,WideGuard,BanefulBunker|Impish||F|||50|]Annihilape||FocusSash|Defiant|CloseCombat,PhantomForce,RockTomb,Protect|Jolly||M|||50|
|inactive|Battle timer is ON: inactive players will automatically lose when time's up. (requested by ToastedArt)
|inactive|ToastedArt has 60 seconds left.
|
|t:|1785000920
|teamsize|p1|4
|teamsize|p2|4
|start
|switch|p1a: Sneasler|Sneasler, L50, F|100/100
|switch|p1b: Basculegion|Basculegion, L50, M|100/100
|switch|p2a: Charizard|Charizard, L50, F|100/100
|switch|p2b: Annihilape|Annihilape, L50, M|100/100
|turn|1
|inactive|bbtrickzfanboy has 30 seconds left.
|
|t:|1785000950
|switch|p2a: Garchomp|Garchomp, L50, F|100/100
|move|p1a: Sneasler|Coaching|p1b: Basculegion
|-boost|p1b: Basculegion|atk|1
|-boost|p1b: Basculegion|def|1
|move|p2b: Annihilape|Phantom Force||[still]
|-prepare|p2b: Annihilape|Phantom Force
|move|p1b: Basculegion|Last Respects|p2a: Garchomp
|-damage|p2a: Garchomp|50/100g
|
|upkeep
|turn|2
|
|t:|1785000966
|move|p2a: Garchomp|Earthquake|p1a: Sneasler|[spread] p1a,p1b
|-miss|p2a: Garchomp|p2b: Annihilape
|-supereffective|p1a: Sneasler|1
|-enditem|p1a: Sneasler|Focus Sash
|-damage|p1a: Sneasler|1/100
|-damage|p1b: Basculegion|64/100
|move|p1a: Sneasler|Coaching|p1b: Basculegion
|-boost|p1b: Basculegion|atk|1
|-boost|p1b: Basculegion|def|1
|move|p2b: Annihilape|Phantom Force|p1b: Basculegion|[from] lockedmove
|-supereffective|p1b: Basculegion|1
|-damage|p1b: Basculegion|11/100
|-enditem|p1b: Basculegion|Sitrus Berry|[eat]
|-heal|p1b: Basculegion|36/100|[from] item: Sitrus Berry
|move|p1b: Basculegion|Last Respects|p2b: Annihilape
|-supereffective|p2b: Annihilape|1
|-enditem|p2b: Annihilape|Focus Sash
|-damage|p2b: Annihilape|1/100
|
|upkeep
|turn|3
|
|t:|1785000984
|switch|p2b: Venusaur|Venusaur, L50, M|100/100
|move|p1b: Basculegion|Aqua Jet|p2a: Garchomp
|-damage|p2a: Garchomp|1/100
|-damage|p1b: Basculegion|24/100|[from] ability: Rough Skin|[of] p2a: Garchomp
|move|p2a: Garchomp|Earthquake|p1b: Basculegion|[spread] p2b,p1a,p1b
|-supereffective|p1a: Sneasler|1
|-damage|p2b: Venusaur|52/100
|-damage|p1a: Sneasler|0 fnt
|-damage|p1b: Basculegion|0 fnt
|faint|p1a: Sneasler
|faint|p1b: Basculegion
|
|upkeep
|
|t:|1785000989
|switch|p1a: Falinks|Falinks, L50, shiny|100/100
|switch|p1b: Vanilluxe|Vanilluxe, L50, F, shiny|100/100
|-weather|Snowscape|[from] ability: Snow Warning|[of] p1b: Vanilluxe
|turn|4
|
|t:|1785000999
|detailschange|p1a: Falinks|Falinks-Mega, L50, shiny
|-mega|p1a: Falinks|Falinks|Falinksite
|move|p2b: Venusaur|Protect|p2b: Venusaur
|-singleturn|p2b: Venusaur|Protect
|move|p2a: Garchomp|Earthquake|p1b: Vanilluxe|[spread] p1a,p1b
|-activate|p2b: Venusaur|move: Protect
|-damage|p1a: Falinks|58/100
|-damage|p1b: Vanilluxe|63/100
|move|p1b: Vanilluxe|Icy Wind|p2a: Garchomp|[spread] p2a
|-activate|p2b: Venusaur|move: Protect
|-supereffective|p2a: Garchomp|2
|-damage|p2a: Garchomp|0 fnt
|faint|p2a: Garchomp
|move|p1a: Falinks|No Retreat|p1a: Falinks
|-boost|p1a: Falinks|atk|1
|-boost|p1a: Falinks|def|1
|-boost|p1a: Falinks|spa|1
|-boost|p1a: Falinks|spd|1
|-boost|p1a: Falinks|spe|1
|-start|p1a: Falinks|move: No Retreat
|
|-weather|Snowscape|[upkeep]
|upkeep
|
|t:|1785001006
|switch|p2a: Charizard|Charizard, L50, F|100/100
|turn|5
|
|t:|1785001014
|detailschange|p2a: Charizard|Charizard-Mega-Y, L50, F
|-mega|p2a: Charizard|Charizard|Charizardite Y
|-weather|SunnyDay|[from] ability: Drought|[of] p2a: Charizard
|move|p2b: Venusaur|Solar Beam||[still]
|-prepare|p2b: Venusaur|Solar Beam
|-anim|p2b: Venusaur|Solar Beam|p1a: Falinks
|-damage|p1a: Falinks|0 fnt
|faint|p1a: Falinks
|-damage|p2b: Venusaur|43/100|[from] item: Life Orb
|move|p1b: Vanilluxe|Icy Wind|p2a: Charizard|[spread] p2a,p2b
|-supereffective|p2b: Venusaur|1
|-damage|p2a: Charizard|81/100
|-damage|p2b: Venusaur|0 fnt
|-unboost|p2a: Charizard|spe|1
|faint|p2b: Venusaur
|move|p2a: Charizard|Heat Wave|p1b: Vanilluxe
|-supereffective|p1b: Vanilluxe|1
|-damage|p1b: Vanilluxe|0 fnt
|faint|p1b: Vanilluxe
|
|win|bbtrickzfanboy
