|j|☆jirufell
|j|☆Freecko99
|html|jirufellFreecko99    
|uhtml|bestof|Game 3 of a best-of-3
|t:|1757938186
|gametype|doubles
|player|p1|jirufell|candice|1163
|player|p2|Freecko99|265|1196
|gen|9
|tier|[Gen 9] VGC 2025 Reg H (Bo3)
|rated|
|rule|Species Clause: Limit one of each Pokémon
|rule|Item Clause: Limit 1 of each item
|clearpoke
|poke|p1|Incineroar, L50, F|
|poke|p1|Ursaluna, L50, M|
|poke|p1|Pelipper, L50, M|
|poke|p1|Sinistcha, L50|
|poke|p1|Archaludon, L50, M|
|poke|p1|Dragonite, L50, F|
|poke|p2|Gholdengo, L50|
|poke|p2|Whimsicott, L50, M|
|poke|p2|Pelipper, L50, F|
|poke|p2|Archaludon, L50, F|
|poke|p2|Indeedee-F, L50, F|
|poke|p2|Annihilape, L50, M|
|teampreview|4
|showteam|p1|Incineroar||SafetyGoggles|Intimidate|FlareBlitz,KnockOff,FakeOut,PartingShot|||F|||50|,,,,,Ghost]Ursaluna||FlameOrb|Guts|Protect,Facade,HeadlongRush,Earthquake|||M|||50|,,,,,Ghost]Pelipper||FocusSash|Drizzle|Protect,MuddyWater,Hurricane,WideGuard|||M|||50|,,,,,Ground]Sinistcha||SitrusBerry|Hospitality|MatchaGotcha,LifeDew,RagePowder,TrickRoom||||||50|,,,,,Dark]Archaludon||AssaultVest|Stamina|FlashCannon,BodyPress,ElectroShot,Snarl|||M|||50|,,,,,Fighting]Dragonite||LoadedDice|Multiscale|Protect,ScaleShot,Tailwind,Haze|||F|||50|,,,,,Steel
|showteam|p2|Gholdengo||ChoiceScarf|GoodasGold|MakeItRain,ShadowBall,PowerGem,Trick||||||50|,,,,,Steel]Whimsicott||CovertCloak|Prankster|Moonblast,Tailwind,FakeTears,BeatUp|||M|||50|,,,,,Dark]Pelipper||SafetyGoggles|Drizzle|WeatherBall,Hurricane,Tailwind,Protect|||F|||50|,,,,,Ghost]Archaludon||AssaultVest|Stamina|DragonPulse,ElectroShot,BodyPress,FlashCannon|||F|||50|,,,,,Grass]Indeedee-F||PsychicSeed|PsychicSurge|Imprison,TrickRoom,FollowMe,Psychic|||F|||50|,,,,,Dark]Annihilape||SitrusBerry|Defiant|CloseCombat,DrainPunch,RageFist,Protect|||M|||50|,,,,,Fire
|
|t:|1757938282
|teamsize|p1|4
|teamsize|p2|4
|start
|switch|p1a: Ursaluna|Ursaluna, L50, M|100/100
|switch|p1b: Sinistcha|Sinistcha, L50|100/100
|switch|p2a: Whimsicott|Whimsicott, L50, M|100/100
|switch|p2b: Archaludon|Archaludon, L50, F|100/100
|turn|1
|
|t:|1757938351
|move|p1a: Ursaluna|Protect|p1a: Ursaluna
|-singleturn|p1a: Ursaluna|Protect
|move|p2a: Whimsicott|Beat Up|p2b: Archaludon
|-damage|p2b: Archaludon|99/100
|-ability|p2b: Archaludon|Stamina|boost
|-boost|p2b: Archaludon|def|1
|-damage|p2b: Archaludon|97/100
|-ability|p2b: Archaludon|Stamina|boost
|-boost|p2b: Archaludon|def|1
|-damage|p2b: Archaludon|96/100
|-ability|p2b: Archaludon|Stamina|boost
|-boost|p2b: Archaludon|def|1
|-damage|p2b: Archaludon|96/100
|-ability|p2b: Archaludon|Stamina|boost
|-boost|p2b: Archaludon|def|1
|-hitcount|p2b: Archaludon|4
|move|p2b: Archaludon|Dragon Pulse|p1b: Sinistcha
|-damage|p1b: Sinistcha|62/100
|move|p1b: Sinistcha|Trick Room|p1b: Sinistcha
|-fieldstart|move: Trick Room|[of] p1b: Sinistcha
|
|-status|p1a: Ursaluna|brn|[from] item: Flame Orb
|upkeep
|turn|2
|
|t:|1757938394
|switch|p1b: Archaludon|Archaludon, L50, M|100/100
|-terastallize|p1a: Ursaluna|Ghost
|-terastallize|p2b: Archaludon|Grass
|move|p1a: Ursaluna|Facade|p2a: Whimsicott
|-damage|p2a: Whimsicott|0 fnt
|faint|p2a: Whimsicott
|move|p2b: Archaludon|Body Press|p1a: Ursaluna
|-immune|p1a: Ursaluna
|
|-damage|p1a: Ursaluna|94/100 brn|[from] brn
|upkeep
|
|t:|1757938411
|switch|p2a: Indeedee|Indeedee-F, L50, F|100/100
|-fieldstart|move: Psychic Terrain|[from] ability: Psychic Surge|[of] p2a: Indeedee
|-enditem|p2a: Indeedee|Psychic Seed
|-boost|p2a: Indeedee|spd|1|[from] item: Psychic Seed
|turn|3
|
|t:|1757938433
|move|p1a: Ursaluna|Facade|p2a: Indeedee
|-damage|p2a: Indeedee|0 fnt
|faint|p2a: Indeedee
|move|p1b: Archaludon|Snarl|p2b: Archaludon
|-damage|p2b: Archaludon|84/100
|-unboost|p2b: Archaludon|spa|1
|-ability|p2b: Archaludon|Stamina|boost
|-boost|p2b: Archaludon|def|1
|move|p2b: Archaludon|Body Press|p1b: Archaludon
|-supereffective|p1b: Archaludon
|-damage|p1b: Archaludon|4/100
|-ability|p1b: Archaludon|Stamina|boost
|-boost|p1b: Archaludon|def|1
|
|-damage|p1a: Ursaluna|88/100 brn|[from] brn
|upkeep
|
|t:|1757938446
|switch|p2a: Pelipper|Pelipper, L50, F|100/100
|-weather|RainDance|[from] ability: Drizzle|[of] p2a: Pelipper
|turn|4
|
|t:|1757938461
|move|p2a: Pelipper|Protect|p2a: Pelipper
|-singleturn|p2a: Pelipper|Protect
|move|p1a: Ursaluna|Facade|p2b: Archaludon
|-damage|p2b: Archaludon|59/100
|-ability|p2b: Archaludon|Stamina|boost
|-boost|p2b: Archaludon|def|1
|move|p1b: Archaludon|Snarl|p2a: Pelipper|[spread] p2b
|-activate|p2a: Pelipper|move: Protect
|-damage|p2b: Archaludon|51/100
|-unboost|p2b: Archaludon|spa|1
|move|p2b: Archaludon|Electro Shot||[still]
|-prepare|p2b: Archaludon|Electro Shot
|-boost|p2b: Archaludon|spa|1
|-anim|p2b: Archaludon|Electro Shot|p1a: Ursaluna
|-damage|p1a: Ursaluna|60/100 brn
|
|-weather|RainDance|[upkeep]
|-damage|p1a: Ursaluna|54/100 brn|[from] brn
|upkeep
|turn|5
|
|t:|1757938511
|move|p1a: Ursaluna|Facade|p2a: Pelipper
|-damage|p2a: Pelipper|0 fnt
|faint|p2a: Pelipper
|move|p1b: Archaludon|Snarl|p2b: Archaludon
|-damage|p2b: Archaludon|40/100
|-unboost|p2b: Archaludon|spa|1
|move|p2b: Archaludon|Electro Shot||[still]
|-prepare|p2b: Archaludon|Electro Shot
|-boost|p2b: Archaludon|spa|1
|-anim|p2b: Archaludon|Electro Shot|p1a: Ursaluna
|-damage|p1a: Ursaluna|26/100 brn
|
|-weather|RainDance|[upkeep]
|-damage|p1a: Ursaluna|20/100 brn|[from] brn
|-fieldend|move: Trick Room
|upkeep
|turn|6
|
|t:|1757938541
|switch|p1b: Sinistcha|Sinistcha, L50|62/100
|-heal|p1a: Ursaluna|45/100 brn|[from] ability: Hospitality|[of] p1b: Sinistcha
|move|p1a: Ursaluna|Protect|p1a: Ursaluna
|-singleturn|p1a: Ursaluna|Protect
|move|p2b: Archaludon|Electro Shot||[still]
|-prepare|p2b: Archaludon|Electro Shot
|-boost|p2b: Archaludon|spa|1
|-anim|p2b: Archaludon|Electro Shot|p1b: Sinistcha
|-resisted|p1b: Sinistcha
|-damage|p1b: Sinistcha|43/100
|-enditem|p1b: Sinistcha|Sitrus Berry|[eat]
|-heal|p1b: Sinistcha|68/100|[from] item: Sitrus Berry
|
|-weather|RainDance|[upkeep]
|-damage|p1a: Ursaluna|39/100 brn|[from] brn
|upkeep
|turn|7
|
|t:|1757938556
|switch|p1a: Archaludon|Archaludon, L50, M|4/100
|move|p2b: Archaludon|Electro Shot||[still]
|-prepare|p2b: Archaludon|Electro Shot
|-boost|p2b: Archaludon|spa|1
|-anim|p2b: Archaludon|Electro Shot|p1a: Archaludon
|-resisted|p1a: Archaludon
|-damage|p1a: Archaludon|0 fnt
|faint|p1a: Archaludon
|move|p1b: Sinistcha|Trick Room|p1b: Sinistcha
|-fieldstart|move: Trick Room|[of] p1b: Sinistcha
|
|-weather|RainDance|[upkeep]
|-fieldend|move: Psychic Terrain
|upkeep
|
|t:|1757938557
|switch|p1a: Ursaluna|Ursaluna, L50, M, tera:Ghost|39/100 brn
|turn|8
|
|t:|1757938572
|move|p1a: Ursaluna|Facade|p2b: Archaludon
|-damage|p2b: Archaludon|18/100
|move|p1b: Sinistcha|Life Dew|p1b: Sinistcha|[spread] p1a,p1b
|-heal|p1a: Ursaluna|64/100 brn
|-heal|p1b: Sinistcha|93/100
|move|p2b: Archaludon|Electro Shot||[still]
|-prepare|p2b: Archaludon|Electro Shot
|-boost|p2b: Archaludon|spa|1
|-anim|p2b: Archaludon|Electro Shot|p1a: Ursaluna
|-damage|p1a: Ursaluna|0 fnt
|faint|p1a: Ursaluna
|
|-weather|none
|upkeep
|
|t:|1757938574
|switch|p1a: Pelipper|Pelipper, L50, M|100/100
|-weather|RainDance|[from] ability: Drizzle|[of] p1a: Pelipper
|turn|9
|c|☆jirufell|gg
|
|t:|1757938616
|move|p1b: Sinistcha|Matcha Gotcha|p2b: Archaludon
|-resisted|p2b: Archaludon
|-damage|p2b: Archaludon|7/100
|-heal|p1b: Sinistcha|99/100|[from] drain|[of] p2b: Archaludon
|move|p2b: Archaludon|Dragon Pulse|p1b: Sinistcha
|-damage|p1b: Sinistcha|24/100
|move|p1a: Pelipper|Hurricane|p2b: Archaludon
|-supereffective|p2b: Archaludon
|-damage|p2b: Archaludon|0 fnt
|faint|p2b: Archaludon
|
|win|jirufell
|raw|jirufell's rating: 1163 → 1190(+27 for winning)
|raw|Freecko99's rating: 1196 → 1169(-27 for losing)
|l|☆jirufell
|player|p1|
|c|☆Freecko99|gg
