|j|☆Mashuno
|j|☆PShine
|html|MashunoPShine    
|uhtml|bestof|Game 1 of a best-of-3
|t:|1784074185
|gametype|doubles
|player|p1|Mashuno|harlequin|
|player|p2|PShine|169|
|gen|9
|tier|[Gen 9 Champions] VGC 2026 Reg M-B (Bo3)
|rule|Species Clause: Limit one of each Pokémon
|rule|Item Clause: Limit 1 of each item
|clearpoke
|poke|p1|Pelipper, L50, F|
|poke|p1|Archaludon, L50, M|
|poke|p1|Blastoise, L50, M|
|poke|p1|Sinistcha, L50|
|poke|p1|Sableye, L50, F|
|poke|p1|Sneasler, L50, M|
|poke|p2|Pelipper, L50, F|
|poke|p2|Salazzle, L50, F|
|poke|p2|Basculegion, L50, M|
|poke|p2|Meganium, L50, M|
|poke|p2|Rotom-Wash, L50|
|poke|p2|Garchomp, L50, F|
|teampreview|4
|showteam|p1|Pelipper||FocusSash|Drizzle|WeatherBall,Hurricane,Tailwind,RainDance|Modest||F|||50|]Archaludon||Leftovers|Stamina|Protect,DracoMeteor,FlashCannon,ElectroShot|Modest||M|||50|]Blastoise||Blastoisinite|RainDish|Protect,FakeOut,WaterSpout,DarkPulse|Modest||M|||50|]Sinistcha||SitrusBerry|Hospitality|MatchaGotcha,RagePowder,LifeDew,TrickRoom|Bold|||||50|]Sableye||LightClay|Prankster|FoulPlay,LightScreen,Reflect,RainDance|Impish||F|||50|]Sneasler||WhiteHerb|Unburden|FakeOut,DireClaw,CloseCombat,RockSlide|Jolly||M|||50|
|showteam|p2|Pelipper||Leftovers|Drizzle|Hurricane,WeatherBall,Tailwind,Protect|Modest||F|||50|]Salazzle||FocusSash|Oblivious|SludgeBomb,FakeOut,Protect,WillOWisp|Timid||F|||50|]Basculegion||ChoiceScarf|Adaptability|LastRespects,WaveCrash,FlipTurn,AquaJet|Jolly||M|||50|]Meganium||Meganiumite|LeafGuard|WeatherBall,SolarBeam,DazzlingGleam,Protect|Modest||M|||50|]Rotom-Wash||SitrusBerry|Levitate|HydroPump,Electroweb,LightScreen,Protect|Modest|||||50|]Garchomp||LifeOrb|RoughSkin|DragonClaw,StompingTantrum,Protect,RockSlide|Jolly||F|||50|
|inactive|Battle timer is ON: inactive players will automatically lose when time's up. (requested by PShine)
|inactive|Mashuno has 60 seconds left.
|inactive|PShine has 60 seconds left.
|
|t:|1784074244
|teamsize|p1|4
|teamsize|p2|4
|start
|switch|p1a: Junketsu|Archaludon, L50, M|100/100
|switch|p1b: Sableye|Sableye, L50, F|100/100
|switch|p2a: Herb|Meganium, L50, M|100/100
|switch|p2b: Washer|Rotom-Wash, L50|100/100
|turn|1
|inactive|Mashuno has 30 seconds left.
|inactive|PShine has 30 seconds left.
|
|t:|1784074272
|move|p1a: Junketsu|Protect|p1a: Junketsu
|-singleturn|p1a: Junketsu|Protect
|move|p1b: Sableye|Rain Dance|p1b: Sableye
|-weather|RainDance
|move|p2a: Herb|Dazzling Gleam|p1a: Junketsu|[spread] p1b
|-activate|p1a: Junketsu|move: Protect
|-supereffective|p1b: Sableye|1
|-damage|p1b: Sableye|57/100
|move|p2b: Washer|Light Screen|p2b: Washer
|-sidestart|p2: PShine|move: Light Screen
|
|-weather|RainDance|[upkeep]
|upkeep
|turn|2
|
|t:|1784074294
|move|p1b: Sableye|Light Screen|p1b: Sableye
|-sidestart|p1: Mashuno|move: Light Screen
|move|p1a: Junketsu|Electro Shot||[still]
|-prepare|p1a: Junketsu|Electro Shot
|-boost|p1a: Junketsu|spa|1
|-anim|p1a: Junketsu|Electro Shot|p2b: Washer
|-damage|p2b: Washer|59/100
|move|p2a: Herb|Dazzling Gleam|p1b: Sableye|[spread] p1a,p1b
|-supereffective|p1b: Sableye|1
|-damage|p1a: Junketsu|84/100
|-damage|p1b: Sableye|29/100
|-ability|p1a: Junketsu|Stamina|boost
|-boost|p1a: Junketsu|def|1
|move|p2b: Washer|Hydro Pump|p1b: Sableye
|-damage|p1b: Sableye|0 fnt
|faint|p1b: Sableye
|
|-weather|RainDance|[upkeep]
|-heal|p1a: Junketsu|90/100|[from] item: Leftovers
|upkeep
|
|t:|1784074313
|switch|p1b: Kocho|Sneasler, L50, M|100/100
|turn|3
|
|t:|1784074330
|switch|p2b: Park|Garchomp, L50, F|100/100
|move|p2a: Herb|Protect|p2a: Herb
|-singleturn|p2a: Herb|Protect
|move|p1b: Kocho|Fake Out|p2a: Herb
|-activate|p2a: Herb|move: Protect
|move|p1a: Junketsu|Electro Shot||[still]
|-prepare|p1a: Junketsu|Electro Shot
|-boost|p1a: Junketsu|spa|1
|-anim|p1a: Junketsu|Electro Shot|p2b: Park
|-immune|p2b: Park
|
|-weather|RainDance|[upkeep]
|-heal|p1a: Junketsu|96/100|[from] item: Leftovers
|upkeep
|turn|4
|inactive|Mashuno has 30 seconds left.
|inactive|PShine has 30 seconds left.
|
|t:|1784074362
|switch|p1b: Iroh|Sinistcha, L50|100/100
|-heal|p1a: Junketsu|100/100|[from] ability: Hospitality|[of] p1b: Iroh
|switch|p2a: Salazzle|Salazzle, L50, F|100/100
|move|p2b: Park|Stomping Tantrum|p1b: Iroh
|-resisted|p1b: Iroh|1
|-damage|p1b: Iroh|80/100
|-damage|p2b: Park|90/100|[from] item: Life Orb
|move|p1a: Junketsu|Electro Shot||[still]
|-prepare|p1a: Junketsu|Electro Shot
|-boost|p1a: Junketsu|spa|1
|-anim|p1a: Junketsu|Electro Shot|p2a: Salazzle
|-enditem|p2a: Salazzle|Focus Sash
|-damage|p2a: Salazzle|1/100
|
|-weather|RainDance|[upkeep]
|upkeep
|turn|5
|inactive|Mashuno has 30 seconds left.
|inactive|PShine has 30 seconds left.
|inactive|Mashuno has 20 seconds left.
|inactive|PShine has 20 seconds left.
|inactive|Mashuno has 15 seconds left.
|inactive|PShine has 15 seconds left.
|inactive|Mashuno has 10 seconds left.
|inactive|PShine has 10 seconds left.
|
|t:|1784074411
|switch|p2b: Herb|Meganium, L50, M|100/100
|move|p2a: Salazzle|Fake Out|p1a: Junketsu
|-resisted|p1a: Junketsu|1
|-damage|p1a: Junketsu|98/100
|-ability|p1a: Junketsu|Stamina|boost
|-boost|p1a: Junketsu|def|1
|cant|p1a: Junketsu|flinch
|move|p1b: Iroh|Matcha Gotcha|p2a: Salazzle|[spread] p2a,p2b
|-resisted|p2a: Salazzle|2
|-resisted|p2b: Herb|1
|-damage|p2a: Salazzle|0 fnt
|-heal|p1b: Iroh|80/100|[from] drain|[of] p2a: Salazzle
|-damage|p2b: Herb|92/100
|-heal|p1b: Iroh|84/100|[from] drain|[of] p2b: Herb
|faint|p2a: Salazzle
|
|-weather|none
|-heal|p1a: Junketsu|100/100|[from] item: Leftovers
|-sideend|p2: PShine|move: Light Screen
|upkeep
|
|t:|1784074432
|switch|p2a: Washer|Rotom-Wash, L50|59/100
|turn|6
|c|☆PShine|... i FORGOT TO MEGA EVOLVE
|c|☆Mashuno|honestly i think its better
|inactive|Mashuno has 30 seconds left.
|c|☆PShine|pfffff
|c|☆Mashuno|without mega, you dont drop to flash cannon
|inactive|Mashuno has 20 seconds left.
|inactive|Mashuno has 15 seconds left.
|
|t:|1784074474
|detailschange|p2b: Herb|Meganium-Mega, L50, M
|-mega|p2b: Herb|Meganium|Meganiumite
|move|p1a: Junketsu|Protect|p1a: Junketsu
|-singleturn|p1a: Junketsu|Protect
|move|p2b: Herb|Protect|p2b: Herb
|-singleturn|p2b: Herb|Protect
|move|p2a: Washer|Electroweb|p1b: Iroh|[spread] p1b
|-activate|p1a: Junketsu|move: Protect
|-resisted|p1b: Iroh|1
|-damage|p1b: Iroh|78/100
|-unboost|p1b: Iroh|spe|1
|move|p1b: Iroh|Matcha Gotcha|p2b: Herb|[spread] p2a
|-activate|p2b: Herb|move: Protect
|-supereffective|p2a: Washer|1
|-damage|p2a: Washer|6/100
|-heal|p1b: Iroh|100/100|[from] drain|[of] p2a: Washer
|-enditem|p2a: Washer|Sitrus Berry|[eat]
|-heal|p2a: Washer|31/100|[from] item: Sitrus Berry
|
|upkeep
|turn|7
|c|☆Mashuno|also i really like the nicknames :D
|c|☆PShine|thanks!
|inactive|Mashuno has 30 seconds left.
|inactive|PShine has 30 seconds left.
|inactive|Mashuno has 20 seconds left.
|
|t:|1784074511
|move|p1a: Junketsu|Flash Cannon|p2b: Herb
|-supereffective|p2b: Herb|1
|-crit|p2b: Herb
|-damage|p2b: Herb|0 fnt
|faint|p2b: Herb
|move|p2a: Washer|Electroweb|p1a: Junketsu|[spread] p1a,p1b
|-resisted|p1a: Junketsu|1
|-resisted|p1b: Iroh|1
|-damage|p1a: Junketsu|91/100
|-damage|p1b: Iroh|93/100
|-unboost|p1a: Junketsu|spe|1
|-unboost|p1b: Iroh|spe|1
|-ability|p1a: Junketsu|Stamina|boost
|-boost|p1a: Junketsu|def|1
|move|p1b: Iroh|Matcha Gotcha|p2a: Washer
|-supereffective|p2a: Washer|1
|-damage|p2a: Washer|0 fnt
|-heal|p1b: Iroh|100/100|[from] drain|[of] p2a: Washer
|faint|p2a: Washer
|
|-heal|p1a: Junketsu|97/100|[from] item: Leftovers
|upkeep
|c|☆PShine|damn, crit
|c|☆Mashuno|sorry for the crit :(
|c|☆PShine|it is okay!
|
|t:|1784074534
|switch|p2b: Park|Garchomp, L50, F|90/100
|turn|8
|c|☆PShine|alright, gg
|c|☆Mashuno|ggs
|-message|PShine forfeited.
|
|win|Mashuno
|l|☆PShine
|player|p2|
||Mashuno is ready for game 2.
|inactive|PShine has 30 seconds to confirm battle start!
|inactive|PShine has 20 seconds to confirm battle start!
|inactive|PShine has 10 seconds to confirm battle start!
||PShine is ready for game 2.
|uhtml|next|Next: Game 2 of 3
