|j|☆lordtentacle69
|j|☆crownlessk1ng
|html|lordtentacle69crownlessk1ng    
|uhtml|bestof|Game 2 of a best-of-3
|t:|1783749096
|gametype|doubles
|player|p1|lordtentacle69|corbeau|1334
|player|p2|crownlessk1ng|2|1240
|gen|9
|tier|[Gen 9 Champions] VGC 2026 Reg M-B (Bo3)
|rated|
|rule|Species Clause: Limit one of each Pokémon
|rule|Item Clause: Limit 1 of each item
|clearpoke
|poke|p1|Delphox, L50, M|
|poke|p1|Incineroar, L50, M|
|poke|p1|Maushold-Four, L50|
|poke|p1|Sinistcha, L50|
|poke|p1|Sneasler, L50, F|
|poke|p1|Blastoise, L50, M|
|poke|p2|Charizard, L50, M|
|poke|p2|Aerodactyl, L50, M|
|poke|p2|Sylveon, L50, F|
|poke|p2|Kingambit, L50, M|
|poke|p2|Farigiraf, L50, F|
|poke|p2|Garchomp, L50, M|
|teampreview|4
|showteam|p1|Delphox||Delphoxite|Blaze|HeatWave,Psychic,NastyPlot,Protect|Timid||M|||50|]Incineroar||SitrusBerry|Intimidate|FakeOut,PartingShot,FlareBlitz,ThroatChop|Impish||M|||50|]Maushold-Four||ChopleBerry|FriendGuard|Feint,HelpingHand,Protect,FollowMe|Impish|||||50|]Sinistcha||KasibBerry|Hospitality|Protect,MatchaGotcha,TrickRoom,RagePowder|Bold|||||50|]Sneasler||FocusSash|PoisonTouch|CloseCombat,PoisonJab,QuickGuard,FakeOut|Adamant||F|||50|]Blastoise||Blastoisinite|RainDish|Protect,WaterSpout,DarkPulse,ShellSmash|Modest||M|||50|
|showteam|p2|Charizard||CharizarditeY|SolarPower|Protect,HeatWave,SolarBeam,WeatherBall|Modest||M|||50|]Aerodactyl||Aerodactylite|Unnerve|RockSlide,Tailwind,DualWingbeat,WideGuard|Jolly||M|||50|]Sylveon||FairyFeather|Pixilate|Detect,HyperVoice,QuickAttack,Yawn|Modest||F|||50|]Kingambit||FocusSash|Defiant|KowtowCleave,IronHead,LowKick,SuckerPunch|Adamant||M|||50|]Farigiraf||SitrusBerry|ArmorTail|PsychicFangs,Thunderbolt,SunnyDay,TrickRoom|Relaxed||F|||50|]Garchomp||LifeOrb|RoughSkin|Protect,Earthquake,DragonClaw,StompingTantrum|Jolly||M|||50|
|inactive|Battle timer is ON: inactive players will automatically lose when time's up. (requested by crownlessk1ng)
|
|t:|1783749124
|teamsize|p1|4
|teamsize|p2|4
|start
|switch|p1a: Delphox|Delphox, L50, M|100/100
|switch|p1b: Gochujang|Incineroar, L50, M|100/100
|switch|p2a: Aerodactyl|Aerodactyl, L50, M|100/100
|switch|p2b: Farigiraf|Farigiraf, L50, F|100/100
|-ability|p2a: Aerodactyl|Unnerve
|-ability|p1b: Gochujang|Intimidate|boost
|-unboost|p2a: Aerodactyl|atk|1
|-unboost|p2b: Farigiraf|atk|1
|turn|1
|inactive|crownlessk1ng has 30 seconds left.
|inactive|crownlessk1ng has 20 seconds left.
|inactive|crownlessk1ng has 15 seconds left.
|inactive|crownlessk1ng has 10 seconds left.
|
|t:|1783749171
|detailschange|p1a: Delphox|Delphox-Mega, L50, M
|-mega|p1a: Delphox|Delphox|Delphoxite
|move|p2a: Aerodactyl|Rock Slide|p1b: Gochujang|[spread] p1a,p1b
|-supereffective|p1a: Delphox|1
|-supereffective|p1b: Gochujang|1
|-damage|p1a: Delphox|66/100
|-damage|p1b: Gochujang|76/100
|move|p1a: Delphox|Nasty Plot|p1a: Delphox
|-boost|p1a: Delphox|spa|2
|cant|p1b: Gochujang|flinch
|move|p2b: Farigiraf|Thunderbolt|p1a: Delphox
|-damage|p1a: Delphox|46/100
|
|upkeep
|turn|2
|
|t:|1783749193
|move|p1a: Delphox|Protect|p1a: Delphox
|-singleturn|p1a: Delphox|Protect
|move|p2a: Aerodactyl|Tailwind|p2a: Aerodactyl
|-sidestart|p2: crownlessk1ng|move: Tailwind
|move|p2b: Farigiraf|Thunderbolt|p1a: Delphox
|-activate|p1a: Delphox|move: Protect
|move|p1b: Gochujang|Parting Shot|p2a: Aerodactyl
|-unboost|p2a: Aerodactyl|atk|1
|-unboost|p2a: Aerodactyl|spa|1
|
|t:|1783749202
|switch|p1b: MMCH|Maushold-Four, L50|100/100|[from] Parting Shot
|
|upkeep
|turn|3
|
|t:|1783749216
|move|p1b: MMCH|Follow Me|p1b: MMCH
|-singleturn|p1b: MMCH|move: Follow Me
|move|p2a: Aerodactyl|Rock Slide|p1b: MMCH|[spread] p1a,p1b
|-supereffective|p1a: Delphox|1
|-damage|p1a: Delphox|27/100
|-damage|p1b: MMCH|89/100
|move|p1a: Delphox|Psychic|p2a: Aerodactyl
|-damage|p2a: Aerodactyl|0 fnt
|faint|p2a: Aerodactyl
|move|p2b: Farigiraf|Thunderbolt|p1b: MMCH
|-damage|p1b: MMCH|66/100
|
|upkeep
|
|t:|1783749224
|switch|p2a: Sylveon|Sylveon, L50, F|100/100
|turn|4
|
|t:|1783749235
|move|p1b: MMCH|Helping Hand|p1a: Delphox
|-singleturn|p1a: Delphox|Helping Hand|[of] p1b: MMCH
|move|p1a: Delphox|Heat Wave|p2a: Sylveon|[spread] p2a,p2b
|-crit|p2b: Farigiraf
|-damage|p2a: Sylveon|16/100
|-damage|p2b: Farigiraf|0 fnt
|faint|p2b: Farigiraf
|move|p2a: Sylveon|Hyper Voice|p1a: Delphox|[spread] p1a,p1b
|-resisted|p1a: Delphox|1
|-damage|p1a: Delphox|11/100
|-damage|p1b: MMCH|8/100
|
|upkeep
|
|t:|1783749246
|switch|p2b: Charizard|Charizard, L50, M|100/100
|turn|5
|
|t:|1783749259
|switch|p1b: Gochujang|Incineroar, L50, M|76/100
|-ability|p1b: Gochujang|Intimidate|boost
|-unboost|p2a: Sylveon|atk|1
|-unboost|p2b: Charizard|atk|1
|detailschange|p2b: Charizard|Charizard-Mega-Y, L50, M
|-mega|p2b: Charizard|Charizard|Charizardite Y
|-weather|SunnyDay|[from] ability: Drought|[of] p2b: Charizard
|move|p1a: Delphox|Protect|p1a: Delphox
|-singleturn|p1a: Delphox|Protect
|move|p2b: Charizard|Heat Wave|p1a: Delphox|[spread] p1b
|-activate|p1a: Delphox|move: Protect
|-resisted|p1b: Gochujang|1
|-damage|p1b: Gochujang|52/100
|move|p2a: Sylveon|Hyper Voice|p1a: Delphox|[spread] p1b
|-activate|p1a: Delphox|move: Protect
|-damage|p1b: Gochujang|11/100
|-enditem|p1b: Gochujang|Sitrus Berry|[eat]
|-heal|p1b: Gochujang|36/100|[from] item: Sitrus Berry
|
|-weather|SunnyDay|[upkeep]
|-sideend|p2: crownlessk1ng|move: Tailwind
|upkeep
|turn|6
|inactive|crownlessk1ng has 30 seconds left.
|
|t:|1783749284
|move|p2b: Charizard|Protect|p2b: Charizard
|-singleturn|p2b: Charizard|Protect
|move|p1b: Gochujang|Fake Out|p2b: Charizard
|-activate|p2b: Charizard|move: Protect
|move|p1a: Delphox|Heat Wave|p2a: Sylveon|[spread] p2a
|-activate|p2b: Charizard|move: Protect
|-damage|p2a: Sylveon|0 fnt
|faint|p2a: Sylveon
|
|-weather|SunnyDay|[upkeep]
|upkeep
|turn|7
|
|t:|1783749301
|move|p1a: Delphox|Psychic|p2b: Charizard
|-damage|p2b: Charizard|24/100
|move|p2b: Charizard|Heat Wave|p1b: Gochujang|[spread] p1a,p1b
|-resisted|p1a: Delphox|1
|-resisted|p1b: Gochujang|1
|-damage|p1a: Delphox|0 fnt
|-damage|p1b: Gochujang|8/100
|faint|p1a: Delphox
|move|p1b: Gochujang|Throat Chop|p2b: Charizard
|-damage|p2b: Charizard|0 fnt
|faint|p2b: Charizard
|
|win|lordtentacle69
|raw|lordtentacle69's rating: 1334 → 1349(+15 for winning)
|raw|crownlessk1ng's rating: 1240 → 1222(-18 for losing)
|l|☆crownlessk1ng
|player|p2|
