|j|☆hmkgjlhkhkjmgg
|j|☆tk_feenix
|html|hmkgjlhkhkjmggtk_feenix    
|uhtml|bestof|Game 2 of a best-of-3
|t:|1756985489
|gametype|doubles
|player|p1|hmkgjlhkhkjmgg|wattson|1050
|player|p2|tk_feenix|169|1048
|gen|9
|tier|[Gen 9] VGC 2025 Reg H (Bo3)
|rated|
|rule|Species Clause: Limit one of each Pokémon
|rule|Item Clause: Limit 1 of each item
|clearpoke
|poke|p1|Sneasler, L50, M|
|poke|p1|Indeedee, L50, M|
|poke|p1|Annihilape, L50, F|
|poke|p1|Tyranitar, L50, M|
|poke|p1|Excadrill, L50, M|
|poke|p1|Hydreigon, L50, F|
|poke|p2|Archaludon, L50, F|
|poke|p2|Gholdengo, L50|
|poke|p2|Pelipper, L50, M|
|poke|p2|Ursaluna, L50, M|
|poke|p2|Sinistcha, L50|
|poke|p2|Dragonite, L50, M|
|teampreview|4
|showteam|p1|Sneasler||PsychicSeed|Unburden|CloseCombat,DireClaw,ThroatChop,Protect|||M|||50|,,,,,Dark]Indeedee||ChoiceScarf|PsychicSurge|ExpandingForce,TeraBlast,Trick,DazzlingGleam|||M|||50|,,,,,Fire]Annihilape||SafetyGoggles|Defiant|CloseCombat,RageFist,Taunt,FinalGambit|||F|||50|,,,,,Water]Tyranitar||AssaultVest|SandStream|RockSlide,KnockOff,TeraBlast,LowKick|||M|||50|,,,,,Flying]Excadrill||FocusSash|SandRush|HighHorsepower,Earthquake,IronHead,Protect|||M|||50|,,,,,Stellar]Hydreigon||CovertCloak|Levitate|Snarl,DracoMeteor,Tailwind,Roar|||F|||50|,,,,,Fairy
|showteam|p2|Archaludon||AssaultVest|Stamina|FlashCannon,ElectroShot,BodyPress,Snarl|||F|||50|,,,,,Fighting]Gholdengo||ChoiceScarf|GoodasGold|MakeItRain,ShadowBall,ThunderWave,Trick||||||50|,,,,,Flying]Pelipper||SafetyGoggles|Drizzle|WeatherBall,Hurricane,Tailwind,Protect|||M|||50|,,,,,Steel]Ursaluna||FlameOrb|Guts|Facade,HeadlongRush,Earthquake,Protect|||M|||50|,,,,,Dragon]Sinistcha||SitrusBerry|Hospitality|MatchaGotcha,LifeDew,RagePowder,TrickRoom||||||50|,,,,,Fire]Dragonite||LoadedDice|Multiscale|ScaleShot,Tailwind,Haze,Protect|||M|||50|,,,,,Fairy
|inactive|Battle timer is ON: inactive players will automatically lose when time's up. (requested by hmkgjlhkhkjmgg)
|
|t:|1756985518
|teamsize|p1|4
|teamsize|p2|4
|start
|switch|p1a: Sneasler|Sneasler, L50, M|100/100
|switch|p1b: Indeedee|Indeedee, L50, M|100/100
|switch|p2a: Gholdengo|Gholdengo, L50|100/100
|switch|p2b: Dragonite|Dragonite, L50, M|100/100
|-fieldstart|move: Psychic Terrain|[from] ability: Psychic Surge|[of] p1b: Indeedee
|-enditem|p1a: Sneasler|Psychic Seed
|-boost|p1a: Sneasler|spd|1|[from] item: Psychic Seed
|turn|1
|
|t:|1756985542
|switch|p2a: Archaludon|Archaludon, L50, F|100/100
|-terastallize|p1a: Sneasler|Dark
|move|p1a: Sneasler|Throat Chop|p2a: Archaludon
|-damage|p2a: Archaludon|71/100
|-start|p2a: Archaludon|Throat Chop|[silent]
|-ability|p2a: Archaludon|Stamina|boost
|-boost|p2a: Archaludon|def|1
|move|p1b: Indeedee|Trick|p2b: Dragonite
|-activate|p1b: Indeedee|move: Trick|[of] p2b: Dragonite
|-item|p2b: Dragonite|Choice Scarf|[from] move: Trick
|-item|p1b: Indeedee|Loaded Dice|[from] move: Trick
|move|p2b: Dragonite|Tailwind|p2b: Dragonite
|-sidestart|p2: tk_feenix|move: Tailwind
|
|upkeep
|turn|2
|inactive|tk_feenix has 30 seconds left.
|inactive|tk_feenix has 20 seconds left.
|
|t:|1756985579
|switch|p2b: Pelipper|Pelipper, L50, M|100/100
|-weather|RainDance|[from] ability: Drizzle|[of] p2b: Pelipper
|move|p1a: Sneasler|Close Combat|p2a: Archaludon
|-supereffective|p2a: Archaludon
|-damage|p2a: Archaludon|15/100
|-unboost|p1a: Sneasler|def|1
|-unboost|p1a: Sneasler|spd|1
|-ability|p2a: Archaludon|Stamina|boost
|-boost|p2a: Archaludon|def|1
|move|p2a: Archaludon|Body Press|p1a: Sneasler
|-supereffective|p1a: Sneasler
|-damage|p1a: Sneasler|0 fnt
|faint|p1a: Sneasler
|move|p1b: Indeedee|Trick|p2a: Archaludon
|-activate|p1b: Indeedee|move: Trick|[of] p2a: Archaludon
|-item|p2a: Archaludon|Loaded Dice|[from] move: Trick
|-item|p1b: Indeedee|Assault Vest|[from] move: Trick
|
|-weather|RainDance|[upkeep]
|-end|p2a: Archaludon|Throat Chop|[silent]
|upkeep
|
|t:|1756985599
|switch|p1a: Tyranitar|Tyranitar, L50, M|100/100
|-weather|Sandstorm|[from] ability: Sand Stream|[of] p1a: Tyranitar
|turn|3
|
|t:|1756985618
|switch|p2b: Dragonite|Dragonite, L50, M|100/100
|move|p2a: Archaludon|Body Press|p1a: Tyranitar
|-supereffective|p1a: Tyranitar
|-damage|p1a: Tyranitar|0 fnt
|faint|p1a: Tyranitar
|move|p1b: Indeedee|Expanding Force|p2a: Archaludon|[spread] p2a,p2b
|-resisted|p2a: Archaludon
|-damage|p2a: Archaludon|0 fnt
|-damage|p2b: Dragonite|71/100
|faint|p2a: Archaludon
|
|-weather|Sandstorm|[upkeep]
|-damage|p2b: Dragonite|65/100|[from] Sandstorm
|-damage|p1b: Indeedee|95/100|[from] Sandstorm
|upkeep
|
|t:|1756985640
|switch|p2a: Pelipper|Pelipper, L50, M|100/100
|switch|p1a: Excadrill|Excadrill, L50, M|100/100
|-weather|RainDance|[from] ability: Drizzle|[of] p2a: Pelipper
|turn|4
|
|t:|1756985657
|-terastallize|p2b: Dragonite|Fairy
|move|p1a: Excadrill|Protect|p1a: Excadrill
|-singleturn|p1a: Excadrill|Protect
|move|p2b: Dragonite|Scale Shot|p1b: Indeedee
|-damage|p1b: Indeedee|68/100
|-crit|p1b: Indeedee
|-damage|p1b: Indeedee|25/100
|-hitcount|p1b: Indeedee|2
|-unboost|p2b: Dragonite|def|1
|-boost|p2b: Dragonite|spe|1
|move|p2a: Pelipper|Weather Ball|p1a: Excadrill
|-activate|p1a: Excadrill|move: Protect
|move|p1b: Indeedee|Expanding Force|p2a: Pelipper|[spread] p2a,p2b
|-damage|p2a: Pelipper|36/100
|-damage|p2b: Dragonite|12/100
|
|-weather|RainDance|[upkeep]
|-sideend|p2: tk_feenix|move: Tailwind
|upkeep
|turn|5
|
|t:|1756985681
|move|p2b: Dragonite|Scale Shot|p1b: Indeedee
|-damage|p1b: Indeedee|0 fnt
|faint|p1b: Indeedee
|-hitcount|p1: Indeedee|1
|-unboost|p2b: Dragonite|def|1
|-boost|p2b: Dragonite|spe|1
|move|p1a: Excadrill|Iron Head|p2b: Dragonite
|-supereffective|p2b: Dragonite
|-damage|p2b: Dragonite|0 fnt
|faint|p2b: Dragonite
|move|p2a: Pelipper|Weather Ball|p1a: Excadrill
|-supereffective|p1a: Excadrill
|-enditem|p1a: Excadrill|Focus Sash
|-damage|p1a: Excadrill|1/100
|
|-weather|RainDance|[upkeep]
|-fieldend|move: Psychic Terrain
|upkeep
|-message|hmkgjlhkhkjmgg forfeited.
|
|win|tk_feenix
|raw|hmkgjlhkhkjmgg's rating: 1050 → 1032(-18 for losing)
|raw|tk_feenix's rating: 1048 → 1081(+33 for winning)
|l|☆hmkgjlhkhkjmgg
|player|p1|
