|j|☆Okkito autobusero
|j|☆PikaTROD
|html|Okkito autobuseroPikaTROD    
|uhtml|bestof|Game 1 of a best-of-3
|t:|1782495537
|gametype|doubles
|player|p1|Okkito autobusero|will|1263
|player|p2|PikaTROD|101|1365
|gen|9
|tier|[Gen 9 Champions] VGC 2026 Reg M-B (Bo3)
|rated|
|rule|Species Clause: Limit one of each Pokémon
|rule|Item Clause: Limit 1 of each item
|clearpoke
|poke|p1|Floette-Eternal, L50, F|
|poke|p1|Incineroar, L50, M|
|poke|p1|Sinistcha, L50|
|poke|p1|Ditto, L50|
|poke|p1|Charizard, L50, M|
|poke|p1|Kingambit, L50, F|
|poke|p2|Whimsicott, L50, F|
|poke|p2|Torkoal, L50, M|
|poke|p2|Pyroar, L50, M|
|poke|p2|Farigiraf, L50, M|
|poke|p2|Scrafty, L50, M|
|poke|p2|Basculegion, L50, M|
|teampreview|4
|showteam|p1|Floette-Eternal||Floettite|FlowerVeil|Protect,DazzlingGleam,CalmMind,DrainingKiss|Modest||F|||50|]Incineroar||Charcoal|Intimidate|FakeOut,FlareBlitz,PartingShot,ThroatChop|Adamant||M|||50|]Sinistcha||KasibBerry|Hospitality|StrengthSap,MatchaGotcha,RagePowder,TrickRoom|Calm|||||50|]Ditto||FocusSash|Imposter|Transform|Timid|||||50|]Charizard||CharizarditeX|Blaze|Protect,DragonClaw,FlareBlitz,DragonDance|Adamant||M|||50|]Kingambit||BlackGlasses|Defiant|Protect,SwordsDance,KowtowCleave,SuckerPunch|Adamant||F|||50|
|showteam|p2|Whimsicott||FairyFeather|Prankster|Tailwind,Moonblast,Protect,SunnyDay|Timid||F|||50|]Torkoal||Charcoal|Drought|Eruption,WeatherBall,HelpingHand,Protect|Quiet||M|||50|]Pyroar||Pyroarite|Unnerve|HeatWave,Overheat,SolarBeam,Protect|Timid||M|||50|]Farigiraf||SitrusBerry|ArmorTail|TrickRoom,Protect,HelpingHand,Psychic|Quiet||M|||50|]Scrafty||Scraftinite|Intimidate|FakeOut,RockSlide,ThroatChop,CloseCombat|Adamant||M|||50|]Basculegion||FocusSash|Adaptability|LastRespects,Liquidation,AquaJet,Protect|Adamant||M|||50|
|inactive|Battle timer is ON: inactive players will automatically lose when time's up. (requested by Okkito autobusero)
|inactive|Okkito autobusero has 60 seconds left.
|
|t:|1782495571
|teamsize|p1|4
|teamsize|p2|4
|start
|switch|p1a: Incineroar|Incineroar, L50, M|100/100
|switch|p1b: Floette|Floette-Eternal, L50, F|100/100
|switch|p2a: Scrafty|Scrafty, L50, M|100/100
|switch|p2b: Farigiraf|Farigiraf, L50, M|100/100
|-ability|p1a: Incineroar|Intimidate|boost
|-unboost|p2a: Scrafty|atk|1
|-unboost|p2b: Farigiraf|atk|1
|-ability|p2a: Scrafty|Intimidate|boost
|-unboost|p1a: Incineroar|atk|1
|-unboost|p1b: Floette|atk|1
|turn|1
|inactive|PikaTROD has 30 seconds left.
|inactive|PikaTROD has 20 seconds left.
|
|t:|1782495608
|detailschange|p2a: Scrafty|Scrafty-Mega, L50, M
|-mega|p2a: Scrafty|Scrafty|Scraftinite
|-ability|p2a: Scrafty|Intimidate|boost
|-unboost|p1a: Incineroar|atk|1
|-unboost|p1b: Floette|atk|1
|move|p2a: Scrafty|Fake Out|p1b: Floette
|-damage|p1b: Floette|88/100
|cant|p1b: Floette|flinch
|move|p1a: Incineroar|Parting Shot|p2b: Farigiraf
|-unboost|p2b: Farigiraf|atk|1
|-unboost|p2b: Farigiraf|spa|1
|
|t:|1782495623
|switch|p1a: Sinistcha|Sinistcha, L50|100/100|[from] Parting Shot
|-heal|p1b: Floette|100/100|[from] ability: Hospitality|[of] p1a: Sinistcha
|move|p2b: Farigiraf|Psychic|p1b: Floette
|-damage|p1b: Floette|78/100
|
|upkeep
|turn|2
|
|t:|1782495640
|switch|p1a: Incineroar|Incineroar, L50, M|100/100
|-ability|p1a: Incineroar|Intimidate|boost
|-unboost|p2a: Scrafty|atk|1
|-unboost|p2b: Farigiraf|atk|1
|switch|p2a: Torkoal|Torkoal, L50, M|100/100
|-weather|SunnyDay|[from] ability: Drought|[of] p2a: Torkoal
|move|p1b: Floette|Calm Mind|p1b: Floette
|-boost|p1b: Floette|spa|1
|-boost|p1b: Floette|spd|1
|move|p2b: Farigiraf|Trick Room|p2b: Farigiraf
|-fieldstart|move: Trick Room|[of] p2b: Farigiraf
|
|-weather|SunnyDay|[upkeep]
|upkeep
|turn|3
|
|t:|1782495657
|move|p2b: Farigiraf|Helping Hand|p2a: Torkoal
|-singleturn|p2a: Torkoal|Helping Hand|[of] p2b: Farigiraf
|move|p1b: Floette|Protect|p1b: Floette
|-singleturn|p1b: Floette|Protect
|move|p2a: Torkoal|Eruption|p1a: Incineroar|[spread] p1a
|-activate|p1b: Floette|move: Protect
|-resisted|p1a: Incineroar|1
|-damage|p1a: Incineroar|31/100
|move|p1a: Incineroar|Throat Chop|p2a: Torkoal
|-damage|p2a: Torkoal|68/100
|-start|p2a: Torkoal|Throat Chop|[silent]
|
|-weather|SunnyDay|[upkeep]
|upkeep
|turn|4
|
|t:|1782495675
|detailschange|p1b: Floette|Floette-Mega, L50, F
|-mega|p1b: Floette|Floette|Floettite
|-ability|p1b: Floette|Fairy Aura
|move|p2b: Farigiraf|Helping Hand|p2a: Torkoal
|-singleturn|p2a: Torkoal|Helping Hand|[of] p2b: Farigiraf
|move|p2a: Torkoal|Eruption|p1b: Floette|[spread] p1a,p1b
|-resisted|p1a: Incineroar|1
|-damage|p1a: Incineroar|0 fnt
|-damage|p1b: Floette|38/100
|faint|p1a: Incineroar
|move|p1b: Floette|Draining Kiss|p2b: Farigiraf
|-damage|p2b: Farigiraf|47/100
|-heal|p1b: Floette|87/100|[from] drain|[of] p2b: Farigiraf
|-enditem|p2b: Farigiraf|Sitrus Berry|[eat]
|-heal|p2b: Farigiraf|72/100|[from] item: Sitrus Berry
|
|-weather|SunnyDay|[upkeep]
|-end|p2a: Torkoal|Throat Chop|[silent]
|upkeep
|
|t:|1782495688
|switch|p1a: Charizard|Charizard, L50, M|100/100
|turn|5
|
|t:|1782495708
|move|p2b: Farigiraf|Protect|p2b: Farigiraf
|-singleturn|p2b: Farigiraf|Protect
|move|p2a: Torkoal|Weather Ball|p1b: Floette
|-damage|p1b: Floette|51/100
|move|p1b: Floette|Draining Kiss|p2a: Torkoal
|-resisted|p2a: Torkoal|1
|-damage|p2a: Torkoal|33/100
|-heal|p1b: Floette|77/100|[from] drain|[of] p2a: Torkoal
|move|p1a: Charizard|Flare Blitz|p2b: Farigiraf
|-activate|p2b: Farigiraf|move: Protect
|
|-weather|SunnyDay|[upkeep]
|upkeep
|turn|6
|
|t:|1782495729
|switch|p2b: Scrafty|Scrafty-Mega, L50, M|100/100
|-ability|p2b: Scrafty|Intimidate|boost
|-unboost|p1a: Charizard|atk|1
|-unboost|p1b: Floette|atk|1
|move|p2a: Torkoal|Weather Ball|p1b: Floette
|-damage|p1b: Floette|40/100
|move|p1b: Floette|Draining Kiss|p2a: Torkoal
|-resisted|p2a: Torkoal|1
|-damage|p2a: Torkoal|0 fnt
|-heal|p1b: Floette|65/100|[from] drain|[of] p2a: Torkoal
|faint|p2a: Torkoal
|move|p1a: Charizard|Flare Blitz|p2b: Scrafty
|-damage|p2b: Scrafty|61/100
|-damage|p1a: Charizard|86/100|[from] Recoil
|
|-weather|none
|-fieldend|move: Trick Room
|upkeep
|
|t:|1782495747
|switch|p2a: Farigiraf|Farigiraf, L50, M|72/100
|turn|7
|
|t:|1782495757
|switch|p1a: Sinistcha|Sinistcha, L50|100/100
|-heal|p1b: Floette|90/100|[from] ability: Hospitality|[of] p1a: Sinistcha
|move|p2b: Scrafty|Fake Out|p1b: Floette
|-damage|p1b: Floette|74/100
|cant|p1b: Floette|flinch
|move|p2a: Farigiraf|Trick Room|p2a: Farigiraf
|-fieldstart|move: Trick Room|[of] p2a: Farigiraf
|
|upkeep
|turn|8
|
|t:|1782495769
|move|p2a: Farigiraf|Helping Hand|p2b: Scrafty
|-singleturn|p2b: Scrafty|Helping Hand|[of] p2a: Farigiraf
|move|p1a: Sinistcha|Rage Powder|p1a: Sinistcha
|-singleturn|p1a: Sinistcha|move: Rage Powder
|move|p2b: Scrafty|Throat Chop|p1a: Sinistcha
|-supereffective|p1a: Sinistcha|1
|-damage|p1a: Sinistcha|0 fnt
|faint|p1a: Sinistcha
|move|p1b: Floette|Draining Kiss|p2b: Scrafty
|-supereffective|p2b: Scrafty|2
|-damage|p2b: Scrafty|0 fnt
|-heal|p1b: Floette|100/100|[from] drain|[of] p2b: Scrafty
|faint|p2b: Scrafty
|
|upkeep
|
|t:|1782495777
|switch|p2b: Basculegion|Basculegion, L50, M|100/100
|switch|p1a: Charizard|Charizard, L50, M|86/100
|turn|9
|
|t:|1782495783
|move|p2a: Farigiraf|Helping Hand|p2b: Basculegion
|-singleturn|p2b: Basculegion|Helping Hand|[of] p2a: Farigiraf
|move|p2b: Basculegion|Last Respects|p1b: Floette
|-crit|p1b: Floette
|-damage|p1b: Floette|0 fnt
|faint|p1b: Floette
|move|p1a: Charizard|Dragon Claw|p2b: Basculegion
|-crit|p2b: Basculegion
|-damage|p2b: Basculegion|52/100
|
|upkeep
|turn|10
|
|t:|1782495793
|move|p2a: Farigiraf|Psychic|p1a: Charizard
|-damage|p1a: Charizard|40/100
|move|p2b: Basculegion|Liquidation|p1a: Charizard
|-supereffective|p1a: Charizard|1
|-damage|p1a: Charizard|0 fnt
|faint|p1a: Charizard
|
|win|PikaTROD
||Okkito autobusero is ready for game 2.
||PikaTROD is ready for game 2.
|uhtml|next|Next: Game 2 of 3
|l|☆Okkito autobusero
|player|p1|
