|j|☆aqoursfan1
|j|☆lakenta
|html|aqoursfan1lakenta    
|uhtml|bestof|Game 1 of a best-of-3
|t:|1785616381
|gametype|doubles
|player|p1|aqoursfan1|anabel-gen7|1143
|player|p2|lakenta|pokemonranger-gen4|1149
|gen|9
|tier|[Gen 9 Champions] VGC 2026 Reg M-B (Bo3)
|rated|
|rule|Species Clause: Limit one of each Pokémon
|rule|Item Clause: Limit 1 of each item
|clearpoke
|poke|p1|Raichu, L50, F|
|poke|p1|Gengar, L50, F|
|poke|p1|Incineroar, L50, M|
|poke|p1|Ninetales-Alola, L50, F, shiny|
|poke|p1|Volcarona, L50, F, shiny|
|poke|p1|Kommo-o, L50, M|
|poke|p2|Kingambit, L50, M|
|poke|p2|Charizard, L50, F|
|poke|p2|Garchomp, L50, F|
|poke|p2|Aerodactyl, L50, M|
|poke|p2|Sneasler, L50, M|
|poke|p2|Floette-Eternal, L50, F|
|teampreview|4
|showteam|p1|Raichu||RaichuniteX|LightningRod|VoltTackle,VoltSwitch,FakeOut,Protect|Jolly||F|||50|]Gengar||Gengarite|CursedBody|ShadowBall,SludgeBomb,Substitute,Protect|Modest||F|||50|]Incineroar||PasshoBerry|Intimidate|FlareBlitz,ThroatChop,PartingShot,FakeOut|Adamant||M|||50|]Ninetales-Alola||ChoiceScarf|SnowWarning|Blizzard,FreezeDry,IcyWind,Moonblast|Timid||F|||50|]Volcarona||SitrusBerry|FlameBody|Flamethrower,StruggleBug,RagePowder,Protect|Bold||F|||50|]Kommo-o||Leftovers|Soundproof|ClangingScales,AuraSphere,ClangorousSoul,Protect|Modest||M|||50|
|showteam|p2|Kingambit||BlackGlasses|Defiant|KowtowCleave,IronHead,SuckerPunch,Protect|Adamant||M|||50|]Charizard||CharizarditeY|SolarPower|WeatherBall,HeatWave,SolarBeam,Protect|Modest||F|||50|]Garchomp||LifeOrb|RoughSkin|ScaleShot,RockSlide,Earthquake,Protect|Adamant||F|||50|]Aerodactyl||FocusSash|Unnerve|RockSlide,Tailwind,WideGuard,Protect|Jolly||M|||50|]Sneasler||WhiteHerb|Unburden|CloseCombat,DireClaw,FakeOut,Protect|Adamant||M|||50|]Floette-Eternal||Floettite|FlowerVeil|Moonblast,LightofRuin,DazzlingGleam,Protect|Timid||F|||50|
|inactive|Battle timer is ON: inactive players will automatically lose when time's up. (requested by aqoursfan1)
|inactive|aqoursfan1 has 60 seconds left.
|inactive|lakenta has 60 seconds left.
|
|t:|1785616427
|teamsize|p1|4
|teamsize|p2|4
|start
|switch|p1a: Gengar|Gengar, L50, F|100/100
|switch|p1b: Volcarona|Volcarona, L50, F, shiny|100/100
|switch|p2a: Kanye West|Sneasler, L50, M|100/100
|switch|p2b: Leon Thomas|Kingambit, L50, M|100/100
|turn|1
|
|t:|1785616450
|switch|p2a: Beabadoobee|Garchomp, L50, F|100/100
|detailschange|p1a: Gengar|Gengar-Mega, L50, F
|-mega|p1a: Gengar|Gengar|Gengarite
|move|p1a: Gengar|Protect|p1a: Gengar
|-singleturn|p1a: Gengar|Protect
|move|p2b: Leon Thomas|Protect|p2b: Leon Thomas
|-singleturn|p2b: Leon Thomas|Protect
|move|p1b: Volcarona|Flamethrower|p2b: Leon Thomas
|-activate|p2b: Leon Thomas|move: Protect
|
|upkeep
|turn|2
|
|t:|1785616464
|move|p1b: Volcarona|Rage Powder|p1b: Volcarona
|-singleturn|p1b: Volcarona|move: Rage Powder
|move|p1a: Gengar|Substitute|p1a: Gengar
|-start|p1a: Gengar|Substitute
|-damage|p1a: Gengar|75/100
|move|p2a: Beabadoobee|Scale Shot|p1b: Volcarona
|-damage|p1b: Volcarona|81/100
|-damage|p1b: Volcarona|63/100
|-damage|p1b: Volcarona|46/100
|-enditem|p1b: Volcarona|Sitrus Berry|[eat]
|-heal|p1b: Volcarona|71/100|[from] item: Sitrus Berry
|-hitcount|p1b: Volcarona|3
|-unboost|p2a: Beabadoobee|def|1
|-boost|p2a: Beabadoobee|spe|1
|-damage|p2a: Beabadoobee|90/100|[from] item: Life Orb
|move|p2b: Leon Thomas|Kowtow Cleave|p1b: Volcarona
|-damage|p1b: Volcarona|19/100
|
|upkeep
|turn|3
|
|t:|1785616483
|switch|p1b: Ninetales|Ninetales-Alola, L50, F, shiny|100/100
|-weather|Snowscape|[from] ability: Snow Warning|[of] p1b: Ninetales
|move|p1a: Gengar|Protect|p1a: Gengar
|-singleturn|p1a: Gengar|Protect
|move|p2b: Leon Thomas|Protect|p2b: Leon Thomas
|-singleturn|p2b: Leon Thomas|Protect
|move|p2a: Beabadoobee|Earthquake|p1a: Gengar|[spread] p1b
|-activate|p2b: Leon Thomas|move: Protect
|-activate|p1a: Gengar|move: Protect
|-damage|p1b: Ninetales|46/100
|-damage|p2a: Beabadoobee|80/100|[from] item: Life Orb
|
|-weather|Snowscape|[upkeep]
|upkeep
|turn|4
|
|t:|1785616501
|switch|p1b: Volcarona|Volcarona, L50, F, shiny|19/100
|move|p2a: Beabadoobee|Protect|p2a: Beabadoobee
|-singleturn|p2a: Beabadoobee|Protect
|move|p1a: Gengar|Shadow Ball|p2b: Leon Thomas
|-resisted|p2b: Leon Thomas|1
|-damage|p2b: Leon Thomas|77/100
|move|p2b: Leon Thomas|Iron Head|p1b: Volcarona
|-resisted|p1b: Volcarona|1
|-damage|p1b: Volcarona|0 fnt
|faint|p1b: Volcarona
|
|-weather|Snowscape|[upkeep]
|upkeep
|
|t:|1785616513
|switch|p1b: Ninetales|Ninetales-Alola, L50, F, shiny|46/100
|turn|5
|inactive|lakenta has 30 seconds left.
|
|t:|1785616543
|move|p2b: Leon Thomas|Sucker Punch|p1a: Gengar
|-supereffective|p1a: Gengar|1
|-end|p1a: Gengar|Substitute
|move|p1b: Ninetales|Blizzard|p2a: Beabadoobee|[spread] p2a,p2b
|-supereffective|p2a: Beabadoobee|2
|-resisted|p2b: Leon Thomas|1
|-damage|p2a: Beabadoobee|0 fnt
|-damage|p2b: Leon Thomas|63/100
|faint|p2a: Beabadoobee
|move|p1a: Gengar|Shadow Ball|p2b: Leon Thomas
|-resisted|p2b: Leon Thomas|1
|-damage|p2b: Leon Thomas|41/100
|
|-weather|Snowscape|[upkeep]
|upkeep
|
|t:|1785616552
|switch|p2a: Kanye West|Sneasler, L50, M|100/100
|turn|6
|
|t:|1785616564
|move|p2a: Kanye West|Fake Out|p1b: Ninetales
|-damage|p1b: Ninetales|30/100
|cant|p1b: Ninetales|flinch
|move|p1a: Gengar|Substitute|p1a: Gengar
|-start|p1a: Gengar|Substitute
|-damage|p1a: Gengar|50/100g
|move|p2b: Leon Thomas|Iron Head|p1b: Ninetales
|-supereffective|p1b: Ninetales|2
|-damage|p1b: Ninetales|0 fnt
|faint|p1b: Ninetales
|
|-weather|Snowscape|[upkeep]
|upkeep
|
|t:|1785616567
|switch|p1b: Incineroar|Incineroar, L50, M|100/100
|-ability|p1b: Incineroar|Intimidate|boost
|-unboost|p2a: Kanye West|atk|1
|-unboost|p2b: Leon Thomas|atk|1
|-ability|p2b: Leon Thomas|Defiant|boost
|-boost|p2b: Leon Thomas|atk|2
|-enditem|p2a: Kanye West|White Herb
|-clearnegativeboost|p2a: Kanye West|[silent]
|turn|7
|
|t:|1785616576
|move|p2a: Kanye West|Protect|p2a: Kanye West
|-singleturn|p2a: Kanye West|Protect
|move|p2b: Leon Thomas|Protect|p2b: Leon Thomas
|-singleturn|p2b: Leon Thomas|Protect
|move|p1a: Gengar|Shadow Ball|p2a: Kanye West
|-activate|p2a: Kanye West|move: Protect
|move|p1b: Incineroar|Flare Blitz|p2b: Leon Thomas
|-activate|p2b: Leon Thomas|move: Protect
|
|-weather|none
|upkeep
|turn|8
|
|t:|1785616583
|move|p2b: Leon Thomas|Sucker Punch|p1b: Incineroar
|-resisted|p1b: Incineroar|1
|-damage|p1b: Incineroar|69/100
|move|p2a: Kanye West|Close Combat|p1b: Incineroar
|-supereffective|p1b: Incineroar|1
|-damage|p1b: Incineroar|0 fnt
|-unboost|p2a: Kanye West|def|1
|-unboost|p2a: Kanye West|spd|1
|faint|p1b: Incineroar
|move|p1a: Gengar|Shadow Ball|p2a: Kanye West
|-damage|p2a: Kanye West|0 fnt
|faint|p2a: Kanye West
|
|upkeep
|
|t:|1785616589
|switch|p2a: Billie Eilish|Floette-Eternal, L50, F|100/100
|turn|9
|
|t:|1785616594
|detailschange|p2a: Billie Eilish|Floette-Mega, L50, F
|-mega|p2a: Billie Eilish|Floette|Floettite
|-ability|p2a: Billie Eilish|Fairy Aura
|move|p1a: Gengar|Protect|p1a: Gengar
|-singleturn|p1a: Gengar|Protect
|move|p2a: Billie Eilish|Moonblast|p1a: Gengar
|-activate|p1a: Gengar|move: Protect
|move|p2b: Leon Thomas|Iron Head|p1a: Gengar
|-activate|p1a: Gengar|move: Protect
|
|upkeep
|turn|10
|
|t:|1785616603
|move|p2b: Leon Thomas|Sucker Punch|p1a: Gengar
|-supereffective|p1a: Gengar|1
|-end|p1a: Gengar|Substitute
|move|p1a: Gengar|Shadow Ball|p2b: Leon Thomas
|-resisted|p2b: Leon Thomas|1
|-damage|p2b: Leon Thomas|20/100y
|move|p2a: Billie Eilish|Moonblast|p1a: Gengar
|-resisted|p1a: Gengar|1
|-crit|p1a: Gengar
|-damage|p1a: Gengar|0 fnt
|faint|p1a: Gengar
|
|win|lakenta
