|j|☆FabioVelho
|j|☆cartulo
|html|FabioVelhocartulo    
|uhtml|bestof|Game 2 of a best-of-3
|t:|1782326906
|gametype|doubles
|player|p1|FabioVelho|sage|
|player|p2|cartulo|blue|
|gen|9
|tier|[Gen 9 Champions] VGC 2026 Reg M-B (Bo3)
|rule|Species Clause: Limit one of each Pokémon
|rule|Item Clause: Limit 1 of each item
|clearpoke
|poke|p1|Metagross, L50|
|poke|p1|Kommo-o, L50, M|
|poke|p1|Sylveon, L50, M|
|poke|p1|Aerodactyl, L50, F|
|poke|p1|Incineroar, L50, M|
|poke|p1|Milotic, L50, F|
|poke|p2|Torkoal, L50, M|
|poke|p2|Oranguru, L50, M|
|poke|p2|Sinistcha, L50|
|poke|p2|Golurk, L50|
|poke|p2|Trevenant, L50, M|
|poke|p2|Snorlax, L50, F, shiny|
|teampreview|4
|showteam|p1|Metagross||Metagrossite|ClearBody|IronHead,PsychicFangs,StompingTantrum,Protect|Adamant|||||50|]Kommo-o||Leftovers|Soundproof|ClangingScales,AuraSphere,ClangorousSoul,Protect|Modest||M|||50|]Sylveon||FairyFeather|Pixilate|HyperVoice,HyperBeam,QuickAttack,Detect|Modest||M|||50|]Aerodactyl||Aerodactylite|Unnerve|RockSlide,DualWingbeat,Tailwind,Protect|Jolly||F|||50|]Incineroar||PasshoBerry|Intimidate|FlareBlitz,ThroatChop,PartingShot,FakeOut|Careful||M|||50|]Milotic||SitrusBerry|Competitive|Scald,IcyWind,LifeDew,Protect|Modest||F|||50|
|showteam|p2|Torkoal||Charcoal|Drought|Eruption,HeatWave,EarthPower,Protect|Quiet||M|||50|]Oranguru||MentalHerb|InnerFocus|Psychic,Instruct,TrickRoom,SkillSwap|Quiet||M|||50|]Sinistcha||OccaBerry|Hospitality|MatchaGotcha,RagePowder,LifeDew,TrickRoom|Bold|||||50|]Golurk||Golurkite|IronFist|Poltergeist,RockSlide,PsychUp,Protect|Brave|||||50|]Trevenant||FocusSash|Frisk|HornLeech,RockSlide,PsychUp,TrickRoom|Brave||M|||50|]Snorlax||SitrusBerry|ThickFat|BodySlam,HammerArm,BellyDrum,Protect|Brave||F|||50|
|inactive|Battle timer is ON: inactive players will automatically lose when time's up. (requested by cartulo)
|
|t:|1782326930
|teamsize|p1|4
|teamsize|p2|4
|start
|switch|p1a: Kommo-o|Kommo-o, L50, M|100/100
|switch|p1b: Sylveon|Sylveon, L50, M|100/100
|switch|p2a: Sagazinha UwU|Snorlax, L50, F, shiny|100/100
|switch|p2b: Trevenant|Trevenant, L50, M|100/100
|-item|p1a: Kommo-o|Leftovers|[from] ability: Frisk|[of] p2b: Trevenant
|-item|p1b: Sylveon|Fairy Feather|[from] ability: Frisk|[of] p2b: Trevenant
|turn|1
|
|t:|1782326941
|move|p2a: Sagazinha UwU|Protect|p2a: Sagazinha UwU
|-singleturn|p2a: Sagazinha UwU|Protect
|move|p1a: Kommo-o|Aura Sphere|p2a: Sagazinha UwU
|-activate|p2a: Sagazinha UwU|move: Protect
|move|p1b: Sylveon|Hyper Voice|p2a: Sagazinha UwU|[spread] p2b
|-activate|p2a: Sagazinha UwU|move: Protect
|-damage|p2b: Trevenant|46/100
|move|p2b: Trevenant|Trick Room|p2b: Trevenant
|-fieldstart|move: Trick Room|[of] p2b: Trevenant
|
|upkeep
|turn|2
|inactive|cartulo has 30 seconds left.
|
|t:|1782326967
|move|p2a: Sagazinha UwU|Belly Drum|p2a: Sagazinha UwU
|-damage|p2a: Sagazinha UwU|50/100y
|-setboost|p2a: Sagazinha UwU|atk|6|[from] move: Belly Drum
|-enditem|p2a: Sagazinha UwU|Sitrus Berry|[eat]
|-heal|p2a: Sagazinha UwU|74/100|[from] item: Sitrus Berry
|move|p2b: Trevenant|Horn Leech|p1b: Sylveon
|-damage|p1b: Sylveon|59/100
|-heal|p2b: Trevenant|65/100|[from] drain|[of] p1b: Sylveon
|move|p1b: Sylveon|Hyper Beam|p2a: Sagazinha UwU
|-damage|p2a: Sagazinha UwU|7/100
|-mustrecharge|p1b: Sylveon
|move|p1a: Kommo-o|Aura Sphere|p2a: Sagazinha UwU
|-supereffective|p2a: Sagazinha UwU|1
|-damage|p2a: Sagazinha UwU|0 fnt
|faint|p2a: Sagazinha UwU
|
|upkeep
|
|t:|1782326984
|switch|p2a: Golurk|Golurk, L50|100/100
|turn|3
|
|t:|1782326994
|switch|p1a: Incineroar|Incineroar, L50, M|100/100
|-ability|p1a: Incineroar|Intimidate|boost
|-unboost|p2a: Golurk|atk|1
|-unboost|p2b: Trevenant|atk|1
|detailschange|p2a: Golurk|Golurk-Mega, L50
|-mega|p2a: Golurk|Golurk|Golurkite
|move|p2a: Golurk|Poltergeist|p1a: Incineroar
|-activate|p1a: Incineroar|move: Poltergeist|Passho Berry
|-resisted|p1a: Incineroar|1
|-damage|p1a: Incineroar|79/100
|move|p2b: Trevenant|Horn Leech|p1a: Incineroar
|-resisted|p1a: Incineroar|1
|-damage|p1a: Incineroar|67/100
|-heal|p2b: Trevenant|71/100|[from] drain|[of] p1a: Incineroar
|cant|p1b: Sylveon|recharge
|
|upkeep
|turn|4
|
|t:|1782327018
|move|p1b: Sylveon|Detect|p1b: Sylveon
|-singleturn|p1b: Sylveon|Protect
|move|p2a: Golurk|Rock Slide|p1a: Incineroar|[spread] p1a
|-activate|p1b: Sylveon|move: Protect
|-supereffective|p1a: Incineroar|1
|-damage|p1a: Incineroar|41/100
|move|p2b: Trevenant|Rock Slide|p1b: Sylveon|[spread] p1a
|-activate|p1b: Sylveon|move: Protect
|-supereffective|p1a: Incineroar|1
|-damage|p1a: Incineroar|19/100
|cant|p1a: Incineroar|flinch
|
|upkeep
|turn|5
|
|t:|1782327035
|move|p2a: Golurk|Poltergeist|p1b: Sylveon
|-activate|p1b: Sylveon|move: Poltergeist|Fairy Feather
|-damage|p1b: Sylveon|7/100
|move|p2b: Trevenant|Rock Slide|p1a: Incineroar|[spread] p1a,p1b
|-supereffective|p1a: Incineroar|1
|-damage|p1a: Incineroar|0 fnt
|-damage|p1b: Sylveon|0 fnt
|faint|p1a: Incineroar
|faint|p1b: Sylveon
|
|-fieldend|move: Trick Room
|upkeep
|
|t:|1782327043
|switch|p1b: Kommo-o|Kommo-o, L50, M|100/100
|switch|p1a: Milotic|Milotic, L50, F|100/100
|turn|6
|
|t:|1782327053
|switch|p2b: Sinistcha|Sinistcha, L50|100/100
|move|p1b: Kommo-o|Clanging Scales|p2b: Sinistcha|[spread] p2a,p2b
|-damage|p2a: Golurk|64/100
|-damage|p2b: Sinistcha|57/100
|-unboost|p1b: Kommo-o|def|1
|move|p1a: Milotic|Icy Wind|p2a: Golurk|[spread] p2a,p2b
|-supereffective|p2a: Golurk|1
|-supereffective|p2b: Sinistcha|1
|-damage|p2a: Golurk|43/100
|-damage|p2b: Sinistcha|35/100
|-unboost|p2a: Golurk|spe|1
|-unboost|p2b: Sinistcha|spe|1
|move|p2a: Golurk|Poltergeist|p1b: Kommo-o
|-activate|p1b: Kommo-o|move: Poltergeist|Leftovers
|-damage|p1b: Kommo-o|30/100
|
|-heal|p1b: Kommo-o|36/100|[from] item: Leftovers
|upkeep
|turn|7
|inactive|cartulo has 30 seconds left.
|
|t:|1782327084
|move|p1b: Kommo-o|Clanging Scales|p2a: Golurk|[spread] p2a,p2b
|-damage|p2a: Golurk|8/100
|-damage|p2b: Sinistcha|0 fnt
|faint|p2b: Sinistcha
|-unboost|p1b: Kommo-o|def|1
|move|p1a: Milotic|Icy Wind|p2a: Golurk
|-supereffective|p2a: Golurk|1
|-damage|p2a: Golurk|0 fnt
|faint|p2a: Golurk
|
|-heal|p1b: Kommo-o|42/100|[from] item: Leftovers
|upkeep
|
|t:|1782327088
|switch|p2b: Trevenant|Trevenant, L50, M|71/100
|-item|p1a: Milotic|Sitrus Berry|[from] ability: Frisk|[of] p2b: Trevenant
|-item|p1b: Kommo-o|Leftovers|[from] ability: Frisk|[of] p2b: Trevenant
|turn|8
|
|t:|1782327094
|move|p1b: Kommo-o|Clanging Scales|p2b: Trevenant
|-damage|p2b: Trevenant|13/100
|-unboost|p1b: Kommo-o|def|1
|move|p1a: Milotic|Icy Wind|p2b: Trevenant
|-supereffective|p2b: Trevenant|1
|-damage|p2b: Trevenant|0 fnt
|faint|p2b: Trevenant
|
|win|FabioVelho
