|j|☆subchompiscrazy
|j|☆brentdeg
|html|subchompiscrazybrentdeg    
|uhtml|bestof|Game 1 of a best-of-3
|t:|1783875414
|gametype|doubles
|player|p1|subchompiscrazy|whitney|
|player|p2|brentdeg|clown|
|gen|9
|tier|[Gen 9 Champions] VGC 2026 Reg M-B (Bo3)
|rule|Species Clause: Limit one of each Pokémon
|rule|Item Clause: Limit 1 of each item
|clearpoke
|poke|p1|Kingambit, L50, M, shiny|
|poke|p1|Delphox, L50, F, shiny|
|poke|p1|Garchomp, L50, F, shiny|
|poke|p1|Aerodactyl, L50, M, shiny|
|poke|p1|Tsareena, L50, F, shiny|
|poke|p1|Sneasler, L50, M, shiny|
|poke|p2|Charizard, L50, M|
|poke|p2|Whimsicott, L50, F|
|poke|p2|Kingambit, L50, F|
|poke|p2|Basculegion, L50, M|
|poke|p2|Garchomp, L50, M|
|poke|p2|Floette-Eternal, L50, F|
|teampreview|4
|showteam|p1|Kingambit||ChopleBerry|Defiant|Protect,SuckerPunch,IronHead,KowtowCleave|Adamant||M|||50|]Delphox||Delphoxite|Blaze|Protect,HeatWave,Psychic,Encore|Timid||F|||50|]Garchomp|||RoughSkin|Protect,RockSlide,StompingTantrum,Earthquake|Adamant||F|||50|]Aerodactyl||FocusSash|Unnerve|Protect,RockSlide,DualWingbeat,Tailwind|Jolly||M|||50|]Tsareena||SitrusBerry|QueenlyMajesty|TropKick,LowKick,TripleAxel,SunnyDay|Adamant||F|||50|]Sneasler||WhiteHerb|Unburden|FakeOut,DireClaw,CloseCombat,Feint|Adamant||M|||50|
|showteam|p2|Charizard||CharizarditeY|Blaze|HeatWave,WeatherBall,SolarBeam,Protect|Modest||M|||50|]Whimsicott||FocusSash|Prankster|Protect,Moonblast,Encore,Tailwind|Timid||F|||50|]Kingambit||BlackGlasses|Defiant|KowtowCleave,SuckerPunch,IronHead,Protect|Adamant||F|||50|]Basculegion||LifeOrb|Adaptability|WaveCrash,LastRespects,AquaJet,Protect|Adamant||M|||50|]Garchomp||SitrusBerry|RoughSkin|Earthquake,RockSlide,DragonClaw,Protect|Jolly||M|||50|]Floette-Eternal||Floettite|FlowerVeil|Moonblast,DazzlingGleam,LightofRuin,Protect|Modest||F|||50|
|inactive|Battle timer is ON: inactive players will automatically lose when time's up. (requested by subchompiscrazy)
|inactive|subchompiscrazy has 60 seconds left.
|inactive|brentdeg has 60 seconds left.
|
|t:|1783875466
|teamsize|p1|4
|teamsize|p2|4
|start
|switch|p1a: Aerodactyl|Aerodactyl, L50, M, shiny|100/100
|switch|p1b: Sneasler|Sneasler, L50, M, shiny|100/100
|switch|p2a: Basculegion|Basculegion, L50, M|100/100
|switch|p2b: Whimsicott|Whimsicott, L50, F|100/100
|-ability|p1a: Aerodactyl|Unnerve
|turn|1
|inactive|subchompiscrazy has 30 seconds left.
|
|t:|1783875498
|move|p2b: Whimsicott|Protect|p2b: Whimsicott
|-singleturn|p2b: Whimsicott|Protect
|move|p1b: Sneasler|Feint|p2b: Whimsicott
|-activate|p2b: Whimsicott|move: Feint
|-damage|p2b: Whimsicott|86/100
|move|p1a: Aerodactyl|Dual Wingbeat|p2b: Whimsicott
|-supereffective|p2b: Whimsicott|1
|-damage|p2b: Whimsicott|33/100
|-supereffective|p2b: Whimsicott|1
|-damage|p2b: Whimsicott|0 fnt
|faint|p2b: Whimsicott
|-hitcount|p2: Whimsicott|2
|move|p2a: Basculegion|Wave Crash|p1a: Aerodactyl
|-supereffective|p1a: Aerodactyl|1
|-enditem|p1a: Aerodactyl|Focus Sash
|-damage|p1a: Aerodactyl|1/100
|-damage|p2a: Basculegion|74/100|[from] Recoil
|-damage|p2a: Basculegion|64/100|[from] item: Life Orb
|
|upkeep
|
|t:|1783875517
|switch|p2b: Garchomp|Garchomp, L50, M|100/100
|turn|2
|
|t:|1783875540
|move|p1a: Aerodactyl|Protect|p1a: Aerodactyl
|-singleturn|p1a: Aerodactyl|Protect
|move|p2b: Garchomp|Rock Slide|p1b: Sneasler|[spread] p1b
|-activate|p1a: Aerodactyl|move: Protect
|-resisted|p1b: Sneasler|1
|-damage|p1b: Sneasler|89/100
|move|p1b: Sneasler|Close Combat|p2b: Garchomp
|-damage|p2b: Garchomp|40/100
|-unboost|p1b: Sneasler|def|1
|-unboost|p1b: Sneasler|spd|1
|-damage|p1b: Sneasler|77/100|[from] ability: Rough Skin|[of] p2b: Garchomp
|-enditem|p1b: Sneasler|White Herb
|-clearnegativeboost|p1b: Sneasler|[silent]
|move|p2a: Basculegion|Wave Crash|p1b: Sneasler
|-damage|p1b: Sneasler|0 fnt
|faint|p1b: Sneasler
|-damage|p2a: Basculegion|40/100|[from] Recoil
|-damage|p2a: Basculegion|31/100|[from] item: Life Orb
|
|upkeep
|
|t:|1783875561
|switch|p1b: Delphox|Delphox, L50, F, shiny|100/100
|turn|3
|
|t:|1783875578
|switch|p1a: Garchomp|Garchomp, L50, F, shiny|100/100
|-enditem|p2b: Garchomp|Sitrus Berry|[eat]
|-heal|p2b: Garchomp|65/100|[from] item: Sitrus Berry
|detailschange|p1b: Delphox|Delphox-Mega, L50, F, shiny
|-mega|p1b: Delphox|Delphox|Delphoxite
|move|p1b: Delphox|Protect|p1b: Delphox
|-singleturn|p1b: Delphox|Protect
|move|p2b: Garchomp|Rock Slide|p1b: Delphox|[spread] p1a
|-activate|p1b: Delphox|move: Protect
|-resisted|p1a: Garchomp|1
|-damage|p1a: Garchomp|91/100
|move|p2a: Basculegion|Wave Crash|p1b: Delphox
|-activate|p1b: Delphox|move: Protect
|
|upkeep
|turn|4
|inactive|subchompiscrazy has 30 seconds left.
|inactive|brentdeg has 30 seconds left.
|
|t:|1783875607
|switch|p1b: Aerodactyl|Aerodactyl, L50, M, shiny|1/100
|-ability|p1b: Aerodactyl|Unnerve
|switch|p2a: Charizard|Charizard, L50, M|100/100
|move|p2b: Garchomp|Protect|p2b: Garchomp
|-singleturn|p2b: Garchomp|Protect
|move|p1a: Garchomp|Earthquake|p2a: Charizard|[spread] 
|-activate|p2b: Garchomp|move: Protect
|-immune|p1b: Aerodactyl
|-immune|p2a: Charizard
|
|upkeep
|turn|5
|
|t:|1783875631
|detailschange|p2a: Charizard|Charizard-Mega-Y, L50, M
|-mega|p2a: Charizard|Charizard|Charizardite Y
|-weather|SunnyDay|[from] ability: Drought|[of] p2a: Charizard
|move|p1b: Aerodactyl|Rock Slide|p2a: Charizard|[spread] p2a,p2b
|-supereffective|p2a: Charizard|2
|-resisted|p2b: Garchomp|1
|-damage|p2a: Charizard|7/100
|-damage|p2b: Garchomp|53/100
|move|p2b: Garchomp|Dragon Claw|p1a: Garchomp
|-supereffective|p1a: Garchomp|1
|-crit|p1a: Garchomp
|-damage|p1a: Garchomp|0 fnt
|-damage|p2b: Garchomp|41/100|[from] ability: Rough Skin|[of] p1a: Garchomp
|faint|p1a: Garchomp
|move|p2a: Charizard|Heat Wave|p1b: Aerodactyl
|-resisted|p1b: Aerodactyl|1
|-damage|p1b: Aerodactyl|0 fnt
|faint|p1b: Aerodactyl
|
|-weather|SunnyDay|[upkeep]
|upkeep
|
|t:|1783875647
|switch|p1b: Delphox|Delphox-Mega, L50, F, shiny|100/100
|turn|6
|
|t:|1783875657
|move|p1b: Delphox|Psychic|p2b: Garchomp
|-damage|p2b: Garchomp|0 fnt
|faint|p2b: Garchomp
|move|p2a: Charizard|Weather Ball|p1b: Delphox
|-resisted|p1b: Delphox|1
|-damage|p1b: Delphox|57/100
|
|-weather|SunnyDay|[upkeep]
|upkeep
|
|t:|1783875664
|switch|p2b: Basculegion|Basculegion, L50, M|31/100
|turn|7
|inactive|subchompiscrazy has 30 seconds left.
|inactive|subchompiscrazy has 20 seconds left.
|inactive|subchompiscrazy has 15 seconds left.
|inactive|subchompiscrazy has 10 seconds left.
|inactive|subchompiscrazy has 5 seconds left.
|
|t:|1783875717
|move|p2b: Basculegion|Protect|p2b: Basculegion
|-singleturn|p2b: Basculegion|Protect
|move|p1b: Delphox|Heat Wave|p2a: Charizard|[spread] p2a
|-activate|p2b: Basculegion|move: Protect
|-resisted|p2a: Charizard|1
|-damage|p2a: Charizard|0 fnt
|faint|p2a: Charizard
|
|-weather|SunnyDay|[upkeep]
|upkeep
|turn|8
|
|t:|1783875729
|move|p2b: Basculegion|Aqua Jet|p1b: Delphox
|-supereffective|p1b: Delphox|1
|-damage|p1b: Delphox|15/100
|-damage|p2b: Basculegion|21/100|[from] item: Life Orb
|move|p1b: Delphox|Psychic|p2b: Basculegion
|-damage|p2b: Basculegion|0 fnt
|faint|p2b: Basculegion
|
|win|subchompiscrazy
||brentdeg is ready for game 2.
|inactive|subchompiscrazy has 30 seconds to confirm battle start!
||subchompiscrazy is ready for game 2.
|uhtml|next|Next: Game 2 of 3
