|j|☆blayneh
|j|☆LeDGeNDaRY95
|html|blaynehLeDGeNDaRY95    
|uhtml|bestof|Game 2 of a best-of-3
|t:|1757042023
|gametype|doubles
|player|p1|blayneh|101|1000
|player|p2|LeDGeNDaRY95|lucas|1083
|gen|9
|tier|[Gen 9] VGC 2025 Reg H (Bo3)
|rated|
|rule|Species Clause: Limit one of each Pokémon
|rule|Item Clause: Limit 1 of each item
|clearpoke
|poke|p1|Murkrow, L50, M|
|poke|p1|Pelipper, L50, M|
|poke|p1|Archaludon, L50, M|
|poke|p1|Basculegion, L50, M|
|poke|p1|Electrode-Hisui, L50|
|poke|p1|Garchomp, L50, M|
|poke|p2|Mamoswine, L50, M|
|poke|p2|Talonflame, L50, M|
|poke|p2|Archaludon, L50, F|
|poke|p2|Conkeldurr, L50, M|
|poke|p2|Dragapult, L50, M|
|poke|p2|Sinistcha, L50|
|teampreview|4
|showteam|p1|Murkrow||Eviolite|Prankster|Tailwind,Taunt,RainDance,FoulPlay|||M|||50|,,,,,Ghost]Pelipper||DampRock|Drizzle|Tailwind,Hurricane,WideGuard,Protect|||M|||50|,,,,,Grass]Archaludon||AssaultVest|Stamina|ElectroShot,FlashCannon,DracoMeteor,BodyPress|||M|||50|,,,,,Grass]Basculegion||ChoiceBand|SwiftSwim|WaveCrash,AquaJet,FlipTurn,PsychicFangs|||M|||50|,,,,,Water]Electrode-Hisui||LoadedDice|Aftermath|RainDance,Taunt,Thunder,BulletSeed||||||50|,,,,,Electric]Garchomp||LifeOrb|RoughSkin|EarthPower,DragonClaw,RockSlide,Protect|||M|||50|,,,,,Ground
|showteam|p2|Mamoswine||LoadedDice|ThickFat|Protect,HighHorsepower,IcicleSpear,Haze|||M|||50|,,,,,Bug]Talonflame||CovertCloak|GaleWings|Protect,Tailwind,BraveBird,FlareBlitz|||M|||50|,,,,,Fire]Archaludon||AssaultVest|Stamina|DragonPulse,Thunderbolt,FlashCannon,BodyPress|||F|||50|,,,,,Grass]Conkeldurr||FlameOrb|Guts|Protect,CloseCombat,MachPunch,ThunderPunch|||M|||50|,,,,,Dark]Dragapult||ChoiceBand|ClearBody|DragonDarts,SuckerPunch,TeraBlast,Uturn|||M|||50|,,,,,Ghost]Sinistcha||SitrusBerry|Hospitality|TrickRoom,MatchaGotcha,LifeDew,RagePowder||||||50|,,,,,Fire
|inactive|Battle timer is ON: inactive players will automatically lose when time's up. (requested by LeDGeNDaRY95)
|inactive|LeDGeNDaRY95 has 60 seconds left.
|
|t:|1757042079
|teamsize|p1|4
|teamsize|p2|4
|start
|switch|p1a: Murkrow|Murkrow, L50, M, shiny|100/100
|switch|p1b: Garchomp|Garchomp, L50, M|100/100
|switch|p2a: Talonflame|Talonflame, L50, M, shiny|100/100
|switch|p2b: Archaludon|Archaludon, L50, F, shiny|100/100
|turn|1
|inactive|blayneh has 30 seconds left.
|inactive|LeDGeNDaRY95 has 30 seconds left.
|
|t:|1757042113
|move|p2a: Talonflame|Tailwind|p2a: Talonflame
|-sidestart|p2: LeDGeNDaRY95|move: Tailwind
|move|p1a: Murkrow|Tailwind|p1a: Murkrow
|-sidestart|p1: blayneh|move: Tailwind
|move|p1b: Garchomp|Dragon Claw|p2b: Archaludon
|-damage|p2b: Archaludon|60/100
|-ability|p2b: Archaludon|Stamina|boost
|-boost|p2b: Archaludon|def|1
|-damage|p1b: Garchomp|91/100|[from] item: Life Orb
|move|p2b: Archaludon|Dragon Pulse|p1b: Garchomp
|-supereffective|p1b: Garchomp
|-damage|p1b: Garchomp|3/100
|
|upkeep
|turn|2
|inactive|blayneh has 30 seconds left.
|inactive|blayneh has 20 seconds left.
|inactive|blayneh has 15 seconds left.
|inactive|blayneh has 10 seconds left.
|inactive|blayneh has 5 seconds left.
|
|t:|1757042165
|move|p2a: Talonflame|Brave Bird|p1b: Garchomp
|-damage|p1b: Garchomp|0 fnt
|-damage|p2a: Talonflame|88/100|[from] ability: Rough Skin|[of] p1b: Garchomp
|faint|p1b: Garchomp
|-damage|p2a: Talonflame|88/100|[from] Recoil
|move|p1a: Murkrow|Foul Play|p2a: Talonflame
|-damage|p2a: Talonflame|29/100
|move|p2b: Archaludon|Thunderbolt|p1a: Murkrow
|-supereffective|p1a: Murkrow
|-damage|p1a: Murkrow|20/100
|
|upkeep
|
|t:|1757042180
|switch|p1b: Pelipper|Pelipper, L50, M|100/100
|-weather|RainDance|[from] ability: Drizzle|[of] p1b: Pelipper
|turn|3
|inactive|blayneh has 30 seconds left.
|
|t:|1757042211
|move|p2a: Talonflame|Protect|p2a: Talonflame
|-singleturn|p2a: Talonflame|Protect
|move|p1a: Murkrow|Foul Play|p2a: Talonflame
|-activate|p2a: Talonflame|move: Protect
|move|p2b: Archaludon|Thunderbolt|p1a: Murkrow
|-supereffective|p1a: Murkrow
|-damage|p1a: Murkrow|0 fnt
|faint|p1a: Murkrow
|move|p1b: Pelipper|Hurricane|p2b: Archaludon
|-resisted|p2b: Archaludon
|-damage|p2b: Archaludon|47/100
|-start|p2b: Archaludon|confusion
|-ability|p2b: Archaludon|Stamina|boost
|-boost|p2b: Archaludon|def|1
|
|-weather|RainDance|[upkeep]
|upkeep
|
|t:|1757042224
|switch|p1a: Archaludon|Archaludon, L50, M|100/100
|turn|4
|
|t:|1757042245
|switch|p2a: Mamoswine|Mamoswine, L50, M|100/100
|-activate|p2b: Archaludon|confusion
|-damage|p2b: Archaludon|43/100|[from] confusion
|move|p1a: Archaludon|Electro Shot||[still]
|-prepare|p1a: Archaludon|Electro Shot
|-boost|p1a: Archaludon|spa|1
|-anim|p1a: Archaludon|Electro Shot|p2b: Archaludon
|-resisted|p2b: Archaludon
|-damage|p2b: Archaludon|16/100
|-ability|p2b: Archaludon|Stamina|boost
|-boost|p2b: Archaludon|def|1
|move|p1b: Pelipper|Hurricane|p2a: Mamoswine
|-damage|p2a: Mamoswine|52/100
|-start|p2a: Mamoswine|confusion
|
|-weather|RainDance|[upkeep]
|-sideend|p1: blayneh|move: Tailwind
|-sideend|p2: LeDGeNDaRY95|move: Tailwind
|upkeep
|turn|5
|inactive|blayneh has 30 seconds left.
|
|t:|1757042273
|-activate|p2a: Mamoswine|confusion
|-damage|p2a: Mamoswine|39/100|[from] confusion
|-end|p2b: Archaludon|confusion
|move|p2b: Archaludon|Thunderbolt|p1b: Pelipper
|-supereffective|p1b: Pelipper
|-damage|p1b: Pelipper|0 fnt
|faint|p1b: Pelipper
|move|p1a: Archaludon|Electro Shot||[still]
|-prepare|p1a: Archaludon|Electro Shot
|-boost|p1a: Archaludon|spa|1
|-anim|p1a: Archaludon|Electro Shot|p2b: Archaludon
|-resisted|p2b: Archaludon
|-damage|p2b: Archaludon|0 fnt
|faint|p2b: Archaludon
|
|-weather|RainDance|[upkeep]
|upkeep
|
|t:|1757042284
|switch|p2b: Talonflame|Talonflame, L50, M, shiny|29/100
|turn|6
|
|t:|1757042293
|move|p2b: Talonflame|Tailwind|p2b: Talonflame
|-sidestart|p2: LeDGeNDaRY95|move: Tailwind
|-activate|p2a: Mamoswine|confusion
|move|p2a: Mamoswine|High Horsepower|p1a: Archaludon
|-supereffective|p1a: Archaludon
|-damage|p1a: Archaludon|27/100
|-ability|p1a: Archaludon|Stamina|boost
|-boost|p1a: Archaludon|def|1
|move|p1a: Archaludon|Electro Shot||[still]
|-prepare|p1a: Archaludon|Electro Shot
|-boost|p1a: Archaludon|spa|1
|-anim|p1a: Archaludon|Electro Shot|p2b: Talonflame
|-supereffective|p2b: Talonflame
|-damage|p2b: Talonflame|0 fnt
|faint|p2b: Talonflame
|
|-weather|RainDance|[upkeep]
|upkeep
|
|t:|1757042304
|switch|p2b: Conkeldurr|Conkeldurr, L50, M|100/100
|turn|7
|
|t:|1757042318
|-activate|p2a: Mamoswine|confusion
|move|p2a: Mamoswine|High Horsepower|p1a: Archaludon
|-supereffective|p1a: Archaludon
|-damage|p1a: Archaludon|0 fnt
|faint|p1a: Archaludon
|
|win|LeDGeNDaRY95
|raw|blayneh's rating: 1000 → 1000(+0 for losing)
|raw|LeDGeNDaRY95's rating: 1083 → 1104(+21 for winning)
|c|☆LeDGeNDaRY95|gg
|l|☆blayneh
|player|p1|
