|j|☆the crimson tedidn
|j|☆dangernoodlevgc
|html|the crimson tedidndangernoodlevgc    
|uhtml|bestof|Game 2 of a best-of-3
|t:|1783726894
|gametype|doubles
|player|p1|the crimson tedidn|waitress|
|player|p2|dangernoodlevgc|yellow|
|gen|9
|tier|[Gen 9 Champions] VGC 2026 Reg M-B (Bo3)
|rule|Species Clause: Limit one of each Pokémon
|rule|Item Clause: Limit 1 of each item
|clearpoke
|poke|p1|Floette-Eternal, L50, F|
|poke|p1|Charizard, L50, F|
|poke|p1|Kingambit, L50, M|
|poke|p1|Whimsicott, L50, M|
|poke|p1|Basculegion, L50, M|
|poke|p1|Garchomp, L50, F|
|poke|p2|Gardevoir, L50, F, shiny|
|poke|p2|Maushold, L50, shiny|
|poke|p2|Kingambit, L50, M, shiny|
|poke|p2|Garchomp, L50, F, shiny|
|poke|p2|Talonflame, L50, M, shiny|
|poke|p2|Basculegion, L50, M|
|teampreview|4
|showteam|p1|Floette-Eternal||Floettite|FlowerVeil|Moonblast,DazzlingGleam,LightofRuin,Protect|Timid||F|||50|]Charizard||CharizarditeY|Blaze|SolarBeam,HeatWave,WeatherBall,Protect|Modest||F|||50|]Kingambit||BlackGlasses|Defiant|IronHead,Protect,KowtowCleave,SuckerPunch|Adamant||M|||50|]Whimsicott||FocusSash|Prankster|Moonblast,Tailwind,Encore,Protect|Timid||M|||50|]Basculegion||MysticWater|Adaptability|WaveCrash,Protect,LastRespects,AquaJet|Adamant||M|||50|]Garchomp||LifeOrb|RoughSkin|RockSlide,Protect,DragonClaw,Earthquake|Jolly||F|||50|
|showteam|p2|Gardevoir||Gardevoirite|Trace|Protect,HyperVoice,Psyshock,VacuumWave|Modest||F|||50|]Maushold||FocusSash|FriendGuard|Protect,SuperFang,FollowMe,Taunt|Timid|||||50|]Kingambit||BlackGlasses|Defiant|Protect,KowtowCleave,SuckerPunch,LowKick|Adamant||M|||50|]Garchomp||LifeOrb|RoughSkin|Protect,DragonClaw,Earthquake,RockSlide|Jolly||F|||50|]Talonflame||SharpBeak|GaleWings|Protect,DualWingbeat,Tailwind,QuickGuard|Jolly||M|||50|]Basculegion||ChoiceScarf|Adaptability|WaveCrash,AquaJet,FlipTurn,LastRespects|Jolly||M|||50|
|inactive|Battle timer is ON: inactive players will automatically lose when time's up. (requested by the crimson tedidn)
|inactive|dangernoodlevgc also wants the timer to be on.
|j| mbladderisdead
|j| vrocehpalon
|j| Vikram chan
|j| 21Kieran
|c| Vikram chan|tiki tiki tiki
|j| TemporalDonut
|j| triziateam
|j| thebigmacky
|inactive|the crimson tedidn has 60 seconds left.
|inactive|the crimson tedidn has 30 seconds left.
|inactive|the crimson tedidn has 20 seconds left.
|
|t:|1783726967
|teamsize|p1|4
|teamsize|p2|4
|start
|switch|p1a: Kingambit|Kingambit, L50, M|100/100
|switch|p1b: Garchomp|Garchomp, L50, F|100/100
|switch|p2a: please no|Garchomp, L50, F, shiny|100/100
|switch|p2b: Reborn|Talonflame, L50, M, shiny|100/100
|turn|1
|j| magnetman210
|
|t:|1783726988
|move|p1b: Garchomp|Protect|p1b: Garchomp
|-singleturn|p1b: Garchomp|Protect
|move|p2b: Reborn|Tailwind|p2b: Reborn
|-sidestart|p2: dangernoodlevgc|move: Tailwind
|move|p2a: please no|Earthquake|p1a: Kingambit|[spread] p1a
|-activate|p1b: Garchomp|move: Protect
|-immune|p2b: Reborn
|-supereffective|p1a: Kingambit|1
|-damage|p1a: Kingambit|30/100
|-damage|p2a: please no|90/100|[from] item: Life Orb
|move|p1a: Kingambit|Kowtow Cleave|p2b: Reborn
|-damage|p2b: Reborn|14/100
|
|upkeep
|turn|2
|j| Pokken2Plz
|inactive|the crimson tedidn has 30 seconds left.
|
|t:|1783727014
|switch|p1b: Whimsicott|Whimsicott, L50, M|100/100
|move|p2b: Reborn|Quick Guard|p2b: Reborn
|-singleturn|p2b: Reborn|Quick Guard
|move|p1a: Kingambit|Sucker Punch||[still]
|-fail|p1a: Kingambit
|move|p2a: please no|Earthquake|p1a: Kingambit|[spread] p1a,p1b
|-immune|p2b: Reborn
|-supereffective|p1a: Kingambit|1
|-resisted|p1b: Whimsicott|1
|-damage|p1a: Kingambit|0 fnt
|-damage|p1b: Whimsicott|65/100
|faint|p1a: Kingambit
|-damage|p2a: please no|80/100|[from] item: Life Orb
|
|upkeep
|
|t:|1783727025
|switch|p1a: Floette|Floette-Eternal, L50, F|100/100
|turn|3
|
|t:|1783727044
|detailschange|p1a: Floette|Floette-Mega, L50, F
|-mega|p1a: Floette|Floette|Floettite
|-ability|p1a: Floette|Fairy Aura
|move|p1b: Whimsicott|Encore|p2b: Reborn
|-start|p2b: Reborn|Encore
|move|p2b: Reborn|Quick Guard|p2b: Reborn
|-singleturn|p2b: Reborn|Quick Guard
|move|p2a: please no|Earthquake|p1a: Floette|[spread] p1a,p1b
|-immune|p2b: Reborn
|-resisted|p1b: Whimsicott|1
|-damage|p1a: Floette|34/100
|-damage|p1b: Whimsicott|29/100
|-damage|p2a: please no|70/100|[from] item: Life Orb
|move|p1a: Floette|Dazzling Gleam|p2b: Reborn|[spread] p2a,p2b
|-supereffective|p2a: please no|1
|-resisted|p2b: Reborn|1
|-damage|p2a: please no|0 fnt
|-damage|p2b: Reborn|0 fnt
|faint|p2a: please no
|faint|p2b: Reborn
|
|upkeep
|
|t:|1783727057
|switch|p2b: Red Beard|Basculegion, L50, M|100/100
|switch|p2a: Am I the Drama?|Gardevoir, L50, F, shiny|100/100
|-ability|p2a: Am I the Drama?|Prankster|Trace|[from] ability: Trace|[of] p1b: Whimsicott
|turn|4
|inactive|the crimson tedidn has 30 seconds left.
|inactive|the crimson tedidn has 20 seconds left.
|inactive|the crimson tedidn has 15 seconds left.
|inactive|the crimson tedidn has 10 seconds left.
|j| dingle bong
|
|t:|1783727107
|detailschange|p2a: Am I the Drama?|Gardevoir-Mega, L50, F, shiny
|-mega|p2a: Am I the Drama?|Gardevoir|Gardevoirite
|move|p1a: Floette|Protect|p1a: Floette
|-singleturn|p1a: Floette|Protect
|move|p2b: Red Beard|Aqua Jet|p1a: Floette
|-activate|p1a: Floette|move: Protect
|move|p1b: Whimsicott|Tailwind|p1b: Whimsicott
|-sidestart|p1: the crimson tedidn|move: Tailwind
|move|p2a: Am I the Drama?|Hyper Voice|p1b: Whimsicott|[spread] p1b
|-activate|p1a: Floette|move: Protect
|-damage|p1b: Whimsicott|0 fnt
|faint|p1b: Whimsicott
|
|-sideend|p2: dangernoodlevgc|move: Tailwind
|upkeep
|
|t:|1783727118
|switch|p1b: Garchomp|Garchomp, L50, F|100/100
|turn|5
|l| magnetman210
|j| magnetman210
|inactive|the crimson tedidn has 30 seconds left.
|
|t:|1783727147
|move|p2b: Red Beard|Aqua Jet|p1a: Floette
|-damage|p1a: Floette|5/100
|move|p1b: Garchomp|Rock Slide|p2b: Red Beard|[spread] p2a,p2b
|-damage|p2a: Am I the Drama?|56/100
|-damage|p2b: Red Beard|73/100
|-damage|p1b: Garchomp|90/100|[from] item: Life Orb
|move|p1a: Floette|Light of Ruin|p2a: Am I the Drama?|[miss]
|-miss|p1a: Floette|p2a: Am I the Drama?
|cant|p2a: Am I the Drama?|flinch
|
|upkeep
|turn|6
|
|t:|1783727165
|move|p1a: Floette|Protect|p1a: Floette
|-singleturn|p1a: Floette|Protect
|move|p2a: Am I the Drama?|Protect|p2a: Am I the Drama?
|-singleturn|p2a: Am I the Drama?|Protect
|move|p2b: Red Beard|Aqua Jet|p1a: Floette
|-activate|p1a: Floette|move: Protect
|move|p1b: Garchomp|Earthquake|p2b: Red Beard|[spread] p2b
|-activate|p1a: Floette|move: Protect
|-activate|p2a: Am I the Drama?|move: Protect
|-damage|p2b: Red Beard|21/100
|-damage|p1b: Garchomp|80/100|[from] item: Life Orb
|
|upkeep
|turn|7
|
|t:|1783727171
|move|p2b: Red Beard|Aqua Jet|p1a: Floette
|-damage|p1a: Floette|0 fnt
|faint|p1a: Floette
|move|p1b: Garchomp|Earthquake|p2b: Red Beard|[spread] p2a,p2b
|-damage|p2a: Am I the Drama?|0 fnt
|-damage|p2b: Red Beard|0 fnt
|faint|p2a: Am I the Drama?
|faint|p2b: Red Beard
|-damage|p1b: Garchomp|70/100|[from] item: Life Orb
|
|win|the crimson tedidn
||the crimson tedidn is ready for game 3.
||dangernoodlevgc is ready for game 3.
|uhtml|next|Next: Game 3 of 3
|l|☆dangernoodlevgc
|player|p2|
|l| 21Kieran
|l| dingle bong
|l| magnetman210
|l| Vikram chan
|l| Pokken2Plz
|l| mbladderisdead
|l| triziateam
|l| TemporalDonut
|j|☆dangernoodlevgc
|player|p2|dangernoodlevgc|yellow|
|l| thebigmacky
|j| shrimplyasapphic
