|j|☆Centiskorch18
|j|☆sorrysoda
|html|Centiskorch18sorrysoda    
|uhtml|bestof|Game 2 of a best-of-3
|t:|1754712630
|gametype|doubles
|player|p1|Centiskorch18|2|1164
|player|p2|sorrysoda|102|1188
|gen|9
|tier|[Gen 9] VGC 2025 Reg H (Bo3)
|rated|
|rule|Species Clause: Limit one of each Pokémon
|rule|Item Clause: Limit 1 of each item
|clearpoke
|poke|p1|Vivillon-Sun, L50, M|
|poke|p1|Garchomp, L50, M|
|poke|p1|Incineroar, L50, M|
|poke|p1|Gholdengo, L50|
|poke|p1|Primarina, L50, F|
|poke|p1|Annihilape, L50, F|
|poke|p2|Pelipper, L50, F|
|poke|p2|Basculegion, L50, M|
|poke|p2|Archaludon, L50, F|
|poke|p2|Amoonguss, L50, F|
|poke|p2|Gholdengo, L50|
|poke|p2|Incineroar, L50, F|
|teampreview|4
|showteam|p1|Vivillon-Sun||FocusSash|CompoundEyes|Hurricane,SleepPowder,Tailwind,Protect|||M|||50|,,,,,Ghost]Garchomp||LifeOrb|RoughSkin|Earthquake,StompingTantrum,DragonClaw,Protect|||M|||50|,,,,,Fairy]Incineroar||SafetyGoggles|Intimidate|FlareBlitz,KnockOff,FakeOut,PartingShot|||M|||50|,,,,,Grass]Gholdengo||ChoiceSpecs|GoodasGold|MakeItRain,ShadowBall,Thunderbolt,DazzlingGleam||||||50|,,,,,Steel]Primarina||SitrusBerry|LiquidVoice|HyperVoice,Moonblast,Haze,Protect|||F|||50|,,,,,Poison]Annihilape||ChoiceScarf|Defiant|CloseCombat,FinalGambit,PhantomForce,Uturn|||F|||50|,,,,,Stellar
|showteam|p2|Pelipper||FocusSash|Drizzle|Hurricane,WeatherBall,Tailwind,Protect|||F|||50|,,,,,Ground]Basculegion||ChoiceScarf|Adaptability|WaveCrash,FlipTurn,AquaJet,LastRespects|||M|||50|,,,,,Water]Archaludon||AssaultVest|Stamina|ElectroShot,DracoMeteor,FlashCannon,BodyPress|||F|||50|,,,,,Grass]Amoonguss||SitrusBerry|Regenerator|Spore,RagePowder,PollenPuff,Protect|||F|||50|,,,,,Fairy]Gholdengo||Leftovers|GoodasGold|MakeItRain,ShadowBall,NastyPlot,Protect||||||50|,,,,,Water]Incineroar||RockyHelmet|Intimidate|FakeOut,KnockOff,Taunt,PartingShot|||F|||50|,,,,,Ghost
|inactive|Battle timer is ON: inactive players will automatically lose when time's up. (requested by Centiskorch18)
|c|☆Centiskorch18|glhf
|inactive|sorrysoda has 60 seconds left.
|
|t:|1754712670
|teamsize|p1|4
|teamsize|p2|4
|start
|switch|p1a: Vivillon|Vivillon-Sun, L50, M|100/100
|switch|p1b: Primarina|Primarina, L50, F|100/100
|switch|p2a: Pelipper|Pelipper, L50, F|100/100
|switch|p2b: Basculegion|Basculegion, L50, M, shiny|100/100
|-weather|RainDance|[from] ability: Drizzle|[of] p2a: Pelipper
|turn|1
|inactive|Centiskorch18 has 30 seconds left.
|inactive|sorrysoda has 30 seconds left.
|inactive|sorrysoda has 20 seconds left.
|inactive|sorrysoda has 15 seconds left.
|
|t:|1754712711
|move|p2b: Basculegion|Flip Turn|p1a: Vivillon
|-enditem|p1a: Vivillon|Focus Sash
|-damage|p1a: Vivillon|1/100
|inactive|sorrysoda has 30 seconds left.
|
|t:|1754712741
|switch|p2b: Archaludon|Archaludon, L50, F, shiny|100/100|[from] Flip Turn
|move|p1a: Vivillon|Sleep Powder|p2a: Pelipper
|-status|p2a: Pelipper|slp|[from] move: Sleep Powder
|cant|p2a: Pelipper|slp
|move|p1b: Primarina|Moonblast|p2a: Pelipper
|-damage|p2a: Pelipper|5/100 slp
|
|-weather|RainDance|[upkeep]
|upkeep
|turn|2
|inactive|sorrysoda has 30 seconds left.
|
|t:|1754712770
|switch|p1b: Garchomp|Garchomp, L50, M|100/100
|-terastallize|p2b: Archaludon|Grass
|move|p1a: Vivillon|Tailwind|p1a: Vivillon
|-sidestart|p1: Centiskorch18|move: Tailwind
|cant|p2a: Pelipper|slp
|move|p2b: Archaludon|Electro Shot||[still]
|-prepare|p2b: Archaludon|Electro Shot
|-boost|p2b: Archaludon|spa|1
|-anim|p2b: Archaludon|Electro Shot|p1b: Garchomp
|-immune|p1b: Garchomp
|
|-weather|RainDance|[upkeep]
|upkeep
|turn|3
|inactive|Centiskorch18 has 30 seconds left.
|inactive|sorrysoda has 30 seconds left.
|
|t:|1754712800
|move|p1b: Garchomp|Protect|p1b: Garchomp
|-singleturn|p1b: Garchomp|Protect
|move|p1a: Vivillon|Hurricane|p2b: Archaludon
|-supereffective|p2b: Archaludon
|-damage|p2b: Archaludon|51/100
|-ability|p2b: Archaludon|Stamina|boost
|-boost|p2b: Archaludon|def|1
|cant|p2a: Pelipper|slp
|move|p2b: Archaludon|Draco Meteor|p1b: Garchomp
|-activate|p1b: Garchomp|move: Protect
|
|-weather|RainDance|[upkeep]
|upkeep
|turn|4
|inactive|sorrysoda has 30 seconds left.
|
|t:|1754712827
|move|p1b: Garchomp|Dragon Claw|p2a: Pelipper
|-damage|p2a: Pelipper|0 fnt
|faint|p2a: Pelipper
|-damage|p1b: Garchomp|91/100|[from] item: Life Orb
|move|p1a: Vivillon|Hurricane|p2b: Archaludon
|-supereffective|p2b: Archaludon
|-damage|p2b: Archaludon|0 fnt
|faint|p2b: Archaludon
|
|-weather|RainDance|[upkeep]
|upkeep
|
|t:|1754712837
|switch|p2a: Basculegion|Basculegion, L50, M, shiny|100/100
|switch|p2b: Gholdengo|Gholdengo, L50|100/100
|turn|5
|
|t:|1754712855
|move|p2b: Gholdengo|Protect|p2b: Gholdengo
|-singleturn|p2b: Gholdengo|Protect
|move|p1b: Garchomp|Earthquake|p2a: Basculegion|[spread] p2a
|-activate|p2b: Gholdengo|move: Protect
|-immune|p1a: Vivillon
|-damage|p2a: Basculegion|32/100
|-damage|p1b: Garchomp|81/100|[from] item: Life Orb
|move|p1a: Vivillon|Sleep Powder|p2a: Basculegion
|-status|p2a: Basculegion|slp|[from] move: Sleep Powder
|cant|p2a: Basculegion|slp
|
|-weather|none
|-sideend|p1: Centiskorch18|move: Tailwind
|upkeep
|turn|6
|inactive|sorrysoda has 30 seconds left.
|
|t:|1754712882
|-curestatus|p2a: Basculegion|slp|[msg]
|move|p2a: Basculegion|Wave Crash|p1b: Garchomp
|-damage|p1b: Garchomp|4/100
|-damage|p2a: Basculegion|20/100|[from] ability: Rough Skin|[of] p1b: Garchomp
|-damage|p2a: Basculegion|0 fnt|[from] Recoil
|faint|p2a: Basculegion
|move|p1b: Garchomp|Earthquake|p2b: Gholdengo|[spread] p2b
|-immune|p1a: Vivillon
|-supereffective|p2b: Gholdengo
|-damage|p2b: Gholdengo|0 fnt
|faint|p2b: Gholdengo
|-damage|p1b: Garchomp|0 fnt|[from] item: Life Orb
|faint|p1b: Garchomp
|
|win|Centiskorch18
|raw|Centiskorch18's rating: 1164 → 1191(+27 for winning)
|raw|sorrysoda's rating: 1188 → 1161(-27 for losing)
|c|☆Centiskorch18|gg wp
|c|☆sorrysoda|Gg
|l|☆Centiskorch18
|player|p1|
