|j|☆aus10
|j|☆Theverynotsusman
|html|aus10Theverynotsusman    
|uhtml|bestof|Game 1 of a best-of-3
|t:|1756400738
|gametype|doubles
|player|p1|aus10|steven|1094
|player|p2|Theverynotsusman|101|1088
|gen|9
|tier|[Gen 9] VGC 2025 Reg H (Bo3)
|rated|
|rule|Species Clause: Limit one of each Pokémon
|rule|Item Clause: Limit 1 of each item
|clearpoke
|poke|p1|Pelipper, L50, F|
|poke|p1|Archaludon, L50, F|
|poke|p1|Maushold-Four, L50|
|poke|p1|Basculegion, L50, M|
|poke|p1|Amoonguss, L50, F|
|poke|p1|Incineroar, L50, F|
|poke|p2|Dondozo, L50, M|
|poke|p2|Tatsugiri-Droopy, L50, F|
|poke|p2|Volcarona, L50, M|
|poke|p2|Sneasler, L50, M|
|poke|p2|Dragapult, L50, F|
|poke|p2|Murkrow, L50, F|
|teampreview|4
|showteam|p1|Pelipper||FocusSash|Drizzle|Hurricane,WeatherBall,Tailwind,Protect|||F|||50|,,,,,Ghost]Archaludon||AssaultVest|Stamina|ElectroShot,Snarl,DracoMeteor,BodyPress|||F|||50|,,,,,Grass]Maushold-Four||WideLens|Technician|PopulationBomb,FollowMe,Taunt,Protect||||||50|,,,,,Grass]Basculegion||MysticWater|SwiftSwim|WaveCrash,AquaJet,LastRespects,Protect|||M|||50|,,,,,Water]Amoonguss||SitrusBerry|Regenerator|PollenPuff,RagePowder,Spore,Protect|||F|||50|,,,,,Water]Incineroar||SafetyGoggles|Intimidate|FlareBlitz,KnockOff,FakeOut,PartingShot|||F|||50|,,,,,Ghost
|showteam|p2|Dondozo||Leftovers|Oblivious|BodyPress,OrderUp,Protect,WaveCrash|||M|||50|,,,,,Grass]Tatsugiri-Droopy||FocusSash|Commander|DracoMeteor,MuddyWater,Protect,IcyWind|||F|||50|,,,,,Stellar]Volcarona||RockyHelmet|FlameBody|QuiverDance,HeatWave,GigaDrain,Protect|||M|||50|,,,,,Grass]Sneasler||ClearAmulet|PoisonTouch|CloseCombat,DireClaw,FakeOut,Protect|||M|||50|,,,,,Stellar]Dragapult||ChoiceBand|ClearBody|PhantomForce,Outrage,DragonDarts,Uturn|||F|||50|,,,,,Dragon]Murkrow||Eviolite|Prankster|Tailwind,Protect,BraveBird,Haze|||F|||50|,,,,,Ghost
|inactive|Battle timer is ON: inactive players will automatically lose when time's up. (requested by aus10)
|inactive|aus10 has 60 seconds left.
|inactive|Theverynotsusman has 60 seconds left.
|inactive|aus10 has 30 seconds left.
|
|t:|1756400804
|teamsize|p1|4
|teamsize|p2|4
|start
|switch|p1a: Pelipper|Pelipper, L50, F, shiny|100/100
|switch|p1b: Basculegion|Basculegion, L50, M, shiny|100/100
|switch|p2a: Dondozo|Dondozo, L50, M|100/100
|switch|p2b: Tatsugiri|Tatsugiri-Droopy, L50, F|100/100
|-weather|RainDance|[from] ability: Drizzle|[of] p1a: Pelipper
|-activate|p2b: Tatsugiri|ability: Commander|[of] p2a: Dondozo
|-boost|p2a: Dondozo|atk|2
|-boost|p2a: Dondozo|spa|2
|-boost|p2a: Dondozo|spe|2
|-boost|p2a: Dondozo|def|2
|-boost|p2a: Dondozo|spd|2
|turn|1
|inactive|aus10 has 30 seconds left.
|inactive|aus10 has 20 seconds left.
|inactive|aus10 has 15 seconds left.
|
|t:|1756400847
|switch|p1b: Amoonguss|Amoonguss, L50, F, shiny|100/100
|move|p2a: Dondozo|Order Up|p1b: Amoonguss
|-damage|p1b: Amoonguss|66/100
|-boost|p2a: Dondozo|def|1
|move|p1a: Pelipper|Hurricane|p2a: Dondozo
|-damage|p2a: Dondozo|76/100
|
|-weather|RainDance|[upkeep]
|-heal|p2a: Dondozo|82/100|[from] item: Leftovers
|upkeep
|turn|2
|inactive|aus10 has 30 seconds left.
|inactive|aus10 has 20 seconds left.
|
|t:|1756400885
|move|p2a: Dondozo|Protect|p2a: Dondozo
|-singleturn|p2a: Dondozo|Protect
|move|p1a: Pelipper|Hurricane|p2a: Dondozo
|-activate|p2a: Dondozo|move: Protect
|move|p1b: Amoonguss|Spore|p2a: Dondozo
|-activate|p2a: Dondozo|move: Protect
|
|-weather|RainDance|[upkeep]
|-heal|p2a: Dondozo|88/100|[from] item: Leftovers
|upkeep
|turn|3
|
|t:|1756400905
|-terastallize|p2a: Dondozo|Grass
|move|p2a: Dondozo|Body Press|p1b: Amoonguss
|-resisted|p1b: Amoonguss
|-damage|p1b: Amoonguss|41/100
|-enditem|p1b: Amoonguss|Sitrus Berry|[eat]
|-heal|p1b: Amoonguss|66/100|[from] item: Sitrus Berry
|move|p1a: Pelipper|Hurricane|p2a: Dondozo
|-supereffective|p2a: Dondozo
|-damage|p2a: Dondozo|45/100
|move|p1b: Amoonguss|Spore|p2a: Dondozo
|-immune|p2a: Dondozo
|
|-weather|RainDance|[upkeep]
|-heal|p2a: Dondozo|51/100|[from] item: Leftovers
|upkeep
|turn|4
|
|t:|1756400922
|switch|p1b: Archaludon|Archaludon, L50, F, shiny|100/100
|move|p2a: Dondozo|Protect|p2a: Dondozo
|-singleturn|p2a: Dondozo|Protect
|move|p1a: Pelipper|Hurricane|p2a: Dondozo
|-activate|p2a: Dondozo|move: Protect
|
|-weather|RainDance|[upkeep]
|-heal|p2a: Dondozo|57/100|[from] item: Leftovers
|upkeep
|turn|5
|
|t:|1756400936
|-terastallize|p1b: Archaludon|Grass
|move|p2a: Dondozo|Body Press|p1b: Archaludon
|-damage|p1b: Archaludon|54/100
|-ability|p1b: Archaludon|Stamina|boost
|-boost|p1b: Archaludon|def|1
|move|p1a: Pelipper|Hurricane|p2a: Dondozo
|-supereffective|p2a: Dondozo
|-damage|p2a: Dondozo|12/100
|move|p1b: Archaludon|Electro Shot||[still]
|-prepare|p1b: Archaludon|Electro Shot
|-boost|p1b: Archaludon|spa|1
|-anim|p1b: Archaludon|Electro Shot|p2a: Dondozo
|-resisted|p2a: Dondozo
|-damage|p2a: Dondozo|0 fnt
|faint|p2a: Dondozo
|
|-weather|none
|upkeep
|inactive|Theverynotsusman has 30 seconds left.
|inactive|Theverynotsusman has 20 seconds left.
|
|t:|1756400973
|switch|p2a: Dragapult|Dragapult, L50, F|100/100
|turn|6
|inactive|aus10 has 30 seconds left.
|
|t:|1756401004
|move|p2a: Dragapult|Dragon Darts|p1b: Archaludon
|-damage|p1b: Archaludon|35/100
|-ability|p1b: Archaludon|Stamina|boost
|-boost|p1b: Archaludon|def|1
|-anim|p2a: Dragapult|Dragon Darts|p1a: Pelipper
|-damage|p1a: Pelipper|50/100
|move|p2b: Tatsugiri|Icy Wind|p1b: Archaludon|[spread] p1a,p1b
|-supereffective|p1b: Archaludon
|-damage|p1a: Pelipper|23/100
|-damage|p1b: Archaludon|10/100
|-unboost|p1a: Pelipper|spe|1
|-unboost|p1b: Archaludon|spe|1
|-ability|p1b: Archaludon|Stamina|boost
|-boost|p1b: Archaludon|def|1
|move|p1a: Pelipper|Tailwind|p1a: Pelipper
|-sidestart|p1: aus10|move: Tailwind
|move|p1b: Archaludon|Snarl|p2b: Tatsugiri|[spread] p2a,p2b
|-supereffective|p2a: Dragapult
|-damage|p2a: Dragapult|37/100
|-damage|p2b: Tatsugiri|73/100
|-unboost|p2b: Tatsugiri|spa|1
|
|upkeep
|turn|7
|inactive|aus10 has 30 seconds left.
|inactive|Theverynotsusman has 30 seconds left.
|
|t:|1756401039
|switch|p1a: Amoonguss|Amoonguss, L50, F, shiny|99/100
|switch|p2b: Sneasler|Sneasler, L50, M|100/100
|move|p2a: Dragapult|Dragon Darts|p1b: Archaludon
|-damage|p1b: Archaludon|0 fnt
|-anim|p2a: Dragapult|Dragon Darts|p1a: Amoonguss
|-damage|p1a: Amoonguss|66/100
|faint|p1b: Archaludon
|
|upkeep
|
|t:|1756401052
|switch|p1b: Basculegion|Basculegion, L50, M, shiny|100/100
|turn|8
|
|t:|1756401064
|switch|p1a: Pelipper|Pelipper, L50, F, shiny|23/100
|-weather|RainDance|[from] ability: Drizzle|[of] p1a: Pelipper
|move|p1b: Basculegion|Last Respects|p2a: Dragapult
|-supereffective|p2a: Dragapult
|-damage|p2a: Dragapult|0 fnt
|faint|p2a: Dragapult
|move|p2b: Sneasler|Dire Claw|p1a: Pelipper
|-crit|p1a: Pelipper
|-damage|p1a: Pelipper|0 fnt
|faint|p1a: Pelipper
|
|-weather|RainDance|[upkeep]
|upkeep
|
|t:|1756401076
|switch|p2a: Tatsugiri|Tatsugiri-Droopy, L50, F|73/100
|switch|p1a: Amoonguss|Amoonguss, L50, F, shiny|99/100
|turn|9
|
|t:|1756401085
|move|p2b: Sneasler|Protect|p2b: Sneasler
|-singleturn|p2b: Sneasler|Protect
|move|p2a: Tatsugiri|Protect|p2a: Tatsugiri
|-singleturn|p2a: Tatsugiri|Protect
|move|p1a: Amoonguss|Rage Powder|p1a: Amoonguss
|-singleturn|p1a: Amoonguss|move: Rage Powder
|move|p1b: Basculegion|Last Respects|p2b: Sneasler
|-activate|p2b: Sneasler|move: Protect
|
|-weather|RainDance|[upkeep]
|-sideend|p1: aus10|move: Tailwind
|upkeep
|turn|10
|inactive|Theverynotsusman has 30 seconds left.
|
|t:|1756401119
|move|p1a: Amoonguss|Rage Powder|p1a: Amoonguss
|-singleturn|p1a: Amoonguss|move: Rage Powder
|move|p1b: Basculegion|Last Respects|p2a: Tatsugiri
|-damage|p2a: Tatsugiri|0 fnt
|faint|p2a: Tatsugiri
|move|p2b: Sneasler|Dire Claw|p1a: Amoonguss
|-damage|p1a: Amoonguss|66/100
|
|-weather|RainDance|[upkeep]
|upkeep
|turn|11
|
|t:|1756401129
|move|p1a: Amoonguss|Rage Powder|p1a: Amoonguss
|-singleturn|p1a: Amoonguss|move: Rage Powder
|move|p1b: Basculegion|Last Respects|p2b: Sneasler
|-damage|p2b: Sneasler|0 fnt
|faint|p2b: Sneasler
|
|win|aus10
||aus10 is ready for game 2.
||Theverynotsusman is ready for game 2.
|uhtml|next|Next: Game 2 of 3
|l|☆Theverynotsusman
|player|p2|
