|j|☆tirion
|j|☆Fell Blue
|html|tirionFell Blue    
|uhtml|bestof|Game 3 of a best-of-3
|t:|1782449774
|gametype|doubles
|player|p1|tirion|169|1028
|player|p2|Fell Blue|gwynn|1145
|gen|9
|tier|[Gen 9 Champions] VGC 2026 Reg M-B (Bo3)
|rated|
|rule|Species Clause: Limit one of each Pokémon
|rule|Item Clause: Limit 1 of each item
|clearpoke
|poke|p1|Blastoise, L50, M|
|poke|p1|Archaludon, L50, M|
|poke|p1|Sinistcha, L50|
|poke|p1|Politoed, L50, F|
|poke|p1|Scizor, L50, M|
|poke|p1|Farigiraf, L50, M|
|poke|p2|Torkoal, L50, F|
|poke|p2|Pyroar, L50, M|
|poke|p2|Farigiraf, L50, F|
|poke|p2|Mawile, L50, M|
|poke|p2|Gyarados, L50, F|
|poke|p2|Kangaskhan, L50, F|
|teampreview|4
|showteam|p1|Blastoise||Blastoisinite|RainDish|WaterSpout,AuraSphere,DarkPulse,FakeOut|Quiet||M|||50|]Archaludon||Leftovers|Stamina|ElectroShot,AuraSphere,FlashCannon,Protect|Bold||M|||50|]Sinistcha||CobaBerry|Hospitality|MatchaGotcha,RagePowder,TrickRoom,LifeDew|Sassy|||||50|]Politoed||MysticWater|Drizzle|ChillingWater,IceBeam,WeatherBall,HelpingHand|Bold||F|||50|]Scizor||Scizorite|Technician|BugBite,BulletPunch,KnockOff,SwordsDance|Brave||M|||50|]Farigiraf||ColburBerry|ArmorTail|TwinBeam,TrickRoom,RainDance,Protect|Relaxed||M|||50|
|showteam|p2|Torkoal||Charcoal|Drought|Eruption,WeatherBall,HelpingHand,Protect|Quiet||F|||50|]Pyroar||Pyroarite|Rivalry|Overheat,HeatWave,Flamethrower,Protect|Timid||M|||50|]Farigiraf||SitrusBerry|ArmorTail|Psychic,TrickRoom,HelpingHand,Protect|Bold||F|||50|]Mawile||Mawilite|HyperCutter|PlayRough,BrickBreak,SuckerPunch,Protect|Brave||M|||50|]Gyarados||ExpertBelt|Intimidate|StoneEdge,PowerWhip,IceFang,Protect|Adamant||F|||50|]Kangaskhan||SilkScarf|Scrappy|FakeOut,LastResort|Brave||F|||50|
|
|t:|1782449838
|teamsize|p1|4
|teamsize|p2|4
|start
|switch|p1a: Farigiraf|Farigiraf, L50, M|100/100
|switch|p1b: Blastoise|Blastoise, L50, M|100/100
|switch|p2a: Farigiraf|Farigiraf, L50, F|100/100
|switch|p2b: Mawile|Mawile, L50, M|100/100
|turn|1
|c|☆Fell Blue|I didnt know about the chilling water attack drop
|
|t:|1782449888
|switch|p2a: Torkoal|Torkoal, L50, F|100/100
|-weather|SunnyDay|[from] ability: Drought|[of] p2a: Torkoal
|switch|p1a: Politoed|Politoed, L50, F|100/100
|-weather|RainDance|[from] ability: Drizzle|[of] p1a: Politoed
|detailschange|p1b: Blastoise|Blastoise-Mega, L50, M
|-mega|p1b: Blastoise|Blastoise|Blastoisinite
|detailschange|p2b: Mawile|Mawile-Mega, L50, M
|-mega|p2b: Mawile|Mawile|Mawilite
|move|p1b: Blastoise|Water Spout|p2a: Torkoal|[spread] p2a,p2b
|-supereffective|p2a: Torkoal|1
|-damage|p2a: Torkoal|0 fnt
|-damage|p2b: Mawile|0 fnt
|faint|p2a: Torkoal
|faint|p2b: Mawile
|
|-weather|RainDance|[upkeep]
|upkeep
|c|☆tirion|it can be useful  yeah
|c|☆Fell Blue|Uh,thats a weird interaction
|c|☆tirion|i honestly dont know if my team is trash
|c|☆Fell Blue|But gg
|c|☆Fell Blue|Your team hard counters mine
|c|☆Fell Blue|So i'd assume is alright
|c|☆tirion|the first game was tough
|
|t:|1782449928
|switch|p2b: Gyarados|Gyarados, L50, F|100/100
|switch|p2a: Farigiraf|Farigiraf, L50, F|100/100
|-ability|p2b: Gyarados|Intimidate|boost
|-unboost|p1a: Politoed|atk|1
|-unboost|p1b: Blastoise|atk|1
|turn|2
|
|t:|1782449961
|switch|p1b: Farigiraf|Farigiraf, L50, M|100/100
|move|p2a: Farigiraf|Helping Hand|p2b: Gyarados
|-singleturn|p2b: Gyarados|Helping Hand|[of] p2a: Farigiraf
|move|p2b: Gyarados|Power Whip|p1a: Politoed
|-supereffective|p1a: Politoed|1
|-damage|p1a: Politoed|0 fnt
|faint|p1a: Politoed
|
|-weather|RainDance|[upkeep]
|upkeep
|c|☆Fell Blue|Yeah but you got the speed tie i assume
|
|t:|1782449976
|switch|p1a: Archaludon|Archaludon, L50, M|100/100
|turn|3
|
|t:|1782449992
|move|p2a: Farigiraf|Helping Hand|p2b: Gyarados
|-singleturn|p2b: Gyarados|Helping Hand|[of] p2a: Farigiraf
|move|p1a: Archaludon|Protect|p1a: Archaludon
|-singleturn|p1a: Archaludon|Protect
|move|p2b: Gyarados|Ice Fang|p1a: Archaludon
|-activate|p1a: Archaludon|move: Protect
|move|p1b: Farigiraf|Trick Room|p1b: Farigiraf
|-fieldstart|move: Trick Room|[of] p1b: Farigiraf
|
|-weather|RainDance|[upkeep]
|upkeep
|turn|4
|
|t:|1782450013
|move|p2a: Farigiraf|Helping Hand|p2b: Gyarados
|-singleturn|p2b: Gyarados|Helping Hand|[of] p2a: Farigiraf
|move|p1b: Farigiraf|Twin Beam|p1a: Archaludon
|-resisted|p1a: Archaludon|1
|-damage|p1a: Archaludon|92/100
|-ability|p1a: Archaludon|Stamina|boost
|-boost|p1a: Archaludon|def|1
|-resisted|p1a: Archaludon|1
|-damage|p1a: Archaludon|84/100
|-ability|p1a: Archaludon|Stamina|boost
|-boost|p1a: Archaludon|def|1
|-hitcount|p1a: Archaludon|2
|move|p1a: Archaludon|Electro Shot||[still]
|-prepare|p1a: Archaludon|Electro Shot
|-boost|p1a: Archaludon|spa|1
|-anim|p1a: Archaludon|Electro Shot|p2a: Farigiraf
|-damage|p2a: Farigiraf|50/100y
|-enditem|p2a: Farigiraf|Sitrus Berry|[eat]
|-heal|p2a: Farigiraf|74/100|[from] item: Sitrus Berry
|move|p2b: Gyarados|Ice Fang|p1a: Archaludon
|-damage|p1a: Archaludon|73/100
|-ability|p1a: Archaludon|Stamina|boost
|-boost|p1a: Archaludon|def|1
|
|-weather|RainDance|[upkeep]
|-heal|p1a: Archaludon|79/100|[from] item: Leftovers
|upkeep
|turn|5
|
|t:|1782450040
|move|p1b: Farigiraf|Twin Beam|p1a: Archaludon
|-resisted|p1a: Archaludon|1
|-damage|p1a: Archaludon|72/100
|-ability|p1a: Archaludon|Stamina|boost
|-boost|p1a: Archaludon|def|1
|-resisted|p1a: Archaludon|1
|-damage|p1a: Archaludon|64/100
|-ability|p1a: Archaludon|Stamina|boost
|-boost|p1a: Archaludon|def|1
|-hitcount|p1a: Archaludon|2
|move|p2a: Farigiraf|Psychic|p1a: Archaludon
|-resisted|p1a: Archaludon|1
|-crit|p1a: Archaludon
|-damage|p1a: Archaludon|36/100
|-ability|p1a: Archaludon|Stamina|boost
|-boost|p1a: Archaludon|def|1
|move|p1a: Archaludon|Electro Shot||[still]
|-prepare|p1a: Archaludon|Electro Shot
|-boost|p1a: Archaludon|spa|1
|-anim|p1a: Archaludon|Electro Shot|p2b: Gyarados
|-supereffective|p2b: Gyarados|2
|-damage|p2b: Gyarados|0 fnt
|faint|p2b: Gyarados
|
|-weather|none
|-heal|p1a: Archaludon|42/100|[from] item: Leftovers
|upkeep
|turn|6
|
|t:|1782450065
|move|p1b: Farigiraf|Twin Beam|p2a: Farigiraf
|-resisted|p2a: Farigiraf|1
|-damage|p2a: Farigiraf|68/100
|-resisted|p2a: Farigiraf|1
|-damage|p2a: Farigiraf|61/100
|-hitcount|p2a: Farigiraf|2
|move|p2a: Farigiraf|Psychic|p1a: Archaludon
|-resisted|p1a: Archaludon|1
|-damage|p1a: Archaludon|25/100
|move|p1a: Archaludon|Flash Cannon|p2a: Farigiraf
|-damage|p2a: Farigiraf|0 fnt
|faint|p2a: Farigiraf
|
|win|tirion
|raw|tirion's rating: 1028 → 1075(+47 for winning)
|raw|Fell Blue's rating: 1145 → 1112(-33 for losing)
|c|☆Fell Blue|Ggs
|c|☆tirion|i think you played good
|c|☆tirion|gg
