|j|☆sum1dum
|j|☆eggtart69
|html|sum1dumeggtart69    
|uhtml|bestof|Game 1 of a best-of-3
|t:|1784586789
|gametype|doubles
|player|p1|sum1dum|rosa|1082
|player|p2|eggtart69|2|1170
|gen|9
|tier|[Gen 9 Champions] VGC 2026 Reg M-B (Bo3)
|rated|
|rule|Species Clause: Limit one of each Pokémon
|rule|Item Clause: Limit 1 of each item
|clearpoke
|poke|p1|Gliscor, L50, M|
|poke|p1|Primarina, L50, M|
|poke|p1|Metagross, L50|
|poke|p1|Ninetales-Alola, L50, F|
|poke|p1|Incineroar, L50, M|
|poke|p1|Sinistcha, L50|
|poke|p2|Aerodactyl, L50, M|
|poke|p2|Kingambit, L50, F|
|poke|p2|Tyranitar, L50, M|
|poke|p2|Excadrill, L50, M|
|poke|p2|Basculegion, L50, M|
|poke|p2|Clefable, L50, F|
|teampreview|4
|showteam|p1|Gliscor||LifeOrb|HyperCutter|DualWingbeat,HighHorsepower,Protect,RockSlide|Jolly||M|||50|]Primarina||Leftovers|LiquidVoice|CalmMind,HyperVoice,Moonblast,Protect|Modest||M|||50|]Metagross||Metagrossite|ClearBody|BulletPunch,IronHead,Protect,PsychicFangs|Jolly|||||50|]Ninetales-Alola||LightClay|SnowWarning|AuroraVeil,FreezeDry,Moonblast,Protect|Timid||F|||50|]Incineroar||ChopleBerry|Intimidate|FakeOut,FlareBlitz,DarkestLariat,PartingShot|Impish||M|||50|]Sinistcha||SitrusBerry|Hospitality|MatchaGotcha,Protect,LifeDew,RagePowder|Bold|||||50|
|showteam|p2|Aerodactyl||FocusSash|Unnerve|Tailwind,Protect,RockSlide,DualWingbeat|Jolly||M|||50|]Kingambit||ChopleBerry|Defiant|KowtowCleave,SuckerPunch,Protect,IronHead|Adamant||F|||50|]Tyranitar||Tyranitarite|SandStream|RockSlide,BrickBreak,Protect,LashOut|Adamant||M|||50|]Excadrill||SoftSand|SandRush|HighHorsepower,BrickBreak,Facade,RockSlide|Adamant||M|||50|]Basculegion||ChoiceScarf|Adaptability|FlipTurn,WaveCrash,PsychicFangs,LastRespects|Jolly||M|||50|]Clefable||Clefablite|MagicGuard|FollowMe,Protect,DrainingKiss,GrassKnot|Calm||F|||50|
|inactive|Battle timer is ON: inactive players will automatically lose when time's up. (requested by sum1dum)
|inactive|sum1dum has 60 seconds left.
|c|☆sum1dum|Why am I seeing more mega clefs
|c|☆eggtart69|bro iver never seen no one use it lwk
|
|t:|1784586849
|teamsize|p1|4
|teamsize|p2|4
|start
|switch|p1a: Primarina|Primarina, L50, M|100/100
|switch|p1b: Gliscor|Gliscor, L50, M|100/100
|switch|p2a: Aerodactyl|Aerodactyl, L50, M|100/100
|switch|p2b: Kingambit|Kingambit, L50, F|100/100
|-ability|p2a: Aerodactyl|Unnerve
|turn|1
|c|☆sum1dum|I want to say I've seen 3 in the last week
|c|☆sum1dum|which is 3 more than usual
|inactive|sum1dum has 30 seconds left.
|c|☆eggtart69|yeah lol
|
|t:|1784586881
|move|p2a: Aerodactyl|Protect|p2a: Aerodactyl
|-singleturn|p2a: Aerodactyl|Protect
|move|p1b: Gliscor|High Horsepower|p2b: Kingambit
|-supereffective|p2b: Kingambit|1
|-damage|p2b: Kingambit|24/100
|-damage|p1b: Gliscor|90/100|[from] item: Life Orb
|move|p1a: Primarina|Hyper Voice|p2b: Kingambit|[spread] p2b
|-activate|p2a: Aerodactyl|move: Protect
|-damage|p2b: Kingambit|0 fnt
|faint|p2b: Kingambit
|
|upkeep
|
|t:|1784586894
|switch|p2b: Tyranitar|Tyranitar, L50, M|100/100
|-weather|Sandstorm|[from] ability: Sand Stream|[of] p2b: Tyranitar
|turn|2
|
|t:|1784586903
|detailschange|p2b: Tyranitar|Tyranitar-Mega, L50, M
|-mega|p2b: Tyranitar|Tyranitar|Tyranitarite
|move|p2b: Tyranitar|Protect|p2b: Tyranitar
|-singleturn|p2b: Tyranitar|Protect
|move|p2a: Aerodactyl|Tailwind|p2a: Aerodactyl
|-sidestart|p2: eggtart69|move: Tailwind
|move|p1b: Gliscor|High Horsepower|p2b: Tyranitar
|-activate|p2b: Tyranitar|move: Protect
|move|p1a: Primarina|Calm Mind|p1a: Primarina
|-boost|p1a: Primarina|spa|1
|-boost|p1a: Primarina|spd|1
|
|-weather|Sandstorm|[upkeep]
|-damage|p1a: Primarina|94/100|[from] Sandstorm
|-heal|p1a: Primarina|100/100|[from] item: Leftovers
|upkeep
|turn|3
|
|t:|1784586916
|move|p2a: Aerodactyl|Rock Slide|p1b: Gliscor|[spread] p1a
|-miss|p2a: Aerodactyl|p1b: Gliscor
|-damage|p1a: Primarina|74/100
|move|p2b: Tyranitar|Rock Slide|p1b: Gliscor|[spread] p1a,p1b
|-damage|p1a: Primarina|32/100
|-damage|p1b: Gliscor|55/100
|cant|p1b: Gliscor|flinch
|move|p1a: Primarina|Hyper Voice|p2b: Tyranitar|[spread] p2a,p2b
|-supereffective|p2a: Aerodactyl|1
|-supereffective|p2b: Tyranitar|1
|-enditem|p2a: Aerodactyl|Focus Sash
|-damage|p2a: Aerodactyl|1/100
|-damage|p2b: Tyranitar|46/100
|
|-weather|Sandstorm|[upkeep]
|-damage|p1a: Primarina|26/100|[from] Sandstorm
|-heal|p1a: Primarina|32/100|[from] item: Leftovers
|upkeep
|turn|4
|
|t:|1784586930
|move|p1a: Primarina|Protect|p1a: Primarina
|-singleturn|p1a: Primarina|Protect
|move|p2a: Aerodactyl|Rock Slide|p1a: Primarina|[spread] p1b
|-activate|p1a: Primarina|move: Protect
|-crit|p1b: Gliscor
|-damage|p1b: Gliscor|17/100
|move|p2b: Tyranitar|Rock Slide|p1b: Gliscor|[spread] p1b
|-activate|p1a: Primarina|move: Protect
|-damage|p1b: Gliscor|0 fnt
|faint|p1b: Gliscor
|
|-weather|Sandstorm|[upkeep]
|-damage|p1a: Primarina|26/100|[from] Sandstorm
|-heal|p1a: Primarina|32/100|[from] item: Leftovers
|upkeep
|
|t:|1784586933
|switch|p1b: Ninetales|Ninetales-Alola, L50, F|100/100
|-weather|Snowscape|[from] ability: Snow Warning|[of] p1b: Ninetales
|turn|5
|inactive|sum1dum has 30 seconds left.
|
|t:|1784586959
|switch|p1b: Incineroar|Incineroar, L50, M|100/100
|-ability|p1b: Incineroar|Intimidate|boost
|-unboost|p2a: Aerodactyl|atk|1
|-unboost|p2b: Tyranitar|atk|1
|move|p2a: Aerodactyl|Rock Slide|p1a: Primarina|[spread] p1a,p1b
|-supereffective|p1b: Incineroar|1
|-damage|p1a: Primarina|14/100
|-damage|p1b: Incineroar|72/100
|move|p2b: Tyranitar|Rock Slide|p1b: Incineroar|[spread] p1a
|-miss|p2b: Tyranitar|p1b: Incineroar
|-damage|p1a: Primarina|0 fnt
|faint|p1a: Primarina
|
|-weather|Snowscape|[upkeep]
|-sideend|p2: eggtart69|move: Tailwind
|upkeep
|
|t:|1784586961
|switch|p1a: Ninetales|Ninetales-Alola, L50, F|100/100
|turn|6
|
|t:|1784586977
|move|p1b: Incineroar|Fake Out|p2a: Aerodactyl
|-resisted|p2a: Aerodactyl|1
|-damage|p2a: Aerodactyl|0 fnt
|faint|p2a: Aerodactyl
|move|p1a: Ninetales|Aurora Veil|p1a: Ninetales
|-sidestart|p1: sum1dum|move: Aurora Veil
|move|p2b: Tyranitar|Rock Slide|p1b: Incineroar|[spread] p1a,p1b
|-supereffective|p1a: Ninetales|1
|-supereffective|p1b: Incineroar|1
|-damage|p1a: Ninetales|62/100
|-damage|p1b: Incineroar|46/100
|
|-weather|Snowscape|[upkeep]
|upkeep
|
|t:|1784586981
|switch|p2a: Basculegion|Basculegion, L50, M|100/100
|turn|7
|
|t:|1784586990
|move|p2b: Tyranitar|Protect|p2b: Tyranitar
|-singleturn|p2b: Tyranitar|Protect
|move|p2a: Basculegion|Last Respects|p1a: Ninetales
|-damage|p1a: Ninetales|1/100
|move|p1a: Ninetales|Freeze-Dry|p2a: Basculegion
|-supereffective|p2a: Basculegion|1
|-damage|p2a: Basculegion|35/100
|move|p1b: Incineroar|Darkest Lariat|p2a: Basculegion
|-supereffective|p2a: Basculegion|1
|-damage|p2a: Basculegion|0 fnt
|faint|p2a: Basculegion
|
|-weather|Snowscape|[upkeep]
|upkeep
|turn|8
|
|t:|1784587006
|move|p1a: Ninetales|Moonblast|p2b: Tyranitar
|-supereffective|p2b: Tyranitar|1
|-damage|p2b: Tyranitar|0 fnt
|faint|p2b: Tyranitar
|
|win|sum1dum
