|j|☆luxtia
|j|☆awif34
|html|luxtiaawif34    
|uhtml|bestof|Game 2 of a best-of-3
|t:|1782746092
|gametype|doubles
|player|p1|luxtia|bellelba|1083
|player|p2|awif34|1|1000
|gen|9
|tier|[Gen 9 Champions] VGC 2026 Reg M-B (Bo3)
|rated|
|rule|Species Clause: Limit one of each Pokémon
|rule|Item Clause: Limit 1 of each item
|clearpoke
|poke|p1|Floette-Eternal, L50, F|
|poke|p1|Whimsicott, L50, M|
|poke|p1|Basculegion, L50, M|
|poke|p1|Kingambit, L50, M|
|poke|p1|Garchomp, L50, F|
|poke|p1|Charizard, L50, F|
|poke|p2|Staraptor, L50, M, shiny|
|poke|p2|Grimmsnarl, L50, M|
|poke|p2|Sinistcha, L50|
|poke|p2|Basculegion, L50, M|
|poke|p2|Kangaskhan, L50, F|
|poke|p2|Blaziken, L50, M|
|teampreview|4
|showteam|p1|Floette-Eternal||Floettite|FlowerVeil|Moonblast,DazzlingGleam,LightofRuin,Protect|Modest||F|||50|]Whimsicott||FocusSash|Prankster|Moonblast,Tailwind,Encore,Protect|Timid||M|||50|]Basculegion||LifeOrb|Adaptability|WaveCrash,AquaJet,LastRespects,Protect|Adamant||M|||50|]Kingambit||OccaBerry|Defiant|KowtowCleave,SuckerPunch,LowKick,IronHead|Adamant||M|||50|]Garchomp||ExpertBelt|RoughSkin|DragonClaw,RockSlide,Earthquake,Protect|Jolly||F|||50|]Charizard||CharizarditeY|SolarPower|HeatWave,WeatherBall,SolarBeam,Protect|Modest||F|||50|
|showteam|p2|Staraptor||Staraptite|Intimidate|CloseCombat,BraveBird,Protect,QuickAttack|Jolly||M|||50|]Grimmsnarl||SitrusBerry|Prankster|FakeOut,PartingShot,ScaryFace,SpiritBreak|Adamant||M|||50|]Sinistcha||Leftovers|Hospitality|MatchaGotcha,Protect,LifeDew,RagePowder|Bold|||||50|]Basculegion||ChoiceScarf|Adaptability|AquaJet,FlipTurn,LastRespects,Liquidation|Jolly||M|||50|]Kangaskhan||LifeOrb|Scrappy|FakeOut,LastResort|Jolly||F|||50|]Blaziken||Blazikenite|SpeedBoost|CloseCombat,FlareBlitz,Protect,DoubleEdge|Adamant||M|||50|
|
|t:|1782746109
|teamsize|p1|4
|teamsize|p2|4
|start
|switch|p1a: Whimsicott|Whimsicott, L50, M|100/100
|switch|p1b: Basculegion|Basculegion, L50, M|100/100
|switch|p2a: Blaziken|Blaziken, L50, M|100/100
|switch|p2b: Staraptor|Staraptor, L50, M, shiny|100/100
|-ability|p2b: Staraptor|Intimidate|boost
|-unboost|p1a: Whimsicott|atk|1
|-unboost|p1b: Basculegion|atk|1
|turn|1
|
|t:|1782746126
|detailschange|p2b: Staraptor|Staraptor-Mega, L50, M, shiny
|-mega|p2b: Staraptor|Staraptor|Staraptite
|move|p2b: Staraptor|Protect|p2b: Staraptor
|-singleturn|p2b: Staraptor|Protect
|move|p1a: Whimsicott|Tailwind|p1a: Whimsicott
|-sidestart|p1: luxtia|move: Tailwind
|move|p1b: Basculegion|Wave Crash|p2b: Staraptor
|-activate|p2b: Staraptor|move: Protect
|move|p2a: Blaziken|Flare Blitz|p1a: Whimsicott
|-supereffective|p1a: Whimsicott|1
|-enditem|p1a: Whimsicott|Focus Sash
|-damage|p1a: Whimsicott|1/100
|-damage|p2a: Blaziken|71/100|[from] Recoil
|
|-ability|p2a: Blaziken|Speed Boost|boost
|-boost|p2a: Blaziken|spe|1
|upkeep
|turn|2
|
|t:|1782746163
|switch|p2a: Grimmsnarl|Grimmsnarl, L50, M|100/100
|move|p1a: Whimsicott|Encore|p2b: Staraptor
|-start|p2b: Staraptor|Encore
|move|p2b: Staraptor|Protect||[still]
|-fail|p2b: Staraptor
|move|p1b: Basculegion|Aqua Jet|p2a: Grimmsnarl
|-damage|p2a: Grimmsnarl|71/100
|-damage|p1b: Basculegion|90/100|[from] item: Life Orb
|
|upkeep
|turn|3
|
|t:|1782746177
|switch|p2b: Kangaskhan|Kangaskhan, L50, F|100/100
|move|p1a: Whimsicott|Protect|p1a: Whimsicott
|-singleturn|p1a: Whimsicott|Protect
|move|p2a: Grimmsnarl|Fake Out|p1a: Whimsicott
|-activate|p1a: Whimsicott|move: Protect
|move|p1b: Basculegion|Wave Crash|p2b: Kangaskhan
|-damage|p2b: Kangaskhan|19/100
|-damage|p1b: Basculegion|65/100|[from] Recoil
|-damage|p1b: Basculegion|55/100|[from] item: Life Orb
|
|upkeep
|turn|4
|
|t:|1782746200
|switch|p1b: Kingambit|Kingambit, L50, M|100/100
|move|p2b: Kangaskhan|Fake Out|p1b: Kingambit
|-resisted|p1b: Kingambit|1
|-damage|p1b: Kingambit|91/100
|-damage|p2b: Kangaskhan|9/100|[from] item: Life Orb
|move|p1a: Whimsicott|Moonblast|p2a: Grimmsnarl
|-supereffective|p2a: Grimmsnarl|1
|-damage|p2a: Grimmsnarl|3/100
|-enditem|p2a: Grimmsnarl|Sitrus Berry|[eat]
|-heal|p2a: Grimmsnarl|28/100|[from] item: Sitrus Berry
|move|p2a: Grimmsnarl|Spirit Break|p1b: Kingambit
|-damage|p1b: Kingambit|61/100
|-unboost|p1b: Kingambit|spa|1
|-ability|p1b: Kingambit|Defiant|boost
|-boost|p1b: Kingambit|atk|2
|
|-sideend|p1: luxtia|move: Tailwind
|upkeep
|turn|5
|
|t:|1782746237
|switch|p2b: Blaziken|Blaziken, L50, M|71/100
|move|p1a: Whimsicott|Tailwind|p1a: Whimsicott
|-sidestart|p1: luxtia|move: Tailwind
|move|p1b: Kingambit|Sucker Punch|p2a: Grimmsnarl
|-resisted|p2a: Grimmsnarl|2
|-damage|p2a: Grimmsnarl|1/100
|move|p2a: Grimmsnarl|Spirit Break|p1a: Whimsicott
|-damage|p1a: Whimsicott|0 fnt
|faint|p1a: Whimsicott
|
|upkeep
|
|t:|1782746255
|switch|p1a: Floette|Floette-Eternal, L50, F|100/100
|turn|6
|
|t:|1782746274
|detailschange|p1a: Floette|Floette-Mega, L50, F
|-mega|p1a: Floette|Floette|Floettite
|-ability|p1a: Floette|Fairy Aura
|move|p1b: Kingambit|Sucker Punch|p2b: Blaziken
|-resisted|p2b: Blaziken|1
|-damage|p2b: Blaziken|10/100
|move|p2a: Grimmsnarl|Parting Shot|p1a: Floette
|-unboost|p1a: Floette|atk|1
|-unboost|p1a: Floette|spa|1
|
|t:|1782746283
|switch|p2a: Kangaskhan|Kangaskhan, L50, F|9/100|[from] Parting Shot
|move|p1a: Floette|Dazzling Gleam|p2a: Kangaskhan|[spread] p2a,p2b
|-damage|p2a: Kangaskhan|0 fnt
|-damage|p2b: Blaziken|0 fnt
|faint|p2a: Kangaskhan
|faint|p2b: Blaziken
|
|upkeep
|
|t:|1782746289
|switch|p2a: Grimmsnarl|Grimmsnarl, L50, M|1/100
|switch|p2b: Staraptor|Staraptor-Mega, L50, M, shiny|100/100
|turn|7
|
|t:|1782746305
|move|p1a: Floette|Protect|p1a: Floette
|-singleturn|p1a: Floette|Protect
|move|p1b: Kingambit|Sucker Punch|p2b: Staraptor
|-resisted|p2b: Staraptor|1
|-damage|p2b: Staraptor|58/100
|move|p2a: Grimmsnarl|Parting Shot|p2b: Staraptor
|-boost|p2b: Staraptor|atk|1
|-boost|p2b: Staraptor|spa|1
|move|p2b: Staraptor|Close Combat|p1b: Kingambit
|-supereffective|p1b: Kingambit|2
|-damage|p1b: Kingambit|0 fnt
|-boost|p2b: Staraptor|def|1
|-boost|p2b: Staraptor|spd|1
|faint|p1b: Kingambit
|
|upkeep
|
|t:|1782746318
|switch|p1b: Basculegion|Basculegion, L50, M|55/100
|turn|8
|
|t:|1782746345
|move|p2b: Staraptor|Protect|p2b: Staraptor
|-singleturn|p2b: Staraptor|Protect
|move|p1b: Basculegion|Aqua Jet|p2a: Grimmsnarl
|-damage|p2a: Grimmsnarl|0 fnt
|faint|p2a: Grimmsnarl
|-damage|p1b: Basculegion|46/100|[from] item: Life Orb
|move|p1a: Floette|Light of Ruin|p2b: Staraptor
|-activate|p2b: Staraptor|move: Protect
|
|-sideend|p1: luxtia|move: Tailwind
|upkeep
|turn|9
|
|t:|1782746366
|move|p2b: Staraptor|Quick Attack|p1a: Floette
|-damage|p1a: Floette|68/100
|move|p1b: Basculegion|Aqua Jet|p2b: Staraptor
|-damage|p2b: Staraptor|31/100
|-damage|p1b: Basculegion|36/100|[from] item: Life Orb
|move|p1a: Floette|Moonblast|p2b: Staraptor
|-supereffective|p2b: Staraptor|1
|-damage|p2b: Staraptor|0 fnt
|faint|p2b: Staraptor
|
|win|luxtia
|raw|luxtia's rating: 1083 → 1104(+21 for winning)
|raw|awif34's rating: 1000 → 1000(+0 for losing)
|l|☆awif34
|player|p2|
