|j|☆nem_foka
|j|☆Zdog2015
|html|nem_fokaZdog2015    
|uhtml|bestof|Game 2 of a best-of-3
|t:|1784207157
|gametype|doubles
|player|p1|nem_foka|102|1120
|player|p2|Zdog2015|1|1144
|gen|9
|tier|[Gen 9 Champions] VGC 2026 Reg M-B (Bo3)
|rated|
|rule|Species Clause: Limit one of each Pokémon
|rule|Item Clause: Limit 1 of each item
|clearpoke
|poke|p1|Gengar, L50, F|
|poke|p1|Incineroar, L50, F|
|poke|p1|Grimmsnarl, L50, M|
|poke|p1|Espathra, L50, M|
|poke|p1|Floette-Eternal, L50, F|
|poke|p1|Sinistcha, L50|
|poke|p2|Kingambit, L50, F|
|poke|p2|Whimsicott, L50, M|
|poke|p2|Basculegion, L50, M|
|poke|p2|Garchomp, L50, F|
|poke|p2|Charizard, L50, F|
|poke|p2|Floette-Eternal, L50, F|
|teampreview|4
|showteam|p1|Gengar||Gengarite|CursedBody|SludgeBomb,Disable,PerishSong,Protect|Calm||F|||50|]Incineroar||ChopleBerry|Intimidate|FakeOut,FlareBlitz,DarkestLariat,PartingShot|Naughty||F|||50|]Grimmsnarl||LightClay|Prankster|FakeOut,LightScreen,Reflect,PartingShot|Impish||M|||50|]Espathra||Leftovers|SpeedBoost|LuminaCrash,BatonPass,CalmMind,Protect|Calm||M|||50|]Floette-Eternal||Floettite|FlowerVeil|DazzlingGleam,Moonblast,ChillingWater,Protect|Modest||F|||50|]Sinistcha||SitrusBerry|Hospitality|MatchaGotcha,RagePowder,LifeDew,Protect|Calm|||||50|
|showteam|p2|Kingambit||ChopleBerry|Defiant|KowtowCleave,LowKick,SuckerPunch,Protect|Adamant||F|||50|]Whimsicott||FocusSash|Prankster|Moonblast,Tailwind,Encore,Protect|Timid||M|||50|]Basculegion||MysticWater|Adaptability|WaveCrash,LastRespects,AquaJet,Protect|Adamant||M|||50|]Garchomp||LifeOrb|RoughSkin|DragonClaw,RockSlide,Earthquake,Protect|Jolly||F|||50|]Charizard||CharizarditeY|Blaze|WeatherBall,HeatWave,SolarBeam,Protect|Modest||F|||50|]Floette-Eternal||Floettite|FlowerVeil|Moonblast,DazzlingGleam,LightofRuin,Protect|Timid||F|||50|
|inactive|Battle timer is ON: inactive players will automatically lose when time's up. (requested by nem_foka)
|inactive|Zdog2015 has 60 seconds left.
|
|t:|1784207218
|teamsize|p1|4
|teamsize|p2|4
|start
|switch|p1a: Grimmsnarl|Grimmsnarl, L50, M|100/100
|switch|p1b: Gengar|Gengar, L50, F|100/100
|switch|p2a: Garchomp|Garchomp, L50, F|100/100
|switch|p2b: Whimsicott|Whimsicott, L50, M|100/100
|turn|1
|
|t:|1784207239
|detailschange|p1b: Gengar|Gengar-Mega, L50, F
|-mega|p1b: Gengar|Gengar|Gengarite
|move|p1a: Grimmsnarl|Fake Out|p2a: Garchomp
|-damage|p2a: Garchomp|89/100
|-damage|p1a: Grimmsnarl|87/100|[from] ability: Rough Skin|[of] p2a: Garchomp
|move|p2b: Whimsicott|Tailwind|p2b: Whimsicott
|-sidestart|p2: Zdog2015|move: Tailwind
|cant|p2a: Garchomp|flinch
|move|p1b: Gengar|Perish Song|p1b: Gengar
|-start|p1a: Grimmsnarl|perish3|[silent]
|-start|p1b: Gengar|perish3|[silent]
|-start|p2a: Garchomp|perish3|[silent]
|-start|p2b: Whimsicott|perish3|[silent]
|-fieldactivate|move: Perish Song
|
|-start|p2b: Whimsicott|perish3
|-start|p2a: Garchomp|perish3
|-start|p1b: Gengar|perish3
|-start|p1a: Grimmsnarl|perish3
|upkeep
|turn|2
|
|t:|1784207258
|move|p1b: Gengar|Protect|p1b: Gengar
|-singleturn|p1b: Gengar|Protect
|move|p1a: Grimmsnarl|Parting Shot|p2a: Garchomp
|-unboost|p2a: Garchomp|atk|1
|-unboost|p2a: Garchomp|spa|1
|
|t:|1784207263
|switch|p1a: Incineroar|Incineroar, L50, F|100/100|[from] Parting Shot
|-ability|p1a: Incineroar|Intimidate|boost
|-unboost|p2a: Garchomp|atk|1
|-unboost|p2b: Whimsicott|atk|1
|move|p2b: Whimsicott|Moonblast|p1a: Incineroar
|-damage|p1a: Incineroar|65/100
|move|p2a: Garchomp|Earthquake|p1a: Incineroar|[spread] p2b,p1a
|-activate|p1b: Gengar|move: Protect
|-resisted|p2b: Whimsicott|1
|-supereffective|p1a: Incineroar|1
|-damage|p2b: Whimsicott|81/100
|-damage|p1a: Incineroar|17/100
|-damage|p2a: Garchomp|79/100|[from] item: Life Orb
|
|-start|p2b: Whimsicott|perish2
|-start|p2a: Garchomp|perish2
|-start|p1b: Gengar|perish2
|upkeep
|turn|3
|
|t:|1784207287
|move|p1a: Incineroar|Fake Out|p2a: Garchomp
|-damage|p2a: Garchomp|63/100
|-damage|p1a: Incineroar|5/100|[from] ability: Rough Skin|[of] p2a: Garchomp
|move|p2b: Whimsicott|Moonblast|p1b: Gengar
|-resisted|p1b: Gengar|1
|-damage|p1b: Gengar|83/100
|cant|p2a: Garchomp|flinch
|move|p1b: Gengar|Disable|p2b: Whimsicott
|-start|p2b: Whimsicott|Disable|Moonblast
|
|-start|p2b: Whimsicott|perish1
|-start|p2a: Garchomp|perish1
|-start|p1b: Gengar|perish1
|upkeep
|turn|4
|inactive|nem_foka has 30 seconds left.
|inactive|Zdog2015 has 30 seconds left.
|inactive|nem_foka has 20 seconds left.
|
|t:|1784207324
|switch|p1b: Sinistcha|Sinistcha, L50|100/100
|-heal|p1a: Incineroar|30/100|[from] ability: Hospitality|[of] p1b: Sinistcha
|switch|p1a: Grimmsnarl|Grimmsnarl, L50, M|87/100
|move|p2b: Whimsicott|Encore|p1a: Grimmsnarl
|-hint|Since gen 7, Dark is immune to Prankster moves.
|-immune|p1a: Grimmsnarl
|move|p2a: Garchomp|Earthquake|p1b: Sinistcha|[spread] p2b,p1a,p1b
|-resisted|p2b: Whimsicott|1
|-resisted|p1b: Sinistcha|1
|-damage|p2b: Whimsicott|61/100
|-damage|p1a: Grimmsnarl|66/100
|-damage|p1b: Sinistcha|89/100
|-damage|p2a: Garchomp|54/100|[from] item: Life Orb
|
|-start|p2b: Whimsicott|perish0
|-start|p2a: Garchomp|perish0
|-sideend|p2: Zdog2015|move: Tailwind
|upkeep
|faint|p2b: Whimsicott
|faint|p2a: Garchomp
|
|t:|1784207340
|switch|p2b: Charizard|Charizard, L50, F|100/100
|switch|p2a: Basculegion|Basculegion, L50, M|100/100
|turn|5
|
|t:|1784207360
|switch|p1b: Incineroar|Incineroar, L50, F|30/100
|-ability|p1b: Incineroar|Intimidate|boost
|-unboost|p2a: Basculegion|atk|1
|-unboost|p2b: Charizard|atk|1
|detailschange|p2b: Charizard|Charizard-Mega-Y, L50, F
|-mega|p2b: Charizard|Charizard|Charizardite Y
|-weather|SunnyDay|[from] ability: Drought|[of] p2b: Charizard
|move|p1a: Grimmsnarl|Fake Out|p2b: Charizard
|-damage|p2b: Charizard|88/100
|cant|p2b: Charizard|flinch
|move|p2a: Basculegion|Last Respects|p1a: Grimmsnarl
|-resisted|p1a: Grimmsnarl|1
|-damage|p1a: Grimmsnarl|39/100
|
|-weather|SunnyDay|[upkeep]
|upkeep
|turn|6
|inactive|Zdog2015 has 30 seconds left.
|
|t:|1784207385
|move|p1b: Incineroar|Fake Out|p2b: Charizard
|-damage|p2b: Charizard|72/100
|move|p1a: Grimmsnarl|Parting Shot|p2a: Basculegion
|-unboost|p2a: Basculegion|atk|1
|-unboost|p2a: Basculegion|spa|1
|
|t:|1784207391
|switch|p1a: Sinistcha|Sinistcha, L50|89/100|[from] Parting Shot
|-heal|p1b: Incineroar|54/100|[from] ability: Hospitality|[of] p1a: Sinistcha
|cant|p2b: Charizard|flinch
|move|p2a: Basculegion|Wave Crash|p1b: Incineroar
|-supereffective|p1b: Incineroar|1
|-damage|p1b: Incineroar|11/100
|-damage|p2a: Basculegion|85/100|[from] Recoil
|
|-weather|SunnyDay|[upkeep]
|upkeep
|turn|7
|
|t:|1784207409
|move|p1a: Sinistcha|Protect|p1a: Sinistcha
|-singleturn|p1a: Sinistcha|Protect
|move|p2a: Basculegion|Aqua Jet|p1b: Incineroar
|-supereffective|p1b: Incineroar|1
|-damage|p1b: Incineroar|0 fnt
|faint|p1b: Incineroar
|move|p2b: Charizard|Heat Wave|p1a: Sinistcha
|-activate|p1a: Sinistcha|move: Protect
|
|-weather|SunnyDay|[upkeep]
|upkeep
|
|t:|1784207423
|switch|p1b: Grimmsnarl|Grimmsnarl, L50, M|39/100
|turn|8
|
|t:|1784207438
|switch|p1a: Gengar|Gengar-Mega, L50, F|83/100
|move|p1b: Grimmsnarl|Fake Out|p2b: Charizard
|-damage|p2b: Charizard|61/100
|cant|p2b: Charizard|flinch
|move|p2a: Basculegion|Last Respects|p1a: Gengar
|-supereffective|p1a: Gengar|1
|-damage|p1a: Gengar|0 fnt
|faint|p1a: Gengar
|
|-weather|SunnyDay|[upkeep]
|upkeep
|
|t:|1784207449
|switch|p1a: Sinistcha|Sinistcha, L50|89/100
|-heal|p1b: Grimmsnarl|64/100|[from] ability: Hospitality|[of] p1a: Sinistcha
|turn|9
|
|t:|1784207460
|move|p1a: Sinistcha|Protect|p1a: Sinistcha
|-singleturn|p1a: Sinistcha|Protect
|move|p1b: Grimmsnarl|Light Screen|p1b: Grimmsnarl
|-sidestart|p1: nem_foka|move: Light Screen
|move|p2b: Charizard|Heat Wave|p1b: Grimmsnarl|[spread] p1b
|-activate|p1a: Sinistcha|move: Protect
|-damage|p1b: Grimmsnarl|21/100
|move|p2a: Basculegion|Last Respects|p1b: Grimmsnarl
|-resisted|p1b: Grimmsnarl|1
|-damage|p1b: Grimmsnarl|0 fnt
|faint|p1b: Grimmsnarl
|
|-weather|none
|upkeep
|turn|10
|-message|nem_foka forfeited.
|
|win|Zdog2015
||nem_foka is ready for game 3.
