|j|☆iruama
|j|☆PaquitoelBollito
|html|iruamaPaquitoelBollito    
|uhtml|bestof|Game 1 of a best-of-3
|t:|1786200208
|gametype|doubles
|player|p1|iruama|yellow|1157
|player|p2|PaquitoelBollito|266|1208
|gen|9
|tier|[Gen 9 Champions] VGC 2026 Reg M-B (Bo3)
|rated|
|rule|Species Clause: Limit one of each Pokémon
|rule|Item Clause: Limit 1 of each item
|clearpoke
|poke|p1|Chandelure, L50, F|
|poke|p1|Whimsicott, L50, F, shiny|
|poke|p1|Kangaskhan, L50, F|
|poke|p1|Torkoal, L50, M|
|poke|p1|Sneasler, L50, M|
|poke|p1|Basculegion, L50, M|
|poke|p2|Froslass, L50, F|
|poke|p2|Scovillain, L50, F|
|poke|p2|Kingambit, L50, F|
|poke|p2|Sneasler, L50, M|
|poke|p2|Basculegion, L50, M|
|poke|p2|Lycanroc-Dusk, L50, F|
|teampreview|4
|showteam|p1|Chandelure||Chandelurite|FlashFire|ShadowBall,HeatWave,TrickRoom,Protect|Timid||F|||50|]Whimsicott||FocusSash|Prankster|Tailwind,Moonblast,Protect,Encore|Timid||F|||50|]Kangaskhan||SilkScarf|Scrappy|FakeOut,LastResort|Jolly||F|||50|]Torkoal||Charcoal|Drought|HelpingHand,Eruption,WeatherBall,Protect|Quiet||M|||50|]Sneasler||WhiteHerb|Unburden|FakeOut,CloseCombat,DireClaw,Protect|Jolly||M|||50|]Basculegion||ChoiceScarf|Adaptability|WaveCrash,LastRespects,AquaJet,FlipTurn|Jolly||M|||50|
|showteam|p2|Froslass||Froslassite|CursedBody|Protect,Blizzard,AuroraVeil,ShadowBall|Modest||F|||50|]Scovillain||Scovillainite|Moody|Protect,Overheat,GigaDrain,RagePowder|Modest||F|||50|]Kingambit||BlackGlasses|Defiant|Protect,KowtowCleave,SwordsDance,SuckerPunch|Adamant||F|||50|]Sneasler||WhiteHerb|Unburden|FakeOut,GunkShot,CloseCombat,Protect|Adamant||M|||50|]Basculegion||SitrusBerry|Adaptability|Protect,LastRespects,WaveCrash,AquaJet|Adamant||M|||50|]Lycanroc-Dusk||FocusSash|ToughClaws|Protect,Accelerock,RockSlide,CloseCombat|Adamant||F|||50|
|inactive|Battle timer is ON: inactive players will automatically lose when time's up. (requested by PaquitoelBollito)
|inactive|PaquitoelBollito has 60 seconds left.
|
|t:|1786200264
|teamsize|p1|4
|teamsize|p2|4
|start
|switch|p1a: The Cott|Whimsicott, L50, F, shiny|100/100
|switch|p1b: The Sler|Sneasler, L50, M|100/100
|switch|p2a: Scovillain|Scovillain, L50, F|100/100
|switch|p2b: Kingambit|Kingambit, L50, F|100/100
|turn|1
|inactive|iruama has 30 seconds left.
|inactive|PaquitoelBollito has 30 seconds left.
|
|t:|1786200295
|detailschange|p2a: Scovillain|Scovillain-Mega, L50, F
|-mega|p2a: Scovillain|Scovillain|Scovillainite
|move|p2b: Kingambit|Protect|p2b: Kingambit
|-singleturn|p2b: Kingambit|Protect
|move|p1a: The Cott|Tailwind|p1a: The Cott
|-sidestart|p1: iruama|move: Tailwind
|move|p1b: The Sler|Dire Claw|p2a: Scovillain
|-supereffective|p2a: Scovillain|1
|-damage|p2a: Scovillain|18/100
|-status|p1b: The Sler|brn|[from] ability: Spicy Spray|[of] p2a: Scovillain
|move|p2a: Scovillain|Overheat|p1a: The Cott
|-supereffective|p1a: The Cott|1
|-enditem|p1a: The Cott|Focus Sash
|-damage|p1a: The Cott|1/100
|-unboost|p2a: Scovillain|spa|2
|
|-damage|p1b: The Sler|94/100 brn|[from] brn
|upkeep
|turn|2
|inactive|PaquitoelBollito has 30 seconds left.
|inactive|PaquitoelBollito has 20 seconds left.
|
|t:|1786200333
|switch|p2b: Basculegion|Basculegion, L50, M|100/100
|move|p1a: The Cott|Protect|p1a: The Cott
|-singleturn|p1a: The Cott|Protect
|move|p2a: Scovillain|Rage Powder|p2a: Scovillain
|-singleturn|p2a: Scovillain|move: Rage Powder
|move|p1b: The Sler|Close Combat|p2a: Scovillain
|-damage|p2a: Scovillain|0 fnt
|-unboost|p1b: The Sler|def|1
|-unboost|p1b: The Sler|spd|1
|faint|p2a: Scovillain
|-enditem|p1b: The Sler|White Herb
|-clearnegativeboost|p1b: The Sler|[silent]
|
|-damage|p1b: The Sler|88/100 brn|[from] brn
|upkeep
|
|t:|1786200343
|switch|p2a: Lycanroc|Lycanroc-Dusk, L50, F|100/100
|turn|3
|inactive|PaquitoelBollito has 30 seconds left.
|
|t:|1786200370
|switch|p1a: The Legion|Basculegion, L50, M|100/100
|move|p2a: Lycanroc|Accelerock|p1b: The Sler
|-resisted|p1b: The Sler|1
|-damage|p1b: The Sler|65/100 brn
|move|p2b: Basculegion|Aqua Jet|p1a: The Legion
|-resisted|p1a: The Legion|1
|-damage|p1a: The Legion|81/100
|move|p1b: The Sler|Close Combat|p2a: Lycanroc
|-supereffective|p2a: Lycanroc|1
|-damage|p2a: Lycanroc|1/100
|-unboost|p1b: The Sler|def|1
|-unboost|p1b: The Sler|spd|1
|
|-damage|p1b: The Sler|59/100 brn|[from] brn
|upkeep
|turn|4
|
|t:|1786200395
|move|p2a: Lycanroc|Protect|p2a: Lycanroc
|-singleturn|p2a: Lycanroc|Protect
|move|p2b: Basculegion|Protect|p2b: Basculegion
|-singleturn|p2b: Basculegion|Protect
|move|p1b: The Sler|Dire Claw|p2b: Basculegion
|-activate|p2b: Basculegion|move: Protect
|move|p1a: The Legion|Flip Turn|p2a: Lycanroc
|-activate|p2a: Lycanroc|move: Protect
|
|-damage|p1b: The Sler|54/100 brn|[from] brn
|-sideend|p1: iruama|move: Tailwind
|upkeep
|turn|5
|
|t:|1786200415
|move|p2b: Basculegion|Aqua Jet|p1b: The Sler
|-damage|p1b: The Sler|0 fnt
|faint|p1b: The Sler
|move|p1a: The Legion|Flip Turn|p2a: Lycanroc
|-supereffective|p2a: Lycanroc|1
|-damage|p2a: Lycanroc|0 fnt
|faint|p2a: Lycanroc
|
|t:|1786200423
|switch|p1a: The Cott|Whimsicott, L50, F, shiny|1/100|[from] Flip Turn
|
|upkeep
|
|t:|1786200431
|switch|p1b: The Lure|Chandelure, L50, F|100/100
|switch|p2a: Kingambit|Kingambit, L50, F|100/100
|turn|6
|
|t:|1786200454
|detailschange|p1b: The Lure|Chandelure-Mega, L50, F
|-mega|p1b: The Lure|Chandelure|Chandelurite
|move|p1a: The Cott|Tailwind|p1a: The Cott
|-sidestart|p1: iruama|move: Tailwind
|move|p2b: Basculegion|Aqua Jet|p1b: The Lure
|-supereffective|p1b: The Lure|1
|-damage|p1b: The Lure|27/100
|move|p2a: Kingambit|Sucker Punch|p1b: The Lure
|-supereffective|p1b: The Lure|1
|-damage|p1b: The Lure|0 fnt
|faint|p1b: The Lure
|
|upkeep
|
|t:|1786200463
|switch|p1b: The Legion|Basculegion, L50, M|81/100
|turn|7
|
|t:|1786200468
|move|p2b: Basculegion|Aqua Jet|p1a: The Cott
|-resisted|p1a: The Cott|1
|-damage|p1a: The Cott|0 fnt
|faint|p1a: The Cott
|move|p2a: Kingambit|Sucker Punch|p1b: The Legion
|-supereffective|p1b: The Legion|1
|-damage|p1b: The Legion|0 fnt
|faint|p1b: The Legion
|
|win|PaquitoelBollito
