|j|☆keyson7
|j|☆DragonairJordan23
|html|keyson7DragonairJordan23    
|uhtml|bestof|Game 1 of a best-of-3
|t:|1785821539
|gametype|doubles
|player|p1|keyson7|richboy-gen4|1193
|player|p2|DragonairJordan23|dancer|1089
|gen|9
|tier|[Gen 9 Champions] VGC 2026 Reg M-B (Bo3)
|rated|
|rule|Species Clause: Limit one of each Pokémon
|rule|Item Clause: Limit 1 of each item
|clearpoke
|poke|p1|Charizard, L50, M|
|poke|p1|Aerodactyl, L50, F|
|poke|p1|Farigiraf, L50, F|
|poke|p1|Garchomp, L50, F|
|poke|p1|Incineroar, L50, M|
|poke|p1|Torkoal, L50, F|
|poke|p2|Grimmsnarl, L50, M|
|poke|p2|Slowbro, L50, F|
|poke|p2|Glimmora, L50, F|
|poke|p2|Sinistcha, L50|
|poke|p2|Blaziken, L50, F|
|poke|p2|Kingambit, L50, F|
|teampreview|4
|showteam|p1|Charizard||CharizarditeY|SolarPower|HeatWave,SolarBeam,WeatherBall,Protect|Modest||M|||50|]Aerodactyl||Aerodactylite|Unnerve|RockSlide,DualWingbeat,IceFang,Tailwind|Adamant||F|||50|]Farigiraf||ColburBerry|ArmorTail|Psychic,Thunderbolt,TrickRoom,Protect|Bold||F|||50|]Garchomp||LifeOrb|RoughSkin|Earthquake,DragonClaw,StompingTantrum,Protect|Jolly||F|||50|]Incineroar||SitrusBerry|Intimidate|DarkestLariat,FakeOut,FlareBlitz,CloseCombat|Adamant||M|||50|]Torkoal||Charcoal|Drought|Eruption,WeatherBall,SolarBeam,Protect|Quiet||F|||50|
|showteam|p2|Grimmsnarl||LightClay|Prankster|FoulPlay,LightScreen,Reflect,PartingShot|Careful||M|||50|]Slowbro||Slowbronite|Regenerator|SlackOff,StoredPower,Scald,CalmMind|Relaxed||F|||50|]Glimmora||SitrusBerry|ToxicDebris|MortalSpin,PowerGem,EarthPower,SludgeBomb|Rash||F|||50|]Sinistcha||KasibBerry|Hospitality|Protect,MatchaGotcha,RagePowder,TrickRoom|Relaxed|||||50|]Blaziken||Blazikenite|SpeedBoost|CloseCombat,FlareBlitz,RockSlide,Protect|Adamant||F|||50|]Kingambit||FocusSash|Defiant|SuckerPunch,KowtowCleave,Protect,IronHead|Adamant||F|||50|
|inactive|Battle timer is ON: inactive players will automatically lose when time's up. (requested by keyson7)
|inactive|keyson7 has 60 seconds left.
|
|t:|1785821580
|teamsize|p1|4
|teamsize|p2|4
|start
|switch|p1a: Charizard|Charizard, L50, M|100/100
|switch|p1b: Farigiraf|Farigiraf, L50, F|100/100
|switch|p2a: Glimmora|Glimmora, L50, F|100/100
|switch|p2b: Grimmsnarl|Grimmsnarl, L50, M|100/100
|turn|1
|
|t:|1785821601
|move|p1a: Charizard|Protect|p1a: Charizard
|-singleturn|p1a: Charizard|Protect
|move|p2b: Grimmsnarl|Light Screen|p2b: Grimmsnarl
|-sidestart|p2: DragonairJordan23|move: Light Screen
|move|p2a: Glimmora|Mortal Spin|p1b: Farigiraf|[spread] p1b
|-activate|p1a: Charizard|move: Protect
|-damage|p1b: Farigiraf|96/100
|-status|p1b: Farigiraf|psn
|move|p1b: Farigiraf|Trick Room|p1b: Farigiraf
|-fieldstart|move: Trick Room|[of] p1b: Farigiraf
|
|-damage|p1b: Farigiraf|83/100 psn|[from] psn
|upkeep
|turn|2
|inactive|keyson7 has 30 seconds left.
|
|t:|1785821628
|detailschange|p1a: Charizard|Charizard-Mega-Y, L50, M
|-mega|p1a: Charizard|Charizard|Charizardite Y
|-weather|SunnyDay|[from] ability: Drought|[of] p1a: Charizard
|move|p1b: Farigiraf|Psychic|p2a: Glimmora
|-supereffective|p2a: Glimmora|1
|-damage|p2a: Glimmora|41/100
|-enditem|p2a: Glimmora|Sitrus Berry|[eat]
|-heal|p2a: Glimmora|65/100|[from] item: Sitrus Berry
|move|p2b: Grimmsnarl|Foul Play|p2a: Glimmora
|-damage|p2a: Glimmora|43/100
|-activate|p2a: Glimmora|ability: Toxic Debris
|-sidestart|p1: keyson7|move: Toxic Spikes
|move|p1a: Charizard|Weather Ball|p2a: Glimmora
|-resisted|p2a: Glimmora|1
|-damage|p2a: Glimmora|6/100
|move|p2a: Glimmora|Power Gem|p1a: Charizard
|-supereffective|p1a: Charizard|2
|-damage|p1a: Charizard|0 fnt
|faint|p1a: Charizard
|
|-weather|SunnyDay|[upkeep]
|-damage|p1b: Farigiraf|71/100 psn|[from] psn
|upkeep
|j| LyssanTM
|inactive|keyson7 has 30 seconds left.
|inactive|keyson7 has 20 seconds left.
|inactive|keyson7 has 15 seconds left.
|inactive|keyson7 has 10 seconds left.
|inactive|keyson7 has 5 seconds left.
|
|t:|1785821684
|switch|p1a: Incineroar|Incineroar, L50, M|100/100
|-status|p1a: Incineroar|psn
|-ability|p1a: Incineroar|Intimidate|boost
|-unboost|p2a: Glimmora|atk|1
|-unboost|p2b: Grimmsnarl|atk|1
|turn|3
|l| LyssanTM
|
|t:|1785821705
|switch|p2a: Slowbro|Slowbro, L50, F|100/100
|move|p1a: Incineroar|Flare Blitz|p2b: Grimmsnarl
|-damage|p2b: Grimmsnarl|7/100
|-damage|p1a: Incineroar|69/100 psn|[from] Recoil
|move|p2b: Grimmsnarl|Foul Play|p1b: Farigiraf
|-supereffective|p1b: Farigiraf|1
|-enditem|p1b: Farigiraf|Colbur Berry|[eat]
|-enditem|p1b: Farigiraf|Colbur Berry|[weaken]
|-damage|p1b: Farigiraf|46/100 psn
|move|p1b: Farigiraf|Thunderbolt|p2a: Slowbro
|-supereffective|p2a: Slowbro|1
|-damage|p2a: Slowbro|71/100
|
|-weather|SunnyDay|[upkeep]
|-damage|p1b: Farigiraf|34/100 psn|[from] psn
|-damage|p1a: Incineroar|56/100 psn|[from] psn
|upkeep
|turn|4
|inactive|DragonairJordan23 has 30 seconds left.
|
|t:|1785821732
|move|p2a: Slowbro|Scald|p1a: Incineroar
|-supereffective|p1a: Incineroar|1
|-damage|p1a: Incineroar|32/100 psn
|-enditem|p1a: Incineroar|Sitrus Berry|[eat]
|-heal|p1a: Incineroar|56/100 psn|[from] item: Sitrus Berry
|move|p1a: Incineroar|Darkest Lariat|p2a: Slowbro
|-supereffective|p2a: Slowbro|1
|-damage|p2a: Slowbro|11/100
|move|p2b: Grimmsnarl|Foul Play|p1b: Farigiraf
|-supereffective|p1b: Farigiraf|1
|-damage|p1b: Farigiraf|0 fnt
|faint|p1b: Farigiraf
|
|-weather|SunnyDay|[upkeep]
|-damage|p1a: Incineroar|44/100 psn|[from] psn
|upkeep
|
|t:|1785821737
|switch|p1b: Torkoal|Torkoal, L50, F|100/100
|-status|p1b: Torkoal|psn
|turn|5
|
|t:|1785821761
|-heal|p2a: Slowbro|44/100|[from] ability: Regenerator|[silent]
|switch|p2a: Sinistcha|Sinistcha, L50|100/100
|-heal|p2b: Grimmsnarl|32/100|[from] ability: Hospitality|[of] p2a: Sinistcha
|move|p2b: Grimmsnarl|Parting Shot|p1b: Torkoal
|-unboost|p1b: Torkoal|atk|1
|-unboost|p1b: Torkoal|spa|1
|
|t:|1785821773
|switch|p2b: Slowbro|Slowbro, L50, F|44/100|[from] Parting Shot
|move|p1b: Torkoal|Eruption|p2a: Sinistcha|[spread] p2a,p2b
|-supereffective|p2a: Sinistcha|1
|-resisted|p2b: Slowbro|1
|-damage|p2a: Sinistcha|23/100
|-damage|p2b: Slowbro|28/100
|move|p1a: Incineroar|Darkest Lariat|p2b: Slowbro
|-supereffective|p2b: Slowbro|1
|-damage|p2b: Slowbro|0 fnt
|faint|p2b: Slowbro
|
|-weather|SunnyDay|[upkeep]
|-damage|p1b: Torkoal|87/100 psn|[from] psn
|-damage|p1a: Incineroar|32/100 psn|[from] psn
|-fieldend|move: Trick Room
|upkeep
|
|t:|1785821788
|switch|p2b: Glimmora|Glimmora, L50, F|6/100
|turn|6
|
|t:|1785821794
|move|p1b: Torkoal|Protect|p1b: Torkoal
|-singleturn|p1b: Torkoal|Protect
|move|p2a: Sinistcha|Rage Powder|p2a: Sinistcha
|-singleturn|p2a: Sinistcha|move: Rage Powder
|move|p2b: Glimmora|Power Gem|p1b: Torkoal
|-activate|p1b: Torkoal|move: Protect
|move|p1a: Incineroar|Darkest Lariat|p2a: Sinistcha
|-supereffective|p2a: Sinistcha|1
|-damage|p2a: Sinistcha|0 fnt
|faint|p2a: Sinistcha
|
|-weather|none
|-damage|p1a: Incineroar|19/100 psn|[from] psn
|-damage|p1b: Torkoal|75/100 psn|[from] psn
|upkeep
|
|t:|1785821797
|switch|p2a: Grimmsnarl|Grimmsnarl, L50, M|32/100
|turn|7
|
|t:|1785821822
|move|p2b: Glimmora|Power Gem|p1b: Torkoal
|-supereffective|p1b: Torkoal|1
|-damage|p1b: Torkoal|0 fnt
|faint|p1b: Torkoal
|move|p2a: Grimmsnarl|Foul Play|p1a: Incineroar
|-resisted|p1a: Incineroar|1
|-damage|p1a: Incineroar|0 fnt
|faint|p1a: Incineroar
|
|win|DragonairJordan23
