|j|☆pagoose chase
|j|☆Chavo666
|html|pagoose chaseChavo666    
|uhtml|bestof|Game 1 of a best-of-3
|t:|1757679403
|gametype|doubles
|player|p1|pagoose chase|roxanne-gen6|1147
|player|p2|Chavo666|policeman-gen4|1030
|gen|9
|tier|[Gen 9] VGC 2025 Reg H (Bo3)
|rated|
|rule|Species Clause: Limit one of each Pokémon
|rule|Item Clause: Limit 1 of each item
|clearpoke
|poke|p1|Gliscor, L50, F|
|poke|p1|Tyranitar, L50, F|
|poke|p1|Rillaboom, L50, F|
|poke|p1|Gholdengo, L50|
|poke|p1|Electabuzz, L50, F|
|poke|p1|Annihilape, L50, F|
|poke|p2|Incineroar, L50, F|
|poke|p2|Tyranitar, L50, F|
|poke|p2|Excadrill, L50, M|
|poke|p2|Indeedee, L50, M|
|poke|p2|Armarouge, L50, F|
|poke|p2|Annihilape, L50, M|
|teampreview|4
|showteam|p1|Gliscor||ToxicOrb|PoisonHeal|DualWingbeat,HighHorsepower,Tailwind,Protect|||F|||50|,,,,,Water]Tyranitar||AssaultVest|SandStream|RockSlide,KnockOff,LowKick,TeraBlast|||F|||50|,,,,,Flying]Rillaboom||MiracleSeed|GrassySurge|FakeOut,GrassyGlide,WoodHammer,Uturn|||F|||50|,,,,,Fire]Gholdengo||LifeOrb|GoodasGold|MakeItRain,ShadowBall,NastyPlot,Protect||||||50|,,,,,Water]Electabuzz||Eviolite|VitalSpirit|FollowMe,Electroweb,Taunt,Protect|||F|||50|,,,,,Ghost]Annihilape||SafetyGoggles|Defiant|RageFist,CloseCombat,Coaching,FinalGambit|||F|||50|,,,,,Steel
|showteam|p2|Incineroar||SafetyGoggles|Intimidate|KnockOff,PartingShot,FakeOut,FlareBlitz|||F|||50|,,,,,Bug]Tyranitar||AssaultVest|SandStream|Earthquake,KnockOff,LowKick,RockSlide|||F|||50|,,,,,Flying]Excadrill||FocusSash|SandRush|SwordsDance,Earthquake,IronHead,PoisonJab|||M|||50|,,,,,Poison]Indeedee||LifeOrb|PsychicSurge|DazzlingGleam,ExpandingForce,TrickRoom,Protect|||M|||50|,,,,,Psychic]Armarouge||ChoiceSpecs|FlashFire|ExpandingForce,HeatWave,Overheat,FlashCannon|||F|||50|,,,,,Steel]Annihilape||ChoiceScarf|Defiant|CloseCombat,RageFist,Acrobatics,FinalGambit|||M|||50|,,,,,Flying
|inactive|Battle timer is ON: inactive players will automatically lose when time's up. (requested by Chavo666)
|inactive|pagoose chase has 60 seconds left.
|
|t:|1757679512
|teamsize|p1|4
|teamsize|p2|4
|start
|switch|p1a: Rillaboom|Rillaboom, L50, F|100/100
|switch|p1b: Tyranitar|Tyranitar, L50, F|100/100
|switch|p2a: Tyranitar|Tyranitar, L50, F|100/100
|switch|p2b: Annihilape|Annihilape, L50, M|100/100
|-fieldstart|move: Grassy Terrain|[from] ability: Grassy Surge|[of] p1a: Rillaboom
|-weather|Sandstorm|[from] ability: Sand Stream|[of] p1b: Tyranitar
|turn|1
|
|t:|1757679532
|switch|p1b: Gholdengo|Gholdengo, L50|100/100
|switch|p2a: Indeedee|Indeedee, L50, M|100/100
|-fieldstart|move: Psychic Terrain|[from] ability: Psychic Surge|[of] p2a: Indeedee
|move|p2b: Annihilape|Final Gambit|p1a: Rillaboom
|-damage|p1a: Rillaboom|0 fnt
|faint|p2b: Annihilape
|faint|p1a: Rillaboom
|
|-weather|Sandstorm|[upkeep]
|-damage|p2a: Indeedee|95/100|[from] Sandstorm
|upkeep
|
|t:|1757679544
|switch|p2b: Excadrill|Excadrill, L50, M|100/100
|switch|p1a: Tyranitar|Tyranitar, L50, F|100/100
|turn|2
|
|t:|1757679563
|-terastallize|p1a: Tyranitar|Flying
|move|p1b: Gholdengo|Protect|p1b: Gholdengo
|-singleturn|p1b: Gholdengo|Protect
|move|p2b: Excadrill|Swords Dance|p2b: Excadrill
|-boost|p2b: Excadrill|atk|2
|move|p2a: Indeedee|Dazzling Gleam|p1a: Tyranitar|[spread] p1a
|-activate|p1b: Gholdengo|move: Protect
|-damage|p1a: Tyranitar|87/100
|-damage|p2a: Indeedee|85/100|[from] item: Life Orb
|move|p1a: Tyranitar|Knock Off|p2a: Indeedee
|-supereffective|p2a: Indeedee
|-damage|p2a: Indeedee|0 fnt
|-enditem|p2a: Indeedee|Life Orb|[from] move: Knock Off|[of] p1a: Tyranitar
|faint|p2a: Indeedee
|
|-weather|Sandstorm|[upkeep]
|-damage|p1a: Tyranitar|81/100|[from] Sandstorm
|upkeep
|
|t:|1757679579
|switch|p2a: Tyranitar|Tyranitar, L50, F|100/100
|turn|3
|
|t:|1757679586
|-terastallize|p2a: Tyranitar|Flying
|move|p1b: Gholdengo|Protect|p1b: Gholdengo
|-singleturn|p1b: Gholdengo|Protect
|move|p2b: Excadrill|Earthquake|p1a: Tyranitar|[spread] 
|-activate|p1b: Gholdengo|move: Protect
|-immune|p2a: Tyranitar
|-immune|p1a: Tyranitar
|move|p1a: Tyranitar|Low Kick|p2a: Tyranitar
|-resisted|p2a: Tyranitar
|-damage|p2a: Tyranitar|83/100
|move|p2a: Tyranitar|Knock Off|p1b: Gholdengo
|-activate|p1b: Gholdengo|move: Protect
|
|-weather|Sandstorm|[upkeep]
|-damage|p1a: Tyranitar|75/100|[from] Sandstorm
|-damage|p2a: Tyranitar|77/100|[from] Sandstorm
|upkeep
|turn|4
|
|t:|1757679604
|move|p1b: Gholdengo|Protect||[still]
|-fail|p1b: Gholdengo
|move|p2b: Excadrill|Earthquake|p1a: Tyranitar|[spread] p1b
|-immune|p2a: Tyranitar
|-immune|p1a: Tyranitar
|-supereffective|p1b: Gholdengo
|-damage|p1b: Gholdengo|0 fnt
|faint|p1b: Gholdengo
|move|p1a: Tyranitar|Rock Slide|p2b: Excadrill|[spread] p2a,p2b
|-supereffective|p2a: Tyranitar
|-resisted|p2b: Excadrill
|-damage|p2a: Tyranitar|31/100
|-damage|p2b: Excadrill|89/100
|move|p2a: Tyranitar|Knock Off|p1a: Tyranitar
|-crit|p1a: Tyranitar
|-damage|p1a: Tyranitar|23/100
|-enditem|p1a: Tyranitar|Assault Vest|[from] move: Knock Off|[of] p2a: Tyranitar
|
|-weather|Sandstorm|[upkeep]
|-damage|p1a: Tyranitar|17/100|[from] Sandstorm
|-damage|p2a: Tyranitar|25/100|[from] Sandstorm
|upkeep
|
|t:|1757679607
|switch|p1b: Annihilape|Annihilape, L50, F|100/100
|turn|5
|inactive|pagoose chase has 30 seconds left.
|inactive|pagoose chase has 20 seconds left.
|inactive|pagoose chase has 15 seconds left.
|
|t:|1757679650
|move|p2b: Excadrill|Earthquake|p1b: Annihilape|[spread] p1b
|-immune|p2a: Tyranitar
|-immune|p1a: Tyranitar
|-damage|p1b: Annihilape|6/100
|move|p1b: Annihilape|Close Combat|p2a: Tyranitar
|-resisted|p2a: Tyranitar
|-damage|p2a: Tyranitar|8/100
|-unboost|p1b: Annihilape|def|1
|-unboost|p1b: Annihilape|spd|1
|move|p1a: Tyranitar|Knock Off|p2b: Excadrill
|-damage|p2b: Excadrill|13/100
|-enditem|p2b: Excadrill|Focus Sash|[from] move: Knock Off|[of] p1a: Tyranitar
|move|p2a: Tyranitar|Rock Slide|p1b: Annihilape|[spread] p1a,p1b
|-supereffective|p1a: Tyranitar
|-resisted|p1b: Annihilape
|-damage|p1a: Tyranitar|0 fnt
|-damage|p1b: Annihilape|0 fnt
|faint|p1a: Tyranitar
|faint|p1b: Annihilape
|
|win|Chavo666
||pagoose chase is ready for game 2.
|inactive|Chavo666 has 30 seconds to confirm battle start!
||Chavo666 is ready for game 2.
|uhtml|next|Next: Game 2 of 3
