|j|☆Baxter1357924680
|j|☆twilightgaming
|html|Baxter1357924680twilightgaming    
|uhtml|bestof|Game 2 of a best-of-3
|t:|1783555611
|gametype|doubles
|player|p1|Baxter1357924680|265|
|player|p2|twilightgaming|sabrina-lgpe|
|gen|9
|tier|[Gen 9 Champions] VGC 2026 Reg M-B (Bo3)
|rule|Species Clause: Limit one of each Pokémon
|rule|Item Clause: Limit 1 of each item
|clearpoke
|poke|p1|Aegislash, L50, M, shiny|
|poke|p1|Lucario, L50, M, shiny|
|poke|p1|Dragonite, L50, M, shiny|
|poke|p1|Ditto, L50, shiny|
|poke|p1|Annihilape, L50, M, shiny|
|poke|p1|Greninja, L50, M, shiny|
|poke|p2|Staraptor, L50, M, shiny|
|poke|p2|Mimikyu, L50, F|
|poke|p2|Whimsicott, L50, F|
|poke|p2|Sylveon, L50, F|
|poke|p2|Grimmsnarl, L50, M|
|poke|p2|Kingambit, L50, F, shiny|
|teampreview|4
|showteam|p1|Aegislash||Leftovers|StanceChange|RockSlide,SacredSword,AirSlash,CloseCombat|Serious||M|||50|]Lucario||Lucarionite|InnerFocus|Agility,CrossChop,ThunderPunch,BlazeKick|Serious||M|||50|]Dragonite||Dragoninite|Multiscale|DracoMeteor,Flamethrower,Superpower,StoneEdge|Serious||M|||50|]Ditto||ExpertBelt|Imposter|Transform|Serious|||||50|]Annihilape||ChoiceScarf|VitalSpirit|BrickBreak,CloseCombat,CrossChop,RockSlide|Serious||M|||50|]Greninja||Greninjite|Protean|Liquidation,WaterShuriken,QuickAttack,FlipTurn|Serious||M|||50|
|showteam|p2|Staraptor||Staraptite|Intimidate|BraveBird,CloseCombat,Roost,Protect|Timid||M|||50|]Mimikyu||SpellTag|Disguise|ShadowClaw,ShadowSneak,PlayRough,Protect|Adamant||F|||50|]Whimsicott||FocusSash|Prankster|Tailwind,Moonblast,Protect,Encore|Calm||F|||50|]Sylveon||Leftovers|Pixilate|HyperVoice,CalmMind,Wish,Protect|Bold||F|||50|]Grimmsnarl||RoseliBerry|Prankster|FakeOut,PartingShot,SpiritBreak,ScaryFace|Careful||M|||50|]Kingambit||ChopleBerry|Defiant|KowtowCleave,SuckerPunch,IronHead,Protect|Adamant||F|||50|
|
|t:|1783555628
|teamsize|p1|4
|teamsize|p2|4
|start
|switch|p1a: Aegislash|Aegislash, L50, M, shiny|100/100
|switch|p1b: Dragonite|Dragonite, L50, M, shiny|100/100
|switch|p2a: Staraptor|Staraptor, L50, M, shiny|100/100
|switch|p2b: Grimmsnarl|Grimmsnarl, L50, M|100/100
|-ability|p2a: Staraptor|Intimidate|boost
|-unboost|p1a: Aegislash|atk|1
|-unboost|p1b: Dragonite|atk|1
|turn|1
|
|t:|1783555663
|move|p2a: Staraptor|Protect|p2a: Staraptor
|-singleturn|p2a: Staraptor|Protect
|move|p1b: Dragonite|Flamethrower|p2b: Grimmsnarl
|-damage|p2b: Grimmsnarl|81/100
|-status|p2b: Grimmsnarl|brn
|-formechange|p1a: Aegislash|Aegislash-Blade|
|move|p1a: Aegislash|Rock Slide|p2a: Staraptor|[spread] p2b
|-activate|p2a: Staraptor|move: Protect
|-damage|p2b: Grimmsnarl|68/100 brn
|cant|p2b: Grimmsnarl|flinch
|
|-damage|p2b: Grimmsnarl|62/100 brn|[from] brn
|upkeep
|turn|2
|
|t:|1783555705
|switch|p2a: Sylveon|Sylveon, L50, F|100/100
|move|p1b: Dragonite|Flamethrower|p2b: Grimmsnarl
|-damage|p2b: Grimmsnarl|41/100 brn
|move|p1a: Aegislash|Rock Slide|p2a: Sylveon|[spread] p2a
|-miss|p1a: Aegislash|p2b: Grimmsnarl
|-damage|p2a: Sylveon|89/100
|move|p2b: Grimmsnarl|Spirit Break|p1b: Dragonite
|-supereffective|p1b: Dragonite|1
|-damage|p1b: Dragonite|85/100
|-unboost|p1b: Dragonite|spa|1
|
|-heal|p2a: Sylveon|95/100|[from] item: Leftovers
|-damage|p2b: Grimmsnarl|35/100 brn|[from] brn
|upkeep
|turn|3
|
|t:|1783555751
|move|p2b: Grimmsnarl|Parting Shot|p1a: Aegislash
|-unboost|p1a: Aegislash|atk|1
|-unboost|p1a: Aegislash|spa|1
|
|t:|1783555755
|switch|p2b: Whimsicott|Whimsicott, L50, F|100/100|[from] Parting Shot
|move|p1b: Dragonite|Flamethrower|p2b: Whimsicott
|-supereffective|p2b: Whimsicott|1
|-damage|p2b: Whimsicott|59/100
|-status|p2b: Whimsicott|brn
|move|p1a: Aegislash|Rock Slide|p2a: Sylveon|[spread] p2b
|-miss|p1a: Aegislash|p2a: Sylveon
|-damage|p2b: Whimsicott|48/100 brn
|move|p2a: Sylveon|Calm Mind|p2a: Sylveon
|-boost|p2a: Sylveon|spa|1
|-boost|p2a: Sylveon|spd|1
|
|-heal|p2a: Sylveon|100/100|[from] item: Leftovers
|-damage|p2b: Whimsicott|42/100 brn|[from] brn
|upkeep
|turn|4
|
|t:|1783555793
|move|p2b: Whimsicott|Protect|p2b: Whimsicott
|-singleturn|p2b: Whimsicott|Protect
|move|p1b: Dragonite|Flamethrower|p2b: Whimsicott
|-activate|p2b: Whimsicott|move: Protect
|move|p1a: Aegislash|Rock Slide|p2a: Sylveon|[spread] p2a
|-activate|p2b: Whimsicott|move: Protect
|-damage|p2a: Sylveon|91/100
|move|p2a: Sylveon|Hyper Voice|p1a: Aegislash|[spread] p1a,p1b
|-resisted|p1a: Aegislash|1
|-supereffective|p1b: Dragonite|1
|-damage|p1a: Aegislash|54/100
|-damage|p1b: Dragonite|0 fnt
|faint|p1b: Dragonite
|
|-heal|p1a: Aegislash|60/100|[from] item: Leftovers
|-heal|p2a: Sylveon|97/100|[from] item: Leftovers
|-damage|p2b: Whimsicott|36/100 brn|[from] brn
|upkeep
|
|t:|1783555832
|switch|p1b: Ditto|Ditto, L50, shiny|100/100
|-transform|p1b: Ditto|p2a: Sylveon|[from] ability: Imposter
|turn|5
|
|t:|1783555847
|move|p2b: Whimsicott|Tailwind|p2b: Whimsicott
|-sidestart|p2: twilightgaming|move: Tailwind
|move|p2a: Sylveon|Hyper Voice|p1b: Ditto|[spread] p1a,p1b
|-resisted|p1a: Aegislash|1
|-damage|p1a: Aegislash|17/100
|-damage|p1b: Ditto|66/100
|move|p1a: Aegislash|Air Slash|p2b: Whimsicott
|-supereffective|p2b: Whimsicott|1
|-damage|p2b: Whimsicott|0 fnt
|faint|p2b: Whimsicott
|move|p1b: Ditto|Hyper Voice|p2a: Sylveon
|-damage|p2a: Sylveon|64/100
|
|-heal|p2a: Sylveon|70/100|[from] item: Leftovers
|-heal|p1a: Aegislash|23/100|[from] item: Leftovers
|upkeep
|
|t:|1783555858
|switch|p2b: Grimmsnarl|Grimmsnarl, L50, M|35/100 brn
|turn|6
|
|t:|1783555883
|move|p2b: Grimmsnarl|Fake Out|p1b: Ditto
|-damage|p1b: Ditto|60/100
|move|p2a: Sylveon|Hyper Voice|p1a: Aegislash|[spread] p1a,p1b
|-resisted|p1a: Aegislash|1
|-crit|p1a: Aegislash
|-damage|p1a: Aegislash|0 fnt
|-damage|p1b: Ditto|26/100
|faint|p1a: Aegislash
|cant|p1b: Ditto|flinch
|
|-heal|p2a: Sylveon|77/100|[from] item: Leftovers
|-damage|p2b: Grimmsnarl|29/100 brn|[from] brn
|upkeep
|
|t:|1783555908
|switch|p1a: Lucario|Lucario, L50, M, shiny|100/100
|turn|7
|
|t:|1783555934
|move|p2b: Grimmsnarl|Scary Face|p1a: Lucario
|-unboost|p1a: Lucario|spe|2
|move|p2a: Sylveon|Hyper Voice|p1a: Lucario|[spread] p1a,p1b
|-damage|p1a: Lucario|34/100
|-damage|p1b: Ditto|0 fnt
|faint|p1b: Ditto
|move|p1a: Lucario|Thunder Punch|p2b: Grimmsnarl
|-damage|p2b: Grimmsnarl|7/100 brn
|
|-heal|p2a: Sylveon|83/100|[from] item: Leftovers
|-damage|p2b: Grimmsnarl|1/100 brn|[from] brn
|upkeep
|turn|8
|
|t:|1783555965
|detailschange|p1a: Lucario|Lucario-Mega, L50, M, shiny
|-mega|p1a: Lucario|Lucario|Lucarionite
|move|p2a: Sylveon|Hyper Voice|p1a: Lucario
|-damage|p1a: Lucario|0 fnt
|faint|p1a: Lucario
|
|win|twilightgaming
||Baxter1357924680 is ready for game 3.
||twilightgaming is ready for game 3.
|uhtml|next|Next: Game 3 of 3
