|j|☆Sark_RL
|j|☆Bellbottoms
|html|Sark_RLBellbottoms    
|uhtml|bestof|Game 1 of a best-of-3
|t:|1757245893
|gametype|doubles
|player|p1|Sark_RL|rika|
|player|p2|Bellbottoms|pokemonbreederf-gen4|
|gen|9
|tier|[Gen 9] VGC 2025 Reg H (Bo3)
|rule|Species Clause: Limit one of each Pokémon
|rule|Item Clause: Limit 1 of each item
|clearpoke
|poke|p1|Tyranitar, L50, M|
|poke|p1|Corviknight, L50, F|
|poke|p1|Dragapult, L50, M|
|poke|p1|Kilowattrel, L50, F|
|poke|p1|Garchomp, L50, F|
|poke|p1|Volcarona, L50, F|
|poke|p2|Gholdengo, L50|
|poke|p2|Rillaboom, L50, F|
|poke|p2|Arcanine-Hisui, L50, F|
|poke|p2|Sneasler, L50, F|
|poke|p2|Dragonite, L50, F|
|poke|p2|Ninetales-Alola, L50, F|
|teampreview|4
|showteam|p1|Tyranitar||AssaultVest|SandStream|RockSlide,KnockOff,LowKick,TeraBlast|||M|||50|,,,,,Flying]Corviknight||SitrusBerry|MirrorArmor|BraveBird,BodyPress,BulkUp,Roost|||F|||50|,,,,,Fire]Dragapult||LifeOrb|Infiltrator|ShadowBall,DracoMeteor,Flamethrower,Protect|||M|||50|,,,,,Stellar]Kilowattrel||FocusSash|Competitive|Thunderbolt,AirSlash,Tailwind,Protect|||F|||50|,,,,,Stellar]Garchomp||Leftovers|SandVeil|Earthquake,DragonClaw,Substitute,Protect|||F|||50|,,,,,Steel]Volcarona||SafetyGoggles|FlameBody|Overheat,StruggleBug,RagePowder,Tailwind|||F|||50|,,,,,Fairy
|showteam|p2|Gholdengo||GrassySeed|GoodasGold|MakeItRain,NastyPlot,ShadowBall,Protect||||||50|,,,,,Water]Rillaboom||AssaultVest|GrassySurge|DrumBeating,GrassyGlide,FakeOut,HighHorsepower|||F|||50|,,,,,Fire]Arcanine-Hisui||ClearAmulet|Intimidate|RockSlide,FlareBlitz,ExtremeSpeed,Protect|||F|||50|,,,,,Water]Sneasler||WhiteHerb|Unburden|CloseCombat,DireClaw,Coaching,Protect|||F|||50|,,,,,Ghost]Dragonite||LoadedDice|Multiscale|ScaleShot,StompingTantrum,Protect,Tailwind|||F|||50|,,,,,Ground]Ninetales-Alola||FocusSash|SnowWarning|Blizzard,IcyWind,AuroraVeil,Encore|||F|||50|,,,,,Ghost
|
|t:|1757245915
|teamsize|p1|4
|teamsize|p2|4
|start
|switch|p1a: Alphonse|Corviknight, L50, F|100/100
|switch|p1b: Roy|Volcarona, L50, F|100/100
|switch|p2a: Oguri Cap|Ninetales-Alola, L50, F|100/100
|switch|p2b: Gold Ship|Gholdengo, L50, shiny|100/100
|-weather|Snowscape|[from] ability: Snow Warning|[of] p2a: Oguri Cap
|turn|1
|
|t:|1757245938
|switch|p2b: Maruzensky|Arcanine-Hisui, L50, F|100/100
|-ability|p2b: Maruzensky|Intimidate|boost
|-ability|p1a: Alphonse|Mirror Armor
|-fail|p2b: Maruzensky|unboost|[from] item: Clear Amulet|[of] p2b: Maruzensky
|-unboost|p1b: Roy|atk|1
|move|p2a: Oguri Cap|Aurora Veil|p2a: Oguri Cap
|-sidestart|p2: Bellbottoms|move: Aurora Veil
|move|p1b: Roy|Struggle Bug|p2b: Maruzensky|[spread] p2a,p2b
|-resisted|p2a: Oguri Cap
|-resisted|p2b: Maruzensky
|-damage|p2a: Oguri Cap|94/100
|-damage|p2b: Maruzensky|94/100
|-unboost|p2a: Oguri Cap|spa|1
|move|p1a: Alphonse|Bulk Up|p1a: Alphonse
|-boost|p1a: Alphonse|atk|1
|-boost|p1a: Alphonse|def|1
|
|-weather|Snowscape|[upkeep]
|upkeep
|turn|2
|
|t:|1757245975
|move|p2a: Oguri Cap|Encore|p1a: Alphonse
|-start|p1a: Alphonse|Encore
|move|p1b: Roy|Overheat|p2a: Oguri Cap|[miss]
|-miss|p1b: Roy|p2a: Oguri Cap
|move|p2b: Maruzensky|Rock Slide|p1a: Alphonse|[spread] p1a,p1b
|-supereffective|p1b: Roy
|-damage|p1a: Alphonse|89/100
|-damage|p1b: Roy|0 fnt
|faint|p1b: Roy
|cant|p1a: Alphonse|flinch
|
|-weather|Snowscape|[upkeep]
|upkeep
|c|☆Bellbottoms|Volc
|c|☆Sark_RL|what a debut
|c|☆Sark_RL|my goat
|
|t:|1757246001
|switch|p1b: Wrath|Garchomp, L50, F|100/100
|turn|3
|
|t:|1757246009
|move|p2a: Oguri Cap|Blizzard|p1b: Wrath|[spread] p1a,p1b
|-supereffective|p1b: Wrath
|-damage|p1a: Alphonse|68/100
|-damage|p1b: Wrath|26/100
|-status|p1b: Wrath|frz
|move|p2b: Maruzensky|Flare Blitz|p1b: Wrath
|-resisted|p1b: Wrath
|-damage|p1b: Wrath|4/100 frz
|-curestatus|p1b: Wrath|frz|[msg]
|-damage|p2b: Maruzensky|84/100|[from] Recoil
|move|p1b: Wrath|Earthquake|p2b: Maruzensky|[spread] p2a,p2b
|-immune|p1a: Alphonse
|-supereffective|p2b: Maruzensky
|-damage|p2a: Oguri Cap|67/100
|-damage|p2b: Maruzensky|0 fnt
|faint|p2b: Maruzensky
|move|p1a: Alphonse|Bulk Up|p1a: Alphonse
|-boost|p1a: Alphonse|atk|1
|-boost|p1a: Alphonse|def|1
|
|-weather|Snowscape|[upkeep]
|-heal|p1b: Wrath|10/100|[from] item: Leftovers
|upkeep
|
|t:|1757246013
|switch|p2b: Gold Ship|Gholdengo, L50, shiny|100/100
|turn|4
|
|t:|1757246026
|switch|p2a: Grass Wonder|Rillaboom, L50, F|100/100
|-fieldstart|move: Grassy Terrain|[from] ability: Grassy Surge|[of] p2a: Grass Wonder
|-enditem|p2b: Gold Ship|Grassy Seed
|-boost|p2b: Gold Ship|def|1|[from] item: Grassy Seed
|move|p1b: Wrath|Earthquake|p2b: Gold Ship|[spread] p2a,p2b
|-immune|p1a: Alphonse
|-resisted|p2a: Grass Wonder
|-supereffective|p2b: Gold Ship
|-damage|p2a: Grass Wonder|94/100
|-damage|p2b: Gold Ship|85/100
|move|p2b: Gold Ship|Nasty Plot|p2b: Gold Ship
|-boost|p2b: Gold Ship|spa|2
|move|p1a: Alphonse|Bulk Up|p1a: Alphonse
|-boost|p1a: Alphonse|atk|1
|-boost|p1a: Alphonse|def|1
|
|-weather|Snowscape|[upkeep]
|-heal|p2a: Grass Wonder|99/100|[from] Grassy Terrain
|-heal|p1b: Wrath|16/100|[from] Grassy Terrain
|-heal|p1b: Wrath|22/100|[from] item: Leftovers
|-heal|p2b: Gold Ship|91/100|[from] Grassy Terrain
|-end|p1a: Alphonse|Encore
|upkeep
|turn|5
|
|t:|1757246062
|move|p2a: Grass Wonder|Fake Out|p1a: Alphonse
|-resisted|p1a: Alphonse
|-damage|p1a: Alphonse|66/100
|move|p1b: Wrath|Earthquake|p2b: Gold Ship|[spread] p2a,p2b
|-immune|p1a: Alphonse
|-resisted|p2a: Grass Wonder
|-supereffective|p2b: Gold Ship
|-damage|p2a: Grass Wonder|94/100
|-damage|p2b: Gold Ship|76/100
|move|p2b: Gold Ship|Shadow Ball|p1a: Alphonse
|-damage|p1a: Alphonse|0 fnt
|faint|p1a: Alphonse
|
|-weather|none
|-heal|p2a: Grass Wonder|99/100|[from] Grassy Terrain
|-heal|p1b: Wrath|28/100|[from] Grassy Terrain
|-heal|p1b: Wrath|34/100|[from] item: Leftovers
|-heal|p2b: Gold Ship|82/100|[from] Grassy Terrain
|-sideend|p2: Bellbottoms|move: Aurora Veil
|upkeep
|c|☆Bellbottoms|15%
|c|☆Bellbottoms|that’s crazy
|
|t:|1757246073
|switch|p1a: Envy|Dragapult, L50, M|100/100
|turn|6
|
|t:|1757246087
|move|p1a: Envy|Protect|p1a: Envy
|-singleturn|p1a: Envy|Protect
|move|p2b: Gold Ship|Protect|p2b: Gold Ship
|-singleturn|p2b: Gold Ship|Protect
|move|p2a: Grass Wonder|Drum Beating|p1a: Envy
|-activate|p1a: Envy|move: Protect
|move|p1b: Wrath|Dragon Claw|p2a: Grass Wonder
|-damage|p2a: Grass Wonder|61/100
|
|-heal|p2a: Grass Wonder|67/100|[from] Grassy Terrain
|-heal|p1b: Wrath|40/100|[from] Grassy Terrain
|-heal|p1b: Wrath|47/100|[from] item: Leftovers
|-heal|p2b: Gold Ship|88/100|[from] Grassy Terrain
|upkeep
|turn|7
|
|t:|1757246111
|-terastallize|p1a: Envy|Stellar
|move|p1a: Envy|Shadow Ball|p2b: Gold Ship
|-supereffective|p2b: Gold Ship
|-damage|p2b: Gold Ship|0 fnt
|faint|p2b: Gold Ship
|-damage|p1a: Envy|91/100|[from] item: Life Orb
|move|p2a: Grass Wonder|Drum Beating|p1b: Wrath
|-damage|p1b: Wrath|6/100
|-unboost|p1b: Wrath|spe|1
|move|p1b: Wrath|Dragon Claw|p2a: Grass Wonder
|-crit|p2a: Grass Wonder
|-damage|p2a: Grass Wonder|2/100
|
|-heal|p1a: Envy|97/100|[from] Grassy Terrain
|-heal|p2a: Grass Wonder|7/100|[from] Grassy Terrain
|-heal|p1b: Wrath|12/100|[from] Grassy Terrain
|-heal|p1b: Wrath|18/100|[from] item: Leftovers
|upkeep
|
|t:|1757246114
|switch|p2b: Oguri Cap|Ninetales-Alola, L50, F|67/100
|-weather|Snowscape|[from] ability: Snow Warning|[of] p2b: Oguri Cap
|turn|8
|
|t:|1757246142
|-terastallize|p2b: Oguri Cap|Ghost
|move|p1a: Envy|Flamethrower|p2b: Oguri Cap
|-damage|p2b: Oguri Cap|15/100
|-damage|p1a: Envy|87/100|[from] item: Life Orb
|move|p2b: Oguri Cap|Blizzard|p1b: Wrath|[spread] p1a,p1b
|-supereffective|p1a: Envy
|-supereffective|p1b: Wrath
|-damage|p1a: Envy|9/100
|-damage|p1b: Wrath|0 fnt
|faint|p1b: Wrath
|move|p2a: Grass Wonder|Drum Beating|p1a: Envy
|-resisted|p1a: Envy
|-damage|p1a: Envy|0 fnt
|faint|p1a: Envy
|
|win|Bellbottoms
|inactive|Sark_RL has 30 seconds to confirm battle start!
|inactive|Bellbottoms has 30 seconds to confirm battle start!
||Sark_RL is ready for game 2.
|c|☆Bellbottoms|ILY Ninetales
||Bellbottoms is ready for game 2.
|uhtml|next|Next: Game 2 of 3
|l|☆Sark_RL
|player|p1|
