|j|☆Daniw9
|j|☆WASHINGTONGARGACHA
|html|Daniw9WASHINGTONGARGACHA    
|uhtml|bestof|Game 3 of a best-of-3
|t:|1756375015
|gametype|doubles
|player|p1|Daniw9|2|1118
|player|p2|WASHINGTONGARGACHA|265|1021
|gen|9
|tier|[Gen 9] VGC 2025 Reg H (Bo3)
|rated|
|rule|Species Clause: Limit one of each Pokémon
|rule|Item Clause: Limit 1 of each item
|clearpoke
|poke|p1|Garchomp, L50, M|
|poke|p1|Tyranitar, L50, M|
|poke|p1|Delphox, L50, F|
|poke|p1|Indeedee-F, L50, F|
|poke|p1|Gallade, L50, M|
|poke|p1|Whimsicott, L50, F|
|poke|p2|Farigiraf, L50, M|
|poke|p2|Incineroar, L50, F|
|poke|p2|Rillaboom, L50, F|
|poke|p2|Gholdengo, L50|
|poke|p2|Blaziken, L50, F|
|poke|p2|Sneasler, L50, M|
|teampreview|4
|showteam|p1|Garchomp||LifeOrb|SandVeil|Earthquake,StompingTantrum,Protect,DragonClaw|||M|||50|,,,,,Steel]Tyranitar||AssaultVest|SandStream|RockSlide,TeraBlast,KnockOff,LowKick|||M|||50|,,,,,Flying]Delphox||PsychicSeed|Magician|ExpandingForce,HeatWave,TeraBlast,Protect|||F|||50|,,,,,Fairy]Indeedee-F||SafetyGoggles|PsychicSurge|DazzlingGleam,TrickRoom,FollowMe,HelpingHand|||F|||50|,,,,,Water]Gallade||ClearAmulet|Sharpness|SacredSword,PsychoCut,TrickRoom,Protect|||M|||50|,,,,,Grass]Whimsicott||CovertCloak|Prankster|Moonblast,Tailwind,Encore,Protect|||F|||50|,,,,,Ghost
|showteam|p2|Farigiraf||ThroatSpray|ArmorTail|HyperVoice,Psychic,TrickRoom,Protect|||M|||50|,,,,,Fairy]Incineroar||SafetyGoggles|Intimidate|FlareBlitz,FakeOut,KnockOff,PartingShot|||F|||50|,,,,,Ghost]Rillaboom||AssaultVest|GrassySurge|FakeOut,GrassyGlide,Uturn,WoodHammer|||F|||50|,,,,,Fire]Gholdengo||SitrusBerry|GoodasGold|MakeItRain,NastyPlot,ShadowBall,Protect||||||50|,,,,,Water]Blaziken||FocusSash|SpeedBoost|CloseCombat,FlareBlitz,Protect,SwordsDance|||F|||50|,,,,,Stellar]Sneasler||GrassySeed|Unburden|DireClaw,CloseCombat,Protect,ThroatChop|||M|||50|,,,,,Stellar
|
|t:|1756375057
|teamsize|p1|4
|teamsize|p2|4
|start
|switch|p1a: Gallade|Gallade, L50, M|100/100
|switch|p1b: Whimsicott|Whimsicott, L50, F|100/100
|switch|p2a: Gholdengo|Gholdengo, L50|100/100
|switch|p2b: Incineroar|Incineroar, L50, F|100/100
|-ability|p2b: Incineroar|Intimidate|boost
|-fail|p1a: Gallade|unboost|[from] item: Clear Amulet|[of] p1a: Gallade
|-unboost|p1b: Whimsicott|atk|1
|turn|1
|
|t:|1756375070
|switch|p1b: Indeedee|Indeedee-F, L50, F|100/100
|-fieldstart|move: Psychic Terrain|[from] ability: Psychic Surge|[of] p1b: Indeedee
|move|p2b: Incineroar|Fake Out|p1a: Gallade
|-activate|p1a: Gallade|move: Psychic Terrain
|move|p2a: Gholdengo|Make It Rain|p1b: Indeedee|[spread] p1a,p1b
|-damage|p1a: Gallade|59/100
|-damage|p1b: Indeedee|62/100
|-unboost|p2a: Gholdengo|spa|1
|move|p1a: Gallade|Sacred Sword|p2b: Incineroar
|-supereffective|p2b: Incineroar
|-damage|p2b: Incineroar|0 fnt
|faint|p2b: Incineroar
|
|upkeep
|
|t:|1756375084
|switch|p2b: Rillaboom|Rillaboom, L50, F|100/100
|-fieldstart|move: Grassy Terrain|[from] ability: Grassy Surge|[of] p2b: Rillaboom
|turn|2
|
|t:|1756375095
|move|p1a: Gallade|Protect|p1a: Gallade
|-singleturn|p1a: Gallade|Protect
|move|p2b: Rillaboom|U-turn|p1b: Indeedee
|-supereffective|p1b: Indeedee
|-damage|p1b: Indeedee|17/100
|
|t:|1756375101
|switch|p2b: Farigiraf|Farigiraf, L50, M|100/100|[from] U-turn
|move|p2a: Gholdengo|Nasty Plot|p2a: Gholdengo
|-boost|p2a: Gholdengo|spa|2
|move|p1b: Indeedee|Trick Room|p1b: Indeedee
|-fieldstart|move: Trick Room|[of] p1b: Indeedee
|
|-heal|p1b: Indeedee|24/100|[from] Grassy Terrain
|-heal|p1a: Gallade|65/100|[from] Grassy Terrain
|upkeep
|turn|3
|
|t:|1756375115
|move|p1b: Indeedee|Helping Hand|p1a: Gallade
|-singleturn|p1a: Gallade|Helping Hand|[of] p1b: Indeedee
|move|p2b: Farigiraf|Hyper Voice|p1b: Indeedee|[spread] p1a,p1b
|-damage|p1a: Gallade|40/100
|-damage|p1b: Indeedee|0 fnt
|faint|p1b: Indeedee
|-enditem|p2b: Farigiraf|Throat Spray
|-boost|p2b: Farigiraf|spa|1|[from] item: Throat Spray
|move|p1a: Gallade|Sacred Sword|p2b: Farigiraf
|-damage|p2b: Farigiraf|0 fnt
|faint|p2b: Farigiraf
|move|p2a: Gholdengo|Make It Rain|p1a: Gallade
|-damage|p1a: Gallade|0 fnt
|-unboost|p2a: Gholdengo|spa|1
|faint|p1a: Gallade
|
|upkeep
|
|t:|1756375131
|switch|p2b: Rillaboom|Rillaboom, L50, F|100/100
|switch|p1b: Tyranitar|Tyranitar, L50, M|100/100
|switch|p1a: Whimsicott|Whimsicott, L50, F|100/100
|-weather|Sandstorm|[from] ability: Sand Stream|[of] p1b: Tyranitar
|turn|4
|
|t:|1756375149
|-terastallize|p1b: Tyranitar|Flying
|-terastallize|p2b: Rillaboom|Fire
|move|p1a: Whimsicott|Protect|p1a: Whimsicott
|-singleturn|p1a: Whimsicott|Protect
|move|p2b: Rillaboom|Fake Out|p1b: Tyranitar
|-damage|p1b: Tyranitar|89/100
|cant|p1b: Tyranitar|flinch
|move|p2a: Gholdengo|Nasty Plot|p2a: Gholdengo
|-boost|p2a: Gholdengo|spa|2
|
|-weather|Sandstorm|[upkeep]
|-damage|p1b: Tyranitar|84/100|[from] Sandstorm
|-damage|p2b: Rillaboom|95/100|[from] Sandstorm
|-damage|p1a: Whimsicott|95/100|[from] Sandstorm
|-heal|p2b: Rillaboom|100/100|[from] Grassy Terrain
|-heal|p1a: Whimsicott|100/100|[from] Grassy Terrain
|upkeep
|turn|5
|
|t:|1756375181
|move|p1a: Whimsicott|Encore|p2b: Rillaboom
|-start|p2b: Rillaboom|Encore
|move|p1b: Tyranitar|Knock Off|p2a: Gholdengo
|-supereffective|p2a: Gholdengo
|-damage|p2a: Gholdengo|0 fnt
|-enditem|p2a: Gholdengo|Sitrus Berry|[from] move: Knock Off|[of] p1b: Tyranitar
|faint|p2a: Gholdengo
|move|p2b: Rillaboom|Fake Out||[still]
|-hint|Fake Out only works on your first turn out.
|-fail|p2b: Rillaboom
|
|-weather|Sandstorm|[upkeep]
|-damage|p1b: Tyranitar|78/100|[from] Sandstorm
|-damage|p2b: Rillaboom|95/100|[from] Sandstorm
|-damage|p1a: Whimsicott|95/100|[from] Sandstorm
|-heal|p2b: Rillaboom|100/100|[from] Grassy Terrain
|-heal|p1a: Whimsicott|100/100|[from] Grassy Terrain
|upkeep
|turn|6
|
|t:|1756375195
|move|p2b: Rillaboom|Fake Out||[still]
|-hint|Fake Out only works on your first turn out.
|-fail|p2b: Rillaboom
|move|p1b: Tyranitar|Rock Slide|p2b: Rillaboom
|-supereffective|p2b: Rillaboom
|-damage|p2b: Rillaboom|7/100
|move|p1a: Whimsicott|Moonblast|p2b: Rillaboom
|-resisted|p2b: Rillaboom
|-damage|p2b: Rillaboom|0 fnt
|faint|p2b: Rillaboom
|
|win|Daniw9
|raw|Daniw9's rating: 1118 → 1136(+18 for winning)
|raw|WASHINGTONGARGACHA's rating: 1021 → 1011(-10 for losing)
|l|☆WASHINGTONGARGACHA
|player|p2|
