|j|☆jngldiff
|j|☆Pietplezier7
|html|jngldiffPietplezier7    
|uhtml|bestof|Game 3 of a best-of-3
|t:|1756739712
|gametype|doubles
|player|p1|jngldiff|102|1208
|player|p2|Pietplezier7|grimsley-gen7|1292
|gen|9
|tier|[Gen 9] VGC 2025 Reg H (Bo3)
|rated|
|rule|Species Clause: Limit one of each Pokémon
|rule|Item Clause: Limit 1 of each item
|clearpoke
|poke|p1|Sneasler, L50, F|
|poke|p1|Dragonite, L50, M|
|poke|p1|Rillaboom, L50, F|
|poke|p1|Basculegion, L50, M|
|poke|p1|Volcarona, L50, M|
|poke|p1|Kingambit, L50, M|
|poke|p2|Charizard, L50, M|
|poke|p2|Torkoal, L50, F|
|poke|p2|Porygon2, L50|
|poke|p2|Incineroar, L50, M|
|poke|p2|Jumpluff, L50, M|
|poke|p2|Ursaluna, L50, M|
|teampreview|4
|showteam|p1|Sneasler||FocusSash|Unburden|CloseCombat,DireClaw,Coaching,Protect|||F|||50|,,,,,Ghost]Dragonite||LoadedDice|Multiscale|ScaleShot,ExtremeSpeed,Haze,Protect|||M|||50|,,,,,Fairy]Rillaboom||MiracleSeed|GrassySurge|WoodHammer,GrassyGlide,Taunt,FakeOut|||F|||50|,,,,,Fire]Basculegion||ChoiceScarf|Adaptability|WaveCrash,FlipTurn,LastRespects,AquaJet|||M|||50|,,,,,Water]Volcarona||CovertCloak|FlameBody|HeatWave,TeraBlast,QuiverDance,Protect|||M|||50|,,,,,Fairy]Kingambit||AssaultVest|Defiant|KowtowCleave,SuckerPunch,IronHead,LowKick|||M|||50|,,,,,Dragon
|showteam|p2|Charizard||ChoiceSpecs|SolarPower|HeatWave,Overheat,WeatherBall,AirSlash|||M|||50|,,,,,Ghost]Torkoal||EjectPack|Drought|Eruption,Overheat,HelpingHand,Protect|||F|||50|,,,,,Fire]Porygon2||Eviolite|Download|IceBeam,TeraBlast,TrickRoom,Recover||||||50|,,,,,Fighting]Incineroar||SitrusBerry|Intimidate|FlareBlitz,KnockOff,FakeOut,PartingShot|||M|||50|,,,,,Ghost]Jumpluff||CovertCloak|Chlorophyll|SleepPowder,SunnyDay,RagePowder,Tailwind|||M|||50|,,,,,Water]Ursaluna||FlameOrb|Guts|HeadlongRush,Facade,Earthquake,Protect|||M|||50|,,,,,Ghost
|inactive|Battle timer is ON: inactive players will automatically lose when time's up. (requested by Pietplezier7)
|j| fleamarketninja
|l| fleamarketninja
|inactive|jngldiff has 60 seconds left.
|inactive|Pietplezier7 has 60 seconds left.
|inactive|Pietplezier7 has 30 seconds left.
|inactive|Pietplezier7 has 20 seconds left.
|inactive|Pietplezier7 has 15 seconds left.
|inactive|Pietplezier7 has 10 seconds left.
|
|t:|1756739795
|teamsize|p1|4
|teamsize|p2|4
|start
|switch|p1a: Rillaboom|Rillaboom, L50, F|100/100
|switch|p1b: Volcarona|Volcarona, L50, M|100/100
|switch|p2a: Porygon2|Porygon2, L50|100/100
|switch|p2b: Jumpluff|Jumpluff, L50, M|100/100
|-fieldstart|move: Grassy Terrain|[from] ability: Grassy Surge|[of] p1a: Rillaboom
|-ability|p2a: Porygon2|Download|boost
|-boost|p2a: Porygon2|atk|1
|turn|1
|inactive|jngldiff has 30 seconds left.
|inactive|Pietplezier7 has 30 seconds left.
|
|t:|1756739830
|switch|p2a: Ursaluna|Ursaluna, L50, M|100/100
|move|p2b: Jumpluff|Tailwind|p2b: Jumpluff
|-sidestart|p2: Pietplezier7|move: Tailwind
|move|p1b: Volcarona|Quiver Dance|p1b: Volcarona
|-boost|p1b: Volcarona|spa|1
|-boost|p1b: Volcarona|spd|1
|-boost|p1b: Volcarona|spe|1
|move|p1a: Rillaboom|Taunt|p2a: Ursaluna
|-start|p2a: Ursaluna|move: Taunt
|
|-status|p2a: Ursaluna|brn|[from] item: Flame Orb
|upkeep
|turn|2
|inactive|jngldiff has 30 seconds left.
|
|t:|1756739861
|move|p1b: Volcarona|Protect|p1b: Volcarona
|-singleturn|p1b: Volcarona|Protect
|move|p2b: Jumpluff|Sleep Powder|p1b: Volcarona
|-activate|p1b: Volcarona|move: Protect
|move|p2a: Ursaluna|Facade|p1a: Rillaboom
|-damage|p1a: Rillaboom|0 fnt
|faint|p1a: Rillaboom
|
|-damage|p2a: Ursaluna|95/100 brn|[from] brn
|upkeep
|
|t:|1756739877
|switch|p1a: Basculegion|Basculegion, L50, M|100/100
|turn|3
|inactive|Pietplezier7 has 30 seconds left.
|inactive|Pietplezier7 has 20 seconds left.
|inactive|Pietplezier7 has 15 seconds left.
|inactive|Pietplezier7 has 10 seconds left.
|
|t:|1756739924
|switch|p2a: Torkoal|Torkoal, L50, F|100/100
|-weather|SunnyDay|[from] ability: Drought|[of] p2a: Torkoal
|-terastallize|p2b: Jumpluff|Water
|move|p2b: Jumpluff|Sleep Powder|p1b: Volcarona|[miss]
|-miss|p2b: Jumpluff|p1b: Volcarona
|move|p1a: Basculegion|Wave Crash|p2a: Torkoal
|-supereffective|p2a: Torkoal
|-damage|p2a: Torkoal|49/100
|-damage|p1a: Basculegion|85/100|[from] Recoil
|move|p1b: Volcarona|Heat Wave|p2a: Torkoal|[spread] p2a
|-miss|p1b: Volcarona|p2b: Jumpluff
|-resisted|p2a: Torkoal
|-damage|p2a: Torkoal|0 fnt
|faint|p2a: Torkoal
|
|-weather|SunnyDay|[upkeep]
|-heal|p1a: Basculegion|91/100|[from] Grassy Terrain
|upkeep
|
|t:|1756739941
|switch|p2a: Porygon2|Porygon2, L50|100/100
|-ability|p2a: Porygon2|Download|boost
|-boost|p2a: Porygon2|atk|1
|turn|4
|
|t:|1756739960
|switch|p1a: Kingambit|Kingambit, L50, M|100/100
|move|p2b: Jumpluff|Sleep Powder|p1b: Volcarona|[miss]
|-miss|p2b: Jumpluff|p1b: Volcarona
|move|p1b: Volcarona|Heat Wave|p2b: Jumpluff|[spread] p2a
|-miss|p1b: Volcarona|p2b: Jumpluff
|-damage|p2a: Porygon2|52/100
|move|p2a: Porygon2|Trick Room|p2a: Porygon2
|-fieldstart|move: Trick Room|[of] p2a: Porygon2
|
|-weather|SunnyDay|[upkeep]
|-heal|p2a: Porygon2|58/100|[from] Grassy Terrain
|-sideend|p2: Pietplezier7|move: Tailwind
|upkeep
|turn|5
|inactive|Pietplezier7 has 30 seconds left.
|inactive|jngldiff has 30 seconds left.
|inactive|jngldiff has 20 seconds left.
|inactive|jngldiff has 15 seconds left.
|
|t:|1756740012
|move|p1a: Kingambit|Low Kick|p2a: Porygon2
|-supereffective|p2a: Porygon2
|-damage|p2a: Porygon2|28/100
|move|p2a: Porygon2|Tera Blast|p1b: Volcarona
|-damage|p1b: Volcarona|78/100
|move|p1b: Volcarona|Heat Wave|p2a: Porygon2|[spread] p2a,p2b
|-resisted|p2b: Jumpluff
|-damage|p2a: Porygon2|0 fnt
|-damage|p2b: Jumpluff|60/100
|faint|p2a: Porygon2
|move|p2b: Jumpluff|Sleep Powder|p1a: Kingambit
|-status|p1a: Kingambit|slp|[from] move: Sleep Powder
|
|-weather|SunnyDay|[upkeep]
|-heal|p1b: Volcarona|84/100|[from] Grassy Terrain
|-heal|p2b: Jumpluff|66/100|[from] Grassy Terrain
|-fieldend|move: Grassy Terrain
|upkeep
|
|t:|1756740023
|switch|p2a: Ursaluna|Ursaluna, L50, M|95/100 brn
|turn|6
|inactive|jngldiff has 30 seconds left.
|
|t:|1756740053
|cant|p1a: Kingambit|slp
|move|p2a: Ursaluna|Facade|p1b: Volcarona
|-damage|p1b: Volcarona|0 fnt
|faint|p1b: Volcarona
|move|p2b: Jumpluff|Sleep Powder|p1a: Kingambit
|-fail|p1a: Kingambit|slp
|
|-weather|SunnyDay|[upkeep]
|-damage|p2a: Ursaluna|89/100 brn|[from] brn
|upkeep
|
|t:|1756740060
|switch|p1b: Basculegion|Basculegion, L50, M|91/100
|turn|7
|
|t:|1756740079
|move|p2b: Jumpluff|Rage Powder|p2b: Jumpluff
|-singleturn|p2b: Jumpluff|move: Rage Powder
|-curestatus|p1a: Kingambit|slp|[msg]
|move|p1a: Kingambit|Sucker Punch||[still]
|-fail|p1a: Kingambit
|move|p2a: Ursaluna|Headlong Rush|p1b: Basculegion
|-damage|p1b: Basculegion|0 fnt
|-unboost|p2a: Ursaluna|def|1
|-unboost|p2a: Ursaluna|spd|1
|faint|p1b: Basculegion
|
|-weather|none
|-damage|p2a: Ursaluna|83/100 brn|[from] brn
|upkeep
|turn|8
|
|t:|1756740099
|-terastallize|p1a: Kingambit|Dragon
|move|p2b: Jumpluff|Rage Powder|p2b: Jumpluff
|-singleturn|p2b: Jumpluff|move: Rage Powder
|move|p1a: Kingambit|Kowtow Cleave|p2b: Jumpluff
|-damage|p2b: Jumpluff|6/100
|move|p2a: Ursaluna|Headlong Rush|p1a: Kingambit
|-damage|p1a: Kingambit|19/100
|-unboost|p2a: Ursaluna|def|1
|-unboost|p2a: Ursaluna|spd|1
|
|-damage|p2a: Ursaluna|77/100 brn|[from] brn
|-fieldend|move: Trick Room
|upkeep
|turn|9
|
|t:|1756740111
|move|p2b: Jumpluff|Rage Powder|p2b: Jumpluff
|-singleturn|p2b: Jumpluff|move: Rage Powder
|move|p1a: Kingambit|Sucker Punch||[still]
|-fail|p1a: Kingambit
|move|p2a: Ursaluna|Facade|p1a: Kingambit
|-damage|p1a: Kingambit|0 fnt
|faint|p1a: Kingambit
|
|win|Pietplezier7
|raw|jngldiff's rating: 1208 → 1189(-19 for losing)
|raw|Pietplezier7's rating: 1292 → 1311(+19 for winning)
|l|☆Pietplezier7
|player|p2|
|l|☆jngldiff
|player|p1|
|j|☆jngldiff
|player|p1|jngldiff|102|
