|j|☆tryhard_PS
|j|☆Jessditta
|html|tryhard_PSJessditta    
|uhtml|bestof|Game 2 of a best-of-3
|t:|1757849141
|gametype|doubles
|player|p1|tryhard_PS|harlequin|1188
|player|p2|Jessditta|hilda|1200
|gen|9
|tier|[Gen 9] VGC 2025 Reg H (Bo3)
|rated|
|rule|Species Clause: Limit one of each Pokémon
|rule|Item Clause: Limit 1 of each item
|clearpoke
|poke|p1|Mimikyu, L50, F|
|poke|p1|Tyranitar, L50, M|
|poke|p1|Kingambit, L50, M|
|poke|p1|Amoonguss, L50, F|
|poke|p1|Sableye, L50, F|
|poke|p1|Ursaluna-Bloodmoon, L50, M|
|poke|p2|Ninetales-Alola, L50, M|
|poke|p2|Rillaboom, L50, F|
|poke|p2|Volcarona, L50, F|
|poke|p2|Annihilape, L50, M|
|poke|p2|Glimmora, L50, F|
|poke|p2|Sneasler, L50, M|
|teampreview|4
|showteam|p1|Mimikyu||MentalHerb|Disguise|TrickRoom,WoodHammer,ShadowSneak,DestinyBond|||F|||50|,,,,,Grass]Tyranitar||WeaknessPolicy|SandStream|RockSlide,KnockOff,LowKick,Protect|||M|||50|,,,,,Ghost]Kingambit||SafetyGoggles|Defiant|IronHead,Assurance,TeraBlast,SuckerPunch|||M|||50|,,,,,Flying]Amoonguss||SitrusBerry|Regenerator|Spore,RagePowder,PollenPuff,ClearSmog|||F|||50|,,,,,Dark]Sableye||RockyHelmet|Prankster|FakeOut,Disable,Encore,FoulPlay|||F|||50|,,,,,Normal]Ursaluna-Bloodmoon||ChoiceSpecs|MindsEye|BloodMoon,EarthPower,HyperVoice,Counter|||M|||50|,,,,,Normal
|showteam|p2|Ninetales-Alola||LightClay|SnowWarning|Blizzard,IcicleSpear,AuroraVeil,FreezeDry|||M|||50|,,,,,Ghost]Rillaboom||AssaultVest|GrassySurge|FakeOut,WoodHammer,GrassyGlide,Uturn|||F|||50|,,,,,Fire]Volcarona||SitrusBerry|FlameBody|HeatWave,GigaDrain,QuiverDance,Protect|||F|||50|,,,,,Grass]Annihilape||Leftovers|Defiant|RageFist,DrainPunch,BulkUp,Protect|||M|||50|,,,,,Fire]Glimmora||PowerHerb|ToxicDebris|MeteorBeam,SludgeBomb,EarthPower,SpikyShield|||F|||50|,,,,,Grass]Sneasler||GrassySeed|Unburden|FakeOut,DireClaw,CloseCombat,Coaching|||M|||50|,,,,,Fighting
|inactive|Battle timer is ON: inactive players will automatically lose when time's up. (requested by tryhard_PS)
|
|t:|1757849167
|teamsize|p1|4
|teamsize|p2|4
|start
|switch|p1a: Mimikyu|Mimikyu, L50, F|100/100
|switch|p1b: Kingambit|Kingambit, L50, M|100/100
|switch|p2a: Sneasler|Sneasler, L50, M|100/100
|switch|p2b: Annihilape|Annihilape, L50, M, shiny|100/100
|turn|1
|
|t:|1757849182
|-terastallize|p1b: Kingambit|Flying
|move|p2a: Sneasler|Dire Claw|p1a: Mimikyu
|-activate|p1a: Mimikyu|ability: Disguise
|-damage|p1a: Mimikyu|100/100
|-status|p1a: Mimikyu|par
|detailschange|p1a: Mimikyu|Mimikyu-Busted, L50, F
|-damage|p1a: Mimikyu|88/100 par|[from] pokemon: Mimikyu-Busted
|move|p2b: Annihilape|Bulk Up|p2b: Annihilape
|-boost|p2b: Annihilape|atk|1
|-boost|p2b: Annihilape|def|1
|move|p1b: Kingambit|Tera Blast|p2a: Sneasler|[anim] Tera Blast Flying
|-supereffective|p2a: Sneasler
|-damage|p2a: Sneasler|0 fnt
|faint|p2a: Sneasler
|cant|p1a: Mimikyu|par
|
|upkeep
|
|t:|1757849200
|switch|p2a: Ninetales|Ninetales-Alola, L50, M|100/100
|-weather|Snowscape|[from] ability: Snow Warning|[of] p2a: Ninetales
|turn|2
|
|t:|1757849211
|move|p1a: Mimikyu|Shadow Sneak|p2b: Annihilape
|-supereffective|p2b: Annihilape
|-damage|p2b: Annihilape|75/100
|move|p2a: Ninetales|Blizzard|p1b: Kingambit|[spread] p1a,p1b
|-supereffective|p1b: Kingambit
|-damage|p1a: Mimikyu|63/100 par
|-damage|p1b: Kingambit|53/100
|-status|p1b: Kingambit|frz
|move|p2b: Annihilape|Rage Fist|p1a: Mimikyu
|-supereffective|p1a: Mimikyu
|-damage|p1a: Mimikyu|0 fnt
|faint|p1a: Mimikyu
|cant|p1b: Kingambit|frz
|
|-weather|Snowscape|[upkeep]
|-heal|p2b: Annihilape|81/100|[from] item: Leftovers
|upkeep
|
|t:|1757849227
|switch|p1a: Sableye|Sableye, L50, F|100/100
|turn|3
|
|t:|1757849236
|-terastallize|p2b: Annihilape|Fire
|move|p1a: Sableye|Disable|p2b: Annihilape
|-start|p2b: Annihilape|Disable|Rage Fist
|move|p2a: Ninetales|Blizzard|p1a: Sableye|[spread] p1a,p1b
|-supereffective|p1b: Kingambit
|-damage|p1a: Sableye|69/100
|-damage|p1b: Kingambit|6/100 frz
|cant|p2b: Annihilape|Disable|Rage Fist
|-curestatus|p1b: Kingambit|frz|[msg]
|move|p1b: Kingambit|Iron Head|p2a: Ninetales
|-supereffective|p2a: Ninetales
|-damage|p2a: Ninetales|0 fnt
|faint|p2a: Ninetales
|
|-weather|Snowscape|[upkeep]
|-heal|p2b: Annihilape|87/100|[from] item: Leftovers
|upkeep
|
|t:|1757849250
|switch|p2a: Rillaboom|Rillaboom, L50, F|100/100
|-fieldstart|move: Grassy Terrain|[from] ability: Grassy Surge|[of] p2a: Rillaboom
|turn|4
|
|t:|1757849273
|move|p2a: Rillaboom|Grassy Glide|p1a: Sableye
|-damage|p1a: Sableye|22/100
|-damage|p2a: Rillaboom|84/100|[from] item: Rocky Helmet|[of] p1a: Sableye
|move|p1a: Sableye|Encore|p2b: Annihilape
|-start|p2b: Annihilape|Encore
|cant|p2b: Annihilape|Disable|Rage Fist
|move|p1b: Kingambit|Tera Blast|p2a: Rillaboom|[anim] Tera Blast Flying
|-supereffective|p2a: Rillaboom
|-damage|p2a: Rillaboom|0 fnt
|faint|p2a: Rillaboom
|
|-weather|Snowscape|[upkeep]
|-heal|p2b: Annihilape|93/100|[from] Grassy Terrain
|-heal|p2b: Annihilape|99/100|[from] item: Leftovers
|-heal|p1a: Sableye|27/100|[from] Grassy Terrain
|upkeep
|turn|5
|
|t:|1757849296
|move|p1b: Kingambit|Sucker Punch|p2b: Annihilape
|-damage|p2b: Annihilape|71/100
|-activate|p2b: Annihilape|move: Struggle
|move|p2b: Annihilape|Struggle|p1b: Kingambit
|-damage|p1b: Kingambit|0 fnt
|faint|p1b: Kingambit
|-damage|p2b: Annihilape|46/100|[from] recoil
|move|p1a: Sableye|Foul Play|p2b: Annihilape
|-damage|p2b: Annihilape|0 fnt
|faint|p2b: Annihilape
|
|win|tryhard_PS
|inactive|tryhard_PS has 30 seconds to confirm battle start!
|inactive|Jessditta has 30 seconds to confirm battle start!
||Jessditta is ready for game 3.
||tryhard_PS is ready for game 3.
|uhtml|next|Next: Game 3 of 3
