|j|☆meknomancer
|j|☆notoank
|html|meknomancernotoank    
|uhtml|bestof|Game 2 of a best-of-3
|t:|1783549305
|gametype|doubles
|player|p1|meknomancer|allister|
|player|p2|notoank|burgh|
|gen|9
|tier|[Gen 9 Champions] VGC 2026 Reg M-B (Bo3)
|rule|Species Clause: Limit one of each Pokémon
|rule|Item Clause: Limit 1 of each item
|clearpoke
|poke|p1|Kingambit, L50, M|
|poke|p1|Aerodactyl, L50, M|
|poke|p1|Empoleon, L50, F|
|poke|p1|Serperior, L50, M|
|poke|p1|Sableye, L50, M|
|poke|p1|Krookodile, L50, M|
|poke|p2|Tyranitar, L50, M|
|poke|p2|Excadrill, L50, F|
|poke|p2|Rotom-Wash, L50, shiny|
|poke|p2|Arcanine, L50, M|
|poke|p2|Farigiraf, L50, F, shiny|
|poke|p2|Skarmory, L50, M|
|teampreview|4
|showteam|p1|Kingambit||LifeOrb|Defiant|IronHead,KowtowCleave,SuckerPunch,Protect|Adamant||M|||50|]Aerodactyl||Aerodactylite|Pressure|RockSlide,DualWingbeat,Tailwind,WideGuard|Adamant||M|||50|]Empoleon||Leftovers|Competitive|Surf,FlashCannon,IcyWind,Protect|Modest||F|||50|]Serperior||MiracleSeed|Contrary|LeafStorm,Glare,LightScreen,Protect|Timid||M|||50|]Sableye||RoseliBerry|Prankster|FakeOut,KnockOff,Encore,ThunderWave|Impish||M|||50|]Krookodile||SitrusBerry|Intimidate|Earthquake,Crunch,LowKick,Protect|Jolly||M|||50|
|showteam|p2|Tyranitar||SmoothRock|SandStream|KnockOff,RockSlide,LowKick,Protect|Careful||M|||50|]Excadrill||LifeOrb|SandRush|HighHorsepower,IronHead,SwordsDance,Protect|Adamant||F|||50|]Rotom-Wash||SitrusBerry|Levitate|Thunderbolt,HydroPump,VoltSwitch,Protect|Modest|||||50|]Arcanine||Leftovers|Justified|FlareBlitz,ExtremeSpeed,CloseCombat,Protect|Jolly||M|||50|]Farigiraf||MentalHerb|ArmorTail|Reflect,LightScreen,MirrorCoat,Protect|Calm||F|||50|]Skarmory||Metronome|Sturdy|BraveBird,Taunt,Protect,Tailwind|Impish||M|||50|
|j| raccan
|
|t:|1783549332
|teamsize|p1|4
|teamsize|p2|4
|start
|switch|p1a: GEM ALARM!!!|Sableye, L50, M|100/100
|switch|p1b: Sir Perior V|Serperior, L50, M|100/100
|switch|p2a: Farigiraf|Farigiraf, L50, F, shiny|100/100
|switch|p2b: Scrapmory|Skarmory, L50, M|100/100
|turn|1
|j| Terrycat
|
|t:|1783549356
|switch|p1a: Don Krokodilo|Krookodile, L50, M|100/100
|-ability|p1a: Don Krokodilo|Intimidate|boost
|-unboost|p2a: Farigiraf|atk|1
|-unboost|p2b: Scrapmory|atk|1
|move|p1b: Sir Perior V|Protect|p1b: Sir Perior V
|-singleturn|p1b: Sir Perior V|Protect
|move|p2b: Scrapmory|Tailwind|p2b: Scrapmory
|-sidestart|p2: notoank|move: Tailwind
|move|p2a: Farigiraf|Mirror Coat||[still]
|-fail|p2a: Farigiraf
|
|upkeep
|turn|2
|
|t:|1783549384
|move|p2a: Farigiraf|Protect|p2a: Farigiraf
|-singleturn|p2a: Farigiraf|Protect
|move|p1b: Sir Perior V|Light Screen|p1b: Sir Perior V
|-sidestart|p1: meknomancer|move: Light Screen
|move|p2b: Scrapmory|Brave Bird|p1b: Sir Perior V
|-supereffective|p1b: Sir Perior V|1
|-damage|p1b: Sir Perior V|36/100
|-damage|p2b: Scrapmory|81/100|[from] Recoil
|move|p1a: Don Krokodilo|Crunch|p2a: Farigiraf
|-activate|p2a: Farigiraf|move: Protect
|
|upkeep
|turn|3
|
|t:|1783549404
|move|p1b: Sir Perior V|Glare|p2b: Scrapmory
|-status|p2b: Scrapmory|par
|move|p1a: Don Krokodilo|Crunch|p2a: Farigiraf
|-supereffective|p2a: Farigiraf|1
|-damage|p2a: Farigiraf|18/100
|move|p2b: Scrapmory|Brave Bird|p1b: Sir Perior V
|-supereffective|p1b: Sir Perior V|1
|-damage|p1b: Sir Perior V|0 fnt
|faint|p1b: Sir Perior V
|-damage|p2b: Scrapmory|70/100 par|[from] Recoil
|move|p2a: Farigiraf|Mirror Coat||[still]
|-fail|p2a: Farigiraf
|
|upkeep
|
|t:|1783549416
|switch|p1b: Happy Feet|Empoleon, L50, F|100/100
|turn|4
|
|t:|1783549429
|move|p2a: Farigiraf|Protect|p2a: Farigiraf
|-singleturn|p2a: Farigiraf|Protect
|move|p1a: Don Krokodilo|Crunch|p2a: Farigiraf
|-activate|p2a: Farigiraf|move: Protect
|move|p2b: Scrapmory|Brave Bird|p1a: Don Krokodilo
|-damage|p1a: Don Krokodilo|62/100
|-damage|p2b: Scrapmory|58/100 par|[from] Recoil
|move|p1b: Happy Feet|Icy Wind|p2b: Scrapmory|[spread] p2b
|-activate|p2a: Farigiraf|move: Protect
|-damage|p2b: Scrapmory|37/100 par
|-unboost|p2b: Scrapmory|spe|1
|
|-sideend|p2: notoank|move: Tailwind
|upkeep
|turn|5
|
|t:|1783549447
|move|p1a: Don Krokodilo|Crunch|p2a: Farigiraf
|-supereffective|p2a: Farigiraf|1
|-damage|p2a: Farigiraf|0 fnt
|faint|p2a: Farigiraf
|move|p1b: Happy Feet|Icy Wind|p2b: Scrapmory
|-damage|p2b: Scrapmory|9/100 par
|-unboost|p2b: Scrapmory|spe|1
|move|p2b: Scrapmory|Brave Bird|p1a: Don Krokodilo
|-damage|p1a: Don Krokodilo|17/100
|-enditem|p1a: Don Krokodilo|Sitrus Berry|[eat]
|-heal|p1a: Don Krokodilo|42/100|[from] item: Sitrus Berry
|-damage|p2b: Scrapmory|0 fnt|[from] Recoil
|faint|p2b: Scrapmory
|
|upkeep
|
|t:|1783549461
|switch|p2b: Excadrill|Excadrill, L50, F|100/100
|switch|p2a: Tyranitar|Tyranitar, L50, M|100/100
|-weather|Sandstorm|[from] ability: Sand Stream|[of] p2a: Tyranitar
|turn|6
|
|t:|1783549479
|move|p1a: Don Krokodilo|Protect|p1a: Don Krokodilo
|-singleturn|p1a: Don Krokodilo|Protect
|move|p2a: Tyranitar|Protect|p2a: Tyranitar
|-singleturn|p2a: Tyranitar|Protect
|move|p2b: Excadrill|High Horsepower|p1b: Happy Feet
|-supereffective|p1b: Happy Feet|1
|-damage|p1b: Happy Feet|0 fnt
|faint|p1b: Happy Feet
|-damage|p2b: Excadrill|90/100|[from] item: Life Orb
|
|-weather|Sandstorm|[upkeep]
|-sideend|p1: meknomancer|move: Light Screen
|upkeep
|
|t:|1783549490
|switch|p1b: GEM ALARM!!!|Sableye, L50, M|100/100
|turn|7
|
|t:|1783549499
|move|p2b: Excadrill|Protect|p2b: Excadrill
|-singleturn|p2b: Excadrill|Protect
|move|p1b: GEM ALARM!!!|Fake Out|p2b: Excadrill
|-activate|p2b: Excadrill|move: Protect
|move|p1a: Don Krokodilo|Low Kick|p2a: Tyranitar
|-supereffective|p2a: Tyranitar|2
|-damage|p2a: Tyranitar|0 fnt
|faint|p2a: Tyranitar
|
|-weather|Sandstorm|[upkeep]
|-damage|p1b: GEM ALARM!!!|94/100|[from] Sandstorm
|upkeep
|turn|8
|
|t:|1783549515
|move|p1b: GEM ALARM!!!|Encore|p2b: Excadrill
|-start|p2b: Excadrill|Encore
|move|p2b: Excadrill|Protect|p2b: Excadrill
|-singleturn|p2b: Excadrill|Protect
|move|p1a: Don Krokodilo|Earthquake|p2b: Excadrill|[spread] p1b
|-activate|p2b: Excadrill|move: Protect
|-damage|p1b: GEM ALARM!!!|59/100
|
|-weather|Sandstorm|[upkeep]
|-damage|p1b: GEM ALARM!!!|54/100|[from] Sandstorm
|upkeep
|turn|9
|
|t:|1783549527
|move|p2b: Excadrill|Protect||[still]
|-fail|p2b: Excadrill
|move|p1a: Don Krokodilo|Earthquake|p2b: Excadrill|[spread] p1b,p2b
|-supereffective|p2b: Excadrill|1
|-damage|p1b: GEM ALARM!!!|19/100
|-damage|p2b: Excadrill|0 fnt
|faint|p2b: Excadrill
|
|win|meknomancer
|l|☆notoank
|player|p2|
