|j|☆P!nkbearz07
|j|☆colemarcusvgc
|html|P!nkbearz07colemarcusvgc    
|uhtml|bestof|Game 3 of a best-of-3
|t:|1757654651
|gametype|doubles
|player|p1|P!nkbearz07|marlon|1080
|player|p2|colemarcusvgc|n|1103
|gen|9
|tier|[Gen 9] VGC 2025 Reg H (Bo3)
|rated|
|rule|Species Clause: Limit one of each Pokémon
|rule|Item Clause: Limit 1 of each item
|clearpoke
|poke|p1|Whimsicott, L50, M|
|poke|p1|Lurantis, L50, F|
|poke|p1|Tsareena, L50, F|
|poke|p1|Sunflora, L50, M|
|poke|p1|Rillaboom, L50, F|
|poke|p1|Appletun, L50, F|
|poke|p2|Indeedee-F, L50, F|
|poke|p2|Hatterene, L50, F|
|poke|p2|Gallade, L50, M|
|poke|p2|Ursaluna, L50, M|
|poke|p2|Torkoal, L50, F|
|poke|p2|Zoroark-Hisui, L50, F|
|teampreview|4
|showteam|p1|Whimsicott||FocusSash|Prankster|Moonblast,Tailwind,FakeTears,Tickle|||M|||50|,,,,,Ghost]Lurantis||CovertCloak|Contrary|TeraBlast,Superpower,GrassyGlide,Protect|||F|||50|,,,,,Fire]Tsareena||GrassySeed|QueenlyMajesty|Acrobatics,HighJumpKick,SeedBomb,Protect|||F|||50|,,,,,Flying]Sunflora||LifeOrb|SolarPower|EnergyBall,EarthPower,DazzlingGleam,Protect|||M|||50|,,,,,Stellar]Rillaboom||AssaultVest|GrassySurge|FakeOut,GrassyGlide,WoodHammer,Uturn|||F|||50|,,,,,Water]Appletun||Leftovers|ThickFat|LightScreen,Reflect,LeechSeed,BodyPress|||F|||50|,,,,,Water
|showteam|p2|Indeedee-F||PsychicSeed|PsychicSurge|TrickRoom,FollowMe,HelpingHand,DazzlingGleam|||F|||50|,,,,,Fire]Hatterene||TwistedSpoon|MagicBounce|ExpandingForce,TrickRoom,DazzlingGleam,Protect|||F|||50|,,,,,Water]Gallade||ClearAmulet|Sharpness|SacredSword,PsychoCut,TrickRoom,WideGuard|||M|||50|,,,,,Grass]Ursaluna||FlameOrb|Guts|HeadlongRush,Facade,Earthquake,Protect|||M|||50|,,,,,Ghost]Torkoal||ChoiceSpecs|Drought|Eruption,HeatWave,WeatherBall,EarthPower|||F|||50|,,,,,Fire]Zoroark-Hisui||FocusSash|Illusion|HyperVoice,BitterMalice,Snarl,Taunt|||F|||50|,,,,,Stellar
|inactive|Battle timer is ON: inactive players will automatically lose when time's up. (requested by P!nkbearz07)
|
|t:|1757654682
|teamsize|p1|4
|teamsize|p2|4
|start
|switch|p1a: Tsareena|Tsareena, L50, F, shiny|100/100
|switch|p1b: Rillaboom|Rillaboom, L50, F, shiny|100/100
|switch|p2a: Indeedee|Indeedee-F, L50, F|100/100
|switch|p2b: Gallade|Gallade, L50, M|100/100
|-fieldstart|move: Grassy Terrain|[from] ability: Grassy Surge|[of] p1b: Rillaboom
|-enditem|p1a: Tsareena|Grassy Seed
|-boost|p1a: Tsareena|def|1|[from] item: Grassy Seed
|-fieldstart|move: Psychic Terrain|[from] ability: Psychic Surge|[of] p2a: Indeedee
|-enditem|p2a: Indeedee|Psychic Seed
|-boost|p2a: Indeedee|spd|1|[from] item: Psychic Seed
|turn|1
|inactive|P!nkbearz07 has 30 seconds left.
|inactive|colemarcusvgc has 30 seconds left.
|inactive|P!nkbearz07 has 20 seconds left.
|inactive|P!nkbearz07 has 15 seconds left.
|inactive|P!nkbearz07 has 10 seconds left.
|
|t:|1757654729
|switch|p1b: Lurantis|Lurantis, L50, F, shiny|100/100
|switch|p2b: Torkoal|Torkoal, L50, F|100/100
|-weather|SunnyDay|[from] ability: Drought|[of] p2b: Torkoal
|-terastallize|p2a: Indeedee|Fire
|move|p1a: Tsareena|Acrobatics|p2b: Torkoal
|-damage|p2b: Torkoal|72/100
|move|p2a: Indeedee|Trick Room|p2a: Indeedee
|-fieldstart|move: Trick Room|[of] p2a: Indeedee
|
|-weather|SunnyDay|[upkeep]
|upkeep
|turn|2
|
|t:|1757654751
|switch|p2a: Gallade|Gallade, L50, M|100/100
|-terastallize|p1b: Lurantis|Fire
|move|p1a: Tsareena|Protect|p1a: Tsareena
|-singleturn|p1a: Tsareena|Protect
|move|p2b: Torkoal|Heat Wave|p1b: Lurantis|[spread] p1b
|-activate|p1a: Tsareena|move: Protect
|-resisted|p1b: Lurantis
|-damage|p1b: Lurantis|64/100
|move|p1b: Lurantis|Superpower|p2b: Torkoal
|-crit|p2b: Torkoal
|-damage|p2b: Torkoal|28/100
|-boost|p1b: Lurantis|atk|1
|-boost|p1b: Lurantis|def|1
|
|-weather|SunnyDay|[upkeep]
|upkeep
|turn|3
|inactive|P!nkbearz07 has 30 seconds left.
|inactive|P!nkbearz07 has 20 seconds left.
|inactive|P!nkbearz07 has 15 seconds left.
|
|t:|1757654794
|move|p1a: Tsareena|Protect||[still]
|-fail|p1a: Tsareena
|move|p2b: Torkoal|Heat Wave|p1b: Lurantis|[spread] p1a,p1b
|-supereffective|p1a: Tsareena
|-resisted|p1b: Lurantis
|-damage|p1a: Tsareena|0 fnt
|-damage|p1b: Lurantis|20/100
|faint|p1a: Tsareena
|move|p1b: Lurantis|Superpower|p2b: Torkoal
|-crit|p2b: Torkoal
|-damage|p2b: Torkoal|0 fnt
|-boost|p1b: Lurantis|atk|1
|-boost|p1b: Lurantis|def|1
|faint|p2b: Torkoal
|move|p2a: Gallade|Sacred Sword|p1b: Lurantis
|-damage|p1b: Lurantis|0 fnt
|faint|p1b: Lurantis
|
|-weather|SunnyDay|[upkeep]
|upkeep
|
|t:|1757654809
|switch|p2b: Hatterene|Hatterene, L50, F|100/100
|switch|p1b: Rillaboom|Rillaboom, L50, F, shiny|100/100
|switch|p1a: Sunflora|Sunflora, L50, M, shiny|100/100
|-fieldstart|move: Grassy Terrain|[from] ability: Grassy Surge|[of] p1b: Rillaboom
|turn|4
|inactive|colemarcusvgc has 30 seconds left.
|
|t:|1757654837
|switch|p2b: Indeedee|Indeedee-F, L50, F, tera:Fire|100/100
|-fieldstart|move: Psychic Terrain|[from] ability: Psychic Surge|[of] p2b: Indeedee
|move|p1a: Sunflora|Energy Ball|p2b: Indeedee
|-resisted|p2b: Indeedee
|-damage|p2b: Indeedee|64/100
|-damage|p1a: Sunflora|91/100|[from] item: Life Orb
|move|p2a: Gallade|Sacred Sword|p1b: Rillaboom
|-damage|p1b: Rillaboom|36/100
|move|p1b: Rillaboom|Wood Hammer|p2a: Gallade
|-damage|p2a: Gallade|27/100
|-damage|p1b: Rillaboom|14/100|[from] Recoil
|
|-weather|SunnyDay|[upkeep]
|-damage|p1a: Sunflora|79/100|[from] ability: Solar Power|[of] p1a: Sunflora
|upkeep
|turn|5
|inactive|P!nkbearz07 has 30 seconds left.
|inactive|colemarcusvgc has 30 seconds left.
|
|t:|1757654870
|move|p1a: Sunflora|Earth Power|p2b: Indeedee
|-supereffective|p2b: Indeedee
|-damage|p2b: Indeedee|0 fnt
|faint|p2b: Indeedee
|-damage|p1a: Sunflora|69/100|[from] item: Life Orb
|move|p2a: Gallade|Sacred Sword|p1b: Rillaboom
|-damage|p1b: Rillaboom|0 fnt
|faint|p1b: Rillaboom
|
|-weather|none
|-fieldend|move: Trick Room
|upkeep
|
|t:|1757654880
|switch|p2b: Hatterene|Hatterene, L50, F|100/100
|turn|6
|
|t:|1757654898
|move|p2a: Gallade|Psycho Cut|p1a: Sunflora
|-damage|p1a: Sunflora|0 fnt
|faint|p1a: Sunflora
|
|win|colemarcusvgc
|raw|P!nkbearz07's rating: 1080 → 1059(-21 for losing)
|raw|colemarcusvgc's rating: 1103 → 1126(+23 for winning)
|c|☆P!nkbearz07|ggwp
|c|☆colemarcusvgc|gg
|c|☆colemarcusvgc|that was good for a mono
|c|☆colemarcusvgc|fr
|c|☆P!nkbearz07|thanks lol
