|j|☆lanagram
|j|☆DilluVGC
|html|lanagramDilluVGC    
|uhtml|bestof|Game 1 of a best-of-3
|t:|1784125632
|gametype|doubles
|player|p1|lanagram|170|1186
|player|p2|DilluVGC|byron|1198
|gen|9
|tier|[Gen 9 Champions] VGC 2026 Reg M-B (Bo3)
|rated|
|rule|Species Clause: Limit one of each Pokémon
|rule|Item Clause: Limit 1 of each item
|clearpoke
|poke|p1|Metagross, L50|
|poke|p1|Sinistcha, L50|
|poke|p1|Archaludon, L50, F|
|poke|p1|Sneasler, L50, M|
|poke|p1|Pelipper, L50, M|
|poke|p1|Greninja, L50, M|
|poke|p2|Delphox, L50, F|
|poke|p2|Sneasler, L50, M|
|poke|p2|Incineroar, L50, M|
|poke|p2|Sinistcha, L50|
|poke|p2|Blastoise, L50, M|
|poke|p2|Kingambit, L50, F, shiny|
|teampreview|4
|showteam|p1|Metagross||Metagrossite|ClearBody|PsychicFangs,StompingTantrum,Trailblaze,Protect|Jolly|||||50|]Sinistcha||KasibBerry|Hospitality|MatchaGotcha,ShadowBall,RagePowder,TrickRoom|Calm|||||50|]Archaludon||Leftovers|Stamina|ElectroShot,Snarl,FlashCannon,Protect|Modest||F|||50|]Sneasler||FocusSash|Unburden|CloseCombat,PoisonJab,FakeOut,Coaching|Jolly||M|||50|]Pelipper||DampRock|Drizzle|Hurricane,Tailwind,WeatherBall,Protect|Modest||M|||50|]Greninja||Greninjite|Protean|WaterShuriken,DarkPulse,LowKick,GunkShot|Hasty||M|||50|
|showteam|p2|Delphox||Delphoxite|Blaze|HeatWave,Psyshock,NastyPlot,Protect|Timid||F|||50|]Sneasler||FocusSash|PoisonTouch|QuickGuard,FakeOut,PoisonJab,CloseCombat|Jolly||M|||50|]Incineroar||SitrusBerry|Intimidate|FakeOut,PartingShot,HelpingHand,FlareBlitz|Impish||M|||50|]Sinistcha||OccaBerry|Hospitality|MatchaGotcha,RagePowder,TrickRoom,Protect|Bold|||||50|]Blastoise||Blastoisinite|RainDish|WaterSpout,DarkPulse,ShellSmash,Protect|Modest||M|||50|]Kingambit||BlackGlasses|Defiant|Protect,SwordsDance,KowtowCleave,SuckerPunch|Adamant||F|||50|
|
|t:|1784125674
|teamsize|p1|4
|teamsize|p2|4
|start
|switch|p1a: Pelipper|Pelipper, L50, M|100/100
|switch|p1b: Sneasler|Sneasler, L50, M|100/100
|switch|p2a: Aldo Raine|Blastoise, L50, M|100/100
|switch|p2b: Maj. Warren|Sneasler, L50, M|100/100
|-weather|RainDance|[from] ability: Drizzle|[of] p1a: Pelipper
|turn|1
|
|t:|1784125694
|detailschange|p2a: Aldo Raine|Blastoise-Mega, L50, M
|-mega|p2a: Aldo Raine|Blastoise|Blastoisinite
|move|p2b: Maj. Warren|Quick Guard|p2b: Maj. Warren
|-singleturn|p2b: Maj. Warren|Quick Guard
|move|p1b: Sneasler|Fake Out|p2a: Aldo Raine
|-activate|p2a: Aldo Raine|move: Quick Guard
|move|p2a: Aldo Raine|Shell Smash|p2a: Aldo Raine
|-unboost|p2a: Aldo Raine|def|1
|-unboost|p2a: Aldo Raine|spd|1
|-boost|p2a: Aldo Raine|atk|2
|-boost|p2a: Aldo Raine|spa|2
|-boost|p2a: Aldo Raine|spe|2
|move|p1a: Pelipper|Tailwind|p1a: Pelipper
|-sidestart|p1: lanagram|move: Tailwind
|
|-weather|RainDance|[upkeep]
|upkeep
|turn|2
|
|t:|1784125719
|move|p1b: Sneasler|Close Combat|p2a: Aldo Raine
|-damage|p2a: Aldo Raine|12/100
|-unboost|p1b: Sneasler|def|1
|-unboost|p1b: Sneasler|spd|1
|move|p2a: Aldo Raine|Water Spout|p1b: Sneasler|[spread] p1a,p1b
|-resisted|p1a: Pelipper|1
|-damage|p1a: Pelipper|82/100
|-damage|p1b: Sneasler|45/100
|move|p1a: Pelipper|Hurricane|p2b: Maj. Warren
|-supereffective|p2b: Maj. Warren|1
|-enditem|p2b: Maj. Warren|Focus Sash
|-damage|p2b: Maj. Warren|1/100
|-start|p2b: Maj. Warren|confusion
|-activate|p2b: Maj. Warren|confusion
|move|p2b: Maj. Warren|Poison Jab|p1b: Sneasler
|-resisted|p1b: Sneasler|1
|-damage|p1b: Sneasler|0 fnt
|faint|p1b: Sneasler
|
|-weather|RainDance|[upkeep]
|upkeep
|
|t:|1784125745
|switch|p1b: Greninja|Greninja, L50, M|100/100
|turn|3
|
|t:|1784125768
|detailschange|p1b: Greninja|Greninja-Mega, L50, M
|-mega|p1b: Greninja|Greninja|Greninjite
|move|p1b: Greninja|Dark Pulse|p2b: Maj. Warren
|-start|p1b: Greninja|typechange|Dark|[from] ability: Protean
|-resisted|p2b: Maj. Warren|1
|-damage|p2b: Maj. Warren|0 fnt
|faint|p2b: Maj. Warren
|move|p2a: Aldo Raine|Dark Pulse|p1b: Greninja
|-resisted|p1b: Greninja|1
|-damage|p1b: Greninja|30/100
|move|p1a: Pelipper|Hurricane|p2a: Aldo Raine
|-damage|p2a: Aldo Raine|0 fnt
|faint|p2a: Aldo Raine
|
|-weather|RainDance|[upkeep]
|upkeep
|
|t:|1784125782
|switch|p2b: Chris Mannix|Incineroar, L50, M|100/100
|switch|p2a: Haberdashery|Sinistcha, L50|100/100
|-ability|p2b: Chris Mannix|Intimidate|boost
|-unboost|p1a: Pelipper|atk|1
|-unboost|p1b: Greninja|atk|1
|turn|4
|
|t:|1784125805
|move|p2b: Chris Mannix|Fake Out|p1a: Pelipper
|-damage|p1a: Pelipper|71/100
|move|p1b: Greninja|Dark Pulse|p2a: Haberdashery
|-supereffective|p2a: Haberdashery|1
|-damage|p2a: Haberdashery|17/100
|cant|p1a: Pelipper|flinch
|move|p2a: Haberdashery|Matcha Gotcha|p1b: Greninja|[spread] p1a,p1b
|-damage|p1a: Pelipper|40/100
|-heal|p2a: Haberdashery|31/100|[from] drain|[of] p1a: Pelipper
|-damage|p1b: Greninja|0 fnt
|-heal|p2a: Haberdashery|44/100|[from] drain|[of] p1b: Greninja
|faint|p1b: Greninja
|
|-weather|RainDance|[upkeep]
|-sideend|p1: lanagram|move: Tailwind
|upkeep
|
|t:|1784125815
|switch|p1b: Archaludon|Archaludon, L50, F|100/100
|turn|5
|
|t:|1784125854
|move|p2a: Haberdashery|Protect|p2a: Haberdashery
|-singleturn|p2a: Haberdashery|Protect
|move|p1a: Pelipper|Tailwind|p1a: Pelipper
|-sidestart|p1: lanagram|move: Tailwind
|move|p1b: Archaludon|Electro Shot||[still]
|-prepare|p1b: Archaludon|Electro Shot
|-boost|p1b: Archaludon|spa|1
|-anim|p1b: Archaludon|Electro Shot|p2a: Haberdashery
|-activate|p2a: Haberdashery|move: Protect
|move|p2b: Chris Mannix|Flare Blitz|p1a: Pelipper
|-resisted|p1a: Pelipper|1
|-damage|p1a: Pelipper|25/100
|-damage|p2b: Chris Mannix|96/100|[from] Recoil
|
|-weather|RainDance|[upkeep]
|upkeep
|turn|6
|-message|DilluVGC forfeited.
|
|win|lanagram
|l|☆DilluVGC
|player|p2|
|j|☆DilluVGC
|player|p2|DilluVGC|byron|
