|j|☆mumu2
|j|☆UtsuruK
|html|mumu2UtsuruK    
|uhtml|bestof|Game 1 of a best-of-3
|t:|1785370418
|gametype|doubles
|player|p1|mumu2|cyclistf|
|player|p2|UtsuruK|depotagent|
|gen|9
|tier|[Gen 9 Champions] VGC 2026 Reg M-B (Bo3)
|rule|Species Clause: Limit one of each Pokémon
|rule|Item Clause: Limit 1 of each item
|clearpoke
|poke|p1|Alcremie, L50, F|
|poke|p1|Blaziken, L50, F|
|poke|p1|Aegislash, L50, M|
|poke|p1|Hydreigon, L50, M|
|poke|p1|Heliolisk, L50, F|
|poke|p1|Glimmora, L50, M|
|poke|p2|Chimecho, L50, F|
|poke|p2|Sableye, L50, F|
|poke|p2|Mimikyu, L50, M|
|poke|p2|Corviknight, L50, F|
|poke|p2|Politoed, L50, M|
|poke|p2|Venusaur, L50, F|
|teampreview|4
|showteam|p1|Alcremie||FocusSash|SweetVeil|Decorate,Protect,HelpingHand,DazzlingGleam|Calm||F|||50|]Blaziken||Blazikenite|SpeedBoost|CloseCombat,Overheat,RockSlide,Protect|Lonely||F|||50|]Aegislash||SpellTag|StanceChange|ShadowBall,FlashCannon,WideGuard,KingsShield|Calm||M|||50|]Hydreigon||ChoiceScarf|Levitate|DracoMeteor,DarkPulse,Snarl,HeatWave|Timid||M|||50|]Heliolisk||SitrusBerry|DrySkin|Electroweb,ShedTail,Thunderbolt,VoltSwitch|Timid||F|||50|]Glimmora||Glimmoranite|ToxicDebris|SludgeBomb,SpikyShield,PowerGem,EarthPower|Timid||M|||50|
|showteam|p2|Chimecho||Chimechite|Levitate|FlashCannon,StoredPower,CalmMind,Recover|Quiet||F|||50|]Sableye||LightClay|Prankster|Reflect,LightScreen,Encore,Taunt|Calm||F|||50|]Mimikyu||MentalHerb|Disguise|ShadowSneak,PlayRough,TrickRoom,WillOWisp|Adamant||M|||50|]Corviknight||Leftovers|Pressure|BulkUp,BraveBird,Tailwind,Protect|Careful||F|||50|]Politoed||SitrusBerry|Drizzle|WeatherBall,IceBeam,Encore,Protect|Modest||M|||50|]Venusaur||Venusaurite|Chlorophyll|EarthPower,EnergyBall,SludgeBomb,Protect|Modest||F|||50|
|j| FIR Zants
|j| PatuDucc
|
|t:|1785370522
|teamsize|p1|4
|teamsize|p2|4
|start
|switch|p1a: Alcremie|Alcremie, L50, F|100/100
|switch|p1b: Aegislash|Aegislash, L50, M|100/100
|switch|p2a: Chimecho|Chimecho, L50, F|100/100
|switch|p2b: Mimikyu|Mimikyu, L50, M|100/100
|turn|1
|
|t:|1785370561
|detailschange|p2a: Chimecho|Chimecho-Mega, L50, F
|-mega|p2a: Chimecho|Chimecho|Chimechite
|move|p2b: Mimikyu|Will-O-Wisp|p1b: Aegislash
|-status|p1b: Aegislash|brn
|move|p1a: Alcremie|Decorate|p1b: Aegislash
|-boost|p1b: Aegislash|atk|2
|-boost|p1b: Aegislash|spa|2
|-formechange|p1b: Aegislash|Aegislash-Blade|
|move|p1b: Aegislash|Shadow Ball|p2a: Chimecho
|-supereffective|p2a: Chimecho|1
|-damage|p2a: Chimecho|0 fnt
|faint|p2a: Chimecho
|
|-damage|p1b: Aegislash|94/100 brn|[from] brn
|upkeep
|
|t:|1785370582
|switch|p2a: Sableye|Sableye, L50, F|100/100
|turn|2
|
|t:|1785370595
|move|p2b: Mimikyu|Shadow Sneak|p1b: Aegislash
|-supereffective|p1b: Aegislash|1
|-damage|p1b: Aegislash|25/100 brn
|move|p2a: Sableye|Taunt|p1a: Alcremie
|-start|p1a: Alcremie|move: Taunt
|cant|p1a: Alcremie|move: Taunt|Decorate
|move|p1b: Aegislash|Shadow Ball|p2a: Sableye
|-crit|p2a: Sableye
|-damage|p2a: Sableye|0 fnt
|faint|p2a: Sableye
|
|-damage|p1b: Aegislash|19/100 brn|[from] brn
|upkeep
|
|t:|1785370606
|switch|p2a: Politoed|Politoed, L50, M|100/100
|-weather|RainDance|[from] ability: Drizzle|[of] p2a: Politoed
|turn|3
|
|t:|1785370622
|-formechange|p1b: Aegislash|Aegislash|
|move|p1b: Aegislash|King's Shield|p1b: Aegislash
|-singleturn|p1b: Aegislash|Protect
|move|p2b: Mimikyu|Play Rough|p1a: Alcremie
|-damage|p1a: Alcremie|47/100
|move|p2a: Politoed|Weather Ball|p1b: Aegislash
|-activate|p1b: Aegislash|move: Protect
|move|p1a: Alcremie|Dazzling Gleam|p2b: Mimikyu|[spread] p2a,p2b
|-damage|p2a: Politoed|78/100
|-activate|p2b: Mimikyu|ability: Disguise
|-damage|p2b: Mimikyu|100/100
|detailschange|p2b: Mimikyu|Mimikyu-Busted, L50, M
|-damage|p2b: Mimikyu|87/100|[from] pokemon: Mimikyu-Busted
|
|-weather|RainDance|[upkeep]
|-damage|p1b: Aegislash|13/100 brn|[from] brn
|upkeep
|turn|4
|
|t:|1785370658
|move|p2b: Mimikyu|Play Rough|p1b: Aegislash
|-resisted|p1b: Aegislash|1
|-damage|p1b: Aegislash|0 fnt
|faint|p1b: Aegislash
|move|p2a: Politoed|Weather Ball|p1a: Alcremie
|-damage|p1a: Alcremie|14/100
|move|p1a: Alcremie|Dazzling Gleam|p2a: Politoed|[spread] p2a,p2b
|-damage|p2a: Politoed|60/100
|-damage|p2b: Mimikyu|62/100
|
|-weather|RainDance|[upkeep]
|-end|p1a: Alcremie|move: Taunt
|upkeep
|
|t:|1785370668
|switch|p1b: Heliolisk|Heliolisk, L50, F|100/100
|turn|5
|
|t:|1785370681
|move|p1a: Alcremie|Helping Hand|p1b: Heliolisk
|-singleturn|p1b: Heliolisk|Helping Hand|[of] p1a: Alcremie
|move|p2a: Politoed|Protect|p2a: Politoed
|-singleturn|p2a: Politoed|Protect
|move|p1b: Heliolisk|Thunderbolt|p2b: Mimikyu
|-damage|p2b: Mimikyu|5/100
|move|p2b: Mimikyu|Play Rough|p1b: Heliolisk
|-damage|p1b: Heliolisk|27/100
|-enditem|p1b: Heliolisk|Sitrus Berry|[eat]
|-heal|p1b: Heliolisk|52/100|[from] item: Sitrus Berry
|
|-weather|RainDance|[upkeep]
|-heal|p1b: Heliolisk|64/100|[from] ability: Dry Skin
|upkeep
|turn|6
|
|t:|1785370719
|move|p2b: Mimikyu|Shadow Sneak|p1a: Alcremie
|-damage|p1a: Alcremie|0 fnt
|faint|p1a: Alcremie
|move|p1b: Heliolisk|Thunderbolt|p2b: Mimikyu
|-damage|p2b: Mimikyu|0 fnt
|faint|p2b: Mimikyu
|move|p2a: Politoed|Ice Beam|p1b: Heliolisk
|-damage|p1b: Heliolisk|41/100
|
|-weather|RainDance|[upkeep]
|-heal|p1b: Heliolisk|53/100|[from] ability: Dry Skin
|upkeep
|
|t:|1785370722
|switch|p1a: Glimmora|Glimmora, L50, M|100/100
|turn|7
|
|t:|1785370734
|detailschange|p1a: Glimmora|Glimmora-Mega, L50, M
|-mega|p1a: Glimmora|Glimmora|Glimmoranite
|move|p1a: Glimmora|Sludge Bomb|p2a: Politoed
|-damage|p2a: Politoed|6/100
|-enditem|p2a: Politoed|Sitrus Berry|[eat]
|-heal|p2a: Politoed|31/100|[from] item: Sitrus Berry
|move|p1b: Heliolisk|Thunderbolt|p2a: Politoed
|-supereffective|p2a: Politoed|1
|-damage|p2a: Politoed|0 fnt
|faint|p2a: Politoed
|
|win|mumu2
||UtsuruK is ready for game 2.
|inactive|mumu2 has 30 seconds to confirm battle start!
||mumu2 is ready for game 2.
|uhtml|next|Next: Game 2 of 3
|l| PatuDucc
