|j|☆Cowboy076
|j|☆brodymd
|html|Cowboy076brodymd    
|uhtml|bestof|Game 1 of a best-of-3
|t:|1782427156
|gametype|doubles
|player|p1|Cowboy076|byron|
|player|p2|brodymd|colress|
|gen|9
|tier|[Gen 9 Champions] VGC 2026 Reg M-B (Bo3)
|rule|Species Clause: Limit one of each Pokémon
|rule|Item Clause: Limit 1 of each item
|clearpoke
|poke|p1|Delphox, L50, F|
|poke|p1|Garchomp, L50, M|
|poke|p1|Gyarados, L50, M|
|poke|p1|Tyranitar, L50, M|
|poke|p1|Clefable, L50, F|
|poke|p1|Cofagrigus, L50, F|
|poke|p2|Maushold, L50|
|poke|p2|Hatterene, L50, F|
|poke|p2|Kangaskhan, L50, F|
|poke|p2|Grimmsnarl, L50, M|
|poke|p2|Vivillon-Marine, L50, M|
|poke|p2|Staraptor, L50, F|
|teampreview|4
|showteam|p1|Delphox||Delphoxite|Blaze|Protect,HeatWave,ScorchingSands,ShadowBall|Timid||F|||50|]Garchomp||Garchompite|RoughSkin|Earthquake,Protect,RockSlide,IronHead|Jolly||M|||50|]Gyarados||MysticWater|Moxie|IcyWind,Protect,Taunt,Waterfall|Jolly||M|||50|]Tyranitar||Leftovers|SandStream|RockSlide,Crunch,Taunt,Protect|Careful||M|||50|]Clefable||FairyFeather|Unaware|FollowMe,LifeDew,LightScreen,Moonblast|Calm||F|||50|]Cofagrigus||SitrusBerry|Mummy|TrickRoom,BodyPress,NightShade,AllySwitch|Relaxed||F|||50|
|showteam|p2|Maushold||WideLens|FriendGuard|FollowMe,TidyUp,PopulationBomb,LowKick|Jolly|||||50|]Hatterene||LifeOrb|MagicBounce|TrickRoom,DazzlingGleam,Psychic,MysticalFire|Quiet||F|||50|]Kangaskhan||ExpertBelt|InnerFocus|FakeOut,IcePunch,SuckerPunch,DoubleEdge|Jolly||F|||50|]Grimmsnarl||LightClay|Prankster|ThroatChop,Reflect,LightScreen,PartingShot|Careful||M|||50|]Vivillon-Marine||FocusSash|CompoundEyes|SleepPowder,QuiverDance,Hurricane,WeatherBall|Timid||M|||50|]Staraptor||Staraptite|Intimidate|CloseCombat,Roost,Protect,DualWingbeat|Jolly||F|||50|
|c|☆brodymd|Oop, not supposed to be open ts
|c|☆brodymd|Glhf
|c|☆Cowboy076|Oh my bad I won’t look
|c|☆brodymd|I wont either
|
|t:|1782427255
|teamsize|p1|4
|teamsize|p2|4
|start
|switch|p1a: Gyarados|Gyarados, L50, M|100/100
|switch|p1b: Garchomp|Garchomp, L50, M|100/100
|switch|p2a: Staraptor|Staraptor, L50, F|100/100
|switch|p2b: Kangaskhan|Kangaskhan, L50, F|100/100
|-ability|p2a: Staraptor|Intimidate|boost
|-unboost|p1a: Gyarados|atk|1
|-unboost|p1b: Garchomp|atk|1
|turn|1
|
|t:|1782427272
|switch|p1a: Tyranitar|Tyranitar, L50, M|100/100
|-weather|Sandstorm|[from] ability: Sand Stream|[of] p1a: Tyranitar
|detailschange|p1b: Garchomp|Garchomp-Mega, L50, M
|-mega|p1b: Garchomp|Garchomp|Garchompite
|detailschange|p2a: Staraptor|Staraptor-Mega, L50, F
|-mega|p2a: Staraptor|Staraptor|Staraptite
|move|p2b: Kangaskhan|Fake Out|p1a: Tyranitar
|-resisted|p1a: Tyranitar|1
|-damage|p1a: Tyranitar|93/100
|move|p2a: Staraptor|Close Combat|p1b: Garchomp
|-damage|p1b: Garchomp|50/100g
|-boost|p2a: Staraptor|def|1
|-boost|p2a: Staraptor|spd|1
|move|p1b: Garchomp|Rock Slide|p2a: Staraptor|[spread] p2a,p2b
|-crit|p2b: Kangaskhan
|-damage|p2a: Staraptor|86/100
|-damage|p2b: Kangaskhan|43/100
|
|-weather|Sandstorm|[upkeep]
|-damage|p2a: Staraptor|80/100|[from] Sandstorm
|-damage|p2b: Kangaskhan|37/100|[from] Sandstorm
|-heal|p1a: Tyranitar|99/100|[from] item: Leftovers
|upkeep
|turn|2
|
|t:|1782427295
|switch|p1b: Cofagrigus|Cofagrigus, L50, F|100/100
|move|p2a: Staraptor|Close Combat|p1a: Tyranitar
|-supereffective|p1a: Tyranitar|2
|-damage|p1a: Tyranitar|0 fnt
|-boost|p2a: Staraptor|def|1
|-boost|p2a: Staraptor|spd|1
|faint|p1a: Tyranitar
|move|p2b: Kangaskhan|Ice Punch|p1b: Cofagrigus
|-damage|p1b: Cofagrigus|85/100
|-activate|p1b: Cofagrigus|ability: Mummy|p2b: Kangaskhan|[ability] Inner Focus
|
|-weather|Sandstorm|[upkeep]
|-damage|p2a: Staraptor|74/100|[from] Sandstorm
|-damage|p2b: Kangaskhan|31/100|[from] Sandstorm
|-damage|p1b: Cofagrigus|79/100|[from] Sandstorm
|upkeep
|
|t:|1782427306
|switch|p1a: Gyarados|Gyarados, L50, M|100/100
|turn|3
|
|t:|1782427325
|move|p1a: Gyarados|Protect|p1a: Gyarados
|-singleturn|p1a: Gyarados|Protect
|move|p2a: Staraptor|Close Combat|p1a: Gyarados
|-activate|p1a: Gyarados|move: Protect
|move|p2b: Kangaskhan|Double-Edge|p1a: Gyarados
|-activate|p1a: Gyarados|move: Protect
|move|p1b: Cofagrigus|Trick Room|p1b: Cofagrigus
|-fieldstart|move: Trick Room|[of] p1b: Cofagrigus
|
|-weather|Sandstorm|[upkeep]
|-damage|p1b: Cofagrigus|73/100|[from] Sandstorm
|-damage|p1a: Gyarados|94/100|[from] Sandstorm
|-damage|p2b: Kangaskhan|25/100|[from] Sandstorm
|-damage|p2a: Staraptor|67/100|[from] Sandstorm
|upkeep
|turn|4
|
|t:|1782427349
|move|p1b: Cofagrigus|Night Shade|p2a: Staraptor
|-damage|p2a: Staraptor|40/100
|move|p1a: Gyarados|Waterfall|p2a: Staraptor
|-damage|p2a: Staraptor|19/100
|move|p2b: Kangaskhan|Double-Edge|p1a: Gyarados
|-damage|p1a: Gyarados|39/100
|-damage|p2b: Kangaskhan|5/100|[from] Recoil
|move|p2a: Staraptor|Roost|p2a: Staraptor
|-heal|p2a: Staraptor|70/100
|-singleturn|p2a: Staraptor|move: Roost
|
|-weather|Sandstorm|[upkeep]
|-damage|p1b: Cofagrigus|67/100|[from] Sandstorm
|-damage|p1a: Gyarados|33/100|[from] Sandstorm
|-damage|p2b: Kangaskhan|0 fnt|[from] Sandstorm
|-damage|p2a: Staraptor|64/100|[from] Sandstorm
|faint|p2b: Kangaskhan
|upkeep
|
|t:|1782427365
|switch|p2b: Grimmsnarl|Grimmsnarl, L50, M|100/100
|turn|5
|
|t:|1782427374
|move|p2b: Grimmsnarl|Reflect|p2b: Grimmsnarl
|-sidestart|p2: brodymd|Reflect
|move|p1b: Cofagrigus|Night Shade|p2a: Staraptor
|-damage|p2a: Staraptor|36/100
|move|p1a: Gyarados|Taunt|p2b: Grimmsnarl
|-start|p2b: Grimmsnarl|move: Taunt
|move|p2a: Staraptor|Roost|p2a: Staraptor
|-heal|p2a: Staraptor|86/100
|-singleturn|p2a: Staraptor|move: Roost
|
|-weather|none
|upkeep
|turn|6
|
|t:|1782427390
|move|p1b: Cofagrigus|Night Shade|p2a: Staraptor
|-damage|p2a: Staraptor|59/100
|move|p2b: Grimmsnarl|Throat Chop|p1b: Cofagrigus
|-supereffective|p1b: Cofagrigus|1
|-damage|p1b: Cofagrigus|22/100
|-start|p1b: Cofagrigus|Throat Chop|[silent]
|-activate|p1b: Cofagrigus|ability: Mummy|p2b: Grimmsnarl|[ability] Prankster
|-enditem|p1b: Cofagrigus|Sitrus Berry|[eat]
|-heal|p1b: Cofagrigus|46/100|[from] item: Sitrus Berry
|move|p1a: Gyarados|Taunt|p2a: Staraptor
|-start|p2a: Staraptor|move: Taunt
|move|p2a: Staraptor|Close Combat|p1a: Gyarados
|-resisted|p1a: Gyarados|1
|-damage|p1a: Gyarados|0 fnt
|-boost|p2a: Staraptor|def|1
|-boost|p2a: Staraptor|spd|1
|faint|p1a: Gyarados
|
|upkeep
|
|t:|1782427404
|switch|p1a: Garchomp|Garchomp-Mega, L50, M|50/100g
|turn|7
|
|t:|1782427421
|switch|p2b: Maushold|Maushold, L50|100/100
|move|p1b: Cofagrigus|Night Shade|p2a: Staraptor
|-damage|p2a: Staraptor|31/100
|move|p1a: Garchomp|Iron Head|p2a: Staraptor
|-damage|p2a: Staraptor|24/100
|move|p2a: Staraptor|Close Combat|p1a: Garchomp
|-crit|p1a: Garchomp
|-damage|p1a: Garchomp|0 fnt
|-boost|p2a: Staraptor|def|1
|-boost|p2a: Staraptor|spd|1
|faint|p1a: Garchomp
|
|-end|p1b: Cofagrigus|Throat Chop|[silent]
|-fieldend|move: Trick Room
|upkeep
|turn|8
|
|t:|1782427436
|move|p2b: Maushold|Follow Me|p2b: Maushold
|-singleturn|p2b: Maushold|move: Follow Me
|move|p2a: Staraptor|Dual Wingbeat|p1b: Cofagrigus
|-damage|p1b: Cofagrigus|32/100
|-activate|p1b: Cofagrigus|ability: Mummy|p2a: Staraptor|[ability] Contrary
|-damage|p1b: Cofagrigus|18/100
|-hitcount|p1b: Cofagrigus|2
|move|p1b: Cofagrigus|Body Press|p2b: Maushold
|-supereffective|p2b: Maushold|1
|-damage|p2b: Maushold|35/100
|
|-end|p2a: Staraptor|move: Taunt
|upkeep
|turn|9
|
|t:|1782427448
|move|p2b: Maushold|Follow Me|p2b: Maushold
|-singleturn|p2b: Maushold|move: Follow Me
|move|p2a: Staraptor|Roost|p2a: Staraptor
|-heal|p2a: Staraptor|74/100
|-singleturn|p2a: Staraptor|move: Roost
|move|p1b: Cofagrigus|Body Press|p2b: Maushold
|-supereffective|p2b: Maushold|1
|-damage|p2b: Maushold|0 fnt
|faint|p2b: Maushold
|
|upkeep
|
|t:|1782427450
|switch|p2b: Grimmsnarl|Grimmsnarl, L50, M|100/100
|turn|10
|
|t:|1782427455
|move|p2a: Staraptor|Dual Wingbeat|p1b: Cofagrigus
|-damage|p1b: Cofagrigus|3/100
|-damage|p1b: Cofagrigus|0 fnt
|faint|p1b: Cofagrigus
|-hitcount|p1: Cofagrigus|2
|
|win|brodymd
||brodymd is ready for game 2.
|inactive|Cowboy076 has 30 seconds to confirm battle start!
|l|☆Cowboy076
|player|p1|
|inactive|Cowboy076 has 20 seconds to confirm battle start!
