|j|☆protectthyking34
|j|☆Simone1799
|html|protectthyking34Simone1799    
|uhtml|bestof|Game 3 of a best-of-3
|t:|1785461787
|gametype|doubles
|player|p1|protectthyking34|rocketgrunt|1157
|player|p2|Simone1799|pokemaniac|1133
|gen|9
|tier|[Gen 9 Champions] VGC 2026 Reg M-B (Bo3)
|rated|
|rule|Species Clause: Limit one of each Pokémon
|rule|Item Clause: Limit 1 of each item
|clearpoke
|poke|p1|Delphox, L50, M|
|poke|p1|Incineroar, L50, M|
|poke|p1|Sneasler, L50, F|
|poke|p1|Sinistcha, L50|
|poke|p1|Kingambit, L50, M|
|poke|p1|Blastoise, L50, M|
|poke|p2|Golurk, L50|
|poke|p2|Farigiraf, L50, M|
|poke|p2|Kangaskhan, L50, F|
|poke|p2|Torkoal, L50, F|
|poke|p2|Staraptor, L50, M|
|poke|p2|Gholdengo, L50|
|teampreview|4
|showteam|p1|Delphox||Delphoxite|Blaze|NastyPlot,Protect,Psyshock,HeatWave|Timid||M|||50|]Incineroar||SitrusBerry|Intimidate|FakeOut,PartingShot,FlareBlitz,DarkestLariat|Impish||M|||50|]Sneasler||FocusSash|PoisonTouch|GunkShot,FakeOut,CloseCombat,QuickGuard|Jolly||F|||50|]Sinistcha||OccaBerry|Hospitality|MatchaGotcha,RagePowder,TrickRoom,Protect|Calm|||||50|]Kingambit||BlackGlasses|Defiant|SuckerPunch,KowtowCleave,LowKick,Protect|Adamant||M|||50|]Blastoise||Blastoisinite|RainDish|ShellSmash,WaterSpout,DarkPulse,Protect|Timid||M|||50|
|showteam|p2|Golurk||Golurkite|IronFist|Protect,HeadlongRush,IcePunch,Poltergeist|Brave|||||50|]Farigiraf||SitrusBerry|ArmorTail|TwinBeam,TrickRoom,Roar,Thunderbolt|Bold||M|||50|]Kangaskhan||SilkScarf|Scrappy|FakeOut,LastResort|Adamant||F|||50|]Torkoal||Charcoal|Drought|Eruption,Protect,EarthPower,WeatherBall|Quiet||F|||50|]Staraptor||Staraptite|Intimidate|CloseCombat,BraveBird,Tailwind,Protect|Jolly||M|||50|]Gholdengo||LifeOrb|GoodasGold|NastyPlot,MakeItRain,ShadowBall,Protect|Modest|||||50|
|inactive|Battle timer is ON: inactive players will automatically lose when time's up. (requested by Simone1799)
|
|t:|1785461806
|teamsize|p1|4
|teamsize|p2|4
|start
|switch|p1a: Delphox|Delphox, L50, M|100/100
|switch|p1b: Kingambit|Kingambit, L50, M|100/100
|switch|p2a: Kangaskhan|Kangaskhan, L50, F|100/100
|switch|p2b: Farigiraf|Farigiraf, L50, M|100/100
|turn|1
|inactive|protectthyking34 has 30 seconds left.
|inactive|Simone1799 has 30 seconds left.
|inactive|protectthyking34 has 20 seconds left.
|inactive|Simone1799 has 20 seconds left.
|inactive|protectthyking34 has 15 seconds left.
|inactive|Simone1799 has 15 seconds left.
|inactive|protectthyking34 has 10 seconds left.
|inactive|Simone1799 has 10 seconds left.
|inactive|Simone1799 has 5 seconds left.
|
|t:|1785461861
|detailschange|p1a: Delphox|Delphox-Mega, L50, M
|-mega|p1a: Delphox|Delphox|Delphoxite
|move|p2a: Kangaskhan|Fake Out|p1b: Kingambit
|-resisted|p1b: Kingambit|1
|-damage|p1b: Kingambit|91/100
|move|p1a: Delphox|Nasty Plot|p1a: Delphox
|-boost|p1a: Delphox|spa|2
|move|p2b: Farigiraf|Twin Beam|p1b: Kingambit
|-immune|p1b: Kingambit
|cant|p1b: Kingambit|flinch
|
|upkeep
|turn|2
|inactive|protectthyking34 has 30 seconds left.
|
|t:|1785461896
|move|p1a: Delphox|Protect|p1a: Delphox
|-singleturn|p1a: Delphox|Protect
|move|p2a: Kangaskhan|Last Resort|p1a: Delphox
|-activate|p1a: Delphox|move: Protect
|move|p1b: Kingambit|Kowtow Cleave|p2a: Kangaskhan
|-damage|p2a: Kangaskhan|44/100
|move|p2b: Farigiraf|Trick Room|p2b: Farigiraf
|-fieldstart|move: Trick Room|[of] p2b: Farigiraf
|
|upkeep
|turn|3
|
|t:|1785461911
|switch|p2b: Torkoal|Torkoal, L50, F|100/100
|-weather|SunnyDay|[from] ability: Drought|[of] p2b: Torkoal
|switch|p1a: Incineroar|Incineroar, L50, M|100/100
|-ability|p1a: Incineroar|Intimidate|boost
|-fail|p2a: Kangaskhan|unboost|Attack|[from] ability: Scrappy|[of] p2a: Kangaskhan
|-unboost|p2b: Torkoal|atk|1
|move|p1b: Kingambit|Kowtow Cleave|p2a: Kangaskhan
|-damage|p2a: Kangaskhan|0 fnt
|faint|p2a: Kangaskhan
|
|-weather|SunnyDay|[upkeep]
|upkeep
|
|t:|1785461923
|switch|p2a: Golurk|Golurk, L50|100/100
|turn|4
|
|t:|1785461940
|switch|p2a: Farigiraf|Farigiraf, L50, M|100/100
|move|p1b: Kingambit|Sucker Punch||[still]
|cant|p2a: Farigiraf|ability: Armor Tail|Sucker Punch|[of] p1b: Kingambit
|move|p2b: Torkoal|Weather Ball|p1b: Kingambit
|-supereffective|p1b: Kingambit|1
|-damage|p1b: Kingambit|0 fnt
|faint|p1b: Kingambit
|move|p1a: Incineroar|Parting Shot|p2a: Farigiraf
|-unboost|p2a: Farigiraf|atk|1
|-unboost|p2a: Farigiraf|spa|1
|
|t:|1785461950
|switch|p1a: Delphox|Delphox-Mega, L50, M|100/100|[from] Parting Shot
|
|-weather|SunnyDay|[upkeep]
|upkeep
|
|t:|1785461953
|switch|p1b: Incineroar|Incineroar, L50, M|100/100
|-ability|p1b: Incineroar|Intimidate|boost
|-unboost|p2a: Farigiraf|atk|1
|-unboost|p2b: Torkoal|atk|1
|turn|5
|
|t:|1785461968
|move|p2b: Torkoal|Earth Power|p1b: Incineroar
|-supereffective|p1b: Incineroar|1
|-damage|p1b: Incineroar|54/100
|move|p1b: Incineroar|Parting Shot|p2b: Torkoal
|-unboost|p2b: Torkoal|atk|1
|-unboost|p2b: Torkoal|spa|1
|
|t:|1785461974
|switch|p1b: Sinistcha|Sinistcha, L50|100/100|[from] Parting Shot
|move|p1a: Delphox|Heat Wave|p2a: Farigiraf|[spread] p2a,p2b
|-resisted|p2b: Torkoal|1
|-damage|p2a: Farigiraf|35/100
|-damage|p2b: Torkoal|58/100
|-status|p2a: Farigiraf|brn
|-enditem|p2a: Farigiraf|Sitrus Berry|[eat]
|-heal|p2a: Farigiraf|60/100 brn|[from] item: Sitrus Berry
|move|p2a: Farigiraf|Roar|p1a: Delphox
|drag|p1a: Incineroar|Incineroar, L50, M|54/100
|-ability|p1a: Incineroar|Intimidate|boost
|-unboost|p2a: Farigiraf|atk|1
|-unboost|p2b: Torkoal|atk|1
|
|-weather|SunnyDay|[upkeep]
|-damage|p2a: Farigiraf|54/100 brn|[from] brn
|upkeep
|turn|6
|
|t:|1785461996
|move|p1b: Sinistcha|Protect|p1b: Sinistcha
|-singleturn|p1b: Sinistcha|Protect
|move|p2b: Torkoal|Weather Ball|p1b: Sinistcha
|-activate|p1b: Sinistcha|move: Protect
|move|p2a: Farigiraf|Twin Beam|p1b: Sinistcha
|-activate|p1b: Sinistcha|move: Protect
|move|p1a: Incineroar|Parting Shot|p2a: Farigiraf
|-unboost|p2a: Farigiraf|atk|1
|-unboost|p2a: Farigiraf|spa|1
|
|t:|1785462006
|switch|p1a: Delphox|Delphox-Mega, L50, M|100/100|[from] Parting Shot
|
|-weather|SunnyDay|[upkeep]
|-damage|p2a: Farigiraf|48/100 brn|[from] brn
|-fieldend|move: Trick Room
|upkeep
|turn|7
|
|t:|1785462015
|move|p1a: Delphox|Heat Wave|p2a: Farigiraf|[spread] p2a,p2b
|-resisted|p2b: Torkoal|1
|-damage|p2a: Farigiraf|0 fnt
|-damage|p2b: Torkoal|14/100
|faint|p2a: Farigiraf
|move|p1b: Sinistcha|Matcha Gotcha|p2b: Torkoal
|-resisted|p2b: Torkoal|1
|-damage|p2b: Torkoal|0 fnt
|faint|p2b: Torkoal
|
|-weather|none
|upkeep
|
|t:|1785462025
|switch|p2b: Golurk|Golurk, L50|100/100
|turn|8
|
|t:|1785462033
|switch|p1a: Incineroar|Incineroar, L50, M|54/100
|-ability|p1a: Incineroar|Intimidate|boost
|-unboost|p2b: Golurk|atk|1
|detailschange|p2b: Golurk|Golurk-Mega, L50
|-mega|p2b: Golurk|Golurk|Golurkite
|move|p1b: Sinistcha|Matcha Gotcha|p2b: Golurk
|-supereffective|p2b: Golurk|1
|-damage|p2b: Golurk|46/100
|move|p2b: Golurk|Poltergeist|p1b: Sinistcha
|-activate|p1b: Sinistcha|move: Poltergeist|Occa Berry
|-supereffective|p1b: Sinistcha|1
|-damage|p1b: Sinistcha|15/100
|
|upkeep
|turn|9
|-message|Simone1799 forfeited.
|
|win|protectthyking34
|raw|protectthyking34's rating: 1157 → 1180(+23 for winning)
|raw|Simone1799's rating: 1133 → 1110(-23 for losing)
|l|☆Simone1799
|player|p2|
