|j|☆Dippiedaan
|j|☆pedriesta
|html|Dippiedaanpedriesta    
|uhtml|bestof|Game 3 of a best-of-3
|t:|1783196619
|gametype|doubles
|player|p1|Dippiedaan|skyla|
|player|p2|pedriesta|169|
|gen|9
|tier|[Gen 9 Champions] VGC 2026 Reg M-B (Bo3)
|rule|Species Clause: Limit one of each Pokémon
|rule|Item Clause: Limit 1 of each item
|clearpoke
|poke|p1|Basculegion, L50, M|
|poke|p1|Garchomp, L50, M|
|poke|p1|Kingambit, L50, M|
|poke|p1|Sylveon, L50, F|
|poke|p1|Aerodactyl, L50, M|
|poke|p1|Charizard, L50, F|
|poke|p2|Aerodactyl, L50, M|
|poke|p2|Sylveon, L50, M|
|poke|p2|Charizard, L50, M|
|poke|p2|Garchomp, L50, M|
|poke|p2|Farigiraf, L50, M|
|poke|p2|Incineroar, L50, F|
|teampreview|4
|showteam|p1|Basculegion||FocusSash|Adaptability|Protect,LastRespects,AquaJet,Liquidation|Jolly||M|||50|]Garchomp||LifeOrb|RoughSkin|RockTomb,Earthquake,DragonClaw,Protect|Jolly||M|||50|]Kingambit||ChopleBerry|Defiant|SuckerPunch,KowtowCleave,LowKick,IronHead|Adamant||M|||50|]Sylveon||FairyFeather|Pixilate|Detect,HyperVoice,Moonblast,QuickAttack|Modest||F|||50|]Aerodactyl||Aerodactylite|Unnerve|Tailwind,DualWingbeat,RockSlide,Protect|Jolly||M|||50|]Charizard||CharizarditeY|Blaze|HeatWave,SolarBeam,WeatherBall,Protect|Modest||F|||50|
|showteam|p2|Aerodactyl||FocusSash|Unnerve|RockSlide,Tailwind,Sandstorm,WideGuard|Jolly||M|||50|]Sylveon||LifeOrb|Pixilate|HyperVoice,HyperBeam,QuickAttack,Detect|Modest||M|||50|]Charizard||CharizarditeY|Blaze|HeatWave,WeatherBall,SolarBeam,Protect|Modest||M|||50|]Garchomp||Garchompite|RoughSkin|StompingTantrum,DragonClaw,Earthquake,Protect|Adamant||M|||50|]Farigiraf||SitrusBerry|ArmorTail|TwinBeam,Thunderbolt,TrickRoom,HelpingHand|Quiet||M|||50|]Incineroar||PasshoBerry|Intimidate|FlareBlitz,ThroatChop,PartingShot,FakeOut|Adamant||F|||50|
|inactive|Battle timer is ON: inactive players will automatically lose when time's up. (requested by pedriesta)
|c|☆pedriesta|i think this reg punishes a lot the bad luck
|inactive|Dippiedaan has 60 seconds left.
|inactive|pedriesta has 60 seconds left.
|c|☆Dippiedaan|yeah
|c|☆Dippiedaan|its not reg I
|inactive|pedriesta has 30 seconds left.
|inactive|pedriesta has 20 seconds left.
|inactive|pedriesta has 15 seconds left.
|inactive|pedriesta has 10 seconds left.
|
|t:|1783196703
|teamsize|p1|4
|teamsize|p2|4
|start
|switch|p1a: Aerodactyl|Aerodactyl, L50, M|100/100
|switch|p1b: Sylveon|Sylveon, L50, F|100/100
|switch|p2a: Charizard|Charizard, L50, M|100/100
|switch|p2b: Incineroar|Incineroar, L50, F|100/100
|-ability|p1a: Aerodactyl|Unnerve
|-ability|p2b: Incineroar|Intimidate|boost
|-unboost|p1a: Aerodactyl|atk|1
|-unboost|p1b: Sylveon|atk|1
|turn|1
|inactive|pedriesta has 30 seconds left.
|inactive|pedriesta has 20 seconds left.
|
|t:|1783196739
|switch|p2a: Farigiraf|Farigiraf, L50, M|100/100
|move|p1a: Aerodactyl|Protect|p1a: Aerodactyl
|-singleturn|p1a: Aerodactyl|Protect
|move|p1b: Sylveon|Detect|p1b: Sylveon
|-singleturn|p1b: Sylveon|Protect
|move|p2b: Incineroar|Throat Chop|p1b: Sylveon
|-activate|p1b: Sylveon|move: Protect
|
|upkeep
|turn|2
|
|t:|1783196763
|detailschange|p1a: Aerodactyl|Aerodactyl-Mega, L50, M
|-mega|p1a: Aerodactyl|Aerodactyl|Aerodactylite
|move|p1a: Aerodactyl|Dual Wingbeat|p2a: Farigiraf
|-damage|p2a: Farigiraf|82/100
|-damage|p2a: Farigiraf|65/100
|-hitcount|p2a: Farigiraf|2
|move|p2b: Incineroar|Throat Chop|p1b: Sylveon
|-resisted|p1b: Sylveon|1
|-damage|p1b: Sylveon|81/100
|-start|p1b: Sylveon|Throat Chop|[silent]
|cant|p1b: Sylveon|move: Throat Chop
|move|p2a: Farigiraf|Trick Room|p2a: Farigiraf
|-fieldstart|move: Trick Room|[of] p2a: Farigiraf
|
|upkeep
|turn|3
|inactive|pedriesta has 30 seconds left.
|
|t:|1783196793
|switch|p1a: Garchomp|Garchomp, L50, M|100/100
|move|p2a: Farigiraf|Twin Beam|p1a: Garchomp
|-crit|p1a: Garchomp
|-damage|p1a: Garchomp|72/100
|-damage|p1a: Garchomp|52/100
|-hitcount|p1a: Garchomp|2
|move|p1b: Sylveon|Moonblast|p2a: Farigiraf
|-damage|p2a: Farigiraf|22/100
|-enditem|p2a: Farigiraf|Sitrus Berry|[eat]
|-heal|p2a: Farigiraf|47/100|[from] item: Sitrus Berry
|move|p2b: Incineroar|Parting Shot|p1b: Sylveon
|-unboost|p1b: Sylveon|atk|1
|-unboost|p1b: Sylveon|spa|1
|
|t:|1783196803
|switch|p2b: Sylveon|Sylveon, L50, M|100/100|[from] Parting Shot
|
|-end|p1b: Sylveon|Throat Chop|[silent]
|upkeep
|turn|4
|
|t:|1783196820
|move|p1b: Sylveon|Detect|p1b: Sylveon
|-singleturn|p1b: Sylveon|Protect
|move|p1a: Garchomp|Protect|p1a: Garchomp
|-singleturn|p1a: Garchomp|Protect
|move|p2a: Farigiraf|Twin Beam|p1b: Sylveon
|-activate|p1b: Sylveon|move: Protect
|move|p2b: Sylveon|Hyper Voice|p1a: Garchomp|[spread] 
|-activate|p1a: Garchomp|move: Protect
|-activate|p1b: Sylveon|move: Protect
|
|upkeep
|turn|5
|
|t:|1783196832
|switch|p1a: Basculegion|Basculegion, L50, M|100/100
|move|p2a: Farigiraf|Twin Beam|p1b: Sylveon
|-damage|p1b: Sylveon|67/100
|-damage|p1b: Sylveon|54/100
|-hitcount|p1b: Sylveon|2
|move|p1b: Sylveon|Moonblast|p2a: Farigiraf
|-damage|p2a: Farigiraf|15/100
|move|p2b: Sylveon|Hyper Voice|p1a: Basculegion|[spread] p1a,p1b
|-damage|p1a: Basculegion|40/100
|-damage|p1b: Sylveon|18/100
|-damage|p2b: Sylveon|90/100|[from] item: Life Orb
|
|upkeep
|turn|6
|inactive|pedriesta has 30 seconds left.
|
|t:|1783196859
|switch|p2a: Incineroar|Incineroar, L50, F|100/100
|-ability|p2a: Incineroar|Intimidate|boost
|-unboost|p1a: Basculegion|atk|1
|-unboost|p1b: Sylveon|atk|1
|move|p1b: Sylveon|Detect|p1b: Sylveon
|-singleturn|p1b: Sylveon|Protect
|move|p1a: Basculegion|Protect|p1a: Basculegion
|-singleturn|p1a: Basculegion|Protect
|move|p2b: Sylveon|Hyper Voice|p1a: Basculegion|[spread] 
|-activate|p1a: Basculegion|move: Protect
|-activate|p1b: Sylveon|move: Protect
|
|-fieldend|move: Trick Room
|upkeep
|turn|7
|inactive|pedriesta has 30 seconds left.
|inactive|pedriesta has 20 seconds left.
|
|t:|1783196895
|switch|p2a: Farigiraf|Farigiraf, L50, M|15/100
|move|p1a: Basculegion|Liquidation|p2a: Farigiraf
|-damage|p2a: Farigiraf|0 fnt
|faint|p2a: Farigiraf
|move|p2b: Sylveon|Hyper Voice|p1a: Basculegion|[spread] p1a,p1b
|-damage|p1a: Basculegion|0 fnt
|-damage|p1b: Sylveon|0 fnt
|faint|p1a: Basculegion
|faint|p1b: Sylveon
|-damage|p2b: Sylveon|81/100|[from] item: Life Orb
|
|upkeep
|
|t:|1783196904
|switch|p1a: Aerodactyl|Aerodactyl-Mega, L50, M|100/100
|switch|p1b: Garchomp|Garchomp, L50, M|52/100
|switch|p2a: Incineroar|Incineroar, L50, F|100/100
|-ability|p2a: Incineroar|Intimidate|boost
|-unboost|p1a: Aerodactyl|atk|1
|-unboost|p1b: Garchomp|atk|1
|turn|8
|inactive|pedriesta has 30 seconds left.
|
|t:|1783196938
|switch|p2a: Charizard|Charizard, L50, M|100/100
|move|p1a: Aerodactyl|Protect|p1a: Aerodactyl
|-singleturn|p1a: Aerodactyl|Protect
|move|p1b: Garchomp|Protect|p1b: Garchomp
|-singleturn|p1b: Garchomp|Protect
|move|p2b: Sylveon|Detect||[still]
|-fail|p2b: Sylveon
|
|upkeep
|turn|9
|
|t:|1783196960
|switch|p2a: Incineroar|Incineroar, L50, F|100/100
|-ability|p2a: Incineroar|Intimidate|boost
|-unboost|p1a: Aerodactyl|atk|1
|-unboost|p1b: Garchomp|atk|1
|move|p1a: Aerodactyl|Rock Slide|p2b: Sylveon|[spread] p2a,p2b
|-supereffective|p2a: Incineroar|1
|-crit|p2a: Incineroar
|-damage|p2a: Incineroar|22/100
|-damage|p2b: Sylveon|65/100
|move|p1b: Garchomp|Earthquake|p2b: Sylveon|[spread] p2a,p2b
|-immune|p1a: Aerodactyl
|-supereffective|p2a: Incineroar|1
|-damage|p2a: Incineroar|0 fnt
|-damage|p2b: Sylveon|39/100
|faint|p2a: Incineroar
|-damage|p1b: Garchomp|43/100|[from] item: Life Orb
|move|p2b: Sylveon|Hyper Voice|p1a: Aerodactyl|[spread] p1a,p1b
|-supereffective|p1b: Garchomp|1
|-damage|p1a: Aerodactyl|51/100
|-damage|p1b: Garchomp|0 fnt
|faint|p1b: Garchomp
|-damage|p2b: Sylveon|29/100|[from] item: Life Orb
|
|upkeep
|
|t:|1783196976
|switch|p2a: Charizard|Charizard, L50, M|100/100
|turn|10
|
|t:|1783196990
|detailschange|p2a: Charizard|Charizard-Mega-Y, L50, M
|-mega|p2a: Charizard|Charizard|Charizardite Y
|-weather|SunnyDay|[from] ability: Drought|[of] p2a: Charizard
|move|p2b: Sylveon|Quick Attack|p1a: Aerodactyl
|-damage|p1a: Aerodactyl|35/100
|-damage|p2b: Sylveon|20/100y|[from] item: Life Orb
|move|p1a: Aerodactyl|Rock Slide|p2a: Charizard|[spread] p2a,p2b
|-supereffective|p2a: Charizard|2
|-damage|p2a: Charizard|45/100
|-damage|p2b: Sylveon|4/100
|move|p2a: Charizard|Solar Beam||[still]
|-prepare|p2a: Charizard|Solar Beam
|-anim|p2a: Charizard|Solar Beam|p1a: Aerodactyl
|-damage|p1a: Aerodactyl|0 fnt
|faint|p1a: Aerodactyl
|
|win|pedriesta
|c|☆Dippiedaan|ggs
|c|☆pedriesta|ggs
|l|☆Dippiedaan
|player|p1|
