|j|☆magicalarcher57
|j|☆ZeraXx
|html|magicalarcher57ZeraXx    
|uhtml|bestof|Game 2 of a best-of-3
|t:|1784169799
|gametype|doubles
|player|p1|magicalarcher57|diantha|1318
|player|p2|ZeraXx|169|1252
|gen|9
|tier|[Gen 9 Champions] VGC 2026 Reg M-B (Bo3)
|rated|
|rule|Species Clause: Limit one of each Pokémon
|rule|Item Clause: Limit 1 of each item
|clearpoke
|poke|p1|Garchomp, L50, F|
|poke|p1|Basculegion, L50, M|
|poke|p1|Whimsicott, L50, F|
|poke|p1|Glimmora, L50, F|
|poke|p1|Metagross, L50|
|poke|p1|Annihilape, L50, M|
|poke|p2|Excadrill, L50, M|
|poke|p2|Tyranitar, L50, F|
|poke|p2|Sneasler, L50, M|
|poke|p2|Rotom-Wash, L50|
|poke|p2|Talonflame, L50, M|
|poke|p2|Sinistcha-Masterpiece, L50|
|teampreview|4
|showteam|p1|Garchomp||SitrusBerry|RoughSkin|Earthquake,DragonClaw,Protect,StompingTantrum|Jolly||F|||50|]Basculegion||ChoiceScarf|Adaptability|WaveCrash,LastRespects,AquaJet,FlipTurn|Jolly||M|||50|]Whimsicott||FocusSash|Prankster|Tailwind,Moonblast,Encore,Protect|Timid||F|||50|]Glimmora||LifeOrb|ToxicDebris|PowerGem,EarthPower,SludgeBomb,SpikyShield|Timid||F|||50|]Metagross||Metagrossite|ClearBody|IcePunch,IronHead,Protect,PsychicFangs|Jolly|||||50|]Annihilape||Leftovers|Defiant|CloseCombat,RageFist,Taunt,Protect|Adamant||M|||50|
|showteam|p2|Excadrill||FocusSash|SandRush|HighHorsepower,IronHead,RockSlide,Protect|Adamant||M|||50|]Tyranitar||Tyranitarite|SandStream|Protect,RockSlide,KnockOff,DragonDance|Adamant||F|||50|]Sneasler||WhiteHerb|Unburden|FakeOut,CloseCombat,DireClaw,Protect|Adamant||M|||50|]Rotom-Wash||Leftovers|Levitate|WillOWisp,Thunderbolt,LightScreen,HydroPump|Calm|||||50|]Talonflame||SharpBeak|GaleWings|Protect,FlareBlitz,BraveBird,SwordsDance|Adamant||M|||50|]Sinistcha-Masterpiece||SitrusBerry|Hospitality|RagePowder,TrickRoom,MatchaGotcha,Protect|Bold|||||50|
|inactive|Battle timer is ON: inactive players will automatically lose when time's up. (requested by magicalarcher57)
|
|t:|1784169826
|teamsize|p1|4
|teamsize|p2|4
|start
|switch|p1a: Lilith|Glimmora, L50, F|100/100
|switch|p1b: Persephone|Whimsicott, L50, F|100/100
|switch|p2a: Rotom|Rotom-Wash, L50|100/100
|switch|p2b: Sinistcha|Sinistcha-Masterpiece, L50|100/100
|turn|1
|
|t:|1784169843
|move|p1b: Persephone|Moonblast|p2b: Sinistcha
|-damage|p2b: Sinistcha|67/100
|move|p1a: Lilith|Sludge Bomb|p2b: Sinistcha
|-damage|p2b: Sinistcha|9/100
|-status|p2b: Sinistcha|psn
|-enditem|p2b: Sinistcha|Sitrus Berry|[eat]
|-heal|p2b: Sinistcha|34/100 psn|[from] item: Sitrus Berry
|-damage|p1a: Lilith|90/100|[from] item: Life Orb
|move|p2a: Rotom|Hydro Pump|p1a: Lilith
|-supereffective|p1a: Lilith|1
|-damage|p1a: Lilith|0 fnt
|faint|p1a: Lilith
|move|p2b: Sinistcha|Trick Room|p2b: Sinistcha
|-fieldstart|move: Trick Room|[of] p2b: Sinistcha
|
|-damage|p2b: Sinistcha|21/100 psn|[from] psn
|upkeep
|
|t:|1784169851
|switch|p1a: Lucifer|Garchomp, L50, F|100/100
|turn|2
|
|t:|1784169860
|move|p2b: Sinistcha|Protect|p2b: Sinistcha
|-singleturn|p2b: Sinistcha|Protect
|move|p1b: Persephone|Encore|p2a: Rotom
|-start|p2a: Rotom|Encore
|move|p2a: Rotom|Hydro Pump|p1a: Lucifer
|-damage|p1a: Lucifer|57/100
|move|p1a: Lucifer|Dragon Claw|p2a: Rotom
|-damage|p2a: Rotom|61/100
|
|-heal|p2a: Rotom|67/100|[from] item: Leftovers
|-damage|p2b: Sinistcha|9/100 psn|[from] psn
|upkeep
|turn|3
|
|t:|1784169875
|move|p1a: Lucifer|Protect|p1a: Lucifer
|-singleturn|p1a: Lucifer|Protect
|move|p2b: Sinistcha|Matcha Gotcha|p1b: Persephone|[spread] 
|-activate|p1a: Lucifer|move: Protect
|-miss|p2b: Sinistcha|p1b: Persephone
|move|p2a: Rotom|Hydro Pump|p1a: Lucifer
|-activate|p1a: Lucifer|move: Protect
|move|p1b: Persephone|Moonblast|p2a: Rotom
|-damage|p2a: Rotom|36/100
|
|-heal|p2a: Rotom|42/100|[from] item: Leftovers
|-damage|p2b: Sinistcha|0 fnt|[from] psn
|faint|p2b: Sinistcha
|upkeep
|
|t:|1784169883
|switch|p2b: Tyranitar|Tyranitar, L50, F|100/100
|-weather|Sandstorm|[from] ability: Sand Stream|[of] p2b: Tyranitar
|turn|4
|
|t:|1784169890
|detailschange|p2b: Tyranitar|Tyranitar-Mega, L50, F
|-mega|p2b: Tyranitar|Tyranitar|Tyranitarite
|move|p2b: Tyranitar|Knock Off|p1a: Lucifer
|-damage|p1a: Lucifer|0 fnt
|-damage|p2b: Tyranitar|87/100|[from] ability: Rough Skin|[of] p1a: Lucifer
|-enditem|p1a: Lucifer|Sitrus Berry|[from] move: Knock Off|[of] p2b: Tyranitar
|faint|p1a: Lucifer
|move|p2a: Rotom|Hydro Pump|p1b: Persephone
|-resisted|p1b: Persephone|1
|-damage|p1b: Persephone|70/100
|move|p1b: Persephone|Moonblast|p2b: Tyranitar
|-supereffective|p2b: Tyranitar|1
|-damage|p2b: Tyranitar|51/100
|
|-weather|Sandstorm|[upkeep]
|-damage|p2a: Rotom|36/100|[from] Sandstorm
|-damage|p1b: Persephone|64/100|[from] Sandstorm
|-heal|p2a: Rotom|42/100|[from] item: Leftovers
|-end|p2a: Rotom|Encore
|upkeep
|
|t:|1784169895
|switch|p1a: Nikke|Basculegion, L50, M|100/100
|turn|5
|
|t:|1784169903
|move|p1a: Nikke|Aqua Jet|p2b: Tyranitar
|-supereffective|p2b: Tyranitar|1
|-damage|p2b: Tyranitar|17/100
|move|p2b: Tyranitar|Knock Off|p1a: Nikke
|-supereffective|p1a: Nikke|1
|-damage|p1a: Nikke|0 fnt
|-enditem|p1a: Nikke|Choice Scarf|[from] move: Knock Off|[of] p2b: Tyranitar
|faint|p1a: Nikke
|move|p2a: Rotom|Hydro Pump|p1b: Persephone
|-resisted|p1b: Persephone|1
|-damage|p1b: Persephone|33/100
|move|p1b: Persephone|Moonblast|p2a: Rotom
|-damage|p2a: Rotom|11/100
|
|-weather|Sandstorm|[upkeep]
|-damage|p2a: Rotom|5/100|[from] Sandstorm
|-damage|p1b: Persephone|27/100|[from] Sandstorm
|-heal|p2a: Rotom|11/100|[from] item: Leftovers
|-fieldend|move: Trick Room
|upkeep
|turn|6
|-message|magicalarcher57 forfeited.
|
|win|ZeraXx
|raw|magicalarcher57's rating: 1318 → 1294(-24 for losing)
|raw|ZeraXx's rating: 1252 → 1282(+30 for winning)
