|j|☆TheOneAndOnlyChat
|j|☆importarcade
|html|TheOneAndOnlyChatimportarcade    
|uhtml|bestof|Game 2 of a best-of-3
|t:|1782340046
|gametype|doubles
|player|p1|TheOneAndOnlyChat|iono-masters|1062
|player|p2|importarcade|ethan|1040
|gen|9
|tier|[Gen 9 Champions] VGC 2026 Reg M-B (Bo3)
|rated|
|rule|Species Clause: Limit one of each Pokémon
|rule|Item Clause: Limit 1 of each item
|clearpoke
|poke|p1|Swampert, L50, F|
|poke|p1|Pelipper, L50, M|
|poke|p1|Sableye, L50, M|
|poke|p1|Archaludon, L50, F|
|poke|p1|Incineroar, L50, M|
|poke|p1|Venusaur, L50, M|
|poke|p2|Swampert, L50, F|
|poke|p2|Pelipper, L50, M|
|poke|p2|Dragonite, L50, F|
|poke|p2|Basculegion, L50, M|
|poke|p2|Sneasler, L50, F|
|poke|p2|Archaludon, L50, M|
|teampreview|4
|showteam|p1|Swampert||Swampertite|Damp|WaveCrash,Earthquake,FlipTurn,Protect|Jolly||F|||50|]Pelipper||ChoiceScarf|Drizzle|WideGuard,Hurricane,Tailwind,MuddyWater|Timid||M|||50|]Sableye||LightClay|Prankster|RainDance,Reflect,LightScreen,Encore|Relaxed||M|||50|]Archaludon||Leftovers|Stamina|ElectroShot,DragonPulse,FlashCannon,Protect|Bold||F|||50|]Incineroar||SitrusBerry|Intimidate|FakeOut,PartingShot,ThroatChop,WillOWisp|Impish||M|||50|]Venusaur||Venusaurite|Chlorophyll|SludgeBomb,EarthPower,GigaDrain,Protect|Modest||M|||50|
|showteam|p2|Swampert||Swampertite|Damp|WaveCrash,Earthquake,IcePunch,Protect|Adamant||F|||50|]Pelipper||FocusSash|Drizzle|Hurricane,WeatherBall,Tailwind,WideGuard|Modest||M|||50|]Dragonite||Dragoninite|InnerFocus|DragonPulse,Hurricane,ExtremeSpeed,Protect|Modest||F|||50|]Basculegion||ChoiceScarf|Adaptability|WaveCrash,LastRespects,FlipTurn,AquaJet|Jolly||M|||50|]Sneasler||WhiteHerb|Unburden|DireClaw,CloseCombat,Protect,FakeOut|Adamant||F|||50|]Archaludon||Leftovers|Stamina|ElectroShot,DragonPulse,FlashCannon,Protect|Calm||M|||50|
|
|t:|1782340105
|teamsize|p1|4
|teamsize|p2|4
|start
|switch|p1a: Venusaur|Venusaur, L50, M|100/100
|switch|p1b: Sableye|Sableye, L50, M|100/100
|switch|p2a: Pelipper|Pelipper, L50, M|100/100
|switch|p2b: Sneasler|Sneasler, L50, F|100/100
|-weather|RainDance|[from] ability: Drizzle|[of] p2a: Pelipper
|turn|1
|
|t:|1782340137
|detailschange|p1a: Venusaur|Venusaur-Mega, L50, M
|-mega|p1a: Venusaur|Venusaur|Venusaurite
|move|p2b: Sneasler|Fake Out|p1a: Venusaur
|-damage|p1a: Venusaur|85/100
|move|p1b: Sableye|Light Screen|p1b: Sableye
|-sidestart|p1: TheOneAndOnlyChat|move: Light Screen
|move|p2a: Pelipper|Hurricane|p1a: Venusaur
|-supereffective|p1a: Venusaur|1
|-damage|p1a: Venusaur|17/100
|-start|p1a: Venusaur|confusion
|cant|p1a: Venusaur|flinch
|
|-weather|RainDance|[upkeep]
|upkeep
|turn|2
|
|t:|1782340167
|switch|p2b: Archaludon|Archaludon, L50, M|100/100
|switch|p1a: Archaludon|Archaludon, L50, F|100/100
|move|p1b: Sableye|Encore||[still]
|-fail|p1b: Sableye
|move|p2a: Pelipper|Weather Ball|p1b: Sableye
|-damage|p1b: Sableye|9/100
|
|-weather|RainDance|[upkeep]
|upkeep
|turn|3
|
|t:|1782340213
|switch|p2a: Swampert|Swampert, L50, F|100/100
|move|p1b: Sableye|Reflect|p1b: Sableye
|-sidestart|p1: TheOneAndOnlyChat|Reflect
|move|p2b: Archaludon|Electro Shot||[still]
|-prepare|p2b: Archaludon|Electro Shot
|-boost|p2b: Archaludon|spa|1
|-anim|p2b: Archaludon|Electro Shot|p1b: Sableye
|-damage|p1b: Sableye|0 fnt
|faint|p1b: Sableye
|move|p1a: Archaludon|Electro Shot||[still]
|-prepare|p1a: Archaludon|Electro Shot
|-boost|p1a: Archaludon|spa|1
|-anim|p1a: Archaludon|Electro Shot|p2a: Swampert
|-immune|p2a: Swampert
|
|-weather|RainDance|[upkeep]
|upkeep
|
|t:|1782340237
|switch|p1b: Pelipper|Pelipper, L50, M|100/100
|turn|4
|
|t:|1782340267
|detailschange|p2a: Swampert|Swampert-Mega, L50, F
|-mega|p2a: Swampert|Swampert|Swampertite
|move|p2a: Swampert|Ice Punch|p1a: Archaludon
|-damage|p1a: Archaludon|82/100
|-ability|p1a: Archaludon|Stamina|boost
|-boost|p1a: Archaludon|def|1
|move|p1b: Pelipper|Tailwind|p1b: Pelipper
|-sidestart|p1: TheOneAndOnlyChat|move: Tailwind
|move|p1a: Archaludon|Dragon Pulse|p2a: Swampert
|-damage|p2a: Swampert|52/100
|move|p2b: Archaludon|Electro Shot||[still]
|-prepare|p2b: Archaludon|Electro Shot
|-boost|p2b: Archaludon|spa|1
|-anim|p2b: Archaludon|Electro Shot|p1b: Pelipper
|-supereffective|p1b: Pelipper|2
|-damage|p1b: Pelipper|0 fnt
|faint|p1b: Pelipper
|
|-weather|RainDance|[upkeep]
|-heal|p1a: Archaludon|88/100|[from] item: Leftovers
|upkeep
|
|t:|1782340277
|switch|p1b: Venusaur|Venusaur-Mega, L50, M|17/100
|turn|5
|
|t:|1782340307
|switch|p2a: Pelipper|Pelipper, L50, M|100/100
|move|p1a: Archaludon|Electro Shot||[still]
|-prepare|p1a: Archaludon|Electro Shot
|-boost|p1a: Archaludon|spa|1
|-anim|p1a: Archaludon|Electro Shot|p2b: Archaludon
|-resisted|p2b: Archaludon|1
|-damage|p2b: Archaludon|71/100
|-ability|p2b: Archaludon|Stamina|boost
|-boost|p2b: Archaludon|def|1
|move|p1b: Venusaur|Giga Drain|p2a: Pelipper
|-damage|p2a: Pelipper|40/100
|-heal|p1b: Venusaur|43/100|[from] drain|[of] p2a: Pelipper
|move|p2b: Archaludon|Electro Shot||[still]
|-prepare|p2b: Archaludon|Electro Shot
|-boost|p2b: Archaludon|spa|1
|-anim|p2b: Archaludon|Electro Shot|p1a: Archaludon
|-resisted|p1a: Archaludon|1
|-damage|p1a: Archaludon|40/100
|-ability|p1a: Archaludon|Stamina|boost
|-boost|p1a: Archaludon|def|1
|
|-weather|none
|-heal|p1a: Archaludon|46/100|[from] item: Leftovers
|-heal|p2b: Archaludon|77/100|[from] item: Leftovers
|upkeep
|turn|6
|
|t:|1782340339
|switch|p2a: Sneasler|Sneasler, L50, F|100/100
|move|p1a: Archaludon|Dragon Pulse|p2b: Archaludon
|-damage|p2b: Archaludon|21/100
|-ability|p2b: Archaludon|Stamina|boost
|-boost|p2b: Archaludon|def|1
|move|p1b: Venusaur|Earth Power|p2b: Archaludon
|-supereffective|p2b: Archaludon|1
|-damage|p2b: Archaludon|0 fnt
|faint|p2b: Archaludon
|
|-heal|p1a: Archaludon|52/100|[from] item: Leftovers
|upkeep
|
|t:|1782340353
|switch|p2b: Pelipper|Pelipper, L50, M|40/100
|-weather|RainDance|[from] ability: Drizzle|[of] p2b: Pelipper
|turn|7
|
|t:|1782340379
|move|p2a: Sneasler|Fake Out|p1a: Archaludon
|-resisted|p1a: Archaludon|1
|-damage|p1a: Archaludon|50/100g
|-ability|p1a: Archaludon|Stamina|boost
|-boost|p1a: Archaludon|def|1
|cant|p1a: Archaludon|flinch
|move|p1b: Venusaur|Giga Drain|p2b: Pelipper
|-damage|p2b: Pelipper|0 fnt
|-heal|p1b: Venusaur|61/100|[from] drain|[of] p2b: Pelipper
|faint|p2b: Pelipper
|
|-weather|RainDance|[upkeep]
|-heal|p1a: Archaludon|56/100|[from] item: Leftovers
|-sideend|p1: TheOneAndOnlyChat|move: Tailwind
|upkeep
|
|t:|1782340392
|switch|p2b: Swampert|Swampert-Mega, L50, F|52/100
|turn|8
|
|t:|1782340438
|move|p2b: Swampert|Ice Punch|p1b: Venusaur
|-supereffective|p1b: Venusaur|1
|-damage|p1b: Venusaur|38/100
|move|p2a: Sneasler|Close Combat|p1b: Venusaur
|-resisted|p1b: Venusaur|1
|-damage|p1b: Venusaur|16/100
|-unboost|p2a: Sneasler|def|1
|-unboost|p2a: Sneasler|spd|1
|-enditem|p2a: Sneasler|White Herb
|-clearnegativeboost|p2a: Sneasler|[silent]
|move|p1a: Archaludon|Electro Shot||[still]
|-prepare|p1a: Archaludon|Electro Shot
|-boost|p1a: Archaludon|spa|1
|-anim|p1a: Archaludon|Electro Shot|p2a: Sneasler
|-damage|p2a: Sneasler|0 fnt
|faint|p2a: Sneasler
|move|p1b: Venusaur|Giga Drain|p2b: Swampert
|-supereffective|p2b: Swampert|2
|-damage|p2b: Swampert|0 fnt
|-heal|p1b: Venusaur|46/100|[from] drain|[of] p2b: Swampert
|faint|p2b: Swampert
|
|win|TheOneAndOnlyChat
||TheOneAndOnlyChat is ready for game 3.
|inactive|importarcade has 30 seconds to confirm battle start!
||importarcade is ready for game 3.
|uhtml|next|Next: Game 3 of 3
|l|☆TheOneAndOnlyChat
|player|p1|
