|j|Ōśåkokonuthasabignut
|j|Ōśågodku7
|html|kokonuthasabignutgodku7    
|uhtml|bestof|Game 1 of a best-of-3
|t:|1784010597
|gametype|doubles
|player|p1|kokonuthasabignut|unknown|
|player|p2|godku7|2|
|gen|9
|tier|[Gen 9 Champions] VGC 2026 Reg M-B (Bo3)
|rule|Species Clause: Limit one of each Pok├®mon
|rule|Item Clause: Limit 1 of each item
|clearpoke
|poke|p1|Camerupt, L50, F|
|poke|p1|Farigiraf, L50, M|
|poke|p1|Torkoal, L50, F|
|poke|p1|Vileplume, L50, M|
|poke|p1|Garchomp, L50, M|
|poke|p1|Sneasler, L50, F|
|poke|p2|Espathra, L50, M|
|poke|p2|Floette-Eternal, L50, F|
|poke|p2|Farigiraf, L50, M, shiny|
|poke|p2|Aegislash, L50, M, shiny|
|poke|p2|Aerodactyl, L50, F|
|poke|p2|Araquanid, L50, M|
|teampreview|4
|showteam|p1|Camerupt||Cameruptite|SolidRock|AncientPower,HeatWave,EarthPower,Protect|Modest||F|||50|]Farigiraf||SitrusBerry|ArmorTail|TrickRoom,Thunderbolt,TwinBeam,HelpingHand|Relaxed||M|||50|]Torkoal||Charcoal|Drought|Eruption,HeatWave,SolarBeam,Protect|Modest||F|||50|]Vileplume||FocusSash|Chlorophyll|AfterYou,SleepPowder,Protect,SludgeBomb|Bold||M|||50|]Garchomp||Garchompite|RoughSkin|StompingTantrum,Protect,RockSlide,DragonClaw|Jolly||M|||50|]Sneasler||WhiteHerb|Unburden|Protect,CloseCombat,DireClaw,FakeOut|Adamant||F|||50|
|showteam|p2|Espathra||FocusSash|SpeedBoost|CalmMind,BatonPass,LuminaCrash,Protect|Bold||M|||50|]Floette-Eternal||Floettite|FlowerVeil|DrainingKiss,DazzlingGleam,LightofRuin,Protect|Timid||F|||50|]Farigiraf||ColburBerry|ArmorTail|LightScreen,HyperVoice,TrickRoom,Protect|Sassy||M|||50|]Aegislash||SitrusBerry|StanceChange|KingsShield,Poltergeist,SacredSword,CloseCombat|Sassy||M|||50|]Aerodactyl||LumBerry|RockHead|Tailwind,RockSlide,WideGuard,Protect|Jolly||F|||50|]Araquanid||LifeOrb|WaterBubble|Waterfall,SkitterSmack,Protect,MirrorCoat|Sassy||M|||50|
|c|Ōśågodku7|good luck broski
|c|Ōśågodku7|have fun
|c|Ōśåkokonuthasabignut|Hehe I dogshi with this team
|
|t:|1784010657
|teamsize|p1|4
|teamsize|p2|4
|start
|switch|p1a: Farigiraf|Farigiraf, L50, M|100/100
|switch|p1b: Sneasler|Sneasler, L50, F|100/100
|switch|p2a: Aerodactyl|Aerodactyl, L50, F|100/100
|switch|p2b: wun fih|Farigiraf, L50, M, shiny|100/100
|turn|1
|c|Ōśågodku7|i just need to beat someone with it to feel better about myself
|
|t:|1784010676
|switch|p2a: Bubble Bug|Araquanid, L50, M|100/100
|move|p1b: Sneasler|Close Combat|p2a: Bubble Bug
|-resisted|p2a: Bubble Bug|1
|-damage|p2a: Bubble Bug|64/100
|-unboost|p1b: Sneasler|def|1
|-unboost|p1b: Sneasler|spd|1
|-enditem|p1b: Sneasler|White Herb
|-clearnegativeboost|p1b: Sneasler|[silent]
|move|p2b: wun fih|Light Screen|p2b: wun fih
|-sidestart|p2: godku7|move: Light Screen
|move|p1a: Farigiraf|Thunderbolt|p2a: Bubble Bug
|-supereffective|p2a: Bubble Bug|1
|-damage|p2a: Bubble Bug|46/100
|
|upkeep
|turn|2
|c|Ōśåkokonuthasabignut|dam this shit is tanky
|
|t:|1784010713
|switch|p2b: Aerodactyl|Aerodactyl, L50, F|100/100
|move|p2a: Bubble Bug|Protect|p2a: Bubble Bug
|-singleturn|p2a: Bubble Bug|Protect
|move|p1b: Sneasler|Dire Claw|p2a: Bubble Bug
|-activate|p2a: Bubble Bug|move: Protect
|move|p1a: Farigiraf|Thunderbolt|p2a: Bubble Bug
|-activate|p2a: Bubble Bug|move: Protect
|
|upkeep
|turn|3
|c|Ōśågodku7|no bad language11!!!1!!1 wahhh
|
|t:|1784010732
|switch|p2a: wun fih|Farigiraf, L50, M, shiny|100/100
|move|p1b: Sneasler|Dire Claw|p2a: wun fih
|-damage|p2a: wun fih|57/100
|move|p2b: Aerodactyl|Rock Slide|p1a: Farigiraf|[spread] p1a,p1b
|-resisted|p1b: Sneasler|1
|-damage|p1a: Farigiraf|84/100
|-damage|p1b: Sneasler|82/100
|cant|p1a: Farigiraf|flinch
|
|upkeep
|turn|4
|c|Ōśåkokonuthasabignut|Eh that flinch was good for me
|
|t:|1784010759
|switch|p2b: Bubble Bug|Araquanid, L50, M|46/100
|move|p1b: Sneasler|Close Combat|p2a: wun fih
|-crit|p2a: wun fih
|-damage|p2a: wun fih|0 fnt
|-unboost|p1b: Sneasler|def|1
|-unboost|p1b: Sneasler|spd|1
|faint|p2a: wun fih
|move|p1a: Farigiraf|Thunderbolt|p2b: Bubble Bug
|-supereffective|p2b: Bubble Bug|1
|-damage|p2b: Bubble Bug|27/100
|
|upkeep
|c|Ōśågodku7|aw
|
|t:|1784010770
|switch|p2a: LIMU EMUUUU!!!|Espathra, L50, M|100/100
|turn|5
|c|Ōśåkokonuthasabignut|That was guaranteed
|
|t:|1784010786
|move|p2b: Bubble Bug|Protect|p2b: Bubble Bug
|-singleturn|p2b: Bubble Bug|Protect
|move|p1b: Sneasler|Dire Claw|p2b: Bubble Bug
|-activate|p2b: Bubble Bug|move: Protect
|move|p2a: LIMU EMUUUU!!!|Calm Mind|p2a: LIMU EMUUUU!!!
|-boost|p2a: LIMU EMUUUU!!!|spa|1
|-boost|p2a: LIMU EMUUUU!!!|spd|1
|move|p1a: Farigiraf|Trick Room|p1a: Farigiraf
|-fieldstart|move: Trick Room|[of] p1a: Farigiraf
|
|-sideend|p2: godku7|move: Light Screen
|-ability|p2a: LIMU EMUUUU!!!|Speed Boost|boost
|-boost|p2a: LIMU EMUUUU!!!|spe|1
|upkeep
|turn|6
|c|Ōśågodku7|i wonder who had rhe most wonder
|
|t:|1784010810
|move|p2b: Bubble Bug|Skitter Smack|p1a: Farigiraf
|-supereffective|p1a: Farigiraf|1
|-damage|p1a: Farigiraf|45/100
|-unboost|p1a: Farigiraf|spa|1
|-enditem|p1a: Farigiraf|Sitrus Berry|[eat]
|-heal|p1a: Farigiraf|70/100|[from] item: Sitrus Berry
|-damage|p2b: Bubble Bug|17/100|[from] item: Life Orb
|move|p1a: Farigiraf|Thunderbolt|p2b: Bubble Bug
|-supereffective|p2b: Bubble Bug|1
|-damage|p2b: Bubble Bug|1/100
|move|p2a: LIMU EMUUUU!!!|Lumina Crash|p1b: Sneasler
|-supereffective|p1b: Sneasler|2
|-damage|p1b: Sneasler|0 fnt
|faint|p1b: Sneasler
|
|-ability|p2a: LIMU EMUUUU!!!|Speed Boost|boost
|-boost|p2a: LIMU EMUUUU!!!|spe|1
|upkeep
|c|Ōśågodku7|nonexistent focus sash once more
|
|t:|1784010828
|switch|p1b: Torkoal|Torkoal, L50, F|100/100
|-weather|SunnyDay|[from] ability: Drought|[of] p1b: Torkoal
|turn|7
|
|t:|1784010841
|switch|p2a: Aerodactyl|Aerodactyl, L50, F|100/100
|move|p1a: Farigiraf|Helping Hand|p1b: Torkoal
|-singleturn|p1b: Torkoal|Helping Hand|[of] p1a: Farigiraf
|move|p2b: Bubble Bug|Protect|p2b: Bubble Bug
|-singleturn|p2b: Bubble Bug|Protect
|move|p1b: Torkoal|Eruption|p2a: Aerodactyl|[spread] p2a
|-activate|p2b: Bubble Bug|move: Protect
|-resisted|p2a: Aerodactyl|1
|-damage|p2a: Aerodactyl|29/100
|
|-weather|SunnyDay|[upkeep]
|upkeep
|turn|8
|c|Ōśåkokonuthasabignut|Exactly
|
|t:|1784010869
|move|p2a: Aerodactyl|Wide Guard|p2a: Aerodactyl
|-singleturn|p2a: Aerodactyl|Wide Guard
|move|p1b: Torkoal|Solar Beam||[still]
|-prepare|p1b: Torkoal|Solar Beam
|-anim|p1b: Torkoal|Solar Beam|p2a: Aerodactyl
|-damage|p2a: Aerodactyl|0 fnt
|faint|p2a: Aerodactyl
|move|p2b: Bubble Bug|Waterfall|p1b: Torkoal
|-supereffective|p1b: Torkoal|1
|-damage|p1b: Torkoal|55/100
|-damage|p2b: Bubble Bug|0 fnt|[from] item: Life Orb
|faint|p2b: Bubble Bug
|move|p1a: Farigiraf|Thunderbolt|p2: Aerodactyl|[notarget]
|-fail|p1a: Farigiraf
|
|-weather|SunnyDay|[upkeep]
|upkeep
|c|Ōśågodku7|yeah you got me
|c|Ōśåkokonuthasabignut|Hehe the die
|c|Ōśåkokonuthasabignut|Wide guard
|c|Ōśåkokonuthasabignut|was so obvious
|
|t:|1784010894
|switch|p2a: LIMU EMUUUU!!!|Espathra, L50, M|100/100
|turn|9
|c|Ōśågodku7|the beam of light!!!
|
|t:|1784010904
|move|p1a: Farigiraf|Helping Hand|p1b: Torkoal
|-singleturn|p1b: Torkoal|Helping Hand|[of] p1a: Farigiraf
|move|p1b: Torkoal|Heat Wave|p2a: LIMU EMUUUU!!!
|-enditem|p2a: LIMU EMUUUU!!!|Focus Sash
|-damage|p2a: LIMU EMUUUU!!!|1/100
|-status|p2a: LIMU EMUUUU!!!|brn
|move|p2a: LIMU EMUUUU!!!|Lumina Crash|p1b: Torkoal
|-damage|p1b: Torkoal|18/100
|-unboost|p1b: Torkoal|spd|2
|
|-weather|SunnyDay|[upkeep]
|-damage|p2a: LIMU EMUUUU!!!|0 fnt|[from] brn
|faint|p2a: LIMU EMUUUU!!!
|
|win|kokonuthasabignut
||godku7 is ready for game 2.
|inactive|kokonuthasabignut has 30 seconds to confirm battle start!
|c|Ōśåkokonuthasabignut|Gg
|c|Ōśågodku7|just had to burn
|c|Ōśågodku7|but gg
|inactive|kokonuthasabignut has 20 seconds to confirm battle start!
||kokonuthasabignut is ready for game 2.
|uhtml|next|Next: Game 2 of 3
|l|Ōśåkokonuthasabignut
|player|p1|
