|j|☆tnasty_2012
|j|☆baggead
|html|tnasty_2012baggead    
|uhtml|bestof|Game 2 of a best-of-3
|t:|1784905454
|gametype|doubles
|player|p1|tnasty_2012|265|
|player|p2|baggead|102|
|gen|9
|tier|[Gen 9 Champions] VGC 2026 Reg M-B (Bo3)
|rule|Species Clause: Limit one of each Pokémon
|rule|Item Clause: Limit 1 of each item
|clearpoke
|poke|p1|Krookodile, L50, F, shiny|
|poke|p1|Victreebel, L50, F, shiny|
|poke|p1|Meowstic, L50, M, shiny|
|poke|p1|Staraptor, L50, F, shiny|
|poke|p1|Kommo-o, L50, M, shiny|
|poke|p1|Snorlax, L50, M, shiny|
|poke|p2|Mawile, L50, M|
|poke|p2|Scizor, L50, M|
|poke|p2|Blastoise, L50, F|
|poke|p2|Raichu-Alola, L50, F|
|poke|p2|Farigiraf, L50, F|
|poke|p2|Runerigus, L50, M|
|teampreview|4
|showteam|p1|Krookodile||ChoiceScarf|Intimidate|Earthquake,Taunt,DragonTail,RockSlide|Adamant||F|||50|]Victreebel||FocusSash|Chlorophyll|GigaDrain,WeatherBall,SunnyDay,SludgeBomb|Timid||F|||50|]Meowstic||Meowsticite|Prankster|FakeOut,PsychicNoise,Protect,SunnyDay|Hasty||M|||50|]Staraptor||Staraptite|Intimidate|CloseCombat,Roost,BraveBird,DoubleEdge|Jolly||F|||50|]Kommo-o||LifeOrb|Overcoat|ClangingScales,ClangorousSoul,AuraSphere,Boomburst|Modest||M|||50|]Snorlax||SitrusBerry|Gluttony|Crunch,Earthquake,FirePunch,Curse|Brave||M|||50|
|showteam|p2|Mawile||Mawilite|HyperCutter|PlayRough,SuckerPunch,KnockOff,Protect|Adamant||M|||50|]Scizor||SitrusBerry|Technician|BulletPunch,KnockOff,SwordsDance,Protect|Adamant||M|||50|]Blastoise||Blastoisinite|Torrent|FakeOut,IronDefense,DarkPulse,IceBeam|Quiet||F|||50|]Raichu-Alola||FocusSash|SurgeSurfer|FakeOut,Electroweb,Psychic,Nuzzle|Hasty||F|||50|]Farigiraf||MentalHerb|ArmorTail|Psychic,PsychUp,TrickRoom,Protect|Relaxed||F|||50|]Runerigus||ColburBerry|WanderingSpirit|BodyPress,WillOWisp,TrickRoom,Protect|Impish||M|||50|
|inactive|Battle timer is ON: inactive players will automatically lose when time's up. (requested by baggead)
|inactiveoff|Battle timer is now OFF.
|
|t:|1784905494
|teamsize|p1|4
|teamsize|p2|4
|start
|switch|p1a: Avrail|Staraptor, L50, F, shiny|100/100
|switch|p1b: Maximus|Meowstic, L50, M, shiny|100/100
|switch|p2a: Farigiraf|Farigiraf, L50, F|100/100
|switch|p2b: Blastoise|Blastoise, L50, F|100/100
|-ability|p1a: Avrail|Intimidate|boost
|-unboost|p2a: Farigiraf|atk|1
|-unboost|p2b: Blastoise|atk|1
|turn|1
|
|t:|1784905514
|detailschange|p1a: Avrail|Staraptor-Mega, L50, F, shiny
|-mega|p1a: Avrail|Staraptor|Staraptite
|detailschange|p2b: Blastoise|Blastoise-Mega, L50, F
|-mega|p2b: Blastoise|Blastoise|Blastoisinite
|move|p1b: Maximus|Fake Out||[still]
|cant|p2a: Farigiraf|ability: Armor Tail|Fake Out|[of] p1b: Maximus
|move|p2b: Blastoise|Fake Out|p1a: Avrail
|-damage|p1a: Avrail|92/100
|cant|p1a: Avrail|flinch
|move|p2a: Farigiraf|Trick Room|p2a: Farigiraf
|-fieldstart|move: Trick Room|[of] p2a: Farigiraf
|
|upkeep
|turn|2
|
|t:|1784905533
|switch|p1a: Nom Nom|Snorlax, L50, M, shiny|100/100
|move|p1b: Maximus|Protect|p1b: Maximus
|-singleturn|p1b: Maximus|Protect
|move|p2a: Farigiraf|Psychic|p1a: Nom Nom
|-damage|p1a: Nom Nom|77/100
|move|p2b: Blastoise|Ice Beam|p1a: Nom Nom
|-damage|p1a: Nom Nom|54/100
|
|upkeep
|turn|3
|
|t:|1784905564
|switch|p2a: Runerigus|Runerigus, L50, M|100/100
|move|p1a: Nom Nom|Crunch|p2a: Runerigus
|-supereffective|p2a: Runerigus|1
|-enditem|p2a: Runerigus|Colbur Berry|[eat]
|-enditem|p2a: Runerigus|Colbur Berry|[weaken]
|-damage|p2a: Runerigus|81/100
|-activate|p1a: Nom Nom|Skill Swap|Wandering Spirit|Gluttony|[of] p2a: Runerigus
|move|p2b: Blastoise|Iron Defense|p2b: Blastoise
|-boost|p2b: Blastoise|def|2
|move|p1b: Maximus|Psychic Noise|p2b: Blastoise
|-damage|p2b: Blastoise|80/100
|-start|p2b: Blastoise|move: Heal Block
|
|upkeep
|turn|4
|
|t:|1784905602
|switch|p1a: Avrail|Staraptor-Mega, L50, F, shiny|92/100
|move|p2a: Runerigus|Will-O-Wisp|p1a: Avrail
|-status|p1a: Avrail|brn
|move|p2b: Blastoise|Dark Pulse|p1b: Maximus
|-supereffective|p1b: Maximus|1
|-damage|p1b: Maximus|0 fnt
|faint|p1b: Maximus
|
|-damage|p1a: Avrail|86/100 brn|[from] brn
|-end|p2b: Blastoise|move: Heal Block
|upkeep
|
|t:|1784905620
|switch|p1b: Khan|Kommo-o, L50, M, shiny|100/100
|turn|5
|
|t:|1784905632
|move|p2a: Runerigus|Body Press|p1b: Khan
|-damage|p1b: Khan|70/100
|move|p2b: Blastoise|Ice Beam|p1b: Khan
|-supereffective|p1b: Khan|1
|-damage|p1b: Khan|0 fnt
|faint|p1b: Khan
|move|p1a: Avrail|Close Combat|p2b: Blastoise
|-damage|p2b: Blastoise|66/100
|-boost|p1a: Avrail|def|1
|-boost|p1a: Avrail|spd|1
|
|-damage|p1a: Avrail|80/100 brn|[from] brn
|-fieldend|move: Trick Room
|upkeep
|
|t:|1784905645
|switch|p1b: Nom Nom|Snorlax, L50, M, shiny|54/100
|turn|6
|
|t:|1784905654
|move|p1a: Avrail|Close Combat|p2b: Blastoise
|-damage|p2b: Blastoise|51/100
|-boost|p1a: Avrail|def|1
|-boost|p1a: Avrail|spd|1
|move|p2b: Blastoise|Ice Beam|p1a: Avrail
|-supereffective|p1a: Avrail|1
|-damage|p1a: Avrail|38/100 brn
|move|p2a: Runerigus|Will-O-Wisp|p1b: Nom Nom
|-status|p1b: Nom Nom|brn
|move|p1b: Nom Nom|Curse|p1b: Nom Nom
|-unboost|p1b: Nom Nom|spe|1
|-boost|p1b: Nom Nom|atk|1
|-boost|p1b: Nom Nom|def|1
|
|-damage|p1a: Avrail|32/100 brn|[from] brn
|-damage|p1b: Nom Nom|48/100 brn|[from] brn
|upkeep
|-enditem|p1b: Nom Nom|Sitrus Berry|[eat]
|-heal|p1b: Nom Nom|73/100 brn|[from] item: Sitrus Berry
|turn|7
|
|t:|1784905678
|move|p1a: Avrail|Roost|p1a: Avrail
|-heal|p1a: Avrail|82/100 brn
|-singleturn|p1a: Avrail|move: Roost
|move|p2b: Blastoise|Iron Defense|p2b: Blastoise
|-boost|p2b: Blastoise|def|2
|move|p2a: Runerigus|Body Press|p1b: Nom Nom
|-supereffective|p1b: Nom Nom|1
|-damage|p1b: Nom Nom|28/100 brn
|move|p1b: Nom Nom|Crunch|p2a: Runerigus
|-supereffective|p2a: Runerigus|1
|-damage|p2a: Runerigus|58/100
|
|-damage|p1a: Avrail|75/100 brn|[from] brn
|-damage|p1b: Nom Nom|22/100 brn|[from] brn
|upkeep
|turn|8
|
|t:|1784905697
|move|p1a: Avrail|Brave Bird|p2a: Runerigus
|-damage|p2a: Runerigus|39/100
|-damage|p1a: Avrail|69/100 brn|[from] Recoil
|move|p2b: Blastoise|Ice Beam|p1a: Avrail
|-supereffective|p1a: Avrail|1
|-damage|p1a: Avrail|25/100 brn
|move|p2a: Runerigus|Body Press|p1b: Nom Nom
|-supereffective|p1b: Nom Nom|1
|-damage|p1b: Nom Nom|0 fnt
|faint|p1b: Nom Nom
|
|-damage|p1a: Avrail|19/100 brn|[from] brn
|upkeep
|turn|9
|
|t:|1784905710
|move|p1a: Avrail|Roost|p1a: Avrail
|-heal|p1a: Avrail|69/100 brn
|-singleturn|p1a: Avrail|move: Roost
|move|p2b: Blastoise|Ice Beam|p1a: Avrail
|-damage|p1a: Avrail|48/100 brn
|move|p2a: Runerigus|Body Press|p1a: Avrail
|-damage|p1a: Avrail|29/100 brn
|
|-damage|p1a: Avrail|23/100 brn|[from] brn
|upkeep
|turn|10
|
|t:|1784905720
|move|p1a: Avrail|Roost|p1a: Avrail
|-heal|p1a: Avrail|73/100 brn
|-singleturn|p1a: Avrail|move: Roost
|move|p2b: Blastoise|Ice Beam|p1a: Avrail
|-damage|p1a: Avrail|52/100 brn
|move|p2a: Runerigus|Trick Room|p2a: Runerigus
|-fieldstart|move: Trick Room|[of] p2a: Runerigus
|
|-damage|p1a: Avrail|46/100 brn|[from] brn
|upkeep
|turn|11
|
|t:|1784905732
|move|p2a: Runerigus|Body Press|p1a: Avrail
|-resisted|p1a: Avrail|1
|-damage|p1a: Avrail|37/100 brn
|move|p2b: Blastoise|Ice Beam|p1a: Avrail
|-supereffective|p1a: Avrail|1
|-damage|p1a: Avrail|0 fnt
|faint|p1a: Avrail
|
|win|baggead
|c|☆tnasty_2012|gg
|c|☆baggead|gg
