|j|☆x-demon18
|j|☆Mauricio0609!
|html|x-demon18Mauricio0609!    
|uhtml|bestof|Game 1 of a best-of-3
|t:|1785170075
|gametype|doubles
|player|p1|x-demon18|pokefan-gen4|1109
|player|p2|Mauricio0609!|1|1071
|gen|9
|tier|[Gen 9 Champions] VGC 2026 Reg M-B (Bo3)
|rated|
|rule|Species Clause: Limit one of each Pokémon
|rule|Item Clause: Limit 1 of each item
|clearpoke
|poke|p1|Incineroar, L50, F|
|poke|p1|Rotom-Wash, L50|
|poke|p1|Venusaur, L50, F|
|poke|p1|Corviknight, L50, M|
|poke|p1|Sylveon, L50, F|
|poke|p1|Garchomp, L50, M|
|poke|p2|Kingambit, L50, F|
|poke|p2|Aerodactyl, L50, M|
|poke|p2|Sylveon, L50, F|
|poke|p2|Garchomp, L50, F|
|poke|p2|Charizard, L50, F|
|poke|p2|Incineroar, L50, F|
|teampreview|4
|showteam|p1|Incineroar||ExpertBelt|Intimidate|FakeOut,TemperFlare,ThroatChop,PartingShot|Adamant||F|||50|]Rotom-Wash||RindoBerry|Levitate|HydroPump,Electroweb,WillOWisp,VoltSwitch|Modest|||||50|]Venusaur||Venusaurite|Chlorophyll|GigaDrain,SludgeBomb,EarthPower,Protect|Modest||F|||50|]Corviknight||OccaBerry|MirrorArmor|Tailwind,DualWingbeat,IronHead,BodyPress|Adamant||M|||50|]Sylveon||FairyFeather|Pixilate|HyperVoice,QuickAttack,Yawn,Detect|Modest||F|||50|]Garchomp||LifeOrb|RoughSkin|RockSlide,DragonClaw,StompingTantrum,Protect|Jolly||M|||50|
|showteam|p2|Kingambit||FocusSash|Defiant|KowtowCleave,IronHead,Protect,SuckerPunch|Adamant||F|||50|]Aerodactyl||Aerodactylite|Unnerve|RockSlide,IceFang,WideGuard,Tailwind|Jolly||M|||50|]Sylveon||FairyFeather|Pixilate|HyperVoice,HyperBeam,Detect,QuickAttack|Modest||F|||50|]Garchomp||LifeOrb|RoughSkin|Earthquake,StompingTantrum,Protect,DragonClaw|Jolly||F|||50|]Charizard||CharizarditeY|Blaze|HeatWave,WeatherBall,Protect,SolarBeam|Modest||F|||50|]Incineroar||SitrusBerry|Intimidate|FakeOut,PartingShot,ThroatChop,FlareBlitz|Serious||F|||50|
|j| UI Rain
|inactive|Battle timer is ON: inactive players will automatically lose when time's up. (requested by Mauricio0609!)
|
|t:|1785170108
|teamsize|p1|4
|teamsize|p2|4
|start
|switch|p1a: Griffith|Corviknight, L50, M|100/100
|switch|p1b: HydroVolt|Rotom-Wash, L50|100/100
|switch|p2a: Charizard|Charizard, L50, F|100/100
|switch|p2b: Aerodactyl|Aerodactyl, L50, M|100/100
|-ability|p2b: Aerodactyl|Unnerve
|turn|1
|inactive|Mauricio0609! has 30 seconds left.
|inactive|x-demon18 has 30 seconds left.
|inactive|Mauricio0609! has 20 seconds left.
|
|t:|1785170146
|detailschange|p2a: Charizard|Charizard-Mega-Y, L50, F
|-mega|p2a: Charizard|Charizard|Charizardite Y
|-weather|SunnyDay|[from] ability: Drought|[of] p2a: Charizard
|move|p2b: Aerodactyl|Rock Slide|p1b: HydroVolt|[spread] p1a,p1b
|-damage|p1a: Griffith|82/100
|-damage|p1b: HydroVolt|76/100
|move|p2a: Charizard|Solar Beam||[still]
|-prepare|p2a: Charizard|Solar Beam
|-anim|p2a: Charizard|Solar Beam|p1b: HydroVolt
|-supereffective|p1b: HydroVolt|1
|-damage|p1b: HydroVolt|0 fnt
|faint|p1b: HydroVolt
|move|p1a: Griffith|Iron Head|p2b: Aerodactyl
|-supereffective|p2b: Aerodactyl|1
|-crit|p2b: Aerodactyl
|-damage|p2b: Aerodactyl|0 fnt
|faint|p2b: Aerodactyl
|
|-weather|SunnyDay|[upkeep]
|upkeep
|
|t:|1785170166
|switch|p2b: Kingambit|Kingambit, L50, F|100/100
|switch|p1b: Berserk|Garchomp, L50, M|100/100
|turn|2
|inactive|Mauricio0609! has 30 seconds left.
|inactive|Mauricio0609! has 20 seconds left.
|inactive|Mauricio0609! has 15 seconds left.
|
|t:|1785170208
|move|p1b: Berserk|Protect|p1b: Berserk
|-singleturn|p1b: Berserk|Protect
|move|p2a: Charizard|Weather Ball|p1a: Griffith
|-supereffective|p1a: Griffith|1
|-enditem|p1a: Griffith|Occa Berry|[eat]
|-enditem|p1a: Griffith|Occa Berry|[weaken]
|-damage|p1a: Griffith|7/100
|move|p2b: Kingambit|Kowtow Cleave|p1b: Berserk
|-activate|p1b: Berserk|move: Protect
|move|p1a: Griffith|Tailwind|p1a: Griffith
|-sidestart|p1: x-demon18|move: Tailwind
|
|-weather|SunnyDay|[upkeep]
|upkeep
|turn|3
|inactive|Mauricio0609! has 30 seconds left.
|
|t:|1785170233
|move|p2a: Charizard|Protect|p2a: Charizard
|-singleturn|p2a: Charizard|Protect
|move|p1b: Berserk|Rock Slide|p2a: Charizard|[spread] p2b
|-activate|p2a: Charizard|move: Protect
|-resisted|p2b: Kingambit|1
|-damage|p2b: Kingambit|90/100
|-damage|p1b: Berserk|90/100|[from] item: Life Orb
|move|p1a: Griffith|Body Press|p2b: Kingambit
|-supereffective|p2b: Kingambit|2
|-damage|p2b: Kingambit|30/100
|cant|p2b: Kingambit|flinch
|
|-weather|SunnyDay|[upkeep]
|upkeep
|turn|4
|
|t:|1785170255
|move|p2b: Kingambit|Sucker Punch|p1a: Griffith
|-damage|p1a: Griffith|0 fnt
|faint|p1a: Griffith
|move|p1b: Berserk|Rock Slide|p2b: Kingambit|[spread] p2a,p2b
|-supereffective|p2a: Charizard|2
|-resisted|p2b: Kingambit|1
|-damage|p2a: Charizard|0 fnt
|-damage|p2b: Kingambit|21/100
|faint|p2a: Charizard
|-damage|p1b: Berserk|80/100|[from] item: Life Orb
|
|-weather|SunnyDay|[upkeep]
|upkeep
|
|t:|1785170267
|switch|p2a: Garchomp|Garchomp, L50, F|100/100
|switch|p1a: Yggdrasil|Venusaur, L50, F|100/100
|turn|5
|
|t:|1785170278
|detailschange|p1a: Yggdrasil|Venusaur-Mega, L50, F
|-mega|p1a: Yggdrasil|Venusaur|Venusaurite
|move|p1b: Berserk|Protect|p1b: Berserk
|-singleturn|p1b: Berserk|Protect
|move|p2a: Garchomp|Protect|p2a: Garchomp
|-singleturn|p2a: Garchomp|Protect
|move|p2b: Kingambit|Protect|p2b: Kingambit
|-singleturn|p2b: Kingambit|Protect
|move|p1a: Yggdrasil|Earth Power|p2b: Kingambit
|-activate|p2b: Kingambit|move: Protect
|
|-weather|none
|-sideend|p1: x-demon18|move: Tailwind
|upkeep
|turn|6
|inactive|Mauricio0609! has 30 seconds left.
|
|t:|1785170308
|move|p2b: Kingambit|Sucker Punch|p1a: Yggdrasil
|-damage|p1a: Yggdrasil|67/100
|move|p2a: Garchomp|Dragon Claw|p1b: Berserk
|-supereffective|p1b: Berserk|1
|-damage|p1b: Berserk|0 fnt
|-damage|p2a: Garchomp|87/100|[from] ability: Rough Skin|[of] p1b: Berserk
|faint|p1b: Berserk
|-damage|p2a: Garchomp|78/100|[from] item: Life Orb
|move|p1a: Yggdrasil|Earth Power|p2b: Kingambit
|-supereffective|p2b: Kingambit|1
|-damage|p2b: Kingambit|0 fnt
|faint|p2b: Kingambit
|
|upkeep
|turn|7
|
|t:|1785170326
|move|p2a: Garchomp|Stomping Tantrum|p1a: Yggdrasil
|-damage|p1a: Yggdrasil|27/100
|-damage|p2a: Garchomp|68/100|[from] item: Life Orb
|move|p1a: Yggdrasil|Giga Drain|p2a: Garchomp
|-damage|p2a: Garchomp|26/100
|-heal|p1a: Yggdrasil|48/100|[from] drain|[of] p2a: Garchomp
|
|upkeep
|turn|8
|
|t:|1785170338
|move|p2a: Garchomp|Dragon Claw|p1a: Yggdrasil
|-damage|p1a: Yggdrasil|5/100
|-damage|p2a: Garchomp|16/100|[from] item: Life Orb
|move|p1a: Yggdrasil|Giga Drain|p2a: Garchomp
|-damage|p2a: Garchomp|0 fnt
|-heal|p1a: Yggdrasil|14/100|[from] drain|[of] p2a: Garchomp
|faint|p2a: Garchomp
|
|win|x-demon18
|inactive|x-demon18 has 30 seconds to confirm battle start!
|inactive|Mauricio0609! has 30 seconds to confirm battle start!
