|j|☆urii.166
|j|☆GS Barnabe
|html|urii.166GS Barnabe    
|uhtml|bestof|Game 1 of a best-of-3
|t:|1785954569
|gametype|doubles
|player|p1|urii.166|265|1041
|player|p2|GS Barnabe|1|1179
|gen|9
|tier|[Gen 9 Champions] VGC 2026 Reg M-B (Bo3)
|rated|
|rule|Species Clause: Limit one of each Pokémon
|rule|Item Clause: Limit 1 of each item
|clearpoke
|poke|p1|Swampert, L50, F|
|poke|p1|Grimmsnarl, L50, M|
|poke|p1|Pelipper, L50, F|
|poke|p1|Archaludon, L50, F|
|poke|p1|Sinistcha, L50|
|poke|p1|Metagross, L50|
|poke|p2|Clefable, L50, M|
|poke|p2|Tyranitar, L50, F|
|poke|p2|Garchomp, L50, M|
|poke|p2|Gholdengo, L50|
|poke|p2|Rotom-Wash, L50|
|poke|p2|Aerodactyl, L50, M|
|teampreview|4
|showteam|p1|Swampert||Swampertite|Damp|Protect,IcePunch,WaveCrash,Earthquake|Adamant||F|||50|]Grimmsnarl||LightClay|Prankster|FoulPlay,PartingShot,Reflect,LightScreen|Calm||M|||50|]Pelipper||SitrusBerry|Drizzle|Hurricane,Protect,WideGuard,WeatherBall|Modest||F|||50|]Archaludon||Leftovers|Stamina|Protect,ElectroShot,DragonPulse,FlashCannon|Modest||F|||50|]Sinistcha||CobaBerry|Hospitality|Protect,TrickRoom,MatchaGotcha,RagePowder|Relaxed|||||50|]Metagross||Metagrossite|ClearBody|Protect,BodyPress,PsychicFangs,IronHead|Jolly|||||50|
|showteam|p2|Clefable||SitrusBerry|Unaware|Moonblast,FollowMe,HealPulse,Protect|Bold||M|||50|]Tyranitar||ChoiceScarf|SandStream|RockSlide,KnockOff,IcePunch,Superpower|Jolly||F|||50|]Garchomp||Garchompite|SandVeil|DracoMeteor,EarthPower,PowerGem,Protect|Modest||M|||50|]Gholdengo||LifeOrb|GoodasGold|MakeItRain,ShadowBall,NastyPlot,Protect|Modest|||||50|]Rotom-Wash||Leftovers|Levitate|HydroPump,VoltSwitch,WillOWisp,Protect|Calm|||||50|]Aerodactyl||Aerodactylite|RockHead|RockSlide,DualWingbeat,Tailwind,Protect|Jolly||M|||50|
|inactive|Battle timer is ON: inactive players will automatically lose when time's up. (requested by urii.166)
|
|t:|1785954615
|teamsize|p1|4
|teamsize|p2|4
|start
|switch|p1a: Grimmsnarl|Grimmsnarl, L50, M|100/100
|switch|p1b: Swampert|Swampert, L50, F|100/100
|switch|p2a: Gholdengo|Gholdengo, L50|100/100
|switch|p2b: Rotom|Rotom-Wash, L50|100/100
|turn|1
|inactive|urii.166 has 30 seconds left.
|
|t:|1785954642
|detailschange|p1b: Swampert|Swampert-Mega, L50, F
|-mega|p1b: Swampert|Swampert|Swampertite
|move|p1a: Grimmsnarl|Light Screen|p1a: Grimmsnarl
|-sidestart|p1: urii.166|move: Light Screen
|move|p2b: Rotom|Will-O-Wisp|p1b: Swampert
|-status|p1b: Swampert|brn
|move|p2a: Gholdengo|Make It Rain|p1b: Swampert|[spread] p1a,p1b
|-supereffective|p1a: Grimmsnarl|1
|-resisted|p1b: Swampert|1
|-damage|p1a: Grimmsnarl|30/100
|-damage|p1b: Swampert|83/100 brn
|-unboost|p2a: Gholdengo|spa|2
|-damage|p2a: Gholdengo|90/100|[from] item: Life Orb
|move|p1b: Swampert|Earthquake|p2a: Gholdengo|[spread] p1a,p2a
|-immune|p2b: Rotom|[from] ability: Levitate
|-supereffective|p2a: Gholdengo|1
|-damage|p1a: Grimmsnarl|8/100
|-damage|p2a: Gholdengo|52/100
|
|-damage|p1b: Swampert|77/100 brn|[from] brn
|upkeep
|turn|2
|inactive|GS Barnabe has 30 seconds left.
|inactive|GS Barnabe has 20 seconds left.
|inactive|GS Barnabe has 15 seconds left.
|inactive|GS Barnabe has 10 seconds left.
|inactive|GS Barnabe has 5 seconds left.
|
|t:|1785954693
|switch|p1b: Pelipper|Pelipper, L50, F|100/100
|-weather|RainDance|[from] ability: Drizzle|[of] p1b: Pelipper
|move|p2a: Gholdengo|Protect|p2a: Gholdengo
|-singleturn|p2a: Gholdengo|Protect
|move|p1a: Grimmsnarl|Reflect|p1a: Grimmsnarl
|-sidestart|p1: urii.166|Reflect
|move|p2b: Rotom|Volt Switch|p1a: Grimmsnarl
|-damage|p1a: Grimmsnarl|0 fnt
|faint|p1a: Grimmsnarl
|
|t:|1785954706
|switch|p2b: Tyranitar|Tyranitar, L50, F|100/100|[from] Volt Switch
|-weather|Sandstorm|[from] ability: Sand Stream|[of] p2b: Tyranitar
|
|-weather|Sandstorm|[upkeep]
|-damage|p1b: Pelipper|94/100|[from] Sandstorm
|upkeep
|
|t:|1785954715
|switch|p1a: Archaludon|Archaludon, L50, F|100/100
|turn|3
|
|t:|1785954740
|switch|p2a: Garchomp|Garchomp, L50, M|100/100
|switch|p1b: Swampert|Swampert-Mega, L50, F|77/100 brn
|move|p2b: Tyranitar|Knock Off|p1b: Swampert
|-damage|p1b: Swampert|56/100 brn
|move|p1a: Archaludon|Flash Cannon|p2b: Tyranitar
|-supereffective|p2b: Tyranitar|1
|-damage|p2b: Tyranitar|52/100
|-unboost|p2b: Tyranitar|spd|1
|
|-weather|Sandstorm|[upkeep]
|-damage|p1b: Swampert|50/100g brn|[from] brn
|upkeep
|turn|4
|
|t:|1785954758
|switch|p2b: Rotom|Rotom-Wash, L50|100/100
|detailschange|p2a: Garchomp|Garchomp-Mega, L50, M
|-mega|p2a: Garchomp|Garchomp|Garchompite
|move|p2a: Garchomp|Earth Power|p1b: Swampert
|-damage|p1b: Swampert|15/100 brn
|move|p1a: Archaludon|Dragon Pulse|p2a: Garchomp
|-supereffective|p2a: Garchomp|1
|-damage|p2a: Garchomp|22/100
|move|p1b: Swampert|Wave Crash|p2a: Garchomp
|-damage|p2a: Garchomp|0 fnt
|faint|p2a: Garchomp
|-damage|p1b: Swampert|8/100 brn|[from] Recoil
|
|-weather|Sandstorm|[upkeep]
|-damage|p2b: Rotom|94/100|[from] Sandstorm
|-heal|p2b: Rotom|100/100|[from] item: Leftovers
|-damage|p1b: Swampert|2/100 brn|[from] brn
|upkeep
|
|t:|1785954782
|switch|p2a: Gholdengo|Gholdengo, L50|52/100
|turn|5
|
|t:|1785954793
|move|p2a: Gholdengo|Protect|p2a: Gholdengo
|-singleturn|p2a: Gholdengo|Protect
|move|p2b: Rotom|Will-O-Wisp|p1a: Archaludon|[miss]
|-miss|p2b: Rotom|p1a: Archaludon
|move|p1a: Archaludon|Dragon Pulse|p2b: Rotom
|-damage|p2b: Rotom|64/100
|move|p1b: Swampert|Wave Crash|p2a: Gholdengo
|-activate|p2a: Gholdengo|move: Protect
|
|-weather|Sandstorm|[upkeep]
|-damage|p2b: Rotom|58/100|[from] Sandstorm
|-heal|p2b: Rotom|64/100|[from] item: Leftovers
|-damage|p1b: Swampert|0 fnt|[from] brn
|faint|p1b: Swampert
|upkeep
|
|t:|1785954803
|switch|p1b: Pelipper|Pelipper, L50, F|94/100
|-weather|RainDance|[from] ability: Drizzle|[of] p1b: Pelipper
|turn|6
|
|t:|1785954827
|move|p1b: Pelipper|Protect|p1b: Pelipper
|-singleturn|p1b: Pelipper|Protect
|move|p2b: Rotom|Volt Switch|p1b: Pelipper
|-activate|p1b: Pelipper|move: Protect
|move|p2a: Gholdengo|Nasty Plot|p2a: Gholdengo
|-boost|p2a: Gholdengo|spa|2
|move|p1a: Archaludon|Electro Shot||[still]
|-prepare|p1a: Archaludon|Electro Shot
|-boost|p1a: Archaludon|spa|1
|-anim|p1a: Archaludon|Electro Shot|p2a: Gholdengo
|-damage|p2a: Gholdengo|0 fnt
|faint|p2a: Gholdengo
|
|-weather|RainDance|[upkeep]
|-heal|p2b: Rotom|70/100|[from] item: Leftovers
|upkeep
|
|t:|1785954845
|switch|p2a: Tyranitar|Tyranitar, L50, F|52/100
|-weather|Sandstorm|[from] ability: Sand Stream|[of] p2a: Tyranitar
|turn|7
|
|t:|1785954858
|move|p2a: Tyranitar|Superpower|p1a: Archaludon
|-supereffective|p1a: Archaludon|1
|-damage|p1a: Archaludon|60/100
|-unboost|p2a: Tyranitar|atk|1
|-unboost|p2a: Tyranitar|def|1
|-ability|p1a: Archaludon|Stamina|boost
|-boost|p1a: Archaludon|def|1
|move|p2b: Rotom|Volt Switch|p1b: Pelipper
|-supereffective|p1b: Pelipper|2
|-damage|p1b: Pelipper|17/100
|-enditem|p1b: Pelipper|Sitrus Berry|[eat]
|-heal|p1b: Pelipper|41/100|[from] item: Sitrus Berry
|move|p1a: Archaludon|Flash Cannon|p2a: Tyranitar
|-supereffective|p2a: Tyranitar|1
|-damage|p2a: Tyranitar|0 fnt
|faint|p2a: Tyranitar
|move|p1b: Pelipper|Weather Ball|p2b: Rotom
|-damage|p2b: Rotom|47/100
|
|-weather|Sandstorm|[upkeep]
|-damage|p2b: Rotom|41/100|[from] Sandstorm
|-damage|p1b: Pelipper|35/100|[from] Sandstorm
|-heal|p2b: Rotom|47/100|[from] item: Leftovers
|-heal|p1a: Archaludon|67/100|[from] item: Leftovers
|upkeep
|turn|8
|
|t:|1785954876
|move|p2b: Rotom|Volt Switch|p1b: Pelipper
|-supereffective|p1b: Pelipper|2
|-damage|p1b: Pelipper|0 fnt
|faint|p1b: Pelipper
|move|p1a: Archaludon|Dragon Pulse|p2b: Rotom
|-damage|p2b: Rotom|0 fnt
|faint|p2b: Rotom
|
|win|urii.166
