|j|☆Tractie
|j|☆beeetch
|html|Tractiebeeetch    
|uhtml|bestof|Game 3 of a best-of-3
|t:|1756674441
|gametype|doubles
|player|p1|Tractie|170|1246
|player|p2|beeetch|beauty-gen4dp|1272
|gen|9
|tier|[Gen 9] VGC 2025 Reg H (Bo3)
|rated|
|rule|Species Clause: Limit one of each Pokémon
|rule|Item Clause: Limit 1 of each item
|clearpoke
|poke|p1|Gothitelle, L50, F|
|poke|p1|Dondozo, L50, M|
|poke|p1|Kingambit, L50, M|
|poke|p1|Rillaboom, L50, F|
|poke|p1|Incineroar, L50, M|
|poke|p1|Dragapult, L50, M|
|poke|p2|Toedscruel, L50, F|
|poke|p2|Weezing-Galar, L50, F|
|poke|p2|Corviknight, L50, F|
|poke|p2|Pawmot, L50, F|
|poke|p2|Garchomp, L50, F|
|poke|p2|Typhlosion-Hisui, L50, F|
|teampreview|4
|showteam|p1|Gothitelle||SitrusBerry|ShadowTag|FakeOut,Psychic,TrickRoom,Protect|||F|||50|,,,,,Water]Dondozo||Leftovers|Unaware|WaveCrash,BodyPress,Yawn,Protect|||M|||50|,,,,,Electric]Kingambit||BlackGlasses|Defiant|SuckerPunch,KowtowCleave,SwordsDance,Protect|||M|||50|,,,,,Dark]Rillaboom||ChoiceBand|GrassySurge|WoodHammer,GrassyGlide,HighHorsepower,Uturn|||F|||50|,,,,,Ghost]Incineroar||SafetyGoggles|Intimidate|FakeOut,FlareBlitz,KnockOff,PartingShot|||M|||50|,,,,,Ghost]Dragapult||LifeOrb|ClearBody|ShadowBall,DracoMeteor,TeraBlast,Protect|||M|||50|,,,,,Fairy
|showteam|p2|Toedscruel||CovertCloak|MyceliumMight|Spore,EarthPower,AcidSpray,RagePowder|||F|||50|,,,,,Water]Weezing-Galar||ChoiceSpecs|NeutralizingGas|DazzlingGleam,SludgeBomb,StrangeSteam,Flamethrower|||F|||50|,,,,,Fire]Corviknight||SitrusBerry|MirrorArmor|Protect,Tailwind,Roost,BraveBird|||F|||50|,,,,,Dragon]Pawmot||FocusSash|NaturalCure|Protect,CloseCombat,DoubleShock,FakeOut|||F|||50|,,,,,Electric]Garchomp||LifeOrb|RoughSkin|Protect,Earthquake,DragonClaw,StompingTantrum|||F|||50|,,,,,Ground]Typhlosion-Hisui||ChoiceScarf|Blaze|Eruption,SleepTalk,HeatWave,ShadowBall|||F|||50|,,,,,Fire
|inactive|Battle timer is ON: inactive players will automatically lose when time's up. (requested by Tractie)
|inactive|Tractie has 60 seconds left.
|
|t:|1756674498
|teamsize|p1|4
|teamsize|p2|4
|start
|switch|p1a: Dondozo|Dondozo, L50, M|100/100
|switch|p1b: Dragapult|Dragapult, L50, M|100/100
|switch|p2a: Weezing|Weezing-Galar, L50, F|100/100
|switch|p2b: Pawmot|Pawmot, L50, F|100/100
|-ability|p2a: Weezing|Neutralizing Gas
|turn|1
|inactive|Tractie has 30 seconds left.
|inactive|Tractie has 20 seconds left.
|inactive|Tractie has 15 seconds left.
|inactive|Tractie has 10 seconds left.
|
|t:|1756674544
|-terastallize|p2b: Pawmot|Electric
|-terastallize|p1a: Dondozo|Electric
|move|p1b: Dragapult|Protect|p1b: Dragapult
|-singleturn|p1b: Dragapult|Protect
|move|p2b: Pawmot|Double Shock|p1a: Dondozo
|-resisted|p1a: Dondozo
|-damage|p1a: Dondozo|77/100
|-start|p2b: Pawmot|typechange|Electric|[from] move: Double Shock
|move|p2a: Weezing|Dazzling Gleam|p1b: Dragapult|[spread] p1a
|-activate|p1b: Dragapult|move: Protect
|-damage|p1a: Dondozo|55/100
|move|p1a: Dondozo|Wave Crash|p2a: Weezing
|-damage|p2a: Weezing|63/100
|-damage|p1a: Dondozo|47/100|[from] Recoil
|
|-heal|p1a: Dondozo|53/100|[from] item: Leftovers
|upkeep
|turn|2
|
|t:|1756674565
|move|p1b: Dragapult|Shadow Ball|p2a: Weezing
|-damage|p2a: Weezing|0 fnt
|faint|p2a: Weezing
|-end|p2a: Weezing|ability: Neutralizing Gas
|-damage|p1b: Dragapult|91/100|[from] item: Life Orb
|move|p2b: Pawmot|Double Shock|p1b: Dragapult
|-resisted|p1b: Dragapult
|-damage|p1b: Dragapult|39/100
|-start|p2b: Pawmot|typechange|Electric|[from] move: Double Shock
|move|p1a: Dondozo|Body Press|p2b: Pawmot
|-damage|p2b: Pawmot|69/100
|
|-heal|p1a: Dondozo|60/100|[from] item: Leftovers
|upkeep
|
|t:|1756674570
|switch|p2a: Typhlosion|Typhlosion-Hisui, L50, F|100/100
|turn|3
|
|t:|1756674589
|switch|p1a: Incineroar|Incineroar, L50, M|100/100
|-ability|p1a: Incineroar|Intimidate|boost
|-unboost|p2a: Typhlosion|atk|1
|-unboost|p2b: Pawmot|atk|1
|move|p1b: Dragapult|Protect|p1b: Dragapult
|-singleturn|p1b: Dragapult|Protect
|move|p2a: Typhlosion|Eruption|p1b: Dragapult|[spread] p1a
|-activate|p1b: Dragapult|move: Protect
|-resisted|p1a: Incineroar
|-damage|p1a: Incineroar|77/100
|move|p2b: Pawmot|Close Combat|p1a: Incineroar
|-supereffective|p1a: Incineroar
|-damage|p1a: Incineroar|0 fnt
|-unboost|p2b: Pawmot|def|1
|-unboost|p2b: Pawmot|spd|1
|faint|p1a: Incineroar
|
|upkeep
|
|t:|1756674613
|switch|p1a: Rillaboom|Rillaboom, L50, F|100/100
|-fieldstart|move: Grassy Terrain|[from] ability: Grassy Surge|[of] p1a: Rillaboom
|turn|4
|inactive|Tractie has 30 seconds left.
|
|t:|1756674645
|switch|p2b: Corviknight|Corviknight, L50, F|100/100
|move|p1a: Rillaboom|Grassy Glide|p2a: Typhlosion
|-resisted|p2a: Typhlosion
|-damage|p2a: Typhlosion|64/100
|move|p2a: Typhlosion|Eruption|p1b: Dragapult|[spread] p1a,p1b
|-supereffective|p1a: Rillaboom
|-resisted|p1b: Dragapult
|-damage|p1a: Rillaboom|0 fnt
|-damage|p1b: Dragapult|11/100
|faint|p1a: Rillaboom
|move|p1b: Dragapult|Shadow Ball|p2b: Corviknight
|-damage|p2b: Corviknight|60/100
|-damage|p1b: Dragapult|2/100|[from] item: Life Orb
|
|-heal|p2a: Typhlosion|70/100|[from] Grassy Terrain
|-heal|p1b: Dragapult|8/100|[from] Grassy Terrain
|upkeep
|
|t:|1756674661
|switch|p1a: Dondozo|Dondozo, L50, M, tera:Electric|60/100
|turn|5
|
|t:|1756674668
|move|p1b: Dragapult|Protect|p1b: Dragapult
|-singleturn|p1b: Dragapult|Protect
|move|p2a: Typhlosion|Eruption|p1b: Dragapult|[spread] p1a
|-activate|p1b: Dragapult|move: Protect
|-damage|p1a: Dondozo|30/100
|move|p2b: Corviknight|Tailwind|p2b: Corviknight
|-sidestart|p2: beeetch|move: Tailwind
|move|p1a: Dondozo|Wave Crash|p2a: Typhlosion
|-supereffective|p2a: Typhlosion
|-damage|p2a: Typhlosion|0 fnt
|faint|p2a: Typhlosion
|-damage|p1a: Dondozo|17/100|[from] Recoil
|
|-heal|p1b: Dragapult|14/100|[from] Grassy Terrain
|-heal|p1a: Dondozo|23/100|[from] Grassy Terrain
|-heal|p1a: Dondozo|29/100|[from] item: Leftovers
|upkeep
|
|t:|1756674681
|switch|p2a: Pawmot|Pawmot, L50, F, tera:Electric|69/100
|turn|6
|
|t:|1756674690
|move|p1b: Dragapult|Protect||[still]
|-fail|p1b: Dragapult
|move|p2a: Pawmot|Fake Out|p1a: Dondozo
|-damage|p1a: Dondozo|22/100
|move|p2b: Corviknight|Brave Bird|p1b: Dragapult
|-damage|p1b: Dragapult|0 fnt
|faint|p1b: Dragapult
|-damage|p2b: Corviknight|57/100|[from] Recoil
|cant|p1a: Dondozo|flinch
|
|-heal|p2a: Pawmot|75/100|[from] Grassy Terrain
|-heal|p1a: Dondozo|28/100|[from] Grassy Terrain
|-heal|p1a: Dondozo|34/100|[from] item: Leftovers
|upkeep
|turn|7
|
|t:|1756674702
|move|p1a: Dondozo|Protect|p1a: Dondozo
|-singleturn|p1a: Dondozo|Protect
|move|p2a: Pawmot|Close Combat|p1a: Dondozo
|-activate|p1a: Dondozo|move: Protect
|move|p2b: Corviknight|Brave Bird|p1a: Dondozo
|-activate|p1a: Dondozo|move: Protect
|
|-heal|p2a: Pawmot|81/100|[from] Grassy Terrain
|-heal|p1a: Dondozo|41/100|[from] Grassy Terrain
|-heal|p1a: Dondozo|47/100|[from] item: Leftovers
|upkeep
|turn|8
|
|t:|1756674714
|move|p2a: Pawmot|Close Combat|p1a: Dondozo
|-damage|p1a: Dondozo|11/100
|-unboost|p2a: Pawmot|def|1
|-unboost|p2a: Pawmot|spd|1
|move|p2b: Corviknight|Brave Bird|p1a: Dondozo
|-resisted|p1a: Dondozo
|-damage|p1a: Dondozo|0 fnt
|faint|p1a: Dondozo
|-damage|p2b: Corviknight|52/100|[from] Recoil
|
|win|beeetch
|raw|Tractie's rating: 1246 → 1223(-23 for losing)
|raw|beeetch's rating: 1272 → 1295(+23 for winning)
