|j|☆oyarzalinho
|j|☆la cabra1
|html|oyarzalinhola cabra1    
|uhtml|bestof|Game 3 of a best-of-3
|t:|1783095572
|gametype|doubles
|player|p1|oyarzalinho|grimsley|1259
|player|p2|la cabra1|volkner|1324
|gen|9
|tier|[Gen 9 Champions] VGC 2026 Reg M-B (Bo3)
|rated|
|rule|Species Clause: Limit one of each Pokémon
|rule|Item Clause: Limit 1 of each item
|clearpoke
|poke|p1|Incineroar, L50, M, shiny|
|poke|p1|Kingambit, L50, M|
|poke|p1|Sinistcha, L50|
|poke|p1|Sneasler, L50, M|
|poke|p1|Floette-Eternal, L50, F|
|poke|p1|Delphox, L50, M|
|poke|p2|Aerodactyl, L50, M|
|poke|p2|Garchomp, L50, F|
|poke|p2|Kingambit, L50, F|
|poke|p2|Charizard, L50, M|
|poke|p2|Sylveon, L50, F|
|poke|p2|Farigiraf, L50, M|
|teampreview|4
|showteam|p1|Incineroar||SitrusBerry|Intimidate|FakeOut,FlareBlitz,DarkestLariat,PartingShot|Careful||M|||50|]Kingambit||BlackGlasses|Defiant|KowtowCleave,SuckerPunch,SwordsDance,Protect|Adamant||M|||50|]Sinistcha||KasibBerry|Hospitality|MatchaGotcha,RagePowder,TrickRoom,Protect|Calm|||||50|]Sneasler||FocusSash|PoisonTouch|FakeOut,CloseCombat,DireClaw,QuickGuard|Jolly||M|||50|]Floette-Eternal||Floettite|FlowerVeil|Moonblast,DazzlingGleam,CalmMind,Protect|Timid||F|||50|]Delphox||Delphoxite|Blaze|HeatWave,Psyshock,NastyPlot,Protect|Timid||M|||50|
|showteam|p2|Aerodactyl||Aerodactylite|Unnerve|IceFang,RockSlide,Tailwind,DualWingbeat|Jolly||M|||50|]Garchomp||LifeOrb|RoughSkin|DragonClaw,StompingTantrum,Earthquake,Protect|Jolly||F|||50|]Kingambit||FocusSash|Defiant|SuckerPunch,KowtowCleave,IronHead,LowKick|Adamant||F|||50|]Charizard||CharizarditeY|SolarPower|Protect,HeatWave,SolarBeam,WeatherBall|Modest||M|||50|]Sylveon||FairyFeather|Pixilate|Protect,HyperVoice,HyperBeam,QuickAttack|Modest||F|||50|]Farigiraf||SitrusBerry|ArmorTail|TrickRoom,Thunderbolt,Psychic,Roar|Bold||M|||50|
|inactive|Battle timer is ON: inactive players will automatically lose when time's up. (requested by oyarzalinho)
|inactive|oyarzalinho has 60 seconds left.
|inactive|la cabra1 has 60 seconds left.
|inactive|oyarzalinho has 30 seconds left.
|inactive|la cabra1 has 30 seconds left.
|
|t:|1783095641
|teamsize|p1|4
|teamsize|p2|4
|start
|switch|p1a: David Samford|Sinistcha, L50|100/100
|switch|p1b: Héctor Helio|Sneasler, L50, M|100/100
|switch|p2a: Aerodactyl|Aerodactyl, L50, M|100/100
|switch|p2b: Kingambit|Kingambit, L50, F|100/100
|-ability|p2a: Aerodactyl|Unnerve
|turn|1
|
|t:|1783095662
|switch|p2b: Farigiraf|Farigiraf, L50, M|100/100
|detailschange|p2a: Aerodactyl|Aerodactyl-Mega, L50, M
|-mega|p2a: Aerodactyl|Aerodactyl|Aerodactylite
|move|p1a: David Samford|Rage Powder|p1a: David Samford
|-singleturn|p1a: David Samford|move: Rage Powder
|move|p2a: Aerodactyl|Dual Wingbeat|p1a: David Samford
|-supereffective|p1a: David Samford|1
|-damage|p1a: David Samford|52/100
|-supereffective|p1a: David Samford|1
|-damage|p1a: David Samford|7/100
|-hitcount|p1a: David Samford|2
|move|p1b: Héctor Helio|Close Combat|p2b: Farigiraf
|-damage|p2b: Farigiraf|55/100
|-unboost|p1b: Héctor Helio|def|1
|-unboost|p1b: Héctor Helio|spd|1
|
|upkeep
|turn|2
|
|t:|1783095682
|switch|p1a: Aiden Frost|Incineroar, L50, M, shiny|100/100
|-ability|p1a: Aiden Frost|Intimidate|boost
|-unboost|p2a: Aerodactyl|atk|1
|-unboost|p2b: Farigiraf|atk|1
|move|p2a: Aerodactyl|Rock Slide|p1a: Aiden Frost|[spread] p1a,p1b
|-supereffective|p1a: Aiden Frost|1
|-resisted|p1b: Héctor Helio|1
|-damage|p1a: Aiden Frost|72/100
|-damage|p1b: Héctor Helio|76/100
|move|p1b: Héctor Helio|Dire Claw|p2a: Aerodactyl
|-resisted|p2a: Aerodactyl|1
|-damage|p2a: Aerodactyl|76/100
|-status|p2a: Aerodactyl|psn
|move|p2b: Farigiraf|Psychic|p1b: Héctor Helio
|-supereffective|p1b: Héctor Helio|2
|-damage|p1b: Héctor Helio|0 fnt
|faint|p1b: Héctor Helio
|
|-damage|p2a: Aerodactyl|63/100 psn|[from] psn
|upkeep
|
|t:|1783095699
|switch|p1b: David Samford|Sinistcha, L50|7/100
|-heal|p1a: Aiden Frost|97/100|[from] ability: Hospitality|[of] p1b: David Samford
|turn|3
|
|t:|1783095715
|switch|p1b: Jude Sharp|Delphox, L50, M|100/100
|move|p2a: Aerodactyl|Rock Slide|p1b: Jude Sharp|[spread] p1a
|-miss|p2a: Aerodactyl|p1b: Jude Sharp
|-supereffective|p1a: Aiden Frost|1
|-damage|p1a: Aiden Frost|70/100
|move|p1a: Aiden Frost|Darkest Lariat|p2b: Farigiraf
|-supereffective|p2b: Farigiraf|1
|-damage|p2b: Farigiraf|1/100
|-enditem|p2b: Farigiraf|Sitrus Berry|[eat]
|-heal|p2b: Farigiraf|25/100|[from] item: Sitrus Berry
|move|p2b: Farigiraf|Trick Room|p2b: Farigiraf
|-fieldstart|move: Trick Room|[of] p2b: Farigiraf
|
|-damage|p2a: Aerodactyl|51/100 psn|[from] psn
|upkeep
|turn|4
|inactive|oyarzalinho has 30 seconds left.
|inactive|oyarzalinho has 20 seconds left.
|inactive|la cabra1 has 30 seconds left.
|inactive|oyarzalinho has 15 seconds left.
|inactive|oyarzalinho has 10 seconds left.
|
|t:|1783095760
|detailschange|p1b: Jude Sharp|Delphox-Mega, L50, M
|-mega|p1b: Jude Sharp|Delphox|Delphoxite
|move|p2b: Farigiraf|Psychic|p1a: Aiden Frost
|-immune|p1a: Aiden Frost
|move|p1a: Aiden Frost|Darkest Lariat|p2b: Farigiraf
|-supereffective|p2b: Farigiraf|1
|-damage|p2b: Farigiraf|0 fnt
|faint|p2b: Farigiraf
|move|p1b: Jude Sharp|Psyshock|p2a: Aerodactyl
|-damage|p2a: Aerodactyl|3/100 psn
|move|p2a: Aerodactyl|Rock Slide|p1a: Aiden Frost|[spread] p1a,p1b
|-supereffective|p1a: Aiden Frost|1
|-supereffective|p1b: Jude Sharp|1
|-damage|p1a: Aiden Frost|43/100
|-damage|p1b: Jude Sharp|56/100
|-enditem|p1a: Aiden Frost|Sitrus Berry|[eat]
|-heal|p1a: Aiden Frost|68/100|[from] item: Sitrus Berry
|
|-damage|p2a: Aerodactyl|0 fnt|[from] psn
|faint|p2a: Aerodactyl
|upkeep
|
|t:|1783095764
|switch|p2b: Kingambit|Kingambit, L50, F|100/100
|switch|p2a: Sylveon|Sylveon, L50, F|100/100
|turn|5
|
|t:|1783095780
|switch|p1a: David Samford|Sinistcha, L50|7/100
|-heal|p1b: Jude Sharp|81/100|[from] ability: Hospitality|[of] p1a: David Samford
|move|p1b: Jude Sharp|Protect|p1b: Jude Sharp
|-singleturn|p1b: Jude Sharp|Protect
|move|p2a: Sylveon|Hyper Voice|p1a: David Samford|[spread] p1a
|-activate|p1b: Jude Sharp|move: Protect
|-damage|p1a: David Samford|0 fnt
|faint|p1a: David Samford
|move|p2b: Kingambit|Low Kick|p1b: Jude Sharp
|-activate|p1b: Jude Sharp|move: Protect
|
|upkeep
|
|t:|1783095800
|switch|p1a: Aiden Frost|Incineroar, L50, M, shiny|68/100
|-ability|p1a: Aiden Frost|Intimidate|boost
|-unboost|p2a: Sylveon|atk|1
|-unboost|p2b: Kingambit|atk|1
|-ability|p2b: Kingambit|Defiant|boost
|-boost|p2b: Kingambit|atk|2
|turn|6
|
|t:|1783095815
|move|p1a: Aiden Frost|Flare Blitz|p2b: Kingambit
|-supereffective|p2b: Kingambit|1
|-damage|p2b: Kingambit|11/100
|-status|p2b: Kingambit|brn
|-damage|p1a: Aiden Frost|42/100|[from] Recoil
|move|p2a: Sylveon|Hyper Beam|p1a: Aiden Frost
|-damage|p1a: Aiden Frost|0 fnt
|-mustrecharge|p2a: Sylveon
|faint|p1a: Aiden Frost
|move|p2b: Kingambit|Kowtow Cleave|p1b: Jude Sharp
|-supereffective|p1b: Jude Sharp|1
|-damage|p1b: Jude Sharp|3/100
|move|p1b: Jude Sharp|Heat Wave|p2a: Sylveon|[spread] p2a,p2b
|-supereffective|p2b: Kingambit|1
|-damage|p2a: Sylveon|72/100
|-damage|p2b: Kingambit|0 fnt
|faint|p2b: Kingambit
|
|upkeep
|turn|7
|
|t:|1783095833
|cant|p2a: Sylveon|recharge
|move|p1b: Jude Sharp|Psyshock|p2a: Sylveon
|-damage|p2a: Sylveon|29/100
|
|-fieldend|move: Trick Room
|upkeep
|turn|8
|
|t:|1783095851
|move|p1b: Jude Sharp|Protect|p1b: Jude Sharp
|-singleturn|p1b: Jude Sharp|Protect
|move|p2a: Sylveon|Quick Attack|p1b: Jude Sharp
|-activate|p1b: Jude Sharp|move: Protect
|
|upkeep
|turn|9
|c|☆oyarzalinho|gg
|
|t:|1783095859
|move|p2a: Sylveon|Quick Attack|p1b: Jude Sharp
|-resisted|p1b: Jude Sharp|1
|-damage|p1b: Jude Sharp|0 fnt
|faint|p1b: Jude Sharp
|
|win|la cabra1
|raw|oyarzalinho's rating: 1259 → 1239(-20 for losing)
|raw|la cabra1's rating: 1324 → 1340(+16 for winning)
|c|☆la cabra1|gg
