|j|☆wendigofleshboy
|j|☆toughlogvgc
|html|wendigofleshboytoughlogvgc    
|uhtml|bestof|Game 3 of a best-of-3
|t:|1783789007
|gametype|doubles
|player|p1|wendigofleshboy|170|1067
|player|p2|toughlogvgc|2|1152
|gen|9
|tier|[Gen 9 Champions] VGC 2026 Reg M-B (Bo3)
|rated|
|rule|Species Clause: Limit one of each Pokémon
|rule|Item Clause: Limit 1 of each item
|clearpoke
|poke|p1|Archaludon, L50, F|
|poke|p1|Pelipper, L50, M|
|poke|p1|Sableye, L50, M|
|poke|p1|Swampert, L50, M|
|poke|p1|Mawile, L50, F|
|poke|p1|Tinkaton, L50, F|
|poke|p2|Charizard, L50, M|
|poke|p2|Garchomp, L50, M|
|poke|p2|Basculegion, L50, M|
|poke|p2|Whimsicott, L50, F|
|poke|p2|Kingambit, L50, F|
|poke|p2|Floette-Eternal, L50, F|
|teampreview|4
|showteam|p1|Archaludon||Leftovers|Stamina|ElectroShot,DragonPulse,FlashCannon,Protect|Modest||F|||50|]Pelipper||FocusSash|Drizzle|WideGuard,WeatherBall,Tailwind,Hurricane|Modest||M|||50|]Sableye||RoseliBerry|Prankster|Encore,WillOWisp,RainDance,Quash|Calm||M|||50|]Swampert||Swampertite|Torrent|WaveCrash,IcePunch,HighHorsepower,Protect|Adamant||M|||50|]Mawile||Mawilite|Intimidate|SuckerPunch,Protect,PlayRough,IronHead|Brave||F|||50|]Tinkaton||ShucaBerry|MoldBreaker|FakeOut,GigatonHammer,Feint,PlayRough|Jolly||F|||50|
|showteam|p2|Charizard||CharizarditeY|Blaze|HeatWave,SolarBeam,Protect,WeatherBall|Modest||M|||50|]Garchomp||LifeOrb|RoughSkin|DragonClaw,Earthquake,RockSlide,Protect|Jolly||M|||50|]Basculegion||ChoiceScarf|Adaptability|WaveCrash,AquaJet,FlipTurn,LastRespects|Adamant||M|||50|]Whimsicott||FocusSash|Prankster|Moonblast,Tailwind,Protect,Encore|Timid||F|||50|]Kingambit||BlackGlasses|Defiant|IronHead,KowtowCleave,Protect,SuckerPunch|Adamant||F|||50|]Floette-Eternal||Floettite|FlowerVeil|Moonblast,LightofRuin,DazzlingGleam,Protect|Modest||F|||50|
|
|t:|1783789049
|teamsize|p1|4
|teamsize|p2|4
|start
|switch|p1a: Archaludon|Archaludon, L50, F|100/100
|switch|p1b: Sableye|Sableye, L50, M|100/100
|switch|p2a: Whimsicott|Whimsicott, L50, F|100/100
|switch|p2b: Floette|Floette-Eternal, L50, F|100/100
|turn|1
|
|t:|1783789082
|detailschange|p2b: Floette|Floette-Mega, L50, F
|-mega|p2b: Floette|Floette|Floettite
|-ability|p2b: Floette|Fairy Aura
|move|p1b: Sableye|Quash|p2b: Floette
|-activate|p2b: Floette|move: Quash
|move|p2a: Whimsicott|Moonblast|p1a: Archaludon
|-damage|p1a: Archaludon|52/100
|-ability|p1a: Archaludon|Stamina|boost
|-boost|p1a: Archaludon|def|1
|move|p1a: Archaludon|Flash Cannon|p2b: Floette
|-supereffective|p2b: Floette|1
|-damage|p2b: Floette|30/100
|move|p2b: Floette|Moonblast|p1a: Archaludon
|-damage|p1a: Archaludon|0 fnt
|faint|p1a: Archaludon
|
|upkeep
|
|t:|1783789106
|switch|p1a: Pelipper|Pelipper, L50, M|100/100
|-weather|RainDance|[from] ability: Drizzle|[of] p1a: Pelipper
|turn|2
|
|t:|1783789127
|move|p2a: Whimsicott|Tailwind|p2a: Whimsicott
|-sidestart|p2: toughlogvgc|move: Tailwind
|move|p1b: Sableye|Quash|p2b: Floette
|-activate|p2b: Floette|move: Quash
|move|p1a: Pelipper|Hurricane|p2a: Whimsicott
|-supereffective|p2a: Whimsicott|1
|-enditem|p2a: Whimsicott|Focus Sash
|-damage|p2a: Whimsicott|1/100
|-start|p2a: Whimsicott|confusion
|move|p2b: Floette|Dazzling Gleam|p1b: Sableye|[spread] p1a,p1b
|-supereffective|p1b: Sableye|1
|-enditem|p1b: Sableye|Roseli Berry|[eat]
|-enditem|p1b: Sableye|Roseli Berry|[weaken]
|-damage|p1a: Pelipper|20/100r
|-damage|p1b: Sableye|51/100
|
|-weather|RainDance|[upkeep]
|upkeep
|turn|3
|
|t:|1783789159
|move|p1a: Pelipper|Wide Guard|p1a: Pelipper
|-singleturn|p1a: Pelipper|Wide Guard
|move|p1b: Sableye|Encore|p2a: Whimsicott
|-start|p2a: Whimsicott|Encore
|-activate|p2a: Whimsicott|confusion
|move|p2a: Whimsicott|Tailwind||[still]
|-fail|p2a: Whimsicott
|move|p2b: Floette|Dazzling Gleam|p1b: Sableye|[spread] 
|-activate|p1a: Pelipper|move: Wide Guard
|-activate|p1b: Sableye|move: Wide Guard
|
|-weather|RainDance|[upkeep]
|upkeep
|turn|4
|
|t:|1783789187
|switch|p2a: Kingambit|Kingambit, L50, F|100/100
|move|p1a: Pelipper|Wide Guard|p1a: Pelipper
|-singleturn|p1a: Pelipper|Wide Guard
|move|p1b: Sableye|Encore|p2b: Floette
|-start|p2b: Floette|Encore
|move|p2b: Floette|Dazzling Gleam|p1a: Pelipper|[spread] 
|-activate|p1a: Pelipper|move: Wide Guard
|-activate|p1b: Sableye|move: Wide Guard
|
|-weather|RainDance|[upkeep]
|upkeep
|turn|5
|
|t:|1783789201
|move|p1a: Pelipper|Wide Guard|p1a: Pelipper
|-singleturn|p1a: Pelipper|Wide Guard
|move|p1b: Sableye|Will-O-Wisp|p2a: Kingambit
|-hint|Since gen 7, Dark is immune to Prankster moves.
|-immune|p2a: Kingambit
|move|p2b: Floette|Dazzling Gleam|p1b: Sableye|[spread] 
|-activate|p1a: Pelipper|move: Wide Guard
|-activate|p1b: Sableye|move: Wide Guard
|move|p2a: Kingambit|Kowtow Cleave|p1a: Pelipper
|-damage|p1a: Pelipper|0 fnt
|faint|p1a: Pelipper
|
|-weather|RainDance|[upkeep]
|-sideend|p2: toughlogvgc|move: Tailwind
|upkeep
|
|t:|1783789208
|switch|p1a: Swampert|Swampert, L50, M|100/100
|turn|6
|
|t:|1783789227
|detailschange|p1a: Swampert|Swampert-Mega, L50, M
|-mega|p1a: Swampert|Swampert|Swampertite
|move|p2a: Kingambit|Protect|p2a: Kingambit
|-singleturn|p2a: Kingambit|Protect
|move|p1b: Sableye|Quash|p2b: Floette
|-activate|p2b: Floette|move: Quash
|move|p1a: Swampert|Ice Punch|p2b: Floette
|-damage|p2b: Floette|0 fnt
|faint|p2b: Floette
|
|-weather|none
|upkeep
|
|t:|1783789237
|switch|p2b: Garchomp|Garchomp, L50, M|100/100
|turn|7
|
|t:|1783789253
|move|p2b: Garchomp|Protect|p2b: Garchomp
|-singleturn|p2b: Garchomp|Protect
|move|p1b: Sableye|Rain Dance|p1b: Sableye
|-weather|RainDance
|move|p1a: Swampert|Ice Punch|p2b: Garchomp
|-activate|p2b: Garchomp|move: Protect
|move|p2a: Kingambit|Kowtow Cleave|p1b: Sableye
|-damage|p1b: Sableye|0 fnt
|faint|p1b: Sableye
|
|-weather|RainDance|[upkeep]
|upkeep
|turn|8
|
|t:|1783789288
|move|p2b: Garchomp|Protect|p2b: Garchomp
|-singleturn|p2b: Garchomp|Protect
|move|p1a: Swampert|High Horsepower|p2a: Kingambit
|-supereffective|p2a: Kingambit|1
|-damage|p2a: Kingambit|14/100
|move|p2a: Kingambit|Kowtow Cleave|p1a: Swampert
|-damage|p1a: Swampert|45/100
|
|-weather|RainDance|[upkeep]
|upkeep
|turn|9
|
|t:|1783789322
|move|p1a: Swampert|Ice Punch|p2b: Garchomp
|-supereffective|p2b: Garchomp|2
|-damage|p2b: Garchomp|0 fnt
|-damage|p1a: Swampert|33/100|[from] ability: Rough Skin|[of] p2b: Garchomp
|faint|p2b: Garchomp
|move|p2a: Kingambit|Kowtow Cleave|p1a: Swampert
|-damage|p1a: Swampert|0 fnt
|faint|p1a: Swampert
|
|win|toughlogvgc
|raw|wendigofleshboy's rating: 1067 → 1052(-15 for losing)
|raw|toughlogvgc's rating: 1152 → 1171(+19 for winning)
|l|☆wendigofleshboy
|player|p1|
