|j|☆Bujero A subir
|j|☆Toxic KIng 22
|html|Bujero A subirToxic KIng 22    
|uhtml|bestof|Game 2 of a best-of-3
|t:|1756494427
|gametype|doubles
|player|p1|Bujero A subir|acetrainercouple|1076
|player|p2|Toxic KIng 22|1|1045
|gen|9
|tier|[Gen 9] VGC 2025 Reg H (Bo3)
|rated|
|rule|Species Clause: Limit one of each Pokémon
|rule|Item Clause: Limit 1 of each item
|clearpoke
|poke|p1|Rillaboom, L50, M|
|poke|p1|Kingambit, L50, M|
|poke|p1|Sneasler, L50, M|
|poke|p1|Electabuzz, L50, M|
|poke|p1|Dragonite, L50, M|
|poke|p1|Volcarona, L50, M|
|poke|p2|Whimsicott, L50, F|
|poke|p2|Annihilape, L50, F|
|poke|p2|Archaludon, L50, F|
|poke|p2|Gholdengo, L50|
|poke|p2|Indeedee-F, L50, F|
|poke|p2|Ursaluna, L50, F|
|teampreview|4
|showteam|p1|Rillaboom||AssaultVest|GrassySurge|FakeOut,WoodHammer,HighHorsepower,GrassyGlide|||M|||50|,,,,,Fire]Kingambit||BlackGlasses|Defiant|KowtowCleave,SuckerPunch,SwordsDance,Protect|||M|||50|,,,,,Dark]Sneasler||GrassySeed|Unburden|CloseCombat,DireClaw,Protect,Coaching|||M|||50|,,,,,Stellar]Electabuzz||Eviolite|VitalSpirit|Electroweb,Taunt,FollowMe,Protect|||M|||50|,,,,,Dragon]Dragonite||LoadedDice|Multiscale|ScaleShot,Tailwind,Protect,Haze|||M|||50|,,,,,Fairy]Volcarona||CovertCloak|FlameBody|QuiverDance,TeraBlast,HeatWave,Protect|||M|||50|,,,,,Fairy
|showteam|p2|Whimsicott||CovertCloak|Prankster|BeatUp,Encore,Tailwind,LightScreen|||F|||50|,,,,,Dark]Annihilape||Leftovers|Defiant|DrainPunch,RageFist,BulkUp,Protect|||F|||50|,,,,,Water]Archaludon||AssaultVest|Stamina|BodyPress,ElectroShot,FlashCannon,DracoMeteor|||F|||50|,,,,,Bug]Gholdengo||SitrusBerry|GoodasGold|MakeItRain,ShadowBall,NastyPlot,Protect||||||50|,,,,,Water]Indeedee-F||RockyHelmet|PsychicSurge|FollowMe,HealPulse,TrickRoom,Psychic|||F|||50|,,,,,Fairy]Ursaluna||FlameOrb|Guts|HeadlongRush,Earthquake,Facade,Protect|||F|||50|,,,,,Ghost
|inactive|Battle timer is ON: inactive players will automatically lose when time's up. (requested by Bujero A subir)
|
|t:|1756494438
|teamsize|p1|4
|teamsize|p2|4
|start
|switch|p1a: Volcarona|Volcarona, L50, M|100/100
|switch|p1b: Electabuzz|Electabuzz, L50, M, shiny|100/100
|switch|p2a: Annihilape|Annihilape, L50, F|100/100
|switch|p2b: Whimsicott|Whimsicott, L50, F|100/100
|turn|1
|
|t:|1756494456
|move|p1b: Electabuzz|Follow Me|p1b: Electabuzz
|-singleturn|p1b: Electabuzz|move: Follow Me
|move|p2b: Whimsicott|Light Screen|p2b: Whimsicott
|-sidestart|p2: Toxic KIng 22|move: Light Screen
|move|p2a: Annihilape|Bulk Up|p2a: Annihilape
|-boost|p2a: Annihilape|atk|1
|-boost|p2a: Annihilape|def|1
|move|p1a: Volcarona|Quiver Dance|p1a: Volcarona
|-boost|p1a: Volcarona|spa|1
|-boost|p1a: Volcarona|spd|1
|-boost|p1a: Volcarona|spe|1
|
|upkeep
|turn|2
|inactive|Toxic KIng 22 has 30 seconds left.
|
|t:|1756494481
|move|p2b: Whimsicott|Encore|p1a: Volcarona
|-start|p1a: Volcarona|Encore
|move|p1a: Volcarona|Quiver Dance|p1a: Volcarona
|-boost|p1a: Volcarona|spa|1
|-boost|p1a: Volcarona|spd|1
|-boost|p1a: Volcarona|spe|1
|move|p1b: Electabuzz|Taunt|p2a: Annihilape
|-start|p2a: Annihilape|move: Taunt
|move|p2a: Annihilape|Drain Punch|p1b: Electabuzz
|-damage|p1b: Electabuzz|58/100
|
|upkeep
|turn|3
|
|t:|1756494499
|move|p1a: Volcarona|Quiver Dance|p1a: Volcarona
|-boost|p1a: Volcarona|spa|1
|-boost|p1a: Volcarona|spd|1
|-boost|p1a: Volcarona|spe|1
|move|p1b: Electabuzz|Taunt|p2b: Whimsicott
|-start|p2b: Whimsicott|move: Taunt
|move|p2b: Whimsicott|Beat Up|p2a: Annihilape
|-damage|p2a: Annihilape|99/100
|-damage|p2a: Annihilape|97/100
|-crit|p2a: Annihilape
|-damage|p2a: Annihilape|95/100
|-damage|p2a: Annihilape|93/100
|-hitcount|p2a: Annihilape|4
|move|p2a: Annihilape|Drain Punch|p1b: Electabuzz
|-damage|p1b: Electabuzz|17/100
|-heal|p2a: Annihilape|100/100|[from] drain|[of] p1b: Electabuzz
|
|upkeep
|turn|4
|
|t:|1756494520
|switch|p2b: Indeedee|Indeedee-F, L50, F|100/100
|-fieldstart|move: Psychic Terrain|[from] ability: Psychic Surge|[of] p2b: Indeedee
|move|p1b: Electabuzz|Follow Me|p1b: Electabuzz
|-singleturn|p1b: Electabuzz|move: Follow Me
|move|p1a: Volcarona|Quiver Dance|p1a: Volcarona
|-boost|p1a: Volcarona|spa|1
|-boost|p1a: Volcarona|spd|1
|-boost|p1a: Volcarona|spe|1
|move|p2a: Annihilape|Rage Fist|p1b: Electabuzz
|-damage|p1b: Electabuzz|0 fnt
|faint|p1b: Electabuzz
|
|-end|p2a: Annihilape|move: Taunt
|-end|p1a: Volcarona|Encore
|upkeep
|
|t:|1756494531
|switch|p1b: Rillaboom|Rillaboom, L50, M, shiny|100/100
|-fieldstart|move: Grassy Terrain|[from] ability: Grassy Surge|[of] p1b: Rillaboom
|turn|5
|inactive|Bujero A subir has 30 seconds left.
|inactive|Toxic KIng 22 has 30 seconds left.
|
|t:|1756494557
|switch|p2a: Whimsicott|Whimsicott, L50, F|100/100
|-terastallize|p1a: Volcarona|Fairy
|move|p1b: Rillaboom|Fake Out|p2b: Indeedee
|-damage|p2b: Indeedee|87/100
|-damage|p1b: Rillaboom|84/100|[from] item: Rocky Helmet|[of] p2b: Indeedee
|move|p1a: Volcarona|Tera Blast|p2a: Whimsicott|[anim] Tera Blast Fairy
|-damage|p2a: Whimsicott|4/100
|cant|p2b: Indeedee|flinch
|
|-heal|p2a: Whimsicott|10/100|[from] Grassy Terrain
|-heal|p1b: Rillaboom|90/100|[from] Grassy Terrain
|-heal|p2b: Indeedee|93/100|[from] Grassy Terrain
|-sideend|p2: Toxic KIng 22|move: Light Screen
|upkeep
|turn|6
|
|t:|1756494578
|move|p2a: Whimsicott|Light Screen|p2a: Whimsicott
|-sidestart|p2: Toxic KIng 22|move: Light Screen
|move|p1a: Volcarona|Heat Wave|p2a: Whimsicott|[spread] p2a,p2b
|-supereffective|p2a: Whimsicott
|-damage|p2a: Whimsicott|0 fnt
|-damage|p2b: Indeedee|20/100
|faint|p2a: Whimsicott
|move|p1b: Rillaboom|Wood Hammer|p2b: Indeedee
|-damage|p2b: Indeedee|0 fnt
|-damage|p1b: Rillaboom|73/100|[from] item: Rocky Helmet|[of] p2b: Indeedee
|faint|p2b: Indeedee
|-damage|p1b: Rillaboom|68/100|[from] Recoil
|
|-heal|p1b: Rillaboom|74/100|[from] Grassy Terrain
|upkeep
|-message|Toxic KIng 22 forfeited.
|
|win|Bujero A subir
|raw|Bujero A subir's rating: 1076 → 1102(+26 for winning)
|raw|Toxic KIng 22's rating: 1045 → 1030(-15 for losing)
|l|☆Toxic KIng 22
|player|p2|
