|j|☆delphigni
|j|☆MurQrow
|html|delphigniMurQrow    
|uhtml|bestof|Game 2 of a best-of-3
|t:|1756257958
|gametype|doubles
|player|p1|delphigni|1|1151
|player|p2|MurQrow|169|1035
|gen|9
|tier|[Gen 9] VGC 2025 Reg H (Bo3)
|rated|
|rule|Species Clause: Limit one of each Pokémon
|rule|Item Clause: Limit 1 of each item
|clearpoke
|poke|p1|Kommo-o, L50, M|
|poke|p1|Primarina, L50, F|
|poke|p1|Rillaboom, L50, M|
|poke|p1|Electabuzz, L50, F|
|poke|p1|Tyranitar, L50, F|
|poke|p1|Excadrill, L50, F|
|poke|p2|Ninetales-Alola, L50, F|
|poke|p2|Baxcalibur, L50, F|
|poke|p2|Gholdengo, L50|
|poke|p2|Magmar, L50, M|
|poke|p2|Rillaboom, L50, F|
|poke|p2|Flamigo, L50, M|
|teampreview|4
|showteam|p1|Kommo-o||ThroatSpray|Overcoat|ClangingScales,Flamethrower,ClangorousSoul,Protect|||M|||50|,,,,,Fire]Primarina||LifeOrb|LiquidVoice|HyperVoice,Moonblast,Haze,Protect|||F|||50|,,,,,Poison]Rillaboom||MeadowPlate|GrassySurge|WoodHammer,GrassyGlide,FakeOut,Protect|||M|||50|,,,,,Water]Electabuzz||Eviolite|VitalSpirit|FollowMe,Electroweb,HelpingHand,Protect|||F|||50|,,,,,Fairy]Tyranitar||AssaultVest|SandStream|TeraBlast,RockSlide,KnockOff,LowKick|||F|||50|,,,,,Flying]Excadrill||ClearAmulet|SandRush|RockSlide,IronHead,HighHorsepower,Protect|||F|||50|,,,,,Stellar
|showteam|p2|Ninetales-Alola||CovertCloak|SnowWarning|Blizzard,FreezeDry,Encore,AuroraVeil|||F|||50|,,,,,Fire]Baxcalibur||LoadedDice|ThermalExchange|Protect,IceShard,IcicleSpear,ScaleShot|||F|||50|,,,,,Water]Gholdengo||LifeOrb|GoodasGold|NastyPlot,Protect,MakeItRain,ShadowBall||||||50|,,,,,Water]Magmar||Eviolite|VitalSpirit|ClearSmog,FollowMe,Protect,Flamethrower|||M|||50|,,,,,Ghost]Rillaboom||AssaultVest|GrassySurge|FakeOut,GrassyGlide,WoodHammer,HighHorsepower|||F|||50|,,,,,Fire]Flamigo||ChoiceScarf|Scrappy|CloseCombat,BraveBird,DualWingbeat,Tailwind|||M|||50|,,,,,Ghost
|inactive|Battle timer is ON: inactive players will automatically lose when time's up. (requested by delphigni)
|inactive|delphigni has 60 seconds left.
|
|t:|1756257992
|teamsize|p1|4
|teamsize|p2|4
|start
|switch|p1a: Great S. Shark|Tyranitar, L50, F, shiny|100/100
|switch|p1b: Perferator|Excadrill, L50, F, shiny|100/100
|switch|p2a: Gholdengo|Gholdengo, L50|100/100
|switch|p2b: Rillaboom|Rillaboom, L50, F|100/100
|-fieldstart|move: Grassy Terrain|[from] ability: Grassy Surge|[of] p2b: Rillaboom
|-weather|Sandstorm|[from] ability: Sand Stream|[of] p1a: Great S. Shark
|turn|1
|inactive|MurQrow has 30 seconds left.
|inactive|MurQrow has 20 seconds left.
|
|t:|1756258028
|-terastallize|p2a: Gholdengo|Water
|-terastallize|p1a: Great S. Shark|Flying
|move|p2b: Rillaboom|Grassy Glide|p1b: Perferator
|-damage|p1b: Perferator|46/100
|move|p1b: Perferator|High Horsepower|p2a: Gholdengo
|-damage|p2a: Gholdengo|49/100
|move|p2a: Gholdengo|Nasty Plot|p2a: Gholdengo
|-boost|p2a: Gholdengo|spa|2
|move|p1a: Great S. Shark|Tera Blast|p2b: Rillaboom|[anim] Tera Blast Flying
|-supereffective|p2b: Rillaboom
|-damage|p2b: Rillaboom|11/100
|
|-weather|Sandstorm|[upkeep]
|-damage|p2a: Gholdengo|43/100|[from] Sandstorm
|-damage|p2b: Rillaboom|5/100|[from] Sandstorm
|-damage|p1a: Great S. Shark|95/100|[from] Sandstorm
|-heal|p1b: Perferator|52/100|[from] Grassy Terrain
|-heal|p2a: Gholdengo|49/100|[from] Grassy Terrain
|-heal|p2b: Rillaboom|11/100|[from] Grassy Terrain
|upkeep
|turn|2
|inactive|delphigni has 30 seconds left.
|inactive|delphigni has 20 seconds left.
|
|t:|1756258065
|move|p1b: Perferator|Protect|p1b: Perferator
|-singleturn|p1b: Perferator|Protect
|move|p2b: Rillaboom|Grassy Glide|p1b: Perferator
|-activate|p1b: Perferator|move: Protect
|move|p2a: Gholdengo|Shadow Ball|p1a: Great S. Shark
|-damage|p1a: Great S. Shark|27/100
|-damage|p2a: Gholdengo|39/100|[from] item: Life Orb
|move|p1a: Great S. Shark|Rock Slide|p2a: Gholdengo|[spread] p2a
|-miss|p1a: Great S. Shark|p2b: Rillaboom
|-damage|p2a: Gholdengo|2/100
|
|-weather|Sandstorm|[upkeep]
|-damage|p2a: Gholdengo|0 fnt|[from] Sandstorm
|-damage|p2b: Rillaboom|5/100|[from] Sandstorm
|-damage|p1a: Great S. Shark|21/100|[from] Sandstorm
|faint|p2a: Gholdengo
|-heal|p1b: Perferator|58/100|[from] Grassy Terrain
|-heal|p2b: Rillaboom|11/100|[from] Grassy Terrain
|upkeep
|
|t:|1756258083
|switch|p2a: Flush five|Baxcalibur, L50, F|100/100
|turn|3
|
|t:|1756258095
|move|p2a: Flush five|Ice Shard|p1a: Great S. Shark
|-supereffective|p1a: Great S. Shark
|-crit|p1a: Great S. Shark
|-damage|p1a: Great S. Shark|0 fnt
|faint|p1a: Great S. Shark
|move|p2b: Rillaboom|Grassy Glide|p1b: Perferator
|-damage|p1b: Perferator|8/100
|move|p1b: Perferator|Iron Head|p2a: Flush five
|-supereffective|p2a: Flush five
|-damage|p2a: Flush five|21/100
|
|-weather|Sandstorm|[upkeep]
|-damage|p2a: Flush five|15/100|[from] Sandstorm
|-damage|p2b: Rillaboom|5/100|[from] Sandstorm
|-heal|p1b: Perferator|14/100|[from] Grassy Terrain
|-heal|p2a: Flush five|21/100|[from] Grassy Terrain
|-heal|p2b: Rillaboom|11/100|[from] Grassy Terrain
|upkeep
|
|t:|1756258099
|switch|p1a: Bumblebirb|Electabuzz, L50, F, shiny|100/100
|turn|4
|
|t:|1756258117
|move|p2a: Flush five|Protect|p2a: Flush five
|-singleturn|p2a: Flush five|Protect
|move|p1a: Bumblebirb|Follow Me|p1a: Bumblebirb
|-singleturn|p1a: Bumblebirb|move: Follow Me
|move|p1b: Perferator|Iron Head|p2a: Flush five
|-activate|p2a: Flush five|move: Protect
|move|p2b: Rillaboom|High Horsepower|p1a: Bumblebirb
|-supereffective|p1a: Bumblebirb
|-damage|p1a: Bumblebirb|51/100
|
|-weather|Sandstorm|[upkeep]
|-damage|p2a: Flush five|15/100|[from] Sandstorm
|-damage|p1a: Bumblebirb|46/100|[from] Sandstorm
|-damage|p2b: Rillaboom|5/100|[from] Sandstorm
|-heal|p1b: Perferator|20/100|[from] Grassy Terrain
|-heal|p1a: Bumblebirb|51/100|[from] Grassy Terrain
|-heal|p2a: Flush five|21/100|[from] Grassy Terrain
|-heal|p2b: Rillaboom|11/100|[from] Grassy Terrain
|upkeep
|turn|5
|inactive|MurQrow has 30 seconds left.
|
|t:|1756258143
|move|p1a: Bumblebirb|Follow Me|p1a: Bumblebirb
|-singleturn|p1a: Bumblebirb|move: Follow Me
|move|p2a: Flush five|Ice Shard|p1a: Bumblebirb
|-damage|p1a: Bumblebirb|32/100
|move|p1b: Perferator|Iron Head|p2a: Flush five
|-supereffective|p2a: Flush five
|-damage|p2a: Flush five|0 fnt
|faint|p2a: Flush five
|move|p2b: Rillaboom|High Horsepower|p1a: Bumblebirb
|-supereffective|p1a: Bumblebirb
|-damage|p1a: Bumblebirb|0 fnt
|faint|p1a: Bumblebirb
|
|-weather|none
|-heal|p1b: Perferator|25/100|[from] Grassy Terrain
|-heal|p2b: Rillaboom|17/100|[from] Grassy Terrain
|-fieldend|move: Grassy Terrain
|upkeep
|
|t:|1756258156
|switch|p1a: Primlance|Primarina, L50, F, shiny|100/100
|switch|p2a: Magmar|Magmar, L50, M|100/100
|turn|6
|inactive|MurQrow has 30 seconds left.
|inactive|MurQrow has 20 seconds left.
|inactive|MurQrow has 15 seconds left.
|
|t:|1756258199
|move|p1b: Perferator|Rock Slide|p2b: Rillaboom|[spread] p2a,p2b
|-supereffective|p2a: Magmar
|-damage|p2a: Magmar|67/100
|-damage|p2b: Rillaboom|0 fnt
|faint|p2b: Rillaboom
|move|p2a: Magmar|Flamethrower|p1b: Perferator
|-supereffective|p1b: Perferator
|-damage|p1b: Perferator|0 fnt
|faint|p1b: Perferator
|move|p1a: Primlance|Hyper Voice|p2a: Magmar
|-supereffective|p2a: Magmar
|-crit|p2a: Magmar
|-damage|p2a: Magmar|0 fnt
|faint|p2a: Magmar
|-damage|p1a: Primlance|91/100|[from] item: Life Orb
|
|win|delphigni
|raw|delphigni's rating: 1151 → 1168(+17 for winning)
|raw|MurQrow's rating: 1035 → 1025(-10 for losing)
