|j|☆Autumnal Rein
|j|☆samuroleon
|html|Autumnal Reinsamuroleon    
|uhtml|bestof|Game 1 of a best-of-3
|t:|1783970439
|gametype|doubles
|player|p1|Autumnal Rein|lusamine-nihilego|
|player|p2|samuroleon|elesa-masters|
|gen|9
|tier|[Gen 9 Champions] VGC 2026 Reg M-B (Bo3)
|rule|Species Clause: Limit one of each Pokémon
|rule|Item Clause: Limit 1 of each item
|clearpoke
|poke|p1|Mawile, L50, F|
|poke|p1|Incineroar, L50, M|
|poke|p1|Rotom-Wash, L50|
|poke|p1|Delphox, L50, F|
|poke|p1|Sinistcha, L50|
|poke|p1|Garchomp, L50, M|
|poke|p2|Froslass, L50, F|
|poke|p2|Scovillain, L50, M|
|poke|p2|Basculegion, L50, M|
|poke|p2|Kingambit, L50, M|
|poke|p2|Sneasler, L50, F|
|poke|p2|Lycanroc-Dusk, L50, F|
|teampreview|4
|showteam|p1|Mawile||Mawilite|Intimidate|Protect,SwordsDance,PlayRough,SuckerPunch|Adamant||F|||50|]Incineroar||SitrusBerry|Intimidate|FakeOut,PartingShot,Taunt,FlareBlitz|Impish||M|||50|]Rotom-Wash||ChoiceScarf|Levitate|VoltSwitch,Thunderbolt,HydroPump,Electroweb|Timid|||||50|]Delphox||Delphoxite|Blaze|Protect,NastyPlot,HeatWave,Psyshock|Timid||F|||50|]Sinistcha||ColburBerry|Hospitality|RagePowder,LifeDew,TrickRoom,MatchaGotcha|Bold|||||50|]Garchomp||LifeOrb|RoughSkin|Protect,Earthquake,DragonClaw,RockSlide|Jolly||M|||50|
|showteam|p2|Froslass||Froslassite|CursedBody|Blizzard,ShadowBall,AuroraVeil,Protect|Timid||F|||50|]Scovillain||Scovillainite|Moody|Overheat,RagePowder,GigaDrain,Protect|Bold||M|||50|]Basculegion||SitrusBerry|Adaptability|LastRespects,WaveCrash,AquaJet,Protect|Adamant||M|||50|]Kingambit||LifeOrb|Defiant|KowtowCleave,SuckerPunch,SwordsDance,Protect|Adamant||M|||50|]Sneasler||WhiteHerb|Unburden|DireClaw,CloseCombat,FakeOut,Protect|Adamant||F|||50|]Lycanroc-Dusk||FocusSash|ToughClaws|RockSlide,Accelerock,CloseCombat,Protect|Adamant||F|||50|
|inactive|Battle timer is ON: inactive players will automatically lose when time's up. (requested by samuroleon)
|inactiveoff|Battle timer is now OFF.
|c|☆samuroleon|happy for me to share link?
|c|☆Autumnal Rein|go for it
|j| celaerity
|j| Minedea101
|j| Awammy
|j| super nimble mega
|c|☆Autumnal Rein|im ready, you turn on timer when you are
|inactive|Battle timer is ON: inactive players will automatically lose when time's up. (requested by samuroleon)
|
|t:|1783970564
|teamsize|p1|4
|teamsize|p2|4
|start
|switch|p1a: Delphox|Delphox, L50, F|100/100
|switch|p1b: Rotom|Rotom-Wash, L50|100/100
|switch|p2a: Scovillain|Scovillain, L50, M|100/100
|switch|p2b: Sneasler|Sneasler, L50, F|100/100
|turn|1
|j| Jim9174
|inactive|Autumnal Rein has 30 seconds left.
|inactive|samuroleon has 30 seconds left.
|inactive|Autumnal Rein has 20 seconds left.
|inactive|samuroleon has 20 seconds left.
|l| super nimble mega
|inactive|samuroleon has 15 seconds left.
|inactive|Autumnal Rein has 15 seconds left.
|j| super nimble mega
|inactive|Autumnal Rein has 10 seconds left.
|
|t:|1783970619
|detailschange|p1a: Delphox|Delphox-Mega, L50, F
|-mega|p1a: Delphox|Delphox|Delphoxite
|detailschange|p2a: Scovillain|Scovillain-Mega, L50, M
|-mega|p2a: Scovillain|Scovillain|Scovillainite
|move|p2b: Sneasler|Fake Out|p1a: Delphox
|-damage|p1a: Delphox|76/100
|move|p1b: Rotom|Volt Switch|p2b: Sneasler
|-damage|p2b: Sneasler|64/100
|
|t:|1783970627
|switch|p1b: Incineroar|Incineroar, L50, M|100/100|[from] Volt Switch
|-ability|p1b: Incineroar|Intimidate|boost
|-unboost|p2a: Scovillain|atk|1
|-unboost|p2b: Sneasler|atk|1
|-enditem|p2b: Sneasler|White Herb
|-clearnegativeboost|p2b: Sneasler|[silent]
|cant|p1a: Delphox|flinch
|move|p2a: Scovillain|Overheat|p1b: Incineroar
|-resisted|p1b: Incineroar|1
|-damage|p1b: Incineroar|74/100
|-unboost|p2a: Scovillain|spa|2
|
|upkeep
|turn|2
|j| DmanVGC
|inactive|Autumnal Rein has 30 seconds left.
|inactive|samuroleon has 30 seconds left.
|
|t:|1783970661
|switch|p2a: Basculegion|Basculegion, L50, M|100/100
|move|p2b: Sneasler|Protect|p2b: Sneasler
|-singleturn|p2b: Sneasler|Protect
|move|p1b: Incineroar|Fake Out|p2b: Sneasler
|-activate|p2b: Sneasler|move: Protect
|move|p1a: Delphox|Nasty Plot|p1a: Delphox
|-boost|p1a: Delphox|spa|2
|
|upkeep
|turn|3
|inactive|Autumnal Rein has 30 seconds left.
|inactive|samuroleon has 30 seconds left.
|j| bwhitevgc
|
|t:|1783970695
|move|p1a: Delphox|Protect|p1a: Delphox
|-singleturn|p1a: Delphox|Protect
|move|p2b: Sneasler|Dire Claw|p1a: Delphox
|-activate|p1a: Delphox|move: Protect
|move|p2a: Basculegion|Wave Crash|p1a: Delphox
|-activate|p1a: Delphox|move: Protect
|move|p1b: Incineroar|Parting Shot|p2a: Basculegion
|-unboost|p2a: Basculegion|atk|1
|-unboost|p2a: Basculegion|spa|1
|l| super nimble mega
|
|t:|1783970707
|switch|p1b: Rotom|Rotom-Wash, L50|100/100|[from] Parting Shot
|
|upkeep
|turn|4
|
|t:|1783970718
|switch|p2a: Scovillain|Scovillain-Mega, L50, M|100/100
|move|p2b: Sneasler|Dire Claw|p1a: Delphox
|-damage|p1a: Delphox|2/100
|move|p1b: Rotom|Electroweb|p2a: Scovillain|[spread] p2a,p2b
|-resisted|p2a: Scovillain|1
|-damage|p2a: Scovillain|91/100
|-damage|p2b: Sneasler|44/100
|-unboost|p2a: Scovillain|spe|1
|-unboost|p2b: Sneasler|spe|1
|-status|p1b: Rotom|brn|[from] ability: Spicy Spray|[of] p2a: Scovillain
|move|p1a: Delphox|Heat Wave|p2a: Scovillain|[spread] p2a,p2b
|-crit|p2a: Scovillain
|-damage|p2a: Scovillain|0 fnt
|-damage|p2b: Sneasler|0 fnt
|-immune|p1a: Delphox
|faint|p2a: Scovillain
|faint|p2b: Sneasler
|
|-damage|p1b: Rotom|93/100 brn|[from] brn
|upkeep
|
|t:|1783970734
|switch|p2b: Kingambit|Kingambit, L50, M|100/100
|switch|p2a: Basculegion|Basculegion, L50, M|100/100
|turn|5
|l| bwhitevgc
|inactive|Autumnal Rein has 30 seconds left.
|
|t:|1783970762
|switch|p1b: Garchomp|Garchomp, L50, M|100/100
|move|p1a: Delphox|Protect|p1a: Delphox
|-singleturn|p1a: Delphox|Protect
|move|p2b: Kingambit|Sucker Punch||[still]
|-fail|p2b: Kingambit
|move|p2a: Basculegion|Wave Crash|p1b: Garchomp
|-damage|p1b: Garchomp|27/100
|-damage|p2a: Basculegion|87/100|[from] ability: Rough Skin|[of] p1b: Garchomp
|-damage|p2a: Basculegion|67/100|[from] Recoil
|
|upkeep
|turn|6
|inactive|Autumnal Rein has 30 seconds left.
|inactive|samuroleon has 30 seconds left.
|inactive|Autumnal Rein has 20 seconds left.
|inactive|Autumnal Rein has 15 seconds left.
|inactive|Autumnal Rein has 10 seconds left.
|
|t:|1783970807
|move|p2a: Basculegion|Aqua Jet|p1a: Delphox
|-supereffective|p1a: Delphox|1
|-damage|p1a: Delphox|0 fnt
|faint|p1a: Delphox
|move|p2b: Kingambit|Sucker Punch|p1b: Garchomp
|-damage|p1b: Garchomp|0 fnt
|-damage|p2b: Kingambit|87/100|[from] ability: Rough Skin|[of] p1b: Garchomp
|faint|p1b: Garchomp
|-damage|p2b: Kingambit|78/100|[from] item: Life Orb
|
|upkeep
|
|t:|1783970814
|switch|p1a: Incineroar|Incineroar, L50, M|74/100
|switch|p1b: Rotom|Rotom-Wash, L50|93/100 brn
|-ability|p1a: Incineroar|Intimidate|boost
|-unboost|p2a: Basculegion|atk|1
|-unboost|p2b: Kingambit|atk|1
|-ability|p2b: Kingambit|Defiant|boost
|-boost|p2b: Kingambit|atk|2
|turn|7
|j| njbdarkrai
|l| njbdarkrai
|
|t:|1783970829
|move|p2a: Basculegion|Protect|p2a: Basculegion
|-singleturn|p2a: Basculegion|Protect
|move|p2b: Kingambit|Protect|p2b: Kingambit
|-singleturn|p2b: Kingambit|Protect
|move|p1a: Incineroar|Fake Out|p2b: Kingambit
|-activate|p2b: Kingambit|move: Protect
|move|p1b: Rotom|Thunderbolt|p2a: Basculegion
|-activate|p2a: Basculegion|move: Protect
|
|-damage|p1b: Rotom|87/100 brn|[from] brn
|upkeep
|turn|8
|
|t:|1783970849
|move|p2b: Kingambit|Sucker Punch|p1b: Rotom
|-damage|p1b: Rotom|0 fnt
|faint|p1b: Rotom
|-damage|p2b: Kingambit|68/100|[from] item: Life Orb
|move|p2a: Basculegion|Wave Crash|p1a: Incineroar
|-supereffective|p1a: Incineroar|1
|-crit|p1a: Incineroar
|-damage|p1a: Incineroar|0 fnt
|faint|p1a: Incineroar
|-damage|p2a: Basculegion|44/100|[from] Recoil
|-enditem|p2a: Basculegion|Sitrus Berry|[eat]
|-heal|p2a: Basculegion|69/100|[from] item: Sitrus Berry
|
|win|samuroleon
|j| cbutty
||Autumnal Rein is ready for game 2.
||samuroleon is ready for game 2.
|uhtml|next|Next: Game 2 of 3
|j| thepostmanp
|l| cbutty
|j| morgie d timmy
|l| thepostmanp
