|j|☆dominicex
|j|☆TheDoomDraogn
|html|dominicexTheDoomDraogn    
|uhtml|bestof|Game 1 of a best-of-3
|t:|1785215984
|gametype|doubles
|player|p1|dominicex|#smogonxnpa2026draftee|1410
|player|p2|TheDoomDraogn|gentleman-gen4|1322
|gen|9
|tier|[Gen 9 Champions] VGC 2026 Reg M-B (Bo3)
|rated|
|rule|Species Clause: Limit one of each Pokémon
|rule|Item Clause: Limit 1 of each item
|clearpoke
|poke|p1|Charizard, L50, F|
|poke|p1|Incineroar, L50, M|
|poke|p1|Gholdengo, L50|
|poke|p1|Whimsicott, L50, M|
|poke|p1|Garchomp, L50, F|
|poke|p1|Toxapex, L50, M, shiny|
|poke|p2|Staraptor, L50, F|
|poke|p2|Sinistcha, L50|
|poke|p2|Arcanine-Hisui, L50, F|
|poke|p2|Ninetales-Alola, L50, M|
|poke|p2|Glaceon, L50, F|
|poke|p2|Milotic, L50, F|
|teampreview|4
|showteam|p1|Charizard||CharizarditeY|Blaze|HeatWave,WeatherBall,SolarBeam,Protect|Modest||F|||50|]Incineroar||SitrusBerry|Intimidate|FakeOut,FlareBlitz,ThroatChop,PartingShot|Impish||M|||50|]Gholdengo||SpellTag|GoodasGold|MakeItRain,ShadowBall,NastyPlot,Protect|Modest|||||50|]Whimsicott||FocusSash|Prankster|Moonblast,Tailwind,Encore,Protect|Timid||M|||50|]Garchomp||LifeOrb|RoughSkin|DragonClaw,RockSlide,Earthquake,Protect|Jolly||F|||50|]Toxapex||Leftovers|Regenerator|Infestation,Toxic,WideGuard,BanefulBunker|Bold||M|||50|
|showteam|p2|Staraptor||Staraptite|Intimidate|CloseCombat,DualWingbeat,Tailwind,Protect|Jolly||F|||50|]Sinistcha||ColburBerry|Hospitality|MatchaGotcha,RagePowder,TrickRoom,StrengthSap|Calm|||||50|]Arcanine-Hisui||FocusSash|RockHead|FlareBlitz,HeadSmash,ExtremeSpeed,Protect|Jolly||F|||50|]Ninetales-Alola||LightClay|SnowWarning|IcyWind,Moonblast,FakeTears,AuroraVeil|Timid||M|||50|]Glaceon||NeverMeltIce|SnowCloak|Blizzard,FreezeDry,Wish,Protect|Modest||F|||50|]Milotic||Leftovers|Competitive|Scald,IcyWind,LifeDew,Protect|Modest||F|||50|
|
|t:|1785216013
|teamsize|p1|4
|teamsize|p2|4
|start
|switch|p1a: Toxapex|Toxapex, L50, M, shiny|100/100
|switch|p1b: Gholdengo|Gholdengo, L50|100/100
|switch|p2a: Staraptor|Staraptor, L50, F|100/100
|switch|p2b: Milotic|Milotic, L50, F|100/100
|-ability|p2a: Staraptor|Intimidate|boost
|-unboost|p1a: Toxapex|atk|1
|-unboost|p1b: Gholdengo|atk|1
|turn|1
|
|t:|1785216046
|detailschange|p2a: Staraptor|Staraptor-Mega, L50, F
|-mega|p2a: Staraptor|Staraptor|Staraptite
|move|p2a: Staraptor|Close Combat|p1a: Toxapex
|-resisted|p1a: Toxapex|1
|-damage|p1a: Toxapex|79/100
|-boost|p2a: Staraptor|def|1
|-boost|p2a: Staraptor|spd|1
|move|p1b: Gholdengo|Make It Rain|p2a: Staraptor|[spread] p2a,p2b
|-resisted|p2b: Milotic|1
|-damage|p2a: Staraptor|64/100
|-damage|p2b: Milotic|82/100
|-unboost|p1b: Gholdengo|spa|2
|move|p2b: Milotic|Scald|p1b: Gholdengo
|-damage|p1b: Gholdengo|63/100
|move|p1a: Toxapex|Infestation|p2b: Milotic
|-damage|p2b: Milotic|80/100
|-activate|p2b: Milotic|move: Infestation|[of] p1a: Toxapex
|
|-heal|p2b: Milotic|86/100|[from] item: Leftovers
|-heal|p1a: Toxapex|85/100|[from] item: Leftovers
|-damage|p2b: Milotic|73/100|[from] move: Infestation|[partiallytrapped]
|upkeep
|turn|2
|
|t:|1785216067
|move|p2a: Staraptor|Protect|p2a: Staraptor
|-singleturn|p2a: Staraptor|Protect
|move|p1b: Gholdengo|Protect|p1b: Gholdengo
|-singleturn|p1b: Gholdengo|Protect
|move|p2b: Milotic|Life Dew|p2b: Milotic|[spread] p2a,p2b
|-heal|p2a: Staraptor|90/100
|-heal|p2b: Milotic|99/100
|move|p1a: Toxapex|Toxic|p2a: Staraptor
|-activate|p2a: Staraptor|move: Protect
|
|-heal|p2b: Milotic|100/100|[from] item: Leftovers
|-heal|p1a: Toxapex|91/100|[from] item: Leftovers
|-damage|p2b: Milotic|87/100|[from] move: Infestation|[partiallytrapped]
|upkeep
|turn|3
|
|t:|1785216087
|switch|p1b: Whimsicott|Whimsicott, L50, M|100/100
|move|p2a: Staraptor|Dual Wingbeat|p1a: Toxapex
|-damage|p1a: Toxapex|77/100
|-damage|p1a: Toxapex|63/100
|-hitcount|p1a: Toxapex|2
|move|p2b: Milotic|Scald|p1b: Whimsicott
|-resisted|p1b: Whimsicott|1
|-damage|p1b: Whimsicott|72/100
|-status|p1b: Whimsicott|brn
|move|p1a: Toxapex|Toxic|p2a: Staraptor
|-status|p2a: Staraptor|tox
|
|-heal|p2b: Milotic|93/100|[from] item: Leftovers
|-heal|p1a: Toxapex|68/100|[from] item: Leftovers
|-damage|p2a: Staraptor|84/100 tox|[from] psn
|-damage|p1b: Whimsicott|66/100 brn|[from] brn
|-damage|p2b: Milotic|81/100|[from] move: Infestation|[partiallytrapped]
|upkeep
|turn|4
|
|t:|1785216105
|switch|p2a: Arcanine|Arcanine-Hisui, L50, F|100/100
|move|p1b: Whimsicott|Protect|p1b: Whimsicott
|-singleturn|p1b: Whimsicott|Protect
|move|p2b: Milotic|Icy Wind|p1b: Whimsicott|[spread] p1a
|-activate|p1b: Whimsicott|move: Protect
|-resisted|p1a: Toxapex|1
|-damage|p1a: Toxapex|64/100
|-unboost|p1a: Toxapex|spe|1
|move|p1a: Toxapex|Infestation|p2a: Arcanine
|-resisted|p2a: Arcanine|1
|-damage|p2a: Arcanine|98/100
|-activate|p2a: Arcanine|move: Infestation|[of] p1a: Toxapex
|
|-heal|p2b: Milotic|87/100|[from] item: Leftovers
|-heal|p1a: Toxapex|70/100|[from] item: Leftovers
|-damage|p1b: Whimsicott|60/100 brn|[from] brn
|-damage|p2a: Arcanine|86/100|[from] move: Infestation|[partiallytrapped]
|-damage|p2b: Milotic|74/100|[from] move: Infestation|[partiallytrapped]
|upkeep
|turn|5
|
|t:|1785216120
|switch|p1b: Gholdengo|Gholdengo, L50|63/100
|move|p1a: Toxapex|Baneful Bunker|p1a: Toxapex
|-singleturn|p1a: Toxapex|move: Protect
|move|p2a: Arcanine|Head Smash|p1a: Toxapex
|-activate|p1a: Toxapex|move: Protect
|-status|p2a: Arcanine|psn
|move|p2b: Milotic|Icy Wind|p1a: Toxapex|[spread] p1b
|-activate|p1a: Toxapex|move: Protect
|-resisted|p1b: Gholdengo|1
|-damage|p1b: Gholdengo|56/100
|-unboost|p1b: Gholdengo|spe|1
|
|-heal|p2b: Milotic|80/100|[from] item: Leftovers
|-heal|p1a: Toxapex|75/100|[from] item: Leftovers
|-damage|p2a: Arcanine|73/100 psn|[from] psn
|-damage|p2a: Arcanine|61/100 psn|[from] move: Infestation|[partiallytrapped]
|-end|p2b: Milotic|Infestation|[partiallytrapped]
|upkeep
|turn|6
|
|t:|1785216154
|move|p2a: Arcanine|Flare Blitz|p1b: Gholdengo
|-supereffective|p1b: Gholdengo|1
|-damage|p1b: Gholdengo|0 fnt
|faint|p1b: Gholdengo
|move|p2b: Milotic|Life Dew|p2b: Milotic|[spread] p2a,p2b
|-heal|p2a: Arcanine|86/100 psn
|-heal|p2b: Milotic|100/100
|move|p1a: Toxapex|Infestation|p2b: Milotic
|-damage|p2b: Milotic|97/100
|-activate|p2b: Milotic|move: Infestation|[of] p1a: Toxapex
|
|-heal|p2b: Milotic|100/100|[from] item: Leftovers
|-heal|p1a: Toxapex|81/100|[from] item: Leftovers
|-damage|p2a: Arcanine|74/100 psn|[from] psn
|-damage|p2a: Arcanine|62/100 psn|[from] move: Infestation|[partiallytrapped]
|-damage|p2b: Milotic|87/100|[from] move: Infestation|[partiallytrapped]
|upkeep
|
|t:|1785216169
|switch|p1b: Charizard|Charizard, L50, F|100/100
|turn|7
|
|t:|1785216183
|detailschange|p1b: Charizard|Charizard-Mega-Y, L50, F
|-mega|p1b: Charizard|Charizard|Charizardite Y
|-weather|SunnyDay|[from] ability: Drought|[of] p1b: Charizard
|move|p2a: Arcanine|Head Smash|p1b: Charizard|[miss]
|-miss|p2a: Arcanine|p1b: Charizard
|move|p1b: Charizard|Solar Beam||[still]
|-prepare|p1b: Charizard|Solar Beam
|-anim|p1b: Charizard|Solar Beam|p2b: Milotic
|-supereffective|p2b: Milotic|1
|-damage|p2b: Milotic|20/100y
|move|p2b: Milotic|Life Dew|p2b: Milotic|[spread] p2a,p2b
|-heal|p2a: Arcanine|87/100 psn
|-heal|p2b: Milotic|45/100
|move|p1a: Toxapex|Toxic|p2b: Milotic
|-status|p2b: Milotic|tox
|
|-weather|SunnyDay|[upkeep]
|-heal|p2b: Milotic|51/100 tox|[from] item: Leftovers
|-heal|p1a: Toxapex|87/100|[from] item: Leftovers
|-damage|p2a: Arcanine|75/100 psn|[from] psn
|-damage|p2b: Milotic|45/100 tox|[from] psn
|-damage|p2a: Arcanine|62/100 psn|[from] move: Infestation|[partiallytrapped]
|-damage|p2b: Milotic|33/100 tox|[from] move: Infestation|[partiallytrapped]
|upkeep
|turn|8
|
|t:|1785216207
|move|p1b: Charizard|Protect|p1b: Charizard
|-singleturn|p1b: Charizard|Protect
|move|p2a: Arcanine|Head Smash|p1b: Charizard
|-activate|p1b: Charizard|move: Protect
|move|p2b: Milotic|Life Dew|p2b: Milotic|[spread] p2a,p2b
|-heal|p2a: Arcanine|87/100 psn
|-heal|p2b: Milotic|58/100 tox
|move|p1a: Toxapex|Infestation|p2a: Arcanine
|-resisted|p2a: Arcanine|1
|-damage|p2a: Arcanine|86/100 psn
|
|-weather|SunnyDay|[upkeep]
|-heal|p2b: Milotic|64/100 tox|[from] item: Leftovers
|-heal|p1a: Toxapex|92/100|[from] item: Leftovers
|-damage|p2a: Arcanine|73/100 psn|[from] psn
|-damage|p2b: Milotic|52/100 tox|[from] psn
|-damage|p2a: Arcanine|61/100 psn|[from] move: Infestation|[partiallytrapped]
|-damage|p2b: Milotic|40/100 tox|[from] move: Infestation|[partiallytrapped]
|upkeep
|turn|9
|
|t:|1785216225
|switch|p1b: Whimsicott|Whimsicott, L50, M|60/100 brn
|move|p2a: Arcanine|Head Smash|p1b: Whimsicott
|-damage|p1b: Whimsicott|0 fnt
|faint|p1b: Whimsicott
|move|p2b: Milotic|Life Dew|p2b: Milotic|[spread] p2a,p2b
|-heal|p2a: Arcanine|86/100 psn
|-heal|p2b: Milotic|65/100 tox
|move|p1a: Toxapex|Infestation|p2a: Arcanine
|-resisted|p2a: Arcanine|1
|-damage|p2a: Arcanine|84/100 psn
|
|-weather|SunnyDay|[upkeep]
|-heal|p2b: Milotic|71/100 tox|[from] item: Leftovers
|-heal|p1a: Toxapex|98/100|[from] item: Leftovers
|-damage|p2a: Arcanine|72/100 psn|[from] psn
|-damage|p2b: Milotic|53/100 tox|[from] psn
|-end|p2a: Arcanine|Infestation|[partiallytrapped]
|-damage|p2b: Milotic|41/100 tox|[from] move: Infestation|[partiallytrapped]
|upkeep
|
|t:|1785216233
|switch|p1b: Charizard|Charizard-Mega-Y, L50, F|100/100
|turn|10
|
|t:|1785216242
|move|p1b: Charizard|Protect|p1b: Charizard
|-singleturn|p1b: Charizard|Protect
|move|p2a: Arcanine|Head Smash|p1b: Charizard
|-activate|p1b: Charizard|move: Protect
|move|p2b: Milotic|Life Dew|p2b: Milotic|[spread] p2a,p2b
|-heal|p2a: Arcanine|97/100 psn
|-heal|p2b: Milotic|66/100 tox
|move|p1a: Toxapex|Infestation|p2a: Arcanine
|-resisted|p2a: Arcanine|1
|-damage|p2a: Arcanine|95/100 psn
|-activate|p2a: Arcanine|move: Infestation|[of] p1a: Toxapex
|
|-weather|SunnyDay|[upkeep]
|-heal|p2b: Milotic|72/100 tox|[from] item: Leftovers
|-heal|p1a: Toxapex|100/100|[from] item: Leftovers
|-damage|p2a: Arcanine|83/100 psn|[from] psn
|-damage|p2b: Milotic|48/100 tox|[from] psn
|-damage|p2a: Arcanine|71/100 psn|[from] move: Infestation|[partiallytrapped]
|-end|p2b: Milotic|Infestation|[partiallytrapped]
|upkeep
|turn|11
|
|t:|1785216252
|switch|p2b: Sinistcha|Sinistcha, L50|100/100
|-heal|p2a: Arcanine|96/100 psn|[from] ability: Hospitality|[of] p2b: Sinistcha
|move|p1b: Charizard|Protect||[still]
|-fail|p1b: Charizard
|move|p2a: Arcanine|Head Smash|p1b: Charizard
|-supereffective|p1b: Charizard|2
|-damage|p1b: Charizard|0 fnt
|faint|p1b: Charizard
|move|p1a: Toxapex|Infestation|p2b: Sinistcha
|-damage|p2b: Sinistcha|97/100
|-activate|p2b: Sinistcha|move: Infestation|[of] p1a: Toxapex
|
|-weather|none
|-damage|p2a: Arcanine|84/100 psn|[from] psn
|-damage|p2a: Arcanine|72/100 psn|[from] move: Infestation|[partiallytrapped]
|-damage|p2b: Sinistcha|84/100|[from] move: Infestation|[partiallytrapped]
|upkeep
|turn|12
|
|t:|1785216264
|move|p2a: Arcanine|Head Smash|p1a: Toxapex
|-damage|p1a: Toxapex|48/100
|move|p2b: Sinistcha|Matcha Gotcha|p1a: Toxapex
|-crit|p1a: Toxapex
|-damage|p1a: Toxapex|9/100
|-heal|p2b: Sinistcha|100/100|[from] drain|[of] p1a: Toxapex
|-status|p1a: Toxapex|brn
|move|p1a: Toxapex|Toxic|p2b: Sinistcha
|-status|p2b: Sinistcha|tox
|
|-heal|p1a: Toxapex|15/100 brn|[from] item: Leftovers
|-damage|p2a: Arcanine|59/100 psn|[from] psn
|-damage|p2b: Sinistcha|93/100 tox|[from] psn
|-damage|p1a: Toxapex|9/100 brn|[from] brn
|-damage|p2a: Arcanine|47/100 psn|[from] move: Infestation|[partiallytrapped]
|-damage|p2b: Sinistcha|81/100 tox|[from] move: Infestation|[partiallytrapped]
|upkeep
|turn|13
|-message|dominicex forfeited.
|
|win|TheDoomDraogn
||TheDoomDraogn is ready for game 2.
||dominicex is ready for game 2.
|uhtml|next|Next: Game 2 of 3
|j| itssobeak
|l| itssobeak
|l|☆dominicex
|player|p1|
