|j|☆sergiovj
|j|☆teyvgc
|html|sergiovjteyvgc    
|uhtml|bestof|Game 3 of a best-of-3
|t:|1782587989
|gametype|doubles
|player|p1|sergiovj|colress|1070
|player|p2|teyvgc|1|1089
|gen|9
|tier|[Gen 9 Champions] VGC 2026 Reg M-B (Bo3)
|rated|
|rule|Species Clause: Limit one of each Pokémon
|rule|Item Clause: Limit 1 of each item
|clearpoke
|poke|p1|Hydreigon, L50, M|
|poke|p1|Garchomp, L50, M|
|poke|p1|Metagross, L50|
|poke|p1|Charizard, L50, M|
|poke|p1|Grimmsnarl, L50, M|
|poke|p1|Toxapex, L50, M|
|poke|p2|Houndstone, L50, F|
|poke|p2|Tyranitar, L50, M|
|poke|p2|Incineroar, L50, M|
|poke|p2|Farigiraf, L50, F, shiny|
|poke|p2|Garchomp, L50, M, shiny|
|poke|p2|Corviknight, L50, M|
|teampreview|4
|showteam|p1|Hydreigon||ChoiceScarf|Levitate|HeatWave,DarkPulse,DracoMeteor,Snarl|Modest||M|||50|]Garchomp||SitrusBerry|RoughSkin|Earthquake,RockSlide,DragonClaw,Protect|Adamant||M|||50|]Metagross||Metagrossite|ClearBody|IronHead,HammerArm,BulletPunch,Protect|Adamant|||||50|]Charizard||CharizarditeY|Blaze|Protect,HeatWave,SolarBeam,WeatherBall|Timid||M|||50|]Grimmsnarl||RoseliBerry|Prankster|FakeOut,FoulPlay,Reflect,PartingShot|Sassy||M|||50|]Toxapex||Leftovers|Regenerator|Infestation,Toxic,BanefulBunker,WideGuard|Bold||M|||50|
|showteam|p2|Houndstone||LifeOrb|SandRush|PsychicFangs,StompingTantrum,LastRespects,Protect|Adamant||F|||50|]Tyranitar||Tyranitarite|SandStream|RockSlide,KnockOff,LowKick,Protect|Adamant||M|||50|]Incineroar||PasshoBerry|Intimidate|FlareBlitz,DarkestLariat,FakeOut,PartingShot|Adamant||M|||50|]Farigiraf||TwistedSpoon|ArmorTail|HyperVoice,TwinBeam,TrickRoom,HelpingHand|Quiet||F|||50|]Garchomp||Garchompite|RoughSkin|StompingTantrum,DragonClaw,RockSlide,Protect|Adamant||M|||50|]Corviknight||Leftovers|MirrorArmor|BraveBird,BodyPress,BulkUp,Roost|Careful||M|||50|
|inactive|Battle timer is ON: inactive players will automatically lose when time's up. (requested by sergiovj)
|inactive|teyvgc has 60 seconds left.
|
|t:|1782588041
|teamsize|p1|4
|teamsize|p2|4
|start
|switch|p1a: Hydreigon|Hydreigon, L50, M|100/100
|switch|p1b: Toxapex|Toxapex, L50, M|100/100
|switch|p2a: ShePartingOnMyShot|Incineroar, L50, M|100/100
|switch|p2b: BERT|Tyranitar, L50, M|100/100
|-ability|p2a: ShePartingOnMyShot|Intimidate|boost
|-unboost|p1a: Hydreigon|atk|1
|-unboost|p1b: Toxapex|atk|1
|-weather|Sandstorm|[from] ability: Sand Stream|[of] p2b: BERT
|turn|1
|inactive|sergiovj has 30 seconds left.
|
|t:|1782588072
|switch|p1a: Grimmsnarl|Grimmsnarl, L50, M|100/100
|detailschange|p2b: BERT|Tyranitar-Mega, L50, M
|-mega|p2b: BERT|Tyranitar|Tyranitarite
|move|p2a: ShePartingOnMyShot|Parting Shot|p1a: Grimmsnarl
|-unboost|p1a: Grimmsnarl|atk|1
|-unboost|p1a: Grimmsnarl|spa|1
|
|t:|1782588079
|switch|p2a: Corviknight|Corviknight, L50, M|100/100|[from] Parting Shot
|move|p2b: BERT|Rock Slide|p1b: Toxapex|[spread] p1a,p1b
|-damage|p1a: Grimmsnarl|62/100
|-damage|p1b: Toxapex|74/100
|move|p1b: Toxapex|Toxic|p2b: BERT
|-status|p2b: BERT|tox
|
|-weather|Sandstorm|[upkeep]
|-damage|p1a: Grimmsnarl|56/100|[from] Sandstorm
|-damage|p1b: Toxapex|68/100|[from] Sandstorm
|-heal|p1b: Toxapex|74/100|[from] item: Leftovers
|-damage|p2b: BERT|94/100 tox|[from] psn
|upkeep
|turn|2
|
|t:|1782588104
|move|p1b: Toxapex|Wide Guard|p1b: Toxapex
|-singleturn|p1b: Toxapex|Wide Guard
|move|p1a: Grimmsnarl|Reflect|p1a: Grimmsnarl
|-sidestart|p1: sergiovj|Reflect
|move|p2a: Corviknight|Bulk Up|p2a: Corviknight
|-boost|p2a: Corviknight|atk|1
|-boost|p2a: Corviknight|def|1
|move|p2b: BERT|Rock Slide|p1b: Toxapex|[spread] 
|-activate|p1a: Grimmsnarl|move: Wide Guard
|-activate|p1b: Toxapex|move: Wide Guard
|
|-weather|Sandstorm|[upkeep]
|-damage|p1a: Grimmsnarl|50/100g|[from] Sandstorm
|-damage|p1b: Toxapex|68/100|[from] Sandstorm
|-heal|p1b: Toxapex|74/100|[from] item: Leftovers
|-damage|p2b: BERT|82/100 tox|[from] psn
|upkeep
|turn|3
|inactive|sergiovj has 30 seconds left.
|
|t:|1782588133
|switch|p1a: Hydreigon|Hydreigon, L50, M|100/100
|move|p2a: Corviknight|Bulk Up|p2a: Corviknight
|-boost|p2a: Corviknight|atk|1
|-boost|p2a: Corviknight|def|1
|move|p2b: BERT|Rock Slide|p1a: Hydreigon|[spread] p1a,p1b
|-damage|p1a: Hydreigon|74/100
|-damage|p1b: Toxapex|56/100
|cant|p1b: Toxapex|flinch
|
|-weather|Sandstorm|[upkeep]
|-damage|p1a: Hydreigon|68/100|[from] Sandstorm
|-damage|p1b: Toxapex|50/100g|[from] Sandstorm
|-heal|p1b: Toxapex|56/100|[from] item: Leftovers
|-damage|p2b: BERT|65/100 tox|[from] psn
|upkeep
|turn|4
|
|t:|1782588148
|move|p1b: Toxapex|Wide Guard|p1b: Toxapex
|-singleturn|p1b: Toxapex|Wide Guard
|move|p1a: Hydreigon|Heat Wave|p2a: Corviknight|[spread] p2a
|-miss|p1a: Hydreigon|p2b: BERT
|-supereffective|p2a: Corviknight|1
|-damage|p2a: Corviknight|57/100
|move|p2a: Corviknight|Body Press|p1a: Hydreigon
|-supereffective|p1a: Hydreigon|1
|-damage|p1a: Hydreigon|10/100
|move|p2b: BERT|Knock Off|p1b: Toxapex
|-damage|p1b: Toxapex|28/100
|-enditem|p1b: Toxapex|Leftovers|[from] move: Knock Off|[of] p2b: BERT
|
|-weather|Sandstorm|[upkeep]
|-damage|p1a: Hydreigon|5/100|[from] Sandstorm
|-damage|p1b: Toxapex|22/100|[from] Sandstorm
|-heal|p2a: Corviknight|63/100|[from] item: Leftovers
|-damage|p2b: BERT|42/100 tox|[from] psn
|upkeep
|turn|5
|
|t:|1782588170
|move|p1a: Hydreigon|Heat Wave|p2a: Corviknight|[spread] p2a,p2b
|-supereffective|p2a: Corviknight|1
|-resisted|p2b: BERT|1
|-damage|p2a: Corviknight|22/100
|-damage|p2b: BERT|35/100 tox
|-status|p2a: Corviknight|brn
|move|p2a: Corviknight|Roost|p2a: Corviknight
|-heal|p2a: Corviknight|72/100 brn
|-singleturn|p2a: Corviknight|move: Roost
|move|p2b: BERT|Rock Slide|p1a: Hydreigon|[spread] p1a,p1b
|-damage|p1a: Hydreigon|0 fnt
|-damage|p1b: Toxapex|5/100
|faint|p1a: Hydreigon
|move|p1b: Toxapex|Infestation|p2a: Corviknight
|-resisted|p2a: Corviknight|1
|-damage|p2a: Corviknight|70/100 brn
|-activate|p2a: Corviknight|move: Infestation|[of] p1b: Toxapex
|
|-weather|none
|-heal|p2a: Corviknight|76/100 brn|[from] item: Leftovers
|-damage|p2b: BERT|6/100 tox|[from] psn
|-damage|p2a: Corviknight|70/100 brn|[from] brn
|-damage|p2a: Corviknight|58/100 brn|[from] move: Infestation|[partiallytrapped]
|upkeep
|
|t:|1782588189
|switch|p1a: Charizard|Charizard, L50, M|100/100
|turn|6
|
|t:|1782588201
|switch|p2b: ShePartingOnMyShot|Incineroar, L50, M|100/100
|-ability|p2b: ShePartingOnMyShot|Intimidate|boost
|-unboost|p1a: Charizard|atk|1
|-unboost|p1b: Toxapex|atk|1
|detailschange|p1a: Charizard|Charizard-Mega-Y, L50, M
|-mega|p1a: Charizard|Charizard|Charizardite Y
|-weather|SunnyDay|[from] ability: Drought|[of] p1a: Charizard
|move|p1b: Toxapex|Baneful Bunker|p1b: Toxapex
|-singleturn|p1b: Toxapex|move: Protect
|move|p1a: Charizard|Heat Wave|p2a: Corviknight|[spread] p2a
|-miss|p1a: Charizard|p2b: ShePartingOnMyShot
|-supereffective|p2a: Corviknight|1
|-damage|p2a: Corviknight|0 fnt
|faint|p2a: Corviknight
|
|-weather|SunnyDay|[upkeep]
|-sideend|p1: sergiovj|Reflect
|upkeep
|inactive|teyvgc has 30 seconds left.
|
|t:|1782588226
|switch|p2a: BERT|Tyranitar-Mega, L50, M|6/100 tox
|-weather|Sandstorm|[from] ability: Sand Stream|[of] p2a: BERT
|turn|7
|
|t:|1782588250
|switch|p1a: Grimmsnarl|Grimmsnarl, L50, M|50/100g
|switch|p2a: SpookyZoomies|Houndstone, L50, F|100/100
|move|p2b: ShePartingOnMyShot|Flare Blitz|p1a: Grimmsnarl
|-damage|p1a: Grimmsnarl|0 fnt
|faint|p1a: Grimmsnarl
|-damage|p2b: ShePartingOnMyShot|83/100|[from] Recoil
|move|p1b: Toxapex|Toxic|p2b: ShePartingOnMyShot
|-status|p2b: ShePartingOnMyShot|tox
|
|-weather|Sandstorm|[upkeep]
|-damage|p2b: ShePartingOnMyShot|77/100 tox|[from] Sandstorm
|-damage|p1b: Toxapex|0 fnt|[from] Sandstorm
|faint|p1b: Toxapex
|-damage|p2b: ShePartingOnMyShot|71/100 tox|[from] psn
|upkeep
|
|t:|1782588266
|switch|p1b: Charizard|Charizard-Mega-Y, L50, M|100/100
|-weather|SunnyDay|[from] ability: Drought|[of] p1b: Charizard
|turn|8
|
|t:|1782588278
|switch|p2b: BERT|Tyranitar-Mega, L50, M|6/100 tox
|-weather|Sandstorm|[from] ability: Sand Stream|[of] p2b: BERT
|move|p2a: SpookyZoomies|Last Respects|p1b: Charizard
|-damage|p1b: Charizard|29/100
|-damage|p2a: SpookyZoomies|90/100|[from] item: Life Orb
|move|p1b: Charizard|Weather Ball|p2a: SpookyZoomies
|-damage|p2a: SpookyZoomies|48/100
|
|-weather|Sandstorm|[upkeep]
|-damage|p1b: Charizard|23/100|[from] Sandstorm
|-damage|p2b: BERT|1/100 tox|[from] psn
|upkeep
|turn|9
|
|t:|1782588292
|move|p1b: Charizard|Protect|p1b: Charizard
|-singleturn|p1b: Charizard|Protect
|move|p2a: SpookyZoomies|Last Respects|p1b: Charizard
|-activate|p1b: Charizard|move: Protect
|move|p2b: BERT|Rock Slide|p1b: Charizard
|-activate|p1b: Charizard|move: Protect
|
|-weather|Sandstorm|[upkeep]
|-damage|p1b: Charizard|17/100|[from] Sandstorm
|-damage|p2b: BERT|0 fnt|[from] psn
|faint|p2b: BERT
|upkeep
|
|t:|1782588294
|switch|p2b: ShePartingOnMyShot|Incineroar, L50, M|71/100 tox
|-ability|p2b: ShePartingOnMyShot|Intimidate|boost
|-unboost|p1b: Charizard|atk|1
|turn|10
|-message|sergiovj forfeited.
|
|win|teyvgc
|raw|sergiovj's rating: 1070 → 1051(-19 for losing)
|raw|teyvgc's rating: 1089 → 1114(+25 for winning)
|l|☆sergiovj
|player|p1|
