|j|☆Rhizanthes
|j|☆spellbreakvgc
|html|Rhizanthesspellbreakvgc    
|uhtml|bestof|Game 2 of a best-of-3
|t:|1757716340
|gametype|doubles
|player|p1|Rhizanthes|miku-ghost|1174
|player|p2|spellbreakvgc|lance|1154
|gen|9
|tier|[Gen 9] VGC 2025 Reg H (Bo3)
|rated|
|rule|Species Clause: Limit one of each Pokémon
|rule|Item Clause: Limit 1 of each item
|clearpoke
|poke|p1|Mimikyu, L50, F|
|poke|p1|Incineroar, L50, F|
|poke|p1|Ursaluna, L50, M|
|poke|p1|Gholdengo, L50|
|poke|p1|Amoonguss, L50, M|
|poke|p1|Kilowattrel, L50, F|
|poke|p2|Dondozo, L50, M|
|poke|p2|Sneasler, L50, M|
|poke|p2|Ursaluna-Bloodmoon, L50, M|
|poke|p2|Indeedee, L50, M|
|poke|p2|Tatsugiri, L50, M|
|poke|p2|Whimsicott, L50, M|
|teampreview|4
|showteam|p1|Mimikyu||LifeOrb|Disguise|PlayRough,TrickRoom,WoodHammer,ShadowSneak|||F|||50|,,,,,Grass]Incineroar||SafetyGoggles|Intimidate|KnockOff,FlareBlitz,Uturn,FakeOut|||F|||50|,,,,,Bug]Ursaluna||FlameOrb|Guts|HeadlongRush,Facade,Earthquake,Protect|||M|||50|,,,,,Poison]Gholdengo||MetalCoat|GoodasGold|MakeItRain,ShadowBall,NastyPlot,Protect||||||50|,,,,,Water]Amoonguss||RockyHelmet|Regenerator|ClearSmog,PollenPuff,RagePowder,Spore|||M|||50|,,,,,Fairy]Kilowattrel||FocusSash|Competitive|Thunderbolt,AirSlash,Tailwind,Protect|||F|||50|,,,,,Ghost
|showteam|p2|Dondozo||Leftovers|Unaware|WaveCrash,OrderUp,Earthquake,Protect|||M|||50|,,,,,Grass]Sneasler||PsychicSeed|Unburden|DireClaw,CloseCombat,ThroatChop,Protect|||M|||50|,,,,,Dark]Ursaluna-Bloodmoon||LifeOrb|MindsEye|BloodMoon,HyperVoice,EarthPower,Protect|||M|||50|,,,,,Normal]Indeedee||FocusSash|PsychicSurge|ExpandingForce,TeraBlast,HelpingHand,Protect|||M|||50|,,,,,Psychic]Tatsugiri||SafetyGoggles|Commander|DracoMeteor,MuddyWater,HelpingHand,Protect|||M|||50|,,,,,Normal]Whimsicott||CovertCloak|Prankster|Moonblast,Tailwind,LightScreen,HelpingHand|||M|||50|,,,,,Poison
|inactive|Battle timer is ON: inactive players will automatically lose when time's up. (requested by Rhizanthes)
|inactive|Rhizanthes has 60 seconds left.
|inactive|spellbreakvgc has 60 seconds left.
|
|t:|1757716373
|teamsize|p1|4
|teamsize|p2|4
|start
|switch|p1a: Incineroar|Incineroar, L50, F|100/100
|switch|p1b: Netaminity|Mimikyu, L50, F|100/100
|switch|p2a: Ursaluna|Ursaluna-Bloodmoon, L50, M|100/100
|switch|p2b: Indeedee|Indeedee, L50, M|100/100
|-fieldstart|move: Psychic Terrain|[from] ability: Psychic Surge|[of] p2b: Indeedee
|-ability|p1a: Incineroar|Intimidate|boost
|-unboost|p2a: Ursaluna|atk|1
|-unboost|p2b: Indeedee|atk|1
|turn|1
|inactive|Rhizanthes has 30 seconds left.
|
|t:|1757716405
|-terastallize|p1a: Incineroar|Bug
|-terastallize|p2a: Ursaluna|Normal
|move|p2b: Indeedee|Protect|p2b: Indeedee
|-singleturn|p2b: Indeedee|Protect
|move|p1b: Netaminity|Wood Hammer|p2a: Ursaluna
|-damage|p2a: Ursaluna|59/100
|-damage|p1b: Netaminity|84/100|[from] Recoil
|-damage|p1b: Netaminity|75/100|[from] item: Life Orb
|move|p1a: Incineroar|Knock Off|p2a: Ursaluna
|-damage|p2a: Ursaluna|26/100
|-enditem|p2a: Ursaluna|Life Orb|[from] move: Knock Off|[of] p1a: Incineroar
|move|p2a: Ursaluna|Blood Moon|p1a: Incineroar
|-damage|p1a: Incineroar|0 fnt
|faint|p1a: Incineroar
|
|upkeep
|
|t:|1757716415
|switch|p1a: Ursaluna|Ursaluna, L50, M|100/100
|turn|2
|inactive|Rhizanthes has 30 seconds left.
|inactive|spellbreakvgc has 30 seconds left.
|
|t:|1757716448
|move|p2b: Indeedee|Expanding Force|p1a: Ursaluna|[spread] p1a,p1b
|-damage|p1a: Ursaluna|47/100
|-activate|p1b: Netaminity|ability: Disguise
|-damage|p1b: Netaminity|75/100
|detailschange|p1b: Netaminity|Mimikyu-Busted, L50, F
|-damage|p1b: Netaminity|62/100|[from] pokemon: Mimikyu-Busted
|move|p1b: Netaminity|Play Rough|p2a: Ursaluna
|-damage|p2a: Ursaluna|0 fnt
|faint|p2a: Ursaluna
|-damage|p1b: Netaminity|52/100|[from] item: Life Orb
|move|p1a: Ursaluna|Facade|p2b: Indeedee
|-damage|p2b: Indeedee|12/100
|
|-status|p1a: Ursaluna|brn|[from] item: Flame Orb
|upkeep
|
|t:|1757716465
|switch|p2a: Dondozo|Dondozo, L50, M|100/100
|turn|3
|
|t:|1757716482
|switch|p2b: Tatsugiri|Tatsugiri, L50, M|100/100
|-activate|p2b: Tatsugiri|ability: Commander|[of] p2a: Dondozo
|-boost|p2a: Dondozo|atk|2
|-boost|p2a: Dondozo|spa|2
|-boost|p2a: Dondozo|spe|2
|-boost|p2a: Dondozo|def|2
|-boost|p2a: Dondozo|spd|2
|move|p1a: Ursaluna|Protect|p1a: Ursaluna
|-singleturn|p1a: Ursaluna|Protect
|move|p2a: Dondozo|Wave Crash|p1b: Netaminity
|-damage|p1b: Netaminity|0 fnt
|faint|p1b: Netaminity
|-damage|p2a: Dondozo|88/100|[from] Recoil
|
|-heal|p2a: Dondozo|94/100|[from] item: Leftovers
|-damage|p1a: Ursaluna|41/100 brn|[from] brn
|upkeep
|
|t:|1757716492
|switch|p1b: Amoonguss|Amoonguss, L50, M|100/100
|turn|4
|
|t:|1757716506
|move|p1a: Ursaluna|Protect|p1a: Ursaluna
|-singleturn|p1a: Ursaluna|Protect
|move|p2a: Dondozo|Wave Crash|p1a: Ursaluna
|-activate|p1a: Ursaluna|move: Protect
|move|p1b: Amoonguss|Clear Smog|p2a: Dondozo
|-damage|p2a: Dondozo|86/100
|-clearboost|p2a: Dondozo
|
|-heal|p2a: Dondozo|92/100|[from] item: Leftovers
|-damage|p1a: Ursaluna|35/100 brn|[from] brn
|upkeep
|turn|5
|
|t:|1757716514
|move|p1b: Amoonguss|Rage Powder|p1b: Amoonguss
|-singleturn|p1b: Amoonguss|move: Rage Powder
|move|p1a: Ursaluna|Facade|p2a: Dondozo
|-damage|p2a: Dondozo|5/100
|move|p2a: Dondozo|Wave Crash|p1b: Amoonguss
|-resisted|p1b: Amoonguss
|-damage|p1b: Amoonguss|81/100
|-damage|p2a: Dondozo|0 fnt|[from] item: Rocky Helmet|[of] p1b: Amoonguss
|faint|p2a: Dondozo
|
|-damage|p1a: Ursaluna|29/100 brn|[from] brn
|-fieldend|move: Psychic Terrain
|upkeep
|
|t:|1757716519
|switch|p2a: Indeedee|Indeedee, L50, M|12/100
|-fieldstart|move: Psychic Terrain|[from] ability: Psychic Surge|[of] p2a: Indeedee
|turn|6
|inactive|Rhizanthes has 30 seconds left.
|
|t:|1757716546
|move|p1a: Ursaluna|Protect|p1a: Ursaluna
|-singleturn|p1a: Ursaluna|Protect
|move|p2a: Indeedee|Expanding Force|p1b: Amoonguss|[spread] p1b
|-activate|p1a: Ursaluna|move: Protect
|-supereffective|p1b: Amoonguss
|-damage|p1b: Amoonguss|0 fnt
|faint|p1b: Amoonguss
|move|p2b: Tatsugiri|Muddy Water|p1a: Ursaluna
|-activate|p1a: Ursaluna|move: Protect
|
|-damage|p1a: Ursaluna|23/100 brn|[from] brn
|upkeep
|turn|7
|
|t:|1757716560
|move|p2a: Indeedee|Expanding Force|p1a: Ursaluna
|-damage|p1a: Ursaluna|0 fnt
|faint|p1a: Ursaluna
|
|win|spellbreakvgc
