|j|☆Locsen
|j|☆ThetaB
|html|LocsenThetaB    
|uhtml|bestof|Game 1 of a best-of-3
|t:|1757188933
|gametype|doubles
|player|p1|Locsen|101|1003
|player|p2|ThetaB|palmer|1125
|gen|9
|tier|[Gen 9] VGC 2025 Reg H (Bo3)
|rated|
|rule|Species Clause: Limit one of each Pokémon
|rule|Item Clause: Limit 1 of each item
|clearpoke
|poke|p1|Tyranitar, L50, M|
|poke|p1|Garchomp, L50, F|
|poke|p1|Incineroar, L50, M|
|poke|p1|Amoonguss, L50, F|
|poke|p1|Indeedee-F, L50, F|
|poke|p1|Dondozo, L50, F|
|poke|p2|Excadrill, L50, F|
|poke|p2|Tyranitar, L50, M|
|poke|p2|Sneasler, L50, F|
|poke|p2|Indeedee, L50, M|
|poke|p2|Corviknight, L50, M|
|poke|p2|Annihilape, L50, M|
|teampreview|4
|showteam|p1|Tyranitar||AssaultVest|SandStream|Bulldoze,RockSlide,KnockOff,ThunderPunch|||M|||50|,,,,,Flying]Garchomp||BrightPowder|SandVeil|Protect,Substitute,SwordsDance,Earthquake|||F|||50|,,,,,Steel]Incineroar||SafetyGoggles|Intimidate|Protect,KnockOff,FakeOut,PartingShot|||M|||50|,,,,,Grass]Amoonguss||SitrusBerry|Regenerator|Protect,Spore,RagePowder,SludgeBomb|||F|||50|,,,,,Water]Indeedee-F||FocusSash|PsychicSurge|Protect,TrickRoom,FakeOut,HelpingHand|||F|||50|,,,,,Fairy]Dondozo||Leftovers|Oblivious|Protect,WaveCrash,Yawn,SleepTalk|||F|||50|,,,,,Grass
|showteam|p2|Excadrill||FocusSash|SandRush|IronHead,HighHorsepower,Earthquake,Protect|||F|||50|,,,,,Stellar]Tyranitar||AssaultVest|SandStream|RockSlide,KnockOff,TeraBlast,LowKick|||M|||50|,,,,,Flying]Sneasler||PsychicSeed|Unburden|DireClaw,CloseCombat,ThroatChop,Protect|||F|||50|,,,,,Dark]Indeedee||ChoiceScarf|PsychicSurge|ExpandingForce,TeraBlast,Protect,Trick|||M|||50|,,,,,Psychic]Corviknight||Leftovers|MirrorArmor|BraveBird,BulkUp,Roost,Tailwind|||M|||50|,,,,,Dragon]Annihilape||SafetyGoggles|Defiant|CloseCombat,FinalGambit,RageFist,Taunt|||M|||50|,,,,,Water
|inactive|Battle timer is ON: inactive players will automatically lose when time's up. (requested by Locsen)
|inactive|ThetaB has 60 seconds left.
|
|t:|1757188977
|teamsize|p1|4
|teamsize|p2|4
|start
|switch|p1a: Garchomp|Garchomp, L50, F|100/100
|switch|p1b: Incineroar|Incineroar, L50, M|100/100
|switch|p2a: Annihilape|Annihilape, L50, M|100/100
|switch|p2b: Corviknight|Corviknight, L50, M|100/100
|-ability|p1b: Incineroar|Intimidate|boost
|-unboost|p2a: Annihilape|atk|1
|-ability|p2a: Annihilape|Defiant|boost
|-boost|p2a: Annihilape|atk|2
|-ability|p2b: Corviknight|Mirror Armor
|-unboost|p1b: Incineroar|atk|1
|turn|1
|inactive|Locsen has 30 seconds left.
|inactive|ThetaB has 30 seconds left.
|inactive|Locsen has 20 seconds left.
|
|t:|1757189015
|switch|p1a: Amoonguss|Amoonguss, L50, F|100/100
|move|p1b: Incineroar|Fake Out|p2b: Corviknight
|-resisted|p2b: Corviknight
|-damage|p2b: Corviknight|98/100
|move|p2a: Annihilape|Close Combat|p1a: Amoonguss
|-resisted|p1a: Amoonguss
|-damage|p1a: Amoonguss|67/100
|-unboost|p2a: Annihilape|def|1
|-unboost|p2a: Annihilape|spd|1
|cant|p2b: Corviknight|flinch
|
|-heal|p2b: Corviknight|100/100|[from] item: Leftovers
|upkeep
|turn|2
|inactive|Locsen has 30 seconds left.
|
|t:|1757189046
|move|p2a: Annihilape|Final Gambit|p1a: Amoonguss
|-damage|p1a: Amoonguss|0 fnt
|faint|p2a: Annihilape
|faint|p1a: Amoonguss
|move|p2b: Corviknight|Tailwind|p2b: Corviknight
|-sidestart|p2: ThetaB|move: Tailwind
|move|p1b: Incineroar|Knock Off|p2b: Corviknight
|-damage|p2b: Corviknight|79/100
|-enditem|p2b: Corviknight|Leftovers|[from] move: Knock Off|[of] p1b: Incineroar
|
|upkeep
|
|t:|1757189059
|switch|p2a: Excadrill|Excadrill, L50, F, shiny|100/100
|switch|p1a: Tyranitar|Tyranitar, L50, M|100/100
|-weather|Sandstorm|[from] ability: Sand Stream|[of] p1a: Tyranitar
|turn|3
|
|t:|1757189082
|-terastallize|p1a: Tyranitar|Flying
|move|p2a: Excadrill|Earthquake|p1a: Tyranitar|[spread] p1b
|-immune|p2b: Corviknight
|-immune|p1a: Tyranitar
|-supereffective|p1b: Incineroar
|-damage|p1b: Incineroar|32/100
|move|p2b: Corviknight|Bulk Up|p2b: Corviknight
|-boost|p2b: Corviknight|atk|1
|-boost|p2b: Corviknight|def|1
|move|p1a: Tyranitar|Rock Slide|p2b: Corviknight|[spread] p2a,p2b
|-resisted|p2a: Excadrill
|-damage|p2a: Excadrill|90/100
|-damage|p2b: Corviknight|64/100
|move|p1b: Incineroar|Parting Shot|p2a: Excadrill
|-unboost|p2a: Excadrill|atk|1
|-unboost|p2a: Excadrill|spa|1
|
|t:|1757189097
|switch|p1b: Garchomp|Garchomp, L50, F|100/100|[from] Parting Shot
|
|-weather|Sandstorm|[upkeep]
|-damage|p1a: Tyranitar|94/100|[from] Sandstorm
|upkeep
|turn|4
|inactive|ThetaB has 30 seconds left.
|
|t:|1757189123
|move|p1b: Garchomp|Protect|p1b: Garchomp
|-singleturn|p1b: Garchomp|Protect
|move|p2a: Excadrill|Iron Head|p1b: Garchomp
|-activate|p1b: Garchomp|move: Protect
|move|p2b: Corviknight|Brave Bird|p1b: Garchomp
|-activate|p1b: Garchomp|move: Protect
|move|p1a: Tyranitar|Thunder Punch|p2b: Corviknight
|-supereffective|p2b: Corviknight
|-damage|p2b: Corviknight|37/100
|
|-weather|Sandstorm|[upkeep]
|-damage|p1a: Tyranitar|88/100|[from] Sandstorm
|upkeep
|turn|5
|
|t:|1757189143
|switch|p1b: Incineroar|Incineroar, L50, M|32/100
|-ability|p1b: Incineroar|Intimidate|boost
|-unboost|p2a: Excadrill|atk|1
|-ability|p2b: Corviknight|Mirror Armor
|-unboost|p1b: Incineroar|atk|1
|move|p2a: Excadrill|Earthquake|p1a: Tyranitar|[spread] p1b
|-immune|p2b: Corviknight
|-immune|p1a: Tyranitar
|-supereffective|p1b: Incineroar
|-damage|p1b: Incineroar|0 fnt
|faint|p1b: Incineroar
|move|p2b: Corviknight|Brave Bird|p1a: Tyranitar
|-damage|p1a: Tyranitar|32/100
|-damage|p2b: Corviknight|21/100|[from] Recoil
|move|p1a: Tyranitar|Thunder Punch|p2b: Corviknight
|-supereffective|p2b: Corviknight
|-damage|p2b: Corviknight|0 fnt
|faint|p2b: Corviknight
|
|-weather|Sandstorm|[upkeep]
|-damage|p1a: Tyranitar|26/100|[from] Sandstorm
|-sideend|p2: ThetaB|move: Tailwind
|upkeep
|
|t:|1757189159
|switch|p2b: Tyranitar|Tyranitar, L50, M, shiny|100/100
|switch|p1b: Garchomp|Garchomp, L50, F|100/100
|turn|6
|inactive|Locsen has 30 seconds left.
|inactive|ThetaB has 30 seconds left.
|
|t:|1757189188
|-terastallize|p2b: Tyranitar|Flying
|move|p1b: Garchomp|Protect|p1b: Garchomp
|-singleturn|p1b: Garchomp|Protect
|move|p2a: Excadrill|Iron Head|p1a: Tyranitar
|-damage|p1a: Tyranitar|8/100
|move|p2b: Tyranitar|Knock Off|p1a: Tyranitar
|-damage|p1a: Tyranitar|0 fnt
|-enditem|p1a: Tyranitar|Assault Vest|[from] move: Knock Off|[of] p2b: Tyranitar
|faint|p1a: Tyranitar
|
|-weather|Sandstorm|[upkeep]
|-damage|p2b: Tyranitar|95/100|[from] Sandstorm
|upkeep
|turn|7
|-message|Locsen forfeited.
|
|win|ThetaB
|l|☆Locsen
|player|p1|
||ThetaB is ready for game 2.
||Locsen is ready for game 2.
|uhtml|next|Next: Game 2 of 3
