|j|‽Draxthbest2
|j|☆nudisto
|html|Draxthbest2nudisto    
|uhtml|bestof|Game 2 of a best-of-3
|t:|1786132288
|gametype|doubles
|player|p1|Draxthbest2|101|1000
|player|p2|nudisto|tuber|1026
|gen|9
|tier|[Gen 9 Champions] VGC 2026 Reg M-B (Bo3)
|rated|
|rule|Species Clause: Limit one of each Pokémon
|rule|Item Clause: Limit 1 of each item
|clearpoke
|poke|p1|Charizard, L50, F|
|poke|p1|Venusaur, L50, F|
|poke|p1|Basculegion, L50, M|
|poke|p1|Kingambit, L50, F|
|poke|p1|Floette-Eternal, L50, F|
|poke|p1|Sneasler, L50, M|
|poke|p2|Swampert, L50, F, shiny|
|poke|p2|Pelipper, L50, F|
|poke|p2|Archaludon, L50, F|
|poke|p2|Farigiraf, L50, M|
|poke|p2|Venusaur, L50, M|
|poke|p2|Incineroar, L50, M|
|teampreview|4
|showteam|p1|Charizard||CharizarditeY|Blaze|HeatWave,SolarBeam,Protect,WeatherBall|Timid||F|||50|]Venusaur||FocusSash|Chlorophyll|SleepPowder,LeafStorm,SludgeBomb,EarthPower|Modest||F|||50|]Basculegion||ChoiceScarf|Adaptability|WaveCrash,LastRespects,FlipTurn,AquaJet|Jolly||M|||50|]Kingambit||ChopleBerry|Defiant|SuckerPunch,IronHead,Protect,KowtowCleave|Adamant||F|||50|]Floette-Eternal||Floettite|FlowerVeil|Moonblast,DazzlingGleam,Protect,LightofRuin|Timid||F|||50|]Sneasler||WhiteHerb|Unburden|DireClaw,CloseCombat,Protect,FakeOut|Adamant||M|||50|
|showteam|p2|Swampert||Swampertite|Torrent|HighHorsepower,WaveCrash,RockSlide,Protect|Adamant||F|||50|]Pelipper||LifeOrb|Drizzle|WeatherBall,Hurricane,Protect,Tailwind|Modest||F|||50|]Archaludon||Leftovers|Stamina|ElectroShot,FlashCannon,DragonPulse,Protect|Timid||F|||50|]Farigiraf||ColburBerry|ArmorTail|TwinBeam,HelpingHand,Thunderbolt,Protect|Calm||M|||50|]Venusaur||FocusSash|Chlorophyll|EnergyBall,SludgeBomb,EarthPower,SleepPowder|Modest||M|||50|]Incineroar||SitrusBerry|Intimidate|FlareBlitz,FakeOut,PartingShot,DarkestLariat|Brave||M|||50|
|
|t:|1786132317
|teamsize|p1|4
|teamsize|p2|4
|start
|switch|p1a: Charizard|Charizard, L50, F|100/100
|switch|p1b: Venusaur|Venusaur, L50, F|100/100
|switch|p2a: Farigiraf|Farigiraf, L50, M|100/100
|switch|p2b: Venusaur|Venusaur, L50, M|100/100
|turn|1
|
|t:|1786132354
|move|p1a: Charizard|Protect|p1a: Charizard
|-singleturn|p1a: Charizard|Protect
|move|p2b: Venusaur|Sleep Powder|p1a: Charizard
|-activate|p1a: Charizard|move: Protect
|move|p1b: Venusaur|Sludge Bomb|p2b: Venusaur
|-crit|p2b: Venusaur
|-damage|p2b: Venusaur|21/100
|move|p2a: Farigiraf|Twin Beam|p1b: Venusaur
|-supereffective|p1b: Venusaur|1
|-damage|p1b: Venusaur|60/100
|-supereffective|p1b: Venusaur|1
|-damage|p1b: Venusaur|26/100
|-hitcount|p1b: Venusaur|2
|
|upkeep
|turn|2
|
|t:|1786132396
|move|p1a: Charizard|Heat Wave|p2a: Farigiraf|[spread] p2a,p2b
|-supereffective|p2b: Venusaur|1
|-damage|p2a: Farigiraf|72/100
|-damage|p2b: Venusaur|0 fnt
|faint|p2b: Venusaur
|move|p1b: Venusaur|Sleep Powder|p2a: Farigiraf
|-status|p2a: Farigiraf|slp|[from] move: Sleep Powder
|cant|p2a: Farigiraf|slp
|
|upkeep
|inactive|Battle timer is ON: inactive players will automatically lose when time's up. (requested by Draxthbest2)
|
|t:|1786132406
|switch|p2b: Swampert|Swampert, L50, F, shiny|100/100
|turn|3
|
|t:|1786132419
|detailschange|p2b: Swampert|Swampert-Mega, L50, F, shiny
|-mega|p2b: Swampert|Swampert|Swampertite
|move|p1a: Charizard|Protect|p1a: Charizard
|-singleturn|p1a: Charizard|Protect
|move|p2b: Swampert|Protect|p2b: Swampert
|-singleturn|p2b: Swampert|Protect
|move|p1b: Venusaur|Leaf Storm|p2b: Swampert
|-activate|p2b: Swampert|move: Protect
|cant|p2a: Farigiraf|slp
|
|upkeep
|turn|4
|inactive|nudisto has 30 seconds left.
|
|t:|1786132453
|switch|p2b: Pelipper|Pelipper, L50, F|100/100
|-weather|RainDance|[from] ability: Drizzle|[of] p2b: Pelipper
|detailschange|p1a: Charizard|Charizard-Mega-Y, L50, F
|-mega|p1a: Charizard|Charizard|Charizardite Y
|-weather|SunnyDay|[from] ability: Drought|[of] p1a: Charizard
|move|p1b: Venusaur|Sleep Powder|p2b: Pelipper|[miss]
|-miss|p1b: Venusaur|p2b: Pelipper
|move|p1a: Charizard|Solar Beam||[still]
|-prepare|p1a: Charizard|Solar Beam
|-anim|p1a: Charizard|Solar Beam|p2b: Pelipper
|-damage|p2b: Pelipper|43/100
|-curestatus|p2a: Farigiraf|slp|[msg]
|move|p2a: Farigiraf|Twin Beam|p1b: Venusaur
|-supereffective|p1b: Venusaur|1
|-damage|p1b: Venusaur|0 fnt
|faint|p1b: Venusaur
|-hitcount|p1: Venusaur|1
|
|-weather|SunnyDay|[upkeep]
|upkeep
|inactive|Draxthbest2 has 30 seconds left.
|
|t:|1786132479
|switch|p1b: Sneasler|Sneasler, L50, M|100/100
|turn|5
|
|t:|1786132504
|move|p2b: Pelipper|Protect|p2b: Pelipper
|-singleturn|p2b: Pelipper|Protect
|move|p1b: Sneasler|Fake Out||[still]
|cant|p2a: Farigiraf|ability: Armor Tail|Fake Out|[of] p1b: Sneasler
|move|p1a: Charizard|Solar Beam||[still]
|-prepare|p1a: Charizard|Solar Beam
|-anim|p1a: Charizard|Solar Beam|p2b: Pelipper
|-activate|p2b: Pelipper|move: Protect
|move|p2a: Farigiraf|Twin Beam|p1b: Sneasler
|-supereffective|p1b: Sneasler|2
|-damage|p1b: Sneasler|23/100
|-supereffective|p1b: Sneasler|2
|-damage|p1b: Sneasler|0 fnt
|faint|p1b: Sneasler
|-hitcount|p1: Sneasler|2
|
|-weather|SunnyDay|[upkeep]
|upkeep
|
|t:|1786132522
|switch|p1b: Basculegion|Basculegion, L50, M|100/100
|turn|6
|inactive|Draxthbest2 has 30 seconds left.
|inactive|nudisto has 30 seconds left.
|
|t:|1786132553
|move|p1b: Basculegion|Last Respects|p2b: Pelipper
|-damage|p2b: Pelipper|0 fnt
|faint|p2b: Pelipper
|move|p1a: Charizard|Solar Beam||[still]
|-prepare|p1a: Charizard|Solar Beam
|-anim|p1a: Charizard|Solar Beam|p2a: Farigiraf
|-damage|p2a: Farigiraf|34/100
|move|p2a: Farigiraf|Thunderbolt|p1a: Charizard
|-supereffective|p1a: Charizard|1
|-damage|p1a: Charizard|50/100g
|
|-weather|SunnyDay|[upkeep]
|upkeep
|
|t:|1786132565
|switch|p2b: Swampert|Swampert-Mega, L50, F, shiny|100/100
|turn|7
|inactive|nudisto has 30 seconds left.
|
|t:|1786132593
|move|p2b: Swampert|Protect|p2b: Swampert
|-singleturn|p2b: Swampert|Protect
|move|p1b: Basculegion|Last Respects|p2b: Swampert
|-activate|p2b: Swampert|move: Protect
|move|p1a: Charizard|Weather Ball|p2a: Farigiraf
|-damage|p2a: Farigiraf|0 fnt
|faint|p2a: Farigiraf
|
|-weather|SunnyDay|[upkeep]
|upkeep
|turn|8
|
|t:|1786132608
|move|p1b: Basculegion|Last Respects|p2b: Swampert
|-damage|p2b: Swampert|14/100
|move|p1a: Charizard|Solar Beam||[still]
|-prepare|p1a: Charizard|Solar Beam
|-anim|p1a: Charizard|Solar Beam|p2b: Swampert
|-supereffective|p2b: Swampert|2
|-damage|p2b: Swampert|0 fnt
|faint|p2b: Swampert
|
|win|Draxthbest2
|raw|Draxthbest2's rating: 1000 → 1043(+43 for winning)
|raw|nudisto's rating: 1026 → 1011(-15 for losing)
