|j|☆Timothim Chalombre
|j|☆wind charmer
|html|Timothim Chalombrewind charmer    
|uhtml|bestof|Game 1 of a best-of-3
|t:|1756870073
|gametype|doubles
|player|p1|Timothim Chalombre|cynthia-gen4|1187
|player|p2|wind charmer|jasmine|1174
|gen|9
|tier|[Gen 9] VGC 2025 Reg H (Bo3)
|rated|
|rule|Species Clause: Limit one of each Pokémon
|rule|Item Clause: Limit 1 of each item
|clearpoke
|poke|p1|Ursaluna, L50, M|
|poke|p1|Incineroar, L50, F|
|poke|p1|Archaludon, L50, M|
|poke|p1|Sneasler, L50, F|
|poke|p1|Yanmega, L50, F|
|poke|p1|Oranguru, L50, F|
|poke|p2|Garchomp, L50, F|
|poke|p2|Milotic, L50, F|
|poke|p2|Gholdengo, L50|
|poke|p2|Talonflame, L50, M|
|poke|p2|Amoonguss, L50, F|
|poke|p2|Tyranitar, L50, F|
|teampreview|4
|showteam|p1|Ursaluna||FlameOrb|Guts|Facade,HeadlongRush,Earthquake,Protect|||M|||50|,,,,,Fairy]Incineroar||SafetyGoggles|Intimidate|FakeOut,KnockOff,FlareBlitz,PartingShot|||F|||50|,,,,,Ghost]Archaludon||PowerHerb|Stalwart|DragonPulse,Thunderbolt,ElectroShot,Protect|||M|||50|,,,,,Electric]Sneasler||WhiteHerb|Unburden|DireClaw,CloseCombat,SwordsDance,Protect|||F|||50|,,,,,Stellar]Yanmega||FocusSash|SpeedBoost|AirSlash,ShadowBall,Tailwind,Protect|||F|||50|,,,,,Ghost]Oranguru||CovertCloak|Telepathy|Psychic,Yawn,TrickRoom,Protect|||F|||50|,,,,,Grass
|showteam|p2|Garchomp||LifeOrb|RoughSkin|Earthquake,StompingTantrum,DragonClaw,Protect|||F|||50|,,,,,Ground]Milotic||SafetyGoggles|Competitive|Scald,IcyWind,Haze,Protect|||F|||50|,,,,,Dragon]Gholdengo||MetalCoat|GoodasGold|MakeItRain,ShadowBall,NastyPlot,Protect||||||50|,,,,,Flying]Talonflame||CovertCloak|GaleWings|BraveBird,Tailwind,WillOWisp,Taunt|||M|||50|,,,,,Ghost]Amoonguss||SitrusBerry|Regenerator|Spore,PollenPuff,RagePowder,Protect|||F|||50|,,,,,Water]Tyranitar||AssaultVest|SandStream|RockSlide,KnockOff,LowKick,TeraBlast|||F|||50|,,,,,Flying
|
|t:|1756870130
|teamsize|p1|4
|teamsize|p2|4
|start
|switch|p1a: Yanmega|Yanmega, L50, F|100/100
|switch|p1b: Sneasler|Sneasler, L50, F|100/100
|switch|p2a: Milotic|Milotic, L50, F|100/100
|switch|p2b: Gholdengo|Gholdengo, L50|100/100
|turn|1
|
|t:|1756870172
|move|p1b: Sneasler|Swords Dance|p1b: Sneasler
|-boost|p1b: Sneasler|atk|2
|move|p2b: Gholdengo|Make It Rain|p1a: Yanmega|[spread] p1a,p1b
|-damage|p1a: Yanmega|9/100
|-damage|p1b: Sneasler|36/100
|-unboost|p2b: Gholdengo|spa|1
|move|p1a: Yanmega|Shadow Ball|p2b: Gholdengo
|-supereffective|p2b: Gholdengo
|-damage|p2b: Gholdengo|45/100
|move|p2a: Milotic|Icy Wind|p1b: Sneasler|[spread] p1a,p1b
|-supereffective|p1a: Yanmega
|-damage|p1a: Yanmega|0 fnt
|-damage|p1b: Sneasler|21/100
|-unboost|p1b: Sneasler|spe|1
|faint|p1a: Yanmega
|-enditem|p1b: Sneasler|White Herb
|-clearnegativeboost|p1b: Sneasler|[silent]
|
|upkeep
|
|t:|1756870182
|switch|p1a: Ursaluna|Ursaluna, L50, M|100/100
|turn|2
|
|t:|1756870239
|move|p1b: Sneasler|Protect|p1b: Sneasler
|-singleturn|p1b: Sneasler|Protect
|move|p1a: Ursaluna|Protect|p1a: Ursaluna
|-singleturn|p1a: Ursaluna|Protect
|move|p2b: Gholdengo|Make It Rain|p1a: Ursaluna|[spread] 
|-activate|p1a: Ursaluna|move: Protect
|-activate|p1b: Sneasler|move: Protect
|move|p2a: Milotic|Icy Wind|p1b: Sneasler|[spread] 
|-activate|p1a: Ursaluna|move: Protect
|-activate|p1b: Sneasler|move: Protect
|
|-status|p1a: Ursaluna|brn|[from] item: Flame Orb
|upkeep
|turn|3
|
|t:|1756870252
|move|p1b: Sneasler|Close Combat|p2a: Milotic
|-damage|p2a: Milotic|0 fnt
|-unboost|p1b: Sneasler|def|1
|-unboost|p1b: Sneasler|spd|1
|faint|p2a: Milotic
|move|p2b: Gholdengo|Make It Rain|p1b: Sneasler|[spread] p1a,p1b
|-damage|p1a: Ursaluna|70/100 brn
|-damage|p1b: Sneasler|0 fnt
|-unboost|p2b: Gholdengo|spa|1
|faint|p1b: Sneasler
|move|p1a: Ursaluna|Headlong Rush|p2b: Gholdengo
|-supereffective|p2b: Gholdengo
|-damage|p2b: Gholdengo|0 fnt
|-unboost|p1a: Ursaluna|def|1
|-unboost|p1a: Ursaluna|spd|1
|faint|p2b: Gholdengo
|
|-damage|p1a: Ursaluna|64/100 brn|[from] brn
|upkeep
|
|t:|1756870263
|switch|p1b: Incineroar|Incineroar, L50, F|100/100
|switch|p2b: Garchomp|Garchomp, L50, F|100/100
|switch|p2a: Tyranitar|Tyranitar, L50, F|100/100
|-weather|Sandstorm|[from] ability: Sand Stream|[of] p2a: Tyranitar
|-ability|p1b: Incineroar|Intimidate|boost
|-unboost|p2a: Tyranitar|atk|1
|-unboost|p2b: Garchomp|atk|1
|turn|4
|
|t:|1756870310
|-terastallize|p2a: Tyranitar|Flying
|-terastallize|p1a: Ursaluna|Fairy
|move|p2b: Garchomp|Stomping Tantrum|p1a: Ursaluna
|-damage|p1a: Ursaluna|27/100 brn
|-damage|p2b: Garchomp|91/100|[from] item: Life Orb
|move|p2a: Tyranitar|Rock Slide|p1b: Incineroar|[spread] p1a,p1b
|-supereffective|p1b: Incineroar
|-damage|p1a: Ursaluna|3/100 brn
|-damage|p1b: Incineroar|64/100
|move|p1a: Ursaluna|Facade|p2b: Garchomp
|-damage|p2b: Garchomp|0 fnt
|-damage|p1a: Ursaluna|0 fnt|[from] ability: Rough Skin|[of] p2b: Garchomp
|faint|p2b: Garchomp
|faint|p1a: Ursaluna
|move|p1b: Incineroar|Flare Blitz|p2a: Tyranitar
|-damage|p2a: Tyranitar|59/100
|-damage|p1b: Incineroar|51/100|[from] Recoil
|
|-weather|Sandstorm|[upkeep]
|-damage|p2a: Tyranitar|53/100|[from] Sandstorm
|upkeep
|turn|5
|
|t:|1756870328
|move|p2a: Tyranitar|Low Kick|p1b: Incineroar
|-supereffective|p1b: Incineroar
|-damage|p1b: Incineroar|15/100
|move|p1b: Incineroar|Flare Blitz|p2a: Tyranitar
|-damage|p2a: Tyranitar|15/100
|-damage|p1b: Incineroar|2/100|[from] Recoil
|
|-weather|Sandstorm|[upkeep]
|-damage|p2a: Tyranitar|9/100|[from] Sandstorm
|upkeep
|turn|6
|
|t:|1756870365
|move|p2a: Tyranitar|Low Kick|p1b: Incineroar
|-supereffective|p1b: Incineroar
|-damage|p1b: Incineroar|0 fnt
|faint|p1b: Incineroar
|
|win|wind charmer
||Timothim Chalombre is ready for game 2.
||wind charmer is ready for game 2.
|uhtml|next|Next: Game 2 of 3
