|j|☆25th_mang
|j|☆Zacharykeith
|html|25th_mangZacharykeith    
|uhtml|bestof|Game 1 of a best-of-3
|t:|1757760760
|gametype|doubles
|player|p1|25th_mang|ballguy|1022
|player|p2|Zacharykeith|fisherman-gen4|1099
|gen|9
|tier|[Gen 9] VGC 2025 Reg H (Bo3)
|rated|
|rule|Species Clause: Limit one of each Pokémon
|rule|Item Clause: Limit 1 of each item
|clearpoke
|poke|p1|Pelipper, L50, F|
|poke|p1|Archaludon, L50, F|
|poke|p1|Quaquaval, L50, F|
|poke|p1|Kingambit, L50, F|
|poke|p1|Rillaboom, L50, F|
|poke|p1|Dragapult, L50, F|
|poke|p2|Baxcalibur, L50, M|
|poke|p2|Kingambit, L50, M|
|poke|p2|Dondozo, L50, F|
|poke|p2|Rillaboom, L50, M|
|poke|p2|Magmar, L50, F|
|poke|p2|Sneasler, L50, M|
|teampreview|4
|showteam|p1|Pelipper||ChoiceScarf|Drizzle|Hurricane,WeatherBall,Tailwind,Uturn|||F|||50|,,,,,Ghost]Archaludon||ChoiceSpecs|Sturdy|ElectroShot,FlashCannon,DracoMeteor,DragonPulse|||F|||50|,,,,,Electric]Quaquaval||FocusSash|Moxie|AquaStep,UpperHand,CloseCombat,Protect|||F|||50|,,,,,Water]Kingambit||BlackGlasses|Defiant|KowtowCleave,SuckerPunch,IronHead,Protect|||F|||50|,,,,,Dark]Rillaboom||AssaultVest|GrassySurge|FakeOut,WoodHammer,GrassyGlide,Uturn|||F|||50|,,,,,Fire]Dragapult||ChoiceBand|ClearBody|DragonDarts,Outrage,PhantomForce,Uturn|||F|||50|,,,,,Dragon
|showteam|p2|Baxcalibur||LoadedDice|ThermalExchange|IcicleSpear,IceShard,ScaleShot,Protect|||M|||50|,,,,,Ghost]Kingambit||BlackGlasses|Defiant|SuckerPunch,KowtowCleave,SwordsDance,Protect|||M|||50|,,,,,Dark]Dondozo||Leftovers|Unaware|WaveCrash,Fissure,Yawn,Protect|||F|||50|,,,,,Grass]Rillaboom||AssaultVest|GrassySurge|FakeOut,GrassyGlide,WoodHammer,Uturn|||M|||50|,,,,,Fire]Magmar||Eviolite|VitalSpirit|Overheat,WillOWisp,FollowMe,Protect|||F|||50|,,,,,Fairy]Sneasler||FocusSash|PoisonTouch|DireClaw,CloseCombat,Coaching,Protect|||M|||50|,,,,,Stellar
|inactive|Battle timer is ON: inactive players will automatically lose when time's up. (requested by 25th_mang)
|inactive|25th_mang has 60 seconds left.
|inactive|Zacharykeith has 60 seconds left.
|
|t:|1757760800
|teamsize|p1|4
|teamsize|p2|4
|start
|switch|p1a: jeongsachaeng|Dragapult, L50, F, shiny|100/100
|switch|p1b: jihyo|Rillaboom, L50, F, shiny|100/100
|switch|p2a: Metal T-Rex|Baxcalibur, L50, M|100/100
|switch|p2b: Forest Dude|Rillaboom, L50, M, shiny|100/100
|-fieldstart|move: Grassy Terrain|[from] ability: Grassy Surge|[of] p2b: Forest Dude
|turn|1
|
|t:|1757760822
|-terastallize|p2a: Metal T-Rex|Ghost
|move|p1a: jeongsachaeng|Phantom Force||[still]
|-prepare|p1a: jeongsachaeng|Phantom Force
|move|p2a: Metal T-Rex|Scale Shot|p1a: jeongsachaeng|[miss]
|-miss|p2a: Metal T-Rex|p1a: jeongsachaeng
|move|p2b: Forest Dude|U-turn|p1b: jihyo
|-supereffective|p1b: jihyo
|-damage|p1b: jihyo|53/100
|
|t:|1757760832
|switch|p2b: Sneezy|Sneasler, L50, M|100/100|[from] U-turn
|move|p1b: jihyo|U-turn|p2b: Sneezy
|-resisted|p2b: Sneezy
|-damage|p2b: Sneezy|91/100
|
|t:|1757760840
|switch|p1b: dahyun|Pelipper, L50, F|100/100|[from] U-turn
|-weather|RainDance|[from] ability: Drizzle|[of] p1b: dahyun
|
|-weather|RainDance|[upkeep]
|-heal|p2b: Sneezy|97/100|[from] Grassy Terrain
|upkeep
|turn|2
|
|t:|1757760853
|switch|p2a: Donbozo|Dondozo, L50, F, shiny|100/100
|move|p1a: jeongsachaeng|Phantom Force|p2a: Donbozo|[from] lockedmove
|-damage|p2a: Donbozo|53/100
|move|p1b: dahyun|Hurricane|p2b: Sneezy
|-supereffective|p2b: Sneezy
|-crit|p2b: Sneezy
|-damage|p2b: Sneezy|0 fnt
|faint|p2b: Sneezy
|
|-weather|RainDance|[upkeep]
|-heal|p2a: Donbozo|59/100|[from] Grassy Terrain
|-heal|p2a: Donbozo|65/100|[from] item: Leftovers
|upkeep
|
|t:|1757760864
|switch|p2b: Metal T-Rex|Baxcalibur, L50, M, tera:Ghost|100/100
|turn|3
|
|t:|1757760882
|move|p2b: Metal T-Rex|Ice Shard|p1a: jeongsachaeng
|-supereffective|p1a: jeongsachaeng
|-damage|p1a: jeongsachaeng|27/100
|move|p1a: jeongsachaeng|Phantom Force||[still]
|-prepare|p1a: jeongsachaeng|Phantom Force
|move|p1b: dahyun|Hurricane|p2a: Donbozo
|-damage|p2a: Donbozo|33/100
|move|p2a: Donbozo|Wave Crash|p1b: dahyun
|-resisted|p1b: dahyun
|-damage|p1b: dahyun|52/100
|-damage|p2a: Donbozo|25/100|[from] Recoil
|
|-weather|RainDance|[upkeep]
|-heal|p2a: Donbozo|31/100|[from] Grassy Terrain
|-heal|p2a: Donbozo|37/100|[from] item: Leftovers
|upkeep
|turn|4
|
|t:|1757760899
|switch|p2b: Forest Dude|Rillaboom, L50, M, shiny|100/100
|move|p1a: jeongsachaeng|Phantom Force|p2b: Forest Dude|[from] lockedmove
|-damage|p2b: Forest Dude|36/100
|move|p1b: dahyun|Hurricane|p2a: Donbozo
|-damage|p2a: Donbozo|1/100
|move|p2a: Donbozo|Wave Crash|p1a: jeongsachaeng
|-resisted|p1a: jeongsachaeng
|-damage|p1a: jeongsachaeng|0 fnt
|faint|p1a: jeongsachaeng
|-damage|p2a: Donbozo|0 fnt|[from] Recoil
|faint|p2a: Donbozo
|
|-weather|RainDance|[upkeep]
|-heal|p2b: Forest Dude|42/100|[from] Grassy Terrain
|upkeep
|
|t:|1757760915
|switch|p1a: jihyo|Rillaboom, L50, F, shiny|53/100
|switch|p2a: Metal T-Rex|Baxcalibur, L50, M, tera:Ghost|100/100
|turn|5
|
|t:|1757760935
|-terastallize|p1b: dahyun|Ghost
|move|p2b: Forest Dude|Grassy Glide|p1b: dahyun
|-damage|p1b: dahyun|3/100
|move|p1a: jihyo|Grassy Glide|p2a: Metal T-Rex
|-damage|p2a: Metal T-Rex|61/100
|move|p1b: dahyun|Hurricane|p2b: Forest Dude
|-supereffective|p2b: Forest Dude
|-damage|p2b: Forest Dude|0 fnt
|faint|p2b: Forest Dude
|move|p2a: Metal T-Rex|Icicle Spear|p1a: jihyo
|-supereffective|p1a: jihyo
|-damage|p1a: jihyo|21/100
|-supereffective|p1a: jihyo
|-damage|p1a: jihyo|0 fnt
|faint|p1a: jihyo
|-hitcount|p1: jihyo|2
|
|-weather|none
|-heal|p1b: dahyun|9/100|[from] Grassy Terrain
|-heal|p2a: Metal T-Rex|67/100|[from] Grassy Terrain
|-fieldend|move: Grassy Terrain
|upkeep
|
|t:|1757760949
|switch|p1a: tzuyu|Archaludon, L50, F, shiny|100/100
|turn|6
|
|t:|1757760966
|move|p1b: dahyun|Hurricane|p2a: Metal T-Rex
|-damage|p2a: Metal T-Rex|20/100
|-start|p2a: Metal T-Rex|confusion
|move|p1a: tzuyu|Draco Meteor|p2a: Metal T-Rex
|-damage|p2a: Metal T-Rex|0 fnt
|-unboost|p1a: tzuyu|spa|2
|faint|p2a: Metal T-Rex
|
|win|25th_mang
|l|☆Zacharykeith
|player|p2|
||Zacharykeith is ready for game 2.
|inactive|25th_mang has 30 seconds to confirm battle start!
||25th_mang is ready for game 2.
|uhtml|next|Next: Game 2 of 3
