|j|☆marcosale1883
|j|☆Staali
|html|marcosale1883Staali    
|uhtml|bestof|Game 1 of a best-of-3
|t:|1784405850
|gametype|doubles
|player|p1|marcosale1883|265|1049
|player|p2|Staali|170|1000
|gen|9
|tier|[Gen 9 Champions] VGC 2026 Reg M-B (Bo3)
|rated|
|rule|Species Clause: Limit one of each Pokémon
|rule|Item Clause: Limit 1 of each item
|clearpoke
|poke|p1|Lucario, L50, M|
|poke|p1|Sylveon, L50, F|
|poke|p1|Incineroar, L50, M|
|poke|p1|Rotom-Mow, L50|
|poke|p1|Dragapult, L50, M|
|poke|p1|Garchomp, L50, F|
|poke|p2|Incineroar, L50, M|
|poke|p2|Clefable, L50, M|
|poke|p2|Rotom-Wash, L50|
|poke|p2|Sableye, L50, M|
|poke|p2|Sneasler, L50, F|
|poke|p2|Ninetales-Alola, L50, M|
|teampreview|4
|showteam|p1|Lucario||Lucarionite|Justified|AuraSphere,FlashCannon,VacuumWave,Detect|Timid||M|||50|]Sylveon||FairyFeather|Pixilate|HyperVoice,QuickAttack,HelpingHand,Detect|Modest||F|||50|]Incineroar||QuickClaw|Intimidate|FakeOut,FlareBlitz,PartingShot,Taunt|Impish||M|||50|]Rotom-Mow||Leftovers|Levitate|Thunder,LeafStorm,ThunderWave,Protect|Bold|||||50|]Dragapult||LifeOrb|ClearBody|DragonDarts,PhantomForce,Reflect,WillOWisp|Jolly||M|||50|]Garchomp||SitrusBerry|RoughSkin|DragonClaw,Earthquake,RockSlide,Protect|Jolly||F|||50|
|showteam|p2|Incineroar||Leftovers|Intimidate|FakeOut,FlareBlitz,ThroatChop,PartingShot|Impish||M|||50|]Clefable||Clefablite|Unaware|StoredPower,Protect,CosmicPower,Moonblast|Modest||M|||50|]Rotom-Wash||ChoiceScarf|Levitate|Trick,WillOWisp,HydroPump,VoltSwitch|Timid|||||50|]Sableye||FocusSash|Prankster|FakeOut,Disable,Encore,Quash|Impish||M|||50|]Sneasler||WhiteHerb|Unburden|FakeOut,DireClaw,CloseCombat,Feint|Adamant||F|||50|]Ninetales-Alola||SitrusBerry|SnowWarning|Blizzard,AuroraVeil,FreezeDry,Roar|Timid||M|||50|
|
|t:|1784405913
|teamsize|p1|4
|teamsize|p2|4
|start
|switch|p1a: Lucario|Lucario, L50, M|100/100
|switch|p1b: Sylveon|Sylveon, L50, F|100/100
|switch|p2a: Ninetales|Ninetales-Alola, L50, M|100/100
|switch|p2b: Sneasler|Sneasler, L50, F|100/100
|-weather|Snowscape|[from] ability: Snow Warning|[of] p2a: Ninetales
|turn|1
|
|t:|1784405934
|move|p1a: Lucario|Detect|p1a: Lucario
|-singleturn|p1a: Lucario|Protect
|move|p1b: Sylveon|Detect|p1b: Sylveon
|-singleturn|p1b: Sylveon|Protect
|move|p2a: Ninetales|Aurora Veil|p2a: Ninetales
|-sidestart|p2: Staali|move: Aurora Veil
|move|p2b: Sneasler|Dire Claw|p1b: Sylveon
|-activate|p1b: Sylveon|move: Protect
|
|-weather|Snowscape|[upkeep]
|upkeep
|turn|2
|
|t:|1784405974
|switch|p1b: Incineroar|Incineroar, L50, M|100/100
|-ability|p1b: Incineroar|Intimidate|boost
|-unboost|p2a: Ninetales|atk|1
|-unboost|p2b: Sneasler|atk|1
|-enditem|p2b: Sneasler|White Herb
|-clearnegativeboost|p2b: Sneasler|[silent]
|move|p2b: Sneasler|Close Combat|p1a: Lucario
|-supereffective|p1a: Lucario|1
|-damage|p1a: Lucario|0 fnt
|-unboost|p2b: Sneasler|def|1
|-unboost|p2b: Sneasler|spd|1
|faint|p1a: Lucario
|move|p2a: Ninetales|Roar|p1b: Incineroar
|drag|p1b: Sylveon|Sylveon, L50, F|100/100
|
|-weather|Snowscape|[upkeep]
|upkeep
|
|t:|1784405987
|switch|p1a: Incineroar|Incineroar, L50, M|100/100
|-ability|p1a: Incineroar|Intimidate|boost
|-unboost|p2a: Ninetales|atk|1
|-unboost|p2b: Sneasler|atk|1
|turn|3
|-activate|p1a: Incineroar|item: Quick Claw
|
|t:|1784406009
|switch|p2b: Clefable|Clefable, L50, M|100/100
|move|p1a: Incineroar|Fake Out|p2b: Clefable
|-damage|p2b: Clefable|91/100
|move|p2a: Ninetales|Blizzard|p1b: Sylveon|[spread] p1a,p1b
|-resisted|p1a: Incineroar|1
|-damage|p1a: Incineroar|88/100
|-damage|p1b: Sylveon|77/100
|move|p1b: Sylveon|Hyper Voice|p2b: Clefable|[spread] p2a,p2b
|-damage|p2a: Ninetales|59/100
|-damage|p2b: Clefable|62/100
|
|-weather|Snowscape|[upkeep]
|upkeep
|turn|4
|
|t:|1784406036
|move|p1b: Sylveon|Detect|p1b: Sylveon
|-singleturn|p1b: Sylveon|Protect
|move|p2b: Clefable|Cosmic Power|p2b: Clefable
|-boost|p2b: Clefable|def|1
|-boost|p2b: Clefable|spd|1
|move|p1a: Incineroar|Flare Blitz|p2a: Ninetales
|-supereffective|p2a: Ninetales|1
|-damage|p2a: Ninetales|0 fnt
|faint|p2a: Ninetales
|-damage|p1a: Incineroar|73/100|[from] Recoil
|
|-weather|Snowscape|[upkeep]
|upkeep
|
|t:|1784406045
|switch|p2a: Sneasler|Sneasler, L50, F|100/100
|turn|5
|
|t:|1784406074
|switch|p1a: Garchomp|Garchomp, L50, F|100/100
|move|p2a: Sneasler|Close Combat|p1a: Garchomp
|-damage|p1a: Garchomp|25/100
|-unboost|p2a: Sneasler|def|1
|-unboost|p2a: Sneasler|spd|1
|-damage|p2a: Sneasler|87/100|[from] ability: Rough Skin|[of] p1a: Garchomp
|-enditem|p1a: Garchomp|Sitrus Berry|[eat]
|-heal|p1a: Garchomp|50/100g|[from] item: Sitrus Berry
|move|p1b: Sylveon|Hyper Voice|p2b: Clefable|[spread] p2a,p2b
|-damage|p2a: Sneasler|14/100
|-damage|p2b: Clefable|41/100
|move|p2b: Clefable|Cosmic Power|p2b: Clefable
|-boost|p2b: Clefable|def|1
|-boost|p2b: Clefable|spd|1
|
|-weather|none
|-sideend|p2: Staali|move: Aurora Veil
|upkeep
|turn|6
|
|t:|1784406101
|detailschange|p2b: Clefable|Clefable-Mega, L50, M
|-mega|p2b: Clefable|Clefable|Clefablite
|move|p1a: Garchomp|Protect|p1a: Garchomp
|-singleturn|p1a: Garchomp|Protect
|move|p1b: Sylveon|Detect|p1b: Sylveon
|-singleturn|p1b: Sylveon|Protect
|move|p2a: Sneasler|Dire Claw|p1b: Sylveon
|-activate|p1b: Sylveon|move: Protect
|move|p2b: Clefable|Moonblast|p1a: Garchomp
|-activate|p1a: Garchomp|move: Protect
|
|upkeep
|turn|7
|
|t:|1784406120
|move|p2b: Clefable|Protect|p2b: Clefable
|-singleturn|p2b: Clefable|Protect
|move|p2a: Sneasler|Dire Claw|p1b: Sylveon
|-supereffective|p1b: Sylveon|1
|-damage|p1b: Sylveon|0 fnt
|faint|p1b: Sylveon
|move|p1a: Garchomp|Earthquake|p2a: Sneasler|[spread] p2a
|-activate|p2b: Clefable|move: Protect
|-supereffective|p2a: Sneasler|1
|-damage|p2a: Sneasler|0 fnt
|faint|p2a: Sneasler
|
|upkeep
|
|t:|1784406131
|switch|p2a: Sableye|Sableye, L50, M|100/100
|switch|p1b: Incineroar|Incineroar, L50, M|73/100
|-ability|p1b: Incineroar|Intimidate|boost
|-unboost|p2a: Sableye|atk|1
|-unboost|p2b: Clefable|atk|1
|turn|8
|
|t:|1784406153
|move|p2b: Clefable|Protect||[still]
|-fail|p2b: Clefable
|move|p1b: Incineroar|Fake Out|p2b: Clefable
|-damage|p2b: Clefable|36/100
|move|p2a: Sableye|Fake Out|p1a: Garchomp
|-damage|p1a: Garchomp|44/100
|-damage|p2a: Sableye|87/100|[from] ability: Rough Skin|[of] p1a: Garchomp
|cant|p1a: Garchomp|flinch
|
|upkeep
|turn|9
|-activate|p1b: Incineroar|item: Quick Claw
|
|t:|1784406183
|move|p2a: Sableye|Encore|p1a: Garchomp
|-start|p1a: Garchomp|Encore
|move|p1b: Incineroar|Taunt|p2a: Sableye
|-start|p2a: Sableye|move: Taunt
|move|p1a: Garchomp|Earthquake|p2a: Sableye|[spread] p1b,p2a
|-immune|p2b: Clefable
|-supereffective|p1b: Incineroar|1
|-damage|p1b: Incineroar|14/100
|-damage|p2a: Sableye|31/100
|move|p2b: Clefable|Moonblast|p1a: Garchomp
|-supereffective|p1a: Garchomp|1
|-damage|p1a: Garchomp|0 fnt
|faint|p1a: Garchomp
|
|upkeep
|turn|10
|-activate|p1b: Incineroar|item: Quick Claw
|
|t:|1784406206
|move|p1b: Incineroar|Flare Blitz|p2b: Clefable
|-damage|p2b: Clefable|13/100
|-status|p2b: Clefable|brn
|-damage|p1b: Incineroar|6/100|[from] Recoil
|move|p2b: Clefable|Moonblast|p1b: Incineroar
|-damage|p1b: Incineroar|0 fnt
|faint|p1b: Incineroar
|
|win|Staali
||Staali is ready for game 2.
|inactive|marcosale1883 has 30 seconds to confirm battle start!
|l|☆marcosale1883
|player|p1|
