|j|☆kid_dee
|j|☆galgith
|html|kid_deegalgith    
|uhtml|bestof|Game 2 of a best-of-3
|t:|1756498075
|gametype|doubles
|player|p1|kid_dee|idol|1151
|player|p2|galgith|steven|1116
|gen|9
|tier|[Gen 9] VGC 2025 Reg H (Bo3)
|rated|
|rule|Species Clause: Limit one of each Pokémon
|rule|Item Clause: Limit 1 of each item
|clearpoke
|poke|p1|Ninetales-Alola, L50, M|
|poke|p1|Garchomp, L50, M|
|poke|p1|Kingambit, L50, M|
|poke|p1|Sneasler, L50, F|
|poke|p1|Magmar, L50, M|
|poke|p1|Metagross, L50|
|poke|p2|Dragapult, L50, M|
|poke|p2|Rillaboom, L50, M|
|poke|p2|Volcarona, L50, F|
|poke|p2|Incineroar, L50, M|
|poke|p2|Primarina, L50, F|
|poke|p2|Gholdengo, L50|
|teampreview|4
|showteam|p1|Ninetales-Alola||NeverMeltIce|SnowWarning|Blizzard,FreezeDry,AuroraVeil,Protect|||M|||50|,,,,,Ice]Garchomp||LifeOrb|RoughSkin|Earthquake,StompingTantrum,DragonClaw,Protect|||M|||50|,,,,,Steel]Kingambit||BlackGlasses|Defiant|KowtowCleave,SwordsDance,SuckerPunch,Protect|||M|||50|,,,,,Flying]Sneasler||FocusSash|PoisonTouch|Coaching,CloseCombat,DireClaw,FakeOut|||F|||50|,,,,,Flying]Magmar||Eviolite|VitalSpirit|Overheat,FireSpin,FollowMe,Protect|||M|||50|,,,,,Flying]Metagross||AssaultVest|ClearBody|HeavySlam,PsychicFangs,StompingTantrum,BulletPunch||||||50|,,,,,Flying
|showteam|p2|Dragapult||ChoiceBand|ClearBody|DragonDarts,PhantomForce,TeraBlast,SuckerPunch|||M|||50|,,,,,Ghost]Rillaboom||AssaultVest|GrassySurge|FakeOut,GrassyGlide,WoodHammer,Uturn|||M|||50|,,,,,Fire]Volcarona||SitrusBerry|FlameBody|StruggleBug,RagePowder,FieryDance,Tailwind|||F|||50|,,,,,Water]Incineroar||SafetyGoggles|Intimidate|FakeOut,PartingShot,KnockOff,WillOWisp|||M|||50|,,,,,Bug]Primarina||ThroatSpray|LiquidVoice|HyperVoice,Moonblast,Protect,Haze|||F|||50|,,,,,Steel]Gholdengo||MetalCoat|GoodasGold|ShadowBall,MakeItRain,NastyPlot,Protect||||||50|,,,,,Dragon
|
|t:|1756498122
|teamsize|p1|4
|teamsize|p2|4
|start
|switch|p1a: Magmar|Magmar, L50, M|100/100
|switch|p1b: Kingambit|Kingambit, L50, M|100/100
|switch|p2a: Volcarona|Volcarona, L50, F|100/100
|switch|p2b: Gholdengo|Gholdengo, L50|100/100
|turn|1
|
|t:|1756498152
|switch|p2b: Primarina|Primarina, L50, F|100/100
|move|p1a: Magmar|Follow Me|p1a: Magmar
|-singleturn|p1a: Magmar|move: Follow Me
|move|p2a: Volcarona|Tailwind|p2a: Volcarona
|-sidestart|p2: galgith|move: Tailwind
|move|p1b: Kingambit|Kowtow Cleave|p2b: Primarina
|-resisted|p2b: Primarina
|-damage|p2b: Primarina|67/100
|
|upkeep
|turn|2
|
|t:|1756498197
|switch|p1b: Sneasler|Sneasler, L50, F|100/100
|move|p1a: Magmar|Follow Me|p1a: Magmar
|-singleturn|p1a: Magmar|move: Follow Me
|move|p2a: Volcarona|Fiery Dance|p1a: Magmar
|-resisted|p1a: Magmar
|-damage|p1a: Magmar|84/100
|-boost|p2a: Volcarona|spa|1
|move|p2b: Primarina|Hyper Voice|p1b: Sneasler|[spread] p1a,p1b
|-supereffective|p1a: Magmar
|-damage|p1a: Magmar|24/100
|-damage|p1b: Sneasler|44/100
|-enditem|p2b: Primarina|Throat Spray
|-boost|p2b: Primarina|spa|1|[from] item: Throat Spray
|
|upkeep
|turn|3
|
|t:|1756498245
|move|p2a: Volcarona|Struggle Bug|p1a: Magmar|[spread] p1a,p1b
|-resisted|p1a: Magmar
|-resisted|p1b: Sneasler
|-damage|p1a: Magmar|13/100
|-damage|p1b: Sneasler|34/100
|-unboost|p1a: Magmar|spa|1
|-unboost|p1b: Sneasler|spa|1
|move|p1b: Sneasler|Dire Claw|p2a: Volcarona
|-damage|p2a: Volcarona|56/100
|-status|p2a: Volcarona|psn
|-status|p1b: Sneasler|brn|[from] ability: Flame Body|[of] p2a: Volcarona
|move|p2b: Primarina|Hyper Voice|p1a: Magmar|[spread] p1a,p1b
|-supereffective|p1a: Magmar
|-damage|p1a: Magmar|0 fnt
|-damage|p1b: Sneasler|0 fnt
|faint|p1a: Magmar
|faint|p1b: Sneasler
|
|-damage|p2a: Volcarona|44/100 psn|[from] psn
|upkeep
|-enditem|p2a: Volcarona|Sitrus Berry|[eat]
|-heal|p2a: Volcarona|68/100 psn|[from] item: Sitrus Berry
|
|t:|1756498267
|switch|p1b: Ninetales|Ninetales-Alola, L50, M|100/100
|switch|p1a: Kingambit|Kingambit, L50, M|100/100
|-weather|Snowscape|[from] ability: Snow Warning|[of] p1b: Ninetales
|turn|4
|
|t:|1756498315
|switch|p2b: Gholdengo|Gholdengo, L50|100/100
|-terastallize|p1b: Ninetales|Ice
|move|p2a: Volcarona|Fiery Dance|p1a: Kingambit
|-supereffective|p1a: Kingambit
|-damage|p1a: Kingambit|0 fnt
|faint|p1a: Kingambit
|move|p1b: Ninetales|Freeze-Dry|p2b: Gholdengo
|-resisted|p2b: Gholdengo
|-damage|p2b: Gholdengo|80/100
|
|-weather|Snowscape|[upkeep]
|-damage|p2a: Volcarona|56/100 psn|[from] psn
|-sideend|p2: galgith|move: Tailwind
|upkeep
|turn|5
|
|t:|1756498335
|move|p1b: Ninetales|Protect|p1b: Ninetales
|-singleturn|p1b: Ninetales|Protect
|move|p2b: Gholdengo|Make It Rain|p1b: Ninetales
|-activate|p1b: Ninetales|move: Protect
|move|p2a: Volcarona|Fiery Dance|p1b: Ninetales
|-activate|p1b: Ninetales|move: Protect
|
|-weather|Snowscape|[upkeep]
|-damage|p2a: Volcarona|44/100 psn|[from] psn
|upkeep
|turn|6
|
|t:|1756498357
|move|p1b: Ninetales|Blizzard|p2b: Gholdengo|[spread] p2a,p2b
|-resisted|p2a: Volcarona
|-resisted|p2b: Gholdengo
|-damage|p2a: Volcarona|25/100 psn
|-damage|p2b: Gholdengo|57/100
|move|p2b: Gholdengo|Make It Rain|p1b: Ninetales
|-supereffective|p1b: Ninetales
|-damage|p1b: Ninetales|0 fnt
|-unboost|p2b: Gholdengo|spa|1
|faint|p1b: Ninetales
|
|win|galgith
|raw|kid_dee's rating: 1151 → 1123(-28 for losing)
|raw|galgith's rating: 1116 → 1144(+28 for winning)
|c|☆galgith|You're still here?
|c|☆kid_dee|Yep
|c|☆galgith|So, a little suggestion i try to give: in my opinion garchomp could have helped
|c|☆galgith|But I'm not very good either
|c|☆galgith|If it has more than 123 in speed outspeeds both volcarona and gholdengo
|c|☆kid_dee|Yeah, probably. I'm still figuring out how best to use it. With Orb it still feels a little weak
|c|☆galgith|So I would have to both tera and switch out
|c|☆galgith|I understand what you mean
