|j|☆regalac3
|j|☆itangood5
|html|regalac3itangood5    
|uhtml|bestof|Game 3 of a best-of-3
|t:|1783058806
|gametype|doubles
|player|p1|regalac3|n|1169
|player|p2|itangood5|nate|1131
|gen|9
|tier|[Gen 9 Champions] VGC 2026 Reg M-B (Bo3)
|rated|
|rule|Species Clause: Limit one of each Pokémon
|rule|Item Clause: Limit 1 of each item
|clearpoke
|poke|p1|Aerodactyl, L50, M|
|poke|p1|Pyroar, L50, F|
|poke|p1|Farigiraf, L50, M|
|poke|p1|Mamoswine, L50, M|
|poke|p1|Venusaur, L50, M|
|poke|p1|Torkoal, L50, F|
|poke|p2|Raichu, L50, M|
|poke|p2|Palafin, L50, M|
|poke|p2|Emolga, L50, F|
|poke|p2|Meowscarada, L50, F|
|poke|p2|Dragonite, L50, M, shiny|
|poke|p2|Gengar, L50, F|
|teampreview|4
|showteam|p1|Aerodactyl||Aerodactylite|Unnerve|RockSlide,DualWingbeat,IceFang,Tailwind|Jolly||M|||50|]Pyroar||Pyroarite|Unnerve|HeatWave,SolarBeam,Overheat,Protect|Timid||F|||50|]Farigiraf||SitrusBerry|ArmorTail|Psychic,Thunderbolt,HelpingHand,TrickRoom|Modest||M|||50|]Mamoswine||LifeOrb|Oblivious|IcicleCrash,HighHorsepower,IceShard,Protect|Adamant||M|||50|]Venusaur||FocusSash|Chlorophyll|LeafStorm,SludgeBomb,SleepPowder,Protect|Modest||M|||50|]Torkoal||Charcoal|Drought|Eruption,WeatherBall,HelpingHand,Protect|Quiet||F|||50|
|showteam|p2|Raichu||RaichuniteY|LightningRod|ZapCannon,Protect,FocusBlast,FakeOut|Timid||M|||50|]Palafin||MysticWater|ZerotoHero|JetPunch,Protect,WaveCrash,CloseCombat|Adamant||M|||50|]Emolga||FocusSash|MotorDrive|Protect,AirSlash,Encore,ThunderWave|Modest||F|||50|]Meowscarada||ChoiceScarf|Protean|FlowerTrick,TripleAxel,KnockOff,Uturn|Adamant||F|||50|]Dragonite||LifeOrb|InnerFocus|Protect,Outrage,RockSlide,ExtremeSpeed|Jolly||M|||50|]Gengar||Gengarite|CursedBody|Protect,SludgeBomb,ShadowBall,WillOWisp|Timid||F|||50|
|inactive|Battle timer is ON: inactive players will automatically lose when time's up. (requested by itangood5)
|
|t:|1783058820
|teamsize|p1|4
|teamsize|p2|4
|start
|switch|p1a: Pyroar|Pyroar, L50, F|100/100
|switch|p1b: Venusaur|Venusaur, L50, M|100/100
|switch|p2a: Izzy|Raichu, L50, M|100/100
|switch|p2b: Owen|Palafin, L50, M|100/100
|-ability|p1a: Pyroar|Unnerve
|turn|1
|
|t:|1783058832
|detailschange|p2b: Owen|Palafin-Hero, L50, M
|switch|p2b: Phoenix|Meowscarada, L50, F|100/100
|switch|p1b: Torkoal|Torkoal, L50, F|100/100
|-weather|SunnyDay|[from] ability: Drought|[of] p1b: Torkoal
|detailschange|p1a: Pyroar|Pyroar-Mega, L50, F
|-mega|p1a: Pyroar|Pyroar|Pyroarite
|detailschange|p2a: Izzy|Raichu-Mega-Y, L50, M
|-mega|p2a: Izzy|Raichu|Raichunite Y
|move|p1a: Pyroar|Heat Wave|p2a: Izzy|[spread] p2a,p2b
|-supereffective|p2b: Phoenix|1
|-damage|p2a: Izzy|7/100
|-damage|p2b: Phoenix|0 fnt
|faint|p2b: Phoenix
|move|p2a: Izzy|Focus Blast|p1a: Pyroar
|-supereffective|p1a: Pyroar|1
|-damage|p1a: Pyroar|1/100
|
|-weather|SunnyDay|[upkeep]
|upkeep
|
|t:|1783058851
|switch|p2b: Owen|Palafin-Hero, L50, M|100/100
|-activate|p2b: Owen|ability: Zero to Hero
|turn|2
|
|t:|1783058858
|switch|p1a: Venusaur|Venusaur, L50, M|100/100
|switch|p2a: Oliver|Dragonite, L50, M, shiny|100/100
|move|p1b: Torkoal|Protect|p1b: Torkoal
|-singleturn|p1b: Torkoal|Protect
|move|p2b: Owen|Jet Punch|p1a: Venusaur
|-resisted|p1a: Venusaur|1
|-damage|p1a: Venusaur|85/100
|
|-weather|SunnyDay|[upkeep]
|upkeep
|turn|3
|
|t:|1783058873
|switch|p1b: Farigiraf|Farigiraf, L50, M|100/100
|move|p2b: Owen|Protect|p2b: Owen
|-singleturn|p2b: Owen|Protect
|move|p1a: Venusaur|Leaf Storm|p2b: Owen
|-activate|p2b: Owen|move: Protect
|move|p2a: Oliver|Rock Slide|p1a: Venusaur|[spread] p1a,p1b
|-damage|p1a: Venusaur|54/100
|-damage|p1b: Farigiraf|78/100
|-damage|p2a: Oliver|90/100|[from] item: Life Orb
|
|-weather|SunnyDay|[upkeep]
|upkeep
|turn|4
|inactive|itangood5 has 30 seconds left.
|
|t:|1783058901
|move|p1a: Venusaur|Leaf Storm|p2b: Owen
|-supereffective|p2b: Owen|1
|-damage|p2b: Owen|0 fnt
|-unboost|p1a: Venusaur|spa|2
|faint|p2b: Owen
|move|p2a: Oliver|Outrage|p1a: Venusaur
|-damage|p1a: Venusaur|0 fnt
|faint|p1a: Venusaur
|-damage|p2a: Oliver|80/100|[from] item: Life Orb
|move|p1b: Farigiraf|Trick Room|p1b: Farigiraf
|-fieldstart|move: Trick Room|[of] p1b: Farigiraf
|
|-weather|SunnyDay|[upkeep]
|upkeep
|
|t:|1783058916
|switch|p1a: Torkoal|Torkoal, L50, F|100/100
|switch|p2b: Izzy|Raichu-Mega-Y, L50, M|7/100
|turn|5
|
|t:|1783058931
|switch|p1b: Pyroar|Pyroar-Mega, L50, F|1/100
|move|p1a: Torkoal|Eruption|p2b: Izzy|[spread] p2a,p2b
|-resisted|p2a: Oliver|1
|-damage|p2a: Oliver|45/100
|-damage|p2b: Izzy|0 fnt
|faint|p2b: Izzy
|move|p2a: Oliver|Outrage|p1a: Torkoal|[from] lockedmove
|-damage|p1a: Torkoal|42/100
|-damage|p2a: Oliver|35/100|[from] item: Life Orb
|-start|p2a: Oliver|confusion|[fatigue]
|
|-weather|none
|upkeep
|turn|6
|
|t:|1783058943
|switch|p1a: Farigiraf|Farigiraf, L50, M|78/100
|-activate|p2a: Oliver|confusion
|move|p2a: Oliver|Extreme Speed||[still]
|cant|p1a: Farigiraf|ability: Armor Tail|Extreme Speed|[of] p2a: Oliver
|move|p1b: Pyroar|Heat Wave|p2a: Oliver
|-resisted|p2a: Oliver|1
|-damage|p2a: Oliver|3/100
|
|upkeep
|turn|7
|
|t:|1783058955
|-activate|p2a: Oliver|confusion
|move|p2a: Oliver|Extreme Speed||[still]
|cant|p1a: Farigiraf|ability: Armor Tail|Extreme Speed|[of] p2a: Oliver
|move|p1a: Farigiraf|Thunderbolt|p2a: Oliver
|-damage|p2a: Oliver|0 fnt
|faint|p2a: Oliver
|
|win|regalac3
|raw|regalac3's rating: 1169 → 1191(+22 for winning)
|raw|itangood5's rating: 1131 → 1109(-22 for losing)
|l|☆itangood5
|player|p2|
