|j|â˜†cereales raton
|j|â˜†FastForwardMyGame
|html|cereales ratonFastForwardMyGame    
|uhtml|bestof|Game 1 of a best-of-3
|t:|1756898148
|gametype|doubles
|player|p1|cereales raton|265|1116
|player|p2|FastForwardMyGame|cyclist|1126
|gen|9
|tier|[Gen 9] VGC 2025 Reg H (Bo3)
|rated|
|rule|Species Clause: Limit one of each PokÃ©mon
|rule|Item Clause: Limit 1 of each item
|clearpoke
|poke|p1|Dragonite, L50, F|
|poke|p1|Gholdengo, L50|
|poke|p1|Annihilape, L50, M|
|poke|p1|Ursaluna-Bloodmoon, L50, M|
|poke|p1|Maushold-Four, L50|
|poke|p1|Rillaboom, L50, F|
|poke|p2|Hatterene, L50, F|
|poke|p2|Sunflora, L50, M|
|poke|p2|Indeedee-F, L50, F|
|poke|p2|Torkoal, L50, F|
|poke|p2|Gallade, L50, M|
|poke|p2|Ursaluna, L50, M|
|teampreview|4
|showteam|p1|Dragonite||LoadedDice|Multiscale|ScaleShot,Tailwind,Haze,Protect|||F|||50|,,,,,Fairy]Gholdengo||LifeOrb|GoodasGold|MakeItRain,ShadowBall,NastyPlot,Protect||||||50|,,,,,Water]Annihilape||SitrusBerry|Defiant|DrainPunch,RageFist,BulkUp,Protect|||M|||50|,,,,,Fire]Ursaluna-Bloodmoon||AssaultVest|MindsEye|BloodMoon,EarthPower,HyperVoice,VacuumWave|||M|||50|,,,,,Water]Maushold-Four||FocusSash|FriendGuard|SuperFang,BeatUp,FollowMe,Protect||||||50|,,,,,Ghost]Rillaboom||MiracleSeed|GrassySurge|WoodHammer,GrassyGlide,HighHorsepower,FakeOut|||F|||50|,,,,,Fire
|showteam|p2|Hatterene||CovertCloak|MagicBounce|TrickRoom,ExpandingForce,DazzlingGleam,MagicPowder|||F|||50|,,,,,Water]Sunflora||LifeOrb|SolarPower|EarthPower,WeatherBall,EnergyBall,Protect|||M|||50|,,,,,Fire]Indeedee-F||EjectButton|PsychicSurge|FollowMe,HelpingHand,TrickRoom,TeraBlast|||F|||50|,,,,,Dark]Torkoal||EjectPack|Drought|Eruption,HelpingHand,SunnyDay,Overheat|||F|||50|,,,,,Grass]Gallade||PsychicSeed|Sharpness|TrickRoom,SacredSword,PsychoCut,WideGuard|||M|||50|,,,,,Fire]Ursaluna||FlameOrb|Guts|Facade,HeadlongRush,Protect,Crunch|||M|||50|,,,,,Ghost
|inactive|Battle timer is ON: inactive players will automatically lose when time's up. (requested by FastForwardMyGame)
|c|â˜†FastForwardMyGame|glhf
|c|â˜†cereales raton|glhf
|inactive|cereales raton has 60 seconds left.
|
|t:|1756898183
|teamsize|p1|4
|teamsize|p2|4
|start
|switch|p1a: Ursaluna|Ursaluna-Bloodmoon, L50, M|100/100
|switch|p1b: Maushold|Maushold-Four, L50|100/100
|switch|p2a: Amiable|Indeedee-F, L50, F|100/100
|switch|p2b: Another|Gallade, L50, M, shiny|100/100
|-fieldstart|move: Psychic Terrain|[from] ability: Psychic Surge|[of] p2a: Amiable
|-enditem|p2b: Another|Psychic Seed
|-boost|p2b: Another|spd|1|[from] item: Psychic Seed
|turn|1
|inactive|cereales raton has 30 seconds left.
|
|t:|1756898213
|-terastallize|p1a: Ursaluna|Water
|move|p2a: Amiable|Follow Me|p2a: Amiable
|-singleturn|p2a: Amiable|move: Follow Me
|move|p1b: Maushold|Super Fang|p2a: Amiable|[miss]
|-miss|p1b: Maushold|p2a: Amiable
|move|p1a: Ursaluna|Earth Power|p2a: Amiable
|-damage|p2a: Amiable|56/100
|-enditem|p2a: Amiable|Eject Button
|
|t:|1756898224
|switch|p2a: Apathy|Sunflora, L50, M|100/100
|move|p2b: Another|Trick Room|p2b: Another
|-fieldstart|move: Trick Room|[of] p2b: Another
|
|upkeep
|turn|2
|inactive|FastForwardMyGame has 30 seconds left.
|
|t:|1756898251
|switch|p2b: Anger|Torkoal, L50, F|100/100
|-weather|SunnyDay|[from] ability: Drought|[of] p2b: Anger
|move|p1b: Maushold|Follow Me|p1b: Maushold
|-singleturn|p1b: Maushold|move: Follow Me
|move|p2a: Apathy|Energy Ball|p1b: Maushold
|-enditem|p1b: Maushold|Focus Sash
|-damage|p1b: Maushold|1/100
|-damage|p2a: Apathy|91/100|[from] item: Life Orb
|move|p1a: Ursaluna|Blood Moon|p2a: Apathy
|-damage|p2a: Apathy|13/100
|
|-weather|SunnyDay|[upkeep]
|-damage|p2a: Apathy|1/100|[from] ability: Solar Power|[of] p2a: Apathy
|upkeep
|turn|3
|inactive|cereales raton has 30 seconds left.
|inactive|cereales raton has 20 seconds left.
|
|t:|1756898286
|move|p1b: Maushold|Protect|p1b: Maushold
|-singleturn|p1b: Maushold|Protect
|move|p2b: Anger|Eruption|p1b: Maushold|[spread] p1a
|-activate|p1b: Maushold|move: Protect
|-resisted|p1a: Ursaluna
|-damage|p1a: Ursaluna|84/100
|move|p2a: Apathy|Energy Ball|p1a: Ursaluna
|-supereffective|p1a: Ursaluna
|-damage|p1a: Ursaluna|0 fnt
|faint|p1a: Ursaluna
|-damage|p2a: Apathy|0 fnt|[from] item: Life Orb
|faint|p2a: Apathy
|
|-weather|SunnyDay|[upkeep]
|upkeep
|
|t:|1756898303
|switch|p2a: Another|Gallade, L50, M, shiny|100/100
|switch|p1a: Dragonite|Dragonite, L50, F|100/100
|turn|4
|
|t:|1756898313
|move|p1a: Dragonite|Protect|p1a: Dragonite
|-singleturn|p1a: Dragonite|Protect
|move|p2b: Anger|Eruption|p1b: Maushold|[spread] p1b
|-activate|p1a: Dragonite|move: Protect
|-damage|p1b: Maushold|0 fnt
|faint|p1b: Maushold
|move|p2a: Another|Psycho Cut|p1a: Dragonite
|-activate|p1a: Dragonite|move: Protect
|
|-weather|SunnyDay|[upkeep]
|upkeep
|
|t:|1756898325
|switch|p1b: Rillaboom|Rillaboom, L50, F|100/100
|-fieldstart|move: Grassy Terrain|[from] ability: Grassy Surge|[of] p1b: Rillaboom
|turn|5
|
|t:|1756898337
|switch|p2b: Amiable|Indeedee-F, L50, F|56/100
|-fieldstart|move: Psychic Terrain|[from] ability: Psychic Surge|[of] p2b: Amiable
|move|p1b: Rillaboom|Fake Out|p2b: Amiable
|-activate|p2b: Amiable|move: Psychic Terrain
|move|p2a: Another|Psycho Cut|p1a: Dragonite
|-damage|p1a: Dragonite|59/100
|move|p1a: Dragonite|Scale Shot|p2b: Amiable
|-damage|p2b: Amiable|43/100
|-damage|p2b: Amiable|29/100
|-damage|p2b: Amiable|15/100
|-damage|p2b: Amiable|0 fnt
|faint|p2b: Amiable
|-hitcount|p2: Amiable|4
|-unboost|p1a: Dragonite|def|1
|-boost|p1a: Dragonite|spe|1
|
|-weather|SunnyDay|[upkeep]
|-fieldend|move: Trick Room
|upkeep
|
|t:|1756898354
|switch|p2b: Anger|Torkoal, L50, F|100/100
|turn|6
|
|t:|1756898377
|move|p1a: Dragonite|Scale Shot|p2a: Another
|-damage|p2a: Another|80/100
|-damage|p2a: Another|60/100
|-damage|p2a: Another|37/100
|-crit|p2a: Another
|-damage|p2a: Another|7/100
|-damage|p2a: Another|0 fnt
|faint|p2a: Another
|-hitcount|p2: Another|5
|-unboost|p1a: Dragonite|def|1
|-boost|p1a: Dragonite|spe|1
|move|p1b: Rillaboom|High Horsepower|p2b: Anger
|-supereffective|p2b: Anger
|-damage|p2b: Anger|51/100
|move|p2b: Anger|Eruption|p1a: Dragonite|[spread] p1a,p1b
|-resisted|p1a: Dragonite
|-supereffective|p1b: Rillaboom
|-damage|p1a: Dragonite|40/100
|-damage|p1b: Rillaboom|12/100
|
|-weather|none
|upkeep
|turn|7
|
|t:|1756898399
|move|p1a: Dragonite|Scale Shot|p2b: Anger
|-damage|p2b: Anger|40/100
|-damage|p2b: Anger|28/100
|-damage|p2b: Anger|17/100
|-damage|p2b: Anger|7/100
|-hitcount|p2b: Anger|4
|-unboost|p1a: Dragonite|def|1
|-boost|p1a: Dragonite|spe|1
|move|p1b: Rillaboom|Wood Hammer|p2b: Anger
|-resisted|p2b: Anger
|-damage|p2b: Anger|0 fnt
|faint|p2b: Anger
|-damage|p1b: Rillaboom|10/100|[from] Recoil
|
|win|cereales raton
||FastForwardMyGame is ready for game 2.
||cereales raton is ready for game 2.
|uhtml|next|Next: Game 2 of 3
|l|â˜†FastForwardMyGame
|player|p2|
