|j|☆DkayMM
|j|☆idislikerathalos
|html|DkayMMidislikerathalos    
|uhtml|bestof|Game 2 of a best-of-3
|t:|1756986036
|gametype|doubles
|player|p1|DkayMM|1|1003
|player|p2|idislikerathalos|rocketgrunt|1000
|gen|9
|tier|[Gen 9] VGC 2025 Reg H (Bo3)
|rated|
|rule|Species Clause: Limit one of each Pokémon
|rule|Item Clause: Limit 1 of each item
|clearpoke
|poke|p1|Charizard, L50, F|
|poke|p1|Torkoal, L50, M|
|poke|p1|Porygon2, L50|
|poke|p1|Incineroar, L50, F|
|poke|p1|Jumpluff, L50, M|
|poke|p1|Ursaluna, L50, F|
|poke|p2|Indeedee-F, L50, F|
|poke|p2|Hatterene, L50, F|
|poke|p2|Torkoal, L50, M|
|poke|p2|Lilligant-Hisui, L50, F|
|poke|p2|Ursaluna, L50, F|
|poke|p2|Amoonguss, L50, F|
|teampreview|4
|showteam|p1|Charizard||ChoiceSpecs|SolarPower|HeatWave,Overheat,WeatherBall,AirSlash|||F|||50|,,,,,Ghost]Torkoal||EjectPack|Drought|Eruption,Overheat,HelpingHand,Protect|||M|||50|,,,,,Fire]Porygon2||Eviolite|Download|TeraBlast,IceBeam,Recover,TrickRoom||||||50|,,,,,Fighting]Incineroar||SitrusBerry|Intimidate|FlareBlitz,KnockOff,FakeOut,PartingShot|||F|||50|,,,,,Ghost]Jumpluff||CovertCloak|Chlorophyll|SleepPowder,SunnyDay,RagePowder,Tailwind|||M|||50|,,,,,Water]Ursaluna||FlameOrb|Guts|HeadlongRush,Facade,Earthquake,Protect|||F|||50|,,,,,Ghost
|showteam|p2|Indeedee-F||RockyHelmet|PsychicSurge|FollowMe,HelpingHand,Psychic,TrickRoom|||F|||50|,,,,,Grass]Hatterene||LifeOrb|MagicBounce|Protect,ExpandingForce,DazzlingGleam,TrickRoom|||F|||50|,,,,,Water]Torkoal||ChoiceSpecs|Drought|Eruption,Overheat,SolarBeam,HeatWave|||M|||50|,,,,,Fire]Lilligant-Hisui||FocusSash|Chlorophyll|Protect,SolarBlade,SleepPowder,AfterYou|||F|||50|,,,,,Ghost]Ursaluna||FlameOrb|Guts|Protect,Facade,Earthquake,HeadlongRush|||F|||50|,,,,,Ghost]Amoonguss||SitrusBerry|Regenerator|Protect,Spore,RagePowder,PollenPuff|||F|||50|,,,,,Water
|inactive|Battle timer is ON: inactive players will automatically lose when time's up. (requested by DkayMM)
|inactive|idislikerathalos also wants the timer to be on.
|
|t:|1756986057
|teamsize|p1|4
|teamsize|p2|4
|start
|switch|p1a: Ursaluna|Ursaluna, L50, F|100/100
|switch|p1b: Jumpluff|Jumpluff, L50, M|100/100
|switch|p2a: Torkoal|Torkoal, L50, M|100/100
|switch|p2b: Lilligant|Lilligant-Hisui, L50, F, shiny|100/100
|-weather|SunnyDay|[from] ability: Drought|[of] p2a: Torkoal
|turn|1
|
|t:|1756986073
|move|p1a: Ursaluna|Protect|p1a: Ursaluna
|-singleturn|p1a: Ursaluna|Protect
|move|p1b: Jumpluff|Tailwind|p1b: Jumpluff
|-sidestart|p1: DkayMM|move: Tailwind
|move|p2b: Lilligant|After You|p2a: Torkoal
|-activate|p2a: Torkoal|move: After You
|move|p2a: Torkoal|Eruption|p1b: Jumpluff|[spread] p1b
|-activate|p1a: Ursaluna|move: Protect
|-supereffective|p1b: Jumpluff
|-damage|p1b: Jumpluff|0 fnt
|faint|p1b: Jumpluff
|
|-weather|SunnyDay|[upkeep]
|-status|p1a: Ursaluna|brn|[from] item: Flame Orb
|upkeep
|
|t:|1756986083
|switch|p1b: Charizard|Charizard, L50, F|100/100
|turn|2
|
|t:|1756986092
|-terastallize|p1a: Ursaluna|Ghost
|-terastallize|p2a: Torkoal|Fire
|move|p2b: Lilligant|Sleep Powder|p1b: Charizard
|-status|p1b: Charizard|slp|[from] move: Sleep Powder
|cant|p1b: Charizard|slp
|move|p1a: Ursaluna|Earthquake|p2a: Torkoal|[spread] p2a,p2b
|-immune|p1b: Charizard
|-supereffective|p2a: Torkoal
|-resisted|p2b: Lilligant
|-damage|p2a: Torkoal|0 fnt
|-damage|p2b: Lilligant|47/100
|faint|p2a: Torkoal
|
|-weather|SunnyDay|[upkeep]
|-damage|p1b: Charizard|88/100 slp|[from] ability: Solar Power|[of] p1b: Charizard
|-damage|p1a: Ursaluna|95/100 brn|[from] brn
|upkeep
|
|t:|1756986108
|switch|p2a: Ursaluna|Ursaluna, L50, F|100/100
|turn|3
|
|t:|1756986139
|move|p2a: Ursaluna|Protect|p2a: Ursaluna
|-singleturn|p2a: Ursaluna|Protect
|move|p2b: Lilligant|Solar Blade||[still]
|-prepare|p2b: Lilligant|Solar Blade
|-anim|p2b: Lilligant|Solar Blade|p1a: Ursaluna
|-damage|p1a: Ursaluna|50/100 brn
|cant|p1b: Charizard|slp
|move|p1a: Ursaluna|Earthquake|p2a: Ursaluna|[spread] p2b
|-activate|p2a: Ursaluna|move: Protect
|-immune|p1b: Charizard
|-resisted|p2b: Lilligant
|-damage|p2b: Lilligant|0 fnt
|faint|p2b: Lilligant
|
|-weather|SunnyDay|[upkeep]
|-damage|p1b: Charizard|76/100 slp|[from] ability: Solar Power|[of] p1b: Charizard
|-damage|p1a: Ursaluna|44/100 brn|[from] brn
|-status|p2a: Ursaluna|brn|[from] item: Flame Orb
|upkeep
|
|t:|1756986149
|switch|p2b: Indeedee|Indeedee-F, L50, F|100/100
|-fieldstart|move: Psychic Terrain|[from] ability: Psychic Surge|[of] p2b: Indeedee
|turn|4
|
|t:|1756986160
|cant|p1b: Charizard|slp
|move|p1a: Ursaluna|Earthquake|p2b: Indeedee|[spread] p2a,p2b
|-immune|p1b: Charizard
|-damage|p2a: Ursaluna|47/100 brn
|-damage|p2b: Indeedee|33/100
|move|p2a: Ursaluna|Facade|p1b: Charizard
|-damage|p1b: Charizard|0 fnt
|faint|p1b: Charizard
|move|p2b: Indeedee|Trick Room|p2b: Indeedee
|-fieldstart|move: Trick Room|[of] p2b: Indeedee
|
|-weather|SunnyDay|[upkeep]
|-damage|p2a: Ursaluna|41/100 brn|[from] brn
|-damage|p1a: Ursaluna|39/100 brn|[from] brn
|-sideend|p1: DkayMM|move: Tailwind
|upkeep
|
|t:|1756986176
|switch|p1b: Incineroar|Incineroar, L50, F|100/100
|-ability|p1b: Incineroar|Intimidate|boost
|-unboost|p2a: Ursaluna|atk|1
|-unboost|p2b: Indeedee|atk|1
|turn|5
|inactive|DkayMM has 30 seconds left.
|inactive|DkayMM has 20 seconds left.
|inactive|DkayMM has 15 seconds left.
|inactive|DkayMM has 10 seconds left.
|
|t:|1756986225
|move|p2b: Indeedee|Helping Hand|p2a: Ursaluna
|-singleturn|p2a: Ursaluna|Helping Hand|[of] p2b: Indeedee
|move|p2a: Ursaluna|Earthquake|p1b: Incineroar|[spread] p2b,p1a,p1b
|-supereffective|p1b: Incineroar
|-damage|p2b: Indeedee|0 fnt
|-damage|p1a: Ursaluna|0 fnt
|-damage|p1b: Incineroar|0 fnt
|faint|p2b: Indeedee
|faint|p1a: Ursaluna
|faint|p1b: Incineroar
|
|win|idislikerathalos
||idislikerathalos is ready for game 3.
