|j|☆d1mo22
|j|☆trevyah
|html|d1mo22trevyah    
|uhtml|bestof|Game 3 of a best-of-3
|t:|1785095280
|gametype|doubles
|player|p1|d1mo22|skier|1396
|player|p2|trevyah|trevor|1361
|gen|9
|tier|[Gen 9 Champions] VGC 2026 Reg M-B (Bo3)
|rated|
|rule|Species Clause: Limit one of each Pokémon
|rule|Item Clause: Limit 1 of each item
|clearpoke
|poke|p1|Raichu, L50, M|
|poke|p1|Gyarados, L50, M, shiny|
|poke|p1|Mamoswine, L50, M|
|poke|p1|Ceruledge, L50, F|
|poke|p1|Sinistcha, L50|
|poke|p1|Kingambit, L50, F, shiny|
|poke|p2|Blaziken, L50, F, shiny|
|poke|p2|Kingambit, L50, F, shiny|
|poke|p2|Dragonite, L50, M, shiny|
|poke|p2|Ninetales-Alola, L50, M, shiny|
|poke|p2|Gengar, L50, M, shiny|
|poke|p2|Incineroar, L50, F, shiny|
|teampreview|4
|showteam|p1|Raichu||RaichuniteY|LightningRod|FakeOut,Encore,ZapCannon,FocusBlast|Timid||M|||50|]Gyarados||Gyaradosite|Intimidate|LashOut,Waterfall,DragonDance,Protect|Adamant||M|||50|]Mamoswine||LifeOrb|Oblivious|Protect,IcicleCrash,IceShard,HighHorsepower|Jolly||M|||50|]Ceruledge||ColburBerry|FlashFire|BitterBlade,ShadowSneak,BulkUp,Protect|Adamant||F|||50|]Sinistcha||SitrusBerry|Hospitality|Protect,RagePowder,MatchaGotcha,LifeDew|Bold|||||50|]Kingambit||FocusSash|Defiant|Protect,SuckerPunch,KowtowCleave,IronHead|Adamant||F|||50|
|showteam|p2|Blaziken||Blazikenite|SpeedBoost|CloseCombat,RockSlide,FlareBlitz,Detect|Adamant||F|||50|]Kingambit||LifeOrb|Defiant|KowtowCleave,IronHead,SuckerPunch,Protect|Adamant||F|||50|]Dragonite||LumBerry|InnerFocus|DragonClaw,LowKick,ExtremeSpeed,Protect|Adamant||M|||50|]Ninetales-Alola||FocusSash|SnowWarning|Blizzard,FreezeDry,Encore,Protect|Timid||M|||50|]Gengar||Gengarite|CursedBody|ShadowBall,SludgeBomb,PerishSong,Protect|Modest||M|||50|]Incineroar||SitrusBerry|Intimidate|FlareBlitz,PartingShot,FakeOut,Protect|Relaxed||F|||50|
|inactive|Battle timer is ON: inactive players will automatically lose when time's up. (requested by d1mo22)
|
|t:|1785095303
|teamsize|p1|4
|teamsize|p2|4
|start
|switch|p1a: Raichu|Raichu, L50, M|100/100
|switch|p1b: Gyarados|Gyarados, L50, M, shiny|100/100
|switch|p2a: my way|Blaziken, L50, F, shiny|100/100
|switch|p2b: Drop Dead|Kingambit, L50, F, shiny|100/100
|-ability|p1b: Gyarados|Intimidate|boost
|-unboost|p2a: my way|atk|1
|-unboost|p2b: Drop Dead|atk|1
|-ability|p2b: Drop Dead|Defiant|boost
|-boost|p2b: Drop Dead|atk|2
|turn|1
|
|t:|1785095320
|switch|p2a: Begged|Incineroar, L50, F, shiny|100/100
|-ability|p2a: Begged|Intimidate|boost
|-unboost|p1a: Raichu|atk|1
|-unboost|p1b: Gyarados|atk|1
|move|p2b: Drop Dead|Protect|p2b: Drop Dead
|-singleturn|p2b: Drop Dead|Protect
|move|p1a: Raichu|Fake Out|p2b: Drop Dead
|-activate|p2b: Drop Dead|move: Protect
|move|p1b: Gyarados|Dragon Dance|p1b: Gyarados
|-boost|p1b: Gyarados|atk|1
|-boost|p1b: Gyarados|spe|1
|
|upkeep
|turn|2
|inactive|d1mo22 has 30 seconds left.
|
|t:|1785095348
|detailschange|p1b: Gyarados|Gyarados-Mega, L50, M, shiny
|-mega|p1b: Gyarados|Gyarados|Gyaradosite
|-ability|p1b: Gyarados|Mold Breaker
|move|p2a: Begged|Fake Out|p1a: Raichu
|-damage|p1a: Raichu|85/100
|move|p1b: Gyarados|Dragon Dance|p1b: Gyarados
|-boost|p1b: Gyarados|atk|1
|-boost|p1b: Gyarados|spe|1
|cant|p1a: Raichu|flinch
|move|p2b: Drop Dead|Kowtow Cleave|p1a: Raichu
|-damage|p1a: Raichu|0 fnt
|faint|p1a: Raichu
|-damage|p2b: Drop Dead|90/100|[from] item: Life Orb
|
|upkeep
|
|t:|1785095361
|switch|p1a: Mamoswine|Mamoswine, L50, M|100/100
|turn|3
|
|t:|1785095367
|switch|p2a: less|Dragonite, L50, M, shiny|100/100
|move|p2b: Drop Dead|Sucker Punch|p1a: Mamoswine
|-damage|p1a: Mamoswine|16/100
|-damage|p2b: Drop Dead|80/100|[from] item: Life Orb
|move|p1b: Gyarados|Waterfall|p2a: less
|-resisted|p2a: less|1
|-damage|p2a: less|67/100
|move|p1a: Mamoswine|High Horsepower|p2b: Drop Dead
|-supereffective|p2b: Drop Dead|1
|-damage|p2b: Drop Dead|0 fnt
|faint|p2b: Drop Dead
|-damage|p1a: Mamoswine|6/100|[from] item: Life Orb
|
|upkeep
|
|t:|1785095380
|switch|p2b: Begged|Incineroar, L50, F, shiny|100/100
|-ability|p2b: Begged|Intimidate|boost
|-fail|p1a: Mamoswine|unboost|Attack|[from] ability: Oblivious|[of] p1a: Mamoswine
|-unboost|p1b: Gyarados|atk|1
|turn|4
|
|t:|1785095386
|move|p1b: Gyarados|Protect|p1b: Gyarados
|-singleturn|p1b: Gyarados|Protect
|move|p1a: Mamoswine|Protect|p1a: Mamoswine
|-singleturn|p1a: Mamoswine|Protect
|move|p2a: less|Extreme Speed|p1a: Mamoswine
|-activate|p1a: Mamoswine|move: Protect
|move|p2b: Begged|Parting Shot|p1b: Gyarados
|-activate|p1b: Gyarados|move: Protect
|
|upkeep
|turn|5
|
|t:|1785095398
|move|p2a: less|Extreme Speed|p1a: Mamoswine
|-damage|p1a: Mamoswine|0 fnt
|faint|p1a: Mamoswine
|move|p1b: Gyarados|Waterfall|p2b: Begged
|-supereffective|p2b: Begged|1
|-damage|p2b: Begged|24/100
|-enditem|p2b: Begged|Sitrus Berry|[eat]
|-heal|p2b: Begged|49/100|[from] item: Sitrus Berry
|move|p2b: Begged|Parting Shot|p1b: Gyarados
|-unboost|p1b: Gyarados|atk|1
|-unboost|p1b: Gyarados|spa|1
|
|t:|1785095402
|switch|p2b: my way|Blaziken, L50, F, shiny|100/100|[from] Parting Shot
|
|upkeep
|
|t:|1785095410
|switch|p1a: Ceruledge|Ceruledge, L50, F|100/100
|turn|6
|
|t:|1785095417
|switch|p2b: Begged|Incineroar, L50, F, shiny|49/100
|-ability|p2b: Begged|Intimidate|boost
|-unboost|p1a: Ceruledge|atk|1
|-unboost|p1b: Gyarados|atk|1
|move|p1b: Gyarados|Lash Out|p2a: less
|-damage|p2a: less|28/100
|move|p1a: Ceruledge|Bulk Up|p1a: Ceruledge
|-boost|p1a: Ceruledge|atk|1
|-boost|p1a: Ceruledge|def|1
|move|p2a: less|Dragon Claw|p1b: Gyarados
|-damage|p1b: Gyarados|62/100
|
|upkeep
|turn|7
|
|t:|1785095428
|move|p2b: Begged|Fake Out|p1b: Gyarados
|-damage|p1b: Gyarados|53/100
|cant|p1b: Gyarados|flinch
|move|p1a: Ceruledge|Bulk Up|p1a: Ceruledge
|-boost|p1a: Ceruledge|atk|1
|-boost|p1a: Ceruledge|def|1
|move|p2a: less|Low Kick|p1b: Gyarados
|-supereffective|p1b: Gyarados|1
|-damage|p1b: Gyarados|0 fnt
|faint|p1b: Gyarados
|
|upkeep
|turn|8
|inactive|d1mo22 has 30 seconds left.
|
|t:|1785095459
|move|p1a: Ceruledge|Bitter Blade|p2b: Begged
|-resisted|p2b: Begged|1
|-damage|p2b: Begged|24/100
|move|p2a: less|Dragon Claw|p1a: Ceruledge
|-crit|p1a: Ceruledge
|-damage|p1a: Ceruledge|20/100y
|move|p2b: Begged|Parting Shot|p1a: Ceruledge
|-unboost|p1a: Ceruledge|atk|1
|-unboost|p1a: Ceruledge|spa|1
|
|t:|1785095464
|switch|p2b: my way|Blaziken, L50, F, shiny|100/100|[from] Parting Shot
|
|upkeep
|turn|9
|
|t:|1785095473
|switch|p2a: Begged|Incineroar, L50, F, shiny|24/100
|-ability|p2a: Begged|Intimidate|boost
|-unboost|p1a: Ceruledge|atk|1
|detailschange|p2b: my way|Blaziken-Mega, L50, F, shiny
|-mega|p2b: my way|Blaziken|Blazikenite
|move|p2b: my way|Rock Slide|p1a: Ceruledge
|-supereffective|p1a: Ceruledge|1
|-damage|p1a: Ceruledge|0 fnt
|faint|p1a: Ceruledge
|
|win|trevyah
|raw|d1mo22's rating: 1396 → 1374(-22 for losing)
|raw|trevyah's rating: 1361 → 1383(+22 for winning)
