|j|☆Chelicerate1
|j|☆Navizz0
|html|Chelicerate1Navizz0    
|uhtml|bestof|Game 2 of a best-of-3
|t:|1785505741
|gametype|doubles
|player|p1|Chelicerate1|ethan|1353
|player|p2|Navizz0|ethan|1346
|gen|9
|tier|[Gen 9 Champions] VGC 2026 Reg M-B (Bo3)
|rated|
|rule|Species Clause: Limit one of each Pokémon
|rule|Item Clause: Limit 1 of each item
|clearpoke
|poke|p1|Grimmsnarl, L50, M|
|poke|p1|Basculegion, L50, M|
|poke|p1|Charizard, L50, F|
|poke|p1|Pelipper, L50, M|
|poke|p1|Venusaur, L50, M|
|poke|p1|Archaludon, L50, M|
|poke|p2|Blaziken, L50, F|
|poke|p2|Ninetales-Alola, L50, M|
|poke|p2|Kingambit, L50, M|
|poke|p2|Basculegion, L50, M|
|poke|p2|Whimsicott, L50, M|
|poke|p2|Aerodactyl, L50, F|
|teampreview|4
|showteam|p1|Grimmsnarl||LightClay|Prankster|SpiritBreak,PartingShot,Reflect,LightScreen|Sassy||M|||50|]Basculegion||ChoiceScarf|Adaptability|LastRespects,WaveCrash,AquaJet,FlipTurn|Jolly||M|||50|]Charizard||CharizarditeY|Blaze|Protect,HeatWave,WeatherBall,SolarBeam|Modest||F|||50|]Pelipper||SitrusBerry|Drizzle|Hurricane,WeatherBall,Tailwind,WideGuard|Modest||M|||50|]Venusaur||FocusSash|Chlorophyll|SludgeBomb,SleepPowder,EarthPower,Protect|Modest||M|||50|]Archaludon||Leftovers|Stamina|ElectroShot,DragonPulse,FlashCannon,Protect|Calm||M|||50|
|showteam|p2|Blaziken||Blazikenite|SpeedBoost|AuraSphere,HeatWave,ScorchingSands,Detect|Modest||F|||50|]Ninetales-Alola||LifeOrb|SnowWarning|Blizzard,FreezeDry,Moonblast,Protect|Timid||M|||50|]Kingambit||BlackGlasses|Defiant|SuckerPunch,IronHead,Protect,KowtowCleave|Adamant||M|||50|]Basculegion||ChoiceScarf|Adaptability|LastRespects,WaveCrash,AquaJet,FlipTurn|Jolly||M|||50|]Whimsicott||FocusSash|Prankster|Moonblast,Tailwind,Protect,Encore|Timid||M|||50|]Aerodactyl||Aerodactylite|Unnerve|RockSlide,DualWingbeat,WideGuard,Taunt|Jolly||F|||50|
|inactive|Battle timer is ON: inactive players will automatically lose when time's up. (requested by Navizz0)
|inactive|Chelicerate1 also wants the timer to be on.
|
|t:|1785505755
|teamsize|p1|4
|teamsize|p2|4
|start
|switch|p1a: Charizard|Charizard, L50, F|100/100
|switch|p1b: Grimmsnarl|Grimmsnarl, L50, M|100/100
|switch|p2a: Aerodactyl|Aerodactyl, L50, F|100/100
|switch|p2b: Blaziken|Blaziken, L50, F|100/100
|-ability|p2a: Aerodactyl|Unnerve
|turn|1
|
|t:|1785505770
|switch|p1a: Archaludon|Archaludon, L50, M|100/100
|detailschange|p2b: Blaziken|Blaziken-Mega, L50, F
|-mega|p2b: Blaziken|Blaziken|Blazikenite
|move|p1b: Grimmsnarl|Reflect|p1b: Grimmsnarl
|-sidestart|p1: Chelicerate1|Reflect
|move|p2a: Aerodactyl|Taunt|p1b: Grimmsnarl
|-start|p1b: Grimmsnarl|move: Taunt
|move|p2b: Blaziken|Heat Wave|p1a: Archaludon|[spread] p1a
|-miss|p2b: Blaziken|p1b: Grimmsnarl
|-damage|p1a: Archaludon|60/100
|-ability|p1a: Archaludon|Stamina|boost
|-boost|p1a: Archaludon|def|1
|
|-heal|p1a: Archaludon|66/100|[from] item: Leftovers
|-ability|p2b: Blaziken|Speed Boost|boost
|-boost|p2b: Blaziken|spe|1
|upkeep
|turn|2
|
|t:|1785505779
|switch|p1b: Pelipper|Pelipper, L50, M|100/100
|-weather|RainDance|[from] ability: Drizzle|[of] p1b: Pelipper
|move|p2b: Blaziken|Aura Sphere|p1a: Archaludon
|-supereffective|p1a: Archaludon|1
|-damage|p1a: Archaludon|0 fnt
|faint|p1a: Archaludon
|move|p2a: Aerodactyl|Rock Slide|p1b: Pelipper
|-supereffective|p1b: Pelipper|1
|-damage|p1b: Pelipper|51/100
|
|-weather|RainDance|[upkeep]
|-ability|p2b: Blaziken|Speed Boost|boost
|-boost|p2b: Blaziken|spe|1
|upkeep
|
|t:|1785505786
|switch|p1a: Grimmsnarl|Grimmsnarl, L50, M|100/100
|turn|3
|
|t:|1785505793
|switch|p2b: Ninetales|Ninetales-Alola, L50, M|100/100
|-weather|Snowscape|[from] ability: Snow Warning|[of] p2b: Ninetales
|move|p2a: Aerodactyl|Rock Slide|p1b: Pelipper|[spread] p1b
|-miss|p2a: Aerodactyl|p1a: Grimmsnarl
|-supereffective|p1b: Pelipper|1
|-damage|p1b: Pelipper|19/100
|move|p1b: Pelipper|Weather Ball|p2a: Aerodactyl
|-supereffective|p2a: Aerodactyl|1
|-damage|p2a: Aerodactyl|21/100
|move|p1a: Grimmsnarl|Spirit Break|p2b: Ninetales
|-crit|p2b: Ninetales
|-damage|p2b: Ninetales|54/100
|-unboost|p2b: Ninetales|spa|1
|
|-weather|Snowscape|[upkeep]
|upkeep
|turn|4
|
|t:|1785505808
|move|p2a: Aerodactyl|Rock Slide|p1a: Grimmsnarl|[spread] p1a,p1b
|-supereffective|p1b: Pelipper|1
|-damage|p1a: Grimmsnarl|81/100
|-damage|p1b: Pelipper|0 fnt
|faint|p1b: Pelipper
|move|p2b: Ninetales|Moonblast|p1a: Grimmsnarl
|-supereffective|p1a: Grimmsnarl|1
|-damage|p1a: Grimmsnarl|29/100
|-damage|p2b: Ninetales|44/100|[from] item: Life Orb
|move|p1a: Grimmsnarl|Spirit Break|p2a: Aerodactyl
|-damage|p2a: Aerodactyl|0 fnt
|faint|p2a: Aerodactyl
|
|-weather|Snowscape|[upkeep]
|upkeep
|
|t:|1785505814
|switch|p2a: Blaziken|Blaziken-Mega, L50, F|100/100
|switch|p1b: Charizard|Charizard, L50, F|100/100
|turn|5
|
|t:|1785505819
|detailschange|p1b: Charizard|Charizard-Mega-Y, L50, F
|-mega|p1b: Charizard|Charizard|Charizardite Y
|-weather|SunnyDay|[from] ability: Drought|[of] p1b: Charizard
|move|p1a: Grimmsnarl|Light Screen|p1a: Grimmsnarl
|-sidestart|p1: Chelicerate1|move: Light Screen
|move|p2b: Ninetales|Moonblast|p1a: Grimmsnarl
|-supereffective|p1a: Grimmsnarl|1
|-damage|p1a: Grimmsnarl|0 fnt
|faint|p1a: Grimmsnarl
|-damage|p2b: Ninetales|34/100|[from] item: Life Orb
|move|p2a: Blaziken|Heat Wave|p1b: Charizard
|-resisted|p1b: Charizard|1
|-damage|p1b: Charizard|74/100
|move|p1b: Charizard|Heat Wave|p2b: Ninetales|[spread] p2a,p2b
|-resisted|p2a: Blaziken|1
|-supereffective|p2b: Ninetales|1
|-damage|p2a: Blaziken|63/100
|-damage|p2b: Ninetales|0 fnt
|faint|p2b: Ninetales
|
|-weather|SunnyDay|[upkeep]
|-ability|p2a: Blaziken|Speed Boost|boost
|-boost|p2a: Blaziken|spe|1
|upkeep
|
|t:|1785505822
|switch|p2b: Kingambit|Kingambit, L50, M|100/100
|turn|6
|
|t:|1785505830
|move|p2b: Kingambit|Protect|p2b: Kingambit
|-singleturn|p2b: Kingambit|Protect
|move|p2a: Blaziken|Heat Wave|p1b: Charizard
|-resisted|p1b: Charizard|1
|-damage|p1b: Charizard|48/100
|move|p1b: Charizard|Heat Wave|p2a: Blaziken|[spread] p2a
|-activate|p2b: Kingambit|move: Protect
|-resisted|p2a: Blaziken|1
|-crit|p2a: Blaziken
|-damage|p2a: Blaziken|3/100
|
|-weather|SunnyDay|[upkeep]
|-ability|p2a: Blaziken|Speed Boost|boost
|-boost|p2a: Blaziken|spe|1
|upkeep
|turn|7
|
|t:|1785505841
|move|p2b: Kingambit|Sucker Punch|p1b: Charizard
|-damage|p1b: Charizard|12/100
|move|p2a: Blaziken|Heat Wave|p1b: Charizard
|-resisted|p1b: Charizard|1
|-damage|p1b: Charizard|0 fnt
|faint|p1b: Charizard
|
|win|Navizz0
|raw|Chelicerate1's rating: 1353 → 1333(-20 for losing)
|raw|Navizz0's rating: 1346 → 1366(+20 for winning)
