|j|☆RegiSIXSEVEN
|j|☆Kavolstag
|html|RegiSIXSEVENKavolstag    
|uhtml|bestof|Game 2 of a best-of-3
|t:|1782369642
|gametype|doubles
|player|p1|RegiSIXSEVEN|steven|1117
|player|p2|Kavolstag|170|1038
|gen|9
|tier|[Gen 9 Champions] VGC 2026 Reg M-B (Bo3)
|rated|
|rule|Species Clause: Limit one of each Pokémon
|rule|Item Clause: Limit 1 of each item
|clearpoke
|poke|p1|Blaziken, L50, M, shiny|
|poke|p1|Kingambit, L50, F, shiny|
|poke|p1|Froslass, L50, F, shiny|
|poke|p1|Aerodactyl, L50, F, shiny|
|poke|p1|Sinistcha, L50, shiny|
|poke|p1|Garchomp, L50, F, shiny|
|poke|p2|Tyranitar, L50, F, shiny|
|poke|p2|Scovillain, L50, F, shiny|
|poke|p2|Excadrill, L50, F, shiny|
|poke|p2|Hydreigon, L50, M, shiny|
|poke|p2|Corviknight, L50, M, shiny|
|poke|p2|Houndstone, L50, M|
|teampreview|4
|showteam|p1|Blaziken||FocusSash|SpeedBoost|HeatWave,AuraSphere,Coaching,Protect|Jolly||M|||50|]Kingambit||ChopleBerry|Defiant|SuckerPunch,KowtowCleave,IronHead,Protect|Adamant||F|||50|]Froslass||Froslassite|SnowCloak|Blizzard,ShadowBall,AuroraVeil,Protect|Timid||F|||50|]Aerodactyl||Aerodactylite|RockHead|RockSlide,DualWingbeat,Tailwind,WideGuard|Jolly||F|||50|]Sinistcha||KasibBerry|Hospitality|MatchaGotcha,RagePowder,TrickRoom,Protect|Bold|||||50|]Garchomp||LifeOrb|RoughSkin|DragonClaw,StompingTantrum,RockSlide,Protect|Jolly||F|||50|
|showteam|p2|Tyranitar||Tyranitarite|SandStream|RockSlide,LowKick,KnockOff,Protect|Adamant||F|||50|]Scovillain||Scovillainite|Moody|Overheat,GigaDrain,RagePowder,Protect|Calm||F|||50|]Excadrill||FocusSash|SandRush|Earthquake,RockSlide,Protect,IronHead|Adamant||F|||50|]Hydreigon||ChoiceScarf|Levitate|DracoMeteor,DarkPulse,HeatWave,Snarl|Modest||M|||50|]Corviknight||Leftovers|MirrorArmor|BraveBird,BulkUp,Tailwind,Protect|Careful||M|||50|]Houndstone||SitrusBerry|SandRush|LastRespects,WillOWisp,Protect,BodyPress|Adamant||M|||50|
|inactive|Battle timer is ON: inactive players will automatically lose when time's up. (requested by RegiSIXSEVEN)
|inactive|RegiSIXSEVEN has 60 seconds left.
|
|t:|1782369689
|teamsize|p1|4
|teamsize|p2|4
|start
|switch|p1a: Froslass|Froslass, L50, F, shiny|100/100
|switch|p1b: Garchomp|Garchomp, L50, F, shiny|100/100
|switch|p2a: Tyranitar|Tyranitar, L50, F, shiny|100/100
|switch|p2b: Hydreigon|Hydreigon, L50, M, shiny|100/100
|-weather|Sandstorm|[from] ability: Sand Stream|[of] p2a: Tyranitar
|turn|1
|
|t:|1782369709
|detailschange|p1a: Froslass|Froslass-Mega, L50, F, shiny
|-mega|p1a: Froslass|Froslass|Froslassite
|-weather|Snowscape|[from] ability: Snow Warning|[of] p1a: Froslass
|detailschange|p2a: Tyranitar|Tyranitar-Mega, L50, F, shiny
|-mega|p2a: Tyranitar|Tyranitar|Tyranitarite
|-weather|Sandstorm|[from] ability: Sand Stream|[of] p2a: Tyranitar
|move|p2b: Hydreigon|Draco Meteor|p1b: Garchomp
|-supereffective|p1b: Garchomp|1
|-damage|p1b: Garchomp|0 fnt
|-unboost|p2b: Hydreigon|spa|2
|faint|p1b: Garchomp
|move|p1a: Froslass|Blizzard|p2b: Hydreigon|[spread] p2a,p2b
|-supereffective|p2b: Hydreigon|1
|-damage|p2a: Tyranitar|81/100
|-damage|p2b: Hydreigon|13/100
|-status|p2a: Tyranitar|frz
|cant|p2a: Tyranitar|frz
|
|-weather|Sandstorm|[upkeep]
|-damage|p2b: Hydreigon|7/100|[from] Sandstorm
|-damage|p1a: Froslass|93/100|[from] Sandstorm
|upkeep
|
|t:|1782369728
|switch|p1b: Sinistcha|Sinistcha, L50, shiny|100/100
|-heal|p1a: Froslass|100/100|[from] ability: Hospitality|[of] p1b: Sinistcha
|turn|2
|
|t:|1782369742
|switch|p2b: Excadrill|Excadrill, L50, F, shiny|100/100
|switch|p1a: Kingambit|Kingambit, L50, F, shiny|100/100
|cant|p2a: Tyranitar|frz
|move|p1b: Sinistcha|Matcha Gotcha|p2b: Excadrill|[spread] p2a,p2b
|-supereffective|p2a: Tyranitar|1
|-damage|p2a: Tyranitar|57/100 frz
|-damage|p2b: Excadrill|66/100
|-curestatus|p2a: Tyranitar|frz|[msg]
|
|-weather|Sandstorm|[upkeep]
|-damage|p1b: Sinistcha|93/100|[from] Sandstorm
|upkeep
|turn|3
|
|t:|1782369763
|switch|p1a: Froslass|Froslass-Mega, L50, F, shiny|100/100
|-weather|Snowscape|[from] ability: Snow Warning|[of] p1a: Froslass
|move|p2b: Excadrill|Rock Slide|p1a: Froslass|[spread] p1a,p1b
|-supereffective|p1a: Froslass|1
|-crit|p1a: Froslass
|-damage|p1a: Froslass|48/100
|-damage|p1b: Sinistcha|75/100
|move|p2a: Tyranitar|Low Kick|p1a: Froslass
|-immune|p1a: Froslass
|move|p1b: Sinistcha|Matcha Gotcha|p2a: Tyranitar|[spread] p2a,p2b
|-supereffective|p2a: Tyranitar|1
|-damage|p2a: Tyranitar|22/100
|-heal|p1b: Sinistcha|96/100|[from] drain|[of] p2a: Tyranitar
|-damage|p2b: Excadrill|35/100
|-heal|p1b: Sinistcha|100/100|[from] drain|[of] p2b: Excadrill
|-status|p2b: Excadrill|brn
|
|-weather|Snowscape|[upkeep]
|-damage|p2b: Excadrill|29/100 brn|[from] brn
|upkeep
|turn|4
|
|t:|1782369783
|switch|p1b: Kingambit|Kingambit, L50, F, shiny|100/100
|move|p1a: Froslass|Blizzard|p2a: Tyranitar|[spread] p2a,p2b
|-damage|p2a: Tyranitar|0 fnt
|-damage|p2b: Excadrill|0 fnt
|faint|p2a: Tyranitar
|faint|p2b: Excadrill
|
|-weather|Snowscape|[upkeep]
|upkeep
|
|t:|1782369788
|switch|p2b: Houndstone|Houndstone, L50, M|100/100
|switch|p2a: Hydreigon|Hydreigon, L50, M, shiny|7/100
|turn|5
|
|t:|1782369801
|move|p1b: Kingambit|Sucker Punch|p2a: Hydreigon
|-resisted|p2a: Hydreigon|1
|-damage|p2a: Hydreigon|0 fnt
|faint|p2a: Hydreigon
|move|p1a: Froslass|Blizzard|p2b: Houndstone
|-damage|p2b: Houndstone|44/100
|-enditem|p2b: Houndstone|Sitrus Berry|[eat]
|-heal|p2b: Houndstone|69/100|[from] item: Sitrus Berry
|move|p2b: Houndstone|Will-O-Wisp|p1b: Kingambit|[miss]
|-miss|p2b: Houndstone|p1b: Kingambit
|
|-weather|Snowscape|[upkeep]
|upkeep
|turn|6
|
|t:|1782369811
|move|p1b: Kingambit|Sucker Punch|p2b: Houndstone
|-supereffective|p2b: Houndstone|1
|-damage|p2b: Houndstone|1/100
|move|p1a: Froslass|Blizzard|p2b: Houndstone
|-damage|p2b: Houndstone|0 fnt
|faint|p2b: Houndstone
|
|win|RegiSIXSEVEN
||Kavolstag is ready for game 3.
