|j|☆Glaxx
|j|☆Atlanta Rat
|html|GlaxxAtlanta Rat    
|uhtml|bestof|Game 1 of a best-of-3
|t:|1784782351
|gametype|doubles
|player|p1|Glaxx|red|1021
|player|p2|Atlanta Rat|rood|1074
|gen|9
|tier|[Gen 9 Champions] VGC 2026 Reg M-B (Bo3)
|rated|
|rule|Species Clause: Limit one of each Pokémon
|rule|Item Clause: Limit 1 of each item
|clearpoke
|poke|p1|Sceptile, L50, M, shiny|
|poke|p1|Metagross, L50, shiny|
|poke|p1|Milotic, L50, F, shiny|
|poke|p1|Arcanine-Hisui, L50, F|
|poke|p1|Gardevoir, L50, F, shiny|
|poke|p1|Rotom-Wash, L50, shiny|
|poke|p2|Raichu, L50, M|
|poke|p2|Sinistcha, L50|
|poke|p2|Incineroar, L50, M|
|poke|p2|Sylveon, L50, F|
|poke|p2|Metagross, L50|
|poke|p2|Hydreigon, L50, F|
|teampreview|4
|showteam|p1|Sceptile||Sceptilite|Unburden|DragonPulse,LeafStorm,Protect,EarthPower|Timid||M|||50|]Metagross||Metagrossite|ClearBody|Trailblaze,IcePunch,PsychicFangs,MeteorMash|Jolly|||||50|]Milotic||Leftovers|Competitive|IceBeam,DrainingKiss,Scald,RainDance|Modest||F|||50|]Arcanine-Hisui||ExpertBelt|RockHead|DoubleEdge,FlareBlitz,HeadSmash,WildCharge|Jolly||F|||50|]Gardevoir||ZoomLens|Trace|Psyshock,AuraSphere,DazzlingGleam,SkillSwap|Quiet||F|||50|]Rotom-Wash||ChoiceScarf|Levitate|Discharge,SunnyDay,HydroPump,Trick|Timid|||||50|
|showteam|p2|Raichu||RaichuniteY|LightningRod|ZapCannon,FocusBlast,FakeOut,Protect|Timid||M|||50|]Sinistcha||SitrusBerry|Hospitality|MatchaGotcha,RagePowder,LifeDew,Protect|Bold|||||50|]Incineroar||LumBerry|Intimidate|FlareBlitz,DarkestLariat,PartingShot,FakeOut|Impish||M|||50|]Sylveon||FairyFeather|Pixilate|HyperVoice,Moonblast,CalmMind,Protect|Modest||F|||50|]Metagross||Metagrossite|ClearBody|BulletPunch,PsychicFangs,BodyPress,Protect|Adamant|||||50|]Hydreigon||ChoiceScarf|Levitate|DracoMeteor,DarkPulse,EarthPower,Snarl|Modest||F|||50|
|inactive|Battle timer is ON: inactive players will automatically lose when time's up. (requested by Glaxx)
|inactive|Atlanta Rat has 60 seconds left.
|
|t:|1784782404
|teamsize|p1|4
|teamsize|p2|4
|start
|switch|p1a: Gardevoir|Gardevoir, L50, F, shiny|100/100
|switch|p1b: Milotic|Milotic, L50, F, shiny|100/100
|switch|p2a: Rat with a Gun|Metagross, L50|100/100
|switch|p2b: 3 headed Rat|Hydreigon, L50, F|100/100
|-ability|p1a: Gardevoir|Clear Body|Trace|[from] ability: Trace|[of] p2a: Rat with a Gun
|turn|1
|
|t:|1784782420
|detailschange|p2a: Rat with a Gun|Metagross-Mega, L50
|-mega|p2a: Rat with a Gun|Metagross|Metagrossite
|move|p2a: Rat with a Gun|Bullet Punch|p1a: Gardevoir
|-supereffective|p1a: Gardevoir|1
|-damage|p1a: Gardevoir|17/100
|move|p2b: 3 headed Rat|Snarl|p1b: Milotic|[spread] p1a,p1b
|-damage|p1a: Gardevoir|0 fnt
|-damage|p1b: Milotic|81/100
|-unboost|p1b: Milotic|spa|1
|-ability|p1b: Milotic|Competitive|boost
|-boost|p1b: Milotic|spa|2
|faint|p1a: Gardevoir
|move|p1b: Milotic|Rain Dance|p1b: Milotic
|-weather|RainDance
|
|-weather|RainDance|[upkeep]
|-heal|p1b: Milotic|87/100|[from] item: Leftovers
|upkeep
|
|t:|1784782427
|switch|p1a: Sceptile|Sceptile, L50, M, shiny|100/100
|turn|2
|inactive|Atlanta Rat has 30 seconds left.
|inactive|Atlanta Rat has 20 seconds left.
|
|t:|1784782464
|switch|p2b: Smiley Rat|Sinistcha, L50|100/100
|detailschange|p1a: Sceptile|Sceptile-Mega, L50, M, shiny
|-mega|p1a: Sceptile|Sceptile|Sceptilite
|move|p1a: Sceptile|Protect|p1a: Sceptile
|-singleturn|p1a: Sceptile|Protect
|move|p2a: Rat with a Gun|Psychic Fangs|p1b: Milotic
|-damage|p1b: Milotic|18/100
|move|p1b: Milotic|Scald|p2a: Rat with a Gun
|-damage|p2a: Rat with a Gun|15/100
|-status|p2a: Rat with a Gun|brn
|
|-weather|RainDance|[upkeep]
|-heal|p1b: Milotic|23/100|[from] item: Leftovers
|-damage|p2a: Rat with a Gun|9/100 brn|[from] brn
|upkeep
|turn|3
|j| toxiccroc12
|l| toxiccroc12
|
|t:|1784782487
|switch|p1b: Rotom|Rotom-Wash, L50, shiny|100/100
|move|p2a: Rat with a Gun|Protect|p2a: Rat with a Gun
|-singleturn|p2a: Rat with a Gun|Protect
|move|p1a: Sceptile|Earth Power|p2a: Rat with a Gun
|-activate|p2a: Rat with a Gun|move: Protect
|move|p2b: Smiley Rat|Matcha Gotcha|p1a: Sceptile|[spread] p1a,p1b
|-resisted|p1a: Sceptile|2
|-supereffective|p1b: Rotom|1
|-damage|p1a: Sceptile|91/100
|-damage|p1b: Rotom|27/100
|
|-weather|RainDance|[upkeep]
|-damage|p2a: Rat with a Gun|3/100 brn|[from] brn
|upkeep
|turn|4
|
|t:|1784782507
|switch|p2a: 3 headed Rat|Hydreigon, L50, F|100/100
|move|p1b: Rotom|Discharge|p2b: Smiley Rat|[spread] p2a,p2b
|-ability|p1a: Sceptile|Lightning Rod|boost
|-boost|p1a: Sceptile|spa|1
|-resisted|p2a: 3 headed Rat|1
|-crit|p2a: 3 headed Rat
|-resisted|p2b: Smiley Rat|1
|-damage|p2a: 3 headed Rat|74/100
|-damage|p2b: Smiley Rat|87/100
|-status|p2a: 3 headed Rat|par
|move|p1a: Sceptile|Dragon Pulse|p2b: Smiley Rat
|-damage|p2b: Smiley Rat|20/100y
|-enditem|p2b: Smiley Rat|Sitrus Berry|[eat]
|-heal|p2b: Smiley Rat|45/100|[from] item: Sitrus Berry
|move|p2b: Smiley Rat|Life Dew|p2b: Smiley Rat|[spread] p2a,p2b
|-heal|p2a: 3 headed Rat|99/100 par
|-heal|p2b: Smiley Rat|70/100
|
|-weather|RainDance|[upkeep]
|upkeep
|turn|5
|inactive|Atlanta Rat has 30 seconds left.
|
|t:|1784782538
|switch|p1b: Milotic|Milotic, L50, F, shiny|23/100
|move|p1a: Sceptile|Protect|p1a: Sceptile
|-singleturn|p1a: Sceptile|Protect
|move|p2a: 3 headed Rat|Snarl|p1a: Sceptile|[spread] p1b
|-activate|p1a: Sceptile|move: Protect
|-damage|p1b: Milotic|4/100
|-unboost|p1b: Milotic|spa|1
|-ability|p1b: Milotic|Competitive|boost
|-boost|p1b: Milotic|spa|2
|move|p2b: Smiley Rat|Matcha Gotcha|p1b: Milotic|[spread] p1b
|-activate|p1a: Sceptile|move: Protect
|-supereffective|p1b: Milotic|1
|-damage|p1b: Milotic|0 fnt
|-heal|p2b: Smiley Rat|73/100|[from] drain|[of] p1b: Milotic
|faint|p1b: Milotic
|
|-weather|none
|upkeep
|
|t:|1784782547
|switch|p1b: Rotom|Rotom-Wash, L50, shiny|27/100
|turn|6
|
|t:|1784782559
|switch|p2a: Rat with a Gun|Metagross-Mega, L50|3/100 brn
|move|p1b: Rotom|Trick|p2b: Smiley Rat
|-activate|p1b: Rotom|move: Trick|[of] p2b: Smiley Rat
|-item|p2b: Smiley Rat|Choice Scarf|[from] move: Trick
|-enditem|p1b: Rotom|Choice Scarf|[silent]|[from] move: Trick
|move|p1a: Sceptile|Dragon Pulse|p2a: Rat with a Gun
|-resisted|p2a: Rat with a Gun|1
|-damage|p2a: Rat with a Gun|0 fnt
|faint|p2a: Rat with a Gun
|move|p2b: Smiley Rat|Matcha Gotcha|p1a: Sceptile|[spread] p1a,p1b
|-resisted|p1a: Sceptile|2
|-supereffective|p1b: Rotom|1
|-damage|p1a: Sceptile|83/100
|-heal|p2b: Smiley Rat|76/100|[from] drain|[of] p1a: Sceptile
|-damage|p1b: Rotom|0 fnt
|-heal|p2b: Smiley Rat|86/100|[from] drain|[of] p1b: Rotom
|faint|p1b: Rotom
|
|upkeep
|
|t:|1784782576
|switch|p2a: Kitty Rat|Incineroar, L50, M|100/100
|-ability|p2a: Kitty Rat|Intimidate|boost
|-unboost|p1a: Sceptile|atk|1
|turn|7
|
|t:|1784782590
|move|p1a: Sceptile|Earth Power|p2a: Kitty Rat
|-supereffective|p2a: Kitty Rat|1
|-damage|p2a: Kitty Rat|11/100
|-unboost|p2a: Kitty Rat|spd|1
|move|p2b: Smiley Rat|Matcha Gotcha|p1a: Sceptile|[miss]
|-miss|p2b: Smiley Rat|p1a: Sceptile
|move|p2a: Kitty Rat|Flare Blitz|p1a: Sceptile
|-damage|p1a: Sceptile|8/100
|-damage|p2a: Kitty Rat|0 fnt|[from] Recoil
|faint|p2a: Kitty Rat
|
|upkeep
|
|t:|1784782597
|switch|p2a: 3 headed Rat|Hydreigon, L50, F|99/100 par
|turn|8
|
|t:|1784782603
|move|p1a: Sceptile|Dragon Pulse|p2a: 3 headed Rat
|-supereffective|p2a: 3 headed Rat|1
|-damage|p2a: 3 headed Rat|0 fnt
|faint|p2a: 3 headed Rat
|move|p2b: Smiley Rat|Matcha Gotcha|p1a: Sceptile
|-resisted|p1a: Sceptile|2
|-damage|p1a: Sceptile|0 fnt
|-heal|p2b: Smiley Rat|89/100|[from] drain|[of] p1a: Sceptile
|faint|p1a: Sceptile
|
|win|Atlanta Rat
