|j|☆ishallnotusename
|j|☆Slothpk
|html|ishallnotusenameSlothpk    
|uhtml|bestof|Game 3 of a best-of-3
|t:|1785783668
|gametype|doubles
|player|p1|ishallnotusename|pokemaniac|1134
|player|p2|Slothpk|1|1154
|gen|9
|tier|[Gen 9 Champions] VGC 2026 Reg M-B (Bo3)
|rated|
|rule|Species Clause: Limit one of each Pokémon
|rule|Item Clause: Limit 1 of each item
|clearpoke
|poke|p1|Whimsicott, L50, M|
|poke|p1|Kingambit, L50, F|
|poke|p1|Staraptor, L50, M|
|poke|p1|Ceruledge, L50, M|
|poke|p1|Milotic, L50, F|
|poke|p1|Raichu, L50, F|
|poke|p2|Garchomp, L50, M|
|poke|p2|Sneasler, L50, M|
|poke|p2|Milotic, L50, F|
|poke|p2|Scizor, L50, F|
|poke|p2|Sinistcha-Masterpiece, L50|
|poke|p2|Whimsicott, L50, F|
|teampreview|4
|showteam|p1|Whimsicott||FocusSash|Prankster|Tailwind,Moonblast,Charm,Protect|Timid||M|||50|]Kingambit||LifeOrb|Defiant|KowtowCleave,SuckerPunch,IronHead,Protect|Adamant||F|||50|]Staraptor||Staraptite|Intimidate|CloseCombat,BraveBird,Roost,Protect|Jolly||M|||50|]Ceruledge||ColburBerry|FlashFire|BitterBlade,ShadowSneak,BulkUp,Protect|Adamant||M|||50|]Milotic||Leftovers|Competitive|Coil,MuddyWater,IcyWind,Recover|Modest||F|||50|]Raichu||RaichuniteY|Static|FakeOut,ZapCannon,FocusBlast,Protect|Timid||F|||50|
|showteam|p2|Garchomp||Garchompite|RoughSkin|EarthPower,DracoMeteor,Protect,PowerGem|Modest||M|||50|]Sneasler||WhiteHerb|Unburden|FakeOut,PoisonJab,CloseCombat,Protect|Jolly||M|||50|]Milotic||Leftovers|Competitive|IcyWind,Scald,LifeDew,LightScreen|Modest||F|||50|]Scizor||Scizorite|Technician|SwordsDance,BulletPunch,Roost,BugBite|Adamant||F|||50|]Sinistcha-Masterpiece||SitrusBerry|Hospitality|RagePowder,Protect,TrickRoom,MatchaGotcha|Bold|||||50|]Whimsicott||FocusSash|Prankster|Tailwind,Encore,Protect,Moonblast|Timid||F|||50|
|inactive|Battle timer is ON: inactive players will automatically lose when time's up. (requested by Slothpk)
|inactive|ishallnotusename has 60 seconds left.
|inactive|Slothpk has 60 seconds left.
|
|t:|1785783708
|teamsize|p1|4
|teamsize|p2|4
|start
|switch|p1a: Whimsicott|Whimsicott, L50, M|100/100
|switch|p1b: Milotic|Milotic, L50, F|100/100
|switch|p2a: Sneasler|Sneasler, L50, M|100/100
|switch|p2b: Garchomp|Garchomp, L50, M|100/100
|turn|1
|
|t:|1785783731
|detailschange|p2b: Garchomp|Garchomp-Mega, L50, M
|-mega|p2b: Garchomp|Garchomp|Garchompite
|move|p1a: Whimsicott|Protect|p1a: Whimsicott
|-singleturn|p1a: Whimsicott|Protect
|move|p2a: Sneasler|Fake Out|p1a: Whimsicott
|-activate|p1a: Whimsicott|move: Protect
|move|p2b: Garchomp|Earth Power|p1b: Milotic
|-damage|p1b: Milotic|63/100
|move|p1b: Milotic|Icy Wind|p2b: Garchomp|[spread] p2a,p2b
|-supereffective|p2b: Garchomp|2
|-damage|p2a: Sneasler|84/100
|-damage|p2b: Garchomp|56/100
|-unboost|p2a: Sneasler|spe|1
|-unboost|p2b: Garchomp|spe|1
|-enditem|p2a: Sneasler|White Herb
|-clearnegativeboost|p2a: Sneasler|[silent]
|
|-heal|p1b: Milotic|70/100|[from] item: Leftovers
|upkeep
|turn|2
|
|t:|1785783750
|move|p2b: Garchomp|Protect|p2b: Garchomp
|-singleturn|p2b: Garchomp|Protect
|move|p2a: Sneasler|Close Combat|p1b: Milotic
|-damage|p1b: Milotic|17/100
|-unboost|p2a: Sneasler|def|1
|-unboost|p2a: Sneasler|spd|1
|move|p1a: Whimsicott|Moonblast|p2b: Garchomp
|-activate|p2b: Garchomp|move: Protect
|move|p1b: Milotic|Coil|p1b: Milotic
|-boost|p1b: Milotic|atk|1
|-boost|p1b: Milotic|def|1
|-boost|p1b: Milotic|accuracy|1
|
|-heal|p1b: Milotic|23/100|[from] item: Leftovers
|upkeep
|turn|3
|
|t:|1785783771
|switch|p2b: Whimsicott|Whimsicott, L50, F|100/100
|move|p1a: Whimsicott|Charm|p2a: Sneasler
|-unboost|p2a: Sneasler|atk|2
|move|p2a: Sneasler|Close Combat|p1b: Milotic
|-damage|p1b: Milotic|4/100
|-unboost|p2a: Sneasler|def|1
|-unboost|p2a: Sneasler|spd|1
|move|p1b: Milotic|Recover|p1b: Milotic
|-heal|p1b: Milotic|54/100
|
|-heal|p1b: Milotic|60/100|[from] item: Leftovers
|upkeep
|turn|4
|inactiveoff|Battle timer is now OFF.
|
|t:|1785783796
|switch|p2a: Sinistcha|Sinistcha-Masterpiece, L50|100/100
|move|p2b: Whimsicott|Encore|p1b: Milotic
|-start|p1b: Milotic|Encore
|move|p1a: Whimsicott|Moonblast|p2a: Sinistcha
|-damage|p2a: Sinistcha|59/100
|move|p1b: Milotic|Recover|p1b: Milotic
|-heal|p1b: Milotic|100/100
|
|upkeep
|turn|5
|
|t:|1785783823
|switch|p1b: Kingambit|Kingambit, L50, F|100/100
|move|p2b: Whimsicott|Tailwind|p2b: Whimsicott
|-sidestart|p2: Slothpk|move: Tailwind
|move|p1a: Whimsicott|Moonblast|p2a: Sinistcha
|-damage|p2a: Sinistcha|20/100y
|-enditem|p2a: Sinistcha|Sitrus Berry|[eat]
|-heal|p2a: Sinistcha|44/100|[from] item: Sitrus Berry
|move|p2a: Sinistcha|Matcha Gotcha|p1a: Whimsicott|[spread] p1a
|-miss|p2a: Sinistcha|p1b: Kingambit
|-resisted|p1a: Whimsicott|1
|-damage|p1a: Whimsicott|78/100
|-heal|p2a: Sinistcha|53/100|[from] drain|[of] p1a: Whimsicott
|
|upkeep
|turn|6
|inactive|Battle timer is ON: inactive players will automatically lose when time's up. (requested by Slothpk)
|
|t:|1785783857
|switch|p2a: Sneasler|Sneasler, L50, M|84/100
|move|p1b: Kingambit|Sucker Punch||[still]
|-fail|p1b: Kingambit
|move|p2b: Whimsicott|Moonblast|p1b: Kingambit
|-damage|p1b: Kingambit|63/100
|move|p1a: Whimsicott|Moonblast|p2b: Whimsicott
|-damage|p2b: Whimsicott|42/100
|
|upkeep
|turn|7
|inactive|ishallnotusename has 30 seconds left.
|inactive|Slothpk has 30 seconds left.
|
|t:|1785783890
|move|p1a: Whimsicott|Tailwind|p1a: Whimsicott
|-sidestart|p1: ishallnotusename|move: Tailwind
|move|p2a: Sneasler|Close Combat|p1b: Kingambit
|-supereffective|p1b: Kingambit|2
|-damage|p1b: Kingambit|0 fnt
|-unboost|p2a: Sneasler|def|1
|-unboost|p2a: Sneasler|spd|1
|faint|p1b: Kingambit
|move|p2b: Whimsicott|Moonblast|p1a: Whimsicott
|-damage|p1a: Whimsicott|25/100
|-unboost|p1a: Whimsicott|spa|1
|
|upkeep
|
|t:|1785783904
|switch|p1b: Raichu|Raichu, L50, F|100/100
|turn|8
|inactive|Slothpk has 30 seconds left.
|inactive|Slothpk has 20 seconds left.
|inactive|ishallnotusename has 30 seconds left.
|inactive|Slothpk has 15 seconds left.
|inactive|Slothpk has 10 seconds left.
|inactive|Slothpk has 5 seconds left.
|
|t:|1785783958
|switch|p2a: Garchomp|Garchomp-Mega, L50, M|56/100
|switch|p1a: Milotic|Milotic, L50, F|100/100
|detailschange|p1b: Raichu|Raichu-Mega-Y, L50, F
|-mega|p1b: Raichu|Raichu|Raichunite Y
|move|p2b: Whimsicott|Protect|p2b: Whimsicott
|-singleturn|p2b: Whimsicott|Protect
|move|p1b: Raichu|Zap Cannon|p2b: Whimsicott
|-activate|p2b: Whimsicott|move: Protect
|
|-sideend|p2: Slothpk|move: Tailwind
|upkeep
|turn|9
|
|t:|1785783983
|switch|p2a: Sinistcha|Sinistcha-Masterpiece, L50|53/100
|-heal|p2b: Whimsicott|67/100|[from] ability: Hospitality|[of] p2a: Sinistcha
|move|p1b: Raichu|Protect|p1b: Raichu
|-singleturn|p1b: Raichu|Protect
|move|p2b: Whimsicott|Tailwind|p2b: Whimsicott
|-sidestart|p2: Slothpk|move: Tailwind
|move|p1a: Milotic|Icy Wind|p2a: Sinistcha|[spread] p2a,p2b
|-supereffective|p2a: Sinistcha|1
|-supereffective|p2b: Whimsicott|1
|-damage|p2a: Sinistcha|27/100
|-damage|p2b: Whimsicott|32/100
|-unboost|p2a: Sinistcha|spe|1
|-unboost|p2b: Whimsicott|spe|1
|
|upkeep
|turn|10
|inactive|ishallnotusename has 30 seconds left.
|
|t:|1785784015
|switch|p1b: Whimsicott|Whimsicott, L50, M|25/100
|switch|p2b: Sneasler|Sneasler, L50, M|84/100
|move|p2a: Sinistcha|Protect|p2a: Sinistcha
|-singleturn|p2a: Sinistcha|Protect
|move|p1a: Milotic|Icy Wind|p2a: Sinistcha|[spread] p2b
|-activate|p2a: Sinistcha|move: Protect
|-damage|p2b: Sneasler|68/100
|-unboost|p2b: Sneasler|spe|1
|
|-sideend|p1: ishallnotusename|move: Tailwind
|upkeep
|turn|11
|inactive|ishallnotusename has 30 seconds left.
|inactive|ishallnotusename has 20 seconds left.
|inactive|ishallnotusename has 15 seconds left.
|inactive|ishallnotusename has 10 seconds left.
|
|t:|1785784062
|move|p2b: Sneasler|Fake Out|p1b: Whimsicott
|-damage|p1b: Whimsicott|2/100
|cant|p1b: Whimsicott|flinch
|move|p2a: Sinistcha|Matcha Gotcha|p1b: Whimsicott|[spread] p1a,p1b
|-supereffective|p1a: Milotic|1
|-resisted|p1b: Whimsicott|1
|-damage|p1a: Milotic|64/100
|-heal|p2a: Sinistcha|46/100|[from] drain|[of] p1a: Milotic
|-damage|p1b: Whimsicott|0 fnt
|-heal|p2a: Sinistcha|47/100|[from] drain|[of] p1b: Whimsicott
|faint|p1b: Whimsicott
|move|p1a: Milotic|Icy Wind|p2b: Sneasler|[spread] p2a,p2b
|-supereffective|p2a: Sinistcha|1
|-damage|p2a: Sinistcha|20/100y
|-damage|p2b: Sneasler|54/100
|-unboost|p2a: Sinistcha|spe|1
|-unboost|p2b: Sneasler|spe|1
|
|-heal|p1a: Milotic|71/100|[from] item: Leftovers
|upkeep
|
|t:|1785784077
|switch|p1b: Raichu|Raichu-Mega-Y, L50, F|100/100
|turn|12
|inactive|ishallnotusename has 30 seconds left.
|inactive|Slothpk has 30 seconds left.
|inactive|Slothpk has 20 seconds left.
|inactive|Slothpk has 15 seconds left.
|inactive|Slothpk has 10 seconds left.
|
|t:|1785784126
|switch|p2a: Whimsicott|Whimsicott, L50, F|32/100
|move|p1b: Raichu|Zap Cannon|p2b: Sneasler
|-damage|p2b: Sneasler|0 fnt
|faint|p2b: Sneasler
|move|p1a: Milotic|Icy Wind|p2a: Whimsicott
|-supereffective|p2a: Whimsicott|1
|-damage|p2a: Whimsicott|0 fnt
|faint|p2a: Whimsicott
|
|-heal|p1a: Milotic|77/100|[from] item: Leftovers
|-sideend|p2: Slothpk|move: Tailwind
|upkeep
|
|t:|1785784132
|switch|p2b: Sinistcha|Sinistcha-Masterpiece, L50|20/100y
|switch|p2a: Garchomp|Garchomp-Mega, L50, M|56/100
|-heal|p2a: Garchomp|81/100|[from] ability: Hospitality|[of] p2b: Sinistcha
|turn|13
|inactive|ishallnotusename has 30 seconds left.
|inactive|Slothpk has 30 seconds left.
|inactive|ishallnotusename has 20 seconds left.
|inactive|ishallnotusename has 15 seconds left.
|inactive|ishallnotusename has 10 seconds left.
|
|t:|1785784179
|move|p1b: Raichu|Zap Cannon|p2b: Sinistcha
|-resisted|p2b: Sinistcha|1
|-damage|p2b: Sinistcha|0 fnt
|faint|p2b: Sinistcha
|move|p2a: Garchomp|Earth Power|p1b: Raichu
|-supereffective|p1b: Raichu|1
|-damage|p1b: Raichu|0 fnt
|faint|p1b: Raichu
|move|p1a: Milotic|Icy Wind|p2a: Garchomp
|-supereffective|p2a: Garchomp|2
|-damage|p2a: Garchomp|23/100
|-unboost|p2a: Garchomp|spe|1
|
|-heal|p1a: Milotic|83/100|[from] item: Leftovers
|upkeep
|turn|14
|
|t:|1785784190
|move|p1a: Milotic|Icy Wind|p2a: Garchomp
|-supereffective|p2a: Garchomp|2
|-damage|p2a: Garchomp|0 fnt
|faint|p2a: Garchomp
|
|win|ishallnotusename
|raw|ishallnotusename's rating: 1134 → 1160(+26 for winning)
|raw|Slothpk's rating: 1154 → 1128(-26 for losing)
|l|☆Slothpk
|player|p2|
