|j|☆LorGhez
|j|☆Al caruso
|html|LorGhezAl caruso    
|uhtml|bestof|Game 1 of a best-of-3
|t:|1782511691
|gametype|doubles
|player|p1|LorGhez|2|1145
|player|p2|Al caruso|102|1045
|gen|9
|tier|[Gen 9 Champions] VGC 2026 Reg M-B (Bo3)
|rated|
|rule|Species Clause: Limit one of each Pokémon
|rule|Item Clause: Limit 1 of each item
|clearpoke
|poke|p1|Sceptile, L50, F|
|poke|p1|Sylveon, L50, M|
|poke|p1|Rotom-Wash, L50|
|poke|p1|Aerodactyl, L50, M|
|poke|p1|Gyarados, L50, F|
|poke|p1|Kingambit, L50, F|
|poke|p2|Charizard, L50, M|
|poke|p2|Garchomp, L50, M|
|poke|p2|Basculegion, L50, M|
|poke|p2|Whimsicott, L50, M|
|poke|p2|Dragonite, L50, M|
|poke|p2|Gholdengo, L50|
|teampreview|4
|showteam|p1|Sceptile||Sceptilite|Overgrow|Protect,EnergyBall,DragonPulse,EarthPower|Timid||F|||50|]Sylveon||FairyFeather|Pixilate|Protect,HyperBeam,HyperVoice,Yawn|Modest||M|||50|]Rotom-Wash||Leftovers|Levitate|WillOWisp,Discharge,ThunderWave,LightScreen|Modest|||||50|]Aerodactyl||Aerodactylite|RockHead|WideGuard,Tailwind,RockSlide,DualWingbeat|Jolly||M|||50|]Gyarados||ExpertBelt|Intimidate|Protect,ThunderWave,Waterfall,TemperFlare|Adamant||F|||50|]Kingambit||ChopleBerry|Defiant|Protect,SuckerPunch,KowtowCleave,IronHead|Adamant||F|||50|
|showteam|p2|Charizard||CharizarditeY|Blaze|HeatWave,Protect,SolarBeam,WeatherBall|Modest||M|||50|]Garchomp||LifeOrb|RoughSkin|Earthquake,DragonClaw,Protect,RockSlide|Jolly||M|||50|]Basculegion||MysticWater|Adaptability|LastRespects,WaveCrash,Protect,AquaJet|Adamant||M|||50|]Whimsicott||FocusSash|Prankster|Tailwind,Moonblast,Protect,Encore|Timid||M|||50|]Dragonite||Dragoninite|Multiscale|DragonPulse,Thunderbolt,Flamethrower,Protect|Modest||M|||50|]Gholdengo||MetalCoat|GoodasGold|MakeItRain,ShadowBall,NastyPlot,Protect|Timid|||||50|
|inactive|Battle timer is ON: inactive players will automatically lose when time's up. (requested by LorGhez)
|inactive|LorGhez has 60 seconds left.
|inactive|Al caruso has 60 seconds left.
|inactive|LorGhez has 30 seconds left.
|inactive|LorGhez has 20 seconds left.
|
|t:|1782511770
|teamsize|p1|4
|teamsize|p2|4
|start
|switch|p1a: Aerodactyl|Aerodactyl, L50, M|100/100
|switch|p1b: Kingambit|Kingambit, L50, F|100/100
|switch|p2a: Dragonite|Dragonite, L50, M|100/100
|switch|p2b: Whimsicott|Whimsicott, L50, M|100/100
|turn|1
|inactive|LorGhez has 30 seconds left.
|inactive|LorGhez has 20 seconds left.
|inactive|LorGhez has 15 seconds left.
|inactive|LorGhez has 10 seconds left.
|inactive|LorGhez has 5 seconds left.
|
|t:|1782511822
|detailschange|p1a: Aerodactyl|Aerodactyl-Mega, L50, M
|-mega|p1a: Aerodactyl|Aerodactyl|Aerodactylite
|detailschange|p2a: Dragonite|Dragonite-Mega, L50, M
|-mega|p2a: Dragonite|Dragonite|Dragoninite
|move|p2b: Whimsicott|Protect|p2b: Whimsicott
|-singleturn|p2b: Whimsicott|Protect
|move|p1b: Kingambit|Protect|p1b: Kingambit
|-singleturn|p1b: Kingambit|Protect
|move|p1a: Aerodactyl|Rock Slide|p2b: Whimsicott|[spread] 
|-activate|p2b: Whimsicott|move: Protect
|-miss|p1a: Aerodactyl|p2a: Dragonite
|move|p2a: Dragonite|Thunderbolt|p1a: Aerodactyl
|-supereffective|p1a: Aerodactyl|1
|-damage|p1a: Aerodactyl|14/100
|
|upkeep
|turn|2
|inactive|LorGhez has 30 seconds left.
|inactive|Al caruso has 30 seconds left.
|inactive|LorGhez has 20 seconds left.
|inactive|Al caruso has 20 seconds left.
|inactive|LorGhez has 15 seconds left.
|inactive|LorGhez has 10 seconds left.
|inactive|LorGhez has 5 seconds left.
|
|t:|1782511874
|switch|p1a: Rotom|Rotom-Wash, L50|100/100
|move|p2b: Whimsicott|Tailwind|p2b: Whimsicott
|-sidestart|p2: Al caruso|move: Tailwind
|move|p2a: Dragonite|Dragon Pulse|p1a: Rotom
|-damage|p1a: Rotom|46/100
|move|p1b: Kingambit|Kowtow Cleave|p2a: Dragonite
|-damage|p2a: Dragonite|78/100
|
|-heal|p1a: Rotom|52/100|[from] item: Leftovers
|upkeep
|turn|3
|inactive|LorGhez has 30 seconds left.
|inactive|LorGhez has 20 seconds left.
|inactive|LorGhez has 15 seconds left.
|
|t:|1782511917
|move|p2b: Whimsicott|Moonblast|p1a: Rotom
|-damage|p1a: Rotom|17/100
|move|p2a: Dragonite|Flamethrower|p1b: Kingambit
|-supereffective|p1b: Kingambit|1
|-damage|p1b: Kingambit|33/100
|move|p1a: Rotom|Light Screen|p1a: Rotom
|-sidestart|p1: LorGhez|move: Light Screen
|move|p1b: Kingambit|Kowtow Cleave|p2a: Dragonite
|-damage|p2a: Dragonite|36/100
|
|-heal|p1a: Rotom|23/100|[from] item: Leftovers
|upkeep
|turn|4
|inactive|LorGhez has 30 seconds left.
|inactive|LorGhez has 20 seconds left.
|inactive|LorGhez has 15 seconds left.
|inactive|LorGhez has 10 seconds left.
|inactive|LorGhez has 5 seconds left.
|
|t:|1782511971
|move|p2b: Whimsicott|Encore|p1a: Rotom
|-start|p1a: Rotom|Encore
|move|p1b: Kingambit|Sucker Punch|p2a: Dragonite
|-damage|p2a: Dragonite|0 fnt
|faint|p2a: Dragonite
|move|p1a: Rotom|Light Screen||[still]
|-fail|p1a: Rotom
|
|-heal|p1a: Rotom|29/100|[from] item: Leftovers
|upkeep
|
|t:|1782511983
|switch|p2a: Garchomp|Garchomp, L50, M|100/100
|turn|5
|
|t:|1782512003
|switch|p1a: Gyarados|Gyarados, L50, F|100/100
|-ability|p1a: Gyarados|Intimidate|boost
|-unboost|p2a: Garchomp|atk|1
|-unboost|p2b: Whimsicott|atk|1
|move|p1b: Kingambit|Protect|p1b: Kingambit
|-singleturn|p1b: Kingambit|Protect
|move|p2b: Whimsicott|Moonblast|p1a: Gyarados
|-damage|p1a: Gyarados|77/100
|move|p2a: Garchomp|Earthquake|p1b: Kingambit|[spread] p2b
|-activate|p1b: Kingambit|move: Protect
|-immune|p1a: Gyarados
|-resisted|p2b: Whimsicott|1
|-damage|p2b: Whimsicott|77/100
|-damage|p2a: Garchomp|90/100|[from] item: Life Orb
|
|-sideend|p2: Al caruso|move: Tailwind
|upkeep
|turn|6
|inactive|LorGhez has 30 seconds left.
|inactive|Al caruso has 30 seconds left.
|inactive|LorGhez has 20 seconds left.
|inactive|Al caruso has 20 seconds left.
|inactive|LorGhez has 15 seconds left.
|inactive|LorGhez has 10 seconds left.
|inactive|LorGhez has 5 seconds left.
|
|t:|1782512055
|switch|p1b: Aerodactyl|Aerodactyl-Mega, L50, M|14/100
|move|p2b: Whimsicott|Protect|p2b: Whimsicott
|-singleturn|p2b: Whimsicott|Protect
|move|p2a: Garchomp|Earthquake|p1b: Aerodactyl|[spread] 
|-activate|p2b: Whimsicott|move: Protect
|-immune|p1a: Gyarados
|-immune|p1b: Aerodactyl
|move|p1a: Gyarados|Waterfall|p2a: Garchomp
|-damage|p2a: Garchomp|48/100
|-damage|p1a: Gyarados|65/100|[from] ability: Rough Skin|[of] p2a: Garchomp
|
|upkeep
|turn|7
|inactive|LorGhez has 30 seconds left.
|inactive|LorGhez has 20 seconds left.
|inactive|LorGhez has 15 seconds left.
|inactive|LorGhez has 10 seconds left.
|
|t:|1782512100
|switch|p1a: Rotom|Rotom-Wash, L50|29/100
|move|p2b: Whimsicott|Tailwind|p2b: Whimsicott
|-sidestart|p2: Al caruso|move: Tailwind
|move|p2a: Garchomp|Rock Slide|p1a: Rotom|[spread] p1a,p1b
|-crit|p1a: Rotom
|-supereffective|p1b: Aerodactyl|1
|-damage|p1a: Rotom|0 fnt
|-damage|p1b: Aerodactyl|0 fnt
|faint|p1a: Rotom
|faint|p1b: Aerodactyl
|-damage|p2a: Garchomp|39/100|[from] item: Life Orb
|
|-sideend|p1: LorGhez|move: Light Screen
|upkeep
|
|t:|1782512112
|switch|p1b: Kingambit|Kingambit, L50, F|33/100
|switch|p1a: Gyarados|Gyarados, L50, F|65/100
|-ability|p1a: Gyarados|Intimidate|boost
|-unboost|p2a: Garchomp|atk|1
|-unboost|p2b: Whimsicott|atk|1
|turn|8
|inactive|LorGhez has 30 seconds left.
|
|t:|1782512140
|move|p2a: Garchomp|Protect|p2a: Garchomp
|-singleturn|p2a: Garchomp|Protect
|move|p1b: Kingambit|Protect|p1b: Kingambit
|-singleturn|p1b: Kingambit|Protect
|move|p2b: Whimsicott|Moonblast|p1b: Kingambit
|-activate|p1b: Kingambit|move: Protect
|move|p1a: Gyarados|Temper Flare|p2b: Whimsicott
|-supereffective|p2b: Whimsicott|1
|-damage|p2b: Whimsicott|0 fnt
|faint|p2b: Whimsicott
|
|upkeep
|
|t:|1782512153
|switch|p2b: Basculegion|Basculegion, L50, M|100/100
|turn|9
|inactive|LorGhez has 30 seconds left.
|inactive|Al caruso has 30 seconds left.
|inactive|LorGhez has 20 seconds left.
|
|t:|1782512190
|move|p2b: Basculegion|Aqua Jet|p1b: Kingambit
|-damage|p1b: Kingambit|7/100
|move|p1b: Kingambit|Sucker Punch|p2a: Garchomp
|-damage|p2a: Garchomp|0 fnt
|-damage|p1b: Kingambit|0 fnt|[from] ability: Rough Skin|[of] p2a: Garchomp
|faint|p2a: Garchomp
|faint|p1b: Kingambit
|move|p1a: Gyarados|Thunder Wave|p2b: Basculegion|[miss]
|-miss|p1a: Gyarados|p2b: Basculegion
|
|upkeep
|turn|10
|
|t:|1782512211
|move|p2b: Basculegion|Last Respects|p1a: Gyarados
|-damage|p1a: Gyarados|0 fnt
|faint|p1a: Gyarados
|
|win|Al caruso
||Al caruso is ready for game 2.
|inactive|LorGhez has 30 seconds to confirm battle start!
||LorGhez is ready for game 2.
|uhtml|next|Next: Game 2 of 3
|l|☆Al caruso
|player|p2|
