|j|☆Missed Ledgedash
|j|☆23456789XB
|html|Missed Ledgedash23456789XB    
|uhtml|bestof|Game 2 of a best-of-3
|t:|1784589878
|gametype|doubles
|player|p1|Missed Ledgedash|juan-gen3|1237
|player|p2|23456789XB|marley|1160
|gen|9
|tier|[Gen 9 Champions] VGC 2026 Reg M-B (Bo3)
|rated|
|rule|Species Clause: Limit one of each Pokémon
|rule|Item Clause: Limit 1 of each item
|clearpoke
|poke|p1|Gengar, L50, F|
|poke|p1|Incineroar, L50, M|
|poke|p1|Swampert, L50, F|
|poke|p1|Politoed, L50, F|
|poke|p1|Archaludon, L50, M|
|poke|p1|Vivillon, L50, F|
|poke|p2|Staraptor, L50, M|
|poke|p2|Whimsicott, L50, F|
|poke|p2|Gholdengo, L50|
|poke|p2|Incineroar, L50, M|
|poke|p2|Glimmora, L50, F|
|poke|p2|Klefki, L50, F|
|teampreview|4
|showteam|p1|Gengar||Gengarite|CursedBody|Protect,ShadowBall,SludgeBomb,PerishSong|Timid||F|||50|]Incineroar||PasshoBerry|Intimidate|Protect,DarkestLariat,PartingShot,FakeOut|Relaxed||M|||50|]Swampert||Swampertite|Torrent|Protect,WaveCrash,HighHorsepower,IcePunch|Adamant||F|||50|]Politoed||SitrusBerry|Drizzle|Protect,WeatherBall,PerishSong,Encore|Calm||F|||50|]Archaludon||Leftovers|Stamina|Protect,DragonPulse,FlashCannon,ElectroShot|Bold||M|||50|]Vivillon||FocusSash|CompoundEyes|Protect,Hurricane,SleepPowder,RagePowder|Timid||F|||50|
|showteam|p2|Staraptor||Staraptite|Intimidate|DualWingbeat,CloseCombat,Roost,Protect|Jolly||M|||50|]Whimsicott||OccaBerry|Prankster|Moonblast,Tailwind,FakeTears,Encore|Bold||F|||50|]Gholdengo||LifeOrb|GoodasGold|MakeItRain,ShadowBall,NastyPlot,Protect|Timid|||||50|]Incineroar||SitrusBerry|Intimidate|FakeOut,PartingShot,FlareBlitz,DarkestLariat|Careful||M|||50|]Glimmora||FocusSash|ToxicDebris|SludgeBomb,PowerGem,EarthPower,SpikyShield|Modest||F|||50|]Klefki||LightClay|Prankster|DazzlingGleam,ThunderWave,Reflect,LightScreen|Calm||F|||50|
|inactive|Battle timer is ON: inactive players will automatically lose when time's up. (requested by 23456789XB)
|
|t:|1784589905
|teamsize|p1|4
|teamsize|p2|4
|start
|switch|p1a: Politoed|Politoed, L50, F|100/100
|switch|p1b: Swampert|Swampert, L50, F|100/100
|switch|p2a: Staraptor|Staraptor, L50, M|100/100
|switch|p2b: Whimsicott|Whimsicott, L50, F|100/100
|-ability|p2a: Staraptor|Intimidate|boost
|-unboost|p1a: Politoed|atk|1
|-unboost|p1b: Swampert|atk|1
|-weather|RainDance|[from] ability: Drizzle|[of] p1a: Politoed
|turn|1
|inactive|Missed Ledgedash has 30 seconds left.
|inactive|Missed Ledgedash has 20 seconds left.
|
|t:|1784589943
|switch|p1a: Incineroar|Incineroar, L50, M|100/100
|-ability|p1a: Incineroar|Intimidate|boost
|-unboost|p2a: Staraptor|atk|1
|-unboost|p2b: Whimsicott|atk|1
|detailschange|p2a: Staraptor|Staraptor-Mega, L50, M
|-mega|p2a: Staraptor|Staraptor|Staraptite
|detailschange|p1b: Swampert|Swampert-Mega, L50, F
|-mega|p1b: Swampert|Swampert|Swampertite
|move|p2b: Whimsicott|Tailwind|p2b: Whimsicott
|-sidestart|p2: 23456789XB|move: Tailwind
|move|p2a: Staraptor|Close Combat|p1b: Swampert
|-damage|p1b: Swampert|64/100
|-boost|p2a: Staraptor|def|1
|-boost|p2a: Staraptor|spd|1
|move|p1b: Swampert|Wave Crash|p2a: Staraptor
|-damage|p2a: Staraptor|46/100
|-damage|p1b: Swampert|47/100|[from] Recoil
|
|-weather|RainDance|[upkeep]
|upkeep
|turn|2
|
|t:|1784589968
|move|p2a: Staraptor|Protect|p2a: Staraptor
|-singleturn|p2a: Staraptor|Protect
|move|p1a: Incineroar|Fake Out|p2b: Whimsicott
|-damage|p2b: Whimsicott|91/100
|cant|p2b: Whimsicott|flinch
|move|p1b: Swampert|Wave Crash|p2a: Staraptor
|-activate|p2a: Staraptor|move: Protect
|
|-weather|RainDance|[upkeep]
|upkeep
|turn|3
|
|t:|1784589994
|switch|p1b: Politoed|Politoed, L50, F|100/100
|move|p2a: Staraptor|Close Combat|p1b: Politoed
|-damage|p1b: Politoed|64/100
|-boost|p2a: Staraptor|def|1
|-boost|p2a: Staraptor|spd|1
|move|p2b: Whimsicott|Moonblast|p1b: Politoed
|-damage|p1b: Politoed|42/100
|-enditem|p1b: Politoed|Sitrus Berry|[eat]
|-heal|p1b: Politoed|67/100|[from] item: Sitrus Berry
|move|p1a: Incineroar|Darkest Lariat|p2a: Staraptor
|-resisted|p2a: Staraptor|1
|-damage|p2a: Staraptor|29/100
|
|-weather|RainDance|[upkeep]
|upkeep
|turn|4
|
|t:|1784590016
|switch|p2b: Gholdengo|Gholdengo, L50|100/100
|move|p2a: Staraptor|Roost|p2a: Staraptor
|-heal|p2a: Staraptor|79/100
|-singleturn|p2a: Staraptor|move: Roost
|move|p1b: Politoed|Encore|p2a: Staraptor
|-start|p2a: Staraptor|Encore
|move|p1a: Incineroar|Parting Shot|p2b: Gholdengo
|-immune|p2b: Gholdengo|[from] ability: Good as Gold
|
|-weather|RainDance|[upkeep]
|-sideend|p2: 23456789XB|move: Tailwind
|upkeep
|turn|5
|
|t:|1784590031
|switch|p2a: Whimsicott|Whimsicott, L50, F|91/100
|move|p2b: Gholdengo|Shadow Ball|p1b: Politoed
|-damage|p1b: Politoed|27/100
|-damage|p2b: Gholdengo|90/100|[from] item: Life Orb
|move|p1b: Politoed|Perish Song|p1b: Politoed
|-start|p1a: Incineroar|perish3|[silent]
|-start|p1b: Politoed|perish3|[silent]
|-start|p2a: Whimsicott|perish3|[silent]
|-immune|p2b: Gholdengo|[from] ability: Good as Gold
|-fieldactivate|move: Perish Song
|move|p1a: Incineroar|Darkest Lariat|p2b: Gholdengo
|-supereffective|p2b: Gholdengo|1
|-damage|p2b: Gholdengo|14/100
|
|-weather|none
|-start|p2a: Whimsicott|perish3
|-start|p1b: Politoed|perish3
|-start|p1a: Incineroar|perish3
|upkeep
|turn|6
|inactive|Missed Ledgedash has 30 seconds left.
|inactive|Missed Ledgedash has 20 seconds left.
|inactive|Missed Ledgedash has 15 seconds left.
|inactive|Missed Ledgedash has 10 seconds left.
|
|t:|1784590081
|switch|p1b: Archaludon|Archaludon, L50, M|100/100
|move|p2b: Gholdengo|Protect|p2b: Gholdengo
|-singleturn|p2b: Gholdengo|Protect
|move|p2a: Whimsicott|Tailwind|p2a: Whimsicott
|-sidestart|p2: 23456789XB|move: Tailwind
|move|p1a: Incineroar|Darkest Lariat|p2b: Gholdengo
|-activate|p2b: Gholdengo|move: Protect
|
|-start|p2a: Whimsicott|perish2
|-start|p1a: Incineroar|perish2
|upkeep
|turn|7
|
|t:|1784590092
|switch|p1a: Politoed|Politoed, L50, F|27/100
|-weather|RainDance|[from] ability: Drizzle|[of] p1a: Politoed
|move|p2a: Whimsicott|Fake Tears|p1b: Archaludon
|-unboost|p1b: Archaludon|spd|2
|move|p2b: Gholdengo|Shadow Ball|p1b: Archaludon
|-damage|p1b: Archaludon|0 fnt
|faint|p1b: Archaludon
|-damage|p2b: Gholdengo|5/100|[from] item: Life Orb
|
|-weather|RainDance|[upkeep]
|-start|p2a: Whimsicott|perish1
|upkeep
|
|t:|1784590104
|switch|p1b: Incineroar|Incineroar, L50, M|100/100
|-ability|p1b: Incineroar|Intimidate|boost
|-unboost|p2a: Whimsicott|atk|1
|-unboost|p2b: Gholdengo|atk|1
|turn|8
|
|t:|1784590117
|switch|p2a: Staraptor|Staraptor-Mega, L50, M|79/100
|move|p2b: Gholdengo|Protect|p2b: Gholdengo
|-singleturn|p2b: Gholdengo|Protect
|move|p1a: Politoed|Protect|p1a: Politoed
|-singleturn|p1a: Politoed|Protect
|move|p1b: Incineroar|Darkest Lariat|p2b: Gholdengo
|-activate|p2b: Gholdengo|move: Protect
|
|-weather|RainDance|[upkeep]
|upkeep
|turn|9
|
|t:|1784590130
|move|p2a: Staraptor|Close Combat|p1b: Incineroar
|-supereffective|p1b: Incineroar|1
|-damage|p1b: Incineroar|24/100
|-boost|p2a: Staraptor|def|1
|-boost|p2a: Staraptor|spd|1
|move|p2b: Gholdengo|Shadow Ball|p1a: Politoed
|-damage|p1a: Politoed|0 fnt
|faint|p1a: Politoed
|-damage|p2b: Gholdengo|0 fnt|[from] item: Life Orb
|faint|p2b: Gholdengo
|move|p1b: Incineroar|Darkest Lariat|p2a: Staraptor
|-resisted|p2a: Staraptor|1
|-damage|p2a: Staraptor|62/100
|
|-weather|RainDance|[upkeep]
|-sideend|p2: 23456789XB|move: Tailwind
|upkeep
|
|t:|1784590138
|switch|p2b: Whimsicott|Whimsicott, L50, F|91/100
|switch|p1a: Swampert|Swampert-Mega, L50, F|47/100
|turn|10
|
|t:|1784590146
|move|p2b: Whimsicott|Tailwind|p2b: Whimsicott
|-sidestart|p2: 23456789XB|move: Tailwind
|move|p2a: Staraptor|Close Combat|p1a: Swampert
|-damage|p1a: Swampert|0 fnt
|-boost|p2a: Staraptor|def|1
|-boost|p2a: Staraptor|spd|1
|faint|p1a: Swampert
|move|p1b: Incineroar|Darkest Lariat|p2b: Whimsicott
|-resisted|p2b: Whimsicott|1
|-damage|p2b: Whimsicott|78/100
|
|-weather|RainDance|[upkeep]
|upkeep
|turn|11
|-message|Missed Ledgedash forfeited.
|
|win|23456789XB
|raw|Missed Ledgedash's rating: 1237 → 1207(-30 for losing)
|raw|23456789XB's rating: 1160 → 1190(+30 for winning)
