|j|☆thedelybird
|j|☆Volanr
|html|thedelybirdVolanr    
|uhtml|bestof|Game 3 of a best-of-3
|t:|1756950024
|gametype|doubles
|player|p1|thedelybird|blue-masters|
|player|p2|Volanr|cynthia-masters3|
|gen|9
|tier|[Gen 9] VGC 2025 Reg H (Bo3)
|rule|Species Clause: Limit one of each Pokémon
|rule|Item Clause: Limit 1 of each item
|clearpoke
|poke|p1|Sneasler, L50, M|
|poke|p1|Indeedee, L50, M|
|poke|p1|Volcarona, L50, M|
|poke|p1|Ursaluna-Bloodmoon, L50, M|
|poke|p1|Annihilape, L50, M|
|poke|p1|Tyranitar, L50, M|
|poke|p2|Archaludon, L50, M|
|poke|p2|Sinistcha-Masterpiece, L50|
|poke|p2|Dragonite, L50, M|
|poke|p2|Pelipper, L50, M|
|poke|p2|Ursaluna, L50, F|
|poke|p2|Gholdengo, L50|
|teampreview|4
|showteam|p1|Sneasler||PsychicSeed|Unburden|CloseCombat,DireClaw,ThroatChop,Protect|||M|||50|,,,,,Dark]Indeedee||ChoiceScarf|PsychicSurge|ExpandingForce,TeraBlast,Trick,Protect|||M|||50|,,,,,Psychic]Volcarona||SitrusBerry|FlameBody|Overheat,StruggleBug,RagePowder,Tailwind|||M|||50|,,,,,Grass]Ursaluna-Bloodmoon||LifeOrb|MindsEye|BloodMoon,HyperVoice,EarthPower,Protect|||M|||50|,,,,,Normal]Annihilape||SafetyGoggles|Defiant|CloseCombat,RageFist,Taunt,FinalGambit|||M|||50|,,,,,Fairy]Tyranitar||AssaultVest|SandStream|RockSlide,KnockOff,TeraBlast,LowKick|||M|||50|,,,,,Flying
|showteam|p2|Archaludon||AssaultVest|Stamina|BodyPress,Snarl,ElectroShot,FlashCannon|||M|||50|,,,,,Fighting]Sinistcha-Masterpiece||SitrusBerry|Hospitality|MatchaGotcha,RagePowder,TrickRoom,LifeDew||||||50|,,,,,Dark]Dragonite||LoadedDice|Multiscale|ScaleShot,Protect,Tailwind,Haze|||M|||50|,,,,,Fairy]Pelipper||FocusSash|Drizzle|MuddyWater,Hurricane,Tailwind,Protect|||M|||50|,,,,,Ghost]Ursaluna||FlameOrb|Guts|Facade,HeadlongRush,Earthquake,Protect|||F|||50|,,,,,Ghost]Gholdengo||ChoiceScarf|GoodasGold|MakeItRain,TeraBlast,ShadowBall,Trick||||||50|,,,,,Water
|
|t:|1756950073
|teamsize|p1|4
|teamsize|p2|4
|start
|switch|p1a: Sneasler|Sneasler, L50, M|100/100
|switch|p1b: Volcarona|Volcarona, L50, M|100/100
|switch|p2a: Dragonite|Dragonite, L50, M|100/100
|switch|p2b: Sinistcha|Sinistcha-Masterpiece, L50|100/100
|turn|1
|
|t:|1756950167
|move|p1a: Sneasler|Protect|p1a: Sneasler
|-singleturn|p1a: Sneasler|Protect
|move|p1b: Volcarona|Overheat|p2b: Sinistcha
|-supereffective|p2b: Sinistcha
|-damage|p2b: Sinistcha|0 fnt
|-unboost|p1b: Volcarona|spa|2
|faint|p2b: Sinistcha
|move|p2a: Dragonite|Scale Shot|p1a: Sneasler
|-activate|p1a: Sneasler|move: Protect
|
|upkeep
|
|t:|1756950171
|switch|p2b: Pelipper|Pelipper, L50, M|100/100
|-weather|RainDance|[from] ability: Drizzle|[of] p2b: Pelipper
|turn|2
|
|t:|1756950181
|switch|p1a: Tyranitar|Tyranitar, L50, M|100/100
|-weather|Sandstorm|[from] ability: Sand Stream|[of] p1a: Tyranitar
|switch|p2b: Archaludon|Archaludon, L50, M|100/100
|move|p1b: Volcarona|Tailwind|p1b: Volcarona
|-sidestart|p1: thedelybird|move: Tailwind
|move|p2a: Dragonite|Scale Shot|p1a: Tyranitar
|-damage|p1a: Tyranitar|86/100
|-damage|p1a: Tyranitar|73/100
|-damage|p1a: Tyranitar|60/100
|-damage|p1a: Tyranitar|46/100
|-hitcount|p1a: Tyranitar|4
|-unboost|p2a: Dragonite|def|1
|-boost|p2a: Dragonite|spe|1
|
|-weather|Sandstorm|[upkeep]
|-damage|p1b: Volcarona|94/100|[from] Sandstorm
|-damage|p2a: Dragonite|95/100|[from] Sandstorm
|upkeep
|turn|3
|
|t:|1756950219
|switch|p1b: Ursaluna|Ursaluna-Bloodmoon, L50, M|100/100
|move|p1a: Tyranitar|Rock Slide|p2a: Dragonite|[spread] p2a,p2b
|-supereffective|p2a: Dragonite
|-resisted|p2b: Archaludon
|-crit|p2b: Archaludon
|-damage|p2a: Dragonite|0 fnt
|-damage|p2b: Archaludon|85/100
|-ability|p2b: Archaludon|Stamina|boost
|-boost|p2b: Archaludon|def|1
|faint|p2a: Dragonite
|move|p2b: Archaludon|Snarl|p1b: Ursaluna|[spread] p1a,p1b
|-resisted|p1a: Tyranitar
|-damage|p1a: Tyranitar|43/100
|-damage|p1b: Ursaluna|86/100
|-unboost|p1a: Tyranitar|spa|1
|-unboost|p1b: Ursaluna|spa|1
|
|-weather|Sandstorm|[upkeep]
|upkeep
|
|t:|1756950228
|switch|p2a: Pelipper|Pelipper, L50, M|100/100
|-weather|RainDance|[from] ability: Drizzle|[of] p2a: Pelipper
|turn|4
|c|☆Volanr|Oof
|c|☆thedelybird|big slide
|
|t:|1756950275
|-terastallize|p2b: Archaludon|Fighting
|move|p1a: Tyranitar|Rock Slide|p2a: Pelipper|[spread] p2b
|-miss|p1a: Tyranitar|p2a: Pelipper
|-resisted|p2b: Archaludon
|-damage|p2b: Archaludon|78/100
|-ability|p2b: Archaludon|Stamina|boost
|-boost|p2b: Archaludon|def|1
|move|p1b: Ursaluna|Blood Moon|p2a: Pelipper
|-enditem|p2a: Pelipper|Focus Sash
|-damage|p2a: Pelipper|1/100
|-damage|p1b: Ursaluna|76/100|[from] item: Life Orb
|move|p2a: Pelipper|Tailwind|p2a: Pelipper
|-sidestart|p2: Volanr|move: Tailwind
|move|p2b: Archaludon|Body Press|p1b: Ursaluna
|-supereffective|p1b: Ursaluna
|-damage|p1b: Ursaluna|0 fnt
|faint|p1b: Ursaluna
|
|-weather|RainDance|[upkeep]
|upkeep
|c|☆Volanr|…
|
|t:|1756950295
|switch|p1b: Volcarona|Volcarona, L50, M|94/100
|turn|5
|
|t:|1756950313
|switch|p1a: Sneasler|Sneasler, L50, M|100/100
|move|p2a: Pelipper|Protect|p2a: Pelipper
|-singleturn|p2a: Pelipper|Protect
|move|p1b: Volcarona|Struggle Bug|p2a: Pelipper|[spread] p2b
|-activate|p2a: Pelipper|move: Protect
|-resisted|p2b: Archaludon
|-damage|p2b: Archaludon|72/100
|-unboost|p2b: Archaludon|spa|1
|-ability|p2b: Archaludon|Stamina|boost
|-boost|p2b: Archaludon|def|1
|move|p2b: Archaludon|Body Press|p1b: Volcarona
|-resisted|p1b: Volcarona
|-damage|p1b: Volcarona|27/100
|-enditem|p1b: Volcarona|Sitrus Berry|[eat]
|-heal|p1b: Volcarona|52/100|[from] item: Sitrus Berry
|
|-weather|RainDance|[upkeep]
|-sideend|p1: thedelybird|move: Tailwind
|upkeep
|turn|6
|
|t:|1756950344
|switch|p1b: Tyranitar|Tyranitar, L50, M|43/100
|-weather|Sandstorm|[from] ability: Sand Stream|[of] p1b: Tyranitar
|move|p1a: Sneasler|Protect|p1a: Sneasler
|-singleturn|p1a: Sneasler|Protect
|move|p2a: Pelipper|Muddy Water|p1a: Sneasler|[spread] p1b
|-activate|p1a: Sneasler|move: Protect
|-supereffective|p1b: Tyranitar
|-damage|p1b: Tyranitar|20/100
|move|p2b: Archaludon|Body Press|p1a: Sneasler
|-activate|p1a: Sneasler|move: Protect
|
|-weather|Sandstorm|[upkeep]
|-damage|p2a: Pelipper|0 fnt|[from] Sandstorm
|-damage|p2b: Archaludon|66/100|[from] Sandstorm
|-damage|p1a: Sneasler|95/100|[from] Sandstorm
|faint|p2a: Pelipper
|upkeep
|turn|7
|
|t:|1756950364
|switch|p1b: Volcarona|Volcarona, L50, M|52/100
|move|p2b: Archaludon|Body Press|p1b: Volcarona
|-resisted|p1b: Volcarona
|-damage|p1b: Volcarona|0 fnt
|faint|p1b: Volcarona
|move|p1a: Sneasler|Dire Claw|p2b: Archaludon
|-damage|p2b: Archaludon|54/100
|-status|p2b: Archaludon|slp
|-ability|p2b: Archaludon|Stamina|boost
|-boost|p2b: Archaludon|def|1
|
|-weather|Sandstorm|[upkeep]
|-damage|p2b: Archaludon|47/100 slp|[from] Sandstorm
|-damage|p1a: Sneasler|89/100|[from] Sandstorm
|-sideend|p2: Volanr|move: Tailwind
|upkeep
|
|t:|1756950372
|switch|p1b: Tyranitar|Tyranitar, L50, M|20/100
|turn|8
|
|t:|1756950377
|-terastallize|p1b: Tyranitar|Flying
|move|p1a: Sneasler|Close Combat|p2b: Archaludon
|-damage|p2b: Archaludon|33/100 slp
|-unboost|p1a: Sneasler|def|1
|-unboost|p1a: Sneasler|spd|1
|-ability|p2b: Archaludon|Stamina|boost
|-boost|p2b: Archaludon|def|1
|cant|p2b: Archaludon|slp
|move|p1b: Tyranitar|Tera Blast|p2b: Archaludon|[anim] Tera Blast Flying
|-supereffective|p2b: Archaludon
|-damage|p2b: Archaludon|15/100 slp
|-ability|p2b: Archaludon|Stamina|boost
|-boost|p2b: Archaludon|def|1
|
|-weather|Sandstorm|[upkeep]
|-damage|p1a: Sneasler|83/100|[from] Sandstorm
|-damage|p2b: Archaludon|9/100 slp|[from] Sandstorm
|-damage|p1b: Tyranitar|14/100|[from] Sandstorm
|upkeep
|turn|9
|c|☆thedelybird|rip
|c|☆Volanr|Oh well
|c|☆Volanr|I had the rock slide
|c|☆thedelybird|true
|c|☆Volanr|you also called me well early
|c|☆Volanr|so I had to claw back
|c|☆thedelybird|close set
|c|☆Volanr|Yeah, I’m not perfectly sold on this matchup yet
|c|☆Volanr|In the hands of a good player I think it’s still in my facor but not easy
|-message|Volanr forfeited.
|
|win|thedelybird
