|j|☆Destralito
|j|☆noodleSandwich111
|html|DestralitonoodleSandwich111    
|uhtml|bestof|Game 2 of a best-of-3
|t:|1756155496
|gametype|doubles
|player|p1|Destralito|clown|1104
|player|p2|noodleSandwich111|unknownf|1137
|gen|9
|tier|[Gen 9] VGC 2025 Reg H (Bo3)
|rated|
|rule|Species Clause: Limit one of each Pokémon
|rule|Item Clause: Limit 1 of each item
|clearpoke
|poke|p1|Indeedee, L50, M|
|poke|p1|Magmar, L50, M|
|poke|p1|Corviknight, L50, M|
|poke|p1|Sneasler, L50, F|
|poke|p1|Tyranitar, L50, M|
|poke|p1|Excadrill, L50, M|
|poke|p2|Volcarona, L50, F|
|poke|p2|Grimmsnarl, L50, M|
|poke|p2|Dragonite, L50, M|
|poke|p2|Sneasler, L50, M|
|poke|p2|Annihilape, L50, M|
|poke|p2|Ursaluna-Bloodmoon, L50, M|
|teampreview|4
|showteam|p1|Indeedee||ChoiceScarf|PsychicSurge|Trick,ExpandingForce,TeraBlast,Protect|||M|||50|,,,,,Psychic]Magmar||Eviolite|VitalSpirit|HeatWave,FollowMe,HelpingHand,Protect|||M|||50|,,,,,Flying]Corviknight||PsychicSeed|MirrorArmor|BraveBird,Roost,BulkUp,PowerTrip|||M|||50|,,,,,Water]Sneasler||WhiteHerb|Unburden|Coaching,CloseCombat,DireClaw,Protect|||F|||50|,,,,,Flying]Tyranitar||AssaultVest|SandStream|RockSlide,KnockOff,LowKick,TeraBlast|||M|||50|,,,,,Flying]Excadrill||FocusSash|SandRush|Earthquake,DrillRun,IronHead,Protect|||M|||50|,,,,,Ground
|showteam|p2|Volcarona||Leftovers|FlameBody|Protect,HeatWave,QuiverDance,GigaDrain|||F|||50|,,,,,Grass]Grimmsnarl||LightClay|Prankster|SpiritBreak,LightScreen,Reflect,ThunderWave|||M|||50|,,,,,Steel]Dragonite||LoadedDice|InnerFocus|ScaleShot,LowKick,ExtremeSpeed,Haze|||M|||50|,,,,,Steel]Sneasler||FocusSash|Unburden|DireClaw,FakeOut,CloseCombat,ThroatChop|||M|||50|,,,,,Dark]Annihilape||SafetyGoggles|Defiant|Protect,DrainPunch,BulkUp,RageFist|||M|||50|,,,,,Fire]Ursaluna-Bloodmoon||AssaultVest|MindsEye|EarthPower,BloodMoon,HyperVoice,VacuumWave|||M|||50|,,,,,Water
|inactive|Battle timer is ON: inactive players will automatically lose when time's up. (requested by Destralito)
|
|t:|1756155548
|teamsize|p1|4
|teamsize|p2|4
|start
|switch|p1a: Tyranitar|Tyranitar, L50, M|100/100
|switch|p1b: Excadrill|Excadrill, L50, M|100/100
|switch|p2a: Ursaluna|Ursaluna-Bloodmoon, L50, M|100/100
|switch|p2b: Sneasler|Sneasler, L50, M|100/100
|-weather|Sandstorm|[from] ability: Sand Stream|[of] p1a: Tyranitar
|turn|1
|inactive|Destralito has 30 seconds left.
|inactive|noodleSandwich111 has 30 seconds left.
|inactive|Destralito has 20 seconds left.
|
|t:|1756155587
|-terastallize|p1a: Tyranitar|Flying
|move|p2b: Sneasler|Fake Out|p1b: Excadrill
|-resisted|p1b: Excadrill
|-damage|p1b: Excadrill|89/100
|cant|p1b: Excadrill|flinch
|move|p1a: Tyranitar|Low Kick|p2a: Ursaluna
|-supereffective|p2a: Ursaluna
|-damage|p2a: Ursaluna|50/100
|move|p2a: Ursaluna|Earth Power|p1b: Excadrill
|-supereffective|p1b: Excadrill
|-damage|p1b: Excadrill|0 fnt
|faint|p1b: Excadrill
|
|-weather|Sandstorm|[upkeep]
|-damage|p2b: Sneasler|95/100|[from] Sandstorm
|-damage|p1a: Tyranitar|95/100|[from] Sandstorm
|upkeep
|inactive|Destralito has 30 seconds left.
|
|t:|1756155612
|switch|p1b: Indeedee|Indeedee, L50, M|100/100
|-fieldstart|move: Psychic Terrain|[from] ability: Psychic Surge|[of] p1b: Indeedee
|turn|2
|inactive|Destralito has 30 seconds left.
|inactive|noodleSandwich111 has 30 seconds left.
|inactive|noodleSandwich111 has 20 seconds left.
|inactive|noodleSandwich111 has 15 seconds left.
|inactive|noodleSandwich111 has 10 seconds left.
|inactive|noodleSandwich111 has 5 seconds left.
|
|t:|1756155662
|switch|p2a: Grimmsnarl|Grimmsnarl, L50, M|100/100
|-terastallize|p2b: Sneasler|Dark
|move|p1b: Indeedee|Expanding Force|p2a: Grimmsnarl|[spread] 
|-immune|p2a: Grimmsnarl
|-immune|p2b: Sneasler
|move|p2b: Sneasler|Throat Chop|p1b: Indeedee
|-supereffective|p1b: Indeedee
|-damage|p1b: Indeedee|0 fnt
|faint|p1b: Indeedee
|move|p1a: Tyranitar|Rock Slide|p2a: Grimmsnarl|[spread] p2a,p2b
|-damage|p2a: Grimmsnarl|75/100
|-damage|p2b: Sneasler|47/100
|
|-weather|Sandstorm|[upkeep]
|-damage|p2b: Sneasler|41/100|[from] Sandstorm
|-damage|p1a: Tyranitar|89/100|[from] Sandstorm
|-damage|p2a: Grimmsnarl|69/100|[from] Sandstorm
|upkeep
|
|t:|1756155680
|switch|p1b: Sneasler|Sneasler, L50, F|100/100
|turn|3
|
|t:|1756155703
|move|p2a: Grimmsnarl|Reflect|p2a: Grimmsnarl
|-sidestart|p2: noodleSandwich111|Reflect
|move|p1b: Sneasler|Close Combat|p2b: Sneasler
|-supereffective|p2b: Sneasler
|-damage|p2b: Sneasler|0 fnt
|-unboost|p1b: Sneasler|def|1
|-unboost|p1b: Sneasler|spd|1
|faint|p2b: Sneasler
|-enditem|p1b: Sneasler|White Herb
|-clearnegativeboost|p1b: Sneasler|[silent]
|move|p1a: Tyranitar|Rock Slide|p2a: Grimmsnarl
|-damage|p2a: Grimmsnarl|44/100
|
|-weather|Sandstorm|[upkeep]
|-damage|p1b: Sneasler|95/100|[from] Sandstorm
|-damage|p1a: Tyranitar|83/100|[from] Sandstorm
|-damage|p2a: Grimmsnarl|38/100|[from] Sandstorm
|upkeep
|
|t:|1756155712
|switch|p2b: Dragonite|Dragonite, L50, M|100/100
|turn|4
|inactive|noodleSandwich111 has 30 seconds left.
|
|t:|1756155744
|switch|p2a: Ursaluna|Ursaluna-Bloodmoon, L50, M|50/100
|move|p1b: Sneasler|Dire Claw|p2b: Dragonite
|-damage|p2b: Dragonite|72/100
|-status|p2b: Dragonite|psn
|move|p2b: Dragonite|Scale Shot|p1b: Sneasler|[miss]
|-miss|p2b: Dragonite|p1b: Sneasler
|move|p1a: Tyranitar|Rock Slide|p2a: Ursaluna|[spread] p2a,p2b
|-resisted|p2a: Ursaluna
|-supereffective|p2b: Dragonite
|-damage|p2a: Ursaluna|44/100
|-damage|p2b: Dragonite|37/100 psn
|
|-weather|Sandstorm|[upkeep]
|-damage|p1b: Sneasler|89/100|[from] Sandstorm
|-damage|p2b: Dragonite|31/100 psn|[from] Sandstorm
|-damage|p1a: Tyranitar|77/100|[from] Sandstorm
|-damage|p2b: Dragonite|18/100 psn|[from] psn
|upkeep
|turn|5
|
|t:|1756155766
|move|p2b: Dragonite|Extreme Speed|p1a: Tyranitar
|-hint|Psychic Terrain doesn't affect Pokémon immune to Ground.
|-damage|p1a: Tyranitar|51/100
|move|p1b: Sneasler|Dire Claw|p2a: Ursaluna
|-resisted|p2a: Ursaluna
|-damage|p2a: Ursaluna|34/100
|move|p1a: Tyranitar|Rock Slide|p2a: Ursaluna|[spread] p2a,p2b
|-resisted|p2a: Ursaluna
|-supereffective|p2b: Dragonite
|-damage|p2a: Ursaluna|27/100
|-damage|p2b: Dragonite|0 fnt
|faint|p2b: Dragonite
|move|p2a: Ursaluna|Earth Power|p1b: Sneasler
|-supereffective|p1b: Sneasler
|-damage|p1b: Sneasler|0 fnt
|faint|p1b: Sneasler
|
|-weather|none
|upkeep
|
|t:|1756155777
|switch|p2b: Grimmsnarl|Grimmsnarl, L50, M|38/100
|turn|6
|
|t:|1756155789
|move|p2b: Grimmsnarl|Thunder Wave|p1a: Tyranitar
|-status|p1a: Tyranitar|par
|move|p2a: Ursaluna|Blood Moon|p1a: Tyranitar
|-damage|p1a: Tyranitar|8/100 par
|cant|p1a: Tyranitar|par
|
|-fieldend|move: Psychic Terrain
|upkeep
|turn|7
|
|t:|1756155805
|move|p2b: Grimmsnarl|Spirit Break|p1a: Tyranitar
|-damage|p1a: Tyranitar|0 fnt
|faint|p1a: Tyranitar
|
|win|noodleSandwich111
||Destralito is ready for game 3.
||noodleSandwich111 is ready for game 3.
|uhtml|next|Next: Game 3 of 3
