|j|☆is_katabo
|j|☆theminesoftagawa
|html|is_katabotheminesoftagawa    
|uhtml|bestof|Game 1 of a best-of-3
|t:|1757777141
|gametype|doubles
|player|p1|is_katabo|101|
|player|p2|theminesoftagawa|101|
|gen|9
|tier|[Gen 9] VGC 2025 Reg H (Bo3)
|rule|Species Clause: Limit one of each Pokémon
|rule|Item Clause: Limit 1 of each item
|clearpoke
|poke|p1|Incineroar, L50, F|
|poke|p1|Sneasler, L50, F|
|poke|p1|Amoonguss, L50, M|
|poke|p1|Pelipper, L50, M|
|poke|p1|Archaludon, L50, M|
|poke|p1|Dragonite, L50, F|
|poke|p2|Dondozo, L50, M|
|poke|p2|Tatsugiri, L50, M|
|poke|p2|Whimsicott, L50, M|
|poke|p2|Ursaluna-Bloodmoon, L50, M|
|poke|p2|Indeedee, L50, M|
|poke|p2|Sneasler, L50, M|
|teampreview|4
|showteam|p1|Incineroar||SafetyGoggles|Intimidate|FakeOut,KnockOff,FlareBlitz,PartingShot|||F|||50|,,,,,Ghost]Sneasler||WhiteHerb|Unburden|DireClaw,CloseCombat,ThroatChop,Protect|||F|||50|,,,,,Stellar]Amoonguss||SitrusBerry|Regenerator|PollenPuff,RagePowder,Spore,Protect|||M|||50|,,,,,Psychic]Pelipper||FocusSash|Drizzle|WeatherBall,Hurricane,Tailwind,Protect|||M|||50|,,,,,Ghost]Archaludon||AssaultVest|Stamina|ElectroShot,FlashCannon,DracoMeteor,BodyPress|||M|||50|,,,,,Bug]Dragonite||LoadedDice|Multiscale|ScaleShot,Tailwind,Haze,Protect|||F|||50|,,,,,Steel
|showteam|p2|Dondozo||Leftovers|Unaware|Protect,HeavySlam,WaveCrash,OrderUp|||M|||50|,,,,,Steel]Tatsugiri||FocusSash|Commander|MuddyWater,DracoMeteor,IcyWind,Protect|||M|||50|,,,,,Fairy]Whimsicott||CovertCloak|Prankster|Moonblast,Tailwind,HelpingHand,LightScreen|||M|||50|,,,,,Water]Ursaluna-Bloodmoon||LifeOrb|MindsEye|Protect,HyperVoice,BloodMoon,EarthPower|||M|||50|,,,,,Normal]Indeedee||ChoiceScarf|PsychicSurge|SkillSwap,Trick,ExpandingForce,TeraBlast|||M|||50|,,,,,Psychic]Sneasler||PsychicSeed|Unburden|Protect,DireClaw,CloseCombat,ThroatChop|||M|||50|,,,,,Dark
|
|t:|1757777168
|teamsize|p1|4
|teamsize|p2|4
|start
|switch|p1a: Supernova|Dragonite, L50, F|100/100
|switch|p1b: Immaterial|Amoonguss, L50, M, shiny|100/100
|switch|p2a: Indeedee|Indeedee, L50, M|100/100
|switch|p2b: Sneasler|Sneasler, L50, M|100/100
|-fieldstart|move: Psychic Terrain|[from] ability: Psychic Surge|[of] p2a: Indeedee
|-enditem|p2b: Sneasler|Psychic Seed
|-boost|p2b: Sneasler|spd|1|[from] item: Psychic Seed
|turn|1
|
|t:|1757777188
|-terastallize|p2a: Indeedee|Psychic
|-terastallize|p1b: Immaterial|Psychic
|move|p1a: Supernova|Protect|p1a: Supernova
|-singleturn|p1a: Supernova|Protect
|move|p2b: Sneasler|Throat Chop|p1b: Immaterial
|-supereffective|p1b: Immaterial
|-damage|p1b: Immaterial|54/100
|-start|p1b: Immaterial|Throat Chop|[silent]
|move|p2a: Indeedee|Expanding Force|p1b: Immaterial|[spread] p1b
|-activate|p1a: Supernova|move: Protect
|-resisted|p1b: Immaterial
|-damage|p1b: Immaterial|18/100
|-enditem|p1b: Immaterial|Sitrus Berry|[eat]
|-heal|p1b: Immaterial|43/100|[from] item: Sitrus Berry
|move|p1b: Immaterial|Spore|p2a: Indeedee
|-status|p2a: Indeedee|slp|[from] move: Spore
|
|upkeep
|turn|2
|
|t:|1757777209
|switch|p1b: moneymachine|Incineroar, L50, F, shiny|100/100
|-ability|p1b: moneymachine|Intimidate|boost
|-unboost|p2a: Indeedee|atk|1
|-unboost|p2b: Sneasler|atk|1
|move|p2b: Sneasler|Dire Claw|p1a: Supernova
|-damage|p1a: Supernova|83/100
|-status|p1a: Supernova|slp
|cant|p2a: Indeedee|slp
|cant|p1a: Supernova|slp
|
|upkeep
|turn|3
|
|t:|1757777228
|move|p2b: Sneasler|Dire Claw|p1b: moneymachine
|-damage|p1b: moneymachine|69/100
|-curestatus|p2a: Indeedee|slp|[msg]
|move|p2a: Indeedee|Expanding Force|p1a: Supernova|[spread] p1a
|-immune|p1b: moneymachine
|-damage|p1a: Supernova|5/100 slp
|-curestatus|p1a: Supernova|slp|[msg]
|move|p1a: Supernova|Scale Shot|p2b: Sneasler
|-damage|p2b: Sneasler|75/100
|-damage|p2b: Sneasler|51/100
|-damage|p2b: Sneasler|24/100
|-damage|p2b: Sneasler|0 fnt
|faint|p2b: Sneasler
|-hitcount|p2: Sneasler|4
|-unboost|p1a: Supernova|def|1
|-boost|p1a: Supernova|spe|1
|move|p1b: moneymachine|Knock Off|p2a: Indeedee
|-supereffective|p2a: Indeedee
|-damage|p2a: Indeedee|0 fnt
|-enditem|p2a: Indeedee|Choice Scarf|[from] move: Knock Off|[of] p1b: moneymachine
|faint|p2a: Indeedee
|
|upkeep
|
|t:|1757777237
|switch|p2b: Ursaluna|Ursaluna-Bloodmoon, L50, M|100/100
|switch|p2a: Whimsicott|Whimsicott, L50, M|100/100
|turn|4
|
|t:|1757777279
|move|p1a: Supernova|Protect|p1a: Supernova
|-singleturn|p1a: Supernova|Protect
|move|p2a: Whimsicott|Tailwind|p2a: Whimsicott
|-sidestart|p2: theminesoftagawa|move: Tailwind
|move|p2b: Ursaluna|Earth Power|p1b: moneymachine
|-supereffective|p1b: moneymachine
|-damage|p1b: moneymachine|0 fnt
|faint|p1b: moneymachine
|-damage|p2b: Ursaluna|91/100|[from] item: Life Orb
|
|upkeep
|
|t:|1757777302
|switch|p1b: Immaterial|Amoonguss, L50, M, shiny, tera:Psychic|76/100
|turn|5
|
|t:|1757777322
|move|p2a: Whimsicott|Helping Hand|p2b: Ursaluna
|-singleturn|p2b: Ursaluna|Helping Hand|[of] p2a: Whimsicott
|move|p2b: Ursaluna|Hyper Voice|p1a: Supernova|[spread] p1a,p1b
|-damage|p1a: Supernova|0 fnt
|-damage|p1b: Immaterial|3/100
|faint|p1a: Supernova
|-damage|p2b: Ursaluna|81/100|[from] item: Life Orb
|move|p1b: Immaterial|Spore|p2b: Ursaluna
|-status|p2b: Ursaluna|slp|[from] move: Spore
|
|-fieldend|move: Psychic Terrain
|upkeep
|
|t:|1757777334
|switch|p1a: BRAT|Sneasler, L50, F|100/100
|turn|6
|
|t:|1757777352
|move|p1b: Immaterial|Protect|p1b: Immaterial
|-singleturn|p1b: Immaterial|Protect
|move|p2a: Whimsicott|Moonblast|p1b: Immaterial
|-activate|p1b: Immaterial|move: Protect
|cant|p2b: Ursaluna|slp
|move|p1a: BRAT|Close Combat|p2b: Ursaluna
|-supereffective|p2b: Ursaluna
|-damage|p2b: Ursaluna|0 fnt
|-unboost|p1a: BRAT|def|1
|-unboost|p1a: BRAT|spd|1
|faint|p2b: Ursaluna
|-enditem|p1a: BRAT|White Herb
|-clearnegativeboost|p1a: BRAT|[silent]
|
|upkeep
|turn|7
|
|t:|1757777369
|move|p2a: Whimsicott|Moonblast|p1b: Immaterial
|-damage|p1b: Immaterial|0 fnt
|faint|p1b: Immaterial
|move|p1a: BRAT|Dire Claw|p2a: Whimsicott
|-supereffective|p2a: Whimsicott
|-damage|p2a: Whimsicott|0 fnt
|faint|p2a: Whimsicott
|
|win|is_katabo
|inactive|is_katabo has 30 seconds to confirm battle start!
|inactive|theminesoftagawa has 30 seconds to confirm battle start!
||is_katabo is ready for game 2.
|inactive|theminesoftagawa has 20 seconds to confirm battle start!
||theminesoftagawa is ready for game 2.
|uhtml|next|Next: Game 2 of 3
