|j|☆psychic system
|j|☆Chavo666
|html|psychic systemChavo666    
|uhtml|bestof|Game 1 of a best-of-3
|t:|1757081002
|gametype|doubles
|player|p1|psychic system|lucas|1121
|player|p2|Chavo666|policeman-gen4|1116
|gen|9
|tier|[Gen 9] VGC 2025 Reg H (Bo3)
|rated|
|rule|Species Clause: Limit one of each Pokémon
|rule|Item Clause: Limit 1 of each item
|clearpoke
|poke|p1|Electabuzz, L50, M|
|poke|p1|Incineroar, L50, M|
|poke|p1|Rillaboom, L50, F|
|poke|p1|Annihilape, L50, F|
|poke|p1|Sneasler, L50, F|
|poke|p1|Primarina, L50, M|
|poke|p2|Reuniclus, L50, F|
|poke|p2|Indeedee-F, L50, F|
|poke|p2|Torkoal, L50, M|
|poke|p2|Gastrodon, L50, F|
|poke|p2|Venusaur, L50, F|
|poke|p2|Incineroar, L50, M|
|teampreview|4
|showteam|p1|Electabuzz||Eviolite|VitalSpirit|VoltSwitch,Taunt,Electroweb,FollowMe|||M|||50|,,,,,Ghost]Incineroar||SafetyGoggles|Intimidate|FakeOut,PartingShot,FlareBlitz,KnockOff|||M|||50|,,,,,Grass]Rillaboom||AssaultVest|GrassySurge|GrassyGlide,FakeOut,DrumBeating,Uturn|||F|||50|,,,,,Fire]Annihilape||Leftovers|Defiant|DrainPunch,RageFist,Protect,BulkUp|||F|||50|,,,,,Fire]Sneasler||FocusSash|Unburden|CloseCombat,Protect,FakeOut,DireClaw|||F|||50|,,,,,Ghost]Primarina||SitrusBerry|LiquidVoice|Protect,HyperVoice,Moonblast,CalmMind|||M|||50|,,,,,Poison
|showteam|p2|Reuniclus||LifeOrb|Regenerator|ExpandingForce,Encore,TrickRoom,TeraBlast|||F|||50|,,,,,Fairy]Indeedee-F||PsychicSeed|PsychicSurge|DazzlingGleam,FollowMe,HelpingHand,TrickRoom|||F|||50|,,,,,Fairy]Torkoal||ChoiceSpecs|Drought|HeatWave,Eruption,EarthPower,SolarBeam|||M|||50|,,,,,Fire]Gastrodon||Leftovers|StormDrain|EarthPower,IceBeam,Recover,Yawn|||F|||50|,,,,,Fire]Venusaur||SitrusBerry|Chlorophyll|SleepPowder,SludgeBomb,GigaDrain,Protect|||F|||50|,,,,,Fire]Incineroar||SafetyGoggles|Intimidate|FakeOut,PartingShot,FlareBlitz,KnockOff|||M|||50|,,,,,Fire
|inactive|Battle timer is ON: inactive players will automatically lose when time's up. (requested by psychic system)
|inactive|psychic system has 60 seconds left.
|inactive|psychic system has 30 seconds left.
|
|t:|1757081072
|teamsize|p1|4
|teamsize|p2|4
|start
|switch|p1a: Electabuzz|Electabuzz, L50, M|100/100
|switch|p1b: Primarina|Primarina, L50, M|100/100
|switch|p2a: Venusaur|Venusaur, L50, F, shiny|100/100
|switch|p2b: Torkoal|Torkoal, L50, M|100/100
|-weather|SunnyDay|[from] ability: Drought|[of] p2b: Torkoal
|turn|1
|inactive|psychic system has 30 seconds left.
|
|t:|1757081101
|switch|p2a: Gastrodon|Gastrodon, L50, F|100/100
|-terastallize|p2b: Torkoal|Fire
|move|p1b: Primarina|Protect|p1b: Primarina
|-singleturn|p1b: Primarina|Protect
|move|p1a: Electabuzz|Volt Switch|p2b: Torkoal
|-damage|p2b: Torkoal|67/100
|
|t:|1757081110
|switch|p1a: Incineroar|Incineroar, L50, M|100/100|[from] Volt Switch
|-ability|p1a: Incineroar|Intimidate|boost
|-unboost|p2a: Gastrodon|atk|1
|-unboost|p2b: Torkoal|atk|1
|move|p2b: Torkoal|Eruption|p1b: Primarina|[spread] p1a
|-activate|p1b: Primarina|move: Protect
|-resisted|p1a: Incineroar
|-damage|p1a: Incineroar|57/100
|
|-weather|SunnyDay|[upkeep]
|upkeep
|turn|2
|inactive|psychic system has 30 seconds left.
|
|t:|1757081140
|switch|p2b: Indeedee|Indeedee-F, L50, F|100/100
|-fieldstart|move: Psychic Terrain|[from] ability: Psychic Surge|[of] p2b: Indeedee
|-enditem|p2b: Indeedee|Psychic Seed
|-boost|p2b: Indeedee|spd|1|[from] item: Psychic Seed
|move|p1a: Incineroar|Parting Shot|p2b: Indeedee
|-unboost|p2b: Indeedee|atk|1
|-unboost|p2b: Indeedee|spa|1
|
|t:|1757081151
|switch|p1a: Annihilape|Annihilape, L50, F|100/100|[from] Parting Shot
|move|p1b: Primarina|Moonblast|p2a: Gastrodon
|-damage|p2a: Gastrodon|64/100
|-unboost|p2a: Gastrodon|spa|1
|move|p2a: Gastrodon|Earth Power|p1a: Annihilape
|-damage|p1a: Annihilape|80/100
|
|-weather|SunnyDay|[upkeep]
|-heal|p1a: Annihilape|86/100|[from] item: Leftovers
|-heal|p2a: Gastrodon|69/100|[from] item: Leftovers
|upkeep
|turn|3
|inactive|psychic system has 30 seconds left.
|inactive|psychic system has 20 seconds left.
|inactive|psychic system has 15 seconds left.
|inactive|psychic system has 10 seconds left.
|
|t:|1757081200
|move|p1a: Annihilape|Drain Punch|p2b: Indeedee
|-damage|p2b: Indeedee|63/100
|-heal|p1a: Annihilape|99/100|[from] drain|[of] p2b: Indeedee
|move|p1b: Primarina|Calm Mind|p1b: Primarina
|-boost|p1b: Primarina|spa|1
|-boost|p1b: Primarina|spd|1
|move|p2a: Gastrodon|Yawn|p1a: Annihilape
|-start|p1a: Annihilape|move: Yawn|[of] p2a: Gastrodon
|move|p2b: Indeedee|Trick Room|p2b: Indeedee
|-fieldstart|move: Trick Room|[of] p2b: Indeedee
|
|-weather|SunnyDay|[upkeep]
|-heal|p2a: Gastrodon|75/100|[from] item: Leftovers
|-heal|p1a: Annihilape|100/100|[from] item: Leftovers
|upkeep
|turn|4
|
|t:|1757081224
|switch|p2b: Torkoal|Torkoal, L50, M, tera:Fire|67/100
|switch|p1a: Electabuzz|Electabuzz, L50, M|100/100
|move|p2a: Gastrodon|Yawn|p1b: Primarina
|-start|p1b: Primarina|move: Yawn|[of] p2a: Gastrodon
|move|p1b: Primarina|Moonblast|p2a: Gastrodon
|-damage|p2a: Gastrodon|22/100
|-unboost|p2a: Gastrodon|spa|1
|
|-weather|SunnyDay|[upkeep]
|-heal|p2a: Gastrodon|28/100|[from] item: Leftovers
|upkeep
|turn|5
|inactive|psychic system has 30 seconds left.
|
|t:|1757081257
|switch|p1a: Incineroar|Incineroar, L50, M|57/100
|-ability|p1a: Incineroar|Intimidate|boost
|-unboost|p2a: Gastrodon|atk|1
|-unboost|p2b: Torkoal|atk|1
|move|p2b: Torkoal|Heat Wave|p1b: Primarina|[spread] p1a
|-miss|p2b: Torkoal|p1b: Primarina
|-resisted|p1a: Incineroar
|-damage|p1a: Incineroar|20/100
|move|p2a: Gastrodon|Recover|p2a: Gastrodon
|-heal|p2a: Gastrodon|78/100
|move|p1b: Primarina|Moonblast|p2b: Torkoal
|-resisted|p2b: Torkoal
|-damage|p2b: Torkoal|32/100
|
|-weather|none
|-heal|p2a: Gastrodon|84/100|[from] item: Leftovers
|-end|p1b: Primarina|move: Yawn|[silent]
|-status|p1b: Primarina|slp
|upkeep
|turn|6
|inactive|psychic system has 30 seconds left.
|
|t:|1757081290
|move|p2b: Torkoal|Heat Wave|p1b: Primarina|[spread] p1b
|-miss|p2b: Torkoal|p1a: Incineroar
|-resisted|p1b: Primarina
|-damage|p1b: Primarina|81/100 slp
|move|p2a: Gastrodon|Earth Power|p1b: Primarina
|-crit|p1b: Primarina
|-damage|p1b: Primarina|41/100 slp
|-enditem|p1b: Primarina|Sitrus Berry|[eat]
|-heal|p1b: Primarina|66/100 slp|[from] item: Sitrus Berry
|cant|p1b: Primarina|slp
|move|p1a: Incineroar|Parting Shot|p2a: Gastrodon
|-unboost|p2a: Gastrodon|atk|1
|-unboost|p2a: Gastrodon|spa|1
|
|t:|1757081305
|switch|p1a: Annihilape|Annihilape, L50, F|100/100|[from] Parting Shot
|
|-heal|p2a: Gastrodon|90/100|[from] item: Leftovers
|-fieldend|move: Psychic Terrain
|upkeep
|turn|7
|
|t:|1757081324
|switch|p2b: Venusaur|Venusaur, L50, F, shiny|100/100
|move|p2a: Gastrodon|Yawn|p1a: Annihilape
|-start|p1a: Annihilape|move: Yawn|[of] p2a: Gastrodon
|cant|p1b: Primarina|slp
|move|p1a: Annihilape|Drain Punch|p2b: Venusaur
|-resisted|p2b: Venusaur
|-damage|p2b: Venusaur|86/100
|
|-heal|p2a: Gastrodon|96/100|[from] item: Leftovers
|-fieldend|move: Trick Room
|upkeep
|turn|8
|inactive|psychic system has 30 seconds left.
|
|t:|1757081358
|switch|p2a: Torkoal|Torkoal, L50, M, tera:Fire|32/100
|-weather|SunnyDay|[from] ability: Drought|[of] p2a: Torkoal
|move|p2b: Venusaur|Sludge Bomb|p1b: Primarina
|-supereffective|p1b: Primarina
|-damage|p1b: Primarina|29/100 slp
|move|p1a: Annihilape|Rage Fist|p2b: Venusaur
|-damage|p2b: Venusaur|46/100
|-enditem|p2b: Venusaur|Sitrus Berry|[eat]
|-heal|p2b: Venusaur|71/100|[from] item: Sitrus Berry
|cant|p1b: Primarina|slp
|
|-weather|SunnyDay|[upkeep]
|-end|p1a: Annihilape|move: Yawn|[silent]
|-status|p1a: Annihilape|slp
|upkeep
|turn|9
|
|t:|1757081381
|cant|p1a: Annihilape|slp
|-curestatus|p1b: Primarina|slp|[msg]
|move|p1b: Primarina|Protect|p1b: Primarina
|-singleturn|p1b: Primarina|Protect
|move|p2b: Venusaur|Sludge Bomb|p1b: Primarina
|-activate|p1b: Primarina|move: Protect
|move|p2a: Torkoal|Heat Wave|p1b: Primarina|[spread] p1a
|-activate|p1b: Primarina|move: Protect
|-damage|p1a: Annihilape|15/100 slp
|
|-weather|SunnyDay|[upkeep]
|-heal|p1a: Annihilape|21/100 slp|[from] item: Leftovers
|upkeep
|turn|10
|inactive|psychic system has 30 seconds left.
|inactive|psychic system has 20 seconds left.
|
|t:|1757081418
|switch|p1a: Electabuzz|Electabuzz, L50, M|100/100
|move|p1b: Primarina|Protect||[still]
|-fail|p1b: Primarina
|move|p2b: Venusaur|Sludge Bomb|p1b: Primarina
|-supereffective|p1b: Primarina
|-damage|p1b: Primarina|0 fnt
|faint|p1b: Primarina
|move|p2a: Torkoal|Heat Wave|p1a: Electabuzz
|-damage|p1a: Electabuzz|0 fnt
|faint|p1a: Electabuzz
|
|-weather|SunnyDay|[upkeep]
|upkeep
|
|t:|1757081426
|switch|p1a: Annihilape|Annihilape, L50, F|21/100 slp
|switch|p1b: Incineroar|Incineroar, L50, M|20/100
|-ability|p1b: Incineroar|Intimidate|boost
|-unboost|p2a: Torkoal|atk|1
|-unboost|p2b: Venusaur|atk|1
|turn|11
|
|t:|1757081440
|switch|p2b: Indeedee|Indeedee-F, L50, F|63/100
|-fieldstart|move: Psychic Terrain|[from] ability: Psychic Surge|[of] p2b: Indeedee
|cant|p1a: Annihilape|slp
|move|p1b: Incineroar|Knock Off|p2a: Torkoal
|-damage|p2a: Torkoal|0 fnt
|-enditem|p2a: Torkoal|Choice Specs|[from] move: Knock Off|[of] p1b: Incineroar
|faint|p2a: Torkoal
|
|-weather|SunnyDay|[upkeep]
|-heal|p1a: Annihilape|27/100 slp|[from] item: Leftovers
|upkeep
|
|t:|1757081452
|switch|p2a: Venusaur|Venusaur, L50, F, shiny|71/100
|turn|12
|
|t:|1757081463
|-curestatus|p1a: Annihilape|slp|[msg]
|move|p1a: Annihilape|Protect|p1a: Annihilape
|-singleturn|p1a: Annihilape|Protect
|move|p2a: Venusaur|Sludge Bomb|p1a: Annihilape
|-activate|p1a: Annihilape|move: Protect
|move|p2b: Indeedee|Dazzling Gleam|p1b: Incineroar|[spread] p1b
|-activate|p1a: Annihilape|move: Protect
|-damage|p1b: Incineroar|10/100
|move|p1b: Incineroar|Flare Blitz|p2a: Venusaur
|-supereffective|p2a: Venusaur
|-crit|p2a: Venusaur
|-damage|p2a: Venusaur|0 fnt
|faint|p2a: Venusaur
|-damage|p1b: Incineroar|0 fnt|[from] Recoil
|faint|p1b: Incineroar
|
|-weather|none
|-heal|p1a: Annihilape|34/100|[from] item: Leftovers
|upkeep
|inactive|Chavo666 has 30 seconds left.
|
|t:|1757081492
|switch|p2a: Gastrodon|Gastrodon, L50, F|96/100
|turn|13
|
|t:|1757081504
|move|p1a: Annihilape|Drain Punch|p2a: Gastrodon
|-damage|p2a: Gastrodon|65/100
|-heal|p1a: Annihilape|48/100|[from] drain|[of] p2a: Gastrodon
|move|p2a: Gastrodon|Yawn|p1a: Annihilape
|-start|p1a: Annihilape|move: Yawn|[of] p2a: Gastrodon
|move|p2b: Indeedee|Trick Room|p2b: Indeedee
|-fieldstart|move: Trick Room|[of] p2b: Indeedee
|
|-heal|p2a: Gastrodon|71/100|[from] item: Leftovers
|-heal|p1a: Annihilape|54/100|[from] item: Leftovers
|upkeep
|turn|14
|
|t:|1757081528
|move|p2a: Gastrodon|Recover|p2a: Gastrodon
|-heal|p2a: Gastrodon|100/100
|move|p2b: Indeedee|Dazzling Gleam|p1a: Annihilape
|-supereffective|p1a: Annihilape
|-damage|p1a: Annihilape|24/100
|move|p1a: Annihilape|Drain Punch|p2a: Gastrodon
|-damage|p2a: Gastrodon|73/100
|-heal|p1a: Annihilape|37/100|[from] drain|[of] p2a: Gastrodon
|
|-heal|p2a: Gastrodon|79/100|[from] item: Leftovers
|-heal|p1a: Annihilape|43/100|[from] item: Leftovers
|-end|p1a: Annihilape|move: Yawn|[silent]
|-status|p1a: Annihilape|slp
|upkeep
|turn|15
|-message|psychic system forfeited.
|
|win|Chavo666
