|j|☆nagc_17
|j|☆Noyomi
|html|nagc_17Noyomi    
|uhtml|bestof|Game 3 of a best-of-3
|t:|1785449754
|gametype|doubles
|player|p1|nagc_17|scientist|
|player|p2|Noyomi|pokemonrangerf|
|gen|9
|tier|[Gen 9 Champions] VGC 2026 Reg M-B (Bo3)
|rule|Species Clause: Limit one of each Pokémon
|rule|Item Clause: Limit 1 of each item
|clearpoke
|poke|p1|Blastoise, L50, M|
|poke|p1|Farigiraf, L50, M|
|poke|p1|Torkoal, L50, M|
|poke|p1|Incineroar, L50, M|
|poke|p1|Hatterene, L50, F|
|poke|p1|Clefable, L50, F|
|poke|p2|Charizard, L50, M|
|poke|p2|Garchomp, L50, M|
|poke|p2|Sneasler, L50, F|
|poke|p2|Venusaur, L50, M|
|poke|p2|Milotic, L50, F|
|poke|p2|Ampharos, L50, M|
|teampreview|4
|showteam|p1|Blastoise||Blastoisinite|Torrent|DarkPulse,AuraSphere,WaterPulse,Protect|Adamant||M|||50|]Farigiraf||FocusSash|ArmorTail|TrickRoom,PsychicNoise,Thunderbolt,Protect|Adamant||M|||50|]Torkoal||Charcoal|Drought|Eruption,HeatWave,SolarBeam,Protect|Adamant||M|||50|]Incineroar||Leftovers|Intimidate|FakeOut,DarkestLariat,CloseCombat,PartingShot|Adamant||M|||50|]Hatterene||ExpertBelt|MagicBounce|Psychic,DazzlingGleam,TrickRoom,Protect|Adamant||F|||50|]Clefable||Clefablite|MagicGuard|Moonblast,HealPulse,Thunderbolt,FollowMe|Adamant||F|||50|
|showteam|p2|Charizard||CharizarditeY|Blaze|HeatWave,SolarBeam,Protect,ScorchingSands|Timid||M|||50|]Garchomp||SitrusBerry|RoughSkin|Earthquake,DragonClaw,Protect,RockSlide|Adamant||M|||50|]Sneasler||WhiteHerb|Unburden|CloseCombat,DireClaw,FakeOut,Protect|Adamant||F|||50|]Venusaur||FocusSash|Chlorophyll|SleepPowder,SludgeBomb,Protect,GigaDrain|Timid||M|||50|]Milotic||Leftovers|Competitive|Scald,IcyWind,Protect,LifeDew|Bold||F|||50|]Ampharos||Ampharosite|Static|DragonPulse,ParabolicCharge,Protect,LightScreen|Modest||M|||50|
|
|t:|1785449788
|teamsize|p1|4
|teamsize|p2|4
|start
|switch|p1a: Farigiraf|Farigiraf, L50, M|100/100
|switch|p1b: Clefable|Clefable, L50, F|100/100
|switch|p2a: Soy Vegano|Venusaur, L50, M|100/100
|switch|p2b: Chi|Ampharos, L50, M|100/100
|turn|1
|
|t:|1785449858
|detailschange|p2b: Chi|Ampharos-Mega, L50, M
|-mega|p2b: Chi|Ampharos|Ampharosite
|-ability|p2b: Chi|Mold Breaker
|move|p1b: Clefable|Follow Me|p1b: Clefable
|-singleturn|p1b: Clefable|move: Follow Me
|move|p2a: Soy Vegano|Sleep Powder|p1b: Clefable
|-status|p1b: Clefable|slp|[from] move: Sleep Powder
|move|p1a: Farigiraf|Psychic Noise|p2a: Soy Vegano
|-supereffective|p2a: Soy Vegano|1
|-damage|p2a: Soy Vegano|41/100
|-start|p2a: Soy Vegano|move: Heal Block
|move|p2b: Chi|Light Screen|p2b: Chi
|-sidestart|p2: Noyomi|move: Light Screen
|
|upkeep
|turn|2
|
|t:|1785449893
|switch|p1b: Incineroar|Incineroar, L50, M|100/100
|-ability|p1b: Incineroar|Intimidate|boost
|-unboost|p2a: Soy Vegano|atk|1
|-unboost|p2b: Chi|atk|1
|move|p2a: Soy Vegano|Protect|p2a: Soy Vegano
|-singleturn|p2a: Soy Vegano|Protect
|move|p2b: Chi|Parabolic Charge|p1a: Farigiraf|[spread] p1a,p1b
|-activate|p2a: Soy Vegano|move: Protect
|-damage|p1a: Farigiraf|68/100
|-damage|p1b: Incineroar|74/100
|move|p1a: Farigiraf|Trick Room|p1a: Farigiraf
|-fieldstart|move: Trick Room|[of] p1a: Farigiraf
|
|-heal|p1b: Incineroar|80/100|[from] item: Leftovers
|-end|p2a: Soy Vegano|move: Heal Block
|upkeep
|turn|3
|
|t:|1785449926
|switch|p2a: Sssssss|Milotic, L50, F|100/100
|move|p1b: Incineroar|Fake Out|p2b: Chi
|-damage|p2b: Chi|90/100
|cant|p2b: Chi|flinch
|move|p1a: Farigiraf|Psychic Noise|p2a: Sssssss
|-damage|p2a: Sssssss|87/100
|-start|p2a: Sssssss|move: Heal Block
|
|-heal|p1b: Incineroar|86/100|[from] item: Leftovers
|upkeep
|turn|4
|
|t:|1785449956
|move|p2b: Chi|Dragon Pulse|p1a: Farigiraf
|-damage|p1a: Farigiraf|11/100
|move|p1a: Farigiraf|Thunderbolt|p2a: Sssssss
|-supereffective|p2a: Sssssss|1
|-damage|p2a: Sssssss|66/100
|move|p1b: Incineroar|Parting Shot|p2b: Chi
|-unboost|p2b: Chi|atk|1
|-unboost|p2b: Chi|spa|1
|
|t:|1785449965
|switch|p1b: Hatterene|Hatterene, L50, F|100/100|[from] Parting Shot
|move|p2a: Sssssss|Scald|p1b: Hatterene
|-damage|p1b: Hatterene|68/100
|-status|p1b: Hatterene|brn
|
|-damage|p1b: Hatterene|62/100 brn|[from] brn
|-end|p2a: Sssssss|move: Heal Block
|upkeep
|turn|5
|
|t:|1785450024
|move|p1a: Farigiraf|Protect|p1a: Farigiraf
|-singleturn|p1a: Farigiraf|Protect
|move|p2a: Sssssss|Protect|p2a: Sssssss
|-singleturn|p2a: Sssssss|Protect
|move|p1b: Hatterene|Dazzling Gleam|p2b: Chi|[spread] p2b
|-activate|p2a: Sssssss|move: Protect
|-supereffective|p2b: Chi|1
|-damage|p2b: Chi|48/100
|move|p2b: Chi|Parabolic Charge|p1a: Farigiraf|[spread] p1b
|-activate|p2a: Sssssss|move: Protect
|-activate|p1a: Farigiraf|move: Protect
|-damage|p1b: Hatterene|39/100 brn
|-heal|p2b: Chi|58/100|[from] drain|[of] p1b: Hatterene
|
|-heal|p2a: Sssssss|72/100|[from] item: Leftovers
|-damage|p1b: Hatterene|33/100 brn|[from] brn
|-sideend|p2: Noyomi|move: Light Screen
|upkeep
|turn|6
|
|t:|1785450052
|move|p1b: Hatterene|Dazzling Gleam|p2a: Sssssss|[spread] p2a,p2b
|-crit|p2a: Sssssss
|-supereffective|p2b: Chi|1
|-damage|p2a: Sssssss|46/100
|-damage|p2b: Chi|3/100
|move|p2b: Chi|Light Screen|p2b: Chi
|-sidestart|p2: Noyomi|move: Light Screen
|move|p1a: Farigiraf|Thunderbolt|p2a: Sssssss
|-supereffective|p2a: Sssssss|1
|-damage|p2a: Sssssss|24/100
|move|p2a: Sssssss|Scald|p1b: Hatterene
|-damage|p1b: Hatterene|4/100 brn
|
|-heal|p2a: Sssssss|30/100|[from] item: Leftovers
|-damage|p1b: Hatterene|0 fnt|[from] brn
|faint|p1b: Hatterene
|-fieldend|move: Trick Room
|upkeep
|
|t:|1785450078
|switch|p1b: Incineroar|Incineroar, L50, M|86/100
|-ability|p1b: Incineroar|Intimidate|boost
|-unboost|p2a: Sssssss|atk|1
|-ability|p2a: Sssssss|Competitive|boost
|-boost|p2a: Sssssss|spa|2
|-unboost|p2b: Chi|atk|1
|turn|7
|
|t:|1785450109
|move|p2a: Sssssss|Protect|p2a: Sssssss
|-singleturn|p2a: Sssssss|Protect
|move|p2b: Chi|Protect|p2b: Chi
|-singleturn|p2b: Chi|Protect
|move|p1b: Incineroar|Fake Out|p2a: Sssssss
|-activate|p2a: Sssssss|move: Protect
|move|p1a: Farigiraf|Psychic Noise|p2a: Sssssss
|-activate|p2a: Sssssss|move: Protect
|
|-heal|p2a: Sssssss|36/100|[from] item: Leftovers
|-heal|p1b: Incineroar|92/100|[from] item: Leftovers
|upkeep
|turn|8
|
|t:|1785450148
|move|p1a: Farigiraf|Protect|p1a: Farigiraf
|-singleturn|p1a: Farigiraf|Protect
|move|p2a: Sssssss|Scald|p1b: Incineroar
|-supereffective|p1b: Incineroar|1
|-damage|p1b: Incineroar|3/100
|move|p1b: Incineroar|Darkest Lariat|p2b: Chi
|-damage|p2b: Chi|0 fnt
|faint|p2b: Chi
|
|-heal|p2a: Sssssss|42/100|[from] item: Leftovers
|-heal|p1b: Incineroar|9/100|[from] item: Leftovers
|upkeep
|
|t:|1785450163
|switch|p2b: Soy Vegano|Venusaur, L50, M|41/100
|turn|9
|
|t:|1785450221
|switch|p1b: Clefable|Clefable, L50, F|100/100 slp
|move|p2b: Soy Vegano|Sludge Bomb|p1a: Farigiraf
|-damage|p1a: Farigiraf|0 fnt
|faint|p1a: Farigiraf
|move|p2a: Sssssss|Scald|p1b: Clefable
|-damage|p1b: Clefable|46/100 slp
|
|-heal|p2a: Sssssss|48/100|[from] item: Leftovers
|upkeep
|
|t:|1785450241
|switch|p1a: Incineroar|Incineroar, L50, M|9/100
|-ability|p1a: Incineroar|Intimidate|boost
|-unboost|p2a: Sssssss|atk|1
|-ability|p2a: Sssssss|Competitive|boost
|-boost|p2a: Sssssss|spa|2
|-unboost|p2b: Soy Vegano|atk|1
|turn|10
|
|t:|1785450265
|detailschange|p1b: Clefable|Clefable-Mega, L50, F
|-mega|p1b: Clefable|Clefable|Clefablite
|move|p1a: Incineroar|Fake Out|p2a: Sssssss
|-damage|p2a: Sssssss|38/100
|move|p2b: Soy Vegano|Sleep Powder|p1a: Incineroar
|-status|p1a: Incineroar|slp|[from] move: Sleep Powder
|cant|p2a: Sssssss|flinch
|cant|p1b: Clefable|slp
|
|-heal|p2a: Sssssss|44/100|[from] item: Leftovers
|-heal|p1a: Incineroar|15/100 slp|[from] item: Leftovers
|-sideend|p2: Noyomi|move: Light Screen
|upkeep
|turn|11
|
|t:|1785450284
|move|p2b: Soy Vegano|Sludge Bomb|p1b: Clefable
|-supereffective|p1b: Clefable|1
|-damage|p1b: Clefable|0 fnt
|faint|p1b: Clefable
|move|p2a: Sssssss|Scald|p1a: Incineroar
|-supereffective|p1a: Incineroar|1
|-damage|p1a: Incineroar|0 fnt
|faint|p1a: Incineroar
|
|win|Noyomi
