|j|â˜†ShackWoods
|j|â˜†Goat pincurchin
|html|ShackWoodsGoat pincurchin    
|uhtml|bestof|Game 2 of a best-of-3
|t:|1757018972
|gametype|doubles
|player|p1|ShackWoods|korrina|1269
|player|p2|Goat pincurchin|2|1340
|gen|9
|tier|[Gen 9] VGC 2025 Reg H (Bo3)
|rated|
|rule|Species Clause: Limit one of each PokÃ©mon
|rule|Item Clause: Limit 1 of each item
|clearpoke
|poke|p1|Lilligant-Hisui, L50, F|
|poke|p1|Armarouge, L50, M|
|poke|p1|Indeedee-F, L50, F|
|poke|p1|Torkoal, L50, F|
|poke|p1|Ursaluna, L50, F|
|poke|p1|Hatterene, L50, F|
|poke|p2|Gholdengo, L50|
|poke|p2|Rillaboom, L50, M|
|poke|p2|Ninetales-Alola, L50, F|
|poke|p2|Arcanine-Hisui, L50, F|
|poke|p2|Annihilape, L50, M|
|poke|p2|Volcarona, L50, F|
|teampreview|4
|showteam|p1|Lilligant-Hisui||FocusSash|Chlorophyll|SolarBlade,CloseCombat,TripleAxel,AfterYou|||F|||50|,,,,,Ghost]Armarouge||PsychicSeed|FlashFire|ExpandingForce,ArmorCannon,WideGuard,TrickRoom|||M|||50|,,,,,Grass]Indeedee-F||RockyHelmet|PsychicSurge|AlluringVoice,HelpingHand,FollowMe,TrickRoom|||F|||50|,,,,,Grass]Torkoal||Charcoal|Drought|Eruption,WeatherBall,ClearSmog,Protect|||F|||50|,,,,,Fire]Ursaluna||FlameOrb|Guts|Facade,HeadlongRush,Substitute,Protect|||F|||50|,,,,,Ghost]Hatterene||LifeOrb|MagicBounce|ExpandingForce,DazzlingGleam,MysticalFire,TrickRoom|||F|||50|,,,,,Fire
|showteam|p2|Gholdengo||GrassySeed|GoodasGold|NastyPlot,MakeItRain,ShadowBall,Protect||||||50|,,,,,Water]Rillaboom||AssaultVest|GrassySurge|FakeOut,GrassyGlide,DrumBeating,HighHorsepower|||M|||50|,,,,,Fire]Ninetales-Alola||FocusSash|SnowWarning|Blizzard,IcyWind,Encore,AuroraVeil|||F|||50|,,,,,Ghost]Arcanine-Hisui||ClearAmulet|Intimidate|RockSlide,FlareBlitz,ExtremeSpeed,Protect|||F|||50|,,,,,Water]Annihilape||SafetyGoggles|Defiant|RageFist,CloseCombat,FinalGambit,Taunt|||M|||50|,,,,,Water]Volcarona||SitrusBerry|FlameBody|Flamethrower,StruggleBug,Tailwind,RagePowder|||F|||50|,,,,,Grass
|inactive|Battle timer is ON: inactive players will automatically lose when time's up. (requested by Goat pincurchin)
|c|â˜†ShackWoods|gl hf
|
|t:|1757018993
|teamsize|p1|4
|teamsize|p2|4
|start
|switch|p1a: Armarouge|Armarouge, L50, M|100/100
|switch|p1b: Indeedee|Indeedee-F, L50, F|100/100
|switch|p2a: Volcarona|Volcarona, L50, F|100/100
|switch|p2b: Arcanine|Arcanine-Hisui, L50, F|100/100
|-ability|p2b: Arcanine|Intimidate|boost
|-unboost|p1a: Armarouge|atk|1
|-unboost|p1b: Indeedee|atk|1
|-fieldstart|move: Psychic Terrain|[from] ability: Psychic Surge|[of] p1b: Indeedee
|-enditem|p1a: Armarouge|Psychic Seed
|-boost|p1a: Armarouge|spd|1|[from] item: Psychic Seed
|turn|1
|
|t:|1757019012
|switch|p1b: Ursaluna|Ursaluna, L50, F|100/100
|move|p2a: Volcarona|Flamethrower|p1b: Ursaluna
|-damage|p1b: Ursaluna|62/100
|move|p2b: Arcanine|Flare Blitz|p1b: Ursaluna
|-crit|p1b: Ursaluna
|-damage|p1b: Ursaluna|0 fnt
|faint|p1b: Ursaluna
|-damage|p2b: Arcanine|74/100|[from] Recoil
|move|p1a: Armarouge|Trick Room|p1a: Armarouge
|-fieldstart|move: Trick Room|[of] p1a: Armarouge
|
|upkeep
|
|t:|1757019022
|switch|p1b: Torkoal|Torkoal, L50, F|100/100
|-weather|SunnyDay|[from] ability: Drought|[of] p1b: Torkoal
|turn|2
|
|t:|1757019043
|switch|p2a: Ninetales|Ninetales-Alola, L50, F|100/100
|-weather|Snowscape|[from] ability: Snow Warning|[of] p2a: Ninetales
|move|p2b: Arcanine|Protect|p2b: Arcanine
|-singleturn|p2b: Arcanine|Protect
|move|p1b: Torkoal|Eruption|p2a: Ninetales|[spread] p2a
|-activate|p2b: Arcanine|move: Protect
|-supereffective|p2a: Ninetales
|-enditem|p2a: Ninetales|Focus Sash
|-damage|p2a: Ninetales|1/100
|move|p1a: Armarouge|Expanding Force|p2b: Arcanine|[spread] p2a
|-activate|p2b: Arcanine|move: Protect
|-damage|p2a: Ninetales|0 fnt
|faint|p2a: Ninetales
|
|-weather|Snowscape|[upkeep]
|upkeep
|
|t:|1757019055
|switch|p2a: Rillaboom|Rillaboom, L50, M|100/100
|-fieldstart|move: Grassy Terrain|[from] ability: Grassy Surge|[of] p2a: Rillaboom
|turn|3
|
|t:|1757019071
|switch|p1b: Indeedee|Indeedee-F, L50, F|100/100
|-fieldstart|move: Psychic Terrain|[from] ability: Psychic Surge|[of] p1b: Indeedee
|move|p1a: Armarouge|Expanding Force|p2b: Arcanine|[spread] p2a,p2b
|-damage|p2a: Rillaboom|48/100
|-damage|p2b: Arcanine|0 fnt
|faint|p2b: Arcanine
|move|p2a: Rillaboom|High Horsepower|p1a: Armarouge
|-supereffective|p1a: Armarouge
|-damage|p1a: Armarouge|41/100
|
|-weather|Snowscape|[upkeep]
|upkeep
|
|t:|1757019081
|switch|p2b: Volcarona|Volcarona, L50, F|100/100
|turn|4
|
|t:|1757019092
|-terastallize|p1a: Armarouge|Grass
|move|p1b: Indeedee|Helping Hand|p1a: Armarouge
|-singleturn|p1a: Armarouge|Helping Hand|[of] p1b: Indeedee
|move|p1a: Armarouge|Expanding Force|p2a: Rillaboom|[spread] p2a,p2b
|-damage|p2a: Rillaboom|0 fnt
|-damage|p2b: Volcarona|12/100
|-enditem|p2b: Volcarona|Sitrus Berry|[eat]
|-heal|p2b: Volcarona|37/100|[from] item: Sitrus Berry
|faint|p2a: Rillaboom
|move|p2b: Volcarona|Struggle Bug|p1a: Armarouge|[spread] p1a,p1b
|-supereffective|p1a: Armarouge
|-supereffective|p1b: Indeedee
|-damage|p1a: Armarouge|16/100
|-damage|p1b: Indeedee|67/100
|-unboost|p1a: Armarouge|spa|1
|-unboost|p1b: Indeedee|spa|1
|
|-weather|Snowscape|[upkeep]
|upkeep
|turn|5
|-message|Goat pincurchin forfeited.
|
|win|ShackWoods
|l|â˜†Goat pincurchin
|player|p2|
||Goat pincurchin is ready for game 3.
|c|â˜†ShackWoods|gg
||ShackWoods is ready for game 3.
|uhtml|next|Next: Game 3 of 3
