|j|☆monsoonisbest
|j|☆69swagman
|html|monsoonisbest69swagman    
|uhtml|bestof|Game 1 of a best-of-3
|t:|1782985671
|gametype|doubles
|player|p1|monsoonisbest|266|1225
|player|p2|69swagman|2|1126
|gen|9
|tier|[Gen 9 Champions] VGC 2026 Reg M-B (Bo3)
|rated|
|rule|Species Clause: Limit one of each Pokémon
|rule|Item Clause: Limit 1 of each item
|clearpoke
|poke|p1|Pyroar, L50, M|
|poke|p1|Basculegion, L50, M|
|poke|p1|Mawile, L50, M|
|poke|p1|Torkoal, L50, M|
|poke|p1|Oranguru, L50, M|
|poke|p1|Grimmsnarl, L50, M|
|poke|p2|Swampert, L50, F|
|poke|p2|Pelipper, L50, F|
|poke|p2|Archaludon, L50, F|
|poke|p2|Sableye, L50, F|
|poke|p2|Venusaur, L50, F|
|poke|p2|Basculegion, L50, M|
|teampreview|4
|showteam|p1|Pyroar||Pyroarite|Rivalry|HeatWave,SolarBeam,Overheat,Protect|Timid||M|||50|]Basculegion||ChoiceScarf|Adaptability|WaveCrash,LastRespects,FlipTurn,AquaJet|Jolly||M|||50|]Mawile||Mawilite|HyperCutter|IronHead,PlayRough,SuckerPunch,Protect|Adamant||M|||50|]Torkoal||Charcoal|Drought|Eruption,WeatherBall,HelpingHand,Protect|Quiet||M|||50|]Oranguru||MentalHerb|InnerFocus|Psychic,TrickRoom,Encore,Instruct|Relaxed||M|||50|]Grimmsnarl||SitrusBerry|Prankster|SpiritBreak,FakeOut,LightScreen,PartingShot|Careful||M|||50|
|showteam|p2|Swampert||Swampertite|Torrent|FlipTurn,WaveCrash,HighHorsepower,Protect|Adamant||F|||50|]Pelipper||FocusSash|Drizzle|Hurricane,WeatherBall,Tailwind,Protect|Modest||F|||50|]Archaludon||Leftovers|Stamina|ElectroShot,DragonPulse,FlashCannon,Protect|Modest||F|||50|]Sableye||LightClay|Prankster|WillOWisp,RainDance,LightScreen,Reflect|Calm||F|||50|]Venusaur||Venusaurite|Chlorophyll|GigaDrain,SludgeBomb,EarthPower,Protect|Modest||F|||50|]Basculegion||ChoiceScarf|Adaptability|WaveCrash,FlipTurn,AquaJet,LastRespects|Jolly||M|||50|
|
|t:|1782985700
|teamsize|p1|4
|teamsize|p2|4
|start
|switch|p1a: Oranguru|Oranguru, L50, M|100/100
|switch|p1b: Grimmsnarl|Grimmsnarl, L50, M|100/100
|switch|p2a: Sableye|Sableye, L50, F|100/100
|switch|p2b: Archaludon|Archaludon, L50, F|100/100
|turn|1
|
|t:|1782985723
|move|p1b: Grimmsnarl|Light Screen|p1b: Grimmsnarl
|-sidestart|p1: monsoonisbest|move: Light Screen
|move|p2a: Sableye|Rain Dance|p2a: Sableye
|-weather|RainDance
|move|p2b: Archaludon|Electro Shot||[still]
|-prepare|p2b: Archaludon|Electro Shot
|-boost|p2b: Archaludon|spa|1
|-anim|p2b: Archaludon|Electro Shot|p1a: Oranguru
|-damage|p1a: Oranguru|68/100
|move|p1a: Oranguru|Trick Room|p1a: Oranguru
|-fieldstart|move: Trick Room|[of] p1a: Oranguru
|
|-weather|RainDance|[upkeep]
|upkeep
|turn|2
|
|t:|1782985742
|move|p2a: Sableye|Light Screen|p2a: Sableye
|-sidestart|p2: 69swagman|move: Light Screen
|move|p1b: Grimmsnarl|Parting Shot|p2b: Archaludon
|-unboost|p2b: Archaludon|atk|1
|-unboost|p2b: Archaludon|spa|1
|
|t:|1782985746
|switch|p1b: Torkoal|Torkoal, L50, M|100/100|[from] Parting Shot
|-weather|SunnyDay|[from] ability: Drought|[of] p1b: Torkoal
|move|p1a: Oranguru|Encore|p2a: Sableye
|-start|p2a: Sableye|Encore
|move|p2b: Archaludon|Electro Shot||[still]
|-prepare|p2b: Archaludon|Electro Shot
|-boost|p2b: Archaludon|spa|1
|
|-weather|SunnyDay|[upkeep]
|upkeep
|turn|3
|
|t:|1782985764
|switch|p2a: Basculegion|Basculegion, L50, M|100/100
|move|p1b: Torkoal|Eruption|p2b: Archaludon|[spread] p2a,p2b
|-resisted|p2a: Basculegion|1
|-damage|p2a: Basculegion|68/100
|-damage|p2b: Archaludon|37/100
|-ability|p2b: Archaludon|Stamina|boost
|-boost|p2b: Archaludon|def|1
|move|p1a: Oranguru|Instruct|p1b: Torkoal
|-singleturn|p1b: Torkoal|move: Instruct|[of] p1a: Oranguru
|move|p1b: Torkoal|Eruption|p2a: Basculegion|[spread] p2a,p2b
|-resisted|p2a: Basculegion|1
|-damage|p2a: Basculegion|38/100
|-damage|p2b: Archaludon|0 fnt
|faint|p2b: Archaludon
|
|-weather|SunnyDay|[upkeep]
|upkeep
|
|t:|1782985781
|switch|p2b: Sableye|Sableye, L50, F|100/100
|turn|4
|
|t:|1782985786
|move|p2b: Sableye|Rain Dance|p2b: Sableye
|-weather|RainDance
|move|p1b: Torkoal|Eruption|p2b: Sableye|[spread] p2a,p2b
|-resisted|p2a: Basculegion|1
|-damage|p2a: Basculegion|27/100
|-damage|p2b: Sableye|80/100
|move|p1a: Oranguru|Instruct|p1b: Torkoal
|-singleturn|p1b: Torkoal|move: Instruct|[of] p1a: Oranguru
|move|p1b: Torkoal|Eruption|p2b: Sableye|[spread] p2a,p2b
|-resisted|p2a: Basculegion|1
|-damage|p2a: Basculegion|16/100
|-damage|p2b: Sableye|61/100
|move|p2a: Basculegion|Flip Turn|p1b: Torkoal
|-supereffective|p1b: Torkoal|1
|-damage|p1b: Torkoal|7/100
|
|t:|1782985799
|switch|p2a: Venusaur|Venusaur, L50, F|100/100|[from] Flip Turn
|
|-weather|RainDance|[upkeep]
|upkeep
|turn|5
|
|t:|1782985815
|switch|p1b: Grimmsnarl|Grimmsnarl, L50, M|100/100
|detailschange|p2a: Venusaur|Venusaur-Mega, L50, F
|-mega|p2a: Venusaur|Venusaur|Venusaurite
|move|p2b: Sableye|Will-O-Wisp|p1a: Oranguru
|-status|p1a: Oranguru|brn
|move|p1a: Oranguru|Psychic|p2a: Venusaur
|-supereffective|p2a: Venusaur|1
|-damage|p2a: Venusaur|69/100
|move|p2a: Venusaur|Sludge Bomb|p1b: Grimmsnarl
|-supereffective|p1b: Grimmsnarl|1
|-damage|p1b: Grimmsnarl|56/100
|
|-weather|RainDance|[upkeep]
|-damage|p1a: Oranguru|61/100 brn|[from] brn
|-sideend|p1: monsoonisbest|move: Light Screen
|-fieldend|move: Trick Room
|upkeep
|turn|6
|
|t:|1782985838
|move|p1b: Grimmsnarl|Fake Out|p2a: Venusaur
|-damage|p2a: Venusaur|60/100
|move|p2b: Sableye|Reflect|p2b: Sableye
|-sidestart|p2: 69swagman|Reflect
|cant|p2a: Venusaur|flinch
|move|p1a: Oranguru|Trick Room|p1a: Oranguru
|-fieldstart|move: Trick Room|[of] p1a: Oranguru
|
|-weather|RainDance|[upkeep]
|-damage|p1a: Oranguru|55/100 brn|[from] brn
|upkeep
|turn|7
|
|t:|1782985851
|switch|p2b: Basculegion|Basculegion, L50, M|16/100
|move|p1a: Oranguru|Encore||[still]
|-fail|p1a: Oranguru
|move|p1b: Grimmsnarl|Spirit Break|p2a: Venusaur
|-resisted|p2a: Venusaur|1
|-damage|p2a: Venusaur|52/100
|-unboost|p2a: Venusaur|spa|1
|move|p2a: Venusaur|Sludge Bomb|p1b: Grimmsnarl
|-supereffective|p1b: Grimmsnarl|1
|-damage|p1b: Grimmsnarl|8/100
|-enditem|p1b: Grimmsnarl|Sitrus Berry|[eat]
|-heal|p1b: Grimmsnarl|33/100|[from] item: Sitrus Berry
|
|-weather|RainDance|[upkeep]
|-damage|p1a: Oranguru|49/100 brn|[from] brn
|upkeep
|turn|8
|
|t:|1782985880
|move|p2b: Basculegion|Aqua Jet|p1a: Oranguru
|-damage|p1a: Oranguru|20/100y brn
|move|p1a: Oranguru|Psychic|p2b: Basculegion
|-damage|p2b: Basculegion|0 fnt
|faint|p2b: Basculegion
|move|p1b: Grimmsnarl|Spirit Break|p2a: Venusaur
|-resisted|p2a: Venusaur|1
|-damage|p2a: Venusaur|45/100
|-unboost|p2a: Venusaur|spa|1
|move|p2a: Venusaur|Sludge Bomb|p1b: Grimmsnarl
|-supereffective|p1b: Grimmsnarl|1
|-damage|p1b: Grimmsnarl|2/100
|
|-weather|none
|-damage|p1a: Oranguru|14/100 brn|[from] brn
|upkeep
|
|t:|1782985894
|switch|p2b: Sableye|Sableye, L50, F|61/100
|turn|9
|
|t:|1782985904
|move|p2a: Venusaur|Protect|p2a: Venusaur
|-singleturn|p2a: Venusaur|Protect
|move|p2b: Sableye|Will-O-Wisp|p1b: Grimmsnarl
|-hint|Since gen 7, Dark is immune to Prankster moves.
|-immune|p1b: Grimmsnarl
|move|p1a: Oranguru|Psychic|p2a: Venusaur
|-activate|p2a: Venusaur|move: Protect
|move|p1b: Grimmsnarl|Spirit Break|p2b: Sableye
|-supereffective|p2b: Sableye|1
|-damage|p2b: Sableye|1/100
|-unboost|p2b: Sableye|spa|1
|
|-damage|p1a: Oranguru|8/100 brn|[from] brn
|-sideend|p2: 69swagman|move: Light Screen
|upkeep
|turn|10
|-message|69swagman forfeited.
|
|win|monsoonisbest
