|j|☆lobyte
|j|☆aqueousbloop
|html|lobyteaqueousbloop    
|uhtml|bestof|Game 2 of a best-of-3
|t:|1756215243
|gametype|doubles
|player|p1|lobyte|n|1125
|player|p2|aqueousbloop|101|1128
|gen|9
|tier|[Gen 9] VGC 2025 Reg H (Bo3)
|rated|
|rule|Species Clause: Limit one of each Pokémon
|rule|Item Clause: Limit 1 of each item
|clearpoke
|poke|p1|Politoed, L50, F|
|poke|p1|Kingdra, L50, F|
|poke|p1|Amoonguss, L50, F|
|poke|p1|Mienshao, L50, F|
|poke|p1|Dragonite, L50, F|
|poke|p1|Incineroar, L50, M|
|poke|p2|Sneasler, L50, F|
|poke|p2|Basculegion, L50, M|
|poke|p2|Pelipper, L50, M|
|poke|p2|Indeedee-F, L50, F|
|poke|p2|Lurantis, L50, F|
|poke|p2|Hatterene, L50, F|
|teampreview|4
|showteam|p1|Politoed||SitrusBerry|Drizzle|WeatherBall,Haze,HelpingHand,Protect|||F|||50|,,,,,Grass]Kingdra||LifeOrb|SwiftSwim|MuddyWater,WeatherBall,DracoMeteor,Protect|||F|||50|,,,,,Stellar]Amoonguss||RockyHelmet|Regenerator|PollenPuff,RagePowder,Spore,Protect|||F|||50|,,,,,Dark]Mienshao||FocusSash|InnerFocus|FakeOut,CloseCombat,KnockOff,WideGuard|||F|||50|,,,,,Stellar]Dragonite||ChoiceBand|InnerFocus|ExtremeSpeed,DragonClaw,IceSpinner,StompingTantrum|||F|||50|,,,,,Normal]Incineroar||AssaultVest|Intimidate|FakeOut,KnockOff,Snarl,Uturn|||M|||50|,,,,,Bug
|showteam|p2|Sneasler||SafetyGoggles|PoisonTouch|ThroatChop,CloseCombat,DireClaw,FakeOut|||F|||50|,,,,,Dark]Basculegion||ChoiceBand|SwiftSwim|FlipTurn,WaveCrash,LastRespects,AquaJet|||M|||50|,,,,,Grass]Pelipper||FocusSash|Drizzle|Hurricane,WeatherBall,WideGuard,Protect|||M|||50|,,,,,Ghost]Indeedee-F||PsychicSeed|PsychicSurge|TrickRoom,FollowMe,HelpingHand,Psychic|||F|||50|,,,,,Fairy]Lurantis||AssaultVest|Contrary|Superpower,LeafBlade,KnockOff,LeechLife|||F|||50|,,,,,Poison]Hatterene||LifeOrb|MagicBounce|TrickRoom,ExpandingForce,DazzlingGleam,Protect|||F|||50|,,,,,Psychic
|inactive|Battle timer is ON: inactive players will automatically lose when time's up. (requested by lobyte)
|inactive|lobyte has 60 seconds left.
|
|t:|1756215275
|teamsize|p1|4
|teamsize|p2|4
|start
|switch|p1a: Amoonguss|Amoonguss, L50, F, shiny|100/100
|switch|p1b: Kingdra|Kingdra, L50, F|100/100
|switch|p2a: Indeedee|Indeedee-F, L50, F|100/100
|switch|p2b: Sneasler|Sneasler, L50, F|100/100
|-fieldstart|move: Psychic Terrain|[from] ability: Psychic Surge|[of] p2a: Indeedee
|-enditem|p2a: Indeedee|Psychic Seed
|-boost|p2a: Indeedee|spd|1|[from] item: Psychic Seed
|turn|1
|inactive|aqueousbloop has 30 seconds left.
|inactive|aqueousbloop has 20 seconds left.
|inactive|aqueousbloop has 15 seconds left.
|inactive|aqueousbloop has 10 seconds left.
|
|t:|1756215321
|move|p2b: Sneasler|Dire Claw|p1a: Amoonguss
|-damage|p1a: Amoonguss|67/100
|-status|p1a: Amoonguss|par
|-damage|p2b: Sneasler|84/100|[from] item: Rocky Helmet|[of] p1a: Amoonguss
|move|p1b: Kingdra|Draco Meteor|p2b: Sneasler
|-damage|p2b: Sneasler|0 fnt
|-unboost|p1b: Kingdra|spa|2
|faint|p2b: Sneasler
|-damage|p1b: Kingdra|90/100|[from] item: Life Orb
|move|p2a: Indeedee|Psychic|p1a: Amoonguss
|-supereffective|p1a: Amoonguss
|-damage|p1a: Amoonguss|0 fnt
|faint|p1a: Amoonguss
|
|upkeep
|inactive|aqueousbloop has 30 seconds left.
|
|t:|1756215356
|switch|p2b: Hatterene|Hatterene, L50, F|100/100
|switch|p1a: Incineroar|Incineroar, L50, M|100/100
|-ability|p1a: Incineroar|Intimidate|boost
|-unboost|p2a: Indeedee|atk|1
|-unboost|p2b: Hatterene|atk|1
|turn|2
|inactive|aqueousbloop has 30 seconds left.
|inactive|aqueousbloop has 20 seconds left.
|
|t:|1756215392
|-terastallize|p1b: Kingdra|Stellar
|move|p1b: Kingdra|Muddy Water|p2a: Indeedee|[spread] p2a,p2b
|-damage|p2a: Indeedee|83/100
|-damage|p2b: Hatterene|74/100
|-unboost|p2b: Hatterene|accuracy|1
|-damage|p1b: Kingdra|80/100|[from] item: Life Orb
|move|p1a: Incineroar|Knock Off|p2b: Hatterene
|-damage|p2b: Hatterene|28/100
|-enditem|p2b: Hatterene|Life Orb|[from] move: Knock Off|[of] p1a: Incineroar
|move|p2b: Hatterene|Dazzling Gleam|p1a: Incineroar|[spread] 
|-miss|p2b: Hatterene|p1a: Incineroar
|-miss|p2b: Hatterene|p1b: Kingdra
|move|p2a: Indeedee|Trick Room|p2a: Indeedee
|-fieldstart|move: Trick Room|[of] p2a: Indeedee
|
|upkeep
|turn|3
|
|t:|1756215413
|move|p2a: Indeedee|Helping Hand|p2b: Hatterene
|-singleturn|p2b: Hatterene|Helping Hand|[of] p2a: Indeedee
|move|p1b: Kingdra|Protect|p1b: Kingdra
|-singleturn|p1b: Kingdra|Protect
|move|p2b: Hatterene|Dazzling Gleam|p1a: Incineroar|[spread] p1a
|-activate|p1b: Kingdra|move: Protect
|-damage|p1a: Incineroar|67/100
|move|p1a: Incineroar|Snarl|p2b: Hatterene|[spread] p2a,p2b
|-supereffective|p2a: Indeedee
|-damage|p2a: Indeedee|69/100
|-damage|p2b: Hatterene|16/100
|-unboost|p2a: Indeedee|spa|1
|-unboost|p2b: Hatterene|spa|1
|
|upkeep
|turn|4
|inactive|aqueousbloop has 30 seconds left.
|inactive|lobyte has 30 seconds left.
|inactive|aqueousbloop has 20 seconds left.
|inactive|aqueousbloop has 15 seconds left.
|inactive|aqueousbloop has 10 seconds left.
|
|t:|1756215459
|switch|p1b: Mienshao|Mienshao, L50, F|100/100
|move|p2a: Indeedee|Helping Hand|p2b: Hatterene
|-singleturn|p2b: Hatterene|Helping Hand|[of] p2a: Indeedee
|move|p2b: Hatterene|Expanding Force|p1a: Incineroar|[spread] p1b
|-immune|p1a: Incineroar
|-supereffective|p1b: Mienshao
|-enditem|p1b: Mienshao|Focus Sash
|-damage|p1b: Mienshao|1/100
|move|p1a: Incineroar|Snarl|p2b: Hatterene|[spread] p2a,p2b
|-supereffective|p2a: Indeedee
|-damage|p2a: Indeedee|55/100
|-damage|p2b: Hatterene|5/100
|-unboost|p2a: Indeedee|spa|1
|-unboost|p2b: Hatterene|spa|1
|
|upkeep
|turn|5
|
|t:|1756215482
|switch|p2a: Lurantis|Lurantis, L50, F|100/100
|move|p1b: Mienshao|Wide Guard|p1b: Mienshao
|-singleturn|p1b: Mienshao|Wide Guard
|move|p2b: Hatterene|Expanding Force|p1a: Incineroar|[spread] 
|-activate|p1a: Incineroar|move: Wide Guard
|-activate|p1b: Mienshao|move: Wide Guard
|move|p1a: Incineroar|Knock Off|p2a: Lurantis
|-damage|p2a: Lurantis|51/100
|-enditem|p2a: Lurantis|Assault Vest|[from] move: Knock Off|[of] p1a: Incineroar
|
|-fieldend|move: Psychic Terrain
|upkeep
|turn|6
|inactive|aqueousbloop has 30 seconds left.
|inactive|lobyte has 30 seconds left.
|inactive|aqueousbloop has 20 seconds left.
|inactive|aqueousbloop has 15 seconds left.
|inactive|aqueousbloop has 10 seconds left.
|
|t:|1756215531
|move|p2b: Hatterene|Dazzling Gleam|p1b: Mienshao|[spread] p1a,p1b
|-supereffective|p1b: Mienshao
|-damage|p1a: Incineroar|56/100
|-damage|p1b: Mienshao|0 fnt
|faint|p1b: Mienshao
|move|p2a: Lurantis|Superpower|p1a: Incineroar
|-supereffective|p1a: Incineroar
|-damage|p1a: Incineroar|0 fnt
|-boost|p2a: Lurantis|atk|1
|-boost|p2a: Lurantis|def|1
|faint|p1a: Incineroar
|
|-fieldend|move: Trick Room
|upkeep
|
|t:|1756215539
|switch|p1b: Kingdra|Kingdra, L50, F, tera:Stellar|80/100
|turn|7
|inactive|aqueousbloop has 30 seconds left.
|inactive|aqueousbloop has 20 seconds left.
|inactive|aqueousbloop has 15 seconds left.
|
|t:|1756215581
|move|p1b: Kingdra|Draco Meteor|p2a: Lurantis
|-damage|p2a: Lurantis|0 fnt
|-unboost|p1b: Kingdra|spa|2
|faint|p2a: Lurantis
|-damage|p1b: Kingdra|70/100|[from] item: Life Orb
|move|p2b: Hatterene|Trick Room|p2b: Hatterene
|-fieldstart|move: Trick Room|[of] p2b: Hatterene
|
|upkeep
|-message|lobyte forfeited.
|
|win|aqueousbloop
|raw|lobyte's rating: 1125 → 1100(-25 for losing)
|raw|aqueousbloop's rating: 1128 → 1153(+25 for winning)
|l|☆lobyte
|player|p1|
