|j|☆Missed Ledgedash
|j|☆23456789XB
|html|Missed Ledgedash23456789XB    
|uhtml|bestof|Game 1 of a best-of-3
|t:|1784589564
|gametype|doubles
|player|p1|Missed Ledgedash|juan-gen3|1237
|player|p2|23456789XB|marley|1160
|gen|9
|tier|[Gen 9 Champions] VGC 2026 Reg M-B (Bo3)
|rated|
|rule|Species Clause: Limit one of each Pokémon
|rule|Item Clause: Limit 1 of each item
|clearpoke
|poke|p1|Gengar, L50, F|
|poke|p1|Incineroar, L50, M|
|poke|p1|Swampert, L50, M|
|poke|p1|Politoed, L50, F|
|poke|p1|Archaludon, L50, F|
|poke|p1|Vivillon, L50, F|
|poke|p2|Staraptor, L50, F|
|poke|p2|Whimsicott, L50, F|
|poke|p2|Gholdengo, L50|
|poke|p2|Incineroar, L50, F|
|poke|p2|Glimmora, L50, F|
|poke|p2|Klefki, L50, F|
|teampreview|4
|showteam|p1|Gengar||Gengarite|CursedBody|Protect,ShadowBall,SludgeBomb,PerishSong|Timid||F|||50|]Incineroar||PasshoBerry|Intimidate|Protect,DarkestLariat,PartingShot,FakeOut|Relaxed||M|||50|]Swampert||Swampertite|Torrent|Protect,WaveCrash,HighHorsepower,IcePunch|Adamant||M|||50|]Politoed||SitrusBerry|Drizzle|Protect,WeatherBall,PerishSong,Encore|Calm||F|||50|]Archaludon||Leftovers|Stamina|Protect,DragonPulse,FlashCannon,ElectroShot|Bold||F|||50|]Vivillon||FocusSash|CompoundEyes|Protect,Hurricane,SleepPowder,RagePowder|Timid||F|||50|
|showteam|p2|Staraptor||Staraptite|Intimidate|DualWingbeat,CloseCombat,Roost,Protect|Jolly||F|||50|]Whimsicott||OccaBerry|Prankster|Moonblast,Tailwind,FakeTears,Encore|Bold||F|||50|]Gholdengo||LifeOrb|GoodasGold|MakeItRain,ShadowBall,NastyPlot,Protect|Timid|||||50|]Incineroar||SitrusBerry|Intimidate|FakeOut,PartingShot,FlareBlitz,DarkestLariat|Careful||F|||50|]Glimmora||FocusSash|ToxicDebris|SludgeBomb,PowerGem,EarthPower,SpikyShield|Modest||F|||50|]Klefki||LightClay|Prankster|DazzlingGleam,ThunderWave,Reflect,LightScreen|Calm||F|||50|
|inactive|Battle timer is ON: inactive players will automatically lose when time's up. (requested by 23456789XB)
|inactive|Missed Ledgedash has 60 seconds left.
|inactive|23456789XB has 60 seconds left.
|inactive|23456789XB has 30 seconds left.
|
|t:|1784589625
|teamsize|p1|4
|teamsize|p2|4
|start
|switch|p1a: Archaludon|Archaludon, L50, F|100/100
|switch|p1b: Swampert|Swampert, L50, M|100/100
|switch|p2a: Gholdengo|Gholdengo, L50|100/100
|switch|p2b: Whimsicott|Whimsicott, L50, F|100/100
|turn|1
|
|t:|1784589642
|switch|p1a: Politoed|Politoed, L50, F|100/100
|-weather|RainDance|[from] ability: Drizzle|[of] p1a: Politoed
|detailschange|p1b: Swampert|Swampert-Mega, L50, M
|-mega|p1b: Swampert|Swampert|Swampertite
|move|p2b: Whimsicott|Fake Tears|p1b: Swampert
|-unboost|p1b: Swampert|spd|2
|move|p1b: Swampert|Wave Crash|p2a: Gholdengo
|-damage|p2a: Gholdengo|0 fnt
|faint|p2a: Gholdengo
|-damage|p1b: Swampert|70/100|[from] Recoil
|
|-weather|RainDance|[upkeep]
|upkeep
|
|t:|1784589647
|switch|p2a: Staraptor|Staraptor, L50, F|100/100
|-ability|p2a: Staraptor|Intimidate|boost
|-unboost|p1a: Politoed|atk|1
|-unboost|p1b: Swampert|atk|1
|turn|2
|
|t:|1784589669
|switch|p1b: Incineroar|Incineroar, L50, M|100/100
|-ability|p1b: Incineroar|Intimidate|boost
|-unboost|p2a: Staraptor|atk|1
|-unboost|p2b: Whimsicott|atk|1
|detailschange|p2a: Staraptor|Staraptor-Mega, L50, F
|-mega|p2a: Staraptor|Staraptor|Staraptite
|move|p2b: Whimsicott|Tailwind|p2b: Whimsicott
|-sidestart|p2: 23456789XB|move: Tailwind
|move|p2a: Staraptor|Close Combat|p1a: Politoed
|-damage|p1a: Politoed|58/100
|-boost|p2a: Staraptor|def|1
|-boost|p2a: Staraptor|spd|1
|move|p1a: Politoed|Weather Ball|p2a: Staraptor
|-damage|p2a: Staraptor|70/100
|
|-weather|RainDance|[upkeep]
|upkeep
|turn|3
|
|t:|1784589689
|move|p1b: Incineroar|Fake Out|p2b: Whimsicott
|-damage|p2b: Whimsicott|90/100
|cant|p2b: Whimsicott|flinch
|move|p2a: Staraptor|Close Combat|p1b: Incineroar
|-supereffective|p1b: Incineroar|1
|-damage|p1b: Incineroar|49/100
|-boost|p2a: Staraptor|def|1
|-boost|p2a: Staraptor|spd|1
|move|p1a: Politoed|Perish Song|p1a: Politoed
|-start|p1a: Politoed|perish3|[silent]
|-start|p1b: Incineroar|perish3|[silent]
|-start|p2a: Staraptor|perish3|[silent]
|-start|p2b: Whimsicott|perish3|[silent]
|-fieldactivate|move: Perish Song
|
|-weather|RainDance|[upkeep]
|-start|p2a: Staraptor|perish3
|-start|p2b: Whimsicott|perish3
|-start|p1a: Politoed|perish3
|-start|p1b: Incineroar|perish3
|upkeep
|turn|4
|
|t:|1784589709
|move|p2a: Staraptor|Close Combat|p1a: Politoed
|-damage|p1a: Politoed|17/100
|-boost|p2a: Staraptor|def|1
|-boost|p2a: Staraptor|spd|1
|-enditem|p1a: Politoed|Sitrus Berry|[eat]
|-heal|p1a: Politoed|42/100|[from] item: Sitrus Berry
|move|p2b: Whimsicott|Moonblast|p1a: Politoed
|-damage|p1a: Politoed|22/100
|move|p1a: Politoed|Weather Ball|p2a: Staraptor
|-damage|p2a: Staraptor|51/100
|move|p1b: Incineroar|Parting Shot|p2b: Whimsicott
|-unboost|p2b: Whimsicott|atk|1
|-unboost|p2b: Whimsicott|spa|1
|
|t:|1784589726
|switch|p1b: Swampert|Swampert-Mega, L50, M|70/100|[from] Parting Shot
|
|-weather|RainDance|[upkeep]
|-start|p2a: Staraptor|perish2
|-start|p2b: Whimsicott|perish2
|-start|p1a: Politoed|perish2
|upkeep
|turn|5
|
|t:|1784589735
|switch|p2b: Glimmora|Glimmora, L50, F|100/100
|move|p1a: Politoed|Protect|p1a: Politoed
|-singleturn|p1a: Politoed|Protect
|move|p2a: Staraptor|Close Combat|p1b: Swampert
|-damage|p1b: Swampert|36/100
|-boost|p2a: Staraptor|def|1
|-boost|p2a: Staraptor|spd|1
|move|p1b: Swampert|Wave Crash|p2a: Staraptor
|-damage|p2a: Staraptor|14/100
|-damage|p1b: Swampert|24/100|[from] Recoil
|
|-weather|none
|-start|p2a: Staraptor|perish1
|-start|p1a: Politoed|perish1
|-sideend|p2: 23456789XB|move: Tailwind
|upkeep
|turn|6
|
|t:|1784589760
|switch|p2a: Whimsicott|Whimsicott, L50, F|90/100
|switch|p1a: Incineroar|Incineroar, L50, M|49/100
|-ability|p1a: Incineroar|Intimidate|boost
|-unboost|p2a: Whimsicott|atk|1
|-unboost|p2b: Glimmora|atk|1
|move|p1b: Swampert|Protect|p1b: Swampert
|-singleturn|p1b: Swampert|Protect
|move|p2b: Glimmora|Power Gem|p1a: Incineroar
|-supereffective|p1a: Incineroar|1
|-damage|p1a: Incineroar|0 fnt
|faint|p1a: Incineroar
|
|upkeep
|
|t:|1784589769
|switch|p1a: Archaludon|Archaludon, L50, F|100/100
|turn|7
|
|t:|1784589782
|switch|p1b: Politoed|Politoed, L50, F|22/100
|-weather|RainDance|[from] ability: Drizzle|[of] p1b: Politoed
|move|p2a: Whimsicott|Tailwind|p2a: Whimsicott
|-sidestart|p2: 23456789XB|move: Tailwind
|move|p2b: Glimmora|Earth Power|p1b: Politoed
|-damage|p1b: Politoed|0 fnt
|faint|p1b: Politoed
|move|p1a: Archaludon|Electro Shot||[still]
|-prepare|p1a: Archaludon|Electro Shot
|-boost|p1a: Archaludon|spa|1
|-anim|p1a: Archaludon|Electro Shot|p2b: Glimmora
|-damage|p2b: Glimmora|15/100
|
|-weather|RainDance|[upkeep]
|upkeep
|
|t:|1784589796
|switch|p1b: Swampert|Swampert-Mega, L50, M|24/100
|turn|8
|
|t:|1784589818
|move|p2b: Glimmora|Spiky Shield|p2b: Glimmora
|-singleturn|p2b: Glimmora|move: Protect
|move|p2a: Whimsicott|Fake Tears|p1a: Archaludon
|-unboost|p1a: Archaludon|spd|2
|move|p1b: Swampert|Wave Crash|p2b: Glimmora
|-activate|p2b: Glimmora|move: Protect
|-damage|p1b: Swampert|12/100|[from] Spiky Shield|[of] p2b: Glimmora
|move|p1a: Archaludon|Flash Cannon|p2a: Whimsicott
|-supereffective|p2a: Whimsicott|1
|-damage|p2a: Whimsicott|0 fnt
|faint|p2a: Whimsicott
|
|-weather|RainDance|[upkeep]
|upkeep
|
|t:|1784589824
|switch|p2a: Staraptor|Staraptor-Mega, L50, F|14/100
|turn|9
|inactive|Missed Ledgedash has 30 seconds left.
|inactive|Missed Ledgedash has 20 seconds left.
|inactive|Missed Ledgedash has 15 seconds left.
|
|t:|1784589864
|move|p1a: Archaludon|Protect|p1a: Archaludon
|-singleturn|p1a: Archaludon|Protect
|move|p2a: Staraptor|Close Combat|p1b: Swampert
|-damage|p1b: Swampert|0 fnt
|-boost|p2a: Staraptor|def|1
|-boost|p2a: Staraptor|spd|1
|faint|p1b: Swampert
|move|p2b: Glimmora|Earth Power|p1a: Archaludon
|-activate|p1a: Archaludon|move: Protect
|
|-weather|RainDance|[upkeep]
|upkeep
|turn|10
|
|t:|1784589875
|move|p2a: Staraptor|Roost|p2a: Staraptor
|-heal|p2a: Staraptor|64/100
|-singleturn|p2a: Staraptor|move: Roost
|move|p2b: Glimmora|Earth Power|p1a: Archaludon
|-supereffective|p1a: Archaludon|1
|-damage|p1a: Archaludon|0 fnt
|faint|p1a: Archaludon
|
|win|23456789XB
