|j|☆sorrymaker234
|j|☆shixueyi
|html|sorrymaker234shixueyi    
|uhtml|bestof|Game 1 of a best-of-3
|t:|1757656505
|gametype|doubles
|player|p1|sorrymaker234|170|
|player|p2|shixueyi|hilbert|
|gen|9
|tier|[Gen 9] VGC 2025 Reg H (Bo3)
|rule|Species Clause: Limit one of each Pokémon
|rule|Item Clause: Limit 1 of each item
|clearpoke
|poke|p1|Indeedee, L50, M|
|poke|p1|Snorlax, L50, F|
|poke|p1|Ursaluna, L50, M|
|poke|p1|Magmar, L50, M|
|poke|p1|Golem-Alola, L50, F|
|poke|p1|Lucario, L50, M|
|poke|p2|Delphox, L50, F|
|poke|p2|Gardevoir, L50, F|
|poke|p2|Hatterene, L50, F|
|poke|p2|Banette, L50, M|
|poke|p2|Dusknoir, L50, M|
|poke|p2|Snorlax, L50, F|
|teampreview|4
|showteam|p1|Indeedee||ChoiceSpecs|PsychicSurge|Metronome|||M|||50|,,,,,Ghost]Snorlax||RockyHelmet|ThickFat|Metronome|||F|||50|,,,,,Normal]Ursaluna||ChoiceBand|Guts|Metronome|||M|||50|,,,,,Ghost]Magmar||Eviolite|FlameBody|Metronome|||M|||50|,,,,,Ghost]Golem-Alola||WeaknessPolicy|Galvanize|Metronome|||F|||50|,,,,,Electric]Lucario||CovertCloak|InnerFocus|Metronome|||M|||50|,,,,,Ghost
|showteam|p2|Delphox|||Magician|Metronome|||F|||50|,,,,,Ghost]Gardevoir||ClearAmulet|Trace|Metronome|||F|||50|,,,,,Ghost]Hatterene||ChoiceSpecs|MagicBounce|Metronome|||F|||50|,,,,,Ghost]Banette||ChoiceBand|CursedBody|Metronome|||M|||50|,,,,,Ghost]Dusknoir||CovertCloak|Pressure|Metronome|||M|||50|,,,,,Ghost]Snorlax||WeaknessPolicy|ThickFat|Metronome|||F|||50|,,,,,Ghost
|
|t:|1757656533
|teamsize|p1|4
|teamsize|p2|4
|start
|switch|p1a: Ursaluna|Ursaluna, L50, M|100/100
|switch|p1b: Lucario|Lucario, L50, M|100/100
|switch|p2a: Gardevoir|Gardevoir, L50, F, shiny|100/100
|switch|p2b: Hatterene|Hatterene, L50, F|100/100
|-ability|p2a: Gardevoir|Inner Focus|Trace|[from] ability: Trace|[of] p1b: Lucario
|turn|1
|
|t:|1757656543
|move|p1b: Lucario|Metronome|p1b: Lucario
|move|p1b: Lucario|Dual Wingbeat|p2a: Gardevoir|[from] move: Metronome
|-damage|p2a: Gardevoir|79/100
|-damage|p2a: Gardevoir|55/100
|-hitcount|p2a: Gardevoir|2
|move|p2a: Gardevoir|Metronome|p2a: Gardevoir
|move|p2a: Gardevoir|Take Heart|p2a: Gardevoir|[from] move: Metronome
|-boost|p2a: Gardevoir|spa|1
|-boost|p2a: Gardevoir|spd|1
|move|p1a: Ursaluna|Metronome|p1a: Ursaluna
|move|p1a: Ursaluna|Echoed Voice|p2b: Hatterene|[from] move: Metronome
|-damage|p2b: Hatterene|93/100
|move|p2b: Hatterene|Metronome|p2b: Hatterene
|move|p2b: Hatterene|Work Up|p2b: Hatterene|[from] move: Metronome
|-boost|p2b: Hatterene|atk|1
|-boost|p2b: Hatterene|spa|1
|
|upkeep
|turn|2
|
|t:|1757656559
|move|p1b: Lucario|Metronome|p1b: Lucario
|move|p1b: Lucario|Dazzling Gleam|p2b: Hatterene|[from] move: Metronome|[spread] p2a,p2b
|-damage|p2a: Gardevoir|44/100
|-damage|p2b: Hatterene|74/100
|move|p2a: Gardevoir|Metronome|p2a: Gardevoir
|move|p2a: Gardevoir|Ingrain|p2a: Gardevoir|[from] move: Metronome
|-start|p2a: Gardevoir|move: Ingrain
|move|p1a: Ursaluna|Metronome|p1a: Ursaluna
|move|p1a: Ursaluna|Psycho Cut|p2b: Hatterene|[from] move: Metronome
|-resisted|p2b: Hatterene
|-damage|p2b: Hatterene|47/100
|move|p2b: Hatterene|Metronome|p2b: Hatterene
|move|p2b: Hatterene|Expanding Force|p1a: Ursaluna|[from] move: Metronome
|-damage|p1a: Ursaluna|18/100
|
|-heal|p2a: Gardevoir|49/100|[from] Ingrain
|upkeep
|turn|3
|
|t:|1757656576
|move|p1b: Lucario|Metronome|p1b: Lucario
|move|p1b: Lucario|Dig||[from] move: Metronome|[still]
|-prepare|p1b: Lucario|Dig
|move|p2a: Gardevoir|Metronome|p2a: Gardevoir
|move|p2a: Gardevoir|Aqua Jet|p1b: Lucario|[from] move: Metronome|[miss]
|-miss|p2a: Gardevoir|p1b: Lucario
|move|p1a: Ursaluna|Metronome|p1a: Ursaluna
|move|p1a: Ursaluna|Wild Charge|p2a: Gardevoir|[from] move: Metronome
|-damage|p2a: Gardevoir|0 fnt
|faint|p2a: Gardevoir
|-damage|p1a: Ursaluna|11/100|[from] Recoil
|move|p2b: Hatterene|Metronome|p2b: Hatterene
|move|p2b: Hatterene|Bug Buzz|p1b: Lucario|[from] move: Metronome|[miss]
|-miss|p2b: Hatterene|p1b: Lucario
|
|upkeep
|
|t:|1757656592
|switch|p2a: Snorlax|Snorlax, L50, F, shiny|100/100
|turn|4
|
|t:|1757656599
|move|p1b: Lucario|Dig|p2b: Hatterene|[from] lockedmove
|-damage|p2b: Hatterene|15/100
|move|p1a: Ursaluna|Metronome|p1a: Ursaluna
|move|p1a: Ursaluna|Toxic Thread|p2a: Snorlax|[from] move: Metronome
|-unboost|p2a: Snorlax|spe|1
|-status|p2a: Snorlax|psn
|move|p2b: Hatterene|Metronome|p2b: Hatterene
|move|p2b: Hatterene|Muddy Water|p1a: Ursaluna|[from] move: Metronome|[spread] p1a,p1b
|-supereffective|p1a: Ursaluna
|-damage|p1a: Ursaluna|0 fnt
|-damage|p1b: Lucario|17/100
|faint|p1a: Ursaluna
|move|p2a: Snorlax|Metronome|p2a: Snorlax
|move|p2a: Snorlax|Grassy Glide|p1b: Lucario|[from] move: Metronome
|-resisted|p1b: Lucario
|-damage|p1b: Lucario|3/100
|
|-damage|p2a: Snorlax|88/100 psn|[from] psn
|upkeep
|
|t:|1757656619
|switch|p1a: Magmar|Magmar, L50, M|100/100
|turn|5
|
|t:|1757656622
|move|p1b: Lucario|Metronome|p1b: Lucario
|move|p1b: Lucario|Cosmic Power|p1b: Lucario|[from] move: Metronome
|-boost|p1b: Lucario|def|1
|-boost|p1b: Lucario|spd|1
|move|p1a: Magmar|Metronome|p1a: Magmar
|move|p1a: Magmar|Nuzzle|p2a: Snorlax|[from] move: Metronome
|-damage|p2a: Snorlax|82/100 psn
|move|p2b: Hatterene|Metronome|p2b: Hatterene
|move|p2b: Hatterene|Pain Split|p1b: Lucario|[from] move: Metronome
|-sethp|p1b: Lucario|8/100|[from] move: Pain Split|[silent]
|-sethp|p2b: Hatterene|9/100|[from] move: Pain Split
|move|p2a: Snorlax|Metronome|p2a: Snorlax
|move|p2a: Snorlax|Ice Hammer|p1a: Magmar|[from] move: Metronome
|-resisted|p1a: Magmar
|-damage|p1a: Magmar|79/100
|-unboost|p2a: Snorlax|spe|1
|
|-damage|p2a: Snorlax|70/100 psn|[from] psn
|upkeep
|turn|6
|
|t:|1757656642
|move|p1b: Lucario|Metronome|p1b: Lucario
|move|p1b: Lucario|Thunder|p2a: Snorlax|[from] move: Metronome|[miss]
|-miss|p1b: Lucario|p2a: Snorlax
|move|p1a: Magmar|Metronome|p1a: Magmar
|move|p1a: Magmar|Roost|p1a: Magmar|[from] move: Metronome
|-heal|p1a: Magmar|100/100
|-singleturn|p1a: Magmar|move: Roost
|move|p2b: Hatterene|Metronome|p2b: Hatterene
|move|p2b: Hatterene|Rollout|p1b: Lucario|[from] move: Metronome
|-resisted|p1b: Lucario
|-damage|p1b: Lucario|6/100
|move|p2a: Snorlax|Metronome|p2a: Snorlax
|move|p2a: Snorlax|Super Fang|p1a: Magmar|[from] move: Metronome|[miss]
|-miss|p2a: Snorlax|p1a: Magmar
|
|-damage|p2a: Snorlax|57/100 psn|[from] psn
|upkeep
|turn|7
|
|t:|1757656657
|move|p1b: Lucario|Metronome|p1b: Lucario
|move|p1b: Lucario|Steel Roller||[from] move: Metronome|[still]
|-fail|p1b: Lucario
|move|p1a: Magmar|Metronome|p1a: Magmar
|move|p1a: Magmar|Spirit Shackle|p2b: Hatterene|[from] move: Metronome
|-supereffective|p2b: Hatterene
|-damage|p2b: Hatterene|0 fnt
|faint|p2b: Hatterene
|move|p2a: Snorlax|Metronome|p2a: Snorlax
|move|p2a: Snorlax|Take Heart|p2a: Snorlax|[from] move: Metronome
|-boost|p2a: Snorlax|spa|1
|-boost|p2a: Snorlax|spd|1
|-curestatus|p2a: Snorlax|psn|[msg]
|
|upkeep
|
|t:|1757656670
|switch|p2b: Delphox|Delphox, L50, F, shiny|100/100
|turn|8
|
|t:|1757656675
|move|p2b: Delphox|Metronome|p2b: Delphox
|move|p2b: Delphox|Fell Stinger|p1a: Magmar|[from] move: Metronome
|-resisted|p1a: Magmar
|-damage|p1a: Magmar|96/100
|-item|p2b: Delphox|Eviolite|[from] ability: Magician|[of] p1a: Magmar
|move|p1b: Lucario|Metronome|p1b: Lucario
|move|p1b: Lucario|Alluring Voice|p2a: Snorlax|[from] move: Metronome
|-damage|p2a: Snorlax|48/100
|move|p1a: Magmar|Metronome|p1a: Magmar
|move|p1a: Magmar|Double Hit|p2a: Snorlax|[from] move: Metronome
|-crit|p2a: Snorlax
|-damage|p2a: Snorlax|33/100
|-damage|p2a: Snorlax|22/100
|-hitcount|p2a: Snorlax|2
|move|p2a: Snorlax|Metronome|p2a: Snorlax
|move|p2a: Snorlax|Judgment|p1a: Magmar|[from] move: Metronome
|-damage|p1a: Magmar|46/100
|
|upkeep
|turn|9
|
|t:|1757656694
|move|p2b: Delphox|Metronome|p2b: Delphox
|move|p2b: Delphox|Swagger|p1b: Lucario|[from] move: Metronome
|-boost|p1b: Lucario|atk|2
|-start|p1b: Lucario|confusion
|-activate|p1b: Lucario|confusion
|-damage|p1b: Lucario|0 fnt|[from] confusion
|faint|p1b: Lucario
|move|p1a: Magmar|Metronome|p1a: Magmar
|move|p1a: Magmar|X-Scissor|p2a: Snorlax|[from] move: Metronome
|-damage|p2a: Snorlax|0 fnt
|faint|p2a: Snorlax
|
|upkeep
|
|t:|1757656706
|switch|p1b: Golem|Golem-Alola, L50, F|100/100
|turn|10
|
|t:|1757656711
|-terastallize|p2b: Delphox|Ghost
|move|p2b: Delphox|Metronome|p2b: Delphox
|move|p2b: Delphox|Sparkling Aria|p1a: Magmar|[from] move: Metronome|[spread] p1a,p1b
|-supereffective|p1a: Magmar
|-supereffective|p1b: Golem
|-damage|p1a: Magmar|0 fnt
|-damage|p1b: Golem|21/100
|-enditem|p1b: Golem|Weakness Policy
|-boost|p1b: Golem|atk|2|[from] item: Weakness Policy
|-boost|p1b: Golem|spa|2|[from] item: Weakness Policy
|faint|p1a: Magmar
|move|p1b: Golem|Metronome|p1b: Golem
|move|p1b: Golem|Ivy Cudgel|p2b: Delphox|[from] move: Metronome
|-damage|p2b: Delphox|0 fnt
|faint|p2b: Delphox
|
|win|sorrymaker234
|inactive|sorrymaker234 has 30 seconds to confirm battle start!
|inactive|shixueyi has 30 seconds to confirm battle start!
||sorrymaker234 is ready for game 2.
||shixueyi is ready for game 2.
|uhtml|next|Next: Game 2 of 3
|l|☆shixueyi
|player|p2|
