|j|☆cronizxl
|j|☆anniemays
|html|cronizxlanniemays    
|uhtml|bestof|Game 1 of a best-of-3
|t:|1783711955
|gametype|doubles
|player|p1|cronizxl|1|1000
|player|p2|anniemays|amelia-shuffle|1000
|gen|9
|tier|[Gen 9 Champions] VGC 2026 Reg M-B (Bo3)
|rated|
|rule|Species Clause: Limit one of each Pokémon
|rule|Item Clause: Limit 1 of each item
|clearpoke
|poke|p1|Gallade, L50, M, shiny|
|poke|p1|Gengar, L50, F, shiny|
|poke|p1|Maushold-Four, L50, shiny|
|poke|p1|Sinistcha-Masterpiece, L50, shiny|
|poke|p1|Goodra, L50, F, shiny|
|poke|p1|Volcarona, L50, M, shiny|
|poke|p2|Noivern, L50, M, shiny|
|poke|p2|Maushold-Four, L50, shiny|
|poke|p2|Archaludon, L50, M|
|poke|p2|Glimmora, L50, M|
|poke|p2|Raichu, L50, M, shiny|
|poke|p2|Excadrill, L50, F, shiny|
|teampreview|4
|showteam|p1|Gallade||Galladite|Sharpness|CloseCombat,BulkUp,PoisonJab,SacredSword|Adamant||M|||50|]Gengar||Gengarite|CursedBody|NastyPlot,Protect,Thunder,FocusBlast|Modest||F|||50|]Maushold-Four||WideLens|Technician|PopulationBomb,TidyUp,Protect,Feint|Jolly|||||50|]Sinistcha-Masterpiece||KasibBerry|Hospitality|CalmMind,MatchaGotcha,RagePowder,StrengthSap|Quiet|||||50|]Goodra||Leftovers|Hydration|RainDance,Toxic,Protect,Flamethrower|Sassy||F|||50|]Volcarona||LifeOrb|Swarm|QuiverDance,HeatWave,BugBuzz,Protect|Timid||M|||50|
|showteam|p2|Noivern||SitrusBerry|Telepathy|Tailwind,Boomburst,Uturn,DragonCheer|Timid||M|||50|]Maushold-Four||WideLens|FriendGuard|PopulationBomb,BeatUp,FollowMe,Taunt|Jolly|||||50|]Archaludon||ScopeLens|Stamina|DracoMeteor,FlashCannon,Protect,AuraSphere|Modest||M|||50|]Glimmora||Glimmoranite|ToxicDebris|PowerGem,SludgeWave,Protect,EarthPower|Timid||M|||50|]Raichu||RaichuniteY|LightningRod|Discharge,ZapCannon,FakeOut,Protect|Hasty||M|||50|]Excadrill||ChoiceScarf|MoldBreaker|IronHead,HighHorsepower,RockSlide,ThroatChop|Jolly||F|||50|
|
|t:|1783711998
|teamsize|p1|4
|teamsize|p2|4
|start
|switch|p1a: Gengar|Gengar, L50, F, shiny|100/100
|switch|p1b: Goodra|Goodra, L50, F, shiny|100/100
|switch|p2a: Slitherwing|Noivern, L50, M, shiny|100/100
|switch|p2b: Brooklyn|Archaludon, L50, M|100/100
|turn|1
|
|t:|1783712018
|detailschange|p1a: Gengar|Gengar-Mega, L50, F, shiny
|-mega|p1a: Gengar|Gengar|Gengarite
|move|p2a: Slitherwing|Dragon Cheer|p2b: Brooklyn
|-start|p2b: Brooklyn|move: Dragon Cheer
|move|p1a: Gengar|Nasty Plot|p1a: Gengar
|-boost|p1a: Gengar|spa|2
|move|p2b: Brooklyn|Draco Meteor|p1b: Goodra
|-supereffective|p1b: Goodra|1
|-crit|p1b: Goodra
|-damage|p1b: Goodra|0 fnt
|-unboost|p2b: Brooklyn|spa|2
|faint|p1b: Goodra
|
|upkeep
|
|t:|1783712039
|switch|p1b: Sinistcha|Sinistcha-Masterpiece, L50, shiny|100/100
|turn|2
|
|t:|1783712056
|move|p1b: Sinistcha|Rage Powder|p1b: Sinistcha
|-singleturn|p1b: Sinistcha|move: Rage Powder
|move|p2a: Slitherwing|Tailwind|p2a: Slitherwing
|-sidestart|p2: anniemays|move: Tailwind
|move|p2b: Brooklyn|Draco Meteor|p1b: Sinistcha
|-crit|p1b: Sinistcha
|-damage|p1b: Sinistcha|0 fnt
|-unboost|p2b: Brooklyn|spa|2
|faint|p1b: Sinistcha
|move|p1a: Gengar|Focus Blast|p2b: Brooklyn
|-supereffective|p2b: Brooklyn|1
|-damage|p2b: Brooklyn|0 fnt
|faint|p2b: Brooklyn
|
|upkeep
|
|t:|1783712069
|switch|p2b: Panther Rat|Raichu, L50, M, shiny|100/100
|switch|p1b: Volcarona|Volcarona, L50, M, shiny|100/100
|turn|3
|
|t:|1783712092
|detailschange|p2b: Panther Rat|Raichu-Mega-Y, L50, M, shiny
|-mega|p2b: Panther Rat|Raichu|Raichunite Y
|move|p1a: Gengar|Protect|p1a: Gengar
|-singleturn|p1a: Gengar|Protect
|move|p1b: Volcarona|Protect|p1b: Volcarona
|-singleturn|p1b: Volcarona|Protect
|move|p2b: Panther Rat|Discharge|p1b: Volcarona|[spread] 
|-activate|p1a: Gengar|move: Protect
|-activate|p1b: Volcarona|move: Protect
|-activate|p2a: Slitherwing|ability: Telepathy
|move|p2a: Slitherwing|Dragon Cheer|p2b: Panther Rat
|-start|p2b: Panther Rat|move: Dragon Cheer
|
|upkeep
|turn|4
|
|t:|1783712116
|move|p2b: Panther Rat|Zap Cannon|p1a: Gengar
|-damage|p1a: Gengar|0 fnt
|faint|p1a: Gengar
|move|p2a: Slitherwing|U-turn|p1b: Volcarona
|-resisted|p1b: Volcarona|1
|-damage|p1b: Volcarona|91/100
|
|t:|1783712125
|switch|p2a: The Stafflebacks|Maushold-Four, L50, shiny|100/100|[from] U-turn
|move|p1b: Volcarona|Heat Wave|p2a: The Stafflebacks|[spread] p2a,p2b
|-damage|p2a: The Stafflebacks|39/100
|-damage|p2b: Panther Rat|43/100
|-damage|p1b: Volcarona|81/100|[from] item: Life Orb
|
|upkeep
|turn|5
|
|t:|1783712135
|move|p1b: Volcarona|Protect|p1b: Volcarona
|-singleturn|p1b: Volcarona|Protect
|move|p2b: Panther Rat|Zap Cannon|p1b: Volcarona
|-activate|p1b: Volcarona|move: Protect
|move|p2a: The Stafflebacks|Population Bomb|p1b: Volcarona
|-activate|p1b: Volcarona|move: Protect
|
|-sideend|p2: anniemays|move: Tailwind
|upkeep
|turn|6
|
|t:|1783712147
|move|p2b: Panther Rat|Zap Cannon|p1b: Volcarona
|-damage|p1b: Volcarona|0 fnt
|faint|p1b: Volcarona
|
|win|anniemays
|raw|cronizxl's rating: 1000 → 1000(+0 for losing)
|raw|anniemays's rating: 1000 → 1040(+40 for winning)
|l|☆cronizxl
|player|p1|
|l|☆anniemays
|player|p2|
|j|☆anniemays
|player|p2|anniemays|amelia-shuffle|
