|j|☆KingNoahC17
|j|☆Imreesithink
|html|KingNoahC17Imreesithink    
|uhtml|bestof|Game 1 of a best-of-3
|t:|1784140118
|gametype|doubles
|player|p1|KingNoahC17|alec-anime|
|player|p2|Imreesithink|blackbelt-gen4dp|
|gen|9
|tier|[Gen 9 Champions] VGC 2026 Reg M-B (Bo3)
|rule|Species Clause: Limit one of each Pokémon
|rule|Item Clause: Limit 1 of each item
|clearpoke
|poke|p1|Volcarona, L50, F|
|poke|p1|Milotic, L50, M|
|poke|p1|Gholdengo, L50|
|poke|p1|Sinistcha, L50|
|poke|p1|Tyranitar, L50, M|
|poke|p1|Grimmsnarl, L50, M|
|poke|p2|Garchomp, L50, M|
|poke|p2|Venusaur, L50, F|
|poke|p2|Incineroar, L50, M|
|poke|p2|Charizard, L50, M|
|poke|p2|Toxapex, L50, F|
|poke|p2|Annihilape, L50, M|
|teampreview|4
|showteam|p1|Volcarona||SitrusBerry|FlameBody|FieryDance,StruggleBug,RagePowder,Tailwind|Timid||F|||50|]Milotic||Leftovers|Competitive|MuddyWater,Coil,Hypnosis,Recover|Calm||M|||50|]Gholdengo||LifeOrb|GoodasGold|MakeItRain,ShadowBall,NastyPlot,Protect|Modest|||||50|]Sinistcha||ColburBerry|Hospitality|MatchaGotcha,RagePowder,TrickRoom,Protect|Bold|||||50|]Tyranitar||Tyranitarite|SandStream|RockSlide,KnockOff,DragonDance,Protect|Jolly||M|||50|]Grimmsnarl||LightClay|Prankster|FakeOut,Reflect,LightScreen,PartingShot|Careful||M|||50|
|showteam|p2|Garchomp||ChoiceScarf|RoughSkin|Earthquake,RockSlide,DragonClaw,StompingTantrum|Adamant||M|||50|]Venusaur||LifeOrb|Chlorophyll|SludgeBomb,SolarBeam,EarthPower,Protect|Modest||F|||50|]Incineroar||SitrusBerry|Intimidate|FakeOut,FlareBlitz,ThroatChop,PartingShot|Impish||M|||50|]Charizard||CharizarditeY|Blaze|HeatWave,WeatherBall,Protect,HelpingHand|Modest||M|||50|]Toxapex||Leftovers|Regenerator|Infestation,Toxic,WideGuard,BanefulBunker|Bold||F|||50|]Annihilape||FocusSash|Defiant|CloseCombat,PhantomForce,RockTomb,Protect|Jolly||M|||50|
|inactive|Battle timer is ON: inactive players will automatically lose when time's up. (requested by Imreesithink)
|inactive|KingNoahC17 also wants the timer to be on.
|inactive|KingNoahC17 has 60 seconds left.
|inactive|Imreesithink has 60 seconds left.
|j| Than man3.14
|inactive|KingNoahC17 has 30 seconds left.
|inactive|KingNoahC17 has 20 seconds left.
|inactive|KingNoahC17 has 15 seconds left.
|inactive|KingNoahC17 has 10 seconds left.
|inactive|KingNoahC17 has 5 seconds left.
|
|t:|1784140205
|teamsize|p1|4
|teamsize|p2|4
|start
|switch|p1a: Grimmsnarl|Grimmsnarl, L50, M|100/100
|switch|p1b: Milotic|Milotic, L50, M|100/100
|switch|p2a: Annihilape|Annihilape, L50, M|100/100
|switch|p2b: Garchomp|Garchomp, L50, M|100/100
|turn|1
|inactive|Imreesithink has 30 seconds left.
|inactive|Imreesithink has 20 seconds left.
|inactive|Imreesithink has 15 seconds left.
|inactive|Imreesithink has 10 seconds left.
|
|t:|1784140252
|switch|p2b: Toxapex|Toxapex, L50, F|100/100
|move|p1a: Grimmsnarl|Reflect|p1a: Grimmsnarl
|-sidestart|p1: KingNoahC17|Reflect
|move|p2a: Annihilape|Close Combat|p1a: Grimmsnarl
|-damage|p1a: Grimmsnarl|61/100
|-unboost|p2a: Annihilape|def|1
|-unboost|p2a: Annihilape|spd|1
|move|p1b: Milotic|Coil|p1b: Milotic
|-boost|p1b: Milotic|atk|1
|-boost|p1b: Milotic|def|1
|-boost|p1b: Milotic|accuracy|1
|
|upkeep
|turn|2
|
|t:|1784140266
|move|p1a: Grimmsnarl|Light Screen|p1a: Grimmsnarl
|-sidestart|p1: KingNoahC17|move: Light Screen
|move|p2a: Annihilape|Phantom Force||[still]
|-prepare|p2a: Annihilape|Phantom Force
|move|p1b: Milotic|Hypnosis|p2b: Toxapex
|-status|p2b: Toxapex|slp|[from] move: Hypnosis
|cant|p2b: Toxapex|slp
|
|upkeep
|turn|3
|l|☆Imreesithink
|inactive|Imreesithink disconnected and has 300 seconds to reconnect!
|player|p2|
|j|☆Imreesithink
|inactive|Imreesithink reconnected and has 40 seconds left.
|player|p2|Imreesithink|blackbelt-gen4dp|
|
|t:|1784140288
|switch|p1a: Tyranitar|Tyranitar, L50, M|100/100
|-weather|Sandstorm|[from] ability: Sand Stream|[of] p1a: Tyranitar
|move|p2a: Annihilape|Phantom Force|p1b: Milotic|[from] lockedmove
|-damage|p1b: Milotic|83/100
|move|p1b: Milotic|Hypnosis|p2a: Annihilape
|-status|p2a: Annihilape|slp|[from] move: Hypnosis
|cant|p2b: Toxapex|slp
|
|-weather|Sandstorm|[upkeep]
|-damage|p2a: Annihilape|94/100 slp|[from] Sandstorm
|-damage|p1b: Milotic|77/100|[from] Sandstorm
|-damage|p2b: Toxapex|94/100 slp|[from] Sandstorm
|-heal|p1b: Milotic|83/100|[from] item: Leftovers
|-heal|p2b: Toxapex|100/100 slp|[from] item: Leftovers
|upkeep
|turn|4
|
|t:|1784140312
|cant|p2a: Annihilape|slp
|move|p1a: Tyranitar|Dragon Dance|p1a: Tyranitar
|-boost|p1a: Tyranitar|atk|1
|-boost|p1a: Tyranitar|spe|1
|move|p1b: Milotic|Coil|p1b: Milotic
|-boost|p1b: Milotic|atk|1
|-boost|p1b: Milotic|def|1
|-boost|p1b: Milotic|accuracy|1
|-curestatus|p2b: Toxapex|slp|[msg]
|move|p2b: Toxapex|Toxic|p1b: Milotic
|-status|p1b: Milotic|tox
|
|-weather|Sandstorm|[upkeep]
|-damage|p2a: Annihilape|88/100 slp|[from] Sandstorm
|-damage|p1b: Milotic|77/100 tox|[from] Sandstorm
|-damage|p2b: Toxapex|94/100|[from] Sandstorm
|-heal|p1b: Milotic|83/100 tox|[from] item: Leftovers
|-heal|p2b: Toxapex|100/100|[from] item: Leftovers
|-damage|p1b: Milotic|77/100 tox|[from] psn
|upkeep
|turn|5
|inactive|Imreesithink has 30 seconds left.
|
|t:|1784140339
|detailschange|p1a: Tyranitar|Tyranitar-Mega, L50, M
|-mega|p1a: Tyranitar|Tyranitar|Tyranitarite
|move|p1a: Tyranitar|Dragon Dance|p1a: Tyranitar
|-boost|p1a: Tyranitar|atk|1
|-boost|p1a: Tyranitar|spe|1
|-curestatus|p2a: Annihilape|slp|[msg]
|move|p2a: Annihilape|Close Combat|p1a: Tyranitar
|-supereffective|p1a: Tyranitar|2
|-damage|p1a: Tyranitar|11/100
|-unboost|p2a: Annihilape|def|1
|-unboost|p2a: Annihilape|spd|1
|move|p1b: Milotic|Hypnosis|p2b: Toxapex
|-status|p2b: Toxapex|slp|[from] move: Hypnosis
|cant|p2b: Toxapex|slp
|
|-weather|Sandstorm|[upkeep]
|-damage|p2a: Annihilape|82/100|[from] Sandstorm
|-damage|p1b: Milotic|71/100 tox|[from] Sandstorm
|-damage|p2b: Toxapex|94/100 slp|[from] Sandstorm
|-heal|p1b: Milotic|77/100 tox|[from] item: Leftovers
|-heal|p2b: Toxapex|100/100 slp|[from] item: Leftovers
|-damage|p1b: Milotic|65/100 tox|[from] psn
|upkeep
|turn|6
|
|t:|1784140361
|move|p1a: Tyranitar|Knock Off|p2a: Annihilape
|-damage|p2a: Annihilape|0 fnt
|-enditem|p2a: Annihilape|Focus Sash|[from] move: Knock Off|[of] p1a: Tyranitar
|faint|p2a: Annihilape
|move|p1b: Milotic|Muddy Water|p2b: Toxapex
|-resisted|p2b: Toxapex|1
|-damage|p2b: Toxapex|89/100 slp
|cant|p2b: Toxapex|slp
|
|-weather|Sandstorm|[upkeep]
|-damage|p1b: Milotic|59/100 tox|[from] Sandstorm
|-damage|p2b: Toxapex|83/100 slp|[from] Sandstorm
|-heal|p1b: Milotic|65/100 tox|[from] item: Leftovers
|-heal|p2b: Toxapex|89/100 slp|[from] item: Leftovers
|-damage|p1b: Milotic|47/100 tox|[from] psn
|upkeep
|
|t:|1784140367
|switch|p2a: Garchomp|Garchomp, L50, M|100/100
|turn|7
|
|t:|1784140388
|move|p1a: Tyranitar|Knock Off|p2a: Garchomp
|-damage|p2a: Garchomp|0 fnt
|-damage|p1a: Tyranitar|0 fnt|[from] ability: Rough Skin|[of] p2a: Garchomp
|-enditem|p2a: Garchomp|Choice Scarf|[from] move: Knock Off|[of] p1a: Tyranitar
|faint|p2a: Garchomp
|faint|p1a: Tyranitar
|move|p1b: Milotic|Recover|p1b: Milotic
|-heal|p1b: Milotic|97/100 tox
|-curestatus|p2b: Toxapex|slp|[msg]
|move|p2b: Toxapex|Infestation|p1b: Milotic
|-damage|p1b: Milotic|96/100 tox
|-activate|p1b: Milotic|move: Infestation|[of] p2b: Toxapex
|
|-weather|none
|-heal|p1b: Milotic|100/100 tox|[from] item: Leftovers
|-heal|p2b: Toxapex|94/100|[from] item: Leftovers
|-damage|p1b: Milotic|76/100 tox|[from] psn
|-damage|p1b: Milotic|63/100 tox|[from] move: Infestation|[partiallytrapped]
|upkeep
|
|t:|1784140406
|switch|p2a: Charizard|Charizard, L50, M|100/100
|switch|p1a: Volcarona|Volcarona, L50, F|100/100
|turn|8
|
|t:|1784140428
|detailschange|p2a: Charizard|Charizard-Mega-Y, L50, M
|-mega|p2a: Charizard|Charizard|Charizardite Y
|-weather|SunnyDay|[from] ability: Drought|[of] p2a: Charizard
|move|p1a: Volcarona|Tailwind|p1a: Volcarona
|-sidestart|p1: KingNoahC17|move: Tailwind
|move|p1b: Milotic|Hypnosis|p2a: Charizard
|-status|p2a: Charizard|slp|[from] move: Hypnosis
|cant|p2a: Charizard|slp
|move|p2b: Toxapex|Toxic|p1a: Volcarona
|-status|p1a: Volcarona|tox
|
|-weather|SunnyDay|[upkeep]
|-heal|p1b: Milotic|69/100 tox|[from] item: Leftovers
|-heal|p2b: Toxapex|100/100|[from] item: Leftovers
|-damage|p1a: Volcarona|94/100 tox|[from] psn
|-damage|p1b: Milotic|40/100 tox|[from] psn
|-damage|p1b: Milotic|27/100 tox|[from] move: Infestation|[partiallytrapped]
|-sideend|p1: KingNoahC17|Reflect
|upkeep
|turn|9
|
|t:|1784140448
|move|p1a: Volcarona|Fiery Dance|p2a: Charizard
|-resisted|p2a: Charizard|1
|-damage|p2a: Charizard|75/100 slp
|-boost|p1a: Volcarona|spa|1
|move|p1b: Milotic|Recover|p1b: Milotic
|-heal|p1b: Milotic|77/100 tox
|cant|p2a: Charizard|slp
|move|p2b: Toxapex|Infestation|p1a: Volcarona
|-resisted|p1a: Volcarona|1
|-damage|p1a: Volcarona|93/100 tox
|-activate|p1a: Volcarona|move: Infestation|[of] p2b: Toxapex
|
|-weather|SunnyDay|[upkeep]
|-heal|p1b: Milotic|83/100 tox|[from] item: Leftovers
|-damage|p1a: Volcarona|81/100 tox|[from] psn
|-damage|p1b: Milotic|48/100 tox|[from] psn
|-damage|p1a: Volcarona|69/100 tox|[from] move: Infestation|[partiallytrapped]
|-damage|p1b: Milotic|35/100 tox|[from] move: Infestation|[partiallytrapped]
|-sideend|p1: KingNoahC17|move: Light Screen
|upkeep
|turn|10
|
|t:|1784140471
|move|p2b: Toxapex|Wide Guard|p2b: Toxapex
|-singleturn|p2b: Toxapex|Wide Guard
|move|p1a: Volcarona|Fiery Dance|p2a: Charizard
|-resisted|p2a: Charizard|1
|-damage|p2a: Charizard|42/100 slp
|move|p1b: Milotic|Recover|p1b: Milotic
|-heal|p1b: Milotic|85/100 tox
|-curestatus|p2a: Charizard|slp|[msg]
|move|p2a: Charizard|Heat Wave|p1a: Volcarona|[spread] p1a
|-miss|p2a: Charizard|p1b: Milotic
|-damage|p1a: Volcarona|19/100 tox
|-enditem|p1a: Volcarona|Sitrus Berry|[eat]
|-heal|p1a: Volcarona|43/100 tox|[from] item: Sitrus Berry
|
|-weather|SunnyDay|[upkeep]
|-heal|p1b: Milotic|91/100 tox|[from] item: Leftovers
|-damage|p1a: Volcarona|26/100 tox|[from] psn
|-damage|p1b: Milotic|50/100y tox|[from] psn
|-damage|p1a: Volcarona|14/100 tox|[from] move: Infestation|[partiallytrapped]
|-damage|p1b: Milotic|37/100 tox|[from] move: Infestation|[partiallytrapped]
|upkeep
|turn|11
|
|t:|1784140495
|move|p2a: Charizard|Protect|p2a: Charizard
|-singleturn|p2a: Charizard|Protect
|move|p2b: Toxapex|Baneful Bunker||[still]
|-fail|p2b: Toxapex
|move|p1a: Volcarona|Fiery Dance|p2a: Charizard
|-activate|p2a: Charizard|move: Protect
|move|p1b: Milotic|Recover|p1b: Milotic
|-heal|p1b: Milotic|87/100 tox
|
|-weather|SunnyDay|[upkeep]
|-heal|p1b: Milotic|93/100 tox|[from] item: Leftovers
|-damage|p1a: Volcarona|0 fnt|[from] psn
|faint|p1a: Volcarona
|-damage|p1b: Milotic|46/100 tox|[from] psn
|-end|p1b: Milotic|Infestation|[partiallytrapped]
|-sideend|p1: KingNoahC17|move: Tailwind
|upkeep
|
|t:|1784140498
|switch|p1a: Grimmsnarl|Grimmsnarl, L50, M|61/100
|turn|12
|
|t:|1784140514
|move|p1a: Grimmsnarl|Fake Out|p2a: Charizard
|-damage|p2a: Charizard|30/100
|cant|p2a: Charizard|flinch
|move|p1b: Milotic|Muddy Water|p2a: Charizard|[spread] p2a,p2b
|-supereffective|p2a: Charizard|1
|-resisted|p2b: Toxapex|1
|-damage|p2a: Charizard|9/100
|-damage|p2b: Toxapex|96/100
|move|p2b: Toxapex|Toxic|p1a: Grimmsnarl
|-status|p1a: Grimmsnarl|tox
|
|-weather|none
|-heal|p1b: Milotic|51/100 tox|[from] item: Leftovers
|-heal|p2b: Toxapex|100/100|[from] item: Leftovers
|-damage|p1b: Milotic|0 fnt|[from] psn
|faint|p1b: Milotic
|-damage|p1a: Grimmsnarl|55/100 tox|[from] psn
|upkeep
|turn|13
|-message|KingNoahC17 forfeited.
|
|win|Imreesithink
||Imreesithink is ready for game 2.
|inactive|KingNoahC17 has 30 seconds to confirm battle start!
||KingNoahC17 is ready for game 2.
|uhtml|next|Next: Game 2 of 3
|l| Than man3.14
|l|☆Imreesithink
|player|p2|
