|j|☆tessa scarlet
|j|‽Livnlarge27
|html|tessa scarletLivnlarge27    
|uhtml|bestof|Game 1 of a best-of-3
|t:|1757178969
|gametype|doubles
|player|p1|tessa scarlet|170|1576
|player|p2|Livnlarge27|red|1575
|gen|9
|tier|[Gen 9] VGC 2025 Reg H (Bo3)
|rated|
|rule|Species Clause: Limit one of each Pokémon
|rule|Item Clause: Limit 1 of each item
|clearpoke
|poke|p1|Gholdengo, L50|
|poke|p1|Annihilape, L50, M|
|poke|p1|Volcarona, L50, M|
|poke|p1|Dragonite, L50, M|
|poke|p1|Ninetales-Alola, L50, M|
|poke|p1|Ursaluna-Bloodmoon, L50, M|
|poke|p2|Blastoise, L50, M|
|poke|p2|Sneasler, L50, F|
|poke|p2|Indeedee-F, L50, F|
|poke|p2|Annihilape, L50, M|
|poke|p2|Dragonite, L50, M|
|poke|p2|Delphox, L50, M|
|teampreview|4
|showteam|p1|Gholdengo||LifeOrb|GoodasGold|NastyPlot,MakeItRain,ShadowBall,Protect||||||50|,,,,,Water]Annihilape||LumBerry|Defiant|DrainPunch,RageFist,BulkUp,Protect|||M|||50|,,,,,Fire]Volcarona||SitrusBerry|FlameBody|StruggleBug,Overheat,RagePowder,Tailwind|||M|||50|,,,,,Steel]Dragonite||LoadedDice|Multiscale|ScaleShot,Haze,Tailwind,Protect|||M|||50|,,,,,Steel]Ninetales-Alola||FocusSash|SnowWarning|Blizzard,IcyWind,IcicleSpear,AuroraVeil|||M|||50|,,,,,Ghost]Ursaluna-Bloodmoon||AssaultVest|MindsEye|BloodMoon,HyperVoice,EarthPower,VacuumWave|||M|||50|,,,,,Water
|showteam|p2|Blastoise||MysticWater|Torrent|Protect,WaterSpout,WaterPledge,ShellSmash|||M|||50|,,,,,Water]Sneasler||PsychicSeed|Unburden|FakeOut,CloseCombat,DireClaw,ThroatChop|||F|||50|,,,,,Dark]Indeedee-F||SafetyGoggles|PsychicSurge|FollowMe,HelpingHand,Imprison,TrickRoom|||F|||50|,,,,,Water]Annihilape||SitrusBerry|Defiant|CloseCombat,RageFist,Taunt,FinalGambit|||M|||50|,,,,,Fairy]Dragonite||LoadedDice|Multiscale|ScaleShot,Tailwind,Protect,Haze|||M|||50|,,,,,Steel]Delphox||LifeOrb|Blaze|ExpandingForce,HeatWave,Protect,GrassKnot|||M|||50|,,,,,Grass
|inactive|Battle timer is ON: inactive players will automatically lose when time's up. (requested by Livnlarge27)
|inactive|tessa scarlet has 60 seconds left.
|inactive|Livnlarge27 has 60 seconds left.
|
|t:|1757179028
|teamsize|p1|4
|teamsize|p2|4
|start
|switch|p1a: Dragonite|Dragonite, L50, M, shiny|100/100
|switch|p1b: Ninetales|Ninetales-Alola, L50, M|100/100
|switch|p2a: Annihilape|Annihilape, L50, M|100/100
|switch|p2b: Dragonite|Dragonite, L50, M|100/100
|-weather|Snowscape|[from] ability: Snow Warning|[of] p1b: Ninetales
|turn|1
|
|t:|1757179051
|switch|p1a: Gholdengo|Gholdengo, L50|100/100
|move|p1b: Ninetales|Aurora Veil|p1b: Ninetales
|-sidestart|p1: tessa scarlet|move: Aurora Veil
|move|p2a: Annihilape|Final Gambit|p1a: Gholdengo
|-immune|p1a: Gholdengo
|move|p2b: Dragonite|Tailwind|p2b: Dragonite
|-sidestart|p2: Livnlarge27|move: Tailwind
|
|-weather|Snowscape|[upkeep]
|upkeep
|turn|2
|
|t:|1757179066
|switch|p2b: Delphox|Delphox, L50, M|100/100
|move|p2a: Annihilape|Rage Fist|p1a: Gholdengo
|-supereffective|p1a: Gholdengo
|-damage|p1a: Gholdengo|75/100
|move|p1b: Ninetales|Blizzard|p2b: Delphox|[spread] p2a,p2b
|-resisted|p2b: Delphox
|-damage|p2a: Annihilape|70/100
|-damage|p2b: Delphox|81/100
|move|p1a: Gholdengo|Make It Rain|p2a: Annihilape|[spread] p2a,p2b
|-resisted|p2b: Delphox
|-damage|p2a: Annihilape|16/100
|-damage|p2b: Delphox|50/100
|-unboost|p1a: Gholdengo|spa|1
|-enditem|p2a: Annihilape|Sitrus Berry|[eat]
|-heal|p2a: Annihilape|41/100|[from] item: Sitrus Berry
|-damage|p1a: Gholdengo|65/100|[from] item: Life Orb
|
|-weather|Snowscape|[upkeep]
|upkeep
|turn|3
|inactive|tessa scarlet has 30 seconds left.
|
|t:|1757179095
|move|p1a: Gholdengo|Protect|p1a: Gholdengo
|-singleturn|p1a: Gholdengo|Protect
|move|p2b: Delphox|Heat Wave|p1b: Ninetales|[spread] p1b
|-activate|p1a: Gholdengo|move: Protect
|-supereffective|p1b: Ninetales
|-damage|p1b: Ninetales|27/100
|-damage|p2b: Delphox|40/100|[from] item: Life Orb
|move|p2a: Annihilape|Rage Fist|p1b: Ninetales
|-damage|p1b: Ninetales|0 fnt
|faint|p1b: Ninetales
|
|-weather|Snowscape|[upkeep]
|upkeep
|
|t:|1757179103
|switch|p1b: Dragonite|Dragonite, L50, M, shiny|100/100
|turn|4
|
|t:|1757179114
|move|p1a: Gholdengo|Protect||[still]
|-fail|p1a: Gholdengo
|move|p1b: Dragonite|Protect|p1b: Dragonite
|-singleturn|p1b: Dragonite|Protect
|move|p2b: Delphox|Heat Wave|p1b: Dragonite|[spread] p1a
|-activate|p1b: Dragonite|move: Protect
|-supereffective|p1a: Gholdengo
|-damage|p1a: Gholdengo|4/100
|-damage|p2b: Delphox|30/100|[from] item: Life Orb
|move|p2a: Annihilape|Rage Fist|p1a: Gholdengo
|-supereffective|p1a: Gholdengo
|-damage|p1a: Gholdengo|0 fnt
|faint|p1a: Gholdengo
|
|-weather|Snowscape|[upkeep]
|-sideend|p2: Livnlarge27|move: Tailwind
|upkeep
|
|t:|1757179116
|switch|p1a: Volcarona|Volcarona, L50, M, shiny|100/100
|turn|5
|
|t:|1757179132
|move|p2b: Delphox|Heat Wave|p1b: Dragonite|[spread] p1a,p1b
|-resisted|p1b: Dragonite
|-damage|p1a: Volcarona|57/100
|-damage|p1b: Dragonite|89/100
|-damage|p2b: Delphox|20/100|[from] item: Life Orb
|move|p1a: Volcarona|Overheat|p2a: Annihilape|[miss]
|-miss|p1a: Volcarona|p2a: Annihilape
|move|p2a: Annihilape|Rage Fist|p1a: Volcarona
|-damage|p1a: Volcarona|10/100
|-enditem|p1a: Volcarona|Sitrus Berry|[eat]
|-heal|p1a: Volcarona|35/100|[from] item: Sitrus Berry
|move|p1b: Dragonite|Scale Shot|p2b: Delphox|[miss]
|-miss|p1b: Dragonite|p2b: Delphox
|
|-weather|none
|-sideend|p1: tessa scarlet|move: Aurora Veil
|upkeep
|turn|6
|-message|tessa scarlet forfeited.
|
|win|Livnlarge27
||tessa scarlet is ready for game 2.
||Livnlarge27 is ready for game 2.
|uhtml|next|Next: Game 2 of 3
|l|‽Livnlarge27
|player|p2|
