|j|☆Kao Liang
|j|☆nanahachisan
|html|Kao Liangnanahachisan    
|uhtml|bestof|Game 2 of a best-of-3
|t:|1785503447
|gametype|doubles
|player|p1|Kao Liang|kieran-champion|
|player|p2|nanahachisan|266|
|gen|9
|tier|[Gen 9 Champions] VGC 2026 Reg M-B (Bo3)
|rule|Species Clause: Limit one of each Pokémon
|rule|Item Clause: Limit 1 of each item
|clearpoke
|poke|p1|Swampert, L50, M|
|poke|p1|Archaludon, L50, F, shiny|
|poke|p1|Politoed, L50, M, shiny|
|poke|p1|Vivillon-Marine, L50, M|
|poke|p1|Incineroar, L50, M|
|poke|p1|Gengar, L50, F|
|poke|p2|Whimsicott, L50, M, shiny|
|poke|p2|Glimmora, L50, F|
|poke|p2|Delphox, L50, F|
|poke|p2|Garchomp, L50, M|
|poke|p2|Kingambit, L50, F|
|poke|p2|Staraptor, L50, M|
|teampreview|4
|showteam|p1|Swampert||Swampertite|Torrent|Protect,WaveCrash,Earthquake,IcePunch|Adamant||M|||50|]Archaludon||Leftovers|Stamina|Protect,ElectroShot,FlashCannon,DragonPulse|Bold||F|||50|]Politoed||SitrusBerry|Drizzle|Protect,WeatherBall,Encore,PerishSong|Calm||M|||50|]Vivillon-Marine||FocusSash|CompoundEyes|Protect,SleepPowder,RagePowder,Hurricane|Timid||M|||50|]Incineroar||PasshoBerry|Intimidate|Protect,PartingShot,FakeOut,ThroatChop|Impish||M|||50|]Gengar||Gengarite|CursedBody|Protect,ShadowBall,SludgeBomb,PerishSong|Modest||F|||50|
|showteam|p2|Whimsicott||OccaBerry|Prankster|Moonblast,Charm,Tailwind,LightScreen|Timid||M|||50|]Glimmora||FocusSash|ToxicDebris|SludgeBomb,PowerGem,EarthPower,SpikyShield|Modest||F|||50|]Delphox||Delphoxite|Blaze|HeatWave,Psychic,Substitute,Protect|Timid||F|||50|]Garchomp||ChoiceScarf|RoughSkin|Earthquake,DragonClaw,RockSlide,StompingTantrum|Adamant||M|||50|]Kingambit||ChopleBerry|Defiant|IronHead,KowtowCleave,SuckerPunch,LowKick|Adamant||F|||50|]Staraptor||Staraptite|Intimidate|BraveBird,CloseCombat,Roost,Protect|Jolly||M|||50|
|inactive|Battle timer is ON: inactive players will automatically lose when time's up. (requested by Kao Liang)
|j| goodryan2630
|inactive|Kao Liang has 60 seconds left.
|
|t:|1785503487
|teamsize|p1|4
|teamsize|p2|4
|start
|switch|p1a: Swampert|Swampert, L50, M|100/100
|switch|p1b: Politoed|Politoed, L50, M, shiny|100/100
|switch|p2a: Staraptor|Staraptor, L50, M|100/100
|switch|p2b: Garchomp|Garchomp, L50, M|100/100
|-ability|p2a: Staraptor|Intimidate|boost
|-unboost|p1a: Swampert|atk|1
|-unboost|p1b: Politoed|atk|1
|-weather|RainDance|[from] ability: Drizzle|[of] p1b: Politoed
|turn|1
|inactive|Kao Liang has 30 seconds left.
|inactive|nanahachisan has 30 seconds left.
|j| Kuei0202
|
|t:|1785503518
|switch|p2b: Glimmora|Glimmora, L50, F|100/100
|detailschange|p2a: Staraptor|Staraptor-Mega, L50, M
|-mega|p2a: Staraptor|Staraptor|Staraptite
|detailschange|p1a: Swampert|Swampert-Mega, L50, M
|-mega|p1a: Swampert|Swampert|Swampertite
|move|p1a: Swampert|Wave Crash|p2a: Staraptor
|-damage|p2a: Staraptor|30/100
|-damage|p1a: Swampert|75/100|[from] Recoil
|move|p2a: Staraptor|Close Combat|p1a: Swampert
|-damage|p1a: Swampert|22/100
|-boost|p2a: Staraptor|def|1
|-boost|p2a: Staraptor|spd|1
|move|p1b: Politoed|Weather Ball|p2a: Staraptor
|-damage|p2a: Staraptor|0 fnt
|faint|p2a: Staraptor
|
|-weather|RainDance|[upkeep]
|upkeep
|
|t:|1785503531
|switch|p2a: Kingambit|Kingambit, L50, F|100/100
|turn|2
|
|t:|1785503544
|move|p1a: Swampert|Protect|p1a: Swampert
|-singleturn|p1a: Swampert|Protect
|move|p2a: Kingambit|Sucker Punch||[still]
|-fail|p2a: Kingambit
|move|p2b: Glimmora|Earth Power|p1b: Politoed
|-damage|p1b: Politoed|72/100
|-unboost|p1b: Politoed|spd|1
|move|p1b: Politoed|Weather Ball|p2b: Glimmora
|-supereffective|p2b: Glimmora|1
|-enditem|p2b: Glimmora|Focus Sash
|-damage|p2b: Glimmora|1/100
|
|-weather|RainDance|[upkeep]
|upkeep
|turn|3
|inactive|Kao Liang has 30 seconds left.
|
|t:|1785503579
|switch|p1a: Archaludon|Archaludon, L50, F, shiny|100/100
|switch|p1b: Vivillon|Vivillon-Marine, L50, M|100/100
|move|p2a: Kingambit|Sucker Punch||[still]
|-fail|p2a: Kingambit
|move|p2b: Glimmora|Earth Power|p1b: Vivillon
|-immune|p1b: Vivillon
|
|-weather|RainDance|[upkeep]
|upkeep
|turn|4
|
|t:|1785503601
|move|p2b: Glimmora|Spiky Shield|p2b: Glimmora
|-singleturn|p2b: Glimmora|move: Protect
|move|p1b: Vivillon|Sleep Powder|p2a: Kingambit
|-status|p2a: Kingambit|slp|[from] move: Sleep Powder
|move|p1a: Archaludon|Electro Shot||[still]
|-prepare|p1a: Archaludon|Electro Shot
|-boost|p1a: Archaludon|spa|1
|-anim|p1a: Archaludon|Electro Shot|p2a: Kingambit
|-damage|p2a: Kingambit|50/100g slp
|cant|p2a: Kingambit|slp
|
|-weather|RainDance|[upkeep]
|upkeep
|turn|5
|inactive|nanahachisan has 30 seconds left.
|inactive|nanahachisan has 20 seconds left.
|
|t:|1785503640
|switch|p2b: Garchomp|Garchomp, L50, M|100/100
|move|p1b: Vivillon|Hurricane|p2b: Garchomp
|-damage|p2b: Garchomp|52/100
|-start|p2b: Garchomp|confusion
|move|p1a: Archaludon|Electro Shot||[still]
|-prepare|p1a: Archaludon|Electro Shot
|-boost|p1a: Archaludon|spa|1
|-anim|p1a: Archaludon|Electro Shot|p2a: Kingambit
|-damage|p2a: Kingambit|0 fnt
|faint|p2a: Kingambit
|
|-weather|none
|upkeep
|
|t:|1785503646
|switch|p2a: Glimmora|Glimmora, L50, F|1/100
|turn|6
|
|t:|1785503656
|move|p1b: Vivillon|Protect|p1b: Vivillon
|-singleturn|p1b: Vivillon|Protect
|-activate|p2b: Garchomp|confusion
|move|p2b: Garchomp|Rock Slide|p1a: Archaludon|[spread] p1a
|-activate|p1b: Vivillon|move: Protect
|-resisted|p1a: Archaludon|1
|-damage|p1a: Archaludon|93/100
|-ability|p1a: Archaludon|Stamina|boost
|-boost|p1a: Archaludon|def|1
|move|p2a: Glimmora|Earth Power|p1a: Archaludon
|-supereffective|p1a: Archaludon|1
|-damage|p1a: Archaludon|24/100
|-ability|p1a: Archaludon|Stamina|boost
|-boost|p1a: Archaludon|def|1
|move|p1a: Archaludon|Dragon Pulse|p2b: Garchomp
|-supereffective|p2b: Garchomp|1
|-damage|p2b: Garchomp|0 fnt
|faint|p2b: Garchomp
|
|-heal|p1a: Archaludon|30/100|[from] item: Leftovers
|upkeep
|turn|7
|-message|nanahachisan forfeited.
|
|win|Kao Liang
|l|☆nanahachisan
|player|p2|
|l| Kuei0202
|j| Groovey Grookey 38
|l| Groovey Grookey 38
|l| goodryan2630
|l|☆Kao Liang
|player|p1|
|j|☆Kao Liang
|player|p1|Kao Liang|kieran-champion|
|l|☆Kao Liang
|player|p1|
|j|☆Kao Liang
|player|p1|Kao Liang|kieran-champion|
|n|☆Kao Liang|kaoliang
