|j|☆robinrambles
|j|☆bcam1
|html|robinramblesbcam1    
|uhtml|bestof|Game 2 of a best-of-3
|t:|1785271779
|gametype|doubles
|player|p1|robinrambles|dawn-gen4pt|1132
|player|p2|bcam1|1|1199
|gen|9
|tier|[Gen 9 Champions] VGC 2026 Reg M-B (Bo3)
|rated|
|rule|Species Clause: Limit one of each Pokémon
|rule|Item Clause: Limit 1 of each item
|clearpoke
|poke|p1|Staraptor, L50, F|
|poke|p1|Metagross, L50|
|poke|p1|Hydreigon, L50, F|
|poke|p1|Farigiraf, L50, M|
|poke|p1|Grimmsnarl, L50, M|
|poke|p1|Aerodactyl, L50, M|
|poke|p2|Garchomp, L50, F|
|poke|p2|Delphox, L50, F|
|poke|p2|Eelektross, L50, F|
|poke|p2|Whimsicott, L50, M|
|poke|p2|Ninetales, L50, F|
|poke|p2|Kingambit, L50, F|
|teampreview|4
|showteam|p1|Staraptor||Staraptite|Intimidate|Roost,Protect,CloseCombat,BraveBird|Jolly||F|||50|]Metagross||Metagrossite|ClearBody|MeteorMash,PsychicFangs,StompingTantrum,Protect|Jolly|||||50|]Hydreigon||ChoiceScarf|Levitate|DracoMeteor,Snarl,EarthPower,Flamethrower|Modest||F|||50|]Farigiraf||SitrusBerry|ArmorTail|Thunderbolt,TwinBeam,Protect,HelpingHand|Calm||M|||50|]Grimmsnarl||RoseliBerry|Prankster|SpiritBreak,Taunt,PartingShot,FakeOut|Adamant||M|||50|]Aerodactyl||WideLens|Unnerve|DualWingbeat,RockSlide,Protect,Tailwind|Jolly||M|||50|
|showteam|p2|Garchomp||ChoiceScarf|RoughSkin|Earthquake,RockSlide,DragonClaw,BrickBreak|Adamant||F|||50|]Delphox||Delphoxite|Blaze|Protect,HeatWave,NastyPlot,Psychic|Timid||F|||50|]Eelektross||Eelektrossite|Levitate|Protect,GigaDrain,Discharge,Flamethrower|Timid||F|||50|]Whimsicott||FocusSash|Prankster|Moonblast,Encore,Taunt,Charm|Bold||M|||50|]Ninetales||HeatRock|Drought|Protect,HeatWave,WillOWisp,SolarBeam|Calm||F|||50|]Kingambit||BlackGlasses|Defiant|Protect,KowtowCleave,SuckerPunch,IronHead|Adamant||F|||50|
|inactive|Battle timer is ON: inactive players will automatically lose when time's up. (requested by bcam1)
|inactive|bcam1 has 60 seconds left.
|
|t:|1785271817
|teamsize|p1|4
|teamsize|p2|4
|start
|switch|p1a: Hydreigon|Hydreigon, L50, F|100/100
|switch|p1b: Aerodactyl|Aerodactyl, L50, M|100/100
|switch|p2a: Garchomp|Garchomp, L50, F|100/100
|switch|p2b: Kingambit|Kingambit, L50, F|100/100
|-ability|p1b: Aerodactyl|Unnerve
|turn|1
|
|t:|1785271836
|switch|p1a: Farigiraf|Farigiraf, L50, M|100/100
|move|p2b: Kingambit|Sucker Punch||[still]
|cant|p1a: Farigiraf|ability: Armor Tail|Sucker Punch|[of] p2b: Kingambit
|move|p2a: Garchomp|Dragon Claw|p1a: Farigiraf
|-damage|p1a: Farigiraf|47/100
|-enditem|p1a: Farigiraf|Sitrus Berry|[eat]
|-heal|p1a: Farigiraf|71/100|[from] item: Sitrus Berry
|move|p1b: Aerodactyl|Tailwind|p1b: Aerodactyl
|-sidestart|p1: robinrambles|move: Tailwind
|
|upkeep
|turn|2
|
|t:|1785271860
|switch|p2a: Ninetales|Ninetales, L50, F|100/100
|-weather|SunnyDay|[from] ability: Drought|[of] p2a: Ninetales
|move|p1b: Aerodactyl|Rock Slide|p2a: Ninetales|[spread] p2a,p2b
|-supereffective|p2a: Ninetales|1
|-resisted|p2b: Kingambit|1
|-damage|p2a: Ninetales|35/100
|-damage|p2b: Kingambit|90/100
|move|p1a: Farigiraf|Thunderbolt|p2b: Kingambit
|-damage|p2b: Kingambit|68/100
|cant|p2b: Kingambit|flinch
|
|-weather|SunnyDay|[upkeep]
|upkeep
|turn|3
|
|t:|1785271881
|switch|p1a: Hydreigon|Hydreigon, L50, F|100/100
|move|p1b: Aerodactyl|Rock Slide|p2b: Kingambit|[spread] p2a,p2b
|-supereffective|p2a: Ninetales|1
|-resisted|p2b: Kingambit|1
|-damage|p2a: Ninetales|0 fnt
|-damage|p2b: Kingambit|58/100
|faint|p2a: Ninetales
|move|p2b: Kingambit|Kowtow Cleave|p1a: Hydreigon
|-resisted|p1a: Hydreigon|1
|-damage|p1a: Hydreigon|71/100
|
|-weather|SunnyDay|[upkeep]
|upkeep
|
|t:|1785271886
|switch|p2a: Garchomp|Garchomp, L50, F|100/100
|turn|4
|
|t:|1785271905
|move|p2b: Kingambit|Sucker Punch|p1b: Aerodactyl
|-crit|p1b: Aerodactyl
|-damage|p1b: Aerodactyl|0 fnt
|faint|p1b: Aerodactyl
|move|p1a: Hydreigon|Draco Meteor|p2a: Garchomp
|-supereffective|p2a: Garchomp|1
|-damage|p2a: Garchomp|0 fnt
|-unboost|p1a: Hydreigon|spa|2
|faint|p2a: Garchomp
|
|-weather|SunnyDay|[upkeep]
|-sideend|p1: robinrambles|move: Tailwind
|upkeep
|
|t:|1785271914
|switch|p1b: Staraptor|Staraptor, L50, F|100/100
|switch|p2a: Delphox|Delphox, L50, F|100/100
|-ability|p1b: Staraptor|Intimidate|boost
|-unboost|p2a: Delphox|atk|1
|-unboost|p2b: Kingambit|atk|1
|-ability|p2b: Kingambit|Defiant|boost
|-boost|p2b: Kingambit|atk|2
|turn|5
|
|t:|1785271933
|switch|p1a: Farigiraf|Farigiraf, L50, M|71/100
|detailschange|p2a: Delphox|Delphox-Mega, L50, F
|-mega|p2a: Delphox|Delphox|Delphoxite
|detailschange|p1b: Staraptor|Staraptor-Mega, L50, F
|-mega|p1b: Staraptor|Staraptor|Staraptite
|move|p1b: Staraptor|Protect|p1b: Staraptor
|-singleturn|p1b: Staraptor|Protect
|move|p2a: Delphox|Heat Wave|p1b: Staraptor|[spread] p1a
|-activate|p1b: Staraptor|move: Protect
|-damage|p1a: Farigiraf|22/100
|move|p2b: Kingambit|Kowtow Cleave|p1b: Staraptor
|-activate|p1b: Staraptor|move: Protect
|
|-weather|SunnyDay|[upkeep]
|upkeep
|turn|6
|
|t:|1785271956
|move|p1a: Farigiraf|Protect|p1a: Farigiraf
|-singleturn|p1a: Farigiraf|Protect
|move|p2b: Kingambit|Protect|p2b: Kingambit
|-singleturn|p2b: Kingambit|Protect
|move|p2a: Delphox|Heat Wave|p1b: Staraptor|[spread] p1b
|-activate|p1a: Farigiraf|move: Protect
|-damage|p1b: Staraptor|29/100
|move|p1b: Staraptor|Close Combat|p2b: Kingambit
|-activate|p2b: Kingambit|move: Protect
|
|-weather|SunnyDay|[upkeep]
|upkeep
|turn|7
|inactive|robinrambles has 30 seconds left.
|inactive|robinrambles has 20 seconds left.
|
|t:|1785271994
|switch|p1b: Hydreigon|Hydreigon, L50, F|71/100
|move|p2a: Delphox|Psychic|p1b: Hydreigon
|-immune|p1b: Hydreigon
|move|p1a: Farigiraf|Thunderbolt|p2b: Kingambit
|-damage|p2b: Kingambit|35/100
|move|p2b: Kingambit|Kowtow Cleave|p1a: Farigiraf
|-supereffective|p1a: Farigiraf|1
|-damage|p1a: Farigiraf|0 fnt
|faint|p1a: Farigiraf
|
|-weather|SunnyDay|[upkeep]
|upkeep
|
|t:|1785272007
|switch|p1a: Staraptor|Staraptor-Mega, L50, F|29/100
|turn|8
|
|t:|1785272026
|move|p2a: Delphox|Protect|p2a: Delphox
|-singleturn|p2a: Delphox|Protect
|move|p1a: Staraptor|Protect|p1a: Staraptor
|-singleturn|p1a: Staraptor|Protect
|move|p2b: Kingambit|Sucker Punch||[still]
|-fail|p2b: Kingambit
|move|p1b: Hydreigon|Snarl|p2b: Kingambit|[spread] 
|-activate|p2a: Delphox|move: Protect
|-miss|p1b: Hydreigon|p2b: Kingambit
|
|-weather|SunnyDay|[upkeep]
|upkeep
|turn|9
|
|t:|1785272041
|move|p2b: Kingambit|Sucker Punch|p1b: Hydreigon
|-resisted|p1b: Hydreigon|1
|-damage|p1b: Hydreigon|36/100
|move|p2a: Delphox|Psychic|p1a: Staraptor
|-supereffective|p1a: Staraptor|1
|-damage|p1a: Staraptor|0 fnt
|faint|p1a: Staraptor
|move|p1b: Hydreigon|Snarl|p2a: Delphox|[spread] p2a,p2b
|-supereffective|p2a: Delphox|1
|-resisted|p2b: Kingambit|1
|-damage|p2a: Delphox|56/100
|-damage|p2b: Kingambit|25/100
|-unboost|p2a: Delphox|spa|1
|-unboost|p2b: Kingambit|spa|1
|-ability|p2b: Kingambit|Defiant|boost
|-boost|p2b: Kingambit|atk|2
|
|-weather|none
|upkeep
|turn|10
|
|t:|1785272055
|move|p2b: Kingambit|Sucker Punch|p1b: Hydreigon
|-resisted|p1b: Hydreigon|1
|-damage|p1b: Hydreigon|0 fnt
|faint|p1b: Hydreigon
|
|win|bcam1
||bcam1 is ready for game 3.
||robinrambles is ready for game 3.
|uhtml|next|Next: Game 3 of 3
|l|☆bcam1
|player|p2|
