|j|☆Herdier1590
|j|☆p1ch1pichi
|html|Herdier1590p1ch1pichi    
|uhtml|bestof|Game 1 of a best-of-3
|t:|1784829155
|gametype|doubles
|player|p1|Herdier1590|ethan|1272
|player|p2|p1ch1pichi|n|1203
|gen|9
|tier|[Gen 9 Champions] VGC 2026 Reg M-B (Bo3)
|rated|
|rule|Species Clause: Limit one of each Pokémon
|rule|Item Clause: Limit 1 of each item
|clearpoke
|poke|p1|Swampert, L50, M|
|poke|p1|Venusaur, L50, M|
|poke|p1|Pelipper, L50, F|
|poke|p1|Basculegion, L50, M|
|poke|p1|Archaludon, L50, M|
|poke|p1|Grimmsnarl, L50, M|
|poke|p2|Blastoise, L50, M, shiny|
|poke|p2|Delphox, L50, M|
|poke|p2|Sneasler, L50, F|
|poke|p2|Incineroar, L50, M|
|poke|p2|Sinistcha, L50|
|poke|p2|Kingambit, L50, F|
|teampreview|4
|showteam|p1|Swampert||Swampertite|Torrent|WaveCrash,Earthquake,IcePunch,Protect|Adamant||M|||50|]Venusaur||Venusaurite|Chlorophyll|SludgeBomb,EarthPower,GigaDrain,Protect|Modest||M|||50|]Pelipper||SitrusBerry|Drizzle|WeatherBall,WideGuard,Hurricane,Tailwind|Modest||F|||50|]Basculegion||LifeOrb|SwiftSwim|WaveCrash,LastRespects,AquaJet,Protect|Adamant||M|||50|]Archaludon||Leftovers|Stamina|FlashCannon,DragonPulse,ElectroShot,Protect|Calm||M|||50|]Grimmsnarl||LightClay|Prankster|SpiritBreak,Reflect,LightScreen,PartingShot|Sassy||M|||50|
|showteam|p2|Blastoise||Blastoisinite|RainDish|Protect,WaterSpout,DarkPulse,ShellSmash|Modest||M|||50|]Delphox||Delphoxite|Blaze|Protect,HeatWave,Psyshock,NastyPlot|Modest||M|||50|]Sneasler||FocusSash|PoisonTouch|QuickGuard,FakeOut,PoisonJab,CloseCombat|Jolly||F|||50|]Incineroar||SitrusBerry|Intimidate|PartingShot,FakeOut,FlareBlitz,HelpingHand|Careful||M|||50|]Sinistcha||KasibBerry|Hospitality|Protect,MatchaGotcha,RagePowder,TrickRoom|Bold|||||50|]Kingambit||BlackGlasses|Defiant|Protect,KowtowCleave,SuckerPunch,SwordsDance|Adamant||F|||50|
|inactive|Battle timer is ON: inactive players will automatically lose when time's up. (requested by p1ch1pichi)
|
|t:|1784829185
|teamsize|p1|4
|teamsize|p2|4
|start
|switch|p1a: Big Yoshi|Venusaur, L50, M|100/100
|switch|p1b: FEED ME|Pelipper, L50, F|100/100
|switch|p2a: Sneasler|Sneasler, L50, F|100/100
|switch|p2b: Blastoise|Blastoise, L50, M, shiny|100/100
|-weather|RainDance|[from] ability: Drizzle|[of] p1b: FEED ME
|turn|1
|
|t:|1784829200
|detailschange|p2b: Blastoise|Blastoise-Mega, L50, M, shiny
|-mega|p2b: Blastoise|Blastoise|Blastoisinite
|detailschange|p1a: Big Yoshi|Venusaur-Mega, L50, M
|-mega|p1a: Big Yoshi|Venusaur|Venusaurite
|move|p2a: Sneasler|Fake Out|p1a: Big Yoshi
|-damage|p1a: Big Yoshi|88/100
|move|p2b: Blastoise|Shell Smash|p2b: Blastoise
|-unboost|p2b: Blastoise|def|1
|-unboost|p2b: Blastoise|spd|1
|-boost|p2b: Blastoise|atk|2
|-boost|p2b: Blastoise|spa|2
|-boost|p2b: Blastoise|spe|2
|cant|p1a: Big Yoshi|flinch
|move|p1b: FEED ME|Hurricane|p2b: Blastoise
|-damage|p2b: Blastoise|33/100
|
|-weather|RainDance|[upkeep]
|upkeep
|turn|2
|inactive|p1ch1pichi has 30 seconds left.
|inactive|p1ch1pichi has 20 seconds left.
|
|t:|1784829237
|move|p2b: Blastoise|Dark Pulse|p1a: Big Yoshi
|-damage|p1a: Big Yoshi|11/100
|move|p2a: Sneasler|Poison Jab|p1b: FEED ME
|-damage|p1b: FEED ME|54/100
|-status|p1b: FEED ME|psn|[from] ability: Poison Touch|[of] p2a: Sneasler
|move|p1a: Big Yoshi|Sludge Bomb|p2a: Sneasler
|-resisted|p2a: Sneasler|1
|-damage|p2a: Sneasler|68/100
|move|p1b: FEED ME|Hurricane|p2a: Sneasler
|-supereffective|p2a: Sneasler|1
|-damage|p2a: Sneasler|0 fnt
|faint|p2a: Sneasler
|
|-weather|RainDance|[upkeep]
|-damage|p1b: FEED ME|42/100 psn|[from] psn
|upkeep
|-enditem|p1b: FEED ME|Sitrus Berry|[eat]
|-heal|p1b: FEED ME|67/100 psn|[from] item: Sitrus Berry
|
|t:|1784829253
|switch|p2a: Sinistcha|Sinistcha, L50|100/100
|-heal|p2b: Blastoise|58/100|[from] ability: Hospitality|[of] p2a: Sinistcha
|turn|3
|
|t:|1784829267
|move|p2a: Sinistcha|Rage Powder|p2a: Sinistcha
|-singleturn|p2a: Sinistcha|move: Rage Powder
|move|p2b: Blastoise|Water Spout|p1a: Big Yoshi|[spread] p1a,p1b
|-resisted|p1a: Big Yoshi|1
|-resisted|p1b: FEED ME|1
|-damage|p1a: Big Yoshi|0 fnt
|-damage|p1b: FEED ME|0 fnt
|faint|p1a: Big Yoshi
|faint|p1b: FEED ME
|
|-weather|RainDance|[upkeep]
|upkeep
|
|t:|1784829272
|switch|p1a: Big Stapler|Archaludon, L50, M|100/100
|switch|p1b: Can't Breathe|Basculegion, L50, M|100/100
|turn|4
|
|t:|1784829283
|move|p1b: Can't Breathe|Protect|p1b: Can't Breathe
|-singleturn|p1b: Can't Breathe|Protect
|move|p2a: Sinistcha|Rage Powder|p2a: Sinistcha
|-singleturn|p2a: Sinistcha|move: Rage Powder
|move|p2b: Blastoise|Dark Pulse|p1b: Can't Breathe
|-activate|p1b: Can't Breathe|move: Protect
|move|p1a: Big Stapler|Electro Shot||[still]
|-prepare|p1a: Big Stapler|Electro Shot
|-boost|p1a: Big Stapler|spa|1
|-anim|p1a: Big Stapler|Electro Shot|p2a: Sinistcha
|-resisted|p2a: Sinistcha|1
|-damage|p2a: Sinistcha|74/100
|
|-weather|RainDance|[upkeep]
|upkeep
|turn|5
|
|t:|1784829296
|move|p2a: Sinistcha|Rage Powder|p2a: Sinistcha
|-singleturn|p2a: Sinistcha|move: Rage Powder
|move|p2b: Blastoise|Dark Pulse|p1b: Can't Breathe
|-supereffective|p1b: Can't Breathe|1
|-damage|p1b: Can't Breathe|0 fnt
|faint|p1b: Can't Breathe
|move|p1a: Big Stapler|Dragon Pulse|p2a: Sinistcha
|-damage|p2a: Sinistcha|27/100
|
|-weather|none
|upkeep
|turn|6
|
|t:|1784829309
|move|p2a: Sinistcha|Rage Powder|p2a: Sinistcha
|-singleturn|p2a: Sinistcha|move: Rage Powder
|move|p2b: Blastoise|Water Spout|p1a: Big Stapler
|-resisted|p1a: Big Stapler|1
|-damage|p1a: Big Stapler|53/100
|-ability|p1a: Big Stapler|Stamina|boost
|-boost|p1a: Big Stapler|def|1
|move|p1a: Big Stapler|Dragon Pulse|p2a: Sinistcha
|-damage|p2a: Sinistcha|0 fnt
|faint|p2a: Sinistcha
|
|-heal|p1a: Big Stapler|60/100|[from] item: Leftovers
|upkeep
|
|t:|1784829320
|switch|p2a: Kingambit|Kingambit, L50, F|100/100
|turn|7
|
|t:|1784829325
|move|p2b: Blastoise|Protect|p2b: Blastoise
|-singleturn|p2b: Blastoise|Protect
|move|p1a: Big Stapler|Protect|p1a: Big Stapler
|-singleturn|p1a: Big Stapler|Protect
|move|p2a: Kingambit|Swords Dance|p2a: Kingambit
|-boost|p2a: Kingambit|atk|2
|
|-heal|p1a: Big Stapler|66/100|[from] item: Leftovers
|upkeep
|turn|8
|
|t:|1784829337
|move|p2a: Kingambit|Sucker Punch|p1a: Big Stapler
|-damage|p1a: Big Stapler|25/100
|-ability|p1a: Big Stapler|Stamina|boost
|-boost|p1a: Big Stapler|def|1
|move|p2b: Blastoise|Dark Pulse|p1a: Big Stapler
|-damage|p1a: Big Stapler|0 fnt
|faint|p1a: Big Stapler
|
|win|p1ch1pichi
||Herdier1590 is ready for game 2.
||p1ch1pichi is ready for game 2.
|uhtml|next|Next: Game 2 of 3
