|j|☆Mix555
|j|☆Prepucio Santos
|html|Mix555Prepucio Santos    
|uhtml|bestof|Game 1 of a best-of-3
|t:|1784320424
|gametype|doubles
|player|p1|Mix555|2|1135
|player|p2|Prepucio Santos|striker|1177
|gen|9
|tier|[Gen 9 Champions] VGC 2026 Reg M-B (Bo3)
|rated|
|rule|Species Clause: Limit one of each Pokémon
|rule|Item Clause: Limit 1 of each item
|clearpoke
|poke|p1|Incineroar, L50, M|
|poke|p1|Pelipper, L50, F|
|poke|p1|Starmie, L50|
|poke|p1|Decidueye-Hisui, L50, M, shiny|
|poke|p1|Ninetales-Alola, L50, M, shiny|
|poke|p1|Metagross, L50|
|poke|p2|Swampert, L50, F|
|poke|p2|Floette-Eternal, L50, F|
|poke|p2|Pelipper, L50, F|
|poke|p2|Grimmsnarl, L50, M|
|poke|p2|Sinistcha, L50|
|poke|p2|Archaludon, L50, F|
|teampreview|4
|showteam|p1|Incineroar||SitrusBerry|Intimidate|ThroatChop,FakeOut,PartingShot,FlareBlitz|Impish||M|||50|]Pelipper||ChoiceScarf|Drizzle|WeatherBall,Hurricane,RainDance,MuddyWater|Timid||F|||50|]Starmie||Starminite|Illuminate|AquaJet,Liquidation,Protect,ZenHeadbutt|Adamant|||||50|]Decidueye-Hisui||ExpertBelt|Scrappy|Protect,SuckerPunch,LeafBlade,CloseCombat|Adamant||M|||50|]Ninetales-Alola||FocusSash|SnowWarning|Blizzard,Protect,FreezeDry,Encore|Quiet||M|||50|]Metagross||Metagrossite|ClearBody|PsychicFangs,IronHead,Protect,StompingTantrum|Adamant|||||50|
|showteam|p2|Swampert||Swampertite|Torrent|WaveCrash,Earthquake,IcePunch,Protect|Adamant||F|||50|]Floette-Eternal||Floettite|FlowerVeil|Moonblast,DazzlingGleam,CalmMind,Protect|Modest||F|||50|]Pelipper||FocusSash|Drizzle|Hurricane,WeatherBall,Tailwind,WideGuard|Modest||F|||50|]Grimmsnarl||LightClay|Prankster|Reflect,LightScreen,PartingShot,FoulPlay|Careful||M|||50|]Sinistcha||CobaBerry|Hospitality|MatchaGotcha,LifeDew,TrickRoom,RagePowder|Relaxed|||||50|]Archaludon||Leftovers|Stamina|ElectroShot,DragonPulse,FlashCannon,Protect|Modest||F|||50|
|inactive|Battle timer is ON: inactive players will automatically lose when time's up. (requested by Mix555)
|inactive|Prepucio Santos has 60 seconds left.
|
|t:|1784320534
|teamsize|p1|4
|teamsize|p2|4
|start
|switch|p1a: Metagross|Metagross, L50|100/100
|switch|p1b: +def|Incineroar, L50, M|100/100
|switch|p2a: Grimmsnarl|Grimmsnarl, L50, M|100/100
|switch|p2b: Archaludon|Archaludon, L50, F|100/100
|-ability|p1b: +def|Intimidate|boost
|-unboost|p2a: Grimmsnarl|atk|1
|-unboost|p2b: Archaludon|atk|1
|turn|1
|
|t:|1784320555
|detailschange|p1a: Metagross|Metagross-Mega, L50
|-mega|p1a: Metagross|Metagross|Metagrossite
|move|p2b: Archaludon|Protect|p2b: Archaludon
|-singleturn|p2b: Archaludon|Protect
|move|p2a: Grimmsnarl|Reflect|p2a: Grimmsnarl
|-sidestart|p2: Prepucio Santos|Reflect
|move|p1a: Metagross|Iron Head|p2a: Grimmsnarl
|-supereffective|p2a: Grimmsnarl|1
|-damage|p2a: Grimmsnarl|24/100
|move|p1b: +def|Parting Shot|p2b: Archaludon
|-activate|p2b: Archaludon|move: Protect
|
|upkeep
|turn|2
|
|t:|1784320575
|move|p2a: Grimmsnarl|Parting Shot|p1a: Metagross
|-unboost|p1a: Metagross|atk|1
|-unboost|p1a: Metagross|spa|1
|
|t:|1784320578
|switch|p2a: Pelipper|Pelipper, L50, F|100/100|[from] Parting Shot
|-weather|RainDance|[from] ability: Drizzle|[of] p2a: Pelipper
|move|p1a: Metagross|Iron Head|p2a: Pelipper
|-resisted|p2a: Pelipper|1
|-damage|p2a: Pelipper|81/100
|move|p2b: Archaludon|Electro Shot||[still]
|-prepare|p2b: Archaludon|Electro Shot
|-boost|p2b: Archaludon|spa|1
|-anim|p2b: Archaludon|Electro Shot|p1a: Metagross
|-damage|p1a: Metagross|40/100
|move|p1b: +def|Parting Shot|p2b: Archaludon
|-unboost|p2b: Archaludon|atk|1
|-unboost|p2b: Archaludon|spa|1
|
|t:|1784320587
|switch|p1b: Ninetales|Ninetales-Alola, L50, M, shiny|100/100|[from] Parting Shot
|-weather|Snowscape|[from] ability: Snow Warning|[of] p1b: Ninetales
|
|-weather|Snowscape|[upkeep]
|upkeep
|turn|3
|
|t:|1784320611
|switch|p1a: Decidueye|Decidueye-Hisui, L50, M, shiny|100/100
|switch|p2a: Grimmsnarl|Grimmsnarl, L50, M|24/100
|move|p1b: Ninetales|Encore|p2b: Archaludon
|-start|p2b: Archaludon|Encore
|move|p2b: Archaludon|Electro Shot||[still]
|-prepare|p2b: Archaludon|Electro Shot
|-boost|p2b: Archaludon|spa|1
|
|-weather|Snowscape|[upkeep]
|upkeep
|turn|4
|
|t:|1784320631
|move|p2a: Grimmsnarl|Parting Shot|p1a: Decidueye
|-unboost|p1a: Decidueye|atk|1
|-unboost|p1a: Decidueye|spa|1
|
|t:|1784320634
|switch|p2a: Pelipper|Pelipper, L50, F|81/100|[from] Parting Shot
|-weather|RainDance|[from] ability: Drizzle|[of] p2a: Pelipper
|move|p1b: Ninetales|Blizzard|p2b: Archaludon|[spread] p2a,p2b
|-damage|p2a: Pelipper|37/100
|-damage|p2b: Archaludon|74/100
|-status|p2b: Archaludon|frz
|-ability|p2b: Archaludon|Stamina|boost
|-boost|p2b: Archaludon|def|1
|cant|p2b: Archaludon|frz
|move|p1a: Decidueye|Close Combat|p2b: Archaludon
|-supereffective|p2b: Archaludon|1
|-damage|p2b: Archaludon|44/100 frz
|-unboost|p1a: Decidueye|def|1
|-unboost|p1a: Decidueye|spd|1
|-ability|p2b: Archaludon|Stamina|boost
|-boost|p2b: Archaludon|def|1
|
|-weather|RainDance|[upkeep]
|-heal|p2b: Archaludon|50/100g frz|[from] item: Leftovers
|upkeep
|turn|5
|
|t:|1784320655
|move|p1a: Decidueye|Protect|p1a: Decidueye
|-singleturn|p1a: Decidueye|Protect
|move|p1b: Ninetales|Freeze-Dry|p2a: Pelipper
|-supereffective|p2a: Pelipper|2
|-damage|p2a: Pelipper|0 fnt
|faint|p2a: Pelipper
|cant|p2b: Archaludon|frz
|
|-weather|RainDance|[upkeep]
|-heal|p2b: Archaludon|56/100 frz|[from] item: Leftovers
|-end|p2b: Archaludon|Encore
|upkeep
|
|t:|1784320662
|switch|p2a: Floette|Floette-Eternal, L50, F|100/100
|turn|6
|
|t:|1784320680
|switch|p1a: +def|Incineroar, L50, M|100/100
|-ability|p1a: +def|Intimidate|boost
|-unboost|p2a: Floette|atk|1
|-unboost|p2b: Archaludon|atk|1
|detailschange|p2a: Floette|Floette-Mega, L50, F
|-mega|p2a: Floette|Floette|Floettite
|-ability|p2a: Floette|Fairy Aura
|move|p2a: Floette|Dazzling Gleam|p1b: Ninetales|[spread] p1a,p1b
|-damage|p1a: +def|55/100
|-damage|p1b: Ninetales|44/100
|move|p1b: Ninetales|Blizzard|p2a: Floette|[spread] p2b
|-miss|p1b: Ninetales|p2a: Floette
|-damage|p2b: Archaludon|30/100 frz
|-ability|p2b: Archaludon|Stamina|boost
|-boost|p2b: Archaludon|def|1
|-curestatus|p2b: Archaludon|frz|[msg]
|move|p2b: Archaludon|Electro Shot||[still]
|-prepare|p2b: Archaludon|Electro Shot
|-boost|p2b: Archaludon|spa|1
|-anim|p2b: Archaludon|Electro Shot|p1b: Ninetales
|-damage|p1b: Ninetales|0 fnt
|faint|p1b: Ninetales
|
|-weather|RainDance|[upkeep]
|-heal|p2b: Archaludon|37/100|[from] item: Leftovers
|upkeep
|
|t:|1784320699
|switch|p1b: Decidueye|Decidueye-Hisui, L50, M, shiny|100/100
|turn|7
|
|t:|1784320709
|switch|p1a: Metagross|Metagross-Mega, L50|40/100
|move|p2a: Floette|Protect|p2a: Floette
|-singleturn|p2a: Floette|Protect
|move|p2b: Archaludon|Protect|p2b: Archaludon
|-singleturn|p2b: Archaludon|Protect
|move|p1b: Decidueye|Leaf Blade|p2a: Floette
|-activate|p2a: Floette|move: Protect
|
|-weather|RainDance|[upkeep]
|-heal|p2b: Archaludon|43/100|[from] item: Leftovers
|upkeep
|turn|8
|
|t:|1784320718
|switch|p1b: +def|Incineroar, L50, M|55/100
|-ability|p1b: +def|Intimidate|boost
|-unboost|p2a: Floette|atk|1
|-unboost|p2b: Archaludon|atk|1
|move|p1a: Metagross|Protect|p1a: Metagross
|-singleturn|p1a: Metagross|Protect
|move|p2a: Floette|Dazzling Gleam|p1b: +def|[spread] p1b
|-activate|p1a: Metagross|move: Protect
|-damage|p1b: +def|6/100
|-enditem|p1b: +def|Sitrus Berry|[eat]
|-heal|p1b: +def|31/100|[from] item: Sitrus Berry
|move|p2b: Archaludon|Electro Shot||[still]
|-prepare|p2b: Archaludon|Electro Shot
|-boost|p2b: Archaludon|spa|1
|-anim|p2b: Archaludon|Electro Shot|p1a: Metagross
|-activate|p1a: Metagross|move: Protect
|
|-weather|none
|-heal|p2b: Archaludon|49/100|[from] item: Leftovers
|-sideend|p2: Prepucio Santos|Reflect
|upkeep
|turn|9
|
|t:|1784320734
|switch|p2a: Grimmsnarl|Grimmsnarl, L50, M|24/100
|move|p1a: Metagross|Iron Head|p2a: Grimmsnarl
|-supereffective|p2a: Grimmsnarl|1
|-damage|p2a: Grimmsnarl|0 fnt
|faint|p2a: Grimmsnarl
|move|p2b: Archaludon|Dragon Pulse|p1a: Metagross
|-resisted|p1a: Metagross|1
|-damage|p1a: Metagross|0 fnt
|faint|p1a: Metagross
|move|p1b: +def|Parting Shot|p2b: Archaludon
|-unboost|p2b: Archaludon|atk|1
|-unboost|p2b: Archaludon|spa|1
|
|t:|1784320738
|switch|p1b: Decidueye|Decidueye-Hisui, L50, M, shiny|100/100|[from] Parting Shot
|
|-heal|p2b: Archaludon|55/100|[from] item: Leftovers
|upkeep
|
|t:|1784320748
|switch|p1a: +def|Incineroar, L50, M|31/100
|switch|p2a: Floette|Floette-Mega, L50, F|100/100
|-ability|p2a: Floette|Fairy Aura
|-ability|p1a: +def|Intimidate|boost
|-unboost|p2a: Floette|atk|1
|-unboost|p2b: Archaludon|atk|1
|turn|10
|
|t:|1784320763
|move|p2a: Floette|Protect|p2a: Floette
|-singleturn|p2a: Floette|Protect
|move|p2b: Archaludon|Protect|p2b: Archaludon
|-singleturn|p2b: Archaludon|Protect
|move|p1b: Decidueye|Leaf Blade|p2a: Floette
|-activate|p2a: Floette|move: Protect
|move|p1a: +def|Flare Blitz|p2a: Floette
|-activate|p2a: Floette|move: Protect
|
|-heal|p2b: Archaludon|61/100|[from] item: Leftovers
|upkeep
|turn|11
|
|t:|1784320776
|move|p2a: Floette|Dazzling Gleam|p1b: Decidueye|[spread] p1a,p1b
|-supereffective|p1b: Decidueye|1
|-damage|p1a: +def|0 fnt
|-damage|p1b: Decidueye|20/100r
|faint|p1a: +def
|move|p2b: Archaludon|Dragon Pulse|p1b: Decidueye
|-damage|p1b: Decidueye|0 fnt
|faint|p1b: Decidueye
|
|win|Prepucio Santos
||Prepucio Santos is ready for game 2.
||Mix555 is ready for game 2.
|uhtml|next|Next: Game 2 of 3
