|j|☆satandagiii2005
|j|☆B0mb3r6969
|html|satandagiii2005B0mb3r6969    
|uhtml|bestof|Game 1 of a best-of-3
|t:|1784083724
|gametype|doubles
|player|p1|satandagiii2005|byron|1222
|player|p2|B0mb3r6969|cynthia-gen4|1086
|gen|9
|tier|[Gen 9 Champions] VGC 2026 Reg M-B (Bo3)
|rated|
|rule|Species Clause: Limit one of each Pokémon
|rule|Item Clause: Limit 1 of each item
|clearpoke
|poke|p1|Grimmsnarl, L50, M|
|poke|p1|Venusaur, L50, F|
|poke|p1|Pelipper, L50, M|
|poke|p1|Aerodactyl, L50, F|
|poke|p1|Basculegion, L50, M|
|poke|p1|Archaludon, L50, F|
|poke|p2|Kingambit, L50, F|
|poke|p2|Heliolisk, L50, M|
|poke|p2|Delphox, L50, F|
|poke|p2|Swampert, L50, F|
|poke|p2|Staraptor, L50, F|
|poke|p2|Meowstic, L50, M|
|teampreview|4
|showteam|p1|Grimmsnarl||LightClay|Prankster|BrickBreak,Reflect,LightScreen,PartingShot|Sassy||M|||50|]Venusaur||Venusaurite|Chlorophyll|SludgeBomb,GigaDrain,EarthPower,Protect|Modest||F|||50|]Pelipper||SitrusBerry|Drizzle|Hurricane,WideGuard,Soak,RainDance|Calm||M|||50|]Aerodactyl||FocusSash|Unnerve|RockSlide,DualWingbeat,Tailwind,Protect|Jolly||F|||50|]Basculegion||ChoiceScarf|Adaptability|LastRespects,WaveCrash,FlipTurn,AquaJet|Jolly||M|||50|]Archaludon||Leftovers|Stamina|DragonPulse,ElectroShot,AuraSphere,Protect|Modest||F|||50|
|showteam|p2|Kingambit||ExpertBelt|Defiant|Protect,FoulPlay,IronHead,SuckerPunch|Brave||F|||50|]Heliolisk||ChoiceScarf|DrySkin|GrassKnot,Thunderbolt,VoltSwitch,Electrify|Timid||M|||50|]Delphox||Delphoxite|Blaze|Protect,ExpandingForce,NastyPlot,HeatWave|Timid||F|||50|]Swampert||Swampertite|Damp|HighHorsepower,IcePunch,Liquidation,PoisonJab|Adamant||F|||50|]Staraptor||Staraptite|Intimidate|CloseCombat,Roost,BraveBird,Protect|Adamant||F|||50|]Meowstic||ScopeLens|Prankster|Reflect,Charm,ExpandingForce,PsychicTerrain|Bold||M|||50|
|inactive|Battle timer is ON: inactive players will automatically lose when time's up. (requested by B0mb3r6969)
|inactive|satandagiii2005 has 60 seconds left.
|inactive|B0mb3r6969 has 60 seconds left.
|
|t:|1784083766
|teamsize|p1|4
|teamsize|p2|4
|start
|switch|p1a: Venusaur|Venusaur, L50, F|100/100
|switch|p1b: Aerodactyl|Aerodactyl, L50, F|100/100
|switch|p2a: Staraptor|Staraptor, L50, F|100/100
|switch|p2b: Heliolisk|Heliolisk, L50, M|100/100
|-ability|p1b: Aerodactyl|Unnerve
|-ability|p2a: Staraptor|Intimidate|boost
|-unboost|p1a: Venusaur|atk|1
|-unboost|p1b: Aerodactyl|atk|1
|turn|1
|
|t:|1784083789
|switch|p1a: Archaludon|Archaludon, L50, F|100/100
|detailschange|p2a: Staraptor|Staraptor-Mega, L50, F
|-mega|p2a: Staraptor|Staraptor|Staraptite
|move|p2b: Heliolisk|Thunderbolt|p1b: Aerodactyl
|-supereffective|p1b: Aerodactyl|1
|-enditem|p1b: Aerodactyl|Focus Sash
|-damage|p1b: Aerodactyl|1/100
|move|p1b: Aerodactyl|Tailwind|p1b: Aerodactyl
|-sidestart|p1: satandagiii2005|move: Tailwind
|move|p2a: Staraptor|Brave Bird|p1a: Archaludon
|-resisted|p1a: Archaludon|1
|-damage|p1a: Archaludon|78/100
|-ability|p1a: Archaludon|Stamina|boost
|-boost|p1a: Archaludon|def|1
|-damage|p2a: Staraptor|91/100|[from] Recoil
|
|-heal|p1a: Archaludon|84/100|[from] item: Leftovers
|upkeep
|turn|2
|inactive|B0mb3r6969 has 30 seconds left.
|inactive|satandagiii2005 has 30 seconds left.
|
|t:|1784083823
|move|p2a: Staraptor|Protect|p2a: Staraptor
|-singleturn|p2a: Staraptor|Protect
|move|p1b: Aerodactyl|Dual Wingbeat|p2a: Staraptor
|-activate|p2a: Staraptor|move: Protect
|move|p2b: Heliolisk|Thunderbolt|p1b: Aerodactyl
|-supereffective|p1b: Aerodactyl|1
|-damage|p1b: Aerodactyl|0 fnt
|faint|p1b: Aerodactyl
|move|p1a: Archaludon|Aura Sphere|p2b: Heliolisk
|-supereffective|p2b: Heliolisk|1
|-damage|p2b: Heliolisk|22/100
|
|-heal|p1a: Archaludon|90/100|[from] item: Leftovers
|upkeep
|
|t:|1784083836
|switch|p1b: Pelipper|Pelipper, L50, M|100/100
|-weather|RainDance|[from] ability: Drizzle|[of] p1b: Pelipper
|turn|3
|
|t:|1784083846
|switch|p2a: Meowstic|Meowstic, L50, M|100/100
|move|p2b: Heliolisk|Thunderbolt|p1b: Pelipper
|-supereffective|p1b: Pelipper|2
|-damage|p1b: Pelipper|0 fnt
|faint|p1b: Pelipper
|move|p1a: Archaludon|Electro Shot||[still]
|-prepare|p1a: Archaludon|Electro Shot
|-boost|p1a: Archaludon|spa|1
|-anim|p1a: Archaludon|Electro Shot|p2a: Meowstic
|-damage|p2a: Meowstic|29/100
|
|-weather|RainDance|[upkeep]
|-heal|p2b: Heliolisk|34/100|[from] ability: Dry Skin
|-heal|p1a: Archaludon|96/100|[from] item: Leftovers
|upkeep
|
|t:|1784083859
|switch|p1b: Venusaur|Venusaur, L50, F|100/100
|turn|4
|
|t:|1784083880
|detailschange|p1b: Venusaur|Venusaur-Mega, L50, F
|-mega|p1b: Venusaur|Venusaur|Venusaurite
|move|p2b: Heliolisk|Thunderbolt|p1b: Venusaur
|-resisted|p1b: Venusaur|1
|-damage|p1b: Venusaur|82/100
|move|p1a: Archaludon|Electro Shot||[still]
|-prepare|p1a: Archaludon|Electro Shot
|-boost|p1a: Archaludon|spa|1
|-anim|p1a: Archaludon|Electro Shot|p2a: Meowstic
|-damage|p2a: Meowstic|0 fnt
|faint|p2a: Meowstic
|move|p1b: Venusaur|Sludge Bomb|p2b: Heliolisk
|-damage|p2b: Heliolisk|0 fnt
|faint|p2b: Heliolisk
|
|-weather|RainDance|[upkeep]
|-heal|p1a: Archaludon|100/100|[from] item: Leftovers
|-sideend|p1: satandagiii2005|move: Tailwind
|upkeep
|
|t:|1784083899
|switch|p2b: Staraptor|Staraptor-Mega, L50, F|91/100
|switch|p2a: Delphox|Delphox, L50, F|100/100
|turn|5
|
|t:|1784083910
|move|p2a: Delphox|Expanding Force|p1b: Venusaur
|-supereffective|p1b: Venusaur|1
|-damage|p1b: Venusaur|14/100
|move|p2b: Staraptor|Close Combat|p1a: Archaludon
|-supereffective|p1a: Archaludon|1
|-crit|p1a: Archaludon
|-damage|p1a: Archaludon|0 fnt
|-boost|p2b: Staraptor|def|1
|-boost|p2b: Staraptor|spd|1
|faint|p1a: Archaludon
|move|p1b: Venusaur|Earth Power|p2a: Delphox
|-supereffective|p2a: Delphox|1
|-damage|p2a: Delphox|25/100
|
|-weather|RainDance|[upkeep]
|upkeep
|turn|6
|-message|satandagiii2005 forfeited.
|
|win|B0mb3r6969
||satandagiii2005 is ready for game 2.
||B0mb3r6969 is ready for game 2.
|uhtml|next|Next: Game 2 of 3
|l|☆B0mb3r6969
|player|p2|
