|j|☆Shaboogles
|j|☆mikewww
|html|Shabooglesmikewww    
|uhtml|bestof|Game 3 of a best-of-3
|t:|1783641622
|gametype|doubles
|player|p1|Shaboogles|rosa|
|player|p2|mikewww|swimmer-gen4dp|
|gen|9
|tier|[Gen 9 Champions] VGC 2026 Reg M-B (Bo3)
|rule|Species Clause: Limit one of each Pokémon
|rule|Item Clause: Limit 1 of each item
|clearpoke
|poke|p1|Chandelure, L50, F|
|poke|p1|Garganacl, L50, F|
|poke|p1|Greninja, L50, M|
|poke|p1|Rotom-Mow, L50|
|poke|p1|Krookodile, L50, F|
|poke|p1|Ariados, L50, M|
|poke|p2|Pidgeot, L50, F|
|poke|p2|Gardevoir, L50, F|
|poke|p2|Ariados, L50, M|
|poke|p2|Diggersby, L50, M|
|poke|p2|Starmie, L50|
|poke|p2|Klefki, L50, F|
|teampreview|4
|showteam|p1|Chandelure||Chandelurite|Infiltrator|HeatWave,ShadowBall,TrickRoom,Protect|Modest||F|||50|]Garganacl||Leftovers|PurifyingSalt|WideGuard,SaltCure,Recover,Protect|Sassy||F|||50|]Greninja||Greninjite|Torrent|IcyWind,Protect,HydroPump,DarkPulse|Timid||M|||50|]Rotom-Mow||ChoiceScarf|Levitate|Thunderbolt,LeafStorm,Electroweb,Trick|Timid|||||50|]Krookodile||PasshoBerry|Intimidate|Crunch,Taunt,Protect,HighHorsepower|Adamant||F|||50|]Ariados||ScopeLens|Sniper|CrossPoison,Protect,RagePowder,KnockOff|Impish||M|||50|
|showteam|p2|Pidgeot||Pidgeotite|BigPecks|Protect,HeatWave,Hurricane,Tailwind|Timid||F|||50|]Gardevoir||FairyFeather|Telepathy|Protect,DazzlingGleam,Moonblast,Psychic|Modest||F|||50|]Ariados||FocusSash|Insomnia|Protect,PoisonJab,StruggleBug,RagePowder|Adamant||M|||50|]Diggersby||LifeOrb|HugePower|Protect,Earthquake,HighHorsepower,IcePunch|Adamant||M|||50|]Starmie||Starminite|NaturalCure|Protect,Liquidation,PsychoCut,AquaJet|Jolly|||||50|]Klefki||LightClay|Prankster|FlashCannon,LightScreen,Reflect,RainDance|Bold||F|||50|
|inactive|Battle timer is ON: inactive players will automatically lose when time's up. (requested by mikewww)
|inactive|Shaboogles has 60 seconds left.
|
|t:|1783641654
|teamsize|p1|4
|teamsize|p2|4
|start
|switch|p1a: Rotom|Rotom-Mow, L50|100/100
|switch|p1b: Ariados|Ariados, L50, M|100/100
|switch|p2a: Ariados|Ariados, L50, M|100/100
|switch|p2b: Starmie|Starmie, L50|100/100
|turn|1
|inactive|Shaboogles has 30 seconds left.
|
|t:|1783641679
|move|p2b: Starmie|Protect|p2b: Starmie
|-singleturn|p2b: Starmie|Protect
|move|p1b: Ariados|Rage Powder|p1b: Ariados
|-singleturn|p1b: Ariados|move: Rage Powder
|move|p1a: Rotom|Thunderbolt|p2b: Starmie
|-activate|p2b: Starmie|move: Protect
|move|p2a: Ariados|Poison Jab|p1b: Ariados
|-resisted|p1b: Ariados|1
|-damage|p1b: Ariados|83/100
|
|upkeep
|turn|2
|
|t:|1783641692
|switch|p2b: Diggersby|Diggersby, L50, M|100/100
|move|p1b: Ariados|Rage Powder|p1b: Ariados
|-singleturn|p1b: Ariados|move: Rage Powder
|move|p1a: Rotom|Thunderbolt|p2b: Diggersby
|-immune|p2b: Diggersby
|move|p2a: Ariados|Struggle Bug|p1b: Ariados|[spread] p1a,p1b
|-supereffective|p1a: Rotom|1
|-resisted|p1b: Ariados|1
|-damage|p1a: Rotom|79/100
|-damage|p1b: Ariados|78/100
|-unboost|p1a: Rotom|spa|1
|-unboost|p1b: Ariados|spa|1
|
|upkeep
|turn|3
|
|t:|1783641714
|move|p2a: Ariados|Protect|p2a: Ariados
|-singleturn|p2a: Ariados|Protect
|move|p1b: Ariados|Rage Powder|p1b: Ariados
|-singleturn|p1b: Ariados|move: Rage Powder
|move|p1a: Rotom|Thunderbolt|p2a: Ariados
|-activate|p2a: Ariados|move: Protect
|move|p2b: Diggersby|Earthquake|p1a: Rotom|[spread] p1b
|-activate|p2a: Ariados|move: Protect
|-immune|p1a: Rotom|[from] ability: Levitate
|-damage|p1b: Ariados|20/100y
|-damage|p2b: Diggersby|90/100|[from] item: Life Orb
|
|upkeep
|turn|4
|
|t:|1783641733
|move|p1b: Ariados|Rage Powder|p1b: Ariados
|-singleturn|p1b: Ariados|move: Rage Powder
|move|p1a: Rotom|Thunderbolt|p2a: Ariados
|-damage|p2a: Ariados|56/100
|move|p2b: Diggersby|Ice Punch|p1b: Ariados
|-damage|p1b: Ariados|0 fnt
|faint|p1b: Ariados
|-damage|p2b: Diggersby|81/100|[from] item: Life Orb
|move|p2a: Ariados|Poison Jab|p1a: Rotom
|-supereffective|p1a: Rotom|1
|-damage|p1a: Rotom|0 fnt
|faint|p1a: Rotom
|
|upkeep
|
|t:|1783641738
|switch|p1a: Chandelure|Chandelure, L50, F|100/100
|switch|p1b: Greninja|Greninja, L50, M|100/100
|turn|5
|inactive|mikewww has 30 seconds left.
|
|t:|1783641773
|detailschange|p1a: Chandelure|Chandelure-Mega, L50, F
|-mega|p1a: Chandelure|Chandelure|Chandelurite
|move|p2a: Ariados|Rage Powder|p2a: Ariados
|-singleturn|p2a: Ariados|move: Rage Powder
|move|p1b: Greninja|Icy Wind|p2a: Ariados|[spread] p2a,p2b
|-supereffective|p2b: Diggersby|1
|-damage|p2a: Ariados|37/100
|-damage|p2b: Diggersby|51/100
|-unboost|p2a: Ariados|spe|1
|-unboost|p2b: Diggersby|spe|1
|move|p1a: Chandelure|Heat Wave|p2a: Ariados|[spread] p2a,p2b
|-supereffective|p2a: Ariados|1
|-damage|p2a: Ariados|0 fnt
|-damage|p2b: Diggersby|0 fnt
|faint|p2a: Ariados
|faint|p2b: Diggersby
|
|upkeep
|
|t:|1783641783
|switch|p2b: Gardevoir|Gardevoir, L50, F|100/100
|switch|p2a: Starmie|Starmie, L50|100/100
|turn|6
|
|t:|1783641805
|detailschange|p2a: Starmie|Starmie-Mega, L50
|-mega|p2a: Starmie|Starmie|Starminite
|move|p2a: Starmie|Protect|p2a: Starmie
|-singleturn|p2a: Starmie|Protect
|move|p1b: Greninja|Icy Wind|p2b: Gardevoir|[spread] p2b
|-activate|p2a: Starmie|move: Protect
|-damage|p2b: Gardevoir|87/100
|-unboost|p2b: Gardevoir|spe|1
|move|p1a: Chandelure|Shadow Ball|p2b: Gardevoir
|-supereffective|p2b: Gardevoir|1
|-damage|p2b: Gardevoir|0 fnt
|faint|p2b: Gardevoir
|
|upkeep
|turn|7
|
|t:|1783641822
|move|p1b: Greninja|Dark Pulse|p2a: Starmie
|-supereffective|p2a: Starmie|1
|-damage|p2a: Starmie|15/100
|move|p2a: Starmie|Liquidation|p1a: Chandelure
|-supereffective|p1a: Chandelure|1
|-damage|p1a: Chandelure|0 fnt
|faint|p1a: Chandelure
|
|upkeep
|turn|8
|
|t:|1783641833
|move|p2a: Starmie|Aqua Jet|p1b: Greninja
|-resisted|p1b: Greninja|1
|-damage|p1b: Greninja|69/100
|move|p1b: Greninja|Dark Pulse|p2a: Starmie
|-supereffective|p2a: Starmie|1
|-damage|p2a: Starmie|0 fnt
|faint|p2a: Starmie
|
|win|Shaboogles
|c|☆mikewww|ggs!
|c|☆Shaboogles|GGWP MIKE WWW GOAT
