|j|☆Joe870502
|j|☆blackstormgames
|html|Joe870502blackstormgames    
|uhtml|bestof|Game 2 of a best-of-3
|t:|1782518597
|gametype|doubles
|player|p1|Joe870502|1|1333
|player|p2|blackstormgames|lance|1310
|gen|9
|tier|[Gen 9 Champions] VGC 2026 Reg M-B (Bo3)
|rated|
|rule|Species Clause: Limit one of each Pokémon
|rule|Item Clause: Limit 1 of each item
|clearpoke
|poke|p1|Charizard, L50, M|
|poke|p1|Sylveon, L50, M|
|poke|p1|Garchomp, L50, M|
|poke|p1|Farigiraf, L50, M|
|poke|p1|Aerodactyl, L50, M|
|poke|p1|Kingambit, L50, M|
|poke|p2|Metagross, L50|
|poke|p2|Grimmsnarl, L50, M|
|poke|p2|Milotic, L50, F|
|poke|p2|Garchomp, L50, M|
|poke|p2|Incineroar, L50, F|
|poke|p2|Venusaur, L50, M|
|teampreview|4
|showteam|p1|Charizard||CharizarditeY|Blaze|HeatWave,WeatherBall,SolarBeam,Protect|Modest||M|||50|]Sylveon||FairyFeather|Pixilate|HyperVoice,HyperBeam,QuickAttack,Protect|Modest||M|||50|]Garchomp||LifeOrb|RoughSkin|Earthquake,RockSlide,DragonClaw,Protect|Jolly||M|||50|]Farigiraf||SitrusBerry|ArmorTail|TwinBeam,TrickRoom,HelpingHand,Roar|Bold||M|||50|]Aerodactyl||Aerodactylite|Unnerve|RockSlide,DualWingbeat,Tailwind,Protect|Jolly||M|||50|]Kingambit||ChopleBerry|Defiant|KowtowCleave,SuckerPunch,IronHead,LowKick|Adamant||M|||50|
|showteam|p2|Metagross||Metagrossite|ClearBody|IronHead,PsychicFangs,StompingTantrum,Protect|Jolly|||||50|]Grimmsnarl||LightClay|Prankster|FoulPlay,LightScreen,Reflect,PartingShot|Careful||M|||50|]Milotic||Leftovers|Competitive|MuddyWater,Coil,Hypnosis,Recover|Bold||F|||50|]Garchomp||LifeOrb|RoughSkin|StompingTantrum,DragonClaw,RockSlide,Protect|Jolly||M|||50|]Incineroar||SitrusBerry|Intimidate|FakeOut,FlareBlitz,PartingShot,ThroatChop|Careful||F|||50|]Venusaur||Venusaurite|Overgrow|SludgeBomb,GigaDrain,EarthPower,Protect|Modest||M|||50|
|
|t:|1782518616
|teamsize|p1|4
|teamsize|p2|4
|start
|switch|p1a: Charizard|Charizard, L50, M|100/100
|switch|p1b: Sylveon|Sylveon, L50, M|100/100
|switch|p2a: Grimmsnarl|Grimmsnarl, L50, M|100/100
|switch|p2b: Incineroar|Incineroar, L50, F|100/100
|-ability|p2b: Incineroar|Intimidate|boost
|-unboost|p1a: Charizard|atk|1
|-unboost|p1b: Sylveon|atk|1
|turn|1
|
|t:|1782518629
|detailschange|p1a: Charizard|Charizard-Mega-Y, L50, M
|-mega|p1a: Charizard|Charizard|Charizardite Y
|-weather|SunnyDay|[from] ability: Drought|[of] p1a: Charizard
|move|p2b: Incineroar|Fake Out|p1b: Sylveon
|-damage|p1b: Sylveon|88/100
|move|p2a: Grimmsnarl|Light Screen|p2a: Grimmsnarl
|-sidestart|p2: blackstormgames|move: Light Screen
|move|p1a: Charizard|Heat Wave|p2b: Incineroar|[spread] p2a,p2b
|-resisted|p2b: Incineroar|1
|-damage|p2a: Grimmsnarl|61/100
|-damage|p2b: Incineroar|84/100
|cant|p1b: Sylveon|flinch
|
|-weather|SunnyDay|[upkeep]
|upkeep
|turn|2
|
|t:|1782518651
|switch|p1a: Farigiraf|Farigiraf, L50, M|100/100
|move|p2a: Grimmsnarl|Parting Shot||[still]
|cant|p1a: Farigiraf|ability: Armor Tail|Parting Shot|[of] p2a: Grimmsnarl
|move|p1b: Sylveon|Hyper Voice|p2a: Grimmsnarl|[spread] p2a,p2b
|-supereffective|p2a: Grimmsnarl|1
|-damage|p2a: Grimmsnarl|9/100
|-damage|p2b: Incineroar|60/100
|move|p2b: Incineroar|Flare Blitz|p1b: Sylveon
|-damage|p1b: Sylveon|8/100
|-damage|p2b: Incineroar|36/100|[from] Recoil
|-enditem|p2b: Incineroar|Sitrus Berry|[eat]
|-heal|p2b: Incineroar|60/100|[from] item: Sitrus Berry
|
|-weather|SunnyDay|[upkeep]
|upkeep
|turn|3
|
|t:|1782518668
|switch|p2a: Metagross|Metagross, L50|100/100
|move|p1a: Farigiraf|Helping Hand|p1b: Sylveon
|-singleturn|p1b: Sylveon|Helping Hand|[of] p1a: Farigiraf
|move|p2b: Incineroar|Flare Blitz|p1b: Sylveon
|-damage|p1b: Sylveon|0 fnt
|faint|p1b: Sylveon
|-damage|p2b: Incineroar|58/100|[from] Recoil
|
|-weather|SunnyDay|[upkeep]
|upkeep
|
|t:|1782518672
|switch|p1b: Charizard|Charizard-Mega-Y, L50, M|100/100
|turn|4
|
|t:|1782518686
|detailschange|p2a: Metagross|Metagross-Mega, L50
|-mega|p2a: Metagross|Metagross|Metagrossite
|move|p2a: Metagross|Protect|p2a: Metagross
|-singleturn|p2a: Metagross|Protect
|move|p1b: Charizard|Protect|p1b: Charizard
|-singleturn|p1b: Charizard|Protect
|move|p2b: Incineroar|Throat Chop|p1b: Charizard
|-activate|p1b: Charizard|move: Protect
|move|p1a: Farigiraf|Twin Beam|p2a: Metagross
|-activate|p2a: Metagross|move: Protect
|
|-weather|SunnyDay|[upkeep]
|upkeep
|turn|5
|
|t:|1782518711
|switch|p2a: Grimmsnarl|Grimmsnarl, L50, M|9/100
|move|p1a: Farigiraf|Helping Hand|p1b: Charizard
|-singleturn|p1b: Charizard|Helping Hand|[of] p1a: Farigiraf
|move|p1b: Charizard|Heat Wave|p2b: Incineroar|[spread] p2a,p2b
|-crit|p2a: Grimmsnarl
|-resisted|p2b: Incineroar|1
|-damage|p2a: Grimmsnarl|0 fnt
|-damage|p2b: Incineroar|31/100
|faint|p2a: Grimmsnarl
|move|p2b: Incineroar|Throat Chop|p1b: Charizard
|-damage|p1b: Charizard|68/100
|-start|p1b: Charizard|Throat Chop|[silent]
|
|-weather|none
|upkeep
|
|t:|1782518723
|switch|p2a: Metagross|Metagross-Mega, L50|100/100
|turn|6
|
|t:|1782518730
|move|p1a: Farigiraf|Helping Hand|p1b: Charizard
|-singleturn|p1b: Charizard|Helping Hand|[of] p1a: Farigiraf
|move|p2a: Metagross|Psychic Fangs|p1b: Charizard
|-damage|p1b: Charizard|8/100
|move|p1b: Charizard|Heat Wave|p2b: Incineroar|[spread] p2a,p2b
|-supereffective|p2a: Metagross|1
|-resisted|p2b: Incineroar|1
|-damage|p2a: Metagross|15/100
|-damage|p2b: Incineroar|16/100
|-status|p2a: Metagross|brn
|move|p2b: Incineroar|Throat Chop|p1a: Farigiraf
|-supereffective|p1a: Farigiraf|1
|-damage|p1a: Farigiraf|48/100
|-start|p1a: Farigiraf|Throat Chop|[silent]
|-enditem|p1a: Farigiraf|Sitrus Berry|[eat]
|-heal|p1a: Farigiraf|73/100|[from] item: Sitrus Berry
|
|-damage|p2a: Metagross|8/100 brn|[from] brn
|-end|p1b: Charizard|Throat Chop|[silent]
|upkeep
|turn|7
|
|t:|1782518755
|switch|p1b: Garchomp|Garchomp, L50, M|100/100
|move|p2a: Metagross|Iron Head|p1a: Farigiraf
|-damage|p1a: Farigiraf|46/100
|move|p2b: Incineroar|Throat Chop|p1a: Farigiraf
|-supereffective|p1a: Farigiraf|1
|-crit|p1a: Farigiraf
|-damage|p1a: Farigiraf|0 fnt
|faint|p1a: Farigiraf
|
|-damage|p2a: Metagross|2/100 brn|[from] brn
|upkeep
|
|t:|1782518762
|switch|p1a: Charizard|Charizard-Mega-Y, L50, M|8/100
|-weather|SunnyDay|[from] ability: Drought|[of] p1a: Charizard
|turn|8
|
|t:|1782518776
|switch|p2b: Garchomp|Garchomp, L50, M|100/100
|move|p1a: Charizard|Protect|p1a: Charizard
|-singleturn|p1a: Charizard|Protect
|move|p2a: Metagross|Psychic Fangs|p1b: Garchomp
|-damage|p1b: Garchomp|70/100
|-damage|p2a: Metagross|0 fnt|[from] ability: Rough Skin|[of] p1b: Garchomp
|faint|p2a: Metagross
|move|p1b: Garchomp|Earthquake|p2b: Garchomp|[spread] p2b
|-activate|p1a: Charizard|move: Protect
|-damage|p2b: Garchomp|53/100
|-damage|p1b: Garchomp|61/100|[from] item: Life Orb
|
|-weather|SunnyDay|[upkeep]
|-sideend|p2: blackstormgames|move: Light Screen
|upkeep
|
|t:|1782518790
|switch|p2a: Incineroar|Incineroar, L50, F|16/100
|-ability|p2a: Incineroar|Intimidate|boost
|-unboost|p1a: Charizard|atk|1
|-unboost|p1b: Garchomp|atk|1
|turn|9
|
|t:|1782518798
|move|p2a: Incineroar|Fake Out|p1a: Charizard
|-damage|p1a: Charizard|0 fnt
|faint|p1a: Charizard
|move|p1b: Garchomp|Dragon Claw|p2b: Garchomp
|-supereffective|p2b: Garchomp|1
|-damage|p2b: Garchomp|0 fnt
|-damage|p1b: Garchomp|48/100|[from] ability: Rough Skin|[of] p2b: Garchomp
|faint|p2b: Garchomp
|-damage|p1b: Garchomp|38/100|[from] item: Life Orb
|
|-weather|SunnyDay|[upkeep]
|upkeep
|turn|10
|-message|blackstormgames forfeited.
|
|win|Joe870502
|raw|Joe870502's rating: 1333 → 1352(+19 for winning)
|raw|blackstormgames's rating: 1310 → 1291(-19 for losing)
|l|☆blackstormgames
|player|p2|
|l|☆Joe870502
|player|p1|
|j|☆blackstormgames
|player|p2|blackstormgames|lance|
