|j|☆freyartchan
|j|☆ahamedsan34
|html|freyartchanahamedsan34    
|uhtml|bestof|Game 1 of a best-of-3
|t:|1757700920
|gametype|doubles
|player|p1|freyartchan|kieran-champion|1109
|player|p2|ahamedsan34|dawn|1009
|gen|9
|tier|[Gen 9] VGC 2025 Reg H (Bo3)
|rated|
|rule|Species Clause: Limit one of each Pokémon
|rule|Item Clause: Limit 1 of each item
|clearpoke
|poke|p1|Annihilape, L50, M|
|poke|p1|Maushold-Four, L50|
|poke|p1|Klefki, L50, F|
|poke|p1|Ninetales-Alola, L50, F|
|poke|p1|Sinistcha, L50|
|poke|p1|Ursaluna-Bloodmoon, L50, M|
|poke|p2|Ursaluna, L50, F|
|poke|p2|Whimsicott, L50, M|
|poke|p2|Skeledirge, L50, F|
|poke|p2|Torkoal, L50, F|
|poke|p2|Incineroar, L50, M|
|poke|p2|Porygon2, L50|
|teampreview|4
|showteam|p1|Annihilape||Leftovers|Defiant|RageFist,DrainPunch,BulkUp,Protect|||M|||50|,,,,,Fire]Maushold-Four||SafetyGoggles|FriendGuard|FollowMe,BeatUp,Taunt,Protect||||||50|,,,,,Ghost]Klefki||LightClay|Prankster|DazzlingGleam,Reflect,LightScreen,MistyTerrain|||F|||50|,,,,,Ghost]Ninetales-Alola||FocusSash|SnowWarning|Blizzard,FreezeDry,Encore,Protect|||F|||50|,,,,,Ghost]Sinistcha||SitrusBerry|Hospitality|MatchaGotcha,LifeDew,RagePowder,TrickRoom||||||50|,,,,,Dark]Ursaluna-Bloodmoon||AssaultVest|MindsEye|BloodMoon,EarthPower,HyperVoice,VacuumWave|||M|||50|,,,,,Water
|showteam|p2|Ursaluna||FlameOrb|Guts|Protect,Earthquake,HeadlongRush,Facade|||F|||50|,,,,,Ghost]Whimsicott||FocusSash|Prankster|Tailwind,Moonblast,StunSpore,SunnyDay|||M|||50|,,,,,Grass]Skeledirge||LifeOrb|Unaware|HeatWave,TorchSong,Snarl,Protect|||F|||50|,,,,,Fire]Torkoal||EjectPack|Drought|Overheat,Eruption,Yawn,HelpingHand|||F|||50|,,,,,Fire]Incineroar||SitrusBerry|Intimidate|KnockOff,FlareBlitz,PartingShot,FakeOut|||M|||50|,,,,,Fire]Porygon2||Eviolite|Download|TrickRoom,IceBeam,Recover,Thunderbolt||||||50|,,,,,Fighting
|inactive|Battle timer is ON: inactive players will automatically lose when time's up. (requested by ahamedsan34)
|inactive|freyartchan has 60 seconds left.
|inactive|freyartchan has 30 seconds left.
|inactive|freyartchan has 20 seconds left.
|inactive|freyartchan has 15 seconds left.
|inactive|freyartchan has 10 seconds left.
|
|t:|1757701018
|teamsize|p1|4
|teamsize|p2|4
|start
|switch|p1a: Annihilape|Annihilape, L50, M|100/100
|switch|p1b: Maushold|Maushold-Four, L50|100/100
|switch|p2a: Skeledirge|Skeledirge, L50, F|100/100
|switch|p2b: Torkoal|Torkoal, L50, F|100/100
|-weather|SunnyDay|[from] ability: Drought|[of] p2b: Torkoal
|turn|1
|inactive|freyartchan has 30 seconds left.
|
|t:|1757701052
|-terastallize|p2a: Skeledirge|Fire
|move|p2b: Torkoal|Helping Hand|p2a: Skeledirge
|-singleturn|p2a: Skeledirge|Helping Hand|[of] p2b: Torkoal
|move|p1b: Maushold|Beat Up|p1a: Annihilape
|-damage|p1a: Annihilape|98/100
|-damage|p1a: Annihilape|96/100
|-damage|p1a: Annihilape|94/100
|-damage|p1a: Annihilape|92/100
|-hitcount|p1a: Annihilape|4
|move|p1a: Annihilape|Rage Fist|p2b: Torkoal
|-damage|p2b: Torkoal|44/100
|move|p2a: Skeledirge|Heat Wave|p1a: Annihilape|[spread] p1a,p1b
|-damage|p1a: Annihilape|0 fnt
|-damage|p1b: Maushold|0 fnt
|faint|p1a: Annihilape
|faint|p1b: Maushold
|-damage|p2a: Skeledirge|91/100|[from] item: Life Orb
|
|-weather|SunnyDay|[upkeep]
|upkeep
|inactive|freyartchan has 30 seconds left.
|
|t:|1757701078
|switch|p1b: Sinistcha|Sinistcha, L50|100/100
|switch|p1a: Ursaluna|Ursaluna-Bloodmoon, L50, M|100/100
|turn|2
|inactive|freyartchan has 30 seconds left.
|inactive|freyartchan has 20 seconds left.
|inactive|freyartchan has 15 seconds left.
|inactive|freyartchan has 10 seconds left.
|
|t:|1757701127
|-terastallize|p1a: Ursaluna|Water
|move|p2b: Torkoal|Helping Hand|p2a: Skeledirge
|-singleturn|p2a: Skeledirge|Helping Hand|[of] p2b: Torkoal
|move|p1b: Sinistcha|Life Dew||[still]|[still]|[spread] 
|-fail|p1a: Ursaluna|heal
|-fail|p1b: Sinistcha|heal
|move|p1a: Ursaluna|Earth Power|p2a: Skeledirge
|-supereffective|p2a: Skeledirge
|-damage|p2a: Skeledirge|0 fnt
|faint|p2a: Skeledirge
|
|-weather|SunnyDay|[upkeep]
|upkeep
|
|t:|1757701143
|switch|p2a: Ursaluna|Ursaluna, L50, F|100/100
|turn|3
|
|t:|1757701163
|move|p2a: Ursaluna|Protect|p2a: Ursaluna
|-singleturn|p2a: Ursaluna|Protect
|move|p1b: Sinistcha|Matcha Gotcha|p2b: Torkoal|[spread] p2b
|-activate|p2a: Ursaluna|move: Protect
|-resisted|p2b: Torkoal
|-damage|p2b: Torkoal|27/100
|move|p1a: Ursaluna|Earth Power|p2b: Torkoal
|-supereffective|p2b: Torkoal
|-damage|p2b: Torkoal|0 fnt
|faint|p2b: Torkoal
|
|-weather|SunnyDay|[upkeep]
|-status|p2a: Ursaluna|brn|[from] item: Flame Orb
|upkeep
|
|t:|1757701173
|switch|p2b: Incineroar|Incineroar, L50, M|100/100
|-ability|p2b: Incineroar|Intimidate|boost
|-unboost|p1a: Ursaluna|atk|1
|-unboost|p1b: Sinistcha|atk|1
|turn|4
|inactive|freyartchan has 30 seconds left.
|
|t:|1757701202
|move|p1b: Sinistcha|Rage Powder|p1b: Sinistcha
|-singleturn|p1b: Sinistcha|move: Rage Powder
|move|p2b: Incineroar|Flare Blitz|p1b: Sinistcha
|-supereffective|p1b: Sinistcha
|-damage|p1b: Sinistcha|0 fnt
|faint|p1b: Sinistcha
|-damage|p2b: Incineroar|71/100|[from] Recoil
|move|p1a: Ursaluna|Blood Moon|p2a: Ursaluna
|-damage|p2a: Ursaluna|32/100 brn
|move|p2a: Ursaluna|Facade|p1a: Ursaluna
|-damage|p1a: Ursaluna|15/100
|
|-weather|SunnyDay|[upkeep]
|-damage|p2a: Ursaluna|26/100 brn|[from] brn
|upkeep
|turn|5
|
|t:|1757701223
|move|p2b: Incineroar|Knock Off|p1a: Ursaluna
|-damage|p1a: Ursaluna|0 fnt
|-enditem|p1a: Ursaluna|Assault Vest|[from] move: Knock Off|[of] p2b: Incineroar
|faint|p1a: Ursaluna
|
|win|ahamedsan34
||ahamedsan34 is ready for game 2.
||freyartchan is ready for game 2.
|uhtml|next|Next: Game 2 of 3
|l|☆ahamedsan34
|player|p2|
