|j|☆ComicSans221
|j|☆DarkWizardMyk
|html|ComicSans221DarkWizardMyk    
|uhtml|bestof|Game 1 of a best-of-3
|t:|1783551056
|gametype|doubles
|player|p1|ComicSans221|n|
|player|p2|DarkWizardMyk|steven|
|gen|9
|tier|[Gen 9 Champions] VGC 2026 Reg M-B (Bo3)
|rule|Species Clause: Limit one of each Pokémon
|rule|Item Clause: Limit 1 of each item
|clearpoke
|poke|p1|Weavile, L50, F|
|poke|p1|Sinistcha, L50|
|poke|p1|Ampharos, L50, F|
|poke|p1|Slowbro-Galar, L50, F|
|poke|p1|Milotic, L50, M|
|poke|p1|Maushold-Four, L50|
|poke|p2|Archaludon, L50, F|
|poke|p2|Basculegion-F, L50, F|
|poke|p2|Dragonite, L50, M|
|poke|p2|Whimsicott, L50, F|
|poke|p2|Dedenne, L50, F|
|poke|p2|Pelipper, L50, M|
|teampreview|4
|showteam|p1|Weavile||NeverMeltIce|Pressure|FakeOut,IceShard,TripleAxel,KnockOff|Jolly||F|||50|]Sinistcha||Leftovers|Hospitality|MatchaGotcha,ShadowBall,Scald,Protect|Sassy|||||50|]Ampharos||Ampharosite|Static|DragonPulse,Thunder,Protect,VoltSwitch|Calm||F|||50|]Slowbro-Galar||FocusSash|OwnTempo|TrickRoom,Psychic,Protect,IceBeam|Quiet||F|||50|]Milotic||WacanBerry|Competitive|AlluringVoice,Scald,IceBeam,Protect|Sassy||M|||50|]Maushold-Four||WideLens|Technician|PopulationBomb,SuperFang,Encore,AfterYou|Jolly|||||50|
|showteam|p2|Archaludon||ChopleBerry|Stamina|FlashCannon,ElectroShot,DracoMeteor,Protect|Modest||F|||50|]Basculegion-F||MysticWater|Adaptability|RainDance,FlipTurn,AquaJet,LastRespects|Adamant||F|||50|]Dragonite||Dragoninite|Multiscale|RainDance,HeatWave,Thunder,Blizzard|Modest||M|||50|]Whimsicott||QuickClaw|Prankster|Moonblast,GigaDrain,Tailwind,Encore|Calm||F|||50|]Dedenne||SitrusBerry|CheekPouch|Nuzzle,DazzlingGleam,SuperFang,VoltSwitch|Timid||F|||50|]Pelipper||FocusSash|Drizzle|WeatherBall,RainDance,Tailwind,WideGuard|Timid||M|||50|
|
|t:|1783551083
|teamsize|p1|4
|teamsize|p2|4
|start
|switch|p1a: Twice|Maushold-Four, L50|100/100
|switch|p1b: Fatgum|Slowbro-Galar, L50, F|100/100
|switch|p2a: DA BRIDGE|Archaludon, L50, F|100/100
|switch|p2b: Captain Gullet|Pelipper, L50, M|100/100
|-weather|RainDance|[from] ability: Drizzle|[of] p2b: Captain Gullet
|turn|1
|j| Terrycat
|
|t:|1783551128
|move|p1a: Twice|Population Bomb|p2b: Captain Gullet
|-damage|p2b: Captain Gullet|86/100
|-damage|p2b: Captain Gullet|72/100
|-damage|p2b: Captain Gullet|59/100
|-damage|p2b: Captain Gullet|45/100
|-damage|p2b: Captain Gullet|31/100
|-damage|p2b: Captain Gullet|16/100
|-hitcount|p2b: Captain Gullet|6
|move|p2b: Captain Gullet|Tailwind|p2b: Captain Gullet
|-sidestart|p2: DarkWizardMyk|move: Tailwind
|move|p2a: DA BRIDGE|Electro Shot||[still]
|-prepare|p2a: DA BRIDGE|Electro Shot
|-boost|p2a: DA BRIDGE|spa|1
|-anim|p2a: DA BRIDGE|Electro Shot|p1a: Twice
|-damage|p1a: Twice|0 fnt
|faint|p1a: Twice
|move|p1b: Fatgum|Trick Room|p1b: Fatgum
|-fieldstart|move: Trick Room|[of] p1b: Fatgum
|
|-weather|RainDance|[upkeep]
|upkeep
|
|t:|1783551149
|switch|p1a: Laxus|Ampharos, L50, F|100/100
|turn|2
|j| meknomancer
|
|t:|1783551185
|detailschange|p1a: Laxus|Ampharos-Mega, L50, F
|-mega|p1a: Laxus|Ampharos|Ampharosite
|-ability|p1a: Laxus|Mold Breaker
|move|p1b: Fatgum|Protect|p1b: Fatgum
|-singleturn|p1b: Fatgum|Protect
|move|p1a: Laxus|Protect|p1a: Laxus
|-singleturn|p1a: Laxus|Protect
|move|p2a: DA BRIDGE|Draco Meteor|p1a: Laxus
|-activate|p1a: Laxus|move: Protect
|move|p2b: Captain Gullet|Weather Ball|p1b: Fatgum
|-activate|p1b: Fatgum|move: Protect
|
|-weather|RainDance|[upkeep]
|upkeep
|turn|3
|
|t:|1783551214
|switch|p2b: Basculegion|Basculegion-F, L50, F|100/100
|move|p1b: Fatgum|Psychic|p2a: DA BRIDGE
|-resisted|p2a: DA BRIDGE|1
|-damage|p2a: DA BRIDGE|73/100
|-ability|p2a: DA BRIDGE|Stamina|boost
|-boost|p2a: DA BRIDGE|def|1
|move|p1a: Laxus|Volt Switch|p2b: Basculegion
|-supereffective|p2b: Basculegion|1
|-damage|p2b: Basculegion|15/100
|
|t:|1783551225
|switch|p1a: Hancock|Milotic, L50, M|100/100|[from] Volt Switch
|move|p2a: DA BRIDGE|Draco Meteor|p1a: Hancock
|-damage|p1a: Hancock|40/100
|-unboost|p2a: DA BRIDGE|spa|2
|
|-weather|RainDance|[upkeep]
|upkeep
|turn|4
|
|t:|1783551244
|move|p2a: DA BRIDGE|Protect|p2a: DA BRIDGE
|-singleturn|p2a: DA BRIDGE|Protect
|move|p1b: Fatgum|Psychic|p2b: Basculegion
|-damage|p2b: Basculegion|0 fnt
|faint|p2b: Basculegion
|move|p1a: Hancock|Alluring Voice|p2a: DA BRIDGE
|-activate|p2a: DA BRIDGE|move: Protect
|
|-weather|RainDance|[upkeep]
|-sideend|p2: DarkWizardMyk|move: Tailwind
|upkeep
|
|t:|1783551253
|switch|p2b: Dragonite|Dragonite, L50, M|100/100
|turn|5
|j| raccan
|
|t:|1783551275
|detailschange|p2b: Dragonite|Dragonite-Mega, L50, M
|-mega|p2b: Dragonite|Dragonite|Dragoninite
|move|p1a: Hancock|Protect|p1a: Hancock
|-singleturn|p1a: Hancock|Protect
|move|p1b: Fatgum|Ice Beam|p2b: Dragonite
|-supereffective|p2b: Dragonite|2
|-damage|p2b: Dragonite|51/100
|move|p2a: DA BRIDGE|Electro Shot||[still]
|-prepare|p2a: DA BRIDGE|Electro Shot
|-boost|p2a: DA BRIDGE|spa|1
|-anim|p2a: DA BRIDGE|Electro Shot|p1b: Fatgum
|-damage|p1b: Fatgum|52/100
|move|p2b: Dragonite|Thunder|p1a: Hancock
|-activate|p1a: Hancock|move: Protect
|
|-weather|none
|-fieldend|move: Trick Room
|upkeep
|turn|6
|
|t:|1783551298
|switch|p1a: Laxus|Ampharos-Mega, L50, F|100/100
|-ability|p1a: Laxus|Mold Breaker
|move|p2a: DA BRIDGE|Protect|p2a: DA BRIDGE
|-singleturn|p2a: DA BRIDGE|Protect
|move|p2b: Dragonite|Blizzard|p1a: Laxus|[spread] p1b
|-miss|p2b: Dragonite|p1a: Laxus
|-damage|p1b: Fatgum|15/100
|move|p1b: Fatgum|Trick Room|p1b: Fatgum
|-fieldstart|move: Trick Room|[of] p1b: Fatgum
|
|upkeep
|turn|7
|
|t:|1783551316
|move|p1b: Fatgum|Ice Beam|p2b: Dragonite
|-supereffective|p2b: Dragonite|2
|-damage|p2b: Dragonite|0 fnt
|faint|p2b: Dragonite
|move|p1a: Laxus|Dragon Pulse|p2a: DA BRIDGE
|-crit|p2a: DA BRIDGE
|-damage|p2a: DA BRIDGE|0 fnt
|faint|p2a: DA BRIDGE
|
|upkeep
|
|t:|1783551333
|switch|p2a: Captain Gullet|Pelipper, L50, M|16/100
|-weather|RainDance|[from] ability: Drizzle|[of] p2a: Captain Gullet
|turn|8
|
|t:|1783551350
|move|p2a: Captain Gullet|Wide Guard|p2a: Captain Gullet
|-singleturn|p2a: Captain Gullet|Wide Guard
|move|p1b: Fatgum|Ice Beam|p2a: Captain Gullet
|-damage|p2a: Captain Gullet|0 fnt
|faint|p2a: Captain Gullet
|
|win|ComicSans221
||ComicSans221 is ready for game 2.
||DarkWizardMyk is ready for game 2.
|uhtml|next|Next: Game 2 of 3
|l|☆DarkWizardMyk
|player|p2|
|l| meknomancer
|l| Terrycat
|l|☆ComicSans221
|player|p1|
