|j|☆RebL123
|j|☆ZeGaboVGC
|html|RebL123ZeGaboVGC    
|uhtml|bestof|Game 2 of a best-of-3
|t:|1756213558
|gametype|doubles
|player|p1|RebL123|psychicf-gen4|1230
|player|p2|ZeGaboVGC|benga|1163
|gen|9
|tier|[Gen 9] VGC 2025 Reg H (Bo3)
|rated|
|rule|Species Clause: Limit one of each Pokémon
|rule|Item Clause: Limit 1 of each item
|clearpoke
|poke|p1|Rillaboom, L50, M|
|poke|p1|Sneasler, L50, F|
|poke|p1|Talonflame, L50, F|
|poke|p1|Electabuzz, L50, F|
|poke|p1|Kingambit, L50, F|
|poke|p1|Tyranitar, L50, M|
|poke|p2|Incineroar, L50, M|
|poke|p2|Amoonguss, L50, M|
|poke|p2|Ursaluna-Bloodmoon, L50, M|
|poke|p2|Sneasler, L50, M|
|poke|p2|Gholdengo, L50|
|poke|p2|Dragonite, L50, M|
|teampreview|4
|showteam|p1|Rillaboom||AssaultVest|GrassySurge|WoodHammer,GrassyGlide,FakeOut,Uturn|||M|||50|,,,,,Fire]Sneasler||WhiteHerb|Unburden|FakeOut,CloseCombat,DireClaw,Protect|||F|||50|,,,,,Stellar]Talonflame||SafetyGoggles|GaleWings|DualWingbeat,Tailwind,Taunt,WillOWisp|||F|||50|,,,,,Ghost]Electabuzz||Eviolite|VitalSpirit|Electroweb,Taunt,FollowMe,Protect|||F|||50|,,,,,Ghost]Kingambit||BlackGlasses|Defiant|SuckerPunch,KowtowCleave,SwordsDance,Protect|||F|||50|,,,,,Dark]Tyranitar||Leftovers|SandStream|RockSlide,Protect,TeraBlast,KnockOff|||M|||50|,,,,,Flying
|showteam|p2|Incineroar||SafetyGoggles|Intimidate|FlareBlitz,KnockOff,PartingShot,FakeOut|||M|||50|,,,,,Ghost]Amoonguss||SitrusBerry|Regenerator|Spore,RagePowder,PollenPuff,Protect|||M|||50|,,,,,Dark]Ursaluna-Bloodmoon||AssaultVest|MindsEye|HyperVoice,BloodMoon,EarthPower,VacuumWave|||M|||50|,,,,,Water]Sneasler||FocusSash|Unburden|CloseCombat,DireClaw,ThroatChop,Protect|||M|||50|,,,,,Stellar]Gholdengo||LifeOrb|GoodasGold|MakeItRain,ShadowBall,NastyPlot,Protect||||||50|,,,,,Water]Dragonite||LoadedDice|Multiscale|ScaleShot,Tailwind,Haze,Protect|||M|||50|,,,,,Fairy
|inactive|Battle timer is ON: inactive players will automatically lose when time's up. (requested by RebL123)
|inactive|ZeGaboVGC also wants the timer to be on.
|
|t:|1756213587
|teamsize|p1|4
|teamsize|p2|4
|start
|switch|p1a: Kingambit|Kingambit, L50, F|100/100
|switch|p1b: Electabuzz|Electabuzz, L50, F|100/100
|switch|p2a: Dragonite|Dragonite, L50, M|100/100
|switch|p2b: Sneasler|Sneasler, L50, M|100/100
|turn|1
|
|t:|1756213608
|move|p1b: Electabuzz|Follow Me|p1b: Electabuzz
|-singleturn|p1b: Electabuzz|move: Follow Me
|move|p2b: Sneasler|Close Combat|p1b: Electabuzz
|-damage|p1b: Electabuzz|56/100
|-unboost|p2b: Sneasler|def|1
|-unboost|p2b: Sneasler|spd|1
|move|p2a: Dragonite|Tailwind|p2a: Dragonite
|-sidestart|p2: ZeGaboVGC|move: Tailwind
|move|p1a: Kingambit|Kowtow Cleave|p2a: Dragonite
|-damage|p2a: Dragonite|67/100
|
|upkeep
|turn|2
|
|t:|1756213628
|move|p2b: Sneasler|Protect|p2b: Sneasler
|-singleturn|p2b: Sneasler|Protect
|move|p1a: Kingambit|Sucker Punch||[still]
|-fail|p1a: Kingambit
|move|p2a: Dragonite|Scale Shot|p1b: Electabuzz
|-damage|p1b: Electabuzz|45/100
|-damage|p1b: Electabuzz|34/100
|-damage|p1b: Electabuzz|23/100
|-damage|p1b: Electabuzz|11/100
|-damage|p1b: Electabuzz|0 fnt
|faint|p1b: Electabuzz
|-hitcount|p1: Electabuzz|5
|-unboost|p2a: Dragonite|def|1
|-boost|p2a: Dragonite|spe|1
|
|upkeep
|
|t:|1756213633
|switch|p1b: Talonflame|Talonflame, L50, F|100/100
|turn|3
|inactive|ZeGaboVGC has 30 seconds left.
|
|t:|1756213661
|move|p2b: Sneasler|Protect||[still]
|-fail|p2b: Sneasler
|move|p1b: Talonflame|Dual Wingbeat|p2a: Dragonite
|-damage|p2a: Dragonite|43/100
|-damage|p2a: Dragonite|16/100
|-hitcount|p2a: Dragonite|2
|move|p1a: Kingambit|Sucker Punch|p2a: Dragonite
|-damage|p2a: Dragonite|0 fnt
|faint|p2a: Dragonite
|
|upkeep
|
|t:|1756213664
|switch|p2a: Ursaluna|Ursaluna-Bloodmoon, L50, M|100/100
|turn|4
|
|t:|1756213680
|move|p1b: Talonflame|Dual Wingbeat|p2b: Sneasler
|-supereffective|p2b: Sneasler
|-damage|p2b: Sneasler|24/100
|-supereffective|p2b: Sneasler
|-damage|p2b: Sneasler|0 fnt
|faint|p2b: Sneasler
|-hitcount|p2: Sneasler|2
|move|p2a: Ursaluna|Vacuum Wave|p1a: Kingambit
|-supereffective|p1a: Kingambit
|-crit|p1a: Kingambit
|-damage|p1a: Kingambit|10/100
|move|p1a: Kingambit|Kowtow Cleave|p2a: Ursaluna
|-damage|p2a: Ursaluna|54/100
|
|-sideend|p2: ZeGaboVGC|move: Tailwind
|upkeep
|
|t:|1756213683
|switch|p2b: Incineroar|Incineroar, L50, M|100/100
|-ability|p2b: Incineroar|Intimidate|boost
|-unboost|p1a: Kingambit|atk|1
|-ability|p1a: Kingambit|Defiant|boost
|-boost|p1a: Kingambit|atk|2
|-unboost|p1b: Talonflame|atk|1
|turn|5
|
|t:|1756213699
|move|p1a: Kingambit|Protect|p1a: Kingambit
|-singleturn|p1a: Kingambit|Protect
|move|p2b: Incineroar|Fake Out|p1b: Talonflame
|-damage|p1b: Talonflame|81/100
|move|p2a: Ursaluna|Vacuum Wave|p1a: Kingambit
|-activate|p1a: Kingambit|move: Protect
|cant|p1b: Talonflame|flinch
|
|upkeep
|turn|6
|
|t:|1756213713
|move|p1b: Talonflame|Dual Wingbeat|p2a: Ursaluna
|-damage|p2a: Ursaluna|47/100
|-damage|p2a: Ursaluna|40/100
|-hitcount|p2a: Ursaluna|2
|move|p2b: Incineroar|Knock Off|p1b: Talonflame
|-damage|p1b: Talonflame|20/100
|-enditem|p1b: Talonflame|Safety Goggles|[from] move: Knock Off|[of] p2b: Incineroar
|move|p2a: Ursaluna|Hyper Voice|p1a: Kingambit|[spread] p1a,p1b
|-resisted|p1a: Kingambit
|-damage|p1a: Kingambit|0 fnt
|-damage|p1b: Talonflame|0 fnt
|faint|p1a: Kingambit
|faint|p1b: Talonflame
|
|upkeep
|
|t:|1756213717
|switch|p1b: Sneasler|Sneasler, L50, F|100/100
|turn|7
|
|t:|1756213730
|-terastallize|p1b: Sneasler|Stellar
|-terastallize|p2b: Incineroar|Ghost
|move|p2a: Ursaluna|Vacuum Wave|p1b: Sneasler
|-resisted|p1b: Sneasler
|-damage|p1b: Sneasler|91/100
|move|p1b: Sneasler|Close Combat|p2a: Ursaluna
|-supereffective|p2a: Ursaluna
|-damage|p2a: Ursaluna|0 fnt
|-unboost|p1b: Sneasler|def|1
|-unboost|p1b: Sneasler|spd|1
|faint|p2a: Ursaluna
|-enditem|p1b: Sneasler|White Herb
|-clearnegativeboost|p1b: Sneasler|[silent]
|move|p2b: Incineroar|Flare Blitz|p1b: Sneasler
|-damage|p1b: Sneasler|0 fnt
|faint|p1b: Sneasler
|-damage|p2b: Incineroar|77/100|[from] Recoil
|
|win|ZeGaboVGC
|raw|RebL123's rating: 1230 → 1200(-30 for losing)
|raw|ZeGaboVGC's rating: 1163 → 1193(+30 for winning)
