|j|☆Training4perish
|j|☆Aqueiron
|html|Training4perishAqueiron    
|uhtml|bestof|Game 2 of a best-of-3
|t:|1756311126
|gametype|doubles
|player|p1|Training4perish|scientist|1049
|player|p2|Aqueiron|red|1042
|gen|9
|tier|[Gen 9] VGC 2025 Reg H (Bo3)
|rated|
|rule|Species Clause: Limit one of each Pokémon
|rule|Item Clause: Limit 1 of each item
|clearpoke
|poke|p1|Gothitelle, L50, F|
|poke|p1|Gengar, L50, M|
|poke|p1|Murkrow, L50, F|
|poke|p1|Annihilape, L50, F|
|poke|p1|Incineroar, L50, M|
|poke|p1|Amoonguss, L50, M|
|poke|p2|Rillaboom, L50, F|
|poke|p2|Talonflame, L50, F|
|poke|p2|Primarina, L50, M|
|poke|p2|Tyranitar, L50, F|
|poke|p2|Sneasler, L50, F|
|poke|p2|Excadrill, L50, F|
|teampreview|4
|showteam|p1|Gothitelle||Leftovers|ShadowTag|FakeOut,Protect,Psychic,TrickRoom|||F|||50|,,,,,Water]Gengar||FocusSash|CursedBody|ShadowBall,SludgeBomb,PerishSong,Protect|||M|||50|,,,,,Normal]Murkrow||CovertCloak|Prankster|Tailwind,PerishSong,Protect,ThunderWave|||F|||50|,,,,,Steel]Annihilape||ChoiceScarf|Defiant|CloseCombat,DrainPunch,Uturn,RageFist|||F|||50|,,,,,Fire]Incineroar||SitrusBerry|Intimidate|FakeOut,Protect,KnockOff,PartingShot|||M|||50|,,,,,Grass]Amoonguss||EjectButton|Regenerator|Spore,Protect,PollenPuff,RagePowder|||M|||50|,,,,,Water
|showteam|p2|Rillaboom||MiracleSeed|GrassySurge|FakeOut,Protect,GrassyGlide,WoodHammer|||F|||50|,,,,,Grass]Talonflame||CovertCloak|GaleWings|Tailwind,WillOWisp,FlareBlitz,Acrobatics|||F|||50|,,,,,Fire]Primarina||ThroatSpray|LiquidVoice|IcyWind,HyperVoice,Moonblast,Protect|||M|||50|,,,,,Water]Tyranitar||AssaultVest|SandStream|RockSlide,KnockOff,TeraBlast,IcePunch|||F|||50|,,,,,Grass]Sneasler||FocusSash|PoisonTouch|FakeOut,CloseCombat,DireClaw,Protect|||F|||50|,,,,,Stellar]Excadrill||SafetyGoggles|SandForce|HighHorsepower,Protect,BrickBreak,SmartStrike|||F|||50|,,,,,Dragon
|inactive|Battle timer is ON: inactive players will automatically lose when time's up. (requested by Training4perish)
|inactive|Training4perish has 60 seconds left.
|
|t:|1756311177
|teamsize|p1|4
|teamsize|p2|4
|start
|switch|p1a: Annihilape|Annihilape, L50, F, shiny|100/100
|switch|p1b: Incineroar|Incineroar, L50, M, shiny|100/100
|switch|p2a: Talonflame|Talonflame, L50, F|100/100
|switch|p2b: Tyranitar|Tyranitar, L50, F|100/100
|-weather|Sandstorm|[from] ability: Sand Stream|[of] p2b: Tyranitar
|-ability|p1b: Incineroar|Intimidate|boost
|-unboost|p2a: Talonflame|atk|1
|-unboost|p2b: Tyranitar|atk|1
|turn|1
|inactive|Aqueiron has 30 seconds left.
|
|t:|1756311206
|switch|p2b: Excadrill|Excadrill, L50, F|100/100
|-terastallize|p1a: Annihilape|Fire
|move|p1b: Incineroar|Fake Out|p2a: Talonflame
|-damage|p2a: Talonflame|84/100
|move|p1a: Annihilape|Close Combat|p2b: Excadrill
|-supereffective|p2b: Excadrill
|-damage|p2b: Excadrill|0 fnt
|-unboost|p1a: Annihilape|def|1
|-unboost|p1a: Annihilape|spd|1
|faint|p2b: Excadrill
|move|p2a: Talonflame|Tailwind|p2a: Talonflame
|-sidestart|p2: Aqueiron|move: Tailwind
|
|-weather|Sandstorm|[upkeep]
|-damage|p2a: Talonflame|78/100|[from] Sandstorm
|-damage|p1a: Annihilape|94/100|[from] Sandstorm
|-damage|p1b: Incineroar|95/100|[from] Sandstorm
|upkeep
|
|t:|1756311221
|switch|p2b: Rillaboom|Rillaboom, L50, F|100/100
|-fieldstart|move: Grassy Terrain|[from] ability: Grassy Surge|[of] p2b: Rillaboom
|turn|2
|
|t:|1756311238
|switch|p1a: Gengar|Gengar, L50, M, shiny|100/100
|move|p2b: Rillaboom|Fake Out|p1a: Gengar
|-immune|p1a: Gengar
|move|p2a: Talonflame|Acrobatics|p1a: Gengar
|-damage|p1a: Gengar|70/100
|move|p1b: Incineroar|Parting Shot|p2b: Rillaboom
|-unboost|p2b: Rillaboom|atk|1
|-unboost|p2b: Rillaboom|spa|1
|
|t:|1756311244
|switch|p1b: Annihilape|Annihilape, L50, F, shiny, tera:Fire|94/100|[from] Parting Shot
|
|-weather|Sandstorm|[upkeep]
|-damage|p2a: Talonflame|73/100|[from] Sandstorm
|-damage|p2b: Rillaboom|95/100|[from] Sandstorm
|-damage|p1b: Annihilape|88/100|[from] Sandstorm
|-damage|p1a: Gengar|64/100|[from] Sandstorm
|-heal|p2b: Rillaboom|100/100|[from] Grassy Terrain
|-heal|p1b: Annihilape|94/100|[from] Grassy Terrain
|-heal|p1a: Gengar|70/100|[from] Grassy Terrain
|upkeep
|turn|3
|inactive|Aqueiron has 30 seconds left.
|inactive|Training4perish has 30 seconds left.
|inactive|Aqueiron has 20 seconds left.
|inactive|Aqueiron has 15 seconds left.
|
|t:|1756311287
|move|p1a: Gengar|Protect|p1a: Gengar
|-singleturn|p1a: Gengar|Protect
|move|p2a: Talonflame|Flare Blitz|p1a: Gengar
|-activate|p1a: Gengar|move: Protect
|move|p2b: Rillaboom|Wood Hammer|p1b: Annihilape
|-resisted|p1b: Annihilape
|-damage|p1b: Annihilape|62/100
|-damage|p2b: Rillaboom|90/100|[from] Recoil
|move|p1b: Annihilape|U-turn|p2b: Rillaboom
|-supereffective|p2b: Rillaboom
|-damage|p2b: Rillaboom|49/100
|
|t:|1756311297
|switch|p1b: Incineroar|Incineroar, L50, M, shiny|95/100|[from] U-turn
|-ability|p1b: Incineroar|Intimidate|boost
|-unboost|p2a: Talonflame|atk|1
|-unboost|p2b: Rillaboom|atk|1
|
|-weather|Sandstorm|[upkeep]
|-damage|p2a: Talonflame|67/100|[from] Sandstorm
|-damage|p2b: Rillaboom|43/100|[from] Sandstorm
|-damage|p1a: Gengar|64/100|[from] Sandstorm
|-damage|p1b: Incineroar|89/100|[from] Sandstorm
|-heal|p2b: Rillaboom|49/100|[from] Grassy Terrain
|-heal|p1a: Gengar|70/100|[from] Grassy Terrain
|-heal|p1b: Incineroar|95/100|[from] Grassy Terrain
|upkeep
|turn|4
|inactive|Aqueiron has 30 seconds left.
|inactive|Training4perish has 30 seconds left.
|
|t:|1756311342
|switch|p1a: Amoonguss|Amoonguss, L50, M, shiny|100/100
|move|p2a: Talonflame|Flare Blitz|p1a: Amoonguss
|-supereffective|p1a: Amoonguss
|-damage|p1a: Amoonguss|62/100
|-damage|p2a: Talonflame|49/100|[from] Recoil
|-enditem|p1a: Amoonguss|Eject Button
|
|t:|1756311348
|switch|p1a: Annihilape|Annihilape, L50, F, shiny, tera:Fire|62/100
|move|p2b: Rillaboom|Wood Hammer|p1b: Incineroar
|-resisted|p1b: Incineroar
|-damage|p1b: Incineroar|75/100
|-damage|p2b: Rillaboom|43/100|[from] Recoil
|move|p1b: Incineroar|Knock Off|p2a: Talonflame
|-damage|p2a: Talonflame|0 fnt
|-enditem|p2a: Talonflame|Covert Cloak|[from] move: Knock Off|[of] p1b: Incineroar
|faint|p2a: Talonflame
|
|-weather|Sandstorm|[upkeep]
|-damage|p2b: Rillaboom|37/100|[from] Sandstorm
|-damage|p1a: Annihilape|56/100|[from] Sandstorm
|-damage|p1b: Incineroar|69/100|[from] Sandstorm
|-heal|p2b: Rillaboom|43/100|[from] Grassy Terrain
|-heal|p1a: Annihilape|62/100|[from] Grassy Terrain
|-heal|p1b: Incineroar|75/100|[from] Grassy Terrain
|-sideend|p2: Aqueiron|move: Tailwind
|upkeep
|
|t:|1756311364
|switch|p2a: Tyranitar|Tyranitar, L50, F|100/100
|turn|5
|
|t:|1756311373
|move|p2b: Rillaboom|Protect|p2b: Rillaboom
|-singleturn|p2b: Rillaboom|Protect
|move|p1a: Annihilape|U-turn|p2a: Tyranitar
|-supereffective|p2a: Tyranitar
|-damage|p2a: Tyranitar|65/100
|
|t:|1756311381
|switch|p1a: Amoonguss|Amoonguss, L50, M, shiny|95/100|[from] U-turn
|move|p2a: Tyranitar|Rock Slide|p1b: Incineroar|[spread] p1a,p1b
|-crit|p1a: Amoonguss
|-supereffective|p1b: Incineroar
|-damage|p1a: Amoonguss|57/100
|-damage|p1b: Incineroar|18/100
|-enditem|p1b: Incineroar|Sitrus Berry|[eat]
|-heal|p1b: Incineroar|43/100|[from] item: Sitrus Berry
|cant|p1b: Incineroar|flinch
|
|-weather|none
|-heal|p2b: Rillaboom|48/100|[from] Grassy Terrain
|-heal|p2a: Tyranitar|71/100|[from] Grassy Terrain
|-heal|p1b: Incineroar|49/100|[from] Grassy Terrain
|-heal|p1a: Amoonguss|63/100|[from] Grassy Terrain
|upkeep
|turn|6
|inactive|Training4perish has 30 seconds left.
|
|t:|1756311410
|move|p1b: Incineroar|Protect|p1b: Incineroar
|-singleturn|p1b: Incineroar|Protect
|move|p2b: Rillaboom|Grassy Glide|p1b: Incineroar
|-activate|p1b: Incineroar|move: Protect
|move|p2a: Tyranitar|Rock Slide|p1a: Amoonguss|[spread] p1a
|-activate|p1b: Incineroar|move: Protect
|-damage|p1a: Amoonguss|37/100
|cant|p1a: Amoonguss|flinch
|
|-heal|p2b: Rillaboom|54/100|[from] Grassy Terrain
|-heal|p2a: Tyranitar|76/100|[from] Grassy Terrain
|-heal|p1b: Incineroar|54/100|[from] Grassy Terrain
|-heal|p1a: Amoonguss|43/100|[from] Grassy Terrain
|-fieldend|move: Grassy Terrain
|upkeep
|turn|7
|inactive|Aqueiron has 30 seconds left.
|inactive|Aqueiron has 20 seconds left.
|inactive|Training4perish has 30 seconds left.
|inactive|Aqueiron has 15 seconds left.
|
|t:|1756311456
|switch|p1a: Gengar|Gengar, L50, M, shiny|70/100
|-terastallize|p2a: Tyranitar|Grass
|move|p2b: Rillaboom|Wood Hammer|p1b: Incineroar
|-resisted|p1b: Incineroar
|-damage|p1b: Incineroar|39/100
|-damage|p2b: Rillaboom|49/100|[from] Recoil
|move|p2a: Tyranitar|Rock Slide|p1b: Incineroar|[spread] p1a,p1b
|-supereffective|p1b: Incineroar
|-damage|p1a: Gengar|7/100
|-damage|p1b: Incineroar|0 fnt
|faint|p1b: Incineroar
|
|upkeep
|
|t:|1756311469
|switch|p1b: Amoonguss|Amoonguss, L50, M, shiny|76/100
|turn|8
|
|t:|1756311487
|move|p1a: Gengar|Sludge Bomb|p2a: Tyranitar
|-supereffective|p2a: Tyranitar
|-damage|p2a: Tyranitar|21/100
|move|p2b: Rillaboom|Grassy Glide|p1a: Gengar
|-resisted|p1a: Gengar
|-damage|p1a: Gengar|0 fnt
|-start|p2b: Rillaboom|Disable|Grassy Glide|[from] ability: Cursed Body|[of] p1a: Gengar
|faint|p1a: Gengar
|move|p2a: Tyranitar|Ice Punch|p1b: Amoonguss
|-supereffective|p1b: Amoonguss
|-damage|p1b: Amoonguss|27/100
|move|p1b: Amoonguss|Pollen Puff|p2a: Tyranitar
|-supereffective|p2a: Tyranitar
|-damage|p2a: Tyranitar|0 fnt
|faint|p2a: Tyranitar
|
|upkeep
|
|t:|1756311493
|switch|p1a: Annihilape|Annihilape, L50, F, shiny, tera:Fire|62/100
|turn|9
|
|t:|1756311509
|move|p1a: Annihilape|Rage Fist|p2b: Rillaboom
|-damage|p2b: Rillaboom|2/100
|move|p2b: Rillaboom|Wood Hammer|p1b: Amoonguss
|-resisted|p1b: Amoonguss
|-damage|p1b: Amoonguss|20/100
|-damage|p2b: Rillaboom|0 fnt|[from] Recoil
|faint|p2b: Rillaboom
|
|win|Training4perish
|raw|Training4perish's rating: 1049 → 1081(+32 for winning)
|raw|Aqueiron's rating: 1042 → 1026(-16 for losing)
|c|☆Training4perish|Ggs
