|j|☆Felon74
|j|☆maish
|html|Felon74maish    
|uhtml|bestof|Game 1 of a best-of-3
|t:|1756767710
|gametype|doubles
|player|p1|Felon74|1|1118
|player|p2|maish|roxie|1139
|gen|9
|tier|[Gen 9] VGC 2025 Reg H (Bo3)
|rated|
|rule|Species Clause: Limit one of each Pokémon
|rule|Item Clause: Limit 1 of each item
|clearpoke
|poke|p1|Kingambit, L50, M|
|poke|p1|Rillaboom, L50, F|
|poke|p1|Electabuzz, L50, F|
|poke|p1|Blaziken, L50, F|
|poke|p1|Dragapult, L50, M|
|poke|p1|Primarina, L50, M|
|poke|p2|Archaludon, L50, M|
|poke|p2|Pelipper, L50, M|
|poke|p2|Basculegion, L50, M|
|poke|p2|Amoonguss, L50, F|
|poke|p2|Gholdengo, L50|
|poke|p2|Incineroar, L50, M|
|teampreview|4
|showteam|p1|Kingambit||AssaultVest|Defiant|KowtowCleave,IronHead,SuckerPunch,LowKick|||M|||50|,,,,,Fire]Rillaboom||MiracleSeed|GrassySurge|WoodHammer,GrassyGlide,Uturn,FakeOut|||F|||50|,,,,,Fire]Electabuzz||Eviolite|VitalSpirit|Thunderbolt,FollowMe,Taunt,Protect|||F|||50|,,,,,Dark]Blaziken||FocusSash|SpeedBoost|CloseCombat,FlareBlitz,Coaching,Protect|||F|||50|,,,,,Stellar]Dragapult||ChoiceBand|ClearBody|DragonDarts,PhantomForce,TeraBlast,Uturn|||M|||50|,,,,,Ghost]Primarina||SitrusBerry|LiquidVoice|HyperVoice,Moonblast,Haze,Protect|||M|||50|,,,,,Steel
|showteam|p2|Archaludon||AssaultVest|Stamina|DragonPulse,ElectroShot,Snarl,BodyPress|||M|||50|,,,,,Bug]Pelipper||FocusSash|Drizzle|WeatherBall,Hurricane,Tailwind,Protect|||M|||50|,,,,,Ghost]Basculegion||ChoiceBand|SwiftSwim|WaveCrash,LastRespects,AquaJet,FlipTurn|||M|||50|,,,,,Grass]Amoonguss||RockyHelmet|Regenerator|PollenPuff,Spore,RagePowder,Protect|||F|||50|,,,,,Water]Gholdengo||LifeOrb|GoodasGold|MakeItRain,ShadowBall,NastyPlot,Protect||||||50|,,,,,Water]Incineroar||SafetyGoggles|Intimidate|KnockOff,WillOWisp,PartingShot,FakeOut|||M|||50|,,,,,Ghost
|inactive|Battle timer is ON: inactive players will automatically lose when time's up. (requested by Felon74)
|
|t:|1756767772
|teamsize|p1|4
|teamsize|p2|4
|start
|switch|p1a: Blaziken|Blaziken, L50, F|100/100
|switch|p1b: Rillaboom|Rillaboom, L50, F|100/100
|switch|p2a: Pelipper|Pelipper, L50, M|100/100
|switch|p2b: Basculegion|Basculegion, L50, M|100/100
|-fieldstart|move: Grassy Terrain|[from] ability: Grassy Surge|[of] p1b: Rillaboom
|-weather|RainDance|[from] ability: Drizzle|[of] p2a: Pelipper
|turn|1
|inactive|Felon74 has 30 seconds left.
|inactive|maish has 30 seconds left.
|
|t:|1756767805
|-terastallize|p2b: Basculegion|Grass
|move|p1b: Rillaboom|Grassy Glide|p2b: Basculegion
|-resisted|p2b: Basculegion
|-damage|p2b: Basculegion|76/100
|move|p2b: Basculegion|Flip Turn|p1a: Blaziken
|-supereffective|p1a: Blaziken
|-enditem|p1a: Blaziken|Focus Sash
|-damage|p1a: Blaziken|1/100
|
|t:|1756767817
|switch|p2b: Amoonguss|Amoonguss, L50, F|100/100|[from] Flip Turn
|move|p1a: Blaziken|Close Combat|p2a: Pelipper
|-resisted|p2a: Pelipper
|-crit|p2a: Pelipper
|-damage|p2a: Pelipper|38/100
|-unboost|p1a: Blaziken|def|1
|-unboost|p1a: Blaziken|spd|1
|move|p2a: Pelipper|Hurricane|p1b: Rillaboom
|-supereffective|p1b: Rillaboom
|-damage|p1b: Rillaboom|0 fnt
|faint|p1b: Rillaboom
|
|-weather|RainDance|[upkeep]
|-heal|p1a: Blaziken|7/100|[from] Grassy Terrain
|-ability|p1a: Blaziken|Speed Boost|boost
|-boost|p1a: Blaziken|spe|1
|upkeep
|
|t:|1756767834
|switch|p1b: Dragapult|Dragapult, L50, M|100/100
|turn|2
|inactive|maish has 30 seconds left.
|
|t:|1756767860
|-terastallize|p1b: Dragapult|Ghost
|move|p1a: Blaziken|Coaching|p1b: Dragapult
|-boost|p1b: Dragapult|atk|1
|-boost|p1b: Dragapult|def|1
|move|p1b: Dragapult|Phantom Force||[still]
|-prepare|p1b: Dragapult|Phantom Force
|move|p2a: Pelipper|Tailwind|p2a: Pelipper
|-sidestart|p2: maish|move: Tailwind
|move|p2b: Amoonguss|Spore|p1b: Dragapult|[miss]
|-miss|p2b: Amoonguss|p1b: Dragapult
|
|-weather|RainDance|[upkeep]
|-heal|p1a: Blaziken|13/100|[from] Grassy Terrain
|-ability|p1a: Blaziken|Speed Boost|boost
|-boost|p1a: Blaziken|spe|1
|upkeep
|turn|3
|
|t:|1756767884
|move|p1a: Blaziken|Close Combat|p2a: Pelipper
|-resisted|p2a: Pelipper
|-damage|p2a: Pelipper|0 fnt
|-unboost|p1a: Blaziken|def|1
|-unboost|p1a: Blaziken|spd|1
|faint|p2a: Pelipper
|move|p1b: Dragapult|Phantom Force|p2b: Amoonguss|[from] lockedmove
|-damage|p2b: Amoonguss|0 fnt
|-damage|p1b: Dragapult|84/100|[from] item: Rocky Helmet|[of] p2b: Amoonguss
|faint|p2b: Amoonguss
|
|-weather|RainDance|[upkeep]
|-heal|p1a: Blaziken|19/100|[from] Grassy Terrain
|-heal|p1b: Dragapult|90/100|[from] Grassy Terrain
|-ability|p1a: Blaziken|Speed Boost|boost
|-boost|p1a: Blaziken|spe|1
|upkeep
|
|t:|1756767896
|switch|p2a: Basculegion|Basculegion, L50, M, tera:Grass|76/100
|switch|p2b: Archaludon|Archaludon, L50, M|100/100
|turn|4
|inactive|Felon74 has 30 seconds left.
|inactive|maish has 30 seconds left.
|inactive|Felon74 has 20 seconds left.
|inactive|maish has 20 seconds left.
|inactive|Felon74 has 15 seconds left.
|inactive|maish has 15 seconds left.
|
|t:|1756767939
|move|p2a: Basculegion|Wave Crash|p1a: Blaziken
|-supereffective|p1a: Blaziken
|-damage|p1a: Blaziken|0 fnt
|faint|p1a: Blaziken
|-damage|p2a: Basculegion|72/100|[from] Recoil
|move|p2b: Archaludon|Electro Shot||[still]
|-prepare|p2b: Archaludon|Electro Shot
|-boost|p2b: Archaludon|spa|1
|-anim|p2b: Archaludon|Electro Shot|p1b: Dragapult
|-damage|p1b: Dragapult|4/100
|move|p1b: Dragapult|Phantom Force||[still]
|-prepare|p1b: Dragapult|Phantom Force
|
|-weather|RainDance|[upkeep]
|-heal|p2a: Basculegion|78/100|[from] Grassy Terrain
|upkeep
|
|t:|1756767957
|switch|p1a: Primarina|Primarina, L50, M|100/100
|turn|5
|
|t:|1756767966
|move|p1a: Primarina|Protect|p1a: Primarina
|-singleturn|p1a: Primarina|Protect
|move|p2a: Basculegion|Wave Crash|p1b: Dragapult|[miss]
|-miss|p2a: Basculegion|p1b: Dragapult
|move|p2b: Archaludon|Electro Shot||[still]
|-prepare|p2b: Archaludon|Electro Shot
|-boost|p2b: Archaludon|spa|1
|-anim|p2b: Archaludon|Electro Shot|p1a: Primarina
|-activate|p1a: Primarina|move: Protect
|move|p1b: Dragapult|Phantom Force|p2a: Basculegion|[from] lockedmove
|-damage|p2a: Basculegion|0 fnt
|faint|p2a: Basculegion
|
|-weather|none
|-heal|p1b: Dragapult|10/100|[from] Grassy Terrain
|-sideend|p2: maish|move: Tailwind
|-fieldend|move: Grassy Terrain
|upkeep
|turn|6
|
|t:|1756767991
|move|p1b: Dragapult|Phantom Force||[still]
|-prepare|p1b: Dragapult|Phantom Force
|move|p2b: Archaludon|Snarl|p1b: Dragapult|[spread] p1a
|-miss|p2b: Archaludon|p1b: Dragapult
|-resisted|p1a: Primarina
|-damage|p1a: Primarina|87/100
|-unboost|p1a: Primarina|spa|1
|move|p1a: Primarina|Moonblast|p2b: Archaludon
|-damage|p2b: Archaludon|74/100
|-unboost|p2b: Archaludon|spa|1
|-ability|p2b: Archaludon|Stamina|boost
|-boost|p2b: Archaludon|def|1
|
|upkeep
|turn|7
|
|t:|1756768009
|move|p1b: Dragapult|Phantom Force|p2b: Archaludon|[from] lockedmove
|-crit|p2b: Archaludon
|-damage|p2b: Archaludon|0 fnt
|faint|p2b: Archaludon
|
|win|Felon74
