|j|☆pistoiese1312
|j|☆wl02437056
|html|pistoiese1312wl02437056    
|uhtml|bestof|Game 2 of a best-of-3
|t:|1785232817
|gametype|doubles
|player|p1|pistoiese1312|266|1102
|player|p2|wl02437056|102|1075
|gen|9
|tier|[Gen 9 Champions] VGC 2026 Reg M-B (Bo3)
|rated|
|rule|Species Clause: Limit one of each Pokémon
|rule|Item Clause: Limit 1 of each item
|clearpoke
|poke|p1|Gengar, L50, F|
|poke|p1|Incineroar, L50, F|
|poke|p1|Floette-Eternal, L50, F|
|poke|p1|Kingambit, L50, F|
|poke|p1|Kommo-o, L50, F|
|poke|p1|Sneasler, L50, F|
|poke|p2|Archaludon, L50, F|
|poke|p2|Swampert, L50, M|
|poke|p2|Pelipper, L50, M|
|poke|p2|Scovillain, L50, F|
|poke|p2|Garchomp, L50, F|
|poke|p2|Grimmsnarl, L50, M|
|teampreview|4
|showteam|p1|Gengar||Gengarite|CursedBody|ShadowBall,PerishSong,Substitute,Protect|Modest||F|||50|]Incineroar||PasshoBerry|Intimidate|FlareBlitz,PartingShot,FakeOut,Protect|Relaxed||F|||50|]Floette-Eternal||Floettite|FlowerVeil|LightofRuin,Moonblast,DazzlingGleam,Protect|Calm||F|||50|]Kingambit||BlackGlasses|Defiant|SuckerPunch,KowtowCleave,SwordsDance,Protect|Adamant||F|||50|]Kommo-o||Leftovers|Soundproof|AuraSphere,ClangingScales,ClangorousSoul,Protect|Modest||F|||50|]Sneasler||WhiteHerb|Unburden|DireClaw,CloseCombat,FakeOut,Protect|Adamant||F|||50|
|showteam|p2|Archaludon||Leftovers|Stamina|FlashCannon,Protect,ElectroShot,DragonPulse|Modest||F|||50|]Swampert||Swampertite|Damp|WaveCrash,Earthquake,RockSlide,Protect|Adamant||M|||50|]Pelipper||FocusSash|Drizzle|WeatherBall,Soak,Tailwind,Hurricane|Modest||M|||50|]Scovillain||Scovillainite|Chlorophyll|Protect,Overheat,RagePowder,GigaDrain|Calm||F|||50|]Garchomp||LifeOrb|RoughSkin|RockSlide,DragonClaw,BrickBreak,Protect|Adamant||F|||50|]Grimmsnarl||LightClay|Prankster|SpiritBreak,LightScreen,Reflect,PartingShot|Careful||M|||50|
|
|t:|1785232855
|teamsize|p1|4
|teamsize|p2|4
|start
|switch|p1a: Floette|Floette-Eternal, L50, F|100/100
|switch|p1b: Incineroar|Incineroar, L50, F|100/100
|switch|p2a: Swampert|Swampert, L50, M|100/100
|switch|p2b: Grimmsnarl|Grimmsnarl, L50, M|100/100
|-ability|p1b: Incineroar|Intimidate|boost
|-unboost|p2a: Swampert|atk|1
|-unboost|p2b: Grimmsnarl|atk|1
|turn|1
|
|t:|1785232889
|detailschange|p1a: Floette|Floette-Mega, L50, F
|-mega|p1a: Floette|Floette|Floettite
|-ability|p1a: Floette|Fairy Aura
|detailschange|p2a: Swampert|Swampert-Mega, L50, M
|-mega|p2a: Swampert|Swampert|Swampertite
|move|p2a: Swampert|Protect|p2a: Swampert
|-singleturn|p2a: Swampert|Protect
|move|p1b: Incineroar|Fake Out|p2a: Swampert
|-activate|p2a: Swampert|move: Protect
|move|p2b: Grimmsnarl|Light Screen|p2b: Grimmsnarl
|-sidestart|p2: wl02437056|move: Light Screen
|move|p1a: Floette|Dazzling Gleam|p2a: Swampert|[spread] p2b
|-activate|p2a: Swampert|move: Protect
|-supereffective|p2b: Grimmsnarl|1
|-damage|p2b: Grimmsnarl|48/100
|
|upkeep
|turn|2
|
|t:|1785232919
|move|p2b: Grimmsnarl|Parting Shot|p1a: Floette
|-unboost|p1a: Floette|atk|1
|-unboost|p1a: Floette|spa|1
|
|t:|1785232923
|switch|p2b: Pelipper|Pelipper, L50, M|100/100|[from] Parting Shot
|-weather|RainDance|[from] ability: Drizzle|[of] p2b: Pelipper
|move|p2a: Swampert|Wave Crash|p1a: Floette
|-damage|p1a: Floette|0 fnt
|faint|p1a: Floette
|-damage|p2a: Swampert|71/100|[from] Recoil
|move|p1b: Incineroar|Parting Shot|p2a: Swampert
|-unboost|p2a: Swampert|atk|1
|-unboost|p2a: Swampert|spa|1
|
|t:|1785232938
|switch|p1b: Kommo-o|Kommo-o, L50, F|100/100|[from] Parting Shot
|
|-weather|RainDance|[upkeep]
|upkeep
|
|t:|1785232941
|switch|p1a: Incineroar|Incineroar, L50, F|100/100
|-ability|p1a: Incineroar|Intimidate|boost
|-unboost|p2a: Swampert|atk|1
|-unboost|p2b: Pelipper|atk|1
|turn|3
|
|t:|1785232967
|switch|p2a: Grimmsnarl|Grimmsnarl, L50, M|48/100
|move|p1a: Incineroar|Fake Out|p2b: Pelipper
|-damage|p2b: Pelipper|86/100
|cant|p2b: Pelipper|flinch
|move|p1b: Kommo-o|Clangorous Soul|p1b: Kommo-o
|-boost|p1b: Kommo-o|atk|1
|-boost|p1b: Kommo-o|def|1
|-boost|p1b: Kommo-o|spa|1
|-boost|p1b: Kommo-o|spd|1
|-boost|p1b: Kommo-o|spe|1
|-damage|p1b: Kommo-o|67/100
|
|-weather|RainDance|[upkeep]
|-heal|p1b: Kommo-o|73/100|[from] item: Leftovers
|upkeep
|turn|4
|
|t:|1785232998
|move|p1b: Kommo-o|Protect|p1b: Kommo-o
|-singleturn|p1b: Kommo-o|Protect
|move|p2a: Grimmsnarl|Parting Shot|p1b: Kommo-o
|-activate|p1b: Kommo-o|move: Protect
|move|p2b: Pelipper|Weather Ball|p1a: Incineroar
|-supereffective|p1a: Incineroar|1
|-enditem|p1a: Incineroar|Passho Berry|[eat]
|-enditem|p1a: Incineroar|Passho Berry|[weaken]
|-damage|p1a: Incineroar|44/100
|move|p1a: Incineroar|Parting Shot|p2b: Pelipper
|-unboost|p2b: Pelipper|atk|1
|-unboost|p2b: Pelipper|spa|1
|
|t:|1785233022
|switch|p1a: Sneasler|Sneasler, L50, F|100/100|[from] Parting Shot
|
|-weather|RainDance|[upkeep]
|-heal|p1b: Kommo-o|79/100|[from] item: Leftovers
|upkeep
|turn|5
|
|t:|1785233043
|move|p2a: Grimmsnarl|Reflect|p2a: Grimmsnarl
|-sidestart|p2: wl02437056|Reflect
|move|p1a: Sneasler|Dire Claw|p2a: Grimmsnarl
|-supereffective|p2a: Grimmsnarl|1
|-damage|p2a: Grimmsnarl|0 fnt
|faint|p2a: Grimmsnarl
|move|p1b: Kommo-o|Clanging Scales|p2b: Pelipper
|-damage|p2b: Pelipper|0 fnt
|faint|p2b: Pelipper
|-unboost|p1b: Kommo-o|def|1
|
|-weather|RainDance|[upkeep]
|-heal|p1b: Kommo-o|85/100|[from] item: Leftovers
|upkeep
|
|t:|1785233055
|switch|p2b: Archaludon|Archaludon, L50, F|100/100
|switch|p2a: Swampert|Swampert-Mega, L50, M|71/100
|turn|6
|
|t:|1785233087
|switch|p1a: Incineroar|Incineroar, L50, F|44/100
|-ability|p1a: Incineroar|Intimidate|boost
|-unboost|p2a: Swampert|atk|1
|-unboost|p2b: Archaludon|atk|1
|move|p2b: Archaludon|Protect|p2b: Archaludon
|-singleturn|p2b: Archaludon|Protect
|move|p2a: Swampert|Earthquake|p1a: Incineroar|[spread] p1a,p1b
|-activate|p2b: Archaludon|move: Protect
|-supereffective|p1a: Incineroar|1
|-damage|p1a: Incineroar|0 fnt
|-damage|p1b: Kommo-o|59/100
|faint|p1a: Incineroar
|move|p1b: Kommo-o|Clanging Scales|p2b: Archaludon|[spread] p2a
|-activate|p2b: Archaludon|move: Protect
|-damage|p2a: Swampert|36/100
|-unboost|p1b: Kommo-o|def|1
|
|-weather|none
|-heal|p1b: Kommo-o|65/100|[from] item: Leftovers
|upkeep
|
|t:|1785233104
|switch|p1a: Sneasler|Sneasler, L50, F|100/100
|turn|7
|
|t:|1785233127
|move|p1a: Sneasler|Fake Out|p2a: Swampert
|-damage|p2a: Swampert|27/100
|move|p1b: Kommo-o|Aura Sphere|p2b: Archaludon
|-supereffective|p2b: Archaludon|1
|-damage|p2b: Archaludon|20/100y
|-ability|p2b: Archaludon|Stamina|boost
|-boost|p2b: Archaludon|def|1
|cant|p2a: Swampert|flinch
|move|p2b: Archaludon|Dragon Pulse|p1b: Kommo-o
|-supereffective|p1b: Kommo-o|1
|-damage|p1b: Kommo-o|17/100
|
|-heal|p1b: Kommo-o|23/100|[from] item: Leftovers
|-heal|p2b: Archaludon|27/100|[from] item: Leftovers
|upkeep
|turn|8
|
|t:|1785233146
|move|p1a: Sneasler|Protect|p1a: Sneasler
|-singleturn|p1a: Sneasler|Protect
|move|p1b: Kommo-o|Protect|p1b: Kommo-o
|-singleturn|p1b: Kommo-o|Protect
|move|p2b: Archaludon|Protect|p2b: Archaludon
|-singleturn|p2b: Archaludon|Protect
|move|p2a: Swampert|Earthquake|p1b: Kommo-o|[spread] 
|-activate|p2b: Archaludon|move: Protect
|-activate|p1a: Sneasler|move: Protect
|-activate|p1b: Kommo-o|move: Protect
|
|-heal|p1b: Kommo-o|29/100|[from] item: Leftovers
|-heal|p2b: Archaludon|33/100|[from] item: Leftovers
|-sideend|p2: wl02437056|move: Light Screen
|upkeep
|turn|9
|
|t:|1785233175
|move|p2a: Swampert|Protect|p2a: Swampert
|-singleturn|p2a: Swampert|Protect
|move|p1a: Sneasler|Close Combat|p2b: Archaludon
|-supereffective|p2b: Archaludon|1
|-damage|p2b: Archaludon|0 fnt
|-unboost|p1a: Sneasler|def|1
|-unboost|p1a: Sneasler|spd|1
|faint|p2b: Archaludon
|-enditem|p1a: Sneasler|White Herb
|-clearnegativeboost|p1a: Sneasler|[silent]
|move|p1b: Kommo-o|Clanging Scales|p2a: Swampert
|-activate|p2a: Swampert|move: Protect
|
|-heal|p1b: Kommo-o|35/100|[from] item: Leftovers
|upkeep
|turn|10
|c|☆wl02437056|GG
|c|☆wl02437056|THX
|
|t:|1785233229
|move|p1a: Sneasler|Close Combat|p2a: Swampert
|-damage|p2a: Swampert|0 fnt
|-unboost|p1a: Sneasler|def|1
|-unboost|p1a: Sneasler|spd|1
|faint|p2a: Swampert
|
|win|pistoiese1312
|raw|pistoiese1312's rating: 1102 → 1125(+23 for winning)
|raw|wl02437056's rating: 1075 → 1055(-20 for losing)
|c|☆pistoiese1312|GG
|l|☆pistoiese1312
|player|p1|
