|j|â˜†MazeLooper
|j|â˜†LordThemberchaud
|html|MazeLooperLordThemberchaud    
|uhtml|bestof|Game 1 of a best-of-3
|t:|1785274900
|gametype|doubles
|player|p1|MazeLooper|266|
|player|p2|LordThemberchaud|medium|
|gen|9
|tier|[Gen 9 Champions] VGC 2026 Reg M-B (Bo3)
|rule|Species Clause: Limit one of each PokÃ©mon
|rule|Item Clause: Limit 1 of each item
|clearpoke
|poke|p1|Archaludon, L50, F|
|poke|p1|Pelipper, L50, M|
|poke|p1|Overqwil, L50, F|
|poke|p1|Scovillain, L50, M|
|poke|p1|Orthworm, L50, M|
|poke|p1|Mr. Rime, L50, F|
|poke|p2|Volcarona, L50, M|
|poke|p2|Tsareena, L50, F|
|poke|p2|Froslass, L50, F|
|poke|p2|Sableye, L50, M|
|poke|p2|Gallade, L50, M|
|poke|p2|Goodra-Hisui, L50, M|
|teampreview|4
|showteam|p1|Archaludon||Leftovers|Stamina|ElectroShot,DragonPulse,Earthquake,FlashCannon|Naive||F|||50|]Pelipper||DampRock|Drizzle|WeatherBall,Hurricane,Tailwind,WideGuard|Modest||M|||50|]Overqwil||LifeOrb|SwiftSwim|BarbBarrage,AquaTail,Protect,ToxicSpikes|Adamant||F|||50|]Scovillain||Scovillainite|Chlorophyll|RagePowder,Protect,FlareBlitz,EnergyBall|Sassy||M|||50|]Orthworm||FocusSash|EarthEater|ShedTail,HeavySlam,BodyPress,RockSlide|Impish||M|||50|]Mr. Rime||MentalHerb|ScreenCleaner|Blizzard,DazzlingGleam,FreezeDry,ShadowBall|Modest||F|||50|
|showteam|p2|Volcarona||ChartiBerry|FlameBody|QuiverDance,GigaDrain,Protect,FieryDance|Timid||M|||50|]Tsareena||SitrusBerry|QueenlyMajesty|TropKick,HighJumpKick,Protect,Taunt|Jolly||F|||50|]Froslass||Froslassite|CursedBody|Blizzard,Thunderbolt,ShadowBall,Protect|Timid||F|||50|]Sableye||Sablenite|Prankster|FakeOut,SunnyDay,Encore,FoulPlay|Impish||M|||50|]Gallade||ChoiceScarf|Sharpness|SacredSword,LeafBlade,ThunderPunch,Trick|Jolly||M|||50|]Goodra-Hisui||Leftovers|Gooey|BodyPress,Shelter,LifeDew,SludgeBomb|Bold||M|||50|
|c|â˜†LordThemberchaud|glhf
|c|â˜†MazeLooper|glhf
|j| ranchranchranch
|
|t:|1785275004
|teamsize|p1|4
|teamsize|p2|4
|start
|switch|p1a: Lemmy The Mine|Overqwil, L50, F|100/100
|switch|p1b: Thing 1 & Thing 2|Scovillain, L50, M|100/100
|switch|p2a: Money Money Money|Sableye, L50, M|100/100
|switch|p2b: Mamma Mia|Volcarona, L50, M|100/100
|turn|1
|
|t:|1785275036
|move|p2a: Money Money Money|Fake Out|p1a: Lemmy The Mine
|-damage|p1a: Lemmy The Mine|91/100
|move|p1b: Thing 1 & Thing 2|Rage Powder|p1b: Thing 1 & Thing 2
|-singleturn|p1b: Thing 1 & Thing 2|move: Rage Powder
|move|p2b: Mamma Mia|Quiver Dance|p2b: Mamma Mia
|-boost|p2b: Mamma Mia|spa|1
|-boost|p2b: Mamma Mia|spd|1
|-boost|p2b: Mamma Mia|spe|1
|cant|p1a: Lemmy The Mine|flinch
|
|upkeep
|turn|2
|c|â˜†MazeLooper|i love the abba naming
|
|t:|1785275075
|switch|p1b: Weird Looking Dog|Pelipper, L50, M|100/100
|-weather|RainDance|[from] ability: Drizzle|[of] p1b: Weird Looking Dog
|move|p2a: Money Money Money|Encore||[still]
|-fail|p2a: Money Money Money
|move|p1a: Lemmy The Mine|Aqua Tail|p2b: Mamma Mia
|-supereffective|p2b: Mamma Mia|1
|-damage|p2b: Mamma Mia|0 fnt
|faint|p2b: Mamma Mia
|-damage|p1a: Lemmy The Mine|81/100|[from] item: Life Orb
|
|-weather|RainDance|[upkeep]
|upkeep
|c|â˜†LordThemberchaud|Thanks :)
|c|â˜†LordThemberchaud|I love ABBA
|c|â˜†MazeLooper|peak
|c|â˜†MazeLooper|they're great
|
|t:|1785275099
|switch|p2b: Super Trouper|Gallade, L50, M|100/100
|turn|3
|c| ranchranchranch|that was a good play
|c| ranchranchranch|i love weird looking dog
|
|t:|1785275125
|move|p1a: Lemmy The Mine|Protect|p1a: Lemmy The Mine
|-singleturn|p1a: Lemmy The Mine|Protect
|move|p2a: Money Money Money|Sunny Day|p2a: Money Money Money
|-weather|SunnyDay
|move|p2b: Super Trouper|Thunder Punch|p1b: Weird Looking Dog
|-supereffective|p1b: Weird Looking Dog|2
|-damage|p1b: Weird Looking Dog|0 fnt
|faint|p1b: Weird Looking Dog
|
|-weather|SunnyDay|[upkeep]
|upkeep
|
|t:|1785275133
|switch|p1b: Thing 1 & Thing 2|Scovillain, L50, M|100/100
|turn|4
|c| ranchranchranch|niice
|
|t:|1785275150
|switch|p2b: As Good As New|Goodra-Hisui, L50, M|100/100
|detailschange|p1b: Thing 1 & Thing 2|Scovillain-Mega, L50, M
|-mega|p1b: Thing 1 & Thing 2|Scovillain|Scovillainite
|detailschange|p2a: Money Money Money|Sableye-Mega, L50, M
|-mega|p2a: Money Money Money|Sableye|Sablenite
|move|p1a: Lemmy The Mine|Barb Barrage|p2b: As Good As New
|-immune|p2b: As Good As New
|move|p1b: Thing 1 & Thing 2|Flare Blitz|p2a: Money Money Money
|-damage|p2a: Money Money Money|43/100
|-damage|p1b: Thing 1 & Thing 2|83/100|[from] Recoil
|move|p2a: Money Money Money|Foul Play|p1a: Lemmy The Mine
|-resisted|p1a: Lemmy The Mine|1
|-damage|p1a: Lemmy The Mine|53/100
|
|-weather|SunnyDay|[upkeep]
|upkeep
|turn|5
|
|t:|1785275183
|move|p1a: Lemmy The Mine|Protect|p1a: Lemmy The Mine
|-singleturn|p1a: Lemmy The Mine|Protect
|move|p1b: Thing 1 & Thing 2|Flare Blitz|p2a: Money Money Money
|-damage|p2a: Money Money Money|0 fnt
|faint|p2a: Money Money Money
|-damage|p1b: Thing 1 & Thing 2|69/100|[from] Recoil
|move|p2b: As Good As New|Shelter|p2b: As Good As New
|-boost|p2b: As Good As New|def|2
|
|-weather|SunnyDay|[upkeep]
|upkeep
|
|t:|1785275188
|switch|p2a: Super Trouper|Gallade, L50, M|100/100
|turn|6
|
|t:|1785275206
|move|p1b: Thing 1 & Thing 2|Rage Powder|p1b: Thing 1 & Thing 2
|-singleturn|p1b: Thing 1 & Thing 2|move: Rage Powder
|move|p2a: Super Trouper|Sacred Sword|p1b: Thing 1 & Thing 2
|-damage|p1b: Thing 1 & Thing 2|0 fnt
|-status|p2a: Super Trouper|brn|[from] ability: Spicy Spray|[of] p1b: Thing 1 & Thing 2
|faint|p1b: Thing 1 & Thing 2
|move|p1a: Lemmy The Mine|Barb Barrage|p2a: Super Trouper
|-damage|p2a: Super Trouper|27/100 brn
|-damage|p1a: Lemmy The Mine|43/100|[from] item: Life Orb
|move|p2b: As Good As New|Shelter|p2b: As Good As New
|-boost|p2b: As Good As New|def|2
|
|-weather|SunnyDay|[upkeep]
|-damage|p2a: Super Trouper|21/100 brn|[from] brn
|upkeep
|
|t:|1785275220
|switch|p1b: The TARDIS|Archaludon, L50, F|100/100
|turn|7
|
|t:|1785275233
|move|p2a: Super Trouper|Sacred Sword|p1a: Lemmy The Mine
|-damage|p1a: Lemmy The Mine|2/100
|move|p1b: The TARDIS|Dragon Pulse|p2b: As Good As New
|-damage|p2b: As Good As New|69/100
|move|p1a: Lemmy The Mine|Barb Barrage|p2a: Super Trouper
|-damage|p2a: Super Trouper|0 fnt
|faint|p2a: Super Trouper
|-damage|p1a: Lemmy The Mine|0 fnt|[from] item: Life Orb
|faint|p1a: Lemmy The Mine
|move|p2b: As Good As New|Shelter|p2b: As Good As New
|-boost|p2b: As Good As New|def|2
|
|-weather|none
|-heal|p2b: As Good As New|75/100|[from] item: Leftovers
|upkeep
|turn|8
|
|t:|1785275248
|move|p1b: The TARDIS|Dragon Pulse|p2b: As Good As New
|-damage|p2b: As Good As New|46/100
|move|p2b: As Good As New|Body Press|p1b: The TARDIS
|-supereffective|p1b: The TARDIS|1
|-damage|p1b: The TARDIS|0 fnt
|faint|p1b: The TARDIS
|
|win|LordThemberchaud
||LordThemberchaud is ready for game 2.
|c|â˜†MazeLooper|ggs
||MazeLooper is ready for game 2.
|uhtml|next|Next: Game 2 of 3
|c|â˜†LordThemberchaud|gg
|j| pobuenapregunta
|l|â˜†MazeLooper
|player|p1|
|j|â˜†MazeLooper
|player|p1|MazeLooper|266|
|l|â˜†LordThemberchaud
|player|p2|
|l| ranchranchranch
