|j|☆PeePeeSwagMan
|j|☆UncAshty
|html|PeePeeSwagManUncAshty    
|uhtml|bestof|Game 1 of a best-of-3
|t:|1784674917
|gametype|doubles
|player|p1|PeePeeSwagMan|102|
|player|p2|UncAshty|101|
|gen|9
|tier|[Gen 9 Champions] VGC 2026 Reg M-B (Bo3)
|rule|Species Clause: Limit one of each Pokémon
|rule|Item Clause: Limit 1 of each item
|clearpoke
|poke|p1|Scrafty, L50, M|
|poke|p1|Floette-Eternal, L50, F|
|poke|p1|Charizard, L50, F|
|poke|p1|Venusaur, L50, F|
|poke|p1|Primarina, L50, F|
|poke|p1|Volcarona, L50, F|
|poke|p2|Pelipper, L50, F|
|poke|p2|Palafin, L50, M, shiny|
|poke|p2|Swampert, L50, M, shiny|
|poke|p2|Raichu, L50, M|
|poke|p2|Toxicroak, L50, M|
|poke|p2|Skarmory, L50, F|
|teampreview|4
|showteam|p1|Scrafty||BlackBelt|Intimidate|FakeOut,DrainPunch,KnockOff,Protect|Jolly||M|||50|]Floette-Eternal||Floettite|FlowerVeil|CalmMind,Moonblast,DazzlingGleam,Protect|Modest||F|||50|]Charizard||CharizarditeY|Blaze|HeatWave,WeatherBall,SolarBeam,Protect|Timid||F|||50|]Venusaur||CobaBerry|Chlorophyll|SludgeBomb,EarthPower,GigaDrain,Protect|Modest||F|||50|]Primarina||LifeOrb|Torrent|HyperVoice,Moonblast,Protect,DazzlingGleam|Timid||F|||50|]Volcarona||FocusSash|FlameBody|RagePowder,Tailwind,WillOWisp,StruggleBug|Timid||F|||50|
|showteam|p2|Pelipper||FocusSash|Drizzle|Hurricane,WeatherBall,Tailwind,Protect|Bold||F|||50|]Palafin||LifeOrb|ZerotoHero|JetPunch,WaveCrash,FlipTurn,Protect|Jolly||M|||50|]Swampert||Swampertite|Torrent|Earthquake,IcePunch,Liquidation,Protect|Adamant||M|||50|]Raichu||RaichuniteY|LightningRod|ZapCannon,FakeOut,Encore,Protect|Hasty||M|||50|]Toxicroak||MentalHerb|DrySkin|FakeOut,CloseCombat,PoisonJab,Protect|Jolly||M|||50|]Skarmory||OccaBerry|Sturdy|IronHead,Tailwind,Protect,Taunt|Impish||F|||50|
|j| KoopaPlays
|j| whipq
|j| xanian7
|
|t:|1784675002
|teamsize|p1|4
|teamsize|p2|4
|start
|switch|p1a: Scrafty|Scrafty, L50, M|100/100
|switch|p1b: Charizard|Charizard, L50, F|100/100
|switch|p2a: Pelipper|Pelipper, L50, F|100/100
|switch|p2b: Palafin|Palafin, L50, M, shiny|100/100
|-ability|p1a: Scrafty|Intimidate|boost
|-unboost|p2a: Pelipper|atk|1
|-unboost|p2b: Palafin|atk|1
|-weather|RainDance|[from] ability: Drizzle|[of] p2a: Pelipper
|turn|1
|
|t:|1784675027
|detailschange|p1b: Charizard|Charizard-Mega-Y, L50, F
|-mega|p1b: Charizard|Charizard|Charizardite Y
|-weather|SunnyDay|[from] ability: Drought|[of] p1b: Charizard
|move|p1a: Scrafty|Fake Out|p2b: Palafin
|-damage|p2b: Palafin|86/100
|cant|p2b: Palafin|flinch
|move|p1b: Charizard|Solar Beam||[still]
|-prepare|p1b: Charizard|Solar Beam
|-anim|p1b: Charizard|Solar Beam|p2b: Palafin
|-supereffective|p2b: Palafin|1
|-damage|p2b: Palafin|0 fnt
|faint|p2b: Palafin
|move|p2a: Pelipper|Tailwind|p2a: Pelipper
|-sidestart|p2: UncAshty|move: Tailwind
|
|-weather|SunnyDay|[upkeep]
|upkeep
|
|t:|1784675042
|switch|p2b: Raichu|Raichu, L50, M|100/100
|turn|2
|
|t:|1784675090
|detailschange|p2b: Raichu|Raichu-Mega-Y, L50, M
|-mega|p2b: Raichu|Raichu|Raichunite Y
|move|p1b: Charizard|Protect|p1b: Charizard
|-singleturn|p1b: Charizard|Protect
|move|p2b: Raichu|Zap Cannon|p1b: Charizard
|-activate|p1b: Charizard|move: Protect
|move|p2a: Pelipper|Hurricane|p1a: Scrafty
|-supereffective|p1a: Scrafty|1
|-damage|p1a: Scrafty|15/100
|move|p1a: Scrafty|Knock Off|p2a: Pelipper
|-damage|p2a: Pelipper|65/100
|-enditem|p2a: Pelipper|Focus Sash|[from] move: Knock Off|[of] p1a: Scrafty
|
|-weather|SunnyDay|[upkeep]
|upkeep
|turn|3
|
|t:|1784675143
|switch|p1b: Volcarona|Volcarona, L50, F|100/100
|move|p1a: Scrafty|Protect|p1a: Scrafty
|-singleturn|p1a: Scrafty|Protect
|move|p2b: Raichu|Zap Cannon|p1b: Volcarona
|-damage|p1b: Volcarona|27/100
|-status|p1b: Volcarona|par
|move|p2a: Pelipper|Hurricane|p1a: Scrafty
|-activate|p1a: Scrafty|move: Protect
|
|-weather|SunnyDay|[upkeep]
|upkeep
|turn|4
|
|t:|1784675168
|move|p2b: Raichu|Protect|p2b: Raichu
|-singleturn|p2b: Raichu|Protect
|move|p2a: Pelipper|Protect|p2a: Pelipper
|-singleturn|p2a: Pelipper|Protect
|move|p1b: Volcarona|Rage Powder|p1b: Volcarona
|-singleturn|p1b: Volcarona|move: Rage Powder
|move|p1a: Scrafty|Drain Punch|p2a: Pelipper
|-activate|p2a: Pelipper|move: Protect
|
|-weather|SunnyDay|[upkeep]
|-sideend|p2: UncAshty|move: Tailwind
|upkeep
|turn|5
|
|t:|1784675202
|move|p1b: Volcarona|Rage Powder|p1b: Volcarona
|-singleturn|p1b: Volcarona|move: Rage Powder
|move|p2b: Raichu|Zap Cannon|p1b: Volcarona
|-damage|p1b: Volcarona|0 fnt
|faint|p1b: Volcarona
|move|p1a: Scrafty|Drain Punch|p2a: Pelipper
|-resisted|p2a: Pelipper|1
|-damage|p2a: Pelipper|52/100
|-heal|p1a: Scrafty|23/100|[from] drain|[of] p2a: Pelipper
|move|p2a: Pelipper|Hurricane|p1a: Scrafty|[miss]
|-miss|p2a: Pelipper|p1a: Scrafty
|
|-weather|none
|upkeep
|
|t:|1784675217
|switch|p1b: Venusaur|Venusaur, L50, F|100/100
|turn|6
|
|t:|1784675273
|switch|p1a: Charizard|Charizard-Mega-Y, L50, F|100/100
|-weather|SunnyDay|[from] ability: Drought|[of] p1a: Charizard
|move|p2b: Raichu|Protect|p2b: Raichu
|-singleturn|p2b: Raichu|Protect
|move|p1b: Venusaur|Earth Power|p2b: Raichu
|-activate|p2b: Raichu|move: Protect
|move|p2a: Pelipper|Hurricane|p1b: Venusaur
|-supereffective|p1b: Venusaur|1
|-enditem|p1b: Venusaur|Coba Berry|[eat]
|-enditem|p1b: Venusaur|Coba Berry|[weaken]
|-damage|p1b: Venusaur|57/100
|
|-weather|SunnyDay|[upkeep]
|upkeep
|turn|7
|
|t:|1784675309
|move|p1b: Venusaur|Earth Power|p2b: Raichu
|-supereffective|p2b: Raichu|1
|-damage|p2b: Raichu|23/100
|move|p2b: Raichu|Zap Cannon|p1a: Charizard
|-supereffective|p1a: Charizard|1
|-damage|p1a: Charizard|0 fnt
|faint|p1a: Charizard
|move|p2a: Pelipper|Weather Ball|p1b: Venusaur
|-supereffective|p1b: Venusaur|1
|-damage|p1b: Venusaur|0 fnt
|faint|p1b: Venusaur
|
|-weather|SunnyDay|[upkeep]
|upkeep
|
|t:|1784675323
|switch|p1a: Scrafty|Scrafty, L50, M|23/100
|-ability|p1a: Scrafty|Intimidate|boost
|-unboost|p2a: Pelipper|atk|1
|-unboost|p2b: Raichu|atk|1
|turn|8
|
|t:|1784675338
|move|p2b: Raichu|Zap Cannon|p1a: Scrafty
|-damage|p1a: Scrafty|0 fnt
|faint|p1a: Scrafty
|
|win|UncAshty
||UncAshty is ready for game 2.
|inactive|PeePeeSwagMan has 30 seconds to confirm battle start!
||PeePeeSwagMan is ready for game 2.
|uhtml|next|Next: Game 2 of 3
