|j|☆prosta1
|j|☆bbbbbesbes
|html|prosta1bbbbbesbes    
|uhtml|bestof|Game 3 of a best-of-3
|t:|1784283964
|gametype|doubles
|player|p1|prosta1|169|1136
|player|p2|bbbbbesbes|1|1131
|gen|9
|tier|[Gen 9 Champions] VGC 2026 Reg M-B (Bo3)
|rated|
|rule|Species Clause: Limit one of each Pokémon
|rule|Item Clause: Limit 1 of each item
|clearpoke
|poke|p1|Grimmsnarl, L50, M|
|poke|p1|Feraligatr, L50, M|
|poke|p1|Charizard, L50, F|
|poke|p1|Pelipper, L50, M|
|poke|p1|Venusaur, L50, M|
|poke|p1|Archaludon, L50, M|
|poke|p2|Whimsicott, L50, F|
|poke|p2|Garchomp, L50, F|
|poke|p2|Tyranitar, L50, M|
|poke|p2|Metagross, L50|
|poke|p2|Incineroar, L50, F|
|poke|p2|Basculegion, L50, M|
|teampreview|4
|showteam|p1|Grimmsnarl||LightClay|Prankster|SpiritBreak,PartingShot,Reflect,LightScreen|Sassy||M|||50|]Feraligatr||LifeOrb|SheerForce|Liquidation,Protect,Crunch,RockTomb|Adamant||M|||50|]Charizard||CharizarditeY|Blaze|Protect,HeatWave,WeatherBall,SolarBeam|Modest||F|||50|]Pelipper||SitrusBerry|Drizzle|Hurricane,WeatherBall,Tailwind,WideGuard|Modest||M|||50|]Venusaur||FocusSash|Chlorophyll|SludgeBomb,SleepPowder,EarthPower,Protect|Modest||M|||50|]Archaludon||Leftovers|Stamina|ElectroShot,DragonPulse,FlashCannon,Protect|Calm||M|||50|
|showteam|p2|Whimsicott||FocusSash|Prankster|Tailwind,LeechSeed,Encore,Moonblast|Bold||F|||50|]Garchomp||YacheBerry|RoughSkin|RockSlide,DragonClaw,StompingTantrum,Protect|Jolly||F|||50|]Tyranitar||Tyranitarite|SandStream|HighHorsepower,Protect,RockSlide,Crunch|Adamant||M|||50|]Metagross||Metagrossite|ClearBody|MeteorMash,PsychicFangs,Protect,BulletPunch|Jolly|||||50|]Incineroar||Leftovers|Intimidate|FakeOut,PartingShot,DarkestLariat,FlareBlitz|Adamant||F|||50|]Basculegion||ChoiceScarf|Adaptability|AquaJet,FlipTurn,LastRespects,WaveCrash|Jolly||M|||50|
|inactive|Battle timer is ON: inactive players will automatically lose when time's up. (requested by bbbbbesbes)
|
|t:|1784283994
|teamsize|p1|4
|teamsize|p2|4
|start
|switch|p1a: Grimmsnarl|Grimmsnarl, L50, M|100/100
|switch|p1b: Feraligatr|Feraligatr, L50, M|100/100
|switch|p2a: Incineroar|Incineroar, L50, F|100/100
|switch|p2b: Garchomp|Garchomp, L50, F|100/100
|-ability|p2a: Incineroar|Intimidate|boost
|-unboost|p1a: Grimmsnarl|atk|1
|-unboost|p1b: Feraligatr|atk|1
|turn|1
|
|t:|1784284012
|move|p2a: Incineroar|Fake Out|p1a: Grimmsnarl
|-damage|p1a: Grimmsnarl|85/100
|cant|p1a: Grimmsnarl|flinch
|move|p2b: Garchomp|Stomping Tantrum|p1a: Grimmsnarl
|-damage|p1a: Grimmsnarl|43/100
|move|p1b: Feraligatr|Liquidation|p2a: Incineroar
|-supereffective|p2a: Incineroar|1
|-damage|p2a: Incineroar|11/100
|
|-heal|p2a: Incineroar|17/100|[from] item: Leftovers
|upkeep
|turn|2
|
|t:|1784284031
|switch|p2a: Whimsicott|Whimsicott, L50, F|100/100
|move|p1b: Feraligatr|Protect|p1b: Feraligatr
|-singleturn|p1b: Feraligatr|Protect
|move|p1a: Grimmsnarl|Reflect|p1a: Grimmsnarl
|-sidestart|p1: prosta1|Reflect
|move|p2b: Garchomp|Stomping Tantrum|p1a: Grimmsnarl
|-damage|p1a: Grimmsnarl|17/100
|
|upkeep
|turn|3
|
|t:|1784284048
|move|p2a: Whimsicott|Encore|p1b: Feraligatr
|-start|p1b: Feraligatr|Encore
|move|p1b: Feraligatr|Protect|p1b: Feraligatr
|-singleturn|p1b: Feraligatr|Protect
|move|p1a: Grimmsnarl|Parting Shot|p2b: Garchomp
|-unboost|p2b: Garchomp|atk|1
|-unboost|p2b: Garchomp|spa|1
|
|t:|1784284062
|switch|p1a: Charizard|Charizard, L50, F|100/100|[from] Parting Shot
|move|p2b: Garchomp|Stomping Tantrum|p1a: Charizard
|-immune|p1a: Charizard
|
|upkeep
|turn|4
|inactive|bbbbbesbes has 30 seconds left.
|
|t:|1784284087
|switch|p2b: Incineroar|Incineroar, L50, F|17/100
|-ability|p2b: Incineroar|Intimidate|boost
|-unboost|p1a: Charizard|atk|1
|-unboost|p1b: Feraligatr|atk|1
|switch|p1b: Grimmsnarl|Grimmsnarl, L50, M|17/100
|detailschange|p1a: Charizard|Charizard-Mega-Y, L50, F
|-mega|p1a: Charizard|Charizard|Charizardite Y
|-weather|SunnyDay|[from] ability: Drought|[of] p1a: Charizard
|move|p2a: Whimsicott|Leech Seed|p1b: Grimmsnarl
|-hint|Since gen 7, Dark is immune to Prankster moves.
|-immune|p1b: Grimmsnarl
|move|p1a: Charizard|Heat Wave|p2b: Incineroar|[spread] p2a,p2b
|-supereffective|p2a: Whimsicott|1
|-resisted|p2b: Incineroar|1
|-enditem|p2a: Whimsicott|Focus Sash
|-damage|p2a: Whimsicott|1/100
|-damage|p2b: Incineroar|0 fnt
|faint|p2b: Incineroar
|
|-weather|SunnyDay|[upkeep]
|upkeep
|
|t:|1784284093
|switch|p2b: Tyranitar|Tyranitar, L50, M|100/100
|-weather|Sandstorm|[from] ability: Sand Stream|[of] p2b: Tyranitar
|turn|5
|inactive|prosta1 has 30 seconds left.
|inactive|prosta1 has 20 seconds left.
|inactive|prosta1 has 15 seconds left.
|
|t:|1784284134
|switch|p1a: Feraligatr|Feraligatr, L50, M|100/100
|move|p2a: Whimsicott|Tailwind|p2a: Whimsicott
|-sidestart|p2: bbbbbesbes|move: Tailwind
|move|p2b: Tyranitar|Rock Slide|p1b: Grimmsnarl|[spread] p1a,p1b
|-crit|p1b: Grimmsnarl
|-damage|p1a: Feraligatr|78/100
|-damage|p1b: Grimmsnarl|0 fnt
|faint|p1b: Grimmsnarl
|
|-weather|Sandstorm|[upkeep]
|-damage|p2a: Whimsicott|0 fnt|[from] Sandstorm
|-damage|p1a: Feraligatr|72/100|[from] Sandstorm
|faint|p2a: Whimsicott
|upkeep
|
|t:|1784284152
|switch|p2a: Garchomp|Garchomp, L50, F|100/100
|switch|p1b: Charizard|Charizard-Mega-Y, L50, F|100/100
|-weather|SunnyDay|[from] ability: Drought|[of] p1b: Charizard
|turn|6
|
|t:|1784284167
|detailschange|p2b: Tyranitar|Tyranitar-Mega, L50, M
|-mega|p2b: Tyranitar|Tyranitar|Tyranitarite
|-weather|Sandstorm|[from] ability: Sand Stream|[of] p2b: Tyranitar
|move|p1b: Charizard|Protect|p1b: Charizard
|-singleturn|p1b: Charizard|Protect
|move|p1a: Feraligatr|Protect|p1a: Feraligatr
|-singleturn|p1a: Feraligatr|Protect
|move|p2a: Garchomp|Rock Slide|p1a: Feraligatr|[spread] 
|-activate|p1a: Feraligatr|move: Protect
|-activate|p1b: Charizard|move: Protect
|move|p2b: Tyranitar|Rock Slide|p1b: Charizard|[spread] 
|-activate|p1a: Feraligatr|move: Protect
|-activate|p1b: Charizard|move: Protect
|
|-weather|Sandstorm|[upkeep]
|-damage|p1b: Charizard|94/100|[from] Sandstorm
|-damage|p1a: Feraligatr|66/100|[from] Sandstorm
|upkeep
|turn|7
|inactive|bbbbbesbes has 30 seconds left.
|
|t:|1784284201
|switch|p1b: Pelipper|Pelipper, L50, M|100/100
|-weather|RainDance|[from] ability: Drizzle|[of] p1b: Pelipper
|move|p2a: Garchomp|Rock Slide|p1a: Feraligatr|[spread] p1a,p1b
|-supereffective|p1b: Pelipper|1
|-damage|p1a: Feraligatr|54/100
|-damage|p1b: Pelipper|74/100
|move|p2b: Tyranitar|Rock Slide|p1a: Feraligatr|[spread] p1a,p1b
|-supereffective|p1b: Pelipper|1
|-damage|p1a: Feraligatr|30/100
|-damage|p1b: Pelipper|18/100
|-enditem|p1b: Pelipper|Sitrus Berry|[eat]
|-heal|p1b: Pelipper|43/100|[from] item: Sitrus Berry
|move|p1a: Feraligatr|Liquidation|p2b: Tyranitar
|-supereffective|p2b: Tyranitar|1
|-damage|p2b: Tyranitar|0 fnt
|faint|p2b: Tyranitar
|
|-weather|RainDance|[upkeep]
|upkeep
|turn|8
|-message|bbbbbesbes forfeited.
|
|win|prosta1
|raw|prosta1's rating: 1136 → 1161(+25 for winning)
|raw|bbbbbesbes's rating: 1131 → 1106(-25 for losing)
|l|☆bbbbbesbes
|player|p2|
