|j|☆KLOEEE
|j|☆EndlessAme
|html|KLOEEEEndlessAme    
|uhtml|bestof|Game 1 of a best-of-3
|t:|1756468663
|gametype|doubles
|player|p1|KLOEEE|caitlin-masters|1080
|player|p2|EndlessAme|lusamine|1064
|gen|9
|tier|[Gen 9] VGC 2025 Reg H (Bo3)
|rated|
|rule|Species Clause: Limit one of each Pokémon
|rule|Item Clause: Limit 1 of each item
|clearpoke
|poke|p1|Sneasler, L50, M|
|poke|p1|Indeedee, L50, M|
|poke|p1|Volcarona, L50, F|
|poke|p1|Gholdengo, L50|
|poke|p1|Annihilape, L50, M|
|poke|p1|Tyranitar, L50, M|
|poke|p2|Amoonguss, L50, F|
|poke|p2|Annihilape, L50, F|
|poke|p2|Whimsicott, L50, F|
|poke|p2|Indeedee, L50, M|
|poke|p2|Sneasler, L50, F|
|poke|p2|Gholdengo, L50|
|teampreview|4
|showteam|p1|Sneasler||PsychicSeed|Unburden|CloseCombat,DireClaw,ThroatChop,Protect|||M|||50|,,,,,Dark]Indeedee||ChoiceScarf|PsychicSurge|ExpandingForce,HyperVoice,Trick,Protect|||M|||50|,,,,,Psychic]Volcarona||SitrusBerry|FlameBody|Overheat,StruggleBug,RagePowder,Tailwind|||F|||50|,,,,,Grass]Gholdengo||LifeOrb|GoodasGold|MakeItRain,ShadowBall,NastyPlot,Protect||||||50|,,,,,Dragon]Annihilape||SafetyGoggles|Defiant|CloseCombat,RageFist,Taunt,FinalGambit|||M|||50|,,,,,Fairy]Tyranitar||AssaultVest|SandStream|RockSlide,KnockOff,TeraBlast,LowKick|||M|||50|,,,,,Flying
|showteam|p2|Amoonguss||SitrusBerry|Regenerator|Spore,RagePowder,PollenPuff,ClearSmog|||F|||50|,,,,,Water]Annihilape||ChoiceScarf|Defiant|RageFist,CloseCombat,Uturn,FinalGambit|||F|||50|,,,,,Stellar]Whimsicott||FocusSash|Prankster|Moonblast,Taunt,Tailwind,Encore|||F|||50|,,,,,Ghost]Indeedee||ChoiceSpecs|PsychicSurge|ExpandingForce,Psychic,HyperVoice,TeraBlast|||M|||50|,,,,,Fighting]Sneasler||PsychicSeed|Unburden|DireClaw,CloseCombat,ThroatChop,Protect|||F|||50|,,,,,Dark]Gholdengo||LifeOrb|GoodasGold|MakeItRain,ShadowBall,NastyPlot,Protect||||||50|,,,,,Steel
|
|t:|1756468699
|teamsize|p1|4
|teamsize|p2|4
|start
|switch|p1a: Indeedee|Indeedee, L50, M|100/100
|switch|p1b: Volcarona|Volcarona, L50, F|100/100
|switch|p2a: The Rogue|Sneasler, L50, F|100/100
|switch|p2b: Athyestic|Whimsicott, L50, F, shiny|100/100
|-fieldstart|move: Psychic Terrain|[from] ability: Psychic Surge|[of] p1a: Indeedee
|-enditem|p2a: The Rogue|Psychic Seed
|-boost|p2a: The Rogue|spd|1|[from] item: Psychic Seed
|turn|1
|
|t:|1756468720
|move|p1b: Volcarona|Rage Powder|p1b: Volcarona
|-singleturn|p1b: Volcarona|move: Rage Powder
|move|p2b: Athyestic|Tailwind|p2b: Athyestic
|-sidestart|p2: EndlessAme|move: Tailwind
|move|p2a: The Rogue|Throat Chop|p1b: Volcarona
|-damage|p1b: Volcarona|67/100
|-start|p1b: Volcarona|Throat Chop|[silent]
|-status|p2a: The Rogue|brn|[from] ability: Flame Body|[of] p1b: Volcarona
|move|p1a: Indeedee|Expanding Force|p2a: The Rogue|[spread] p2a,p2b
|-supereffective|p2a: The Rogue
|-damage|p2a: The Rogue|0 fnt
|-damage|p2b: Athyestic|13/100
|faint|p2a: The Rogue
|
|upkeep
|
|t:|1756468731
|switch|p2a: Butler Ushiromiya|Indeedee, L50, M|100/100
|turn|2
|
|t:|1756468747
|-terastallize|p1a: Indeedee|Psychic
|move|p2b: Athyestic|Moonblast|p1b: Volcarona
|-resisted|p1b: Volcarona
|-damage|p1b: Volcarona|51/100
|move|p2a: Butler Ushiromiya|Expanding Force|p1b: Volcarona|[spread] p1a,p1b
|-resisted|p1a: Indeedee
|-damage|p1a: Indeedee|45/100
|-damage|p1b: Volcarona|0 fnt
|faint|p1b: Volcarona
|move|p1a: Indeedee|Expanding Force|p2b: Athyestic|[spread] p2a,p2b
|-resisted|p2a: Butler Ushiromiya
|-damage|p2a: Butler Ushiromiya|44/100
|-damage|p2b: Athyestic|0 fnt
|faint|p2b: Athyestic
|
|upkeep
|
|t:|1756468758
|switch|p2b: Chema|Amoonguss, L50, F|100/100
|switch|p1b: Tyranitar|Tyranitar, L50, M|100/100
|-weather|Sandstorm|[from] ability: Sand Stream|[of] p1b: Tyranitar
|turn|3
|
|t:|1756468770
|move|p2a: Butler Ushiromiya|Expanding Force|p1a: Indeedee|[spread] p1a
|-immune|p1b: Tyranitar
|-resisted|p1a: Indeedee
|-damage|p1a: Indeedee|0 fnt
|faint|p1a: Indeedee
|move|p1b: Tyranitar|Knock Off|p2a: Butler Ushiromiya
|-supereffective|p2a: Butler Ushiromiya
|-damage|p2a: Butler Ushiromiya|0 fnt
|-enditem|p2a: Butler Ushiromiya|Choice Specs|[from] move: Knock Off|[of] p1b: Tyranitar
|faint|p2a: Butler Ushiromiya
|move|p2b: Chema|Spore|p1b: Tyranitar
|-status|p1b: Tyranitar|slp|[from] move: Spore
|
|-weather|Sandstorm|[upkeep]
|-damage|p2b: Chema|95/100|[from] Sandstorm
|upkeep
|
|t:|1756468774
|switch|p1a: Sneasler|Sneasler, L50, M|100/100
|-enditem|p1a: Sneasler|Psychic Seed
|-boost|p1a: Sneasler|spd|1|[from] item: Psychic Seed
|turn|4
|
|t:|1756468789
|move|p1a: Sneasler|Dire Claw|p2b: Chema
|-damage|p2b: Chema|47/100
|-enditem|p2b: Chema|Sitrus Berry|[eat]
|-heal|p2b: Chema|72/100|[from] item: Sitrus Berry
|cant|p1b: Tyranitar|slp
|move|p2b: Chema|Spore|p1a: Sneasler
|-status|p1a: Sneasler|slp|[from] move: Spore
|
|-weather|Sandstorm|[upkeep]
|-damage|p1a: Sneasler|95/100 slp|[from] Sandstorm
|-damage|p2b: Chema|66/100|[from] Sandstorm
|-sideend|p2: EndlessAme|move: Tailwind
|upkeep
|turn|5
|
|t:|1756468806
|cant|p1a: Sneasler|slp
|-curestatus|p1b: Tyranitar|slp|[msg]
|move|p1b: Tyranitar|Knock Off|p2b: Chema
|-damage|p2b: Chema|30/100
|move|p2b: Chema|Pollen Puff|p1b: Tyranitar
|-supereffective|p1b: Tyranitar
|-damage|p1b: Tyranitar|85/100
|
|-weather|Sandstorm|[upkeep]
|-damage|p1a: Sneasler|89/100 slp|[from] Sandstorm
|-damage|p2b: Chema|24/100|[from] Sandstorm
|-fieldend|move: Psychic Terrain
|upkeep
|turn|6
|-message|EndlessAme forfeited.
|
|win|KLOEEE
|l|☆EndlessAme
|player|p2|
||EndlessAme is ready for game 2.
