|j|☆gobra
|j|☆Lorido
|html|gobraLorido    
|uhtml|bestof|Game 1 of a best-of-3
|t:|1784802401
|gametype|doubles
|player|p1|gobra|cynthia-gen4|1127
|player|p2|Lorido|265|1168
|gen|9
|tier|[Gen 9 Champions] VGC 2026 Reg M-B (Bo3)
|rated|
|rule|Species Clause: Limit one of each Pokémon
|rule|Item Clause: Limit 1 of each item
|clearpoke
|poke|p1|Delphox, L50, M|
|poke|p1|Garchomp, L50, F|
|poke|p1|Hydreigon, L50, F|
|poke|p1|Whimsicott, L50, F|
|poke|p1|Orthworm, L50, M|
|poke|p1|Sneasler, L50, F|
|poke|p2|Aerodactyl, L50, F|
|poke|p2|Kingambit, L50, M|
|poke|p2|Sylveon, L50, M|
|poke|p2|Charizard, L50, M|
|poke|p2|Garchomp, L50, F|
|poke|p2|Farigiraf, L50, F|
|teampreview|4
|showteam|p1|Delphox||Delphoxite|Blaze|HeatWave,Psyshock,NastyPlot,Protect|Modest||M|||50|]Garchomp||LifeOrb|RoughSkin|Earthquake,RockSlide,Protect,DragonClaw|Jolly||F|||50|]Hydreigon||ChoiceScarf|Levitate|DarkPulse,Snarl,DracoMeteor,Flamethrower|Timid||F|||50|]Whimsicott||FocusSash|Prankster|Moonblast,Tailwind,Encore,SunnyDay|Timid||F|||50|]Orthworm||SitrusBerry|EarthEater|HeavySlam,ShedTail,BodyPress,HelpingHand|Impish||M|||50|]Sneasler||WhiteHerb|Unburden|DireClaw,CloseCombat,FakeOut,Protect|Jolly||F|||50|
|showteam|p2|Aerodactyl||Aerodactylite|Unnerve|RockSlide,DualWingbeat,IceFang,Tailwind|Jolly||F|||50|]Kingambit||BlackGlasses|Defiant|KowtowCleave,IronHead,SuckerPunch,LowKick|Jolly||M|||50|]Sylveon||FairyFeather|Pixilate|HyperVoice,QuickAttack,HyperBeam,Detect|Modest||M|||50|]Charizard||CharizarditeY|Blaze|HeatWave,WeatherBall,SolarBeam,Protect|Modest||M|||50|]Garchomp||LifeOrb|RoughSkin|DragonClaw,Earthquake,RockSlide,Protect|Jolly||F|||50|]Farigiraf||SitrusBerry|ArmorTail|TwinBeam,Thunderbolt,TrickRoom,HelpingHand|Relaxed||F|||50|
|inactive|Battle timer is ON: inactive players will automatically lose when time's up. (requested by Lorido)
|inactive|gobra also wants the timer to be on.
|inactive|gobra has 60 seconds left.
|
|t:|1784802442
|teamsize|p1|4
|teamsize|p2|4
|start
|switch|p1a: Gitanochomp|Garchomp, L50, F|100/100
|switch|p1b: PrestaElCulo|Orthworm, L50, M|100/100
|switch|p2a: Farigiraf|Farigiraf, L50, F|100/100
|switch|p2b: Sylveon|Sylveon, L50, M|100/100
|turn|1
|inactive|Lorido has 30 seconds left.
|inactive|Lorido has 20 seconds left.
|inactive|Lorido has 15 seconds left.
|
|t:|1784802483
|move|p1a: Gitanochomp|Protect|p1a: Gitanochomp
|-singleturn|p1a: Gitanochomp|Protect
|move|p2b: Sylveon|Detect|p2b: Sylveon
|-singleturn|p2b: Sylveon|Protect
|move|p1b: PrestaElCulo|Heavy Slam|p2b: Sylveon
|-activate|p2b: Sylveon|move: Protect
|move|p2a: Farigiraf|Twin Beam|p1b: PrestaElCulo
|-resisted|p1b: PrestaElCulo|1
|-damage|p1b: PrestaElCulo|92/100
|-resisted|p1b: PrestaElCulo|1
|-damage|p1b: PrestaElCulo|83/100
|-hitcount|p1b: PrestaElCulo|2
|
|upkeep
|turn|2
|
|t:|1784802503
|move|p2a: Farigiraf|Helping Hand|p2b: Sylveon
|-singleturn|p2b: Sylveon|Helping Hand|[of] p2a: Farigiraf
|move|p1a: Gitanochomp|Earthquake|p2a: Farigiraf|[spread] p2a,p2b
|-heal|p1b: PrestaElCulo|100/100|[from] ability: Earth Eater|[of] p1a: Gitanochomp
|-damage|p2a: Farigiraf|65/100
|-damage|p2b: Sylveon|58/100
|-damage|p1a: Gitanochomp|90/100|[from] item: Life Orb
|move|p1b: PrestaElCulo|Heavy Slam|p2b: Sylveon
|-supereffective|p2b: Sylveon|1
|-damage|p2b: Sylveon|0 fnt
|faint|p2b: Sylveon
|
|upkeep
|
|t:|1784802513
|switch|p2b: Garchomp|Garchomp, L50, F|100/100
|turn|3
|
|t:|1784802528
|move|p1a: Gitanochomp|Protect|p1a: Gitanochomp
|-singleturn|p1a: Gitanochomp|Protect
|move|p2b: Garchomp|Dragon Claw|p1a: Gitanochomp
|-activate|p1a: Gitanochomp|move: Protect
|move|p1b: PrestaElCulo|Shed Tail|p1b: PrestaElCulo
|-start|p1b: PrestaElCulo|Substitute|[from] move: Shed Tail
|-damage|p1b: PrestaElCulo|49/100
|-enditem|p1b: PrestaElCulo|Sitrus Berry|[eat]
|-heal|p1b: PrestaElCulo|74/100|[from] item: Sitrus Berry
|
|t:|1784802546
|switch|p1b: DamaConRama|Delphox, L50, M|100/100|[from] Shed Tail
|move|p2a: Farigiraf|Twin Beam|p1b: DamaConRama
|-resisted|p1b: DamaConRama|1
|-activate|p1b: DamaConRama|move: Substitute|[damage]
|-resisted|p1b: DamaConRama|1
|-activate|p1b: DamaConRama|move: Substitute|[damage]
|-hitcount|p1b: DamaConRama|2
|
|upkeep
|turn|4
|
|t:|1784802570
|switch|p1a: PrestaElCulo|Orthworm, L50, M|74/100
|detailschange|p1b: DamaConRama|Delphox-Mega, L50, M
|-mega|p1b: DamaConRama|Delphox|Delphoxite
|move|p1b: DamaConRama|Heat Wave|p2b: Garchomp|[spread] p2a,p2b
|-resisted|p2b: Garchomp|1
|-crit|p2b: Garchomp
|-damage|p2a: Farigiraf|22/100
|-damage|p2b: Garchomp|62/100
|-enditem|p2a: Farigiraf|Sitrus Berry|[eat]
|-heal|p2a: Farigiraf|47/100|[from] item: Sitrus Berry
|move|p2b: Garchomp|Dragon Claw|p1a: PrestaElCulo
|-resisted|p1a: PrestaElCulo|1
|-damage|p1a: PrestaElCulo|54/100
|-damage|p2b: Garchomp|52/100|[from] item: Life Orb
|move|p2a: Farigiraf|Trick Room|p2a: Farigiraf
|-fieldstart|move: Trick Room|[of] p2a: Farigiraf
|
|upkeep
|turn|5
|
|t:|1784802593
|move|p1a: PrestaElCulo|Helping Hand|p1b: DamaConRama
|-singleturn|p1b: DamaConRama|Helping Hand|[of] p1a: PrestaElCulo
|move|p2b: Garchomp|Protect|p2b: Garchomp
|-singleturn|p2b: Garchomp|Protect
|move|p2a: Farigiraf|Thunderbolt|p1b: DamaConRama
|-end|p1b: DamaConRama|Substitute
|move|p1b: DamaConRama|Heat Wave|p2a: Farigiraf|[spread] 
|-activate|p2b: Garchomp|move: Protect
|-miss|p1b: DamaConRama|p2a: Farigiraf
|
|upkeep
|turn|6
|inactive|gobra has 30 seconds left.
|
|t:|1784802627
|move|p2a: Farigiraf|Helping Hand|p2b: Garchomp
|-singleturn|p2b: Garchomp|Helping Hand|[of] p2a: Farigiraf
|move|p1b: DamaConRama|Protect|p1b: DamaConRama
|-singleturn|p1b: DamaConRama|Protect
|move|p1a: PrestaElCulo|Body Press|p2a: Farigiraf
|-damage|p2a: Farigiraf|26/100
|move|p2b: Garchomp|Rock Slide|p1b: DamaConRama|[spread] p1a
|-activate|p1b: DamaConRama|move: Protect
|-resisted|p1a: PrestaElCulo|1
|-damage|p1a: PrestaElCulo|41/100
|-damage|p2b: Garchomp|43/100|[from] item: Life Orb
|
|upkeep
|turn|7
|
|t:|1784802649
|switch|p1b: Gitanochomp|Garchomp, L50, F|90/100
|move|p2a: Farigiraf|Helping Hand|p2b: Garchomp
|-singleturn|p2b: Garchomp|Helping Hand|[of] p2a: Farigiraf
|move|p1a: PrestaElCulo|Body Press|p2a: Farigiraf
|-damage|p2a: Farigiraf|7/100
|move|p2b: Garchomp|Rock Slide|p1a: PrestaElCulo|[spread] p1a,p1b
|-resisted|p1a: PrestaElCulo|1
|-resisted|p1b: Gitanochomp|1
|-damage|p1a: PrestaElCulo|29/100
|-damage|p1b: Gitanochomp|73/100
|-damage|p2b: Garchomp|33/100|[from] item: Life Orb
|
|upkeep
|turn|8
|inactive|Lorido has 30 seconds left.
|
|t:|1784802675
|move|p1a: PrestaElCulo|Helping Hand|p1b: Gitanochomp
|-singleturn|p1b: Gitanochomp|Helping Hand|[of] p1a: PrestaElCulo
|move|p2a: Farigiraf|Twin Beam|p1b: Gitanochomp
|-damage|p1b: Gitanochomp|59/100
|-damage|p1b: Gitanochomp|42/100
|-hitcount|p1b: Gitanochomp|2
|move|p1b: Gitanochomp|Earthquake|p2a: Farigiraf|[spread] p2a,p2b
|-heal|p1a: PrestaElCulo|54/100|[from] ability: Earth Eater|[of] p1b: Gitanochomp
|-damage|p2a: Farigiraf|0 fnt
|-damage|p2b: Garchomp|0 fnt
|faint|p2a: Farigiraf
|faint|p2b: Garchomp
|-damage|p1b: Gitanochomp|32/100|[from] item: Life Orb
|
|-fieldend|move: Trick Room
|upkeep
|
|t:|1784802685
|switch|p2b: Aerodactyl|Aerodactyl, L50, F|100/100
|-ability|p2b: Aerodactyl|Unnerve
|turn|9
|
|t:|1784802691
|move|p2b: Aerodactyl|Dual Wingbeat|p1a: PrestaElCulo
|-resisted|p1a: PrestaElCulo|1
|-damage|p1a: PrestaElCulo|48/100
|-resisted|p1a: PrestaElCulo|1
|-damage|p1a: PrestaElCulo|41/100
|-hitcount|p1a: PrestaElCulo|2
|move|p1b: Gitanochomp|Rock Slide|p2b: Aerodactyl
|-supereffective|p2b: Aerodactyl|1
|-crit|p2b: Aerodactyl
|-damage|p2b: Aerodactyl|0 fnt
|faint|p2b: Aerodactyl
|-damage|p1b: Gitanochomp|22/100|[from] item: Life Orb
|
|win|gobra
