|j|☆StoryTimeJGXD
|j|☆ToastedArt
|html|StoryTimeJGXDToastedArt    
|uhtml|bestof|Game 1 of a best-of-3
|t:|1785704743
|gametype|doubles
|player|p1|StoryTimeJGXD|170|1197
|player|p2|ToastedArt|iris|1230
|gen|9
|tier|[Gen 9 Champions] VGC 2026 Reg M-B (Bo3)
|rated|
|rule|Species Clause: Limit one of each Pokémon
|rule|Item Clause: Limit 1 of each item
|clearpoke
|poke|p1|Raichu, L50, F, shiny|
|poke|p1|Scizor, L50, M|
|poke|p1|Basculegion, L50, M|
|poke|p1|Aerodactyl, L50, M|
|poke|p1|Sylveon, L50, M|
|poke|p1|Scovillain, L50, M|
|poke|p2|Staraptor, L50, M|
|poke|p2|Gholdengo, L50|
|poke|p2|Incineroar, L50, M|
|poke|p2|Sinistcha, L50|
|poke|p2|Arcanine-Hisui, L50, F|
|poke|p2|Zoroark-Hisui, L50, M|
|teampreview|4
|showteam|p1|Raichu||RaichuniteY|Static|FakeOut,ZapCannon,FocusBlast,Protect|Timid||F|||50|]Scizor||ExpertBelt|Technician|BugBite,CloseCombat,BulletPunch,Protect|Adamant||M|||50|]Basculegion||ChoiceScarf|Adaptability|FlipTurn,WaveCrash,LastRespects,AquaJet|Adamant||M|||50|]Aerodactyl||FocusSash|Unnerve|DualWingbeat,RockSlide,Tailwind,Protect|Jolly||M|||50|]Sylveon||FairyFeather|Pixilate|HyperVoice,HyperBeam,QuickAttack,Detect|Modest||M|||50|]Scovillain||Scovillainite|Moody|GigaDrain,Protect,RagePowder,LeechSeed|Bold||M|||50|
|showteam|p2|Staraptor||Staraptite|Intimidate|CloseCombat,DualWingbeat,Tailwind,Protect|Jolly||M|||50|]Gholdengo||LifeOrb|GoodasGold|MakeItRain,ShadowBall,NastyPlot,Protect|Modest|||||50|]Incineroar||SitrusBerry|Intimidate|PartingShot,FlareBlitz,ThroatChop,FakeOut|Careful||M|||50|]Sinistcha||ColburBerry|Hospitality|MatchaGotcha,RagePowder,TrickRoom,Protect|Relaxed|||||50|]Arcanine-Hisui||FocusSash|RockHead|FlareBlitz,HeadSmash,ExtremeSpeed,Protect|Jolly||F|||50|]Zoroark-Hisui||ChoiceScarf|Illusion|ShadowBall,IcyWind,Extrasensory,HyperVoice|Timid||M|||50|
|inactive|Battle timer is ON: inactive players will automatically lose when time's up. (requested by ToastedArt)
|inactive|ToastedArt has 60 seconds left.
|
|t:|1785704802
|teamsize|p1|4
|teamsize|p2|4
|start
|switch|p1a: Quesita|Raichu, L50, F, shiny|100/100
|switch|p1b: Basculegion|Basculegion, L50, M|100/100
|switch|p2a: Gholdengo|Gholdengo, L50|100/100
|switch|p2b: Pickle Cup|Sinistcha, L50|100/100
|turn|1
|
|t:|1785704813
|detailschange|p1a: Quesita|Raichu-Mega-Y, L50, F, shiny
|-mega|p1a: Quesita|Raichu|Raichunite Y
|move|p2b: Pickle Cup|Rage Powder|p2b: Pickle Cup
|-singleturn|p2b: Pickle Cup|move: Rage Powder
|move|p1a: Quesita|Zap Cannon|p2b: Pickle Cup
|-resisted|p2b: Pickle Cup|1
|-damage|p2b: Pickle Cup|67/100
|-status|p2b: Pickle Cup|par
|move|p1b: Basculegion|Flip Turn|p2b: Pickle Cup
|-resisted|p2b: Pickle Cup|1
|-damage|p2b: Pickle Cup|50/100y par
|
|t:|1785704818
|switch|p1b: Aerodactyl|Aerodactyl, L50, M|100/100|[from] Flip Turn
|-ability|p1b: Aerodactyl|Unnerve
|move|p2a: Gholdengo|Shadow Ball|p1b: Aerodactyl
|-damage|p1b: Aerodactyl|17/100
|-damage|p2a: Gholdengo|90/100|[from] item: Life Orb
|
|upkeep
|turn|2
|
|t:|1785704837
|move|p1a: Quesita|Protect|p1a: Quesita
|-singleturn|p1a: Quesita|Protect
|move|p2b: Pickle Cup|Rage Powder|p2b: Pickle Cup
|-singleturn|p2b: Pickle Cup|move: Rage Powder
|move|p1b: Aerodactyl|Dual Wingbeat|p2b: Pickle Cup
|-supereffective|p2b: Pickle Cup|1
|-damage|p2b: Pickle Cup|19/100 par
|-supereffective|p2b: Pickle Cup|1
|-damage|p2b: Pickle Cup|0 fnt
|faint|p2b: Pickle Cup
|-hitcount|p2: Pickle Cup|2
|move|p2a: Gholdengo|Nasty Plot|p2a: Gholdengo
|-boost|p2a: Gholdengo|spa|2
|
|upkeep
|
|t:|1785704848
|switch|p2b: Staraptor|Staraptor, L50, M|100/100
|turn|3
|
|t:|1785704859
|move|p2b: Staraptor|Hyper Voice|p1a: Quesita|[spread] p1a,p1b
|-resisted|p1b: Aerodactyl|1
|-damage|p1a: Quesita|44/100
|-damage|p1b: Aerodactyl|0 fnt
|faint|p1b: Aerodactyl
|move|p1a: Quesita|Zap Cannon|p2a: Gholdengo
|-damage|p2a: Gholdengo|17/100
|-status|p2a: Gholdengo|par
|move|p2a: Gholdengo|Nasty Plot|p2a: Gholdengo
|-boost|p2a: Gholdengo|spa|2
|
|upkeep
|
|t:|1785704863
|switch|p1b: Basculegion|Basculegion, L50, M|100/100
|turn|4
|inactive|StoryTimeJGXD has 30 seconds left.
|
|t:|1785704891
|switch|p1a: Chiaki|Sylveon, L50, M|100/100
|switch|p2a: Staraptor|Staraptor, L50, M|100/100
|-ability|p2a: Staraptor|Intimidate|boost
|-unboost|p1a: Chiaki|atk|1
|-unboost|p1b: Basculegion|atk|1
|move|p2b: Staraptor|Hyper Voice|p1a: Chiaki|[spread] p1a
|-immune|p1b: Basculegion
|-damage|p1a: Chiaki|70/100
|move|p1b: Basculegion|Flip Turn|p2a: Staraptor
|-damage|p2a: Staraptor|64/100
|
|t:|1785704900
|switch|p1b: Quesita|Raichu-Mega-Y, L50, F, shiny|44/100|[from] Flip Turn
|
|upkeep
|turn|5
|-message|ToastedArt forfeited.
|
|win|StoryTimeJGXD
