|j|☆328August
|j|☆iwonagainstwolfe
|html|328Augustiwonagainstwolfe    
|uhtml|bestof|Game 2 of a best-of-3
|t:|1784143493
|gametype|doubles
|player|p1|328August|265|1063
|player|p2|iwonagainstwolfe|clown|1083
|gen|9
|tier|[Gen 9 Champions] VGC 2026 Reg M-B (Bo3)
|rated|
|rule|Species Clause: Limit one of each Pokémon
|rule|Item Clause: Limit 1 of each item
|clearpoke
|poke|p1|Skarmory, L50, F|
|poke|p1|Sinistcha-Masterpiece, L50|
|poke|p1|Incineroar, L50, M|
|poke|p1|Pelipper, L50, M|
|poke|p1|Archaludon, L50, F|
|poke|p1|Swampert, L50, M|
|poke|p2|Venusaur, L50, F|
|poke|p2|Grimmsnarl, L50, M|
|poke|p2|Pelipper, L50, F|
|poke|p2|Archaludon, L50, M|
|poke|p2|Charizard, L50, F|
|poke|p2|Basculegion, L50, M|
|teampreview|4
|showteam|p1|Skarmory||Skarmorite|WeakArmor|IronHead,BraveBird,SwordsDance,Protect|Adamant||F|||50|]Sinistcha-Masterpiece||ColburBerry|Hospitality|RagePowder,MatchaGotcha,TrickRoom,Protect|Bold|||||50|]Incineroar||SitrusBerry|Intimidate|FakeOut,FlareBlitz,PartingShot,Protect|Sassy||M|||50|]Pelipper||FocusSash|Drizzle|WeatherBall,Hurricane,WideGuard,Tailwind|Modest||M|||50|]Archaludon||LifeOrb|Stamina|ElectroShot,FlashCannon,DragonPulse,Protect|Modest||F|||50|]Swampert||Swampertite|Damp|WaveCrash,Earthquake,BulkUp,Protect|Adamant||M|||50|
|showteam|p2|Venusaur||Venusaurite|Chlorophyll|SludgeBomb,EarthPower,SleepPowder,Protect|Modest||F|||50|]Grimmsnarl||LightClay|Prankster|SpiritBreak,Reflect,LightScreen,PartingShot|Careful||M|||50|]Pelipper||SitrusBerry|Drizzle|Hurricane,WeatherBall,Tailwind,WideGuard|Modest||F|||50|]Archaludon||Leftovers|Stamina|DragonPulse,FlashCannon,ElectroShot,Protect|Modest||M|||50|]Charizard||CharizarditeY|Blaze|HeatWave,SolarBeam,WeatherBall,Protect|Modest||F|||50|]Basculegion||ChoiceScarf|Adaptability|WaveCrash,FlipTurn,LastRespects,AquaJet|Jolly||M|||50|
|
|t:|1784143525
|teamsize|p1|4
|teamsize|p2|4
|start
|switch|p1a: Incineroar|Incineroar, L50, M|100/100
|switch|p1b: Skarmory|Skarmory, L50, F|100/100
|switch|p2a: Grimmsnarl|Grimmsnarl, L50, M|100/100
|switch|p2b: Archaludon|Archaludon, L50, M|100/100
|-ability|p1a: Incineroar|Intimidate|boost
|-unboost|p2a: Grimmsnarl|atk|1
|-unboost|p2b: Archaludon|atk|1
|turn|1
|
|t:|1784143541
|detailschange|p1b: Skarmory|Skarmory-Mega, L50, F
|-mega|p1b: Skarmory|Skarmory|Skarmorite
|move|p2b: Archaludon|Protect|p2b: Archaludon
|-singleturn|p2b: Archaludon|Protect
|move|p2a: Grimmsnarl|Parting Shot|p1b: Skarmory
|-unboost|p1b: Skarmory|atk|1
|-unboost|p1b: Skarmory|spa|1
|
|t:|1784143548
|switch|p2a: Venusaur|Venusaur, L50, F|100/100|[from] Parting Shot
|move|p1b: Skarmory|Swords Dance|p1b: Skarmory
|-boost|p1b: Skarmory|atk|2
|move|p1a: Incineroar|Parting Shot|p2b: Archaludon
|-activate|p2b: Archaludon|move: Protect
|
|upkeep
|turn|2
|
|t:|1784143567
|switch|p2b: Grimmsnarl|Grimmsnarl, L50, M|100/100
|move|p1b: Skarmory|Protect|p1b: Skarmory
|-singleturn|p1b: Skarmory|Protect
|move|p2a: Venusaur|Sleep Powder|p1b: Skarmory
|-activate|p1b: Skarmory|move: Protect
|move|p1a: Incineroar|Parting Shot|p2b: Grimmsnarl
|-unboost|p2b: Grimmsnarl|atk|1
|-unboost|p2b: Grimmsnarl|spa|1
|
|t:|1784143579
|switch|p1a: Pelipper|Pelipper, L50, M|100/100|[from] Parting Shot
|-weather|RainDance|[from] ability: Drizzle|[of] p1a: Pelipper
|
|-weather|RainDance|[upkeep]
|upkeep
|turn|3
|
|t:|1784143591
|move|p2b: Grimmsnarl|Reflect|p2b: Grimmsnarl
|-sidestart|p2: iwonagainstwolfe|Reflect
|move|p1b: Skarmory|Brave Bird|p2a: Venusaur
|-supereffective|p2a: Venusaur|1
|-damage|p2a: Venusaur|0 fnt
|faint|p2a: Venusaur
|-damage|p1b: Skarmory|57/100|[from] Recoil
|move|p1a: Pelipper|Hurricane|p2b: Grimmsnarl
|-damage|p2b: Grimmsnarl|53/100
|-start|p2b: Grimmsnarl|confusion
|
|-weather|RainDance|[upkeep]
|upkeep
|
|t:|1784143602
|switch|p2a: Archaludon|Archaludon, L50, M|100/100
|turn|4
|
|t:|1784143625
|switch|p1a: Incineroar|Incineroar, L50, M|100/100
|-ability|p1a: Incineroar|Intimidate|boost
|-unboost|p2a: Archaludon|atk|1
|-unboost|p2b: Grimmsnarl|atk|1
|-activate|p2b: Grimmsnarl|confusion
|-damage|p2b: Grimmsnarl|48/100|[from] confusion
|move|p1b: Skarmory|Iron Head|p2b: Grimmsnarl
|-supereffective|p2b: Grimmsnarl|1
|-damage|p2b: Grimmsnarl|0 fnt
|faint|p2b: Grimmsnarl
|move|p2a: Archaludon|Electro Shot||[still]
|-prepare|p2a: Archaludon|Electro Shot
|-boost|p2a: Archaludon|spa|1
|-anim|p2a: Archaludon|Electro Shot|p1a: Incineroar
|-damage|p1a: Incineroar|52/100
|
|-weather|RainDance|[upkeep]
|upkeep
|
|t:|1784143631
|switch|p2b: Basculegion|Basculegion, L50, M|100/100
|turn|5
|
|t:|1784143667
|switch|p1b: Archaludon|Archaludon, L50, F|100/100
|move|p1a: Incineroar|Protect|p1a: Incineroar
|-singleturn|p1a: Incineroar|Protect
|move|p2b: Basculegion|Last Respects|p1b: Archaludon
|-damage|p1b: Archaludon|34/100
|-ability|p1b: Archaludon|Stamina|boost
|-boost|p1b: Archaludon|def|1
|move|p2a: Archaludon|Electro Shot||[still]
|-prepare|p2a: Archaludon|Electro Shot
|-boost|p2a: Archaludon|spa|1
|-anim|p2a: Archaludon|Electro Shot|p1a: Incineroar
|-activate|p1a: Incineroar|move: Protect
|
|-weather|RainDance|[upkeep]
|upkeep
|turn|6
|
|t:|1784143686
|switch|p1a: Skarmory|Skarmory-Mega, L50, F|57/100
|move|p1b: Archaludon|Protect|p1b: Archaludon
|-singleturn|p1b: Archaludon|Protect
|move|p2b: Basculegion|Last Respects|p1b: Archaludon
|-activate|p1b: Archaludon|move: Protect
|move|p2a: Archaludon|Electro Shot||[still]
|-prepare|p2a: Archaludon|Electro Shot
|-boost|p2a: Archaludon|spa|1
|-anim|p2a: Archaludon|Electro Shot|p1a: Skarmory
|-supereffective|p1a: Skarmory|1
|-damage|p1a: Skarmory|0 fnt
|faint|p1a: Skarmory
|
|-weather|none
|upkeep
|
|t:|1784143693
|switch|p1a: Pelipper|Pelipper, L50, M|100/100
|-weather|RainDance|[from] ability: Drizzle|[of] p1a: Pelipper
|turn|7
|
|t:|1784143696
|switch|p1b: Incineroar|Incineroar, L50, M|52/100
|-ability|p1b: Incineroar|Intimidate|boost
|-unboost|p2a: Archaludon|atk|1
|-unboost|p2b: Basculegion|atk|1
|move|p2b: Basculegion|Last Respects|p1a: Pelipper
|-damage|p1a: Pelipper|36/100
|move|p2a: Archaludon|Dragon Pulse|p1b: Incineroar
|-damage|p1b: Incineroar|0 fnt
|faint|p1b: Incineroar
|move|p1a: Pelipper|Tailwind|p1a: Pelipper
|-sidestart|p1: 328August|move: Tailwind
|
|-weather|RainDance|[upkeep]
|upkeep
|
|t:|1784143705
|switch|p1b: Archaludon|Archaludon, L50, F|34/100
|turn|8
|inactive|Battle timer is ON: inactive players will automatically lose when time's up. (requested by iwonagainstwolfe)
|
|t:|1784143714
|move|p1b: Archaludon|Electro Shot||[still]
|-prepare|p1b: Archaludon|Electro Shot
|-boost|p1b: Archaludon|spa|1
|-anim|p1b: Archaludon|Electro Shot|p2b: Basculegion
|-supereffective|p2b: Basculegion|1
|-damage|p2b: Basculegion|0 fnt
|faint|p2b: Basculegion
|-damage|p1b: Archaludon|24/100|[from] item: Life Orb
|move|p1a: Pelipper|Weather Ball|p2a: Archaludon
|-resisted|p2a: Archaludon|1
|-damage|p2a: Archaludon|61/100
|-ability|p2a: Archaludon|Stamina|boost
|-boost|p2a: Archaludon|def|1
|move|p2a: Archaludon|Dragon Pulse|p1b: Archaludon
|-damage|p1b: Archaludon|0 fnt
|faint|p1b: Archaludon
|
|-weather|RainDance|[upkeep]
|-heal|p2a: Archaludon|68/100|[from] item: Leftovers
|upkeep
|turn|9
|
|t:|1784143722
|move|p2a: Archaludon|Protect|p2a: Archaludon
|-singleturn|p2a: Archaludon|Protect
|move|p1a: Pelipper|Weather Ball|p2a: Archaludon
|-activate|p2a: Archaludon|move: Protect
|
|-weather|RainDance|[upkeep]
|-heal|p2a: Archaludon|74/100|[from] item: Leftovers
|upkeep
|turn|10
|
|t:|1784143725
|move|p1a: Pelipper|Weather Ball|p2a: Archaludon
|-resisted|p2a: Archaludon|1
|-damage|p2a: Archaludon|38/100
|-ability|p2a: Archaludon|Stamina|boost
|-boost|p2a: Archaludon|def|1
|move|p2a: Archaludon|Dragon Pulse|p1a: Pelipper
|-damage|p1a: Pelipper|0 fnt
|faint|p1a: Pelipper
|
|win|iwonagainstwolfe
