|j|☆ButterHarmo
|j|☆Craftulaa
|html|ButterHarmoCraftulaa    
|uhtml|bestof|Game 3 of a best-of-3
|t:|1785901095
|gametype|doubles
|player|p1|ButterHarmo|2|
|player|p2|Craftulaa|101|
|gen|9
|tier|[Gen 9 Champions] VGC 2026 Reg M-B (Bo3)
|rule|Species Clause: Limit one of each Pokémon
|rule|Item Clause: Limit 1 of each item
|clearpoke
|poke|p1|Gholdengo, L50|
|poke|p1|Incineroar, L50, M|
|poke|p1|Aerodactyl, L50, F|
|poke|p1|Sinistcha, L50|
|poke|p1|Typhlosion-Hisui, L50, M|
|poke|p1|Garchomp, L50, F|
|poke|p2|Garchomp, L50, F|
|poke|p2|Scrafty, L50, M|
|poke|p2|Corviknight, L50, F|
|poke|p2|Toxapex, L50, M|
|poke|p2|Froslass, L50, F|
|poke|p2|Sneasler, L50, M|
|teampreview|4
|showteam|p1|Gholdengo||LifeOrb|GoodasGold|NastyPlot,MakeItRain,Thunderbolt,ShadowBall|Modest|||||50|]Incineroar||Leftovers|Intimidate|FakeOut,DarkestLariat,PartingShot,FlareBlitz|Adamant||M|||50|]Aerodactyl||Aerodactylite|Unnerve|Tailwind,RockSlide,Protect,DualWingbeat|Jolly||F|||50|]Sinistcha||SitrusBerry|Hospitality|MatchaGotcha,LifeDew,Protect,RagePowder|Modest|||||50|]Typhlosion-Hisui||ChoiceScarf|Blaze|FireBlast,Extrasensory,InfernalParade,NightShade|Modest||M|||50|]Garchomp||LumBerry|SandVeil|Earthquake,RockSlide,DragonClaw,Protect|Jolly||F|||50|
|showteam|p2|Garchomp||LifeOrb|RoughSkin|Earthquake,RockSlide,DragonClaw,Protect|Jolly||F|||50|]Scrafty||Scraftinite|Intimidate|DrainPunch,Detect,KnockOff,FakeOut|Careful||M|||50|]Corviknight||SitrusBerry|MirrorArmor|Protect,IronDefense,BodyPress,Roost|Careful||F|||50|]Toxapex||Leftovers|Regenerator|BanefulBunker,WideGuard,Toxic,Infestation|Careful||M|||50|]Froslass||Froslassite|CursedBody|AuroraVeil,Blizzard,ShadowBall,Protect|Timid||F|||50|]Sneasler||FocusSash|PoisonTouch|PoisonJab,Protect,FakeOut,CloseCombat|Jolly||M|||50|
|j| Joaquu_
|
|t:|1785901140
|teamsize|p1|4
|teamsize|p2|4
|start
|switch|p1a: Incineroar|Incineroar, L50, M|100/100
|switch|p1b: Gholdengo|Gholdengo, L50|100/100
|switch|p2a: Froslass|Froslass, L50, F|100/100
|switch|p2b: Garchomp|Garchomp, L50, F|100/100
|-ability|p1a: Incineroar|Intimidate|boost
|-unboost|p2a: Froslass|atk|1
|-unboost|p2b: Garchomp|atk|1
|turn|1
|
|t:|1785901188
|switch|p1b: Garchomp|Garchomp, L50, F|100/100
|move|p2a: Froslass|Protect|p2a: Froslass
|-singleturn|p2a: Froslass|Protect
|move|p1a: Incineroar|Fake Out|p2b: Garchomp
|-damage|p2b: Garchomp|87/100
|-damage|p1a: Incineroar|87/100|[from] ability: Rough Skin|[of] p2b: Garchomp
|cant|p2b: Garchomp|flinch
|
|-heal|p1a: Incineroar|93/100|[from] item: Leftovers
|upkeep
|turn|2
|
|t:|1785901218
|switch|p2b: Scrafty|Scrafty, L50, M|100/100
|-ability|p2b: Scrafty|Intimidate|boost
|-unboost|p1a: Incineroar|atk|1
|-unboost|p1b: Garchomp|atk|1
|detailschange|p2a: Froslass|Froslass-Mega, L50, F
|-mega|p2a: Froslass|Froslass|Froslassite
|-weather|Snowscape|[from] ability: Snow Warning|[of] p2a: Froslass
|move|p2a: Froslass|Aurora Veil|p2a: Froslass
|-sidestart|p2: Craftulaa|move: Aurora Veil
|move|p1b: Garchomp|Dragon Claw|p2b: Scrafty
|-damage|p2b: Scrafty|80/100
|move|p1a: Incineroar|Parting Shot|p2b: Scrafty
|-unboost|p2b: Scrafty|atk|1
|-unboost|p2b: Scrafty|spa|1
|
|t:|1785901237
|switch|p1a: Gholdengo|Gholdengo, L50|100/100|[from] Parting Shot
|
|-weather|Snowscape|[upkeep]
|upkeep
|turn|3
|l| Joaquu_
|
|t:|1785901283
|move|p2a: Froslass|Blizzard|p1a: Gholdengo|[spread] p1a,p1b
|-resisted|p1a: Gholdengo|1
|-supereffective|p1b: Garchomp|2
|-damage|p1a: Gholdengo|75/100
|-damage|p1b: Garchomp|0 fnt
|faint|p1b: Garchomp
|move|p1a: Gholdengo|Make It Rain|p2b: Scrafty|[spread] p2a,p2b
|-supereffective|p2a: Froslass|1
|-crit|p2a: Froslass
|-damage|p2a: Froslass|0 fnt
|-damage|p2b: Scrafty|51/100
|-unboost|p1a: Gholdengo|spa|2
|faint|p2a: Froslass
|-damage|p1a: Gholdengo|65/100|[from] item: Life Orb
|move|p2b: Scrafty|Knock Off|p1a: Gholdengo
|-supereffective|p1a: Gholdengo|1
|-damage|p1a: Gholdengo|21/100
|-enditem|p1a: Gholdengo|Life Orb|[from] move: Knock Off|[of] p2b: Scrafty
|
|-weather|Snowscape|[upkeep]
|upkeep
|
|t:|1785901304
|switch|p2a: Garchomp|Garchomp, L50, F|87/100
|switch|p1b: Sinistcha|Sinistcha, L50|100/100
|-heal|p1a: Gholdengo|46/100|[from] ability: Hospitality|[of] p1b: Sinistcha
|turn|4
|j| SirOmiinouss
|
|t:|1785901329
|switch|p1a: Incineroar|Incineroar, L50, M|93/100
|-ability|p1a: Incineroar|Intimidate|boost
|-unboost|p2a: Garchomp|atk|1
|-unboost|p2b: Scrafty|atk|1
|move|p2b: Scrafty|Detect|p2b: Scrafty
|-singleturn|p2b: Scrafty|Protect
|move|p2a: Garchomp|Earthquake|p1b: Sinistcha|[spread] p1a,p1b
|-activate|p2b: Scrafty|move: Protect
|-supereffective|p1a: Incineroar|1
|-resisted|p1b: Sinistcha|1
|-damage|p1a: Incineroar|32/100
|-damage|p1b: Sinistcha|80/100
|-damage|p2a: Garchomp|77/100|[from] item: Life Orb
|move|p1b: Sinistcha|Matcha Gotcha|p2a: Garchomp|[spread] p2a
|-activate|p2b: Scrafty|move: Protect
|-damage|p2a: Garchomp|55/100
|-heal|p1b: Sinistcha|93/100|[from] drain|[of] p2a: Garchomp
|
|-weather|Snowscape|[upkeep]
|-heal|p1a: Incineroar|38/100|[from] item: Leftovers
|upkeep
|turn|5
|
|t:|1785901372
|switch|p2a: Toxapex|Toxapex, L50, M|100/100
|move|p1b: Sinistcha|Protect|p1b: Sinistcha
|-singleturn|p1b: Sinistcha|Protect
|move|p1a: Incineroar|Fake Out|p2a: Toxapex
|-damage|p2a: Toxapex|92/100
|move|p2b: Scrafty|Knock Off|p1a: Incineroar
|-resisted|p1a: Incineroar|1
|-damage|p1a: Incineroar|30/100
|-enditem|p1a: Incineroar|Leftovers|[from] move: Knock Off|[of] p2b: Scrafty
|
|-weather|Snowscape|[upkeep]
|-heal|p2a: Toxapex|98/100|[from] item: Leftovers
|upkeep
|turn|6
|
|t:|1785901415
|switch|p1b: Gholdengo|Gholdengo, L50|46/100
|move|p1a: Incineroar|Parting Shot|p2b: Scrafty
|-unboost|p2b: Scrafty|atk|1
|-unboost|p2b: Scrafty|spa|1
|
|t:|1785901421
|switch|p1a: Sinistcha|Sinistcha, L50|93/100|[from] Parting Shot
|-heal|p1b: Gholdengo|71/100|[from] ability: Hospitality|[of] p1a: Sinistcha
|move|p2b: Scrafty|Drain Punch|p1a: Sinistcha
|-immune|p1a: Sinistcha
|move|p2a: Toxapex|Toxic|p1b: Gholdengo
|-immune|p1b: Gholdengo|[from] ability: Good as Gold
|
|-weather|none
|-heal|p2a: Toxapex|100/100|[from] item: Leftovers
|-sideend|p2: Craftulaa|move: Aurora Veil
|upkeep
|turn|7
|
|t:|1785901473
|switch|p2b: Garchomp|Garchomp, L50, F|55/100
|move|p1b: Gholdengo|Make It Rain|p2a: Toxapex|[spread] p2a,p2b
|-resisted|p2a: Toxapex|1
|-damage|p2a: Toxapex|82/100
|-damage|p2b: Garchomp|0 fnt
|-unboost|p1b: Gholdengo|spa|2
|faint|p2b: Garchomp
|move|p1a: Sinistcha|Matcha Gotcha|p2a: Toxapex|[miss]
|-miss|p1a: Sinistcha|p2a: Toxapex
|move|p2a: Toxapex|Toxic|p1a: Sinistcha
|-status|p1a: Sinistcha|tox
|
|-heal|p2a: Toxapex|87/100|[from] item: Leftovers
|-damage|p1a: Sinistcha|86/100 tox|[from] psn
|upkeep
|
|t:|1785901492
|switch|p2b: Scrafty|Scrafty, L50, M|51/100
|-ability|p2b: Scrafty|Intimidate|boost
|-unboost|p1a: Sinistcha|atk|1
|-unboost|p1b: Gholdengo|atk|1
|turn|8
|
|t:|1785901512
|switch|p1b: Incineroar|Incineroar, L50, M|30/100
|-ability|p1b: Incineroar|Intimidate|boost
|-unboost|p2a: Toxapex|atk|1
|-unboost|p2b: Scrafty|atk|1
|move|p1a: Sinistcha|Protect|p1a: Sinistcha
|-singleturn|p1a: Sinistcha|Protect
|move|p2b: Scrafty|Drain Punch|p1b: Incineroar
|-supereffective|p1b: Incineroar|1
|-damage|p1b: Incineroar|1/100
|-heal|p2b: Scrafty|66/100|[from] drain|[of] p1b: Incineroar
|move|p2a: Toxapex|Infestation|p1b: Incineroar
|-damage|p1b: Incineroar|0 fnt
|faint|p1b: Incineroar
|
|-heal|p2a: Toxapex|93/100|[from] item: Leftovers
|-damage|p1a: Sinistcha|74/100 tox|[from] psn
|upkeep
|
|t:|1785901532
|switch|p1b: Gholdengo|Gholdengo, L50|71/100
|turn|9
|
|t:|1785901542
|move|p1b: Gholdengo|Thunderbolt|p2a: Toxapex
|-supereffective|p2a: Toxapex|1
|-damage|p2a: Toxapex|43/100
|move|p1a: Sinistcha|Matcha Gotcha|p2b: Scrafty|[spread] p2a,p2b
|-damage|p2a: Toxapex|24/100
|-heal|p1a: Sinistcha|84/100 tox|[from] drain|[of] p2a: Toxapex
|-damage|p2b: Scrafty|44/100
|-heal|p1a: Sinistcha|96/100 tox|[from] drain|[of] p2b: Scrafty
|-status|p2a: Toxapex|brn
|move|p2b: Scrafty|Knock Off|p1b: Gholdengo
|-supereffective|p1b: Gholdengo|1
|-damage|p1b: Gholdengo|37/100
|move|p2a: Toxapex|Infestation|p1b: Gholdengo
|-resisted|p1b: Gholdengo|2
|-damage|p1b: Gholdengo|37/100
|-activate|p1b: Gholdengo|move: Infestation|[of] p2a: Toxapex
|
|-heal|p2a: Toxapex|29/100 brn|[from] item: Leftovers
|-damage|p1a: Sinistcha|77/100 tox|[from] psn
|-damage|p2a: Toxapex|24/100 brn|[from] brn
|-damage|p1b: Gholdengo|25/100|[from] move: Infestation|[partiallytrapped]
|upkeep
|turn|10
|
|t:|1785901585
|move|p2a: Toxapex|Wide Guard|p2a: Toxapex
|-singleturn|p2a: Toxapex|Wide Guard
|move|p1b: Gholdengo|Make It Rain|p2a: Toxapex|[spread] 
|-activate|p2a: Toxapex|move: Wide Guard
|-activate|p2b: Scrafty|move: Wide Guard
|move|p1a: Sinistcha|Matcha Gotcha|p2b: Scrafty|[spread] 
|-activate|p2a: Toxapex|move: Wide Guard
|-activate|p2b: Scrafty|move: Wide Guard
|move|p2b: Scrafty|Knock Off|p1a: Sinistcha
|-supereffective|p1a: Sinistcha|1
|-damage|p1a: Sinistcha|31/100 tox
|-enditem|p1a: Sinistcha|Sitrus Berry|[from] move: Knock Off|[of] p2b: Scrafty
|
|-heal|p2a: Toxapex|29/100 brn|[from] item: Leftovers
|-damage|p1a: Sinistcha|6/100 tox|[from] psn
|-damage|p2a: Toxapex|24/100 brn|[from] brn
|-damage|p1b: Gholdengo|12/100|[from] move: Infestation|[partiallytrapped]
|upkeep
|turn|11
|
|t:|1785901612
|move|p2b: Scrafty|Detect|p2b: Scrafty
|-singleturn|p2b: Scrafty|Protect
|move|p2a: Toxapex|Baneful Bunker||[still]
|-fail|p2a: Toxapex
|move|p1b: Gholdengo|Make It Rain|p2b: Scrafty|[spread] p2a
|-activate|p2b: Scrafty|move: Protect
|-resisted|p2a: Toxapex|1
|-damage|p2a: Toxapex|5/100 brn
|-unboost|p1b: Gholdengo|spa|2
|move|p1a: Sinistcha|Matcha Gotcha|p2a: Toxapex|[spread] p2a
|-activate|p2b: Scrafty|move: Protect
|-damage|p2a: Toxapex|0 fnt
|-heal|p1a: Sinistcha|9/100 tox|[from] drain|[of] p2a: Toxapex
|faint|p2a: Toxapex
|
|-damage|p1a: Sinistcha|0 fnt|[from] psn
|faint|p1a: Sinistcha
|-end|p1b: Gholdengo|Infestation|[partiallytrapped]|[silent]
|upkeep
|turn|12
|
|t:|1785901657
|move|p1b: Gholdengo|Make It Rain|p2b: Scrafty
|-damage|p2b: Scrafty|18/100
|-unboost|p1b: Gholdengo|spa|2
|move|p2b: Scrafty|Knock Off|p1b: Gholdengo
|-supereffective|p1b: Gholdengo|1
|-damage|p1b: Gholdengo|0 fnt
|faint|p1b: Gholdengo
|
|win|Craftulaa
