|j|☆iannaVi
|j|☆unatopipo
|html|iannaViunatopipo    
|uhtml|bestof|Game 1 of a best-of-3
|t:|1783937119
|gametype|doubles
|player|p1|iannaVi|cheren-gen5bw2|1228
|player|p2|unatopipo|aaron|1117
|gen|9
|tier|[Gen 9 Champions] VGC 2026 Reg M-B (Bo3)
|rated|
|rule|Species Clause: Limit one of each Pokémon
|rule|Item Clause: Limit 1 of each item
|clearpoke
|poke|p1|Sylveon, L50, M|
|poke|p1|Charizard, L50, M|
|poke|p1|Garchomp, L50, F|
|poke|p1|Aerodactyl, L50, F|
|poke|p1|Kingambit, L50, M|
|poke|p1|Farigiraf, L50, M|
|poke|p2|Sceptile, L50, F|
|poke|p2|Rotom-Heat, L50|
|poke|p2|Tinkaton, L50, F|
|poke|p2|Talonflame, L50, M|
|poke|p2|Glimmora, L50, M|
|poke|p2|Basculegion, L50, M|
|teampreview|4
|showteam|p1|Sylveon||FairyFeather|Pixilate|HyperVoice,HyperBeam,QuickAttack,Detect|Modest||M|||50|]Charizard||CharizarditeY|Blaze|WeatherBall,HeatWave,SolarBeam,Protect|Modest||M|||50|]Garchomp||LifeOrb|RoughSkin|DragonClaw,Protect,StompingTantrum,Earthquake|Jolly||F|||50|]Aerodactyl||Aerodactylite|Unnerve|RockSlide,IceFang,Tailwind,DualWingbeat|Jolly||F|||50|]Kingambit||FocusSash|Defiant|KowtowCleave,IronHead,SuckerPunch,LowKick|Adamant||M|||50|]Farigiraf||SitrusBerry|ArmorTail|TwinBeam,Thunderbolt,TrickRoom,Roar|Relaxed||M|||50|
|showteam|p2|Sceptile||Sceptilite|Overgrow|EnergyBall,DragonPulse,EarthPower,Detect|Timid||F|||50|]Rotom-Heat||ChoiceScarf|Levitate|Overheat,Discharge,WillOWisp,Trick|Timid|||||50|]Tinkaton||SitrusBerry|MoldBreaker|GigatonHammer,BrickBreak,FakeOut,Encore|Adamant||F|||50|]Talonflame||SharpBeak|GaleWings|DualWingbeat,Tailwind,Taunt,Protect|Jolly||M|||50|]Glimmora||FocusSash|ToxicDebris|SludgeBomb,PowerGem,EarthPower,SpikyShield|Modest||M|||50|]Basculegion||LifeOrb|Adaptability|LastRespects,WaveCrash,AquaJet,Protect|Adamant||M|||50|
|inactive|Battle timer is ON: inactive players will automatically lose when time's up. (requested by unatopipo)
|inactive|iannaVi has 60 seconds left.
|inactive|unatopipo has 60 seconds left.
|
|t:|1783937153
|teamsize|p1|4
|teamsize|p2|4
|start
|switch|p1a: Aerodactyl|Aerodactyl, L50, F|100/100
|switch|p1b: Kingambit|Kingambit, L50, M|100/100
|switch|p2a: Talonflame|Talonflame, L50, M|100/100
|switch|p2b: Basculegion|Basculegion, L50, M|100/100
|-ability|p1a: Aerodactyl|Unnerve
|turn|1
|inactive|unatopipo has 30 seconds left.
|inactive|unatopipo has 20 seconds left.
|
|t:|1783937189
|detailschange|p1a: Aerodactyl|Aerodactyl-Mega, L50, F
|-mega|p1a: Aerodactyl|Aerodactyl|Aerodactylite
|move|p2a: Talonflame|Dual Wingbeat|p1a: Aerodactyl|[miss]
|-miss|p2a: Talonflame|p1a: Aerodactyl
|move|p2b: Basculegion|Aqua Jet|p1a: Aerodactyl
|-supereffective|p1a: Aerodactyl|1
|-damage|p1a: Aerodactyl|22/100
|-damage|p2b: Basculegion|90/100|[from] item: Life Orb
|move|p1b: Kingambit|Sucker Punch||[still]
|-fail|p1b: Kingambit
|move|p1a: Aerodactyl|Rock Slide|p2b: Basculegion|[spread] p2a,p2b
|-supereffective|p2a: Talonflame|2
|-damage|p2a: Talonflame|0 fnt
|-damage|p2b: Basculegion|58/100
|faint|p2a: Talonflame
|
|upkeep
|
|t:|1783937205
|switch|p2a: Rotom|Rotom-Heat, L50|100/100
|turn|2
|
|t:|1783937214
|switch|p1a: Farigiraf|Farigiraf, L50, M|100/100
|move|p2b: Basculegion|Aqua Jet||[still]
|cant|p1a: Farigiraf|ability: Armor Tail|Aqua Jet|[of] p2b: Basculegion
|move|p2a: Rotom|Overheat|p1b: Kingambit
|-supereffective|p1b: Kingambit|1
|-enditem|p1b: Kingambit|Focus Sash
|-damage|p1b: Kingambit|1/100
|-unboost|p2a: Rotom|spa|2
|move|p1b: Kingambit|Kowtow Cleave|p2b: Basculegion
|-supereffective|p2b: Basculegion|1
|-damage|p2b: Basculegion|0 fnt
|faint|p2b: Basculegion
|
|upkeep
|
|t:|1783937223
|switch|p2b: Sceptile|Sceptile, L50, F|100/100
|turn|3
|
|t:|1783937245
|detailschange|p2b: Sceptile|Sceptile-Mega, L50, F
|-mega|p2b: Sceptile|Sceptile|Sceptilite
|move|p1b: Kingambit|Sucker Punch|p2a: Rotom
|-damage|p2a: Rotom|47/100
|move|p2a: Rotom|Overheat|p1a: Farigiraf
|-damage|p1a: Farigiraf|70/100
|-unboost|p2a: Rotom|spa|2
|move|p2b: Sceptile|Earth Power|p1b: Kingambit
|-supereffective|p1b: Kingambit|1
|-damage|p1b: Kingambit|0 fnt
|faint|p1b: Kingambit
|move|p1a: Farigiraf|Twin Beam|p2a: Rotom
|-damage|p2a: Rotom|29/100
|-damage|p2a: Rotom|11/100
|-hitcount|p2a: Rotom|2
|
|upkeep
|
|t:|1783937261
|switch|p1b: Garchomp|Garchomp, L50, F|100/100
|turn|4
|
|t:|1783937270
|move|p2a: Rotom|Overheat|p1a: Farigiraf
|-damage|p1a: Farigiraf|54/100
|-unboost|p2a: Rotom|spa|2
|move|p2b: Sceptile|Dragon Pulse|p1b: Garchomp
|-supereffective|p1b: Garchomp|1
|-damage|p1b: Garchomp|0 fnt
|faint|p1b: Garchomp
|move|p1a: Farigiraf|Twin Beam|p2a: Rotom
|-damage|p2a: Rotom|0 fnt
|faint|p2a: Rotom
|-hitcount|p2: Rotom|1
|
|upkeep
|
|t:|1783937281
|switch|p1b: Aerodactyl|Aerodactyl-Mega, L50, F|22/100
|turn|5
|
|t:|1783937296
|move|p1b: Aerodactyl|Ice Fang|p2b: Sceptile
|-supereffective|p2b: Sceptile|2
|-damage|p2b: Sceptile|0 fnt
|faint|p2b: Sceptile
|
|win|iannaVi
||iannaVi is ready for game 2.
||unatopipo is ready for game 2.
|uhtml|next|Next: Game 2 of 3
