|j|☆Axo of DOOM
|j|☆sbhaga34
|html|Axo of DOOMsbhaga34    
|uhtml|bestof|Game 2 of a best-of-3
|t:|1784772371
|gametype|doubles
|player|p1|Axo of DOOM|crasherwake|1352
|player|p2|sbhaga34|hugh|1346
|gen|9
|tier|[Gen 9 Champions] VGC 2026 Reg M-B (Bo3)
|rated|
|rule|Species Clause: Limit one of each Pokémon
|rule|Item Clause: Limit 1 of each item
|clearpoke
|poke|p1|Sinistcha, L50, shiny|
|poke|p1|Incineroar, L50, F|
|poke|p1|Milotic, L50, F, shiny|
|poke|p1|Raichu, L50, F|
|poke|p1|Floette-Eternal, L50, F|
|poke|p1|Ceruledge, L50, M, shiny|
|poke|p2|Excadrill, L50, F|
|poke|p2|Tyranitar, L50, M|
|poke|p2|Corviknight, L50, F|
|poke|p2|Rotom-Wash, L50|
|poke|p2|Chandelure, L50, M|
|poke|p2|Scovillain, L50, F|
|teampreview|4
|showteam|p1|Sinistcha||KasibBerry|Hospitality|MatchaGotcha,LifeDew,RagePowder,Protect|Relaxed|||||50|]Incineroar||SitrusBerry|Intimidate|FlareBlitz,ThroatChop,FakeOut,PartingShot|Impish||F|||50|]Milotic||Leftovers|Competitive|MuddyWater,Coil,Hypnosis,Protect|Calm||F|||50|]Raichu||RaichuniteY|LightningRod|ZapCannon,FocusBlast,FakeOut,Protect|Timid||F|||50|]Floette-Eternal||Floettite|FlowerVeil|DazzlingGleam,DrainingKiss,CalmMind,Protect|Timid||F|||50|]Ceruledge||ColburBerry|FlashFire|BitterBlade,ShadowSneak,BulkUp,Protect|Adamant||M|||50|
|showteam|p2|Excadrill||FocusSash|SandRush|Earthquake,IronHead,SwordsDance,Protect|Adamant||F|||50|]Tyranitar||Tyranitarite|SandStream|RockSlide,KnockOff,LowKick,Protect|Adamant||M|||50|]Corviknight||SharpBeak|MirrorArmor|BraveBird,Tailwind,BulkUp,Roost|Careful||F|||50|]Rotom-Wash||ChoiceScarf|Levitate|VoltSwitch,Thunderbolt,Electroweb,HydroPump|Timid|||||50|]Chandelure||ShucaBerry|FlashFire|HeatWave,ShadowBall,TrickRoom,Protect|Modest||M|||50|]Scovillain||Scovillainite|Chlorophyll|RagePowder,Overheat,GigaDrain,Protect|Calm||F|||50|
|inactive|Battle timer is ON: inactive players will automatically lose when time's up. (requested by sbhaga34)
|c|☆Axo of DOOM|oops
|inactive|sbhaga34 has 60 seconds left.
|c|☆sbhaga34|ya was wondering why u quit g1 lol
|c|☆Axo of DOOM|just got distracted
|c|☆sbhaga34|lol
|inactive|sbhaga34 has 30 seconds left.
|
|t:|1784772443
|teamsize|p1|4
|teamsize|p2|4
|start
|switch|p1a: Incineroar|Incineroar, L50, F|100/100
|switch|p1b: Milotic|Milotic, L50, F, shiny|100/100
|switch|p2a: Corviknight|Corviknight, L50, F|100/100
|switch|p2b: Scovillain|Scovillain, L50, F|100/100
|-ability|p1a: Incineroar|Intimidate|boost
|-ability|p2a: Corviknight|Mirror Armor
|-unboost|p1a: Incineroar|atk|1
|-unboost|p2b: Scovillain|atk|1
|turn|1
|inactive|Axo of DOOM has 30 seconds left.
|inactive|sbhaga34 has 30 seconds left.
|
|t:|1784772476
|detailschange|p2b: Scovillain|Scovillain-Mega, L50, F
|-mega|p2b: Scovillain|Scovillain|Scovillainite
|move|p1a: Incineroar|Fake Out|p2a: Corviknight
|-resisted|p2a: Corviknight|1
|-damage|p2a: Corviknight|97/100
|cant|p2a: Corviknight|flinch
|move|p1b: Milotic|Coil|p1b: Milotic
|-boost|p1b: Milotic|atk|1
|-boost|p1b: Milotic|def|1
|-boost|p1b: Milotic|accuracy|1
|move|p2b: Scovillain|Giga Drain|p1b: Milotic
|-supereffective|p1b: Milotic|1
|-damage|p1b: Milotic|55/100
|
|-heal|p1b: Milotic|61/100|[from] item: Leftovers
|upkeep
|turn|2
|
|t:|1784772500
|move|p1b: Milotic|Protect|p1b: Milotic
|-singleturn|p1b: Milotic|Protect
|move|p2b: Scovillain|Rage Powder|p2b: Scovillain
|-singleturn|p2b: Scovillain|move: Rage Powder
|move|p2a: Corviknight|Bulk Up|p2a: Corviknight
|-boost|p2a: Corviknight|atk|1
|-boost|p2a: Corviknight|def|1
|move|p1a: Incineroar|Parting Shot|p2b: Scovillain
|-unboost|p2b: Scovillain|atk|1
|-unboost|p2b: Scovillain|spa|1
|
|t:|1784772518
|switch|p1a: Raichu|Raichu, L50, F|100/100|[from] Parting Shot
|
|-heal|p1b: Milotic|67/100|[from] item: Leftovers
|upkeep
|turn|3
|
|t:|1784772535
|detailschange|p1a: Raichu|Raichu-Mega-Y, L50, F
|-mega|p1a: Raichu|Raichu|Raichunite Y
|move|p1a: Raichu|Fake Out|p2a: Corviknight
|-resisted|p2a: Corviknight|1
|-damage|p2a: Corviknight|94/100
|move|p2b: Scovillain|Rage Powder|p2b: Scovillain
|-singleturn|p2b: Scovillain|move: Rage Powder
|cant|p2a: Corviknight|flinch
|move|p1b: Milotic|Hypnosis|p2b: Scovillain
|-status|p2b: Scovillain|slp|[from] move: Hypnosis
|
|-heal|p1b: Milotic|73/100|[from] item: Leftovers
|upkeep
|turn|4
|
|t:|1784772553
|switch|p2a: Excadrill|Excadrill, L50, F|100/100
|move|p1a: Raichu|Zap Cannon|p2a: Excadrill
|-immune|p2a: Excadrill
|move|p1b: Milotic|Coil|p1b: Milotic
|-boost|p1b: Milotic|atk|1
|-boost|p1b: Milotic|def|1
|-boost|p1b: Milotic|accuracy|1
|cant|p2b: Scovillain|slp
|
|-heal|p1b: Milotic|79/100|[from] item: Leftovers
|upkeep
|turn|5
|
|t:|1784772568
|switch|p1a: Incineroar|Incineroar, L50, F|100/100
|-ability|p1a: Incineroar|Intimidate|boost
|-unboost|p2a: Excadrill|atk|1
|-unboost|p2b: Scovillain|atk|1
|move|p2a: Excadrill|Protect|p2a: Excadrill
|-singleturn|p2a: Excadrill|Protect
|move|p1b: Milotic|Hypnosis|p2a: Excadrill
|-activate|p2a: Excadrill|move: Protect
|-curestatus|p2b: Scovillain|slp|[msg]
|move|p2b: Scovillain|Giga Drain|p1b: Milotic
|-supereffective|p1b: Milotic|1
|-damage|p1b: Milotic|48/100
|
|-heal|p1b: Milotic|54/100|[from] item: Leftovers
|upkeep
|turn|6
|inactive|Axo of DOOM has 30 seconds left.
|inactive|sbhaga34 has 30 seconds left.
|inactive|sbhaga34 has 20 seconds left.
|
|t:|1784772603
|switch|p2a: Tyranitar|Tyranitar, L50, M|100/100
|-weather|Sandstorm|[from] ability: Sand Stream|[of] p2a: Tyranitar
|move|p1a: Incineroar|Fake Out|p2b: Scovillain
|-damage|p2b: Scovillain|89/100
|-immune|p1a: Incineroar
|move|p1b: Milotic|Hypnosis|p2a: Tyranitar
|-status|p2a: Tyranitar|slp|[from] move: Hypnosis
|cant|p2b: Scovillain|flinch
|
|-weather|Sandstorm|[upkeep]
|-damage|p1b: Milotic|48/100|[from] Sandstorm
|-damage|p2b: Scovillain|83/100|[from] Sandstorm
|-damage|p1a: Incineroar|94/100|[from] Sandstorm
|-heal|p1b: Milotic|54/100|[from] item: Leftovers
|upkeep
|turn|7
|
|t:|1784772628
|switch|p1a: Sinistcha|Sinistcha, L50, shiny|100/100
|-heal|p1b: Milotic|79/100|[from] ability: Hospitality|[of] p1a: Sinistcha
|cant|p2a: Tyranitar|slp
|move|p1b: Milotic|Hypnosis|p2b: Scovillain
|-status|p2b: Scovillain|slp|[from] move: Hypnosis
|cant|p2b: Scovillain|slp
|
|-weather|Sandstorm|[upkeep]
|-damage|p1b: Milotic|73/100|[from] Sandstorm
|-damage|p2b: Scovillain|77/100 slp|[from] Sandstorm
|-damage|p1a: Sinistcha|93/100|[from] Sandstorm
|-heal|p1b: Milotic|79/100|[from] item: Leftovers
|upkeep
|turn|8
|
|t:|1784772651
|switch|p1a: Incineroar|Incineroar, L50, F|94/100
|-ability|p1a: Incineroar|Intimidate|boost
|-unboost|p2a: Tyranitar|atk|1
|-unboost|p2b: Scovillain|atk|1
|cant|p2a: Tyranitar|slp
|move|p1b: Milotic|Muddy Water|p2b: Scovillain|[spread] p2a,p2b
|-supereffective|p2a: Tyranitar|1
|-damage|p2a: Tyranitar|73/100 slp
|-damage|p2b: Scovillain|54/100 slp
|-unboost|p2a: Tyranitar|accuracy|1
|-unboost|p2b: Scovillain|accuracy|1
|-status|p1b: Milotic|brn|[from] ability: Spicy Spray|[of] p2b: Scovillain
|cant|p2b: Scovillain|slp
|
|-weather|Sandstorm|[upkeep]
|-damage|p1b: Milotic|73/100 brn|[from] Sandstorm
|-damage|p2b: Scovillain|48/100 slp|[from] Sandstorm
|-damage|p1a: Incineroar|88/100|[from] Sandstorm
|-heal|p1b: Milotic|79/100 brn|[from] item: Leftovers
|-damage|p1b: Milotic|73/100 brn|[from] brn
|upkeep
|turn|9
|
|t:|1784772670
|switch|p1a: Sinistcha|Sinistcha, L50, shiny|93/100
|-heal|p1b: Milotic|98/100 brn|[from] ability: Hospitality|[of] p1a: Sinistcha
|-curestatus|p2a: Tyranitar|slp|[msg]
|move|p2a: Tyranitar|Rock Slide|p1a: Sinistcha|[spread] p1a,p1b
|-damage|p1a: Sinistcha|76/100
|-damage|p1b: Milotic|90/100 brn
|move|p1b: Milotic|Muddy Water|p2b: Scovillain|[spread] p2a,p2b
|-supereffective|p2a: Tyranitar|1
|-damage|p2a: Tyranitar|47/100
|-damage|p2b: Scovillain|27/100 slp
|-unboost|p2a: Tyranitar|accuracy|1
|-curestatus|p2b: Scovillain|slp|[msg]
|move|p2b: Scovillain|Giga Drain|p1b: Milotic
|-supereffective|p1b: Milotic|1
|-damage|p1b: Milotic|59/100 brn
|-heal|p2b: Scovillain|45/100|[from] drain|[of] p1b: Milotic
|
|-weather|Sandstorm|[upkeep]
|-damage|p1b: Milotic|53/100 brn|[from] Sandstorm
|-damage|p2b: Scovillain|40/100|[from] Sandstorm
|-damage|p1a: Sinistcha|70/100|[from] Sandstorm
|-heal|p1b: Milotic|59/100 brn|[from] item: Leftovers
|-damage|p1b: Milotic|53/100 brn|[from] brn
|upkeep
|turn|10
|inactive|sbhaga34 has 30 seconds left.
|
|t:|1784772704
|switch|p1a: Incineroar|Incineroar, L50, F|88/100
|-ability|p1a: Incineroar|Intimidate|boost
|-unboost|p2a: Tyranitar|atk|1
|-unboost|p2b: Scovillain|atk|1
|move|p2b: Scovillain|Rage Powder|p2b: Scovillain
|-singleturn|p2b: Scovillain|move: Rage Powder
|move|p2a: Tyranitar|Knock Off|p1b: Milotic
|-damage|p1b: Milotic|42/100 brn
|-enditem|p1b: Milotic|Leftovers|[from] move: Knock Off|[of] p2a: Tyranitar
|move|p1b: Milotic|Muddy Water|p2a: Tyranitar|[spread] p2a,p2b
|-supereffective|p2a: Tyranitar|1
|-crit|p2a: Tyranitar
|-damage|p2a: Tyranitar|9/100
|-damage|p2b: Scovillain|16/100
|
|-weather|none
|-damage|p1b: Milotic|36/100 brn|[from] brn
|upkeep
|turn|11
|c|☆Axo of DOOM|boo
|
|t:|1784772723
|switch|p2a: Corviknight|Corviknight, L50, F|94/100
|switch|p1a: Sinistcha|Sinistcha, L50, shiny|70/100
|-heal|p1b: Milotic|61/100 brn|[from] ability: Hospitality|[of] p1a: Sinistcha
|move|p2b: Scovillain|Protect|p2b: Scovillain
|-singleturn|p2b: Scovillain|Protect
|move|p1b: Milotic|Muddy Water|p2b: Scovillain|[spread] p2a
|-activate|p2b: Scovillain|move: Protect
|-damage|p2a: Corviknight|74/100
|
|-damage|p1b: Milotic|55/100 brn|[from] brn
|upkeep
|turn|12
|inactive|sbhaga34 has 30 seconds left.
|
|t:|1784772754
|switch|p2b: Tyranitar|Tyranitar, L50, M|9/100
|-weather|Sandstorm|[from] ability: Sand Stream|[of] p2b: Tyranitar
|move|p2a: Corviknight|Tailwind|p2a: Corviknight
|-sidestart|p2: sbhaga34|move: Tailwind
|move|p1b: Milotic|Muddy Water|p2b: Tyranitar|[spread] p2a,p2b
|-supereffective|p2b: Tyranitar|1
|-damage|p2a: Corviknight|53/100
|-damage|p2b: Tyranitar|0 fnt
|faint|p2b: Tyranitar
|move|p1a: Sinistcha|Life Dew|p1a: Sinistcha|[spread] p1a,p1b
|-heal|p1a: Sinistcha|95/100
|-heal|p1b: Milotic|80/100 brn
|
|-weather|Sandstorm|[upkeep]
|-damage|p1b: Milotic|74/100 brn|[from] Sandstorm
|-damage|p1a: Sinistcha|89/100|[from] Sandstorm
|-damage|p1b: Milotic|68/100 brn|[from] brn
|upkeep
|
|t:|1784772761
|switch|p2b: Scovillain|Scovillain-Mega, L50, F|16/100
|turn|13
|
|t:|1784772775
|move|p2a: Corviknight|Brave Bird|p1a: Sinistcha
|-supereffective|p1a: Sinistcha|1
|-damage|p1a: Sinistcha|3/100
|-damage|p2a: Corviknight|28/100|[from] Recoil
|move|p2b: Scovillain|Giga Drain|p1b: Milotic
|-supereffective|p1b: Milotic|1
|-damage|p1b: Milotic|24/100 brn
|-heal|p2b: Scovillain|43/100|[from] drain|[of] p1b: Milotic
|move|p1b: Milotic|Muddy Water|p2b: Scovillain|[spread] p2a,p2b
|-damage|p2a: Corviknight|5/100
|-damage|p2b: Scovillain|22/100
|-unboost|p2b: Scovillain|accuracy|1
|move|p1a: Sinistcha|Life Dew|p1a: Sinistcha|[spread] p1a,p1b
|-heal|p1a: Sinistcha|29/100
|-heal|p1b: Milotic|49/100 brn
|
|-weather|Sandstorm|[upkeep]
|-damage|p2b: Scovillain|16/100|[from] Sandstorm
|-damage|p1b: Milotic|43/100 brn|[from] Sandstorm
|-damage|p1a: Sinistcha|23/100|[from] Sandstorm
|-damage|p1b: Milotic|37/100 brn|[from] brn
|upkeep
|turn|14
|
|t:|1784772796
|switch|p1a: Incineroar|Incineroar, L50, F|88/100
|-ability|p1a: Incineroar|Intimidate|boost
|-ability|p2a: Corviknight|Mirror Armor
|-unboost|p1a: Incineroar|atk|1
|-unboost|p2b: Scovillain|atk|1
|move|p1b: Milotic|Protect|p1b: Milotic
|-singleturn|p1b: Milotic|Protect
|move|p2a: Corviknight|Roost|p2a: Corviknight
|-heal|p2a: Corviknight|55/100
|-singleturn|p2a: Corviknight|move: Roost
|move|p2b: Scovillain|Giga Drain|p1b: Milotic
|-activate|p1b: Milotic|move: Protect
|
|-weather|Sandstorm|[upkeep]
|-damage|p2b: Scovillain|10/100|[from] Sandstorm
|-damage|p1b: Milotic|31/100 brn|[from] Sandstorm
|-damage|p1a: Incineroar|82/100|[from] Sandstorm
|-damage|p1b: Milotic|25/100 brn|[from] brn
|upkeep
|turn|15
|
|t:|1784772817
|move|p1a: Incineroar|Fake Out|p2b: Scovillain
|-damage|p2b: Scovillain|3/100
|-immune|p1a: Incineroar
|move|p2a: Corviknight|Brave Bird|p1b: Milotic
|-damage|p1b: Milotic|4/100 brn
|-damage|p2a: Corviknight|48/100|[from] Recoil
|cant|p2b: Scovillain|flinch
|move|p1b: Milotic|Hypnosis|p2a: Corviknight
|-status|p2a: Corviknight|slp|[from] move: Hypnosis
|
|-weather|Sandstorm|[upkeep]
|-damage|p2b: Scovillain|0 fnt|[from] Sandstorm
|-damage|p1b: Milotic|0 fnt|[from] Sandstorm
|-damage|p1a: Incineroar|76/100|[from] Sandstorm
|faint|p2b: Scovillain
|faint|p1b: Milotic
|-sideend|p2: sbhaga34|move: Tailwind
|upkeep
|
|t:|1784772839
|switch|p1b: Sinistcha|Sinistcha, L50, shiny|23/100
|switch|p2b: Excadrill|Excadrill, L50, F|100/100
|-heal|p1a: Incineroar|100/100|[from] ability: Hospitality|[of] p1b: Sinistcha
|turn|16
|inactive|Axo of DOOM has 30 seconds left.
|c|☆Axo of DOOM|i am dumb
|inactive|Axo of DOOM has 20 seconds left.
|
|t:|1784772877
|move|p2b: Excadrill|Protect|p2b: Excadrill
|-singleturn|p2b: Excadrill|Protect
|move|p1b: Sinistcha|Protect|p1b: Sinistcha
|-singleturn|p1b: Sinistcha|Protect
|cant|p2a: Corviknight|slp
|move|p1a: Incineroar|Flare Blitz|p2b: Excadrill
|-activate|p2b: Excadrill|move: Protect
|
|-weather|none
|upkeep
|turn|17
|
|t:|1784772896
|move|p2b: Excadrill|Iron Head|p1b: Sinistcha
|-damage|p1b: Sinistcha|0 fnt
|faint|p1b: Sinistcha
|cant|p2a: Corviknight|slp
|move|p1a: Incineroar|Flare Blitz|p2b: Excadrill
|-supereffective|p2b: Excadrill|1
|-damage|p2b: Excadrill|18/100
|-damage|p1a: Incineroar|75/100|[from] Recoil
|
|upkeep
|
|t:|1784772905
|switch|p1b: Raichu|Raichu-Mega-Y, L50, F|100/100
|turn|18
|
|t:|1784772911
|move|p1b: Raichu|Zap Cannon|p2a: Corviknight
|-supereffective|p2a: Corviknight|1
|-damage|p2a: Corviknight|0 fnt
|faint|p2a: Corviknight
|move|p2b: Excadrill|Earthquake|p1a: Incineroar|[spread] p1a,p1b
|-supereffective|p1a: Incineroar|1
|-supereffective|p1b: Raichu|1
|-damage|p1a: Incineroar|12/100
|-damage|p1b: Raichu|0 fnt
|-enditem|p1a: Incineroar|Sitrus Berry|[eat]
|-heal|p1a: Incineroar|37/100|[from] item: Sitrus Berry
|faint|p1b: Raichu
|move|p1a: Incineroar|Throat Chop|p2b: Excadrill
|-damage|p2b: Excadrill|0 fnt
|faint|p2b: Excadrill
|
|win|Axo of DOOM
