|j|☆Mhew
|j|☆danbol123
|html|Mhewdanbol123    
|uhtml|bestof|Game 1 of a best-of-3
|t:|1784038356
|gametype|doubles
|player|p1|Mhew|roxie|1113
|player|p2|danbol123|shadowtriad|1094
|gen|9
|tier|[Gen 9 Champions] VGC 2026 Reg M-B (Bo3)
|rated|
|rule|Species Clause: Limit one of each Pokémon
|rule|Item Clause: Limit 1 of each item
|clearpoke
|poke|p1|Kangaskhan, L50, F|
|poke|p1|Garchomp, L50, M|
|poke|p1|Staraptor, L50, M|
|poke|p1|Incineroar, L50, M|
|poke|p1|Gholdengo, L50|
|poke|p1|Ninetales-Alola, L50, F|
|poke|p2|Archaludon, L50, M|
|poke|p2|Swampert, L50, F|
|poke|p2|Meganium, L50, M|
|poke|p2|Pelipper, L50, F|
|poke|p2|Sableye, L50, M|
|poke|p2|Farigiraf, L50, M|
|teampreview|4
|showteam|p1|Kangaskhan||Kangaskhanite|Scrappy|FakeOut,DoubleEdge,LowKick,IcePunch|Adamant||F|||50|]Garchomp||LifeOrb|RoughSkin|StompingTantrum,RockSlide,DragonClaw,Protect|Jolly||M|||50|]Staraptor||Staraptite|Intimidate|CloseCombat,Protect,BraveBird,Roost|Jolly||M|||50|]Incineroar||SitrusBerry|Intimidate|FakeOut,PartingShot,FlareBlitz,DarkestLariat|Relaxed||M|||50|]Gholdengo||SpellTag|GoodasGold|ShadowBall,MakeItRain,Protect,NastyPlot|Modest|||||50|]Ninetales-Alola||NeverMeltIce|SnowWarning|Blizzard,Protect,FreezeDry,AuroraVeil|Timid||F|||50|
|showteam|p2|Archaludon||Leftovers|Stamina|DragonPulse,ElectroShot,Protect,FlashCannon|Modest||M|||50|]Swampert||Swampertite|Damp|Earthquake,PoisonJab,Protect,WaveCrash|Adamant||F|||50|]Meganium||Meganiumite|LeafGuard|Protect,Synthesis,SolarBeam,DazzlingGleam|Timid||M|||50|]Pelipper||ChoiceScarf|Drizzle|Hurricane,Uturn,Tailwind,WeatherBall|Timid||F|||50|]Sableye||LightClay|Prankster|FakeOut,Reflect,LightScreen,Encore|Impish||M|||50|]Farigiraf||SitrusBerry|ArmorTail|RainDance,Roar,Psychic,HelpingHand|Calm||M|||50|
|inactive|Battle timer is ON: inactive players will automatically lose when time's up. (requested by danbol123)
|inactive|Mhew has 60 seconds left.
|
|t:|1784038414
|teamsize|p1|4
|teamsize|p2|4
|start
|switch|p1a: Kangaskhan|Kangaskhan, L50, F|100/100
|switch|p1b: Staraptor|Staraptor, L50, M|100/100
|switch|p2a: Swampert|Swampert, L50, F|100/100
|switch|p2b: Sableye|Sableye, L50, M|100/100
|-ability|p1b: Staraptor|Intimidate|boost
|-unboost|p2a: Swampert|atk|1
|-unboost|p2b: Sableye|atk|1
|turn|1
|
|t:|1784038435
|switch|p2b: Pelipper|Pelipper, L50, F|100/100
|-weather|RainDance|[from] ability: Drizzle|[of] p2b: Pelipper
|detailschange|p1b: Staraptor|Staraptor-Mega, L50, M
|-mega|p1b: Staraptor|Staraptor|Staraptite
|detailschange|p2a: Swampert|Swampert-Mega, L50, F
|-mega|p2a: Swampert|Swampert|Swampertite
|move|p1a: Kangaskhan|Fake Out|p2b: Pelipper
|-damage|p2b: Pelipper|75/100
|move|p2a: Swampert|Wave Crash|p1b: Staraptor
|-damage|p1b: Staraptor|16/100
|-damage|p2a: Swampert|76/100|[from] Recoil
|move|p1b: Staraptor|Close Combat|p2a: Swampert
|-damage|p2a: Swampert|25/100
|-boost|p1b: Staraptor|def|1
|-boost|p1b: Staraptor|spd|1
|
|-weather|RainDance|[upkeep]
|upkeep
|turn|2
|inactive|Mhew has 30 seconds left.
|inactive|Mhew has 20 seconds left.
|inactive|Mhew has 15 seconds left.
|
|t:|1784038478
|switch|p2a: Sableye|Sableye, L50, M|100/100
|move|p1b: Staraptor|Protect|p1b: Staraptor
|-singleturn|p1b: Staraptor|Protect
|move|p2b: Pelipper|Hurricane|p1b: Staraptor
|-activate|p1b: Staraptor|move: Protect
|move|p1a: Kangaskhan|Double-Edge|p2a: Sableye
|-damage|p2a: Sableye|42/100
|-damage|p1a: Kangaskhan|85/100|[from] Recoil
|
|-weather|RainDance|[upkeep]
|upkeep
|turn|3
|inactive|Mhew has 30 seconds left.
|inactive|Mhew has 20 seconds left.
|
|t:|1784038515
|switch|p1b: Incineroar|Incineroar, L50, M|100/100
|-ability|p1b: Incineroar|Intimidate|boost
|-unboost|p2a: Sableye|atk|1
|-unboost|p2b: Pelipper|atk|1
|move|p2a: Sableye|Fake Out|p1a: Kangaskhan
|-damage|p1a: Kangaskhan|80/100
|move|p2b: Pelipper|Hurricane|p1b: Incineroar
|-damage|p1b: Incineroar|62/100
|cant|p1a: Kangaskhan|flinch
|
|-weather|RainDance|[upkeep]
|upkeep
|turn|4
|inactive|Mhew has 30 seconds left.
|
|t:|1784038541
|switch|p2b: Archaludon|Archaludon, L50, M|100/100
|move|p2a: Sableye|Reflect|p2a: Sableye
|-sidestart|p2: danbol123|Reflect
|move|p1a: Kangaskhan|Double-Edge|p2a: Sableye
|-damage|p2a: Sableye|1/100
|-damage|p1a: Kangaskhan|69/100|[from] Recoil
|move|p1b: Incineroar|Parting Shot|p2b: Archaludon
|-unboost|p2b: Archaludon|atk|1
|-unboost|p2b: Archaludon|spa|1
|
|t:|1784038557
|switch|p1b: Ninetales|Ninetales-Alola, L50, F|100/100|[from] Parting Shot
|-weather|Snowscape|[from] ability: Snow Warning|[of] p1b: Ninetales
|
|-weather|Snowscape|[upkeep]
|upkeep
|turn|5
|
|t:|1784038580
|switch|p1b: Incineroar|Incineroar, L50, M|62/100
|-ability|p1b: Incineroar|Intimidate|boost
|-unboost|p2a: Sableye|atk|1
|-unboost|p2b: Archaludon|atk|1
|move|p2a: Sableye|Light Screen|p2a: Sableye
|-sidestart|p2: danbol123|move: Light Screen
|move|p1a: Kangaskhan|Double-Edge|p2a: Sableye
|-damage|p2a: Sableye|0 fnt
|faint|p2a: Sableye
|-damage|p1a: Kangaskhan|69/100|[from] Recoil
|move|p2b: Archaludon|Flash Cannon|p1b: Incineroar
|-resisted|p1b: Incineroar|1
|-damage|p1b: Incineroar|50/100g
|
|-weather|Snowscape|[upkeep]
|upkeep
|
|t:|1784038589
|switch|p2a: Pelipper|Pelipper, L50, F|75/100
|-weather|RainDance|[from] ability: Drizzle|[of] p2a: Pelipper
|turn|6
|inactive|Mhew has 30 seconds left.
|
|t:|1784038615
|move|p1b: Incineroar|Fake Out|p2a: Pelipper
|-damage|p2a: Pelipper|66/100
|cant|p2a: Pelipper|flinch
|move|p1a: Kangaskhan|Double-Edge|p2a: Pelipper
|-damage|p2a: Pelipper|16/100
|-damage|p1a: Kangaskhan|58/100|[from] Recoil
|move|p2b: Archaludon|Electro Shot||[still]
|-prepare|p2b: Archaludon|Electro Shot
|-boost|p2b: Archaludon|spa|1
|-anim|p2b: Archaludon|Electro Shot|p1b: Incineroar
|-damage|p1b: Incineroar|5/100
|-enditem|p1b: Incineroar|Sitrus Berry|[eat]
|-heal|p1b: Incineroar|30/100|[from] item: Sitrus Berry
|
|-weather|RainDance|[upkeep]
|upkeep
|turn|7
|inactive|Mhew has 30 seconds left.
|
|t:|1784038647
|switch|p1b: Ninetales|Ninetales-Alola, L50, F|100/100
|-weather|Snowscape|[from] ability: Snow Warning|[of] p1b: Ninetales
|move|p2a: Pelipper|Weather Ball|p1b: Ninetales
|-resisted|p1b: Ninetales|1
|-damage|p1b: Ninetales|85/100
|move|p1a: Kangaskhan|Double-Edge|p2a: Pelipper
|-damage|p2a: Pelipper|0 fnt
|faint|p2a: Pelipper
|-damage|p1a: Kangaskhan|54/100|[from] Recoil
|move|p2b: Archaludon|Electro Shot||[still]
|-prepare|p2b: Archaludon|Electro Shot
|-boost|p2b: Archaludon|spa|1
|
|-weather|Snowscape|[upkeep]
|upkeep
|
|t:|1784038656
|switch|p2a: Swampert|Swampert-Mega, L50, F|25/100
|turn|8
|
|t:|1784038668
|switch|p1a: Incineroar|Incineroar, L50, M|30/100
|-ability|p1a: Incineroar|Intimidate|boost
|-unboost|p2a: Swampert|atk|1
|-unboost|p2b: Archaludon|atk|1
|move|p2a: Swampert|Protect|p2a: Swampert
|-singleturn|p2a: Swampert|Protect
|move|p1b: Ninetales|Aurora Veil|p1b: Ninetales
|-sidestart|p1: Mhew|move: Aurora Veil
|move|p2b: Archaludon|Electro Shot|p1a: Incineroar|[from] lockedmove
|-damage|p1a: Incineroar|0 fnt
|faint|p1a: Incineroar
|
|-weather|Snowscape|[upkeep]
|upkeep
|inactive|Mhew has 30 seconds left.
|
|t:|1784038696
|switch|p1a: Staraptor|Staraptor-Mega, L50, M|16/100
|turn|9
|
|t:|1784038708
|move|p1a: Staraptor|Roost|p1a: Staraptor
|-heal|p1a: Staraptor|66/100
|-singleturn|p1a: Staraptor|move: Roost
|move|p1b: Ninetales|Freeze-Dry|p2a: Swampert
|-supereffective|p2a: Swampert|2
|-damage|p2a: Swampert|0 fnt
|faint|p2a: Swampert
|move|p2b: Archaludon|Flash Cannon|p1b: Ninetales
|-supereffective|p1b: Ninetales|2
|-damage|p1b: Ninetales|0 fnt
|faint|p1b: Ninetales
|
|-weather|Snowscape|[upkeep]
|upkeep
|
|t:|1784038716
|switch|p1b: Kangaskhan|Kangaskhan, L50, F|54/100
|turn|10
|
|t:|1784038739
|move|p2b: Archaludon|Protect|p2b: Archaludon
|-singleturn|p2b: Archaludon|Protect
|move|p1a: Staraptor|Close Combat|p2b: Archaludon
|-activate|p2b: Archaludon|move: Protect
|move|p1b: Kangaskhan|Low Kick|p2b: Archaludon
|-activate|p2b: Archaludon|move: Protect
|
|-weather|Snowscape|[upkeep]
|upkeep
|turn|11
|inactive|Mhew has 30 seconds left.
|
|t:|1784038769
|move|p1a: Staraptor|Close Combat|p2b: Archaludon
|-supereffective|p2b: Archaludon|1
|-damage|p2b: Archaludon|39/100
|-boost|p1a: Staraptor|def|1
|-boost|p1a: Staraptor|spd|1
|-ability|p2b: Archaludon|Stamina|boost
|-boost|p2b: Archaludon|def|1
|move|p1b: Kangaskhan|Low Kick|p2b: Archaludon
|-supereffective|p2b: Archaludon|1
|-damage|p2b: Archaludon|22/100
|-ability|p2b: Archaludon|Stamina|boost
|-boost|p2b: Archaludon|def|1
|move|p2b: Archaludon|Dragon Pulse|p1a: Staraptor
|-damage|p1a: Staraptor|31/100
|
|-weather|none
|-heal|p2b: Archaludon|28/100|[from] item: Leftovers
|-sideend|p2: danbol123|Reflect
|upkeep
|turn|12
|
|t:|1784038780
|move|p2b: Archaludon|Protect|p2b: Archaludon
|-singleturn|p2b: Archaludon|Protect
|move|p1a: Staraptor|Close Combat|p2b: Archaludon
|-activate|p2b: Archaludon|move: Protect
|move|p1b: Kangaskhan|Low Kick|p2b: Archaludon
|-activate|p2b: Archaludon|move: Protect
|
|-heal|p2b: Archaludon|35/100|[from] item: Leftovers
|-sideend|p2: danbol123|move: Light Screen
|-sideend|p1: Mhew|move: Aurora Veil
|upkeep
|turn|13
|
|t:|1784038788
|move|p1a: Staraptor|Close Combat|p2b: Archaludon
|-supereffective|p2b: Archaludon|1
|-damage|p2b: Archaludon|0 fnt
|-boost|p1a: Staraptor|def|1
|-boost|p1a: Staraptor|spd|1
|faint|p2b: Archaludon
|
|win|Mhew
||danbol123 is ready for game 2.
||Mhew is ready for game 2.
|uhtml|next|Next: Game 2 of 3
|l|☆danbol123
|player|p2|
|l|☆Mhew
|player|p1|
|j|☆Mhew
|player|p1|Mhew|roxie|
