|j|☆bl4ckdri
|j|☆leafeon03
|html|bl4ckdrileafeon03    
|uhtml|bestof|Game 2 of a best-of-3
|t:|1785193198
|gametype|doubles
|player|p1|bl4ckdri|266|1276
|player|p2|leafeon03|erika|1406
|gen|9
|tier|[Gen 9 Champions] VGC 2026 Reg M-B (Bo3)
|rated|
|rule|Species Clause: Limit one of each Pokémon
|rule|Item Clause: Limit 1 of each item
|clearpoke
|poke|p1|Corviknight, L50, M|
|poke|p1|Raichu, L50, M|
|poke|p1|Tyranitar, L50, F|
|poke|p1|Garchomp, L50, F|
|poke|p1|Sylveon, L50, M|
|poke|p1|Sinistcha, L50|
|poke|p2|Garchomp, L50, F, shiny|
|poke|p2|Charizard, L50, F, shiny|
|poke|p2|Whimsicott, L50, M|
|poke|p2|Floette-Eternal, L50, F|
|poke|p2|Basculegion, L50, M|
|poke|p2|Kingambit, L50, F, shiny|
|teampreview|4
|showteam|p1|Corviknight||Leftovers|MirrorArmor|BraveBird,Protect,Tailwind,IronHead|Adamant||M|||50|]Raichu||RaichuniteY|Static|FakeOut,FocusBlast,ZapCannon,Protect|Timid||M|||50|]Tyranitar||FocusSash|SandStream|RockSlide,KnockOff,Superpower,Protect|Adamant||F|||50|]Garchomp||SitrusBerry|RoughSkin|DragonClaw,RockSlide,StompingTantrum,Protect|Adamant||F|||50|]Sylveon||FairyFeather|Pixilate|HyperVoice,Yawn,QuickAttack,Detect|Modest||M|||50|]Sinistcha||KasibBerry|Hospitality|MatchaGotcha,Protect,ShadowBall,RagePowder|Modest|||||50|
|showteam|p2|Garchomp||LifeOrb|RoughSkin|Earthquake,RockSlide,DragonClaw,Protect|Jolly||F|||50|]Charizard||CharizarditeY|Blaze|HeatWave,WeatherBall,SolarBeam,Protect|Modest||F|||50|]Whimsicott||FocusSash|Prankster|Moonblast,Tailwind,Encore,Protect|Timid||M|||50|]Floette-Eternal||Floettite|FlowerVeil|Moonblast,DazzlingGleam,LightofRuin,Protect|Modest||F|||50|]Basculegion||MysticWater|Adaptability|WaveCrash,LastRespects,AquaJet,Protect|Adamant||M|||50|]Kingambit||ChopleBerry|Defiant|KowtowCleave,SuckerPunch,IronHead,LowKick|Adamant||F|||50|
|inactive|Battle timer is ON: inactive players will automatically lose when time's up. (requested by leafeon03)
|inactive|leafeon03 has 60 seconds left.
|inactive|leafeon03 has 30 seconds left.
|inactive|leafeon03 has 20 seconds left.
|inactive|leafeon03 has 15 seconds left.
|
|t:|1785193327
|teamsize|p1|4
|teamsize|p2|4
|start
|switch|p1a: Corviknight|Corviknight, L50, M|100/100
|switch|p1b: Sylveon|Sylveon, L50, M|100/100
|switch|p2a: Charizard|Charizard, L50, F, shiny|100/100
|switch|p2b: Garchomp|Garchomp, L50, F, shiny|100/100
|turn|1
|inactive|bl4ckdri has 30 seconds left.
|inactive|bl4ckdri has 20 seconds left.
|
|t:|1785193364
|detailschange|p2a: Charizard|Charizard-Mega-Y, L50, F, shiny
|-mega|p2a: Charizard|Charizard|Charizardite Y
|-weather|SunnyDay|[from] ability: Drought|[of] p2a: Charizard
|move|p1a: Corviknight|Protect|p1a: Corviknight
|-singleturn|p1a: Corviknight|Protect
|move|p2b: Garchomp|Earthquake|p1b: Sylveon|[spread] p1b
|-activate|p1a: Corviknight|move: Protect
|-immune|p2a: Charizard
|-damage|p1b: Sylveon|48/100
|-damage|p2b: Garchomp|90/100|[from] item: Life Orb
|move|p2a: Charizard|Heat Wave|p1a: Corviknight|[spread] p1b
|-activate|p1a: Corviknight|move: Protect
|-damage|p1b: Sylveon|5/100
|move|p1b: Sylveon|Hyper Voice|p2b: Garchomp|[spread] p2a,p2b
|-resisted|p2a: Charizard|1
|-supereffective|p2b: Garchomp|1
|-damage|p2a: Charizard|81/100
|-damage|p2b: Garchomp|0 fnt
|faint|p2b: Garchomp
|
|-weather|SunnyDay|[upkeep]
|upkeep
|inactive|leafeon03 has 30 seconds left.
|
|t:|1785193390
|switch|p2b: Whimsicott|Whimsicott, L50, M|100/100
|turn|2
|
|t:|1785193406
|switch|p1a: Tyranitar|Tyranitar, L50, F|100/100
|-weather|Sandstorm|[from] ability: Sand Stream|[of] p1a: Tyranitar
|move|p2b: Whimsicott|Moonblast|p1a: Tyranitar
|-supereffective|p1a: Tyranitar|1
|-damage|p1a: Tyranitar|55/100
|move|p2a: Charizard|Heat Wave|p1b: Sylveon|[spread] p1a
|-miss|p2a: Charizard|p1b: Sylveon
|-resisted|p1a: Tyranitar|1
|-damage|p1a: Tyranitar|42/100
|move|p1b: Sylveon|Yawn|p2a: Charizard
|-start|p2a: Charizard|move: Yawn|[of] p1b: Sylveon
|
|-weather|Sandstorm|[upkeep]
|-damage|p2b: Whimsicott|94/100|[from] Sandstorm
|-damage|p2a: Charizard|75/100|[from] Sandstorm
|-damage|p1b: Sylveon|0 fnt|[from] Sandstorm
|faint|p1b: Sylveon
|upkeep
|
|t:|1785193421
|switch|p1b: Raichu|Raichu, L50, M|100/100
|turn|3
|inactive|leafeon03 has 30 seconds left.
|inactive|leafeon03 has 20 seconds left.
|inactive|leafeon03 has 15 seconds left.
|
|t:|1785193462
|switch|p2a: Basculegion|Basculegion, L50, M|100/100
|switch|p1a: Corviknight|Corviknight, L50, M|100/100
|detailschange|p1b: Raichu|Raichu-Mega-Y, L50, M
|-mega|p1b: Raichu|Raichu|Raichunite Y
|move|p1b: Raichu|Zap Cannon|p2a: Basculegion
|-supereffective|p2a: Basculegion|1
|-damage|p2a: Basculegion|0 fnt
|faint|p2a: Basculegion
|move|p2b: Whimsicott|Moonblast|p1a: Corviknight
|-resisted|p1a: Corviknight|1
|-damage|p1a: Corviknight|82/100
|
|-weather|Sandstorm|[upkeep]
|-damage|p1b: Raichu|93/100|[from] Sandstorm
|-damage|p2b: Whimsicott|88/100|[from] Sandstorm
|-heal|p1a: Corviknight|89/100|[from] item: Leftovers
|upkeep
|
|t:|1785193477
|switch|p2a: Charizard|Charizard-Mega-Y, L50, F, shiny|75/100
|-weather|SunnyDay|[from] ability: Drought|[of] p2a: Charizard
|turn|4
|inactive|leafeon03 has 30 seconds left.
|inactive|leafeon03 has 20 seconds left.
|
|t:|1785193513
|switch|p1a: Tyranitar|Tyranitar, L50, F|42/100
|-weather|Sandstorm|[from] ability: Sand Stream|[of] p1a: Tyranitar
|move|p2a: Charizard|Protect|p2a: Charizard
|-singleturn|p2a: Charizard|Protect
|move|p2b: Whimsicott|Tailwind|p2b: Whimsicott
|-sidestart|p2: leafeon03|move: Tailwind
|move|p1b: Raichu|Zap Cannon|p2a: Charizard
|-activate|p2a: Charizard|move: Protect
|
|-weather|Sandstorm|[upkeep]
|-damage|p2b: Whimsicott|82/100|[from] Sandstorm
|-damage|p2a: Charizard|69/100|[from] Sandstorm
|-damage|p1b: Raichu|87/100|[from] Sandstorm
|upkeep
|turn|5
|inactive|leafeon03 has 30 seconds left.
|
|t:|1785193548
|move|p2b: Whimsicott|Moonblast|p1b: Raichu
|-damage|p1b: Raichu|44/100
|move|p2a: Charizard|Heat Wave|p1b: Raichu|[spread] p1a,p1b
|-resisted|p1a: Tyranitar|1
|-damage|p1a: Tyranitar|28/100
|-damage|p1b: Raichu|0 fnt
|faint|p1b: Raichu
|move|p1a: Tyranitar|Rock Slide|p2a: Charizard|[spread] p2b
|-miss|p1a: Tyranitar|p2a: Charizard
|-damage|p2b: Whimsicott|35/100
|
|-weather|Sandstorm|[upkeep]
|-damage|p2b: Whimsicott|29/100|[from] Sandstorm
|-damage|p2a: Charizard|63/100|[from] Sandstorm
|upkeep
|
|t:|1785193560
|switch|p1b: Corviknight|Corviknight, L50, M|89/100
|turn|6
|inactive|leafeon03 has 30 seconds left.
|
|t:|1785193587
|move|p1a: Tyranitar|Protect|p1a: Tyranitar
|-singleturn|p1a: Tyranitar|Protect
|move|p2b: Whimsicott|Moonblast|p1a: Tyranitar
|-activate|p1a: Tyranitar|move: Protect
|move|p2a: Charizard|Heat Wave|p1b: Corviknight|[spread] p1b
|-activate|p1a: Tyranitar|move: Protect
|-supereffective|p1b: Corviknight|1
|-damage|p1b: Corviknight|1/100
|move|p1b: Corviknight|Brave Bird|p2a: Charizard
|-damage|p2a: Charizard|17/100
|-damage|p1b: Corviknight|0 fnt|[from] Recoil
|faint|p1b: Corviknight
|
|-weather|Sandstorm|[upkeep]
|-damage|p2b: Whimsicott|24/100|[from] Sandstorm
|-damage|p2a: Charizard|11/100|[from] Sandstorm
|upkeep
|turn|7
|
|t:|1785193609
|move|p2b: Whimsicott|Moonblast|p1a: Tyranitar
|-supereffective|p1a: Tyranitar|1
|-damage|p1a: Tyranitar|0 fnt
|faint|p1a: Tyranitar
|
|win|leafeon03
||bl4ckdri is ready for game 3.
||leafeon03 is ready for game 3.
|uhtml|next|Next: Game 3 of 3
