|j|☆IngeVGC
|j|☆beckybug
|html|IngeVGCbeckybug    
|uhtml|bestof|Game 2 of a best-of-3
|t:|1784067010
|gametype|doubles
|player|p1|IngeVGC|fisherman-gen4|1288
|player|p2|beckybug|briar|1329
|gen|9
|tier|[Gen 9 Champions] VGC 2026 Reg M-B (Bo3)
|rated|
|rule|Species Clause: Limit one of each Pokémon
|rule|Item Clause: Limit 1 of each item
|clearpoke
|poke|p1|Aerodactyl, L50, M|
|poke|p1|Kingambit, L50, M, shiny|
|poke|p1|Farigiraf, L50, M, shiny|
|poke|p1|Charizard, L50, M, shiny|
|poke|p1|Sylveon, L50, F, shiny|
|poke|p1|Garchomp, L50, F, shiny|
|poke|p2|Metagross, L50|
|poke|p2|Swampert, L50, M|
|poke|p2|Pelipper, L50, M|
|poke|p2|Archaludon, L50, F|
|poke|p2|Sinistcha-Masterpiece, L50|
|poke|p2|Grimmsnarl, L50, M|
|teampreview|4
|showteam|p1|Aerodactyl||Aerodactylite|Unnerve|IceFang,DualWingbeat,RockSlide,Tailwind|Jolly||M|||50|]Kingambit||FocusSash|Defiant|KowtowCleave,IronHead,SuckerPunch,LowKick|Adamant||M|||50|]Farigiraf||SitrusBerry|ArmorTail|TrickRoom,Psychic,Thunderbolt,Roar|Bold||M|||50|]Charizard||CharizarditeY|SolarPower|HeatWave,WeatherBall,SolarBeam,Protect|Modest||M|||50|]Sylveon||FairyFeather|Pixilate|Detect,HyperVoice,HyperBeam,QuickAttack|Modest||F|||50|]Garchomp||LifeOrb|RoughSkin|Protect,DragonClaw,Earthquake,StompingTantrum|Jolly||F|||50|
|showteam|p2|Metagross||Metagrossite|ClearBody|IronHead,PsychicFangs,BodyPress,Protect|Jolly|||||50|]Swampert||Swampertite|Torrent|WaveCrash,Earthquake,IcePunch,Protect|Adamant||M|||50|]Pelipper||SitrusBerry|Drizzle|WeatherBall,Hurricane,Tailwind,Protect|Modest||M|||50|]Archaludon||Leftovers|Stamina|FlashCannon,DragonPulse,ElectroShot,Protect|Modest||F|||50|]Sinistcha-Masterpiece||ColburBerry|Hospitality|MatchaGotcha,RagePowder,TrickRoom,Protect|Relaxed|||||50|]Grimmsnarl||LightClay|Prankster|FoulPlay,PartingShot,Reflect,LightScreen|Calm||M|||50|
|
|t:|1784067023
|teamsize|p1|4
|teamsize|p2|4
|start
|switch|p1a: Charizard|Charizard, L50, M, shiny|100/100
|switch|p1b: Kingambit|Kingambit, L50, M, shiny|100/100
|switch|p2a: Pelipper|Pelipper, L50, M|100/100
|switch|p2b: Swampert|Swampert, L50, M|100/100
|-weather|RainDance|[from] ability: Drizzle|[of] p2a: Pelipper
|turn|1
|
|t:|1784067047
|switch|p2b: Archaludon|Archaludon, L50, F|100/100
|detailschange|p1a: Charizard|Charizard-Mega-Y, L50, M, shiny
|-mega|p1a: Charizard|Charizard|Charizardite Y
|-weather|SunnyDay|[from] ability: Drought|[of] p1a: Charizard
|move|p1a: Charizard|Solar Beam||[still]
|-prepare|p1a: Charizard|Solar Beam
|-anim|p1a: Charizard|Solar Beam|p2b: Archaludon
|-resisted|p2b: Archaludon|2
|-crit|p2b: Archaludon
|-damage|p2b: Archaludon|82/100
|-ability|p2b: Archaludon|Stamina|boost
|-boost|p2b: Archaludon|def|1
|move|p1b: Kingambit|Kowtow Cleave|p2a: Pelipper
|-damage|p2a: Pelipper|50/100g
|move|p2a: Pelipper|Weather Ball|p1b: Kingambit
|-supereffective|p1b: Kingambit|1
|-damage|p1b: Kingambit|8/100
|
|-weather|SunnyDay|[upkeep]
|-heal|p2b: Archaludon|88/100|[from] item: Leftovers
|upkeep
|turn|2
|
|t:|1784067072
|switch|p1b: Sylveon|Sylveon, L50, F, shiny|100/100
|switch|p2a: Sinistcha|Sinistcha-Masterpiece, L50|100/100
|-heal|p2b: Archaludon|100/100|[from] ability: Hospitality|[of] p2a: Sinistcha
|move|p2b: Archaludon|Protect|p2b: Archaludon
|-singleturn|p2b: Archaludon|Protect
|move|p1a: Charizard|Solar Beam||[still]
|-prepare|p1a: Charizard|Solar Beam
|-anim|p1a: Charizard|Solar Beam|p2a: Sinistcha
|-resisted|p2a: Sinistcha|1
|-damage|p2a: Sinistcha|78/100
|
|-weather|SunnyDay|[upkeep]
|upkeep
|turn|3
|
|t:|1784067102
|switch|p2a: Pelipper|Pelipper, L50, M|50/100g
|-weather|RainDance|[from] ability: Drizzle|[of] p2a: Pelipper
|move|p1a: Charizard|Heat Wave|p2a: Pelipper|[spread] p2b
|-miss|p1a: Charizard|p2a: Pelipper
|-damage|p2b: Archaludon|80/100
|-ability|p2b: Archaludon|Stamina|boost
|-boost|p2b: Archaludon|def|1
|move|p2b: Archaludon|Electro Shot||[still]
|-prepare|p2b: Archaludon|Electro Shot
|-boost|p2b: Archaludon|spa|1
|-anim|p2b: Archaludon|Electro Shot|p1b: Sylveon
|-damage|p1b: Sylveon|48/100
|move|p1b: Sylveon|Hyper Voice|p2a: Pelipper|[spread] p2a,p2b
|-damage|p2a: Pelipper|0 fnt
|-damage|p2b: Archaludon|30/100
|-ability|p2b: Archaludon|Stamina|boost
|-boost|p2b: Archaludon|def|1
|faint|p2a: Pelipper
|
|-weather|RainDance|[upkeep]
|-heal|p2b: Archaludon|37/100|[from] item: Leftovers
|upkeep
|
|t:|1784067118
|switch|p2a: Swampert|Swampert, L50, M|100/100
|turn|4
|
|t:|1784067124
|switch|p1a: Kingambit|Kingambit, L50, M, shiny|8/100
|detailschange|p2a: Swampert|Swampert-Mega, L50, M
|-mega|p2a: Swampert|Swampert|Swampertite
|move|p1b: Sylveon|Detect|p1b: Sylveon
|-singleturn|p1b: Sylveon|Protect
|move|p2a: Swampert|Wave Crash|p1a: Kingambit
|-damage|p1a: Kingambit|0 fnt
|faint|p1a: Kingambit
|-damage|p2a: Swampert|97/100|[from] Recoil
|move|p2b: Archaludon|Flash Cannon|p1b: Sylveon
|-activate|p1b: Sylveon|move: Protect
|
|-weather|RainDance|[upkeep]
|-heal|p2b: Archaludon|43/100|[from] item: Leftovers
|upkeep
|
|t:|1784067131
|switch|p1a: Charizard|Charizard-Mega-Y, L50, M, shiny|100/100
|-weather|SunnyDay|[from] ability: Drought|[of] p1a: Charizard
|turn|5
|
|t:|1784067139
|switch|p2a: Sinistcha|Sinistcha-Masterpiece, L50|78/100
|-heal|p2b: Archaludon|68/100|[from] ability: Hospitality|[of] p2a: Sinistcha
|switch|p1b: Farigiraf|Farigiraf, L50, M, shiny|100/100
|move|p2b: Archaludon|Protect|p2b: Archaludon
|-singleturn|p2b: Archaludon|Protect
|move|p1a: Charizard|Heat Wave|p2a: Sinistcha|[spread] p2a
|-activate|p2b: Archaludon|move: Protect
|-supereffective|p2a: Sinistcha|1
|-damage|p2a: Sinistcha|0 fnt
|faint|p2a: Sinistcha
|
|-weather|SunnyDay|[upkeep]
|-heal|p2b: Archaludon|74/100|[from] item: Leftovers
|upkeep
|
|t:|1784067148
|switch|p2a: Swampert|Swampert-Mega, L50, M|97/100
|turn|6
|
|t:|1784067171
|move|p2a: Swampert|Protect|p2a: Swampert
|-singleturn|p2a: Swampert|Protect
|move|p1a: Charizard|Solar Beam||[still]
|-prepare|p1a: Charizard|Solar Beam
|-anim|p1a: Charizard|Solar Beam|p2a: Swampert
|-activate|p2a: Swampert|move: Protect
|move|p2b: Archaludon|Dragon Pulse|p1a: Charizard
|-crit|p1a: Charizard
|-damage|p1a: Charizard|28/100
|move|p1b: Farigiraf|Trick Room|p1b: Farigiraf
|-fieldstart|move: Trick Room|[of] p1b: Farigiraf
|
|-weather|SunnyDay|[upkeep]
|-heal|p2b: Archaludon|80/100|[from] item: Leftovers
|upkeep
|turn|7
|
|t:|1784067194
|move|p1b: Farigiraf|Psychic|p2a: Swampert
|-damage|p2a: Swampert|66/100
|-unboost|p2a: Swampert|spd|1
|move|p2b: Archaludon|Dragon Pulse|p1a: Charizard
|-damage|p1a: Charizard|0 fnt
|faint|p1a: Charizard
|move|p2a: Swampert|Wave Crash|p1b: Farigiraf
|-damage|p1b: Farigiraf|73/100
|-damage|p2a: Swampert|56/100|[from] Recoil
|
|-weather|SunnyDay|[upkeep]
|-heal|p2b: Archaludon|86/100|[from] item: Leftovers
|upkeep
|
|t:|1784067199
|switch|p1a: Sylveon|Sylveon, L50, F, shiny|48/100
|turn|8
|
|t:|1784067210
|move|p2b: Archaludon|Protect|p2b: Archaludon
|-singleturn|p2b: Archaludon|Protect
|move|p2a: Swampert|Protect|p2a: Swampert
|-singleturn|p2a: Swampert|Protect
|move|p1b: Farigiraf|Psychic|p2a: Swampert
|-activate|p2a: Swampert|move: Protect
|move|p1a: Sylveon|Hyper Beam|p2b: Archaludon
|-activate|p2b: Archaludon|move: Protect
|
|-weather|SunnyDay|[upkeep]
|-heal|p2b: Archaludon|92/100|[from] item: Leftovers
|upkeep
|turn|9
|
|t:|1784067226
|move|p1b: Farigiraf|Psychic|p2a: Swampert
|-damage|p2a: Swampert|15/100
|move|p1a: Sylveon|Hyper Beam|p2b: Archaludon
|-damage|p2b: Archaludon|0 fnt
|-mustrecharge|p1a: Sylveon
|faint|p2b: Archaludon
|move|p2a: Swampert|Wave Crash|p1a: Sylveon
|-damage|p1a: Sylveon|6/100
|-damage|p2a: Swampert|2/100|[from] Recoil
|
|-weather|none
|upkeep
|turn|10
|
|t:|1784067232
|move|p2a: Swampert|Protect|p2a: Swampert
|-singleturn|p2a: Swampert|Protect
|move|p1b: Farigiraf|Psychic|p2a: Swampert
|-activate|p2a: Swampert|move: Protect
|cant|p1a: Sylveon|recharge
|
|-fieldend|move: Trick Room
|upkeep
|turn|11
|
|t:|1784067235
|move|p1a: Sylveon|Quick Attack|p2a: Swampert
|-damage|p2a: Swampert|0 fnt
|faint|p2a: Swampert
|
|win|IngeVGC
||IngeVGC is ready for game 3.
||beckybug is ready for game 3.
|uhtml|next|Next: Game 3 of 3
