|j|☆baggedchikin
|j|☆escanor_cs
|html|baggedchikinescanor_cs    
|uhtml|bestof|Game 1 of a best-of-3
|t:|1785869650
|gametype|doubles
|player|p1|baggedchikin|170|1337
|player|p2|escanor_cs|101|1342
|gen|9
|tier|[Gen 9 Champions] VGC 2026 Reg M-B (Bo3)
|rated|
|rule|Species Clause: Limit one of each Pokémon
|rule|Item Clause: Limit 1 of each item
|clearpoke
|poke|p1|Tyranitar, L50, F|
|poke|p1|Excadrill, L50, F|
|poke|p1|Whimsicott, L50, F|
|poke|p1|Gholdengo, L50|
|poke|p1|Milotic, L50, F|
|poke|p1|Delphox, L50, M|
|poke|p2|Blastoise, L50, M|
|poke|p2|Farigiraf, L50, F|
|poke|p2|Sceptile, L50, F|
|poke|p2|Torkoal, L50, F|
|poke|p2|Ceruledge, L50, M|
|poke|p2|Rotom-Frost, L50|
|teampreview|4
|showteam|p1|Tyranitar||Tyranitarite|SandStream|Protect,RockSlide,KnockOff,DragonDance|Jolly||F|||50|]Excadrill||LifeOrb|SandRush|Protect,IronHead,HighHorsepower,Earthquake|Adamant||F|||50|]Whimsicott||FocusSash|Prankster|Protect,Tailwind,Moonblast,Encore|Timid||F|||50|]Gholdengo||ColburBerry|GoodasGold|Protect,NastyPlot,MakeItRain,ShadowBall|Modest|||||50|]Milotic||Leftovers|Competitive|Protect,Coil,Hypnosis,MuddyWater|Bold||F|||50|]Delphox||Delphoxite|Blaze|Protect,HeatWave,Psychic,NastyPlot|Timid||M|||50|
|showteam|p2|Blastoise||Blastoisinite|Torrent|WaterSpout,DarkPulse,FakeOut,AuraSphere|Quiet||M|||50|]Farigiraf||SitrusBerry|ArmorTail|Psychic,Thunderbolt,TrickRoom,Protect|Bold||F|||50|]Sceptile||Sceptilite|Overgrow|DragonPulse,QuickGuard,LeafStorm,EarthPower|Timid||F|||50|]Torkoal||Charcoal|Drought|HeatWave,Eruption,EarthPower,Protect|Quiet||F|||50|]Ceruledge||ColburBerry|FlashFire|BitterBlade,ShadowSneak,BulkUp,Protect|Adamant||M|||50|]Rotom-Frost||ChoiceScarf|Levitate|Blizzard,Thunderbolt,VoltSwitch,Discharge|Timid|||||50|
|inactive|Battle timer is ON: inactive players will automatically lose when time's up. (requested by escanor_cs)
|inactive|baggedchikin has 60 seconds left.
|
|t:|1785869703
|teamsize|p1|4
|teamsize|p2|4
|start
|switch|p1a: Whimsicott|Whimsicott, L50, F|100/100
|switch|p1b: Excadrill|Excadrill, L50, F|100/100
|switch|p2a: Blastoise|Blastoise, L50, M|100/100
|switch|p2b: Farigiraf|Farigiraf, L50, F|100/100
|turn|1
|
|t:|1785869722
|detailschange|p2a: Blastoise|Blastoise-Mega, L50, M
|-mega|p2a: Blastoise|Blastoise|Blastoisinite
|move|p2a: Blastoise|Fake Out|p1b: Excadrill
|-resisted|p1b: Excadrill|1
|-damage|p1b: Excadrill|92/100
|move|p1a: Whimsicott|Moonblast|p2a: Blastoise
|-damage|p2a: Blastoise|70/100
|cant|p1b: Excadrill|flinch
|move|p2b: Farigiraf|Trick Room|p2b: Farigiraf
|-fieldstart|move: Trick Room|[of] p2b: Farigiraf
|
|upkeep
|turn|2
|
|t:|1785869738
|move|p1b: Excadrill|Protect|p1b: Excadrill
|-singleturn|p1b: Excadrill|Protect
|move|p2b: Farigiraf|Psychic|p1a: Whimsicott
|-damage|p1a: Whimsicott|41/100
|-unboost|p1a: Whimsicott|spd|1
|move|p2a: Blastoise|Water Spout|p1b: Excadrill|[spread] p1a
|-activate|p1b: Excadrill|move: Protect
|-resisted|p1a: Whimsicott|1
|-damage|p1a: Whimsicott|0 fnt
|faint|p1a: Whimsicott
|
|upkeep
|
|t:|1785869752
|switch|p1a: Gholdengo|Gholdengo, L50|100/100
|turn|3
|inactive|baggedchikin has 30 seconds left.
|
|t:|1785869787
|switch|p1b: Tyranitar|Tyranitar, L50, F|100/100
|-weather|Sandstorm|[from] ability: Sand Stream|[of] p1b: Tyranitar
|move|p2b: Farigiraf|Thunderbolt|p1a: Gholdengo
|-damage|p1a: Gholdengo|78/100
|move|p2a: Blastoise|Water Spout|p1b: Tyranitar|[spread] p1a,p1b
|-supereffective|p1b: Tyranitar|1
|-damage|p1a: Gholdengo|30/100
|-damage|p1b: Tyranitar|35/100
|move|p1a: Gholdengo|Shadow Ball|p2a: Blastoise
|-damage|p2a: Blastoise|29/100
|
|-weather|Sandstorm|[upkeep]
|-damage|p2b: Farigiraf|93/100|[from] Sandstorm
|-damage|p2a: Blastoise|23/100|[from] Sandstorm
|upkeep
|turn|4
|inactive|baggedchikin has 30 seconds left.
|inactive|escanor_cs has 30 seconds left.
|inactive|baggedchikin has 20 seconds left.
|
|t:|1785869825
|move|p2b: Farigiraf|Thunderbolt|p1a: Gholdengo
|-damage|p1a: Gholdengo|5/100
|move|p2a: Blastoise|Aura Sphere|p1b: Tyranitar
|-supereffective|p1b: Tyranitar|2
|-damage|p1b: Tyranitar|0 fnt
|faint|p1b: Tyranitar
|move|p1a: Gholdengo|Shadow Ball|p2a: Blastoise
|-damage|p2a: Blastoise|0 fnt
|faint|p2a: Blastoise
|
|-weather|Sandstorm|[upkeep]
|-damage|p2b: Farigiraf|87/100|[from] Sandstorm
|upkeep
|
|t:|1785869835
|switch|p2a: Ceruledge|Ceruledge, L50, M|100/100
|switch|p1b: Excadrill|Excadrill, L50, F|92/100
|turn|5
|inactive|baggedchikin has 30 seconds left.
|
|t:|1785869863
|move|p1a: Gholdengo|Protect|p1a: Gholdengo
|-singleturn|p1a: Gholdengo|Protect
|move|p1b: Excadrill|Protect|p1b: Excadrill
|-singleturn|p1b: Excadrill|Protect
|move|p2b: Farigiraf|Thunderbolt|p1a: Gholdengo
|-activate|p1a: Gholdengo|move: Protect
|move|p2a: Ceruledge|Bulk Up|p2a: Ceruledge
|-boost|p2a: Ceruledge|atk|1
|-boost|p2a: Ceruledge|def|1
|
|-weather|Sandstorm|[upkeep]
|-damage|p2b: Farigiraf|81/100|[from] Sandstorm
|-damage|p2a: Ceruledge|93/100|[from] Sandstorm
|-fieldend|move: Trick Room
|upkeep
|turn|6
|
|t:|1785869886
|move|p2a: Ceruledge|Shadow Sneak|p1a: Gholdengo
|-supereffective|p1a: Gholdengo|1
|-damage|p1a: Gholdengo|0 fnt
|faint|p1a: Gholdengo
|move|p1b: Excadrill|Earthquake|p2a: Ceruledge|[spread] p2a,p2b
|-supereffective|p2a: Ceruledge|1
|-damage|p2a: Ceruledge|10/100
|-damage|p2b: Farigiraf|32/100
|-enditem|p2b: Farigiraf|Sitrus Berry|[eat]
|-heal|p2b: Farigiraf|57/100|[from] item: Sitrus Berry
|-damage|p1b: Excadrill|82/100|[from] item: Life Orb
|move|p2b: Farigiraf|Trick Room|p2b: Farigiraf
|-fieldstart|move: Trick Room|[of] p2b: Farigiraf
|
|-weather|Sandstorm|[upkeep]
|-damage|p2b: Farigiraf|51/100|[from] Sandstorm
|-damage|p2a: Ceruledge|4/100|[from] Sandstorm
|upkeep
|turn|7
|-message|baggedchikin forfeited.
|
|win|escanor_cs
|l|☆baggedchikin
|player|p1|
||baggedchikin is ready for game 2.
||escanor_cs is ready for game 2.
|uhtml|next|Next: Game 2 of 3
