|j|☆gamma_90
|j|☆pronounced_bilth
|html|gamma_90pronounced_bilth    
|uhtml|bestof|Game 2 of a best-of-3
|t:|1782967089
|gametype|doubles
|player|p1|gamma_90|101|1092
|player|p2|pronounced_bilth|li|1005
|gen|9
|tier|[Gen 9 Champions] VGC 2026 Reg M-B (Bo3)
|rated|
|rule|Species Clause: Limit one of each Pokémon
|rule|Item Clause: Limit 1 of each item
|clearpoke
|poke|p1|Annihilape, L50, F|
|poke|p1|Incineroar, L50, M|
|poke|p1|Delphox, L50, F|
|poke|p1|Maushold-Four, L50|
|poke|p1|Froslass, L50, F|
|poke|p1|Gholdengo, L50|
|poke|p2|Raichu, L50, M|
|poke|p2|Jolteon, L50, F|
|poke|p2|Swampert, L50, M|
|poke|p2|Archaludon, L50, M|
|poke|p2|Sinistcha, L50|
|poke|p2|Pelipper, L50, M|
|teampreview|4
|showteam|p1|Annihilape||Leftovers|Defiant|DrainPunch,RageFist,BulkUp,Protect|Adamant||F|||50|]Incineroar||PasshoBerry|Intimidate|PartingShot,DarkestLariat,WillOWisp,FakeOut|Careful||M|||50|]Delphox||Delphoxite|Blaze|HeatWave,Psychic,NastyPlot,Protect|Timid||F|||50|]Maushold-Four||ChopleBerry|FriendGuard|BeatUp,FollowMe,Taunt,Protect|Timid|||||50|]Froslass||Froslassite|SnowCloak|Blizzard,ShadowBall,AuroraVeil,Protect|Timid||F|||50|]Gholdengo||ChoiceScarf|GoodasGold|MakeItRain,ShadowBall,FlashCannon,PowerGem|Timid|||||50|
|showteam|p2|Raichu||RaichuniteX|LightningRod|FakeOut,Encore,RisingVoltage,Protect|Timid||M|||50|]Jolteon||FocusSash|VoltAbsorb|Thunder,Discharge,RainDance,Detect|Timid||F|||50|]Swampert||Swampertite|Torrent|WaveCrash,Earthquake,IcePunch,Protect|Adamant||M|||50|]Archaludon||Leftovers|Stamina|ElectroShot,AuraSphere,FlashCannon,DracoMeteor|Timid||M|||50|]Sinistcha||LifeOrb|Hospitality|RagePowder,MatchaGotcha,LifeDew,Imprison|Bold|||||50|]Pelipper||SitrusBerry|Drizzle|Tailwind,Hurricane,WeatherBall,WideGuard|Timid||M|||50|
|inactive|Battle timer is ON: inactive players will automatically lose when time's up. (requested by gamma_90)
|inactive|gamma_90 has 60 seconds left.
|inactive|pronounced_bilth has 60 seconds left.
|
|t:|1782967133
|teamsize|p1|4
|teamsize|p2|4
|start
|switch|p1a: Froslass|Froslass, L50, F|100/100
|switch|p1b: Maushold|Maushold-Four, L50|100/100
|switch|p2a: Swampert|Swampert, L50, M|100/100
|switch|p2b: Jolteon|Jolteon, L50, F|100/100
|turn|1
|inactive|gamma_90 has 30 seconds left.
|inactive|pronounced_bilth has 30 seconds left.
|inactive|gamma_90 has 20 seconds left.
|
|t:|1782967170
|switch|p1b: Incineroar|Incineroar, L50, M|100/100
|-ability|p1b: Incineroar|Intimidate|boost
|-unboost|p2a: Swampert|atk|1
|-unboost|p2b: Jolteon|atk|1
|detailschange|p2a: Swampert|Swampert-Mega, L50, M
|-mega|p2a: Swampert|Swampert|Swampertite
|move|p1a: Froslass|Protect|p1a: Froslass
|-singleturn|p1a: Froslass|Protect
|move|p2b: Jolteon|Rain Dance|p2b: Jolteon
|-weather|RainDance
|move|p2a: Swampert|Earthquake|p1a: Froslass|[spread] p2b,p1b
|-activate|p1a: Froslass|move: Protect
|-supereffective|p2b: Jolteon|1
|-supereffective|p1b: Incineroar|1
|-enditem|p2b: Jolteon|Focus Sash
|-damage|p2b: Jolteon|1/100
|-damage|p1b: Incineroar|48/100
|
|-weather|RainDance|[upkeep]
|upkeep
|turn|2
|inactive|gamma_90 has 30 seconds left.
|inactive|pronounced_bilth has 30 seconds left.
|
|t:|1782967204
|detailschange|p1a: Froslass|Froslass-Mega, L50, F
|-mega|p1a: Froslass|Froslass|Froslassite
|-weather|Snowscape|[from] ability: Snow Warning|[of] p1a: Froslass
|move|p2b: Jolteon|Detect|p2b: Jolteon
|-singleturn|p2b: Jolteon|Protect
|move|p1b: Incineroar|Fake Out|p2a: Swampert
|-damage|p2a: Swampert|90/100
|move|p1a: Froslass|Aurora Veil|p1a: Froslass
|-sidestart|p1: gamma_90|move: Aurora Veil
|cant|p2a: Swampert|flinch
|
|-weather|Snowscape|[upkeep]
|upkeep
|turn|3
|inactive|gamma_90 has 30 seconds left.
|
|t:|1782967231
|switch|p1b: Annihilape|Annihilape, L50, F|100/100
|move|p2b: Jolteon|Rain Dance|p2b: Jolteon
|-weather|RainDance
|move|p2a: Swampert|Earthquake|p1b: Annihilape|[spread] p2b,p1a,p1b
|-supereffective|p2b: Jolteon|1
|-damage|p2b: Jolteon|0 fnt
|-damage|p1a: Froslass|68/100
|-damage|p1b: Annihilape|79/100
|faint|p2b: Jolteon
|move|p1a: Froslass|Shadow Ball|p2a: Swampert
|-damage|p2a: Swampert|52/100
|
|-weather|RainDance|[upkeep]
|-heal|p1b: Annihilape|85/100|[from] item: Leftovers
|upkeep
|
|t:|1782967243
|switch|p2b: Sinistcha|Sinistcha, L50|100/100
|-heal|p2a: Swampert|77/100|[from] ability: Hospitality|[of] p2b: Sinistcha
|turn|4
|inactive|gamma_90 has 30 seconds left.
|
|t:|1782967272
|switch|p2a: Archaludon|Archaludon, L50, M|100/100
|switch|p1a: Incineroar|Incineroar, L50, M|48/100
|-ability|p1a: Incineroar|Intimidate|boost
|-unboost|p2a: Archaludon|atk|1
|-unboost|p2b: Sinistcha|atk|1
|move|p2b: Sinistcha|Rage Powder|p2b: Sinistcha
|-singleturn|p2b: Sinistcha|move: Rage Powder
|move|p1b: Annihilape|Bulk Up|p1b: Annihilape
|-boost|p1b: Annihilape|atk|1
|-boost|p1b: Annihilape|def|1
|
|-weather|RainDance|[upkeep]
|-heal|p1b: Annihilape|91/100|[from] item: Leftovers
|upkeep
|turn|5
|inactive|gamma_90 has 30 seconds left.
|inactive|pronounced_bilth has 30 seconds left.
|inactive|pronounced_bilth has 20 seconds left.
|inactive|pronounced_bilth has 15 seconds left.
|inactive|gamma_90 has 20 seconds left.
|inactive|pronounced_bilth has 10 seconds left.
|inactive|gamma_90 has 15 seconds left.
|inactive|pronounced_bilth has 5 seconds left.
|
|t:|1782967323
|move|p1a: Incineroar|Fake Out|p2a: Archaludon
|-resisted|p2a: Archaludon|1
|-damage|p2a: Archaludon|96/100
|-ability|p2a: Archaludon|Stamina|boost
|-boost|p2a: Archaludon|def|1
|cant|p2a: Archaludon|flinch
|move|p1b: Annihilape|Rage Fist|p2b: Sinistcha
|-supereffective|p2b: Sinistcha|1
|-damage|p2b: Sinistcha|0 fnt
|faint|p2b: Sinistcha
|
|-weather|RainDance|[upkeep]
|-heal|p2a: Archaludon|100/100|[from] item: Leftovers
|-heal|p1b: Annihilape|97/100|[from] item: Leftovers
|upkeep
|
|t:|1782967336
|switch|p2b: Swampert|Swampert-Mega, L50, M|77/100
|turn|6
|inactive|gamma_90 has 30 seconds left.
|
|t:|1782967367
|switch|p1a: Froslass|Froslass-Mega, L50, F|68/100
|-weather|Snowscape|[from] ability: Snow Warning|[of] p1a: Froslass
|move|p2a: Archaludon|Electro Shot||[still]
|-prepare|p2a: Archaludon|Electro Shot
|-boost|p2a: Archaludon|spa|1
|move|p2b: Swampert|Wave Crash|p1a: Froslass
|-damage|p1a: Froslass|10/100
|-damage|p2b: Swampert|61/100|[from] Recoil
|move|p1b: Annihilape|Drain Punch|p2a: Archaludon
|-supereffective|p2a: Archaludon|1
|-damage|p2a: Archaludon|37/100
|-heal|p1b: Annihilape|100/100|[from] drain|[of] p2a: Archaludon
|-ability|p2a: Archaludon|Stamina|boost
|-boost|p2a: Archaludon|def|1
|
|-weather|Snowscape|[upkeep]
|-heal|p2a: Archaludon|42/100|[from] item: Leftovers
|-sideend|p1: gamma_90|move: Aurora Veil
|upkeep
|turn|7
|-message|pronounced_bilth forfeited.
|
|win|gamma_90
|raw|gamma_90's rating: 1092 → 1112(+20 for winning)
|raw|pronounced_bilth's rating: 1005 → 1000(-5 for losing)
|l|☆pronounced_bilth
|player|p2|
