|j|☆INKevin
|j|☆mcLovin_moreno
|html|INKevinmcLovin_moreno    
|uhtml|bestof|Game 1 of a best-of-3
|t:|1756779354
|gametype|doubles
|player|p1|INKevin|2|1036
|player|p2|mcLovin_moreno|n|1000
|gen|9
|tier|[Gen 9] VGC 2025 Reg H (Bo3)
|rated|
|rule|Species Clause: Limit one of each Pokémon
|rule|Item Clause: Limit 1 of each item
|clearpoke
|poke|p1|Porygon2, L50|
|poke|p1|Incineroar, L50, M|
|poke|p1|Amoonguss, L50, M|
|poke|p1|Ursaluna, L50, M|
|poke|p1|Gholdengo, L50|
|poke|p1|Sneasler, L50, M|
|poke|p2|Incineroar, L50, M|
|poke|p2|Rillaboom, L50, M|
|poke|p2|Primarina, L50, M|
|poke|p2|Amoonguss, L50, M|
|poke|p2|Gholdengo, L50|
|poke|p2|Sneasler, L50, M|
|teampreview|4
|showteam|p1|Porygon2||Eviolite|Download|IceBeam,TeraBlast,Recover,TrickRoom||||||50|,,,,,Flying]Incineroar||SitrusBerry|Intimidate|FakeOut,FlareBlitz,KnockOff,PartingShot|||M|||50|,,,,,Grass]Amoonguss||RockyHelmet|Regenerator|PollenPuff,RagePowder,Spore,SludgeBomb|||M|||50|,,,,,Water]Ursaluna||FlameOrb|Guts|Facade,HeadlongRush,ShadowClaw,Protect|||M|||50|,,,,,Ghost]Gholdengo||Leftovers|GoodasGold|MakeItRain,ShadowBall,NastyPlot,Protect||||||50|,,,,,Water]Sneasler||FocusSash|PoisonTouch|FakeOut,DireClaw,CloseCombat,Protect|||M|||50|,,,,,Stellar
|showteam|p2|Incineroar||SafetyGoggles|Intimidate|FakeOut,KnockOff,FlareBlitz,PartingShot|||M|||50|,,,,,Water]Rillaboom||AssaultVest|GrassySurge|GrassyGlide,WoodHammer,FakeOut,Uturn|||M|||50|,,,,,Fire]Primarina||Leftovers|LiquidVoice|Moonblast,HyperVoice,CalmMind,Protect|||M|||50|,,,,,Grass]Amoonguss||RockyHelmet|Regenerator|Spore,RagePowder,PollenPuff,Protect|||M|||50|,,,,,Water]Gholdengo||ChoiceSpecs|GoodasGold|MakeItRain,ShadowBall,DazzlingGleam,TeraBlast||||||50|,,,,,Flying]Sneasler||FocusSash|Unburden|DireClaw,CloseCombat,Uturn,Protect|||M|||50|,,,,,Dark
|inactive|Battle timer is ON: inactive players will automatically lose when time's up. (requested by mcLovin_moreno)
|inactive|INKevin also wants the timer to be on.
|inactive|INKevin has 60 seconds left.
|inactive|mcLovin_moreno has 60 seconds left.
|inactive|mcLovin_moreno has 30 seconds left.
|inactive|mcLovin_moreno has 20 seconds left.
|inactive|mcLovin_moreno has 15 seconds left.
|inactive|mcLovin_moreno has 10 seconds left.
|
|t:|1756779439
|teamsize|p1|4
|teamsize|p2|4
|start
|switch|p1a: Sneasler|Sneasler, L50, M|100/100
|switch|p1b: Porygon2|Porygon2, L50, shiny|100/100
|switch|p2a: Incineroar|Incineroar, L50, M|100/100
|switch|p2b: Primarina|Primarina, L50, M|100/100
|-ability|p1b: Porygon2|Download|boost
|-boost|p1b: Porygon2|atk|1
|-ability|p2a: Incineroar|Intimidate|boost
|-unboost|p1a: Sneasler|atk|1
|-unboost|p1b: Porygon2|atk|1
|turn|1
|
|t:|1756779461
|move|p2b: Primarina|Protect|p2b: Primarina
|-singleturn|p2b: Primarina|Protect
|move|p1a: Sneasler|Fake Out|p2a: Incineroar
|-damage|p2a: Incineroar|92/100
|-status|p2a: Incineroar|psn|[from] ability: Poison Touch|[of] p1a: Sneasler
|cant|p2a: Incineroar|flinch
|move|p1b: Porygon2|Trick Room|p1b: Porygon2
|-fieldstart|move: Trick Room|[of] p1b: Porygon2
|
|-damage|p2a: Incineroar|79/100 psn|[from] psn
|upkeep
|turn|2
|inactive|INKevin has 30 seconds left.
|inactive|INKevin has 20 seconds left.
|inactive|INKevin has 15 seconds left.
|inactive|INKevin has 10 seconds left.
|
|t:|1756779508
|switch|p1a: Incineroar|Incineroar, L50, M|100/100
|-ability|p1a: Incineroar|Intimidate|boost
|-unboost|p2a: Incineroar|atk|1
|-unboost|p2b: Primarina|atk|1
|move|p2a: Incineroar|Knock Off|p1a: Incineroar
|-resisted|p1a: Incineroar
|-damage|p1a: Incineroar|89/100
|-enditem|p1a: Incineroar|Sitrus Berry|[from] move: Knock Off|[of] p2a: Incineroar
|move|p2b: Primarina|Hyper Voice|p1b: Porygon2|[spread] p1a,p1b
|-supereffective|p1a: Incineroar
|-damage|p1a: Incineroar|43/100
|-damage|p1b: Porygon2|81/100
|move|p1b: Porygon2|Ice Beam|p2b: Primarina
|-resisted|p2b: Primarina
|-damage|p2b: Primarina|90/100
|
|-heal|p2b: Primarina|96/100|[from] item: Leftovers
|-damage|p2a: Incineroar|67/100 psn|[from] psn
|upkeep
|turn|3
|inactive|INKevin has 30 seconds left.
|inactive|INKevin has 20 seconds left.
|
|t:|1756779548
|move|p2b: Primarina|Protect|p2b: Primarina
|-singleturn|p2b: Primarina|Protect
|move|p2a: Incineroar|Knock Off|p1b: Porygon2
|-crit|p1b: Porygon2
|-damage|p1b: Porygon2|44/100
|-enditem|p1b: Porygon2|Eviolite|[from] move: Knock Off|[of] p2a: Incineroar
|move|p1a: Incineroar|Parting Shot|p2b: Primarina
|-activate|p2b: Primarina|move: Protect
|move|p1b: Porygon2|Tera Blast|p2b: Primarina
|-activate|p2b: Primarina|move: Protect
|
|-heal|p2b: Primarina|100/100|[from] item: Leftovers
|-damage|p2a: Incineroar|54/100 psn|[from] psn
|upkeep
|turn|4
|
|t:|1756779575
|move|p2a: Incineroar|Knock Off|p1a: Incineroar
|-resisted|p1a: Incineroar
|-damage|p1a: Incineroar|36/100
|move|p1a: Incineroar|Parting Shot|p2b: Primarina
|-unboost|p2b: Primarina|atk|1
|-unboost|p2b: Primarina|spa|1
|
|t:|1756779582
|switch|p1a: Ursaluna|Ursaluna, L50, M, shiny|100/100|[from] Parting Shot
|move|p1b: Porygon2|Recover|p1b: Porygon2
|-heal|p1b: Porygon2|94/100
|move|p2b: Primarina|Hyper Voice|p1a: Ursaluna|[spread] p1a,p1b
|-supereffective|p1a: Ursaluna
|-damage|p1a: Ursaluna|57/100
|-damage|p1b: Porygon2|73/100
|
|-damage|p2a: Incineroar|42/100 psn|[from] psn
|-status|p1a: Ursaluna|brn|[from] item: Flame Orb
|upkeep
|turn|5
|
|t:|1756779605
|-terastallize|p1a: Ursaluna|Ghost
|move|p2b: Primarina|Protect|p2b: Primarina
|-singleturn|p2b: Primarina|Protect
|move|p1a: Ursaluna|Facade|p2a: Incineroar
|-damage|p2a: Incineroar|0 fnt
|faint|p2a: Incineroar
|move|p1b: Porygon2|Tera Blast|p2b: Primarina
|-activate|p2b: Primarina|move: Protect
|
|-damage|p1a: Ursaluna|52/100 brn|[from] brn
|-fieldend|move: Trick Room
|upkeep
|
|t:|1756779614
|switch|p2a: Sneasler|Sneasler, L50, M|100/100
|turn|6
|
|t:|1756779634
|switch|p1b: Incineroar|Incineroar, L50, M|36/100
|-ability|p1b: Incineroar|Intimidate|boost
|-unboost|p2a: Sneasler|atk|1
|-unboost|p2b: Primarina|atk|1
|move|p2a: Sneasler|Dire Claw|p1b: Incineroar
|-damage|p1b: Incineroar|13/100
|-status|p1b: Incineroar|psn
|move|p2b: Primarina|Hyper Voice|p1b: Incineroar|[spread] p1a,p1b
|-supereffective|p1b: Incineroar
|-damage|p1a: Ursaluna|31/100 brn
|-damage|p1b: Incineroar|0 fnt
|faint|p1b: Incineroar
|move|p1a: Ursaluna|Facade|p2b: Primarina
|-damage|p2b: Primarina|0 fnt
|faint|p2b: Primarina
|
|-damage|p1a: Ursaluna|25/100 brn|[from] brn
|upkeep
|
|t:|1756779654
|switch|p2b: Gholdengo|Gholdengo, L50|100/100
|switch|p1b: Sneasler|Sneasler, L50, M|100/100
|turn|7
|inactive|INKevin has 30 seconds left.
|inactive|INKevin has 20 seconds left.
|
|t:|1756779692
|-terastallize|p2b: Gholdengo|Flying
|move|p2a: Sneasler|Protect|p2a: Sneasler
|-singleturn|p2a: Sneasler|Protect
|move|p1a: Ursaluna|Protect|p1a: Ursaluna
|-singleturn|p1a: Ursaluna|Protect
|move|p1b: Sneasler|Close Combat|p2a: Sneasler
|-activate|p2a: Sneasler|move: Protect
|move|p2b: Gholdengo|Tera Blast|p1a: Ursaluna|[anim] Tera Blast Flying
|-activate|p1a: Ursaluna|move: Protect
|
|-damage|p1a: Ursaluna|19/100 brn|[from] brn
|upkeep
|turn|8
|inactive|INKevin has 30 seconds left.
|
|t:|1756779717
|switch|p1a: Porygon2|Porygon2, L50, shiny|73/100
|-ability|p1a: Porygon2|Download|boost
|-boost|p1a: Porygon2|atk|1
|move|p1b: Sneasler|Dire Claw|p2b: Gholdengo
|-damage|p2b: Gholdengo|54/100
|-status|p2b: Gholdengo|psn|[from] ability: Poison Touch|[of] p1b: Sneasler
|move|p2a: Sneasler|Dire Claw|p1a: Porygon2
|-damage|p1a: Porygon2|46/100
|move|p2b: Gholdengo|Tera Blast|p1b: Sneasler|[anim] Tera Blast Flying
|-supereffective|p1b: Sneasler
|-enditem|p1b: Sneasler|Focus Sash
|-damage|p1b: Sneasler|1/100
|
|-damage|p2b: Gholdengo|42/100 psn|[from] psn
|upkeep
|turn|9
|inactive|INKevin has 30 seconds left.
|inactive|mcLovin_moreno has 30 seconds left.
|inactive|INKevin has 20 seconds left.
|
|t:|1756779755
|move|p2a: Sneasler|Dire Claw|p1b: Sneasler
|-resisted|p1b: Sneasler
|-damage|p1b: Sneasler|0 fnt
|faint|p1b: Sneasler
|move|p2b: Gholdengo|Tera Blast|p1a: Porygon2|[anim] Tera Blast Flying
|-damage|p1a: Porygon2|0 fnt
|faint|p1a: Porygon2
|
|-damage|p2b: Gholdengo|29/100 psn|[from] psn
|upkeep
|
|t:|1756779769
|switch|p1a: Ursaluna|Ursaluna, L50, M, shiny, tera:Ghost|19/100 brn
|turn|10
|
|t:|1756779781
|move|p2a: Sneasler|Dire Claw|p1a: Ursaluna
|-resisted|p1a: Ursaluna
|-damage|p1a: Ursaluna|10/100 brn
|move|p2b: Gholdengo|Tera Blast|p1a: Ursaluna|[anim] Tera Blast Flying
|-damage|p1a: Ursaluna|0 fnt
|faint|p1a: Ursaluna
|
|win|mcLovin_moreno
||mcLovin_moreno is ready for game 2.
||INKevin is ready for game 2.
|uhtml|next|Next: Game 2 of 3
|l|☆INKevin
|player|p1|
|n|☆mcLovin_moreno|mclovinmoreno
