|j|☆mayonaisnd
|j|☆wingblade33
|html|mayonaisndwingblade33    
|uhtml|bestof|Game 2 of a best-of-3
|t:|1784134648
|gametype|doubles
|player|p1|mayonaisnd|1|1290
|player|p2|wingblade33|1|1288
|gen|9
|tier|[Gen 9 Champions] VGC 2026 Reg M-B (Bo3)
|rated|
|rule|Species Clause: Limit one of each Pokémon
|rule|Item Clause: Limit 1 of each item
|clearpoke
|poke|p1|Charizard, L50, M|
|poke|p1|Venusaur, L50, F|
|poke|p1|Annihilape, L50, M|
|poke|p1|Garchomp, L50, M|
|poke|p1|Incineroar, L50, M|
|poke|p1|Toxapex, L50, M|
|poke|p2|Staraptor, L50, M|
|poke|p2|Whimsicott, L50, F|
|poke|p2|Garchomp, L50, F|
|poke|p2|Charizard, L50, M|
|poke|p2|Gholdengo, L50|
|poke|p2|Basculegion, L50, M|
|teampreview|4
|showteam|p1|Charizard||CharizarditeY|Blaze|HeatWave,WeatherBall,HelpingHand,Protect|Modest||M|||50|]Venusaur||LifeOrb|Chlorophyll|SolarBeam,SludgeBomb,EarthPower,Protect|Modest||F|||50|]Annihilape||FocusSash|Defiant|CloseCombat,RockTomb,PhantomForce,Protect|Jolly||M|||50|]Garchomp||ChoiceScarf|RoughSkin|DragonClaw,Earthquake,RockSlide,StompingTantrum|Adamant||M|||50|]Incineroar||SitrusBerry|Intimidate|FlareBlitz,ThroatChop,PartingShot,FakeOut|Impish||M|||50|]Toxapex||Leftovers|Regenerator|Toxic,Infestation,WideGuard,BanefulBunker|Bold||M|||50|
|showteam|p2|Staraptor||Staraptite|Intimidate|BraveBird,CloseCombat,Protect,Roost|Jolly||M|||50|]Whimsicott||FocusSash|Prankster|Moonblast,Tailwind,Charm,Encore|Timid||F|||50|]Garchomp||LifeOrb|RoughSkin|Protect,Earthquake,DragonClaw,RockSlide|Jolly||F|||50|]Charizard||CharizarditeY|Blaze|HeatWave,WeatherBall,SolarBeam,Protect|Modest||M|||50|]Gholdengo||Leftovers|GoodasGold|MakeItRain,ShadowBall,NastyPlot,Protect|Modest|||||50|]Basculegion||MysticWater|Adaptability|WaveCrash,AquaJet,LastRespects,Protect|Adamant||M|||50|
|inactive|Battle timer is ON: inactive players will automatically lose when time's up. (requested by wingblade33)
|inactive|mayonaisnd has 60 seconds left.
|inactive|wingblade33 has 60 seconds left.
|
|t:|1784134696
|teamsize|p1|4
|teamsize|p2|4
|start
|switch|p1a: Toxapex|Toxapex, L50, M|100/100
|switch|p1b: Incineroar|Incineroar, L50, M|100/100
|switch|p2a: Whimsicott|Whimsicott, L50, F|100/100
|switch|p2b: Basculegion|Basculegion, L50, M|100/100
|-ability|p1b: Incineroar|Intimidate|boost
|-unboost|p2a: Whimsicott|atk|1
|-unboost|p2b: Basculegion|atk|1
|turn|1
|
|t:|1784134711
|switch|p2a: Garchomp|Garchomp, L50, F|100/100
|move|p2b: Basculegion|Wave Crash|p1b: Incineroar
|-supereffective|p1b: Incineroar|1
|-damage|p1b: Incineroar|0 fnt
|faint|p1b: Incineroar
|-damage|p2b: Basculegion|65/100|[from] Recoil
|move|p1a: Toxapex|Infestation|p2a: Garchomp
|-damage|p2a: Garchomp|96/100
|-activate|p2a: Garchomp|move: Infestation|[of] p1a: Toxapex
|-damage|p1a: Toxapex|87/100|[from] ability: Rough Skin|[of] p2a: Garchomp
|
|-heal|p1a: Toxapex|93/100|[from] item: Leftovers
|-damage|p2a: Garchomp|84/100|[from] move: Infestation|[partiallytrapped]
|upkeep
|
|t:|1784134717
|switch|p1b: Garchomp|Garchomp, L50, M|100/100
|turn|2
|
|t:|1784134733
|switch|p2b: Whimsicott|Whimsicott, L50, F|100/100
|move|p2a: Garchomp|Protect|p2a: Garchomp
|-singleturn|p2a: Garchomp|Protect
|move|p1b: Garchomp|Dragon Claw|p2a: Garchomp
|-activate|p2a: Garchomp|move: Protect
|move|p1a: Toxapex|Toxic|p2b: Whimsicott
|-status|p2b: Whimsicott|tox
|
|-heal|p1a: Toxapex|99/100|[from] item: Leftovers
|-damage|p2b: Whimsicott|94/100 tox|[from] psn
|-damage|p2a: Garchomp|71/100|[from] move: Infestation|[partiallytrapped]
|upkeep
|turn|3
|inactive|wingblade33 has 30 seconds left.
|
|t:|1784134763
|move|p2b: Whimsicott|Tailwind|p2b: Whimsicott
|-sidestart|p2: wingblade33|move: Tailwind
|move|p2a: Garchomp|Dragon Claw|p1b: Garchomp
|-supereffective|p1b: Garchomp|1
|-damage|p1b: Garchomp|0 fnt
|-damage|p2a: Garchomp|59/100|[from] ability: Rough Skin|[of] p1b: Garchomp
|faint|p1b: Garchomp
|-damage|p2a: Garchomp|49/100|[from] item: Life Orb
|move|p1a: Toxapex|Infestation|p2b: Whimsicott
|-damage|p2b: Whimsicott|89/100 tox
|-activate|p2b: Whimsicott|move: Infestation|[of] p1a: Toxapex
|
|-heal|p1a: Toxapex|100/100|[from] item: Leftovers
|-damage|p2b: Whimsicott|77/100 tox|[from] psn
|-damage|p2b: Whimsicott|64/100 tox|[from] move: Infestation|[partiallytrapped]
|-damage|p2a: Garchomp|37/100|[from] move: Infestation|[partiallytrapped]
|upkeep
|
|t:|1784134768
|switch|p1b: Charizard|Charizard, L50, M|100/100
|turn|4
|inactive|wingblade33 has 30 seconds left.
|
|t:|1784134801
|detailschange|p1b: Charizard|Charizard-Mega-Y, L50, M
|-mega|p1b: Charizard|Charizard|Charizardite Y
|-weather|SunnyDay|[from] ability: Drought|[of] p1b: Charizard
|move|p2a: Garchomp|Protect|p2a: Garchomp
|-singleturn|p2a: Garchomp|Protect
|move|p1a: Toxapex|Wide Guard|p1a: Toxapex
|-singleturn|p1a: Toxapex|Wide Guard
|move|p2b: Whimsicott|Encore|p1a: Toxapex
|-start|p1a: Toxapex|Encore
|move|p1b: Charizard|Heat Wave|p2a: Garchomp|[spread] p2b
|-activate|p2a: Garchomp|move: Protect
|-supereffective|p2b: Whimsicott|1
|-damage|p2b: Whimsicott|0 fnt
|faint|p2b: Whimsicott
|
|-weather|SunnyDay|[upkeep]
|-damage|p2a: Garchomp|24/100|[from] move: Infestation|[partiallytrapped]
|upkeep
|
|t:|1784134816
|switch|p2b: Basculegion|Basculegion, L50, M|65/100
|turn|5
|
|t:|1784134828
|move|p1a: Toxapex|Wide Guard|p1a: Toxapex
|-singleturn|p1a: Toxapex|Wide Guard
|move|p2a: Garchomp|Dragon Claw|p1a: Toxapex
|-damage|p1a: Toxapex|61/100
|-damage|p2a: Garchomp|15/100|[from] item: Life Orb
|move|p2b: Basculegion|Wave Crash|p1b: Charizard
|-supereffective|p1b: Charizard|1
|-damage|p1b: Charizard|2/100
|-damage|p2b: Basculegion|36/100|[from] Recoil
|move|p1b: Charizard|Heat Wave|p2a: Garchomp|[spread] p2a,p2b
|-resisted|p2a: Garchomp|1
|-resisted|p2b: Basculegion|1
|-damage|p2a: Garchomp|0 fnt
|-damage|p2b: Basculegion|1/100
|faint|p2a: Garchomp
|
|-weather|SunnyDay|[upkeep]
|-heal|p1a: Toxapex|67/100|[from] item: Leftovers
|upkeep
|
|t:|1784134845
|switch|p2a: Charizard|Charizard, L50, M|100/100
|turn|6
|-message|mayonaisnd forfeited.
|
|win|wingblade33
|raw|mayonaisnd's rating: 1290 → 1265(-25 for losing)
|raw|wingblade33's rating: 1288 → 1313(+25 for winning)
|l|☆mayonaisnd
|player|p1|
