|j|☆CrystalGem02
|j|☆IceApfel
|html|CrystalGem02IceApfel    
|uhtml|bestof|Game 1 of a best-of-3
|t:|1756748552
|gametype|doubles
|player|p1|CrystalGem02|valerie|1318
|player|p2|IceApfel|waiter-gen4|1247
|gen|9
|tier|[Gen 9] VGC 2025 Reg H (Bo3)
|rated|
|rule|Species Clause: Limit one of each Pokémon
|rule|Item Clause: Limit 1 of each item
|clearpoke
|poke|p1|Toedscruel, L50, M|
|poke|p1|Weezing-Galar, L50, M|
|poke|p1|Corviknight, L50, M|
|poke|p1|Pawmot, L50, F|
|poke|p1|Garchomp, L50, M|
|poke|p1|Typhlosion-Hisui, L50, M|
|poke|p2|Archaludon, L50, F|
|poke|p2|Pelipper, L50, M|
|poke|p2|Dragonite, L50, M|
|poke|p2|Ursaluna, L50, F|
|poke|p2|Sinistcha, L50|
|poke|p2|Gholdengo, L50|
|teampreview|4
|showteam|p1|Toedscruel||CovertCloak|MyceliumMight|EarthPower,AcidSpray,Spore,RagePowder|||M|||50|,,,,,Water]Weezing-Galar||ChoiceSpecs|NeutralizingGas|SludgeBomb,StrangeSteam,DazzlingGleam,Flamethrower|||M|||50|,,,,,Fire]Corviknight||SitrusBerry|MirrorArmor|BraveBird,Tailwind,Roost,Protect|||M|||50|,,,,,Dragon]Pawmot||FocusSash|NaturalCure|CloseCombat,DoubleShock,FakeOut,Protect|||F|||50|,,,,,Electric]Garchomp||LifeOrb|RoughSkin|DragonClaw,StompingTantrum,Earthquake,Protect|||M|||50|,,,,,Ground]Typhlosion-Hisui||ChoiceScarf|Blaze|Eruption,HeatWave,ShadowBall,SleepTalk|||M|||50|,,,,,Fire
|showteam|p2|Archaludon||AssaultVest|Stamina|FlashCannon,BodyPress,ElectroShot,Snarl|||F|||50|,,,,,Fighting]Pelipper||FocusSash|Drizzle|MuddyWater,Hurricane,Tailwind,Protect|||M|||50|,,,,,Ghost]Dragonite||LoadedDice|Multiscale|ScaleShot,Tailwind,Haze,Protect|||M|||50|,,,,,Steel]Ursaluna||FlameOrb|Guts|Facade,HeadlongRush,Earthquake,Protect|||F|||50|,,,,,Ghost]Sinistcha||SitrusBerry|Hospitality|MatchaGotcha,LifeDew,RagePowder,TrickRoom||||||50|,,,,,Dark]Gholdengo||ChoiceScarf|GoodasGold|MakeItRain,ShadowBall,Trick,Protect||||||50|,,,,,Flying
|inactive|Battle timer is ON: inactive players will automatically lose when time's up. (requested by IceApfel)
|inactive|CrystalGem02 has 60 seconds left.
|
|t:|1756748613
|teamsize|p1|4
|teamsize|p2|4
|start
|switch|p1a: Typhlosion|Typhlosion-Hisui, L50, M|100/100
|switch|p1b: Weezing|Weezing-Galar, L50, M|100/100
|switch|p2a: Ursaluna|Ursaluna, L50, F|100/100
|switch|p2b: Dragonite|Dragonite, L50, M|100/100
|-ability|p1b: Weezing|Neutralizing Gas
|turn|1
|
|t:|1756748631
|move|p2a: Ursaluna|Protect|p2a: Ursaluna
|-singleturn|p2a: Ursaluna|Protect
|move|p1a: Typhlosion|Eruption|p2b: Dragonite|[spread] p2b
|-activate|p2a: Ursaluna|move: Protect
|-resisted|p2b: Dragonite
|-damage|p2b: Dragonite|66/100
|move|p2b: Dragonite|Scale Shot|p1a: Typhlosion
|-crit|p1a: Typhlosion
|-damage|p1a: Typhlosion|70/100
|-damage|p1a: Typhlosion|47/100
|-damage|p1a: Typhlosion|24/100
|-damage|p1a: Typhlosion|3/100
|-damage|p1a: Typhlosion|0 fnt
|faint|p1a: Typhlosion
|-hitcount|p1: Typhlosion|5
|-unboost|p2b: Dragonite|def|1
|-boost|p2b: Dragonite|spe|1
|move|p1b: Weezing|Strange Steam|p2b: Dragonite
|-supereffective|p2b: Dragonite
|-damage|p2b: Dragonite|0 fnt
|faint|p2b: Dragonite
|
|-status|p2a: Ursaluna|brn|[from] item: Flame Orb
|upkeep
|inactive|CrystalGem02 has 30 seconds left.
|
|t:|1756748661
|switch|p1a: Garchomp|Garchomp, L50, M|100/100
|switch|p2b: Sinistcha|Sinistcha, L50|100/100
|turn|2
|
|t:|1756748684
|move|p2b: Sinistcha|Rage Powder|p2b: Sinistcha
|-singleturn|p2b: Sinistcha|move: Rage Powder
|move|p1a: Garchomp|Dragon Claw|p2b: Sinistcha
|-damage|p2b: Sinistcha|53/100
|-damage|p1a: Garchomp|91/100|[from] item: Life Orb
|move|p2a: Ursaluna|Facade|p1a: Garchomp
|-damage|p1a: Garchomp|4/100
|move|p1b: Weezing|Strange Steam|p2b: Sinistcha
|-damage|p2b: Sinistcha|4/100
|-enditem|p2b: Sinistcha|Sitrus Berry|[eat]
|-heal|p2b: Sinistcha|29/100|[from] item: Sitrus Berry
|
|-damage|p2a: Ursaluna|95/100 brn|[from] brn
|upkeep
|turn|3
|inactive|CrystalGem02 has 30 seconds left.
|
|t:|1756748713
|move|p2b: Sinistcha|Rage Powder|p2b: Sinistcha
|-singleturn|p2b: Sinistcha|move: Rage Powder
|move|p1a: Garchomp|Dragon Claw|p2b: Sinistcha
|-damage|p2b: Sinistcha|0 fnt
|faint|p2b: Sinistcha
|-damage|p1a: Garchomp|0 fnt|[from] item: Life Orb
|faint|p1a: Garchomp
|move|p2a: Ursaluna|Earthquake|p1b: Weezing
|-supereffective|p1b: Weezing
|-damage|p1b: Weezing|42/100
|move|p1b: Weezing|Strange Steam|p2a: Ursaluna
|-damage|p2a: Ursaluna|37/100 brn
|
|-damage|p2a: Ursaluna|31/100 brn|[from] brn
|upkeep
|
|t:|1756748726
|switch|p1a: Pawmot|Pawmot, L50, F|100/100
|switch|p2b: Gholdengo|Gholdengo, L50|100/100
|turn|4
|inactive|CrystalGem02 has 30 seconds left.
|inactive|CrystalGem02 has 20 seconds left.
|
|t:|1756748761
|-terastallize|p1b: Weezing|Fire
|move|p1a: Pawmot|Protect|p1a: Pawmot
|-singleturn|p1a: Pawmot|Protect
|move|p2b: Gholdengo|Make It Rain|p1b: Weezing|[spread] p1b
|-activate|p1a: Pawmot|move: Protect
|-resisted|p1b: Weezing
|-damage|p1b: Weezing|8/100
|-unboost|p2b: Gholdengo|spa|1
|move|p2a: Ursaluna|Facade|p1a: Pawmot
|-activate|p1a: Pawmot|move: Protect
|move|p1b: Weezing|Strange Steam|p2a: Ursaluna
|-damage|p2a: Ursaluna|0 fnt
|faint|p2a: Ursaluna
|
|upkeep
|turn|5
|
|t:|1756748785
|move|p2b: Gholdengo|Make It Rain|p1b: Weezing|[spread] p1a,p1b
|-resisted|p1a: Pawmot
|-resisted|p1b: Weezing
|-damage|p1a: Pawmot|68/100
|-damage|p1b: Weezing|0 fnt
|-unboost|p2b: Gholdengo|spa|1
|faint|p1b: Weezing
|-end|p1b: Weezing|ability: Neutralizing Gas
|move|p1a: Pawmot|Double Shock|p2b: Gholdengo
|-damage|p2b: Gholdengo|31/100
|-start|p1a: Pawmot|typechange|???/Fighting|[from] move: Double Shock
|
|upkeep
|turn|6
|
|t:|1756748791
|move|p1a: Pawmot|Protect|p1a: Pawmot
|-singleturn|p1a: Pawmot|Protect
|move|p2b: Gholdengo|Make It Rain|p1a: Pawmot
|-activate|p1a: Pawmot|move: Protect
|
|upkeep
|turn|7
|
|t:|1756748798
|move|p1a: Pawmot|Protect||[still]
|-fail|p1a: Pawmot
|move|p2b: Gholdengo|Make It Rain|p1a: Pawmot
|-damage|p1a: Pawmot|3/100
|-unboost|p2b: Gholdengo|spa|1
|
|upkeep
|turn|8
|
|t:|1756748809
|move|p1a: Pawmot|Protect|p1a: Pawmot
|-singleturn|p1a: Pawmot|Protect
|move|p2b: Gholdengo|Make It Rain|p1a: Pawmot
|-activate|p1a: Pawmot|move: Protect
|
|upkeep
|turn|9
|
|t:|1756748812
|move|p1a: Pawmot|Protect|p1a: Pawmot
|-singleturn|p1a: Pawmot|Protect
|move|p2b: Gholdengo|Make It Rain|p1a: Pawmot
|-activate|p1a: Pawmot|move: Protect
|
|upkeep
|turn|10
|
|t:|1756748815
|move|p2b: Gholdengo|Make It Rain|p1a: Pawmot
|-damage|p1a: Pawmot|0 fnt
|-unboost|p2b: Gholdengo|spa|1
|faint|p1a: Pawmot
|
|win|IceApfel
