|j|☆GS Barnabe
|j|☆grtnpwrfl
|html|GS Barnabegrtnpwrfl    
|uhtml|bestof|Game 1 of a best-of-3
|t:|1785416239
|gametype|doubles
|player|p1|GS Barnabe|101|1088
|player|p2|grtnpwrfl|170|1077
|gen|9
|tier|[Gen 9 Champions] VGC 2026 Reg M-B (Bo3)
|rated|
|rule|Species Clause: Limit one of each Pokémon
|rule|Item Clause: Limit 1 of each item
|clearpoke
|poke|p1|Meowstic, L50, M|
|poke|p1|Tyranitar, L50, F|
|poke|p1|Scovillain, L50, M|
|poke|p1|Houndstone, L50, M|
|poke|p1|Corviknight, L50, M|
|poke|p1|Garchomp, L50, F|
|poke|p2|Palafin, L50, M|
|poke|p2|Aegislash, L50, F|
|poke|p2|Garchomp, L50, M|
|poke|p2|Hatterene, L50, F|
|poke|p2|Pelipper, L50, M|
|poke|p2|Metagross, L50|
|teampreview|4
|showteam|p1|Meowstic||LightClay|Prankster|FakeOut,Reflect,LightScreen,PsychicNoise|Bold||M|||50|]Tyranitar||ChoiceScarf|SandStream|RockSlide,KnockOff,IcePunch,Superpower|Jolly||F|||50|]Scovillain||Scovillainite|Moody|Overheat,LeechSeed,RagePowder,Protect|Calm||M|||50|]Houndstone||SitrusBerry|SandRush|LastRespects,Disable,AllySwitch,Protect|Adamant||M|||50|]Corviknight||LifeOrb|MirrorArmor|IronHead,BraveBird,Tailwind,Protect|Adamant||M|||50|]Garchomp||Garchompite|RoughSkin|DracoMeteor,EarthPower,PowerGem,Protect|Modest||F|||50|
|showteam|p2|Palafin||ChoiceScarf|ZerotoHero|FlipTurn,JetPunch,IcePunch,WaveCrash|Jolly||M|||50|]Aegislash||LifeOrb|StanceChange|CloseCombat,KingsShield,IronHead,ShadowSneak|Adamant||F|||50|]Garchomp||Leftovers|SandVeil|RockSlide,DragonClaw,Protect,Earthquake|Jolly||M|||50|]Hatterene||ColburBerry|MagicBounce|CalmMind,TrickRoom,Psychic,DrainingKiss|Quiet||F|||50|]Pelipper||FocusSash|Drizzle|ChillingWater,Tailwind,Hurricane,Protect|Bold||M|||50|]Metagross||Metagrossite|ClearBody|BulletPunch,Protect,MeteorMash,RockSlide|Jolly|||||50|
|inactive|Battle timer is ON: inactive players will automatically lose when time's up. (requested by grtnpwrfl)
|inactive|GS Barnabe has 60 seconds left.
|
|t:|1785416292
|teamsize|p1|4
|teamsize|p2|4
|start
|switch|p1a: Tyranitar|Tyranitar, L50, F|100/100
|switch|p1b: Corviknight|Corviknight, L50, M|100/100
|switch|p2a: Pelipper|Pelipper, L50, M|100/100
|switch|p2b: Palafin|Palafin, L50, M|100/100
|-weather|Sandstorm|[from] ability: Sand Stream|[of] p1a: Tyranitar
|-weather|RainDance|[from] ability: Drizzle|[of] p2a: Pelipper
|turn|1
|inactive|GS Barnabe has 30 seconds left.
|inactive|GS Barnabe has 20 seconds left.
|
|t:|1785416331
|switch|p1a: Garchomp|Garchomp, L50, F|100/100
|move|p2b: Palafin|Flip Turn|p1a: Garchomp
|-damage|p1a: Garchomp|70/100
|-damage|p2b: Palafin|87/100|[from] ability: Rough Skin|[of] p1a: Garchomp
|
|t:|1785416338
|detailschange|p2b: Palafin|Palafin-Hero, L50, M
|switch|p2b: Metagross|Metagross, L50|100/100|[from] Flip Turn
|move|p1b: Corviknight|Tailwind|p1b: Corviknight
|-sidestart|p1: GS Barnabe|move: Tailwind
|move|p2a: Pelipper|Tailwind|p2a: Pelipper
|-sidestart|p2: grtnpwrfl|move: Tailwind
|
|-weather|RainDance|[upkeep]
|upkeep
|turn|2
|inactive|GS Barnabe has 30 seconds left.
|
|t:|1785416373
|switch|p1b: Tyranitar|Tyranitar, L50, F|100/100
|-weather|Sandstorm|[from] ability: Sand Stream|[of] p1b: Tyranitar
|detailschange|p1a: Garchomp|Garchomp-Mega, L50, F
|-mega|p1a: Garchomp|Garchomp|Garchompite
|detailschange|p2b: Metagross|Metagross-Mega, L50
|-mega|p2b: Metagross|Metagross|Metagrossite
|move|p2b: Metagross|Rock Slide|p1b: Tyranitar|[spread] p1a,p1b
|-resisted|p1a: Garchomp|1
|-damage|p1a: Garchomp|61/100
|-damage|p1b: Tyranitar|80/100
|cant|p1a: Garchomp|flinch
|move|p2a: Pelipper|Chilling Water|p1a: Garchomp
|-damage|p1a: Garchomp|44/100
|-unboost|p1a: Garchomp|atk|1
|
|-weather|Sandstorm|[upkeep]
|-damage|p2a: Pelipper|94/100|[from] Sandstorm
|upkeep
|turn|3
|inactive|GS Barnabe has 30 seconds left.
|
|t:|1785416404
|switch|p2a: Palafin|Palafin-Hero, L50, M|87/100
|-activate|p2a: Palafin|ability: Zero to Hero
|move|p2b: Metagross|Protect|p2b: Metagross
|-singleturn|p2b: Metagross|Protect
|move|p1b: Tyranitar|Rock Slide|p2a: Palafin|[spread] 
|-activate|p2b: Metagross|move: Protect
|-miss|p1b: Tyranitar|p2a: Palafin
|move|p1a: Garchomp|Earth Power|p2b: Metagross
|-activate|p2b: Metagross|move: Protect
|
|-weather|Sandstorm|[upkeep]
|-damage|p2a: Palafin|81/100|[from] Sandstorm
|upkeep
|turn|4
|inactive|GS Barnabe has 30 seconds left.
|inactive|GS Barnabe has 20 seconds left.
|inactive|GS Barnabe has 15 seconds left.
|
|t:|1785416444
|switch|p2b: Pelipper|Pelipper, L50, M|94/100
|-weather|RainDance|[from] ability: Drizzle|[of] p2b: Pelipper
|switch|p1a: Corviknight|Corviknight, L50, M|100/100
|move|p2a: Palafin|Jet Punch|p1a: Corviknight
|-damage|p1a: Corviknight|47/100
|move|p1b: Tyranitar|Rock Slide|p2a: Palafin|[spread] p2a,p2b
|-supereffective|p2b: Pelipper|1
|-damage|p2a: Palafin|50/100g
|-damage|p2b: Pelipper|50/100g
|
|-weather|RainDance|[upkeep]
|-sideend|p2: grtnpwrfl|move: Tailwind
|-sideend|p1: GS Barnabe|move: Tailwind
|upkeep
|turn|5
|inactive|GS Barnabe has 30 seconds left.
|inactive|GS Barnabe has 20 seconds left.
|
|t:|1785416483
|move|p2a: Palafin|Jet Punch|p1a: Corviknight
|-damage|p1a: Corviknight|0 fnt
|faint|p1a: Corviknight
|move|p1b: Tyranitar|Rock Slide|p2a: Palafin|[spread] p2a,p2b
|-supereffective|p2b: Pelipper|1
|-damage|p2a: Palafin|20/100y
|-damage|p2b: Pelipper|6/100
|move|p2b: Pelipper|Tailwind|p2b: Pelipper
|-sidestart|p2: grtnpwrfl|move: Tailwind
|
|-weather|RainDance|[upkeep]
|upkeep
|
|t:|1785416501
|switch|p1a: Garchomp|Garchomp-Mega, L50, F|44/100
|turn|6
|
|t:|1785416510
|move|p1a: Garchomp|Protect|p1a: Garchomp
|-singleturn|p1a: Garchomp|Protect
|move|p2a: Palafin|Jet Punch|p1b: Tyranitar
|-supereffective|p1b: Tyranitar|1
|-damage|p1b: Tyranitar|0 fnt
|faint|p1b: Tyranitar
|move|p2b: Pelipper|Chilling Water|p1a: Garchomp
|-activate|p1a: Garchomp|move: Protect
|
|-weather|RainDance|[upkeep]
|upkeep
|
|t:|1785416527
|switch|p1b: Houndstone|Houndstone, L50, M|100/100
|turn|7
|
|t:|1785416538
|move|p2a: Palafin|Jet Punch|p1b: Houndstone
|-damage|p1b: Houndstone|44/100
|-enditem|p1b: Houndstone|Sitrus Berry|[eat]
|-heal|p1b: Houndstone|69/100|[from] item: Sitrus Berry
|move|p2b: Pelipper|Chilling Water|p1a: Garchomp
|-damage|p1a: Garchomp|17/100
|-unboost|p1a: Garchomp|atk|1
|move|p1a: Garchomp|Power Gem|p2b: Pelipper
|-supereffective|p2b: Pelipper|1
|-damage|p2b: Pelipper|0 fnt
|faint|p2b: Pelipper
|move|p1b: Houndstone|Last Respects|p2a: Palafin
|-damage|p2a: Palafin|0 fnt
|faint|p2a: Palafin
|
|-weather|RainDance|[upkeep]
|upkeep
|
|t:|1785416546
|switch|p2a: Garchomp|Garchomp, L50, M|100/100
|switch|p2b: Metagross|Metagross-Mega, L50|100/100
|turn|8
|inactive|GS Barnabe has 30 seconds left.
|
|t:|1785416579
|move|p1a: Garchomp|Protect|p1a: Garchomp
|-singleturn|p1a: Garchomp|Protect
|move|p1b: Houndstone|Protect|p1b: Houndstone
|-singleturn|p1b: Houndstone|Protect
|move|p2b: Metagross|Meteor Mash|p1b: Houndstone
|-activate|p1b: Houndstone|move: Protect
|move|p2a: Garchomp|Dragon Claw|p1a: Garchomp
|-activate|p1a: Garchomp|move: Protect
|
|-weather|none
|-sideend|p2: grtnpwrfl|move: Tailwind
|upkeep
|turn|9
|inactive|GS Barnabe has 30 seconds left.
|inactive|GS Barnabe has 20 seconds left.
|inactive|GS Barnabe has 15 seconds left.
|inactive|GS Barnabe has 10 seconds left.
|
|t:|1785416629
|move|p2a: Garchomp|Protect|p2a: Garchomp
|-singleturn|p2a: Garchomp|Protect
|move|p1b: Houndstone|Ally Switch|p1b: Houndstone
|swap|p1b: Houndstone|0|[from] move: Ally Switch
|move|p2b: Metagross|Meteor Mash|p1a: Houndstone
|-damage|p1a: Houndstone|4/100
|move|p1b: Garchomp|Draco Meteor|p2a: Garchomp
|-activate|p2a: Garchomp|move: Protect
|
|upkeep
|turn|10
|
|t:|1785416653
|move|p2b: Metagross|Protect|p2b: Metagross
|-singleturn|p2b: Metagross|Protect
|move|p1a: Houndstone|Protect|p1a: Houndstone
|-singleturn|p1a: Houndstone|Protect
|move|p2a: Garchomp|Earthquake|p1b: Garchomp|[spread] p1b
|-activate|p2b: Metagross|move: Protect
|-activate|p1a: Houndstone|move: Protect
|-damage|p1b: Garchomp|0 fnt
|faint|p1b: Garchomp
|
|upkeep
|turn|11
|-message|GS Barnabe forfeited.
|
|win|grtnpwrfl
||grtnpwrfl is ready for game 2.
||GS Barnabe is ready for game 2.
|uhtml|next|Next: Game 2 of 3
|l|☆grtnpwrfl
|player|p2|
