|j|☆Money03
|j|☆SlaymonSays
|html|Money03SlaymonSays    
|uhtml|bestof|Game 1 of a best-of-3
|t:|1757714310
|gametype|doubles
|player|p1|Money03|wattson|1269
|player|p2|SlaymonSays|170|1343
|gen|9
|tier|[Gen 9] VGC 2025 Reg H (Bo3)
|rated|
|rule|Species Clause: Limit one of each Pokémon
|rule|Item Clause: Limit 1 of each item
|clearpoke
|poke|p1|Ursaluna-Bloodmoon, L50, M|
|poke|p1|Amoonguss, L50, F|
|poke|p1|Dragonite, L50, M|
|poke|p1|Kingambit, L50, M|
|poke|p1|Sneasler, L50, F|
|poke|p1|Porygon2, L50|
|poke|p2|Dragonite, L50, M|
|poke|p2|Ursaluna-Bloodmoon, L50, M|
|poke|p2|Ninetales-Alola, L50, M|
|poke|p2|Rillaboom, L50, F|
|poke|p2|Incineroar, L50, F|
|poke|p2|Gholdengo, L50|
|teampreview|4
|showteam|p1|Ursaluna-Bloodmoon||LifeOrb|MindsEye|HyperVoice,EarthPower,BloodMoon,Protect|||M|||50|,,,,,Ghost]Amoonguss||CovertCloak|Regenerator|PollenPuff,RagePowder,Spore,Protect|||F|||50|,,,,,Fairy]Dragonite||LoadedDice|Multiscale|ScaleShot,Tailwind,Haze,Protect|||M|||50|,,,,,Steel]Kingambit||SafetyGoggles|Defiant|KowtowCleave,SuckerPunch,SwordsDance,Protect|||M|||50|,,,,,Dark]Sneasler||FocusSash|PoisonTouch|DireClaw,CloseCombat,Protect,FakeOut|||F|||50|,,,,,Ghost]Porygon2||Eviolite|Download|TeraBlast,IceBeam,Recover,TrickRoom||||||50|,,,,,Fighting
|showteam|p2|Dragonite||LoadedDice|Multiscale|ScaleShot,Haze,Tailwind,Protect|||M|||50|,,,,,Grass]Ursaluna-Bloodmoon||LifeOrb|MindsEye|BloodMoon,HyperVoice,EarthPower,Protect|||M|||50|,,,,,Normal]Ninetales-Alola||CovertCloak|SnowWarning|Blizzard,IcyWind,AuroraVeil,Encore|||M|||50|,,,,,Fire]Rillaboom||AssaultVest|GrassySurge|FakeOut,GrassyGlide,WoodHammer,HighHorsepower|||F|||50|,,,,,Fire]Incineroar||SafetyGoggles|Intimidate|FakeOut,FlareBlitz,KnockOff,WillOWisp|||F|||50|,,,,,Ghost]Gholdengo||Leftovers|GoodasGold|MakeItRain,ShadowBall,NastyPlot,Protect||||||50|,,,,,Water
|inactive|Battle timer is ON: inactive players will automatically lose when time's up. (requested by Money03)
|inactive|SlaymonSays has 60 seconds left.
|
|t:|1757714374
|teamsize|p1|4
|teamsize|p2|4
|start
|switch|p1a: Sneasler|Sneasler, L50, F|100/100
|switch|p1b: Porygon2|Porygon2, L50, shiny|100/100
|switch|p2a: Dragonite|Dragonite, L50, M|100/100
|switch|p2b: Ninetales|Ninetales-Alola, L50, M|100/100
|-weather|Snowscape|[from] ability: Snow Warning|[of] p2b: Ninetales
|-ability|p1b: Porygon2|Download|boost
|-boost|p1b: Porygon2|atk|1
|turn|1
|inactive|Money03 has 30 seconds left.
|inactive|SlaymonSays has 30 seconds left.
|
|t:|1757714407
|move|p1a: Sneasler|Fake Out|p2a: Dragonite
|-damage|p2a: Dragonite|93/100
|move|p2b: Ninetales|Aurora Veil|p2b: Ninetales
|-sidestart|p2: SlaymonSays|move: Aurora Veil
|cant|p2a: Dragonite|flinch
|move|p1b: Porygon2|Trick Room|p1b: Porygon2
|-fieldstart|move: Trick Room|[of] p1b: Porygon2
|
|-weather|Snowscape|[upkeep]
|upkeep
|turn|2
|
|t:|1757714428
|switch|p2a: Gholdengo|Gholdengo, L50|100/100
|switch|p1a: Kingambit|Kingambit, L50, M|100/100
|move|p1b: Porygon2|Ice Beam|p2a: Gholdengo
|-resisted|p2a: Gholdengo
|-damage|p2a: Gholdengo|91/100
|move|p2b: Ninetales|Encore||[still]
|-fail|p2b: Ninetales
|
|-weather|Snowscape|[upkeep]
|-heal|p2a: Gholdengo|97/100|[from] item: Leftovers
|upkeep
|turn|3
|inactive|Money03 has 30 seconds left.
|
|t:|1757714459
|move|p1b: Porygon2|Tera Blast|p2b: Ninetales
|-damage|p2b: Ninetales|70/100
|move|p1a: Kingambit|Swords Dance|p1a: Kingambit
|-boost|p1a: Kingambit|atk|2
|move|p2a: Gholdengo|Nasty Plot|p2a: Gholdengo
|-boost|p2a: Gholdengo|spa|2
|move|p2b: Ninetales|Encore|p1a: Kingambit
|-start|p1a: Kingambit|Encore
|
|-weather|Snowscape|[upkeep]
|-heal|p2a: Gholdengo|100/100|[from] item: Leftovers
|upkeep
|turn|4
|
|t:|1757714475
|move|p1b: Porygon2|Tera Blast|p2b: Ninetales
|-damage|p2b: Ninetales|39/100
|move|p1a: Kingambit|Swords Dance|p1a: Kingambit
|-boost|p1a: Kingambit|atk|2
|move|p2a: Gholdengo|Nasty Plot|p2a: Gholdengo
|-boost|p2a: Gholdengo|spa|2
|move|p2b: Ninetales|Blizzard|p1b: Porygon2|[spread] p1a,p1b
|-resisted|p1a: Kingambit
|-damage|p1a: Kingambit|86/100
|-damage|p1b: Porygon2|80/100
|
|-weather|Snowscape|[upkeep]
|upkeep
|turn|5
|inactive|Money03 has 30 seconds left.
|
|t:|1757714500
|switch|p1b: Sneasler|Sneasler, L50, F|100/100
|move|p1a: Kingambit|Swords Dance|p1a: Kingambit
|-boost|p1a: Kingambit|atk|2
|move|p2a: Gholdengo|Make It Rain|p1a: Kingambit|[spread] p1a,p1b
|-resisted|p1a: Kingambit
|-damage|p1a: Kingambit|19/100
|-enditem|p1b: Sneasler|Focus Sash
|-damage|p1b: Sneasler|1/100
|-unboost|p2a: Gholdengo|spa|1
|move|p2b: Ninetales|Blizzard|p1b: Sneasler|[spread] p1a,p1b
|-resisted|p1a: Kingambit
|-damage|p1a: Kingambit|3/100
|-damage|p1b: Sneasler|0 fnt
|faint|p1b: Sneasler
|
|-weather|none
|-sideend|p2: SlaymonSays|move: Aurora Veil
|-fieldend|move: Trick Room
|upkeep
|
|t:|1757714518
|switch|p1b: Porygon2|Porygon2, L50, shiny|80/100
|-ability|p1b: Porygon2|Download|boost
|-boost|p1b: Porygon2|atk|1
|turn|6
|-message|Money03 forfeited.
|
|win|SlaymonSays
||SlaymonSays is ready for game 2.
||Money03 is ready for game 2.
|uhtml|next|Next: Game 2 of 3
|l|☆SlaymonSays
|player|p2|
