|j|☆PerryAgent
|j|☆JoshSketch
|html|PerryAgentJoshSketch    
|uhtml|bestof|Game 1 of a best-of-3
|t:|1756568691
|gametype|doubles
|player|p1|PerryAgent|169|1111
|player|p2|JoshSketch|101|1000
|gen|9
|tier|[Gen 9] VGC 2025 Reg H (Bo3)
|rated|
|rule|Species Clause: Limit one of each Pokémon
|rule|Item Clause: Limit 1 of each item
|clearpoke
|poke|p1|Typhlosion-Hisui, L50, M|
|poke|p1|Whimsicott, L50, F|
|poke|p1|Ursaluna-Bloodmoon, L50, M|
|poke|p1|Primarina, L50, F|
|poke|p1|Meowscarada, L50, M|
|poke|p1|Farigiraf, L50, F|
|poke|p2|Gholdengo, L50|
|poke|p2|Archaludon, L50, M|
|poke|p2|Pelipper, L50, M|
|poke|p2|Annihilape, L50, M|
|poke|p2|Maushold, L50|
|poke|p2|Basculegion, L50, M|
|teampreview|4
|showteam|p1|Typhlosion-Hisui||Charcoal|Blaze|Eruption,HeatWave,ShadowBall,Protect|||M|||50|,,,,,Fire]Whimsicott||CovertCloak|Prankster|Tailwind,Moonblast,SunnyDay,Encore|||F|||50|,,,,,Dark]Ursaluna-Bloodmoon||LifeOrb|MindsEye|HyperVoice,BloodMoon,EarthPower,Protect|||M|||50|,,,,,Normal]Primarina||ThroatSpray|LiquidVoice|Moonblast,HyperVoice,Haze,Protect|||F|||50|,,,,,Grass]Meowscarada||FocusSash|Protean|FlowerTrick,KnockOff,Uturn,Protect|||M|||50|,,,,,Grass]Farigiraf||SafetyGoggles|ArmorTail|PsychicNoise,HyperVoice,HelpingHand,TrickRoom|||F|||50|,,,,,Fire
|showteam|p2|Gholdengo||LifeOrb|GoodasGold|Protect,NastyPlot,MakeItRain,ShadowBall||||||50|,,,,,Water]Archaludon||AssaultVest|Stamina|BodyPress,ElectroShot,FlashCannon,DracoMeteor|||M|||50|,,,,,Fighting]Pelipper||FocusSash|Drizzle|Tailwind,Hurricane,WeatherBall,Protect|||M|||50|,,,,,Grass]Annihilape||SafetyGoggles|Defiant|RageFist,BulkUp,CloseCombat,Protect|||M|||50|,,,,,Fairy]Maushold||WideLens|FriendGuard|BeatUp,FollowMe,Protect,Taunt||||||50|,,,,,Normal]Basculegion||ChoiceBand|SwiftSwim|WaveCrash,AquaJet,LastRespects,FlipTurn|||M|||50|,,,,,Grass
|inactive|Battle timer is ON: inactive players will automatically lose when time's up. (requested by PerryAgent)
|inactive|JoshSketch has 60 seconds left.
|
|t:|1756568729
|teamsize|p1|4
|teamsize|p2|4
|start
|switch|p1a: Whimsicott|Whimsicott, L50, F|100/100
|switch|p1b: Ursaluna|Ursaluna-Bloodmoon, L50, M|100/100
|switch|p2a: Pelipper|Pelipper, L50, M|100/100
|switch|p2b: Basculegion|Basculegion, L50, M, shiny|100/100
|-weather|RainDance|[from] ability: Drizzle|[of] p2a: Pelipper
|turn|1
|inactive|JoshSketch has 30 seconds left.
|inactive|PerryAgent has 30 seconds left.
|inactive|JoshSketch has 20 seconds left.
|inactive|PerryAgent has 20 seconds left.
|inactive|JoshSketch has 15 seconds left.
|inactive|JoshSketch has 10 seconds left.
|inactive|JoshSketch has 5 seconds left.
|
|t:|1756568782
|-terastallize|p1b: Ursaluna|Normal
|move|p1a: Whimsicott|Sunny Day|p1a: Whimsicott
|-weather|SunnyDay
|move|p2b: Basculegion|Wave Crash|p1b: Ursaluna
|-damage|p1b: Ursaluna|67/100
|-damage|p2b: Basculegion|90/100|[from] Recoil
|move|p2a: Pelipper|Tailwind|p2a: Pelipper
|-sidestart|p2: JoshSketch|move: Tailwind
|move|p1b: Ursaluna|Blood Moon|p2b: Basculegion
|-damage|p2b: Basculegion|0 fnt
|faint|p2b: Basculegion
|-damage|p1b: Ursaluna|57/100|[from] item: Life Orb
|
|-weather|SunnyDay|[upkeep]
|upkeep
|
|t:|1756568792
|switch|p2b: Gholdengo|Gholdengo, L50|100/100
|turn|2
|
|t:|1756568812
|-terastallize|p2b: Gholdengo|Water
|move|p1b: Ursaluna|Protect|p1b: Ursaluna
|-singleturn|p1b: Ursaluna|Protect
|move|p1a: Whimsicott|Encore|p2a: Pelipper
|-start|p2a: Pelipper|Encore
|move|p2b: Gholdengo|Nasty Plot|p2b: Gholdengo
|-boost|p2b: Gholdengo|spa|2
|move|p2a: Pelipper|Tailwind||[still]
|-fail|p2a: Pelipper
|
|-weather|SunnyDay|[upkeep]
|upkeep
|turn|3
|inactive|PerryAgent has 30 seconds left.
|inactive|PerryAgent has 20 seconds left.
|inactive|PerryAgent has 15 seconds left.
|
|t:|1756568853
|switch|p2a: Archaludon|Archaludon, L50, M|100/100
|switch|p1b: Farigiraf|Farigiraf, L50, F|100/100
|move|p1a: Whimsicott|Tailwind|p1a: Whimsicott
|-sidestart|p1: PerryAgent|move: Tailwind
|move|p2b: Gholdengo|Make It Rain|p1b: Farigiraf|[spread] p1a,p1b
|-supereffective|p1a: Whimsicott
|-damage|p1a: Whimsicott|0 fnt
|-damage|p1b: Farigiraf|0 fnt
|-unboost|p2b: Gholdengo|spa|1
|faint|p1a: Whimsicott
|faint|p1b: Farigiraf
|-damage|p2b: Gholdengo|91/100|[from] item: Life Orb
|
|-weather|SunnyDay|[upkeep]
|upkeep
|
|t:|1756568864
|switch|p1a: Ursaluna|Ursaluna-Bloodmoon, L50, M, tera:Normal|57/100
|switch|p1b: Primarina|Primarina, L50, F|100/100
|turn|4
|
|t:|1756568880
|move|p1a: Ursaluna|Protect|p1a: Ursaluna
|-singleturn|p1a: Ursaluna|Protect
|move|p1b: Primarina|Protect|p1b: Primarina
|-singleturn|p1b: Primarina|Protect
|move|p2b: Gholdengo|Make It Rain|p1b: Primarina|[spread] 
|-activate|p1a: Ursaluna|move: Protect
|-activate|p1b: Primarina|move: Protect
|move|p2a: Archaludon|Draco Meteor|p1a: Ursaluna
|-activate|p1a: Ursaluna|move: Protect
|
|-weather|SunnyDay|[upkeep]
|-sideend|p2: JoshSketch|move: Tailwind
|upkeep
|turn|5
|inactive|PerryAgent has 30 seconds left.
|inactive|PerryAgent has 20 seconds left.
|inactive|PerryAgent has 15 seconds left.
|inactive|JoshSketch has 30 seconds left.
|
|t:|1756568940
|switch|p2a: Pelipper|Pelipper, L50, M|100/100
|-weather|RainDance|[from] ability: Drizzle|[of] p2a: Pelipper
|move|p2b: Gholdengo|Protect|p2b: Gholdengo
|-singleturn|p2b: Gholdengo|Protect
|move|p1a: Ursaluna|Hyper Voice|p2b: Gholdengo|[spread] p2a
|-activate|p2b: Gholdengo|move: Protect
|-enditem|p2a: Pelipper|Focus Sash
|-damage|p2a: Pelipper|1/100
|-damage|p1a: Ursaluna|48/100|[from] item: Life Orb
|move|p1b: Primarina|Moonblast|p2b: Gholdengo
|-activate|p2b: Gholdengo|move: Protect
|
|-weather|RainDance|[upkeep]
|upkeep
|turn|6
|
|t:|1756568958
|move|p2a: Pelipper|Protect|p2a: Pelipper
|-singleturn|p2a: Pelipper|Protect
|move|p1a: Ursaluna|Blood Moon|p2b: Gholdengo
|-damage|p2b: Gholdengo|0 fnt
|faint|p2b: Gholdengo
|-damage|p1a: Ursaluna|38/100|[from] item: Life Orb
|move|p1b: Primarina|Hyper Voice|p2a: Pelipper
|-activate|p2a: Pelipper|move: Protect
|
|-weather|RainDance|[upkeep]
|-sideend|p1: PerryAgent|move: Tailwind
|upkeep
|
|t:|1756568964
|switch|p2b: Archaludon|Archaludon, L50, M|100/100
|turn|7
|inactive|JoshSketch has 30 seconds left.
|
|t:|1756568991
|move|p2a: Pelipper|Tailwind|p2a: Pelipper
|-sidestart|p2: JoshSketch|move: Tailwind
|move|p2b: Archaludon|Flash Cannon|p1a: Ursaluna
|-damage|p1a: Ursaluna|0 fnt
|faint|p1a: Ursaluna
|move|p1b: Primarina|Moonblast|p2b: Archaludon
|-damage|p2b: Archaludon|59/100
|-ability|p2b: Archaludon|Stamina|boost
|-boost|p2b: Archaludon|def|1
|
|-weather|RainDance|[upkeep]
|upkeep
|turn|8
|
|t:|1756569004
|move|p1b: Primarina|Protect|p1b: Primarina
|-singleturn|p1b: Primarina|Protect
|move|p2a: Pelipper|Weather Ball|p1b: Primarina
|-activate|p1b: Primarina|move: Protect
|move|p2b: Archaludon|Electro Shot||[still]
|-prepare|p2b: Archaludon|Electro Shot
|-boost|p2b: Archaludon|spa|1
|-anim|p2b: Archaludon|Electro Shot|p1b: Primarina
|-activate|p1b: Primarina|move: Protect
|
|-weather|RainDance|[upkeep]
|upkeep
|turn|9
|
|t:|1756569012
|move|p2a: Pelipper|Weather Ball|p1b: Primarina
|-resisted|p1b: Primarina
|-damage|p1b: Primarina|76/100
|move|p2b: Archaludon|Electro Shot||[still]
|-prepare|p2b: Archaludon|Electro Shot
|-boost|p2b: Archaludon|spa|1
|-anim|p2b: Archaludon|Electro Shot|p1b: Primarina
|-supereffective|p1b: Primarina
|-damage|p1b: Primarina|0 fnt
|faint|p1b: Primarina
|
|win|JoshSketch
||PerryAgent is ready for game 2.
||JoshSketch is ready for game 2.
|uhtml|next|Next: Game 2 of 3
