|j|☆Jasondddd
|j|☆ZNX Ferro
|html|JasonddddZNX Ferro    
|uhtml|bestof|Game 1 of a best-of-3
|t:|1756707637
|gametype|doubles
|player|p1|Jasondddd|2|1195
|player|p2|ZNX Ferro|2|1085
|gen|9
|tier|[Gen 9] VGC 2025 Reg H (Bo3)
|rated|
|rule|Species Clause: Limit one of each Pokémon
|rule|Item Clause: Limit 1 of each item
|clearpoke
|poke|p1|Volcarona, L50, M|
|poke|p1|Electabuzz, L50, M|
|poke|p1|Kingambit, L50, M|
|poke|p1|Rillaboom, L50, F|
|poke|p1|Quaquaval, L50, M|
|poke|p1|Murkrow, L50, M|
|poke|p2|Snorlax, L50, F|
|poke|p2|Kommo-o, L50, M|
|poke|p2|Clefairy, L50, F|
|poke|p2|Sinistcha-Masterpiece, L50|
|poke|p2|Incineroar, L50, F|
|poke|p2|Milotic, L50, M|
|teampreview|4
|showteam|p1|Volcarona||CovertCloak|FlameBody|Protect,QuiverDance,HeatWave,TeraBlast|||M|||50|,,,,,Dragon]Electabuzz||Eviolite|VitalSpirit|Protect,Thunderbolt,Taunt,FollowMe|||M|||50|,,,,,Fairy]Kingambit||SafetyGoggles|Defiant|Protect,SwordsDance,SuckerPunch,KowtowCleave|||M|||50|,,,,,Dark]Rillaboom||AssaultVest|GrassySurge|FakeOut,GrassyGlide,WoodHammer,Uturn|||F|||50|,,,,,Fire]Quaquaval||ChoiceScarf|Moxie|CloseCombat,AquaJet,WaveCrash,FlipTurn|||M|||50|,,,,,Water]Murkrow||FocusSash|Prankster|Protect,FoulPlay,Tailwind,Haze|||M|||50|,,,,,Ghost
|showteam|p2|Snorlax||SitrusBerry|ThickFat|Protect,DoubleEdge,HighHorsepower,BellyDrum|||F|||50|,,,,,Poison]Kommo-o||ThroatSpray|Overcoat|Protect,ClangingScales,Flamethrower,ClangorousSoul|||M|||50|,,,,,Steel]Clefairy||Eviolite|FriendGuard|Protect,FollowMe,Endeavor,LifeDew|||F|||50|,,,,,Grass]Sinistcha-Masterpiece||FocusSash|Hospitality|RagePowder,TrickRoom,MatchaGotcha,LifeDew||||||50|,,,,,Fire]Incineroar||SafetyGoggles|Intimidate|FakeOut,KnockOff,FlareBlitz,PartingShot|||F|||50|,,,,,Ghost]Milotic||Leftovers|Competitive|Protect,Scald,LifeDew,DrainingKiss|||M|||50|,,,,,Fairy
|inactive|Battle timer is ON: inactive players will automatically lose when time's up. (requested by ZNX Ferro)
|inactive|Jasondddd has 60 seconds left.
|inactive|Jasondddd has 30 seconds left.
|inactive|Jasondddd has 20 seconds left.
|inactive|Jasondddd has 15 seconds left.
|inactive|Jasondddd has 10 seconds left.
|
|t:|1756707747
|teamsize|p1|4
|teamsize|p2|4
|start
|switch|p1a: Kingambit|Kingambit, L50, M|100/100
|switch|p1b: Electabuzz|Electabuzz, L50, M|100/100
|switch|p2a: Kommo-o|Kommo-o, L50, M|100/100
|switch|p2b: Clefairy|Clefairy, L50, F|100/100
|turn|1
|inactive|ZNX Ferro has 30 seconds left.
|inactive|Jasondddd has 30 seconds left.
|
|t:|1756707785
|move|p2b: Clefairy|Protect|p2b: Clefairy
|-singleturn|p2b: Clefairy|Protect
|move|p1b: Electabuzz|Taunt|p2a: Kommo-o
|-start|p2a: Kommo-o|move: Taunt
|cant|p2a: Kommo-o|move: Taunt|Clangorous Soul
|move|p1a: Kingambit|Swords Dance|p1a: Kingambit
|-boost|p1a: Kingambit|atk|2
|
|upkeep
|turn|2
|
|t:|1756707806
|move|p1b: Electabuzz|Taunt|p2b: Clefairy
|-start|p2b: Clefairy|move: Taunt
|move|p2a: Kommo-o|Flamethrower|p1a: Kingambit
|-supereffective|p1a: Kingambit
|-damage|p1a: Kingambit|45/100
|move|p1a: Kingambit|Swords Dance|p1a: Kingambit
|-boost|p1a: Kingambit|atk|2
|move|p2b: Clefairy|Endeavor|p1a: Kingambit
|-immune|p1a: Kingambit
|
|upkeep
|turn|3
|inactive|ZNX Ferro has 30 seconds left.
|inactive|ZNX Ferro has 20 seconds left.
|
|t:|1756707843
|move|p1b: Electabuzz|Follow Me|p1b: Electabuzz
|-singleturn|p1b: Electabuzz|move: Follow Me
|move|p2a: Kommo-o|Clanging Scales|p1a: Kingambit|[spread] p1a,p1b
|-resisted|p1a: Kingambit
|-damage|p1a: Kingambit|27/100
|-damage|p1b: Electabuzz|65/100
|-unboost|p2a: Kommo-o|def|1
|-enditem|p2a: Kommo-o|Throat Spray
|-boost|p2a: Kommo-o|spa|1|[from] item: Throat Spray
|move|p1a: Kingambit|Kowtow Cleave|p2a: Kommo-o
|-resisted|p2a: Kommo-o
|-damage|p2a: Kommo-o|22/100
|move|p2b: Clefairy|Endeavor|p1b: Electabuzz
|-immune|p1b: Electabuzz
|
|-end|p2a: Kommo-o|move: Taunt
|upkeep
|turn|4
|
|t:|1756707866
|switch|p2b: Sinistcha|Sinistcha-Masterpiece, L50|100/100
|-heal|p2a: Kommo-o|47/100|[from] ability: Hospitality|[of] p2b: Sinistcha
|move|p1a: Kingambit|Sucker Punch|p2a: Kommo-o
|-resisted|p2a: Kommo-o
|-damage|p2a: Kommo-o|0 fnt
|faint|p2a: Kommo-o
|move|p1b: Electabuzz|Thunderbolt|p2b: Sinistcha
|-resisted|p2b: Sinistcha
|-damage|p2b: Sinistcha|87/100
|
|upkeep
|
|t:|1756707877
|switch|p2a: Milotic|Milotic, L50, M|100/100
|turn|5
|
|t:|1756707894
|-terastallize|p2a: Milotic|Fairy
|move|p1b: Electabuzz|Follow Me|p1b: Electabuzz
|-singleturn|p1b: Electabuzz|move: Follow Me
|move|p2a: Milotic|Draining Kiss|p1b: Electabuzz
|-damage|p1b: Electabuzz|44/100
|move|p2b: Sinistcha|Life Dew||[still]|[spread] p2a,p2b
|-fail|p2a: Milotic|heal
|-heal|p2b: Sinistcha|100/100
|move|p1a: Kingambit|Kowtow Cleave|p2b: Sinistcha
|-supereffective|p2b: Sinistcha
|-enditem|p2b: Sinistcha|Focus Sash
|-damage|p2b: Sinistcha|1/100
|
|upkeep
|turn|6
|
|t:|1756707915
|move|p1a: Kingambit|Sucker Punch|p2a: Milotic
|-resisted|p2a: Milotic
|-damage|p2a: Milotic|37/100
|move|p1b: Electabuzz|Thunderbolt|p2b: Sinistcha
|-resisted|p2b: Sinistcha
|-damage|p2b: Sinistcha|0 fnt
|faint|p2b: Sinistcha
|move|p2a: Milotic|Scald|p1b: Electabuzz
|-damage|p1b: Electabuzz|13/100
|
|-heal|p2a: Milotic|43/100|[from] item: Leftovers
|upkeep
|
|t:|1756707926
|switch|p2b: Clefairy|Clefairy, L50, F|100/100
|turn|7
|
|t:|1756707934
|move|p2b: Clefairy|Follow Me|p2b: Clefairy
|-singleturn|p2b: Clefairy|move: Follow Me
|move|p1b: Electabuzz|Thunderbolt|p2b: Clefairy
|-damage|p2b: Clefairy|77/100
|move|p2a: Milotic|Scald|p1a: Kingambit
|-damage|p1a: Kingambit|0 fnt
|faint|p1a: Kingambit
|
|-heal|p2a: Milotic|49/100|[from] item: Leftovers
|upkeep
|
|t:|1756707946
|switch|p1a: Rillaboom|Rillaboom, L50, F|100/100
|-fieldstart|move: Grassy Terrain|[from] ability: Grassy Surge|[of] p1a: Rillaboom
|turn|8
|
|t:|1756707958
|move|p2a: Milotic|Protect|p2a: Milotic
|-singleturn|p2a: Milotic|Protect
|move|p1b: Electabuzz|Thunderbolt|p2a: Milotic
|-activate|p2a: Milotic|move: Protect
|move|p1a: Rillaboom|Wood Hammer|p2b: Clefairy
|-damage|p2b: Clefairy|0 fnt
|faint|p2b: Clefairy
|-damage|p1a: Rillaboom|79/100|[from] Recoil
|
|-heal|p1b: Electabuzz|19/100|[from] Grassy Terrain
|-heal|p2a: Milotic|55/100|[from] Grassy Terrain
|-heal|p2a: Milotic|61/100|[from] item: Leftovers
|-heal|p1a: Rillaboom|85/100|[from] Grassy Terrain
|upkeep
|turn|9
|
|t:|1756707980
|move|p1b: Electabuzz|Thunderbolt|p2a: Milotic
|-damage|p2a: Milotic|39/100
|move|p2a: Milotic|Draining Kiss|p1b: Electabuzz
|-damage|p1b: Electabuzz|0 fnt
|-heal|p2a: Milotic|50/100|[from] drain|[of] p1b: Electabuzz
|faint|p1b: Electabuzz
|move|p1a: Rillaboom|Wood Hammer|p2a: Milotic
|-damage|p2a: Milotic|0 fnt
|faint|p2a: Milotic
|-damage|p1a: Rillaboom|69/100|[from] Recoil
|
|win|Jasondddd
||ZNX Ferro is ready for game 2.
|inactive|Jasondddd has 30 seconds to confirm battle start!
