|j|ŌśåEggEngines2
|j|Ōśå5NitesAtTrickRoom
|html|EggEngines25NitesAtTrickRoom    
|uhtml|bestof|Game 1 of a best-of-3
|t:|1757726146
|gametype|doubles
|player|p1|EggEngines2|collector|
|player|p2|5NitesAtTrickRoom|hilbert|
|gen|9
|tier|[Gen 9] VGC 2025 Reg H (Bo3)
|rule|Species Clause: Limit one of each Pok├®mon
|rule|Item Clause: Limit 1 of each item
|clearpoke
|poke|p1|Sneasler, L50, F|
|poke|p1|Indeedee, L50, M|
|poke|p1|Ursaluna-Bloodmoon, L50, M|
|poke|p1|Whimsicott, L50, M|
|poke|p1|Dondozo, L50, F|
|poke|p1|Tatsugiri, L50, F|
|poke|p2|Pelipper, L50, M|
|poke|p2|Archaludon, L50, F|
|poke|p2|Sinistcha-Masterpiece, L50|
|poke|p2|Maushold, L50|
|poke|p2|Basculegion, L50, M|
|poke|p2|Kingambit, L50, F|
|teampreview|4
|showteam|p1|Sneasler||PsychicSeed|Unburden|CloseCombat,DireClaw,ThroatChop,Protect|||F|||50|,,,,,Dark]Indeedee||FocusSash|PsychicSurge|ExpandingForce,TrickRoom,HelpingHand,Protect|||M|||50|,,,,,Psychic]Ursaluna-Bloodmoon||LifeOrb|MindsEye|BloodMoon,HyperVoice,EarthPower,Protect|||M|||50|,,,,,Normal]Whimsicott||CovertCloak|Prankster|Moonblast,Tailwind,LightScreen,Encore|||M|||50|,,,,,Poison]Dondozo||Leftovers|Unaware|Protect,Earthquake,WaveCrash,OrderUp|||F|||50|,,,,,Grass]Tatsugiri||ChoiceScarf|Commander|DracoMeteor,HelpingHand,MuddyWater,DragonPulse|||F|||50|,,,,,Steel
|showteam|p2|Pelipper||FocusSash|Drizzle|WeatherBall,Hurricane,Tailwind,Protect|||M|||50|,,,,,Grass]Archaludon||AssaultVest|Stamina|FlashCannon,BodyPress,ElectroShot,Snarl|||F|||50|,,,,,Fighting]Sinistcha-Masterpiece||SitrusBerry|Hospitality|RagePowder,MatchaGotcha,TrickRoom,LifeDew||||||50|,,,,,Water]Maushold||WideLens|Technician|Protect,Taunt,PopulationBomb,FollowMe||||||50|,,,,,Ghost]Basculegion||ChoiceScarf|Adaptability|WaveCrash,LastRespects,AquaJet,FlipTurn|||M|||50|,,,,,Water]Kingambit||SafetyGoggles|Defiant|KowtowCleave,SuckerPunch,SwordsDance,Protect|||F|||50|,,,,,Dark
|c|Ōśå5NitesAtTrickRoom|so last nite it was this mu Harc>Blursa that beat me
|c|ŌśåEggEngines2|did harc do anything?
|c|Ōśå5NitesAtTrickRoom|never came
|c|ŌśåEggEngines2|yeah i figured
|c|Ōśå5NitesAtTrickRoom|its always the doubles
|
|t:|1757726212
|teamsize|p1|4
|teamsize|p2|4
|start
|switch|p1a: Sneasler|Sneasler, L50, F|100/100
|switch|p1b: Indeedee|Indeedee, L50, M|100/100
|switch|p2a: Maushold|Maushold, L50|100/100
|switch|p2b: Basculegion|Basculegion, L50, M|100/100
|-fieldstart|move: Psychic Terrain|[from] ability: Psychic Surge|[of] p1b: Indeedee
|-enditem|p1a: Sneasler|Psychic Seed
|-boost|p1a: Sneasler|spd|1|[from] item: Psychic Seed
|turn|1
|
|t:|1757726251
|-terastallize|p2a: Maushold|Ghost
|move|p2a: Maushold|Follow Me|p2a: Maushold
|-singleturn|p2a: Maushold|move: Follow Me
|move|p1a: Sneasler|Throat Chop|p2a: Maushold
|-supereffective|p2a: Maushold
|-damage|p2a: Maushold|0 fnt
|faint|p2a: Maushold
|move|p2b: Basculegion|Wave Crash|p1b: Indeedee
|-enditem|p1b: Indeedee|Focus Sash
|-damage|p1b: Indeedee|1/100
|-damage|p2b: Basculegion|77/100|[from] Recoil
|move|p1b: Indeedee|Expanding Force|p2b: Basculegion
|-damage|p2b: Basculegion|0 fnt
|faint|p2b: Basculegion
|
|upkeep
|
|t:|1757726271
|switch|p2a: Pelipper|Pelipper, L50, M, shiny|100/100
|switch|p2b: Sinistcha|Sinistcha-Masterpiece, L50|100/100
|-weather|RainDance|[from] ability: Drizzle|[of] p2a: Pelipper
|turn|2
|
|t:|1757726286
|-terastallize|p1b: Indeedee|Psychic
|move|p1a: Sneasler|Throat Chop|p2b: Sinistcha
|-supereffective|p2b: Sinistcha
|-damage|p2b: Sinistcha|48/100
|-start|p2b: Sinistcha|Throat Chop|[silent]
|-enditem|p2b: Sinistcha|Sitrus Berry|[eat]
|-heal|p2b: Sinistcha|72/100|[from] item: Sitrus Berry
|move|p1b: Indeedee|Expanding Force|p2b: Sinistcha|[spread] p2a,p2b
|-enditem|p2a: Pelipper|Focus Sash
|-damage|p2a: Pelipper|1/100
|-damage|p2b: Sinistcha|5/100
|move|p2a: Pelipper|Hurricane|p1a: Sneasler
|-supereffective|p1a: Sneasler
|-damage|p1a: Sneasler|10/100
|-start|p1a: Sneasler|confusion
|move|p2b: Sinistcha|Trick Room|p2b: Sinistcha
|-fieldstart|move: Trick Room|[of] p2b: Sinistcha
|
|-weather|RainDance|[upkeep]
|upkeep
|turn|3
|
|t:|1757726311
|move|p1b: Indeedee|Protect|p1b: Indeedee
|-singleturn|p1b: Indeedee|Protect
|-activate|p1a: Sneasler|confusion
|move|p1a: Sneasler|Protect|p1a: Sneasler
|-singleturn|p1a: Sneasler|Protect
|move|p2b: Sinistcha|Matcha Gotcha|p1a: Sneasler|[spread] 
|-activate|p1a: Sneasler|move: Protect
|-activate|p1b: Indeedee|move: Protect
|move|p2a: Pelipper|Hurricane|p1a: Sneasler
|-activate|p1a: Sneasler|move: Protect
|
|-weather|RainDance|[upkeep]
|-end|p2b: Sinistcha|Throat Chop|[silent]
|upkeep
|turn|4
|
|t:|1757726318
|switch|p1b: Dondozo|Dondozo, L50, F|100/100
|switch|p1a: Tatsugiri|Tatsugiri, L50, F|100/100
|-activate|p1a: Tatsugiri|ability: Commander|[of] p1b: Dondozo
|-boost|p1b: Dondozo|atk|2
|-boost|p1b: Dondozo|spa|2
|-boost|p1b: Dondozo|spe|2
|-boost|p1b: Dondozo|def|2
|-boost|p1b: Dondozo|spd|2
|move|p2b: Sinistcha|Matcha Gotcha|p1b: Dondozo|[spread] p1b
|-miss|p2b: Sinistcha|p1a: Tatsugiri
|-supereffective|p1b: Dondozo
|-damage|p1b: Dondozo|82/100
|-heal|p2b: Sinistcha|17/100|[from] drain|[of] p1b: Dondozo
|-status|p1b: Dondozo|brn
|move|p2a: Pelipper|Hurricane|p1a: Tatsugiri|[miss]
|-miss|p2a: Pelipper|p1a: Tatsugiri
|
|-weather|RainDance|[upkeep]
|-heal|p1b: Dondozo|88/100 brn|[from] item: Leftovers
|-damage|p1b: Dondozo|82/100 brn|[from] brn
|upkeep
|turn|5
|
|t:|1757726330
|move|p2a: Pelipper|Protect|p2a: Pelipper
|-singleturn|p2a: Pelipper|Protect
|move|p2b: Sinistcha|Life Dew|p2b: Sinistcha|[spread] p2a,p2b
|-heal|p2a: Pelipper|26/100
|-heal|p2b: Sinistcha|42/100
|move|p1b: Dondozo|Wave Crash|p2a: Pelipper
|-activate|p2a: Pelipper|move: Protect
|
|-weather|RainDance|[upkeep]
|-heal|p1b: Dondozo|88/100 brn|[from] item: Leftovers
|-damage|p1b: Dondozo|82/100 brn|[from] brn
|-fieldend|move: Psychic Terrain
|upkeep
|turn|6
|
|t:|1757726341
|move|p2b: Sinistcha|Life Dew|p2b: Sinistcha|[spread] p2a,p2b
|-heal|p2a: Pelipper|51/100
|-heal|p2b: Sinistcha|67/100
|move|p2a: Pelipper|Hurricane|p1b: Dondozo
|-damage|p1b: Dondozo|62/100 brn
|move|p1b: Dondozo|Order Up|p2a: Pelipper
|-damage|p2a: Pelipper|25/100
|-boost|p1b: Dondozo|atk|1
|
|-weather|none
|-heal|p1b: Dondozo|68/100 brn|[from] item: Leftovers
|-damage|p1b: Dondozo|62/100 brn|[from] brn
|-fieldend|move: Trick Room
|upkeep
|turn|7
|
|t:|1757726354
|move|p2a: Pelipper|Protect|p2a: Pelipper
|-singleturn|p2a: Pelipper|Protect
|move|p1b: Dondozo|Order Up|p2b: Sinistcha
|-damage|p2b: Sinistcha|47/100
|-boost|p1b: Dondozo|atk|1
|move|p2b: Sinistcha|Trick Room|p2b: Sinistcha
|-fieldstart|move: Trick Room|[of] p2b: Sinistcha
|
|-heal|p1b: Dondozo|68/100 brn|[from] item: Leftovers
|-damage|p1b: Dondozo|62/100 brn|[from] brn
|upkeep
|turn|8
|
|t:|1757726371
|move|p2b: Sinistcha|Life Dew|p2b: Sinistcha|[spread] p2a,p2b
|-heal|p2a: Pelipper|50/100
|-heal|p2b: Sinistcha|72/100
|move|p2a: Pelipper|Hurricane|p1b: Dondozo
|-damage|p1b: Dondozo|39/100 brn
|move|p1b: Dondozo|Order Up|p2a: Pelipper
|-damage|p2a: Pelipper|17/100
|-boost|p1b: Dondozo|atk|1
|
|-heal|p1b: Dondozo|45/100 brn|[from] item: Leftovers
|-damage|p1b: Dondozo|39/100 brn|[from] brn
|upkeep
|turn|9
|
|t:|1757726379
|move|p2b: Sinistcha|Matcha Gotcha|p1a: Tatsugiri|[spread] p1b
|-miss|p2b: Sinistcha|p1a: Tatsugiri
|-supereffective|p1b: Dondozo
|-damage|p1b: Dondozo|20/100 brn
|-heal|p2b: Sinistcha|84/100|[from] drain|[of] p1b: Dondozo
|move|p2a: Pelipper|Hurricane|p1b: Dondozo
|-damage|p1b: Dondozo|0 fnt
|faint|p1b: Dondozo
|
|upkeep
|
|t:|1757726385
|switch|p1b: Indeedee|Indeedee, L50, M, tera:Psychic|1/100
|-fieldstart|move: Psychic Terrain|[from] ability: Psychic Surge|[of] p1b: Indeedee
|turn|10
|
|t:|1757726399
|move|p1b: Indeedee|Protect|p1b: Indeedee
|-singleturn|p1b: Indeedee|Protect
|move|p2b: Sinistcha|Matcha Gotcha|p1b: Indeedee|[spread] p1a
|-activate|p1b: Indeedee|move: Protect
|-crit|p1a: Tatsugiri
|-damage|p1a: Tatsugiri|49/100
|-heal|p2b: Sinistcha|100/100|[from] drain|[of] p1a: Tatsugiri
|move|p2a: Pelipper|Hurricane|p1a: Tatsugiri|[miss]
|-miss|p2a: Pelipper|p1a: Tatsugiri
|move|p1a: Tatsugiri|Dragon Pulse|p2a: Pelipper
|-damage|p2a: Pelipper|0 fnt
|faint|p2a: Pelipper
|
|upkeep
|turn|11
|
|t:|1757726409
|move|p2b: Sinistcha|Matcha Gotcha|p1a: Tatsugiri|[spread] p1a,p1b
|-damage|p1a: Tatsugiri|18/100
|-damage|p1b: Indeedee|0 fnt
|faint|p1b: Indeedee
|move|p1a: Tatsugiri|Dragon Pulse|p2b: Sinistcha
|-damage|p2b: Sinistcha|62/100
|
|-fieldend|move: Trick Room
|upkeep
|
|t:|1757726413
|switch|p1b: Sneasler|Sneasler, L50, F|10/100
|turn|12
|
|t:|1757726419
|move|p1a: Tatsugiri|Dragon Pulse|p2b: Sinistcha
|-damage|p2b: Sinistcha|22/100
|move|p1b: Sneasler|Throat Chop|p2b: Sinistcha
|-supereffective|p2b: Sinistcha
|-damage|p2b: Sinistcha|0 fnt
|faint|p2b: Sinistcha
|
|win|EggEngines2
||EggEngines2 is ready for game 2.
||5NitesAtTrickRoom is ready for game 2.
|uhtml|next|Next: Game 2 of 3
