|j|☆Eggy’sDad
|j|☆Syd2J
|html|Eggy’sDadSyd2J    
|uhtml|bestof|Game 1 of a best-of-3
|t:|1786004940
|gametype|doubles
|player|p1|Eggy’sDad|2|1079
|player|p2|Syd2J|266|1152
|gen|9
|tier|[Gen 9 Champions] VGC 2026 Reg M-B (Bo3)
|rated|
|rule|Species Clause: Limit one of each Pokémon
|rule|Item Clause: Limit 1 of each item
|clearpoke
|poke|p1|Gengar, L50, F, shiny|
|poke|p1|Snorlax, L50, M|
|poke|p1|Incineroar, L50, M, shiny|
|poke|p1|Hawlucha, L50, M|
|poke|p1|Politoed, L50, M|
|poke|p1|Sinistcha-Masterpiece, L50|
|poke|p2|Staraptor, L50, F|
|poke|p2|Garchomp, L50, M|
|poke|p2|Whimsicott, L50, F|
|poke|p2|Glimmora, L50, F|
|poke|p2|Delphox, L50, F|
|poke|p2|Kingambit, L50, M|
|teampreview|4
|showteam|p1|Gengar||Gengarite|CursedBody|PerishSong,ShadowBall,Disable,Protect|Timid||F|||50|]Snorlax||Leftovers|ThickFat|Protect,SmackDown,Stockpile,Fissure|Impish||M|||50|]Incineroar||PasshoBerry|Intimidate|FakeOut,Snarl,PartingShot,WillOWisp|Impish||M|||50|]Hawlucha||Hawluchanite|Limber|Detect,CrossChop,DualWingbeat,Entrainment|Jolly||M|||50|]Politoed||SitrusBerry|Drizzle|WeatherBall,Encore,PerishSong,Protect|Modest||M|||50|]Sinistcha-Masterpiece||FocusSash|Hospitality|MatchaGotcha,RagePowder,TrickRoom,Protect|Bold|||||50|
|showteam|p2|Staraptor||Staraptite|Intimidate|CloseCombat,BraveBird,Roost,Protect|Jolly||F|||50|]Garchomp||ChoiceScarf|RoughSkin|DragonClaw,RockSlide,Earthquake,StompingTantrum|Adamant||M|||50|]Whimsicott||OccaBerry|Prankster|Moonblast,Tailwind,Charm,LightScreen|Timid||F|||50|]Glimmora||FocusSash|ToxicDebris|SludgeBomb,PowerGem,EarthPower,SpikyShield|Timid||F|||50|]Delphox||Delphoxite|Blaze|HeatWave,Psyshock,Substitute,Protect|Timid||F|||50|]Kingambit||LifeOrb|Defiant|KowtowCleave,SuckerPunch,IronHead,Protect|Adamant||M|||50|
|inactive|Battle timer is ON: inactive players will automatically lose when time's up. (requested by Syd2J)
|inactive|Eggy’sDad has 60 seconds left.
|inactive|Syd2J has 60 seconds left.
|
|t:|1786004976
|teamsize|p1|4
|teamsize|p2|4
|start
|switch|p1a: Gengar|Gengar, L50, F, shiny|100/100
|switch|p1b: Incineroar|Incineroar, L50, M, shiny|100/100
|switch|p2a: Delphox|Delphox, L50, F|100/100
|switch|p2b: Whimsicott|Whimsicott, L50, F|100/100
|-ability|p1b: Incineroar|Intimidate|boost
|-unboost|p2a: Delphox|atk|1
|-unboost|p2b: Whimsicott|atk|1
|turn|1
|inactive|Eggy’sDad has 30 seconds left.
|
|t:|1786005002
|detailschange|p1a: Gengar|Gengar-Mega, L50, F, shiny
|-mega|p1a: Gengar|Gengar|Gengarite
|move|p2a: Delphox|Protect|p2a: Delphox
|-singleturn|p2a: Delphox|Protect
|move|p1b: Incineroar|Fake Out|p2b: Whimsicott
|-damage|p2b: Whimsicott|85/100
|cant|p2b: Whimsicott|flinch
|move|p1a: Gengar|Shadow Ball|p2a: Delphox
|-activate|p2a: Delphox|move: Protect
|
|upkeep
|turn|2
|inactive|Eggy’sDad has 30 seconds left.
|
|t:|1786005030
|detailschange|p2a: Delphox|Delphox-Mega, L50, F
|-mega|p2a: Delphox|Delphox|Delphoxite
|move|p1a: Gengar|Protect|p1a: Gengar
|-singleturn|p1a: Gengar|Protect
|move|p2b: Whimsicott|Tailwind|p2b: Whimsicott
|-sidestart|p2: Syd2J|move: Tailwind
|move|p2a: Delphox|Psyshock|p1a: Gengar
|-activate|p1a: Gengar|move: Protect
|move|p1b: Incineroar|Snarl|p2a: Delphox|[spread] p2a,p2b
|-supereffective|p2a: Delphox|1
|-resisted|p2b: Whimsicott|1
|-damage|p2a: Delphox|77/100
|-damage|p2b: Whimsicott|78/100
|-unboost|p2a: Delphox|spa|1
|-unboost|p2b: Whimsicott|spa|1
|
|upkeep
|turn|3
|inactive|Eggy’sDad has 30 seconds left.
|inactive|Eggy’sDad has 20 seconds left.
|inactive|Eggy’sDad has 15 seconds left.
|
|t:|1786005074
|move|p2a: Delphox|Psyshock|p1a: Gengar
|-supereffective|p1a: Gengar|1
|-damage|p1a: Gengar|34/100
|move|p2b: Whimsicott|Moonblast|p1a: Gengar
|-resisted|p1a: Gengar|1
|-damage|p1a: Gengar|24/100
|move|p1a: Gengar|Shadow Ball|p2a: Delphox
|-supereffective|p2a: Delphox|1
|-damage|p2a: Delphox|0 fnt
|faint|p2a: Delphox
|move|p1b: Incineroar|Snarl|p2b: Whimsicott
|-resisted|p2b: Whimsicott|1
|-damage|p2b: Whimsicott|68/100
|-unboost|p2b: Whimsicott|spa|1
|
|upkeep
|
|t:|1786005089
|switch|p2a: Kingambit|Kingambit, L50, M|100/100
|turn|4
|
|t:|1786005109
|move|p1a: Gengar|Protect|p1a: Gengar
|-singleturn|p1a: Gengar|Protect
|move|p2b: Whimsicott|Light Screen|p2b: Whimsicott
|-sidestart|p2: Syd2J|move: Light Screen
|move|p2a: Kingambit|Sucker Punch||[still]
|-fail|p2a: Kingambit
|move|p1b: Incineroar|Parting Shot|p2b: Whimsicott
|-unboost|p2b: Whimsicott|atk|1
|-unboost|p2b: Whimsicott|spa|1
|
|t:|1786005119
|switch|p1b: Sinistcha|Sinistcha-Masterpiece, L50|100/100|[from] Parting Shot
|-heal|p1a: Gengar|49/100|[from] ability: Hospitality|[of] p1b: Sinistcha
|
|upkeep
|turn|5
|inactive|Eggy’sDad has 30 seconds left.
|
|t:|1786005149
|move|p1b: Sinistcha|Rage Powder|p1b: Sinistcha
|-singleturn|p1b: Sinistcha|move: Rage Powder
|move|p2b: Whimsicott|Moonblast|p1a: Gengar
|-resisted|p1a: Gengar|1
|-damage|p1a: Gengar|41/100
|move|p1a: Gengar|Perish Song|p1a: Gengar
|-start|p1a: Gengar|perish3|[silent]
|-start|p1b: Sinistcha|perish3|[silent]
|-start|p2a: Kingambit|perish3|[silent]
|-start|p2b: Whimsicott|perish3|[silent]
|-fieldactivate|move: Perish Song
|move|p2a: Kingambit|Kowtow Cleave|p1b: Sinistcha
|-supereffective|p1b: Sinistcha|1
|-damage|p1b: Sinistcha|1/100
|-damage|p2a: Kingambit|90/100|[from] item: Life Orb
|
|-start|p2b: Whimsicott|perish3
|-start|p1a: Gengar|perish3
|-start|p2a: Kingambit|perish3
|-start|p1b: Sinistcha|perish3
|-sideend|p2: Syd2J|move: Tailwind
|upkeep
|turn|6
|inactive|Eggy’sDad has 30 seconds left.
|
|t:|1786005176
|move|p1a: Gengar|Protect|p1a: Gengar
|-singleturn|p1a: Gengar|Protect
|move|p1b: Sinistcha|Protect|p1b: Sinistcha
|-singleturn|p1b: Sinistcha|Protect
|move|p2b: Whimsicott|Moonblast|p1b: Sinistcha
|-activate|p1b: Sinistcha|move: Protect
|move|p2a: Kingambit|Kowtow Cleave|p1b: Sinistcha
|-activate|p1b: Sinistcha|move: Protect
|
|-start|p2b: Whimsicott|perish2
|-start|p1a: Gengar|perish2
|-start|p1b: Sinistcha|perish2
|-start|p2a: Kingambit|perish2
|upkeep
|turn|7
|inactive|Eggy’sDad has 30 seconds left.
|inactive|Eggy’sDad has 20 seconds left.
|inactive|Eggy’sDad has 15 seconds left.
|inactive|Eggy’sDad has 10 seconds left.
|inactive|Eggy’sDad has 5 seconds left.
|
|t:|1786005228
|move|p2b: Whimsicott|Moonblast|p1b: Sinistcha
|-damage|p1b: Sinistcha|0 fnt
|faint|p1b: Sinistcha
|move|p1a: Gengar|Disable|p2a: Kingambit
|-start|p2a: Kingambit|Disable|Kowtow Cleave
|cant|p2a: Kingambit|Disable|Kowtow Cleave
|
|-start|p2b: Whimsicott|perish1
|-start|p1a: Gengar|perish1
|-start|p2a: Kingambit|perish1
|upkeep
|
|t:|1786005241
|switch|p1b: Incineroar|Incineroar, L50, M, shiny|100/100
|-ability|p1b: Incineroar|Intimidate|boost
|-unboost|p2a: Kingambit|atk|1
|-ability|p2a: Kingambit|Defiant|boost
|-boost|p2a: Kingambit|atk|2
|-unboost|p2b: Whimsicott|atk|1
|turn|8
|
|t:|1786005259
|switch|p1a: Politoed|Politoed, L50, M|100/100
|-weather|RainDance|[from] ability: Drizzle|[of] p1a: Politoed
|move|p1b: Incineroar|Fake Out|p2b: Whimsicott
|-damage|p2b: Whimsicott|55/100
|cant|p2b: Whimsicott|flinch
|move|p2a: Kingambit|Sucker Punch||[still]
|-fail|p2a: Kingambit
|
|-weather|RainDance|[upkeep]
|-start|p2b: Whimsicott|perish0
|-start|p2a: Kingambit|perish0
|-sideend|p2: Syd2J|move: Light Screen
|upkeep
|faint|p2b: Whimsicott
|faint|p2a: Kingambit
|
|t:|1786005266
|switch|p2b: Glimmora|Glimmora, L50, F|100/100
|turn|9
|
|t:|1786005288
|move|p2b: Glimmora|Power Gem|p1b: Incineroar
|-supereffective|p1b: Incineroar|1
|-damage|p1b: Incineroar|26/100
|move|p1a: Politoed|Perish Song|p1a: Politoed
|-start|p1a: Politoed|perish3|[silent]
|-start|p1b: Incineroar|perish3|[silent]
|-start|p2b: Glimmora|perish3|[silent]
|-fieldactivate|move: Perish Song
|move|p1b: Incineroar|Snarl|p2b: Glimmora
|-damage|p2b: Glimmora|82/100
|-unboost|p2b: Glimmora|spa|1
|
|-weather|RainDance|[upkeep]
|-start|p2b: Glimmora|perish3
|-start|p1a: Politoed|perish3
|-start|p1b: Incineroar|perish3
|upkeep
|turn|10
|-message|Syd2J forfeited.
|
|win|Eggy’sDad
||Syd2J is ready for game 2.
||Eggy’sDad is ready for game 2.
|uhtml|next|Next: Game 2 of 3
|l|☆Syd2J
|player|p2|
