|j|☆FillmooreTJ
|j|☆Paco Amores
|html|FillmooreTJPaco Amores    
|uhtml|bestof|Game 2 of a best-of-3
|t:|1783117708
|gametype|doubles
|player|p1|FillmooreTJ|clair|1074
|player|p2|Paco Amores|birdkeeper|1163
|gen|9
|tier|[Gen 9 Champions] VGC 2026 Reg M-B (Bo3)
|rated|
|rule|Species Clause: Limit one of each Pokémon
|rule|Item Clause: Limit 1 of each item
|clearpoke
|poke|p1|Raichu, L50, F|
|poke|p1|Basculegion-F, L50, F|
|poke|p1|Ninetales-Alola, L50, M|
|poke|p1|Staraptor, L50, F|
|poke|p1|Arcanine-Hisui, L50, F|
|poke|p1|Tsareena, L50, F|
|poke|p2|Sylveon, L50, M|
|poke|p2|Incineroar, L50, M|
|poke|p2|Aerodactyl, L50, F|
|poke|p2|Charizard, L50, F|
|poke|p2|Metagross, L50|
|poke|p2|Garchomp, L50, M|
|teampreview|4
|showteam|p1|Raichu||RaichuniteY|LightningRod|FakeOut,Thunder,FocusBlast,HelpingHand|Timid||F|||50|]Basculegion-F||ChoiceScarf|Adaptability|ShadowBall,MuddyWater,FlipTurn,Blizzard|Modest||F|||50|]Ninetales-Alola||NeverMeltIce|SnowWarning|AuroraVeil,Blizzard,Protect,IcyWind|Timid||M|||50|]Staraptor||Staraptite|Intimidate|CloseCombat,Roost,BraveBird,Protect|Adamant||F|||50|]Arcanine-Hisui||ShucaBerry|Intimidate|HeadSmash,FlareBlitz,ExtremeSpeed,Protect|Adamant||F|||50|]Tsareena||SitrusBerry|QueenlyMajesty|TropKick,LowKick,Taunt,Uturn|Adamant||F|||50|
|showteam|p2|Sylveon||FairyFeather|Pixilate|HyperBeam,HyperVoice,Detect,QuickAttack|Modest||M|||50|]Incineroar||SitrusBerry|Intimidate|FakeOut,PartingShot,FlareBlitz,ThroatChop|Careful||M|||50|]Aerodactyl||FocusSash|Unnerve|Tailwind,RockSlide,DualWingbeat,Protect|Jolly||F|||50|]Charizard||CharizarditeY|SolarPower|Protect,WeatherBall,SolarBeam,HeatWave|Modest||F|||50|]Metagross||Metagrossite|ClearBody|BulletPunch,PsychicFangs,BodyPress,Protect|Adamant|||||50|]Garchomp||LifeOrb|RoughSkin|Protect,RockSlide,Earthquake,DragonClaw|Jolly||M|||50|
|
|t:|1783117793
|teamsize|p1|4
|teamsize|p2|4
|start
|switch|p1a: Raichu|Raichu, L50, F|100/100
|switch|p1b: Basculegion|Basculegion-F, L50, F|100/100
|switch|p2a: Incineroar|Incineroar, L50, M|100/100
|switch|p2b: Metagross|Metagross, L50|100/100
|-ability|p2a: Incineroar|Intimidate|boost
|-unboost|p1a: Raichu|atk|1
|-unboost|p1b: Basculegion|atk|1
|turn|1
|
|t:|1783117835
|detailschange|p1a: Raichu|Raichu-Mega-Y, L50, F
|-mega|p1a: Raichu|Raichu|Raichunite Y
|detailschange|p2b: Metagross|Metagross-Mega, L50
|-mega|p2b: Metagross|Metagross|Metagrossite
|move|p2b: Metagross|Protect|p2b: Metagross
|-singleturn|p2b: Metagross|Protect
|move|p1a: Raichu|Fake Out|p2b: Metagross
|-activate|p2b: Metagross|move: Protect
|move|p1b: Basculegion|Muddy Water|p2a: Incineroar|[spread] p2a
|-activate|p2b: Metagross|move: Protect
|-supereffective|p2a: Incineroar|1
|-damage|p2a: Incineroar|32/100
|-enditem|p2a: Incineroar|Sitrus Berry|[eat]
|-heal|p2a: Incineroar|57/100|[from] item: Sitrus Berry
|move|p2a: Incineroar|Parting Shot|p1b: Basculegion
|-unboost|p1b: Basculegion|atk|1
|-unboost|p1b: Basculegion|spa|1
|
|t:|1783117851
|switch|p2a: Garchomp|Garchomp, L50, M|100/100|[from] Parting Shot
|
|upkeep
|turn|2
|
|t:|1783117882
|switch|p1a: Ninetales|Ninetales-Alola, L50, M|100/100
|-weather|Snowscape|[from] ability: Snow Warning|[of] p1a: Ninetales
|switch|p1b: Arcanine|Arcanine-Hisui, L50, F|100/100
|-ability|p1b: Arcanine|Intimidate|boost
|-unboost|p2a: Garchomp|atk|1
|-unboost|p2b: Metagross|atk|1
|switch|p2b: Aerodactyl|Aerodactyl, L50, F|100/100
|-ability|p2b: Aerodactyl|Unnerve
|move|p2a: Garchomp|Earthquake|p1a: Ninetales|[spread] p1a,p1b
|-immune|p2b: Aerodactyl
|-crit|p1a: Ninetales
|-supereffective|p1b: Arcanine|2
|-damage|p1a: Ninetales|18/100
|-damage|p1b: Arcanine|0 fnt
|faint|p1b: Arcanine
|-damage|p2a: Garchomp|90/100|[from] item: Life Orb
|
|-weather|Snowscape|[upkeep]
|upkeep
|
|t:|1783117905
|switch|p1b: Raichu|Raichu-Mega-Y, L50, F|100/100
|turn|3
|
|t:|1783117922
|move|p2b: Aerodactyl|Protect|p2b: Aerodactyl
|-singleturn|p2b: Aerodactyl|Protect
|move|p2a: Garchomp|Protect|p2a: Garchomp
|-singleturn|p2a: Garchomp|Protect
|move|p1b: Raichu|Fake Out|p2b: Aerodactyl
|-activate|p2b: Aerodactyl|move: Protect
|move|p1a: Ninetales|Blizzard|p2b: Aerodactyl|[spread] 
|-activate|p2a: Garchomp|move: Protect
|-activate|p2b: Aerodactyl|move: Protect
|
|-weather|Snowscape|[upkeep]
|upkeep
|turn|4
|
|t:|1783117958
|switch|p1b: Basculegion|Basculegion-F, L50, F|100/100
|move|p1a: Ninetales|Protect|p1a: Ninetales
|-singleturn|p1a: Ninetales|Protect
|move|p2b: Aerodactyl|Tailwind|p2b: Aerodactyl
|-sidestart|p2: Paco Amores|move: Tailwind
|move|p2a: Garchomp|Earthquake|p1b: Basculegion|[spread] p1b
|-activate|p1a: Ninetales|move: Protect
|-immune|p2b: Aerodactyl
|-damage|p1b: Basculegion|57/100
|-damage|p2a: Garchomp|80/100|[from] item: Life Orb
|
|-weather|Snowscape|[upkeep]
|upkeep
|turn|5
|
|t:|1783117976
|move|p1a: Ninetales|Protect|p1a: Ninetales
|-singleturn|p1a: Ninetales|Protect
|move|p2b: Aerodactyl|Rock Slide|p1b: Basculegion|[spread] p1b
|-activate|p1a: Ninetales|move: Protect
|-damage|p1b: Basculegion|23/100
|move|p2a: Garchomp|Earthquake|p1b: Basculegion|[spread] p1b
|-activate|p1a: Ninetales|move: Protect
|-immune|p2b: Aerodactyl
|-crit|p1b: Basculegion
|-damage|p1b: Basculegion|0 fnt
|faint|p1b: Basculegion
|-damage|p2a: Garchomp|70/100|[from] item: Life Orb
|
|-weather|Snowscape|[upkeep]
|upkeep
|
|t:|1783117986
|switch|p1b: Raichu|Raichu-Mega-Y, L50, F|100/100
|turn|6
|
|t:|1783118006
|move|p2b: Aerodactyl|Protect|p2b: Aerodactyl
|-singleturn|p2b: Aerodactyl|Protect
|move|p2a: Garchomp|Protect|p2a: Garchomp
|-singleturn|p2a: Garchomp|Protect
|move|p1b: Raichu|Fake Out|p2b: Aerodactyl
|-activate|p2b: Aerodactyl|move: Protect
|move|p1a: Ninetales|Blizzard|p2b: Aerodactyl|[spread] 
|-activate|p2a: Garchomp|move: Protect
|-activate|p2b: Aerodactyl|move: Protect
|
|-weather|none
|upkeep
|turn|7
|
|t:|1783118021
|move|p1a: Ninetales|Protect|p1a: Ninetales
|-singleturn|p1a: Ninetales|Protect
|move|p2b: Aerodactyl|Rock Slide|p1a: Ninetales|[spread] p1b
|-activate|p1a: Ninetales|move: Protect
|-damage|p1b: Raichu|47/100
|move|p2a: Garchomp|Earthquake|p1a: Ninetales|[spread] p1b
|-activate|p1a: Ninetales|move: Protect
|-immune|p2b: Aerodactyl
|-supereffective|p1b: Raichu|1
|-damage|p1b: Raichu|0 fnt
|faint|p1b: Raichu
|-damage|p2a: Garchomp|60/100|[from] item: Life Orb
|
|-sideend|p2: Paco Amores|move: Tailwind
|upkeep
|turn|8
|
|t:|1783118038
|switch|p2a: Metagross|Metagross-Mega, L50|100/100
|move|p2b: Aerodactyl|Rock Slide|p1a: Ninetales
|-supereffective|p1a: Ninetales|1
|-damage|p1a: Ninetales|0 fnt
|faint|p1a: Ninetales
|
|win|Paco Amores
