|j|☆Bigboyblue3451
|j|☆Vegs Bunny
|html|Bigboyblue3451Vegs Bunny    
|uhtml|bestof|Game 2 of a best-of-3
|t:|1755553033
|gametype|doubles
|player|p1|Bigboyblue3451|266|1177
|player|p2|Vegs Bunny|2|1232
|gen|9
|tier|[Gen 9] VGC 2025 Reg H (Bo3)
|rated|
|rule|Species Clause: Limit one of each Pokémon
|rule|Item Clause: Limit 1 of each item
|clearpoke
|poke|p1|Pelipper, L50, F|
|poke|p1|Archaludon, L50, M|
|poke|p1|Maushold-Four, L50|
|poke|p1|Incineroar, L50, M|
|poke|p1|Sinistcha, L50|
|poke|p1|Ursaluna, L50, M|
|poke|p2|Ursaluna-Bloodmoon, L50, M|
|poke|p2|Incineroar, L50, M|
|poke|p2|Sneasler, L50, M|
|poke|p2|Dragonite, L50, M|
|poke|p2|Gholdengo, L50|
|poke|p2|Clefable, L50, F|
|teampreview|4
|showteam|p1|Pelipper||FocusSash|Drizzle|Hurricane,MuddyWater,Tailwind,Protect|||F|||50|,,,,,Ghost]Archaludon||AssaultVest|Stamina|ElectroShot,Snarl,DracoMeteor,BodyPress|||M|||50|,,,,,Bug]Maushold-Four||RockyHelmet|FriendGuard|BeatUp,FollowMe,Taunt,Protect||||||50|,,,,,Ghost]Incineroar||SafetyGoggles|Intimidate|FlareBlitz,FakeOut,KnockOff,PartingShot|||M|||50|,,,,,Ghost]Sinistcha||SitrusBerry|Hospitality|RagePowder,LifeDew,MatchaGotcha,TrickRoom||||||50|,,,,,Dark]Ursaluna||FlameOrb|Guts|Facade,Earthquake,HeadlongRush,Protect|||M|||50|,,,,,Ghost
|showteam|p2|Ursaluna-Bloodmoon||AssaultVest|MindsEye|HyperVoice,BloodMoon,EarthPower,VacuumWave|||M|||50|,,,,,Water]Incineroar||SafetyGoggles|Intimidate|FakeOut,FlareBlitz,KnockOff,PartingShot|||M|||50|,,,,,Ghost]Sneasler||FocusSash|PoisonTouch|FakeOut,CloseCombat,DireClaw,Protect|||M|||50|,,,,,Stellar]Dragonite||LoadedDice|Multiscale|ScaleShot,StompingTantrum,ExtremeSpeed,Protect|||M|||50|,,,,,Fairy]Gholdengo||LifeOrb|GoodasGold|MakeItRain,ShadowBall,NastyPlot,Protect||||||50|,,,,,Water]Clefable||SitrusBerry|Unaware|Protect,FollowMe,MistyTerrain,Moonblast|||F|||50|,,,,,Water
|inactive|Battle timer is ON: inactive players will automatically lose when time's up. (requested by Bigboyblue3451)
|
|t:|1755553078
|teamsize|p1|4
|teamsize|p2|4
|start
|switch|p1a: Incineroar|Incineroar, L50, M|100/100
|switch|p1b: Pelipper|Pelipper, L50, F|100/100
|switch|p2a: Sneasler|Sneasler, L50, M|100/100
|switch|p2b: Incineroar|Incineroar, L50, M|100/100
|-weather|RainDance|[from] ability: Drizzle|[of] p1b: Pelipper
|-ability|p1a: Incineroar|Intimidate|boost
|-unboost|p2a: Sneasler|atk|1
|-unboost|p2b: Incineroar|atk|1
|-ability|p2b: Incineroar|Intimidate|boost
|-unboost|p1a: Incineroar|atk|1
|-unboost|p1b: Pelipper|atk|1
|turn|1
|
|t:|1755553102
|move|p2a: Sneasler|Protect|p2a: Sneasler
|-singleturn|p2a: Sneasler|Protect
|move|p1b: Pelipper|Protect|p1b: Pelipper
|-singleturn|p1b: Pelipper|Protect
|move|p1a: Incineroar|Fake Out|p2a: Sneasler
|-activate|p2a: Sneasler|move: Protect
|move|p2b: Incineroar|Fake Out|p1b: Pelipper
|-activate|p1b: Pelipper|move: Protect
|
|-weather|RainDance|[upkeep]
|upkeep
|turn|2
|inactive|Vegs Bunny has 30 seconds left.
|inactive|Vegs Bunny has 20 seconds left.
|inactive|Vegs Bunny has 15 seconds left.
|
|t:|1755553146
|move|p2a: Sneasler|Dire Claw|p1b: Pelipper
|-damage|p1b: Pelipper|60/100
|-status|p1b: Pelipper|psn
|move|p1b: Pelipper|Tailwind|p1b: Pelipper
|-sidestart|p1: Bigboyblue3451|move: Tailwind
|move|p1a: Incineroar|Parting Shot|p2a: Sneasler
|-unboost|p2a: Sneasler|atk|1
|-unboost|p2a: Sneasler|spa|1
|
|t:|1755553160
|switch|p1a: Archaludon|Archaludon, L50, M|100/100|[from] Parting Shot
|move|p2b: Incineroar|Parting Shot|p1b: Pelipper
|-unboost|p1b: Pelipper|atk|1
|-unboost|p1b: Pelipper|spa|1
|
|t:|1755553172
|switch|p2b: Clefable|Clefable, L50, F|100/100|[from] Parting Shot
|
|-weather|RainDance|[upkeep]
|-damage|p1b: Pelipper|49/100 psn|[from] psn
|upkeep
|turn|3
|
|t:|1755553192
|switch|p1b: Incineroar|Incineroar, L50, M|100/100
|-ability|p1b: Incineroar|Intimidate|boost
|-unboost|p2a: Sneasler|atk|1
|-unboost|p2b: Clefable|atk|1
|move|p2a: Sneasler|Protect|p2a: Sneasler
|-singleturn|p2a: Sneasler|Protect
|move|p2b: Clefable|Protect|p2b: Clefable
|-singleturn|p2b: Clefable|Protect
|move|p1a: Archaludon|Electro Shot||[still]
|-prepare|p1a: Archaludon|Electro Shot
|-boost|p1a: Archaludon|spa|1
|-anim|p1a: Archaludon|Electro Shot|p2a: Sneasler
|-activate|p2a: Sneasler|move: Protect
|
|-weather|RainDance|[upkeep]
|upkeep
|turn|4
|
|t:|1755553215
|switch|p2a: Incineroar|Incineroar, L50, M|100/100
|-ability|p2a: Incineroar|Intimidate|boost
|-unboost|p1a: Archaludon|atk|1
|-unboost|p1b: Incineroar|atk|1
|move|p1b: Incineroar|Fake Out|p2b: Clefable
|-damage|p2b: Clefable|90/100
|cant|p2b: Clefable|flinch
|move|p1a: Archaludon|Draco Meteor|p2a: Incineroar
|-damage|p2a: Incineroar|27/100
|-unboost|p1a: Archaludon|spa|2
|
|-weather|RainDance|[upkeep]
|upkeep
|turn|5
|
|t:|1755553232
|move|p2b: Clefable|Follow Me|p2b: Clefable
|-singleturn|p2b: Clefable|move: Follow Me
|move|p1a: Archaludon|Electro Shot||[still]
|-prepare|p1a: Archaludon|Electro Shot
|-boost|p1a: Archaludon|spa|1
|-anim|p1a: Archaludon|Electro Shot|p2b: Clefable
|-damage|p2b: Clefable|50/100
|-enditem|p2b: Clefable|Sitrus Berry|[eat]
|-heal|p2b: Clefable|75/100|[from] item: Sitrus Berry
|move|p1b: Incineroar|Knock Off|p2b: Clefable
|-resisted|p2b: Clefable
|-damage|p2b: Clefable|63/100
|move|p2a: Incineroar|Parting Shot|p1a: Archaludon
|-unboost|p1a: Archaludon|atk|1
|-unboost|p1a: Archaludon|spa|1
|
|t:|1755553249
|switch|p2a: Sneasler|Sneasler, L50, M|100/100|[from] Parting Shot
|
|-weather|none
|-sideend|p1: Bigboyblue3451|move: Tailwind
|upkeep
|turn|6
|inactive|Bigboyblue3451 has 30 seconds left.
|inactive|Vegs Bunny has 30 seconds left.
|
|t:|1755553287
|switch|p2b: Incineroar|Incineroar, L50, M|27/100
|-ability|p2b: Incineroar|Intimidate|boost
|-unboost|p1a: Archaludon|atk|1
|-unboost|p1b: Incineroar|atk|1
|move|p2a: Sneasler|Dire Claw|p1b: Incineroar
|-damage|p1b: Incineroar|58/100
|-status|p1b: Incineroar|psn
|move|p1a: Archaludon|Snarl|p2a: Sneasler|[spread] p2a,p2b
|-resisted|p2a: Sneasler
|-resisted|p2b: Incineroar
|-damage|p2a: Sneasler|95/100
|-damage|p2b: Incineroar|23/100
|-unboost|p2a: Sneasler|spa|1
|-unboost|p2b: Incineroar|spa|1
|move|p1b: Incineroar|Parting Shot|p2a: Sneasler
|-unboost|p2a: Sneasler|atk|1
|-unboost|p2a: Sneasler|spa|1
|
|t:|1755553307
|switch|p1b: Pelipper|Pelipper, L50, F|49/100 psn|[from] Parting Shot
|-weather|RainDance|[from] ability: Drizzle|[of] p1b: Pelipper
|
|-weather|RainDance|[upkeep]
|-damage|p1b: Pelipper|37/100 psn|[from] psn
|upkeep
|turn|7
|inactive|Vegs Bunny has 30 seconds left.
|
|t:|1755553341
|switch|p1a: Sinistcha|Sinistcha, L50|100/100
|-heal|p1b: Pelipper|61/100 psn|[from] ability: Hospitality|[of] p1a: Sinistcha
|move|p2a: Sneasler|Close Combat|p1a: Sinistcha
|-immune|p1a: Sinistcha
|move|p1b: Pelipper|Muddy Water|p2b: Incineroar|[spread] p2a,p2b
|-supereffective|p2b: Incineroar
|-damage|p2a: Sneasler|33/100
|-damage|p2b: Incineroar|0 fnt
|faint|p2b: Incineroar
|
|-weather|RainDance|[upkeep]
|-damage|p1b: Pelipper|49/100 psn|[from] psn
|upkeep
|
|t:|1755553351
|switch|p2b: Gholdengo|Gholdengo, L50|100/100
|turn|8
|
|t:|1755553367
|switch|p2a: Clefable|Clefable, L50, F|63/100
|switch|p1a: Incineroar|Incineroar, L50, M|58/100 psn
|-ability|p1a: Incineroar|Intimidate|boost
|-unboost|p2a: Clefable|atk|1
|-unboost|p2b: Gholdengo|atk|1
|move|p2b: Gholdengo|Nasty Plot|p2b: Gholdengo
|-boost|p2b: Gholdengo|spa|2
|move|p1b: Pelipper|Tailwind|p1b: Pelipper
|-sidestart|p1: Bigboyblue3451|move: Tailwind
|
|-weather|RainDance|[upkeep]
|-damage|p1b: Pelipper|38/100 psn|[from] psn
|-damage|p1a: Incineroar|46/100 psn|[from] psn
|upkeep
|turn|9
|
|t:|1755553384
|move|p2b: Gholdengo|Protect|p2b: Gholdengo
|-singleturn|p2b: Gholdengo|Protect
|move|p2a: Clefable|Protect|p2a: Clefable
|-singleturn|p2a: Clefable|Protect
|move|p1a: Incineroar|Fake Out|p2a: Clefable
|-activate|p2a: Clefable|move: Protect
|move|p1b: Pelipper|Muddy Water|p2b: Gholdengo|[spread] 
|-activate|p2a: Clefable|move: Protect
|-activate|p2b: Gholdengo|move: Protect
|
|-weather|RainDance|[upkeep]
|-damage|p1b: Pelipper|26/100 psn|[from] psn
|-damage|p1a: Incineroar|33/100 psn|[from] psn
|upkeep
|turn|10
|
|t:|1755553412
|move|p2a: Clefable|Follow Me|p2a: Clefable
|-singleturn|p2a: Clefable|move: Follow Me
|move|p1b: Pelipper|Muddy Water|p2b: Gholdengo|[spread] p2b
|-miss|p1b: Pelipper|p2a: Clefable
|-damage|p2b: Gholdengo|46/100
|-unboost|p2b: Gholdengo|accuracy|1
|move|p1a: Incineroar|Parting Shot|p2a: Clefable
|-unboost|p2a: Clefable|atk|1
|-unboost|p2a: Clefable|spa|1
|
|t:|1755553422
|switch|p1a: Archaludon|Archaludon, L50, M|100/100|[from] Parting Shot
|move|p2b: Gholdengo|Make It Rain|p1b: Pelipper|[spread] p1b
|-miss|p2b: Gholdengo|p1a: Archaludon
|-resisted|p1b: Pelipper
|-damage|p1b: Pelipper|0 fnt
|-unboost|p2b: Gholdengo|spa|1
|faint|p1b: Pelipper
|-damage|p2b: Gholdengo|36/100|[from] item: Life Orb
|
|-weather|none
|upkeep
|
|t:|1755553429
|switch|p1b: Incineroar|Incineroar, L50, M|33/100 psn
|-ability|p1b: Incineroar|Intimidate|boost
|-unboost|p2a: Clefable|atk|1
|-unboost|p2b: Gholdengo|atk|1
|turn|11
|
|t:|1755553438
|switch|p2b: Sneasler|Sneasler, L50, M|33/100
|move|p2a: Clefable|Protect|p2a: Clefable
|-singleturn|p2a: Clefable|Protect
|move|p1a: Archaludon|Snarl|p2a: Clefable|[spread] p2b
|-activate|p2a: Clefable|move: Protect
|-resisted|p2b: Sneasler
|-damage|p2b: Sneasler|24/100
|-unboost|p2b: Sneasler|spa|1
|move|p1b: Incineroar|Parting Shot|p2a: Clefable
|-activate|p2a: Clefable|move: Protect
|
|-damage|p1b: Incineroar|21/100 psn|[from] psn
|-sideend|p1: Bigboyblue3451|move: Tailwind
|upkeep
|turn|12
|inactive|Bigboyblue3451 has 30 seconds left.
|inactive|Bigboyblue3451 has 20 seconds left.
|
|t:|1755553474
|-terastallize|p1a: Archaludon|Bug
|move|p2a: Clefable|Follow Me|p2a: Clefable
|-singleturn|p2a: Clefable|move: Follow Me
|move|p2b: Sneasler|Close Combat|p1a: Archaludon
|-resisted|p1a: Archaludon
|-damage|p1a: Archaludon|76/100
|-unboost|p2b: Sneasler|def|1
|-unboost|p2b: Sneasler|spd|1
|-ability|p1a: Archaludon|Stamina|boost
|-boost|p1a: Archaludon|def|1
|-status|p1a: Archaludon|psn|[from] ability: Poison Touch|[of] p2b: Sneasler
|move|p1a: Archaludon|Body Press|p2a: Clefable
|-resisted|p2a: Clefable
|-damage|p2a: Clefable|53/100
|move|p1b: Incineroar|Parting Shot|p2a: Clefable
|-unboost|p2a: Clefable|atk|1
|-unboost|p2a: Clefable|spa|1
|inactive|Bigboyblue3451 has 30 seconds left.
|
|t:|1755553499
|switch|p1b: Sinistcha|Sinistcha, L50|100/100|[from] Parting Shot
|-heal|p1a: Archaludon|100/100 psn|[from] ability: Hospitality|[of] p1b: Sinistcha
|
|-damage|p1a: Archaludon|88/100 psn|[from] psn
|upkeep
|turn|13
|
|t:|1755553513
|switch|p1b: Incineroar|Incineroar, L50, M|21/100 psn
|-ability|p1b: Incineroar|Intimidate|boost
|-unboost|p2a: Clefable|atk|1
|-unboost|p2b: Sneasler|atk|1
|move|p2a: Clefable|Follow Me|p2a: Clefable
|-singleturn|p2a: Clefable|move: Follow Me
|move|p2b: Sneasler|Dire Claw|p1b: Incineroar
|-damage|p1b: Incineroar|0 fnt
|faint|p1b: Incineroar
|move|p1a: Archaludon|Snarl|p2b: Sneasler|[spread] p2a,p2b
|-resisted|p2a: Clefable
|-resisted|p2b: Sneasler
|-damage|p2a: Clefable|48/100
|-damage|p2b: Sneasler|10/100
|-unboost|p2a: Clefable|spa|1
|-unboost|p2b: Sneasler|spa|1
|
|-damage|p1a: Archaludon|75/100 psn|[from] psn
|upkeep
|
|t:|1755553525
|switch|p1b: Sinistcha|Sinistcha, L50|100/100
|-heal|p1a: Archaludon|100/100 psn|[from] ability: Hospitality|[of] p1b: Sinistcha
|turn|14
|
|t:|1755553539
|move|p2a: Clefable|Follow Me|p2a: Clefable
|-singleturn|p2a: Clefable|move: Follow Me
|move|p2b: Sneasler|Dire Claw|p1b: Sinistcha
|-damage|p1b: Sinistcha|75/100
|-status|p1b: Sinistcha|psn
|move|p1a: Archaludon|Electro Shot||[still]
|-prepare|p1a: Archaludon|Electro Shot
|-boost|p1a: Archaludon|spa|1
|move|p1b: Sinistcha|Trick Room|p1b: Sinistcha
|-fieldstart|move: Trick Room|[of] p1b: Sinistcha
|
|-damage|p1b: Sinistcha|63/100 psn|[from] psn
|-damage|p1a: Archaludon|88/100 psn|[from] psn
|upkeep
|turn|15
|
|t:|1755553562
|move|p2a: Clefable|Protect|p2a: Clefable
|-singleturn|p2a: Clefable|Protect
|move|p2b: Sneasler|Protect|p2b: Sneasler
|-singleturn|p2b: Sneasler|Protect
|move|p1b: Sinistcha|Life Dew|p1b: Sinistcha|[spread] p1a,p1b
|-heal|p1a: Archaludon|100/100 psn
|-heal|p1b: Sinistcha|88/100 psn
|move|p1a: Archaludon|Electro Shot|p2b: Sneasler|[from] lockedmove
|-activate|p2b: Sneasler|move: Protect
|
|-damage|p1b: Sinistcha|76/100 psn|[from] psn
|-damage|p1a: Archaludon|88/100 psn|[from] psn
|upkeep
|turn|16
|
|t:|1755553573
|move|p2a: Clefable|Follow Me|p2a: Clefable
|-singleturn|p2a: Clefable|move: Follow Me
|move|p1b: Sinistcha|Matcha Gotcha|p2a: Clefable|[spread] p2a,p2b
|-resisted|p2b: Sneasler
|-damage|p2a: Clefable|22/100
|-heal|p1b: Sinistcha|90/100 psn|[from] drain|[of] p2a: Clefable
|-damage|p2b: Sneasler|0 fnt
|-heal|p1b: Sinistcha|95/100 psn|[from] drain|[of] p2b: Sneasler
|faint|p2b: Sneasler
|move|p1a: Archaludon|Snarl|p2a: Clefable
|-resisted|p2a: Clefable
|-damage|p2a: Clefable|14/100
|-unboost|p2a: Clefable|spa|1
|
|-damage|p1b: Sinistcha|83/100 psn|[from] psn
|-damage|p1a: Archaludon|75/100 psn|[from] psn
|upkeep
|
|t:|1755553579
|switch|p2b: Gholdengo|Gholdengo, L50|36/100
|turn|17
|
|t:|1755553590
|move|p2a: Clefable|Follow Me|p2a: Clefable
|-singleturn|p2a: Clefable|move: Follow Me
|move|p1b: Sinistcha|Matcha Gotcha|p2b: Gholdengo|[spread] p2a,p2b
|-resisted|p2b: Gholdengo
|-damage|p2a: Clefable|0 fnt
|-heal|p1b: Sinistcha|90/100 psn|[from] drain|[of] p2a: Clefable
|-damage|p2b: Gholdengo|22/100
|-heal|p1b: Sinistcha|97/100 psn|[from] drain|[of] p2b: Gholdengo
|faint|p2a: Clefable
|move|p1a: Archaludon|Snarl|p2b: Gholdengo
|-supereffective|p2b: Gholdengo
|-damage|p2b: Gholdengo|0 fnt
|faint|p2b: Gholdengo
|
|win|Bigboyblue3451
|raw|Bigboyblue3451's rating: 1177 → 1206(+29 for winning)
|raw|Vegs Bunny's rating: 1232 → 1203(-29 for losing)
|l|☆Vegs Bunny
|player|p2|
