|j|☆leonsunp
|j|☆Lacossg
|html|leonsunpLacossg    
|uhtml|bestof|Game 2 of a best-of-3
|t:|1756770270
|gametype|doubles
|player|p1|leonsunp|colress|1244
|player|p2|Lacossg|101|1148
|gen|9
|tier|[Gen 9] VGC 2025 Reg H (Bo3)
|rated|
|rule|Species Clause: Limit one of each Pokémon
|rule|Item Clause: Limit 1 of each item
|clearpoke
|poke|p1|Sneasler, L50, F|
|poke|p1|Indeedee, L50, M|
|poke|p1|Volcarona, L50, F|
|poke|p1|Ursaluna-Bloodmoon, L50, M|
|poke|p1|Annihilape, L50, M|
|poke|p1|Tyranitar, L50, M|
|poke|p2|Corviknight, L50, M|
|poke|p2|Chesnaught, L50, F|
|poke|p2|Tyranitar, L50, F|
|poke|p2|Porygon2, L50|
|poke|p2|Volcarona, L50, M|
|poke|p2|Ursaluna, L50, M|
|teampreview|4
|showteam|p1|Sneasler||PsychicSeed|Unburden|CloseCombat,DireClaw,ThroatChop,Protect|||F|||50|,,,,,Dark]Indeedee||ChoiceScarf|PsychicSurge|ExpandingForce,TeraBlast,Trick,Protect|||M|||50|,,,,,Psychic]Volcarona||SitrusBerry|FlameBody|Overheat,StruggleBug,RagePowder,Tailwind|||F|||50|,,,,,Grass]Ursaluna-Bloodmoon||LifeOrb|MindsEye|BloodMoon,HyperVoice,EarthPower,Protect|||M|||50|,,,,,Normal]Annihilape||SafetyGoggles|Defiant|CloseCombat,RageFist,Taunt,FinalGambit|||M|||50|,,,,,Fairy]Tyranitar||AssaultVest|SandStream|RockSlide,KnockOff,TeraBlast,LowKick|||M|||50|,,,,,Flying
|showteam|p2|Corviknight||CovertCloak|MirrorArmor|Tailwind,Taunt,BraveBird,Roost|||M|||50|,,,,,Dragon]Chesnaught||Leftovers|Bulletproof|WideGuard,BodyPress,Protect,IronDefense|||F|||50|,,,,,Fairy]Tyranitar||FocusSash|SandStream|RockSlide,KnockOff,TeraBlast,Protect|||F|||50|,,,,,Grass]Porygon2||Eviolite|Download|TeraBlast,IceBeam,TrickRoom,Recover||||||50|,,,,,Flying]Volcarona||SitrusBerry|FlameBody|QuiverDance,FieryDance,GigaDrain,Protect|||M|||50|,,,,,Grass]Ursaluna||FlameOrb|Guts|HeadlongRush,Facade,Substitute,Protect|||M|||50|,,,,,Ghost
|inactive|Battle timer is ON: inactive players will automatically lose when time's up. (requested by leonsunp)
|inactive|leonsunp has 60 seconds left.
|
|t:|1756770306
|teamsize|p1|4
|teamsize|p2|4
|start
|switch|p1a: Sneasler|Sneasler, L50, F|100/100
|switch|p1b: Indeedee|Indeedee, L50, M|100/100
|switch|p2a: Corviknight|Corviknight, L50, M|100/100
|switch|p2b: Chesnaught|Chesnaught, L50, F|100/100
|-fieldstart|move: Psychic Terrain|[from] ability: Psychic Surge|[of] p1b: Indeedee
|-enditem|p1a: Sneasler|Psychic Seed
|-boost|p1a: Sneasler|spd|1|[from] item: Psychic Seed
|turn|1
|inactive|leonsunp has 30 seconds left.
|inactive|Lacossg has 30 seconds left.
|
|t:|1756770335
|switch|p1a: Ursaluna|Ursaluna-Bloodmoon, L50, M|100/100
|-terastallize|p1b: Indeedee|Psychic
|move|p2b: Chesnaught|Wide Guard|p2b: Chesnaught
|-singleturn|p2b: Chesnaught|Wide Guard
|move|p1b: Indeedee|Tera Blast|p2b: Chesnaught|[anim] Tera Blast Psychic
|-supereffective|p2b: Chesnaught
|-damage|p2b: Chesnaught|0 fnt
|faint|p2b: Chesnaught
|move|p2a: Corviknight|Tailwind|p2a: Corviknight
|-sidestart|p2: Lacossg|move: Tailwind
|
|upkeep
|
|t:|1756770347
|switch|p2b: Tyranitar|Tyranitar, L50, F|100/100
|-weather|Sandstorm|[from] ability: Sand Stream|[of] p2b: Tyranitar
|turn|2
|inactive|leonsunp has 30 seconds left.
|
|t:|1756770380
|switch|p1b: Volcarona|Volcarona, L50, F|100/100
|switch|p2a: Ursaluna|Ursaluna, L50, M|100/100
|move|p2b: Tyranitar|Knock Off|p1b: Volcarona
|-damage|p1b: Volcarona|39/100
|-status|p2b: Tyranitar|brn|[from] ability: Flame Body|[of] p1b: Volcarona
|-enditem|p1b: Volcarona|Sitrus Berry|[from] move: Knock Off|[of] p2b: Tyranitar
|move|p1a: Ursaluna|Blood Moon|p2a: Ursaluna
|-damage|p2a: Ursaluna|1/100
|-damage|p1a: Ursaluna|91/100|[from] item: Life Orb
|
|-weather|Sandstorm|[upkeep]
|-damage|p1b: Volcarona|33/100|[from] Sandstorm
|-damage|p2b: Tyranitar|94/100 brn|[from] brn
|-status|p2a: Ursaluna|brn|[from] item: Flame Orb
|upkeep
|turn|3
|inactive|leonsunp has 30 seconds left.
|
|t:|1756770413
|switch|p2a: Corviknight|Corviknight, L50, M|100/100
|move|p1b: Volcarona|Rage Powder|p1b: Volcarona
|-singleturn|p1b: Volcarona|move: Rage Powder
|move|p2b: Tyranitar|Rock Slide|p1b: Volcarona|[spread] p1a,p1b
|-resisted|p1a: Ursaluna
|-supereffective|p1b: Volcarona
|-damage|p1a: Ursaluna|86/100
|-damage|p1b: Volcarona|0 fnt
|faint|p1b: Volcarona
|move|p1a: Ursaluna|Earth Power|p2b: Tyranitar
|-supereffective|p2b: Tyranitar
|-damage|p2b: Tyranitar|0 fnt
|faint|p2b: Tyranitar
|-damage|p1a: Ursaluna|76/100|[from] item: Life Orb
|
|-weather|Sandstorm|[upkeep]
|upkeep
|
|t:|1756770434
|switch|p1b: Indeedee|Indeedee, L50, M, tera:Psychic|100/100
|switch|p2b: Ursaluna|Ursaluna, L50, M|1/100 brn
|turn|4
|
|t:|1756770446
|move|p1b: Indeedee|Expanding Force|p2a: Corviknight|[spread] p2a,p2b
|-resisted|p2a: Corviknight
|-damage|p2a: Corviknight|73/100
|-damage|p2b: Ursaluna|0 fnt
|faint|p2b: Ursaluna
|move|p2a: Corviknight|Brave Bird|p1b: Indeedee
|-damage|p1b: Indeedee|18/100
|-damage|p2a: Corviknight|54/100|[from] Recoil
|move|p1a: Ursaluna|Blood Moon|p2a: Corviknight
|-resisted|p2a: Corviknight
|-damage|p2a: Corviknight|13/100
|-damage|p1a: Ursaluna|67/100|[from] item: Life Orb
|
|-weather|Sandstorm|[upkeep]
|-damage|p1b: Indeedee|12/100|[from] Sandstorm
|-sideend|p2: Lacossg|move: Tailwind
|upkeep
|turn|5
|-message|Lacossg forfeited.
|
|win|leonsunp
