|j|☆Lyon Grey
|j|☆bestboi8989
|html|Lyon Greybestboi8989    
|uhtml|bestof|Game 2 of a best-of-3
|t:|1757838453
|gametype|doubles
|player|p1|Lyon Grey|shadowtriad|1058
|player|p2|bestboi8989|169|1107
|gen|9
|tier|[Gen 9] VGC 2025 Reg H (Bo3)
|rated|
|rule|Species Clause: Limit one of each Pokémon
|rule|Item Clause: Limit 1 of each item
|clearpoke
|poke|p1|Rillaboom, L50, M|
|poke|p1|Archaludon, L50, M|
|poke|p1|Incineroar, L50, M|
|poke|p1|Ursaluna-Bloodmoon, L50, M|
|poke|p1|Dondozo, L50, F|
|poke|p1|Pelipper, L50, M|
|poke|p2|Indeedee, L50, M|
|poke|p2|Sneasler, L50, F|
|poke|p2|Excadrill, L50, M|
|poke|p2|Magmar, L50, F|
|poke|p2|Corviknight, L50, F|
|poke|p2|Tyranitar, L50, M|
|teampreview|4
|showteam|p1|Rillaboom||ClearAmulet|GrassySurge|WoodHammer,GrassyGlide,HighHorsepower,FakeOut|||M|||50|,,,,,Fire]Archaludon||PowerHerb|Stamina|Protect,DracoMeteor,ElectroShot,BodyPress|||M|||50|,,,,,Flying]Incineroar||MirrorHerb|Intimidate|KnockOff,PartingShot,FlareBlitz,FakeOut|||M|||50|,,,,,Ghost]Ursaluna-Bloodmoon||AssaultVest|MindsEye|HyperVoice,BloodMoon,EarthPower,VacuumWave|||M|||50|,,,,,Ghost]Dondozo||RockyHelmet|Unaware|WaveCrash,Yawn,Protect,Soak|||F|||50|,,,,,Grass]Pelipper||FocusSash|Drizzle|Hurricane,WeatherBall,Tailwind,Soak|||M|||50|,,,,,Ghost
|showteam|p2|Indeedee||ChoiceScarf|PsychicSurge|ExpandingForce,TeraBlast,Trick,Protect|||M|||50|,,,,,Psychic]Sneasler||WhiteHerb|Unburden|FakeOut,CloseCombat,DireClaw,Coaching|||F|||50|,,,,,Flying]Excadrill||FocusSash|SandRush|Earthquake,IronHead,SwordsDance,Protect|||M|||50|,,,,,Ground]Magmar||Eviolite|VitalSpirit|HeatWave,FollowMe,HelpingHand,Protect|||F|||50|,,,,,Flying]Corviknight||PsychicSeed|MirrorArmor|BraveBird,PowerTrip,BulkUp,Roost|||F|||50|,,,,,Water]Tyranitar||AssaultVest|SandStream|RockSlide,KnockOff,LowKick,TeraBlast|||M|||50|,,,,,Flying
|inactive|Battle timer is ON: inactive players will automatically lose when time's up. (requested by Lyon Grey)
|inactive|bestboi8989 has 60 seconds left.
|
|t:|1757838493
|teamsize|p1|4
|teamsize|p2|4
|start
|switch|p1a: Great Dozy|Dondozo, L50, F, shiny|100/100
|switch|p1b: Pelipper|Pelipper, L50, M, shiny|100/100
|switch|p2a: Sneasler|Sneasler, L50, F|100/100
|switch|p2b: Tyranitar|Tyranitar, L50, M|100/100
|-weather|RainDance|[from] ability: Drizzle|[of] p1b: Pelipper
|-weather|Sandstorm|[from] ability: Sand Stream|[of] p2b: Tyranitar
|turn|1
|inactive|Lyon Grey has 30 seconds left.
|inactive|bestboi8989 has 30 seconds left.
|inactive|Lyon Grey has 20 seconds left.
|inactive|Lyon Grey has 15 seconds left.
|inactive|Lyon Grey has 10 seconds left.
|
|t:|1757838542
|-terastallize|p1b: Pelipper|Ghost
|-terastallize|p2b: Tyranitar|Flying
|move|p2a: Sneasler|Fake Out|p1b: Pelipper
|-immune|p1b: Pelipper
|move|p1b: Pelipper|Tailwind|p1b: Pelipper
|-sidestart|p1: Lyon Grey|move: Tailwind
|move|p1a: Great Dozy|Wave Crash|p2a: Sneasler
|-damage|p2a: Sneasler|26/100
|-damage|p1a: Great Dozy|86/100|[from] Recoil
|move|p2b: Tyranitar|Knock Off|p1a: Great Dozy
|-damage|p1a: Great Dozy|53/100
|-damage|p2b: Tyranitar|84/100|[from] item: Rocky Helmet|[of] p1a: Great Dozy
|-enditem|p1a: Great Dozy|Rocky Helmet|[from] move: Knock Off|[of] p2b: Tyranitar
|
|-weather|Sandstorm|[upkeep]
|-damage|p1b: Pelipper|95/100|[from] Sandstorm
|-damage|p2a: Sneasler|20/100|[from] Sandstorm
|-damage|p1a: Great Dozy|47/100|[from] Sandstorm
|-damage|p2b: Tyranitar|78/100|[from] Sandstorm
|upkeep
|turn|2
|inactive|Lyon Grey has 30 seconds left.
|inactive|Lyon Grey has 20 seconds left.
|
|t:|1757838580
|move|p1b: Pelipper|Weather Ball|p2b: Tyranitar
|-supereffective|p2b: Tyranitar
|-damage|p2b: Tyranitar|48/100
|move|p2a: Sneasler|Dire Claw|p1a: Great Dozy
|-damage|p1a: Great Dozy|22/100
|-status|p1a: Great Dozy|psn
|move|p1a: Great Dozy|Yawn|p2b: Tyranitar
|-start|p2b: Tyranitar|move: Yawn|[of] p1a: Great Dozy
|move|p2b: Tyranitar|Knock Off|p1b: Pelipper
|-supereffective|p1b: Pelipper
|-damage|p1b: Pelipper|0 fnt
|-enditem|p1b: Pelipper|Focus Sash|[from] move: Knock Off|[of] p2b: Tyranitar
|faint|p1b: Pelipper
|
|-weather|Sandstorm|[upkeep]
|-damage|p2a: Sneasler|15/100|[from] Sandstorm
|-damage|p1a: Great Dozy|16/100 psn|[from] Sandstorm
|-damage|p2b: Tyranitar|42/100|[from] Sandstorm
|-damage|p1a: Great Dozy|4/100 psn|[from] psn
|upkeep
|inactive|Lyon Grey has 30 seconds left.
|
|t:|1757838607
|switch|p1b: Archie|Archaludon, L50, M, shiny|100/100
|turn|3
|
|t:|1757838632
|switch|p2b: Excadrill|Excadrill, L50, M|100/100
|move|p1b: Archie|Protect|p1b: Archie
|-singleturn|p1b: Archie|Protect
|move|p2a: Sneasler|Coaching|p2b: Excadrill
|-boost|p2b: Excadrill|atk|1
|-boost|p2b: Excadrill|def|1
|move|p1a: Great Dozy|Wave Crash|p2a: Sneasler
|-damage|p2a: Sneasler|0 fnt
|faint|p2a: Sneasler
|-damage|p1a: Great Dozy|1/100 psn|[from] Recoil
|
|-weather|Sandstorm|[upkeep]
|-damage|p1a: Great Dozy|0 fnt|[from] Sandstorm
|faint|p1a: Great Dozy
|upkeep
|
|t:|1757838646
|switch|p2a: Corviknight|Corviknight, L50, F|100/100
|switch|p1a: Bloodmoon|Ursaluna-Bloodmoon, L50, M|100/100
|turn|4
|inactive|bestboi8989 has 30 seconds left.
|
|t:|1757838679
|move|p2b: Excadrill|Earthquake|p1a: Bloodmoon|[spread] p1a,p1b
|-immune|p2a: Corviknight
|-supereffective|p1b: Archie
|-damage|p1a: Bloodmoon|55/100
|-damage|p1b: Archie|6/100
|-ability|p1b: Archie|Stamina|boost
|-boost|p1b: Archie|def|1
|move|p1b: Archie|Electro Shot||[still]
|-prepare|p1b: Archie|Electro Shot
|-boost|p1b: Archie|spa|1
|-enditem|p1b: Archie|Power Herb
|-anim|p1b: Archie|Electro Shot|p2a: Corviknight
|-supereffective|p2a: Corviknight
|-damage|p2a: Corviknight|0 fnt
|faint|p2a: Corviknight
|move|p1a: Bloodmoon|Earth Power|p2b: Excadrill
|-supereffective|p2b: Excadrill
|-enditem|p2b: Excadrill|Focus Sash
|-damage|p2b: Excadrill|1/100
|
|-weather|Sandstorm|[upkeep]
|-sideend|p1: Lyon Grey|move: Tailwind
|upkeep
|
|t:|1757838696
|switch|p2a: Tyranitar|Tyranitar, L50, M, tera:Flying|42/100
|turn|5
|
|t:|1757838718
|move|p1a: Bloodmoon|Vacuum Wave|p2b: Excadrill
|-supereffective|p2b: Excadrill
|-damage|p2b: Excadrill|0 fnt
|faint|p2b: Excadrill
|move|p1b: Archie|Draco Meteor|p2a: Tyranitar
|-damage|p2a: Tyranitar|0 fnt
|-unboost|p1b: Archie|spa|2
|faint|p2a: Tyranitar
|
|win|Lyon Grey
|raw|Lyon Grey's rating: 1058 → 1094(+36 for winning)
|raw|bestboi8989's rating: 1107 → 1078(-29 for losing)
|l|☆Lyon Grey
|player|p1|
|c|☆bestboi8989|i hate vacuum wave
