|j|☆Nonna_Cesarina
|j|☆Daniw9
|html|Nonna_CesarinaDaniw9    
|uhtml|bestof|Game 2 of a best-of-3
|t:|1756459386
|gametype|doubles
|player|p1|Nonna_Cesarina|swimmer|1274
|player|p2|Daniw9|101|1170
|gen|9
|tier|[Gen 9] VGC 2025 Reg H (Bo3)
|rated|
|rule|Species Clause: Limit one of each Pokémon
|rule|Item Clause: Limit 1 of each item
|clearpoke
|poke|p1|Indeedee-F, L50, F|
|poke|p1|Hatterene, L50, F|
|poke|p1|Gallade, L50, M|
|poke|p1|Ursaluna, L50, M|
|poke|p1|Torkoal, L50, M|
|poke|p1|Charizard, L50, F|
|poke|p2|Garchomp, L50, M|
|poke|p2|Tyranitar, L50, F|
|poke|p2|Delphox, L50, M|
|poke|p2|Indeedee-F, L50, F|
|poke|p2|Gallade, L50, M|
|poke|p2|Whimsicott, L50, F|
|teampreview|4
|showteam|p1|Indeedee-F||PsychicSeed|PsychicSurge|TrickRoom,FollowMe,HelpingHand,Psychic|||F|||50|,,,,,Grass]Hatterene||LifeOrb|MagicBounce|ExpandingForce,TrickRoom,DazzlingGleam,Protect|||F|||50|,,,,,Fire]Gallade||ClearAmulet|Sharpness|PsychoCut,TrickRoom,SacredSword,WideGuard|||M|||50|,,,,,Grass]Ursaluna||FlameOrb|Guts|HeadlongRush,Facade,Earthquake,Protect|||M|||50|,,,,,Ghost]Torkoal||Charcoal|Drought|Eruption,HeatWave,WeatherBall,HelpingHand|||M|||50|,,,,,Fire]Charizard||ChoiceScarf|SolarPower|HeatWave,Overheat,AirSlash,DragonPulse|||F|||50|,,,,,Fire
|showteam|p2|Garchomp||LifeOrb|SandVeil|Earthquake,StompingTantrum,Protect,DragonClaw|||M|||50|,,,,,Steel]Tyranitar||AssaultVest|SandStream|RockSlide,TeraBlast,KnockOff,LowKick|||F|||50|,,,,,Flying]Delphox||PsychicSeed|Magician|ExpandingForce,HeatWave,TeraBlast,Protect|||M|||50|,,,,,Fairy]Indeedee-F||SafetyGoggles|PsychicSurge|DazzlingGleam,TrickRoom,FollowMe,HelpingHand|||F|||50|,,,,,Water]Gallade||ClearAmulet|Sharpness|SacredSword,PsychoCut,TrickRoom,Protect|||M|||50|,,,,,Grass]Whimsicott||CovertCloak|Prankster|Moonblast,Tailwind,Encore,Protect|||F|||50|,,,,,Ghost
|inactive|Battle timer is ON: inactive players will automatically lose when time's up. (requested by Nonna_Cesarina)
|
|t:|1756459408
|teamsize|p1|4
|teamsize|p2|4
|start
|switch|p1a: Charizard|Charizard, L50, F|100/100
|switch|p1b: Gallade|Gallade, L50, M|100/100
|switch|p2a: Tyranitar|Tyranitar, L50, F|100/100
|switch|p2b: Delphox|Delphox, L50, M|100/100
|-weather|Sandstorm|[from] ability: Sand Stream|[of] p2a: Tyranitar
|turn|1
|
|t:|1756459424
|switch|p1b: Torkoal|Torkoal, L50, M|100/100
|-weather|SunnyDay|[from] ability: Drought|[of] p1b: Torkoal
|-terastallize|p1a: Charizard|Fire
|-terastallize|p2a: Tyranitar|Flying
|move|p1a: Charizard|Heat Wave|p2b: Delphox|[spread] p2a
|-miss|p1a: Charizard|p2b: Delphox
|-damage|p2a: Tyranitar|35/100
|move|p2b: Delphox|Expanding Force|p1a: Charizard
|-damage|p1a: Charizard|45/100
|move|p2a: Tyranitar|Tera Blast|p1b: Torkoal|[anim] Tera Blast Flying
|-damage|p1b: Torkoal|66/100
|
|-weather|SunnyDay|[upkeep]
|-damage|p1a: Charizard|33/100|[from] ability: Solar Power|[of] p1a: Charizard
|upkeep
|turn|2
|
|t:|1756459442
|switch|p2a: Indeedee|Indeedee-F, L50, F|100/100
|-fieldstart|move: Psychic Terrain|[from] ability: Psychic Surge|[of] p2a: Indeedee
|-enditem|p2b: Delphox|Psychic Seed
|-boost|p2b: Delphox|spd|1|[from] item: Psychic Seed
|move|p1b: Torkoal|Helping Hand|p1a: Charizard
|-singleturn|p1a: Charizard|Helping Hand|[of] p1b: Torkoal
|move|p1a: Charizard|Heat Wave|p2b: Delphox|[spread] p2a,p2b
|-resisted|p2b: Delphox
|-damage|p2a: Indeedee|0 fnt
|-damage|p2b: Delphox|37/100
|faint|p2a: Indeedee
|move|p2b: Delphox|Expanding Force|p1b: Torkoal|[spread] p1a,p1b
|-damage|p1a: Charizard|0 fnt
|-damage|p1b: Torkoal|0 fnt
|faint|p1a: Charizard
|faint|p1b: Torkoal
|-item|p2b: Delphox|Choice Scarf|[from] ability: Magician|[of] p1: Charizard
|
|-weather|SunnyDay|[upkeep]
|upkeep
|
|t:|1756459460
|switch|p1a: Gallade|Gallade, L50, M|100/100
|switch|p2a: Tyranitar|Tyranitar, L50, F, tera:Flying|35/100
|switch|p1b: Indeedee|Indeedee-F, L50, F|100/100
|-weather|Sandstorm|[from] ability: Sand Stream|[of] p2a: Tyranitar
|-enditem|p1b: Indeedee|Psychic Seed
|-boost|p1b: Indeedee|spd|1|[from] item: Psychic Seed
|turn|3
|inactive|Nonna_Cesarina has 30 seconds left.
|
|t:|1756459493
|move|p1b: Indeedee|Follow Me|p1b: Indeedee
|-singleturn|p1b: Indeedee|move: Follow Me
|move|p2b: Delphox|Expanding Force|p1a: Gallade|[spread] p1a,p1b
|-resisted|p1b: Indeedee
|-damage|p1a: Gallade|52/100
|-damage|p1b: Indeedee|82/100
|move|p2a: Tyranitar|Tera Blast|p1b: Indeedee|[anim] Tera Blast Flying
|-damage|p1b: Indeedee|41/100
|move|p1a: Gallade|Trick Room|p1a: Gallade
|-fieldstart|move: Trick Room|[of] p1a: Gallade
|
|-weather|Sandstorm|[upkeep]
|-damage|p1a: Gallade|47/100|[from] Sandstorm
|-damage|p1b: Indeedee|35/100|[from] Sandstorm
|-damage|p2a: Tyranitar|30/100|[from] Sandstorm
|-damage|p2b: Delphox|31/100|[from] Sandstorm
|upkeep
|turn|4
|inactive|Nonna_Cesarina has 30 seconds left.
|
|t:|1756459522
|move|p1a: Gallade|Psycho Cut|p2b: Delphox
|-resisted|p2b: Delphox
|-damage|p2b: Delphox|0 fnt
|faint|p2b: Delphox
|move|p1b: Indeedee|Psychic|p2a: Tyranitar
|-damage|p2a: Tyranitar|6/100
|-unboost|p2a: Tyranitar|spd|1
|move|p2a: Tyranitar|Tera Blast|p1a: Gallade|[anim] Tera Blast Flying
|-supereffective|p1a: Gallade
|-damage|p1a: Gallade|0 fnt
|faint|p1a: Gallade
|
|-weather|Sandstorm|[upkeep]
|-damage|p1b: Indeedee|29/100|[from] Sandstorm
|-damage|p2a: Tyranitar|0 fnt|[from] Sandstorm
|faint|p2a: Tyranitar
|upkeep
|
|t:|1756459534
|switch|p2b: Garchomp|Garchomp, L50, M|100/100
|turn|5
|
|t:|1756459537
|move|p2b: Garchomp|Protect|p2b: Garchomp
|-singleturn|p2b: Garchomp|Protect
|move|p1b: Indeedee|Psychic|p2b: Garchomp
|-activate|p2b: Garchomp|move: Protect
|
|-weather|Sandstorm|[upkeep]
|-damage|p1b: Indeedee|23/100|[from] Sandstorm
|upkeep
|turn|6
|
|t:|1756459543
|move|p1b: Indeedee|Psychic|p2b: Garchomp
|-damage|p2b: Garchomp|55/100
|move|p2b: Garchomp|Earthquake|p1b: Indeedee
|-damage|p1b: Indeedee|0 fnt
|faint|p1b: Indeedee
|-damage|p2b: Garchomp|46/100|[from] item: Life Orb
|
|win|Daniw9
|raw|Nonna_Cesarina's rating: 1274 → 1242(-32 for losing)
|raw|Daniw9's rating: 1170 → 1202(+32 for winning)
|l|☆Nonna_Cesarina
|player|p1|
