|j|☆Luna_walking
|j|☆PenguimSAL
|html|Luna_walkingPenguimSAL    
|uhtml|bestof|Game 1 of a best-of-3
|t:|1786107218
|gametype|doubles
|player|p1|Luna_walking|265|1146
|player|p2|PenguimSAL|266|1179
|gen|9
|tier|[Gen 9 Champions] VGC 2026 Reg M-B (Bo3)
|rated|
|rule|Species Clause: Limit one of each Pokémon
|rule|Item Clause: Limit 1 of each item
|clearpoke
|poke|p1|Charizard, L50, F|
|poke|p1|Floette-Eternal, L50, F|
|poke|p1|Whimsicott, L50, M|
|poke|p1|Incineroar, L50, F|
|poke|p1|Basculegion, L50, M|
|poke|p1|Garchomp, L50, M|
|poke|p2|Charizard, L50, M|
|poke|p2|Venusaur, L50, M|
|poke|p2|Garchomp, L50, M|
|poke|p2|Incineroar, L50, F|
|poke|p2|Toxapex, L50, F|
|poke|p2|Sylveon, L50, F|
|teampreview|4
|showteam|p1|Charizard||CharizarditeY|Blaze|HeatWave,WeatherBall,SolarBeam,Protect|Modest||F|||50|]Floette-Eternal||Floettite|FlowerVeil|Moonblast,DazzlingGleam,LightofRuin,Protect|Modest||F|||50|]Whimsicott||FocusSash|Prankster|Moonblast,Encore,Tailwind,Protect|Timid||M|||50|]Incineroar||SitrusBerry|Intimidate|FlareBlitz,DarkestLariat,PartingShot,FakeOut|Adamant||F|||50|]Basculegion||MysticWater|Adaptability|WaveCrash,LastRespects,AquaJet,Protect|Adamant||M|||50|]Garchomp||LifeOrb|RoughSkin|DragonClaw,Earthquake,Protect,RockSlide|Jolly||M|||50|
|showteam|p2|Charizard||CharizarditeY|Blaze|HeatWave,WeatherBall,AncientPower,Protect|Modest||M|||50|]Venusaur||LifeOrb|Chlorophyll|SolarBeam,SludgeBomb,EarthPower,Protect|Modest||M|||50|]Garchomp||ChoiceScarf|RoughSkin|DragonClaw,Earthquake,RockSlide,StompingTantrum|Adamant||M|||50|]Incineroar||SitrusBerry|Intimidate|FlareBlitz,ThroatChop,PartingShot,FakeOut|Impish||F|||50|]Toxapex||Leftovers|Regenerator|Toxic,Infestation,WideGuard,BanefulBunker|Bold||F|||50|]Sylveon||FairyFeather|Pixilate|HyperVoice,Yawn,Detect,QuickAttack|Modest||F|||50|
|inactive|Battle timer is ON: inactive players will automatically lose when time's up. (requested by PenguimSAL)
|
|t:|1786107270
|teamsize|p1|4
|teamsize|p2|4
|start
|switch|p1a: Garchomp|Garchomp, L50, M|100/100
|switch|p1b: Incineroar|Incineroar, L50, F|100/100
|switch|p2a: Charizard|Charizard, L50, M|100/100
|switch|p2b: Incineroar|Incineroar, L50, F|100/100
|-ability|p1b: Incineroar|Intimidate|boost
|-unboost|p2a: Charizard|atk|1
|-unboost|p2b: Incineroar|atk|1
|-ability|p2b: Incineroar|Intimidate|boost
|-unboost|p1a: Garchomp|atk|1
|-unboost|p1b: Incineroar|atk|1
|turn|1
|inactive|PenguimSAL has 30 seconds left.
|inactive|PenguimSAL has 20 seconds left.
|inactive|PenguimSAL has 15 seconds left.
|inactive|PenguimSAL has 10 seconds left.
|
|t:|1786107317
|detailschange|p2a: Charizard|Charizard-Mega-Y, L50, M
|-mega|p2a: Charizard|Charizard|Charizardite Y
|-weather|SunnyDay|[from] ability: Drought|[of] p2a: Charizard
|move|p2a: Charizard|Protect|p2a: Charizard
|-singleturn|p2a: Charizard|Protect
|move|p1b: Incineroar|Fake Out|p2b: Incineroar
|-damage|p2b: Incineroar|93/100
|move|p1a: Garchomp|Rock Slide|p2b: Incineroar|[spread] p2b
|-activate|p2a: Charizard|move: Protect
|-supereffective|p2b: Incineroar|1
|-damage|p2b: Incineroar|67/100
|-damage|p1a: Garchomp|90/100|[from] item: Life Orb
|cant|p2b: Incineroar|flinch
|
|-weather|SunnyDay|[upkeep]
|upkeep
|turn|2
|
|t:|1786107337
|switch|p2a: Toxapex|Toxapex, L50, F|100/100
|move|p1a: Garchomp|Rock Slide|p2a: Toxapex|[spread] p2a,p2b
|-supereffective|p2b: Incineroar|1
|-damage|p2a: Toxapex|89/100
|-damage|p2b: Incineroar|39/100
|-enditem|p2b: Incineroar|Sitrus Berry|[eat]
|-heal|p2b: Incineroar|64/100|[from] item: Sitrus Berry
|-damage|p1a: Garchomp|80/100|[from] item: Life Orb
|move|p1b: Incineroar|Flare Blitz|p2a: Toxapex
|-resisted|p2a: Toxapex|1
|-damage|p2a: Toxapex|70/100
|-damage|p1b: Incineroar|95/100|[from] Recoil
|move|p2b: Incineroar|Parting Shot|p1a: Garchomp
|-unboost|p1a: Garchomp|atk|1
|-unboost|p1a: Garchomp|spa|1
|
|t:|1786107349
|switch|p2b: Venusaur|Venusaur, L50, M|100/100|[from] Parting Shot
|
|-weather|SunnyDay|[upkeep]
|-heal|p2a: Toxapex|76/100|[from] item: Leftovers
|upkeep
|turn|3
|inactive|PenguimSAL has 30 seconds left.
|inactive|Luna_walking has 30 seconds left.
|
|t:|1786107380
|move|p2b: Venusaur|Protect|p2b: Venusaur
|-singleturn|p2b: Venusaur|Protect
|move|p1a: Garchomp|Dragon Claw|p2b: Venusaur
|-activate|p2b: Venusaur|move: Protect
|move|p1b: Incineroar|Flare Blitz|p2b: Venusaur
|-activate|p2b: Venusaur|move: Protect
|move|p2a: Toxapex|Toxic|p1a: Garchomp
|-status|p1a: Garchomp|tox
|
|-weather|SunnyDay|[upkeep]
|-heal|p2a: Toxapex|82/100|[from] item: Leftovers
|-damage|p1a: Garchomp|74/100 tox|[from] psn
|upkeep
|turn|4
|inactive|Luna_walking has 30 seconds left.
|
|t:|1786107407
|switch|p2b: Incineroar|Incineroar, L50, F|64/100
|-ability|p2b: Incineroar|Intimidate|boost
|-unboost|p1a: Garchomp|atk|1
|-unboost|p1b: Incineroar|atk|1
|switch|p1a: Whimsicott|Whimsicott, L50, M|100/100
|move|p1b: Incineroar|Flare Blitz|p2b: Incineroar
|-resisted|p2b: Incineroar|1
|-damage|p2b: Incineroar|48/100
|-damage|p1b: Incineroar|89/100|[from] Recoil
|move|p2a: Toxapex|Infestation|p1a: Whimsicott
|-damage|p1a: Whimsicott|94/100
|-activate|p1a: Whimsicott|move: Infestation|[of] p2a: Toxapex
|
|-weather|SunnyDay|[upkeep]
|-heal|p2a: Toxapex|87/100|[from] item: Leftovers
|-damage|p1a: Whimsicott|81/100|[from] move: Infestation|[partiallytrapped]
|upkeep
|turn|5
|inactive|Luna_walking has 30 seconds left.
|
|t:|1786107435
|move|p1a: Whimsicott|Moonblast|p2b: Incineroar
|-damage|p2b: Incineroar|16/100
|move|p1b: Incineroar|Parting Shot|p2b: Incineroar
|-unboost|p2b: Incineroar|atk|1
|-unboost|p2b: Incineroar|spa|1
|
|t:|1786107442
|switch|p1b: Garchomp|Garchomp, L50, M|74/100 tox|[from] Parting Shot
|move|p2b: Incineroar|Flare Blitz|p1a: Whimsicott
|-supereffective|p1a: Whimsicott|1
|-damage|p1a: Whimsicott|0 fnt
|faint|p1a: Whimsicott
|-damage|p2b: Incineroar|0 fnt|[from] Recoil
|faint|p2b: Incineroar
|move|p2a: Toxapex|Toxic|p1b: Garchomp
|-fail|p1b: Garchomp|tox
|
|-weather|none
|-heal|p2a: Toxapex|93/100|[from] item: Leftovers
|-damage|p1b: Garchomp|68/100 tox|[from] psn
|upkeep
|
|t:|1786107454
|switch|p1a: Charizard|Charizard, L50, F|100/100
|switch|p2b: Charizard|Charizard-Mega-Y, L50, M|100/100
|-weather|SunnyDay|[from] ability: Drought|[of] p2b: Charizard
|turn|6
|
|t:|1786107466
|detailschange|p1a: Charizard|Charizard-Mega-Y, L50, F
|-mega|p1a: Charizard|Charizard|Charizardite Y
|move|p2a: Toxapex|Wide Guard|p2a: Toxapex
|-singleturn|p2a: Toxapex|Wide Guard
|move|p1b: Garchomp|Earthquake|p2b: Charizard|[spread] 
|-activate|p2a: Toxapex|move: Wide Guard
|-activate|p2b: Charizard|move: Wide Guard
|-immune|p1a: Charizard
|move|p1a: Charizard|Heat Wave|p2b: Charizard|[spread] 
|-activate|p2a: Toxapex|move: Wide Guard
|-activate|p2b: Charizard|move: Wide Guard
|move|p2b: Charizard|Ancient Power|p1a: Charizard
|-supereffective|p1a: Charizard|2
|-damage|p1a: Charizard|9/100
|
|-weather|SunnyDay|[upkeep]
|-heal|p2a: Toxapex|99/100|[from] item: Leftovers
|-damage|p1b: Garchomp|56/100 tox|[from] psn
|upkeep
|turn|7
|inactive|Luna_walking has 30 seconds left.
|inactive|PenguimSAL has 30 seconds left.
|
|t:|1786107498
|move|p2b: Charizard|Protect|p2b: Charizard
|-singleturn|p2b: Charizard|Protect
|move|p1b: Garchomp|Earthquake|p2b: Charizard|[spread] p2a
|-activate|p2b: Charizard|move: Protect
|-immune|p1a: Charizard
|-supereffective|p2a: Toxapex|1
|-damage|p2a: Toxapex|39/100
|-damage|p1b: Garchomp|46/100 tox|[from] item: Life Orb
|move|p1a: Charizard|Solar Beam||[still]
|-prepare|p1a: Charizard|Solar Beam
|-anim|p1a: Charizard|Solar Beam|p2a: Toxapex
|-damage|p2a: Toxapex|1/100
|move|p2a: Toxapex|Infestation|p1a: Charizard
|-resisted|p1a: Charizard|2
|-damage|p1a: Charizard|9/100
|-activate|p1a: Charizard|move: Infestation|[of] p2a: Toxapex
|
|-weather|SunnyDay|[upkeep]
|-heal|p2a: Toxapex|7/100|[from] item: Leftovers
|-damage|p1b: Garchomp|28/100 tox|[from] psn
|-damage|p1a: Charizard|0 fnt|[from] move: Infestation|[partiallytrapped]
|faint|p1a: Charizard
|upkeep
|
|t:|1786107519
|switch|p1a: Incineroar|Incineroar, L50, F|89/100
|-ability|p1a: Incineroar|Intimidate|boost
|-unboost|p2a: Toxapex|atk|1
|-unboost|p2b: Charizard|atk|1
|turn|8
|inactive|PenguimSAL has 30 seconds left.
|inactive|PenguimSAL has 20 seconds left.
|inactive|PenguimSAL has 15 seconds left.
|inactive|PenguimSAL has 10 seconds left.
|
|t:|1786107567
|move|p2a: Toxapex|Baneful Bunker|p2a: Toxapex
|-singleturn|p2a: Toxapex|move: Protect
|move|p1b: Garchomp|Rock Slide|p2b: Charizard|[spread] p2b
|-activate|p2a: Toxapex|move: Protect
|-supereffective|p2b: Charizard|2
|-damage|p2b: Charizard|2/100
|-damage|p1b: Garchomp|18/100 tox|[from] item: Life Orb
|move|p2b: Charizard|Heat Wave|p1a: Incineroar|[spread] p1a,p1b
|-resisted|p1a: Incineroar|1
|-resisted|p1b: Garchomp|1
|-damage|p1a: Incineroar|63/100
|-damage|p1b: Garchomp|0 fnt
|faint|p1b: Garchomp
|move|p1a: Incineroar|Flare Blitz|p2b: Charizard
|-resisted|p2b: Charizard|1
|-damage|p2b: Charizard|0 fnt
|faint|p2b: Charizard
|-damage|p1a: Incineroar|62/100|[from] Recoil
|
|-weather|SunnyDay|[upkeep]
|-heal|p2a: Toxapex|12/100|[from] item: Leftovers
|upkeep
|
|t:|1786107581
|switch|p2b: Venusaur|Venusaur, L50, M|100/100
|turn|9
|
|t:|1786107590
|move|p2b: Venusaur|Earth Power|p1a: Incineroar
|-supereffective|p1a: Incineroar|1
|-damage|p1a: Incineroar|3/100
|-enditem|p1a: Incineroar|Sitrus Berry|[eat]
|-heal|p1a: Incineroar|28/100|[from] item: Sitrus Berry
|-damage|p2b: Venusaur|90/100|[from] item: Life Orb
|move|p1a: Incineroar|Flare Blitz|p2b: Venusaur
|-supereffective|p2b: Venusaur|1
|-damage|p2b: Venusaur|0 fnt
|faint|p2b: Venusaur
|-damage|p1a: Incineroar|4/100|[from] Recoil
|move|p2a: Toxapex|Toxic|p1a: Incineroar
|-status|p1a: Incineroar|tox
|
|-weather|SunnyDay|[upkeep]
|-heal|p2a: Toxapex|18/100|[from] item: Leftovers
|-damage|p1a: Incineroar|0 fnt|[from] psn
|faint|p1a: Incineroar
|
|win|PenguimSAL
|l|☆Luna_walking
|player|p1|
||Luna_walking is ready for game 2.
|inactive|PenguimSAL has 30 seconds to confirm battle start!
|inactive|PenguimSAL has 20 seconds to confirm battle start!
