|j|☆juanfer96livecom
|j|☆lanagram
|html|juanfer96livecomlanagram    
|uhtml|bestof|Game 1 of a best-of-3
|t:|1785811211
|gametype|doubles
|player|p1|juanfer96livecom|2|1051
|player|p2|lanagram|265|1109
|gen|9
|tier|[Gen 9 Champions] VGC 2026 Reg M-B (Bo3)
|rated|
|rule|Species Clause: Limit one of each Pokémon
|rule|Item Clause: Limit 1 of each item
|clearpoke
|poke|p1|Sneasler, L50, M|
|poke|p1|Blastoise, L50, M|
|poke|p1|Kingambit, L50, M|
|poke|p1|Incineroar, L50, M|
|poke|p1|Delphox, L50, M|
|poke|p1|Sinistcha, L50|
|poke|p2|Blastoise, L50, M|
|poke|p2|Sinistcha-Masterpiece, L50|
|poke|p2|Talonflame, L50, F|
|poke|p2|Archaludon, L50, F|
|poke|p2|Sableye, L50, F|
|poke|p2|Lopunny, L50, F|
|teampreview|4
|showteam|p1|Sneasler||FocusSash|Unburden|DireClaw,CloseCombat,FakeOut,QuickGuard|Adamant||M|||50|]Blastoise||Blastoisinite|Torrent|WaterSpout,DarkPulse,ShellSmash,Protect|Modest||M|||50|]Kingambit||BlackGlasses|Defiant|KowtowCleave,SuckerPunch,SwordsDance,Protect|Adamant||M|||50|]Incineroar||SitrusBerry|Intimidate|HelpingHand,FakeOut,PartingShot,FlareBlitz|Adamant||M|||50|]Delphox||Delphoxite|Blaze|Protect,Psyshock,NastyPlot,HeatWave|Timid||M|||50|]Sinistcha||KasibBerry|Hospitality|MatchaGotcha,RagePowder,Protect,LifeDew|Bold|||||50|
|showteam|p2|Blastoise||Blastoisinite|Torrent|WaterSpout,DarkPulse,ShellSmash,Protect|Modest||M|||50|]Sinistcha-Masterpiece||OccaBerry|Hospitality|MatchaGotcha,Imprison,RagePowder,TrickRoom|Calm|||||50|]Talonflame||SharpBeak|GaleWings|DualWingbeat,Tailwind,QuickGuard,FlareBlitz|Jolly||F|||50|]Archaludon||Leftovers|Stamina|FlashCannon,DragonPulse,ElectroShot,Protect|Bold||F|||50|]Sableye||RoseliBerry|Prankster|RainDance,Encore,FakeOut,FoulPlay|Calm||F|||50|]Lopunny||Lopunnite|CuteCharm|FakeOut,CloseCombat,TripleAxel,HealingWish|Jolly||F|||50|
|inactive|Battle timer is ON: inactive players will automatically lose when time's up. (requested by juanfer96livecom)
|inactive|juanfer96livecom has 60 seconds left.
|inactive|lanagram has 60 seconds left.
|inactive|juanfer96livecom has 30 seconds left.
|
|t:|1785811293
|teamsize|p1|4
|teamsize|p2|4
|start
|switch|p1a: Sneasler|Sneasler, L50, M|100/100
|switch|p1b: Blastoise|Blastoise, L50, M|100/100
|switch|p2a: Lopunny|Lopunny, L50, F|100/100
|switch|p2b: Blastoise|Blastoise, L50, M|100/100
|turn|1
|inactive|juanfer96livecom has 30 seconds left.
|inactive|lanagram has 30 seconds left.
|inactive|lanagram has 20 seconds left.
|inactive|juanfer96livecom has 20 seconds left.
|inactive|lanagram has 15 seconds left.
|inactive|juanfer96livecom has 15 seconds left.
|inactive|lanagram has 10 seconds left.
|inactive|juanfer96livecom has 10 seconds left.
|
|t:|1785811344
|switch|p1b: Sinistcha|Sinistcha, L50|100/100
|detailschange|p2a: Lopunny|Lopunny-Mega, L50, F
|-mega|p2a: Lopunny|Lopunny|Lopunnite
|move|p2a: Lopunny|Fake Out|p1a: Sneasler
|-damage|p1a: Sneasler|63/100
|cant|p1a: Sneasler|flinch
|move|p2b: Blastoise|Shell Smash|p2b: Blastoise
|-unboost|p2b: Blastoise|def|1
|-unboost|p2b: Blastoise|spd|1
|-boost|p2b: Blastoise|atk|2
|-boost|p2b: Blastoise|spa|2
|-boost|p2b: Blastoise|spe|2
|
|upkeep
|turn|2
|inactive|juanfer96livecom has 30 seconds left.
|inactive|juanfer96livecom has 20 seconds left.
|inactive|juanfer96livecom has 15 seconds left.
|inactive|juanfer96livecom has 10 seconds left.
|
|t:|1785811393
|move|p2b: Blastoise|Water Spout|p1b: Sinistcha|[spread] p1a,p1b
|-resisted|p1b: Sinistcha|1
|-damage|p1a: Sneasler|0 fnt
|-damage|p1b: Sinistcha|53/100
|faint|p1a: Sneasler
|move|p2a: Lopunny|Triple Axel|p1b: Sinistcha
|-supereffective|p1b: Sinistcha|1
|-damage|p1b: Sinistcha|42/100
|-hitcount|p1b: Sinistcha|1
|move|p1b: Sinistcha|Matcha Gotcha|p2a: Lopunny|[spread] p2a,p2b
|-supereffective|p2b: Blastoise|1
|-damage|p2a: Lopunny|67/100
|-heal|p1b: Sinistcha|55/100|[from] drain|[of] p2a: Lopunny
|-damage|p2b: Blastoise|19/100
|-heal|p1b: Sinistcha|91/100|[from] drain|[of] p2b: Blastoise
|
|upkeep
|c|☆lanagram|OF COURSE
|c|☆lanagram|THE WINCON
|c|☆lanagram|THE ONLY WINCON
|
|t:|1785811415
|switch|p1a: Blastoise|Blastoise, L50, M|100/100
|turn|3
|inactive|lanagram has 30 seconds left.
|
|t:|1785811443
|detailschange|p1a: Blastoise|Blastoise-Mega, L50, M
|-mega|p1a: Blastoise|Blastoise|Blastoisinite
|move|p2b: Blastoise|Dark Pulse|p1b: Sinistcha
|-supereffective|p1b: Sinistcha|1
|-damage|p1b: Sinistcha|1/100
|move|p2a: Lopunny|Close Combat|p1a: Blastoise
|-crit|p1a: Blastoise
|-damage|p1a: Blastoise|3/100
|-unboost|p2a: Lopunny|def|1
|-unboost|p2a: Lopunny|spd|1
|move|p1a: Blastoise|Shell Smash|p1a: Blastoise
|-unboost|p1a: Blastoise|def|1
|-unboost|p1a: Blastoise|spd|1
|-boost|p1a: Blastoise|atk|2
|-boost|p1a: Blastoise|spa|2
|-boost|p1a: Blastoise|spe|2
|move|p1b: Sinistcha|Matcha Gotcha|p2a: Lopunny|[spread] p2a,p2b
|-supereffective|p2b: Blastoise|1
|-damage|p2a: Lopunny|23/100
|-heal|p1b: Sinistcha|19/100|[from] drain|[of] p2a: Lopunny
|-damage|p2b: Blastoise|0 fnt
|-heal|p1b: Sinistcha|27/100|[from] drain|[of] p2b: Blastoise
|faint|p2b: Blastoise
|
|upkeep
|
|t:|1785811454
|switch|p2b: Archaludon|Archaludon, L50, F|100/100
|turn|4
|inactive|juanfer96livecom has 30 seconds left.
|
|t:|1785811483
|switch|p2a: Sinistcha|Sinistcha-Masterpiece, L50|100/100
|switch|p1b: Kingambit|Kingambit, L50, M|100/100
|move|p1a: Blastoise|Protect|p1a: Blastoise
|-singleturn|p1a: Blastoise|Protect
|move|p2b: Archaludon|Dragon Pulse|p1a: Blastoise
|-activate|p1a: Blastoise|move: Protect
|
|upkeep
|turn|5
|inactive|juanfer96livecom has 30 seconds left.
|
|t:|1785811517
|move|p1a: Blastoise|Dark Pulse|p2a: Sinistcha
|-supereffective|p2a: Sinistcha|1
|-damage|p2a: Sinistcha|0 fnt
|faint|p2a: Sinistcha
|move|p2b: Archaludon|Dragon Pulse|p1a: Blastoise
|-damage|p1a: Blastoise|0 fnt
|faint|p1a: Blastoise
|move|p1b: Kingambit|Kowtow Cleave|p2b: Archaludon
|-damage|p2b: Archaludon|60/100
|-ability|p2b: Archaludon|Stamina|boost
|-boost|p2b: Archaludon|def|1
|
|-heal|p2b: Archaludon|65/100|[from] item: Leftovers
|upkeep
|
|t:|1785811537
|switch|p1a: Sinistcha|Sinistcha, L50|27/100
|switch|p2a: Lopunny|Lopunny-Mega, L50, F|23/100
|turn|6
|
|t:|1785811561
|move|p1a: Sinistcha|Protect|p1a: Sinistcha
|-singleturn|p1a: Sinistcha|Protect
|move|p1b: Kingambit|Protect|p1b: Kingambit
|-singleturn|p1b: Kingambit|Protect
|move|p2a: Lopunny|Fake Out|p1a: Sinistcha
|-activate|p1a: Sinistcha|move: Protect
|move|p2b: Archaludon|Electro Shot||[still]
|-prepare|p2b: Archaludon|Electro Shot
|-boost|p2b: Archaludon|spa|1
|
|-heal|p2b: Archaludon|71/100|[from] item: Leftovers
|upkeep
|turn|7
|
|t:|1785811580
|move|p1b: Kingambit|Sucker Punch|p2a: Lopunny
|-resisted|p2a: Lopunny|1
|-crit|p2a: Lopunny
|-damage|p2a: Lopunny|0 fnt
|faint|p2a: Lopunny
|move|p2b: Archaludon|Electro Shot|p1b: Kingambit|[from] lockedmove
|-damage|p1b: Kingambit|46/100
|move|p1a: Sinistcha|Life Dew|p1a: Sinistcha|[spread] p1a,p1b
|-heal|p1a: Sinistcha|52/100
|-heal|p1b: Kingambit|71/100
|
|-heal|p2b: Archaludon|77/100|[from] item: Leftovers
|upkeep
|turn|8
|
|t:|1785811600
|move|p2b: Archaludon|Dragon Pulse|p1a: Sinistcha
|-damage|p1a: Sinistcha|0 fnt
|faint|p1a: Sinistcha
|move|p1b: Kingambit|Swords Dance|p1b: Kingambit
|-boost|p1b: Kingambit|atk|2
|
|-heal|p2b: Archaludon|83/100|[from] item: Leftovers
|upkeep
|turn|9
|
|t:|1785811607
|move|p2b: Archaludon|Electro Shot||[still]
|-prepare|p2b: Archaludon|Electro Shot
|-boost|p2b: Archaludon|spa|1
|move|p1b: Kingambit|Swords Dance|p1b: Kingambit
|-boost|p1b: Kingambit|atk|2
|
|-heal|p2b: Archaludon|88/100|[from] item: Leftovers
|upkeep
|turn|10
|inactive|juanfer96livecom has 30 seconds left.
|
|t:|1785811634
|move|p1b: Kingambit|Sucker Punch|p2b: Archaludon
|-damage|p2b: Archaludon|30/100
|-ability|p2b: Archaludon|Stamina|boost
|-boost|p2b: Archaludon|def|1
|move|p2b: Archaludon|Electro Shot|p1b: Kingambit|[from] lockedmove
|-damage|p1b: Kingambit|0 fnt
|faint|p1b: Kingambit
|
|win|lanagram
|inactive|juanfer96livecom has 30 seconds to confirm battle start!
|inactive|lanagram has 30 seconds to confirm battle start!
|inactive|juanfer96livecom has 20 seconds to confirm battle start!
|inactive|lanagram has 20 seconds to confirm battle start!
