|j|☆Zacharykeith
|j|☆Rosarino
|html|ZacharykeithRosarino    
|uhtml|bestof|Game 2 of a best-of-3
|t:|1756253938
|gametype|doubles
|player|p1|Zacharykeith|fisherman-gen4|1049
|player|p2|Rosarino|drayden|1005
|gen|9
|tier|[Gen 9] VGC 2025 Reg H (Bo3)
|rated|
|rule|Species Clause: Limit one of each Pokémon
|rule|Item Clause: Limit 1 of each item
|clearpoke
|poke|p1|Ursaluna, L50, M|
|poke|p1|Cetitan, L50, M|
|poke|p1|Porygon2, L50|
|poke|p1|Incineroar, L50, M|
|poke|p1|Sinistcha, L50|
|poke|p1|Pikachu, L50, F|
|poke|p2|Whimsicott, L50, F|
|poke|p2|Typhlosion, L50, F|
|poke|p2|Rillaboom, L50, M|
|poke|p2|Sneasler, L50, F|
|poke|p2|Porygon2, L50|
|poke|p2|Chandelure, L50, F|
|teampreview|4
|showteam|p1|Ursaluna||FlameOrb|Guts|Facade,HeadlongRush,Earthquake,Protect|||M|||50|,,,,,Ghost]Cetitan||AssaultVest|SheerForce|IcicleCrash,IceShard,HighHorsepower,Liquidation|||M|||50|,,,,,Water]Porygon2||Eviolite|Trace|TeraBlast,IceBeam,TrickRoom,Recover||||||50|,,,,,Fighting]Incineroar||SafetyGoggles|Intimidate|FakeOut,KnockOff,PartingShot,FlareBlitz|||M|||50|,,,,,Ghost]Sinistcha||SitrusBerry|Hospitality|MatchaGotcha,RagePowder,LifeDew,TrickRoom||||||50|,,,,,Water]Pikachu||LightBall|LightningRod|Thunderbolt,VoltSwitch,Encore,Protect|||F|||50|,,,,,Electric
|showteam|p2|Whimsicott||FocusSash|Prankster|Endeavor,Protect,Tailwind,SunnyDay|||F|||50|,,,,,Ghost]Typhlosion||ChoiceSpecs|FlashFire|ScorchingSands,Eruption,Protect,LavaPlume|||F|||50|,,,,,Ground]Rillaboom||AssaultVest|GrassySurge|FakeOut,HighHorsepower,WoodHammer,GrassyGlide|||M|||50|,,,,,Poison]Sneasler||GrassySeed|Unburden|ThroatChop,Protect,DireClaw,CloseCombat|||F|||50|,,,,,Dark]Porygon2||Eviolite|Trace|TrickRoom,TeraBlast,Protect,IceBeam||||||50|,,,,,Ground]Chandelure||ChoiceScarf|FlashFire|HeatWave,DarkPulse,ShadowBall,Overheat|||F|||50|,,,,,Ghost
|
|t:|1756253961
|teamsize|p1|4
|teamsize|p2|4
|start
|switch|p1a: Cetitan|Cetitan, L50, M|100/100
|switch|p1b: Incineroar|Incineroar, L50, M|100/100
|switch|p2a: Rillaboom|Rillaboom, L50, M|100/100
|switch|p2b: Sneasler|Sneasler, L50, F|100/100
|-fieldstart|move: Grassy Terrain|[from] ability: Grassy Surge|[of] p2a: Rillaboom
|-enditem|p2b: Sneasler|Grassy Seed
|-boost|p2b: Sneasler|def|1|[from] item: Grassy Seed
|-ability|p1b: Incineroar|Intimidate|boost
|-unboost|p2a: Rillaboom|atk|1
|-unboost|p2b: Sneasler|atk|1
|turn|1
|
|t:|1756253979
|switch|p1a: Sinistcha|Sinistcha, L50|100/100
|-terastallize|p2a: Rillaboom|Poison
|move|p2b: Sneasler|Protect|p2b: Sneasler
|-singleturn|p2b: Sneasler|Protect
|move|p2a: Rillaboom|High Horsepower|p1b: Incineroar
|-supereffective|p1b: Incineroar
|-damage|p1b: Incineroar|60/100
|move|p1b: Incineroar|Flare Blitz|p2a: Rillaboom
|-damage|p2a: Rillaboom|49/100
|-damage|p1b: Incineroar|45/100|[from] Recoil
|
|-heal|p2a: Rillaboom|55/100|[from] Grassy Terrain
|-heal|p1b: Incineroar|51/100|[from] Grassy Terrain
|upkeep
|turn|2
|
|t:|1756254002
|-terastallize|p1a: Sinistcha|Water
|move|p2b: Sneasler|Throat Chop|p1a: Sinistcha
|-damage|p1a: Sinistcha|82/100
|-start|p1a: Sinistcha|Throat Chop|[silent]
|move|p2a: Rillaboom|High Horsepower|p1b: Incineroar
|-supereffective|p1b: Incineroar
|-damage|p1b: Incineroar|11/100
|move|p1b: Incineroar|Knock Off|p2a: Rillaboom
|-damage|p2a: Rillaboom|12/100
|-enditem|p2a: Rillaboom|Assault Vest|[from] move: Knock Off|[of] p1b: Incineroar
|move|p1a: Sinistcha|Trick Room|p1a: Sinistcha
|-fieldstart|move: Trick Room|[of] p1a: Sinistcha
|
|-heal|p1b: Incineroar|17/100|[from] Grassy Terrain
|-heal|p1a: Sinistcha|88/100|[from] Grassy Terrain
|-heal|p2a: Rillaboom|18/100|[from] Grassy Terrain
|upkeep
|turn|3
|
|t:|1756254037
|move|p2a: Rillaboom|Grassy Glide|p1a: Sinistcha
|-supereffective|p1a: Sinistcha
|-damage|p1a: Sinistcha|39/100
|-enditem|p1a: Sinistcha|Sitrus Berry|[eat]
|-heal|p1a: Sinistcha|64/100|[from] item: Sitrus Berry
|move|p1b: Incineroar|Flare Blitz|p2b: Sneasler
|-damage|p2b: Sneasler|36/100
|-damage|p1b: Incineroar|1/100|[from] Recoil
|move|p1a: Sinistcha|Matcha Gotcha|p2b: Sneasler|[spread] p2a,p2b
|-resisted|p2a: Rillaboom
|-resisted|p2b: Sneasler
|-damage|p2a: Rillaboom|0 fnt
|-heal|p1a: Sinistcha|73/100|[from] drain|[of] p2a: Rillaboom
|-damage|p2b: Sneasler|13/100
|-heal|p1a: Sinistcha|83/100|[from] drain|[of] p2b: Sneasler
|faint|p2a: Rillaboom
|move|p2b: Sneasler|Dire Claw|p1a: Sinistcha
|-damage|p1a: Sinistcha|57/100
|-status|p1a: Sinistcha|psn
|
|-heal|p1b: Incineroar|7/100|[from] Grassy Terrain
|-heal|p1a: Sinistcha|63/100 psn|[from] Grassy Terrain
|-heal|p2b: Sneasler|19/100|[from] Grassy Terrain
|-damage|p1a: Sinistcha|50/100 psn|[from] psn
|-end|p1a: Sinistcha|Throat Chop|[silent]
|upkeep
|inactive|Battle timer is ON: inactive players will automatically lose when time's up. (requested by Zacharykeith)
|
|t:|1756254067
|switch|p2a: Porygon2|Porygon2, L50|100/100
|-ability|p2a: Porygon2|Intimidate|Trace|[from] ability: Trace|[of] p1b: Incineroar
|-ability|p2a: Porygon2|Intimidate|boost
|-unboost|p1a: Sinistcha|atk|1
|-unboost|p1b: Incineroar|atk|1
|turn|4
|
|t:|1756254085
|move|p2b: Sneasler|Protect|p2b: Sneasler
|-singleturn|p2b: Sneasler|Protect
|move|p2a: Porygon2|Tera Blast|p1a: Sinistcha
|-damage|p1a: Sinistcha|16/100 psn
|move|p1b: Incineroar|Parting Shot|p2a: Porygon2
|-unboost|p2a: Porygon2|atk|1
|-unboost|p2a: Porygon2|spa|1
|
|t:|1756254095
|switch|p1b: Cetitan|Cetitan, L50, M|100/100|[from] Parting Shot
|move|p1a: Sinistcha|Matcha Gotcha|p2a: Porygon2|[spread] p2a
|-activate|p2b: Sneasler|move: Protect
|-damage|p2a: Porygon2|81/100
|-heal|p1a: Sinistcha|25/100 psn|[from] drain|[of] p2a: Porygon2
|
|-heal|p2a: Porygon2|87/100|[from] Grassy Terrain
|-heal|p1a: Sinistcha|32/100 psn|[from] Grassy Terrain
|-heal|p2b: Sneasler|24/100|[from] Grassy Terrain
|-damage|p1a: Sinistcha|19/100 psn|[from] psn
|upkeep
|turn|5
|inactive|Rosarino has 30 seconds left.
|
|t:|1756254122
|move|p2a: Porygon2|Tera Blast|p1a: Sinistcha
|-damage|p1a: Sinistcha|0 fnt
|faint|p1a: Sinistcha
|move|p1b: Cetitan|Liquidation|p2b: Sneasler
|-damage|p2b: Sneasler|0 fnt
|faint|p2b: Sneasler
|
|-heal|p2a: Porygon2|94/100|[from] Grassy Terrain
|-fieldend|move: Grassy Terrain
|upkeep
|
|t:|1756254133
|switch|p1a: Pikachu|Pikachu, L50, F|100/100
|switch|p2b: Chandelure|Chandelure, L50, F|100/100
|turn|6
|
|t:|1756254155
|move|p1a: Pikachu|Protect|p1a: Pikachu
|-singleturn|p1a: Pikachu|Protect
|move|p2a: Porygon2|Ice Beam|p1a: Pikachu
|-activate|p1a: Pikachu|move: Protect
|move|p1b: Cetitan|High Horsepower|p2b: Chandelure
|-supereffective|p2b: Chandelure
|-damage|p2b: Chandelure|0 fnt
|faint|p2b: Chandelure
|
|-fieldend|move: Trick Room
|upkeep
|turn|7
|
|t:|1756254178
|move|p1b: Cetitan|Ice Shard|p2a: Porygon2
|-damage|p2a: Porygon2|77/100
|move|p1a: Pikachu|Thunderbolt|p2a: Porygon2
|-damage|p2a: Porygon2|43/100
|move|p2a: Porygon2|Ice Beam|p1a: Pikachu
|-damage|p1a: Pikachu|48/100
|
|upkeep
|turn|8
|
|t:|1756254199
|move|p1b: Cetitan|Ice Shard|p2a: Porygon2
|-damage|p2a: Porygon2|24/100
|move|p1a: Pikachu|Thunderbolt|p2a: Porygon2
|-damage|p2a: Porygon2|0 fnt
|faint|p2a: Porygon2
|
|win|Zacharykeith
|raw|Zacharykeith's rating: 1049 → 1078(+29 for winning)
|raw|Rosarino's rating: 1005 → 1000(-5 for losing)
