|j|☆raksbach
|j|☆Piyonita
|html|raksbachPiyonita    
|uhtml|bestof|Game 3 of a best-of-3
|t:|1782471395
|gametype|doubles
|player|p1|raksbach|170|1085
|player|p2|Piyonita|maid|1000
|gen|9
|tier|[Gen 9 Champions] VGC 2026 Reg M-B (Bo3)
|rated|
|rule|Species Clause: Limit one of each Pokémon
|rule|Item Clause: Limit 1 of each item
|clearpoke
|poke|p1|Swampert, L50, F|
|poke|p1|Pelipper, L50, F|
|poke|p1|Archaludon, L50, F|
|poke|p1|Venusaur, L50, F|
|poke|p1|Gholdengo, L50|
|poke|p1|Grimmsnarl, L50, M|
|poke|p2|Politoed, L50, F|
|poke|p2|Sinistcha, L50|
|poke|p2|Archaludon, L50, M|
|poke|p2|Basculegion, L50, M|
|poke|p2|Gengar, L50, M|
|poke|p2|Incineroar, L50, F|
|teampreview|4
|showteam|p1|Swampert||Swampertite|Damp|WaveCrash,Earthquake,IcePunch,Protect|Adamant||F|||50|]Pelipper||SitrusBerry|Drizzle|Hurricane,WeatherBall,WideGuard,Tailwind|Bold||F|||50|]Archaludon||Leftovers|Stamina|DragonPulse,FlashCannon,ElectroShot,Protect|Modest||F|||50|]Venusaur||Venusaurite|Chlorophyll|SludgeBomb,GigaDrain,EarthPower,Protect|Modest||F|||50|]Gholdengo||LifeOrb|GoodasGold|MakeItRain,ShadowBall,NastyPlot,Protect|Timid|||||50|]Grimmsnarl||LightClay|Prankster|FoulPlay,Reflect,LightScreen,PartingShot|Careful||M|||50|
|showteam|p2|Politoed||SitrusBerry|Drizzle|PerishSong,WeatherBall,Protect,Encore|Calm||F|||50|]Sinistcha||FocusSash|Hospitality|RagePowder,MatchaGotcha,Protect,Scald|Timid|||||50|]Archaludon||Leftovers|Stamina|ElectroShot,DragonPulse,Protect,FlashCannon|Calm||M|||50|]Basculegion||MysticWater|SwiftSwim|FlipTurn,LastRespects,WaveCrash,Protect|Adamant||M|||50|]Gengar||Gengarite|CursedBody|Protect,SludgeBomb,Taunt,Thunder|Modest||M|||50|]Incineroar||ChopleBerry|Intimidate|FakeOut,PartingShot,Protect,ThroatChop|Sassy||F|||50|
|inactive|Battle timer is ON: inactive players will automatically lose when time's up. (requested by raksbach)
|inactive|Piyonita also wants the timer to be on.
|inactive|raksbach has 60 seconds left.
|inactive|Piyonita has 60 seconds left.
|
|t:|1782471440
|teamsize|p1|4
|teamsize|p2|4
|start
|switch|p1a: Swampert|Swampert, L50, F|100/100
|switch|p1b: Pelipper|Pelipper, L50, F|100/100
|switch|p2a: Archaludon|Archaludon, L50, M|100/100
|switch|p2b: Incineroar|Incineroar, L50, F|100/100
|-weather|RainDance|[from] ability: Drizzle|[of] p1b: Pelipper
|-ability|p2b: Incineroar|Intimidate|boost
|-unboost|p1a: Swampert|atk|1
|-unboost|p1b: Pelipper|atk|1
|turn|1
|inactive|raksbach has 30 seconds left.
|inactive|Piyonita has 30 seconds left.
|inactive|Piyonita has 20 seconds left.
|inactive|Piyonita has 15 seconds left.
|
|t:|1782471481
|switch|p1b: Archaludon|Archaludon, L50, F|100/100
|detailschange|p1a: Swampert|Swampert-Mega, L50, F
|-mega|p1a: Swampert|Swampert|Swampertite
|move|p2b: Incineroar|Fake Out|p1a: Swampert
|-damage|p1a: Swampert|89/100
|cant|p1a: Swampert|flinch
|move|p2a: Archaludon|Electro Shot||[still]
|-prepare|p2a: Archaludon|Electro Shot
|-boost|p2a: Archaludon|spa|1
|-anim|p2a: Archaludon|Electro Shot|p1b: Archaludon
|-resisted|p1b: Archaludon|1
|-damage|p1b: Archaludon|70/100
|-ability|p1b: Archaludon|Stamina|boost
|-boost|p1b: Archaludon|def|1
|
|-weather|RainDance|[upkeep]
|-heal|p1b: Archaludon|76/100|[from] item: Leftovers
|upkeep
|turn|2
|inactive|Piyonita has 30 seconds left.
|inactive|Piyonita has 20 seconds left.
|inactive|Piyonita has 15 seconds left.
|inactive|Piyonita has 10 seconds left.
|
|t:|1782471528
|switch|p2b: Politoed|Politoed, L50, F|100/100
|move|p1b: Archaludon|Protect|p1b: Archaludon
|-singleturn|p1b: Archaludon|Protect
|move|p1a: Swampert|Earthquake|p2a: Archaludon|[spread] p2a,p2b
|-activate|p1b: Archaludon|move: Protect
|-supereffective|p2a: Archaludon|1
|-damage|p2a: Archaludon|55/100
|-damage|p2b: Politoed|64/100
|-ability|p2a: Archaludon|Stamina|boost
|-boost|p2a: Archaludon|def|1
|move|p2a: Archaludon|Dragon Pulse|p1b: Archaludon
|-activate|p1b: Archaludon|move: Protect
|
|-weather|RainDance|[upkeep]
|-heal|p1b: Archaludon|82/100|[from] item: Leftovers
|-heal|p2a: Archaludon|61/100|[from] item: Leftovers
|upkeep
|turn|3
|inactive|raksbach has 30 seconds left.
|inactive|Piyonita has 30 seconds left.
|inactive|Piyonita has 20 seconds left.
|inactive|Piyonita has 15 seconds left.
|
|t:|1782471570
|switch|p1b: Pelipper|Pelipper, L50, F|100/100
|switch|p2b: Incineroar|Incineroar, L50, F|100/100
|-ability|p2b: Incineroar|Intimidate|boost
|-unboost|p1a: Swampert|atk|1
|-unboost|p1b: Pelipper|atk|1
|move|p2a: Archaludon|Protect|p2a: Archaludon
|-singleturn|p2a: Archaludon|Protect
|move|p1a: Swampert|Earthquake|p2b: Incineroar|[spread] p2b
|-activate|p2a: Archaludon|move: Protect
|-immune|p1b: Pelipper
|-supereffective|p2b: Incineroar|1
|-damage|p2b: Incineroar|55/100
|
|-weather|RainDance|[upkeep]
|-heal|p2a: Archaludon|67/100|[from] item: Leftovers
|upkeep
|turn|4
|inactive|raksbach has 30 seconds left.
|inactive|Piyonita has 30 seconds left.
|
|t:|1782471598
|switch|p1b: Archaludon|Archaludon, L50, F|82/100
|move|p1a: Swampert|Protect|p1a: Swampert
|-singleturn|p1a: Swampert|Protect
|move|p2b: Incineroar|Fake Out|p1a: Swampert
|-activate|p1a: Swampert|move: Protect
|move|p2a: Archaludon|Electro Shot||[still]
|-prepare|p2a: Archaludon|Electro Shot
|-boost|p2a: Archaludon|spa|1
|-anim|p2a: Archaludon|Electro Shot|p1b: Archaludon
|-resisted|p1b: Archaludon|1
|-damage|p1b: Archaludon|43/100
|-ability|p1b: Archaludon|Stamina|boost
|-boost|p1b: Archaludon|def|1
|
|-weather|RainDance|[upkeep]
|-heal|p1b: Archaludon|49/100|[from] item: Leftovers
|-heal|p2a: Archaludon|72/100|[from] item: Leftovers
|upkeep
|turn|5
|
|t:|1782471622
|switch|p1a: Pelipper|Pelipper, L50, F|100/100
|switch|p2b: Sinistcha|Sinistcha, L50|100/100
|-heal|p2a: Archaludon|97/100|[from] ability: Hospitality|[of] p2b: Sinistcha
|move|p1b: Archaludon|Protect|p1b: Archaludon
|-singleturn|p1b: Archaludon|Protect
|move|p2a: Archaludon|Dragon Pulse|p1b: Archaludon
|-activate|p1b: Archaludon|move: Protect
|
|-weather|none
|-heal|p1b: Archaludon|55/100|[from] item: Leftovers
|-heal|p2a: Archaludon|100/100|[from] item: Leftovers
|upkeep
|turn|6
|
|t:|1782471647
|switch|p1b: Swampert|Swampert-Mega, L50, F|89/100
|move|p2b: Sinistcha|Rage Powder|p2b: Sinistcha
|-singleturn|p2b: Sinistcha|move: Rage Powder
|move|p2a: Archaludon|Dragon Pulse|p1b: Swampert
|-damage|p1b: Swampert|17/100
|move|p1a: Pelipper|Tailwind|p1a: Pelipper
|-sidestart|p1: raksbach|move: Tailwind
|
|upkeep
|turn|7
|
|t:|1782471662
|move|p2a: Archaludon|Protect|p2a: Archaludon
|-singleturn|p2a: Archaludon|Protect
|move|p1b: Swampert|Earthquake|p2b: Sinistcha|[spread] p2b
|-activate|p2a: Archaludon|move: Protect
|-immune|p1a: Pelipper
|-resisted|p2b: Sinistcha|1
|-damage|p2b: Sinistcha|73/100
|move|p1a: Pelipper|Hurricane|p2b: Sinistcha
|-supereffective|p2b: Sinistcha|1
|-damage|p2b: Sinistcha|0 fnt
|faint|p2b: Sinistcha
|
|upkeep
|
|t:|1782471673
|switch|p2b: Incineroar|Incineroar, L50, F|55/100
|-ability|p2b: Incineroar|Intimidate|boost
|-unboost|p1a: Pelipper|atk|1
|-unboost|p1b: Swampert|atk|1
|turn|8
|inactive|Piyonita has 30 seconds left.
|inactive|raksbach has 30 seconds left.
|
|t:|1782471706
|switch|p1a: Gholdengo|Gholdengo, L50|100/100
|move|p2b: Incineroar|Fake Out|p2a: Archaludon
|-resisted|p2a: Archaludon|1
|-damage|p2a: Archaludon|97/100
|-ability|p2a: Archaludon|Stamina|boost
|-boost|p2a: Archaludon|def|1
|move|p1b: Swampert|Earthquake|p2a: Archaludon|[spread] p1a,p2a,p2b
|-supereffective|p1a: Gholdengo|1
|-supereffective|p2a: Archaludon|1
|-supereffective|p2b: Incineroar|1
|-damage|p1a: Gholdengo|28/100
|-damage|p2a: Archaludon|75/100
|-damage|p2b: Incineroar|1/100
|-ability|p2a: Archaludon|Stamina|boost
|-boost|p2a: Archaludon|def|1
|cant|p2a: Archaludon|flinch
|
|-heal|p2a: Archaludon|80/100|[from] item: Leftovers
|upkeep
|turn|9
|inactive|Piyonita has 30 seconds left.
|
|t:|1782471738
|switch|p2b: Politoed|Politoed, L50, F|64/100
|-weather|RainDance|[from] ability: Drizzle|[of] p2b: Politoed
|move|p1b: Swampert|Wave Crash|p2a: Archaludon
|-resisted|p2a: Archaludon|1
|-damage|p2a: Archaludon|69/100
|-ability|p2a: Archaludon|Stamina|boost
|-boost|p2a: Archaludon|def|1
|-damage|p1b: Swampert|13/100|[from] Recoil
|move|p1a: Gholdengo|Shadow Ball|p2a: Archaludon
|-damage|p2a: Archaludon|15/100
|-ability|p2a: Archaludon|Stamina|boost
|-boost|p2a: Archaludon|def|1
|-damage|p1a: Gholdengo|19/100|[from] item: Life Orb
|move|p2a: Archaludon|Electro Shot||[still]
|-prepare|p2a: Archaludon|Electro Shot
|-boost|p2a: Archaludon|spa|1
|-anim|p2a: Archaludon|Electro Shot|p1a: Gholdengo
|-damage|p1a: Gholdengo|0 fnt
|faint|p1a: Gholdengo
|
|-weather|RainDance|[upkeep]
|-heal|p2a: Archaludon|21/100|[from] item: Leftovers
|-sideend|p1: raksbach|move: Tailwind
|upkeep
|
|t:|1782471750
|switch|p1a: Pelipper|Pelipper, L50, F|100/100
|turn|10
|
|t:|1782471766
|move|p2a: Archaludon|Protect|p2a: Archaludon
|-singleturn|p2a: Archaludon|Protect
|move|p1b: Swampert|Earthquake|p2b: Politoed|[spread] p2b
|-activate|p2a: Archaludon|move: Protect
|-immune|p1a: Pelipper
|-damage|p2b: Politoed|29/100
|-enditem|p2b: Politoed|Sitrus Berry|[eat]
|-heal|p2b: Politoed|54/100|[from] item: Sitrus Berry
|move|p2b: Politoed|Weather Ball|p1b: Swampert
|-damage|p1b: Swampert|0 fnt
|faint|p1b: Swampert
|move|p1a: Pelipper|Hurricane|p2b: Politoed
|-damage|p2b: Politoed|28/100
|
|-weather|RainDance|[upkeep]
|-heal|p2a: Archaludon|27/100|[from] item: Leftovers
|upkeep
|
|t:|1782471780
|switch|p1b: Archaludon|Archaludon, L50, F|55/100
|turn|11
|inactive|Piyonita has 30 seconds left.
|
|t:|1782471808
|switch|p2a: Incineroar|Incineroar, L50, F|1/100
|-ability|p2a: Incineroar|Intimidate|boost
|-unboost|p1a: Pelipper|atk|1
|-unboost|p1b: Archaludon|atk|1
|move|p1b: Archaludon|Protect|p1b: Archaludon
|-singleturn|p1b: Archaludon|Protect
|move|p2b: Politoed|Perish Song|p2b: Politoed
|-start|p1a: Pelipper|perish3|[silent]
|-start|p1b: Archaludon|perish3|[silent]
|-start|p2a: Incineroar|perish3|[silent]
|-start|p2b: Politoed|perish3|[silent]
|-fieldactivate|move: Perish Song
|move|p1a: Pelipper|Hurricane|p2a: Incineroar
|-damage|p2a: Incineroar|0 fnt
|faint|p2a: Incineroar
|
|-weather|RainDance|[upkeep]
|-heal|p1b: Archaludon|61/100|[from] item: Leftovers
|-start|p1b: Archaludon|perish3
|-start|p2b: Politoed|perish3
|-start|p1a: Pelipper|perish3
|upkeep
|
|t:|1782471825
|switch|p2a: Archaludon|Archaludon, L50, M|27/100
|turn|12
|
|t:|1782471837
|move|p2b: Politoed|Protect|p2b: Politoed
|-singleturn|p2b: Politoed|Protect
|move|p1b: Archaludon|Dragon Pulse|p2a: Archaludon
|-damage|p2a: Archaludon|0 fnt
|faint|p2a: Archaludon
|move|p1a: Pelipper|Tailwind|p1a: Pelipper
|-sidestart|p1: raksbach|move: Tailwind
|
|-weather|RainDance|[upkeep]
|-heal|p1b: Archaludon|68/100|[from] item: Leftovers
|-start|p1b: Archaludon|perish2
|-start|p1a: Pelipper|perish2
|-start|p2b: Politoed|perish2
|upkeep
|turn|13
|
|t:|1782471844
|move|p2b: Politoed|Protect||[still]
|-fail|p2b: Politoed
|move|p1b: Archaludon|Electro Shot||[still]
|-prepare|p1b: Archaludon|Electro Shot
|-boost|p1b: Archaludon|spa|1
|-anim|p1b: Archaludon|Electro Shot|p2b: Politoed
|-supereffective|p2b: Politoed|1
|-damage|p2b: Politoed|0 fnt
|faint|p2b: Politoed
|
|win|raksbach
|raw|raksbach's rating: 1085 → 1106(+21 for winning)
|raw|Piyonita's rating: 1000 → 1000(+0 for losing)
