|j|☆nano jump
|j|☆Sincubii
|html|nano jumpSincubii    
|uhtml|bestof|Game 2 of a best-of-3
|t:|1757739929
|gametype|doubles
|player|p1|nano jump|steven-masters|1206
|player|p2|Sincubii|palmer|1109
|gen|9
|tier|[Gen 9] VGC 2025 Reg H (Bo3)
|rated|
|rule|Species Clause: Limit one of each Pokémon
|rule|Item Clause: Limit 1 of each item
|clearpoke
|poke|p1|Tyranitar, L50, M|
|poke|p1|Garchomp, L50, M|
|poke|p1|Gholdengo, L50|
|poke|p1|Kilowattrel, L50, F|
|poke|p1|Incineroar, L50, M|
|poke|p1|Amoonguss, L50, F|
|poke|p2|Weavile, L50, F|
|poke|p2|Weezing-Galar, L50, M|
|poke|p2|Tyranitar, L50, M|
|poke|p2|Toedscruel, L50, F|
|poke|p2|Dragonite, L50, F|
|poke|p2|Typhlosion-Hisui, L50, F|
|teampreview|4
|showteam|p1|Tyranitar||AssaultVest|SandStream|RockSlide,KnockOff,TeraBlast,LowKick|||M|||50|,,,,,Flying]Garchomp||LifeOrb|RoughSkin|Earthquake,StompingTantrum,DragonClaw,Protect|||M|||50|,,,,,Fire]Gholdengo||MetalCoat|GoodasGold|MakeItRain,ShadowBall,NastyPlot,Protect||||||50|,,,,,Flying]Kilowattrel||CovertCloak|Competitive|AirSlash,Tailwind,Thunderbolt,Protect|||F|||50|,,,,,Fairy]Incineroar||SafetyGoggles|Intimidate|FlareBlitz,KnockOff,FakeOut,PartingShot|||M|||50|,,,,,Grass]Amoonguss||SitrusBerry|Regenerator|Spore,RagePowder,PollenPuff,ClearSmog|||F|||50|,,,,,Psychic
|showteam|p2|Weavile||LifeOrb|Pressure|FakeOut,IceSpinner,KnockOff,LowKick|||F|||50|,,,,,Ghost]Weezing-Galar||SafetyGoggles|NeutralizingGas|StrangeSteam,WillOWisp,Taunt,Protect|||M|||50|,,,,,Fire]Tyranitar||AssaultVest|SandStream|KnockOff,RockSlide,TeraBlast,LowKick|||M|||50|,,,,,Flying]Toedscruel||CovertCloak|MyceliumMight|Spore,EarthPower,Protect,LeafStorm|||F|||50|,,,,,Poison]Dragonite||LoadedDice|InnerFocus|Protect,ScaleShot,Tailwind,IronHead|||F|||50|,,,,,Steel]Typhlosion-Hisui||ChoiceScarf|Blaze|Eruption,Flamethrower,ShadowBall,Overheat|||F|||50|,,,,,Fire
|inactive|Battle timer is ON: inactive players will automatically lose when time's up. (requested by nano jump)
|
|t:|1757739953
|teamsize|p1|4
|teamsize|p2|4
|start
|switch|p1a: Kilowattrel|Kilowattrel, L50, F|100/100
|switch|p1b: Incineroar|Incineroar, L50, M|100/100
|switch|p2a: Typhlosion|Typhlosion-Hisui, L50, F|100/100
|switch|p2b: Weavile|Weavile, L50, F|100/100
|-ability|p2b: Weavile|Pressure
|-ability|p1b: Incineroar|Intimidate|boost
|-unboost|p2a: Typhlosion|atk|1
|-unboost|p2b: Weavile|atk|1
|turn|1
|
|t:|1757739971
|switch|p1a: Tyranitar|Tyranitar, L50, M|100/100
|-weather|Sandstorm|[from] ability: Sand Stream|[of] p1a: Tyranitar
|-terastallize|p2a: Typhlosion|Fire
|move|p2b: Weavile|Fake Out|p1b: Incineroar
|-damage|p1b: Incineroar|89/100
|-damage|p2b: Weavile|91/100|[from] item: Life Orb
|move|p2a: Typhlosion|Eruption|p1a: Tyranitar|[spread] p1a,p1b
|-resisted|p1a: Tyranitar
|-resisted|p1b: Incineroar
|-damage|p1a: Tyranitar|86/100
|-damage|p1b: Incineroar|57/100
|cant|p1b: Incineroar|flinch
|
|-weather|Sandstorm|[upkeep]
|-damage|p2a: Typhlosion|94/100|[from] Sandstorm
|-damage|p2b: Weavile|85/100|[from] Sandstorm
|upkeep
|turn|2
|
|t:|1757739992
|switch|p1a: Garchomp|Garchomp, L50, M|100/100
|move|p2a: Typhlosion|Eruption|p1b: Incineroar|[spread] p1a,p1b
|-resisted|p1a: Garchomp
|-resisted|p1b: Incineroar
|-damage|p1a: Garchomp|61/100
|-damage|p1b: Incineroar|24/100
|move|p2b: Weavile|Low Kick|p1a: Garchomp
|-damage|p1a: Garchomp|40/100
|-damage|p2b: Weavile|72/100|[from] ability: Rough Skin|[of] p1a: Garchomp
|-damage|p2b: Weavile|63/100|[from] item: Life Orb
|move|p1b: Incineroar|Flare Blitz|p2b: Weavile
|-supereffective|p2b: Weavile
|-damage|p2b: Weavile|0 fnt
|faint|p2b: Weavile
|-damage|p1b: Incineroar|9/100|[from] Recoil
|
|-weather|Sandstorm|[upkeep]
|-damage|p2a: Typhlosion|88/100|[from] Sandstorm
|upkeep
|
|t:|1757740011
|switch|p2b: Big Boss|Dragonite, L50, F, shiny|100/100
|turn|3
|
|t:|1757740028
|move|p2a: Typhlosion|Eruption|p1b: Incineroar|[spread] p1a,p1b
|-resisted|p1a: Garchomp
|-crit|p1a: Garchomp
|-resisted|p1b: Incineroar
|-damage|p1a: Garchomp|0 fnt
|-damage|p1b: Incineroar|0 fnt
|faint|p1a: Garchomp
|faint|p1b: Incineroar
|move|p2b: Big Boss|Scale Shot|p1: Garchomp|[notarget]
|-fail|p2b: Big Boss
|
|-weather|Sandstorm|[upkeep]
|-damage|p2a: Typhlosion|82/100|[from] Sandstorm
|-damage|p2b: Big Boss|95/100|[from] Sandstorm
|upkeep
|
|t:|1757740031
|switch|p1a: Kilowattrel|Kilowattrel, L50, F|100/100
|switch|p1b: Tyranitar|Tyranitar, L50, M|86/100
|turn|4
|
|t:|1757740049
|move|p1a: Kilowattrel|Protect|p1a: Kilowattrel
|-singleturn|p1a: Kilowattrel|Protect
|move|p2a: Typhlosion|Eruption|p1a: Kilowattrel|[spread] p1b
|-activate|p1a: Kilowattrel|move: Protect
|-resisted|p1b: Tyranitar
|-damage|p1b: Tyranitar|75/100
|move|p2b: Big Boss|Scale Shot|p1a: Kilowattrel
|-activate|p1a: Kilowattrel|move: Protect
|move|p1b: Tyranitar|Rock Slide|p2b: Big Boss|[spread] p2a,p2b
|-supereffective|p2a: Typhlosion
|-supereffective|p2b: Big Boss
|-damage|p2a: Typhlosion|4/100
|-damage|p2b: Big Boss|34/100
|
|-weather|Sandstorm|[upkeep]
|-damage|p2a: Typhlosion|0 fnt|[from] Sandstorm
|-damage|p1a: Kilowattrel|94/100|[from] Sandstorm
|-damage|p2b: Big Boss|28/100|[from] Sandstorm
|faint|p2a: Typhlosion
|upkeep
|
|t:|1757740054
|switch|p2a: Weezing|Weezing-Galar, L50, M|100/100
|-ability|p2a: Weezing|Neutralizing Gas
|turn|5
|
|t:|1757740071
|-terastallize|p1a: Kilowattrel|Fairy
|move|p1a: Kilowattrel|Thunderbolt|p2a: Weezing
|-damage|p2a: Weezing|45/100
|-status|p2a: Weezing|par
|move|p2b: Big Boss|Iron Head|p1b: Tyranitar
|-supereffective|p1b: Tyranitar
|-damage|p1b: Tyranitar|20/100
|cant|p1b: Tyranitar|flinch
|cant|p2a: Weezing|par
|
|-weather|none
|upkeep
|turn|6
|
|t:|1757740095
|move|p2b: Big Boss|Protect|p2b: Big Boss
|-singleturn|p2b: Big Boss|Protect
|move|p1a: Kilowattrel|Thunderbolt|p2a: Weezing
|-damage|p2a: Weezing|0 fnt
|faint|p2a: Weezing
|-end|p2a: Weezing|ability: Neutralizing Gas
|-weather|Sandstorm|[from] ability: Sand Stream|[of] p1b: Tyranitar
|move|p1b: Tyranitar|Knock Off|p2b: Big Boss
|-activate|p2b: Big Boss|move: Protect
|
|-weather|Sandstorm|[upkeep]
|-damage|p1a: Kilowattrel|88/100|[from] Sandstorm
|-damage|p2b: Big Boss|22/100|[from] Sandstorm
|upkeep
|turn|7
|-message|Sincubii forfeited.
|
|win|nano jump
|raw|nano jump's rating: 1206 → 1224(+18 for winning)
|raw|Sincubii's rating: 1109 → 1091(-18 for losing)
|l|☆Sincubii
|player|p2|
|l|☆nano jump
|player|p1|
