|j|☆palle synchro
|j|☆MELTEUSE
|html|palle synchroMELTEUSE    
|uhtml|bestof|Game 3 of a best-of-3
|t:|1755188527
|gametype|doubles
|player|p1|palle synchro|volkner|1416
|player|p2|MELTEUSE|265|1338
|gen|9
|tier|[Gen 9] VGC 2025 Reg H (Bo3)
|rated|
|rule|Species Clause: Limit one of each Pokémon
|rule|Item Clause: Limit 1 of each item
|clearpoke
|poke|p1|Whimsicott, L50, M|
|poke|p1|Dragonite, L50, F|
|poke|p1|Indeedee, L50, M|
|poke|p1|Sneasler, L50, F|
|poke|p1|Ursaluna-Bloodmoon, L50, M|
|poke|p1|Archaludon, L50, M|
|poke|p2|Tyranitar, L50, F|
|poke|p2|Garchomp, L50, M|
|poke|p2|Amoonguss, L50, M|
|poke|p2|Kilowattrel, L50, F|
|poke|p2|Gholdengo, L50|
|poke|p2|Incineroar, L50, F|
|teampreview|4
|showteam|p1|Whimsicott||CovertCloak|Prankster|Moonblast,Taunt,Tailwind,FakeTears|||M|||50|,,,,,Water]Dragonite||LoadedDice|Multiscale|ScaleShot,StompingTantrum,Haze,Protect|||F|||50|,,,,,Steel]Indeedee||FocusSash|PsychicSurge|ExpandingForce,TeraBlast,Imprison,TrickRoom|||M|||50|,,,,,Psychic]Sneasler||PsychicSeed|Unburden|CloseCombat,DireClaw,ThroatChop,Protect|||F|||50|,,,,,Dark]Ursaluna-Bloodmoon||LifeOrb|MindsEye|HyperVoice,BloodMoon,EarthPower,Protect|||M|||50|,,,,,Normal]Archaludon||PowerHerb|Stalwart|ElectroShot,DragonPulse,Thunderbolt,Protect|||M|||50|,,,,,Electric
|showteam|p2|Tyranitar||AssaultVest|SandStream|KnockOff,TeraBlast,LowKick,RockSlide|||F|||50|,,,,,Flying]Garchomp||LifeOrb|RoughSkin|Protect,Earthquake,DragonClaw,StompingTantrum|||M|||50|,,,,,Steel]Amoonguss||SitrusBerry|Regenerator|Protect,Spore,RagePowder,SludgeBomb|||M|||50|,,,,,Water]Kilowattrel||FocusSash|Competitive|Protect,Thunderbolt,AirSlash,Tailwind|||F|||50|,,,,,Ghost]Gholdengo||MetalCoat|GoodasGold|Protect,MakeItRain,ShadowBall,NastyPlot||||||50|,,,,,Flying]Incineroar||SafetyGoggles|Intimidate|FakeOut,PartingShot,KnockOff,FlareBlitz|||F|||50|,,,,,Ghost
|inactive|Battle timer is ON: inactive players will automatically lose when time's up. (requested by MELTEUSE)
|inactive|MELTEUSE has 60 seconds left.
|
|t:|1755188559
|teamsize|p1|4
|teamsize|p2|4
|start
|switch|p1a: Ursaluna|Ursaluna-Bloodmoon, L50, M|100/100
|switch|p1b: Whimsicott|Whimsicott, L50, M|100/100
|switch|p2a: Kilowattrel|Kilowattrel, L50, F|100/100
|switch|p2b: Gholdengo|Gholdengo, L50|100/100
|turn|1
|
|t:|1755188575
|-terastallize|p1b: Whimsicott|Water
|move|p2b: Gholdengo|Protect|p2b: Gholdengo
|-singleturn|p2b: Gholdengo|Protect
|move|p2a: Kilowattrel|Tailwind|p2a: Kilowattrel
|-sidestart|p2: MELTEUSE|move: Tailwind
|move|p1b: Whimsicott|Moonblast|p2a: Kilowattrel
|-damage|p2a: Kilowattrel|51/100
|move|p1a: Ursaluna|Hyper Voice|p2a: Kilowattrel|[spread] p2a
|-activate|p2b: Gholdengo|move: Protect
|-damage|p2a: Kilowattrel|0 fnt
|faint|p2a: Kilowattrel
|-damage|p1a: Ursaluna|91/100|[from] item: Life Orb
|
|upkeep
|
|t:|1755188587
|switch|p2a: Garchomp|Garchomp, L50, M|100/100
|turn|2
|
|t:|1755188595
|-terastallize|p2b: Gholdengo|Flying
|move|p1a: Ursaluna|Protect|p1a: Ursaluna
|-singleturn|p1a: Ursaluna|Protect
|move|p1b: Whimsicott|Tailwind|p1b: Whimsicott
|-sidestart|p1: palle synchro|move: Tailwind
|move|p2a: Garchomp|Earthquake|p1b: Whimsicott|[spread] p1b
|-activate|p1a: Ursaluna|move: Protect
|-immune|p2b: Gholdengo
|-damage|p1b: Whimsicott|44/100
|-damage|p2a: Garchomp|91/100|[from] item: Life Orb
|move|p2b: Gholdengo|Make It Rain|p1a: Ursaluna|[spread] p1b
|-activate|p1a: Ursaluna|move: Protect
|-resisted|p1b: Whimsicott
|-damage|p1b: Whimsicott|9/100
|-unboost|p2b: Gholdengo|spa|1
|
|upkeep
|turn|3
|
|t:|1755188616
|move|p2a: Garchomp|Protect|p2a: Garchomp
|-singleturn|p2a: Garchomp|Protect
|move|p1b: Whimsicott|Moonblast|p2b: Gholdengo
|-damage|p2b: Gholdengo|76/100
|-unboost|p2b: Gholdengo|spa|1
|move|p2b: Gholdengo|Make It Rain|p1b: Whimsicott|[spread] p1a,p1b
|-resisted|p1b: Whimsicott
|-damage|p1a: Ursaluna|56/100
|-damage|p1b: Whimsicott|0 fnt
|-unboost|p2b: Gholdengo|spa|1
|faint|p1b: Whimsicott
|move|p1a: Ursaluna|Blood Moon|p2a: Garchomp
|-activate|p2a: Garchomp|move: Protect
|
|upkeep
|
|t:|1755188625
|switch|p1b: Indeedee|Indeedee, L50, M|100/100
|-fieldstart|move: Psychic Terrain|[from] ability: Psychic Surge|[of] p1b: Indeedee
|turn|4
|
|t:|1755188633
|move|p1a: Ursaluna|Protect|p1a: Ursaluna
|-singleturn|p1a: Ursaluna|Protect
|move|p2a: Garchomp|Earthquake|p1b: Indeedee|[spread] p1b
|-activate|p1a: Ursaluna|move: Protect
|-immune|p2b: Gholdengo
|-enditem|p1b: Indeedee|Focus Sash
|-damage|p1b: Indeedee|1/100
|-damage|p2a: Garchomp|81/100|[from] item: Life Orb
|move|p1b: Indeedee|Expanding Force|p2b: Gholdengo|[spread] p2a,p2b
|-damage|p2a: Garchomp|20/100
|-damage|p2b: Gholdengo|23/100
|move|p2b: Gholdengo|Make It Rain|p1a: Ursaluna|[spread] p1b
|-activate|p1a: Ursaluna|move: Protect
|-damage|p1b: Indeedee|0 fnt
|-unboost|p2b: Gholdengo|spa|1
|faint|p1b: Indeedee
|
|-sideend|p2: MELTEUSE|move: Tailwind
|upkeep
|
|t:|1755188646
|switch|p1b: Archaludon|Archaludon, L50, M|100/100
|turn|5
|
|t:|1755188654
|switch|p2b: Incineroar|Incineroar, L50, F|100/100
|-ability|p2b: Incineroar|Intimidate|boost
|-unboost|p1a: Ursaluna|atk|1
|-unboost|p1b: Archaludon|atk|1
|move|p2a: Garchomp|Protect|p2a: Garchomp
|-singleturn|p2a: Garchomp|Protect
|move|p1b: Archaludon|Dragon Pulse|p2a: Garchomp
|-activate|p2a: Garchomp|move: Protect
|move|p1a: Ursaluna|Hyper Voice|p2a: Garchomp|[spread] p2b
|-activate|p2a: Garchomp|move: Protect
|-damage|p2b: Incineroar|65/100
|-damage|p1a: Ursaluna|46/100|[from] item: Life Orb
|
|-sideend|p1: palle synchro|move: Tailwind
|upkeep
|turn|6
|
|t:|1755188679
|move|p2a: Garchomp|Earthquake|p1a: Ursaluna|[spread] p2b,p1a,p1b
|-supereffective|p2b: Incineroar
|-supereffective|p1b: Archaludon
|-damage|p2b: Incineroar|0 fnt
|-damage|p1a: Ursaluna|6/100
|-damage|p1b: Archaludon|7/100
|faint|p2b: Incineroar
|-damage|p2a: Garchomp|10/100|[from] item: Life Orb
|move|p1b: Archaludon|Dragon Pulse|p2a: Garchomp
|-supereffective|p2a: Garchomp
|-crit|p2a: Garchomp
|-damage|p2a: Garchomp|0 fnt
|faint|p2a: Garchomp
|move|p1a: Ursaluna|Hyper Voice|p2: Garchomp|[notarget]
|-fail|p1a: Ursaluna
|
|upkeep
|
|t:|1755188682
|switch|p2b: Gholdengo|Gholdengo, L50, tera:Flying|23/100
|turn|7
|
|t:|1755188688
|move|p1b: Archaludon|Thunderbolt|p2b: Gholdengo
|-supereffective|p2b: Gholdengo
|-damage|p2b: Gholdengo|0 fnt
|faint|p2b: Gholdengo
|
|win|palle synchro
|raw|palle synchro's rating: 1416 → 1432(+16 for winning)
|raw|MELTEUSE's rating: 1338 → 1322(-16 for losing)
