|j|☆JNEST
|j|☆saboyita
|html|JNESTsaboyita    
|uhtml|bestof|Game 2 of a best-of-3
|t:|1756333053
|gametype|doubles
|player|p1|JNEST|veteran-gen4|1166
|player|p2|saboyita|grimsley|1063
|gen|9
|tier|[Gen 9] VGC 2025 Reg H (Bo3)
|rated|
|rule|Species Clause: Limit one of each Pokémon
|rule|Item Clause: Limit 1 of each item
|clearpoke
|poke|p1|Weezing, L50, M|
|poke|p1|Indeedee, L50, M|
|poke|p1|Ursaluna-Bloodmoon, L50, M|
|poke|p1|Annihilape, L50, M|
|poke|p1|Tyranitar, L50, M|
|poke|p1|Corviknight, L50, M|
|poke|p2|Amoonguss, L50, M|
|poke|p2|Hydreigon, L50, F|
|poke|p2|Whimsicott, L50, F|
|poke|p2|Maushold-Four, L50|
|poke|p2|Annihilape, L50, F|
|poke|p2|Ursaluna-Bloodmoon, L50, M|
|teampreview|4
|showteam|p1|Weezing||SitrusBerry|NeutralizingGas|Protect,Taunt,WillOWisp,SludgeBomb|||M|||50|,,,,,Ghost]Indeedee||ChoiceScarf|PsychicSurge|ExpandingForce,TeraBlast,Trick,HyperVoice|||M|||50|,,,,,Fighting]Ursaluna-Bloodmoon||LifeOrb|MindsEye|Protect,HyperVoice,EarthPower,BloodMoon|||M|||50|,,,,,Normal]Annihilape||SafetyGoggles|Defiant|Taunt,RageFist,CloseCombat,FinalGambit|||M|||50|,,,,,Fairy]Tyranitar||AssaultVest|SandStream|RockSlide,KnockOff,TeraBlast,LowKick|||M|||50|,,,,,Flying]Corviknight||Leftovers|MirrorArmor|BraveBird,Tailwind,Roost,BulkUp|||M|||50|,,,,,Dragon
|showteam|p2|Amoonguss||MentalHerb|Regenerator|ClearSmog,Spore,RagePowder,Protect|||M|||50|,,,,,Water]Hydreigon||ChoiceSpecs|Levitate|Snarl,HeatWave,DarkPulse,DracoMeteor|||F|||50|,,,,,Ghost]Whimsicott||CovertCloak|Prankster|BeatUp,Encore,HelpingHand,Tailwind|||F|||50|,,,,,Dark]Maushold-Four||WideLens|Technician|PopulationBomb,Taunt,FollowMe,Protect||||||50|,,,,,Ghost]Annihilape||Leftovers|Defiant|RageFist,CloseCombat,FinalGambit,Protect|||F|||50|,,,,,Water]Ursaluna-Bloodmoon||LifeOrb|MindsEye|HyperVoice,EarthPower,BloodMoon,Protect|||M|||50|,,,,,Water
|inactive|Battle timer is ON: inactive players will automatically lose when time's up. (requested by saboyita)
|inactive|JNEST also wants the timer to be on.
|
|t:|1756333083
|teamsize|p1|4
|teamsize|p2|4
|start
|switch|p1a: Weezing|Weezing, L50, M|100/100
|switch|p1b: Annihilape|Annihilape, L50, M|100/100
|switch|p2a: Hydreigon|Hydreigon, L50, F|100/100
|switch|p2b: Whimsicott|Whimsicott, L50, F|100/100
|-ability|p1a: Weezing|Neutralizing Gas
|turn|1
|inactive|saboyita has 30 seconds left.
|inactive|saboyita has 20 seconds left.
|
|t:|1756333119
|-terastallize|p1b: Annihilape|Fairy
|-terastallize|p2a: Hydreigon|Ghost
|move|p2b: Whimsicott|Helping Hand|p2a: Hydreigon
|-singleturn|p2a: Hydreigon|Helping Hand|[of] p2b: Whimsicott
|move|p1b: Annihilape|Taunt|p2b: Whimsicott
|-start|p2b: Whimsicott|move: Taunt
|move|p2a: Hydreigon|Heat Wave|p1b: Annihilape|[spread] p1a,p1b
|-damage|p1a: Weezing|44/100
|-damage|p1b: Annihilape|50/100
|-enditem|p1a: Weezing|Sitrus Berry|[eat]
|-heal|p1a: Weezing|69/100|[from] item: Sitrus Berry
|move|p1a: Weezing|Sludge Bomb|p2a: Hydreigon
|-resisted|p2a: Hydreigon
|-damage|p2a: Hydreigon|85/100
|-status|p2a: Hydreigon|psn
|
|-damage|p2a: Hydreigon|73/100 psn|[from] psn
|upkeep
|turn|2
|inactive|saboyita has 30 seconds left.
|inactive|saboyita has 20 seconds left.
|
|t:|1756333159
|switch|p2b: Annihilape|Annihilape, L50, F|100/100
|switch|p2a: Ursaluna|Ursaluna-Bloodmoon, L50, M|100/100
|move|p1b: Annihilape|Rage Fist|p2a: Ursaluna
|-immune|p2a: Ursaluna
|move|p1a: Weezing|Sludge Bomb|p2b: Annihilape
|-resisted|p2b: Annihilape
|-damage|p2b: Annihilape|87/100
|-status|p2b: Annihilape|psn
|
|-heal|p2b: Annihilape|93/100 psn|[from] item: Leftovers
|-damage|p2b: Annihilape|81/100 psn|[from] psn
|upkeep
|turn|3
|inactive|saboyita has 30 seconds left.
|
|t:|1756333191
|move|p1a: Weezing|Protect|p1a: Weezing
|-singleturn|p1a: Weezing|Protect
|move|p1b: Annihilape|Close Combat|p2a: Ursaluna
|-supereffective|p2a: Ursaluna
|-damage|p2a: Ursaluna|30/100
|-unboost|p1b: Annihilape|def|1
|-unboost|p1b: Annihilape|spd|1
|move|p2b: Annihilape|Rage Fist|p1b: Annihilape
|-damage|p1b: Annihilape|0 fnt
|faint|p1b: Annihilape
|move|p2a: Ursaluna|Blood Moon|p1a: Weezing
|-activate|p1a: Weezing|move: Protect
|
|-heal|p2b: Annihilape|87/100 psn|[from] item: Leftovers
|-damage|p2b: Annihilape|75/100 psn|[from] psn
|upkeep
|
|t:|1756333202
|switch|p1b: Indeedee|Indeedee, L50, M|100/100
|turn|4
|inactive|saboyita has 30 seconds left.
|
|t:|1756333231
|-end|p1a: Weezing|ability: Neutralizing Gas
|-fieldstart|move: Psychic Terrain|[from] ability: Psychic Surge|[of] p1b: Indeedee
|switch|p1a: Corviknight|Corviknight, L50, M|100/100
|move|p2b: Annihilape|Protect|p2b: Annihilape
|-singleturn|p2b: Annihilape|Protect
|move|p1b: Indeedee|Expanding Force|p2a: Ursaluna|[spread] p2a
|-activate|p2b: Annihilape|move: Protect
|-damage|p2a: Ursaluna|0 fnt
|faint|p2a: Ursaluna
|
|-heal|p2b: Annihilape|81/100 psn|[from] item: Leftovers
|-damage|p2b: Annihilape|69/100 psn|[from] psn
|upkeep
|inactive|saboyita has 30 seconds left.
|inactive|saboyita has 20 seconds left.
|
|t:|1756333267
|switch|p2a: Whimsicott|Whimsicott, L50, F|100/100
|turn|5
|
|t:|1756333284
|switch|p1a: Weezing|Weezing, L50, M|69/100
|-ability|p1a: Weezing|Neutralizing Gas
|move|p1b: Indeedee|Expanding Force|p2b: Annihilape|[spread] p2a,p2b
|-supereffective|p2b: Annihilape
|-damage|p2a: Whimsicott|21/100
|-damage|p2b: Annihilape|0 fnt
|faint|p2b: Annihilape
|move|p2a: Whimsicott|Tailwind|p2a: Whimsicott
|-sidestart|p2: saboyita|move: Tailwind
|
|upkeep
|
|t:|1756333293
|switch|p2b: Hydreigon|Hydreigon, L50, F, tera:Ghost|73/100 psn
|turn|6
|
|t:|1756333315
|move|p2a: Whimsicott|Helping Hand|p2b: Hydreigon
|-singleturn|p2b: Hydreigon|Helping Hand|[of] p2a: Whimsicott
|move|p2b: Hydreigon|Heat Wave|p1a: Weezing|[spread] p1a,p1b
|-damage|p1a: Weezing|17/100
|-damage|p1b: Indeedee|17/100
|move|p1b: Indeedee|Expanding Force|p2a: Whimsicott|[spread] p2a,p2b
|-damage|p2a: Whimsicott|0 fnt
|-damage|p2b: Hydreigon|4/100 psn
|faint|p2a: Whimsicott
|move|p1a: Weezing|Sludge Bomb|p2b: Hydreigon
|-resisted|p2b: Hydreigon
|-damage|p2b: Hydreigon|0 fnt
|faint|p2b: Hydreigon
|
|win|JNEST
||saboyita is ready for game 3.
|inactive|JNEST has 30 seconds to confirm battle start!
||JNEST is ready for game 3.
|uhtml|next|Next: Game 3 of 3
