|j|☆TreyBayBay
|j|☆Feedofish
|html|TreyBayBayFeedofish    
|uhtml|bestof|Game 2 of a best-of-3
|t:|1757689350
|gametype|doubles
|player|p1|TreyBayBay|ninjaboy|1136
|player|p2|Feedofish|juggler|1032
|gen|9
|tier|[Gen 9] VGC 2025 Reg H (Bo3)
|rated|
|rule|Species Clause: Limit one of each Pokémon
|rule|Item Clause: Limit 1 of each item
|clearpoke
|poke|p1|Ninetales-Alola, L50, F|
|poke|p1|Farigiraf, L50, F|
|poke|p1|Sneasler, L50, M|
|poke|p1|Incineroar, L50, M|
|poke|p1|Archaludon, L50, M|
|poke|p1|Hydreigon, L50, M|
|poke|p2|Porygon2, L50|
|poke|p2|Swampert, L50, M|
|poke|p2|Garganacl, L50, M|
|poke|p2|Dragonite, L50, M|
|poke|p2|Volcarona, L50, F|
|poke|p2|Annihilape, L50, M|
|teampreview|4
|showteam|p1|Ninetales-Alola||LightClay|SnowWarning|Protect,Blizzard,Moonblast,AuroraVeil|||F|||50|,,,,,Ghost]Farigiraf||ThroatSpray|ArmorTail|ExpandingForce,HyperVoice,TrickRoom,Imprison|||F|||50|,,,,,Fairy]Sneasler||FocusSash|PoisonTouch|FakeOut,DireClaw,CloseCombat,Taunt|||M|||50|,,,,,Stellar]Incineroar||SafetyGoggles|Intimidate|FakeOut,FlareBlitz,KnockOff,WillOWisp|||M|||50|,,,,,Ghost]Archaludon||AssaultVest|Stamina|DracoMeteor,FlashCannon,BodyPress,Snarl|||M|||50|,,,,,Bug]Hydreigon||CovertCloak|Levitate|DarkPulse,EarthPower,NastyPlot,Tailwind|||M|||50|,,,,,Ghost
|showteam|p2|Porygon2||Eviolite|Download|Thunderbolt,IceBeam,TriAttack,Recover||||||50|,,,,,Normal]Swampert||Leftovers|Torrent|HydroPump,EarthPower,IcyWind,WideGuard|||M|||50|,,,,,Fire]Garganacl||RockyHelmet|PurifyingSalt|SaltCure,BodyPress,IronDefense,Recover|||M|||50|,,,,,Ghost]Dragonite||LifeOrb|InnerFocus|ExtremeSpeed,ScaleShot,StompingTantrum,Protect|||M|||50|,,,,,Normal]Volcarona||ClearAmulet|FlameBody|FieryDance,GigaDrain,QuiverDance,Protect|||F|||50|,,,,,Grass]Annihilape||AssaultVest|Defiant|RageFist,DrainPunch,PoisonJab,PhantomForce|||M|||50|,,,,,Fairy
|
|t:|1757689379
|teamsize|p1|4
|teamsize|p2|4
|start
|switch|p1a: Hydreigon|Hydreigon, L50, M, shiny|100/100
|switch|p1b: Sneasler|Sneasler, L50, M|100/100
|switch|p2a: Dragonite|Dragonite, L50, M|100/100
|switch|p2b: Annihilape|Annihilape, L50, M|100/100
|turn|1
|
|t:|1757689402
|move|p1b: Sneasler|Dire Claw|p2a: Dragonite
|-damage|p2a: Dragonite|57/100
|move|p1a: Hydreigon|Nasty Plot|p1a: Hydreigon
|-boost|p1a: Hydreigon|spa|2
|move|p2b: Annihilape|Poison Jab|p1a: Hydreigon
|-damage|p1a: Hydreigon|78/100
|move|p2a: Dragonite|Scale Shot|p1a: Hydreigon
|-supereffective|p1a: Hydreigon
|-damage|p1a: Hydreigon|42/100
|-supereffective|p1a: Hydreigon
|-damage|p1a: Hydreigon|1/100
|-supereffective|p1a: Hydreigon
|-damage|p1a: Hydreigon|0 fnt
|faint|p1a: Hydreigon
|-hitcount|p1: Hydreigon|3
|-unboost|p2a: Dragonite|def|1
|-boost|p2a: Dragonite|spe|1
|-damage|p2a: Dragonite|47/100|[from] item: Life Orb
|
|upkeep
|
|t:|1757689419
|switch|p1a: Ninetales|Ninetales-Alola, L50, F, shiny|100/100
|-weather|Snowscape|[from] ability: Snow Warning|[of] p1a: Ninetales
|turn|2
|
|t:|1757689443
|-terastallize|p2a: Dragonite|Normal
|move|p2a: Dragonite|Extreme Speed|p1a: Ninetales
|-damage|p1a: Ninetales|42/100
|-damage|p2a: Dragonite|37/100|[from] item: Life Orb
|move|p1b: Sneasler|Dire Claw|p2a: Dragonite
|-damage|p2a: Dragonite|0 fnt
|faint|p2a: Dragonite
|move|p1a: Ninetales|Aurora Veil|p1a: Ninetales
|-sidestart|p1: TreyBayBay|move: Aurora Veil
|move|p2b: Annihilape|Poison Jab|p1a: Ninetales
|-supereffective|p1a: Ninetales
|-damage|p1a: Ninetales|13/100
|
|-weather|Snowscape|[upkeep]
|upkeep
|
|t:|1757689461
|switch|p2a: Swampert|Swampert, L50, M|100/100
|turn|3
|
|t:|1757689468
|move|p2a: Swampert|Wide Guard|p2a: Swampert
|-singleturn|p2a: Swampert|Wide Guard
|move|p1b: Sneasler|Dire Claw|p2b: Annihilape
|-resisted|p2b: Annihilape
|-damage|p2b: Annihilape|84/100
|move|p1a: Ninetales|Moonblast|p2b: Annihilape
|-supereffective|p2b: Annihilape
|-damage|p2b: Annihilape|45/100
|-unboost|p2b: Annihilape|spa|1
|-ability|p2b: Annihilape|Defiant|boost
|-boost|p2b: Annihilape|atk|2
|move|p2b: Annihilape|Poison Jab|p1a: Ninetales
|-supereffective|p1a: Ninetales
|-damage|p1a: Ninetales|0 fnt
|faint|p1a: Ninetales
|
|-weather|Snowscape|[upkeep]
|upkeep
|
|t:|1757689483
|switch|p1a: Archaludon|Archaludon, L50, M, shiny|100/100
|turn|4
|
|t:|1757689498
|-terastallize|p1b: Sneasler|Stellar
|move|p1b: Sneasler|Dire Claw|p2b: Annihilape
|-resisted|p2b: Annihilape
|-damage|p2b: Annihilape|21/100
|-status|p2b: Annihilape|par
|move|p1a: Archaludon|Draco Meteor|p2b: Annihilape
|-damage|p2b: Annihilape|0 fnt
|-unboost|p1a: Archaludon|spa|2
|faint|p2b: Annihilape
|move|p2a: Swampert|Icy Wind|p1a: Archaludon|[spread] p1a,p1b
|-damage|p1a: Archaludon|96/100
|-damage|p1b: Sneasler|91/100
|-unboost|p1a: Archaludon|spe|1
|-unboost|p1b: Sneasler|spe|1
|-ability|p1a: Archaludon|Stamina|boost
|-boost|p1a: Archaludon|def|1
|
|-weather|Snowscape|[upkeep]
|upkeep
|
|t:|1757689508
|switch|p2b: Porygon2|Porygon2, L50|100/100
|-ability|p2b: Porygon2|Download|boost
|-boost|p2b: Porygon2|spa|1
|turn|5
|
|t:|1757689529
|move|p1b: Sneasler|Close Combat|p2b: Porygon2
|-supereffective|p2b: Porygon2
|-damage|p2b: Porygon2|0 fnt
|-unboost|p1b: Sneasler|def|1
|-unboost|p1b: Sneasler|spd|1
|faint|p2b: Porygon2
|move|p2a: Swampert|Earth Power|p1a: Archaludon
|-supereffective|p1a: Archaludon
|-damage|p1a: Archaludon|67/100
|-ability|p1a: Archaludon|Stamina|boost
|-boost|p1a: Archaludon|def|1
|move|p1a: Archaludon|Snarl|p2a: Swampert
|-damage|p2a: Swampert|93/100
|-unboost|p2a: Swampert|spa|1
|
|-weather|Snowscape|[upkeep]
|-heal|p2a: Swampert|98/100|[from] item: Leftovers
|upkeep
|turn|6
|
|t:|1757689546
|move|p1b: Sneasler|Dire Claw|p2a: Swampert
|-resisted|p2a: Swampert
|-damage|p2a: Swampert|80/100
|-status|p2a: Swampert|psn
|move|p2a: Swampert|Icy Wind|p1b: Sneasler|[spread] p1a,p1b
|-crit|p1b: Sneasler
|-damage|p1a: Archaludon|64/100
|-damage|p1b: Sneasler|59/100
|-unboost|p1a: Archaludon|spe|1
|-unboost|p1b: Sneasler|spe|1
|-ability|p1a: Archaludon|Stamina|boost
|-boost|p1a: Archaludon|def|1
|move|p1a: Archaludon|Body Press|p2a: Swampert
|-damage|p2a: Swampert|33/100 psn
|
|-weather|none
|-heal|p2a: Swampert|39/100 psn|[from] item: Leftovers
|-damage|p2a: Swampert|27/100 psn|[from] psn
|upkeep
|turn|7
|
|t:|1757689563
|move|p1b: Sneasler|Close Combat|p2a: Swampert
|-damage|p2a: Swampert|0 fnt
|-unboost|p1b: Sneasler|def|1
|-unboost|p1b: Sneasler|spd|1
|faint|p2a: Swampert
|
|win|TreyBayBay
|raw|TreyBayBay's rating: 1136 → 1154(+18 for winning)
|raw|Feedofish's rating: 1032 → 1022(-10 for losing)
|l|☆Feedofish
|player|p2|
