|j|☆Quilavaflare
|j|☆Colonelpaco
|html|QuilavaflareColonelpaco    
|uhtml|bestof|Game 1 of a best-of-3
|t:|1757816573
|gametype|doubles
|player|p1|Quilavaflare|liza|1107
|player|p2|Colonelpaco|worker-gen4|1123
|gen|9
|tier|[Gen 9] VGC 2025 Reg H (Bo3)
|rated|
|rule|Species Clause: Limit one of each Pokémon
|rule|Item Clause: Limit 1 of each item
|clearpoke
|poke|p1|Typhlosion-Hisui, L50, M|
|poke|p1|Torkoal, L50, F|
|poke|p1|Ursaluna, L50, F|
|poke|p1|Whimsicott, L50, F|
|poke|p1|Lilligant-Hisui, L50, F|
|poke|p1|Farigiraf, L50, M|
|poke|p2|Sneasler, L50, F|
|poke|p2|Dragapult, L50, M|
|poke|p2|Primarina, L50, M|
|poke|p2|Rillaboom, L50, F|
|poke|p2|Kingambit, L50, F|
|poke|p2|Magmar, L50, M|
|teampreview|4
|showteam|p1|Typhlosion-Hisui||ChoiceSpecs|Blaze|Eruption,ShadowBall,HeatWave,Flamethrower|||M|||50|,,,,,Fire]Torkoal||Charcoal|Drought|Protect,Eruption,EarthPower,WillOWisp|||F|||50|,,,,,Grass]Ursaluna||FlameOrb|Guts|Protect,Facade,HeadlongRush,Earthquake|||F|||50|,,,,,Ghost]Whimsicott||FocusSash|Prankster|Protect,Moonblast,SunnyDay,Tailwind|||F|||50|,,,,,Dark]Lilligant-Hisui||ClearAmulet|Chlorophyll|Protect,LeafBlade,CloseCombat,AfterYou|||F|||50|,,,,,Stellar]Farigiraf||MentalHerb|ArmorTail|Protect,TwinBeam,DazzlingGleam,TrickRoom|||M|||50|,,,,,Fairy
|showteam|p2|Sneasler||FocusSash|Unburden|CloseCombat,DireClaw,FakeOut,Protect|||F|||50|,,,,,Stellar]Dragapult||ChoiceBand|ClearBody|DragonDarts,TeraBlast,PhantomForce,Uturn|||M|||50|,,,,,Ghost]Primarina||ThroatSpray|LiquidVoice|HyperVoice,Moonblast,Haze,Protect|||M|||50|,,,,,Poison]Rillaboom||AssaultVest|GrassySurge|WoodHammer,GrassyGlide,HighHorsepower,FakeOut|||F|||50|,,,,,Fire]Kingambit||BlackGlasses|Defiant|KowtowCleave,SuckerPunch,SwordsDance,Protect|||F|||50|,,,,,Ghost]Magmar||Eviolite|VitalSpirit|Overheat,WillOWisp,FollowMe,Protect|||M|||50|,,,,,Ghost
|inactive|Battle timer is ON: inactive players will automatically lose when time's up. (requested by Colonelpaco)
|inactive|Quilavaflare has 60 seconds left.
|inactive|Colonelpaco has 60 seconds left.
|inactive|Quilavaflare has 30 seconds left.
|inactive|Quilavaflare has 20 seconds left.
|inactive|Quilavaflare has 15 seconds left.
|inactive|Quilavaflare has 10 seconds left.
|
|t:|1757816656
|teamsize|p1|4
|teamsize|p2|4
|start
|switch|p1a: Cinder|Typhlosion-Hisui, L50, M|100/100
|switch|p1b: Whimmy|Whimsicott, L50, F|100/100
|switch|p2a: Sneasler|Sneasler, L50, F|100/100
|switch|p2b: Kingambit|Kingambit, L50, F|100/100
|turn|1
|inactive|Quilavaflare has 30 seconds left.
|inactive|Colonelpaco has 30 seconds left.
|inactive|Quilavaflare has 20 seconds left.
|
|t:|1757816693
|switch|p1b: Harry Hippo|Farigiraf, L50, M|100/100
|move|p2b: Kingambit|Protect|p2b: Kingambit
|-singleturn|p2b: Kingambit|Protect
|move|p2a: Sneasler|Dire Claw|p1b: Harry Hippo
|-damage|p1b: Harry Hippo|70/100
|-status|p1b: Harry Hippo|slp
|move|p1a: Cinder|Eruption|p2a: Sneasler|[spread] p2a
|-activate|p2b: Kingambit|move: Protect
|-enditem|p2a: Sneasler|Focus Sash
|-damage|p2a: Sneasler|1/100
|
|upkeep
|turn|2
|inactive|Quilavaflare has 30 seconds left.
|inactive|Colonelpaco has 30 seconds left.
|inactive|Quilavaflare has 20 seconds left.
|inactive|Quilavaflare has 15 seconds left.
|inactive|Quilavaflare has 10 seconds left.
|
|t:|1757816740
|move|p2a: Sneasler|Protect|p2a: Sneasler
|-singleturn|p2a: Sneasler|Protect
|cant|p1b: Harry Hippo|slp
|move|p1a: Cinder|Eruption|p2a: Sneasler|[spread] p2b
|-activate|p2a: Sneasler|move: Protect
|-supereffective|p2b: Kingambit
|-damage|p2b: Kingambit|0 fnt
|faint|p2b: Kingambit
|
|upkeep
|
|t:|1757816750
|switch|p2b: Primarina|Primarina, L50, M|100/100
|turn|3
|inactive|Quilavaflare has 30 seconds left.
|inactive|Quilavaflare has 20 seconds left.
|
|t:|1757816789
|move|p2a: Sneasler|Dire Claw|p1a: Cinder
|-resisted|p1a: Cinder
|-damage|p1a: Cinder|70/100
|-status|p1a: Cinder|psn
|move|p1a: Cinder|Eruption|p2b: Primarina|[spread] p2a,p2b
|-resisted|p2b: Primarina
|-damage|p2a: Sneasler|0 fnt
|-damage|p2b: Primarina|78/100
|faint|p2a: Sneasler
|move|p2b: Primarina|Hyper Voice|p1b: Harry Hippo|[spread] p1a,p1b
|-supereffective|p1a: Cinder
|-crit|p1a: Cinder
|-damage|p1a: Cinder|0 fnt
|-damage|p1b: Harry Hippo|36/100 slp
|faint|p1a: Cinder
|-enditem|p2b: Primarina|Throat Spray
|-boost|p2b: Primarina|spa|1|[from] item: Throat Spray
|cant|p1b: Harry Hippo|slp
|
|upkeep
|inactive|Quilavaflare has 30 seconds left.
|
|t:|1757816816
|switch|p2a: Magmar|Magmar, L50, M|100/100
|switch|p1a: Tokin|Torkoal, L50, F|100/100
|-weather|SunnyDay|[from] ability: Drought|[of] p1a: Tokin
|turn|4
|inactive|Quilavaflare has 30 seconds left.
|
|t:|1757816851
|-terastallize|p1a: Tokin|Grass
|move|p2a: Magmar|Protect|p2a: Magmar
|-singleturn|p2a: Magmar|Protect
|move|p2b: Primarina|Hyper Voice|p1a: Tokin|[spread] p1a,p1b
|-resisted|p1a: Tokin
|-damage|p1a: Tokin|85/100
|-damage|p1b: Harry Hippo|14/100 slp
|cant|p1b: Harry Hippo|slp
|move|p1a: Tokin|Eruption|p2b: Primarina|[spread] p2b
|-activate|p2a: Magmar|move: Protect
|-resisted|p2b: Primarina
|-damage|p2b: Primarina|45/100
|
|-weather|SunnyDay|[upkeep]
|upkeep
|turn|5
|inactive|Quilavaflare has 30 seconds left.
|
|t:|1757816881
|move|p1a: Tokin|Protect|p1a: Tokin
|-singleturn|p1a: Tokin|Protect
|move|p2a: Magmar|Overheat|p1a: Tokin
|-activate|p1a: Tokin|move: Protect
|move|p2b: Primarina|Hyper Voice|p1b: Harry Hippo|[spread] p1b
|-activate|p1a: Tokin|move: Protect
|-damage|p1b: Harry Hippo|0 fnt
|faint|p1b: Harry Hippo
|
|-weather|SunnyDay|[upkeep]
|upkeep
|
|t:|1757816891
|switch|p1b: Whimmy|Whimsicott, L50, F|100/100
|turn|6
|inactive|Quilavaflare has 30 seconds left.
|
|t:|1757816921
|move|p1b: Whimmy|Tailwind|p1b: Whimmy
|-sidestart|p1: Quilavaflare|move: Tailwind
|move|p2a: Magmar|Overheat|p1a: Tokin
|-supereffective|p1a: Tokin
|-damage|p1a: Tokin|0 fnt
|-unboost|p2a: Magmar|spa|2
|faint|p1a: Tokin
|move|p2b: Primarina|Moonblast|p1b: Whimmy
|-enditem|p1b: Whimmy|Focus Sash
|-damage|p1b: Whimmy|1/100
|
|-weather|SunnyDay|[upkeep]
|upkeep
|turn|7
|
|t:|1757816937
|move|p1b: Whimmy|Moonblast|p2b: Primarina
|-damage|p2b: Primarina|12/100
|move|p2a: Magmar|Will-O-Wisp|p1b: Whimmy|[miss]
|-miss|p2a: Magmar|p1b: Whimmy
|move|p2b: Primarina|Moonblast|p1b: Whimmy
|-damage|p1b: Whimmy|0 fnt
|faint|p1b: Whimmy
|
|win|Colonelpaco
||Colonelpaco is ready for game 2.
||Quilavaflare is ready for game 2.
|uhtml|next|Next: Game 2 of 3
