|j|☆lucastr955
|j|☆Alfaceb
|html|lucastr955Alfaceb    
|uhtml|bestof|Game 1 of a best-of-3
|t:|1783975805
|gametype|doubles
|player|p1|lucastr955|265|1000
|player|p2|Alfaceb|pokefan|1078
|gen|9
|tier|[Gen 9 Champions] VGC 2026 Reg M-B (Bo3)
|rated|
|rule|Species Clause: Limit one of each Pokémon
|rule|Item Clause: Limit 1 of each item
|clearpoke
|poke|p1|Charizard, L50, M, shiny|
|poke|p1|Typhlosion-Hisui, L50, M, shiny|
|poke|p1|Venusaur, L50, M, shiny|
|poke|p1|Incineroar, L50, M, shiny|
|poke|p1|Whimsicott, L50, M, shiny|
|poke|p1|Lycanroc, L50, M, shiny|
|poke|p2|Tyranitar, L50, M|
|poke|p2|Kangaskhan, L50, F|
|poke|p2|Clefable, L50, M|
|poke|p2|Aerodactyl, L50, F, shiny|
|poke|p2|Blastoise, L50, F|
|poke|p2|Venusaur, L50, M|
|teampreview|4
|showteam|p1|Charizard||CharizarditeY|SolarPower|HeatWave,Protect,AirSlash,DragonPulse|Modest||M|||50|]Typhlosion-Hisui||ChoiceScarf|Frisk|Extrasensory,Eruption,InfernalParade,HeatWave|Timid||M|||50|]Venusaur||Venusaurite|Chlorophyll|EarthPower,SludgeBomb,Protect,EnergyBall|Modest||M|||50|]Incineroar||SitrusBerry|Intimidate|FakeOut,PartingShot,DarkestLariat,FlareBlitz|Adamant||M|||50|]Whimsicott||MentalHerb|Prankster|Tailwind,Encore,SunnyDay,Moonblast|Bold||M|||50|]Lycanroc||FocusSash|KeenEye|Accelerock,RockSlide,BrickBreak,Protect|Jolly||M|||50|
|showteam|p2|Tyranitar||Tyranitarite|SandStream|RockSlide,KnockOff,LowKick,Protect|Jolly||M|||50|]Kangaskhan||SilkScarf|Scrappy|FakeOut,LastResort|Adamant||F|||50|]Clefable||SitrusBerry|Unaware|Moonblast,FollowMe,HelpingHand,Protect|Bold||M|||50|]Aerodactyl||FocusSash|Unnerve|DualWingbeat,RockSlide,Protect,Tailwind|Jolly||F|||50|]Blastoise||Blastoisinite|Torrent|ShellSmash,WaterSpout,AuraSphere,Protect|Modest||F|||50|]Venusaur||LifeOrb|Chlorophyll|SleepPowder,SludgeBomb,EnergyBall,Protect|Modest||M|||50|
|l|☆Alfaceb
|player|p2|
|j|☆Alfaceb
|player|p2|Alfaceb|pokefan|
|
|t:|1783975844
|teamsize|p1|4
|teamsize|p2|4
|start
|switch|p1a: Charizard|Charizard, L50, M, shiny|100/100
|switch|p1b: Lycanroc|Lycanroc, L50, M, shiny|100/100
|switch|p2a: Kangaskhan|Kangaskhan, L50, F|100/100
|switch|p2b: Aerodactyl|Aerodactyl, L50, F, shiny|100/100
|-ability|p2b: Aerodactyl|Unnerve
|turn|1
|l|☆Alfaceb
|player|p2|
|j|☆Alfaceb
|player|p2|Alfaceb|pokefan|
|
|t:|1783975883
|move|p2a: Kangaskhan|Fake Out|p1b: Lycanroc
|-resisted|p1b: Lycanroc|1
|-damage|p1b: Lycanroc|81/100
|move|p2b: Aerodactyl|Tailwind|p2b: Aerodactyl
|-sidestart|p2: Alfaceb|move: Tailwind
|cant|p1b: Lycanroc|flinch
|move|p1a: Charizard|Heat Wave|p2a: Kangaskhan|[spread] p2a
|-miss|p1a: Charizard|p2b: Aerodactyl
|-damage|p2a: Kangaskhan|61/100
|
|upkeep
|turn|2
|
|t:|1783975919
|detailschange|p1a: Charizard|Charizard-Mega-Y, L50, M, shiny
|-mega|p1a: Charizard|Charizard|Charizardite Y
|-weather|SunnyDay|[from] ability: Drought|[of] p1a: Charizard
|move|p2b: Aerodactyl|Protect|p2b: Aerodactyl
|-singleturn|p2b: Aerodactyl|Protect
|move|p1a: Charizard|Protect|p1a: Charizard
|-singleturn|p1a: Charizard|Protect
|move|p1b: Lycanroc|Accelerock|p2b: Aerodactyl
|-activate|p2b: Aerodactyl|move: Protect
|move|p2a: Kangaskhan|Last Resort|p1a: Charizard
|-activate|p1a: Charizard|move: Protect
|
|-weather|SunnyDay|[upkeep]
|upkeep
|turn|3
|l|☆Alfaceb
|player|p2|
|j|☆Alfaceb
|player|p2|Alfaceb|pokefan|
|
|t:|1783975945
|switch|p2b: Clefable|Clefable, L50, M|100/100
|switch|p1b: Whimsicott|Whimsicott, L50, M, shiny|100/100
|move|p2a: Kangaskhan|Last Resort|p1a: Charizard
|-damage|p1a: Charizard|0 fnt
|faint|p1a: Charizard
|
|-weather|SunnyDay|[upkeep]
|upkeep
|l|☆Alfaceb
|player|p2|
|j|☆Alfaceb
|player|p2|Alfaceb|pokefan|
|
|t:|1783975972
|switch|p1a: Venusaur|Venusaur, L50, M, shiny|100/100
|turn|4
|
|t:|1783975982
|move|p2b: Clefable|Protect|p2b: Clefable
|-singleturn|p2b: Clefable|Protect
|move|p1b: Whimsicott|Tailwind|p1b: Whimsicott
|-sidestart|p1: lucastr955|move: Tailwind
|move|p1a: Venusaur|Sludge Bomb|p2b: Clefable
|-activate|p2b: Clefable|move: Protect
|move|p2a: Kangaskhan|Last Resort|p1b: Whimsicott
|-damage|p1b: Whimsicott|35/100
|
|-weather|SunnyDay|[upkeep]
|-sideend|p2: Alfaceb|move: Tailwind
|upkeep
|turn|5
|l|☆Alfaceb
|player|p2|
|j|☆Alfaceb
|player|p2|Alfaceb|pokefan|
|
|t:|1783976017
|switch|p2b: Aerodactyl|Aerodactyl, L50, F, shiny|100/100
|-ability|p2b: Aerodactyl|Unnerve
|move|p1a: Venusaur|Sludge Bomb|p2b: Aerodactyl
|-resisted|p2b: Aerodactyl|1
|-crit|p2b: Aerodactyl
|-damage|p2b: Aerodactyl|54/100
|move|p1b: Whimsicott|Moonblast|p2a: Kangaskhan
|-damage|p2a: Kangaskhan|28/100
|move|p2a: Kangaskhan|Last Resort|p1b: Whimsicott
|-damage|p1b: Whimsicott|0 fnt
|faint|p1b: Whimsicott
|
|-weather|SunnyDay|[upkeep]
|upkeep
|
|t:|1783976036
|switch|p1b: Lycanroc|Lycanroc, L50, M, shiny|81/100
|turn|6
|
|t:|1783976061
|switch|p2a: Clefable|Clefable, L50, M|100/100
|move|p1a: Venusaur|Protect|p1a: Venusaur
|-singleturn|p1a: Venusaur|Protect
|move|p2b: Aerodactyl|Protect|p2b: Aerodactyl
|-singleturn|p2b: Aerodactyl|Protect
|move|p1b: Lycanroc|Accelerock|p2b: Aerodactyl
|-activate|p2b: Aerodactyl|move: Protect
|
|-weather|none
|upkeep
|turn|7
|l|☆Alfaceb
|player|p2|
|j|☆Alfaceb
|player|p2|Alfaceb|pokefan|
|
|t:|1783976088
|move|p2a: Clefable|Follow Me|p2a: Clefable
|-singleturn|p2a: Clefable|move: Follow Me
|move|p1b: Lycanroc|Accelerock|p2a: Clefable
|-damage|p2a: Clefable|83/100
|move|p1a: Venusaur|Sludge Bomb|p2a: Clefable
|-supereffective|p2a: Clefable|1
|-damage|p2a: Clefable|8/100
|-status|p2a: Clefable|psn
|-enditem|p2a: Clefable|Sitrus Berry|[eat]
|-heal|p2a: Clefable|33/100 psn|[from] item: Sitrus Berry
|move|p2b: Aerodactyl|Dual Wingbeat|p1a: Venusaur
|-supereffective|p1a: Venusaur|1
|-damage|p1a: Venusaur|49/100
|-supereffective|p1a: Venusaur|1
|-damage|p1a: Venusaur|3/100
|-hitcount|p1a: Venusaur|2
|
|-damage|p2a: Clefable|20/100y psn|[from] psn
|-sideend|p1: lucastr955|move: Tailwind
|upkeep
|turn|8
|l|☆Alfaceb
|player|p2|
|j|☆Alfaceb
|player|p2|Alfaceb|pokefan|
|
|t:|1783976120
|move|p1a: Venusaur|Protect|p1a: Venusaur
|-singleturn|p1a: Venusaur|Protect
|move|p2a: Clefable|Follow Me|p2a: Clefable
|-singleturn|p2a: Clefable|move: Follow Me
|move|p1b: Lycanroc|Accelerock|p2a: Clefable
|-damage|p2a: Clefable|2/100 psn
|move|p2b: Aerodactyl|Rock Slide|p1a: Venusaur|[spread] p1b
|-activate|p1a: Venusaur|move: Protect
|-damage|p1b: Lycanroc|37/100
|
|-damage|p2a: Clefable|0 fnt|[from] psn
|faint|p2a: Clefable
|upkeep
|
|t:|1783976134
|switch|p2a: Kangaskhan|Kangaskhan, L50, F|28/100
|turn|9
|
|t:|1783976152
|move|p2a: Kangaskhan|Fake Out|p1b: Lycanroc
|-resisted|p1b: Lycanroc|1
|-damage|p1b: Lycanroc|19/100
|move|p2b: Aerodactyl|Rock Slide|p1b: Lycanroc|[spread] p1a,p1b
|-damage|p1a: Venusaur|0 fnt
|-damage|p1b: Lycanroc|0 fnt
|faint|p1a: Venusaur
|faint|p1b: Lycanroc
|
|win|Alfaceb
|inactive|lucastr955 has 30 seconds to confirm battle start!
|inactive|Alfaceb has 30 seconds to confirm battle start!
|l|☆lucastr955
|player|p1|
