|j|ŌśåDunoLikesPumpkins
|j|Ōśårouzthunder
|html|DunoLikesPumpkinsrouzthunder    
|uhtml|bestof|Game 2 of a best-of-3
|t:|1783598538
|gametype|doubles
|player|p1|DunoLikesPumpkins|steven|1037
|player|p2|rouzthunder|ortega|1075
|gen|9
|tier|[Gen 9 Champions] VGC 2026 Reg M-B (Bo3)
|rated|
|rule|Species Clause: Limit one of each Pok├®mon
|rule|Item Clause: Limit 1 of each item
|clearpoke
|poke|p1|Gardevoir, L50, F, shiny|
|poke|p1|Farigiraf, L50, F|
|poke|p1|Mimikyu, L50, F|
|poke|p1|Clawitzer, L50, F, shiny|
|poke|p1|Armarouge, L50, F|
|poke|p1|Kingambit, L50, F|
|poke|p2|Dragapult, L50, F|
|poke|p2|Sylveon, L50, M|
|poke|p2|Lopunny, L50, F|
|poke|p2|Ninetales-Alola, L50, M|
|poke|p2|Volcarona, L50, F|
|poke|p2|Glimmora, L50, F|
|teampreview|4
|showteam|p1|Gardevoir||Gardevoirite|Trace|HyperVoice,Psychic,Protect,VacuumWave|Quiet||F|||50|]Farigiraf||SitrusBerry|ArmorTail|Protect,HyperVoice,TrickRoom,HelpingHand|Bold||F|||50|]Mimikyu||Leftovers|Disguise|ShadowSneak,PlayRough,Protect,TrickRoom|Sassy||F|||50|]Clawitzer||MysticWater|MegaLauncher|WaterPulse,AuraSphere,DarkPulse,Protect|Quiet||F|||50|]Armarouge||LifeOrb|FlashFire|ArmorCannon,Psychic,Protect,EnergyBall|Quiet||F|||50|]Kingambit||BlackGlasses|Defiant|Protect,SuckerPunch,IronHead,LowKick|Brave||F|||50|
|showteam|p2|Dragapult||DragonFang|ClearBody|DragonDarts,PhantomForce,PsychicFangs,Protect|Adamant||F|||50|]Sylveon||FairyFeather|Pixilate|HyperVoice,HyperBeam,QuickAttack,Protect|Modest||M|||50|]Lopunny||Lopunnite|Limber|FakeOut,CloseCombat,Encore,MachPunch|Jolly||F|||50|]Ninetales-Alola||ChoiceScarf|SnowWarning|Blizzard,IcyWind,FreezeDry,Moonblast|Modest||M|||50|]Volcarona||SitrusBerry|FlameBody|Tailwind,StruggleBug,RagePowder,Protect|Modest||F|||50|]Glimmora||Glimmoranite|ToxicDebris|SpikyShield,PowerGem,SludgeBomb,EarthPower|Timid||F|||50|
|
|t:|1783598577
|teamsize|p1|4
|teamsize|p2|4
|start
|switch|p1a: Farigiraf|Farigiraf, L50, F|100/100
|switch|p1b: Kingambit|Kingambit, L50, F|100/100
|switch|p2a: Volcarona|Volcarona, L50, F|100/100
|switch|p2b: Sylveon|Sylveon, L50, M|100/100
|turn|1
|
|t:|1783598591
|move|p2a: Volcarona|Rage Powder|p2a: Volcarona
|-singleturn|p2a: Volcarona|move: Rage Powder
|move|p2b: Sylveon|Hyper Beam|p1a: Farigiraf|[miss]
|-miss|p2b: Sylveon|p1a: Farigiraf
|move|p1b: Kingambit|Iron Head|p2a: Volcarona
|-resisted|p2a: Volcarona|1
|-damage|p2a: Volcarona|70/100
|-status|p1b: Kingambit|brn|[from] ability: Flame Body|[of] p2a: Volcarona
|move|p1a: Farigiraf|Trick Room|p1a: Farigiraf
|-fieldstart|move: Trick Room|[of] p1a: Farigiraf
|
|-damage|p1b: Kingambit|94/100 brn|[from] brn
|upkeep
|turn|2
|c|Ōśårouzthunder|COME THE FUCK ON
|c|ŌśåDunoLikesPumpkins|Yo i am so sorry
|
|t:|1783598624
|switch|p1b: Clawitzer|Clawitzer, L50, F, shiny|100/100
|move|p1a: Farigiraf|Protect|p1a: Farigiraf
|-singleturn|p1a: Farigiraf|Protect
|move|p2b: Sylveon|Hyper Beam|p1a: Farigiraf
|-activate|p1a: Farigiraf|move: Protect
|move|p2a: Volcarona|Struggle Bug|p1a: Farigiraf|[spread] p1b
|-activate|p1a: Farigiraf|move: Protect
|-damage|p1b: Clawitzer|77/100
|-unboost|p1b: Clawitzer|spa|1
|
|upkeep
|turn|3
|
|t:|1783598665
|switch|p2a: Dragapult|Dragapult, L50, F|100/100
|move|p1a: Farigiraf|Helping Hand|p1b: Clawitzer
|-singleturn|p1b: Clawitzer|Helping Hand|[of] p1a: Farigiraf
|move|p1b: Clawitzer|Water Pulse|p2a: Dragapult
|-resisted|p2a: Dragapult|1
|-damage|p2a: Dragapult|60/100
|move|p2b: Sylveon|Hyper Beam|p1a: Farigiraf
|-crit|p1a: Farigiraf
|-damage|p1a: Farigiraf|0 fnt
|-mustrecharge|p2b: Sylveon
|faint|p1a: Farigiraf
|
|upkeep
|
|t:|1783598676
|switch|p1a: Armarouge|Armarouge, L50, F|100/100
|turn|4
|
|t:|1783598694
|move|p2a: Dragapult|Protect|p2a: Dragapult
|-singleturn|p2a: Dragapult|Protect
|move|p1b: Clawitzer|Dark Pulse|p2a: Dragapult
|-activate|p2a: Dragapult|move: Protect
|move|p1a: Armarouge|Armor Cannon|p2b: Sylveon
|-damage|p2b: Sylveon|22/100
|-unboost|p1a: Armarouge|def|1
|-unboost|p1a: Armarouge|spd|1
|-damage|p1a: Armarouge|90/100|[from] item: Life Orb
|cant|p2b: Sylveon|recharge
|
|upkeep
|turn|5
|
|t:|1783598716
|switch|p2a: Volcarona|Volcarona, L50, F|70/100
|move|p1b: Clawitzer|Dark Pulse|p2a: Volcarona
|-damage|p2a: Volcarona|44/100
|-enditem|p2a: Volcarona|Sitrus Berry|[eat]
|-heal|p2a: Volcarona|69/100|[from] item: Sitrus Berry
|move|p1a: Armarouge|Psychic|p2b: Sylveon
|-damage|p2b: Sylveon|0 fnt
|faint|p2b: Sylveon
|-damage|p1a: Armarouge|80/100|[from] item: Life Orb
|
|-fieldend|move: Trick Room
|upkeep
|c|Ōśårouzthunder|??????
|c|Ōśårouzthunder|HOW
|c|ŌśåDunoLikesPumpkins|What how?
|
|t:|1783598739
|switch|p2b: Glimmora|Glimmora, L50, F|100/100
|turn|6
|c|Ōśårouzthunder|How did your fuckin Armarouge outspeed
|c|Ōśårouzthunder|Do you have negative speed naturevv
|c|Ōśårouzthunder|??
|c|ŌśåDunoLikesPumpkins|Trick room?
|c|ŌśåDunoLikesPumpkins|Ye
|c|Ōśårouzthunder|Yeah i KNOW trick room
|c|ŌśåDunoLikesPumpkins|its wuiet min speed
|c|Ōśårouzthunder|Jesus i fucking hate tr users
|
|t:|1783598783
|detailschange|p2b: Glimmora|Glimmora-Mega, L50, F
|-mega|p2b: Glimmora|Glimmora|Glimmoranite
|move|p1a: Armarouge|Protect|p1a: Armarouge
|-singleturn|p1a: Armarouge|Protect
|move|p2a: Volcarona|Rage Powder|p2a: Volcarona
|-singleturn|p2a: Volcarona|move: Rage Powder
|move|p2b: Glimmora|Power Gem|p1a: Armarouge
|-activate|p1a: Armarouge|move: Protect
|move|p1b: Clawitzer|Water Pulse|p2a: Volcarona
|-supereffective|p2a: Volcarona|1
|-damage|p2a: Volcarona|0 fnt
|faint|p2a: Volcarona
|
|upkeep
|
|t:|1783598794
|switch|p2a: Dragapult|Dragapult, L50, F|60/100
|turn|7
|c|ŌśåDunoLikesPumpkins|I do too i cant beat them so i ojoinednthem
|c|ŌśåDunoLikesPumpkins|My keyboard is so ass it isnt registerung half the keys i press :sob:
|
|t:|1783598855
|move|p2a: Dragapult|Phantom Force||[still]
|-prepare|p2a: Dragapult|Phantom Force
|move|p2b: Glimmora|Power Gem|p1a: Armarouge
|-supereffective|p1a: Armarouge|1
|-damage|p1a: Armarouge|0 fnt
|faint|p1a: Armarouge
|move|p1b: Clawitzer|Dark Pulse|p2a: Dragapult|[miss]
|-miss|p1b: Clawitzer|p2a: Dragapult
|
|upkeep
|
|t:|1783598863
|switch|p1a: Kingambit|Kingambit, L50, F|94/100 brn
|turn|8
|
|t:|1783598876
|move|p2a: Dragapult|Phantom Force|p1b: Clawitzer|[from] lockedmove
|-damage|p1b: Clawitzer|26/100
|move|p2b: Glimmora|Earth Power|p1a: Kingambit
|-supereffective|p1a: Kingambit|1
|-damage|p1a: Kingambit|30/100 brn
|-unboost|p1a: Kingambit|spd|1
|-ability|p1a: Kingambit|Defiant|boost
|-boost|p1a: Kingambit|atk|2
|move|p1b: Clawitzer|Dark Pulse|p2a: Dragapult
|-supereffective|p2a: Dragapult|1
|-damage|p2a: Dragapult|0 fnt
|faint|p2a: Dragapult
|move|p1a: Kingambit|Iron Head|p2b: Glimmora
|-supereffective|p2b: Glimmora|1
|-damage|p2b: Glimmora|9/100
|
|-damage|p1a: Kingambit|24/100 brn|[from] brn
|upkeep
|turn|9
|c|Ōśårouzthunder|FUCK OOOOOFFFFFF
|n|ŌĆĮrouzthunder|rouzthunder
|c|~|/log rouzthunder was locked from talking by Artemis. (Ōśårouzthunder: FUCK OOOOOFFFFFF)
|c|~|/raw This action was done automatically. Want to learn more about the AI? Visit the information thread.
|c|ŌśåDunoLikesPumpkins|GG dude well played
|-message|rouzthunder forfeited.
|
|win|DunoLikesPumpkins
