|j|☆impassw
|j|☆viatles
|html|impasswviatles    
|uhtml|bestof|Game 1 of a best-of-3
|t:|1756153038
|gametype|doubles
|player|p1|impassw|giovanni|1030
|player|p2|viatles|hiker|1000
|gen|9
|tier|[Gen 9] VGC 2025 Reg H (Bo3)
|rated|
|rule|Species Clause: Limit one of each Pokémon
|rule|Item Clause: Limit 1 of each item
|clearpoke
|poke|p1|Porygon2, L50|
|poke|p1|Ursaluna, L50, F|
|poke|p1|Amoonguss, L50, M|
|poke|p1|Gholdengo, L50|
|poke|p1|Incineroar, L50, M|
|poke|p1|Dragonite, L50, M|
|poke|p2|Oricorio-Sensu, L50, M|
|poke|p2|Volcarona, L50, M|
|poke|p2|Sylveon, L50, F|
|poke|p2|Murkrow, L50, F|
|poke|p2|Dragapult, L50, M|
|poke|p2|Baxcalibur, L50, F|
|teampreview|4
|showteam|p1|Porygon2||Eviolite|Download|TrickRoom,IceBeam,Recover,TeraBlast||||||50|,,,,,Fighting]Ursaluna||FlameOrb|Guts|Facade,HeadlongRush,Earthquake,Protect|||F|||50|,,,,,Ghost]Amoonguss||CovertCloak|Regenerator|Spore,RagePowder,PollenPuff,SludgeBomb|||M|||50|,,,,,Water]Gholdengo||LifeOrb|GoodasGold|MakeItRain,ShadowBall,NastyPlot,Protect||||||50|,,,,,Water]Incineroar||RockyHelmet|Intimidate|FakeOut,KnockOff,PartingShot,FlareBlitz|||M|||50|,,,,,Ghost]Dragonite||LoadedDice|Multiscale|ScaleShot,Protect,ExtremeSpeed,Haze|||M|||50|,,,,,Fairy
|showteam|p2|Oricorio-Sensu||FocusSash|Dancer|QuiverDance,BatonPass,RevelationDance,Protect|||M|||50|,,,,,Fighting]Volcarona||SitrusBerry|FlameBody|QuiverDance,GigaDrain,FieryDance,Protect|||M|||50|,,,,,Grass]Sylveon||ChoiceScarf|Pixilate|HyperVoice,TeraBlast,StoredPower,SleepTalk|||F|||50|,,,,,Ground]Murkrow||Eviolite|Prankster|Tailwind,FoulPlay,Haze,FeatherDance|||F|||50|,,,,,Dark]Dragapult||CovertCloak|ClearBody|DragonCheer,DragonDarts,Protect,PhantomForce|||M|||50|,,,,,Stellar]Baxcalibur||LoadedDice|ThermalExchange|IcicleSpear,ScaleShot,GlaiveRush,Protect|||F|||50|,,,,,Grass
|c|☆viatles|gl hf
|c|☆impassw|u2!
|inactive|Battle timer is ON: inactive players will automatically lose when time's up. (requested by viatles)
|inactive|viatles has 60 seconds left.
|
|t:|1756153077
|teamsize|p1|4
|teamsize|p2|4
|start
|switch|p1a: Porygon2|Porygon2, L50|100/100
|switch|p1b: Incineroar|Incineroar, L50, M|100/100
|switch|p2a: Volcarona|Volcarona, L50, M|100/100
|switch|p2b: Oricorio|Oricorio-Sensu, L50, M|100/100
|-ability|p1a: Porygon2|Download|boost
|-boost|p1a: Porygon2|atk|1
|-ability|p1b: Incineroar|Intimidate|boost
|-unboost|p2a: Volcarona|atk|1
|-unboost|p2b: Oricorio|atk|1
|turn|1
|inactive|impassw has 30 seconds left.
|
|t:|1756153108
|move|p1b: Incineroar|Fake Out|p2b: Oricorio
|-immune|p2b: Oricorio
|move|p2b: Oricorio|Quiver Dance|p2b: Oricorio
|-boost|p2b: Oricorio|spa|1
|-boost|p2b: Oricorio|spd|1
|-boost|p2b: Oricorio|spe|1
|move|p2a: Volcarona|Quiver Dance|p2a: Volcarona
|-boost|p2a: Volcarona|spa|1
|-boost|p2a: Volcarona|spd|1
|-boost|p2a: Volcarona|spe|1
|-activate|p2b: Oricorio|ability: Dancer
|move|p2b: Oricorio|Quiver Dance|p2b: Oricorio|[from] ability: Dancer
|-boost|p2b: Oricorio|spa|1
|-boost|p2b: Oricorio|spd|1
|-boost|p2b: Oricorio|spe|1
|move|p1a: Porygon2|Ice Beam|p2b: Oricorio
|-supereffective|p2b: Oricorio
|-damage|p2b: Oricorio|58/100
|
|upkeep
|turn|2
|inactive|impassw has 30 seconds left.
|inactive|viatles has 30 seconds left.
|
|t:|1756153140
|-terastallize|p2b: Oricorio|Fighting
|move|p2b: Oricorio|Revelation Dance|p1b: Incineroar
|-supereffective|p1b: Incineroar
|-damage|p1b: Incineroar|0 fnt
|faint|p1b: Incineroar
|move|p2a: Volcarona|Fiery Dance|p1a: Porygon2
|-damage|p1a: Porygon2|59/100
|-boost|p2a: Volcarona|spa|1
|-activate|p2b: Oricorio|ability: Dancer
|move|p2b: Oricorio|Fiery Dance|p1a: Porygon2|[from] ability: Dancer
|-damage|p1a: Porygon2|28/100
|move|p1a: Porygon2|Ice Beam|p2b: Oricorio
|-damage|p2b: Oricorio|38/100
|
|upkeep
|
|t:|1756153158
|switch|p1b: Gholdengo|Gholdengo, L50|100/100
|turn|3
|inactive|impassw has 30 seconds left.
|
|t:|1756153186
|-terastallize|p1b: Gholdengo|Water
|move|p2b: Oricorio|Revelation Dance|p1a: Porygon2
|-supereffective|p1a: Porygon2
|-damage|p1a: Porygon2|0 fnt
|faint|p1a: Porygon2
|move|p2a: Volcarona|Fiery Dance|p1b: Gholdengo
|-resisted|p1b: Gholdengo
|-damage|p1b: Gholdengo|63/100
|-boost|p2a: Volcarona|spa|1
|-activate|p2b: Oricorio|ability: Dancer
|move|p2b: Oricorio|Fiery Dance|p1b: Gholdengo|[from] ability: Dancer
|-resisted|p1b: Gholdengo
|-damage|p1b: Gholdengo|39/100
|-boost|p2b: Oricorio|spa|1
|move|p1b: Gholdengo|Make It Rain|p2b: Oricorio|[spread] p2a,p2b
|-resisted|p2a: Volcarona
|-damage|p2a: Volcarona|82/100
|-damage|p2b: Oricorio|0 fnt
|-unboost|p1b: Gholdengo|spa|1
|faint|p2b: Oricorio
|-damage|p1b: Gholdengo|29/100|[from] item: Life Orb
|
|upkeep
|
|t:|1756153209
|switch|p2b: Baxcalibur|Baxcalibur, L50, F|100/100
|switch|p1a: Ursaluna|Ursaluna, L50, F|100/100
|turn|4
|
|t:|1756153234
|move|p1b: Gholdengo|Protect|p1b: Gholdengo
|-singleturn|p1b: Gholdengo|Protect
|move|p2a: Volcarona|Giga Drain|p1b: Gholdengo
|-activate|p1b: Gholdengo|move: Protect
|move|p2b: Baxcalibur|Scale Shot|p1b: Gholdengo
|-activate|p1b: Gholdengo|move: Protect
|move|p1a: Ursaluna|Headlong Rush|p2a: Volcarona
|-damage|p2a: Volcarona|0 fnt
|-unboost|p1a: Ursaluna|def|1
|-unboost|p1a: Ursaluna|spd|1
|-status|p1a: Ursaluna|brn|[from] ability: Flame Body|[of] p2a: Volcarona
|faint|p2a: Volcarona
|
|-damage|p1a: Ursaluna|95/100 brn|[from] brn
|upkeep
|
|t:|1756153249
|switch|p2a: Sylveon|Sylveon, L50, F|100/100
|turn|5
|inactive|impassw has 30 seconds left.
|inactive|viatles has 30 seconds left.
|inactive|impassw has 20 seconds left.
|inactive|impassw has 15 seconds left.
|
|t:|1756153290
|move|p1a: Ursaluna|Protect|p1a: Ursaluna
|-singleturn|p1a: Ursaluna|Protect
|move|p2a: Sylveon|Hyper Voice|p1a: Ursaluna|[spread] p1b
|-activate|p1a: Ursaluna|move: Protect
|-damage|p1b: Gholdengo|0 fnt
|faint|p1b: Gholdengo
|move|p2b: Baxcalibur|Scale Shot|p1a: Ursaluna
|-activate|p1a: Ursaluna|move: Protect
|
|-damage|p1a: Ursaluna|89/100 brn|[from] brn
|upkeep
|turn|6
|
|t:|1756153304
|move|p2a: Sylveon|Hyper Voice|p1a: Ursaluna
|-damage|p1a: Ursaluna|14/100 brn
|move|p2b: Baxcalibur|Icicle Spear|p1a: Ursaluna
|-supereffective|p1a: Ursaluna
|-damage|p1a: Ursaluna|0 fnt
|faint|p1a: Ursaluna
|-hitcount|p1: Ursaluna|1
|
|win|viatles
||impassw is ready for game 2.
