|j|☆megacsc
|j|☆keonespirit
|html|megacsckeonespirit    
|uhtml|bestof|Game 2 of a best-of-3
|t:|1755653728
|gametype|doubles
|player|p1|megacsc|silver|1176
|player|p2|keonespirit|hilbert|1200
|gen|9
|tier|[Gen 9] VGC 2025 Reg H (Bo3)
|rated|
|rule|Species Clause: Limit one of each Pokémon
|rule|Item Clause: Limit 1 of each item
|clearpoke
|poke|p1|Ninetales-Alola, L50, M|
|poke|p1|Volcarona, L50, M|
|poke|p1|Dragonite, L50, M|
|poke|p1|Sneasler, L50, M|
|poke|p1|Rillaboom, L50, M|
|poke|p1|Gholdengo, L50|
|poke|p2|Espathra, L50, M|
|poke|p2|Incineroar, L50, M|
|poke|p2|Ursaluna-Bloodmoon, L50, M|
|poke|p2|Gholdengo, L50|
|poke|p2|Kingambit, L50, M|
|poke|p2|Flamigo, L50, M|
|teampreview|4
|showteam|p1|Ninetales-Alola||LightClay|SnowWarning|AuroraVeil,Encore,Blizzard,Protect|||M|||50|,,,,,Steel]Volcarona||CovertCloak|FlameBody|BugBuzz,FieryDance,Protect,QuiverDance|||M|||50|,,,,,Dragon]Dragonite||LoadedDice|Multiscale|ExtremeSpeed,Tailwind,Protect,ScaleShot|||M|||50|,,,,,Steel]Sneasler||FocusSash|Unburden|CloseCombat,DireClaw,Protect,FakeOut|||M|||50|,,,,,Flying]Rillaboom||AssaultVest|GrassySurge|WoodHammer,GrassyGlide,FakeOut,Uturn|||M|||50|,,,,,Fire]Gholdengo||LifeOrb|GoodasGold|MakeItRain,ShadowBall,NastyPlot,Protect||||||50|,,,,,Water
|showteam|p2|Espathra||CovertCloak|SpeedBoost|DazzlingGleam,LuminaCrash,ShadowBall,Protect|||M|||50|,,,,,Fairy]Incineroar||SafetyGoggles|Intimidate|FakeOut,FlareBlitz,KnockOff,PartingShot|||M|||50|,,,,,Water]Ursaluna-Bloodmoon||AssaultVest|MindsEye|HyperVoice,EarthPower,BloodMoon,VacuumWave|||M|||50|,,,,,Ghost]Gholdengo||LifeOrb|GoodasGold|NastyPlot,MakeItRain,ShadowBall,Protect||||||50|,,,,,Fighting]Kingambit||BlackGlasses|Defiant|SuckerPunch,KowtowCleave,SwordsDance,Protect|||M|||50|,,,,,Dark]Flamigo||FocusSash|Scrappy|WideGuard,DualWingbeat,CloseCombat,Protect|||M|||50|,,,,,Ghost
|
|t:|1755653759
|teamsize|p1|4
|teamsize|p2|4
|start
|switch|p1a: Sneasler|Sneasler, L50, M|100/100
|switch|p1b: Gholdengo|Gholdengo, L50|100/100
|switch|p2a: Gholdengo|Gholdengo, L50|100/100
|switch|p2b: Ursaluna|Ursaluna-Bloodmoon, L50, M|100/100
|turn|1
|
|t:|1755653775
|switch|p2b: Incineroar|Incineroar, L50, M, shiny|100/100
|-ability|p2b: Incineroar|Intimidate|boost
|-unboost|p1a: Sneasler|atk|1
|-unboost|p1b: Gholdengo|atk|1
|-terastallize|p1b: Gholdengo|Water
|move|p1a: Sneasler|Protect|p1a: Sneasler
|-singleturn|p1a: Sneasler|Protect
|move|p1b: Gholdengo|Shadow Ball|p2a: Gholdengo
|-supereffective|p2a: Gholdengo
|-damage|p2a: Gholdengo|0 fnt
|faint|p2a: Gholdengo
|-damage|p1b: Gholdengo|91/100|[from] item: Life Orb
|
|upkeep
|
|t:|1755653788
|switch|p2a: Flamigo|Flamigo, L50, M, shiny|100/100
|turn|2
|
|t:|1755653805
|move|p1b: Gholdengo|Protect|p1b: Gholdengo
|-singleturn|p1b: Gholdengo|Protect
|move|p1a: Sneasler|Dire Claw|p2a: Flamigo
|-damage|p2a: Flamigo|54/100
|move|p2a: Flamigo|Dual Wingbeat|p1a: Sneasler
|-supereffective|p1a: Sneasler
|-damage|p1a: Sneasler|27/100
|-supereffective|p1a: Sneasler
|-damage|p1a: Sneasler|0 fnt
|faint|p1a: Sneasler
|-hitcount|p1: Sneasler|2
|move|p2b: Incineroar|Knock Off|p1b: Gholdengo
|-activate|p1b: Gholdengo|move: Protect
|
|upkeep
|
|t:|1755653817
|switch|p1a: Dragonite|Dragonite, L50, M|100/100
|turn|3
|
|t:|1755653827
|-terastallize|p2a: Flamigo|Ghost
|move|p1a: Dragonite|Extreme Speed|p2a: Flamigo
|-immune|p2a: Flamigo
|move|p2a: Flamigo|Close Combat|p1b: Gholdengo
|-crit|p1b: Gholdengo
|-damage|p1b: Gholdengo|0 fnt
|-unboost|p2a: Flamigo|def|1
|-unboost|p2a: Flamigo|spd|1
|faint|p1b: Gholdengo
|move|p2b: Incineroar|Knock Off|p1a: Dragonite
|-damage|p1a: Dragonite|83/100
|-enditem|p1a: Dragonite|Loaded Dice|[from] move: Knock Off|[of] p2b: Incineroar
|
|upkeep
|
|t:|1755653837
|switch|p1b: Volcarona|Volcarona, L50, M|100/100
|turn|4
|
|t:|1755653860
|move|p2a: Flamigo|Protect|p2a: Flamigo
|-singleturn|p2a: Flamigo|Protect
|move|p1b: Volcarona|Quiver Dance|p1b: Volcarona
|-boost|p1b: Volcarona|spa|1
|-boost|p1b: Volcarona|spd|1
|-boost|p1b: Volcarona|spe|1
|move|p1a: Dragonite|Scale Shot|p2a: Flamigo
|-activate|p2a: Flamigo|move: Protect
|move|p2b: Incineroar|Parting Shot|p1a: Dragonite
|-unboost|p1a: Dragonite|atk|1
|-unboost|p1a: Dragonite|spa|1
|
|t:|1755653865
|switch|p2b: Ursaluna|Ursaluna-Bloodmoon, L50, M|100/100|[from] Parting Shot
|
|upkeep
|turn|5
|
|t:|1755653890
|move|p1b: Volcarona|Fiery Dance|p2a: Flamigo
|-damage|p2a: Flamigo|0 fnt
|faint|p2a: Flamigo
|move|p1a: Dragonite|Scale Shot|p2b: Ursaluna
|-damage|p2b: Ursaluna|94/100
|-damage|p2b: Ursaluna|85/100
|-damage|p2b: Ursaluna|77/100
|-damage|p2b: Ursaluna|70/100
|-damage|p2b: Ursaluna|62/100
|-hitcount|p2b: Ursaluna|5
|-unboost|p1a: Dragonite|def|1
|-boost|p1a: Dragonite|spe|1
|move|p2b: Ursaluna|Blood Moon|p1b: Volcarona
|-damage|p1b: Volcarona|45/100
|
|upkeep
|
|t:|1755653896
|switch|p2a: Incineroar|Incineroar, L50, M, shiny|100/100
|-ability|p2a: Incineroar|Intimidate|boost
|-unboost|p1a: Dragonite|atk|1
|-unboost|p1b: Volcarona|atk|1
|turn|6
|
|t:|1755653922
|move|p1b: Volcarona|Protect|p1b: Volcarona
|-singleturn|p1b: Volcarona|Protect
|move|p2a: Incineroar|Fake Out|p1a: Dragonite
|-damage|p1a: Dragonite|65/100
|cant|p1a: Dragonite|flinch
|move|p2b: Ursaluna|Hyper Voice|p1a: Dragonite|[spread] p1a
|-activate|p1b: Volcarona|move: Protect
|-damage|p1a: Dragonite|29/100
|
|upkeep
|turn|7
|
|t:|1755653948
|move|p1b: Volcarona|Fiery Dance|p2b: Ursaluna
|-damage|p2b: Ursaluna|0 fnt
|faint|p2b: Ursaluna
|move|p1a: Dragonite|Scale Shot|p2a: Incineroar
|-damage|p2a: Incineroar|92/100
|-damage|p2a: Incineroar|84/100
|-damage|p2a: Incineroar|76/100
|-damage|p2a: Incineroar|68/100
|-damage|p2a: Incineroar|60/100
|-hitcount|p2a: Incineroar|5
|-unboost|p1a: Dragonite|def|1
|-boost|p1a: Dragonite|spe|1
|move|p2a: Incineroar|Flare Blitz|p1b: Volcarona
|-damage|p1b: Volcarona|0 fnt
|faint|p1b: Volcarona
|-damage|p2a: Incineroar|48/100|[from] Recoil
|
|upkeep
|turn|8
|
|t:|1755653966
|move|p1a: Dragonite|Scale Shot|p2a: Incineroar
|-damage|p2a: Incineroar|39/100
|-damage|p2a: Incineroar|31/100
|-damage|p2a: Incineroar|23/100
|-damage|p2a: Incineroar|15/100
|-damage|p2a: Incineroar|7/100
|-hitcount|p2a: Incineroar|5
|-unboost|p1a: Dragonite|def|1
|-boost|p1a: Dragonite|spe|1
|move|p2a: Incineroar|Flare Blitz|p1a: Dragonite
|-resisted|p1a: Dragonite
|-damage|p1a: Dragonite|0 fnt
|faint|p1a: Dragonite
|-damage|p2a: Incineroar|0 fnt|[from] Recoil
|faint|p2a: Incineroar
|
|win|keonespirit
|raw|megacsc's rating: 1176 → 1153(-23 for losing)
|raw|keonespirit's rating: 1200 → 1223(+23 for winning)
