|j|☆failandimprove5
|j|☆newlifecicle2
|html|failandimprove5newlifecicle2    
|uhtml|bestof|Game 1 of a best-of-3
|t:|1782664809
|gametype|doubles
|player|p1|failandimprove5|101|1427
|player|p2|newlifecicle2|veteran|1307
|gen|9
|tier|[Gen 9 Champions] VGC 2026 Reg M-B (Bo3)
|rated|
|rule|Species Clause: Limit one of each Pokémon
|rule|Item Clause: Limit 1 of each item
|clearpoke
|poke|p1|Charizard, L50, F|
|poke|p1|Floette-Eternal, L50, F|
|poke|p1|Whimsicott, L50, M|
|poke|p1|Basculegion, L50, M|
|poke|p1|Incineroar, L50, M|
|poke|p1|Garchomp, L50, M|
|poke|p2|Floette-Eternal, L50, F|
|poke|p2|Sinistcha, L50|
|poke|p2|Incineroar, L50, F|
|poke|p2|Sneasler, L50, F|
|poke|p2|Kingambit, L50, F|
|poke|p2|Basculegion, L50, M|
|teampreview|4
|showteam|p1|Charizard||CharizarditeY|Blaze|HeatWave,WeatherBall,SolarBeam,Protect|Modest||F|||50|]Floette-Eternal||Floettite|FlowerVeil|Moonblast,DazzlingGleam,LightofRuin,Protect|Timid||F|||50|]Whimsicott||FocusSash|Prankster|Moonblast,Tailwind,Encore,Protect|Timid||M|||50|]Basculegion||MysticWater|Adaptability|WaveCrash,LastRespects,AquaJet,Protect|Adamant||M|||50|]Incineroar||SitrusBerry|Intimidate|FlareBlitz,ThroatChop,PartingShot,FakeOut|Careful||M|||50|]Garchomp||LifeOrb|RoughSkin|Earthquake,RockSlide,DragonClaw,Protect|Jolly||M|||50|
|showteam|p2|Floette-Eternal||Floettite|FlowerVeil|DazzlingGleam,DrainingKiss,Protect,CalmMind|Timid||F|||50|]Sinistcha||KasibBerry|Hospitality|MatchaGotcha,TrickRoom,RagePowder,Protect|Bold|||||50|]Incineroar||SitrusBerry|Intimidate|FlareBlitz,ThroatChop,PartingShot,FakeOut|Impish||F|||50|]Sneasler||FocusSash|PoisonTouch|PoisonJab,CloseCombat,FakeOut,Protect|Jolly||F|||50|]Kingambit||BlackGlasses|Defiant|KowtowCleave,SuckerPunch,Protect,SwordsDance|Adamant||F|||50|]Basculegion||LifeOrb|Adaptability|LastRespects,WaveCrash,Protect,AquaJet|Adamant||M|||50|
|inactive|Battle timer is ON: inactive players will automatically lose when time's up. (requested by newlifecicle2)
|
|t:|1782664838
|teamsize|p1|4
|teamsize|p2|4
|start
|switch|p1a: Incineroar|Incineroar, L50, M|100/100
|switch|p1b: Charizard|Charizard, L50, F|100/100
|switch|p2a: Incineroar|Incineroar, L50, F|100/100
|switch|p2b: Floette|Floette-Eternal, L50, F|100/100
|-ability|p1a: Incineroar|Intimidate|boost
|-unboost|p2a: Incineroar|atk|1
|-unboost|p2b: Floette|atk|1
|-ability|p2a: Incineroar|Intimidate|boost
|-unboost|p1a: Incineroar|atk|1
|-unboost|p1b: Charizard|atk|1
|turn|1
|
|t:|1782664855
|detailschange|p2b: Floette|Floette-Mega, L50, F
|-mega|p2b: Floette|Floette|Floettite
|-ability|p2b: Floette|Fairy Aura
|detailschange|p1b: Charizard|Charizard-Mega-Y, L50, F
|-mega|p1b: Charizard|Charizard|Charizardite Y
|-weather|SunnyDay|[from] ability: Drought|[of] p1b: Charizard
|move|p1a: Incineroar|Fake Out|p2b: Floette
|-crit|p2b: Floette
|-damage|p2b: Floette|82/100
|move|p2a: Incineroar|Fake Out|p1b: Charizard
|-damage|p1b: Charizard|92/100
|cant|p2b: Floette|flinch
|cant|p1b: Charizard|flinch
|
|-weather|SunnyDay|[upkeep]
|upkeep
|turn|2
|inactive|newlifecicle2 has 30 seconds left.
|inactive|newlifecicle2 has 20 seconds left.
|inactive|newlifecicle2 has 15 seconds left.
|
|t:|1782664897
|move|p2b: Floette|Calm Mind|p2b: Floette
|-boost|p2b: Floette|spa|1
|-boost|p2b: Floette|spd|1
|move|p1b: Charizard|Heat Wave|p2b: Floette|[spread] p2a,p2b
|-resisted|p2a: Incineroar|1
|-crit|p2b: Floette
|-damage|p2a: Incineroar|73/100
|-damage|p2b: Floette|21/100
|move|p1a: Incineroar|Throat Chop|p2a: Incineroar
|-resisted|p2a: Incineroar|1
|-damage|p2a: Incineroar|65/100
|-start|p2a: Incineroar|Throat Chop|[silent]
|cant|p2a: Incineroar|move: Throat Chop
|
|-weather|SunnyDay|[upkeep]
|upkeep
|turn|3
|
|t:|1782664915
|switch|p2a: Sneasler|Sneasler, L50, F|100/100
|move|p2b: Floette|Draining Kiss|p1a: Incineroar
|-damage|p1a: Incineroar|59/100
|-heal|p2b: Floette|57/100|[from] drain|[of] p1a: Incineroar
|move|p1b: Charizard|Heat Wave|p2b: Floette|[spread] p2a
|-miss|p1b: Charizard|p2b: Floette
|-damage|p2a: Sneasler|21/100
|move|p1a: Incineroar|Parting Shot|p2a: Sneasler
|-unboost|p2a: Sneasler|atk|1
|-unboost|p2a: Sneasler|spa|1
|
|t:|1782664920
|switch|p1a: Garchomp|Garchomp, L50, M|100/100|[from] Parting Shot
|
|-weather|SunnyDay|[upkeep]
|upkeep
|turn|4
|
|t:|1782664940
|switch|p2a: Incineroar|Incineroar, L50, F|65/100
|-ability|p2a: Incineroar|Intimidate|boost
|-unboost|p1a: Garchomp|atk|1
|-unboost|p1b: Charizard|atk|1
|move|p1a: Garchomp|Earthquake|p2a: Incineroar|[spread] p2a,p2b
|-immune|p1b: Charizard
|-supereffective|p2a: Incineroar|1
|-damage|p2a: Incineroar|14/100
|-damage|p2b: Floette|24/100
|-enditem|p2a: Incineroar|Sitrus Berry|[eat]
|-heal|p2a: Incineroar|39/100|[from] item: Sitrus Berry
|-damage|p1a: Garchomp|90/100|[from] item: Life Orb
|move|p2b: Floette|Draining Kiss|p1a: Garchomp
|-supereffective|p1a: Garchomp|1
|-damage|p1a: Garchomp|0 fnt
|-heal|p2b: Floette|100/100|[from] drain|[of] p1a: Garchomp
|-damage|p2b: Floette|87/100|[from] ability: Rough Skin|[of] p1a: Garchomp
|faint|p1a: Garchomp
|move|p1b: Charizard|Weather Ball|p2b: Floette
|-damage|p2b: Floette|46/100
|
|-weather|SunnyDay|[upkeep]
|upkeep
|
|t:|1782664954
|switch|p1a: Basculegion|Basculegion, L50, M|100/100
|turn|5
|
|t:|1782664978
|move|p1a: Basculegion|Protect|p1a: Basculegion
|-singleturn|p1a: Basculegion|Protect
|move|p2a: Incineroar|Fake Out|p1b: Charizard
|-damage|p1b: Charizard|82/100
|move|p2b: Floette|Draining Kiss|p1a: Basculegion
|-activate|p1a: Basculegion|move: Protect
|cant|p1b: Charizard|flinch
|
|-weather|none
|upkeep
|turn|6
|
|t:|1782664996
|switch|p1b: Incineroar|Incineroar, L50, M|59/100
|-ability|p1b: Incineroar|Intimidate|boost
|-unboost|p2a: Incineroar|atk|1
|-unboost|p2b: Floette|atk|1
|move|p2b: Floette|Draining Kiss|p1a: Basculegion
|-damage|p1a: Basculegion|48/100
|-heal|p2b: Floette|92/100|[from] drain|[of] p1a: Basculegion
|move|p1a: Basculegion|Wave Crash|p2b: Floette
|-damage|p2b: Floette|1/100
|-damage|p1a: Basculegion|23/100|[from] Recoil
|move|p2a: Incineroar|Parting Shot|p1b: Incineroar
|-unboost|p1b: Incineroar|atk|1
|-unboost|p1b: Incineroar|spa|1
|inactive|newlifecicle2 has 30 seconds left.
|
|t:|1782665028
|switch|p2a: Kingambit|Kingambit, L50, F|100/100|[from] Parting Shot
|
|upkeep
|turn|7
|
|t:|1782665039
|switch|p1a: Charizard|Charizard-Mega-Y, L50, F|82/100
|-weather|SunnyDay|[from] ability: Drought|[of] p1a: Charizard
|move|p2b: Floette|Dazzling Gleam|p1a: Charizard|[spread] p1a,p1b
|-resisted|p1a: Charizard|1
|-damage|p1a: Charizard|54/100
|-damage|p1b: Incineroar|18/100
|-enditem|p1b: Incineroar|Sitrus Berry|[eat]
|-heal|p1b: Incineroar|43/100|[from] item: Sitrus Berry
|move|p1b: Incineroar|Flare Blitz|p2a: Kingambit
|-supereffective|p2a: Kingambit|1
|-damage|p2a: Kingambit|30/100
|-status|p2a: Kingambit|brn
|-damage|p1b: Incineroar|19/100|[from] Recoil
|move|p2a: Kingambit|Swords Dance|p2a: Kingambit
|-boost|p2a: Kingambit|atk|2
|
|-weather|SunnyDay|[upkeep]
|-damage|p2a: Kingambit|24/100 brn|[from] brn
|upkeep
|turn|8
|inactive|failandimprove5 has 30 seconds left.
|
|t:|1782665068
|move|p1a: Charizard|Protect|p1a: Charizard
|-singleturn|p1a: Charizard|Protect
|move|p2a: Kingambit|Sucker Punch||[still]
|-fail|p2a: Kingambit
|move|p2b: Floette|Dazzling Gleam|p1b: Incineroar|[spread] p1b
|-activate|p1a: Charizard|move: Protect
|-damage|p1b: Incineroar|0 fnt
|faint|p1b: Incineroar
|
|-weather|SunnyDay|[upkeep]
|-damage|p2a: Kingambit|18/100 brn|[from] brn
|upkeep
|
|t:|1782665071
|switch|p1b: Basculegion|Basculegion, L50, M|23/100
|turn|9
|
|t:|1782665082
|move|p2b: Floette|Protect|p2b: Floette
|-singleturn|p2b: Floette|Protect
|move|p1a: Charizard|Protect||[still]
|-fail|p1a: Charizard
|move|p1b: Basculegion|Aqua Jet|p2b: Floette
|-activate|p2b: Floette|move: Protect
|move|p2a: Kingambit|Sucker Punch||[still]
|-fail|p2a: Kingambit
|
|-weather|SunnyDay|[upkeep]
|-damage|p2a: Kingambit|13/100 brn|[from] brn
|upkeep
|turn|10
|
|t:|1782665095
|move|p1b: Basculegion|Aqua Jet|p2b: Floette
|-damage|p2b: Floette|0 fnt
|faint|p2b: Floette
|move|p2a: Kingambit|Sucker Punch|p1a: Charizard
|-crit|p1a: Charizard
|-damage|p1a: Charizard|0 fnt
|faint|p1a: Charizard
|
|-weather|SunnyDay|[upkeep]
|-damage|p2a: Kingambit|7/100 brn|[from] brn
|upkeep
|
|t:|1782665099
|switch|p2b: Incineroar|Incineroar, L50, F|39/100
|-ability|p2b: Incineroar|Intimidate|boost
|-unboost|p1b: Basculegion|atk|1
|turn|11
|
|t:|1782665108
|move|p1b: Basculegion|Protect|p1b: Basculegion
|-singleturn|p1b: Basculegion|Protect
|move|p2b: Incineroar|Throat Chop|p1b: Basculegion
|-activate|p1b: Basculegion|move: Protect
|move|p2a: Kingambit|Kowtow Cleave|p1b: Basculegion
|-activate|p1b: Basculegion|move: Protect
|
|-weather|none
|-damage|p2a: Kingambit|1/100 brn|[from] brn
|upkeep
|turn|12
|-message|failandimprove5 forfeited.
|
|win|newlifecicle2
