|j|☆new mental
|j|☆lettitripppp
|html|new mentallettitripppp    
|uhtml|bestof|Game 3 of a best-of-3
|t:|1783807149
|gametype|doubles
|player|p1|new mental|volkner|1285
|player|p2|lettitripppp|lucas|1226
|gen|9
|tier|[Gen 9 Champions] VGC 2026 Reg M-B (Bo3)
|rated|
|rule|Species Clause: Limit one of each Pokémon
|rule|Item Clause: Limit 1 of each item
|clearpoke
|poke|p1|Charizard, L50, M|
|poke|p1|Kingambit, L50, F|
|poke|p1|Sylveon, L50, M|
|poke|p1|Garchomp, L50, F|
|poke|p1|Aerodactyl, L50, F|
|poke|p1|Farigiraf, L50, F|
|poke|p2|Aerodactyl, L50, F|
|poke|p2|Charizard, L50, M|
|poke|p2|Farigiraf, L50, F|
|poke|p2|Garchomp, L50, F|
|poke|p2|Sylveon, L50, M|
|poke|p2|Kingambit, L50, F|
|teampreview|4
|showteam|p1|Charizard||CharizarditeY|SolarPower|Protect,HeatWave,SolarBeam,WeatherBall|Modest||M|||50|]Kingambit||FocusSash|Defiant|IronHead,SuckerPunch,KowtowCleave,LowKick|Adamant||F|||50|]Sylveon||FairyFeather|Pixilate|Detect,HyperVoice,HyperBeam,QuickAttack|Modest||M|||50|]Garchomp||LifeOrb|RoughSkin|Protect,DragonClaw,Earthquake,RockSlide|Jolly||F|||50|]Aerodactyl||Aerodactylite|Unnerve|IceFang,RockSlide,Tailwind,DualWingbeat|Jolly||F|||50|]Farigiraf||SitrusBerry|ArmorTail|TrickRoom,Psychic,Thunderbolt,Roar|Bold||F|||50|
|showteam|p2|Aerodactyl||Aerodactylite|Unnerve|WideGuard,RockSlide,Tailwind,IceFang|Jolly||F|||50|]Charizard||CharizarditeY|Blaze|WeatherBall,SolarBeam,HeatWave,Protect|Modest||M|||50|]Farigiraf||SitrusBerry|ArmorTail|Thunderbolt,TrickRoom,TwinBeam,Roar|Calm||F|||50|]Garchomp||LifeOrb|RoughSkin|StompingTantrum,DragonClaw,Earthquake,Protect|Jolly||F|||50|]Sylveon||FairyFeather|Pixilate|QuickAttack,HyperBeam,HyperVoice,Detect|Modest||M|||50|]Kingambit||FocusSash|Defiant|KowtowCleave,SuckerPunch,IronHead,LowKick|Adamant||F|||50|
|inactive|Battle timer is ON: inactive players will automatically lose when time's up. (requested by lettitripppp)
|
|t:|1783807159
|teamsize|p1|4
|teamsize|p2|4
|start
|switch|p1a: Aerodactyl|Aerodactyl, L50, F|100/100
|switch|p1b: Kingambit|Kingambit, L50, F|100/100
|switch|p2a: DEADWING|Aerodactyl, L50, F|100/100
|switch|p2b: GENERAL BLADUS|Kingambit, L50, F|100/100
|-ability|p2a: DEADWING|Unnerve
|-ability|p1a: Aerodactyl|Unnerve
|turn|1
|
|t:|1783807165
|switch|p1b: Garchomp|Garchomp, L50, F|100/100
|detailschange|p2a: DEADWING|Aerodactyl-Mega, L50, F
|-mega|p2a: DEADWING|Aerodactyl|Aerodactylite
|detailschange|p1a: Aerodactyl|Aerodactyl-Mega, L50, F
|-mega|p1a: Aerodactyl|Aerodactyl|Aerodactylite
|move|p2a: DEADWING|Rock Slide|p1b: Garchomp|[spread] p1a,p1b
|-supereffective|p1a: Aerodactyl|1
|-resisted|p1b: Garchomp|1
|-damage|p1a: Aerodactyl|43/100
|-damage|p1b: Garchomp|87/100
|move|p1a: Aerodactyl|Tailwind|p1a: Aerodactyl
|-sidestart|p1: new mental|move: Tailwind
|move|p2b: GENERAL BLADUS|Low Kick|p1b: Garchomp
|-damage|p1b: Garchomp|54/100
|-damage|p2b: GENERAL BLADUS|87/100|[from] ability: Rough Skin|[of] p1b: Garchomp
|
|upkeep
|turn|2
|
|t:|1783807188
|switch|p2a: MAGICAL NECK|Farigiraf, L50, F|100/100
|move|p2b: GENERAL BLADUS|Sucker Punch|p1b: Garchomp
|-damage|p1b: Garchomp|12/100
|-damage|p2b: GENERAL BLADUS|75/100|[from] ability: Rough Skin|[of] p1b: Garchomp
|move|p1a: Aerodactyl|Rock Slide|p2b: GENERAL BLADUS|[spread] p2a,p2b
|-resisted|p2b: GENERAL BLADUS|1
|-damage|p2a: MAGICAL NECK|78/100
|-damage|p2b: GENERAL BLADUS|65/100
|move|p1b: Garchomp|Dragon Claw|p2a: MAGICAL NECK
|-damage|p2a: MAGICAL NECK|28/100
|-enditem|p2a: MAGICAL NECK|Sitrus Berry|[eat]
|-heal|p2a: MAGICAL NECK|53/100|[from] item: Sitrus Berry
|-damage|p1b: Garchomp|2/100|[from] item: Life Orb
|
|upkeep
|turn|3
|
|t:|1783807203
|move|p2b: GENERAL BLADUS|Sucker Punch|p1b: Garchomp
|-damage|p1b: Garchomp|0 fnt
|-damage|p2b: GENERAL BLADUS|53/100|[from] ability: Rough Skin|[of] p1b: Garchomp
|faint|p1b: Garchomp
|move|p1a: Aerodactyl|Rock Slide|p2a: MAGICAL NECK|[spread] p2a,p2b
|-resisted|p2b: GENERAL BLADUS|1
|-damage|p2a: MAGICAL NECK|30/100
|-damage|p2b: GENERAL BLADUS|43/100
|move|p2a: MAGICAL NECK|Trick Room|p2a: MAGICAL NECK
|-fieldstart|move: Trick Room|[of] p2a: MAGICAL NECK
|
|upkeep
|
|t:|1783807216
|switch|p1b: Sylveon|Sylveon, L50, M|100/100
|turn|4
|
|t:|1783807224
|move|p1b: Sylveon|Detect|p1b: Sylveon
|-singleturn|p1b: Sylveon|Protect
|move|p2b: GENERAL BLADUS|Iron Head|p1b: Sylveon
|-activate|p1b: Sylveon|move: Protect
|move|p2a: MAGICAL NECK|Thunderbolt|p1a: Aerodactyl
|-supereffective|p1a: Aerodactyl|1
|-damage|p1a: Aerodactyl|0 fnt
|faint|p1a: Aerodactyl
|
|-sideend|p1: new mental|move: Tailwind
|upkeep
|
|t:|1783807226
|switch|p1a: Kingambit|Kingambit, L50, F|100/100
|turn|5
|
|t:|1783807235
|move|p2b: GENERAL BLADUS|Low Kick|p1a: Kingambit
|-supereffective|p1a: Kingambit|2
|-enditem|p1a: Kingambit|Focus Sash
|-damage|p1a: Kingambit|1/100
|move|p2a: MAGICAL NECK|Thunderbolt|p1a: Kingambit
|-damage|p1a: Kingambit|0 fnt
|faint|p1a: Kingambit
|move|p1b: Sylveon|Hyper Voice|p2a: MAGICAL NECK|[spread] p2a,p2b
|-damage|p2a: MAGICAL NECK|0 fnt
|-damage|p2b: GENERAL BLADUS|0 fnt
|faint|p2a: MAGICAL NECK
|faint|p2b: GENERAL BLADUS
|
|upkeep
|
|t:|1783807244
|switch|p2b: DEADWING|Aerodactyl-Mega, L50, F|100/100
|switch|p2a: PIKU BEAM|Sylveon, L50, M|100/100
|turn|6
|inactive|new mental has 30 seconds left.
|
|t:|1783807278
|move|p1b: Sylveon|Hyper Beam|p2a: PIKU BEAM|[miss]
|-miss|p1b: Sylveon|p2a: PIKU BEAM
|move|p2a: PIKU BEAM|Hyper Beam|p1b: Sylveon
|-damage|p1b: Sylveon|21/100
|-mustrecharge|p2a: PIKU BEAM
|move|p2b: DEADWING|Rock Slide|p1b: Sylveon
|-damage|p1b: Sylveon|0 fnt
|faint|p1b: Sylveon
|
|win|lettitripppp
|raw|new mental's rating: 1285 → 1256(-29 for losing)
|raw|lettitripppp's rating: 1226 → 1255(+29 for winning)
|l|☆new mental
|player|p1|
|l|☆lettitripppp
|player|p2|
|j|☆lettitripppp
|player|p2|lettitripppp|lucas|
