|j|☆ronjohn
|j|☆Lucifer0042
|html|ronjohnLucifer0042    
|uhtml|bestof|Game 1 of a best-of-3
|t:|1757719399
|gametype|doubles
|player|p1|ronjohn|266|1153
|player|p2|Lucifer0042|unknownf|1093
|gen|9
|tier|[Gen 9] VGC 2025 Reg H (Bo3)
|rated|
|rule|Species Clause: Limit one of each Pokémon
|rule|Item Clause: Limit 1 of each item
|clearpoke
|poke|p1|Dragonite, L50, F|
|poke|p1|Incineroar, L50, M|
|poke|p1|Gholdengo, L50|
|poke|p1|Ursaluna-Bloodmoon, L50, M|
|poke|p1|Rillaboom, L50, F|
|poke|p1|Ninetales-Alola, L50, M|
|poke|p2|Indeedee-F, L50, F|
|poke|p2|Hatterene, L50, F|
|poke|p2|Torkoal, L50, F|
|poke|p2|Gallade, L50, M|
|poke|p2|Lilligant-Hisui, L50, F|
|poke|p2|Ursaluna, L50, F|
|teampreview|4
|showteam|p1|Dragonite||LoadedDice|Multiscale|ScaleShot,Tailwind,Protect,Haze|||F|||50|,,,,,Fairy]Incineroar||SafetyGoggles|Intimidate|FlareBlitz,KnockOff,FakeOut,PartingShot|||M|||50|,,,,,Ghost]Gholdengo||LifeOrb|GoodasGold|MakeItRain,ShadowBall,Protect,NastyPlot||||||50|,,,,,Water]Ursaluna-Bloodmoon||AssaultVest|MindsEye|BloodMoon,EarthPower,HyperVoice,VacuumWave|||M|||50|,,,,,Water]Rillaboom||MiracleSeed|GrassySurge|FakeOut,HighHorsepower,WoodHammer,GrassyGlide|||F|||50|,,,,,Fire]Ninetales-Alola||FocusSash|SnowWarning|IcyWind,Blizzard,Encore,Protect|||M|||50|,,,,,Ghost
|showteam|p2|Indeedee-F||PsychicSeed|PsychicSurge|FollowMe,TrickRoom,HelpingHand,Psychic|||F|||50|,,,,,Grass]Hatterene||LifeOrb|MagicBounce|DazzlingGleam,ExpandingForce,Protect,TrickRoom|||F|||50|,,,,,Water]Torkoal||Charcoal|Drought|Eruption,Protect,EarthPower,WeatherBall|||F|||50|,,,,,Fire]Gallade||ClearAmulet|Sharpness|TrickRoom,SacredSword,PsychoCut,WideGuard|||M|||50|,,,,,Grass]Lilligant-Hisui||FocusSash|Chlorophyll|AfterYou,CloseCombat,SolarBlade,SleepPowder|||F|||50|,,,,,Ghost]Ursaluna||FlameOrb|Guts|Protect,Facade,Earthquake,HeadlongRush|||F|||50|,,,,,Ghost
|inactive|Battle timer is ON: inactive players will automatically lose when time's up. (requested by Lucifer0042)
|inactive|ronjohn has 60 seconds left.
|
|t:|1757719433
|teamsize|p1|4
|teamsize|p2|4
|start
|switch|p1a: Incineroar|Incineroar, L50, M|100/100
|switch|p1b: Gholdengo|Gholdengo, L50|100/100
|switch|p2a: Hatterene|Hatterene, L50, F|100/100
|switch|p2b: Indeedee|Indeedee-F, L50, F|100/100
|-fieldstart|move: Psychic Terrain|[from] ability: Psychic Surge|[of] p2b: Indeedee
|-enditem|p2b: Indeedee|Psychic Seed
|-boost|p2b: Indeedee|spd|1|[from] item: Psychic Seed
|-ability|p1a: Incineroar|Intimidate|boost
|-unboost|p2a: Hatterene|atk|1
|-unboost|p2b: Indeedee|atk|1
|turn|1
|inactive|ronjohn has 30 seconds left.
|
|t:|1757719464
|-terastallize|p2a: Hatterene|Water
|move|p2b: Indeedee|Follow Me|p2b: Indeedee
|-singleturn|p2b: Indeedee|move: Follow Me
|move|p1b: Gholdengo|Make It Rain|p2a: Hatterene|[spread] p2a,p2b
|-resisted|p2a: Hatterene
|-damage|p2a: Hatterene|63/100
|-damage|p2b: Indeedee|58/100
|-unboost|p1b: Gholdengo|spa|1
|-damage|p1b: Gholdengo|91/100|[from] item: Life Orb
|move|p1a: Incineroar|Knock Off|p2b: Indeedee
|-supereffective|p2b: Indeedee
|-damage|p2b: Indeedee|4/100
|move|p2a: Hatterene|Trick Room|p2a: Hatterene
|-fieldstart|move: Trick Room|[of] p2a: Hatterene
|
|upkeep
|turn|2
|inactive|ronjohn has 30 seconds left.
|
|t:|1757719497
|move|p2a: Hatterene|Protect|p2a: Hatterene
|-singleturn|p2a: Hatterene|Protect
|move|p1b: Gholdengo|Protect|p1b: Gholdengo
|-singleturn|p1b: Gholdengo|Protect
|move|p1a: Incineroar|Knock Off|p2a: Hatterene
|-activate|p2a: Hatterene|move: Protect
|move|p2b: Indeedee|Psychic|p1b: Gholdengo
|-activate|p1b: Gholdengo|move: Protect
|
|upkeep
|turn|3
|inactive|ronjohn has 30 seconds left.
|
|t:|1757719523
|move|p2b: Indeedee|Helping Hand|p2a: Hatterene
|-singleturn|p2a: Hatterene|Helping Hand|[of] p2b: Indeedee
|move|p2a: Hatterene|Dazzling Gleam|p1a: Incineroar|[spread] p1a,p1b
|-resisted|p1b: Gholdengo
|-damage|p1a: Incineroar|42/100
|-damage|p1b: Gholdengo|53/100
|-damage|p2a: Hatterene|53/100|[from] item: Life Orb
|move|p1a: Incineroar|Knock Off|p2a: Hatterene
|-damage|p2a: Hatterene|8/100
|-enditem|p2a: Hatterene|Life Orb|[from] move: Knock Off|[of] p1a: Incineroar
|move|p1b: Gholdengo|Nasty Plot|p1b: Gholdengo
|-boost|p1b: Gholdengo|spa|2
|
|upkeep
|turn|4
|inactive|ronjohn has 30 seconds left.
|inactive|ronjohn has 20 seconds left.
|inactive|ronjohn has 15 seconds left.
|
|t:|1757719564
|move|p2b: Indeedee|Helping Hand|p2a: Hatterene
|-singleturn|p2a: Hatterene|Helping Hand|[of] p2b: Indeedee
|move|p1b: Gholdengo|Protect|p1b: Gholdengo
|-singleturn|p1b: Gholdengo|Protect
|move|p2a: Hatterene|Dazzling Gleam|p1a: Incineroar|[spread] p1a
|-activate|p1b: Gholdengo|move: Protect
|-damage|p1a: Incineroar|0 fnt
|faint|p1a: Incineroar
|
|upkeep
|
|t:|1757719583
|switch|p1a: Ursaluna|Ursaluna-Bloodmoon, L50, M|100/100
|turn|5
|
|t:|1757719603
|move|p2b: Indeedee|Helping Hand|p2a: Hatterene
|-singleturn|p2a: Hatterene|Helping Hand|[of] p2b: Indeedee
|move|p2a: Hatterene|Expanding Force|p1a: Ursaluna|[spread] p1a,p1b
|-resisted|p1b: Gholdengo
|-damage|p1a: Ursaluna|30/100
|-damage|p1b: Gholdengo|0 fnt
|faint|p1b: Gholdengo
|move|p1a: Ursaluna|Hyper Voice|p2b: Indeedee|[spread] p2a,p2b
|-damage|p2a: Hatterene|0 fnt
|-damage|p2b: Indeedee|0 fnt
|faint|p2a: Hatterene
|faint|p2b: Indeedee
|
|-fieldend|move: Trick Room
|-fieldend|move: Psychic Terrain
|upkeep
|
|t:|1757719614
|switch|p1b: Ninetales|Ninetales-Alola, L50, M|100/100
|switch|p2b: Ursaluna|Ursaluna, L50, F|100/100
|switch|p2a: Torkoal|Torkoal, L50, F|100/100
|-weather|Snowscape|[from] ability: Snow Warning|[of] p1b: Ninetales
|-weather|SunnyDay|[from] ability: Drought|[of] p2a: Torkoal
|turn|6
|inactive|ronjohn has 30 seconds left.
|
|t:|1757719652
|move|p1b: Ninetales|Blizzard|p2a: Torkoal|[spread] 
|-miss|p1b: Ninetales|p2a: Torkoal
|-miss|p1b: Ninetales|p2b: Ursaluna
|move|p1a: Ursaluna|Earth Power|p2a: Torkoal
|-supereffective|p2a: Torkoal
|-damage|p2a: Torkoal|0 fnt
|faint|p2a: Torkoal
|move|p2b: Ursaluna|Earthquake|p1b: Ninetales|[spread] p1a,p1b
|-crit|p1a: Ursaluna
|-damage|p1a: Ursaluna|0 fnt
|-damage|p1b: Ninetales|35/100
|faint|p1a: Ursaluna
|
|-weather|SunnyDay|[upkeep]
|-status|p2b: Ursaluna|brn|[from] item: Flame Orb
|upkeep
|turn|7
|
|t:|1757719670
|move|p1b: Ninetales|Protect|p1b: Ninetales
|-singleturn|p1b: Ninetales|Protect
|move|p2b: Ursaluna|Facade|p1b: Ninetales
|-activate|p1b: Ninetales|move: Protect
|
|-weather|SunnyDay|[upkeep]
|-damage|p2b: Ursaluna|95/100 brn|[from] brn
|upkeep
|turn|8
|
|t:|1757719681
|-terastallize|p1b: Ninetales|Ghost
|move|p1b: Ninetales|Encore|p2b: Ursaluna
|-start|p2b: Ursaluna|Encore
|move|p2b: Ursaluna|Facade|p1b: Ninetales
|-immune|p1b: Ninetales
|
|-weather|SunnyDay|[upkeep]
|-damage|p2b: Ursaluna|89/100 brn|[from] brn
|upkeep
|turn|9
|
|t:|1757719692
|move|p1b: Ninetales|Blizzard|p2b: Ursaluna
|-supereffective|p2b: Ursaluna
|-damage|p2b: Ursaluna|18/100 brn
|move|p2b: Ursaluna|Facade|p1b: Ninetales
|-immune|p1b: Ninetales
|
|-weather|SunnyDay|[upkeep]
|-damage|p2b: Ursaluna|12/100 brn|[from] brn
|upkeep
|turn|10
|
|t:|1757719702
|move|p1b: Ninetales|Blizzard|p2b: Ursaluna
|-supereffective|p2b: Ursaluna
|-damage|p2b: Ursaluna|0 fnt
|faint|p2b: Ursaluna
|
|win|ronjohn
||Lucifer0042 is ready for game 2.
|l|☆Lucifer0042
|player|p2|
