|j|☆rasaighul
|j|☆Luizinho8
|html|rasaighulLuizinho8    
|uhtml|bestof|Game 2 of a best-of-3
|t:|1756419565
|gametype|doubles
|player|p1|rasaighul|palmer|1058
|player|p2|Luizinho8|266|1040
|gen|9
|tier|[Gen 9] VGC 2025 Reg H (Bo3)
|rated|
|rule|Species Clause: Limit one of each Pokémon
|rule|Item Clause: Limit 1 of each item
|clearpoke
|poke|p1|Porygon2, L50|
|poke|p1|Incineroar, L50, F|
|poke|p1|Ursaluna, L50, F|
|poke|p1|Charizard, L50, F|
|poke|p1|Jumpluff, L50, F|
|poke|p1|Torkoal, L50, M|
|poke|p2|Charizard, L50, M|
|poke|p2|Torkoal, L50, F|
|poke|p2|Porygon2, L50|
|poke|p2|Incineroar, L50, F|
|poke|p2|Jumpluff, L50, F|
|poke|p2|Ursaluna, L50, M|
|teampreview|4
|showteam|p1|Porygon2||Eviolite|Download|TeraBlast,IceBeam,Recover,TrickRoom||||||50|,,,,,Fighting]Incineroar||SafetyGoggles|Intimidate|FakeOut,FlareBlitz,KnockOff,PartingShot|||F|||50|,,,,,Ghost]Ursaluna||FlameOrb|Guts|Earthquake,Facade,HeadlongRush,Protect|||F|||50|,,,,,Ghost]Charizard||ChoiceSpecs|SolarPower|HeatWave,Overheat,AirSlash,WeatherBall|||F|||50|,,,,,Ghost]Jumpluff||CovertCloak|Chlorophyll|Tailwind,SunnyDay,RagePowder,SleepPowder|||F|||50|,,,,,Water]Torkoal||EjectPack|Drought|Overheat,Eruption,HelpingHand,Protect|||M|||50|,,,,,Fire
|showteam|p2|Charizard||ChoiceSpecs|SolarPower|HeatWave,Overheat,WeatherBall,AirSlash|||M|||50|,,,,,Ghost]Torkoal||EjectPack|Drought|Eruption,Overheat,HelpingHand,Protect|||F|||50|,,,,,Fire]Porygon2||Eviolite|Download|IceBeam,TeraBlast,TrickRoom,Recover||||||50|,,,,,Fighting]Incineroar||SitrusBerry|Intimidate|FlareBlitz,KnockOff,FakeOut,PartingShot|||F|||50|,,,,,Ghost]Jumpluff||CovertCloak|Chlorophyll|SleepPowder,SunnyDay,RagePowder,Tailwind|||F|||50|,,,,,Water]Ursaluna||FlameOrb|Guts|HeadlongRush,Facade,Earthquake,Protect|||M|||50|,,,,,Ghost
|inactive|Battle timer is ON: inactive players will automatically lose when time's up. (requested by rasaighul)
|inactive|Luizinho8 has 60 seconds left.
|
|t:|1756419606
|teamsize|p1|4
|teamsize|p2|4
|start
|switch|p1a: Jumpluff|Jumpluff, L50, F, shiny|100/100
|switch|p1b: Incineroar|Incineroar, L50, F|100/100
|switch|p2a: Torkoal|Torkoal, L50, F|100/100
|switch|p2b: Charizard|Charizard, L50, M|100/100
|-ability|p1b: Incineroar|Intimidate|boost
|-unboost|p2a: Torkoal|atk|1
|-unboost|p2b: Charizard|atk|1
|-weather|SunnyDay|[from] ability: Drought|[of] p2a: Torkoal
|-enditem|p2a: Torkoal|Eject Pack
|
|t:|1756419625
|switch|p2a: Ursaluna|Ursaluna, L50, M|100/100
|turn|1
|
|t:|1756419638
|-terastallize|p1a: Jumpluff|Water
|-terastallize|p2b: Charizard|Ghost
|move|p2a: Ursaluna|Protect|p2a: Ursaluna
|-singleturn|p2a: Ursaluna|Protect
|move|p1a: Jumpluff|Sleep Powder|p2b: Charizard|[miss]
|-miss|p1a: Jumpluff|p2b: Charizard
|move|p2b: Charizard|Heat Wave|p1a: Jumpluff|[spread] p1a
|-miss|p2b: Charizard|p1b: Incineroar
|-resisted|p1a: Jumpluff
|-damage|p1a: Jumpluff|45/100
|move|p1b: Incineroar|Knock Off|p2b: Charizard
|-supereffective|p2b: Charizard
|-damage|p2b: Charizard|0 fnt
|-enditem|p2b: Charizard|Choice Specs|[from] move: Knock Off|[of] p1b: Incineroar
|faint|p2b: Charizard
|
|-weather|SunnyDay|[upkeep]
|-status|p2a: Ursaluna|brn|[from] item: Flame Orb
|upkeep
|
|t:|1756419657
|switch|p2b: Torkoal|Torkoal, L50, F|100/100
|turn|2
|
|t:|1756419680
|move|p1a: Jumpluff|Tailwind|p1a: Jumpluff
|-sidestart|p1: rasaighul|move: Tailwind
|move|p1b: Incineroar|Parting Shot|p2a: Ursaluna
|-unboost|p2a: Ursaluna|atk|1
|-unboost|p2a: Ursaluna|spa|1
|
|t:|1756419689
|switch|p1b: Ursaluna|Ursaluna, L50, F|100/100|[from] Parting Shot
|move|p2a: Ursaluna|Facade|p1b: Ursaluna
|-damage|p1b: Ursaluna|34/100
|move|p2b: Torkoal|Eruption|p1b: Ursaluna|[spread] p1a,p1b
|-resisted|p1a: Jumpluff
|-damage|p1a: Jumpluff|9/100
|-damage|p1b: Ursaluna|0 fnt
|faint|p1b: Ursaluna
|
|-weather|SunnyDay|[upkeep]
|-damage|p2a: Ursaluna|95/100 brn|[from] brn
|upkeep
|
|t:|1756419694
|switch|p1b: Charizard|Charizard, L50, F|100/100
|turn|3
|inactive|Luizinho8 has 30 seconds left.
|
|t:|1756419729
|move|p2b: Torkoal|Protect|p2b: Torkoal
|-singleturn|p2b: Torkoal|Protect
|move|p1a: Jumpluff|Sleep Powder|p2b: Torkoal
|-activate|p2b: Torkoal|move: Protect
|move|p1b: Charizard|Weather Ball|p2a: Ursaluna
|-damage|p2a: Ursaluna|0 fnt
|faint|p2a: Ursaluna
|
|-weather|SunnyDay|[upkeep]
|-damage|p1b: Charizard|88/100|[from] ability: Solar Power|[of] p1b: Charizard
|upkeep
|
|t:|1756419740
|switch|p2a: Jumpluff|Jumpluff, L50, F|100/100
|turn|4
|
|t:|1756419766
|switch|p1b: Incineroar|Incineroar, L50, F|100/100
|-ability|p1b: Incineroar|Intimidate|boost
|-unboost|p2a: Jumpluff|atk|1
|-unboost|p2b: Torkoal|atk|1
|move|p2a: Jumpluff|Rage Powder|p2a: Jumpluff
|-singleturn|p2a: Jumpluff|move: Rage Powder
|move|p1a: Jumpluff|Sleep Powder|p2a: Jumpluff
|-immune|p2a: Jumpluff
|move|p2b: Torkoal|Eruption|p1b: Incineroar|[spread] p1a,p1b
|-resisted|p1a: Jumpluff
|-resisted|p1b: Incineroar
|-damage|p1a: Jumpluff|0 fnt
|-damage|p1b: Incineroar|67/100
|faint|p1a: Jumpluff
|
|-weather|SunnyDay|[upkeep]
|upkeep
|
|t:|1756419774
|switch|p1a: Charizard|Charizard, L50, F|88/100
|turn|5
|inactive|Luizinho8 has 30 seconds left.
|
|t:|1756419802
|move|p2b: Torkoal|Protect|p2b: Torkoal
|-singleturn|p2b: Torkoal|Protect
|move|p1b: Incineroar|Fake Out|p2b: Torkoal
|-activate|p2b: Torkoal|move: Protect
|move|p2a: Jumpluff|Sleep Powder|p1a: Charizard
|-status|p1a: Charizard|slp|[from] move: Sleep Powder
|cant|p1a: Charizard|slp
|
|-weather|none
|-sideend|p1: rasaighul|move: Tailwind
|upkeep
|turn|6
|
|t:|1756419823
|move|p2a: Jumpluff|Tailwind|p2a: Jumpluff
|-sidestart|p2: Luizinho8|move: Tailwind
|cant|p1a: Charizard|slp
|move|p1b: Incineroar|Knock Off|p2b: Torkoal
|-damage|p2b: Torkoal|73/100
|move|p2b: Torkoal|Eruption|p1a: Charizard|[spread] p1a,p1b
|-resisted|p1a: Charizard
|-resisted|p1b: Incineroar
|-damage|p1a: Charizard|65/100 slp
|-damage|p1b: Incineroar|49/100
|
|upkeep
|turn|7
|
|t:|1756419843
|move|p2a: Jumpluff|Rage Powder|p2a: Jumpluff
|-singleturn|p2a: Jumpluff|move: Rage Powder
|cant|p1a: Charizard|slp
|move|p1b: Incineroar|Knock Off|p2b: Torkoal
|-damage|p2b: Torkoal|48/100
|move|p2b: Torkoal|Eruption|p1b: Incineroar|[spread] p1a,p1b
|-resisted|p1a: Charizard
|-resisted|p1b: Incineroar
|-crit|p1b: Incineroar
|-damage|p1a: Charizard|51/100 slp
|-damage|p1b: Incineroar|34/100
|
|upkeep
|turn|8
|
|t:|1756419862
|move|p2a: Jumpluff|Sleep Powder|p1a: Charizard|[miss]
|-miss|p2a: Jumpluff|p1a: Charizard
|-curestatus|p1a: Charizard|slp|[msg]
|move|p1a: Charizard|Air Slash|p2a: Jumpluff
|-supereffective|p2a: Jumpluff
|-damage|p2a: Jumpluff|0 fnt
|faint|p2a: Jumpluff
|move|p1b: Incineroar|Knock Off|p2b: Torkoal
|-damage|p2b: Torkoal|24/100
|move|p2b: Torkoal|Eruption|p1a: Charizard|[spread] p1a,p1b
|-resisted|p1a: Charizard
|-resisted|p1b: Incineroar
|-damage|p1a: Charizard|44/100
|-damage|p1b: Incineroar|28/100
|
|upkeep
|turn|9
|
|t:|1756419879
|move|p1a: Charizard|Air Slash|p2b: Torkoal
|-damage|p2b: Torkoal|0 fnt
|faint|p2b: Torkoal
|
|win|rasaighul
||Luizinho8 is ready for game 3.
