|j|☆EXHOUL
|j|☆Ribombees believer
|html|EXHOULRibombees believer    
|uhtml|bestof|Game 1 of a best-of-3
|t:|1756735259
|gametype|doubles
|player|p1|EXHOUL|shadowtriad|1401
|player|p2|Ribombees believer|skier|1409
|gen|9
|tier|[Gen 9] VGC 2025 Reg H (Bo3)
|rated|
|rule|Species Clause: Limit one of each Pokémon
|rule|Item Clause: Limit 1 of each item
|clearpoke
|poke|p1|Torkoal, L50, F|
|poke|p1|Lilligant-Hisui, L50, F|
|poke|p1|Armarouge, L50, F|
|poke|p1|Indeedee-F, L50, F|
|poke|p1|Incineroar, L50, M|
|poke|p1|Ursaluna, L50, F|
|poke|p2|Dondozo, L50, M|
|poke|p2|Tatsugiri, L50, M|
|poke|p2|Indeedee, L50, M|
|poke|p2|Dragapult, L50, F|
|poke|p2|Ribombee, L50, F|
|poke|p2|Gholdengo, L50|
|teampreview|4
|showteam|p1|Torkoal||Charcoal|Drought|Eruption,Flamethrower,ClearSmog,Protect|||F|||50|,,,,,Fire]Lilligant-Hisui||FocusSash|Chlorophyll|SleepPowder,CloseCombat,Encore,AfterYou|||F|||50|,,,,,Ghost]Armarouge||LifeOrb|FlashFire|ExpandingForce,ArmorCannon,WideGuard,TrickRoom|||F|||50|,,,,,Grass]Indeedee-F||RockyHelmet|PsychicSurge|FollowMe,HelpingHand,DazzlingGleam,TrickRoom|||F|||50|,,,,,Steel]Incineroar||SafetyGoggles|Intimidate|FakeOut,PartingShot,KnockOff,FlareBlitz|||M|||50|,,,,,Ghost]Ursaluna||FlameOrb|Guts|Facade,HeadlongRush,Earthquake,Protect|||F|||50|,,,,,Ghost
|showteam|p2|Dondozo||Leftovers|Unaware|WaveCrash,Earthquake,OrderUp,Protect|||M|||50|,,,,,Grass]Tatsugiri||ChoiceScarf|Commander|MuddyWater,DracoMeteor,DragonPulse,TeraBlast|||M|||50|,,,,,Fairy]Indeedee||FocusSash|PsychicSurge|ExpandingForce,TeraBlast,HyperVoice,Protect|||M|||50|,,,,,Fighting]Dragapult||ChoiceBand|ClearBody|DragonDarts,Outrage,PhantomForce,Uturn|||F|||50|,,,,,Dragon]Ribombee||ChoiceSpecs|ShieldDust|Moonblast,PollenPuff,DazzlingGleam,TeraBlast|||F|||50|,,,,,Ground]Gholdengo||LifeOrb|GoodasGold|MakeItRain,ShadowBall,Thunderbolt,Protect||||||50|,,,,,Water
|inactive|Battle timer is ON: inactive players will automatically lose when time's up. (requested by EXHOUL)
|inactive|Ribombees believer also wants the timer to be on.
|
|t:|1756735270
|teamsize|p1|4
|teamsize|p2|4
|start
|switch|p1a: Indeedee|Indeedee-F, L50, F|100/100
|switch|p1b: Armarouge|Armarouge, L50, F|100/100
|switch|p2a: ilaunchmybro|Dragapult, L50, F|100/100
|switch|p2b: Indeedee|Indeedee, L50, M|100/100
|-fieldstart|move: Psychic Terrain|[from] ability: Psychic Surge|[of] p2b: Indeedee
|turn|1
|inactive|Ribombees believer has 30 seconds left.
|inactive|Ribombees believer has 20 seconds left.
|inactive|Ribombees believer has 15 seconds left.
|
|t:|1756735311
|move|p1a: Indeedee|Follow Me|p1a: Indeedee
|-singleturn|p1a: Indeedee|move: Follow Me
|move|p2a: ilaunchmybro|U-turn|p1a: Indeedee
|-supereffective|p1a: Indeedee
|-damage|p1a: Indeedee|24/100
|-damage|p2a: ilaunchmybro|84/100|[from] item: Rocky Helmet|[of] p1a: Indeedee
|
|t:|1756735316
|switch|p2a: Big Back|Dondozo, L50, M|100/100|[from] U-turn
|move|p2b: Indeedee|Hyper Voice|p1a: Indeedee|[spread] p1a,p1b
|-damage|p1a: Indeedee|0 fnt
|-damage|p1b: Armarouge|69/100
|faint|p1a: Indeedee
|move|p1b: Armarouge|Trick Room|p1b: Armarouge
|-fieldstart|move: Trick Room|[of] p1b: Armarouge
|
|upkeep
|inactive|EXHOUL has 30 seconds left.
|
|t:|1756735345
|switch|p1a: Torkoal|Torkoal, L50, F|100/100
|-weather|SunnyDay|[from] ability: Drought|[of] p1a: Torkoal
|turn|2
|
|t:|1756735349
|-terastallize|p1b: Armarouge|Grass
|move|p2a: Big Back|Protect|p2a: Big Back
|-singleturn|p2a: Big Back|Protect
|move|p2b: Indeedee|Protect|p2b: Indeedee
|-singleturn|p2b: Indeedee|Protect
|move|p1a: Torkoal|Eruption|p2a: Big Back|[spread] 
|-activate|p2a: Big Back|move: Protect
|-activate|p2b: Indeedee|move: Protect
|move|p1b: Armarouge|Expanding Force|p2b: Indeedee|[spread] 
|-activate|p2a: Big Back|move: Protect
|-activate|p2b: Indeedee|move: Protect
|
|-weather|SunnyDay|[upkeep]
|upkeep
|turn|3
|
|t:|1756735363
|switch|p2b: Alaskan Roll|Tatsugiri, L50, M|100/100
|-activate|p2b: Alaskan Roll|ability: Commander|[of] p2a: Big Back
|-boost|p2a: Big Back|atk|2
|-boost|p2a: Big Back|spa|2
|-boost|p2a: Big Back|spe|2
|-boost|p2a: Big Back|def|2
|-boost|p2a: Big Back|spd|2
|move|p1a: Torkoal|Clear Smog|p2a: Big Back
|-damage|p2a: Big Back|93/100
|-clearboost|p2a: Big Back
|move|p1b: Armarouge|Expanding Force|p2b: Alaskan Roll|[spread] p2a
|-miss|p1b: Armarouge|p2b: Alaskan Roll
|-damage|p2a: Big Back|7/100
|-damage|p1b: Armarouge|59/100|[from] item: Life Orb
|move|p2a: Big Back|Earthquake|p1a: Torkoal|[spread] p1a,p1b
|-miss|p2a: Big Back|p2b: Alaskan Roll
|-supereffective|p1a: Torkoal
|-resisted|p1b: Armarouge
|-damage|p1a: Torkoal|67/100
|-damage|p1b: Armarouge|48/100
|
|-weather|SunnyDay|[upkeep]
|-heal|p2a: Big Back|13/100|[from] item: Leftovers
|upkeep
|turn|4
|
|t:|1756735385
|switch|p1b: Ursaluna|Ursaluna, L50, F|100/100
|move|p2a: Big Back|Protect|p2a: Big Back
|-singleturn|p2a: Big Back|Protect
|move|p1a: Torkoal|Flamethrower|p2a: Big Back
|-activate|p2a: Big Back|move: Protect
|
|-weather|SunnyDay|[upkeep]
|-heal|p2a: Big Back|19/100|[from] item: Leftovers
|-status|p1b: Ursaluna|brn|[from] item: Flame Orb
|upkeep
|turn|5
|
|t:|1756735392
|move|p1a: Torkoal|Flamethrower|p2a: Big Back
|-resisted|p2a: Big Back
|-damage|p2a: Big Back|0 fnt
|faint|p2a: Big Back
|move|p1b: Ursaluna|Facade|p2b: Alaskan Roll
|-damage|p2b: Alaskan Roll|0 fnt
|faint|p2b: Alaskan Roll
|
|-weather|SunnyDay|[upkeep]
|-damage|p1b: Ursaluna|95/100 brn|[from] brn
|-fieldend|move: Trick Room
|-fieldend|move: Psychic Terrain
|upkeep
|
|t:|1756735401
|switch|p2b: Indeedee|Indeedee, L50, M|100/100
|switch|p2a: ilaunchmybro|Dragapult, L50, F|84/100
|-fieldstart|move: Psychic Terrain|[from] ability: Psychic Surge|[of] p2b: Indeedee
|turn|6
|
|t:|1756735423
|-terastallize|p2a: ilaunchmybro|Dragon
|move|p2a: ilaunchmybro|Dragon Darts|p1b: Ursaluna
|-damage|p1b: Ursaluna|53/100 brn
|-anim|p2a: ilaunchmybro|Dragon Darts|p1a: Torkoal
|-damage|p1a: Torkoal|26/100
|move|p2b: Indeedee|Expanding Force|p1a: Torkoal|[spread] p1a,p1b
|-damage|p1a: Torkoal|0 fnt
|-damage|p1b: Ursaluna|1/100 brn
|faint|p1a: Torkoal
|move|p1b: Ursaluna|Earthquake|p2a: ilaunchmybro|[spread] p2a,p2b
|-damage|p2a: ilaunchmybro|0 fnt
|-enditem|p2b: Indeedee|Focus Sash
|-damage|p2b: Indeedee|1/100
|faint|p2a: ilaunchmybro
|
|-weather|none
|-damage|p1b: Ursaluna|0 fnt|[from] brn
|faint|p1b: Ursaluna
|upkeep
|
|t:|1756735436
|switch|p1b: Armarouge|Armarouge, L50, F, tera:Grass|48/100
|turn|7
|
|t:|1756735440
|move|p1b: Armarouge|Wide Guard|p1b: Armarouge
|-singleturn|p1b: Armarouge|Wide Guard
|move|p2b: Indeedee|Expanding Force|p1b: Armarouge
|-activate|p1b: Armarouge|move: Wide Guard
|
|upkeep
|turn|8
|
|t:|1756735449
|move|p1b: Armarouge|Wide Guard|p1b: Armarouge
|-singleturn|p1b: Armarouge|Wide Guard
|move|p2b: Indeedee|Expanding Force|p1b: Armarouge
|-activate|p1b: Armarouge|move: Wide Guard
|
|upkeep
|turn|9
|
|t:|1756735453
|move|p2b: Indeedee|Expanding Force|p1b: Armarouge
|-damage|p1b: Armarouge|0 fnt
|faint|p1b: Armarouge
|
|win|Ribombees believer
||EXHOUL is ready for game 2.
