|j|☆pink spoon
|j|☆RouletteRegional
|html|pink spoonRouletteRegional    
|uhtml|bestof|Game 2 of a best-of-3
|t:|1783278246
|gametype|doubles
|player|p1|pink spoon|parasollady|1343
|player|p2|RouletteRegional|lance|1366
|gen|9
|tier|[Gen 9 Champions] VGC 2026 Reg M-B (Bo3)
|rated|
|rule|Species Clause: Limit one of each Pokémon
|rule|Item Clause: Limit 1 of each item
|clearpoke
|poke|p1|Gyarados, L50, F|
|poke|p1|Maushold-Four, L50|
|poke|p1|Armarouge, L50, F|
|poke|p1|Incineroar, L50, M|
|poke|p1|Sylveon, L50, F|
|poke|p1|Froslass, L50, F|
|poke|p2|Sneasler, L50, F|
|poke|p2|Incineroar, L50, M|
|poke|p2|Sinistcha, L50|
|poke|p2|Blastoise, L50, M|
|poke|p2|Delphox, L50, M|
|poke|p2|Maushold, L50|
|teampreview|4
|showteam|p1|Gyarados||Gyaradosite|Intimidate|Waterfall,Crunch,DragonDance,Protect|Jolly||F|||50|]Maushold-Four||FocusSash|FriendGuard|SuperFang,FollowMe,Protect,AfterYou|Jolly|||||50|]Armarouge||ColburBerry|FlashFire|HeatWave,CalmMind,TrickRoom,Protect|Quiet||F|||50|]Incineroar||SitrusBerry|Intimidate|FlareBlitz,ThroatChop,FakeOut,PartingShot|Careful||M|||50|]Sylveon||FairyFeather|Pixilate|HyperVoice,DrainingKiss,CalmMind,Protect|Modest||F|||50|]Froslass||Froslassite|CursedBody|Blizzard,IcyWind,AuroraVeil,Protect|Modest||F|||50|
|showteam|p2|Sneasler||FocusSash|PoisonTouch|DireClaw,CloseCombat,FakeOut,QuickGuard|Jolly||F|||50|]Incineroar||SitrusBerry|Intimidate|FlareBlitz,HelpingHand,PartingShot,FakeOut|Impish||M|||50|]Sinistcha||KasibBerry|Hospitality|MatchaGotcha,RagePowder,LifeDew,Protect|Relaxed|||||50|]Blastoise||Blastoisinite|RainDish|WaterSpout,DarkPulse,ShellSmash,Protect|Modest||M|||50|]Delphox||Delphoxite|Blaze|HeatWave,Psyshock,NastyPlot,Protect|Timid||M|||50|]Maushold||ChopleBerry|FriendGuard|SuperFang,Feint,FollowMe,Protect|Impish|||||50|
|
|t:|1783278268
|teamsize|p1|4
|teamsize|p2|4
|start
|switch|p1a: Sylveon|Sylveon, L50, F|100/100
|switch|p1b: Incineroar|Incineroar, L50, M|100/100
|switch|p2a: Blastoise|Blastoise, L50, M|100/100
|switch|p2b: Incineroar|Incineroar, L50, M|100/100
|-ability|p1b: Incineroar|Intimidate|boost
|-unboost|p2a: Blastoise|atk|1
|-unboost|p2b: Incineroar|atk|1
|-ability|p2b: Incineroar|Intimidate|boost
|-unboost|p1a: Sylveon|atk|1
|-unboost|p1b: Incineroar|atk|1
|turn|1
|inactive|Battle timer is ON: inactive players will automatically lose when time's up. (requested by RouletteRegional)
|
|t:|1783278281
|detailschange|p2a: Blastoise|Blastoise-Mega, L50, M
|-mega|p2a: Blastoise|Blastoise|Blastoisinite
|move|p1b: Incineroar|Fake Out|p2b: Incineroar
|-damage|p2b: Incineroar|94/100
|cant|p2b: Incineroar|flinch
|move|p2a: Blastoise|Water Spout|p1b: Incineroar|[spread] p1a,p1b
|-supereffective|p1b: Incineroar|1
|-damage|p1a: Sylveon|42/100
|-damage|p1b: Incineroar|0 fnt
|faint|p1b: Incineroar
|move|p1a: Sylveon|Calm Mind|p1a: Sylveon
|-boost|p1a: Sylveon|spa|1
|-boost|p1a: Sylveon|spd|1
|
|upkeep
|
|t:|1783278285
|switch|p1b: Maushold|Maushold-Four, L50|100/100
|turn|2
|
|t:|1783278295
|move|p2a: Blastoise|Protect|p2a: Blastoise
|-singleturn|p2a: Blastoise|Protect
|move|p1b: Maushold|Follow Me|p1b: Maushold
|-singleturn|p1b: Maushold|move: Follow Me
|move|p1a: Sylveon|Calm Mind|p1a: Sylveon
|-boost|p1a: Sylveon|spa|1
|-boost|p1a: Sylveon|spd|1
|move|p2b: Incineroar|Parting Shot|p1b: Maushold
|-unboost|p1b: Maushold|atk|1
|-unboost|p1b: Maushold|spa|1
|
|t:|1783278305
|switch|p2b: Sneasler|Sneasler, L50, F|100/100|[from] Parting Shot
|
|upkeep
|turn|3
|
|t:|1783278320
|move|p2b: Sneasler|Fake Out|p1a: Sylveon
|-damage|p1a: Sylveon|26/100
|-status|p1a: Sylveon|psn|[from] ability: Poison Touch|[of] p2b: Sneasler
|move|p1b: Maushold|Super Fang|p2a: Blastoise
|-damage|p2a: Blastoise|50/100y
|move|p2a: Blastoise|Shell Smash|p2a: Blastoise
|-unboost|p2a: Blastoise|def|1
|-unboost|p2a: Blastoise|spd|1
|-boost|p2a: Blastoise|atk|2
|-boost|p2a: Blastoise|spa|2
|-boost|p2a: Blastoise|spe|2
|cant|p1a: Sylveon|flinch
|
|-damage|p1a: Sylveon|13/100 psn|[from] psn
|upkeep
|turn|4
|
|t:|1783278337
|switch|p2b: Sinistcha|Sinistcha, L50|100/100
|-heal|p2a: Blastoise|75/100|[from] ability: Hospitality|[of] p2b: Sinistcha
|move|p2a: Blastoise|Water Spout|p1b: Maushold|[spread] p1a,p1b
|-damage|p1a: Sylveon|0 fnt
|-enditem|p1b: Maushold|Focus Sash
|-damage|p1b: Maushold|1/100
|faint|p1a: Sylveon
|move|p1b: Maushold|Super Fang|p2b: Sinistcha
|-immune|p2b: Sinistcha
|
|upkeep
|
|t:|1783278340
|switch|p1a: Gyarados|Gyarados, L50, F|100/100
|-ability|p1a: Gyarados|Intimidate|boost
|-unboost|p2a: Blastoise|atk|1
|-unboost|p2b: Sinistcha|atk|1
|turn|5
|-message|pink spoon forfeited.
|
|win|RouletteRegional
|raw|pink spoon's rating: 1343 → 1324(-19 for losing)
|raw|RouletteRegional's rating: 1366 → 1385(+19 for winning)
