|j|☆veryreally
|j|☆Olive19907
|html|veryreallyOlive19907    
|uhtml|bestof|Game 2 of a best-of-3
|t:|1757851348
|gametype|doubles
|player|p1|veryreally|2|1107
|player|p2|Olive19907|cynthia-gen4|1021
|gen|9
|tier|[Gen 9] VGC 2025 Reg H (Bo3)
|rated|
|rule|Species Clause: Limit one of each Pokémon
|rule|Item Clause: Limit 1 of each item
|clearpoke
|poke|p1|Baxcalibur, L50, F|
|poke|p1|Dondozo, L50, M|
|poke|p1|Kingambit, L50, M|
|poke|p1|Rillaboom, L50, M|
|poke|p1|Sneasler, L50, F|
|poke|p1|Volcarona, L50, M|
|poke|p2|Sylveon, L50, M|
|poke|p2|Amoonguss, L50, F|
|poke|p2|Gastrodon-East, L50, F|
|poke|p2|Garchomp, L50, F|
|poke|p2|Klefki, L50, M|
|poke|p2|Gligar, L50, F|
|teampreview|4
|showteam|p1|Baxcalibur||LoadedDice|ThermalExchange|IcicleSpear,ScaleShot,Protect,IceShard|||F|||50|,,,,,Ghost]Dondozo||Leftovers|Unaware|Liquidation,Fissure,Protect,Yawn|||M|||50|,,,,,Bug]Kingambit||SafetyGoggles|Defiant|KowtowCleave,SuckerPunch,Protect,SwordsDance|||M|||50|,,,,,Dark]Rillaboom||AssaultVest|GrassySurge|FakeOut,GrassyGlide,HighHorsepower,WoodHammer|||M|||50|,,,,,Water]Sneasler||FocusSash|Unburden|DireClaw,CloseCombat,Protect,Coaching|||F|||50|,,,,,Stellar]Volcarona||CovertCloak|FlameBody|HeatWave,TeraBlast,RagePowder,QuiverDance|||M|||50|,,,,,Fairy
|showteam|p2|Sylveon||ThroatSpray|Pixilate|HyperVoice,TeraBlast,QuickAttack,Protect|||M|||50|,,,,,Fire]Amoonguss||WikiBerry|Regenerator|PollenPuff,Spore,WorrySeed,Protect|||F|||50|,,,,,Water]Gastrodon-East||Leftovers|StormDrain|EarthPower,IceBeam,Snowscape,Protect|||F|||50|,,,,,Fire]Garchomp||ClearAmulet|RoughSkin|Earthquake,RockSlide,SwordsDance,Protect|||F|||50|,,,,,Fire]Klefki||LightClay|Prankster|FoulPlay,TrickRoom,LightScreen,Reflect|||M|||50|,,,,,Dark]Gligar||Eviolite|HyperCutter|DualWingbeat,KnockOff,Feint,Taunt|||F|||50|,,,,,Water
|inactive|Battle timer is ON: inactive players will automatically lose when time's up. (requested by veryreally)
|
|t:|1757851359
|teamsize|p1|4
|teamsize|p2|4
|start
|switch|p1a: Rillaboom|Rillaboom, L50, M|100/100
|switch|p1b: Volcarona|Volcarona, L50, M|100/100
|switch|p2a: Garchomp|Garchomp, L50, F|100/100
|switch|p2b: Sylveon|Sylveon, L50, M|100/100
|-fieldstart|move: Grassy Terrain|[from] ability: Grassy Surge|[of] p1a: Rillaboom
|turn|1
|
|t:|1757851376
|-terastallize|p2a: Garchomp|Fire
|move|p1a: Rillaboom|Fake Out|p2a: Garchomp
|-damage|p2a: Garchomp|87/100
|-damage|p1a: Rillaboom|88/100|[from] ability: Rough Skin|[of] p2a: Garchomp
|cant|p2a: Garchomp|flinch
|move|p1b: Volcarona|Quiver Dance|p1b: Volcarona
|-boost|p1b: Volcarona|spa|1
|-boost|p1b: Volcarona|spd|1
|-boost|p1b: Volcarona|spe|1
|move|p2b: Sylveon|Hyper Voice|p1a: Rillaboom|[spread] p1a,p1b
|-resisted|p1b: Volcarona
|-damage|p1a: Rillaboom|59/100
|-damage|p1b: Volcarona|88/100
|-enditem|p2b: Sylveon|Throat Spray
|-boost|p2b: Sylveon|spa|1|[from] item: Throat Spray
|
|-heal|p1b: Volcarona|94/100|[from] Grassy Terrain
|-heal|p2a: Garchomp|93/100|[from] Grassy Terrain
|-heal|p1a: Rillaboom|65/100|[from] Grassy Terrain
|upkeep
|turn|2
|
|t:|1757851404
|move|p2b: Sylveon|Protect|p2b: Sylveon
|-singleturn|p2b: Sylveon|Protect
|move|p1b: Volcarona|Heat Wave|p2b: Sylveon|[spread] p2a
|-activate|p2b: Sylveon|move: Protect
|-resisted|p2a: Garchomp
|-damage|p2a: Garchomp|63/100
|move|p2a: Garchomp|Earthquake|p1b: Volcarona|[spread] p1a,p1b
|-activate|p2b: Sylveon|move: Protect
|-resisted|p1a: Rillaboom
|-damage|p1a: Rillaboom|56/100
|-damage|p1b: Volcarona|73/100
|move|p1a: Rillaboom|High Horsepower|p2a: Garchomp
|-supereffective|p2a: Garchomp
|-damage|p2a: Garchomp|0 fnt
|-damage|p1a: Rillaboom|43/100|[from] ability: Rough Skin|[of] p2a: Garchomp
|faint|p2a: Garchomp
|
|-heal|p1b: Volcarona|80/100|[from] Grassy Terrain
|-heal|p1a: Rillaboom|49/100|[from] Grassy Terrain
|upkeep
|
|t:|1757851424
|switch|p2a: Gligar|Gligar, L50, F|100/100
|turn|3
|
|t:|1757851432
|move|p1b: Volcarona|Rage Powder|p1b: Volcarona
|-singleturn|p1b: Volcarona|move: Rage Powder
|move|p1a: Rillaboom|Wood Hammer|p2b: Sylveon
|-damage|p2b: Sylveon|20/100
|-damage|p1a: Rillaboom|26/100|[from] Recoil
|move|p2a: Gligar|Dual Wingbeat|p1b: Volcarona
|-supereffective|p1b: Volcarona
|-damage|p1b: Volcarona|54/100
|-supereffective|p1b: Volcarona
|-damage|p1b: Volcarona|28/100
|-hitcount|p1b: Volcarona|2
|move|p2b: Sylveon|Hyper Voice|p1b: Volcarona|[spread] p1a,p1b
|-resisted|p1b: Volcarona
|-damage|p1a: Rillaboom|0 fnt
|-damage|p1b: Volcarona|9/100
|faint|p1a: Rillaboom
|
|-heal|p1b: Volcarona|15/100|[from] Grassy Terrain
|-heal|p2b: Sylveon|26/100|[from] Grassy Terrain
|upkeep
|
|t:|1757851448
|switch|p1a: Baxcalibur|Baxcalibur, L50, F|100/100
|turn|4
|
|t:|1757851465
|-terastallize|p1b: Volcarona|Fairy
|move|p2a: Gligar|Feint|p1b: Volcarona
|-damage|p1b: Volcarona|9/100
|move|p1a: Baxcalibur|Ice Shard|p2a: Gligar
|-supereffective|p2a: Gligar
|-damage|p2a: Gligar|28/100
|move|p1b: Volcarona|Tera Blast|p2b: Sylveon|[anim] Tera Blast Fairy
|-damage|p2b: Sylveon|0 fnt
|faint|p2b: Sylveon
|
|-heal|p1b: Volcarona|15/100|[from] Grassy Terrain
|upkeep
|
|t:|1757851479
|switch|p2b: Amoonguss|Amoonguss, L50, F|100/100
|turn|5
|
|t:|1757851489
|move|p1b: Volcarona|Heat Wave|p2a: Gligar|[spread] p2a,p2b
|-supereffective|p2b: Amoonguss
|-damage|p2a: Gligar|0 fnt
|-damage|p2b: Amoonguss|6/100
|-enditem|p2b: Amoonguss|Wiki Berry|[eat]
|-heal|p2b: Amoonguss|39/100|[from] item: Wiki Berry
|faint|p2a: Gligar
|move|p1a: Baxcalibur|Icicle Spear|p2b: Amoonguss
|-supereffective|p2b: Amoonguss
|-damage|p2b: Amoonguss|11/100
|-supereffective|p2b: Amoonguss
|-damage|p2b: Amoonguss|0 fnt
|faint|p2b: Amoonguss
|-hitcount|p2: Amoonguss|2
|
|win|veryreally
|raw|veryreally's rating: 1107 → 1126(+19 for winning)
|raw|Olive19907's rating: 1021 → 1011(-10 for losing)
|l|☆Olive19907
|player|p2|
