|j|☆lunarknight69
|j|☆ssooner
|html|lunarknight69ssooner    
|uhtml|bestof|Game 1 of a best-of-3
|t:|1784231147
|gametype|doubles
|player|p1|lunarknight69|mira|1252
|player|p2|ssooner|wallace|1133
|gen|9
|tier|[Gen 9 Champions] VGC 2026 Reg M-B (Bo3)
|rated|
|rule|Species Clause: Limit one of each Pokémon
|rule|Item Clause: Limit 1 of each item
|clearpoke
|poke|p1|Sneasler, L50, M|
|poke|p1|Floette-Eternal, L50, F|
|poke|p1|Sinistcha, L50|
|poke|p1|Delphox, L50, M|
|poke|p1|Incineroar, L50, F|
|poke|p1|Kingambit, L50, F|
|poke|p2|Charizard, L50, M|
|poke|p2|Floette-Eternal, L50, F|
|poke|p2|Garchomp, L50, F|
|poke|p2|Basculegion, L50, M|
|poke|p2|Kingambit, L50, F|
|poke|p2|Whimsicott, L50, M|
|teampreview|4
|showteam|p1|Sneasler||FocusSash|PoisonTouch|FakeOut,QuickGuard,DireClaw,CloseCombat|Jolly||M|||50|]Floette-Eternal||Floettite|FlowerVeil|DrainingKiss,CalmMind,Protect,DazzlingGleam|Modest||F|||50|]Sinistcha||OccaBerry|Hospitality|TrickRoom,LifeDew,MatchaGotcha,RagePowder|Calm|||||50|]Delphox||Delphoxite|Blaze|HeatWave,NastyPlot,Psyshock,Protect|Timid||M|||50|]Incineroar||SitrusBerry|Intimidate|FakeOut,FlareBlitz,PartingShot,ThroatChop|Careful||F|||50|]Kingambit||BlackGlasses|Defiant|KowtowCleave,SuckerPunch,Protect,SwordsDance|Adamant||F|||50|
|showteam|p2|Charizard||CharizarditeY|Blaze|WeatherBall,HeatWave,SolarBeam,Protect|Modest||M|||50|]Floette-Eternal||Floettite|FlowerVeil|Moonblast,DazzlingGleam,LightofRuin,Protect|Timid||F|||50|]Garchomp||LifeOrb|RoughSkin|Earthquake,DragonClaw,RockSlide,Protect|Jolly||F|||50|]Basculegion||MysticWater|Adaptability|WaveCrash,LastRespects,AquaJet,Protect|Adamant||M|||50|]Kingambit||BlackGlasses|Defiant|KowtowCleave,SuckerPunch,LowKick,Protect|Adamant||F|||50|]Whimsicott||FocusSash|Prankster|Tailwind,Moonblast,Encore,Protect|Timid||M|||50|
|inactive|Battle timer is ON: inactive players will automatically lose when time's up. (requested by ssooner)
|
|t:|1784231178
|teamsize|p1|4
|teamsize|p2|4
|start
|switch|p1a: Floette|Floette-Eternal, L50, F|100/100
|switch|p1b: Sneasler|Sneasler, L50, M|100/100
|switch|p2a: Whimsicott|Whimsicott, L50, M|100/100
|switch|p2b: Basculegion|Basculegion, L50, M|100/100
|turn|1
|
|t:|1784231197
|switch|p1b: Incineroar|Incineroar, L50, F|100/100
|-ability|p1b: Incineroar|Intimidate|boost
|-unboost|p2a: Whimsicott|atk|1
|-unboost|p2b: Basculegion|atk|1
|detailschange|p1a: Floette|Floette-Mega, L50, F
|-mega|p1a: Floette|Floette|Floettite
|-ability|p1a: Floette|Fairy Aura
|move|p2a: Whimsicott|Tailwind|p2a: Whimsicott
|-sidestart|p2: ssooner|move: Tailwind
|move|p2b: Basculegion|Wave Crash|p1a: Floette
|-damage|p1a: Floette|35/100
|-damage|p2b: Basculegion|81/100|[from] Recoil
|move|p1a: Floette|Calm Mind|p1a: Floette
|-boost|p1a: Floette|spa|1
|-boost|p1a: Floette|spd|1
|
|upkeep
|turn|2
|
|t:|1784231221
|move|p1a: Floette|Protect|p1a: Floette
|-singleturn|p1a: Floette|Protect
|move|p2a: Whimsicott|Moonblast|p1b: Incineroar
|-crit|p1b: Incineroar
|-damage|p1b: Incineroar|49/100
|-enditem|p1b: Incineroar|Sitrus Berry|[eat]
|-heal|p1b: Incineroar|73/100|[from] item: Sitrus Berry
|move|p2b: Basculegion|Wave Crash|p1a: Floette
|-activate|p1a: Floette|move: Protect
|move|p1b: Incineroar|Parting Shot|p2b: Basculegion
|-unboost|p2b: Basculegion|atk|1
|-unboost|p2b: Basculegion|spa|1
|
|t:|1784231234
|switch|p1b: Sneasler|Sneasler, L50, M|100/100|[from] Parting Shot
|
|upkeep
|turn|3
|
|t:|1784231242
|move|p1b: Sneasler|Quick Guard|p1b: Sneasler
|-singleturn|p1b: Sneasler|Quick Guard
|move|p2a: Whimsicott|Moonblast|p1a: Floette
|-damage|p1a: Floette|12/100
|move|p2b: Basculegion|Wave Crash|p1a: Floette
|-damage|p1a: Floette|0 fnt
|faint|p1a: Floette
|-damage|p2b: Basculegion|78/100|[from] Recoil
|
|upkeep
|
|t:|1784231252
|switch|p1a: Sinistcha|Sinistcha, L50|100/100
|turn|4
|
|t:|1784231262
|switch|p2b: Charizard|Charizard, L50, M|100/100
|move|p2a: Whimsicott|Encore|p1b: Sneasler
|-start|p1b: Sneasler|Encore
|move|p1b: Sneasler|Quick Guard|p1b: Sneasler
|-singleturn|p1b: Sneasler|Quick Guard
|move|p1a: Sinistcha|Matcha Gotcha|p2a: Whimsicott|[spread] p2a,p2b
|-resisted|p2a: Whimsicott|1
|-resisted|p2b: Charizard|2
|-damage|p2a: Whimsicott|81/100
|-damage|p2b: Charizard|91/100
|
|-sideend|p2: ssooner|move: Tailwind
|upkeep
|turn|5
|-message|lunarknight69 forfeited.
|
|win|ssooner
