|j|☆sergio23perez
|j|☆RaikuDraco
|html|sergio23perezRaikuDraco    
|uhtml|bestof|Game 3 of a best-of-3
|t:|1756881971
|gametype|doubles
|player|p1|sergio23perez|169|1192
|player|p2|RaikuDraco|drake-gen3|1121
|gen|9
|tier|[Gen 9] VGC 2025 Reg H (Bo3)
|rated|
|rule|Species Clause: Limit one of each Pokémon
|rule|Item Clause: Limit 1 of each item
|clearpoke
|poke|p1|Jumpluff, L50, F|
|poke|p1|Charizard, L50, M|
|poke|p1|Porygon2, L50|
|poke|p1|Torkoal, L50, F|
|poke|p1|Incineroar, L50, F|
|poke|p1|Ursaluna, L50, M|
|poke|p2|Archaludon, L50, F|
|poke|p2|Sinistcha-Masterpiece, L50|
|poke|p2|Dragonite, L50, F|
|poke|p2|Pelipper, L50, M|
|poke|p2|Ursaluna, L50, F|
|poke|p2|Gholdengo, L50|
|teampreview|4
|showteam|p1|Jumpluff||CovertCloak|Chlorophyll|SleepPowder,SunnyDay,Tailwind,RagePowder|||F|||50|,,,,,Water]Charizard||ChoiceSpecs|SolarPower|AirSlash,HeatWave,Overheat,WeatherBall|||M|||50|,,,,,Ghost]Porygon2||Eviolite|Download|TeraBlast,IceBeam,Recover,TrickRoom||||||50|,,,,,Fighting]Torkoal||EjectPack|Drought|HelpingHand,Eruption,Overheat,Protect|||F|||50|,,,,,Fire]Incineroar||SafetyGoggles|Intimidate|FakeOut,PartingShot,FlareBlitz,KnockOff|||F|||50|,,,,,Ghost]Ursaluna||FlameOrb|Guts|HeadlongRush,Facade,Earthquake,Protect|||M|||50|,,,,,Ghost
|showteam|p2|Archaludon||AssaultVest|Stamina|BodyPress,Snarl,ElectroShot,FlashCannon|||F|||50|,,,,,Fighting]Sinistcha-Masterpiece||SitrusBerry|Hospitality|MatchaGotcha,RagePowder,TrickRoom,LifeDew||||||50|,,,,,Dark]Dragonite||LoadedDice|Multiscale|ScaleShot,Protect,Tailwind,Haze|||F|||50|,,,,,Steel]Pelipper||FocusSash|Drizzle|WeatherBall,Hurricane,Tailwind,Protect|||M|||50|,,,,,Ground]Ursaluna||FlameOrb|Guts|Facade,HeadlongRush,Earthquake,Protect|||F|||50|,,,,,Ghost]Gholdengo||ChoiceScarf|GoodasGold|MakeItRain,TeraBlast,ShadowBall,Trick||||||50|,,,,,Water
|inactive|Battle timer is ON: inactive players will automatically lose when time's up. (requested by sergio23perez)
|inactive|RaikuDraco has 60 seconds left.
|
|t:|1756882015
|teamsize|p1|4
|teamsize|p2|4
|start
|switch|p1a: Jumpluff|Jumpluff, L50, F|100/100
|switch|p1b: Incineroar|Incineroar, L50, F|100/100
|switch|p2a: Archaludon|Archaludon, L50, F|100/100
|switch|p2b: Dragonite|Dragonite, L50, F|100/100
|-ability|p1b: Incineroar|Intimidate|boost
|-unboost|p2a: Archaludon|atk|1
|-unboost|p2b: Dragonite|atk|1
|turn|1
|inactive|RaikuDraco has 30 seconds left.
|
|t:|1756882049
|move|p1a: Jumpluff|Sleep Powder|p2a: Archaludon
|-status|p2a: Archaludon|slp|[from] move: Sleep Powder
|move|p2b: Dragonite|Scale Shot|p1a: Jumpluff
|-damage|p1a: Jumpluff|88/100
|-damage|p1a: Jumpluff|76/100
|-damage|p1a: Jumpluff|64/100
|-damage|p1a: Jumpluff|52/100
|-hitcount|p1a: Jumpluff|4
|-unboost|p2b: Dragonite|def|1
|-boost|p2b: Dragonite|spe|1
|cant|p2a: Archaludon|slp
|move|p1b: Incineroar|Parting Shot|p2b: Dragonite
|-unboost|p2b: Dragonite|atk|1
|-unboost|p2b: Dragonite|spa|1
|inactive|sergio23perez has 30 seconds left.
|
|t:|1756882084
|switch|p1b: Ursaluna|Ursaluna, L50, M|100/100|[from] Parting Shot
|
|-status|p1b: Ursaluna|brn|[from] item: Flame Orb
|upkeep
|turn|2
|inactive|RaikuDraco has 30 seconds left.
|
|t:|1756882112
|switch|p1b: Torkoal|Torkoal, L50, F|100/100
|-weather|SunnyDay|[from] ability: Drought|[of] p1b: Torkoal
|move|p1a: Jumpluff|Sleep Powder|p2b: Dragonite
|-status|p2b: Dragonite|slp|[from] move: Sleep Powder
|cant|p2b: Dragonite|slp
|cant|p2a: Archaludon|slp
|
|-weather|SunnyDay|[upkeep]
|upkeep
|turn|3
|inactive|RaikuDraco has 30 seconds left.
|
|t:|1756882139
|move|p1a: Jumpluff|Tailwind|p1a: Jumpluff
|-sidestart|p1: sergio23perez|move: Tailwind
|cant|p2b: Dragonite|slp
|-curestatus|p2a: Archaludon|slp|[msg]
|move|p2a: Archaludon|Body Press|p1b: Torkoal
|-damage|p1b: Torkoal|78/100
|move|p1b: Torkoal|Overheat|p2b: Dragonite
|-resisted|p2b: Dragonite
|-damage|p2b: Dragonite|80/100 slp
|-unboost|p1b: Torkoal|spa|2
|-enditem|p1b: Torkoal|Eject Pack
|
|t:|1756882146
|switch|p1b: Ursaluna|Ursaluna, L50, M|100/100 brn
|
|-weather|SunnyDay|[upkeep]
|-damage|p1b: Ursaluna|94/100 brn|[from] brn
|upkeep
|turn|4
|
|t:|1756882171
|-terastallize|p1b: Ursaluna|Ghost
|-terastallize|p2a: Archaludon|Fighting
|move|p1a: Jumpluff|Sleep Powder|p2a: Archaludon|[miss]
|-miss|p1a: Jumpluff|p2a: Archaludon
|move|p1b: Ursaluna|Facade|p2b: Dragonite
|-damage|p2b: Dragonite|0 fnt
|faint|p2b: Dragonite
|move|p2a: Archaludon|Body Press|p1a: Jumpluff
|-resisted|p1a: Jumpluff
|-damage|p1a: Jumpluff|27/100
|
|-weather|SunnyDay|[upkeep]
|-damage|p1b: Ursaluna|88/100 brn|[from] brn
|upkeep
|
|t:|1756882193
|switch|p2b: Pelipper|Pelipper, L50, M|100/100
|-weather|RainDance|[from] ability: Drizzle|[of] p2b: Pelipper
|turn|5
|inactive|RaikuDraco has 30 seconds left.
|
|t:|1756882223
|switch|p1b: Torkoal|Torkoal, L50, F|78/100
|-weather|SunnyDay|[from] ability: Drought|[of] p1b: Torkoal
|move|p1a: Jumpluff|Sleep Powder|p2a: Archaludon
|-status|p2a: Archaludon|slp|[from] move: Sleep Powder
|move|p2b: Pelipper|Tailwind|p2b: Pelipper
|-sidestart|p2: RaikuDraco|move: Tailwind
|cant|p2a: Archaludon|slp
|
|-weather|SunnyDay|[upkeep]
|upkeep
|turn|6
|inactive|RaikuDraco has 30 seconds left.
|inactive|RaikuDraco has 20 seconds left.
|inactive|RaikuDraco has 15 seconds left.
|
|t:|1756882265
|switch|p2b: Gholdengo|Gholdengo, L50|100/100
|switch|p1b: Ursaluna|Ursaluna, L50, M, tera:Ghost|88/100 brn
|move|p1a: Jumpluff|Sleep Powder|p2b: Gholdengo
|-immune|p2b: Gholdengo|[from] ability: Good as Gold
|cant|p2a: Archaludon|slp
|
|-weather|SunnyDay|[upkeep]
|-damage|p1b: Ursaluna|82/100 brn|[from] brn
|-sideend|p1: sergio23perez|move: Tailwind
|upkeep
|turn|7
|inactive|sergio23perez has 30 seconds left.
|inactive|RaikuDraco has 30 seconds left.
|
|t:|1756882296
|move|p1a: Jumpluff|Rage Powder|p1a: Jumpluff
|-singleturn|p1a: Jumpluff|move: Rage Powder
|move|p2b: Gholdengo|Shadow Ball|p1a: Jumpluff
|-damage|p1a: Jumpluff|0 fnt
|faint|p1a: Jumpluff
|cant|p2a: Archaludon|slp
|move|p1b: Ursaluna|Earthquake|p2b: Gholdengo|[spread] p2a,p2b
|-supereffective|p2b: Gholdengo
|-crit|p2b: Gholdengo
|-damage|p2a: Archaludon|62/100 slp
|-damage|p2b: Gholdengo|0 fnt
|-ability|p2a: Archaludon|Stamina|boost
|-boost|p2a: Archaludon|def|1
|faint|p2b: Gholdengo
|
|-weather|SunnyDay|[upkeep]
|-damage|p1b: Ursaluna|76/100 brn|[from] brn
|upkeep
|
|t:|1756882314
|switch|p1a: Torkoal|Torkoal, L50, F|78/100
|switch|p2b: Pelipper|Pelipper, L50, M|100/100
|-weather|RainDance|[from] ability: Drizzle|[of] p2b: Pelipper
|-weather|SunnyDay|[from] ability: Drought|[of] p1a: Torkoal
|turn|8
|inactive|RaikuDraco has 30 seconds left.
|
|t:|1756882345
|move|p2b: Pelipper|Weather Ball|p1b: Ursaluna
|-damage|p1b: Ursaluna|32/100 brn
|-curestatus|p2a: Archaludon|slp|[msg]
|move|p2a: Archaludon|Snarl|p1a: Torkoal|[spread] p1a,p1b
|-supereffective|p1b: Ursaluna
|-damage|p1a: Torkoal|62/100
|-damage|p1b: Ursaluna|9/100 brn
|-unboost|p1a: Torkoal|spa|1
|-unboost|p1b: Ursaluna|spa|1
|move|p1b: Ursaluna|Facade|p2a: Archaludon
|-damage|p2a: Archaludon|11/100
|-ability|p2a: Archaludon|Stamina|boost
|-boost|p2a: Archaludon|def|1
|move|p1a: Torkoal|Overheat|p2a: Archaludon
|-damage|p2a: Archaludon|0 fnt
|-unboost|p1a: Torkoal|spa|2
|faint|p2a: Archaludon
|
|-weather|SunnyDay|[upkeep]
|-damage|p1b: Ursaluna|2/100 brn|[from] brn
|-sideend|p2: RaikuDraco|move: Tailwind
|upkeep
|turn|9
|
|t:|1756882368
|switch|p1a: Incineroar|Incineroar, L50, F|100/100
|-ability|p1a: Incineroar|Intimidate|boost
|-unboost|p2b: Pelipper|atk|1
|move|p2b: Pelipper|Protect|p2b: Pelipper
|-singleturn|p2b: Pelipper|Protect
|move|p1b: Ursaluna|Facade|p2b: Pelipper
|-activate|p2b: Pelipper|move: Protect
|
|-weather|SunnyDay|[upkeep]
|-damage|p1b: Ursaluna|0 fnt|[from] brn
|faint|p1b: Ursaluna
|upkeep
|
|t:|1756882373
|switch|p1b: Torkoal|Torkoal, L50, F|62/100
|turn|10
|
|t:|1756882393
|move|p1a: Incineroar|Fake Out|p2b: Pelipper
|-crit|p2b: Pelipper
|-damage|p2b: Pelipper|80/100
|cant|p2b: Pelipper|flinch
|move|p1b: Torkoal|Eruption|p2b: Pelipper
|-resisted|p2b: Pelipper
|-damage|p2b: Pelipper|27/100
|
|-weather|SunnyDay|[upkeep]
|upkeep
|turn|11
|
|t:|1756882404
|move|p2b: Pelipper|Hurricane|p1b: Torkoal|[miss]
|-miss|p2b: Pelipper|p1b: Torkoal
|move|p1a: Incineroar|Knock Off|p2b: Pelipper
|-damage|p2b: Pelipper|0 fnt
|-enditem|p2b: Pelipper|Focus Sash|[from] move: Knock Off|[of] p1a: Incineroar
|faint|p2b: Pelipper
|
|win|sergio23perez
|raw|sergio23perez's rating: 1192 → 1212(+20 for winning)
|raw|RaikuDraco's rating: 1121 → 1101(-20 for losing)
|l|☆sergio23perez
|player|p1|
