|j|☆dogggybears
|j|☆Filippo1226
|html|dogggybearsFilippo1226    
|uhtml|bestof|Game 3 of a best-of-3
|t:|1757186515
|gametype|doubles
|player|p1|dogggybears|roxie|1233
|player|p2|Filippo1226|dragontamer|1262
|gen|9
|tier|[Gen 9] VGC 2025 Reg H (Bo3)
|rated|
|rule|Species Clause: Limit one of each Pokémon
|rule|Item Clause: Limit 1 of each item
|clearpoke
|poke|p1|Sneasler, L50, M|
|poke|p1|Indeedee, L50, M|
|poke|p1|Volcarona, L50, F|
|poke|p1|Ursaluna-Bloodmoon, L50, M|
|poke|p1|Annihilape, L50, M|
|poke|p1|Tyranitar, L50, M|
|poke|p2|Talonflame, L50, F|
|poke|p2|Kommo-o, L50, F|
|poke|p2|Mamoswine, L50, M|
|poke|p2|Gholdengo, L50|
|poke|p2|Gallade, L50, M|
|poke|p2|Electabuzz, L50, M|
|teampreview|4
|showteam|p1|Sneasler||PsychicSeed|Unburden|CloseCombat,DireClaw,ThroatChop,Protect|||M|||50|,,,,,Dark]Indeedee||ChoiceScarf|PsychicSurge|ExpandingForce,TeraBlast,Trick,Protect|||M|||50|,,,,,Psychic]Volcarona||SitrusBerry|FlameBody|Overheat,StruggleBug,RagePowder,Tailwind|||F|||50|,,,,,Grass]Ursaluna-Bloodmoon||LifeOrb|MindsEye|BloodMoon,HyperVoice,EarthPower,Protect|||M|||50|,,,,,Normal]Annihilape||SafetyGoggles|Defiant|CloseCombat,RageFist,Taunt,FinalGambit|||M|||50|,,,,,Fairy]Tyranitar||AssaultVest|SandStream|RockSlide,KnockOff,TeraBlast,LowKick|||M|||50|,,,,,Flying
|showteam|p2|Talonflame||CovertCloak|GaleWings|DualWingbeat,Taunt,Tailwind,QuickGuard|||F|||50|,,,,,Flying]Kommo-o||ChoiceSpecs|Overcoat|ClangingScales,Flamethrower,AuraSphere,DracoMeteor|||F|||50|,,,,,Dragon]Mamoswine||LoadedDice|Oblivious|IcicleSpear,Earthquake,HighHorsepower,Protect|||M|||50|,,,,,Ground]Gholdengo||LifeOrb|GoodasGold|MakeItRain,ShadowBall,NastyPlot,Protect||||||50|,,,,,Water]Gallade||SitrusBerry|Sharpness|SacredSword,Imprison,TrickRoom,PsychoCut|||M|||50|,,,,,Dark]Electabuzz||Eviolite|VitalSpirit|Electroweb,FollowMe,Thunderbolt,Protect|||M|||50|,,,,,Flying
|inactive|Battle timer is ON: inactive players will automatically lose when time's up. (requested by Filippo1226)
|inactive|dogggybears has 60 seconds left.
|
|t:|1757186574
|teamsize|p1|4
|teamsize|p2|4
|start
|switch|p1a: Volcarona|Volcarona, L50, F|100/100
|switch|p1b: Tyranitar|Tyranitar, L50, M|100/100
|switch|p2a: Talonflame|Talonflame, L50, F|100/100
|switch|p2b: Mamoswine|Mamoswine, L50, M|100/100
|-weather|Sandstorm|[from] ability: Sand Stream|[of] p1b: Tyranitar
|turn|1
|
|t:|1757186589
|-terastallize|p2a: Talonflame|Flying
|move|p2a: Talonflame|Dual Wingbeat|p1a: Volcarona|[miss]
|-miss|p2a: Talonflame|p1a: Volcarona
|move|p1a: Volcarona|Overheat|p2b: Mamoswine
|-supereffective|p2b: Mamoswine
|-damage|p2b: Mamoswine|0 fnt
|-unboost|p1a: Volcarona|spa|2
|faint|p2b: Mamoswine
|move|p1b: Tyranitar|Rock Slide|p2a: Talonflame
|-supereffective|p2a: Talonflame
|-damage|p2a: Talonflame|0 fnt
|faint|p2a: Talonflame
|
|-weather|Sandstorm|[upkeep]
|-damage|p1a: Volcarona|94/100|[from] Sandstorm
|upkeep
|
|t:|1757186601
|switch|p2a: Electabuzz|Electabuzz, L50, M|100/100
|switch|p2b: Gholdengo|Gholdengo, L50|100/100
|turn|2
|
|t:|1757186617
|move|p2a: Electabuzz|Protect|p2a: Electabuzz
|-singleturn|p2a: Electabuzz|Protect
|move|p1a: Volcarona|Tailwind|p1a: Volcarona
|-sidestart|p1: dogggybears|move: Tailwind
|move|p1b: Tyranitar|Knock Off|p2a: Electabuzz
|-activate|p2a: Electabuzz|move: Protect
|move|p2b: Gholdengo|Nasty Plot|p2b: Gholdengo
|-boost|p2b: Gholdengo|spa|2
|
|-weather|Sandstorm|[upkeep]
|-damage|p1a: Volcarona|88/100|[from] Sandstorm
|-damage|p2a: Electabuzz|94/100|[from] Sandstorm
|upkeep
|turn|3
|inactive|Filippo1226 has 30 seconds left.
|
|t:|1757186645
|move|p2b: Gholdengo|Protect|p2b: Gholdengo
|-singleturn|p2b: Gholdengo|Protect
|move|p1a: Volcarona|Struggle Bug|p2b: Gholdengo|[spread] p2a
|-activate|p2b: Gholdengo|move: Protect
|-damage|p2a: Electabuzz|89/100
|-unboost|p2a: Electabuzz|spa|1
|move|p1b: Tyranitar|Knock Off|p2a: Electabuzz
|-damage|p2a: Electabuzz|30/100
|-enditem|p2a: Electabuzz|Eviolite|[from] move: Knock Off|[of] p1b: Tyranitar
|move|p2a: Electabuzz|Electroweb|p1b: Tyranitar|[spread] p1a,p1b
|-crit|p1b: Tyranitar
|-damage|p1a: Volcarona|78/100
|-damage|p1b: Tyranitar|91/100
|-unboost|p1a: Volcarona|spe|1
|-unboost|p1b: Tyranitar|spe|1
|
|-weather|Sandstorm|[upkeep]
|-damage|p1a: Volcarona|72/100|[from] Sandstorm
|-damage|p2a: Electabuzz|24/100|[from] Sandstorm
|upkeep
|turn|4
|
|t:|1757186661
|move|p1a: Volcarona|Struggle Bug|p2a: Electabuzz|[spread] p2a,p2b
|-resisted|p2b: Gholdengo
|-damage|p2a: Electabuzz|15/100
|-damage|p2b: Gholdengo|98/100
|-unboost|p2a: Electabuzz|spa|1
|-unboost|p2b: Gholdengo|spa|1
|move|p2a: Electabuzz|Electroweb|p1a: Volcarona|[spread] p1a,p1b
|-crit|p1a: Volcarona
|-damage|p1a: Volcarona|53/100
|-damage|p1b: Tyranitar|88/100
|-unboost|p1a: Volcarona|spe|1
|-unboost|p1b: Tyranitar|spe|1
|move|p2b: Gholdengo|Make It Rain|p1b: Tyranitar|[spread] p1a,p1b
|-resisted|p1a: Volcarona
|-supereffective|p1b: Tyranitar
|-damage|p1a: Volcarona|12/100
|-damage|p1b: Tyranitar|10/100
|-unboost|p2b: Gholdengo|spa|1
|-enditem|p1a: Volcarona|Sitrus Berry|[eat]
|-heal|p1a: Volcarona|37/100|[from] item: Sitrus Berry
|-damage|p2b: Gholdengo|88/100|[from] item: Life Orb
|move|p1b: Tyranitar|Knock Off|p2b: Gholdengo
|-supereffective|p2b: Gholdengo
|-damage|p2b: Gholdengo|0 fnt
|-enditem|p2b: Gholdengo|Life Orb|[from] move: Knock Off|[of] p1b: Tyranitar
|faint|p2b: Gholdengo
|
|-weather|Sandstorm|[upkeep]
|-damage|p1a: Volcarona|31/100|[from] Sandstorm
|-damage|p2a: Electabuzz|9/100|[from] Sandstorm
|upkeep
|turn|5
|-message|Filippo1226 forfeited.
|
|win|dogggybears
|raw|dogggybears's rating: 1233 → 1260(+27 for winning)
|raw|Filippo1226's rating: 1262 → 1235(-27 for losing)
|l|☆Filippo1226
|player|p2|
