|j|☆EgoJJ
|j|☆SeedDengoTesting
|html|EgoJJSeedDengoTesting    
|uhtml|bestof|Game 1 of a best-of-3
|t:|1757197375
|gametype|doubles
|player|p1|EgoJJ|brock|1221
|player|p2|SeedDengoTesting|birdkeeper-gen4dp|1139
|gen|9
|tier|[Gen 9] VGC 2025 Reg H (Bo3)
|rated|
|rule|Species Clause: Limit one of each Pokémon
|rule|Item Clause: Limit 1 of each item
|clearpoke
|poke|p1|Zoroark-Hisui, L50, M|
|poke|p1|Indeedee-F, L50, F|
|poke|p1|Ursaluna, L50, M|
|poke|p1|Torkoal, L50, M|
|poke|p1|Exeggutor, L50, F|
|poke|p1|Gallade, L50, M|
|poke|p2|Gholdengo, L50|
|poke|p2|Sneasler, L50, M|
|poke|p2|Rillaboom, L50, F|
|poke|p2|Dragonite, L50, M|
|poke|p2|Ninetales-Alola, L50, F|
|poke|p2|Arcanine-Hisui, L50, F|
|teampreview|4
|showteam|p1|Zoroark-Hisui||ChoiceSpecs|Illusion|HyperBeam,HyperVoice,ShadowBall,FocusBlast|||M|||50|,,,,,Normal]Indeedee-F||RockyHelmet|PsychicSurge|Psychic,HelpingHand,FollowMe,TrickRoom|||F|||50|,,,,,Grass]Ursaluna||FlameOrb|Guts|Facade,HeadlongRush,Earthquake,Protect|||M|||50|,,,,,Ghost]Torkoal||Charcoal|Drought|Eruption,WeatherBall,ClearSmog,Protect|||M|||50|,,,,,Fire]Exeggutor||FocusSash|Chlorophyll|ExpandingForce,LeafStorm,SleepPowder,TrickRoom|||F|||50|,,,,,Psychic]Gallade||ScopeLens|Sharpness|SacredSword,PsychoCut,TrickRoom,WideGuard|||M|||50|,,,,,Grass
|showteam|p2|Gholdengo||GrassySeed|GoodasGold|NastyPlot,MakeItRain,ShadowBall,Protect||||||50|,,,,,Water]Sneasler||WhiteHerb|Unburden|CloseCombat,DireClaw,Coaching,Protect|||M|||50|,,,,,Ghost]Rillaboom||AssaultVest|GrassySurge|FakeOut,GrassyGlide,DrumBeating,HighHorsepower|||F|||50|,,,,,Fire]Dragonite||LoadedDice|Multiscale|ScaleShot,StompingTantrum,Tailwind,Protect|||M|||50|,,,,,Ground]Ninetales-Alola||FocusSash|SnowWarning|Blizzard,IcyWind,Encore,AuroraVeil|||F|||50|,,,,,Ghost]Arcanine-Hisui||ClearAmulet|Intimidate|RockSlide,FlareBlitz,ExtremeSpeed,Protect|||F|||50|,,,,,Water
|inactive|Battle timer is ON: inactive players will automatically lose when time's up. (requested by EgoJJ)
|inactive|EgoJJ has 60 seconds left.
|inactive|EgoJJ has 30 seconds left.
|inactive|EgoJJ has 20 seconds left.
|inactive|EgoJJ has 15 seconds left.
|
|t:|1757197454
|teamsize|p1|4
|teamsize|p2|4
|start
|switch|p1a: Exeggutor|Exeggutor, L50, F|100/100
|switch|p1b: Torkoal|Torkoal, L50, M|100/100
|switch|p2a: Gholdengo|Gholdengo, L50|100/100
|switch|p2b: Rillaboom|Rillaboom, L50, F|100/100
|-fieldstart|move: Grassy Terrain|[from] ability: Grassy Surge|[of] p2b: Rillaboom
|-enditem|p2a: Gholdengo|Grassy Seed
|-boost|p2a: Gholdengo|def|1|[from] item: Grassy Seed
|-weather|SunnyDay|[from] ability: Drought|[of] p1b: Torkoal
|turn|1
|inactive|SeedDengoTesting has 30 seconds left.
|inactive|SeedDengoTesting has 20 seconds left.
|inactive|EgoJJ has 30 seconds left.
|inactive|EgoJJ has 20 seconds left.
|
|t:|1757197509
|switch|p1b: Indeedee|Indeedee-F, L50, F|100/100
|-fieldstart|move: Psychic Terrain|[from] ability: Psychic Surge|[of] p1b: Indeedee
|-terastallize|p1a: Exeggutor|Psychic
|move|p2a: Gholdengo|Protect|p2a: Gholdengo
|-singleturn|p2a: Gholdengo|Protect
|move|p1a: Exeggutor|Expanding Force|p2a: Gholdengo|[spread] p2b
|-activate|p2a: Gholdengo|move: Protect
|-damage|p2b: Rillaboom|25/100
|move|p2b: Rillaboom|High Horsepower|p1b: Indeedee
|-damage|p1b: Indeedee|74/100
|-damage|p2b: Rillaboom|9/100|[from] item: Rocky Helmet|[of] p1b: Indeedee
|
|-weather|SunnyDay|[upkeep]
|upkeep
|turn|2
|inactive|EgoJJ has 30 seconds left.
|
|t:|1757197539
|switch|p2b: Arcanine|Arcanine-Hisui, L50, F|100/100
|-ability|p2b: Arcanine|Intimidate|boost
|-unboost|p1a: Exeggutor|atk|1
|-unboost|p1b: Indeedee|atk|1
|move|p1a: Exeggutor|Expanding Force|p2b: Arcanine|[spread] p2a,p2b
|-resisted|p2a: Gholdengo
|-crit|p2b: Arcanine
|-damage|p2a: Gholdengo|59/100
|-damage|p2b: Arcanine|0 fnt
|faint|p2b: Arcanine
|move|p2a: Gholdengo|Nasty Plot|p2a: Gholdengo
|-boost|p2a: Gholdengo|spa|2
|move|p1b: Indeedee|Trick Room|p1b: Indeedee
|-fieldstart|move: Trick Room|[of] p1b: Indeedee
|
|-weather|SunnyDay|[upkeep]
|upkeep
|
|t:|1757197552
|switch|p2b: Rillaboom|Rillaboom, L50, F|9/100
|-fieldstart|move: Grassy Terrain|[from] ability: Grassy Surge|[of] p2b: Rillaboom
|turn|3
|inactive|EgoJJ has 30 seconds left.
|inactive|SeedDengoTesting has 30 seconds left.
|
|t:|1757197585
|move|p2b: Rillaboom|Fake Out|p1b: Indeedee
|-damage|p1b: Indeedee|62/100
|-damage|p2b: Rillaboom|0 fnt|[from] item: Rocky Helmet|[of] p1b: Indeedee
|faint|p2b: Rillaboom
|cant|p1b: Indeedee|flinch
|move|p2a: Gholdengo|Make It Rain|p1a: Exeggutor|[spread] p1a,p1b
|-crit|p1a: Exeggutor
|-enditem|p1a: Exeggutor|Focus Sash
|-damage|p1a: Exeggutor|1/100
|-damage|p1b: Indeedee|0 fnt
|-unboost|p2a: Gholdengo|spa|1
|faint|p1b: Indeedee
|move|p1a: Exeggutor|Expanding Force|p2a: Gholdengo
|-resisted|p2a: Gholdengo
|-crit|p2a: Gholdengo
|-damage|p2a: Gholdengo|16/100
|
|-weather|SunnyDay|[upkeep]
|-heal|p2a: Gholdengo|22/100|[from] Grassy Terrain
|-heal|p1a: Exeggutor|7/100|[from] Grassy Terrain
|upkeep
|
|t:|1757197603
|switch|p1b: Torkoal|Torkoal, L50, M|100/100
|switch|p2b: Ninetales|Ninetales-Alola, L50, F|100/100
|-weather|Snowscape|[from] ability: Snow Warning|[of] p2b: Ninetales
|turn|4
|
|t:|1757197616
|move|p2a: Gholdengo|Protect|p2a: Gholdengo
|-singleturn|p2a: Gholdengo|Protect
|move|p1b: Torkoal|Eruption|p2a: Gholdengo|[spread] p2b
|-activate|p2a: Gholdengo|move: Protect
|-supereffective|p2b: Ninetales
|-enditem|p2b: Ninetales|Focus Sash
|-damage|p2b: Ninetales|1/100
|move|p1a: Exeggutor|Expanding Force|p2a: Gholdengo
|-activate|p2a: Gholdengo|move: Protect
|move|p2b: Ninetales|Icy Wind|p1a: Exeggutor|[spread] p1a,p1b
|-resisted|p1b: Torkoal
|-damage|p1a: Exeggutor|0 fnt
|-damage|p1b: Torkoal|89/100
|-unboost|p1b: Torkoal|spe|1
|faint|p1a: Exeggutor
|
|-weather|Snowscape|[upkeep]
|-heal|p1b: Torkoal|95/100|[from] Grassy Terrain
|-heal|p2a: Gholdengo|29/100|[from] Grassy Terrain
|-heal|p2b: Ninetales|7/100|[from] Grassy Terrain
|upkeep
|
|t:|1757197622
|switch|p1a: Torkoal|Torkoal, L50, M|100/100
|turn|5
|
|t:|1757197635
|-terastallize|p2a: Gholdengo|Water
|move|p1b: Torkoal|Eruption|p2a: Gholdengo|[spread] p2a,p2b
|-resisted|p2a: Gholdengo
|-supereffective|p2b: Ninetales
|-damage|p2a: Gholdengo|0 fnt
|-damage|p2b: Ninetales|0 fnt
|faint|p2a: Gholdengo
|faint|p2b: Ninetales
|
|win|EgoJJ
||SeedDengoTesting is ready for game 2.
||EgoJJ is ready for game 2.
|uhtml|next|Next: Game 2 of 3
