|j|☆BenniOVY
|j|☆lettitripppp
|html|BenniOVYlettitripppp    
|uhtml|bestof|Game 1 of a best-of-3
|t:|1783194450
|gametype|doubles
|player|p1|BenniOVY|psychic-gen4|1306
|player|p2|lettitripppp|lucas|1263
|gen|9
|tier|[Gen 9 Champions] VGC 2026 Reg M-B (Bo3)
|rated|
|rule|Species Clause: Limit one of each Pokémon
|rule|Item Clause: Limit 1 of each item
|clearpoke
|poke|p1|Delphox, L50, F|
|poke|p1|Sneasler, L50, M|
|poke|p1|Incineroar, L50, F|
|poke|p1|Sinistcha, L50|
|poke|p1|Kingambit, L50, F|
|poke|p1|Floette-Eternal, L50, F|
|poke|p2|Charizard, L50, M|
|poke|p2|Floette-Eternal, L50, F|
|poke|p2|Basculegion, L50, M|
|poke|p2|Whimsicott, L50, M, shiny|
|poke|p2|Garchomp, L50, F, shiny|
|poke|p2|Kingambit, L50, M, shiny|
|teampreview|4
|showteam|p1|Delphox||Delphoxite|Blaze|HeatWave,Psyshock,NastyPlot,Protect|Timid||F|||50|]Sneasler||WhiteHerb|Unburden|CloseCombat,DireClaw,FakeOut,Protect|Adamant||M|||50|]Incineroar||PasshoBerry|Intimidate|FlareBlitz,DarkestLariat,PartingShot,FakeOut|Impish||F|||50|]Sinistcha||KasibBerry|Hospitality|MatchaGotcha,LifeDew,RagePowder,Protect|Bold|||||50|]Kingambit||BlackGlasses|Defiant|KowtowCleave,SuckerPunch,SwordsDance,Protect|Adamant||F|||50|]Floette-Eternal||Floettite|FlowerVeil|DazzlingGleam,Moonblast,CalmMind,Protect|Modest||F|||50|
|showteam|p2|Charizard||CharizarditeY|Blaze|WeatherBall,SolarBeam,HeatWave,Protect|Modest||M|||50|]Floette-Eternal||Floettite|FlowerVeil|DazzlingGleam,LightofRuin,Moonblast,Protect|Timid||F|||50|]Basculegion||MysticWater|Adaptability|LastRespects,WaveCrash,AquaJet,Protect|Adamant||M|||50|]Whimsicott||FocusSash|Prankster|Moonblast,Tailwind,Encore,Protect|Timid||M|||50|]Garchomp||LifeOrb|RoughSkin|DragonClaw,Earthquake,RockSlide,Protect|Jolly||F|||50|]Kingambit||OccaBerry|Defiant|KowtowCleave,SuckerPunch,IronHead,Protect|Adamant||M|||50|
|inactive|Battle timer is ON: inactive players will automatically lose when time's up. (requested by lettitripppp)
|c|☆BenniOVY|uuuh god
|c|☆lettitripppp|a matchup i have lost 8 times in a row
|c|☆lettitripppp|glhf
|c|☆BenniOVY|big man
|c|☆BenniOVY|how
|inactive|lettitripppp has 60 seconds left.
|c|☆BenniOVY|this mu is so in your favor
|
|t:|1783194489
|teamsize|p1|4
|teamsize|p2|4
|start
|switch|p1a: Kingambit|Kingambit, L50, F|100/100
|switch|p1b: Incineroar|Incineroar, L50, F|100/100
|switch|p2a: GHOSTWAVE|Basculegion, L50, M|100/100
|switch|p2b: LETS GO GO|Whimsicott, L50, M, shiny|100/100
|-ability|p1b: Incineroar|Intimidate|boost
|-unboost|p2a: GHOSTWAVE|atk|1
|-unboost|p2b: LETS GO GO|atk|1
|turn|1
|c|☆lettitripppp|it really isn't
|c|☆BenniOVY|not with that lead it aint
|
|t:|1783194510
|switch|p1b: Sinistcha|Sinistcha, L50|100/100
|move|p2b: LETS GO GO|Tailwind|p2b: LETS GO GO
|-sidestart|p2: lettitripppp|move: Tailwind
|move|p2a: GHOSTWAVE|Wave Crash|p1b: Sinistcha
|-resisted|p1b: Sinistcha|1
|-damage|p1b: Sinistcha|79/100
|-damage|p2a: GHOSTWAVE|94/100|[from] Recoil
|move|p1a: Kingambit|Swords Dance|p1a: Kingambit
|-boost|p1a: Kingambit|atk|2
|
|upkeep
|turn|2
|
|t:|1783194523
|move|p2b: LETS GO GO|Moonblast|p1a: Kingambit
|-damage|p1a: Kingambit|70/100
|-unboost|p1a: Kingambit|spa|1
|-ability|p1a: Kingambit|Defiant|boost
|-boost|p1a: Kingambit|atk|2
|move|p2a: GHOSTWAVE|Wave Crash|p1a: Kingambit
|-damage|p1a: Kingambit|27/100
|-damage|p2a: GHOSTWAVE|80/100|[from] Recoil
|move|p1b: Sinistcha|Life Dew|p1b: Sinistcha|[spread] p1a,p1b
|-heal|p1a: Kingambit|52/100
|-heal|p1b: Sinistcha|100/100
|move|p1a: Kingambit|Kowtow Cleave|p2a: GHOSTWAVE
|-supereffective|p2a: GHOSTWAVE|1
|-damage|p2a: GHOSTWAVE|0 fnt
|faint|p2a: GHOSTWAVE
|
|upkeep
|
|t:|1783194537
|switch|p2a: GENERAL BLADUS|Kingambit, L50, M, shiny|100/100
|turn|3
|c|☆BenniOVY|thats pretty nice lmao
|c|☆lettitripppp|what is the lead then?
|c|☆BenniOVY|the thing you got right there id say
|c|☆BenniOVY|or chomp whims
|inactive|BenniOVY has 30 seconds left.
|inactive|lettitripppp has 30 seconds left.
|c|☆BenniOVY|both are pretty decent
|c|☆lettitripppp|oh i see
|
|t:|1783194570
|move|p1a: Kingambit|Protect|p1a: Kingambit
|-singleturn|p1a: Kingambit|Protect
|move|p2b: LETS GO GO|Moonblast|p1a: Kingambit
|-activate|p1a: Kingambit|move: Protect
|move|p2a: GENERAL BLADUS|Kowtow Cleave|p1b: Sinistcha
|-supereffective|p1b: Sinistcha|1
|-damage|p1b: Sinistcha|28/100
|move|p1b: Sinistcha|Life Dew|p1b: Sinistcha|[spread] p1a,p1b
|-heal|p1a: Kingambit|77/100
|-heal|p1b: Sinistcha|53/100
|
|upkeep
|turn|4
|
|t:|1783194585
|move|p1b: Sinistcha|Protect|p1b: Sinistcha
|-singleturn|p1b: Sinistcha|Protect
|move|p2b: LETS GO GO|Moonblast|p1b: Sinistcha
|-activate|p1b: Sinistcha|move: Protect
|move|p2a: GENERAL BLADUS|Kowtow Cleave|p1b: Sinistcha
|-activate|p1b: Sinistcha|move: Protect
|move|p1a: Kingambit|Kowtow Cleave|p2a: GENERAL BLADUS
|-resisted|p2a: GENERAL BLADUS|1
|-damage|p2a: GENERAL BLADUS|36/100
|
|-sideend|p2: lettitripppp|move: Tailwind
|upkeep
|turn|5
|
|t:|1783194591
|move|p1a: Kingambit|Sucker Punch|p2a: GENERAL BLADUS
|-resisted|p2a: GENERAL BLADUS|1
|-damage|p2a: GENERAL BLADUS|0 fnt
|faint|p2a: GENERAL BLADUS
|move|p2b: LETS GO GO|Moonblast|p1b: Sinistcha
|-damage|p1b: Sinistcha|17/100
|move|p1b: Sinistcha|Life Dew|p1b: Sinistcha|[spread] p1a,p1b
|-heal|p1a: Kingambit|100/100
|-heal|p1b: Sinistcha|42/100
|
|upkeep
|
|t:|1783194595
|switch|p2a: RUINOUS LIGHT|Floette-Eternal, L50, F|100/100
|turn|6
|
|t:|1783194601
|switch|p1b: Incineroar|Incineroar, L50, F|100/100
|-ability|p1b: Incineroar|Intimidate|boost
|-unboost|p2a: RUINOUS LIGHT|atk|1
|-block|p2b: LETS GO GO|ability: Flower Veil|[of] p2a: RUINOUS LIGHT
|detailschange|p2a: RUINOUS LIGHT|Floette-Mega, L50, F
|-mega|p2a: RUINOUS LIGHT|Floette|Floettite
|-ability|p2a: RUINOUS LIGHT|Fairy Aura
|move|p1a: Kingambit|Sucker Punch|p2a: RUINOUS LIGHT
|-resisted|p2a: RUINOUS LIGHT|1
|-damage|p2a: RUINOUS LIGHT|7/100
|move|p2b: LETS GO GO|Moonblast|p1a: Kingambit
|-damage|p1a: Kingambit|63/100
|move|p2a: RUINOUS LIGHT|Moonblast|p1a: Kingambit
|-damage|p1a: Kingambit|0 fnt
|faint|p1a: Kingambit
|
|upkeep
|
|t:|1783194612
|switch|p1a: Delphox|Delphox, L50, F|100/100
|turn|7
|
|t:|1783194620
|detailschange|p1a: Delphox|Delphox-Mega, L50, F
|-mega|p1a: Delphox|Delphox|Delphoxite
|move|p2b: LETS GO GO|Protect|p2b: LETS GO GO
|-singleturn|p2b: LETS GO GO|Protect
|move|p2a: RUINOUS LIGHT|Protect|p2a: RUINOUS LIGHT
|-singleturn|p2a: RUINOUS LIGHT|Protect
|move|p1b: Incineroar|Fake Out|p2b: LETS GO GO
|-activate|p2b: LETS GO GO|move: Protect
|move|p1a: Delphox|Heat Wave|p2a: RUINOUS LIGHT|[spread] 
|-activate|p2a: RUINOUS LIGHT|move: Protect
|-activate|p2b: LETS GO GO|move: Protect
|
|upkeep
|turn|8
|
|t:|1783194630
|move|p2b: LETS GO GO|Tailwind|p2b: LETS GO GO
|-sidestart|p2: lettitripppp|move: Tailwind
|move|p2a: RUINOUS LIGHT|Light of Ruin|p1b: Incineroar
|-damage|p1b: Incineroar|4/100
|-damage|p2a: RUINOUS LIGHT|0 fnt|[from] Recoil
|faint|p2a: RUINOUS LIGHT
|move|p1a: Delphox|Psyshock|p2b: LETS GO GO
|-damage|p2b: LETS GO GO|43/100
|move|p1b: Incineroar|Flare Blitz|p2b: LETS GO GO
|-supereffective|p2b: LETS GO GO|1
|-damage|p2b: LETS GO GO|0 fnt
|faint|p2b: LETS GO GO
|-damage|p1b: Incineroar|0 fnt|[from] Recoil
|faint|p1b: Incineroar
|
|win|BenniOVY
||BenniOVY is ready for game 2.
|inactive|lettitripppp has 30 seconds to confirm battle start!
