|j|☆llamatruama
|j|☆plaidhaxx
|html|llamatruamaplaidhaxx    
|uhtml|bestof|Game 1 of a best-of-3
|t:|1756932893
|gametype|doubles
|player|p1|llamatruama|266|1127
|player|p2|plaidhaxx|shadowtriad|1065
|gen|9
|tier|[Gen 9] VGC 2025 Reg H (Bo3)
|rated|
|rule|Species Clause: Limit one of each Pokémon
|rule|Item Clause: Limit 1 of each item
|clearpoke
|poke|p1|Meowscarada, L50, F|
|poke|p1|Sylveon, L50, M|
|poke|p1|Scyther, L50, M|
|poke|p1|Snorlax, L50, M|
|poke|p1|Tauros-Paldea-Blaze, L50, M|
|poke|p1|Primarina, L50, M|
|poke|p2|Sneasler, L50, F|
|poke|p2|Dragapult, L50, F|
|poke|p2|Primarina, L50, M|
|poke|p2|Rillaboom, L50, M|
|poke|p2|Kingambit, L50, F|
|poke|p2|Magmar, L50, M|
|teampreview|4
|showteam|p1|Meowscarada||FocusSash|Overgrow|FlowerTrick,KnockOff,SuckerPunch,Protect|||F|||50|,,,,,Stellar]Sylveon||FairyFeather|Pixilate|HyperVoice,Protect,QuickAttack,TeraBlast|||M|||50|,,,,,Fire]Scyther||Eviolite|Technician|Protect,DualWingbeat,Thief,CloseCombat|||M|||50|,,,,,Dragon]Snorlax||AssaultVest|ThickFat|HeatCrash,DoubleEdge,HighHorsepower,HammerArm|||M|||50|,,,,,Psychic]Tauros-Paldea-Blaze||WhiteHerb|Intimidate|CloseCombat,FlareBlitz,WildCharge,Protect|||M|||50|,,,,,Grass]Primarina||SitrusBerry|LiquidVoice|HyperVoice,Moonblast,IceBeam,Protect|||M|||50|,,,,,Poison
|showteam|p2|Sneasler||FocusSash|PoisonTouch|CloseCombat,DireClaw,FakeOut,Protect|||F|||50|,,,,,Stellar]Dragapult||ChoiceBand|ClearBody|DragonDarts,TeraBlast,PhantomForce,Uturn|||F|||50|,,,,,Ghost]Primarina||SitrusBerry|LiquidVoice|HyperVoice,Moonblast,Haze,Protect|||M|||50|,,,,,Water]Rillaboom||AssaultVest|GrassySurge|WoodHammer,GrassyGlide,HighHorsepower,FakeOut|||M|||50|,,,,,Fire]Kingambit||BlackGlasses|Defiant|KowtowCleave,SuckerPunch,SwordsDance,Protect|||F|||50|,,,,,Ghost]Magmar||Eviolite|VitalSpirit|Overheat,WillOWisp,FollowMe,Protect|||M|||50|,,,,,Ghost
|
|t:|1756932936
|teamsize|p1|4
|teamsize|p2|4
|start
|switch|p1a: Scyther|Scyther, L50, M|100/100
|switch|p1b: Primarina|Primarina, L50, M|100/100
|switch|p2a: Dragapult|Dragapult, L50, F|100/100
|switch|p2b: Magmar|Magmar, L50, M|100/100
|turn|1
|
|t:|1756932987
|switch|p1a: Tauros|Tauros-Paldea-Blaze, L50, M|100/100
|-ability|p1a: Tauros|Intimidate|boost
|-fail|p2a: Dragapult|unboost|[from] ability: Clear Body|[of] p2a: Dragapult
|-unboost|p2b: Magmar|atk|1
|move|p2a: Dragapult|Phantom Force||[still]
|-prepare|p2a: Dragapult|Phantom Force
|move|p2b: Magmar|Will-O-Wisp|p1a: Tauros
|-immune|p1a: Tauros
|move|p1b: Primarina|Hyper Voice|p2a: Dragapult|[spread] p2b
|-miss|p1b: Primarina|p2a: Dragapult
|-supereffective|p2b: Magmar
|-damage|p2b: Magmar|45/100
|
|upkeep
|turn|2
|
|t:|1756933011
|move|p2b: Magmar|Protect|p2b: Magmar
|-singleturn|p2b: Magmar|Protect
|move|p2a: Dragapult|Phantom Force|p1b: Primarina|[from] lockedmove
|-damage|p1b: Primarina|25/100
|-enditem|p1b: Primarina|Sitrus Berry|[eat]
|-heal|p1b: Primarina|49/100|[from] item: Sitrus Berry
|move|p1a: Tauros|Flare Blitz|p2a: Dragapult
|-resisted|p2a: Dragapult
|-damage|p2a: Dragapult|62/100
|-damage|p1a: Tauros|89/100|[from] Recoil
|move|p1b: Primarina|Hyper Voice|p2b: Magmar|[spread] p2a
|-activate|p2b: Magmar|move: Protect
|-resisted|p2a: Dragapult
|-damage|p2a: Dragapult|37/100
|
|upkeep
|turn|3
|
|t:|1756933053
|move|p2a: Dragapult|Phantom Force||[still]
|-prepare|p2a: Dragapult|Phantom Force
|move|p1a: Tauros|Flare Blitz|p2b: Magmar
|-resisted|p2b: Magmar
|-damage|p2b: Magmar|23/100
|-damage|p1a: Tauros|82/100|[from] Recoil
|move|p2b: Magmar|Overheat|p1a: Tauros
|-resisted|p1a: Tauros
|-damage|p1a: Tauros|50/100
|-unboost|p2b: Magmar|spa|2
|move|p1b: Primarina|Hyper Voice|p2a: Dragapult|[spread] p2b
|-miss|p1b: Primarina|p2a: Dragapult
|-supereffective|p2b: Magmar
|-damage|p2b: Magmar|0 fnt
|faint|p2b: Magmar
|
|upkeep
|inactive|Battle timer is ON: inactive players will automatically lose when time's up. (requested by llamatruama)
|
|t:|1756933076
|switch|p2b: Sneasler|Sneasler, L50, F|100/100
|turn|4
|
|t:|1756933091
|move|p2a: Dragapult|Phantom Force|p1b: Primarina|[from] lockedmove
|-damage|p1b: Primarina|0 fnt
|faint|p1b: Primarina
|move|p2b: Sneasler|Dire Claw|p1a: Tauros
|-damage|p1a: Tauros|7/100
|move|p1a: Tauros|Flare Blitz|p2b: Sneasler
|-damage|p2b: Sneasler|17/100
|-damage|p1a: Tauros|0 fnt|[from] Recoil
|faint|p1a: Tauros
|
|upkeep
|
|t:|1756933104
|switch|p1a: Meowscarada|Meowscarada, L50, F|100/100
|switch|p1b: Scyther|Scyther, L50, M|100/100
|turn|5
|
|t:|1756933127
|move|p1a: Meowscarada|Sucker Punch|p2a: Dragapult
|-supereffective|p2a: Dragapult
|-damage|p2a: Dragapult|0 fnt
|faint|p2a: Dragapult
|move|p2b: Sneasler|Close Combat|p1a: Meowscarada
|-supereffective|p1a: Meowscarada
|-enditem|p1a: Meowscarada|Focus Sash
|-damage|p1a: Meowscarada|1/100
|-unboost|p2b: Sneasler|def|1
|-unboost|p2b: Sneasler|spd|1
|move|p1b: Scyther|Dual Wingbeat|p2b: Sneasler
|-supereffective|p2b: Sneasler
|-damage|p2b: Sneasler|0 fnt
|faint|p2b: Sneasler
|-hitcount|p2: Sneasler|1
|
|upkeep
|
|t:|1756933136
|switch|p2b: Kingambit|Kingambit, L50, F|100/100
|turn|6
|
|t:|1756933161
|move|p1a: Meowscarada|Sucker Punch|p2b: Kingambit
|-resisted|p2b: Kingambit
|-crit|p2b: Kingambit
|-damage|p2b: Kingambit|83/100
|move|p2b: Kingambit|Sucker Punch||[still]
|-fail|p2b: Kingambit
|move|p1b: Scyther|Thief|p2b: Kingambit
|-resisted|p2b: Kingambit
|-damage|p2b: Kingambit|73/100
|
|upkeep
|turn|7
|
|t:|1756933173
|move|p1a: Meowscarada|Knock Off|p2b: Kingambit
|-resisted|p2b: Kingambit
|-damage|p2b: Kingambit|55/100
|-enditem|p2b: Kingambit|Black Glasses|[from] move: Knock Off|[of] p1a: Meowscarada
|move|p1b: Scyther|Close Combat|p2b: Kingambit
|-supereffective|p2b: Kingambit
|-damage|p2b: Kingambit|0 fnt
|-unboost|p1b: Scyther|def|1
|-unboost|p1b: Scyther|spd|1
|faint|p2b: Kingambit
|
|win|llamatruama
