|j|☆pechugadepollico
|j|☆Fell Blue
|html|pechugadepollicoFell Blue    
|uhtml|bestof|Game 2 of a best-of-3
|t:|1782499421
|gametype|doubles
|player|p1|pechugadepollico|266|1153
|player|p2|Fell Blue|fantina|1298
|gen|9
|tier|[Gen 9 Champions] VGC 2026 Reg M-B (Bo3)
|rated|
|rule|Species Clause: Limit one of each Pokémon
|rule|Item Clause: Limit 1 of each item
|clearpoke
|poke|p1|Mawile, L50, M, shiny|
|poke|p1|Garchomp, L50, F|
|poke|p1|Farigiraf, L50, F|
|poke|p1|Charizard, L50, M|
|poke|p1|Gholdengo, L50|
|poke|p1|Whimsicott, L50, M|
|poke|p2|Torkoal, L50, M|
|poke|p2|Scrafty, L50, F|
|poke|p2|Farigiraf, L50, M|
|poke|p2|Mawile, L50, F|
|poke|p2|Vileplume, L50, F|
|poke|p2|Kangaskhan, L50, F|
|teampreview|4
|showteam|p1|Mawile||Mawilite|HyperCutter|Protect,SuckerPunch,BrickBreak,PlayRough|Adamant||M|||50|]Garchomp||ExpertBelt|RoughSkin|Protect,RockSlide,DragonClaw,StompingTantrum|Adamant||F|||50|]Farigiraf||SitrusBerry|ArmorTail|TrickRoom,HelpingHand,Psychic,EnergyBall|Bold||F|||50|]Charizard||CharizarditeY|Blaze|Protect,SolarBeam,WeatherBall,HeatWave|Modest||M|||50|]Gholdengo||LifeOrb|GoodasGold|PowerGem,Protect,ShadowBall,MakeItRain|Modest|||||50|]Whimsicott||FocusSash|Prankster|Protect,Tailwind,Encore,Moonblast|Timid||M|||50|
|showteam|p2|Torkoal||Charcoal|Drought|Eruption,WeatherBall,HelpingHand,Protect|Quiet||M|||50|]Scrafty||Scraftinite|Intimidate|KnockOff,ThunderPunch,BrickBreak,Protect|Brave||F|||50|]Farigiraf||SitrusBerry|ArmorTail|Psychic,TrickRoom,HelpingHand,Protect|Bold||M|||50|]Mawile||Mawilite|HyperCutter|PlayRough,IronHead,SuckerPunch,Protect|Brave||F|||50|]Vileplume||FocusSash|Chlorophyll|SleepPowder,Protect,GigaDrain,AfterYou|Timid||F|||50|]Kangaskhan||SilkScarf|Scrappy|FakeOut,LastResort|Brave||F|||50|
|inactive|Battle timer is ON: inactive players will automatically lose when time's up. (requested by pechugadepollico)
|
|t:|1782499463
|teamsize|p1|4
|teamsize|p2|4
|start
|switch|p1a: Charizard|Charizard, L50, M|100/100
|switch|p1b: Farigiraf|Farigiraf, L50, F|100/100
|switch|p2a: Vileplume|Vileplume, L50, F|100/100
|switch|p2b: Torkoal|Torkoal, L50, M|100/100
|-weather|SunnyDay|[from] ability: Drought|[of] p2b: Torkoal
|turn|1
|inactive|pechugadepollico has 30 seconds left.
|
|t:|1782499488
|switch|p1a: Garchomp|Garchomp, L50, F|100/100
|move|p2a: Vileplume|Sleep Powder|p1a: Garchomp|[miss]
|-miss|p2a: Vileplume|p1a: Garchomp
|move|p1b: Farigiraf|Psychic|p2b: Torkoal
|-damage|p2b: Torkoal|57/100
|move|p2b: Torkoal|Eruption|p1a: Garchomp|[spread] p1a,p1b
|-resisted|p1a: Garchomp|1
|-damage|p1a: Garchomp|75/100
|-damage|p1b: Farigiraf|57/100
|
|-weather|SunnyDay|[upkeep]
|upkeep
|turn|2
|
|t:|1782499501
|move|p2a: Vileplume|Sleep Powder|p1a: Garchomp
|-status|p1a: Garchomp|slp|[from] move: Sleep Powder
|cant|p1a: Garchomp|slp
|move|p1b: Farigiraf|Psychic|p2b: Torkoal
|-damage|p2b: Torkoal|9/100
|move|p2b: Torkoal|Weather Ball|p1b: Farigiraf
|-damage|p1b: Farigiraf|0 fnt
|faint|p1b: Farigiraf
|
|-weather|SunnyDay|[upkeep]
|upkeep
|
|t:|1782499507
|switch|p1b: Gholdengo|Gholdengo, L50|100/100
|turn|3
|
|t:|1782499525
|move|p2a: Vileplume|After You|p2b: Torkoal
|-activate|p2b: Torkoal|move: After You
|move|p2b: Torkoal|Weather Ball|p1b: Gholdengo
|-supereffective|p1b: Gholdengo|1
|-damage|p1b: Gholdengo|0 fnt
|faint|p1b: Gholdengo
|cant|p1a: Garchomp|slp
|
|-weather|SunnyDay|[upkeep]
|upkeep
|
|t:|1782499528
|switch|p1b: Charizard|Charizard, L50, M|100/100
|turn|4
|
|t:|1782499537
|detailschange|p1b: Charizard|Charizard-Mega-Y, L50, M
|-mega|p1b: Charizard|Charizard|Charizardite Y
|move|p2a: Vileplume|Sleep Powder|p1b: Charizard
|-status|p1b: Charizard|slp|[from] move: Sleep Powder
|-curestatus|p1a: Garchomp|slp|[msg]
|move|p1a: Garchomp|Stomping Tantrum|p2a: Vileplume
|-enditem|p2a: Vileplume|Focus Sash
|-damage|p2a: Vileplume|1/100
|cant|p1b: Charizard|slp
|move|p2b: Torkoal|Weather Ball|p1a: Garchomp
|-resisted|p1a: Garchomp|1
|-damage|p1a: Garchomp|41/100
|
|-weather|SunnyDay|[upkeep]
|upkeep
|turn|5
|
|t:|1782499557
|move|p2b: Torkoal|Helping Hand|p2a: Vileplume
|-singleturn|p2a: Vileplume|Helping Hand|[of] p2b: Torkoal
|move|p1a: Garchomp|Protect|p1a: Garchomp
|-singleturn|p1a: Garchomp|Protect
|move|p2a: Vileplume|Giga Drain|p1a: Garchomp
|-activate|p1a: Garchomp|move: Protect
|cant|p1b: Charizard|slp
|
|-weather|none
|upkeep
|turn|6
|
|t:|1782499578
|switch|p2a: Farigiraf|Farigiraf, L50, M|100/100
|switch|p2b: Scrafty|Scrafty, L50, F|100/100
|-ability|p2b: Scrafty|Intimidate|boost
|-unboost|p1a: Garchomp|atk|1
|-unboost|p1b: Charizard|atk|1
|move|p1a: Garchomp|Dragon Claw|p2b: Scrafty
|-damage|p2b: Scrafty|71/100
|-curestatus|p1b: Charizard|slp|[msg]
|move|p1b: Charizard|Weather Ball|p2a: Farigiraf
|-damage|p2a: Farigiraf|80/100
|
|upkeep
|turn|7
|
|t:|1782499592
|detailschange|p2b: Scrafty|Scrafty-Mega, L50, F
|-mega|p2b: Scrafty|Scrafty|Scraftinite
|-ability|p2b: Scrafty|Intimidate|boost
|-unboost|p1a: Garchomp|atk|1
|-unboost|p1b: Charizard|atk|1
|move|p1a: Garchomp|Stomping Tantrum|p2b: Scrafty
|-damage|p2b: Scrafty|54/100
|move|p1b: Charizard|Heat Wave|p2b: Scrafty|[spread] p2a,p2b
|-damage|p2a: Farigiraf|40/100
|-damage|p2b: Scrafty|18/100
|-enditem|p2a: Farigiraf|Sitrus Berry|[eat]
|-heal|p2a: Farigiraf|65/100|[from] item: Sitrus Berry
|move|p2b: Scrafty|Thunder Punch|p1b: Charizard
|-supereffective|p1b: Charizard|1
|-damage|p1b: Charizard|31/100
|move|p2a: Farigiraf|Trick Room|p2a: Farigiraf
|-fieldstart|move: Trick Room|[of] p2a: Farigiraf
|
|upkeep
|turn|8
|
|t:|1782499613
|move|p2b: Scrafty|Knock Off|p1a: Garchomp
|-damage|p1a: Garchomp|0 fnt
|-damage|p2b: Scrafty|6/100|[from] ability: Rough Skin|[of] p1a: Garchomp
|-enditem|p1a: Garchomp|Expert Belt|[from] move: Knock Off|[of] p2b: Scrafty
|faint|p1a: Garchomp
|move|p2a: Farigiraf|Psychic|p1b: Charizard
|-damage|p1b: Charizard|4/100
|move|p1b: Charizard|Heat Wave|p2a: Farigiraf|[spread] p2b
|-miss|p1b: Charizard|p2a: Farigiraf
|-damage|p2b: Scrafty|0 fnt
|faint|p2b: Scrafty
|
|upkeep
|
|t:|1782499621
|switch|p2b: Torkoal|Torkoal, L50, M|9/100
|-weather|SunnyDay|[from] ability: Drought|[of] p2b: Torkoal
|turn|9
|
|t:|1782499623
|move|p2b: Torkoal|Weather Ball|p1b: Charizard
|-resisted|p1b: Charizard|1
|-damage|p1b: Charizard|0 fnt
|faint|p1b: Charizard
|
|win|Fell Blue
|raw|pechugadepollico's rating: 1153 → 1138(-15 for losing)
|raw|Fell Blue's rating: 1298 → 1313(+15 for winning)
|l|☆pechugadepollico
|player|p1|
