|j|☆luxerna
|j|☆master 792
|html|luxernamaster 792    
|uhtml|bestof|Game 2 of a best-of-3
|t:|1786056812
|gametype|doubles
|player|p1|luxerna|riley|1373
|player|p2|master 792|red|1319
|gen|9
|tier|[Gen 9 Champions] VGC 2026 Reg M-B (Bo3)
|rated|
|rule|Species Clause: Limit one of each Pokémon
|rule|Item Clause: Limit 1 of each item
|clearpoke
|poke|p1|Tyranitar, L50, F|
|poke|p1|Staraptor, L50, F, shiny|
|poke|p1|Excadrill, L50, F|
|poke|p1|Gholdengo, L50|
|poke|p1|Milotic, L50, M|
|poke|p1|Sinistcha, L50|
|poke|p2|Charizard, L50, F|
|poke|p2|Whimsicott, L50, M, shiny|
|poke|p2|Basculegion, L50, M, shiny|
|poke|p2|Garchomp, L50, F, shiny|
|poke|p2|Kingambit, L50, M|
|poke|p2|Floette-Eternal, L50, F|
|teampreview|4
|showteam|p1|Tyranitar||Tyranitarite|SandStream|RockSlide,KnockOff,HighHorsepower,Protect|Jolly||F|||50|]Staraptor||Staraptite|Intimidate|BraveBird,CloseCombat,Tailwind,Protect|Jolly||F|||50|]Excadrill||FocusSash|SandRush|HighHorsepower,IronHead,RockSlide,Protect|Adamant||F|||50|]Gholdengo||LifeOrb|GoodasGold|MakeItRain,ShadowBall,NastyPlot,Protect|Modest|||||50|]Milotic||SitrusBerry|Competitive|Protect,Scald,IcyWind,IceBeam|Modest||M|||50|]Sinistcha||ColburBerry|Hospitality|MatchaGotcha,RagePowder,ShadowBall,Protect|Bold|||||50|
|showteam|p2|Charizard||CharizarditeY|Blaze|HeatWave,WeatherBall,SolarBeam,Protect|Modest||F|||50|]Whimsicott||FocusSash|Prankster|Moonblast,Encore,Tailwind,Protect|Timid||M|||50|]Basculegion||LifeOrb|Adaptability|WaveCrash,LastRespects,AquaJet,Protect|Adamant||M|||50|]Garchomp||SitrusBerry|RoughSkin|Protect,Earthquake,RockSlide,DragonClaw|Adamant||F|||50|]Kingambit||BlackGlasses|Defiant|KowtowCleave,IronHead,SuckerPunch,Protect|Adamant||M|||50|]Floette-Eternal||Floettite|FlowerVeil|Moonblast,DazzlingGleam,HelpingHand,Protect|Modest||F|||50|
|
|t:|1786056846
|teamsize|p1|4
|teamsize|p2|4
|start
|switch|p1a: Miguel SVC|Staraptor, L50, F, shiny|100/100
|switch|p1b: Triple T|Gholdengo, L50|100/100
|switch|p2a: Whimsicott|Whimsicott, L50, M, shiny|100/100
|switch|p2b: Charizard|Charizard, L50, F|100/100
|-ability|p1a: Miguel SVC|Intimidate|boost
|-unboost|p2a: Whimsicott|atk|1
|-unboost|p2b: Charizard|atk|1
|turn|1
|
|t:|1786056851
|switch|p1a: Bugaboo|Milotic, L50, M|100/100
|detailschange|p2b: Charizard|Charizard-Mega-Y, L50, F
|-mega|p2b: Charizard|Charizard|Charizardite Y
|-weather|SunnyDay|[from] ability: Drought|[of] p2b: Charizard
|move|p1b: Triple T|Protect|p1b: Triple T
|-singleturn|p1b: Triple T|Protect
|move|p2a: Whimsicott|Tailwind|p2a: Whimsicott
|-sidestart|p2: master 792|move: Tailwind
|move|p2b: Charizard|Heat Wave|p1b: Triple T|[spread] 
|-activate|p1b: Triple T|move: Protect
|-miss|p2b: Charizard|p1a: Bugaboo
|
|-weather|SunnyDay|[upkeep]
|upkeep
|turn|2
|
|t:|1786056867
|switch|p2b: Basculegion|Basculegion, L50, M, shiny|100/100
|switch|p1b: Floppavs|Tyranitar, L50, F|100/100
|-weather|Sandstorm|[from] ability: Sand Stream|[of] p1b: Floppavs
|move|p2a: Whimsicott|Moonblast|p1a: Bugaboo
|-damage|p1a: Bugaboo|74/100
|move|p1a: Bugaboo|Icy Wind|p2a: Whimsicott|[spread] p2a,p2b
|-supereffective|p2a: Whimsicott|1
|-resisted|p2b: Basculegion|1
|-damage|p2a: Whimsicott|60/100
|-damage|p2b: Basculegion|93/100
|-unboost|p2a: Whimsicott|spe|1
|-unboost|p2b: Basculegion|spe|1
|
|-weather|Sandstorm|[upkeep]
|-damage|p2a: Whimsicott|54/100|[from] Sandstorm
|-damage|p2b: Basculegion|87/100|[from] Sandstorm
|-damage|p1a: Bugaboo|68/100|[from] Sandstorm
|upkeep
|turn|3
|
|t:|1786056883
|move|p1b: Floppavs|Protect|p1b: Floppavs
|-singleturn|p1b: Floppavs|Protect
|move|p2a: Whimsicott|Moonblast|p1a: Bugaboo
|-damage|p1a: Bugaboo|41/100
|-enditem|p1a: Bugaboo|Sitrus Berry|[eat]
|-heal|p1a: Bugaboo|66/100|[from] item: Sitrus Berry
|move|p2b: Basculegion|Wave Crash|p1b: Floppavs
|-activate|p1b: Floppavs|move: Protect
|move|p1a: Bugaboo|Ice Beam|p2a: Whimsicott
|-supereffective|p2a: Whimsicott|1
|-damage|p2a: Whimsicott|0 fnt
|faint|p2a: Whimsicott
|
|-weather|Sandstorm|[upkeep]
|-damage|p2b: Basculegion|81/100|[from] Sandstorm
|-damage|p1a: Bugaboo|60/100|[from] Sandstorm
|upkeep
|
|t:|1786056899
|switch|p2a: Charizard|Charizard-Mega-Y, L50, F|100/100
|-weather|SunnyDay|[from] ability: Drought|[of] p2a: Charizard
|turn|4
|
|t:|1786056915
|switch|p2a: Garchomp|Garchomp, L50, F, shiny|100/100
|switch|p1b: Miguel SVC|Staraptor, L50, F, shiny|100/100
|-ability|p1b: Miguel SVC|Intimidate|boost
|-unboost|p2a: Garchomp|atk|1
|-unboost|p2b: Basculegion|atk|1
|move|p2b: Basculegion|Wave Crash|p1b: Miguel SVC
|-damage|p1b: Miguel SVC|56/100
|-damage|p2b: Basculegion|67/100|[from] Recoil
|-damage|p2b: Basculegion|57/100|[from] item: Life Orb
|move|p1a: Bugaboo|Icy Wind|p2b: Basculegion|[spread] p2a,p2b
|-supereffective|p2a: Garchomp|2
|-resisted|p2b: Basculegion|1
|-damage|p2a: Garchomp|55/100
|-damage|p2b: Basculegion|50/100g
|-unboost|p2a: Garchomp|spe|1
|-unboost|p2b: Basculegion|spe|1
|
|-weather|SunnyDay|[upkeep]
|-sideend|p2: master 792|move: Tailwind
|upkeep
|turn|5
|
|t:|1786056941
|detailschange|p1b: Miguel SVC|Staraptor-Mega, L50, F, shiny
|-mega|p1b: Miguel SVC|Staraptor|Staraptite
|move|p1b: Miguel SVC|Brave Bird|p2b: Basculegion
|-damage|p2b: Basculegion|0 fnt
|faint|p2b: Basculegion
|-damage|p1b: Miguel SVC|38/100|[from] Recoil
|move|p1a: Bugaboo|Ice Beam|p2a: Garchomp
|-supereffective|p2a: Garchomp|2
|-damage|p2a: Garchomp|0 fnt
|faint|p2a: Garchomp
|
|-weather|SunnyDay|[upkeep]
|upkeep
|
|t:|1786056947
|switch|p2b: Charizard|Charizard-Mega-Y, L50, F|100/100
|turn|6
|c|☆master 792|jjaja
|
|t:|1786056953
|switch|p1b: Floppavs|Tyranitar, L50, F|100/100
|-weather|Sandstorm|[from] ability: Sand Stream|[of] p1b: Floppavs
|move|p2b: Charizard|Heat Wave|p1a: Bugaboo|[spread] p1a,p1b
|-resisted|p1a: Bugaboo|1
|-resisted|p1b: Floppavs|1
|-damage|p1a: Bugaboo|45/100
|-damage|p1b: Floppavs|87/100
|move|p1a: Bugaboo|Scald|p2b: Charizard
|-supereffective|p2b: Charizard|1
|-damage|p2b: Charizard|43/100
|
|-weather|Sandstorm|[upkeep]
|-damage|p2b: Charizard|37/100|[from] Sandstorm
|-damage|p1a: Bugaboo|39/100|[from] Sandstorm
|upkeep
|turn|7
|
|t:|1786056960
|move|p2b: Charizard|Weather Ball|p1a: Bugaboo
|-damage|p1a: Bugaboo|8/100
|move|p1b: Floppavs|Rock Slide|p2b: Charizard|[miss]
|-miss|p1b: Floppavs|p2b: Charizard
|move|p1a: Bugaboo|Scald|p2b: Charizard
|-supereffective|p2b: Charizard|1
|-damage|p2b: Charizard|0 fnt
|faint|p2b: Charizard
|
|win|luxerna
|raw|luxerna's rating: 1373 → 1390(+17 for winning)
|raw|master 792's rating: 1319 → 1302(-17 for losing)
