|j|☆BerceoX
|j|☆flaabs cgv
|html|BerceoXflaabs cgv    
|uhtml|bestof|Game 1 of a best-of-3
|t:|1784033013
|gametype|doubles
|player|p1|BerceoX|ghetsis|1012
|player|p2|flaabs cgv|265|1042
|gen|9
|tier|[Gen 9 Champions] VGC 2026 Reg M-B (Bo3)
|rated|
|rule|Species Clause: Limit one of each Pokémon
|rule|Item Clause: Limit 1 of each item
|clearpoke
|poke|p1|Vivillon-Pokeball, L50, F|
|poke|p1|Politoed, L50, F|
|poke|p1|Gengar, L50, M|
|poke|p1|Incineroar, L50, M|
|poke|p1|Archaludon, L50, F|
|poke|p1|Swampert, L50, F|
|poke|p2|Tinkaton, L50, F|
|poke|p2|Garchomp, L50, F|
|poke|p2|Pyroar, L50, M|
|poke|p2|Torkoal, L50, M|
|poke|p2|Basculegion, L50, M|
|poke|p2|Venusaur, L50, F|
|teampreview|4
|showteam|p1|Vivillon-Pokeball||FocusSash|CompoundEyes|Protect,RagePowder,SleepPowder,Hurricane|Timid||F|||50|]Politoed||SitrusBerry|Drizzle|WeatherBall,PerishSong,Protect,Encore|Calm||F|||50|]Gengar||Gengarite|CursedBody|PerishSong,Protect,ShadowBall,SludgeBomb|Timid||M|||50|]Incineroar||PasshoBerry|Intimidate|FakeOut,Protect,PartingShot,ThroatChop|Impish||M|||50|]Archaludon||Leftovers|Stamina|ElectroShot,DragonPulse,FlashCannon,Protect|Modest||F|||50|]Swampert||Swampertite|Torrent|WaveCrash,Earthquake,IcePunch,Protect|Adamant||F|||50|
|showteam|p2|Tinkaton||ShucaBerry|MoldBreaker|FakeOut,FakeTears,GigatonHammer,Protect|Adamant||F|||50|]Garchomp||LifeOrb|RoughSkin|DragonClaw,Protect,Earthquake,RockSlide|Jolly||F|||50|]Pyroar||Pyroarite|Unnerve|HeatWave,Protect,PsychicFangs,Overheat|Modest||M|||50|]Torkoal||Leftovers|Drought|Eruption,BodyPress,Protect,SolarBeam|Serious||M|||50|]Basculegion||MysticWater|Adaptability|AquaJet,WaveCrash,Protect,LastRespects|Serious||M|||50|]Venusaur||FocusSash|Chlorophyll|EarthPower,SleepPowder,Protect,SolarBeam|Modest||F|||50|
|
|t:|1784033077
|teamsize|p1|4
|teamsize|p2|4
|start
|switch|p1a: Incineroar|Incineroar, L50, M|100/100
|switch|p1b: Gengar|Gengar, L50, M|100/100
|switch|p2a: Garchomp|Garchomp, L50, F|100/100
|switch|p2b: Tinkaton|Tinkaton, L50, F|100/100
|-ability|p2b: Tinkaton|Mold Breaker
|-ability|p1a: Incineroar|Intimidate|boost
|-unboost|p2a: Garchomp|atk|1
|-unboost|p2b: Tinkaton|atk|1
|turn|1
|
|t:|1784033119
|switch|p2a: Venusaur|Venusaur, L50, F|100/100
|detailschange|p1b: Gengar|Gengar-Mega, L50, M
|-mega|p1b: Gengar|Gengar|Gengarite
|move|p1b: Gengar|Protect|p1b: Gengar
|-singleturn|p1b: Gengar|Protect
|move|p1a: Incineroar|Protect|p1a: Incineroar
|-singleturn|p1a: Incineroar|Protect
|move|p2b: Tinkaton|Fake Tears|p1b: Gengar
|-activate|p1b: Gengar|move: Protect
|
|upkeep
|turn|2
|
|t:|1784033157
|switch|p1b: Vivillon|Vivillon-Pokeball, L50, F|100/100
|move|p2b: Tinkaton|Protect|p2b: Tinkaton
|-singleturn|p2b: Tinkaton|Protect
|move|p2a: Venusaur|Protect|p2a: Venusaur
|-singleturn|p2a: Venusaur|Protect
|move|p1a: Incineroar|Parting Shot|p2a: Venusaur
|-activate|p2a: Venusaur|move: Protect
|
|upkeep
|turn|3
|
|t:|1784033178
|switch|p2b: Torkoal|Torkoal, L50, M|100/100
|-weather|SunnyDay|[from] ability: Drought|[of] p2b: Torkoal
|move|p2a: Venusaur|Earth Power|p1a: Incineroar
|-supereffective|p1a: Incineroar|1
|-damage|p1a: Incineroar|53/100
|-unboost|p1a: Incineroar|spd|1
|move|p1b: Vivillon|Sleep Powder|p2b: Torkoal
|-status|p2b: Torkoal|slp|[from] move: Sleep Powder
|move|p1a: Incineroar|Parting Shot|p2a: Venusaur
|-unboost|p2a: Venusaur|atk|1
|-unboost|p2a: Venusaur|spa|1
|
|t:|1784033187
|switch|p1a: Gengar|Gengar-Mega, L50, M|100/100|[from] Parting Shot
|
|-weather|SunnyDay|[upkeep]
|upkeep
|turn|4
|
|t:|1784033213
|move|p1b: Vivillon|Rage Powder|p1b: Vivillon
|-singleturn|p1b: Vivillon|move: Rage Powder
|move|p2a: Venusaur|Sleep Powder|p1b: Vivillon|[miss]
|-miss|p2a: Venusaur|p1b: Vivillon
|move|p1a: Gengar|Perish Song|p1a: Gengar
|-start|p1a: Gengar|perish3|[silent]
|-start|p1b: Vivillon|perish3|[silent]
|-start|p2a: Venusaur|perish3|[silent]
|-start|p2b: Torkoal|perish3|[silent]
|-fieldactivate|move: Perish Song
|cant|p2b: Torkoal|slp
|
|-weather|SunnyDay|[upkeep]
|-start|p2a: Venusaur|perish3
|-start|p1a: Gengar|perish3
|-start|p1b: Vivillon|perish3
|-start|p2b: Torkoal|perish3
|upkeep
|turn|5
|
|t:|1784033260
|move|p1a: Gengar|Protect|p1a: Gengar
|-singleturn|p1a: Gengar|Protect
|move|p1b: Vivillon|Protect|p1b: Vivillon
|-singleturn|p1b: Vivillon|Protect
|move|p2a: Venusaur|Sleep Powder|p1b: Vivillon
|-activate|p1b: Vivillon|move: Protect
|cant|p2b: Torkoal|slp
|
|-weather|SunnyDay|[upkeep]
|-start|p2a: Venusaur|perish2
|-start|p1a: Gengar|perish2
|-start|p1b: Vivillon|perish2
|-start|p2b: Torkoal|perish2
|upkeep
|turn|6
|
|t:|1784033302
|move|p1b: Vivillon|Rage Powder|p1b: Vivillon
|-singleturn|p1b: Vivillon|move: Rage Powder
|move|p2a: Venusaur|Sleep Powder|p1a: Gengar|[miss]
|-miss|p2a: Venusaur|p1a: Gengar
|move|p1a: Gengar|Sludge Bomb|p2b: Torkoal
|-damage|p2b: Torkoal|43/100 slp
|-curestatus|p2b: Torkoal|slp|[msg]
|move|p2b: Torkoal|Eruption|p1b: Vivillon|[spread] p1a,p1b
|-supereffective|p1b: Vivillon|1
|-damage|p1a: Gengar|79/100
|-enditem|p1b: Vivillon|Focus Sash
|-damage|p1b: Vivillon|1/100
|
|-weather|SunnyDay|[upkeep]
|-heal|p2b: Torkoal|49/100|[from] item: Leftovers
|-start|p2a: Venusaur|perish1
|-start|p1a: Gengar|perish1
|-start|p1b: Vivillon|perish1
|-start|p2b: Torkoal|perish1
|upkeep
|turn|7
|
|t:|1784033326
|switch|p1a: Politoed|Politoed, L50, F|100/100
|-weather|RainDance|[from] ability: Drizzle|[of] p1a: Politoed
|switch|p1b: Incineroar|Incineroar, L50, M|53/100
|-ability|p1b: Incineroar|Intimidate|boost
|-unboost|p2a: Venusaur|atk|1
|-unboost|p2b: Torkoal|atk|1
|move|p2a: Venusaur|Earth Power|p1a: Politoed
|-damage|p1a: Politoed|85/100
|move|p2b: Torkoal|Eruption|p1a: Politoed|[spread] p1a,p1b
|-resisted|p1a: Politoed|1
|-resisted|p1b: Incineroar|1
|-damage|p1a: Politoed|82/100
|-damage|p1b: Incineroar|50/100y
|
|-weather|RainDance|[upkeep]
|-heal|p2b: Torkoal|55/100|[from] item: Leftovers
|-start|p2a: Venusaur|perish0
|-start|p2b: Torkoal|perish0
|upkeep
|faint|p2a: Venusaur
|faint|p2b: Torkoal
|
|t:|1784033333
|switch|p2a: Tinkaton|Tinkaton, L50, F|100/100
|switch|p2b: Garchomp|Garchomp, L50, F|100/100
|-ability|p2a: Tinkaton|Mold Breaker
|turn|8
|
|t:|1784033354
|move|p2a: Tinkaton|Fake Out|p1a: Politoed
|-damage|p1a: Politoed|71/100
|move|p1b: Incineroar|Fake Out|p2b: Garchomp
|-damage|p2b: Garchomp|88/100
|-damage|p1b: Incineroar|37/100|[from] ability: Rough Skin|[of] p2b: Garchomp
|cant|p2b: Garchomp|flinch
|cant|p1a: Politoed|flinch
|
|-weather|RainDance|[upkeep]
|upkeep
|turn|9
|
|t:|1784033373
|move|p2a: Tinkaton|Protect|p2a: Tinkaton
|-singleturn|p2a: Tinkaton|Protect
|move|p2b: Garchomp|Earthquake|p1b: Incineroar|[spread] p1a,p1b
|-activate|p2a: Tinkaton|move: Protect
|-supereffective|p1b: Incineroar|1
|-damage|p1a: Politoed|23/100
|-damage|p1b: Incineroar|0 fnt
|-enditem|p1a: Politoed|Sitrus Berry|[eat]
|-heal|p1a: Politoed|48/100|[from] item: Sitrus Berry
|faint|p1b: Incineroar
|-damage|p2b: Garchomp|78/100|[from] item: Life Orb
|move|p1a: Politoed|Perish Song|p1a: Politoed
|-start|p1a: Politoed|perish3|[silent]
|-start|p2a: Tinkaton|perish3|[silent]
|-start|p2b: Garchomp|perish3|[silent]
|-fieldactivate|move: Perish Song
|
|-weather|RainDance|[upkeep]
|-start|p2b: Garchomp|perish3
|-start|p2a: Tinkaton|perish3
|-start|p1a: Politoed|perish3
|upkeep
|
|t:|1784033398
|switch|p1b: Gengar|Gengar-Mega, L50, M|79/100
|turn|10
|
|t:|1784033428
|move|p1b: Gengar|Protect|p1b: Gengar
|-singleturn|p1b: Gengar|Protect
|move|p2a: Tinkaton|Protect||[still]
|-fail|p2a: Tinkaton
|move|p2b: Garchomp|Dragon Claw|p1a: Politoed
|-damage|p1a: Politoed|0 fnt
|faint|p1a: Politoed
|-damage|p2b: Garchomp|68/100|[from] item: Life Orb
|
|-weather|RainDance|[upkeep]
|-start|p2b: Garchomp|perish2
|-start|p2a: Tinkaton|perish2
|upkeep
|
|t:|1784033436
|switch|p1a: Vivillon|Vivillon-Pokeball, L50, F|1/100
|turn|11
|
|t:|1784033455
|move|p2b: Garchomp|Rock Slide|p1a: Vivillon|[spread] p1a
|-miss|p2b: Garchomp|p1b: Gengar
|-supereffective|p1a: Vivillon|2
|-damage|p1a: Vivillon|0 fnt
|faint|p1a: Vivillon
|-damage|p2b: Garchomp|58/100|[from] item: Life Orb
|move|p1b: Gengar|Shadow Ball|p2b: Garchomp
|-damage|p2b: Garchomp|10/100
|move|p2a: Tinkaton|Gigaton Hammer|p1b: Gengar
|-damage|p1b: Gengar|5/100
|
|-weather|none
|-start|p2b: Garchomp|perish1
|-start|p2a: Tinkaton|perish1
|upkeep
|turn|12
|c|☆flaabs cgv|fuck
|inactive|Battle timer is ON: inactive players will automatically lose when time's up. (requested by BerceoX)
|c|☆flaabs cgv|gg
|
|t:|1784033487
|move|p1b: Gengar|Protect|p1b: Gengar
|-singleturn|p1b: Gengar|Protect
|move|p2a: Tinkaton|Protect|p2a: Tinkaton
|-singleturn|p2a: Tinkaton|Protect
|move|p2b: Garchomp|Dragon Claw|p1b: Gengar
|-activate|p1b: Gengar|move: Protect
|
|-start|p2b: Garchomp|perish0
|-start|p2a: Tinkaton|perish0
|faint|p2b: Garchomp
|faint|p2a: Tinkaton
|
|win|BerceoX
||flaabs cgv is ready for game 2.
|inactive|BerceoX has 30 seconds to confirm battle start!
||BerceoX is ready for game 2.
|uhtml|next|Next: Game 2 of 3
