|j|☆baka rounin
|j|☆slowpoodle
|html|baka rouninslowpoodle    
|uhtml|bestof|Game 1 of a best-of-3
|t:|1784031339
|gametype|doubles
|player|p1|baka rounin|265|1107
|player|p2|slowpoodle|169|1000
|gen|9
|tier|[Gen 9 Champions] VGC 2026 Reg M-B (Bo3)
|rated|
|rule|Species Clause: Limit one of each Pokémon
|rule|Item Clause: Limit 1 of each item
|clearpoke
|poke|p1|Tyranitar, L50, M, shiny|
|poke|p1|Excadrill, L50, F|
|poke|p1|Milotic, L50, F|
|poke|p1|Sinistcha, L50|
|poke|p1|Staraptor, L50, M, shiny|
|poke|p1|Gholdengo, L50|
|poke|p2|Delphox, L50, F|
|poke|p2|Gardevoir, L50, F|
|poke|p2|Sableye, L50, F|
|poke|p2|Overqwil, L50, M|
|poke|p2|Audino, L50, F|
|poke|p2|Tinkaton, L50, F|
|teampreview|4
|showteam|p1|Tyranitar||Tyranitarite|SandStream|RockSlide,KnockOff,HighHorsepower,Protect|Jolly||M|||50|]Excadrill||FocusSash|SandRush|IronHead,Earthquake,RockSlide,Protect|Jolly||F|||50|]Milotic||SitrusBerry|Competitive|Scald,IcyWind,Haze,Protect|Calm||F|||50|]Sinistcha||ColburBerry|Hospitality|MatchaGotcha,ShadowBall,Protect,RagePowder|Bold|||||50|]Staraptor||Staraptite|Intimidate|CloseCombat,BraveBird,Tailwind,Protect|Jolly||M|||50|]Gholdengo||LifeOrb|GoodasGold|ShadowBall,MakeItRain,NastyPlot,Protect|Modest|||||50|
|showteam|p2|Delphox||Delphoxite|Blaze|PsychUp,ExpandingForce,HeatWave,Protect|Timid||F|||50|]Gardevoir||Gardevoirite|Synchronize|PsychUp,ExpandingForce,HyperVoice,Protect|Timid||F|||50|]Sableye||SitrusBerry|Prankster|WillOWisp,Encore,Disable,PsychUp|Impish||F|||50|]Overqwil||Leftovers|Intimidate|BarbBarrage,Stockpile,Minimize,Acupressure|Careful||M|||50|]Audino||ChoiceScarf|Healer|SimpleBeam,LifeDew,TrickRoom,Protect|Jolly||F|||50|]Tinkaton||OccaBerry|MoldBreaker|FakeOut,GigatonHammer,PlayRough,Protect|Adamant||F|||50|
|inactive|Battle timer is ON: inactive players will automatically lose when time's up. (requested by slowpoodle)
|
|t:|1784031388
|teamsize|p1|4
|teamsize|p2|4
|start
|switch|p1a: Xebec|Tyranitar, L50, M, shiny|100/100
|switch|p1b: Donnie Brasco|Excadrill, L50, F|100/100
|switch|p2a: Overqwil|Overqwil, L50, M|100/100
|switch|p2b: Audino|Audino, L50, F|100/100
|-weather|Sandstorm|[from] ability: Sand Stream|[of] p1a: Xebec
|-ability|p2a: Overqwil|Intimidate|boost
|-unboost|p1a: Xebec|atk|1
|-unboost|p1b: Donnie Brasco|atk|1
|turn|1
|inactive|baka rounin has 30 seconds left.
|
|t:|1784031423
|switch|p1a: Roger|Gholdengo, L50|100/100
|move|p1b: Donnie Brasco|Rock Slide|p2b: Audino|[spread] p2b
|-miss|p1b: Donnie Brasco|p2a: Overqwil
|-damage|p2b: Audino|87/100
|move|p2b: Audino|Simple Beam|p2a: Overqwil
|-ability|p2a: Overqwil|Simple|Intimidate|[from] move: Simple Beam
|move|p2a: Overqwil|Minimize|p2a: Overqwil
|-boost|p2a: Overqwil|evasion|4
|
|-weather|Sandstorm|[upkeep]
|-damage|p2b: Audino|81/100|[from] Sandstorm
|-damage|p2a: Overqwil|93/100|[from] Sandstorm
|-heal|p2a: Overqwil|100/100|[from] item: Leftovers
|upkeep
|turn|2
|inactive|baka rounin has 30 seconds left.
|inactive|baka rounin has 20 seconds left.
|inactive|slowpoodle has 30 seconds left.
|inactive|baka rounin has 15 seconds left.
|inactive|baka rounin has 10 seconds left.
|inactive|baka rounin has 5 seconds left.
|
|t:|1784031475
|switch|p2b: Sableye|Sableye, L50, F|100/100
|move|p1b: Donnie Brasco|Rock Slide|p2b: Sableye|[spread] p2a,p2b
|-damage|p2a: Overqwil|88/100
|-damage|p2b: Sableye|85/100
|move|p1a: Roger|Nasty Plot|p1a: Roger
|-boost|p1a: Roger|spa|2
|move|p2a: Overqwil|Stockpile|p2a: Overqwil
|-start|p2a: Overqwil|stockpile1
|-boost|p2a: Overqwil|def|2
|-boost|p2a: Overqwil|spd|2
|
|-weather|Sandstorm|[upkeep]
|-damage|p2a: Overqwil|81/100|[from] Sandstorm
|-damage|p2b: Sableye|79/100|[from] Sandstorm
|-heal|p2a: Overqwil|88/100|[from] item: Leftovers
|upkeep
|turn|3
|inactive|baka rounin has 30 seconds left.
|
|t:|1784031506
|switch|p1a: Xebec|Tyranitar, L50, M, shiny|100/100
|move|p2b: Sableye|Encore|p1a: Xebec
|-hint|Since gen 7, Dark is immune to Prankster moves.
|-immune|p1a: Xebec
|move|p1b: Donnie Brasco|Iron Head|p2b: Sableye
|-damage|p2b: Sableye|50/100g
|move|p2a: Overqwil|Stockpile|p2a: Overqwil
|-start|p2a: Overqwil|stockpile2
|-boost|p2a: Overqwil|def|2
|-boost|p2a: Overqwil|spd|2
|
|-weather|Sandstorm|[upkeep]
|-damage|p2a: Overqwil|81/100|[from] Sandstorm
|-damage|p2b: Sableye|44/100|[from] Sandstorm
|-enditem|p2b: Sableye|Sitrus Berry|[eat]
|-heal|p2b: Sableye|69/100|[from] item: Sitrus Berry
|-heal|p2a: Overqwil|88/100|[from] item: Leftovers
|upkeep
|turn|4
|
|t:|1784031526
|switch|p1b: Roger|Gholdengo, L50|100/100
|detailschange|p1a: Xebec|Tyranitar-Mega, L50, M, shiny
|-mega|p1a: Xebec|Tyranitar|Tyranitarite
|move|p2b: Sableye|Will-O-Wisp|p1b: Roger
|-immune|p1b: Roger|[from] ability: Good as Gold
|move|p1a: Xebec|High Horsepower|p2a: Overqwil
|-supereffective|p2a: Overqwil|1
|-damage|p2a: Overqwil|61/100
|move|p2a: Overqwil|Stockpile|p2a: Overqwil
|-start|p2a: Overqwil|stockpile3
|-boost|p2a: Overqwil|def|2
|-boost|p2a: Overqwil|spd|2
|
|-weather|Sandstorm|[upkeep]
|-damage|p2a: Overqwil|55/100|[from] Sandstorm
|-damage|p2b: Sableye|63/100|[from] Sandstorm
|-heal|p2a: Overqwil|61/100|[from] item: Leftovers
|upkeep
|turn|5
|inactive|baka rounin has 30 seconds left.
|inactive|slowpoodle has 30 seconds left.
|
|t:|1784031554
|move|p2b: Sableye|Psych Up|p2a: Overqwil
|-copyboost|p2b: Sableye|p2a: Overqwil|[from] move: Psych Up
|move|p1a: Xebec|Rock Slide|p2b: Sableye|[spread] 
|-miss|p1a: Xebec|p2a: Overqwil
|-miss|p1a: Xebec|p2b: Sableye
|move|p1b: Roger|Shadow Ball|p2b: Sableye
|-damage|p2b: Sableye|45/100
|-damage|p1b: Roger|90/100|[from] item: Life Orb
|move|p2a: Overqwil|Minimize|p2a: Overqwil
|-boost|p2a: Overqwil|evasion|2
|
|-weather|none
|-heal|p2a: Overqwil|68/100|[from] item: Leftovers
|upkeep
|turn|6
|inactive|slowpoodle has 30 seconds left.
|inactive|slowpoodle has 20 seconds left.
|
|t:|1784031591
|move|p2b: Sableye|Will-O-Wisp|p1a: Xebec
|-hint|Since gen 7, Dark is immune to Prankster moves.
|-immune|p1a: Xebec
|move|p1a: Xebec|Knock Off|p2a: Overqwil|[miss]
|-miss|p1a: Xebec|p2a: Overqwil
|move|p1b: Roger|Shadow Ball|p2b: Sableye|[miss]
|-miss|p1b: Roger|p2b: Sableye
|move|p2a: Overqwil|Acupressure|p2a: Overqwil
|-boost|p2a: Overqwil|spe|4
|
|-heal|p2a: Overqwil|74/100|[from] item: Leftovers
|upkeep
|turn|7
|inactive|baka rounin has 30 seconds left.
|
|t:|1784031616
|move|p2b: Sableye|Will-O-Wisp|p1b: Roger
|-immune|p1b: Roger|[from] ability: Good as Gold
|move|p2a: Overqwil|Acupressure|p2a: Overqwil
|-boost|p2a: Overqwil|atk|4
|move|p1a: Xebec|Knock Off|p2b: Sableye|[miss]
|-miss|p1a: Xebec|p2b: Sableye
|move|p1b: Roger|Shadow Ball|p2b: Sableye
|-damage|p2b: Sableye|28/100
|-damage|p1b: Roger|80/100|[from] item: Life Orb
|
|-heal|p2a: Overqwil|80/100|[from] item: Leftovers
|upkeep
|turn|8
|j| SnowClone666
|c| SnowClone666|whoa
|c| SnowClone666|what did i step into lol
|
|t:|1784031639
|move|p2b: Sableye|Psych Up|p2a: Overqwil
|-copyboost|p2b: Sableye|p2a: Overqwil|[from] move: Psych Up
|move|p2a: Overqwil|Acupressure|p2a: Overqwil
|-boost|p2a: Overqwil|atk|2
|move|p1a: Xebec|High Horsepower|p2a: Overqwil
|-supereffective|p2a: Overqwil|1
|-damage|p2a: Overqwil|61/100
|move|p1b: Roger|Shadow Ball|p2b: Sableye|[miss]
|-miss|p1b: Roger|p2b: Sableye
|
|-heal|p2a: Overqwil|68/100|[from] item: Leftovers
|upkeep
|turn|9
|c| SnowClone666|deem
|
|t:|1784031663
|move|p2b: Sableye|Will-O-Wisp|p1a: Xebec
|-hint|Since gen 7, Dark is immune to Prankster moves.
|-immune|p1a: Xebec
|move|p2a: Overqwil|Acupressure|p2a: Overqwil
|-boost|p2a: Overqwil|spe|2
|move|p1a: Xebec|High Horsepower|p2a: Overqwil
|-supereffective|p2a: Overqwil|1
|-damage|p2a: Overqwil|47/100
|move|p1b: Roger|Shadow Ball|p2b: Sableye|[miss]
|-miss|p1b: Roger|p2b: Sableye
|
|-heal|p2a: Overqwil|53/100|[from] item: Leftovers
|upkeep
|turn|10
|
|t:|1784031683
|move|p2b: Sableye|Psych Up|p2a: Overqwil
|-copyboost|p2b: Sableye|p2a: Overqwil|[from] move: Psych Up
|move|p2a: Overqwil|Acupressure|p2a: Overqwil
|-boost|p2a: Overqwil|spa|4
|move|p1a: Xebec|High Horsepower|p2a: Overqwil|[miss]
|-miss|p1a: Xebec|p2a: Overqwil
|move|p1b: Roger|Shadow Ball|p2b: Sableye|[miss]
|-miss|p1b: Roger|p2b: Sableye
|
|-heal|p2a: Overqwil|59/100|[from] item: Leftovers
|upkeep
|turn|11
|
|t:|1784031697
|move|p2b: Sableye|Psych Up|p2a: Overqwil
|-copyboost|p2b: Sableye|p2a: Overqwil|[from] move: Psych Up
|move|p2a: Overqwil|Acupressure|p2a: Overqwil
|-boost|p2a: Overqwil|accuracy|4
|move|p1a: Xebec|Knock Off|p2a: Overqwil|[miss]
|-miss|p1a: Xebec|p2a: Overqwil
|move|p1b: Roger|Shadow Ball|p2b: Sableye|[miss]
|-miss|p1b: Roger|p2b: Sableye
|
|-heal|p2a: Overqwil|66/100|[from] item: Leftovers
|upkeep
|turn|12
|
|t:|1784031711
|move|p2b: Sableye|Psych Up|p2a: Overqwil
|-copyboost|p2b: Sableye|p2a: Overqwil|[from] move: Psych Up
|move|p2a: Overqwil|Acupressure|p2a: Overqwil
|-boost|p2a: Overqwil|accuracy|2
|move|p1a: Xebec|Knock Off|p2a: Overqwil|[miss]
|-miss|p1a: Xebec|p2a: Overqwil
|move|p1b: Roger|Shadow Ball|p2b: Sableye|[miss]
|-miss|p1b: Roger|p2b: Sableye
|
|-heal|p2a: Overqwil|72/100|[from] item: Leftovers
|upkeep
|turn|13
|
|t:|1784031725
|move|p2b: Sableye|Psych Up|p2a: Overqwil
|-copyboost|p2b: Sableye|p2a: Overqwil|[from] move: Psych Up
|move|p2a: Overqwil|Acupressure|p2a: Overqwil
|-boost|p2a: Overqwil|spa|2
|move|p1a: Xebec|Knock Off|p2a: Overqwil
|-resisted|p2a: Overqwil|1
|-damage|p2a: Overqwil|64/100
|-enditem|p2a: Overqwil|Leftovers|[from] move: Knock Off|[of] p1a: Xebec
|move|p1b: Roger|Shadow Ball|p2b: Sableye|[miss]
|-miss|p1b: Roger|p2b: Sableye
|
|upkeep
|turn|14
|
|t:|1784031743
|move|p2b: Sableye|Psych Up|p2a: Overqwil
|-copyboost|p2b: Sableye|p2a: Overqwil|[from] move: Psych Up
|move|p2a: Overqwil|Acupressure||[still]
|-fail|p2a: Overqwil
|move|p1a: Xebec|High Horsepower|p2a: Overqwil
|-supereffective|p2a: Overqwil|1
|-damage|p2a: Overqwil|45/100
|move|p1b: Roger|Shadow Ball|p2b: Sableye
|-damage|p2b: Sableye|8/100
|-unboost|p2b: Sableye|spd|1
|-damage|p1b: Roger|71/100|[from] item: Life Orb
|
|upkeep
|turn|15
|
|t:|1784031762
|move|p2b: Sableye|Will-O-Wisp|p1a: Xebec
|-hint|Since gen 7, Dark is immune to Prankster moves.
|-immune|p1a: Xebec
|move|p2a: Overqwil|Barb Barrage|p1a: Xebec
|-resisted|p1a: Xebec|1
|-damage|p1a: Xebec|69/100
|-status|p1a: Xebec|psn
|move|p1a: Xebec|High Horsepower|p2a: Overqwil
|-supereffective|p2a: Overqwil|1
|-damage|p2a: Overqwil|26/100
|move|p1b: Roger|Shadow Ball|p2b: Sableye
|-damage|p2b: Sableye|0 fnt
|faint|p2b: Sableye
|-damage|p1b: Roger|61/100|[from] item: Life Orb
|
|-damage|p1a: Xebec|56/100 psn|[from] psn
|upkeep
|
|t:|1784031776
|switch|p2b: Delphox|Delphox, L50, F|100/100
|turn|16
|
|t:|1784031800
|switch|p1a: Naga|Milotic, L50, F|100/100
|detailschange|p2b: Delphox|Delphox-Mega, L50, F
|-mega|p2b: Delphox|Delphox|Delphoxite
|move|p1b: Roger|Protect|p1b: Roger
|-singleturn|p1b: Roger|Protect
|move|p2a: Overqwil|Barb Barrage|p1a: Naga
|-damage|p1a: Naga|6/100
|-enditem|p1a: Naga|Sitrus Berry|[eat]
|-heal|p1a: Naga|31/100|[from] item: Sitrus Berry
|move|p2b: Delphox|Psych Up|p2a: Overqwil
|-copyboost|p2b: Delphox|p2a: Overqwil|[from] move: Psych Up
|
|upkeep
|turn|17
|
|t:|1784031821
|switch|p1b: Xebec|Tyranitar-Mega, L50, M, shiny|56/100 psn
|-weather|Sandstorm|[from] ability: Sand Stream|[of] p1b: Xebec
|move|p2b: Delphox|Heat Wave|p1a: Naga|[spread] p1a,p1b
|-resisted|p1a: Naga|1
|-resisted|p1b: Xebec|1
|-crit|p1b: Xebec
|-damage|p1a: Naga|0 fnt
|-damage|p1b: Xebec|0 fnt
|faint|p1a: Naga
|faint|p1b: Xebec
|move|p2a: Overqwil|Barb Barrage|p1: Naga|[notarget]
|-fail|p2a: Overqwil
|
|-weather|Sandstorm|[upkeep]
|-damage|p2b: Delphox|94/100|[from] Sandstorm
|-damage|p2a: Overqwil|19/100|[from] Sandstorm
|upkeep
|l| SnowClone666
|
|t:|1784031835
|switch|p1b: Roger|Gholdengo, L50|61/100
|switch|p1a: Donnie Brasco|Excadrill, L50, F|100/100
|turn|18
|c|☆slowpoodle|Ggs
|
|t:|1784031845
|move|p2b: Delphox|Heat Wave|p1a: Donnie Brasco|[spread] p1a,p1b
|-supereffective|p1a: Donnie Brasco|1
|-supereffective|p1b: Roger|1
|-enditem|p1a: Donnie Brasco|Focus Sash
|-damage|p1a: Donnie Brasco|1/100
|-damage|p1b: Roger|0 fnt
|faint|p1b: Roger
|move|p2a: Overqwil|Barb Barrage|p1a: Donnie Brasco
|-immune|p1a: Donnie Brasco
|move|p1a: Donnie Brasco|Rock Slide|p2a: Overqwil|[spread] 
|-miss|p1a: Donnie Brasco|p2a: Overqwil
|-miss|p1a: Donnie Brasco|p2b: Delphox
|
|-weather|Sandstorm|[upkeep]
|-damage|p2b: Delphox|88/100|[from] Sandstorm
|-damage|p2a: Overqwil|13/100|[from] Sandstorm
|upkeep
|turn|19
|
|t:|1784031860
|move|p2b: Delphox|Protect|p2b: Delphox
|-singleturn|p2b: Delphox|Protect
|move|p2a: Overqwil|Barb Barrage|p1a: Donnie Brasco
|-immune|p1a: Donnie Brasco
|move|p1a: Donnie Brasco|Rock Slide|p2a: Overqwil|[spread] 
|-activate|p2b: Delphox|move: Protect
|-miss|p1a: Donnie Brasco|p2a: Overqwil
|
|-weather|Sandstorm|[upkeep]
|-damage|p2b: Delphox|82/100|[from] Sandstorm
|-damage|p2a: Overqwil|7/100|[from] Sandstorm
|upkeep
|turn|20
|
|t:|1784031882
|move|p2b: Delphox|Expanding Force|p1a: Donnie Brasco
|-resisted|p1a: Donnie Brasco|1
|-crit|p1a: Donnie Brasco
|-damage|p1a: Donnie Brasco|0 fnt
|faint|p1a: Donnie Brasco
|
|win|slowpoodle
|l|☆baka rounin
|player|p1|
|raw|baka rounin's rating: 1107 → 1075(-32 for losing)
|raw|slowpoodle's rating: 1000 → 1052(+52 for winning)
