|j|☆labubumechanics
|j|☆test220102
|html|labubumechanicstest220102    
|uhtml|bestof|Game 1 of a best-of-3
|t:|1784474317
|gametype|doubles
|player|p1|labubumechanics|170|1000
|player|p2|test220102|170|1091
|gen|9
|tier|[Gen 9 Champions] VGC 2026 Reg M-B (Bo3)
|rated|
|rule|Species Clause: Limit one of each Pokémon
|rule|Item Clause: Limit 1 of each item
|clearpoke
|poke|p1|Venusaur, L50, M|
|poke|p1|Charizard, L50, M|
|poke|p1|Garchomp, L50, F|
|poke|p1|Metagross, L50|
|poke|p1|Grimmsnarl, L50, M|
|poke|p1|Toxapex, L50, F|
|poke|p2|Meganium, L50, F|
|poke|p2|Lycanroc-Dusk, L50, F|
|poke|p2|Basculegion, L50, M|
|poke|p2|Kingambit, L50, F|
|poke|p2|Maushold, L50|
|poke|p2|Pelipper, L50, M|
|teampreview|4
|showteam|p1|Venusaur||LifeOrb|Chlorophyll|SolarBeam,SludgeBomb,EarthPower,Protect|Modest||M|||50|]Charizard||CharizarditeY|SolarPower|HeatWave,WeatherBall,HelpingHand,Protect|Modest||M|||50|]Garchomp||ChoiceScarf|RoughSkin|DragonClaw,Earthquake,RockSlide,StompingTantrum|Adamant||F|||50|]Metagross||Metagrossite|ClearBody|BodyPress,PsychicFangs,BulletPunch,Protect|Adamant|||||50|]Grimmsnarl||LightClay|Prankster|SpiritBreak,Reflect,LightScreen,PartingShot|Impish||M|||50|]Toxapex||Leftovers|Regenerator|Infestation,Toxic,BanefulBunker,WideGuard|Bold||F|||50|
|showteam|p2|Meganium||Meganiumite|Overgrow|Protect,DazzlingGleam,WeatherBall,SolarBeam|Modest||F|||50|]Lycanroc-Dusk||FocusSash|ToughClaws|Protect,Accelerock,CloseCombat,PsychicFangs|Adamant||F|||50|]Basculegion||ChoiceScarf|Adaptability|FlipTurn,AquaJet,WaveCrash,LastRespects|Jolly||M|||50|]Kingambit||BlackGlasses|Defiant|Protect,SwordsDance,SuckerPunch,KowtowCleave|Adamant||F|||50|]Maushold||ChopleBerry|FriendGuard|Protect,FollowMe,HelpingHand,Feint|Careful|||||50|]Pelipper||SitrusBerry|Drizzle|Tailwind,WeatherBall,Hurricane,WideGuard|Bold||M|||50|
|inactive|Battle timer is ON: inactive players will automatically lose when time's up. (requested by test220102)
|inactive|labubumechanics has 60 seconds left.
|inactive|labubumechanics has 30 seconds left.
|inactive|labubumechanics has 20 seconds left.
|inactive|labubumechanics has 15 seconds left.
|
|t:|1784474396
|teamsize|p1|4
|teamsize|p2|4
|start
|switch|p1a: Grimmsnarl|Grimmsnarl, L50, M|100/100
|switch|p1b: Garchomp|Garchomp, L50, F|100/100
|switch|p2a: Meganium|Meganium, L50, F|100/100
|switch|p2b: Basculegion|Basculegion, L50, M|100/100
|turn|1
|inactive|labubumechanics has 30 seconds left.
|inactive|test220102 has 30 seconds left.
|inactive|test220102 has 20 seconds left.
|inactive|test220102 has 15 seconds left.
|inactive|test220102 has 10 seconds left.
|
|t:|1784474443
|detailschange|p2a: Meganium|Meganium-Mega, L50, F
|-mega|p2a: Meganium|Meganium|Meganiumite
|move|p1a: Grimmsnarl|Light Screen|p1a: Grimmsnarl
|-sidestart|p1: labubumechanics|move: Light Screen
|move|p1b: Garchomp|Dragon Claw|p2b: Basculegion
|-damage|p2b: Basculegion|48/100
|move|p2b: Basculegion|Wave Crash|p1a: Grimmsnarl
|-damage|p1a: Grimmsnarl|20/100y
|-damage|p2b: Basculegion|21/100|[from] Recoil
|move|p2a: Meganium|Dazzling Gleam|p1b: Garchomp|[spread] p1a,p1b
|-supereffective|p1a: Grimmsnarl|1
|-supereffective|p1b: Garchomp|1
|-damage|p1a: Grimmsnarl|0 fnt
|-damage|p1b: Garchomp|46/100
|faint|p1a: Grimmsnarl
|
|upkeep
|
|t:|1784474456
|switch|p1a: Metagross|Metagross, L50|100/100
|turn|2
|inactive|test220102 has 30 seconds left.
|
|t:|1784474483
|switch|p2b: Pelipper|Pelipper, L50, M|100/100
|-weather|RainDance|[from] ability: Drizzle|[of] p2b: Pelipper
|detailschange|p1a: Metagross|Metagross-Mega, L50
|-mega|p1a: Metagross|Metagross|Metagrossite
|move|p2a: Meganium|Protect|p2a: Meganium
|-singleturn|p2a: Meganium|Protect
|move|p1a: Metagross|Bullet Punch|p2a: Meganium
|-activate|p2a: Meganium|move: Protect
|move|p1b: Garchomp|Dragon Claw|p2b: Pelipper
|-damage|p2b: Pelipper|56/100
|
|-weather|RainDance|[upkeep]
|upkeep
|turn|3
|
|t:|1784474499
|switch|p2a: Basculegion|Basculegion, L50, M|21/100
|move|p1a: Metagross|Bullet Punch|p2a: Basculegion
|-resisted|p2a: Basculegion|1
|-damage|p2a: Basculegion|1/100
|move|p1b: Garchomp|Dragon Claw|p2b: Pelipper
|-damage|p2b: Pelipper|12/100
|-enditem|p2b: Pelipper|Sitrus Berry|[eat]
|-heal|p2b: Pelipper|37/100|[from] item: Sitrus Berry
|move|p2b: Pelipper|Tailwind|p2b: Pelipper
|-sidestart|p2: test220102|move: Tailwind
|
|-weather|RainDance|[upkeep]
|upkeep
|turn|4
|
|t:|1784474518
|move|p2a: Basculegion|Aqua Jet|p1a: Metagross
|-damage|p1a: Metagross|69/100
|move|p1a: Metagross|Bullet Punch|p2a: Basculegion
|-resisted|p2a: Basculegion|1
|-damage|p2a: Basculegion|0 fnt
|faint|p2a: Basculegion
|move|p1b: Garchomp|Dragon Claw|p2b: Pelipper
|-damage|p2b: Pelipper|0 fnt
|faint|p2b: Pelipper
|
|-weather|RainDance|[upkeep]
|upkeep
|
|t:|1784474523
|switch|p2a: Lycanroc|Lycanroc-Dusk, L50, F|100/100
|switch|p2b: Meganium|Meganium-Mega, L50, F|100/100
|turn|5
|
|t:|1784474539
|move|p1a: Metagross|Bullet Punch|p2a: Lycanroc
|-supereffective|p2a: Lycanroc|1
|-enditem|p2a: Lycanroc|Focus Sash
|-damage|p2a: Lycanroc|1/100
|move|p2a: Lycanroc|Close Combat|p1a: Metagross
|-damage|p1a: Metagross|28/100
|-unboost|p2a: Lycanroc|def|1
|-unboost|p2a: Lycanroc|spd|1
|move|p1b: Garchomp|Dragon Claw|p2a: Lycanroc
|-damage|p2a: Lycanroc|0 fnt
|faint|p2a: Lycanroc
|move|p2b: Meganium|Weather Ball|p1a: Metagross
|-supereffective|p1a: Metagross|1
|-damage|p1a: Metagross|0 fnt
|faint|p1a: Metagross
|
|-weather|RainDance|[upkeep]
|upkeep
|
|t:|1784474553
|switch|p1a: Toxapex|Toxapex, L50, F|100/100
|turn|6
|
|t:|1784474562
|move|p1b: Garchomp|Dragon Claw|p2b: Meganium
|-immune|p2b: Meganium
|move|p2b: Meganium|Solar Beam||[still]
|-prepare|p2b: Meganium|Solar Beam
|-activate|p2b: Meganium|ability: Mega Sol
|-anim|p2b: Meganium|Solar Beam|p1a: Toxapex
|-damage|p1a: Toxapex|64/100
|move|p1a: Toxapex|Toxic|p2b: Meganium
|-status|p2b: Meganium|tox
|
|-weather|none
|-heal|p1a: Toxapex|70/100|[from] item: Leftovers
|-damage|p2b: Meganium|94/100 tox|[from] psn
|-sideend|p2: test220102|move: Tailwind
|upkeep
|turn|7
|
|t:|1784474578
|move|p1a: Toxapex|Baneful Bunker|p1a: Toxapex
|-singleturn|p1a: Toxapex|move: Protect
|move|p1b: Garchomp|Dragon Claw|p2b: Meganium
|-immune|p2b: Meganium
|move|p2b: Meganium|Dazzling Gleam|p1b: Garchomp|[spread] p1b
|-activate|p1a: Toxapex|move: Protect
|-supereffective|p1b: Garchomp|1
|-damage|p1b: Garchomp|0 fnt
|faint|p1b: Garchomp
|
|-heal|p1a: Toxapex|76/100|[from] item: Leftovers
|-damage|p2b: Meganium|82/100 tox|[from] psn
|upkeep
|turn|8
|
|t:|1784474587
|move|p2b: Meganium|Solar Beam||[still]
|-prepare|p2b: Meganium|Solar Beam
|-activate|p2b: Meganium|ability: Mega Sol
|-anim|p2b: Meganium|Solar Beam|p1a: Toxapex
|-damage|p1a: Toxapex|40/100
|move|p1a: Toxapex|Infestation|p2b: Meganium
|-damage|p2b: Meganium|79/100 tox
|-activate|p2b: Meganium|move: Infestation|[of] p1a: Toxapex
|
|-heal|p1a: Toxapex|46/100|[from] item: Leftovers
|-damage|p2b: Meganium|62/100 tox|[from] psn
|-damage|p2b: Meganium|49/100 tox|[from] move: Infestation|[partiallytrapped]
|-sideend|p1: labubumechanics|move: Light Screen
|upkeep
|turn|9
|
|t:|1784474604
|move|p1a: Toxapex|Baneful Bunker|p1a: Toxapex
|-singleturn|p1a: Toxapex|move: Protect
|move|p2b: Meganium|Solar Beam||[still]
|-prepare|p2b: Meganium|Solar Beam
|-activate|p2b: Meganium|ability: Mega Sol
|-anim|p2b: Meganium|Solar Beam|p1a: Toxapex
|-activate|p1a: Toxapex|move: Protect
|
|-heal|p1a: Toxapex|52/100|[from] item: Leftovers
|-damage|p2b: Meganium|26/100 tox|[from] psn
|-damage|p2b: Meganium|13/100 tox|[from] move: Infestation|[partiallytrapped]
|upkeep
|turn|10
|
|t:|1784474616
|move|p2b: Meganium|Solar Beam||[still]
|-prepare|p2b: Meganium|Solar Beam
|-activate|p2b: Meganium|ability: Mega Sol
|-anim|p2b: Meganium|Solar Beam|p1a: Toxapex
|-damage|p1a: Toxapex|0 fnt
|faint|p1a: Toxapex
|
|win|test220102
||test220102 is ready for game 2.
|inactive|labubumechanics has 30 seconds to confirm battle start!
|inactive|labubumechanics has 20 seconds to confirm battle start!
|inactive|labubumechanics has 10 seconds to confirm battle start!
|c|☆labubumechanics|WTF
|c|☆labubumechanics|52%????
|uhtml|next|Next: Game 2 of 3
