|j|☆thisisaladderteam
|j|☆wan tun
|html|thisisaladderteamwan tun    
|uhtml|bestof|Game 1 of a best-of-3
|t:|1782456998
|gametype|doubles
|player|p1|thisisaladderteam|guzma|1219
|player|p2|wan tun|169|1176
|gen|9
|tier|[Gen 9 Champions] VGC 2026 Reg M-B (Bo3)
|rated|
|rule|Species Clause: Limit one of each Pokémon
|rule|Item Clause: Limit 1 of each item
|clearpoke
|poke|p1|Sceptile, L50, M, shiny|
|poke|p1|Rotom-Heat, L50, shiny|
|poke|p1|Toxapex, L50, F, shiny|
|poke|p1|Incineroar, L50, M, shiny|
|poke|p1|Garchomp, L50, F|
|poke|p1|Gholdengo, L50|
|poke|p2|Charizard, L50, F|
|poke|p2|Aerodactyl, L50, F|
|poke|p2|Kingambit, L50, F|
|poke|p2|Farigiraf, L50, F|
|poke|p2|Sylveon, L50, M|
|poke|p2|Garchomp, L50, M|
|teampreview|4
|showteam|p1|Sceptile||Sceptilite|Overgrow|Detect,EnergyBall,DragonPulse,EarthPower|Timid||M|||50|]Rotom-Heat||ChoiceScarf|Levitate|Discharge,Electroweb,Overheat,WillOWisp|Timid|||||50|]Toxapex||Leftovers|Regenerator|BanefulBunker,Infestation,Toxic,WideGuard|Bold||F|||50|]Incineroar||SitrusBerry|Intimidate|FakeOut,PartingShot,ThroatChop,FlareBlitz|Careful||M|||50|]Garchomp||LifeOrb|RoughSkin|Protect,RockSlide,Earthquake,DragonClaw|Jolly||F|||50|]Gholdengo||KasibBerry|GoodasGold|Protect,NastyPlot,ShadowBall,MakeItRain|Modest|||||50|
|showteam|p2|Charizard||CharizarditeY|Blaze|HeatWave,SolarBeam,WeatherBall,Protect|Modest||F|||50|]Aerodactyl||Aerodactylite|Unnerve|RockSlide,IceFang,DualWingbeat,Tailwind|Jolly||F|||50|]Kingambit||FocusSash|Defiant|KowtowCleave,IronHead,SuckerPunch,LowKick|Adamant||F|||50|]Farigiraf||SitrusBerry|ArmorTail|Psychic,Thunderbolt,TrickRoom,Roar|Bold||F|||50|]Sylveon||FairyFeather|Pixilate|HyperVoice,QuickAttack,HyperBeam,Protect|Modest||M|||50|]Garchomp||LifeOrb|RoughSkin|Earthquake,DragonClaw,StompingTantrum,Protect|Jolly||M|||50|
|inactive|Battle timer is ON: inactive players will automatically lose when time's up. (requested by thisisaladderteam)
|inactive|thisisaladderteam has 60 seconds left.
|inactive|wan tun has 60 seconds left.
|
|t:|1782457056
|teamsize|p1|4
|teamsize|p2|4
|start
|switch|p1a: Toxapex|Toxapex, L50, F, shiny|100/100
|switch|p1b: Rotom|Rotom-Heat, L50, shiny|100/100
|switch|p2a: Farigiraf|Farigiraf, L50, F|100/100
|switch|p2b: Sylveon|Sylveon, L50, M|100/100
|turn|1
|
|t:|1782457073
|switch|p2b: Garchomp|Garchomp, L50, M|100/100
|move|p1b: Rotom|Overheat|p2b: Garchomp
|-resisted|p2b: Garchomp|1
|-damage|p2b: Garchomp|70/100
|-unboost|p1b: Rotom|spa|2
|move|p2a: Farigiraf|Psychic|p1a: Toxapex
|-supereffective|p1a: Toxapex|1
|-damage|p1a: Toxapex|50/100g
|move|p1a: Toxapex|Toxic|p2a: Farigiraf
|-status|p2a: Farigiraf|tox
|
|-heal|p1a: Toxapex|56/100|[from] item: Leftovers
|-damage|p2a: Farigiraf|94/100 tox|[from] psn
|upkeep
|turn|2
|inactive|wan tun has 30 seconds left.
|
|t:|1782457103
|switch|p1b: Garchomp|Garchomp, L50, F|100/100
|-heal|p1a: Toxapex|89/100|[from] ability: Regenerator|[silent]
|switch|p1a: Incineroar|Incineroar, L50, M, shiny|100/100
|-ability|p1a: Incineroar|Intimidate|boost
|-unboost|p2a: Farigiraf|atk|1
|-unboost|p2b: Garchomp|atk|1
|move|p2b: Garchomp|Protect|p2b: Garchomp
|-singleturn|p2b: Garchomp|Protect
|move|p2a: Farigiraf|Roar|p1a: Incineroar
|drag|p1a: Toxapex|Toxapex, L50, F, shiny|89/100
|
|-heal|p1a: Toxapex|94/100|[from] item: Leftovers
|-damage|p2a: Farigiraf|82/100 tox|[from] psn
|upkeep
|turn|3
|inactive|thisisaladderteam has 30 seconds left.
|
|t:|1782457132
|switch|p2b: Sylveon|Sylveon, L50, M|100/100
|move|p1a: Toxapex|Baneful Bunker|p1a: Toxapex
|-singleturn|p1a: Toxapex|move: Protect
|move|p1b: Garchomp|Earthquake|p2b: Sylveon|[spread] p2a,p2b
|-activate|p1a: Toxapex|move: Protect
|-damage|p2a: Farigiraf|48/100 tox
|-damage|p2b: Sylveon|39/100
|-enditem|p2a: Farigiraf|Sitrus Berry|[eat]
|-heal|p2a: Farigiraf|73/100 tox|[from] item: Sitrus Berry
|-damage|p1b: Garchomp|90/100|[from] item: Life Orb
|move|p2a: Farigiraf|Trick Room|p2a: Farigiraf
|-fieldstart|move: Trick Room|[of] p2a: Farigiraf
|
|-heal|p1a: Toxapex|100/100|[from] item: Leftovers
|-damage|p2a: Farigiraf|55/100 tox|[from] psn
|upkeep
|turn|4
|
|t:|1782457148
|switch|p1b: Incineroar|Incineroar, L50, M, shiny|100/100
|-ability|p1b: Incineroar|Intimidate|boost
|-unboost|p2a: Farigiraf|atk|1
|-unboost|p2b: Sylveon|atk|1
|move|p1a: Toxapex|Toxic|p2b: Sylveon
|-status|p2b: Sylveon|tox
|move|p2b: Sylveon|Hyper Beam|p1b: Incineroar|[miss]
|-miss|p2b: Sylveon|p1b: Incineroar
|move|p2a: Farigiraf|Roar|p2b: Sylveon
|drag|p2b: Garchomp|Garchomp, L50, M|70/100
|
|-damage|p2a: Farigiraf|31/100 tox|[from] psn
|upkeep
|turn|5
|inactive|wan tun has 30 seconds left.
|inactive|wan tun has 20 seconds left.
|
|t:|1782457184
|switch|p2a: Charizard|Charizard, L50, F|100/100
|move|p1a: Toxapex|Toxic|p2b: Garchomp
|-status|p2b: Garchomp|tox
|move|p1b: Incineroar|Parting Shot|p2b: Garchomp
|-unboost|p2b: Garchomp|atk|1
|-unboost|p2b: Garchomp|spa|1
|
|t:|1782457191
|switch|p1b: Rotom|Rotom-Heat, L50, shiny|100/100|[from] Parting Shot
|move|p2b: Garchomp|Stomping Tantrum|p1a: Toxapex
|-supereffective|p1a: Toxapex|1
|-damage|p1a: Toxapex|50/100g
|-damage|p2b: Garchomp|60/100 tox|[from] item: Life Orb
|
|-heal|p1a: Toxapex|56/100|[from] item: Leftovers
|-damage|p2b: Garchomp|54/100 tox|[from] psn
|upkeep
|turn|6
|
|t:|1782457204
|switch|p2b: Farigiraf|Farigiraf, L50, F|31/100 tox
|move|p1a: Toxapex|Baneful Bunker|p1a: Toxapex
|-singleturn|p1a: Toxapex|move: Protect
|move|p2a: Charizard|Protect|p2a: Charizard
|-singleturn|p2a: Charizard|Protect
|move|p1b: Rotom|Discharge|p2a: Charizard|[spread] p2b
|-activate|p1a: Toxapex|move: Protect
|-activate|p2a: Charizard|move: Protect
|-crit|p2b: Farigiraf
|-damage|p2b: Farigiraf|0 fnt
|faint|p2b: Farigiraf
|
|-heal|p1a: Toxapex|61/100|[from] item: Leftovers
|upkeep
|
|t:|1782457214
|switch|p2b: Garchomp|Garchomp, L50, M|54/100 tox
|turn|7
|
|t:|1782457220
|-heal|p1a: Toxapex|94/100|[from] ability: Regenerator|[silent]
|switch|p1a: Garchomp|Garchomp, L50, F|90/100
|detailschange|p2a: Charizard|Charizard-Mega-Y, L50, F
|-mega|p2a: Charizard|Charizard|Charizardite Y
|-weather|SunnyDay|[from] ability: Drought|[of] p2a: Charizard
|move|p2a: Charizard|Weather Ball|p1b: Rotom
|-resisted|p1b: Rotom|1
|-damage|p1b: Rotom|44/100
|move|p2b: Garchomp|Dragon Claw|p1b: Rotom
|-damage|p1b: Rotom|0 fnt
|faint|p1b: Rotom
|-damage|p2b: Garchomp|44/100 tox|[from] item: Life Orb
|
|-weather|SunnyDay|[upkeep]
|-damage|p2b: Garchomp|38/100 tox|[from] psn
|-fieldend|move: Trick Room
|upkeep
|
|t:|1782457233
|switch|p1b: Incineroar|Incineroar, L50, M, shiny|100/100
|-ability|p1b: Incineroar|Intimidate|boost
|-unboost|p2a: Charizard|atk|1
|-unboost|p2b: Garchomp|atk|1
|turn|8
|
|t:|1782457239
|switch|p2b: Sylveon|Sylveon, L50, M|39/100 tox
|move|p2a: Charizard|Protect|p2a: Charizard
|-singleturn|p2a: Charizard|Protect
|move|p1b: Incineroar|Fake Out|p2b: Sylveon
|-damage|p2b: Sylveon|27/100 tox
|move|p1a: Garchomp|Rock Slide|p2a: Charizard|[spread] p2b
|-activate|p2a: Charizard|move: Protect
|-damage|p2b: Sylveon|1/100 tox
|-damage|p1a: Garchomp|80/100|[from] item: Life Orb
|
|-weather|SunnyDay|[upkeep]
|-damage|p2b: Sylveon|0 fnt|[from] psn
|faint|p2b: Sylveon
|upkeep
|
|t:|1782457243
|switch|p2b: Garchomp|Garchomp, L50, M|38/100 tox
|turn|9
|
|t:|1782457263
|switch|p1b: Toxapex|Toxapex, L50, F, shiny|94/100
|move|p1a: Garchomp|Protect|p1a: Garchomp
|-singleturn|p1a: Garchomp|Protect
|move|p2b: Garchomp|Dragon Claw|p1a: Garchomp
|-activate|p1a: Garchomp|move: Protect
|move|p2a: Charizard|Weather Ball|p1b: Toxapex
|-resisted|p1b: Toxapex|1
|-damage|p1b: Toxapex|60/100
|
|-weather|SunnyDay|[upkeep]
|-heal|p1b: Toxapex|66/100|[from] item: Leftovers
|-damage|p2b: Garchomp|32/100 tox|[from] psn
|upkeep
|turn|10
|
|t:|1782457276
|-heal|p1b: Toxapex|99/100|[from] ability: Regenerator|[silent]
|switch|p1b: Incineroar|Incineroar, L50, M, shiny|100/100
|-ability|p1b: Incineroar|Intimidate|boost
|-unboost|p2a: Charizard|atk|1
|-unboost|p2b: Garchomp|atk|1
|move|p2b: Garchomp|Earthquake|p1b: Incineroar|[spread] p1a,p1b
|-immune|p2a: Charizard
|-supereffective|p1b: Incineroar|1
|-damage|p1a: Garchomp|43/100
|-damage|p1b: Incineroar|37/100
|-enditem|p1b: Incineroar|Sitrus Berry|[eat]
|-heal|p1b: Incineroar|61/100|[from] item: Sitrus Berry
|-damage|p2b: Garchomp|22/100 tox|[from] item: Life Orb
|move|p1a: Garchomp|Rock Slide|p2b: Garchomp|[spread] p2a,p2b
|-supereffective|p2a: Charizard|2
|-resisted|p2b: Garchomp|1
|-damage|p2a: Charizard|9/100
|-damage|p2b: Garchomp|9/100 tox
|-damage|p1a: Garchomp|34/100|[from] item: Life Orb
|move|p2a: Charizard|Solar Beam||[still]
|-prepare|p2a: Charizard|Solar Beam
|-anim|p2a: Charizard|Solar Beam|p1b: Incineroar
|-resisted|p1b: Incineroar|1
|-damage|p1b: Incineroar|44/100
|
|-weather|SunnyDay|[upkeep]
|-damage|p2b: Garchomp|0 fnt|[from] psn
|faint|p2b: Garchomp
|upkeep
|turn|11
|-message|wan tun forfeited.
|
|win|thisisaladderteam
