|j|☆mroreo328
|j|☆JTechtonic
|html|mroreo328JTechtonic    
|uhtml|bestof|Game 3 of a best-of-3
|t:|1782432258
|gametype|doubles
|player|p1|mroreo328|youngster-gen4dp|1169
|player|p2|JTechtonic|n|1189
|gen|9
|tier|[Gen 9 Champions] VGC 2026 Reg M-B (Bo3)
|rated|
|rule|Species Clause: Limit one of each Pokémon
|rule|Item Clause: Limit 1 of each item
|clearpoke
|poke|p1|Hatterene, L50, F|
|poke|p1|Farigiraf, L50, M, shiny|
|poke|p1|Vivillon-Pokeball, L50, M, shiny|
|poke|p1|Raichu, L50, F|
|poke|p1|Kangaskhan, L50, F|
|poke|p1|Camerupt, L50, F|
|poke|p2|Grimmsnarl, L50, M|
|poke|p2|Sinistcha, L50|
|poke|p2|Incineroar, L50, F|
|poke|p2|Gholdengo, L50|
|poke|p2|Garchomp, L50, M|
|poke|p2|Staraptor, L50, F|
|teampreview|4
|showteam|p1|Hatterene||FocusSash|MagicBounce|DazzlingGleam,Psychic,ShadowBall,TrickRoom|Quiet||F|||50|]Farigiraf||ColburBerry|ArmorTail|Psychic,LowKick,SunnyDay,TrickRoom|Relaxed||M|||50|]Vivillon-Pokeball||ChoiceScarf|CompoundEyes|Hurricane,StruggleBug,PollenPuff,SleepPowder|Timid||M|||50|]Raichu||RaichuniteY|Static|ZapCannon,FocusBlast,DazzlingGleam,FakeOut|Hasty||F|||50|]Kangaskhan||SilkScarf|Scrappy|LastResort,FakeOut|Brave||F|||50|]Camerupt||Cameruptite|SolidRock|Eruption,EarthPower,AncientPower,Protect|Quiet||F|||50|
|showteam|p2|Grimmsnarl||LightClay|Prankster|Reflect,LightScreen,PartingShot,SpiritBreak|Careful||M|||50|]Sinistcha||KasibBerry|Hospitality|MatchaGotcha,RagePowder,StrengthSap,Protect|Sassy|||||50|]Incineroar||SitrusBerry|Intimidate|FlareBlitz,DarkestLariat,PartingShot,FakeOut|Sassy||F|||50|]Gholdengo||WiseGlasses|GoodasGold|MakeItRain,ShadowBall,NastyPlot,Protect|Modest|||||50|]Garchomp||LifeOrb|RoughSkin|StompingTantrum,DragonClaw,RockSlide,Protect|Jolly||M|||50|]Staraptor||Staraptite|Intimidate|CloseCombat,BraveBird,Roost,Protect|Adamant||F|||50|
|inactive|Battle timer is ON: inactive players will automatically lose when time's up. (requested by JTechtonic)
|inactive|mroreo328 also wants the timer to be on.
|inactive|JTechtonic has 60 seconds left.
|
|t:|1782432316
|teamsize|p1|4
|teamsize|p2|4
|start
|switch|p1a: Kangaskhan|Kangaskhan, L50, F|100/100
|switch|p1b: Camerupt|Camerupt, L50, F|100/100
|switch|p2a: Incineroar|Incineroar, L50, F|100/100
|switch|p2b: Garchomp|Garchomp, L50, M|100/100
|-ability|p2a: Incineroar|Intimidate|boost
|-fail|p1a: Kangaskhan|unboost|Attack|[from] ability: Scrappy|[of] p1a: Kangaskhan
|-unboost|p1b: Camerupt|atk|1
|turn|1
|
|t:|1782432333
|detailschange|p1b: Camerupt|Camerupt-Mega, L50, F
|-mega|p1b: Camerupt|Camerupt|Cameruptite
|move|p1a: Kangaskhan|Fake Out|p2b: Garchomp
|-damage|p2b: Garchomp|75/100
|-damage|p1a: Kangaskhan|87/100|[from] ability: Rough Skin|[of] p2b: Garchomp
|move|p2a: Incineroar|Fake Out|p1b: Camerupt
|-damage|p1b: Camerupt|88/100
|cant|p2b: Garchomp|flinch
|cant|p1b: Camerupt|flinch
|
|upkeep
|turn|2
|
|t:|1782432345
|move|p2b: Garchomp|Protect|p2b: Garchomp
|-singleturn|p2b: Garchomp|Protect
|move|p1a: Kangaskhan|Last Resort|p2b: Garchomp
|-activate|p2b: Garchomp|move: Protect
|move|p2a: Incineroar|Parting Shot|p1a: Kangaskhan
|-unboost|p1a: Kangaskhan|atk|1
|-unboost|p1a: Kangaskhan|spa|1
|
|t:|1782432350
|switch|p2a: Staraptor|Staraptor, L50, F|100/100|[from] Parting Shot
|-ability|p2a: Staraptor|Intimidate|boost
|-fail|p1a: Kangaskhan|unboost|Attack|[from] ability: Scrappy|[of] p1a: Kangaskhan
|-unboost|p1b: Camerupt|atk|1
|move|p1b: Camerupt|Earth Power|p2a: Staraptor
|-immune|p2a: Staraptor
|
|upkeep
|turn|3
|
|t:|1782432365
|switch|p1a: Hatterene|Hatterene, L50, F|100/100
|detailschange|p2a: Staraptor|Staraptor-Mega, L50, F
|-mega|p2a: Staraptor|Staraptor|Staraptite
|move|p1b: Camerupt|Protect|p1b: Camerupt
|-singleturn|p1b: Camerupt|Protect
|move|p2b: Garchomp|Stomping Tantrum|p1b: Camerupt
|-activate|p1b: Camerupt|move: Protect
|move|p2a: Staraptor|Close Combat|p1a: Hatterene
|-resisted|p1a: Hatterene|2
|-damage|p1a: Hatterene|81/100
|-boost|p2a: Staraptor|def|1
|-boost|p2a: Staraptor|spd|1
|
|upkeep
|turn|4
|
|t:|1782432384
|move|p2b: Garchomp|Rock Slide|p1b: Camerupt|[spread] p1b
|-miss|p2b: Garchomp|p1a: Hatterene
|-damage|p1b: Camerupt|63/100
|-damage|p2b: Garchomp|65/100|[from] item: Life Orb
|move|p2a: Staraptor|Brave Bird|p1a: Hatterene
|-damage|p1a: Hatterene|4/100
|-damage|p2a: Staraptor|78/100|[from] Recoil
|cant|p1b: Camerupt|flinch
|move|p1a: Hatterene|Trick Room|p1a: Hatterene
|-fieldstart|move: Trick Room|[of] p1a: Hatterene
|
|upkeep
|turn|5
|inactive|JTechtonic has 30 seconds left.
|
|t:|1782432410
|move|p2a: Staraptor|Protect|p2a: Staraptor
|-singleturn|p2a: Staraptor|Protect
|move|p1b: Camerupt|Eruption|p2b: Garchomp|[spread] p2b
|-activate|p2a: Staraptor|move: Protect
|-resisted|p2b: Garchomp|1
|-damage|p2b: Garchomp|39/100
|move|p1a: Hatterene|Dazzling Gleam|p2a: Staraptor|[spread] p2b
|-activate|p2a: Staraptor|move: Protect
|-supereffective|p2b: Garchomp|1
|-damage|p2b: Garchomp|0 fnt
|faint|p2b: Garchomp
|
|upkeep
|
|t:|1782432418
|switch|p2b: Incineroar|Incineroar, L50, F|100/100
|-ability|p2b: Incineroar|Intimidate|boost
|-unboost|p1a: Hatterene|atk|1
|-unboost|p1b: Camerupt|atk|1
|turn|6
|
|t:|1782432434
|switch|p1a: Farigiraf|Farigiraf, L50, M, shiny|100/100
|move|p1b: Camerupt|Earth Power|p2b: Incineroar
|-supereffective|p2b: Incineroar|1
|-damage|p2b: Incineroar|0 fnt
|faint|p2b: Incineroar
|move|p2a: Staraptor|Roost|p2a: Staraptor
|-heal|p2a: Staraptor|100/100
|-singleturn|p2a: Staraptor|move: Roost
|
|upkeep
|
|t:|1782432438
|switch|p2b: Gholdengo|Gholdengo, L50|100/100
|turn|7
|
|t:|1782432456
|move|p2b: Gholdengo|Protect|p2b: Gholdengo
|-singleturn|p2b: Gholdengo|Protect
|move|p1b: Camerupt|Eruption|p2b: Gholdengo|[spread] p2a
|-activate|p2b: Gholdengo|move: Protect
|-damage|p2a: Staraptor|74/100
|move|p1a: Farigiraf|Psychic|p2a: Staraptor
|-supereffective|p2a: Staraptor|1
|-damage|p2a: Staraptor|36/100
|-boost|p2a: Staraptor|spd|1
|move|p2a: Staraptor|Close Combat|p1b: Camerupt
|-damage|p1b: Camerupt|0 fnt
|-boost|p2a: Staraptor|def|1
|-boost|p2a: Staraptor|spd|1
|faint|p1b: Camerupt
|
|upkeep
|
|t:|1782432469
|switch|p1b: Hatterene|Hatterene, L50, F|4/100
|turn|8
|inactive|JTechtonic has 30 seconds left.
|inactive|mroreo328 has 30 seconds left.
|inactive|JTechtonic has 20 seconds left.
|
|t:|1782432504
|move|p1b: Hatterene|Shadow Ball|p2b: Gholdengo
|-supereffective|p2b: Gholdengo|1
|-damage|p2b: Gholdengo|35/100
|move|p1a: Farigiraf|Psychic|p2b: Gholdengo
|-resisted|p2b: Gholdengo|1
|-damage|p2b: Gholdengo|16/100
|move|p2b: Gholdengo|Make It Rain|p1a: Farigiraf|[spread] p1a,p1b
|-supereffective|p1b: Hatterene|1
|-damage|p1a: Farigiraf|48/100
|-damage|p1b: Hatterene|0 fnt
|-unboost|p2b: Gholdengo|spa|2
|faint|p1b: Hatterene
|move|p2a: Staraptor|Roost|p2a: Staraptor
|-heal|p2a: Staraptor|86/100
|-singleturn|p2a: Staraptor|move: Roost
|
|-fieldend|move: Trick Room
|upkeep
|
|t:|1782432508
|switch|p1b: Kangaskhan|Kangaskhan, L50, F|87/100
|turn|9
|
|t:|1782432521
|move|p1b: Kangaskhan|Fake Out|p2a: Staraptor
|-damage|p2a: Staraptor|74/100
|cant|p2a: Staraptor|flinch
|move|p2b: Gholdengo|Nasty Plot|p2b: Gholdengo
|-boost|p2b: Gholdengo|spa|2
|move|p1a: Farigiraf|Trick Room|p1a: Farigiraf
|-fieldstart|move: Trick Room|[of] p1a: Farigiraf
|
|upkeep
|turn|10
|
|t:|1782432529
|move|p1a: Farigiraf|Psychic|p2b: Gholdengo
|-resisted|p2b: Gholdengo|1
|-damage|p2b: Gholdengo|0 fnt
|faint|p2b: Gholdengo
|move|p1b: Kangaskhan|Last Resort|p2a: Staraptor
|-damage|p2a: Staraptor|35/100
|move|p2a: Staraptor|Close Combat|p1b: Kangaskhan
|-supereffective|p1b: Kangaskhan|1
|-damage|p1b: Kangaskhan|0 fnt
|-boost|p2a: Staraptor|def|1
|-boost|p2a: Staraptor|spd|1
|faint|p1b: Kangaskhan
|
|upkeep
|turn|11
|
|t:|1782432536
|move|p1a: Farigiraf|Psychic|p2a: Staraptor
|-supereffective|p2a: Staraptor|1
|-damage|p2a: Staraptor|13/100
|move|p2a: Staraptor|Roost|p2a: Staraptor
|-heal|p2a: Staraptor|63/100
|-singleturn|p2a: Staraptor|move: Roost
|
|upkeep
|turn|12
|
|t:|1782432539
|move|p1a: Farigiraf|Psychic|p2a: Staraptor
|-supereffective|p2a: Staraptor|1
|-damage|p2a: Staraptor|44/100
|move|p2a: Staraptor|Roost|p2a: Staraptor
|-heal|p2a: Staraptor|94/100
|-singleturn|p2a: Staraptor|move: Roost
|
|upkeep
|turn|13
|
|t:|1782432543
|move|p1a: Farigiraf|Psychic|p2a: Staraptor
|-supereffective|p2a: Staraptor|1
|-damage|p2a: Staraptor|74/100
|move|p2a: Staraptor|Close Combat|p1a: Farigiraf
|-damage|p1a: Farigiraf|4/100
|-boost|p2a: Staraptor|def|1
|-boost|p2a: Staraptor|spd|1
|
|-fieldend|move: Trick Room
|upkeep
|turn|14
|-message|mroreo328 forfeited.
|
|win|JTechtonic
|raw|mroreo328's rating: 1169 → 1145(-24 for losing)
|raw|JTechtonic's rating: 1189 → 1213(+24 for winning)
|l|☆mroreo328
|player|p1|
