|j|☆SuprEpcGuy
|j|☆TetheredAvian74
|html|SuprEpcGuyTetheredAvian74    
|uhtml|bestof|Game 1 of a best-of-3
|t:|1784951720
|gametype|doubles
|player|p1|SuprEpcGuy|shauntal|1179
|player|p2|TetheredAvian74|101|1141
|gen|9
|tier|[Gen 9 Champions] VGC 2026 Reg M-B (Bo3)
|rated|
|rule|Species Clause: Limit one of each Pokémon
|rule|Item Clause: Limit 1 of each item
|clearpoke
|poke|p1|Zoroark-Hisui, L50, M|
|poke|p1|Torkoal, L50, F|
|poke|p1|Farigiraf, L50, F|
|poke|p1|Floette-Eternal, L50, F|
|poke|p1|Aerodactyl, L50, F|
|poke|p1|Incineroar, L50, F|
|poke|p2|Pelipper, L50, M|
|poke|p2|Krookodile, L50, F|
|poke|p2|Sinistcha, L50|
|poke|p2|Blastoise, L50, M|
|poke|p2|Archaludon, L50, F|
|poke|p2|Raichu, L50, M|
|teampreview|4
|showteam|p1|Zoroark-Hisui||ChoiceScarf|Illusion|IcyWind,BitterMalice,HyperVoice,Taunt|Timid||M|||50|]Torkoal||Charcoal|Drought|Eruption,WeatherBall,EarthPower,Protect|Quiet||F|||50|]Farigiraf||ColburBerry|ArmorTail|Psychic,HyperVoice,TrickRoom,HelpingHand|Quiet||F|||50|]Floette-Eternal||Floettite|FlowerVeil|Moonblast,DazzlingGleam,LightofRuin,Protect|Timid||F|||50|]Aerodactyl||LifeOrb|Unnerve|RockSlide,IceFang,DualWingbeat,Protect|Jolly||F|||50|]Incineroar||SitrusBerry|Intimidate|FakeOut,DarkestLariat,FlareBlitz,PartingShot|Adamant||F|||50|
|showteam|p2|Pelipper||FocusSash|Drizzle|Tailwind,Protect,Hurricane,WeatherBall|Modest||M|||50|]Krookodile||ChoiceScarf|Intimidate|Earthquake,RockSlide,BreakingSwipe,KnockOff|Jolly||F|||50|]Sinistcha||SitrusBerry|Hospitality|RagePowder,LifeDew,MatchaGotcha,Protect|Calm|||||50|]Blastoise||Blastoisinite|RainDish|ShellSmash,WaterSpout,DarkPulse,Protect|Modest||M|||50|]Archaludon||Leftovers|Stamina|ElectroShot,DragonPulse,AuraSphere,Protect|Calm||F|||50|]Raichu||RaichuniteX|LightningRod|Feint,VoltTackle,VoltSwitch,BrickBreak|Jolly||M|||50|
|inactive|Battle timer is ON: inactive players will automatically lose when time's up. (requested by TetheredAvian74)
|inactive|SuprEpcGuy also wants the timer to be on.
|inactive|SuprEpcGuy has 60 seconds left.
|inactive|SuprEpcGuy has 30 seconds left.
|
|t:|1784951781
|teamsize|p1|4
|teamsize|p2|4
|start
|switch|p1a: Steve|Aerodactyl, L50, F|100/100
|switch|p1b: Racecar|Farigiraf, L50, F|100/100
|switch|p2a: Raichu|Raichu, L50, M|100/100
|switch|p2b: Archaludon|Archaludon, L50, F|100/100
|-ability|p1a: Steve|Unnerve
|turn|1
|inactive|SuprEpcGuy has 30 seconds left.
|inactive|TetheredAvian74 has 30 seconds left.
|inactive|TetheredAvian74 has 20 seconds left.
|inactive|TetheredAvian74 has 15 seconds left.
|inactive|TetheredAvian74 has 10 seconds left.
|
|t:|1784951826
|detailschange|p2a: Raichu|Raichu-Mega-X, L50, M
|-mega|p2a: Raichu|Raichu|Raichunite X
|-fieldstart|move: Electric Terrain|[from] ability: Electric Surge|[of] p2a: Raichu
|move|p1b: Racecar|Icy Wind|p2b: Archaludon|[spread] p2a,p2b
|-crit|p2a: Raichu
|-damage|p2a: Raichu|71/100
|-damage|p2b: Archaludon|87/100
|-unboost|p2a: Raichu|spe|1
|-unboost|p2b: Archaludon|spe|1
|-ability|p2b: Archaludon|Stamina|boost
|-boost|p2b: Archaludon|def|1
|move|p1a: Steve|Rock Slide|p2b: Archaludon|[spread] p2a
|-miss|p1a: Steve|p2b: Archaludon
|-damage|p2a: Raichu|27/100
|-damage|p1a: Steve|90/100|[from] item: Life Orb
|move|p2a: Raichu|Volt Switch|p1a: Steve
|-supereffective|p1a: Steve|1
|-damage|p1a: Steve|16/100
|inactive|TetheredAvian74 has 30 seconds left.
|inactive|TetheredAvian74 has 20 seconds left.
|
|t:|1784951861
|switch|p2a: Pelipper|Pelipper, L50, M|100/100|[from] Volt Switch
|-weather|RainDance|[from] ability: Drizzle|[of] p2a: Pelipper
|move|p2b: Archaludon|Dragon Pulse|p1b: Racecar
|-damage|p1b: Racecar|22/100
|replace|p1b: Boo|Zoroark-Hisui, L50, M
|-end|p1b: Boo|Illusion
|
|-weather|RainDance|[upkeep]
|-heal|p2b: Archaludon|93/100|[from] item: Leftovers
|upkeep
|turn|2
|inactive|SuprEpcGuy has 30 seconds left.
|
|t:|1784951887
|move|p1a: Steve|Protect|p1a: Steve
|-singleturn|p1a: Steve|Protect
|move|p1b: Boo|Icy Wind|p2a: Pelipper|[spread] p2a,p2b
|-crit|p2b: Archaludon
|-damage|p2a: Pelipper|85/100
|-damage|p2b: Archaludon|75/100
|-unboost|p2a: Pelipper|spe|1
|-unboost|p2b: Archaludon|spe|1
|-ability|p2b: Archaludon|Stamina|boost
|-boost|p2b: Archaludon|def|1
|move|p2a: Pelipper|Tailwind|p2a: Pelipper
|-sidestart|p2: TetheredAvian74|move: Tailwind
|move|p2b: Archaludon|Electro Shot||[still]
|-prepare|p2b: Archaludon|Electro Shot
|-boost|p2b: Archaludon|spa|1
|-anim|p2b: Archaludon|Electro Shot|p1b: Boo
|-damage|p1b: Boo|0 fnt
|faint|p1b: Boo
|
|-weather|RainDance|[upkeep]
|-heal|p2b: Archaludon|81/100|[from] item: Leftovers
|upkeep
|
|t:|1784951905
|switch|p1b: Racecar|Farigiraf, L50, F|100/100
|turn|3
|
|t:|1784951915
|switch|p1a: Mortar|Torkoal, L50, F|100/100
|-weather|SunnyDay|[from] ability: Drought|[of] p1a: Mortar
|move|p2a: Pelipper|Weather Ball|p1a: Mortar
|-resisted|p1a: Mortar|1
|-damage|p1a: Mortar|72/100
|move|p2b: Archaludon|Electro Shot||[still]
|-prepare|p2b: Archaludon|Electro Shot
|-boost|p2b: Archaludon|spa|1
|move|p1b: Racecar|Trick Room|p1b: Racecar
|-fieldstart|move: Trick Room|[of] p1b: Racecar
|
|-weather|SunnyDay|[upkeep]
|-heal|p2b: Archaludon|87/100|[from] item: Leftovers
|upkeep
|turn|4
|inactive|SuprEpcGuy has 30 seconds left.
|inactive|TetheredAvian74 has 30 seconds left.
|
|t:|1784951945
|move|p1b: Racecar|Helping Hand|p1a: Mortar
|-singleturn|p1a: Mortar|Helping Hand|[of] p1b: Racecar
|move|p1a: Mortar|Eruption|p2a: Pelipper|[spread] p2a,p2b
|-resisted|p2a: Pelipper|1
|-damage|p2a: Pelipper|37/100
|-damage|p2b: Archaludon|2/100
|-ability|p2b: Archaludon|Stamina|boost
|-boost|p2b: Archaludon|def|1
|move|p2b: Archaludon|Electro Shot|p1b: Racecar|[from] lockedmove
|-damage|p1b: Racecar|24/100
|move|p2a: Pelipper|Hurricane|p1a: Mortar|[miss]
|-miss|p2a: Pelipper|p1a: Mortar
|
|-weather|SunnyDay|[upkeep]
|-heal|p2b: Archaludon|8/100|[from] item: Leftovers
|upkeep
|turn|5
|
|t:|1784951965
|switch|p2a: Sinistcha|Sinistcha, L50|100/100
|-heal|p2b: Archaludon|32/100|[from] ability: Hospitality|[of] p2a: Sinistcha
|move|p2b: Archaludon|Protect|p2b: Archaludon
|-singleturn|p2b: Archaludon|Protect
|move|p1a: Mortar|Eruption|p2a: Sinistcha|[spread] p2a
|-activate|p2b: Archaludon|move: Protect
|-supereffective|p2a: Sinistcha|1
|-damage|p2a: Sinistcha|0 fnt
|faint|p2a: Sinistcha
|move|p1b: Racecar|Hyper Voice|p2b: Archaludon
|-activate|p2b: Archaludon|move: Protect
|
|-weather|SunnyDay|[upkeep]
|-heal|p2b: Archaludon|39/100|[from] item: Leftovers
|-sideend|p2: TetheredAvian74|move: Tailwind
|-fieldend|move: Electric Terrain
|upkeep
|
|t:|1784951970
|switch|p2a: Raichu|Raichu-Mega-X, L50, M|27/100
|-fieldstart|move: Electric Terrain|[from] ability: Electric Surge|[of] p2a: Raichu
|turn|6
|inactive|SuprEpcGuy has 30 seconds left.
|inactive|SuprEpcGuy has 20 seconds left.
|inactive|SuprEpcGuy has 15 seconds left.
|
|t:|1784952012
|switch|p2a: Pelipper|Pelipper, L50, M|37/100
|-weather|RainDance|[from] ability: Drizzle|[of] p2a: Pelipper
|move|p1a: Mortar|Earth Power|p2b: Archaludon
|-supereffective|p2b: Archaludon|1
|-damage|p2b: Archaludon|0 fnt
|faint|p2b: Archaludon
|move|p1b: Racecar|Hyper Voice|p2a: Pelipper
|-damage|p2a: Pelipper|0 fnt
|faint|p2a: Pelipper
|
|-weather|RainDance|[upkeep]
|upkeep
|
|t:|1784952024
|switch|p2b: Raichu|Raichu-Mega-X, L50, M|27/100
|turn|7
|
|t:|1784952041
|switch|p1b: Steve|Aerodactyl, L50, F|16/100
|-ability|p1b: Steve|Unnerve
|move|p1a: Mortar|Earth Power|p2b: Raichu
|-supereffective|p2b: Raichu|1
|-damage|p2b: Raichu|0 fnt
|faint|p2b: Raichu
|
|win|SuprEpcGuy
