|j|☆Vuultur
|j|☆marcosdeltasena31
|html|Vuulturmarcosdeltasena31    
|uhtml|bestof|Game 2 of a best-of-3
|t:|1754863599
|gametype|doubles
|player|p1|Vuultur|hilbert-wonderlauncher|1219
|player|p2|marcosdeltasena31|hilbert|1280
|gen|9
|tier|[Gen 9] VGC 2025 Reg H (Bo3)
|rated|
|rule|Species Clause: Limit one of each Pokémon
|rule|Item Clause: Limit 1 of each item
|clearpoke
|poke|p1|Pelipper, L50, M|
|poke|p1|Archaludon, L50, M|
|poke|p1|Annihilape, L50, F|
|poke|p1|Maushold, L50|
|poke|p1|Rillaboom, L50, M|
|poke|p1|Basculegion, L50, M|
|poke|p2|Dragonite, L50, F|
|poke|p2|Sneasler, L50, F|
|poke|p2|Volcarona, L50, F|
|poke|p2|Rillaboom, L50, M|
|poke|p2|Kingambit, L50, F|
|poke|p2|Electabuzz, L50, F|
|teampreview|4
|showteam|p1|Pelipper||FocusSash|Drizzle|WeatherBall,Hurricane,Protect,Tailwind|||M|||50|,,,,,Ghost]Archaludon||AssaultVest|Stamina|ElectroShot,DragonPulse,FlashCannon,BodyPress|||M|||50|,,,,,Grass]Annihilape||SafetyGoggles|Defiant|RageFist,DrainPunch,BulkUp,Protect|||F|||50|,,,,,Fire]Maushold||SitrusBerry|FriendGuard|BeatUp,FollowMe,Taunt,Protect||||||50|,,,,,Ghost]Rillaboom||MiracleSeed|GrassySurge|FakeOut,GrassyGlide,WoodHammer,BulletSeed|||M|||50|,,,,,Fire]Basculegion||ChoiceBand|SwiftSwim|WaveCrash,AquaJet,LastRespects,FlipTurn|||M|||50|,,,,,Water
|showteam|p2|Dragonite||LoadedDice|Multiscale|ScaleShot,ExtremeSpeed,Haze,Protect|||F|||50|,,,,,Fairy]Sneasler||FocusSash|PoisonTouch|DireClaw,CloseCombat,FakeOut,Coaching|||F|||50|,,,,,Ghost]Volcarona||CovertCloak|FlameBody|HeatWave,TeraBlast,QuiverDance,Protect|||F|||50|,,,,,Fairy]Rillaboom||AssaultVest|GrassySurge|WoodHammer,FakeOut,GrassyGlide,HighHorsepower|||M|||50|,,,,,Fire]Kingambit||BlackGlasses|Defiant|KowtowCleave,SwordsDance,SuckerPunch,Protect|||F|||50|,,,,,Dark]Electabuzz||Eviolite|VitalSpirit|Electroweb,FollowMe,Taunt,Protect|||F|||50|,,,,,Ghost
|
|t:|1754863646
|teamsize|p1|4
|teamsize|p2|4
|start
|switch|p1a: Maushold|Maushold, L50|100/100
|switch|p1b: Archaludon|Archaludon, L50, M, shiny|100/100
|switch|p2a: Dragonite|Dragonite, L50, F|100/100
|switch|p2b: Sneasler|Sneasler, L50, F|100/100
|turn|1
|
|t:|1754863662
|switch|p1b: Annihilape|Annihilape, L50, F|100/100
|-terastallize|p1a: Maushold|Ghost
|move|p2b: Sneasler|Dire Claw|p1a: Maushold
|-resisted|p1a: Maushold
|-damage|p1a: Maushold|82/100
|-status|p1a: Maushold|psn
|move|p2a: Dragonite|Scale Shot|p1a: Maushold
|-damage|p1a: Maushold|67/100 psn
|-damage|p1a: Maushold|52/100 psn
|-damage|p1a: Maushold|36/100 psn
|-enditem|p1a: Maushold|Sitrus Berry|[eat]
|-heal|p1a: Maushold|61/100 psn|[from] item: Sitrus Berry
|-damage|p1a: Maushold|47/100 psn
|-damage|p1a: Maushold|32/100 psn
|-hitcount|p1a: Maushold|5
|-unboost|p2a: Dragonite|def|1
|-boost|p2a: Dragonite|spe|1
|move|p1a: Maushold|Beat Up|p1b: Annihilape
|-damage|p1b: Annihilape|98/100
|-damage|p1b: Annihilape|96/100
|-crit|p1b: Annihilape
|-damage|p1b: Annihilape|92/100
|-damage|p1b: Annihilape|90/100
|-hitcount|p1b: Annihilape|4
|
|-damage|p1a: Maushold|20/100 psn|[from] psn
|upkeep
|turn|2
|
|t:|1754863697
|move|p2a: Dragonite|Protect|p2a: Dragonite
|-singleturn|p2a: Dragonite|Protect
|move|p1a: Maushold|Follow Me|p1a: Maushold
|-singleturn|p1a: Maushold|move: Follow Me
|move|p2b: Sneasler|Dire Claw|p1a: Maushold
|-resisted|p1a: Maushold
|-damage|p1a: Maushold|0 fnt
|faint|p1a: Maushold
|move|p1b: Annihilape|Rage Fist|p2a: Dragonite
|-activate|p2a: Dragonite|move: Protect
|
|upkeep
|
|t:|1754863712
|switch|p1a: Pelipper|Pelipper, L50, M|100/100
|-weather|RainDance|[from] ability: Drizzle|[of] p1a: Pelipper
|turn|3
|
|t:|1754863727
|move|p1a: Pelipper|Protect|p1a: Pelipper
|-singleturn|p1a: Pelipper|Protect
|move|p2a: Dragonite|Scale Shot|p1b: Annihilape|[miss]
|-miss|p2a: Dragonite|p1b: Annihilape
|move|p2b: Sneasler|Dire Claw|p1b: Annihilape
|-resisted|p1b: Annihilape
|-crit|p1b: Annihilape
|-damage|p1b: Annihilape|59/100
|move|p1b: Annihilape|Rage Fist|p2a: Dragonite
|-damage|p2a: Dragonite|0 fnt
|faint|p2a: Dragonite
|
|-weather|RainDance|[upkeep]
|upkeep
|
|t:|1754863741
|switch|p2a: Kingambit|Kingambit, L50, F|100/100
|turn|4
|
|t:|1754863775
|-terastallize|p2a: Kingambit|Dark
|move|p2b: Sneasler|Dire Claw|p1b: Annihilape
|-resisted|p1b: Annihilape
|-crit|p1b: Annihilape
|-damage|p1b: Annihilape|27/100
|-status|p1b: Annihilape|slp
|cant|p1b: Annihilape|slp
|move|p1a: Pelipper|Tailwind|p1a: Pelipper
|-sidestart|p1: Vuultur|move: Tailwind
|move|p2a: Kingambit|Kowtow Cleave|p1b: Annihilape
|-damage|p1b: Annihilape|0 fnt
|faint|p1b: Annihilape
|
|-weather|RainDance|[upkeep]
|upkeep
|
|t:|1754863788
|switch|p1b: Archaludon|Archaludon, L50, M, shiny|100/100
|turn|5
|
|t:|1754863809
|switch|p2b: Electabuzz|Electabuzz, L50, F|100/100
|move|p2a: Kingambit|Protect|p2a: Kingambit
|-singleturn|p2a: Kingambit|Protect
|move|p1b: Archaludon|Electro Shot||[still]
|-prepare|p1b: Archaludon|Electro Shot
|-boost|p1b: Archaludon|spa|1
|-anim|p1b: Archaludon|Electro Shot|p2b: Electabuzz
|-resisted|p2b: Electabuzz
|-damage|p2b: Electabuzz|78/100
|move|p1a: Pelipper|Hurricane|p2b: Electabuzz
|-resisted|p2b: Electabuzz
|-damage|p2b: Electabuzz|58/100
|-start|p2b: Electabuzz|confusion
|
|-weather|RainDance|[upkeep]
|upkeep
|turn|6
|
|t:|1754863834
|-activate|p2b: Electabuzz|confusion
|move|p2b: Electabuzz|Follow Me|p2b: Electabuzz
|-singleturn|p2b: Electabuzz|move: Follow Me
|move|p2a: Kingambit|Sucker Punch|p1a: Pelipper
|-damage|p1a: Pelipper|20/100
|move|p1b: Archaludon|Electro Shot||[still]
|-prepare|p1b: Archaludon|Electro Shot
|-boost|p1b: Archaludon|spa|1
|-anim|p1b: Archaludon|Electro Shot|p2b: Electabuzz
|-resisted|p2b: Electabuzz
|-damage|p2b: Electabuzz|29/100
|move|p1a: Pelipper|Weather Ball|p2b: Electabuzz
|-crit|p2b: Electabuzz
|-damage|p2b: Electabuzz|0 fnt
|faint|p2b: Electabuzz
|
|-weather|RainDance|[upkeep]
|upkeep
|
|t:|1754863851
|switch|p2b: Sneasler|Sneasler, L50, F|100/100
|turn|7
|
|t:|1754863861
|move|p2a: Kingambit|Protect|p2a: Kingambit
|-singleturn|p2a: Kingambit|Protect
|move|p2b: Sneasler|Fake Out|p1a: Pelipper
|-damage|p1a: Pelipper|2/100
|move|p1b: Archaludon|Electro Shot||[still]
|-prepare|p1b: Archaludon|Electro Shot
|-boost|p1b: Archaludon|spa|1
|-anim|p1b: Archaludon|Electro Shot|p2b: Sneasler
|-enditem|p2b: Sneasler|Focus Sash
|-damage|p2b: Sneasler|1/100
|cant|p1a: Pelipper|flinch
|
|-weather|none
|-sideend|p1: Vuultur|move: Tailwind
|upkeep
|turn|8
|
|t:|1754863901
|move|p2b: Sneasler|Dire Claw|p1a: Pelipper
|-damage|p1a: Pelipper|0 fnt
|faint|p1a: Pelipper
|move|p1b: Archaludon|Dragon Pulse|p2a: Kingambit
|-damage|p2a: Kingambit|16/100
|move|p2a: Kingambit|Swords Dance|p2a: Kingambit
|-boost|p2a: Kingambit|atk|2
|
|upkeep
|turn|9
|
|t:|1754863914
|move|p2a: Kingambit|Sucker Punch|p1b: Archaludon
|-damage|p1b: Archaludon|16/100
|-ability|p1b: Archaludon|Stamina|boost
|-boost|p1b: Archaludon|def|1
|move|p2b: Sneasler|Close Combat|p1b: Archaludon
|-supereffective|p1b: Archaludon
|-damage|p1b: Archaludon|0 fnt
|-unboost|p2b: Sneasler|def|1
|-unboost|p2b: Sneasler|spd|1
|faint|p1b: Archaludon
|
|win|marcosdeltasena31
|raw|Vuultur's rating: 1219 → 1198(-21 for losing)
|raw|marcosdeltasena31's rating: 1280 → 1301(+21 for winning)
