|j|☆ancient95
|j|☆Ethan's Bleakmiss
|html|ancient95Ethan's Bleakmiss    
|uhtml|bestof|Game 2 of a best-of-3
|t:|1784732866
|gametype|doubles
|player|p1|ancient95|benga|1280
|player|p2|Ethan's Bleakmiss|unknown|1146
|gen|9
|tier|[Gen 9 Champions] VGC 2026 Reg M-B (Bo3)
|rated|
|rule|Species Clause: Limit one of each Pokémon
|rule|Item Clause: Limit 1 of each item
|clearpoke
|poke|p1|Grimmsnarl, L50, M, shiny|
|poke|p1|Basculegion, L50, M|
|poke|p1|Archaludon, L50, M|
|poke|p1|Staraptor, L50, F, shiny|
|poke|p1|Politoed, L50, M, shiny|
|poke|p1|Skarmory, L50, M|
|poke|p2|Blaziken, L50, F|
|poke|p2|Ninetales-Alola, L50, M|
|poke|p2|Kingambit, L50, M|
|poke|p2|Lycanroc-Dusk, L50, M, shiny|
|poke|p2|Venusaur, L50, F, shiny|
|poke|p2|Clefable, L50, F, shiny|
|teampreview|4
|showteam|p1|Grimmsnarl||LightClay|Prankster|LightScreen,Reflect,PartingShot,ScaryFace|Calm||M|||50|]Basculegion||ChoiceScarf|Adaptability|WaveCrash,FlipTurn,AquaJet,LastRespects|Jolly||M|||50|]Archaludon||Leftovers|Stamina|ElectroShot,FlashCannon,DragonPulse,Protect|Bold||M|||50|]Staraptor||Staraptite|Intimidate|CloseCombat,BraveBird,Protect,Roost|Jolly||F|||50|]Politoed||SitrusBerry|Drizzle|MuddyWater,RainDance,Protect,HelpingHand|Bold||M|||50|]Skarmory||Skarmorite|Sturdy|BraveBird,IronHead,BodyPress,Protect|Adamant||M|||50|
|showteam|p2|Blaziken||Blazikenite|SpeedBoost|CloseCombat,FlareBlitz,StoneEdge,Detect|Adamant||F|||50|]Ninetales-Alola||NeverMeltIce|SnowWarning|Blizzard,FreezeDry,Encore,Protect|Timid||M|||50|]Kingambit||LifeOrb|Defiant|SuckerPunch,KowtowCleave,IronHead,Protect|Adamant||M|||50|]Lycanroc-Dusk||FocusSash|ToughClaws|Accelerock,SwordsDance,Protect,RockSlide|Jolly||M|||50|]Venusaur||Venusaurite|Chlorophyll|SleepPowder,EnergyBall,SludgeBomb,Protect|Modest||F|||50|]Clefable||SitrusBerry|MagicGuard|Protect,FollowMe,HelpingHand,Moonblast|Bold||F|||50|
|inactive|Battle timer is ON: inactive players will automatically lose when time's up. (requested by Ethan's Bleakmiss)
|inactive|ancient95 also wants the timer to be on.
|inactive|ancient95 has 60 seconds left.
|inactive|Ethan's Bleakmiss has 60 seconds left.
|
|t:|1784732907
|teamsize|p1|4
|teamsize|p2|4
|start
|switch|p1a: Skarmory|Skarmory, L50, M|100/100
|switch|p1b: 오롱털|Grimmsnarl, L50, M, shiny|100/100
|switch|p2a: Blaziken|Blaziken, L50, F|100/100
|switch|p2b: Kingambit|Kingambit, L50, M|100/100
|turn|1
|
|t:|1784732920
|detailschange|p2a: Blaziken|Blaziken-Mega, L50, F
|-mega|p2a: Blaziken|Blaziken|Blazikenite
|detailschange|p1a: Skarmory|Skarmory-Mega, L50, M
|-mega|p1a: Skarmory|Skarmory|Skarmorite
|move|p2a: Blaziken|Detect|p2a: Blaziken
|-singleturn|p2a: Blaziken|Protect
|move|p1b: 오롱털|Reflect|p1b: 오롱털
|-sidestart|p1: ancient95|Reflect
|move|p1a: Skarmory|Body Press|p2b: Kingambit
|-supereffective|p2b: Kingambit|2
|-damage|p2b: Kingambit|40/100
|move|p2b: Kingambit|Iron Head|p1b: 오롱털
|-supereffective|p1b: 오롱털|1
|-damage|p1b: 오롱털|17/100
|-damage|p2b: Kingambit|30/100|[from] item: Life Orb
|
|-ability|p2a: Blaziken|Speed Boost|boost
|-boost|p2a: Blaziken|spe|1
|upkeep
|turn|2
|
|t:|1784732940
|move|p1b: 오롱털|Parting Shot|p2a: Blaziken
|-unboost|p2a: Blaziken|atk|1
|-unboost|p2a: Blaziken|spa|1
|
|t:|1784732942
|switch|p1b: 왕구리|Politoed, L50, M, shiny|100/100|[from] Parting Shot
|-weather|RainDance|[from] ability: Drizzle|[of] p1b: 왕구리
|move|p2b: Kingambit|Sucker Punch|p1a: Skarmory
|-damage|p1a: Skarmory|59/100
|-damage|p2b: Kingambit|20/100y|[from] item: Life Orb
|move|p2a: Blaziken|Flare Blitz|p1a: Skarmory
|-supereffective|p1a: Skarmory|1
|-damage|p1a: Skarmory|16/100
|-damage|p2a: Blaziken|87/100|[from] Recoil
|move|p1a: Skarmory|Body Press|p2b: Kingambit
|-supereffective|p2b: Kingambit|2
|-damage|p2b: Kingambit|0 fnt
|faint|p2b: Kingambit
|
|-weather|RainDance|[upkeep]
|-ability|p2a: Blaziken|Speed Boost|boost
|-boost|p2a: Blaziken|spe|1
|upkeep
|
|t:|1784732958
|switch|p2b: Ninetales|Ninetales-Alola, L50, M|100/100
|-weather|Snowscape|[from] ability: Snow Warning|[of] p2b: Ninetales
|turn|3
|
|t:|1784732977
|switch|p1b: 오롱털|Grimmsnarl, L50, M, shiny|17/100
|move|p1a: Skarmory|Protect|p1a: Skarmory
|-singleturn|p1a: Skarmory|Protect
|move|p2a: Blaziken|Close Combat|p1b: 오롱털
|-damage|p1b: 오롱털|0 fnt
|-unboost|p2a: Blaziken|def|1
|-unboost|p2a: Blaziken|spd|1
|faint|p1b: 오롱털
|move|p2b: Ninetales|Blizzard|p1a: Skarmory
|-activate|p1a: Skarmory|move: Protect
|
|-weather|Snowscape|[upkeep]
|-ability|p2a: Blaziken|Speed Boost|boost
|-boost|p2a: Blaziken|spe|1
|upkeep
|
|t:|1784732979
|switch|p1b: 왕구리|Politoed, L50, M, shiny|100/100
|-weather|RainDance|[from] ability: Drizzle|[of] p1b: 왕구리
|turn|4
|inactive|Ethan's Bleakmiss has 30 seconds left.
|
|t:|1784733008
|move|p2a: Blaziken|Close Combat|p1a: Skarmory
|-damage|p1a: Skarmory|0 fnt
|-unboost|p2a: Blaziken|def|1
|-unboost|p2a: Blaziken|spd|1
|faint|p1a: Skarmory
|move|p2b: Ninetales|Freeze-Dry|p1b: 왕구리
|-supereffective|p1b: 왕구리|1
|-damage|p1b: 왕구리|44/100
|-enditem|p1b: 왕구리|Sitrus Berry|[eat]
|-heal|p1b: 왕구리|69/100|[from] item: Sitrus Berry
|move|p1b: 왕구리|Muddy Water|p2a: Blaziken|[spread] p2a
|-miss|p1b: 왕구리|p2b: Ninetales
|-supereffective|p2a: Blaziken|1
|-damage|p2a: Blaziken|0 fnt
|faint|p2a: Blaziken
|
|-weather|RainDance|[upkeep]
|upkeep
|
|t:|1784733023
|switch|p1a: 브리두라스|Archaludon, L50, M|100/100
|switch|p2a: Venusaur|Venusaur, L50, F, shiny|100/100
|turn|5
|
|t:|1784733037
|move|p1b: 왕구리|Protect|p1b: 왕구리
|-singleturn|p1b: 왕구리|Protect
|move|p2b: Ninetales|Freeze-Dry|p1b: 왕구리
|-activate|p1b: 왕구리|move: Protect
|move|p1a: 브리두라스|Flash Cannon|p2b: Ninetales
|-supereffective|p2b: Ninetales|2
|-damage|p2b: Ninetales|0 fnt
|faint|p2b: Ninetales
|move|p2a: Venusaur|Sleep Powder|p1a: 브리두라스
|-status|p1a: 브리두라스|slp|[from] move: Sleep Powder
|
|-weather|RainDance|[upkeep]
|upkeep
|turn|6
|
|t:|1784733049
|move|p2a: Venusaur|Energy Ball|p1b: 왕구리
|-supereffective|p1b: 왕구리|1
|-damage|p1b: 왕구리|0 fnt
|faint|p1b: 왕구리
|cant|p1a: 브리두라스|slp
|
|-weather|RainDance|[upkeep]
|upkeep
|turn|7
|
|t:|1784733056
|move|p2a: Venusaur|Energy Ball|p1a: 브리두라스
|-resisted|p1a: 브리두라스|2
|-damage|p1a: 브리두라스|88/100 slp
|-ability|p1a: 브리두라스|Stamina|boost
|-boost|p1a: 브리두라스|def|1
|cant|p1a: 브리두라스|slp
|
|-weather|RainDance|[upkeep]
|-heal|p1a: 브리두라스|94/100 slp|[from] item: Leftovers
|upkeep
|turn|8
|
|t:|1784733066
|move|p2a: Venusaur|Protect|p2a: Venusaur
|-singleturn|p2a: Venusaur|Protect
|-curestatus|p1a: 브리두라스|slp|[msg]
|move|p1a: 브리두라스|Electro Shot||[still]
|-prepare|p1a: 브리두라스|Electro Shot
|-boost|p1a: 브리두라스|spa|1
|-anim|p1a: 브리두라스|Electro Shot|p2a: Venusaur
|-activate|p2a: Venusaur|move: Protect
|
|-weather|none
|-heal|p1a: 브리두라스|100/100|[from] item: Leftovers
|-sideend|p1: ancient95|Reflect
|upkeep
|turn|9
|
|t:|1784733079
|move|p1a: 브리두라스|Dragon Pulse|p2a: Venusaur
|-damage|p2a: Venusaur|47/100
|move|p2a: Venusaur|Sleep Powder|p1a: 브리두라스|[miss]
|-miss|p2a: Venusaur|p1a: 브리두라스
|
|upkeep
|turn|10
|
|t:|1784733086
|move|p1a: 브리두라스|Dragon Pulse|p2a: Venusaur
|-damage|p2a: Venusaur|0 fnt
|faint|p2a: Venusaur
|
|win|ancient95
|raw|ancient95's rating: 1280 → 1296(+16 for winning)
|raw|Ethan's Bleakmiss's rating: 1146 → 1130(-16 for losing)
