|j|☆Caaammm0410
|j|☆Juan Piz
|html|Caaammm0410Juan Piz    
|uhtml|bestof|Game 3 of a best-of-3
|t:|1785893806
|gametype|doubles
|player|p1|Caaammm0410|cynthia-gen4|1183
|player|p2|Juan Piz|1|1262
|gen|9
|tier|[Gen 9 Champions] VGC 2026 Reg M-B (Bo3)
|rated|
|rule|Species Clause: Limit one of each Pokémon
|rule|Item Clause: Limit 1 of each item
|clearpoke
|poke|p1|Pelipper, L50, M|
|poke|p1|Archaludon, L50, M|
|poke|p1|Swampert, L50, M|
|poke|p1|Staraptor, L50, M|
|poke|p1|Sylveon, L50, M|
|poke|p1|Scizor, L50, F|
|poke|p2|Raichu, L50, F|
|poke|p2|Staraptor, L50, F|
|poke|p2|Arcanine-Hisui, L50, F|
|poke|p2|Sylveon, L50, M|
|poke|p2|Farigiraf, L50, F|
|poke|p2|Kingambit, L50, M|
|teampreview|4
|showteam|p1|Pelipper||FocusSash|Drizzle|WeatherBall,Tailwind,Hurricane,Uturn|Modest||M|||50|]Archaludon||SitrusBerry|Stamina|ElectroShot,DragonPulse,FlashCannon,Protect|Timid||M|||50|]Swampert||Swampertite|Torrent|Earthquake,FlipTurn,WaveCrash,Protect|Careful||M|||50|]Staraptor||Staraptite|Intimidate|CloseCombat,BraveBird,Tailwind,Protect|Jolly||M|||50|]Sylveon||FairyFeather|Pixilate|QuickAttack,HyperVoice,Protect,Psychic|Sassy||M|||50|]Scizor||OccaBerry|Technician|BulletPunch,Pounce,BugBite,Protect|Adamant||F|||50|
|showteam|p2|Raichu||RaichuniteY|LightningRod|FakeOut,ZapCannon,FocusBlast,Protect|Jolly||F|||50|]Staraptor||Staraptite|Intimidate|CloseCombat,DualWingbeat,Tailwind,Protect|Jolly||F|||50|]Arcanine-Hisui||FocusSash|RockHead|FlareBlitz,HeadSmash,ExtremeSpeed,Protect|Adamant||F|||50|]Sylveon||FairyFeather|Pixilate|HyperVoice,QuickAttack,HyperBeam,Protect|Modest||M|||50|]Farigiraf||SitrusBerry|ArmorTail|TrickRoom,HelpingHand,Psychic,Protect|Calm||F|||50|]Kingambit||LifeOrb|Defiant|SuckerPunch,KowtowCleave,SwordsDance,Protect|Adamant||M|||50|
|inactive|Battle timer is ON: inactive players will automatically lose when time's up. (requested by Juan Piz)
|inactive|Juan Piz has 60 seconds left.
|
|t:|1785893844
|teamsize|p1|4
|teamsize|p2|4
|start
|switch|p1a: Pelipper|Pelipper, L50, M|100/100
|switch|p1b: Archaludon|Archaludon, L50, M|100/100
|switch|p2a: Arcanine|Arcanine-Hisui, L50, F|100/100
|switch|p2b: Raichu|Raichu, L50, F|100/100
|-weather|RainDance|[from] ability: Drizzle|[of] p1a: Pelipper
|turn|1
|inactive|Juan Piz has 30 seconds left.
|inactive|Caaammm0410 has 30 seconds left.
|inactive|Juan Piz has 20 seconds left.
|
|t:|1785893887
|switch|p1a: Swampert|Swampert, L50, M|100/100
|move|p1b: Archaludon|Protect|p1b: Archaludon
|-singleturn|p1b: Archaludon|Protect
|move|p2b: Raichu|Fake Out|p1a: Swampert
|-damage|p1a: Swampert|92/100
|move|p2a: Arcanine|Head Smash|p1a: Swampert
|-resisted|p1a: Swampert|1
|-damage|p1a: Swampert|53/100
|
|-weather|RainDance|[upkeep]
|upkeep
|turn|2
|inactive|Juan Piz has 30 seconds left.
|
|t:|1785893916
|switch|p1b: Pelipper|Pelipper, L50, M|100/100
|detailschange|p1a: Swampert|Swampert-Mega, L50, M
|-mega|p1a: Swampert|Swampert|Swampertite
|move|p2b: Raichu|Protect|p2b: Raichu
|-singleturn|p2b: Raichu|Protect
|move|p1a: Swampert|Earthquake|p2b: Raichu|[spread] p2a
|-activate|p2b: Raichu|move: Protect
|-immune|p1b: Pelipper
|-supereffective|p2a: Arcanine|2
|-enditem|p2a: Arcanine|Focus Sash
|-damage|p2a: Arcanine|1/100
|move|p2a: Arcanine|Head Smash|p1a: Swampert|[miss]
|-miss|p2a: Arcanine|p1a: Swampert
|
|-weather|RainDance|[upkeep]
|upkeep
|turn|3
|inactive|Juan Piz has 30 seconds left.
|inactive|Juan Piz has 20 seconds left.
|
|t:|1785893951
|switch|p2b: Sylveon|Sylveon, L50, M|100/100
|move|p2a: Arcanine|Extreme Speed|p1b: Pelipper
|-damage|p1b: Pelipper|68/100
|move|p1a: Swampert|Earthquake|p2b: Sylveon|[spread] p2a,p2b
|-immune|p1b: Pelipper
|-supereffective|p2a: Arcanine|2
|-damage|p2a: Arcanine|0 fnt
|-damage|p2b: Sylveon|60/100
|faint|p2a: Arcanine
|move|p1b: Pelipper|Tailwind|p1b: Pelipper
|-sidestart|p1: Caaammm0410|move: Tailwind
|
|-weather|RainDance|[upkeep]
|upkeep
|
|t:|1785893970
|switch|p2a: Raichu|Raichu, L50, F|100/100
|turn|4
|
|t:|1785893979
|switch|p2a: Kingambit|Kingambit, L50, M|100/100
|move|p1a: Swampert|Earthquake|p2b: Sylveon|[spread] p2a,p2b
|-immune|p1b: Pelipper
|-supereffective|p2a: Kingambit|1
|-damage|p2a: Kingambit|46/100
|-damage|p2b: Sylveon|23/100
|move|p1b: Pelipper|Weather Ball|p2b: Sylveon
|-damage|p2b: Sylveon|0 fnt
|faint|p2b: Sylveon
|
|-weather|RainDance|[upkeep]
|upkeep
|
|t:|1785893988
|switch|p2b: Raichu|Raichu, L50, F|100/100
|turn|5
|
|t:|1785894004
|move|p2b: Raichu|Fake Out|p1a: Swampert
|-damage|p1a: Swampert|45/100
|cant|p1a: Swampert|flinch
|move|p1b: Pelipper|U-turn|p2a: Kingambit
|-damage|p2a: Kingambit|40/100
|
|t:|1785894011
|switch|p1b: Archaludon|Archaludon, L50, M|100/100|[from] U-turn
|move|p2a: Kingambit|Swords Dance|p2a: Kingambit
|-boost|p2a: Kingambit|atk|2
|
|-weather|none
|upkeep
|turn|6
|inactive|Caaammm0410 has 30 seconds left.
|inactive|Caaammm0410 has 20 seconds left.
|
|t:|1785894049
|switch|p1a: Scizor|Scizor, L50, F|100/100
|detailschange|p2b: Raichu|Raichu-Mega-Y, L50, F
|-mega|p2b: Raichu|Raichu|Raichunite Y
|move|p2a: Kingambit|Sucker Punch||[still]
|-fail|p2a: Kingambit
|move|p1b: Archaludon|Dragon Pulse|p2a: Kingambit
|-resisted|p2a: Kingambit|1
|-damage|p2a: Kingambit|20/100y
|move|p2b: Raichu|Focus Blast|p1b: Archaludon
|-supereffective|p1b: Archaludon|1
|-damage|p1b: Archaludon|4/100
|-ability|p1b: Archaludon|Stamina|boost
|-boost|p1b: Archaludon|def|1
|-enditem|p1b: Archaludon|Sitrus Berry|[eat]
|-heal|p1b: Archaludon|28/100|[from] item: Sitrus Berry
|
|-sideend|p1: Caaammm0410|move: Tailwind
|upkeep
|turn|7
|inactive|Caaammm0410 has 30 seconds left.
|
|t:|1785894074
|move|p1b: Archaludon|Protect|p1b: Archaludon
|-singleturn|p1b: Archaludon|Protect
|move|p2a: Kingambit|Protect|p2a: Kingambit
|-singleturn|p2a: Kingambit|Protect
|move|p2b: Raichu|Zap Cannon|p1a: Scizor
|-damage|p1a: Scizor|35/100
|-status|p1a: Scizor|par
|cant|p1a: Scizor|par
|
|upkeep
|turn|8
|
|t:|1785894088
|move|p2a: Kingambit|Sucker Punch|p1a: Scizor
|-damage|p1a: Scizor|0 fnt
|faint|p1a: Scizor
|-damage|p2a: Kingambit|11/100|[from] item: Life Orb
|move|p2b: Raichu|Focus Blast|p1b: Archaludon
|-supereffective|p1b: Archaludon|1
|-damage|p1b: Archaludon|0 fnt
|faint|p1b: Archaludon
|
|upkeep
|
|t:|1785894096
|switch|p1b: Swampert|Swampert-Mega, L50, M|45/100
|switch|p1a: Pelipper|Pelipper, L50, M|68/100
|-weather|RainDance|[from] ability: Drizzle|[of] p1a: Pelipper
|turn|9
|
|t:|1785894114
|move|p2a: Kingambit|Sucker Punch|p1b: Swampert
|-damage|p1b: Swampert|0 fnt
|faint|p1b: Swampert
|-damage|p2a: Kingambit|1/100|[from] item: Life Orb
|move|p2b: Raichu|Zap Cannon|p1a: Pelipper
|-supereffective|p1a: Pelipper|2
|-damage|p1a: Pelipper|0 fnt
|faint|p1a: Pelipper
|
|win|Juan Piz
|raw|Caaammm0410's rating: 1183 → 1164(-19 for losing)
|raw|Juan Piz's rating: 1262 → 1281(+19 for winning)
|c|☆Caaammm0410|wp wp
|c|☆Juan Piz|gg
|l|☆Caaammm0410
|player|p1|
