|j|☆girlschoicebandcry
|j|☆Moyhmoyh
|html|girlschoicebandcryMoyhmoyh    
|uhtml|bestof|Game 2 of a best-of-3
|t:|1785096385
|gametype|doubles
|player|p1|girlschoicebandcry|beauty-gen6xy|1031
|player|p2|Moyhmoyh|265|1072
|gen|9
|tier|[Gen 9 Champions] VGC 2026 Reg M-B (Bo3)
|rated|
|rule|Species Clause: Limit one of each Pokémon
|rule|Item Clause: Limit 1 of each item
|clearpoke
|poke|p1|Tyranitar, L50, M|
|poke|p1|Excadrill, L50, M|
|poke|p1|Milotic, L50, M|
|poke|p1|Sinistcha, L50|
|poke|p1|Staraptor, L50, F|
|poke|p1|Gholdengo, L50|
|poke|p2|Lucario, L50, M|
|poke|p2|Sableye, L50, F|
|poke|p2|Maushold-Four, L50|
|poke|p2|Dragonite, L50, M|
|poke|p2|Milotic, L50, F|
|poke|p2|Meowstic, L50, M|
|teampreview|4
|showteam|p1|Tyranitar||Tyranitarite|SandStream|KnockOff,RockSlide,HighHorsepower,Protect|Jolly||M|||50|]Excadrill||FocusSash|SandRush|HighHorsepower,IronHead,RockSlide,Protect|Adamant||M|||50|]Milotic||SitrusBerry|Competitive|Scald,IcyWind,Haze,Protect|Calm||M|||50|]Sinistcha||ColburBerry|Hospitality|MatchaGotcha,ShadowBall,Protect,RagePowder|Bold|||||50|]Staraptor||Staraptite|Intimidate|CloseCombat,BraveBird,Tailwind,Protect|Jolly||F|||50|]Gholdengo||LifeOrb|GoodasGold|MakeItRain,ShadowBall,NastyPlot,Protect|Modest|||||50|
|showteam|p2|Lucario||Lucarionite|InnerFocus|FocusBlast,Psychic,NastyPlot,Detect|Timid||M|||50|]Sableye||BlackGlasses|Prankster|Gravity,Quash,WillOWisp,Snarl|Bold||F|||50|]Maushold-Four||FocusSash|Technician|PopulationBomb,TidyUp,ShadowClaw,Protect|Adamant|||||50|]Dragonite||Dragoninite|InnerFocus|Hurricane,FocusBlast,Blizzard,FireBlast|Timid||M|||50|]Milotic||Leftovers|MarvelScale|Hypnosis,MuddyWater,AquaRing,Protect|Modest||F|||50|]Meowstic||LightClay|Prankster|Gravity,FakeOut,NastyPlot,AlluringVoice|Modest||M|||50|
|inactive|Battle timer is ON: inactive players will automatically lose when time's up. (requested by girlschoicebandcry)
|inactive|girlschoicebandcry has 60 seconds left.
|inactive|girlschoicebandcry has 30 seconds left.
|inactive|girlschoicebandcry has 20 seconds left.
|inactive|girlschoicebandcry has 15 seconds left.
|inactive|girlschoicebandcry has 10 seconds left.
|
|t:|1785096466
|teamsize|p1|4
|teamsize|p2|4
|start
|switch|p1a: Gholdengo|Gholdengo, L50|100/100
|switch|p1b: Milotic|Milotic, L50, M|100/100
|switch|p2a: Sableye|Sableye, L50, F|100/100
|switch|p2b: Milotic|Milotic, L50, F|100/100
|turn|1
|inactive|Moyhmoyh has 30 seconds left.
|
|t:|1785096496
|move|p1a: Gholdengo|Nasty Plot|p1a: Gholdengo
|-boost|p1a: Gholdengo|spa|2
|move|p1b: Milotic|Scald|p2a: Sableye
|-damage|p2a: Sableye|53/100
|-status|p2a: Sableye|brn
|move|p2b: Milotic|Aqua Ring|p2b: Milotic
|-start|p2b: Milotic|Aqua Ring
|move|p2a: Sableye|Snarl|p1a: Gholdengo|[spread] p1a,p1b
|-supereffective|p1a: Gholdengo|1
|-damage|p1a: Gholdengo|76/100
|-damage|p1b: Milotic|92/100
|-unboost|p1a: Gholdengo|spa|1
|-unboost|p1b: Milotic|spa|1
|-ability|p1b: Milotic|Competitive|boost
|-boost|p1b: Milotic|spa|2
|
|-damage|p2a: Sableye|47/100 brn|[from] brn
|upkeep
|turn|2
|inactive|girlschoicebandcry has 30 seconds left.
|inactive|girlschoicebandcry has 20 seconds left.
|
|t:|1785096535
|move|p2a: Sableye|Gravity|p2a: Sableye
|-fieldstart|move: Gravity
|move|p1a: Gholdengo|Nasty Plot|p1a: Gholdengo
|-boost|p1a: Gholdengo|spa|2
|move|p1b: Milotic|Scald|p2a: Sableye
|-damage|p2a: Sableye|0 fnt
|faint|p2a: Sableye
|move|p2b: Milotic|Hypnosis|p1a: Gholdengo
|-immune|p1a: Gholdengo|[from] ability: Good as Gold
|
|upkeep
|
|t:|1785096549
|switch|p2a: Maushold|Maushold-Four, L50|100/100
|turn|3
|
|t:|1785096562
|move|p1a: Gholdengo|Protect|p1a: Gholdengo
|-singleturn|p1a: Gholdengo|Protect
|move|p2a: Maushold|Population Bomb|p1b: Milotic
|-damage|p1b: Milotic|80/100
|-damage|p1b: Milotic|68/100
|-damage|p1b: Milotic|55/100
|-damage|p1b: Milotic|44/100
|-enditem|p1b: Milotic|Sitrus Berry|[eat]
|-heal|p1b: Milotic|69/100|[from] item: Sitrus Berry
|-damage|p1b: Milotic|57/100
|-damage|p1b: Milotic|45/100
|-damage|p1b: Milotic|34/100
|-damage|p1b: Milotic|22/100
|-damage|p1b: Milotic|10/100
|-damage|p1b: Milotic|0 fnt
|faint|p1b: Milotic
|-hitcount|p1: Milotic|10
|move|p2b: Milotic|Muddy Water|p1a: Gholdengo
|-activate|p1a: Gholdengo|move: Protect
|
|upkeep
|
|t:|1785096584
|switch|p1b: Tyranitar|Tyranitar, L50, M|100/100
|-weather|Sandstorm|[from] ability: Sand Stream|[of] p1b: Tyranitar
|turn|4
|
|t:|1785096598
|move|p2a: Maushold|Protect|p2a: Maushold
|-singleturn|p2a: Maushold|Protect
|move|p1b: Tyranitar|Rock Slide|p2a: Maushold|[spread] p2b
|-activate|p2a: Maushold|move: Protect
|-damage|p2b: Milotic|74/100
|move|p1a: Gholdengo|Make It Rain|p2a: Maushold|[spread] p2b
|-activate|p2a: Maushold|move: Protect
|-resisted|p2b: Milotic|1
|-damage|p2b: Milotic|33/100
|-unboost|p1a: Gholdengo|spa|2
|-damage|p1a: Gholdengo|67/100|[from] item: Life Orb
|move|p2b: Milotic|Muddy Water|p1b: Tyranitar|[spread] p1a,p1b
|-supereffective|p1b: Tyranitar|1
|-damage|p1a: Gholdengo|44/100
|-damage|p1b: Tyranitar|68/100
|
|-weather|Sandstorm|[upkeep]
|-damage|p2a: Maushold|94/100|[from] Sandstorm
|-damage|p2b: Milotic|27/100|[from] Sandstorm
|-heal|p2b: Milotic|33/100|[from] item: Leftovers
|-heal|p2b: Milotic|39/100|[from] Aqua Ring
|upkeep
|turn|5
|
|t:|1785096621
|move|p1a: Gholdengo|Protect|p1a: Gholdengo
|-singleturn|p1a: Gholdengo|Protect
|move|p2a: Maushold|Population Bomb|p1b: Tyranitar
|-resisted|p1b: Tyranitar|1
|-damage|p1b: Tyranitar|63/100
|-resisted|p1b: Tyranitar|1
|-damage|p1b: Tyranitar|57/100
|-resisted|p1b: Tyranitar|1
|-damage|p1b: Tyranitar|51/100
|-resisted|p1b: Tyranitar|1
|-damage|p1b: Tyranitar|45/100
|-resisted|p1b: Tyranitar|1
|-damage|p1b: Tyranitar|40/100
|-resisted|p1b: Tyranitar|1
|-damage|p1b: Tyranitar|34/100
|-resisted|p1b: Tyranitar|1
|-damage|p1b: Tyranitar|29/100
|-resisted|p1b: Tyranitar|1
|-damage|p1b: Tyranitar|23/100
|-resisted|p1b: Tyranitar|1
|-damage|p1b: Tyranitar|17/100
|-resisted|p1b: Tyranitar|1
|-damage|p1b: Tyranitar|12/100
|-hitcount|p1b: Tyranitar|10
|move|p1b: Tyranitar|Knock Off|p2a: Maushold
|-damage|p2a: Maushold|23/100
|-enditem|p2a: Maushold|Focus Sash|[from] move: Knock Off|[of] p1b: Tyranitar
|move|p2b: Milotic|Muddy Water|p1b: Tyranitar|[spread] p1b
|-activate|p1a: Gholdengo|move: Protect
|-supereffective|p1b: Tyranitar|1
|-damage|p1b: Tyranitar|0 fnt
|faint|p1b: Tyranitar
|
|-weather|Sandstorm|[upkeep]
|-damage|p2a: Maushold|17/100|[from] Sandstorm
|-damage|p2b: Milotic|33/100|[from] Sandstorm
|-heal|p2b: Milotic|39/100|[from] item: Leftovers
|-heal|p2b: Milotic|45/100|[from] Aqua Ring
|upkeep
|inactive|girlschoicebandcry has 30 seconds left.
|
|t:|1785096651
|switch|p1b: Staraptor|Staraptor, L50, F|100/100
|-ability|p1b: Staraptor|Intimidate|boost
|-unboost|p2a: Maushold|atk|1
|-unboost|p2b: Milotic|atk|1
|turn|6
|
|t:|1785096660
|detailschange|p1b: Staraptor|Staraptor-Mega, L50, F
|-mega|p1b: Staraptor|Staraptor|Staraptite
|move|p1b: Staraptor|Close Combat|p2b: Milotic
|-damage|p2b: Milotic|0 fnt
|-boost|p1b: Staraptor|def|1
|-boost|p1b: Staraptor|spd|1
|faint|p2b: Milotic
|move|p2a: Maushold|Population Bomb|p1b: Staraptor
|-damage|p1b: Staraptor|94/100
|-damage|p1b: Staraptor|89/100
|-damage|p1b: Staraptor|84/100
|-damage|p1b: Staraptor|79/100
|-damage|p1b: Staraptor|74/100
|-damage|p1b: Staraptor|68/100
|-damage|p1b: Staraptor|64/100
|-damage|p1b: Staraptor|58/100
|-damage|p1b: Staraptor|53/100
|-damage|p1b: Staraptor|48/100
|-hitcount|p1b: Staraptor|10
|move|p1a: Gholdengo|Make It Rain|p2a: Maushold
|-damage|p2a: Maushold|0 fnt
|-unboost|p1a: Gholdengo|spa|2
|faint|p2a: Maushold
|-damage|p1a: Gholdengo|35/100|[from] item: Life Orb
|
|-weather|Sandstorm|[upkeep]
|-damage|p1b: Staraptor|42/100|[from] Sandstorm
|-fieldend|move: Gravity
|upkeep
|
|t:|1785096665
|switch|p2b: Dragonite|Dragonite, L50, M|100/100
|turn|7
|inactive|girlschoicebandcry has 30 seconds left.
|
|t:|1785096693
|detailschange|p2b: Dragonite|Dragonite-Mega, L50, M
|-mega|p2b: Dragonite|Dragonite|Dragoninite
|move|p1b: Staraptor|Protect|p1b: Staraptor
|-singleturn|p1b: Staraptor|Protect
|move|p1a: Gholdengo|Protect|p1a: Gholdengo
|-singleturn|p1a: Gholdengo|Protect
|move|p2b: Dragonite|Blizzard|p1b: Staraptor|[spread] 
|-activate|p1a: Gholdengo|move: Protect
|-activate|p1b: Staraptor|move: Protect
|
|-weather|Sandstorm|[upkeep]
|-damage|p1b: Staraptor|37/100|[from] Sandstorm
|-damage|p2b: Dragonite|94/100|[from] Sandstorm
|upkeep
|turn|8
|
|t:|1785096712
|move|p1b: Staraptor|Close Combat|p2b: Dragonite
|-resisted|p2b: Dragonite|1
|-damage|p2b: Dragonite|68/100
|-boost|p1b: Staraptor|def|1
|-boost|p1b: Staraptor|spd|1
|move|p2b: Dragonite|Blizzard|p1b: Staraptor|[spread] p1a
|-miss|p2b: Dragonite|p1b: Staraptor
|-resisted|p1a: Gholdengo|1
|-damage|p1a: Gholdengo|22/100
|move|p1a: Gholdengo|Make It Rain|p2b: Dragonite|[miss]
|-miss|p1a: Gholdengo|p2b: Dragonite
|
|-weather|none
|upkeep
|turn|9
|
|t:|1785096732
|move|p1b: Staraptor|Close Combat|p2b: Dragonite
|-resisted|p2b: Dragonite|1
|-damage|p2b: Dragonite|44/100
|-boost|p1b: Staraptor|def|1
|-boost|p1b: Staraptor|spd|1
|move|p2b: Dragonite|Fire Blast|p1a: Gholdengo
|-supereffective|p1a: Gholdengo|1
|-damage|p1a: Gholdengo|0 fnt
|faint|p1a: Gholdengo
|
|upkeep
|turn|10
|inactive|girlschoicebandcry has 30 seconds left.
|inactive|girlschoicebandcry has 20 seconds left.
|inactive|girlschoicebandcry has 15 seconds left.
|inactive|girlschoicebandcry has 10 seconds left.
|
|t:|1785096779
|move|p1b: Staraptor|Close Combat|p2b: Dragonite
|-resisted|p2b: Dragonite|1
|-damage|p2b: Dragonite|15/100
|-boost|p1b: Staraptor|def|1
|-boost|p1b: Staraptor|spd|1
|move|p2b: Dragonite|Hurricane|p1b: Staraptor
|-supereffective|p1b: Staraptor|1
|-damage|p1b: Staraptor|0 fnt
|faint|p1b: Staraptor
|
|win|Moyhmoyh
|raw|girlschoicebandcry's rating: 1031 → 1018(-13 for losing)
|raw|Moyhmoyh's rating: 1072 → 1098(+26 for winning)
