|j|☆Sushi1912
|j|☆Shrub_01
|html|Sushi1912Shrub_01    
|uhtml|bestof|Game 1 of a best-of-3
|t:|1757823545
|gametype|doubles
|player|p1|Sushi1912|265|1104
|player|p2|Shrub_01|norman|1156
|gen|9
|tier|[Gen 9] VGC 2025 Reg H (Bo3)
|rated|
|rule|Species Clause: Limit one of each Pokémon
|rule|Item Clause: Limit 1 of each item
|clearpoke
|poke|p1|Dragonite, L50, M|
|poke|p1|Volcarona, L50, F|
|poke|p1|Sneasler, L50, M|
|poke|p1|Rillaboom, L50, M|
|poke|p1|Electabuzz, L50, M|
|poke|p1|Kingambit, L50, M|
|poke|p2|Amoonguss, L50, M|
|poke|p2|Incineroar, L50, M|
|poke|p2|Porygon2, L50|
|poke|p2|Ursaluna, L50, M|
|poke|p2|Gholdengo, L50|
|poke|p2|Dragonite, L50, M|
|teampreview|4
|showteam|p1|Dragonite||LoadedDice|Multiscale|ScaleShot,ExtremeSpeed,Haze,Protect|||M|||50|,,,,,Fairy]Volcarona||CovertCloak|FlameBody|HeatWave,TeraBlast,QuiverDance,Protect|||F|||50|,,,,,Fairy]Sneasler||FocusSash|Unburden|DireClaw,CloseCombat,Coaching,Protect|||M|||50|,,,,,Stellar]Rillaboom||AssaultVest|GrassySurge|WoodHammer,GrassyGlide,HighHorsepower,FakeOut|||M|||50|,,,,,Water]Electabuzz||Eviolite|VitalSpirit|Thunderbolt,Taunt,FollowMe,Protect|||M|||50|,,,,,Ghost]Kingambit||BlackGlasses|Defiant|SuckerPunch,KowtowCleave,SwordsDance,Protect|||M|||50|,,,,,Dark
|showteam|p2|Amoonguss||SitrusBerry|Regenerator|PollenPuff,Spore,RagePowder,Protect|||M|||50|,,,,,Water]Incineroar||SafetyGoggles|Intimidate|FakeOut,KnockOff,FlareBlitz,PartingShot|||M|||50|,,,,,Ghost]Porygon2||Eviolite|Download|TeraBlast,IceBeam,Recover,TrickRoom||||||50|,,,,,Fighting]Ursaluna||FlameOrb|Guts|Facade,Earthquake,HeadlongRush,Protect|||M|||50|,,,,,Ghost]Gholdengo||LifeOrb|GoodasGold|MakeItRain,ShadowBall,NastyPlot,Protect||||||50|,,,,,Water]Dragonite||LoadedDice|Multiscale|ScaleShot,Haze,Tailwind,Protect|||M|||50|,,,,,Steel
|inactive|Battle timer is ON: inactive players will automatically lose when time's up. (requested by Shrub_01)
|inactive|Sushi1912 has 60 seconds left.
|inactive|Shrub_01 has 60 seconds left.
|inactive|Shrub_01 has 30 seconds left.
|
|t:|1757823608
|teamsize|p1|4
|teamsize|p2|4
|start
|switch|p1a: Volcarona|Volcarona, L50, F|100/100
|switch|p1b: Rillaboom|Rillaboom, L50, M|100/100
|switch|p2a: Dragonlite|Dragonite, L50, M|100/100
|switch|p2b: Incinesoar|Incineroar, L50, M|100/100
|-fieldstart|move: Grassy Terrain|[from] ability: Grassy Surge|[of] p1b: Rillaboom
|-ability|p2b: Incinesoar|Intimidate|boost
|-unboost|p1a: Volcarona|atk|1
|-unboost|p1b: Rillaboom|atk|1
|turn|1
|inactive|Sushi1912 has 30 seconds left.
|inactive|Shrub_01 has 30 seconds left.
|inactive|Sushi1912 has 20 seconds left.
|inactive|Sushi1912 has 15 seconds left.
|
|t:|1757823651
|move|p1a: Volcarona|Protect|p1a: Volcarona
|-singleturn|p1a: Volcarona|Protect
|move|p1b: Rillaboom|Fake Out|p2b: Incinesoar
|-damage|p2b: Incinesoar|92/100
|move|p2a: Dragonlite|Tailwind|p2a: Dragonlite
|-sidestart|p2: Shrub_01|move: Tailwind
|cant|p2b: Incinesoar|flinch
|
|-heal|p2b: Incinesoar|98/100|[from] Grassy Terrain
|upkeep
|turn|2
|
|t:|1757823664
|-terastallize|p1a: Volcarona|Fairy
|move|p1b: Rillaboom|Grassy Glide|p2a: Dragonlite
|-resisted|p2a: Dragonlite
|-damage|p2a: Dragonlite|97/100
|move|p2a: Dragonlite|Scale Shot|p1a: Volcarona
|-immune|p1a: Volcarona
|move|p2b: Incinesoar|Flare Blitz|p1b: Rillaboom
|-supereffective|p1b: Rillaboom
|-damage|p1b: Rillaboom|0 fnt
|faint|p1b: Rillaboom
|-damage|p2b: Incinesoar|65/100|[from] Recoil
|move|p1a: Volcarona|Tera Blast|p2a: Dragonlite|[anim] Tera Blast Fairy
|-supereffective|p2a: Dragonlite
|-damage|p2a: Dragonlite|18/100
|
|-heal|p2b: Incinesoar|71/100|[from] Grassy Terrain
|upkeep
|
|t:|1757823678
|switch|p1b: Kingambit|Kingambit, L50, M, shiny|100/100
|turn|3
|
|t:|1757823699
|switch|p2a: Ursaluma|Ursaluna, L50, M|100/100
|move|p1b: Kingambit|Sucker Punch||[still]
|-fail|p1b: Kingambit
|move|p2b: Incinesoar|Flare Blitz|p1b: Kingambit
|-supereffective|p1b: Kingambit
|-damage|p1b: Kingambit|11/100
|-damage|p2b: Incinesoar|41/100|[from] Recoil
|move|p1a: Volcarona|Quiver Dance|p1a: Volcarona
|-boost|p1a: Volcarona|spa|1
|-boost|p1a: Volcarona|spd|1
|-boost|p1a: Volcarona|spe|1
|
|-heal|p2b: Incinesoar|47/100|[from] Grassy Terrain
|-heal|p1b: Kingambit|16/100|[from] Grassy Terrain
|-status|p2a: Ursaluma|brn|[from] item: Flame Orb
|upkeep
|turn|4
|inactive|Shrub_01 has 30 seconds left.
|
|t:|1757823732
|move|p1a: Volcarona|Protect|p1a: Volcarona
|-singleturn|p1a: Volcarona|Protect
|move|p1b: Kingambit|Protect|p1b: Kingambit
|-singleturn|p1b: Kingambit|Protect
|move|p2b: Incinesoar|Knock Off|p1b: Kingambit
|-activate|p1b: Kingambit|move: Protect
|move|p2a: Ursaluma|Facade|p1a: Volcarona
|-activate|p1a: Volcarona|move: Protect
|
|-heal|p2b: Incinesoar|52/100|[from] Grassy Terrain
|-heal|p1b: Kingambit|22/100|[from] Grassy Terrain
|-damage|p2a: Ursaluma|95/100 brn|[from] brn
|-sideend|p2: Shrub_01|move: Tailwind
|upkeep
|turn|5
|inactive|Sushi1912 has 30 seconds left.
|
|t:|1757823758
|switch|p2b: Dragonlite|Dragonite, L50, M|18/100
|move|p2a: Ursaluma|Protect|p2a: Ursaluma
|-singleturn|p2a: Ursaluma|Protect
|move|p1a: Volcarona|Tera Blast|p2a: Ursaluma|[anim] Tera Blast Fairy
|-activate|p2a: Ursaluma|move: Protect
|move|p1b: Kingambit|Kowtow Cleave|p2a: Ursaluma
|-activate|p2a: Ursaluma|move: Protect
|
|-heal|p1b: Kingambit|28/100|[from] Grassy Terrain
|-heal|p2a: Ursaluma|100/100 brn|[from] Grassy Terrain
|-damage|p2a: Ursaluma|95/100 brn|[from] brn
|-fieldend|move: Grassy Terrain
|upkeep
|turn|6
|
|t:|1757823777
|move|p1a: Volcarona|Heat Wave|p2a: Ursaluma|[spread] p2b
|-miss|p1a: Volcarona|p2a: Ursaluma
|-resisted|p2b: Dragonlite
|-damage|p2b: Dragonlite|0 fnt
|faint|p2b: Dragonlite
|move|p1b: Kingambit|Kowtow Cleave|p2a: Ursaluma
|-damage|p2a: Ursaluma|50/100 brn
|move|p2a: Ursaluma|Earthquake|p1b: Kingambit|[spread] p1a,p1b
|-supereffective|p1b: Kingambit
|-damage|p1a: Volcarona|14/100
|-damage|p1b: Kingambit|0 fnt
|faint|p1b: Kingambit
|
|-damage|p2a: Ursaluma|44/100 brn|[from] brn
|upkeep
|
|t:|1757823790
|switch|p2b: Incinesoar|Incineroar, L50, M|52/100
|switch|p1b: Electabuzz|Electabuzz, L50, M|100/100
|-ability|p2b: Incinesoar|Intimidate|boost
|-unboost|p1a: Volcarona|atk|1
|-unboost|p1b: Electabuzz|atk|1
|turn|7
|
|t:|1757823813
|move|p1a: Volcarona|Protect|p1a: Volcarona
|-singleturn|p1a: Volcarona|Protect
|move|p1b: Electabuzz|Protect|p1b: Electabuzz
|-singleturn|p1b: Electabuzz|Protect
|move|p2a: Ursaluma|Protect|p2a: Ursaluma
|-singleturn|p2a: Ursaluma|Protect
|move|p2b: Incinesoar|Knock Off|p1a: Volcarona
|-activate|p1a: Volcarona|move: Protect
|
|-damage|p2a: Ursaluma|38/100 brn|[from] brn
|upkeep
|turn|8
|inactive|Shrub_01 has 30 seconds left.
|inactive|Shrub_01 has 20 seconds left.
|
|t:|1757823850
|move|p1b: Electabuzz|Follow Me|p1b: Electabuzz
|-singleturn|p1b: Electabuzz|move: Follow Me
|move|p1a: Volcarona|Tera Blast|p2a: Ursaluma|[anim] Tera Blast Fairy
|-crit|p2a: Ursaluma
|-damage|p2a: Ursaluma|0 fnt
|faint|p2a: Ursaluma
|move|p2b: Incinesoar|Knock Off|p1b: Electabuzz
|-damage|p1b: Electabuzz|64/100
|-enditem|p1b: Electabuzz|Eviolite|[from] move: Knock Off|[of] p2b: Incinesoar
|
|upkeep
|
|t:|1757823858
|switch|p2a: Ghodengo|Gholdengo, L50|100/100
|turn|9
|inactive|Shrub_01 has 30 seconds left.
|inactive|Shrub_01 has 20 seconds left.
|
|t:|1757823896
|-terastallize|p2a: Ghodengo|Water
|move|p1a: Volcarona|Tera Blast|p2a: Ghodengo|[anim] Tera Blast Fairy
|-damage|p2a: Ghodengo|28/100
|move|p2a: Ghodengo|Make It Rain|p1a: Volcarona|[spread] p1a,p1b
|-supereffective|p1a: Volcarona
|-resisted|p1b: Electabuzz
|-damage|p1a: Volcarona|0 fnt
|-damage|p1b: Electabuzz|30/100
|-unboost|p2a: Ghodengo|spa|1
|faint|p1a: Volcarona
|-damage|p2a: Ghodengo|18/100|[from] item: Life Orb
|move|p1b: Electabuzz|Thunderbolt|p2a: Ghodengo
|-supereffective|p2a: Ghodengo
|-damage|p2a: Ghodengo|0 fnt
|faint|p2a: Ghodengo
|move|p2b: Incinesoar|Flare Blitz|p1b: Electabuzz
|-damage|p1b: Electabuzz|0 fnt
|faint|p1b: Electabuzz
|-damage|p2b: Incinesoar|44/100|[from] Recoil
|
|win|Shrub_01
|inactive|Sushi1912 has 30 seconds to confirm battle start!
|inactive|Shrub_01 has 30 seconds to confirm battle start!
||Shrub_01 is ready for game 2.
||Sushi1912 is ready for game 2.
|uhtml|next|Next: Game 2 of 3
