|j|☆Raucho
|j|☆Bandoboi
|html|RauchoBandoboi    
|uhtml|bestof|Game 3 of a best-of-3
|t:|1756706857
|gametype|doubles
|player|p1|Raucho|n|1218
|player|p2|Bandoboi|alder|1091
|gen|9
|tier|[Gen 9] VGC 2025 Reg H (Bo3)
|rated|
|rule|Species Clause: Limit one of each Pokémon
|rule|Item Clause: Limit 1 of each item
|clearpoke
|poke|p1|Gholdengo, L50|
|poke|p1|Dragonite, L50, F|
|poke|p1|Indeedee, L50, M|
|poke|p1|Sneasler, L50, F|
|poke|p1|Electabuzz, L50, F|
|poke|p1|Ursaluna-Bloodmoon, L50, M|
|poke|p2|Porygon2, L50|
|poke|p2|Ursaluna, L50, M|
|poke|p2|Torkoal, L50, F|
|poke|p2|Incineroar, L50, F|
|poke|p2|Charizard, L50, M|
|poke|p2|Jumpluff, L50, F|
|teampreview|4
|showteam|p1|Gholdengo||IronPlate|GoodasGold|MakeItRain,ShadowBall,NastyPlot,Protect||||||50|,,,,,Dragon]Dragonite||LoadedDice|InnerFocus|ScaleShot,StompingTantrum,Haze,Tailwind|||F|||50|,,,,,Fairy]Indeedee||FocusSash|PsychicSurge|ExpandingForce,Imprison,TrickRoom,Protect|||M|||50|,,,,,Psychic]Sneasler||PsychicSeed|Unburden|ThroatChop,CloseCombat,DireClaw,Protect|||F|||50|,,,,,Dark]Electabuzz||Eviolite|VitalSpirit|Electroweb,Taunt,FollowMe,Protect|||F|||50|,,,,,Dragon]Ursaluna-Bloodmoon||LifeOrb|MindsEye|HyperVoice,BloodMoon,EarthPower,Protect|||M|||50|,,,,,Normal
|showteam|p2|Porygon2||Eviolite|Download|TrickRoom,Recover,IceBeam,TeraBlast||||||50|,,,,,Fighting]Ursaluna||FlameOrb|Guts|Facade,HeadlongRush,Protect,Earthquake|||M|||50|,,,,,Ghost]Torkoal||EjectPack|Drought|Eruption,Overheat,HelpingHand,Protect|||F|||50|,,,,,Fire]Incineroar||SafetyGoggles|Intimidate|KnockOff,PartingShot,FakeOut,FlareBlitz|||F|||50|,,,,,Fire]Charizard||ChoiceSpecs|SolarPower|HeatWave,Overheat,AirSlash,WeatherBall|||M|||50|,,,,,Ghost]Jumpluff||CovertCloak|Chlorophyll|Tailwind,SleepPowder,RagePowder,SunnyDay|||F|||50|,,,,,Water
|inactive|Battle timer is ON: inactive players will automatically lose when time's up. (requested by Raucho)
|inactive|Raucho has 60 seconds left.
|
|t:|1756706894
|teamsize|p1|4
|teamsize|p2|4
|start
|switch|p1a: Electabuzz|Electabuzz, L50, F, shiny|100/100
|switch|p1b: Ursaluna|Ursaluna-Bloodmoon, L50, M|100/100
|switch|p2a: Porygon2|Porygon2, L50, shiny|100/100
|switch|p2b: Torkoal|Torkoal, L50, F|100/100
|-ability|p2a: Porygon2|Download|boost
|-boost|p2a: Porygon2|spa|1
|-weather|SunnyDay|[from] ability: Drought|[of] p2b: Torkoal
|turn|1
|
|t:|1756706910
|-terastallize|p2a: Porygon2|Fighting
|move|p1a: Electabuzz|Taunt|p2a: Porygon2
|-start|p2a: Porygon2|move: Taunt
|move|p1b: Ursaluna|Earth Power|p2b: Torkoal
|-supereffective|p2b: Torkoal
|-damage|p2b: Torkoal|0 fnt
|faint|p2b: Torkoal
|-damage|p1b: Ursaluna|91/100|[from] item: Life Orb
|move|p2a: Porygon2|Tera Blast|p1b: Ursaluna|[anim] Tera Blast Fighting
|-supereffective|p1b: Ursaluna
|-damage|p1b: Ursaluna|0 fnt
|faint|p1b: Ursaluna
|
|-weather|SunnyDay|[upkeep]
|upkeep
|
|t:|1756706928
|switch|p1b: Indeedee|Indeedee, L50, M, shiny|100/100
|switch|p2b: Charizard|Charizard, L50, M, shiny|100/100
|-fieldstart|move: Psychic Terrain|[from] ability: Psychic Surge|[of] p1b: Indeedee
|turn|2
|
|t:|1756706950
|-terastallize|p1a: Electabuzz|Dragon
|move|p2b: Charizard|Heat Wave|p1b: Indeedee|[spread] p1a,p1b
|-resisted|p1a: Electabuzz
|-damage|p1a: Electabuzz|53/100
|-enditem|p1b: Indeedee|Focus Sash
|-damage|p1b: Indeedee|1/100
|move|p1b: Indeedee|Expanding Force|p2b: Charizard|[spread] p2a,p2b
|-supereffective|p2a: Porygon2
|-damage|p2a: Porygon2|44/100
|-damage|p2b: Charizard|32/100
|move|p1a: Electabuzz|Electroweb|p2b: Charizard|[spread] p2a,p2b
|-supereffective|p2b: Charizard
|-damage|p2a: Porygon2|37/100
|-damage|p2b: Charizard|0 fnt
|-unboost|p2a: Porygon2|spe|1
|faint|p2b: Charizard
|move|p2a: Porygon2|Tera Blast|p1b: Indeedee|[anim] Tera Blast Fighting
|-damage|p1b: Indeedee|0 fnt
|faint|p1b: Indeedee
|
|-weather|SunnyDay|[upkeep]
|upkeep
|
|t:|1756706971
|switch|p2b: Ursaluna|Ursaluna, L50, M|100/100
|switch|p1b: Sneasler|Sneasler, L50, F, shiny|100/100
|-enditem|p1b: Sneasler|Psychic Seed
|-boost|p1b: Sneasler|spd|1|[from] item: Psychic Seed
|turn|3
|inactive|Bandoboi has 30 seconds left.
|
|t:|1756707001
|move|p1a: Electabuzz|Follow Me|p1a: Electabuzz
|-singleturn|p1a: Electabuzz|move: Follow Me
|move|p1b: Sneasler|Dire Claw|p2a: Porygon2
|-damage|p2a: Porygon2|11/100
|-status|p2a: Porygon2|psn
|move|p2b: Ursaluna|Headlong Rush|p1a: Electabuzz
|-damage|p1a: Electabuzz|0 fnt
|-unboost|p2b: Ursaluna|def|1
|-unboost|p2b: Ursaluna|spd|1
|faint|p1a: Electabuzz
|move|p2a: Porygon2|Tera Blast|p1b: Sneasler|[anim] Tera Blast Fighting
|-resisted|p1b: Sneasler
|-damage|p1b: Sneasler|80/100
|
|-weather|SunnyDay|[upkeep]
|-damage|p2a: Porygon2|0 fnt|[from] psn
|faint|p2a: Porygon2
|-status|p2b: Ursaluna|brn|[from] item: Flame Orb
|upkeep
|turn|4
|
|t:|1756707022
|move|p1b: Sneasler|Protect|p1b: Sneasler
|-singleturn|p1b: Sneasler|Protect
|move|p2b: Ursaluna|Facade|p1b: Sneasler
|-activate|p1b: Sneasler|move: Protect
|
|-weather|SunnyDay|[upkeep]
|-damage|p2b: Ursaluna|95/100 brn|[from] brn
|upkeep
|turn|5
|
|t:|1756707032
|move|p1b: Sneasler|Close Combat|p2b: Ursaluna
|-supereffective|p2b: Ursaluna
|-damage|p2b: Ursaluna|0 fnt
|-unboost|p1b: Sneasler|def|1
|-unboost|p1b: Sneasler|spd|1
|faint|p2b: Ursaluna
|
|win|Raucho
|raw|Raucho's rating: 1218 → 1234(+16 for winning)
|raw|Bandoboi's rating: 1091 → 1076(-15 for losing)
