|j|☆Welwitchia
|j|☆moiddddds
|html|Welwitchiamoiddddds    
|uhtml|bestof|Game 3 of a best-of-3
|t:|1782585108
|gametype|doubles
|player|p1|Welwitchia|pokemonbreeder-gen4|1000
|player|p2|moiddddds|170|1080
|gen|9
|tier|[Gen 9 Champions] VGC 2026 Reg M-B (Bo3)
|rated|
|rule|Species Clause: Limit one of each Pokémon
|rule|Item Clause: Limit 1 of each item
|clearpoke
|poke|p1|Lopunny, L50, M|
|poke|p1|Absol, L50, M|
|poke|p1|Blastoise, L50, F, shiny|
|poke|p1|Hatterene, L50, F, shiny|
|poke|p1|Charizard, L50, M|
|poke|p1|Venusaur, L50, M|
|poke|p2|Garchomp, L50, F|
|poke|p2|Aerodactyl, L50, M|
|poke|p2|Sneasler, L50, M|
|poke|p2|Tyranitar, L50, M|
|poke|p2|Meganium, L50, F|
|poke|p2|Rotom-Wash, L50|
|teampreview|4
|showteam|p1|Lopunny||AspearBerry|Klutz|Attract,FakeOut,Switcheroo,Bounce|Jolly||M|||50|]Absol||Absolite|Pressure|WillOWisp,PsychoCut,CloseCombat,SuckerPunch|Jolly||M|||50|]Blastoise||FocusSash|Torrent|MuddyWater,FakeOut,MirrorCoat,AquaJet|Brave||F|||50|]Hatterene||KingsRock|MagicBounce|MagicPowder,TrickRoom,DazzlingGleam,Nuzzle|Sassy||F|||50|]Charizard||CharizarditeY|Blaze|AirSlash,SolarBeam,HeatWave,RockSlide|Hasty||M|||50|]Venusaur||Leftovers|Chlorophyll|SweetScent,LightScreen,SleepPowder,SludgeBomb|Modest||M|||50|
|showteam|p2|Garchomp||Garchompite|RoughSkin|RockSlide,Protect,Earthquake,DragonClaw|Jolly||F|||50|]Aerodactyl||FocusSash|Unnerve|RockSlide,Sandstorm,Tailwind,DualWingbeat|Jolly||M|||50|]Sneasler||WhiteHerb|PoisonTouch|FakeOut,DireClaw,CloseCombat,Protect|Jolly||M|||50|]Tyranitar||ChoiceScarf|SandStream|RockSlide,KnockOff,IcePunch,LowKick|Adamant||M|||50|]Meganium||Meganiumite|LeafGuard|SolarBeam,WeatherBall,DazzlingGleam,Protect|Modest||F|||50|]Rotom-Wash||SitrusBerry|Levitate|HydroPump,Thunderbolt,Protect,WillOWisp|Modest|||||50|
|
|t:|1782585133
|teamsize|p1|4
|teamsize|p2|4
|start
|switch|p1a: Hatterene|Hatterene, L50, F, shiny|100/100
|switch|p1b: Blastoise|Blastoise, L50, F, shiny|100/100
|switch|p2a: Tyranitar|Tyranitar, L50, M|100/100
|switch|p2b: Garchomp|Garchomp, L50, F|100/100
|-weather|Sandstorm|[from] ability: Sand Stream|[of] p2a: Tyranitar
|turn|1
|
|t:|1782585153
|detailschange|p2b: Garchomp|Garchomp-Mega, L50, F
|-mega|p2b: Garchomp|Garchomp|Garchompite
|move|p1b: Blastoise|Fake Out|p2b: Garchomp
|-damage|p2b: Garchomp|89/100
|cant|p2b: Garchomp|flinch
|move|p2a: Tyranitar|Rock Slide|p1a: Hatterene|[spread] p1b
|-miss|p2a: Tyranitar|p1a: Hatterene
|-damage|p1b: Blastoise|65/100
|move|p1a: Hatterene|Trick Room|p1a: Hatterene
|-fieldstart|move: Trick Room|[of] p1a: Hatterene
|
|-weather|Sandstorm|[upkeep]
|-damage|p1a: Hatterene|93/100|[from] Sandstorm
|-damage|p1b: Blastoise|59/100|[from] Sandstorm
|upkeep
|turn|2
|
|t:|1782585171
|move|p1a: Hatterene|Dazzling Gleam|p2a: Tyranitar|[spread] p2a,p2b
|-supereffective|p2a: Tyranitar|1
|-supereffective|p2b: Garchomp|1
|-damage|p2a: Tyranitar|63/100
|-damage|p2b: Garchomp|39/100
|move|p1b: Blastoise|Muddy Water|p2b: Garchomp|[spread] p2a,p2b
|-supereffective|p2a: Tyranitar|1
|-damage|p2a: Tyranitar|35/100
|-damage|p2b: Garchomp|18/100
|move|p2a: Tyranitar|Rock Slide|p1a: Hatterene|[spread] p1a,p1b
|-damage|p1a: Hatterene|58/100
|-damage|p1b: Blastoise|29/100
|move|p2b: Garchomp|Rock Slide|p1a: Hatterene|[spread] p1a
|-miss|p2b: Garchomp|p1b: Blastoise
|-damage|p1a: Hatterene|24/100
|
|-weather|Sandstorm|[upkeep]
|-damage|p1a: Hatterene|18/100|[from] Sandstorm
|-damage|p1b: Blastoise|23/100|[from] Sandstorm
|upkeep
|turn|3
|
|t:|1782585188
|move|p2b: Garchomp|Protect|p2b: Garchomp
|-singleturn|p2b: Garchomp|Protect
|move|p1a: Hatterene|Dazzling Gleam|p2b: Garchomp|[spread] p2a
|-activate|p2b: Garchomp|move: Protect
|-supereffective|p2a: Tyranitar|1
|-damage|p2a: Tyranitar|0 fnt
|faint|p2a: Tyranitar
|move|p1b: Blastoise|Muddy Water|p2b: Garchomp
|-activate|p2b: Garchomp|move: Protect
|
|-weather|Sandstorm|[upkeep]
|-damage|p1a: Hatterene|12/100|[from] Sandstorm
|-damage|p1b: Blastoise|17/100|[from] Sandstorm
|upkeep
|
|t:|1782585195
|switch|p2a: Sneasler|Sneasler, L50, M|100/100
|turn|4
|
|t:|1782585214
|switch|p1a: Venusaur|Venusaur, L50, M|100/100
|switch|p2b: Meganium|Meganium, L50, F|100/100
|move|p2a: Sneasler|Fake Out|p1b: Blastoise
|-damage|p1b: Blastoise|4/100
|cant|p1b: Blastoise|flinch
|
|-weather|Sandstorm|[upkeep]
|-damage|p1b: Blastoise|0 fnt|[from] Sandstorm
|-damage|p1a: Venusaur|94/100|[from] Sandstorm
|-damage|p2b: Meganium|94/100|[from] Sandstorm
|-damage|p2a: Sneasler|94/100|[from] Sandstorm
|faint|p1b: Blastoise
|-heal|p1a: Venusaur|100/100|[from] item: Leftovers
|upkeep
|
|t:|1782585230
|switch|p1b: Hatterene|Hatterene, L50, F, shiny|12/100
|turn|5
|
|t:|1782585247
|move|p2b: Meganium|Protect|p2b: Meganium
|-singleturn|p2b: Meganium|Protect
|move|p2a: Sneasler|Protect|p2a: Sneasler
|-singleturn|p2a: Sneasler|Protect
|move|p1b: Hatterene|Nuzzle|p2a: Sneasler
|-activate|p2a: Sneasler|move: Protect
|move|p1a: Venusaur|Sludge Bomb|p2b: Meganium
|-activate|p2b: Meganium|move: Protect
|
|-weather|none
|-fieldend|move: Trick Room
|upkeep
|turn|6
|
|t:|1782585271
|move|p2a: Sneasler|Dire Claw|p1a: Venusaur
|-damage|p1a: Venusaur|38/100
|move|p1a: Venusaur|Sleep Powder|p2a: Sneasler
|-status|p2a: Sneasler|slp|[from] move: Sleep Powder
|move|p2b: Meganium|Dazzling Gleam|p1b: Hatterene|[spread] p1a,p1b
|-resisted|p1a: Venusaur|1
|-damage|p1a: Venusaur|29/100
|-damage|p1b: Hatterene|0 fnt
|faint|p1b: Hatterene
|
|-heal|p1a: Venusaur|35/100|[from] item: Leftovers
|upkeep
|
|t:|1782585280
|switch|p1b: Charizard|Charizard, L50, M|100/100
|turn|7
|
|t:|1782585306
|detailschange|p1b: Charizard|Charizard-Mega-Y, L50, M
|-mega|p1b: Charizard|Charizard|Charizardite Y
|-weather|SunnyDay|[from] ability: Drought|[of] p1b: Charizard
|move|p1a: Venusaur|Sludge Bomb|p2b: Meganium
|-supereffective|p2b: Meganium|1
|-damage|p2b: Meganium|0 fnt
|faint|p2b: Meganium
|cant|p2a: Sneasler|slp
|move|p1b: Charizard|Heat Wave|p2a: Sneasler
|-damage|p2a: Sneasler|0 fnt
|faint|p2a: Sneasler
|
|-weather|SunnyDay|[upkeep]
|-heal|p1a: Venusaur|40/100|[from] item: Leftovers
|upkeep
|
|t:|1782585312
|switch|p2b: Garchomp|Garchomp-Mega, L50, F|18/100
|turn|8
|
|t:|1782585325
|move|p1a: Venusaur|Sleep Powder|p2b: Garchomp
|-status|p2b: Garchomp|slp|[from] move: Sleep Powder
|move|p1b: Charizard|Solar Beam||[still]
|-prepare|p1b: Charizard|Solar Beam
|-anim|p1b: Charizard|Solar Beam|p2b: Garchomp
|-damage|p2b: Garchomp|0 fnt
|faint|p2b: Garchomp
|
|win|Welwitchia
|raw|Welwitchia's rating: 1000 → 1049(+49 for winning)
|raw|moiddddds's rating: 1080 → 1053(-27 for losing)
