|j|☆LeonardPlayz
|j|☆chocokoala vgc
|html|LeonardPlayzchocokoala vgc    
|uhtml|bestof|Game 1 of a best-of-3
|t:|1784111396
|gametype|doubles
|player|p1|LeonardPlayz|hilbert-wonderlauncher|1149
|player|p2|chocokoala vgc|benga|1268
|gen|9
|tier|[Gen 9 Champions] VGC 2026 Reg M-B (Bo3)
|rated|
|rule|Species Clause: Limit one of each Pokémon
|rule|Item Clause: Limit 1 of each item
|clearpoke
|poke|p1|Barbaracle, L50, F|
|poke|p1|Gardevoir, L50, M|
|poke|p1|Volcarona, L50, F|
|poke|p1|Gengar, L50, F|
|poke|p1|Mr. Rime, L50, F|
|poke|p1|Krookodile, L50, M|
|poke|p2|Slowbro, L50, F|
|poke|p2|Appletun, L50, F|
|poke|p2|Incineroar, L50, F|
|poke|p2|Glimmora, L50, M|
|poke|p2|Ninetales-Alola, L50, M|
|poke|p2|Conkeldurr, L50, M|
|teampreview|4
|showteam|p1|Barbaracle||Barbaracite|ToughClaws|RockSlide,BrickBreak,ShellSmash,Protect|Adamant||F|||50|]Gardevoir||Gardevoirite|Telepathy|HyperVoice,Psyshock,Thunderbolt,Protect|Timid||M|||50|]Volcarona||ChartiBerry|FlameBody|Tailwind,Flamethrower,WillOWisp,RagePowder|Timid||F|||50|]Gengar||FocusSash|CursedBody|ShadowBall,SludgeBomb,Taunt,Protect|Timid||F|||50|]Mr. Rime||NeverMeltIce|ScreenCleaner|FakeOut,FreezeDry,Encore,Protect|Timid||F|||50|]Krookodile||ChopleBerry|Intimidate|StoneEdge,HighHorsepower,KnockOff,Protect|Adamant||M|||50|
|showteam|p2|Slowbro||Slowbronite|Regenerator|Psychic,Scald,Protect,TrickRoom|Modest||F|||50|]Appletun||Leftovers|ThickFat|AppleAcid,DragonPulse,Protect,LeechSeed|Sassy||F|||50|]Incineroar||SitrusBerry|Intimidate|FakeOut,PartingShot,FlareBlitz,DarkestLariat|Careful||F|||50|]Glimmora||Glimmoranite|ToxicDebris|PowerGem,SludgeBomb,SpikyShield,EarthPower|Timid||M|||50|]Ninetales-Alola||LightClay|SnowWarning|Blizzard,Moonblast,Protect,AuroraVeil|Timid||M|||50|]Conkeldurr||LifeOrb|IronFist|MachPunch,DrainPunch,Protect,KnockOff|Brave||M|||50|
|inactive|Battle timer is ON: inactive players will automatically lose when time's up. (requested by LeonardPlayz)
|inactive|chocokoala vgc also wants the timer to be on.
|inactive|LeonardPlayz has 60 seconds left.
|inactive|chocokoala vgc has 60 seconds left.
|inactive|chocokoala vgc has 30 seconds left.
|inactive|LeonardPlayz has 30 seconds left.
|
|t:|1784111470
|teamsize|p1|4
|teamsize|p2|4
|start
|switch|p1a: Barbaracle|Barbaracle, L50, F|100/100
|switch|p1b: Gengar|Gengar, L50, F|100/100
|switch|p2a: Incineroar|Incineroar, L50, F|100/100
|switch|p2b: Slowbro|Slowbro, L50, F|100/100
|-ability|p2a: Incineroar|Intimidate|boost
|-unboost|p1a: Barbaracle|atk|1
|-unboost|p1b: Gengar|atk|1
|turn|1
|inactive|chocokoala vgc has 30 seconds left.
|
|t:|1784111502
|switch|p2a: Conkeldurr|Conkeldurr, L50, M|100/100
|detailschange|p2b: Slowbro|Slowbro-Mega, L50, F
|-mega|p2b: Slowbro|Slowbro|Slowbronite
|move|p1b: Gengar|Taunt|p2b: Slowbro
|-start|p2b: Slowbro|move: Taunt
|move|p1a: Barbaracle|Shell Smash|p1a: Barbaracle
|-unboost|p1a: Barbaracle|def|1
|-unboost|p1a: Barbaracle|spd|1
|-boost|p1a: Barbaracle|atk|2
|-boost|p1a: Barbaracle|spa|2
|-boost|p1a: Barbaracle|spe|2
|move|p2b: Slowbro|Psychic|p1a: Barbaracle
|-damage|p1a: Barbaracle|28/100
|
|upkeep
|turn|2
|
|t:|1784111526
|switch|p2b: Incineroar|Incineroar, L50, F|100/100
|-ability|p2b: Incineroar|Intimidate|boost
|-unboost|p1a: Barbaracle|atk|1
|-unboost|p1b: Gengar|atk|1
|move|p1a: Barbaracle|Protect|p1a: Barbaracle
|-singleturn|p1a: Barbaracle|Protect
|move|p2a: Conkeldurr|Mach Punch|p1a: Barbaracle
|-activate|p1a: Barbaracle|move: Protect
|move|p1b: Gengar|Shadow Ball|p2b: Incineroar
|-resisted|p2b: Incineroar|1
|-damage|p2b: Incineroar|83/100
|
|upkeep
|turn|3
|
|t:|1784111541
|switch|p1a: Krookodile|Krookodile, L50, M|100/100
|-ability|p1a: Krookodile|Intimidate|boost
|-unboost|p2a: Conkeldurr|atk|1
|-unboost|p2b: Incineroar|atk|1
|move|p1b: Gengar|Protect|p1b: Gengar
|-singleturn|p1b: Gengar|Protect
|move|p2a: Conkeldurr|Mach Punch|p1a: Krookodile
|-supereffective|p1a: Krookodile|1
|-enditem|p1a: Krookodile|Chople Berry|[eat]
|-enditem|p1a: Krookodile|Chople Berry|[weaken]
|-damage|p1a: Krookodile|72/100
|-damage|p2a: Conkeldurr|90/100|[from] item: Life Orb
|move|p2b: Incineroar|Darkest Lariat|p1b: Gengar
|-activate|p1b: Gengar|move: Protect
|
|upkeep
|turn|4
|
|t:|1784111561
|switch|p2b: Appletun|Appletun, L50, F|100/100
|move|p1b: Gengar|Shadow Ball|p2a: Conkeldurr
|-damage|p2a: Conkeldurr|45/100
|-unboost|p2a: Conkeldurr|spd|1
|move|p1a: Krookodile|High Horsepower|p2a: Conkeldurr
|-damage|p2a: Conkeldurr|0 fnt
|faint|p2a: Conkeldurr
|
|upkeep
|
|t:|1784111573
|switch|p2a: Incineroar|Incineroar, L50, F|83/100
|-ability|p2a: Incineroar|Intimidate|boost
|-unboost|p1a: Krookodile|atk|1
|-unboost|p1b: Gengar|atk|1
|turn|5
|
|t:|1784111585
|move|p1b: Gengar|Sludge Bomb|p2b: Appletun
|-supereffective|p2b: Appletun|1
|-damage|p2b: Appletun|32/100
|move|p1a: Krookodile|High Horsepower|p2a: Incineroar
|-supereffective|p2a: Incineroar|1
|-damage|p2a: Incineroar|22/100
|-enditem|p2a: Incineroar|Sitrus Berry|[eat]
|-heal|p2a: Incineroar|47/100|[from] item: Sitrus Berry
|move|p2a: Incineroar|Darkest Lariat|p1b: Gengar
|-supereffective|p1b: Gengar|1
|-enditem|p1b: Gengar|Focus Sash
|-damage|p1b: Gengar|1/100
|move|p2b: Appletun|Apple Acid|p1a: Krookodile
|-supereffective|p1a: Krookodile|1
|-damage|p1a: Krookodile|0 fnt
|faint|p1a: Krookodile
|
|-heal|p2b: Appletun|38/100|[from] item: Leftovers
|upkeep
|
|t:|1784111592
|switch|p1a: Gardevoir|Gardevoir, L50, M|100/100
|turn|6
|
|t:|1784111611
|detailschange|p1a: Gardevoir|Gardevoir-Mega, L50, M
|-mega|p1a: Gardevoir|Gardevoir|Gardevoirite
|move|p1b: Gengar|Shadow Ball|p2a: Incineroar
|-resisted|p2a: Incineroar|1
|-damage|p2a: Incineroar|32/100
|move|p1a: Gardevoir|Hyper Voice|p2b: Appletun|[spread] p2a,p2b
|-supereffective|p2b: Appletun|1
|-damage|p2a: Incineroar|0 fnt
|-damage|p2b: Appletun|0 fnt
|faint|p2a: Incineroar
|faint|p2b: Appletun
|
|upkeep
|
|t:|1784111614
|switch|p2b: Slowbro|Slowbro-Mega, L50, F|100/100
|turn|7
|-message|chocokoala vgc forfeited.
|
|win|LeonardPlayz
