|j|☆HSYmyQueen
|j|☆charlestun
|html|HSYmyQueencharlestun    
|uhtml|bestof|Game 2 of a best-of-3
|t:|1757779987
|gametype|doubles
|player|p1|HSYmyQueen|marnie-masters3|1159
|player|p2|charlestun|benga|1045
|gen|9
|tier|[Gen 9] VGC 2025 Reg H (Bo3)
|rated|
|rule|Species Clause: Limit one of each Pokémon
|rule|Item Clause: Limit 1 of each item
|clearpoke
|poke|p1|Porygon2, L50|
|poke|p1|Sneasler, L50, F|
|poke|p1|Gholdengo, L50|
|poke|p1|Amoonguss, L50, F|
|poke|p1|Garchomp, L50, M|
|poke|p1|Incineroar, L50, F|
|poke|p2|Incineroar, L50, F|
|poke|p2|Amoonguss, L50, F|
|poke|p2|Ursaluna-Bloodmoon, L50, M|
|poke|p2|Sneasler, L50, M|
|poke|p2|Gholdengo, L50|
|poke|p2|Dragonite, L50, M|
|teampreview|4
|showteam|p1|Porygon2||Eviolite|Download|TeraBlast,IceBeam,Recover,TrickRoom||||||50|,,,,,Ground]Sneasler||FocusSash|PoisonTouch|CloseCombat,DireClaw,Coaching,Protect|||F|||50|,,,,,Flying]Gholdengo||LifeOrb|GoodasGold|MakeItRain,ShadowBall,NastyPlot,Protect||||||50|,,,,,Water]Amoonguss||SitrusBerry|Regenerator|PollenPuff,Spore,RagePowder,Protect|||F|||50|,,,,,Fairy]Garchomp||ClearAmulet|RoughSkin|Earthquake,StompingTantrum,DragonClaw,Protect|||M|||50|,,,,,Fire]Incineroar||SafetyGoggles|Intimidate|FlareBlitz,KnockOff,FakeOut,PartingShot|||F|||50|,,,,,Ghost
|showteam|p2|Incineroar||SafetyGoggles|Intimidate|KnockOff,PartingShot,FlareBlitz,FakeOut|||F|||50|,,,,,Ghost]Amoonguss||SitrusBerry|Regenerator|RagePowder,Spore,PollenPuff,Protect|||F|||50|,,,,,Psychic]Ursaluna-Bloodmoon||AssaultVest|MindsEye|BloodMoon,EarthPower,VacuumWave,HyperVoice|||M|||50|,,,,,Water]Sneasler||FocusSash|Unburden|Protect,DireClaw,CloseCombat,ThroatChop|||M|||50|,,,,,Stellar]Gholdengo||LifeOrb|GoodasGold|Protect,MakeItRain,ShadowBall,NastyPlot||||||50|,,,,,Water]Dragonite||LoadedDice|Multiscale|ScaleShot,Tailwind,Haze,Protect|||M|||50|,,,,,Fairy
|
|t:|1757780013
|teamsize|p1|4
|teamsize|p2|4
|start
|switch|p1a: Sneasler|Sneasler, L50, F|100/100
|switch|p1b: Incineroar|Incineroar, L50, F|100/100
|switch|p2a: Incineroar|Incineroar, L50, F|100/100
|switch|p2b: Gholdengo|Gholdengo, L50|100/100
|-ability|p2a: Incineroar|Intimidate|boost
|-unboost|p1a: Sneasler|atk|1
|-unboost|p1b: Incineroar|atk|1
|-ability|p1b: Incineroar|Intimidate|boost
|-unboost|p2a: Incineroar|atk|1
|-unboost|p2b: Gholdengo|atk|1
|turn|1
|
|t:|1757780033
|switch|p2b: Sneasler|Sneasler, L50, M|100/100
|move|p1a: Sneasler|Protect|p1a: Sneasler
|-singleturn|p1a: Sneasler|Protect
|move|p2a: Incineroar|Fake Out|p1a: Sneasler
|-activate|p1a: Sneasler|move: Protect
|move|p1b: Incineroar|Knock Off|p2b: Sneasler
|-resisted|p2b: Sneasler
|-damage|p2b: Sneasler|78/100
|-enditem|p2b: Sneasler|Focus Sash|[from] move: Knock Off|[of] p1b: Incineroar
|
|upkeep
|turn|2
|
|t:|1757780050
|switch|p1b: Garchomp|Garchomp, L50, M|100/100
|move|p2b: Sneasler|Close Combat|p1b: Garchomp
|-damage|p1b: Garchomp|43/100
|-unboost|p2b: Sneasler|def|1
|-unboost|p2b: Sneasler|spd|1
|-damage|p2b: Sneasler|66/100|[from] ability: Rough Skin|[of] p1b: Garchomp
|move|p1a: Sneasler|Coaching|p1b: Garchomp
|-boost|p1b: Garchomp|atk|1
|-boost|p1b: Garchomp|def|1
|move|p2a: Incineroar|Parting Shot|p1a: Sneasler
|-unboost|p1a: Sneasler|atk|1
|-unboost|p1a: Sneasler|spa|1
|
|t:|1757780056
|switch|p2a: Amoonguss|Amoonguss, L50, F|100/100|[from] Parting Shot
|
|upkeep
|turn|3
|
|t:|1757780100
|switch|p2b: Incineroar|Incineroar, L50, F|100/100
|-ability|p2b: Incineroar|Intimidate|boost
|-unboost|p1a: Sneasler|atk|1
|-fail|p1b: Garchomp|unboost|[from] item: Clear Amulet|[of] p1b: Garchomp
|move|p1b: Garchomp|Protect|p1b: Garchomp
|-singleturn|p1b: Garchomp|Protect
|move|p2a: Amoonguss|Protect|p2a: Amoonguss
|-singleturn|p2a: Amoonguss|Protect
|move|p1a: Sneasler|Coaching|p1b: Garchomp
|-boost|p1b: Garchomp|atk|1
|-boost|p1b: Garchomp|def|1
|
|upkeep
|turn|4
|
|t:|1757780133
|move|p1b: Garchomp|Protect||[still]
|-fail|p1b: Garchomp
|move|p2b: Incineroar|Fake Out|p1b: Garchomp
|-damage|p1b: Garchomp|37/100
|-damage|p2b: Incineroar|88/100|[from] ability: Rough Skin|[of] p1b: Garchomp
|move|p1a: Sneasler|Dire Claw|p2a: Amoonguss
|-damage|p2a: Amoonguss|86/100
|move|p2a: Amoonguss|Spore|p1b: Garchomp
|-status|p1b: Garchomp|slp|[from] move: Spore
|
|upkeep
|turn|5
|
|t:|1757780148
|cant|p1b: Garchomp|slp
|move|p1a: Sneasler|Dire Claw|p2a: Amoonguss
|-damage|p2a: Amoonguss|74/100
|move|p2b: Incineroar|Knock Off|p1b: Garchomp
|-damage|p1b: Garchomp|16/100 slp
|-damage|p2b: Incineroar|76/100|[from] ability: Rough Skin|[of] p1b: Garchomp
|-enditem|p1b: Garchomp|Clear Amulet|[from] move: Knock Off|[of] p2b: Incineroar
|move|p2a: Amoonguss|Pollen Puff|p1b: Garchomp
|-damage|p1b: Garchomp|0 fnt
|faint|p1b: Garchomp
|
|upkeep
|
|t:|1757780154
|switch|p1b: Gholdengo|Gholdengo, L50|100/100
|turn|6
|
|t:|1757780160
|switch|p1a: Incineroar|Incineroar, L50, F|100/100
|-ability|p1a: Incineroar|Intimidate|boost
|-unboost|p2a: Amoonguss|atk|1
|-unboost|p2b: Incineroar|atk|1
|-terastallize|p1b: Gholdengo|Water
|move|p2b: Incineroar|Knock Off|p1b: Gholdengo
|-damage|p1b: Gholdengo|75/100
|-enditem|p1b: Gholdengo|Life Orb|[from] move: Knock Off|[of] p2b: Incineroar
|move|p1b: Gholdengo|Nasty Plot|p1b: Gholdengo
|-boost|p1b: Gholdengo|spa|2
|move|p2a: Amoonguss|Pollen Puff|p1a: Incineroar
|-damage|p1a: Incineroar|84/100
|
|upkeep
|turn|7
|
|t:|1757780177
|move|p1b: Gholdengo|Protect|p1b: Gholdengo
|-singleturn|p1b: Gholdengo|Protect
|move|p2b: Incineroar|Knock Off|p1a: Incineroar
|-resisted|p1a: Incineroar
|-damage|p1a: Incineroar|72/100
|-enditem|p1a: Incineroar|Safety Goggles|[from] move: Knock Off|[of] p2b: Incineroar
|move|p1a: Incineroar|Knock Off|p2b: Incineroar
|-resisted|p2b: Incineroar
|-damage|p2b: Incineroar|57/100
|-enditem|p2b: Incineroar|Safety Goggles|[from] move: Knock Off|[of] p1a: Incineroar
|move|p2a: Amoonguss|Spore|p1b: Gholdengo
|-activate|p1b: Gholdengo|move: Protect
|
|upkeep
|turn|8
|
|t:|1757780199
|move|p2a: Amoonguss|Protect|p2a: Amoonguss
|-singleturn|p2a: Amoonguss|Protect
|move|p2b: Incineroar|Parting Shot|p1a: Incineroar
|-unboost|p1a: Incineroar|atk|1
|-unboost|p1a: Incineroar|spa|1
|
|t:|1757780206
|switch|p2b: Sneasler|Sneasler, L50, M|66/100|[from] Parting Shot
|move|p1b: Gholdengo|Nasty Plot|p1b: Gholdengo
|-boost|p1b: Gholdengo|spa|2
|move|p1a: Incineroar|Parting Shot|p2b: Sneasler
|-unboost|p2b: Sneasler|atk|1
|-unboost|p2b: Sneasler|spa|1
|
|t:|1757780213
|switch|p1a: Sneasler|Sneasler, L50, F|100/100|[from] Parting Shot
|
|upkeep
|turn|9
|
|t:|1757780224
|move|p1b: Gholdengo|Protect|p1b: Gholdengo
|-singleturn|p1b: Gholdengo|Protect
|move|p2b: Sneasler|Dire Claw|p1b: Gholdengo
|-activate|p1b: Gholdengo|move: Protect
|move|p1a: Sneasler|Dire Claw|p2b: Sneasler
|-resisted|p2b: Sneasler
|-damage|p2b: Sneasler|30/100
|move|p2a: Amoonguss|Spore|p1a: Sneasler
|-status|p1a: Sneasler|slp|[from] move: Spore
|
|upkeep
|turn|10
|
|t:|1757780246
|cant|p1a: Sneasler|slp
|move|p2b: Sneasler|Dire Claw|p1b: Gholdengo
|-damage|p1b: Gholdengo|52/100
|-status|p1b: Gholdengo|psn
|move|p1b: Gholdengo|Make It Rain|p2b: Sneasler|[spread] p2a,p2b
|-damage|p2a: Amoonguss|0 fnt
|-damage|p2b: Sneasler|0 fnt
|-unboost|p1b: Gholdengo|spa|1
|faint|p2a: Amoonguss
|faint|p2b: Sneasler
|
|-damage|p1b: Gholdengo|40/100 psn|[from] psn
|upkeep
|
|t:|1757780253
|switch|p2b: Gholdengo|Gholdengo, L50|100/100
|switch|p2a: Incineroar|Incineroar, L50, F|57/100
|-ability|p2a: Incineroar|Intimidate|boost
|-unboost|p1a: Sneasler|atk|1
|-unboost|p1b: Gholdengo|atk|1
|turn|11
|
|t:|1757780274
|switch|p1a: Incineroar|Incineroar, L50, F|72/100
|-ability|p1a: Incineroar|Intimidate|boost
|-unboost|p2a: Incineroar|atk|1
|-unboost|p2b: Gholdengo|atk|1
|-terastallize|p2b: Gholdengo|Water
|move|p1b: Gholdengo|Protect|p1b: Gholdengo
|-singleturn|p1b: Gholdengo|Protect
|move|p2a: Incineroar|Fake Out|p1a: Incineroar
|-damage|p1a: Incineroar|64/100
|move|p2b: Gholdengo|Nasty Plot|p2b: Gholdengo
|-boost|p2b: Gholdengo|spa|2
|
|-damage|p1b: Gholdengo|28/100 psn|[from] psn
|upkeep
|turn|12
|
|t:|1757780297
|move|p1a: Incineroar|Fake Out|p2b: Gholdengo
|-damage|p2b: Gholdengo|88/100
|cant|p2b: Gholdengo|flinch
|move|p2a: Incineroar|Knock Off|p1a: Incineroar
|-resisted|p1a: Incineroar
|-damage|p1a: Incineroar|55/100
|move|p1b: Gholdengo|Make It Rain|p2b: Gholdengo|[spread] p2a,p2b
|-resisted|p2a: Incineroar
|-resisted|p2b: Gholdengo
|-damage|p2a: Incineroar|0 fnt
|-damage|p2b: Gholdengo|23/100
|-unboost|p1b: Gholdengo|spa|1
|faint|p2a: Incineroar
|
|-damage|p1b: Gholdengo|16/100 psn|[from] psn
|upkeep
|turn|13
|
|t:|1757780311
|move|p2b: Gholdengo|Make It Rain|p1a: Incineroar|[spread] p1a,p1b
|-resisted|p1a: Incineroar
|-resisted|p1b: Gholdengo
|-damage|p1a: Incineroar|10/100
|-damage|p1b: Gholdengo|0 fnt
|-unboost|p2b: Gholdengo|spa|1
|faint|p1b: Gholdengo
|-damage|p2b: Gholdengo|13/100|[from] item: Life Orb
|move|p1a: Incineroar|Knock Off|p2b: Gholdengo
|-damage|p2b: Gholdengo|0 fnt
|-enditem|p2b: Gholdengo|Life Orb|[from] move: Knock Off|[of] p1a: Incineroar
|faint|p2b: Gholdengo
|
|win|HSYmyQueen
|raw|HSYmyQueen's rating: 1159 → 1176(+17 for winning)
|raw|charlestun's rating: 1045 → 1034(-11 for losing)
