|j|☆cartrideintocardib
|j|☆jhlbv
|html|cartrideintocardibjhlbv    
|uhtml|bestof|Game 2 of a best-of-3
|t:|1756919603
|gametype|doubles
|player|p1|cartrideintocardib|hilbert-wonderlauncher|
|player|p2|jhlbv|1|
|gen|9
|tier|[Gen 9] VGC 2025 Reg H (Bo3)
|rule|Species Clause: Limit one of each Pokémon
|rule|Item Clause: Limit 1 of each item
|clearpoke
|poke|p1|Gholdengo, L50|
|poke|p1|Weezing-Galar, L50, F|
|poke|p1|Drifblim, L50, F|
|poke|p1|Toedscruel, L50, M|
|poke|p1|Overqwil, L50, M|
|poke|p1|Sneasler, L50, F|
|poke|p2|Glimmora, L50, M|
|poke|p2|Espeon, L50, M|
|poke|p2|Farigiraf, L50, F|
|poke|p2|Ditto, L50|
|poke|p2|Clefairy, L50, F|
|poke|p2|Torkoal, L50, F|
|teampreview|4
|showteam|p1|Gholdengo||LifeOrb|GoodasGold|NastyPlot,ShadowBall,MakeItRain,Protect||||||50|,,,,,Water]Weezing-Galar||Leftovers|NeutralizingGas|ClearSmog,Taunt,SludgeBomb,StrangeSteam|||F|||50|,,,,,Poison]Drifblim||RedCard|Unburden|Imprison,Tailwind,TrickRoom,Acrobatics|||F|||50|,,,,,Ghost]Toedscruel||SitrusBerry|MyceliumMight|RagePowder,AcidSpray,Spore,EarthPower|||M|||50|,,,,,Ground]Overqwil||ClearAmulet|Intimidate|GunkShot,Liquidation,ThroatChop,Protect|||M|||50|,,,,,Water]Sneasler||FocusSash|Unburden|CloseCombat,DireClaw,ThroatChop,Protect|||F|||50|,,,,,Dark
|showteam|p2|Glimmora||FocusSash|ToxicDebris|MortalSpin,PowerGem,StealthRock,SludgeBomb|||M|||50|,,,,,Flying]Espeon||RoomService|MagicBounce|MorningSun,WeatherBall,TrickRoom,ExpandingForce|||M|||50|,,,,,Psychic]Farigiraf||CovertCloak|ArmorTail|TrickRoom,Imprison,HyperVoice,PsychicNoise|||F|||50|,,,,,Normal]Ditto||AbilityShield|Imposter|Transform||||||50|,,,,,Normal]Clefairy||Eviolite|FriendGuard|FollowMe,ThunderWave,FakeTears,HealPulse|||F|||50|,,,,,Fairy]Torkoal||HeatRock|Drought|Eruption,SolarBeam,ScorchingSands,Protect|||F|||50|,,,,,Fire
|inactive|Battle timer is ON: inactive players will automatically lose when time's up. (requested by cartrideintocardib)
|
|t:|1756919623
|teamsize|p1|4
|teamsize|p2|4
|start
|switch|p1a: Weezing|Weezing-Galar, L50, F|100/100
|switch|p1b: Toedscruel|Toedscruel, L50, M|100/100
|switch|p2a: Farigiraf|Farigiraf, L50, F|100/100
|switch|p2b: Clefairy|Clefairy, L50, F|100/100
|-ability|p1a: Weezing|Neutralizing Gas
|turn|1
|
|t:|1756919640
|move|p2b: Clefairy|Follow Me|p2b: Clefairy
|-singleturn|p2b: Clefairy|move: Follow Me
|move|p1b: Toedscruel|Spore|p2b: Clefairy
|-status|p2b: Clefairy|slp|[from] move: Spore
|move|p1a: Weezing|Sludge Bomb|p2b: Clefairy
|-supereffective|p2b: Clefairy
|-damage|p2b: Clefairy|65/100 slp
|move|p2a: Farigiraf|Trick Room|p2a: Farigiraf
|-fieldstart|move: Trick Room|[of] p2a: Farigiraf
|
|upkeep
|turn|2
|
|t:|1756919662
|switch|p2b: Glimmora|Glimmora, L50, M|100/100
|move|p2a: Farigiraf|Psychic Noise|p1a: Weezing
|-supereffective|p1a: Weezing
|-damage|p1a: Weezing|31/100
|-start|p1a: Weezing|move: Heal Block
|move|p1a: Weezing|Sludge Bomb|p2b: Glimmora
|-resisted|p2b: Glimmora
|-damage|p2b: Glimmora|90/100
|move|p1b: Toedscruel|Acid Spray|p2a: Farigiraf
|-damage|p2a: Farigiraf|91/100
|
|upkeep
|turn|3
|inactive|cartrideintocardib has 30 seconds left.
|inactive|jhlbv has 30 seconds left.
|
|t:|1756919692
|move|p2a: Farigiraf|Hyper Voice|p1b: Toedscruel|[spread] p1a,p1b
|-damage|p1a: Weezing|0 fnt
|-damage|p1b: Toedscruel|73/100
|faint|p1a: Weezing
|-end|p1a: Weezing|ability: Neutralizing Gas
|move|p2b: Glimmora|Mortal Spin|p1b: Toedscruel
|-damage|p1b: Toedscruel|61/100
|-status|p1b: Toedscruel|psn
|move|p1b: Toedscruel|Earth Power|p2b: Glimmora
|-supereffective|p2b: Glimmora
|-damage|p2b: Glimmora|0 fnt
|faint|p2b: Glimmora
|
|-damage|p1b: Toedscruel|49/100 psn|[from] psn
|upkeep
|-enditem|p1b: Toedscruel|Sitrus Berry|[eat]
|-heal|p1b: Toedscruel|73/100 psn|[from] item: Sitrus Berry
|
|t:|1756919702
|switch|p1a: Gholdengo|Gholdengo, L50|100/100
|switch|p2b: Torkoal|Torkoal, L50, F|100/100
|-weather|SunnyDay|[from] ability: Drought|[of] p2b: Torkoal
|turn|4
|
|t:|1756919720
|-terastallize|p2b: Torkoal|Fire
|move|p1a: Gholdengo|Protect|p1a: Gholdengo
|-singleturn|p1a: Gholdengo|Protect
|move|p2b: Torkoal|Eruption|p1a: Gholdengo|[spread] p1b
|-activate|p1a: Gholdengo|move: Protect
|-supereffective|p1b: Toedscruel
|-damage|p1b: Toedscruel|0 fnt
|faint|p1b: Toedscruel
|move|p2a: Farigiraf|Psychic Noise|p1a: Gholdengo
|-activate|p1a: Gholdengo|move: Protect
|
|-weather|SunnyDay|[upkeep]
|upkeep
|
|t:|1756919730
|switch|p1b: Sneasler|Sneasler, L50, F|100/100
|turn|5
|
|t:|1756919750
|-terastallize|p1a: Gholdengo|Water
|move|p1b: Sneasler|Protect|p1b: Sneasler
|-singleturn|p1b: Sneasler|Protect
|move|p2b: Torkoal|Eruption|p1b: Sneasler|[spread] p1a
|-activate|p1b: Sneasler|move: Protect
|-resisted|p1a: Gholdengo
|-damage|p1a: Gholdengo|44/100
|move|p2a: Farigiraf|Psychic Noise|p1b: Sneasler
|-activate|p1b: Sneasler|move: Protect
|move|p1a: Gholdengo|Shadow Ball|p2b: Torkoal
|-damage|p2b: Torkoal|32/100
|-damage|p1a: Gholdengo|34/100|[from] item: Life Orb
|
|-weather|SunnyDay|[upkeep]
|-fieldend|move: Trick Room
|upkeep
|turn|6
|
|t:|1756919769
|move|p2b: Torkoal|Protect|p2b: Torkoal
|-singleturn|p2b: Torkoal|Protect
|move|p1b: Sneasler|Dire Claw|p2a: Farigiraf
|-damage|p2a: Farigiraf|38/100
|move|p1a: Gholdengo|Shadow Ball|p2b: Torkoal
|-activate|p2b: Torkoal|move: Protect
|move|p2a: Farigiraf|Hyper Voice|p1b: Sneasler|[spread] p1a,p1b
|-damage|p1a: Gholdengo|0 fnt
|-damage|p1b: Sneasler|51/100
|faint|p1a: Gholdengo
|
|-weather|SunnyDay|[upkeep]
|upkeep
|turn|7
|
|t:|1756919787
|move|p1b: Sneasler|Dire Claw|p2a: Farigiraf
|-damage|p2a: Farigiraf|0 fnt
|faint|p2a: Farigiraf
|move|p2b: Torkoal|Scorching Sands|p1b: Sneasler
|-supereffective|p1b: Sneasler
|-damage|p1b: Sneasler|0 fnt
|faint|p1b: Sneasler
|
|win|jhlbv
|l|☆cartrideintocardib
|player|p1|
