|j|☆qwertlei
|j|☆Meowstic Enjoyer
|html|qwertleiMeowstic Enjoyer    
|uhtml|bestof|Game 2 of a best-of-3
|t:|1784735189
|gametype|doubles
|player|p1|qwertlei|101|1013
|player|p2|Meowstic Enjoyer|lass-gen4dp|1055
|gen|9
|tier|[Gen 9 Champions] VGC 2026 Reg M-B (Bo3)
|rated|
|rule|Species Clause: Limit one of each Pokémon
|rule|Item Clause: Limit 1 of each item
|clearpoke
|poke|p1|Ampharos, L50, M|
|poke|p1|Gallade, L50, M|
|poke|p1|Aromatisse, L50, M|
|poke|p1|Scrafty, L50, M|
|poke|p1|Torkoal, L50, M|
|poke|p1|Mawile, L50, M|
|poke|p2|Froslass, L50, F|
|poke|p2|Dragonite, L50, M|
|poke|p2|Toxapex, L50, F|
|poke|p2|Sneasler, L50, M|
|poke|p2|Kingambit, L50, M|
|poke|p2|Blaziken, L50, F|
|teampreview|4
|showteam|p1|Ampharos||Ampharosite|Static|Discharge,DragonPulse,VoltSwitch,Thunderbolt|Quiet||M|||50|]Gallade||IronBall|Sharpness|SacredSword,PsychoCut,LeafBlade,TrickRoom|Brave||M|||50|]Aromatisse||FocusSash|AromaVeil|DrainingKiss,AlluringVoice,Moonblast,TrickRoom|Quiet||M|||50|]Scrafty||LifeOrb|Intimidate|CloseCombat,FakeOut,KnockOff,UpperHand|Brave||M|||50|]Torkoal||Charcoal|Drought|Eruption,WeatherBall,HelpingHand,Protect|Relaxed||M|||50|]Mawile||Mawilite|Intimidate|SwordsDance,PlayRough,SuckerPunch,RockSlide|Brave||M|||50|
|showteam|p2|Froslass||Froslassite|CursedBody|Protect,Blizzard,ShadowBall,AuroraVeil|Timid||F|||50|]Dragonite||LifeOrb|InnerFocus|Protect,DragonClaw,LowKick,ExtremeSpeed|Adamant||M|||50|]Toxapex||Leftovers|Regenerator|BanefulBunker,Infestation,Toxic,WideGuard|Bold||F|||50|]Sneasler||FocusSash|PoisonTouch|Protect,CloseCombat,PoisonJab,FakeOut|Jolly||M|||50|]Kingambit||BlackGlasses|Defiant|Protect,IronHead,KowtowCleave,SuckerPunch|Adamant||M|||50|]Blaziken||Blazikenite|SpeedBoost|Protect,CloseCombat,FlareBlitz,RockSlide|Adamant||F|||50|
|inactive|Battle timer is ON: inactive players will automatically lose when time's up. (requested by Meowstic Enjoyer)
|inactive|qwertlei has 60 seconds left.
|
|t:|1784735231
|teamsize|p1|4
|teamsize|p2|4
|start
|switch|p1a: Aromatisse|Aromatisse, L50, M|100/100
|switch|p1b: Scrafty|Scrafty, L50, M|100/100
|switch|p2a: Kingambit|Kingambit, L50, M|100/100
|switch|p2b: Sneasler|Sneasler, L50, M|100/100
|-ability|p1b: Scrafty|Intimidate|boost
|-unboost|p2a: Kingambit|atk|1
|-ability|p2a: Kingambit|Defiant|boost
|-boost|p2a: Kingambit|atk|2
|-unboost|p2b: Sneasler|atk|1
|turn|1
|inactive|qwertlei has 30 seconds left.
|inactive|qwertlei has 20 seconds left.
|inactive|qwertlei has 15 seconds left.
|
|t:|1784735272
|move|p2b: Sneasler|Fake Out|p1b: Scrafty
|-damage|p1b: Scrafty|91/100
|-status|p1b: Scrafty|psn|[from] ability: Poison Touch|[of] p2b: Sneasler
|cant|p1b: Scrafty|flinch
|move|p2a: Kingambit|Iron Head|p1a: Aromatisse
|-supereffective|p1a: Aromatisse|1
|-enditem|p1a: Aromatisse|Focus Sash
|-damage|p1a: Aromatisse|1/100
|move|p1a: Aromatisse|Trick Room|p1a: Aromatisse
|-fieldstart|move: Trick Room|[of] p1a: Aromatisse
|
|-damage|p1b: Scrafty|79/100 psn|[from] psn
|upkeep
|turn|2
|
|t:|1784735296
|move|p2a: Kingambit|Protect|p2a: Kingambit
|-singleturn|p2a: Kingambit|Protect
|move|p1b: Scrafty|Upper Hand||[still]
|-fail|p1b: Scrafty
|move|p1a: Aromatisse|Draining Kiss|p2b: Sneasler
|-damage|p2b: Sneasler|65/100
|-heal|p1a: Aromatisse|20/100y|[from] drain|[of] p2b: Sneasler
|move|p2b: Sneasler|Close Combat|p1b: Scrafty
|-supereffective|p1b: Scrafty|1
|-damage|p1b: Scrafty|5/100 psn
|-unboost|p2b: Sneasler|def|1
|-unboost|p2b: Sneasler|spd|1
|
|-damage|p1b: Scrafty|0 fnt|[from] psn
|faint|p1b: Scrafty
|upkeep
|
|t:|1784735310
|switch|p1b: Torkoal|Torkoal, L50, M|100/100
|-weather|SunnyDay|[from] ability: Drought|[of] p1b: Torkoal
|turn|3
|
|t:|1784735326
|switch|p2a: Toxapex|Toxapex, L50, F|100/100
|move|p2b: Sneasler|Protect|p2b: Sneasler
|-singleturn|p2b: Sneasler|Protect
|move|p1b: Torkoal|Eruption|p2b: Sneasler|[spread] p2a
|-activate|p2b: Sneasler|move: Protect
|-resisted|p2a: Toxapex|1
|-crit|p2a: Toxapex
|-damage|p2a: Toxapex|63/100
|move|p1a: Aromatisse|Draining Kiss|p2b: Sneasler
|-activate|p2b: Sneasler|move: Protect
|
|-weather|SunnyDay|[upkeep]
|-heal|p2a: Toxapex|69/100|[from] item: Leftovers
|upkeep
|turn|4
|inactive|qwertlei has 30 seconds left.
|
|t:|1784735355
|move|p1b: Torkoal|Eruption|p2a: Toxapex|[spread] p2a,p2b
|-resisted|p2a: Toxapex|1
|-damage|p2a: Toxapex|47/100
|-damage|p2b: Sneasler|0 fnt
|faint|p2b: Sneasler
|move|p1a: Aromatisse|Moonblast|p2a: Toxapex
|-resisted|p2a: Toxapex|1
|-damage|p2a: Toxapex|28/100
|move|p2a: Toxapex|Toxic|p1b: Torkoal
|-status|p1b: Torkoal|tox
|
|-weather|SunnyDay|[upkeep]
|-heal|p2a: Toxapex|33/100|[from] item: Leftovers
|-damage|p1b: Torkoal|93/100 tox|[from] psn
|upkeep
|
|t:|1784735362
|switch|p2b: Dragonite|Dragonite, L50, M|100/100
|turn|5
|
|t:|1784735381
|move|p1b: Torkoal|Helping Hand|p1a: Aromatisse
|-singleturn|p1a: Aromatisse|Helping Hand|[of] p1b: Torkoal
|move|p2a: Toxapex|Wide Guard|p2a: Toxapex
|-singleturn|p2a: Toxapex|Wide Guard
|move|p2b: Dragonite|Extreme Speed|p1a: Aromatisse
|-damage|p1a: Aromatisse|0 fnt
|faint|p1a: Aromatisse
|-damage|p2b: Dragonite|90/100|[from] item: Life Orb
|
|-weather|SunnyDay|[upkeep]
|-heal|p2a: Toxapex|39/100|[from] item: Leftovers
|-damage|p1b: Torkoal|81/100 tox|[from] psn
|-fieldend|move: Trick Room
|upkeep
|
|t:|1784735405
|switch|p1a: Ampharos|Ampharos, L50, M|100/100
|turn|6
|inactive|qwertlei has 30 seconds left.
|inactive|qwertlei has 20 seconds left.
|inactive|qwertlei has 15 seconds left.
|
|t:|1784735448
|detailschange|p1a: Ampharos|Ampharos-Mega, L50, M
|-mega|p1a: Ampharos|Ampharos|Ampharosite
|-ability|p1a: Ampharos|Mold Breaker
|move|p1b: Torkoal|Protect|p1b: Torkoal
|-singleturn|p1b: Torkoal|Protect
|move|p2b: Dragonite|Dragon Claw|p1a: Ampharos
|-supereffective|p1a: Ampharos|1
|-damage|p1a: Ampharos|0 fnt
|faint|p1a: Ampharos
|-damage|p2b: Dragonite|81/100|[from] item: Life Orb
|move|p2a: Toxapex|Infestation|p1b: Torkoal
|-activate|p1b: Torkoal|move: Protect
|
|-weather|SunnyDay|[upkeep]
|-heal|p2a: Toxapex|45/100|[from] item: Leftovers
|-damage|p1b: Torkoal|62/100 tox|[from] psn
|upkeep
|turn|7
|
|t:|1784735466
|move|p2b: Dragonite|Dragon Claw|p1b: Torkoal
|-damage|p1b: Torkoal|28/100 tox
|-damage|p2b: Dragonite|71/100|[from] item: Life Orb
|move|p2a: Toxapex|Infestation|p1b: Torkoal
|-resisted|p1b: Torkoal|1
|-damage|p1b: Torkoal|26/100 tox
|-activate|p1b: Torkoal|move: Infestation|[of] p2a: Toxapex
|move|p1b: Torkoal|Eruption|p2a: Toxapex|[spread] p2a,p2b
|-resisted|p2a: Toxapex|1
|-resisted|p2b: Dragonite|1
|-crit|p2b: Dragonite
|-damage|p2a: Toxapex|39/100
|-damage|p2b: Dragonite|59/100
|
|-weather|none
|-heal|p2a: Toxapex|45/100|[from] item: Leftovers
|-damage|p1b: Torkoal|1/100 tox|[from] psn
|-damage|p1b: Torkoal|0 fnt|[from] move: Infestation|[partiallytrapped]
|faint|p1b: Torkoal
|
|win|Meowstic Enjoyer
|raw|qwertlei's rating: 1013 → 1002(-11 for losing)
|raw|Meowstic Enjoyer's rating: 1055 → 1083(+28 for winning)
