|j|☆Socriet
|j|☆failandimprove5
|html|Socrietfailandimprove5    
|uhtml|bestof|Game 2 of a best-of-3
|t:|1784746805
|gametype|doubles
|player|p1|Socriet|101|
|player|p2|failandimprove5|2|
|gen|9
|tier|[Gen 9 Champions] VGC 2026 Reg M-B (Bo3)
|rule|Species Clause: Limit one of each Pokémon
|rule|Item Clause: Limit 1 of each item
|clearpoke
|poke|p1|Incineroar, L50, F|
|poke|p1|Gengar, L50, F, shiny|
|poke|p1|Politoed, L50, M, shiny|
|poke|p1|Sinistcha, L50|
|poke|p1|Garchomp, L50, M|
|poke|p1|Palafin, L50, F|
|poke|p2|Kingambit, L50, M|
|poke|p2|Sneasler, L50, F|
|poke|p2|Froslass, L50, F|
|poke|p2|Lycanroc-Dusk, L50, F|
|poke|p2|Basculegion, L50, M|
|poke|p2|Scovillain, L50, M|
|teampreview|4
|showteam|p1|Incineroar||ChopleBerry|Intimidate|Protect,FakeOut,ThroatChop,PartingShot|Sassy||F|||50|]Gengar||Gengarite|CursedBody|PerishSong,Protect,ShadowBall,Disable|Timid||F|||50|]Politoed||SitrusBerry|Drizzle|PerishSong,WeatherBall,Protect,Encore|Calm||M|||50|]Sinistcha||KasibBerry|Hospitality|MatchaGotcha,TrickRoom,Protect,RagePowder|Relaxed|||||50|]Garchomp||LifeOrb|RoughSkin|StompingTantrum,DragonClaw,RockSlide,Protect|Jolly||M|||50|]Palafin||MysticWater|ZerotoHero|CloseCombat,WaveCrash,JetPunch,Protect|Adamant||F|||50|
|showteam|p2|Kingambit||LifeOrb|Defiant|KowtowCleave,SuckerPunch,SwordsDance,Protect|Adamant||M|||50|]Sneasler||WhiteHerb|Unburden|FakeOut,CloseCombat,GunkShot,Protect|Adamant||F|||50|]Froslass||Froslassite|SnowCloak|Blizzard,AuroraVeil,ShadowBall,Protect|Timid||F|||50|]Lycanroc-Dusk||FocusSash|ToughClaws|CloseCombat,RockSlide,Accelerock,Protect|Adamant||F|||50|]Basculegion||SitrusBerry|Adaptability|LastRespects,AquaJet,WaveCrash,Protect|Adamant||M|||50|]Scovillain||Scovillainite|Moody|Overheat,GigaDrain,RagePowder,Protect|Bold||M|||50|
|inactive|Battle timer is ON: inactive players will automatically lose when time's up. (requested by failandimprove5)
|inactive|Socriet has 60 seconds left.
|inactive|failandimprove5 has 60 seconds left.
|
|t:|1784746847
|teamsize|p1|4
|teamsize|p2|4
|start
|switch|p1a: Sinistcha|Sinistcha, L50|100/100
|switch|p1b: Gengar|Gengar, L50, F, shiny|100/100
|switch|p2a: Basculegion|Basculegion, L50, M|100/100
|switch|p2b: Froslass|Froslass, L50, F|100/100
|turn|1
|inactive|Socriet has 30 seconds left.
|inactive|failandimprove5 has 30 seconds left.
|inactive|Socriet has 20 seconds left.
|
|t:|1784746882
|detailschange|p2b: Froslass|Froslass-Mega, L50, F
|-mega|p2b: Froslass|Froslass|Froslassite
|-weather|Snowscape|[from] ability: Snow Warning|[of] p2b: Froslass
|detailschange|p1b: Gengar|Gengar-Mega, L50, F, shiny
|-mega|p1b: Gengar|Gengar|Gengarite
|move|p1a: Sinistcha|Rage Powder|p1a: Sinistcha
|-singleturn|p1a: Sinistcha|move: Rage Powder
|move|p2b: Froslass|Blizzard|p1a: Sinistcha|[spread] p1a,p1b
|-supereffective|p1a: Sinistcha|1
|-damage|p1a: Sinistcha|11/100
|-damage|p1b: Gengar|55/100
|move|p1b: Gengar|Shadow Ball|p2b: Froslass
|-supereffective|p2b: Froslass|1
|-damage|p2b: Froslass|12/100
|move|p2a: Basculegion|Wave Crash|p1a: Sinistcha
|-resisted|p1a: Sinistcha|1
|-damage|p1a: Sinistcha|0 fnt
|faint|p1a: Sinistcha
|-damage|p2a: Basculegion|96/100|[from] Recoil
|
|-weather|Snowscape|[upkeep]
|upkeep
|
|t:|1784746897
|switch|p1a: Politoed|Politoed, L50, M, shiny|100/100
|-weather|RainDance|[from] ability: Drizzle|[of] p1a: Politoed
|turn|2
|inactive|Socriet has 30 seconds left.
|inactive|failandimprove5 has 30 seconds left.
|inactive|Socriet has 20 seconds left.
|inactive|Socriet has 15 seconds left.
|inactive|failandimprove5 has 20 seconds left.
|
|t:|1784746949
|switch|p2b: Kingambit|Kingambit, L50, M|100/100
|move|p1b: Gengar|Disable|p2a: Basculegion
|-start|p2a: Basculegion|Disable|Wave Crash
|move|p1a: Politoed|Perish Song|p1a: Politoed
|-start|p1a: Politoed|perish3|[silent]
|-start|p1b: Gengar|perish3|[silent]
|-start|p2a: Basculegion|perish3|[silent]
|-start|p2b: Kingambit|perish3|[silent]
|-fieldactivate|move: Perish Song
|cant|p2a: Basculegion|Disable|Wave Crash
|
|-weather|RainDance|[upkeep]
|-start|p1b: Gengar|perish3
|-start|p1a: Politoed|perish3
|-start|p2a: Basculegion|perish3
|-start|p2b: Kingambit|perish3
|upkeep
|turn|3
|inactive|Socriet has 30 seconds left.
|inactive|failandimprove5 has 30 seconds left.
|inactive|Socriet has 20 seconds left.
|inactive|failandimprove5 has 20 seconds left.
|inactive|Socriet has 15 seconds left.
|inactive|failandimprove5 has 15 seconds left.
|inactive|Socriet has 10 seconds left.
|
|t:|1784746998
|move|p1b: Gengar|Protect|p1b: Gengar
|-singleturn|p1b: Gengar|Protect
|move|p2b: Kingambit|Protect|p2b: Kingambit
|-singleturn|p2b: Kingambit|Protect
|move|p1a: Politoed|Encore|p2a: Basculegion
|-start|p2a: Basculegion|Encore
|cant|p2a: Basculegion|Disable|Wave Crash
|
|-weather|RainDance|[upkeep]
|-start|p1b: Gengar|perish2
|-start|p1a: Politoed|perish2
|-start|p2a: Basculegion|perish2
|-start|p2b: Kingambit|perish2
|upkeep
|turn|4
|inactive|Socriet has 30 seconds left.
|
|t:|1784747026
|move|p2b: Kingambit|Sucker Punch||[still]
|-fail|p2b: Kingambit
|move|p1b: Gengar|Perish Song||[still]
|-fail|p1b: Gengar
|move|p1a: Politoed|Encore|p2b: Kingambit
|-start|p2b: Kingambit|Encore
|-activate|p2a: Basculegion|move: Struggle
|move|p2a: Basculegion|Struggle|p1b: Gengar
|-damage|p1b: Gengar|36/100
|-damage|p2a: Basculegion|71/100|[from] recoil
|
|-weather|RainDance|[upkeep]
|-start|p1b: Gengar|perish1
|-start|p1a: Politoed|perish1
|-start|p2a: Basculegion|perish1
|-start|p2b: Kingambit|perish1
|upkeep
|turn|5
|
|t:|1784747050
|switch|p1a: Incineroar|Incineroar, L50, F|100/100
|-ability|p1a: Incineroar|Intimidate|boost
|-unboost|p2a: Basculegion|atk|1
|-unboost|p2b: Kingambit|atk|1
|-ability|p2b: Kingambit|Defiant|boost
|-boost|p2b: Kingambit|atk|2
|switch|p2a: Froslass|Froslass-Mega, L50, F|12/100
|-weather|Snowscape|[from] ability: Snow Warning|[of] p2a: Froslass
|move|p2b: Kingambit|Sucker Punch||[still]
|-fail|p2b: Kingambit
|move|p1b: Gengar|Disable|p2b: Kingambit
|-start|p2b: Kingambit|Disable|Sucker Punch
|
|-weather|Snowscape|[upkeep]
|-start|p1b: Gengar|perish0
|-start|p2b: Kingambit|perish0
|upkeep
|faint|p1b: Gengar
|faint|p2b: Kingambit
|
|t:|1784747064
|switch|p1b: Politoed|Politoed, L50, M, shiny|100/100
|switch|p2b: Basculegion|Basculegion, L50, M|71/100
|-weather|RainDance|[from] ability: Drizzle|[of] p1b: Politoed
|turn|6
|
|t:|1784747076
|move|p2b: Basculegion|Protect|p2b: Basculegion
|-singleturn|p2b: Basculegion|Protect
|move|p2a: Froslass|Shadow Ball|p1b: Politoed
|-damage|p1b: Politoed|72/100
|move|p1b: Politoed|Weather Ball|p2b: Basculegion
|-activate|p2b: Basculegion|move: Protect
|move|p1a: Incineroar|Throat Chop|p2b: Basculegion
|-activate|p2b: Basculegion|move: Protect
|
|-weather|RainDance|[upkeep]
|upkeep
|turn|7
|
|t:|1784747094
|switch|p2b: Sneasler|Sneasler, L50, F|100/100
|move|p2a: Froslass|Shadow Ball|p1b: Politoed
|-damage|p1b: Politoed|44/100
|-enditem|p1b: Politoed|Sitrus Berry|[eat]
|-heal|p1b: Politoed|69/100|[from] item: Sitrus Berry
|move|p1b: Politoed|Encore||[still]
|-fail|p1b: Politoed
|move|p1a: Incineroar|Throat Chop|p2a: Froslass
|-supereffective|p2a: Froslass|1
|-damage|p2a: Froslass|0 fnt
|faint|p2a: Froslass
|
|-weather|RainDance|[upkeep]
|upkeep
|
|t:|1784747097
|switch|p2a: Basculegion|Basculegion, L50, M|71/100
|turn|8
|
|t:|1784747115
|move|p1b: Politoed|Protect|p1b: Politoed
|-singleturn|p1b: Politoed|Protect
|move|p1a: Incineroar|Protect|p1a: Incineroar
|-singleturn|p1a: Incineroar|Protect
|move|p2b: Sneasler|Fake Out|p1b: Politoed
|-activate|p1b: Politoed|move: Protect
|move|p2a: Basculegion|Wave Crash|p1a: Incineroar
|-activate|p1a: Incineroar|move: Protect
|
|-weather|RainDance|[upkeep]
|upkeep
|turn|9
|
|t:|1784747129
|move|p2b: Sneasler|Close Combat|p1b: Politoed
|-damage|p1b: Politoed|5/100
|-unboost|p2b: Sneasler|def|1
|-unboost|p2b: Sneasler|spd|1
|-enditem|p2b: Sneasler|White Herb
|-clearnegativeboost|p2b: Sneasler|[silent]
|move|p1b: Politoed|Weather Ball|p2a: Basculegion
|-resisted|p2a: Basculegion|1
|-damage|p2a: Basculegion|47/100
|-enditem|p2a: Basculegion|Sitrus Berry|[eat]
|-heal|p2a: Basculegion|71/100|[from] item: Sitrus Berry
|move|p2a: Basculegion|Wave Crash|p1a: Incineroar
|-supereffective|p1a: Incineroar|1
|-damage|p1a: Incineroar|0 fnt
|faint|p1a: Incineroar
|-damage|p2a: Basculegion|41/100|[from] Recoil
|
|-weather|RainDance|[upkeep]
|upkeep
|turn|10
|c|☆Socriet|ggs
|c|☆failandimprove5|ggs
|-message|Socriet forfeited.
|
|win|failandimprove5
