|j|☆wester7
|j|☆Novacast
|html|wester7Novacast    
|uhtml|bestof|Game 1 of a best-of-3
|t:|1757725337
|gametype|doubles
|player|p1|wester7|1|1202
|player|p2|Novacast|170|1273
|gen|9
|tier|[Gen 9] VGC 2025 Reg H (Bo3)
|rated|
|rule|Species Clause: Limit one of each Pokémon
|rule|Item Clause: Limit 1 of each item
|clearpoke
|poke|p1|Indeedee-F, L50, F|
|poke|p1|Delphox, L50, F|
|poke|p1|Mienshao, L50, F|
|poke|p1|Garchomp, L50, F|
|poke|p1|Gyarados, L50, M|
|poke|p1|Abomasnow, L50, M|
|poke|p2|Baxcalibur, L50, F|
|poke|p2|Rillaboom, L50, M|
|poke|p2|Annihilape, L50, F|
|poke|p2|Pelipper, L50, F|
|poke|p2|Archaludon, L50, M|
|poke|p2|Electabuzz, L50, F|
|teampreview|4
|showteam|p1|Indeedee-F||SafetyGoggles|PsychicSurge|AlluringVoice,FollowMe,HelpingHand,Protect|||F|||50|,,,,,Fairy]Delphox||LifeOrb|Blaze|ExpandingForce,Flamethrower,NastyPlot,Protect|||F|||50|,,,,,Psychic]Mienshao||EjectPack|InnerFocus|FakeOut,CloseCombat,KnockOff,WideGuard|||F|||50|,,,,,Dark]Garchomp||AssaultVest|RoughSkin|Earthquake,StompingTantrum,DragonClaw,RockSlide|||F|||50|,,,,,Fire]Gyarados||CovertCloak|Intimidate|Waterfall,Taunt,ThunderWave,HelpingHand|||M|||50|,,,,,Steel]Abomasnow||LightClay|SnowWarning|Blizzard,EnergyBall,AuroraVeil,Protect|||M|||50|,,,,,Water
|showteam|p2|Baxcalibur||LoadedDice|ThermalExchange|IcicleSpear,ScaleShot,SwordsDance,Protect|||F|||50|,,,,,Poison]Rillaboom||MiracleSeed|GrassySurge|WoodHammer,GrassyGlide,HighHorsepower,FakeOut|||M|||50|,,,,,Fire]Annihilape||FocusSash|Defiant|CloseCombat,RageFist,Coaching,FinalGambit|||F|||50|,,,,,Grass]Pelipper||CovertCloak|Drizzle|WeatherBall,Hurricane,Tailwind,Protect|||F|||50|,,,,,Ghost]Archaludon||AssaultVest|Stamina|ElectroShot,DragonPulse,FlashCannon,BodyPress|||M|||50|,,,,,Bug]Electabuzz||Eviolite|VitalSpirit|Thunderbolt,Taunt,FollowMe,Protect|||F|||50|,,,,,Ghost
|inactive|Battle timer is ON: inactive players will automatically lose when time's up. (requested by Novacast)
|inactive|wester7 has 60 seconds left.
|inactive|Novacast has 60 seconds left.
|inactive|Novacast has 30 seconds left.
|
|t:|1757725408
|teamsize|p1|4
|teamsize|p2|4
|start
|switch|p1a: Mienshao|Mienshao, L50, F|100/100
|switch|p1b: Garchomp|Garchomp, L50, F|100/100
|switch|p2a: Archaludon|Archaludon, L50, M|100/100
|switch|p2b: Pelipper|Pelipper, L50, F|100/100
|-weather|RainDance|[from] ability: Drizzle|[of] p2b: Pelipper
|turn|1
|inactive|wester7 has 30 seconds left.
|inactive|Novacast has 30 seconds left.
|
|t:|1757725440
|-terastallize|p1b: Garchomp|Fire
|-terastallize|p2a: Archaludon|Bug
|move|p1a: Mienshao|Close Combat|p2a: Archaludon
|-resisted|p2a: Archaludon
|-damage|p2a: Archaludon|79/100
|-unboost|p1a: Mienshao|def|1
|-unboost|p1a: Mienshao|spd|1
|-ability|p2a: Archaludon|Stamina|boost
|-boost|p2a: Archaludon|def|1
|-enditem|p1a: Mienshao|Eject Pack
|
|t:|1757725446
|switch|p1a: Abomasnow|Abomasnow, L50, M|100/100
|-weather|Snowscape|[from] ability: Snow Warning|[of] p1a: Abomasnow
|move|p1b: Garchomp|Dragon Claw|p2b: Pelipper
|-damage|p2b: Pelipper|57/100
|move|p2a: Archaludon|Electro Shot||[still]
|-prepare|p2a: Archaludon|Electro Shot
|-boost|p2a: Archaludon|spa|1
|move|p2b: Pelipper|Tailwind|p2b: Pelipper
|-sidestart|p2: Novacast|move: Tailwind
|
|-weather|Snowscape|[upkeep]
|upkeep
|turn|2
|
|t:|1757725471
|switch|p2b: Rillaboom|Rillaboom, L50, M, shiny|100/100
|-fieldstart|move: Grassy Terrain|[from] ability: Grassy Surge|[of] p2b: Rillaboom
|move|p2a: Archaludon|Electro Shot|p1a: Abomasnow|[from] lockedmove
|-resisted|p1a: Abomasnow
|-damage|p1a: Abomasnow|67/100
|move|p1b: Garchomp|Rock Slide|p2a: Archaludon|[spread] p2a,p2b
|-supereffective|p2a: Archaludon
|-damage|p2a: Archaludon|63/100
|-damage|p2b: Rillaboom|83/100
|-ability|p2a: Archaludon|Stamina|boost
|-boost|p2a: Archaludon|def|1
|move|p1a: Abomasnow|Aurora Veil|p1a: Abomasnow
|-sidestart|p1: wester7|move: Aurora Veil
|
|-weather|Snowscape|[upkeep]
|-heal|p2b: Rillaboom|89/100|[from] Grassy Terrain
|-heal|p2a: Archaludon|69/100|[from] Grassy Terrain
|-heal|p1a: Abomasnow|73/100|[from] Grassy Terrain
|upkeep
|turn|3
|inactive|wester7 has 30 seconds left.
|
|t:|1757725506
|switch|p2b: Pelipper|Pelipper, L50, F|57/100
|-weather|RainDance|[from] ability: Drizzle|[of] p2b: Pelipper
|switch|p1a: Indeedee|Indeedee-F, L50, F|100/100
|-fieldstart|move: Psychic Terrain|[from] ability: Psychic Surge|[of] p1a: Indeedee
|move|p2a: Archaludon|Electro Shot||[still]
|-prepare|p2a: Archaludon|Electro Shot
|-boost|p2a: Archaludon|spa|1
|-anim|p2a: Archaludon|Electro Shot|p1b: Garchomp
|-damage|p1b: Garchomp|59/100
|move|p1b: Garchomp|Rock Slide|p2a: Archaludon|[spread] p2a,p2b
|-supereffective|p2a: Archaludon
|-crit|p2a: Archaludon
|-supereffective|p2b: Pelipper
|-damage|p2a: Archaludon|28/100
|-damage|p2b: Pelipper|16/100
|-ability|p2a: Archaludon|Stamina|boost
|-boost|p2a: Archaludon|def|1
|
|-weather|RainDance|[upkeep]
|upkeep
|turn|4
|inactive|wester7 has 30 seconds left.
|inactive|Novacast has 30 seconds left.
|inactive|wester7 has 20 seconds left.
|inactive|Novacast has 20 seconds left.
|inactive|Novacast has 15 seconds left.
|
|t:|1757725547
|switch|p2b: Rillaboom|Rillaboom, L50, M, shiny|89/100
|-fieldstart|move: Grassy Terrain|[from] ability: Grassy Surge|[of] p2b: Rillaboom
|switch|p1a: Abomasnow|Abomasnow, L50, M|73/100
|-weather|Snowscape|[from] ability: Snow Warning|[of] p1a: Abomasnow
|move|p2a: Archaludon|Dragon Pulse|p1b: Garchomp
|-crit|p1b: Garchomp
|-damage|p1b: Garchomp|0 fnt
|faint|p1b: Garchomp
|
|-weather|Snowscape|[upkeep]
|-heal|p2b: Rillaboom|95/100|[from] Grassy Terrain
|-heal|p2a: Archaludon|35/100|[from] Grassy Terrain
|-heal|p1a: Abomasnow|79/100|[from] Grassy Terrain
|-sideend|p2: Novacast|move: Tailwind
|upkeep
|
|t:|1757725567
|switch|p1b: Mienshao|Mienshao, L50, F|100/100
|turn|5
|inactive|Novacast has 30 seconds left.
|
|t:|1757725602
|move|p1b: Mienshao|Fake Out|p2b: Rillaboom
|-damage|p2b: Rillaboom|80/100
|cant|p2b: Rillaboom|flinch
|move|p2a: Archaludon|Flash Cannon|p1a: Abomasnow
|-supereffective|p1a: Abomasnow
|-damage|p1a: Abomasnow|0 fnt
|faint|p1a: Abomasnow
|
|-weather|Snowscape|[upkeep]
|-heal|p2b: Rillaboom|86/100|[from] Grassy Terrain
|-heal|p2a: Archaludon|41/100|[from] Grassy Terrain
|upkeep
|
|t:|1757725610
|switch|p1a: Indeedee|Indeedee-F, L50, F|100/100
|-fieldstart|move: Psychic Terrain|[from] ability: Psychic Surge|[of] p1a: Indeedee
|turn|6
|
|t:|1757725617
|switch|p2b: Pelipper|Pelipper, L50, F|16/100
|-weather|RainDance|[from] ability: Drizzle|[of] p2b: Pelipper
|move|p1b: Mienshao|Knock Off|p2a: Archaludon
|-damage|p2a: Archaludon|30/100
|-ability|p2a: Archaludon|Stamina|boost
|-boost|p2a: Archaludon|def|1
|-enditem|p2a: Archaludon|Assault Vest|[from] move: Knock Off|[of] p1b: Mienshao
|move|p2a: Archaludon|Electro Shot||[still]
|-prepare|p2a: Archaludon|Electro Shot
|-boost|p2a: Archaludon|spa|1
|-anim|p2a: Archaludon|Electro Shot|p1b: Mienshao
|-damage|p1b: Mienshao|0 fnt
|faint|p1b: Mienshao
|move|p1a: Indeedee|Alluring Voice|p2a: Archaludon
|-damage|p2a: Archaludon|10/100
|-start|p2a: Archaludon|confusion
|-ability|p2a: Archaludon|Stamina|boost
|-boost|p2a: Archaludon|def|1
|
|-weather|RainDance|[upkeep]
|upkeep
|turn|7
|inactive|Novacast has 30 seconds left.
|inactive|Novacast has 20 seconds left.
|inactive|Novacast has 15 seconds left.
|inactive|Novacast has 10 seconds left.
|
|t:|1757725666
|-activate|p2a: Archaludon|confusion
|move|p2a: Archaludon|Electro Shot||[still]
|-prepare|p2a: Archaludon|Electro Shot
|-boost|p2a: Archaludon|spa|1
|-anim|p2a: Archaludon|Electro Shot|p1a: Indeedee
|-damage|p1a: Indeedee|21/100
|move|p1a: Indeedee|Alluring Voice|p2b: Pelipper
|-damage|p2b: Pelipper|0 fnt
|faint|p2b: Pelipper
|
|-weather|RainDance|[upkeep]
|upkeep
|
|t:|1757725673
|switch|p2b: Rillaboom|Rillaboom, L50, M, shiny|86/100
|-fieldstart|move: Grassy Terrain|[from] ability: Grassy Surge|[of] p2b: Rillaboom
|turn|8
|
|t:|1757725677
|move|p2b: Rillaboom|Wood Hammer|p1a: Indeedee
|-crit|p1a: Indeedee
|-damage|p1a: Indeedee|0 fnt
|faint|p1a: Indeedee
|-damage|p2b: Rillaboom|80/100|[from] Recoil
|
|win|Novacast
||wester7 is ready for game 2.
||Novacast is ready for game 2.
|uhtml|next|Next: Game 2 of 3
|l|☆Novacast
|player|p2|
|l|☆wester7
|player|p1|
