|j|☆hideinarea0
|j|☆mike6972
|html|hideinarea0mike6972    
|uhtml|bestof|Game 2 of a best-of-3
|t:|1756834694
|gametype|doubles
|player|p1|hideinarea0|brawly|1179
|player|p2|mike6972|265|1082
|gen|9
|tier|[Gen 9] VGC 2025 Reg H (Bo3)
|rated|
|rule|Species Clause: Limit one of each Pokémon
|rule|Item Clause: Limit 1 of each item
|clearpoke
|poke|p1|Dragonite, L50, F|
|poke|p1|Gholdengo, L50|
|poke|p1|Ursaluna-Bloodmoon, L50, M|
|poke|p1|Annihilape, L50, F|
|poke|p1|Maushold-Four, L50|
|poke|p1|Rillaboom, L50, M|
|poke|p2|Basculegion, L50, M|
|poke|p2|Archaludon, L50, F|
|poke|p2|Pelipper, L50, F|
|poke|p2|Dragonite, L50, F|
|poke|p2|Gholdengo, L50|
|poke|p2|Incineroar, L50, M|
|teampreview|4
|showteam|p1|Dragonite||LoadedDice|Multiscale|ScaleShot,Tailwind,Haze,Protect|||F|||50|,,,,,Fairy]Gholdengo||LifeOrb|GoodasGold|MakeItRain,ShadowBall,NastyPlot,Protect||||||50|,,,,,Water]Ursaluna-Bloodmoon||AssaultVest|MindsEye|BloodMoon,EarthPower,HyperVoice,VacuumWave|||M|||50|,,,,,Water]Annihilape||SitrusBerry|Defiant|DrainPunch,RageFist,BulkUp,Protect|||F|||50|,,,,,Fire]Maushold-Four||FocusSash|FriendGuard|SuperFang,BeatUp,FollowMe,Protect||||||50|,,,,,Ghost]Rillaboom||MiracleSeed|GrassySurge|WoodHammer,GrassyGlide,HighHorsepower,FakeOut|||M|||50|,,,,,Fire
|showteam|p2|Basculegion||LifeOrb|SwiftSwim|AquaJet,WaveCrash,LastRespects,Protect|||M|||50|,,,,,Water]Archaludon||AssaultVest|Stamina|DracoMeteor,ElectroShot,Snarl,BodyPress|||F|||50|,,,,,Grass]Pelipper||FocusSash|Drizzle|Protect,Tailwind,WeatherBall,Hurricane|||F|||50|,,,,,Ghost]Dragonite||LoadedDice|Multiscale|Haze,Protect,ScaleShot,ExtremeSpeed|||F|||50|,,,,,Fairy]Gholdengo||MetalCoat|GoodasGold|NastyPlot,ShadowBall,MakeItRain,Protect||||||50|,,,,,Dragon]Incineroar||SafetyGoggles|Intimidate|FakeOut,KnockOff,Taunt,PartingShot|||M|||50|,,,,,Ghost
|inactive|Battle timer is ON: inactive players will automatically lose when time's up. (requested by hideinarea0)
|
|t:|1756834725
|teamsize|p1|4
|teamsize|p2|4
|start
|switch|p1a: Dragonite|Dragonite, L50, F|100/100
|switch|p1b: Gholdengo|Gholdengo, L50|100/100
|switch|p2a: Archaludon|Archaludon, L50, F|100/100
|switch|p2b: Pelipper|Pelipper, L50, F|100/100
|-weather|RainDance|[from] ability: Drizzle|[of] p2b: Pelipper
|turn|1
|inactive|hideinarea0 has 30 seconds left.
|inactive|hideinarea0 has 20 seconds left.
|
|t:|1756834762
|move|p1b: Gholdengo|Nasty Plot|p1b: Gholdengo
|-boost|p1b: Gholdengo|spa|2
|move|p1a: Dragonite|Scale Shot|p2b: Pelipper
|-damage|p2b: Pelipper|83/100
|-damage|p2b: Pelipper|66/100
|-damage|p2b: Pelipper|46/100
|-damage|p2b: Pelipper|27/100
|-damage|p2b: Pelipper|8/100
|-hitcount|p2b: Pelipper|5
|-unboost|p1a: Dragonite|def|1
|-boost|p1a: Dragonite|spe|1
|move|p2b: Pelipper|Tailwind|p2b: Pelipper
|-sidestart|p2: mike6972|move: Tailwind
|move|p2a: Archaludon|Snarl|p1b: Gholdengo|[spread] p1b
|-miss|p2a: Archaludon|p1a: Dragonite
|-supereffective|p1b: Gholdengo
|-damage|p1b: Gholdengo|71/100
|-unboost|p1b: Gholdengo|spa|1
|
|-weather|RainDance|[upkeep]
|upkeep
|turn|2
|inactive|hideinarea0 has 30 seconds left.
|inactive|mike6972 has 30 seconds left.
|inactive|hideinarea0 has 20 seconds left.
|inactive|hideinarea0 has 15 seconds left.
|inactive|hideinarea0 has 10 seconds left.
|inactive|hideinarea0 has 5 seconds left.
|
|t:|1756834815
|switch|p2b: Incineroar|Incineroar, L50, M|100/100
|-ability|p2b: Incineroar|Intimidate|boost
|-unboost|p1a: Dragonite|atk|1
|-unboost|p1b: Gholdengo|atk|1
|move|p1a: Dragonite|Protect|p1a: Dragonite
|-singleturn|p1a: Dragonite|Protect
|move|p2a: Archaludon|Electro Shot||[still]
|-prepare|p2a: Archaludon|Electro Shot
|-boost|p2a: Archaludon|spa|1
|-anim|p2a: Archaludon|Electro Shot|p1a: Dragonite
|-activate|p1a: Dragonite|move: Protect
|move|p1b: Gholdengo|Make It Rain|p2b: Incineroar|[spread] p2a,p2b
|-resisted|p2a: Archaludon
|-resisted|p2b: Incineroar
|-damage|p2a: Archaludon|72/100
|-damage|p2b: Incineroar|69/100
|-unboost|p1b: Gholdengo|spa|1
|-ability|p2a: Archaludon|Stamina|boost
|-boost|p2a: Archaludon|def|1
|-damage|p1b: Gholdengo|62/100|[from] item: Life Orb
|
|-weather|RainDance|[upkeep]
|upkeep
|turn|3
|inactive|hideinarea0 has 30 seconds left.
|
|t:|1756834843
|switch|p1b: Ursaluna|Ursaluna-Bloodmoon, L50, M|100/100
|move|p2a: Archaludon|Snarl|p1b: Ursaluna|[spread] p1a,p1b
|-damage|p1a: Dragonite|92/100
|-damage|p1b: Ursaluna|86/100
|-unboost|p1a: Dragonite|spa|1
|-unboost|p1b: Ursaluna|spa|1
|move|p1a: Dragonite|Tailwind|p1a: Dragonite
|-sidestart|p1: hideinarea0|move: Tailwind
|move|p2b: Incineroar|Knock Off|p1a: Dragonite
|-damage|p1a: Dragonite|23/100
|-enditem|p1a: Dragonite|Loaded Dice|[from] move: Knock Off|[of] p2b: Incineroar
|
|-weather|RainDance|[upkeep]
|upkeep
|turn|4
|
|t:|1756834866
|move|p1a: Dragonite|Haze|p1a: Dragonite
|-clearallboost
|move|p2a: Archaludon|Snarl|p1b: Ursaluna|[spread] p1b
|-miss|p2a: Archaludon|p1a: Dragonite
|-crit|p1b: Ursaluna
|-damage|p1b: Ursaluna|72/100
|-unboost|p1b: Ursaluna|spa|1
|move|p2b: Incineroar|Parting Shot|p1b: Ursaluna
|-unboost|p1b: Ursaluna|atk|1
|-unboost|p1b: Ursaluna|spa|1
|
|t:|1756834878
|switch|p2b: Basculegion|Basculegion, L50, M|100/100|[from] Parting Shot
|move|p1b: Ursaluna|Earth Power|p2b: Basculegion
|-crit|p2b: Basculegion
|-damage|p2b: Basculegion|18/100
|
|-weather|RainDance|[upkeep]
|-sideend|p2: mike6972|move: Tailwind
|upkeep
|turn|5
|inactive|hideinarea0 has 30 seconds left.
|inactive|mike6972 has 30 seconds left.
|inactive|hideinarea0 has 20 seconds left.
|
|t:|1756834916
|-terastallize|p2b: Basculegion|Water
|move|p2b: Basculegion|Wave Crash|p1b: Ursaluna
|-supereffective|p1b: Ursaluna
|-damage|p1b: Ursaluna|0 fnt
|faint|p1b: Ursaluna
|-damage|p2b: Basculegion|0 fnt|[from] Recoil
|faint|p2b: Basculegion
|move|p1a: Dragonite|Scale Shot|p2a: Archaludon|[miss]
|-miss|p1a: Dragonite|p2a: Archaludon
|move|p2a: Archaludon|Electro Shot||[still]
|-prepare|p2a: Archaludon|Electro Shot
|-boost|p2a: Archaludon|spa|1
|-anim|p2a: Archaludon|Electro Shot|p1a: Dragonite
|-damage|p1a: Dragonite|0 fnt
|faint|p1a: Dragonite
|
|-weather|none
|upkeep
|
|t:|1756834928
|switch|p2b: Pelipper|Pelipper, L50, F|8/100
|switch|p1a: Rillaboom|Rillaboom, L50, M|100/100
|switch|p1b: Gholdengo|Gholdengo, L50|62/100
|-fieldstart|move: Grassy Terrain|[from] ability: Grassy Surge|[of] p1a: Rillaboom
|-weather|RainDance|[from] ability: Drizzle|[of] p2b: Pelipper
|turn|6
|
|t:|1756834942
|switch|p2b: Incineroar|Incineroar, L50, M|69/100
|-ability|p2b: Incineroar|Intimidate|boost
|-unboost|p1a: Rillaboom|atk|1
|-unboost|p1b: Gholdengo|atk|1
|-terastallize|p1b: Gholdengo|Water
|move|p1b: Gholdengo|Shadow Ball|p2a: Archaludon
|-damage|p2a: Archaludon|36/100
|-unboost|p2a: Archaludon|spd|1
|-ability|p2a: Archaludon|Stamina|boost
|-boost|p2a: Archaludon|def|1
|-damage|p1b: Gholdengo|52/100|[from] item: Life Orb
|move|p1a: Rillaboom|High Horsepower|p2a: Archaludon
|-supereffective|p2a: Archaludon
|-damage|p2a: Archaludon|16/100
|-ability|p2a: Archaludon|Stamina|boost
|-boost|p2a: Archaludon|def|1
|move|p2a: Archaludon|Snarl|p1a: Rillaboom|[spread] p1a,p1b
|-damage|p1a: Rillaboom|77/100
|-damage|p1b: Gholdengo|32/100
|-unboost|p1a: Rillaboom|spa|1
|-unboost|p1b: Gholdengo|spa|1
|
|-weather|RainDance|[upkeep]
|-heal|p1b: Gholdengo|38/100|[from] Grassy Terrain
|-heal|p1a: Rillaboom|83/100|[from] Grassy Terrain
|-heal|p2a: Archaludon|22/100|[from] Grassy Terrain
|-heal|p2b: Incineroar|75/100|[from] Grassy Terrain
|-sideend|p1: hideinarea0|move: Tailwind
|upkeep
|turn|7
|inactive|mike6972 has 30 seconds left.
|inactive|mike6972 has 20 seconds left.
|
|t:|1756834977
|move|p1b: Gholdengo|Protect|p1b: Gholdengo
|-singleturn|p1b: Gholdengo|Protect
|move|p1a: Rillaboom|High Horsepower|p2a: Archaludon
|-supereffective|p2a: Archaludon
|-damage|p2a: Archaludon|4/100
|-ability|p2a: Archaludon|Stamina|boost
|-boost|p2a: Archaludon|def|1
|move|p2a: Archaludon|Body Press|p1a: Rillaboom
|-damage|p1a: Rillaboom|28/100
|move|p2b: Incineroar|Knock Off|p1a: Rillaboom
|-damage|p1a: Rillaboom|0 fnt
|-enditem|p1a: Rillaboom|Miracle Seed|[from] move: Knock Off|[of] p2b: Incineroar
|faint|p1a: Rillaboom
|
|-weather|RainDance|[upkeep]
|-heal|p1b: Gholdengo|44/100|[from] Grassy Terrain
|-heal|p2a: Archaludon|10/100|[from] Grassy Terrain
|-heal|p2b: Incineroar|81/100|[from] Grassy Terrain
|upkeep
|turn|8
|
|t:|1756834994
|move|p1b: Gholdengo|Make It Rain|p2a: Archaludon|[spread] p2a,p2b
|-resisted|p2a: Archaludon
|-resisted|p2b: Incineroar
|-damage|p2a: Archaludon|0 fnt
|-damage|p2b: Incineroar|66/100
|-unboost|p1b: Gholdengo|spa|1
|faint|p2a: Archaludon
|-damage|p1b: Gholdengo|34/100|[from] item: Life Orb
|move|p2b: Incineroar|Knock Off|p1b: Gholdengo
|-damage|p1b: Gholdengo|0 fnt
|-enditem|p1b: Gholdengo|Life Orb|[from] move: Knock Off|[of] p2b: Incineroar
|faint|p1b: Gholdengo
|
|win|mike6972
|raw|hideinarea0's rating: 1179 → 1147(-32 for losing)
|raw|mike6972's rating: 1082 → 1117(+35 for winning)
