|j|☆Typ.Null07
|j|☆Mortipherus
|html|Typ.Null07Mortipherus    
|uhtml|bestof|Game 1 of a best-of-3
|t:|1757156542
|gametype|doubles
|player|p1|Typ.Null07|victor-dojo|
|player|p2|Mortipherus|biker-gen4|
|gen|9
|tier|[Gen 9] VGC 2025 Reg H (Bo3)
|rule|Species Clause: Limit one of each Pokémon
|rule|Item Clause: Limit 1 of each item
|clearpoke
|poke|p1|Volcarona, L50, M|
|poke|p1|Rillaboom, L50, F|
|poke|p1|Ursaluna, L50, M|
|poke|p1|Dragapult, L50, M|
|poke|p1|Farigiraf, L50, F|
|poke|p1|Incineroar, L50, M|
|poke|p2|Hydrapple, L50, M|
|poke|p2|Arcanine-Hisui, L50, M|
|poke|p2|Gholdengo, L50|
|poke|p2|Electabuzz, L50, M|
|poke|p2|Indeedee, L50, M|
|poke|p2|Sneasler, L50, M|
|teampreview|4
|showteam|p1|Volcarona||GrassySeed|FlameBody|FieryDance,GigaDrain,QuiverDance,Protect|||M|||50|,,,,,Grass]Rillaboom||AssaultVest|GrassySurge|WoodHammer,GrassyGlide,Uturn,FakeOut|||F|||50|,,,,,Fire]Ursaluna||FlameOrb|Guts|Facade,HeadlongRush,Substitute,Protect|||M|||50|,,,,,Ghost]Dragapult||ChoiceBand|ClearBody|DragonDarts,PhantomForce,Outrage,Uturn|||M|||50|,,,,,Dragon]Farigiraf||ThroatSpray|ArmorTail|HyperVoice,PsychicNoise,Roar,TrickRoom|||F|||50|,,,,,Water]Incineroar||SafetyGoggles|Intimidate|FlareBlitz,KnockOff,FakeOut,PartingShot|||M|||50|,,,,,Water
|showteam|p2|Hydrapple||AssaultVest|Regenerator|FickleBeam,EnergyBall,EarthPower,BreakingSwipe|||M|||50|,,,,,Ground]Arcanine-Hisui||ClearAmulet|Intimidate|Protect,ExtremeSpeed,FlareBlitz,RockSlide|||M|||50|,,,,,Grass]Gholdengo||LifeOrb|GoodasGold|Protect,NastyPlot,MakeItRain,ShadowBall||||||50|,,,,,Water]Electabuzz||Eviolite|VitalSpirit|Protect,FollowMe,Taunt,Electroweb|||M|||50|,,,,,Dragon]Indeedee||FocusSash|PsychicSurge|Protect,TrickRoom,ExpandingForce,TeraBlast|||M|||50|,,,,,Ground]Sneasler||PsychicSeed|Unburden|Protect,ThroatChop,DireClaw,CloseCombat|||M|||50|,,,,,Dark
|inactive|Battle timer is ON: inactive players will automatically lose when time's up. (requested by Typ.Null07)
|c|☆Typ.Null07|glhf
|c|☆Mortipherus|thx u2
|inactive|Typ.Null07 has 60 seconds left.
|
|t:|1757156593
|teamsize|p1|4
|teamsize|p2|4
|start
|switch|p1a: Volcarona|Volcarona, L50, M|100/100
|switch|p1b: Rillaboom|Rillaboom, L50, F|100/100
|switch|p2a: Hot Dog|Arcanine-Hisui, L50, M|100/100
|switch|p2b: Stew|Sneasler, L50, M|100/100
|-ability|p2a: Hot Dog|Intimidate|boost
|-unboost|p1a: Volcarona|atk|1
|-unboost|p1b: Rillaboom|atk|1
|-fieldstart|move: Grassy Terrain|[from] ability: Grassy Surge|[of] p1b: Rillaboom
|-enditem|p1a: Volcarona|Grassy Seed
|-boost|p1a: Volcarona|def|1|[from] item: Grassy Seed
|turn|1
|
|t:|1757156615
|move|p1a: Volcarona|Protect|p1a: Volcarona
|-singleturn|p1a: Volcarona|Protect
|move|p2b: Stew|Dire Claw|p1b: Rillaboom
|-supereffective|p1b: Rillaboom
|-damage|p1b: Rillaboom|22/100
|move|p2a: Hot Dog|Rock Slide|p1a: Volcarona|[spread] p1b
|-activate|p1a: Volcarona|move: Protect
|-damage|p1b: Rillaboom|0 fnt
|faint|p1b: Rillaboom
|
|upkeep
|
|t:|1757156624
|switch|p1b: Incineroar|Incineroar, L50, M, shiny|100/100
|-ability|p1b: Incineroar|Intimidate|boost
|-fail|p2a: Hot Dog|unboost|[from] item: Clear Amulet|[of] p2a: Hot Dog
|-unboost|p2b: Stew|atk|1
|turn|2
|
|t:|1757156638
|switch|p2b: Caramel|Indeedee, L50, M|100/100
|-fieldstart|move: Psychic Terrain|[from] ability: Psychic Surge|[of] p2b: Caramel
|switch|p1b: Dragapult|Dragapult, L50, M|100/100
|-terastallize|p1a: Volcarona|Grass
|move|p1a: Volcarona|Quiver Dance|p1a: Volcarona
|-boost|p1a: Volcarona|spa|1
|-boost|p1a: Volcarona|spd|1
|-boost|p1a: Volcarona|spe|1
|move|p2a: Hot Dog|Rock Slide|p1a: Volcarona|[spread] p1a
|-miss|p2a: Hot Dog|p1b: Dragapult
|-crit|p1a: Volcarona
|-damage|p1a: Volcarona|52/100
|
|upkeep
|turn|3
|inactive|Typ.Null07 has 30 seconds left.
|
|t:|1757156665
|move|p1b: Dragapult|Dragon Darts|p2a: Hot Dog
|-damage|p2a: Hot Dog|63/100
|-anim|p1b: Dragapult|Dragon Darts|p2b: Caramel
|-crit|p2b: Caramel
|-enditem|p2b: Caramel|Focus Sash
|-damage|p2b: Caramel|1/100
|move|p1a: Volcarona|Giga Drain|p2a: Hot Dog
|-damage|p2a: Hot Dog|5/100
|-heal|p1a: Volcarona|81/100|[from] drain|[of] p2a: Hot Dog
|move|p2b: Caramel|Expanding Force|p1b: Dragapult|[spread] p1a,p1b
|-damage|p1a: Volcarona|49/100
|-damage|p1b: Dragapult|30/100
|move|p2a: Hot Dog|Rock Slide|p1b: Dragapult|[spread] p1b
|-miss|p2a: Hot Dog|p1a: Volcarona
|-damage|p1b: Dragapult|0 fnt
|faint|p1b: Dragapult
|
|upkeep
|
|t:|1757156673
|switch|p1b: Incineroar|Incineroar, L50, M, shiny|100/100
|-ability|p1b: Incineroar|Intimidate|boost
|-fail|p2a: Hot Dog|unboost|[from] item: Clear Amulet|[of] p2a: Hot Dog
|-unboost|p2b: Caramel|atk|1
|turn|4
|
|t:|1757156689
|switch|p2a: Stew|Sneasler, L50, M|100/100
|-enditem|p2a: Stew|Psychic Seed
|-boost|p2a: Stew|spd|1|[from] item: Psychic Seed
|move|p1a: Volcarona|Giga Drain|p2a: Stew
|-resisted|p2a: Stew
|-damage|p2a: Stew|77/100
|-heal|p1a: Volcarona|60/100|[from] drain|[of] p2a: Stew
|move|p2b: Caramel|Expanding Force|p1b: Incineroar|[spread] p1a
|-immune|p1b: Incineroar
|-damage|p1a: Volcarona|30/100
|move|p1b: Incineroar|Knock Off|p2b: Caramel
|-supereffective|p2b: Caramel
|-damage|p2b: Caramel|0 fnt
|faint|p2b: Caramel
|
|upkeep
|
|t:|1757156703
|switch|p2b: Hot Dog|Arcanine-Hisui, L50, M|5/100
|-ability|p2b: Hot Dog|Intimidate|boost
|-unboost|p1a: Volcarona|atk|1
|-unboost|p1b: Incineroar|atk|1
|turn|5
|
|t:|1757156711
|move|p1a: Volcarona|Protect|p1a: Volcarona
|-singleturn|p1a: Volcarona|Protect
|move|p2a: Stew|Close Combat|p1b: Incineroar
|-supereffective|p1b: Incineroar
|-damage|p1b: Incineroar|0 fnt
|-unboost|p2a: Stew|def|1
|-unboost|p2a: Stew|spd|1
|faint|p1b: Incineroar
|move|p2b: Hot Dog|Flare Blitz|p1a: Volcarona
|-activate|p1a: Volcarona|move: Protect
|
|upkeep
|turn|6
|
|t:|1757156727
|move|p2a: Stew|Dire Claw|p1a: Volcarona
|-supereffective|p1a: Volcarona
|-damage|p1a: Volcarona|0 fnt
|-status|p2a: Stew|brn|[from] ability: Flame Body|[of] p1a: Volcarona
|faint|p1a: Volcarona
|
|win|Mortipherus
||Typ.Null07 is ready for game 2.
