|j|☆NemoAK
|j|☆dabean16
|html|NemoAKdabean16    
|uhtml|bestof|Game 1 of a best-of-3
|t:|1783053729
|gametype|doubles
|player|p1|NemoAK|101|1250
|player|p2|dabean16|2|1227
|gen|9
|tier|[Gen 9 Champions] VGC 2026 Reg M-B (Bo3)
|rated|
|rule|Species Clause: Limit one of each Pokémon
|rule|Item Clause: Limit 1 of each item
|clearpoke
|poke|p1|Charizard, L50, M|
|poke|p1|Whimsicott, L50, M|
|poke|p1|Basculegion, L50, M|
|poke|p1|Farigiraf, L50, M|
|poke|p1|Garchomp, L50, M|
|poke|p1|Staraptor, L50, M|
|poke|p2|Dragonite, L50, M, shiny|
|poke|p2|Scizor, L50, M|
|poke|p2|Incineroar, L50, F|
|poke|p2|Pelipper, L50, M, shiny|
|poke|p2|Basculegion, L50, M, shiny|
|poke|p2|Archaludon, L50, M|
|teampreview|4
|showteam|p1|Charizard||CharizarditeY|Blaze|HeatWave,WeatherBall,SolarBeam,Protect|Modest||M|||50|]Whimsicott||MentalHerb|Prankster|Moonblast,Tailwind,Protect,Tickle|Timid||M|||50|]Basculegion||ChoiceScarf|Adaptability|LastRespects,WaveCrash,AquaJet,FlipTurn|Adamant||M|||50|]Farigiraf||SitrusBerry|ArmorTail|Psychic,HyperVoice,TrickRoom,HelpingHand|Quiet||M|||50|]Garchomp||LifeOrb|RoughSkin|Earthquake,RockSlide,ScaleShot,Protect|Jolly||M|||50|]Staraptor||Staraptite|Intimidate|CloseCombat,BraveBird,Roost,Protect|Jolly||M|||50|
|showteam|p2|Dragonite||Dragoninite|Multiscale|Tailwind,Protect,DragonPulse,Flamethrower|Modest||M|||50|]Scizor||Scizorite|Technician|Protect,SwordsDance,CloseCombat,BulletPunch|Adamant||M|||50|]Incineroar||SitrusBerry|Intimidate|FakeOut,ThroatChop,PartingShot,FlareBlitz|Careful||F|||50|]Pelipper||FocusSash|Drizzle|Tailwind,Hurricane,WeatherBall,Protect|Modest||M|||50|]Basculegion||ChoiceScarf|Adaptability|LastRespects,WaveCrash,FlipTurn,AquaJet|Adamant||M|||50|]Archaludon||ChopleBerry|Stamina|ElectroShot,Protect,DragonPulse,AuraSphere|Calm||M|||50|
|inactive|Battle timer is ON: inactive players will automatically lose when time's up. (requested by NemoAK)
|l|☆NemoAK
|inactive|NemoAK disconnected and has a minute to reconnect!
|player|p1|
|inactive|dabean16 has 60 seconds left.
|j|☆NemoAK
|inactive|NemoAK reconnected.
|player|p1|NemoAK|101|
|
|t:|1783053782
|teamsize|p1|4
|teamsize|p2|4
|start
|switch|p1a: Fluffy|Whimsicott, L50, M|100/100
|switch|p1b: The Biggest Bird|Staraptor, L50, M|100/100
|switch|p2a: Incineroar|Incineroar, L50, F|100/100
|switch|p2b: Basculegion|Basculegion, L50, M, shiny|100/100
|-ability|p1b: The Biggest Bird|Intimidate|boost
|-unboost|p2a: Incineroar|atk|1
|-unboost|p2b: Basculegion|atk|1
|-ability|p2a: Incineroar|Intimidate|boost
|-unboost|p1a: Fluffy|atk|1
|-unboost|p1b: The Biggest Bird|atk|1
|turn|1
|inactive|dabean16 has 30 seconds left.
|inactive|dabean16 has 20 seconds left.
|l|☆NemoAK
|inactive|NemoAK disconnected and has a minute to reconnect!
|player|p1|
|inactive|dabean16 has 15 seconds left.
|
|t:|1783053826
|detailschange|p1b: The Biggest Bird|Staraptor-Mega, L50, M
|-mega|p1b: The Biggest Bird|Staraptor|Staraptite
|move|p1a: Fluffy|Protect|p1a: Fluffy
|-singleturn|p1a: Fluffy|Protect
|move|p1b: The Biggest Bird|Protect|p1b: The Biggest Bird
|-singleturn|p1b: The Biggest Bird|Protect
|move|p2a: Incineroar|Fake Out|p1a: Fluffy
|-activate|p1a: Fluffy|move: Protect
|move|p2b: Basculegion|Flip Turn|p1b: The Biggest Bird
|-activate|p1b: The Biggest Bird|move: Protect
|
|upkeep
|turn|2
|j|☆NemoAK
|inactive|NemoAK reconnected and has 55 seconds left.
|player|p1|NemoAK|101|
|inactive|dabean16 has 30 seconds left.
|inactive|dabean16 has 20 seconds left.
|
|t:|1783053861
|move|p1a: Fluffy|Tickle|p1b: The Biggest Bird
|-boost|p1b: The Biggest Bird|atk|1
|-boost|p1b: The Biggest Bird|def|1
|move|p2b: Basculegion|Flip Turn|p1b: The Biggest Bird
|-damage|p1b: The Biggest Bird|77/100
|
|t:|1783053868
|switch|p2b: Dragonite|Dragonite, L50, M, shiny|100/100|[from] Flip Turn
|move|p1b: The Biggest Bird|Close Combat|p2a: Incineroar
|-supereffective|p2a: Incineroar|1
|-damage|p2a: Incineroar|0 fnt
|-boost|p1b: The Biggest Bird|def|1
|-boost|p1b: The Biggest Bird|spd|1
|faint|p2a: Incineroar
|
|upkeep
|
|t:|1783053878
|switch|p2a: Pelipper|Pelipper, L50, M, shiny|100/100
|-weather|RainDance|[from] ability: Drizzle|[of] p2a: Pelipper
|turn|3
|
|t:|1783053887
|detailschange|p2b: Dragonite|Dragonite-Mega, L50, M, shiny
|-mega|p2b: Dragonite|Dragonite|Dragoninite
|move|p1a: Fluffy|Tickle|p1b: The Biggest Bird
|-boost|p1b: The Biggest Bird|atk|1
|-boost|p1b: The Biggest Bird|def|1
|move|p1b: The Biggest Bird|Brave Bird|p2a: Pelipper
|-enditem|p2a: Pelipper|Focus Sash
|-damage|p2a: Pelipper|1/100
|-damage|p1b: The Biggest Bird|49/100|[from] Recoil
|move|p2b: Dragonite|Dragon Pulse|p1b: The Biggest Bird
|-damage|p1b: The Biggest Bird|9/100
|move|p2a: Pelipper|Hurricane|p1b: The Biggest Bird
|-supereffective|p1b: The Biggest Bird|1
|-damage|p1b: The Biggest Bird|0 fnt
|faint|p1b: The Biggest Bird
|
|-weather|RainDance|[upkeep]
|upkeep
|
|t:|1783053891
|switch|p1b: Toothless|Garchomp, L50, M|100/100
|turn|4
|
|t:|1783053914
|move|p1a: Fluffy|Moonblast|p2a: Pelipper
|-damage|p2a: Pelipper|0 fnt
|faint|p2a: Pelipper
|move|p1b: Toothless|Scale Shot|p2b: Dragonite
|-supereffective|p2b: Dragonite|1
|-crit|p2b: Dragonite
|-damage|p2b: Dragonite|72/100
|-supereffective|p2b: Dragonite|1
|-damage|p2b: Dragonite|38/100
|-supereffective|p2b: Dragonite|1
|-damage|p2b: Dragonite|8/100
|-supereffective|p2b: Dragonite|1
|-damage|p2b: Dragonite|0 fnt
|faint|p2b: Dragonite
|-hitcount|p2: Dragonite|4
|-unboost|p1b: Toothless|def|1
|-boost|p1b: Toothless|spe|1
|-damage|p1b: Toothless|90/100|[from] item: Life Orb
|
|-weather|RainDance|[upkeep]
|upkeep
|
|t:|1783053932
|switch|p2a: Basculegion|Basculegion, L50, M, shiny|100/100
|turn|5
|
|t:|1783053939
|move|p1b: Toothless|Protect|p1b: Toothless
|-singleturn|p1b: Toothless|Protect
|move|p1a: Fluffy|Tailwind|p1a: Fluffy
|-sidestart|p1: NemoAK|move: Tailwind
|move|p2a: Basculegion|Last Respects|p1a: Fluffy
|-damage|p1a: Fluffy|0 fnt
|faint|p1a: Fluffy
|
|-weather|RainDance|[upkeep]
|upkeep
|
|t:|1783053942
|switch|p1a: Gary’s Raticate|Basculegion, L50, M|100/100
|turn|6
|
|t:|1783053949
|move|p1b: Toothless|Scale Shot|p2a: Basculegion
|-damage|p2a: Basculegion|76/100
|-damage|p2a: Basculegion|53/100
|-hitcount|p2a: Basculegion|2
|-unboost|p1b: Toothless|def|1
|-boost|p1b: Toothless|spe|1
|-damage|p1b: Toothless|80/100|[from] item: Life Orb
|move|p1a: Gary’s Raticate|Last Respects|p2a: Basculegion
|-supereffective|p2a: Basculegion|1
|-damage|p2a: Basculegion|0 fnt
|faint|p2a: Basculegion
|
|win|NemoAK
||NemoAK is ready for game 2.
||NemoAK is ready for game 2.
||dabean16 is ready for game 2.
|uhtml|next|Next: Game 2 of 3
|l|☆NemoAK
|player|p1|
