|j|Ōśåfernsthedruids
|j|ŌśåNeedels
|html|fernsthedruidsNeedels    
|uhtml|bestof|Game 2 of a best-of-3
|t:|1756497519
|gametype|doubles
|player|p1|fernsthedruids|dawn|1218
|player|p2|Needels|eusine|1158
|gen|9
|tier|[Gen 9] VGC 2025 Reg H (Bo3)
|rated|
|rule|Species Clause: Limit one of each Pok├®mon
|rule|Item Clause: Limit 1 of each item
|clearpoke
|poke|p1|Rillaboom, L50, M|
|poke|p1|Kommo-o, L50, F|
|poke|p1|Tyranitar, L50, F|
|poke|p1|Lycanroc, L50, F|
|poke|p1|Gholdengo, L50|
|poke|p1|Corviknight, L50, M|
|poke|p2|Charizard, L50, M|
|poke|p2|Torkoal, L50, F|
|poke|p2|Porygon2, L50|
|poke|p2|Incineroar, L50, F|
|poke|p2|Jumpluff, L50, M|
|poke|p2|Ursaluna, L50, F|
|teampreview|4
|showteam|p1|Rillaboom||AssaultVest|GrassySurge|WoodHammer,FakeOut,HighHorsepower,GrassyGlide|||M|||50|,,,,,Grass]Kommo-o||GrassySeed|Bulletproof|IronDefense,BodyPress,DracoMeteor,Protect|||F|||50|,,,,,Steel]Tyranitar||ClearAmulet|SandStream|Protect,KnockOff,DragonDance,RockSlide|||F|||50|,,,,,Water]Lycanroc||FocusSash|SandRush|StompingTantrum,RockSlide,CloseCombat,Protect|||F|||50|,,,,,Ghost]Gholdengo||ChoiceScarf|GoodasGold|MakeItRain,Protect,ShadowBall,Trick||||||50|,,,,,Steel]Corviknight||RockyHelmet|MirrorArmor|BulkUp,BraveBird,Roost,Tailwind|||M|||50|,,,,,Fire
|showteam|p2|Charizard||ChoiceSpecs|SolarPower|HeatWave,Overheat,WeatherBall,DragonPulse|||M|||50|,,,,,Ghost]Torkoal||EjectPack|Drought|Eruption,Overheat,HelpingHand,Protect|||F|||50|,,,,,Fire]Porygon2||Eviolite|Download|TeraBlast,IceBeam,Recover,TrickRoom||||||50|,,,,,Fighting]Incineroar||SitrusBerry|Intimidate|FlareBlitz,KnockOff,FakeOut,PartingShot|||F|||50|,,,,,Ghost]Jumpluff||CovertCloak|Chlorophyll|SleepPowder,SunnyDay,RagePowder,Tailwind|||M|||50|,,,,,Water]Ursaluna||FlameOrb|Guts|HeadlongRush,Facade,Earthquake,Protect|||F|||50|,,,,,Ghost
|
|t:|1756497576
|teamsize|p1|4
|teamsize|p2|4
|start
|switch|p1a: Lycanroc|Lycanroc, L50, F|100/100
|switch|p1b: Corviknight|Corviknight, L50, M|100/100
|switch|p2a: Jumpluff|Jumpluff, L50, M, shiny|100/100
|switch|p2b: Charizard|Charizard, L50, M, shiny|100/100
|turn|1
|
|t:|1756497604
|switch|p1b: Tyranitar|Tyranitar, L50, F|100/100
|-weather|Sandstorm|[from] ability: Sand Stream|[of] p1b: Tyranitar
|-terastallize|p2b: Charizard|Ghost
|move|p1a: Lycanroc|Rock Slide|p2b: Charizard|[spread] p2a
|-miss|p1a: Lycanroc|p2b: Charizard
|-supereffective|p2a: Jumpluff
|-damage|p2a: Jumpluff|34/100
|move|p2a: Jumpluff|Sunny Day|p2a: Jumpluff
|-weather|SunnyDay
|move|p2b: Charizard|Heat Wave|p1b: Tyranitar|[spread] 
|-miss|p2b: Charizard|p1a: Lycanroc
|-miss|p2b: Charizard|p1b: Tyranitar
|
|-weather|SunnyDay|[upkeep]
|-damage|p2b: Charizard|88/100|[from] ability: Solar Power|[of] p2b: Charizard
|upkeep
|turn|2
|l|Ōśåfernsthedruids
|player|p1|
|j|Ōśåfernsthedruids
|player|p1|fernsthedruids|dawn|
|
|t:|1756497655
|move|p2a: Jumpluff|Tailwind|p2a: Jumpluff
|-sidestart|p2: Needels|move: Tailwind
|move|p2b: Charizard|Heat Wave|p1b: Tyranitar|[spread] p1a,p1b
|-resisted|p1a: Lycanroc
|-resisted|p1b: Tyranitar
|-damage|p1a: Lycanroc|20/100
|-damage|p1b: Tyranitar|41/100
|move|p1a: Lycanroc|Rock Slide|p2a: Jumpluff|[spread] p2a,p2b
|-supereffective|p2a: Jumpluff
|-damage|p2a: Jumpluff|0 fnt
|-damage|p2b: Charizard|45/100
|faint|p2a: Jumpluff
|move|p1b: Tyranitar|Knock Off|p2b: Charizard
|-supereffective|p2b: Charizard
|-damage|p2b: Charizard|0 fnt
|-enditem|p2b: Charizard|Choice Specs|[from] move: Knock Off|[of] p1b: Tyranitar
|faint|p2b: Charizard
|
|-weather|SunnyDay|[upkeep]
|upkeep
|
|t:|1756497667
|switch|p2a: Ursaluna|Ursaluna, L50, F|100/100
|switch|p2b: Porygon2|Porygon2, L50, shiny|100/100
|-ability|p2b: Porygon2|Download|boost
|-boost|p2b: Porygon2|spa|1
|turn|3
|
|t:|1756497692
|move|p2a: Ursaluna|Protect|p2a: Ursaluna
|-singleturn|p2a: Ursaluna|Protect
|move|p2b: Porygon2|Ice Beam|p1a: Lycanroc
|-damage|p1a: Lycanroc|0 fnt
|faint|p1a: Lycanroc
|move|p1b: Tyranitar|Knock Off|p2b: Porygon2
|-damage|p2b: Porygon2|62/100
|-enditem|p2b: Porygon2|Eviolite|[from] move: Knock Off|[of] p1b: Tyranitar
|
|-weather|SunnyDay|[upkeep]
|-status|p2a: Ursaluna|brn|[from] item: Flame Orb
|upkeep
|
|t:|1756497721
|switch|p1a: Corviknight|Corviknight, L50, M|100/100
|turn|4
|
|t:|1756497746
|move|p1b: Tyranitar|Protect|p1b: Tyranitar
|-singleturn|p1b: Tyranitar|Protect
|move|p2a: Ursaluna|Facade|p1a: Corviknight
|-resisted|p1a: Corviknight
|-damage|p1a: Corviknight|49/100
|-damage|p2a: Ursaluna|84/100 brn|[from] item: Rocky Helmet|[of] p1a: Corviknight
|move|p2b: Porygon2|Ice Beam|p1b: Tyranitar
|-activate|p1b: Tyranitar|move: Protect
|move|p1a: Corviknight|Bulk Up|p1a: Corviknight
|-boost|p1a: Corviknight|atk|1
|-boost|p1a: Corviknight|def|1
|
|-weather|SunnyDay|[upkeep]
|-damage|p2a: Ursaluna|78/100 brn|[from] brn
|upkeep
|turn|5
|
|t:|1756497784
|move|p2a: Ursaluna|Facade|p1b: Tyranitar
|-resisted|p1b: Tyranitar
|-damage|p1b: Tyranitar|0 fnt
|faint|p1b: Tyranitar
|move|p2b: Porygon2|Ice Beam|p1a: Corviknight
|-damage|p1a: Corviknight|5/100
|move|p1a: Corviknight|Roost|p1a: Corviknight
|-heal|p1a: Corviknight|55/100
|-singleturn|p1a: Corviknight|move: Roost
|
|-weather|none
|-damage|p2a: Ursaluna|72/100 brn|[from] brn
|-sideend|p2: Needels|move: Tailwind
|upkeep
|
|t:|1756497793
|switch|p1b: Kommo-o|Kommo-o, L50, F|100/100
|turn|6
|l|Ōśåfernsthedruids
|player|p1|
|j|Ōśåfernsthedruids
|player|p1|fernsthedruids|dawn|
|
|t:|1756497853
|move|p1b: Kommo-o|Body Press|p2b: Porygon2
|-supereffective|p2b: Porygon2
|-damage|p2b: Porygon2|0 fnt
|faint|p2b: Porygon2
|move|p1a: Corviknight|Roost|p1a: Corviknight
|-heal|p1a: Corviknight|100/100
|-singleturn|p1a: Corviknight|move: Roost
|move|p2a: Ursaluna|Facade|p1b: Kommo-o
|-damage|p1b: Kommo-o|19/100
|
|-damage|p2a: Ursaluna|66/100 brn|[from] brn
|upkeep
|turn|7
|
|t:|1756497878
|move|p1b: Kommo-o|Body Press|p2a: Ursaluna
|-supereffective|p2a: Ursaluna
|-damage|p2a: Ursaluna|2/100 brn
|move|p1a: Corviknight|Bulk Up|p1a: Corviknight
|-boost|p1a: Corviknight|atk|1
|-boost|p1a: Corviknight|def|1
|move|p2a: Ursaluna|Earthquake|p1a: Corviknight|[spread] p1b
|-immune|p1a: Corviknight
|-damage|p1b: Kommo-o|0 fnt
|faint|p1b: Kommo-o
|
|-damage|p2a: Ursaluna|0 fnt|[from] brn
|faint|p2a: Ursaluna
|
|win|fernsthedruids
|raw|fernsthedruids's rating: 1218 → 1239(+21 for winning)
|raw|Needels's rating: 1158 → 1137(-21 for losing)
