|j|☆hypergamer_2422
|j|☆bonczy
|html|hypergamer_2422bonczy    
|uhtml|bestof|Game 1 of a best-of-3
|t:|1783432865
|gametype|doubles
|player|p1|hypergamer_2422|pokemaniac|
|player|p2|bonczy|blue-lgpe|
|gen|9
|tier|[Gen 9 Champions] VGC 2026 Reg M-B (Bo3)
|rule|Species Clause: Limit one of each Pokémon
|rule|Item Clause: Limit 1 of each item
|clearpoke
|poke|p1|Staraptor, L50, F|
|poke|p1|Ditto, L50|
|poke|p1|Grimmsnarl, L50, M|
|poke|p1|Garchomp, L50, F|
|poke|p1|Goodra-Hisui, L50, F|
|poke|p1|Espathra, L50, M|
|poke|p2|Metagross, L50|
|poke|p2|Raichu, L50, F|
|poke|p2|Grimmsnarl, L50, M|
|poke|p2|Sinistcha, L50|
|poke|p2|Basculegion, L50, M|
|poke|p2|Pelipper, L50, M|
|teampreview|4
|showteam|p1|Staraptor||Staraptite|Intimidate|CloseCombat,Facade,Protect,BraveBird|Jolly||F|||50|]Ditto||FocusSash|Imposter|Transform|Relaxed|||||50|]Grimmsnarl||LightClay|Prankster|FakeOut,LightScreen,Reflect,FoulPlay|Careful||M|||50|]Garchomp||ChoiceScarf|RoughSkin|Outrage,Earthquake,StoneEdge,BodySlam|Jolly||F|||50|]Goodra-Hisui||QuickClaw|Gooey|Rest,SleepTalk,FireBlast,FlashCannon|Modest||F|||50|]Espathra||LifeOrb|SpeedBoost|LuminaCrash,CalmMind,ShadowBall,Uturn|Modest||M|||50|
|showteam|p2|Metagross||Metagrossite|ClearBody|MeteorMash,ZenHeadbutt,BrickBreak,Protect|Adamant|||||50|]Raichu||RaichuniteY|LightningRod|ZapCannon,Electroweb,FocusBlast,Protect|Timid||F|||50|]Grimmsnarl||LightClay|Prankster|SpiritBreak,SuckerPunch,LightScreen,Reflect|Adamant||M|||50|]Sinistcha||ColburBerry|Hospitality|MatchaGotcha,ShadowBall,LifeDew,Protect|Bold|||||50|]Basculegion||ChoiceScarf|Adaptability|LastRespects,WaveCrash,Liquidation,FlipTurn|Jolly||M|||50|]Pelipper||DampRock|Drizzle|Hurricane,WeatherBall,Tailwind,Protect|Calm||M|||50|
|c|☆bonczy|glhf
|c|☆hypergamer_2422|glhf
|
|t:|1783432921
|teamsize|p1|4
|teamsize|p2|4
|start
|switch|p1a: Grimmsnarl|Grimmsnarl, L50, M|100/100
|switch|p1b: Staraptor|Staraptor, L50, F|100/100
|switch|p2a: SURPRISE 2|Grimmsnarl, L50, M|100/100
|switch|p2b: Basculegion|Basculegion, L50, M|100/100
|-ability|p1b: Staraptor|Intimidate|boost
|-unboost|p2a: SURPRISE 2|atk|1
|-unboost|p2b: Basculegion|atk|1
|turn|1
|
|t:|1783432956
|detailschange|p1b: Staraptor|Staraptor-Mega, L50, F
|-mega|p1b: Staraptor|Staraptor|Staraptite
|move|p1a: Grimmsnarl|Reflect|p1a: Grimmsnarl
|-sidestart|p1: hypergamer_2422|Reflect
|move|p2a: SURPRISE 2|Reflect|p2a: SURPRISE 2
|-sidestart|p2: bonczy|Reflect
|move|p2b: Basculegion|Flip Turn|p1a: Grimmsnarl
|-damage|p1a: Grimmsnarl|80/100
|
|t:|1783432962
|switch|p2b: Rain Summoner|Pelipper, L50, M|100/100|[from] Flip Turn
|-weather|RainDance|[from] ability: Drizzle|[of] p2b: Rain Summoner
|move|p1b: Staraptor|Brave Bird|p2b: Rain Summoner
|-damage|p2b: Rain Summoner|56/100
|-damage|p1b: Staraptor|85/100|[from] Recoil
|
|-weather|RainDance|[upkeep]
|upkeep
|turn|2
|
|t:|1783432986
|move|p1a: Grimmsnarl|Light Screen|p1a: Grimmsnarl
|-sidestart|p1: hypergamer_2422|move: Light Screen
|move|p1b: Staraptor|Close Combat|p2a: SURPRISE 2
|-damage|p2a: SURPRISE 2|42/100
|-boost|p1b: Staraptor|def|1
|-boost|p1b: Staraptor|spd|1
|move|p2b: Rain Summoner|Tailwind|p2b: Rain Summoner
|-sidestart|p2: bonczy|move: Tailwind
|move|p2a: SURPRISE 2|Spirit Break|p1a: Grimmsnarl
|-supereffective|p1a: Grimmsnarl|1
|-damage|p1a: Grimmsnarl|36/100
|-unboost|p1a: Grimmsnarl|spa|1
|
|-weather|RainDance|[upkeep]
|upkeep
|turn|3
|
|t:|1783433016
|move|p1b: Staraptor|Close Combat|p2a: SURPRISE 2
|-damage|p2a: SURPRISE 2|0 fnt
|-boost|p1b: Staraptor|def|1
|-boost|p1b: Staraptor|spd|1
|faint|p2a: SURPRISE 2
|move|p2b: Rain Summoner|Hurricane|p1b: Staraptor
|-supereffective|p1b: Staraptor|1
|-damage|p1b: Staraptor|55/100
|move|p1a: Grimmsnarl|Foul Play|p2b: Rain Summoner
|-damage|p2b: Rain Summoner|43/100
|
|-weather|RainDance|[upkeep]
|upkeep
|
|t:|1783433028
|switch|p2a: Basculegion|Basculegion, L50, M|100/100
|turn|4
|
|t:|1783433056
|move|p1b: Staraptor|Protect|p1b: Staraptor
|-singleturn|p1b: Staraptor|Protect
|move|p2a: Basculegion|Flip Turn|p1a: Grimmsnarl
|-damage|p1a: Grimmsnarl|0 fnt
|faint|p1a: Grimmsnarl
|
|t:|1783433060
|switch|p2a: RTX 8090 Ti|Metagross, L50|100/100|[from] Flip Turn
|move|p2b: Rain Summoner|Hurricane|p1b: Staraptor
|-activate|p1b: Staraptor|move: Protect
|
|-weather|RainDance|[upkeep]
|upkeep
|
|t:|1783433069
|switch|p1a: Garchomp|Garchomp, L50, F|100/100
|turn|5
|
|t:|1783433106
|detailschange|p2a: RTX 8090 Ti|Metagross-Mega, L50
|-mega|p2a: RTX 8090 Ti|Metagross|Metagrossite
|move|p2a: RTX 8090 Ti|Zen Headbutt|p1b: Staraptor
|-supereffective|p1b: Staraptor|1
|-crit|p1b: Staraptor
|-damage|p1b: Staraptor|0 fnt
|faint|p1b: Staraptor
|move|p1a: Garchomp|Earthquake|p2a: RTX 8090 Ti|[spread] p2a
|-immune|p2b: Rain Summoner
|-supereffective|p2a: RTX 8090 Ti|1
|-damage|p2a: RTX 8090 Ti|63/100
|move|p2b: Rain Summoner|Hurricane|p1a: Garchomp
|-damage|p1a: Garchomp|71/100
|
|-weather|RainDance|[upkeep]
|-sideend|p2: bonczy|move: Tailwind
|upkeep
|
|t:|1783433119
|switch|p1b: Ditto|Ditto, L50|100/100
|-transform|p1b: Ditto|p2a: RTX 8090 Ti|[from] ability: Imposter
|turn|6
|
|t:|1783433145
|move|p2a: RTX 8090 Ti|Protect|p2a: RTX 8090 Ti
|-singleturn|p2a: RTX 8090 Ti|Protect
|move|p1a: Garchomp|Earthquake|p2b: Rain Summoner|[spread] p1b
|-activate|p2a: RTX 8090 Ti|move: Protect
|-immune|p2b: Rain Summoner
|-supereffective|p1b: Ditto|1
|-crit|p1b: Ditto
|-enditem|p1b: Ditto|Focus Sash
|-damage|p1b: Ditto|1/100
|move|p1b: Ditto|Zen Headbutt|p2b: Rain Summoner
|-damage|p2b: Rain Summoner|0 fnt
|faint|p2b: Rain Summoner
|
|-weather|RainDance|[upkeep]
|upkeep
|
|t:|1783433156
|switch|p2b: Basculegion|Basculegion, L50, M|100/100
|turn|7
|
|t:|1783433180
|move|p1b: Ditto|Protect|p1b: Ditto
|-singleturn|p1b: Ditto|Protect
|move|p1a: Garchomp|Earthquake|p2a: RTX 8090 Ti|[spread] p2a,p2b
|-activate|p1b: Ditto|move: Protect
|-supereffective|p2a: RTX 8090 Ti|1
|-damage|p2a: RTX 8090 Ti|29/100
|-damage|p2b: Basculegion|66/100
|move|p2b: Basculegion|Wave Crash|p1a: Garchomp
|-damage|p1a: Garchomp|0 fnt
|-damage|p2b: Basculegion|53/100|[from] ability: Rough Skin|[of] p1a: Garchomp
|faint|p1a: Garchomp
|-damage|p2b: Basculegion|31/100|[from] Recoil
|move|p2a: RTX 8090 Ti|Brick Break|p1b: Ditto
|-activate|p1b: Ditto|move: Protect
|
|-weather|RainDance|[upkeep]
|upkeep
|turn|8
|
|t:|1783433205
|move|p2b: Basculegion|Wave Crash|p1b: Ditto
|-damage|p1b: Ditto|0 fnt
|faint|p1b: Ditto
|-damage|p2b: Basculegion|30/100|[from] Recoil
|
|win|bonczy
|c|☆hypergamer_2422|gg
||hypergamer_2422 is ready for game 2.
|c|☆bonczy|gg
||bonczy is ready for game 2.
|uhtml|next|Next: Game 2 of 3
