|j|☆pardogance
|j|☆dandetheheartless
|html|pardogancedandetheheartless    
|uhtml|bestof|Game 3 of a best-of-3
|t:|1782761592
|gametype|doubles
|player|p1|pardogance|janitor|1413
|player|p2|dandetheheartless|winona|1469
|gen|9
|tier|[Gen 9 Champions] VGC 2026 Reg M-B (Bo3)
|rated|
|rule|Species Clause: Limit one of each Pokémon
|rule|Item Clause: Limit 1 of each item
|clearpoke
|poke|p1|Kingambit, L50, M|
|poke|p1|Floette-Eternal, L50, F|
|poke|p1|Sneasler, L50, F|
|poke|p1|Incineroar, L50, F|
|poke|p1|Garchomp, L50, M|
|poke|p1|Sinistcha, L50|
|poke|p2|Raichu, L50, M|
|poke|p2|Gholdengo, L50|
|poke|p2|Basculegion, L50, M|
|poke|p2|Whimsicott, L50, F|
|poke|p2|Incineroar, L50, M|
|poke|p2|Ninetales-Alola, L50, M|
|teampreview|4
|showteam|p1|Kingambit||ChopleBerry|Defiant|KowtowCleave,Protect,SuckerPunch,IronHead|Adamant||M|||50|]Floette-Eternal||Floettite|FlowerVeil|DazzlingGleam,DrainingKiss,Protect,CalmMind|Timid||F|||50|]Sneasler||FocusSash|Unburden|FakeOut,DireClaw,CloseCombat,Coaching|Jolly||F|||50|]Incineroar||Leftovers|Intimidate|FakeOut,FlareBlitz,PartingShot,HelpingHand|Sassy||F|||50|]Garchomp||Garchompite|RoughSkin|Earthquake,StompingTantrum,RockSlide,Protect|Adamant||M|||50|]Sinistcha||SitrusBerry|Hospitality|MatchaGotcha,Protect,TrickRoom,RagePowder|Bold|||||50|
|showteam|p2|Raichu||RaichuniteY|LightningRod|ZapCannon,FocusBlast,FakeOut,Protect|Timid||M|||50|]Gholdengo||LifeOrb|GoodasGold|MakeItRain,ShadowBall,NastyPlot,Protect|Modest|||||50|]Basculegion||MysticWater|Adaptability|AquaJet,WaveCrash,LastRespects,Protect|Adamant||M|||50|]Whimsicott||FocusSash|Prankster|Moonblast,Tailwind,Encore,Protect|Timid||F|||50|]Incineroar||SitrusBerry|Intimidate|FakeOut,PartingShot,ThroatChop,FlareBlitz|Impish||M|||50|]Ninetales-Alola||NeverMeltIce|SnowWarning|Blizzard,AuroraVeil,FreezeDry,Protect|Timid||M|||50|
|inactive|Battle timer is ON: inactive players will automatically lose when time's up. (requested by dandetheheartless)
|inactive|pardogance also wants the timer to be on.
|
|t:|1782761612
|teamsize|p1|4
|teamsize|p2|4
|start
|switch|p1a: Sneasler|Sneasler, L50, F|100/100
|switch|p1b: Kingambit|Kingambit, L50, M|100/100
|switch|p2a: Rai Y|Raichu, L50, M|100/100
|switch|p2b: Basculegion|Basculegion, L50, M|100/100
|turn|1
|
|t:|1782761625
|switch|p1a: Incineroar|Incineroar, L50, F|100/100
|-ability|p1a: Incineroar|Intimidate|boost
|-unboost|p2a: Rai Y|atk|1
|-unboost|p2b: Basculegion|atk|1
|detailschange|p2a: Rai Y|Raichu-Mega-Y, L50, M
|-mega|p2a: Rai Y|Raichu|Raichunite Y
|move|p1b: Kingambit|Protect|p1b: Kingambit
|-singleturn|p1b: Kingambit|Protect
|move|p2a: Rai Y|Fake Out|p1b: Kingambit
|-activate|p1b: Kingambit|move: Protect
|move|p2b: Basculegion|Wave Crash|p1b: Kingambit
|-activate|p1b: Kingambit|move: Protect
|
|upkeep
|turn|2
|
|t:|1782761642
|move|p1a: Incineroar|Fake Out|p2a: Rai Y
|-damage|p2a: Rai Y|79/100
|cant|p2a: Rai Y|flinch
|move|p2b: Basculegion|Wave Crash|p1a: Incineroar
|-supereffective|p1a: Incineroar|1
|-damage|p1a: Incineroar|0 fnt
|faint|p1a: Incineroar
|-damage|p2b: Basculegion|67/100|[from] Recoil
|move|p1b: Kingambit|Kowtow Cleave|p2a: Rai Y
|-damage|p2a: Rai Y|1/100
|
|upkeep
|
|t:|1782761653
|switch|p1a: Sneasler|Sneasler, L50, F|100/100
|turn|3
|
|t:|1782761669
|switch|p2a: Bezo's Booger|Gholdengo, L50|100/100
|move|p1a: Sneasler|Fake Out|p2a: Bezo's Booger
|-immune|p2a: Bezo's Booger
|move|p2b: Basculegion|Aqua Jet|p1a: Sneasler
|-crit|p1a: Sneasler
|-damage|p1a: Sneasler|21/100
|move|p1b: Kingambit|Kowtow Cleave|p2b: Basculegion
|-supereffective|p2b: Basculegion|1
|-damage|p2b: Basculegion|0 fnt
|faint|p2b: Basculegion
|
|upkeep
|
|t:|1782761682
|switch|p2b: Ice Cold|Ninetales-Alola, L50, M|100/100
|-weather|Snowscape|[from] ability: Snow Warning|[of] p2b: Ice Cold
|turn|4
|
|t:|1782761700
|move|p1a: Sneasler|Coaching|p1b: Kingambit
|-boost|p1b: Kingambit|atk|1
|-boost|p1b: Kingambit|def|1
|move|p2b: Ice Cold|Aurora Veil|p2b: Ice Cold
|-sidestart|p2: dandetheheartless|move: Aurora Veil
|move|p2a: Bezo's Booger|Shadow Ball|p1a: Sneasler
|-damage|p1a: Sneasler|0 fnt
|faint|p1a: Sneasler
|-damage|p2a: Bezo's Booger|90/100|[from] item: Life Orb
|move|p1b: Kingambit|Iron Head|p2b: Ice Cold
|-supereffective|p2b: Ice Cold|2
|-crit|p2b: Ice Cold
|-damage|p2b: Ice Cold|0 fnt
|faint|p2b: Ice Cold
|
|-weather|Snowscape|[upkeep]
|upkeep
|
|t:|1782761703
|switch|p1a: Garchomp|Garchomp, L50, M|100/100
|switch|p2b: Rai Y|Raichu-Mega-Y, L50, M|1/100
|turn|5
|
|t:|1782761711
|detailschange|p1a: Garchomp|Garchomp-Mega, L50, M
|-mega|p1a: Garchomp|Garchomp|Garchompite
|move|p2b: Rai Y|Fake Out|p1a: Garchomp
|-damage|p1a: Garchomp|93/100
|cant|p1a: Garchomp|flinch
|move|p2a: Bezo's Booger|Nasty Plot|p2a: Bezo's Booger
|-boost|p2a: Bezo's Booger|spa|2
|move|p1b: Kingambit|Kowtow Cleave|p2a: Bezo's Booger
|-supereffective|p2a: Bezo's Booger|1
|-damage|p2a: Bezo's Booger|0 fnt
|faint|p2a: Bezo's Booger
|
|-weather|Snowscape|[upkeep]
|upkeep
|turn|6
|-message|dandetheheartless forfeited.
|
|win|pardogance
|raw|pardogance's rating: 1424 → 1447(+23 for winning)
|raw|dandetheheartless's rating: 1469 → 1446(-23 for losing)
|l|☆dandetheheartless
|player|p2|
