|j|☆bjnguyen12
|j|☆MoodyMukVGC
|html|bjnguyen12MoodyMukVGC    
|uhtml|bestof|Game 1 of a best-of-3
|t:|1757802333
|gametype|doubles
|player|p1|bjnguyen12|1|1031
|player|p2|MoodyMukVGC|169|1190
|gen|9
|tier|[Gen 9] VGC 2025 Reg H (Bo3)
|rated|
|rule|Species Clause: Limit one of each Pokémon
|rule|Item Clause: Limit 1 of each item
|clearpoke
|poke|p1|Dragonite, L50, F|
|poke|p1|Gholdengo, L50|
|poke|p1|Rillaboom, L50, M|
|poke|p1|Incineroar, L50, F|
|poke|p1|Annihilape, L50, F|
|poke|p1|Electabuzz, L50, F|
|poke|p2|Ursaluna, L50, M|
|poke|p2|Jumpluff, L50, M|
|poke|p2|Charizard, L50, M|
|poke|p2|Torkoal, L50, M|
|poke|p2|Incineroar, L50, M|
|poke|p2|Porygon2, L50|
|teampreview|4
|showteam|p1|Dragonite||LoadedDice|Multiscale|ScaleShot,ExtremeSpeed,Haze,Protect|||F|||50|,,,,,Fairy]Gholdengo||SitrusBerry|GoodasGold|ShadowBall,Protect,NastyPlot,MakeItRain||||||50|,,,,,Water]Rillaboom||AssaultVest|GrassySurge|FakeOut,HighHorsepower,GrassyGlide,WoodHammer|||M|||50|,,,,,Grass]Incineroar||MirrorHerb|Intimidate|FakeOut,KnockOff,FlareBlitz,PartingShot|||F|||50|,,,,,Grass]Annihilape||FocusSash|InnerFocus|Taunt,Coaching,CloseCombat,RageFist|||F|||50|,,,,,Fighting]Electabuzz||Eviolite|VitalSpirit|FollowMe,Thunderbolt,Electroweb,Protect|||F|||50|,,,,,Dragon
|showteam|p2|Ursaluna||FlameOrb|Guts|HeadlongRush,Facade,Earthquake,Protect|||M|||50|,,,,,Ghost]Jumpluff||CovertCloak|Chlorophyll|SleepPowder,SunnyDay,Tailwind,RagePowder|||M|||50|,,,,,Water]Charizard||ChoiceSpecs|SolarPower|AirSlash,HeatWave,Overheat,WeatherBall|||M|||50|,,,,,Ghost]Torkoal||EjectPack|Drought|ClearSmog,Eruption,Overheat,Protect|||M|||50|,,,,,Fire]Incineroar||SafetyGoggles|Intimidate|FakeOut,FlareBlitz,KnockOff,PartingShot|||M|||50|,,,,,Ghost]Porygon2||Eviolite|Download|TeraBlast,IceBeam,Recover,TrickRoom||||||50|,,,,,Fighting
|inactive|Battle timer is ON: inactive players will automatically lose when time's up. (requested by bjnguyen12)
|inactive|MoodyMukVGC has 60 seconds left.
|j| g1ugg10l0
|
|t:|1757802382
|teamsize|p1|4
|teamsize|p2|4
|start
|switch|p1a: Gholdengo|Gholdengo, L50|100/100
|switch|p1b: Electabuzz|Electabuzz, L50, F|100/100
|switch|p2a: Charizard|Charizard, L50, M, shiny|100/100
|switch|p2b: Porygon2|Porygon2, L50, shiny|100/100
|-ability|p2b: Porygon2|Download|boost
|-boost|p2b: Porygon2|spa|1
|turn|1
|inactive|bjnguyen12 has 30 seconds left.
|
|t:|1757802410
|switch|p2a: Ursaluna|Ursaluna, L50, M, shiny|100/100
|-terastallize|p1a: Gholdengo|Water
|move|p1a: Gholdengo|Nasty Plot|p1a: Gholdengo
|-boost|p1a: Gholdengo|spa|2
|move|p1b: Electabuzz|Electroweb|p2b: Porygon2|[spread] p2b
|-immune|p2a: Ursaluna
|-damage|p2b: Porygon2|91/100
|-unboost|p2b: Porygon2|spe|1
|move|p2b: Porygon2|Trick Room|p2b: Porygon2
|-fieldstart|move: Trick Room|[of] p2b: Porygon2
|
|-status|p2a: Ursaluna|brn|[from] item: Flame Orb
|upkeep
|turn|2
|
|t:|1757802430
|move|p2a: Ursaluna|Protect|p2a: Ursaluna
|-singleturn|p2a: Ursaluna|Protect
|move|p1b: Electabuzz|Follow Me|p1b: Electabuzz
|-singleturn|p1b: Electabuzz|move: Follow Me
|move|p2b: Porygon2|Tera Blast|p1b: Electabuzz
|-damage|p1b: Electabuzz|59/100
|move|p1a: Gholdengo|Make It Rain|p2a: Ursaluna|[spread] p2b
|-activate|p2a: Ursaluna|move: Protect
|-damage|p2b: Porygon2|27/100
|-unboost|p1a: Gholdengo|spa|1
|
|-damage|p2a: Ursaluna|94/100 brn|[from] brn
|upkeep
|turn|3
|
|t:|1757802454
|move|p1b: Electabuzz|Follow Me|p1b: Electabuzz
|-singleturn|p1b: Electabuzz|move: Follow Me
|move|p2b: Porygon2|Recover|p2b: Porygon2
|-heal|p2b: Porygon2|77/100
|move|p2a: Ursaluna|Earthquake|p1b: Electabuzz|[spread] p2b,p1a,p1b
|-supereffective|p1b: Electabuzz
|-damage|p2b: Porygon2|34/100
|-damage|p1a: Gholdengo|19/100
|-damage|p1b: Electabuzz|0 fnt
|-enditem|p1a: Gholdengo|Sitrus Berry|[eat]
|-heal|p1a: Gholdengo|43/100|[from] item: Sitrus Berry
|faint|p1b: Electabuzz
|move|p1a: Gholdengo|Make It Rain|p2b: Porygon2|[spread] p2a,p2b
|-damage|p2a: Ursaluna|17/100 brn
|-damage|p2b: Porygon2|0 fnt
|-unboost|p1a: Gholdengo|spa|1
|faint|p2b: Porygon2
|
|-damage|p2a: Ursaluna|11/100 brn|[from] brn
|upkeep
|
|t:|1757802479
|switch|p2b: Torkoal|Torkoal, L50, M, shiny|100/100
|switch|p1b: Rillaboom|Rillaboom, L50, M|100/100
|-weather|SunnyDay|[from] ability: Drought|[of] p2b: Torkoal
|-fieldstart|move: Grassy Terrain|[from] ability: Grassy Surge|[of] p1b: Rillaboom
|turn|4
|
|t:|1757802499
|-terastallize|p2b: Torkoal|Fire
|move|p1a: Gholdengo|Protect|p1a: Gholdengo
|-singleturn|p1a: Gholdengo|Protect
|move|p1b: Rillaboom|Fake Out|p2b: Torkoal
|-damage|p2b: Torkoal|90/100
|cant|p2b: Torkoal|flinch
|move|p2a: Ursaluna|Facade|p1b: Rillaboom
|-damage|p1b: Rillaboom|0 fnt
|faint|p1b: Rillaboom
|
|-weather|SunnyDay|[upkeep]
|-heal|p2b: Torkoal|97/100|[from] Grassy Terrain
|-heal|p2a: Ursaluna|17/100 brn|[from] Grassy Terrain
|-heal|p1a: Gholdengo|50/100|[from] Grassy Terrain
|-damage|p2a: Ursaluna|11/100 brn|[from] brn
|upkeep
|
|t:|1757802517
|switch|p1b: Incineroar|Incineroar, L50, F|100/100
|-ability|p1b: Incineroar|Intimidate|boost
|-unboost|p2a: Ursaluna|atk|1
|-unboost|p2b: Torkoal|atk|1
|-enditem|p2b: Torkoal|Eject Pack
|
|t:|1757802521
|switch|p2b: Charizard|Charizard, L50, M, shiny|100/100
|turn|5
|
|t:|1757802536
|switch|p2a: Torkoal|Torkoal, L50, M, shiny, tera:Fire|97/100
|move|p1b: Incineroar|Fake Out|p2a: Torkoal
|-damage|p2a: Torkoal|88/100
|move|p1a: Gholdengo|Shadow Ball|p2b: Charizard
|-damage|p2b: Charizard|39/100
|move|p2b: Charizard|Weather Ball|p1a: Gholdengo
|-resisted|p1a: Gholdengo
|-damage|p1a: Gholdengo|0 fnt
|faint|p1a: Gholdengo
|
|-weather|SunnyDay|[upkeep]
|-damage|p2b: Charizard|27/100|[from] ability: Solar Power|[of] p2b: Charizard
|-heal|p2a: Torkoal|94/100|[from] Grassy Terrain
|-fieldend|move: Trick Room
|upkeep
|turn|6
|inactive|MoodyMukVGC has 30 seconds left.
|
|t:|1757802568
|move|p2b: Charizard|Weather Ball|p1b: Incineroar
|-resisted|p1b: Incineroar
|-damage|p1b: Incineroar|50/100
|move|p1b: Incineroar|Parting Shot|p2b: Charizard
|-unboost|p2b: Charizard|atk|1
|-unboost|p2b: Charizard|spa|1
|move|p2a: Torkoal|Eruption|p1b: Incineroar
|-resisted|p1b: Incineroar
|-damage|p1b: Incineroar|11/100
|
|-weather|SunnyDay|[upkeep]
|-damage|p2b: Charizard|14/100|[from] ability: Solar Power|[of] p2b: Charizard
|-heal|p1b: Incineroar|17/100|[from] Grassy Terrain
|-heal|p2a: Torkoal|100/100|[from] Grassy Terrain
|upkeep
|turn|7
|
|t:|1757802578
|move|p2b: Charizard|Weather Ball|p1b: Incineroar
|-resisted|p1b: Incineroar
|-damage|p1b: Incineroar|0 fnt
|faint|p1b: Incineroar
|
|win|MoodyMukVGC
||MoodyMukVGC is ready for game 2.
|l|☆bjnguyen12
|player|p1|
||bjnguyen12 is ready for game 2.
|uhtml|next|Next: Game 2 of 3
|l| g1ugg10l0
