|j|☆matrod
|j|☆KarmaPoliceVGC
|html|matrodKarmaPoliceVGC    
|uhtml|bestof|Game 2 of a best-of-3
|t:|1757811029
|gametype|doubles
|player|p1|matrod|steven|1172
|player|p2|KarmaPoliceVGC|scientist-gen4|1115
|gen|9
|tier|[Gen 9] VGC 2025 Reg H (Bo3)
|rated|
|rule|Species Clause: Limit one of each Pokémon
|rule|Item Clause: Limit 1 of each item
|clearpoke
|poke|p1|Volcarona, L50, M|
|poke|p1|Rillaboom, L50, F|
|poke|p1|Ninetales-Alola, L50, M|
|poke|p1|Magmar, L50, F|
|poke|p1|Avalugg-Hisui, L50, F|
|poke|p1|Basculegion, L50, M|
|poke|p2|Garchomp, L50, F|
|poke|p2|Murkrow, L50, M|
|poke|p2|Bellossom, L50, F|
|poke|p2|Oricorio-Pom-Pom, L50, F|
|poke|p2|Ninetales-Alola, L50, F|
|poke|p2|Volcarona, L50, M|
|teampreview|4
|showteam|p1|Volcarona||GrassySeed|FlameBody|HeatWave,TeraBlast,QuiverDance,Protect|||M|||50|,,,,,Fairy]Rillaboom||MiracleSeed|GrassySurge|WoodHammer,GrassyGlide,HighHorsepower,FakeOut|||F|||50|,,,,,Ghost]Ninetales-Alola||FocusSash|SnowWarning|AuroraVeil,Blizzard,FreezeDry,Protect|||M|||50|,,,,,Ice]Magmar||Eviolite|FlameBody|FollowMe,ScorchingSands,WillOWisp,Protect|||F|||50|,,,,,Ghost]Avalugg-Hisui||Leftovers|IceBody|IronDefense,BodyPress,Curse,Protect|||F|||50|,,,,,Ghost]Basculegion||ChoiceScarf|Adaptability|WaveCrash,LastRespects,FlipTurn,TeraBlast|||M|||50|,,,,,Fighting
|showteam|p2|Garchomp||ChoiceScarf|RoughSkin|Earthquake,Outrage,RockSlide,StompingTantrum|||F|||50|,,,,,Ground]Murkrow||Eviolite|Prankster|Protect,Tailwind,FeatherDance,FoulPlay|||M|||50|,,,,,Ghost]Bellossom||KebiaBerry|Healer|Protect,SleepPowder,QuiverDance,PetalDance|||F|||50|,,,,,Ghost]Oricorio-Pom-Pom||SitrusBerry|Dancer|Protect,QuiverDance,RevelationDance,AirSlash|||F|||50|,,,,,Ghost]Ninetales-Alola||LightClay|SnowWarning|AuroraVeil,Encore,Blizzard,Moonblast|||F|||50|,,,,,Ice]Volcarona||Leftovers|FlameBody|Protect,QuiverDance,FieryDance,GigaDrain|||M|||50|,,,,,Grass
|inactive|Battle timer is ON: inactive players will automatically lose when time's up. (requested by matrod)
|inactive|KarmaPoliceVGC has 60 seconds left.
|
|t:|1757811074
|teamsize|p1|4
|teamsize|p2|4
|start
|switch|p1a: Basculegion|Basculegion, L50, M|100/100
|switch|p1b: Volcarona|Volcarona, L50, M|100/100
|switch|p2a: Murkrow|Murkrow, L50, M|100/100
|switch|p2b: Bellossom|Bellossom, L50, F|100/100
|turn|1
|
|t:|1757811092
|move|p2a: Murkrow|Tailwind|p2a: Murkrow
|-sidestart|p2: KarmaPoliceVGC|move: Tailwind
|move|p1a: Basculegion|Flip Turn|p2a: Murkrow
|-damage|p2a: Murkrow|71/100
|
|t:|1757811098
|switch|p1a: Rillaboom|Rillaboom, L50, F|100/100|[from] Flip Turn
|-fieldstart|move: Grassy Terrain|[from] ability: Grassy Surge|[of] p1a: Rillaboom
|-enditem|p1b: Volcarona|Grassy Seed
|-boost|p1b: Volcarona|def|1|[from] item: Grassy Seed
|move|p2b: Bellossom|Sleep Powder|p1b: Volcarona
|-status|p1b: Volcarona|slp|[from] move: Sleep Powder
|cant|p1b: Volcarona|slp
|
|upkeep
|turn|2
|
|t:|1757811118
|switch|p2b: Oricorio|Oricorio-Pom-Pom, L50, F|100/100
|switch|p1a: Ninetales|Ninetales-Alola, L50, M|100/100
|-weather|Snowscape|[from] ability: Snow Warning|[of] p1a: Ninetales
|move|p2a: Murkrow|Feather Dance|p1a: Ninetales
|-unboost|p1a: Ninetales|atk|2
|-activate|p2b: Oricorio|ability: Dancer
|move|p2b: Oricorio|Feather Dance|p1a: Ninetales|[from] ability: Dancer
|-unboost|p1a: Ninetales|atk|2
|-curestatus|p1b: Volcarona|slp|[msg]
|move|p1b: Volcarona|Quiver Dance|p1b: Volcarona
|-boost|p1b: Volcarona|spa|1
|-boost|p1b: Volcarona|spd|1
|-boost|p1b: Volcarona|spe|1
|-activate|p2b: Oricorio|ability: Dancer
|move|p2b: Oricorio|Quiver Dance|p2b: Oricorio|[from] ability: Dancer
|-boost|p2b: Oricorio|spa|1
|-boost|p2b: Oricorio|spd|1
|-boost|p2b: Oricorio|spe|1
|
|-weather|Snowscape|[upkeep]
|upkeep
|turn|3
|inactive|KarmaPoliceVGC has 30 seconds left.
|inactive|KarmaPoliceVGC has 20 seconds left.
|inactive|KarmaPoliceVGC has 15 seconds left.
|inactive|KarmaPoliceVGC has 10 seconds left.
|inactive|KarmaPoliceVGC has 5 seconds left.
|
|t:|1757811170
|move|p2b: Oricorio|Air Slash|p1a: Ninetales
|-damage|p1a: Ninetales|47/100
|move|p2a: Murkrow|Foul Play|p1a: Ninetales
|-resisted|p1a: Ninetales
|-damage|p1a: Ninetales|44/100
|move|p1b: Volcarona|Quiver Dance|p1b: Volcarona
|-boost|p1b: Volcarona|spa|1
|-boost|p1b: Volcarona|spd|1
|-boost|p1b: Volcarona|spe|1
|-activate|p2b: Oricorio|ability: Dancer
|move|p2b: Oricorio|Quiver Dance|p2b: Oricorio|[from] ability: Dancer
|-boost|p2b: Oricorio|spa|1
|-boost|p2b: Oricorio|spd|1
|-boost|p2b: Oricorio|spe|1
|move|p1a: Ninetales|Aurora Veil|p1a: Ninetales
|-sidestart|p1: matrod|move: Aurora Veil
|
|-weather|Snowscape|[upkeep]
|-heal|p1a: Ninetales|50/100|[from] Grassy Terrain
|upkeep
|turn|4
|
|t:|1757811189
|move|p2a: Murkrow|Protect|p2a: Murkrow
|-singleturn|p2a: Murkrow|Protect
|move|p2b: Oricorio|Revelation Dance|p1a: Ninetales
|-damage|p1a: Ninetales|0 fnt
|faint|p1a: Ninetales
|move|p1b: Volcarona|Heat Wave|p2b: Oricorio|[spread] 
|-activate|p2a: Murkrow|move: Protect
|-miss|p1b: Volcarona|p2b: Oricorio
|
|-weather|Snowscape|[upkeep]
|-sideend|p2: KarmaPoliceVGC|move: Tailwind
|upkeep
|
|t:|1757811202
|switch|p1a: Basculegion|Basculegion, L50, M|100/100
|turn|5
|inactive|KarmaPoliceVGC has 30 seconds left.
|
|t:|1757811235
|-terastallize|p1b: Volcarona|Fairy
|move|p2b: Oricorio|Protect|p2b: Oricorio
|-singleturn|p2b: Oricorio|Protect
|move|p2a: Murkrow|Tailwind|p2a: Murkrow
|-sidestart|p2: KarmaPoliceVGC|move: Tailwind
|move|p1b: Volcarona|Quiver Dance|p1b: Volcarona
|-boost|p1b: Volcarona|spa|1
|-boost|p1b: Volcarona|spd|1
|-boost|p1b: Volcarona|spe|1
|-activate|p2b: Oricorio|ability: Dancer
|move|p2b: Oricorio|Quiver Dance|p2b: Oricorio|[from] ability: Dancer
|-boost|p2b: Oricorio|spa|1
|-boost|p2b: Oricorio|spd|1
|-boost|p2b: Oricorio|spe|1
|move|p1a: Basculegion|Wave Crash|p2b: Oricorio
|-activate|p2b: Oricorio|move: Protect
|
|-weather|Snowscape|[upkeep]
|-fieldend|move: Grassy Terrain
|upkeep
|turn|6
|inactive|KarmaPoliceVGC has 30 seconds left.
|inactive|KarmaPoliceVGC has 20 seconds left.
|
|t:|1757811271
|switch|p1a: Rillaboom|Rillaboom, L50, F|100/100
|-fieldstart|move: Grassy Terrain|[from] ability: Grassy Surge|[of] p1a: Rillaboom
|move|p2b: Oricorio|Revelation Dance|p1a: Rillaboom
|-resisted|p1a: Rillaboom
|-damage|p1a: Rillaboom|70/100
|move|p1b: Volcarona|Quiver Dance|p1b: Volcarona
|-boost|p1b: Volcarona|spa|1
|-boost|p1b: Volcarona|spd|1
|-boost|p1b: Volcarona|spe|1
|-activate|p2b: Oricorio|ability: Dancer
|move|p2b: Oricorio|Quiver Dance|p2b: Oricorio|[from] ability: Dancer
|-boost|p2b: Oricorio|spa|1
|-boost|p2b: Oricorio|spd|1
|-boost|p2b: Oricorio|spe|1
|move|p2a: Murkrow|Foul Play|p1a: Rillaboom
|-damage|p1a: Rillaboom|40/100
|
|-weather|none
|-heal|p1a: Rillaboom|46/100|[from] Grassy Terrain
|upkeep
|turn|7
|inactive|matrod has 30 seconds left.
|inactive|KarmaPoliceVGC has 30 seconds left.
|
|t:|1757811300
|move|p1a: Rillaboom|Fake Out|p2a: Murkrow
|-damage|p2a: Murkrow|59/100
|cant|p2a: Murkrow|flinch
|move|p2b: Oricorio|Air Slash|p1a: Rillaboom
|-supereffective|p1a: Rillaboom
|-damage|p1a: Rillaboom|0 fnt
|faint|p1a: Rillaboom
|move|p1b: Volcarona|Heat Wave|p2b: Oricorio|[spread] p2a,p2b
|-damage|p2a: Murkrow|0 fnt
|-damage|p2b: Oricorio|51/100
|faint|p2a: Murkrow
|
|-sideend|p1: matrod|move: Aurora Veil
|upkeep
|
|t:|1757811316
|switch|p2a: Volcarona|Volcarona, L50, M|100/100
|switch|p1a: Basculegion|Basculegion, L50, M|100/100
|turn|8
|
|t:|1757811336
|move|p2b: Oricorio|Revelation Dance|p1a: Basculegion
|-supereffective|p1a: Basculegion
|-damage|p1a: Basculegion|0 fnt
|faint|p1a: Basculegion
|move|p1b: Volcarona|Heat Wave|p2a: Volcarona|[spread] p2b
|-miss|p1b: Volcarona|p2a: Volcarona
|-damage|p2b: Oricorio|2/100
|-enditem|p2b: Oricorio|Sitrus Berry|[eat]
|-heal|p2b: Oricorio|26/100|[from] item: Sitrus Berry
|move|p2a: Volcarona|Fiery Dance|p1b: Volcarona
|-damage|p1b: Volcarona|88/100
|-boost|p2a: Volcarona|spa|1
|-activate|p2b: Oricorio|ability: Dancer
|move|p2b: Oricorio|Fiery Dance|p1b: Volcarona|[from] ability: Dancer
|-damage|p1b: Volcarona|70/100
|
|-heal|p1b: Volcarona|76/100|[from] Grassy Terrain
|-sideend|p2: KarmaPoliceVGC|move: Tailwind
|upkeep
|turn|9
|inactive|KarmaPoliceVGC has 30 seconds left.
|inactive|KarmaPoliceVGC has 20 seconds left.
|
|t:|1757811373
|move|p1b: Volcarona|Protect|p1b: Volcarona
|-singleturn|p1b: Volcarona|Protect
|move|p2b: Oricorio|Protect|p2b: Oricorio
|-singleturn|p2b: Oricorio|Protect
|move|p2a: Volcarona|Fiery Dance|p1b: Volcarona
|-activate|p1b: Volcarona|move: Protect
|
|-heal|p1b: Volcarona|82/100|[from] Grassy Terrain
|upkeep
|turn|10
|inactive|KarmaPoliceVGC has 30 seconds left.
|
|t:|1757811402
|move|p1b: Volcarona|Heat Wave|p2a: Volcarona|[spread] p2a,p2b
|-damage|p2a: Volcarona|11/100
|-damage|p2b: Oricorio|0 fnt
|faint|p2b: Oricorio
|move|p2a: Volcarona|Fiery Dance|p1b: Volcarona
|-damage|p1b: Volcarona|62/100
|-boost|p2a: Volcarona|spa|1
|
|-heal|p1b: Volcarona|68/100|[from] Grassy Terrain
|-heal|p2a: Volcarona|18/100|[from] Grassy Terrain
|-heal|p2a: Volcarona|24/100|[from] item: Leftovers
|-fieldend|move: Grassy Terrain
|upkeep
|-message|KarmaPoliceVGC forfeited.
|
|win|matrod
|l|☆KarmaPoliceVGC
|player|p2|
||matrod is ready for game 3.
||KarmaPoliceVGC is ready for game 3.
|uhtml|next|Next: Game 3 of 3
