|j|☆ivanmrtnnez
|j|☆gundot
|html|ivanmrtnnezgundot    
|uhtml|bestof|Game 1 of a best-of-3
|t:|1782749949
|gametype|doubles
|player|p1|ivanmrtnnez|alder|1135
|player|p2|gundot|ethan-gen2|1127
|gen|9
|tier|[Gen 9 Champions] VGC 2026 Reg M-B (Bo3)
|rated|
|rule|Species Clause: Limit one of each Pokémon
|rule|Item Clause: Limit 1 of each item
|clearpoke
|poke|p1|Charizard, L50, M|
|poke|p1|Aerodactyl, L50, M|
|poke|p1|Farigiraf, L50, F|
|poke|p1|Kingambit, L50, M|
|poke|p1|Garchomp, L50, M|
|poke|p1|Sylveon, L50, M|
|poke|p2|Charizard, L50, M, shiny|
|poke|p2|Whimsicott, L50, F, shiny|
|poke|p2|Floette-Eternal, L50, F|
|poke|p2|Garchomp, L50, M|
|poke|p2|Kingambit, L50, M|
|poke|p2|Basculegion, L50, M|
|teampreview|4
|showteam|p1|Charizard||CharizarditeY|Blaze|WeatherBall,HeatWave,SolarBeam,Protect|Modest||M|||50|]Aerodactyl||Aerodactylite|Pressure|RockSlide,DualWingbeat,Tailwind,IceFang|Jolly||M|||50|]Farigiraf||SitrusBerry|ArmorTail|TrickRoom,TwinBeam,Roar,EnergyBall|Bold||F|||50|]Kingambit||FocusSash|Defiant|SuckerPunch,KowtowCleave,IronHead,LowKick|Adamant||M|||50|]Garchomp||LifeOrb|RoughSkin|DragonClaw,Earthquake,StompingTantrum,Protect|Jolly||M|||50|]Sylveon||FairyFeather|Pixilate|Detect,HyperVoice,QuickAttack,HyperBeam|Modest||M|||50|
|showteam|p2|Charizard||CharizarditeY|SolarPower|HeatWave,WeatherBall,SolarBeam,Protect|Modest||M|||50|]Whimsicott||FocusSash|Prankster|Moonblast,Tailwind,Encore,Protect|Timid||F|||50|]Floette-Eternal||Floettite|FlowerVeil|Moonblast,DazzlingGleam,LightofRuin,Protect|Timid||F|||50|]Garchomp||SitrusBerry|RoughSkin|Earthquake,DragonClaw,RockSlide,Protect|Jolly||M|||50|]Kingambit||BlackGlasses|Defiant|KowtowCleave,SuckerPunch,IronHead,Protect|Adamant||M|||50|]Basculegion||MysticWater|Adaptability|WaveCrash,AquaJet,LastRespects,Protect|Adamant||M|||50|
|inactive|Battle timer is ON: inactive players will automatically lose when time's up. (requested by gundot)
|
|t:|1782749978
|teamsize|p1|4
|teamsize|p2|4
|start
|switch|p1a: Aerodactyl|Aerodactyl, L50, M|100/100
|switch|p1b: Kingambit|Kingambit, L50, M|100/100
|switch|p2a: Floette|Floette-Eternal, L50, F|100/100
|switch|p2b: Whimsicott|Whimsicott, L50, F, shiny|100/100
|-ability|p1a: Aerodactyl|Pressure
|turn|1
|inactive|ivanmrtnnez has 30 seconds left.
|
|t:|1782750009
|detailschange|p1a: Aerodactyl|Aerodactyl-Mega, L50, M
|-mega|p1a: Aerodactyl|Aerodactyl|Aerodactylite
|detailschange|p2a: Floette|Floette-Mega, L50, F
|-mega|p2a: Floette|Floette|Floettite
|-ability|p2a: Floette|Fairy Aura
|move|p2b: Whimsicott|Tailwind|p2b: Whimsicott
|-sidestart|p2: gundot|move: Tailwind
|move|p2a: Floette|Dazzling Gleam|p1a: Aerodactyl|[spread] p1a,p1b
|-damage|p1a: Aerodactyl|47/100
|-damage|p1b: Kingambit|46/100
|move|p1a: Aerodactyl|Tailwind|p1a: Aerodactyl
|-sidestart|p1: ivanmrtnnez|move: Tailwind
|move|p1b: Kingambit|Iron Head|p2a: Floette
|-supereffective|p2a: Floette|1
|-damage|p2a: Floette|0 fnt
|faint|p2a: Floette
|
|upkeep
|
|t:|1782750015
|switch|p2a: Garchomp|Garchomp, L50, M|100/100
|turn|2
|
|t:|1782750037
|move|p1a: Aerodactyl|Ice Fang|p2a: Garchomp
|-supereffective|p2a: Garchomp|2
|-damage|p2a: Garchomp|0 fnt
|-damage|p1a: Aerodactyl|35/100|[from] ability: Rough Skin|[of] p2a: Garchomp
|faint|p2a: Garchomp
|move|p2b: Whimsicott|Moonblast|p1b: Kingambit
|-damage|p1b: Kingambit|4/100
|move|p1b: Kingambit|Iron Head|p2b: Whimsicott
|-supereffective|p2b: Whimsicott|1
|-enditem|p2b: Whimsicott|Focus Sash
|-damage|p2b: Whimsicott|1/100
|
|upkeep
|
|t:|1782750042
|switch|p2a: Basculegion|Basculegion, L50, M|100/100
|turn|3
|
|t:|1782750063
|switch|p1a: Sylveon|Sylveon, L50, M|100/100
|move|p2b: Whimsicott|Protect|p2b: Whimsicott
|-singleturn|p2b: Whimsicott|Protect
|move|p2a: Basculegion|Aqua Jet|p1b: Kingambit
|-crit|p1b: Kingambit
|-damage|p1b: Kingambit|0 fnt
|faint|p1b: Kingambit
|
|upkeep
|
|t:|1782750078
|switch|p1b: Garchomp|Garchomp, L50, M|100/100
|turn|4
|
|t:|1782750098
|move|p2b: Whimsicott|Protect||[still]
|-fail|p2b: Whimsicott
|move|p2a: Basculegion|Protect|p2a: Basculegion
|-singleturn|p2a: Basculegion|Protect
|move|p1a: Sylveon|Quick Attack|p2b: Whimsicott
|-crit|p2b: Whimsicott
|-damage|p2b: Whimsicott|0 fnt
|faint|p2b: Whimsicott
|move|p1b: Garchomp|Dragon Claw|p2a: Basculegion
|-activate|p2a: Basculegion|move: Protect
|
|-sideend|p2: gundot|move: Tailwind
|-sideend|p1: ivanmrtnnez|move: Tailwind
|upkeep
|turn|5
|
|t:|1782750109
|move|p1b: Garchomp|Dragon Claw|p2a: Basculegion
|-damage|p2a: Basculegion|35/100
|-damage|p1b: Garchomp|90/100|[from] item: Life Orb
|move|p2a: Basculegion|Last Respects|p1b: Garchomp
|-damage|p1b: Garchomp|0 fnt
|faint|p1b: Garchomp
|move|p1a: Sylveon|Hyper Voice|p2a: Basculegion
|-damage|p2a: Basculegion|0 fnt
|faint|p2a: Basculegion
|
|win|ivanmrtnnez
