|j|☆ossigt
|j|☆ryoshino
|html|ossigtryoshino    
|uhtml|bestof|Game 2 of a best-of-3
|t:|1756899024
|gametype|doubles
|player|p1|ossigt|hilbert-wonderlauncher|1236
|player|p2|ryoshino|102|1236
|gen|9
|tier|[Gen 9] VGC 2025 Reg H (Bo3)
|rated|
|rule|Species Clause: Limit one of each Pokémon
|rule|Item Clause: Limit 1 of each item
|clearpoke
|poke|p1|Kingambit, L50, F|
|poke|p1|Rillaboom, L50, F|
|poke|p1|Electabuzz, L50, M|
|poke|p1|Dragapult, L50, M|
|poke|p1|Volcarona, L50, M|
|poke|p1|Tauros-Paldea-Aqua, L50, M|
|poke|p2|Murkrow, L50, F|
|poke|p2|Gholdengo, L50|
|poke|p2|Dondozo, L50, M|
|poke|p2|Tatsugiri, L50, M|
|poke|p2|Clefable, L50, F|
|poke|p2|Rillaboom, L50, F|
|teampreview|4
|showteam|p1|Kingambit||BlackGlasses|Defiant|Protect,KowtowCleave,SuckerPunch,SwordsDance|||F|||50|,,,,,Dark]Rillaboom||AssaultVest|GrassySurge|WoodHammer,GrassyGlide,Uturn,FakeOut|||F|||50|,,,,,Fire]Electabuzz||Eviolite|VitalSpirit|Protect,Thunderbolt,HelpingHand,FollowMe|||M|||50|,,,,,Ghost]Dragapult||ChoiceBand|ClearBody|DragonDarts,PhantomForce,Outrage,Uturn|||M|||50|,,,,,Ghost]Volcarona||CovertCloak|FlameBody|Protect,HeatWave,GigaDrain,QuiverDance|||M|||50|,,,,,Dragon]Tauros-Paldea-Aqua||MirrorHerb|Intimidate|Protect,WaveCrash,CloseCombat,AquaJet|||M|||50|,,,,,Water
|showteam|p2|Murkrow||Eviolite|Prankster|Tailwind,FoulPlay,Taunt,Haze|||F|||50|,,,,,Ghost]Gholdengo||ChoiceSpecs|GoodasGold|MakeItRain,Trick,ShadowBall,Thunderbolt||||||50|,,,,,Steel]Dondozo||Leftovers|Unaware|WaveCrash,HeavySlam,OrderUp,Protect|||M|||50|,,,,,Grass]Tatsugiri||FocusSash|Commander|DracoMeteor,IcyWind,MuddyWater,Protect|||M|||50|,,,,,Stellar]Clefable||RockyHelmet|Unaware|Moonblast,FollowMe,Encore,Protect|||F|||50|,,,,,Ghost]Rillaboom||AssaultVest|GrassySurge|DrumBeating,GrassyGlide,Uturn,FakeOut|||F|||50|,,,,,Fire
|inactive|Battle timer is ON: inactive players will automatically lose when time's up. (requested by ryoshino)
|
|t:|1756899052
|teamsize|p1|4
|teamsize|p2|4
|start
|switch|p1a: Electabuzz|Electabuzz, L50, M, shiny|100/100
|switch|p1b: Volcarona|Volcarona, L50, M, shiny|100/100
|switch|p2a: Clefable|Clefable, L50, F|100/100
|switch|p2b: Tatsugiri|Tatsugiri, L50, M|100/100
|turn|1
|
|t:|1756899073
|switch|p1a: Tauros|Tauros-Paldea-Aqua, L50, M|100/100
|-ability|p1a: Tauros|Intimidate|boost
|-unboost|p2a: Clefable|atk|1
|-unboost|p2b: Tatsugiri|atk|1
|switch|p2a: Murkrow|Murkrow, L50, F|100/100
|move|p2b: Tatsugiri|Muddy Water|p1a: Tauros|[spread] p1a,p1b
|-resisted|p1a: Tauros
|-supereffective|p1b: Volcarona
|-damage|p1a: Tauros|78/100
|-damage|p1b: Volcarona|40/100
|move|p1b: Volcarona|Quiver Dance|p1b: Volcarona
|-boost|p1b: Volcarona|spa|1
|-boost|p1b: Volcarona|spd|1
|-boost|p1b: Volcarona|spe|1
|
|upkeep
|turn|2
|
|t:|1756899093
|switch|p1b: Rillaboom|Rillaboom, L50, F, shiny|100/100
|-fieldstart|move: Grassy Terrain|[from] ability: Grassy Surge|[of] p1b: Rillaboom
|move|p2a: Murkrow|Haze|p2a: Murkrow
|-clearallboost
|move|p1a: Tauros|Close Combat|p2b: Tatsugiri
|-damage|p2b: Tatsugiri|2/100
|-unboost|p1a: Tauros|def|1
|-unboost|p1a: Tauros|spd|1
|move|p2b: Tatsugiri|Muddy Water|p1a: Tauros|[spread] p1a,p1b
|-resisted|p1a: Tauros
|-resisted|p1b: Rillaboom
|-damage|p1a: Tauros|42/100
|-damage|p1b: Rillaboom|88/100
|
|-heal|p1a: Tauros|49/100|[from] Grassy Terrain
|-heal|p2b: Tatsugiri|7/100|[from] Grassy Terrain
|-heal|p1b: Rillaboom|94/100|[from] Grassy Terrain
|upkeep
|turn|3
|inactive|ossigt has 30 seconds left.
|
|t:|1756899123
|switch|p2b: Clefable|Clefable, L50, F|100/100
|move|p1a: Tauros|Protect|p1a: Tauros
|-singleturn|p1a: Tauros|Protect
|move|p1b: Rillaboom|Wood Hammer|p2a: Murkrow
|-resisted|p2a: Murkrow
|-damage|p2a: Murkrow|56/100
|-damage|p1b: Rillaboom|82/100|[from] Recoil
|move|p2a: Murkrow|Foul Play|p1a: Tauros
|-activate|p1a: Tauros|move: Protect
|
|-heal|p1a: Tauros|55/100|[from] Grassy Terrain
|-heal|p1b: Rillaboom|88/100|[from] Grassy Terrain
|upkeep
|turn|4
|
|t:|1756899142
|switch|p1a: Electabuzz|Electabuzz, L50, M, shiny|100/100
|move|p2b: Clefable|Follow Me|p2b: Clefable
|-singleturn|p2b: Clefable|move: Follow Me
|move|p1b: Rillaboom|U-turn|p2b: Clefable
|-resisted|p2b: Clefable
|-damage|p2b: Clefable|90/100
|-damage|p1b: Rillaboom|72/100|[from] item: Rocky Helmet|[of] p2b: Clefable
|
|t:|1756899152
|switch|p1b: Volcarona|Volcarona, L50, M, shiny|40/100|[from] U-turn
|move|p2a: Murkrow|Foul Play|p1b: Volcarona
|-damage|p1b: Volcarona|21/100
|-status|p2a: Murkrow|brn|[from] ability: Flame Body|[of] p1b: Volcarona
|
|-heal|p1b: Volcarona|28/100|[from] Grassy Terrain
|-heal|p2b: Clefable|96/100|[from] Grassy Terrain
|-damage|p2a: Murkrow|50/100 brn|[from] brn
|upkeep
|turn|5
|inactive|ryoshino has 30 seconds left.
|
|t:|1756899181
|move|p1a: Electabuzz|Follow Me|p1a: Electabuzz
|-singleturn|p1a: Electabuzz|move: Follow Me
|move|p2a: Murkrow|Tailwind|p2a: Murkrow
|-sidestart|p2: ryoshino|move: Tailwind
|move|p2b: Clefable|Moonblast|p1a: Electabuzz
|-damage|p1a: Electabuzz|74/100
|move|p1b: Volcarona|Quiver Dance|p1b: Volcarona
|-boost|p1b: Volcarona|spa|1
|-boost|p1b: Volcarona|spd|1
|-boost|p1b: Volcarona|spe|1
|
|-heal|p1b: Volcarona|34/100|[from] Grassy Terrain
|-heal|p2b: Clefable|100/100|[from] Grassy Terrain
|-heal|p1a: Electabuzz|79/100|[from] Grassy Terrain
|-damage|p2a: Murkrow|44/100 brn|[from] brn
|upkeep
|turn|6
|
|t:|1756899195
|move|p1b: Volcarona|Protect|p1b: Volcarona
|-singleturn|p1b: Volcarona|Protect
|move|p2a: Murkrow|Haze|p2a: Murkrow
|-clearallboost
|move|p2b: Clefable|Encore|p1a: Electabuzz
|-start|p1a: Electabuzz|Encore
|move|p1a: Electabuzz|Follow Me|p1a: Electabuzz
|-singleturn|p1a: Electabuzz|move: Follow Me
|
|-heal|p1b: Volcarona|40/100|[from] Grassy Terrain
|-heal|p1a: Electabuzz|85/100|[from] Grassy Terrain
|-damage|p2a: Murkrow|38/100 brn|[from] brn
|-fieldend|move: Grassy Terrain
|upkeep
|turn|7
|
|t:|1756899209
|move|p1a: Electabuzz|Follow Me|p1a: Electabuzz
|-singleturn|p1a: Electabuzz|move: Follow Me
|move|p2a: Murkrow|Taunt|p1a: Electabuzz
|-start|p1a: Electabuzz|move: Taunt
|move|p2b: Clefable|Moonblast|p1a: Electabuzz
|-damage|p1a: Electabuzz|61/100
|move|p1b: Volcarona|Heat Wave|p2b: Clefable|[spread] p2b
|-miss|p1b: Volcarona|p2a: Murkrow
|-damage|p2b: Clefable|69/100
|
|-damage|p2a: Murkrow|32/100 brn|[from] brn
|upkeep
|turn|8
|inactive|ossigt has 30 seconds left.
|
|t:|1756899236
|switch|p2a: Gholdengo|Gholdengo, L50|100/100
|switch|p1a: Rillaboom|Rillaboom, L50, F, shiny|72/100
|-fieldstart|move: Grassy Terrain|[from] ability: Grassy Surge|[of] p1a: Rillaboom
|move|p1b: Volcarona|Protect|p1b: Volcarona
|-singleturn|p1b: Volcarona|Protect
|move|p2b: Clefable|Moonblast|p1b: Volcarona
|-activate|p1b: Volcarona|move: Protect
|
|-heal|p2b: Clefable|75/100|[from] Grassy Terrain
|-heal|p1b: Volcarona|46/100|[from] Grassy Terrain
|-heal|p1a: Rillaboom|77/100|[from] Grassy Terrain
|-sideend|p2: ryoshino|move: Tailwind
|upkeep
|turn|9
|
|t:|1756899254
|move|p1a: Rillaboom|Fake Out|p2b: Clefable
|-damage|p2b: Clefable|63/100
|-damage|p1a: Rillaboom|61/100|[from] item: Rocky Helmet|[of] p2b: Clefable
|move|p1b: Volcarona|Heat Wave|p2a: Gholdengo|[spread] p2a,p2b
|-supereffective|p2a: Gholdengo
|-crit|p2b: Clefable
|-damage|p2a: Gholdengo|15/100
|-damage|p2b: Clefable|20/100
|-status|p2b: Clefable|brn
|move|p2a: Gholdengo|Make It Rain|p1a: Rillaboom|[spread] p1a,p1b
|-resisted|p1b: Volcarona
|-damage|p1a: Rillaboom|5/100
|-damage|p1b: Volcarona|11/100
|-unboost|p2a: Gholdengo|spa|1
|cant|p2b: Clefable|flinch
|
|-heal|p1b: Volcarona|18/100|[from] Grassy Terrain
|-heal|p2a: Gholdengo|21/100|[from] Grassy Terrain
|-heal|p1a: Rillaboom|11/100|[from] Grassy Terrain
|-heal|p2b: Clefable|26/100 brn|[from] Grassy Terrain
|-damage|p2b: Clefable|20/100 brn|[from] brn
|upkeep
|turn|10
|
|t:|1756899279
|switch|p2a: Tatsugiri|Tatsugiri, L50, M|7/100
|move|p1a: Rillaboom|Grassy Glide|p2a: Tatsugiri
|-damage|p2a: Tatsugiri|0 fnt
|faint|p2a: Tatsugiri
|move|p1b: Volcarona|Heat Wave|p2b: Clefable
|-damage|p2b: Clefable|0 fnt
|faint|p2b: Clefable
|
|-heal|p1b: Volcarona|24/100|[from] Grassy Terrain
|-heal|p1a: Rillaboom|17/100|[from] Grassy Terrain
|upkeep
|
|t:|1756899285
|switch|p2a: Murkrow|Murkrow, L50, F|32/100 brn
|switch|p2b: Gholdengo|Gholdengo, L50|21/100
|turn|11
|
|t:|1756899298
|move|p1b: Volcarona|Protect|p1b: Volcarona
|-singleturn|p1b: Volcarona|Protect
|move|p1a: Rillaboom|Grassy Glide|p2b: Gholdengo
|-resisted|p2b: Gholdengo
|-damage|p2b: Gholdengo|0 fnt
|faint|p2b: Gholdengo
|move|p2a: Murkrow|Tailwind|p2a: Murkrow
|-sidestart|p2: ryoshino|move: Tailwind
|
|-heal|p1b: Volcarona|30/100|[from] Grassy Terrain
|-heal|p1a: Rillaboom|23/100|[from] Grassy Terrain
|-damage|p2a: Murkrow|26/100 brn|[from] brn
|upkeep
|turn|12
|-message|ryoshino forfeited.
|
|win|ossigt
|raw|ossigt's rating: 1236 → 1261(+25 for winning)
|raw|ryoshino's rating: 1236 → 1211(-25 for losing)
|l|☆ryoshino
|player|p2|
