|j|‚òÜEmekaD
|j|‚òÜpachi_deidad
|html|EmekaDpachi_deidad    
|uhtml|bestof|Game 2 of a best-of-3
|t:|1782430944
|gametype|doubles
|player|p1|EmekaD|alain|
|player|p2|pachi_deidad|102|
|gen|9
|tier|[Gen 9 Champions] VGC 2026 Reg M-B (Bo3)
|rule|Species Clause: Limit one of each Pok√©mon
|rule|Item Clause: Limit 1 of each item
|clearpoke
|poke|p1|Lycanroc-Dusk, L50, F|
|poke|p1|Sneasler, L50, F|
|poke|p1|Scovillain, L50, F|
|poke|p1|Basculegion, L50, M|
|poke|p1|Froslass, L50, F|
|poke|p1|Kingambit, L50, M|
|poke|p2|Drampa, L50, M, shiny|
|poke|p2|Klefki, L50, F, shiny|
|poke|p2|Torkoal, L50, M, shiny|
|poke|p2|Mawile, L50, M, shiny|
|poke|p2|Oranguru, L50, M, shiny|
|poke|p2|Sinistcha-Masterpiece, L50, shiny|
|teampreview|4
|showteam|p1|Lycanroc-Dusk||FocusSash|ToughClaws|RockSlide,CloseCombat,Accelerock,Protect|Adamant||F|||50|]Sneasler||WhiteHerb|Unburden|CloseCombat,GunkShot,FakeOut,Protect|Jolly||F|||50|]Scovillain||Scovillainite|Moody|Overheat,GigaDrain,RagePowder,Protect|Bold||F|||50|]Basculegion||SitrusBerry|Adaptability|WaveCrash,LastRespects,AquaJet,Protect|Adamant||M|||50|]Froslass||Froslassite|SnowCloak|Blizzard,ShadowBall,AuroraVeil,Protect|Modest||F|||50|]Kingambit||BlackGlasses|Defiant|KowtowCleave,SuckerPunch,SwordsDance,Protect|Adamant||M|||50|
|showteam|p2|Drampa||Drampanite|Berserk|Flamethrower,DracoMeteor,Protect,Thunderbolt|Quiet||M|||50|]Klefki||LightClay|Prankster|Reflect,LightScreen,TrickRoom,FoulPlay|Bold||F|||50|]Torkoal||HeatRock|Drought|Eruption,HeatWave,Protect,EarthPower|Quiet||M|||50|]Mawile||Mawilite|HyperCutter|PlayRough,SuckerPunch,Protect,SwordsDance|Brave||M|||50|]Oranguru||MentalHerb|InnerFocus|TrickRoom,Protect,FoulPlay,Instruct|Impish||M|||50|]Sinistcha-Masterpiece||SitrusBerry|Hospitality|LifeDew,RagePowder,TrickRoom,ShadowBall|Bold|||||50|
|c|‚òÜEmekaD|no te rentaba el sucker tampoco
|c|‚òÜEmekaD|era play rought
|c|‚òÜpachi_deidad|cierto
|c|‚òÜEmekaD|porque no perdias nada
|
|t:|1782431008
|teamsize|p1|4
|teamsize|p2|4
|start
|switch|p1a: Froslass|Froslass, L50, F|100/100
|switch|p1b: Kingambit|Kingambit, L50, M|100/100
|switch|p2a: Drampa|Drampa, L50, M, shiny|100/100
|switch|p2b: Oranguru|Oranguru, L50, M, shiny|100/100
|turn|1
|
|t:|1782431053
|switch|p2b: Torkoal|Torkoal, L50, M, shiny|100/100
|-weather|SunnyDay|[from] ability: Drought|[of] p2b: Torkoal
|detailschange|p1a: Froslass|Froslass-Mega, L50, F
|-mega|p1a: Froslass|Froslass|Froslassite
|-weather|Snowscape|[from] ability: Snow Warning|[of] p1a: Froslass
|detailschange|p2a: Drampa|Drampa-Mega, L50, M, shiny
|-mega|p2a: Drampa|Drampa|Drampanite
|move|p1a: Froslass|Aurora Veil|p1a: Froslass
|-sidestart|p1: EmekaD|move: Aurora Veil
|move|p1b: Kingambit|Swords Dance|p1b: Kingambit
|-boost|p1b: Kingambit|atk|2
|move|p2a: Drampa|Flamethrower|p1b: Kingambit
|-supereffective|p1b: Kingambit|1
|-damage|p1b: Kingambit|43/100
|
|-weather|Snowscape|[upkeep]
|upkeep
|turn|2
|
|t:|1782431074
|switch|p1a: Lycanroc|Lycanroc-Dusk, L50, F|100/100
|move|p1b: Kingambit|Protect|p1b: Kingambit
|-singleturn|p1b: Kingambit|Protect
|move|p2a: Drampa|Flamethrower|p1b: Kingambit
|-activate|p1b: Kingambit|move: Protect
|move|p2b: Torkoal|Heat Wave|p1a: Lycanroc|[spread] p1a
|-activate|p1b: Kingambit|move: Protect
|-resisted|p1a: Lycanroc|1
|-damage|p1a: Lycanroc|82/100
|
|-weather|Snowscape|[upkeep]
|upkeep
|turn|3
|c|‚òÜpachi_deidad|pense que primero eran las megas jaksjska
|c|‚òÜEmekaD|nop
|
|t:|1782431090
|switch|p2b: Klefki|Klefki, L50, F, shiny|100/100
|move|p2a: Drampa|Protect|p2a: Drampa
|-singleturn|p2a: Drampa|Protect
|move|p1a: Lycanroc|Rock Slide|p2a: Drampa|[spread] p2b
|-activate|p2a: Drampa|move: Protect
|-resisted|p2b: Klefki|1
|-damage|p2b: Klefki|83/100
|move|p1b: Kingambit|Kowtow Cleave|p2a: Drampa
|-activate|p2a: Drampa|move: Protect
|
|-weather|Snowscape|[upkeep]
|upkeep
|turn|4
|
|t:|1782431105
|switch|p2a: Torkoal|Torkoal, L50, M, shiny|100/100
|-weather|SunnyDay|[from] ability: Drought|[of] p2a: Torkoal
|move|p2b: Klefki|Reflect|p2b: Klefki
|-sidestart|p2: pachi_deidad|Reflect
|move|p1a: Lycanroc|Close Combat|p2a: Torkoal
|-damage|p2a: Torkoal|74/100
|-unboost|p1a: Lycanroc|def|1
|-unboost|p1a: Lycanroc|spd|1
|move|p1b: Kingambit|Kowtow Cleave|p2a: Torkoal
|-damage|p2a: Torkoal|12/100
|
|-weather|SunnyDay|[upkeep]
|upkeep
|turn|5
|
|t:|1782431118
|move|p2a: Torkoal|Protect|p2a: Torkoal
|-singleturn|p2a: Torkoal|Protect
|move|p1a: Lycanroc|Rock Slide|p2a: Torkoal|[spread] 
|-activate|p2a: Torkoal|move: Protect
|-miss|p1a: Lycanroc|p2b: Klefki
|move|p1b: Kingambit|Kowtow Cleave|p2b: Klefki
|-resisted|p2b: Klefki|1
|-damage|p2b: Klefki|41/100
|move|p2b: Klefki|Trick Room|p2b: Klefki
|-fieldstart|move: Trick Room|[of] p2b: Klefki
|
|-weather|SunnyDay|[upkeep]
|-sideend|p1: EmekaD|move: Aurora Veil
|upkeep
|turn|6
|c|‚òÜEmekaD|aca tampoco rentaba el trade
|
|t:|1782431140
|move|p1a: Lycanroc|Accelerock|p2a: Torkoal
|-supereffective|p2a: Torkoal|1
|-damage|p2a: Torkoal|0 fnt
|faint|p2a: Torkoal
|move|p1b: Kingambit|Kowtow Cleave|p2b: Klefki
|-resisted|p2b: Klefki|1
|-damage|p2b: Klefki|0 fnt
|faint|p2b: Klefki
|
|-weather|SunnyDay|[upkeep]
|upkeep
|c|‚òÜEmekaD|recuerda el accelerock
|
|t:|1782431147
|switch|p2a: Oranguru|Oranguru, L50, M, shiny|100/100
|switch|p2b: Drampa|Drampa-Mega, L50, M, shiny|100/100
|turn|7
|
|t:|1782431166
|switch|p1a: Froslass|Froslass-Mega, L50, F|100/100
|-weather|Snowscape|[from] ability: Snow Warning|[of] p1a: Froslass
|move|p1b: Kingambit|Protect|p1b: Kingambit
|-singleturn|p1b: Kingambit|Protect
|move|p2b: Drampa|Flamethrower|p1b: Kingambit
|-activate|p1b: Kingambit|move: Protect
|move|p2a: Oranguru|Foul Play|p1a: Froslass
|-supereffective|p1a: Froslass|1
|-damage|p1a: Froslass|68/100
|
|-weather|Snowscape|[upkeep]
|upkeep
|turn|8
|
|t:|1782431184
|move|p1b: Kingambit|Sucker Punch|p2b: Drampa
|-damage|p2b: Drampa|41/100
|-ability|p2b: Drampa|Berserk|boost
|-boost|p2b: Drampa|spa|1
|move|p2b: Drampa|Flamethrower|p1a: Froslass
|-supereffective|p1a: Froslass|1
|-damage|p1a: Froslass|0 fnt
|faint|p1a: Froslass
|move|p2a: Oranguru|Instruct|p2b: Drampa
|-singleturn|p2b: Drampa|move: Instruct|[of] p2a: Oranguru
|move|p2b: Drampa|Flamethrower|p1b: Kingambit
|-supereffective|p1b: Kingambit|1
|-damage|p1b: Kingambit|0 fnt
|faint|p1b: Kingambit
|
|-weather|Snowscape|[upkeep]
|upkeep
|
|t:|1782431191
|switch|p1b: Sneasler|Sneasler, L50, F|100/100
|switch|p1a: Lycanroc|Lycanroc-Dusk, L50, F|82/100
|turn|9
|c|‚òÜEmekaD|tradie el match
|c|‚òÜEmekaD|hice mala play
|c|‚òÜEmekaD|mi play siempre era guardarle y sacar sneasler
|c|‚òÜpachi_deidad|igual creo que es tuya
|c|‚òÜEmekaD|deberia
|
|t:|1782431226
|move|p1b: Sneasler|Fake Out|p2b: Drampa
|-damage|p2b: Drampa|33/100
|cant|p2b: Drampa|flinch
|move|p2a: Oranguru|Instruct|p2b: Drampa
|-singleturn|p2b: Drampa|move: Instruct|[of] p2a: Oranguru
|cant|p2b: Drampa|flinch
|move|p1a: Lycanroc|Rock Slide|p2b: Drampa|[spread] p2a,p2b
|-damage|p2a: Oranguru|85/100
|-damage|p2b: Drampa|16/100
|
|-weather|Snowscape|[upkeep]
|-fieldend|move: Trick Room
|upkeep
|turn|10
|c|‚òÜEmekaD|pero por fe
|c|‚òÜpachi_deidad|que no se pierda la fe
|
|t:|1782431255
|move|p1b: Sneasler|Close Combat|p2a: Oranguru
|-damage|p2a: Oranguru|60/100
|-unboost|p1b: Sneasler|def|1
|-unboost|p1b: Sneasler|spd|1
|-enditem|p1b: Sneasler|White Herb
|-clearnegativeboost|p1b: Sneasler|[silent]
|move|p1a: Lycanroc|Rock Slide|p2b: Drampa|[spread] p2a,p2b
|-damage|p2a: Oranguru|46/100
|-damage|p2b: Drampa|0 fnt
|faint|p2b: Drampa
|move|p2a: Oranguru|Trick Room|p2a: Oranguru
|-fieldstart|move: Trick Room|[of] p2a: Oranguru
|
|-weather|Snowscape|[upkeep]
|upkeep
|turn|11
|c|‚òÜEmekaD|por fe no se
|c|‚òÜEmekaD|xd
|c|‚òÜpachi_deidad|okay ya se perdio
|
|t:|1782431273
|move|p2a: Oranguru|Foul Play|p1a: Lycanroc
|-damage|p1a: Lycanroc|28/100
|move|p1a: Lycanroc|Rock Slide|p2a: Oranguru
|-damage|p2a: Oranguru|23/100
|move|p1b: Sneasler|Gunk Shot|p2a: Oranguru
|-damage|p2a: Oranguru|0 fnt
|faint|p2a: Oranguru
|
|win|EmekaD
|c|‚òÜEmekaD|se
|c|‚òÜpachi_deidad|gg
|l|‚òÜpachi_deidad
|player|p2|
