|j|☆14#coder9
|j|☆thorfraiowa
|html|14#coder9thorfraiowa    
|uhtml|bestof|Game 1 of a best-of-3
|t:|1785865110
|gametype|doubles
|player|p1|14#coder9|unknown|1149
|player|p2|thorfraiowa|palmer|1076
|gen|9
|tier|[Gen 9 Champions] VGC 2026 Reg M-B (Bo3)
|rated|
|rule|Species Clause: Limit one of each Pokémon
|rule|Item Clause: Limit 1 of each item
|clearpoke
|poke|p1|Charizard, L50, F, shiny|
|poke|p1|Whimsicott, L50, M, shiny|
|poke|p1|Incineroar, L50, M|
|poke|p1|Garchomp, L50, F, shiny|
|poke|p1|Rotom-Wash, L50|
|poke|p1|Staraptor, L50, M|
|poke|p2|Mawile, L50, F|
|poke|p2|Zoroark-Hisui, L50, M|
|poke|p2|Farigiraf, L50, F|
|poke|p2|Heracross, L50, F|
|poke|p2|Sinistcha-Masterpiece, L50|
|poke|p2|Samurott-Hisui, L50, F|
|teampreview|4
|showteam|p1|Charizard||CharizarditeY|Blaze|HeatWave,Overheat,SolarBeam,Protect|Modest||F|||50|]Whimsicott||FocusSash|Prankster|SunnyDay,Tailwind,Moonblast,Encore|Timid||M|||50|]Incineroar||ChopleBerry|Intimidate|FlareBlitz,PartingShot,FakeOut,ThroatChop|Careful||M|||50|]Garchomp||LifeOrb|RoughSkin|RockSlide,DragonClaw,Earthquake,Protect|Jolly||F|||50|]Rotom-Wash||SitrusBerry|Levitate|HydroPump,VoltSwitch,WillOWisp,Electroweb|Bold|||||50|]Staraptor||Staraptite|Intimidate|Protect,CloseCombat,BraveBird,Roost|Jolly||M|||50|
|showteam|p2|Mawile||Mawilite|HyperCutter|PlayRough,RockSlide,SuckerPunch,Protect|Adamant||F|||50|]Zoroark-Hisui||FocusSash|Illusion|BitterMalice,HyperVoice,Snarl,Protect|Hasty||M|||50|]Farigiraf||ColburBerry|ArmorTail|TrickRoom,Thunderbolt,PsychicNoise,Reflect|Sassy||F|||50|]Heracross||Heracronite|Swarm|PinMissile,RockBlast,CloseCombat,Detect|Brave||F|||50|]Sinistcha-Masterpiece||SitrusBerry|Hospitality|TrickRoom,RagePowder,MatchaGotcha,Protect|Sassy|||||50|]Samurott-Hisui||LifeOrb|Sharpness|ThroatChop,SuckerPunch,FlipTurn,Protect|Adamant||F|||50|
|inactive|Battle timer is ON: inactive players will automatically lose when time's up. (requested by 14#coder9)
|inactive|14#coder9 has 60 seconds left.
|inactive|thorfraiowa has 60 seconds left.
|inactive|14#coder9 has 30 seconds left.
|inactive|14#coder9 has 20 seconds left.
|inactive|14#coder9 has 15 seconds left.
|inactive|14#coder9 has 10 seconds left.
|
|t:|1785865212
|teamsize|p1|4
|teamsize|p2|4
|start
|switch|p1a: Rotom|Rotom-Wash, L50|100/100
|switch|p1b: Charizard|Charizard, L50, F, shiny|100/100
|switch|p2a: Mawile|Mawile, L50, F|100/100
|switch|p2b: Farigiraf|Farigiraf, L50, F|100/100
|turn|1
|
|t:|1785865236
|detailschange|p1b: Charizard|Charizard-Mega-Y, L50, F, shiny
|-mega|p1b: Charizard|Charizard|Charizardite Y
|-weather|SunnyDay|[from] ability: Drought|[of] p1b: Charizard
|move|p2a: Mawile|Protect|p2a: Mawile
|-singleturn|p2a: Mawile|Protect
|move|p1b: Charizard|Heat Wave|p2a: Mawile|[spread] 
|-activate|p2a: Mawile|move: Protect
|-miss|p1b: Charizard|p2b: Farigiraf
|move|p1a: Rotom|Volt Switch|p2b: Farigiraf
|-damage|p2b: Farigiraf|80/100
|
|t:|1785865248
|switch|p1a: Whimsicott|Whimsicott, L50, M, shiny|100/100|[from] Volt Switch
|move|p2b: Farigiraf|Trick Room|p2b: Farigiraf
|-fieldstart|move: Trick Room|[of] p2b: Farigiraf
|
|-weather|SunnyDay|[upkeep]
|upkeep
|turn|2
|
|t:|1785865266
|switch|p2b: Samurott|Samurott-Hisui, L50, F|100/100
|detailschange|p2a: Mawile|Mawile-Mega, L50, F
|-mega|p2a: Mawile|Mawile|Mawilite
|move|p1a: Whimsicott|Encore|p2a: Mawile
|-start|p2a: Mawile|Encore
|move|p2a: Mawile|Protect|p2a: Mawile
|-singleturn|p2a: Mawile|Protect
|move|p1b: Charizard|Heat Wave|p2a: Mawile|[spread] p2b
|-activate|p2a: Mawile|move: Protect
|-resisted|p2b: Samurott|1
|-damage|p2b: Samurott|55/100
|
|-weather|SunnyDay|[upkeep]
|upkeep
|turn|3
|
|t:|1785865291
|switch|p2a: Farigiraf|Farigiraf, L50, F|80/100
|move|p2b: Samurott|Flip Turn|p1a: Whimsicott
|-resisted|p1a: Whimsicott|1
|-damage|p1a: Whimsicott|88/100
|-damage|p2b: Samurott|45/100|[from] item: Life Orb
|
|t:|1785865302
|switch|p2b: Mawile|Mawile-Mega, L50, F|100/100|[from] Flip Turn
|move|p1b: Charizard|Heat Wave|p2a: Farigiraf|[spread] p2a,p2b
|-supereffective|p2b: Mawile|1
|-damage|p2a: Farigiraf|32/100
|-damage|p2b: Mawile|0 fnt
|faint|p2b: Mawile
|move|p1a: Whimsicott|Moonblast|p2a: Farigiraf
|-damage|p2a: Farigiraf|13/100
|
|-weather|SunnyDay|[upkeep]
|upkeep
|
|t:|1785865312
|switch|p2b: Samurott|Samurott-Hisui, L50, F|45/100
|turn|4
|
|t:|1785865331
|switch|p1b: Incineroar|Incineroar, L50, M|100/100
|-ability|p1b: Incineroar|Intimidate|boost
|-unboost|p2a: Farigiraf|atk|1
|-unboost|p2b: Samurott|atk|1
|move|p2a: Farigiraf|Thunderbolt|p1b: Incineroar
|-damage|p1b: Incineroar|82/100
|move|p2b: Samurott|Throat Chop|p1b: Incineroar
|-resisted|p1b: Incineroar|1
|-damage|p1b: Incineroar|65/100
|-start|p1b: Incineroar|Throat Chop|[silent]
|-damage|p2b: Samurott|36/100|[from] item: Life Orb
|move|p1a: Whimsicott|Moonblast|p2b: Samurott
|-supereffective|p2b: Samurott|1
|-damage|p2b: Samurott|0 fnt
|faint|p2b: Samurott
|
|-weather|SunnyDay|[upkeep]
|upkeep
|
|t:|1785865345
|switch|p2b: Sinistcha|Sinistcha-Masterpiece, L50|100/100
|-heal|p2a: Farigiraf|37/100|[from] ability: Hospitality|[of] p2b: Sinistcha
|turn|5
|
|t:|1785865362
|move|p2a: Farigiraf|Thunderbolt|p1b: Incineroar
|-damage|p1b: Incineroar|45/100
|move|p2b: Sinistcha|Matcha Gotcha|p1a: Whimsicott|[spread] p1a
|-miss|p2b: Sinistcha|p1b: Incineroar
|-resisted|p1a: Whimsicott|1
|-crit|p1a: Whimsicott
|-damage|p1a: Whimsicott|66/100
|move|p1b: Incineroar|Flare Blitz|p2a: Farigiraf
|-damage|p2a: Farigiraf|0 fnt
|faint|p2a: Farigiraf
|-damage|p1b: Incineroar|31/100|[from] Recoil
|move|p1a: Whimsicott|Moonblast|p2b: Sinistcha
|-damage|p2b: Sinistcha|76/100
|
|-weather|none
|-end|p1b: Incineroar|Throat Chop|[silent]
|-fieldend|move: Trick Room
|upkeep
|turn|6
|
|t:|1785865380
|move|p1a: Whimsicott|Moonblast|p2b: Sinistcha
|-damage|p2b: Sinistcha|51/100
|move|p1b: Incineroar|Flare Blitz|p2b: Sinistcha
|-supereffective|p2b: Sinistcha|1
|-damage|p2b: Sinistcha|0 fnt
|faint|p2b: Sinistcha
|-damage|p1b: Incineroar|16/100|[from] Recoil
|
|win|14#coder9
||thorfraiowa is ready for game 2.
|c|☆14#coder9|GG
|inactive|14#coder9 has 30 seconds to confirm battle start!
|c|☆thorfraiowa|Thx
|inactive|14#coder9 has 20 seconds to confirm battle start!
||14#coder9 is ready for game 2.
|uhtml|next|Next: Game 2 of 3
