|j|☆atomic_crayon
|j|☆MunaroloTheOne
|html|atomic_crayonMunaroloTheOne    
|uhtml|bestof|Game 1 of a best-of-3
|t:|1782691694
|gametype|doubles
|player|p1|atomic_crayon|101|1000
|player|p2|MunaroloTheOne|169|1022
|gen|9
|tier|[Gen 9 Champions] VGC 2026 Reg M-B (Bo3)
|rated|
|rule|Species Clause: Limit one of each Pokémon
|rule|Item Clause: Limit 1 of each item
|clearpoke
|poke|p1|Houndoom, L50, M|
|poke|p1|Ninetales, L50, F|
|poke|p1|Aegislash, L50, M|
|poke|p1|Grimmsnarl, L50, M|
|poke|p1|Pelipper, L50, M|
|poke|p1|Dragonite, L50, M|
|poke|p2|Pelipper, L50, M|
|poke|p2|Archaludon, L50, M|
|poke|p2|Sylveon, L50, M|
|poke|p2|Oranguru, L50, F|
|poke|p2|Raichu, L50, F|
|poke|p2|Grimmsnarl, L50, M|
|teampreview|4
|showteam|p1|Houndoom||Houndoominite|EarlyBird|HeatWave,Overheat,Trailblaze,Protect|Modest||M|||50|]Ninetales||HeatRock|Drought|Disable,SunnyDay,Roar,Protect|Gentle||F|||50|]Aegislash||LifeOrb|StanceChange|BrickBreak,DestinyBond,ShadowClaw,KingsShield|Careful||M|||50|]Grimmsnarl||IronBall|Prankster|FakeOut,Trick,Reflect,Protect|Gentle||M|||50|]Pelipper||FocusSash|Drizzle|Tailwind,WeatherBall,BraveBird,Protect|Relaxed||M|||50|]Dragonite||Dragoninite|Multiscale|Hurricane,DracoMeteor,HeatWave,Protect|Modest||M|||50|
|showteam|p2|Pelipper||SitrusBerry|Drizzle|Tailwind,WeatherBall,WideGuard,Hurricane|Modest||M|||50|]Archaludon||Leftovers|Stamina|DragonPulse,ElectroShot,FlashCannon,Protect|Modest||M|||50|]Sylveon||FairyFeather|Pixilate|HyperVoice,HyperBeam,QuickAttack,Charm|Quiet||M|||50|]Oranguru||BrightPowder|InnerFocus|TrickRoom,Psychic,Instruct,Protect|Bold||F|||50|]Raichu||RaichuniteY|LightningRod|ZapCannon,VoltSwitch,FocusBlast,FakeOut|Timid||F|||50|]Grimmsnarl||LightClay|Prankster|Reflect,Protect,SpiritBreak,PartingShot|Careful||M|||50|
|
|t:|1782691708
|teamsize|p1|4
|teamsize|p2|4
|start
|switch|p1a: Dragonite|Dragonite, L50, M|100/100
|switch|p1b: Grimmsnarl|Grimmsnarl, L50, M|100/100
|switch|p2a: Pelipper|Pelipper, L50, M|100/100
|switch|p2b: Archaludon|Archaludon, L50, M|100/100
|-weather|RainDance|[from] ability: Drizzle|[of] p2a: Pelipper
|turn|1
|
|t:|1782691730
|detailschange|p1a: Dragonite|Dragonite-Mega, L50, M
|-mega|p1a: Dragonite|Dragonite|Dragoninite
|move|p2b: Archaludon|Protect|p2b: Archaludon
|-singleturn|p2b: Archaludon|Protect
|move|p1b: Grimmsnarl|Trick|p2b: Archaludon
|-activate|p2b: Archaludon|move: Protect
|move|p1a: Dragonite|Hurricane|p2a: Pelipper
|-damage|p2a: Pelipper|0 fnt
|faint|p2a: Pelipper
|
|-weather|RainDance|[upkeep]
|upkeep
|
|t:|1782691744
|switch|p2a: Grimmsnarl|Grimmsnarl, L50, M|100/100
|turn|2
|
|t:|1782691768
|move|p2a: Grimmsnarl|Reflect|p2a: Grimmsnarl
|-sidestart|p2: MunaroloTheOne|Reflect
|move|p1b: Grimmsnarl|Trick|p2a: Grimmsnarl
|-hint|Since gen 7, Dark is immune to Prankster moves.
|-immune|p2a: Grimmsnarl
|move|p1a: Dragonite|Draco Meteor|p2b: Archaludon
|-damage|p2b: Archaludon|17/100
|-unboost|p1a: Dragonite|spa|2
|-ability|p2b: Archaludon|Stamina|boost
|-boost|p2b: Archaludon|def|1
|move|p2b: Archaludon|Dragon Pulse|p1a: Dragonite
|-supereffective|p1a: Dragonite|1
|-damage|p1a: Dragonite|69/100
|
|-weather|RainDance|[upkeep]
|-heal|p2b: Archaludon|23/100|[from] item: Leftovers
|upkeep
|turn|3
|
|t:|1782691788
|move|p2b: Archaludon|Protect|p2b: Archaludon
|-singleturn|p2b: Archaludon|Protect
|move|p1b: Grimmsnarl|Reflect|p1b: Grimmsnarl
|-sidestart|p1: atomic_crayon|Reflect
|move|p1a: Dragonite|Heat Wave|p2a: Grimmsnarl|[spread] p2a
|-activate|p2b: Archaludon|move: Protect
|-damage|p2a: Grimmsnarl|94/100
|move|p2a: Grimmsnarl|Spirit Break|p1a: Dragonite
|-supereffective|p1a: Dragonite|1
|-damage|p1a: Dragonite|28/100
|-unboost|p1a: Dragonite|spa|1
|
|-weather|RainDance|[upkeep]
|-heal|p2b: Archaludon|29/100|[from] item: Leftovers
|upkeep
|turn|4
|
|t:|1782691810
|move|p1a: Dragonite|Protect|p1a: Dragonite
|-singleturn|p1a: Dragonite|Protect
|move|p1b: Grimmsnarl|Trick|p2b: Archaludon
|-activate|p1b: Grimmsnarl|move: Trick|[of] p2b: Archaludon
|-item|p2b: Archaludon|Iron Ball|[from] move: Trick
|-item|p1b: Grimmsnarl|Leftovers|[from] move: Trick
|move|p2a: Grimmsnarl|Spirit Break|p1a: Dragonite
|-activate|p1a: Dragonite|move: Protect
|move|p2b: Archaludon|Flash Cannon|p1b: Grimmsnarl
|-supereffective|p1b: Grimmsnarl|1
|-damage|p1b: Grimmsnarl|25/100
|
|-weather|RainDance|[upkeep]
|-heal|p1b: Grimmsnarl|31/100|[from] item: Leftovers
|upkeep
|turn|5
|
|t:|1782691834
|move|p1b: Grimmsnarl|Protect|p1b: Grimmsnarl
|-singleturn|p1b: Grimmsnarl|Protect
|move|p2b: Archaludon|Protect|p2b: Archaludon
|-singleturn|p2b: Archaludon|Protect
|move|p1a: Dragonite|Hurricane|p2a: Grimmsnarl
|-damage|p2a: Grimmsnarl|73/100
|move|p2a: Grimmsnarl|Spirit Break|p1a: Dragonite
|-supereffective|p1a: Dragonite|1
|-damage|p1a: Dragonite|0 fnt
|faint|p1a: Dragonite
|
|-weather|none
|-heal|p1b: Grimmsnarl|37/100|[from] item: Leftovers
|upkeep
|
|t:|1782691848
|switch|p1a: Aegislash|Aegislash, L50, M|100/100
|turn|6
|
|t:|1782691885
|move|p1b: Grimmsnarl|Protect||[still]
|-fail|p1b: Grimmsnarl
|move|p2a: Grimmsnarl|Parting Shot|p1a: Aegislash
|-unboost|p1a: Aegislash|atk|1
|-unboost|p1a: Aegislash|spa|1
|
|t:|1782691895
|switch|p2a: Raichu|Raichu, L50, F|100/100|[from] Parting Shot
|-formechange|p1a: Aegislash|Aegislash-Blade|
|move|p1a: Aegislash|Brick Break|p2b: Archaludon
|-sideend|p2: MunaroloTheOne|Reflect
|-supereffective|p2b: Archaludon|1
|-crit|p2b: Archaludon
|-damage|p2b: Archaludon|0 fnt
|faint|p2b: Archaludon
|-damage|p1a: Aegislash|90/100|[from] item: Life Orb
|
|-heal|p1b: Grimmsnarl|43/100|[from] item: Leftovers
|upkeep
|
|t:|1782691908
|switch|p2b: Grimmsnarl|Grimmsnarl, L50, M|73/100
|turn|7
|
|t:|1782691935
|detailschange|p2a: Raichu|Raichu-Mega-Y, L50, F
|-mega|p2a: Raichu|Raichu|Raichunite Y
|move|p2a: Raichu|Fake Out|p1a: Aegislash
|-immune|p1a: Aegislash
|move|p1b: Grimmsnarl|Reflect||[still]
|-fail|p1b: Grimmsnarl
|move|p1a: Aegislash|Brick Break|p2b: Grimmsnarl
|-damage|p2b: Grimmsnarl|42/100
|-damage|p1a: Aegislash|80/100|[from] item: Life Orb
|move|p2b: Grimmsnarl|Spirit Break|p1a: Aegislash
|-resisted|p1a: Aegislash|1
|-damage|p1a: Aegislash|57/100
|-unboost|p1a: Aegislash|spa|1
|
|-heal|p1b: Grimmsnarl|49/100|[from] item: Leftovers
|-sideend|p1: atomic_crayon|Reflect
|upkeep
|turn|8
|
|t:|1782691961
|move|p1b: Grimmsnarl|Reflect|p1b: Grimmsnarl
|-sidestart|p1: atomic_crayon|Reflect
|move|p2b: Grimmsnarl|Reflect|p2b: Grimmsnarl
|-sidestart|p2: MunaroloTheOne|Reflect
|move|p2a: Raichu|Zap Cannon|p1a: Aegislash
|-damage|p1a: Aegislash|0 fnt
|faint|p1a: Aegislash
|
|-heal|p1b: Grimmsnarl|55/100|[from] item: Leftovers
|upkeep
|
|t:|1782691969
|switch|p1a: Pelipper|Pelipper, L50, M|100/100
|-weather|RainDance|[from] ability: Drizzle|[of] p1a: Pelipper
|turn|9
|
|t:|1782691982
|move|p1b: Grimmsnarl|Protect|p1b: Grimmsnarl
|-singleturn|p1b: Grimmsnarl|Protect
|move|p2b: Grimmsnarl|Protect|p2b: Grimmsnarl
|-singleturn|p2b: Grimmsnarl|Protect
|move|p2a: Raichu|Zap Cannon|p1a: Pelipper
|-supereffective|p1a: Pelipper|2
|-enditem|p1a: Pelipper|Focus Sash
|-damage|p1a: Pelipper|1/100
|-status|p1a: Pelipper|par
|move|p1a: Pelipper|Brave Bird|p2b: Grimmsnarl
|-activate|p2b: Grimmsnarl|move: Protect
|
|-weather|RainDance|[upkeep]
|-heal|p1b: Grimmsnarl|61/100|[from] item: Leftovers
|upkeep
|turn|10
|-message|atomic_crayon forfeited.
|
|win|MunaroloTheOne
|l|☆atomic_crayon
|player|p1|
|raw|atomic_crayon's rating: 1000 → 1000(+0 for losing)
|raw|MunaroloTheOne's rating: 1022 → 1056(+34 for winning)
