|j|☆ElAvi04
|j|☆VGCsoul
|html|ElAvi04VGCsoul    
|uhtml|bestof|Game 1 of a best-of-3
|t:|1785999047
|gametype|doubles
|player|p1|ElAvi04|266|1145
|player|p2|VGCsoul|lance|1129
|gen|9
|tier|[Gen 9 Champions] VGC 2026 Reg M-B (Bo3)
|rated|
|rule|Species Clause: Limit one of each Pokémon
|rule|Item Clause: Limit 1 of each item
|clearpoke
|poke|p1|Arcanine-Hisui, L50, F|
|poke|p1|Floette-Eternal, L50, F|
|poke|p1|Blastoise, L50, M|
|poke|p1|Sinistcha, L50|
|poke|p1|Corviknight, L50, M, shiny|
|poke|p1|Kommo-o, L50, M|
|poke|p2|Pelipper, L50, M|
|poke|p2|Swampert, L50, M|
|poke|p2|Archaludon, L50, M|
|poke|p2|Sneasler, L50, M|
|poke|p2|Rotom-Heat, L50|
|poke|p2|Dragonite, L50, M|
|teampreview|4
|showteam|p1|Arcanine-Hisui||FocusSash|RockHead|HeadSmash,FlareBlitz,ExtremeSpeed,Protect|Jolly||F|||50|]Floette-Eternal||Floettite|FlowerVeil|Moonblast,DazzlingGleam,CalmMind,Protect|Timid||F|||50|]Blastoise||Blastoisinite|RainDish|WaterSpout,DarkPulse,ShellSmash,Protect|Modest||M|||50|]Sinistcha||KasibBerry|Hospitality|MatchaGotcha,RagePowder,LifeDew,TrickRoom|Relaxed|||||50|]Corviknight||Leftovers|MirrorArmor|BraveBird,IronHead,Tailwind,Protect|Impish||M|||50|]Kommo-o||SitrusBerry|Soundproof|ClangingScales,AuraSphere,ClangorousSoul,Protect|Modest||M|||50|
|showteam|p2|Pelipper||FocusSash|Drizzle|WeatherBall,Tailwind,Hurricane,WideGuard|Modest||M|||50|]Swampert||Swampertite|Torrent|Liquidation,HighHorsepower,IcePunch,Protect|Adamant||M|||50|]Archaludon||Leftovers|Stamina|FlashCannon,DragonPulse,ElectroShot,Protect|Timid||M|||50|]Sneasler||WhiteHerb|Unburden|FakeOut,CloseCombat,DireClaw,Protect|Adamant||M|||50|]Rotom-Heat||ChoiceScarf|Levitate|Trick,DarkPulse,Overheat,Thunderbolt|Timid|||||50|]Dragonite||Dragoninite|Multiscale|DragonClaw,FirePunch,RockSlide,AquaJet|Adamant||M|||50|
|c|☆ElAvi04|glhf
|
|t:|1785999166
|teamsize|p1|4
|teamsize|p2|4
|start
|switch|p1a: Escanor|Corviknight, L50, M, shiny|100/100
|switch|p1b: Messi|Sinistcha, L50|100/100
|switch|p2a: Swampert|Swampert, L50, M|100/100
|switch|p2b: Sneasler|Sneasler, L50, M|100/100
|turn|1
|
|t:|1785999187
|switch|p2a: Archaludon|Archaludon, L50, M|100/100
|move|p2b: Sneasler|Dire Claw|p1b: Messi
|-damage|p1b: Messi|64/100
|-status|p1b: Messi|psn
|move|p1a: Escanor|Tailwind|p1a: Escanor
|-sidestart|p1: ElAvi04|move: Tailwind
|move|p1b: Messi|Trick Room|p1b: Messi
|-fieldstart|move: Trick Room|[of] p1b: Messi
|
|-damage|p1b: Messi|51/100 psn|[from] psn
|upkeep
|turn|2
|c|☆ElAvi04|missclicked tailwind
|c|☆ElAvi04|wow
|c|☆ElAvi04|lmao
|c|☆ElAvi04|isnt this funny
|
|t:|1785999227
|switch|p2b: Pelipper|Pelipper, L50, M|100/100
|-weather|RainDance|[from] ability: Drizzle|[of] p2b: Pelipper
|move|p1b: Messi|Rage Powder|p1b: Messi
|-singleturn|p1b: Messi|move: Rage Powder
|move|p2a: Archaludon|Electro Shot||[still]
|-prepare|p2a: Archaludon|Electro Shot
|-boost|p2a: Archaludon|spa|1
|-anim|p2a: Archaludon|Electro Shot|p1b: Messi
|-resisted|p1b: Messi|1
|-damage|p1b: Messi|18/100 psn
|move|p1a: Escanor|Brave Bird|p2b: Pelipper
|-damage|p2b: Pelipper|61/100
|-damage|p1a: Escanor|89/100|[from] Recoil
|
|-weather|RainDance|[upkeep]
|-heal|p1a: Escanor|95/100|[from] item: Leftovers
|-damage|p1b: Messi|6/100 psn|[from] psn
|upkeep
|turn|3
|
|t:|1785999261
|move|p1a: Escanor|Protect|p1a: Escanor
|-singleturn|p1a: Escanor|Protect
|move|p2b: Pelipper|Tailwind|p2b: Pelipper
|-sidestart|p2: VGCsoul|move: Tailwind
|move|p1b: Messi|Matcha Gotcha|p2a: Archaludon|[spread] p2a,p2b
|-resisted|p2a: Archaludon|2
|-damage|p2a: Archaludon|90/100
|-heal|p1b: Messi|10/100 psn|[from] drain|[of] p2a: Archaludon
|-damage|p2b: Pelipper|25/100
|-heal|p1b: Messi|27/100 psn|[from] drain|[of] p2b: Pelipper
|-ability|p2a: Archaludon|Stamina|boost
|-boost|p2a: Archaludon|def|1
|move|p2a: Archaludon|Electro Shot||[still]
|-prepare|p2a: Archaludon|Electro Shot
|-boost|p2a: Archaludon|spa|1
|-anim|p2a: Archaludon|Electro Shot|p1a: Escanor
|-activate|p1a: Escanor|move: Protect
|
|-weather|RainDance|[upkeep]
|-heal|p1a: Escanor|100/100|[from] item: Leftovers
|-heal|p2a: Archaludon|96/100|[from] item: Leftovers
|-damage|p1b: Messi|15/100 psn|[from] psn
|upkeep
|turn|4
|
|t:|1785999297
|switch|p2b: Swampert|Swampert, L50, M|100/100
|switch|p1a: Travis Scott|Kommo-o, L50, M|100/100
|move|p1b: Messi|Matcha Gotcha|p2b: Swampert|[spread] p2b
|-miss|p1b: Messi|p2a: Archaludon
|-supereffective|p2b: Swampert|2
|-damage|p2b: Swampert|0 fnt
|-heal|p1b: Messi|65/100 psn|[from] drain|[of] p2b: Swampert
|faint|p2b: Swampert
|move|p2a: Archaludon|Electro Shot||[still]
|-prepare|p2a: Archaludon|Electro Shot
|-boost|p2a: Archaludon|spa|1
|-anim|p2a: Archaludon|Electro Shot|p1a: Travis Scott
|-resisted|p1a: Travis Scott|1
|-damage|p1a: Travis Scott|43/100
|-enditem|p1a: Travis Scott|Sitrus Berry|[eat]
|-heal|p1a: Travis Scott|68/100|[from] item: Sitrus Berry
|
|-weather|RainDance|[upkeep]
|-heal|p2a: Archaludon|100/100|[from] item: Leftovers
|-damage|p1b: Messi|52/100 psn|[from] psn
|-sideend|p1: ElAvi04|move: Tailwind
|upkeep
|
|t:|1785999318
|switch|p2b: Pelipper|Pelipper, L50, M|25/100
|turn|5
|
|t:|1785999332
|move|p2b: Pelipper|Wide Guard|p2b: Pelipper
|-singleturn|p2b: Pelipper|Wide Guard
|move|p1b: Messi|Matcha Gotcha|p2a: Archaludon|[spread] 
|-activate|p2a: Archaludon|move: Wide Guard
|-activate|p2b: Pelipper|move: Wide Guard
|move|p1a: Travis Scott|Clangorous Soul|p1a: Travis Scott
|-boost|p1a: Travis Scott|atk|1
|-boost|p1a: Travis Scott|def|1
|-boost|p1a: Travis Scott|spa|1
|-boost|p1a: Travis Scott|spd|1
|-boost|p1a: Travis Scott|spe|1
|-damage|p1a: Travis Scott|35/100
|move|p2a: Archaludon|Dragon Pulse|p1a: Travis Scott
|-supereffective|p1a: Travis Scott|1
|-damage|p1a: Travis Scott|0 fnt
|faint|p1a: Travis Scott
|
|-weather|RainDance|[upkeep]
|-damage|p1b: Messi|40/100 psn|[from] psn
|-fieldend|move: Trick Room
|upkeep
|
|t:|1785999345
|switch|p1a: Lego|Floette-Eternal, L50, F|100/100
|turn|6
|
|t:|1785999355
|detailschange|p1a: Lego|Floette-Mega, L50, F
|-mega|p1a: Lego|Floette|Floettite
|-ability|p1a: Lego|Fairy Aura
|move|p2b: Pelipper|Wide Guard|p2b: Pelipper
|-singleturn|p2b: Pelipper|Wide Guard
|move|p1b: Messi|Rage Powder|p1b: Messi
|-singleturn|p1b: Messi|move: Rage Powder
|move|p2a: Archaludon|Flash Cannon|p1b: Messi
|-damage|p1b: Messi|0 fnt
|faint|p1b: Messi
|move|p1a: Lego|Moonblast|p2a: Archaludon
|-damage|p2a: Archaludon|7/100
|-unboost|p2a: Archaludon|spa|1
|-ability|p2a: Archaludon|Stamina|boost
|-boost|p2a: Archaludon|def|1
|
|-weather|none
|-heal|p2a: Archaludon|13/100|[from] item: Leftovers
|-sideend|p2: VGCsoul|move: Tailwind
|upkeep
|
|t:|1785999364
|switch|p1b: Escanor|Corviknight, L50, M, shiny|100/100
|turn|7
|
|t:|1785999388
|switch|p2b: Sneasler|Sneasler, L50, M|100/100
|move|p1a: Lego|Moonblast|p2a: Archaludon
|-damage|p2a: Archaludon|0 fnt
|faint|p2a: Archaludon
|move|p1b: Escanor|Tailwind|p1b: Escanor
|-sidestart|p1: ElAvi04|move: Tailwind
|
|upkeep
|
|t:|1785999395
|switch|p2a: Pelipper|Pelipper, L50, M|25/100
|-weather|RainDance|[from] ability: Drizzle|[of] p2a: Pelipper
|turn|8
|
|t:|1785999422
|move|p1a: Lego|Dazzling Gleam|p2b: Sneasler|[spread] p2a,p2b
|-damage|p2a: Pelipper|0 fnt
|-damage|p2b: Sneasler|42/100
|faint|p2a: Pelipper
|move|p1b: Escanor|Brave Bird|p2b: Sneasler
|-supereffective|p2b: Sneasler|1
|-damage|p2b: Sneasler|0 fnt
|faint|p2b: Sneasler
|-damage|p1b: Escanor|89/100|[from] Recoil
|
|win|ElAvi04
||VGCsoul is ready for game 2.
