|j|☆buf15 jeremay
|j|☆Luminar Kuzan
|html|buf15 jeremayLuminar Kuzan    
|uhtml|bestof|Game 2 of a best-of-3
|t:|1756419847
|gametype|doubles
|player|p1|buf15 jeremay|1|1175
|player|p2|Luminar Kuzan|marnie-masters3|1269
|gen|9
|tier|[Gen 9] VGC 2025 Reg H (Bo3)
|rated|
|rule|Species Clause: Limit one of each Pokémon
|rule|Item Clause: Limit 1 of each item
|clearpoke
|poke|p1|Sneasler, L50, F|
|poke|p1|Indeedee, L50, M|
|poke|p1|Dragapult, L50, F|
|poke|p1|Talonflame, L50, M|
|poke|p1|Tatsugiri, L50, F|
|poke|p1|Dondozo, L50, M|
|poke|p2|Indeedee-F, L50, F|
|poke|p2|Hatterene, L50, F|
|poke|p2|Gallade, L50, M|
|poke|p2|Ursaluna, L50, M|
|poke|p2|Lilligant-Hisui, L50, F|
|poke|p2|Torkoal, L50, M|
|teampreview|4
|showteam|p1|Sneasler||PsychicSeed|Unburden|CloseCombat,DireClaw,ThroatChop,Protect|||F|||50|,,,,,Dark]Indeedee||FocusSash|PsychicSurge|ExpandingForce,Protect,ShadowBall,HelpingHand|||M|||50|,,,,,Fighting]Dragapult||ChoiceBand|ClearBody|DragonDarts,Outrage,PhantomForce,Uturn|||F|||50|,,,,,Dragon]Talonflame||CovertCloak|GaleWings|DualWingbeat,FlareBlitz,Tailwind,SunnyDay|||M|||50|,,,,,Ghost]Tatsugiri||ChoiceScarf|Commander|DracoMeteor,MuddyWater,TeraBlast,IcyWind|||F|||50|,,,,,Grass]Dondozo||Leftovers|Unaware|OrderUp,WaveCrash,Earthquake,Protect|||M|||50|,,,,,Steel
|showteam|p2|Indeedee-F||PsychicSeed|PsychicSurge|TrickRoom,FollowMe,HelpingHand,DazzlingGleam|||F|||50|,,,,,Fire]Hatterene||LifeOrb|MagicBounce|ExpandingForce,TrickRoom,DazzlingGleam,Protect|||F|||50|,,,,,Psychic]Gallade||ClearAmulet|Sharpness|PsychoCut,TrickRoom,SacredSword,WideGuard|||M|||50|,,,,,Grass]Ursaluna||FlameOrb|Guts|HeadlongRush,Facade,SwordsDance,Protect|||M|||50|,,,,,Ghost]Lilligant-Hisui||FocusSash|Chlorophyll|SolarBlade,SleepPowder,CloseCombat,AfterYou|||F|||50|,,,,,Ghost]Torkoal||ChoiceSpecs|Drought|Eruption,HeatWave,WeatherBall,EarthPower|||M|||50|,,,,,Fire
|inactive|Battle timer is ON: inactive players will automatically lose when time's up. (requested by Luminar Kuzan)
|
|t:|1756419861
|teamsize|p1|4
|teamsize|p2|4
|start
|switch|p1a: Sneasler|Sneasler, L50, F|100/100
|switch|p1b: Indeedee|Indeedee, L50, M|100/100
|switch|p2a: Indeedee|Indeedee-F, L50, F, shiny|100/100
|switch|p2b: Hatterene|Hatterene, L50, F, shiny|100/100
|-fieldstart|move: Psychic Terrain|[from] ability: Psychic Surge|[of] p1b: Indeedee
|-enditem|p1a: Sneasler|Psychic Seed
|-boost|p1a: Sneasler|spd|1|[from] item: Psychic Seed
|-enditem|p2a: Indeedee|Psychic Seed
|-boost|p2a: Indeedee|spd|1|[from] item: Psychic Seed
|turn|1
|inactive|buf15 jeremay has 30 seconds left.
|inactive|buf15 jeremay has 20 seconds left.
|inactive|buf15 jeremay has 15 seconds left.
|
|t:|1756419901
|-terastallize|p1a: Sneasler|Dark
|move|p2b: Hatterene|Protect|p2b: Hatterene
|-singleturn|p2b: Hatterene|Protect
|move|p1a: Sneasler|Dire Claw|p2b: Hatterene
|-activate|p2b: Hatterene|move: Protect
|move|p1b: Indeedee|Expanding Force|p2b: Hatterene|[spread] p2a
|-activate|p2b: Hatterene|move: Protect
|-resisted|p2a: Indeedee
|-damage|p2a: Indeedee|84/100
|move|p2a: Indeedee|Trick Room|p2a: Indeedee
|-fieldstart|move: Trick Room|[of] p2a: Indeedee
|
|upkeep
|turn|2
|inactive|buf15 jeremay has 30 seconds left.
|inactive|Luminar Kuzan has 30 seconds left.
|inactive|Luminar Kuzan has 20 seconds left.
|
|t:|1756419940
|move|p1b: Indeedee|Helping Hand|p1a: Sneasler
|-singleturn|p1a: Sneasler|Helping Hand|[of] p1b: Indeedee
|move|p2b: Hatterene|Dazzling Gleam|p1a: Sneasler|[spread] p1a,p1b
|-supereffective|p1a: Sneasler
|-damage|p1a: Sneasler|20/100
|-damage|p1b: Indeedee|43/100
|-damage|p2b: Hatterene|91/100|[from] item: Life Orb
|move|p2a: Indeedee|Dazzling Gleam|p1b: Indeedee|[spread] p1a,p1b
|-supereffective|p1a: Sneasler
|-damage|p1a: Sneasler|0 fnt
|-damage|p1b: Indeedee|24/100
|faint|p1a: Sneasler
|
|upkeep
|
|t:|1756419952
|switch|p1a: Dondozo|Dondozo, L50, M|100/100
|turn|3
|inactive|Luminar Kuzan has 30 seconds left.
|inactive|Luminar Kuzan has 20 seconds left.
|inactive|Luminar Kuzan has 15 seconds left.
|inactive|Luminar Kuzan has 10 seconds left.
|inactive|Luminar Kuzan has 5 seconds left.
|
|t:|1756420006
|move|p1a: Dondozo|Protect|p1a: Dondozo
|-singleturn|p1a: Dondozo|Protect
|move|p1b: Indeedee|Protect|p1b: Indeedee
|-singleturn|p1b: Indeedee|Protect
|move|p2a: Indeedee|Follow Me|p2a: Indeedee
|-singleturn|p2a: Indeedee|move: Follow Me
|move|p2b: Hatterene|Expanding Force|p1b: Indeedee|[spread] 
|-activate|p1a: Dondozo|move: Protect
|-activate|p1b: Indeedee|move: Protect
|
|upkeep
|turn|4
|
|t:|1756420020
|switch|p1b: Tatsugiri|Tatsugiri, L50, F|100/100
|-activate|p1b: Tatsugiri|ability: Commander|[of] p1a: Dondozo
|-boost|p1a: Dondozo|atk|2
|-boost|p1a: Dondozo|spa|2
|-boost|p1a: Dondozo|spe|2
|-boost|p1a: Dondozo|def|2
|-boost|p1a: Dondozo|spd|2
|move|p2a: Indeedee|Helping Hand|p2b: Hatterene
|-singleturn|p2b: Hatterene|Helping Hand|[of] p2a: Indeedee
|move|p2b: Hatterene|Expanding Force|p1b: Tatsugiri|[spread] p1a
|-miss|p2b: Hatterene|p1b: Tatsugiri
|-crit|p1a: Dondozo
|-damage|p1a: Dondozo|0 fnt
|faint|p1a: Dondozo
|-damage|p2b: Hatterene|82/100|[from] item: Life Orb
|
|upkeep
|c|☆buf15 jeremay|Vete a echate anda
|
|t:|1756420045
|switch|p1a: Indeedee|Indeedee, L50, M|24/100
|turn|5
|
|t:|1756420056
|move|p2a: Indeedee|Helping Hand|p2b: Hatterene
|-singleturn|p2b: Hatterene|Helping Hand|[of] p2a: Indeedee
|move|p1a: Indeedee|Protect|p1a: Indeedee
|-singleturn|p1a: Indeedee|Protect
|move|p2b: Hatterene|Expanding Force|p1a: Indeedee|[spread] p1b
|-activate|p1a: Indeedee|move: Protect
|-damage|p1b: Tatsugiri|0 fnt
|faint|p1b: Tatsugiri
|-damage|p2b: Hatterene|72/100|[from] item: Life Orb
|
|-fieldend|move: Trick Room
|-fieldend|move: Psychic Terrain
|upkeep
|turn|6
|
|t:|1756420074
|move|p1a: Indeedee|Shadow Ball|p2b: Hatterene
|-supereffective|p2b: Hatterene
|-damage|p2b: Hatterene|16/100
|move|p2a: Indeedee|Dazzling Gleam|p1a: Indeedee
|-damage|p1a: Indeedee|0 fnt
|faint|p1a: Indeedee
|
|win|Luminar Kuzan
||Luminar Kuzan is ready for game 3.
