|j|☆JaviChicaino
|j|☆B South
|html|JaviChicainoB South    
|uhtml|bestof|Game 1 of a best-of-3
|t:|1757780819
|gametype|doubles
|player|p1|JaviChicaino|drayden|1259
|player|p2|B South|101|1182
|gen|9
|tier|[Gen 9] VGC 2025 Reg H (Bo3)
|rated|
|rule|Species Clause: Limit one of each Pokémon
|rule|Item Clause: Limit 1 of each item
|clearpoke
|poke|p1|Electabuzz, L50, M|
|poke|p1|Kingambit, L50, F|
|poke|p1|Rillaboom, L50, M|
|poke|p1|Sneasler, L50, F|
|poke|p1|Volcarona, L50, M|
|poke|p1|Dragonite, L50, M|
|poke|p2|Pelipper, L50, M|
|poke|p2|Archaludon, L50, F|
|poke|p2|Basculegion, L50, M|
|poke|p2|Barraskewda, L50, F|
|poke|p2|Maushold, L50|
|poke|p2|Annihilape, L50, M|
|teampreview|4
|showteam|p1|Electabuzz||Eviolite|VitalSpirit|FollowMe,Taunt,Thunderbolt,Protect|||M|||50|,,,,,Ghost]Kingambit||BlackGlasses|Defiant|KowtowCleave,SuckerPunch,SwordsDance,Protect|||F|||50|,,,,,Dark]Rillaboom||AssaultVest|GrassySurge|FakeOut,WoodHammer,GrassyGlide,HighHorsepower|||M|||50|,,,,,Fire]Sneasler||FocusSash|PoisonTouch|DireClaw,CloseCombat,FakeOut,Coaching|||F|||50|,,,,,Stellar]Volcarona||Leftovers|FlameBody|HeatWave,QuiverDance,Protect,StruggleBug|||M|||50|,,,,,Grass]Dragonite||LoadedDice|Multiscale|ScaleShot,ExtremeSpeed,Haze,Protect|||M|||50|,,,,,Fairy
|showteam|p2|Pelipper||ChoiceScarf|Drizzle|Tailwind,WeatherBall,Hurricane,WideGuard|||M|||50|,,,,,Stellar]Archaludon||AssaultVest|Stamina|ElectroShot,BodyPress,DracoMeteor,FlashCannon|||F|||50|,,,,,Bug]Basculegion||MysticWater|SwiftSwim|AquaJet,FlipTurn,WaveCrash,LastRespects|||M|||50|,,,,,Water]Barraskewda||ChoiceBand|PropellerTail|FlipTurn,Liquidation,CloseCombat,AquaJet|||F|||50|,,,,,Fighting]Maushold||SafetyGoggles|FriendGuard|BeatUp,FollowMe,Taunt,Protect||||||50|,,,,,Ghost]Annihilape||Leftovers|Defiant|BulkUp,RageFist,DrainPunch,Protect|||M|||50|,,,,,Grass
|inactive|Battle timer is ON: inactive players will automatically lose when time's up. (requested by B South)
|
|t:|1757780881
|teamsize|p1|4
|teamsize|p2|4
|start
|switch|p1a: Volcarona|Volcarona, L50, M|100/100
|switch|p1b: Electabuzz|Electabuzz, L50, M|100/100
|switch|p2a: Maushold|Maushold, L50|100/100
|switch|p2b: Annihilape|Annihilape, L50, M|100/100
|turn|1
|
|t:|1757780904
|move|p1b: Electabuzz|Follow Me|p1b: Electabuzz
|-singleturn|p1b: Electabuzz|move: Follow Me
|move|p2a: Maushold|Taunt|p1b: Electabuzz
|-start|p1b: Electabuzz|move: Taunt
|move|p1a: Volcarona|Quiver Dance|p1a: Volcarona
|-boost|p1a: Volcarona|spa|1
|-boost|p1a: Volcarona|spd|1
|-boost|p1a: Volcarona|spe|1
|move|p2b: Annihilape|Bulk Up|p2b: Annihilape
|-boost|p2b: Annihilape|atk|1
|-boost|p2b: Annihilape|def|1
|
|upkeep
|turn|2
|
|t:|1757780919
|move|p1a: Volcarona|Heat Wave|p2b: Annihilape|[spread] p2a,p2b
|-damage|p2a: Maushold|32/100
|-damage|p2b: Annihilape|74/100
|move|p2a: Maushold|Beat Up|p2b: Annihilape
|-damage|p2b: Annihilape|73/100
|-damage|p2b: Annihilape|72/100
|-damage|p2b: Annihilape|71/100
|-damage|p2b: Annihilape|70/100
|-hitcount|p2b: Annihilape|4
|move|p1b: Electabuzz|Thunderbolt|p2b: Annihilape
|-damage|p2b: Annihilape|54/100
|move|p2b: Annihilape|Rage Fist|p1a: Volcarona
|-damage|p1a: Volcarona|0 fnt
|-status|p2b: Annihilape|brn|[from] ability: Flame Body|[of] p1a: Volcarona
|faint|p1a: Volcarona
|
|-heal|p2b: Annihilape|60/100 brn|[from] item: Leftovers
|-damage|p2b: Annihilape|54/100 brn|[from] brn
|upkeep
|inactive|JaviChicaino has 30 seconds left.
|
|t:|1757780947
|switch|p1a: Sneasler|Sneasler, L50, F, shiny|100/100
|turn|3
|
|t:|1757780974
|-terastallize|p2a: Maushold|Ghost
|move|p2a: Maushold|Follow Me|p2a: Maushold
|-singleturn|p2a: Maushold|move: Follow Me
|move|p1a: Sneasler|Dire Claw|p2a: Maushold
|-resisted|p2a: Maushold
|-damage|p2a: Maushold|8/100
|-status|p2a: Maushold|slp
|move|p1b: Electabuzz|Thunderbolt|p2a: Maushold
|-damage|p2a: Maushold|0 fnt
|faint|p2a: Maushold
|move|p2b: Annihilape|Rage Fist|p1a: Sneasler
|-enditem|p1a: Sneasler|Focus Sash
|-damage|p1a: Sneasler|1/100
|
|-heal|p2b: Annihilape|60/100 brn|[from] item: Leftovers
|-damage|p2b: Annihilape|54/100 brn|[from] brn
|upkeep
|
|t:|1757780995
|switch|p2a: Basculegion|Basculegion, L50, M|100/100
|turn|4
|
|t:|1757781010
|switch|p2b: Peeko|Pelipper, L50, M, shiny|100/100
|-weather|RainDance|[from] ability: Drizzle|[of] p2b: Peeko
|move|p2a: Basculegion|Flip Turn|p1a: Sneasler
|-damage|p1a: Sneasler|0 fnt
|faint|p1a: Sneasler
|
|t:|1757781018
|switch|p2a: Annihilape|Annihilape, L50, M|54/100 brn|[from] Flip Turn
|move|p1b: Electabuzz|Thunderbolt|p2a: Annihilape
|-crit|p2a: Annihilape
|-damage|p2a: Annihilape|20/100 brn
|
|-weather|RainDance|[upkeep]
|-heal|p2a: Annihilape|26/100 brn|[from] item: Leftovers
|-damage|p2a: Annihilape|20/100 brn|[from] brn
|-end|p1b: Electabuzz|move: Taunt
|upkeep
|
|t:|1757781028
|switch|p1a: Rillaboom|Rillaboom, L50, M|100/100
|-fieldstart|move: Grassy Terrain|[from] ability: Grassy Surge|[of] p1a: Rillaboom
|turn|5
|inactive|JaviChicaino has 30 seconds left.
|inactive|B South has 30 seconds left.
|
|t:|1757781060
|move|p1a: Rillaboom|Fake Out|p2b: Peeko
|-damage|p2b: Peeko|80/100
|cant|p2b: Peeko|flinch
|move|p1b: Electabuzz|Thunderbolt|p2a: Annihilape
|-damage|p2a: Annihilape|0 fnt
|faint|p2a: Annihilape
|
|-weather|RainDance|[upkeep]
|upkeep
|
|t:|1757781071
|switch|p2a: Basculegion|Basculegion, L50, M|100/100
|turn|6
|
|t:|1757781094
|move|p1b: Electabuzz|Follow Me|p1b: Electabuzz
|-singleturn|p1b: Electabuzz|move: Follow Me
|move|p2a: Basculegion|Last Respects|p1b: Electabuzz
|-damage|p1b: Electabuzz|37/100
|move|p2b: Peeko|Hurricane|p1b: Electabuzz
|-resisted|p1b: Electabuzz
|-damage|p1b: Electabuzz|19/100
|-start|p1b: Electabuzz|confusion
|move|p1a: Rillaboom|Wood Hammer|p2b: Peeko
|-crit|p2b: Peeko
|-damage|p2b: Peeko|0 fnt
|faint|p2b: Peeko
|-damage|p1a: Rillaboom|83/100|[from] Recoil
|
|-weather|RainDance|[upkeep]
|-heal|p1b: Electabuzz|24/100|[from] Grassy Terrain
|-heal|p1a: Rillaboom|89/100|[from] Grassy Terrain
|upkeep
|turn|7
|
|t:|1757781113
|-activate|p1b: Electabuzz|confusion
|move|p1b: Electabuzz|Follow Me|p1b: Electabuzz
|-singleturn|p1b: Electabuzz|move: Follow Me
|move|p1a: Rillaboom|Grassy Glide|p2a: Basculegion
|-supereffective|p2a: Basculegion
|-damage|p2a: Basculegion|4/100
|move|p2a: Basculegion|Last Respects|p1b: Electabuzz
|-damage|p1b: Electabuzz|0 fnt
|faint|p1b: Electabuzz
|
|-weather|RainDance|[upkeep]
|-heal|p2a: Basculegion|10/100|[from] Grassy Terrain
|-heal|p1a: Rillaboom|95/100|[from] Grassy Terrain
|upkeep
|turn|8
|l|☆JaviChicaino
|inactive|JaviChicaino disconnected and has a minute to reconnect!
|player|p1|
|-message|B South forfeited.
|
|win|JaviChicaino
|l|☆B South
|player|p2|
||B South is ready for game 2.
|inactive|JaviChicaino has 30 seconds to confirm battle start!
|inactive|JaviChicaino has 20 seconds to confirm battle start!
|inactive|JaviChicaino has 10 seconds to confirm battle start!
||JaviChicaino is ready for game 2.
|uhtml|next|Next: Game 2 of 3
