|j|☆fsucia
|j|☆Cm3112
|html|fsuciaCm3112    
|uhtml|bestof|Game 3 of a best-of-3
|t:|1756229363
|gametype|doubles
|player|p1|fsucia|266|1379
|player|p2|Cm3112|1|1239
|gen|9
|tier|[Gen 9] VGC 2025 Reg H (Bo3)
|rated|
|rule|Species Clause: Limit one of each Pokémon
|rule|Item Clause: Limit 1 of each item
|clearpoke
|poke|p1|Incineroar, L50, M|
|poke|p1|Dragonite, L50, M|
|poke|p1|Amoonguss, L50, M|
|poke|p1|Gholdengo, L50|
|poke|p1|Ursaluna, L50, M|
|poke|p1|Annihilape, L50, M|
|poke|p2|Pelipper, L50, F|
|poke|p2|Archaludon, L50, M|
|poke|p2|Annihilape, L50, F|
|poke|p2|Maushold-Four, L50|
|poke|p2|Sinistcha-Masterpiece, L50|
|poke|p2|Basculegion, L50, M|
|teampreview|4
|showteam|p1|Incineroar||SafetyGoggles|Intimidate|FakeOut,KnockOff,FlareBlitz,PartingShot|||M|||50|,,,,,Water]Dragonite||LoadedDice|Multiscale|Protect,Tailwind,ExtremeSpeed,ScaleShot|||M|||50|,,,,,Steel]Amoonguss||SitrusBerry|Regenerator|RagePowder,Spore,PollenPuff,Protect|||M|||50|,,,,,Water]Gholdengo||LifeOrb|GoodasGold|Protect,NastyPlot,ShadowBall,MakeItRain||||||50|,,,,,Water]Ursaluna||FlameOrb|Guts|Protect,HeadlongRush,Earthquake,Facade|||M|||50|,,,,,Ghost]Annihilape||FocusSash|Defiant|Taunt,RageFist,Protect,CloseCombat|||M|||50|,,,,,Fire
|showteam|p2|Pelipper||FocusSash|Drizzle|MuddyWater,Hurricane,WideGuard,Protect|||F|||50|,,,,,Grass]Archaludon||AssaultVest|Stamina|FlashCannon,ElectroShot,DracoMeteor,BodyPress|||M|||50|,,,,,Fairy]Annihilape||SafetyGoggles|Defiant|DrainPunch,RageFist,BulkUp,Protect|||F|||50|,,,,,Water]Maushold-Four||WideLens|Technician|PopulationBomb,BeatUp,FollowMe,Protect||||||50|,,,,,Ghost]Sinistcha-Masterpiece||RockyHelmet|Hospitality|MatchaGotcha,RagePowder,ShadowBall,TrickRoom||||||50|,,,,,Dark]Basculegion||ChoiceBand|SwiftSwim|WaveCrash,FlipTurn,AquaJet,LastRespects|||M|||50|,,,,,Water
|inactive|Battle timer is ON: inactive players will automatically lose when time's up. (requested by Cm3112)
|
|t:|1756229380
|teamsize|p1|4
|teamsize|p2|4
|start
|switch|p1a: Dragonite|Dragonite, L50, M|100/100
|switch|p1b: Amoonguss|Amoonguss, L50, M|100/100
|switch|p2a: Maushold|Maushold-Four, L50|100/100
|switch|p2b: Annihilape|Annihilape, L50, F|100/100
|turn|1
|
|t:|1756229390
|move|p1b: Amoonguss|Rage Powder|p1b: Amoonguss
|-singleturn|p1b: Amoonguss|move: Rage Powder
|move|p2a: Maushold|Population Bomb|p1b: Amoonguss
|-damage|p1b: Amoonguss|90/100
|-damage|p1b: Amoonguss|81/100
|-damage|p1b: Amoonguss|71/100
|-damage|p1b: Amoonguss|61/100
|-damage|p1b: Amoonguss|52/100
|-damage|p1b: Amoonguss|42/100
|-enditem|p1b: Amoonguss|Sitrus Berry|[eat]
|-heal|p1b: Amoonguss|67/100|[from] item: Sitrus Berry
|-damage|p1b: Amoonguss|57/100
|-damage|p1b: Amoonguss|49/100
|-damage|p1b: Amoonguss|40/100
|-crit|p1b: Amoonguss
|-damage|p1b: Amoonguss|25/100
|-hitcount|p1b: Amoonguss|10
|move|p2b: Annihilape|Bulk Up|p2b: Annihilape
|-boost|p2b: Annihilape|atk|1
|-boost|p2b: Annihilape|def|1
|move|p1a: Dragonite|Scale Shot|p2a: Maushold
|-damage|p2a: Maushold|78/100
|-damage|p2a: Maushold|56/100
|-damage|p2a: Maushold|31/100
|-damage|p2a: Maushold|8/100
|-damage|p2a: Maushold|0 fnt
|faint|p2a: Maushold
|-hitcount|p2: Maushold|5
|-unboost|p1a: Dragonite|def|1
|-boost|p1a: Dragonite|spe|1
|
|upkeep
|inactive|Cm3112 has 30 seconds left.
|
|t:|1756229415
|switch|p2a: Pelipper|Pelipper, L50, F|100/100
|-weather|RainDance|[from] ability: Drizzle|[of] p2a: Pelipper
|turn|2
|
|t:|1756229439
|move|p1a: Dragonite|Tailwind|p1a: Dragonite
|-sidestart|p1: fsucia|move: Tailwind
|move|p2b: Annihilape|Rage Fist|p1b: Amoonguss
|-damage|p1b: Amoonguss|3/100
|move|p2a: Pelipper|Muddy Water|p1b: Amoonguss|[spread] p1a,p1b
|-resisted|p1a: Dragonite
|-resisted|p1b: Amoonguss
|-damage|p1a: Dragonite|88/100
|-damage|p1b: Amoonguss|0 fnt
|-unboost|p1a: Dragonite|accuracy|1
|faint|p1b: Amoonguss
|
|-weather|RainDance|[upkeep]
|upkeep
|
|t:|1756229446
|switch|p1b: Gholdengo|Gholdengo, L50|100/100
|turn|3
|
|t:|1756229459
|switch|p2a: Archaludon|Archaludon, L50, M|100/100
|-terastallize|p2b: Annihilape|Water
|move|p1a: Dragonite|Extreme Speed|p2a: Archaludon
|-resisted|p2a: Archaludon
|-damage|p2a: Archaludon|89/100
|-ability|p2a: Archaludon|Stamina|boost
|-boost|p2a: Archaludon|def|1
|move|p1b: Gholdengo|Shadow Ball|p2a: Archaludon
|-damage|p2a: Archaludon|57/100
|-ability|p2a: Archaludon|Stamina|boost
|-boost|p2a: Archaludon|def|1
|-damage|p1b: Gholdengo|90/100|[from] item: Life Orb
|move|p2b: Annihilape|Rage Fist|p1b: Gholdengo
|-supereffective|p1b: Gholdengo
|-damage|p1b: Gholdengo|30/100
|
|-weather|RainDance|[upkeep]
|upkeep
|turn|4
|inactive|Cm3112 has 30 seconds left.
|
|t:|1756229484
|move|p1a: Dragonite|Scale Shot|p2b: Annihilape|[miss]
|-miss|p1a: Dragonite|p2b: Annihilape
|move|p1b: Gholdengo|Shadow Ball|p2b: Annihilape
|-crit|p2b: Annihilape
|-damage|p2b: Annihilape|24/100
|-damage|p1b: Gholdengo|20/100|[from] item: Life Orb
|move|p2b: Annihilape|Rage Fist|p1a: Dragonite
|-damage|p1a: Dragonite|0 fnt
|faint|p1a: Dragonite
|move|p2a: Archaludon|Electro Shot||[still]
|-prepare|p2a: Archaludon|Electro Shot
|-boost|p2a: Archaludon|spa|1
|-anim|p2a: Archaludon|Electro Shot|p1b: Gholdengo
|-damage|p1b: Gholdengo|0 fnt
|faint|p1b: Gholdengo
|
|-weather|RainDance|[upkeep]
|upkeep
|
|t:|1756229490
|switch|p1b: Annihilape|Annihilape, L50, M|100/100
|turn|5
|-message|fsucia forfeited.
|raw|fsucia's rating: 1379 → 1351(-28 for losing)
|raw|Cm3112's rating: 1239 → 1274(+35 for winning)
|
|win|Cm3112
