|j|☆GS Barnabe
|j|☆TheLeoj
|html|GS BarnabeTheLeoj    
|uhtml|bestof|Game 3 of a best-of-3
|t:|1783986639
|gametype|doubles
|player|p1|GS Barnabe|barry|
|player|p2|TheLeoj|1|
|gen|9
|tier|[Gen 9 Champions] VGC 2026 Reg M-B (Bo3)
|rule|Species Clause: Limit one of each Pokémon
|rule|Item Clause: Limit 1 of each item
|clearpoke
|poke|p1|Aerodactyl, L50, M|
|poke|p1|Floette-Eternal, L50, F|
|poke|p1|Tyranitar, L50, F|
|poke|p1|Houndstone, L50, M|
|poke|p1|Decidueye-Hisui, L50, M|
|poke|p1|Metagross, L50|
|poke|p2|Politoed, L50, M, shiny|
|poke|p2|Incineroar, L50, M, shiny|
|poke|p2|Gengar, L50, M, shiny|
|poke|p2|Archaludon, L50, F, shiny|
|poke|p2|Swampert, L50, M, shiny|
|poke|p2|Vivillon-Elegant, L50, F, shiny|
|teampreview|4
|showteam|p1|Aerodactyl||FocusSash|Unnerve|RockSlide,Tailwind,WideGuard,Protect|Jolly||M|||50|]Floette-Eternal||Floettite|FlowerVeil|LightofRuin,DazzlingGleam,Moonblast,Protect|Modest||F|||50|]Tyranitar||ChoiceScarf|SandStream|RockSlide,KnockOff,IcePunch,LowKick|Jolly||F|||50|]Houndstone||SitrusBerry|SandRush|LastRespects,WillOWisp,AllySwitch,Protect|Adamant||M|||50|]Decidueye-Hisui||ScopeLens|Scrappy|LeafBlade,TripleArrows,SuckerPunch,Protect|Adamant||M|||50|]Metagross||Metagrossite|ClearBody|IronHead,PsychicFangs,BodyPress,Protect|Adamant|||||50|
|showteam|p2|Politoed||SitrusBerry|Drizzle|WeatherBall,Encore,PerishSong,Protect|Calm||M|||50|]Incineroar||PasshoBerry|Intimidate|ThroatChop,FakeOut,PartingShot,Protect|Sassy||M|||50|]Gengar||Gengarite|CursedBody|ShadowBall,SludgeBomb,PerishSong,Protect|Timid||M|||50|]Archaludon||Leftovers|Stamina|ElectroShot,FlashCannon,DragonPulse,Protect|Bold||F|||50|]Swampert||Swampertite|Torrent|WaveCrash,Earthquake,IcePunch,Protect|Adamant||M|||50|]Vivillon-Elegant||FocusSash|CompoundEyes|Hurricane,SleepPowder,RagePowder,Protect|Timid||F|||50|
|inactive|Battle timer is ON: inactive players will automatically lose when time's up. (requested by TheLeoj)
|inactive|GS Barnabe has 60 seconds left.
|
|t:|1783986674
|teamsize|p1|4
|teamsize|p2|4
|start
|switch|p1a: Aerodactyl|Aerodactyl, L50, M|100/100
|switch|p1b: Floette|Floette-Eternal, L50, F|100/100
|switch|p2a: Incineroar|Incineroar, L50, M, shiny|100/100
|switch|p2b: Vivillon|Vivillon-Elegant, L50, F, shiny|100/100
|-ability|p1a: Aerodactyl|Unnerve
|-ability|p2a: Incineroar|Intimidate|boost
|-unboost|p1a: Aerodactyl|atk|1
|-unboost|p1b: Floette|atk|1
|turn|1
|
|t:|1783986699
|move|p1b: Floette|Protect|p1b: Floette
|-singleturn|p1b: Floette|Protect
|move|p2a: Incineroar|Fake Out|p1a: Aerodactyl
|-resisted|p1a: Aerodactyl|1
|-damage|p1a: Aerodactyl|91/100
|cant|p1a: Aerodactyl|flinch
|move|p2b: Vivillon|Sleep Powder|p1a: Aerodactyl
|-status|p1a: Aerodactyl|slp|[from] move: Sleep Powder
|
|upkeep
|turn|2
|
|t:|1783986719
|detailschange|p1b: Floette|Floette-Mega, L50, F
|-mega|p1b: Floette|Floette|Floettite
|-ability|p1b: Floette|Fairy Aura
|cant|p1a: Aerodactyl|slp
|move|p2b: Vivillon|Sleep Powder|p1b: Floette
|-status|p1b: Floette|slp|[from] move: Sleep Powder
|cant|p1b: Floette|slp
|move|p2a: Incineroar|Parting Shot|p1a: Aerodactyl
|-unboost|p1a: Aerodactyl|atk|1
|-unboost|p1a: Aerodactyl|spa|1
|
|t:|1783986735
|switch|p2a: Gengar|Gengar, L50, M, shiny|100/100|[from] Parting Shot
|
|upkeep
|turn|3
|
|t:|1783986749
|switch|p1b: Tyranitar|Tyranitar, L50, F|100/100
|-weather|Sandstorm|[from] ability: Sand Stream|[of] p1b: Tyranitar
|cant|p1a: Aerodactyl|slp
|move|p2a: Gengar|Sludge Bomb|p1b: Tyranitar
|-resisted|p1b: Tyranitar|1
|-damage|p1b: Tyranitar|84/100
|-status|p1b: Tyranitar|psn
|move|p2b: Vivillon|Sleep Powder|p1a: Aerodactyl
|-fail|p1a: Aerodactyl|slp
|
|-weather|Sandstorm|[upkeep]
|-damage|p2a: Gengar|94/100|[from] Sandstorm
|-damage|p2b: Vivillon|94/100|[from] Sandstorm
|-damage|p1b: Tyranitar|72/100 psn|[from] psn
|upkeep
|turn|4
|
|t:|1783986770
|detailschange|p2a: Gengar|Gengar-Mega, L50, M, shiny
|-mega|p2a: Gengar|Gengar|Gengarite
|move|p2a: Gengar|Protect|p2a: Gengar
|-singleturn|p2a: Gengar|Protect
|-curestatus|p1a: Aerodactyl|slp|[msg]
|move|p1a: Aerodactyl|Tailwind|p1a: Aerodactyl
|-sidestart|p1: GS Barnabe|move: Tailwind
|move|p1b: Tyranitar|Knock Off|p2a: Gengar
|-activate|p2a: Gengar|move: Protect
|move|p2b: Vivillon|Sleep Powder|p1a: Aerodactyl
|-status|p1a: Aerodactyl|slp|[from] move: Sleep Powder
|
|-weather|Sandstorm|[upkeep]
|-damage|p2a: Gengar|88/100|[from] Sandstorm
|-damage|p2b: Vivillon|88/100|[from] Sandstorm
|-damage|p1b: Tyranitar|60/100 psn|[from] psn
|upkeep
|turn|5
|inactive|GS Barnabe has 30 seconds left.
|inactive|TheLeoj has 30 seconds left.
|
|t:|1783986807
|switch|p2a: Incineroar|Incineroar, L50, M, shiny|100/100
|-ability|p2a: Incineroar|Intimidate|boost
|-unboost|p1a: Aerodactyl|atk|1
|-unboost|p1b: Tyranitar|atk|1
|switch|p2b: Politoed|Politoed, L50, M, shiny|100/100
|-weather|RainDance|[from] ability: Drizzle|[of] p2b: Politoed
|cant|p1a: Aerodactyl|slp
|move|p1b: Tyranitar|Knock Off|p2a: Incineroar
|-resisted|p2a: Incineroar|1
|-damage|p2a: Incineroar|85/100
|-enditem|p2a: Incineroar|Passho Berry|[from] move: Knock Off|[of] p1b: Tyranitar
|
|-weather|RainDance|[upkeep]
|-damage|p1b: Tyranitar|48/100 psn|[from] psn
|upkeep
|turn|6
|inactive|GS Barnabe has 30 seconds left.
|inactive|TheLeoj has 30 seconds left.
|
|t:|1783986836
|switch|p1a: Floette|Floette-Mega, L50, F|100/100 slp
|-ability|p1a: Floette|Fairy Aura
|switch|p1b: Decidueye|Decidueye-Hisui, L50, M|100/100
|move|p2b: Politoed|Weather Ball|p1a: Floette
|-damage|p1a: Floette|61/100 slp
|move|p2a: Incineroar|Throat Chop|p1b: Decidueye
|-resisted|p1b: Decidueye|1
|-damage|p1b: Decidueye|82/100
|-start|p1b: Decidueye|Throat Chop|[silent]
|
|-weather|RainDance|[upkeep]
|upkeep
|turn|7
|inactive|TheLeoj has 30 seconds left.
|
|t:|1783986866
|switch|p2b: Gengar|Gengar-Mega, L50, M, shiny|88/100
|cant|p1a: Floette|slp
|move|p1b: Decidueye|Triple Arrows|p2a: Incineroar
|-supereffective|p2a: Incineroar|1
|-damage|p2a: Incineroar|4/100
|-unboost|p2a: Incineroar|def|1
|move|p2a: Incineroar|Parting Shot|p1b: Decidueye
|-unboost|p1b: Decidueye|atk|1
|-unboost|p1b: Decidueye|spa|1
|
|t:|1783986879
|switch|p2a: Vivillon|Vivillon-Elegant, L50, F, shiny|88/100|[from] Parting Shot
|
|-weather|RainDance|[upkeep]
|-end|p1b: Decidueye|Throat Chop|[silent]
|-sideend|p1: GS Barnabe|move: Tailwind
|upkeep
|turn|8
|inactive|GS Barnabe has 30 seconds left.
|
|t:|1783986910
|move|p1b: Decidueye|Sucker Punch|p2b: Gengar
|-supereffective|p2b: Gengar|1
|-damage|p2b: Gengar|35/100
|move|p2b: Gengar|Sludge Bomb|p1a: Floette
|-supereffective|p1a: Floette|1
|-crit|p1a: Floette
|-damage|p1a: Floette|0 fnt
|faint|p1a: Floette
|move|p2a: Vivillon|Hurricane|p1b: Decidueye
|-supereffective|p1b: Decidueye|2
|-damage|p1b: Decidueye|0 fnt
|faint|p1b: Decidueye
|
|-weather|RainDance|[upkeep]
|upkeep
|
|t:|1783986924
|switch|p1a: Tyranitar|Tyranitar, L50, F|48/100 psn
|switch|p1b: Aerodactyl|Aerodactyl, L50, M|91/100 slp
|-ability|p1b: Aerodactyl|Unnerve
|-weather|Sandstorm|[from] ability: Sand Stream|[of] p1a: Tyranitar
|turn|9
|inactive|GS Barnabe has 30 seconds left.
|inactive|TheLeoj has 30 seconds left.
|inactive|GS Barnabe has 20 seconds left.
|
|t:|1783986965
|switch|p2b: Politoed|Politoed, L50, M, shiny|100/100
|-weather|RainDance|[from] ability: Drizzle|[of] p2b: Politoed
|move|p2a: Vivillon|Protect|p2a: Vivillon
|-singleturn|p2a: Vivillon|Protect
|cant|p1b: Aerodactyl|slp
|move|p1a: Tyranitar|Rock Slide|p2b: Politoed|[spread] p2b
|-activate|p2a: Vivillon|move: Protect
|-damage|p2b: Politoed|70/100
|
|-weather|RainDance|[upkeep]
|-damage|p1a: Tyranitar|36/100 psn|[from] psn
|upkeep
|turn|10
|inactive|TheLeoj has 30 seconds left.
|
|t:|1783986991
|-curestatus|p1b: Aerodactyl|slp|[msg]
|move|p1b: Aerodactyl|Rock Slide|p2b: Politoed|[spread] p2a,p2b
|-supereffective|p2a: Vivillon|2
|-damage|p2a: Vivillon|0 fnt
|-damage|p2b: Politoed|48/100
|faint|p2a: Vivillon
|move|p1a: Tyranitar|Rock Slide|p2b: Politoed
|-damage|p2b: Politoed|9/100
|move|p2b: Politoed|Weather Ball|p1a: Tyranitar
|-supereffective|p1a: Tyranitar|1
|-damage|p1a: Tyranitar|0 fnt
|faint|p1a: Tyranitar
|
|-weather|RainDance|[upkeep]
|upkeep
|
|t:|1783987003
|switch|p2a: Incineroar|Incineroar, L50, M, shiny|4/100
|-ability|p2a: Incineroar|Intimidate|boost
|-unboost|p1b: Aerodactyl|atk|1
|turn|11
|
|t:|1783987008
|move|p2a: Incineroar|Fake Out|p1b: Aerodactyl
|-resisted|p1b: Aerodactyl|1
|-damage|p1b: Aerodactyl|82/100
|cant|p1b: Aerodactyl|flinch
|move|p2b: Politoed|Weather Ball|p1b: Aerodactyl
|-supereffective|p1b: Aerodactyl|1
|-damage|p1b: Aerodactyl|0 fnt
|-enditem|p2b: Politoed|Sitrus Berry|[eat]
|-heal|p2b: Politoed|34/100|[from] item: Sitrus Berry
|faint|p1b: Aerodactyl
|
|win|TheLeoj
