|j|☆razorsharp01
|j|☆grus kujo
|html|razorsharp01grus kujo    
|uhtml|bestof|Game 1 of a best-of-3
|t:|1757778230
|gametype|doubles
|player|p1|razorsharp01|falkner|1123
|player|p2|grus kujo|101|1029
|gen|9
|tier|[Gen 9] VGC 2025 Reg H (Bo3)
|rated|
|rule|Species Clause: Limit one of each Pokémon
|rule|Item Clause: Limit 1 of each item
|clearpoke
|poke|p1|Torkoal, L50, M|
|poke|p1|Porygon2, L50|
|poke|p1|Incineroar, L50, F|
|poke|p1|Jumpluff, L50, M|
|poke|p1|Ursaluna, L50, M|
|poke|p1|Yanma, L50, M|
|poke|p2|Tyranitar, L50, M|
|poke|p2|Lycanroc, L50, M|
|poke|p2|Vikavolt, L50, M|
|poke|p2|Whimsicott, L50, M|
|poke|p2|Garchomp, L50, M|
|poke|p2|Gallade, L50, M|
|teampreview|4
|showteam|p1|Torkoal||ChoiceSpecs|Drought|Eruption,Overheat,HelpingHand,Protect|||M|||50|,,,,,Fire]Porygon2||Eviolite|Download|TeraBlast,IceBeam,Recover,TrickRoom||||||50|,,,,,Fighting]Incineroar||SafetyGoggles|Intimidate|FlareBlitz,KnockOff,FakeOut,PartingShot|||F|||50|,,,,,Ghost]Jumpluff||CovertCloak|Chlorophyll|SleepPowder,SunnyDay,RagePowder,Tailwind|||M|||50|,,,,,Water]Ursaluna||FlameOrb|Guts|HeadlongRush,Facade,Earthquake,Protect|||M|||50|,,,,,Ghost]Yanma||FocusSash|SpeedBoost|Hypnosis,AirSlash,Tailwind,SunnyDay|||M|||50|,,,,,Bug
|showteam|p2|Tyranitar||AssaultVest|SandStream|RockSlide,Earthquake,KnockOff,TeraBlast|||M|||50|,,,,,Flying]Lycanroc||FocusSash|SandRush|DrillRun,RockSlide,Endeavor,Protect|||M|||50|,,,,,Steel]Vikavolt||SafetyGoggles|Levitate|Thunderbolt,BugBuzz,VoltSwitch,Protect|||M|||50|,,,,,Poison]Whimsicott||CovertCloak|Prankster|Moonblast,Encore,Tailwind,MistyTerrain|||M|||50|,,,,,Dragon]Garchomp||LifeOrb|SandVeil|StompingTantrum,Earthquake,DragonClaw,Protect|||M|||50|,,,,,Fire]Gallade||SitrusBerry|Sharpness|SacredSword,PsychoCut,TrickRoom,Protect|||M|||50|,,,,,Fire
|inactive|Battle timer is ON: inactive players will automatically lose when time's up. (requested by grus kujo)
|inactive|grus kujo has 60 seconds left.
|
|t:|1757778308
|teamsize|p1|4
|teamsize|p2|4
|start
|switch|p1a: Yanma|Yanma, L50, M|100/100
|switch|p1b: Incineroar|Incineroar, L50, F|100/100
|switch|p2a: Lycanroc|Lycanroc, L50, M|100/100
|switch|p2b: Tyranitar|Tyranitar, L50, M|100/100
|-ability|p1b: Incineroar|Intimidate|boost
|-unboost|p2a: Lycanroc|atk|1
|-unboost|p2b: Tyranitar|atk|1
|-weather|Sandstorm|[from] ability: Sand Stream|[of] p2b: Tyranitar
|turn|1
|
|t:|1757778322
|move|p1b: Incineroar|Fake Out|p2b: Tyranitar
|-resisted|p2b: Tyranitar
|-damage|p2b: Tyranitar|95/100
|move|p2a: Lycanroc|Rock Slide|p1a: Yanma|[spread] p1a,p1b
|-supereffective|p1a: Yanma
|-supereffective|p1b: Incineroar
|-enditem|p1a: Yanma|Focus Sash
|-damage|p1a: Yanma|1/100
|-damage|p1b: Incineroar|65/100
|move|p1a: Yanma|Sunny Day|p1a: Yanma
|-weather|SunnyDay
|cant|p2b: Tyranitar|flinch
|
|-weather|SunnyDay|[upkeep]
|-ability|p1a: Yanma|Speed Boost|boost
|-boost|p1a: Yanma|spe|1
|upkeep
|turn|2
|inactive|grus kujo has 30 seconds left.
|inactive|razorsharp01 has 30 seconds left.
|
|t:|1757778358
|move|p1a: Yanma|Hypnosis|p2a: Lycanroc
|-status|p2a: Lycanroc|slp|[from] move: Hypnosis
|cant|p2a: Lycanroc|slp
|move|p1b: Incineroar|Parting Shot|p2b: Tyranitar
|-unboost|p2b: Tyranitar|atk|1
|-unboost|p2b: Tyranitar|spa|1
|
|t:|1757778366
|switch|p1b: Ursaluna|Ursaluna, L50, M|100/100|[from] Parting Shot
|move|p2b: Tyranitar|Rock Slide|p1b: Ursaluna|[spread] p1a,p1b
|-supereffective|p1a: Yanma
|-resisted|p1b: Ursaluna
|-damage|p1a: Yanma|0 fnt
|-damage|p1b: Ursaluna|95/100
|faint|p1a: Yanma
|
|-weather|SunnyDay|[upkeep]
|-status|p1b: Ursaluna|brn|[from] item: Flame Orb
|upkeep
|
|t:|1757778373
|switch|p1a: Porygon2|Porygon2, L50|100/100
|-ability|p1a: Porygon2|Download|boost
|-boost|p1a: Porygon2|atk|1
|turn|3
|inactive|razorsharp01 has 30 seconds left.
|inactive|grus kujo has 30 seconds left.
|
|t:|1757778398
|switch|p2b: Garchomp|Garchomp, L50, M|100/100
|cant|p2a: Lycanroc|slp
|move|p1b: Ursaluna|Facade|p2b: Garchomp
|-damage|p2b: Garchomp|0 fnt
|faint|p2b: Garchomp
|move|p1a: Porygon2|Ice Beam|p2a: Lycanroc
|-damage|p2a: Lycanroc|51/100 slp
|
|-weather|SunnyDay|[upkeep]
|-damage|p1b: Ursaluna|89/100 brn|[from] brn
|upkeep
|
|t:|1757778407
|switch|p2b: Whimsicott|Whimsicott, L50, M|100/100
|turn|4
|
|t:|1757778425
|switch|p2a: Tyranitar|Tyranitar, L50, M|95/100
|-weather|Sandstorm|[from] ability: Sand Stream|[of] p2a: Tyranitar
|move|p2b: Whimsicott|Encore|p1b: Ursaluna
|-start|p1b: Ursaluna|Encore
|move|p1b: Ursaluna|Facade|p2a: Tyranitar
|-resisted|p2a: Tyranitar
|-damage|p2a: Tyranitar|41/100
|move|p1a: Porygon2|Ice Beam|p2b: Whimsicott
|-supereffective|p2b: Whimsicott
|-damage|p2b: Whimsicott|24/100
|
|-weather|Sandstorm|[upkeep]
|-damage|p2b: Whimsicott|18/100|[from] Sandstorm
|-damage|p1a: Porygon2|94/100|[from] Sandstorm
|-damage|p1b: Ursaluna|83/100 brn|[from] brn
|upkeep
|turn|5
|inactive|grus kujo has 30 seconds left.
|inactive|grus kujo has 20 seconds left.
|
|t:|1757778461
|move|p2b: Whimsicott|Moonblast|p1b: Ursaluna
|-damage|p1b: Ursaluna|59/100 brn
|move|p1b: Ursaluna|Facade|p2a: Tyranitar
|-resisted|p2a: Tyranitar
|-damage|p2a: Tyranitar|0 fnt
|faint|p2a: Tyranitar
|move|p1a: Porygon2|Ice Beam|p2b: Whimsicott
|-supereffective|p2b: Whimsicott
|-damage|p2b: Whimsicott|0 fnt
|faint|p2b: Whimsicott
|
|-weather|Sandstorm|[upkeep]
|-damage|p1a: Porygon2|88/100|[from] Sandstorm
|-damage|p1b: Ursaluna|53/100 brn|[from] brn
|upkeep
|
|t:|1757778466
|switch|p2a: Lycanroc|Lycanroc, L50, M|51/100 slp
|turn|6
|-message|grus kujo forfeited.
|
|win|razorsharp01
|l|☆grus kujo
|player|p2|
||grus kujo is ready for game 2.
||razorsharp01 is ready for game 2.
|uhtml|next|Next: Game 2 of 3
