|j|☆ZigiStardust
|j|☆Kyukonien
|html|ZigiStardustKyukonien    
|uhtml|bestof|Game 2 of a best-of-3
|t:|1784212966
|gametype|doubles
|player|p1|ZigiStardust|170|
|player|p2|Kyukonien|102|
|gen|9
|tier|[Gen 9 Champions] VGC 2026 Reg M-B (Bo3)
|rule|Species Clause: Limit one of each Pokémon
|rule|Item Clause: Limit 1 of each item
|clearpoke
|poke|p1|Garchomp, L50, M|
|poke|p1|Kingambit, L50, F|
|poke|p1|Staraptor, L50, F|
|poke|p1|Whimsicott, L50, M|
|poke|p1|Charizard, L50, M|
|poke|p1|Incineroar, L50, M|
|poke|p2|Delphox, L50, F, shiny|
|poke|p2|Incineroar, L50, M|
|poke|p2|Floette-Eternal, L50, F|
|poke|p2|Kingambit, L50, F, shiny|
|poke|p2|Sinistcha, L50|
|poke|p2|Sneasler, L50, M|
|teampreview|4
|showteam|p1|Garchomp||LifeOrb|RoughSkin|Protect,DragonClaw,Earthquake,StompingTantrum|Jolly||M|||50|]Kingambit||BlackGlasses|Defiant|Protect,KowtowCleave,IronHead,SuckerPunch|Adamant||F|||50|]Staraptor||Staraptite|Intimidate|Protect,CloseCombat,BraveBird,Roost|Jolly||F|||50|]Whimsicott||FocusSash|Prankster|Tailwind,Moonblast,SunnyDay,Encore|Timid||M|||50|]Charizard||CharizarditeY|Blaze|Protect,HeatWave,SolarBeam,WeatherBall|Modest||M|||50|]Incineroar||ChopleBerry|Intimidate|FakeOut,FlareBlitz,ThroatChop,PartingShot|Impish||M|||50|
|showteam|p2|Delphox||Delphoxite|Blaze|HeatWave,Psychic,NastyPlot,Protect|Timid||F|||50|]Incineroar||SitrusBerry|Intimidate|FlareBlitz,DarkestLariat,FakeOut,PartingShot|Careful||M|||50|]Floette-Eternal||Floettite|FlowerVeil|DazzlingGleam,DrainingKiss,CalmMind,Protect|Bold||F|||50|]Kingambit||BlackGlasses|Defiant|KowtowCleave,SuckerPunch,SwordsDance,Protect|Adamant||F|||50|]Sinistcha||OccaBerry|Hospitality|MatchaGotcha,RagePowder,TrickRoom,Protect|Bold|||||50|]Sneasler||FocusSash|PoisonTouch|CloseCombat,PoisonJab,FakeOut,QuickGuard|Jolly||M|||50|
|inactive|Battle timer is ON: inactive players will automatically lose when time's up. (requested by Kyukonien)
|inactive|ZigiStardust has 60 seconds left.
|inactive|Kyukonien has 60 seconds left.
|
|t:|1784213026
|teamsize|p1|4
|teamsize|p2|4
|start
|switch|p1a: Whimsicott|Whimsicott, L50, M|100/100
|switch|p1b: Kingambit|Kingambit, L50, F|100/100
|switch|p2a: Floette|Floette-Eternal, L50, F|100/100
|switch|p2b: Sneasler|Sneasler, L50, M|100/100
|turn|1
|inactive|ZigiStardust has 30 seconds left.
|
|t:|1784213055
|detailschange|p2a: Floette|Floette-Mega, L50, F
|-mega|p2a: Floette|Floette|Floettite
|-ability|p2a: Floette|Fairy Aura
|move|p2b: Sneasler|Fake Out|p1b: Kingambit
|-resisted|p1b: Kingambit|1
|-crit|p1b: Kingambit
|-damage|p1b: Kingambit|90/100
|move|p1a: Whimsicott|Tailwind|p1a: Whimsicott
|-sidestart|p1: ZigiStardust|move: Tailwind
|cant|p1b: Kingambit|flinch
|move|p2a: Floette|Dazzling Gleam|p1b: Kingambit|[spread] p1a,p1b
|-damage|p1a: Whimsicott|27/100
|-damage|p1b: Kingambit|41/100
|
|upkeep
|turn|2
|inactive|Kyukonien has 30 seconds left.
|
|t:|1784213083
|switch|p2b: Incineroar|Incineroar, L50, M|100/100
|-ability|p2b: Incineroar|Intimidate|boost
|-unboost|p1a: Whimsicott|atk|1
|-unboost|p1b: Kingambit|atk|1
|-ability|p1b: Kingambit|Defiant|boost
|-boost|p1b: Kingambit|atk|2
|move|p2a: Floette|Protect|p2a: Floette
|-singleturn|p2a: Floette|Protect
|move|p1a: Whimsicott|Encore|p2b: Incineroar
|-hint|Since gen 7, Dark is immune to Prankster moves.
|-immune|p2b: Incineroar
|move|p1b: Kingambit|Iron Head|p2a: Floette
|-activate|p2a: Floette|move: Protect
|
|upkeep
|turn|3
|
|t:|1784213103
|switch|p2a: Sneasler|Sneasler, L50, M|100/100
|move|p1a: Whimsicott|Encore||[still]
|-fail|p1a: Whimsicott
|move|p1b: Kingambit|Iron Head|p2a: Sneasler
|-enditem|p2a: Sneasler|Focus Sash
|-damage|p2a: Sneasler|1/100
|move|p2b: Incineroar|Flare Blitz|p1b: Kingambit
|-supereffective|p1b: Kingambit|1
|-damage|p1b: Kingambit|0 fnt
|faint|p1b: Kingambit
|-damage|p2b: Incineroar|88/100|[from] Recoil
|
|upkeep
|
|t:|1784213119
|switch|p1b: Staraptor|Staraptor, L50, F|100/100
|-ability|p1b: Staraptor|Intimidate|boost
|-unboost|p2a: Sneasler|atk|1
|-unboost|p2b: Incineroar|atk|1
|turn|4
|
|t:|1784213142
|switch|p1a: Garchomp|Garchomp, L50, M|100/100
|detailschange|p1b: Staraptor|Staraptor-Mega, L50, F
|-mega|p1b: Staraptor|Staraptor|Staraptite
|move|p2a: Sneasler|Fake Out|p1b: Staraptor
|-damage|p1b: Staraptor|90/100
|-status|p1b: Staraptor|psn|[from] ability: Poison Touch|[of] p2a: Sneasler
|cant|p1b: Staraptor|flinch
|move|p2b: Incineroar|Flare Blitz|p1a: Garchomp
|-resisted|p1a: Garchomp|1
|-damage|p1a: Garchomp|83/100
|-damage|p2b: Incineroar|75/100|[from] ability: Rough Skin|[of] p1a: Garchomp
|-damage|p2b: Incineroar|70/100|[from] Recoil
|
|-damage|p1b: Staraptor|77/100 psn|[from] psn
|-sideend|p1: ZigiStardust|move: Tailwind
|upkeep
|turn|5
|inactive|ZigiStardust has 30 seconds left.
|
|t:|1784213168
|switch|p2b: Sinistcha|Sinistcha, L50|100/100
|-heal|p2a: Sneasler|25/100|[from] ability: Hospitality|[of] p2b: Sinistcha
|move|p2a: Sneasler|Poison Jab|p1b: Staraptor
|-damage|p1b: Staraptor|47/100 psn
|move|p1b: Staraptor|Close Combat|p2a: Sneasler
|-resisted|p2a: Sneasler|1
|-damage|p2a: Sneasler|0 fnt
|-boost|p1b: Staraptor|def|1
|-boost|p1b: Staraptor|spd|1
|faint|p2a: Sneasler
|move|p1a: Garchomp|Earthquake|p2b: Sinistcha|[spread] p2b
|-immune|p1b: Staraptor
|-resisted|p2b: Sinistcha|1
|-damage|p2b: Sinistcha|78/100
|-damage|p1a: Garchomp|74/100|[from] item: Life Orb
|
|-damage|p1b: Staraptor|34/100 psn|[from] psn
|upkeep
|
|t:|1784213175
|switch|p2a: Incineroar|Incineroar, L50, M|70/100
|-ability|p2a: Incineroar|Intimidate|boost
|-unboost|p1a: Garchomp|atk|1
|-boost|p1b: Staraptor|atk|1
|turn|6
|inactive|ZigiStardust has 30 seconds left.
|inactive|ZigiStardust has 20 seconds left.
|
|t:|1784213215
|move|p2a: Incineroar|Fake Out|p1b: Staraptor
|-damage|p1b: Staraptor|26/100 psn
|cant|p1b: Staraptor|flinch
|move|p1a: Garchomp|Earthquake|p2b: Sinistcha|[spread] p2a,p2b
|-immune|p1b: Staraptor
|-supereffective|p2a: Incineroar|1
|-resisted|p2b: Sinistcha|1
|-damage|p2a: Incineroar|19/100
|-damage|p2b: Sinistcha|64/100
|-enditem|p2a: Incineroar|Sitrus Berry|[eat]
|-heal|p2a: Incineroar|44/100|[from] item: Sitrus Berry
|-damage|p1a: Garchomp|64/100|[from] item: Life Orb
|move|p2b: Sinistcha|Trick Room|p2b: Sinistcha
|-fieldstart|move: Trick Room|[of] p2b: Sinistcha
|
|-damage|p1b: Staraptor|13/100 psn|[from] psn
|upkeep
|turn|7
|
|t:|1784213234
|move|p2a: Incineroar|Flare Blitz|p1b: Staraptor
|-damage|p1b: Staraptor|0 fnt
|faint|p1b: Staraptor
|-damage|p2a: Incineroar|40/100|[from] Recoil
|move|p2b: Sinistcha|Matcha Gotcha|p1a: Garchomp
|-damage|p1a: Garchomp|30/100
|-heal|p2b: Sinistcha|82/100|[from] drain|[of] p1a: Garchomp
|move|p1a: Garchomp|Earthquake|p2a: Incineroar|[spread] p2a,p2b
|-supereffective|p2a: Incineroar|1
|-resisted|p2b: Sinistcha|1
|-damage|p2a: Incineroar|0 fnt
|-damage|p2b: Sinistcha|69/100
|faint|p2a: Incineroar
|-damage|p1a: Garchomp|20/100y|[from] item: Life Orb
|
|upkeep
|
|t:|1784213244
|switch|p2a: Floette|Floette-Mega, L50, F|100/100
|switch|p1b: Whimsicott|Whimsicott, L50, M|27/100
|-ability|p2a: Floette|Fairy Aura
|turn|8
|
|t:|1784213251
|move|p1a: Garchomp|Protect|p1a: Garchomp
|-singleturn|p1a: Garchomp|Protect
|move|p2b: Sinistcha|Matcha Gotcha|p1a: Garchomp|[spread] p1b
|-activate|p1a: Garchomp|move: Protect
|-resisted|p1b: Whimsicott|1
|-damage|p1b: Whimsicott|7/100
|-heal|p2b: Sinistcha|77/100|[from] drain|[of] p1b: Whimsicott
|-status|p1b: Whimsicott|brn
|move|p2a: Floette|Dazzling Gleam|p1b: Whimsicott|[spread] p1b
|-activate|p1a: Garchomp|move: Protect
|-damage|p1b: Whimsicott|0 fnt
|faint|p1b: Whimsicott
|
|upkeep
|turn|9
|-message|ZigiStardust forfeited.
|
|win|Kyukonien
|l|☆ZigiStardust
|player|p1|
|j|☆ZigiStardust
|player|p1|ZigiStardust|170|
|l|☆Kyukonien
|player|p2|
|j|☆Kyukonien
|player|p2|Kyukonien|102|
|l|☆Kyukonien
|player|p2|
|l|☆ZigiStardust
|player|p1|
|j|☆Kyukonien
|player|p2|Kyukonien|102|
