|j|☆J4yz1lla
|j|☆vincioooo
|html|J4yz1llavincioooo    
|uhtml|bestof|Game 1 of a best-of-3
|t:|1757664576
|gametype|doubles
|player|p1|J4yz1lla|1|1095
|player|p2|vincioooo|101|1130
|gen|9
|tier|[Gen 9] VGC 2025 Reg H (Bo3)
|rated|
|rule|Species Clause: Limit one of each Pokémon
|rule|Item Clause: Limit 1 of each item
|clearpoke
|poke|p1|Garchomp, L50, F|
|poke|p1|Tyranitar, L50, F|
|poke|p1|Corviknight, L50, M|
|poke|p1|Gastrodon, L50, M|
|poke|p1|Annihilape, L50, F|
|poke|p1|Grimmsnarl, L50, M|
|poke|p2|Incineroar, L50, F|
|poke|p2|Dragonite, L50, F|
|poke|p2|Sinistcha, L50|
|poke|p2|Sylveon, L50, M|
|poke|p2|Gholdengo, L50|
|poke|p2|Basculegion, L50, M|
|teampreview|4
|showteam|p1|Garchomp||ClearAmulet|RoughSkin|Earthquake,SwordsDance,Protect,IronHead|||F|||50|,,,,,Steel]Tyranitar||AssaultVest|SandStream|LowKick,RockSlide,KnockOff,HighHorsepower|||F|||50|,,,,,Flying]Corviknight||SitrusBerry|MirrorArmor|BodyPress,BulkUp,BraveBird,Tailwind|||M|||50|,,,,,Dragon]Gastrodon||CovertCloak|StormDrain|Yawn,MuddyWater,Protect,EarthPower|||M|||50|,,,,,Poison]Annihilape||Leftovers|Defiant|BulkUp,RageFist,DrainPunch,Protect|||F|||50|,,,,,Water]Grimmsnarl||LightClay|Prankster|Reflect,LightScreen,MistyTerrain,SpiritBreak|||M|||50|,,,,,Ghost
|showteam|p2|Incineroar||SafetyGoggles|Intimidate|FakeOut,FlareBlitz,KnockOff,PartingShot|||F|||50|,,,,,Ghost]Dragonite||LoadedDice|Multiscale|ScaleShot,Encore,Tailwind,Protect|||F|||50|,,,,,Steel]Sinistcha||SitrusBerry|Hospitality|RagePowder,MatchaGotcha,StrengthSap,TrickRoom||||||50|,,,,,Dark]Sylveon||LifeOrb|Pixilate|TeraBlast,HyperVoice,CalmMind,Protect|||M|||50|,,,,,Fire]Gholdengo||ChoiceSpecs|GoodasGold|MakeItRain,ShadowBall,Trick,Protect||||||50|,,,,,Dragon]Basculegion||ChoiceScarf|SwiftSwim|WaveCrash,LastRespects,IcyWind,FlipTurn|||M|||50|,,,,,Dark
|
|t:|1757664655
|teamsize|p1|4
|teamsize|p2|4
|start
|switch|p1a: Tyranitar|Tyranitar, L50, F|100/100
|switch|p1b: Corviknight|Corviknight, L50, M|100/100
|switch|p2a: Sylveon|Sylveon, L50, M|100/100
|switch|p2b: Incineroar|Incineroar, L50, F|100/100
|-weather|Sandstorm|[from] ability: Sand Stream|[of] p1a: Tyranitar
|-ability|p2b: Incineroar|Intimidate|boost
|-unboost|p1a: Tyranitar|atk|1
|-ability|p1b: Corviknight|Mirror Armor
|-unboost|p2b: Incineroar|atk|1
|turn|1
|
|t:|1757664704
|switch|p2b: Gholdengo|Gholdengo, L50|100/100
|move|p2a: Sylveon|Calm Mind|p2a: Sylveon
|-boost|p2a: Sylveon|spa|1
|-boost|p2a: Sylveon|spd|1
|move|p1a: Tyranitar|Rock Slide|p2a: Sylveon|[spread] p2a
|-miss|p1a: Tyranitar|p2b: Gholdengo
|-damage|p2a: Sylveon|76/100
|move|p1b: Corviknight|Tailwind|p1b: Corviknight
|-sidestart|p1: J4yz1lla|move: Tailwind
|
|-weather|Sandstorm|[upkeep]
|-damage|p2a: Sylveon|70/100|[from] Sandstorm
|upkeep
|turn|2
|
|t:|1757664741
|switch|p2b: Incineroar|Incineroar, L50, F|100/100
|-ability|p2b: Incineroar|Intimidate|boost
|-unboost|p1a: Tyranitar|atk|1
|-ability|p1b: Corviknight|Mirror Armor
|-unboost|p2b: Incineroar|atk|1
|move|p2a: Sylveon|Protect|p2a: Sylveon
|-singleturn|p2a: Sylveon|Protect
|move|p1a: Tyranitar|Knock Off|p2b: Incineroar
|-resisted|p2b: Incineroar
|-damage|p2b: Incineroar|87/100
|-enditem|p2b: Incineroar|Safety Goggles|[from] move: Knock Off|[of] p1a: Tyranitar
|move|p1b: Corviknight|Brave Bird|p2a: Sylveon
|-activate|p2a: Sylveon|move: Protect
|
|-weather|Sandstorm|[upkeep]
|-damage|p2a: Sylveon|64/100|[from] Sandstorm
|-damage|p2b: Incineroar|81/100|[from] Sandstorm
|upkeep
|turn|3
|
|t:|1757664769
|switch|p1a: Gastrodon|Gastrodon, L50, M|100/100
|move|p2b: Incineroar|Fake Out|p1b: Corviknight
|-resisted|p1b: Corviknight
|-damage|p1b: Corviknight|97/100
|cant|p1b: Corviknight|flinch
|move|p2a: Sylveon|Hyper Voice|p1b: Corviknight|[spread] p1a,p1b
|-resisted|p1b: Corviknight
|-damage|p1a: Gastrodon|44/100
|-damage|p1b: Corviknight|69/100
|-damage|p2a: Sylveon|55/100|[from] item: Life Orb
|
|-weather|Sandstorm|[upkeep]
|-damage|p2a: Sylveon|48/100|[from] Sandstorm
|-damage|p2b: Incineroar|75/100|[from] Sandstorm
|upkeep
|turn|4
|
|t:|1757664795
|move|p2a: Sylveon|Protect|p2a: Sylveon
|-singleturn|p2a: Sylveon|Protect
|move|p1b: Corviknight|Brave Bird|p2b: Incineroar
|-damage|p2b: Incineroar|41/100
|-damage|p1b: Corviknight|58/100|[from] Recoil
|move|p1a: Gastrodon|Muddy Water|p2b: Incineroar|[spread] p2b
|-activate|p2a: Sylveon|move: Protect
|-supereffective|p2b: Incineroar
|-damage|p2b: Incineroar|0 fnt
|faint|p2b: Incineroar
|
|-weather|Sandstorm|[upkeep]
|-damage|p2a: Sylveon|42/100|[from] Sandstorm
|-sideend|p1: J4yz1lla|move: Tailwind
|upkeep
|
|t:|1757664810
|switch|p2b: Gholdengo|Gholdengo, L50|100/100
|turn|5
|
|t:|1757664823
|move|p1a: Gastrodon|Protect|p1a: Gastrodon
|-singleturn|p1a: Gastrodon|Protect
|move|p2b: Gholdengo|Make It Rain|p1b: Corviknight|[spread] p1b
|-activate|p1a: Gastrodon|move: Protect
|-resisted|p1b: Corviknight
|-damage|p1b: Corviknight|29/100
|-unboost|p2b: Gholdengo|spa|1
|-enditem|p1b: Corviknight|Sitrus Berry|[eat]
|-heal|p1b: Corviknight|54/100|[from] item: Sitrus Berry
|move|p2a: Sylveon|Hyper Voice|p1a: Gastrodon|[spread] p1b
|-activate|p1a: Gastrodon|move: Protect
|-resisted|p1b: Corviknight
|-damage|p1b: Corviknight|24/100
|-damage|p2a: Sylveon|33/100|[from] item: Life Orb
|move|p1b: Corviknight|Tailwind|p1b: Corviknight
|-sidestart|p1: J4yz1lla|move: Tailwind
|
|-weather|none
|upkeep
|turn|6
|
|t:|1757664856
|switch|p2b: Sinistcha|Sinistcha, L50|100/100
|-heal|p2a: Sylveon|58/100|[from] ability: Hospitality|[of] p2b: Sinistcha
|move|p1b: Corviknight|Brave Bird|p2a: Sylveon
|-damage|p2a: Sylveon|14/100
|-damage|p1b: Corviknight|10/100|[from] Recoil
|move|p1a: Gastrodon|Earth Power|p2b: Sinistcha
|-resisted|p2b: Sinistcha
|-damage|p2b: Sinistcha|87/100
|move|p2a: Sylveon|Hyper Voice|p1b: Corviknight|[spread] p1a,p1b
|-resisted|p1b: Corviknight
|-damage|p1a: Gastrodon|0 fnt
|-damage|p1b: Corviknight|0 fnt
|faint|p1a: Gastrodon
|faint|p1b: Corviknight
|-damage|p2a: Sylveon|4/100|[from] item: Life Orb
|
|upkeep
|
|t:|1757664871
|switch|p1b: Annihilape|Annihilape, L50, F|100/100
|switch|p1a: Tyranitar|Tyranitar, L50, F|100/100
|-weather|Sandstorm|[from] ability: Sand Stream|[of] p1a: Tyranitar
|turn|7
|
|t:|1757664924
|-terastallize|p2b: Sinistcha|Dark
|move|p1b: Annihilape|Protect|p1b: Annihilape
|-singleturn|p1b: Annihilape|Protect
|move|p1a: Tyranitar|Rock Slide|p2b: Sinistcha|[spread] p2a,p2b
|-damage|p2a: Sylveon|0 fnt
|-damage|p2b: Sinistcha|58/100
|faint|p2a: Sylveon
|move|p2b: Sinistcha|Matcha Gotcha|p1b: Annihilape|[spread] p1a
|-activate|p1b: Annihilape|move: Protect
|-supereffective|p1a: Tyranitar
|-damage|p1a: Tyranitar|78/100
|-heal|p2b: Sinistcha|71/100|[from] drain|[of] p1a: Tyranitar
|-status|p1a: Tyranitar|brn
|
|-weather|Sandstorm|[upkeep]
|-damage|p1b: Annihilape|95/100|[from] Sandstorm
|-damage|p2b: Sinistcha|65/100|[from] Sandstorm
|-heal|p1b: Annihilape|100/100|[from] item: Leftovers
|-damage|p1a: Tyranitar|72/100 brn|[from] brn
|upkeep
|
|t:|1757664944
|switch|p2a: Gholdengo|Gholdengo, L50|100/100
|turn|8
|
|t:|1757664966
|-terastallize|p1b: Annihilape|Water
|move|p2b: Sinistcha|Rage Powder|p2b: Sinistcha
|-singleturn|p2b: Sinistcha|move: Rage Powder
|move|p1b: Annihilape|Drain Punch|p2b: Sinistcha
|-supereffective|p2b: Sinistcha
|-damage|p2b: Sinistcha|0 fnt
|faint|p2b: Sinistcha
|move|p1a: Tyranitar|Knock Off|p2a: Gholdengo
|-supereffective|p2a: Gholdengo
|-damage|p2a: Gholdengo|44/100
|-enditem|p2a: Gholdengo|Choice Specs|[from] move: Knock Off|[of] p1a: Tyranitar
|move|p2a: Gholdengo|Make It Rain|p1a: Tyranitar|[spread] p1a,p1b
|-supereffective|p1a: Tyranitar
|-resisted|p1b: Annihilape
|-damage|p1a: Tyranitar|33/100 brn
|-damage|p1b: Annihilape|77/100
|-unboost|p2a: Gholdengo|spa|1
|
|-weather|Sandstorm|[upkeep]
|-damage|p1b: Annihilape|71/100|[from] Sandstorm
|-heal|p1b: Annihilape|77/100|[from] item: Leftovers
|-damage|p1a: Tyranitar|27/100 brn|[from] brn
|-sideend|p1: J4yz1lla|move: Tailwind
|upkeep
|turn|9
|-message|vincioooo forfeited.
|
|win|J4yz1lla
|l|☆vincioooo
|player|p2|
|l|☆J4yz1lla
|player|p1|
||vincioooo is ready for game 2.
||J4yz1lla is ready for game 2.
|uhtml|next|Next: Game 2 of 3
