|j|☆sbravesborz
|j|☆DttDMarce
|html|sbravesborzDttDMarce    
|uhtml|bestof|Game 3 of a best-of-3
|t:|1784815021
|gametype|doubles
|player|p1|sbravesborz|1|1113
|player|p2|DttDMarce|265|1086
|gen|9
|tier|[Gen 9 Champions] VGC 2026 Reg M-B (Bo3)
|rated|
|rule|Species Clause: Limit one of each Pokémon
|rule|Item Clause: Limit 1 of each item
|clearpoke
|poke|p1|Raichu, L50, F|
|poke|p1|Maushold, L50|
|poke|p1|Sinistcha, L50|
|poke|p1|Mamoswine, L50, F|
|poke|p1|Basculegion, L50, M|
|poke|p1|Pelipper, L50, M|
|poke|p2|Charizard, L50, M|
|poke|p2|Kingambit, L50, M|
|poke|p2|Sylveon, L50, F|
|poke|p2|Garchomp, L50, M|
|poke|p2|Aerodactyl, L50, M|
|poke|p2|Farigiraf, L50, F|
|teampreview|4
|showteam|p1|Raichu||RaichuniteY|LightningRod|FakeOut,ZapCannon,FocusBlast,Protect|Timid||F|||50|]Maushold||FocusSash|FriendGuard|FollowMe,SuperFang,Encore,Protect|Timid|||||50|]Sinistcha||ColburBerry|Hospitality|MatchaGotcha,RagePowder,Protect,TrickRoom|Calm|||||50|]Mamoswine||LifeOrb|Oblivious|IceShard,IcicleCrash,HighHorsepower,Protect|Adamant||F|||50|]Basculegion||ChoiceScarf|Adaptability|WaveCrash,FlipTurn,LastRespects,AquaJet|Jolly||M|||50|]Pelipper||SitrusBerry|Drizzle|WeatherBall,Hurricane,Tailwind,Protect|Modest||M|||50|
|showteam|p2|Charizard||CharizarditeY|SolarPower|Protect,HeatWave,SolarBeam,WeatherBall|Modest||M|||50|]Kingambit||FocusSash|Defiant|IronHead,SuckerPunch,KowtowCleave,LowKick|Adamant||M|||50|]Sylveon||FairyFeather|Pixilate|Detect,HyperVoice,HyperBeam,QuickAttack|Modest||F|||50|]Garchomp||LifeOrb|RoughSkin|Protect,DragonClaw,Earthquake,RockSlide|Jolly||M|||50|]Aerodactyl||Aerodactylite|Unnerve|IceFang,RockSlide,Tailwind,DualWingbeat|Jolly||M|||50|]Farigiraf||SitrusBerry|ArmorTail|TrickRoom,Psychic,Thunderbolt,Roar|Bold||F|||50|
|inactive|Battle timer is ON: inactive players will automatically lose when time's up. (requested by sbravesborz)
|inactive|sbravesborz has 60 seconds left.
|inactive|DttDMarce has 60 seconds left.
|
|t:|1784815064
|teamsize|p1|4
|teamsize|p2|4
|start
|switch|p1a: Sinistcha|Sinistcha, L50|100/100
|switch|p1b: Mamoswine|Mamoswine, L50, F|100/100
|switch|p2a: Sylveon|Sylveon, L50, F|100/100
|switch|p2b: Kingambit|Kingambit, L50, M|100/100
|turn|1
|inactive|sbravesborz has 30 seconds left.
|inactive|DttDMarce has 30 seconds left.
|
|t:|1784815096
|move|p1b: Mamoswine|Protect|p1b: Mamoswine
|-singleturn|p1b: Mamoswine|Protect
|move|p1a: Sinistcha|Protect|p1a: Sinistcha
|-singleturn|p1a: Sinistcha|Protect
|move|p2b: Kingambit|Iron Head|p1b: Mamoswine
|-activate|p1b: Mamoswine|move: Protect
|move|p2a: Sylveon|Hyper Voice|p1b: Mamoswine|[spread] 
|-activate|p1a: Sinistcha|move: Protect
|-activate|p1b: Mamoswine|move: Protect
|
|upkeep
|turn|2
|
|t:|1784815119
|move|p1b: Mamoswine|High Horsepower|p2b: Kingambit
|-supereffective|p2b: Kingambit|1
|-enditem|p2b: Kingambit|Focus Sash
|-damage|p2b: Kingambit|1/100
|-damage|p1b: Mamoswine|90/100|[from] item: Life Orb
|move|p2b: Kingambit|Iron Head|p1b: Mamoswine
|-supereffective|p1b: Mamoswine|1
|-damage|p1b: Mamoswine|0 fnt
|faint|p1b: Mamoswine
|move|p2a: Sylveon|Hyper Voice|p1a: Sinistcha
|-damage|p1a: Sinistcha|41/100
|move|p1a: Sinistcha|Matcha Gotcha|p2b: Kingambit|[spread] p2a
|-miss|p1a: Sinistcha|p2b: Kingambit
|-damage|p2a: Sylveon|79/100
|-heal|p1a: Sinistcha|51/100|[from] drain|[of] p2a: Sylveon
|
|upkeep
|
|t:|1784815130
|switch|p1b: Raichu|Raichu, L50, F|100/100
|turn|3
|
|t:|1784815141
|detailschange|p1b: Raichu|Raichu-Mega-Y, L50, F
|-mega|p1b: Raichu|Raichu|Raichunite Y
|move|p2b: Kingambit|Sucker Punch|p1a: Sinistcha
|-supereffective|p1a: Sinistcha|1
|-enditem|p1a: Sinistcha|Colbur Berry|[eat]
|-enditem|p1a: Sinistcha|Colbur Berry|[weaken]
|-damage|p1a: Sinistcha|15/100
|move|p1b: Raichu|Zap Cannon|p2a: Sylveon
|-damage|p2a: Sylveon|18/100
|-status|p2a: Sylveon|par
|move|p1a: Sinistcha|Matcha Gotcha|p2b: Kingambit|[spread] p2a,p2b
|-resisted|p2b: Kingambit|1
|-damage|p2a: Sylveon|0 fnt
|-heal|p1a: Sinistcha|24/100|[from] drain|[of] p2a: Sylveon
|-damage|p2b: Kingambit|0 fnt
|-heal|p1a: Sinistcha|25/100|[from] drain|[of] p2b: Kingambit
|faint|p2a: Sylveon
|faint|p2b: Kingambit
|
|upkeep
|
|t:|1784815158
|switch|p2b: Garchomp|Garchomp, L50, M|100/100
|switch|p2a: Farigiraf|Farigiraf, L50, F|100/100
|turn|4
|inactive|sbravesborz has 30 seconds left.
|
|t:|1784815185
|move|p1b: Raichu|Protect|p1b: Raichu
|-singleturn|p1b: Raichu|Protect
|move|p2b: Garchomp|Earthquake|p1a: Sinistcha|[spread] p2a,p1a
|-activate|p1b: Raichu|move: Protect
|-resisted|p1a: Sinistcha|1
|-damage|p2a: Farigiraf|58/100
|-damage|p1a: Sinistcha|5/100
|-damage|p2b: Garchomp|90/100|[from] item: Life Orb
|move|p1a: Sinistcha|Matcha Gotcha|p2a: Farigiraf|[spread] p2a,p2b
|-damage|p2a: Farigiraf|35/100
|-heal|p1a: Sinistcha|20/100y|[from] drain|[of] p2a: Farigiraf
|-damage|p2b: Garchomp|62/100
|-heal|p1a: Sinistcha|34/100|[from] drain|[of] p2b: Garchomp
|-enditem|p2a: Farigiraf|Sitrus Berry|[eat]
|-heal|p2a: Farigiraf|60/100|[from] item: Sitrus Berry
|move|p2a: Farigiraf|Psychic|p1b: Raichu
|-activate|p1b: Raichu|move: Protect
|
|upkeep
|turn|5
|inactive|sbravesborz has 30 seconds left.
|
|t:|1784815216
|move|p1b: Raichu|Zap Cannon|p2a: Farigiraf
|-damage|p2a: Farigiraf|0 fnt
|faint|p2a: Farigiraf
|move|p2b: Garchomp|Earthquake|p1b: Raichu|[spread] p1a,p1b
|-resisted|p1a: Sinistcha|1
|-supereffective|p1b: Raichu|1
|-damage|p1a: Sinistcha|15/100
|-damage|p1b: Raichu|0 fnt
|faint|p1b: Raichu
|-damage|p2b: Garchomp|52/100|[from] item: Life Orb
|move|p1a: Sinistcha|Matcha Gotcha|p2b: Garchomp
|-damage|p2b: Garchomp|14/100
|-heal|p1a: Sinistcha|34/100|[from] drain|[of] p2b: Garchomp
|-status|p2b: Garchomp|brn
|
|-damage|p2b: Garchomp|8/100 brn|[from] brn
|upkeep
|
|t:|1784815219
|switch|p1b: Pelipper|Pelipper, L50, M|100/100
|-weather|RainDance|[from] ability: Drizzle|[of] p1b: Pelipper
|turn|6
|
|t:|1784815227
|move|p2b: Garchomp|Rock Slide|p1b: Pelipper|[spread] p1a,p1b
|-supereffective|p1b: Pelipper|1
|-damage|p1a: Sinistcha|24/100
|-damage|p1b: Pelipper|73/100
|-damage|p2b: Garchomp|0 fnt|[from] item: Life Orb
|faint|p2b: Garchomp
|
|win|sbravesborz
|raw|sbravesborz's rating: 1113 → 1136(+23 for winning)
|raw|DttDMarce's rating: 1086 → 1065(-21 for losing)
|l|☆DttDMarce
|player|p2|
