|j|☆randomguy1114s
|j|☆five_loko_gold
|html|randomguy1114sfive_loko_gold    
|uhtml|bestof|Game 2 of a best-of-3
|t:|1756245626
|gametype|doubles
|player|p1|randomguy1114s|lillie-masters|1112
|player|p2|five_loko_gold|102|1092
|gen|9
|tier|[Gen 9] VGC 2025 Reg H (Bo3)
|rated|
|rule|Species Clause: Limit one of each Pokémon
|rule|Item Clause: Limit 1 of each item
|clearpoke
|poke|p1|Volcarona, L50, F|
|poke|p1|Rillaboom, L50, F|
|poke|p1|Incineroar, L50, F|
|poke|p1|Sneasler, L50, F|
|poke|p1|Clefairy, L50, F|
|poke|p1|Torkoal, L50, M|
|poke|p2|Rillaboom, L50, F|
|poke|p2|Sneasler, L50, F|
|poke|p2|Dragonite, L50, F|
|poke|p2|Electabuzz, L50, F|
|poke|p2|Volcarona, L50, M|
|poke|p2|Kingambit, L50, F|
|teampreview|4
|showteam|p1|Volcarona||GrassySeed|FlameBody|QuiverDance,FieryDance,GigaDrain,Protect|||F|||50|,,,,,Grass]Rillaboom||AssaultVest|GrassySurge|FakeOut,GrassyGlide,WoodHammer,Uturn|||F|||50|,,,,,Fire]Incineroar||SafetyGoggles|Intimidate|FlareBlitz,KnockOff,FakeOut,PartingShot|||F|||50|,,,,,Ghost]Sneasler||FocusSash|Unburden|CloseCombat,DireClaw,ThroatChop,Protect|||F|||50|,,,,,Dark]Clefairy||Eviolite|FriendGuard|FollowMe,LifeDew,HelpingHand,Protect|||F|||50|,,,,,Water]Torkoal||EjectPack|Drought|Eruption,Overheat,HelpingHand,Protect|||M|||50|,,,,,Fire
|showteam|p2|Rillaboom||MiracleSeed|GrassySurge|WoodHammer,GrassyGlide,HighHorsepower,FakeOut|||F|||50|,,,,,Fire]Sneasler||FocusSash|Unburden|CloseCombat,DireClaw,Coaching,Protect|||F|||50|,,,,,Stellar]Dragonite||LoadedDice|Multiscale|ScaleShot,Haze,ExtremeSpeed,Protect|||F|||50|,,,,,Fairy]Electabuzz||Eviolite|VitalSpirit|Electroweb,FollowMe,Thunderbolt,Protect|||F|||50|,,,,,Ghost]Volcarona||Leftovers|FlameBody|Protect,HeatWave,TeraBlast,QuiverDance|||M|||50|,,,,,Fairy]Kingambit||AssaultVest|Defiant|KowtowCleave,LowKick,TeraBlast,SuckerPunch|||F|||50|,,,,,Flying
|
|t:|1756245675
|teamsize|p1|4
|teamsize|p2|4
|start
|switch|p1a: monkeh|Rillaboom, L50, F, shiny|100/100
|switch|p1b: Volcarona|Volcarona, L50, F, shiny|100/100
|switch|p2a: Kingambit|Kingambit, L50, F|100/100
|switch|p2b: Sneasler|Sneasler, L50, F|100/100
|-fieldstart|move: Grassy Terrain|[from] ability: Grassy Surge|[of] p1a: monkeh
|-enditem|p1b: Volcarona|Grassy Seed
|-boost|p1b: Volcarona|def|1|[from] item: Grassy Seed
|turn|1
|
|t:|1756245711
|-terastallize|p2a: Kingambit|Flying
|move|p2b: Sneasler|Protect|p2b: Sneasler
|-singleturn|p2b: Sneasler|Protect
|move|p1a: monkeh|Fake Out|p2b: Sneasler
|-activate|p2b: Sneasler|move: Protect
|move|p1b: Volcarona|Quiver Dance|p1b: Volcarona
|-boost|p1b: Volcarona|spa|1
|-boost|p1b: Volcarona|spd|1
|-boost|p1b: Volcarona|spe|1
|move|p2a: Kingambit|Tera Blast|p1b: Volcarona|[anim] Tera Blast Flying
|-supereffective|p1b: Volcarona
|-damage|p1b: Volcarona|28/100
|
|-heal|p1b: Volcarona|34/100|[from] Grassy Terrain
|upkeep
|turn|2
|
|t:|1756245762
|switch|p2b: Dragonite|Dragonite, L50, F|100/100
|switch|p1a: Incineroar|Incineroar, L50, F, shiny|100/100
|-ability|p1a: Incineroar|Intimidate|boost
|-unboost|p2a: Kingambit|atk|1
|-ability|p2a: Kingambit|Defiant|boost
|-boost|p2a: Kingambit|atk|2
|-unboost|p2b: Dragonite|atk|1
|move|p1b: Volcarona|Protect|p1b: Volcarona
|-singleturn|p1b: Volcarona|Protect
|move|p2a: Kingambit|Tera Blast|p1b: Volcarona|[anim] Tera Blast Flying
|-activate|p1b: Volcarona|move: Protect
|
|-heal|p1b: Volcarona|40/100|[from] Grassy Terrain
|upkeep
|turn|3
|
|t:|1756245815
|switch|p2b: Rillaboom|Rillaboom, L50, F|100/100
|move|p1a: Incineroar|Fake Out|p2a: Kingambit
|-damage|p2a: Kingambit|91/100
|move|p1b: Volcarona|Giga Drain|p2a: Kingambit
|-resisted|p2a: Kingambit
|-crit|p2a: Kingambit
|-damage|p2a: Kingambit|69/100
|-heal|p1b: Volcarona|54/100|[from] drain|[of] p2a: Kingambit
|cant|p2a: Kingambit|flinch
|
|-heal|p1b: Volcarona|60/100|[from] Grassy Terrain
|upkeep
|turn|4
|
|t:|1756245845
|move|p1b: Volcarona|Protect|p1b: Volcarona
|-singleturn|p1b: Volcarona|Protect
|move|p2b: Rillaboom|Fake Out|p1a: Incineroar
|-damage|p1a: Incineroar|86/100
|cant|p1a: Incineroar|flinch
|move|p2a: Kingambit|Tera Blast|p1b: Volcarona|[anim] Tera Blast Flying
|-activate|p1b: Volcarona|move: Protect
|
|-heal|p1b: Volcarona|66/100|[from] Grassy Terrain
|-heal|p1a: Incineroar|92/100|[from] Grassy Terrain
|upkeep
|turn|5
|
|t:|1756245879
|switch|p2b: Dragonite|Dragonite, L50, F|100/100
|move|p1b: Volcarona|Fiery Dance|p2a: Kingambit
|-damage|p2a: Kingambit|25/100
|-boost|p1b: Volcarona|spa|1
|move|p1a: Incineroar|Flare Blitz|p2a: Kingambit
|-damage|p2a: Kingambit|0 fnt
|faint|p2a: Kingambit
|-damage|p1a: Incineroar|84/100|[from] Recoil
|
|-heal|p1b: Volcarona|72/100|[from] Grassy Terrain
|-heal|p1a: Incineroar|90/100|[from] Grassy Terrain
|-fieldend|move: Grassy Terrain
|upkeep
|
|t:|1756245899
|switch|p2a: Rillaboom|Rillaboom, L50, F|100/100
|-fieldstart|move: Grassy Terrain|[from] ability: Grassy Surge|[of] p2a: Rillaboom
|turn|6
|
|t:|1756245912
|switch|p1a: monkeh|Rillaboom, L50, F, shiny|100/100
|move|p1b: Volcarona|Protect|p1b: Volcarona
|-singleturn|p1b: Volcarona|Protect
|move|p2a: Rillaboom|Fake Out|p1b: Volcarona
|-activate|p1b: Volcarona|move: Protect
|move|p2b: Dragonite|Haze|p2b: Dragonite
|-clearallboost
|
|-heal|p1b: Volcarona|77/100|[from] Grassy Terrain
|upkeep
|turn|7
|
|t:|1756245939
|move|p1a: monkeh|Fake Out|p2b: Dragonite
|-damage|p2b: Dragonite|93/100
|move|p1b: Volcarona|Fiery Dance|p2a: Rillaboom
|-supereffective|p2a: Rillaboom
|-damage|p2a: Rillaboom|0 fnt
|-boost|p1b: Volcarona|spa|1
|faint|p2a: Rillaboom
|cant|p2b: Dragonite|flinch
|
|-heal|p1b: Volcarona|83/100|[from] Grassy Terrain
|upkeep
|
|t:|1756245947
|switch|p2a: Sneasler|Sneasler, L50, F|100/100
|turn|8
|inactive|Battle timer is ON: inactive players will automatically lose when time's up. (requested by randomguy1114s)
|
|t:|1756245992
|move|p1a: monkeh|Grassy Glide|p2a: Sneasler
|-resisted|p2a: Sneasler
|-damage|p2a: Sneasler|66/100
|move|p2a: Sneasler|Coaching|p2b: Dragonite
|-boost|p2b: Dragonite|atk|1
|-boost|p2b: Dragonite|def|1
|move|p1b: Volcarona|Fiery Dance|p2a: Sneasler
|-damage|p2a: Sneasler|0 fnt
|-boost|p1b: Volcarona|spa|1
|faint|p2a: Sneasler
|move|p2b: Dragonite|Scale Shot|p1b: Volcarona
|-damage|p1b: Volcarona|53/100
|-damage|p1b: Volcarona|24/100
|-damage|p1b: Volcarona|0 fnt
|faint|p1b: Volcarona
|-hitcount|p1: Volcarona|3
|-unboost|p2b: Dragonite|def|1
|-boost|p2b: Dragonite|spe|1
|
|upkeep
|
|t:|1756246008
|switch|p1b: Incineroar|Incineroar, L50, F, shiny|90/100
|-ability|p1b: Incineroar|Intimidate|boost
|-unboost|p2b: Dragonite|atk|1
|turn|9
|
|t:|1756246016
|move|p2b: Dragonite|Protect|p2b: Dragonite
|-singleturn|p2b: Dragonite|Protect
|move|p1b: Incineroar|Fake Out|p2b: Dragonite
|-activate|p2b: Dragonite|move: Protect
|move|p1a: monkeh|U-turn|p1b: Incineroar
|-damage|p1b: Incineroar|68/100
|
|t:|1756246023
|switch|p1a: menacetosociety|Sneasler, L50, F, shiny|100/100|[from] U-turn
|
|-heal|p1b: Incineroar|74/100|[from] Grassy Terrain
|upkeep
|turn|10
|
|t:|1756246031
|move|p1a: menacetosociety|Protect|p1a: menacetosociety
|-singleturn|p1a: menacetosociety|Protect
|move|p2b: Dragonite|Scale Shot|p1a: menacetosociety
|-activate|p1a: menacetosociety|move: Protect
|move|p1b: Incineroar|Parting Shot|p2b: Dragonite
|-unboost|p2b: Dragonite|atk|1
|-unboost|p2b: Dragonite|spa|1
|
|t:|1756246042
|switch|p1b: monkeh|Rillaboom, L50, F, shiny|100/100|[from] Parting Shot
|
|-fieldend|move: Grassy Terrain
|upkeep
|turn|11
|
|t:|1756246046
|switch|p1a: Incineroar|Incineroar, L50, F, shiny|74/100
|-ability|p1a: Incineroar|Intimidate|boost
|-unboost|p2b: Dragonite|atk|1
|move|p2b: Dragonite|Protect|p2b: Dragonite
|-singleturn|p2b: Dragonite|Protect
|move|p1b: monkeh|Fake Out|p2b: Dragonite
|-activate|p2b: Dragonite|move: Protect
|
|upkeep
|turn|12
|
|t:|1756246056
|move|p2b: Dragonite|Protect||[still]
|-fail|p2b: Dragonite
|move|p1b: monkeh|U-turn|p2b: Dragonite
|-resisted|p2b: Dragonite
|-damage|p2b: Dragonite|79/100
|
|t:|1756246060
|switch|p1b: menacetosociety|Sneasler, L50, F, shiny|100/100|[from] U-turn
|move|p1a: Incineroar|Parting Shot|p2b: Dragonite
|-unboost|p2b: Dragonite|atk|1
|-unboost|p2b: Dragonite|spa|1
|
|t:|1756246065
|switch|p1a: monkeh|Rillaboom, L50, F, shiny|100/100|[from] Parting Shot
|-fieldstart|move: Grassy Terrain|[from] ability: Grassy Surge|[of] p1a: monkeh
|
|upkeep
|turn|13
|
|t:|1756246072
|switch|p1b: Incineroar|Incineroar, L50, F, shiny|74/100
|-ability|p1b: Incineroar|Intimidate|boost
|-unboost|p2b: Dragonite|atk|1
|move|p2b: Dragonite|Protect|p2b: Dragonite
|-singleturn|p2b: Dragonite|Protect
|move|p1a: monkeh|Fake Out|p2b: Dragonite
|-activate|p2b: Dragonite|move: Protect
|
|-heal|p1b: Incineroar|80/100|[from] Grassy Terrain
|upkeep
|turn|14
|
|t:|1756246082
|move|p1b: Incineroar|Fake Out|p2b: Dragonite
|-damage|p2b: Dragonite|66/100
|cant|p2b: Dragonite|flinch
|move|p1a: monkeh|U-turn|p2b: Dragonite
|-resisted|p2b: Dragonite
|-damage|p2b: Dragonite|53/100
|
|t:|1756246087
|switch|p1a: menacetosociety|Sneasler, L50, F, shiny|100/100|[from] U-turn
|
|-heal|p1b: Incineroar|86/100|[from] Grassy Terrain
|upkeep
|turn|15
|-message|five_loko_gold forfeited.
|
|win|randomguy1114s
|raw|randomguy1114s's rating: 1112 → 1136(+24 for winning)
|raw|five_loko_gold's rating: 1092 → 1070(-22 for losing)
|l|☆five_loko_gold
|player|p2|
