|j|☆Gear5th
|j|☆dcheng24
|html|Gear5thdcheng24    
|uhtml|bestof|Game 2 of a best-of-3
|t:|1757912590
|gametype|doubles
|player|p1|Gear5th|emmet|1153
|player|p2|dcheng24|2|1014
|gen|9
|tier|[Gen 9] VGC 2025 Reg H (Bo3)
|rated|
|rule|Species Clause: Limit one of each Pokémon
|rule|Item Clause: Limit 1 of each item
|clearpoke
|poke|p1|Pelipper, L50, F|
|poke|p1|Archaludon, L50, F|
|poke|p1|Dragonite, L50, M|
|poke|p1|Incineroar, L50, M|
|poke|p1|Amoonguss, L50, M|
|poke|p1|Basculegion, L50, M|
|poke|p2|Amoonguss, L50, M|
|poke|p2|Archaludon, L50, F|
|poke|p2|Maushold-Four, L50|
|poke|p2|Primarina, L50, M|
|poke|p2|Incineroar, L50, F|
|poke|p2|Ursaluna-Bloodmoon, L50, M|
|teampreview|4
|showteam|p1|Pelipper||FocusSash|Drizzle|WeatherBall,Hurricane,Tailwind,WideGuard|||F|||50|,,,,,Ghost]Archaludon||AssaultVest|Stamina|ElectroShot,FlashCannon,DracoMeteor,BodyPress|||F|||50|,,,,,Grass]Dragonite||LoadedDice|Multiscale|ScaleShot,ExtremeSpeed,Protect,Haze|||M|||50|,,,,,Flying]Incineroar||SitrusBerry|Intimidate|KnockOff,PartingShot,WillOWisp,FakeOut|||M|||50|,,,,,Grass]Amoonguss||CovertCloak|Regenerator|PollenPuff,Spore,RagePowder,Protect|||M|||50|,,,,,Water]Basculegion||ChoiceBand|SwiftSwim|LastRespects,WaveCrash,AquaJet,FlipTurn|||M|||50|,,,,,Ghost
|showteam|p2|Amoonguss||QuickClaw|Regenerator|ClearSmog,Spore,PollenPuff,RagePowder|||M|||50|,,,,,Ghost]Archaludon||AssaultVest|Stamina|Thunderbolt,Snarl,BodyPress,DragonPulse|||F|||50|,,,,,Dragon]Maushold-Four||CovertCloak|FriendGuard|FollowMe,PopulationBomb,Taunt,Encore||||||50|,,,,,Ghost]Primarina||Leftovers|Torrent|HelpingHand,Charm,LightScreen,Surf|||M|||50|,,,,,Water]Incineroar||RockyHelmet|Intimidate|KnockOff,Taunt,FakeOut,PartingShot|||F|||50|,,,,,Grass]Ursaluna-Bloodmoon||LifeOrb|MindsEye|BloodMoon,EarthPower,Protect,HyperVoice|||M|||50|,,,,,Ground
|inactive|Battle timer is ON: inactive players will automatically lose when time's up. (requested by Gear5th)
|inactive|dcheng24 has 60 seconds left.
|inactive|dcheng24 has 30 seconds left.
|
|t:|1757912678
|teamsize|p1|4
|teamsize|p2|4
|start
|switch|p1a: Pelipper|Pelipper, L50, F|100/100
|switch|p1b: Basculegion|Basculegion, L50, M|100/100
|switch|p2a: Incineroar|Incineroar, L50, F|100/100
|switch|p2b: Primarina|Primarina, L50, M|100/100
|-weather|RainDance|[from] ability: Drizzle|[of] p1a: Pelipper
|-ability|p2a: Incineroar|Intimidate|boost
|-unboost|p1a: Pelipper|atk|1
|-unboost|p1b: Basculegion|atk|1
|turn|1
|inactive|dcheng24 has 30 seconds left.
|inactive|dcheng24 has 20 seconds left.
|inactive|dcheng24 has 15 seconds left.
|
|t:|1757912722
|-terastallize|p2a: Incineroar|Grass
|move|p2a: Incineroar|Fake Out|p1a: Pelipper
|-damage|p1a: Pelipper|86/100
|move|p1b: Basculegion|Flip Turn|p2a: Incineroar
|-resisted|p2a: Incineroar
|-damage|p2a: Incineroar|79/100
|-damage|p1b: Basculegion|84/100|[from] item: Rocky Helmet|[of] p2a: Incineroar
|
|t:|1757912729
|switch|p1b: Amoonguss|Amoonguss, L50, M|100/100|[from] Flip Turn
|cant|p1a: Pelipper|flinch
|move|p2b: Primarina|Charm|p1b: Amoonguss
|-unboost|p1b: Amoonguss|atk|2
|
|-weather|RainDance|[upkeep]
|upkeep
|turn|2
|inactive|dcheng24 has 30 seconds left.
|inactive|dcheng24 has 20 seconds left.
|inactive|dcheng24 has 15 seconds left.
|inactive|dcheng24 has 10 seconds left.
|
|t:|1757912777
|switch|p2a: Maushold|Maushold-Four, L50|100/100
|move|p1a: Pelipper|Tailwind|p1a: Pelipper
|-sidestart|p1: Gear5th|move: Tailwind
|move|p1b: Amoonguss|Spore|p2b: Primarina
|-status|p2b: Primarina|slp|[from] move: Spore
|cant|p2b: Primarina|slp
|
|-weather|RainDance|[upkeep]
|upkeep
|turn|3
|
|t:|1757912801
|move|p1a: Pelipper|Hurricane|p2b: Primarina
|-damage|p2b: Primarina|74/100 slp
|-start|p2b: Primarina|confusion
|move|p2a: Maushold|Taunt|p1b: Amoonguss
|-start|p1b: Amoonguss|move: Taunt
|cant|p1b: Amoonguss|move: Taunt|Spore
|cant|p2b: Primarina|slp
|
|-weather|RainDance|[upkeep]
|-heal|p2b: Primarina|80/100 slp|[from] item: Leftovers
|upkeep
|turn|4
|
|t:|1757912827
|switch|p1b: Basculegion|Basculegion, L50, M|84/100
|-curestatus|p2b: Primarina|slp|[msg]
|-activate|p2b: Primarina|confusion
|-damage|p2b: Primarina|73/100|[from] confusion
|move|p1a: Pelipper|Weather Ball|p2a: Maushold
|-damage|p2a: Maushold|21/100
|move|p2a: Maushold|Population Bomb|p1b: Basculegion
|-immune|p1b: Basculegion
|
|-weather|RainDance|[upkeep]
|-heal|p2b: Primarina|79/100|[from] item: Leftovers
|upkeep
|turn|5
|inactive|Gear5th has 30 seconds left.
|inactive|dcheng24 has 30 seconds left.
|
|t:|1757912859
|switch|p2a: Incineroar|Incineroar, L50, F, tera:Grass|79/100
|-ability|p2a: Incineroar|Intimidate|boost
|-unboost|p1a: Pelipper|atk|1
|-unboost|p1b: Basculegion|atk|1
|move|p1b: Basculegion|Flip Turn|p2a: Incineroar
|-resisted|p2a: Incineroar
|-damage|p2a: Incineroar|59/100
|-damage|p1b: Basculegion|68/100|[from] item: Rocky Helmet|[of] p2a: Incineroar
|
|t:|1757912863
|switch|p1b: Amoonguss|Amoonguss, L50, M|100/100|[from] Flip Turn
|move|p1a: Pelipper|Hurricane|p2a: Incineroar
|-supereffective|p2a: Incineroar
|-damage|p2a: Incineroar|0 fnt
|faint|p2a: Incineroar
|-activate|p2b: Primarina|confusion
|move|p2b: Primarina|Charm|p1b: Amoonguss
|-unboost|p1b: Amoonguss|atk|2
|
|-weather|none
|-heal|p2b: Primarina|85/100|[from] item: Leftovers
|-sideend|p1: Gear5th|move: Tailwind
|upkeep
|
|t:|1757912881
|switch|p2a: Maushold|Maushold-Four, L50|21/100
|turn|6
|inactive|dcheng24 has 30 seconds left.
|
|t:|1757912910
|switch|p1a: Basculegion|Basculegion, L50, M|68/100
|-activate|p2b: Primarina|confusion
|move|p2b: Primarina|Helping Hand|p2a: Maushold
|-singleturn|p2a: Maushold|Helping Hand|[of] p2b: Primarina
|move|p2a: Maushold|Population Bomb|p1a: Basculegion
|-immune|p1a: Basculegion
|move|p1b: Amoonguss|Pollen Puff|p1a: Basculegion
|-heal|p1a: Basculegion|100/100
|
|-heal|p2b: Primarina|91/100|[from] item: Leftovers
|upkeep
|turn|7
|
|t:|1757912931
|-activate|p2b: Primarina|confusion
|move|p2b: Primarina|Helping Hand|p2a: Maushold
|-singleturn|p2a: Maushold|Helping Hand|[of] p2b: Primarina
|move|p2a: Maushold|Population Bomb|p1b: Amoonguss
|-crit|p1b: Amoonguss
|-damage|p1b: Amoonguss|88/100
|-damage|p1b: Amoonguss|80/100
|-damage|p1b: Amoonguss|72/100
|-damage|p1b: Amoonguss|64/100
|-hitcount|p1b: Amoonguss|4
|move|p1a: Basculegion|Flip Turn|p2a: Maushold
|-damage|p2a: Maushold|0 fnt
|faint|p2a: Maushold
|
|t:|1757912945
|switch|p1a: Pelipper|Pelipper, L50, F|86/100|[from] Flip Turn
|-weather|RainDance|[from] ability: Drizzle|[of] p1a: Pelipper
|move|p1b: Amoonguss|Spore|p2b: Primarina
|-status|p2b: Primarina|slp|[from] move: Spore
|
|-weather|RainDance|[upkeep]
|-heal|p2b: Primarina|97/100 slp|[from] item: Leftovers
|upkeep
|
|t:|1757912963
|switch|p2a: Ursaluna|Ursaluna-Bloodmoon, L50, M|100/100
|turn|8
|inactive|dcheng24 has 30 seconds left.
|
|t:|1757912989
|cant|p2b: Primarina|slp
|move|p1a: Pelipper|Weather Ball|p2a: Ursaluna
|-supereffective|p2a: Ursaluna
|-damage|p2a: Ursaluna|0 fnt
|faint|p2a: Ursaluna
|move|p1b: Amoonguss|Pollen Puff|p1a: Pelipper
|-heal|p1a: Pelipper|100/100
|
|-weather|RainDance|[upkeep]
|-heal|p2b: Primarina|100/100 slp|[from] item: Leftovers
|upkeep
|turn|9
|-message|dcheng24 forfeited.
|
|win|Gear5th
|raw|Gear5th's rating: 1153 → 1168(+15 for winning)
|raw|dcheng24's rating: 1014 → 1006(-8 for losing)
|l|☆dcheng24
|player|p2|
