|j|☆Anxqaii
|j|☆meihkingit
|html|Anxqaiimeihkingit    
|uhtml|bestof|Game 1 of a best-of-3
|t:|1786154485
|gametype|doubles
|player|p1|Anxqaii|170|1007
|player|p2|meihkingit|266|1082
|gen|9
|tier|[Gen 9 Champions] VGC 2026 Reg M-B (Bo3)
|rated|
|rule|Species Clause: Limit one of each Pokémon
|rule|Item Clause: Limit 1 of each item
|clearpoke
|poke|p1|Kingambit, L50, M|
|poke|p1|Sneasler, L50, M|
|poke|p1|Lycanroc-Dusk, L50, F|
|poke|p1|Scovillain, L50, M|
|poke|p1|Basculegion, L50, M|
|poke|p1|Froslass, L50, F|
|poke|p2|Alakazam, L50, M|
|poke|p2|Meowstic, L50, M|
|poke|p2|Kingambit, L50, M|
|poke|p2|Sneasler, L50, F|
|poke|p2|Talonflame, L50, M|
|poke|p2|Vanilluxe, L50, M|
|teampreview|4
|showteam|p1|Kingambit||BlackGlasses|Defiant|Protect,KowtowCleave,SuckerPunch,SwordsDance|Adamant||M|||50|]Sneasler||WhiteHerb|Unburden|Protect,CloseCombat,GunkShot,FakeOut|Jolly||M|||50|]Lycanroc-Dusk||FocusSash|ToughClaws|Protect,Accelerock,RockSlide,CloseCombat|Adamant||F|||50|]Scovillain||Scovillainite|Moody|Protect,Overheat,GigaDrain,RagePowder|Bold||M|||50|]Basculegion||SitrusBerry|Adaptability|Protect,WaveCrash,LastRespects,AquaJet|Adamant||M|||50|]Froslass||Froslassite|CursedBody|Protect,Blizzard,ShadowBall,AuroraVeil|Serious||F|||50|
|showteam|p2|Alakazam||Alakazite|InnerFocus|NastyPlot,ExpandingForce,DazzlingGleam,Protect|Timid||M|||50|]Meowstic||FocusSash|Prankster|FakeOut,ExpandingForce,PsychicTerrain,Protect|Timid||M|||50|]Kingambit||LifeOrb|Defiant|SuckerPunch,KowtowCleave,IronHead,Protect|Adamant||M|||50|]Sneasler||WhiteHerb|Unburden|FakeOut,DireClaw,CloseCombat,Feint|Adamant||F|||50|]Talonflame||WideLens|GaleWings|Tailwind,DualWingbeat,FlareBlitz,QuickGuard|Adamant||M|||50|]Vanilluxe||Leftovers|SnowWarning|FreezeDry,Blizzard,AllySwitch,AuroraVeil|Timid||M|||50|
|inactive|Battle timer is ON: inactive players will automatically lose when time's up. (requested by meihkingit)
|inactive|meihkingit has 60 seconds left.
|
|t:|1786154533
|teamsize|p1|4
|teamsize|p2|4
|start
|switch|p1a: Kingambit|Kingambit, L50, M|100/100
|switch|p1b: Sneasler|Sneasler, L50, M|100/100
|switch|p2a: Meowstic|Meowstic, L50, M|100/100
|switch|p2b: Alakazam|Alakazam, L50, M|100/100
|turn|1
|
|t:|1786154558
|detailschange|p2b: Alakazam|Alakazam-Mega, L50, M
|-mega|p2b: Alakazam|Alakazam|Alakazite
|-ability|p2b: Alakazam|Defiant|Trace|[from] ability: Trace|[of] p1a: Kingambit
|move|p1b: Sneasler|Fake Out|p2a: Meowstic
|-damage|p2a: Meowstic|85/100
|cant|p2a: Meowstic|flinch
|move|p2b: Alakazam|Nasty Plot|p2b: Alakazam
|-boost|p2b: Alakazam|spa|2
|move|p1a: Kingambit|Swords Dance|p1a: Kingambit
|-boost|p1a: Kingambit|atk|2
|
|upkeep
|turn|2
|
|t:|1786154578
|switch|p1b: Froslass|Froslass, L50, F|100/100
|move|p2b: Alakazam|Protect|p2b: Alakazam
|-singleturn|p2b: Alakazam|Protect
|move|p2a: Meowstic|Psychic Terrain|p2a: Meowstic
|-fieldstart|move: Psychic Terrain
|move|p1a: Kingambit|Sucker Punch||[still]
|-fail|p1a: Kingambit
|
|upkeep
|turn|3
|
|t:|1786154593
|switch|p2a: Talonflame|Talonflame, L50, M|100/100
|detailschange|p1b: Froslass|Froslass-Mega, L50, F
|-mega|p1b: Froslass|Froslass|Froslassite
|-weather|Snowscape|[from] ability: Snow Warning|[of] p1b: Froslass
|move|p1a: Kingambit|Sucker Punch|p2b: Alakazam
|-activate|p2b: Alakazam|move: Psychic Terrain
|move|p2b: Alakazam|Dazzling Gleam|p1a: Kingambit|[spread] p1a,p1b
|-damage|p1a: Kingambit|57/100
|-damage|p1b: Froslass|47/100
|move|p1b: Froslass|Aurora Veil|p1b: Froslass
|-sidestart|p1: Anxqaii|move: Aurora Veil
|
|-weather|Snowscape|[upkeep]
|upkeep
|turn|4
|
|t:|1786154615
|switch|p1a: Lycanroc|Lycanroc-Dusk, L50, F|100/100
|move|p1b: Froslass|Protect|p1b: Froslass
|-singleturn|p1b: Froslass|Protect
|move|p2b: Alakazam|Dazzling Gleam|p1b: Froslass|[spread] p1a
|-activate|p1b: Froslass|move: Protect
|-damage|p1a: Lycanroc|48/100
|move|p2a: Talonflame|Flare Blitz|p1a: Lycanroc
|-resisted|p1a: Lycanroc|1
|-damage|p1a: Lycanroc|22/100
|-status|p1a: Lycanroc|brn
|-damage|p2a: Talonflame|91/100|[from] Recoil
|
|-weather|Snowscape|[upkeep]
|-damage|p1a: Lycanroc|16/100 brn|[from] brn
|upkeep
|turn|5
|
|t:|1786154632
|move|p1a: Lycanroc|Accelerock|p2a: Talonflame
|-hint|Psychic Terrain doesn't affect airborne Pokémon.
|-supereffective|p2a: Talonflame|2
|-damage|p2a: Talonflame|1/100
|move|p2b: Alakazam|Expanding Force|p1b: Froslass|[spread] p1a,p1b
|-damage|p1a: Lycanroc|0 fnt
|-damage|p1b: Froslass|0 fnt
|faint|p1a: Lycanroc
|faint|p1b: Froslass
|move|p2a: Talonflame|Flare Blitz|p1: Lycanroc|[notarget]
|-fail|p2a: Talonflame
|
|-weather|Snowscape|[upkeep]
|upkeep
|
|t:|1786154642
|switch|p1a: Sneasler|Sneasler, L50, M|100/100
|switch|p1b: Kingambit|Kingambit, L50, M|57/100
|turn|6
|
|t:|1786154654
|move|p1a: Sneasler|Fake Out|p2a: Talonflame
|-hint|Psychic Terrain doesn't affect airborne Pokémon.
|-damage|p2a: Talonflame|0 fnt
|faint|p2a: Talonflame
|move|p2b: Alakazam|Expanding Force|p1b: Kingambit|[spread] p1a
|-immune|p1b: Kingambit
|-supereffective|p1a: Sneasler|2
|-damage|p1a: Sneasler|0 fnt
|faint|p1a: Sneasler
|move|p1b: Kingambit|Kowtow Cleave|p2b: Alakazam
|-supereffective|p2b: Alakazam|1
|-damage|p2b: Alakazam|0 fnt
|faint|p2b: Alakazam
|
|-weather|Snowscape|[upkeep]
|-fieldend|move: Psychic Terrain
|upkeep
|
|t:|1786154663
|switch|p2b: Meowstic|Meowstic, L50, M|85/100
|switch|p2a: Kingambit|Kingambit, L50, M|100/100
|turn|7
|
|t:|1786154671
|move|p2b: Meowstic|Fake Out|p1b: Kingambit
|-resisted|p1b: Kingambit|1
|-damage|p1b: Kingambit|55/100
|cant|p1b: Kingambit|flinch
|move|p2a: Kingambit|Kowtow Cleave|p1b: Kingambit
|-resisted|p1b: Kingambit|1
|-crit|p1b: Kingambit
|-damage|p1b: Kingambit|17/100
|-damage|p2a: Kingambit|90/100|[from] item: Life Orb
|
|-weather|none
|-sideend|p1: Anxqaii|move: Aurora Veil
|upkeep
|turn|8
|
|t:|1786154684
|move|p2b: Meowstic|Protect|p2b: Meowstic
|-singleturn|p2b: Meowstic|Protect
|move|p1b: Kingambit|Sucker Punch||[still]
|-fail|p1b: Kingambit
|move|p2a: Kingambit|Sucker Punch||[still]
|-fail|p2a: Kingambit
|
|upkeep
|turn|9
|
|t:|1786154692
|move|p2b: Meowstic|Protect||[still]
|-fail|p2b: Meowstic
|move|p1b: Kingambit|Sucker Punch||[still]
|-fail|p1b: Kingambit
|move|p2a: Kingambit|Kowtow Cleave|p1b: Kingambit
|-resisted|p1b: Kingambit|1
|-damage|p1b: Kingambit|0 fnt
|faint|p1b: Kingambit
|-damage|p2a: Kingambit|80/100|[from] item: Life Orb
|
|win|meihkingit
||meihkingit is ready for game 2.
|inactive|Anxqaii has 30 seconds to confirm battle start!
|inactive|Anxqaii has 20 seconds to confirm battle start!
|inactive|Anxqaii has 10 seconds to confirm battle start!
|uhtml|next|Next: Game 2 of 3
|l|☆Anxqaii
|player|p1|
