|j|☆RagingJudge
|j|☆Dwsliver
|html|RagingJudgeDwsliver    
|uhtml|bestof|Game 2 of a best-of-3
|t:|1757644985
|gametype|doubles
|player|p1|RagingJudge|silver|1153
|player|p2|Dwsliver|169|1151
|gen|9
|tier|[Gen 9] VGC 2025 Reg H (Bo3)
|rated|
|rule|Species Clause: Limit one of each Pokémon
|rule|Item Clause: Limit 1 of each item
|clearpoke
|poke|p1|Pelipper, L50, M|
|poke|p1|Archaludon, L50, M|
|poke|p1|Kingdra, L50, M|
|poke|p1|Illumise, L50, F|
|poke|p1|Rillaboom, L50, M|
|poke|p1|Sneasler, L50, F|
|poke|p2|Whimsicott, L50, M|
|poke|p2|Pelipper, L50, M|
|poke|p2|Incineroar, L50, M|
|poke|p2|Indeedee, L50, M|
|poke|p2|Basculegion, L50, M|
|poke|p2|Archaludon, L50, M|
|teampreview|4
|showteam|p1|Pelipper||ChoiceScarf|Drizzle|Hurricane,MuddyWater,Uturn,WeatherBall|||M|||50|,,,,,Water]Archaludon||AssaultVest|Stamina|ElectroShot,FlashCannon,DracoMeteor,BodyPress|||M|||50|,,,,,Fairy]Kingdra||LifeOrb|SwiftSwim|Scald,DracoMeteor,Hurricane,Protect|||M|||50|,,,,,Stellar]Illumise||CovertCloak|Prankster|Tailwind,RainDance,StruggleBug,FakeTears|||F|||50|,,,,,Dark]Rillaboom||LoadedDice|GrassySurge|FakeOut,GrassyGlide,BulletSeed,HighHorsepower|||M|||50|,,,,,Fire]Sneasler||FocusSash|Unburden|DireClaw,Protect,Coaching,CloseCombat|||F|||50|,,,,,Ghost
|showteam|p2|Whimsicott||CovertCloak|Prankster|Taunt,Tailwind,Encore,Moonblast|||M|||50|,,,,,Steel]Pelipper||FocusSash|Drizzle|Tailwind,Protect,Hurricane,WeatherBall|||M|||50|,,,,,Grass]Incineroar||SafetyGoggles|Intimidate|Uturn,FakeOut,KnockOff,FlareBlitz|||M|||50|,,,,,Ghost]Indeedee||PsychicSeed|PsychicSurge|ExpandingForce,TeraBlast,Imprison,TrickRoom|||M|||50|,,,,,Ground]Basculegion||LifeOrb|SwiftSwim|WaveCrash,LastRespects,FlipTurn,Protect|||M|||50|,,,,,Water]Archaludon||AssaultVest|Stamina|ElectroShot,BodyPress,DracoMeteor,Snarl|||M|||50|,,,,,Fighting
|
|t:|1757645003
|teamsize|p1|4
|teamsize|p2|4
|start
|switch|p1a: Illumise|Illumise, L50, F|100/100
|switch|p1b: Pelipper|Pelipper, L50, M|100/100
|switch|p2a: Whimsicott|Whimsicott, L50, M, shiny|100/100
|switch|p2b: Archaludon|Archaludon, L50, M, shiny|100/100
|-weather|RainDance|[from] ability: Drizzle|[of] p1b: Pelipper
|turn|1
|
|t:|1757645025
|-terastallize|p1a: Illumise|Dark
|move|p2a: Whimsicott|Taunt|p1a: Illumise
|-hint|Since gen 7, Dark is immune to Prankster moves.
|-immune|p1a: Illumise
|move|p1a: Illumise|Tailwind|p1a: Illumise
|-sidestart|p1: RagingJudge|move: Tailwind
|move|p1b: Pelipper|Hurricane|p2a: Whimsicott
|-supereffective|p2a: Whimsicott
|-crit|p2a: Whimsicott
|-damage|p2a: Whimsicott|0 fnt
|faint|p2a: Whimsicott
|move|p2b: Archaludon|Draco Meteor|p1b: Pelipper
|-damage|p1b: Pelipper|6/100
|-unboost|p2b: Archaludon|spa|2
|
|-weather|RainDance|[upkeep]
|upkeep
|
|t:|1757645040
|switch|p2a: Pelipper|Pelipper, L50, M, shiny|100/100
|turn|2
|
|t:|1757645053
|move|p1b: Pelipper|Hurricane|p2a: Pelipper
|-damage|p2a: Pelipper|24/100
|-start|p2a: Pelipper|confusion
|move|p1a: Illumise|Struggle Bug|p2b: Archaludon|[spread] p2a,p2b
|-resisted|p2a: Pelipper
|-resisted|p2b: Archaludon
|-damage|p2a: Pelipper|15/100
|-damage|p2b: Archaludon|96/100
|-unboost|p2a: Pelipper|spa|1
|-unboost|p2b: Archaludon|spa|1
|-ability|p2b: Archaludon|Stamina|boost
|-boost|p2b: Archaludon|def|1
|-activate|p2a: Pelipper|confusion
|move|p2a: Pelipper|Hurricane|p1a: Illumise
|-damage|p1a: Illumise|63/100
|move|p2b: Archaludon|Electro Shot||[still]
|-prepare|p2b: Archaludon|Electro Shot
|-boost|p2b: Archaludon|spa|1
|-anim|p2b: Archaludon|Electro Shot|p1b: Pelipper
|-supereffective|p1b: Pelipper
|-damage|p1b: Pelipper|0 fnt
|faint|p1b: Pelipper
|
|-weather|RainDance|[upkeep]
|upkeep
|
|t:|1757645070
|switch|p1b: Kingdra|Kingdra, L50, M|100/100
|turn|3
|
|t:|1757645079
|-activate|p2a: Pelipper|confusion
|move|p2a: Pelipper|Protect|p2a: Pelipper
|-singleturn|p2a: Pelipper|Protect
|move|p1a: Illumise|Fake Tears|p2b: Archaludon
|-unboost|p2b: Archaludon|spd|2
|move|p1b: Kingdra|Scald|p2b: Archaludon
|-resisted|p2b: Archaludon
|-damage|p2b: Archaludon|43/100
|-status|p2b: Archaludon|brn
|-ability|p2b: Archaludon|Stamina|boost
|-boost|p2b: Archaludon|def|1
|-damage|p1b: Kingdra|90/100|[from] item: Life Orb
|move|p2b: Archaludon|Draco Meteor|p1b: Kingdra
|-supereffective|p1b: Kingdra
|-damage|p1b: Kingdra|18/100
|-unboost|p2b: Archaludon|spa|2
|
|-weather|RainDance|[upkeep]
|-damage|p2b: Archaludon|37/100 brn|[from] brn
|upkeep
|turn|4
|
|t:|1757645122
|move|p1b: Kingdra|Scald|p2b: Archaludon
|-resisted|p2b: Archaludon
|-crit|p2b: Archaludon
|-damage|p2b: Archaludon|0 fnt
|faint|p2b: Archaludon
|-damage|p1b: Kingdra|8/100|[from] item: Life Orb
|move|p1a: Illumise|Struggle Bug|p2a: Pelipper
|-resisted|p2a: Pelipper
|-damage|p2a: Pelipper|3/100
|-unboost|p2a: Pelipper|spa|1
|-end|p2a: Pelipper|confusion
|move|p2a: Pelipper|Weather Ball|p1a: Illumise
|-damage|p1a: Illumise|28/100
|
|-weather|RainDance|[upkeep]
|-sideend|p1: RagingJudge|move: Tailwind
|upkeep
|
|t:|1757645135
|switch|p2b: Indeedee|Indeedee, L50, M, shiny|100/100
|-fieldstart|move: Psychic Terrain|[from] ability: Psychic Surge|[of] p2b: Indeedee
|-enditem|p2b: Indeedee|Psychic Seed
|-boost|p2b: Indeedee|spd|1|[from] item: Psychic Seed
|turn|5
|
|t:|1757645166
|move|p1b: Kingdra|Scald|p2b: Indeedee
|-damage|p2b: Indeedee|42/100
|-status|p2b: Indeedee|brn
|-damage|p1b: Kingdra|0 fnt|[from] item: Life Orb
|faint|p1b: Kingdra
|move|p2a: Pelipper|Weather Ball|p1a: Illumise
|-damage|p1a: Illumise|0 fnt
|faint|p1a: Illumise
|move|p2b: Indeedee|Expanding Force|p1: Illumise|[notarget]
|-fail|p2b: Indeedee
|
|-weather|none
|-damage|p2b: Indeedee|36/100 brn|[from] brn
|upkeep
|
|t:|1757645174
|switch|p1b: Archaludon|Archaludon, L50, M|100/100
|turn|6
|
|t:|1757645196
|-terastallize|p2b: Indeedee|Ground
|move|p1b: Archaludon|Draco Meteor|p2b: Indeedee
|-damage|p2b: Indeedee|0 fnt
|-unboost|p1b: Archaludon|spa|2
|faint|p2b: Indeedee
|move|p2a: Pelipper|Hurricane|p1b: Archaludon|[miss]
|-miss|p2a: Pelipper|p1b: Archaludon
|
|upkeep
|turn|7
|
|t:|1757645207
|move|p1b: Archaludon|Flash Cannon|p2a: Pelipper
|-resisted|p2a: Pelipper
|-damage|p2a: Pelipper|0 fnt
|faint|p2a: Pelipper
|
|win|RagingJudge
||RagingJudge is ready for game 3.
||Dwsliver is ready for game 3.
|uhtml|next|Next: Game 3 of 3
|l|☆Dwsliver
|player|p2|
