|j|☆ImClarenceClaymore
|j|☆BBnoCrit$
|html|ImClarenceClaymoreBBnoCrit$    
|uhtml|bestof|Game 2 of a best-of-3
|t:|1756336513
|gametype|doubles
|player|p1|ImClarenceClaymore|pokemaniac|1110
|player|p2|BBnoCrit$|burglar|1148
|gen|9
|tier|[Gen 9] VGC 2025 Reg H (Bo3)
|rated|
|rule|Species Clause: Limit one of each Pokémon
|rule|Item Clause: Limit 1 of each item
|clearpoke
|poke|p1|Kingambit, L50, M|
|poke|p1|Sneasler, L50, F|
|poke|p1|Dragonite, L50, F|
|poke|p1|Volcarona, L50, F|
|poke|p1|Ursaluna-Bloodmoon, L50, M|
|poke|p1|Sinistcha-Masterpiece, L50|
|poke|p2|Smeargle, L50, M|
|poke|p2|Ursaluna-Bloodmoon, L50, M|
|poke|p2|Kingambit, L50, M|
|poke|p2|Volcarona, L50, F|
|poke|p2|Weezing-Galar, L50, F|
|poke|p2|Incineroar, L50, F|
|teampreview|4
|showteam|p1|Kingambit||BlackGlasses|Defiant|Protect,KowtowCleave,SwordsDance,SuckerPunch|||M|||50|,,,,,Dark]Sneasler||FocusSash|Unburden|FakeOut,CloseCombat,DireClaw,Coaching|||F|||50|,,,,,Stellar]Dragonite||LoadedDice|Multiscale|Protect,ScaleShot,Tailwind,Haze|||F|||50|,,,,,Dragon]Volcarona||Leftovers|FlameBody|Protect,QuiverDance,GigaDrain,FieryDance|||F|||50|,,,,,Grass]Ursaluna-Bloodmoon||LifeOrb|MindsEye|Protect,BloodMoon,EarthPower,HyperVoice|||M|||50|,,,,,Ghost]Sinistcha-Masterpiece||SitrusBerry|Hospitality|Protect,MatchaGotcha,RagePowder,TrickRoom||||||50|,,,,,Fairy
|showteam|p2|Smeargle||FocusSash|Moody|Spore,FollowMe,FakeOut,SpikyShield|||M|||50|,,,,,Ghost]Ursaluna-Bloodmoon||AssaultVest|MindsEye|HyperVoice,EarthPower,BloodMoon,Protect|||M|||50|,,,,,Normal]Kingambit||LifeOrb|Defiant|SuckerPunch,IronHead,KowtowCleave,Protect|||M|||50|,,,,,Dark]Volcarona||Leftovers|FlameBody|QuiverDance,HeatWave,GigaDrain,Protect|||F|||50|,,,,,Dragon]Weezing-Galar||SitrusBerry|MistySurge|DazzlingGleam,Taunt,ClearSmog,Protect|||F|||50|,,,,,Grass]Incineroar||SafetyGoggles|Intimidate|KnockOff,FlareBlitz,PartingShot,FakeOut|||F|||50|,,,,,Ghost
|inactive|Battle timer is ON: inactive players will automatically lose when time's up. (requested by BBnoCrit$)
|inactive|ImClarenceClaymore has 60 seconds left.
|
|t:|1756336567
|teamsize|p1|4
|teamsize|p2|4
|start
|switch|p1a: Sneasler|Sneasler, L50, F|100/100
|switch|p1b: Dragonite|Dragonite, L50, F|100/100
|switch|p2a: Smeargle|Smeargle, L50, M|100/100
|switch|p2b: Volcarona|Volcarona, L50, F|100/100
|turn|1
|
|t:|1756336588
|-terastallize|p2a: Smeargle|Ghost
|move|p2a: Smeargle|Fake Out|p1b: Dragonite
|-damage|p1b: Dragonite|98/100
|move|p1a: Sneasler|Coaching|p1b: Dragonite
|-boost|p1b: Dragonite|atk|1
|-boost|p1b: Dragonite|def|1
|cant|p1b: Dragonite|flinch
|move|p2b: Volcarona|Quiver Dance|p2b: Volcarona
|-boost|p2b: Volcarona|spa|1
|-boost|p2b: Volcarona|spd|1
|-boost|p2b: Volcarona|spe|1
|
|-ability|p2a: Smeargle|Moody|boost
|-boost|p2a: Smeargle|spa|2
|-unboost|p2a: Smeargle|atk|1
|upkeep
|turn|2
|inactive|ImClarenceClaymore has 30 seconds left.
|inactive|BBnoCrit$ has 30 seconds left.
|
|t:|1756336623
|move|p2b: Volcarona|Heat Wave|p1b: Dragonite|[spread] p1a,p1b
|-resisted|p1b: Dragonite
|-damage|p1a: Sneasler|29/100
|-damage|p1b: Dragonite|71/100
|move|p1a: Sneasler|Coaching|p1b: Dragonite
|-boost|p1b: Dragonite|atk|1
|-boost|p1b: Dragonite|def|1
|move|p1b: Dragonite|Scale Shot|p2a: Smeargle|[miss]
|-miss|p1b: Dragonite|p2a: Smeargle
|move|p2a: Smeargle|Spore|p1b: Dragonite
|-status|p1b: Dragonite|slp|[from] move: Spore
|
|-ability|p2a: Smeargle|Moody|boost
|-boost|p2a: Smeargle|spd|2
|-unboost|p2a: Smeargle|def|1
|upkeep
|turn|3
|inactive|ImClarenceClaymore has 30 seconds left.
|inactive|BBnoCrit$ has 30 seconds left.
|inactive|ImClarenceClaymore has 20 seconds left.
|inactive|ImClarenceClaymore has 15 seconds left.
|inactive|ImClarenceClaymore has 10 seconds left.
|
|t:|1756336673
|switch|p2a: Kingambit|Kingambit, L50, M|100/100
|move|p2b: Volcarona|Heat Wave|p1b: Dragonite|[spread] p1a,p1b
|-resisted|p1b: Dragonite
|-damage|p1a: Sneasler|0 fnt
|-damage|p1b: Dragonite|44/100 slp
|faint|p1a: Sneasler
|cant|p1b: Dragonite|slp
|
|upkeep
|
|t:|1756336682
|switch|p1a: Sinistcha|Sinistcha-Masterpiece, L50|100/100
|-heal|p1b: Dragonite|69/100 slp|[from] ability: Hospitality|[of] p1a: Sinistcha
|turn|4
|inactive|ImClarenceClaymore has 30 seconds left.
|
|t:|1756336715
|-terastallize|p1a: Sinistcha|Fairy
|move|p1a: Sinistcha|Rage Powder|p1a: Sinistcha
|-singleturn|p1a: Sinistcha|move: Rage Powder
|move|p2b: Volcarona|Heat Wave|p1a: Sinistcha|[spread] p1a,p1b
|-resisted|p1b: Dragonite
|-damage|p1a: Sinistcha|38/100
|-damage|p1b: Dragonite|42/100 slp
|-status|p1a: Sinistcha|brn
|-enditem|p1a: Sinistcha|Sitrus Berry|[eat]
|-heal|p1a: Sinistcha|62/100 brn|[from] item: Sitrus Berry
|cant|p1b: Dragonite|slp
|move|p2a: Kingambit|Kowtow Cleave|p1a: Sinistcha
|-resisted|p1a: Sinistcha
|-damage|p1a: Sinistcha|39/100 brn
|-damage|p2a: Kingambit|91/100|[from] item: Life Orb
|
|-damage|p1a: Sinistcha|33/100 brn|[from] brn
|upkeep
|turn|5
|inactive|ImClarenceClaymore has 30 seconds left.
|
|t:|1756336743
|move|p1a: Sinistcha|Rage Powder|p1a: Sinistcha
|-singleturn|p1a: Sinistcha|move: Rage Powder
|move|p2b: Volcarona|Heat Wave|p1a: Sinistcha|[spread] p1b
|-miss|p2b: Volcarona|p1a: Sinistcha
|-resisted|p1b: Dragonite
|-crit|p1b: Dragonite
|-damage|p1b: Dragonite|0 fnt
|faint|p1b: Dragonite
|move|p2a: Kingambit|Kowtow Cleave|p1a: Sinistcha
|-resisted|p1a: Sinistcha
|-crit|p1a: Sinistcha
|-damage|p1a: Sinistcha|0 fnt
|faint|p1a: Sinistcha
|-damage|p2a: Kingambit|81/100|[from] item: Life Orb
|
|upkeep
|
|t:|1756336760
|switch|p1a: Kingambit|Kingambit, L50, M|100/100
|turn|6
|
|t:|1756336770
|move|p2a: Kingambit|Sucker Punch|p1a: Kingambit
|-resisted|p1a: Kingambit
|-damage|p1a: Kingambit|81/100
|-damage|p2a: Kingambit|72/100|[from] item: Life Orb
|move|p1a: Kingambit|Sucker Punch|p2b: Volcarona
|-damage|p2b: Volcarona|44/100
|-status|p1a: Kingambit|brn|[from] ability: Flame Body|[of] p2b: Volcarona
|move|p2b: Volcarona|Heat Wave|p1a: Kingambit
|-supereffective|p1a: Kingambit
|-damage|p1a: Kingambit|0 fnt
|faint|p1a: Kingambit
|
|win|BBnoCrit$
||ImClarenceClaymore is ready for game 3.
||BBnoCrit$ is ready for game 3.
|uhtml|next|Next: Game 3 of 3
|l|☆BBnoCrit$
|player|p2|
