|j|☆lerry27
|j|☆CarlettoJack
|html|lerry27CarlettoJack    
|uhtml|bestof|Game 1 of a best-of-3
|t:|1783362372
|gametype|doubles
|player|p1|lerry27|brycen|
|player|p2|CarlettoJack|hiker-gen4|
|gen|9
|tier|[Gen 9 Champions] VGC 2026 Reg M-B (Bo3)
|rule|Species Clause: Limit one of each Pokémon
|rule|Item Clause: Limit 1 of each item
|clearpoke
|poke|p1|Gengar, L50, M, shiny|
|poke|p1|Floette-Eternal, L50, F|
|poke|p1|Incineroar, L50, M, shiny|
|poke|p1|Maushold-Four, L50|
|poke|p1|Grimmsnarl, L50, M|
|poke|p1|Politoed, L50, F, shiny|
|poke|p2|Archaludon, L50, F|
|poke|p2|Pelipper, L50, F|
|poke|p2|Swampert, L50, F|
|poke|p2|Sableye, L50, M|
|poke|p2|Venusaur, L50, F|
|poke|p2|Maushold-Four, L50|
|teampreview|4
|showteam|p1|Gengar||Gengarite|CursedBody|Disable,PerishSong,ShadowBall,Protect|Bold||M|||50|]Floette-Eternal||Floettite|FlowerVeil|CalmMind,DazzlingGleam,DrainingKiss,Protect|Timid||F|||50|]Incineroar||PasshoBerry|Intimidate|ThroatChop,FakeOut,PartingShot,Protect|Careful||M|||50|]Maushold-Four||ChopleBerry|FriendGuard|FollowMe,HelpingHand,Uturn,Protect|Impish|||||50|]Grimmsnarl||LightClay|Prankster|PartingShot,FakeOut,LightScreen,Reflect|Careful||M|||50|]Politoed||SitrusBerry|Drizzle|PerishSong,Protect,WeatherBall,Encore|Calm||F|||50|
|showteam|p2|Archaludon||Leftovers|Stamina|FlashCannon,DragonPulse,ElectroShot,Protect|Modest||F|||50|]Pelipper||SitrusBerry|Drizzle|WeatherBall,Hurricane,Tailwind,WideGuard|Bold||F|||50|]Swampert||Swampertite|Torrent|Protect,WaveCrash,IcePunch,Earthquake|Adamant||F|||50|]Sableye||RoseliBerry|Prankster|RainDance,WillOWisp,LightScreen,Encore|Relaxed||M|||50|]Venusaur||Venusaurite|Overgrow|SludgeBomb,GigaDrain,EarthPower,Protect|Modest||F|||50|]Maushold-Four||ChopleBerry|FriendGuard|FollowMe,HelpingHand,Taunt,SuperFang|Impish|||||50|
|
|t:|1783362426
|teamsize|p1|4
|teamsize|p2|4
|start
|switch|p1a: Incineroar|Incineroar, L50, M, shiny|100/100
|switch|p1b: Floette|Floette-Eternal, L50, F|100/100
|switch|p2a: Swampert|Swampert, L50, F|100/100
|switch|p2b: Maushold|Maushold-Four, L50|100/100
|-ability|p1a: Incineroar|Intimidate|boost
|-unboost|p2a: Swampert|atk|1
|-unboost|p2b: Maushold|atk|1
|turn|1
|
|t:|1783362454
|detailschange|p1b: Floette|Floette-Mega, L50, F
|-mega|p1b: Floette|Floette|Floettite
|-ability|p1b: Floette|Fairy Aura
|move|p2a: Swampert|Protect|p2a: Swampert
|-singleturn|p2a: Swampert|Protect
|move|p1a: Incineroar|Fake Out|p2a: Swampert
|-activate|p2a: Swampert|move: Protect
|move|p1b: Floette|Calm Mind|p1b: Floette
|-boost|p1b: Floette|spa|1
|-boost|p1b: Floette|spd|1
|move|p2b: Maushold|Taunt|p1b: Floette
|-start|p1b: Floette|move: Taunt
|
|upkeep
|turn|2
|
|t:|1783362475
|switch|p2b: Pelipper|Pelipper, L50, F|100/100
|-weather|RainDance|[from] ability: Drizzle|[of] p2b: Pelipper
|switch|p1a: Maushold|Maushold-Four, L50|100/100
|detailschange|p2a: Swampert|Swampert-Mega, L50, F
|-mega|p2a: Swampert|Swampert|Swampertite
|move|p2a: Swampert|Wave Crash|p1b: Floette
|-damage|p1b: Floette|46/100
|-damage|p2a: Swampert|83/100|[from] Recoil
|move|p1b: Floette|Draining Kiss|p2a: Swampert
|-damage|p2a: Swampert|33/100
|-heal|p1b: Floette|85/100|[from] drain|[of] p2a: Swampert
|
|-weather|RainDance|[upkeep]
|upkeep
|turn|3
|
|t:|1783362511
|move|p1a: Maushold|Follow Me|p1a: Maushold
|-singleturn|p1a: Maushold|move: Follow Me
|move|p2a: Swampert|Wave Crash|p1a: Maushold
|-damage|p1a: Maushold|28/100
|-damage|p2a: Swampert|9/100|[from] Recoil
|move|p1b: Floette|Dazzling Gleam|p2a: Swampert|[spread] p2a,p2b
|-damage|p2a: Swampert|0 fnt
|-damage|p2b: Pelipper|30/100
|-enditem|p2b: Pelipper|Sitrus Berry|[eat]
|-heal|p2b: Pelipper|55/100|[from] item: Sitrus Berry
|faint|p2a: Swampert
|move|p2b: Pelipper|Tailwind|p2b: Pelipper
|-sidestart|p2: CarlettoJack|move: Tailwind
|
|-weather|RainDance|[upkeep]
|upkeep
|
|t:|1783362524
|switch|p2a: Archaludon|Archaludon, L50, F|100/100
|turn|4
|
|t:|1783362546
|move|p2a: Archaludon|Protect|p2a: Archaludon
|-singleturn|p2a: Archaludon|Protect
|move|p1a: Maushold|Follow Me|p1a: Maushold
|-singleturn|p1a: Maushold|move: Follow Me
|move|p2b: Pelipper|Weather Ball|p1a: Maushold
|-damage|p1a: Maushold|0 fnt
|faint|p1a: Maushold
|move|p1b: Floette|Dazzling Gleam|p2b: Pelipper|[spread] p2b
|-activate|p2a: Archaludon|move: Protect
|-damage|p2b: Pelipper|0 fnt
|faint|p2b: Pelipper
|
|-weather|RainDance|[upkeep]
|-end|p1b: Floette|move: Taunt
|upkeep
|
|t:|1783362560
|switch|p1a: Grimmsnarl|Grimmsnarl, L50, M|100/100
|switch|p2b: Maushold|Maushold-Four, L50|100/100
|turn|5
|
|t:|1783362569
|move|p2a: Archaludon|Protect||[still]
|-fail|p2a: Archaludon
|move|p1a: Grimmsnarl|Parting Shot|p2a: Archaludon
|-unboost|p2a: Archaludon|atk|1
|-unboost|p2a: Archaludon|spa|1
|
|t:|1783362574
|switch|p1a: Incineroar|Incineroar, L50, M, shiny|100/100|[from] Parting Shot
|-ability|p1a: Incineroar|Intimidate|boost
|-unboost|p2a: Archaludon|atk|1
|-unboost|p2b: Maushold|atk|1
|move|p2b: Maushold|Super Fang|p1b: Floette
|-damage|p1b: Floette|42/100
|move|p1b: Floette|Calm Mind|p1b: Floette
|-boost|p1b: Floette|spa|1
|-boost|p1b: Floette|spd|1
|
|-weather|RainDance|[upkeep]
|upkeep
|turn|6
|
|t:|1783362588
|move|p2a: Archaludon|Protect|p2a: Archaludon
|-singleturn|p2a: Archaludon|Protect
|move|p1a: Incineroar|Fake Out|p2b: Maushold
|-crit|p2b: Maushold
|-damage|p2b: Maushold|85/100
|cant|p2b: Maushold|flinch
|move|p1b: Floette|Draining Kiss|p2a: Archaludon
|-activate|p2a: Archaludon|move: Protect
|
|-weather|none
|-sideend|p2: CarlettoJack|move: Tailwind
|upkeep
|turn|7
|
|t:|1783362604
|move|p1b: Floette|Protect|p1b: Floette
|-singleturn|p1b: Floette|Protect
|move|p2b: Maushold|Follow Me|p2b: Maushold
|-singleturn|p2b: Maushold|move: Follow Me
|move|p2a: Archaludon|Flash Cannon|p1b: Floette
|-activate|p1b: Floette|move: Protect
|move|p1a: Incineroar|Parting Shot|p2b: Maushold
|-unboost|p2b: Maushold|atk|1
|-unboost|p2b: Maushold|spa|1
|
|t:|1783362614
|switch|p1a: Grimmsnarl|Grimmsnarl, L50, M|100/100|[from] Parting Shot
|
|upkeep
|turn|8
|
|t:|1783362624
|move|p2a: Archaludon|Protect|p2a: Archaludon
|-singleturn|p2a: Archaludon|Protect
|move|p1a: Grimmsnarl|Fake Out|p2a: Archaludon
|-activate|p2a: Archaludon|move: Protect
|move|p1b: Floette|Draining Kiss|p2b: Maushold
|-damage|p2b: Maushold|1/100
|-heal|p1b: Floette|100/100|[from] drain|[of] p2b: Maushold
|move|p2b: Maushold|Super Fang|p1b: Floette|[miss]
|-miss|p2b: Maushold|p1b: Floette
|
|upkeep
|turn|9
|
|t:|1783362637
|move|p2b: Maushold|Follow Me|p2b: Maushold
|-singleturn|p2b: Maushold|move: Follow Me
|move|p1a: Grimmsnarl|Parting Shot|p2b: Maushold
|-unboost|p2b: Maushold|atk|1
|-unboost|p2b: Maushold|spa|1
|
|t:|1783362642
|switch|p1a: Incineroar|Incineroar, L50, M, shiny|100/100|[from] Parting Shot
|-ability|p1a: Incineroar|Intimidate|boost
|-unboost|p2a: Archaludon|atk|1
|-unboost|p2b: Maushold|atk|1
|move|p1b: Floette|Dazzling Gleam|p2b: Maushold|[spread] p2a,p2b
|-damage|p2a: Archaludon|35/100
|-damage|p2b: Maushold|0 fnt
|-ability|p2a: Archaludon|Stamina|boost
|-boost|p2a: Archaludon|def|1
|faint|p2b: Maushold
|move|p2a: Archaludon|Flash Cannon|p1b: Floette
|-supereffective|p1b: Floette|1
|-damage|p1b: Floette|80/100
|
|-heal|p2a: Archaludon|41/100|[from] item: Leftovers
|upkeep
|turn|10
|-message|CarlettoJack forfeited.
|
|win|lerry27
||CarlettoJack is ready for game 2.
|inactive|lerry27 has 30 seconds to confirm battle start!
