|j|☆pokehugov
|j|☆Koraidonkoalition
|html|pokehugovKoraidonkoalition    
|uhtml|bestof|Game 2 of a best-of-3
|t:|1785593623
|gametype|doubles
|player|p1|pokehugov|101|1189
|player|p2|Koraidonkoalition|colress|1168
|gen|9
|tier|[Gen 9 Champions] VGC 2026 Reg M-B (Bo3)
|rated|
|rule|Species Clause: Limit one of each Pokémon
|rule|Item Clause: Limit 1 of each item
|clearpoke
|poke|p1|Tyranitar, L50, M|
|poke|p1|Garchomp, L50, F|
|poke|p1|Scizor, L50, F|
|poke|p1|Toxapex, L50, F|
|poke|p1|Sneasler, L50, M|
|poke|p1|Basculegion, L50, M|
|poke|p2|Delphox, L50, M|
|poke|p2|Garchomp, L50, M|
|poke|p2|Sneasler, L50, M|
|poke|p2|Staraptor, L50, M|
|poke|p2|Kingambit, L50, F|
|poke|p2|Whimsicott, L50, M|
|teampreview|4
|showteam|p1|Tyranitar||ChoiceScarf|SandStream|RockSlide,KnockOff,LowKick,IcePunch|Adamant||M|||50|]Garchomp||Garchompite|SandVeil|PowerGem,EarthPower,DragonPulse,Protect|Modest||F|||50|]Scizor||LifeOrb|Technician|BulletPunch,Protect,BugBite,SwordsDance|Adamant||F|||50|]Toxapex||Leftovers|Regenerator|Toxic,BanefulBunker,Infestation,WideGuard|Relaxed||F|||50|]Sneasler||FocusSash|Unburden|CloseCombat,DireClaw,Protect,FakeOut|Adamant||M|||50|]Basculegion||SitrusBerry|Adaptability|WaveCrash,LastRespects,AquaJet,Protect|Adamant||M|||50|
|showteam|p2|Delphox||Delphoxite|Blaze|HeatWave,Psychic,Substitute,Protect|Modest||M|||50|]Garchomp||LifeOrb|RoughSkin|Earthquake,DragonClaw,RockSlide,Protect|Jolly||M|||50|]Sneasler||FocusSash|Unburden|CloseCombat,DireClaw,RockTomb,FakeOut|Naive||M|||50|]Staraptor||Staraptite|Intimidate|CloseCombat,DualWingbeat,Roost,Protect|Jolly||M|||50|]Kingambit||ChopleBerry|Defiant|KowtowCleave,SuckerPunch,IronHead,LowKick|Adamant||F|||50|]Whimsicott||OccaBerry|Prankster|Moonblast,Charm,Tailwind,LightScreen|Timid||M|||50|
|
|t:|1785593654
|teamsize|p1|4
|teamsize|p2|4
|start
|switch|p1a: Garchomp|Garchomp, L50, F|100/100
|switch|p1b: Sneasler|Sneasler, L50, M|100/100
|switch|p2a: Garchomp|Garchomp, L50, M|100/100
|switch|p2b: Staraptor|Staraptor, L50, M|100/100
|-ability|p2b: Staraptor|Intimidate|boost
|-unboost|p1a: Garchomp|atk|1
|-unboost|p1b: Sneasler|atk|1
|turn|1
|
|t:|1785593670
|switch|p2a: Whimsicott|Whimsicott, L50, M|100/100
|detailschange|p1a: Garchomp|Garchomp-Mega, L50, F
|-mega|p1a: Garchomp|Garchomp|Garchompite
|move|p2b: Staraptor|Protect|p2b: Staraptor
|-singleturn|p2b: Staraptor|Protect
|move|p1b: Sneasler|Fake Out|p2b: Staraptor
|-activate|p2b: Staraptor|move: Protect
|move|p1a: Garchomp|Dragon Pulse|p2a: Whimsicott
|-immune|p2a: Whimsicott
|
|upkeep
|turn|2
|
|t:|1785593694
|detailschange|p2b: Staraptor|Staraptor-Mega, L50, M
|-mega|p2b: Staraptor|Staraptor|Staraptite
|move|p2a: Whimsicott|Tailwind|p2a: Whimsicott
|-sidestart|p2: Koraidonkoalition|move: Tailwind
|move|p2b: Staraptor|Dual Wingbeat|p1b: Sneasler
|-supereffective|p1b: Sneasler|1
|-damage|p1b: Sneasler|23/100
|-supereffective|p1b: Sneasler|1
|-damage|p1b: Sneasler|0 fnt
|faint|p1b: Sneasler
|-hitcount|p1: Sneasler|2
|move|p1a: Garchomp|Dragon Pulse|p2b: Staraptor
|-damage|p2b: Staraptor|42/100
|
|upkeep
|
|t:|1785593706
|switch|p1b: Toxapex|Toxapex, L50, F|100/100
|turn|3
|
|t:|1785593722
|move|p1a: Garchomp|Protect|p1a: Garchomp
|-singleturn|p1a: Garchomp|Protect
|move|p2a: Whimsicott|Charm|p2b: Staraptor
|-boost|p2b: Staraptor|atk|2
|move|p2b: Staraptor|Close Combat|p1a: Garchomp
|-activate|p1a: Garchomp|move: Protect
|move|p1b: Toxapex|Toxic|p2b: Staraptor
|-status|p2b: Staraptor|tox
|
|-damage|p2b: Staraptor|36/100 tox|[from] psn
|upkeep
|turn|4
|
|t:|1785593742
|switch|p1a: Tyranitar|Tyranitar, L50, M|100/100
|-weather|Sandstorm|[from] ability: Sand Stream|[of] p1a: Tyranitar
|move|p2a: Whimsicott|Charm|p2b: Staraptor
|-boost|p2b: Staraptor|atk|2
|move|p2b: Staraptor|Dual Wingbeat|p1a: Tyranitar
|-resisted|p1a: Tyranitar|1
|-damage|p1a: Tyranitar|69/100
|-resisted|p1a: Tyranitar|1
|-damage|p1a: Tyranitar|38/100
|-hitcount|p1a: Tyranitar|2
|move|p1b: Toxapex|Infestation|p2b: Staraptor
|-resisted|p2b: Staraptor|2
|-damage|p2b: Staraptor|35/100 tox
|-activate|p2b: Staraptor|move: Infestation|[of] p1b: Toxapex
|
|-weather|Sandstorm|[upkeep]
|-damage|p2b: Staraptor|29/100 tox|[from] Sandstorm
|-damage|p2a: Whimsicott|94/100|[from] Sandstorm
|-damage|p1b: Toxapex|94/100|[from] Sandstorm
|-heal|p1b: Toxapex|100/100|[from] item: Leftovers
|-damage|p2b: Staraptor|17/100 tox|[from] psn
|-damage|p2b: Staraptor|4/100 tox|[from] move: Infestation|[partiallytrapped]
|upkeep
|turn|5
|
|t:|1785593785
|move|p2b: Staraptor|Dual Wingbeat|p1b: Toxapex
|-damage|p1b: Toxapex|56/100
|-damage|p1b: Toxapex|11/100
|-hitcount|p1b: Toxapex|2
|move|p2a: Whimsicott|Moonblast|p1a: Tyranitar
|-supereffective|p1a: Tyranitar|1
|-damage|p1a: Tyranitar|3/100
|-unboost|p1a: Tyranitar|spa|1
|move|p1a: Tyranitar|Rock Slide|p2b: Staraptor|[spread] p2a,p2b
|-damage|p2a: Whimsicott|61/100
|-damage|p2b: Staraptor|0 fnt
|faint|p2b: Staraptor
|move|p1b: Toxapex|Toxic|p2a: Whimsicott
|-status|p2a: Whimsicott|tox
|
|-weather|Sandstorm|[upkeep]
|-damage|p2a: Whimsicott|55/100 tox|[from] Sandstorm
|-damage|p1b: Toxapex|5/100|[from] Sandstorm
|-heal|p1b: Toxapex|11/100|[from] item: Leftovers
|-damage|p2a: Whimsicott|49/100 tox|[from] psn
|-sideend|p2: Koraidonkoalition|move: Tailwind
|upkeep
|
|t:|1785593791
|switch|p2b: Garchomp|Garchomp, L50, M|100/100
|turn|6
|
|t:|1785593807
|move|p1b: Toxapex|Wide Guard|p1b: Toxapex
|-singleturn|p1b: Toxapex|Wide Guard
|move|p2a: Whimsicott|Tailwind|p2a: Whimsicott
|-sidestart|p2: Koraidonkoalition|move: Tailwind
|move|p2b: Garchomp|Earthquake|p1a: Tyranitar|[spread] p2a
|-activate|p1a: Tyranitar|move: Wide Guard
|-activate|p1b: Toxapex|move: Wide Guard
|-resisted|p2a: Whimsicott|1
|-damage|p2a: Whimsicott|19/100 tox
|-damage|p2b: Garchomp|90/100|[from] item: Life Orb
|move|p1a: Tyranitar|Rock Slide|p2b: Garchomp|[spread] p2a,p2b
|-resisted|p2b: Garchomp|1
|-damage|p2a: Whimsicott|0 fnt
|-damage|p2b: Garchomp|74/100
|faint|p2a: Whimsicott
|
|-weather|Sandstorm|[upkeep]
|-damage|p1b: Toxapex|5/100|[from] Sandstorm
|-heal|p1b: Toxapex|11/100|[from] item: Leftovers
|upkeep
|
|t:|1785593809
|switch|p2a: Kingambit|Kingambit, L50, F|100/100
|turn|7
|
|t:|1785593834
|move|p2b: Garchomp|Dragon Claw|p1a: Tyranitar
|-damage|p1a: Tyranitar|0 fnt
|faint|p1a: Tyranitar
|-damage|p2b: Garchomp|64/100|[from] item: Life Orb
|move|p2a: Kingambit|Kowtow Cleave|p1b: Toxapex
|-damage|p1b: Toxapex|0 fnt
|faint|p1b: Toxapex
|
|-weather|Sandstorm|[upkeep]
|upkeep
|
|t:|1785593843
|switch|p1b: Garchomp|Garchomp-Mega, L50, F|100/100
|turn|8
|
|t:|1785593847
|move|p2a: Kingambit|Sucker Punch|p1b: Garchomp
|-damage|p1b: Garchomp|68/100
|move|p2b: Garchomp|Dragon Claw|p1b: Garchomp
|-supereffective|p1b: Garchomp|1
|-damage|p1b: Garchomp|0 fnt
|faint|p1b: Garchomp
|-damage|p2b: Garchomp|54/100|[from] item: Life Orb
|
|win|Koraidonkoalition
|raw|pokehugov's rating: 1189 → 1162(-27 for losing)
|raw|Koraidonkoalition's rating: 1168 → 1195(+27 for winning)
