|j|☆Rexolboy
|j|☆ZapdosFan471
|html|RexolboyZapdosFan471    
|uhtml|bestof|Game 3 of a best-of-3
|t:|1756543911
|gametype|doubles
|player|p1|Rexolboy|266|1100
|player|p2|ZapdosFan471|winona-gen6|1138
|gen|9
|tier|[Gen 9] VGC 2025 Reg H (Bo3)
|rated|
|rule|Species Clause: Limit one of each Pokémon
|rule|Item Clause: Limit 1 of each item
|clearpoke
|poke|p1|Archaludon, L50, M|
|poke|p1|Incineroar, L50, M|
|poke|p1|Whimsicott, L50, M|
|poke|p1|Ursaluna, L50, F|
|poke|p1|Indeedee-F, L50, F|
|poke|p1|Armarouge, L50, F|
|poke|p2|Garchomp, L50, M|
|poke|p2|Whimsicott, L50, F|
|poke|p2|Ursaluna-Bloodmoon, L50, M|
|poke|p2|Sinistcha, L50|
|poke|p2|Annihilape, L50, M|
|poke|p2|Volcarona, L50, F|
|teampreview|4
|showteam|p1|Archaludon||PowerHerb|Stalwart|ElectroShot,FlashCannon,DragonPulse,Protect|||M|||50|,,,,,Electric]Incineroar||SitrusBerry|Intimidate|FlareBlitz,KnockOff,FakeOut,PartingShot|||M|||50|,,,,,Ghost]Whimsicott||CovertCloak|Prankster|Moonblast,Encore,LightScreen,Tailwind|||M|||50|,,,,,Grass]Ursaluna||FlameOrb|Guts|Facade,RainDance,HeadlongRush,Protect|||F|||50|,,,,,Ghost]Indeedee-F||SafetyGoggles|PsychicSurge|DazzlingGleam,HelpingHand,FollowMe,TrickRoom|||F|||50|,,,,,Fairy]Armarouge||LifeOrb|FlashFire|ExpandingForce,ArmorCannon,EnergyBall,Protect|||F|||50|,,,,,Stellar
|showteam|p2|Garchomp||LifeOrb|RoughSkin|Earthquake,StompingTantrum,DragonClaw,Protect|||M|||50|,,,,,Ground]Whimsicott||FocusSash|Prankster|Moonblast,Tailwind,Encore,Protect|||F|||50|,,,,,Ghost]Ursaluna-Bloodmoon||AssaultVest|MindsEye|HyperVoice,BloodMoon,EarthPower,VacuumWave|||M|||50|,,,,,Normal]Sinistcha||SitrusBerry|Hospitality|MatchaGotcha,ShadowBall,RagePowder,Protect||||||50|,,,,,Dark]Annihilape||Leftovers|Defiant|RageFist,DrainPunch,BulkUp,Protect|||M|||50|,,,,,Grass]Volcarona||CovertCloak|FlameBody|StruggleBug,HeatWave,Tailwind,RagePowder|||F|||50|,,,,,Grass
|inactive|Battle timer is ON: inactive players will automatically lose when time's up. (requested by ZapdosFan471)
|
|t:|1756543940
|teamsize|p1|4
|teamsize|p2|4
|start
|switch|p1a: Whimsicott|Whimsicott, L50, M|100/100
|switch|p1b: Armarouge|Armarouge, L50, F|100/100
|switch|p2a: Garchomp|Garchomp, L50, M|100/100
|switch|p2b: Sinistcha|Sinistcha, L50|100/100
|turn|1
|inactive|Rexolboy has 30 seconds left.
|inactive|ZapdosFan471 has 30 seconds left.
|inactive|Rexolboy has 20 seconds left.
|inactive|Rexolboy has 15 seconds left.
|inactive|Rexolboy has 10 seconds left.
|
|t:|1756543987
|-terastallize|p2a: Garchomp|Ground
|move|p1a: Whimsicott|Tailwind|p1a: Whimsicott
|-sidestart|p1: Rexolboy|move: Tailwind
|move|p1b: Armarouge|Armor Cannon|p2b: Sinistcha
|-supereffective|p2b: Sinistcha
|-damage|p2b: Sinistcha|0 fnt
|-unboost|p1b: Armarouge|def|1
|-unboost|p1b: Armarouge|spd|1
|faint|p2b: Sinistcha
|-damage|p1b: Armarouge|91/100|[from] item: Life Orb
|move|p2a: Garchomp|Earthquake|p1a: Whimsicott|[spread] p1a,p1b
|-resisted|p1a: Whimsicott
|-supereffective|p1b: Armarouge
|-damage|p1a: Whimsicott|62/100
|-damage|p1b: Armarouge|0 fnt
|faint|p1b: Armarouge
|-damage|p2a: Garchomp|91/100|[from] item: Life Orb
|
|upkeep
|
|t:|1756544003
|switch|p1b: Ursaluna|Ursaluna, L50, F|100/100
|switch|p2b: Volcarona|Volcarona, L50, F|100/100
|turn|2
|
|t:|1756544022
|move|p1b: Ursaluna|Protect|p1b: Ursaluna
|-singleturn|p1b: Ursaluna|Protect
|move|p2a: Garchomp|Protect|p2a: Garchomp
|-singleturn|p2a: Garchomp|Protect
|move|p1a: Whimsicott|Light Screen|p1a: Whimsicott
|-sidestart|p1: Rexolboy|move: Light Screen
|move|p2b: Volcarona|Tailwind|p2b: Volcarona
|-sidestart|p2: ZapdosFan471|move: Tailwind
|
|-status|p1b: Ursaluna|brn|[from] item: Flame Orb
|upkeep
|turn|3
|
|t:|1756544040
|switch|p2b: Ursaluna|Ursaluna-Bloodmoon, L50, M|100/100
|move|p1a: Whimsicott|Encore||[still]
|-fail|p1a: Whimsicott
|move|p2a: Garchomp|Stomping Tantrum|p1b: Ursaluna
|-damage|p1b: Ursaluna|50/100 brn
|-damage|p2a: Garchomp|81/100|[from] item: Life Orb
|move|p1b: Ursaluna|Facade|p2a: Garchomp
|-damage|p2a: Garchomp|0 fnt
|-damage|p1b: Ursaluna|37/100 brn|[from] ability: Rough Skin|[of] p2a: Garchomp
|faint|p2a: Garchomp
|
|-damage|p1b: Ursaluna|31/100 brn|[from] brn
|upkeep
|
|t:|1756544055
|switch|p2a: Volcarona|Volcarona, L50, F|100/100
|turn|4
|inactive|Rexolboy has 30 seconds left.
|inactive|Rexolboy has 20 seconds left.
|
|t:|1756544094
|move|p1a: Whimsicott|Moonblast|p2b: Ursaluna
|-crit|p2b: Ursaluna
|-damage|p2b: Ursaluna|74/100
|-unboost|p2b: Ursaluna|spa|1
|move|p2a: Volcarona|Heat Wave|p1a: Whimsicott|[spread] p1a,p1b
|-supereffective|p1a: Whimsicott
|-damage|p1a: Whimsicott|19/100
|-damage|p1b: Ursaluna|11/100 brn
|move|p1b: Ursaluna|Headlong Rush|p2a: Volcarona
|-damage|p2a: Volcarona|12/100
|-unboost|p1b: Ursaluna|def|1
|-unboost|p1b: Ursaluna|spd|1
|move|p2b: Ursaluna|Hyper Voice|p1b: Ursaluna|[spread] p1a,p1b
|-damage|p1a: Whimsicott|0 fnt
|-damage|p1b: Ursaluna|0 fnt
|faint|p1a: Whimsicott
|faint|p1b: Ursaluna
|
|-sideend|p1: Rexolboy|move: Tailwind
|upkeep
|
|t:|1756544102
|switch|p1b: Archaludon|Archaludon, L50, M|100/100
|turn|5
|
|t:|1756544121
|move|p1b: Archaludon|Protect|p1b: Archaludon
|-singleturn|p1b: Archaludon|Protect
|move|p2a: Volcarona|Heat Wave|p1b: Archaludon
|-activate|p1b: Archaludon|move: Protect
|move|p2b: Ursaluna|Earth Power|p1b: Archaludon
|-activate|p1b: Archaludon|move: Protect
|
|-sideend|p2: ZapdosFan471|move: Tailwind
|upkeep
|turn|6
|inactive|Rexolboy has 30 seconds left.
|
|t:|1756544163
|-terastallize|p1b: Archaludon|Electric
|move|p1b: Archaludon|Electro Shot||[still]
|-prepare|p1b: Archaludon|Electro Shot
|-boost|p1b: Archaludon|spa|1
|-enditem|p1b: Archaludon|Power Herb
|-anim|p1b: Archaludon|Electro Shot|p2a: Volcarona
|-damage|p2a: Volcarona|0 fnt
|faint|p2a: Volcarona
|move|p2b: Ursaluna|Earth Power|p1b: Archaludon
|-supereffective|p1b: Archaludon
|-damage|p1b: Archaludon|40/100
|
|-sideend|p1: Rexolboy|move: Light Screen
|upkeep
|turn|7
|
|t:|1756544178
|move|p1b: Archaludon|Dragon Pulse|p2b: Ursaluna
|-crit|p2b: Ursaluna
|-damage|p2b: Ursaluna|3/100
|move|p2b: Ursaluna|Earth Power|p1b: Archaludon
|-supereffective|p1b: Archaludon
|-damage|p1b: Archaludon|0 fnt
|faint|p1b: Archaludon
|
|win|ZapdosFan471
|raw|Rexolboy's rating: 1100 → 1078(-22 for losing)
|raw|ZapdosFan471's rating: 1138 → 1160(+22 for winning)
