|j|☆MAEXLE
|j|☆DrXJ13
|html|MAEXLEDrXJ13    
|uhtml|bestof|Game 1 of a best-of-3
|t:|1756984799
|gametype|doubles
|player|p1|MAEXLE|1|1199
|player|p2|DrXJ13|102|1113
|gen|9
|tier|[Gen 9] VGC 2025 Reg H (Bo3)
|rated|
|rule|Species Clause: Limit one of each Pokémon
|rule|Item Clause: Limit 1 of each item
|clearpoke
|poke|p1|Archaludon, L50, F|
|poke|p1|Pelipper, L50, F|
|poke|p1|Gholdengo, L50|
|poke|p1|Basculegion, L50, M|
|poke|p1|Amoonguss, L50, F|
|poke|p1|Incineroar, L50, F|
|poke|p2|Sinistcha, L50|
|poke|p2|Ursaluna-Bloodmoon, L50, M|
|poke|p2|Incineroar, L50, F|
|poke|p2|Sneasler, L50, M|
|poke|p2|Dragonite, L50, F|
|poke|p2|Corviknight, L50, M|
|teampreview|4
|showteam|p1|Archaludon||AssaultVest|Stamina|DragonPulse,Snarl,ElectroShot,BodyPress|||F|||50|,,,,,Grass]Pelipper||FocusSash|Drizzle|Protect,WideGuard,Hurricane,Tailwind|||F|||50|,,,,,Ghost]Gholdengo||LifeOrb|GoodasGold|Protect,MakeItRain,ShadowBall,NastyPlot||||||50|,,,,,Dragon]Basculegion||ChoiceBand|SwiftSwim|FlipTurn,WaveCrash,AquaJet,LastRespects|||M|||50|,,,,,Grass]Amoonguss||RockyHelmet|Regenerator|Spore,RagePowder,PollenPuff,Protect|||F|||50|,,,,,Water]Incineroar||SafetyGoggles|Intimidate|Taunt,PartingShot,FakeOut,KnockOff|||F|||50|,,,,,Ghost
|showteam|p2|Sinistcha||RockyHelmet|Hospitality|MatchaGotcha,ShadowBall,TrickRoom,RagePowder||||||50|,,,,,Water]Ursaluna-Bloodmoon||Leftovers|MindsEye|HyperVoice,EarthPower,CalmMind,Protect|||M|||50|,,,,,Water]Incineroar||SafetyGoggles|Intimidate|FakeOut,KnockOff,FlareBlitz,PartingShot|||F|||50|,,,,,Ghost]Sneasler||FocusSash|Unburden|Coaching,DireClaw,CloseCombat,Protect|||M|||50|,,,,,Stellar]Dragonite||LoadedDice|Multiscale|ScaleShot,ExtremeSpeed,Haze,Protect|||F|||50|,,,,,Fairy]Corviknight||CovertCloak|MirrorArmor|DualWingbeat,Tailwind,IronHead,Taunt|||M|||50|,,,,,Dragon
|inactive|Battle timer is ON: inactive players will automatically lose when time's up. (requested by DrXJ13)
|inactive|MAEXLE has 60 seconds left.
|
|t:|1756984840
|teamsize|p1|4
|teamsize|p2|4
|start
|switch|p1a: Archaludon|Archaludon, L50, F|100/100
|switch|p1b: Pelipper|Pelipper, L50, F|100/100
|switch|p2a: Té (en) tazas|Sinistcha, L50|100/100
|switch|p2b: Wellington|Ursaluna-Bloodmoon, L50, M|100/100
|-weather|RainDance|[from] ability: Drizzle|[of] p1b: Pelipper
|turn|1
|inactive|MAEXLE has 30 seconds left.
|
|t:|1756984872
|-terastallize|p1a: Archaludon|Grass
|move|p2a: Té (en) tazas|Rage Powder|p2a: Té (en) tazas
|-singleturn|p2a: Té (en) tazas|move: Rage Powder
|move|p1b: Pelipper|Tailwind|p1b: Pelipper
|-sidestart|p1: MAEXLE|move: Tailwind
|move|p1a: Archaludon|Body Press|p2b: Wellington
|-supereffective|p2b: Wellington
|-damage|p2b: Wellington|65/100
|move|p2b: Wellington|Calm Mind|p2b: Wellington
|-boost|p2b: Wellington|spa|1
|-boost|p2b: Wellington|spd|1
|
|-weather|RainDance|[upkeep]
|-heal|p2b: Wellington|71/100|[from] item: Leftovers
|upkeep
|turn|2
|
|t:|1756984889
|move|p2b: Wellington|Protect|p2b: Wellington
|-singleturn|p2b: Wellington|Protect
|move|p1a: Archaludon|Body Press|p2b: Wellington
|-activate|p2b: Wellington|move: Protect
|move|p1b: Pelipper|Hurricane|p2a: Té (en) tazas
|-supereffective|p2a: Té (en) tazas
|-damage|p2a: Té (en) tazas|0 fnt
|faint|p2a: Té (en) tazas
|
|-weather|RainDance|[upkeep]
|-heal|p2b: Wellington|77/100|[from] item: Leftovers
|upkeep
|
|t:|1756984900
|switch|p2a: Tuex|Sneasler, L50, M|100/100
|turn|3
|inactive|MAEXLE has 30 seconds left.
|
|t:|1756984932
|-terastallize|p2b: Wellington|Water
|move|p1b: Pelipper|Hurricane|p2a: Tuex
|-supereffective|p2a: Tuex
|-crit|p2a: Tuex
|-enditem|p2a: Tuex|Focus Sash
|-damage|p2a: Tuex|1/100
|move|p2a: Tuex|Dire Claw|p1a: Archaludon
|-supereffective|p1a: Archaludon
|-damage|p1a: Archaludon|45/100
|-status|p1a: Archaludon|psn
|-ability|p1a: Archaludon|Stamina|boost
|-boost|p1a: Archaludon|def|1
|move|p1a: Archaludon|Body Press|p2b: Wellington
|-damage|p2b: Wellington|52/100
|move|p2b: Wellington|Hyper Voice|p1b: Pelipper|[spread] p1a,p1b
|-damage|p1a: Archaludon|11/100 psn
|-damage|p1b: Pelipper|3/100
|-ability|p1a: Archaludon|Stamina|boost
|-boost|p1a: Archaludon|def|1
|
|-weather|RainDance|[upkeep]
|-heal|p2b: Wellington|58/100|[from] item: Leftovers
|-damage|p1a: Archaludon|0 fnt|[from] psn
|faint|p1a: Archaludon
|upkeep
|inactive|MAEXLE has 30 seconds left.
|
|t:|1756984963
|switch|p1a: Basculegion|Basculegion, L50, M|100/100
|turn|4
|inactive|MAEXLE has 30 seconds left.
|
|t:|1756984989
|switch|p2a: Onichan|Dragonite, L50, F|100/100
|move|p1b: Pelipper|Protect|p1b: Pelipper
|-singleturn|p1b: Pelipper|Protect
|move|p2b: Wellington|Protect|p2b: Wellington
|-singleturn|p2b: Wellington|Protect
|move|p1a: Basculegion|Flip Turn|p2a: Onichan
|-resisted|p2a: Onichan
|-damage|p2a: Onichan|83/100
|
|t:|1756985000
|switch|p1a: Amoonguss|Amoonguss, L50, F|100/100|[from] Flip Turn
|
|-weather|RainDance|[upkeep]
|-heal|p2b: Wellington|64/100|[from] item: Leftovers
|-sideend|p1: MAEXLE|move: Tailwind
|upkeep
|turn|5
|
|t:|1756985025
|move|p2a: Onichan|Scale Shot|p1a: Amoonguss|[miss]
|-miss|p2a: Onichan|p1a: Amoonguss
|move|p1b: Pelipper|Tailwind|p1b: Pelipper
|-sidestart|p1: MAEXLE|move: Tailwind
|move|p1a: Amoonguss|Spore|p2b: Wellington
|-status|p2b: Wellington|slp|[from] move: Spore
|cant|p2b: Wellington|slp
|
|-weather|none
|-heal|p2b: Wellington|71/100 slp|[from] item: Leftovers
|upkeep
|turn|6
|inactive|MAEXLE has 30 seconds left.
|inactive|DrXJ13 has 30 seconds left.
|
|t:|1756985057
|switch|p1b: Basculegion|Basculegion, L50, M|100/100
|move|p2a: Onichan|Scale Shot|p1b: Basculegion
|-damage|p1b: Basculegion|82/100
|-damage|p1b: Basculegion|63/100
|-damage|p1b: Basculegion|46/100
|-damage|p1b: Basculegion|27/100
|-hitcount|p1b: Basculegion|4
|-unboost|p2a: Onichan|def|1
|-boost|p2a: Onichan|spe|1
|move|p1a: Amoonguss|Spore|p2a: Onichan
|-status|p2a: Onichan|slp|[from] move: Spore
|cant|p2b: Wellington|slp
|
|-heal|p2b: Wellington|77/100 slp|[from] item: Leftovers
|upkeep
|turn|7
|
|t:|1756985082
|switch|p1a: Pelipper|Pelipper, L50, F|3/100
|-weather|RainDance|[from] ability: Drizzle|[of] p1a: Pelipper
|move|p1b: Basculegion|Last Respects|p2b: Wellington
|-damage|p2b: Wellington|22/100 slp
|cant|p2a: Onichan|slp
|-curestatus|p2b: Wellington|slp|[msg]
|move|p2b: Wellington|Hyper Voice|p1a: Pelipper|[spread] p1a,p1b
|-damage|p1a: Pelipper|0 fnt
|-damage|p1b: Basculegion|0 fnt
|faint|p1a: Pelipper
|faint|p1b: Basculegion
|
|-weather|RainDance|[upkeep]
|-heal|p2b: Wellington|28/100|[from] item: Leftovers
|upkeep
|
|t:|1756985088
|switch|p1b: Amoonguss|Amoonguss, L50, F|100/100
|turn|8
|
|t:|1756985101
|move|p2b: Wellington|Protect|p2b: Wellington
|-singleturn|p2b: Wellington|Protect
|-curestatus|p2a: Onichan|slp|[msg]
|move|p2a: Onichan|Scale Shot|p1b: Amoonguss
|-damage|p1b: Amoonguss|90/100
|-damage|p1b: Amoonguss|78/100
|-crit|p1b: Amoonguss
|-damage|p1b: Amoonguss|60/100
|-damage|p1b: Amoonguss|49/100
|-hitcount|p1b: Amoonguss|4
|-unboost|p2a: Onichan|def|1
|-boost|p2a: Onichan|spe|1
|move|p1b: Amoonguss|Spore|p2b: Wellington
|-activate|p2b: Wellington|move: Protect
|
|-weather|RainDance|[upkeep]
|-heal|p2b: Wellington|34/100|[from] item: Leftovers
|-sideend|p1: MAEXLE|move: Tailwind
|upkeep
|turn|9
|inactive|MAEXLE has 30 seconds left.
|
|t:|1756985130
|move|p2a: Onichan|Extreme Speed|p1b: Amoonguss
|-damage|p1b: Amoonguss|23/100
|-damage|p2a: Onichan|67/100|[from] item: Rocky Helmet|[of] p1b: Amoonguss
|move|p2b: Wellington|Hyper Voice|p1b: Amoonguss
|-damage|p1b: Amoonguss|0 fnt
|faint|p1b: Amoonguss
|
|win|DrXJ13
||DrXJ13 is ready for game 2.
|inactive|MAEXLE has 30 seconds to confirm battle start!
||MAEXLE is ready for game 2.
|uhtml|next|Next: Game 2 of 3
|l|☆MAEXLE
|player|p1|
