|j|☆Mcn35
|j|☆Little_Otaku
|html|Mcn35Little_Otaku    
|uhtml|bestof|Game 2 of a best-of-3
|t:|1757910006
|gametype|doubles
|player|p1|Mcn35|hilda|1105
|player|p2|Little_Otaku|maid|1039
|gen|9
|tier|[Gen 9] VGC 2025 Reg H (Bo3)
|rated|
|rule|Species Clause: Limit one of each Pokémon
|rule|Item Clause: Limit 1 of each item
|clearpoke
|poke|p1|Sneasler, L50, F|
|poke|p1|Corviknight, L50, M|
|poke|p1|Ursaluna-Bloodmoon, L50, M|
|poke|p1|Comfey, L50, F|
|poke|p1|Goodra, L50, M|
|poke|p1|Electabuzz, L50, M|
|poke|p2|Torkoal, L50, M|
|poke|p2|Farigiraf, L50, M|
|poke|p2|Maushold, L50|
|poke|p2|Hydreigon, L50, F|
|poke|p2|Clodsire, L50, F|
|poke|p2|Lilligant-Hisui, L50, F|
|teampreview|4
|showteam|p1|Sneasler||FocusSash|PoisonTouch|CloseCombat,DireClaw,Protect,ThroatChop|||F|||50|,,,,,Dark]Corviknight||RockyHelmet|MirrorArmor|Roost,BraveBird,BodyPress,Tailwind|||M|||50|,,,,,Dragon]Ursaluna-Bloodmoon||ThroatSpray|MindsEye|HyperVoice,EarthPower,VacuumWave,Protect|||M|||50|,,,,,Normal]Comfey||Leftovers|Triage|DrainingKiss,LeechSeed,Protect,FloralHealing|||F|||50|,,,,,Steel]Goodra||AssaultVest|SapSipper|DragonPulse,Thunderbolt,SludgeWave,Flamethrower|||M|||50|,,,,,Ghost]Electabuzz||Eviolite|VitalSpirit|FollowMe,Psychic,Thunderbolt,ThunderWave|||M|||50|,,,,,Bug
|showteam|p2|Torkoal||Charcoal|Drought|Eruption,HeatWave,EarthPower,Protect|||M|||50|,,,,,Fire]Farigiraf||ThroatSpray|ArmorTail|HyperVoice,PsychicNoise,TrickRoom,Imprison|||M|||50|,,,,,Fairy]Maushold||WideLens|Technician|PopulationBomb,Bite,Encore,Protect||||||50|,,,,,Ghost]Hydreigon||ChoiceScarf|Levitate|DracoMeteor,DarkPulse,HeatWave,TeraBlast|||F|||50|,,,,,Electric]Clodsire||Leftovers|WaterAbsorb|GunkShot,Yawn,Haze,Protect|||F|||50|,,,,,Steel]Lilligant-Hisui||FocusSash|Chlorophyll|AxeKick,LeafBlade,SleepPowder,AfterYou|||F|||50|,,,,,Dark
|inactive|Battle timer is ON: inactive players will automatically lose when time's up. (requested by Mcn35)
|
|t:|1757910046
|teamsize|p1|4
|teamsize|p2|4
|start
|switch|p1a: Goodra|Goodra, L50, M|100/100
|switch|p1b: Sneasler|Sneasler, L50, F|100/100
|switch|p2a: Hydreigon|Hydreigon, L50, F|100/100
|switch|p2b: Maushold|Maushold, L50|100/100
|turn|1
|inactive|Mcn35 has 30 seconds left.
|inactive|Mcn35 has 20 seconds left.
|
|t:|1757910083
|switch|p1a: Comfey|Comfey, L50, F|100/100
|-terastallize|p2a: Hydreigon|Electric
|move|p2b: Maushold|Protect|p2b: Maushold
|-singleturn|p2b: Maushold|Protect
|move|p2a: Hydreigon|Heat Wave|p1b: Sneasler|[spread] p1a,p1b
|-damage|p1a: Comfey|76/100
|-damage|p1b: Sneasler|66/100
|-status|p1a: Comfey|brn
|-status|p1b: Sneasler|brn
|move|p1b: Sneasler|Close Combat|p2a: Hydreigon
|-damage|p2a: Hydreigon|63/100
|-unboost|p1b: Sneasler|def|1
|-unboost|p1b: Sneasler|spd|1
|-status|p2a: Hydreigon|psn|[from] ability: Poison Touch|[of] p1b: Sneasler
|
|-heal|p1a: Comfey|82/100 brn|[from] item: Leftovers
|-damage|p2a: Hydreigon|51/100 psn|[from] psn
|-damage|p1b: Sneasler|60/100 brn|[from] brn
|-damage|p1a: Comfey|76/100 brn|[from] brn
|upkeep
|turn|2
|inactive|Mcn35 has 30 seconds left.
|inactive|Little_Otaku has 30 seconds left.
|
|t:|1757910117
|move|p1b: Sneasler|Protect|p1b: Sneasler
|-singleturn|p1b: Sneasler|Protect
|move|p1a: Comfey|Protect|p1a: Comfey
|-singleturn|p1a: Comfey|Protect
|move|p2a: Hydreigon|Heat Wave|p1a: Comfey|[spread] 
|-activate|p1a: Comfey|move: Protect
|-activate|p1b: Sneasler|move: Protect
|move|p2b: Maushold|Population Bomb|p1a: Comfey
|-activate|p1a: Comfey|move: Protect
|
|-heal|p1a: Comfey|82/100 brn|[from] item: Leftovers
|-damage|p2a: Hydreigon|39/100 psn|[from] psn
|-damage|p1b: Sneasler|54/100 brn|[from] brn
|-damage|p1a: Comfey|76/100 brn|[from] brn
|upkeep
|turn|3
|inactive|Mcn35 has 30 seconds left.
|
|t:|1757910142
|move|p1a: Comfey|Floral Healing|p1b: Sneasler
|-heal|p1b: Sneasler|100/100 brn
|move|p2a: Hydreigon|Heat Wave|p1a: Comfey|[spread] p1a,p1b
|-damage|p1a: Comfey|54/100 brn
|-damage|p1b: Sneasler|45/100 brn
|move|p1b: Sneasler|Close Combat|p2b: Maushold
|-supereffective|p2b: Maushold
|-damage|p2b: Maushold|0 fnt
|-unboost|p1b: Sneasler|def|1
|-unboost|p1b: Sneasler|spd|1
|faint|p2b: Maushold
|
|-heal|p1a: Comfey|60/100 brn|[from] item: Leftovers
|-damage|p2a: Hydreigon|27/100 psn|[from] psn
|-damage|p1b: Sneasler|39/100 brn|[from] brn
|-damage|p1a: Comfey|54/100 brn|[from] brn
|upkeep
|
|t:|1757910161
|switch|p2b: Lilligant|Lilligant-Hisui, L50, F|100/100
|turn|4
|
|t:|1757910184
|move|p1b: Sneasler|Protect|p1b: Sneasler
|-singleturn|p1b: Sneasler|Protect
|move|p1a: Comfey|Draining Kiss|p2b: Lilligant
|-supereffective|p2b: Lilligant
|-damage|p2b: Lilligant|55/100
|-heal|p1a: Comfey|86/100 brn|[from] drain|[of] p2b: Lilligant
|move|p2a: Hydreigon|Heat Wave|p1b: Sneasler|[spread] p1a
|-activate|p1b: Sneasler|move: Protect
|-damage|p1a: Comfey|62/100 brn
|move|p2b: Lilligant|Axe Kick|p1b: Sneasler
|-activate|p1b: Sneasler|move: Protect
|-damage|p2b: Lilligant|5/100|[from] highjumpkick
|
|-heal|p1a: Comfey|68/100 brn|[from] item: Leftovers
|-damage|p2a: Hydreigon|15/100 psn|[from] psn
|-damage|p1b: Sneasler|33/100 brn|[from] brn
|-damage|p1a: Comfey|62/100 brn|[from] brn
|upkeep
|turn|5
|
|t:|1757910208
|move|p1a: Comfey|Draining Kiss|p2a: Hydreigon
|-damage|p2a: Hydreigon|0 fnt
|-heal|p1a: Comfey|74/100 brn|[from] drain|[of] p2a: Hydreigon
|faint|p2a: Hydreigon
|move|p1b: Sneasler|Dire Claw|p2b: Lilligant
|-supereffective|p2b: Lilligant
|-damage|p2b: Lilligant|0 fnt
|faint|p2b: Lilligant
|
|-heal|p1a: Comfey|80/100 brn|[from] item: Leftovers
|-damage|p1b: Sneasler|28/100 brn|[from] brn
|-damage|p1a: Comfey|74/100 brn|[from] brn
|upkeep
|-message|Little_Otaku forfeited.
|
|win|Mcn35
||Little_Otaku is ready for game 3.
||Mcn35 is ready for game 3.
|uhtml|next|Next: Game 3 of 3
|l|☆Little_Otaku
|player|p2|
|l|☆Mcn35
|player|p1|
