|j|☆beeetch
|j|☆FabbroBastardo
|html|beeetchFabbroBastardo    
|uhtml|bestof|Game 3 of a best-of-3
|t:|1754574364
|gametype|doubles
|player|p1|beeetch|beauty-gen4dp|1208
|player|p2|FabbroBastardo|leon|1224
|gen|9
|tier|[Gen 9] VGC 2025 Reg H (Bo3)
|rated|
|rule|Species Clause: Limit one of each Pokémon
|rule|Item Clause: Limit 1 of each item
|clearpoke
|poke|p1|Toedscruel, L50, F|
|poke|p1|Weezing-Galar, L50, M|
|poke|p1|Corviknight, L50, F|
|poke|p1|Pawmot, L50, M|
|poke|p1|Garchomp, L50, F|
|poke|p1|Typhlosion-Hisui, L50, F|
|poke|p2|Incineroar, L50, M|
|poke|p2|Amoonguss, L50, M|
|poke|p2|Gholdengo, L50|
|poke|p2|Pelipper, L50, M|
|poke|p2|Archaludon, L50, M|
|poke|p2|Basculegion, L50, M|
|teampreview|4
|showteam|p1|Toedscruel||CovertCloak|MyceliumMight|Spore,EarthPower,AcidSpray,RagePowder|||F|||50|,,,,,Water]Weezing-Galar||ChoiceSpecs|NeutralizingGas|DazzlingGleam,SludgeBomb,StrangeSteam,Flamethrower|||M|||50|,,,,,Fire]Corviknight||SitrusBerry|MirrorArmor|Protect,Tailwind,Roost,BraveBird|||F|||50|,,,,,Dragon]Pawmot||FocusSash|NaturalCure|Protect,CloseCombat,DoubleShock,FakeOut|||M|||50|,,,,,Electric]Garchomp||LifeOrb|RoughSkin|Protect,Earthquake,DragonClaw,StompingTantrum|||F|||50|,,,,,Ground]Typhlosion-Hisui||ChoiceScarf|Blaze|Eruption,SleepTalk,HeatWave,ShadowBall|||F|||50|,,,,,Fire
|showteam|p2|Incineroar||SafetyGoggles|Intimidate|FakeOut,KnockOff,Taunt,PartingShot|||M|||50|,,,,,Ghost]Amoonguss||SitrusBerry|Regenerator|Spore,RagePowder,PollenPuff,Protect|||M|||50|,,,,,Fairy]Gholdengo||LifeOrb|GoodasGold|MakeItRain,ShadowBall,NastyPlot,Protect||||||50|,,,,,Water]Pelipper||FocusSash|Drizzle|WeatherBall,Hurricane,Tailwind,Protect|||M|||50|,,,,,Ghost]Archaludon||AssaultVest|Stamina|ElectroShot,DragonPulse,FlashCannon,BodyPress|||M|||50|,,,,,Grass]Basculegion||ChoiceBand|SwiftSwim|WaveCrash,AquaJet,FlipTurn,LastRespects|||M|||50|,,,,,Water
|
|t:|1754574376
|teamsize|p1|4
|teamsize|p2|4
|start
|switch|p1a: Weezing|Weezing-Galar, L50, M|100/100
|switch|p1b: Pawmot|Pawmot, L50, M|100/100
|switch|p2a: Gholdengo|Gholdengo, L50|100/100
|switch|p2b: Basculegion|Basculegion, L50, M|100/100
|-ability|p1a: Weezing|Neutralizing Gas
|turn|1
|
|t:|1754574415
|switch|p2b: Archaludon|Archaludon, L50, M|100/100
|-terastallize|p1a: Weezing|Fire
|move|p1b: Pawmot|Double Shock|p2b: Archaludon
|-resisted|p2b: Archaludon
|-crit|p2b: Archaludon
|-damage|p2b: Archaludon|70/100
|-start|p1b: Pawmot|typechange|???/Fighting|[from] move: Double Shock
|move|p2a: Gholdengo|Nasty Plot|p2a: Gholdengo
|-boost|p2a: Gholdengo|spa|2
|move|p1a: Weezing|Flamethrower|p2a: Gholdengo
|-supereffective|p2a: Gholdengo
|-damage|p2a: Gholdengo|0 fnt
|faint|p2a: Gholdengo
|
|upkeep
|
|t:|1754574457
|switch|p2a: Basculegion|Basculegion, L50, M|100/100
|turn|2
|
|t:|1754574477
|-end|p1a: Weezing|ability: Neutralizing Gas
|switch|p1a: Corviknight|Corviknight, L50, F|100/100
|-terastallize|p2b: Archaludon|Grass
|move|p1b: Pawmot|Close Combat|p2b: Archaludon
|-damage|p2b: Archaludon|25/100
|-unboost|p1b: Pawmot|def|1
|-unboost|p1b: Pawmot|spd|1
|-ability|p2b: Archaludon|Stamina|boost
|-boost|p2b: Archaludon|def|1
|move|p2a: Basculegion|Flip Turn|p1a: Corviknight
|-damage|p1a: Corviknight|63/100
|
|t:|1754574485
|switch|p2a: Pelipper|Pelipper, L50, M|100/100|[from] Flip Turn
|-weather|RainDance|[from] ability: Drizzle|[of] p2a: Pelipper
|move|p2b: Archaludon|Dragon Pulse|p1a: Corviknight
|-resisted|p1a: Corviknight
|-damage|p1a: Corviknight|44/100
|-enditem|p1a: Corviknight|Sitrus Berry|[eat]
|-heal|p1a: Corviknight|69/100|[from] item: Sitrus Berry
|
|-weather|RainDance|[upkeep]
|upkeep
|turn|3
|
|t:|1754574507
|switch|p1a: Garchomp|Garchomp, L50, F|100/100
|move|p1b: Pawmot|Close Combat|p2b: Archaludon
|-damage|p2b: Archaludon|0 fnt
|-unboost|p1b: Pawmot|def|1
|-unboost|p1b: Pawmot|spd|1
|faint|p2b: Archaludon
|move|p2a: Pelipper|Tailwind|p2a: Pelipper
|-sidestart|p2: FabbroBastardo|move: Tailwind
|
|-weather|RainDance|[upkeep]
|upkeep
|
|t:|1754574512
|switch|p2b: Basculegion|Basculegion, L50, M|100/100
|turn|4
|
|t:|1754574532
|switch|p1b: Weezing|Weezing-Galar, L50, M, tera:Fire|100/100
|-ability|p1b: Weezing|Neutralizing Gas
|move|p2b: Basculegion|Wave Crash|p1a: Garchomp
|-damage|p1a: Garchomp|0 fnt
|faint|p1a: Garchomp
|-damage|p2b: Basculegion|70/100|[from] Recoil
|move|p2a: Pelipper|Weather Ball|p1b: Weezing
|-supereffective|p1b: Weezing
|-damage|p1b: Weezing|0 fnt
|faint|p1b: Weezing
|-end|p1b: Weezing|ability: Neutralizing Gas
|
|-weather|RainDance|[upkeep]
|upkeep
|
|t:|1754574544
|switch|p1a: Pawmot|Pawmot, L50, M|100/100
|switch|p1b: Corviknight|Corviknight, L50, F|69/100
|turn|5
|
|t:|1754574570
|move|p2b: Basculegion|Wave Crash|p1a: Pawmot
|-enditem|p1a: Pawmot|Focus Sash
|-damage|p1a: Pawmot|1/100
|-damage|p2b: Basculegion|46/100|[from] Recoil
|move|p2a: Pelipper|Hurricane|p1a: Pawmot
|-damage|p1a: Pawmot|0 fnt
|faint|p1a: Pawmot
|move|p1b: Corviknight|Brave Bird|p2b: Basculegion
|-damage|p2b: Basculegion|0 fnt
|faint|p2b: Basculegion
|-damage|p1b: Corviknight|55/100|[from] Recoil
|
|-weather|RainDance|[upkeep]
|upkeep
|turn|6
|
|t:|1754574578
|move|p1b: Corviknight|Protect|p1b: Corviknight
|-singleturn|p1b: Corviknight|Protect
|move|p2a: Pelipper|Weather Ball|p1b: Corviknight
|-activate|p1b: Corviknight|move: Protect
|
|-weather|none
|-sideend|p2: FabbroBastardo|move: Tailwind
|upkeep
|turn|7
|
|t:|1754574586
|move|p2a: Pelipper|Hurricane|p1b: Corviknight
|-resisted|p1b: Corviknight
|-damage|p1b: Corviknight|34/100
|move|p1b: Corviknight|Roost|p1b: Corviknight
|-heal|p1b: Corviknight|84/100
|-singleturn|p1b: Corviknight|move: Roost
|
|upkeep
|turn|8
|
|t:|1754574593
|move|p1b: Corviknight|Protect|p1b: Corviknight
|-singleturn|p1b: Corviknight|Protect
|move|p2a: Pelipper|Hurricane|p1b: Corviknight
|-activate|p1b: Corviknight|move: Protect
|
|upkeep
|turn|9
|
|t:|1754574600
|move|p2a: Pelipper|Hurricane|p1b: Corviknight
|-resisted|p1b: Corviknight
|-damage|p1b: Corviknight|61/100
|move|p1b: Corviknight|Tailwind|p1b: Corviknight
|-sidestart|p1: beeetch|move: Tailwind
|
|upkeep
|turn|10
|
|t:|1754574607
|move|p2a: Pelipper|Protect|p2a: Pelipper
|-singleturn|p2a: Pelipper|Protect
|move|p1b: Corviknight|Roost|p1b: Corviknight
|-heal|p1b: Corviknight|100/100
|-singleturn|p1b: Corviknight|move: Roost
|
|upkeep
|turn|11
|
|t:|1754574615
|move|p1b: Corviknight|Brave Bird|p2a: Pelipper
|-damage|p2a: Pelipper|49/100
|-damage|p1b: Corviknight|89/100|[from] Recoil
|move|p2a: Pelipper|Hurricane|p1b: Corviknight|[miss]
|-miss|p2a: Pelipper|p1b: Corviknight
|
|upkeep
|turn|12
|
|t:|1754574623
|move|p2a: Pelipper|Protect|p2a: Pelipper
|-singleturn|p2a: Pelipper|Protect
|move|p1b: Corviknight|Brave Bird|p2a: Pelipper
|-activate|p2a: Pelipper|move: Protect
|
|-sideend|p1: beeetch|move: Tailwind
|upkeep
|turn|13
|
|t:|1754574626
|move|p1b: Corviknight|Protect|p1b: Corviknight
|-singleturn|p1b: Corviknight|Protect
|move|p2a: Pelipper|Hurricane|p1b: Corviknight
|-activate|p1b: Corviknight|move: Protect
|
|upkeep
|turn|14
|
|t:|1754574637
|move|p2a: Pelipper|Hurricane|p1b: Corviknight|[miss]
|-miss|p2a: Pelipper|p1b: Corviknight
|move|p1b: Corviknight|Brave Bird|p2a: Pelipper
|-damage|p2a: Pelipper|0 fnt
|faint|p2a: Pelipper
|-damage|p1b: Corviknight|78/100|[from] Recoil
|
|win|beeetch
|raw|beeetch's rating: 1208 → 1234(+26 for winning)
|raw|FabbroBastardo's rating: 1224 → 1198(-26 for losing)
|l|☆FabbroBastardo
|player|p2|
