|j|☆KingCaneking
|j|☆SRareFox
|html|KingCanekingSRareFox    
|uhtml|bestof|Game 2 of a best-of-3
|t:|1757168445
|gametype|doubles
|player|p1|KingCaneking|iris|1182
|player|p2|SRareFox|169|1309
|gen|9
|tier|[Gen 9] VGC 2025 Reg H (Bo3)
|rated|
|rule|Species Clause: Limit one of each Pokémon
|rule|Item Clause: Limit 1 of each item
|clearpoke
|poke|p1|Ceruledge, L50, F|
|poke|p1|Ursaluna, L50, F|
|poke|p1|Whimsicott, L50, F|
|poke|p1|Farigiraf, L50, M|
|poke|p1|Archaludon, L50, F|
|poke|p1|Politoed, L50, F|
|poke|p2|Hatterene, L50, F|
|poke|p2|Indeedee-F, L50, F|
|poke|p2|Gallade, L50, M|
|poke|p2|Ursaluna, L50, F|
|poke|p2|Torkoal, L50, F|
|poke|p2|Porygon2, L50|
|teampreview|4
|showteam|p1|Ceruledge||LifeOrb|FlashFire|Poltergeist,CloseCombat,FlareBlitz,Protect|||F|||50|,,,,,Fighting]Ursaluna||FlameOrb|Guts|Protect,HeadlongRush,Facade,Earthquake|||F|||50|,,,,,Ghost]Whimsicott||FocusSash|Prankster|Tailwind,Encore,SunnyDay,Moonblast|||F|||50|,,,,,Ghost]Farigiraf||ThroatSpray|ArmorTail|HyperVoice,PsychicNoise,TrickRoom,Imprison|||M|||50|,,,,,Grass]Archaludon||PowerHerb|Sturdy|ElectroShot,Protect,FlashCannon,DragonPulse|||F|||50|,,,,,Bug]Politoed||SitrusBerry|Drizzle|WeatherBall,Protect,Haze,IcyWind|||F|||50|,,,,,Grass
|showteam|p2|Hatterene||LifeOrb|MagicBounce|ExpandingForce,DazzlingGleam,TrickRoom,MysticalFire|||F|||50|,,,,,Fire]Indeedee-F||SafetyGoggles|PsychicSurge|Psychic,FollowMe,TrickRoom,HelpingHand|||F|||50|,,,,,Water]Gallade||ClearAmulet|Sharpness|PsychoCut,SacredSword,TrickRoom,WideGuard|||M|||50|,,,,,Grass]Ursaluna||FlameOrb|Guts|Facade,HeadlongRush,Earthquake,Protect|||F|||50|,,,,,Ghost]Torkoal||Charcoal|Drought|Eruption,WeatherBall,ClearSmog,Protect|||F|||50|,,,,,Fire]Porygon2||Eviolite|Download|IceBeam,TeraBlast,TrickRoom,Recover||||||50|,,,,,Flying
|inactive|Battle timer is ON: inactive players will automatically lose when time's up. (requested by SRareFox)
|
|t:|1757168469
|teamsize|p1|4
|teamsize|p2|4
|start
|switch|p1a: Ceruledge|Ceruledge, L50, F|100/100
|switch|p1b: Farigiraf|Farigiraf, L50, M|100/100
|switch|p2a: Gallade|Gallade, L50, M|100/100
|switch|p2b: Indeedee|Indeedee-F, L50, F|100/100
|-fieldstart|move: Psychic Terrain|[from] ability: Psychic Surge|[of] p2b: Indeedee
|turn|1
|
|t:|1757168485
|move|p2b: Indeedee|Follow Me|p2b: Indeedee
|-singleturn|p2b: Indeedee|move: Follow Me
|move|p1a: Ceruledge|Poltergeist|p2b: Indeedee
|-immune|p2b: Indeedee
|move|p1b: Farigiraf|Imprison|p1b: Farigiraf
|-start|p1b: Farigiraf|move: Imprison
|move|p2a: Gallade|Psycho Cut|p1a: Ceruledge
|-damage|p1a: Ceruledge|0 fnt
|faint|p1a: Ceruledge
|
|upkeep
|
|t:|1757168495
|switch|p1a: Ursaluna|Ursaluna, L50, F|100/100
|turn|2
|
|t:|1757168510
|move|p1a: Ursaluna|Protect|p1a: Ursaluna
|-singleturn|p1a: Ursaluna|Protect
|move|p2b: Indeedee|Follow Me|p2b: Indeedee
|-singleturn|p2b: Indeedee|move: Follow Me
|move|p1b: Farigiraf|Hyper Voice|p2b: Indeedee|[spread] p2a,p2b
|-damage|p2a: Gallade|71/100
|-damage|p2b: Indeedee|73/100
|-enditem|p1b: Farigiraf|Throat Spray
|-boost|p1b: Farigiraf|spa|1|[from] item: Throat Spray
|move|p2a: Gallade|Sacred Sword|p1b: Farigiraf
|-damage|p1b: Farigiraf|21/100
|
|-status|p1a: Ursaluna|brn|[from] item: Flame Orb
|upkeep
|turn|3
|inactive|KingCaneking has 30 seconds left.
|inactive|SRareFox has 30 seconds left.
|
|t:|1757168541
|move|p2a: Gallade|Wide Guard|p2a: Gallade
|-singleturn|p2a: Gallade|Wide Guard
|move|p1a: Ursaluna|Facade|p2a: Gallade
|-damage|p2a: Gallade|0 fnt
|faint|p2a: Gallade
|move|p1b: Farigiraf|Psychic Noise|p2b: Indeedee
|-resisted|p2b: Indeedee
|-damage|p2b: Indeedee|41/100
|-start|p2b: Indeedee|move: Heal Block
|move|p2b: Indeedee|Psychic|p1b: Farigiraf
|-resisted|p1b: Farigiraf
|-damage|p1b: Farigiraf|0 fnt
|faint|p1b: Farigiraf
|
|-damage|p1a: Ursaluna|94/100 brn|[from] brn
|upkeep
|
|t:|1757168555
|switch|p1b: Whimsicott|Whimsicott, L50, F|100/100
|switch|p2a: Porygon2|Porygon2, L50|100/100
|-ability|p2a: Porygon2|Download|boost
|-boost|p2a: Porygon2|spa|1
|turn|4
|inactive|KingCaneking has 30 seconds left.
|
|t:|1757168582
|move|p2b: Indeedee|Follow Me|p2b: Indeedee
|-singleturn|p2b: Indeedee|move: Follow Me
|move|p1b: Whimsicott|Moonblast|p2b: Indeedee
|-damage|p2b: Indeedee|11/100
|move|p1a: Ursaluna|Facade|p2b: Indeedee
|-damage|p2b: Indeedee|0 fnt
|faint|p2b: Indeedee
|move|p2a: Porygon2|Trick Room|p2a: Porygon2
|-fieldstart|move: Trick Room|[of] p2a: Porygon2
|
|-damage|p1a: Ursaluna|88/100 brn|[from] brn
|upkeep
|
|t:|1757168590
|switch|p2b: Torkoal|Torkoal, L50, F|100/100
|-weather|SunnyDay|[from] ability: Drought|[of] p2b: Torkoal
|turn|5
|inactive|SRareFox has 30 seconds left.
|inactive|SRareFox has 20 seconds left.
|inactive|SRareFox has 15 seconds left.
|inactive|SRareFox has 10 seconds left.
|
|t:|1757168638
|-terastallize|p2b: Torkoal|Fire
|-terastallize|p1b: Whimsicott|Ghost
|move|p1a: Ursaluna|Protect|p1a: Ursaluna
|-singleturn|p1a: Ursaluna|Protect
|move|p2b: Torkoal|Eruption|p1b: Whimsicott|[spread] p1b
|-activate|p1a: Ursaluna|move: Protect
|-enditem|p1b: Whimsicott|Focus Sash
|-damage|p1b: Whimsicott|1/100
|move|p2a: Porygon2|Tera Blast|p1b: Whimsicott
|-immune|p1b: Whimsicott
|move|p1b: Whimsicott|Moonblast|p2a: Porygon2
|-damage|p2a: Porygon2|80/100
|-unboost|p2a: Porygon2|spa|1
|
|-weather|SunnyDay|[upkeep]
|-damage|p1a: Ursaluna|82/100 brn|[from] brn
|-fieldend|move: Psychic Terrain
|upkeep
|turn|6
|inactive|SRareFox has 30 seconds left.
|
|t:|1757168663
|move|p1b: Whimsicott|Encore|p2a: Porygon2
|-start|p2a: Porygon2|Encore
|move|p2b: Torkoal|Eruption|p1a: Ursaluna|[spread] p1a,p1b
|-damage|p1a: Ursaluna|0 fnt
|-damage|p1b: Whimsicott|0 fnt
|faint|p1a: Ursaluna
|faint|p1b: Whimsicott
|
|win|SRareFox
|raw|KingCaneking's rating: 1182 → 1166(-16 for losing)
|raw|SRareFox's rating: 1309 → 1322(+13 for winning)
