|j|☆ale_z_plumber
|j|☆f0rte99
|html|ale_z_plumberf0rte99    
|uhtml|bestof|Game 2 of a best-of-3
|t:|1784306662
|gametype|doubles
|player|p1|ale_z_plumber|lucas-gen4pt|1113
|player|p2|f0rte99|lance|1152
|gen|9
|tier|[Gen 9 Champions] VGC 2026 Reg M-B (Bo3)
|rated|
|rule|Species Clause: Limit one of each Pokémon
|rule|Item Clause: Limit 1 of each item
|clearpoke
|poke|p1|Blaziken, L50, M|
|poke|p1|Aerodactyl, L50, M|
|poke|p1|Kingambit, L50, F|
|poke|p1|Basculegion, L50, M|
|poke|p1|Sylveon, L50, M|
|poke|p1|Torkoal, L50, F|
|poke|p2|Metagross, L50, shiny|
|poke|p2|Sneasler, L50, M|
|poke|p2|Garchomp, L50, F|
|poke|p2|Pelipper, L50, F|
|poke|p2|Swampert, L50, F|
|poke|p2|Sylveon, L50, F|
|teampreview|4
|showteam|p1|Blaziken||Blazikenite|SpeedBoost|FlareBlitz,CloseCombat,RockSlide,Protect|Adamant||M|||50|]Aerodactyl||Aerodactylite|Unnerve|RockSlide,DualWingbeat,IceFang,Tailwind|Jolly||M|||50|]Kingambit||LifeOrb|Defiant|KowtowCleave,IronHead,SuckerPunch,Protect|Adamant||F|||50|]Basculegion||FocusSash|Adaptability|LastRespects,Liquidation,AquaJet,Protect|Adamant||M|||50|]Sylveon||FairyFeather|Pixilate|HyperVoice,Moonblast,QuickAttack,Protect|Modest||M|||50|]Torkoal||Leftovers|Drought|WeatherBall,BurningJealousy,Yawn,Protect|Relaxed||F|||50|
|showteam|p2|Metagross||Metagrossite|ClearBody|MeteorMash,BulletPunch,PsychicFangs,Protect|Adamant|||||50|]Sneasler||WhiteHerb|Unburden|CloseCombat,FakeOut,DireClaw,Taunt|Jolly||M|||50|]Garchomp||LifeOrb|RoughSkin|Earthquake,DragonClaw,RockSlide,Protect|Jolly||F|||50|]Pelipper||SitrusBerry|Drizzle|Hurricane,WeatherBall,Tailwind,WideGuard|Timid||F|||50|]Swampert||Swampertite|Torrent|Liquidation,Earthquake,IcePunch,Protect|Adamant||F|||50|]Sylveon||FairyFeather|Pixilate|HyperVoice,QuickAttack,HyperBeam,Detect|Modest||F|||50|
|inactive|Battle timer is ON: inactive players will automatically lose when time's up. (requested by f0rte99)
|inactive|ale_z_plumber has 60 seconds left.
|inactive|f0rte99 has 60 seconds left.
|
|t:|1784306720
|teamsize|p1|4
|teamsize|p2|4
|start
|switch|p1a: Aerodactyl|Aerodactyl, L50, M|100/100
|switch|p1b: Sylveon|Sylveon, L50, M|100/100
|switch|p2a: Pelipper|Pelipper, L50, F|100/100
|switch|p2b: Garchomp|Garchomp, L50, F|100/100
|-ability|p1a: Aerodactyl|Unnerve
|-weather|RainDance|[from] ability: Drizzle|[of] p2a: Pelipper
|turn|1
|inactive|ale_z_plumber has 30 seconds left.
|
|t:|1784306752
|move|p2b: Garchomp|Protect|p2b: Garchomp
|-singleturn|p2b: Garchomp|Protect
|move|p1a: Aerodactyl|Tailwind|p1a: Aerodactyl
|-sidestart|p1: ale_z_plumber|move: Tailwind
|move|p1b: Sylveon|Hyper Voice|p2b: Garchomp|[spread] p2a
|-activate|p2b: Garchomp|move: Protect
|-crit|p2a: Pelipper
|-damage|p2a: Pelipper|0 fnt
|faint|p2a: Pelipper
|
|-weather|RainDance|[upkeep]
|upkeep
|
|t:|1784306773
|switch|p2a: Swampert|Swampert, L50, F|100/100
|turn|2
|inactive|f0rte99 has 30 seconds left.
|
|t:|1784306799
|switch|p2b: Sylveon|Sylveon, L50, F|100/100
|detailschange|p2a: Swampert|Swampert-Mega, L50, F
|-mega|p2a: Swampert|Swampert|Swampertite
|move|p1b: Sylveon|Protect|p1b: Sylveon
|-singleturn|p1b: Sylveon|Protect
|move|p1a: Aerodactyl|Ice Fang|p2b: Sylveon
|-damage|p2b: Sylveon|80/100
|move|p2a: Swampert|Liquidation|p1b: Sylveon
|-activate|p1b: Sylveon|move: Protect
|
|-weather|RainDance|[upkeep]
|upkeep
|turn|3
|inactive|ale_z_plumber has 30 seconds left.
|inactive|f0rte99 has 30 seconds left.
|
|t:|1784306833
|switch|p1a: Torkoal|Torkoal, L50, F|100/100
|-weather|SunnyDay|[from] ability: Drought|[of] p1a: Torkoal
|move|p2b: Sylveon|Detect|p2b: Sylveon
|-singleturn|p2b: Sylveon|Protect
|move|p1b: Sylveon|Hyper Voice|p2b: Sylveon|[spread] p2a
|-activate|p2b: Sylveon|move: Protect
|-damage|p2a: Swampert|57/100
|move|p2a: Swampert|Liquidation|p1a: Torkoal
|-supereffective|p1a: Torkoal|1
|-damage|p1a: Torkoal|62/100
|
|-weather|SunnyDay|[upkeep]
|-heal|p1a: Torkoal|68/100|[from] item: Leftovers
|upkeep
|turn|4
|inactive|f0rte99 has 30 seconds left.
|
|t:|1784306863
|move|p2a: Swampert|Protect|p2a: Swampert
|-singleturn|p2a: Swampert|Protect
|move|p1b: Sylveon|Hyper Voice|p2b: Sylveon|[spread] p2b
|-activate|p2a: Swampert|move: Protect
|-damage|p2b: Sylveon|43/100
|move|p2b: Sylveon|Hyper Voice|p1a: Torkoal|[spread] p1a,p1b
|-resisted|p1a: Torkoal|1
|-damage|p1a: Torkoal|41/100
|-damage|p1b: Sylveon|60/100
|move|p1a: Torkoal|Weather Ball|p2b: Sylveon
|-damage|p2b: Sylveon|1/100
|
|-weather|SunnyDay|[upkeep]
|-heal|p1a: Torkoal|47/100|[from] item: Leftovers
|-sideend|p1: ale_z_plumber|move: Tailwind
|upkeep
|turn|5
|
|t:|1784306886
|move|p2b: Sylveon|Detect|p2b: Sylveon
|-singleturn|p2b: Sylveon|Protect
|move|p1b: Sylveon|Quick Attack|p2b: Sylveon
|-activate|p2b: Sylveon|move: Protect
|move|p2a: Swampert|Earthquake|p1b: Sylveon|[spread] p1a,p1b
|-activate|p2b: Sylveon|move: Protect
|-supereffective|p1a: Torkoal|1
|-crit|p1b: Sylveon
|-damage|p1a: Torkoal|0 fnt
|-damage|p1b: Sylveon|0 fnt
|faint|p1a: Torkoal
|faint|p1b: Sylveon
|
|-weather|SunnyDay|[upkeep]
|upkeep
|
|t:|1784306898
|switch|p1b: Blaziken|Blaziken, L50, M|100/100
|switch|p1a: Aerodactyl|Aerodactyl, L50, M|100/100
|-ability|p1a: Aerodactyl|Unnerve
|turn|6
|
|t:|1784306922
|detailschange|p1b: Blaziken|Blaziken-Mega, L50, M
|-mega|p1b: Blaziken|Blaziken|Blazikenite
|move|p1a: Aerodactyl|Rock Slide|p2b: Sylveon|[spread] p2a
|-miss|p1a: Aerodactyl|p2b: Sylveon
|-resisted|p2a: Swampert|1
|-damage|p2a: Swampert|46/100
|move|p1b: Blaziken|Flare Blitz|p2a: Swampert
|-resisted|p2a: Swampert|1
|-damage|p2a: Swampert|0 fnt
|faint|p2a: Swampert
|-damage|p1b: Blaziken|82/100|[from] Recoil
|move|p2b: Sylveon|Hyper Beam|p1a: Aerodactyl
|-damage|p1a: Aerodactyl|0 fnt
|-mustrecharge|p2b: Sylveon
|faint|p1a: Aerodactyl
|
|-weather|SunnyDay|[upkeep]
|-ability|p1b: Blaziken|Speed Boost|boost
|-boost|p1b: Blaziken|spe|1
|upkeep
|
|t:|1784306937
|switch|p2a: Garchomp|Garchomp, L50, F|100/100
|turn|7
|inactive|ale_z_plumber has 30 seconds left.
|
|t:|1784306969
|move|p1b: Blaziken|Rock Slide|p2a: Garchomp|[spread] p2b
|-miss|p1b: Blaziken|p2a: Garchomp
|-damage|p2b: Sylveon|0 fnt
|faint|p2b: Sylveon
|move|p2a: Garchomp|Earthquake|p1b: Blaziken
|-supereffective|p1b: Blaziken|1
|-damage|p1b: Blaziken|0 fnt
|faint|p1b: Blaziken
|-damage|p2a: Garchomp|90/100|[from] item: Life Orb
|
|win|f0rte99
||ale_z_plumber is ready for game 3.
|inactive|f0rte99 has 30 seconds to confirm battle start!
|inactive|f0rte99 has 20 seconds to confirm battle start!
||f0rte99 is ready for game 3.
|uhtml|next|Next: Game 3 of 3
|l|☆f0rte99
|player|p2|
