|j|☆Acris
|j|☆grapejuiceplaysyt
|html|Acrisgrapejuiceplaysyt    
|uhtml|bestof|Game 1 of a best-of-3
|t:|1756709876
|gametype|doubles
|player|p1|Acris|169|1197
|player|p2|grapejuiceplaysyt|roughneck-gen4|1091
|gen|9
|tier|[Gen 9] VGC 2025 Reg H (Bo3)
|rated|
|rule|Species Clause: Limit one of each Pokémon
|rule|Item Clause: Limit 1 of each item
|clearpoke
|poke|p1|Maushold, L50|
|poke|p1|Annihilape, L50, F|
|poke|p1|Grimmsnarl, L50, M|
|poke|p1|Gholdengo, L50|
|poke|p1|Dragonite, L50, F|
|poke|p1|Garchomp, L50, M|
|poke|p2|Charizard, L50, M|
|poke|p2|Torkoal, L50, F|
|poke|p2|Porygon2, L50|
|poke|p2|Incineroar, L50, F|
|poke|p2|Jumpluff, L50, F|
|poke|p2|Ursaluna, L50, F|
|teampreview|4
|showteam|p1|Maushold||WideLens|FriendGuard|PopulationBomb,BeatUp,Protect,FollowMe||||||50|,,,,,Ghost]Annihilape||SafetyGoggles|Defiant|RageFist,DrainPunch,Protect,BulkUp|||F|||50|,,,,,Fire]Grimmsnarl||LightClay|Prankster|ThunderWave,LightScreen,SpiritBreak,Reflect|||M|||50|,,,,,Ghost]Gholdengo||Leftovers|GoodasGold|MakeItRain,ShadowBall,Protect,NastyPlot||||||50|,,,,,Water]Dragonite||LoadedDice|Multiscale|ScaleShot,Tailwind,Protect,Haze|||F|||50|,,,,,Fairy]Garchomp||LifeOrb|RoughSkin|StompingTantrum,Earthquake,Protect,DragonClaw|||M|||50|,,,,,Ground
|showteam|p2|Charizard||ChoiceSpecs|SolarPower|HeatWave,Overheat,WeatherBall,AirSlash|||M|||50|,,,,,Ghost]Torkoal||EjectPack|Drought|Eruption,Overheat,HelpingHand,Protect|||F|||50|,,,,,Fire]Porygon2||Eviolite|Download|TeraBlast,IceBeam,Recover,TrickRoom||||||50|,,,,,Fighting]Incineroar||SitrusBerry|Intimidate|FlareBlitz,KnockOff,FakeOut,PartingShot|||F|||50|,,,,,Ghost]Jumpluff||CovertCloak|Chlorophyll|SleepPowder,SunnyDay,RagePowder,Tailwind|||F|||50|,,,,,Water]Ursaluna||FlameOrb|Guts|HeadlongRush,Facade,Earthquake,Protect|||F|||50|,,,,,Ghost
|inactive|Battle timer is ON: inactive players will automatically lose when time's up. (requested by Acris)
|inactive|grapejuiceplaysyt has 60 seconds left.
|inactive|Acris has 30 seconds left.
|inactive|grapejuiceplaysyt has 30 seconds left.
|inactive|grapejuiceplaysyt has 20 seconds left.
|inactive|grapejuiceplaysyt has 15 seconds left.
|inactive|grapejuiceplaysyt has 10 seconds left.
|
|t:|1756709977
|teamsize|p1|4
|teamsize|p2|4
|start
|switch|p1a: Annihilape|Annihilape, L50, F|100/100
|switch|p1b: Grimmsnarl|Grimmsnarl, L50, M|100/100
|switch|p2a: Porygon2|Porygon2, L50|100/100
|switch|p2b: Charizard|Charizard, L50, M|100/100
|-ability|p2a: Porygon2|Download|boost
|-boost|p2a: Porygon2|atk|1
|turn|1
|
|t:|1756709988
|-terastallize|p1a: Annihilape|Fire
|move|p1b: Grimmsnarl|Light Screen|p1b: Grimmsnarl
|-sidestart|p1: Acris|move: Light Screen
|move|p2b: Charizard|Air Slash|p1a: Annihilape
|-damage|p1a: Annihilape|71/100
|move|p1a: Annihilape|Bulk Up|p1a: Annihilape
|-boost|p1a: Annihilape|atk|1
|-boost|p1a: Annihilape|def|1
|move|p2a: Porygon2|Trick Room|p2a: Porygon2
|-fieldstart|move: Trick Room|[of] p2a: Porygon2
|
|upkeep
|turn|2
|inactive|Acris has 30 seconds left.
|
|t:|1756710016
|move|p1b: Grimmsnarl|Spirit Break|p2b: Charizard
|-resisted|p2b: Charizard
|-damage|p2b: Charizard|81/100
|-unboost|p2b: Charizard|spa|1
|move|p2a: Porygon2|Tera Blast|p1a: Annihilape
|-damage|p1a: Annihilape|47/100
|move|p1a: Annihilape|Rage Fist|p2b: Charizard
|-damage|p2b: Charizard|0 fnt
|faint|p2b: Charizard
|
|upkeep
|
|t:|1756710028
|switch|p2b: Ursaluna|Ursaluna, L50, F|100/100
|turn|3
|
|t:|1756710051
|-terastallize|p2a: Porygon2|Fighting
|move|p2b: Ursaluna|Protect|p2b: Ursaluna
|-singleturn|p2b: Ursaluna|Protect
|move|p1b: Grimmsnarl|Spirit Break|p2a: Porygon2
|-supereffective|p2a: Porygon2
|-damage|p2a: Porygon2|60/100
|-unboost|p2a: Porygon2|spa|1
|move|p2a: Porygon2|Tera Blast|p1a: Annihilape|[anim] Tera Blast Fighting
|-damage|p1a: Annihilape|27/100
|move|p1a: Annihilape|Drain Punch|p2a: Porygon2
|-damage|p2a: Porygon2|32/100
|-heal|p1a: Annihilape|39/100|[from] drain|[of] p2a: Porygon2
|
|-status|p2b: Ursaluna|brn|[from] item: Flame Orb
|upkeep
|turn|4
|
|t:|1756710072
|move|p1a: Annihilape|Protect|p1a: Annihilape
|-singleturn|p1a: Annihilape|Protect
|move|p1b: Grimmsnarl|Spirit Break|p2a: Porygon2
|-supereffective|p2a: Porygon2
|-damage|p2a: Porygon2|0 fnt
|faint|p2a: Porygon2
|move|p2b: Ursaluna|Headlong Rush|p1a: Annihilape
|-activate|p1a: Annihilape|move: Protect
|
|-damage|p2b: Ursaluna|95/100 brn|[from] brn
|upkeep
|
|t:|1756710074
|switch|p2a: Incineroar|Incineroar, L50, F|100/100
|-ability|p2a: Incineroar|Intimidate|boost
|-unboost|p1a: Annihilape|atk|1
|-ability|p1a: Annihilape|Defiant|boost
|-boost|p1a: Annihilape|atk|2
|-unboost|p1b: Grimmsnarl|atk|1
|turn|5
|
|t:|1756710091
|switch|p1a: Dragonite|Dragonite, L50, F|100/100
|move|p2a: Incineroar|Fake Out|p1b: Grimmsnarl
|-damage|p1b: Grimmsnarl|87/100
|cant|p1b: Grimmsnarl|flinch
|move|p2b: Ursaluna|Facade|p1a: Dragonite
|-damage|p1a: Dragonite|30/100
|
|-damage|p2b: Ursaluna|89/100 brn|[from] brn
|-fieldend|move: Trick Room
|upkeep
|turn|6
|
|t:|1756710105
|move|p1b: Grimmsnarl|Reflect|p1b: Grimmsnarl
|-sidestart|p1: Acris|Reflect
|move|p1a: Dragonite|Scale Shot|p2b: Ursaluna
|-damage|p2b: Ursaluna|78/100 brn
|-damage|p2b: Ursaluna|66/100 brn
|-damage|p2b: Ursaluna|56/100 brn
|-damage|p2b: Ursaluna|44/100 brn
|-hitcount|p2b: Ursaluna|4
|-unboost|p1a: Dragonite|def|1
|-boost|p1a: Dragonite|spe|1
|move|p2a: Incineroar|Knock Off|p1a: Dragonite
|-damage|p1a: Dragonite|0 fnt
|-enditem|p1a: Dragonite|Loaded Dice|[from] move: Knock Off|[of] p2a: Incineroar
|faint|p1a: Dragonite
|move|p2b: Ursaluna|Facade|p1b: Grimmsnarl
|-damage|p1b: Grimmsnarl|1/100
|
|-damage|p2b: Ursaluna|38/100 brn|[from] brn
|upkeep
|inactive|Acris has 30 seconds left.
|
|t:|1756710135
|switch|p1a: Maushold|Maushold, L50|100/100
|turn|7
|
|t:|1756710157
|move|p1a: Maushold|Protect|p1a: Maushold
|-singleturn|p1a: Maushold|Protect
|move|p2b: Ursaluna|Protect|p2b: Ursaluna
|-singleturn|p2b: Ursaluna|Protect
|move|p1b: Grimmsnarl|Reflect||[still]
|-fail|p1b: Grimmsnarl
|move|p2a: Incineroar|Knock Off|p1b: Grimmsnarl
|-resisted|p1b: Grimmsnarl
|-damage|p1b: Grimmsnarl|0 fnt
|-enditem|p1b: Grimmsnarl|Light Clay|[from] move: Knock Off|[of] p2a: Incineroar
|faint|p1b: Grimmsnarl
|
|-damage|p2b: Ursaluna|32/100 brn|[from] brn
|upkeep
|
|t:|1756710162
|switch|p1b: Annihilape|Annihilape, L50, F, tera:Fire|39/100
|turn|8
|
|t:|1756710172
|move|p1a: Maushold|Population Bomb|p2b: Ursaluna
|-crit|p2b: Ursaluna
|-damage|p2b: Ursaluna|22/100 brn
|-damage|p2b: Ursaluna|16/100 brn
|-damage|p2b: Ursaluna|9/100 brn
|-damage|p2b: Ursaluna|4/100 brn
|-damage|p2b: Ursaluna|0 fnt
|faint|p2b: Ursaluna
|-hitcount|p2: Ursaluna|5
|move|p1b: Annihilape|Rage Fist|p2a: Incineroar
|-resisted|p2a: Incineroar
|-damage|p2a: Incineroar|65/100
|move|p2a: Incineroar|Knock Off|p1a: Maushold
|-damage|p1a: Maushold|52/100
|-enditem|p1a: Maushold|Wide Lens|[from] move: Knock Off|[of] p2a: Incineroar
|
|-sideend|p1: Acris|move: Light Screen
|upkeep
|turn|9
|
|t:|1756710181
|move|p1a: Maushold|Population Bomb|p2a: Incineroar
|-damage|p2a: Incineroar|58/100
|-damage|p2a: Incineroar|50/100
|-enditem|p2a: Incineroar|Sitrus Berry|[eat]
|-heal|p2a: Incineroar|75/100|[from] item: Sitrus Berry
|-damage|p2a: Incineroar|67/100
|-damage|p2a: Incineroar|59/100
|-damage|p2a: Incineroar|51/100
|-hitcount|p2a: Incineroar|5
|move|p1b: Annihilape|Drain Punch|p2a: Incineroar
|-supereffective|p2a: Incineroar
|-damage|p2a: Incineroar|0 fnt
|-heal|p1b: Annihilape|63/100|[from] drain|[of] p2a: Incineroar
|faint|p2a: Incineroar
|
|win|Acris
||grapejuiceplaysyt is ready for game 2.
||Acris is ready for game 2.
|uhtml|next|Next: Game 2 of 3
|l|☆Acris
|player|p1|
