|j|☆breloomb01
|j|☆Paywall vgc
|html|breloomb01Paywall vgc    
|uhtml|bestof|Game 1 of a best-of-3
|t:|1785941054
|gametype|doubles
|player|p1|breloomb01|roughneck|1328
|player|p2|Paywall vgc|lucas|1495
|gen|9
|tier|[Gen 9 Champions] VGC 2026 Reg M-B (Bo3)
|rated|
|rule|Species Clause: Limit one of each Pokémon
|rule|Item Clause: Limit 1 of each item
|clearpoke
|poke|p1|Floette-Eternal, L50, F|
|poke|p1|Incineroar, L50, F|
|poke|p1|Sinistcha, L50|
|poke|p1|Garchomp, L50, M|
|poke|p1|Sneasler, L50, F|
|poke|p1|Rotom-Wash, L50|
|poke|p2|Charizard, L50, M|
|poke|p2|Garchomp, L50, F|
|poke|p2|Whimsicott, L50, F|
|poke|p2|Basculegion, L50, M|
|poke|p2|Kingambit, L50, M|
|poke|p2|Floette-Eternal, L50, F|
|teampreview|4
|showteam|p1|Floette-Eternal||Floettite|FlowerVeil|DrainingKiss,DazzlingGleam,CalmMind,Protect|Modest||F|||50|]Incineroar||SitrusBerry|Intimidate|FakeOut,FlareBlitz,ThroatChop,PartingShot|Careful||F|||50|]Sinistcha||KasibBerry|Hospitality|Protect,RagePowder,MatchaGotcha,TrickRoom|Calm|||||50|]Garchomp||LifeOrb|RoughSkin|Earthquake,DragonClaw,RockSlide,Protect|Jolly||M|||50|]Sneasler||WhiteHerb|Unburden|FakeOut,DireClaw,CloseCombat,Protect|Jolly||F|||50|]Rotom-Wash||Leftovers|Levitate|HydroPump,Protect,WillOWisp,Electroweb|Bold|||||50|
|showteam|p2|Charizard||CharizarditeY|SolarPower|HeatWave,AncientPower,WeatherBall,Protect|Modest||M|||50|]Garchomp||LifeOrb|RoughSkin|DragonClaw,Earthquake,RockSlide,Protect|Jolly||F|||50|]Whimsicott||FocusSash|Prankster|Moonblast,Tailwind,Encore,Protect|Timid||F|||50|]Basculegion||MysticWater|Adaptability|WaveCrash,AquaJet,Protect,LastRespects|Adamant||M|||50|]Kingambit||ChopleBerry|Defiant|KowtowCleave,SuckerPunch,IronHead,LowKick|Adamant||M|||50|]Floette-Eternal||Floettite|FlowerVeil|Moonblast,DazzlingGleam,LightofRuin,Protect|Timid||F|||50|
|inactive|Battle timer is ON: inactive players will automatically lose when time's up. (requested by Paywall vgc)
|inactive|breloomb01 has 60 seconds left.
|
|t:|1785941104
|teamsize|p1|4
|teamsize|p2|4
|start
|switch|p1a: Incineroar|Incineroar, L50, F|100/100
|switch|p1b: Floette|Floette-Eternal, L50, F|100/100
|switch|p2a: Whimsicott|Whimsicott, L50, F|100/100
|switch|p2b: Basculegion|Basculegion, L50, M|100/100
|-ability|p1a: Incineroar|Intimidate|boost
|-unboost|p2a: Whimsicott|atk|1
|-unboost|p2b: Basculegion|atk|1
|turn|1
|
|t:|1785941114
|detailschange|p1b: Floette|Floette-Mega, L50, F
|-mega|p1b: Floette|Floette|Floettite
|-ability|p1b: Floette|Fairy Aura
|move|p2a: Whimsicott|Moonblast|p1a: Incineroar
|-damage|p1a: Incineroar|65/100
|move|p1b: Floette|Calm Mind|p1b: Floette
|-boost|p1b: Floette|spa|1
|-boost|p1b: Floette|spd|1
|move|p2b: Basculegion|Wave Crash|p1a: Incineroar
|-supereffective|p1a: Incineroar|1
|-damage|p1a: Incineroar|0 fnt
|faint|p1a: Incineroar
|-damage|p2b: Basculegion|77/100|[from] Recoil
|
|upkeep
|
|t:|1785941121
|switch|p1a: Sneasler|Sneasler, L50, F|100/100
|turn|2
|
|t:|1785941126
|move|p2a: Whimsicott|Protect|p2a: Whimsicott
|-singleturn|p2a: Whimsicott|Protect
|move|p1a: Sneasler|Fake Out|p2a: Whimsicott
|-activate|p2a: Whimsicott|move: Protect
|move|p1b: Floette|Dazzling Gleam|p2b: Basculegion|[spread] p2b
|-activate|p2a: Whimsicott|move: Protect
|-damage|p2b: Basculegion|0 fnt
|faint|p2b: Basculegion
|
|upkeep
|
|t:|1785941133
|switch|p2b: Kingambit|Kingambit, L50, M|100/100
|turn|3
|
|t:|1785941145
|move|p2a: Whimsicott|Encore|p1a: Sneasler
|-start|p1a: Sneasler|Encore
|move|p1a: Sneasler|Fake Out||[still]
|-hint|Fake Out only works on your first turn out.
|-fail|p1a: Sneasler
|move|p1b: Floette|Dazzling Gleam|p2a: Whimsicott|[spread] p2a,p2b
|-enditem|p2a: Whimsicott|Focus Sash
|-damage|p2a: Whimsicott|1/100
|-damage|p2b: Kingambit|33/100
|move|p2b: Kingambit|Iron Head|p1b: Floette
|-supereffective|p1b: Floette|1
|-damage|p1b: Floette|10/100
|
|upkeep
|turn|4
|
|t:|1785941160
|switch|p1a: Rotom|Rotom-Wash, L50|100/100
|move|p2b: Kingambit|Sucker Punch|p1b: Floette
|-resisted|p1b: Floette|1
|-crit|p1b: Floette
|-damage|p1b: Floette|0 fnt
|faint|p1b: Floette
|move|p2a: Whimsicott|Moonblast|p1a: Rotom
|-damage|p1a: Rotom|62/100
|-unboost|p1a: Rotom|spa|1
|
|-heal|p1a: Rotom|68/100|[from] item: Leftovers
|upkeep
|
|t:|1785941161
|switch|p1b: Sneasler|Sneasler, L50, F|100/100
|turn|5
|
|t:|1785941172
|move|p2a: Whimsicott|Protect|p2a: Whimsicott
|-singleturn|p2a: Whimsicott|Protect
|move|p1b: Sneasler|Dire Claw|p2a: Whimsicott
|-activate|p2a: Whimsicott|move: Protect
|move|p1a: Rotom|Will-O-Wisp|p2b: Kingambit
|-status|p2b: Kingambit|brn
|move|p2b: Kingambit|Iron Head|p1b: Sneasler
|-damage|p1b: Sneasler|59/100
|
|-heal|p1a: Rotom|74/100|[from] item: Leftovers
|-damage|p2b: Kingambit|27/100 brn|[from] brn
|upkeep
|turn|6
|
|t:|1785941190
|move|p2a: Whimsicott|Tailwind|p2a: Whimsicott
|-sidestart|p2: Paywall vgc|move: Tailwind
|move|p1b: Sneasler|Close Combat|p2b: Kingambit
|-supereffective|p2b: Kingambit|2
|-enditem|p2b: Kingambit|Chople Berry|[eat]
|-enditem|p2b: Kingambit|Chople Berry|[weaken]
|-damage|p2b: Kingambit|0 fnt
|-unboost|p1b: Sneasler|def|1
|-unboost|p1b: Sneasler|spd|1
|faint|p2b: Kingambit
|-enditem|p1b: Sneasler|White Herb
|-clearnegativeboost|p1b: Sneasler|[silent]
|move|p1a: Rotom|Will-O-Wisp|p2a: Whimsicott
|-status|p2a: Whimsicott|brn
|
|-heal|p1a: Rotom|80/100|[from] item: Leftovers
|-damage|p2a: Whimsicott|0 fnt|[from] brn
|faint|p2a: Whimsicott
|upkeep
|
|t:|1785941192
|switch|p2b: Floette|Floette-Eternal, L50, F|100/100
|turn|7
|-message|Paywall vgc forfeited.
|
|win|breloomb01
|l|☆Paywall vgc
|player|p2|
||Paywall vgc is ready for game 2.
