|j|☆monsoonisbest
|j|☆DrJargo
|html|monsoonisbestDrJargo    
|uhtml|bestof|Game 1 of a best-of-3
|t:|1783981291
|gametype|doubles
|player|p1|monsoonisbest|102|1209
|player|p2|DrJargo|1|1179
|gen|9
|tier|[Gen 9 Champions] VGC 2026 Reg M-B (Bo3)
|rated|
|rule|Species Clause: Limit one of each Pokémon
|rule|Item Clause: Limit 1 of each item
|clearpoke
|poke|p1|Gengar, L50, M|
|poke|p1|Incineroar, L50, M|
|poke|p1|Politoed, L50, F, shiny|
|poke|p1|Archaludon, L50, F|
|poke|p1|Vivillon, L50, F|
|poke|p1|Swampert, L50, M|
|poke|p2|Raichu, L50, F|
|poke|p2|Ninetales-Alola, L50, M|
|poke|p2|Incineroar, L50, F|
|poke|p2|Sinistcha, L50|
|poke|p2|Gyarados, L50, F|
|poke|p2|Sneasler, L50, M|
|teampreview|4
|showteam|p1|Gengar||Gengarite|CursedBody|ShadowBall,SludgeBomb,PerishSong,Protect|Timid||M|||50|]Incineroar||PasshoBerry|Intimidate|PartingShot,DarkestLariat,Protect,FakeOut|Sassy||M|||50|]Politoed||SitrusBerry|Drizzle|WeatherBall,PerishSong,Encore,Protect|Calm||F|||50|]Archaludon||Leftovers|Stamina|DragonPulse,FlashCannon,ElectroShot,Protect|Bold||F|||50|]Vivillon||FocusSash|CompoundEyes|Hurricane,SleepPowder,RagePowder,Protect|Timid||F|||50|]Swampert||Swampertite|Torrent|WaveCrash,IcePunch,Earthquake,Protect|Adamant||M|||50|
|showteam|p2|Raichu||RaichuniteY|LightningRod|ZapCannon,FakeOut,FocusBlast,Protect|Timid||F|||50|]Ninetales-Alola||NeverMeltIce|SnowWarning|Blizzard,FreezeDry,AuroraVeil,Protect|Timid||M|||50|]Incineroar||SitrusBerry|Intimidate|FakeOut,PartingShot,FlareBlitz,ThroatChop|Careful||F|||50|]Sinistcha||KasibBerry|Hospitality|RagePowder,MatchaGotcha,Protect,LifeDew|Calm|||||50|]Gyarados||Gyaradosite|Intimidate|Waterfall,Crunch,Protect,DragonDance|Adamant||F|||50|]Sneasler||WhiteHerb|Unburden|DireClaw,CloseCombat,FakeOut,Protect|Adamant||M|||50|
|
|t:|1783981326
|teamsize|p1|4
|teamsize|p2|4
|start
|switch|p1a: Vivillon|Vivillon, L50, F|100/100
|switch|p1b: Swampert|Swampert, L50, M|100/100
|switch|p2a: Ninetales|Ninetales-Alola, L50, M|100/100
|switch|p2b: Incineroar|Incineroar, L50, F|100/100
|-weather|Snowscape|[from] ability: Snow Warning|[of] p2a: Ninetales
|-ability|p2b: Incineroar|Intimidate|boost
|-unboost|p1a: Vivillon|atk|1
|-unboost|p1b: Swampert|atk|1
|turn|1
|
|t:|1783981342
|switch|p1b: Archaludon|Archaludon, L50, F|100/100
|move|p1a: Vivillon|Protect|p1a: Vivillon
|-singleturn|p1a: Vivillon|Protect
|move|p2b: Incineroar|Fake Out|p1a: Vivillon
|-activate|p1a: Vivillon|move: Protect
|move|p2a: Ninetales|Freeze-Dry|p1b: Archaludon
|-damage|p1b: Archaludon|68/100
|-ability|p1b: Archaludon|Stamina|boost
|-boost|p1b: Archaludon|def|1
|
|-weather|Snowscape|[upkeep]
|-heal|p1b: Archaludon|74/100|[from] item: Leftovers
|upkeep
|turn|2
|
|t:|1783981355
|move|p2a: Ninetales|Protect|p2a: Ninetales
|-singleturn|p2a: Ninetales|Protect
|move|p1a: Vivillon|Sleep Powder|p2b: Incineroar
|-status|p2b: Incineroar|slp|[from] move: Sleep Powder
|move|p1b: Archaludon|Flash Cannon|p2a: Ninetales
|-activate|p2a: Ninetales|move: Protect
|cant|p2b: Incineroar|slp
|
|-weather|Snowscape|[upkeep]
|-heal|p1b: Archaludon|80/100|[from] item: Leftovers
|upkeep
|turn|3
|
|t:|1783981370
|switch|p2a: Sinistcha|Sinistcha, L50|100/100
|move|p1a: Vivillon|Hurricane|p2b: Incineroar
|-damage|p2b: Incineroar|65/100 slp
|move|p1b: Archaludon|Flash Cannon|p2a: Sinistcha
|-damage|p2a: Sinistcha|70/100
|-curestatus|p2b: Incineroar|slp|[msg]
|move|p2b: Incineroar|Flare Blitz|p1a: Vivillon
|-supereffective|p1a: Vivillon|1
|-enditem|p1a: Vivillon|Focus Sash
|-damage|p1a: Vivillon|1/100
|-status|p1a: Vivillon|brn
|-damage|p2b: Incineroar|39/100|[from] Recoil
|-enditem|p2b: Incineroar|Sitrus Berry|[eat]
|-heal|p2b: Incineroar|64/100|[from] item: Sitrus Berry
|
|-weather|Snowscape|[upkeep]
|-heal|p1b: Archaludon|86/100|[from] item: Leftovers
|-damage|p1a: Vivillon|0 fnt|[from] brn
|faint|p1a: Vivillon
|upkeep
|
|t:|1783981381
|switch|p1a: Politoed|Politoed, L50, F, shiny|100/100
|-weather|RainDance|[from] ability: Drizzle|[of] p1a: Politoed
|turn|4
|
|t:|1783981404
|move|p2a: Sinistcha|Protect|p2a: Sinistcha
|-singleturn|p2a: Sinistcha|Protect
|move|p1b: Archaludon|Flash Cannon|p2a: Sinistcha
|-activate|p2a: Sinistcha|move: Protect
|move|p1a: Politoed|Weather Ball|p2b: Incineroar
|-supereffective|p2b: Incineroar|1
|-damage|p2b: Incineroar|0 fnt
|faint|p2b: Incineroar
|
|-weather|RainDance|[upkeep]
|-heal|p1b: Archaludon|92/100|[from] item: Leftovers
|upkeep
|
|t:|1783981413
|switch|p2b: Ninetales|Ninetales-Alola, L50, M|100/100
|-weather|Snowscape|[from] ability: Snow Warning|[of] p2b: Ninetales
|turn|5
|
|t:|1783981424
|move|p2a: Sinistcha|Rage Powder|p2a: Sinistcha
|-singleturn|p2a: Sinistcha|move: Rage Powder
|move|p2b: Ninetales|Freeze-Dry|p1a: Politoed
|-supereffective|p1a: Politoed|1
|-damage|p1a: Politoed|48/100
|-enditem|p1a: Politoed|Sitrus Berry|[eat]
|-heal|p1a: Politoed|73/100|[from] item: Sitrus Berry
|move|p1b: Archaludon|Flash Cannon|p2a: Sinistcha
|-damage|p2a: Sinistcha|39/100
|move|p1a: Politoed|Weather Ball|p2a: Sinistcha
|-supereffective|p2a: Sinistcha|1
|-damage|p2a: Sinistcha|3/100
|
|-weather|Snowscape|[upkeep]
|-heal|p1b: Archaludon|98/100|[from] item: Leftovers
|upkeep
|turn|6
|
|t:|1783981457
|move|p2b: Ninetales|Protect|p2b: Ninetales
|-singleturn|p2b: Ninetales|Protect
|move|p1b: Archaludon|Flash Cannon|p2b: Ninetales
|-activate|p2b: Ninetales|move: Protect
|move|p1a: Politoed|Weather Ball|p2a: Sinistcha
|-supereffective|p2a: Sinistcha|1
|-damage|p2a: Sinistcha|0 fnt
|faint|p2a: Sinistcha
|
|-weather|Snowscape|[upkeep]
|-heal|p1b: Archaludon|100/100|[from] item: Leftovers
|upkeep
|
|t:|1783981463
|switch|p2a: Raichu|Raichu, L50, F|100/100
|turn|7
|
|t:|1783981485
|detailschange|p2a: Raichu|Raichu-Mega-Y, L50, F
|-mega|p2a: Raichu|Raichu|Raichunite Y
|move|p2a: Raichu|Focus Blast|p1b: Archaludon
|-supereffective|p1b: Archaludon|1
|-damage|p1b: Archaludon|25/100
|-ability|p1b: Archaludon|Stamina|boost
|-boost|p1b: Archaludon|def|1
|move|p2b: Ninetales|Freeze-Dry|p1a: Politoed
|-supereffective|p1a: Politoed|1
|-damage|p1a: Politoed|20/100y
|move|p1b: Archaludon|Flash Cannon|p2b: Ninetales
|-supereffective|p2b: Ninetales|2
|-crit|p2b: Ninetales
|-damage|p2b: Ninetales|0 fnt
|faint|p2b: Ninetales
|move|p1a: Politoed|Perish Song|p1a: Politoed
|-start|p1a: Politoed|perish3|[silent]
|-start|p1b: Archaludon|perish3|[silent]
|-start|p2a: Raichu|perish3|[silent]
|-fieldactivate|move: Perish Song
|
|-weather|Snowscape|[upkeep]
|-heal|p1b: Archaludon|31/100|[from] item: Leftovers
|-start|p2a: Raichu|perish3
|-start|p1b: Archaludon|perish3
|-start|p1a: Politoed|perish3
|upkeep
|turn|8
|-message|DrJargo forfeited.
|
|win|monsoonisbest
