|j|☆Luther018
|j|☆The_Scuba_Steve_17
|html|Luther018The_Scuba_Steve_17    
|uhtml|bestof|Game 2 of a best-of-3
|t:|1783894937
|gametype|doubles
|player|p1|Luther018|266|
|player|p2|The_Scuba_Steve_17|169|
|gen|9
|tier|[Gen 9 Champions] VGC 2026 Reg M-B (Bo3)
|rule|Species Clause: Limit one of each Pokémon
|rule|Item Clause: Limit 1 of each item
|clearpoke
|poke|p1|Tyranitar, L50, F|
|poke|p1|Garchomp, L50, M|
|poke|p1|Excadrill, L50, F|
|poke|p1|Sylveon, L50, F|
|poke|p1|Gliscor, L50, F|
|poke|p1|Annihilape, L50, F|
|poke|p2|Whimsicott, L50, M, shiny|
|poke|p2|Staraptor, L50, F, shiny|
|poke|p2|Arcanine-Hisui, L50, F, shiny|
|poke|p2|Hatterene, L50, F, shiny|
|poke|p2|Starmie, L50, shiny|
|poke|p2|Goodra-Hisui, L50, F, shiny|
|teampreview|4
|showteam|p1|Tyranitar||Tyranitarite|SandStream|RockSlide,Protect,KnockOff,IcePunch|Serious||F|||50|]Garchomp||LifeOrb|SandVeil|DragonClaw,Protect,Earthquake,PoisonJab|Serious||M|||50|]Excadrill||Excadrite|SandRush|IronHead,Protect,HighHorsepower,DrillRun|Serious||F|||50|]Sylveon||FairyFeather|Pixilate|HyperVoice,HyperBeam,Protect,SunnyDay|Calm||F|||50|]Gliscor||BrightPowder|SandVeil|Tailwind,DualWingbeat,HighHorsepower,SwordsDance|Jolly||F|||50|]Annihilape||Leftovers|Defiant|RageFist,Protect,DrainPunch,IcePunch|Adamant||F|||50|
|showteam|p2|Whimsicott||FocusSash|Prankster|Tailwind,Charm,CottonSpore,DazzlingGleam|Timid||M|||50|]Staraptor||Staraptite|Intimidate|BraveBird,CloseCombat,Roost,SteelWing|Adamant||F|||50|]Arcanine-Hisui||WideLens|Intimidate|HeadSmash,FlareBlitz,WildCharge,IronHead|Adamant||F|||50|]Hatterene||Leftovers|Healer|LifeDew,DazzlingGleam,MysticalFire,Psychic|Modest||F|||50|]Starmie||LifeOrb|Illuminate|IceBeam,Thunderbolt,DazzlingGleam,Psychic|Modest|||||50|]Goodra-Hisui||ShucaBerry|Gooey|Flamethrower,DragonPulse,IceBeam,Thunderbolt|Modest||F|||50|
|
|t:|1783894965
|teamsize|p1|4
|teamsize|p2|4
|start
|switch|p1a: Tyranitar|Tyranitar, L50, F|100/100
|switch|p1b: Garchomp|Garchomp, L50, M|100/100
|switch|p2a: Whimsicott|Whimsicott, L50, M, shiny|100/100
|switch|p2b: Staraptor|Staraptor, L50, F, shiny|100/100
|-ability|p2b: Staraptor|Intimidate|boost
|-unboost|p1a: Tyranitar|atk|1
|-unboost|p1b: Garchomp|atk|1
|-weather|Sandstorm|[from] ability: Sand Stream|[of] p1a: Tyranitar
|turn|1
|
|t:|1783894984
|detailschange|p2b: Staraptor|Staraptor-Mega, L50, F, shiny
|-mega|p2b: Staraptor|Staraptor|Staraptite
|move|p2a: Whimsicott|Tailwind|p2a: Whimsicott
|-sidestart|p2: The_Scuba_Steve_17|move: Tailwind
|move|p2b: Staraptor|Close Combat|p1b: Garchomp
|-damage|p1b: Garchomp|25/100
|-boost|p2b: Staraptor|def|1
|-boost|p2b: Staraptor|spd|1
|move|p1b: Garchomp|Poison Jab|p2a: Whimsicott
|-supereffective|p2a: Whimsicott|2
|-enditem|p2a: Whimsicott|Focus Sash
|-damage|p2a: Whimsicott|1/100
|-damage|p1b: Garchomp|15/100|[from] item: Life Orb
|move|p1a: Tyranitar|Rock Slide|p2a: Whimsicott|[spread] p2a,p2b
|-crit|p2a: Whimsicott
|-damage|p2a: Whimsicott|0 fnt
|-damage|p2b: Staraptor|87/100
|faint|p2a: Whimsicott
|
|-weather|Sandstorm|[upkeep]
|-damage|p2b: Staraptor|81/100|[from] Sandstorm
|upkeep
|
|t:|1783895004
|switch|p2a: Arcanine|Arcanine-Hisui, L50, F, shiny|100/100
|-ability|p2a: Arcanine|Intimidate|boost
|-unboost|p1a: Tyranitar|atk|1
|-unboost|p1b: Garchomp|atk|1
|turn|2
|
|t:|1783895029
|switch|p1a: Gliscor|Gliscor, L50, F|100/100
|move|p1b: Garchomp|Protect|p1b: Garchomp
|-singleturn|p1b: Garchomp|Protect
|move|p2b: Staraptor|Close Combat|p1a: Gliscor
|-resisted|p1a: Gliscor|1
|-damage|p1a: Gliscor|62/100
|-boost|p2b: Staraptor|def|1
|-boost|p2b: Staraptor|spd|1
|move|p2a: Arcanine|Flare Blitz|p1b: Garchomp
|-activate|p1b: Garchomp|move: Protect
|
|-weather|Sandstorm|[upkeep]
|-damage|p2b: Staraptor|75/100|[from] Sandstorm
|upkeep
|turn|3
|
|t:|1783895060
|switch|p1b: Excadrill|Excadrill, L50, F|100/100
|move|p2b: Staraptor|Close Combat|p1a: Gliscor
|-resisted|p1a: Gliscor|1
|-damage|p1a: Gliscor|26/100
|-boost|p2b: Staraptor|def|1
|-boost|p2b: Staraptor|spd|1
|move|p2a: Arcanine|Flare Blitz|p1b: Excadrill
|-supereffective|p1b: Excadrill|1
|-damage|p1b: Excadrill|0 fnt
|faint|p1b: Excadrill
|-damage|p2a: Arcanine|67/100|[from] Recoil
|move|p1a: Gliscor|High Horsepower|p2a: Arcanine
|-supereffective|p2a: Arcanine|2
|-damage|p2a: Arcanine|0 fnt
|faint|p2a: Arcanine
|
|-weather|Sandstorm|[upkeep]
|-damage|p2b: Staraptor|68/100|[from] Sandstorm
|upkeep
|
|t:|1783895077
|switch|p1b: Tyranitar|Tyranitar, L50, F|100/100
|switch|p2a: Hatterene|Hatterene, L50, F, shiny|100/100
|turn|4
|
|t:|1783895094
|move|p2b: Staraptor|Close Combat|p1b: Tyranitar
|-supereffective|p1b: Tyranitar|2
|-damage|p1b: Tyranitar|0 fnt
|-boost|p2b: Staraptor|def|1
|-boost|p2b: Staraptor|spd|1
|faint|p1b: Tyranitar
|move|p1a: Gliscor|High Horsepower|p2a: Hatterene
|-damage|p2a: Hatterene|57/100
|move|p2a: Hatterene|Dazzling Gleam|p1a: Gliscor|[miss]
|-miss|p2a: Hatterene|p1a: Gliscor
|
|-weather|Sandstorm|[upkeep]
|-damage|p2b: Staraptor|62/100|[from] Sandstorm
|-damage|p2a: Hatterene|51/100|[from] Sandstorm
|-heal|p2a: Hatterene|57/100|[from] item: Leftovers
|-sideend|p2: The_Scuba_Steve_17|move: Tailwind
|upkeep
|
|t:|1783895110
|switch|p1b: Garchomp|Garchomp, L50, M|15/100
|turn|5
|
|t:|1783895121
|move|p1a: Gliscor|Dual Wingbeat|p2b: Staraptor
|-supereffective|p2b: Staraptor|1
|-damage|p2b: Staraptor|50/100y
|-supereffective|p2b: Staraptor|1
|-damage|p2b: Staraptor|37/100
|-hitcount|p2b: Staraptor|2
|move|p1b: Garchomp|Poison Jab|p2b: Staraptor
|-damage|p2b: Staraptor|25/100
|-status|p2b: Staraptor|psn
|-damage|p1b: Garchomp|5/100|[from] item: Life Orb
|move|p2b: Staraptor|Close Combat|p1b: Garchomp
|-crit|p1b: Garchomp
|-damage|p1b: Garchomp|0 fnt
|-boost|p2b: Staraptor|def|1
|-boost|p2b: Staraptor|spd|1
|faint|p1b: Garchomp
|move|p2a: Hatterene|Dazzling Gleam|p1a: Gliscor
|-damage|p1a: Gliscor|0 fnt
|faint|p1a: Gliscor
|
|win|The_Scuba_Steve_17
|l|☆Luther018
|player|p1|
