|j|☆FreemanGordon
|j|☆magicalarcher57
|html|FreemanGordonmagicalarcher57    
|uhtml|bestof|Game 2 of a best-of-3
|t:|1783954776
|gametype|doubles
|player|p1|FreemanGordon|266|1131
|player|p2|magicalarcher57|diantha|1226
|gen|9
|tier|[Gen 9 Champions] VGC 2026 Reg M-B (Bo3)
|rated|
|rule|Species Clause: Limit one of each Pokémon
|rule|Item Clause: Limit 1 of each item
|clearpoke
|poke|p1|Farigiraf, L50, M|
|poke|p1|Vivillon, L50, M|
|poke|p1|Sneasler, L50, M|
|poke|p1|Kingambit, L50, M|
|poke|p1|Drampa, L50, F|
|poke|p1|Torkoal, L50, F|
|poke|p2|Basculegion, L50, M|
|poke|p2|Glimmora, L50, F|
|poke|p2|Garchomp, L50, M|
|poke|p2|Kingambit, L50, F|
|poke|p2|Whimsicott, L50, M|
|poke|p2|Staraptor, L50, F|
|teampreview|4
|showteam|p1|Farigiraf||SitrusBerry|ArmorTail|TrickRoom,HelpingHand,Thunderbolt,TwinBeam|Relaxed||M|||50|]Vivillon||FocusSash|CompoundEyes|Protect,SleepPowder,Hurricane,RagePowder|Jolly||M|||50|]Sneasler||WhiteHerb|PoisonTouch|FakeOut,CloseCombat,DireClaw,RockSlide|Brave||M|||50|]Kingambit||LifeOrb|Defiant|KowtowCleave,SuckerPunch,IronHead,LowKick|Adamant||M|||50|]Drampa||Drampanite|SapSipper|Protect,HyperVoice,DragonPulse,HeatWave|Quiet||F|||50|]Torkoal||Charcoal|Drought|Eruption,HeatWave,EarthPower,SolarBeam|Quiet||F|||50|
|showteam|p2|Basculegion||ChoiceScarf|Adaptability|AquaJet,LastRespects,WaveCrash,FlipTurn|Jolly||M|||50|]Glimmora||LifeOrb|ToxicDebris|PowerGem,EarthPower,SpikyShield,SludgeBomb|Timid||F|||50|]Garchomp||SitrusBerry|RoughSkin|DragonClaw,StompingTantrum,Protect,Earthquake|Jolly||M|||50|]Kingambit||BlackGlasses|Defiant|SuckerPunch,KowtowCleave,Protect,IronHead|Adamant||F|||50|]Whimsicott||FocusSash|Prankster|Tailwind,Moonblast,Encore,Protect|Timid||M|||50|]Staraptor||Staraptite|Intimidate|CloseCombat,BraveBird,Roost,Protect|Jolly||F|||50|
|inactive|Battle timer is ON: inactive players will automatically lose when time's up. (requested by magicalarcher57)
|inactive|FreemanGordon has 60 seconds left.
|inactive|FreemanGordon has 30 seconds left.
|
|t:|1783954840
|teamsize|p1|4
|teamsize|p2|4
|start
|switch|p1a: Farigiraf|Farigiraf, L50, M|100/100
|switch|p1b: Vivillon|Vivillon, L50, M|100/100
|switch|p2a: Glimmora|Glimmora, L50, F|100/100
|switch|p2b: Basculegion|Basculegion, L50, M|100/100
|turn|1
|inactive|FreemanGordon has 30 seconds left.
|inactive|FreemanGordon has 20 seconds left.
|inactive|FreemanGordon has 15 seconds left.
|
|t:|1783954883
|move|p2b: Basculegion|Wave Crash|p1a: Farigiraf
|-damage|p1a: Farigiraf|38/100
|-enditem|p1a: Farigiraf|Sitrus Berry|[eat]
|-heal|p1a: Farigiraf|62/100|[from] item: Sitrus Berry
|-damage|p2b: Basculegion|76/100|[from] Recoil
|move|p1b: Vivillon|Sleep Powder|p2a: Glimmora
|-status|p2a: Glimmora|slp|[from] move: Sleep Powder
|cant|p2a: Glimmora|slp
|move|p1a: Farigiraf|Thunderbolt|p2b: Basculegion
|-supereffective|p2b: Basculegion|1
|-damage|p2b: Basculegion|27/100
|
|upkeep
|turn|2
|inactive|magicalarcher57 has 30 seconds left.
|
|t:|1783954908
|switch|p1b: Torkoal|Torkoal, L50, F|100/100
|-weather|SunnyDay|[from] ability: Drought|[of] p1b: Torkoal
|move|p2b: Basculegion|Wave Crash|p1a: Farigiraf
|-crit|p1a: Farigiraf
|-damage|p1a: Farigiraf|23/100
|-damage|p2b: Basculegion|12/100|[from] Recoil
|-curestatus|p2a: Glimmora|slp|[msg]
|move|p2a: Glimmora|Power Gem|p1b: Torkoal
|-supereffective|p1b: Torkoal|1
|-damage|p1b: Torkoal|0 fnt
|faint|p1b: Torkoal
|-damage|p2a: Glimmora|90/100|[from] item: Life Orb
|move|p1a: Farigiraf|Trick Room|p1a: Farigiraf
|-fieldstart|move: Trick Room|[of] p1a: Farigiraf
|
|-weather|SunnyDay|[upkeep]
|upkeep
|
|t:|1783954923
|switch|p1b: Drampa|Drampa, L50, F|100/100
|turn|3
|
|t:|1783954940
|detailschange|p1b: Drampa|Drampa-Mega, L50, F
|-mega|p1b: Drampa|Drampa|Drampanite
|move|p1b: Drampa|Heat Wave|p2b: Basculegion|[spread] p2a,p2b
|-resisted|p2a: Glimmora|1
|-resisted|p2b: Basculegion|1
|-damage|p2a: Glimmora|59/100
|-damage|p2b: Basculegion|0 fnt
|faint|p2b: Basculegion
|move|p1a: Farigiraf|Twin Beam|p2a: Glimmora
|-supereffective|p2a: Glimmora|1
|-damage|p2a: Glimmora|21/100
|-supereffective|p2a: Glimmora|1
|-crit|p2a: Glimmora
|-damage|p2a: Glimmora|0 fnt
|faint|p2a: Glimmora
|-hitcount|p2: Glimmora|2
|
|-weather|SunnyDay|[upkeep]
|upkeep
|
|t:|1783954950
|switch|p2b: Kingambit|Kingambit, L50, F|100/100
|switch|p2a: Garchomp|Garchomp, L50, M|100/100
|turn|4
|
|t:|1783954963
|move|p1a: Farigiraf|Helping Hand|p1b: Drampa
|-singleturn|p1b: Drampa|Helping Hand|[of] p1a: Farigiraf
|move|p1b: Drampa|Heat Wave|p2b: Kingambit|[spread] p2a,p2b
|-resisted|p2a: Garchomp|1
|-supereffective|p2b: Kingambit|1
|-damage|p2a: Garchomp|58/100
|-damage|p2b: Kingambit|0 fnt
|faint|p2b: Kingambit
|move|p2a: Garchomp|Dragon Claw|p1b: Drampa
|-supereffective|p1b: Drampa|1
|-damage|p1b: Drampa|28/100
|-ability|p1b: Drampa|Berserk|boost
|-boost|p1b: Drampa|spa|1
|
|-weather|SunnyDay|[upkeep]
|upkeep
|turn|5
|
|t:|1783954980
|move|p1a: Farigiraf|Helping Hand|p1b: Drampa
|-singleturn|p1b: Drampa|Helping Hand|[of] p1a: Farigiraf
|move|p2a: Garchomp|Protect|p2a: Garchomp
|-singleturn|p2a: Garchomp|Protect
|move|p1b: Drampa|Dragon Pulse|p2a: Garchomp
|-activate|p2a: Garchomp|move: Protect
|
|-weather|SunnyDay|[upkeep]
|upkeep
|turn|6
|
|t:|1783954994
|switch|p1a: Vivillon|Vivillon, L50, M|100/100
|move|p2a: Garchomp|Protect||[still]
|-fail|p2a: Garchomp
|move|p1b: Drampa|Dragon Pulse|p2a: Garchomp
|-supereffective|p2a: Garchomp|1
|-damage|p2a: Garchomp|0 fnt
|faint|p2a: Garchomp
|
|win|FreemanGordon
