|j|‽vilan333
|j|☆gostzin
|html|vilan333gostzin    
|uhtml|bestof|Game 1 of a best-of-3
|t:|1757082513
|gametype|doubles
|player|p1|vilan333|101|1180
|player|p2|gostzin|101|1130
|gen|9
|tier|[Gen 9] VGC 2025 Reg H (Bo3)
|rated|
|rule|Species Clause: Limit one of each Pokémon
|rule|Item Clause: Limit 1 of each item
|clearpoke
|poke|p1|Sneasler, L50, M|
|poke|p1|Indeedee, L50, M|
|poke|p1|Ursaluna-Bloodmoon, L50, M|
|poke|p1|Electabuzz, L50, F|
|poke|p1|Talonflame, L50, M|
|poke|p1|Incineroar, L50, F|
|poke|p2|Incineroar, L50, M|
|poke|p2|Volcarona, L50, M|
|poke|p2|Ninetales-Alola, L50, M|
|poke|p2|Ursaluna-Bloodmoon, L50, M|
|poke|p2|Indeedee-F, L50, F|
|poke|p2|Sneasler, L50, M|
|teampreview|4
|showteam|p1|Sneasler||PsychicSeed|Unburden|Protect,CloseCombat,DireClaw,ThroatChop|||M|||50|,,,,,Dark]Indeedee||FocusSash|PsychicSurge|Protect,TrickRoom,ExpandingForce,TeraBlast|||M|||50|,,,,,Fighting]Ursaluna-Bloodmoon||LifeOrb|MindsEye|Protect,HyperVoice,BloodMoon,EarthPower|||M|||50|,,,,,Normal]Electabuzz||Eviolite|VitalSpirit|Electroweb,Protect,Taunt,FollowMe|||F|||50|,,,,,Ghost]Talonflame||CovertCloak|GaleWings|Tailwind,WillOWisp,DualWingbeat,FlareBlitz|||M|||50|,,,,,Fairy]Incineroar||SafetyGoggles|Intimidate|FakeOut,KnockOff,PartingShot,FlareBlitz|||F|||50|,,,,,Ghost
|showteam|p2|Incineroar||SafetyGoggles|Intimidate|WillOWisp,FakeOut,Taunt,KnockOff|||M|||50|,,,,,Ghost]Volcarona||CovertCloak|FlameBody|QuiverDance,FieryDance,GigaDrain,Protect|||M|||50|,,,,,Fairy]Ninetales-Alola||FocusSash|SnowWarning|Blizzard,Encore,IcyWind,AuroraVeil|||M|||50|,,,,,Ghost]Ursaluna-Bloodmoon||AssaultVest|MindsEye|BloodMoon,EarthPower,HyperVoice,VacuumWave|||M|||50|,,,,,Ghost]Indeedee-F||RockyHelmet|PsychicSurge|TrickRoom,FollowMe,Psyshock,HelpingHand|||F|||50|,,,,,Grass]Sneasler||PsychicSeed|Unburden|CloseCombat,DireClaw,Protect,ThroatChop|||M|||50|,,,,,Stellar
|inactive|Battle timer is ON: inactive players will automatically lose when time's up. (requested by gostzin)
|inactive|vilan333 has 60 seconds left.
|inactive|gostzin has 60 seconds left.
|
|t:|1757082567
|teamsize|p1|4
|teamsize|p2|4
|start
|switch|p1a: Talonflame|Talonflame, L50, M, shiny|100/100
|switch|p1b: Ursaluna|Ursaluna-Bloodmoon, L50, M|100/100
|switch|p2a: Sneasler|Sneasler, L50, M|100/100
|switch|p2b: Incineroar|Incineroar, L50, M, shiny|100/100
|-ability|p2b: Incineroar|Intimidate|boost
|-unboost|p1a: Talonflame|atk|1
|-unboost|p1b: Ursaluna|atk|1
|turn|1
|
|t:|1757082588
|switch|p2a: Ursaluna|Ursaluna-Bloodmoon, L50, M|100/100
|-terastallize|p2b: Incineroar|Ghost
|move|p1b: Ursaluna|Protect|p1b: Ursaluna
|-singleturn|p1b: Ursaluna|Protect
|move|p1a: Talonflame|Tailwind|p1a: Talonflame
|-sidestart|p1: vilan333|move: Tailwind
|move|p2b: Incineroar|Knock Off|p1b: Ursaluna
|-activate|p1b: Ursaluna|move: Protect
|
|upkeep
|turn|2
|
|t:|1757082608
|-terastallize|p1b: Ursaluna|Normal
|move|p1a: Talonflame|Will-O-Wisp|p2b: Incineroar
|-status|p2b: Incineroar|brn
|move|p1b: Ursaluna|Blood Moon|p2a: Ursaluna
|-damage|p2a: Ursaluna|8/100
|-damage|p1b: Ursaluna|91/100|[from] item: Life Orb
|move|p2b: Incineroar|Knock Off|p1b: Ursaluna
|-damage|p1b: Ursaluna|75/100
|-enditem|p1b: Ursaluna|Life Orb|[from] move: Knock Off|[of] p2b: Incineroar
|move|p2a: Ursaluna|Hyper Voice|p1b: Ursaluna|[spread] p1a,p1b
|-damage|p1a: Talonflame|42/100
|-damage|p1b: Ursaluna|21/100
|
|-damage|p2b: Incineroar|95/100 brn|[from] brn
|upkeep
|turn|3
|
|t:|1757082632
|move|p1b: Ursaluna|Protect|p1b: Ursaluna
|-singleturn|p1b: Ursaluna|Protect
|move|p2a: Ursaluna|Vacuum Wave|p1b: Ursaluna
|-activate|p1b: Ursaluna|move: Protect
|move|p1a: Talonflame|Flare Blitz|p2a: Ursaluna
|-damage|p2a: Ursaluna|0 fnt
|faint|p2a: Ursaluna
|-damage|p1a: Talonflame|38/100|[from] Recoil
|move|p2b: Incineroar|Knock Off|p1a: Talonflame
|-damage|p1a: Talonflame|5/100
|-enditem|p1a: Talonflame|Covert Cloak|[from] move: Knock Off|[of] p2b: Incineroar
|
|-damage|p2b: Incineroar|89/100 brn|[from] brn
|upkeep
|
|t:|1757082646
|switch|p2a: Ninetales|Ninetales-Alola, L50, M, shiny|100/100
|-weather|Snowscape|[from] ability: Snow Warning|[of] p2a: Ninetales
|turn|4
|
|t:|1757082658
|move|p1a: Talonflame|Flare Blitz|p2a: Ninetales
|-supereffective|p2a: Ninetales
|-damage|p2a: Ninetales|46/100
|-damage|p1a: Talonflame|0 fnt|[from] Recoil
|faint|p1a: Talonflame
|move|p1b: Ursaluna|Blood Moon|p2b: Incineroar
|-damage|p2b: Incineroar|4/100 brn
|move|p2a: Ninetales|Aurora Veil|p2a: Ninetales
|-sidestart|p2: gostzin|move: Aurora Veil
|move|p2b: Incineroar|Knock Off|p1b: Ursaluna
|-damage|p1b: Ursaluna|9/100
|
|-weather|Snowscape|[upkeep]
|-damage|p2b: Incineroar|0 fnt|[from] brn
|faint|p2b: Incineroar
|-sideend|p1: vilan333|move: Tailwind
|upkeep
|
|t:|1757082677
|switch|p1a: Incineroar|Incineroar, L50, F|100/100
|switch|p2b: Sneasler|Sneasler, L50, M|100/100
|-ability|p1a: Incineroar|Intimidate|boost
|-unboost|p2a: Ninetales|atk|1
|-unboost|p2b: Sneasler|atk|1
|turn|5
|
|t:|1757082687
|move|p2b: Sneasler|Protect|p2b: Sneasler
|-singleturn|p2b: Sneasler|Protect
|move|p1a: Incineroar|Fake Out|p2b: Sneasler
|-activate|p2b: Sneasler|move: Protect
|move|p2a: Ninetales|Blizzard|p1b: Ursaluna|[spread] p1a,p1b
|-resisted|p1a: Incineroar
|-damage|p1a: Incineroar|89/100
|-damage|p1b: Ursaluna|0 fnt
|faint|p1b: Ursaluna
|
|-weather|Snowscape|[upkeep]
|upkeep
|
|t:|1757082698
|switch|p1b: Sneasler|Sneasler, L50, M|100/100
|turn|6
|
|t:|1757082708
|move|p2a: Ninetales|Icy Wind|p1a: Incineroar|[spread] p1a
|-miss|p2a: Ninetales|p1b: Sneasler
|-resisted|p1a: Incineroar
|-damage|p1a: Incineroar|83/100
|-unboost|p1a: Incineroar|spe|1
|move|p2b: Sneasler|Dire Claw|p1b: Sneasler
|-resisted|p1b: Sneasler
|-damage|p1b: Sneasler|78/100
|-status|p1b: Sneasler|slp
|cant|p1b: Sneasler|slp
|move|p1a: Incineroar|Flare Blitz|p2b: Sneasler
|-damage|p2b: Sneasler|46/100
|-damage|p1a: Incineroar|68/100|[from] Recoil
|
|-weather|Snowscape|[upkeep]
|upkeep
|turn|7
|
|t:|1757082730
|move|p2a: Ninetales|Blizzard|p1a: Incineroar|[spread] p1a,p1b
|-resisted|p1a: Incineroar
|-damage|p1a: Incineroar|57/100
|-damage|p1b: Sneasler|46/100 slp
|move|p2b: Sneasler|Close Combat|p1a: Incineroar
|-supereffective|p1a: Incineroar
|-damage|p1a: Incineroar|0 fnt
|-unboost|p2b: Sneasler|def|1
|-unboost|p2b: Sneasler|spd|1
|faint|p1a: Incineroar
|cant|p1b: Sneasler|slp
|
|-weather|Snowscape|[upkeep]
|upkeep
|turn|8
|
|t:|1757082747
|cant|p1b: Sneasler|slp
|move|p2a: Ninetales|Blizzard|p1b: Sneasler
|-damage|p1b: Sneasler|0 fnt
|faint|p1b: Sneasler
|
|win|gostzin
|l|‽vilan333
|player|p1|
||vilan333 is ready for game 2.
|inactive|gostzin has 30 seconds to confirm battle start!
||gostzin is ready for game 2.
|uhtml|next|Next: Game 2 of 3
|j|‽vilan333
|player|p1|vilan333|101|
