|j|☆peripatooo
|j|☆mikedel
|html|peripatooomikedel    
|uhtml|bestof|Game 2 of a best-of-3
|t:|1783107349
|gametype|doubles
|player|p1|peripatooo|lance|
|player|p2|mikedel|170|
|gen|9
|tier|[Gen 9 Champions] VGC 2026 Reg M-B (Bo3)
|rule|Species Clause: Limit one of each Pokémon
|rule|Item Clause: Limit 1 of each item
|clearpoke
|poke|p1|Grimmsnarl, L50, M|
|poke|p1|Archaludon, L50, M|
|poke|p1|Pelipper, L50, M|
|poke|p1|Venusaur, L50, M|
|poke|p1|Incineroar, L50, M|
|poke|p1|Swampert, L50, M|
|poke|p2|Scrafty, L50, M|
|poke|p2|Mawile, L50, M|
|poke|p2|Farigiraf, L50, M|
|poke|p2|Torkoal, L50, M|
|poke|p2|Incineroar, L50, F|
|poke|p2|Hatterene, L50, F|
|teampreview|4
|showteam|p1|Grimmsnarl||LightClay|Prankster|Reflect,SpiritBreak,PartingShot,LightScreen|Careful||M|||50|]Archaludon||Leftovers|Stamina|Protect,ElectroShot,DragonPulse,FlashCannon|Modest||M|||50|]Pelipper||LifeOrb|Drizzle|Protect,Tailwind,Hurricane,WeatherBall|Timid||M|||50|]Venusaur||Venusaurite|Chlorophyll|Protect,GigaDrain,EarthPower,SludgeBomb|Modest||M|||50|]Incineroar||SitrusBerry|Intimidate|FakeOut,FlareBlitz,ThroatChop,PartingShot|Careful||M|||50|]Swampert||Swampertite|Damp|Protect,IcePunch,Earthquake,WaveCrash|Adamant||M|||50|
|showteam|p2|Scrafty||Scraftinite|Intimidate|KnockOff,LowKick,IronHead,FakeOut|Brave||M|||50|]Mawile||Mawilite|Intimidate|SuckerPunch,PlayRough,SwordsDance,IronHead|Brave||M|||50|]Farigiraf||SitrusBerry|ArmorTail|Psychic,HyperVoice,Protect,TrickRoom|Quiet||M|||50|]Torkoal||Charcoal|Drought|Eruption,WeatherBall,EarthPower,Protect|Quiet||M|||50|]Incineroar||WhiteHerb|Intimidate|ThroatChop,FakeOut,FlareBlitz,PartingShot|Adamant||F|||50|]Hatterene||LifeOrb|MagicBounce|Psychic,TrickRoom,SkillSwap,DazzlingGleam|Quiet||F|||50|
|inactive|Battle timer is ON: inactive players will automatically lose when time's up. (requested by peripatooo)
|
|t:|1783107386
|teamsize|p1|4
|teamsize|p2|4
|start
|switch|p1a: Grimmsnarl|Grimmsnarl, L50, M|100/100
|switch|p1b: Archaludon|Archaludon, L50, M|100/100
|switch|p2a: Hatterene|Hatterene, L50, F|100/100
|switch|p2b: Incineroar|Incineroar, L50, F|100/100
|-ability|p2b: Incineroar|Intimidate|boost
|-unboost|p1a: Grimmsnarl|atk|1
|-unboost|p1b: Archaludon|atk|1
|turn|1
|inactive|mikedel has 30 seconds left.
|inactive|mikedel has 20 seconds left.
|inactive|peripatooo has 30 seconds left.
|inactive|mikedel has 15 seconds left.
|inactive|mikedel has 10 seconds left.
|inactive|mikedel has 5 seconds left.
|
|t:|1783107437
|move|p1a: Grimmsnarl|Light Screen|p1a: Grimmsnarl
|-sidestart|p1: peripatooo|move: Light Screen
|move|p1b: Archaludon|Flash Cannon|p2a: Hatterene
|-supereffective|p2a: Hatterene|1
|-damage|p2a: Hatterene|23/100
|-unboost|p2a: Hatterene|spd|1
|move|p2b: Incineroar|Parting Shot|p1a: Grimmsnarl
|-unboost|p1a: Grimmsnarl|atk|1
|-unboost|p1a: Grimmsnarl|spa|1
|
|t:|1783107453
|switch|p2b: Mawile|Mawile, L50, M|100/100|[from] Parting Shot
|-ability|p2b: Mawile|Intimidate|boost
|-unboost|p1a: Grimmsnarl|atk|1
|-unboost|p1b: Archaludon|atk|1
|move|p2a: Hatterene|Trick Room|p2a: Hatterene
|-fieldstart|move: Trick Room|[of] p2a: Hatterene
|
|upkeep
|turn|2
|inactive|peripatooo has 30 seconds left.
|inactive|peripatooo has 20 seconds left.
|
|t:|1783107494
|detailschange|p2b: Mawile|Mawile-Mega, L50, M
|-mega|p2b: Mawile|Mawile|Mawilite
|move|p1b: Archaludon|Protect|p1b: Archaludon
|-singleturn|p1b: Archaludon|Protect
|move|p1a: Grimmsnarl|Reflect|p1a: Grimmsnarl
|-sidestart|p1: peripatooo|Reflect
|move|p2a: Hatterene|Dazzling Gleam|p1a: Grimmsnarl|[spread] p1a
|-activate|p1b: Archaludon|move: Protect
|-supereffective|p1a: Grimmsnarl|1
|-damage|p1a: Grimmsnarl|50/100g
|-damage|p2a: Hatterene|13/100|[from] item: Life Orb
|move|p2b: Mawile|Swords Dance|p2b: Mawile
|-boost|p2b: Mawile|atk|2
|
|upkeep
|turn|3
|inactive|mikedel has 30 seconds left.
|inactive|mikedel has 20 seconds left.
|inactive|mikedel has 15 seconds left.
|inactive|mikedel has 10 seconds left.
|
|t:|1783107542
|move|p1a: Grimmsnarl|Parting Shot|p2b: Mawile
|-unboost|p2b: Mawile|atk|1
|-unboost|p2b: Mawile|spa|1
|
|t:|1783107550
|switch|p1a: Swampert|Swampert, L50, M|100/100|[from] Parting Shot
|move|p2a: Hatterene|Dazzling Gleam|p1b: Archaludon|[spread] p1a,p1b
|-damage|p1a: Swampert|69/100
|-damage|p1b: Archaludon|64/100
|-ability|p1b: Archaludon|Stamina|boost
|-boost|p1b: Archaludon|def|1
|-damage|p2a: Hatterene|3/100|[from] item: Life Orb
|move|p2b: Mawile|Play Rough|p1b: Archaludon
|-damage|p1b: Archaludon|23/100
|-ability|p1b: Archaludon|Stamina|boost
|-boost|p1b: Archaludon|def|1
|move|p1b: Archaludon|Flash Cannon|p2a: Hatterene
|-supereffective|p2a: Hatterene|1
|-damage|p2a: Hatterene|0 fnt
|faint|p2a: Hatterene
|
|-heal|p1b: Archaludon|29/100|[from] item: Leftovers
|upkeep
|inactive|mikedel has 30 seconds left.
|
|t:|1783107578
|switch|p2a: Incineroar|Incineroar, L50, F|100/100
|-ability|p2a: Incineroar|Intimidate|boost
|-unboost|p1a: Swampert|atk|1
|-unboost|p1b: Archaludon|atk|1
|turn|4
|
|t:|1783107596
|switch|p1a: Pelipper|Pelipper, L50, M|100/100
|-weather|RainDance|[from] ability: Drizzle|[of] p1a: Pelipper
|move|p2a: Incineroar|Fake Out|p1a: Pelipper
|-damage|p1a: Pelipper|87/100
|move|p2b: Mawile|Play Rough|p1b: Archaludon
|-damage|p1b: Archaludon|0 fnt
|faint|p1b: Archaludon
|
|-weather|RainDance|[upkeep]
|upkeep
|
|t:|1783107607
|switch|p1b: Swampert|Swampert, L50, M|69/100
|turn|5
|inactive|mikedel has 30 seconds left.
|
|t:|1783107642
|switch|p1a: Grimmsnarl|Grimmsnarl, L50, M|50/100g
|detailschange|p1b: Swampert|Swampert-Mega, L50, M
|-mega|p1b: Swampert|Swampert|Swampertite
|move|p1b: Swampert|Protect|p1b: Swampert
|-singleturn|p1b: Swampert|Protect
|move|p2b: Mawile|Play Rough|p1b: Swampert
|-activate|p1b: Swampert|move: Protect
|move|p2a: Incineroar|Throat Chop|p1a: Grimmsnarl
|-resisted|p1a: Grimmsnarl|2
|-damage|p1a: Grimmsnarl|42/100
|-start|p1a: Grimmsnarl|Throat Chop|[silent]
|
|-weather|RainDance|[upkeep]
|-fieldend|move: Trick Room
|upkeep
|turn|6
|inactive|peripatooo has 30 seconds left.
|inactive|mikedel has 30 seconds left.
|
|t:|1783107673
|move|p1b: Swampert|Wave Crash|p2b: Mawile
|-damage|p2b: Mawile|0 fnt
|faint|p2b: Mawile
|-damage|p1b: Swampert|41/100|[from] Recoil
|move|p1a: Grimmsnarl|Spirit Break|p2a: Incineroar
|-damage|p2a: Incineroar|67/100
|-unboost|p2a: Incineroar|spa|1
|-enditem|p2a: Incineroar|White Herb
|-clearnegativeboost|p2a: Incineroar|[silent]
|move|p2a: Incineroar|Throat Chop|p1b: Swampert
|-damage|p1b: Swampert|17/100
|-start|p1b: Swampert|Throat Chop|[silent]
|
|-weather|RainDance|[upkeep]
|-end|p1a: Grimmsnarl|Throat Chop|[silent]
|upkeep
|
|t:|1783107685
|switch|p2b: Farigiraf|Farigiraf, L50, M|100/100
|turn|7
|inactive|mikedel has 30 seconds left.
|
|t:|1783107712
|move|p1b: Swampert|Wave Crash|p2a: Incineroar
|-supereffective|p2a: Incineroar|1
|-damage|p2a: Incineroar|0 fnt
|faint|p2a: Incineroar
|-damage|p1b: Swampert|0 fnt|[from] Recoil
|faint|p1b: Swampert
|move|p1a: Grimmsnarl|Spirit Break|p2b: Farigiraf
|-damage|p2b: Farigiraf|66/100
|-unboost|p2b: Farigiraf|spa|1
|move|p2b: Farigiraf|Trick Room|p2b: Farigiraf
|-fieldstart|move: Trick Room|[of] p2b: Farigiraf
|
|-weather|RainDance|[upkeep]
|upkeep
|
|t:|1783107723
|switch|p1b: Pelipper|Pelipper, L50, M|87/100
|turn|8
|
|t:|1783107732
|move|p2b: Farigiraf|Hyper Voice|p1a: Grimmsnarl|[spread] p1a,p1b
|-damage|p1a: Grimmsnarl|30/100
|-damage|p1b: Pelipper|62/100
|move|p1a: Grimmsnarl|Spirit Break|p2b: Farigiraf
|-damage|p2b: Farigiraf|32/100
|-unboost|p2b: Farigiraf|spa|1
|-enditem|p2b: Farigiraf|Sitrus Berry|[eat]
|-heal|p2b: Farigiraf|57/100|[from] item: Sitrus Berry
|move|p1b: Pelipper|Weather Ball|p2b: Farigiraf
|-damage|p2b: Farigiraf|0 fnt
|faint|p2b: Farigiraf
|-damage|p1b: Pelipper|52/100|[from] item: Life Orb
|
|win|peripatooo
