|j|☆nontelo
|j|☆lemons2738
|html|nontelolemons2738    
|uhtml|bestof|Game 1 of a best-of-3
|t:|1784300679
|gametype|doubles
|player|p1|nontelo|cress|1423
|player|p2|lemons2738|benga|1341
|gen|9
|tier|[Gen 9 Champions] VGC 2026 Reg M-B (Bo3)
|rated|
|rule|Species Clause: Limit one of each Pokémon
|rule|Item Clause: Limit 1 of each item
|clearpoke
|poke|p1|Venusaur, L50, M|
|poke|p1|Swampert, L50, F|
|poke|p1|Pelipper, L50, M|
|poke|p1|Hydreigon, L50, M|
|poke|p1|Grimmsnarl, L50, M|
|poke|p1|Archaludon, L50, F|
|poke|p2|Charizard, L50, M|
|poke|p2|Aerodactyl, L50, F|
|poke|p2|Garchomp, L50, M|
|poke|p2|Kingambit, L50, M|
|poke|p2|Farigiraf, L50, M|
|poke|p2|Sylveon, L50, F|
|teampreview|4
|showteam|p1|Venusaur||Venusaurite|Chlorophyll|GigaDrain,SludgeBomb,EarthPower,Protect|Modest||M|||50|]Swampert||Swampertite|Damp|WaveCrash,IcePunch,Earthquake,Protect|Adamant||F|||50|]Pelipper||SitrusBerry|Drizzle|Hurricane,Tailwind,WeatherBall,WideGuard|Modest||M|||50|]Hydreigon||ChoiceScarf|Levitate|DracoMeteor,DarkPulse,Snarl,Uturn|Modest||M|||50|]Grimmsnarl||LightClay|Prankster|SpiritBreak,PartingShot,LightScreen,Reflect|Impish||M|||50|]Archaludon||Leftovers|Stamina|FlashCannon,DragonPulse,ElectroShot,Protect|Modest||F|||50|
|showteam|p2|Charizard||CharizarditeY|Blaze|HeatWave,WeatherBall,SolarBeam,Protect|Modest||M|||50|]Aerodactyl||Aerodactylite|Unnerve|RockSlide,DualWingbeat,IceFang,Tailwind|Jolly||F|||50|]Garchomp||LifeOrb|RoughSkin|DragonClaw,StompingTantrum,Earthquake,Protect|Jolly||M|||50|]Kingambit||FocusSash|Defiant|KowtowCleave,SuckerPunch,IronHead,Protect|Adamant||M|||50|]Farigiraf||SitrusBerry|ArmorTail|PsychicNoise,Thunderbolt,GrassKnot,TrickRoom|Quiet||M|||50|]Sylveon||FairyFeather|Pixilate|HyperVoice,HyperBeam,QuickAttack,Detect|Modest||F|||50|
|inactive|Battle timer is ON: inactive players will automatically lose when time's up. (requested by lemons2738)
|inactive|nontelo has 60 seconds left.
|inactive|lemons2738 has 60 seconds left.
|
|t:|1784300713
|teamsize|p1|4
|teamsize|p2|4
|start
|switch|p1a: Hydreigon|Hydreigon, L50, M|100/100
|switch|p1b: Swampert|Swampert, L50, F|100/100
|switch|p2a: Aerodactyl|Aerodactyl, L50, F|100/100
|switch|p2b: Garchomp|Garchomp, L50, M|100/100
|-ability|p2a: Aerodactyl|Unnerve
|turn|1
|
|t:|1784300732
|detailschange|p2a: Aerodactyl|Aerodactyl-Mega, L50, F
|-mega|p2a: Aerodactyl|Aerodactyl|Aerodactylite
|detailschange|p1b: Swampert|Swampert-Mega, L50, F
|-mega|p1b: Swampert|Swampert|Swampertite
|move|p2b: Garchomp|Protect|p2b: Garchomp
|-singleturn|p2b: Garchomp|Protect
|move|p1a: Hydreigon|U-turn|p2a: Aerodactyl
|-resisted|p2a: Aerodactyl|1
|-damage|p2a: Aerodactyl|91/100
|
|t:|1784300738
|switch|p1a: Archaludon|Archaludon, L50, F|100/100|[from] U-turn
|move|p2a: Aerodactyl|Tailwind|p2a: Aerodactyl
|-sidestart|p2: lemons2738|move: Tailwind
|move|p1b: Swampert|Ice Punch|p2b: Garchomp
|-activate|p2b: Garchomp|move: Protect
|
|upkeep
|turn|2
|
|t:|1784300756
|move|p1a: Archaludon|Protect|p1a: Archaludon
|-singleturn|p1a: Archaludon|Protect
|move|p2a: Aerodactyl|Dual Wingbeat|p1b: Swampert
|-damage|p1b: Swampert|77/100
|-damage|p1b: Swampert|54/100
|-hitcount|p1b: Swampert|2
|move|p2b: Garchomp|Earthquake|p1a: Archaludon|[spread] p1b
|-activate|p1a: Archaludon|move: Protect
|-immune|p2a: Aerodactyl
|-damage|p1b: Swampert|10/100
|-damage|p2b: Garchomp|90/100|[from] item: Life Orb
|move|p1b: Swampert|Ice Punch|p2b: Garchomp
|-supereffective|p2b: Garchomp|2
|-crit|p2b: Garchomp
|-damage|p2b: Garchomp|0 fnt
|-damage|p1b: Swampert|0 fnt|[from] ability: Rough Skin|[of] p2b: Garchomp
|faint|p2b: Garchomp
|faint|p1b: Swampert
|
|upkeep
|
|t:|1784300770
|switch|p2b: Kingambit|Kingambit, L50, M|100/100
|switch|p1b: Pelipper|Pelipper, L50, M|100/100
|-weather|RainDance|[from] ability: Drizzle|[of] p1b: Pelipper
|turn|3
|inactive|nontelo has 30 seconds left.
|
|t:|1784300797
|move|p1b: Pelipper|Wide Guard|p1b: Pelipper
|-singleturn|p1b: Pelipper|Wide Guard
|move|p2a: Aerodactyl|Rock Slide|p1b: Pelipper|[spread] 
|-activate|p1a: Archaludon|move: Wide Guard
|-activate|p1b: Pelipper|move: Wide Guard
|move|p2b: Kingambit|Kowtow Cleave|p1a: Archaludon
|-damage|p1a: Archaludon|65/100
|-ability|p1a: Archaludon|Stamina|boost
|-boost|p1a: Archaludon|def|1
|move|p1a: Archaludon|Electro Shot||[still]
|-prepare|p1a: Archaludon|Electro Shot
|-boost|p1a: Archaludon|spa|1
|-anim|p1a: Archaludon|Electro Shot|p2a: Aerodactyl
|-supereffective|p2a: Aerodactyl|1
|-damage|p2a: Aerodactyl|0 fnt
|faint|p2a: Aerodactyl
|
|-weather|RainDance|[upkeep]
|-heal|p1a: Archaludon|71/100|[from] item: Leftovers
|upkeep
|
|t:|1784300808
|switch|p2a: Farigiraf|Farigiraf, L50, M|100/100
|turn|4
|
|t:|1784300814
|move|p2b: Kingambit|Kowtow Cleave|p1a: Archaludon
|-damage|p1a: Archaludon|46/100
|-ability|p1a: Archaludon|Stamina|boost
|-boost|p1a: Archaludon|def|1
|move|p2a: Farigiraf|Thunderbolt|p1b: Pelipper
|-supereffective|p1b: Pelipper|2
|-damage|p1b: Pelipper|0 fnt
|faint|p1b: Pelipper
|move|p1a: Archaludon|Electro Shot||[still]
|-prepare|p1a: Archaludon|Electro Shot
|-boost|p1a: Archaludon|spa|1
|-anim|p1a: Archaludon|Electro Shot|p2b: Kingambit
|-damage|p2b: Kingambit|1/100
|
|-weather|RainDance|[upkeep]
|-heal|p1a: Archaludon|52/100|[from] item: Leftovers
|-sideend|p2: lemons2738|move: Tailwind
|upkeep
|
|t:|1784300823
|switch|p1b: Hydreigon|Hydreigon, L50, M|100/100
|turn|5
|
|t:|1784300829
|move|p2b: Kingambit|Protect|p2b: Kingambit
|-singleturn|p2b: Kingambit|Protect
|move|p1b: Hydreigon|Snarl|p2b: Kingambit|[spread] p2a
|-activate|p2b: Kingambit|move: Protect
|-supereffective|p2a: Farigiraf|1
|-damage|p2a: Farigiraf|58/100
|-unboost|p2a: Farigiraf|spa|1
|move|p1a: Archaludon|Electro Shot||[still]
|-prepare|p1a: Archaludon|Electro Shot
|-boost|p1a: Archaludon|spa|1
|-anim|p1a: Archaludon|Electro Shot|p2a: Farigiraf
|-damage|p2a: Farigiraf|0 fnt
|faint|p2a: Farigiraf
|
|-weather|RainDance|[upkeep]
|-heal|p1a: Archaludon|59/100|[from] item: Leftovers
|upkeep
|turn|6
|
|t:|1784300839
|move|p2b: Kingambit|Sucker Punch|p1a: Archaludon
|-damage|p1a: Archaludon|43/100
|-ability|p1a: Archaludon|Stamina|boost
|-boost|p1a: Archaludon|def|1
|move|p1b: Hydreigon|Snarl|p2b: Kingambit
|-resisted|p2b: Kingambit|1
|-damage|p2b: Kingambit|0 fnt
|faint|p2b: Kingambit
|
|win|nontelo
||lemons2738 is ready for game 2.
||nontelo is ready for game 2.
|uhtml|next|Next: Game 2 of 3
|l|☆nontelo
|player|p1|
