|j|☆sergio23perez
|j|☆RaikuDraco
|html|sergio23perezRaikuDraco    
|uhtml|bestof|Game 1 of a best-of-3
|t:|1756881309
|gametype|doubles
|player|p1|sergio23perez|169|1192
|player|p2|RaikuDraco|drake-gen3|1121
|gen|9
|tier|[Gen 9] VGC 2025 Reg H (Bo3)
|rated|
|rule|Species Clause: Limit one of each Pokémon
|rule|Item Clause: Limit 1 of each item
|clearpoke
|poke|p1|Jumpluff, L50, F|
|poke|p1|Charizard, L50, M|
|poke|p1|Porygon2, L50|
|poke|p1|Torkoal, L50, F|
|poke|p1|Incineroar, L50, F|
|poke|p1|Ursaluna, L50, M|
|poke|p2|Archaludon, L50, F|
|poke|p2|Sinistcha-Masterpiece, L50|
|poke|p2|Dragonite, L50, F|
|poke|p2|Pelipper, L50, M|
|poke|p2|Ursaluna, L50, F|
|poke|p2|Gholdengo, L50|
|teampreview|4
|showteam|p1|Jumpluff||CovertCloak|Chlorophyll|SleepPowder,SunnyDay,Tailwind,RagePowder|||F|||50|,,,,,Water]Charizard||ChoiceSpecs|SolarPower|AirSlash,HeatWave,Overheat,WeatherBall|||M|||50|,,,,,Ghost]Porygon2||Eviolite|Download|TeraBlast,IceBeam,Recover,TrickRoom||||||50|,,,,,Fighting]Torkoal||EjectPack|Drought|HelpingHand,Eruption,Overheat,Protect|||F|||50|,,,,,Fire]Incineroar||SafetyGoggles|Intimidate|FakeOut,PartingShot,FlareBlitz,KnockOff|||F|||50|,,,,,Ghost]Ursaluna||FlameOrb|Guts|HeadlongRush,Facade,Earthquake,Protect|||M|||50|,,,,,Ghost
|showteam|p2|Archaludon||AssaultVest|Stamina|BodyPress,Snarl,ElectroShot,FlashCannon|||F|||50|,,,,,Fighting]Sinistcha-Masterpiece||SitrusBerry|Hospitality|MatchaGotcha,RagePowder,TrickRoom,LifeDew||||||50|,,,,,Dark]Dragonite||LoadedDice|Multiscale|ScaleShot,Protect,Tailwind,Haze|||F|||50|,,,,,Steel]Pelipper||FocusSash|Drizzle|WeatherBall,Hurricane,Tailwind,Protect|||M|||50|,,,,,Ground]Ursaluna||FlameOrb|Guts|Facade,HeadlongRush,Earthquake,Protect|||F|||50|,,,,,Ghost]Gholdengo||ChoiceScarf|GoodasGold|MakeItRain,TeraBlast,ShadowBall,Trick||||||50|,,,,,Water
|inactive|Battle timer is ON: inactive players will automatically lose when time's up. (requested by sergio23perez)
|
|t:|1756881342
|teamsize|p1|4
|teamsize|p2|4
|start
|switch|p1a: Jumpluff|Jumpluff, L50, F|100/100
|switch|p1b: Incineroar|Incineroar, L50, F|100/100
|switch|p2a: Sinistcha|Sinistcha-Masterpiece, L50|100/100
|switch|p2b: Gholdengo|Gholdengo, L50|100/100
|-ability|p1b: Incineroar|Intimidate|boost
|-unboost|p2a: Sinistcha|atk|1
|-unboost|p2b: Gholdengo|atk|1
|turn|1
|inactive|RaikuDraco has 30 seconds left.
|inactive|RaikuDraco has 20 seconds left.
|inactive|RaikuDraco has 15 seconds left.
|inactive|RaikuDraco has 10 seconds left.
|
|t:|1756881390
|-terastallize|p2b: Gholdengo|Water
|move|p2b: Gholdengo|Shadow Ball|p1a: Jumpluff
|-damage|p1a: Jumpluff|48/100
|move|p1a: Jumpluff|Sunny Day|p1a: Jumpluff
|-weather|SunnyDay
|move|p2a: Sinistcha|Matcha Gotcha|p1b: Incineroar|[spread] p1a,p1b
|-resisted|p1a: Jumpluff
|-resisted|p1b: Incineroar
|-damage|p1a: Jumpluff|41/100
|-damage|p1b: Incineroar|90/100
|move|p1b: Incineroar|Flare Blitz|p2a: Sinistcha
|-supereffective|p2a: Sinistcha
|-damage|p2a: Sinistcha|0 fnt
|faint|p2a: Sinistcha
|-damage|p1b: Incineroar|60/100|[from] Recoil
|
|-weather|SunnyDay|[upkeep]
|upkeep
|
|t:|1756881409
|switch|p2a: Pelipper|Pelipper, L50, M|100/100
|-weather|RainDance|[from] ability: Drizzle|[of] p2a: Pelipper
|turn|2
|
|t:|1756881429
|switch|p1a: Torkoal|Torkoal, L50, F|100/100
|-weather|SunnyDay|[from] ability: Drought|[of] p1a: Torkoal
|move|p2b: Gholdengo|Shadow Ball|p1a: Torkoal
|-damage|p1a: Torkoal|34/100
|move|p2a: Pelipper|Weather Ball|p1b: Incineroar
|-resisted|p1b: Incineroar
|-crit|p1b: Incineroar
|-damage|p1b: Incineroar|35/100
|move|p1b: Incineroar|Parting Shot|p2a: Pelipper
|-unboost|p2a: Pelipper|atk|1
|-unboost|p2a: Pelipper|spa|1
|
|t:|1756881440
|switch|p1b: Ursaluna|Ursaluna, L50, M|100/100|[from] Parting Shot
|
|-weather|SunnyDay|[upkeep]
|-status|p1b: Ursaluna|brn|[from] item: Flame Orb
|upkeep
|turn|3
|inactive|RaikuDraco has 30 seconds left.
|inactive|RaikuDraco has 20 seconds left.
|inactive|RaikuDraco has 15 seconds left.
|
|t:|1756881482
|switch|p2a: Archaludon|Archaludon, L50, F|100/100
|switch|p1a: Jumpluff|Jumpluff, L50, F|41/100
|move|p2b: Gholdengo|Shadow Ball|p1a: Jumpluff
|-damage|p1a: Jumpluff|0 fnt
|faint|p1a: Jumpluff
|move|p1b: Ursaluna|Facade|p2b: Gholdengo
|-damage|p2b: Gholdengo|0 fnt
|faint|p2b: Gholdengo
|
|-weather|SunnyDay|[upkeep]
|-damage|p1b: Ursaluna|94/100 brn|[from] brn
|upkeep
|
|t:|1756881495
|switch|p1a: Incineroar|Incineroar, L50, F|35/100
|switch|p2b: Pelipper|Pelipper, L50, M|100/100
|-weather|RainDance|[from] ability: Drizzle|[of] p2b: Pelipper
|-ability|p1a: Incineroar|Intimidate|boost
|-unboost|p2a: Archaludon|atk|1
|-unboost|p2b: Pelipper|atk|1
|turn|4
|inactive|RaikuDraco has 30 seconds left.
|
|t:|1756881525
|switch|p1a: Torkoal|Torkoal, L50, F|34/100
|-weather|SunnyDay|[from] ability: Drought|[of] p1a: Torkoal
|-terastallize|p1b: Ursaluna|Ghost
|move|p2b: Pelipper|Weather Ball|p1a: Torkoal
|-resisted|p1a: Torkoal
|-damage|p1a: Torkoal|8/100
|move|p2a: Archaludon|Body Press|p1b: Ursaluna
|-immune|p1b: Ursaluna
|move|p1b: Ursaluna|Headlong Rush|p2a: Archaludon
|-supereffective|p2a: Archaludon
|-damage|p2a: Archaludon|0 fnt
|-unboost|p1b: Ursaluna|def|1
|-unboost|p1b: Ursaluna|spd|1
|faint|p2a: Archaludon
|
|-weather|SunnyDay|[upkeep]
|-damage|p1b: Ursaluna|88/100 brn|[from] brn
|upkeep
|turn|5
|
|t:|1756881549
|move|p2b: Pelipper|Weather Ball|p1b: Ursaluna
|-damage|p1b: Ursaluna|23/100 brn
|move|p1b: Ursaluna|Facade|p2b: Pelipper
|-enditem|p2b: Pelipper|Focus Sash
|-damage|p2b: Pelipper|1/100
|move|p1a: Torkoal|Overheat|p2b: Pelipper
|-resisted|p2b: Pelipper
|-damage|p2b: Pelipper|0 fnt
|-unboost|p1a: Torkoal|spa|2
|faint|p2b: Pelipper
|-enditem|p1a: Torkoal|Eject Pack
|
|win|sergio23perez
||RaikuDraco is ready for game 2.
|inactive|sergio23perez has 30 seconds to confirm battle start!
|inactive|sergio23perez has 20 seconds to confirm battle start!
||sergio23perez is ready for game 2.
|uhtml|next|Next: Game 2 of 3
