|j|☆Roncolaenjoyer
|j|☆mikewwm8
|html|Roncolaenjoyermikewwm8    
|uhtml|bestof|Game 1 of a best-of-3
|t:|1783870618
|gametype|doubles
|player|p1|Roncolaenjoyer|nate|1484
|player|p2|mikewwm8|266|1370
|gen|9
|tier|[Gen 9 Champions] VGC 2026 Reg M-B (Bo3)
|rated|
|rule|Species Clause: Limit one of each Pokémon
|rule|Item Clause: Limit 1 of each item
|clearpoke
|poke|p1|Blastoise, L50, M|
|poke|p1|Delphox, L50, F|
|poke|p1|Sneasler, L50, F|
|poke|p1|Incineroar, L50, M|
|poke|p1|Kingambit, L50, F|
|poke|p1|Sinistcha, L50|
|poke|p2|Raichu, L50, F|
|poke|p2|Mawile, L50, M|
|poke|p2|Sinistcha, L50, shiny|
|poke|p2|Ceruledge, L50, F|
|poke|p2|Milotic, L50, M, shiny|
|poke|p2|Incineroar, L50, M|
|teampreview|4
|showteam|p1|Blastoise||Blastoisinite|RainDish|WaterSpout,DarkPulse,ShellSmash,Protect|Modest||M|||50|]Delphox||Delphoxite|Blaze|HeatWave,Psyshock,NastyPlot,Protect|Timid||F|||50|]Sneasler||FocusSash|PoisonTouch|FakeOut,CloseCombat,DireClaw,QuickGuard|Jolly||F|||50|]Incineroar||SitrusBerry|Intimidate|FakeOut,FlareBlitz,PartingShot,HelpingHand|Impish||M|||50|]Kingambit||BlackGlasses|Defiant|KowtowCleave,SuckerPunch,SwordsDance,Protect|Adamant||F|||50|]Sinistcha||OccaBerry|Hospitality|MatchaGotcha,RagePowder,TrickRoom,Protect|Bold|||||50|
|showteam|p2|Raichu||RaichuniteY|LightningRod|ZapCannon,FocusBlast,FakeOut,Protect|Timid||F|||50|]Mawile||Mawilite|HyperCutter|PlayRough,SuckerPunch,SwordsDance,Protect|Adamant||M|||50|]Sinistcha||KasibBerry|Hospitality|MatchaGotcha,LifeDew,RagePowder,Protect|Relaxed|||||50|]Ceruledge||ColburBerry|FlashFire|BitterBlade,ShadowSneak,BulkUp,Protect|Adamant||F|||50|]Milotic||Leftovers|Competitive|MuddyWater,Coil,Hypnosis,Protect|Calm||M|||50|]Incineroar||SitrusBerry|Intimidate|FlareBlitz,ThroatChop,FakeOut,PartingShot|Impish||M|||50|
|inactive|Battle timer is ON: inactive players will automatically lose when time's up. (requested by Roncolaenjoyer)
|inactive|Roncolaenjoyer has 60 seconds left.
|inactive|mikewwm8 has 60 seconds left.
|
|t:|1783870666
|teamsize|p1|4
|teamsize|p2|4
|start
|switch|p1a: Blastoise|Blastoise, L50, M|100/100
|switch|p1b: Sinistcha|Sinistcha, L50|100/100
|switch|p2a: Sinistcha|Sinistcha, L50, shiny|100/100
|switch|p2b: Incineroar|Incineroar, L50, M|100/100
|-ability|p2b: Incineroar|Intimidate|boost
|-unboost|p1a: Blastoise|atk|1
|-unboost|p1b: Sinistcha|atk|1
|turn|1
|inactive|Roncolaenjoyer has 30 seconds left.
|
|t:|1783870699
|move|p1a: Blastoise|Protect|p1a: Blastoise
|-singleturn|p1a: Blastoise|Protect
|move|p1b: Sinistcha|Protect|p1b: Sinistcha
|-singleturn|p1b: Sinistcha|Protect
|move|p2b: Incineroar|Parting Shot|p1a: Blastoise
|-activate|p1a: Blastoise|move: Protect
|move|p2a: Sinistcha|Matcha Gotcha|p1b: Sinistcha|[spread] 
|-activate|p1a: Blastoise|move: Protect
|-activate|p1b: Sinistcha|move: Protect
|
|upkeep
|turn|2
|
|t:|1783870715
|switch|p1b: Incineroar|Incineroar, L50, M|100/100
|-ability|p1b: Incineroar|Intimidate|boost
|-unboost|p2a: Sinistcha|atk|1
|-unboost|p2b: Incineroar|atk|1
|detailschange|p1a: Blastoise|Blastoise-Mega, L50, M
|-mega|p1a: Blastoise|Blastoise|Blastoisinite
|move|p1a: Blastoise|Water Spout|p2b: Incineroar|[spread] p2a,p2b
|-resisted|p2a: Sinistcha|1
|-crit|p2a: Sinistcha
|-supereffective|p2b: Incineroar|1
|-damage|p2a: Sinistcha|57/100
|-damage|p2b: Incineroar|0 fnt
|faint|p2b: Incineroar
|move|p2a: Sinistcha|Matcha Gotcha|p1a: Blastoise|[spread] p1a,p1b
|-supereffective|p1a: Blastoise|1
|-resisted|p1b: Incineroar|1
|-damage|p1a: Blastoise|50/100y
|-heal|p2a: Sinistcha|79/100|[from] drain|[of] p1a: Blastoise
|-damage|p1b: Incineroar|88/100
|-heal|p2a: Sinistcha|86/100|[from] drain|[of] p1b: Incineroar
|
|upkeep
|
|t:|1783870732
|switch|p2b: Raichu|Raichu, L50, F|100/100
|turn|3
|
|t:|1783870746
|switch|p2a: Milotic|Milotic, L50, M, shiny|100/100
|detailschange|p2b: Raichu|Raichu-Mega-Y, L50, F
|-mega|p2b: Raichu|Raichu|Raichunite Y
|move|p1a: Blastoise|Protect|p1a: Blastoise
|-singleturn|p1a: Blastoise|Protect
|move|p2b: Raichu|Fake Out|p1a: Blastoise
|-activate|p1a: Blastoise|move: Protect
|move|p1b: Incineroar|Flare Blitz|p2a: Milotic
|-resisted|p2a: Milotic|1
|-damage|p2a: Milotic|80/100
|-damage|p1b: Incineroar|82/100|[from] Recoil
|
|-heal|p2a: Milotic|86/100|[from] item: Leftovers
|upkeep
|turn|4
|
|t:|1783870761
|switch|p1a: Sinistcha|Sinistcha, L50|100/100
|-heal|p1b: Incineroar|100/100|[from] ability: Hospitality|[of] p1a: Sinistcha
|move|p2b: Raichu|Focus Blast|p1b: Incineroar
|-supereffective|p1b: Incineroar|1
|-damage|p1b: Incineroar|26/100
|-enditem|p1b: Incineroar|Sitrus Berry|[eat]
|-heal|p1b: Incineroar|51/100|[from] item: Sitrus Berry
|move|p1b: Incineroar|Parting Shot|p2b: Raichu
|-unboost|p2b: Raichu|atk|1
|-unboost|p2b: Raichu|spa|1
|
|t:|1783870778
|switch|p1b: Blastoise|Blastoise-Mega, L50, M|50/100y|[from] Parting Shot
|move|p2a: Milotic|Coil|p2a: Milotic
|-boost|p2a: Milotic|atk|1
|-boost|p2a: Milotic|def|1
|-boost|p2a: Milotic|accuracy|1
|
|-heal|p2a: Milotic|92/100|[from] item: Leftovers
|upkeep
|turn|5
|
|t:|1783870790
|switch|p2b: Sinistcha|Sinistcha, L50, shiny|86/100
|-heal|p2a: Milotic|100/100|[from] ability: Hospitality|[of] p2b: Sinistcha
|move|p1a: Sinistcha|Rage Powder|p1a: Sinistcha
|-singleturn|p1a: Sinistcha|move: Rage Powder
|move|p1b: Blastoise|Shell Smash|p1b: Blastoise
|-unboost|p1b: Blastoise|def|1
|-unboost|p1b: Blastoise|spd|1
|-boost|p1b: Blastoise|atk|2
|-boost|p1b: Blastoise|spa|2
|-boost|p1b: Blastoise|spe|2
|move|p2a: Milotic|Muddy Water|p1a: Sinistcha|[spread] p1a,p1b
|-resisted|p1a: Sinistcha|1
|-resisted|p1b: Blastoise|1
|-damage|p1a: Sinistcha|88/100
|-damage|p1b: Blastoise|32/100
|-unboost|p1b: Blastoise|accuracy|1
|
|upkeep
|turn|6
|
|t:|1783870806
|switch|p1a: Incineroar|Incineroar, L50, M|51/100
|-ability|p1a: Incineroar|Intimidate|boost
|-unboost|p2a: Milotic|atk|1
|-ability|p2a: Milotic|Competitive|boost
|-boost|p2a: Milotic|spa|2
|-unboost|p2b: Sinistcha|atk|1
|move|p1b: Blastoise|Protect|p1b: Blastoise
|-singleturn|p1b: Blastoise|Protect
|move|p2b: Sinistcha|Protect|p2b: Sinistcha
|-singleturn|p2b: Sinistcha|Protect
|move|p2a: Milotic|Muddy Water|p1a: Incineroar|[spread] p1a
|-activate|p1b: Blastoise|move: Protect
|-supereffective|p1a: Incineroar|1
|-damage|p1a: Incineroar|0 fnt
|faint|p1a: Incineroar
|
|upkeep
|
|t:|1783870821
|switch|p1a: Sinistcha|Sinistcha, L50|88/100
|-heal|p1b: Blastoise|57/100|[from] ability: Hospitality|[of] p1a: Sinistcha
|turn|7
|
|t:|1783870832
|move|p1b: Blastoise|Dark Pulse|p2a: Milotic
|-damage|p2a: Milotic|35/100
|move|p2a: Milotic|Muddy Water|p1b: Blastoise|[spread] p1a,p1b
|-resisted|p1a: Sinistcha|1
|-resisted|p1b: Blastoise|1
|-damage|p1a: Sinistcha|63/100
|-damage|p1b: Blastoise|19/100
|-unboost|p1a: Sinistcha|accuracy|1
|move|p1a: Sinistcha|Matcha Gotcha|p2b: Sinistcha|[spread] p2a,p2b
|-supereffective|p2a: Milotic|1
|-resisted|p2b: Sinistcha|1
|-damage|p2a: Milotic|1/100
|-heal|p1a: Sinistcha|82/100|[from] drain|[of] p2a: Milotic
|-damage|p2b: Sinistcha|75/100
|-heal|p1a: Sinistcha|88/100|[from] drain|[of] p2b: Sinistcha
|-status|p2a: Milotic|brn
|move|p2b: Sinistcha|Matcha Gotcha|p1b: Blastoise|[spread] p1a,p1b
|-resisted|p1a: Sinistcha|1
|-supereffective|p1b: Blastoise|1
|-damage|p1a: Sinistcha|76/100
|-heal|p2b: Sinistcha|82/100|[from] drain|[of] p1a: Sinistcha
|-damage|p1b: Blastoise|0 fnt
|-heal|p2b: Sinistcha|91/100|[from] drain|[of] p1b: Blastoise
|faint|p1b: Blastoise
|
|-heal|p2a: Milotic|7/100 brn|[from] item: Leftovers
|-damage|p2a: Milotic|1/100 brn|[from] brn
|upkeep
|inactive|Roncolaenjoyer has 30 seconds left.
|
|t:|1783870858
|switch|p1b: Kingambit|Kingambit, L50, F|100/100
|turn|8
|
|t:|1783870868
|move|p2b: Sinistcha|Rage Powder|p2b: Sinistcha
|-singleturn|p2b: Sinistcha|move: Rage Powder
|move|p2a: Milotic|Muddy Water|p1a: Sinistcha|[spread] p1a,p1b
|-resisted|p1a: Sinistcha|1
|-damage|p1a: Sinistcha|54/100
|-damage|p1b: Kingambit|51/100
|-unboost|p1a: Sinistcha|accuracy|1
|move|p1a: Sinistcha|Matcha Gotcha|p2b: Sinistcha|[spread] p2a,p2b
|-supereffective|p2a: Milotic|1
|-resisted|p2b: Sinistcha|1
|-crit|p2b: Sinistcha
|-damage|p2a: Milotic|0 fnt
|-heal|p1a: Sinistcha|55/100|[from] drain|[of] p2a: Milotic
|-damage|p2b: Sinistcha|72/100
|-heal|p1a: Sinistcha|65/100|[from] drain|[of] p2b: Sinistcha
|-status|p2b: Sinistcha|brn
|faint|p2a: Milotic
|move|p1b: Kingambit|Kowtow Cleave|p2b: Sinistcha
|-supereffective|p2b: Sinistcha|1
|-damage|p2b: Sinistcha|0 fnt
|faint|p2b: Sinistcha
|
|upkeep
|
|t:|1783870877
|switch|p2b: Raichu|Raichu-Mega-Y, L50, F|100/100
|turn|9
|
|t:|1783870890
|move|p1a: Sinistcha|Protect|p1a: Sinistcha
|-singleturn|p1a: Sinistcha|Protect
|move|p1b: Kingambit|Protect|p1b: Kingambit
|-singleturn|p1b: Kingambit|Protect
|move|p2b: Raichu|Zap Cannon|p1b: Kingambit
|-activate|p1b: Kingambit|move: Protect
|
|upkeep
|turn|10
|
|t:|1783870899
|move|p1a: Sinistcha|Rage Powder|p1a: Sinistcha
|-singleturn|p1a: Sinistcha|move: Rage Powder
|move|p2b: Raichu|Zap Cannon|p1a: Sinistcha
|-resisted|p1a: Sinistcha|1
|-damage|p1a: Sinistcha|33/100
|-status|p1a: Sinistcha|par
|move|p1b: Kingambit|Kowtow Cleave|p2b: Raichu
|-damage|p2b: Raichu|9/100
|
|upkeep
|turn|11
|-message|mikewwm8 forfeited.
|
|win|Roncolaenjoyer
