|j|☆AdvaiLuffy
|j|☆GlitchXDGOAT
|html|AdvaiLuffyGlitchXDGOAT    
|uhtml|bestof|Game 3 of a best-of-3
|t:|1783328443
|gametype|doubles
|player|p1|AdvaiLuffy|steven|1052
|player|p2|GlitchXDGOAT|169|1042
|gen|9
|tier|[Gen 9 Champions] VGC 2026 Reg M-B (Bo3)
|rated|
|rule|Species Clause: Limit one of each Pokémon
|rule|Item Clause: Limit 1 of each item
|clearpoke
|poke|p1|Grimmsnarl, L50, M|
|poke|p1|Swampert, L50, M|
|poke|p1|Pelipper, L50, M|
|poke|p1|Archaludon, L50, M|
|poke|p1|Kingambit, L50, M|
|poke|p1|Metagross, L50|
|poke|p2|Floette-Eternal, L50, F|
|poke|p2|Torkoal, L50, M|
|poke|p2|Vileplume, L50, F|
|poke|p2|Basculegion, L50, M|
|poke|p2|Garchomp, L50, F|
|poke|p2|Kingambit, L50, M|
|teampreview|4
|showteam|p1|Grimmsnarl||LightClay|Prankster|FoulPlay,PartingShot,Reflect,LightScreen|Calm||M|||50|]Swampert||Swampertite|Damp|WaveCrash,Earthquake,IcePunch,Protect|Adamant||M|||50|]Pelipper||SitrusBerry|Drizzle|Hurricane,WeatherBall,Tailwind,WideGuard|Modest||M|||50|]Archaludon||Leftovers|Stamina|ElectroShot,DragonPulse,FlashCannon,Protect|Modest||M|||50|]Kingambit||BlackGlasses|Defiant|KowtowCleave,SuckerPunch,LowKick,Protect|Adamant||M|||50|]Metagross||Metagrossite|ClearBody|IronHead,PsychicFangs,BodyPress,Protect|Jolly|||||50|
|showteam|p2|Floette-Eternal||Floettite|FlowerVeil|Moonblast,DrainingKiss,CalmMind,Protect|Modest||F|||50|]Torkoal||Charcoal|Drought|Eruption,WeatherBall,EarthPower,Protect|Quiet||M|||50|]Vileplume||FocusSash|Chlorophyll|SolarBeam,SludgeBomb,SleepPowder,AfterYou|Timid||F|||50|]Basculegion||ChoiceScarf|Adaptability|WaveCrash,LastRespects,FlipTurn,AquaJet|Jolly||M|||50|]Garchomp||LifeOrb|RoughSkin|DragonClaw,StompingTantrum,RockSlide,Protect|Jolly||F|||50|]Kingambit||BlackGlasses|Defiant|SuckerPunch,KowtowCleave,IronHead,Protect|Adamant||M|||50|
|inactive|Battle timer is ON: inactive players will automatically lose when time's up. (requested by GlitchXDGOAT)
|inactive|AdvaiLuffy also wants the timer to be on.
|
|t:|1783328461
|teamsize|p1|4
|teamsize|p2|4
|start
|switch|p1a: Grimmsnarl|Grimmsnarl, L50, M|100/100
|switch|p1b: Archaludon|Archaludon, L50, M|100/100
|switch|p2a: Kingambit|Kingambit, L50, M|100/100
|switch|p2b: Vileplume|Vileplume, L50, F|100/100
|turn|1
|
|t:|1783328471
|move|p1b: Archaludon|Protect|p1b: Archaludon
|-singleturn|p1b: Archaludon|Protect
|move|p1a: Grimmsnarl|Reflect|p1a: Grimmsnarl
|-sidestart|p1: AdvaiLuffy|Reflect
|move|p2b: Vileplume|Sleep Powder|p1b: Archaludon
|-activate|p1b: Archaludon|move: Protect
|move|p2a: Kingambit|Iron Head|p1a: Grimmsnarl
|-supereffective|p1a: Grimmsnarl|1
|-damage|p1a: Grimmsnarl|42/100
|
|upkeep
|turn|2
|inactive|GlitchXDGOAT has 30 seconds left.
|
|t:|1783328498
|move|p1a: Grimmsnarl|Parting Shot|p2b: Vileplume
|-unboost|p2b: Vileplume|atk|1
|-unboost|p2b: Vileplume|spa|1
|
|t:|1783328501
|switch|p1a: Pelipper|Pelipper, L50, M|100/100|[from] Parting Shot
|-weather|RainDance|[from] ability: Drizzle|[of] p1a: Pelipper
|move|p2b: Vileplume|Sleep Powder|p1b: Archaludon
|-status|p1b: Archaludon|slp|[from] move: Sleep Powder
|cant|p1b: Archaludon|slp
|move|p2a: Kingambit|Iron Head|p1a: Pelipper
|-resisted|p1a: Pelipper|1
|-damage|p1a: Pelipper|84/100
|
|-weather|RainDance|[upkeep]
|upkeep
|turn|3
|
|t:|1783328518
|switch|p2a: Torkoal|Torkoal, L50, M|100/100
|-weather|SunnyDay|[from] ability: Drought|[of] p2a: Torkoal
|move|p2b: Vileplume|Sleep Powder|p1a: Pelipper
|-status|p1a: Pelipper|slp|[from] move: Sleep Powder
|cant|p1b: Archaludon|slp
|cant|p1a: Pelipper|slp
|
|-weather|SunnyDay|[upkeep]
|upkeep
|turn|4
|
|t:|1783328531
|switch|p1a: Grimmsnarl|Grimmsnarl, L50, M|42/100
|-curestatus|p1b: Archaludon|slp|[msg]
|move|p1b: Archaludon|Protect|p1b: Archaludon
|-singleturn|p1b: Archaludon|Protect
|move|p2b: Vileplume|After You|p2a: Torkoal
|-activate|p2a: Torkoal|move: After You
|move|p2a: Torkoal|Eruption|p1b: Archaludon|[spread] p1a
|-activate|p1b: Archaludon|move: Protect
|-damage|p1a: Grimmsnarl|0 fnt
|faint|p1a: Grimmsnarl
|
|-weather|SunnyDay|[upkeep]
|upkeep
|
|t:|1783328546
|switch|p1a: Pelipper|Pelipper, L50, M|84/100 slp
|-weather|RainDance|[from] ability: Drizzle|[of] p1a: Pelipper
|turn|5
|
|t:|1783328557
|switch|p2a: Kingambit|Kingambit, L50, M|100/100
|move|p2b: Vileplume|Sleep Powder|p1b: Archaludon
|-status|p1b: Archaludon|slp|[from] move: Sleep Powder
|cant|p1b: Archaludon|slp
|cant|p1a: Pelipper|slp
|
|-weather|RainDance|[upkeep]
|upkeep
|turn|6
|
|t:|1783328578
|switch|p2a: Torkoal|Torkoal, L50, M|100/100
|-weather|SunnyDay|[from] ability: Drought|[of] p2a: Torkoal
|move|p2b: Vileplume|Solar Beam||[still]
|-prepare|p2b: Vileplume|Solar Beam
|-anim|p2b: Vileplume|Solar Beam|p1a: Pelipper
|-damage|p1a: Pelipper|39/100 slp
|-enditem|p1a: Pelipper|Sitrus Berry|[eat]
|-heal|p1a: Pelipper|64/100 slp|[from] item: Sitrus Berry
|-curestatus|p1b: Archaludon|slp|[msg]
|move|p1b: Archaludon|Electro Shot||[still]
|-prepare|p1b: Archaludon|Electro Shot
|-boost|p1b: Archaludon|spa|1
|-curestatus|p1a: Pelipper|slp|[msg]
|move|p1a: Pelipper|Hurricane|p2b: Vileplume
|-supereffective|p2b: Vileplume|1
|-enditem|p2b: Vileplume|Focus Sash
|-damage|p2b: Vileplume|1/100
|
|-weather|SunnyDay|[upkeep]
|upkeep
|turn|7
|
|t:|1783328603
|move|p1a: Pelipper|Wide Guard|p1a: Pelipper
|-singleturn|p1a: Pelipper|Wide Guard
|move|p2b: Vileplume|After You|p2a: Torkoal
|-activate|p2a: Torkoal|move: After You
|move|p2a: Torkoal|Eruption|p1a: Pelipper|[spread] 
|-activate|p1a: Pelipper|move: Wide Guard
|-activate|p1b: Archaludon|move: Wide Guard
|move|p1b: Archaludon|Electro Shot|p2b: Vileplume|[from] lockedmove
|-resisted|p2b: Vileplume|1
|-damage|p2b: Vileplume|0 fnt
|faint|p2b: Vileplume
|
|-weather|SunnyDay|[upkeep]
|upkeep
|
|t:|1783328608
|switch|p2b: Floette|Floette-Eternal, L50, F|100/100
|turn|8
|
|t:|1783328624
|switch|p1a: Metagross|Metagross, L50|100/100
|move|p2b: Floette|Protect|p2b: Floette
|-singleturn|p2b: Floette|Protect
|move|p1b: Archaludon|Flash Cannon|p2b: Floette
|-activate|p2b: Floette|move: Protect
|move|p2a: Torkoal|Earth Power|p1b: Archaludon
|-supereffective|p1b: Archaludon|1
|-damage|p1b: Archaludon|47/100
|-ability|p1b: Archaludon|Stamina|boost
|-boost|p1b: Archaludon|def|1
|
|-weather|SunnyDay|[upkeep]
|-heal|p1b: Archaludon|53/100|[from] item: Leftovers
|-sideend|p1: AdvaiLuffy|Reflect
|upkeep
|turn|9
|inactive|AdvaiLuffy has 30 seconds left.
|inactive|GlitchXDGOAT has 30 seconds left.
|inactive|GlitchXDGOAT has 20 seconds left.
|inactive|GlitchXDGOAT has 15 seconds left.
|
|t:|1783328664
|switch|p2b: Kingambit|Kingambit, L50, M|100/100
|detailschange|p1a: Metagross|Metagross-Mega, L50
|-mega|p1a: Metagross|Metagross|Metagrossite
|move|p1a: Metagross|Iron Head|p2a: Torkoal
|-resisted|p2a: Torkoal|1
|-damage|p2a: Torkoal|77/100
|move|p1b: Archaludon|Flash Cannon|p2b: Kingambit
|-resisted|p2b: Kingambit|1
|-damage|p2b: Kingambit|73/100
|move|p2a: Torkoal|Weather Ball|p1a: Metagross
|-supereffective|p1a: Metagross|1
|-damage|p1a: Metagross|0 fnt
|faint|p1a: Metagross
|
|-weather|SunnyDay|[upkeep]
|-heal|p1b: Archaludon|59/100|[from] item: Leftovers
|upkeep
|
|t:|1783328682
|switch|p1a: Pelipper|Pelipper, L50, M|64/100
|-weather|RainDance|[from] ability: Drizzle|[of] p1a: Pelipper
|turn|10
|
|t:|1783328690
|switch|p2a: Floette|Floette-Eternal, L50, F|100/100
|move|p1b: Archaludon|Electro Shot||[still]
|-prepare|p1b: Archaludon|Electro Shot
|-boost|p1b: Archaludon|spa|1
|-anim|p1b: Archaludon|Electro Shot|p2b: Kingambit
|-damage|p2b: Kingambit|1/100
|move|p1a: Pelipper|Weather Ball|p2a: Floette
|-damage|p2a: Floette|51/100
|move|p2b: Kingambit|Kowtow Cleave|p1a: Pelipper
|-damage|p1a: Pelipper|0 fnt
|faint|p1a: Pelipper
|
|-weather|RainDance|[upkeep]
|-heal|p1b: Archaludon|65/100|[from] item: Leftovers
|upkeep
|turn|11
|
|t:|1783328710
|detailschange|p2a: Floette|Floette-Mega, L50, F
|-mega|p2a: Floette|Floette|Floettite
|-ability|p2a: Floette|Fairy Aura
|move|p2b: Kingambit|Sucker Punch|p1b: Archaludon
|-damage|p1b: Archaludon|42/100
|-ability|p1b: Archaludon|Stamina|boost
|-boost|p1b: Archaludon|def|1
|move|p2a: Floette|Moonblast|p1b: Archaludon
|-damage|p1b: Archaludon|0 fnt
|faint|p1b: Archaludon
|
|win|GlitchXDGOAT
|raw|AdvaiLuffy's rating: 1052 → 1034(-18 for losing)
|raw|GlitchXDGOAT's rating: 1042 → 1077(+35 for winning)
|c|☆GlitchXDGOAT|GG
|l|☆AdvaiLuffy
|player|p1|
