|j|☆natsukivgc
|j|☆sidhuistic
|html|natsukivgcsidhuistic    
|uhtml|bestof|Game 2 of a best-of-3
|t:|1785948065
|gametype|doubles
|player|p1|natsukivgc|265|1182
|player|p2|sidhuistic|richboy-gen4|1236
|gen|9
|tier|[Gen 9 Champions] VGC 2026 Reg M-B (Bo3)
|rated|
|rule|Species Clause: Limit one of each Pokémon
|rule|Item Clause: Limit 1 of each item
|clearpoke
|poke|p1|Hydreigon, L50, M|
|poke|p1|Garchomp, L50, F|
|poke|p1|Metagross, L50|
|poke|p1|Charizard, L50, F|
|poke|p1|Grimmsnarl, L50, M|
|poke|p1|Toxapex, L50, F|
|poke|p2|Delphox, L50, F|
|poke|p2|Blastoise, L50, M|
|poke|p2|Vivillon, L50, M|
|poke|p2|Maushold, L50|
|poke|p2|Incineroar, L50, M|
|poke|p2|Sinistcha, L50|
|teampreview|4
|showteam|p1|Hydreigon||ChoiceScarf|Levitate|HeatWave,DarkPulse,DracoMeteor,Snarl|Modest||M|||50|]Garchomp||SitrusBerry|RoughSkin|Earthquake,RockSlide,DragonClaw,Protect|Adamant||F|||50|]Metagross||Metagrossite|ClearBody|IronHead,HammerArm,BulletPunch,Protect|Adamant|||||50|]Charizard||CharizarditeY|Blaze|Protect,HeatWave,SolarBeam,WeatherBall|Timid||F|||50|]Grimmsnarl||RoseliBerry|Prankster|FakeOut,FoulPlay,Reflect,PartingShot|Sassy||M|||50|]Toxapex||Leftovers|Regenerator|Infestation,Toxic,BanefulBunker,WideGuard|Bold||F|||50|
|showteam|p2|Delphox||Delphoxite|Blaze|HeatWave,NastyPlot,Psyshock,Protect|Modest||F|||50|]Blastoise||Blastoisinite|RainDish|DarkPulse,WaterSpout,ShellSmash,Protect|Modest||M|||50|]Vivillon||ChoiceScarf|CompoundEyes|SleepPowder,Hurricane,RagePowder,PollenPuff|Timid||M|||50|]Maushold||WideLens|Technician|PopulationBomb,FollowMe,Feint,Protect|Jolly|||||50|]Incineroar||SitrusBerry|Intimidate|FlareBlitz,HelpingHand,PartingShot,FakeOut|Careful||M|||50|]Sinistcha||KasibBerry|Hospitality|MatchaGotcha,RagePowder,TrickRoom,Protect|Bold|||||50|
|inactive|Battle timer is ON: inactive players will automatically lose when time's up. (requested by sidhuistic)
|
|t:|1785948096
|teamsize|p1|4
|teamsize|p2|4
|start
|switch|p1a: Hydreigon|Hydreigon, L50, M|100/100
|switch|p1b: Charizard|Charizard, L50, F|100/100
|switch|p2a: Blastoise|Blastoise, L50, M|100/100
|switch|p2b: Vivillon|Vivillon, L50, M|100/100
|turn|1
|inactive|natsukivgc has 30 seconds left.
|inactive|sidhuistic has 30 seconds left.
|
|t:|1785948125
|detailschange|p1b: Charizard|Charizard-Mega-Y, L50, F
|-mega|p1b: Charizard|Charizard|Charizardite Y
|-weather|SunnyDay|[from] ability: Drought|[of] p1b: Charizard
|move|p2a: Blastoise|Protect|p2a: Blastoise
|-singleturn|p2a: Blastoise|Protect
|move|p2b: Vivillon|Sleep Powder|p1a: Hydreigon
|-status|p1a: Hydreigon|slp|[from] move: Sleep Powder
|cant|p1a: Hydreigon|slp
|move|p1b: Charizard|Heat Wave|p2a: Blastoise|[spread] p2b
|-activate|p2a: Blastoise|move: Protect
|-supereffective|p2b: Vivillon|1
|-damage|p2b: Vivillon|0 fnt
|faint|p2b: Vivillon
|
|-weather|SunnyDay|[upkeep]
|upkeep
|
|t:|1785948140
|switch|p2b: Maushold|Maushold, L50|100/100
|turn|2
|inactive|natsukivgc has 30 seconds left.
|inactive|natsukivgc has 20 seconds left.
|
|t:|1785948176
|detailschange|p2a: Blastoise|Blastoise-Mega, L50, M
|-mega|p2a: Blastoise|Blastoise|Blastoisinite
|cant|p1a: Hydreigon|slp
|move|p2b: Maushold|Population Bomb|p1b: Charizard
|-damage|p1b: Charizard|89/100
|-damage|p1b: Charizard|76/100
|-damage|p1b: Charizard|64/100
|-damage|p1b: Charizard|53/100
|-damage|p1b: Charizard|40/100
|-damage|p1b: Charizard|27/100
|-damage|p1b: Charizard|15/100
|-damage|p1b: Charizard|2/100
|-damage|p1b: Charizard|0 fnt
|faint|p1b: Charizard
|-hitcount|p1: Charizard|9
|move|p2a: Blastoise|Shell Smash|p2a: Blastoise
|-unboost|p2a: Blastoise|def|1
|-unboost|p2a: Blastoise|spd|1
|-boost|p2a: Blastoise|atk|2
|-boost|p2a: Blastoise|spa|2
|-boost|p2a: Blastoise|spe|2
|
|-weather|SunnyDay|[upkeep]
|upkeep
|
|t:|1785948197
|switch|p1b: Grimmsnarl|Grimmsnarl, L50, M|100/100
|turn|3
|
|t:|1785948217
|move|p2a: Blastoise|Protect|p2a: Blastoise
|-singleturn|p2a: Blastoise|Protect
|-curestatus|p1a: Hydreigon|slp|[msg]
|move|p1a: Hydreigon|Draco Meteor|p2a: Blastoise
|-activate|p2a: Blastoise|move: Protect
|move|p2b: Maushold|Population Bomb|p1b: Grimmsnarl
|-damage|p1b: Grimmsnarl|89/100
|-damage|p1b: Grimmsnarl|78/100
|-damage|p1b: Grimmsnarl|67/100
|-damage|p1b: Grimmsnarl|57/100
|-damage|p1b: Grimmsnarl|46/100
|-damage|p1b: Grimmsnarl|34/100
|-damage|p1b: Grimmsnarl|22/100
|-damage|p1b: Grimmsnarl|11/100
|-damage|p1b: Grimmsnarl|1/100
|-damage|p1b: Grimmsnarl|0 fnt
|faint|p1b: Grimmsnarl
|-hitcount|p1: Grimmsnarl|10
|
|-weather|SunnyDay|[upkeep]
|upkeep
|
|t:|1785948239
|switch|p1b: Toxapex|Toxapex, L50, F|100/100
|turn|4
|
|t:|1785948252
|switch|p2a: Incineroar|Incineroar, L50, M|100/100
|-ability|p2a: Incineroar|Intimidate|boost
|-unboost|p1a: Hydreigon|atk|1
|-unboost|p1b: Toxapex|atk|1
|move|p1a: Hydreigon|Draco Meteor|p2a: Incineroar
|-damage|p2a: Incineroar|40/100
|-unboost|p1a: Hydreigon|spa|2
|-enditem|p2a: Incineroar|Sitrus Berry|[eat]
|-heal|p2a: Incineroar|65/100|[from] item: Sitrus Berry
|move|p2b: Maushold|Population Bomb|p1b: Toxapex
|-damage|p1b: Toxapex|91/100
|-damage|p1b: Toxapex|83/100
|-damage|p1b: Toxapex|75/100
|-damage|p1b: Toxapex|67/100
|-damage|p1b: Toxapex|59/100
|-damage|p1b: Toxapex|51/100
|-damage|p1b: Toxapex|43/100
|-damage|p1b: Toxapex|35/100
|-damage|p1b: Toxapex|28/100
|-damage|p1b: Toxapex|20/100y
|-hitcount|p1b: Toxapex|10
|move|p1b: Toxapex|Toxic|p2b: Maushold
|-status|p2b: Maushold|tox
|
|-weather|SunnyDay|[upkeep]
|-heal|p1b: Toxapex|26/100|[from] item: Leftovers
|-damage|p2b: Maushold|94/100 tox|[from] psn
|upkeep
|turn|5
|-message|natsukivgc forfeited.
|
|win|sidhuistic
