|j|☆capspungo
|j|☆Diegoelsocorrista
|html|capspungoDiegoelsocorrista    
|uhtml|bestof|Game 2 of a best-of-3
|t:|1757786100
|gametype|doubles
|player|p1|capspungo|1|1052
|player|p2|Diegoelsocorrista|blaine|1083
|gen|9
|tier|[Gen 9] VGC 2025 Reg H (Bo3)
|rated|
|rule|Species Clause: Limit one of each Pokémon
|rule|Item Clause: Limit 1 of each item
|clearpoke
|poke|p1|Dragonite, L50, M|
|poke|p1|Ursaluna-Bloodmoon, L50, M|
|poke|p1|Annihilape, L50, F|
|poke|p1|Volcarona, L50, M|
|poke|p1|Rillaboom, L50, F|
|poke|p1|Incineroar, L50, M|
|poke|p2|Archaludon, L50, F|
|poke|p2|Rillaboom, L50, F|
|poke|p2|Basculegion, L50, M|
|poke|p2|Kingambit, L50, F|
|poke|p2|Pelipper, L50, M|
|poke|p2|Electabuzz, L50, F|
|teampreview|4
|showteam|p1|Dragonite||LoadedDice|Multiscale|Protect,ScaleShot,Tailwind,Haze|||M|||50|,,,,,Steel]Ursaluna-Bloodmoon||FocusSash|MindsEye|Protect,BloodMoon,EarthPower,HyperVoice|||M|||50|,,,,,Normal]Annihilape||LumBerry|Defiant|Coaching,RageFist,CloseCombat,Taunt|||F|||50|,,,,,Fire]Volcarona||CovertCloak|FlameBody|Protect,QuiverDance,HeatWave,TeraBlast|||M|||50|,,,,,Fairy]Rillaboom||AssaultVest|GrassySurge|FakeOut,WoodHammer,GrassyGlide,HighHorsepower|||F|||50|,,,,,Fire]Incineroar||SafetyGoggles|Intimidate|FakeOut,PartingShot,FlareBlitz,KnockOff|||M|||50|,,,,,Ghost
|showteam|p2|Archaludon||AssaultVest|Stamina|ElectroShot,DracoMeteor,FlashCannon,BodyPress|||F|||50|,,,,,Fairy]Rillaboom||LoadedDice|GrassySurge|BulletSeed,GrassyGlide,FakeOut,Uturn|||F|||50|,,,,,Fire]Basculegion||ChoiceBand|SwiftSwim|WaveCrash,LastRespects,FlipTurn,AquaJet|||M|||50|,,,,,Grass]Kingambit||BlackGlasses|Defiant|KowtowCleave,SuckerPunch,SwordsDance,Protect|||F|||50|,,,,,Dark]Pelipper||FocusSash|Drizzle|WeatherBall,Hurricane,Tailwind,Protect|||M|||50|,,,,,Ghost]Electabuzz||Eviolite|VitalSpirit|Electroweb,Taunt,FollowMe,Protect|||F|||50|,,,,,Ghost
|inactive|Battle timer is ON: inactive players will automatically lose when time's up. (requested by capspungo)
|inactive|Diegoelsocorrista has 60 seconds left.
|inactive|Diegoelsocorrista has 30 seconds left.
|
|t:|1757786186
|teamsize|p1|4
|teamsize|p2|4
|start
|switch|p1a: Dragonite|Dragonite, L50, M|100/100
|switch|p1b: Ursaluna|Ursaluna-Bloodmoon, L50, M|100/100
|switch|p2a: Pelipper|Pelipper, L50, M|100/100
|switch|p2b: Rillaboom|Rillaboom, L50, F|100/100
|-fieldstart|move: Grassy Terrain|[from] ability: Grassy Surge|[of] p2b: Rillaboom
|-weather|RainDance|[from] ability: Drizzle|[of] p2a: Pelipper
|turn|1
|
|t:|1757786210
|switch|p2a: Archaludon|Archaludon, L50, F, shiny|100/100
|move|p1a: Dragonite|Tailwind|p1a: Dragonite
|-sidestart|p1: capspungo|move: Tailwind
|move|p1b: Ursaluna|Hyper Voice|p2a: Archaludon|[spread] p2a,p2b
|-resisted|p2a: Archaludon
|-damage|p2a: Archaludon|88/100
|-damage|p2b: Rillaboom|59/100
|-ability|p2a: Archaludon|Stamina|boost
|-boost|p2a: Archaludon|def|1
|move|p2b: Rillaboom|Bullet Seed|p2a: Archaludon
|-resisted|p2a: Archaludon
|-damage|p2a: Archaludon|85/100
|-ability|p2a: Archaludon|Stamina|boost
|-boost|p2a: Archaludon|def|1
|-resisted|p2a: Archaludon
|-damage|p2a: Archaludon|84/100
|-ability|p2a: Archaludon|Stamina|boost
|-boost|p2a: Archaludon|def|1
|-resisted|p2a: Archaludon
|-damage|p2a: Archaludon|83/100
|-ability|p2a: Archaludon|Stamina|boost
|-boost|p2a: Archaludon|def|1
|-resisted|p2a: Archaludon
|-damage|p2a: Archaludon|82/100
|-ability|p2a: Archaludon|Stamina|boost
|-boost|p2a: Archaludon|def|1
|-resisted|p2a: Archaludon
|-damage|p2a: Archaludon|81/100
|-ability|p2a: Archaludon|Stamina|boost
|-boost|p2a: Archaludon|def|1
|-hitcount|p2a: Archaludon|5
|
|-weather|RainDance|[upkeep]
|-heal|p2b: Rillaboom|65/100|[from] Grassy Terrain
|-heal|p2a: Archaludon|88/100|[from] Grassy Terrain
|upkeep
|turn|2
|inactive|capspungo has 30 seconds left.
|inactive|Diegoelsocorrista has 30 seconds left.
|inactive|Diegoelsocorrista has 20 seconds left.
|inactive|Diegoelsocorrista has 15 seconds left.
|inactive|Diegoelsocorrista has 10 seconds left.
|
|t:|1757786255
|move|p1a: Dragonite|Scale Shot|p2b: Rillaboom
|-damage|p2b: Rillaboom|51/100
|-damage|p2b: Rillaboom|36/100
|-damage|p2b: Rillaboom|23/100
|-damage|p2b: Rillaboom|10/100
|-hitcount|p2b: Rillaboom|4
|-unboost|p1a: Dragonite|def|1
|-boost|p1a: Dragonite|spe|1
|move|p1b: Ursaluna|Hyper Voice|p2a: Archaludon|[spread] p2a,p2b
|-resisted|p2a: Archaludon
|-damage|p2a: Archaludon|75/100
|-damage|p2b: Rillaboom|0 fnt
|faint|p2b: Rillaboom
|move|p2a: Archaludon|Draco Meteor|p1b: Ursaluna
|-damage|p1b: Ursaluna|20/100
|-unboost|p2a: Archaludon|spa|2
|
|-weather|RainDance|[upkeep]
|-heal|p1b: Ursaluna|25/100|[from] Grassy Terrain
|-heal|p2a: Archaludon|81/100|[from] Grassy Terrain
|upkeep
|
|t:|1757786273
|switch|p2b: Basculegion|Basculegion, L50, M|100/100
|turn|3
|inactive|Diegoelsocorrista has 30 seconds left.
|inactive|Diegoelsocorrista has 20 seconds left.
|inactive|Diegoelsocorrista has 15 seconds left.
|inactive|Diegoelsocorrista has 10 seconds left.
|
|t:|1757786320
|move|p1b: Ursaluna|Protect|p1b: Ursaluna
|-singleturn|p1b: Ursaluna|Protect
|move|p2b: Basculegion|Aqua Jet|p1b: Ursaluna
|-activate|p1b: Ursaluna|move: Protect
|move|p1a: Dragonite|Scale Shot|p2b: Basculegion
|-damage|p2b: Basculegion|82/100
|-damage|p2b: Basculegion|65/100
|-damage|p2b: Basculegion|46/100
|-damage|p2b: Basculegion|26/100
|-damage|p2b: Basculegion|8/100
|-hitcount|p2b: Basculegion|5
|-unboost|p1a: Dragonite|def|1
|-boost|p1a: Dragonite|spe|1
|move|p2a: Archaludon|Body Press|p1b: Ursaluna
|-activate|p1b: Ursaluna|move: Protect
|
|-weather|RainDance|[upkeep]
|-heal|p2b: Basculegion|14/100|[from] Grassy Terrain
|-heal|p1b: Ursaluna|31/100|[from] Grassy Terrain
|-heal|p2a: Archaludon|88/100|[from] Grassy Terrain
|upkeep
|turn|4
|inactive|capspungo has 30 seconds left.
|inactive|Diegoelsocorrista has 30 seconds left.
|inactive|capspungo has 20 seconds left.
|
|t:|1757786360
|switch|p1b: Annihilape|Annihilape, L50, F, shiny|100/100
|move|p2b: Basculegion|Aqua Jet|p1b: Annihilape
|-damage|p1b: Annihilape|44/100
|move|p1a: Dragonite|Scale Shot|p2b: Basculegion
|-damage|p2b: Basculegion|0 fnt
|faint|p2b: Basculegion
|-hitcount|p2: Basculegion|1
|-unboost|p1a: Dragonite|def|1
|-boost|p1a: Dragonite|spe|1
|move|p2a: Archaludon|Electro Shot||[still]
|-prepare|p2a: Archaludon|Electro Shot
|-boost|p2a: Archaludon|spa|1
|-anim|p2a: Archaludon|Electro Shot|p1a: Dragonite
|-damage|p1a: Dragonite|88/100
|
|-weather|RainDance|[upkeep]
|-heal|p1b: Annihilape|50/100|[from] Grassy Terrain
|-heal|p2a: Archaludon|94/100|[from] Grassy Terrain
|-sideend|p1: capspungo|move: Tailwind
|upkeep
|
|t:|1757786375
|switch|p2b: Pelipper|Pelipper, L50, M|100/100
|turn|5
|
|t:|1757786399
|-terastallize|p2a: Archaludon|Fairy
|move|p1a: Dragonite|Scale Shot|p2b: Pelipper
|-damage|p2b: Pelipper|82/100
|-damage|p2b: Pelipper|64/100
|-damage|p2b: Pelipper|45/100
|-damage|p2b: Pelipper|25/100
|-damage|p2b: Pelipper|6/100
|-hitcount|p2b: Pelipper|5
|-unboost|p1a: Dragonite|def|1
|-boost|p1a: Dragonite|spe|1
|move|p1b: Annihilape|Rage Fist|p2b: Pelipper
|-damage|p2b: Pelipper|0 fnt
|faint|p2b: Pelipper
|move|p2a: Archaludon|Body Press|p1a: Dragonite
|-resisted|p1a: Dragonite
|-damage|p1a: Dragonite|0 fnt
|faint|p1a: Dragonite
|
|-weather|none
|-heal|p1b: Annihilape|57/100|[from] Grassy Terrain
|-heal|p2a: Archaludon|99/100|[from] Grassy Terrain
|-fieldend|move: Grassy Terrain
|upkeep
|inactive|capspungo has 30 seconds left.
|
|t:|1757786430
|switch|p1a: Volcarona|Volcarona, L50, M|100/100
|turn|6
|inactive|capspungo has 30 seconds left.
|inactive|Diegoelsocorrista has 30 seconds left.
|inactive|capspungo has 20 seconds left.
|inactive|Diegoelsocorrista has 20 seconds left.
|
|t:|1757786468
|move|p1b: Annihilape|Coaching|p1a: Volcarona
|-boost|p1a: Volcarona|atk|1
|-boost|p1a: Volcarona|def|1
|move|p1a: Volcarona|Quiver Dance|p1a: Volcarona
|-boost|p1a: Volcarona|spa|1
|-boost|p1a: Volcarona|spd|1
|-boost|p1a: Volcarona|spe|1
|move|p2a: Archaludon|Body Press|p1a: Volcarona
|-resisted|p1a: Volcarona
|-damage|p1a: Volcarona|60/100
|
|upkeep
|turn|7
|inactive|Diegoelsocorrista has 30 seconds left.
|
|t:|1757786495
|move|p1a: Volcarona|Heat Wave|p2a: Archaludon
|-damage|p2a: Archaludon|49/100
|move|p1b: Annihilape|Coaching|p1a: Volcarona
|-boost|p1a: Volcarona|atk|1
|-boost|p1a: Volcarona|def|1
|move|p2a: Archaludon|Draco Meteor|p1a: Volcarona
|-damage|p1a: Volcarona|38/100
|-unboost|p2a: Archaludon|spa|2
|
|upkeep
|turn|8
|
|t:|1757786508
|move|p1a: Volcarona|Heat Wave|p2a: Archaludon
|-damage|p2a: Archaludon|2/100
|move|p1b: Annihilape|Coaching|p1a: Volcarona
|-boost|p1a: Volcarona|atk|1
|-boost|p1a: Volcarona|def|1
|move|p2a: Archaludon|Draco Meteor|p1a: Volcarona
|-damage|p1a: Volcarona|22/100
|-unboost|p2a: Archaludon|spa|2
|
|upkeep
|turn|9
|c|☆Diegoelsocorrista|gg
|
|t:|1757786520
|-terastallize|p1a: Volcarona|Fairy
|move|p1a: Volcarona|Tera Blast|p2a: Archaludon|[anim] Tera Blast Fairy
|-damage|p2a: Archaludon|0 fnt
|faint|p2a: Archaludon
|
|win|capspungo
||Diegoelsocorrista is ready for game 3.
