|j|☆limestone7276
|j|☆Guiltypleasure06
|html|limestone7276Guiltypleasure06    
|uhtml|bestof|Game 2 of a best-of-3
|t:|1756219738
|gametype|doubles
|player|p1|limestone7276|169|1000
|player|p2|Guiltypleasure06|170|1110
|gen|9
|tier|[Gen 9] VGC 2025 Reg H (Bo3)
|rated|
|rule|Species Clause: Limit one of each Pokémon
|rule|Item Clause: Limit 1 of each item
|clearpoke
|poke|p1|Porygon-Z, L50|
|poke|p1|Palafin, L50, M|
|poke|p1|Volcarona, L50, F|
|poke|p1|Rillaboom, L50, M|
|poke|p1|Ursaluna, L50, F|
|poke|p1|Whimsicott, L50, M|
|poke|p2|Sneasler, L50, M|
|poke|p2|Dondozo, L50, F|
|poke|p2|Magmar, L50, M|
|poke|p2|Rillaboom, L50, M|
|poke|p2|Dragonite, L50, M|
|poke|p2|Kingambit, L50, M|
|teampreview|4
|showteam|p1|Porygon-Z||LifeOrb|Adaptability|HyperBeam,Protect,DarkPulse,TriAttack||||||50|,,,,,Normal]Palafin||MysticWater|ZerotoHero|FlipTurn,JetPunch,DrainPunch,WaveCrash|||M|||50|,,,,,Water]Volcarona||RockyHelmet|FlameBody|FieryDance,Protect,RagePowder,StruggleBug|||F|||50|,,,,,Grass]Rillaboom||AssaultVest|GrassySurge|DrumBeating,FakeOut,GrassyGlide,WoodHammer|||M|||50|,,,,,Fire]Ursaluna||FlameOrb|Guts|Earthquake,Facade,HeadlongRush,Protect|||F|||50|,,,,,Ghost]Whimsicott||CovertCloak|Prankster|Encore,LightScreen,Moonblast,Tailwind|||M|||50|,,,,,Dark
|showteam|p2|Sneasler||FocusSash|Unburden|CloseCombat,DireClaw,Coaching,Protect|||M|||50|,,,,,Stellar]Dondozo||Leftovers|Unaware|Liquidation,Yawn,Protect,Fissure|||F|||50|,,,,,Fire]Magmar||Eviolite|VitalSpirit|Overheat,WillOWisp,FollowMe,Protect|||M|||50|,,,,,Dragon]Rillaboom||AssaultVest|GrassySurge|WoodHammer,GrassyGlide,Uturn,FakeOut|||M|||50|,,,,,Fire]Dragonite||LoadedDice|Multiscale|ExtremeSpeed,ScaleShot,LowKick,Protect|||M|||50|,,,,,Fairy]Kingambit||BlackGlasses|Defiant|Protect,SwordsDance,SuckerPunch,KowtowCleave|||M|||50|,,,,,Dark
|
|t:|1756219772
|teamsize|p1|4
|teamsize|p2|4
|start
|switch|p1a: Palafin|Palafin, L50, M|100/100
|switch|p1b: Ursaluna|Ursaluna, L50, F|100/100
|switch|p2a: Sneasler|Sneasler, L50, M|100/100
|switch|p2b: Rillaboom|Rillaboom, L50, M|100/100
|-fieldstart|move: Grassy Terrain|[from] ability: Grassy Surge|[of] p2b: Rillaboom
|turn|1
|
|t:|1756219800
|detailschange|p1a: Palafin|Palafin-Hero, L50, M
|switch|p1a: Rillaboom|Rillaboom, L50, M|100/100
|-terastallize|p1b: Ursaluna|Ghost
|move|p2a: Sneasler|Dire Claw|p1a: Rillaboom
|-supereffective|p1a: Rillaboom
|-damage|p1a: Rillaboom|18/100
|move|p2b: Rillaboom|Wood Hammer|p1b: Ursaluna
|-damage|p1b: Ursaluna|38/100
|-damage|p2b: Rillaboom|78/100|[from] Recoil
|move|p1b: Ursaluna|Earthquake|p2b: Rillaboom|[spread] p1a,p2a,p2b
|-resisted|p1a: Rillaboom
|-supereffective|p2a: Sneasler
|-resisted|p2b: Rillaboom
|-damage|p1a: Rillaboom|8/100
|-damage|p2a: Sneasler|22/100
|-damage|p2b: Rillaboom|68/100
|
|-heal|p2a: Sneasler|28/100|[from] Grassy Terrain
|-heal|p2b: Rillaboom|74/100|[from] Grassy Terrain
|-heal|p1a: Rillaboom|15/100|[from] Grassy Terrain
|-heal|p1b: Ursaluna|45/100|[from] Grassy Terrain
|-status|p1b: Ursaluna|brn|[from] item: Flame Orb
|upkeep
|turn|2
|inactive|Battle timer is ON: inactive players will automatically lose when time's up. (requested by Guiltypleasure06)
|
|t:|1756219874
|move|p1b: Ursaluna|Protect|p1b: Ursaluna
|-singleturn|p1b: Ursaluna|Protect
|move|p1a: Rillaboom|Fake Out|p2b: Rillaboom
|-damage|p2b: Rillaboom|60/100
|move|p2a: Sneasler|Dire Claw|p1b: Ursaluna
|-activate|p1b: Ursaluna|move: Protect
|cant|p2b: Rillaboom|flinch
|
|-heal|p2a: Sneasler|34/100|[from] Grassy Terrain
|-heal|p2b: Rillaboom|66/100|[from] Grassy Terrain
|-heal|p1a: Rillaboom|21/100|[from] Grassy Terrain
|-heal|p1b: Ursaluna|51/100 brn|[from] Grassy Terrain
|-damage|p1b: Ursaluna|45/100 brn|[from] brn
|upkeep
|turn|3
|
|t:|1756219896
|move|p1a: Rillaboom|Grassy Glide|p2a: Sneasler
|-resisted|p2a: Sneasler
|-damage|p2a: Sneasler|5/100
|move|p2a: Sneasler|Dire Claw|p1b: Ursaluna
|-resisted|p1b: Ursaluna
|-damage|p1b: Ursaluna|30/100 brn
|move|p2b: Rillaboom|U-turn|p1a: Rillaboom
|-supereffective|p1a: Rillaboom
|-damage|p1a: Rillaboom|0 fnt
|faint|p1a: Rillaboom
|
|t:|1756219910
|switch|p2b: Kingambit|Kingambit, L50, M, shiny|100/100|[from] U-turn
|move|p1b: Ursaluna|Facade|p2b: Kingambit
|-resisted|p2b: Kingambit
|-damage|p2b: Kingambit|50/100
|
|-heal|p2a: Sneasler|11/100|[from] Grassy Terrain
|-heal|p2b: Kingambit|56/100|[from] Grassy Terrain
|-heal|p1b: Ursaluna|36/100 brn|[from] Grassy Terrain
|-damage|p1b: Ursaluna|30/100 brn|[from] brn
|upkeep
|
|t:|1756219914
|switch|p1a: Palafin|Palafin-Hero, L50, M|100/100
|-activate|p1a: Palafin|ability: Zero to Hero
|turn|4
|inactive|Guiltypleasure06 has 30 seconds left.
|
|t:|1756219940
|move|p1b: Ursaluna|Protect|p1b: Ursaluna
|-singleturn|p1b: Ursaluna|Protect
|move|p2b: Kingambit|Protect|p2b: Kingambit
|-singleturn|p2b: Kingambit|Protect
|move|p2a: Sneasler|Coaching|p2b: Kingambit
|-boost|p2b: Kingambit|atk|1
|-boost|p2b: Kingambit|def|1
|move|p1a: Palafin|Drain Punch|p2b: Kingambit
|-activate|p2b: Kingambit|move: Protect
|
|-heal|p2a: Sneasler|17/100|[from] Grassy Terrain
|-heal|p2b: Kingambit|62/100|[from] Grassy Terrain
|-heal|p1b: Ursaluna|36/100 brn|[from] Grassy Terrain
|-damage|p1b: Ursaluna|30/100 brn|[from] brn
|upkeep
|turn|5
|inactive|Guiltypleasure06 has 30 seconds left.
|
|t:|1756219973
|-terastallize|p2b: Kingambit|Dark
|move|p1b: Ursaluna|Protect||[still]
|-fail|p1b: Ursaluna
|move|p1a: Palafin|Jet Punch|p2a: Sneasler
|-damage|p2a: Sneasler|0 fnt
|faint|p2a: Sneasler
|move|p2b: Kingambit|Sucker Punch||[still]
|-fail|p2b: Kingambit
|
|-heal|p2b: Kingambit|68/100|[from] Grassy Terrain
|-heal|p1b: Ursaluna|36/100 brn|[from] Grassy Terrain
|-damage|p1b: Ursaluna|30/100 brn|[from] brn
|-fieldend|move: Grassy Terrain
|upkeep
|
|t:|1756219984
|switch|p2a: Rillaboom|Rillaboom, L50, M|66/100
|-fieldstart|move: Grassy Terrain|[from] ability: Grassy Surge|[of] p2a: Rillaboom
|turn|6
|inactive|Guiltypleasure06 has 30 seconds left.
|inactive|limestone7276 has 30 seconds left.
|inactive|Guiltypleasure06 has 20 seconds left.
|inactive|limestone7276 has 20 seconds left.
|inactive|Guiltypleasure06 has 15 seconds left.
|inactive|limestone7276 has 15 seconds left.
|inactive|limestone7276 has 10 seconds left.
|
|t:|1756220037
|move|p1a: Palafin|Drain Punch|p2b: Kingambit
|-supereffective|p2b: Kingambit
|-damage|p2b: Kingambit|31/100
|move|p2a: Rillaboom|Wood Hammer|p1a: Palafin
|-supereffective|p1a: Palafin
|-damage|p1a: Palafin|0 fnt
|faint|p1a: Palafin
|-damage|p2a: Rillaboom|38/100|[from] Recoil
|move|p2b: Kingambit|Kowtow Cleave|p1b: Ursaluna
|-supereffective|p1b: Ursaluna
|-damage|p1b: Ursaluna|0 fnt
|faint|p1b: Ursaluna
|
|-heal|p2a: Rillaboom|44/100|[from] Grassy Terrain
|-heal|p2b: Kingambit|37/100|[from] Grassy Terrain
|upkeep
|
|t:|1756220044
|switch|p1b: Porygon-Z|Porygon-Z, L50|100/100
|turn|7
|-message|limestone7276 forfeited.
|
|win|Guiltypleasure06
|l|☆limestone7276
|player|p1|
|j|☆limestone7276
|player|p1|limestone7276|169|
||Guiltypleasure06 is ready for game 3.
||limestone7276 is ready for game 3.
|uhtml|next|Next: Game 3 of 3
|l|☆limestone7276
|player|p1|
