|j|☆bennoVGC
|j|☆mackerjuan
|html|bennoVGCmackerjuan    
|uhtml|bestof|Game 1 of a best-of-3
|t:|1756728513
|gametype|doubles
|player|p1|bennoVGC|2|1277
|player|p2|mackerjuan|2|1287
|gen|9
|tier|[Gen 9] VGC 2025 Reg H (Bo3)
|rated|
|rule|Species Clause: Limit one of each Pokémon
|rule|Item Clause: Limit 1 of each item
|clearpoke
|poke|p1|Ursaluna, L50, M|
|poke|p1|Hydreigon, L50, M|
|poke|p1|Gholdengo, L50|
|poke|p1|Incineroar, L50, F|
|poke|p1|Amoonguss, L50, F|
|poke|p1|Porygon2, L50|
|poke|p2|Incineroar, L50, M|
|poke|p2|Gholdengo, L50|
|poke|p2|Porygon2, L50|
|poke|p2|Ursaluna, L50, M|
|poke|p2|Amoonguss, L50, M|
|poke|p2|Hydreigon, L50, F|
|teampreview|4
|showteam|p1|Ursaluna||FlameOrb|Guts|Facade,HeadlongRush,Earthquake,Protect|||M|||50|,,,,,Fairy]Hydreigon||SafetyGoggles|Levitate|DracoMeteor,Snarl,Tailwind,Protect|||M|||50|,,,,,Ghost]Gholdengo||LifeOrb|GoodasGold|MakeItRain,ShadowBall,NastyPlot,Protect||||||50|,,,,,Dragon]Incineroar||AssaultVest|Intimidate|KnockOff,FlareBlitz,Uturn,FakeOut|||F|||50|,,,,,Grass]Amoonguss||CovertCloak|Regenerator|Spore,RagePowder,ClearSmog,PollenPuff|||F|||50|,,,,,Fire]Porygon2||Eviolite|Download|TeraBlast,IceBeam,Recover,TrickRoom||||||50|,,,,,Fairy
|showteam|p2|Incineroar||SafetyGoggles|Intimidate|FlareBlitz,KnockOff,FakeOut,PartingShot|||M|||50|,,,,,Ghost]Gholdengo||LifeOrb|GoodasGold|MakeItRain,ShadowBall,NastyPlot,Protect||||||50|,,,,,Water]Porygon2||Eviolite|Download|TeraBlast,IceBeam,Recover,TrickRoom||||||50|,,,,,Fighting]Ursaluna||FlameOrb|Guts|Facade,HeadlongRush,Earthquake,Protect|||M|||50|,,,,,Ghost]Amoonguss||SitrusBerry|Regenerator|PollenPuff,Spore,RagePowder,Protect|||M|||50|,,,,,Water]Hydreigon||CovertCloak|Levitate|Taunt,Tailwind,DracoMeteor,Snarl|||F|||50|,,,,,Steel
|inactive|Battle timer is ON: inactive players will automatically lose when time's up. (requested by mackerjuan)
|inactive|bennoVGC has 60 seconds left.
|inactive|bennoVGC has 30 seconds left.
|inactive|bennoVGC has 20 seconds left.
|
|t:|1756728588
|teamsize|p1|4
|teamsize|p2|4
|start
|switch|p1a: Ursaluna|Ursaluna, L50, M|100/100
|switch|p1b: Hydreigon|Hydreigon, L50, M|100/100
|switch|p2a: Incineroar|Incineroar, L50, M|100/100
|switch|p2b: Gholdengo|Gholdengo, L50|100/100
|-ability|p2a: Incineroar|Intimidate|boost
|-unboost|p1a: Ursaluna|atk|1
|-unboost|p1b: Hydreigon|atk|1
|turn|1
|inactive|mackerjuan has 30 seconds left.
|inactive|bennoVGC has 30 seconds left.
|
|t:|1756728624
|-terastallize|p2b: Gholdengo|Water
|move|p1a: Ursaluna|Protect|p1a: Ursaluna
|-singleturn|p1a: Ursaluna|Protect
|move|p2a: Incineroar|Fake Out|p1b: Hydreigon
|-damage|p1b: Hydreigon|88/100
|cant|p1b: Hydreigon|flinch
|move|p2b: Gholdengo|Nasty Plot|p2b: Gholdengo
|-boost|p2b: Gholdengo|spa|2
|
|-status|p1a: Ursaluna|brn|[from] item: Flame Orb
|upkeep
|turn|2
|inactive|mackerjuan has 30 seconds left.
|
|t:|1756728651
|switch|p1a: Incineroar|Incineroar, L50, F, shiny|100/100
|-ability|p1a: Incineroar|Intimidate|boost
|-unboost|p2a: Incineroar|atk|1
|-unboost|p2b: Gholdengo|atk|1
|switch|p2a: Hydreigon|Hydreigon, L50, F|100/100
|move|p1b: Hydreigon|Snarl|p2b: Gholdengo|[spread] p2a,p2b
|-resisted|p2a: Hydreigon
|-damage|p2a: Hydreigon|92/100
|-damage|p2b: Gholdengo|82/100
|-unboost|p2b: Gholdengo|spa|1
|move|p2b: Gholdengo|Make It Rain|p1b: Hydreigon|[spread] p1a,p1b
|-resisted|p1a: Incineroar
|-damage|p1a: Incineroar|72/100
|-damage|p1b: Hydreigon|6/100
|-unboost|p2b: Gholdengo|spa|1
|-damage|p2b: Gholdengo|72/100|[from] item: Life Orb
|
|upkeep
|turn|3
|inactive|mackerjuan has 30 seconds left.
|inactive|bennoVGC has 30 seconds left.
|inactive|mackerjuan has 20 seconds left.
|inactive|mackerjuan has 15 seconds left.
|inactive|mackerjuan has 10 seconds left.
|
|t:|1756728698
|switch|p2b: Ursaluna|Ursaluna, L50, M|100/100
|move|p1a: Incineroar|Fake Out|p2a: Hydreigon
|-damage|p2a: Hydreigon|80/100
|move|p1b: Hydreigon|Tailwind|p1b: Hydreigon
|-sidestart|p1: bennoVGC|move: Tailwind
|move|p2a: Hydreigon|Snarl|p1a: Incineroar|[spread] p1a,p1b
|-resisted|p1a: Incineroar
|-resisted|p1b: Hydreigon
|-damage|p1a: Incineroar|66/100
|-damage|p1b: Hydreigon|0 fnt
|-unboost|p1a: Incineroar|spa|1
|faint|p1b: Hydreigon
|
|-status|p2b: Ursaluna|brn|[from] item: Flame Orb
|upkeep
|
|t:|1756728709
|switch|p1b: Ursaluna|Ursaluna, L50, M|100/100 brn
|turn|4
|inactive|mackerjuan has 30 seconds left.
|
|t:|1756728734
|-terastallize|p1b: Ursaluna|Fairy
|move|p2b: Ursaluna|Protect|p2b: Ursaluna
|-singleturn|p2b: Ursaluna|Protect
|move|p1a: Incineroar|U-turn|p2a: Hydreigon
|-supereffective|p2a: Hydreigon
|-damage|p2a: Hydreigon|34/100
|inactive|bennoVGC has 30 seconds left.
|
|t:|1756728761
|switch|p1a: Gholdengo|Gholdengo, L50|100/100|[from] U-turn
|move|p1b: Ursaluna|Facade|p2b: Ursaluna
|-activate|p2b: Ursaluna|move: Protect
|move|p2a: Hydreigon|Tailwind|p2a: Hydreigon
|-sidestart|p2: mackerjuan|move: Tailwind
|
|-damage|p1b: Ursaluna|95/100 brn|[from] brn
|-damage|p2b: Ursaluna|95/100 brn|[from] brn
|upkeep
|turn|5
|inactive|bennoVGC has 30 seconds left.
|inactive|mackerjuan has 30 seconds left.
|inactive|bennoVGC has 20 seconds left.
|inactive|bennoVGC has 15 seconds left.
|inactive|bennoVGC has 10 seconds left.
|inactive|bennoVGC has 5 seconds left.
|
|t:|1756728812
|switch|p2b: Incineroar|Incineroar, L50, M|100/100
|-ability|p2b: Incineroar|Intimidate|boost
|-unboost|p1a: Gholdengo|atk|1
|-unboost|p1b: Ursaluna|atk|1
|move|p1a: Gholdengo|Protect|p1a: Gholdengo
|-singleturn|p1a: Gholdengo|Protect
|move|p2a: Hydreigon|Snarl|p1a: Gholdengo|[spread] p1b
|-activate|p1a: Gholdengo|move: Protect
|-resisted|p1b: Ursaluna
|-damage|p1b: Ursaluna|85/100 brn
|-unboost|p1b: Ursaluna|spa|1
|move|p1b: Ursaluna|Facade|p2a: Hydreigon
|-damage|p2a: Hydreigon|0 fnt
|faint|p2a: Hydreigon
|
|-damage|p1b: Ursaluna|79/100 brn|[from] brn
|upkeep
|
|t:|1756728830
|switch|p2a: Gholdengo|Gholdengo, L50, tera:Water|72/100
|turn|6
|inactive|mackerjuan has 30 seconds left.
|inactive|mackerjuan has 20 seconds left.
|
|t:|1756728869
|switch|p1b: Incineroar|Incineroar, L50, F, shiny|66/100
|-ability|p1b: Incineroar|Intimidate|boost
|-unboost|p2a: Gholdengo|atk|1
|-unboost|p2b: Incineroar|atk|1
|move|p1a: Gholdengo|Shadow Ball|p2a: Gholdengo
|-crit|p2a: Gholdengo
|-damage|p2a: Gholdengo|0 fnt
|faint|p2a: Gholdengo
|-damage|p1a: Gholdengo|91/100|[from] item: Life Orb
|move|p2b: Incineroar|Knock Off|p1a: Gholdengo
|-supereffective|p1a: Gholdengo
|-damage|p1a: Gholdengo|33/100
|-enditem|p1a: Gholdengo|Life Orb|[from] move: Knock Off|[of] p2b: Incineroar
|
|-sideend|p1: bennoVGC|move: Tailwind
|upkeep
|
|t:|1756728875
|switch|p2a: Ursaluna|Ursaluna, L50, M|95/100 brn
|turn|7
|
|t:|1756728891
|move|p1a: Gholdengo|Protect|p1a: Gholdengo
|-singleturn|p1a: Gholdengo|Protect
|move|p1b: Incineroar|Fake Out|p2a: Ursaluna
|-damage|p2a: Ursaluna|85/100 brn
|cant|p2a: Ursaluna|flinch
|move|p2b: Incineroar|Knock Off|p1a: Gholdengo
|-activate|p1a: Gholdengo|move: Protect
|
|-damage|p2a: Ursaluna|79/100 brn|[from] brn
|-sideend|p2: mackerjuan|move: Tailwind
|upkeep
|turn|8
|
|t:|1756728912
|move|p2a: Ursaluna|Protect|p2a: Ursaluna
|-singleturn|p2a: Ursaluna|Protect
|move|p1a: Gholdengo|Make It Rain|p2a: Ursaluna|[spread] p2b
|-activate|p2a: Ursaluna|move: Protect
|-resisted|p2b: Incineroar
|-damage|p2b: Incineroar|83/100
|-unboost|p1a: Gholdengo|spa|1
|move|p1b: Incineroar|Flare Blitz|p2a: Ursaluna
|-activate|p2a: Ursaluna|move: Protect
|move|p2b: Incineroar|Knock Off|p1a: Gholdengo
|-supereffective|p1a: Gholdengo
|-damage|p1a: Gholdengo|0 fnt
|faint|p1a: Gholdengo
|
|-damage|p2a: Ursaluna|74/100 brn|[from] brn
|upkeep
|
|t:|1756728914
|switch|p1a: Ursaluna|Ursaluna, L50, M, tera:Fairy|79/100 brn
|turn|9
|
|t:|1756728930
|move|p1b: Incineroar|Knock Off|p2a: Ursaluna
|-damage|p2a: Ursaluna|41/100 brn
|-enditem|p2a: Ursaluna|Flame Orb|[from] move: Knock Off|[of] p1b: Incineroar
|move|p1a: Ursaluna|Facade|p2a: Ursaluna
|-damage|p2a: Ursaluna|0 fnt
|faint|p2a: Ursaluna
|move|p2b: Incineroar|Flare Blitz|p1a: Ursaluna
|-crit|p1a: Ursaluna
|-damage|p1a: Ursaluna|13/100 brn
|-damage|p2b: Incineroar|60/100|[from] Recoil
|
|-damage|p1a: Ursaluna|7/100 brn|[from] brn
|upkeep
|turn|10
|
|t:|1756728942
|move|p1b: Incineroar|Knock Off|p2b: Incineroar
|-resisted|p2b: Incineroar
|-crit|p2b: Incineroar
|-damage|p2b: Incineroar|29/100
|-enditem|p2b: Incineroar|Safety Goggles|[from] move: Knock Off|[of] p1b: Incineroar
|move|p1a: Ursaluna|Headlong Rush|p2b: Incineroar
|-supereffective|p2b: Incineroar
|-damage|p2b: Incineroar|0 fnt
|-unboost|p1a: Ursaluna|def|1
|-unboost|p1a: Ursaluna|spd|1
|faint|p2b: Incineroar
|
|win|bennoVGC
