|j|☆DrinksPhatetic
|j|☆ursear_vgc
|html|DrinksPhateticursear_vgc    
|uhtml|bestof|Game 3 of a best-of-3
|t:|1784366057
|gametype|doubles
|player|p1|DrinksPhatetic|acetrainer-gen4dp|1078
|player|p2|ursear_vgc|giovanni|1156
|gen|9
|tier|[Gen 9 Champions] VGC 2026 Reg M-B (Bo3)
|rated|
|rule|Species Clause: Limit one of each Pokémon
|rule|Item Clause: Limit 1 of each item
|clearpoke
|poke|p1|Venusaur, L50, M|
|poke|p1|Milotic, L50, F|
|poke|p1|Sableye, L50, M|
|poke|p1|Sylveon, L50, F|
|poke|p1|Kleavor, L50, M|
|poke|p1|Hydreigon, L50, M|
|poke|p2|Charizard, L50, M|
|poke|p2|Farigiraf, L50, F|
|poke|p2|Venusaur, L50, M|
|poke|p2|Garchomp, L50, M|
|poke|p2|Incineroar, L50, F|
|poke|p2|Sylveon, L50, F|
|teampreview|4
|showteam|p1|Venusaur||Venusaurite|Chlorophyll|EarthPower,GigaDrain,SludgeBomb,Protect|Modest||M|||50|]Milotic||Leftovers|Competitive|Protect,Scald,IceBeam,Recover|Bold||F|||50|]Sableye||LightClay|Prankster|Disable,FakeOut,Reflect,LightScreen|Calm||M|||50|]Sylveon||FairyFeather|Pixilate|HyperBeam,QuickAttack,HyperVoice,Protect|Modest||F|||50|]Kleavor||FocusSash|Sharpness|StoneAxe,XScissor,Tailwind,Protect|Jolly||M|||50|]Hydreigon||ChoiceScarf|Levitate|DragonPulse,DarkPulse,HeatWave,FlashCannon|Modest||M|||50|
|showteam|p2|Charizard||CharizarditeY|Blaze|HeatWave,WeatherBall,SolarBeam,Protect|Modest||M|||50|]Farigiraf||ColburBerry|ArmorTail|Psychic,Thunderbolt,HelpingHand,TrickRoom|Bold||F|||50|]Venusaur||FocusSash|Chlorophyll|LeafStorm,SludgeBomb,SleepPowder,Protect|Modest||M|||50|]Garchomp||LifeOrb|RoughSkin|RockSlide,DragonClaw,Earthquake,Protect|Jolly||M|||50|]Incineroar||SitrusBerry|Intimidate|FlareBlitz,DarkestLariat,PartingShot,FakeOut|Impish||F|||50|]Sylveon||FairyFeather|Pixilate|HyperVoice,HyperBeam,QuickAttack,Protect|Modest||F|||50|
|inactive|Battle timer is ON: inactive players will automatically lose when time's up. (requested by DrinksPhatetic)
|
|t:|1784366100
|teamsize|p1|4
|teamsize|p2|4
|start
|switch|p1a: Kleavor|Kleavor, L50, M|100/100
|switch|p1b: Sableye|Sableye, L50, M|100/100
|switch|p2a: Incineroar|Incineroar, L50, F|100/100
|switch|p2b: Farigiraf|Farigiraf, L50, F|100/100
|-ability|p2a: Incineroar|Intimidate|boost
|-unboost|p1a: Kleavor|atk|1
|-unboost|p1b: Sableye|atk|1
|turn|1
|
|t:|1784366124
|move|p1a: Kleavor|Protect|p1a: Kleavor
|-singleturn|p1a: Kleavor|Protect
|move|p2a: Incineroar|Fake Out|p1a: Kleavor
|-activate|p1a: Kleavor|move: Protect
|move|p1b: Sableye|Reflect|p1b: Sableye
|-sidestart|p1: DrinksPhatetic|Reflect
|move|p2b: Farigiraf|Trick Room|p2b: Farigiraf
|-fieldstart|move: Trick Room|[of] p2b: Farigiraf
|
|upkeep
|turn|2
|inactive|ursear_vgc has 30 seconds left.
|inactive|ursear_vgc has 20 seconds left.
|
|t:|1784366161
|switch|p2a: Sylveon|Sylveon, L50, F|100/100
|move|p1b: Sableye|Light Screen|p1b: Sableye
|-sidestart|p1: DrinksPhatetic|move: Light Screen
|move|p2b: Farigiraf|Psychic|p1a: Kleavor
|-damage|p1a: Kleavor|65/100
|move|p1a: Kleavor|Stone Axe|p2a: Sylveon
|-damage|p2a: Sylveon|54/100
|-sidestart|p2: ursear_vgc|move: Stealth Rock
|
|upkeep
|turn|3
|
|t:|1784366177
|move|p2b: Farigiraf|Helping Hand|p2a: Sylveon
|-singleturn|p2a: Sylveon|Helping Hand|[of] p2b: Farigiraf
|move|p1a: Kleavor|Protect|p1a: Kleavor
|-singleturn|p1a: Kleavor|Protect
|move|p1b: Sableye|Disable||[still]
|cant|p2b: Farigiraf|ability: Armor Tail|Disable|[of] p1b: Sableye
|move|p2a: Sylveon|Hyper Voice|p1a: Kleavor|[spread] p1b
|-activate|p1a: Kleavor|move: Protect
|-supereffective|p1b: Sableye|1
|-damage|p1b: Sableye|0 fnt
|faint|p1b: Sableye
|
|upkeep
|
|t:|1784366188
|switch|p1b: Sylveon|Sylveon, L50, F|100/100
|turn|4
|
|t:|1784366209
|move|p2b: Farigiraf|Helping Hand|p2a: Sylveon
|-singleturn|p2a: Sylveon|Helping Hand|[of] p2b: Farigiraf
|move|p2a: Sylveon|Hyper Voice|p1b: Sylveon|[spread] p1a,p1b
|-damage|p1a: Kleavor|0 fnt
|-damage|p1b: Sylveon|65/100
|faint|p1a: Kleavor
|move|p1b: Sylveon|Hyper Beam|p2a: Sylveon
|-damage|p2a: Sylveon|0 fnt
|-mustrecharge|p1b: Sylveon
|faint|p2a: Sylveon
|
|upkeep
|inactive|ursear_vgc has 30 seconds left.
|
|t:|1784366241
|switch|p2a: Incineroar|Incineroar, L50, F|100/100
|switch|p1a: Venusaur|Venusaur, L50, M|100/100
|-damage|p2a: Incineroar|75/100|[from] Stealth Rock
|-ability|p2a: Incineroar|Intimidate|boost
|-unboost|p1a: Venusaur|atk|1
|-unboost|p1b: Sylveon|atk|1
|turn|5
|inactive|ursear_vgc has 30 seconds left.
|
|t:|1784366274
|detailschange|p1a: Venusaur|Venusaur-Mega, L50, M
|-mega|p1a: Venusaur|Venusaur|Venusaurite
|move|p1a: Venusaur|Protect|p1a: Venusaur
|-singleturn|p1a: Venusaur|Protect
|move|p2a: Incineroar|Fake Out|p1a: Venusaur
|-activate|p1a: Venusaur|move: Protect
|move|p2b: Farigiraf|Psychic|p1b: Sylveon
|-damage|p1b: Sylveon|50/100g
|cant|p1b: Sylveon|recharge
|
|-fieldend|move: Trick Room
|upkeep
|turn|6
|
|t:|1784366293
|move|p1a: Venusaur|Earth Power|p2b: Farigiraf
|-damage|p2b: Farigiraf|66/100
|move|p2a: Incineroar|Flare Blitz|p1b: Sylveon
|-damage|p1b: Sylveon|14/100
|-damage|p2a: Incineroar|63/100|[from] Recoil
|move|p1b: Sylveon|Hyper Voice|p2b: Farigiraf|[spread] p2a,p2b
|-damage|p2a: Incineroar|21/100
|-damage|p2b: Farigiraf|15/100
|-enditem|p2a: Incineroar|Sitrus Berry|[eat]
|-heal|p2a: Incineroar|46/100|[from] item: Sitrus Berry
|move|p2b: Farigiraf|Psychic|p1a: Venusaur
|-supereffective|p1a: Venusaur|1
|-damage|p1a: Venusaur|59/100
|
|upkeep
|turn|7
|inactive|ursear_vgc has 30 seconds left.
|
|t:|1784366327
|move|p1b: Sylveon|Quick Attack||[still]
|cant|p2b: Farigiraf|ability: Armor Tail|Quick Attack|[of] p1b: Sylveon
|move|p1a: Venusaur|Earth Power|p2a: Incineroar
|-supereffective|p2a: Incineroar|1
|-damage|p2a: Incineroar|0 fnt
|faint|p2a: Incineroar
|move|p2b: Farigiraf|Psychic|p1a: Venusaur
|-supereffective|p1a: Venusaur|1
|-crit|p1a: Venusaur
|-damage|p1a: Venusaur|0 fnt
|faint|p1a: Venusaur
|
|upkeep
|
|t:|1784366338
|switch|p2a: Charizard|Charizard, L50, M|100/100
|-damage|p2a: Charizard|50/100y|[from] Stealth Rock
|turn|8
|-message|DrinksPhatetic forfeited.
|raw|DrinksPhatetic's rating: 1078 → 1061(-17 for losing)
|raw|ursear_vgc's rating: 1156 → 1175(+19 for winning)
|
|win|ursear_vgc
|l|☆DrinksPhatetic
|player|p1|
