|j|☆bathoven
|j|☆lolgz
|html|bathovenlolgz    
|uhtml|bestof|Game 3 of a best-of-3
|t:|1782434757
|gametype|doubles
|player|p1|bathoven|pokemaniac|1066
|player|p2|lolgz|dawn|1118
|gen|9
|tier|[Gen 9 Champions] VGC 2026 Reg M-B (Bo3)
|rated|
|rule|Species Clause: Limit one of each Pokémon
|rule|Item Clause: Limit 1 of each item
|clearpoke
|poke|p1|Hawlucha, L50, F|
|poke|p1|Excadrill, L50, F|
|poke|p1|Houndstone, L50, F|
|poke|p1|Whimsicott, L50, M|
|poke|p1|Mr. Rime, L50, M|
|poke|p1|Machamp, L50, M|
|poke|p2|Torkoal, L50, F|
|poke|p2|Vileplume, L50, F|
|poke|p2|Farigiraf, L50, M|
|poke|p2|Scrafty, L50, M|
|poke|p2|Gallade, L50, M|
|poke|p2|Mawile, L50, F|
|teampreview|4
|showteam|p1|Hawlucha||Hawluchanite|Limber|Entrainment,Taunt,QuickGuard,Protect|Timid||F|||50|]Excadrill||FocusSash|SandRush|Fissure,HornDrill,Protect,Sandstorm|Jolly||F|||50|]Houndstone||LifeOrb|SandRush|LastRespects,ShadowSneak,Disable,Protect|Adamant||F|||50|]Whimsicott||MentalHerb|Prankster|Tailwind,Encore,Protect,Moonblast|Bold||M|||50|]Mr. Rime||SitrusBerry|TangledFeet|SheerCold,RolePlay,FakeOut,Protect|Jolly||M|||50|]Machamp||Leftovers|NoGuard|QuickGuard,WideGuard,BulletPunch,DynamicPunch|Adamant||M|||50|
|showteam|p2|Torkoal||Charcoal|Drought|Eruption,WeatherBall,EarthPower,Protect|Quiet||F|||50|]Vileplume||FocusSash|Chlorophyll|EnergyBall,SludgeBomb,SleepPowder,AfterYou|Timid||F|||50|]Farigiraf||SitrusBerry|ArmorTail|TrickRoom,Thunderbolt,Psychic,HelpingHand|Bold||M|||50|]Scrafty||Scraftinite|Intimidate|FakeOut,CloseCombat,KnockOff,RockSlide|Brave||M|||50|]Gallade||IronBall|Sharpness|SacredSword,PsychoCut,WideGuard,TrickRoom|Brave||M|||50|]Mawile||Mawilite|Intimidate|SuckerPunch,PlayRough,SwordsDance,Protect|Brave||F|||50|
|inactive|Battle timer is ON: inactive players will automatically lose when time's up. (requested by lolgz)
|
|t:|1782434782
|teamsize|p1|4
|teamsize|p2|4
|start
|switch|p1a: Hawlucha|Hawlucha, L50, F|100/100
|switch|p1b: Excadrill|Excadrill, L50, F|100/100
|switch|p2a: Farigiraf|Farigiraf, L50, M|100/100
|switch|p2b: Scrafty|Scrafty, L50, M|100/100
|-ability|p2b: Scrafty|Intimidate|boost
|-unboost|p1a: Hawlucha|atk|1
|-unboost|p1b: Excadrill|atk|1
|turn|1
|inactive|bathoven has 30 seconds left.
|inactive|lolgz has 30 seconds left.
|inactive|lolgz has 20 seconds left.
|inactive|lolgz has 15 seconds left.
|inactive|lolgz has 10 seconds left.
|inactive|lolgz has 5 seconds left.
|
|t:|1782434833
|detailschange|p1a: Hawlucha|Hawlucha-Mega, L50, F
|-mega|p1a: Hawlucha|Hawlucha|Hawluchanite
|move|p2b: Scrafty|Fake Out|p1a: Hawlucha
|-damage|p1a: Hawlucha|87/100
|cant|p1a: Hawlucha|flinch
|move|p1b: Excadrill|Fissure|p2b: Scrafty|[miss]
|-miss|p1b: Excadrill|p2b: Scrafty
|move|p2a: Farigiraf|Trick Room|p2a: Farigiraf
|-fieldstart|move: Trick Room|[of] p2a: Farigiraf
|
|upkeep
|turn|2
|
|t:|1782434848
|detailschange|p2b: Scrafty|Scrafty-Mega, L50, M
|-mega|p2b: Scrafty|Scrafty|Scraftinite
|-ability|p2b: Scrafty|Intimidate|boost
|-unboost|p1a: Hawlucha|atk|1
|-unboost|p1b: Excadrill|atk|1
|move|p1b: Excadrill|Protect|p1b: Excadrill
|-singleturn|p1b: Excadrill|Protect
|move|p1a: Hawlucha|Protect|p1a: Hawlucha
|-singleturn|p1a: Hawlucha|Protect
|move|p2b: Scrafty|Rock Slide|p1a: Hawlucha|[spread] 
|-activate|p1a: Hawlucha|move: Protect
|-activate|p1b: Excadrill|move: Protect
|move|p2a: Farigiraf|Psychic|p1a: Hawlucha
|-activate|p1a: Hawlucha|move: Protect
|
|upkeep
|turn|3
|inactive|lolgz has 30 seconds left.
|inactive|lolgz has 20 seconds left.
|inactive|lolgz has 15 seconds left.
|inactive|lolgz has 10 seconds left.
|inactive|lolgz has 5 seconds left.
|
|t:|1782434899
|switch|p1b: Machamp|Machamp, L50, M|100/100
|switch|p1a: Houndstone|Houndstone, L50, F|100/100
|move|p2b: Scrafty|Close Combat|p1b: Machamp
|-damage|p1b: Machamp|29/100
|-unboost|p2b: Scrafty|def|1
|-unboost|p2b: Scrafty|spd|1
|move|p2a: Farigiraf|Psychic|p1a: Houndstone
|-damage|p1a: Houndstone|55/100
|
|-heal|p1b: Machamp|35/100|[from] item: Leftovers
|upkeep
|turn|4
|
|t:|1782434923
|move|p1b: Machamp|Dynamic Punch|p2b: Scrafty
|-supereffective|p2b: Scrafty|1
|-damage|p2b: Scrafty|0 fnt
|faint|p2b: Scrafty
|move|p2a: Farigiraf|Psychic|p1b: Machamp
|-supereffective|p1b: Machamp|1
|-damage|p1b: Machamp|0 fnt
|faint|p1b: Machamp
|move|p1a: Houndstone|Disable|p2a: Farigiraf
|-start|p2a: Farigiraf|Disable|Psychic
|
|upkeep
|
|t:|1782434933
|switch|p1b: Excadrill|Excadrill, L50, F|100/100
|switch|p2b: Torkoal|Torkoal, L50, F|100/100
|-weather|SunnyDay|[from] ability: Drought|[of] p2b: Torkoal
|turn|5
|
|t:|1782434944
|switch|p2a: Gallade|Gallade, L50, M|100/100
|move|p1b: Excadrill|Protect|p1b: Excadrill
|-singleturn|p1b: Excadrill|Protect
|move|p2b: Torkoal|Eruption|p1a: Houndstone|[spread] p1a
|-activate|p1b: Excadrill|move: Protect
|-damage|p1a: Houndstone|0 fnt
|faint|p1a: Houndstone
|
|-weather|SunnyDay|[upkeep]
|-fieldend|move: Trick Room
|upkeep
|
|t:|1782434955
|switch|p1a: Hawlucha|Hawlucha-Mega, L50, F|87/100
|turn|6
|
|t:|1782434964
|move|p1a: Hawlucha|Entrainment|p1b: Excadrill
|-ability|p1b: Excadrill|No Guard|Sand Rush|[from] move: Entrainment|[of] p1a: Hawlucha
|move|p1b: Excadrill|Fissure|p2b: Torkoal
|-damage|p2b: Torkoal|0 fnt
|faint|p2b: Torkoal
|-ohko
|move|p2a: Gallade|Trick Room|p2a: Gallade
|-fieldstart|move: Trick Room|[of] p2a: Gallade
|
|-weather|SunnyDay|[upkeep]
|upkeep
|inactive|lolgz has 30 seconds left.
|
|t:|1782434991
|switch|p2b: Farigiraf|Farigiraf, L50, M|100/100
|turn|7
|
|t:|1782435004
|move|p1b: Excadrill|Protect|p1b: Excadrill
|-singleturn|p1b: Excadrill|Protect
|move|p1a: Hawlucha|Protect|p1a: Hawlucha
|-singleturn|p1a: Hawlucha|Protect
|move|p2a: Gallade|Sacred Sword|p1b: Excadrill
|-activate|p1b: Excadrill|move: Protect
|move|p2b: Farigiraf|Psychic|p1b: Excadrill
|-activate|p1b: Excadrill|move: Protect
|
|-weather|SunnyDay|[upkeep]
|upkeep
|turn|8
|inactive|bathoven has 30 seconds left.
|inactive|lolgz has 30 seconds left.
|inactive|lolgz has 20 seconds left.
|
|t:|1782435040
|move|p2a: Gallade|Sacred Sword|p1b: Excadrill
|-supereffective|p1b: Excadrill|1
|-enditem|p1b: Excadrill|Focus Sash
|-damage|p1b: Excadrill|1/100
|move|p2b: Farigiraf|Psychic|p1b: Excadrill
|-resisted|p1b: Excadrill|1
|-damage|p1b: Excadrill|0 fnt
|faint|p1b: Excadrill
|move|p1a: Hawlucha|Entrainment|p2a: Gallade
|-ability|p2a: Gallade|No Guard|Sharpness|[from] move: Entrainment|[of] p1a: Hawlucha
|
|-weather|SunnyDay|[upkeep]
|upkeep
|turn|9
|-message|bathoven forfeited.
|
|win|lolgz
|raw|bathoven's rating: 1066 → 1049(-17 for losing)
|raw|lolgz's rating: 1118 → 1139(+21 for winning)
