|j|☆KodeBeast0526
|j|☆CrazyComet37
|html|KodeBeast0526CrazyComet37    
|uhtml|bestof|Game 1 of a best-of-3
|t:|1783522051
|gametype|doubles
|player|p1|KodeBeast0526|hiker|1171
|player|p2|CrazyComet37|flint|1261
|gen|9
|tier|[Gen 9 Champions] VGC 2026 Reg M-B (Bo3)
|rated|
|rule|Species Clause: Limit one of each Pokémon
|rule|Item Clause: Limit 1 of each item
|clearpoke
|poke|p1|Gengar, L50, M|
|poke|p1|Swampert, L50, M|
|poke|p1|Incineroar, L50, F|
|poke|p1|Politoed, L50, F|
|poke|p1|Archaludon, L50, M|
|poke|p1|Vivillon-Ocean, L50, M|
|poke|p2|Whimsicott, L50, F|
|poke|p2|Garchomp, L50, M|
|poke|p2|Charizard, L50, F|
|poke|p2|Floette-Eternal, L50, F|
|poke|p2|Kingambit, L50, M|
|poke|p2|Basculegion, L50, M|
|teampreview|4
|showteam|p1|Gengar||Gengarite|CursedBody|ShadowBall,PerishSong,SludgeBomb,Protect|Timid||M|||50|]Swampert||Swampertite|Torrent|WaveCrash,Earthquake,IcePunch,Protect|Adamant||M|||50|]Incineroar||PasshoBerry|Intimidate|ThroatChop,PartingShot,FakeOut,Protect|Sassy||F|||50|]Politoed||SitrusBerry|Drizzle|WeatherBall,PerishSong,Encore,Protect|Calm||F|||50|]Archaludon||Leftovers|Stamina|DragonPulse,FlashCannon,ElectroShot,Protect|Bold||M|||50|]Vivillon-Ocean||FocusSash|CompoundEyes|Hurricane,SleepPowder,RagePowder,Protect|Timid||M|||50|
|showteam|p2|Whimsicott||FocusSash|Prankster|Protect,Tailwind,Moonblast,Encore|Timid||F|||50|]Garchomp||LifeOrb|RoughSkin|Protect,Earthquake,DragonClaw,RockSlide|Jolly||M|||50|]Charizard||CharizarditeY|Blaze|Protect,HeatWave,WeatherBall,SolarBeam|Modest||F|||50|]Floette-Eternal||Floettite|FlowerVeil|Protect,LightofRuin,DazzlingGleam,Moonblast|Modest||F|||50|]Kingambit||ChopleBerry|Defiant|IronHead,SuckerPunch,KowtowCleave,LowKick|Adamant||M|||50|]Basculegion||MysticWater|Adaptability|Protect,AquaJet,LastRespects,WaveCrash|Adamant||M|||50|
|j| TheCadKid
|inactive|Battle timer is ON: inactive players will automatically lose when time's up. (requested by KodeBeast0526)
|
|t:|1783522111
|teamsize|p1|4
|teamsize|p2|4
|start
|switch|p1a: Archaludon|Archaludon, L50, M|100/100
|switch|p1b: Politoed|Politoed, L50, F|100/100
|switch|p2a: Whimsicott|Whimsicott, L50, F|100/100
|switch|p2b: Kingambit|Kingambit, L50, M|100/100
|-weather|RainDance|[from] ability: Drizzle|[of] p1b: Politoed
|turn|1
|inactive|CrazyComet37 has 30 seconds left.
|
|t:|1783522139
|move|p2a: Whimsicott|Moonblast|p1b: Politoed
|-damage|p1b: Politoed|72/100
|move|p1a: Archaludon|Electro Shot||[still]
|-prepare|p1a: Archaludon|Electro Shot
|-boost|p1a: Archaludon|spa|1
|-anim|p1a: Archaludon|Electro Shot|p2b: Kingambit
|-damage|p2b: Kingambit|40/100
|move|p1b: Politoed|Weather Ball|p2b: Kingambit
|-damage|p2b: Kingambit|0 fnt
|faint|p2b: Kingambit
|
|-weather|RainDance|[upkeep]
|upkeep
|
|t:|1783522153
|switch|p2b: Floette|Floette-Eternal, L50, F|100/100
|turn|2
|
|t:|1783522162
|detailschange|p2b: Floette|Floette-Mega, L50, F
|-mega|p2b: Floette|Floette|Floettite
|-ability|p2b: Floette|Fairy Aura
|move|p2a: Whimsicott|Moonblast|p1b: Politoed
|-damage|p1b: Politoed|32/100
|-enditem|p1b: Politoed|Sitrus Berry|[eat]
|-heal|p1b: Politoed|57/100|[from] item: Sitrus Berry
|move|p2b: Floette|Light of Ruin|p1a: Archaludon
|-damage|p1a: Archaludon|0 fnt
|faint|p1a: Archaludon
|-damage|p2b: Floette|34/100|[from] Recoil
|move|p1b: Politoed|Weather Ball|p2b: Floette
|-damage|p2b: Floette|0 fnt
|faint|p2b: Floette
|
|-weather|RainDance|[upkeep]
|upkeep
|
|t:|1783522176
|switch|p2b: Basculegion|Basculegion, L50, M|100/100
|switch|p1a: Swampert|Swampert, L50, M|100/100
|turn|3
|
|t:|1783522204
|switch|p1b: Incineroar|Incineroar, L50, F|100/100
|-ability|p1b: Incineroar|Intimidate|boost
|-unboost|p2a: Whimsicott|atk|1
|-unboost|p2b: Basculegion|atk|1
|detailschange|p1a: Swampert|Swampert-Mega, L50, M
|-mega|p1a: Swampert|Swampert|Swampertite
|move|p1a: Swampert|Ice Punch|p2a: Whimsicott
|-supereffective|p2a: Whimsicott|1
|-enditem|p2a: Whimsicott|Focus Sash
|-damage|p2a: Whimsicott|1/100
|move|p2a: Whimsicott|Moonblast|p1a: Swampert
|-damage|p1a: Swampert|65/100
|move|p2b: Basculegion|Last Respects|p1a: Swampert
|-damage|p1a: Swampert|5/100
|
|-weather|RainDance|[upkeep]
|upkeep
|turn|4
|
|t:|1783522227
|move|p2a: Whimsicott|Protect|p2a: Whimsicott
|-singleturn|p2a: Whimsicott|Protect
|move|p1a: Swampert|Protect|p1a: Swampert
|-singleturn|p1a: Swampert|Protect
|move|p2b: Basculegion|Wave Crash|p1b: Incineroar
|-supereffective|p1b: Incineroar|1
|-enditem|p1b: Incineroar|Passho Berry|[eat]
|-enditem|p1b: Incineroar|Passho Berry|[weaken]
|-damage|p1b: Incineroar|16/100
|-damage|p2b: Basculegion|71/100|[from] Recoil
|move|p1b: Incineroar|Throat Chop|p2b: Basculegion
|-supereffective|p2b: Basculegion|1
|-damage|p2b: Basculegion|0 fnt
|faint|p2b: Basculegion
|
|-weather|RainDance|[upkeep]
|upkeep
|turn|5
|
|t:|1783522247
|move|p1a: Swampert|Ice Punch|p2a: Whimsicott
|-supereffective|p2a: Whimsicott|1
|-damage|p2a: Whimsicott|0 fnt
|faint|p2a: Whimsicott
|
|win|KodeBeast0526
||CrazyComet37 is ready for game 2.
|l| TheCadKid
||KodeBeast0526 is ready for game 2.
|uhtml|next|Next: Game 2 of 3
|l|☆KodeBeast0526
|player|p1|
