|j|☆Iceman5687
|j|☆Balaapizza
|html|Iceman5687Balaapizza    
|uhtml|bestof|Game 2 of a best-of-3
|t:|1784318964
|gametype|doubles
|player|p1|Iceman5687|170|1204
|player|p2|Balaapizza|101|1157
|gen|9
|tier|[Gen 9 Champions] VGC 2026 Reg M-B (Bo3)
|rated|
|rule|Species Clause: Limit one of each Pokémon
|rule|Item Clause: Limit 1 of each item
|clearpoke
|poke|p1|Charizard, L50, F|
|poke|p1|Grimmsnarl, L50, M|
|poke|p1|Pelipper, L50, M|
|poke|p1|Archaludon, L50, M|
|poke|p1|Basculegion, L50, M|
|poke|p1|Venusaur, L50, M|
|poke|p2|Tyranitar, L50, F|
|poke|p2|Steelix, L50, M|
|poke|p2|Sinistcha, L50|
|poke|p2|Sneasler, L50, F|
|poke|p2|Milotic, L50, F|
|poke|p2|Grimmsnarl, L50, M|
|teampreview|4
|showteam|p1|Charizard||CharizarditeY|Blaze|Protect,HeatWave,WeatherBall,SolarBeam|Modest||F|||50|]Grimmsnarl||LightClay|Prankster|SpiritBreak,Reflect,LightScreen,PartingShot|Sassy||M|||50|]Pelipper||SitrusBerry|Drizzle|Hurricane,WeatherBall,Tailwind,WideGuard|Modest||M|||50|]Archaludon||Leftovers|Stamina|Protect,ElectroShot,DragonPulse,FlashCannon|Calm||M|||50|]Basculegion||ChoiceScarf|Adaptability|FlipTurn,WaveCrash,AquaJet,LastRespects|Jolly||M|||50|]Venusaur||FocusSash|Chlorophyll|Protect,SleepPowder,SludgeBomb,EarthPower|Modest||M|||50|
|showteam|p2|Tyranitar||Tyranitarite|SandStream|DragonDance,RockSlide,KnockOff,Protect|Adamant||F|||50|]Steelix||Steelixite|Sturdy|HeavySlam,HighHorsepower,WideGuard,Protect|Careful||M|||50|]Sinistcha||SitrusBerry|Hospitality|MatchaGotcha,TrickRoom,Protect,RagePowder|Bold|||||50|]Sneasler||WhiteHerb|Unburden|FakeOut,Protect,CloseCombat,DireClaw|Jolly||F|||50|]Milotic||Leftovers|MarvelScale|Coil,MuddyWater,Hypnosis,IcyWind|Calm||F|||50|]Grimmsnarl||LightClay|Prankster|Reflect,LightScreen,SpiritBreak,PartingShot|Careful||M|||50|
|
|t:|1784319012
|teamsize|p1|4
|teamsize|p2|4
|start
|switch|p1a: Charizard|Charizard, L50, F|100/100
|switch|p1b: Venusaur|Venusaur, L50, M|100/100
|switch|p2a: Grimmsnarl|Grimmsnarl, L50, M|100/100
|switch|p2b: Milotic|Milotic, L50, F|100/100
|turn|1
|
|t:|1784319034
|detailschange|p1a: Charizard|Charizard-Mega-Y, L50, F
|-mega|p1a: Charizard|Charizard|Charizardite Y
|-weather|SunnyDay|[from] ability: Drought|[of] p1a: Charizard
|move|p2a: Grimmsnarl|Light Screen|p2a: Grimmsnarl
|-sidestart|p2: Balaapizza|move: Light Screen
|move|p1b: Venusaur|Sleep Powder|p2a: Grimmsnarl
|-status|p2a: Grimmsnarl|slp|[from] move: Sleep Powder
|move|p1a: Charizard|Solar Beam||[still]
|-prepare|p1a: Charizard|Solar Beam
|-anim|p1a: Charizard|Solar Beam|p2b: Milotic
|-supereffective|p2b: Milotic|1
|-damage|p2b: Milotic|63/100
|move|p2b: Milotic|Icy Wind|p1a: Charizard|[spread] p1a,p1b
|-crit|p1a: Charizard
|-supereffective|p1b: Venusaur|1
|-damage|p1a: Charizard|84/100
|-damage|p1b: Venusaur|79/100
|-unboost|p1a: Charizard|spe|1
|-unboost|p1b: Venusaur|spe|1
|
|-weather|SunnyDay|[upkeep]
|-heal|p2b: Milotic|69/100|[from] item: Leftovers
|upkeep
|turn|2
|
|t:|1784319070
|move|p1b: Venusaur|Sleep Powder|p2b: Milotic|[miss]
|-miss|p1b: Venusaur|p2b: Milotic
|move|p2b: Milotic|Icy Wind|p1b: Venusaur|[spread] p1a,p1b
|-supereffective|p1b: Venusaur|1
|-damage|p1a: Charizard|76/100
|-damage|p1b: Venusaur|59/100
|-unboost|p1a: Charizard|spe|1
|-unboost|p1b: Venusaur|spe|1
|cant|p2a: Grimmsnarl|slp
|move|p1a: Charizard|Solar Beam||[still]
|-prepare|p1a: Charizard|Solar Beam
|-anim|p1a: Charizard|Solar Beam|p2b: Milotic
|-supereffective|p2b: Milotic|1
|-damage|p2b: Milotic|35/100
|
|-weather|SunnyDay|[upkeep]
|-heal|p2b: Milotic|41/100|[from] item: Leftovers
|upkeep
|turn|3
|
|t:|1784319090
|switch|p1a: Grimmsnarl|Grimmsnarl, L50, M|100/100
|-curestatus|p2a: Grimmsnarl|slp|[msg]
|move|p2a: Grimmsnarl|Parting Shot|p1a: Grimmsnarl
|-hint|Since gen 7, Dark is immune to Prankster moves.
|-immune|p1a: Grimmsnarl
|move|p1b: Venusaur|Sleep Powder|p2b: Milotic
|-status|p2b: Milotic|slp|[from] move: Sleep Powder
|cant|p2b: Milotic|slp
|
|-weather|SunnyDay|[upkeep]
|-heal|p2b: Milotic|47/100 slp|[from] item: Leftovers
|upkeep
|turn|4
|
|t:|1784319107
|move|p2a: Grimmsnarl|Reflect|p2a: Grimmsnarl
|-sidestart|p2: Balaapizza|Reflect
|move|p1b: Venusaur|Sludge Bomb|p2a: Grimmsnarl
|-supereffective|p2a: Grimmsnarl|1
|-damage|p2a: Grimmsnarl|50/100g
|-status|p2a: Grimmsnarl|psn
|cant|p2b: Milotic|slp
|move|p1a: Grimmsnarl|Spirit Break|p2a: Grimmsnarl
|-supereffective|p2a: Grimmsnarl|1
|-damage|p2a: Grimmsnarl|6/100 psn
|-unboost|p2a: Grimmsnarl|spa|1
|
|-weather|SunnyDay|[upkeep]
|-heal|p2b: Milotic|53/100 slp|[from] item: Leftovers
|-damage|p2a: Grimmsnarl|0 fnt|[from] psn
|faint|p2a: Grimmsnarl
|upkeep
|
|t:|1784319114
|switch|p2a: Tyranitar|Tyranitar, L50, F|100/100
|-weather|Sandstorm|[from] ability: Sand Stream|[of] p2a: Tyranitar
|turn|5
|
|t:|1784319134
|move|p1a: Grimmsnarl|Reflect|p1a: Grimmsnarl
|-sidestart|p1: Iceman5687|Reflect
|-curestatus|p2b: Milotic|slp|[msg]
|move|p2b: Milotic|Muddy Water|p1b: Venusaur|[spread] p1a,p1b
|-resisted|p1b: Venusaur|1
|-damage|p1a: Grimmsnarl|78/100
|-damage|p1b: Venusaur|45/100
|move|p2a: Tyranitar|Dragon Dance|p2a: Tyranitar
|-boost|p2a: Tyranitar|atk|1
|-boost|p2a: Tyranitar|spe|1
|move|p1b: Venusaur|Sleep Powder|p2a: Tyranitar|[miss]
|-miss|p1b: Venusaur|p2a: Tyranitar
|
|-weather|Sandstorm|[upkeep]
|-damage|p2b: Milotic|47/100|[from] Sandstorm
|-damage|p1a: Grimmsnarl|72/100|[from] Sandstorm
|-damage|p1b: Venusaur|40/100|[from] Sandstorm
|-heal|p2b: Milotic|53/100|[from] item: Leftovers
|upkeep
|turn|6
|
|t:|1784319158
|switch|p1b: Basculegion|Basculegion, L50, M|100/100
|move|p2a: Tyranitar|Rock Slide|p1a: Grimmsnarl|[spread] p1a,p1b
|-damage|p1a: Grimmsnarl|46/100
|-damage|p1b: Basculegion|69/100
|move|p2b: Milotic|Coil|p2b: Milotic
|-boost|p2b: Milotic|atk|1
|-boost|p2b: Milotic|def|1
|-boost|p2b: Milotic|accuracy|1
|move|p1a: Grimmsnarl|Spirit Break|p2a: Tyranitar
|-supereffective|p2a: Tyranitar|1
|-damage|p2a: Tyranitar|72/100
|-unboost|p2a: Tyranitar|spa|1
|
|-weather|Sandstorm|[upkeep]
|-damage|p1b: Basculegion|63/100|[from] Sandstorm
|-damage|p2b: Milotic|47/100|[from] Sandstorm
|-damage|p1a: Grimmsnarl|40/100|[from] Sandstorm
|-heal|p2b: Milotic|53/100|[from] item: Leftovers
|upkeep
|turn|7
|
|t:|1784319187
|move|p2a: Tyranitar|Protect|p2a: Tyranitar
|-singleturn|p2a: Tyranitar|Protect
|move|p1a: Grimmsnarl|Light Screen|p1a: Grimmsnarl
|-sidestart|p1: Iceman5687|move: Light Screen
|move|p1b: Basculegion|Flip Turn|p2a: Tyranitar
|-activate|p2a: Tyranitar|move: Protect
|move|p2b: Milotic|Icy Wind|p1b: Basculegion|[spread] p1a,p1b
|-resisted|p1b: Basculegion|1
|-damage|p1a: Grimmsnarl|34/100
|-damage|p1b: Basculegion|59/100
|-unboost|p1a: Grimmsnarl|spe|1
|-unboost|p1b: Basculegion|spe|1
|
|-weather|Sandstorm|[upkeep]
|-damage|p1b: Basculegion|53/100|[from] Sandstorm
|-damage|p2b: Milotic|47/100|[from] Sandstorm
|-damage|p1a: Grimmsnarl|28/100|[from] Sandstorm
|-heal|p2b: Milotic|53/100|[from] item: Leftovers
|upkeep
|turn|8
|
|t:|1784319210
|switch|p2b: Sneasler|Sneasler, L50, F|100/100
|move|p2a: Tyranitar|Rock Slide|p1b: Basculegion|[spread] p1b
|-miss|p2a: Tyranitar|p1a: Grimmsnarl
|-damage|p1b: Basculegion|21/100
|move|p1b: Basculegion|Flip Turn|p2a: Tyranitar
|-supereffective|p2a: Tyranitar|1
|-damage|p2a: Tyranitar|36/100
|
|t:|1784319219
|switch|p1b: Charizard|Charizard-Mega-Y, L50, F|76/100|[from] Flip Turn
|-weather|SunnyDay|[from] ability: Drought|[of] p1b: Charizard
|move|p1a: Grimmsnarl|Spirit Break|p2a: Tyranitar
|-supereffective|p2a: Tyranitar|1
|-damage|p2a: Tyranitar|6/100
|-unboost|p2a: Tyranitar|spa|1
|
|-weather|SunnyDay|[upkeep]
|-sideend|p2: Balaapizza|move: Light Screen
|upkeep
|turn|9
|
|t:|1784319256
|move|p1b: Charizard|Protect|p1b: Charizard
|-singleturn|p1b: Charizard|Protect
|move|p2b: Sneasler|Fake Out|p1a: Grimmsnarl
|-damage|p1a: Grimmsnarl|19/100
|move|p2a: Tyranitar|Dragon Dance|p2a: Tyranitar
|-boost|p2a: Tyranitar|atk|1
|-boost|p2a: Tyranitar|spe|1
|cant|p1a: Grimmsnarl|flinch
|
|-weather|SunnyDay|[upkeep]
|upkeep
|turn|10
|
|t:|1784319273
|switch|p2b: Milotic|Milotic, L50, F|53/100
|switch|p1b: Venusaur|Venusaur, L50, M|40/100
|move|p1a: Grimmsnarl|Parting Shot|p2b: Milotic
|-unboost|p2b: Milotic|atk|1
|-unboost|p2b: Milotic|spa|1
|
|t:|1784319278
|switch|p1a: Basculegion|Basculegion, L50, M|21/100|[from] Parting Shot
|move|p2a: Tyranitar|Rock Slide|p1a: Basculegion|[spread] p1a,p1b
|-damage|p1a: Basculegion|0 fnt
|-damage|p1b: Venusaur|0 fnt
|faint|p1a: Basculegion
|faint|p1b: Venusaur
|
|-weather|SunnyDay|[upkeep]
|-heal|p2b: Milotic|59/100|[from] item: Leftovers
|upkeep
|
|t:|1784319280
|switch|p1a: Grimmsnarl|Grimmsnarl, L50, M|19/100
|switch|p1b: Charizard|Charizard-Mega-Y, L50, F|76/100
|turn|11
|
|t:|1784319295
|detailschange|p2a: Tyranitar|Tyranitar-Mega, L50, F
|-mega|p2a: Tyranitar|Tyranitar|Tyranitarite
|-weather|Sandstorm|[from] ability: Sand Stream|[of] p2a: Tyranitar
|move|p2a: Tyranitar|Rock Slide|p1b: Charizard|[spread] p1a,p1b
|-supereffective|p1b: Charizard|2
|-damage|p1a: Grimmsnarl|0 fnt
|-damage|p1b: Charizard|0 fnt
|faint|p1a: Grimmsnarl
|faint|p1b: Charizard
|
|win|Balaapizza
