|j|☆KaiserBN1
|j|☆Gummytime
|html|KaiserBN1Gummytime    
|uhtml|bestof|Game 2 of a best-of-3
|t:|1756403335
|gametype|doubles
|player|p1|KaiserBN1|n|1055
|player|p2|Gummytime|169|1003
|gen|9
|tier|[Gen 9] VGC 2025 Reg H (Bo3)
|rated|
|rule|Species Clause: Limit one of each Pokémon
|rule|Item Clause: Limit 1 of each item
|clearpoke
|poke|p1|Amoonguss, L50, M|
|poke|p1|Sneasler, L50, F|
|poke|p1|Gholdengo, L50|
|poke|p1|Incineroar, L50, M|
|poke|p1|Ursaluna-Bloodmoon, L50, M|
|poke|p1|Dragonite, L50, F|
|poke|p2|Chandelure, L50, M|
|poke|p2|Whimsicott, L50, F|
|poke|p2|Pawmot, L50, F|
|poke|p2|Glimmora, L50, M|
|poke|p2|Farigiraf, L50, M|
|poke|p2|Incineroar, L50, F|
|teampreview|4
|showteam|p1|Amoonguss||SitrusBerry|Regenerator|RagePowder,Spore,PollenPuff,Protect|||M|||50|,,,,,Psychic]Sneasler||FocusSash|Unburden|Protect,DireClaw,CloseCombat,ThroatChop|||F|||50|,,,,,Stellar]Gholdengo||LifeOrb|GoodasGold|Protect,MakeItRain,ShadowBall,NastyPlot||||||50|,,,,,Water]Incineroar||SafetyGoggles|Intimidate|KnockOff,PartingShot,FlareBlitz,FakeOut|||M|||50|,,,,,Ghost]Ursaluna-Bloodmoon||AssaultVest|MindsEye|BloodMoon,EarthPower,VacuumWave,HyperVoice|||M|||50|,,,,,Water]Dragonite||LoadedDice|Multiscale|ScaleShot,Tailwind,Haze,Protect|||F|||50|,,,,,Fairy
|showteam|p2|Chandelure||LifeOrb|FlashFire|WillOWisp,Protect,Flamethrower,ShadowBall|||M|||50|,,,,,Ghost]Whimsicott||CovertCloak|Prankster|Tailwind,Encore,Protect,Moonblast|||F|||50|,,,,,Steel]Pawmot||WhiteHerb|IronFist|IcePunch,DoubleShock,Protect,CloseCombat|||F|||50|,,,,,Stellar]Glimmora||PowerHerb|ToxicDebris|MeteorBeam,EarthPower,SludgeBomb,Protect|||M|||50|,,,,,Ground]Farigiraf||SitrusBerry|ArmorTail|TwinBeam,HelpingHand,Protect,HyperVoice|||M|||50|,,,,,Poison]Incineroar||SafetyGoggles|Intimidate|FakeOut,KnockOff,FlareBlitz,Protect|||F|||50|,,,,,Ghost
|inactive|Battle timer is ON: inactive players will automatically lose when time's up. (requested by KaiserBN1)
|inactive|KaiserBN1 has 60 seconds left.
|
|t:|1756403367
|teamsize|p1|4
|teamsize|p2|4
|start
|switch|p1a: Golden Wind|Dragonite, L50, F|100/100
|switch|p1b: Luffy|Incineroar, L50, M|100/100
|switch|p2a: Whimsicott|Whimsicott, L50, F|100/100
|switch|p2b: Glimmora|Glimmora, L50, M|100/100
|-ability|p1b: Luffy|Intimidate|boost
|-unboost|p2a: Whimsicott|atk|1
|-unboost|p2b: Glimmora|atk|1
|turn|1
|inactive|KaiserBN1 has 30 seconds left.
|
|t:|1756403401
|move|p1b: Luffy|Fake Out|p2b: Glimmora
|-resisted|p2b: Glimmora
|-damage|p2b: Glimmora|93/100
|-activate|p2b: Glimmora|ability: Toxic Debris
|-sidestart|p1: KaiserBN1|move: Toxic Spikes
|move|p2a: Whimsicott|Tailwind|p2a: Whimsicott
|-sidestart|p2: Gummytime|move: Tailwind
|cant|p2b: Glimmora|flinch
|move|p1a: Golden Wind|Tailwind|p1a: Golden Wind
|-sidestart|p1: KaiserBN1|move: Tailwind
|
|upkeep
|turn|2
|inactive|KaiserBN1 has 30 seconds left.
|inactive|KaiserBN1 has 20 seconds left.
|inactive|KaiserBN1 has 15 seconds left.
|inactive|KaiserBN1 has 10 seconds left.
|
|t:|1756403447
|move|p1a: Golden Wind|Protect|p1a: Golden Wind
|-singleturn|p1a: Golden Wind|Protect
|move|p2a: Whimsicott|Encore|p1a: Golden Wind
|-activate|p1a: Golden Wind|move: Protect
|move|p2b: Glimmora|Meteor Beam||[still]
|-prepare|p2b: Glimmora|Meteor Beam
|-boost|p2b: Glimmora|spa|1
|-enditem|p2b: Glimmora|Power Herb
|-anim|p2b: Glimmora|Meteor Beam|p1b: Luffy|[miss]
|-miss|p2b: Glimmora|p1b: Luffy
|move|p1b: Luffy|Flare Blitz|p2a: Whimsicott
|-supereffective|p2a: Whimsicott
|-damage|p2a: Whimsicott|2/100
|-damage|p1b: Luffy|74/100|[from] Recoil
|
|upkeep
|turn|3
|inactive|KaiserBN1 has 30 seconds left.
|inactive|Gummytime has 30 seconds left.
|inactive|KaiserBN1 has 20 seconds left.
|inactive|KaiserBN1 has 15 seconds left.
|inactive|KaiserBN1 has 10 seconds left.
|
|t:|1756403494
|switch|p2a: Chandelure|Chandelure, L50, M|100/100
|move|p2b: Glimmora|Earth Power|p1b: Luffy
|-supereffective|p1b: Luffy
|-damage|p1b: Luffy|0 fnt
|faint|p1b: Luffy
|move|p1a: Golden Wind|Scale Shot|p2b: Glimmora
|-damage|p2b: Glimmora|73/100
|-activate|p2b: Glimmora|ability: Toxic Debris
|-sidestart|p1: KaiserBN1|move: Toxic Spikes
|-damage|p2b: Glimmora|54/100
|-damage|p2b: Glimmora|37/100
|-damage|p2b: Glimmora|18/100
|-damage|p2b: Glimmora|0 fnt
|faint|p2b: Glimmora
|-hitcount|p2: Glimmora|5
|-unboost|p1a: Golden Wind|def|1
|-boost|p1a: Golden Wind|spe|1
|
|upkeep
|
|t:|1756403516
|switch|p2b: Pawmot|Pawmot, L50, F|100/100
|switch|p1b: Tony|Ursaluna-Bloodmoon, L50, M|100/100
|-status|p1b: Tony|tox
|turn|4
|l|☆Gummytime
|inactive|Gummytime disconnected and has a minute to reconnect!
|player|p2|
|j|☆Gummytime
|inactive|Gummytime reconnected and has 35 seconds left.
|player|p2|Gummytime|169|
|inactive|KaiserBN1 has 30 seconds left.
|inactive|Gummytime has 30 seconds left.
|inactive|KaiserBN1 has 20 seconds left.
|inactive|Gummytime has 20 seconds left.
|inactive|KaiserBN1 has 15 seconds left.
|inactive|Gummytime has 15 seconds left.
|inactive|Gummytime has 10 seconds left.
|
|t:|1756403561
|-terastallize|p2a: Chandelure|Ghost
|-terastallize|p1b: Tony|Water
|move|p2b: Pawmot|Protect|p2b: Pawmot
|-singleturn|p2b: Pawmot|Protect
|move|p1a: Golden Wind|Scale Shot|p2b: Pawmot
|-activate|p2b: Pawmot|move: Protect
|move|p2a: Chandelure|Flamethrower|p1b: Tony
|-resisted|p1b: Tony
|-damage|p1b: Tony|76/100 tox
|-damage|p2a: Chandelure|91/100|[from] item: Life Orb
|move|p1b: Tony|Earth Power|p2a: Chandelure
|-damage|p2a: Chandelure|25/100
|
|-damage|p1b: Tony|70/100 tox|[from] psn
|-sideend|p2: Gummytime|move: Tailwind
|-sideend|p1: KaiserBN1|move: Tailwind
|upkeep
|turn|5
|inactive|KaiserBN1 has 30 seconds left.
|inactive|Gummytime has 30 seconds left.
|inactive|KaiserBN1 has 20 seconds left.
|inactive|Gummytime has 20 seconds left.
|
|t:|1756403601
|switch|p2a: Whimsicott|Whimsicott, L50, F|2/100
|move|p2b: Pawmot|Protect||[still]
|-fail|p2b: Pawmot
|move|p1a: Golden Wind|Tailwind|p1a: Golden Wind
|-sidestart|p1: KaiserBN1|move: Tailwind
|move|p1b: Tony|Hyper Voice|p2b: Pawmot|[spread] p2a,p2b
|-damage|p2a: Whimsicott|0 fnt
|-damage|p2b: Pawmot|32/100
|faint|p2a: Whimsicott
|
|-damage|p1b: Tony|58/100 tox|[from] psn
|upkeep
|
|t:|1756403612
|switch|p2a: Chandelure|Chandelure, L50, M, tera:Ghost|25/100
|turn|6
|
|t:|1756403619
|move|p2b: Pawmot|Protect|p2b: Pawmot
|-singleturn|p2b: Pawmot|Protect
|move|p2a: Chandelure|Protect|p2a: Chandelure
|-singleturn|p2a: Chandelure|Protect
|move|p1a: Golden Wind|Scale Shot|p2b: Pawmot
|-activate|p2b: Pawmot|move: Protect
|move|p1b: Tony|Hyper Voice|p2a: Chandelure|[spread] 
|-activate|p2a: Chandelure|move: Protect
|-activate|p2b: Pawmot|move: Protect
|
|-damage|p1b: Tony|41/100 tox|[from] psn
|upkeep
|turn|7
|
|t:|1756403635
|move|p2b: Pawmot|Protect||[still]
|-fail|p2b: Pawmot
|move|p2a: Chandelure|Protect||[still]
|-fail|p2a: Chandelure
|move|p1a: Golden Wind|Scale Shot|p2b: Pawmot
|-damage|p2b: Pawmot|9/100
|-damage|p2b: Pawmot|0 fnt
|faint|p2b: Pawmot
|-hitcount|p2: Pawmot|2
|-unboost|p1a: Golden Wind|def|1
|-boost|p1a: Golden Wind|spe|1
|move|p1b: Tony|Hyper Voice|p2a: Chandelure
|-damage|p2a: Chandelure|0 fnt
|faint|p2a: Chandelure
|
|win|KaiserBN1
|raw|KaiserBN1's rating: 1055 → 1082(+27 for winning)
|raw|Gummytime's rating: 1003 → 1000(-3 for losing)
|l|☆Gummytime
|player|p2|
|c|☆KaiserBN1|gg
