|j|â˜†idk_1101
|j|â˜†MarzipanTheFirst
|html|idk_1101MarzipanTheFirst    
|uhtml|bestof|Game 3 of a best-of-3
|t:|1785366156
|gametype|doubles
|player|p1|idk_1101|101|1098
|player|p2|MarzipanTheFirst|wallace|1196
|gen|9
|tier|[Gen 9 Champions] VGC 2026 Reg M-B (Bo3)
|rated|
|rule|Species Clause: Limit one of each PokÃ©mon
|rule|Item Clause: Limit 1 of each item
|clearpoke
|poke|p1|Froslass, L50, F|
|poke|p1|Incineroar, L50, M|
|poke|p1|Orthworm, L50, M|
|poke|p1|Garchomp, L50, M|
|poke|p1|Basculegion, L50, M, shiny|
|poke|p1|Rotom-Frost, L50|
|poke|p2|Dragalge, L50, F|
|poke|p2|Mamoswine, L50, F|
|poke|p2|Aerodactyl, L50, M|
|poke|p2|Lopunny, L50, F|
|poke|p2|Kingambit, L50, F|
|poke|p2|Sinistcha-Masterpiece, L50|
|teampreview|4
|showteam|p1|Froslass||Froslassite|SnowCloak|Blizzard,NastyPlot,Protect,ShadowBall|Timid||F|||50|]Incineroar||LumBerry|Intimidate|FakeOut,PartingShot,FlareBlitz,DarkestLariat|Adamant||M|||50|]Orthworm||SitrusBerry|EarthEater|ShedTail,HeavySlam,IronDefense,BodyPress|Careful||M|||50|]Garchomp||FocusSash|RoughSkin|Earthquake,Protect,RockSlide,DragonClaw|Jolly||M|||50|]Basculegion||ChoiceScarf|Adaptability|LastRespects,FlipTurn,AquaJet,WaveCrash|Jolly||M|||50|]Rotom-Frost||NeverMeltIce|Levitate|Blizzard,Protect,HelpingHand,Thunderbolt|Modest|||||50|
|showteam|p2|Dragalge||Dragalgite|Adaptability|DracoMeteor,FlipTurn,SludgeBomb,Protect|Modest||F|||50|]Mamoswine||LifeOrb|Oblivious|IceShard,HighHorsepower,IcicleCrash,Protect|Adamant||F|||50|]Aerodactyl||FocusSash|Unnerve|RockSlide,DualWingbeat,Tailwind,Protect|Jolly||M|||50|]Lopunny||Lopunnite|CuteCharm|CloseCombat,TripleAxel,Pounce,FakeOut|Jolly||F|||50|]Kingambit||BlackGlasses|Defiant|KowtowCleave,SuckerPunch,IronHead,Protect|Adamant||F|||50|]Sinistcha-Masterpiece||ColburBerry|Hospitality|MatchaGotcha,RagePowder,TrickRoom,Protect|Bold|||||50|
|inactive|Battle timer is ON: inactive players will automatically lose when time's up. (requested by idk_1101)
|
|t:|1785366183
|teamsize|p1|4
|teamsize|p2|4
|start
|switch|p1a: Rotom|Rotom-Frost, L50|100/100
|switch|p1b: Froslass|Froslass, L50, F|100/100
|switch|p2a: Lopunny|Lopunny, L50, F|100/100
|switch|p2b: Mamoswine|Mamoswine, L50, F|100/100
|turn|1
|
|t:|1785366201
|detailschange|p1b: Froslass|Froslass-Mega, L50, F
|-mega|p1b: Froslass|Froslass|Froslassite
|-weather|Snowscape|[from] ability: Snow Warning|[of] p1b: Froslass
|detailschange|p2a: Lopunny|Lopunny-Mega, L50, F
|-mega|p2a: Lopunny|Lopunny|Lopunnite
|move|p2b: Mamoswine|Protect|p2b: Mamoswine
|-singleturn|p2b: Mamoswine|Protect
|move|p2a: Lopunny|Close Combat|p1b: Froslass
|-supereffective|p1b: Froslass|1
|-damage|p1b: Froslass|0 fnt
|-unboost|p2a: Lopunny|def|1
|-unboost|p2a: Lopunny|spd|1
|faint|p1b: Froslass
|move|p1a: Rotom|Blizzard|p2a: Lopunny|[spread] p2a
|-activate|p2b: Mamoswine|move: Protect
|-damage|p2a: Lopunny|0 fnt
|faint|p2a: Lopunny
|
|-weather|Snowscape|[upkeep]
|upkeep
|
|t:|1785366216
|switch|p2a: Kingambit|Kingambit, L50, F|100/100
|switch|p1b: Incineroar|Incineroar, L50, M|100/100
|-ability|p1b: Incineroar|Intimidate|boost
|-unboost|p2a: Kingambit|atk|1
|-ability|p2a: Kingambit|Defiant|boost
|-boost|p2a: Kingambit|atk|2
|-fail|p2b: Mamoswine|unboost|Attack|[from] ability: Oblivious|[of] p2b: Mamoswine
|turn|2
|
|t:|1785366229
|move|p1a: Rotom|Helping Hand|p1b: Incineroar
|-singleturn|p1b: Incineroar|Helping Hand|[of] p1a: Rotom
|move|p2b: Mamoswine|Protect|p2b: Mamoswine
|-singleturn|p2b: Mamoswine|Protect
|move|p2a: Kingambit|Protect|p2a: Kingambit
|-singleturn|p2a: Kingambit|Protect
|move|p1b: Incineroar|Flare Blitz|p2a: Kingambit
|-activate|p2a: Kingambit|move: Protect
|
|-weather|Snowscape|[upkeep]
|upkeep
|turn|3
|
|t:|1785366241
|move|p1a: Rotom|Helping Hand|p1b: Incineroar
|-singleturn|p1b: Incineroar|Helping Hand|[of] p1a: Rotom
|move|p2b: Mamoswine|High Horsepower|p1b: Incineroar
|-supereffective|p1b: Incineroar|1
|-damage|p1b: Incineroar|0 fnt
|faint|p1b: Incineroar
|-damage|p2b: Mamoswine|90/100|[from] item: Life Orb
|move|p2a: Kingambit|Kowtow Cleave|p1a: Rotom
|-damage|p1a: Rotom|14/100
|
|-weather|Snowscape|[upkeep]
|upkeep
|
|t:|1785366247
|switch|p1b: Basculegion|Basculegion, L50, M, shiny|100/100
|turn|4
|
|t:|1785366264
|move|p2b: Mamoswine|Ice Shard|p1a: Rotom
|-resisted|p1a: Rotom|1
|-damage|p1a: Rotom|1/100
|-damage|p2b: Mamoswine|80/100|[from] item: Life Orb
|move|p1b: Basculegion|Wave Crash|p2a: Kingambit
|-damage|p2a: Kingambit|40/100
|-damage|p1b: Basculegion|78/100|[from] Recoil
|move|p1a: Rotom|Blizzard|p2a: Kingambit|[spread] p2a,p2b
|-resisted|p2a: Kingambit|1
|-damage|p2a: Kingambit|15/100
|-damage|p2b: Mamoswine|12/100
|move|p2a: Kingambit|Kowtow Cleave|p1b: Basculegion
|-supereffective|p1b: Basculegion|1
|-damage|p1b: Basculegion|0 fnt
|faint|p1b: Basculegion
|
|-weather|Snowscape|[upkeep]
|upkeep
|turn|5
|c|â˜†MarzipanTheFirst|Ggs wp
|
|t:|1785366278
|move|p1a: Rotom|Protect|p1a: Rotom
|-singleturn|p1a: Rotom|Protect
|move|p2b: Mamoswine|Ice Shard|p1a: Rotom
|-activate|p1a: Rotom|move: Protect
|move|p2a: Kingambit|Sucker Punch||[still]
|-fail|p2a: Kingambit
|
|-weather|none
|upkeep
|turn|6
|-message|idk_1101 forfeited.
|
|win|MarzipanTheFirst
|raw|idk_1101's rating: 1098 → 1080(-18 for losing)
|raw|MarzipanTheFirst's rating: 1196 → 1214(+18 for winning)
|l|â˜†idk_1101
|player|p1|
