|j|☆TobiYume
|j|☆paupin gando
|html|TobiYumepaupin gando    
|uhtml|bestof|Game 3 of a best-of-3
|t:|1754765347
|gametype|doubles
|player|p1|TobiYume|miku-fire|1234
|player|p2|paupin gando|bruno|1306
|gen|9
|tier|[Gen 9] VGC 2025 Reg H (Bo3)
|rated|
|rule|Species Clause: Limit one of each Pokémon
|rule|Item Clause: Limit 1 of each item
|clearpoke
|poke|p1|Decidueye-Hisui, L50, M|
|poke|p1|Sylveon, L50, F|
|poke|p1|Talonflame, L50, F|
|poke|p1|Tyranitar, L50, F|
|poke|p1|Garchomp, L50, M|
|poke|p1|Gholdengo, L50|
|poke|p2|Chesnaught, L50, M|
|poke|p2|Rillaboom, L50, F|
|poke|p2|Incineroar, L50, F|
|poke|p2|Archaludon, L50, M|
|poke|p2|Politoed, L50, F|
|poke|p2|Basculegion, L50, M|
|teampreview|4
|showteam|p1|Decidueye-Hisui||RazorClaw|Scrappy|TripleArrows,LeafBlade,Haze,Protect|||M|||50|,,,,,Fire]Sylveon||ThroatSpray|Pixilate|HyperVoice,HyperBeam,TeraBlast,Protect|||F|||50|,,,,,Water]Talonflame||CovertCloak|GaleWings|Tailwind,WillOWisp,BraveBird,Taunt|||F|||50|,,,,,Grass]Tyranitar||AssaultVest|SandStream|RockSlide,KnockOff,TeraBlast,LowKick|||F|||50|,,,,,Flying]Garchomp||LifeOrb|RoughSkin|DragonClaw,StompingTantrum,Earthquake,Protect|||M|||50|,,,,,Steel]Gholdengo||Leftovers|GoodasGold|MakeItRain,ShadowBall,NastyPlot,Protect||||||50|,,,,,Dragon
|showteam|p2|Chesnaught||SitrusBerry|Bulletproof|BellyDrum,GrassyGlide,DrainPunch,SpikyShield|||M|||50|,,,,,Fire]Rillaboom||AssaultVest|GrassySurge|FakeOut,DrumBeating,GrassyGlide,Uturn|||F|||50|,,,,,Poison]Incineroar||SafetyGoggles|Intimidate|FakeOut,Roar,PartingShot,KnockOff|||F|||50|,,,,,Bug]Archaludon||PowerHerb|Sturdy|ElectroShot,DragonPulse,FlashCannon,Protect|||M|||50|,,,,,Electric]Politoed||Leftovers|Drizzle|WeatherBall,Haze,Encore,Protect|||F|||50|,,,,,Grass]Basculegion||LifeOrb|SwiftSwim|WaveCrash,LastRespects,AquaJet,Protect|||M|||50|,,,,,Ghost
|inactive|Battle timer is ON: inactive players will automatically lose when time's up. (requested by paupin gando)
|
|t:|1754765369
|teamsize|p1|4
|teamsize|p2|4
|start
|switch|p1a: Talonflame|Talonflame, L50, F|100/100
|switch|p1b: Decidueye|Decidueye-Hisui, L50, M|100/100
|switch|p2a: Phoebe Bridgers|Archaludon, L50, M, shiny|100/100
|switch|p2b: Lorna Shore|Incineroar, L50, F, shiny|100/100
|-ability|p2b: Lorna Shore|Intimidate|boost
|-unboost|p1a: Talonflame|atk|1
|-fail|p1b: Decidueye|unboost|Attack|[from] ability: Scrappy|[of] p1b: Decidueye
|turn|1
|
|t:|1754765380
|switch|p1a: Garchomp|Garchomp, L50, M|100/100
|move|p2b: Lorna Shore|Fake Out|p1b: Decidueye
|-damage|p1b: Decidueye|87/100
|move|p2a: Phoebe Bridgers|Electro Shot||[still]
|-prepare|p2a: Phoebe Bridgers|Electro Shot
|-boost|p2a: Phoebe Bridgers|spa|1
|-enditem|p2a: Phoebe Bridgers|Power Herb
|-anim|p2a: Phoebe Bridgers|Electro Shot|p1a: Garchomp
|-immune|p1a: Garchomp
|cant|p1b: Decidueye|flinch
|
|upkeep
|turn|2
|
|t:|1754765401
|move|p2a: Phoebe Bridgers|Protect|p2a: Phoebe Bridgers
|-singleturn|p2a: Phoebe Bridgers|Protect
|move|p1a: Garchomp|Stomping Tantrum|p2a: Phoebe Bridgers
|-activate|p2a: Phoebe Bridgers|move: Protect
|move|p1b: Decidueye|Triple Arrows|p2a: Phoebe Bridgers
|-activate|p2a: Phoebe Bridgers|move: Protect
|move|p2b: Lorna Shore|Roar|p1a: Garchomp
|drag|p1a: Tyranitar|Tyranitar, L50, F|100/100
|-weather|Sandstorm|[from] ability: Sand Stream|[of] p1a: Tyranitar
|
|-weather|Sandstorm|[upkeep]
|-damage|p1b: Decidueye|81/100|[from] Sandstorm
|upkeep
|turn|3
|inactive|paupin gando has 30 seconds left.
|inactive|paupin gando has 20 seconds left.
|inactive|paupin gando has 15 seconds left.
|
|t:|1754765446
|switch|p2a: Politoed|Politoed, L50, F|100/100
|-weather|RainDance|[from] ability: Drizzle|[of] p2a: Politoed
|-terastallize|p2b: Lorna Shore|Bug
|move|p1b: Decidueye|Triple Arrows|p2a: Politoed
|-crit|p2a: Politoed
|-damage|p2a: Politoed|31/100
|-unboost|p2a: Politoed|def|1
|move|p2b: Lorna Shore|Parting Shot|p1a: Tyranitar
|-unboost|p1a: Tyranitar|atk|1
|-unboost|p1a: Tyranitar|spa|1
|
|t:|1754765457
|switch|p2b: Basculegion|Basculegion, L50, M, shiny|100/100|[from] Parting Shot
|move|p1a: Tyranitar|Rock Slide|p2b: Basculegion|[spread] p2a,p2b
|-damage|p2a: Politoed|0 fnt
|-damage|p2b: Basculegion|78/100
|faint|p2a: Politoed
|
|-weather|RainDance|[upkeep]
|upkeep
|
|t:|1754765464
|switch|p2a: Phoebe Bridgers|Archaludon, L50, M, shiny|100/100
|turn|4
|inactive|paupin gando has 30 seconds left.
|inactive|paupin gando has 20 seconds left.
|inactive|paupin gando has 15 seconds left.
|inactive|paupin gando has 10 seconds left.
|
|t:|1754765511
|switch|p1a: Talonflame|Talonflame, L50, F|100/100
|move|p1b: Decidueye|Protect|p1b: Decidueye
|-singleturn|p1b: Decidueye|Protect
|move|p2b: Basculegion|Last Respects|p1b: Decidueye
|-activate|p1b: Decidueye|move: Protect
|move|p2a: Phoebe Bridgers|Dragon Pulse|p1a: Talonflame
|-damage|p1a: Talonflame|48/100
|
|-weather|RainDance|[upkeep]
|upkeep
|turn|5
|
|t:|1754765531
|move|p2b: Basculegion|Aqua Jet|p1a: Talonflame
|-supereffective|p1a: Talonflame
|-damage|p1a: Talonflame|0 fnt
|faint|p1a: Talonflame
|-damage|p2b: Basculegion|68/100|[from] item: Life Orb
|move|p2a: Phoebe Bridgers|Dragon Pulse|p1b: Decidueye
|-damage|p1b: Decidueye|30/100
|move|p1b: Decidueye|Leaf Blade|p2b: Basculegion
|-supereffective|p2b: Basculegion
|-crit|p2b: Basculegion
|-damage|p2b: Basculegion|0 fnt
|faint|p2b: Basculegion
|
|-weather|RainDance|[upkeep]
|upkeep
|
|t:|1754765544
|switch|p1a: Tyranitar|Tyranitar, L50, F|100/100
|switch|p2b: Lorna Shore|Incineroar, L50, F, shiny, tera:Bug|100/100
|-ability|p2b: Lorna Shore|Intimidate|boost
|-unboost|p1a: Tyranitar|atk|1
|-fail|p1b: Decidueye|unboost|Attack|[from] ability: Scrappy|[of] p1b: Decidueye
|-weather|Sandstorm|[from] ability: Sand Stream|[of] p1a: Tyranitar
|turn|6
|
|t:|1754765554
|switch|p1a: Garchomp|Garchomp, L50, M|100/100
|move|p1b: Decidueye|Protect|p1b: Decidueye
|-singleturn|p1b: Decidueye|Protect
|move|p2b: Lorna Shore|Fake Out|p1a: Garchomp
|-damage|p1a: Garchomp|89/100
|-damage|p2b: Lorna Shore|88/100|[from] ability: Rough Skin|[of] p1a: Garchomp
|move|p2a: Phoebe Bridgers|Dragon Pulse|p1b: Decidueye
|-activate|p1b: Decidueye|move: Protect
|
|-weather|Sandstorm|[upkeep]
|-damage|p1b: Decidueye|24/100|[from] Sandstorm
|upkeep
|turn|7
|
|t:|1754765574
|move|p2a: Phoebe Bridgers|Protect|p2a: Phoebe Bridgers
|-singleturn|p2a: Phoebe Bridgers|Protect
|move|p1a: Garchomp|Stomping Tantrum|p2a: Phoebe Bridgers
|-activate|p2a: Phoebe Bridgers|move: Protect
|move|p1b: Decidueye|Triple Arrows|p2b: Lorna Shore
|-resisted|p2b: Lorna Shore
|-damage|p2b: Lorna Shore|66/100
|-unboost|p2b: Lorna Shore|def|1
|move|p2b: Lorna Shore|Knock Off|p1b: Decidueye
|-resisted|p1b: Decidueye
|-crit|p1b: Decidueye
|-damage|p1b: Decidueye|0 fnt
|-enditem|p1b: Decidueye|Razor Claw|[from] move: Knock Off|[of] p2b: Lorna Shore
|faint|p1b: Decidueye
|
|-weather|Sandstorm|[upkeep]
|upkeep
|
|t:|1754765584
|switch|p1b: Tyranitar|Tyranitar, L50, F|100/100
|turn|8
|
|t:|1754765606
|move|p1a: Garchomp|Stomping Tantrum|p2a: Phoebe Bridgers
|-supereffective|p2a: Phoebe Bridgers
|-damage|p2a: Phoebe Bridgers|16/100
|-damage|p1a: Garchomp|79/100|[from] item: Life Orb
|move|p2a: Phoebe Bridgers|Dragon Pulse|p1a: Garchomp
|-supereffective|p1a: Garchomp
|-damage|p1a: Garchomp|0 fnt
|faint|p1a: Garchomp
|move|p2b: Lorna Shore|Knock Off|p1b: Tyranitar
|-resisted|p1b: Tyranitar
|-damage|p1b: Tyranitar|85/100
|-enditem|p1b: Tyranitar|Assault Vest|[from] move: Knock Off|[of] p2b: Lorna Shore
|move|p1b: Tyranitar|Rock Slide|p2b: Lorna Shore|[spread] p2a,p2b
|-resisted|p2a: Phoebe Bridgers
|-supereffective|p2b: Lorna Shore
|-damage|p2a: Phoebe Bridgers|1/100
|-damage|p2b: Lorna Shore|0 fnt
|faint|p2b: Lorna Shore
|
|-weather|Sandstorm|[upkeep]
|upkeep
|turn|9
|
|t:|1754765626
|move|p2a: Phoebe Bridgers|Protect|p2a: Phoebe Bridgers
|-singleturn|p2a: Phoebe Bridgers|Protect
|move|p1b: Tyranitar|Knock Off|p2a: Phoebe Bridgers
|-activate|p2a: Phoebe Bridgers|move: Protect
|
|-weather|Sandstorm|[upkeep]
|upkeep
|turn|10
|
|t:|1754765631
|move|p2a: Phoebe Bridgers|Protect||[still]
|-fail|p2a: Phoebe Bridgers
|move|p1b: Tyranitar|Knock Off|p2a: Phoebe Bridgers
|-damage|p2a: Phoebe Bridgers|0 fnt
|faint|p2a: Phoebe Bridgers
|
|win|TobiYume
|raw|TobiYume's rating: 1234 → 1264(+30 for winning)
|raw|paupin gando's rating: 1306 → 1282(-24 for losing)
|l|☆paupin gando
|player|p2|
