|j|☆MrDarki256
|j|☆JuanAle22
|html|MrDarki256JuanAle22    
|uhtml|bestof|Game 3 of a best-of-3
|t:|1783100660
|gametype|doubles
|player|p1|MrDarki256|preschooler|
|player|p2|JuanAle22|volkner|
|gen|9
|tier|[Gen 9 Champions] VGC 2026 Reg M-B (Bo3)
|rule|Species Clause: Limit one of each Pokémon
|rule|Item Clause: Limit 1 of each item
|clearpoke
|poke|p1|Greninja, L50, F|
|poke|p1|Ceruledge, L50, M|
|poke|p1|Incineroar, L50, F|
|poke|p1|Sinistcha, L50|
|poke|p1|Milotic, L50, F|
|poke|p1|Floette-Eternal, L50, F|
|poke|p2|Feraligatr, L50, F|
|poke|p2|Gholdengo, L50|
|poke|p2|Whimsicott, L50, F|
|poke|p2|Sinistcha, L50|
|poke|p2|Incineroar, L50, M|
|poke|p2|Sylveon, L50, F|
|teampreview|4
|showteam|p1|Greninja||Greninjite|Protean|GunkShot,BrickBreak,DarkPulse,Protect|Naive||F|||50|]Ceruledge||ColburBerry|FlashFire|BitterBlade,ShadowSneak,BulkUp,Protect|Adamant||M|||50|]Incineroar||SitrusBerry|Intimidate|FlareBlitz,ThroatChop,PartingShot,FakeOut|Impish||F|||50|]Sinistcha||KasibBerry|Hospitality|MatchaGotcha,RagePowder,LifeDew,Protect|Bold|||||50|]Milotic||Leftovers|Competitive|MuddyWater,Coil,Hypnosis,Protect|Calm||F|||50|]Floette-Eternal||Floettite|FlowerVeil|DrainingKiss,DazzlingGleam,CalmMind,Protect|Timid||F|||50|
|showteam|p2|Feraligatr||Feraligite|Torrent|Protect,Liquidation,DoubleEdge,DragonDance|Adamant||F|||50|]Gholdengo||LifeOrb|GoodasGold|Protect,NastyPlot,MakeItRain,ShadowBall|Modest|||||50|]Whimsicott||FocusSash|Prankster|Protect,Tailwind,Moonblast,Encore|Timid||F|||50|]Sinistcha||ColburBerry|Hospitality|MatchaGotcha,RagePowder,Protect,TrickRoom|Bold|||||50|]Incineroar||SitrusBerry|Intimidate|FakeOut,PartingShot,FlareBlitz,ThroatChop|Careful||M|||50|]Sylveon||FairyFeather|Pixilate|HyperVoice,HyperBeam,QuickAttack,Detect|Modest||F|||50|
|inactive|Battle timer is ON: inactive players will automatically lose when time's up. (requested by JuanAle22)
|j| shishio_ax
|inactive|MrDarki256 has 60 seconds left.
|inactive|JuanAle22 has 60 seconds left.
|j| maxibeasm
|inactive|MrDarki256 has 30 seconds left.
|inactive|MrDarki256 has 20 seconds left.
|inactive|MrDarki256 has 15 seconds left.
|inactive|MrDarki256 has 10 seconds left.
|
|t:|1783100744
|teamsize|p1|4
|teamsize|p2|4
|start
|switch|p1a: Floette|Floette-Eternal, L50, F|100/100
|switch|p1b: Incineroar|Incineroar, L50, F|100/100
|switch|p2a: Whimsicott|Whimsicott, L50, F|100/100
|switch|p2b: Gholdengo|Gholdengo, L50|100/100
|-ability|p1b: Incineroar|Intimidate|boost
|-unboost|p2a: Whimsicott|atk|1
|-unboost|p2b: Gholdengo|atk|1
|turn|1
|inactive|MrDarki256 has 30 seconds left.
|inactive|JuanAle22 has 30 seconds left.
|inactive|JuanAle22 has 20 seconds left.
|inactive|MrDarki256 has 20 seconds left.
|inactive|MrDarki256 has 15 seconds left.
|
|t:|1783100793
|switch|p2a: Incineroar|Incineroar, L50, M|100/100
|-ability|p2a: Incineroar|Intimidate|boost
|-unboost|p1a: Floette|atk|1
|-unboost|p1b: Incineroar|atk|1
|switch|p1a: Ceruledge|Ceruledge, L50, M|100/100
|move|p2b: Gholdengo|Protect|p2b: Gholdengo
|-singleturn|p2b: Gholdengo|Protect
|move|p1b: Incineroar|Flare Blitz|p2a: Incineroar
|-resisted|p2a: Incineroar|1
|-damage|p2a: Incineroar|84/100
|-damage|p1b: Incineroar|95/100|[from] Recoil
|
|upkeep
|turn|2
|inactive|MrDarki256 has 30 seconds left.
|inactive|JuanAle22 has 30 seconds left.
|inactive|MrDarki256 has 20 seconds left.
|inactive|JuanAle22 has 20 seconds left.
|inactive|MrDarki256 has 15 seconds left.
|inactive|JuanAle22 has 15 seconds left.
|inactive|MrDarki256 has 10 seconds left.
|inactive|JuanAle22 has 10 seconds left.
|inactive|MrDarki256 has 5 seconds left.
|inactive|JuanAle22 has 5 seconds left.
|
|t:|1783100845
|move|p1a: Ceruledge|Shadow Sneak|p2b: Gholdengo
|-supereffective|p2b: Gholdengo|1
|-damage|p2b: Gholdengo|52/100
|move|p2b: Gholdengo|Shadow Ball|p1a: Ceruledge
|-supereffective|p1a: Ceruledge|1
|-damage|p1a: Ceruledge|0 fnt
|faint|p1a: Ceruledge
|-damage|p2b: Gholdengo|42/100|[from] item: Life Orb
|move|p2a: Incineroar|Parting Shot|p1b: Incineroar
|-unboost|p1b: Incineroar|atk|1
|-unboost|p1b: Incineroar|spa|1
|
|t:|1783100858
|switch|p2a: Feraligatr|Feraligatr, L50, F|100/100|[from] Parting Shot
|move|p1b: Incineroar|Flare Blitz|p2b: Gholdengo
|-supereffective|p2b: Gholdengo|1
|-damage|p2b: Gholdengo|0 fnt
|faint|p2b: Gholdengo
|-damage|p1b: Incineroar|82/100|[from] Recoil
|
|upkeep
|inactive|MrDarki256 has 30 seconds left.
|inactive|MrDarki256 has 20 seconds left.
|inactive|MrDarki256 has 15 seconds left.
|j| Tallin de Kefta
|
|t:|1783100902
|switch|p2b: Incineroar|Incineroar, L50, M|84/100
|switch|p1a: Sinistcha|Sinistcha, L50|100/100
|-ability|p2b: Incineroar|Intimidate|boost
|-unboost|p1a: Sinistcha|atk|1
|-unboost|p1b: Incineroar|atk|1
|-heal|p1b: Incineroar|100/100|[from] ability: Hospitality|[of] p1a: Sinistcha
|turn|3
|inactive|MrDarki256 has 30 seconds left.
|inactive|JuanAle22 has 30 seconds left.
|
|t:|1783100936
|detailschange|p2a: Feraligatr|Feraligatr-Mega, L50, F
|-mega|p2a: Feraligatr|Feraligatr|Feraligite
|move|p2a: Feraligatr|Double-Edge|p1a: Sinistcha
|-damage|p1a: Sinistcha|23/100
|-damage|p2a: Feraligatr|75/100|[from] Recoil
|move|p2b: Incineroar|Flare Blitz|p1a: Sinistcha
|-supereffective|p1a: Sinistcha|1
|-damage|p1a: Sinistcha|0 fnt
|faint|p1a: Sinistcha
|-damage|p2b: Incineroar|77/100|[from] Recoil
|move|p1b: Incineroar|Parting Shot|p2a: Feraligatr
|-unboost|p2a: Feraligatr|atk|1
|-unboost|p2a: Feraligatr|spa|1
|
|t:|1783100949
|switch|p1b: Floette|Floette-Eternal, L50, F|100/100|[from] Parting Shot
|
|upkeep
|
|t:|1783100953
|switch|p1a: Incineroar|Incineroar, L50, F|100/100
|-ability|p1a: Incineroar|Intimidate|boost
|-unboost|p2a: Feraligatr|atk|1
|-unboost|p2b: Incineroar|atk|1
|turn|4
|inactive|JuanAle22 has 30 seconds left.
|inactive|JuanAle22 has 20 seconds left.
|
|t:|1783100988
|switch|p2a: Whimsicott|Whimsicott, L50, F|100/100
|detailschange|p1b: Floette|Floette-Mega, L50, F
|-mega|p1b: Floette|Floette|Floettite
|-ability|p1b: Floette|Fairy Aura
|move|p1b: Floette|Dazzling Gleam|p2b: Incineroar|[spread] p2a,p2b
|-damage|p2a: Whimsicott|33/100
|-damage|p2b: Incineroar|47/100
|-enditem|p2b: Incineroar|Sitrus Berry|[eat]
|-heal|p2b: Incineroar|72/100|[from] item: Sitrus Berry
|move|p2b: Incineroar|Parting Shot|p1b: Floette
|-unboost|p1b: Floette|atk|1
|-unboost|p1b: Floette|spa|1
|
|t:|1783101000
|switch|p2b: Feraligatr|Feraligatr-Mega, L50, F|75/100|[from] Parting Shot
|move|p1a: Incineroar|Throat Chop|p2b: Feraligatr
|-damage|p2b: Feraligatr|51/100
|-start|p2b: Feraligatr|Throat Chop|[silent]
|
|upkeep
|turn|5
|inactive|MrDarki256 has 30 seconds left.
|inactive|JuanAle22 has 30 seconds left.
|
|t:|1783101030
|switch|p2a: Incineroar|Incineroar, L50, M|72/100
|-ability|p2a: Incineroar|Intimidate|boost
|-unboost|p1a: Incineroar|atk|1
|-unboost|p1b: Floette|atk|1
|move|p2b: Feraligatr|Protect|p2b: Feraligatr
|-singleturn|p2b: Feraligatr|Protect
|move|p1b: Floette|Dazzling Gleam|p2b: Feraligatr|[spread] p2a
|-activate|p2b: Feraligatr|move: Protect
|-damage|p2a: Incineroar|50/100g
|move|p1a: Incineroar|Parting Shot|p2b: Feraligatr
|-activate|p2b: Feraligatr|move: Protect
|
|-end|p2b: Feraligatr|Throat Chop|[silent]
|upkeep
|turn|6
|
|t:|1783101055
|move|p2a: Incineroar|Fake Out|p1b: Floette
|-damage|p1b: Floette|88/100
|cant|p1b: Floette|flinch
|move|p2b: Feraligatr|Liquidation|p1a: Incineroar
|-supereffective|p1a: Incineroar|1
|-damage|p1a: Incineroar|9/100
|-enditem|p1a: Incineroar|Sitrus Berry|[eat]
|-heal|p1a: Incineroar|34/100|[from] item: Sitrus Berry
|move|p1a: Incineroar|Throat Chop|p2b: Feraligatr
|-damage|p2b: Feraligatr|33/100
|-start|p2b: Feraligatr|Throat Chop|[silent]
|
|upkeep
|turn|7
|c|☆JuanAle22|vaya fraude macho
|inactive|MrDarki256 has 30 seconds left.
|inactive|JuanAle22 has 30 seconds left.
|c| maxibeasm|JAJajjajajaj
|inactive|MrDarki256 has 20 seconds left.
|inactive|JuanAle22 has 20 seconds left.
|inactive|JuanAle22 has 15 seconds left.
|inactive|JuanAle22 has 10 seconds left.
|c| shishio_ax|Al final si va a ser un vater
|inactive|JuanAle22 has 5 seconds left.
|
|t:|1783101106
|move|p2b: Feraligatr|Protect|p2b: Feraligatr
|-singleturn|p2b: Feraligatr|Protect
|move|p1b: Floette|Dazzling Gleam|p2b: Feraligatr|[spread] p2a
|-activate|p2b: Feraligatr|move: Protect
|-damage|p2a: Incineroar|27/100
|move|p2a: Incineroar|Flare Blitz|p1b: Floette
|-damage|p1b: Floette|39/100
|-damage|p2a: Incineroar|14/100|[from] Recoil
|move|p1a: Incineroar|Throat Chop|p2a: Incineroar
|-resisted|p2a: Incineroar|1
|-damage|p2a: Incineroar|5/100
|-start|p2a: Incineroar|Throat Chop|[silent]
|
|-end|p2b: Feraligatr|Throat Chop|[silent]
|upkeep
|turn|8
|inactive|MrDarki256 has 30 seconds left.
|inactive|JuanAle22 has 30 seconds left.
|c|☆JuanAle22|nah encima aguanta el puto mierdas tmb
|
|t:|1783101140
|move|p2b: Feraligatr|Protect||[still]
|-fail|p2b: Feraligatr
|move|p1b: Floette|Dazzling Gleam|p2b: Feraligatr|[spread] p2a,p2b
|-supereffective|p2b: Feraligatr|1
|-damage|p2a: Incineroar|0 fnt
|-damage|p2b: Feraligatr|0 fnt
|faint|p2a: Incineroar
|faint|p2b: Feraligatr
|move|p1a: Incineroar|Flare Blitz|p2: Incineroar|[notarget]
|-fail|p1a: Incineroar
|
|upkeep
|c|☆JuanAle22|gg
|c| Tallin de Kefta|rip ggs
|
|t:|1783101147
|switch|p2b: Whimsicott|Whimsicott, L50, F|33/100
|turn|9
|c| shishio_ax|GG
|
|t:|1783101157
|move|p2b: Whimsicott|Moonblast|p1a: Incineroar
|-damage|p1a: Incineroar|0 fnt
|faint|p1a: Incineroar
|move|p1b: Floette|Dazzling Gleam|p2b: Whimsicott
|-damage|p2b: Whimsicott|0 fnt
|faint|p2b: Whimsicott
|
|win|MrDarki256
|c| Tallin de Kefta|se te llega a morir el incin y tienes un 50 curioso
|c|☆MrDarki256|gg muy bien jugado
|c| shishio_ax|No no? Si se muere el Inci ganaba Juanale de una
|c|☆MrDarki256|Feralifraude
|c| Tallin de Kefta|ah claro
|c| Tallin de Kefta|encore
|c| shishio_ax|Por eso xd
|c| Tallin de Kefta|bueno
|l| shishio_ax
|c| Tallin de Kefta|tw liquidation al floette, protect floette flare blitz al whimsi
|c| Tallin de Kefta|no se si luego el incin lo mata
|l|☆JuanAle22
|player|p2|
