|j|☆BLiiNDProdiigy
|j|☆CorkscrewRacer
|html|BLiiNDProdiigyCorkscrewRacer    
|uhtml|bestof|Game 2 of a best-of-3
|t:|1756162560
|gametype|doubles
|player|p1|BLiiNDProdiigy|rocketgrunt|
|player|p2|CorkscrewRacer|266|
|gen|9
|tier|[Gen 9] VGC 2025 Reg H (Bo3)
|rule|Species Clause: Limit one of each Pokémon
|rule|Item Clause: Limit 1 of each item
|clearpoke
|poke|p1|Incineroar, L50, M|
|poke|p1|Amoonguss, L50, F|
|poke|p1|Gholdengo, L50|
|poke|p1|Basculegion, L50, M|
|poke|p1|Ninetales-Alola, L50, F|
|poke|p1|Sneasler, L50, F|
|poke|p2|Sneasler, L50, M|
|poke|p2|Dragapult, L50, M|
|poke|p2|Dondozo, L50, M|
|poke|p2|Tatsugiri, L50, M|
|poke|p2|Incineroar, L50, F|
|poke|p2|Rillaboom, L50, M|
|teampreview|4
|showteam|p1|Incineroar||SafetyGoggles|Intimidate|FakeOut,FlareBlitz,KnockOff,PartingShot|||M|||50|,,,,,Ghost]Amoonguss||SitrusBerry|Regenerator|Protect,RagePowder,Spore,PollenPuff|||F|||50|,,,,,Water]Gholdengo||LifeOrb|GoodasGold|MakeItRain,ShadowBall,NastyPlot,Protect||||||50|,,,,,Dragon]Basculegion||ChoiceScarf|Adaptability|WaveCrash,LastRespects,AquaJet,FlipTurn|||M|||50|,,,,,Water]Ninetales-Alola||NeverMeltIce|SnowWarning|Blizzard,FreezeDry,Encore,Protect|||F|||50|,,,,,Ghost]Sneasler||FocusSash|Unburden|FakeOut,DireClaw,CloseCombat,Protect|||F|||50|,,,,,Ghost
|showteam|p2|Sneasler||GrassySeed|Unburden|DireClaw,CloseCombat,Protect,FakeOut|||M|||50|,,,,,Ghost]Dragapult||ChoiceBand|ClearBody|DragonDarts,Outrage,PhantomForce,Uturn|||M|||50|,,,,,Dragon]Dondozo||Leftovers|Unaware|WaveCrash,HeavySlam,OrderUp,Protect|||M|||50|,,,,,Grass]Tatsugiri||LifeOrb|Commander|DracoMeteor,MuddyWater,IcyWind,Protect|||M|||50|,,,,,Stellar]Incineroar||AssaultVest|Intimidate|FakeOut,FlareBlitz,KnockOff,Uturn|||F|||50|,,,,,Ghost]Rillaboom||MiracleSeed|GrassySurge|GrassyGlide,WoodHammer,FakeOut,Taunt|||M|||50|,,,,,Fire
|
|t:|1756162575
|teamsize|p1|4
|teamsize|p2|4
|start
|switch|p1a: Incineroar|Incineroar, L50, M|100/100
|switch|p1b: Amoonguss|Amoonguss, L50, F, shiny|100/100
|switch|p2a: Sneasler|Sneasler, L50, M|100/100
|switch|p2b: Dragapult|Dragapult, L50, M|100/100
|-ability|p1a: Incineroar|Intimidate|boost
|-unboost|p2a: Sneasler|atk|1
|-fail|p2b: Dragapult|unboost|[from] ability: Clear Body|[of] p2b: Dragapult
|turn|1
|inactive|Battle timer is ON: inactive players will automatically lose when time's up. (requested by BLiiNDProdiigy)
|
|t:|1756162639
|-terastallize|p2a: Sneasler|Ghost
|move|p2b: Dragapult|U-turn|p1b: Amoonguss
|-damage|p1b: Amoonguss|68/100
|
|t:|1756162645
|switch|p2b: Incineroar|Incineroar, L50, F|100/100|[from] U-turn
|-ability|p2b: Incineroar|Intimidate|boost
|-unboost|p1a: Incineroar|atk|1
|-unboost|p1b: Amoonguss|atk|1
|move|p2a: Sneasler|Dire Claw|p1b: Amoonguss
|-crit|p1b: Amoonguss
|-damage|p1b: Amoonguss|12/100
|-enditem|p1b: Amoonguss|Sitrus Berry|[eat]
|-heal|p1b: Amoonguss|37/100|[from] item: Sitrus Berry
|move|p1a: Incineroar|Knock Off|p2b: Incineroar
|-resisted|p2b: Incineroar
|-crit|p2b: Incineroar
|-damage|p2b: Incineroar|75/100
|-enditem|p2b: Incineroar|Assault Vest|[from] move: Knock Off|[of] p1a: Incineroar
|move|p1b: Amoonguss|Spore|p2a: Sneasler
|-status|p2a: Sneasler|slp|[from] move: Spore
|
|upkeep
|turn|2
|
|t:|1756162669
|switch|p1b: Ninetales|Ninetales-Alola, L50, F, shiny|100/100
|-weather|Snowscape|[from] ability: Snow Warning|[of] p1b: Ninetales
|cant|p2a: Sneasler|slp
|move|p1a: Incineroar|Parting Shot|p2b: Incineroar
|-unboost|p2b: Incineroar|atk|1
|-unboost|p2b: Incineroar|spa|1
|
|t:|1756162674
|switch|p1a: Amoonguss|Amoonguss, L50, F, shiny|70/100|[from] Parting Shot
|move|p2b: Incineroar|Flare Blitz|p1b: Ninetales
|-supereffective|p1b: Ninetales
|-crit|p1b: Ninetales
|-damage|p1b: Ninetales|0 fnt
|faint|p1b: Ninetales
|-damage|p2b: Incineroar|51/100|[from] Recoil
|
|-weather|Snowscape|[upkeep]
|upkeep
|
|t:|1756162678
|switch|p1b: Incineroar|Incineroar, L50, M|100/100
|-ability|p1b: Incineroar|Intimidate|boost
|-unboost|p2a: Sneasler|atk|1
|-unboost|p2b: Incineroar|atk|1
|turn|3
|inactive|CorkscrewRacer has 30 seconds left.
|
|t:|1756162710
|-terastallize|p1a: Amoonguss|Water
|cant|p2a: Sneasler|slp
|move|p1b: Incineroar|Knock Off|p2a: Sneasler
|-supereffective|p2a: Sneasler
|-damage|p2a: Sneasler|0 fnt
|-enditem|p2a: Sneasler|Grassy Seed|[from] move: Knock Off|[of] p1b: Incineroar
|faint|p2a: Sneasler
|move|p2b: Incineroar|U-turn|p1a: Amoonguss
|-damage|p1a: Amoonguss|61/100
|
|t:|1756162722
|switch|p2b: Rillaboom|Rillaboom, L50, M|100/100|[from] U-turn
|-fieldstart|move: Grassy Terrain|[from] ability: Grassy Surge|[of] p2b: Rillaboom
|move|p1a: Amoonguss|Spore|p2b: Rillaboom
|-immune|p2b: Rillaboom
|
|-weather|Snowscape|[upkeep]
|-heal|p1a: Amoonguss|67/100|[from] Grassy Terrain
|upkeep
|
|t:|1756162737
|switch|p2a: Dragapult|Dragapult, L50, M|100/100
|turn|4
|
|t:|1756162748
|move|p1a: Amoonguss|Protect|p1a: Amoonguss
|-singleturn|p1a: Amoonguss|Protect
|move|p2b: Rillaboom|Fake Out|p1a: Amoonguss
|-activate|p1a: Amoonguss|move: Protect
|move|p2a: Dragapult|Outrage|p1a: Amoonguss
|-activate|p1a: Amoonguss|move: Protect
|move|p1b: Incineroar|Flare Blitz|p2b: Rillaboom
|-supereffective|p2b: Rillaboom
|-damage|p2b: Rillaboom|19/100
|-damage|p1b: Incineroar|73/100|[from] Recoil
|
|-weather|Snowscape|[upkeep]
|-heal|p2b: Rillaboom|24/100|[from] Grassy Terrain
|-heal|p1b: Incineroar|79/100|[from] Grassy Terrain
|-heal|p1a: Amoonguss|73/100|[from] Grassy Terrain
|upkeep
|turn|5
|
|t:|1756162768
|move|p1a: Amoonguss|Rage Powder|p1a: Amoonguss
|-singleturn|p1a: Amoonguss|move: Rage Powder
|move|p2a: Dragapult|Outrage|p1a: Amoonguss
|-damage|p1a: Amoonguss|0 fnt
|faint|p1a: Amoonguss
|move|p2b: Rillaboom|Taunt|p1b: Incineroar
|-start|p1b: Incineroar|move: Taunt
|move|p1b: Incineroar|Knock Off|p2a: Dragapult
|-supereffective|p2a: Dragapult
|-damage|p2a: Dragapult|0 fnt
|-enditem|p2a: Dragapult|Choice Band|[from] move: Knock Off|[of] p1b: Incineroar
|faint|p2a: Dragapult
|
|-weather|Snowscape|[upkeep]
|-heal|p2b: Rillaboom|30/100|[from] Grassy Terrain
|-heal|p1b: Incineroar|85/100|[from] Grassy Terrain
|upkeep
|
|t:|1756162784
|switch|p2a: Incineroar|Incineroar, L50, F|51/100
|switch|p1a: Basculegion|Basculegion, L50, M|100/100
|-ability|p2a: Incineroar|Intimidate|boost
|-unboost|p1a: Basculegion|atk|1
|-unboost|p1b: Incineroar|atk|1
|turn|6
|
|t:|1756162796
|move|p2a: Incineroar|Fake Out|p1b: Incineroar
|-damage|p1b: Incineroar|73/100
|move|p1a: Basculegion|Wave Crash|p2a: Incineroar
|-supereffective|p2a: Incineroar
|-damage|p2a: Incineroar|0 fnt
|faint|p2a: Incineroar
|-damage|p1a: Basculegion|83/100|[from] Recoil
|move|p2b: Rillaboom|Wood Hammer|p1a: Basculegion
|-supereffective|p1a: Basculegion
|-damage|p1a: Basculegion|0 fnt
|faint|p1a: Basculegion
|-damage|p2b: Rillaboom|4/100|[from] Recoil
|cant|p1b: Incineroar|flinch
|
|-weather|none
|-heal|p2b: Rillaboom|10/100|[from] Grassy Terrain
|-heal|p1b: Incineroar|79/100|[from] Grassy Terrain
|upkeep
|turn|7
|
|t:|1756162819
|move|p2b: Rillaboom|Grassy Glide|p2: Incineroar|[notarget]
|-fail|p2b: Rillaboom
|move|p1b: Incineroar|Flare Blitz|p2b: Rillaboom
|-supereffective|p2b: Rillaboom
|-damage|p2b: Rillaboom|0 fnt
|faint|p2b: Rillaboom
|-damage|p1b: Incineroar|76/100|[from] Recoil
|
|win|BLiiNDProdiigy
|l|☆BLiiNDProdiigy
|player|p1|
