|j|☆gene takavic
|j|☆ryoshino19
|html|gene takavicryoshino19    
|uhtml|bestof|Game 2 of a best-of-3
|t:|1756603100
|gametype|doubles
|player|p1|gene takavic|pryce|1175
|player|p2|ryoshino19|169|1223
|gen|9
|tier|[Gen 9] VGC 2025 Reg H (Bo3)
|rated|
|rule|Species Clause: Limit one of each Pokémon
|rule|Item Clause: Limit 1 of each item
|clearpoke
|poke|p1|Charizard, L50, M|
|poke|p1|Torkoal, L50, M|
|poke|p1|Porygon2, L50|
|poke|p1|Incineroar, L50, F|
|poke|p1|Jumpluff, L50, F|
|poke|p1|Ursaluna, L50, M|
|poke|p2|Porygon2, L50|
|poke|p2|Dragonite, L50, F|
|poke|p2|Annihilape, L50, F|
|poke|p2|Incineroar, L50, F|
|poke|p2|Ursaluna, L50, F|
|poke|p2|Gholdengo, L50|
|teampreview|4
|showteam|p1|Charizard||ChoiceSpecs|SolarPower|HeatWave,Overheat,WeatherBall,AirSlash|||M|||50|,,,,,Ghost]Torkoal||EjectPack|Drought|Eruption,Overheat,HelpingHand,Protect|||M|||50|,,,,,Fire]Porygon2||Eviolite|Download|TeraBlast,IceBeam,Recover,TrickRoom||||||50|,,,,,Fighting]Incineroar||SitrusBerry|Intimidate|FlareBlitz,KnockOff,FakeOut,PartingShot|||F|||50|,,,,,Ghost]Jumpluff||CovertCloak|Chlorophyll|SleepPowder,SunnyDay,RagePowder,Tailwind|||F|||50|,,,,,Water]Ursaluna||FlameOrb|Guts|HeadlongRush,Facade,Earthquake,Protect|||M|||50|,,,,,Ghost
|showteam|p2|Porygon2||Eviolite|Download|TeraBlast,IceBeam,Recover,TrickRoom||||||50|,,,,,Fighting]Dragonite||LoadedDice|InnerFocus|ExtremeSpeed,ScaleShot,Tailwind,Haze|||F|||50|,,,,,Normal]Annihilape||FocusSash|Defiant|RageFist,CloseCombat,FinalGambit,Taunt|||F|||50|,,,,,Fire]Incineroar||SafetyGoggles|Intimidate|FlareBlitz,KnockOff,PartingShot,FakeOut|||F|||50|,,,,,Ghost]Ursaluna||FlameOrb|Guts|Facade,HeadlongRush,Earthquake,Protect|||F|||50|,,,,,Ghost]Gholdengo||MetalCoat|GoodasGold|MakeItRain,ShadowBall,NastyPlot,Protect||||||50|,,,,,Water
|inactive|Battle timer is ON: inactive players will automatically lose when time's up. (requested by gene takavic)
|inactive|ryoshino19 also wants the timer to be on.
|
|t:|1756603115
|teamsize|p1|4
|teamsize|p2|4
|start
|switch|p1a: Charizard|Charizard, L50, M|100/100
|switch|p1b: Jumpluff|Jumpluff, L50, F|100/100
|switch|p2a: Incineroar|Incineroar, L50, F, shiny|100/100
|switch|p2b: Dragonite|Dragonite, L50, F, shiny|100/100
|-ability|p2a: Incineroar|Intimidate|boost
|-unboost|p1a: Charizard|atk|1
|-unboost|p1b: Jumpluff|atk|1
|turn|1
|
|t:|1756603132
|move|p1b: Jumpluff|Sleep Powder|p2b: Dragonite
|-status|p2b: Dragonite|slp|[from] move: Sleep Powder
|move|p1a: Charizard|Heat Wave|p2b: Dragonite|[spread] p2a,p2b
|-resisted|p2a: Incineroar
|-crit|p2a: Incineroar
|-resisted|p2b: Dragonite
|-damage|p2a: Incineroar|71/100
|-damage|p2b: Dragonite|78/100 slp
|cant|p2b: Dragonite|slp
|move|p2a: Incineroar|Knock Off|p1a: Charizard
|-damage|p1a: Charizard|43/100
|-enditem|p1a: Charizard|Choice Specs|[from] move: Knock Off|[of] p2a: Incineroar
|
|upkeep
|turn|2
|
|t:|1756603144
|cant|p2b: Dragonite|slp
|move|p1b: Jumpluff|Sunny Day|p1b: Jumpluff
|-weather|SunnyDay
|move|p1a: Charizard|Overheat|p2b: Dragonite
|-resisted|p2b: Dragonite
|-damage|p2b: Dragonite|6/100 slp
|-unboost|p1a: Charizard|spa|2
|move|p2a: Incineroar|Flare Blitz|p1b: Jumpluff
|-supereffective|p1b: Jumpluff
|-damage|p1b: Jumpluff|0 fnt
|faint|p1b: Jumpluff
|-damage|p2a: Incineroar|41/100|[from] Recoil
|
|-weather|SunnyDay|[upkeep]
|-damage|p1a: Charizard|31/100|[from] ability: Solar Power|[of] p1a: Charizard
|upkeep
|
|t:|1756603149
|switch|p1b: Porygon2|Porygon2, L50|100/100
|-ability|p1b: Porygon2|Download|boost
|-boost|p1b: Porygon2|atk|1
|turn|3
|
|t:|1756603159
|switch|p1a: Ursaluna|Ursaluna, L50, M|100/100
|-terastallize|p1b: Porygon2|Fighting
|cant|p2b: Dragonite|slp
|move|p1b: Porygon2|Tera Blast|p2a: Incineroar|[anim] Tera Blast Fighting
|-supereffective|p2a: Incineroar
|-damage|p2a: Incineroar|0 fnt
|faint|p2a: Incineroar
|
|-weather|SunnyDay|[upkeep]
|-status|p1a: Ursaluna|brn|[from] item: Flame Orb
|upkeep
|
|t:|1756603171
|switch|p2a: Annihilape|Annihilape, L50, F, shiny|100/100
|turn|4
|
|t:|1756603182
|switch|p1b: Charizard|Charizard, L50, M|31/100
|move|p2a: Annihilape|Final Gambit|p1a: Ursaluna
|-damage|p1a: Ursaluna|3/100 brn
|faint|p2a: Annihilape
|-curestatus|p2b: Dragonite|slp|[msg]
|move|p2b: Dragonite|Scale Shot|p1b: Charizard
|-damage|p1b: Charizard|11/100
|-damage|p1b: Charizard|0 fnt
|faint|p1b: Charizard
|-hitcount|p1: Charizard|2
|-unboost|p2b: Dragonite|def|1
|-boost|p2b: Dragonite|spe|1
|move|p1a: Ursaluna|Headlong Rush|p2b: Dragonite
|-immune|p2b: Dragonite
|
|-weather|SunnyDay|[upkeep]
|-damage|p1a: Ursaluna|0 fnt|[from] brn
|faint|p1a: Ursaluna
|upkeep
|
|t:|1756603194
|switch|p2a: Porygon2|Porygon2, L50, shiny|100/100
|switch|p1a: Porygon2|Porygon2, L50, tera:Fighting|100/100
|-ability|p1a: Porygon2|Download|boost
|-boost|p1a: Porygon2|atk|1
|-ability|p2a: Porygon2|Download|boost
|-boost|p2a: Porygon2|atk|1
|turn|5
|inactive|gene takavic has 30 seconds left.
|
|t:|1756603220
|-terastallize|p2a: Porygon2|Fighting
|move|p2b: Dragonite|Scale Shot|p1a: Porygon2
|-damage|p1a: Porygon2|91/100
|-damage|p1a: Porygon2|81/100
|-damage|p1a: Porygon2|72/100
|-damage|p1a: Porygon2|64/100
|-damage|p1a: Porygon2|55/100
|-hitcount|p1a: Porygon2|5
|-unboost|p2b: Dragonite|def|1
|-boost|p2b: Dragonite|spe|1
|move|p1a: Porygon2|Ice Beam|p2b: Dragonite
|-supereffective|p2b: Dragonite
|-damage|p2b: Dragonite|0 fnt
|faint|p2b: Dragonite
|move|p2a: Porygon2|Tera Blast|p1a: Porygon2|[anim] Tera Blast Fighting
|-damage|p1a: Porygon2|32/100
|
|-weather|SunnyDay|[upkeep]
|upkeep
|turn|6
|
|t:|1756603236
|move|p1a: Porygon2|Recover|p1a: Porygon2
|-heal|p1a: Porygon2|82/100
|move|p2a: Porygon2|Tera Blast|p1a: Porygon2|[anim] Tera Blast Fighting
|-damage|p1a: Porygon2|59/100
|
|-weather|none
|upkeep
|turn|7
|
|t:|1756603242
|move|p1a: Porygon2|Ice Beam|p2a: Porygon2
|-damage|p2a: Porygon2|84/100
|move|p2a: Porygon2|Tera Blast|p1a: Porygon2|[anim] Tera Blast Fighting
|-damage|p1a: Porygon2|34/100
|
|upkeep
|turn|8
|
|t:|1756603247
|move|p1a: Porygon2|Ice Beam|p2a: Porygon2
|-damage|p2a: Porygon2|68/100
|move|p2a: Porygon2|Tera Blast|p1a: Porygon2|[anim] Tera Blast Fighting
|-damage|p1a: Porygon2|11/100
|
|upkeep
|turn|9
|
|t:|1756603254
|move|p1a: Porygon2|Recover|p1a: Porygon2
|-heal|p1a: Porygon2|61/100
|move|p2a: Porygon2|Tera Blast|p1a: Porygon2|[anim] Tera Blast Fighting
|-damage|p1a: Porygon2|39/100
|
|upkeep
|turn|10
|
|t:|1756603258
|move|p1a: Porygon2|Ice Beam|p2a: Porygon2
|-damage|p2a: Porygon2|53/100
|move|p2a: Porygon2|Tera Blast|p1a: Porygon2|[anim] Tera Blast Fighting
|-damage|p1a: Porygon2|17/100
|
|upkeep
|turn|11
|
|t:|1756603262
|move|p1a: Porygon2|Recover|p1a: Porygon2
|-heal|p1a: Porygon2|67/100
|move|p2a: Porygon2|Tera Blast|p1a: Porygon2|[anim] Tera Blast Fighting
|-damage|p1a: Porygon2|43/100
|
|upkeep
|turn|12
|
|t:|1756603266
|move|p1a: Porygon2|Ice Beam|p2a: Porygon2
|-damage|p2a: Porygon2|37/100
|move|p2a: Porygon2|Tera Blast|p1a: Porygon2|[anim] Tera Blast Fighting
|-damage|p1a: Porygon2|18/100
|
|upkeep
|turn|13
|
|t:|1756603270
|move|p1a: Porygon2|Recover|p1a: Porygon2
|-heal|p1a: Porygon2|68/100
|move|p2a: Porygon2|Recover|p2a: Porygon2
|-heal|p2a: Porygon2|87/100
|
|upkeep
|turn|14
|
|t:|1756603272
|move|p1a: Porygon2|Ice Beam|p2a: Porygon2
|-damage|p2a: Porygon2|71/100
|move|p2a: Porygon2|Tera Blast|p1a: Porygon2|[anim] Tera Blast Fighting
|-damage|p1a: Porygon2|46/100
|
|upkeep
|turn|15
|
|t:|1756603275
|move|p1a: Porygon2|Ice Beam|p2a: Porygon2
|-damage|p2a: Porygon2|55/100
|-status|p2a: Porygon2|frz
|cant|p2a: Porygon2|frz
|
|upkeep
|turn|16
|
|t:|1756603280
|move|p1a: Porygon2|Tera Blast|p2a: Porygon2|[anim] Tera Blast Fighting
|-damage|p2a: Porygon2|35/100 frz
|cant|p2a: Porygon2|frz
|
|upkeep
|turn|17
|
|t:|1756603283
|move|p1a: Porygon2|Tera Blast|p2a: Porygon2|[anim] Tera Blast Fighting
|-damage|p2a: Porygon2|14/100 frz
|cant|p2a: Porygon2|frz
|
|upkeep
|turn|18
|
|t:|1756603286
|move|p1a: Porygon2|Tera Blast|p2a: Porygon2|[anim] Tera Blast Fighting
|-damage|p2a: Porygon2|0 fnt
|faint|p2a: Porygon2
|
|win|gene takavic
|raw|gene takavic's rating: 1175 → 1203(+28 for winning)
|raw|ryoshino19's rating: 1223 → 1195(-28 for losing)
|l|☆ryoshino19
|player|p2|
