|j|☆Broey_jiggs
|j|☆cfghxjhgfx
|html|Broey_jiggscfghxjhgfx    
|uhtml|bestof|Game 1 of a best-of-3
|t:|1785132286
|gametype|doubles
|player|p1|Broey_jiggs|266|1074
|player|p2|cfghxjhgfx|sailor|1049
|gen|9
|tier|[Gen 9 Champions] VGC 2026 Reg M-B (Bo3)
|rated|
|rule|Species Clause: Limit one of each Pokémon
|rule|Item Clause: Limit 1 of each item
|clearpoke
|poke|p1|Toxapex, L50, M|
|poke|p1|Rotom-Wash, L50|
|poke|p1|Venusaur, L50, M|
|poke|p1|Incineroar, L50, M|
|poke|p1|Gengar, L50, F|
|poke|p1|Archaludon, L50, F|
|poke|p2|Charizard, L50, F|
|poke|p2|Grimmsnarl, L50, M|
|poke|p2|Pelipper, L50, F|
|poke|p2|Archaludon, L50, M|
|poke|p2|Basculegion, L50, M|
|poke|p2|Venusaur, L50, M|
|teampreview|4
|showteam|p1|Toxapex||Leftovers|Regenerator|Toxic,BanefulBunker,Infestation,WideGuard|Bold||M|||50|]Rotom-Wash||Magnet|Levitate|HydroPump,VoltSwitch,WillOWisp,Electroweb|Calm|||||50|]Venusaur||Venusaurite|Chlorophyll|GigaDrain,LeechSeed,SludgeBomb,Protect|Bold||M|||50|]Incineroar||ChopleBerry|Intimidate|FlareBlitz,DarkestLariat,PartingShot,FakeOut|Adamant||M|||50|]Gengar||Gengarite|CursedBody|PerishSong,ShadowBall,Disable,Protect|Timid||F|||50|]Archaludon||LifeOrb|Stamina|ElectroShot,DragonPulse,FlashCannon,Protect|Timid||F|||50|
|showteam|p2|Charizard||CharizarditeY|SolarPower|Protect,HeatWave,WeatherBall,SolarBeam|Modest||F|||50|]Grimmsnarl||LightClay|Prankster|SpiritBreak,Reflect,LightScreen,PartingShot|Careful||M|||50|]Pelipper||SitrusBerry|Drizzle|Hurricane,WeatherBall,Tailwind,WideGuard|Modest||F|||50|]Archaludon||Leftovers|Stamina|Protect,ElectroShot,DragonPulse,FlashCannon|Timid||M|||50|]Basculegion||ChoiceScarf|Adaptability|FlipTurn,WaveCrash,AquaJet,LastRespects|Jolly||M|||50|]Venusaur||FocusSash|Chlorophyll|Protect,SleepPowder,SludgeBomb,EarthPower|Modest||M|||50|
|inactive|Battle timer is ON: inactive players will automatically lose when time's up. (requested by Broey_jiggs)
|
|t:|1785132325
|teamsize|p1|4
|teamsize|p2|4
|start
|switch|p1a: Gengar|Gengar, L50, F|100/100
|switch|p1b: Incineroar|Incineroar, L50, M|100/100
|switch|p2a: Charizard|Charizard, L50, F|100/100
|switch|p2b: Venusaur|Venusaur, L50, M|100/100
|-ability|p1b: Incineroar|Intimidate|boost
|-unboost|p2a: Charizard|atk|1
|-unboost|p2b: Venusaur|atk|1
|turn|1
|
|t:|1785132335
|detailschange|p1a: Gengar|Gengar-Mega, L50, F
|-mega|p1a: Gengar|Gengar|Gengarite
|detailschange|p2a: Charizard|Charizard-Mega-Y, L50, F
|-mega|p2a: Charizard|Charizard|Charizardite Y
|-weather|SunnyDay|[from] ability: Drought|[of] p2a: Charizard
|move|p1b: Incineroar|Fake Out|p2a: Charizard
|-damage|p2a: Charizard|80/100
|move|p2b: Venusaur|Sleep Powder|p1a: Gengar
|-status|p1a: Gengar|slp|[from] move: Sleep Powder
|cant|p1a: Gengar|slp
|cant|p2a: Charizard|flinch
|
|-weather|SunnyDay|[upkeep]
|upkeep
|turn|2
|
|t:|1785132350
|switch|p1a: Rotom|Rotom-Wash, L50|100/100
|move|p2b: Venusaur|Sleep Powder|p1b: Incineroar
|-status|p1b: Incineroar|slp|[from] move: Sleep Powder
|move|p2a: Charizard|Heat Wave|p1a: Rotom|[spread] p1a,p1b
|-resisted|p1a: Rotom|1
|-resisted|p1b: Incineroar|1
|-damage|p1a: Rotom|67/100
|-damage|p1b: Incineroar|64/100 slp
|cant|p1b: Incineroar|slp
|
|-weather|SunnyDay|[upkeep]
|upkeep
|turn|3
|
|t:|1785132365
|move|p2b: Venusaur|Earth Power|p1b: Incineroar
|-supereffective|p1b: Incineroar|1
|-damage|p1b: Incineroar|9/100 slp
|move|p2a: Charizard|Solar Beam||[still]
|-prepare|p2a: Charizard|Solar Beam
|-anim|p2a: Charizard|Solar Beam|p1a: Rotom
|-supereffective|p1a: Rotom|1
|-damage|p1a: Rotom|0 fnt
|faint|p1a: Rotom
|cant|p1b: Incineroar|slp
|
|-weather|SunnyDay|[upkeep]
|upkeep
|
|t:|1785132376
|switch|p1a: Archaludon|Archaludon, L50, F|100/100
|turn|4
|
|t:|1785132386
|move|p1a: Archaludon|Protect|p1a: Archaludon
|-singleturn|p1a: Archaludon|Protect
|move|p2b: Venusaur|Earth Power|p1b: Incineroar
|-supereffective|p1b: Incineroar|1
|-damage|p1b: Incineroar|0 fnt
|faint|p1b: Incineroar
|move|p2a: Charizard|Weather Ball|p1a: Archaludon
|-activate|p1a: Archaludon|move: Protect
|
|-weather|SunnyDay|[upkeep]
|upkeep
|
|t:|1785132397
|switch|p1b: Gengar|Gengar-Mega, L50, F|100/100 slp
|turn|5
|
|t:|1785132408
|cant|p1b: Gengar|slp
|move|p1a: Archaludon|Protect||[still]
|-fail|p1a: Archaludon
|move|p2b: Venusaur|Earth Power|p1b: Gengar
|-supereffective|p1b: Gengar|1
|-damage|p1b: Gengar|37/100 slp
|move|p2a: Charizard|Weather Ball|p1a: Archaludon
|-damage|p1a: Archaludon|4/100
|-ability|p1a: Archaludon|Stamina|boost
|-boost|p1a: Archaludon|def|1
|
|-weather|none
|upkeep
|turn|6
|
|t:|1785132429
|-curestatus|p1b: Gengar|slp|[msg]
|move|p1b: Gengar|Shadow Ball|p2a: Charizard
|-damage|p2a: Charizard|32/100
|move|p2a: Charizard|Heat Wave|p1b: Gengar|[spread] p1a,p1b
|-damage|p1a: Archaludon|0 fnt
|-damage|p1b: Gengar|0 fnt
|faint|p1a: Archaludon
|faint|p1b: Gengar
|
|win|cfghxjhgfx
|l|☆cfghxjhgfx
|player|p2|
|j| tedidn
||cfghxjhgfx is ready for game 2.
