|j|☆raksbach
|j|☆katkraydel
|html|raksbachkatkraydel    
|uhtml|bestof|Game 2 of a best-of-3
|t:|1783952682
|gametype|doubles
|player|p1|raksbach|102|1222
|player|p2|katkraydel|lebanne|1413
|gen|9
|tier|[Gen 9 Champions] VGC 2026 Reg M-B (Bo3)
|rated|
|rule|Species Clause: Limit one of each Pokémon
|rule|Item Clause: Limit 1 of each item
|clearpoke
|poke|p1|Incineroar, L50, M|
|poke|p1|Maushold, L50|
|poke|p1|Sinistcha, L50|
|poke|p1|Sneasler, L50, M|
|poke|p1|Blastoise, L50, F|
|poke|p1|Delphox, L50, M|
|poke|p2|Whimsicott, L50, F|
|poke|p2|Tyranitar, L50, M|
|poke|p2|Kommo-o, L50, M|
|poke|p2|Excadrill, L50, F|
|poke|p2|Venusaur, L50, M|
|poke|p2|Basculegion, L50, M|
|teampreview|4
|showteam|p1|Incineroar||SitrusBerry|Intimidate|FakeOut,FlareBlitz,DarkestLariat,PartingShot|Impish||M|||50|]Maushold||ChopleBerry|FriendGuard|SuperFang,FollowMe,Protect,Feint|Impish|||||50|]Sinistcha||OccaBerry|Hospitality|MatchaGotcha,LifeDew,RagePowder,Protect|Bold|||||50|]Sneasler||FocusSash|PoisonTouch|FakeOut,CloseCombat,DireClaw,QuickGuard|Jolly||M|||50|]Blastoise||Blastoisinite|Torrent|WaterSpout,DarkPulse,ShellSmash,Protect|Modest||F|||50|]Delphox||Delphoxite|Blaze|HeatWave,Psychic,NastyPlot,Protect|Timid||M|||50|
|showteam|p2|Whimsicott||MentalHerb|Prankster|Moonblast,Tailwind,FakeTears,Protect|Bold||F|||50|]Tyranitar||Tyranitarite|SandStream|RockSlide,KnockOff,IcePunch,Protect|Adamant||M|||50|]Kommo-o||LifeOrb|Overcoat|ClangingScales,AuraSphere,FlashCannon,Protect|Modest||M|||50|]Excadrill||FocusSash|SandRush|HighHorsepower,IronHead,RockTomb,Protect|Adamant||F|||50|]Venusaur||Venusaurite|Chlorophyll|EnergyBall,SludgeBomb,EarthPower,Protect|Modest||M|||50|]Basculegion||ChoiceScarf|Adaptability|WaveCrash,LastRespects,FlipTurn,AquaJet|Adamant||M|||50|
|inactive|Battle timer is ON: inactive players will automatically lose when time's up. (requested by raksbach)
|
|t:|1783952709
|teamsize|p1|4
|teamsize|p2|4
|start
|switch|p1a: Incineroar|Incineroar, L50, M|100/100
|switch|p1b: Sneasler|Sneasler, L50, M|100/100
|switch|p2a: Basculegion|Basculegion, L50, M|100/100
|switch|p2b: Kommo-o|Kommo-o, L50, M|100/100
|-ability|p1a: Incineroar|Intimidate|boost
|-unboost|p2a: Basculegion|atk|1
|-unboost|p2b: Kommo-o|atk|1
|turn|1
|inactive|raksbach has 30 seconds left.
|
|t:|1783952741
|move|p2a: Basculegion|Flip Turn|p1a: Incineroar
|-supereffective|p1a: Incineroar|1
|-damage|p1a: Incineroar|58/100
|
|t:|1783952757
|switch|p2a: Venusaur|Venusaur, L50, M|100/100|[from] Flip Turn
|move|p1b: Sneasler|Dire Claw|p2a: Venusaur
|-damage|p2a: Venusaur|52/100
|move|p2b: Kommo-o|Aura Sphere|p1a: Incineroar
|-supereffective|p1a: Incineroar|1
|-damage|p1a: Incineroar|0 fnt
|faint|p1a: Incineroar
|-damage|p2b: Kommo-o|90/100|[from] item: Life Orb
|
|upkeep
|
|t:|1783952766
|switch|p1a: Delphox|Delphox, L50, M|100/100
|turn|2
|inactive|raksbach has 30 seconds left.
|
|t:|1783952791
|switch|p2b: Whimsicott|Whimsicott, L50, F|100/100
|switch|p2a: Basculegion|Basculegion, L50, M|100/100
|detailschange|p1a: Delphox|Delphox-Mega, L50, M
|-mega|p1a: Delphox|Delphox|Delphoxite
|move|p1a: Delphox|Nasty Plot|p1a: Delphox
|-boost|p1a: Delphox|spa|2
|move|p1b: Sneasler|Dire Claw|p2a: Basculegion
|-resisted|p2a: Basculegion|1
|-damage|p2a: Basculegion|72/100
|
|upkeep
|turn|3
|
|t:|1783952808
|move|p1a: Delphox|Protect|p1a: Delphox
|-singleturn|p1a: Delphox|Protect
|move|p2b: Whimsicott|Tailwind|p2b: Whimsicott
|-sidestart|p2: katkraydel|move: Tailwind
|move|p2a: Basculegion|Wave Crash|p1a: Delphox
|-activate|p1a: Delphox|move: Protect
|move|p1b: Sneasler|Dire Claw|p2b: Whimsicott
|-supereffective|p2b: Whimsicott|2
|-damage|p2b: Whimsicott|0 fnt
|faint|p2b: Whimsicott
|
|upkeep
|
|t:|1783952812
|switch|p2b: Kommo-o|Kommo-o, L50, M|90/100
|turn|4
|
|t:|1783952819
|switch|p1b: Maushold|Maushold, L50|100/100
|move|p1a: Delphox|Protect||[still]
|-fail|p1a: Delphox
|move|p2a: Basculegion|Wave Crash|p1b: Maushold
|-damage|p1b: Maushold|21/100
|-damage|p2a: Basculegion|48/100|[from] Recoil
|move|p2b: Kommo-o|Clanging Scales|p1b: Maushold|[spread] p1a,p1b
|-damage|p1a: Delphox|65/100
|-damage|p1b: Maushold|0 fnt
|faint|p1b: Maushold
|-unboost|p2b: Kommo-o|def|1
|-damage|p2b: Kommo-o|81/100|[from] item: Life Orb
|
|upkeep
|
|t:|1783952826
|switch|p1b: Sneasler|Sneasler, L50, M|100/100
|turn|5
|
|t:|1783952834
|move|p1a: Delphox|Protect|p1a: Delphox
|-singleturn|p1a: Delphox|Protect
|move|p2a: Basculegion|Wave Crash|p1a: Delphox
|-activate|p1a: Delphox|move: Protect
|move|p2b: Kommo-o|Clanging Scales|p1b: Sneasler|[spread] p1b
|-activate|p1a: Delphox|move: Protect
|-damage|p1b: Sneasler|29/100
|-unboost|p2b: Kommo-o|def|1
|-damage|p2b: Kommo-o|71/100|[from] item: Life Orb
|move|p1b: Sneasler|Dire Claw|p2a: Basculegion
|-resisted|p2a: Basculegion|1
|-damage|p2a: Basculegion|22/100
|
|upkeep
|turn|6
|inactive|raksbach has 30 seconds left.
|inactive|raksbach has 20 seconds left.
|
|t:|1783952873
|move|p1a: Delphox|Protect|p1a: Delphox
|-singleturn|p1a: Delphox|Protect
|move|p2a: Basculegion|Wave Crash|p1a: Delphox
|-activate|p1a: Delphox|move: Protect
|move|p2b: Kommo-o|Clanging Scales|p1a: Delphox|[spread] p1b
|-activate|p1a: Delphox|move: Protect
|-damage|p1b: Sneasler|0 fnt
|faint|p1b: Sneasler
|-unboost|p2b: Kommo-o|def|1
|-damage|p2b: Kommo-o|62/100|[from] item: Life Orb
|
|-sideend|p2: katkraydel|move: Tailwind
|upkeep
|turn|7
|
|t:|1783952881
|move|p2a: Basculegion|Wave Crash|p1a: Delphox
|-supereffective|p1a: Delphox|1
|-damage|p1a: Delphox|0 fnt
|faint|p1a: Delphox
|-damage|p2a: Basculegion|4/100|[from] Recoil
|
|win|katkraydel
|raw|raksbach's rating: 1222 → 1210(-12 for losing)
|raw|katkraydel's rating: 1413 → 1423(+10 for winning)
