|j|☆Thad Stevens
|j|☆TeyVgc
|html|Thad StevensTeyVgc    
|uhtml|bestof|Game 2 of a best-of-3
|t:|1757099353
|gametype|doubles
|player|p1|Thad Stevens|pryce|1210
|player|p2|TeyVgc|101|1258
|gen|9
|tier|[Gen 9] VGC 2025 Reg H (Bo3)
|rated|
|rule|Species Clause: Limit one of each Pokémon
|rule|Item Clause: Limit 1 of each item
|clearpoke
|poke|p1|Sneasler, L50, M|
|poke|p1|Indeedee, L50, M|
|poke|p1|Volcarona, L50, F|
|poke|p1|Ursaluna-Bloodmoon, L50, M|
|poke|p1|Annihilape, L50, M|
|poke|p1|Tyranitar, L50, M|
|poke|p2|Gholdengo, L50|
|poke|p2|Dragonite, L50, F|
|poke|p2|Sneasler, L50, M|
|poke|p2|Incineroar, L50, F|
|poke|p2|Indeedee, L50, M|
|poke|p2|Gastrodon, L50, M|
|teampreview|4
|showteam|p1|Sneasler||PsychicSeed|Unburden|CloseCombat,DireClaw,ThroatChop,Protect|||M|||50|,,,,,Dark]Indeedee||ChoiceScarf|PsychicSurge|ExpandingForce,TeraBlast,Trick,Protect|||M|||50|,,,,,Psychic]Volcarona||SitrusBerry|FlameBody|Overheat,StruggleBug,RagePowder,Tailwind|||F|||50|,,,,,Grass]Ursaluna-Bloodmoon||LifeOrb|MindsEye|BloodMoon,HyperVoice,EarthPower,Protect|||M|||50|,,,,,Normal]Annihilape||SafetyGoggles|Defiant|CloseCombat,RageFist,Taunt,FinalGambit|||M|||50|,,,,,Fairy]Tyranitar||AssaultVest|SandStream|RockSlide,KnockOff,TeraBlast,LowKick|||M|||50|,,,,,Flying
|showteam|p2|Gholdengo||LifeOrb|GoodasGold|Protect,MakeItRain,ShadowBall,NastyPlot||||||50|,,,,,Water]Dragonite||LoadedDice|Multiscale|ScaleShot,Tailwind,Haze,Protect|||F|||50|,,,,,Fairy]Sneasler||PsychicSeed|Unburden|Protect,DireClaw,CloseCombat,ThroatChop|||M|||50|,,,,,Dark]Incineroar||SafetyGoggles|Intimidate|KnockOff,PartingShot,FlareBlitz,FakeOut|||F|||50|,,,,,Ghost]Indeedee||FocusSash|PsychicSurge|ExpandingForce,TrickRoom,Imprison,TeraBlast|||M|||50|,,,,,Fighting]Gastrodon||Leftovers|StormDrain|EarthPower,Yawn,Recover,IceBeam|||M|||50|,,,,,Poison
|inactive|Battle timer is ON: inactive players will automatically lose when time's up. (requested by Thad Stevens)
|inactive|Thad Stevens has 60 seconds left.
|inactive|TeyVgc has 60 seconds left.
|
|t:|1757099385
|teamsize|p1|4
|teamsize|p2|4
|start
|switch|p1a: Volcarona|Volcarona, L50, F|100/100
|switch|p1b: Annihilape|Annihilape, L50, M|100/100
|switch|p2a: Tuco|Incineroar, L50, F|100/100
|switch|p2b: Hector|Gholdengo, L50|100/100
|-ability|p2a: Tuco|Intimidate|boost
|-unboost|p1a: Volcarona|atk|1
|-unboost|p1b: Annihilape|atk|1
|-ability|p1b: Annihilape|Defiant|boost
|-boost|p1b: Annihilape|atk|2
|turn|1
|inactive|TeyVgc has 30 seconds left.
|inactive|TeyVgc has 20 seconds left.
|
|t:|1757099424
|switch|p1b: Indeedee|Indeedee, L50, M|100/100
|-fieldstart|move: Psychic Terrain|[from] ability: Psychic Surge|[of] p1b: Indeedee
|-terastallize|p2a: Tuco|Ghost
|move|p2a: Tuco|Fake Out|p1a: Volcarona
|-activate|p1a: Volcarona|move: Psychic Terrain
|move|p1a: Volcarona|Overheat|p2b: Hector
|-supereffective|p2b: Hector
|-damage|p2b: Hector|0 fnt
|-unboost|p1a: Volcarona|spa|2
|faint|p2b: Hector
|
|upkeep
|
|t:|1757099434
|switch|p2b: Leonel|Sneasler, L50, M|100/100
|-enditem|p2b: Leonel|Psychic Seed
|-boost|p2b: Leonel|spd|1|[from] item: Psychic Seed
|turn|2
|
|t:|1757099452
|move|p2b: Leonel|Protect|p2b: Leonel
|-singleturn|p2b: Leonel|Protect
|move|p1b: Indeedee|Tera Blast|p2b: Leonel
|-activate|p2b: Leonel|move: Protect
|move|p1a: Volcarona|Tailwind|p1a: Volcarona
|-sidestart|p1: Thad Stevens|move: Tailwind
|move|p2a: Tuco|Flare Blitz|p1a: Volcarona
|-damage|p1a: Volcarona|29/100
|-enditem|p1a: Volcarona|Sitrus Berry|[eat]
|-heal|p1a: Volcarona|54/100|[from] item: Sitrus Berry
|-damage|p2a: Tuco|79/100|[from] Recoil
|
|upkeep
|turn|3
|inactive|Thad Stevens has 30 seconds left.
|
|t:|1757099485
|switch|p1b: Sneasler|Sneasler, L50, M|100/100
|-enditem|p1b: Sneasler|Psychic Seed
|-boost|p1b: Sneasler|spd|1|[from] item: Psychic Seed
|move|p2b: Leonel|Dire Claw|p1a: Volcarona
|-damage|p1a: Volcarona|5/100
|move|p1a: Volcarona|Overheat|p2a: Tuco
|-damage|p2a: Tuco|53/100
|-unboost|p1a: Volcarona|spa|2
|move|p2a: Tuco|Knock Off|p1b: Sneasler
|-resisted|p1b: Sneasler
|-crit|p1b: Sneasler
|-damage|p1b: Sneasler|60/100
|
|upkeep
|turn|4
|inactive|Thad Stevens has 30 seconds left.
|inactive|TeyVgc has 30 seconds left.
|
|t:|1757099516
|switch|p1a: Indeedee|Indeedee, L50, M|100/100
|move|p1b: Sneasler|Throat Chop|p2a: Tuco
|-supereffective|p2a: Tuco
|-damage|p2a: Tuco|0 fnt
|faint|p2a: Tuco
|move|p2b: Leonel|Dire Claw|p1b: Sneasler
|-resisted|p1b: Sneasler
|-damage|p1b: Sneasler|24/100
|
|upkeep
|
|t:|1757099524
|switch|p2a: Marco|Indeedee, L50, M|100/100
|turn|5
|inactive|Thad Stevens has 30 seconds left.
|
|t:|1757099557
|move|p1b: Sneasler|Throat Chop|p2a: Marco
|-supereffective|p2a: Marco
|-enditem|p2a: Marco|Focus Sash
|-damage|p2a: Marco|1/100
|-start|p2a: Marco|Throat Chop|[silent]
|move|p1a: Indeedee|Expanding Force|p2a: Marco|[spread] p2a,p2b
|-resisted|p2a: Marco
|-supereffective|p2b: Leonel
|-damage|p2a: Marco|0 fnt
|-damage|p2b: Leonel|0 fnt
|faint|p2a: Marco
|faint|p2b: Leonel
|
|win|Thad Stevens
