|j|☆TimmytheGlueEater
|j|☆FeelTheIceBro
|html|TimmytheGlueEaterFeelTheIceBro    
|uhtml|bestof|Game 2 of a best-of-3
|t:|1757788040
|gametype|doubles
|player|p1|TimmytheGlueEater|265|1414
|player|p2|FeelTheIceBro|2|1303
|gen|9
|tier|[Gen 9] VGC 2025 Reg H (Bo3)
|rated|
|rule|Species Clause: Limit one of each Pokémon
|rule|Item Clause: Limit 1 of each item
|clearpoke
|poke|p1|Ninetales-Alola, L50, M|
|poke|p1|Archaludon, L50, F|
|poke|p1|Dondozo, L50, M|
|poke|p1|Tatsugiri, L50, M|
|poke|p1|Indeedee, L50, M|
|poke|p1|Sneasler, L50, F|
|poke|p2|Kingambit, L50, F|
|poke|p2|Rillaboom, L50, F|
|poke|p2|Ninetales-Alola, L50, M|
|poke|p2|Electabuzz, L50, F|
|poke|p2|Blaziken, L50, F|
|poke|p2|Dondozo, L50, M|
|teampreview|4
|showteam|p1|Ninetales-Alola||CovertCloak|SnowWarning|Blizzard,IcyWind,AuroraVeil,Encore|||M|||50|,,,,,Ice]Archaludon||PowerHerb|Sturdy|ElectroShot,DragonPulse,Thunderbolt,Protect|||F|||50|,,,,,Electric]Dondozo||Leftovers|Unaware|WaveCrash,Earthquake,OrderUp,Protect|||M|||50|,,,,,Grass]Tatsugiri||SafetyGoggles|Commander|DracoMeteor,MuddyWater,Taunt,Protect|||M|||50|,,,,,Ghost]Indeedee||FocusSash|PsychicSurge|ExpandingForce,Imprison,TrickRoom,Protect|||M|||50|,,,,,Psychic]Sneasler||PsychicSeed|Unburden|CloseCombat,DireClaw,ThroatChop,Protect|||F|||50|,,,,,Dark
|showteam|p2|Kingambit||BlackGlasses|Defiant|KowtowCleave,SuckerPunch,SwordsDance,Protect|||F|||50|,,,,,Dark]Rillaboom||AssaultVest|GrassySurge|WoodHammer,GrassyGlide,Uturn,FakeOut|||F|||50|,,,,,Fire]Ninetales-Alola||FocusSash|SnowWarning|Blizzard,FreezeDry,Encore,Protect|||M|||50|,,,,,Ghost]Electabuzz||Eviolite|VitalSpirit|Electroweb,Taunt,FollowMe,Protect|||F|||50|,,,,,Dragon]Blaziken||LifeOrb|SpeedBoost|HeatWave,AuraSphere,Coaching,Protect|||F|||50|,,,,,Stellar]Dondozo||Leftovers|Unaware|Liquidation,Fissure,Yawn,Protect|||M|||50|,,,,,Poison
|inactive|Battle timer is ON: inactive players will automatically lose when time's up. (requested by TimmytheGlueEater)
|inactive|FeelTheIceBro has 60 seconds left.
|
|t:|1757788075
|teamsize|p1|4
|teamsize|p2|4
|start
|switch|p1a: Ninetales|Ninetales-Alola, L50, M|100/100
|switch|p1b: Dondozo|Dondozo, L50, M|100/100
|switch|p2a: Blaziken|Blaziken, L50, F|100/100
|switch|p2b: Rillaboom|Rillaboom, L50, F|100/100
|-weather|Snowscape|[from] ability: Snow Warning|[of] p1a: Ninetales
|-fieldstart|move: Grassy Terrain|[from] ability: Grassy Surge|[of] p2b: Rillaboom
|turn|1
|
|t:|1757788089
|move|p1b: Dondozo|Protect|p1b: Dondozo
|-singleturn|p1b: Dondozo|Protect
|move|p2b: Rillaboom|Fake Out|p1a: Ninetales
|-damage|p1a: Ninetales|85/100
|move|p1a: Ninetales|Blizzard|p2b: Rillaboom|[spread] p2a,p2b
|-resisted|p2a: Blaziken
|-supereffective|p2b: Rillaboom
|-damage|p2a: Blaziken|77/100
|-damage|p2b: Rillaboom|58/100
|move|p2a: Blaziken|Heat Wave|p1a: Ninetales|[spread] p1a
|-activate|p1b: Dondozo|move: Protect
|-supereffective|p1a: Ninetales
|-damage|p1a: Ninetales|0 fnt
|faint|p1a: Ninetales
|-damage|p2a: Blaziken|67/100|[from] item: Life Orb
|
|-weather|Snowscape|[upkeep]
|-heal|p2a: Blaziken|73/100|[from] Grassy Terrain
|-heal|p2b: Rillaboom|64/100|[from] Grassy Terrain
|-ability|p2a: Blaziken|Speed Boost|boost
|-boost|p2a: Blaziken|spe|1
|upkeep
|
|t:|1757788103
|switch|p1a: Indeedee|Indeedee, L50, M|100/100
|-fieldstart|move: Psychic Terrain|[from] ability: Psychic Surge|[of] p1a: Indeedee
|turn|2
|
|t:|1757788112
|-terastallize|p1b: Dondozo|Grass
|move|p2a: Blaziken|Protect|p2a: Blaziken
|-singleturn|p2a: Blaziken|Protect
|move|p1a: Indeedee|Expanding Force|p2b: Rillaboom|[spread] p2b
|-activate|p2a: Blaziken|move: Protect
|-crit|p2b: Rillaboom
|-damage|p2b: Rillaboom|10/100
|move|p2b: Rillaboom|U-turn|p1a: Indeedee
|-supereffective|p1a: Indeedee
|-damage|p1a: Indeedee|9/100
|
|t:|1757788125
|switch|p2b: Ninetales|Ninetales-Alola, L50, M|100/100|[from] U-turn
|move|p1b: Dondozo|Order Up|p2b: Ninetales
|-immune|p2b: Ninetales
|
|-weather|Snowscape|[upkeep]
|-ability|p2a: Blaziken|Speed Boost|boost
|-boost|p2a: Blaziken|spe|1
|upkeep
|turn|3
|
|t:|1757788136
|switch|p1b: Sneasler|Sneasler, L50, F|100/100
|-enditem|p1b: Sneasler|Psychic Seed
|-boost|p1b: Sneasler|spd|1|[from] item: Psychic Seed
|-terastallize|p2a: Blaziken|Stellar
|move|p1a: Indeedee|Protect|p1a: Indeedee
|-singleturn|p1a: Indeedee|Protect
|move|p2a: Blaziken|Heat Wave|p1b: Sneasler|[spread] 
|-activate|p1a: Indeedee|move: Protect
|-miss|p2a: Blaziken|p1b: Sneasler
|move|p2b: Ninetales|Encore||[still]
|-fail|p2b: Ninetales
|
|-weather|Snowscape|[upkeep]
|-ability|p2a: Blaziken|Speed Boost|boost
|-boost|p2a: Blaziken|spe|1
|upkeep
|turn|4
|
|t:|1757788154
|move|p2a: Blaziken|Protect|p2a: Blaziken
|-singleturn|p2a: Blaziken|Protect
|move|p1b: Sneasler|Dire Claw|p2b: Ninetales
|-supereffective|p2b: Ninetales
|-damage|p2b: Ninetales|14/100
|move|p2b: Ninetales|Blizzard|p1a: Indeedee|[spread] p1a,p1b
|-damage|p1a: Indeedee|0 fnt
|-damage|p1b: Sneasler|73/100
|faint|p1a: Indeedee
|
|-weather|Snowscape|[upkeep]
|-ability|p2a: Blaziken|Speed Boost|boost
|-boost|p2a: Blaziken|spe|1
|upkeep
|
|t:|1757788163
|switch|p1a: Dondozo|Dondozo, L50, M, tera:Grass|100/100
|turn|5
|
|t:|1757788173
|move|p2a: Blaziken|Heat Wave|p1b: Sneasler|[spread] p1a,p1b
|-supereffective|p1a: Dondozo
|-crit|p1b: Sneasler
|-damage|p1a: Dondozo|0 fnt
|-damage|p1b: Sneasler|0 fnt
|faint|p1a: Dondozo
|faint|p1b: Sneasler
|-damage|p2a: Blaziken|63/100|[from] item: Life Orb
|
|win|FeelTheIceBro
||FeelTheIceBro is ready for game 3.
||TimmytheGlueEater is ready for game 3.
|uhtml|next|Next: Game 3 of 3
|l|☆FeelTheIceBro
|player|p2|
|l|☆TimmytheGlueEater
|player|p1|
