|j|☆WWEcunhalock
|j|☆sille rovert
|html|WWEcunhalocksille rovert    
|uhtml|bestof|Game 3 of a best-of-3
|t:|1782250076
|gametype|doubles
|player|p1|WWEcunhalock|blackbelt-gen4|1228
|player|p2|sille rovert|trevor|1298
|gen|9
|tier|[Gen 9 Champions] VGC 2026 Reg M-B (Bo3)
|rated|
|rule|Species Clause: Limit one of each Pokémon
|rule|Item Clause: Limit 1 of each item
|clearpoke
|poke|p1|Raichu, L50, F|
|poke|p1|Mawile, L50, F|
|poke|p1|Sinistcha, L50|
|poke|p1|Ceruledge, L50, M|
|poke|p1|Milotic, L50, M|
|poke|p1|Incineroar, L50, M|
|poke|p2|Ceruledge, L50, F|
|poke|p2|Staraptor, L50, F|
|poke|p2|Froslass, L50, F|
|poke|p2|Toxapex, L50, M|
|poke|p2|Incineroar, L50, F|
|poke|p2|Garchomp, L50, M|
|teampreview|4
|showteam|p1|Raichu||RaichuniteY|LightningRod|ZapCannon,FocusBlast,FakeOut,Protect|Timid||F|||50|]Mawile||Mawilite|HyperCutter|PlayRough,SuckerPunch,SwordsDance,Protect|Adamant||F|||50|]Sinistcha||KasibBerry|Hospitality|MatchaGotcha,LifeDew,RagePowder,Protect|Relaxed|||||50|]Ceruledge||ColburBerry|FlashFire|BitterBlade,ShadowSneak,BulkUp,Protect|Adamant||M|||50|]Milotic||Leftovers|Competitive|MuddyWater,Coil,Hypnosis,Protect|Calm||M|||50|]Incineroar||SitrusBerry|Intimidate|FlareBlitz,ThroatChop,FakeOut,PartingShot|Impish||M|||50|
|showteam|p2|Ceruledge||ColburBerry|FlashFire|BitterBlade,ShadowSneak,SwordsDance,Protect|Adamant||F|||50|]Staraptor||Staraptite|Intimidate|CloseCombat,BraveBird,Roost,Protect|Adamant||F|||50|]Froslass||Froslassite|SnowCloak|Blizzard,ShadowBall,AuroraVeil,Protect|Modest||F|||50|]Toxapex||Leftovers|Regenerator|Toxic,Infestation,BanefulBunker,WideGuard|Impish||M|||50|]Incineroar||SitrusBerry|Intimidate|FlareBlitz,ThroatChop,PartingShot,FakeOut|Careful||F|||50|]Garchomp||LifeOrb|RoughSkin|Earthquake,DragonClaw,RockSlide,Protect|Jolly||M|||50|
|inactive|Battle timer is ON: inactive players will automatically lose when time's up. (requested by sille rovert)
|
|t:|1782250105
|teamsize|p1|4
|teamsize|p2|4
|start
|switch|p1a: Incineroar|Incineroar, L50, M|100/100
|switch|p1b: Mawile|Mawile, L50, F|100/100
|switch|p2a: Ceruledge|Ceruledge, L50, F|100/100
|switch|p2b: Toxapex|Toxapex, L50, M|100/100
|-ability|p1a: Incineroar|Intimidate|boost
|-unboost|p2a: Ceruledge|atk|1
|-unboost|p2b: Toxapex|atk|1
|turn|1
|inactive|WWEcunhalock has 30 seconds left.
|inactive|sille rovert has 30 seconds left.
|
|t:|1782250137
|switch|p1b: Milotic|Milotic, L50, M|100/100
|move|p2a: Ceruledge|Bitter Blade|p1b: Milotic
|-resisted|p1b: Milotic|1
|-damage|p1b: Milotic|86/100
|move|p1a: Incineroar|Parting Shot|p2a: Ceruledge
|-unboost|p2a: Ceruledge|atk|1
|-unboost|p2a: Ceruledge|spa|1
|
|t:|1782250150
|switch|p1a: Mawile|Mawile, L50, F|100/100|[from] Parting Shot
|move|p2b: Toxapex|Toxic|p1a: Mawile
|-immune|p1a: Mawile
|
|-heal|p1b: Milotic|92/100|[from] item: Leftovers
|upkeep
|turn|2
|inactive|WWEcunhalock has 30 seconds left.
|
|t:|1782250179
|switch|p2a: Garchomp|Garchomp, L50, M|100/100
|switch|p1a: Incineroar|Incineroar, L50, M|100/100
|-ability|p1a: Incineroar|Intimidate|boost
|-unboost|p2a: Garchomp|atk|1
|-unboost|p2b: Toxapex|atk|1
|move|p1b: Milotic|Coil|p1b: Milotic
|-boost|p1b: Milotic|atk|1
|-boost|p1b: Milotic|def|1
|-boost|p1b: Milotic|accuracy|1
|move|p2b: Toxapex|Toxic|p1b: Milotic
|-status|p1b: Milotic|tox
|
|-heal|p1b: Milotic|98/100 tox|[from] item: Leftovers
|-damage|p1b: Milotic|92/100 tox|[from] psn
|upkeep
|turn|3
|inactive|WWEcunhalock has 30 seconds left.
|inactive|sille rovert has 30 seconds left.
|inactive|WWEcunhalock has 20 seconds left.
|
|t:|1782250218
|move|p2a: Garchomp|Protect|p2a: Garchomp
|-singleturn|p2a: Garchomp|Protect
|move|p2b: Toxapex|Baneful Bunker|p2b: Toxapex
|-singleturn|p2b: Toxapex|move: Protect
|move|p1b: Milotic|Hypnosis|p2b: Toxapex
|-activate|p2b: Toxapex|move: Protect
|move|p1a: Incineroar|Parting Shot|p2a: Garchomp
|-activate|p2a: Garchomp|move: Protect
|
|-heal|p1b: Milotic|98/100 tox|[from] item: Leftovers
|-damage|p1b: Milotic|86/100 tox|[from] psn
|upkeep
|turn|4
|
|t:|1782250242
|move|p2a: Garchomp|Rock Slide|p1a: Incineroar|[spread] p1a
|-miss|p2a: Garchomp|p1b: Milotic
|-supereffective|p1a: Incineroar|1
|-damage|p1a: Incineroar|74/100
|-damage|p2a: Garchomp|90/100|[from] item: Life Orb
|move|p1b: Milotic|Hypnosis|p2a: Garchomp
|-status|p2a: Garchomp|slp|[from] move: Hypnosis
|move|p1a: Incineroar|Parting Shot|p2a: Garchomp
|-unboost|p2a: Garchomp|atk|1
|-unboost|p2a: Garchomp|spa|1
|
|t:|1782250252
|switch|p1a: Mawile|Mawile, L50, F|100/100|[from] Parting Shot
|move|p2b: Toxapex|Infestation|p1a: Mawile
|-resisted|p1a: Mawile|2
|-damage|p1a: Mawile|99/100
|-activate|p1a: Mawile|move: Infestation|[of] p2b: Toxapex
|
|-heal|p1b: Milotic|92/100 tox|[from] item: Leftovers
|-damage|p1b: Milotic|74/100 tox|[from] psn
|-damage|p1a: Mawile|87/100|[from] move: Infestation|[partiallytrapped]
|upkeep
|turn|5
|inactive|WWEcunhalock has 30 seconds left.
|
|t:|1782250282
|switch|p2a: Ceruledge|Ceruledge, L50, F|100/100
|switch|p1b: Incineroar|Incineroar, L50, M|74/100
|-ability|p1b: Incineroar|Intimidate|boost
|-unboost|p2a: Ceruledge|atk|1
|-unboost|p2b: Toxapex|atk|1
|move|p2b: Toxapex|Wide Guard|p2b: Toxapex
|-singleturn|p2b: Toxapex|Wide Guard
|move|p1a: Mawile|Swords Dance|p1a: Mawile
|-boost|p1a: Mawile|atk|2
|
|-damage|p1a: Mawile|75/100|[from] move: Infestation|[partiallytrapped]
|upkeep
|turn|6
|inactive|WWEcunhalock has 30 seconds left.
|
|t:|1782250311
|switch|p2a: Froslass|Froslass, L50, F|100/100
|switch|p1b: Sinistcha|Sinistcha, L50|100/100
|-heal|p1a: Mawile|100/100|[from] ability: Hospitality|[of] p1b: Sinistcha
|detailschange|p1a: Mawile|Mawile-Mega, L50, F
|-mega|p1a: Mawile|Mawile|Mawilite
|move|p2b: Toxapex|Baneful Bunker||[still]
|-fail|p2b: Toxapex
|move|p1a: Mawile|Sucker Punch||[still]
|-fail|p1a: Mawile
|
|-damage|p1a: Mawile|87/100|[from] move: Infestation|[partiallytrapped]
|upkeep
|turn|7
|inactive|WWEcunhalock has 30 seconds left.
|
|t:|1782250342
|switch|p1b: Incineroar|Incineroar, L50, M|74/100
|-ability|p1b: Incineroar|Intimidate|boost
|-unboost|p2a: Froslass|atk|1
|-unboost|p2b: Toxapex|atk|1
|move|p2a: Froslass|Protect|p2a: Froslass
|-singleturn|p2a: Froslass|Protect
|move|p1a: Mawile|Play Rough|p2a: Froslass
|-activate|p2a: Froslass|move: Protect
|move|p2b: Toxapex|Toxic|p1b: Incineroar
|-status|p1b: Incineroar|tox
|
|-damage|p1b: Incineroar|68/100 tox|[from] psn
|-damage|p1a: Mawile|75/100|[from] move: Infestation|[partiallytrapped]
|upkeep
|turn|8
|
|t:|1782250363
|detailschange|p2a: Froslass|Froslass-Mega, L50, F
|-mega|p2a: Froslass|Froslass|Froslassite
|-weather|Snowscape|[from] ability: Snow Warning|[of] p2a: Froslass
|move|p2a: Froslass|Aurora Veil|p2a: Froslass
|-sidestart|p2: sille rovert|move: Aurora Veil
|move|p1b: Incineroar|Parting Shot|p2a: Froslass
|-unboost|p2a: Froslass|atk|1
|-unboost|p2a: Froslass|spa|1
|
|t:|1782250373
|switch|p1b: Sinistcha|Sinistcha, L50|100/100|[from] Parting Shot
|-heal|p1a: Mawile|100/100|[from] ability: Hospitality|[of] p1b: Sinistcha
|move|p1a: Mawile|Swords Dance|p1a: Mawile
|-boost|p1a: Mawile|atk|2
|move|p2b: Toxapex|Infestation|p1b: Sinistcha
|-damage|p1b: Sinistcha|97/100
|-activate|p1b: Sinistcha|move: Infestation|[of] p2b: Toxapex
|
|-weather|Snowscape|[upkeep]
|-damage|p1b: Sinistcha|84/100|[from] move: Infestation|[partiallytrapped]
|-end|p1a: Mawile|Infestation|[partiallytrapped]
|upkeep
|turn|9
|
|t:|1782250394
|switch|p2a: Ceruledge|Ceruledge, L50, F|100/100
|switch|p1b: Incineroar|Incineroar, L50, M|68/100 tox
|-ability|p1b: Incineroar|Intimidate|boost
|-unboost|p2a: Ceruledge|atk|1
|-unboost|p2b: Toxapex|atk|1
|move|p1a: Mawile|Play Rough|p2b: Toxapex
|-resisted|p2b: Toxapex|1
|-damage|p2b: Toxapex|56/100
|move|p2b: Toxapex|Toxic|p1b: Incineroar
|-fail|p1b: Incineroar|tox
|
|-weather|Snowscape|[upkeep]
|-heal|p2b: Toxapex|62/100|[from] item: Leftovers
|-damage|p1b: Incineroar|62/100 tox|[from] psn
|upkeep
|turn|10
|inactive|WWEcunhalock has 30 seconds left.
|
|t:|1782250424
|move|p2a: Ceruledge|Protect|p2a: Ceruledge
|-singleturn|p2a: Ceruledge|Protect
|move|p1b: Incineroar|Throat Chop|p2a: Ceruledge
|-activate|p2a: Ceruledge|move: Protect
|move|p1a: Mawile|Play Rough|p2a: Ceruledge
|-activate|p2a: Ceruledge|move: Protect
|move|p2b: Toxapex|Toxic|p1b: Incineroar
|-fail|p1b: Incineroar|tox
|
|-weather|Snowscape|[upkeep]
|-heal|p2b: Toxapex|68/100|[from] item: Leftovers
|-damage|p1b: Incineroar|50/100g tox|[from] psn
|upkeep
|turn|11
|
|t:|1782250453
|move|p2a: Ceruledge|Bitter Blade|p1a: Mawile
|-supereffective|p1a: Mawile|1
|-damage|p1a: Mawile|35/100
|move|p1b: Incineroar|Parting Shot|p2a: Ceruledge
|-unboost|p2a: Ceruledge|atk|1
|-unboost|p2a: Ceruledge|spa|1
|
|t:|1782250458
|switch|p1b: Sinistcha|Sinistcha, L50|84/100|[from] Parting Shot
|-heal|p1a: Mawile|59/100|[from] ability: Hospitality|[of] p1b: Sinistcha
|move|p1a: Mawile|Play Rough|p2a: Ceruledge
|-resisted|p2a: Ceruledge|1
|-damage|p2a: Ceruledge|0 fnt
|faint|p2a: Ceruledge
|move|p2b: Toxapex|Infestation|p1a: Mawile
|-resisted|p1a: Mawile|2
|-damage|p1a: Mawile|59/100
|-activate|p1a: Mawile|move: Infestation|[of] p2b: Toxapex
|
|-weather|Snowscape|[upkeep]
|-heal|p2b: Toxapex|73/100|[from] item: Leftovers
|-damage|p1a: Mawile|47/100|[from] move: Infestation|[partiallytrapped]
|upkeep
|
|t:|1782250466
|switch|p2a: Froslass|Froslass-Mega, L50, F|100/100
|turn|12
|
|t:|1782250480
|move|p1a: Mawile|Sucker Punch|p2a: Froslass
|-supereffective|p2a: Froslass|1
|-damage|p2a: Froslass|0 fnt
|faint|p2a: Froslass
|move|p1b: Sinistcha|Life Dew|p1b: Sinistcha|[spread] p1a,p1b
|-heal|p1a: Mawile|71/100
|-heal|p1b: Sinistcha|100/100
|move|p2b: Toxapex|Infestation|p1b: Sinistcha
|-damage|p1b: Sinistcha|97/100
|-activate|p1b: Sinistcha|move: Infestation|[of] p2b: Toxapex
|
|-weather|none
|-heal|p2b: Toxapex|79/100|[from] item: Leftovers
|-damage|p1b: Sinistcha|84/100|[from] move: Infestation|[partiallytrapped]
|-damage|p1a: Mawile|59/100|[from] move: Infestation|[partiallytrapped]
|-sideend|p2: sille rovert|move: Aurora Veil
|upkeep
|-message|sille rovert forfeited.
|
|win|WWEcunhalock
|raw|WWEcunhalock's rating: 1228 → 1258(+30 for winning)
|raw|sille rovert's rating: 1298 → 1268(-30 for losing)
|l|☆sille rovert
|player|p2|
