|j|☆21Kieran
|j|☆PidoveQ
|html|21KieranPidoveQ    
|uhtml|bestof|Game 2 of a best-of-3
|t:|1754554705
|gametype|doubles
|player|p1|21Kieran|kieran|1246
|player|p2|PidoveQ|akari|1253
|gen|9
|tier|[Gen 9] VGC 2025 Reg H (Bo3)
|rated|
|rule|Species Clause: Limit one of each Pokémon
|rule|Item Clause: Limit 1 of each item
|clearpoke
|poke|p1|Archaludon, L50, M|
|poke|p1|Dragonite, L50, F|
|poke|p1|Pelipper, L50, M|
|poke|p1|Ursaluna, L50, M|
|poke|p1|Sinistcha, L50|
|poke|p1|Incineroar, L50, F|
|poke|p2|Incineroar, L50, M|
|poke|p2|Farigiraf, L50, M|
|poke|p2|Ursaluna, L50, M|
|poke|p2|Sneasler, L50, M|
|poke|p2|Dragapult, L50, F|
|poke|p2|Gholdengo, L50|
|teampreview|4
|showteam|p1|Archaludon||AssaultVest|Stamina|FlashCannon,BodyPress,ElectroShot,Snarl|||M|||50|,,,,,Bug]Dragonite||LoadedDice|Multiscale|ScaleShot,Tailwind,Haze,Protect|||F|||50|,,,,,Fairy]Pelipper||FocusSash|Drizzle|MuddyWater,Hurricane,Tailwind,Protect|||M|||50|,,,,,Ghost]Ursaluna||FlameOrb|Guts|Facade,HeadlongRush,Earthquake,Protect|||M|||50|,,,,,Ghost]Sinistcha||SitrusBerry|Hospitality|MatchaGotcha,LifeDew,RagePowder,TrickRoom||||||50|,,,,,Dark]Incineroar||SafetyGoggles|Intimidate|Taunt,KnockOff,PartingShot,FakeOut|||F|||50|,,,,,Ghost
|showteam|p2|Incineroar||AssaultVest|Intimidate|FlareBlitz,KnockOff,FakeOut,Uturn|||M|||50|,,,,,Grass]Farigiraf||ThroatSpray|ArmorTail|HyperVoice,Psychic,TrickRoom,Protect|||M|||50|,,,,,Fairy]Ursaluna||FlameOrb|Guts|Facade,HeadlongRush,Substitute,Protect|||M|||50|,,,,,Poison]Sneasler||FocusSash|Unburden|DireClaw,CloseCombat,ThroatChop,Protect|||M|||50|,,,,,Stellar]Dragapult||ChoiceBand|ClearBody|DragonDarts,PhantomForce,Outrage,Uturn|||F|||50|,,,,,Dragon]Gholdengo||LifeOrb|GoodasGold|MakeItRain,ShadowBall,DazzlingGleam,Protect||||||50|,,,,,Fairy
|inactive|Battle timer is ON: inactive players will automatically lose when time's up. (requested by PidoveQ)
|inactive|21Kieran also wants the timer to be on.
|c|☆PidoveQ|gg
|c|☆PidoveQ|there was the confusion out tbf
|c|☆21Kieran|lol
|c|☆21Kieran|when ya dont need it
|inactive|21Kieran has 60 seconds left.
|inactive|PidoveQ has 60 seconds left.
|c|☆PidoveQ|if I hit myself in confusion and you don't miss scale shot you win
|
|t:|1754554766
|teamsize|p1|4
|teamsize|p2|4
|start
|switch|p1a: Archaludon|Archaludon, L50, M|100/100
|switch|p1b: Dragonite|Dragonite, L50, F|100/100
|switch|p2a: Yggalag|Incineroar, L50, M, shiny|100/100
|switch|p2b: Safety car|Farigiraf, L50, M, shiny|100/100
|-ability|p2a: Yggalag|Intimidate|boost
|-unboost|p1a: Archaludon|atk|1
|-unboost|p1b: Dragonite|atk|1
|turn|1
|
|t:|1754554786
|move|p2a: Yggalag|Fake Out|p1b: Dragonite
|-damage|p1b: Dragonite|94/100
|move|p1a: Archaludon|Snarl|p2a: Yggalag|[spread] p2a,p2b
|-resisted|p2a: Yggalag
|-supereffective|p2b: Safety car
|-damage|p2a: Yggalag|98/100
|-damage|p2b: Safety car|78/100
|-unboost|p2a: Yggalag|spa|1
|-unboost|p2b: Safety car|spa|1
|cant|p1b: Dragonite|flinch
|move|p2b: Safety car|Trick Room|p2b: Safety car
|-fieldstart|move: Trick Room|[of] p2b: Safety car
|
|upkeep
|turn|2
|
|t:|1754554802
|move|p2a: Yggalag|Knock Off|p1a: Archaludon
|-damage|p1a: Archaludon|71/100
|-ability|p1a: Archaludon|Stamina|boost
|-boost|p1a: Archaludon|def|1
|-enditem|p1a: Archaludon|Assault Vest|[from] move: Knock Off|[of] p2a: Yggalag
|move|p2b: Safety car|Hyper Voice|p1a: Archaludon|[spread] p1a,p1b
|-resisted|p1a: Archaludon
|-damage|p1a: Archaludon|58/100
|-damage|p1b: Dragonite|72/100
|-ability|p1a: Archaludon|Stamina|boost
|-boost|p1a: Archaludon|def|1
|-enditem|p2b: Safety car|Throat Spray
|-boost|p2b: Safety car|spa|1|[from] item: Throat Spray
|move|p1b: Dragonite|Scale Shot|p1a: Archaludon
|-damage|p1a: Archaludon|55/100
|-ability|p1a: Archaludon|Stamina|boost
|-boost|p1a: Archaludon|def|1
|-damage|p1a: Archaludon|52/100
|-ability|p1a: Archaludon|Stamina|boost
|-boost|p1a: Archaludon|def|1
|-damage|p1a: Archaludon|49/100
|-ability|p1a: Archaludon|Stamina|boost
|-boost|p1a: Archaludon|def|1
|-damage|p1a: Archaludon|47/100
|-ability|p1a: Archaludon|Stamina|boost
|-boost|p1a: Archaludon|def|1
|-hitcount|p1a: Archaludon|4
|-unboost|p1b: Dragonite|def|1
|-boost|p1b: Dragonite|spe|1
|move|p1a: Archaludon|Body Press|p2b: Safety car
|-damage|p2b: Safety car|0 fnt
|faint|p2b: Safety car
|
|upkeep
|
|t:|1754554812
|switch|p2b: Gholdengo|Gholdengo, L50|100/100
|turn|3
|inactive|PidoveQ has 30 seconds left.
|
|t:|1754554841
|switch|p2a: Dragapult|Dragapult, L50, F, shiny|100/100
|switch|p1b: Sinistcha|Sinistcha, L50|100/100
|-heal|p1a: Archaludon|72/100|[from] ability: Hospitality|[of] p1b: Sinistcha
|move|p1a: Archaludon|Snarl|p2a: Dragapult|[spread] p2a,p2b
|-supereffective|p2a: Dragapult
|-supereffective|p2b: Gholdengo
|-damage|p2a: Dragapult|66/100
|-damage|p2b: Gholdengo|75/100
|-unboost|p2b: Gholdengo|spa|1
|move|p2b: Gholdengo|Shadow Ball|p1a: Archaludon
|-damage|p1a: Archaludon|29/100
|-damage|p2b: Gholdengo|65/100|[from] item: Life Orb
|
|upkeep
|turn|4
|inactive|PidoveQ has 30 seconds left.
|inactive|21Kieran has 30 seconds left.
|
|t:|1754554872
|-terastallize|p1b: Sinistcha|Dark
|move|p1b: Sinistcha|Rage Powder|p1b: Sinistcha
|-singleturn|p1b: Sinistcha|move: Rage Powder
|move|p1a: Archaludon|Snarl|p2a: Dragapult|[spread] p2a,p2b
|-supereffective|p2a: Dragapult
|-supereffective|p2b: Gholdengo
|-damage|p2a: Dragapult|33/100
|-damage|p2b: Gholdengo|39/100
|-unboost|p2b: Gholdengo|spa|1
|move|p2b: Gholdengo|Shadow Ball|p1b: Sinistcha
|-resisted|p1b: Sinistcha
|-damage|p1b: Sinistcha|87/100
|-unboost|p1b: Sinistcha|spd|1
|-damage|p2b: Gholdengo|29/100|[from] item: Life Orb
|move|p2a: Dragapult|Outrage|p1b: Sinistcha
|-damage|p1b: Sinistcha|0 fnt
|faint|p1b: Sinistcha
|
|upkeep
|
|t:|1754554891
|switch|p1b: Dragonite|Dragonite, L50, F|72/100
|turn|5
|
|t:|1754554911
|switch|p2b: Yggalag|Incineroar, L50, M, shiny|98/100
|-ability|p2b: Yggalag|Intimidate|boost
|-unboost|p1a: Archaludon|atk|1
|-unboost|p1b: Dragonite|atk|1
|move|p1b: Dragonite|Scale Shot|p2b: Yggalag|[miss]
|-miss|p1b: Dragonite|p2b: Yggalag
|move|p1a: Archaludon|Snarl|p2a: Dragapult|[spread] p2a,p2b
|-supereffective|p2a: Dragapult
|-resisted|p2b: Yggalag
|-damage|p2a: Dragapult|0 fnt
|-damage|p2b: Yggalag|95/100
|-unboost|p2b: Yggalag|spa|1
|faint|p2a: Dragapult
|
|-fieldend|move: Trick Room
|upkeep
|
|t:|1754554913
|switch|p2a: Gholdengo|Gholdengo, L50|29/100
|turn|6
|c|☆21Kieran|me when scale shot needs to hit
|
|t:|1754554934
|-terastallize|p2a: Gholdengo|Fairy
|move|p2b: Yggalag|Fake Out|p1b: Dragonite
|-damage|p1b: Dragonite|59/100
|move|p2a: Gholdengo|Dazzling Gleam|p1b: Dragonite|[spread] p1a,p1b
|-supereffective|p1b: Dragonite
|-damage|p1a: Archaludon|0 fnt
|-damage|p1b: Dragonite|0 fnt
|faint|p1a: Archaludon
|faint|p1b: Dragonite
|-damage|p2a: Gholdengo|20/100|[from] item: Life Orb
|
|upkeep
|c|☆21Kieran|yeaaaaaaah ggs
|
|t:|1754554942
|switch|p1b: Pelipper|Pelipper, L50, M|100/100
|-weather|RainDance|[from] ability: Drizzle|[of] p1b: Pelipper
|turn|7
|c|☆PidoveQ|ggs
|c|☆21Kieran|wait
|c|☆21Kieran|never give up on ur dreams
|
|t:|1754554956
|move|p2a: Gholdengo|Shadow Ball|p1b: Pelipper
|-damage|p1b: Pelipper|3/100
|-damage|p2a: Gholdengo|10/100|[from] item: Life Orb
|move|p1b: Pelipper|Muddy Water|p2b: Yggalag|[spread] p2a,p2b
|-supereffective|p2b: Yggalag
|-damage|p2a: Gholdengo|0 fnt
|-damage|p2b: Yggalag|44/100
|faint|p2a: Gholdengo
|move|p2b: Yggalag|Knock Off|p1b: Pelipper
|-crit|p1b: Pelipper
|-damage|p1b: Pelipper|0 fnt
|-enditem|p1b: Pelipper|Focus Sash|[from] move: Knock Off|[of] p2b: Yggalag
|faint|p1b: Pelipper
|
|win|PidoveQ
|raw|21Kieran's rating: 1246 → 1222(-24 for losing)
|raw|PidoveQ's rating: 1253 → 1277(+24 for winning)
|c|☆PidoveQ|accuracy drop can still win
|c|☆21Kieran|FUCK
|c|☆21Kieran|ggs
|c|☆21Kieran|crit mattered
|c|☆PidoveQ|ggs
|c|☆PidoveQ|real!!
|c|☆21Kieran|it always matters
|c|☆PidoveQ|fun set though
|l|☆21Kieran
|player|p1|
