|j|☆2BStellar
|j|☆TPShame
|html|2BStellarTPShame    
|uhtml|bestof|Game 2 of a best-of-3
|t:|1785950690
|gametype|doubles
|player|p1|2BStellar|hilbert-wonderlauncher|
|player|p2|TPShame|giovanni|
|gen|9
|tier|[Gen 9 Champions] VGC 2026 Reg M-B (Bo3)
|rule|Species Clause: Limit one of each Pokémon
|rule|Item Clause: Limit 1 of each item
|clearpoke
|poke|p1|Sylveon, L50, F, shiny|
|poke|p1|Garchomp, L50, M, shiny|
|poke|p1|Kingambit, L50, M, shiny|
|poke|p1|Charizard, L50, M, shiny|
|poke|p1|Aerodactyl, L50, M, shiny|
|poke|p1|Farigiraf, L50, F, shiny|
|poke|p2|Staraptor, L50, M|
|poke|p2|Milotic, L50, F, shiny|
|poke|p2|Tyranitar, L50, M, shiny|
|poke|p2|Gholdengo, L50|
|poke|p2|Excadrill, L50, M, shiny|
|poke|p2|Sinistcha, L50|
|teampreview|4
|showteam|p1|Sylveon||FairyFeather|Pixilate|Detect,HyperVoice,QuickAttack,HyperBeam|Modest||F|||50|]Garchomp||ChoiceScarf|RoughSkin|StompingTantrum,Earthquake,DragonClaw,StoneEdge|Adamant||M|||50|]Kingambit||LifeOrb|Defiant|SuckerPunch,KowtowCleave,IronHead,BrickBreak|Adamant||M|||50|]Charizard||CharizarditeY|Blaze|Protect,HeatWave,SolarBeam,WeatherBall|Modest||M|||50|]Aerodactyl||Aerodactylite|RockHead|Tailwind,RockSlide,WideGuard,DualWingbeat|Jolly||M|||50|]Farigiraf||SitrusBerry|ArmorTail|Protect,Thunderbolt,TwinBeam,TrickRoom|Bold||F|||50|
|showteam|p2|Staraptor||Staraptite|Intimidate|BraveBird,CloseCombat,Tailwind,Protect|Jolly||M|||50|]Milotic||SitrusBerry|Competitive|Scald,IceBeam,IcyWind,Protect|Modest||F|||50|]Tyranitar||Tyranitarite|SandStream|RockSlide,KnockOff,LowKick,Protect|Adamant||M|||50|]Gholdengo||LifeOrb|GoodasGold|ShadowBall,MakeItRain,NastyPlot,Protect|Modest|||||50|]Excadrill||FocusSash|SandRush|HighHorsepower,IronHead,RockSlide,Protect|Adamant||M|||50|]Sinistcha||ColburBerry|Hospitality|MatchaGotcha,RagePowder,TrickRoom,Protect|Bold|||||50|
|
|t:|1785950726
|teamsize|p1|4
|teamsize|p2|4
|start
|switch|p1a: AAAAAA|Aerodactyl, L50, M, shiny|100/100
|switch|p1b: WHEEEE|Sylveon, L50, F, shiny|100/100
|switch|p2a: Gholdengo|Gholdengo, L50|100/100
|switch|p2b: Staraptor|Staraptor, L50, M|100/100
|-ability|p2b: Staraptor|Intimidate|boost
|-unboost|p1a: AAAAAA|atk|1
|-unboost|p1b: WHEEEE|atk|1
|turn|1
|
|t:|1785950775
|move|p1b: WHEEEE|Detect|p1b: WHEEEE
|-singleturn|p1b: WHEEEE|Protect
|move|p1a: AAAAAA|Tailwind|p1a: AAAAAA
|-sidestart|p1: 2BStellar|move: Tailwind
|move|p2b: Staraptor|Tailwind|p2b: Staraptor
|-sidestart|p2: TPShame|move: Tailwind
|move|p2a: Gholdengo|Nasty Plot|p2a: Gholdengo
|-boost|p2a: Gholdengo|spa|2
|
|upkeep
|turn|2
|
|t:|1785950821
|switch|p1b: e4e5f4|Kingambit, L50, M, shiny|100/100
|detailschange|p2b: Staraptor|Staraptor-Mega, L50, M
|-mega|p2b: Staraptor|Staraptor|Staraptite
|move|p1a: AAAAAA|Rock Slide|p2b: Staraptor|[spread] p2a,p2b
|-resisted|p2a: Gholdengo|1
|-damage|p2a: Gholdengo|91/100
|-damage|p2b: Staraptor|83/100
|move|p2b: Staraptor|Close Combat|p1b: e4e5f4
|-supereffective|p1b: e4e5f4|2
|-damage|p1b: e4e5f4|0 fnt
|-boost|p2b: Staraptor|def|1
|-boost|p2b: Staraptor|spd|1
|faint|p1b: e4e5f4
|move|p2a: Gholdengo|Shadow Ball|p1a: AAAAAA
|-damage|p1a: AAAAAA|0 fnt
|faint|p1a: AAAAAA
|-damage|p2a: Gholdengo|82/100|[from] item: Life Orb
|
|upkeep
|
|t:|1785950842
|switch|p1a: WHEEEE|Sylveon, L50, F, shiny|100/100
|switch|p1b: zzzzzz|Charizard, L50, M, shiny|100/100
|turn|3
|
|t:|1785950868
|switch|p2b: Excadrill|Excadrill, L50, M, shiny|100/100
|move|p2a: Gholdengo|Protect|p2a: Gholdengo
|-singleturn|p2a: Gholdengo|Protect
|move|p1b: zzzzzz|Protect|p1b: zzzzzz
|-singleturn|p1b: zzzzzz|Protect
|move|p1a: WHEEEE|Detect||[still]
|-fail|p1a: WHEEEE
|
|upkeep
|turn|4
|
|t:|1785950908
|switch|p2a: Staraptor|Staraptor-Mega, L50, M|83/100
|detailschange|p1b: zzzzzz|Charizard-Mega-Y, L50, M, shiny
|-mega|p1b: zzzzzz|Charizard|Charizardite Y
|-weather|SunnyDay|[from] ability: Drought|[of] p1b: zzzzzz
|move|p2b: Excadrill|Protect|p2b: Excadrill
|-singleturn|p2b: Excadrill|Protect
|move|p1b: zzzzzz|Heat Wave|p2b: Excadrill|[spread] 
|-activate|p2b: Excadrill|move: Protect
|-miss|p1b: zzzzzz|p2a: Staraptor
|move|p1a: WHEEEE|Hyper Voice|p2a: Staraptor|[spread] p2a
|-activate|p2b: Excadrill|move: Protect
|-supereffective|p2a: Staraptor|1
|-damage|p2a: Staraptor|0 fnt
|faint|p2a: Staraptor
|
|-weather|SunnyDay|[upkeep]
|-sideend|p2: TPShame|move: Tailwind
|-sideend|p1: 2BStellar|move: Tailwind
|upkeep
|
|t:|1785950912
|switch|p2a: Tyranitar|Tyranitar, L50, M, shiny|100/100
|-weather|Sandstorm|[from] ability: Sand Stream|[of] p2a: Tyranitar
|turn|5
|
|t:|1785950938
|move|p2b: Excadrill|Iron Head|p1a: WHEEEE
|-supereffective|p1a: WHEEEE|1
|-damage|p1a: WHEEEE|14/100
|move|p1b: zzzzzz|Heat Wave|p2a: Tyranitar|[spread] p2a,p2b
|-resisted|p2a: Tyranitar|1
|-crit|p2a: Tyranitar
|-supereffective|p2b: Excadrill|1
|-damage|p2a: Tyranitar|81/100
|-enditem|p2b: Excadrill|Focus Sash
|-damage|p2b: Excadrill|1/100
|move|p2a: Tyranitar|Rock Slide|p1a: WHEEEE|[spread] p1a,p1b
|-supereffective|p1b: zzzzzz|2
|-damage|p1a: WHEEEE|0 fnt
|-damage|p1b: zzzzzz|0 fnt
|faint|p1a: WHEEEE
|faint|p1b: zzzzzz
|
|win|TPShame
||2BStellar is ready for game 3.
||TPShame is ready for game 3.
|uhtml|next|Next: Game 3 of 3
|l|☆TPShame
|player|p2|
