|j|☆TwistedGengar
|j|☆burnerblovsky
|html|TwistedGengarburnerblovsky    
|uhtml|bestof|Game 1 of a best-of-3
|t:|1757782428
|gametype|doubles
|player|p1|TwistedGengar|170|1127
|player|p2|burnerblovsky|101|1211
|gen|9
|tier|[Gen 9] VGC 2025 Reg H (Bo3)
|rated|
|rule|Species Clause: Limit one of each Pokémon
|rule|Item Clause: Limit 1 of each item
|clearpoke
|poke|p1|Sinistcha, L50|
|poke|p1|Kingambit, L50, F|
|poke|p1|Garchomp, L50, F|
|poke|p1|Primarina, L50, F|
|poke|p1|Volcarona, L50, F|
|poke|p1|Hariyama, L50, F|
|poke|p2|Indeedee-F, L50, F|
|poke|p2|Hatterene, L50, F|
|poke|p2|Arcanine-Hisui, L50, M|
|poke|p2|Ursaluna, L50, M|
|poke|p2|Annihilape, L50, M|
|poke|p2|Torkoal, L50, F|
|teampreview|4
|showteam|p1|Sinistcha||MentalHerb|Heatproof|MatchaGotcha,CalmMind,StrengthSap,TrickRoom||||||50|,,,,,Dark]Kingambit||SafetyGoggles|Defiant|KowtowCleave,IronHead,SuckerPunch,SwordsDance|||F|||50|,,,,,Ghost]Garchomp||LoadedDice|RoughSkin|StompingTantrum,ScaleShot,SwordsDance,Protect|||F|||50|,,,,,Steel]Primarina||ChoiceSpecs|LiquidVoice|HyperVoice,Moonblast,DazzlingGleam,HydroCannon|||F|||50|,,,,,Grass]Volcarona||CovertCloak|FlameBody|StruggleBug,Flamethrower,RagePowder,Tailwind|||F|||50|,,,,,Water]Hariyama||AssaultVest|ThickFat|CloseCombat,KnockOff,HeavySlam,FakeOut|||F|||50|,,,,,Psychic
|showteam|p2|Indeedee-F||PsychicSeed|PsychicSurge|FollowMe,TrickRoom,HelpingHand,Psychic|||F|||50|,,,,,Water]Hatterene||CovertCloak|MagicBounce|Psychic,ExpandingForce,DazzlingGleam,TrickRoom|||F|||50|,,,,,Fairy]Arcanine-Hisui||ChoiceBand|Intimidate|FlareBlitz,RockSlide,HeadSmash,WildCharge|||M|||50|,,,,,Grass]Ursaluna||FlameOrb|Guts|HeadlongRush,Earthquake,Protect,Facade|||M|||50|,,,,,Fire]Annihilape||ChoiceScarf|VitalSpirit|FinalGambit,CloseCombat,RageFist,Coaching|||M|||50|,,,,,Fighting]Torkoal||Charcoal|Drought|Eruption,WeatherBall,AncientPower,ClearSmog|||F|||50|,,,,,Fire
|inactive|Battle timer is ON: inactive players will automatically lose when time's up. (requested by burnerblovsky)
|inactive|TwistedGengar has 60 seconds left.
|inactive|burnerblovsky has 60 seconds left.
|
|t:|1757782477
|teamsize|p1|4
|teamsize|p2|4
|start
|switch|p1a: Sinistcha|Sinistcha, L50|100/100
|switch|p1b: Volcarona|Volcarona, L50, F|100/100
|switch|p2a: Indeedee|Indeedee-F, L50, F|100/100
|switch|p2b: Annihilape|Annihilape, L50, M|100/100
|-fieldstart|move: Psychic Terrain|[from] ability: Psychic Surge|[of] p2a: Indeedee
|-enditem|p2a: Indeedee|Psychic Seed
|-boost|p2a: Indeedee|spd|1|[from] item: Psychic Seed
|turn|1
|
|t:|1757782498
|move|p2b: Annihilape|Final Gambit|p1b: Volcarona
|-damage|p1b: Volcarona|0 fnt
|faint|p2b: Annihilape
|faint|p1b: Volcarona
|move|p2a: Indeedee|Psychic|p1a: Sinistcha
|-damage|p1a: Sinistcha|62/100
|-unboost|p1a: Sinistcha|spd|1
|move|p1a: Sinistcha|Calm Mind|p1a: Sinistcha
|-boost|p1a: Sinistcha|spa|1
|-boost|p1a: Sinistcha|spd|1
|
|upkeep
|
|t:|1757782521
|switch|p1b: Primarina|Primarina, L50, F|100/100
|switch|p2b: Torkoal|Torkoal, L50, F|100/100
|-weather|SunnyDay|[from] ability: Drought|[of] p2b: Torkoal
|turn|2
|inactive|TwistedGengar has 30 seconds left.
|inactive|TwistedGengar has 20 seconds left.
|
|t:|1757782562
|move|p1a: Sinistcha|Matcha Gotcha|p2a: Indeedee|[spread] p2a,p2b
|-resisted|p2b: Torkoal
|-damage|p2a: Indeedee|79/100
|-heal|p1a: Sinistcha|71/100|[from] drain|[of] p2a: Indeedee
|-damage|p2b: Torkoal|76/100
|-heal|p1a: Sinistcha|81/100|[from] drain|[of] p2b: Torkoal
|move|p1b: Primarina|Hyper Voice|p2b: Torkoal|[spread] p2a,p2b
|-supereffective|p2b: Torkoal
|-damage|p2a: Indeedee|62/100
|-damage|p2b: Torkoal|8/100
|move|p2b: Torkoal|Weather Ball|p1a: Sinistcha
|-supereffective|p1a: Sinistcha
|-damage|p1a: Sinistcha|12/100
|move|p2a: Indeedee|Trick Room|p2a: Indeedee
|-fieldstart|move: Trick Room|[of] p2a: Indeedee
|
|-weather|SunnyDay|[upkeep]
|upkeep
|turn|3
|inactive|TwistedGengar has 30 seconds left.
|inactive|burnerblovsky has 30 seconds left.
|inactive|TwistedGengar has 20 seconds left.
|inactive|burnerblovsky has 20 seconds left.
|inactive|TwistedGengar has 15 seconds left.
|inactive|burnerblovsky has 15 seconds left.
|inactive|TwistedGengar has 10 seconds left.
|inactive|burnerblovsky has 10 seconds left.
|
|t:|1757782611
|move|p2b: Torkoal|Weather Ball|p1a: Sinistcha
|-supereffective|p1a: Sinistcha
|-damage|p1a: Sinistcha|0 fnt
|faint|p1a: Sinistcha
|move|p1b: Primarina|Hyper Voice|p2a: Indeedee|[spread] p2a,p2b
|-supereffective|p2b: Torkoal
|-damage|p2a: Indeedee|46/100
|-damage|p2b: Torkoal|0 fnt
|faint|p2b: Torkoal
|move|p2a: Indeedee|Psychic|p1b: Primarina
|-damage|p1b: Primarina|67/100
|
|-weather|SunnyDay|[upkeep]
|upkeep
|
|t:|1757782621
|switch|p2b: Hatterene|Hatterene, L50, F|100/100
|switch|p1a: Hariyama|Hariyama, L50, F|100/100
|turn|4
|
|t:|1757782640
|-terastallize|p1a: Hariyama|Psychic
|-terastallize|p2a: Indeedee|Water
|move|p2a: Indeedee|Follow Me|p2a: Indeedee
|-singleturn|p2a: Indeedee|move: Follow Me
|move|p2b: Hatterene|Expanding Force|p1b: Primarina|[spread] p1a,p1b
|-resisted|p1a: Hariyama
|-crit|p1b: Primarina
|-damage|p1a: Hariyama|83/100
|-damage|p1b: Primarina|0 fnt
|faint|p1b: Primarina
|move|p1a: Hariyama|Heavy Slam|p2a: Indeedee
|-resisted|p2a: Indeedee
|-damage|p2a: Indeedee|22/100
|
|-weather|SunnyDay|[upkeep]
|upkeep
|turn|5
|
|t:|1757782657
|move|p2a: Indeedee|Follow Me|p2a: Indeedee
|-singleturn|p2a: Indeedee|move: Follow Me
|move|p2b: Hatterene|Dazzling Gleam|p1a: Hariyama
|-damage|p1a: Hariyama|58/100
|move|p1a: Hariyama|Heavy Slam|p2a: Indeedee
|-resisted|p2a: Indeedee
|-damage|p2a: Indeedee|0 fnt
|faint|p2a: Indeedee
|
|-weather|SunnyDay|[upkeep]
|-fieldend|move: Psychic Terrain
|upkeep
|turn|6
|
|t:|1757782666
|move|p2b: Hatterene|Psychic|p1a: Hariyama
|-resisted|p1a: Hariyama
|-crit|p1a: Hariyama
|-damage|p1a: Hariyama|34/100
|move|p1a: Hariyama|Heavy Slam|p2b: Hatterene
|-supereffective|p2b: Hatterene
|-crit|p2b: Hatterene
|-damage|p2b: Hatterene|0 fnt
|faint|p2b: Hatterene
|
|win|TwistedGengar
|l|☆burnerblovsky
|player|p2|
||burnerblovsky is ready for game 2.
|inactive|TwistedGengar has 30 seconds to confirm battle start!
||TwistedGengar is ready for game 2.
|uhtml|next|Next: Game 2 of 3
|l|☆TwistedGengar
|player|p1|
