|j|☆Thai Van Tan
|j|☆wentei
|html|Thai Van Tanwentei    
|uhtml|bestof|Game 2 of a best-of-3
|t:|1784372570
|gametype|doubles
|player|p1|Thai Van Tan|170|1000
|player|p2|wentei|1|1133
|gen|9
|tier|[Gen 9 Champions] VGC 2026 Reg M-B (Bo3)
|rated|
|rule|Species Clause: Limit one of each Pokémon
|rule|Item Clause: Limit 1 of each item
|clearpoke
|poke|p1|Scrafty, L50, F|
|poke|p1|Farigiraf, L50, F|
|poke|p1|Oranguru, L50, F|
|poke|p1|Abomasnow, L50, F|
|poke|p1|Dragalge, L50, F|
|poke|p1|Bastiodon, L50, M|
|poke|p2|Venusaur, L50, F|
|poke|p2|Charizard, L50, M|
|poke|p2|Grimmsnarl, L50, M|
|poke|p2|Archaludon, L50, F|
|poke|p2|Basculegion, L50, M|
|poke|p2|Pelipper, L50, M|
|teampreview|4
|showteam|p1|Scrafty||Scraftinite|Intimidate|KnockOff,CloseCombat,FakeOut,RockSlide|Brave||F|||50|]Farigiraf||SitrusBerry|ArmorTail|TwinBeam,HelpingHand,TrickRoom,AllySwitch|Relaxed||F|||50|]Oranguru||MentalHerb|Telepathy|TrickRoom,Instruct,HyperVoice,Encore|Relaxed||F|||50|]Abomasnow||Abomasite|SnowWarning|Blizzard,EarthPower,EnergyBall,Protect|Quiet||F|||50|]Dragalge||ShellBell|Adaptability|SludgeWave,DracoMeteor,Protect,HydroPump|Quiet||F|||50|]Bastiodon||Leftovers|Sturdy|HeavySlam,BodyPress,Protect,MetalBurst|Relaxed||M|||50|
|showteam|p2|Venusaur||FocusSash|Chlorophyll|SludgeBomb,EarthPower,SleepPowder,Protect|Modest||F|||50|]Charizard||CharizarditeY|Blaze|Protect,HeatWave,SolarBeam,WeatherBall|Modest||M|||50|]Grimmsnarl||LightClay|Prankster|SpiritBreak,LightScreen,Reflect,PartingShot|Sassy||M|||50|]Archaludon||Leftovers|Stamina|ElectroShot,DragonPulse,FlashCannon,Protect|Calm||F|||50|]Basculegion||ChoiceScarf|Adaptability|WaveCrash,LastRespects,AquaJet,FlipTurn|Jolly||M|||50|]Pelipper||SitrusBerry|Drizzle|Hurricane,WeatherBall,Tailwind,WideGuard|Modest||M|||50|
|inactive|Battle timer is ON: inactive players will automatically lose when time's up. (requested by wentei)
|
|t:|1784372599
|teamsize|p1|4
|teamsize|p2|4
|start
|switch|p1a: Farigiraf|Farigiraf, L50, F|100/100
|switch|p1b: Abomasnow|Abomasnow, L50, F|100/100
|switch|p2a: Archaludon|Archaludon, L50, F|100/100
|switch|p2b: Pelipper|Pelipper, L50, M|100/100
|-weather|RainDance|[from] ability: Drizzle|[of] p2b: Pelipper
|-weather|Snowscape|[from] ability: Snow Warning|[of] p1b: Abomasnow
|turn|1
|inactive|wentei has 30 seconds left.
|
|t:|1784372631
|detailschange|p1b: Abomasnow|Abomasnow-Mega, L50, F
|-mega|p1b: Abomasnow|Abomasnow|Abomasite
|move|p2a: Archaludon|Dragon Pulse|p1a: Farigiraf
|-damage|p1a: Farigiraf|69/100
|move|p2b: Pelipper|Weather Ball|p1a: Farigiraf
|-damage|p1a: Farigiraf|40/100
|-enditem|p1a: Farigiraf|Sitrus Berry|[eat]
|-heal|p1a: Farigiraf|65/100|[from] item: Sitrus Berry
|move|p1b: Abomasnow|Blizzard|p2b: Pelipper|[spread] p2a,p2b
|-damage|p2a: Archaludon|55/100
|-damage|p2b: Pelipper|36/100
|-ability|p2a: Archaludon|Stamina|boost
|-boost|p2a: Archaludon|def|1
|-enditem|p2b: Pelipper|Sitrus Berry|[eat]
|-heal|p2b: Pelipper|61/100|[from] item: Sitrus Berry
|move|p1a: Farigiraf|Trick Room|p1a: Farigiraf
|-fieldstart|move: Trick Room|[of] p1a: Farigiraf
|
|-weather|Snowscape|[upkeep]
|-heal|p2a: Archaludon|61/100|[from] item: Leftovers
|upkeep
|turn|2
|
|t:|1784372653
|switch|p2b: Charizard|Charizard, L50, M|100/100
|move|p1a: Farigiraf|Helping Hand|p1b: Abomasnow
|-singleturn|p1b: Abomasnow|Helping Hand|[of] p1a: Farigiraf
|move|p1b: Abomasnow|Blizzard|p2a: Archaludon|[spread] p2a,p2b
|-damage|p2a: Archaludon|1/100
|-damage|p2b: Charizard|19/100
|-status|p2a: Archaludon|frz
|-ability|p2a: Archaludon|Stamina|boost
|-boost|p2a: Archaludon|def|1
|cant|p2a: Archaludon|frz
|
|-weather|Snowscape|[upkeep]
|-heal|p2a: Archaludon|7/100 frz|[from] item: Leftovers
|upkeep
|turn|3
|
|t:|1784372675
|switch|p2a: Pelipper|Pelipper, L50, M|61/100
|-weather|RainDance|[from] ability: Drizzle|[of] p2a: Pelipper
|detailschange|p2b: Charizard|Charizard-Mega-Y, L50, M
|-mega|p2b: Charizard|Charizard|Charizardite Y
|-weather|SunnyDay|[from] ability: Drought|[of] p2b: Charizard
|move|p1b: Abomasnow|Earth Power|p2a: Pelipper
|-immune|p2a: Pelipper
|move|p1a: Farigiraf|Twin Beam|p2b: Charizard
|-damage|p2b: Charizard|6/100
|-damage|p2b: Charizard|0 fnt
|faint|p2b: Charizard
|-hitcount|p2: Charizard|2
|
|-weather|SunnyDay|[upkeep]
|upkeep
|
|t:|1784372689
|switch|p2b: Basculegion|Basculegion, L50, M|100/100
|turn|4
|
|t:|1784372702
|move|p1a: Farigiraf|Ally Switch|p1a: Farigiraf
|swap|p1a: Farigiraf|1|[from] move: Ally Switch
|move|p1a: Abomasnow|Energy Ball|p2b: Basculegion
|-supereffective|p2b: Basculegion|1
|-damage|p2b: Basculegion|0 fnt
|faint|p2b: Basculegion
|move|p2a: Pelipper|Weather Ball|p1b: Farigiraf
|-damage|p1b: Farigiraf|24/100
|
|-weather|SunnyDay|[upkeep]
|upkeep
|
|t:|1784372710
|switch|p2b: Archaludon|Archaludon, L50, F|7/100 frz
|turn|5
|
|t:|1784372717
|move|p1a: Abomasnow|Energy Ball|p2a: Pelipper
|-damage|p2a: Pelipper|0 fnt
|faint|p2a: Pelipper
|move|p1b: Farigiraf|Twin Beam|p2b: Archaludon
|-resisted|p2b: Archaludon|1
|-damage|p2b: Archaludon|0 fnt
|faint|p2b: Archaludon
|-hitcount|p2: Archaludon|1
|
|win|Thai Van Tan
|raw|Thai Van Tan's rating: 1000 → 1055(+55 for winning)
|raw|wentei's rating: 1133 → 1099(-34 for losing)
