|j|☆ranakos
|j|☆lelatez
|html|ranakoslelatez    
|uhtml|bestof|Game 2 of a best-of-3
|t:|1756994712
|gametype|doubles
|player|p1|ranakos|scientist-gen4|
|player|p2|lelatez|266|
|gen|9
|tier|[Gen 9] VGC 2025 Reg H (Bo3)
|rule|Species Clause: Limit one of each Pokémon
|rule|Item Clause: Limit 1 of each item
|clearpoke
|poke|p1|Gholdengo, L50|
|poke|p1|Sneasler, L50, M|
|poke|p1|Rillaboom, L50, M|
|poke|p1|Dragonite, L50, F|
|poke|p1|Ninetales-Alola, L50, F|
|poke|p1|Arcanine-Hisui, L50, M|
|poke|p2|Annihilape, L50, F|
|poke|p2|Primarina, L50, M|
|poke|p2|Rillaboom, L50, F|
|poke|p2|Arcanine, L50, F|
|poke|p2|Hydreigon, L50, M|
|poke|p2|Farigiraf, L50, F|
|teampreview|4
|showteam|p1|Gholdengo||GrassySeed|GoodasGold|NastyPlot,MakeItRain,ShadowBall,Protect||||||50|,,,,,Water]Sneasler||WhiteHerb|Unburden|CloseCombat,DireClaw,Coaching,Protect|||M|||50|,,,,,Ghost]Rillaboom||AssaultVest|GrassySurge|FakeOut,GrassyGlide,DrumBeating,HighHorsepower|||M|||50|,,,,,Fire]Dragonite||LoadedDice|Multiscale|ScaleShot,TeraBlast,Haze,Protect|||F|||50|,,,,,Flying]Ninetales-Alola||FocusSash|SnowWarning|Blizzard,Protect,Encore,AuroraVeil|||F|||50|,,,,,Ghost]Arcanine-Hisui||ClearAmulet|Intimidate|RockSlide,FlareBlitz,ExtremeSpeed,Protect|||M|||50|,,,,,Fairy
|showteam|p2|Annihilape||Leftovers|Defiant|Protect,BulkUp,RageFist,DrainPunch|||F|||50|,,,,,Fire]Primarina||ThroatSpray|LiquidVoice|HyperVoice,Moonblast,Haze,Protect|||M|||50|,,,,,Poison]Rillaboom||AssaultVest|GrassySurge|FakeOut,GrassyGlide,Uturn,WoodHammer|||F|||50|,,,,,Grass]Arcanine||SitrusBerry|Intimidate|FlareBlitz,ExtremeSpeed,Snarl,Protect|||F|||50|,,,,,Grass]Hydreigon||CovertCloak|Levitate|Tailwind,DracoMeteor,DarkPulse,Protect|||M|||50|,,,,,Poison]Farigiraf||ColburBerry|ArmorTail|TrickRoom,Protect,Imprison,ExpandingForce|||F|||50|,,,,,Fairy
|inactive|Battle timer is ON: inactive players will automatically lose when time's up. (requested by lelatez)
|
|t:|1756994743
|teamsize|p1|4
|teamsize|p2|4
|start
|switch|p1a: Sneasler|Sneasler, L50, M|100/100
|switch|p1b: Dragonite|Dragonite, L50, F|100/100
|switch|p2a: Hydreigon|Hydreigon, L50, M|100/100
|switch|p2b: Annihilape|Annihilape, L50, F|100/100
|turn|1
|
|t:|1756994759
|-terastallize|p1b: Dragonite|Flying
|move|p1a: Sneasler|Coaching|p1b: Dragonite
|-boost|p1b: Dragonite|atk|1
|-boost|p1b: Dragonite|def|1
|move|p2b: Annihilape|Bulk Up|p2b: Annihilape
|-boost|p2b: Annihilape|atk|1
|-boost|p2b: Annihilape|def|1
|move|p2a: Hydreigon|Tailwind|p2a: Hydreigon
|-sidestart|p2: lelatez|move: Tailwind
|move|p1b: Dragonite|Tera Blast|p2b: Annihilape|[anim] Tera Blast Flying
|-supereffective|p2b: Annihilape
|-damage|p2b: Annihilape|0 fnt
|faint|p2b: Annihilape
|
|upkeep
|
|t:|1756994772
|switch|p2b: Arcanine|Arcanine, L50, F|100/100
|-ability|p2b: Arcanine|Intimidate|boost
|-unboost|p1a: Sneasler|atk|1
|-unboost|p1b: Dragonite|atk|1
|-enditem|p1a: Sneasler|White Herb
|-clearnegativeboost|p1a: Sneasler|[silent]
|turn|2
|
|t:|1756994789
|move|p2b: Arcanine|Extreme Speed|p1b: Dragonite
|-damage|p1b: Dragonite|92/100
|move|p1a: Sneasler|Close Combat|p2a: Hydreigon
|-supereffective|p2a: Hydreigon
|-damage|p2a: Hydreigon|0 fnt
|-unboost|p1a: Sneasler|def|1
|-unboost|p1a: Sneasler|spd|1
|faint|p2a: Hydreigon
|move|p1b: Dragonite|Scale Shot|p2b: Arcanine
|-damage|p2b: Arcanine|85/100
|-damage|p2b: Arcanine|71/100
|-damage|p2b: Arcanine|56/100
|-damage|p2b: Arcanine|43/100
|-enditem|p2b: Arcanine|Sitrus Berry|[eat]
|-heal|p2b: Arcanine|68/100|[from] item: Sitrus Berry
|-hitcount|p2b: Arcanine|4
|-unboost|p1b: Dragonite|def|1
|-boost|p1b: Dragonite|spe|1
|
|upkeep
|
|t:|1756994806
|switch|p2a: Rillaboom|Rillaboom, L50, F|100/100
|-fieldstart|move: Grassy Terrain|[from] ability: Grassy Surge|[of] p2a: Rillaboom
|turn|3
|
|t:|1756994816
|move|p1a: Sneasler|Protect|p1a: Sneasler
|-singleturn|p1a: Sneasler|Protect
|move|p1b: Dragonite|Protect|p1b: Dragonite
|-singleturn|p1b: Dragonite|Protect
|move|p2a: Rillaboom|Grassy Glide|p1a: Sneasler
|-activate|p1a: Sneasler|move: Protect
|move|p2b: Arcanine|Flare Blitz|p1a: Sneasler
|-activate|p1a: Sneasler|move: Protect
|
|-heal|p2b: Arcanine|74/100|[from] Grassy Terrain
|upkeep
|turn|4
|
|t:|1756994830
|switch|p1a: Arcanine|Arcanine-Hisui, L50, M|100/100
|-ability|p1a: Arcanine|Intimidate|boost
|-unboost|p2a: Rillaboom|atk|1
|-unboost|p2b: Arcanine|atk|1
|move|p2a: Rillaboom|Grassy Glide|p1a: Arcanine
|-damage|p1a: Arcanine|69/100
|move|p2b: Arcanine|Flare Blitz|p1a: Arcanine
|-resisted|p1a: Arcanine
|-damage|p1a: Arcanine|60/100
|-damage|p2b: Arcanine|71/100|[from] Recoil
|move|p1b: Dragonite|Tera Blast|p2a: Rillaboom|[anim] Tera Blast Flying
|-supereffective|p2a: Rillaboom
|-damage|p2a: Rillaboom|0 fnt
|faint|p2a: Rillaboom
|
|-heal|p2b: Arcanine|78/100|[from] Grassy Terrain
|-heal|p1a: Arcanine|65/100|[from] Grassy Terrain
|-sideend|p2: lelatez|move: Tailwind
|upkeep
|turn|5
|-message|lelatez forfeited.
|
|win|ranakos
|l|☆lelatez
|player|p2|
