|j|☆UmamusumeDerby
|j|☆SlaymonSays
|html|UmamusumeDerbySlaymonSays    
|uhtml|bestof|Game 2 of a best-of-3
|t:|1757807666
|gametype|doubles
|player|p1|UmamusumeDerby|bugcatcher-gen4dp|1200
|player|p2|SlaymonSays|102|1334
|gen|9
|tier|[Gen 9] VGC 2025 Reg H (Bo3)
|rated|
|rule|Species Clause: Limit one of each Pokémon
|rule|Item Clause: Limit 1 of each item
|clearpoke
|poke|p1|Ninetales-Alola, L50, M|
|poke|p1|Rillaboom, L50, M|
|poke|p1|Magmar, L50, M|
|poke|p1|Sneasler, L50, F|
|poke|p1|Kingambit, L50, F|
|poke|p1|Dragapult, L50, F|
|poke|p2|Ursaluna-Bloodmoon, L50, M|
|poke|p2|Dragonite, L50, F|
|poke|p2|Gholdengo, L50|
|poke|p2|Rillaboom, L50, M|
|poke|p2|Incineroar, L50, M|
|poke|p2|Ninetales-Alola, L50, M|
|teampreview|4
|showteam|p1|Ninetales-Alola||NeverMeltIce|SnowWarning|Blizzard,FreezeDry,Encore,Protect|||M|||50|,,,,,Ghost]Rillaboom||AssaultVest|GrassySurge|WoodHammer,FakeOut,Uturn,GrassyGlide|||M|||50|,,,,,Ghost]Magmar||Eviolite|VitalSpirit|Protect,HeatWave,WillOWisp,FollowMe|||M|||50|,,,,,Ghost]Sneasler||FocusSash|PoisonTouch|FakeOut,DireClaw,CloseCombat,Protect|||F|||50|,,,,,Ghost]Kingambit||BlackGlasses|Defiant|KowtowCleave,SwordsDance,SuckerPunch,Protect|||F|||50|,,,,,Fire]Dragapult||ChoiceBand|ClearBody|DragonDarts,Outrage,PhantomForce,Uturn|||F|||50|,,,,,Dragon
|showteam|p2|Ursaluna-Bloodmoon||LifeOrb|MindsEye|BloodMoon,HyperVoice,EarthPower,Protect|||M|||50|,,,,,Normal]Dragonite||LoadedDice|InnerFocus|ScaleShot,Haze,Tailwind,Protect|||F|||50|,,,,,Fairy]Gholdengo||Leftovers|GoodasGold|MakeItRain,ShadowBall,NastyPlot,Protect||||||50|,,,,,Water]Rillaboom||AssaultVest|GrassySurge|FakeOut,GrassyGlide,WoodHammer,HighHorsepower|||M|||50|,,,,,Fire]Incineroar||SafetyGoggles|Intimidate|FakeOut,FlareBlitz,KnockOff,PartingShot|||M|||50|,,,,,Ghost]Ninetales-Alola||CovertCloak|SnowWarning|Blizzard,Disable,Encore,AuroraVeil|||M|||50|,,,,,Fire
|
|t:|1757807700
|teamsize|p1|4
|teamsize|p2|4
|start
|switch|p1a: Dragapult|Dragapult, L50, F|100/100
|switch|p1b: Sneasler|Sneasler, L50, F|100/100
|switch|p2a: Rillaboom|Rillaboom, L50, M|100/100
|switch|p2b: Gholdengo|Gholdengo, L50|100/100
|-fieldstart|move: Grassy Terrain|[from] ability: Grassy Surge|[of] p2a: Rillaboom
|turn|1
|
|t:|1757807730
|-terastallize|p1b: Sneasler|Ghost
|move|p2b: Gholdengo|Protect|p2b: Gholdengo
|-singleturn|p2b: Gholdengo|Protect
|move|p1a: Dragapult|Phantom Force||[still]
|-prepare|p1a: Dragapult|Phantom Force
|move|p1b: Sneasler|Dire Claw|p2a: Rillaboom
|-supereffective|p2a: Rillaboom
|-damage|p2a: Rillaboom|19/100
|-status|p2a: Rillaboom|par
|move|p2a: Rillaboom|High Horsepower|p1b: Sneasler
|-damage|p1b: Sneasler|37/100
|
|-heal|p1b: Sneasler|43/100|[from] Grassy Terrain
|-heal|p2a: Rillaboom|25/100 par|[from] Grassy Terrain
|upkeep
|turn|2
|
|t:|1757807745
|switch|p2b: Ursaluna|Ursaluna-Bloodmoon, L50, M|100/100
|cant|p2a: Rillaboom|par
|move|p1a: Dragapult|Phantom Force|p2b: Ursaluna|[from] lockedmove
|-immune|p2b: Ursaluna
|move|p1b: Sneasler|Dire Claw|p2b: Ursaluna
|-resisted|p2b: Ursaluna
|-damage|p2b: Ursaluna|85/100
|
|-heal|p1b: Sneasler|49/100|[from] Grassy Terrain
|-heal|p2b: Ursaluna|91/100|[from] Grassy Terrain
|-heal|p2a: Rillaboom|30/100 par|[from] Grassy Terrain
|upkeep
|turn|3
|
|t:|1757807764
|move|p2a: Rillaboom|Grassy Glide|p1b: Sneasler
|-damage|p1b: Sneasler|0 fnt
|faint|p1b: Sneasler
|move|p1a: Dragapult|Phantom Force||[still]
|-prepare|p1a: Dragapult|Phantom Force
|move|p2b: Ursaluna|Blood Moon|p1a: Dragapult|[miss]
|-miss|p2b: Ursaluna|p1a: Dragapult
|
|-heal|p2b: Ursaluna|97/100|[from] Grassy Terrain
|-heal|p2a: Rillaboom|36/100 par|[from] Grassy Terrain
|upkeep
|
|t:|1757807770
|switch|p1b: Ninetales|Ninetales-Alola, L50, M|100/100
|-weather|Snowscape|[from] ability: Snow Warning|[of] p1b: Ninetales
|turn|4
|
|t:|1757807781
|-terastallize|p2b: Ursaluna|Normal
|move|p2a: Rillaboom|Grassy Glide|p1b: Ninetales
|-damage|p1b: Ninetales|61/100
|move|p1a: Dragapult|Phantom Force|p2a: Rillaboom|[from] lockedmove
|-damage|p2a: Rillaboom|0 fnt
|faint|p2a: Rillaboom
|move|p1b: Ninetales|Encore|p2b: Ursaluna
|-start|p2b: Ursaluna|Encore
|move|p2b: Ursaluna|Blood Moon|p1b: Ninetales
|-damage|p1b: Ninetales|0 fnt
|faint|p1b: Ninetales
|-damage|p2b: Ursaluna|87/100|[from] item: Life Orb
|-hint|Some effects can force a Pokemon to use Blood Moon again in a row.
|
|-weather|Snowscape|[upkeep]
|-heal|p2b: Ursaluna|93/100|[from] Grassy Terrain
|upkeep
|
|t:|1757807798
|switch|p1b: Kingambit|Kingambit, L50, F|100/100
|switch|p2a: Incineroar|Incineroar, L50, M|100/100
|-ability|p2a: Incineroar|Intimidate|boost
|-fail|p1a: Dragapult|unboost|[from] ability: Clear Body|[of] p1a: Dragapult
|-unboost|p1b: Kingambit|atk|1
|-ability|p1b: Kingambit|Defiant|boost
|-boost|p1b: Kingambit|atk|2
|turn|5
|
|t:|1757807807
|switch|p2b: Gholdengo|Gholdengo, L50|100/100
|move|p2a: Incineroar|Fake Out|p1b: Kingambit
|-resisted|p1b: Kingambit
|-damage|p1b: Kingambit|96/100
|move|p1a: Dragapult|Phantom Force||[still]
|-prepare|p1a: Dragapult|Phantom Force
|cant|p1b: Kingambit|flinch
|
|-weather|Snowscape|[upkeep]
|-heal|p1b: Kingambit|100/100|[from] Grassy Terrain
|-fieldend|move: Grassy Terrain
|upkeep
|turn|6
|
|t:|1757807828
|switch|p2a: Ursaluna|Ursaluna-Bloodmoon, L50, M, tera:Normal|93/100
|move|p1a: Dragapult|Phantom Force|p2a: Ursaluna|[from] lockedmove
|-immune|p2a: Ursaluna
|move|p2b: Gholdengo|Shadow Ball|p1a: Dragapult
|-supereffective|p1a: Dragapult
|-damage|p1a: Dragapult|0 fnt
|faint|p1a: Dragapult
|move|p1b: Kingambit|Kowtow Cleave|p2b: Gholdengo
|-supereffective|p2b: Gholdengo
|-damage|p2b: Gholdengo|0 fnt
|faint|p2b: Gholdengo
|
|-weather|Snowscape|[upkeep]
|upkeep
|
|t:|1757807836
|switch|p2b: Incineroar|Incineroar, L50, M|100/100
|-ability|p2b: Incineroar|Intimidate|boost
|-unboost|p1b: Kingambit|atk|1
|-ability|p1b: Kingambit|Defiant|boost
|-boost|p1b: Kingambit|atk|2
|turn|7
|
|t:|1757807841
|move|p1b: Kingambit|Protect|p1b: Kingambit
|-singleturn|p1b: Kingambit|Protect
|move|p2b: Incineroar|Fake Out|p1b: Kingambit
|-activate|p1b: Kingambit|move: Protect
|move|p2a: Ursaluna|Earth Power|p1b: Kingambit
|-activate|p1b: Kingambit|move: Protect
|
|-weather|Snowscape|[upkeep]
|upkeep
|turn|8
|
|t:|1757807851
|move|p2a: Ursaluna|Protect|p2a: Ursaluna
|-singleturn|p2a: Ursaluna|Protect
|move|p1b: Kingambit|Kowtow Cleave|p2b: Incineroar
|-resisted|p2b: Incineroar
|-damage|p2b: Incineroar|41/100
|move|p2b: Incineroar|Knock Off|p1b: Kingambit
|-resisted|p1b: Kingambit
|-damage|p1b: Kingambit|83/100
|-enditem|p1b: Kingambit|Black Glasses|[from] move: Knock Off|[of] p2b: Incineroar
|
|-weather|none
|upkeep
|turn|9
|
|t:|1757807868
|move|p2a: Ursaluna|Protect|p2a: Ursaluna
|-singleturn|p2a: Ursaluna|Protect
|move|p1b: Kingambit|Kowtow Cleave|p2a: Ursaluna
|-activate|p2a: Ursaluna|move: Protect
|move|p2b: Incineroar|Flare Blitz|p1b: Kingambit
|-supereffective|p1b: Kingambit
|-damage|p1b: Kingambit|2/100
|-damage|p2b: Incineroar|16/100|[from] Recoil
|
|upkeep
|turn|10
|
|t:|1757807878
|move|p2a: Ursaluna|Earth Power|p1b: Kingambit
|-supereffective|p1b: Kingambit
|-crit|p1b: Kingambit
|-damage|p1b: Kingambit|0 fnt
|faint|p1b: Kingambit
|-damage|p2a: Ursaluna|84/100|[from] item: Life Orb
|
|win|SlaymonSays
