|j|☆fanman64
|j|☆smearglehater21
|html|fanman64smearglehater21    
|uhtml|bestof|Game 2 of a best-of-3
|t:|1784761837
|gametype|doubles
|player|p1|fanman64|170|1245
|player|p2|smearglehater21|nate|1282
|gen|9
|tier|[Gen 9 Champions] VGC 2026 Reg M-B (Bo3)
|rated|
|rule|Species Clause: Limit one of each Pokémon
|rule|Item Clause: Limit 1 of each item
|clearpoke
|poke|p1|Sceptile, L50, F|
|poke|p1|Rotom-Heat, L50|
|poke|p1|Whimsicott, L50, F|
|poke|p1|Sinistcha, L50|
|poke|p1|Mamoswine, L50, F|
|poke|p1|Glimmora, L50, F|
|poke|p2|Kingambit, L50, M|
|poke|p2|Whimsicott, L50, F|
|poke|p2|Basculegion, L50, M|
|poke|p2|Garchomp, L50, M|
|poke|p2|Charizard, L50, M|
|poke|p2|Floette-Eternal, L50, F|
|teampreview|4
|showteam|p1|Sceptile||Sceptilite|Unburden|LeafStorm,DragonPulse,EarthPower,Detect|Timid||F|||50|]Rotom-Heat||ChoiceScarf|Levitate|Discharge,VoltSwitch,Overheat,Electroweb|Timid|||||50|]Whimsicott||MentalHerb|Prankster|Moonblast,Tailwind,Encore,Protect|Timid||F|||50|]Sinistcha||SitrusBerry|Hospitality|MatchaGotcha,RagePowder,TrickRoom,Protect|Calm|||||50|]Mamoswine||FocusSash|Oblivious|HighHorsepower,IcicleCrash,IceShard,Protect|Adamant||F|||50|]Glimmora||Glimmoranite|ToxicDebris|SludgeBomb,PowerGem,SpikyShield,EarthPower|Timid||F|||50|
|showteam|p2|Kingambit||ChopleBerry|Defiant|KowtowCleave,LowKick,SuckerPunch,IronHead|Adamant||M|||50|]Whimsicott||FocusSash|Prankster|Moonblast,Tailwind,Encore,Protect|Timid||F|||50|]Basculegion||MysticWater|Adaptability|WaveCrash,LastRespects,AquaJet,Protect|Adamant||M|||50|]Garchomp||LifeOrb|RoughSkin|DragonClaw,RockSlide,Earthquake,Protect|Jolly||M|||50|]Charizard||CharizarditeY|Blaze|WeatherBall,HeatWave,SolarBeam,Protect|Modest||M|||50|]Floette-Eternal||Floettite|FlowerVeil|Moonblast,DazzlingGleam,LightofRuin,Protect|Timid||F|||50|
|inactive|Battle timer is ON: inactive players will automatically lose when time's up. (requested by smearglehater21)
|
|t:|1784761863
|teamsize|p1|4
|teamsize|p2|4
|start
|switch|p1a: Whimsicott|Whimsicott, L50, F|100/100
|switch|p1b: Mamoswine|Mamoswine, L50, F|100/100
|switch|p2a: Floette|Floette-Eternal, L50, F|100/100
|switch|p2b: Whimsicott|Whimsicott, L50, F|100/100
|turn|1
|inactive|smearglehater21 has 30 seconds left.
|
|t:|1784761891
|detailschange|p2a: Floette|Floette-Mega, L50, F
|-mega|p2a: Floette|Floette|Floettite
|-ability|p2a: Floette|Fairy Aura
|move|p1a: Whimsicott|Tailwind|p1a: Whimsicott
|-sidestart|p1: fanman64|move: Tailwind
|move|p1b: Mamoswine|Ice Shard|p2b: Whimsicott
|-supereffective|p2b: Whimsicott|1
|-damage|p2b: Whimsicott|32/100
|move|p2b: Whimsicott|Moonblast|p1b: Mamoswine
|-damage|p1b: Mamoswine|38/100
|move|p2a: Floette|Dazzling Gleam|p1b: Mamoswine|[spread] p1a,p1b
|-crit|p1b: Mamoswine
|-damage|p1a: Whimsicott|34/100
|-damage|p1b: Mamoswine|0 fnt
|faint|p1b: Mamoswine
|
|upkeep
|
|t:|1784761905
|switch|p1b: Glimmora|Glimmora, L50, F|100/100
|turn|2
|
|t:|1784761923
|detailschange|p1b: Glimmora|Glimmora-Mega, L50, F
|-mega|p1b: Glimmora|Glimmora|Glimmoranite
|move|p1a: Whimsicott|Encore|p2b: Whimsicott
|-start|p2b: Whimsicott|Encore
|move|p1b: Glimmora|Sludge Bomb|p2a: Floette
|-supereffective|p2a: Floette|1
|-damage|p2a: Floette|0 fnt
|faint|p2a: Floette
|move|p2b: Whimsicott|Moonblast|p1b: Glimmora
|-resisted|p1b: Glimmora|1
|-damage|p1b: Glimmora|79/100
|
|upkeep
|
|t:|1784761935
|switch|p2a: Kingambit|Kingambit, L50, M|100/100
|turn|3
|inactive|fanman64 has 30 seconds left.
|
|t:|1784761970
|switch|p1a: Sinistcha|Sinistcha, L50|100/100
|-heal|p1b: Glimmora|100/100|[from] ability: Hospitality|[of] p1a: Sinistcha
|move|p1b: Glimmora|Spiky Shield|p1b: Glimmora
|-singleturn|p1b: Glimmora|move: Protect
|move|p2b: Whimsicott|Moonblast|p1a: Sinistcha
|-damage|p1a: Sinistcha|66/100
|move|p2a: Kingambit|Iron Head|p1b: Glimmora
|-activate|p1b: Glimmora|move: Protect
|-damage|p2a: Kingambit|87/100|[from] Spiky Shield|[of] p1b: Glimmora
|
|upkeep
|turn|4
|inactive|fanman64 has 30 seconds left.
|inactive|smearglehater21 has 30 seconds left.
|
|t:|1784761998
|move|p1a: Sinistcha|Protect|p1a: Sinistcha
|-singleturn|p1a: Sinistcha|Protect
|move|p1b: Glimmora|Earth Power|p2a: Kingambit
|-supereffective|p2a: Kingambit|1
|-damage|p2a: Kingambit|13/100
|move|p2b: Whimsicott|Moonblast|p1a: Sinistcha
|-activate|p1a: Sinistcha|move: Protect
|move|p2a: Kingambit|Kowtow Cleave|p1a: Sinistcha
|-activate|p1a: Sinistcha|move: Protect
|
|-end|p2b: Whimsicott|Encore
|-sideend|p1: fanman64|move: Tailwind
|upkeep
|turn|5
|inactive|fanman64 has 30 seconds left.
|inactive|fanman64 has 20 seconds left.
|inactive|fanman64 has 15 seconds left.
|inactive|fanman64 has 10 seconds left.
|
|t:|1784762043
|switch|p1a: Whimsicott|Whimsicott, L50, F|34/100
|move|p1b: Glimmora|Spiky Shield|p1b: Glimmora
|-singleturn|p1b: Glimmora|move: Protect
|move|p2b: Whimsicott|Encore|p1b: Glimmora
|-activate|p1b: Glimmora|move: Protect
|move|p2a: Kingambit|Kowtow Cleave|p1a: Whimsicott
|-resisted|p1a: Whimsicott|1
|-damage|p1a: Whimsicott|6/100
|
|upkeep
|turn|6
|
|t:|1784762060
|switch|p1b: Sinistcha|Sinistcha, L50|66/100
|-heal|p1a: Whimsicott|31/100|[from] ability: Hospitality|[of] p1b: Sinistcha
|move|p2b: Whimsicott|Encore||[still]
|-fail|p2b: Whimsicott
|move|p1a: Whimsicott|Moonblast|p2a: Kingambit
|-damage|p2a: Kingambit|0 fnt
|faint|p2a: Kingambit
|
|upkeep
|
|t:|1784762065
|switch|p2a: Basculegion|Basculegion, L50, M|100/100
|turn|7
|inactive|fanman64 has 30 seconds left.
|inactive|fanman64 has 20 seconds left.
|
|t:|1784762103
|move|p1b: Sinistcha|Protect|p1b: Sinistcha
|-singleturn|p1b: Sinistcha|Protect
|move|p2b: Whimsicott|Tailwind|p2b: Whimsicott
|-sidestart|p2: smearglehater21|move: Tailwind
|move|p2a: Basculegion|Last Respects|p1b: Sinistcha
|-activate|p1b: Sinistcha|move: Protect
|move|p1a: Whimsicott|Moonblast|p2b: Whimsicott
|-damage|p2b: Whimsicott|0 fnt
|faint|p2b: Whimsicott
|
|upkeep
|turn|8
|inactive|fanman64 has 30 seconds left.
|
|t:|1784762137
|move|p2a: Basculegion|Last Respects|p1b: Sinistcha
|-supereffective|p1b: Sinistcha|1
|-damage|p1b: Sinistcha|0 fnt
|faint|p1b: Sinistcha
|move|p1a: Whimsicott|Moonblast|p2a: Basculegion
|-damage|p2a: Basculegion|71/100
|-unboost|p2a: Basculegion|spa|1
|
|upkeep
|
|t:|1784762145
|switch|p1b: Glimmora|Glimmora-Mega, L50, F|100/100
|turn|9
|
|t:|1784762158
|move|p1a: Whimsicott|Tailwind|p1a: Whimsicott
|-sidestart|p1: fanman64|move: Tailwind
|move|p1b: Glimmora|Power Gem|p2a: Basculegion
|-damage|p2a: Basculegion|8/100
|move|p2a: Basculegion|Last Respects|p1a: Whimsicott
|-damage|p1a: Whimsicott|0 fnt
|faint|p1a: Whimsicott
|
|upkeep
|turn|10
|
|t:|1784762172
|move|p2a: Basculegion|Aqua Jet|p1b: Glimmora
|-supereffective|p1b: Glimmora|1
|-damage|p1b: Glimmora|29/100
|move|p1b: Glimmora|Power Gem|p2a: Basculegion
|-damage|p2a: Basculegion|0 fnt
|faint|p2a: Basculegion
|
|win|fanman64
