|j|☆dfadDADAD
|j|‽EDJPP
|html|dfadDADADEDJPP    
|uhtml|bestof|Game 2 of a best-of-3
|t:|1785875201
|gametype|doubles
|player|p1|dfadDADAD|2|1208
|player|p2|EDJPP|volkner|1179
|gen|9
|tier|[Gen 9 Champions] VGC 2026 Reg M-B (Bo3)
|rated|
|rule|Species Clause: Limit one of each Pokémon
|rule|Item Clause: Limit 1 of each item
|clearpoke
|poke|p1|Delphox, L50, M|
|poke|p1|Clefable, L50, M|
|poke|p1|Blastoise, L50, M|
|poke|p1|Sinistcha, L50|
|poke|p1|Sneasler, L50, F|
|poke|p1|Incineroar, L50, M|
|poke|p2|Froslass, L50, F|
|poke|p2|Lycanroc-Dusk, L50, F|
|poke|p2|Sneasler, L50, M|
|poke|p2|Corviknight, L50, F|
|poke|p2|Garchomp, L50, F|
|poke|p2|Tsareena, L50, F|
|teampreview|4
|showteam|p1|Delphox||Delphoxite|Blaze|HeatWave,Psyshock,Protect,NastyPlot|Timid||M|||50|]Clefable||SitrusBerry|Unaware|FollowMe,Moonblast,Protect,HelpingHand|Bold||M|||50|]Blastoise||Blastoisinite|RainDish|WaterSpout,DarkPulse,Protect,ShellSmash|Modest||M|||50|]Sinistcha||ColburBerry|Hospitality|MatchaGotcha,RagePowder,Protect,LifeDew|Calm|||||50|]Sneasler||FocusSash|PoisonTouch|FakeOut,PoisonJab,QuickGuard,CloseCombat|Jolly||F|||50|]Incineroar||PasshoBerry|Intimidate|FakeOut,DarkestLariat,FlareBlitz,PartingShot|Careful||M|||50|
|showteam|p2|Froslass||Froslassite|SnowCloak|Blizzard,Protect,ShadowBall,AuroraVeil|Timid||F|||50|]Lycanroc-Dusk||ExpertBelt|ToughClaws|Accelerock,CloseCombat,RockSlide,SuckerPunch|Adamant||F|||50|]Sneasler||WhiteHerb|Unburden|CloseCombat,FakeOut,DireClaw,Protect|Jolly||M|||50|]Corviknight||Leftovers|MirrorArmor|BraveBird,Tailwind,IronHead,Roost|Adamant||F|||50|]Garchomp||ChoiceScarf|RoughSkin|StompingTantrum,DragonClaw,RockTomb,IronHead|Jolly||F|||50|]Tsareena||WideLens|QueenlyMajesty|Taunt,HighJumpKick,PowerWhip,Protect|Jolly||F|||50|
|inactive|Battle timer is ON: inactive players will automatically lose when time's up. (requested by EDJPP)
|inactive|dfadDADAD has 60 seconds left.
|inactive|EDJPP has 60 seconds left.
|inactive|EDJPP has 30 seconds left.
|inactive|EDJPP has 20 seconds left.
|inactive|EDJPP has 15 seconds left.
|
|t:|1785875279
|teamsize|p1|4
|teamsize|p2|4
|start
|switch|p1a: Delphox|Delphox, L50, M|100/100
|switch|p1b: Clefable|Clefable, L50, M|100/100
|switch|p2a: Froslass|Froslass, L50, F|100/100
|switch|p2b: Sneasler|Sneasler, L50, M|100/100
|turn|1
|
|t:|1785875302
|detailschange|p2a: Froslass|Froslass-Mega, L50, F
|-mega|p2a: Froslass|Froslass|Froslassite
|-weather|Snowscape|[from] ability: Snow Warning|[of] p2a: Froslass
|detailschange|p1a: Delphox|Delphox-Mega, L50, M
|-mega|p1a: Delphox|Delphox|Delphoxite
|move|p1a: Delphox|Protect|p1a: Delphox
|-singleturn|p1a: Delphox|Protect
|move|p1b: Clefable|Protect|p1b: Clefable
|-singleturn|p1b: Clefable|Protect
|move|p2b: Sneasler|Fake Out|p1a: Delphox
|-activate|p1a: Delphox|move: Protect
|move|p2a: Froslass|Aurora Veil|p2a: Froslass
|-sidestart|p2: EDJPP|move: Aurora Veil
|
|-weather|Snowscape|[upkeep]
|upkeep
|turn|2
|
|t:|1785875311
|move|p1b: Clefable|Follow Me|p1b: Clefable
|-singleturn|p1b: Clefable|move: Follow Me
|move|p1a: Delphox|Psyshock|p2b: Sneasler
|-supereffective|p2b: Sneasler|2
|-damage|p2b: Sneasler|0 fnt
|faint|p2b: Sneasler
|move|p2a: Froslass|Shadow Ball|p1b: Clefable
|-damage|p1b: Clefable|63/100
|-unboost|p1b: Clefable|spd|1
|
|-weather|Snowscape|[upkeep]
|upkeep
|
|t:|1785875326
|switch|p2b: Garchomp|Garchomp, L50, F|100/100
|turn|3
|inactive|EDJPP has 30 seconds left.
|inactive|EDJPP has 20 seconds left.
|inactive|EDJPP has 15 seconds left.
|inactive|EDJPP has 10 seconds left.
|
|t:|1785875372
|switch|p1b: #1|Incineroar, L50, M|100/100
|-ability|p1b: #1|Intimidate|boost
|-unboost|p2a: Froslass|atk|1
|-unboost|p2b: Garchomp|atk|1
|move|p1a: Delphox|Protect|p1a: Delphox
|-singleturn|p1a: Delphox|Protect
|move|p2b: Garchomp|Iron Head|p1b: #1
|-resisted|p1b: #1|1
|-damage|p1b: #1|91/100
|move|p2a: Froslass|Shadow Ball|p1a: Delphox
|-activate|p1a: Delphox|move: Protect
|
|-weather|Snowscape|[upkeep]
|upkeep
|turn|4
|
|t:|1785875386
|switch|p2b: Tsareena|Tsareena, L50, F|100/100
|move|p2a: Froslass|Protect|p2a: Froslass
|-singleturn|p2a: Froslass|Protect
|move|p1a: Delphox|Heat Wave|p2a: Froslass|[spread] p2b
|-activate|p2a: Froslass|move: Protect
|-supereffective|p2b: Tsareena|1
|-crit|p2b: Tsareena
|-damage|p2b: Tsareena|0 fnt
|faint|p2b: Tsareena
|move|p1b: #1|Darkest Lariat|p2a: Froslass
|-activate|p2a: Froslass|move: Protect
|
|-weather|Snowscape|[upkeep]
|upkeep
|inactive|EDJPP has 30 seconds left.
|inactive|EDJPP has 20 seconds left.
|
|t:|1785875426
|switch|p2b: Garchomp|Garchomp, L50, F|100/100
|turn|5
|
|t:|1785875438
|switch|p1b: Sneasler|Sneasler, L50, F|100/100
|move|p1a: Delphox|Protect|p1a: Delphox
|-singleturn|p1a: Delphox|Protect
|move|p2b: Garchomp|Rock Tomb|p1a: Delphox
|-activate|p1a: Delphox|move: Protect
|move|p2a: Froslass|Blizzard|p1b: Sneasler|[spread] p1b
|-activate|p1a: Delphox|move: Protect
|-damage|p1b: Sneasler|40/100
|-status|p1b: Sneasler|frz
|
|-weather|none
|-sideend|p2: EDJPP|move: Aurora Veil
|upkeep
|turn|6
|
|t:|1785875454
|switch|p1b: #1|Incineroar, L50, M|91/100
|-ability|p1b: #1|Intimidate|boost
|-unboost|p2a: Froslass|atk|1
|-unboost|p2b: Garchomp|atk|1
|move|p2a: Froslass|Protect|p2a: Froslass
|-singleturn|p2a: Froslass|Protect
|move|p2b: Garchomp|Rock Tomb|p1a: Delphox
|-supereffective|p1a: Delphox|1
|-damage|p1a: Delphox|63/100
|-unboost|p1a: Delphox|spe|1
|move|p1a: Delphox|Heat Wave|p2a: Froslass|[spread] p2b
|-activate|p2a: Froslass|move: Protect
|-resisted|p2b: Garchomp|1
|-damage|p2b: Garchomp|76/100
|
|upkeep
|turn|7
|inactive|dfadDADAD has 30 seconds left.
|inactive|EDJPP has 30 seconds left.
|
|t:|1785875482
|move|p2b: Garchomp|Rock Tomb|p1b: #1
|-supereffective|p1b: #1|1
|-damage|p1b: #1|65/100
|-unboost|p1b: #1|spe|1
|move|p2a: Froslass|Shadow Ball|p1a: Delphox
|-supereffective|p1a: Delphox|1
|-damage|p1a: Delphox|0 fnt
|faint|p1a: Delphox
|move|p1b: #1|Darkest Lariat|p2a: Froslass
|-supereffective|p2a: Froslass|1
|-damage|p2a: Froslass|0 fnt
|faint|p2a: Froslass
|
|upkeep
|
|t:|1785875492
|switch|p1a: Clefable|Clefable, L50, M|63/100
|turn|8
|
|t:|1785875497
|move|p2b: Garchomp|Rock Tomb|p1b: #1
|-supereffective|p1b: #1|1
|-crit|p1b: #1
|-damage|p1b: #1|2/100
|-unboost|p1b: #1|spe|1
|move|p1a: Clefable|Moonblast|p2b: Garchomp
|-supereffective|p2b: Garchomp|1
|-damage|p2b: Garchomp|4/100
|move|p1b: #1|Darkest Lariat|p2b: Garchomp
|-damage|p2b: Garchomp|0 fnt
|-damage|p1b: #1|0 fnt|[from] ability: Rough Skin|[of] p2b: Garchomp
|faint|p2b: Garchomp
|faint|p1b: #1
|
|win|dfadDADAD
|raw|dfadDADAD's rating: 1208 → 1231(+23 for winning)
|raw|EDJPP's rating: 1179 → 1156(-23 for losing)
