|j|☆PickledogVGC
|j|☆ApolloLou
|html|PickledogVGCApolloLou    
|uhtml|bestof|Game 2 of a best-of-3
|t:|1756414293
|gametype|doubles
|player|p1|PickledogVGC|roughneck|
|player|p2|ApolloLou|birch|
|gen|9
|tier|[Gen 9] VGC 2025 Reg H (Bo3)
|rule|Species Clause: Limit one of each Pokémon
|rule|Item Clause: Limit 1 of each item
|clearpoke
|poke|p1|Toedscruel, L50, F|
|poke|p1|Weezing-Galar, L50, M|
|poke|p1|Kingambit, L50, F|
|poke|p1|Sneasler, L50, F|
|poke|p1|Ursaluna-Bloodmoon, L50, M|
|poke|p1|Incineroar, L50, M|
|poke|p2|Sneasler, L50, F|
|poke|p2|Indeedee, L50, M|
|poke|p2|Annihilape, L50, F|
|poke|p2|Electabuzz, L50, F|
|poke|p2|Hypno, L50, M|
|poke|p2|Ursaluna, L50, F|
|teampreview|4
|showteam|p1|Toedscruel||CovertCloak|MyceliumMight|Spore,EarthPower,AcidSpray,RagePowder|||F|||50|,,,,,Water]Weezing-Galar||ChoiceSpecs|NeutralizingGas|DazzlingGleam,SludgeBomb,StrangeSteam,Flamethrower|||M|||50|,,,,,Ghost]Kingambit||SafetyGoggles|Defiant|KowtowCleave,SuckerPunch,Protect,SwordsDance|||F|||50|,,,,,Flying]Sneasler||FocusSash|Unburden|FakeOut,DireClaw,ThroatChop,CloseCombat|||F|||50|,,,,,Stellar]Ursaluna-Bloodmoon||LifeOrb|MindsEye|HyperVoice,EarthPower,BloodMoon,Protect|||M|||50|,,,,,Ghost]Incineroar||AbilityShield|Intimidate|KnockOff,PartingShot,FlareBlitz,FakeOut|||M|||50|,,,,,Ghost
|showteam|p2|Sneasler||PsychicSeed|Unburden|DireClaw,Protect,ThroatChop,CloseCombat|||F|||50|,,,,,Dark]Indeedee||FocusSash|PsychicSurge|ExpandingForce,TrickRoom,TeraBlast,Protect|||M|||50|,,,,,Ground]Annihilape||SitrusBerry|Defiant|RageFist,DrainPunch,BulkUp,Protect|||F|||50|,,,,,Steel]Electabuzz||Eviolite|VitalSpirit|FollowMe,Electroweb,Protect,Taunt|||F|||50|,,,,,Fairy]Hypno||RoomService|Insomnia|ExpandingForce,Haze,Hex,TrickRoom|||M|||50|,,,,,Ghost]Ursaluna||FlameOrb|Guts|Facade,HeadlongRush,Earthquake,Protect|||F|||50|,,,,,Normal
|inactive|Battle timer is ON: inactive players will automatically lose when time's up. (requested by PickledogVGC)
|inactive|PickledogVGC has 60 seconds left.
|inactive|ApolloLou has 60 seconds left.
|
|t:|1756414348
|teamsize|p1|4
|teamsize|p2|4
|start
|switch|p1a: Scooby Doo|Ursaluna-Bloodmoon, L50, M|100/100
|switch|p1b: Boston Rob|Kingambit, L50, F|100/100
|switch|p2a: Indeedee|Indeedee, L50, M|100/100
|switch|p2b: Annihilape|Annihilape, L50, F|100/100
|-fieldstart|move: Psychic Terrain|[from] ability: Psychic Surge|[of] p2a: Indeedee
|turn|1
|inactive|PickledogVGC has 30 seconds left.
|inactive|ApolloLou has 30 seconds left.
|inactive|PickledogVGC has 20 seconds left.
|inactive|PickledogVGC has 15 seconds left.
|inactive|PickledogVGC has 10 seconds left.
|
|t:|1756414396
|-terastallize|p1b: Boston Rob|Flying
|move|p2a: Indeedee|Protect|p2a: Indeedee
|-singleturn|p2a: Indeedee|Protect
|move|p2b: Annihilape|Protect|p2b: Annihilape
|-singleturn|p2b: Annihilape|Protect
|move|p1a: Scooby Doo|Blood Moon|p2b: Annihilape
|-activate|p2b: Annihilape|move: Protect
|move|p1b: Boston Rob|Kowtow Cleave|p2b: Annihilape
|-activate|p2b: Annihilape|move: Protect
|
|upkeep
|turn|2
|inactiveoff|Battle timer is now OFF.
|j| Arkhept
|l| Arkhept
|
|t:|1756414417
|move|p1a: Scooby Doo|Protect|p1a: Scooby Doo
|-singleturn|p1a: Scooby Doo|Protect
|move|p1b: Boston Rob|Protect|p1b: Boston Rob
|-singleturn|p1b: Boston Rob|Protect
|move|p2a: Indeedee|Expanding Force|p1a: Scooby Doo|[spread] 
|-activate|p1a: Scooby Doo|move: Protect
|-activate|p1b: Boston Rob|move: Protect
|move|p2b: Annihilape|Drain Punch|p1a: Scooby Doo
|-activate|p1a: Scooby Doo|move: Protect
|
|upkeep
|turn|3
|
|t:|1756414460
|switch|p1a: Blakers|Toedscruel, L50, F, shiny|100/100
|move|p2a: Indeedee|Expanding Force|p1b: Boston Rob|[spread] p1a,p1b
|-damage|p1a: Blakers|55/100
|-damage|p1b: Boston Rob|48/100
|move|p2b: Annihilape|Drain Punch|p1a: Blakers
|-damage|p1a: Blakers|5/100
|move|p1b: Boston Rob|Kowtow Cleave|p2a: Indeedee
|-supereffective|p2a: Indeedee
|-enditem|p2a: Indeedee|Focus Sash
|-damage|p2a: Indeedee|1/100
|
|upkeep
|turn|4
|
|t:|1756414483
|move|p1b: Boston Rob|Protect|p1b: Boston Rob
|-singleturn|p1b: Boston Rob|Protect
|move|p2a: Indeedee|Expanding Force|p1a: Blakers|[spread] p1a
|-activate|p1b: Boston Rob|move: Protect
|-damage|p1a: Blakers|0 fnt
|faint|p1a: Blakers
|move|p2b: Annihilape|Bulk Up|p2b: Annihilape
|-boost|p2b: Annihilape|atk|1
|-boost|p2b: Annihilape|def|1
|
|upkeep
|
|t:|1756414493
|switch|p1a: PinkPonyClub|Sneasler, L50, F|100/100
|turn|5
|
|t:|1756414508
|move|p1a: PinkPonyClub|Dire Claw|p2a: Indeedee
|-damage|p2a: Indeedee|0 fnt
|faint|p2a: Indeedee
|move|p2b: Annihilape|Rage Fist|p1b: Boston Rob
|-damage|p1b: Boston Rob|21/100
|move|p1b: Boston Rob|Swords Dance|p1b: Boston Rob
|-boost|p1b: Boston Rob|atk|2
|
|-fieldend|move: Psychic Terrain
|upkeep
|
|t:|1756414526
|switch|p2a: Sneasler|Sneasler, L50, F|100/100
|turn|6
|
|t:|1756414545
|move|p1b: Boston Rob|Sucker Punch|p2a: Sneasler
|-resisted|p2a: Sneasler
|-damage|p2a: Sneasler|27/100
|move|p1a: PinkPonyClub|Dire Claw|p2b: Annihilape
|-resisted|p2b: Annihilape
|-damage|p2b: Annihilape|86/100
|move|p2a: Sneasler|Dire Claw|p1b: Boston Rob
|-damage|p1b: Boston Rob|0 fnt
|faint|p1b: Boston Rob
|move|p2b: Annihilape|Drain Punch|p1a: PinkPonyClub
|-resisted|p1a: PinkPonyClub
|-damage|p1a: PinkPonyClub|46/100
|-heal|p2b: Annihilape|100/100|[from] drain|[of] p1a: PinkPonyClub
|
|upkeep
|
|t:|1756414560
|switch|p1b: Scooby Doo|Ursaluna-Bloodmoon, L50, M|100/100
|turn|7
|
|t:|1756414574
|move|p2a: Sneasler|Protect|p2a: Sneasler
|-singleturn|p2a: Sneasler|Protect
|move|p1a: PinkPonyClub|Dire Claw|p2b: Annihilape
|-resisted|p2b: Annihilape
|-damage|p2b: Annihilape|87/100
|-status|p2b: Annihilape|slp
|cant|p2b: Annihilape|slp
|move|p1b: Scooby Doo|Hyper Voice|p2a: Sneasler|[spread] p2b
|-activate|p2a: Sneasler|move: Protect
|-damage|p2b: Annihilape|41/100 slp
|-enditem|p2b: Annihilape|Sitrus Berry|[eat]
|-heal|p2b: Annihilape|66/100 slp|[from] item: Sitrus Berry
|-damage|p1b: Scooby Doo|91/100|[from] item: Life Orb
|
|upkeep
|turn|8
|
|t:|1756414608
|move|p1a: PinkPonyClub|Close Combat|p2a: Sneasler
|-resisted|p2a: Sneasler
|-crit|p2a: Sneasler
|-damage|p2a: Sneasler|0 fnt
|-unboost|p1a: PinkPonyClub|def|1
|-unboost|p1a: PinkPonyClub|spd|1
|faint|p2a: Sneasler
|-curestatus|p2b: Annihilape|slp|[msg]
|move|p2b: Annihilape|Rage Fist|p1a: PinkPonyClub
|-damage|p1a: PinkPonyClub|0 fnt
|faint|p1a: PinkPonyClub
|move|p1b: Scooby Doo|Blood Moon|p2b: Annihilape
|-damage|p2b: Annihilape|0 fnt
|faint|p2b: Annihilape
|-damage|p1b: Scooby Doo|81/100|[from] item: Life Orb
|
|upkeep
|
|t:|1756414624
|switch|p2b: Ursaluna|Ursaluna, L50, F|100/100
|turn|9
|
|t:|1756414634
|move|p1b: Scooby Doo|Hyper Voice|p2b: Ursaluna
|-damage|p2b: Ursaluna|46/100
|-damage|p1b: Scooby Doo|72/100|[from] item: Life Orb
|move|p2b: Ursaluna|Earthquake|p1b: Scooby Doo
|-damage|p1b: Scooby Doo|25/100
|
|-status|p2b: Ursaluna|brn|[from] item: Flame Orb
|upkeep
|turn|10
|
|t:|1756414649
|move|p1b: Scooby Doo|Blood Moon|p2b: Ursaluna
|-damage|p2b: Ursaluna|0 fnt
|faint|p2b: Ursaluna
|-damage|p1b: Scooby Doo|16/100|[from] item: Life Orb
|
|win|PickledogVGC
||PickledogVGC is ready for game 3.
|inactive|ApolloLou has 30 seconds to confirm battle start!
||ApolloLou is ready for game 3.
|uhtml|next|Next: Game 3 of 3
|l|☆ApolloLou
|player|p2|
|l|☆PickledogVGC
|player|p1|
|j|☆PickledogVGC
|player|p1|PickledogVGC|roughneck|
