|j|☆PizzaSanwitch
|j|☆SirLuce
|html|PizzaSanwitchSirLuce    
|uhtml|bestof|Game 1 of a best-of-3
|t:|1757708678
|gametype|doubles
|player|p1|PizzaSanwitch|1|1096
|player|p2|SirLuce|veteran|1092
|gen|9
|tier|[Gen 9] VGC 2025 Reg H (Bo3)
|rated|
|rule|Species Clause: Limit one of each Pokémon
|rule|Item Clause: Limit 1 of each item
|clearpoke
|poke|p1|Pelipper, L50, F|
|poke|p1|Ursaluna, L50, F|
|poke|p1|Archaludon, L50, M|
|poke|p1|Dragonite, L50, F|
|poke|p1|Gholdengo, L50|
|poke|p1|Sinistcha, L50|
|poke|p2|Dragapult, L50, F|
|poke|p2|Electabuzz, L50, F|
|poke|p2|Kingambit, L50, F|
|poke|p2|Rillaboom, L50, F|
|poke|p2|Primarina, L50, F|
|poke|p2|Sneasler, L50, M|
|teampreview|4
|showteam|p1|Pelipper||FocusSash|Drizzle|Protect,Hurricane,WeatherBall,WideGuard|||F|||50|,,,,,Ground]Ursaluna||FlameOrb|Guts|Facade,HeadlongRush,Earthquake,Protect|||F|||50|,,,,,Ghost]Archaludon||AssaultVest|Stamina|BodyPress,Snarl,ElectroShot,DragonPulse|||M|||50|,,,,,Bug]Dragonite||LoadedDice|Multiscale|ScaleShot,Haze,Tailwind,Protect|||F|||50|,,,,,Fairy]Gholdengo||ChoiceSpecs|GoodasGold|MakeItRain,ShadowBall,PowerGem,Trick||||||50|,,,,,Flying]Sinistcha||SitrusBerry|Hospitality|MatchaGotcha,RagePowder,TrickRoom,LifeDew||||||50|,,,,,Dark
|showteam|p2|Dragapult||ChoiceBand|ClearBody|TeraBlast,DragonDarts,Uturn,PhantomForce|||F|||50|,,,,,Ghost]Electabuzz||Eviolite|VitalSpirit|Electroweb,Protect,FollowMe,HelpingHand|||F|||50|,,,,,Dragon]Kingambit||BlackGlasses|Defiant|KowtowCleave,SwordsDance,SuckerPunch,Protect|||F|||50|,,,,,Dark]Rillaboom||AssaultVest|GrassySurge|FakeOut,Uturn,GrassyGlide,WoodHammer|||F|||50|,,,,,Fire]Primarina||LifeOrb|LiquidVoice|HyperVoice,Moonblast,Haze,Protect|||F|||50|,,,,,Poison]Sneasler||FocusSash|PoisonTouch|FakeOut,CloseCombat,DireClaw,Protect|||M|||50|,,,,,Stellar
|inactive|Battle timer is ON: inactive players will automatically lose when time's up. (requested by SirLuce)
|inactive|PizzaSanwitch has 60 seconds left.
|
|t:|1757708813
|teamsize|p1|4
|teamsize|p2|4
|start
|switch|p1a: Dragonite|Dragonite, L50, F|100/100
|switch|p1b: Pelipper|Pelipper, L50, F|100/100
|switch|p2a: Electabuzz|Electabuzz, L50, F|100/100
|switch|p2b: Dragapult|Dragapult, L50, F|100/100
|-weather|RainDance|[from] ability: Drizzle|[of] p1b: Pelipper
|turn|1
|inactive|SirLuce has 30 seconds left.
|inactive|SirLuce has 20 seconds left.
|
|t:|1757708853
|switch|p1b: Archaludon|Archaludon, L50, M|100/100
|-terastallize|p1a: Dragonite|Fairy
|move|p2b: Dragapult|Phantom Force||[still]
|-prepare|p2b: Dragapult|Phantom Force
|move|p2a: Electabuzz|Electroweb|p1b: Archaludon|[spread] p1a,p1b
|-resisted|p1b: Archaludon
|-damage|p1a: Dragonite|93/100
|-damage|p1b: Archaludon|94/100
|-unboost|p1a: Dragonite|spe|1
|-unboost|p1b: Archaludon|spe|1
|-ability|p1b: Archaludon|Stamina|boost
|-boost|p1b: Archaludon|def|1
|move|p1a: Dragonite|Tailwind|p1a: Dragonite
|-sidestart|p1: PizzaSanwitch|move: Tailwind
|
|-weather|RainDance|[upkeep]
|upkeep
|turn|2
|inactive|PizzaSanwitch has 30 seconds left.
|
|t:|1757708886
|move|p2b: Dragapult|Phantom Force|p1b: Archaludon|[from] lockedmove
|-damage|p1b: Archaludon|61/100
|-ability|p1b: Archaludon|Stamina|boost
|-boost|p1b: Archaludon|def|1
|move|p1a: Dragonite|Scale Shot|p2b: Dragapult|[miss]
|-miss|p1a: Dragonite|p2b: Dragapult
|move|p1b: Archaludon|Snarl|p2a: Electabuzz|[spread] p2a,p2b
|-supereffective|p2b: Dragapult
|-damage|p2a: Electabuzz|90/100
|-damage|p2b: Dragapult|64/100
|-unboost|p2a: Electabuzz|spa|1
|move|p2a: Electabuzz|Electroweb|p1a: Dragonite|[spread] p1a,p1b
|-resisted|p1b: Archaludon
|-damage|p1a: Dragonite|84/100
|-damage|p1b: Archaludon|57/100
|-unboost|p1a: Dragonite|spe|1
|-unboost|p1b: Archaludon|spe|1
|-ability|p1b: Archaludon|Stamina|boost
|-boost|p1b: Archaludon|def|1
|
|-weather|RainDance|[upkeep]
|upkeep
|turn|3
|inactive|PizzaSanwitch has 30 seconds left.
|inactive|SirLuce has 30 seconds left.
|inactive|PizzaSanwitch has 20 seconds left.
|
|t:|1757708925
|switch|p2b: Primarina|Primarina, L50, F|100/100
|switch|p1a: Gholdengo|Gholdengo, L50|100/100
|move|p2a: Electabuzz|Electroweb|p1b: Archaludon|[spread] p1a
|-miss|p2a: Electabuzz|p1b: Archaludon
|-crit|p1a: Gholdengo
|-damage|p1a: Gholdengo|78/100
|-unboost|p1a: Gholdengo|spe|1
|move|p1b: Archaludon|Body Press|p2a: Electabuzz
|-damage|p2a: Electabuzz|43/100
|
|-weather|RainDance|[upkeep]
|upkeep
|turn|4
|inactive|PizzaSanwitch has 30 seconds left.
|
|t:|1757708954
|move|p1a: Gholdengo|Make It Rain|p2b: Primarina|[spread] p2a,p2b
|-resisted|p2a: Electabuzz
|-damage|p2a: Electabuzz|16/100
|-damage|p2b: Primarina|37/100
|-unboost|p1a: Gholdengo|spa|1
|move|p2a: Electabuzz|Electroweb|p1b: Archaludon|[spread] p1a,p1b
|-resisted|p1b: Archaludon
|-damage|p1a: Gholdengo|68/100
|-damage|p1b: Archaludon|53/100
|-unboost|p1a: Gholdengo|spe|1
|-unboost|p1b: Archaludon|spe|1
|-ability|p1b: Archaludon|Stamina|boost
|-boost|p1b: Archaludon|def|1
|move|p2b: Primarina|Hyper Voice|p1b: Archaludon|[spread] p1a,p1b
|-resisted|p1b: Archaludon
|-damage|p1a: Gholdengo|0 fnt
|-damage|p1b: Archaludon|24/100
|-ability|p1b: Archaludon|Stamina|boost
|-boost|p1b: Archaludon|def|1
|faint|p1a: Gholdengo
|-damage|p2b: Primarina|27/100|[from] item: Life Orb
|move|p1b: Archaludon|Body Press|p2a: Electabuzz
|-damage|p2a: Electabuzz|0 fnt
|faint|p2a: Electabuzz
|
|-weather|RainDance|[upkeep]
|-sideend|p1: PizzaSanwitch|move: Tailwind
|upkeep
|inactive|PizzaSanwitch has 30 seconds left.
|
|t:|1757708980
|switch|p1a: Dragonite|Dragonite, L50, F, tera:Fairy|84/100
|switch|p2a: Dragapult|Dragapult, L50, F|64/100
|turn|5
|inactive|SirLuce has 30 seconds left.
|inactive|SirLuce has 20 seconds left.
|
|t:|1757709016
|-terastallize|p2a: Dragapult|Ghost
|move|p2a: Dragapult|Tera Blast|p1a: Dragonite|[anim] Tera Blast Ghost
|-damage|p1a: Dragonite|0 fnt
|faint|p1a: Dragonite
|move|p2b: Primarina|Moonblast|p1b: Archaludon
|-damage|p1b: Archaludon|0 fnt
|faint|p1b: Archaludon
|-damage|p2b: Primarina|18/100|[from] item: Life Orb
|
|-weather|none
|upkeep
|
|t:|1757709029
|switch|p1a: Pelipper|Pelipper, L50, F|100/100
|-weather|RainDance|[from] ability: Drizzle|[of] p1a: Pelipper
|turn|6
|inactive|PizzaSanwitch has 30 seconds left.
|
|t:|1757709058
|move|p2a: Dragapult|Tera Blast|p1a: Pelipper|[anim] Tera Blast Ghost
|-enditem|p1a: Pelipper|Focus Sash
|-damage|p1a: Pelipper|1/100
|move|p1a: Pelipper|Weather Ball|p2a: Dragapult
|-damage|p2a: Dragapult|0 fnt
|faint|p2a: Dragapult
|move|p2b: Primarina|Moonblast|p1a: Pelipper
|-damage|p1a: Pelipper|0 fnt
|faint|p1a: Pelipper
|-damage|p2b: Primarina|8/100|[from] item: Life Orb
|
|win|SirLuce
||SirLuce is ready for game 2.
|inactive|PizzaSanwitch has 30 seconds to confirm battle start!
||PizzaSanwitch is ready for game 2.
|uhtml|next|Next: Game 2 of 3
|l|☆SirLuce
|player|p2|
