|j|☆ThePowneyFiles
|j|☆dont make me walk
|html|ThePowneyFilesdont make me walk    
|uhtml|bestof|Game 3 of a best-of-3
|t:|1756061136
|gametype|doubles
|player|p1|ThePowneyFiles|pokemonbreederf-gen4|1294
|player|p2|dont make me walk|red-masters3|1350
|gen|9
|tier|[Gen 9] VGC 2025 Reg H (Bo3)
|rated|
|rule|Species Clause: Limit one of each Pokémon
|rule|Item Clause: Limit 1 of each item
|clearpoke
|poke|p1|Gholdengo, L50|
|poke|p1|Rillaboom, L50, M|
|poke|p1|Arcanine-Hisui, L50, F|
|poke|p1|Sneasler, L50, M|
|poke|p1|Dragonite, L50, F|
|poke|p1|Ninetales-Alola, L50, M|
|poke|p2|Murkrow, L50, F|
|poke|p2|Indeedee-F, L50, F|
|poke|p2|Ursaluna-Bloodmoon, L50, M|
|poke|p2|Armarouge, L50, M|
|poke|p2|Gholdengo, L50|
|poke|p2|Annihilape, L50, F|
|teampreview|4
|showteam|p1|Gholdengo||GrassySeed|GoodasGold|MakeItRain,NastyPlot,ShadowBall,Protect||||||50|,,,,,Water]Rillaboom||AssaultVest|GrassySurge|FakeOut,GrassyGlide,WoodHammer,Uturn|||M|||50|,,,,,Fire]Arcanine-Hisui||ClearAmulet|Intimidate|RockSlide,FlareBlitz,ExtremeSpeed,Protect|||F|||50|,,,,,Water]Sneasler||FocusSash|Unburden|CloseCombat,DireClaw,Coaching,Protect|||M|||50|,,,,,Stellar]Dragonite||LoadedDice|Multiscale|ScaleShot,StompingTantrum,Protect,Tailwind|||F|||50|,,,,,Ground]Ninetales-Alola||CovertCloak|SnowWarning|Blizzard,IcyWind,AuroraVeil,Encore|||M|||50|,,,,,Ice
|showteam|p2|Murkrow||Eviolite|Prankster|Tailwind,FoulPlay,Haze,SunnyDay|||F|||50|,,,,,Ghost]Indeedee-F||RockyHelmet|PsychicSurge|FollowMe,TrickRoom,HelpingHand,Psychic|||F|||50|,,,,,Fairy]Ursaluna-Bloodmoon||LifeOrb|MindsEye|Protect,EarthPower,HyperVoice,BloodMoon|||M|||50|,,,,,Normal]Armarouge||PowerHerb|FlashFire|TrickRoom,MeteorBeam,ArmorCannon,ExpandingForce|||M|||50|,,,,,Grass]Gholdengo||ChoiceSpecs|GoodasGold|MakeItRain,ShadowBall,Thunderbolt,Trick||||||50|,,,,,Steel]Annihilape||SafetyGoggles|Defiant|FinalGambit,Protect,RageFist,CloseCombat|||F|||50|,,,,,Fire
|inactive|Battle timer is ON: inactive players will automatically lose when time's up. (requested by dont make me walk)
|j| dialgasucksnow
|
|t:|1756061160
|teamsize|p1|4
|teamsize|p2|4
|start
|switch|p1a: Rocky Road|Sneasler, L50, M|100/100
|switch|p1b: Crazy World|Gholdengo, L50|100/100
|switch|p2a: Murkrow|Murkrow, L50, F, shiny|100/100
|switch|p2b: Gholdengo|Gholdengo, L50|100/100
|turn|1
|
|t:|1756061165
|move|p1b: Crazy World|Protect|p1b: Crazy World
|-singleturn|p1b: Crazy World|Protect
|move|p2a: Murkrow|Tailwind|p2a: Murkrow
|-sidestart|p2: dont make me walk|move: Tailwind
|move|p2b: Gholdengo|Shadow Ball|p1b: Crazy World
|-activate|p1b: Crazy World|move: Protect
|move|p1a: Rocky Road|Dire Claw|p2a: Murkrow
|-damage|p2a: Murkrow|59/100
|-status|p2a: Murkrow|psn
|
|-damage|p2a: Murkrow|47/100 psn|[from] psn
|upkeep
|turn|2
|
|t:|1756061171
|-terastallize|p1b: Crazy World|Water
|move|p2b: Gholdengo|Shadow Ball|p1b: Crazy World
|-damage|p1b: Crazy World|28/100
|move|p2a: Murkrow|Foul Play|p1b: Crazy World
|-crit|p1b: Crazy World
|-damage|p1b: Crazy World|4/100
|move|p1a: Rocky Road|Dire Claw|p2a: Murkrow
|-damage|p2a: Murkrow|2/100 psn
|move|p1b: Crazy World|Shadow Ball|p2b: Gholdengo
|-supereffective|p2b: Gholdengo
|-damage|p2b: Gholdengo|0 fnt
|faint|p2b: Gholdengo
|
|-damage|p2a: Murkrow|0 fnt|[from] psn
|faint|p2a: Murkrow
|upkeep
|
|t:|1756061176
|switch|p2b: Indeedee|Indeedee-F, L50, F|100/100
|switch|p2a: Ursaluna|Ursaluna-Bloodmoon, L50, M|100/100
|-fieldstart|move: Psychic Terrain|[from] ability: Psychic Surge|[of] p2b: Indeedee
|turn|3
|
|t:|1756061181
|move|p1a: Rocky Road|Protect|p1a: Rocky Road
|-singleturn|p1a: Rocky Road|Protect
|move|p2a: Ursaluna|Hyper Voice|p1a: Rocky Road|[spread] p1b
|-activate|p1a: Rocky Road|move: Protect
|-damage|p1b: Crazy World|0 fnt
|faint|p1b: Crazy World
|-damage|p2a: Ursaluna|91/100|[from] item: Life Orb
|move|p2b: Indeedee|Psychic|p1a: Rocky Road
|-activate|p1a: Rocky Road|move: Protect
|
|upkeep
|
|t:|1756061183
|switch|p1b: N17|Rillaboom, L50, M|100/100
|-fieldstart|move: Grassy Terrain|[from] ability: Grassy Surge|[of] p1b: N17
|turn|4
|
|t:|1756061194
|move|p2a: Ursaluna|Protect|p2a: Ursaluna
|-singleturn|p2a: Ursaluna|Protect
|move|p1b: N17|Fake Out|p2b: Indeedee
|-damage|p2b: Indeedee|86/100
|-damage|p1b: N17|84/100|[from] item: Rocky Helmet|[of] p2b: Indeedee
|move|p1a: Rocky Road|Close Combat|p2a: Ursaluna
|-activate|p2a: Ursaluna|move: Protect
|cant|p2b: Indeedee|flinch
|
|-heal|p2a: Ursaluna|97/100|[from] Grassy Terrain
|-heal|p2b: Indeedee|93/100|[from] Grassy Terrain
|-heal|p1b: N17|90/100|[from] Grassy Terrain
|-sideend|p2: dont make me walk|move: Tailwind
|upkeep
|turn|5
|
|t:|1756061213
|move|p2a: Ursaluna|Protect||[still]
|-fail|p2a: Ursaluna
|move|p1a: Rocky Road|Coaching|p1b: N17
|-boost|p1b: N17|atk|1
|-boost|p1b: N17|def|1
|move|p1b: N17|Wood Hammer|p2b: Indeedee
|-damage|p2b: Indeedee|0 fnt
|-damage|p1b: N17|73/100|[from] item: Rocky Helmet|[of] p2b: Indeedee
|faint|p2b: Indeedee
|-damage|p1b: N17|47/100|[from] Recoil
|
|-heal|p1b: N17|53/100|[from] Grassy Terrain
|-heal|p2a: Ursaluna|100/100|[from] Grassy Terrain
|upkeep
|turn|6
|-message|dont make me walk forfeited.
|
|win|ThePowneyFiles
|raw|ThePowneyFiles's rating: 1294 → 1323(+29 for winning)
|raw|dont make me walk's rating: 1350 → 1327(-23 for losing)
|l|☆dont make me walk
|player|p2|
|l|☆ThePowneyFiles
|player|p1|
