|j|☆master 792
|j|☆Funky0
|html|master 792Funky0    
|uhtml|bestof|Game 1 of a best-of-3
|t:|1784084170
|gametype|doubles
|player|p1|master 792|red|1119
|player|p2|Funky0|170|1066
|gen|9
|tier|[Gen 9 Champions] VGC 2026 Reg M-B (Bo3)
|rated|
|rule|Species Clause: Limit one of each Pokémon
|rule|Item Clause: Limit 1 of each item
|clearpoke
|poke|p1|Metagross, L50, shiny|
|poke|p1|Incineroar, L50, F|
|poke|p1|Sinistcha, L50, shiny|
|poke|p1|Floette-Eternal, L50, F|
|poke|p1|Politoed, L50, F|
|poke|p1|Maushold, L50|
|poke|p2|Incineroar, L50, F|
|poke|p2|Gengar, L50, F|
|poke|p2|Archaludon, L50, M|
|poke|p2|Pelipper, L50, F|
|poke|p2|Swampert, L50, M|
|poke|p2|Sneasler, L50, F|
|teampreview|4
|showteam|p1|Metagross||Metagrossite|ClearBody|IronDefense,BodyPress,PsychicFangs,Protect|Impish|||||50|]Incineroar||PasshoBerry|Intimidate|FakeOut,FlareBlitz,PartingShot,DarkestLariat|Adamant||F|||50|]Sinistcha||SitrusBerry|Hospitality|MatchaGotcha,TrickRoom,RagePowder,LifeDew|Calm|||||50|]Floette-Eternal||Floettite|FlowerVeil|Moonblast,DazzlingGleam,CalmMind,Protect|Modest||F|||50|]Politoed||Leftovers|Drizzle|WeatherBall,PerishSong,IceBeam,Protect|Bold||F|||50|]Maushold||ChopleBerry|FriendGuard|Taunt,FollowMe,SuperFang,Protect|Careful|||||50|
|showteam|p2|Incineroar||MentalHerb|Intimidate|FakeOut,PartingShot,FlareBlitz,Crunch|Careful||F|||50|]Gengar||Gengarite|CursedBody|ShadowBall,SludgeBomb,Protect,DazzlingGleam|Timid||F|||50|]Archaludon||Leftovers|Sturdy|DragonPulse,ElectroShot,Protect,DragonTail|Naive||M|||50|]Pelipper||WideLens|Drizzle|MuddyWater,Hurricane,Protect,Tailwind|Bold||F|||50|]Swampert||Swampertite|Torrent|Earthquake,FlipTurn,Protect,RockSlide|Adamant||M|||50|]Sneasler||LifeOrb|PoisonTouch|CloseCombat,DireClaw,Protect,FakeOut|Jolly||F|||50|
|inactive|Battle timer is ON: inactive players will automatically lose when time's up. (requested by master 792)
|
|t:|1784084217
|teamsize|p1|4
|teamsize|p2|4
|start
|switch|p1a: Metagross|Metagross, L50, shiny|100/100
|switch|p1b: Maushold|Maushold, L50|100/100
|switch|p2a: Incineroar|Incineroar, L50, F|100/100
|switch|p2b: Gengar|Gengar, L50, F|100/100
|-ability|p2a: Incineroar|Intimidate|boost
|-fail|p1a: Metagross|unboost|[from] ability: Clear Body|[of] p1a: Metagross
|-unboost|p1b: Maushold|atk|1
|turn|1
|inactive|Funky0 has 30 seconds left.
|
|t:|1784084249
|detailschange|p2b: Gengar|Gengar-Mega, L50, F
|-mega|p2b: Gengar|Gengar|Gengarite
|move|p1b: Maushold|Protect|p1b: Maushold
|-singleturn|p1b: Maushold|Protect
|move|p1a: Metagross|Protect|p1a: Metagross
|-singleturn|p1a: Metagross|Protect
|move|p2a: Incineroar|Fake Out|p1a: Metagross
|-activate|p1a: Metagross|move: Protect
|move|p2b: Gengar|Sludge Bomb|p1b: Maushold
|-activate|p1b: Maushold|move: Protect
|
|upkeep
|turn|2
|
|t:|1784084274
|detailschange|p1a: Metagross|Metagross-Mega, L50, shiny
|-mega|p1a: Metagross|Metagross|Metagrossite
|move|p1b: Maushold|Follow Me|p1b: Maushold
|-singleturn|p1b: Maushold|move: Follow Me
|move|p2b: Gengar|Sludge Bomb|p1b: Maushold
|-damage|p1b: Maushold|40/100
|move|p1a: Metagross|Iron Defense|p1a: Metagross
|-boost|p1a: Metagross|def|2
|move|p2a: Incineroar|Flare Blitz|p1b: Maushold
|-damage|p1b: Maushold|0 fnt
|faint|p1b: Maushold
|-damage|p2a: Incineroar|88/100|[from] Recoil
|
|upkeep
|
|t:|1784084287
|switch|p1b: Sinistcha|Sinistcha, L50, shiny|100/100
|turn|3
|inactive|Funky0 has 30 seconds left.
|
|t:|1784084313
|move|p2b: Gengar|Shadow Ball|p1a: Metagross
|-supereffective|p1a: Metagross|1
|-damage|p1a: Metagross|25/100
|-unboost|p1a: Metagross|spd|1
|move|p1a: Metagross|Body Press|p2a: Incineroar
|-supereffective|p2a: Incineroar|1
|-damage|p2a: Incineroar|0 fnt
|faint|p2a: Incineroar
|move|p1b: Sinistcha|Trick Room|p1b: Sinistcha
|-fieldstart|move: Trick Room|[of] p1b: Sinistcha
|
|upkeep
|
|t:|1784084326
|switch|p2a: Archaludon|Archaludon, L50, M|100/100
|turn|4
|l|☆Funky0
|inactive|Funky0 disconnected and has a minute to reconnect!
|player|p2|
|inactive|Funky0 has 30 seconds left.
|j|☆Funky0
|inactive|Funky0 reconnected and has 30 seconds left.
|player|p2|Funky0|170|
|inactive|Funky0 has 20 seconds left.
|
|t:|1784084364
|move|p1b: Sinistcha|Rage Powder|p1b: Sinistcha
|-singleturn|p1b: Sinistcha|move: Rage Powder
|move|p1a: Metagross|Psychic Fangs|p2b: Gengar
|-supereffective|p2b: Gengar|1
|-damage|p2b: Gengar|0 fnt
|faint|p2b: Gengar
|move|p2a: Archaludon|Dragon Pulse|p1b: Sinistcha
|-damage|p1b: Sinistcha|61/100
|
|upkeep
|
|t:|1784084370
|switch|p2b: Sneasler|Sneasler, L50, F|100/100
|turn|5
|inactive|Funky0 has 30 seconds left.
|
|t:|1784084398
|switch|p1b: Incineroar|Incineroar, L50, F|100/100
|-ability|p1b: Incineroar|Intimidate|boost
|-unboost|p2a: Archaludon|atk|1
|-unboost|p2b: Sneasler|atk|1
|move|p1a: Metagross|Protect|p1a: Metagross
|-singleturn|p1a: Metagross|Protect
|move|p2a: Archaludon|Protect|p2a: Archaludon
|-singleturn|p2a: Archaludon|Protect
|move|p2b: Sneasler|Protect||[still]
|-fail|p2b: Sneasler
|
|upkeep
|turn|6
|
|t:|1784084419
|move|p1b: Incineroar|Fake Out|p2a: Archaludon
|-resisted|p2a: Archaludon|1
|-damage|p2a: Archaludon|95/100
|move|p1a: Metagross|Psychic Fangs|p2b: Sneasler
|-supereffective|p2b: Sneasler|2
|-damage|p2b: Sneasler|0 fnt
|faint|p2b: Sneasler
|cant|p2a: Archaludon|flinch
|
|-heal|p2a: Archaludon|100/100|[from] item: Leftovers
|upkeep
|turn|7
|
|t:|1784084432
|move|p1a: Metagross|Protect|p1a: Metagross
|-singleturn|p1a: Metagross|Protect
|move|p1b: Incineroar|Parting Shot|p2a: Archaludon
|-unboost|p2a: Archaludon|atk|1
|-unboost|p2a: Archaludon|spa|1
|
|t:|1784084434
|switch|p1b: Sinistcha|Sinistcha, L50, shiny|61/100|[from] Parting Shot
|-heal|p1a: Metagross|49/100|[from] ability: Hospitality|[of] p1b: Sinistcha
|move|p2a: Archaludon|Dragon Pulse|p1a: Metagross
|-activate|p1a: Metagross|move: Protect
|
|-fieldend|move: Trick Room
|upkeep
|turn|8
|
|t:|1784084438
|move|p1b: Sinistcha|Rage Powder|p1b: Sinistcha
|-singleturn|p1b: Sinistcha|move: Rage Powder
|move|p2a: Archaludon|Electro Shot||[still]
|-prepare|p2a: Archaludon|Electro Shot
|-boost|p2a: Archaludon|spa|1
|move|p1a: Metagross|Body Press|p2a: Archaludon
|-supereffective|p2a: Archaludon|1
|-crit|p2a: Archaludon
|-ability|p2a: Archaludon|Sturdy
|-damage|p2a: Archaludon|1/100
|
|-heal|p2a: Archaludon|6/100|[from] item: Leftovers
|upkeep
|turn|9
|
|t:|1784084445
|move|p1b: Sinistcha|Rage Powder|p1b: Sinistcha
|-singleturn|p1b: Sinistcha|move: Rage Powder
|move|p2a: Archaludon|Electro Shot|p1b: Sinistcha|[from] lockedmove
|-resisted|p1b: Sinistcha|1
|-damage|p1b: Sinistcha|42/100
|-enditem|p1b: Sinistcha|Sitrus Berry|[eat]
|-heal|p1b: Sinistcha|67/100|[from] item: Sitrus Berry
|move|p1a: Metagross|Body Press|p2a: Archaludon
|-supereffective|p2a: Archaludon|1
|-damage|p2a: Archaludon|0 fnt
|faint|p2a: Archaludon
|
|win|master 792
||Funky0 is ready for game 2.
||master 792 is ready for game 2.
|uhtml|next|Next: Game 2 of 3
