|j|☆spellbreakvgc
|j|☆Something147
|html|spellbreakvgcSomething147    
|uhtml|bestof|Game 1 of a best-of-3
|t:|1756931984
|gametype|doubles
|player|p1|spellbreakvgc|lance|1229
|player|p2|Something147|miku-ghost|1266
|gen|9
|tier|[Gen 9] VGC 2025 Reg H (Bo3)
|rated|
|rule|Species Clause: Limit one of each Pokémon
|rule|Item Clause: Limit 1 of each item
|clearpoke
|poke|p1|Glimmora, L50, F|
|poke|p1|Dondozo, L50, F|
|poke|p1|Tatsugiri-Droopy, L50, F|
|poke|p1|Archaludon, L50, M|
|poke|p1|Gholdengo, L50|
|poke|p1|Maushold, L50|
|poke|p2|Dragapult, L50, M|
|poke|p2|Electabuzz, L50, M|
|poke|p2|Rillaboom, L50, M|
|poke|p2|Primarina, L50, F|
|poke|p2|Volcarona, L50, M|
|poke|p2|Sneasler, L50, M|
|teampreview|4
|showteam|p1|Glimmora||CovertCloak|ToxicDebris|MortalSpin,PowerGem,EarthPower,SpikyShield|||F|||50|,,,,,Bug]Dondozo||Leftovers|Unaware|Earthquake,OrderUp,BodyPress,Protect|||F|||50|,,,,,Grass]Tatsugiri-Droopy||FocusSash|Commander|DracoMeteor,MuddyWater,HelpingHand,Protect|||F|||50|,,,,,Stellar]Archaludon||AssaultVest|Stamina|ElectroShot,FlashCannon,DragonPulse,BodyPress|||M|||50|,,,,,Bug]Gholdengo||ChoiceScarf|GoodasGold|MakeItRain,ShadowBall,DazzlingGleam,Trick||||||50|,,,,,Fairy]Maushold||SafetyGoggles|FriendGuard|BeatUp,Taunt,FollowMe,Protect||||||50|,,,,,Ghost
|showteam|p2|Dragapult||ChoiceBand|ClearBody|DragonDarts,PhantomForce,Outrage,Uturn|||M|||50|,,,,,Dragon]Electabuzz||Eviolite|VitalSpirit|Electroweb,FollowMe,Taunt,Protect|||M|||50|,,,,,Fairy]Rillaboom||AssaultVest|GrassySurge|GrassyGlide,WoodHammer,FakeOut,Uturn|||M|||50|,,,,,Fire]Primarina||ThroatSpray|LiquidVoice|Moonblast,HyperVoice,Protect,Haze|||F|||50|,,,,,Poison]Volcarona||Leftovers|FlameBody|Flamethrower,GigaDrain,QuiverDance,Protect|||M|||50|,,,,,Grass]Sneasler||FocusSash|PoisonTouch|CloseCombat,DireClaw,FakeOut,Protect|||M|||50|,,,,,Stellar
|inactive|Battle timer is ON: inactive players will automatically lose when time's up. (requested by Something147)
|inactive|spellbreakvgc has 60 seconds left.
|inactive|spellbreakvgc has 30 seconds left.
|inactive|spellbreakvgc has 20 seconds left.
|inactive|spellbreakvgc has 15 seconds left.
|inactive|spellbreakvgc has 10 seconds left.
|
|t:|1756932070
|teamsize|p1|4
|teamsize|p2|4
|start
|switch|p1a: Glimmora|Glimmora, L50, F|100/100
|switch|p1b: Maushold|Maushold, L50|100/100
|switch|p2a: Sneasler|Sneasler, L50, M|100/100
|switch|p2b: Dragapult|Dragapult, L50, M|100/100
|turn|1
|inactive|spellbreakvgc has 30 seconds left.
|inactive|spellbreakvgc has 20 seconds left.
|inactive|spellbreakvgc has 15 seconds left.
|
|t:|1756932112
|-terastallize|p2b: Dragapult|Dragon
|move|p1b: Maushold|Protect|p1b: Maushold
|-singleturn|p1b: Maushold|Protect
|move|p1a: Glimmora|Spiky Shield|p1a: Glimmora
|-singleturn|p1a: Glimmora|move: Protect
|move|p2b: Dragapult|Outrage|p1a: Glimmora
|-activate|p1a: Glimmora|move: Protect
|-damage|p2b: Dragapult|88/100|[from] Spiky Shield|[of] p1a: Glimmora
|move|p2a: Sneasler|Close Combat|p1b: Maushold
|-activate|p1b: Maushold|move: Protect
|
|upkeep
|turn|2
|
|t:|1756932131
|switch|p1b: Gholdengo|Gholdengo, L50|100/100
|switch|p1a: Archaludon|Archaludon, L50, M|100/100
|move|p2b: Dragapult|Outrage|p1b: Gholdengo
|-resisted|p1b: Gholdengo
|-damage|p1b: Gholdengo|27/100
|move|p2a: Sneasler|Close Combat|p1b: Gholdengo
|-immune|p1b: Gholdengo
|
|upkeep
|turn|3
|inactive|spellbreakvgc has 30 seconds left.
|
|t:|1756932157
|switch|p1b: Maushold|Maushold, L50|100/100
|-terastallize|p1a: Archaludon|Bug
|move|p2b: Dragapult|Outrage|p1b: Maushold|[from] lockedmove
|-damage|p1b: Maushold|0 fnt
|faint|p1b: Maushold
|move|p2a: Sneasler|Close Combat|p1a: Archaludon
|-resisted|p1a: Archaludon
|-damage|p1a: Archaludon|75/100
|-unboost|p2a: Sneasler|def|1
|-unboost|p2a: Sneasler|spd|1
|-ability|p1a: Archaludon|Stamina|boost
|-boost|p1a: Archaludon|def|1
|-status|p1a: Archaludon|psn|[from] ability: Poison Touch|[of] p2a: Sneasler
|move|p1a: Archaludon|Dragon Pulse|p2b: Dragapult
|-supereffective|p2b: Dragapult
|-damage|p2b: Dragapult|0 fnt
|faint|p2b: Dragapult
|
|-damage|p1a: Archaludon|63/100 psn|[from] psn
|upkeep
|
|t:|1756932180
|switch|p2b: Primarina|Primarina, L50, F|100/100
|switch|p1b: Glimmora|Glimmora, L50, F|100/100
|turn|4
|
|t:|1756932200
|move|p1b: Glimmora|Spiky Shield|p1b: Glimmora
|-singleturn|p1b: Glimmora|move: Protect
|move|p2a: Sneasler|Close Combat|p1b: Glimmora
|-activate|p1b: Glimmora|move: Protect
|-damage|p2a: Sneasler|88/100|[from] Spiky Shield|[of] p1b: Glimmora
|move|p1a: Archaludon|Body Press|p2b: Primarina
|-resisted|p2b: Primarina
|-damage|p2b: Primarina|82/100
|move|p2b: Primarina|Hyper Voice|p1b: Glimmora|[spread] p1a
|-activate|p1b: Glimmora|move: Protect
|-damage|p1a: Archaludon|39/100 psn
|-ability|p1a: Archaludon|Stamina|boost
|-boost|p1a: Archaludon|def|1
|-enditem|p2b: Primarina|Throat Spray
|-boost|p2b: Primarina|spa|1|[from] item: Throat Spray
|
|-damage|p1a: Archaludon|27/100 psn|[from] psn
|upkeep
|turn|5
|
|t:|1756932225
|move|p2a: Sneasler|Close Combat|p1b: Glimmora
|-damage|p1b: Glimmora|40/100
|-unboost|p2a: Sneasler|def|1
|-unboost|p2a: Sneasler|spd|1
|-activate|p1b: Glimmora|ability: Toxic Debris
|-sidestart|p2: Something147|move: Toxic Spikes
|move|p1b: Glimmora|Earth Power|p2a: Sneasler
|-supereffective|p2a: Sneasler
|-damage|p2a: Sneasler|0 fnt
|faint|p2a: Sneasler
|move|p1a: Archaludon|Flash Cannon|p2b: Primarina
|-damage|p2b: Primarina|50/100
|move|p2b: Primarina|Moonblast|p1a: Archaludon
|-damage|p1a: Archaludon|0 fnt
|faint|p1a: Archaludon
|
|upkeep
|
|t:|1756932244
|switch|p2a: Rillaboom|Rillaboom, L50, M|100/100
|switch|p1a: Gholdengo|Gholdengo, L50|27/100
|-status|p2a: Rillaboom|psn
|-fieldstart|move: Grassy Terrain|[from] ability: Grassy Surge|[of] p2a: Rillaboom
|turn|6
|
|t:|1756932261
|move|p1b: Glimmora|Spiky Shield|p1b: Glimmora
|-singleturn|p1b: Glimmora|move: Protect
|move|p1a: Gholdengo|Make It Rain|p2b: Primarina|[spread] p2a,p2b
|-damage|p2a: Rillaboom|61/100 psn
|-damage|p2b: Primarina|5/100
|-unboost|p1a: Gholdengo|spa|1
|move|p2a: Rillaboom|Wood Hammer|p1a: Gholdengo
|-resisted|p1a: Gholdengo
|-damage|p1a: Gholdengo|0 fnt
|faint|p1a: Gholdengo
|-damage|p2a: Rillaboom|54/100 psn|[from] Recoil
|move|p2b: Primarina|Hyper Voice|p1b: Glimmora
|-activate|p1b: Glimmora|move: Protect
|
|-heal|p1b: Glimmora|46/100|[from] Grassy Terrain
|-heal|p2a: Rillaboom|60/100 psn|[from] Grassy Terrain
|-heal|p2b: Primarina|11/100|[from] Grassy Terrain
|-damage|p2a: Rillaboom|47/100 psn|[from] psn
|upkeep
|turn|7
|
|t:|1756932283
|move|p1b: Glimmora|Spiky Shield||[still]
|-fail|p1b: Glimmora
|move|p2a: Rillaboom|Wood Hammer|p1b: Glimmora
|-damage|p1b: Glimmora|0 fnt
|-activate|p1b: Glimmora|ability: Toxic Debris
|-sidestart|p2: Something147|move: Toxic Spikes
|faint|p1b: Glimmora
|-damage|p2a: Rillaboom|34/100 psn|[from] Recoil
|
|win|Something147
||spellbreakvgc is ready for game 2.
||Something147 is ready for game 2.
|uhtml|next|Next: Game 2 of 3
