|j|‽Beege
|j|☆candiantheif
|html|Beegecandiantheif    
|uhtml|bestof|Game 1 of a best-of-3
|t:|1783380750
|gametype|doubles
|player|p1|Beege|265|1080
|player|p2|candiantheif|102|1073
|gen|9
|tier|[Gen 9 Champions] VGC 2026 Reg M-B (Bo3)
|rated|
|rule|Species Clause: Limit one of each Pokémon
|rule|Item Clause: Limit 1 of each item
|clearpoke
|poke|p1|Charizard, L50, M|
|poke|p1|Whimsicott, L50, M|
|poke|p1|Farigiraf, L50, M|
|poke|p1|Sneasler, L50, F|
|poke|p1|Garchomp, L50, M|
|poke|p1|Kingambit, L50, M|
|poke|p2|Tyranitar, L50, M, shiny|
|poke|p2|Excadrill, L50, M|
|poke|p2|Incineroar, L50, M|
|poke|p2|Houndstone, L50, M|
|poke|p2|Aerodactyl, L50, F|
|poke|p2|Rotom-Wash, L50, shiny|
|teampreview|4
|showteam|p1|Charizard||CharizarditeY|SolarPower|Protect,HeatWave,WeatherBall,SolarBeam|Timid||M|||50|]Whimsicott||FocusSash|Prankster|Facade,Moonblast,Tailwind,Encore|Timid||M|||50|]Farigiraf||SitrusBerry|ArmorTail|Psychic,Imprison,TrickRoom,HyperVoice|Modest||M|||50|]Sneasler||WhiteHerb|Unburden|DireClaw,FakeOut,CloseCombat,Protect|Adamant||F|||50|]Garchomp||ChoiceScarf|RoughSkin|Earthquake,DragonClaw,RockSlide,StompingTantrum|Adamant||M|||50|]Kingambit||BlackGlasses|Defiant|KowtowCleave,SuckerPunch,LowKick,Protect|Jolly||M|||50|
|showteam|p2|Tyranitar||Tyranitarite|SandStream|KnockOff,RockSlide,IcePunch,Protect|Adamant||M|||50|]Excadrill||FocusSash|SandRush|HighHorsepower,Protect,IronHead,RockSlide|Jolly||M|||50|]Incineroar||SitrusBerry|Intimidate|DarkestLariat,FakeOut,FlareBlitz,PartingShot|Jolly||M|||50|]Houndstone||LifeOrb|SandRush|LastRespects,AllySwitch,PsychicFangs,StompingTantrum|Adamant||M|||50|]Aerodactyl||QuickClaw|Unnerve|Tailwind,RockSlide,Protect,StealthRock|Adamant||F|||50|]Rotom-Wash||Magnet|Levitate|HydroPump,Thunderbolt,VoltSwitch,WillOWisp|Calm|||||50|
|inactive|Battle timer is ON: inactive players will automatically lose when time's up. (requested by Beege)
|
|t:|1783380807
|teamsize|p1|4
|teamsize|p2|4
|start
|switch|p1a: Sneasler|Sneasler, L50, F|100/100
|switch|p1b: Kingambit|Kingambit, L50, M|100/100
|switch|p2a: Tyranitar|Tyranitar, L50, M, shiny|100/100
|switch|p2b: Incineroar|Incineroar, L50, M|100/100
|-ability|p2b: Incineroar|Intimidate|boost
|-unboost|p1a: Sneasler|atk|1
|-unboost|p1b: Kingambit|atk|1
|-ability|p1b: Kingambit|Defiant|boost
|-boost|p1b: Kingambit|atk|2
|-weather|Sandstorm|[from] ability: Sand Stream|[of] p2a: Tyranitar
|-enditem|p1a: Sneasler|White Herb
|-clearnegativeboost|p1a: Sneasler|[silent]
|turn|1
|
|t:|1783380828
|switch|p2a: Rotom|Rotom-Wash, L50, shiny|100/100
|move|p1a: Sneasler|Fake Out|p2b: Incineroar
|-damage|p2b: Incineroar|86/100
|cant|p2b: Incineroar|flinch
|move|p1b: Kingambit|Low Kick|p2a: Rotom
|-damage|p2a: Rotom|88/100
|
|-weather|Sandstorm|[upkeep]
|-damage|p1a: Sneasler|93/100|[from] Sandstorm
|-damage|p2b: Incineroar|80/100|[from] Sandstorm
|-damage|p2a: Rotom|82/100|[from] Sandstorm
|upkeep
|turn|2
|
|t:|1783380847
|switch|p1b: Garchomp|Garchomp, L50, M|100/100
|move|p1a: Sneasler|Close Combat|p2b: Incineroar
|-supereffective|p2b: Incineroar|1
|-damage|p2b: Incineroar|0 fnt
|-unboost|p1a: Sneasler|def|1
|-unboost|p1a: Sneasler|spd|1
|faint|p2b: Incineroar
|move|p2a: Rotom|Will-O-Wisp|p1a: Sneasler
|-status|p1a: Sneasler|brn
|
|-weather|Sandstorm|[upkeep]
|-damage|p1a: Sneasler|87/100 brn|[from] Sandstorm
|-damage|p2a: Rotom|76/100|[from] Sandstorm
|-damage|p1a: Sneasler|81/100 brn|[from] brn
|upkeep
|
|t:|1783380861
|switch|p2b: Houndstone|Houndstone, L50, M|100/100
|turn|3
|
|t:|1783380882
|move|p1a: Sneasler|Dire Claw|p2b: Houndstone
|-resisted|p2b: Houndstone|1
|-damage|p2b: Houndstone|89/100
|-status|p2b: Houndstone|psn
|move|p1b: Garchomp|Rock Slide|p2a: Rotom|[spread] p2a,p2b
|-damage|p2a: Rotom|52/100
|-damage|p2b: Houndstone|69/100 psn
|move|p2b: Houndstone|Psychic Fangs|p1a: Sneasler
|-supereffective|p1a: Sneasler|2
|-damage|p1a: Sneasler|0 fnt
|faint|p1a: Sneasler
|-damage|p2b: Houndstone|60/100 psn|[from] item: Life Orb
|move|p2a: Rotom|Hydro Pump|p1b: Garchomp|[miss]
|-miss|p2a: Rotom|p1b: Garchomp
|
|-weather|Sandstorm|[upkeep]
|-damage|p2a: Rotom|47/100|[from] Sandstorm
|-damage|p2b: Houndstone|48/100 psn|[from] psn
|upkeep
|
|t:|1783380905
|switch|p1a: Kingambit|Kingambit, L50, M|100/100
|turn|4
|
|t:|1783380914
|move|p1b: Garchomp|Rock Slide|p2a: Rotom|[spread] p2b
|-miss|p1b: Garchomp|p2a: Rotom
|-damage|p2b: Houndstone|25/100 psn
|cant|p2b: Houndstone|flinch
|move|p1a: Kingambit|Kowtow Cleave|p2a: Rotom
|-damage|p2a: Rotom|0 fnt
|faint|p2a: Rotom
|
|-weather|Sandstorm|[upkeep]
|-damage|p2b: Houndstone|13/100 psn|[from] psn
|upkeep
|
|t:|1783380923
|switch|p2a: Tyranitar|Tyranitar, L50, M, shiny|100/100
|turn|5
|
|t:|1783380935
|move|p1b: Garchomp|Rock Slide|p2a: Tyranitar|[spread] p2a,p2b
|-damage|p2a: Tyranitar|82/100
|-damage|p2b: Houndstone|0 fnt
|faint|p2b: Houndstone
|move|p1a: Kingambit|Low Kick|p2a: Tyranitar
|-supereffective|p2a: Tyranitar|2
|-damage|p2a: Tyranitar|0 fnt
|faint|p2a: Tyranitar
|
|win|Beege
