|j|‽Carrielis
|j|☆sum1dum
|html|Carrielissum1dum    
|uhtml|bestof|Game 3 of a best-of-3
|t:|1784060318
|gametype|doubles
|player|p1|Carrielis|erika-masters3|1192
|player|p2|sum1dum|rosa|1129
|gen|9
|tier|[Gen 9 Champions] VGC 2026 Reg M-B (Bo3)
|rated|
|rule|Species Clause: Limit one of each Pokémon
|rule|Item Clause: Limit 1 of each item
|clearpoke
|poke|p1|Kangaskhan, L50, F|
|poke|p1|Incineroar, L50, F|
|poke|p1|Farigiraf, L50, F|
|poke|p1|Floette-Eternal, L50, F|
|poke|p1|Garchomp, L50, M|
|poke|p1|Torkoal, L50, F|
|poke|p2|Gliscor, L50, F|
|poke|p2|Primarina, L50, M|
|poke|p2|Metagross, L50|
|poke|p2|Ninetales-Alola, L50, M|
|poke|p2|Incineroar, L50, M|
|poke|p2|Sinistcha, L50|
|teampreview|4
|showteam|p1|Kangaskhan||SilkScarf|Scrappy|FakeOut,LastResort|Adamant||F|||50|]Incineroar||SitrusBerry|Intimidate|FakeOut,FlareBlitz,Taunt,PartingShot|Careful||F|||50|]Farigiraf||MentalHerb|ArmorTail|TrickRoom,Thunderbolt,Psychic,Protect|Quiet||F|||50|]Floette-Eternal||Floettite|FlowerVeil|Moonblast,DazzlingGleam,CalmMind,Protect|Modest||F|||50|]Garchomp||LifeOrb|RoughSkin|RockSlide,StompingTantrum,DragonClaw,Protect|Jolly||M|||50|]Torkoal||Charcoal|Drought|Eruption,EarthPower,WeatherBall,Protect|Modest||F|||50|
|showteam|p2|Gliscor||LifeOrb|HyperCutter|DualWingbeat,HighHorsepower,Protect,RockSlide|Jolly||F|||50|]Primarina||Leftovers|LiquidVoice|CalmMind,HyperVoice,Moonblast,Protect|Modest||M|||50|]Metagross||Metagrossite|ClearBody|BulletPunch,IronHead,Protect,PsychicFangs|Jolly|||||50|]Ninetales-Alola||LightClay|SnowWarning|AuroraVeil,FreezeDry,Moonblast,Protect|Timid||M|||50|]Incineroar||ChopleBerry|Intimidate|FakeOut,FlareBlitz,DarkestLariat,PartingShot|Impish||M|||50|]Sinistcha||SitrusBerry|Hospitality|MatchaGotcha,Protect,LifeDew,RagePowder|Bold|||||50|
|inactive|Battle timer is ON: inactive players will automatically lose when time's up. (requested by sum1dum)
|inactive|Carrielis has 60 seconds left.
|
|t:|1784060348
|teamsize|p1|4
|teamsize|p2|4
|start
|switch|p1a: Farigiraf|Farigiraf, L50, F|100/100
|switch|p1b: Kangaskhan|Kangaskhan, L50, F|100/100
|switch|p2a: Perserverance|Metagross, L50|100/100
|switch|p2b: Bravery|Gliscor, L50, F|100/100
|turn|1
|
|t:|1784060355
|detailschange|p2a: Perserverance|Metagross-Mega, L50
|-mega|p2a: Perserverance|Metagross|Metagrossite
|move|p1b: Kangaskhan|Fake Out|p2a: Perserverance
|-resisted|p2a: Perserverance|1
|-damage|p2a: Perserverance|91/100
|cant|p2a: Perserverance|flinch
|move|p2b: Bravery|Rock Slide|p1b: Kangaskhan|[spread] p1a,p1b
|-damage|p1a: Farigiraf|80/100
|-damage|p1b: Kangaskhan|76/100
|-damage|p2b: Bravery|90/100|[from] item: Life Orb
|move|p1a: Farigiraf|Trick Room|p1a: Farigiraf
|-fieldstart|move: Trick Room|[of] p1a: Farigiraf
|
|upkeep
|turn|2
|
|t:|1784060365
|move|p2b: Bravery|Protect|p2b: Bravery
|-singleturn|p2b: Bravery|Protect
|move|p1a: Farigiraf|Thunderbolt|p2a: Perserverance
|-damage|p2a: Perserverance|63/100
|move|p1b: Kangaskhan|Last Resort|p2a: Perserverance
|-resisted|p2a: Perserverance|1
|-damage|p2a: Perserverance|34/100
|move|p2a: Perserverance|Psychic Fangs|p1b: Kangaskhan
|-damage|p1b: Kangaskhan|2/100
|
|upkeep
|turn|3
|
|t:|1784060387
|move|p2a: Perserverance|Protect|p2a: Perserverance
|-singleturn|p2a: Perserverance|Protect
|move|p1a: Farigiraf|Thunderbolt|p2a: Perserverance
|-activate|p2a: Perserverance|move: Protect
|move|p1b: Kangaskhan|Last Resort|p2b: Bravery
|-damage|p2b: Bravery|13/100
|move|p2b: Bravery|Rock Slide|p1b: Kangaskhan|[spread] p1a,p1b
|-damage|p1a: Farigiraf|62/100
|-damage|p1b: Kangaskhan|0 fnt
|faint|p1b: Kangaskhan
|-damage|p2b: Bravery|3/100|[from] item: Life Orb
|
|upkeep
|
|t:|1784060401
|switch|p1b: Garchomp|Garchomp, L50, M|100/100
|turn|4
|
|t:|1784060414
|switch|p2a: Integrity|Ninetales-Alola, L50, M|100/100
|-weather|Snowscape|[from] ability: Snow Warning|[of] p2a: Integrity
|move|p1a: Farigiraf|Psychic|p2b: Bravery
|-damage|p2b: Bravery|0 fnt
|faint|p2b: Bravery
|move|p1b: Garchomp|Stomping Tantrum|p2a: Integrity
|-damage|p2a: Integrity|42/100
|-damage|p1b: Garchomp|90/100|[from] item: Life Orb
|
|-weather|Snowscape|[upkeep]
|upkeep
|
|t:|1784060420
|switch|p2b: Patience|Primarina, L50, M|100/100
|turn|5
|
|t:|1784060428
|move|p2a: Integrity|Protect|p2a: Integrity
|-singleturn|p2a: Integrity|Protect
|move|p1a: Farigiraf|Thunderbolt|p2b: Patience
|-supereffective|p2b: Patience|1
|-damage|p2b: Patience|57/100
|move|p2b: Patience|Calm Mind|p2b: Patience
|-boost|p2b: Patience|spa|1
|-boost|p2b: Patience|spd|1
|move|p1b: Garchomp|Rock Slide|p2a: Integrity|[spread] p2b
|-activate|p2a: Integrity|move: Protect
|-damage|p2b: Patience|31/100
|-damage|p1b: Garchomp|80/100|[from] item: Life Orb
|
|-weather|Snowscape|[upkeep]
|-heal|p2b: Patience|37/100|[from] item: Leftovers
|-fieldend|move: Trick Room
|upkeep
|turn|6
|
|t:|1784060440
|move|p1b: Garchomp|Protect|p1b: Garchomp
|-singleturn|p1b: Garchomp|Protect
|move|p2b: Patience|Protect|p2b: Patience
|-singleturn|p2b: Patience|Protect
|move|p2a: Integrity|Aurora Veil|p2a: Integrity
|-sidestart|p2: sum1dum|move: Aurora Veil
|move|p1a: Farigiraf|Trick Room|p1a: Farigiraf
|-fieldstart|move: Trick Room|[of] p1a: Farigiraf
|
|-weather|Snowscape|[upkeep]
|-heal|p2b: Patience|43/100|[from] item: Leftovers
|upkeep
|turn|7
|
|t:|1784060455
|switch|p1b: Torkoal|Torkoal, L50, F|100/100
|-weather|SunnyDay|[from] ability: Drought|[of] p1b: Torkoal
|move|p1a: Farigiraf|Thunderbolt|p2b: Patience
|-supereffective|p2b: Patience|1
|-damage|p2b: Patience|23/100
|move|p2b: Patience|Calm Mind|p2b: Patience
|-boost|p2b: Patience|spa|1
|-boost|p2b: Patience|spd|1
|move|p2a: Integrity|Freeze-Dry|p1b: Torkoal
|-resisted|p1b: Torkoal|1
|-damage|p1b: Torkoal|81/100
|
|-weather|SunnyDay|[upkeep]
|-heal|p2b: Patience|29/100|[from] item: Leftovers
|upkeep
|turn|8
|
|t:|1784060470
|move|p2b: Patience|Protect|p2b: Patience
|-singleturn|p2b: Patience|Protect
|move|p2a: Integrity|Protect|p2a: Integrity
|-singleturn|p2a: Integrity|Protect
|move|p1b: Torkoal|Eruption|p2a: Integrity|[spread] 
|-activate|p2a: Integrity|move: Protect
|-activate|p2b: Patience|move: Protect
|move|p1a: Farigiraf|Thunderbolt|p2b: Patience
|-activate|p2b: Patience|move: Protect
|
|-weather|SunnyDay|[upkeep]
|-heal|p2b: Patience|35/100|[from] item: Leftovers
|upkeep
|turn|9
|
|t:|1784060482
|switch|p2a: Perserverance|Metagross-Mega, L50|34/100
|move|p1b: Torkoal|Eruption|p2b: Patience|[spread] p2a,p2b
|-supereffective|p2a: Perserverance|1
|-resisted|p2b: Patience|1
|-damage|p2a: Perserverance|0 fnt
|-damage|p2b: Patience|25/100
|faint|p2a: Perserverance
|move|p1a: Farigiraf|Thunderbolt|p2b: Patience
|-supereffective|p2b: Patience|1
|-damage|p2b: Patience|9/100
|move|p2b: Patience|Hyper Voice|p1a: Farigiraf|[spread] p1a,p1b
|-supereffective|p1b: Torkoal|1
|-damage|p1a: Farigiraf|29/100
|-damage|p1b: Torkoal|0 fnt
|faint|p1b: Torkoal
|
|-weather|SunnyDay|[upkeep]
|-heal|p2b: Patience|14/100|[from] item: Leftovers
|upkeep
|
|t:|1784060488
|switch|p1b: Garchomp|Garchomp, L50, M|80/100
|switch|p2a: Integrity|Ninetales-Alola, L50, M|42/100
|-weather|Snowscape|[from] ability: Snow Warning|[of] p2a: Integrity
|turn|10
|
|t:|1784060499
|move|p2b: Patience|Protect|p2b: Patience
|-singleturn|p2b: Patience|Protect
|move|p2a: Integrity|Protect|p2a: Integrity
|-singleturn|p2a: Integrity|Protect
|move|p1a: Farigiraf|Thunderbolt|p2b: Patience
|-activate|p2b: Patience|move: Protect
|move|p1b: Garchomp|Rock Slide|p2b: Patience|[spread] 
|-activate|p2a: Integrity|move: Protect
|-activate|p2b: Patience|move: Protect
|
|-weather|Snowscape|[upkeep]
|-heal|p2b: Patience|20/100y|[from] item: Leftovers
|-fieldend|move: Trick Room
|upkeep
|turn|11
|
|t:|1784060507
|move|p1b: Garchomp|Protect|p1b: Garchomp
|-singleturn|p1b: Garchomp|Protect
|move|p2a: Integrity|Freeze-Dry|p1b: Garchomp
|-activate|p1b: Garchomp|move: Protect
|move|p2b: Patience|Hyper Voice|p1a: Farigiraf|[spread] p1a
|-activate|p1b: Garchomp|move: Protect
|-damage|p1a: Farigiraf|0 fnt
|faint|p1a: Farigiraf
|
|-weather|Snowscape|[upkeep]
|-heal|p2b: Patience|26/100|[from] item: Leftovers
|upkeep
|turn|12
|c|☆sum1dum|ggs
|
|t:|1784060517
|move|p2a: Integrity|Freeze-Dry|p1b: Garchomp
|-supereffective|p1b: Garchomp|2
|-damage|p1b: Garchomp|0 fnt
|faint|p1b: Garchomp
|
|win|sum1dum
|raw|Carrielis's rating: 1192 → 1163(-29 for losing)
|raw|sum1dum's rating: 1129 → 1158(+29 for winning)
