|j|☆caZISA
|j|☆Ogercooked
|html|caZISAOgercooked    
|uhtml|bestof|Game 2 of a best-of-3
|t:|1755969178
|gametype|doubles
|player|p1|caZISA|red|1443
|player|p2|Ogercooked|riley|1440
|gen|9
|tier|[Gen 9] VGC 2025 Reg H (Bo3)
|rated|
|rule|Species Clause: Limit one of each Pokémon
|rule|Item Clause: Limit 1 of each item
|clearpoke
|poke|p1|Amoonguss, L50, M|
|poke|p1|Incineroar, L50, M|
|poke|p1|Pelipper, L50, M|
|poke|p1|Basculegion, L50, M|
|poke|p1|Archaludon, L50, F|
|poke|p1|Maushold-Four, L50|
|poke|p2|Weavile, L50, F|
|poke|p2|Annihilape, L50, M|
|poke|p2|Pelipper, L50, M|
|poke|p2|Archaludon, L50, F|
|poke|p2|Basculegion, L50, M|
|poke|p2|Rillaboom, L50, M|
|teampreview|4
|showteam|p1|Amoonguss||RockyHelmet|Regenerator|Spore,RagePowder,PollenPuff,Protect|||M|||50|,,,,,Water]Incineroar||SafetyGoggles|Intimidate|FakeOut,WillOWisp,KnockOff,PartingShot|||M|||50|,,,,,Ghost]Pelipper||FocusSash|Drizzle|Hurricane,WeatherBall,WideGuard,Tailwind|||M|||50|,,,,,Ghost]Basculegion||MysticWater|SwiftSwim|WaveCrash,LastRespects,AquaJet,Protect|||M|||50|,,,,,Grass]Archaludon||AssaultVest|Stamina|FlashCannon,DracoMeteor,ElectroShot,BodyPress|||F|||50|,,,,,Bug]Maushold-Four||WideLens|Technician|PopulationBomb,Taunt,FollowMe,Protect||||||50|,,,,,Ghost
|showteam|p2|Weavile||FocusSash|Pickpocket|TripleAxel,KnockOff,BeatUp,FakeOut|||F|||50|,,,,,Ghost]Annihilape||SafetyGoggles|Defiant|DrainPunch,RageFist,BulkUp,Protect|||M|||50|,,,,,Fire]Pelipper||CovertCloak|Drizzle|Hurricane,WeatherBall,WideGuard,Protect|||M|||50|,,,,,Grass]Archaludon||AssaultVest|Stamina|DragonPulse,ElectroShot,Snarl,BodyPress|||F|||50|,,,,,Fighting]Basculegion||ChoiceBand|SwiftSwim|WaveCrash,LastRespects,AquaJet,FlipTurn|||M|||50|,,,,,Water]Rillaboom||MiracleSeed|GrassySurge|WoodHammer,Uturn,GrassyGlide,FakeOut|||M|||50|,,,,,Grass
|inactive|Battle timer is ON: inactive players will automatically lose when time's up. (requested by Ogercooked)
|
|t:|1755969194
|teamsize|p1|4
|teamsize|p2|4
|start
|switch|p1a: Golden Gate|Archaludon, L50, F|100/100
|switch|p1b: Maushold|Maushold-Four, L50|100/100
|switch|p2a: Archaludon|Archaludon, L50, F|100/100
|switch|p2b: Weavile|Weavile, L50, F|100/100
|turn|1
|
|t:|1755969207
|-terastallize|p2a: Archaludon|Fighting
|move|p2b: Weavile|Knock Off|p1b: Maushold
|-damage|p1b: Maushold|40/100
|-enditem|p1b: Maushold|Wide Lens|[from] move: Knock Off|[of] p2b: Weavile
|move|p1b: Maushold|Population Bomb|p1a: Golden Gate
|-resisted|p1a: Golden Gate
|-damage|p1a: Golden Gate|97/100
|-ability|p1a: Golden Gate|Stamina|boost
|-boost|p1a: Golden Gate|def|1
|-resisted|p1a: Golden Gate
|-damage|p1a: Golden Gate|96/100
|-ability|p1a: Golden Gate|Stamina|boost
|-boost|p1a: Golden Gate|def|1
|-resisted|p1a: Golden Gate
|-damage|p1a: Golden Gate|94/100
|-ability|p1a: Golden Gate|Stamina|boost
|-boost|p1a: Golden Gate|def|1
|-resisted|p1a: Golden Gate
|-damage|p1a: Golden Gate|93/100
|-ability|p1a: Golden Gate|Stamina|boost
|-boost|p1a: Golden Gate|def|1
|-resisted|p1a: Golden Gate
|-damage|p1a: Golden Gate|92/100
|-ability|p1a: Golden Gate|Stamina|boost
|-boost|p1a: Golden Gate|def|1
|-resisted|p1a: Golden Gate
|-damage|p1a: Golden Gate|91/100
|-ability|p1a: Golden Gate|Stamina|boost
|-boost|p1a: Golden Gate|def|1
|-resisted|p1a: Golden Gate
|-damage|p1a: Golden Gate|91/100
|-resisted|p1a: Golden Gate
|-damage|p1a: Golden Gate|90/100
|-resisted|p1a: Golden Gate
|-damage|p1a: Golden Gate|90/100
|-resisted|p1a: Golden Gate
|-damage|p1a: Golden Gate|89/100
|-hitcount|p1a: Golden Gate|10
|move|p2a: Archaludon|Body Press|p1a: Golden Gate
|-supereffective|p1a: Golden Gate
|-damage|p1a: Golden Gate|76/100
|move|p1a: Golden Gate|Body Press|p2a: Archaludon
|-damage|p2a: Archaludon|35/100
|-ability|p2a: Archaludon|Stamina|boost
|-boost|p2a: Archaludon|def|1
|
|upkeep
|turn|2
|c|☆Ogercooked|yay
|inactive|Ogercooked has 30 seconds left.
|inactive|Ogercooked has 20 seconds left.
|
|t:|1755969246
|move|p1b: Maushold|Follow Me|p1b: Maushold
|-singleturn|p1b: Maushold|move: Follow Me
|move|p2b: Weavile|Knock Off|p1b: Maushold
|-damage|p1b: Maushold|0 fnt
|faint|p1b: Maushold
|move|p2a: Archaludon|Dragon Pulse|p1a: Golden Gate
|-crit|p1a: Golden Gate
|-damage|p1a: Golden Gate|38/100
|move|p1a: Golden Gate|Body Press|p2a: Archaludon
|-damage|p2a: Archaludon|0 fnt
|faint|p2a: Archaludon
|
|upkeep
|
|t:|1755969256
|switch|p1b: Sporini|Amoonguss, L50, M|100/100
|switch|p2a: Annihilape|Annihilape, L50, M|100/100
|turn|3
|inactive|Ogercooked has 30 seconds left.
|
|t:|1755969282
|-terastallize|p1b: Sporini|Water
|move|p2b: Weavile|Beat Up|p2a: Annihilape
|-damage|p2a: Annihilape|92/100
|-damage|p2a: Annihilape|83/100
|-damage|p2a: Annihilape|75/100
|-hitcount|p2a: Annihilape|3
|move|p2a: Annihilape|Bulk Up|p2a: Annihilape
|-boost|p2a: Annihilape|atk|1
|-boost|p2a: Annihilape|def|1
|move|p1a: Golden Gate|Body Press|p2b: Weavile
|-supereffective|p2b: Weavile
|-enditem|p2b: Weavile|Focus Sash
|-damage|p2b: Weavile|1/100
|-enditem|p1a: Golden Gate|Assault Vest|[silent]|[from] ability: Pickpocket|[of] p1a: Golden Gate
|-item|p2b: Weavile|Assault Vest|[from] ability: Pickpocket|[of] p1a: Golden Gate
|move|p1b: Sporini|Pollen Puff|p1a: Golden Gate
|-heal|p1a: Golden Gate|88/100
|
|upkeep
|turn|4
|
|t:|1755969306
|switch|p2b: Basculegion|Basculegion, L50, M|100/100
|move|p1b: Sporini|Rage Powder|p1b: Sporini
|-singleturn|p1b: Sporini|move: Rage Powder
|move|p2a: Annihilape|Rage Fist|p1b: Sporini
|-crit|p1b: Sporini
|-damage|p1b: Sporini|0 fnt
|-damage|p2a: Annihilape|59/100|[from] item: Rocky Helmet|[of] p1b: Sporini
|faint|p1b: Sporini
|move|p1a: Golden Gate|Flash Cannon|p2b: Basculegion
|-resisted|p2b: Basculegion
|-damage|p2b: Basculegion|83/100
|
|upkeep
|
|t:|1755969309
|switch|p1b: Nigel|Pelipper, L50, M|100/100
|-weather|RainDance|[from] ability: Drizzle|[of] p1b: Nigel
|turn|5
|
|t:|1755969330
|move|p2b: Basculegion|Flip Turn|p1b: Nigel
|-resisted|p1b: Nigel
|-damage|p1b: Nigel|53/100
|
|t:|1755969333
|switch|p2b: Weavile|Weavile, L50, F|1/100|[from] Flip Turn
|move|p2a: Annihilape|Rage Fist|p1b: Nigel
|-damage|p1b: Nigel|0 fnt
|faint|p1b: Nigel
|move|p1a: Golden Gate|Electro Shot||[still]
|-prepare|p1a: Golden Gate|Electro Shot
|-boost|p1a: Golden Gate|spa|1
|-anim|p1a: Golden Gate|Electro Shot|p2a: Annihilape
|-damage|p2a: Annihilape|5/100
|
|-weather|RainDance|[upkeep]
|upkeep
|turn|6
|
|t:|1755969350
|move|p2a: Annihilape|Protect|p2a: Annihilape
|-singleturn|p2a: Annihilape|Protect
|move|p2b: Weavile|Triple Axel|p1a: Golden Gate|[miss]
|-miss|p2b: Weavile|p1a: Golden Gate
|move|p1a: Golden Gate|Flash Cannon|p2a: Annihilape
|-activate|p2a: Annihilape|move: Protect
|
|-weather|RainDance|[upkeep]
|upkeep
|turn|7
|
|t:|1755969365
|move|p2b: Weavile|Triple Axel|p1a: Golden Gate
|-damage|p1a: Golden Gate|86/100
|-damage|p1a: Golden Gate|82/100
|-damage|p1a: Golden Gate|77/100
|-hitcount|p1a: Golden Gate|3
|move|p2a: Annihilape|Rage Fist|p1a: Golden Gate
|-damage|p1a: Golden Gate|53/100
|move|p1a: Golden Gate|Electro Shot||[still]
|-prepare|p1a: Golden Gate|Electro Shot
|-boost|p1a: Golden Gate|spa|1
|-anim|p1a: Golden Gate|Electro Shot|p2a: Annihilape
|-damage|p2a: Annihilape|0 fnt
|faint|p2a: Annihilape
|
|-weather|RainDance|[upkeep]
|upkeep
|
|t:|1755969375
|switch|p2a: Basculegion|Basculegion, L50, M|83/100
|turn|8
|
|t:|1755969378
|move|p2a: Basculegion|Last Respects|p1a: Golden Gate
|-damage|p1a: Golden Gate|36/100
|move|p2b: Weavile|Triple Axel|p1a: Golden Gate|[miss]
|-miss|p2b: Weavile|p1a: Golden Gate
|move|p1a: Golden Gate|Electro Shot||[still]
|-prepare|p1a: Golden Gate|Electro Shot
|-boost|p1a: Golden Gate|spa|1
|-anim|p1a: Golden Gate|Electro Shot|p2a: Basculegion
|-supereffective|p2a: Basculegion
|-damage|p2a: Basculegion|0 fnt
|faint|p2a: Basculegion
|
|-weather|RainDance|[upkeep]
|upkeep
|turn|9
|c|☆caZISA|gg
|c|☆Ogercooked|This game fucking sucks
|
|t:|1755969395
|move|p2b: Weavile|Knock Off|p1a: Golden Gate
|-damage|p1a: Golden Gate|30/100
|move|p1a: Golden Gate|Body Press|p2b: Weavile
|-supereffective|p2b: Weavile
|-damage|p2b: Weavile|0 fnt
|faint|p2b: Weavile
|
|win|caZISA
|raw|caZISA's rating: 1443 → 1463(+20 for winning)
|raw|Ogercooked's rating: 1440 → 1420(-20 for losing)
