|j|☆Araciel
|j|☆mystabloom
|html|Aracielmystabloom    
|uhtml|bestof|Game 1 of a best-of-3
|t:|1784000786
|gametype|doubles
|player|p1|Araciel|shadowtriad|1045
|player|p2|mystabloom|265|1110
|gen|9
|tier|[Gen 9 Champions] VGC 2026 Reg M-B (Bo3)
|rated|
|rule|Species Clause: Limit one of each Pokémon
|rule|Item Clause: Limit 1 of each item
|clearpoke
|poke|p1|Avalugg-Hisui, L50, F|
|poke|p1|Tyranitar, L50, F|
|poke|p1|Froslass, L50, F|
|poke|p1|Sinistcha-Masterpiece, L50|
|poke|p1|Incineroar, L50, M|
|poke|p1|Aurorus, L50, M|
|poke|p2|Charizard, L50, M|
|poke|p2|Venusaur, L50, M|
|poke|p2|Garchomp, L50, M|
|poke|p2|Incineroar, L50, F|
|poke|p2|Toxapex, L50, F|
|poke|p2|Annihilape, L50, F|
|teampreview|4
|showteam|p1|Avalugg-Hisui||HardStone|Sturdy|MountainGale,RockSlide,Protect,MirrorCoat|Careful||F|||50|]Tyranitar||Tyranitarite|SandStream|RockSlide,KnockOff,DragonDance,Protect|Jolly||F|||50|]Froslass||Froslassite|SnowCloak|Blizzard,ShadowBall,AuroraVeil,Protect|Timid||F|||50|]Sinistcha-Masterpiece||Leftovers|Hospitality|MatchaGotcha,Protect,RagePowder,TrickRoom|Calm|||||50|]Incineroar||SitrusBerry|Intimidate|DarkestLariat,FlareBlitz,FakeOut,Protect|Adamant||M|||50|]Aurorus||FocusSash|Refrigerate|Blizzard,AncientPower,MirrorCoat,AuroraVeil|Bold||M|||50|
|showteam|p2|Charizard||CharizarditeY|Blaze|HeatWave,SolarBeam,WeatherBall,Protect|Modest||M|||50|]Venusaur||LifeOrb|Chlorophyll|SludgeBomb,SleepPowder,EarthPower,Protect|Modest||M|||50|]Garchomp||ChoiceScarf|RoughSkin|Earthquake,DragonClaw,StompingTantrum,RockSlide|Adamant||M|||50|]Incineroar||SitrusBerry|Intimidate|FlareBlitz,ThroatChop,PartingShot,FakeOut|Impish||F|||50|]Toxapex||Leftovers|Regenerator|Infestation,Toxic,WideGuard,BanefulBunker|Bold||F|||50|]Annihilape||FocusSash|Defiant|RageFist,CloseCombat,PhantomForce,Protect|Jolly||F|||50|
|inactive|Battle timer is ON: inactive players will automatically lose when time's up. (requested by Araciel)
|
|t:|1784000862
|teamsize|p1|4
|teamsize|p2|4
|start
|switch|p1a: Tyranitar|Tyranitar, L50, F|100/100
|switch|p1b: Avalugg|Avalugg-Hisui, L50, F|100/100
|switch|p2a: Annihilape|Annihilape, L50, F|100/100
|switch|p2b: Toxapex|Toxapex, L50, F|100/100
|-weather|Sandstorm|[from] ability: Sand Stream|[of] p1a: Tyranitar
|turn|1
|inactive|Araciel has 30 seconds left.
|inactive|mystabloom has 30 seconds left.
|inactive|Araciel has 20 seconds left.
|
|t:|1784000899
|move|p1a: Tyranitar|Protect|p1a: Tyranitar
|-singleturn|p1a: Tyranitar|Protect
|move|p2a: Annihilape|Close Combat|p1a: Tyranitar
|-activate|p1a: Tyranitar|move: Protect
|move|p1b: Avalugg|Mountain Gale|p2a: Annihilape
|-damage|p2a: Annihilape|43/100
|move|p2b: Toxapex|Toxic|p1b: Avalugg
|-status|p1b: Avalugg|tox
|
|-weather|Sandstorm|[upkeep]
|-damage|p2a: Annihilape|37/100|[from] Sandstorm
|-damage|p2b: Toxapex|94/100|[from] Sandstorm
|-heal|p2b: Toxapex|100/100|[from] item: Leftovers
|-damage|p1b: Avalugg|94/100 tox|[from] psn
|upkeep
|turn|2
|
|t:|1784000923
|switch|p1a: Froslass|Froslass, L50, F|100/100
|move|p2a: Annihilape|Close Combat|p1b: Avalugg
|-supereffective|p1b: Avalugg|2
|-damage|p1b: Avalugg|0 fnt
|-unboost|p2a: Annihilape|def|1
|-unboost|p2a: Annihilape|spd|1
|faint|p1b: Avalugg
|move|p2b: Toxapex|Toxic|p1a: Froslass
|-status|p1a: Froslass|tox
|
|-weather|Sandstorm|[upkeep]
|-damage|p1a: Froslass|93/100 tox|[from] Sandstorm
|-damage|p2a: Annihilape|31/100|[from] Sandstorm
|-damage|p2b: Toxapex|94/100|[from] Sandstorm
|-heal|p2b: Toxapex|100/100|[from] item: Leftovers
|-damage|p1a: Froslass|87/100 tox|[from] psn
|upkeep
|
|t:|1784000940
|switch|p1b: Aurorus|Aurorus, L50, M|100/100
|turn|3
|
|t:|1784000958
|detailschange|p1a: Froslass|Froslass-Mega, L50, F
|-mega|p1a: Froslass|Froslass|Froslassite
|-weather|Snowscape|[from] ability: Snow Warning|[of] p1a: Froslass
|move|p1a: Froslass|Blizzard|p2a: Annihilape|[spread] p2a,p2b
|-resisted|p2b: Toxapex|1
|-damage|p2a: Annihilape|0 fnt
|-damage|p2b: Toxapex|84/100
|faint|p2a: Annihilape
|move|p1b: Aurorus|Blizzard|p2b: Toxapex
|-resisted|p2b: Toxapex|1
|-damage|p2b: Toxapex|66/100
|-status|p2b: Toxapex|frz
|cant|p2b: Toxapex|frz
|
|-weather|Snowscape|[upkeep]
|-heal|p2b: Toxapex|72/100 frz|[from] item: Leftovers
|-damage|p1a: Froslass|75/100 tox|[from] psn
|upkeep
|inactive|mystabloom has 30 seconds left.
|inactive|mystabloom has 20 seconds left.
|
|t:|1784000994
|switch|p2a: Garchomp|Garchomp, L50, M|100/100
|turn|4
|
|t:|1784001011
|cant|p2b: Toxapex|frz
|move|p2a: Garchomp|Rock Slide|p1b: Aurorus|[spread] p1a
|-miss|p2a: Garchomp|p1b: Aurorus
|-supereffective|p1a: Froslass|1
|-damage|p1a: Froslass|30/100 tox
|move|p1a: Froslass|Blizzard|p2b: Toxapex|[spread] p2a,p2b
|-supereffective|p2a: Garchomp|2
|-resisted|p2b: Toxapex|1
|-damage|p2a: Garchomp|0 fnt
|-damage|p2b: Toxapex|54/100 frz
|faint|p2a: Garchomp
|move|p1b: Aurorus|Ancient Power|p2b: Toxapex
|-damage|p2b: Toxapex|36/100 frz
|
|-weather|Snowscape|[upkeep]
|-heal|p2b: Toxapex|42/100 frz|[from] item: Leftovers
|-damage|p1a: Froslass|12/100 tox|[from] psn
|upkeep
|c|☆mystabloom|the fucking freeze man
|c|☆mystabloom|actual luck based gaming moment
|
|t:|1784001028
|switch|p2a: Charizard|Charizard, L50, M|100/100
|turn|5
|
|t:|1784001046
|move|p1a: Froslass|Protect|p1a: Froslass
|-singleturn|p1a: Froslass|Protect
|move|p2a: Charizard|Protect|p2a: Charizard
|-singleturn|p2a: Charizard|Protect
|-curestatus|p2b: Toxapex|frz|[msg]
|move|p2b: Toxapex|Baneful Bunker|p2b: Toxapex
|-singleturn|p2b: Toxapex|move: Protect
|move|p1b: Aurorus|Ancient Power|p2a: Charizard
|-activate|p2a: Charizard|move: Protect
|
|-weather|Snowscape|[upkeep]
|-heal|p2b: Toxapex|47/100|[from] item: Leftovers
|-damage|p1a: Froslass|0 fnt|[from] psn
|faint|p1a: Froslass
|upkeep
|c|☆mystabloom|protecting... a pokemon.. that will die to toxic
|c|☆mystabloom|interesting
|
|t:|1784001060
|switch|p1a: Tyranitar|Tyranitar, L50, F|100/100
|-weather|Sandstorm|[from] ability: Sand Stream|[of] p1a: Tyranitar
|turn|6
|
|t:|1784001083
|detailschange|p2a: Charizard|Charizard-Mega-Y, L50, M
|-mega|p2a: Charizard|Charizard|Charizardite Y
|-weather|SunnyDay|[from] ability: Drought|[of] p2a: Charizard
|move|p1a: Tyranitar|Protect|p1a: Tyranitar
|-singleturn|p1a: Tyranitar|Protect
|move|p2b: Toxapex|Wide Guard|p2b: Toxapex
|-singleturn|p2b: Toxapex|Wide Guard
|move|p2a: Charizard|Solar Beam||[still]
|-prepare|p2a: Charizard|Solar Beam
|-anim|p2a: Charizard|Solar Beam|p1b: Aurorus
|-supereffective|p1b: Aurorus|1
|-damage|p1b: Aurorus|20/100y
|move|p1b: Aurorus|Ancient Power|p2a: Charizard
|-supereffective|p2a: Charizard|2
|-damage|p2a: Charizard|14/100
|
|-weather|SunnyDay|[upkeep]
|-heal|p2b: Toxapex|53/100|[from] item: Leftovers
|upkeep
|turn|7
|
|t:|1784001107
|move|p2a: Charizard|Heat Wave|p1a: Tyranitar|[spread] p1a,p1b
|-resisted|p1a: Tyranitar|1
|-damage|p1a: Tyranitar|69/100
|-damage|p1b: Aurorus|0 fnt
|faint|p1b: Aurorus
|move|p1a: Tyranitar|Dragon Dance|p1a: Tyranitar
|-boost|p1a: Tyranitar|atk|1
|-boost|p1a: Tyranitar|spe|1
|move|p2b: Toxapex|Toxic|p1a: Tyranitar
|-status|p1a: Tyranitar|tox
|
|-weather|SunnyDay|[upkeep]
|-heal|p2b: Toxapex|59/100|[from] item: Leftovers
|-damage|p1a: Tyranitar|64/100 tox|[from] psn
|upkeep
|turn|8
|inactive|mystabloom has 30 seconds left.
|
|t:|1784001133
|move|p1a: Tyranitar|Knock Off|p2a: Charizard
|-damage|p2a: Charizard|0 fnt
|faint|p2a: Charizard
|move|p2b: Toxapex|Infestation|p1a: Tyranitar
|-supereffective|p1a: Tyranitar|1
|-damage|p1a: Tyranitar|58/100 tox
|-activate|p1a: Tyranitar|move: Infestation|[of] p2b: Toxapex
|
|-weather|SunnyDay|[upkeep]
|-heal|p2b: Toxapex|64/100|[from] item: Leftovers
|-damage|p1a: Tyranitar|47/100 tox|[from] psn
|-damage|p1a: Tyranitar|34/100 tox|[from] move: Infestation|[partiallytrapped]
|upkeep
|turn|9
|
|t:|1784001156
|move|p1a: Tyranitar|Knock Off|p2b: Toxapex
|-crit|p2b: Toxapex
|-damage|p2b: Toxapex|0 fnt
|-enditem|p2b: Toxapex|Leftovers|[from] move: Knock Off|[of] p1a: Tyranitar
|faint|p2b: Toxapex
|
|win|Araciel
|c|☆mystabloom|are we
|c|☆mystabloom|what the fuck
