|j|☆Hackervgc
|j|☆DominicVGC07
|html|HackervgcDominicVGC07    
|uhtml|bestof|Game 2 of a best-of-3
|t:|1756995163
|gametype|doubles
|player|p1|Hackervgc|gentleman-gen4|
|player|p2|DominicVGC07|ghetsis|
|gen|9
|tier|[Gen 9] VGC 2025 Reg H (Bo3)
|rule|Species Clause: Limit one of each Pokémon
|rule|Item Clause: Limit 1 of each item
|clearpoke
|poke|p1|Kingambit, L50, F|
|poke|p1|Magmar, L50, M|
|poke|p1|Dragonite, L50, M|
|poke|p1|Sneasler, L50, M|
|poke|p1|Ursaluna-Bloodmoon, L50, M|
|poke|p1|Farigiraf, L50, F|
|poke|p2|Kingambit, L50, M|
|poke|p2|Sneasler, L50, F|
|poke|p2|Rillaboom, L50, M|
|poke|p2|Dragonite, L50, M|
|poke|p2|Volcarona, L50, F|
|poke|p2|Electabuzz, L50, F|
|teampreview|4
|showteam|p1|Kingambit||AssaultVest|Defiant|KowtowCleave,SuckerPunch,LowKick,TeraBlast|||F|||50|,,,,,Flying]Magmar||Eviolite|VitalSpirit|FollowMe,Protect,Flamethrower,WillOWisp|||M|||50|,,,,,Dragon]Dragonite||LoadedDice|Multiscale|ScaleShot,Protect,Tailwind,Haze|||M|||50|,,,,,Fairy]Sneasler||FocusSash|Unburden|ThroatChop,DireClaw,CloseCombat,Protect|||M|||50|,,,,,Stellar]Ursaluna-Bloodmoon||LifeOrb|MindsEye|BloodMoon,Protect,EarthPower,HyperVoice|||M|||50|,,,,,Normal]Farigiraf||SitrusBerry|ArmorTail|TrickRoom,HelpingHand,Psychic,Protect|||F|||50|,,,,,Water
|showteam|p2|Kingambit||BlackGlasses|Defiant|KowtowCleave,SuckerPunch,SwordsDance,Protect|||M|||50|,,,,,Dark]Sneasler||FocusSash|Unburden|FakeOut,CloseCombat,DireClaw,Coaching|||F|||50|,,,,,Stellar]Rillaboom||AssaultVest|GrassySurge|FakeOut,WoodHammer,GrassyGlide,HighHorsepower|||M|||50|,,,,,Fire]Dragonite||LoadedDice|Multiscale|ScaleShot,ExtremeSpeed,Haze,Protect|||M|||50|,,,,,Steel]Volcarona||Leftovers|FlameBody|HeatWave,TeraBlast,QuiverDance,Protect|||F|||50|,,,,,Fairy]Electabuzz||Eviolite|VitalSpirit|Electroweb,FollowMe,Taunt,Protect|||F|||50|,,,,,Dragon
|
|t:|1756995246
|teamsize|p1|4
|teamsize|p2|4
|start
|switch|p1a: Dragonita|Dragonite, L50, M|100/100
|switch|p1b: Sneasler|Sneasler, L50, M|100/100
|switch|p2a: Skydragon|Dragonite, L50, M|100/100
|switch|p2b: 1000volt|Electabuzz, L50, F|100/100
|turn|1
|
|t:|1756995308
|switch|p2b: Nightmare|Sneasler, L50, F|100/100
|move|p2a: Skydragon|Protect|p2a: Skydragon
|-singleturn|p2a: Skydragon|Protect
|move|p1b: Sneasler|Close Combat|p2a: Skydragon
|-activate|p2a: Skydragon|move: Protect
|move|p1a: Dragonita|Scale Shot|p2a: Skydragon
|-activate|p2a: Skydragon|move: Protect
|
|upkeep
|turn|2
|
|t:|1756995350
|move|p1b: Sneasler|Protect|p1b: Sneasler
|-singleturn|p1b: Sneasler|Protect
|move|p1a: Dragonita|Protect|p1a: Dragonita
|-singleturn|p1a: Dragonita|Protect
|move|p2b: Nightmare|Fake Out|p1a: Dragonita
|-activate|p1a: Dragonita|move: Protect
|move|p2a: Skydragon|Scale Shot|p1b: Sneasler
|-activate|p1b: Sneasler|move: Protect
|
|upkeep
|turn|3
|
|t:|1756995372
|move|p2a: Skydragon|Extreme Speed|p1a: Dragonita
|-damage|p1a: Dragonita|82/100
|move|p2b: Nightmare|Dire Claw|p1a: Dragonita
|-damage|p1a: Dragonita|40/100
|move|p1b: Sneasler|Dire Claw|p2a: Skydragon
|-damage|p2a: Skydragon|78/100
|move|p1a: Dragonita|Scale Shot|p2b: Nightmare
|-damage|p2b: Nightmare|79/100
|-damage|p2b: Nightmare|56/100
|-damage|p2b: Nightmare|32/100
|-damage|p2b: Nightmare|9/100
|-hitcount|p2b: Nightmare|4
|-unboost|p1a: Dragonita|def|1
|-boost|p1a: Dragonita|spe|1
|
|upkeep
|turn|4
|
|t:|1756995444
|switch|p2b: 1000volt|Electabuzz, L50, F|100/100
|move|p2a: Skydragon|Extreme Speed|p1a: Dragonita
|-damage|p1a: Dragonita|0 fnt
|faint|p1a: Dragonita
|move|p1b: Sneasler|Dire Claw|p2b: 1000volt
|-damage|p2b: 1000volt|69/100
|
|upkeep
|
|t:|1756995453
|switch|p1a: Ursaluna|Ursaluna-Bloodmoon, L50, M|100/100
|turn|5
|
|t:|1756995465
|switch|p1b: Kingambit|Kingambit, L50, F|100/100
|-terastallize|p1a: Ursaluna|Normal
|move|p2b: 1000volt|Protect|p2b: 1000volt
|-singleturn|p2b: 1000volt|Protect
|move|p2a: Skydragon|Protect|p2a: Skydragon
|-singleturn|p2a: Skydragon|Protect
|move|p1a: Ursaluna|Hyper Voice|p2a: Skydragon|[spread] 
|-activate|p2a: Skydragon|move: Protect
|-activate|p2b: 1000volt|move: Protect
|
|upkeep
|turn|6
|
|t:|1756995499
|switch|p1b: Sneasler|Sneasler, L50, M|100/100
|move|p2b: 1000volt|Taunt|p1a: Ursaluna
|-start|p1a: Ursaluna|move: Taunt
|move|p2a: Skydragon|Scale Shot|p1a: Ursaluna
|-damage|p1a: Ursaluna|91/100
|-damage|p1a: Ursaluna|81/100
|-damage|p1a: Ursaluna|70/100
|-damage|p1a: Ursaluna|60/100
|-damage|p1a: Ursaluna|49/100
|-hitcount|p1a: Ursaluna|5
|-unboost|p2a: Skydragon|def|1
|-boost|p2a: Skydragon|spe|1
|move|p1a: Ursaluna|Hyper Voice|p2a: Skydragon|[spread] p2a,p2b
|-damage|p2a: Skydragon|10/100
|-damage|p2b: 1000volt|19/100
|-damage|p1a: Ursaluna|39/100|[from] item: Life Orb
|
|upkeep
|turn|7
|
|t:|1756995599
|move|p2a: Skydragon|Scale Shot|p1a: Ursaluna
|-damage|p1a: Ursaluna|29/100
|-damage|p1a: Ursaluna|20/100
|-damage|p1a: Ursaluna|9/100
|-damage|p1a: Ursaluna|0 fnt
|faint|p1a: Ursaluna
|-hitcount|p1: Ursaluna|4
|-unboost|p2a: Skydragon|def|1
|-boost|p2a: Skydragon|spe|1
|move|p1b: Sneasler|Dire Claw|p2b: 1000volt
|-damage|p2b: 1000volt|0 fnt
|faint|p2b: 1000volt
|
|upkeep
|
|t:|1756995621
|switch|p2b: Kong|Rillaboom, L50, M|100/100
|switch|p1a: Kingambit|Kingambit, L50, F|100/100
|-fieldstart|move: Grassy Terrain|[from] ability: Grassy Surge|[of] p2b: Kong
|turn|8
|
|t:|1756995650
|switch|p2b: Nightmare|Sneasler, L50, F|9/100
|move|p2a: Skydragon|Protect|p2a: Skydragon
|-singleturn|p2a: Skydragon|Protect
|move|p1b: Sneasler|Dire Claw|p2b: Nightmare
|-resisted|p2b: Nightmare
|-damage|p2b: Nightmare|0 fnt
|faint|p2b: Nightmare
|move|p1a: Kingambit|Kowtow Cleave|p2a: Skydragon
|-activate|p2a: Skydragon|move: Protect
|
|upkeep
|
|t:|1756995663
|switch|p2b: Kong|Rillaboom, L50, M|100/100
|turn|9
|
|t:|1756995711
|-terastallize|p2b: Kong|Fire
|move|p1b: Sneasler|Protect|p1b: Sneasler
|-singleturn|p1b: Sneasler|Protect
|move|p2b: Kong|Fake Out|p1a: Kingambit
|-resisted|p1a: Kingambit
|-crit|p1a: Kingambit
|-damage|p1a: Kingambit|92/100
|move|p2a: Skydragon|Scale Shot|p1a: Kingambit
|-resisted|p1a: Kingambit
|-damage|p1a: Kingambit|86/100
|-resisted|p1a: Kingambit
|-damage|p1a: Kingambit|81/100
|-resisted|p1a: Kingambit
|-damage|p1a: Kingambit|76/100
|-resisted|p1a: Kingambit
|-damage|p1a: Kingambit|70/100
|-resisted|p1a: Kingambit
|-damage|p1a: Kingambit|64/100
|-hitcount|p1a: Kingambit|5
|-unboost|p2a: Skydragon|def|1
|-boost|p2a: Skydragon|spe|1
|cant|p1a: Kingambit|flinch
|
|-heal|p1a: Kingambit|70/100|[from] Grassy Terrain
|upkeep
|turn|10
|
|t:|1756995782
|move|p2a: Skydragon|Extreme Speed|p1a: Kingambit
|-resisted|p1a: Kingambit
|-damage|p1a: Kingambit|60/100
|move|p1a: Kingambit|Sucker Punch||[still]
|-fail|p1a: Kingambit
|move|p1b: Sneasler|Dire Claw|p2a: Skydragon
|-damage|p2a: Skydragon|0 fnt
|faint|p2a: Skydragon
|move|p2b: Kong|High Horsepower|p1a: Kingambit
|-supereffective|p1a: Kingambit
|-damage|p1a: Kingambit|10/100
|
|-heal|p1a: Kingambit|16/100|[from] Grassy Terrain
|upkeep
|turn|11
|
|t:|1756995801
|move|p2b: Kong|Grassy Glide|p1a: Kingambit
|-resisted|p1a: Kingambit
|-damage|p1a: Kingambit|2/100
|move|p1a: Kingambit|Sucker Punch||[still]
|-fail|p1a: Kingambit
|move|p1b: Sneasler|Dire Claw|p2b: Kong
|-damage|p2b: Kong|60/100
|-status|p2b: Kong|par
|
|-heal|p1a: Kingambit|8/100|[from] Grassy Terrain
|-heal|p2b: Kong|66/100 par|[from] Grassy Terrain
|upkeep
|turn|12
|
|t:|1756995815
|move|p1a: Kingambit|Sucker Punch|p2b: Kong
|-damage|p2b: Kong|30/100 par
|move|p2b: Kong|Grassy Glide|p1a: Kingambit
|-resisted|p1a: Kingambit
|-damage|p1a: Kingambit|0 fnt
|faint|p1a: Kingambit
|move|p1b: Sneasler|Dire Claw|p2b: Kong
|-damage|p2b: Kong|0 fnt
|faint|p2b: Kong
|
|win|Hackervgc
|c|☆Hackervgc|ggs
|c|☆DominicVGC07|gg
