|j|☆jompinhans
|j|☆Jiaco5
|html|jompinhansJiaco5    
|uhtml|bestof|Game 3 of a best-of-3
|t:|1784255074
|gametype|doubles
|player|p1|jompinhans|169|
|player|p2|Jiaco5|1|
|gen|9
|tier|[Gen 9 Champions] VGC 2026 Reg M-B (Bo3)
|rule|Species Clause: Limit one of each Pokémon
|rule|Item Clause: Limit 1 of each item
|clearpoke
|poke|p1|Grimmsnarl, L50, M|
|poke|p1|Basculegion, L50, M|
|poke|p1|Charizard, L50, F|
|poke|p1|Pelipper, L50, M|
|poke|p1|Venusaur, L50, M|
|poke|p1|Archaludon, L50, M|
|poke|p2|Blastoise, L50, M|
|poke|p2|Sinistcha, L50|
|poke|p2|Delphox, L50, M|
|poke|p2|Sneasler, L50, M|
|poke|p2|Incineroar, L50, F|
|poke|p2|Kingambit, L50, F|
|teampreview|4
|showteam|p1|Grimmsnarl||LightClay|Prankster|SpiritBreak,PartingShot,Reflect,LightScreen|Sassy||M|||50|]Basculegion||ChoiceScarf|Adaptability|LastRespects,WaveCrash,AquaJet,FlipTurn|Jolly||M|||50|]Charizard||CharizarditeY|Blaze|Protect,HeatWave,WeatherBall,SolarBeam|Modest||F|||50|]Pelipper||SitrusBerry|Drizzle|Hurricane,WeatherBall,Tailwind,WideGuard|Modest||M|||50|]Venusaur||FocusSash|Chlorophyll|SludgeBomb,SleepPowder,EarthPower,Protect|Modest||M|||50|]Archaludon||Leftovers|Stamina|ElectroShot,DragonPulse,FlashCannon,Protect|Calm||M|||50|
|showteam|p2|Blastoise||Blastoisinite|RainDish|WaterSpout,DarkPulse,ShellSmash,Protect|Modest||M|||50|]Sinistcha||OccaBerry|Hospitality|MatchaGotcha,TrickRoom,RagePowder,Protect|Relaxed|||||50|]Delphox||Delphoxite|Blaze|HeatWave,Psychic,NastyPlot,Protect|Timid||M|||50|]Sneasler||FocusSash|PoisonTouch|CloseCombat,PoisonJab,FakeOut,QuickGuard|Jolly||M|||50|]Incineroar||SitrusBerry|Intimidate|FlareBlitz,FakeOut,ThroatChop,PartingShot|Impish||F|||50|]Kingambit||LifeOrb|Defiant|KowtowCleave,SuckerPunch,SwordsDance,Protect|Adamant||F|||50|
|
|t:|1784255099
|teamsize|p1|4
|teamsize|p2|4
|start
|switch|p1a: Charizard|Charizard, L50, F|100/100
|switch|p1b: Venusaur|Venusaur, L50, M|100/100
|switch|p2a: Sinistcha|Sinistcha, L50|100/100
|switch|p2b: Sneasler|Sneasler, L50, M|100/100
|turn|1
|
|t:|1784255132
|switch|p2b: Incineroar|Incineroar, L50, F|100/100
|-ability|p2b: Incineroar|Intimidate|boost
|-unboost|p1a: Charizard|atk|1
|-unboost|p1b: Venusaur|atk|1
|switch|p1a: Pelipper|Pelipper, L50, M|100/100
|-weather|RainDance|[from] ability: Drizzle|[of] p1a: Pelipper
|move|p1b: Venusaur|Protect|p1b: Venusaur
|-singleturn|p1b: Venusaur|Protect
|move|p2a: Sinistcha|Trick Room|p2a: Sinistcha
|-fieldstart|move: Trick Room|[of] p2a: Sinistcha
|
|-weather|RainDance|[upkeep]
|upkeep
|turn|2
|
|t:|1784255177
|move|p2b: Incineroar|Fake Out|p1a: Pelipper
|-crit|p1a: Pelipper
|-damage|p1a: Pelipper|82/100
|move|p2a: Sinistcha|Matcha Gotcha|p1a: Pelipper|[spread] p1a,p1b
|-resisted|p1b: Venusaur|2
|-damage|p1a: Pelipper|44/100
|-damage|p1b: Venusaur|93/100
|-enditem|p1a: Pelipper|Sitrus Berry|[eat]
|-heal|p1a: Pelipper|69/100|[from] item: Sitrus Berry
|cant|p1a: Pelipper|flinch
|move|p1b: Venusaur|Earth Power|p2b: Incineroar
|-supereffective|p2b: Incineroar|1
|-damage|p2b: Incineroar|49/100
|-enditem|p2b: Incineroar|Sitrus Berry|[eat]
|-heal|p2b: Incineroar|74/100|[from] item: Sitrus Berry
|
|-weather|RainDance|[upkeep]
|upkeep
|turn|3
|
|t:|1784255197
|switch|p2a: Kingambit|Kingambit, L50, F|100/100
|move|p1b: Venusaur|Protect|p1b: Venusaur
|-singleturn|p1b: Venusaur|Protect
|move|p2b: Incineroar|Parting Shot|p1b: Venusaur
|-activate|p1b: Venusaur|move: Protect
|move|p1a: Pelipper|Weather Ball|p2b: Incineroar
|-supereffective|p2b: Incineroar|1
|-crit|p2b: Incineroar
|-damage|p2b: Incineroar|0 fnt
|faint|p2b: Incineroar
|
|-weather|RainDance|[upkeep]
|upkeep
|
|t:|1784255214
|switch|p2b: Sneasler|Sneasler, L50, M|100/100
|turn|4
|
|t:|1784255262
|move|p2b: Sneasler|Fake Out|p1b: Venusaur
|-crit|p1b: Venusaur
|-damage|p1b: Venusaur|67/100
|move|p2a: Kingambit|Swords Dance|p2a: Kingambit
|-boost|p2a: Kingambit|atk|2
|move|p1a: Pelipper|Weather Ball|p2a: Kingambit
|-damage|p2a: Kingambit|37/100
|cant|p1b: Venusaur|flinch
|
|-weather|RainDance|[upkeep]
|upkeep
|turn|5
|
|t:|1784255282
|switch|p1a: Charizard|Charizard, L50, F|100/100
|switch|p2b: Sinistcha|Sinistcha, L50|100/100
|-heal|p2a: Kingambit|62/100|[from] ability: Hospitality|[of] p2b: Sinistcha
|move|p1b: Venusaur|Protect|p1b: Venusaur
|-singleturn|p1b: Venusaur|Protect
|move|p2a: Kingambit|Kowtow Cleave|p1a: Charizard
|-damage|p1a: Charizard|0 fnt
|faint|p1a: Charizard
|-damage|p2a: Kingambit|52/100|[from] item: Life Orb
|
|-weather|none
|-fieldend|move: Trick Room
|upkeep
|
|t:|1784255292
|switch|p1a: Pelipper|Pelipper, L50, M|69/100
|-weather|RainDance|[from] ability: Drizzle|[of] p1a: Pelipper
|turn|6
|
|t:|1784255332
|move|p2a: Kingambit|Protect|p2a: Kingambit
|-singleturn|p2a: Kingambit|Protect
|move|p1b: Venusaur|Earth Power|p2a: Kingambit
|-activate|p2a: Kingambit|move: Protect
|move|p1a: Pelipper|Hurricane|p2b: Sinistcha
|-supereffective|p2b: Sinistcha|1
|-crit|p2b: Sinistcha
|-damage|p2b: Sinistcha|0 fnt
|faint|p2b: Sinistcha
|
|-weather|RainDance|[upkeep]
|upkeep
|
|t:|1784255343
|switch|p2b: Sneasler|Sneasler, L50, M|100/100
|turn|7
|
|t:|1784255391
|move|p2b: Sneasler|Fake Out|p1b: Venusaur
|-damage|p1b: Venusaur|47/100
|cant|p1b: Venusaur|flinch
|move|p1a: Pelipper|Weather Ball|p2a: Kingambit
|-damage|p2a: Kingambit|0 fnt
|faint|p2a: Kingambit
|
|-weather|RainDance|[upkeep]
|upkeep
|turn|8
|
|t:|1784255404
|move|p2b: Sneasler|Poison Jab|p1a: Pelipper
|-damage|p1a: Pelipper|27/100
|move|p1b: Venusaur|Earth Power|p2b: Sneasler
|-supereffective|p2b: Sneasler|1
|-damage|p2b: Sneasler|13/100
|move|p1a: Pelipper|Hurricane|p2b: Sneasler
|-supereffective|p2b: Sneasler|1
|-damage|p2b: Sneasler|0 fnt
|faint|p2b: Sneasler
|
|win|jompinhans
