|j|☆lald3n
|j|☆FreezyPop439
|html|lald3nFreezyPop439    
|uhtml|bestof|Game 1 of a best-of-3
|t:|1782226938
|gametype|doubles
|player|p1|lald3n|iris-gen5bw2|1077
|player|p2|FreezyPop439|collector|1147
|gen|9
|tier|[Gen 9 Champions] VGC 2026 Reg M-B (Bo3)
|rated|
|rule|Species Clause: Limit one of each Pokémon
|rule|Item Clause: Limit 1 of each item
|clearpoke
|poke|p1|Floette-Eternal, L50, F|
|poke|p1|Archaludon, L50, F|
|poke|p1|Scrafty, L50, F|
|poke|p1|Sinistcha-Masterpiece, L50|
|poke|p1|Torkoal, L50, M|
|poke|p1|Banette, L50, F|
|poke|p2|Garchomp, L50, F|
|poke|p2|Staraptor, L50, M|
|poke|p2|Grimmsnarl, L50, M|
|poke|p2|Gholdengo, L50|
|poke|p2|Maushold-Four, L50|
|poke|p2|Volcarona, L50, M|
|teampreview|4
|showteam|p1|Floette-Eternal||Floettite|FlowerVeil|CalmMind,DazzlingGleam,SkillSwap,StoredPower|Calm||F|||50|]Archaludon||ScopeLens|Stamina|Endure,DracoMeteor,FlashCannon,HeavySlam|Relaxed||F|||50|]Scrafty||Scraftinite|Intimidate|FakeOut,BeatUp,DrainPunch,DragonDance|Adamant||F|||50|]Sinistcha-Masterpiece||Leftovers|Hospitality|RagePowder,LifeDew,MatchaGotcha,ShadowBall|Bold|||||50|]Torkoal||Charcoal|Drought|Eruption,HeatWave,SolarBeam,Substitute|Quiet||M|||50|]Banette||Banettite|Insomnia|SkillSwap,TrickRoom,Poltergeist,Encore|Sassy||F|||50|
|showteam|p2|Garchomp||LifeOrb|RoughSkin|Earthquake,DragonClaw,RockSlide,Protect|Jolly||F|||50|]Staraptor||Staraptite|Intimidate|BraveBird,CloseCombat,Roost,Protect|Jolly||M|||50|]Grimmsnarl||LightClay|Prankster|SpiritBreak,LightScreen,Reflect,PartingShot|Careful||M|||50|]Gholdengo||MetalCoat|GoodasGold|MakeItRain,ShadowBall,NastyPlot,Protect|Modest|||||50|]Maushold-Four||FocusSash|FriendGuard|FollowMe,Charm,SuperFang,Protect|Jolly|||||50|]Volcarona||ChartiBerry|FlameBody|HeatWave,StruggleBug,RagePowder,Tailwind|Timid||M|||50|
|inactive|Battle timer is ON: inactive players will automatically lose when time's up. (requested by lald3n)
|c|☆lald3n|glhf
|c|☆FreezyPop439|u2
|inactive|FreezyPop439 has 60 seconds left.
|c|☆lald3n|I havent played much doubles so this is going to be a poor showing from me haha
|
|t:|1782227019
|teamsize|p1|4
|teamsize|p2|4
|start
|switch|p1a: Floette|Floette-Eternal, L50, F|100/100
|switch|p1b: Scrafty|Scrafty, L50, F|100/100
|switch|p2a: Staraptor|Staraptor, L50, M|100/100
|switch|p2b: Volcarona|Volcarona, L50, M|100/100
|-ability|p2a: Staraptor|Intimidate|boost
|-unboost|p1a: Floette|atk|1
|-unboost|p1b: Scrafty|atk|1
|-ability|p1b: Scrafty|Intimidate|boost
|-unboost|p2a: Staraptor|atk|1
|-unboost|p2b: Volcarona|atk|1
|turn|1
|
|t:|1782227039
|detailschange|p2a: Staraptor|Staraptor-Mega, L50, M
|-mega|p2a: Staraptor|Staraptor|Staraptite
|move|p2a: Staraptor|Protect|p2a: Staraptor
|-singleturn|p2a: Staraptor|Protect
|move|p1b: Scrafty|Fake Out|p2b: Volcarona
|-damage|p2b: Volcarona|90/100
|cant|p2b: Volcarona|flinch
|move|p1a: Floette|Skill Swap|p2a: Staraptor
|-activate|p2a: Staraptor|move: Protect
|
|upkeep
|turn|2
|inactive|FreezyPop439 has 30 seconds left.
|
|t:|1782227067
|switch|p1b: Sinistcha|Sinistcha-Masterpiece, L50|100/100
|move|p2b: Volcarona|Rage Powder|p2b: Volcarona
|-singleturn|p2b: Volcarona|move: Rage Powder
|move|p2a: Staraptor|Close Combat|p1b: Sinistcha
|-immune|p1b: Sinistcha
|move|p1a: Floette|Skill Swap|p2b: Volcarona
|-activate|p1a: Floette|Skill Swap|Flame Body|Flower Veil|[of] p2b: Volcarona
|
|upkeep
|turn|3
|
|t:|1782227087
|switch|p2a: Gholdengo|Gholdengo, L50|100/100
|move|p1b: Sinistcha|Rage Powder|p1b: Sinistcha
|-singleturn|p1b: Sinistcha|move: Rage Powder
|move|p2b: Volcarona|Heat Wave|p1a: Floette|[spread] p1a,p1b
|-supereffective|p1b: Sinistcha|1
|-damage|p1a: Floette|77/100
|-damage|p1b: Sinistcha|28/100
|move|p1a: Floette|Skill Swap|p2a: Gholdengo
|-immune|p2a: Gholdengo|[from] ability: Good as Gold
|
|-heal|p1b: Sinistcha|34/100|[from] item: Leftovers
|upkeep
|turn|4
|
|t:|1782227105
|switch|p1a: Scrafty|Scrafty, L50, F|100/100
|-ability|p1a: Scrafty|Intimidate|boost
|-unboost|p2a: Gholdengo|atk|1
|-unboost|p2b: Volcarona|atk|1
|move|p2b: Volcarona|Heat Wave|p1b: Sinistcha|[spread] p1a,p1b
|-supereffective|p1b: Sinistcha|1
|-damage|p1a: Scrafty|63/100
|-damage|p1b: Sinistcha|0 fnt
|faint|p1b: Sinistcha
|move|p2a: Gholdengo|Make It Rain|p1a: Scrafty
|-damage|p1a: Scrafty|0 fnt
|-unboost|p2a: Gholdengo|spa|2
|faint|p1a: Scrafty
|
|upkeep
|
|t:|1782227113
|switch|p1a: Floette|Floette-Eternal, L50, F|77/100
|switch|p1b: Banette|Banette, L50, F|100/100
|turn|5
|
|t:|1782227127
|switch|p2a: Maushold|Maushold-Four, L50|100/100
|detailschange|p1a: Floette|Floette-Mega, L50, F
|-mega|p1a: Floette|Floette|Floettite
|-ability|p1a: Floette|Fairy Aura
|move|p2b: Volcarona|Heat Wave|p1a: Floette|[spread] p1a,p1b
|-damage|p1a: Floette|58/100
|-damage|p1b: Banette|67/100
|move|p1a: Floette|Calm Mind|p1a: Floette
|-boost|p1a: Floette|spa|1
|-boost|p1a: Floette|spd|1
|move|p1b: Banette|Poltergeist|p2b: Volcarona
|-activate|p2b: Volcarona|move: Poltergeist|Charti Berry
|-damage|p2b: Volcarona|51/100
|
|upkeep
|turn|6
|
|t:|1782227150
|move|p2a: Maushold|Super Fang|p1a: Floette
|-damage|p1a: Floette|29/100
|move|p2b: Volcarona|Struggle Bug|p1b: Banette|[spread] p1a,p1b
|-resisted|p1a: Floette|1
|-resisted|p1b: Banette|1
|-damage|p1a: Floette|25/100
|-damage|p1b: Banette|59/100
|-unboost|p1a: Floette|spa|1
|-unboost|p1b: Banette|spa|1
|move|p1a: Floette|Dazzling Gleam|p2b: Volcarona|[spread] p2a,p2b
|-resisted|p2b: Volcarona|1
|-damage|p2a: Maushold|53/100
|-damage|p2b: Volcarona|37/100
|move|p1b: Banette|Encore|p2a: Maushold
|-start|p2a: Maushold|Encore
|
|upkeep
|turn|7
|
|t:|1782227164
|move|p2a: Maushold|Super Fang|p1a: Floette
|-damage|p1a: Floette|13/100
|move|p2b: Volcarona|Heat Wave|p1a: Floette|[spread] p1a,p1b
|-crit|p1b: Banette
|-damage|p1a: Floette|1/100
|-damage|p1b: Banette|11/100
|-status|p1b: Banette|brn
|move|p1a: Floette|Dazzling Gleam|p2a: Maushold|[spread] p2a,p2b
|-resisted|p2b: Volcarona|1
|-damage|p2a: Maushold|6/100
|-damage|p2b: Volcarona|22/100
|move|p1b: Banette|Poltergeist|p2b: Volcarona
|-activate|p2b: Volcarona|move: Poltergeist|Charti Berry
|-damage|p2b: Volcarona|3/100
|
|-damage|p1b: Banette|5/100 brn|[from] brn
|upkeep
|turn|8
|-message|lald3n forfeited.
|
|win|FreezyPop439
|l|☆lald3n
|player|p1|
||lald3n is ready for game 2.
