|j|â˜†Radlars
|j|â˜†daviisiiitoo
|html|Radlarsdaviisiiitoo    
|uhtml|bestof|Game 2 of a best-of-3
|t:|1782402612
|gametype|doubles
|player|p1|Radlars|265|1170
|player|p2|daviisiiitoo|1|1120
|gen|9
|tier|[Gen 9 Champions] VGC 2026 Reg M-B (Bo3)
|rated|
|rule|Species Clause: Limit one of each PokÃ©mon
|rule|Item Clause: Limit 1 of each item
|clearpoke
|poke|p1|Metagross, L50|
|poke|p1|Hydreigon, L50, M|
|poke|p1|Pelipper, L50, M|
|poke|p1|Swampert, L50, F|
|poke|p1|Grimmsnarl, L50, M|
|poke|p1|Milotic, L50, F|
|poke|p2|Metagross, L50|
|poke|p2|Ninetales-Alola, L50, M|
|poke|p2|Sneasler, L50, F|
|poke|p2|Garchomp, L50, M|
|poke|p2|Kingambit, L50, F|
|poke|p2|Aerodactyl, L50, M|
|teampreview|4
|showteam|p1|Metagross||Metagrossite|ClearBody|PsychicFangs,RockSlide,IronHead,Protect|Adamant|||||50|]Hydreigon||LifeOrb|Levitate|HeatWave,DarkPulse,DracoMeteor,Protect|Modest||M|||50|]Pelipper||SitrusBerry|Drizzle|Hurricane,WeatherBall,Protect,WideGuard|Modest||M|||50|]Swampert||Swampertite|Damp|WaveCrash,Protect,Earthquake,IcePunch|Adamant||F|||50|]Grimmsnarl||LightClay|Prankster|SpiritBreak,LightScreen,Reflect,PartingShot|Brave||M|||50|]Milotic||Leftovers|Competitive|Scald,IcyWind,Protect,LifeDew|Modest||F|||50|
|showteam|p2|Metagross||Metagrossite|ClearBody|IronHead,PsychicFangs,StompingTantrum,Protect|Jolly|||||50|]Ninetales-Alola||FocusSash|SnowWarning|Blizzard,FreezeDry,Encore,Protect|Timid||M|||50|]Sneasler||WhiteHerb|Unburden|FakeOut,DireClaw,CloseCombat,Coaching|Adamant||F|||50|]Garchomp||LifeOrb|RoughSkin|DragonClaw,StompingTantrum,RockSlide,Protect|Jolly||M|||50|]Kingambit||OccaBerry|Defiant|KowtowCleave,LowKick,SuckerPunch,IronHead|Adamant||F|||50|]Aerodactyl||Aerodactylite|Pressure|RockSlide,DualWingbeat,Tailwind,IceFang|Jolly||M|||50|
|
|t:|1782402682
|teamsize|p1|4
|teamsize|p2|4
|start
|switch|p1a: Milotic|Milotic, L50, F|100/100
|switch|p1b: Pelipper|Pelipper, L50, M|100/100
|switch|p2a: Aerodactyl|Aerodactyl, L50, M|100/100
|switch|p2b: Sneasler|Sneasler, L50, F|100/100
|-ability|p2a: Aerodactyl|Pressure
|-weather|RainDance|[from] ability: Drizzle|[of] p1b: Pelipper
|turn|1
|l|â˜†daviisiiitoo
|player|p2|
|j|â˜†daviisiiitoo
|player|p2|daviisiiitoo|1|
|
|t:|1782402715
|switch|p2a: Ninetales|Ninetales-Alola, L50, M|100/100
|-weather|Snowscape|[from] ability: Snow Warning|[of] p2a: Ninetales
|move|p2b: Sneasler|Fake Out|p1b: Pelipper
|-damage|p1b: Pelipper|83/100
|cant|p1b: Pelipper|flinch
|move|p1a: Milotic|Scald|p2a: Ninetales
|-damage|p2a: Ninetales|60/100
|
|-weather|Snowscape|[upkeep]
|upkeep
|turn|2
|
|t:|1782402739
|switch|p1b: Metagross|Metagross, L50|100/100
|move|p2a: Ninetales|Freeze-Dry|p1b: Metagross
|-resisted|p1b: Metagross|1
|-damage|p1b: Metagross|87/100
|move|p2b: Sneasler|Dire Claw|p1a: Milotic
|-damage|p1a: Milotic|62/100
|move|p1a: Milotic|Life Dew|p1a: Milotic|[spread] p1a,p1b
|-heal|p1a: Milotic|87/100
|-heal|p1b: Metagross|100/100
|
|-weather|Snowscape|[upkeep]
|-heal|p1a: Milotic|93/100|[from] item: Leftovers
|upkeep
|turn|3
|
|t:|1782402790
|switch|p2b: Kingambit|Kingambit, L50, F|100/100
|detailschange|p1b: Metagross|Metagross-Mega, L50
|-mega|p1b: Metagross|Metagross|Metagrossite
|move|p2a: Ninetales|Freeze-Dry|p1a: Milotic
|-supereffective|p1a: Milotic|1
|-damage|p1a: Milotic|54/100
|move|p1b: Metagross|Psychic Fangs|p2b: Kingambit
|-immune|p2b: Kingambit
|move|p1a: Milotic|Scald|p2a: Ninetales
|-damage|p2a: Ninetales|19/100
|
|-weather|Snowscape|[upkeep]
|-heal|p1a: Milotic|60/100|[from] item: Leftovers
|upkeep
|turn|4
|
|t:|1782402824
|switch|p1b: Pelipper|Pelipper, L50, M|83/100
|-weather|RainDance|[from] ability: Drizzle|[of] p1b: Pelipper
|move|p2a: Ninetales|Freeze-Dry|p1a: Milotic
|-supereffective|p1a: Milotic|1
|-damage|p1a: Milotic|22/100
|move|p1a: Milotic|Scald|p2b: Kingambit
|-damage|p2b: Kingambit|45/100
|move|p2b: Kingambit|Kowtow Cleave|p1a: Milotic
|-damage|p1a: Milotic|0 fnt
|faint|p1a: Milotic
|
|-weather|RainDance|[upkeep]
|upkeep
|
|t:|1782402844
|switch|p1a: Metagross|Metagross-Mega, L50|100/100
|turn|5
|
|t:|1782402871
|switch|p1a: Hydreigon|Hydreigon, L50, M|100/100
|move|p2b: Kingambit|Sucker Punch||[still]
|-fail|p2b: Kingambit
|move|p2a: Ninetales|Freeze-Dry|p1b: Pelipper
|-supereffective|p1b: Pelipper|2
|-damage|p1b: Pelipper|0 fnt
|faint|p1b: Pelipper
|
|-weather|RainDance|[upkeep]
|upkeep
|
|t:|1782402880
|switch|p1b: Metagross|Metagross-Mega, L50|100/100
|turn|6
|
|t:|1782402902
|move|p1b: Metagross|Protect|p1b: Metagross
|-singleturn|p1b: Metagross|Protect
|move|p2a: Ninetales|Freeze-Dry|p1a: Hydreigon
|-supereffective|p1a: Hydreigon|1
|-damage|p1a: Hydreigon|47/100
|move|p1a: Hydreigon|Heat Wave|p2b: Kingambit|[spread] p2b
|-miss|p1a: Hydreigon|p2a: Ninetales
|-supereffective|p2b: Kingambit|1
|-enditem|p2b: Kingambit|Occa Berry|[eat]
|-enditem|p2b: Kingambit|Occa Berry|[weaken]
|-damage|p2b: Kingambit|29/100
|-damage|p1a: Hydreigon|38/100|[from] item: Life Orb
|move|p2b: Kingambit|Low Kick|p1a: Hydreigon
|-supereffective|p1a: Hydreigon|1
|-damage|p1a: Hydreigon|0 fnt
|faint|p1a: Hydreigon
|
|-weather|RainDance|[upkeep]
|upkeep
|turn|7
|
|t:|1782402923
|move|p2a: Ninetales|Encore|p1b: Metagross
|-start|p1b: Metagross|Encore
|move|p1b: Metagross|Protect|p1b: Metagross
|-singleturn|p1b: Metagross|Protect
|move|p2b: Kingambit|Kowtow Cleave|p1b: Metagross
|-activate|p1b: Metagross|move: Protect
|
|-weather|RainDance|[upkeep]
|upkeep
|turn|8
|-message|Radlars forfeited.
|
|win|daviisiiitoo
||daviisiiitoo is ready for game 3.
||Radlars is ready for game 3.
|uhtml|next|Next: Game 3 of 3
