|j|☆Br1_lore
|j|☆BattleBlazikenVGC
|html|Br1_loreBattleBlazikenVGC    
|uhtml|bestof|Game 1 of a best-of-3
|t:|1783099341
|gametype|doubles
|player|p1|Br1_lore|2|1162
|player|p2|BattleBlazikenVGC|volkner|1218
|gen|9
|tier|[Gen 9 Champions] VGC 2026 Reg M-B (Bo3)
|rated|
|rule|Species Clause: Limit one of each Pokémon
|rule|Item Clause: Limit 1 of each item
|clearpoke
|poke|p1|Metagross, L50|
|poke|p1|Hydreigon, L50, F|
|poke|p1|Sneasler, L50, F|
|poke|p1|Aerodactyl, L50, F|
|poke|p1|Sylveon, L50, F|
|poke|p1|Basculegion, L50, M|
|poke|p2|Milotic, L50, M|
|poke|p2|Incineroar, L50, F|
|poke|p2|Sinistcha, L50, shiny|
|poke|p2|Blaziken, L50, F|
|poke|p2|Ninetales-Alola, L50, M|
|poke|p2|Raichu, L50, F|
|teampreview|4
|showteam|p1|Metagross||Metagrossite|ClearBody|IronHead,PsychicFangs,BodyPress,Protect|Jolly|||||50|]Hydreigon||ChoiceScarf|Levitate|DracoMeteor,EarthPower,HeatWave,DarkPulse|Timid||F|||50|]Sneasler||WhiteHerb|Unburden|CloseCombat,DireClaw,FakeOut,Protect|Adamant||F|||50|]Aerodactyl||Aerodactylite|Unnerve|RockSlide,DualWingbeat,Protect,Tailwind|Jolly||F|||50|]Sylveon||FairyFeather|Pixilate|HyperBeam,HyperVoice,QuickAttack,Detect|Modest||F|||50|]Basculegion||LifeOrb|Adaptability|AquaJet,LastRespects,Protect,WaveCrash|Jolly||M|||50|
|showteam|p2|Milotic||Leftovers|Competitive|MuddyWater,Coil,Recover,IcyWind|Modest||M|||50|]Incineroar||SitrusBerry|Intimidate|FakeOut,ThroatChop,FlareBlitz,PartingShot|Careful||F|||50|]Sinistcha||OccaBerry|Hospitality|MatchaGotcha,Protect,RagePowder,TrickRoom|Quiet|||||50|]Blaziken||Blazikenite|SpeedBoost|FlareBlitz,CloseCombat,RockSlide,Protect|Jolly||F|||50|]Ninetales-Alola||LightClay|SnowWarning|FreezeDry,Blizzard,AuroraVeil,Protect|Timid||M|||50|]Raichu||RaichuniteY|LightningRod|FakeOut,FocusBlast,ZapCannon,Protect|Timid||F|||50|
|
|t:|1783099394
|teamsize|p1|4
|teamsize|p2|4
|start
|switch|p1a: Aerodactyl|Aerodactyl, L50, F|100/100
|switch|p1b: Metagross|Metagross, L50|100/100
|switch|p2a: Milotic|Milotic, L50, M|100/100
|switch|p2b: Raichu|Raichu, L50, F|100/100
|-ability|p1a: Aerodactyl|Unnerve
|turn|1
|
|t:|1783099432
|detailschange|p2b: Raichu|Raichu-Mega-Y, L50, F
|-mega|p2b: Raichu|Raichu|Raichunite Y
|detailschange|p1b: Metagross|Metagross-Mega, L50
|-mega|p1b: Metagross|Metagross|Metagrossite
|move|p1a: Aerodactyl|Protect|p1a: Aerodactyl
|-singleturn|p1a: Aerodactyl|Protect
|move|p2b: Raichu|Fake Out|p1b: Metagross
|-resisted|p1b: Metagross|1
|-damage|p1b: Metagross|96/100
|cant|p1b: Metagross|flinch
|move|p2a: Milotic|Coil|p2a: Milotic
|-boost|p2a: Milotic|atk|1
|-boost|p2a: Milotic|def|1
|-boost|p2a: Milotic|accuracy|1
|
|upkeep
|turn|2
|
|t:|1783099448
|switch|p2b: Incineroar|Incineroar, L50, F|100/100
|-ability|p2b: Incineroar|Intimidate|boost
|-unboost|p1a: Aerodactyl|atk|1
|-unboost|p1b: Metagross|atk|1
|move|p1a: Aerodactyl|Tailwind|p1a: Aerodactyl
|-sidestart|p1: Br1_lore|move: Tailwind
|move|p1b: Metagross|Body Press|p2b: Incineroar
|-supereffective|p2b: Incineroar|1
|-damage|p2b: Incineroar|33/100
|move|p2a: Milotic|Muddy Water|p1a: Aerodactyl|[spread] p1a,p1b
|-supereffective|p1a: Aerodactyl|1
|-damage|p1a: Aerodactyl|33/100
|-damage|p1b: Metagross|69/100
|
|upkeep
|turn|3
|
|t:|1783099470
|move|p2b: Incineroar|Fake Out|p1b: Metagross
|-resisted|p1b: Metagross|1
|-damage|p1b: Metagross|65/100
|move|p1a: Aerodactyl|Rock Slide|p2a: Milotic|[spread] p2b
|-miss|p1a: Aerodactyl|p2a: Milotic
|-supereffective|p2b: Incineroar|1
|-damage|p2b: Incineroar|6/100
|cant|p1b: Metagross|flinch
|move|p2a: Milotic|Muddy Water|p1b: Metagross|[spread] p1a,p1b
|-supereffective|p1a: Aerodactyl|1
|-damage|p1a: Aerodactyl|0 fnt
|-damage|p1b: Metagross|37/100
|-enditem|p2b: Incineroar|Sitrus Berry|[eat]
|-heal|p2b: Incineroar|31/100|[from] item: Sitrus Berry
|faint|p1a: Aerodactyl
|
|upkeep
|
|t:|1783099494
|switch|p1a: Sylveon|Sylveon, L50, F|100/100
|turn|4
|
|t:|1783099502
|switch|p2b: Sinistcha|Sinistcha, L50, shiny|100/100
|move|p1b: Metagross|Psychic Fangs|p2a: Milotic
|-damage|p2a: Milotic|69/100
|move|p1a: Sylveon|Hyper Voice|p2b: Sinistcha|[spread] p2a,p2b
|-damage|p2a: Milotic|41/100
|-damage|p2b: Sinistcha|58/100
|move|p2a: Milotic|Muddy Water|p1b: Metagross|[spread] p1a,p1b
|-damage|p1a: Sylveon|79/100
|-damage|p1b: Metagross|8/100
|-unboost|p1a: Sylveon|accuracy|1
|
|-heal|p2a: Milotic|47/100|[from] item: Leftovers
|upkeep
|turn|5
|
|t:|1783099517
|move|p2b: Sinistcha|Rage Powder|p2b: Sinistcha
|-singleturn|p2b: Sinistcha|move: Rage Powder
|move|p1b: Metagross|Psychic Fangs|p2b: Sinistcha
|-crit|p2b: Sinistcha
|-damage|p2b: Sinistcha|0 fnt
|faint|p2b: Sinistcha
|move|p1a: Sylveon|Hyper Beam|p2a: Milotic
|-damage|p2a: Milotic|0 fnt
|-mustrecharge|p1a: Sylveon
|faint|p2a: Milotic
|
|-sideend|p1: Br1_lore|move: Tailwind
|upkeep
|
|t:|1783099524
|switch|p2a: Incineroar|Incineroar, L50, F|31/100
|switch|p2b: Raichu|Raichu-Mega-Y, L50, F|100/100
|-ability|p2a: Incineroar|Intimidate|boost
|-unboost|p1a: Sylveon|atk|1
|-unboost|p1b: Metagross|atk|1
|turn|6
|
|t:|1783099534
|move|p1b: Metagross|Protect|p1b: Metagross
|-singleturn|p1b: Metagross|Protect
|move|p2b: Raichu|Zap Cannon|p1b: Metagross
|-activate|p1b: Metagross|move: Protect
|cant|p1a: Sylveon|recharge
|move|p2a: Incineroar|Flare Blitz|p1a: Sylveon
|-damage|p1a: Sylveon|31/100
|-damage|p2a: Incineroar|16/100|[from] Recoil
|
|upkeep
|turn|7
|
|t:|1783099554
|move|p2b: Raichu|Zap Cannon|p1a: Sylveon
|-damage|p1a: Sylveon|0 fnt
|faint|p1a: Sylveon
|move|p1b: Metagross|Body Press|p2b: Raichu
|-damage|p2b: Raichu|40/100
|move|p2a: Incineroar|Throat Chop|p1b: Metagross
|-supereffective|p1b: Metagross|1
|-damage|p1b: Metagross|0 fnt
|faint|p1b: Metagross
|
|upkeep
|
|t:|1783099565
|switch|p1a: Basculegion|Basculegion, L50, M|100/100
|turn|8
|
|t:|1783099573
|move|p2b: Raichu|Protect|p2b: Raichu
|-singleturn|p2b: Raichu|Protect
|move|p1a: Basculegion|Aqua Jet|p2b: Raichu
|-activate|p2b: Raichu|move: Protect
|move|p2a: Incineroar|Throat Chop|p1a: Basculegion
|-supereffective|p1a: Basculegion|1
|-damage|p1a: Basculegion|13/100
|-start|p1a: Basculegion|Throat Chop|[silent]
|
|upkeep
|turn|9
|
|t:|1783099578
|move|p1a: Basculegion|Aqua Jet|p2b: Raichu
|-damage|p2b: Raichu|0 fnt
|faint|p2b: Raichu
|-damage|p1a: Basculegion|4/100|[from] item: Life Orb
|move|p2a: Incineroar|Throat Chop|p1a: Basculegion
|-supereffective|p1a: Basculegion|1
|-damage|p1a: Basculegion|0 fnt
|faint|p1a: Basculegion
|
|win|BattleBlazikenVGC
||BattleBlazikenVGC is ready for game 2.
||Br1_lore is ready for game 2.
|uhtml|next|Next: Game 2 of 3
