|j|☆Frisk Azzy
|j|☆LittleSunLight
|html|Frisk AzzyLittleSunLight    
|uhtml|bestof|Game 1 of a best-of-3
|t:|1784838906
|gametype|doubles
|player|p1|Frisk Azzy|riley|
|player|p2|LittleSunLight|beauty|
|gen|9
|tier|[Gen 9 Champions] VGC 2026 Reg M-B (Bo3)
|rule|Species Clause: Limit one of each Pokémon
|rule|Item Clause: Limit 1 of each item
|clearpoke
|poke|p1|Charizard, L50, M, shiny|
|poke|p1|Venusaur, L50, M|
|poke|p1|Whimsicott, L50, F|
|poke|p1|Luxray, L50, M, shiny|
|poke|p1|Aegislash, L50, M|
|poke|p1|Garchomp, L50, F, shiny|
|poke|p2|Froslass, L50, F|
|poke|p2|Kingambit, L50, M|
|poke|p2|Ninetales-Alola, L50, M|
|poke|p2|Basculegion, L50, M|
|poke|p2|Sneasler, L50, M|
|poke|p2|Dragonite, L50, M, shiny|
|teampreview|4
|showteam|p1|Charizard||CharizarditeY|SolarPower|AirSlash,HeatWave,Protect,SolarBeam|Timid||M|||50|]Venusaur||LifeOrb|Chlorophyll|GigaDrain,Protect,EarthPower,SludgeBomb|Modest||M|||50|]Whimsicott||FocusSash|Prankster|Taunt,Tailwind,SunnyDay,Moonblast|Timid||F|||50|]Luxray||SitrusBerry|Intimidate|WildCharge,Protect,VoltSwitch,Crunch|Sassy||M|||50|]Aegislash||SpellTag|StanceChange|ShadowSneak,KingsShield,WideGuard,IronHead|Adamant||M|||50|]Garchomp||YacheBerry|RoughSkin|DragonClaw,RockSlide,Earthquake,Protect|Jolly||F|||50|
|showteam|p2|Froslass||Froslassite|CursedBody|FrostBreath,Blizzard,ShadowBall,AuroraVeil|Timid||F|||50|]Kingambit||ChopleBerry|Defiant|Protect,IronHead,SuckerPunch,LowKick|Adamant||M|||50|]Ninetales-Alola||FocusSash|SnowWarning|Blizzard,FreezeDry,RainDance,AuroraVeil|Timid||M|||50|]Basculegion||ChoiceScarf|Adaptability|FlipTurn,WaveCrash,AquaJet,LastRespects|Adamant||M|||50|]Sneasler||WhiteHerb|Unburden|Protect,CloseCombat,DireClaw,FakeOut|Jolly||M|||50|]Dragonite||Dragoninite|Multiscale|Protect,Tailwind,DragonPulse,Flamethrower|Modest||M|||50|
|c|☆Frisk Azzy|glhf
|c|☆LittleSunLight|glhf
|inactive|Battle timer is ON: inactive players will automatically lose when time's up. (requested by LittleSunLight)
|
|t:|1784838949
|teamsize|p1|4
|teamsize|p2|4
|start
|switch|p1a: Bow|Garchomp, L50, F, shiny|100/100
|switch|p1b: Dr While|Whimsicott, L50, F|100/100
|switch|p2a: Mochi|Sneasler, L50, M|100/100
|switch|p2b: Glitter!|Dragonite, L50, M, shiny|100/100
|turn|1
|inactive|LittleSunLight has 30 seconds left.
|inactive|LittleSunLight has 20 seconds left.
|inactive|LittleSunLight has 15 seconds left.
|inactive|LittleSunLight has 10 seconds left.
|
|t:|1784838999
|switch|p1b: Hexcalibern|Aegislash, L50, M|100/100
|detailschange|p2b: Glitter!|Dragonite-Mega, L50, M, shiny
|-mega|p2b: Glitter!|Dragonite|Dragoninite
|move|p2a: Mochi|Fake Out|p1a: Bow
|-damage|p1a: Bow|84/100
|-damage|p2a: Mochi|87/100|[from] ability: Rough Skin|[of] p1a: Bow
|cant|p1a: Bow|flinch
|move|p2b: Glitter!|Flamethrower|p1b: Hexcalibern
|-supereffective|p1b: Hexcalibern|1
|-damage|p1b: Hexcalibern|36/100
|
|upkeep
|turn|2
|inactive|LittleSunLight has 30 seconds left.
|inactive|LittleSunLight has 20 seconds left.
|inactive|LittleSunLight has 15 seconds left.
|
|t:|1784839039
|move|p1b: Hexcalibern|King's Shield|p1b: Hexcalibern
|-singleturn|p1b: Hexcalibern|Protect
|move|p2a: Mochi|Close Combat|p1a: Bow
|-damage|p1a: Bow|26/100
|-unboost|p2a: Mochi|def|1
|-unboost|p2a: Mochi|spd|1
|-damage|p2a: Mochi|75/100|[from] ability: Rough Skin|[of] p1a: Bow
|-enditem|p2a: Mochi|White Herb
|-clearnegativeboost|p2a: Mochi|[silent]
|move|p1a: Bow|Rock Slide|p2a: Mochi|[spread] p2a,p2b
|-resisted|p2a: Mochi|1
|-crit|p2a: Mochi
|-supereffective|p2b: Glitter!|1
|-damage|p2a: Mochi|51/100
|-damage|p2b: Glitter!|82/100
|move|p2b: Glitter!|Dragon Pulse|p1a: Bow
|-supereffective|p1a: Bow|1
|-damage|p1a: Bow|0 fnt
|faint|p1a: Bow
|
|upkeep
|
|t:|1784839057
|switch|p1a: Dr While|Whimsicott, L50, F|100/100
|turn|3
|
|t:|1784839073
|-formechange|p1b: Hexcalibern|Aegislash-Blade|
|move|p1b: Hexcalibern|Shadow Sneak|p2a: Mochi
|-damage|p2a: Mochi|3/100
|move|p2a: Mochi|Dire Claw|p1a: Dr While
|-supereffective|p1a: Dr While|2
|-enditem|p1a: Dr While|Focus Sash
|-damage|p1a: Dr While|1/100
|move|p1a: Dr While|Moonblast|p2b: Glitter!
|-supereffective|p2b: Glitter!|1
|-damage|p2b: Glitter!|27/100
|move|p2b: Glitter!|Flamethrower|p1b: Hexcalibern
|-supereffective|p1b: Hexcalibern|1
|-damage|p1b: Hexcalibern|0 fnt
|faint|p1b: Hexcalibern
|
|upkeep
|
|t:|1784839088
|switch|p1b: Dragoniod|Charizard, L50, M, shiny|100/100
|turn|4
|
|t:|1784839110
|detailschange|p1b: Dragoniod|Charizard-Mega-Y, L50, M, shiny
|-mega|p1b: Dragoniod|Charizard|Charizardite Y
|-weather|SunnyDay|[from] ability: Drought|[of] p1b: Dragoniod
|move|p2a: Mochi|Dire Claw|p1a: Dr While
|-supereffective|p1a: Dr While|2
|-damage|p1a: Dr While|0 fnt
|faint|p1a: Dr While
|move|p1b: Dragoniod|Heat Wave|p2b: Glitter!|[spread] p2a,p2b
|-resisted|p2b: Glitter!|1
|-damage|p2a: Mochi|0 fnt
|-damage|p2b: Glitter!|0 fnt
|faint|p2a: Mochi
|faint|p2b: Glitter!
|
|-weather|SunnyDay|[upkeep]
|upkeep
|
|t:|1784839124
|switch|p2a: Frisk!|Ninetales-Alola, L50, M|100/100
|switch|p2b: SourPwr|Basculegion, L50, M|100/100
|-weather|Snowscape|[from] ability: Snow Warning|[of] p2a: Frisk!
|turn|5
|c|☆Frisk Azzy|ggwp
|
|t:|1784839138
|move|p2b: SourPwr|Wave Crash|p1b: Dragoniod
|-supereffective|p1b: Dragoniod|1
|-damage|p1b: Dragoniod|0 fnt
|faint|p1b: Dragoniod
|-damage|p2b: SourPwr|74/100|[from] Recoil
|
|win|LittleSunLight
|inactive|Frisk Azzy has 30 seconds to confirm battle start!
|inactive|LittleSunLight has 30 seconds to confirm battle start!
