|j|☆soccerdude26
|j|☆jANMxRin
|html|soccerdude26jANMxRin    
|uhtml|bestof|Game 1 of a best-of-3
|t:|1756500588
|gametype|doubles
|player|p1|soccerdude26|volkner|1084
|player|p2|jANMxRin|acerola-masters|1060
|gen|9
|tier|[Gen 9] VGC 2025 Reg H (Bo3)
|rated|
|rule|Species Clause: Limit one of each Pokémon
|rule|Item Clause: Limit 1 of each item
|clearpoke
|poke|p1|Sneasler, L50, F|
|poke|p1|Indeedee, L50, M|
|poke|p1|Volcarona, L50, F|
|poke|p1|Ursaluna-Bloodmoon, L50, M|
|poke|p1|Annihilape, L50, F|
|poke|p1|Tyranitar, L50, M|
|poke|p2|Indeedee, L50, M|
|poke|p2|Sneasler, L50, F|
|poke|p2|Excadrill, L50, M|
|poke|p2|Magmar, L50, F|
|poke|p2|Corviknight, L50, F|
|poke|p2|Tyranitar, L50, F|
|teampreview|4
|showteam|p1|Sneasler||PsychicSeed|Unburden|CloseCombat,DireClaw,ThroatChop,Protect|||F|||50|,,,,,Dark]Indeedee||ChoiceScarf|PsychicSurge|ExpandingForce,TeraBlast,Trick,Protect|||M|||50|,,,,,Psychic]Volcarona||SitrusBerry|FlameBody|Overheat,StruggleBug,RagePowder,Tailwind|||F|||50|,,,,,Grass]Ursaluna-Bloodmoon||LifeOrb|MindsEye|BloodMoon,HyperVoice,EarthPower,Protect|||M|||50|,,,,,Normal]Annihilape||SafetyGoggles|Defiant|CloseCombat,RageFist,Taunt,FinalGambit|||F|||50|,,,,,Water]Tyranitar||AssaultVest|SandStream|RockSlide,KnockOff,TeraBlast,LowKick|||M|||50|,,,,,Flying
|showteam|p2|Indeedee||ChoiceScarf|PsychicSurge|ExpandingForce,TeraBlast,Trick,Protect|||M|||50|,,,,,Psychic]Sneasler||WhiteHerb|Unburden|FakeOut,CloseCombat,DireClaw,Coaching|||F|||50|,,,,,Flying]Excadrill||FocusSash|SandRush|Earthquake,IronHead,SwordsDance,Protect|||M|||50|,,,,,Ground]Magmar||Eviolite|VitalSpirit|HeatWave,FollowMe,WillOWisp,Protect|||F|||50|,,,,,Flying]Corviknight||PsychicSeed|MirrorArmor|BraveBird,PowerTrip,BulkUp,Roost|||F|||50|,,,,,Water]Tyranitar||AssaultVest|SandStream|RockSlide,KnockOff,LowKick,TeraBlast|||F|||50|,,,,,Flying
|inactive|Battle timer is ON: inactive players will automatically lose when time's up. (requested by soccerdude26)
|inactive|jANMxRin has 60 seconds left.
|
|t:|1756500651
|teamsize|p1|4
|teamsize|p2|4
|start
|switch|p1a: Indeedee|Indeedee, L50, M|100/100
|switch|p1b: Sneasler|Sneasler, L50, F|100/100
|switch|p2a: Magmar|Magmar, L50, F|100/100
|switch|p2b: Corviknight|Corviknight, L50, F|100/100
|-fieldstart|move: Psychic Terrain|[from] ability: Psychic Surge|[of] p1a: Indeedee
|-enditem|p1b: Sneasler|Psychic Seed
|-boost|p1b: Sneasler|spd|1|[from] item: Psychic Seed
|-enditem|p2b: Corviknight|Psychic Seed
|-boost|p2b: Corviknight|spd|1|[from] item: Psychic Seed
|turn|1
|inactive|jANMxRin has 30 seconds left.
|inactive|jANMxRin has 20 seconds left.
|inactive|jANMxRin has 15 seconds left.
|inactive|jANMxRin has 10 seconds left.
|
|t:|1756500697
|-terastallize|p1a: Indeedee|Psychic
|move|p2a: Magmar|Follow Me|p2a: Magmar
|-singleturn|p2a: Magmar|move: Follow Me
|move|p1b: Sneasler|Close Combat|p2a: Magmar
|-damage|p2a: Magmar|39/100
|-unboost|p1b: Sneasler|def|1
|-unboost|p1b: Sneasler|spd|1
|move|p1a: Indeedee|Expanding Force|p2b: Corviknight|[spread] p2a,p2b
|-resisted|p2b: Corviknight
|-damage|p2a: Magmar|0 fnt
|-damage|p2b: Corviknight|80/100
|faint|p2a: Magmar
|move|p2b: Corviknight|Brave Bird|p1b: Sneasler
|-supereffective|p1b: Sneasler
|-damage|p1b: Sneasler|0 fnt
|faint|p1b: Sneasler
|-damage|p2b: Corviknight|55/100|[from] Recoil
|
|upkeep
|inactive|jANMxRin has 30 seconds left.
|
|t:|1756500729
|switch|p1b: Ursaluna|Ursaluna-Bloodmoon, L50, M|100/100
|switch|p2a: Tyranitar|Tyranitar, L50, F|100/100
|-weather|Sandstorm|[from] ability: Sand Stream|[of] p2a: Tyranitar
|turn|2
|inactive|jANMxRin has 30 seconds left.
|inactive|jANMxRin has 20 seconds left.
|
|t:|1756500765
|move|p1a: Indeedee|Expanding Force|p2b: Corviknight|[spread] p2b
|-immune|p2a: Tyranitar
|-resisted|p2b: Corviknight
|-damage|p2b: Corviknight|31/100
|move|p1b: Ursaluna|Earth Power|p2a: Tyranitar
|-supereffective|p2a: Tyranitar
|-damage|p2a: Tyranitar|42/100
|-damage|p1b: Ursaluna|91/100|[from] item: Life Orb
|move|p2b: Corviknight|Roost|p2b: Corviknight
|-heal|p2b: Corviknight|81/100
|-singleturn|p2b: Corviknight|move: Roost
|move|p2a: Tyranitar|Low Kick|p1b: Ursaluna
|-supereffective|p1b: Ursaluna
|-damage|p1b: Ursaluna|20/100
|
|-weather|Sandstorm|[upkeep]
|-damage|p1a: Indeedee|95/100|[from] Sandstorm
|upkeep
|turn|3
|inactive|jANMxRin has 30 seconds left.
|inactive|jANMxRin has 20 seconds left.
|inactive|jANMxRin has 15 seconds left.
|
|t:|1756500807
|switch|p2a: Excadrill|Excadrill, L50, M|100/100
|move|p1a: Indeedee|Expanding Force|p2b: Corviknight|[spread] p2a,p2b
|-resisted|p2a: Excadrill
|-resisted|p2b: Corviknight
|-damage|p2a: Excadrill|52/100
|-damage|p2b: Corviknight|59/100
|move|p1b: Ursaluna|Blood Moon|p2a: Excadrill
|-resisted|p2a: Excadrill
|-damage|p2a: Excadrill|0 fnt
|faint|p2a: Excadrill
|-damage|p1b: Ursaluna|11/100|[from] item: Life Orb
|move|p2b: Corviknight|Power Trip|p1a: Indeedee
|-supereffective|p1a: Indeedee
|-damage|p1a: Indeedee|53/100
|
|-weather|Sandstorm|[upkeep]
|-damage|p1a: Indeedee|48/100|[from] Sandstorm
|upkeep
|
|t:|1756500824
|switch|p2a: Tyranitar|Tyranitar, L50, F|42/100
|turn|4
|inactive|jANMxRin has 30 seconds left.
|inactive|jANMxRin has 20 seconds left.
|
|t:|1756500863
|-terastallize|p2a: Tyranitar|Flying
|move|p1a: Indeedee|Expanding Force|p2a: Tyranitar|[spread] p2a,p2b
|-resisted|p2b: Corviknight
|-damage|p2a: Tyranitar|2/100
|-damage|p2b: Corviknight|38/100
|move|p1b: Ursaluna|Hyper Voice|p2a: Tyranitar|[spread] p2a,p2b
|-resisted|p2b: Corviknight
|-crit|p2b: Corviknight
|-damage|p2a: Tyranitar|0 fnt
|-damage|p2b: Corviknight|6/100
|faint|p2a: Tyranitar
|-damage|p1b: Ursaluna|1/100|[from] item: Life Orb
|move|p2b: Corviknight|Roost|p2b: Corviknight
|-heal|p2b: Corviknight|57/100
|-singleturn|p2b: Corviknight|move: Roost
|
|-weather|Sandstorm|[upkeep]
|-damage|p1a: Indeedee|42/100|[from] Sandstorm
|upkeep
|turn|5
|
|t:|1756500885
|switch|p1a: Annihilape|Annihilape, L50, F|100/100
|move|p1b: Ursaluna|Protect|p1b: Ursaluna
|-singleturn|p1b: Ursaluna|Protect
|move|p2b: Corviknight|Roost|p2b: Corviknight
|-heal|p2b: Corviknight|100/100
|-singleturn|p2b: Corviknight|move: Roost
|
|-weather|Sandstorm|[upkeep]
|-fieldend|move: Psychic Terrain
|upkeep
|turn|6
|c|☆soccerdude26|gg
|
|t:|1756500896
|move|p1a: Annihilape|Final Gambit|p2b: Corviknight
|-damage|p2b: Corviknight|0 fnt
|faint|p1a: Annihilape
|faint|p2b: Corviknight
|
|win|soccerdude26
