|j|☆ToastedArt
|j|☆clevername 30
|html|ToastedArtclevername 30    
|uhtml|bestof|Game 3 of a best-of-3
|t:|1784481286
|gametype|doubles
|player|p1|ToastedArt|clemont|1060
|player|p2|clevername 30|rancher|1037
|gen|9
|tier|[Gen 9 Champions] VGC 2026 Reg M-B (Bo3)
|rated|
|rule|Species Clause: Limit one of each Pokémon
|rule|Item Clause: Limit 1 of each item
|clearpoke
|poke|p1|Falinks, L50, shiny|
|poke|p1|Incineroar, L50, M|
|poke|p1|Vanilluxe, L50, M, shiny|
|poke|p1|Basculegion, L50, M, shiny|
|poke|p1|Sneasler, L50, F|
|poke|p1|Dragonite, L50, F, shiny|
|poke|p2|Houndoom, L50, M|
|poke|p2|Torkoal, L50, M|
|poke|p2|Tauros-Paldea-Aqua, L50, M|
|poke|p2|Whimsicott, L50, F|
|poke|p2|Primarina, L50, F|
|poke|p2|Raichu, L50, F, shiny|
|teampreview|4
|showteam|p1|Falinks||Falinksite|Defiant|NoRetreat,CloseCombat,RockSlide,Protect|Adamant|||||50|]Incineroar||Charcoal|Intimidate|FlareBlitz,ThroatChop,FakeOut,PartingShot|Adamant||M|||50|]Vanilluxe||ChoiceScarf|SnowWarning|Blizzard,FreezeDry,IcyWind,SheerCold|Modest||M|||50|]Basculegion||SitrusBerry|Adaptability|WaveCrash,LastRespects,AquaJet,Protect|Adamant||M|||50|]Sneasler||FocusSash|PoisonTouch|PoisonJab,CloseCombat,FakeOut,Coaching|Jolly||F|||50|]Dragonite||DragonFang|Multiscale|DragonClaw,ExtremeSpeed,LowKick,Tailwind|Adamant||F|||50|
|showteam|p2|Houndoom||Houndoominite|FlashFire|HeatWave,SuckerPunch,Protect,NastyPlot|Hasty||M|||50|]Torkoal||Charcoal|Drought|EarthPower,Eruption,WillOWisp,SunnyDay|Calm||M|||50|]Tauros-Paldea-Aqua||LifeOrb|Intimidate|CloseCombat,Protect,AquaJet,WaveCrash|Jolly||M|||50|]Whimsicott||FocusSash|Prankster|Tailwind,Moonblast,Charm,CottonSpore|Serious||F|||50|]Primarina||SitrusBerry|LiquidVoice|IcyWind,HyperVoice,Protect,FlipTurn|Calm||F|||50|]Raichu||RaichuniteY|Static|ZapCannon,FakeOut,GrassKnot,Protect|Hasty||F|||50|
|inactive|Battle timer is ON: inactive players will automatically lose when time's up. (requested by clevername 30)
|inactive|ToastedArt also wants the timer to be on.
|inactive|ToastedArt has 60 seconds left.
|
|t:|1784481331
|teamsize|p1|4
|teamsize|p2|4
|start
|switch|p1a: Falinks|Falinks, L50, shiny|100/100
|switch|p1b: Sneasler|Sneasler, L50, F|100/100
|switch|p2a: Tauros|Tauros-Paldea-Aqua, L50, M|100/100
|switch|p2b: Houndoom|Houndoom, L50, M|100/100
|-ability|p2a: Tauros|Intimidate|boost
|-unboost|p1a: Falinks|atk|1
|-ability|p1a: Falinks|Defiant|boost
|-boost|p1a: Falinks|atk|2
|-unboost|p1b: Sneasler|atk|1
|turn|1
|inactive|clevername 30 has 30 seconds left.
|inactive|clevername 30 has 20 seconds left.
|
|t:|1784481370
|detailschange|p2b: Houndoom|Houndoom-Mega, L50, M
|-mega|p2b: Houndoom|Houndoom|Houndoominite
|detailschange|p1a: Falinks|Falinks-Mega, L50, shiny
|-mega|p1a: Falinks|Falinks|Falinksite
|move|p2b: Houndoom|Protect|p2b: Houndoom
|-singleturn|p2b: Houndoom|Protect
|move|p1b: Sneasler|Fake Out|p2a: Tauros
|-damage|p2a: Tauros|88/100
|-status|p2a: Tauros|psn|[from] ability: Poison Touch|[of] p1b: Sneasler
|cant|p2a: Tauros|flinch
|move|p1a: Falinks|No Retreat|p1a: Falinks
|-boost|p1a: Falinks|atk|1
|-boost|p1a: Falinks|def|1
|-boost|p1a: Falinks|spa|1
|-boost|p1a: Falinks|spd|1
|-boost|p1a: Falinks|spe|1
|-start|p1a: Falinks|move: No Retreat
|
|-damage|p2a: Tauros|76/100 psn|[from] psn
|upkeep
|turn|2
|inactive|clevername 30 has 30 seconds left.
|
|t:|1784481404
|switch|p2b: Whimsicott|Whimsicott, L50, F|100/100
|move|p2a: Tauros|Aqua Jet|p1b: Sneasler
|-damage|p1b: Sneasler|58/100
|-damage|p2a: Tauros|66/100 psn|[from] item: Life Orb
|move|p1a: Falinks|Close Combat|p2b: Whimsicott
|-resisted|p2b: Whimsicott|1
|-damage|p2b: Whimsicott|4/100
|-unboost|p1a: Falinks|def|1
|-unboost|p1a: Falinks|spd|1
|move|p1b: Sneasler|Coaching|p1a: Falinks
|-boost|p1a: Falinks|atk|1
|-boost|p1a: Falinks|def|1
|
|-damage|p2a: Tauros|54/100 psn|[from] psn
|upkeep
|turn|3
|inactive|ToastedArt has 30 seconds left.
|inactive|clevername 30 has 30 seconds left.
|
|t:|1784481433
|move|p2b: Whimsicott|Cotton Spore|p1a: Falinks|[spread] p1a,p1b
|-unboost|p1a: Falinks|spe|2
|-ability|p1a: Falinks|Defiant|boost
|-boost|p1a: Falinks|atk|2
|-unboost|p1b: Sneasler|spe|2
|move|p2a: Tauros|Wave Crash|p1a: Falinks
|-damage|p1a: Falinks|52/100
|-damage|p2a: Tauros|39/100 psn|[from] Recoil
|-damage|p2a: Tauros|29/100 psn|[from] item: Life Orb
|move|p1b: Sneasler|Coaching|p1a: Falinks
|-boost|p1a: Falinks|atk|1
|-boost|p1a: Falinks|def|1
|move|p1a: Falinks|Rock Slide|p2a: Tauros|[spread] p2a,p2b
|-resisted|p2a: Tauros|1
|-damage|p2a: Tauros|0 fnt
|-damage|p2b: Whimsicott|0 fnt
|faint|p2a: Tauros
|faint|p2b: Whimsicott
|
|upkeep
|
|t:|1784481449
|switch|p2b: Torkoal|Torkoal, L50, M|100/100
|switch|p2a: Houndoom|Houndoom-Mega, L50, M|100/100
|-weather|SunnyDay|[from] ability: Drought|[of] p2b: Torkoal
|turn|4
|
|t:|1784481462
|switch|p1b: Incineroar|Incineroar, L50, M|100/100
|-ability|p1b: Incineroar|Intimidate|boost
|-unboost|p2a: Houndoom|atk|1
|-unboost|p2b: Torkoal|atk|1
|move|p1a: Falinks|Protect|p1a: Falinks
|-singleturn|p1a: Falinks|Protect
|move|p2a: Houndoom|Heat Wave|p1a: Falinks|[spread] 
|-activate|p1a: Falinks|move: Protect
|-miss|p2a: Houndoom|p1b: Incineroar
|move|p2b: Torkoal|Sunny Day||[still]
|-fail|p2b: Torkoal
|
|-weather|SunnyDay|[upkeep]
|-damage|p2a: Houndoom|88/100|[from] ability: Solar Power|[of] p2a: Houndoom
|upkeep
|turn|5
|inactive|ToastedArt has 30 seconds left.
|
|t:|1784481492
|move|p2a: Houndoom|Protect|p2a: Houndoom
|-singleturn|p2a: Houndoom|Protect
|move|p1b: Incineroar|Fake Out|p2a: Houndoom
|-activate|p2a: Houndoom|move: Protect
|move|p1a: Falinks|Close Combat|p2b: Torkoal
|-damage|p2b: Torkoal|0 fnt
|-unboost|p1a: Falinks|def|1
|-unboost|p1a: Falinks|spd|1
|faint|p2b: Torkoal
|
|-weather|SunnyDay|[upkeep]
|-damage|p2a: Houndoom|76/100|[from] ability: Solar Power|[of] p2a: Houndoom
|upkeep
|turn|6
|
|t:|1784481501
|switch|p1b: Vanilluxe|Vanilluxe, L50, M, shiny|100/100
|-weather|Snowscape|[from] ability: Snow Warning|[of] p1b: Vanilluxe
|move|p2a: Houndoom|Heat Wave|p1a: Falinks|[spread] p1a
|-miss|p2a: Houndoom|p1b: Vanilluxe
|-damage|p1a: Falinks|0 fnt
|faint|p1a: Falinks
|
|-weather|Snowscape|[upkeep]
|upkeep
|
|t:|1784481508
|switch|p1a: Incineroar|Incineroar, L50, M|100/100
|-ability|p1a: Incineroar|Intimidate|boost
|-unboost|p2a: Houndoom|atk|1
|turn|7
|
|t:|1784481513
|move|p2a: Houndoom|Protect|p2a: Houndoom
|-singleturn|p2a: Houndoom|Protect
|move|p1a: Incineroar|Fake Out|p2a: Houndoom
|-activate|p2a: Houndoom|move: Protect
|move|p1b: Vanilluxe|Sheer Cold|p2a: Houndoom
|-activate|p2a: Houndoom|move: Protect
|
|-weather|Snowscape|[upkeep]
|upkeep
|turn|8
|
|t:|1784481521
|move|p1b: Vanilluxe|Sheer Cold|p2a: Houndoom|[miss]
|-miss|p1b: Vanilluxe|p2a: Houndoom
|move|p2a: Houndoom|Heat Wave|p1a: Incineroar|[spread] p1a,p1b
|-resisted|p1a: Incineroar|1
|-supereffective|p1b: Vanilluxe|1
|-damage|p1a: Incineroar|81/100
|-damage|p1b: Vanilluxe|4/100
|move|p1a: Incineroar|Flare Blitz|p2a: Houndoom
|-resisted|p2a: Houndoom|1
|-damage|p2a: Houndoom|22/100
|-damage|p1a: Incineroar|67/100|[from] Recoil
|
|-weather|Snowscape|[upkeep]
|upkeep
|turn|9
|
|t:|1784481543
|move|p1b: Vanilluxe|Sheer Cold|p2a: Houndoom|[miss]
|-miss|p1b: Vanilluxe|p2a: Houndoom
|move|p2a: Houndoom|Heat Wave|p1a: Incineroar|[spread] p1a,p1b
|-resisted|p1a: Incineroar|1
|-supereffective|p1b: Vanilluxe|1
|-damage|p1a: Incineroar|49/100
|-damage|p1b: Vanilluxe|0 fnt
|faint|p1b: Vanilluxe
|move|p1a: Incineroar|Flare Blitz|p2a: Houndoom
|-resisted|p2a: Houndoom|1
|-damage|p2a: Houndoom|0 fnt
|faint|p2a: Houndoom
|-damage|p1a: Incineroar|43/100|[from] Recoil
|
|win|ToastedArt
|raw|ToastedArt's rating: 1060 → 1089(+29 for winning)
|raw|clevername 30's rating: 1037 → 1022(-15 for losing)
