|j|☆TeyOnTheRox
|j|☆jackmcgrow
|html|TeyOnTheRoxjackmcgrow    
|uhtml|bestof|Game 2 of a best-of-3
|t:|1757733908
|gametype|doubles
|player|p1|TeyOnTheRox|benga|1112
|player|p2|jackmcgrow|gambler|1000
|gen|9
|tier|[Gen 9] VGC 2025 Reg H (Bo3)
|rated|
|rule|Species Clause: Limit one of each Pokémon
|rule|Item Clause: Limit 1 of each item
|clearpoke
|poke|p1|Tyranitar, L50, F|
|poke|p1|Excadrill, L50, F|
|poke|p1|Sneasler, L50, M|
|poke|p1|Indeedee, L50, M|
|poke|p1|Corviknight, L50, F|
|poke|p1|Annihilape, L50, M|
|poke|p2|Tyranitar, L50, F|
|poke|p2|Whimsicott, L50, F|
|poke|p2|Incineroar, L50, F|
|poke|p2|Kingambit, L50, F|
|poke|p2|Rillaboom, L50, M|
|poke|p2|Ursaluna-Bloodmoon, L50, M|
|teampreview|4
|showteam|p1|Tyranitar||AssaultVest|SandStream|RockSlide,KnockOff,TeraBlast,LowKick|||F|||50|,,,,,Flying]Excadrill||FocusSash|SandRush|IronHead,HighHorsepower,Earthquake,Protect|||F|||50|,,,,,Stellar]Sneasler||PsychicSeed|Unburden|DireClaw,CloseCombat,ThroatChop,Protect|||M|||50|,,,,,Dark]Indeedee||ChoiceScarf|PsychicSurge|ExpandingForce,TeraBlast,Protect,Trick|||M|||50|,,,,,Psychic]Corviknight||Leftovers|MirrorArmor|BraveBird,BulkUp,Roost,Tailwind|||F|||50|,,,,,Dragon]Annihilape||SafetyGoggles|Defiant|CloseCombat,FinalGambit,RageFist,Taunt|||M|||50|,,,,,Water
|showteam|p2|Tyranitar||LifeOrb|SandStream|RockSlide,KnockOff,Protect,DragonDance|||F|||50|,,,,,Ghost]Whimsicott||FocusSash|Prankster|Moonblast,Taunt,Tailwind,Encore|||F|||50|,,,,,Dark]Incineroar||SafetyGoggles|Intimidate|FakeOut,FlareBlitz,PartingShot,Protect|||F|||50|,,,,,Ghost]Kingambit||BlackGlasses|Defiant|KowtowCleave,SuckerPunch,Protect,SwordsDance|||F|||50|,,,,,Fairy]Rillaboom||ClearAmulet|GrassySurge|GrassyGlide,WoodHammer,FakeOut,HighHorsepower|||M|||50|,,,,,Grass]Ursaluna-Bloodmoon||CovertCloak|MindsEye|EarthPower,BloodMoon,Protect,VacuumWave|||M|||50|,,,,,Ghost
|
|t:|1757733938
|teamsize|p1|4
|teamsize|p2|4
|start
|switch|p1a: Cachiiga|Annihilape, L50, M|100/100
|switch|p1b: Cars II|Corviknight, L50, F|100/100
|switch|p2a: Whimsicott|Whimsicott, L50, F|100/100
|switch|p2b: Kingambit|Kingambit, L50, F|100/100
|turn|1
|c|☆jackmcgrow|that was to close
|inactive|Battle timer is ON: inactive players will automatically lose when time's up. (requested by jackmcgrow)
|inactive|TeyOnTheRox has 60 seconds left.
|inactive|TeyOnTheRox has 30 seconds left.
|inactive|TeyOnTheRox has 20 seconds left.
|inactive|TeyOnTheRox has 15 seconds left.
|
|t:|1757734081
|move|p2b: Kingambit|Protect|p2b: Kingambit
|-singleturn|p2b: Kingambit|Protect
|move|p2a: Whimsicott|Moonblast|p1a: Cachiiga
|-supereffective|p1a: Cachiiga
|-damage|p1a: Cachiiga|48/100
|move|p1a: Cachiiga|Close Combat|p2b: Kingambit
|-activate|p2b: Kingambit|move: Protect
|move|p1b: Cars II|Bulk Up|p1b: Cars II
|-boost|p1b: Cars II|atk|1
|-boost|p1b: Cars II|def|1
|
|upkeep
|turn|2
|inactive|TeyOnTheRox has 30 seconds left.
|inactive|TeyOnTheRox has 20 seconds left.
|inactive|jackmcgrow has 30 seconds left.
|inactive|TeyOnTheRox has 15 seconds left.
|inactive|TeyOnTheRox has 10 seconds left.
|c|☆TeyOnTheRox|!dt mirror armor
|raw|Mirror Armor If this Pokemon's stat stages would be lowered, the attacker's are lowered instead. 
|raw|Gen: 8 |  ✓ Ignored by Mold Breaker

|inactive|TeyOnTheRox has 5 seconds left.
|
|t:|1757734136
|move|p2a: Whimsicott|Moonblast|p1a: Cachiiga
|-supereffective|p1a: Cachiiga
|-damage|p1a: Cachiiga|1/100
|-unboost|p1a: Cachiiga|spa|1
|-ability|p1a: Cachiiga|Defiant|boost
|-boost|p1a: Cachiiga|atk|2
|move|p1a: Cachiiga|Close Combat|p2b: Kingambit
|-supereffective|p2b: Kingambit
|-damage|p2b: Kingambit|0 fnt
|-unboost|p1a: Cachiiga|def|1
|-unboost|p1a: Cachiiga|spd|1
|faint|p2b: Kingambit
|move|p1b: Cars II|Brave Bird|p2a: Whimsicott
|-supereffective|p2a: Whimsicott
|-enditem|p2a: Whimsicott|Focus Sash
|-damage|p2a: Whimsicott|1/100
|-damage|p1b: Cars II|78/100|[from] Recoil
|
|-heal|p1b: Cars II|84/100|[from] item: Leftovers
|upkeep
|c|☆jackmcgrow|nooooooo
|
|t:|1757734152
|switch|p2b: Rillaboom|Rillaboom, L50, M|100/100
|-fieldstart|move: Grassy Terrain|[from] ability: Grassy Surge|[of] p2b: Rillaboom
|turn|3
|inactive|TeyOnTheRox has 30 seconds left.
|inactive|jackmcgrow has 30 seconds left.
|inactive|TeyOnTheRox has 20 seconds left.
|inactive|TeyOnTheRox has 15 seconds left.
|
|t:|1757734195
|move|p2b: Rillaboom|Fake Out|p1b: Cars II
|-resisted|p1b: Cars II
|-damage|p1b: Cars II|80/100
|move|p2a: Whimsicott|Moonblast|p1a: Cachiiga
|-supereffective|p1a: Cachiiga
|-damage|p1a: Cachiiga|0 fnt
|faint|p1a: Cachiiga
|cant|p1b: Cars II|flinch
|
|-heal|p2a: Whimsicott|7/100|[from] Grassy Terrain
|-heal|p1b: Cars II|86/100|[from] item: Leftovers
|upkeep
|
|t:|1757734202
|switch|p1a: Cars I|Indeedee, L50, M, shiny|100/100
|-fieldstart|move: Psychic Terrain|[from] ability: Psychic Surge|[of] p1a: Cars I
|turn|4
|inactive|jackmcgrow has 30 seconds left.
|
|t:|1757734235
|move|p2a: Whimsicott|Tailwind|p2a: Whimsicott
|-sidestart|p2: jackmcgrow|move: Tailwind
|move|p1a: Cars I|Expanding Force|p2a: Whimsicott|[spread] p2a,p2b
|-damage|p2a: Whimsicott|0 fnt
|-damage|p2b: Rillaboom|35/100
|faint|p2a: Whimsicott
|move|p2b: Rillaboom|Wood Hammer|p1a: Cars I
|-damage|p1a: Cars I|0 fnt
|faint|p1a: Cars I
|-damage|p2b: Rillaboom|11/100|[from] Recoil
|move|p1b: Cars II|Brave Bird|p2b: Rillaboom
|-supereffective|p2b: Rillaboom
|-damage|p2b: Rillaboom|0 fnt
|faint|p2b: Rillaboom
|-damage|p1b: Cars II|83/100|[from] Recoil
|
|-heal|p1b: Cars II|89/100|[from] item: Leftovers
|upkeep
|
|t:|1757734252
|switch|p2a: Incineroar|Incineroar, L50, F|100/100
|switch|p1a: Lightnin'|Sneasler, L50, M|100/100
|-ability|p2a: Incineroar|Intimidate|boost
|-unboost|p1a: Lightnin'|atk|1
|-ability|p1b: Cars II|Mirror Armor
|-unboost|p2a: Incineroar|atk|1
|-enditem|p1a: Lightnin'|Psychic Seed
|-boost|p1a: Lightnin'|spd|1|[from] item: Psychic Seed
|turn|5
|
|t:|1757734260
|-terastallize|p2a: Incineroar|Ghost
|move|p1a: Lightnin'|Close Combat|p2a: Incineroar
|-immune|p2a: Incineroar
|move|p2a: Incineroar|Flare Blitz|p1b: Cars II
|-supereffective|p1b: Cars II
|-damage|p1b: Cars II|49/100
|-damage|p2a: Incineroar|88/100|[from] Recoil
|move|p1b: Cars II|Brave Bird|p2a: Incineroar
|-damage|p2a: Incineroar|18/100
|-damage|p1b: Cars II|26/100|[from] Recoil
|
|-heal|p1b: Cars II|32/100|[from] item: Leftovers
|upkeep
|turn|6
|-message|jackmcgrow forfeited.
|raw|TeyOnTheRox's rating: 1112 → 1129(+17 for winning)
|raw|jackmcgrow's rating: 1000 → 1000(+0 for losing)
|
|win|TeyOnTheRox
