|j|☆disobedient_vgc
|j|☆jeanryupr
|html|disobedient_vgcjeanryupr    
|uhtml|bestof|Game 2 of a best-of-3
|t:|1785888673
|gametype|doubles
|player|p1|disobedient_vgc|leon|
|player|p2|jeanryupr|169|
|gen|9
|tier|[Gen 9 Champions] VGC 2026 Reg M-B (Bo3)
|rule|Species Clause: Limit one of each Pokémon
|rule|Item Clause: Limit 1 of each item
|clearpoke
|poke|p1|Gengar, L50, M|
|poke|p1|Incineroar, L50, M, shiny|
|poke|p1|Vivillon-Sandstorm, L50, F|
|poke|p1|Politoed, L50, F|
|poke|p1|Archaludon, L50, F, shiny|
|poke|p1|Swampert, L50, M, shiny|
|poke|p2|Staraptor, L50, M|
|poke|p2|Glimmora, L50, F|
|poke|p2|Whimsicott, L50, F|
|poke|p2|Kingambit, L50, M|
|poke|p2|Garchomp, L50, M|
|poke|p2|Delphox, L50, M|
|teampreview|4
|showteam|p1|Gengar||Gengarite|CursedBody|Protect,PerishSong,ShadowBall,SludgeBomb|Timid||M|||50|]Incineroar||PasshoBerry|Intimidate|FakeOut,Protect,PartingShot,ThroatChop|Sassy||M|||50|]Vivillon-Sandstorm||FocusSash|FriendGuard|Protect,RagePowder,SleepPowder,Hurricane|Timid||F|||50|]Politoed||SitrusBerry|Drizzle|Protect,PerishSong,Encore,WeatherBall|Calm||F|||50|]Archaludon||Leftovers|Stamina|Protect,ElectroShot,DragonPulse,FlashCannon|Calm||F|||50|]Swampert||Swampertite|Torrent|Protect,WaveCrash,Earthquake,IcePunch|Adamant||M|||50|
|showteam|p2|Staraptor||Staraptite|Intimidate|CloseCombat,BraveBird,Roost,Protect|Jolly||M|||50|]Glimmora||FocusSash|ToxicDebris|PowerGem,SludgeBomb,EarthPower,SpikyShield|Modest||F|||50|]Whimsicott||OccaBerry|Prankster|Tailwind,Moonblast,Charm,LightScreen|Timid||F|||50|]Kingambit||ChopleBerry|Defiant|KowtowCleave,IronHead,LowKick,SuckerPunch|Adamant||M|||50|]Garchomp||ChoiceScarf|RoughSkin|Earthquake,DragonClaw,RockSlide,StompingTantrum|Adamant||M|||50|]Delphox||Delphoxite|Blaze|HeatWave,Psychic,Encore,Protect|Timid||M|||50|
|
|t:|1785888756
|teamsize|p1|4
|teamsize|p2|4
|start
|switch|p1a: Vivillon|Vivillon-Sandstorm, L50, F|100/100
|switch|p1b: Politoed|Politoed, L50, F|100/100
|switch|p2a: Staraptor|Staraptor, L50, M|100/100
|switch|p2b: Garchomp|Garchomp, L50, M|100/100
|-ability|p2a: Staraptor|Intimidate|boost
|-unboost|p1a: Vivillon|atk|1
|-unboost|p1b: Politoed|atk|1
|-weather|RainDance|[from] ability: Drizzle|[of] p1b: Politoed
|turn|1
|
|t:|1785888791
|switch|p1b: Swampert|Swampert, L50, M, shiny|100/100
|detailschange|p2a: Staraptor|Staraptor-Mega, L50, M
|-mega|p2a: Staraptor|Staraptor|Staraptite
|move|p2b: Garchomp|Rock Slide|p1a: Vivillon|[spread] p1a
|-miss|p2b: Garchomp|p1b: Swampert
|-supereffective|p1a: Vivillon|2
|-enditem|p1a: Vivillon|Focus Sash
|-damage|p1a: Vivillon|1/100
|move|p2a: Staraptor|Close Combat|p1a: Vivillon
|-resisted|p1a: Vivillon|2
|-damage|p1a: Vivillon|0 fnt
|-boost|p2a: Staraptor|def|1
|-boost|p2a: Staraptor|spd|1
|faint|p1a: Vivillon
|
|-weather|RainDance|[upkeep]
|upkeep
|
|t:|1785888821
|switch|p1a: Archaludon|Archaludon, L50, F, shiny|100/100
|turn|2
|
|t:|1785888838
|detailschange|p1b: Swampert|Swampert-Mega, L50, M, shiny
|-mega|p1b: Swampert|Swampert|Swampertite
|move|p1b: Swampert|Wave Crash|p2a: Staraptor
|-damage|p2a: Staraptor|21/100
|-damage|p1b: Swampert|72/100|[from] Recoil
|move|p2b: Garchomp|Rock Slide|p1b: Swampert|[spread] p1a,p1b
|-resisted|p1a: Archaludon|1
|-crit|p1a: Archaludon
|-resisted|p1b: Swampert|1
|-damage|p1a: Archaludon|89/100
|-damage|p1b: Swampert|63/100
|-ability|p1a: Archaludon|Stamina|boost
|-boost|p1a: Archaludon|def|1
|move|p2a: Staraptor|Close Combat|p1a: Archaludon
|-supereffective|p1a: Archaludon|1
|-damage|p1a: Archaludon|33/100
|-boost|p2a: Staraptor|def|1
|-boost|p2a: Staraptor|spd|1
|-ability|p1a: Archaludon|Stamina|boost
|-boost|p1a: Archaludon|def|1
|cant|p1a: Archaludon|flinch
|
|-weather|RainDance|[upkeep]
|-heal|p1a: Archaludon|39/100|[from] item: Leftovers
|upkeep
|turn|3
|
|t:|1785888882
|switch|p2b: Whimsicott|Whimsicott, L50, F|100/100
|move|p2a: Staraptor|Protect|p2a: Staraptor
|-singleturn|p2a: Staraptor|Protect
|move|p1b: Swampert|Ice Punch|p2b: Whimsicott
|-supereffective|p2b: Whimsicott|1
|-damage|p2b: Whimsicott|38/100
|move|p1a: Archaludon|Electro Shot||[still]
|-prepare|p1a: Archaludon|Electro Shot
|-boost|p1a: Archaludon|spa|1
|-anim|p1a: Archaludon|Electro Shot|p2a: Staraptor
|-activate|p2a: Staraptor|move: Protect
|
|-weather|RainDance|[upkeep]
|-heal|p1a: Archaludon|45/100|[from] item: Leftovers
|upkeep
|turn|4
|
|t:|1785888914
|move|p1a: Archaludon|Protect|p1a: Archaludon
|-singleturn|p1a: Archaludon|Protect
|move|p2b: Whimsicott|Tailwind|p2b: Whimsicott
|-sidestart|p2: jeanryupr|move: Tailwind
|move|p2a: Staraptor|Roost|p2a: Staraptor
|-heal|p2a: Staraptor|71/100
|-singleturn|p2a: Staraptor|move: Roost
|move|p1b: Swampert|Wave Crash|p2a: Staraptor
|-damage|p2a: Staraptor|13/100
|-damage|p1b: Swampert|43/100|[from] Recoil
|
|-weather|RainDance|[upkeep]
|-heal|p1a: Archaludon|51/100|[from] item: Leftovers
|upkeep
|turn|5
|
|t:|1785888944
|move|p1b: Swampert|Protect|p1b: Swampert
|-singleturn|p1b: Swampert|Protect
|move|p2a: Staraptor|Close Combat|p1a: Archaludon
|-supereffective|p1a: Archaludon|1
|-damage|p1a: Archaludon|11/100
|-boost|p2a: Staraptor|def|1
|-boost|p2a: Staraptor|spd|1
|-ability|p1a: Archaludon|Stamina|boost
|-boost|p1a: Archaludon|def|1
|move|p2b: Whimsicott|Moonblast|p1b: Swampert
|-activate|p1b: Swampert|move: Protect
|move|p1a: Archaludon|Electro Shot||[still]
|-prepare|p1a: Archaludon|Electro Shot
|-boost|p1a: Archaludon|spa|1
|-anim|p1a: Archaludon|Electro Shot|p2a: Staraptor
|-supereffective|p2a: Staraptor|1
|-damage|p2a: Staraptor|0 fnt
|faint|p2a: Staraptor
|
|-weather|none
|-heal|p1a: Archaludon|17/100|[from] item: Leftovers
|upkeep
|
|t:|1785888956
|switch|p2a: Glimmora|Glimmora, L50, F|100/100
|turn|6
|
|t:|1785889013
|switch|p1a: Politoed|Politoed, L50, F|100/100
|-weather|RainDance|[from] ability: Drizzle|[of] p1a: Politoed
|move|p2b: Whimsicott|Moonblast|p1a: Politoed
|-damage|p1a: Politoed|79/100
|move|p2a: Glimmora|Sludge Bomb|p1b: Swampert
|-resisted|p1b: Swampert|1
|-damage|p1b: Swampert|21/100
|move|p1b: Swampert|Earthquake|p2b: Whimsicott|[spread] p1a,p2a,p2b
|-supereffective|p2a: Glimmora|2
|-resisted|p2b: Whimsicott|1
|-damage|p1a: Politoed|36/100
|-enditem|p2a: Glimmora|Focus Sash
|-damage|p2a: Glimmora|1/100
|-damage|p2b: Whimsicott|16/100
|-activate|p2a: Glimmora|ability: Toxic Debris
|-sidestart|p1: disobedient_vgc|move: Toxic Spikes
|-enditem|p1a: Politoed|Sitrus Berry|[eat]
|-heal|p1a: Politoed|61/100|[from] item: Sitrus Berry
|
|-weather|RainDance|[upkeep]
|upkeep
|turn|7
|
|t:|1785889050
|move|p1b: Swampert|Protect|p1b: Swampert
|-singleturn|p1b: Swampert|Protect
|move|p1a: Politoed|Protect|p1a: Politoed
|-singleturn|p1a: Politoed|Protect
|move|p2b: Whimsicott|Moonblast|p1a: Politoed
|-activate|p1a: Politoed|move: Protect
|move|p2a: Glimmora|Power Gem|p1b: Swampert
|-activate|p1b: Swampert|move: Protect
|
|-weather|RainDance|[upkeep]
|-sideend|p2: jeanryupr|move: Tailwind
|upkeep
|turn|8
|
|t:|1785889070
|move|p2b: Whimsicott|Tailwind|p2b: Whimsicott
|-sidestart|p2: jeanryupr|move: Tailwind
|move|p2a: Glimmora|Earth Power|p1b: Swampert
|-damage|p1b: Swampert|0 fnt
|faint|p1b: Swampert
|move|p1a: Politoed|Weather Ball|p2a: Glimmora
|-supereffective|p2a: Glimmora|1
|-damage|p2a: Glimmora|0 fnt
|faint|p2a: Glimmora
|
|-weather|RainDance|[upkeep]
|upkeep
|
|t:|1785889083
|switch|p2a: Garchomp|Garchomp, L50, M|100/100
|switch|p1b: Archaludon|Archaludon, L50, F, shiny|17/100
|turn|9
|
|t:|1785889095
|move|p1b: Archaludon|Protect|p1b: Archaludon
|-singleturn|p1b: Archaludon|Protect
|move|p2a: Garchomp|Earthquake|p1b: Archaludon|[spread] p2b,p1a
|-activate|p1b: Archaludon|move: Protect
|-resisted|p2b: Whimsicott|1
|-damage|p2b: Whimsicott|0 fnt
|-damage|p1a: Politoed|23/100
|faint|p2b: Whimsicott
|move|p1a: Politoed|Weather Ball|p2a: Garchomp
|-damage|p2a: Garchomp|45/100
|
|-weather|RainDance|[upkeep]
|-heal|p1b: Archaludon|23/100|[from] item: Leftovers
|upkeep
|turn|10
|
|t:|1785889115
|move|p2a: Garchomp|Earthquake|p1a: Politoed|[spread] p1a,p1b
|-supereffective|p1b: Archaludon|1
|-damage|p1a: Politoed|0 fnt
|-damage|p1b: Archaludon|0 fnt
|faint|p1a: Politoed
|faint|p1b: Archaludon
|
|win|jeanryupr
