|j|☆Raichu y fan
|j|☆Professor_J93
|html|Raichu y fanProfessor_J93    
|uhtml|bestof|Game 1 of a best-of-3
|t:|1782324165
|gametype|doubles
|player|p1|Raichu y fan|101|
|player|p2|Professor_J93|n|
|gen|9
|tier|[Gen 9 Champions] VGC 2026 Reg M-B (Bo3)
|rule|Species Clause: Limit one of each Pokémon
|rule|Item Clause: Limit 1 of each item
|clearpoke
|poke|p1|Venusaur, L50, F|
|poke|p1|Incineroar, L50, M|
|poke|p1|Alcremie, L50, F|
|poke|p1|Kingambit, L50, M|
|poke|p1|Sinistcha, L50|
|poke|p1|Altaria, L50, M|
|poke|p2|Raichu, L50, M|
|poke|p2|Vivillon-Ocean, L50, F|
|poke|p2|Infernape, L50, M|
|poke|p2|Sylveon, L50, M|
|poke|p2|Basculegion, L50, M|
|poke|p2|Farigiraf, L50, F|
|teampreview|4
|showteam|p1|Venusaur||Venusaurite|Chlorophyll|GigaDrain,EarthPower,SludgeBomb,Protect|Modest||F|||50|]Incineroar||SitrusBerry|Intimidate|FlareBlitz,FakeOut,BatonPass,Protect|Careful||M|||50|]Alcremie||KebiaBerry|AromaVeil|DazzlingGleam,Decorate,HelpingHand,Protect|Calm||F|||50|]Kingambit||Leftovers|Defiant|KowtowCleave,IronHead,SuckerPunch,Protect|Adamant||M|||50|]Sinistcha||CobaBerry|Hospitality|MatchaGotcha,RagePowder,TrickRoom,Protect|Relaxed|||||50|]Altaria||Altarianite|CloudNine|HyperVoice,Roost,PowerSwap,Protect|Calm||M|||50|
|showteam|p2|Raichu||RaichuniteY|LightningRod|ZapCannon,FocusBlast,FakeOut,Protect|Modest||M|||50|]Vivillon-Ocean||FocusSash|CompoundEyes|Hurricane,Tailwind,SleepPowder,Protect|Timid||F|||50|]Infernape||Charcoal|Blaze|Overheat,FakeOut,Encore,Protect|Timid||M|||50|]Sylveon||FairyFeather|Pixilate|HyperVoice,HyperBeam,QuickAttack,Protect|Modest||M|||50|]Basculegion||MysticWater|Adaptability|WaveCrash,AquaJet,LastRespects,Protect|Jolly||M|||50|]Farigiraf||SitrusBerry|ArmorTail|Psyshock,Roar,TrickRoom,HelpingHand|Relaxed||F|||50|
|c|☆Professor_J93|glhf
|
|t:|1782324220
|teamsize|p1|4
|teamsize|p2|4
|start
|switch|p1a: Incineroar|Incineroar, L50, M|100/100
|switch|p1b: Alcremie|Alcremie, L50, F|100/100
|switch|p2a: Farigiraf|Farigiraf, L50, F|100/100
|switch|p2b: Raichu|Raichu, L50, M|100/100
|-ability|p1a: Incineroar|Intimidate|boost
|-unboost|p2a: Farigiraf|atk|1
|-unboost|p2b: Raichu|atk|1
|turn|1
|
|t:|1782324239
|detailschange|p2b: Raichu|Raichu-Mega-Y, L50, M
|-mega|p2b: Raichu|Raichu|Raichunite Y
|move|p2b: Raichu|Fake Out|p1a: Incineroar
|-damage|p1a: Incineroar|95/100
|move|p1b: Alcremie|Decorate|p1a: Incineroar
|-boost|p1a: Incineroar|atk|2
|-boost|p1a: Incineroar|spa|2
|cant|p1a: Incineroar|flinch
|move|p2a: Farigiraf|Roar|p1a: Incineroar
|drag|p1a: Venusaur|Venusaur, L50, F|100/100
|
|upkeep
|turn|2
|
|t:|1782324265
|detailschange|p1a: Venusaur|Venusaur-Mega, L50, F
|-mega|p1a: Venusaur|Venusaur|Venusaurite
|move|p2b: Raichu|Zap Cannon|p1b: Alcremie
|-damage|p1b: Alcremie|44/100
|-status|p1b: Alcremie|par
|move|p1a: Venusaur|Earth Power|p2b: Raichu
|-supereffective|p2b: Raichu|1
|-damage|p2b: Raichu|13/100
|move|p2a: Farigiraf|Psyshock|p1a: Venusaur
|-supereffective|p1a: Venusaur|1
|-damage|p1a: Venusaur|51/100
|move|p1b: Alcremie|Dazzling Gleam|p2b: Raichu|[spread] p2a,p2b
|-damage|p2a: Farigiraf|78/100
|-damage|p2b: Raichu|0 fnt
|faint|p2b: Raichu
|
|upkeep
|
|t:|1782324289
|switch|p2b: Infernape|Infernape, L50, M|100/100
|turn|3
|
|t:|1782324310
|switch|p1a: Incineroar|Incineroar, L50, M|95/100
|-ability|p1a: Incineroar|Intimidate|boost
|-unboost|p2a: Farigiraf|atk|1
|-unboost|p2b: Infernape|atk|1
|move|p2a: Farigiraf|Helping Hand|p2b: Infernape
|-singleturn|p2b: Infernape|Helping Hand|[of] p2a: Farigiraf
|move|p2b: Infernape|Overheat|p1a: Incineroar|[miss]
|-miss|p2b: Infernape|p1a: Incineroar
|move|p1b: Alcremie|Decorate|p1a: Incineroar
|-boost|p1a: Incineroar|atk|2
|-boost|p1a: Incineroar|spa|2
|
|upkeep
|turn|4
|
|t:|1782324326
|switch|p2b: Sylveon|Sylveon, L50, M|100/100
|move|p1b: Alcremie|Helping Hand|p1a: Incineroar
|-singleturn|p1a: Incineroar|Helping Hand|[of] p1b: Alcremie
|move|p1a: Incineroar|Flare Blitz|p2a: Farigiraf
|-damage|p2a: Farigiraf|0 fnt
|faint|p2a: Farigiraf
|-damage|p1a: Incineroar|66/100|[from] Recoil
|
|upkeep
|
|t:|1782324333
|switch|p2a: Infernape|Infernape, L50, M|100/100
|turn|5
|
|t:|1782324345
|move|p1b: Alcremie|Helping Hand|p1a: Incineroar
|-singleturn|p1a: Incineroar|Helping Hand|[of] p1b: Alcremie
|move|p2a: Infernape|Fake Out|p1a: Incineroar
|-damage|p1a: Incineroar|59/100
|move|p2b: Sylveon|Hyper Voice|p1b: Alcremie|[spread] p1a,p1b
|-damage|p1a: Incineroar|22/100
|-damage|p1b: Alcremie|9/100 par
|-enditem|p1a: Incineroar|Sitrus Berry|[eat]
|-heal|p1a: Incineroar|47/100|[from] item: Sitrus Berry
|cant|p1a: Incineroar|flinch
|
|upkeep
|turn|6
|
|t:|1782324370
|move|p1b: Alcremie|Helping Hand|p1a: Incineroar
|-singleturn|p1a: Incineroar|Helping Hand|[of] p1b: Alcremie
|move|p2a: Infernape|Overheat|p1a: Incineroar
|-resisted|p1a: Incineroar|1
|-damage|p1a: Incineroar|18/100
|-unboost|p2a: Infernape|spa|2
|move|p2b: Sylveon|Hyper Voice|p1b: Alcremie|[spread] p1a,p1b
|-damage|p1a: Incineroar|0 fnt
|-damage|p1b: Alcremie|0 fnt
|faint|p1a: Incineroar
|faint|p1b: Alcremie
|
|upkeep
|
|t:|1782324378
|switch|p1b: Kingambit|Kingambit, L50, M|100/100
|switch|p1a: Venusaur|Venusaur-Mega, L50, F|51/100
|turn|7
|
|t:|1782324400
|move|p2a: Infernape|Overheat|p1b: Kingambit
|-supereffective|p1b: Kingambit|1
|-damage|p1b: Kingambit|38/100
|-unboost|p2a: Infernape|spa|2
|move|p1a: Venusaur|Earth Power|p2a: Infernape
|-supereffective|p2a: Infernape|1
|-crit|p2a: Infernape
|-damage|p2a: Infernape|0 fnt
|faint|p2a: Infernape
|move|p2b: Sylveon|Hyper Voice|p1b: Kingambit|[spread] p1a,p1b
|-resisted|p1a: Venusaur|1
|-crit|p1b: Kingambit
|-damage|p1a: Venusaur|31/100
|-damage|p1b: Kingambit|0 fnt
|faint|p1b: Kingambit
|
|upkeep
|turn|8
|
|t:|1782324415
|move|p1a: Venusaur|Sludge Bomb|p2b: Sylveon
|-supereffective|p2b: Sylveon|1
|-damage|p2b: Sylveon|32/100
|-status|p2b: Sylveon|psn
|move|p2b: Sylveon|Hyper Beam|p1a: Venusaur
|-resisted|p1a: Venusaur|1
|-damage|p1a: Venusaur|0 fnt
|-mustrecharge|p2b: Sylveon
|faint|p1a: Venusaur
|
|win|Professor_J93
||Professor_J93 is ready for game 2.
||Raichu y fan is ready for game 2.
|uhtml|next|Next: Game 2 of 3
