|j|☆Welosethose!
|j|☆LemonLimeScizor
|html|Welosethose!LemonLimeScizor    
|uhtml|bestof|Game 1 of a best-of-3
|t:|1756858784
|gametype|doubles
|player|p1|Welosethose!|hilbert|1244
|player|p2|LemonLimeScizor|drayden|1082
|gen|9
|tier|[Gen 9] VGC 2025 Reg H (Bo3)
|rated|
|rule|Species Clause: Limit one of each Pokémon
|rule|Item Clause: Limit 1 of each item
|clearpoke
|poke|p1|Politoed, L50, M|
|poke|p1|Gothitelle, L50, F|
|poke|p1|Kingdra, L50, F|
|poke|p1|Archaludon, L50, F|
|poke|p1|Amoonguss, L50, M|
|poke|p1|Incineroar, L50, M|
|poke|p2|Scizor, L50, M|
|poke|p2|Murkrow, L50, M|
|poke|p2|Archaludon, L50, M|
|poke|p2|Primarina, L50, F|
|poke|p2|Rillaboom, L50, F|
|poke|p2|Incineroar, L50, M|
|teampreview|4
|showteam|p1|Politoed||Leftovers|Drizzle|WeatherBall,Encore,PerishSong,Protect|||M|||50|,,,,,Grass]Gothitelle||SitrusBerry|ShadowTag|FakeOut,Psychic,TrickRoom,Protect|||F|||50|,,,,,Dark]Kingdra||LifeOrb|SwiftSwim|WeatherBall,MuddyWater,DracoMeteor,Protect|||F|||50|,,,,,Stellar]Archaludon||PowerHerb|Sturdy|ElectroShot,FlashCannon,DragonPulse,Protect|||F|||50|,,,,,Electric]Amoonguss||EjectButton|Regenerator|PollenPuff,Spore,RagePowder,Protect|||M|||50|,,,,,Fairy]Incineroar||SafetyGoggles|Intimidate|FakeOut,KnockOff,PartingShot,Protect|||M|||50|,,,,,Ghost
|showteam|p2|Scizor||ChoiceBand|Technician|BulletPunch,Uturn,TeraBlast,CloseCombat|||M|||50|,,,,,Fire]Murkrow||Eviolite|Prankster|Haze,Taunt,Tailwind,FoulPlay|||M|||50|,,,,,Dark]Archaludon||PowerHerb|Sturdy|ElectroShot,FlashCannon,Protect,DracoMeteor|||M|||50|,,,,,Electric]Primarina||ThroatSpray|LiquidVoice|HyperVoice,Reflect,Moonblast,LifeDew|||F|||50|,,,,,Water]Rillaboom||AssaultVest|GrassySurge|GrassyGlide,FakeOut,WoodHammer,HighHorsepower|||F|||50|,,,,,Poison]Incineroar||SafetyGoggles|Intimidate|KnockOff,PartingShot,Protect,DarkestLariat|||M|||50|,,,,,Ghost
|
|t:|1756858806
|teamsize|p1|4
|teamsize|p2|4
|start
|switch|p1a: Gothitelle|Gothitelle, L50, F|100/100
|switch|p1b: Archaludon|Archaludon, L50, F|100/100
|switch|p2a: Rillaboom|Rillaboom, L50, F|100/100
|switch|p2b: Incineroar|Incineroar, L50, M|100/100
|-fieldstart|move: Grassy Terrain|[from] ability: Grassy Surge|[of] p2a: Rillaboom
|-ability|p2b: Incineroar|Intimidate|boost
|-unboost|p1a: Gothitelle|atk|1
|-unboost|p1b: Archaludon|atk|1
|turn|1
|
|t:|1756858819
|move|p1b: Archaludon|Protect|p1b: Archaludon
|-singleturn|p1b: Archaludon|Protect
|move|p1a: Gothitelle|Protect|p1a: Gothitelle
|-singleturn|p1a: Gothitelle|Protect
|move|p2a: Rillaboom|Fake Out|p1b: Archaludon
|-activate|p1b: Archaludon|move: Protect
|move|p2b: Incineroar|Knock Off|p1a: Gothitelle
|-activate|p1a: Gothitelle|move: Protect
|
|upkeep
|turn|2
|
|t:|1756858841
|switch|p1a: Politoed|Politoed, L50, M|100/100
|-weather|RainDance|[from] ability: Drizzle|[of] p1a: Politoed
|move|p1b: Archaludon|Electro Shot||[still]
|-prepare|p1b: Archaludon|Electro Shot
|-boost|p1b: Archaludon|spa|1
|-anim|p1b: Archaludon|Electro Shot|p2b: Incineroar
|-damage|p2b: Incineroar|51/100
|move|p2a: Rillaboom|Wood Hammer|p1a: Politoed
|-supereffective|p1a: Politoed
|-damage|p1a: Politoed|0 fnt
|faint|p1a: Politoed
|-damage|p2a: Rillaboom|69/100|[from] Recoil
|move|p2b: Incineroar|Knock Off|p1b: Archaludon
|-damage|p1b: Archaludon|70/100
|-enditem|p1b: Archaludon|Power Herb|[from] move: Knock Off|[of] p2b: Incineroar
|
|-weather|RainDance|[upkeep]
|-heal|p1b: Archaludon|76/100|[from] Grassy Terrain
|-heal|p2a: Rillaboom|75/100|[from] Grassy Terrain
|-heal|p2b: Incineroar|57/100|[from] Grassy Terrain
|upkeep
|
|t:|1756858857
|switch|p1a: Amoonguss|Amoonguss, L50, M|100/100
|turn|3
|
|t:|1756858869
|move|p1a: Amoonguss|Rage Powder|p1a: Amoonguss
|-singleturn|p1a: Amoonguss|move: Rage Powder
|move|p1b: Archaludon|Electro Shot||[still]
|-prepare|p1b: Archaludon|Electro Shot
|-boost|p1b: Archaludon|spa|1
|-anim|p1b: Archaludon|Electro Shot|p2b: Incineroar
|-damage|p2b: Incineroar|0 fnt
|faint|p2b: Incineroar
|move|p2a: Rillaboom|High Horsepower|p1b: Archaludon
|-supereffective|p1b: Archaludon
|-damage|p1b: Archaludon|18/100
|
|-weather|RainDance|[upkeep]
|-heal|p1b: Archaludon|24/100|[from] Grassy Terrain
|-heal|p2a: Rillaboom|81/100|[from] Grassy Terrain
|upkeep
|
|t:|1756858885
|switch|p2b: Archaludon|Archaludon, L50, M|100/100
|turn|4
|
|t:|1756858910
|move|p1b: Archaludon|Protect|p1b: Archaludon
|-singleturn|p1b: Archaludon|Protect
|move|p2b: Archaludon|Draco Meteor|p1a: Amoonguss|[miss]
|-miss|p2b: Archaludon|p1a: Amoonguss
|move|p2a: Rillaboom|High Horsepower|p1b: Archaludon
|-activate|p1b: Archaludon|move: Protect
|move|p1a: Amoonguss|Spore|p2b: Archaludon
|-status|p2b: Archaludon|slp|[from] move: Spore
|
|-weather|RainDance|[upkeep]
|-heal|p1b: Archaludon|30/100|[from] Grassy Terrain
|-heal|p2a: Rillaboom|86/100|[from] Grassy Terrain
|upkeep
|turn|5
|
|t:|1756858925
|cant|p2b: Archaludon|slp
|move|p1b: Archaludon|Dragon Pulse|p2a: Rillaboom
|-damage|p2a: Rillaboom|26/100
|move|p2a: Rillaboom|High Horsepower|p1b: Archaludon
|-supereffective|p1b: Archaludon
|-damage|p1b: Archaludon|0 fnt
|faint|p1b: Archaludon
|move|p1a: Amoonguss|Pollen Puff|p2b: Archaludon
|-resisted|p2b: Archaludon
|-damage|p2b: Archaludon|87/100 slp
|
|-weather|RainDance|[upkeep]
|-heal|p2b: Archaludon|93/100 slp|[from] Grassy Terrain
|-heal|p2a: Rillaboom|31/100|[from] Grassy Terrain
|-fieldend|move: Grassy Terrain
|upkeep
|
|t:|1756858928
|switch|p1b: Gothitelle|Gothitelle, L50, F|100/100
|turn|6
|
|t:|1756858944
|cant|p2b: Archaludon|slp
|move|p2a: Rillaboom|Wood Hammer|p1b: Gothitelle
|-damage|p1b: Gothitelle|49/100
|-enditem|p1b: Gothitelle|Sitrus Berry|[eat]
|-heal|p1b: Gothitelle|74/100|[from] item: Sitrus Berry
|-damage|p2a: Rillaboom|17/100|[from] Recoil
|move|p1a: Amoonguss|Pollen Puff|p1b: Gothitelle
|-heal|p1b: Gothitelle|100/100
|move|p1b: Gothitelle|Trick Room|p1b: Gothitelle
|-fieldstart|move: Trick Room|[of] p1b: Gothitelle
|
|-weather|none
|upkeep
|turn|7
|
|t:|1756858968
|-terastallize|p1a: Amoonguss|Fairy
|move|p1a: Amoonguss|Pollen Puff|p2a: Rillaboom
|-supereffective|p2a: Rillaboom
|-damage|p2a: Rillaboom|0 fnt
|faint|p2a: Rillaboom
|move|p1b: Gothitelle|Psychic|p2b: Archaludon
|-resisted|p2b: Archaludon
|-damage|p2b: Archaludon|69/100 slp
|-curestatus|p2b: Archaludon|slp|[msg]
|move|p2b: Archaludon|Electro Shot||[still]
|-prepare|p2b: Archaludon|Electro Shot
|-boost|p2b: Archaludon|spa|1
|-enditem|p2b: Archaludon|Power Herb
|-anim|p2b: Archaludon|Electro Shot|p1b: Gothitelle
|-damage|p1b: Gothitelle|42/100
|
|upkeep
|
|t:|1756858982
|switch|p2a: Primarina|Primarina, L50, F|100/100
|turn|8
|
|t:|1756858995
|move|p1b: Gothitelle|Protect|p1b: Gothitelle
|-singleturn|p1b: Gothitelle|Protect
|move|p1a: Amoonguss|Spore|p2b: Archaludon
|-status|p2b: Archaludon|slp|[from] move: Spore
|move|p2a: Primarina|Hyper Voice|p1a: Amoonguss|[spread] p1a
|-activate|p1b: Gothitelle|move: Protect
|-damage|p1a: Amoonguss|77/100
|-enditem|p2a: Primarina|Throat Spray
|-boost|p2a: Primarina|spa|1|[from] item: Throat Spray
|cant|p2b: Archaludon|slp
|
|upkeep
|turn|9
|
|t:|1756859013
|move|p1a: Amoonguss|Pollen Puff|p1b: Gothitelle
|-heal|p1b: Gothitelle|91/100
|move|p1b: Gothitelle|Psychic|p2a: Primarina
|-damage|p2a: Primarina|81/100
|move|p2a: Primarina|Hyper Voice|p1a: Amoonguss|[spread] p1a,p1b
|-damage|p1a: Amoonguss|41/100
|-damage|p1b: Gothitelle|60/100
|cant|p2b: Archaludon|slp
|
|upkeep
|turn|10
|
|t:|1756859026
|move|p1a: Amoonguss|Spore|p2a: Primarina
|-status|p2a: Primarina|slp|[from] move: Spore
|move|p1b: Gothitelle|Psychic|p2a: Primarina
|-damage|p2a: Primarina|63/100 slp
|cant|p2a: Primarina|slp
|-curestatus|p2b: Archaludon|slp|[msg]
|move|p2b: Archaludon|Flash Cannon|p1a: Amoonguss
|-supereffective|p1a: Amoonguss
|-crit|p1a: Amoonguss
|-damage|p1a: Amoonguss|0 fnt
|faint|p1a: Amoonguss
|
|-fieldend|move: Trick Room
|upkeep
|turn|11
|
|t:|1756859048
|-terastallize|p2a: Primarina|Water
|move|p2b: Archaludon|Draco Meteor|p1b: Gothitelle
|-damage|p1b: Gothitelle|0 fnt
|-unboost|p2b: Archaludon|spa|2
|faint|p1b: Gothitelle
|
|win|LemonLimeScizor
||Welosethose! is ready for game 2.
||LemonLimeScizor is ready for game 2.
|uhtml|next|Next: Game 2 of 3
|l|☆LemonLimeScizor
|player|p2|
