|j|☆CrystalGem02
|j|☆freyartchan
|html|CrystalGem02freyartchan    
|uhtml|bestof|Game 2 of a best-of-3
|t:|1756662096
|gametype|doubles
|player|p1|CrystalGem02|valerie|
|player|p2|freyartchan|kieran-champion|
|gen|9
|tier|[Gen 9] VGC 2025 Reg H (Bo3)
|rule|Species Clause: Limit one of each Pokémon
|rule|Item Clause: Limit 1 of each item
|clearpoke
|poke|p1|Ursaluna, L50, F|
|poke|p1|Porygon2, L50|
|poke|p1|Incineroar, L50, M|
|poke|p1|Yanmega, L50, M|
|poke|p1|Sneasler, L50, M|
|poke|p1|Archaludon, L50, F|
|poke|p2|Sylveon, L50, M|
|poke|p2|Archaludon, L50, F|
|poke|p2|Incineroar, L50, M|
|poke|p2|Ursaluna, L50, F|
|poke|p2|Ribombee, L50, M|
|poke|p2|Porygon2, L50|
|teampreview|4
|showteam|p1|Ursaluna||FlameOrb|Guts|Facade,HeadlongRush,Earthquake,Protect|||F|||50|,,,,,Ghost]Porygon2||Eviolite|Download|TeraBlast,IceBeam,Recover,TrickRoom||||||50|,,,,,Flying]Incineroar||SafetyGoggles|Intimidate|FlareBlitz,KnockOff,PartingShot,FakeOut|||M|||50|,,,,,Ghost]Yanmega||FocusSash|SpeedBoost|BugBuzz,AirSlash,Tailwind,Protect|||M|||50|,,,,,Ghost]Sneasler||WhiteHerb|Unburden|DireClaw,CloseCombat,ThroatChop,Protect|||M|||50|,,,,,Stellar]Archaludon||PowerHerb|Stalwart|ElectroShot,DragonPulse,Thunderbolt,Protect|||F|||50|,,,,,Electric
|showteam|p2|Sylveon||LifeOrb|Pixilate|HyperVoice,QuickAttack,TeraBlast,Protect|||M|||50|,,,,,Fire]Archaludon||PowerHerb|Sturdy|FlashCannon,DracoMeteor,ElectroShot,Protect|||F|||50|,,,,,Electric]Incineroar||SafetyGoggles|Intimidate|FakeOut,FlareBlitz,KnockOff,PartingShot|||M|||50|,,,,,Ghost]Ursaluna||FlameOrb|Guts|Facade,HeadlongRush,Earthquake,Protect|||F|||50|,,,,,Ghost]Ribombee||CovertCloak|SweetVeil|Tailwind,PollenPuff,StruggleBug,Protect|||M|||50|,,,,,Water]Porygon2||Eviolite|Download|TeraBlast,IceBeam,Recover,TrickRoom||||||50|,,,,,Flying
|
|t:|1756662192
|teamsize|p1|4
|teamsize|p2|4
|start
|switch|p1a: Yanmega|Yanmega, L50, M|100/100
|switch|p1b: Incineroar|Incineroar, L50, M|100/100
|switch|p2a: Scotti|Incineroar, L50, M|100/100
|switch|p2b: Luna|Ursaluna, L50, F|100/100
|-ability|p1b: Incineroar|Intimidate|boost
|-unboost|p2a: Scotti|atk|1
|-unboost|p2b: Luna|atk|1
|-ability|p2a: Scotti|Intimidate|boost
|-unboost|p1a: Yanmega|atk|1
|-unboost|p1b: Incineroar|atk|1
|turn|1
|
|t:|1756662474
|move|p1a: Yanmega|Protect|p1a: Yanmega
|-singleturn|p1a: Yanmega|Protect
|move|p2a: Scotti|Fake Out|p1b: Incineroar
|-damage|p1b: Incineroar|94/100
|cant|p1b: Incineroar|flinch
|move|p2b: Luna|Headlong Rush|p1b: Incineroar
|-supereffective|p1b: Incineroar
|-damage|p1b: Incineroar|0 fnt
|-unboost|p2b: Luna|def|1
|-unboost|p2b: Luna|spd|1
|faint|p1b: Incineroar
|
|-ability|p1a: Yanmega|Speed Boost|boost
|-boost|p1a: Yanmega|spe|1
|-status|p2b: Luna|brn|[from] item: Flame Orb
|upkeep
|
|t:|1756662482
|switch|p1b: Sneasler|Sneasler, L50, M, shiny|100/100
|turn|2
|
|t:|1756662582
|switch|p2b: Honey|Ribombee, L50, M|100/100
|-terastallize|p1b: Sneasler|Stellar
|-terastallize|p2a: Scotti|Ghost
|move|p1a: Yanmega|Bug Buzz|p2a: Scotti
|-resisted|p2a: Scotti
|-crit|p2a: Scotti
|-damage|p2a: Scotti|71/100
|move|p1b: Sneasler|Throat Chop|p2b: Honey
|-resisted|p2b: Honey
|-damage|p2b: Honey|68/100
|move|p2a: Scotti|Parting Shot|p1b: Sneasler
|-unboost|p1b: Sneasler|atk|1
|-unboost|p1b: Sneasler|spa|1
|-enditem|p1b: Sneasler|White Herb
|-clearnegativeboost|p1b: Sneasler|[silent]
|
|t:|1756662614
|switch|p2a: Skye|Archaludon, L50, F|100/100|[from] Parting Shot
|
|-ability|p1a: Yanmega|Speed Boost|boost
|-boost|p1a: Yanmega|spe|1
|upkeep
|turn|3
|
|t:|1756662633
|move|p1b: Sneasler|Throat Chop|p2a: Skye
|-crit|p2a: Skye
|-damage|p2a: Skye|65/100
|-start|p2a: Skye|Throat Chop|[silent]
|move|p1a: Yanmega|Air Slash|p2b: Honey
|-supereffective|p2b: Honey
|-damage|p2b: Honey|0 fnt
|faint|p2b: Honey
|move|p2a: Skye|Electro Shot||[still]
|-prepare|p2a: Skye|Electro Shot
|-boost|p2a: Skye|spa|1
|-enditem|p2a: Skye|Power Herb
|-anim|p2a: Skye|Electro Shot|p1b: Sneasler
|-damage|p1b: Sneasler|16/100
|
|-ability|p1a: Yanmega|Speed Boost|boost
|-boost|p1a: Yanmega|spe|1
|upkeep
|
|t:|1756662656
|switch|p2b: Scotti|Incineroar, L50, M, tera:Ghost|71/100
|-ability|p2b: Scotti|Intimidate|boost
|-unboost|p1a: Yanmega|atk|1
|-unboost|p1b: Sneasler|atk|1
|turn|4
|
|t:|1756662694
|switch|p1b: Ursaluna|Ursaluna, L50, F, shiny|100/100
|move|p1a: Yanmega|Protect|p1a: Yanmega
|-singleturn|p1a: Yanmega|Protect
|move|p2a: Skye|Flash Cannon|p1a: Yanmega
|-activate|p1a: Yanmega|move: Protect
|move|p2b: Scotti|Parting Shot|p1a: Yanmega
|-activate|p1a: Yanmega|move: Protect
|
|-end|p2a: Skye|Throat Chop|[silent]
|-ability|p1a: Yanmega|Speed Boost|boost
|-boost|p1a: Yanmega|spe|1
|-status|p1b: Ursaluna|brn|[from] item: Flame Orb
|upkeep
|turn|5
|
|t:|1756662741
|move|p2a: Skye|Protect|p2a: Skye
|-singleturn|p2a: Skye|Protect
|move|p1a: Yanmega|Tailwind|p1a: Yanmega
|-sidestart|p1: CrystalGem02|move: Tailwind
|move|p1b: Ursaluna|Headlong Rush|p2b: Scotti
|-crit|p2b: Scotti
|-damage|p2b: Scotti|0 fnt
|-unboost|p1b: Ursaluna|def|1
|-unboost|p1b: Ursaluna|spd|1
|faint|p2b: Scotti
|
|-damage|p1b: Ursaluna|95/100 brn|[from] brn
|-ability|p1a: Yanmega|Speed Boost|boost
|-boost|p1a: Yanmega|spe|1
|upkeep
|
|t:|1756662754
|switch|p2b: Luna|Ursaluna, L50, F|100/100 brn
|turn|6
|j| entei enthusiast
|l| entei enthusiast
|
|t:|1756662906
|move|p1a: Yanmega|Bug Buzz|p2b: Luna
|-damage|p2b: Luna|59/100 brn
|move|p1b: Ursaluna|Earthquake|p2a: Skye|[spread] p2a,p2b
|-immune|p1a: Yanmega
|-supereffective|p2a: Skye
|-damage|p2a: Skye|0 fnt
|-damage|p2b: Luna|14/100 brn
|faint|p2a: Skye
|move|p2b: Luna|Facade|p1b: Ursaluna
|-damage|p1b: Ursaluna|0 fnt
|faint|p1b: Ursaluna
|
|-damage|p2b: Luna|9/100 brn|[from] brn
|-ability|p1a: Yanmega|Speed Boost|boost
|-boost|p1a: Yanmega|spe|1
|upkeep
|
|t:|1756662928
|switch|p1b: Sneasler|Sneasler, L50, M, shiny, tera:Stellar|16/100
|turn|7
|
|t:|1756662933
|move|p2b: Luna|Protect|p2b: Luna
|-singleturn|p2b: Luna|Protect
|move|p1a: Yanmega|Bug Buzz|p2b: Luna
|-activate|p2b: Luna|move: Protect
|move|p1b: Sneasler|Dire Claw|p2b: Luna
|-activate|p2b: Luna|move: Protect
|
|-damage|p2b: Luna|3/100 brn|[from] brn
|upkeep
|turn|8
|-message|freyartchan forfeited.
|
|win|CrystalGem02
