|j|☆Oblivionruler
|j|☆new mental
|html|Oblivionrulernew mental    
|uhtml|bestof|Game 2 of a best-of-3
|t:|1784639799
|gametype|doubles
|player|p1|Oblivionruler|102|1128
|player|p2|new mental|volkner|1235
|gen|9
|tier|[Gen 9 Champions] VGC 2026 Reg M-B (Bo3)
|rated|
|rule|Species Clause: Limit one of each Pokémon
|rule|Item Clause: Limit 1 of each item
|clearpoke
|poke|p1|Raichu, L50, M|
|poke|p1|Milotic, L50, F|
|poke|p1|Mamoswine, L50, F|
|poke|p1|Sinistcha, L50|
|poke|p1|Gholdengo, L50|
|poke|p1|Talonflame, L50, F|
|poke|p2|Aerodactyl, L50, F|
|poke|p2|Garchomp, L50, M|
|poke|p2|Kingambit, L50, M|
|poke|p2|Charizard, L50, F|
|poke|p2|Sylveon, L50, F|
|poke|p2|Farigiraf, L50, M|
|teampreview|4
|showteam|p1|Raichu||RaichuniteY|LightningRod|ZapCannon,FocusBlast,FakeOut,Protect|Timid||M|||50|]Milotic||Leftovers|Competitive|MuddyWater,Hypnosis,Coil,Recover|Calm||F|||50|]Mamoswine||FocusSash|Oblivious|RockSlide,HighHorsepower,IceShard,Protect|Adamant||F|||50|]Sinistcha||ColburBerry|Hospitality|MatchaGotcha,LifeDew,TrickRoom,RagePowder|Calm|||||50|]Gholdengo||LifeOrb|GoodasGold|NastyPlot,ShadowBall,MakeItRain,Protect|Modest|||||50|]Talonflame||SharpBeak|GaleWings|DualWingbeat,WillOWisp,Tailwind,QuickGuard|Jolly||F|||50|
|showteam|p2|Aerodactyl||Aerodactylite|Unnerve|IceFang,RockSlide,Tailwind,DualWingbeat|Jolly||F|||50|]Garchomp||LifeOrb|RoughSkin|DragonClaw,RockSlide,Earthquake,Protect|Jolly||M|||50|]Kingambit||FocusSash|Defiant|SuckerPunch,KowtowCleave,IronHead,LowKick|Adamant||M|||50|]Charizard||CharizarditeY|SolarPower|Protect,WeatherBall,HeatWave,SolarBeam|Modest||F|||50|]Sylveon||FairyFeather|Pixilate|Protect,HyperVoice,HyperBeam,QuickAttack|Modest||F|||50|]Farigiraf||SitrusBerry|ArmorTail|TrickRoom,Thunderbolt,Roar,Psychic|Bold||M|||50|
|inactive|Battle timer is ON: inactive players will automatically lose when time's up. (requested by new mental)
|
|t:|1784639836
|teamsize|p1|4
|teamsize|p2|4
|start
|switch|p1a: Talonflame|Talonflame, L50, F|100/100
|switch|p1b: Mamoswine|Mamoswine, L50, F|100/100
|switch|p2a: Sylveon|Sylveon, L50, F|100/100
|switch|p2b: Farigiraf|Farigiraf, L50, M|100/100
|turn|1
|
|t:|1784639852
|move|p1a: Talonflame|Dual Wingbeat||[still]
|cant|p2b: Farigiraf|ability: Armor Tail|Dual Wingbeat|[of] p1a: Talonflame
|move|p1b: Mamoswine|High Horsepower|p2a: Sylveon
|-damage|p2a: Sylveon|42/100
|move|p2a: Sylveon|Hyper Voice|p1b: Mamoswine|[spread] p1a,p1b
|-resisted|p1a: Talonflame|1
|-damage|p1a: Talonflame|62/100
|-damage|p1b: Mamoswine|30/100
|move|p2b: Farigiraf|Trick Room|p2b: Farigiraf
|-fieldstart|move: Trick Room|[of] p2b: Farigiraf
|
|upkeep
|turn|2
|
|t:|1784639865
|move|p1b: Mamoswine|Protect|p1b: Mamoswine
|-singleturn|p1b: Mamoswine|Protect
|move|p2b: Farigiraf|Psychic|p1a: Talonflame
|-damage|p1a: Talonflame|7/100
|-unboost|p1a: Talonflame|spd|1
|move|p2a: Sylveon|Hyper Voice|p1b: Mamoswine|[spread] p1a
|-activate|p1b: Mamoswine|move: Protect
|-resisted|p1a: Talonflame|1
|-damage|p1a: Talonflame|0 fnt
|faint|p1a: Talonflame
|
|upkeep
|
|t:|1784639872
|switch|p1a: Gholdengo|Gholdengo, L50|100/100
|turn|3
|
|t:|1784639883
|move|p2b: Farigiraf|Psychic|p1a: Gholdengo
|-resisted|p1a: Gholdengo|1
|-damage|p1a: Gholdengo|84/100
|-unboost|p1a: Gholdengo|spd|1
|move|p2a: Sylveon|Hyper Voice|p1b: Mamoswine|[spread] p1a,p1b
|-resisted|p1a: Gholdengo|1
|-damage|p1a: Gholdengo|52/100
|-damage|p1b: Mamoswine|0 fnt
|faint|p1b: Mamoswine
|move|p1a: Gholdengo|Nasty Plot|p1a: Gholdengo
|-boost|p1a: Gholdengo|spa|2
|
|upkeep
|
|t:|1784639892
|switch|p1b: Raichu|Raichu, L50, M|100/100
|turn|4
|
|t:|1784639899
|detailschange|p1b: Raichu|Raichu-Mega-Y, L50, M
|-mega|p1b: Raichu|Raichu|Raichunite Y
|move|p2b: Farigiraf|Psychic|p1b: Raichu
|-damage|p1b: Raichu|54/100
|move|p2a: Sylveon|Hyper Voice|p1b: Raichu|[spread] p1a,p1b
|-resisted|p1a: Gholdengo|1
|-damage|p1a: Gholdengo|21/100
|-damage|p1b: Raichu|0 fnt
|faint|p1b: Raichu
|move|p1a: Gholdengo|Make It Rain|p2a: Sylveon|[spread] p2a,p2b
|-supereffective|p2a: Sylveon|1
|-damage|p2a: Sylveon|0 fnt
|-damage|p2b: Farigiraf|0 fnt
|-unboost|p1a: Gholdengo|spa|2
|faint|p2a: Sylveon
|faint|p2b: Farigiraf
|-damage|p1a: Gholdengo|11/100|[from] item: Life Orb
|
|upkeep
|
|t:|1784639905
|switch|p2b: Charizard|Charizard, L50, F|100/100
|switch|p2a: Kingambit|Kingambit, L50, M|100/100
|turn|5
|-message|Oblivionruler forfeited.
|
|win|new mental
