|j|☆Navizz0
|j|☆sadnessvgc
|html|Navizz0sadnessvgc    
|uhtml|bestof|Game 1 of a best-of-3
|t:|1783840368
|gametype|doubles
|player|p1|Navizz0|ethan|1406
|player|p2|sadnessvgc|agatha-gen1rb|1342
|gen|9
|tier|[Gen 9 Champions] VGC 2026 Reg M-B (Bo3)
|rated|
|rule|Species Clause: Limit one of each Pokémon
|rule|Item Clause: Limit 1 of each item
|clearpoke
|poke|p1|Blaziken, L50, M|
|poke|p1|Basculegion, L50, M|
|poke|p1|Farigiraf, L50, M|
|poke|p1|Aerodactyl, L50, F|
|poke|p1|Kingambit, L50, M|
|poke|p1|Ninetales-Alola, L50, M|
|poke|p2|Swampert, L50, M, shiny|
|poke|p2|Incineroar, L50, F, shiny|
|poke|p2|Gengar, L50, M, shiny|
|poke|p2|Archaludon, L50, M, shiny|
|poke|p2|Politoed, L50, M, shiny|
|poke|p2|Vivillon, L50, M, shiny|
|teampreview|4
|showteam|p1|Blaziken||Blazikenite|SpeedBoost|AuraSphere,HeatWave,ScorchingSands,Detect|Modest||M|||50|]Basculegion||ChoiceScarf|Adaptability|LastRespects,WaveCrash,AquaJet,FlipTurn|Jolly||M|||50|]Farigiraf||SitrusBerry|ArmorTail|SunnyDay,TwinBeam,Protect,TrickRoom|Calm||M|||50|]Aerodactyl||Aerodactylite|Unnerve|RockSlide,DualWingbeat,WideGuard,Tailwind|Jolly||F|||50|]Kingambit||FocusSash|Defiant|SuckerPunch,IronHead,LowKick,KowtowCleave|Adamant||M|||50|]Ninetales-Alola||LifeOrb|SnowWarning|Blizzard,FreezeDry,Moonblast,Protect|Timid||M|||50|
|showteam|p2|Swampert||Swampertite|Torrent|WaveCrash,Earthquake,IcePunch,Protect|Adamant||M|||50|]Incineroar||PasshoBerry|Intimidate|FakeOut,ThroatChop,PartingShot,Protect|Sassy||F|||50|]Gengar||Gengarite|CursedBody|ShadowBall,PerishSong,SludgeBomb,Protect|Timid||M|||50|]Archaludon||Leftovers|Stamina|DragonPulse,FlashCannon,ElectroShot,Protect|Bold||M|||50|]Politoed||SitrusBerry|Drizzle|WeatherBall,PerishSong,Encore,Protect|Calm||M|||50|]Vivillon||FocusSash|CompoundEyes|SleepPowder,RagePowder,Hurricane,Protect|Timid||M|||50|
|inactive|Battle timer is ON: inactive players will automatically lose when time's up. (requested by Navizz0)
|inactive|sadnessvgc has 60 seconds left.
|inactive|sadnessvgc has 30 seconds left.
|inactive|sadnessvgc has 20 seconds left.
|inactive|sadnessvgc has 15 seconds left.
|
|t:|1783840448
|teamsize|p1|4
|teamsize|p2|4
|start
|switch|p1a: Basculegion|Basculegion, L50, M|100/100
|switch|p1b: Blaziken|Blaziken, L50, M|100/100
|switch|p2a: Swampert|Swampert, L50, M, shiny|100/100
|switch|p2b: Vivillon|Vivillon, L50, M, shiny|100/100
|turn|1
|inactive|sadnessvgc has 30 seconds left.
|
|t:|1783840480
|switch|p2b: Archaludon|Archaludon, L50, M, shiny|100/100
|detailschange|p1b: Blaziken|Blaziken-Mega, L50, M
|-mega|p1b: Blaziken|Blaziken|Blazikenite
|detailschange|p2a: Swampert|Swampert-Mega, L50, M, shiny
|-mega|p2a: Swampert|Swampert|Swampertite
|move|p1b: Blaziken|Detect|p1b: Blaziken
|-singleturn|p1b: Blaziken|Protect
|move|p1a: Basculegion|Flip Turn|p2b: Archaludon
|-resisted|p2b: Archaludon|1
|-damage|p2b: Archaludon|87/100
|-ability|p2b: Archaludon|Stamina|boost
|-boost|p2b: Archaludon|def|1
|inactive|Navizz0 has 30 seconds left.
|
|t:|1783840507
|switch|p1a: Ninetales|Ninetales-Alola, L50, M|100/100|[from] Flip Turn
|-weather|Snowscape|[from] ability: Snow Warning|[of] p1a: Ninetales
|move|p2a: Swampert|Wave Crash|p1b: Blaziken
|-activate|p1b: Blaziken|move: Protect
|
|-weather|Snowscape|[upkeep]
|-heal|p2b: Archaludon|93/100|[from] item: Leftovers
|-ability|p1b: Blaziken|Speed Boost|boost
|-boost|p1b: Blaziken|spe|1
|upkeep
|turn|2
|
|t:|1783840531
|switch|p2a: Politoed|Politoed, L50, M, shiny|100/100
|-weather|RainDance|[from] ability: Drizzle|[of] p2a: Politoed
|move|p1b: Blaziken|Aura Sphere|p2b: Archaludon
|-supereffective|p2b: Archaludon|1
|-damage|p2b: Archaludon|2/100
|-ability|p2b: Archaludon|Stamina|boost
|-boost|p2b: Archaludon|def|1
|move|p1a: Ninetales|Freeze-Dry|p2a: Politoed
|-supereffective|p2a: Politoed|1
|-damage|p2a: Politoed|40/100
|-enditem|p2a: Politoed|Sitrus Berry|[eat]
|-heal|p2a: Politoed|65/100|[from] item: Sitrus Berry
|-damage|p1a: Ninetales|90/100|[from] item: Life Orb
|move|p2b: Archaludon|Electro Shot||[still]
|-prepare|p2b: Archaludon|Electro Shot
|-boost|p2b: Archaludon|spa|1
|-anim|p2b: Archaludon|Electro Shot|p1b: Blaziken
|-damage|p1b: Blaziken|26/100
|
|-weather|RainDance|[upkeep]
|-heal|p2b: Archaludon|8/100|[from] item: Leftovers
|-ability|p1b: Blaziken|Speed Boost|boost
|-boost|p1b: Blaziken|spe|1
|upkeep
|turn|3
|inactive|sadnessvgc has 30 seconds left.
|
|t:|1783840566
|move|p2a: Politoed|Protect|p2a: Politoed
|-singleturn|p2a: Politoed|Protect
|move|p1b: Blaziken|Heat Wave|p2b: Archaludon|[spread] p2b
|-activate|p2a: Politoed|move: Protect
|-damage|p2b: Archaludon|0 fnt
|faint|p2b: Archaludon
|move|p1a: Ninetales|Freeze-Dry|p2a: Politoed
|-activate|p2a: Politoed|move: Protect
|
|-weather|RainDance|[upkeep]
|-ability|p1b: Blaziken|Speed Boost|boost
|-boost|p1b: Blaziken|spe|1
|upkeep
|
|t:|1783840574
|switch|p2b: Swampert|Swampert-Mega, L50, M, shiny|100/100
|turn|4
|
|t:|1783840591
|switch|p1a: Kingambit|Kingambit, L50, M|100/100
|switch|p2a: Vivillon|Vivillon, L50, M, shiny|100/100
|move|p1b: Blaziken|Detect|p1b: Blaziken
|-singleturn|p1b: Blaziken|Protect
|move|p2b: Swampert|Earthquake|p1b: Blaziken|[spread] p1a
|-activate|p1b: Blaziken|move: Protect
|-immune|p2a: Vivillon
|-supereffective|p1a: Kingambit|1
|-damage|p1a: Kingambit|33/100
|
|-weather|RainDance|[upkeep]
|-ability|p1b: Blaziken|Speed Boost|boost
|-boost|p1b: Blaziken|spe|1
|upkeep
|turn|5
|inactive|Navizz0 has 30 seconds left.
|
|t:|1783840623
|switch|p1a: Ninetales|Ninetales-Alola, L50, M|90/100
|-weather|Snowscape|[from] ability: Snow Warning|[of] p1a: Ninetales
|move|p2a: Vivillon|Rage Powder|p2a: Vivillon
|-singleturn|p2a: Vivillon|move: Rage Powder
|move|p1b: Blaziken|Heat Wave|p2b: Swampert|[spread] p2a,p2b
|-supereffective|p2a: Vivillon|1
|-resisted|p2b: Swampert|1
|-enditem|p2a: Vivillon|Focus Sash
|-damage|p2a: Vivillon|1/100
|-damage|p2b: Swampert|80/100
|move|p2b: Swampert|Earthquake|p1a: Ninetales|[spread] p1a,p1b
|-immune|p2a: Vivillon
|-supereffective|p1b: Blaziken|1
|-damage|p1a: Ninetales|46/100
|-damage|p1b: Blaziken|0 fnt
|faint|p1b: Blaziken
|
|-weather|Snowscape|[upkeep]
|upkeep
|
|t:|1783840634
|switch|p1b: Basculegion|Basculegion, L50, M|100/100
|turn|6
|
|t:|1783840653
|move|p2a: Vivillon|Protect|p2a: Vivillon
|-singleturn|p2a: Vivillon|Protect
|move|p2b: Swampert|Protect|p2b: Swampert
|-singleturn|p2b: Swampert|Protect
|move|p1b: Basculegion|Last Respects|p2a: Vivillon
|-activate|p2a: Vivillon|move: Protect
|move|p1a: Ninetales|Freeze-Dry|p2b: Swampert
|-activate|p2b: Swampert|move: Protect
|
|-weather|Snowscape|[upkeep]
|upkeep
|turn|7
|
|t:|1783840670
|switch|p2a: Politoed|Politoed, L50, M, shiny|65/100
|-weather|RainDance|[from] ability: Drizzle|[of] p2a: Politoed
|move|p2b: Swampert|Wave Crash|p1a: Ninetales
|-damage|p1a: Ninetales|0 fnt
|faint|p1a: Ninetales
|-damage|p2b: Swampert|67/100|[from] Recoil
|move|p1b: Basculegion|Last Respects|p2b: Swampert
|-damage|p2b: Swampert|0 fnt
|faint|p2b: Swampert
|
|-weather|RainDance|[upkeep]
|upkeep
|
|t:|1783840683
|switch|p1a: Kingambit|Kingambit, L50, M|33/100
|switch|p2b: Vivillon|Vivillon, L50, M, shiny|1/100
|turn|8
|
|t:|1783840695
|move|p2b: Vivillon|Rage Powder|p2b: Vivillon
|-singleturn|p2b: Vivillon|move: Rage Powder
|move|p1b: Basculegion|Last Respects|p2b: Vivillon
|-damage|p2b: Vivillon|0 fnt
|faint|p2b: Vivillon
|move|p2a: Politoed|Perish Song|p2a: Politoed
|-start|p1a: Kingambit|perish3|[silent]
|-start|p1b: Basculegion|perish3|[silent]
|-start|p2a: Politoed|perish3|[silent]
|-fieldactivate|move: Perish Song
|move|p1a: Kingambit|Kowtow Cleave|p2a: Politoed
|-damage|p2a: Politoed|21/100
|
|-weather|RainDance|[upkeep]
|-start|p1b: Basculegion|perish3
|-start|p2a: Politoed|perish3
|-start|p1a: Kingambit|perish3
|upkeep
|turn|9
|-message|sadnessvgc forfeited.
|
|win|Navizz0
||sadnessvgc is ready for game 2.
||Navizz0 is ready for game 2.
|uhtml|next|Next: Game 2 of 3
|l|☆Navizz0
|player|p1|
