|j|☆Wangopedia
|j|☆colemarcusvgc
|html|Wangopediacolemarcusvgc    
|uhtml|bestof|Game 2 of a best-of-3
|t:|1756531451
|gametype|doubles
|player|p1|Wangopedia|1|1000
|player|p2|colemarcusvgc|n|1000
|gen|9
|tier|[Gen 9] VGC 2025 Reg H (Bo3)
|rated|
|rule|Species Clause: Limit one of each Pokémon
|rule|Item Clause: Limit 1 of each item
|clearpoke
|poke|p1|Sinistcha-Masterpiece, L50|
|poke|p1|Swampert, L50, M|
|poke|p1|Weezing-Galar, L50, M|
|poke|p1|Tinkaton, L50, F|
|poke|p1|Mandibuzz, L50, F|
|poke|p2|Indeedee-F, L50, F|
|poke|p2|Hatterene, L50, F|
|poke|p2|Ursaluna, L50, F|
|poke|p2|Amoonguss, L50, M|
|poke|p2|Porygon2, L50|
|poke|p2|Tyranitar, L50, F|
|teampreview|4
|showteam|p1|Sinistcha-Masterpiece||RockyHelmet|Hospitality|LifeDew,GigaDrain,TrickRoom,RagePowder||||||50|,,,,,Water]Swampert||ClearAmulet|Torrent|Growl,FlipTurn,WideGuard,HelpingHand|||M|||50|,,,,,Fire]Weezing-Galar||Leftovers|MistySurge|Haze,Taunt,Protect,AcidSpray|||M|||50|,,,,,Grass]Tinkaton||SafetyGoggles|MoldBreaker|Feint,FakeOut,KnockOff,HelpingHand|||F|||50|,,,,,Fire]Mandibuzz||FocusSash|Overcoat|Snarl,Protect,Tailwind,AirSlash|||F|||50|,,,,,Steel
|showteam|p2|Indeedee-F||RockyHelmet|PsychicSurge|FollowMe,HelpingHand,TrickRoom,DazzlingGleam|||F|||50|,,,,,Steel]Hatterene||LifeOrb|MagicBounce|TrickRoom,ExpandingForce,MysticalFire,DazzlingGleam|||F|||50|,,,,,Ghost]Ursaluna||FlameOrb|Guts|Facade,HeadlongRush,Earthquake,Protect|||F|||50|,,,,,Ghost]Amoonguss||SitrusBerry|Regenerator|Spore,RagePowder,PollenPuff,SludgeBomb|||M|||50|,,,,,Water]Porygon2||Eviolite|Download|IceBeam,TeraBlast,Recover,TrickRoom||||||50|,,,,,Grass]Tyranitar||SafetyGoggles|SandStream|RockSlide,Crunch,LowKick,IcePunch|||F|||50|,,,,,Fairy
|
|t:|1756531489
|teamsize|p1|4
|teamsize|p2|4
|start
|switch|p1a: Sinistcha|Sinistcha-Masterpiece, L50, shiny|100/100
|switch|p1b: Swampert|Swampert, L50, M|100/100
|switch|p2a: Hatterene|Hatterene, L50, F|100/100
|switch|p2b: Porygon2|Porygon2, L50|100/100
|-ability|p2b: Porygon2|Download|boost
|-boost|p2b: Porygon2|spa|1
|turn|1
|
|t:|1756531521
|switch|p1a: Tinkaton|Tinkaton, L50, F, shiny|100/100
|-ability|p1a: Tinkaton|Mold Breaker
|move|p1b: Swampert|Flip Turn|p2b: Porygon2
|-damage|p2b: Porygon2|86/100
|
|t:|1756531528
|switch|p1b: Sinistcha|Sinistcha-Masterpiece, L50, shiny|100/100|[from] Flip Turn
|move|p2a: Hatterene|Mystical Fire|p1a: Tinkaton
|-supereffective|p1a: Tinkaton
|-damage|p1a: Tinkaton|31/100
|-unboost|p1a: Tinkaton|spa|1
|-damage|p2a: Hatterene|91/100|[from] item: Life Orb
|move|p2b: Porygon2|Trick Room|p2b: Porygon2
|-fieldstart|move: Trick Room|[of] p2b: Porygon2
|
|upkeep
|turn|2
|
|t:|1756531566
|move|p2a: Hatterene|Mystical Fire|p1b: Sinistcha
|-supereffective|p1b: Sinistcha
|-damage|p1b: Sinistcha|29/100
|-unboost|p1b: Sinistcha|spa|1
|-damage|p2a: Hatterene|82/100|[from] item: Life Orb
|move|p2b: Porygon2|Ice Beam|p1b: Sinistcha
|-supereffective|p1b: Sinistcha
|-crit|p1b: Sinistcha
|-damage|p1b: Sinistcha|0 fnt
|faint|p1b: Sinistcha
|move|p1a: Tinkaton|Knock Off|p2b: Porygon2
|-damage|p2b: Porygon2|76/100
|-enditem|p2b: Porygon2|Eviolite|[from] move: Knock Off|[of] p1a: Tinkaton
|
|upkeep
|
|t:|1756531580
|switch|p1b: Swampert|Swampert, L50, M|100/100
|turn|3
|
|t:|1756531589
|-terastallize|p2b: Porygon2|Grass
|move|p2a: Hatterene|Mystical Fire|p1a: Tinkaton
|-supereffective|p1a: Tinkaton
|-damage|p1a: Tinkaton|0 fnt
|faint|p1a: Tinkaton
|-damage|p2a: Hatterene|72/100|[from] item: Life Orb
|move|p2b: Porygon2|Tera Blast|p1b: Swampert|[anim] Tera Blast Grass
|-supereffective|p1b: Swampert
|-damage|p1b: Swampert|0 fnt
|faint|p1b: Swampert
|
|upkeep
|
|t:|1756531602
|switch|p1b: Mandibuzz|Mandibuzz, L50, F, shiny|100/100
|turn|4
|
|t:|1756531616
|move|p2a: Hatterene|Expanding Force|p1b: Mandibuzz
|-immune|p1b: Mandibuzz
|move|p2b: Porygon2|Ice Beam|p1b: Mandibuzz
|-supereffective|p1b: Mandibuzz
|-damage|p1b: Mandibuzz|39/100
|move|p1b: Mandibuzz|Snarl|p2a: Hatterene|[spread] p2a,p2b
|-crit|p2a: Hatterene
|-damage|p2a: Hatterene|51/100
|-damage|p2b: Porygon2|64/100
|-unboost|p2a: Hatterene|spa|1
|-unboost|p2b: Porygon2|spa|1
|
|upkeep
|turn|5
|
|t:|1756531629
|move|p2a: Hatterene|Dazzling Gleam|p1b: Mandibuzz
|-supereffective|p1b: Mandibuzz
|-damage|p1b: Mandibuzz|0 fnt
|faint|p1b: Mandibuzz
|-damage|p2a: Hatterene|41/100|[from] item: Life Orb
|
|win|colemarcusvgc
|raw|Wangopedia's rating: 1000 → 1000(+0 for losing)
|raw|colemarcusvgc's rating: 1000 → 1040(+40 for winning)
|l|☆Wangopedia
|player|p1|
|c|☆colemarcusvgc|gg!
