|j|☆chocokoala vgc
|j|☆trevYAH
|html|chocokoala vgctrevYAH    
|uhtml|bestof|Game 1 of a best-of-3
|t:|1784729113
|gametype|doubles
|player|p1|chocokoala vgc|benga|1265
|player|p2|trevYAH|trevor|1349
|gen|9
|tier|[Gen 9 Champions] VGC 2026 Reg M-B (Bo3)
|rated|
|rule|Species Clause: Limit one of each Pokémon
|rule|Item Clause: Limit 1 of each item
|clearpoke
|poke|p1|Scovillain, L50, F|
|poke|p1|Primarina, L50, F|
|poke|p1|Aerodactyl, L50, F|
|poke|p1|Garchomp, L50, M|
|poke|p1|Gholdengo, L50|
|poke|p1|Grimmsnarl, L50, M|
|poke|p2|Blaziken, L50, M, shiny|
|poke|p2|Kingambit, L50, M, shiny|
|poke|p2|Dragonite, L50, M, shiny|
|poke|p2|Ninetales-Alola, L50, M, shiny|
|poke|p2|Gengar, L50, F, shiny|
|poke|p2|Incineroar, L50, F, shiny|
|teampreview|4
|showteam|p1|Scovillain||Scovillainite|Moody|Flamethrower,GigaDrain,Protect,RagePowder|Bold||F|||50|]Primarina||Leftovers|LiquidVoice|HyperVoice,Moonblast,Protect,CalmMind|Modest||F|||50|]Aerodactyl||Aerodactylite|Unnerve|RockSlide,DualWingbeat,Protect,Tailwind|Jolly||F|||50|]Garchomp||SoftSand|RoughSkin|Earthquake,StompingTantrum,Protect,DragonClaw|Jolly||M|||50|]Gholdengo||LifeOrb|GoodasGold|MakeItRain,ShadowBall,Protect,NastyPlot|Modest|||||50|]Grimmsnarl||LightClay|Prankster|LightScreen,Reflect,PartingShot,SpiritBreak|Sassy||M|||50|
|showteam|p2|Blaziken||Blazikenite|SpeedBoost|CloseCombat,RockSlide,FlareBlitz,Detect|Adamant||M|||50|]Kingambit||LifeOrb|Defiant|KowtowCleave,IronHead,SuckerPunch,Protect|Adamant||M|||50|]Dragonite||HabanBerry|InnerFocus|DragonClaw,LowKick,ExtremeSpeed,Protect|Adamant||M|||50|]Ninetales-Alola||FocusSash|SnowWarning|Blizzard,FreezeDry,Encore,Protect|Timid||M|||50|]Gengar||Gengarite|CursedBody|ShadowBall,Disable,PerishSong,Protect|Modest||F|||50|]Incineroar||SitrusBerry|Intimidate|FlareBlitz,PartingShot,FakeOut,Protect|Relaxed||F|||50|
|inactive|Battle timer is ON: inactive players will automatically lose when time's up. (requested by chocokoala vgc)
|inactive|chocokoala vgc has 60 seconds left.
|inactive|trevYAH has 60 seconds left.
|
|t:|1784729156
|teamsize|p1|4
|teamsize|p2|4
|start
|switch|p1a: Scovillain|Scovillain, L50, F|100/100
|switch|p1b: Gholdengo|Gholdengo, L50|100/100
|switch|p2a: Begged|Incineroar, L50, F, shiny|100/100
|switch|p2b: Expectations|Gengar, L50, F, shiny|100/100
|-ability|p2a: Begged|Intimidate|boost
|-unboost|p1a: Scovillain|atk|1
|-unboost|p1b: Gholdengo|atk|1
|turn|1
|
|t:|1784729168
|switch|p1a: Garchomp|Garchomp, L50, M|100/100
|detailschange|p2b: Expectations|Gengar-Mega, L50, F, shiny
|-mega|p2b: Expectations|Gengar|Gengarite
|move|p1b: Gholdengo|Protect|p1b: Gholdengo
|-singleturn|p1b: Gholdengo|Protect
|move|p2a: Begged|Fake Out|p1a: Garchomp
|-damage|p1a: Garchomp|90/100
|-damage|p2a: Begged|87/100|[from] ability: Rough Skin|[of] p1a: Garchomp
|move|p2b: Expectations|Perish Song|p2b: Expectations
|-start|p1a: Garchomp|perish3|[silent]
|-immune|p1b: Gholdengo|[from] ability: Good as Gold
|-start|p2a: Begged|perish3|[silent]
|-start|p2b: Expectations|perish3|[silent]
|-fieldactivate|move: Perish Song
|
|-start|p1a: Garchomp|perish3
|-start|p2b: Expectations|perish3
|-start|p2a: Begged|perish3
|upkeep
|turn|2
|
|t:|1784729186
|switch|p1b: Scovillain|Scovillain, L50, F|100/100
|move|p2b: Expectations|Protect|p2b: Expectations
|-singleturn|p2b: Expectations|Protect
|move|p1a: Garchomp|Earthquake|p2b: Expectations|[spread] p1b,p2a
|-activate|p2b: Expectations|move: Protect
|-supereffective|p2a: Begged|1
|-damage|p1b: Scovillain|45/100
|-damage|p2a: Begged|17/100
|-enditem|p2a: Begged|Sitrus Berry|[eat]
|-heal|p2a: Begged|42/100|[from] item: Sitrus Berry
|move|p2a: Begged|Parting Shot|p1a: Garchomp
|-unboost|p1a: Garchomp|atk|1
|-unboost|p1a: Garchomp|spa|1
|
|t:|1784729199
|switch|p2a: The Cure|Ninetales-Alola, L50, M, shiny|100/100|[from] Parting Shot
|-weather|Snowscape|[from] ability: Snow Warning|[of] p2a: The Cure
|
|-weather|Snowscape|[upkeep]
|-start|p1a: Garchomp|perish2
|-start|p2b: Expectations|perish2
|-ability|p1b: Scovillain|Moody|boost
|-boost|p1b: Scovillain|def|2
|-unboost|p1b: Scovillain|spe|1
|upkeep
|turn|3
|
|t:|1784729212
|detailschange|p1b: Scovillain|Scovillain-Mega, L50, F
|-mega|p1b: Scovillain|Scovillain|Scovillainite
|move|p1a: Garchomp|Protect|p1a: Garchomp
|-singleturn|p1a: Garchomp|Protect
|move|p2a: The Cure|Blizzard|p1b: Scovillain|[spread] p1b
|-activate|p1a: Garchomp|move: Protect
|-damage|p1b: Scovillain|17/100
|-status|p2a: The Cure|brn|[from] ability: Spicy Spray|[of] p1b: Scovillain
|move|p2b: Expectations|Shadow Ball|p1b: Scovillain
|-damage|p1b: Scovillain|0 fnt
|-status|p2b: Expectations|brn|[from] ability: Spicy Spray|[of] p1b: Scovillain
|faint|p1b: Scovillain
|
|-weather|Snowscape|[upkeep]
|-damage|p2a: The Cure|93/100 brn|[from] brn
|-damage|p2b: Expectations|94/100 brn|[from] brn
|-start|p1a: Garchomp|perish1
|-start|p2b: Expectations|perish1
|upkeep
|
|t:|1784729224
|switch|p1b: Primarina|Primarina, L50, F|100/100
|turn|4
|
|t:|1784729232
|switch|p2b: Begged|Incineroar, L50, F, shiny|42/100
|-ability|p2b: Begged|Intimidate|boost
|-unboost|p1a: Garchomp|atk|1
|-unboost|p1b: Primarina|atk|1
|move|p2a: The Cure|Protect|p2a: The Cure
|-singleturn|p2a: The Cure|Protect
|move|p1a: Garchomp|Stomping Tantrum|p2b: Begged
|-supereffective|p2b: Begged|1
|-damage|p2b: Begged|5/100
|move|p1b: Primarina|Hyper Voice|p2a: The Cure|[spread] p2b
|-activate|p2a: The Cure|move: Protect
|-supereffective|p2b: Begged|1
|-damage|p2b: Begged|0 fnt
|faint|p2b: Begged
|
|-weather|Snowscape|[upkeep]
|-damage|p2a: The Cure|87/100 brn|[from] brn
|-start|p1a: Garchomp|perish0
|faint|p1a: Garchomp
|upkeep
|
|t:|1784729239
|switch|p1a: Gholdengo|Gholdengo, L50|100/100
|switch|p2b: Expectations|Gengar-Mega, L50, F, shiny|94/100 brn
|turn|5
|
|t:|1784729246
|move|p2a: The Cure|Blizzard|p1b: Primarina|[spread] p1a,p1b
|-resisted|p1a: Gholdengo|1
|-resisted|p1b: Primarina|1
|-damage|p1a: Gholdengo|82/100
|-damage|p1b: Primarina|86/100
|move|p2b: Expectations|Shadow Ball|p1a: Gholdengo
|-supereffective|p1a: Gholdengo|1
|-damage|p1a: Gholdengo|0 fnt
|faint|p1a: Gholdengo
|move|p1b: Primarina|Moonblast|p2a: The Cure
|-damage|p2a: The Cure|34/100 brn
|
|-weather|Snowscape|[upkeep]
|-heal|p1b: Primarina|92/100|[from] item: Leftovers
|-damage|p2a: The Cure|28/100 brn|[from] brn
|-damage|p2b: Expectations|88/100 brn|[from] brn
|upkeep
|turn|6
|
|t:|1784729254
|move|p2a: The Cure|Encore|p1b: Primarina
|-start|p1b: Primarina|Encore
|move|p2b: Expectations|Disable|p1b: Primarina
|-start|p1b: Primarina|Disable|Moonblast
|cant|p1b: Primarina|Disable|Moonblast
|
|-weather|none
|-heal|p1b: Primarina|98/100|[from] item: Leftovers
|-damage|p2a: The Cure|22/100 brn|[from] brn
|-damage|p2b: Expectations|82/100 brn|[from] brn
|upkeep
|turn|7
|-message|chocokoala vgc forfeited.
|
|win|trevYAH
