|j|☆rillaroar
|j|☆TMJS01
|html|rillaroarTMJS01    
|uhtml|bestof|Game 2 of a best-of-3
|t:|1785447315
|gametype|doubles
|player|p1|rillaroar|265|
|player|p2|TMJS01|unknown|
|gen|9
|tier|[Gen 9 Champions] VGC 2026 Reg M-B (Bo3)
|rule|Species Clause: Limit one of each Pokémon
|rule|Item Clause: Limit 1 of each item
|clearpoke
|poke|p1|Raichu, L50, F|
|poke|p1|Gholdengo, L50|
|poke|p1|Whimsicott, L50, F|
|poke|p1|Garchomp, L50, F|
|poke|p1|Basculegion, L50, M|
|poke|p1|Floette-Eternal, L50, F|
|poke|p2|Sinistcha, L50|
|poke|p2|Incineroar, L50, M|
|poke|p2|Floette-Eternal, L50, F|
|poke|p2|Staraptor, L50, M|
|poke|p2|Kingambit, L50, F|
|poke|p2|Maushold, L50|
|teampreview|4
|showteam|p1|Raichu||RaichuniteY|LightningRod|ZapCannon,FocusBlast,FakeOut,Protect|Modest||F|||50|]Gholdengo||LifeOrb|GoodasGold|MakeItRain,ShadowBall,PowerGem,Protect|Modest|||||50|]Whimsicott||FocusSash|Prankster|Moonblast,Encore,Tailwind,Protect|Timid||F|||50|]Garchomp||SitrusBerry|RoughSkin|DragonClaw,StompingTantrum,RockSlide,Protect|Adamant||F|||50|]Basculegion||MysticWater|Adaptability|WaveCrash,LastRespects,AquaJet,Protect|Adamant||M|||50|]Floette-Eternal||Floettite|FlowerVeil|Moonblast,DazzlingGleam,LightofRuin,Protect|Modest||F|||50|
|showteam|p2|Sinistcha||ColburBerry|Hospitality|MatchaGotcha,RagePowder,TrickRoom,LifeDew|Relaxed|||||50|]Incineroar||PasshoBerry|Intimidate|ThroatChop,FlareBlitz,PartingShot,FakeOut|Adamant||M|||50|]Floette-Eternal||Floettite|FlowerVeil|Protect,CalmMind,Moonblast,DazzlingGleam|Modest||F|||50|]Staraptor||Staraptite|Intimidate|CloseCombat,DualWingbeat,Roost,Protect|Jolly||M|||50|]Kingambit||LifeOrb|Defiant|SuckerPunch,IronHead,KowtowCleave,Protect|Brave||F|||50|]Maushold||ChopleBerry|FriendGuard|Feint,FollowMe,Protect,BabyDollEyes|Bold|||||50|
|inactive|Battle timer is ON: inactive players will automatically lose when time's up. (requested by TMJS01)
|inactive|rillaroar has 60 seconds left.
|inactive|TMJS01 has 60 seconds left.
|
|t:|1785447354
|teamsize|p1|4
|teamsize|p2|4
|start
|switch|p1a: Floette|Floette-Eternal, L50, F|100/100
|switch|p1b: Garchomp|Garchomp, L50, F|100/100
|switch|p2a: Kingambit|Kingambit, L50, F|100/100
|switch|p2b: Sinistcha|Sinistcha, L50|100/100
|turn|1
|
|t:|1785447376
|switch|p2b: Incineroar|Incineroar, L50, M|100/100
|-ability|p2b: Incineroar|Intimidate|boost
|-unboost|p1a: Floette|atk|1
|-unboost|p1b: Garchomp|atk|1
|detailschange|p1a: Floette|Floette-Mega, L50, F
|-mega|p1a: Floette|Floette|Floettite
|-ability|p1a: Floette|Fairy Aura
|move|p1a: Floette|Moonblast|p2b: Incineroar
|-damage|p2b: Incineroar|26/100
|move|p1b: Garchomp|Dragon Claw|p2b: Incineroar
|-damage|p2b: Incineroar|1/100
|move|p2a: Kingambit|Iron Head|p1b: Garchomp
|-damage|p1b: Garchomp|52/100
|-damage|p2a: Kingambit|87/100|[from] ability: Rough Skin|[of] p1b: Garchomp
|-damage|p2a: Kingambit|78/100|[from] item: Life Orb
|
|upkeep
|turn|2
|inactive|rillaroar has 30 seconds left.
|inactive|rillaroar has 20 seconds left.
|inactive|TMJS01 has 30 seconds left.
|
|t:|1785447413
|switch|p2b: Sinistcha|Sinistcha, L50|100/100
|-heal|p2a: Kingambit|100/100|[from] ability: Hospitality|[of] p2b: Sinistcha
|move|p1a: Floette|Protect|p1a: Floette
|-singleturn|p1a: Floette|Protect
|move|p1b: Garchomp|Protect|p1b: Garchomp
|-singleturn|p1b: Garchomp|Protect
|move|p2a: Kingambit|Kowtow Cleave|p1b: Garchomp
|-activate|p1b: Garchomp|move: Protect
|
|upkeep
|turn|3
|inactive|rillaroar has 30 seconds left.
|
|t:|1785447447
|move|p1a: Floette|Moonblast|p2b: Sinistcha
|-damage|p2b: Sinistcha|21/100
|move|p1b: Garchomp|Dragon Claw|p2b: Sinistcha
|-damage|p2b: Sinistcha|0 fnt
|faint|p2b: Sinistcha
|move|p2a: Kingambit|Iron Head|p1a: Floette
|-supereffective|p1a: Floette|1
|-damage|p1a: Floette|0 fnt
|faint|p1a: Floette
|-damage|p2a: Kingambit|90/100|[from] item: Life Orb
|
|upkeep
|
|t:|1785447458
|switch|p1a: Gholdengo|Gholdengo, L50|100/100
|switch|p2b: Floette|Floette-Eternal, L50, F|100/100
|turn|4
|
|t:|1785447482
|switch|p1b: Basculegion|Basculegion, L50, M|100/100
|detailschange|p2b: Floette|Floette-Mega, L50, F
|-mega|p2b: Floette|Floette|Floettite
|-ability|p2b: Floette|Fairy Aura
|move|p1a: Gholdengo|Protect|p1a: Gholdengo
|-singleturn|p1a: Gholdengo|Protect
|move|p2b: Floette|Moonblast|p1b: Basculegion
|-damage|p1b: Basculegion|15/100
|move|p2a: Kingambit|Kowtow Cleave|p1a: Gholdengo
|-activate|p1a: Gholdengo|move: Protect
|
|upkeep
|turn|5
|
|t:|1785447504
|switch|p1a: Garchomp|Garchomp, L50, F|52/100
|move|p1b: Basculegion|Aqua Jet|p2a: Kingambit
|-damage|p2a: Kingambit|67/100
|move|p2a: Kingambit|Sucker Punch||[still]
|-fail|p2a: Kingambit
|move|p2b: Floette|Dazzling Gleam|p1b: Basculegion|[spread] p1a,p1b
|-supereffective|p1a: Garchomp|1
|-damage|p1a: Garchomp|0 fnt
|-damage|p1b: Basculegion|0 fnt
|faint|p1a: Garchomp
|faint|p1b: Basculegion
|
|upkeep
|
|t:|1785447506
|switch|p1b: Gholdengo|Gholdengo, L50|100/100
|turn|6
|
|t:|1785447511
|move|p2b: Floette|Protect|p2b: Floette
|-singleturn|p2b: Floette|Protect
|move|p1b: Gholdengo|Make It Rain|p2b: Floette|[spread] p2a
|-activate|p2b: Floette|move: Protect
|-resisted|p2a: Kingambit|1
|-damage|p2a: Kingambit|36/100
|-unboost|p1b: Gholdengo|spa|2
|-damage|p1b: Gholdengo|90/100|[from] item: Life Orb
|move|p2a: Kingambit|Kowtow Cleave|p1b: Gholdengo
|-supereffective|p1b: Gholdengo|1
|-damage|p1b: Gholdengo|0 fnt
|faint|p1b: Gholdengo
|-damage|p2a: Kingambit|26/100|[from] item: Life Orb
|
|win|TMJS01
|c|☆rillaroar|Como regalas así a tu kingambit
|c|☆TMJS01|XDD
|c|☆TMJS01|no se uba s morir
|c|☆TMJS01|rsta bien eveado
|c|☆rillaroar|Se muere de.
|c|☆rillaroar|Ligh
|c|☆TMJS01|Mas me importa el trick room
|c|☆TMJS01|que el loght of ruin
|c|☆TMJS01|ahi tmb te matas de ese mov
|c|☆TMJS01|meto tr
|c|☆TMJS01|y entra floette
|c|☆TMJS01|full huevo
|c|☆rillaroar|Fodon
|c|☆TMJS01|csmbio a inci y ya tu gholdi no tepresenta faño
|c|☆TMJS01|XDDD
