|j|☆edwarthdf
|j|☆yamperfan
|html|edwarthdfyamperfan    
|uhtml|bestof|Game 3 of a best-of-3
|t:|1756256285
|gametype|doubles
|player|p1|edwarthdf|acetrainer-gen4dp|1121
|player|p2|yamperfan|milo|1141
|gen|9
|tier|[Gen 9] VGC 2025 Reg H (Bo3)
|rated|
|rule|Species Clause: Limit one of each Pokémon
|rule|Item Clause: Limit 1 of each item
|clearpoke
|poke|p1|Gholdengo, L50|
|poke|p1|Sneasler, L50, F|
|poke|p1|Rillaboom, L50, M|
|poke|p1|Ninetales-Alola, L50, F|
|poke|p1|Dragonite, L50, M|
|poke|p1|Arcanine-Hisui, L50, M|
|poke|p2|Volcarona, L50, F|
|poke|p2|Electabuzz, L50, M|
|poke|p2|Rillaboom, L50, F|
|poke|p2|Primarina, L50, F|
|poke|p2|Sneasler, L50, F|
|poke|p2|Kingambit, L50, F|
|teampreview|4
|showteam|p1|Gholdengo||GrassySeed|GoodasGold|NastyPlot,MakeItRain,ShadowBall,Protect||||||50|,,,,,Water]Sneasler||WhiteHerb|Unburden|CloseCombat,DireClaw,Coaching,Protect|||F|||50|,,,,,Ghost]Rillaboom||AssaultVest|GrassySurge|FakeOut,GrassyGlide,DrumBeating,HighHorsepower|||M|||50|,,,,,Fire]Ninetales-Alola||FocusSash|SnowWarning|Blizzard,IcyWind,Encore,AuroraVeil|||F|||50|,,,,,Ghost]Dragonite||LoadedDice|Multiscale|ScaleShot,Haze,Tailwind,Protect|||M|||50|,,,,,Fairy]Arcanine-Hisui||ClearAmulet|Intimidate|RockSlide,FlareBlitz,ExtremeSpeed,Protect|||M|||50|,,,,,Water
|showteam|p2|Volcarona||CovertCloak|FlameBody|Flamethrower,TeraBlast,QuiverDance,Protect|||F|||50|,,,,,Fairy]Electabuzz||Eviolite|VitalSpirit|FollowMe,Taunt,Electroweb,Protect|||M|||50|,,,,,Dragon]Rillaboom||AssaultVest|GrassySurge|FakeOut,GrassyGlide,WoodHammer,Uturn|||F|||50|,,,,,Fire]Primarina||MysticWater|LiquidVoice|HyperVoice,Moonblast,Haze,Protect|||F|||50|,,,,,Poison]Sneasler||GrassySeed|Unburden|CloseCombat,DireClaw,ThroatChop,Protect|||F|||50|,,,,,Dark]Kingambit||BlackGlasses|Defiant|KowtowCleave,SuckerPunch,SwordsDance,Protect|||F|||50|,,,,,Dark
|inactive|Battle timer is ON: inactive players will automatically lose when time's up. (requested by yamperfan)
|
|t:|1756256332
|teamsize|p1|4
|teamsize|p2|4
|start
|switch|p1a: Sneasler|Sneasler, L50, F|100/100
|switch|p1b: Rillaboom|Rillaboom, L50, M, shiny|100/100
|switch|p2a: Electabuzz|Electabuzz, L50, M, shiny|100/100
|switch|p2b: Slay Queen|Kingambit, L50, F, shiny|100/100
|-fieldstart|move: Grassy Terrain|[from] ability: Grassy Surge|[of] p1b: Rillaboom
|turn|1
|
|t:|1756256351
|move|p1b: Rillaboom|Fake Out|p2a: Electabuzz
|-damage|p2a: Electabuzz|88/100
|cant|p2a: Electabuzz|flinch
|move|p1a: Sneasler|Coaching|p1b: Rillaboom
|-boost|p1b: Rillaboom|atk|1
|-boost|p1b: Rillaboom|def|1
|move|p2b: Slay Queen|Swords Dance|p2b: Slay Queen
|-boost|p2b: Slay Queen|atk|2
|
|-heal|p2a: Electabuzz|94/100|[from] Grassy Terrain
|upkeep
|turn|2
|
|t:|1756256377
|move|p2a: Electabuzz|Follow Me|p2a: Electabuzz
|-singleturn|p2a: Electabuzz|move: Follow Me
|move|p1b: Rillaboom|Grassy Glide|p2a: Electabuzz
|-damage|p2a: Electabuzz|42/100
|move|p1a: Sneasler|Coaching|p1b: Rillaboom
|-boost|p1b: Rillaboom|atk|1
|-boost|p1b: Rillaboom|def|1
|move|p2b: Slay Queen|Kowtow Cleave|p1b: Rillaboom
|-damage|p1b: Rillaboom|40/100
|
|-heal|p2a: Electabuzz|48/100|[from] Grassy Terrain
|-heal|p1b: Rillaboom|46/100|[from] Grassy Terrain
|upkeep
|turn|3
|inactive|edwarthdf has 30 seconds left.
|inactive|yamperfan has 30 seconds left.
|
|t:|1756256404
|move|p2a: Electabuzz|Protect|p2a: Electabuzz
|-singleturn|p2a: Electabuzz|Protect
|move|p1b: Rillaboom|Grassy Glide|p2a: Electabuzz
|-activate|p2a: Electabuzz|move: Protect
|move|p1a: Sneasler|Close Combat|p2b: Slay Queen
|-supereffective|p2b: Slay Queen
|-crit|p2b: Slay Queen
|-damage|p2b: Slay Queen|0 fnt
|-unboost|p1a: Sneasler|def|1
|-unboost|p1a: Sneasler|spd|1
|faint|p2b: Slay Queen
|-enditem|p1a: Sneasler|White Herb
|-clearnegativeboost|p1a: Sneasler|[silent]
|
|-heal|p2a: Electabuzz|54/100|[from] Grassy Terrain
|-heal|p1b: Rillaboom|52/100|[from] Grassy Terrain
|upkeep
|
|t:|1756256415
|switch|p2b: Sneasler|Sneasler, L50, F|100/100
|-enditem|p2b: Sneasler|Grassy Seed
|-boost|p2b: Sneasler|def|1|[from] item: Grassy Seed
|turn|4
|inactive|edwarthdf has 30 seconds left.
|
|t:|1756256449
|switch|p1a: Arcanine|Arcanine-Hisui, L50, M, shiny|100/100
|-ability|p1a: Arcanine|Intimidate|boost
|-unboost|p2a: Electabuzz|atk|1
|-unboost|p2b: Sneasler|atk|1
|move|p2a: Electabuzz|Follow Me|p2a: Electabuzz
|-singleturn|p2a: Electabuzz|move: Follow Me
|move|p2b: Sneasler|Dire Claw|p1b: Rillaboom
|-supereffective|p1b: Rillaboom
|-damage|p1b: Rillaboom|16/100
|-status|p1b: Rillaboom|psn
|move|p1b: Rillaboom|High Horsepower|p2a: Electabuzz
|-supereffective|p2a: Electabuzz
|-damage|p2a: Electabuzz|0 fnt
|faint|p2a: Electabuzz
|
|-heal|p1b: Rillaboom|22/100 psn|[from] Grassy Terrain
|-damage|p1b: Rillaboom|9/100 psn|[from] psn
|upkeep
|
|t:|1756256465
|switch|p2a: Rillaboom|Rillaboom, L50, F|100/100
|turn|5
|inactive|edwarthdf has 30 seconds left.
|inactive|edwarthdf has 20 seconds left.
|
|t:|1756256502
|switch|p1a: Sneasler|Sneasler, L50, F|100/100
|move|p2a: Rillaboom|Fake Out|p1a: Sneasler
|-damage|p1a: Sneasler|82/100
|move|p1b: Rillaboom|Grassy Glide|p2a: Rillaboom
|-resisted|p2a: Rillaboom
|-damage|p2a: Rillaboom|72/100
|move|p2b: Sneasler|Dire Claw|p1b: Rillaboom
|-supereffective|p1b: Rillaboom
|-damage|p1b: Rillaboom|0 fnt
|faint|p1b: Rillaboom
|
|-heal|p1a: Sneasler|88/100|[from] Grassy Terrain
|-heal|p2a: Rillaboom|78/100|[from] Grassy Terrain
|-fieldend|move: Grassy Terrain
|upkeep
|
|t:|1756256519
|switch|p1b: Arcanine|Arcanine-Hisui, L50, M, shiny|100/100
|-ability|p1b: Arcanine|Intimidate|boost
|-unboost|p2a: Rillaboom|atk|1
|-unboost|p2b: Sneasler|atk|1
|turn|6
|-message|yamperfan forfeited.
|
|win|edwarthdf
|raw|edwarthdf's rating: 1121 → 1147(+26 for winning)
|raw|yamperfan's rating: 1141 → 1115(-26 for losing)
