|j|☆cm3112
|j|☆ComradeClownVGC
|html|cm3112ComradeClownVGC    
|uhtml|bestof|Game 1 of a best-of-3
|t:|1757671937
|gametype|doubles
|player|p1|cm3112|169|1396
|player|p2|ComradeClownVGC|harlequin|1299
|gen|9
|tier|[Gen 9] VGC 2025 Reg H (Bo3)
|rated|
|rule|Species Clause: Limit one of each Pokémon
|rule|Item Clause: Limit 1 of each item
|clearpoke
|poke|p1|Malamar, L50, F|
|poke|p1|Grimmsnarl, L50, M|
|poke|p1|Gholdengo, L50|
|poke|p1|Amoonguss, L50, M|
|poke|p1|Indeedee, L50, M|
|poke|p1|Sneasler, L50, F|
|poke|p2|Annihilape, L50, F|
|poke|p2|Maushold-Four, L50|
|poke|p2|Whimsicott, L50, M|
|poke|p2|Arcanine-Hisui, L50, M|
|poke|p2|Gholdengo, L50|
|poke|p2|Hydreigon, L50, F|
|teampreview|4
|showteam|p1|Malamar||Leftovers|Contrary|Superpower,PsychoCut,KnockOff,Protect|||F|||50|,,,,,Grass]Grimmsnarl||CovertCloak|Prankster|SpiritBreak,PartingShot,FakeTears,LightScreen|||M|||50|,,,,,Ghost]Gholdengo||LifeOrb|GoodasGold|MakeItRain,ShadowBall,NastyPlot,Protect||||||50|,,,,,Water]Amoonguss||RockyHelmet|Regenerator|Spore,RagePowder,ClearSmog,PollenPuff|||M|||50|,,,,,Dark]Indeedee||ChoiceScarf|PsychicSurge|ExpandingForce,TeraBlast,Trick,Encore|||M|||50|,,,,,Psychic]Sneasler||FocusSash|Pressure|CloseCombat,DireClaw,Feint,Protect|||F|||50|,,,,,Fighting
|showteam|p2|Annihilape||SitrusBerry|Defiant|DrainPunch,RageFist,BulkUp,Protect|||F|||50|,,,,,Water]Maushold-Four||WideLens|Technician|PopulationBomb,FollowMe,Taunt,BeatUp||||||50|,,,,,Ghost]Whimsicott||FocusSash|Prankster|Tailwind,Moonblast,Encore,BeatUp|||M|||50|,,,,,Ghost]Arcanine-Hisui||ChoiceBand|Intimidate|FlareBlitz,RockSlide,ExtremeSpeed,HeadSmash|||M|||50|,,,,,Bug]Gholdengo||ChoiceSpecs|GoodasGold|MakeItRain,ShadowBall,Thunderbolt,SteelBeam||||||50|,,,,,Steel]Hydreigon||LifeOrb|Levitate|DracoMeteor,DarkPulse,EarthPower,Protect|||F|||50|,,,,,Poison
|inactive|Battle timer is ON: inactive players will automatically lose when time's up. (requested by ComradeClownVGC)
|
|t:|1757671974
|teamsize|p1|4
|teamsize|p2|4
|start
|switch|p1a: Indeedee|Indeedee, L50, M|100/100
|switch|p1b: Gholdengo|Gholdengo, L50|100/100
|switch|p2a: Family Activities|Maushold-Four, L50|100/100
|switch|p2b: Monke|Annihilape, L50, F|100/100
|-fieldstart|move: Psychic Terrain|[from] ability: Psychic Surge|[of] p1a: Indeedee
|turn|1
|inactive|ComradeClownVGC has 30 seconds left.
|
|t:|1757672003
|move|p2b: Monke|Protect|p2b: Monke
|-singleturn|p2b: Monke|Protect
|move|p1a: Indeedee|Expanding Force|p2b: Monke|[spread] p2a
|-activate|p2b: Monke|move: Protect
|-damage|p2a: Family Activities|13/100
|move|p2a: Family Activities|Population Bomb|p1a: Indeedee
|-damage|p1a: Indeedee|78/100
|-damage|p1a: Indeedee|53/100
|-damage|p1a: Indeedee|28/100
|-damage|p1a: Indeedee|3/100
|-damage|p1a: Indeedee|0 fnt
|faint|p1a: Indeedee
|-hitcount|p1: Indeedee|5
|move|p1b: Gholdengo|Nasty Plot|p1b: Gholdengo
|-boost|p1b: Gholdengo|spa|2
|
|upkeep
|
|t:|1757672011
|switch|p1a: Malamar|Malamar, L50, F|100/100
|turn|2
|
|t:|1757672018
|-terastallize|p2b: Monke|Water
|move|p1b: Gholdengo|Protect|p1b: Gholdengo
|-singleturn|p1b: Gholdengo|Protect
|move|p2a: Family Activities|Beat Up|p2b: Monke
|-damage|p2b: Monke|96/100
|-damage|p2b: Monke|89/100
|-damage|p2b: Monke|85/100
|-damage|p2b: Monke|81/100
|-hitcount|p2b: Monke|4
|move|p2b: Monke|Rage Fist|p1b: Gholdengo
|-activate|p1b: Gholdengo|move: Protect
|move|p1a: Malamar|Psycho Cut|p2b: Monke
|-damage|p2b: Monke|42/100
|-enditem|p2b: Monke|Sitrus Berry|[eat]
|-heal|p2b: Monke|67/100|[from] item: Sitrus Berry
|
|upkeep
|turn|3
|
|t:|1757672031
|move|p2a: Family Activities|Follow Me|p2a: Family Activities
|-singleturn|p2a: Family Activities|move: Follow Me
|move|p2b: Monke|Rage Fist|p1b: Gholdengo
|-supereffective|p1b: Gholdengo
|-damage|p1b: Gholdengo|0 fnt
|faint|p1b: Gholdengo
|move|p1a: Malamar|Superpower|p2a: Family Activities
|-supereffective|p2a: Family Activities
|-damage|p2a: Family Activities|0 fnt
|-boost|p1a: Malamar|atk|1
|-boost|p1a: Malamar|def|1
|faint|p2a: Family Activities
|
|upkeep
|
|t:|1757672040
|switch|p2a: Stonks|Gholdengo, L50, shiny|100/100
|switch|p1b: Sneasler|Sneasler, L50, F|100/100
|-ability|p1b: Sneasler|Pressure
|turn|4
|
|t:|1757672060
|move|p2b: Monke|Protect|p2b: Monke
|-singleturn|p2b: Monke|Protect
|move|p1b: Sneasler|Dire Claw|p2b: Monke
|-activate|p2b: Monke|move: Protect
|move|p2a: Stonks|Make It Rain|p1b: Sneasler|[spread] p1a,p1b
|-damage|p1a: Malamar|25/100
|-enditem|p1b: Sneasler|Focus Sash
|-damage|p1b: Sneasler|1/100
|-unboost|p2a: Stonks|spa|1
|move|p1a: Malamar|Knock Off|p2a: Stonks
|-supereffective|p2a: Stonks
|-damage|p2a: Stonks|0 fnt
|-enditem|p2a: Stonks|Choice Specs|[from] move: Knock Off|[of] p1a: Malamar
|faint|p2a: Stonks
|
|-heal|p1a: Malamar|32/100|[from] item: Leftovers
|upkeep
|
|t:|1757672069
|switch|p2a: Caulipower|Whimsicott, L50, M|100/100
|turn|5
|
|t:|1757672083
|move|p2a: Caulipower|Tailwind|p2a: Caulipower
|-sidestart|p2: ComradeClownVGC|move: Tailwind
|move|p2b: Monke|Rage Fist|p1a: Malamar
|-damage|p1a: Malamar|0 fnt
|faint|p1a: Malamar
|move|p1b: Sneasler|Dire Claw|p2a: Caulipower
|-supereffective|p2a: Caulipower
|-enditem|p2a: Caulipower|Focus Sash
|-damage|p2a: Caulipower|1/100
|-status|p2a: Caulipower|par
|
|-fieldend|move: Psychic Terrain
|upkeep
|turn|6
|
|t:|1757672096
|move|p2b: Monke|Rage Fist|p1b: Sneasler
|-damage|p1b: Sneasler|0 fnt
|faint|p1b: Sneasler
|
|win|ComradeClownVGC
|l|☆cm3112
|player|p1|
||cm3112 is ready for game 2.
||ComradeClownVGC is ready for game 2.
|uhtml|next|Next: Game 2 of 3
