|j|☆Barri Deagol
|j|☆EESBen7811
|html|Barri DeagolEESBen7811    
|uhtml|bestof|Game 1 of a best-of-3
|t:|1756302180
|gametype|doubles
|player|p1|Barri Deagol|brycenman|1115
|player|p2|EESBen7811|170|1000
|gen|9
|tier|[Gen 9] VGC 2025 Reg H (Bo3)
|rated|
|rule|Species Clause: Limit one of each Pokémon
|rule|Item Clause: Limit 1 of each item
|clearpoke
|poke|p1|Incineroar, L50, M|
|poke|p1|Pelipper, L50, M|
|poke|p1|Basculegion, L50, M|
|poke|p1|Amoonguss, L50, F|
|poke|p1|Maushold-Four, L50|
|poke|p1|Archaludon, L50, M|
|poke|p2|Incineroar, L50, F|
|poke|p2|Sneasler, L50, F|
|poke|p2|Sylveon, L50, F|
|poke|p2|Persian, L50, F|
|poke|p2|Zangoose, L50, M|
|poke|p2|Glaceon, L50, M|
|teampreview|4
|showteam|p1|Incineroar||SafetyGoggles|Intimidate|FakeOut,FlareBlitz,KnockOff,PartingShot|||M|||50|,,,,,Ghost]Pelipper||FocusSash|Drizzle|Hurricane,WeatherBall,Tailwind,Protect|||M|||50|,,,,,Ghost]Basculegion||MysticWater|SwiftSwim|Protect,WaveCrash,AquaJet,LastRespects|||M|||50|,,,,,Water]Amoonguss||SitrusBerry|Regenerator|Spore,RagePowder,PollenPuff,ClearSmog|||F|||50|,,,,,Water]Maushold-Four||WideLens|Technician|PopulationBomb,FollowMe,Taunt,Protect||||||50|,,,,,Grass]Archaludon||AssaultVest|Stamina|ElectroShot,DragonPulse,FlashCannon,BodyPress|||M|||50|,,,,,Grass
|showteam|p2|Incineroar||CovertCloak|Intimidate|KnockOff,FakeOut,FlareBlitz,PartingShot|||F|||50|,,,,,Ghost]Sneasler||SitrusBerry|Unburden|DireClaw,ThroatChop,CloseCombat,Protect|||F|||50|,,,,,Steel]Sylveon||Leftovers|Pixilate|HyperVoice,Protect,ShadowBall,Psychic|||F|||50|,,,,,Fairy]Persian||ClearAmulet|Technician|FakeOut,AerialAce,Protect,KnockOff|||F|||50|,,,,,Normal]Zangoose||ToxicOrb|ToxicBoost|Facade,CloseCombat,Protect,Taunt|||M|||50|,,,,,Normal]Glaceon||AssaultVest|IceBody|IcyWind,Blizzard,HelpingHand,Protect|||M|||50|,,,,,Ice
|
|t:|1756302255
|teamsize|p1|4
|teamsize|p2|4
|start
|switch|p1a: Pelipper|Pelipper, L50, M|100/100
|switch|p1b: Archaludon|Archaludon, L50, M|100/100
|switch|p2a: Wrestling Kitty|Incineroar, L50, F|100/100
|switch|p2b: Spiky Kitty|Zangoose, L50, M|100/100
|-weather|RainDance|[from] ability: Drizzle|[of] p1a: Pelipper
|-ability|p2a: Wrestling Kitty|Intimidate|boost
|-unboost|p1a: Pelipper|atk|1
|-unboost|p1b: Archaludon|atk|1
|turn|1
|inactive|Battle timer is ON: inactive players will automatically lose when time's up. (requested by EESBen7811)
|
|t:|1756302299
|switch|p1b: Amoonguss|Amoonguss, L50, F|100/100
|move|p2b: Spiky Kitty|Protect|p2b: Spiky Kitty
|-singleturn|p2b: Spiky Kitty|Protect
|move|p2a: Wrestling Kitty|Fake Out|p1b: Amoonguss
|-damage|p1b: Amoonguss|90/100
|move|p1a: Pelipper|Weather Ball|p2a: Wrestling Kitty
|-supereffective|p2a: Wrestling Kitty
|-damage|p2a: Wrestling Kitty|0 fnt
|faint|p2a: Wrestling Kitty
|
|-weather|RainDance|[upkeep]
|-status|p2b: Spiky Kitty|tox|[from] item: Toxic Orb
|upkeep
|
|t:|1756302312
|switch|p2a: Poison Kitty|Sneasler, L50, F|100/100
|turn|2
|inactive|Barri Deagol has 30 seconds left.
|inactive|Barri Deagol has 20 seconds left.
|
|t:|1756302350
|move|p1b: Amoonguss|Rage Powder|p1b: Amoonguss
|-singleturn|p1b: Amoonguss|move: Rage Powder
|move|p2a: Poison Kitty|Dire Claw|p1b: Amoonguss
|-damage|p1b: Amoonguss|40/100
|-status|p1b: Amoonguss|slp
|-enditem|p1b: Amoonguss|Sitrus Berry|[eat]
|-heal|p1b: Amoonguss|65/100 slp|[from] item: Sitrus Berry
|move|p2b: Spiky Kitty|Facade|p1b: Amoonguss
|-crit|p1b: Amoonguss
|-damage|p1b: Amoonguss|0 fnt
|faint|p1b: Amoonguss
|move|p1a: Pelipper|Tailwind|p1a: Pelipper
|-sidestart|p1: Barri Deagol|move: Tailwind
|
|-weather|RainDance|[upkeep]
|-damage|p2b: Spiky Kitty|94/100 tox|[from] psn
|upkeep
|
|t:|1756302369
|switch|p1b: Archaludon|Archaludon, L50, M|100/100
|turn|3
|
|t:|1756302387
|move|p2a: Poison Kitty|Protect|p2a: Poison Kitty
|-singleturn|p2a: Poison Kitty|Protect
|move|p1a: Pelipper|Hurricane|p2a: Poison Kitty
|-activate|p2a: Poison Kitty|move: Protect
|move|p1b: Archaludon|Electro Shot||[still]
|-prepare|p1b: Archaludon|Electro Shot
|-boost|p1b: Archaludon|spa|1
|-anim|p1b: Archaludon|Electro Shot|p2b: Spiky Kitty
|-damage|p2b: Spiky Kitty|0 fnt
|faint|p2b: Spiky Kitty
|
|-weather|RainDance|[upkeep]
|upkeep
|
|t:|1756302398
|switch|p2b: Frozen Kitty|Glaceon, L50, M|100/100
|turn|4
|
|t:|1756302412
|-terastallize|p2a: Poison Kitty|Steel
|move|p1a: Pelipper|Hurricane|p2a: Poison Kitty
|-resisted|p2a: Poison Kitty
|-damage|p2a: Poison Kitty|64/100
|move|p1b: Archaludon|Electro Shot||[still]
|-prepare|p1b: Archaludon|Electro Shot
|-boost|p1b: Archaludon|spa|1
|-anim|p1b: Archaludon|Electro Shot|p2b: Frozen Kitty
|-damage|p2b: Frozen Kitty|41/100
|move|p2a: Poison Kitty|Dire Claw|p1a: Pelipper
|-damage|p1a: Pelipper|43/100
|-status|p1a: Pelipper|slp
|move|p2b: Frozen Kitty|Icy Wind|p1b: Archaludon|[spread] p1a,p1b
|-crit|p1b: Archaludon
|-damage|p1a: Pelipper|0 fnt
|-damage|p1b: Archaludon|76/100
|-unboost|p1b: Archaludon|spe|1
|-ability|p1b: Archaludon|Stamina|boost
|-boost|p1b: Archaludon|def|1
|faint|p1a: Pelipper
|
|-weather|RainDance|[upkeep]
|upkeep
|
|t:|1756302436
|switch|p1a: Incineroar|Incineroar, L50, M|100/100
|-ability|p1a: Incineroar|Intimidate|boost
|-unboost|p2a: Poison Kitty|atk|1
|-unboost|p2b: Frozen Kitty|atk|1
|turn|5
|
|t:|1756302455
|move|p1a: Incineroar|Fake Out|p2b: Frozen Kitty
|-damage|p2b: Frozen Kitty|28/100
|move|p2a: Poison Kitty|Close Combat|p1a: Incineroar
|-supereffective|p1a: Incineroar
|-damage|p1a: Incineroar|13/100
|-unboost|p2a: Poison Kitty|def|1
|-unboost|p2a: Poison Kitty|spd|1
|move|p1b: Archaludon|Body Press|p2a: Poison Kitty
|-supereffective|p2a: Poison Kitty
|-damage|p2a: Poison Kitty|0 fnt
|faint|p2a: Poison Kitty
|cant|p2b: Frozen Kitty|flinch
|
|-weather|none
|-sideend|p1: Barri Deagol|move: Tailwind
|upkeep
|turn|6
|-message|EESBen7811 forfeited.
|
|win|Barri Deagol
|l|☆EESBen7811
|player|p2|
||EESBen7811 is ready for game 2.
