|j|☆Bonome Bilduetarra
|j|☆javivaarela
|html|Bonome Bilduetarrajavivaarela    
|uhtml|bestof|Game 1 of a best-of-3
|t:|1783878685
|gametype|doubles
|player|p1|Bonome Bilduetarra|burglar|
|player|p2|javivaarela|1|
|gen|9
|tier|[Gen 9 Champions] VGC 2026 Reg M-B (Bo3)
|rule|Species Clause: Limit one of each Pokémon
|rule|Item Clause: Limit 1 of each item
|clearpoke
|poke|p1|Scolipede, L50, M|
|poke|p1|Raichu, L50, M|
|poke|p1|Sinistcha, L50|
|poke|p1|Weavile, L50, M|
|poke|p1|Ceruledge, L50, F|
|poke|p1|Milotic, L50, F|
|poke|p2|Blastoise, L50, M|
|poke|p2|Delphox, L50, M|
|poke|p2|Incineroar, L50, M|
|poke|p2|Sneasler, L50, M|
|poke|p2|Sinistcha, L50|
|poke|p2|Maushold-Four, L50|
|teampreview|4
|showteam|p1|Scolipede||Scolipite|SpeedBoost|LeechLife,PoisonJab,SwordsDance,Protect|Jolly||M|||50|]Raichu||RaichuniteY|LightningRod|ZapCannon,FocusBlast,Protect,FakeOut|Timid||M|||50|]Sinistcha||KasibBerry|Hospitality|MatchaGotcha,LifeDew,Protect,RagePowder|Relaxed|||||50|]Weavile||FocusSash|Pickpocket|KnockOff,TripleAxel,LowKick,FakeOut|Jolly||M|||50|]Ceruledge||ColburBerry|FlashFire|BitterBlade,ShadowSneak,Protect,BulkUp|Adamant||F|||50|]Milotic||Leftovers|Competitive|MuddyWater,Coil,Protect,Hypnosis|Calm||F|||50|
|showteam|p2|Blastoise||Blastoisinite|RainDish|WaterSpout,DarkPulse,ShellSmash,Protect|Modest||M|||50|]Delphox||Delphoxite|Blaze|HeatWave,Psyshock,NastyPlot,Protect|Timid||M|||50|]Incineroar||SitrusBerry|Intimidate|FakeOut,FlareBlitz,ThroatChop,PartingShot|Impish||M|||50|]Sneasler||FocusSash|PoisonTouch|FakeOut,CloseCombat,DireClaw,QuickGuard|Jolly||M|||50|]Sinistcha||KasibBerry|Hospitality|MatchaGotcha,LifeDew,RagePowder,Protect|Bold|||||50|]Maushold-Four||ChopleBerry|FriendGuard|SuperFang,Feint,FollowMe,Protect|Impish|||||50|
|inactive|Battle timer is ON: inactive players will automatically lose when time's up. (requested by Bonome Bilduetarra)
|c|☆javivaarela|glhf
|inactive|Bonome Bilduetarra has 60 seconds left.
|inactive|javivaarela has 60 seconds left.
|
|t:|1783878735
|teamsize|p1|4
|teamsize|p2|4
|start
|switch|p1a: Raichu|Raichu, L50, M|100/100
|switch|p1b: Milotic|Milotic, L50, F|100/100
|switch|p2a: Blastoise|Blastoise, L50, M|100/100
|switch|p2b: Sneasler|Sneasler, L50, M|100/100
|turn|1
|inactive|javivaarela has 30 seconds left.
|inactive|javivaarela has 20 seconds left.
|inactive|javivaarela has 15 seconds left.
|inactive|javivaarela has 10 seconds left.
|
|t:|1783878782
|detailschange|p1a: Raichu|Raichu-Mega-Y, L50, M
|-mega|p1a: Raichu|Raichu|Raichunite Y
|move|p2a: Blastoise|Protect|p2a: Blastoise
|-singleturn|p2a: Blastoise|Protect
|move|p1a: Raichu|Zap Cannon|p2a: Blastoise
|-activate|p2a: Blastoise|move: Protect
|move|p2b: Sneasler|Close Combat|p1a: Raichu
|-damage|p1a: Raichu|0 fnt
|-unboost|p2b: Sneasler|def|1
|-unboost|p2b: Sneasler|spd|1
|faint|p1a: Raichu
|move|p1b: Milotic|Coil|p1b: Milotic
|-boost|p1b: Milotic|atk|1
|-boost|p1b: Milotic|def|1
|-boost|p1b: Milotic|accuracy|1
|
|upkeep
|
|t:|1783878795
|switch|p1a: Ceruledge|Ceruledge, L50, F|100/100
|turn|2
|
|t:|1783878817
|switch|p2b: Maushold|Maushold-Four, L50|100/100
|detailschange|p2a: Blastoise|Blastoise-Mega, L50, M
|-mega|p2a: Blastoise|Blastoise|Blastoisinite
|move|p1a: Ceruledge|Protect|p1a: Ceruledge
|-singleturn|p1a: Ceruledge|Protect
|move|p2a: Blastoise|Water Spout|p1a: Ceruledge|[spread] p1b
|-activate|p1a: Ceruledge|move: Protect
|-resisted|p1b: Milotic|1
|-damage|p1b: Milotic|79/100
|move|p1b: Milotic|Coil|p1b: Milotic
|-boost|p1b: Milotic|atk|1
|-boost|p1b: Milotic|def|1
|-boost|p1b: Milotic|accuracy|1
|
|-heal|p1b: Milotic|85/100|[from] item: Leftovers
|upkeep
|turn|3
|
|t:|1783878833
|switch|p1a: Sinistcha|Sinistcha, L50|100/100
|-heal|p1b: Milotic|100/100|[from] ability: Hospitality|[of] p1a: Sinistcha
|move|p2b: Maushold|Follow Me|p2b: Maushold
|-singleturn|p2b: Maushold|move: Follow Me
|move|p2a: Blastoise|Shell Smash|p2a: Blastoise
|-unboost|p2a: Blastoise|def|1
|-unboost|p2a: Blastoise|spd|1
|-boost|p2a: Blastoise|atk|2
|-boost|p2a: Blastoise|spa|2
|-boost|p2a: Blastoise|spe|2
|move|p1b: Milotic|Hypnosis|p2b: Maushold
|-status|p2b: Maushold|slp|[from] move: Hypnosis
|
|upkeep
|turn|4
|
|t:|1783878854
|move|p2a: Blastoise|Protect|p2a: Blastoise
|-singleturn|p2a: Blastoise|Protect
|move|p1a: Sinistcha|Protect|p1a: Sinistcha
|-singleturn|p1a: Sinistcha|Protect
|cant|p2b: Maushold|slp
|move|p1b: Milotic|Hypnosis|p2a: Blastoise
|-activate|p2a: Blastoise|move: Protect
|
|upkeep
|turn|5
|
|t:|1783878862
|move|p2a: Blastoise|Dark Pulse|p1a: Sinistcha
|-supereffective|p1a: Sinistcha|1
|-damage|p1a: Sinistcha|0 fnt
|faint|p1a: Sinistcha
|-curestatus|p2b: Maushold|slp|[msg]
|move|p2b: Maushold|Super Fang|p1b: Milotic
|-damage|p1b: Milotic|50/100g
|move|p1b: Milotic|Hypnosis|p2a: Blastoise
|-status|p2a: Blastoise|slp|[from] move: Hypnosis
|
|-heal|p1b: Milotic|56/100|[from] item: Leftovers
|upkeep
|
|t:|1783878866
|switch|p1a: Ceruledge|Ceruledge, L50, F|100/100
|turn|6
|
|t:|1783878873
|move|p2b: Maushold|Follow Me|p2b: Maushold
|-singleturn|p2b: Maushold|move: Follow Me
|cant|p2a: Blastoise|slp
|move|p1b: Milotic|Muddy Water|p2a: Blastoise|[spread] p2a,p2b
|-resisted|p2a: Blastoise|1
|-damage|p2a: Blastoise|87/100 slp
|-damage|p2b: Maushold|75/100
|move|p1a: Ceruledge|Bulk Up|p1a: Ceruledge
|-boost|p1a: Ceruledge|atk|1
|-boost|p1a: Ceruledge|def|1
|
|-heal|p1b: Milotic|62/100|[from] item: Leftovers
|upkeep
|turn|7
|
|t:|1783878881
|move|p2b: Maushold|Follow Me|p2b: Maushold
|-singleturn|p2b: Maushold|move: Follow Me
|-curestatus|p2a: Blastoise|slp|[msg]
|move|p2a: Blastoise|Water Spout|p1a: Ceruledge|[spread] p1a,p1b
|-supereffective|p1a: Ceruledge|1
|-resisted|p1b: Milotic|1
|-damage|p1a: Ceruledge|0 fnt
|-damage|p1b: Milotic|22/100
|faint|p1a: Ceruledge
|move|p1b: Milotic|Muddy Water|p2b: Maushold|[spread] p2a,p2b
|-resisted|p2a: Blastoise|1
|-damage|p2a: Blastoise|73/100
|-damage|p2b: Maushold|49/100
|-unboost|p2a: Blastoise|accuracy|1
|-unboost|p2b: Maushold|accuracy|1
|
|-heal|p1b: Milotic|28/100|[from] item: Leftovers
|upkeep
|turn|8
|
|t:|1783878887
|move|p2b: Maushold|Feint|p1b: Milotic
|-damage|p1b: Milotic|24/100
|move|p2a: Blastoise|Dark Pulse|p1b: Milotic
|-damage|p1b: Milotic|0 fnt
|faint|p1b: Milotic
|
|win|javivaarela
||javivaarela is ready for game 2.
||Bonome Bilduetarra is ready for game 2.
|uhtml|next|Next: Game 2 of 3
|l|☆Bonome Bilduetarra
|player|p1|
