|j|☆FreezyPop439
|j|☆arcacagne
|html|FreezyPop439arcacagne    
|uhtml|bestof|Game 1 of a best-of-3
|t:|1783077322
|gametype|doubles
|player|p1|FreezyPop439|collector|1285
|player|p2|arcacagne|artist|1301
|gen|9
|tier|[Gen 9 Champions] VGC 2026 Reg M-B (Bo3)
|rated|
|rule|Species Clause: Limit one of each Pokémon
|rule|Item Clause: Limit 1 of each item
|clearpoke
|poke|p1|Raichu, L50, F|
|poke|p1|Gyarados, L50, F|
|poke|p1|Mamoswine, L50, F|
|poke|p1|Ceruledge, L50, M|
|poke|p1|Clefable, L50, M|
|poke|p1|Kingambit, L50, M|
|poke|p2|Delphox, L50, M|
|poke|p2|Incineroar, L50, M|
|poke|p2|Blastoise, L50, M|
|poke|p2|Sneasler, L50, F|
|poke|p2|Maushold-Four, L50|
|poke|p2|Sinistcha, L50|
|teampreview|4
|showteam|p1|Raichu||RaichuniteY|Static|ZapCannon,FocusBlast,FakeOut,Protect|Timid||F|||50|]Gyarados||Gyaradosite|Intimidate|Waterfall,PowerWhip,DragonDance,Protect|Adamant||F|||50|]Mamoswine||LifeOrb|Oblivious|HighHorsepower,IceShard,IcicleCrash,Protect|Jolly||F|||50|]Ceruledge||ColburBerry|FlashFire|BitterBlade,ShadowSneak,BulkUp,Protect|Adamant||M|||50|]Clefable||SitrusBerry|Unaware|Moonblast,FollowMe,HelpingHand,Protect|Bold||M|||50|]Kingambit||FocusSash|Defiant|IronHead,KowtowCleave,SuckerPunch,LowKick|Adamant||M|||50|
|showteam|p2|Delphox||Delphoxite|Blaze|HeatWave,Psyshock,NastyPlot,Protect|Timid||M|||50|]Incineroar||PasshoBerry|Intimidate|FlareBlitz,ThroatChop,PartingShot,FakeOut|Careful||M|||50|]Blastoise||Blastoisinite|Torrent|WaterSpout,DarkPulse,ShellSmash,Protect|Modest||M|||50|]Sneasler||FocusSash|Unburden|FakeOut,CloseCombat,DireClaw,Protect|Jolly||F|||50|]Maushold-Four||ChopleBerry|FriendGuard|HelpingHand,Feint,FollowMe,Protect|Impish|||||50|]Sinistcha||KasibBerry|Hospitality|MatchaGotcha,RagePowder,LifeDew,Protect|Bold|||||50|
|inactive|Battle timer is ON: inactive players will automatically lose when time's up. (requested by arcacagne)
|
|t:|1783077367
|teamsize|p1|4
|teamsize|p2|4
|start
|switch|p1a: Raichu|Raichu, L50, F|100/100
|switch|p1b: Kingambit|Kingambit, L50, M|100/100
|switch|p2a: Blastoise|Blastoise, L50, M|100/100
|switch|p2b: Sneasler|Sneasler, L50, F|100/100
|turn|1
|inactive|arcacagne has 30 seconds left.
|
|t:|1783077402
|switch|p2b: Maushold|Maushold-Four, L50|100/100
|move|p2a: Blastoise|Protect|p2a: Blastoise
|-singleturn|p2a: Blastoise|Protect
|move|p1a: Raichu|Fake Out|p2a: Blastoise
|-activate|p2a: Blastoise|move: Protect
|move|p1b: Kingambit|Kowtow Cleave|p2a: Blastoise
|-activate|p2a: Blastoise|move: Protect
|
|upkeep
|turn|2
|
|t:|1783077423
|detailschange|p1a: Raichu|Raichu-Mega-Y, L50, F
|-mega|p1a: Raichu|Raichu|Raichunite Y
|detailschange|p2a: Blastoise|Blastoise-Mega, L50, M
|-mega|p2a: Blastoise|Blastoise|Blastoisinite
|move|p2b: Maushold|Follow Me|p2b: Maushold
|-singleturn|p2b: Maushold|move: Follow Me
|move|p1a: Raichu|Zap Cannon|p2b: Maushold
|-damage|p2b: Maushold|27/100
|-status|p2b: Maushold|par
|move|p2a: Blastoise|Shell Smash|p2a: Blastoise
|-unboost|p2a: Blastoise|def|1
|-unboost|p2a: Blastoise|spd|1
|-boost|p2a: Blastoise|atk|2
|-boost|p2a: Blastoise|spa|2
|-boost|p2a: Blastoise|spe|2
|move|p1b: Kingambit|Kowtow Cleave|p2b: Maushold
|-damage|p2b: Maushold|0 fnt
|faint|p2b: Maushold
|
|upkeep
|
|t:|1783077434
|switch|p2b: Sneasler|Sneasler, L50, F|100/100
|turn|3
|
|t:|1783077442
|switch|p1b: Gyarados|Gyarados, L50, F|100/100
|-ability|p1b: Gyarados|Intimidate|boost
|-unboost|p2a: Blastoise|atk|1
|-unboost|p2b: Sneasler|atk|1
|move|p1a: Raichu|Protect|p1a: Raichu
|-singleturn|p1a: Raichu|Protect
|move|p2b: Sneasler|Fake Out|p1b: Gyarados
|-crit|p1b: Gyarados
|-damage|p1b: Gyarados|74/100
|move|p2a: Blastoise|Water Spout|p1b: Gyarados|[spread] p1b
|-activate|p1a: Raichu|move: Protect
|-resisted|p1b: Gyarados|1
|-damage|p1b: Gyarados|5/100
|
|upkeep
|turn|4
|inactive|FreezyPop439 has 30 seconds left.
|inactive|FreezyPop439 has 20 seconds left.
|inactive|FreezyPop439 has 15 seconds left.
|
|t:|1783077484
|switch|p2b: Sinistcha|Sinistcha, L50|100/100
|switch|p1a: Kingambit|Kingambit, L50, M|100/100
|move|p2a: Blastoise|Water Spout|p1b: Gyarados|[spread] p1a,p1b
|-resisted|p1b: Gyarados|1
|-enditem|p1a: Kingambit|Focus Sash
|-damage|p1a: Kingambit|1/100
|-damage|p1b: Gyarados|0 fnt
|faint|p1b: Gyarados
|
|upkeep
|
|t:|1783077491
|switch|p1b: Raichu|Raichu-Mega-Y, L50, F|100/100
|turn|5
|
|t:|1783077499
|move|p2a: Blastoise|Protect|p2a: Blastoise
|-singleturn|p2a: Blastoise|Protect
|move|p2b: Sinistcha|Protect|p2b: Sinistcha
|-singleturn|p2b: Sinistcha|Protect
|move|p1b: Raichu|Fake Out|p2a: Blastoise
|-activate|p2a: Blastoise|move: Protect
|move|p1a: Kingambit|Kowtow Cleave|p2b: Sinistcha
|-activate|p2b: Sinistcha|move: Protect
|
|upkeep
|turn|6
|-message|FreezyPop439 forfeited.
|
|win|arcacagne
