|j|☆gabazor
|j|☆dialghite
|html|gabazordialghite    
|uhtml|bestof|Game 2 of a best-of-3
|t:|1756712459
|gametype|doubles
|player|p1|gabazor|infielder|1189
|player|p2|dialghite|volkner|1448
|gen|9
|tier|[Gen 9] VGC 2025 Reg H (Bo3)
|rated|
|rule|Species Clause: Limit one of each Pokémon
|rule|Item Clause: Limit 1 of each item
|clearpoke
|poke|p1|Porygon2, L50|
|poke|p1|Incineroar, L50, F|
|poke|p1|Ursaluna, L50, M|
|poke|p1|Jumpluff, L50, M|
|poke|p1|Charizard, L50, F|
|poke|p1|Torkoal, L50, F|
|poke|p2|Indeedee, L50, M|
|poke|p2|Sneasler, L50, F|
|poke|p2|Tyranitar, L50, M|
|poke|p2|Excadrill, L50, M|
|poke|p2|Corviknight, L50, M|
|poke|p2|Annihilape, L50, F|
|teampreview|4
|showteam|p1|Porygon2||Eviolite|Download|TeraBlast,IceBeam,TrickRoom,Recover||||||50|,,,,,Fighting]Incineroar||SitrusBerry|Intimidate|FakeOut,KnockOff,FlareBlitz,PartingShot|||F|||50|,,,,,Ghost]Ursaluna||FlameOrb|Guts|HeadlongRush,Facade,Earthquake,Protect|||M|||50|,,,,,Ghost]Jumpluff||CovertCloak|Chlorophyll|RagePowder,SunnyDay,Tailwind,SleepPowder|||M|||50|,,,,,Fire]Charizard||ChoiceSpecs|SolarPower|HeatWave,Overheat,WeatherBall,DragonPulse|||F|||50|,,,,,Ghost]Torkoal||EjectPack|Drought|Overheat,Eruption,HelpingHand,Protect|||F|||50|,,,,,Fire
|showteam|p2|Indeedee||ChoiceScarf|PsychicSurge|ExpandingForce,TeraBlast,Trick,Protect|||M|||50|,,,,,Psychic]Sneasler||PsychicSeed|Unburden|CloseCombat,DireClaw,ThroatChop,Protect|||F|||50|,,,,,Dark]Tyranitar||AssaultVest|SandStream|RockSlide,KnockOff,TeraBlast,LowKick|||M|||50|,,,,,Flying]Excadrill||FocusSash|SandRush|Earthquake,IronHead,HighHorsepower,Protect|||M|||50|,,,,,Ground]Corviknight||Leftovers|MirrorArmor|BraveBird,Tailwind,Roost,BulkUp|||M|||50|,,,,,Dragon]Annihilape||SafetyGoggles|Defiant|CloseCombat,RageFist,FinalGambit,Taunt|||F|||50|,,,,,Water
|inactive|Battle timer is ON: inactive players will automatically lose when time's up. (requested by dialghite)
|j| T-Soro
|
|t:|1756712491
|teamsize|p1|4
|teamsize|p2|4
|start
|switch|p1a: Jumpluff|Jumpluff, L50, M|100/100
|switch|p1b: Torkoal|Torkoal, L50, F|100/100
|switch|p2a: Annihilape|Annihilape, L50, F|100/100
|switch|p2b: Indeedee|Indeedee, L50, M|100/100
|-fieldstart|move: Psychic Terrain|[from] ability: Psychic Surge|[of] p2b: Indeedee
|-weather|SunnyDay|[from] ability: Drought|[of] p1b: Torkoal
|turn|1
|inactive|gabazor has 30 seconds left.
|
|t:|1756712523
|switch|p2a: Tyranitar|Tyranitar, L50, M|100/100
|-weather|Sandstorm|[from] ability: Sand Stream|[of] p2a: Tyranitar
|switch|p1b: Porygon2|Porygon2, L50|100/100
|-ability|p1b: Porygon2|Download|boost
|-boost|p1b: Porygon2|atk|1
|-terastallize|p2b: Indeedee|Psychic
|move|p2b: Indeedee|Expanding Force|p1b: Porygon2|[spread] p1a,p1b
|-damage|p1a: Jumpluff|28/100
|-damage|p1b: Porygon2|53/100
|move|p1a: Jumpluff|Sleep Powder|p2b: Indeedee
|-status|p2b: Indeedee|slp|[from] move: Sleep Powder
|
|-weather|Sandstorm|[upkeep]
|-damage|p2b: Indeedee|95/100 slp|[from] Sandstorm
|-damage|p1a: Jumpluff|22/100|[from] Sandstorm
|-damage|p1b: Porygon2|46/100|[from] Sandstorm
|upkeep
|turn|2
|
|t:|1756712545
|switch|p2a: Annihilape|Annihilape, L50, F|100/100
|cant|p2b: Indeedee|slp
|move|p1a: Jumpluff|Sunny Day|p1a: Jumpluff
|-weather|SunnyDay
|move|p1b: Porygon2|Ice Beam|p2a: Annihilape
|-damage|p2a: Annihilape|76/100
|
|-weather|SunnyDay|[upkeep]
|upkeep
|turn|3
|inactive|gabazor has 30 seconds left.
|inactive|gabazor has 20 seconds left.
|inactive|gabazor has 15 seconds left.
|
|t:|1756712587
|switch|p1a: Ursaluna|Ursaluna, L50, M|100/100
|cant|p2b: Indeedee|slp
|move|p2a: Annihilape|Close Combat|p1b: Porygon2
|-supereffective|p1b: Porygon2
|-damage|p1b: Porygon2|0 fnt
|-unboost|p2a: Annihilape|def|1
|-unboost|p2a: Annihilape|spd|1
|faint|p1b: Porygon2
|
|-weather|SunnyDay|[upkeep]
|-status|p1a: Ursaluna|brn|[from] item: Flame Orb
|upkeep
|
|t:|1756712596
|switch|p1b: Jumpluff|Jumpluff, L50, M|22/100
|turn|4
|
|t:|1756712602
|switch|p2a: Tyranitar|Tyranitar, L50, M|100/100
|-weather|Sandstorm|[from] ability: Sand Stream|[of] p2a: Tyranitar
|cant|p2b: Indeedee|slp
|move|p1b: Jumpluff|Tailwind|p1b: Jumpluff
|-sidestart|p1: gabazor|move: Tailwind
|move|p1a: Ursaluna|Earthquake|p2a: Tyranitar|[spread] p2a,p2b
|-immune|p1b: Jumpluff
|-supereffective|p2a: Tyranitar
|-damage|p2a: Tyranitar|3/100
|-damage|p2b: Indeedee|0 fnt
|faint|p2b: Indeedee
|
|-weather|Sandstorm|[upkeep]
|-damage|p1b: Jumpluff|16/100|[from] Sandstorm
|-damage|p1a: Ursaluna|95/100 brn|[from] brn
|upkeep
|
|t:|1756712611
|switch|p2b: Excadrill|Excadrill, L50, M|100/100
|turn|5
|
|t:|1756712622
|move|p1b: Jumpluff|Sunny Day|p1b: Jumpluff
|-weather|SunnyDay
|move|p1a: Ursaluna|Earthquake|p2b: Excadrill|[spread] p2a,p2b
|-immune|p1b: Jumpluff
|-supereffective|p2a: Tyranitar
|-supereffective|p2b: Excadrill
|-damage|p2a: Tyranitar|0 fnt
|-enditem|p2b: Excadrill|Focus Sash
|-damage|p2b: Excadrill|1/100
|faint|p2a: Tyranitar
|move|p2b: Excadrill|Iron Head|p1b: Jumpluff
|-damage|p1b: Jumpluff|0 fnt
|faint|p1b: Jumpluff
|
|-weather|SunnyDay|[upkeep]
|-damage|p1a: Ursaluna|89/100 brn|[from] brn
|-fieldend|move: Psychic Terrain
|upkeep
|
|t:|1756712633
|switch|p1b: Torkoal|Torkoal, L50, F|100/100
|switch|p2a: Annihilape|Annihilape, L50, F|76/100
|turn|6
|
|t:|1756712648
|-terastallize|p1a: Ursaluna|Ghost
|move|p1a: Ursaluna|Earthquake|p2b: Excadrill|[spread] p1b,p2a,p2b
|-supereffective|p1b: Torkoal
|-supereffective|p2b: Excadrill
|-damage|p1b: Torkoal|2/100
|-damage|p2a: Annihilape|14/100
|-damage|p2b: Excadrill|0 fnt
|faint|p2b: Excadrill
|move|p2a: Annihilape|Rage Fist|p1a: Ursaluna
|-supereffective|p1a: Ursaluna
|-damage|p1a: Ursaluna|0 fnt
|faint|p1a: Ursaluna
|move|p1b: Torkoal|Eruption|p2a: Annihilape
|-damage|p2a: Annihilape|11/100
|
|-weather|SunnyDay|[upkeep]
|upkeep
|turn|7
|
|t:|1756712666
|move|p2a: Annihilape|Rage Fist|p1b: Torkoal
|-damage|p1b: Torkoal|0 fnt
|faint|p1b: Torkoal
|
|win|dialghite
