|j|☆Semyboy
|j|☆spellbreakvgc
|html|Semyboyspellbreakvgc    
|uhtml|bestof|Game 2 of a best-of-3
|t:|1756217556
|gametype|doubles
|player|p1|Semyboy|265|1114
|player|p2|spellbreakvgc|lance|1222
|gen|9
|tier|[Gen 9] VGC 2025 Reg H (Bo3)
|rated|
|rule|Species Clause: Limit one of each Pokémon
|rule|Item Clause: Limit 1 of each item
|clearpoke
|poke|p1|Sneasler, L50, M|
|poke|p1|Archaludon, L50, M|
|poke|p1|Whimsicott, L50, M|
|poke|p1|Electabuzz, L50, M|
|poke|p1|Pelipper, L50, F|
|poke|p1|Garchomp, L50, M|
|poke|p2|Whimsicott, L50, F|
|poke|p2|Typhlosion-Hisui, L50, F|
|poke|p2|Dragapult, L50, M|
|poke|p2|Electabuzz, L50, M|
|poke|p2|Torkoal, L50, F|
|poke|p2|Lilligant-Hisui, L50, F|
|teampreview|4
|showteam|p1|Sneasler||WhiteHerb|Unburden|CloseCombat,FakeOut,DireClaw,ThroatChop|||M|||50|,,,,,Stellar]Archaludon||AssaultVest|Stamina|FlashCannon,DracoMeteor,ElectroShot,BodyPress|||M|||50|,,,,,Grass]Whimsicott||CovertCloak|Prankster|Moonblast,Tailwind,Protect,Encore|||M|||50|,,,,,Dark]Electabuzz||Eviolite|VitalSpirit|FollowMe,Protect,Electroweb,Taunt|||M|||50|,,,,,Electric]Pelipper||FocusSash|Drizzle|Hurricane,WeatherBall,Protect,IceBeam|||F|||50|,,,,,Stellar]Garchomp||LifeOrb|RoughSkin|Earthquake,StompingTantrum,Protect,DragonClaw|||M|||50|,,,,,Dragon
|showteam|p2|Whimsicott||CovertCloak|Prankster|Tailwind,SunnyDay,Encore,Moonblast|||F|||50|,,,,,Ghost]Typhlosion-Hisui||ChoiceSpecs|Blaze|Eruption,HeatWave,ShadowBall,Overheat|||F|||50|,,,,,Fire]Dragapult||ChoiceBand|ClearBody|DragonDarts,Outrage,SuckerPunch,Uturn|||M|||50|,,,,,Dragon]Electabuzz||Eviolite|VitalSpirit|VoltSwitch,FollowMe,Feint,Protect|||M|||50|,,,,,Ghost]Torkoal||LifeOrb|Drought|Eruption,HeatWave,WeatherBall,EarthPower|||F|||50|,,,,,Fire]Lilligant-Hisui||FocusSash|Chlorophyll|CloseCombat,SleepPowder,AfterYou,LeafBlade|||F|||50|,,,,,Ghost
|inactive|Battle timer is ON: inactive players will automatically lose when time's up. (requested by Semyboy)
|inactive|spellbreakvgc has 60 seconds left.
|inactive|spellbreakvgc has 30 seconds left.
|inactive|spellbreakvgc has 20 seconds left.
|
|t:|1756217627
|teamsize|p1|4
|teamsize|p2|4
|start
|switch|p1a: Sneasler|Sneasler, L50, M|100/100
|switch|p1b: Whimsicott|Whimsicott, L50, M|100/100
|switch|p2a: Dragapult|Dragapult, L50, M|100/100
|switch|p2b: Whimsicott|Whimsicott, L50, F|100/100
|turn|1
|inactive|Semyboy has 30 seconds left.
|
|t:|1756217653
|-terastallize|p1a: Sneasler|Stellar
|-terastallize|p2b: Whimsicott|Ghost
|move|p2b: Whimsicott|Tailwind|p2b: Whimsicott
|-sidestart|p2: spellbreakvgc|move: Tailwind
|move|p1b: Whimsicott|Tailwind|p1b: Whimsicott
|-sidestart|p1: Semyboy|move: Tailwind
|move|p2a: Dragapult|Dragon Darts|p1a: Sneasler
|-damage|p1a: Sneasler|31/100
|-anim|p2a: Dragapult|Dragon Darts|p1a: Sneasler
|-damage|p1a: Sneasler|0 fnt
|faint|p1a: Sneasler
|
|upkeep
|
|t:|1756217666
|switch|p1a: Electabuzz|Electabuzz, L50, M|100/100
|turn|2
|
|t:|1756217681
|move|p1b: Whimsicott|Protect|p1b: Whimsicott
|-singleturn|p1b: Whimsicott|Protect
|move|p2b: Whimsicott|Sunny Day|p2b: Whimsicott
|-weather|SunnyDay
|move|p2a: Dragapult|Dragon Darts|p1a: Electabuzz
|-damage|p1a: Electabuzz|65/100
|-anim|p2a: Dragapult|Dragon Darts|p1a: Electabuzz
|-damage|p1a: Electabuzz|34/100
|move|p1a: Electabuzz|Taunt|p2b: Whimsicott
|-start|p2b: Whimsicott|move: Taunt
|
|-weather|SunnyDay|[upkeep]
|upkeep
|turn|3
|
|t:|1756217700
|switch|p2b: Typhlosion|Typhlosion-Hisui, L50, F|100/100
|move|p2a: Dragapult|Dragon Darts|p1a: Electabuzz
|-damage|p1a: Electabuzz|2/100
|-anim|p2a: Dragapult|Dragon Darts|p1a: Electabuzz
|-damage|p1a: Electabuzz|0 fnt
|faint|p1a: Electabuzz
|move|p1b: Whimsicott|Moonblast|p2a: Dragapult
|-supereffective|p2a: Dragapult
|-damage|p2a: Dragapult|31/100
|
|-weather|SunnyDay|[upkeep]
|upkeep
|
|t:|1756217711
|switch|p1a: Garchomp|Garchomp, L50, M|100/100
|turn|4
|
|t:|1756217732
|switch|p2a: Whimsicott|Whimsicott, L50, F, tera:Ghost|100/100
|switch|p2b: Lilligant|Lilligant-Hisui, L50, F|100/100
|move|p1a: Garchomp|Protect|p1a: Garchomp
|-singleturn|p1a: Garchomp|Protect
|move|p1b: Whimsicott|Moonblast|p2a: Whimsicott
|-damage|p2a: Whimsicott|59/100
|
|-weather|SunnyDay|[upkeep]
|-sideend|p2: spellbreakvgc|move: Tailwind
|-sideend|p1: Semyboy|move: Tailwind
|upkeep
|turn|5
|
|t:|1756217756
|move|p2a: Whimsicott|Tailwind|p2a: Whimsicott
|-sidestart|p2: spellbreakvgc|move: Tailwind
|move|p2b: Lilligant|Sleep Powder|p1a: Garchomp
|-status|p1a: Garchomp|slp|[from] move: Sleep Powder
|move|p1b: Whimsicott|Moonblast|p2b: Lilligant
|-supereffective|p2b: Lilligant
|-crit|p2b: Lilligant
|-enditem|p2b: Lilligant|Focus Sash
|-damage|p2b: Lilligant|1/100
|-unboost|p2b: Lilligant|spa|1
|cant|p1a: Garchomp|slp
|
|-weather|SunnyDay|[upkeep]
|upkeep
|turn|6
|inactive|spellbreakvgc has 30 seconds left.
|inactive|Semyboy has 30 seconds left.
|
|t:|1756217790
|move|p2b: Lilligant|Leaf Blade|p1a: Garchomp
|-damage|p1a: Garchomp|63/100 slp
|-damage|p2b: Lilligant|0 fnt|[from] ability: Rough Skin|[of] p1a: Garchomp
|faint|p2b: Lilligant
|move|p2a: Whimsicott|Moonblast|p1a: Garchomp
|-supereffective|p1a: Garchomp
|-damage|p1a: Garchomp|0 fnt
|faint|p1a: Garchomp
|move|p1b: Whimsicott|Moonblast|p2a: Whimsicott
|-damage|p2a: Whimsicott|14/100
|
|-weather|none
|upkeep
|
|t:|1756217803
|switch|p2b: Typhlosion|Typhlosion-Hisui, L50, F|100/100
|turn|7
|
|t:|1756217809
|move|p2a: Whimsicott|Encore|p1b: Whimsicott
|-start|p1b: Whimsicott|Encore
|move|p2b: Typhlosion|Eruption|p1b: Whimsicott
|-supereffective|p1b: Whimsicott
|-damage|p1b: Whimsicott|0 fnt
|faint|p1b: Whimsicott
|
|win|spellbreakvgc
|raw|Semyboy's rating: 1114 → 1097(-17 for losing)
|raw|spellbreakvgc's rating: 1222 → 1239(+17 for winning)
|l|☆spellbreakvgc
|player|p2|
