|j|☆jowemama
|j|☆KyleTampy
|html|jowemamaKyleTampy    
|uhtml|bestof|Game 1 of a best-of-3
|t:|1757860585
|gametype|doubles
|player|p1|jowemama|scientistf|
|player|p2|KyleTampy|lucian|
|gen|9
|tier|[Gen 9] VGC 2025 Reg H (Bo3)
|rule|Species Clause: Limit one of each Pokémon
|rule|Item Clause: Limit 1 of each item
|clearpoke
|poke|p1|Decidueye-Hisui, L50, F|
|poke|p1|Primarina, L50, M|
|poke|p1|Incineroar, L50, M|
|poke|p1|Dragapult, L50, M|
|poke|p1|Electabuzz, L50, F|
|poke|p1|Vivillon, L50, F|
|poke|p2|Kleavor, L50, F|
|poke|p2|Tyranitar, L50, F|
|poke|p2|Gastrodon-East, L50, F|
|poke|p2|Decidueye-Hisui, L50, M|
|poke|p2|Corviknight, L50, M|
|poke|p2|Excadrill, L50, M|
|teampreview|4
|showteam|p1|Decidueye-Hisui||ScopeLens|Scrappy|LeafBlade,TripleArrows,BraveBird,Protect|||F|||50|,,,,,Poison]Primarina||SitrusBerry|LiquidVoice|HyperVoice,Moonblast,Haze,Protect|||M|||50|,,,,,Poison]Incineroar||SafetyGoggles|Intimidate|KnockOff,WillOWisp,PartingShot,FakeOut|||M|||50|,,,,,Grass]Dragapult||ChoiceBand|ClearBody|DragonDarts,Outrage,PhantomForce,Uturn|||M|||50|,,,,,Dragon]Electabuzz||Eviolite|VitalSpirit|Thunderbolt,Electroweb,Taunt,FollowMe|||F|||50|,,,,,Ghost]Vivillon||FocusSash|CompoundEyes|Hurricane,SleepPowder,Tailwind,Protect|||F|||50|,,,,,Ghost
|showteam|p2|Kleavor||FocusSash|Sharpness|StoneAxe,CloseCombat,NightSlash,Protect|||F|||50|,,,,,Steel]Tyranitar||AssaultVest|SandStream|RockSlide,KnockOff,Snarl,TeraBlast|||F|||50|,,,,,Flying]Gastrodon-East||Leftovers|StormDrain|EarthPower,ClearSmog,Yawn,Protect|||F|||50|,,,,,Rock]Decidueye-Hisui||ScopeLens|Scrappy|TripleArrows,LeafBlade,SuckerPunch,Protect|||M|||50|,,,,,Steel]Corviknight||CovertCloak|MirrorArmor|Tailwind,BodyPress,DrillPeck,Uturn|||M|||50|,,,,,Dragon]Excadrill||ChoiceScarf|SandForce|Earthquake,IronHead,RockSlide,HighHorsepower|||M|||50|,,,,,Ghost
|inactive|Battle timer is ON: inactive players will automatically lose when time's up. (requested by jowemama)
|inactive|KyleTampy has 60 seconds left.
|inactive|jowemama has 60 seconds left.
|inactiveoff|Battle timer is now OFF.
|j| SengarBlade
|j| Oldcow
|inactive|Battle timer is ON: inactive players will automatically lose when time's up. (requested by jowemama)
|inactive|KyleTampy has 30 seconds left.
|
|t:|1757860721
|teamsize|p1|4
|teamsize|p2|4
|start
|switch|p1a: Incineroar|Incineroar, L50, M|100/100
|switch|p1b: Dragapult|Dragapult, L50, M|100/100
|switch|p2a: Corviknight|Corviknight, L50, M|100/100
|switch|p2b: Tyranitar|Tyranitar, L50, F|100/100
|-ability|p1a: Incineroar|Intimidate|boost
|-ability|p2a: Corviknight|Mirror Armor
|-unboost|p1a: Incineroar|atk|1
|-unboost|p2b: Tyranitar|atk|1
|-weather|Sandstorm|[from] ability: Sand Stream|[of] p2b: Tyranitar
|turn|1
|
|t:|1757860750
|move|p1b: Dragapult|U-turn|p2b: Tyranitar
|-supereffective|p2b: Tyranitar
|-damage|p2b: Tyranitar|51/100
|
|t:|1757860753
|switch|p1b: Primarina|Primarina, L50, M|100/100|[from] U-turn
|move|p1a: Incineroar|Will-O-Wisp|p2b: Tyranitar
|-status|p2b: Tyranitar|brn
|move|p2a: Corviknight|Tailwind|p2a: Corviknight
|-sidestart|p2: KyleTampy|move: Tailwind
|move|p2b: Tyranitar|Knock Off|p1b: Primarina
|-resisted|p1b: Primarina
|-damage|p1b: Primarina|92/100
|-enditem|p1b: Primarina|Sitrus Berry|[from] move: Knock Off|[of] p2b: Tyranitar
|
|-weather|Sandstorm|[upkeep]
|-damage|p1b: Primarina|86/100|[from] Sandstorm
|-damage|p2b: Tyranitar|46/100 brn|[from] brn
|upkeep
|turn|2
|
|t:|1757860771
|move|p2a: Corviknight|Body Press|p1a: Incineroar
|-supereffective|p1a: Incineroar
|-damage|p1a: Incineroar|63/100
|move|p2b: Tyranitar|Rock Slide|p1b: Primarina|[spread] p1a,p1b
|-supereffective|p1a: Incineroar
|-damage|p1a: Incineroar|46/100
|-damage|p1b: Primarina|75/100
|move|p1a: Incineroar|Will-O-Wisp|p2a: Corviknight
|-status|p2a: Corviknight|brn
|move|p1b: Primarina|Hyper Voice|p2a: Corviknight|[spread] p2a,p2b
|-supereffective|p2b: Tyranitar
|-damage|p2a: Corviknight|77/100 brn
|-damage|p2b: Tyranitar|20/100 brn
|
|-weather|Sandstorm|[upkeep]
|-damage|p1b: Primarina|70/100|[from] Sandstorm
|-damage|p2a: Corviknight|71/100 brn|[from] brn
|-damage|p2b: Tyranitar|15/100 brn|[from] brn
|upkeep
|turn|3
|
|t:|1757860791
|switch|p1a: Electabuzz|Electabuzz, L50, F|100/100
|move|p2a: Corviknight|U-turn|p1a: Electabuzz
|-damage|p1a: Electabuzz|95/100
|
|t:|1757860800
|switch|p2a: Kleavor|Kleavor, L50, F|100/100|[from] U-turn
|move|p2b: Tyranitar|Snarl|p1b: Primarina|[spread] p1a,p1b
|-resisted|p1b: Primarina
|-damage|p1a: Electabuzz|85/100
|-damage|p1b: Primarina|64/100
|-unboost|p1a: Electabuzz|spa|1
|-unboost|p1b: Primarina|spa|1
|move|p1b: Primarina|Hyper Voice|p2a: Kleavor|[spread] p2a,p2b
|-supereffective|p2a: Kleavor
|-supereffective|p2b: Tyranitar
|-damage|p2a: Kleavor|54/100
|-damage|p2b: Tyranitar|0 fnt
|faint|p2b: Tyranitar
|
|-weather|Sandstorm|[upkeep]
|-damage|p1a: Electabuzz|79/100|[from] Sandstorm
|-damage|p1b: Primarina|58/100|[from] Sandstorm
|upkeep
|
|t:|1757860807
|switch|p2b: Excadrill|Excadrill, L50, M|100/100
|turn|4
|inactive|KyleTampy has 30 seconds left.
|inactive|KyleTampy has 20 seconds left.
|inactive|KyleTampy has 15 seconds left.
|
|t:|1757860848
|switch|p1b: Incineroar|Incineroar, L50, M|46/100
|-ability|p1b: Incineroar|Intimidate|boost
|-unboost|p2a: Kleavor|atk|1
|-unboost|p2b: Excadrill|atk|1
|-terastallize|p2b: Excadrill|Ghost
|move|p2b: Excadrill|High Horsepower|p1b: Incineroar
|-supereffective|p1b: Incineroar
|-damage|p1b: Incineroar|0 fnt
|faint|p1b: Incineroar
|move|p2a: Kleavor|Stone Axe|p1a: Electabuzz
|-damage|p1a: Electabuzz|49/100
|-sidestart|p1: jowemama|move: Stealth Rock
|move|p1a: Electabuzz|Thunderbolt|p2a: Kleavor
|-damage|p2a: Kleavor|30/100
|
|-weather|Sandstorm|[upkeep]
|-damage|p1a: Electabuzz|44/100|[from] Sandstorm
|-sideend|p2: KyleTampy|move: Tailwind
|upkeep
|
|t:|1757860853
|switch|p1b: Dragapult|Dragapult, L50, M|100/100
|-damage|p1b: Dragapult|88/100|[from] Stealth Rock
|turn|5
|
|t:|1757860868
|switch|p2a: Corviknight|Corviknight, L50, M|71/100 brn
|-terastallize|p1b: Dragapult|Dragon
|move|p2b: Excadrill|High Horsepower|p1a: Electabuzz
|-supereffective|p1a: Electabuzz
|-damage|p1a: Electabuzz|0 fnt
|faint|p1a: Electabuzz
|move|p1b: Dragapult|Dragon Darts|p2b: Excadrill
|-damage|p2b: Excadrill|24/100
|-anim|p1b: Dragapult|Dragon Darts|p2a: Corviknight
|-resisted|p2a: Corviknight
|-damage|p2a: Corviknight|52/100 brn
|
|-weather|none
|-damage|p2a: Corviknight|46/100 brn|[from] brn
|upkeep
|
|t:|1757860871
|switch|p1a: Primarina|Primarina, L50, M|58/100
|-damage|p1a: Primarina|45/100|[from] Stealth Rock
|turn|6
|
|t:|1757860891
|move|p2b: Excadrill|High Horsepower|p1a: Primarina
|-damage|p1a: Primarina|8/100
|move|p1b: Dragapult|Dragon Darts|p2b: Excadrill
|-damage|p2b: Excadrill|0 fnt
|-anim|p1b: Dragapult|Dragon Darts|p2a: Corviknight
|-resisted|p2a: Corviknight
|-damage|p2a: Corviknight|27/100 brn
|faint|p2b: Excadrill
|move|p1a: Primarina|Hyper Voice|p2a: Corviknight
|-damage|p2a: Corviknight|0 fnt
|faint|p2a: Corviknight
|
|upkeep
|
|t:|1757860899
|switch|p2b: Kleavor|Kleavor, L50, F|30/100
|turn|7
|
|t:|1757860903
|move|p1b: Dragapult|Dragon Darts|p2b: Kleavor
|-damage|p2b: Kleavor|0 fnt
|faint|p2b: Kleavor
|
|win|jowemama
||jowemama is ready for game 2.
|c|☆KyleTampy|Bad trip
||KyleTampy is ready for game 2.
|uhtml|next|Next: Game 2 of 3
|c| Oldcow|nice g
|l| SengarBlade
|l|☆jowemama
|player|p1|
|l| Oldcow
