|j|☆Pre-Burnt Tower
|j|☆parsley<3
|html|Pre-Burnt Towerparsley<3    
|uhtml|bestof|Game 2 of a best-of-3
|t:|1757930858
|gametype|doubles
|player|p1|Pre-Burnt Tower|265|1115
|player|p2|parsley<3|lacey|1231
|gen|9
|tier|[Gen 9] VGC 2025 Reg H (Bo3)
|rated|
|rule|Species Clause: Limit one of each Pokémon
|rule|Item Clause: Limit 1 of each item
|clearpoke
|poke|p1|Annihilape, L50, M|
|poke|p1|Incineroar, L50, M|
|poke|p1|Ursaluna-Bloodmoon, L50, M|
|poke|p1|Ribombee, L50, F|
|poke|p1|Gholdengo, L50|
|poke|p1|Dragonite, L50, F|
|poke|p2|Dragonite, L50, M|
|poke|p2|Garchomp, L50, M|
|poke|p2|Gholdengo, L50|
|poke|p2|Incineroar, L50, M|
|poke|p2|Amoonguss, L50, F|
|poke|p2|Sneasler, L50, M|
|teampreview|4
|showteam|p1|Annihilape||SafetyGoggles|Defiant|CloseCombat,FinalGambit,Taunt,RageFist|||M|||50|,,,,,Fire]Incineroar||AssaultVest|Intimidate|Uturn,FakeOut,FlareBlitz,KnockOff|||M|||50|,,,,,Grass]Ursaluna-Bloodmoon||ThroatSpray|MindsEye|BloodMoon,HyperVoice,EarthPower,Protect|||M|||50|,,,,,Normal]Ribombee||FocusSash|ShieldDust|Moonblast,FakeTears,Tailwind,Protect|||F|||50|,,,,,Ghost]Gholdengo||ChoiceSpecs|GoodasGold|MakeItRain,ShadowBall,Trick,Protect||||||50|,,,,,Steel]Dragonite||LoadedDice|Multiscale|ScaleShot,IceSpinner,ExtremeSpeed,Protect|||F|||50|,,,,,Steel
|showteam|p2|Dragonite||LoadedDice|Multiscale|ScaleShot,Haze,Protect,Tailwind|||M|||50|,,,,,Steel]Garchomp||AssaultVest|RoughSkin|Earthquake,StompingTantrum,DragonClaw,RockSlide|||M|||50|,,,,,Steel]Gholdengo||LifeOrb|GoodasGold|MakeItRain,ShadowBall,Protect,NastyPlot||||||50|,,,,,Flying]Incineroar||SafetyGoggles|Intimidate|FakeOut,KnockOff,PartingShot,FlareBlitz|||M|||50|,,,,,Ghost]Amoonguss||SitrusBerry|Regenerator|Spore,RagePowder,Protect,SludgeBomb|||F|||50|,,,,,Water]Sneasler||FocusSash|Unburden|DireClaw,CloseCombat,Coaching,FakeOut|||M|||50|,,,,,Stellar
|
|t:|1757930890
|teamsize|p1|4
|teamsize|p2|4
|start
|switch|p1a: Ribombee|Ribombee, L50, F|100/100
|switch|p1b: Gholdengo|Gholdengo, L50|100/100
|switch|p2a: achilles|Garchomp, L50, M|100/100
|switch|p2b: chiron|Sneasler, L50, M|100/100
|turn|1
|
|t:|1757930937
|switch|p1b: Incineroar|Incineroar, L50, M|100/100
|-ability|p1b: Incineroar|Intimidate|boost
|-unboost|p2a: achilles|atk|1
|-unboost|p2b: chiron|atk|1
|move|p1a: Ribombee|Tailwind|p1a: Ribombee
|-sidestart|p1: Pre-Burnt Tower|move: Tailwind
|move|p2b: chiron|Dire Claw|p1a: Ribombee
|-supereffective|p1a: Ribombee
|-crit|p1a: Ribombee
|-enditem|p1a: Ribombee|Focus Sash
|-damage|p1a: Ribombee|1/100
|move|p2a: achilles|Earthquake|p1b: Incineroar|[spread] p2b,p1a,p1b
|-supereffective|p2b: chiron
|-resisted|p1a: Ribombee
|-crit|p1a: Ribombee
|-supereffective|p1b: Incineroar
|-damage|p2b: chiron|11/100
|-damage|p1a: Ribombee|0 fnt
|-damage|p1b: Incineroar|55/100
|faint|p1a: Ribombee
|
|upkeep
|
|t:|1757930958
|switch|p1a: Gholdengo|Gholdengo, L50|100/100
|turn|2
|
|t:|1757930979
|switch|p2b: telemachus|Incineroar, L50, M|100/100
|-ability|p2b: telemachus|Intimidate|boost
|-unboost|p1a: Gholdengo|atk|1
|-unboost|p1b: Incineroar|atk|1
|move|p1b: Incineroar|Fake Out|p2a: achilles
|-damage|p2a: achilles|93/100
|-damage|p1b: Incineroar|42/100|[from] ability: Rough Skin|[of] p2a: achilles
|move|p1a: Gholdengo|Make It Rain|p2a: achilles|[spread] p2a,p2b
|-resisted|p2b: telemachus
|-damage|p2a: achilles|35/100
|-damage|p2b: telemachus|64/100
|-unboost|p1a: Gholdengo|spa|1
|cant|p2a: achilles|flinch
|
|upkeep
|turn|3
|
|t:|1757931008
|switch|p1a: Dragonite|Dragonite, L50, F, shiny|100/100
|switch|p2a: circe|Amoonguss, L50, F|100/100
|-terastallize|p1b: Incineroar|Grass
|move|p1b: Incineroar|U-turn|p2b: telemachus
|-damage|p2b: telemachus|51/100
|
|t:|1757931018
|switch|p1b: Gholdengo|Gholdengo, L50|100/100|[from] U-turn
|move|p2b: telemachus|Flare Blitz|p1a: Dragonite
|-resisted|p1a: Dragonite
|-damage|p1a: Dragonite|86/100
|-damage|p2b: telemachus|48/100|[from] Recoil
|
|upkeep
|turn|4
|
|t:|1757931060
|switch|p2b: chiron|Sneasler, L50, M|11/100
|move|p1a: Dragonite|Scale Shot|p2b: chiron
|-damage|p2b: chiron|0 fnt
|faint|p2b: chiron
|-hitcount|p2: chiron|1
|-unboost|p1a: Dragonite|def|1
|-boost|p1a: Dragonite|spe|1
|move|p1b: Gholdengo|Make It Rain|p2a: circe
|-damage|p2a: circe|13/100
|-unboost|p1b: Gholdengo|spa|1
|-enditem|p2a: circe|Sitrus Berry|[eat]
|-heal|p2a: circe|38/100|[from] item: Sitrus Berry
|move|p2a: circe|Spore|p1a: Dragonite
|-status|p1a: Dragonite|slp|[from] move: Spore
|
|-sideend|p1: Pre-Burnt Tower|move: Tailwind
|upkeep
|
|t:|1757931101
|switch|p2b: achilles|Garchomp, L50, M|35/100
|turn|5
|
|t:|1757931122
|switch|p1a: Incineroar|Incineroar, L50, M, tera:Grass|42/100
|-ability|p1a: Incineroar|Intimidate|boost
|-unboost|p2a: circe|atk|1
|-unboost|p2b: achilles|atk|1
|move|p2a: circe|Protect|p2a: circe
|-singleturn|p2a: circe|Protect
|move|p2b: achilles|Earthquake|p1b: Gholdengo|[spread] p1a,p1b
|-activate|p2a: circe|move: Protect
|-resisted|p1a: Incineroar
|-supereffective|p1b: Gholdengo
|-damage|p1a: Incineroar|30/100
|-damage|p1b: Gholdengo|44/100
|move|p1b: Gholdengo|Make It Rain|p2a: circe|[spread] p2b
|-activate|p2a: circe|move: Protect
|-damage|p2b: achilles|0 fnt
|-unboost|p1b: Gholdengo|spa|1
|faint|p2b: achilles
|
|upkeep
|
|t:|1757931138
|switch|p2b: telemachus|Incineroar, L50, M|48/100
|-ability|p2b: telemachus|Intimidate|boost
|-unboost|p1a: Incineroar|atk|1
|-unboost|p1b: Gholdengo|atk|1
|turn|6
|j| SakiVGC
|l| SakiVGC
|
|t:|1757931157
|-terastallize|p2a: circe|Water
|move|p1a: Incineroar|Fake Out|p2b: telemachus
|-damage|p2b: telemachus|41/100
|move|p1b: Gholdengo|Make It Rain|p2a: circe|[spread] p2a,p2b
|-resisted|p2a: circe
|-resisted|p2b: telemachus
|-damage|p2a: circe|22/100
|-damage|p2b: telemachus|24/100
|-unboost|p1b: Gholdengo|spa|1
|cant|p2b: telemachus|flinch
|move|p2a: circe|Sludge Bomb|p1a: Incineroar
|-supereffective|p1a: Incineroar
|-damage|p1a: Incineroar|0 fnt
|faint|p1a: Incineroar
|
|upkeep
|
|t:|1757931175
|switch|p1a: Dragonite|Dragonite, L50, F, shiny|86/100 slp
|turn|7
|
|t:|1757931191
|cant|p1a: Dragonite|slp
|move|p1b: Gholdengo|Make It Rain|p2a: circe|[spread] p2a,p2b
|-resisted|p2a: circe
|-resisted|p2b: telemachus
|-damage|p2a: circe|10/100
|-damage|p2b: telemachus|9/100
|-unboost|p1b: Gholdengo|spa|1
|move|p2b: telemachus|Knock Off|p1b: Gholdengo
|-supereffective|p1b: Gholdengo
|-damage|p1b: Gholdengo|0 fnt
|-enditem|p1b: Gholdengo|Choice Specs|[from] move: Knock Off|[of] p2b: telemachus
|faint|p1b: Gholdengo
|move|p2a: circe|Sludge Bomb|p1a: Dragonite
|-damage|p1a: Dragonite|56/100 slp
|
|upkeep
|turn|8
|
|t:|1757931209
|-curestatus|p1a: Dragonite|slp|[msg]
|move|p1a: Dragonite|Extreme Speed|p2b: telemachus
|-damage|p2b: telemachus|0 fnt
|faint|p2b: telemachus
|move|p2a: circe|Sludge Bomb|p1a: Dragonite
|-damage|p1a: Dragonite|26/100
|
|upkeep
|turn|9
|c|☆parsley<3|omfg
|
|t:|1757931220
|move|p1a: Dragonite|Extreme Speed|p2a: circe
|-damage|p2a: circe|0 fnt
|faint|p2a: circe
|
|win|Pre-Burnt Tower
