|j|☆seb96m
|j|☆squigulousq
|html|seb96msquigulousq    
|uhtml|bestof|Game 2 of a best-of-3
|t:|1755726219
|gametype|doubles
|player|p1|seb96m|2|1244
|player|p2|squigulousq|1|1170
|gen|9
|tier|[Gen 9] VGC 2025 Reg H (Bo3)
|rated|
|rule|Species Clause: Limit one of each Pokémon
|rule|Item Clause: Limit 1 of each item
|clearpoke
|poke|p1|Annihilape, L50, F|
|poke|p1|Sinistcha-Masterpiece, L50|
|poke|p1|Ninetales-Alola, L50, F|
|poke|p1|Incineroar, L50, M|
|poke|p1|Zoroark-Hisui, L50, M|
|poke|p1|Dragonite, L50, F|
|poke|p2|Gholdengo, L50|
|poke|p2|Amoonguss, L50, F|
|poke|p2|Basculegion, L50, M|
|poke|p2|Pelipper, L50, M|
|poke|p2|Incineroar, L50, F|
|poke|p2|Archaludon, L50, F|
|teampreview|4
|showteam|p1|Annihilape||SitrusBerry|Defiant|BulkUp,DrainPunch,RageFist,Protect|||F|||50|,,,,,Steel]Sinistcha-Masterpiece||Leftovers|Hospitality|MatchaGotcha,TrickRoom,LifeDew,RagePowder||||||50|,,,,,Water]Ninetales-Alola||LightClay|SnowWarning|Blizzard,IcicleSpear,Encore,AuroraVeil|||F|||50|,,,,,Ghost]Incineroar||SafetyGoggles|Intimidate|FakeOut,KnockOff,FlareBlitz,PartingShot|||M|||50|,,,,,Ghost]Zoroark-Hisui||FocusSash|Illusion|Snowscape,Psychic,HyperVoice,BitterMalice|||M|||50|,,,,,Ghost]Dragonite||LoadedDice|Multiscale|ScaleShot,Tailwind,ExtremeSpeed,Protect|||F|||50|,,,,,Normal
|showteam|p2|Gholdengo||LifeOrb|GoodasGold|MakeItRain,ShadowBall,NastyPlot,Protect||||||50|,,,,,Water]Amoonguss||SitrusBerry|Regenerator|Spore,RagePowder,PollenPuff,Protect|||F|||50|,,,,,Psychic]Basculegion||ChoiceBand|SwiftSwim|WaveCrash,FlipTurn,LastRespects,AquaJet|||M|||50|,,,,,Water]Pelipper||CovertCloak|Drizzle|Tailwind,Hurricane,WeatherBall,Protect|||M|||50|,,,,,Ground]Incineroar||SafetyGoggles|Intimidate|FlareBlitz,KnockOff,PartingShot,FakeOut|||F|||50|,,,,,Ghost]Archaludon||AssaultVest|Stamina|ElectroShot,FlashCannon,DracoMeteor,BodyPress|||F|||50|,,,,,Bug
|
|t:|1755726230
|teamsize|p1|4
|teamsize|p2|4
|start
|switch|p1a: Ninetales|Ninetales-Alola, L50, F|100/100
|switch|p1b: Dragonite|Dragonite, L50, F|100/100
|switch|p2a: Amoonguss|Amoonguss, L50, F|100/100
|switch|p2b: Basculegion|Basculegion, L50, M|100/100
|-weather|Snowscape|[from] ability: Snow Warning|[of] p1a: Ninetales
|turn|1
|
|t:|1755726275
|switch|p2b: Incineroar|Incineroar, L50, F|100/100
|-ability|p2b: Incineroar|Intimidate|boost
|-unboost|p1a: Ninetales|atk|1
|-unboost|p1b: Dragonite|atk|1
|move|p1a: Ninetales|Aurora Veil|p1a: Ninetales
|-sidestart|p1: seb96m|move: Aurora Veil
|move|p1b: Dragonite|Scale Shot|p2b: Incineroar
|-damage|p2b: Incineroar|93/100
|-damage|p2b: Incineroar|84/100
|-damage|p2b: Incineroar|76/100
|-damage|p2b: Incineroar|67/100
|-hitcount|p2b: Incineroar|4
|-unboost|p1b: Dragonite|def|1
|-boost|p1b: Dragonite|spe|1
|move|p2a: Amoonguss|Spore|p1b: Dragonite
|-status|p1b: Dragonite|slp|[from] move: Spore
|
|-weather|Snowscape|[upkeep]
|upkeep
|turn|2
|
|t:|1755726297
|switch|p1a: Sinistcha|Sinistcha-Masterpiece, L50|100/100
|cant|p1b: Dragonite|slp
|move|p2b: Incineroar|Parting Shot|p1a: Sinistcha
|-unboost|p1a: Sinistcha|atk|1
|-unboost|p1a: Sinistcha|spa|1
|
|t:|1755726306
|switch|p2b: Basculegion|Basculegion, L50, M|100/100|[from] Parting Shot
|move|p2a: Amoonguss|Spore|p1a: Sinistcha
|-immune|p1a: Sinistcha
|
|-weather|Snowscape|[upkeep]
|upkeep
|turn|3
|
|t:|1755726318
|switch|p2a: Pelipper|Pelipper, L50, M|100/100
|-weather|RainDance|[from] ability: Drizzle|[of] p2a: Pelipper
|move|p2b: Basculegion|Flip Turn|p1b: Dragonite
|-resisted|p1b: Dragonite
|-damage|p1b: Dragonite|85/100 slp
|
|t:|1755726327
|switch|p2b: Incineroar|Incineroar, L50, F|67/100|[from] Flip Turn
|-ability|p2b: Incineroar|Intimidate|boost
|-unboost|p1a: Sinistcha|atk|1
|-unboost|p1b: Dragonite|atk|1
|cant|p1b: Dragonite|slp
|move|p1a: Sinistcha|Matcha Gotcha|p2b: Incineroar|[spread] p2a,p2b
|-resisted|p2b: Incineroar
|-damage|p2a: Pelipper|76/100
|-damage|p2b: Incineroar|59/100
|
|-weather|RainDance|[upkeep]
|upkeep
|turn|4
|
|t:|1755726345
|switch|p1b: Annihilape|Annihilape, L50, F|100/100
|move|p2a: Pelipper|Tailwind|p2a: Pelipper
|-sidestart|p2: squigulousq|move: Tailwind
|move|p2b: Incineroar|Knock Off|p1a: Sinistcha
|-supereffective|p1a: Sinistcha
|-damage|p1a: Sinistcha|42/100
|-enditem|p1a: Sinistcha|Leftovers|[from] move: Knock Off|[of] p2b: Incineroar
|move|p1a: Sinistcha|Matcha Gotcha|p2b: Incineroar|[spread] p2a,p2b
|-resisted|p2b: Incineroar
|-damage|p2a: Pelipper|50/100
|-heal|p1a: Sinistcha|53/100|[from] drain|[of] p2a: Pelipper
|-damage|p2b: Incineroar|52/100
|-heal|p1a: Sinistcha|57/100|[from] drain|[of] p2b: Incineroar
|
|-weather|RainDance|[upkeep]
|upkeep
|turn|5
|
|t:|1755726374
|switch|p2a: Amoonguss|Amoonguss, L50, F|100/100
|-terastallize|p1a: Sinistcha|Water
|move|p2b: Incineroar|Parting Shot|p1a: Sinistcha
|-unboost|p1a: Sinistcha|atk|1
|-unboost|p1a: Sinistcha|spa|1
|
|t:|1755726390
|switch|p2b: Basculegion|Basculegion, L50, M|100/100|[from] Parting Shot
|move|p1b: Annihilape|Drain Punch|p2b: Basculegion
|-immune|p2b: Basculegion
|move|p1a: Sinistcha|Trick Room|p1a: Sinistcha
|-fieldstart|move: Trick Room|[of] p1a: Sinistcha
|
|-weather|RainDance|[upkeep]
|upkeep
|turn|6
|
|t:|1755726412
|switch|p1a: Ninetales|Ninetales-Alola, L50, F|100/100
|-weather|Snowscape|[from] ability: Snow Warning|[of] p1a: Ninetales
|switch|p2b: Pelipper|Pelipper, L50, M|50/100
|-weather|RainDance|[from] ability: Drizzle|[of] p2b: Pelipper
|move|p2a: Amoonguss|Spore|p1b: Annihilape
|-status|p1b: Annihilape|slp|[from] move: Spore
|cant|p1b: Annihilape|slp
|
|-weather|RainDance|[upkeep]
|upkeep
|turn|7
|
|t:|1755726429
|switch|p1a: Sinistcha|Sinistcha-Masterpiece, L50, tera:Water|57/100
|move|p2a: Amoonguss|Spore|p1a: Sinistcha
|-status|p1a: Sinistcha|slp|[from] move: Spore
|-curestatus|p1b: Annihilape|slp|[msg]
|move|p1b: Annihilape|Bulk Up|p1b: Annihilape
|-boost|p1b: Annihilape|atk|1
|-boost|p1b: Annihilape|def|1
|move|p2b: Pelipper|Hurricane|p1b: Annihilape
|-supereffective|p1b: Annihilape
|-damage|p1b: Annihilape|50/100
|-start|p1b: Annihilape|confusion
|-enditem|p1b: Annihilape|Sitrus Berry|[eat]
|-heal|p1b: Annihilape|75/100|[from] item: Sitrus Berry
|
|-weather|RainDance|[upkeep]
|-sideend|p2: squigulousq|move: Tailwind
|upkeep
|turn|8
|
|t:|1755726450
|switch|p1a: Ninetales|Ninetales-Alola, L50, F|100/100
|-weather|Snowscape|[from] ability: Snow Warning|[of] p1a: Ninetales
|switch|p2b: Basculegion|Basculegion, L50, M|100/100
|-activate|p1b: Annihilape|confusion
|move|p1b: Annihilape|Protect|p1b: Annihilape
|-singleturn|p1b: Annihilape|Protect
|move|p2a: Amoonguss|Spore|p1b: Annihilape
|-activate|p1b: Annihilape|move: Protect
|
|-weather|Snowscape|[upkeep]
|-sideend|p1: seb96m|move: Aurora Veil
|upkeep
|turn|9
|
|t:|1755726467
|switch|p1a: Sinistcha|Sinistcha-Masterpiece, L50, tera:Water|57/100 slp
|-heal|p1b: Annihilape|100/100|[from] ability: Hospitality|[of] p1a: Sinistcha
|-activate|p1b: Annihilape|confusion
|-damage|p1b: Annihilape|87/100|[from] confusion
|move|p2a: Amoonguss|Spore|p1b: Annihilape
|-status|p1b: Annihilape|slp|[from] move: Spore
|move|p2b: Basculegion|Flip Turn|p1a: Sinistcha
|-resisted|p1a: Sinistcha
|-damage|p1a: Sinistcha|36/100 slp
|
|t:|1755726479
|switch|p2b: Pelipper|Pelipper, L50, M|50/100|[from] Flip Turn
|-weather|RainDance|[from] ability: Drizzle|[of] p2b: Pelipper
|
|-weather|RainDance|[upkeep]
|-fieldend|move: Trick Room
|upkeep
|turn|10
|
|t:|1755726494
|switch|p1a: Ninetales|Ninetales-Alola, L50, F|100/100
|-weather|Snowscape|[from] ability: Snow Warning|[of] p1a: Ninetales
|cant|p1b: Annihilape|slp
|move|p2b: Pelipper|Hurricane|p1b: Annihilape
|-supereffective|p1b: Annihilape
|-damage|p1b: Annihilape|8/100 slp
|move|p2a: Amoonguss|Spore|p1a: Ninetales
|-status|p1a: Ninetales|slp|[from] move: Spore
|
|-weather|Snowscape|[upkeep]
|upkeep
|turn|11
|
|t:|1755726517
|switch|p1a: Sinistcha|Sinistcha-Masterpiece, L50, tera:Water|36/100 slp
|-heal|p1b: Annihilape|33/100 slp|[from] ability: Hospitality|[of] p1a: Sinistcha
|move|p2a: Amoonguss|Rage Powder|p2a: Amoonguss
|-singleturn|p2a: Amoonguss|move: Rage Powder
|-curestatus|p1b: Annihilape|slp|[msg]
|-activate|p1b: Annihilape|confusion
|-damage|p1b: Annihilape|20/100|[from] confusion
|move|p2b: Pelipper|Weather Ball|p1b: Annihilape
|-damage|p1b: Annihilape|0 fnt
|faint|p1b: Annihilape
|
|-weather|Snowscape|[upkeep]
|upkeep
|-message|seb96m forfeited.
|raw|seb96m's rating: 1244 → 1214(-30 for losing)
|raw|squigulousq's rating: 1170 → 1200(+30 for winning)
|
|win|squigulousq
|l|☆seb96m
|player|p1|
