|j|Ôÿåbruno.185
|j|ÔÿåSquint_TT
|html|bruno.185Squint_TT    
|uhtml|bestof|Game 1 of a best-of-3
|t:|1783783517
|gametype|doubles
|player|p1|bruno.185|steven|
|player|p2|Squint_TT|170|
|gen|9
|tier|[Gen 9 Champions] VGC 2026 Reg M-B (Bo3)
|rule|Species Clause: Limit one of each Pok├®mon
|rule|Item Clause: Limit 1 of each item
|clearpoke
|poke|p1|Pyroar, L50, F, shiny|
|poke|p1|Sableye, L50, F, shiny|
|poke|p1|Swampert, L50, M, shiny|
|poke|p1|Aggron, L50, M, shiny|
|poke|p1|Maushold, L50, shiny|
|poke|p1|Decidueye, L50, F, shiny|
|poke|p2|Eelektross, L50, F|
|poke|p2|Oranguru, L50, M|
|poke|p2|Sylveon, L50, M|
|poke|p2|Drampa, L50, M|
|poke|p2|Kingambit, L50, M|
|poke|p2|Mimikyu, L50, F|
|teampreview|4
|showteam|p1|Pyroar||Pyroarite|Rivalry|FlameCharge,ScorchingSands,HeatWave,HyperVoice|Timid||F|||50|]Sableye||LightClay|Prankster|SunnyDay,LightScreen,Reflect,KnockOff|Impish||F|||50|]Swampert||RindoBerry|Torrent|Protect,RockSlide,WaveCrash,Earthquake|Adamant||M|||50|]Aggron||Leftovers|HeavyMetal|HeavySlam,Protect,RockSlide,StealthRock|Careful||M|||50|]Maushold||KingsRock|Technician|BulletSeed,PopulationBomb,TidyUp,Protect|Jolly|||||50|]Decidueye||ExpertBelt|LongReach|SpiritShackle,ShadowSneak,SolarBeam,Protect|Sassy||F|||50|
|showteam|p2|Eelektross||Eelektrossite|Levitate|Protect,Thunderbolt,Flamethrower,GigaDrain|Quiet||F|||50|]Oranguru||MentalHerb|InnerFocus|Protect,Instruct,TrickRoom,Psychic|Sassy||M|||50|]Sylveon||FairyFeather|Pixilate|HyperVoice,HyperBeam,Protect,QuickAttack|Sassy||M|||50|]Drampa||Drampanite|CloudNine|HyperVoice,EarthPower,Protect,CalmMind|Quiet||M|||50|]Kingambit||ChopleBerry|Defiant|SuckerPunch,IronHead,KowtowCleave,Protect|Brave||M|||50|]Mimikyu||FocusSash|Disguise|TrickRoom,DestinyBond,PlayRough,Copycat|Brave||F|||50|
|c|Ôÿåbruno.185|Bro im so cooked
|c|ÔÿåSquint_TT|How come
|c|Ôÿåbruno.185|Why are you running focus sash mimikyu­ƒÿ¡
|c|ÔÿåSquint_TT|Oh
|c|ÔÿåSquint_TT|I didn't mean that oops
|c|ÔÿåSquint_TT|HGAHAHA WTF
|
|t:|1783783646
|teamsize|p1|4
|teamsize|p2|4
|start
|switch|p1a: Pyroar|Pyroar, L50, F, shiny|100/100
|switch|p1b: Sableye|Sableye, L50, F, shiny|100/100
|switch|p2a: Oranguru|Oranguru, L50, M|100/100
|switch|p2b: Drampa|Drampa, L50, M|100/100
|-ability|p2b: Drampa|Cloud Nine
|turn|1
|
|t:|1783783676
|switch|p1a: Aggron|Aggron, L50, M, shiny|100/100
|move|p2b: Drampa|Protect|p2b: Drampa
|-singleturn|p2b: Drampa|Protect
|move|p1b: Sableye|Light Screen|p1b: Sableye
|-sidestart|p1: bruno.185|move: Light Screen
|move|p2a: Oranguru|Trick Room|p2a: Oranguru
|-fieldstart|move: Trick Room|[of] p2a: Oranguru
|
|upkeep
|turn|2
|
|t:|1783783701
|detailschange|p2b: Drampa|Drampa-Mega, L50, M
|-mega|p2b: Drampa|Drampa|Drampanite
|move|p2b: Drampa|Calm Mind|p2b: Drampa
|-boost|p2b: Drampa|spa|1
|-boost|p2b: Drampa|spd|1
|move|p1a: Aggron|Stealth Rock|p2b: Drampa
|-sidestart|p2: Squint_TT|move: Stealth Rock
|move|p1b: Sableye|Knock Off|p2a: Oranguru
|-supereffective|p2a: Oranguru|1
|-damage|p2a: Oranguru|38/100
|-enditem|p2a: Oranguru|Mental Herb|[from] move: Knock Off|[of] p1b: Sableye
|move|p2a: Oranguru|Instruct|p2b: Drampa
|-singleturn|p2b: Drampa|move: Instruct|[of] p2a: Oranguru
|move|p2b: Drampa|Calm Mind|p2b: Drampa
|-boost|p2b: Drampa|spa|1
|-boost|p2b: Drampa|spd|1
|
|upkeep
|turn|3
|
|t:|1783783727
|move|p2b: Drampa|Earth Power|p1a: Aggron
|-supereffective|p1a: Aggron|2
|-damage|p1a: Aggron|0 fnt
|faint|p1a: Aggron
|move|p1b: Sableye|Knock Off|p2a: Oranguru
|-supereffective|p2a: Oranguru|1
|-damage|p2a: Oranguru|3/100
|move|p2a: Oranguru|Instruct|p2b: Drampa
|-singleturn|p2b: Drampa|move: Instruct|[of] p2a: Oranguru
|move|p2b: Drampa|Earth Power|p1b: Sableye
|-damage|p1b: Sableye|20/100y
|
|upkeep
|
|t:|1783783743
|switch|p1a: Pyroar|Pyroar, L50, F, shiny|100/100
|turn|4
|
|t:|1783783758
|detailschange|p1a: Pyroar|Pyroar-Mega, L50, F, shiny
|-mega|p1a: Pyroar|Pyroar|Pyroarite
|move|p1b: Sableye|Sunny Day|p1b: Sableye
|-weather|SunnyDay
|move|p2b: Drampa|Earth Power|p1a: Pyroar
|-supereffective|p1a: Pyroar|1
|-damage|p1a: Pyroar|0 fnt
|faint|p1a: Pyroar
|move|p2a: Oranguru|Instruct|p2b: Drampa
|-singleturn|p2b: Drampa|move: Instruct|[of] p2a: Oranguru
|move|p2b: Drampa|Earth Power|p1b: Sableye
|-damage|p1b: Sableye|0 fnt
|faint|p1b: Sableye
|
|-weather|SunnyDay|[upkeep]
|upkeep
|
|t:|1783783769
|switch|p1b: Swampert|Swampert, L50, M, shiny|100/100
|turn|5
|
|t:|1783783774
|move|p2b: Drampa|Hyper Voice|p1b: Swampert
|-damage|p1b: Swampert|24/100
|move|p2a: Oranguru|Instruct|p2b: Drampa
|-singleturn|p2b: Drampa|move: Instruct|[of] p2a: Oranguru
|move|p2b: Drampa|Hyper Voice|p1b: Swampert
|-damage|p1b: Swampert|0 fnt
|faint|p1b: Swampert
|
|win|Squint_TT
|c|Ôÿåbruno.185|W
|inactive|bruno.185 has 30 seconds to confirm battle start!
|inactive|Squint_TT has 30 seconds to confirm battle start!
|c|ÔÿåSquint_TT|W
||bruno.185 is ready for game 2.
|c|ÔÿåSquint_TT|ggs
||Squint_TT is ready for game 2.
|uhtml|next|Next: Game 2 of 3
