|j|☆LanternComic
|j|☆SomeKidJon
|html|LanternComicSomeKidJon    
|uhtml|bestof|Game 2 of a best-of-3
|t:|1783208311
|gametype|doubles
|player|p1|LanternComic|silver-masters|1216
|player|p2|SomeKidJon|scientistf|1260
|gen|9
|tier|[Gen 9 Champions] VGC 2026 Reg M-B (Bo3)
|rated|
|rule|Species Clause: Limit one of each Pokémon
|rule|Item Clause: Limit 1 of each item
|clearpoke
|poke|p1|Mawile, L50, M|
|poke|p1|Farigiraf, L50, F|
|poke|p1|Sneasler, L50, F|
|poke|p1|Swampert, L50, M|
|poke|p1|Pelipper, L50, M|
|poke|p1|Hydreigon, L50, F|
|poke|p2|Camerupt, L50, F|
|poke|p2|Farigiraf, L50, M|
|poke|p2|Primarina, L50, M|
|poke|p2|Hatterene, L50, F|
|poke|p2|Lopunny, L50, F|
|poke|p2|Medicham, L50, F|
|teampreview|4
|showteam|p1|Mawile||Mawilite|Intimidate|PlayRough,IronHead,SuckerPunch,Protect|Adamant||M|||50|]Farigiraf||ColburBerry|ArmorTail|Psychic,Thunderbolt,TrickRoom,Protect|Relaxed||F|||50|]Sneasler||WhiteHerb|Unburden|CloseCombat,DireClaw,FakeOut,Coaching|Jolly||F|||50|]Swampert||Swampertite|Torrent|WaveCrash,Earthquake,HighHorsepower,Protect|Adamant||M|||50|]Pelipper||FocusSash|Drizzle|Hurricane,WeatherBall,Tailwind,WideGuard|Modest||M|||50|]Hydreigon||ChoiceScarf|Levitate|DracoMeteor,DarkPulse,Snarl,EarthPower|Modest||F|||50|
|showteam|p2|Camerupt||Cameruptite|SolidRock|AncientPower,HeatWave,EarthPower,Protect|Quiet||F|||50|]Farigiraf||SitrusBerry|ArmorTail|Protect,Thunderbolt,TrickRoom,DazzlingGleam|Bold||M|||50|]Primarina||Leftovers|LiquidVoice|HyperVoice,Protect,Moonblast,CalmMind|Modest||M|||50|]Hatterene||LifeOrb|MagicBounce|Psychic,Protect,DazzlingGleam,TrickRoom|Quiet||F|||50|]Lopunny||Lopunnite|Klutz|FakeOut,CloseCombat,AfterYou,Uturn|Jolly||F|||50|]Medicham||FocusSash|PurePower|FakeOut,CloseCombat,PsychoCut,Feint|Adamant||F|||50|
|
|t:|1783208338
|teamsize|p1|4
|teamsize|p2|4
|start
|switch|p1a: Swampert|Swampert, L50, M|100/100
|switch|p1b: Pelipper|Pelipper, L50, M|100/100
|switch|p2a: Hatterene|Hatterene, L50, F|100/100
|switch|p2b: Lopunny|Lopunny, L50, F|100/100
|-weather|RainDance|[from] ability: Drizzle|[of] p1b: Pelipper
|turn|1
|
|t:|1783208355
|switch|p1b: Farigiraf|Farigiraf, L50, F|100/100
|detailschange|p1a: Swampert|Swampert-Mega, L50, M
|-mega|p1a: Swampert|Swampert|Swampertite
|move|p2b: Lopunny|Fake Out||[still]
|cant|p1b: Farigiraf|ability: Armor Tail|Fake Out|[of] p2b: Lopunny
|move|p1a: Swampert|Wave Crash|p2a: Hatterene
|-damage|p2a: Hatterene|0 fnt
|faint|p2a: Hatterene
|-damage|p1a: Swampert|69/100|[from] Recoil
|
|-weather|RainDance|[upkeep]
|upkeep
|
|t:|1783208361
|switch|p2a: Medicham|Medicham, L50, F|100/100
|turn|2
|
|t:|1783208378
|switch|p2b: Primarina|Primarina, L50, M|100/100
|move|p1a: Swampert|Wave Crash|p2b: Primarina
|-resisted|p2b: Primarina|1
|-damage|p2b: Primarina|44/100
|-damage|p1a: Swampert|49/100|[from] Recoil
|move|p2a: Medicham|Close Combat|p1a: Swampert
|-damage|p1a: Swampert|0 fnt
|-unboost|p2a: Medicham|def|1
|-unboost|p2a: Medicham|spd|1
|faint|p1a: Swampert
|move|p1b: Farigiraf|Thunderbolt|p2a: Medicham
|-damage|p2a: Medicham|43/100
|
|-weather|RainDance|[upkeep]
|-heal|p2b: Primarina|50/100g|[from] item: Leftovers
|upkeep
|
|t:|1783208395
|switch|p1a: Pelipper|Pelipper, L50, M|100/100
|turn|3
|
|t:|1783208408
|switch|p2a: Lopunny|Lopunny, L50, F|100/100
|move|p1a: Pelipper|Hurricane|p2b: Primarina
|-damage|p2b: Primarina|9/100
|move|p2b: Primarina|Calm Mind|p2b: Primarina
|-boost|p2b: Primarina|spa|1
|-boost|p2b: Primarina|spd|1
|move|p1b: Farigiraf|Thunderbolt|p2b: Primarina
|-supereffective|p2b: Primarina|1
|-damage|p2b: Primarina|0 fnt
|faint|p2b: Primarina
|
|-weather|RainDance|[upkeep]
|upkeep
|
|t:|1783208415
|switch|p2b: Medicham|Medicham, L50, F|43/100
|turn|4
|
|t:|1783208427
|detailschange|p2a: Lopunny|Lopunny-Mega, L50, F
|-mega|p2a: Lopunny|Lopunny|Lopunnite
|move|p2a: Lopunny|Close Combat|p1a: Pelipper
|-resisted|p1a: Pelipper|1
|-damage|p1a: Pelipper|57/100
|-unboost|p2a: Lopunny|def|1
|-unboost|p2a: Lopunny|spd|1
|move|p2b: Medicham|Close Combat|p1a: Pelipper
|-resisted|p1a: Pelipper|1
|-damage|p1a: Pelipper|4/100
|-unboost|p2b: Medicham|def|1
|-unboost|p2b: Medicham|spd|1
|move|p1a: Pelipper|Hurricane|p2b: Medicham
|-supereffective|p2b: Medicham|1
|-damage|p2b: Medicham|0 fnt
|faint|p2b: Medicham
|move|p1b: Farigiraf|Trick Room|p1b: Farigiraf
|-fieldstart|move: Trick Room|[of] p1b: Farigiraf
|
|-weather|RainDance|[upkeep]
|upkeep
|turn|5
|
|t:|1783208446
|move|p1b: Farigiraf|Psychic|p2a: Lopunny
|-supereffective|p2a: Lopunny|1
|-damage|p2a: Lopunny|0 fnt
|faint|p2a: Lopunny
|
|win|LanternComic
|raw|LanternComic's rating: 1216 → 1244(+28 for winning)
|raw|SomeKidJon's rating: 1260 → 1232(-28 for losing)
|l|☆SomeKidJon
|player|p2|
