|j|☆Axo of DOOM
|j|☆exessvgc
|html|Axo of DOOMexessvgc    
|uhtml|bestof|Game 3 of a best-of-3
|t:|1784929052
|gametype|doubles
|player|p1|Axo of DOOM|crasherwake|1318
|player|p2|exessvgc|2|1391
|gen|9
|tier|[Gen 9 Champions] VGC 2026 Reg M-B (Bo3)
|rated|
|rule|Species Clause: Limit one of each Pokémon
|rule|Item Clause: Limit 1 of each item
|clearpoke
|poke|p1|Sinistcha, L50, shiny|
|poke|p1|Incineroar, L50, M|
|poke|p1|Milotic, L50, M, shiny|
|poke|p1|Raichu, L50, M|
|poke|p1|Floette-Eternal, L50, F|
|poke|p1|Ceruledge, L50, F, shiny|
|poke|p2|Farigiraf, L50, M, shiny|
|poke|p2|Aerodactyl, L50, M, shiny|
|poke|p2|Kingambit, L50, M, shiny|
|poke|p2|Garchomp, L50, M, shiny|
|poke|p2|Charizard, L50, M, shiny|
|poke|p2|Ninetales-Alola, L50, M|
|teampreview|4
|showteam|p1|Sinistcha||KasibBerry|Hospitality|MatchaGotcha,LifeDew,RagePowder,Protect|Relaxed|||||50|]Incineroar||SitrusBerry|Intimidate|FlareBlitz,ThroatChop,FakeOut,PartingShot|Impish||M|||50|]Milotic||Leftovers|Competitive|MuddyWater,Coil,Hypnosis,Protect|Calm||M|||50|]Raichu||RaichuniteY|LightningRod|ZapCannon,FocusBlast,FakeOut,Protect|Timid||M|||50|]Floette-Eternal||Floettite|FlowerVeil|DazzlingGleam,DrainingKiss,CalmMind,Protect|Timid||F|||50|]Ceruledge||ColburBerry|FlashFire|BitterBlade,ShadowSneak,BulkUp,Protect|Adamant||F|||50|
|showteam|p2|Farigiraf||SitrusBerry|ArmorTail|TrickRoom,TwinBeam,HelpingHand,Thunderbolt|Bold||M|||50|]Aerodactyl||Aerodactylite|Unnerve|RockSlide,Protect,Tailwind,Taunt|Jolly||M|||50|]Kingambit||FocusSash|Defiant|IronHead,SuckerPunch,LowKick,Protect|Adamant||M|||50|]Garchomp||LifeOrb|RoughSkin|DragonClaw,Earthquake,StompingTantrum,Protect|Adamant||M|||50|]Charizard||CharizarditeY|Blaze|WeatherBall,HeatWave,SolarBeam,Protect|Modest||M|||50|]Ninetales-Alola||NeverMeltIce|SnowWarning|Blizzard,FreezeDry,Moonblast,Protect|Timid||M|||50|
|inactive|Battle timer is ON: inactive players will automatically lose when time's up. (requested by Axo of DOOM)
|
|t:|1784929099
|teamsize|p1|4
|teamsize|p2|4
|start
|switch|p1a: Incineroar|Incineroar, L50, M|100/100
|switch|p1b: Milotic|Milotic, L50, M, shiny|100/100
|switch|p2a: DINOSAUVO|Aerodactyl, L50, M, shiny|100/100
|switch|p2b: Uscorp|Kingambit, L50, M, shiny|100/100
|-ability|p2a: DINOSAUVO|Unnerve
|-ability|p1a: Incineroar|Intimidate|boost
|-unboost|p2a: DINOSAUVO|atk|1
|-unboost|p2b: Uscorp|atk|1
|-ability|p2b: Uscorp|Defiant|boost
|-boost|p2b: Uscorp|atk|2
|turn|1
|inactive|Axo of DOOM has 30 seconds left.
|inactive|Axo of DOOM has 20 seconds left.
|
|t:|1784929135
|move|p1a: Incineroar|Fake Out|p2a: DINOSAUVO
|-resisted|p2a: DINOSAUVO|1
|-damage|p2a: DINOSAUVO|91/100
|cant|p2a: DINOSAUVO|flinch
|move|p1b: Milotic|Coil|p1b: Milotic
|-boost|p1b: Milotic|atk|1
|-boost|p1b: Milotic|def|1
|-boost|p1b: Milotic|accuracy|1
|move|p2b: Uscorp|Low Kick|p1a: Incineroar
|-supereffective|p1a: Incineroar|1
|-damage|p1a: Incineroar|34/100
|
|upkeep
|turn|2
|inactive|Axo of DOOM has 30 seconds left.
|inactive|exessvgc has 30 seconds left.
|inactive|Axo of DOOM has 20 seconds left.
|inactive|exessvgc has 20 seconds left.
|inactive|Axo of DOOM has 15 seconds left.
|
|t:|1784929177
|move|p2a: DINOSAUVO|Taunt|p1a: Incineroar
|-start|p1a: Incineroar|move: Taunt
|move|p1b: Milotic|Hypnosis|p2b: Uscorp
|-status|p2b: Uscorp|slp|[from] move: Hypnosis
|cant|p2b: Uscorp|slp
|cant|p1a: Incineroar|move: Taunt|Parting Shot
|
|upkeep
|turn|3
|inactive|exessvgc has 30 seconds left.
|inactive|exessvgc has 20 seconds left.
|
|t:|1784929216
|move|p2a: DINOSAUVO|Rock Slide|p1a: Incineroar|[spread] p1a,p1b
|-supereffective|p1a: Incineroar|1
|-damage|p1a: Incineroar|6/100
|-damage|p1b: Milotic|89/100
|move|p1b: Milotic|Muddy Water|p2a: DINOSAUVO|[spread] p2a,p2b
|-supereffective|p2a: DINOSAUVO|1
|-damage|p2a: DINOSAUVO|21/100
|-damage|p2b: Uscorp|76/100 slp
|-unboost|p2a: DINOSAUVO|accuracy|1
|-curestatus|p2b: Uscorp|slp|[msg]
|move|p2b: Uscorp|Low Kick|p1b: Milotic
|-damage|p1b: Milotic|56/100
|move|p1a: Incineroar|Flare Blitz|p2b: Uscorp
|-supereffective|p2b: Uscorp|1
|-damage|p2b: Uscorp|1/100
|-damage|p1a: Incineroar|0 fnt|[from] Recoil
|faint|p1a: Incineroar
|
|-heal|p1b: Milotic|62/100|[from] item: Leftovers
|upkeep
|
|t:|1784929234
|switch|p1a: Sinistcha|Sinistcha, L50, shiny|100/100
|-heal|p1b: Milotic|87/100|[from] ability: Hospitality|[of] p1a: Sinistcha
|turn|4
|inactive|exessvgc has 30 seconds left.
|c|☆Axo of DOOM|1%
|inactive|exessvgc has 20 seconds left.
|inactive|exessvgc has 15 seconds left.
|inactive|exessvgc has 10 seconds left.
|inactive|exessvgc has 5 seconds left.
|
|t:|1784929287
|switch|p1a: Ceruledge|Ceruledge, L50, F, shiny|100/100
|move|p2a: DINOSAUVO|Taunt|p1b: Milotic|[miss]
|-miss|p2a: DINOSAUVO|p1b: Milotic
|move|p1b: Milotic|Muddy Water|p2a: DINOSAUVO|[spread] p2a,p2b
|-supereffective|p2a: DINOSAUVO|1
|-damage|p2a: DINOSAUVO|0 fnt
|-damage|p2b: Uscorp|0 fnt
|faint|p2a: DINOSAUVO
|faint|p2b: Uscorp
|
|-heal|p1b: Milotic|93/100|[from] item: Leftovers
|upkeep
|
|t:|1784929298
|switch|p2a: FONO DALFONICO|Charizard, L50, M, shiny|100/100
|switch|p2b: Chompy|Garchomp, L50, M, shiny|100/100
|turn|5
|inactive|exessvgc has 30 seconds left.
|inactive|exessvgc has 20 seconds left.
|inactive|exessvgc has 15 seconds left.
|inactive|exessvgc has 10 seconds left.
|
|t:|1784929348
|detailschange|p2a: FONO DALFONICO|Charizard-Mega-Y, L50, M, shiny
|-mega|p2a: FONO DALFONICO|Charizard|Charizardite Y
|-weather|SunnyDay|[from] ability: Drought|[of] p2a: FONO DALFONICO
|move|p1a: Ceruledge|Shadow Sneak|p2a: FONO DALFONICO
|-crit|p2a: FONO DALFONICO
|-damage|p2a: FONO DALFONICO|67/100
|move|p2b: Chompy|Earthquake|p1a: Ceruledge|[spread] p1a,p1b
|-immune|p2a: FONO DALFONICO
|-supereffective|p1a: Ceruledge|1
|-damage|p1a: Ceruledge|0 fnt
|-damage|p1b: Milotic|61/100
|faint|p1a: Ceruledge
|-damage|p2b: Chompy|90/100|[from] item: Life Orb
|move|p2a: FONO DALFONICO|Solar Beam||[still]
|-prepare|p2a: FONO DALFONICO|Solar Beam
|-anim|p2a: FONO DALFONICO|Solar Beam|p1b: Milotic
|-supereffective|p1b: Milotic|1
|-damage|p1b: Milotic|5/100
|move|p1b: Milotic|Muddy Water|p2b: Chompy|[spread] p2a,p2b
|-supereffective|p2a: FONO DALFONICO|1
|-damage|p2a: FONO DALFONICO|46/100
|-damage|p2b: Chompy|79/100
|
|-weather|SunnyDay|[upkeep]
|-heal|p1b: Milotic|11/100|[from] item: Leftovers
|upkeep
|
|t:|1784929361
|switch|p1a: Sinistcha|Sinistcha, L50, shiny|100/100
|-heal|p1b: Milotic|36/100|[from] ability: Hospitality|[of] p1a: Sinistcha
|turn|6
|
|t:|1784929380
|move|p1b: Milotic|Protect|p1b: Milotic
|-singleturn|p1b: Milotic|Protect
|move|p2b: Chompy|Earthquake|p1b: Milotic|[spread] p1a
|-activate|p1b: Milotic|move: Protect
|-immune|p2a: FONO DALFONICO
|-resisted|p1a: Sinistcha|1
|-damage|p1a: Sinistcha|75/100
|-damage|p2b: Chompy|69/100|[from] item: Life Orb
|move|p2a: FONO DALFONICO|Weather Ball|p1a: Sinistcha
|-supereffective|p1a: Sinistcha|1
|-damage|p1a: Sinistcha|0 fnt
|faint|p1a: Sinistcha
|
|-weather|SunnyDay|[upkeep]
|-heal|p1b: Milotic|42/100|[from] item: Leftovers
|upkeep
|turn|7
|-message|Axo of DOOM forfeited.
|
|win|exessvgc
|raw|Axo of DOOM's rating: 1318 → 1302(-16 for losing)
|raw|exessvgc's rating: 1391 → 1407(+16 for winning)
|l|☆Axo of DOOM
|player|p1|
