|j|☆indigo dye
|j|☆Slackermaru
|html|indigo dyeSlackermaru    
|uhtml|bestof|Game 2 of a best-of-3
|t:|1754325951
|gametype|doubles
|player|p1|indigo dye|lady|1261
|player|p2|Slackermaru|workerice|1350
|gen|9
|tier|[Gen 9] VGC 2025 Reg H (Bo3)
|rated|
|rule|Species Clause: Limit one of each Pokémon
|rule|Item Clause: Limit 1 of each item
|clearpoke
|poke|p1|Gholdengo, L50|
|poke|p1|Sneasler, L50, M|
|poke|p1|Rillaboom, L50, M|
|poke|p1|Dragonite, L50, M|
|poke|p1|Ninetales-Alola, L50, M|
|poke|p1|Arcanine-Hisui, L50, M|
|poke|p2|Porygon2, L50|
|poke|p2|Hydreigon, L50, F|
|poke|p2|Incineroar, L50, F|
|poke|p2|Garchomp, L50, M|
|poke|p2|Amoonguss, L50, F|
|poke|p2|Gholdengo, L50|
|teampreview|4
|showteam|p1|Gholdengo||GrassySeed|GoodasGold|NastyPlot,MakeItRain,ShadowBall,Protect||||||50|,,,,,Water]Sneasler||WhiteHerb|Unburden|CloseCombat,DireClaw,Coaching,Protect|||M|||50|,,,,,Ghost]Rillaboom||AssaultVest|GrassySurge|FakeOut,GrassyGlide,DrumBeating,HighHorsepower|||M|||50|,,,,,Fire]Dragonite||LoadedDice|Multiscale|ScaleShot,StompingTantrum,Tailwind,Protect|||M|||50|,,,,,Ground]Ninetales-Alola||FocusSash|SnowWarning|Blizzard,IcyWind,Encore,AuroraVeil|||M|||50|,,,,,Ghost]Arcanine-Hisui||ClearAmulet|Intimidate|RockSlide,FlareBlitz,ExtremeSpeed,Protect|||M|||50|,,,,,Water
|showteam|p2|Porygon2||Eviolite|Download|TeraBlast,IceBeam,TrickRoom,Recover||||||50|,,,,,Fighting]Hydreigon||SafetyGoggles|Levitate|Snarl,DracoMeteor,Tailwind,Protect|||F|||50|,,,,,Ghost]Incineroar||SitrusBerry|Intimidate|FlareBlitz,KnockOff,PartingShot,FakeOut|||F|||50|,,,,,Grass]Garchomp||LoadedDice|RoughSkin|ScaleShot,Earthquake,StompingTantrum,Protect|||M|||50|,,,,,Fire]Amoonguss||CovertCloak|Regenerator|PollenPuff,Spore,RagePowder,Protect|||F|||50|,,,,,Fire]Gholdengo||MetalCoat|GoodasGold|MakeItRain,ShadowBall,NastyPlot,Protect||||||50|,,,,,Flying
|
|t:|1754325965
|teamsize|p1|4
|teamsize|p2|4
|start
|switch|p1a: Gholdengo|Gholdengo, L50|100/100
|switch|p1b: Rillaboom|Rillaboom, L50, M|100/100
|switch|p2a: Porygon2|Porygon2, L50, shiny|100/100
|switch|p2b: Gholdengo|Gholdengo, L50|100/100
|-fieldstart|move: Grassy Terrain|[from] ability: Grassy Surge|[of] p1b: Rillaboom
|-enditem|p1a: Gholdengo|Grassy Seed
|-boost|p1a: Gholdengo|def|1|[from] item: Grassy Seed
|-ability|p2a: Porygon2|Download|boost
|-boost|p2a: Porygon2|spa|1
|turn|1
|
|t:|1754325985
|move|p1b: Rillaboom|Fake Out|p2a: Porygon2
|-damage|p2a: Porygon2|92/100
|move|p1a: Gholdengo|Nasty Plot|p1a: Gholdengo
|-boost|p1a: Gholdengo|spa|2
|move|p2b: Gholdengo|Nasty Plot|p2b: Gholdengo
|-boost|p2b: Gholdengo|spa|2
|cant|p2a: Porygon2|flinch
|
|-heal|p2a: Porygon2|98/100|[from] Grassy Terrain
|upkeep
|turn|2
|
|t:|1754325998
|-terastallize|p1a: Gholdengo|Water
|move|p1b: Rillaboom|Drum Beating|p2a: Porygon2
|-crit|p2a: Porygon2
|-damage|p2a: Porygon2|49/100
|-unboost|p2a: Porygon2|spe|1
|move|p1a: Gholdengo|Make It Rain|p2b: Gholdengo|[spread] p2a,p2b
|-resisted|p2b: Gholdengo
|-damage|p2a: Porygon2|0 fnt
|-damage|p2b: Gholdengo|53/100
|-unboost|p1a: Gholdengo|spa|1
|faint|p2a: Porygon2
|move|p2b: Gholdengo|Shadow Ball|p1a: Gholdengo
|-damage|p1a: Gholdengo|9/100
|
|-heal|p1a: Gholdengo|16/100|[from] Grassy Terrain
|-heal|p2b: Gholdengo|59/100|[from] Grassy Terrain
|upkeep
|
|t:|1754326015
|switch|p2a: Garchomp|Garchomp, L50, M, shiny|100/100
|turn|3
|
|t:|1754326028
|move|p1a: Gholdengo|Protect|p1a: Gholdengo
|-singleturn|p1a: Gholdengo|Protect
|move|p2a: Garchomp|Stomping Tantrum|p1a: Gholdengo
|-activate|p1a: Gholdengo|move: Protect
|move|p1b: Rillaboom|Drum Beating|p2a: Garchomp
|-damage|p2a: Garchomp|47/100
|-unboost|p2a: Garchomp|spe|1
|move|p2b: Gholdengo|Shadow Ball|p1b: Rillaboom
|-damage|p1b: Rillaboom|31/100
|
|-heal|p1b: Rillaboom|36/100|[from] Grassy Terrain
|-heal|p1a: Gholdengo|22/100|[from] Grassy Terrain
|-heal|p2b: Gholdengo|65/100|[from] Grassy Terrain
|-heal|p2a: Garchomp|53/100|[from] Grassy Terrain
|upkeep
|turn|4
|
|t:|1754326043
|switch|p2a: Incineroar|Incineroar, L50, F, shiny|100/100
|-ability|p2a: Incineroar|Intimidate|boost
|-unboost|p1a: Gholdengo|atk|1
|-unboost|p1b: Rillaboom|atk|1
|move|p2b: Gholdengo|Protect|p2b: Gholdengo
|-singleturn|p2b: Gholdengo|Protect
|move|p1b: Rillaboom|Drum Beating|p2b: Gholdengo
|-activate|p2b: Gholdengo|move: Protect
|move|p1a: Gholdengo|Make It Rain|p2a: Incineroar|[spread] p2a
|-activate|p2b: Gholdengo|move: Protect
|-resisted|p2a: Incineroar
|-damage|p2a: Incineroar|67/100
|-unboost|p1a: Gholdengo|spa|1
|
|-heal|p1b: Rillaboom|42/100|[from] Grassy Terrain
|-heal|p1a: Gholdengo|28/100|[from] Grassy Terrain
|-heal|p2a: Incineroar|73/100|[from] Grassy Terrain
|-heal|p2b: Gholdengo|71/100|[from] Grassy Terrain
|upkeep
|turn|5
|
|t:|1754326070
|switch|p1b: Dragonite|Dragonite, L50, M|100/100
|switch|p2a: Garchomp|Garchomp, L50, M, shiny|53/100
|move|p1a: Gholdengo|Protect|p1a: Gholdengo
|-singleturn|p1a: Gholdengo|Protect
|move|p2b: Gholdengo|Nasty Plot|p2b: Gholdengo
|-boost|p2b: Gholdengo|spa|2
|
|-heal|p2a: Garchomp|59/100|[from] Grassy Terrain
|-heal|p1a: Gholdengo|34/100|[from] Grassy Terrain
|-heal|p2b: Gholdengo|76/100|[from] Grassy Terrain
|-fieldend|move: Grassy Terrain
|upkeep
|turn|6
|
|t:|1754326094
|switch|p1a: Sneasler|Sneasler, L50, M|100/100
|move|p2a: Garchomp|Scale Shot|p1a: Sneasler
|-damage|p1a: Sneasler|80/100
|-damage|p1a: Sneasler|62/100
|-damage|p1a: Sneasler|43/100
|-damage|p1a: Sneasler|26/100
|-damage|p1a: Sneasler|7/100
|-hitcount|p1a: Sneasler|5
|-unboost|p2a: Garchomp|def|1
|-boost|p2a: Garchomp|spe|1
|move|p1b: Dragonite|Tailwind|p1b: Dragonite
|-sidestart|p1: indigo dye|move: Tailwind
|move|p2b: Gholdengo|Make It Rain|p1a: Sneasler|[spread] p1a,p1b
|-crit|p1a: Sneasler
|-damage|p1a: Sneasler|0 fnt
|-damage|p1b: Dragonite|9/100
|-unboost|p2b: Gholdengo|spa|1
|faint|p1a: Sneasler
|
|upkeep
|
|t:|1754326102
|switch|p1a: Gholdengo|Gholdengo, L50, tera:Water|34/100
|turn|7
|
|t:|1754326120
|switch|p2a: Incineroar|Incineroar, L50, F, shiny|73/100
|-ability|p2a: Incineroar|Intimidate|boost
|-unboost|p1a: Gholdengo|atk|1
|-unboost|p1b: Dragonite|atk|1
|move|p2b: Gholdengo|Protect|p2b: Gholdengo
|-singleturn|p2b: Gholdengo|Protect
|move|p1a: Gholdengo|Shadow Ball|p2b: Gholdengo
|-activate|p2b: Gholdengo|move: Protect
|move|p1b: Dragonite|Scale Shot|p2b: Gholdengo
|-activate|p2b: Gholdengo|move: Protect
|
|upkeep
|turn|8
|
|t:|1754326133
|move|p1a: Gholdengo|Protect|p1a: Gholdengo
|-singleturn|p1a: Gholdengo|Protect
|move|p2a: Incineroar|Fake Out|p1a: Gholdengo
|-activate|p1a: Gholdengo|move: Protect
|move|p1b: Dragonite|Stomping Tantrum|p2b: Gholdengo
|-supereffective|p2b: Gholdengo
|-damage|p2b: Gholdengo|37/100
|move|p2b: Gholdengo|Make It Rain|p1a: Gholdengo|[spread] p1b
|-activate|p1a: Gholdengo|move: Protect
|-damage|p1b: Dragonite|0 fnt
|-unboost|p2b: Gholdengo|spa|1
|faint|p1b: Dragonite
|
|upkeep
|
|t:|1754326135
|switch|p1b: Rillaboom|Rillaboom, L50, M|42/100
|-fieldstart|move: Grassy Terrain|[from] ability: Grassy Surge|[of] p1b: Rillaboom
|turn|9
|
|t:|1754326159
|move|p1b: Rillaboom|Fake Out|p2a: Incineroar
|-damage|p2a: Incineroar|61/100
|move|p1a: Gholdengo|Nasty Plot|p1a: Gholdengo
|-boost|p1a: Gholdengo|spa|2
|cant|p2a: Incineroar|flinch
|move|p2b: Gholdengo|Make It Rain|p1b: Rillaboom|[spread] p1a,p1b
|-resisted|p1a: Gholdengo
|-damage|p1a: Gholdengo|0 fnt
|-damage|p1b: Rillaboom|0 fnt
|-unboost|p2b: Gholdengo|spa|1
|faint|p1a: Gholdengo
|faint|p1b: Rillaboom
|
|win|Slackermaru
|raw|indigo dye's rating: 1261 → 1242(-19 for losing)
|raw|Slackermaru's rating: 1350 → 1365(+15 for winning)
