|j|☆DelanterooPichichi
|j|☆la cabra1
|html|DelanterooPichichila cabra1    
|uhtml|bestof|Game 1 of a best-of-3
|t:|1782987143
|gametype|doubles
|player|p1|DelanterooPichichi|morty|1323
|player|p2|la cabra1|volkner|1317
|gen|9
|tier|[Gen 9 Champions] VGC 2026 Reg M-B (Bo3)
|rated|
|rule|Species Clause: Limit one of each Pokémon
|rule|Item Clause: Limit 1 of each item
|clearpoke
|poke|p1|Gholdengo, L50|
|poke|p1|Staraptor, L50, M|
|poke|p1|Maushold-Four, L50|
|poke|p1|Garchomp, L50, F|
|poke|p1|Delphox, L50, M|
|poke|p1|Whimsicott, L50, M|
|poke|p2|Aerodactyl, L50, F|
|poke|p2|Garchomp, L50, F|
|poke|p2|Kingambit, L50, M|
|poke|p2|Charizard, L50, M|
|poke|p2|Sylveon, L50, M|
|poke|p2|Farigiraf, L50, M|
|teampreview|4
|showteam|p1|Gholdengo||LifeOrb|GoodasGold|MakeItRain,ShadowBall,NastyPlot,Protect|Timid|||||50|]Staraptor||Staraptite|Intimidate|CloseCombat,BraveBird,Roost,Protect|Jolly||M|||50|]Maushold-Four||ChopleBerry|FriendGuard|FollowMe,SuperFang,Charm,Protect|Jolly|||||50|]Garchomp||ChoiceScarf|RoughSkin|DragonClaw,Earthquake,StompingTantrum,RockSlide|Adamant||F|||50|]Delphox||Delphoxite|Blaze|HeatWave,Psychic,NastyPlot,Protect|Timid||M|||50|]Whimsicott||CobaBerry|Prankster|Moonblast,Tailwind,Encore,Charm|Bold||M|||50|
|showteam|p2|Aerodactyl||Aerodactylite|Unnerve|IceFang,RockSlide,Tailwind,DualWingbeat|Jolly||F|||50|]Garchomp||LifeOrb|RoughSkin|DragonClaw,StompingTantrum,Earthquake,Protect|Jolly||F|||50|]Kingambit||FocusSash|Defiant|SuckerPunch,KowtowCleave,IronHead,LowKick|Adamant||M|||50|]Charizard||CharizarditeY|SolarPower|Protect,HeatWave,SolarBeam,WeatherBall|Modest||M|||50|]Sylveon||FairyFeather|Pixilate|Protect,HyperVoice,HyperBeam,QuickAttack|Modest||M|||50|]Farigiraf||SitrusBerry|ArmorTail|TrickRoom,Thunderbolt,Psychic,Roar|Bold||M|||50|
|inactive|Battle timer is ON: inactive players will automatically lose when time's up. (requested by DelanterooPichichi)
|inactive|DelanterooPichichi has 60 seconds left.
|
|t:|1782987212
|teamsize|p1|4
|teamsize|p2|4
|start
|switch|p1a: Whimsicott|Whimsicott, L50, M|100/100
|switch|p1b: Gholdengo|Gholdengo, L50|100/100
|switch|p2a: Sylveon|Sylveon, L50, M|100/100
|switch|p2b: Farigiraf|Farigiraf, L50, M|100/100
|turn|1
|
|t:|1782987232
|move|p1b: Gholdengo|Nasty Plot|p1b: Gholdengo
|-boost|p1b: Gholdengo|spa|2
|move|p1a: Whimsicott|Moonblast|p2b: Farigiraf
|-damage|p2b: Farigiraf|72/100
|move|p2a: Sylveon|Hyper Voice|p1b: Gholdengo|[spread] p1a,p1b
|-resisted|p1b: Gholdengo|1
|-damage|p1a: Whimsicott|45/100
|-damage|p1b: Gholdengo|74/100
|move|p2b: Farigiraf|Trick Room|p2b: Farigiraf
|-fieldstart|move: Trick Room|[of] p2b: Farigiraf
|
|upkeep
|turn|2
|
|t:|1782987256
|move|p2b: Farigiraf|Thunderbolt|p1b: Gholdengo
|-damage|p1b: Gholdengo|52/100
|-status|p1b: Gholdengo|par
|move|p1b: Gholdengo|Make It Rain|p2a: Sylveon|[spread] p2a,p2b
|-supereffective|p2a: Sylveon|1
|-damage|p2a: Sylveon|0 fnt
|-damage|p2b: Farigiraf|0 fnt
|-unboost|p1b: Gholdengo|spa|2
|faint|p2a: Sylveon
|faint|p2b: Farigiraf
|-damage|p1b: Gholdengo|43/100 par|[from] item: Life Orb
|move|p1a: Whimsicott|Moonblast|p2: Sylveon|[notarget]
|-fail|p1a: Whimsicott
|
|upkeep
|
|t:|1782987265
|switch|p2b: Charizard|Charizard, L50, M|100/100
|switch|p2a: Kingambit|Kingambit, L50, M|100/100
|turn|3
|inactive|DelanterooPichichi has 30 seconds left.
|
|t:|1782987294
|detailschange|p2b: Charizard|Charizard-Mega-Y, L50, M
|-mega|p2b: Charizard|Charizard|Charizardite Y
|-weather|SunnyDay|[from] ability: Drought|[of] p2b: Charizard
|move|p1b: Gholdengo|Protect|p1b: Gholdengo
|-singleturn|p1b: Gholdengo|Protect
|move|p1a: Whimsicott|Tailwind|p1a: Whimsicott
|-sidestart|p1: DelanterooPichichi|move: Tailwind
|move|p2a: Kingambit|Kowtow Cleave|p1b: Gholdengo
|-activate|p1b: Gholdengo|move: Protect
|move|p2b: Charizard|Heat Wave|p1a: Whimsicott|[spread] p1a
|-activate|p1b: Gholdengo|move: Protect
|-supereffective|p1a: Whimsicott|1
|-damage|p1a: Whimsicott|0 fnt
|faint|p1a: Whimsicott
|
|-weather|SunnyDay|[upkeep]
|upkeep
|
|t:|1782987312
|switch|p1a: Staraptor|Staraptor, L50, M|100/100
|-ability|p1a: Staraptor|Intimidate|boost
|-unboost|p2a: Kingambit|atk|1
|-ability|p2a: Kingambit|Defiant|boost
|-boost|p2a: Kingambit|atk|2
|-unboost|p2b: Charizard|atk|1
|turn|4
|inactive|la cabra1 has 30 seconds left.
|
|t:|1782987340
|detailschange|p1a: Staraptor|Staraptor-Mega, L50, M
|-mega|p1a: Staraptor|Staraptor|Staraptite
|move|p1b: Gholdengo|Protect|p1b: Gholdengo
|-singleturn|p1b: Gholdengo|Protect
|move|p1a: Staraptor|Protect|p1a: Staraptor
|-singleturn|p1a: Staraptor|Protect
|move|p2a: Kingambit|Iron Head|p1a: Staraptor
|-activate|p1a: Staraptor|move: Protect
|move|p2b: Charizard|Heat Wave|p1a: Staraptor|[spread] 
|-activate|p1a: Staraptor|move: Protect
|-activate|p1b: Gholdengo|move: Protect
|
|-weather|SunnyDay|[upkeep]
|upkeep
|turn|5
|
|t:|1782987359
|move|p1b: Gholdengo|Protect||[still]
|-fail|p1b: Gholdengo
|move|p1a: Staraptor|Protect||[still]
|-fail|p1a: Staraptor
|move|p2a: Kingambit|Iron Head|p1a: Staraptor
|-damage|p1a: Staraptor|30/100
|move|p2b: Charizard|Weather Ball|p1a: Staraptor
|-damage|p1a: Staraptor|0 fnt
|faint|p1a: Staraptor
|
|-weather|SunnyDay|[upkeep]
|-fieldend|move: Trick Room
|upkeep
|
|t:|1782987367
|switch|p1a: Garchomp|Garchomp, L50, F|100/100
|turn|6
|
|t:|1782987379
|move|p1b: Gholdengo|Protect|p1b: Gholdengo
|-singleturn|p1b: Gholdengo|Protect
|move|p2a: Kingambit|Sucker Punch|p1a: Garchomp
|-damage|p1a: Garchomp|35/100
|-damage|p2a: Kingambit|87/100|[from] ability: Rough Skin|[of] p1a: Garchomp
|move|p1a: Garchomp|Stomping Tantrum|p2a: Kingambit
|-supereffective|p2a: Kingambit|1
|-damage|p2a: Kingambit|12/100
|move|p2b: Charizard|Heat Wave|p1b: Gholdengo|[spread] p1a
|-activate|p1b: Gholdengo|move: Protect
|-resisted|p1a: Garchomp|1
|-damage|p1a: Garchomp|3/100
|
|-weather|SunnyDay|[upkeep]
|-sideend|p1: DelanterooPichichi|move: Tailwind
|upkeep
|turn|7
|-message|DelanterooPichichi forfeited.
|
|win|la cabra1
|l|☆DelanterooPichichi
|player|p1|
||DelanterooPichichi is ready for game 2.
