|j|☆Traindelpivgc
|j|☆Yello VGC
|html|TraindelpivgcYello VGC    
|uhtml|bestof|Game 2 of a best-of-3
|t:|1756200447
|gametype|doubles
|player|p1|Traindelpivgc|hilbert-wonderlauncher|1075
|player|p2|Yello VGC|psychicf|1000
|gen|9
|tier|[Gen 9] VGC 2025 Reg H (Bo3)
|rated|
|rule|Species Clause: Limit one of each Pokémon
|rule|Item Clause: Limit 1 of each item
|clearpoke
|poke|p1|Incineroar, L50, M|
|poke|p1|Amoonguss, L50, F|
|poke|p1|Ursaluna-Bloodmoon, L50, M|
|poke|p1|Sneasler, L50, F|
|poke|p1|Gholdengo, L50|
|poke|p1|Dragonite, L50, M|
|poke|p2|Gothitelle, L50, M|
|poke|p2|Politoed, L50, M|
|poke|p2|Amoonguss, L50, M|
|poke|p2|Incineroar, L50, M|
|poke|p2|Kingdra, L50, M|
|poke|p2|Archaludon, L50, F|
|teampreview|4
|showteam|p1|Incineroar||SafetyGoggles|Intimidate|FlareBlitz,KnockOff,PartingShot,FakeOut|||M|||50|,,,,,Ghost]Amoonguss||SitrusBerry|Regenerator|Spore,RagePowder,PollenPuff,Protect|||F|||50|,,,,,Psychic]Ursaluna-Bloodmoon||AssaultVest|MindsEye|HyperVoice,BloodMoon,EarthPower,VacuumWave|||M|||50|,,,,,Water]Sneasler||FocusSash|Unburden|CloseCombat,DireClaw,ThroatChop,Protect|||F|||50|,,,,,Stellar]Gholdengo||LifeOrb|GoodasGold|MakeItRain,ShadowBall,NastyPlot,Protect||||||50|,,,,,Water]Dragonite||LoadedDice|Multiscale|ScaleShot,Tailwind,Haze,Protect|||M|||50|,,,,,Fairy
|showteam|p2|Gothitelle||SitrusBerry|ShadowTag|FakeOut,Psychic,Protect,FoulPlay|||M|||50|,,,,,Water]Politoed||CovertCloak|Drizzle|PerishSong,Protect,MuddyWater,IcyWind|||M|||50|,,,,,Steel]Amoonguss||EjectButton|Regenerator|Spore,RagePowder,Protect,PollenPuff|||M|||50|,,,,,Water]Incineroar||SafetyGoggles|Blaze|FakeOut,KnockOff,PartingShot,FlareBlitz|||M|||50|,,,,,Ghost]Kingdra||ChoiceSpecs|SwiftSwim|DracoMeteor,Scald,FlipTurn,IcyWind|||M|||50|,,,,,Stellar]Archaludon||AssaultVest|Stamina|ElectroShot,FlashCannon,DracoMeteor,Protect|||F|||50|,,,,,Grass
|inactive|Battle timer is ON: inactive players will automatically lose when time's up. (requested by Yello VGC)
|inactive|Traindelpivgc has 60 seconds left.
|inactive|Traindelpivgc has 30 seconds left.
|
|t:|1756200544
|teamsize|p1|4
|teamsize|p2|4
|start
|switch|p1a: Dragonite|Dragonite, L50, M|100/100
|switch|p1b: Sneasler|Sneasler, L50, F|100/100
|switch|p2a: Politoed|Politoed, L50, M|100/100
|switch|p2b: Kingdra|Kingdra, L50, M|100/100
|-weather|RainDance|[from] ability: Drizzle|[of] p2a: Politoed
|turn|1
|inactive|Traindelpivgc has 30 seconds left.
|inactive|Yello VGC has 30 seconds left.
|inactive|Traindelpivgc has 20 seconds left.
|inactive|Traindelpivgc has 15 seconds left.
|inactive|Traindelpivgc has 10 seconds left.
|
|t:|1756200589
|move|p2b: Kingdra|Flip Turn|p1b: Sneasler
|-damage|p1b: Sneasler|56/100
|
|t:|1756200593
|switch|p2b: Gothitelle|Gothitelle, L50, M|100/100|[from] Flip Turn
|move|p1b: Sneasler|Close Combat|p2b: Gothitelle
|-resisted|p2b: Gothitelle
|-damage|p2b: Gothitelle|76/100
|-unboost|p1b: Sneasler|def|1
|-unboost|p1b: Sneasler|spd|1
|move|p1a: Dragonite|Scale Shot|p2b: Gothitelle
|-damage|p2b: Gothitelle|64/100
|-damage|p2b: Gothitelle|50/100
|-enditem|p2b: Gothitelle|Sitrus Berry|[eat]
|-heal|p2b: Gothitelle|75/100|[from] item: Sitrus Berry
|-damage|p2b: Gothitelle|63/100
|-damage|p2b: Gothitelle|49/100
|-hitcount|p2b: Gothitelle|4
|-unboost|p1a: Dragonite|def|1
|-boost|p1a: Dragonite|spe|1
|move|p2a: Politoed|Perish Song|p2a: Politoed
|-start|p1a: Dragonite|perish3|[silent]
|-start|p1b: Sneasler|perish3|[silent]
|-start|p2a: Politoed|perish3|[silent]
|-start|p2b: Gothitelle|perish3|[silent]
|-fieldactivate|move: Perish Song
|
|-weather|RainDance|[upkeep]
|-start|p1a: Dragonite|perish3
|-start|p1b: Sneasler|perish3
|-start|p2a: Politoed|perish3
|-start|p2b: Gothitelle|perish3
|upkeep
|turn|2
|inactive|Traindelpivgc has 30 seconds left.
|inactive|Yello VGC has 30 seconds left.
|inactive|Traindelpivgc has 20 seconds left.
|inactive|Traindelpivgc has 15 seconds left.
|inactive|Traindelpivgc has 10 seconds left.
|inactive|Traindelpivgc has 5 seconds left.
|
|t:|1756200645
|move|p2b: Gothitelle|Fake Out|p1b: Sneasler
|-damage|p1b: Sneasler|44/100
|move|p1a: Dragonite|Scale Shot|p2a: Politoed
|-damage|p2a: Politoed|88/100
|-damage|p2a: Politoed|76/100
|-damage|p2a: Politoed|62/100
|-damage|p2a: Politoed|50/100
|-damage|p2a: Politoed|38/100
|-hitcount|p2a: Politoed|5
|-unboost|p1a: Dragonite|def|1
|-boost|p1a: Dragonite|spe|1
|cant|p1b: Sneasler|flinch
|move|p2a: Politoed|Icy Wind|p1a: Dragonite|[spread] p1a
|-miss|p2a: Politoed|p1b: Sneasler
|-supereffective|p1a: Dragonite
|-damage|p1a: Dragonite|81/100
|-unboost|p1a: Dragonite|spe|1
|
|-weather|RainDance|[upkeep]
|-start|p1a: Dragonite|perish2
|-start|p1b: Sneasler|perish2
|-start|p2a: Politoed|perish2
|-start|p2b: Gothitelle|perish2
|upkeep
|turn|3
|inactive|Traindelpivgc has 30 seconds left.
|inactive|Yello VGC has 30 seconds left.
|inactive|Traindelpivgc has 20 seconds left.
|inactive|Traindelpivgc has 15 seconds left.
|inactive|Traindelpivgc has 10 seconds left.
|
|t:|1756200693
|move|p2a: Politoed|Protect|p2a: Politoed
|-singleturn|p2a: Politoed|Protect
|move|p2b: Gothitelle|Protect|p2b: Gothitelle
|-singleturn|p2b: Gothitelle|Protect
|move|p1a: Dragonite|Scale Shot|p2b: Gothitelle
|-activate|p2b: Gothitelle|move: Protect
|move|p1b: Sneasler|Close Combat|p2a: Politoed
|-activate|p2a: Politoed|move: Protect
|
|-weather|RainDance|[upkeep]
|-start|p1a: Dragonite|perish1
|-start|p1b: Sneasler|perish1
|-start|p2a: Politoed|perish1
|-start|p2b: Gothitelle|perish1
|upkeep
|turn|4
|inactive|Traindelpivgc has 30 seconds left.
|inactive|Yello VGC has 30 seconds left.
|inactive|Traindelpivgc has 20 seconds left.
|
|t:|1756200733
|switch|p2a: Kingdra|Kingdra, L50, M|100/100
|switch|p2b: Archaludon|Archaludon, L50, F|100/100
|move|p1a: Dragonite|Scale Shot|p2a: Kingdra|[miss]
|-miss|p1a: Dragonite|p2a: Kingdra
|move|p1b: Sneasler|Close Combat|p2b: Archaludon
|-supereffective|p2b: Archaludon
|-damage|p2b: Archaludon|5/100
|-unboost|p1b: Sneasler|def|1
|-unboost|p1b: Sneasler|spd|1
|-ability|p2b: Archaludon|Stamina|boost
|-boost|p2b: Archaludon|def|1
|
|-weather|RainDance|[upkeep]
|-start|p1a: Dragonite|perish0
|-start|p1b: Sneasler|perish0
|upkeep
|faint|p1a: Dragonite
|faint|p1b: Sneasler
|
|t:|1756200756
|switch|p1b: Amoonguss|Amoonguss, L50, F|100/100
|switch|p1a: Gholdengo|Gholdengo, L50|100/100
|turn|5
|inactive|Traindelpivgc has 30 seconds left.
|inactive|Yello VGC has 30 seconds left.
|inactive|Yello VGC has 20 seconds left.
|inactive|Yello VGC has 15 seconds left.
|inactive|Yello VGC has 10 seconds left.
|
|t:|1756200805
|-terastallize|p2a: Kingdra|Stellar
|move|p1a: Gholdengo|Protect|p1a: Gholdengo
|-singleturn|p1a: Gholdengo|Protect
|move|p2a: Kingdra|Scald|p1a: Gholdengo
|-activate|p1a: Gholdengo|move: Protect
|move|p2b: Archaludon|Electro Shot||[still]
|-prepare|p2b: Archaludon|Electro Shot
|-boost|p2b: Archaludon|spa|1
|-anim|p2b: Archaludon|Electro Shot|p1a: Gholdengo
|-activate|p1a: Gholdengo|move: Protect
|move|p1b: Amoonguss|Spore|p2a: Kingdra
|-status|p2a: Kingdra|slp|[from] move: Spore
|
|-weather|none
|upkeep
|turn|6
|inactive|Traindelpivgc has 30 seconds left.
|inactive|Traindelpivgc has 20 seconds left.
|inactive|Traindelpivgc has 15 seconds left.
|
|t:|1756200847
|cant|p2a: Kingdra|slp
|move|p1a: Gholdengo|Make It Rain|p2b: Archaludon|[spread] p2a,p2b
|-resisted|p2a: Kingdra
|-resisted|p2b: Archaludon
|-damage|p2a: Kingdra|62/100 slp
|-damage|p2b: Archaludon|0 fnt
|-unboost|p1a: Gholdengo|spa|1
|faint|p2b: Archaludon
|-damage|p1a: Gholdengo|91/100|[from] item: Life Orb
|move|p1b: Amoonguss|Spore|p2a: Kingdra
|-fail|p2a: Kingdra|slp
|
|upkeep
|
|t:|1756200858
|switch|p2b: Politoed|Politoed, L50, M|38/100
|-weather|RainDance|[from] ability: Drizzle|[of] p2b: Politoed
|turn|7
|inactive|Traindelpivgc has 30 seconds left.
|
|t:|1756200885
|-terastallize|p1a: Gholdengo|Water
|cant|p2a: Kingdra|slp
|move|p1a: Gholdengo|Nasty Plot|p1a: Gholdengo
|-boost|p1a: Gholdengo|spa|2
|move|p2b: Politoed|Perish Song|p2b: Politoed
|-immune|p1a: Gholdengo|[from] ability: Good as Gold
|-start|p1b: Amoonguss|perish3|[silent]
|-start|p2a: Kingdra|perish3|[silent]
|-start|p2b: Politoed|perish3|[silent]
|-fieldactivate|move: Perish Song
|move|p1b: Amoonguss|Spore|p2b: Politoed
|-status|p2b: Politoed|slp|[from] move: Spore
|
|-weather|RainDance|[upkeep]
|-start|p2a: Kingdra|perish3
|-start|p2b: Politoed|perish3
|-start|p1b: Amoonguss|perish3
|upkeep
|turn|8
|inactive|Yello VGC has 30 seconds left.
|
|t:|1756200917
|switch|p2a: Gothitelle|Gothitelle, L50, M|49/100
|cant|p2b: Politoed|slp
|move|p1b: Amoonguss|Rage Powder|p1b: Amoonguss
|-singleturn|p1b: Amoonguss|move: Rage Powder
|move|p1a: Gholdengo|Shadow Ball|p2a: Gothitelle
|-supereffective|p2a: Gothitelle
|-damage|p2a: Gothitelle|0 fnt
|faint|p2a: Gothitelle
|-damage|p1a: Gholdengo|81/100|[from] item: Life Orb
|
|-weather|RainDance|[upkeep]
|-start|p2b: Politoed|perish2
|-start|p1b: Amoonguss|perish2
|upkeep
|
|t:|1756200931
|switch|p2a: Kingdra|Kingdra, L50, M, tera:Stellar|62/100 slp
|turn|9
|
|t:|1756200953
|move|p1b: Amoonguss|Rage Powder|p1b: Amoonguss
|-singleturn|p1b: Amoonguss|move: Rage Powder
|cant|p2a: Kingdra|slp
|move|p1a: Gholdengo|Shadow Ball|p2a: Kingdra
|-crit|p2a: Kingdra
|-damage|p2a: Kingdra|0 fnt
|faint|p2a: Kingdra
|-damage|p1a: Gholdengo|72/100|[from] item: Life Orb
|-curestatus|p2b: Politoed|slp|[msg]
|move|p2b: Politoed|Icy Wind|p1b: Amoonguss|[spread] p1a
|-miss|p2b: Politoed|p1b: Amoonguss
|-resisted|p1a: Gholdengo
|-damage|p1a: Gholdengo|67/100
|-unboost|p1a: Gholdengo|spe|1
|
|-weather|RainDance|[upkeep]
|-start|p2b: Politoed|perish1
|-start|p1b: Amoonguss|perish1
|upkeep
|turn|10
|-message|Yello VGC forfeited.
|
|win|Traindelpivgc
|raw|Traindelpivgc's rating: 1075 → 1098(+23 for winning)
|raw|Yello VGC's rating: 1000 → 1000(+0 for losing)
|l|☆Yello VGC
|player|p2|
