|j|☆GS Barnabe
|j|☆natsukivgc
|html|GS Barnabenatsukivgc    
|uhtml|bestof|Game 2 of a best-of-3
|t:|1785418450
|gametype|doubles
|player|p1|GS Barnabe|101|1046
|player|p2|natsukivgc|265|1160
|gen|9
|tier|[Gen 9 Champions] VGC 2026 Reg M-B (Bo3)
|rated|
|rule|Species Clause: Limit one of each Pokémon
|rule|Item Clause: Limit 1 of each item
|clearpoke
|poke|p1|Meowstic, L50, M|
|poke|p1|Tyranitar, L50, F|
|poke|p1|Scovillain, L50, M|
|poke|p1|Houndstone, L50, M|
|poke|p1|Corviknight, L50, M|
|poke|p1|Garchomp, L50, F|
|poke|p2|Charizard, L50, M|
|poke|p2|Sneasler, L50, F|
|poke|p2|Kingambit, L50, F|
|poke|p2|Dragonite, L50, F|
|poke|p2|Floette-Eternal, L50, F|
|poke|p2|Whimsicott, L50, M|
|teampreview|4
|showteam|p1|Meowstic||LightClay|Prankster|FakeOut,Reflect,LightScreen,PsychicNoise|Bold||M|||50|]Tyranitar||ChoiceScarf|SandStream|RockSlide,KnockOff,IcePunch,Superpower|Jolly||F|||50|]Scovillain||Scovillainite|Moody|Overheat,LeechSeed,RagePowder,Protect|Calm||M|||50|]Houndstone||SitrusBerry|SandRush|LastRespects,Disable,AllySwitch,Protect|Adamant||M|||50|]Corviknight||LifeOrb|MirrorArmor|IronHead,BraveBird,Tailwind,Protect|Adamant||M|||50|]Garchomp||Garchompite|RoughSkin|DracoMeteor,EarthPower,PowerGem,Protect|Modest||F|||50|
|showteam|p2|Charizard||CharizarditeY|Blaze|HeatWave,SolarBeam,WeatherBall,Protect|Modest||M|||50|]Sneasler||WhiteHerb|Unburden|CloseCombat,DireClaw,FakeOut,Coaching|Jolly||F|||50|]Kingambit||BlackGlasses|Defiant|KowtowCleave,SuckerPunch,SwordsDance,Protect|Adamant||F|||50|]Dragonite||LifeOrb|InnerFocus|DragonClaw,LowKick,ExtremeSpeed,Protect|Adamant||F|||50|]Floette-Eternal||Floettite|FlowerVeil|Moonblast,DazzlingGleam,LightofRuin,Protect|Modest||F|||50|]Whimsicott||FocusSash|Prankster|Moonblast,Tailwind,Encore,Protect|Timid||M|||50|
|
|t:|1785418518
|teamsize|p1|4
|teamsize|p2|4
|start
|switch|p1a: Tyranitar|Tyranitar, L50, F|100/100
|switch|p1b: Corviknight|Corviknight, L50, M|100/100
|switch|p2a: Sneasler|Sneasler, L50, F|100/100
|switch|p2b: Floette|Floette-Eternal, L50, F|100/100
|-weather|Sandstorm|[from] ability: Sand Stream|[of] p1a: Tyranitar
|turn|1
|
|t:|1785418567
|switch|p1a: Houndstone|Houndstone, L50, M|100/100
|detailschange|p2b: Floette|Floette-Mega, L50, F
|-mega|p2b: Floette|Floette|Floettite
|-ability|p2b: Floette|Fairy Aura
|move|p2a: Sneasler|Fake Out|p1b: Corviknight
|-resisted|p1b: Corviknight|1
|-damage|p1b: Corviknight|93/100
|move|p2b: Floette|Dazzling Gleam|p1a: Houndstone|[spread] p1a,p1b
|-resisted|p1b: Corviknight|1
|-damage|p1a: Houndstone|50/100g
|-damage|p1b: Corviknight|69/100
|cant|p1b: Corviknight|flinch
|
|-weather|Sandstorm|[upkeep]
|-damage|p2a: Sneasler|94/100|[from] Sandstorm
|-damage|p2b: Floette|94/100|[from] Sandstorm
|upkeep
|turn|2
|
|t:|1785418608
|switch|p2a: Whimsicott|Whimsicott, L50, M|100/100
|move|p1a: Houndstone|Protect|p1a: Houndstone
|-singleturn|p1a: Houndstone|Protect
|move|p2b: Floette|Dazzling Gleam|p1a: Houndstone|[spread] p1b
|-activate|p1a: Houndstone|move: Protect
|-resisted|p1b: Corviknight|1
|-damage|p1b: Corviknight|45/100
|move|p1b: Corviknight|Brave Bird|p2a: Whimsicott
|-supereffective|p2a: Whimsicott|1
|-enditem|p2a: Whimsicott|Focus Sash
|-damage|p2a: Whimsicott|1/100
|-damage|p1b: Corviknight|19/100|[from] Recoil
|-damage|p1b: Corviknight|9/100|[from] item: Life Orb
|
|-weather|Sandstorm|[upkeep]
|-damage|p2a: Whimsicott|0 fnt|[from] Sandstorm
|-damage|p2b: Floette|88/100|[from] Sandstorm
|faint|p2a: Whimsicott
|upkeep
|
|t:|1785418638
|switch|p2a: Kingambit|Kingambit, L50, F|100/100
|turn|3
|
|t:|1785418652
|move|p1a: Houndstone|Disable|p2b: Floette
|-start|p2b: Floette|Disable|Dazzling Gleam
|cant|p2b: Floette|Disable|Dazzling Gleam
|move|p1b: Corviknight|Tailwind|p1b: Corviknight
|-sidestart|p1: GS Barnabe|move: Tailwind
|move|p2a: Kingambit|Swords Dance|p2a: Kingambit
|-boost|p2a: Kingambit|atk|2
|
|-weather|Sandstorm|[upkeep]
|-damage|p2b: Floette|82/100|[from] Sandstorm
|upkeep
|turn|4
|
|t:|1785418680
|switch|p1a: Garchomp|Garchomp, L50, F|100/100
|move|p2a: Kingambit|Sucker Punch|p1b: Corviknight
|-damage|p1b: Corviknight|0 fnt
|faint|p1b: Corviknight
|move|p2b: Floette|Moonblast|p1a: Garchomp
|-supereffective|p1a: Garchomp|1
|-damage|p1a: Garchomp|0 fnt
|faint|p1a: Garchomp
|
|-weather|Sandstorm|[upkeep]
|-damage|p2b: Floette|77/100|[from] Sandstorm
|upkeep
|
|t:|1785418692
|switch|p1a: Tyranitar|Tyranitar, L50, F|100/100
|switch|p1b: Houndstone|Houndstone, L50, M|50/100g
|turn|5
|
|t:|1785418725
|move|p1b: Houndstone|Protect|p1b: Houndstone
|-singleturn|p1b: Houndstone|Protect
|move|p1a: Tyranitar|Superpower|p2a: Kingambit
|-supereffective|p2a: Kingambit|2
|-damage|p2a: Kingambit|0 fnt
|-unboost|p1a: Tyranitar|atk|1
|-unboost|p1a: Tyranitar|def|1
|faint|p2a: Kingambit
|move|p2b: Floette|Moonblast|p1a: Tyranitar
|-supereffective|p1a: Tyranitar|1
|-damage|p1a: Tyranitar|0 fnt
|faint|p1a: Tyranitar
|
|-weather|none
|upkeep
|
|t:|1785418736
|switch|p2a: Sneasler|Sneasler, L50, F|94/100
|turn|6
|
|t:|1785418754
|move|p2b: Floette|Protect|p2b: Floette
|-singleturn|p2b: Floette|Protect
|move|p1b: Houndstone|Last Respects|p2b: Floette
|-activate|p2b: Floette|move: Protect
|move|p2a: Sneasler|Dire Claw|p1b: Houndstone
|-resisted|p1b: Houndstone|1
|-damage|p1b: Houndstone|29/100
|-enditem|p1b: Houndstone|Sitrus Berry|[eat]
|-heal|p1b: Houndstone|54/100|[from] item: Sitrus Berry
|
|-end|p2b: Floette|Disable
|-sideend|p1: GS Barnabe|move: Tailwind
|upkeep
|turn|7
|
|t:|1785418772
|move|p2a: Sneasler|Dire Claw|p1b: Houndstone
|-resisted|p1b: Houndstone|1
|-damage|p1b: Houndstone|33/100
|-status|p1b: Houndstone|psn
|move|p2b: Floette|Moonblast|p1b: Houndstone
|-damage|p1b: Houndstone|0 fnt
|faint|p1b: Houndstone
|
|win|natsukivgc
|raw|GS Barnabe's rating: 1046 → 1034(-12 for losing)
|raw|natsukivgc's rating: 1160 → 1177(+17 for winning)
|l|☆natsukivgc
|player|p2|
