|j|☆schshfh
|j|☆XenoVals
|html|schshfhXenoVals    
|uhtml|bestof|Game 2 of a best-of-3
|t:|1783978233
|gametype|doubles
|player|p1|schshfh|lance|1146
|player|p2|XenoVals|red|1064
|gen|9
|tier|[Gen 9 Champions] VGC 2026 Reg M-B (Bo3)
|rated|
|rule|Species Clause: Limit one of each Pokémon
|rule|Item Clause: Limit 1 of each item
|clearpoke
|poke|p1|Aerodactyl, L50, M|
|poke|p1|Sylveon, L50, F|
|poke|p1|Farigiraf, L50, F|
|poke|p1|Charizard, L50, M|
|poke|p1|Garchomp, L50, M|
|poke|p1|Kingambit, L50, M|
|poke|p2|Aggron, L50, F|
|poke|p2|Incineroar, L50, M|
|poke|p2|Sinistcha, L50|
|poke|p2|Ninetales-Alola, L50, M|
|poke|p2|Sneasler, L50, M|
|poke|p2|Sylveon, L50, M|
|teampreview|4
|showteam|p1|Aerodactyl||Aerodactylite|Unnerve|RockSlide,IceFang,Tailwind,DualWingbeat|Jolly||M|||50|]Sylveon||FairyFeather|Pixilate|HyperVoice,HyperBeam,QuickAttack,Detect|Modest||F|||50|]Farigiraf||SitrusBerry|ArmorTail|Psychic,HelpingHand,TrickRoom,Protect|Bold||F|||50|]Charizard||CharizarditeY|Blaze|HeatWave,SolarBeam,WeatherBall,Protect|Modest||M|||50|]Garchomp||LifeOrb|RoughSkin|Earthquake,DragonClaw,StompingTantrum,Protect|Jolly||M|||50|]Kingambit||FocusSash|Defiant|KowtowCleave,IronHead,LowKick,SuckerPunch|Adamant||M|||50|
|showteam|p2|Aggron||Aggronite|HeavyMetal|Protect,IronDefense,BodyPress,HeavySlam|Impish||F|||50|]Incineroar||SitrusBerry|Intimidate|FakeOut,PartingShot,Taunt,FlareBlitz|Jolly||M|||50|]Sinistcha||Leftovers|Hospitality|MatchaGotcha,RagePowder,LifeDew,StrengthSap|Timid|||||50|]Ninetales-Alola||LightClay|SnowWarning|AuroraVeil,Protect,Blizzard,DazzlingGleam|Timid||M|||50|]Sneasler||FocusSash|PoisonTouch|QuickGuard,FakeOut,DireClaw,ThroatChop|Jolly||M|||50|]Sylveon||FairyFeather|Pixilate|HyperVoice,HyperBeam,Yawn,Protect|Calm||M|||50|
|
|t:|1783978291
|teamsize|p1|4
|teamsize|p2|4
|start
|switch|p1a: Charizard|Charizard, L50, M|100/100
|switch|p1b: Farigiraf|Farigiraf, L50, F|100/100
|switch|p2a: Ninetales|Ninetales-Alola, L50, M|100/100
|switch|p2b: Incineroar|Incineroar, L50, M|100/100
|-weather|Snowscape|[from] ability: Snow Warning|[of] p2a: Ninetales
|-ability|p2b: Incineroar|Intimidate|boost
|-unboost|p1a: Charizard|atk|1
|-unboost|p1b: Farigiraf|atk|1
|turn|1
|
|t:|1783978339
|switch|p2a: Sinistcha|Sinistcha, L50|100/100
|move|p1a: Charizard|Protect|p1a: Charizard
|-singleturn|p1a: Charizard|Protect
|move|p2b: Incineroar|Parting Shot|p1a: Charizard
|-activate|p1a: Charizard|move: Protect
|move|p1b: Farigiraf|Psychic|p2a: Sinistcha
|-damage|p2a: Sinistcha|69/100
|-unboost|p2a: Sinistcha|spd|1
|
|-weather|Snowscape|[upkeep]
|-heal|p2a: Sinistcha|75/100|[from] item: Leftovers
|upkeep
|turn|2
|
|t:|1783978372
|switch|p1b: Aerodactyl|Aerodactyl, L50, M|100/100
|-ability|p1b: Aerodactyl|Unnerve
|detailschange|p1a: Charizard|Charizard-Mega-Y, L50, M
|-mega|p1a: Charizard|Charizard|Charizardite Y
|-weather|SunnyDay|[from] ability: Drought|[of] p1a: Charizard
|move|p1a: Charizard|Weather Ball|p2a: Sinistcha
|-supereffective|p2a: Sinistcha|1
|-damage|p2a: Sinistcha|0 fnt
|faint|p2a: Sinistcha
|move|p2b: Incineroar|Parting Shot|p1a: Charizard
|-unboost|p1a: Charizard|atk|1
|-unboost|p1a: Charizard|spa|1
|
|t:|1783978387
|switch|p2b: Ninetales|Ninetales-Alola, L50, M|100/100|[from] Parting Shot
|-weather|Snowscape|[from] ability: Snow Warning|[of] p2b: Ninetales
|
|-weather|Snowscape|[upkeep]
|upkeep
|
|t:|1783978394
|switch|p2a: Incineroar|Incineroar, L50, M|100/100
|-ability|p2a: Incineroar|Intimidate|boost
|-unboost|p1a: Charizard|atk|1
|-unboost|p1b: Aerodactyl|atk|1
|turn|3
|
|t:|1783978416
|move|p1b: Aerodactyl|Rock Slide|p2b: Ninetales|[spread] p2a,p2b
|-supereffective|p2a: Incineroar|1
|-supereffective|p2b: Ninetales|1
|-damage|p2a: Incineroar|73/100
|-damage|p2b: Ninetales|70/100
|move|p2b: Ninetales|Aurora Veil|p2b: Ninetales
|-sidestart|p2: XenoVals|move: Aurora Veil
|move|p1a: Charizard|Heat Wave|p2b: Ninetales|[spread] p2a,p2b
|-resisted|p2a: Incineroar|1
|-supereffective|p2b: Ninetales|1
|-damage|p2a: Incineroar|64/100
|-damage|p2b: Ninetales|30/100
|cant|p2a: Incineroar|flinch
|
|-weather|Snowscape|[upkeep]
|upkeep
|turn|4
|
|t:|1783978447
|switch|p1a: Farigiraf|Farigiraf, L50, F|100/100
|move|p1b: Aerodactyl|Rock Slide|p2b: Ninetales|[spread] p2a,p2b
|-supereffective|p2a: Incineroar|1
|-supereffective|p2b: Ninetales|1
|-damage|p2a: Incineroar|44/100
|-damage|p2b: Ninetales|10/100
|cant|p2b: Ninetales|flinch
|move|p2a: Incineroar|Parting Shot|p1a: Farigiraf
|-unboost|p1a: Farigiraf|atk|1
|-unboost|p1a: Farigiraf|spa|1
|
|t:|1783978460
|switch|p2a: Aggron|Aggron, L50, F|100/100|[from] Parting Shot
|
|-weather|Snowscape|[upkeep]
|upkeep
|turn|5
|
|t:|1783978482
|switch|p1a: Charizard|Charizard-Mega-Y, L50, M|100/100
|-weather|SunnyDay|[from] ability: Drought|[of] p1a: Charizard
|detailschange|p2a: Aggron|Aggron-Mega, L50, F
|-mega|p2a: Aggron|Aggron|Aggronite
|move|p1b: Aerodactyl|Rock Slide|p2a: Aggron|[spread] p2a,p2b
|-resisted|p2a: Aggron|1
|-supereffective|p2b: Ninetales|1
|-damage|p2a: Aggron|97/100
|-damage|p2b: Ninetales|0 fnt
|faint|p2b: Ninetales
|move|p2a: Aggron|Iron Defense|p2a: Aggron
|-boost|p2a: Aggron|def|2
|
|-weather|SunnyDay|[upkeep]
|upkeep
|
|t:|1783978497
|switch|p2b: Incineroar|Incineroar, L50, M|44/100
|-ability|p2b: Incineroar|Intimidate|boost
|-unboost|p1a: Charizard|atk|1
|-unboost|p1b: Aerodactyl|atk|1
|turn|6
|
|t:|1783978508
|switch|p1b: Farigiraf|Farigiraf, L50, F|100/100
|-enditem|p2b: Incineroar|Sitrus Berry|[eat]
|-heal|p2b: Incineroar|69/100|[from] item: Sitrus Berry
|move|p2b: Incineroar|Fake Out||[still]
|cant|p1b: Farigiraf|ability: Armor Tail|Fake Out|[of] p2b: Incineroar
|move|p1a: Charizard|Weather Ball|p2a: Aggron
|-supereffective|p2a: Aggron|1
|-damage|p2a: Aggron|18/100
|move|p2a: Aggron|Iron Defense|p2a: Aggron
|-boost|p2a: Aggron|def|2
|
|-weather|SunnyDay|[upkeep]
|upkeep
|turn|7
|-message|XenoVals forfeited.
|raw|schshfh's rating: 1146 → 1165(+19 for winning)
|raw|XenoVals's rating: 1064 → 1049(-15 for losing)
|
|win|schshfh
|l|☆XenoVals
|player|p2|
