|j|☆Sticky55
|j|☆lux raymundi
|html|Sticky55lux raymundi    
|uhtml|bestof|Game 1 of a best-of-3
|t:|1784836473
|gametype|doubles
|player|p1|Sticky55|265|1286
|player|p2|lux raymundi|266|1300
|gen|9
|tier|[Gen 9 Champions] VGC 2026 Reg M-B (Bo3)
|rated|
|rule|Species Clause: Limit one of each Pokémon
|rule|Item Clause: Limit 1 of each item
|clearpoke
|poke|p1|Blaziken, L50, F|
|poke|p1|Sneasler, L50, M|
|poke|p1|Aerodactyl, L50, F|
|poke|p1|Sinistcha, L50|
|poke|p1|Kingambit, L50, M|
|poke|p1|Floette-Eternal, L50, F|
|poke|p2|Sneasler, L50, M|
|poke|p2|Blastoise, L50, M|
|poke|p2|Kingambit, L50, M|
|poke|p2|Incineroar, L50, M|
|poke|p2|Delphox, L50, F|
|poke|p2|Sinistcha, L50|
|teampreview|4
|showteam|p1|Blaziken||LifeOrb|SpeedBoost|FlareBlitz,CloseCombat,Protect,RockSlide|Adamant||F|||50|]Sneasler||WhiteHerb|Unburden|DireClaw,CloseCombat,Protect,FakeOut|Jolly||M|||50|]Aerodactyl||Aerodactylite|Unnerve|IceFang,Tailwind,DualWingbeat,RockSlide|Jolly||F|||50|]Sinistcha||SitrusBerry|Hospitality|MatchaGotcha,Protect,TrickRoom,RagePowder|Bold|||||50|]Kingambit||BlackGlasses|Defiant|Protect,SuckerPunch,KowtowCleave,SwordsDance|Adamant||M|||50|]Floette-Eternal||Floettite|FlowerVeil|DazzlingGleam,Moonblast,Protect,CalmMind|Modest||F|||50|
|showteam|p2|Sneasler||FocusSash|PoisonTouch|PoisonJab,CloseCombat,FakeOut,QuickGuard|Jolly||M|||50|]Blastoise||Blastoisinite|RainDish|DarkPulse,WaterSpout,ShellSmash,Protect|Modest||M|||50|]Kingambit||BlackGlasses|Defiant|KowtowCleave,SuckerPunch,SwordsDance,Protect|Adamant||M|||50|]Incineroar||SitrusBerry|Intimidate|FlareBlitz,ThroatChop,PartingShot,FakeOut|Careful||M|||50|]Delphox||Delphoxite|Blaze|HeatWave,NastyPlot,Psychic,Protect|Timid||F|||50|]Sinistcha||KasibBerry|Hospitality|MatchaGotcha,RagePowder,TrickRoom,Protect|Bold|||||50|
|inactive|Battle timer is ON: inactive players will automatically lose when time's up. (requested by Sticky55)
|
|t:|1784836504
|teamsize|p1|4
|teamsize|p2|4
|start
|switch|p1a: Sneasler|Sneasler, L50, M|100/100
|switch|p1b: Aerodactyl|Aerodactyl, L50, F|100/100
|switch|p2a: Sneasler|Sneasler, L50, M|100/100
|switch|p2b: Blastoise|Blastoise, L50, M|100/100
|-ability|p1b: Aerodactyl|Unnerve
|turn|1
|
|t:|1784836524
|detailschange|p1b: Aerodactyl|Aerodactyl-Mega, L50, F
|-mega|p1b: Aerodactyl|Aerodactyl|Aerodactylite
|detailschange|p2b: Blastoise|Blastoise-Mega, L50, M
|-mega|p2b: Blastoise|Blastoise|Blastoisinite
|move|p2a: Sneasler|Quick Guard|p2a: Sneasler
|-singleturn|p2a: Sneasler|Quick Guard
|move|p1a: Sneasler|Fake Out|p2b: Blastoise
|-activate|p2b: Blastoise|move: Quick Guard
|move|p1b: Aerodactyl|Rock Slide|p2b: Blastoise|[spread] p2a,p2b
|-resisted|p2a: Sneasler|1
|-damage|p2a: Sneasler|76/100
|-damage|p2b: Blastoise|68/100
|cant|p2b: Blastoise|flinch
|
|upkeep
|turn|2
|inactive|Sticky55 has 30 seconds left.
|
|t:|1784836552
|switch|p2a: Sinistcha|Sinistcha, L50|100/100
|-heal|p2b: Blastoise|92/100|[from] ability: Hospitality|[of] p2a: Sinistcha
|move|p1b: Aerodactyl|Dual Wingbeat|p2a: Sinistcha|[miss]
|-miss|p1b: Aerodactyl|p2a: Sinistcha
|move|p1a: Sneasler|Close Combat|p2b: Blastoise
|-damage|p2b: Blastoise|36/100
|-unboost|p1a: Sneasler|def|1
|-unboost|p1a: Sneasler|spd|1
|-enditem|p1a: Sneasler|White Herb
|-clearnegativeboost|p1a: Sneasler|[silent]
|move|p2b: Blastoise|Water Spout|p1b: Aerodactyl|[spread] p1a,p1b
|-supereffective|p1b: Aerodactyl|1
|-damage|p1a: Sneasler|70/100
|-damage|p1b: Aerodactyl|41/100
|
|upkeep
|turn|3
|inactive|Sticky55 has 30 seconds left.
|
|t:|1784836577
|switch|p2b: Incineroar|Incineroar, L50, M|100/100
|-ability|p2b: Incineroar|Intimidate|boost
|-unboost|p1a: Sneasler|atk|1
|-unboost|p1b: Aerodactyl|atk|1
|move|p1a: Sneasler|Dire Claw|p2b: Incineroar
|-damage|p2b: Incineroar|75/100
|move|p1b: Aerodactyl|Dual Wingbeat|p2a: Sinistcha
|-supereffective|p2a: Sinistcha|1
|-damage|p2a: Sinistcha|68/100
|-supereffective|p2a: Sinistcha|1
|-damage|p2a: Sinistcha|37/100
|-hitcount|p2a: Sinistcha|2
|move|p2a: Sinistcha|Matcha Gotcha|p1b: Aerodactyl|[spread] p1a
|-miss|p2a: Sinistcha|p1b: Aerodactyl
|-resisted|p1a: Sneasler|1
|-damage|p1a: Sneasler|54/100
|-heal|p2a: Sinistcha|44/100|[from] drain|[of] p1a: Sneasler
|
|upkeep
|turn|4
|inactive|Sticky55 has 30 seconds left.
|inactive|lux raymundi has 30 seconds left.
|inactive|Sticky55 has 20 seconds left.
|
|t:|1784836613
|switch|p2a: Sneasler|Sneasler, L50, M|76/100
|move|p1a: Sneasler|Protect|p1a: Sneasler
|-singleturn|p1a: Sneasler|Protect
|move|p1b: Aerodactyl|Tailwind|p1b: Aerodactyl
|-sidestart|p1: Sticky55|move: Tailwind
|move|p2b: Incineroar|Parting Shot|p1b: Aerodactyl
|-unboost|p1b: Aerodactyl|atk|1
|-unboost|p1b: Aerodactyl|spa|1
|
|t:|1784836625
|switch|p2b: Sinistcha|Sinistcha, L50|44/100|[from] Parting Shot
|-heal|p2a: Sneasler|100/100|[from] ability: Hospitality|[of] p2b: Sinistcha
|
|upkeep
|turn|5
|inactive|Sticky55 has 30 seconds left.
|
|t:|1784836650
|switch|p2b: Incineroar|Incineroar, L50, M|75/100
|-ability|p2b: Incineroar|Intimidate|boost
|-unboost|p1a: Sneasler|atk|1
|-unboost|p1b: Aerodactyl|atk|1
|move|p2a: Sneasler|Fake Out|p1b: Aerodactyl
|-resisted|p1b: Aerodactyl|1
|-damage|p1b: Aerodactyl|32/100
|move|p1a: Sneasler|Dire Claw|p2a: Sneasler
|-resisted|p2a: Sneasler|1
|-damage|p2a: Sneasler|82/100
|-status|p2a: Sneasler|par
|cant|p1b: Aerodactyl|flinch
|
|upkeep
|turn|6
|c|☆lux raymundi|...
|
|t:|1784836675
|switch|p1b: Kingambit|Kingambit, L50, M|100/100
|switch|p2a: Blastoise|Blastoise-Mega, L50, M|36/100
|move|p1a: Sneasler|Close Combat|p2b: Incineroar
|-supereffective|p2b: Incineroar|1
|-damage|p2b: Incineroar|18/100
|-unboost|p1a: Sneasler|def|1
|-unboost|p1a: Sneasler|spd|1
|-enditem|p2b: Incineroar|Sitrus Berry|[eat]
|-heal|p2b: Incineroar|43/100|[from] item: Sitrus Berry
|move|p2b: Incineroar|Parting Shot|p1a: Sneasler
|-unboost|p1a: Sneasler|atk|1
|-unboost|p1a: Sneasler|spa|1
|
|t:|1784836688
|switch|p2b: Sinistcha|Sinistcha, L50|44/100|[from] Parting Shot
|-heal|p2a: Blastoise|60/100|[from] ability: Hospitality|[of] p2b: Sinistcha
|
|upkeep
|turn|7
|inactive|Sticky55 has 30 seconds left.
|
|t:|1784836717
|switch|p2b: Sneasler|Sneasler, L50, M|82/100 par
|move|p2a: Blastoise|Protect|p2a: Blastoise
|-singleturn|p2a: Blastoise|Protect
|move|p1a: Sneasler|Close Combat|p2a: Blastoise
|-activate|p2a: Blastoise|move: Protect
|move|p1b: Kingambit|Swords Dance|p1b: Kingambit
|-boost|p1b: Kingambit|atk|2
|
|-sideend|p1: Sticky55|move: Tailwind
|upkeep
|turn|8
|
|t:|1784836733
|move|p1b: Kingambit|Protect|p1b: Kingambit
|-singleturn|p1b: Kingambit|Protect
|move|p2b: Sneasler|Fake Out|p1b: Kingambit
|-activate|p1b: Kingambit|move: Protect
|move|p1a: Sneasler|Dire Claw|p2a: Blastoise
|-damage|p2a: Blastoise|45/100
|-status|p2a: Blastoise|slp
|cant|p2a: Blastoise|slp
|
|upkeep
|turn|9
|inactive|Sticky55 has 30 seconds left.
|
|t:|1784836759
|move|p1b: Kingambit|Sucker Punch|p2b: Sneasler
|-resisted|p2b: Sneasler|1
|-damage|p2b: Sneasler|1/100 par
|move|p1a: Sneasler|Dire Claw|p2b: Sneasler
|-resisted|p2b: Sneasler|1
|-damage|p2b: Sneasler|0 fnt
|faint|p2b: Sneasler
|-curestatus|p2a: Blastoise|slp|[msg]
|move|p2a: Blastoise|Shell Smash|p2a: Blastoise
|-unboost|p2a: Blastoise|def|1
|-unboost|p2a: Blastoise|spd|1
|-boost|p2a: Blastoise|atk|2
|-boost|p2a: Blastoise|spa|2
|-boost|p2a: Blastoise|spe|2
|
|upkeep
|
|t:|1784836772
|switch|p2b: Sinistcha|Sinistcha, L50|44/100
|-heal|p2a: Blastoise|69/100|[from] ability: Hospitality|[of] p2b: Sinistcha
|turn|10
|
|t:|1784836786
|switch|p2b: Incineroar|Incineroar, L50, M|43/100
|-ability|p2b: Incineroar|Intimidate|boost
|-unboost|p1a: Sneasler|atk|1
|-unboost|p1b: Kingambit|atk|1
|-ability|p1b: Kingambit|Defiant|boost
|-boost|p1b: Kingambit|atk|2
|move|p2a: Blastoise|Protect|p2a: Blastoise
|-singleturn|p2a: Blastoise|Protect
|move|p1a: Sneasler|Dire Claw|p2b: Incineroar
|-damage|p2b: Incineroar|29/100
|move|p1b: Kingambit|Kowtow Cleave|p2b: Incineroar
|-resisted|p2b: Incineroar|1
|-damage|p2b: Incineroar|0 fnt
|faint|p2b: Incineroar
|
|upkeep
|
|t:|1784836800
|switch|p2b: Sinistcha|Sinistcha, L50|44/100
|-heal|p2a: Blastoise|94/100|[from] ability: Hospitality|[of] p2b: Sinistcha
|turn|11
|
|t:|1784836808
|move|p1b: Kingambit|Protect|p1b: Kingambit
|-singleturn|p1b: Kingambit|Protect
|move|p2b: Sinistcha|Rage Powder|p2b: Sinistcha
|-singleturn|p2b: Sinistcha|move: Rage Powder
|move|p1a: Sneasler|Dire Claw|p2b: Sinistcha
|-damage|p2b: Sinistcha|32/100
|-status|p2b: Sinistcha|psn
|move|p2a: Blastoise|Water Spout|p1b: Kingambit|[spread] p1a
|-activate|p1b: Kingambit|move: Protect
|-damage|p1a: Sneasler|0 fnt
|faint|p1a: Sneasler
|
|-damage|p2b: Sinistcha|20/100y psn|[from] psn
|upkeep
|c|☆lux raymundi|Come on
|
|t:|1784836828
|switch|p1a: Blaziken|Blaziken, L50, F|100/100
|turn|12
|
|t:|1784836837
|switch|p1b: Aerodactyl|Aerodactyl-Mega, L50, F|32/100
|move|p1a: Blaziken|Protect|p1a: Blaziken
|-singleturn|p1a: Blaziken|Protect
|move|p2b: Sinistcha|Rage Powder|p2b: Sinistcha
|-singleturn|p2b: Sinistcha|move: Rage Powder
|move|p2a: Blastoise|Water Spout|p1b: Aerodactyl|[spread] p1b
|-activate|p1a: Blaziken|move: Protect
|-supereffective|p1b: Aerodactyl|1
|-damage|p1b: Aerodactyl|0 fnt
|faint|p1b: Aerodactyl
|
|-damage|p2b: Sinistcha|7/100 psn|[from] psn
|-ability|p1a: Blaziken|Speed Boost|boost
|-boost|p1a: Blaziken|spe|1
|upkeep
|
|t:|1784836853
|switch|p1b: Kingambit|Kingambit, L50, M|100/100
|turn|13
|
|t:|1784836859
|move|p1a: Blaziken|Protect||[still]
|-fail|p1a: Blaziken
|move|p1b: Kingambit|Protect|p1b: Kingambit
|-singleturn|p1b: Kingambit|Protect
|move|p2b: Sinistcha|Rage Powder|p2b: Sinistcha
|-singleturn|p2b: Sinistcha|move: Rage Powder
|move|p2a: Blastoise|Water Spout|p1a: Blaziken|[spread] p1a
|-activate|p1b: Kingambit|move: Protect
|-supereffective|p1a: Blaziken|1
|-crit|p1a: Blaziken
|-damage|p1a: Blaziken|0 fnt
|faint|p1a: Blaziken
|
|-damage|p2b: Sinistcha|0 fnt|[from] psn
|faint|p2b: Sinistcha
|upkeep
|turn|14
|
|t:|1784836880
|move|p1b: Kingambit|Sucker Punch||[still]
|-fail|p1b: Kingambit
|move|p2a: Blastoise|Shell Smash|p2a: Blastoise
|-unboost|p2a: Blastoise|def|1
|-unboost|p2a: Blastoise|spd|1
|-boost|p2a: Blastoise|atk|2
|-boost|p2a: Blastoise|spa|2
|-boost|p2a: Blastoise|spe|2
|
|upkeep
|turn|15
|
|t:|1784836890
|move|p1b: Kingambit|Protect|p1b: Kingambit
|-singleturn|p1b: Kingambit|Protect
|move|p2a: Blastoise|Water Spout|p1b: Kingambit
|-activate|p1b: Kingambit|move: Protect
|
|upkeep
|turn|16
|
|t:|1784836897
|move|p2a: Blastoise|Protect|p2a: Blastoise
|-singleturn|p2a: Blastoise|Protect
|move|p1b: Kingambit|Sucker Punch||[still]
|-fail|p1b: Kingambit
|
|upkeep
|turn|17
|
|t:|1784836903
|move|p1b: Kingambit|Protect|p1b: Kingambit
|-singleturn|p1b: Kingambit|Protect
|move|p2a: Blastoise|Water Spout|p1b: Kingambit
|-activate|p1b: Kingambit|move: Protect
|
|upkeep
|turn|18
|
|t:|1784836910
|move|p1b: Kingambit|Sucker Punch|p2a: Blastoise
|-damage|p2a: Blastoise|1/100
|move|p2a: Blastoise|Water Spout|p1b: Kingambit
|-damage|p1b: Kingambit|98/100
|
|upkeep
|turn|19
|-message|lux raymundi forfeited.
|
|win|Sticky55
