|j|☆jomivgc
|j|☆edhen
|html|jomivgcedhen    
|uhtml|bestof|Game 3 of a best-of-3
|t:|1783715556
|gametype|doubles
|player|p1|jomivgc|falkner-gen2|1163
|player|p2|edhen|clair|1184
|gen|9
|tier|[Gen 9 Champions] VGC 2026 Reg M-B (Bo3)
|rated|
|rule|Species Clause: Limit one of each Pokémon
|rule|Item Clause: Limit 1 of each item
|clearpoke
|poke|p1|Kleavor, L50, F|
|poke|p1|Sinistcha, L50|
|poke|p1|Archaludon, L50, M|
|poke|p1|Swampert, L50, F|
|poke|p1|Froslass, L50, F|
|poke|p1|Pelipper, L50, F|
|poke|p2|Milotic, L50, F|
|poke|p2|Victreebel, L50, F|
|poke|p2|Ceruledge, L50, F|
|poke|p2|Garchomp, L50, F|
|poke|p2|Gallade, L50, M|
|poke|p2|Ninetales-Alola, L50, F|
|teampreview|4
|showteam|p1|Kleavor||ChoiceScarf|Sharpness|StoneAxe,XScissor,CloseCombat,NightSlash|Jolly||F|||50|]Sinistcha||KasibBerry|Hospitality|MatchaGotcha,Protect,RagePowder,TrickRoom|Modest|||||50|]Archaludon||Leftovers|Stamina|FlashCannon,Protect,ElectroShot,DragonPulse|Modest||M|||50|]Swampert||Swampertite|Damp|WaveCrash,Earthquake,RockSlide,Protect|Adamant||F|||50|]Froslass||Froslassite|CursedBody|Blizzard,RainDance,AuroraVeil,Protect|Modest||F|||50|]Pelipper||FocusSash|Drizzle|Hurricane,WeatherBall,WideGuard,Tailwind|Modest||F|||50|
|showteam|p2|Milotic||Leftovers|Competitive|Protect,Coil,Hypnosis,Scald|Bold||F|||50|]Victreebel||Victreebelite|Chlorophyll|PowerWhip,PoisonJab,SuckerPunch,StrengthSap|Naughty||F|||50|]Ceruledge||ColburBerry|FlashFire|Protect,ShadowSneak,BitterBlade,BulkUp|Adamant||F|||50|]Garchomp||LifeOrb|RoughSkin|Protect,DragonClaw,StompingTantrum,RockSlide|Jolly||F|||50|]Gallade||FocusSash|Sharpness|XScissor,ShadowSneak,PsychoCut,SacredSword|Jolly||M|||50|]Ninetales-Alola||NeverMeltIce|SnowWarning|Protect,FreezeDry,Blizzard,Encore|Timid||F|||50|
|inactive|Battle timer is ON: inactive players will automatically lose when time's up. (requested by jomivgc)
|inactive|jomivgc has 60 seconds left.
|inactive|edhen has 60 seconds left.
|inactive|edhen has 30 seconds left.
|inactive|edhen has 20 seconds left.
|
|t:|1783715629
|teamsize|p1|4
|teamsize|p2|4
|start
|switch|p1a: Froslass|Froslass, L50, F|100/100
|switch|p1b: Kleavor|Kleavor, L50, F|100/100
|switch|p2a: Garchomp|Garchomp, L50, F|100/100
|switch|p2b: Victreebel|Victreebel, L50, F|100/100
|turn|1
|inactive|jomivgc has 30 seconds left.
|
|t:|1783715660
|detailschange|p1a: Froslass|Froslass-Mega, L50, F
|-mega|p1a: Froslass|Froslass|Froslassite
|-weather|Snowscape|[from] ability: Snow Warning|[of] p1a: Froslass
|detailschange|p2b: Victreebel|Victreebel-Mega, L50, F
|-mega|p2b: Victreebel|Victreebel|Victreebelite
|move|p2b: Victreebel|Sucker Punch|p1a: Froslass
|-supereffective|p1a: Froslass|1
|-damage|p1a: Froslass|48/100
|move|p1b: Kleavor|Stone Axe|p2b: Victreebel
|-damage|p2b: Victreebel|33/100
|-sidestart|p2: edhen|move: Stealth Rock
|move|p1a: Froslass|Blizzard|p2a: Garchomp|[spread] p2a,p2b
|-supereffective|p2a: Garchomp|2
|-supereffective|p2b: Victreebel|1
|-damage|p2a: Garchomp|0 fnt
|-damage|p2b: Victreebel|0 fnt
|-damage|p1a: Froslass|11/100|[from] ability: Innards Out|[of] p2b: Victreebel
|faint|p2a: Garchomp
|faint|p2b: Victreebel
|
|-weather|Snowscape|[upkeep]
|upkeep
|
|t:|1783715673
|switch|p2a: Gallade|Gallade, L50, M|100/100
|switch|p2b: Ninetales|Ninetales-Alola, L50, F|100/100
|-damage|p2b: Ninetales|75/100|[from] Stealth Rock
|-damage|p2a: Gallade|93/100|[from] Stealth Rock
|turn|2
|
|t:|1783715695
|move|p1b: Kleavor|Stone Axe|p2b: Ninetales|[miss]
|-miss|p1b: Kleavor|p2b: Ninetales
|move|p2b: Ninetales|Blizzard|p1b: Kleavor|[spread] p1a,p1b
|-resisted|p1a: Froslass|1
|-damage|p1a: Froslass|0 fnt
|-damage|p1b: Kleavor|46/100
|faint|p1a: Froslass
|move|p2a: Gallade|Sacred Sword|p1b: Kleavor
|-damage|p1b: Kleavor|0 fnt
|faint|p1b: Kleavor
|
|-weather|Snowscape|[upkeep]
|upkeep
|
|t:|1783715703
|switch|p1a: Archaludon|Archaludon, L50, M|100/100
|switch|p1b: Sinistcha|Sinistcha, L50|100/100
|turn|3
|
|t:|1783715721
|move|p2b: Ninetales|Blizzard|p1b: Sinistcha|[spread] p1a,p1b
|-supereffective|p1b: Sinistcha|1
|-damage|p1a: Archaludon|60/100
|-damage|p1b: Sinistcha|17/100
|-ability|p1a: Archaludon|Stamina|boost
|-boost|p1a: Archaludon|def|1
|move|p2a: Gallade|Psycho Cut|p1b: Sinistcha
|-damage|p1b: Sinistcha|0 fnt
|faint|p1b: Sinistcha
|move|p1a: Archaludon|Flash Cannon|p2b: Ninetales
|-supereffective|p2b: Ninetales|2
|-damage|p2b: Ninetales|0 fnt
|faint|p2b: Ninetales
|
|-weather|Snowscape|[upkeep]
|-heal|p1a: Archaludon|66/100|[from] item: Leftovers
|upkeep
|turn|4
|
|t:|1783715737
|move|p1a: Archaludon|Protect|p1a: Archaludon
|-singleturn|p1a: Archaludon|Protect
|move|p2a: Gallade|Sacred Sword|p1a: Archaludon
|-activate|p1a: Archaludon|move: Protect
|
|-weather|Snowscape|[upkeep]
|-heal|p1a: Archaludon|72/100|[from] item: Leftovers
|upkeep
|turn|5
|
|t:|1783715748
|move|p2a: Gallade|Sacred Sword|p1a: Archaludon
|-supereffective|p1a: Archaludon|1
|-damage|p1a: Archaludon|0 fnt
|faint|p1a: Archaludon
|
|win|edhen
|raw|jomivgc's rating: 1163 → 1140(-23 for losing)
|raw|edhen's rating: 1184 → 1207(+23 for winning)
