|j|☆BardBard056
|j|☆lilrainteamwahoo
|html|BardBard056lilrainteamwahoo    
|uhtml|bestof|Game 2 of a best-of-3
|t:|1757002824
|gametype|doubles
|player|p1|BardBard056|170|1095
|player|p2|lilrainteamwahoo|baker|1159
|gen|9
|tier|[Gen 9] VGC 2025 Reg H (Bo3)
|rated|
|rule|Species Clause: Limit one of each Pokémon
|rule|Item Clause: Limit 1 of each item
|clearpoke
|poke|p1|Gholdengo, L50|
|poke|p1|Amoonguss, L50, M|
|poke|p1|Basculegion, L50, M|
|poke|p1|Pelipper, L50, M|
|poke|p1|Incineroar, L50, M|
|poke|p1|Archaludon, L50, F|
|poke|p2|Archaludon, L50, M|
|poke|p2|Pelipper, L50, F|
|poke|p2|Indeedee, L50, M|
|poke|p2|Amoonguss, L50, M|
|poke|p2|Basculegion, L50, M|
|poke|p2|Hydreigon, L50, F|
|teampreview|4
|showteam|p1|Gholdengo||LifeOrb|GoodasGold|MakeItRain,ShadowBall,NastyPlot,Protect||||||50|,,,,,Water]Amoonguss||SitrusBerry|Regenerator|Spore,RagePowder,PollenPuff,Protect|||M|||50|,,,,,Psychic]Basculegion||ChoiceBand|SwiftSwim|WaveCrash,FlipTurn,LastRespects,AquaJet|||M|||50|,,,,,Water]Pelipper||FocusSash|Drizzle|WeatherBall,Hurricane,Tailwind,Protect|||M|||50|,,,,,Ground]Incineroar||SafetyGoggles|Intimidate|FlareBlitz,KnockOff,PartingShot,FakeOut|||M|||50|,,,,,Ghost]Archaludon||AssaultVest|Stamina|ElectroShot,FlashCannon,DracoMeteor,BodyPress|||F|||50|,,,,,Bug
|showteam|p2|Archaludon||AssaultVest|Stamina|ElectroShot,DracoMeteor,BodyPress,FlashCannon|||M|||50|,,,,,Grass]Pelipper||FocusSash|Drizzle|WeatherBall,Hurricane,Tailwind,Protect|||F|||50|,,,,,Ghost]Indeedee||ChoiceScarf|PsychicSurge|ExpandingForce,TeraBlast,Trick,DazzlingGleam|||M|||50|,,,,,Ground]Amoonguss||SitrusBerry|Regenerator|Spore,SludgeBomb,Protect,RagePowder|||M|||50|,,,,,Water]Basculegion||ChoiceBand|SwiftSwim|FlipTurn,WaveCrash,LastRespects,AquaJet|||M|||50|,,,,,Poison]Hydreigon||CovertCloak|Levitate|Taunt,Snarl,DracoMeteor,EarthPower|||F|||50|,,,,,Fairy
|inactive|Battle timer is ON: inactive players will automatically lose when time's up. (requested by BardBard056)
|
|t:|1757002839
|teamsize|p1|4
|teamsize|p2|4
|start
|switch|p1a: Pelipper|Pelipper, L50, M|100/100
|switch|p1b: Archaludon|Archaludon, L50, F|100/100
|switch|p2a: Piedragon|Hydreigon, L50, F|100/100
|switch|p2b: Empire|Basculegion, L50, M|100/100
|-weather|RainDance|[from] ability: Drizzle|[of] p1a: Pelipper
|turn|1
|inactive|BardBard056 has 30 seconds left.
|
|t:|1757002865
|move|p1a: Pelipper|Protect|p1a: Pelipper
|-singleturn|p1a: Pelipper|Protect
|move|p2b: Empire|Wave Crash|p1b: Archaludon
|-resisted|p1b: Archaludon
|-damage|p1b: Archaludon|56/100
|-ability|p1b: Archaludon|Stamina|boost
|-boost|p1b: Archaludon|def|1
|-damage|p2b: Empire|86/100|[from] Recoil
|move|p2a: Piedragon|Draco Meteor|p1b: Archaludon
|-damage|p1b: Archaludon|8/100
|-unboost|p2a: Piedragon|spa|2
|-ability|p1b: Archaludon|Stamina|boost
|-boost|p1b: Archaludon|def|1
|move|p1b: Archaludon|Electro Shot||[still]
|-prepare|p1b: Archaludon|Electro Shot
|-boost|p1b: Archaludon|spa|1
|-anim|p1b: Archaludon|Electro Shot|p2b: Empire
|-supereffective|p2b: Empire
|-damage|p2b: Empire|0 fnt
|faint|p2b: Empire
|
|-weather|RainDance|[upkeep]
|upkeep
|
|t:|1757002881
|switch|p2b: Arching|Archaludon, L50, M|100/100
|turn|2
|
|t:|1757002891
|move|p2a: Piedragon|Snarl|p1a: Pelipper|[spread] p1a,p1b
|-damage|p1a: Pelipper|83/100
|-damage|p1b: Archaludon|2/100
|-unboost|p1a: Pelipper|spa|1
|-unboost|p1b: Archaludon|spa|1
|-ability|p1b: Archaludon|Stamina|boost
|-boost|p1b: Archaludon|def|1
|move|p1b: Archaludon|Body Press|p2a: Piedragon
|-supereffective|p2a: Piedragon
|-damage|p2a: Piedragon|0 fnt
|faint|p2a: Piedragon
|move|p1a: Pelipper|Hurricane|p2b: Arching
|-resisted|p2b: Arching
|-damage|p2b: Arching|90/100
|-ability|p2b: Arching|Stamina|boost
|-boost|p2b: Arching|def|1
|move|p2b: Arching|Electro Shot||[still]
|-prepare|p2b: Arching|Electro Shot
|-boost|p2b: Arching|spa|1
|-anim|p2b: Arching|Electro Shot|p1a: Pelipper
|-supereffective|p1a: Pelipper
|-damage|p1a: Pelipper|0 fnt
|faint|p1a: Pelipper
|
|-weather|RainDance|[upkeep]
|upkeep
|
|t:|1757002911
|switch|p2a: Schmooner|Amoonguss, L50, M|100/100
|switch|p1a: Basculegion|Basculegion, L50, M|100/100
|turn|3
|inactive|BardBard056 has 30 seconds left.
|
|t:|1757002939
|move|p2a: Schmooner|Rage Powder|p2a: Schmooner
|-singleturn|p2a: Schmooner|move: Rage Powder
|move|p1a: Basculegion|Flip Turn|p2a: Schmooner
|-resisted|p2a: Schmooner
|-damage|p2a: Schmooner|71/100
|
|t:|1757002943
|switch|p1a: Amoonguss|Amoonguss, L50, M|100/100|[from] Flip Turn
|move|p1b: Archaludon|Body Press|p2a: Schmooner
|-resisted|p2a: Schmooner
|-damage|p2a: Schmooner|44/100
|-enditem|p2a: Schmooner|Sitrus Berry|[eat]
|-heal|p2a: Schmooner|69/100|[from] item: Sitrus Berry
|move|p2b: Arching|Electro Shot||[still]
|-prepare|p2b: Arching|Electro Shot
|-boost|p2b: Arching|spa|1
|-anim|p2b: Arching|Electro Shot|p1a: Amoonguss
|-resisted|p1a: Amoonguss
|-damage|p1a: Amoonguss|67/100
|
|-weather|RainDance|[upkeep]
|upkeep
|turn|4
|inactive|BardBard056 has 30 seconds left.
|inactive|BardBard056 has 20 seconds left.
|inactive|BardBard056 has 15 seconds left.
|inactive|BardBard056 has 10 seconds left.
|inactive|BardBard056 has 5 seconds left.
|
|t:|1757002995
|-terastallize|p2b: Arching|Grass
|move|p2a: Schmooner|Protect|p2a: Schmooner
|-singleturn|p2a: Schmooner|Protect
|move|p1b: Archaludon|Body Press|p2b: Arching
|-crit|p2b: Arching
|-damage|p2b: Arching|28/100
|-ability|p2b: Arching|Stamina|boost
|-boost|p2b: Arching|def|1
|move|p2b: Arching|Electro Shot||[still]
|-prepare|p2b: Arching|Electro Shot
|-boost|p2b: Arching|spa|1
|-anim|p2b: Arching|Electro Shot|p1b: Archaludon
|-resisted|p1b: Archaludon
|-damage|p1b: Archaludon|0 fnt
|faint|p1b: Archaludon
|move|p1a: Amoonguss|Pollen Puff|p2a: Schmooner
|-activate|p2a: Schmooner|move: Protect
|
|-weather|RainDance|[upkeep]
|upkeep
|
|t:|1757002998
|switch|p1b: Basculegion|Basculegion, L50, M|100/100
|turn|5
|
|t:|1757003019
|move|p2a: Schmooner|Rage Powder|p2a: Schmooner
|-singleturn|p2a: Schmooner|move: Rage Powder
|move|p1b: Basculegion|Last Respects|p2a: Schmooner
|-damage|p2a: Schmooner|0 fnt
|faint|p2a: Schmooner
|move|p2b: Arching|Electro Shot||[still]
|-prepare|p2b: Arching|Electro Shot
|-boost|p2b: Arching|spa|1
|-anim|p2b: Arching|Electro Shot|p1b: Basculegion
|-supereffective|p1b: Basculegion
|-damage|p1b: Basculegion|0 fnt
|faint|p1b: Basculegion
|move|p1a: Amoonguss|Pollen Puff|p2b: Arching
|-supereffective|p2b: Arching
|-damage|p2b: Arching|5/100
|-ability|p2b: Arching|Stamina|boost
|-boost|p2b: Arching|def|1
|
|-weather|none
|upkeep
|turn|6
|inactive|lilrainteamwahoo has 30 seconds left.
|inactive|lilrainteamwahoo has 20 seconds left.
|inactive|lilrainteamwahoo has 15 seconds left.
|
|t:|1757003062
|move|p2b: Arching|Flash Cannon|p1a: Amoonguss
|-damage|p1a: Amoonguss|0 fnt
|faint|p1a: Amoonguss
|
|win|lilrainteamwahoo
|raw|BardBard056's rating: 1095 → 1075(-20 for losing)
|raw|lilrainteamwahoo's rating: 1159 → 1179(+20 for winning)
|c|☆lilrainteamwahoo|gg
|l|☆BardBard056
|player|p1|
