|j|☆SandroSSB
|j|☆gunkqing
|html|SandroSSBgunkqing    
|uhtml|bestof|Game 2 of a best-of-3
|t:|1756324196
|gametype|doubles
|player|p1|SandroSSB|brycen|
|player|p2|gunkqing|striker|
|gen|9
|tier|[Gen 9] VGC 2025 Reg H (Bo3)
|rule|Species Clause: Limit one of each Pokémon
|rule|Item Clause: Limit 1 of each item
|clearpoke
|poke|p1|Dragapult, L50, M|
|poke|p1|Typhlosion-Hisui, L50, M|
|poke|p1|Whimsicott, L50, F|
|poke|p1|Electabuzz, L50, M|
|poke|p1|Flamigo, L50, M|
|poke|p1|Incineroar, L50, F|
|poke|p2|Charizard, L50, F|
|poke|p2|Jumpluff, L50, F|
|poke|p2|Torkoal, L50, F|
|poke|p2|Ursaluna, L50, M|
|poke|p2|Incineroar, L50, M|
|poke|p2|Duskull, L50, M|
|teampreview|4
|showteam|p1|Dragapult||ChoiceBand|ClearBody|DragonDarts,Outrage,PhantomForce,Uturn|||M|||50|,,,,,Dragon]Typhlosion-Hisui||ChoiceSpecs|Blaze|Eruption,HeatWave,Overheat,ShadowBall|||M|||50|,,,,,Fire]Whimsicott||CovertCloak|Prankster|Moonblast,Tailwind,SunnyDay,Encore|||F|||50|,,,,,Water]Electabuzz||Eviolite|VitalSpirit|FollowMe,Thunderbolt,Taunt,Protect|||M|||50|,,,,,Ghost]Flamigo||FocusSash|Scrappy|CloseCombat,BraveBird,Feint,Protect|||M|||50|,,,,,Ghost]Incineroar||AssaultVest|Intimidate|FakeOut,KnockOff,FlareBlitz,Uturn|||F|||50|,,,,,Grass
|showteam|p2|Charizard||ChoiceSpecs|SolarPower|HeatWave,Overheat,WeatherBall,DragonPulse|||F|||50|,,,,,Ghost]Jumpluff||CovertCloak|Chlorophyll|SleepPowder,Tailwind,RagePowder,SunnyDay|||F|||50|,,,,,Water]Torkoal||EjectPack|Drought|Overheat,Eruption,ClearSmog,Protect|||F|||50|,,,,,Fire]Ursaluna||FlameOrb|Guts|Facade,HeadlongRush,Earthquake,Protect|||M|||50|,,,,,Ghost]Incineroar||AssaultVest|Intimidate|FakeOut,FlareBlitz,KnockOff,Uturn|||M|||50|,,,,,Ghost]Duskull||Eviolite|Levitate|NightShade,TrickRoom,Taunt,PainSplit|||M|||50|,,,,,Steel
|inactive|Battle timer is ON: inactive players will automatically lose when time's up. (requested by gunkqing)
|inactive|SandroSSB has 60 seconds left.
|
|t:|1756324229
|teamsize|p1|4
|teamsize|p2|4
|start
|switch|p1a: Incineroar|Incineroar, L50, F|100/100
|switch|p1b: Typhlosion|Typhlosion-Hisui, L50, M|100/100
|switch|p2a: Jumpluff|Jumpluff, L50, F|100/100
|switch|p2b: Torkoal|Torkoal, L50, F, shiny|100/100
|-ability|p1a: Incineroar|Intimidate|boost
|-unboost|p2a: Jumpluff|atk|1
|-unboost|p2b: Torkoal|atk|1
|-weather|SunnyDay|[from] ability: Drought|[of] p2b: Torkoal
|-enditem|p2b: Torkoal|Eject Pack
|
|t:|1756324238
|switch|p2b: Charizard|Charizard, L50, F, shiny|100/100
|turn|1
|inactive|SandroSSB has 30 seconds left.
|inactive|gunkqing has 30 seconds left.
|inactive|SandroSSB has 20 seconds left.
|inactive|SandroSSB has 15 seconds left.
|inactive|SandroSSB has 10 seconds left.
|inactive|gunkqing has 20 seconds left.
|
|t:|1756324286
|-terastallize|p2b: Charizard|Ghost
|move|p2a: Jumpluff|Sleep Powder|p1a: Incineroar
|-status|p1a: Incineroar|slp|[from] move: Sleep Powder
|move|p2b: Charizard|Weather Ball|p1b: Typhlosion
|-resisted|p1b: Typhlosion
|-damage|p1b: Typhlosion|0 fnt
|faint|p1b: Typhlosion
|cant|p1a: Incineroar|slp
|
|-weather|SunnyDay|[upkeep]
|-damage|p2b: Charizard|88/100|[from] ability: Solar Power|[of] p2b: Charizard
|upkeep
|inactive|SandroSSB has 30 seconds left.
|inactive|SandroSSB has 20 seconds left.
|inactive|SandroSSB has 15 seconds left.
|
|t:|1756324328
|switch|p1b: Flamigo|Flamigo, L50, M|100/100
|turn|2
|
|t:|1756324343
|move|p1b: Flamigo|Protect|p1b: Flamigo
|-singleturn|p1b: Flamigo|Protect
|move|p2a: Jumpluff|Sleep Powder|p1b: Flamigo
|-activate|p1b: Flamigo|move: Protect
|move|p2b: Charizard|Weather Ball|p1b: Flamigo
|-activate|p1b: Flamigo|move: Protect
|cant|p1a: Incineroar|slp
|
|-weather|SunnyDay|[upkeep]
|-damage|p2b: Charizard|76/100|[from] ability: Solar Power|[of] p2b: Charizard
|upkeep
|turn|3
|
|t:|1756324366
|move|p2a: Jumpluff|Tailwind|p2a: Jumpluff
|-sidestart|p2: gunkqing|move: Tailwind
|move|p2b: Charizard|Weather Ball|p1b: Flamigo
|-enditem|p1b: Flamigo|Focus Sash
|-damage|p1b: Flamigo|1/100
|move|p1b: Flamigo|Brave Bird|p2a: Jumpluff
|-supereffective|p2a: Jumpluff
|-damage|p2a: Jumpluff|0 fnt
|faint|p2a: Jumpluff
|-damage|p1b: Flamigo|0 fnt|[from] Recoil
|faint|p1b: Flamigo
|-curestatus|p1a: Incineroar|slp|[msg]
|move|p1a: Incineroar|Knock Off|p2b: Charizard
|-supereffective|p2b: Charizard
|-damage|p2b: Charizard|0 fnt
|-enditem|p2b: Charizard|Choice Specs|[from] move: Knock Off|[of] p1a: Incineroar
|faint|p2b: Charizard
|
|-weather|SunnyDay|[upkeep]
|upkeep
|
|t:|1756324384
|switch|p2a: Torkoal|Torkoal, L50, F, shiny|100/100
|switch|p2b: Ursaluna|Ursaluna, L50, M, shiny|100/100
|switch|p1b: Dragapult|Dragapult, L50, M|100/100
|turn|4
|inactive|SandroSSB has 30 seconds left.
|inactive|gunkqing has 30 seconds left.
|inactive|SandroSSB has 20 seconds left.
|inactive|SandroSSB has 15 seconds left.
|inactive|SandroSSB has 10 seconds left.
|
|t:|1756324432
|-terastallize|p1a: Incineroar|Grass
|move|p2b: Ursaluna|Protect|p2b: Ursaluna
|-singleturn|p2b: Ursaluna|Protect
|move|p1b: Dragapult|Dragon Darts|p2a: Torkoal
|-damage|p2a: Torkoal|72/100
|-anim|p1b: Dragapult|Dragon Darts|p2a: Torkoal
|-damage|p2a: Torkoal|39/100
|move|p1a: Incineroar|Knock Off|p2a: Torkoal
|-damage|p2a: Torkoal|13/100
|move|p2a: Torkoal|Overheat|p1b: Dragapult
|-resisted|p1b: Dragapult
|-damage|p1b: Dragapult|42/100
|-unboost|p2a: Torkoal|spa|2
|
|-weather|SunnyDay|[upkeep]
|-status|p2b: Ursaluna|brn|[from] item: Flame Orb
|upkeep
|turn|5
|inactive|gunkqing has 30 seconds left.
|inactive|gunkqing has 20 seconds left.
|inactive|gunkqing has 15 seconds left.
|inactive|gunkqing has 10 seconds left.
|inactive|gunkqing has 5 seconds left.
|
|t:|1756324482
|move|p2a: Torkoal|Protect|p2a: Torkoal
|-singleturn|p2a: Torkoal|Protect
|move|p1b: Dragapult|Dragon Darts|p2b: Ursaluna
|-crit|p2b: Ursaluna
|-damage|p2b: Ursaluna|52/100 brn
|-anim|p1b: Dragapult|Dragon Darts|p2b: Ursaluna
|-crit|p2b: Ursaluna
|-damage|p2b: Ursaluna|6/100 brn
|move|p2b: Ursaluna|Earthquake|p1a: Incineroar|[spread] p1a,p1b
|-activate|p2a: Torkoal|move: Protect
|-resisted|p1a: Incineroar
|-damage|p1a: Incineroar|73/100
|-damage|p1b: Dragapult|0 fnt
|faint|p1b: Dragapult
|move|p1a: Incineroar|Flare Blitz|p2b: Ursaluna
|-damage|p2b: Ursaluna|0 fnt
|faint|p2b: Ursaluna
|-damage|p1a: Incineroar|71/100|[from] Recoil
|
|-weather|none
|upkeep
|turn|6
|inactive|SandroSSB has 30 seconds left.
|
|t:|1756324514
|move|p1a: Incineroar|Knock Off|p2a: Torkoal
|-damage|p2a: Torkoal|0 fnt
|faint|p2a: Torkoal
|
|win|SandroSSB
|c|☆gunkqing|ggs
|c|☆SandroSSB|ggs
