|j|☆luiz red
|j|☆mathgamer2011mfm
|html|luiz redmathgamer2011mfm    
|uhtml|bestof|Game 2 of a best-of-3
|t:|1756932976
|gametype|doubles
|player|p1|luiz red|veteran|
|player|p2|mathgamer2011mfm|pokemonranger|
|gen|9
|tier|[Gen 9] VGC 2025 Reg H (Bo3)
|rule|Species Clause: Limit one of each Pokémon
|rule|Item Clause: Limit 1 of each item
|clearpoke
|poke|p1|Incineroar, L50, M|
|poke|p1|Archaludon, L50, M|
|poke|p1|Pelipper, L50, M|
|poke|p1|Primarina, L50, F|
|poke|p1|Dragapult, L50, F|
|poke|p1|Amoonguss, L50, M|
|poke|p2|Ninetales-Alola, L50, M|
|poke|p2|Sneasler, L50, M|
|poke|p2|Rillaboom, L50, M|
|poke|p2|Dragonite, L50, M|
|poke|p2|Incineroar, L50, F|
|poke|p2|Ursaluna, L50, F|
|teampreview|4
|showteam|p1|Incineroar||SafetyGoggles|Intimidate|PartingShot,KnockOff,FlareBlitz,FakeOut|||M|||50|,,,,,Ghost]Archaludon||AssaultVest|Stamina|BodyPress,ElectroShot,FlashCannon,DragonPulse|||M|||50|,,,,,Flying]Pelipper||SitrusBerry|Drizzle|Tailwind,HelpingHand,Hurricane,WeatherBall|||M|||50|,,,,,Steel]Primarina||Leftovers|LiquidVoice|HyperVoice,Moonblast,CalmMind,Protect|||F|||50|,,,,,Poison]Dragapult||ChoiceBand|ClearBody|DragonDarts,SuckerPunch,Uturn,PhantomForce|||F|||50|,,,,,Dragon]Amoonguss||RockyHelmet|Regenerator|ClearSmog,Spore,RagePowder,PollenPuff|||M|||50|,,,,,Dark
|showteam|p2|Ninetales-Alola||ChoiceSpecs|SnowWarning|Moonblast,AuroraVeil,FreezeDry,Blizzard|||M|||50|,,,,,Ice]Sneasler||FocusSash|PoisonTouch|DireClaw,CloseCombat,FakeOut,Protect|||M|||50|,,,,,Stellar]Rillaboom||AssaultVest|GrassySurge|WoodHammer,GrassyGlide,FakeOut,HighHorsepower|||M|||50|,,,,,Fire]Dragonite||LoadedDice|Multiscale|ScaleShot,Protect,ExtremeSpeed,Tailwind|||M|||50|,,,,,Fairy]Incineroar||SafetyGoggles|Intimidate|FakeOut,KnockOff,FlareBlitz,PartingShot|||F|||50|,,,,,Ghost]Ursaluna||FlameOrb|Guts|HeadlongRush,Facade,Protect,Earthquake|||F|||50|,,,,,Ground
|
|t:|1756933010
|teamsize|p1|4
|teamsize|p2|4
|start
|switch|p1a: Fernandão|Incineroar, L50, M, shiny|100/100
|switch|p1b: Archaludon|Archaludon, L50, M|100/100
|switch|p2a: Sneasler|Sneasler, L50, M|100/100
|switch|p2b: Ursaluna|Ursaluna, L50, F|100/100
|-ability|p1a: Fernandão|Intimidate|boost
|-unboost|p2a: Sneasler|atk|1
|-unboost|p2b: Ursaluna|atk|1
|turn|1
|
|t:|1756933042
|move|p2a: Sneasler|Fake Out|p1a: Fernandão
|-damage|p1a: Fernandão|91/100
|-status|p1a: Fernandão|psn|[from] ability: Poison Touch|[of] p2a: Sneasler
|cant|p1a: Fernandão|flinch
|move|p1b: Archaludon|Body Press|p2b: Ursaluna
|-supereffective|p2b: Ursaluna
|-damage|p2b: Ursaluna|53/100
|move|p2b: Ursaluna|Earthquake|p1b: Archaludon|[spread] p2a,p1a,p1b
|-supereffective|p2a: Sneasler
|-supereffective|p1a: Fernandão
|-supereffective|p1b: Archaludon
|-enditem|p2a: Sneasler|Focus Sash
|-damage|p2a: Sneasler|1/100
|-damage|p1a: Fernandão|29/100 psn
|-damage|p1b: Archaludon|60/100
|-ability|p1b: Archaludon|Stamina|boost
|-boost|p1b: Archaludon|def|1
|
|-damage|p1a: Fernandão|16/100 psn|[from] psn
|-status|p2b: Ursaluna|brn|[from] item: Flame Orb
|upkeep
|turn|2
|
|t:|1756933090
|switch|p1a: Pelipper|Pelipper, L50, M|100/100
|-weather|RainDance|[from] ability: Drizzle|[of] p1a: Pelipper
|-terastallize|p1b: Archaludon|Flying
|move|p2a: Sneasler|Protect|p2a: Sneasler
|-singleturn|p2a: Sneasler|Protect
|move|p1b: Archaludon|Body Press|p2b: Ursaluna
|-supereffective|p2b: Ursaluna
|-damage|p2b: Ursaluna|0 fnt
|faint|p2b: Ursaluna
|
|-weather|RainDance|[upkeep]
|upkeep
|
|t:|1756933102
|switch|p2b: Dragonite|Dragonite, L50, M|100/100
|turn|3
|
|t:|1756933121
|move|p2b: Dragonite|Extreme Speed|p1b: Archaludon
|-damage|p1b: Archaludon|45/100
|-ability|p1b: Archaludon|Stamina|boost
|-boost|p1b: Archaludon|def|1
|move|p2a: Sneasler|Dire Claw|p1a: Pelipper
|-damage|p1a: Pelipper|76/100
|-status|p1a: Pelipper|psn|[from] ability: Poison Touch|[of] p2a: Sneasler
|move|p1b: Archaludon|Electro Shot||[still]
|-prepare|p1b: Archaludon|Electro Shot
|-boost|p1b: Archaludon|spa|1
|-anim|p1b: Archaludon|Electro Shot|p2a: Sneasler
|-damage|p2a: Sneasler|0 fnt
|faint|p2a: Sneasler
|move|p1a: Pelipper|Tailwind|p1a: Pelipper
|-sidestart|p1: luiz red|move: Tailwind
|
|-weather|RainDance|[upkeep]
|-damage|p1a: Pelipper|64/100 psn|[from] psn
|upkeep
|
|t:|1756933138
|switch|p2a: Rillaboom|Rillaboom, L50, M, shiny|100/100
|-fieldstart|move: Grassy Terrain|[from] ability: Grassy Surge|[of] p2a: Rillaboom
|turn|4
|
|t:|1756933163
|move|p2a: Rillaboom|Fake Out|p1b: Archaludon
|-damage|p1b: Archaludon|40/100
|-ability|p1b: Archaludon|Stamina|boost
|-boost|p1b: Archaludon|def|1
|cant|p1b: Archaludon|flinch
|move|p1a: Pelipper|Hurricane|p2a: Rillaboom
|-supereffective|p2a: Rillaboom
|-damage|p2a: Rillaboom|48/100
|-start|p2a: Rillaboom|confusion
|move|p2b: Dragonite|Scale Shot|p1a: Pelipper
|-damage|p1a: Pelipper|49/100 psn
|-enditem|p1a: Pelipper|Sitrus Berry|[eat]
|-heal|p1a: Pelipper|74/100 psn|[from] item: Sitrus Berry
|-damage|p1a: Pelipper|60/100 psn
|-damage|p1a: Pelipper|44/100 psn
|-damage|p1a: Pelipper|31/100 psn
|-damage|p1a: Pelipper|16/100 psn
|-hitcount|p1a: Pelipper|5
|-unboost|p2b: Dragonite|def|1
|-boost|p2b: Dragonite|spe|1
|
|-weather|RainDance|[upkeep]
|-heal|p2a: Rillaboom|54/100|[from] Grassy Terrain
|-damage|p1a: Pelipper|4/100 psn|[from] psn
|upkeep
|turn|5
|
|t:|1756933195
|switch|p1a: Fernandão|Incineroar, L50, M, shiny|16/100 psn
|-ability|p1a: Fernandão|Intimidate|boost
|-unboost|p2a: Rillaboom|atk|1
|-unboost|p2b: Dragonite|atk|1
|move|p2b: Dragonite|Protect|p2b: Dragonite
|-singleturn|p2b: Dragonite|Protect
|move|p1b: Archaludon|Dragon Pulse|p2b: Dragonite
|-activate|p2b: Dragonite|move: Protect
|-activate|p2a: Rillaboom|confusion
|-damage|p2a: Rillaboom|44/100|[from] confusion
|
|-weather|RainDance|[upkeep]
|-heal|p1a: Fernandão|22/100 psn|[from] Grassy Terrain
|-heal|p2a: Rillaboom|50/100|[from] Grassy Terrain
|-damage|p1a: Fernandão|10/100 psn|[from] psn
|upkeep
|turn|6
|
|t:|1756933227
|switch|p1a: Pelipper|Pelipper, L50, M|4/100 psn
|move|p2b: Dragonite|Extreme Speed|p1b: Archaludon
|-damage|p1b: Archaludon|35/100
|-ability|p1b: Archaludon|Stamina|boost
|-boost|p1b: Archaludon|def|1
|-activate|p2a: Rillaboom|confusion
|-damage|p2a: Rillaboom|42/100|[from] confusion
|move|p1b: Archaludon|Body Press|p2a: Rillaboom
|-damage|p2a: Rillaboom|0 fnt
|faint|p2a: Rillaboom
|
|-weather|none
|-damage|p1a: Pelipper|0 fnt|[from] psn
|faint|p1a: Pelipper
|-sideend|p1: luiz red|move: Tailwind
|upkeep
|
|t:|1756933245
|switch|p1a: Fernandão|Incineroar, L50, M, shiny|10/100 psn
|-ability|p1a: Fernandão|Intimidate|boost
|-unboost|p2b: Dragonite|atk|1
|turn|7
|
|t:|1756933260
|switch|p1a: Renata Fan|Primarina, L50, F, shiny|100/100
|move|p2b: Dragonite|Protect|p2b: Dragonite
|-singleturn|p2b: Dragonite|Protect
|move|p1b: Archaludon|Dragon Pulse|p2b: Dragonite
|-activate|p2b: Dragonite|move: Protect
|
|upkeep
|turn|8
|
|t:|1756933277
|-terastallize|p2b: Dragonite|Fairy
|move|p2b: Dragonite|Extreme Speed|p1a: Renata Fan
|-crit|p1a: Renata Fan
|-damage|p1a: Renata Fan|55/100
|move|p1b: Archaludon|Flash Cannon|p2b: Dragonite
|-supereffective|p2b: Dragonite
|-damage|p2b: Dragonite|39/100
|move|p1a: Renata Fan|Moonblast|p2b: Dragonite
|-damage|p2b: Dragonite|0 fnt
|faint|p2b: Dragonite
|
|win|luiz red
