|j|☆dollartreehero
|j|☆rowlet pesetero
|html|dollartreeherorowlet pesetero    
|uhtml|bestof|Game 3 of a best-of-3
|t:|1755959593
|gametype|doubles
|player|p1|dollartreehero|bugcatcher-gen4dp|1173
|player|p2|rowlet pesetero|cheren-gen5bw2|1239
|gen|9
|tier|[Gen 9] VGC 2025 Reg H (Bo3)
|rated|
|rule|Species Clause: Limit one of each Pokémon
|rule|Item Clause: Limit 1 of each item
|clearpoke
|poke|p1|Tyranitar, L50, F|
|poke|p1|Excadrill, L50, F|
|poke|p1|Houndstone, L50, F|
|poke|p1|Milotic, L50, M|
|poke|p1|Amoonguss, L50, M|
|poke|p1|Volcarona, L50, F|
|poke|p2|Sneasler, L50, M|
|poke|p2|Indeedee, L50, M|
|poke|p2|Volcarona, L50, M|
|poke|p2|Ursaluna-Bloodmoon, L50, M|
|poke|p2|Annihilape, L50, M|
|poke|p2|Tyranitar, L50, F|
|teampreview|4
|showteam|p1|Tyranitar||AssaultVest|SandStream|KnockOff,RockSlide,TeraBlast,LowKick|||F|||50|,,,,,Flying]Excadrill||FocusSash|SandRush|HighHorsepower,IronHead,Protect,Earthquake|||F|||50|,,,,,Fire]Houndstone||LifeOrb|SandRush|LastRespects,ShadowSneak,BodyPress,Protect|||F|||50|,,,,,Normal]Milotic||SitrusBerry|Competitive|Scald,IcyWind,Protect,Haze|||M|||50|,,,,,Poison]Amoonguss||RockyHelmet|Regenerator|RagePowder,Spore,PollenPuff,SludgeBomb|||M|||50|,,,,,Water]Volcarona||Leftovers|FlameBody|QuiverDance,HeatWave,GigaDrain,Protect|||F|||50|,,,,,Grass
|showteam|p2|Sneasler||PsychicSeed|Unburden|CloseCombat,DireClaw,ThroatChop,Protect|||M|||50|,,,,,Dark]Indeedee||ChoiceScarf|PsychicSurge|ExpandingForce,TeraBlast,Trick,Protect|||M|||50|,,,,,Psychic]Volcarona||SitrusBerry|FlameBody|Overheat,StruggleBug,RagePowder,Tailwind|||M|||50|,,,,,Grass]Ursaluna-Bloodmoon||LifeOrb|MindsEye|BloodMoon,HyperVoice,EarthPower,Protect|||M|||50|,,,,,Normal]Annihilape||SafetyGoggles|Defiant|CloseCombat,Taunt,RageFist,FinalGambit|||M|||50|,,,,,Fairy]Tyranitar||AssaultVest|SandStream|RockSlide,KnockOff,LowKick,TeraBlast|||F|||50|,,,,,Flying
|inactive|Battle timer is ON: inactive players will automatically lose when time's up. (requested by dollartreehero)
|
|t:|1755959623
|teamsize|p1|4
|teamsize|p2|4
|start
|switch|p1a: Milotic|Milotic, L50, M|100/100
|switch|p1b: Tyranitar|Tyranitar, L50, F|100/100
|switch|p2a: Volcarona|Volcarona, L50, M|100/100
|switch|p2b: Ursaluna|Ursaluna-Bloodmoon, L50, M|100/100
|-weather|Sandstorm|[from] ability: Sand Stream|[of] p1b: Tyranitar
|turn|1
|
|t:|1755959643
|-terastallize|p2a: Volcarona|Grass
|-terastallize|p1b: Tyranitar|Flying
|move|p2b: Ursaluna|Protect|p2b: Ursaluna
|-singleturn|p2b: Ursaluna|Protect
|move|p2a: Volcarona|Tailwind|p2a: Volcarona
|-sidestart|p2: rowlet pesetero|move: Tailwind
|move|p1a: Milotic|Icy Wind|p2b: Ursaluna|[spread] p2a
|-activate|p2b: Ursaluna|move: Protect
|-supereffective|p2a: Volcarona
|-damage|p2a: Volcarona|80/100
|-unboost|p2a: Volcarona|spe|1
|move|p1b: Tyranitar|Rock Slide|p2a: Volcarona|[spread] p2a
|-activate|p2b: Ursaluna|move: Protect
|-damage|p2a: Volcarona|42/100
|-enditem|p2a: Volcarona|Sitrus Berry|[eat]
|-heal|p2a: Volcarona|67/100|[from] item: Sitrus Berry
|
|-weather|Sandstorm|[upkeep]
|-damage|p2a: Volcarona|61/100|[from] Sandstorm
|-damage|p1a: Milotic|95/100|[from] Sandstorm
|-damage|p1b: Tyranitar|94/100|[from] Sandstorm
|upkeep
|turn|2
|
|t:|1755959662
|move|p2a: Volcarona|Overheat|p1b: Tyranitar|[miss]
|-miss|p2a: Volcarona|p1b: Tyranitar
|move|p2b: Ursaluna|Hyper Voice|p1a: Milotic|[spread] p1a,p1b
|-crit|p1b: Tyranitar
|-damage|p1a: Milotic|57/100
|-damage|p1b: Tyranitar|46/100
|-damage|p2b: Ursaluna|91/100|[from] item: Life Orb
|move|p1a: Milotic|Icy Wind|p2b: Ursaluna|[spread] p2a,p2b
|-supereffective|p2a: Volcarona
|-supereffective|p2b: Ursaluna
|-damage|p2a: Volcarona|38/100
|-damage|p2b: Ursaluna|63/100
|-unboost|p2a: Volcarona|spe|1
|-unboost|p2b: Ursaluna|spe|1
|move|p1b: Tyranitar|Low Kick|p2b: Ursaluna
|-supereffective|p2b: Ursaluna
|-damage|p2b: Ursaluna|0 fnt
|faint|p2b: Ursaluna
|
|-weather|Sandstorm|[upkeep]
|-damage|p2a: Volcarona|32/100|[from] Sandstorm
|-damage|p1a: Milotic|51/100|[from] Sandstorm
|-damage|p1b: Tyranitar|40/100|[from] Sandstorm
|upkeep
|
|t:|1755959667
|switch|p2b: Indeedee|Indeedee, L50, M|100/100
|-fieldstart|move: Psychic Terrain|[from] ability: Psychic Surge|[of] p2b: Indeedee
|turn|3
|
|t:|1755959689
|switch|p2a: Sneasler|Sneasler, L50, M|100/100
|-enditem|p2a: Sneasler|Psychic Seed
|-boost|p2a: Sneasler|spd|1|[from] item: Psychic Seed
|move|p1a: Milotic|Protect|p1a: Milotic
|-singleturn|p1a: Milotic|Protect
|move|p2b: Indeedee|Expanding Force|p1a: Milotic|[spread] p1b
|-activate|p1a: Milotic|move: Protect
|-damage|p1b: Tyranitar|8/100
|move|p1b: Tyranitar|Knock Off|p2b: Indeedee
|-supereffective|p2b: Indeedee
|-damage|p2b: Indeedee|0 fnt
|-enditem|p2b: Indeedee|Choice Scarf|[from] move: Knock Off|[of] p1b: Tyranitar
|faint|p2b: Indeedee
|
|-weather|Sandstorm|[upkeep]
|-damage|p2a: Sneasler|95/100|[from] Sandstorm
|-damage|p1a: Milotic|46/100|[from] Sandstorm
|-damage|p1b: Tyranitar|2/100|[from] Sandstorm
|-enditem|p1a: Milotic|Sitrus Berry|[eat]
|-heal|p1a: Milotic|70/100|[from] item: Sitrus Berry
|upkeep
|
|t:|1755959696
|switch|p2b: Volcarona|Volcarona, L50, M, tera:Grass|32/100
|turn|4
|
|t:|1755959710
|switch|p1a: Volcarona|Volcarona, L50, F|100/100
|switch|p1b: Excadrill|Excadrill, L50, F|100/100
|move|p2a: Sneasler|Dire Claw|p1a: Volcarona
|-damage|p1a: Volcarona|51/100
|-status|p1a: Volcarona|slp
|move|p2b: Volcarona|Struggle Bug|p1b: Excadrill|[spread] p1a,p1b
|-resisted|p1a: Volcarona
|-resisted|p1b: Excadrill
|-damage|p1a: Volcarona|44/100 slp
|-damage|p1b: Excadrill|88/100
|-unboost|p1a: Volcarona|spa|1
|-unboost|p1b: Excadrill|spa|1
|
|-weather|Sandstorm|[upkeep]
|-damage|p2a: Sneasler|89/100|[from] Sandstorm
|-damage|p2b: Volcarona|25/100|[from] Sandstorm
|-damage|p1a: Volcarona|38/100 slp|[from] Sandstorm
|-heal|p1a: Volcarona|44/100 slp|[from] item: Leftovers
|-sideend|p2: rowlet pesetero|move: Tailwind
|upkeep
|turn|5
|
|t:|1755959731
|move|p2a: Sneasler|Close Combat|p1b: Excadrill
|-supereffective|p1b: Excadrill
|-damage|p1b: Excadrill|0 fnt
|-unboost|p2a: Sneasler|def|1
|-unboost|p2a: Sneasler|spd|1
|faint|p1b: Excadrill
|move|p2b: Volcarona|Tailwind|p2b: Volcarona
|-sidestart|p2: rowlet pesetero|move: Tailwind
|cant|p1a: Volcarona|slp
|
|-weather|none
|-heal|p1a: Volcarona|50/100 slp|[from] item: Leftovers
|upkeep
|
|t:|1755959736
|switch|p1b: Milotic|Milotic, L50, M|70/100
|turn|6
|
|t:|1755959747
|move|p2a: Sneasler|Close Combat|p1b: Milotic
|-damage|p1b: Milotic|8/100
|-unboost|p2a: Sneasler|def|1
|-unboost|p2a: Sneasler|spd|1
|move|p2b: Volcarona|Overheat|p1a: Volcarona
|-damage|p1a: Volcarona|0 fnt
|-unboost|p2b: Volcarona|spa|2
|faint|p1a: Volcarona
|move|p1b: Milotic|Icy Wind|p2a: Sneasler|[spread] p2a,p2b
|-supereffective|p2b: Volcarona
|-damage|p2a: Sneasler|64/100
|-damage|p2b: Volcarona|1/100
|-unboost|p2a: Sneasler|spe|1
|-unboost|p2b: Volcarona|spe|1
|
|upkeep
|
|t:|1755959759
|switch|p1a: Tyranitar|Tyranitar, L50, F, tera:Flying|2/100
|-weather|Sandstorm|[from] ability: Sand Stream|[of] p1a: Tyranitar
|turn|7
|
|t:|1755959779
|move|p2a: Sneasler|Dire Claw|p1b: Milotic
|-damage|p1b: Milotic|0 fnt
|faint|p1b: Milotic
|move|p2b: Volcarona|Struggle Bug|p1a: Tyranitar
|-resisted|p1a: Tyranitar
|-damage|p1a: Tyranitar|0 fnt
|faint|p1a: Tyranitar
|
|win|rowlet pesetero
|raw|dollartreehero's rating: 1173 → 1153(-20 for losing)
|raw|rowlet pesetero's rating: 1239 → 1259(+20 for winning)
