|j|☆ShadowJeffX
|j|☆newplayerplshelp
|html|ShadowJeffXnewplayerplshelp    
|uhtml|bestof|Game 3 of a best-of-3
|t:|1757808873
|gametype|doubles
|player|p1|ShadowJeffX|ethan|1138
|player|p2|newplayerplshelp|2|1077
|gen|9
|tier|[Gen 9] VGC 2025 Reg H (Bo3)
|rated|
|rule|Species Clause: Limit one of each Pokémon
|rule|Item Clause: Limit 1 of each item
|clearpoke
|poke|p1|Gholdengo, L50|
|poke|p1|Incineroar, L50, F|
|poke|p1|Dragonite, L50, F|
|poke|p1|Amoonguss, L50, M|
|poke|p1|Maushold, L50|
|poke|p1|Annihilape, L50, M|
|poke|p2|Gholdengo, L50|
|poke|p2|Sneasler, L50, M|
|poke|p2|Rillaboom, L50, M|
|poke|p2|Dragonite, L50, M|
|poke|p2|Ninetales-Alola, L50, F|
|poke|p2|Arcanine-Hisui, L50, M|
|teampreview|4
|showteam|p1|Gholdengo||LifeOrb|GoodasGold|MakeItRain,ShadowBall,Protect,NastyPlot||||||50|,,,,,Water]Incineroar||SitrusBerry|Intimidate|FakeOut,PartingShot,FlareBlitz,KnockOff|||F|||50|,,,,,Grass]Dragonite||LoadedDice|Multiscale|Protect,ScaleShot,Tailwind,Haze|||F|||50|,,,,,Fairy]Amoonguss||RockyHelmet|Regenerator|Spore,PollenPuff,Protect,RagePowder|||M|||50|,,,,,Water]Maushold||FocusSash|FriendGuard|BeatUp,Taunt,FollowMe,Protect||||||50|,,,,,Ghost]Annihilape||Leftovers|Defiant|DrainPunch,RageFist,BulkUp,Protect|||M|||50|,,,,,Water
|showteam|p2|Gholdengo||GrassySeed|GoodasGold|NastyPlot,MakeItRain,ShadowBall,Protect||||||50|,,,,,Water]Sneasler||WhiteHerb|Unburden|CloseCombat,DireClaw,Coaching,Protect|||M|||50|,,,,,Ghost]Rillaboom||AssaultVest|GrassySurge|FakeOut,GrassyGlide,DrumBeating,HighHorsepower|||M|||50|,,,,,Fire]Dragonite||LoadedDice|Multiscale|ScaleShot,StompingTantrum,Tailwind,Protect|||M|||50|,,,,,Ground]Ninetales-Alola||FocusSash|SnowWarning|Blizzard,IcyWind,Encore,AuroraVeil|||F|||50|,,,,,Ghost]Arcanine-Hisui||ClearAmulet|Intimidate|RockSlide,FlareBlitz,ExtremeSpeed,Protect|||M|||50|,,,,,Water
|
|t:|1757808886
|teamsize|p1|4
|teamsize|p2|4
|start
|switch|p1a: Incineroar|Incineroar, L50, F|100/100
|switch|p1b: Gholdengo|Gholdengo, L50, shiny|100/100
|switch|p2a: Gholdengo|Gholdengo, L50|100/100
|switch|p2b: Rillaboom|Rillaboom, L50, M|100/100
|-fieldstart|move: Grassy Terrain|[from] ability: Grassy Surge|[of] p2b: Rillaboom
|-enditem|p2a: Gholdengo|Grassy Seed
|-boost|p2a: Gholdengo|def|1|[from] item: Grassy Seed
|-ability|p1a: Incineroar|Intimidate|boost
|-unboost|p2a: Gholdengo|atk|1
|-unboost|p2b: Rillaboom|atk|1
|turn|1
|
|t:|1757808925
|switch|p1a: Dragonite|Dragonite, L50, F|100/100
|move|p1b: Gholdengo|Protect|p1b: Gholdengo
|-singleturn|p1b: Gholdengo|Protect
|move|p2a: Gholdengo|Protect|p2a: Gholdengo
|-singleturn|p2a: Gholdengo|Protect
|move|p2b: Rillaboom|Fake Out|p1a: Dragonite
|-damage|p1a: Dragonite|96/100
|
|upkeep
|turn|2
|
|t:|1757808950
|switch|p1b: Incineroar|Incineroar, L50, F|100/100
|-ability|p1b: Incineroar|Intimidate|boost
|-unboost|p2a: Gholdengo|atk|1
|-unboost|p2b: Rillaboom|atk|1
|move|p2b: Rillaboom|Drum Beating|p1b: Incineroar
|-resisted|p1b: Incineroar
|-damage|p1b: Incineroar|90/100
|-unboost|p1b: Incineroar|spe|1
|move|p2a: Gholdengo|Shadow Ball|p1b: Incineroar
|-resisted|p1b: Incineroar
|-damage|p1b: Incineroar|69/100
|move|p1a: Dragonite|Tailwind|p1a: Dragonite
|-sidestart|p1: ShadowJeffX|move: Tailwind
|
|-heal|p1b: Incineroar|75/100|[from] Grassy Terrain
|upkeep
|turn|3
|j| lonely1gone
|
|t:|1757808984
|switch|p2b: Ninetales|Ninetales-Alola, L50, F|100/100
|-weather|Snowscape|[from] ability: Snow Warning|[of] p2b: Ninetales
|-terastallize|p2a: Gholdengo|Water
|move|p1a: Dragonite|Scale Shot|p2b: Ninetales
|-immune|p2b: Ninetales
|move|p1b: Incineroar|Knock Off|p2a: Gholdengo
|-damage|p2a: Gholdengo|83/100
|move|p2a: Gholdengo|Make It Rain|p1a: Dragonite|[spread] p1a,p1b
|-resisted|p1b: Incineroar
|-damage|p1a: Dragonite|48/100
|-damage|p1b: Incineroar|52/100
|-unboost|p2a: Gholdengo|spa|1
|
|-weather|Snowscape|[upkeep]
|-heal|p1b: Incineroar|58/100|[from] Grassy Terrain
|-heal|p2a: Gholdengo|90/100|[from] Grassy Terrain
|upkeep
|turn|4
|
|t:|1757809014
|switch|p1a: Gholdengo|Gholdengo, L50, shiny|100/100
|move|p2b: Ninetales|Aurora Veil|p2b: Ninetales
|-sidestart|p2: newplayerplshelp|move: Aurora Veil
|move|p1b: Incineroar|Parting Shot|p2b: Ninetales
|-unboost|p2b: Ninetales|atk|1
|-unboost|p2b: Ninetales|spa|1
|
|t:|1757809022
|switch|p1b: Annihilape|Annihilape, L50, M|100/100|[from] Parting Shot
|move|p2a: Gholdengo|Make It Rain|p1b: Annihilape|[spread] p1a,p1b
|-resisted|p1a: Gholdengo
|-damage|p1a: Gholdengo|83/100
|-damage|p1b: Annihilape|76/100
|-unboost|p2a: Gholdengo|spa|1
|
|-weather|Snowscape|[upkeep]
|-heal|p1a: Gholdengo|90/100|[from] Grassy Terrain
|-heal|p1b: Annihilape|82/100|[from] Grassy Terrain
|-heal|p1b: Annihilape|88/100|[from] item: Leftovers
|-heal|p2a: Gholdengo|96/100|[from] Grassy Terrain
|upkeep
|turn|5
|
|t:|1757809075
|switch|p2a: Rillaboom|Rillaboom, L50, M|100/100
|move|p1a: Gholdengo|Make It Rain|p2b: Ninetales|[spread] p2a,p2b
|-supereffective|p2b: Ninetales
|-damage|p2a: Rillaboom|68/100
|-enditem|p2b: Ninetales|Focus Sash
|-damage|p2b: Ninetales|1/100
|-unboost|p1a: Gholdengo|spa|1
|-damage|p1a: Gholdengo|80/100|[from] item: Life Orb
|move|p1b: Annihilape|Rage Fist|p2a: Rillaboom
|-crit|p2a: Rillaboom
|-damage|p2a: Rillaboom|0 fnt
|faint|p2a: Rillaboom
|move|p2b: Ninetales|Blizzard|p1b: Annihilape|[spread] p1a,p1b
|-resisted|p1a: Gholdengo
|-damage|p1a: Gholdengo|68/100
|-damage|p1b: Annihilape|71/100
|
|-weather|Snowscape|[upkeep]
|-heal|p1a: Gholdengo|74/100|[from] Grassy Terrain
|-heal|p1b: Annihilape|77/100|[from] Grassy Terrain
|-heal|p1b: Annihilape|83/100|[from] item: Leftovers
|-heal|p2b: Ninetales|7/100|[from] Grassy Terrain
|-sideend|p1: ShadowJeffX|move: Tailwind
|-fieldend|move: Grassy Terrain
|upkeep
|
|t:|1757809098
|switch|p2a: Dragonite|Dragonite, L50, M|100/100
|turn|6
|inactive|Battle timer is ON: inactive players will automatically lose when time's up. (requested by newplayerplshelp)
|
|t:|1757809147
|switch|p1a: Incineroar|Incineroar, L50, F|58/100
|-ability|p1a: Incineroar|Intimidate|boost
|-unboost|p2a: Dragonite|atk|1
|-unboost|p2b: Ninetales|atk|1
|move|p2b: Ninetales|Blizzard|p1a: Incineroar|[spread] p1a,p1b
|-resisted|p1a: Incineroar
|-damage|p1a: Incineroar|48/100
|-damage|p1b: Annihilape|64/100
|-enditem|p1a: Incineroar|Sitrus Berry|[eat]
|-heal|p1a: Incineroar|73/100|[from] item: Sitrus Berry
|move|p1b: Annihilape|Bulk Up|p1b: Annihilape
|-boost|p1b: Annihilape|atk|1
|-boost|p1b: Annihilape|def|1
|move|p2a: Dragonite|Tailwind|p2a: Dragonite
|-sidestart|p2: newplayerplshelp|move: Tailwind
|
|-weather|Snowscape|[upkeep]
|-heal|p1b: Annihilape|70/100|[from] item: Leftovers
|upkeep
|turn|7
|
|t:|1757809171
|switch|p2a: Gholdengo|Gholdengo, L50, tera:Water|96/100
|move|p1a: Incineroar|Fake Out|p2b: Ninetales
|-damage|p2b: Ninetales|0 fnt
|faint|p2b: Ninetales
|move|p1b: Annihilape|Rage Fist|p2a: Gholdengo
|-crit|p2a: Gholdengo
|-damage|p2a: Gholdengo|0 fnt
|faint|p2a: Gholdengo
|
|-weather|none
|-heal|p1b: Annihilape|76/100|[from] item: Leftovers
|upkeep
|c|☆newplayerplshelp|lmfao
|c|☆newplayerplshelp|fuck this rng ass game
|l|☆newplayerplshelp
|inactive|newplayerplshelp disconnected and has a minute to reconnect!
|player|p2|
|l| lonely1gone
|inactive|newplayerplshelp has 30 seconds left.
|inactive|newplayerplshelp has 20 seconds left.
|inactive|newplayerplshelp has 15 seconds left.
|inactive|newplayerplshelp has 10 seconds left.
|inactive|newplayerplshelp has 5 seconds left.
|c|☆ShadowJeffX|lol
|-message|newplayerplshelp lost due to inactivity.
|
|win|ShadowJeffX
|raw|ShadowJeffX's rating: 1138 → 1159(+21 for winning)
|raw|newplayerplshelp's rating: 1077 → 1059(-18 for losing)
