|j|☆princeofunderworld
|j|☆No.1 Bug Fan
|html|princeofunderworldNo.1 Bug Fan    
|uhtml|bestof|Game 3 of a best-of-3
|t:|1785375494
|gametype|doubles
|player|p1|princeofunderworld|102|1148
|player|p2|No.1 Bug Fan|burgh-masters|1049
|gen|9
|tier|[Gen 9 Champions] VGC 2026 Reg M-B (Bo3)
|rated|
|rule|Species Clause: Limit one of each Pokémon
|rule|Item Clause: Limit 1 of each item
|clearpoke
|poke|p1|Blastoise, L50, F|
|poke|p1|Kingambit, L50, F|
|poke|p1|Whimsicott, L50, M|
|poke|p1|Incineroar, L50, F|
|poke|p1|Farigiraf, L50, F|
|poke|p1|Garchomp, L50, M|
|poke|p2|Froslass, L50, F|
|poke|p2|Scovillain, L50, M, shiny|
|poke|p2|Basculegion, L50, M|
|poke|p2|Kingambit, L50, F, shiny|
|poke|p2|Sneasler, L50, F, shiny|
|poke|p2|Lycanroc-Dusk, L50, F, shiny|
|teampreview|4
|showteam|p1|Blastoise||Blastoisinite|Torrent|MuddyWater,AuraSphere,Protect,IceBeam|Modest||F|||50|]Kingambit||LifeOrb|Defiant|KowtowCleave,SuckerPunch,Protect,IronHead|Adamant||F|||50|]Whimsicott||FocusSash|Prankster|Moonblast,Tailwind,Taunt,WorrySeed|Timid||M|||50|]Incineroar||ChopleBerry|Intimidate|PartingShot,FlareBlitz,ThroatChop,FakeOut|Adamant||F|||50|]Farigiraf||SitrusBerry|ArmorTail|TwinBeam,Thunderbolt,Protect,HelpingHand|Sassy||F|||50|]Garchomp||Garchompite|SandVeil|PowerGem,EarthPower,Protect,DracoMeteor|Modest||M|||50|
|showteam|p2|Froslass||Froslassite|CursedBody|Blizzard,ShadowBall,AuroraVeil,Protect|Modest||F|||50|]Scovillain||Scovillainite|Moody|GigaDrain,Overheat,RagePowder,Protect|Bold||M|||50|]Basculegion||SitrusBerry|Adaptability|WaveCrash,LastRespects,AquaJet,Protect|Adamant||M|||50|]Kingambit||LifeOrb|Defiant|KowtowCleave,SuckerPunch,SwordsDance,Protect|Adamant||F|||50|]Sneasler||WhiteHerb|Unburden|CloseCombat,GunkShot,Protect,FakeOut|Adamant||F|||50|]Lycanroc-Dusk||FocusSash|ToughClaws|CloseCombat,Accelerock,RockSlide,Protect|Adamant||F|||50|
|inactive|Battle timer is ON: inactive players will automatically lose when time's up. (requested by No.1 Bug Fan)
|inactive|princeofunderworld also wants the timer to be on.
|
|t:|1785375520
|teamsize|p1|4
|teamsize|p2|4
|start
|switch|p1a: Blastoise|Blastoise, L50, F|100/100
|switch|p1b: Farigiraf|Farigiraf, L50, F|100/100
|switch|p2a: milk|Scovillain, L50, M, shiny|100/100
|switch|p2b: Paul|Kingambit, L50, F, shiny|100/100
|turn|1
|
|t:|1785375539
|detailschange|p2a: milk|Scovillain-Mega, L50, M, shiny
|-mega|p2a: milk|Scovillain|Scovillainite
|detailschange|p1a: Blastoise|Blastoise-Mega, L50, F
|-mega|p1a: Blastoise|Blastoise|Blastoisinite
|move|p1b: Farigiraf|Helping Hand|p1a: Blastoise
|-singleturn|p1a: Blastoise|Helping Hand|[of] p1b: Farigiraf
|move|p2b: Paul|Protect|p2b: Paul
|-singleturn|p2b: Paul|Protect
|move|p2a: milk|Giga Drain|p1a: Blastoise
|-supereffective|p1a: Blastoise|1
|-damage|p1a: Blastoise|44/100
|move|p1a: Blastoise|Muddy Water|p2a: milk|[spread] p2a
|-activate|p2b: Paul|move: Protect
|-damage|p2a: milk|38/100
|-status|p1a: Blastoise|brn|[from] ability: Spicy Spray|[of] p2a: milk
|
|-damage|p1a: Blastoise|38/100 brn|[from] brn
|upkeep
|turn|2
|
|t:|1785375558
|move|p1a: Blastoise|Protect|p1a: Blastoise
|-singleturn|p1a: Blastoise|Protect
|move|p2a: milk|Giga Drain|p1a: Blastoise
|-activate|p1a: Blastoise|move: Protect
|move|p1b: Farigiraf|Twin Beam|p2a: milk
|-damage|p2a: milk|20/100y
|-status|p1b: Farigiraf|brn|[from] ability: Spicy Spray|[of] p2a: milk
|-damage|p2a: milk|5/100
|-hitcount|p2a: milk|2
|move|p2b: Paul|Swords Dance|p2b: Paul
|-boost|p2b: Paul|atk|2
|
|-damage|p1a: Blastoise|32/100 brn|[from] brn
|-damage|p1b: Farigiraf|93/100 brn|[from] brn
|upkeep
|turn|3
|
|t:|1785375575
|switch|p1a: Kingambit|Kingambit, L50, F|100/100
|move|p2a: milk|Giga Drain|p1a: Kingambit
|-resisted|p1a: Kingambit|1
|-damage|p1a: Kingambit|82/100
|-heal|p2a: milk|15/100|[from] drain|[of] p1a: Kingambit
|move|p1b: Farigiraf|Twin Beam|p2a: milk
|-damage|p2a: milk|0 fnt
|faint|p2a: milk
|-hitcount|p2: milk|1
|move|p2b: Paul|Kowtow Cleave|p1b: Farigiraf
|-supereffective|p1b: Farigiraf|1
|-damage|p1b: Farigiraf|0 fnt
|faint|p1b: Farigiraf
|-damage|p2b: Paul|90/100|[from] item: Life Orb
|
|upkeep
|
|t:|1785375586
|switch|p2a: Sonion ring|Sneasler, L50, F, shiny|100/100
|switch|p1b: Incineroar|Incineroar, L50, F|100/100
|-ability|p1b: Incineroar|Intimidate|boost
|-unboost|p2a: Sonion ring|atk|1
|-unboost|p2b: Paul|atk|1
|-ability|p2b: Paul|Defiant|boost
|-boost|p2b: Paul|atk|2
|-enditem|p2a: Sonion ring|White Herb
|-clearnegativeboost|p2a: Sonion ring|[silent]
|turn|4
|
|t:|1785375605
|move|p1a: Kingambit|Protect|p1a: Kingambit
|-singleturn|p1a: Kingambit|Protect
|move|p2a: Sonion ring|Fake Out|p1b: Incineroar
|-damage|p1b: Incineroar|88/100
|cant|p1b: Incineroar|flinch
|move|p2b: Paul|Kowtow Cleave|p1a: Kingambit
|-activate|p1a: Kingambit|move: Protect
|
|upkeep
|turn|5
|
|t:|1785375617
|switch|p1a: Blastoise|Blastoise-Mega, L50, F|32/100 brn
|move|p2b: Paul|Sucker Punch|p1b: Incineroar
|-resisted|p1b: Incineroar|1
|-damage|p1b: Incineroar|25/100
|-damage|p2b: Paul|80/100|[from] item: Life Orb
|move|p2a: Sonion ring|Close Combat|p1a: Blastoise
|-damage|p1a: Blastoise|0 fnt
|-unboost|p2a: Sonion ring|def|1
|-unboost|p2a: Sonion ring|spd|1
|faint|p1a: Blastoise
|move|p1b: Incineroar|Flare Blitz|p2b: Paul
|-supereffective|p2b: Paul|1
|-damage|p2b: Paul|0 fnt
|faint|p2b: Paul
|-damage|p1b: Incineroar|0 fnt|[from] Recoil
|faint|p1b: Incineroar
|
|upkeep
|
|t:|1785375626
|switch|p1b: Kingambit|Kingambit, L50, F|82/100
|switch|p2b: fih is calling|Basculegion, L50, M|100/100
|turn|6
|
|t:|1785375632
|move|p1b: Kingambit|Protect|p1b: Kingambit
|-singleturn|p1b: Kingambit|Protect
|move|p2a: Sonion ring|Close Combat|p1b: Kingambit
|-activate|p1b: Kingambit|move: Protect
|move|p2b: fih is calling|Wave Crash|p1b: Kingambit
|-activate|p1b: Kingambit|move: Protect
|
|upkeep
|turn|7
|
|t:|1785375641
|move|p1b: Kingambit|Sucker Punch|p2a: Sonion ring
|-resisted|p2a: Sonion ring|1
|-damage|p2a: Sonion ring|41/100
|-damage|p1b: Kingambit|72/100|[from] item: Life Orb
|move|p2a: Sonion ring|Close Combat|p1b: Kingambit
|-supereffective|p1b: Kingambit|2
|-damage|p1b: Kingambit|0 fnt
|-unboost|p2a: Sonion ring|def|1
|-unboost|p2a: Sonion ring|spd|1
|faint|p1b: Kingambit
|
|win|No.1 Bug Fan
|raw|princeofunderworld's rating: 1148 → 1116(-32 for losing)
|raw|No.1 Bug Fan's rating: 1049 → 1091(+42 for winning)
