|j|☆castoriceball
|j|☆thegreatestnone
|html|castoriceballthegreatestnone    
|uhtml|bestof|Game 2 of a best-of-3
|t:|1784432675
|gametype|doubles
|player|p1|castoriceball|miku-flying|1362
|player|p2|thegreatestnone|169|1317
|gen|9
|tier|[Gen 9 Champions] VGC 2026 Reg M-B (Bo3)
|rated|
|rule|Species Clause: Limit one of each Pokémon
|rule|Item Clause: Limit 1 of each item
|clearpoke
|poke|p1|Floette-Eternal, L50, F|
|poke|p1|Arcanine-Hisui, L50, M|
|poke|p1|Whimsicott, L50, M|
|poke|p1|Raichu, L50, F|
|poke|p1|Mamoswine, L50, M|
|poke|p1|Basculegion, L50, M|
|poke|p2|Grimmsnarl, L50, M|
|poke|p2|Toxapex, L50, M|
|poke|p2|Incineroar, L50, F|
|poke|p2|Tyranitar, L50, F|
|poke|p2|Excadrill, L50, M|
|poke|p2|Scovillain, L50, M|
|teampreview|4
|showteam|p1|Floette-Eternal||Floettite|FlowerVeil|Moonblast,DazzlingGleam,LightofRuin,Protect|Modest||F|||50|]Arcanine-Hisui||WhiteHerb|RockHead|FlareBlitz,HeadSmash,RockSlide,Protect|Jolly||M|||50|]Whimsicott||FocusSash|Prankster|Tailwind,Moonblast,Encore,Protect|Timid||M|||50|]Raichu||RaichuniteY|LightningRod|ZapCannon,FocusBlast,FakeOut,Protect|Timid||F|||50|]Mamoswine||LifeOrb|Oblivious|IcicleCrash,HighHorsepower,IceShard,Protect|Adamant||M|||50|]Basculegion||ChoiceScarf|Adaptability|LastRespects,WaveCrash,AquaJet,FlipTurn|Jolly||M|||50|
|showteam|p2|Grimmsnarl||LightClay|Prankster|Taunt,Reflect,PartingShot,LightScreen|Sassy||M|||50|]Toxapex||Leftovers|Regenerator|BanefulBunker,Infestation,Toxic,Recover|Relaxed||M|||50|]Incineroar||SitrusBerry|Intimidate|FakeOut,Protect,FlareBlitz,PartingShot|Careful||F|||50|]Tyranitar||ChoiceScarf|SandStream|RockSlide,IcePunch,LowKick,KnockOff|Jolly||F|||50|]Excadrill||FocusSash|SandRush|RockSlide,Earthquake,Protect,IronHead|Adamant||M|||50|]Scovillain||Scovillainite|Chlorophyll|LeechSeed,RagePowder,Protect,Flamethrower|Calm||M|||50|
|
|t:|1784432704
|teamsize|p1|4
|teamsize|p2|4
|start
|switch|p1a: fun n whimsy|Whimsicott, L50, M|100/100
|switch|p1b: WolfeyFriend|Mamoswine, L50, M|100/100
|switch|p2a: Tyranitar|Tyranitar, L50, F|100/100
|switch|p2b: Excadrill|Excadrill, L50, M|100/100
|-weather|Sandstorm|[from] ability: Sand Stream|[of] p2a: Tyranitar
|turn|1
|
|t:|1784432732
|move|p1a: fun n whimsy|Tailwind|p1a: fun n whimsy
|-sidestart|p1: castoriceball|move: Tailwind
|move|p2b: Excadrill|Iron Head|p1a: fun n whimsy
|-supereffective|p1a: fun n whimsy|1
|-crit|p1a: fun n whimsy
|-enditem|p1a: fun n whimsy|Focus Sash
|-damage|p1a: fun n whimsy|1/100
|move|p1b: WolfeyFriend|High Horsepower|p2a: Tyranitar
|-supereffective|p2a: Tyranitar|1
|-damage|p2a: Tyranitar|0 fnt
|faint|p2a: Tyranitar
|-damage|p1b: WolfeyFriend|90/100|[from] item: Life Orb
|
|-weather|Sandstorm|[upkeep]
|-damage|p1a: fun n whimsy|0 fnt|[from] Sandstorm
|faint|p1a: fun n whimsy
|upkeep
|
|t:|1784432750
|switch|p1a: WHYYCHU|Raichu, L50, F|100/100
|switch|p2a: Scovillain|Scovillain, L50, M|100/100
|turn|2
|
|t:|1784432765
|detailschange|p1a: WHYYCHU|Raichu-Mega-Y, L50, F
|-mega|p1a: WHYYCHU|Raichu|Raichunite Y
|detailschange|p2a: Scovillain|Scovillain-Mega, L50, M
|-mega|p2a: Scovillain|Scovillain|Scovillainite
|move|p2b: Excadrill|Protect|p2b: Excadrill
|-singleturn|p2b: Excadrill|Protect
|move|p2a: Scovillain|Protect|p2a: Scovillain
|-singleturn|p2a: Scovillain|Protect
|move|p1a: WHYYCHU|Fake Out|p2b: Excadrill
|-activate|p2b: Excadrill|move: Protect
|move|p1b: WolfeyFriend|Icicle Crash|p2a: Scovillain
|-activate|p2a: Scovillain|move: Protect
|
|-weather|Sandstorm|[upkeep]
|-damage|p1a: WHYYCHU|94/100|[from] Sandstorm
|-damage|p2a: Scovillain|94/100|[from] Sandstorm
|upkeep
|turn|3
|
|t:|1784432819
|move|p1a: WHYYCHU|Focus Blast|p2b: Excadrill
|-supereffective|p2b: Excadrill|1
|-enditem|p2b: Excadrill|Focus Sash
|-damage|p2b: Excadrill|1/100
|move|p2b: Excadrill|Earthquake|p1a: WHYYCHU|[spread] p2a,p1a,p1b
|-supereffective|p1a: WHYYCHU|1
|-damage|p2a: Scovillain|51/100
|-damage|p1a: WHYYCHU|0 fnt
|-damage|p1b: WolfeyFriend|39/100
|-status|p2b: Excadrill|brn|[from] ability: Spicy Spray|[of] p2a: Scovillain
|faint|p1a: WHYYCHU
|move|p1b: WolfeyFriend|High Horsepower|p2a: Scovillain
|-damage|p2a: Scovillain|0 fnt
|-status|p1b: WolfeyFriend|brn|[from] ability: Spicy Spray|[of] p2a: Scovillain
|faint|p2a: Scovillain
|-damage|p1b: WolfeyFriend|29/100 brn|[from] item: Life Orb
|
|-weather|Sandstorm|[upkeep]
|-damage|p2b: Excadrill|0 fnt|[from] brn
|faint|p2b: Excadrill
|-damage|p1b: WolfeyFriend|23/100 brn|[from] brn
|upkeep
|
|t:|1784432839
|switch|p1a: Basculegend|Basculegion, L50, M|100/100
|switch|p2b: Toxapex|Toxapex, L50, M|100/100
|turn|4
|
|t:|1784432847
|move|p2b: Toxapex|Baneful Bunker|p2b: Toxapex
|-singleturn|p2b: Toxapex|move: Protect
|move|p1a: Basculegend|Last Respects|p2b: Toxapex
|-activate|p2b: Toxapex|move: Protect
|move|p1b: WolfeyFriend|High Horsepower|p2b: Toxapex
|-activate|p2b: Toxapex|move: Protect
|
|-weather|Sandstorm|[upkeep]
|-damage|p1a: Basculegend|93/100|[from] Sandstorm
|-damage|p2b: Toxapex|94/100|[from] Sandstorm
|-heal|p2b: Toxapex|100/100|[from] item: Leftovers
|-damage|p1b: WolfeyFriend|17/100 brn|[from] brn
|-sideend|p1: castoriceball|move: Tailwind
|upkeep
|turn|5
|
|t:|1784432886
|move|p1a: Basculegend|Last Respects|p2b: Toxapex
|-damage|p2b: Toxapex|38/100
|move|p1b: WolfeyFriend|High Horsepower|p2b: Toxapex
|-supereffective|p2b: Toxapex|1
|-damage|p2b: Toxapex|0 fnt
|faint|p2b: Toxapex
|-damage|p1b: WolfeyFriend|8/100 brn|[from] item: Life Orb
|
|win|castoriceball
|raw|castoriceball's rating: 1362 → 1379(+17 for winning)
|raw|thegreatestnone's rating: 1317 → 1300(-17 for losing)
|l|☆thegreatestnone
|player|p2|
