|j|☆hamlessmel
|j|☆MrPhoenixGC
|html|hamlessmelMrPhoenixGC    
|uhtml|bestof|Game 1 of a best-of-3
|t:|1757647742
|gametype|doubles
|player|p1|hamlessmel|dawn-gen4pt|1070
|player|p2|MrPhoenixGC|steven|1099
|gen|9
|tier|[Gen 9] VGC 2025 Reg H (Bo3)
|rated|
|rule|Species Clause: Limit one of each Pokémon
|rule|Item Clause: Limit 1 of each item
|clearpoke
|poke|p1|Excadrill, L50, F|
|poke|p1|Tyranitar, L50, M|
|poke|p1|Sneasler, L50, M|
|poke|p1|Indeedee, L50, M|
|poke|p1|Annihilape, L50, F|
|poke|p1|Corviknight, L50, F|
|poke|p2|Gholdengo, L50|
|poke|p2|Pelipper, L50, F|
|poke|p2|Archaludon, L50, M|
|poke|p2|Ursaluna, L50, F|
|poke|p2|Dragonite, L50, F|
|poke|p2|Sinistcha, L50|
|teampreview|4
|showteam|p1|Excadrill||FocusSash|SandRush|Protect,IronHead,HighHorsepower,Earthquake|||F|||50|,,,,,Stellar]Tyranitar||AssaultVest|SandStream|KnockOff,RockSlide,TeraBlast,LowKick|||M|||50|,,,,,Flying]Sneasler||PsychicSeed|Unburden|ThroatChop,CloseCombat,Protect,DireClaw|||M|||50|,,,,,Dark]Indeedee||ChoiceScarf|PsychicSurge|TeraBlast,ExpandingForce,Protect,Trick|||M|||50|,,,,,Fighting]Annihilape||SafetyGoggles|VitalSpirit|Taunt,RageFist,CloseCombat,FinalGambit|||F|||50|,,,,,Water]Corviknight||Leftovers|MirrorArmor|Tailwind,BulkUp,Roost,BraveBird|||F|||50|,,,,,Dragon
|showteam|p2|Gholdengo||LifeOrb|GoodasGold|MakeItRain,ShadowBall,NastyPlot,Protect||||||50|,,,,,Dragon]Pelipper||FocusSash|Drizzle|Protect,MuddyWater,Hurricane,WideGuard|||F|||50|,,,,,Ground]Archaludon||AssaultVest|Stamina|BodyPress,Snarl,ElectroShot,FlashCannon|||M|||50|,,,,,Bug]Ursaluna||FlameOrb|Guts|Protect,Facade,Earthquake,HeadlongRush|||F|||50|,,,,,Ghost]Dragonite||LoadedDice|Multiscale|ScaleShot,Haze,Tailwind,Protect|||F|||50|,,,,,Fairy]Sinistcha||SitrusBerry|Hospitality|TrickRoom,MatchaGotcha,LifeDew,RagePowder||||||50|,,,,,Dark
|inactive|Battle timer is ON: inactive players will automatically lose when time's up. (requested by hamlessmel)
|
|t:|1757647820
|teamsize|p1|4
|teamsize|p2|4
|start
|switch|p1a: Sneasler|Sneasler, L50, M|100/100
|switch|p1b: Indeedee|Indeedee, L50, M|100/100
|switch|p2a: Gholdengo|Gholdengo, L50|100/100
|switch|p2b: Dragonite|Dragonite, L50, F|100/100
|-fieldstart|move: Psychic Terrain|[from] ability: Psychic Surge|[of] p1b: Indeedee
|-enditem|p1a: Sneasler|Psychic Seed
|-boost|p1a: Sneasler|spd|1|[from] item: Psychic Seed
|turn|1
|inactive|hamlessmel has 30 seconds left.
|inactive|MrPhoenixGC has 30 seconds left.
|inactive|hamlessmel has 20 seconds left.
|inactive|MrPhoenixGC has 20 seconds left.
|inactive|hamlessmel has 15 seconds left.
|inactive|MrPhoenixGC has 15 seconds left.
|inactive|hamlessmel has 10 seconds left.
|
|t:|1757647867
|-terastallize|p2a: Gholdengo|Dragon
|move|p1a: Sneasler|Throat Chop|p2a: Gholdengo
|-damage|p2a: Gholdengo|69/100
|-start|p2a: Gholdengo|Throat Chop|[silent]
|move|p1b: Indeedee|Trick|p2b: Dragonite
|-activate|p1b: Indeedee|move: Trick|[of] p2b: Dragonite
|-item|p2b: Dragonite|Choice Scarf|[from] move: Trick
|-item|p1b: Indeedee|Loaded Dice|[from] move: Trick
|move|p2b: Dragonite|Scale Shot|p1b: Indeedee
|-damage|p1b: Indeedee|66/100
|-damage|p1b: Indeedee|33/100
|-damage|p1b: Indeedee|2/100
|-hitcount|p1b: Indeedee|3
|-unboost|p2b: Dragonite|def|1
|-boost|p2b: Dragonite|spe|1
|move|p2a: Gholdengo|Make It Rain|p1b: Indeedee|[spread] p1a,p1b
|-damage|p1a: Sneasler|37/100
|-damage|p1b: Indeedee|0 fnt
|-unboost|p2a: Gholdengo|spa|1
|faint|p1b: Indeedee
|-damage|p2a: Gholdengo|59/100|[from] item: Life Orb
|
|upkeep
|
|t:|1757647890
|switch|p1b: Tyranitar|Tyranitar, L50, M, shiny|100/100
|-weather|Sandstorm|[from] ability: Sand Stream|[of] p1b: Tyranitar
|turn|2
|inactive|MrPhoenixGC has 30 seconds left.
|
|t:|1757647924
|switch|p2b: Pelipper|Pelipper, L50, F|100/100
|-weather|RainDance|[from] ability: Drizzle|[of] p2b: Pelipper
|move|p1a: Sneasler|Dire Claw|p2b: Pelipper
|-damage|p2b: Pelipper|41/100
|move|p2a: Gholdengo|Nasty Plot|p2a: Gholdengo
|-boost|p2a: Gholdengo|spa|2
|move|p1b: Tyranitar|Rock Slide|p2a: Gholdengo|[spread] p2a,p2b
|-supereffective|p2b: Pelipper
|-damage|p2a: Gholdengo|20/100
|-damage|p2b: Pelipper|0 fnt
|faint|p2b: Pelipper
|
|-weather|RainDance|[upkeep]
|-end|p2a: Gholdengo|Throat Chop|[silent]
|upkeep
|
|t:|1757647938
|switch|p2b: Dragonite|Dragonite, L50, F|100/100
|turn|3
|
|t:|1757647948
|switch|p1b: Excadrill|Excadrill, L50, F, shiny|100/100
|move|p2a: Gholdengo|Protect|p2a: Gholdengo
|-singleturn|p2a: Gholdengo|Protect
|move|p1a: Sneasler|Dire Claw|p2b: Dragonite
|-damage|p2b: Dragonite|78/100
|move|p2b: Dragonite|Scale Shot|p1a: Sneasler
|-damage|p1a: Sneasler|10/100
|-damage|p1a: Sneasler|0 fnt
|faint|p1a: Sneasler
|-hitcount|p1: Sneasler|2
|-unboost|p2b: Dragonite|def|1
|-boost|p2b: Dragonite|spe|1
|
|-weather|RainDance|[upkeep]
|upkeep
|
|t:|1757647962
|switch|p1a: Tyranitar|Tyranitar, L50, M, shiny|100/100
|-weather|Sandstorm|[from] ability: Sand Stream|[of] p1a: Tyranitar
|turn|4
|
|t:|1757647989
|-terastallize|p1a: Tyranitar|Flying
|move|p2b: Dragonite|Scale Shot|p1a: Tyranitar
|-damage|p1a: Tyranitar|88/100
|-damage|p1a: Tyranitar|74/100
|-hitcount|p1a: Tyranitar|2
|-unboost|p2b: Dragonite|def|1
|-boost|p2b: Dragonite|spe|1
|move|p1b: Excadrill|Iron Head|p2b: Dragonite
|-damage|p2b: Dragonite|0 fnt
|faint|p2b: Dragonite
|move|p2a: Gholdengo|Make It Rain|p1b: Excadrill|[spread] p1a,p1b
|-resisted|p1b: Excadrill
|-crit|p1b: Excadrill
|-damage|p1a: Tyranitar|15/100
|-damage|p1b: Excadrill|6/100
|-unboost|p2a: Gholdengo|spa|1
|-damage|p2a: Gholdengo|10/100|[from] item: Life Orb
|move|p1a: Tyranitar|Rock Slide|p2a: Gholdengo
|-damage|p2a: Gholdengo|0 fnt
|faint|p2a: Gholdengo
|
|-weather|Sandstorm|[upkeep]
|-damage|p1a: Tyranitar|9/100|[from] Sandstorm
|upkeep
|inactive|MrPhoenixGC has 30 seconds left.
|inactive|MrPhoenixGC has 20 seconds left.
|inactive|MrPhoenixGC has 15 seconds left.
|inactive|MrPhoenixGC has 10 seconds left.
|inactive|MrPhoenixGC has 5 seconds left.
|
|t:|1757648042
|switch|p2b: Archaludon|Archaludon, L50, M|100/100
|turn|5
|
|t:|1757648064
|move|p1b: Excadrill|High Horsepower|p2b: Archaludon|[miss]
|-miss|p1b: Excadrill|p2b: Archaludon
|move|p2b: Archaludon|Body Press|p1b: Excadrill
|-supereffective|p1b: Excadrill
|-damage|p1b: Excadrill|0 fnt
|faint|p1b: Excadrill
|move|p1a: Tyranitar|Low Kick|p2b: Archaludon
|-supereffective|p2b: Archaludon
|-damage|p2b: Archaludon|61/100
|-ability|p2b: Archaludon|Stamina|boost
|-boost|p2b: Archaludon|def|1
|
|-weather|Sandstorm|[upkeep]
|-damage|p1a: Tyranitar|3/100|[from] Sandstorm
|-fieldend|move: Psychic Terrain
|upkeep
|turn|6
|-message|hamlessmel forfeited.
|
|win|MrPhoenixGC
|l|☆hamlessmel
|player|p1|
||hamlessmel is ready for game 2.
