|j|☆joseanfox
|j|☆Creepalvaro
|html|joseanfoxCreepalvaro    
|uhtml|bestof|Game 3 of a best-of-3
|t:|1782266301
|gametype|doubles
|player|p1|joseanfox|dawn|1071
|player|p2|Creepalvaro|266|1000
|gen|9
|tier|[Gen 9 Champions] VGC 2026 Reg M-B (Bo3)
|rated|
|rule|Species Clause: Limit one of each Pokémon
|rule|Item Clause: Limit 1 of each item
|clearpoke
|poke|p1|Staraptor, L50, F|
|poke|p1|Sinistcha, L50|
|poke|p1|Archaludon, L50, F|
|poke|p1|Raichu, L50, F|
|poke|p1|Pelipper, L50, M|
|poke|p1|Grimmsnarl, L50, M|
|poke|p2|Tyranitar, L50, M|
|poke|p2|Rotom-Wash, L50|
|poke|p2|Staraptor, L50, F|
|poke|p2|Whimsicott, L50, F|
|poke|p2|Delphox, L50, F|
|poke|p2|Excadrill, L50, F|
|teampreview|4
|showteam|p1|Staraptor||Staraptite|Intimidate|CloseCombat,Roost,Protect,BraveBird|Adamant||F|||50|]Sinistcha||FocusSash|Hospitality|MatchaGotcha,ShadowBall,RagePowder,StrengthSap|Modest|||||50|]Archaludon||QuickClaw|Sturdy|AuraSphere,ElectroShot,FlashCannon,DracoMeteor|Timid||F|||50|]Raichu||RaichuniteX|LightningRod|FakeOut,BrickBreak,VoltTackle,VoltSwitch|Jolly||F|||50|]Pelipper||DampRock|Drizzle|WeatherBall,WideGuard,Hurricane,Tailwind|Serious||M|||50|]Grimmsnarl||LightClay|Prankster|LightScreen,Reflect,PartingShot,SpiritBreak|Relaxed||M|||50|
|showteam|p2|Tyranitar||ChopleBerry|SandStream|RockSlide,KnockOff,Protect,Avalanche|Adamant||M|||50|]Rotom-Wash||SitrusBerry|Levitate|HydroPump,WillOWisp,Thunderbolt,Protect|Modest|||||50|]Staraptor||Staraptite|Intimidate|BraveBird,CloseCombat,Protect,Roost|Adamant||F|||50|]Whimsicott||FairyFeather|Prankster|Tailwind,Moonblast,Encore,Protect|Timid||F|||50|]Delphox||Delphoxite|Blaze|BurningJealousy,Psychic,Protect,Charm|Timid||F|||50|]Excadrill||FocusSash|SandRush|IronHead,Protect,RockSlide,Earthquake|Adamant||F|||50|
|inactive|Battle timer is ON: inactive players will automatically lose when time's up. (requested by Creepalvaro)
|
|t:|1782266386
|teamsize|p1|4
|teamsize|p2|4
|start
|switch|p1a: Persida|Raichu, L50, F|100/100
|switch|p1b: Salchipapa|Archaludon, L50, F|100/100
|switch|p2a: Tyranitar|Tyranitar, L50, M|100/100
|switch|p2b: Whimsicott|Whimsicott, L50, F|100/100
|-weather|Sandstorm|[from] ability: Sand Stream|[of] p2a: Tyranitar
|turn|1
|inactive|joseanfox has 30 seconds left.
|inactive|Creepalvaro has 30 seconds left.
|inactive|joseanfox has 20 seconds left.
|
|t:|1782266425
|switch|p2a: Rotom|Rotom-Wash, L50|100/100
|detailschange|p1a: Persida|Raichu-Mega-X, L50, F
|-mega|p1a: Persida|Raichu|Raichunite X
|-fieldstart|move: Electric Terrain|[from] ability: Electric Surge|[of] p1a: Persida
|move|p2b: Whimsicott|Protect|p2b: Whimsicott
|-singleturn|p2b: Whimsicott|Protect
|move|p1a: Persida|Fake Out|p2a: Rotom
|-damage|p2a: Rotom|82/100
|move|p1b: Salchipapa|Flash Cannon|p2b: Whimsicott
|-activate|p2b: Whimsicott|move: Protect
|
|-weather|Sandstorm|[upkeep]
|-damage|p2b: Whimsicott|94/100|[from] Sandstorm
|-damage|p1a: Persida|94/100|[from] Sandstorm
|-damage|p2a: Rotom|77/100|[from] Sandstorm
|upkeep
|turn|2
|inactive|joseanfox has 30 seconds left.
|inactive|Creepalvaro has 30 seconds left.
|inactive|joseanfox has 20 seconds left.
|
|t:|1782266461
|move|p2a: Rotom|Protect|p2a: Rotom
|-singleturn|p2a: Rotom|Protect
|move|p2b: Whimsicott|Tailwind|p2b: Whimsicott
|-sidestart|p2: Creepalvaro|move: Tailwind
|move|p1a: Persida|Volt Switch|p2a: Rotom
|-activate|p2a: Rotom|move: Protect
|move|p1b: Salchipapa|Flash Cannon|p2b: Whimsicott
|-supereffective|p2b: Whimsicott|1
|-damage|p2b: Whimsicott|0 fnt
|faint|p2b: Whimsicott
|
|-weather|Sandstorm|[upkeep]
|-damage|p2a: Rotom|71/100|[from] Sandstorm
|-damage|p1a: Persida|88/100|[from] Sandstorm
|upkeep
|
|t:|1782266476
|switch|p2b: Excadrill|Excadrill, L50, F|100/100
|turn|3
|inactive|joseanfox has 30 seconds left.
|inactive|Creepalvaro has 30 seconds left.
|inactive|Creepalvaro has 20 seconds left.
|
|t:|1782266516
|switch|p1a: Veil|Pelipper, L50, M|100/100
|-weather|RainDance|[from] ability: Drizzle|[of] p1a: Veil
|move|p2b: Excadrill|Earthquake|p1a: Veil|[spread] p1b
|-immune|p2a: Rotom|[from] ability: Levitate
|-immune|p1a: Veil
|-supereffective|p1b: Salchipapa|1
|-damage|p1b: Salchipapa|20/100y
|move|p2a: Rotom|Thunderbolt|p1b: Salchipapa
|-resisted|p1b: Salchipapa|1
|-damage|p1b: Salchipapa|0 fnt
|faint|p1b: Salchipapa
|
|-weather|RainDance|[upkeep]
|upkeep
|
|t:|1782266534
|switch|p1b: Persida|Raichu-Mega-X, L50, F|88/100
|turn|4
|
|t:|1782266552
|move|p1a: Veil|Wide Guard|p1a: Veil
|-singleturn|p1a: Veil|Wide Guard
|move|p2b: Excadrill|Earthquake|p1a: Veil|[spread] 
|-activate|p1a: Veil|move: Wide Guard
|-activate|p1b: Persida|move: Wide Guard
|-immune|p2a: Rotom|[from] ability: Levitate
|move|p2a: Rotom|Thunderbolt|p1a: Veil
|-supereffective|p1a: Veil|2
|-damage|p1a: Veil|0 fnt
|faint|p1a: Veil
|move|p1b: Persida|Volt Tackle|p2a: Rotom
|-damage|p2a: Rotom|0 fnt
|faint|p2a: Rotom
|-damage|p1b: Persida|66/100|[from] Recoil
|
|-weather|RainDance|[upkeep]
|upkeep
|
|t:|1782266572
|switch|p2a: Tyranitar|Tyranitar, L50, M|100/100
|switch|p1a: Mate|Sinistcha, L50|100/100
|-weather|Sandstorm|[from] ability: Sand Stream|[of] p2a: Tyranitar
|-heal|p1b: Persida|91/100|[from] ability: Hospitality|[of] p1a: Mate
|turn|5
|inactive|joseanfox has 30 seconds left.
|inactive|joseanfox has 20 seconds left.
|
|t:|1782266610
|move|p2b: Excadrill|Rock Slide|p1b: Persida|[spread] p1a,p1b
|-damage|p1a: Mate|80/100
|-damage|p1b: Persida|59/100
|cant|p1b: Persida|flinch
|move|p2a: Tyranitar|Knock Off|p1a: Mate
|-supereffective|p1a: Mate|1
|-damage|p1a: Mate|0 fnt
|-enditem|p1a: Mate|Focus Sash|[from] move: Knock Off|[of] p2a: Tyranitar
|faint|p1a: Mate
|
|-weather|Sandstorm|[upkeep]
|-damage|p1b: Persida|53/100|[from] Sandstorm
|-sideend|p2: Creepalvaro|move: Tailwind
|-fieldend|move: Electric Terrain
|upkeep
|turn|6
|
|t:|1782266635
|move|p2b: Excadrill|Iron Head|p1b: Persida
|-resisted|p1b: Persida|1
|-damage|p1b: Persida|23/100
|move|p1b: Persida|Brick Break|p2b: Excadrill
|-supereffective|p2b: Excadrill|1
|-damage|p2b: Excadrill|17/100
|move|p2a: Tyranitar|Avalanche|p1b: Persida
|-damage|p1b: Persida|0 fnt
|faint|p1b: Persida
|
|win|Creepalvaro
|raw|joseanfox's rating: 1071 → 1046(-25 for losing)
|raw|Creepalvaro's rating: 1000 → 1048(+48 for winning)
