|j|☆test for MB
|j|☆Valaaeryl
|html|test for MBValaaeryl    
|uhtml|bestof|Game 1 of a best-of-3
|t:|1786075400
|gametype|doubles
|player|p1|test for MB|265|1257
|player|p2|Valaaeryl|170|1270
|gen|9
|tier|[Gen 9 Champions] VGC 2026 Reg M-B (Bo3)
|rated|
|rule|Species Clause: Limit one of each Pokémon
|rule|Item Clause: Limit 1 of each item
|clearpoke
|poke|p1|Delphox, L50, M|
|poke|p1|Sneasler, L50, F|
|poke|p1|Sinistcha-Masterpiece, L50|
|poke|p1|Annihilape, L50, M|
|poke|p1|Garchomp, L50, M|
|poke|p1|Raichu, L50, M|
|poke|p2|Floette-Eternal, L50, F|
|poke|p2|Garchomp, L50, M|
|poke|p2|Kingambit, L50, F|
|poke|p2|Basculegion, L50, M|
|poke|p2|Charizard, L50, M|
|poke|p2|Whimsicott, L50, M|
|teampreview|4
|showteam|p1|Delphox||Delphoxite|Blaze|Psychic,HeatWave,NastyPlot,Protect|Timid||M|||50|]Sneasler||FocusSash|PoisonTouch|FakeOut,PoisonJab,CloseCombat,Coaching|Jolly||F|||50|]Sinistcha-Masterpiece||KasibBerry|Hospitality|MatchaGotcha,RagePowder,LifeDew,TrickRoom|Bold|||||50|]Annihilape||SitrusBerry|Defiant|DrainPunch,RageFist,BulkUp,Protect|Adamant||M|||50|]Garchomp||LifeOrb|RoughSkin|DragonClaw,RockSlide,StompingTantrum,Protect|Jolly||M|||50|]Raichu||RaichuniteY|LightningRod|FakeOut,ZapCannon,FocusBlast,Protect|Timid||M|||50|
|showteam|p2|Floette-Eternal||Floettite|FlowerVeil|Moonblast,DazzlingGleam,Protect,LightofRuin|Jolly||F|||50|]Garchomp||SitrusBerry|RoughSkin|Earthquake,RockSlide,DragonClaw,Protect|Adamant||M|||50|]Kingambit||ChopleBerry|Defiant|IronHead,SuckerPunch,LowKick,KowtowCleave|Adamant||F|||50|]Basculegion||LifeOrb|Adaptability|AquaJet,WaveCrash,LastRespects,Protect|Adamant||M|||50|]Charizard||CharizarditeY|Blaze|HeatWave,SolarBeam,WeatherBall,Protect|Modest||M|||50|]Whimsicott||FocusSash|Prankster|Encore,Tailwind,Moonblast,Protect|Jolly||M|||50|
|inactive|Battle timer is ON: inactive players will automatically lose when time's up. (requested by test for MB)
|inactive|test for MB has 60 seconds left.
|inactive|Valaaeryl has 60 seconds left.
|inactive|test for MB has 30 seconds left.
|inactive|Valaaeryl has 30 seconds left.
|inactive|test for MB has 20 seconds left.
|inactive|test for MB has 15 seconds left.
|inactive|test for MB has 10 seconds left.
|inactive|test for MB has 5 seconds left.
|
|t:|1786075489
|teamsize|p1|4
|teamsize|p2|4
|start
|switch|p1a: Delphox|Delphox, L50, M|100/100
|switch|p1b: Sneasler|Sneasler, L50, F|100/100
|switch|p2a: Basculegion|Basculegion, L50, M|100/100
|switch|p2b: Whimsicott|Whimsicott, L50, M|100/100
|turn|1
|inactive|test for MB has 30 seconds left.
|inactive|Valaaeryl has 30 seconds left.
|inactive|test for MB has 20 seconds left.
|
|t:|1786075528
|switch|p1a: Sinistcha|Sinistcha-Masterpiece, L50|100/100
|move|p2b: Whimsicott|Protect|p2b: Whimsicott
|-singleturn|p2b: Whimsicott|Protect
|move|p1b: Sneasler|Fake Out|p2b: Whimsicott
|-activate|p2b: Whimsicott|move: Protect
|move|p2a: Basculegion|Wave Crash|p1a: Sinistcha
|-resisted|p1a: Sinistcha|1
|-damage|p1a: Sinistcha|52/100
|-damage|p2a: Basculegion|85/100|[from] Recoil
|-damage|p2a: Basculegion|75/100|[from] item: Life Orb
|
|upkeep
|turn|2
|
|t:|1786075549
|move|p2b: Whimsicott|Encore|p1b: Sneasler
|-start|p1b: Sneasler|Encore
|move|p1b: Sneasler|Fake Out||[still]
|-hint|Fake Out only works on your first turn out.
|-fail|p1b: Sneasler
|move|p2a: Basculegion|Wave Crash|p1b: Sneasler
|-enditem|p1b: Sneasler|Focus Sash
|-damage|p1b: Sneasler|1/100
|-damage|p2a: Basculegion|49/100|[from] Recoil
|-damage|p2a: Basculegion|40/100|[from] item: Life Orb
|move|p1a: Sinistcha|Matcha Gotcha|p2a: Basculegion|[spread] p2a,p2b
|-supereffective|p2a: Basculegion|1
|-resisted|p2b: Whimsicott|1
|-damage|p2a: Basculegion|0 fnt
|-heal|p1a: Sinistcha|74/100|[from] drain|[of] p2a: Basculegion
|-damage|p2b: Whimsicott|78/100
|-heal|p1a: Sinistcha|83/100|[from] drain|[of] p2b: Whimsicott
|faint|p2a: Basculegion
|
|upkeep
|
|t:|1786075558
|switch|p2a: Charizard|Charizard, L50, M|100/100
|turn|3
|
|t:|1786075593
|switch|p1a: Delphox|Delphox, L50, M|100/100
|detailschange|p2a: Charizard|Charizard-Mega-Y, L50, M
|-mega|p2a: Charizard|Charizard|Charizardite Y
|-weather|SunnyDay|[from] ability: Drought|[of] p2a: Charizard
|-activate|p1b: Sneasler|move: Struggle
|move|p1b: Sneasler|Struggle|p2b: Whimsicott
|-damage|p2b: Whimsicott|51/100
|-damage|p1b: Sneasler|0 fnt|[from] recoil
|faint|p1b: Sneasler
|move|p2b: Whimsicott|Moonblast|p1a: Delphox
|-resisted|p1a: Delphox|1
|-damage|p1a: Delphox|80/100
|move|p2a: Charizard|Heat Wave|p1a: Delphox
|-resisted|p1a: Delphox|1
|-damage|p1a: Delphox|32/100
|
|-weather|SunnyDay|[upkeep]
|upkeep
|
|t:|1786075611
|switch|p1b: Sinistcha|Sinistcha-Masterpiece, L50|83/100
|-heal|p1a: Delphox|56/100|[from] ability: Hospitality|[of] p1b: Sinistcha
|turn|4
|
|t:|1786075632
|switch|p1b: Raichu|Raichu, L50, M|100/100
|detailschange|p1a: Delphox|Delphox-Mega, L50, M
|-mega|p1a: Delphox|Delphox|Delphoxite
|move|p2b: Whimsicott|Protect|p2b: Whimsicott
|-singleturn|p2b: Whimsicott|Protect
|move|p1a: Delphox|Heat Wave|p2b: Whimsicott|[spread] 
|-activate|p2b: Whimsicott|move: Protect
|-miss|p1a: Delphox|p2a: Charizard
|move|p2a: Charizard|Weather Ball|p1b: Raichu
|-damage|p1b: Raichu|0 fnt
|faint|p1b: Raichu
|
|-weather|SunnyDay|[upkeep]
|upkeep
|
|t:|1786075646
|switch|p1b: Sinistcha|Sinistcha-Masterpiece, L50|83/100
|-heal|p1a: Delphox|81/100|[from] ability: Hospitality|[of] p1b: Sinistcha
|turn|5
|inactive|test for MB has 30 seconds left.
|
|t:|1786075672
|move|p2b: Whimsicott|Tailwind|p2b: Whimsicott
|-sidestart|p2: Valaaeryl|move: Tailwind
|move|p2a: Charizard|Weather Ball|p1b: Sinistcha
|-supereffective|p1b: Sinistcha|1
|-damage|p1b: Sinistcha|0 fnt
|faint|p1b: Sinistcha
|move|p1a: Delphox|Psychic|p2a: Charizard
|-damage|p2a: Charizard|55/100
|
|-weather|SunnyDay|[upkeep]
|upkeep
|turn|6
|
|t:|1786075692
|move|p2b: Whimsicott|Moonblast|p1a: Delphox
|-resisted|p1a: Delphox|1
|-damage|p1a: Delphox|65/100
|move|p2a: Charizard|Weather Ball|p1a: Delphox
|-resisted|p1a: Delphox|1
|-damage|p1a: Delphox|19/100
|move|p1a: Delphox|Heat Wave|p2a: Charizard|[spread] p2a,p2b
|-resisted|p2a: Charizard|1
|-supereffective|p2b: Whimsicott|1
|-damage|p2a: Charizard|27/100
|-damage|p2b: Whimsicott|0 fnt
|faint|p2b: Whimsicott
|
|-weather|SunnyDay|[upkeep]
|upkeep
|
|t:|1786075699
|switch|p2b: Garchomp|Garchomp, L50, M|100/100
|turn|7
|
|t:|1786075704
|move|p1a: Delphox|Protect|p1a: Delphox
|-singleturn|p1a: Delphox|Protect
|move|p2b: Garchomp|Dragon Claw|p1a: Delphox
|-activate|p1a: Delphox|move: Protect
|move|p2a: Charizard|Weather Ball|p1a: Delphox
|-activate|p1a: Delphox|move: Protect
|
|-weather|none
|upkeep
|turn|8
|
|t:|1786075712
|move|p1a: Delphox|Protect||[still]
|-fail|p1a: Delphox
|move|p2b: Garchomp|Dragon Claw|p1a: Delphox
|-damage|p1a: Delphox|0 fnt
|faint|p1a: Delphox
|
|win|Valaaeryl
||Valaaeryl is ready for game 2.
||test for MB is ready for game 2.
|uhtml|next|Next: Game 2 of 3
