|j|☆BuffBuneary
|j|☆RosieAndJim
|html|BuffBunearyRosieAndJim    
|uhtml|bestof|Game 2 of a best-of-3
|t:|1756666053
|gametype|doubles
|player|p1|BuffBuneary|shauntal|1070
|player|p2|RosieAndJim|169|1135
|gen|9
|tier|[Gen 9] VGC 2025 Reg H (Bo3)
|rated|
|rule|Species Clause: Limit one of each Pokémon
|rule|Item Clause: Limit 1 of each item
|clearpoke
|poke|p1|Annihilape, L50, M|
|poke|p1|Ninetales-Alola, L50, F|
|poke|p1|Talonflame, L50, F|
|poke|p1|Garchomp, L50, M|
|poke|p1|Vivillon-Ocean, L50, F|
|poke|p1|Gholdengo, L50|
|poke|p2|Archaludon, L50, F|
|poke|p2|Garchomp, L50, M|
|poke|p2|Incineroar, L50, M|
|poke|p2|Pelipper, L50, M|
|poke|p2|Talonflame, L50, M|
|poke|p2|Rillaboom, L50, M|
|teampreview|4
|showteam|p1|Annihilape||SafetyGoggles|Defiant|RageFist,DrainPunch,BulkUp,Protect|||M|||50|,,,,,Water]Ninetales-Alola||CovertCloak|SnowWarning|Blizzard,FreezeDry,AuroraVeil,Protect|||F|||50|,,,,,Ice]Talonflame||SharpBeak|GaleWings|DualWingbeat,Tailwind,WillOWisp,Protect|||F|||50|,,,,,Ghost]Garchomp||LifeOrb|RoughSkin|Earthquake,StompingTantrum,DragonClaw,Protect|||M|||50|,,,,,Steel]Vivillon-Ocean||FocusSash|CompoundEyes|SleepPowder,Hurricane,RagePowder,Protect|||F|||50|,,,,,Ghost]Gholdengo||IronPlate|GoodasGold|MakeItRain,ShadowBall,NastyPlot,Protect||||||50|,,,,,Steel
|showteam|p2|Archaludon||AssaultVest|Stamina|ElectroShot,DragonPulse,BodyPress,Snarl|||F|||50|,,,,,Grass]Garchomp||LifeOrb|RoughSkin|Earthquake,DragonClaw,StompingTantrum,Protect|||M|||50|,,,,,Ground]Incineroar||SafetyGoggles|Intimidate|FlareBlitz,KnockOff,PartingShot,FakeOut|||M|||50|,,,,,Ghost]Pelipper||FocusSash|Drizzle|WeatherBall,Hurricane,Tailwind,Protect|||M|||50|,,,,,Stellar]Talonflame||CovertCloak|GaleWings|BraveBird,Tailwind,Taunt,RainDance|||M|||50|,,,,,Flying]Rillaboom||ChoiceBand|GrassySurge|WoodHammer,GrassyGlide,HighHorsepower,Uturn|||M|||50|,,,,,Fire
|
|t:|1756666082
|teamsize|p1|4
|teamsize|p2|4
|start
|switch|p1a: Talonflame|Talonflame, L50, F|100/100
|switch|p1b: Garchomp|Garchomp, L50, M|100/100
|switch|p2a: Talonflame|Talonflame, L50, M|100/100
|switch|p2b: Garchomp|Garchomp, L50, M|100/100
|turn|1
|inactive|Battle timer is ON: inactive players will automatically lose when time's up. (requested by RosieAndJim)
|inactive|BuffBuneary has 60 seconds left.
|inactive|RosieAndJim has 60 seconds left.
|inactive|BuffBuneary has 30 seconds left.
|
|t:|1756666146
|-terastallize|p1b: Garchomp|Steel
|move|p2b: Garchomp|Protect|p2b: Garchomp
|-singleturn|p2b: Garchomp|Protect
|move|p2a: Talonflame|Tailwind|p2a: Talonflame
|-sidestart|p2: RosieAndJim|move: Tailwind
|move|p1a: Talonflame|Tailwind|p1a: Talonflame
|-sidestart|p1: BuffBuneary|move: Tailwind
|move|p1b: Garchomp|Dragon Claw|p2b: Garchomp
|-activate|p2b: Garchomp|move: Protect
|
|upkeep
|turn|2
|inactive|BuffBuneary has 30 seconds left.
|inactive|RosieAndJim has 30 seconds left.
|
|t:|1756666180
|switch|p2b: Incineroar|Incineroar, L50, M|100/100
|-ability|p2b: Incineroar|Intimidate|boost
|-unboost|p1a: Talonflame|atk|1
|-unboost|p1b: Garchomp|atk|1
|move|p1b: Garchomp|Protect|p1b: Garchomp
|-singleturn|p1b: Garchomp|Protect
|move|p1a: Talonflame|Will-O-Wisp|p2b: Incineroar
|-immune|p2b: Incineroar
|move|p2a: Talonflame|Taunt|p1a: Talonflame
|-start|p1a: Talonflame|move: Taunt
|
|upkeep
|turn|3
|inactive|BuffBuneary has 30 seconds left.
|inactive|BuffBuneary has 20 seconds left.
|
|t:|1756666219
|switch|p1a: Annihilape|Annihilape, L50, M, shiny|100/100
|switch|p2a: Garchomp|Garchomp, L50, M|100/100
|move|p2b: Incineroar|Fake Out|p1b: Garchomp
|-resisted|p1b: Garchomp
|-damage|p1b: Garchomp|94/100
|-damage|p2b: Incineroar|88/100|[from] ability: Rough Skin|[of] p1b: Garchomp
|cant|p1b: Garchomp|flinch
|
|upkeep
|turn|4
|inactive|BuffBuneary has 30 seconds left.
|
|t:|1756666251
|switch|p1b: Talonflame|Talonflame, L50, F|100/100
|switch|p2b: Talonflame|Talonflame, L50, M|100/100
|-terastallize|p2a: Garchomp|Ground
|move|p2a: Garchomp|Earthquake|p1b: Talonflame|[spread] p1a
|-immune|p2b: Talonflame
|-immune|p1b: Talonflame
|-damage|p1a: Annihilape|30/100
|-damage|p2a: Garchomp|91/100|[from] item: Life Orb
|move|p1a: Annihilape|Bulk Up|p1a: Annihilape
|-boost|p1a: Annihilape|atk|1
|-boost|p1a: Annihilape|def|1
|
|-sideend|p1: BuffBuneary|move: Tailwind
|-sideend|p2: RosieAndJim|move: Tailwind
|upkeep
|turn|5
|inactive|BuffBuneary has 30 seconds left.
|inactive|RosieAndJim has 30 seconds left.
|
|t:|1756666281
|move|p1a: Annihilape|Protect|p1a: Annihilape
|-singleturn|p1a: Annihilape|Protect
|move|p2b: Talonflame|Taunt|p1b: Talonflame
|-start|p1b: Talonflame|move: Taunt
|cant|p1b: Talonflame|move: Taunt|Will-O-Wisp
|move|p2a: Garchomp|Earthquake|p1b: Talonflame|[spread] 
|-activate|p1a: Annihilape|move: Protect
|-immune|p2b: Talonflame
|-immune|p1b: Talonflame
|
|upkeep
|turn|6
|inactive|BuffBuneary has 30 seconds left.
|inactive|RosieAndJim has 30 seconds left.
|inactive|BuffBuneary has 20 seconds left.
|
|t:|1756666320
|move|p2b: Talonflame|Tailwind|p2b: Talonflame
|-sidestart|p2: RosieAndJim|move: Tailwind
|move|p1b: Talonflame|Dual Wingbeat|p2a: Garchomp
|-damage|p2a: Garchomp|73/100
|-damage|p1b: Talonflame|88/100|[from] ability: Rough Skin|[of] p2a: Garchomp
|-damage|p2a: Garchomp|55/100
|-damage|p1b: Talonflame|76/100|[from] ability: Rough Skin|[of] p2a: Garchomp
|-hitcount|p2a: Garchomp|2
|move|p2a: Garchomp|Earthquake|p1b: Talonflame|[spread] p1a
|-immune|p2b: Talonflame
|-immune|p1b: Talonflame
|-damage|p1a: Annihilape|0 fnt
|faint|p1a: Annihilape
|-damage|p2a: Garchomp|45/100|[from] item: Life Orb
|
|upkeep
|
|t:|1756666337
|switch|p1a: Ninetales|Ninetales-Alola, L50, F, shiny|100/100
|-weather|Snowscape|[from] ability: Snow Warning|[of] p1a: Ninetales
|turn|7
|
|t:|1756666360
|move|p2b: Talonflame|Taunt|p1a: Ninetales
|-start|p1a: Ninetales|move: Taunt
|move|p2a: Garchomp|Earthquake|p1b: Talonflame|[spread] p1a
|-immune|p2b: Talonflame
|-immune|p1b: Talonflame
|-damage|p1a: Ninetales|28/100
|-damage|p2a: Garchomp|35/100|[from] item: Life Orb
|move|p1b: Talonflame|Dual Wingbeat|p2b: Talonflame
|-damage|p2b: Talonflame|75/100
|-damage|p2b: Talonflame|45/100
|-hitcount|p2b: Talonflame|2
|move|p1a: Ninetales|Blizzard|p2a: Garchomp|[spread] p2a,p2b
|-supereffective|p2a: Garchomp
|-damage|p2a: Garchomp|0 fnt
|-damage|p2b: Talonflame|0 fnt
|faint|p2a: Garchomp
|faint|p2b: Talonflame
|
|-weather|Snowscape|[upkeep]
|-end|p1b: Talonflame|move: Taunt
|upkeep
|
|t:|1756666378
|switch|p2b: Rillaboom|Rillaboom, L50, M|100/100
|switch|p2a: Incineroar|Incineroar, L50, M|88/100
|-fieldstart|move: Grassy Terrain|[from] ability: Grassy Surge|[of] p2b: Rillaboom
|-ability|p2a: Incineroar|Intimidate|boost
|-unboost|p1a: Ninetales|atk|1
|-unboost|p1b: Talonflame|atk|1
|turn|8
|inactive|RosieAndJim has 30 seconds left.
|inactive|RosieAndJim has 20 seconds left.
|
|t:|1756666414
|switch|p1a: Garchomp|Garchomp, L50, M, tera:Steel|94/100
|move|p1b: Talonflame|Protect|p1b: Talonflame
|-singleturn|p1b: Talonflame|Protect
|move|p2b: Rillaboom|Wood Hammer|p1b: Talonflame
|-activate|p1b: Talonflame|move: Protect
|move|p2a: Incineroar|Flare Blitz|p1a: Garchomp
|-supereffective|p1a: Garchomp
|-damage|p1a: Garchomp|0 fnt
|-damage|p2a: Incineroar|76/100|[from] ability: Rough Skin|[of] p1a: Garchomp
|faint|p1a: Garchomp
|-damage|p2a: Incineroar|48/100|[from] Recoil
|
|-weather|Snowscape|[upkeep]
|-heal|p2a: Incineroar|54/100|[from] Grassy Terrain
|upkeep
|
|t:|1756666428
|switch|p1a: Ninetales|Ninetales-Alola, L50, F, shiny|28/100
|turn|9
|
|t:|1756666446
|move|p2b: Rillaboom|Wood Hammer|p1b: Talonflame
|-resisted|p1b: Talonflame
|-damage|p1b: Talonflame|30/100
|-damage|p2b: Rillaboom|89/100|[from] Recoil
|move|p1b: Talonflame|Tailwind|p1b: Talonflame
|-sidestart|p1: BuffBuneary|move: Tailwind
|move|p1a: Ninetales|Blizzard|p2a: Incineroar|[spread] p2a,p2b
|-resisted|p2a: Incineroar
|-supereffective|p2b: Rillaboom
|-damage|p2a: Incineroar|42/100
|-damage|p2b: Rillaboom|16/100
|move|p2a: Incineroar|Flare Blitz|p1a: Ninetales
|-supereffective|p1a: Ninetales
|-damage|p1a: Ninetales|0 fnt
|faint|p1a: Ninetales
|-damage|p2a: Incineroar|35/100|[from] Recoil
|
|-weather|Snowscape|[upkeep]
|-heal|p2b: Rillaboom|22/100|[from] Grassy Terrain
|-heal|p2a: Incineroar|41/100|[from] Grassy Terrain
|-sideend|p2: RosieAndJim|move: Tailwind
|upkeep
|turn|10
|
|t:|1756666464
|move|p1b: Talonflame|Dual Wingbeat|p2b: Rillaboom
|-supereffective|p2b: Rillaboom
|-damage|p2b: Rillaboom|0 fnt
|faint|p2b: Rillaboom
|-hitcount|p2: Rillaboom|1
|move|p2a: Incineroar|Knock Off|p1b: Talonflame
|-damage|p1b: Talonflame|0 fnt
|-enditem|p1b: Talonflame|Sharp Beak|[from] move: Knock Off|[of] p2a: Incineroar
|faint|p1b: Talonflame
|
|win|RosieAndJim
