|j|☆benhumble
|j|☆Jirotz
|html|benhumbleJirotz    
|uhtml|bestof|Game 3 of a best-of-3
|t:|1782215350
|gametype|doubles
|player|p1|benhumble|266|1033
|player|p2|Jirotz|volkner|1000
|gen|9
|tier|[Gen 9 Champions] VGC 2026 Reg M-B (Bo3)
|rated|
|rule|Species Clause: Limit one of each Pokémon
|rule|Item Clause: Limit 1 of each item
|clearpoke
|poke|p1|Metagross, L50|
|poke|p1|Hydreigon, L50, F|
|poke|p1|Sneasler, L50, F|
|poke|p1|Incineroar, L50, M|
|poke|p1|Sinistcha, L50|
|poke|p1|Aerodactyl, L50, M|
|poke|p2|Scovillain, L50, M, shiny|
|poke|p2|Rotom-Wash, L50|
|poke|p2|Clefable, L50, M|
|poke|p2|Annihilape, L50, F|
|poke|p2|Farigiraf, L50, M|
|poke|p2|Dragalge, L50, M, shiny|
|teampreview|4
|showteam|p1|Metagross||Metagrossite|ClearBody|Protect,IcePunch,PsychicFangs,IronHead|Jolly|||||50|]Hydreigon||LifeOrb|Levitate|Protect,NastyPlot,DarkPulse,DracoMeteor|Modest||F|||50|]Sneasler||WhiteHerb|Unburden|FakeOut,Coaching,CloseCombat,DireClaw|Adamant||F|||50|]Incineroar||SitrusBerry|Intimidate|FakeOut,PartingShot,DarkestLariat,FlareBlitz|Brave||M|||50|]Sinistcha||CobaBerry|Hospitality|Protect,RagePowder,TrickRoom,MatchaGotcha|Quiet|||||50|]Aerodactyl||FocusSash|Pressure|Protect,Tailwind,DualWingbeat,RockSlide|Jolly||M|||50|
|showteam|p2|Scovillain||Scovillainite|Moody|Overheat,RagePowder,GigaDrain,Protect|Calm||M|||50|]Rotom-Wash||SitrusBerry|Levitate|Electroweb,HydroPump,LightScreen,Protect|Bold|||||50|]Clefable||BabiriBerry|Unaware|Moonblast,FollowMe,LifeDew,Protect|Calm||M|||50|]Annihilape||Leftovers|Defiant|RageFist,Protect,DrainPunch,BulkUp|Adamant||F|||50|]Farigiraf||ColburBerry|ArmorTail|Psychic,Thunderbolt,TrickRoom,Protect|Quiet||M|||50|]Dragalge||Dragalgite|Adaptability|Protect,Scald,SludgeBomb,DragonPulse|Relaxed||M|||50|
|inactive|Battle timer is ON: inactive players will automatically lose when time's up. (requested by benhumble)
|inactive|benhumble has 60 seconds left.
|
|t:|1782215392
|teamsize|p1|4
|teamsize|p2|4
|start
|switch|p1a: Hydreigon|Hydreigon, L50, F|100/100
|switch|p1b: Sneasler|Sneasler, L50, F|100/100
|switch|p2a: Jeansplant|Scovillain, L50, M, shiny|100/100
|switch|p2b: Annihilape|Annihilape, L50, F|100/100
|turn|1
|
|t:|1782215415
|detailschange|p2a: Jeansplant|Scovillain-Mega, L50, M, shiny
|-mega|p2a: Jeansplant|Scovillain|Scovillainite
|move|p1b: Sneasler|Dire Claw|p2a: Jeansplant
|-supereffective|p2a: Jeansplant|1
|-damage|p2a: Jeansplant|0 fnt
|-status|p1b: Sneasler|brn|[from] ability: Spicy Spray|[of] p2a: Jeansplant
|faint|p2a: Jeansplant
|move|p1a: Hydreigon|Nasty Plot|p1a: Hydreigon
|-boost|p1a: Hydreigon|spa|2
|move|p2b: Annihilape|Bulk Up|p2b: Annihilape
|-boost|p2b: Annihilape|atk|1
|-boost|p2b: Annihilape|def|1
|
|-damage|p1b: Sneasler|94/100 brn|[from] brn
|upkeep
|
|t:|1782215435
|switch|p2a: Clefable|Clefable, L50, M|100/100
|turn|2
|
|t:|1782215451
|move|p1a: Hydreigon|Protect|p1a: Hydreigon
|-singleturn|p1a: Hydreigon|Protect
|move|p2b: Annihilape|Protect|p2b: Annihilape
|-singleturn|p2b: Annihilape|Protect
|move|p1b: Sneasler|Dire Claw|p2a: Clefable
|-supereffective|p2a: Clefable|1
|-damage|p2a: Clefable|61/100
|move|p2a: Clefable|Moonblast|p1a: Hydreigon
|-activate|p1a: Hydreigon|move: Protect
|
|-damage|p1b: Sneasler|88/100 brn|[from] brn
|upkeep
|turn|3
|
|t:|1782215470
|switch|p1a: Sinistcha|Sinistcha, L50|100/100
|-heal|p1b: Sneasler|100/100 brn|[from] ability: Hospitality|[of] p1a: Sinistcha
|move|p2a: Clefable|Follow Me|p2a: Clefable
|-singleturn|p2a: Clefable|move: Follow Me
|move|p1b: Sneasler|Dire Claw|p2a: Clefable
|-supereffective|p2a: Clefable|1
|-damage|p2a: Clefable|19/100
|move|p2b: Annihilape|Drain Punch|p1a: Sinistcha
|-immune|p1a: Sinistcha
|
|-damage|p1b: Sneasler|94/100 brn|[from] brn
|upkeep
|turn|4
|
|t:|1782215491
|move|p1a: Sinistcha|Rage Powder|p1a: Sinistcha
|-singleturn|p1a: Sinistcha|move: Rage Powder
|move|p1b: Sneasler|Dire Claw|p2a: Clefable
|-supereffective|p2a: Clefable|1
|-damage|p2a: Clefable|0 fnt
|faint|p2a: Clefable
|move|p2b: Annihilape|Rage Fist|p1a: Sinistcha
|-supereffective|p1a: Sinistcha|1
|-damage|p1a: Sinistcha|32/100
|
|-damage|p1b: Sneasler|88/100 brn|[from] brn
|upkeep
|
|t:|1782215503
|switch|p2a: Rotom|Rotom-Wash, L50|100/100
|turn|5
|
|t:|1782215517
|move|p1b: Sneasler|Dire Claw|p2a: Rotom
|-damage|p2a: Rotom|79/100
|move|p2b: Annihilape|Drain Punch|p1b: Sneasler
|-resisted|p1b: Sneasler|1
|-damage|p1b: Sneasler|49/100 brn
|move|p2a: Rotom|Light Screen|p2a: Rotom
|-sidestart|p2: Jirotz|move: Light Screen
|move|p1a: Sinistcha|Matcha Gotcha|p2b: Annihilape|[spread] p2a,p2b
|-supereffective|p2a: Rotom|1
|-crit|p2b: Annihilape
|-damage|p2a: Rotom|46/100
|-heal|p1a: Sinistcha|47/100|[from] drain|[of] p2a: Rotom
|-damage|p2b: Annihilape|69/100
|-heal|p1a: Sinistcha|65/100|[from] drain|[of] p2b: Annihilape
|-enditem|p2a: Rotom|Sitrus Berry|[eat]
|-heal|p2a: Rotom|71/100|[from] item: Sitrus Berry
|
|-heal|p2b: Annihilape|75/100|[from] item: Leftovers
|-damage|p1b: Sneasler|43/100 brn|[from] brn
|upkeep
|turn|6
|inactive|Jirotz has 30 seconds left.
|
|t:|1782215547
|move|p1b: Sneasler|Dire Claw|p2a: Rotom
|-damage|p2a: Rotom|50/100g
|move|p2b: Annihilape|Rage Fist|p1a: Sinistcha
|-supereffective|p1a: Sinistcha|1
|-crit|p1a: Sinistcha
|-damage|p1a: Sinistcha|0 fnt
|faint|p1a: Sinistcha
|move|p2a: Rotom|Electroweb|p1b: Sneasler
|-damage|p1b: Sneasler|14/100 brn
|-unboost|p1b: Sneasler|spe|1
|-enditem|p1b: Sneasler|White Herb
|-clearnegativeboost|p1b: Sneasler|[silent]
|
|-heal|p2b: Annihilape|82/100|[from] item: Leftovers
|-damage|p1b: Sneasler|8/100 brn|[from] brn
|upkeep
|
|t:|1782215563
|switch|p1a: Metagross|Metagross, L50|100/100
|turn|7
|
|t:|1782215572
|detailschange|p1a: Metagross|Metagross-Mega, L50
|-mega|p1a: Metagross|Metagross|Metagrossite
|move|p2b: Annihilape|Protect|p2b: Annihilape
|-singleturn|p2b: Annihilape|Protect
|move|p1b: Sneasler|Dire Claw|p2a: Rotom
|-damage|p2a: Rotom|30/100
|move|p1a: Metagross|Psychic Fangs|p2b: Annihilape
|-activate|p2b: Annihilape|move: Protect
|move|p2a: Rotom|Electroweb|p1b: Sneasler|[spread] p1a,p1b
|-damage|p1a: Metagross|83/100
|-damage|p1b: Sneasler|0 fnt
|-unboost|p1a: Metagross|spe|1
|faint|p1b: Sneasler
|
|-heal|p2b: Annihilape|88/100|[from] item: Leftovers
|upkeep
|
|t:|1782215586
|switch|p1b: Hydreigon|Hydreigon, L50, F|100/100
|turn|8
|
|t:|1782215595
|move|p1b: Hydreigon|Dark Pulse|p2b: Annihilape
|-damage|p2b: Annihilape|61/100
|-damage|p1b: Hydreigon|90/100|[from] item: Life Orb
|move|p2b: Annihilape|Rage Fist|p1a: Metagross
|-supereffective|p1a: Metagross|1
|-damage|p1a: Metagross|0 fnt
|faint|p1a: Metagross
|move|p2a: Rotom|Electroweb|p1b: Hydreigon
|-resisted|p1b: Hydreigon|1
|-damage|p1b: Hydreigon|78/100
|-unboost|p1b: Hydreigon|spe|1
|
|-heal|p2b: Annihilape|67/100|[from] item: Leftovers
|upkeep
|turn|9
|-message|benhumble forfeited.
|
|win|Jirotz
|raw|benhumble's rating: 1033 → 1017(-16 for losing)
|raw|Jirotz's rating: 1000 → 1044(+44 for winning)
