|j|☆Raksbach123
|j|☆FamLiJr
|html|Raksbach123FamLiJr    
|uhtml|bestof|Game 1 of a best-of-3
|t:|1784620781
|gametype|doubles
|player|p1|Raksbach123|265|1027
|player|p2|FamLiJr|unknown|1036
|gen|9
|tier|[Gen 9 Champions] VGC 2026 Reg M-B (Bo3)
|rated|
|rule|Species Clause: Limit one of each Pokémon
|rule|Item Clause: Limit 1 of each item
|clearpoke
|poke|p1|Incineroar, L50, M|
|poke|p1|Kingambit, L50, F|
|poke|p1|Sinistcha, L50|
|poke|p1|Sneasler, L50, M|
|poke|p1|Blastoise, L50, M|
|poke|p1|Delphox, L50, M|
|poke|p2|Umbreon, L50, M, shiny|
|poke|p2|Staraptor, L50, M|
|poke|p2|Clefable, L50, F|
|poke|p2|Gholdengo, L50|
|poke|p2|Whimsicott, L50, M|
|poke|p2|Crabominable, L50, F|
|teampreview|4
|showteam|p1|Incineroar||SitrusBerry|Intimidate|FakeOut,FlareBlitz,ThroatChop,PartingShot|Impish||M|||50|]Kingambit||BlackGlasses|Defiant|KowtowCleave,SuckerPunch,SwordsDance,Protect|Adamant||F|||50|]Sinistcha||OccaBerry|Hospitality|MatchaGotcha,RagePowder,TrickRoom,Protect|Relaxed|||||50|]Sneasler||FocusSash|PoisonTouch|FakeOut,CloseCombat,PoisonJab,QuickGuard|Jolly||M|||50|]Blastoise||Blastoisinite|RainDish|WaterSpout,DarkPulse,ShellSmash,Protect|Modest||M|||50|]Delphox||Delphoxite|Blaze|HeatWave,Psychic,NastyPlot,Protect|Timid||M|||50|
|showteam|p2|Umbreon||Leftovers|InnerFocus|BabyDollEyes,Snarl,HelpingHand,Moonlight|Careful||M|||50|]Staraptor||Staraptite|Intimidate|CloseCombat,Roost,Uturn,BraveBird|Jolly||M|||50|]Clefable||SitrusBerry|Unaware|FollowMe,Moonblast,LifeDew,Protect|Bold||F|||50|]Gholdengo||WiseGlasses|GoodasGold|MakeItRain,ShadowBall,Protect,NastyPlot|Timid|||||50|]Whimsicott||MentalHerb|Prankster|Charm,Tailwind,Moonblast,Protect|Timid||M|||50|]Crabominable||Crabominite|HyperCutter|WideGuard,DrainPunch,ThunderPunch,Protect|Brave||F|||50|
|inactive|Battle timer is ON: inactive players will automatically lose when time's up. (requested by Raksbach123)
|
|t:|1784620800
|teamsize|p1|4
|teamsize|p2|4
|start
|switch|p1a: Sneasler|Sneasler, L50, M|100/100
|switch|p1b: Incineroar|Incineroar, L50, M|100/100
|switch|p2a: Chef-able|Clefable, L50, F|100/100
|switch|p2b: Jacob's Fave|Whimsicott, L50, M|100/100
|-ability|p1b: Incineroar|Intimidate|boost
|-unboost|p2a: Chef-able|atk|1
|-unboost|p2b: Jacob's Fave|atk|1
|turn|1
|
|t:|1784620821
|move|p1b: Incineroar|Fake Out|p2b: Jacob's Fave
|-damage|p2b: Jacob's Fave|87/100
|move|p2a: Chef-able|Follow Me|p2a: Chef-able
|-singleturn|p2a: Chef-able|move: Follow Me
|cant|p2b: Jacob's Fave|flinch
|move|p1a: Sneasler|Poison Jab|p2a: Chef-able
|-supereffective|p2a: Chef-able|1
|-damage|p2a: Chef-able|30/100
|-status|p2a: Chef-able|psn|[from] ability: Poison Touch|[of] p1a: Sneasler
|-enditem|p2a: Chef-able|Sitrus Berry|[eat]
|-heal|p2a: Chef-able|55/100 psn|[from] item: Sitrus Berry
|
|-damage|p2a: Chef-able|43/100 psn|[from] psn
|upkeep
|turn|2
|
|t:|1784620842
|move|p2b: Jacob's Fave|Tailwind|p2b: Jacob's Fave
|-sidestart|p2: FamLiJr|move: Tailwind
|move|p1a: Sneasler|Poison Jab|p2b: Jacob's Fave
|-supereffective|p2b: Jacob's Fave|2
|-damage|p2b: Jacob's Fave|0 fnt
|faint|p2b: Jacob's Fave
|move|p2a: Chef-able|Life Dew|p2a: Chef-able
|-heal|p2a: Chef-able|68/100 psn
|move|p1b: Incineroar|Flare Blitz|p2a: Chef-able
|-damage|p2a: Chef-able|31/100 psn
|-damage|p1b: Incineroar|87/100|[from] Recoil
|
|-damage|p2a: Chef-able|18/100 psn|[from] psn
|upkeep
|
|t:|1784620855
|switch|p2b: Umber|Umbreon, L50, M, shiny|100/100
|turn|3
|
|t:|1784620871
|move|p2b: Umber|Baby-Doll Eyes|p1a: Sneasler
|-unboost|p1a: Sneasler|atk|1
|move|p1a: Sneasler|Close Combat|p2b: Umber
|-supereffective|p2b: Umber|1
|-damage|p2b: Umber|40/100
|-unboost|p1a: Sneasler|def|1
|-unboost|p1a: Sneasler|spd|1
|-status|p2b: Umber|psn|[from] ability: Poison Touch|[of] p1a: Sneasler
|move|p2a: Chef-able|Moonblast|p1a: Sneasler
|-damage|p1a: Sneasler|55/100
|-unboost|p1a: Sneasler|spa|1
|move|p1b: Incineroar|Flare Blitz|p2b: Umber
|-damage|p2b: Umber|8/100 psn
|-damage|p1b: Incineroar|77/100|[from] Recoil
|
|-heal|p2b: Umber|14/100 psn|[from] item: Leftovers
|-damage|p2b: Umber|2/100 psn|[from] psn
|-damage|p2a: Chef-able|6/100 psn|[from] psn
|upkeep
|turn|4
|inactive|Raksbach123 has 30 seconds left.
|
|t:|1784620905
|move|p2a: Chef-able|Follow Me|p2a: Chef-able
|-singleturn|p2a: Chef-able|move: Follow Me
|move|p1a: Sneasler|Poison Jab|p2a: Chef-able
|-supereffective|p2a: Chef-able|1
|-damage|p2a: Chef-able|0 fnt
|faint|p2a: Chef-able
|move|p2b: Umber|Moonlight|p2b: Umber
|-heal|p2b: Umber|52/100 psn
|move|p1b: Incineroar|Flare Blitz|p2b: Umber
|-damage|p2b: Umber|20/100y psn
|-damage|p1b: Incineroar|66/100|[from] Recoil
|
|-heal|p2b: Umber|26/100 psn|[from] item: Leftovers
|-damage|p2b: Umber|14/100 psn|[from] psn
|upkeep
|
|t:|1784620918
|switch|p2a: Emo|Staraptor, L50, M|100/100
|-ability|p2a: Emo|Intimidate|boost
|-unboost|p1a: Sneasler|atk|1
|-unboost|p1b: Incineroar|atk|1
|turn|5
|
|t:|1784620929
|detailschange|p2a: Emo|Staraptor-Mega, L50, M
|-mega|p2a: Emo|Staraptor|Staraptite
|move|p2b: Umber|Baby-Doll Eyes|p2a: Emo
|-boost|p2a: Emo|atk|1
|move|p2a: Emo|Brave Bird|p1a: Sneasler
|-supereffective|p1a: Sneasler|1
|-damage|p1a: Sneasler|0 fnt
|faint|p1a: Sneasler
|-damage|p2a: Emo|82/100|[from] Recoil
|move|p1b: Incineroar|Flare Blitz|p2a: Emo
|-damage|p2a: Emo|51/100
|-damage|p1b: Incineroar|58/100|[from] Recoil
|
|-heal|p2b: Umber|20/100y psn|[from] item: Leftovers
|-damage|p2b: Umber|7/100 psn|[from] psn
|-sideend|p2: FamLiJr|move: Tailwind
|upkeep
|
|t:|1784620944
|switch|p1a: Sinistcha|Sinistcha, L50|100/100
|-heal|p1b: Incineroar|83/100|[from] ability: Hospitality|[of] p1a: Sinistcha
|turn|6
|
|t:|1784620957
|move|p2b: Umber|Baby-Doll Eyes|p2a: Emo
|-boost|p2a: Emo|atk|1
|move|p2a: Emo|Close Combat|p1b: Incineroar
|-supereffective|p1b: Incineroar|1
|-damage|p1b: Incineroar|0 fnt
|-boost|p2a: Emo|def|1
|-boost|p2a: Emo|spd|1
|faint|p1b: Incineroar
|move|p1a: Sinistcha|Matcha Gotcha|p2b: Umber|[spread] p2a,p2b
|-resisted|p2a: Emo|1
|-damage|p2a: Emo|41/100
|-damage|p2b: Umber|0 fnt
|faint|p2b: Umber
|
|upkeep
|
|t:|1784620970
|switch|p1b: Blastoise|Blastoise, L50, M|100/100
|turn|7
|
|t:|1784620974
|detailschange|p1b: Blastoise|Blastoise-Mega, L50, M
|-mega|p1b: Blastoise|Blastoise|Blastoisinite
|move|p1a: Sinistcha|Rage Powder|p1a: Sinistcha
|-singleturn|p1a: Sinistcha|move: Rage Powder
|move|p2a: Emo|Close Combat|p1a: Sinistcha
|-immune|p1a: Sinistcha
|move|p1b: Blastoise|Water Spout|p2a: Emo
|-damage|p2a: Emo|0 fnt
|faint|p2a: Emo
|
|win|Raksbach123
