|j|☆blfuller_4
|j|☆TailwindMakeItRain
|html|blfuller_4TailwindMakeItRain    
|uhtml|bestof|Game 2 of a best-of-3
|t:|1755921394
|gametype|doubles
|player|p1|blfuller_4|101|1328
|player|p2|TailwindMakeItRain|iris|1511
|gen|9
|tier|[Gen 9] VGC 2025 Reg H (Bo3)
|rated|
|rule|Species Clause: Limit one of each Pokémon
|rule|Item Clause: Limit 1 of each item
|clearpoke
|poke|p1|Tyranitar, L50, M|
|poke|p1|Excadrill, L50, F|
|poke|p1|Sneasler, L50, F|
|poke|p1|Indeedee, L50, M|
|poke|p1|Gholdengo, L50|
|poke|p1|Whimsicott, L50, F|
|poke|p2|Gholdengo, L50|
|poke|p2|Incineroar, L50, M|
|poke|p2|Amoonguss, L50, M|
|poke|p2|Sneasler, L50, M|
|poke|p2|Dragonite, L50, F|
|poke|p2|Ursaluna-Bloodmoon, L50, M|
|teampreview|4
|showteam|p1|Tyranitar||AssaultVest|SandStream|RockSlide,TeraBlast,KnockOff,LowKick|||M|||50|,,,,,Flying]Excadrill||FocusSash|SandRush|Protect,Earthquake,HighHorsepower,IronHead|||F|||50|,,,,,Stellar]Sneasler||PsychicSeed|Unburden|ThroatChop,Protect,CloseCombat,DireClaw|||F|||50|,,,,,Dark]Indeedee||ChoiceScarf|PsychicSurge|ExpandingForce,DazzlingGleam,ShadowBall,Trick|||M|||50|,,,,,Psychic]Gholdengo||ChoiceSpecs|GoodasGold|MakeItRain,ShadowBall,Thunderbolt,PowerGem||||||50|,,,,,Steel]Whimsicott||CovertCloak|Prankster|Tailwind,Moonblast,Encore,FakeTears|||F|||50|,,,,,Dark
|showteam|p2|Gholdengo||LifeOrb|GoodasGold|MakeItRain,ShadowBall,NastyPlot,Protect||||||50|,,,,,Water]Incineroar||SafetyGoggles|Intimidate|PartingShot,FlareBlitz,KnockOff,FakeOut|||M|||50|,,,,,Ghost]Amoonguss||SitrusBerry|Regenerator|Spore,RagePowder,PollenPuff,Protect|||M|||50|,,,,,Psychic]Sneasler||FocusSash|Unburden|DireClaw,CloseCombat,ThroatChop,Protect|||M|||50|,,,,,Stellar]Dragonite||LoadedDice|Multiscale|ScaleShot,Tailwind,Haze,Protect|||F|||50|,,,,,Fairy]Ursaluna-Bloodmoon||AssaultVest|MindsEye|BloodMoon,EarthPower,HyperVoice,VacuumWave|||M|||50|,,,,,Water
|
|t:|1755921414
|teamsize|p1|4
|teamsize|p2|4
|start
|switch|p1a: Gholdengo|Gholdengo, L50|100/100
|switch|p1b: Whimsicott|Whimsicott, L50, F|100/100
|switch|p2a: Incineroar|Incineroar, L50, M|100/100
|switch|p2b: Amoonguss|Amoonguss, L50, M, shiny|100/100
|-ability|p2a: Incineroar|Intimidate|boost
|-unboost|p1a: Gholdengo|atk|1
|-unboost|p1b: Whimsicott|atk|1
|turn|1
|
|t:|1755921434
|move|p2b: Amoonguss|Protect|p2b: Amoonguss
|-singleturn|p2b: Amoonguss|Protect
|move|p1b: Whimsicott|Fake Tears|p2b: Amoonguss
|-activate|p2b: Amoonguss|move: Protect
|move|p1a: Gholdengo|Make It Rain|p2b: Amoonguss|[spread] p2a
|-activate|p2b: Amoonguss|move: Protect
|-resisted|p2a: Incineroar
|-damage|p2a: Incineroar|72/100
|-unboost|p1a: Gholdengo|spa|1
|move|p2a: Incineroar|Flare Blitz|p1a: Gholdengo
|-supereffective|p1a: Gholdengo
|-damage|p1a: Gholdengo|0 fnt
|faint|p1a: Gholdengo
|-damage|p2a: Incineroar|46/100|[from] Recoil
|
|upkeep
|
|t:|1755921444
|switch|p1a: Excadrill|Excadrill, L50, F|100/100
|turn|2
|
|t:|1755921455
|switch|p2a: Ursaluna|Ursaluna-Bloodmoon, L50, M|100/100
|move|p2b: Amoonguss|Rage Powder|p2b: Amoonguss
|-singleturn|p2b: Amoonguss|move: Rage Powder
|move|p1b: Whimsicott|Encore|p2b: Amoonguss
|-start|p2b: Amoonguss|Encore
|move|p1a: Excadrill|Earthquake|p2a: Ursaluna|[spread] p1b,p2a,p2b
|-resisted|p1b: Whimsicott
|-damage|p1b: Whimsicott|76/100
|-damage|p2a: Ursaluna|68/100
|-damage|p2b: Amoonguss|61/100
|
|upkeep
|turn|3
|
|t:|1755921468
|switch|p2b: Incineroar|Incineroar, L50, M|46/100
|-ability|p2b: Incineroar|Intimidate|boost
|-unboost|p1a: Excadrill|atk|1
|-unboost|p1b: Whimsicott|atk|1
|-terastallize|p1a: Excadrill|Stellar
|move|p1b: Whimsicott|Moonblast|p2a: Ursaluna
|-damage|p2a: Ursaluna|51/100
|-unboost|p2a: Ursaluna|spa|1
|move|p1a: Excadrill|Earthquake|p2a: Ursaluna|[spread] p1b,p2a,p2b
|-resisted|p1b: Whimsicott
|-supereffective|p2b: Incineroar
|-damage|p1b: Whimsicott|50/100
|-damage|p2a: Ursaluna|21/100
|-damage|p2b: Incineroar|0 fnt
|faint|p2b: Incineroar
|move|p2a: Ursaluna|Earth Power|p1a: Excadrill
|-supereffective|p1a: Excadrill
|-damage|p1a: Excadrill|12/100
|
|upkeep
|
|t:|1755921487
|switch|p2b: Gholdengo|Gholdengo, L50|100/100
|turn|4
|
|t:|1755921493
|move|p1a: Excadrill|Protect|p1a: Excadrill
|-singleturn|p1a: Excadrill|Protect
|move|p1b: Whimsicott|Tailwind|p1b: Whimsicott
|-sidestart|p1: blfuller_4|move: Tailwind
|move|p2a: Ursaluna|Vacuum Wave|p1a: Excadrill
|-activate|p1a: Excadrill|move: Protect
|move|p2b: Gholdengo|Make It Rain|p1b: Whimsicott|[spread] p1b
|-activate|p1a: Excadrill|move: Protect
|-supereffective|p1b: Whimsicott
|-damage|p1b: Whimsicott|0 fnt
|-unboost|p2b: Gholdengo|spa|1
|faint|p1b: Whimsicott
|-damage|p2b: Gholdengo|91/100|[from] item: Life Orb
|
|upkeep
|
|t:|1755921502
|switch|p1b: Sneasler|Sneasler, L50, F|100/100
|turn|5
|
|t:|1755921510
|switch|p2b: Amoonguss|Amoonguss, L50, M, shiny|94/100
|move|p1a: Excadrill|Protect||[still]
|-fail|p1a: Excadrill
|move|p2a: Ursaluna|Vacuum Wave|p1a: Excadrill
|-supereffective|p1a: Excadrill
|-damage|p1a: Excadrill|0 fnt
|faint|p1a: Excadrill
|move|p1b: Sneasler|Dire Claw|p2a: Ursaluna
|-resisted|p2a: Ursaluna
|-damage|p2a: Ursaluna|4/100
|
|upkeep
|turn|6
|
|t:|1755921523
|move|p2b: Amoonguss|Rage Powder|p2b: Amoonguss
|-singleturn|p2b: Amoonguss|move: Rage Powder
|move|p1b: Sneasler|Dire Claw|p2b: Amoonguss
|-damage|p2b: Amoonguss|60/100
|move|p2a: Ursaluna|Earth Power|p1b: Sneasler
|-supereffective|p1b: Sneasler
|-damage|p1b: Sneasler|19/100
|-unboost|p1b: Sneasler|spd|1
|
|upkeep
|turn|7
|
|t:|1755921529
|move|p2b: Amoonguss|Rage Powder|p2b: Amoonguss
|-singleturn|p2b: Amoonguss|move: Rage Powder
|move|p1b: Sneasler|Dire Claw|p2b: Amoonguss
|-damage|p2b: Amoonguss|21/100
|-status|p2b: Amoonguss|slp
|-enditem|p2b: Amoonguss|Sitrus Berry|[eat]
|-heal|p2b: Amoonguss|46/100 slp|[from] item: Sitrus Berry
|move|p2a: Ursaluna|Earth Power|p1b: Sneasler
|-supereffective|p1b: Sneasler
|-damage|p1b: Sneasler|0 fnt
|faint|p1b: Sneasler
|
|win|TailwindMakeItRain
|raw|blfuller_4's rating: 1328 → 1318(-10 for losing)
|raw|TailwindMakeItRain's rating: 1511 → 1521(+10 for winning)
