|j|☆Cactusmax
|j|☆pela10
|html|Cactusmaxpela10    
|uhtml|bestof|Game 2 of a best-of-3
|t:|1785956244
|gametype|doubles
|player|p1|Cactusmax|ballguy|
|player|p2|pela10|brycenman|
|gen|9
|tier|[Gen 9 Champions] VGC 2026 Reg M-B (Bo3)
|rule|Species Clause: Limit one of each Pokémon
|rule|Item Clause: Limit 1 of each item
|clearpoke
|poke|p1|Sneasler, L50, M|
|poke|p1|Blastoise, L50, M|
|poke|p1|Kingambit, L50, M|
|poke|p1|Incineroar, L50, M|
|poke|p1|Delphox, L50, F|
|poke|p1|Sinistcha, L50|
|poke|p2|Staraptor, L50, M|
|poke|p2|Arcanine-Hisui, L50, M|
|poke|p2|Kingambit, L50, F|
|poke|p2|Sylveon, L50, M|
|poke|p2|Raichu, L50, F|
|poke|p2|Farigiraf, L50, M|
|teampreview|4
|showteam|p1|Sneasler||FocusSash|PoisonTouch|PoisonJab,CloseCombat,FakeOut,QuickGuard|Jolly||M|||50|]Blastoise||Blastoisinite|RainDish|DarkPulse,WaterSpout,ShellSmash,Protect|Modest||M|||50|]Kingambit||LifeOrb|Defiant|KowtowCleave,SuckerPunch,SwordsDance,Protect|Adamant||M|||50|]Incineroar||SitrusBerry|Intimidate|FlareBlitz,HelpingHand,PartingShot,FakeOut|Careful||M|||50|]Delphox||Delphoxite|Blaze|HeatWave,NastyPlot,Psyshock,Protect|Modest||F|||50|]Sinistcha||OccaBerry|Hospitality|MatchaGotcha,RagePowder,TrickRoom,Protect|Bold|||||50|
|showteam|p2|Staraptor||Staraptite|Intimidate|DualWingbeat,CloseCombat,Tailwind,Protect|Jolly||M|||50|]Arcanine-Hisui||FocusSash|RockHead|FlareBlitz,HeadSmash,ExtremeSpeed,Protect|Jolly||M|||50|]Kingambit||LifeOrb|Defiant|KowtowCleave,SuckerPunch,SwordsDance,Protect|Adamant||F|||50|]Sylveon||FairyFeather|Pixilate|HyperVoice,HyperBeam,QuickAttack,Detect|Modest||M|||50|]Raichu||RaichuniteY|LightningRod|ZapCannon,FakeOut,Protect,FocusBlast|Timid||F|||50|]Farigiraf||SitrusBerry|ArmorTail|TwinBeam,HelpingHand,Protect,TrickRoom|Calm||M|||50|
|inactive|Battle timer is ON: inactive players will automatically lose when time's up. (requested by pela10)
|inactive|Cactusmax has 60 seconds left.
|inactive|pela10 has 60 seconds left.
|
|t:|1785956290
|teamsize|p1|4
|teamsize|p2|4
|start
|switch|p1a: Blastoise|Blastoise, L50, M|100/100
|switch|p1b: Sinistcha|Sinistcha, L50|100/100
|switch|p2a: Staraptor|Staraptor, L50, M|100/100
|switch|p2b: Arcanine|Arcanine-Hisui, L50, M|100/100
|-ability|p2a: Staraptor|Intimidate|boost
|-unboost|p1a: Blastoise|atk|1
|-unboost|p1b: Sinistcha|atk|1
|turn|1
|inactive|Cactusmax has 30 seconds left.
|inactive|pela10 has 30 seconds left.
|inactive|Cactusmax has 20 seconds left.
|
|t:|1785956326
|detailschange|p2a: Staraptor|Staraptor-Mega, L50, M
|-mega|p2a: Staraptor|Staraptor|Staraptite
|detailschange|p1a: Blastoise|Blastoise-Mega, L50, M
|-mega|p1a: Blastoise|Blastoise|Blastoisinite
|move|p1a: Blastoise|Protect|p1a: Blastoise
|-singleturn|p1a: Blastoise|Protect
|move|p2a: Staraptor|Close Combat|p1a: Blastoise
|-activate|p1a: Blastoise|move: Protect
|move|p2b: Arcanine|Flare Blitz|p1b: Sinistcha
|-supereffective|p1b: Sinistcha|1
|-enditem|p1b: Sinistcha|Occa Berry|[eat]
|-enditem|p1b: Sinistcha|Occa Berry|[weaken]
|-damage|p1b: Sinistcha|48/100
|-status|p1b: Sinistcha|brn
|move|p1b: Sinistcha|Matcha Gotcha|p2b: Arcanine|[spread] p2a,p2b
|-resisted|p2a: Staraptor|1
|-damage|p2a: Staraptor|87/100
|-heal|p1b: Sinistcha|55/100 brn|[from] drain|[of] p2a: Staraptor
|-damage|p2b: Arcanine|69/100
|-heal|p1b: Sinistcha|69/100 brn|[from] drain|[of] p2b: Arcanine
|-status|p2a: Staraptor|brn
|
|-damage|p2a: Staraptor|81/100 brn|[from] brn
|-damage|p1b: Sinistcha|63/100 brn|[from] brn
|upkeep
|turn|2
|
|t:|1785956347
|move|p2b: Arcanine|Protect|p2b: Arcanine
|-singleturn|p2b: Arcanine|Protect
|move|p1b: Sinistcha|Rage Powder|p1b: Sinistcha
|-singleturn|p1b: Sinistcha|move: Rage Powder
|move|p2a: Staraptor|Dual Wingbeat|p1b: Sinistcha|[miss]
|-miss|p2a: Staraptor|p1b: Sinistcha
|move|p1a: Blastoise|Water Spout|p2b: Arcanine|[spread] p2a
|-activate|p2b: Arcanine|move: Protect
|-damage|p2a: Staraptor|6/100 brn
|
|-damage|p2a: Staraptor|1/100 brn|[from] brn
|-damage|p1b: Sinistcha|57/100 brn|[from] brn
|upkeep
|turn|3
|inactive|pela10 has 30 seconds left.
|
|t:|1785956381
|move|p1b: Sinistcha|Rage Powder|p1b: Sinistcha
|-singleturn|p1b: Sinistcha|move: Rage Powder
|move|p2a: Staraptor|Dual Wingbeat|p1b: Sinistcha
|-supereffective|p1b: Sinistcha|1
|-damage|p1b: Sinistcha|40/100 brn
|-supereffective|p1b: Sinistcha|1
|-damage|p1b: Sinistcha|21/100 brn
|-hitcount|p1b: Sinistcha|2
|move|p2b: Arcanine|Flare Blitz|p1b: Sinistcha
|-supereffective|p1b: Sinistcha|1
|-damage|p1b: Sinistcha|0 fnt
|faint|p1b: Sinistcha
|move|p1a: Blastoise|Water Spout|p2a: Staraptor|[spread] p2a,p2b
|-supereffective|p2b: Arcanine|2
|-damage|p2a: Staraptor|0 fnt
|-damage|p2b: Arcanine|0 fnt
|faint|p2a: Staraptor
|faint|p2b: Arcanine
|
|upkeep
|
|t:|1785956401
|switch|p2a: Kingambit|Kingambit, L50, F|100/100
|switch|p2b: Sylveon|Sylveon, L50, M|100/100
|switch|p1b: Kingambit|Kingambit, L50, M|100/100
|turn|4
|inactive|Cactusmax has 30 seconds left.
|inactive|pela10 has 30 seconds left.
|
|t:|1785956430
|move|p1a: Blastoise|Water Spout|p2b: Sylveon|[spread] p2a,p2b
|-damage|p2a: Kingambit|35/100
|-damage|p2b: Sylveon|45/100
|move|p2b: Sylveon|Hyper Voice|p1a: Blastoise|[spread] p1a,p1b
|-damage|p1a: Blastoise|49/100
|-damage|p1b: Kingambit|56/100
|move|p1b: Kingambit|Kowtow Cleave|p2a: Kingambit
|-resisted|p2a: Kingambit|1
|-damage|p2a: Kingambit|12/100
|-damage|p1b: Kingambit|46/100|[from] item: Life Orb
|move|p2a: Kingambit|Swords Dance|p2a: Kingambit
|-boost|p2a: Kingambit|atk|2
|
|upkeep
|turn|5
|inactive|Cactusmax has 30 seconds left.
|
|t:|1785956463
|move|p2a: Kingambit|Sucker Punch|p1a: Blastoise
|-damage|p1a: Blastoise|0 fnt
|faint|p1a: Blastoise
|-damage|p2a: Kingambit|2/100|[from] item: Life Orb
|move|p1b: Kingambit|Sucker Punch||[still]
|-fail|p1b: Kingambit
|move|p2b: Sylveon|Hyper Voice|p1b: Kingambit
|-damage|p1b: Kingambit|0 fnt
|faint|p1b: Kingambit
|
|upkeep
|
|t:|1785956466
|switch|p1b: Sneasler|Sneasler, L50, M|100/100
|turn|6
|inactive|Cactusmax has 30 seconds left.
|inactive|pela10 has 30 seconds left.
|
|t:|1785956500
|move|p2b: Sylveon|Detect|p2b: Sylveon
|-singleturn|p2b: Sylveon|Protect
|move|p2a: Kingambit|Protect|p2a: Kingambit
|-singleturn|p2a: Kingambit|Protect
|move|p1b: Sneasler|Fake Out|p2a: Kingambit
|-activate|p2a: Kingambit|move: Protect
|
|upkeep
|turn|7
|inactive|pela10 has 30 seconds left.
|inactive|Cactusmax has 30 seconds left.
|
|t:|1785956538
|move|p1b: Sneasler|Quick Guard|p1b: Sneasler
|-singleturn|p1b: Sneasler|Quick Guard
|move|p2b: Sylveon|Quick Attack|p1b: Sneasler
|-activate|p1b: Sneasler|move: Quick Guard
|move|p2a: Kingambit|Sucker Punch||[still]
|-fail|p2a: Kingambit
|
|upkeep
|turn|8
|
|t:|1785956550
|move|p1b: Sneasler|Quick Guard|p1b: Sneasler
|-singleturn|p1b: Sneasler|Quick Guard
|move|p2b: Sylveon|Quick Attack|p1b: Sneasler
|-activate|p1b: Sneasler|move: Quick Guard
|move|p2a: Kingambit|Sucker Punch||[still]
|-fail|p2a: Kingambit
|
|upkeep
|turn|9
|
|t:|1785956565
|move|p1b: Sneasler|Quick Guard|p1b: Sneasler
|-singleturn|p1b: Sneasler|Quick Guard
|move|p2a: Kingambit|Sucker Punch||[still]
|-fail|p2a: Kingambit
|move|p2b: Sylveon|Hyper Voice|p1b: Sneasler
|-damage|p1b: Sneasler|15/100
|
|upkeep
|turn|10
|
|t:|1785956578
|move|p1b: Sneasler|Quick Guard|p1b: Sneasler
|-singleturn|p1b: Sneasler|Quick Guard
|move|p2a: Kingambit|Sucker Punch||[still]
|-fail|p2a: Kingambit
|move|p2b: Sylveon|Hyper Voice|p1b: Sneasler
|-damage|p1b: Sneasler|0 fnt
|faint|p1b: Sneasler
|
|win|pela10
