|j|☆DiscBored
|j|☆the_foxdark
|html|DiscBoredthe_foxdark    
|uhtml|bestof|Game 1 of a best-of-3
|t:|1757008474
|gametype|doubles
|player|p1|DiscBored|102|1131
|player|p2|the_foxdark|gambler|1034
|gen|9
|tier|[Gen 9] VGC 2025 Reg H (Bo3)
|rated|
|rule|Species Clause: Limit one of each Pokémon
|rule|Item Clause: Limit 1 of each item
|clearpoke
|poke|p1|Dragonite, L50, M|
|poke|p1|Incineroar, L50, F|
|poke|p1|Rillaboom, L50, F|
|poke|p1|Whimsicott, L50, M|
|poke|p1|Gholdengo, L50|
|poke|p1|Archaludon, L50, F|
|poke|p2|Jolteon, L50, M|
|poke|p2|Corviknight, L50, F|
|poke|p2|Garchomp, L50, F|
|poke|p2|Volcarona, L50, M|
|poke|p2|Amoonguss, L50, F|
|poke|p2|Samurott-Hisui, L50, F|
|teampreview|4
|showteam|p1|Dragonite||LoadedDice|Multiscale|ScaleShot,ExtremeSpeed,Protect,StompingTantrum|||M|||50|,,,,,Normal]Incineroar||SafetyGoggles|Intimidate|FakeOut,KnockOff,PartingShot,Protect|||F|||50|,,,,,Ghost]Rillaboom||AssaultVest|GrassySurge|HighHorsepower,FakeOut,WoodHammer,GrassyGlide|||F|||50|,,,,,Water]Whimsicott||FocusSash|Prankster|Protect,Moonblast,Tailwind,Taunt|||M|||50|,,,,,Ghost]Gholdengo||LifeOrb|GoodasGold|MakeItRain,Protect,NastyPlot,ShadowBall||||||50|,,,,,Dragon]Archaludon||PowerHerb|Sturdy|ElectroShot,DragonPulse,Protect,Snarl|||F|||50|,,,,,Electric
|showteam|p2|Jolteon||FocusSash|VoltAbsorb|Electroweb,VoltSwitch,TeraBlast,Protect|||M|||50|,,,,,Ice]Corviknight||RockyHelmet|MirrorArmor|BraveBird,BodyPress,Roost,Tailwind|||F|||50|,,,,,Dragon]Garchomp||LifeOrb|RoughSkin|DragonClaw,Earthquake,StompingTantrum,Protect|||F|||50|,,,,,Steel]Volcarona||Leftovers|FlameBody|Flamethrower,GigaDrain,QuiverDance,Protect|||M|||50|,,,,,Grass]Amoonguss||MentalHerb|Regenerator|ClearSmog,PollenPuff,RagePowder,Spore|||F|||50|,,,,,Water]Samurott-Hisui||AssaultVest|Sharpness|AquaCutter,NightSlash,SacredSword,SuckerPunch|||F|||50|,,,,,Poison
|
|t:|1757008499
|teamsize|p1|4
|teamsize|p2|4
|start
|switch|p1a: Whimsicott|Whimsicott, L50, M|100/100
|switch|p1b: Dragonite|Dragonite, L50, M|100/100
|switch|p2a: Jolteon|Jolteon, L50, M, shiny|100/100
|switch|p2b: Garchomp|Garchomp, L50, F, shiny|100/100
|turn|1
|
|t:|1757008531
|move|p2b: Garchomp|Protect|p2b: Garchomp
|-singleturn|p2b: Garchomp|Protect
|move|p1b: Dragonite|Protect|p1b: Dragonite
|-singleturn|p1b: Dragonite|Protect
|move|p1a: Whimsicott|Tailwind|p1a: Whimsicott
|-sidestart|p1: DiscBored|move: Tailwind
|move|p2a: Jolteon|Electroweb|p1a: Whimsicott|[spread] p1a
|-activate|p1b: Dragonite|move: Protect
|-resisted|p1a: Whimsicott
|-damage|p1a: Whimsicott|86/100
|-unboost|p1a: Whimsicott|spe|1
|
|upkeep
|turn|2
|
|t:|1757008549
|move|p1b: Dragonite|Scale Shot|p2a: Jolteon
|-damage|p2a: Jolteon|73/100
|-damage|p2a: Jolteon|44/100
|-damage|p2a: Jolteon|15/100
|-damage|p2a: Jolteon|0 fnt
|faint|p2a: Jolteon
|-hitcount|p2: Jolteon|4
|-unboost|p1b: Dragonite|def|1
|-boost|p1b: Dragonite|spe|1
|move|p1a: Whimsicott|Moonblast|p2b: Garchomp
|-supereffective|p2b: Garchomp
|-damage|p2b: Garchomp|28/100
|move|p2b: Garchomp|Dragon Claw|p1b: Dragonite
|-supereffective|p1b: Dragonite
|-damage|p1b: Dragonite|9/100
|-damage|p2b: Garchomp|19/100|[from] item: Life Orb
|
|upkeep
|
|t:|1757008565
|switch|p2a: Volcarona|Volcarona, L50, M, shiny|100/100
|turn|3
|j| FreeWinSoHappy
|l| FreeWinSoHappy
|
|t:|1757008575
|move|p1b: Dragonite|Protect|p1b: Dragonite
|-singleturn|p1b: Dragonite|Protect
|move|p2b: Garchomp|Protect|p2b: Garchomp
|-singleturn|p2b: Garchomp|Protect
|move|p1a: Whimsicott|Moonblast|p2b: Garchomp
|-activate|p2b: Garchomp|move: Protect
|move|p2a: Volcarona|Quiver Dance|p2a: Volcarona
|-boost|p2a: Volcarona|spa|1
|-boost|p2a: Volcarona|spd|1
|-boost|p2a: Volcarona|spe|1
|
|upkeep
|turn|4
|
|t:|1757008590
|switch|p2b: Corviknight|Corviknight, L50, F, shiny|100/100
|move|p1b: Dragonite|Scale Shot|p2a: Volcarona|[miss]
|-miss|p1b: Dragonite|p2a: Volcarona
|move|p1a: Whimsicott|Moonblast|p2b: Corviknight
|-resisted|p2b: Corviknight
|-damage|p2b: Corviknight|82/100
|move|p2a: Volcarona|Quiver Dance|p2a: Volcarona
|-boost|p2a: Volcarona|spa|1
|-boost|p2a: Volcarona|spd|1
|-boost|p2a: Volcarona|spe|1
|
|-sideend|p1: DiscBored|move: Tailwind
|upkeep
|turn|5
|
|t:|1757008608
|move|p1b: Dragonite|Protect|p1b: Dragonite
|-singleturn|p1b: Dragonite|Protect
|move|p1a: Whimsicott|Tailwind|p1a: Whimsicott
|-sidestart|p1: DiscBored|move: Tailwind
|move|p2a: Volcarona|Flamethrower|p1a: Whimsicott
|-supereffective|p1a: Whimsicott
|-damage|p1a: Whimsicott|0 fnt
|faint|p1a: Whimsicott
|move|p2b: Corviknight|Tailwind|p2b: Corviknight
|-sidestart|p2: the_foxdark|move: Tailwind
|
|upkeep
|
|t:|1757008624
|switch|p1a: Archaludon|Archaludon, L50, F|100/100
|turn|6
|
|t:|1757008636
|move|p2a: Volcarona|Flamethrower|p1a: Archaludon
|-ability|p1a: Archaludon|Sturdy
|-damage|p1a: Archaludon|1/100
|-status|p1a: Archaludon|brn
|move|p1b: Dragonite|Scale Shot|p2a: Volcarona
|-damage|p2a: Volcarona|83/100
|-damage|p2a: Volcarona|65/100
|-damage|p2a: Volcarona|48/100
|-crit|p2a: Volcarona
|-damage|p2a: Volcarona|24/100
|-hitcount|p2a: Volcarona|4
|-unboost|p1b: Dragonite|def|1
|-boost|p1b: Dragonite|spe|1
|move|p1a: Archaludon|Electro Shot||[still]
|-prepare|p1a: Archaludon|Electro Shot
|-boost|p1a: Archaludon|spa|1
|-enditem|p1a: Archaludon|Power Herb
|-anim|p1a: Archaludon|Electro Shot|p2b: Corviknight
|-supereffective|p2b: Corviknight
|-damage|p2b: Corviknight|0 fnt
|faint|p2b: Corviknight
|
|-heal|p2a: Volcarona|30/100|[from] item: Leftovers
|-damage|p1a: Archaludon|0 fnt|[from] brn
|faint|p1a: Archaludon
|upkeep
|
|t:|1757008658
|switch|p1a: Incineroar|Incineroar, L50, F|100/100
|switch|p2b: Garchomp|Garchomp, L50, F, shiny|19/100
|-ability|p1a: Incineroar|Intimidate|boost
|-unboost|p2a: Volcarona|atk|1
|-unboost|p2b: Garchomp|atk|1
|turn|7
|
|t:|1757008674
|-terastallize|p1b: Dragonite|Normal
|move|p2a: Volcarona|Protect|p2a: Volcarona
|-singleturn|p2a: Volcarona|Protect
|move|p2b: Garchomp|Protect|p2b: Garchomp
|-singleturn|p2b: Garchomp|Protect
|move|p1a: Incineroar|Fake Out|p2b: Garchomp
|-activate|p2b: Garchomp|move: Protect
|move|p1b: Dragonite|Extreme Speed|p2a: Volcarona
|-activate|p2a: Volcarona|move: Protect
|
|-heal|p2a: Volcarona|36/100|[from] item: Leftovers
|upkeep
|turn|8
|
|t:|1757008698
|move|p1b: Dragonite|Extreme Speed|p2a: Volcarona
|-damage|p2a: Volcarona|0 fnt
|-status|p1b: Dragonite|brn|[from] ability: Flame Body|[of] p2a: Volcarona
|faint|p2a: Volcarona
|move|p2b: Garchomp|Stomping Tantrum|p1a: Incineroar
|-supereffective|p1a: Incineroar
|-damage|p1a: Incineroar|35/100
|-damage|p2b: Garchomp|9/100|[from] item: Life Orb
|move|p1a: Incineroar|Knock Off|p2b: Garchomp
|-damage|p2b: Garchomp|0 fnt
|-damage|p1a: Incineroar|22/100|[from] ability: Rough Skin|[of] p2b: Garchomp
|-enditem|p2b: Garchomp|Life Orb|[from] move: Knock Off|[of] p1a: Incineroar
|faint|p2b: Garchomp
|
|win|DiscBored
||the_foxdark is ready for game 2.
|inactive|DiscBored has 30 seconds to confirm battle start!
||DiscBored is ready for game 2.
|uhtml|next|Next: Game 2 of 3
|l|☆the_foxdark
|player|p2|
