|j|☆Miilanz
|j|☆munchie2ff
|html|Miilanzmunchie2ff    
|uhtml|bestof|Game 3 of a best-of-3
|t:|1783978945
|gametype|doubles
|player|p1|Miilanz|caitlin|
|player|p2|munchie2ff|colress|
|gen|9
|tier|[Gen 9 Champions] VGC 2026 Reg M-B (Bo3)
|rule|Species Clause: Limit one of each Pokémon
|rule|Item Clause: Limit 1 of each item
|clearpoke
|poke|p1|Venusaur, L50, M|
|poke|p1|Torkoal, L50, F|
|poke|p1|Pyroar, L50, F, shiny|
|poke|p1|Farigiraf, L50, M|
|poke|p1|Garchomp, L50, F|
|poke|p1|Sylveon, L50, M|
|poke|p2|Charizard, L50, F|
|poke|p2|Floette-Eternal, L50, F|
|poke|p2|Whimsicott, L50, M|
|poke|p2|Kingambit, L50, F|
|poke|p2|Garchomp, L50, M|
|poke|p2|Basculegion, L50, M|
|teampreview|4
|showteam|p1|Venusaur||Venusaurite|Chlorophyll|SludgeBomb,EarthPower,Protect,GigaDrain|Timid||M|||50|]Torkoal||SitrusBerry|Drought|HelpingHand,Yawn,Protect,HeatWave|Modest||F|||50|]Pyroar||Pyroarite|Unnerve|HeatWave,Overheat,SolarBeam,Protect|Timid||F|||50|]Farigiraf||ColburBerry|ArmorTail|Psychic,Thunderbolt,Protect,TrickRoom|Bold||M|||50|]Garchomp||LifeOrb|RoughSkin|DragonClaw,RockSlide,StompingTantrum,Protect|Timid||F|||50|]Sylveon||FairyFeather|Pixilate|HyperVoice,Detect,HyperBeam,DrainingKiss|Modest||M|||50|
|showteam|p2|Charizard||CharizarditeY|Blaze|HeatWave,WeatherBall,SolarBeam,Protect|Modest||F|||50|]Floette-Eternal||Floettite|FlowerVeil|DazzlingGleam,Protect,Moonblast,LightofRuin|Modest||F|||50|]Whimsicott||FocusSash|Prankster|Moonblast,Protect,Tailwind,Encore|Timid||M|||50|]Kingambit||ChopleBerry|Defiant|KowtowCleave,SuckerPunch,IronHead,Protect|Adamant||F|||50|]Garchomp||RoseliBerry|RoughSkin|DragonClaw,Earthquake,RockSlide,PoisonJab|Jolly||M|||50|]Basculegion||LifeOrb|Adaptability|WaveCrash,LastRespects,AquaJet,Protect|Adamant||M|||50|
|j| 0hgan
|j| RiotJuice
|j| monsoonisbest
|j| FullCrimp
|j| FBIsurveillanceman
|
|t:|1783979020
|teamsize|p1|4
|teamsize|p2|4
|start
|switch|p1a: Pyroar|Pyroar, L50, F, shiny|100/100
|switch|p1b: Torkoal|Torkoal, L50, F|100/100
|switch|p2a: Jaws 4D|Garchomp, L50, M|100/100
|switch|p2b: Whimbanyama|Whimsicott, L50, M|100/100
|-ability|p1a: Pyroar|Unnerve
|-weather|SunnyDay|[from] ability: Drought|[of] p1b: Torkoal
|turn|1
|
|t:|1783979033
|detailschange|p1a: Pyroar|Pyroar-Mega, L50, F, shiny
|-mega|p1a: Pyroar|Pyroar|Pyroarite
|move|p1b: Torkoal|Helping Hand|p1a: Pyroar
|-singleturn|p1a: Pyroar|Helping Hand|[of] p1b: Torkoal
|move|p2b: Whimbanyama|Tailwind|p2b: Whimbanyama
|-sidestart|p2: munchie2ff|move: Tailwind
|move|p2a: Jaws 4D|Rock Slide|p1a: Pyroar|[spread] p1a,p1b
|-supereffective|p1a: Pyroar|1
|-crit|p1a: Pyroar
|-supereffective|p1b: Torkoal|1
|-damage|p1a: Pyroar|33/100
|-damage|p1b: Torkoal|70/100
|cant|p1a: Pyroar|flinch
|
|-weather|SunnyDay|[upkeep]
|upkeep
|turn|2
|
|t:|1783979056
|switch|p1a: Farigiraf|Farigiraf, L50, M|100/100
|move|p2b: Whimbanyama|Moonblast|p1b: Torkoal
|-resisted|p1b: Torkoal|1
|-damage|p1b: Torkoal|46/100
|-enditem|p1b: Torkoal|Sitrus Berry|[eat]
|-heal|p1b: Torkoal|71/100|[from] item: Sitrus Berry
|move|p2a: Jaws 4D|Earthquake|p1a: Farigiraf|[spread] p2b,p1a,p1b
|-resisted|p2b: Whimbanyama|1
|-supereffective|p1b: Torkoal|1
|-damage|p2b: Whimbanyama|71/100
|-damage|p1a: Farigiraf|70/100
|-damage|p1b: Torkoal|12/100
|move|p1b: Torkoal|Yawn|p2a: Jaws 4D
|-start|p2a: Jaws 4D|move: Yawn|[of] p1b: Torkoal
|
|-weather|SunnyDay|[upkeep]
|upkeep
|turn|3
|l| FBIsurveillanceman
|
|t:|1783979080
|switch|p2a: Bascline Junkie|Basculegion, L50, M|100/100
|move|p2b: Whimbanyama|Moonblast|p1b: Torkoal
|-resisted|p1b: Torkoal|1
|-damage|p1b: Torkoal|0 fnt
|faint|p1b: Torkoal
|move|p1a: Farigiraf|Trick Room|p1a: Farigiraf
|-fieldstart|move: Trick Room|[of] p1a: Farigiraf
|
|-weather|SunnyDay|[upkeep]
|upkeep
|j| FBIsurveillanceman
|
|t:|1783979090
|switch|p1b: Pyroar|Pyroar-Mega, L50, F, shiny|33/100
|turn|4
|
|t:|1783979117
|move|p2b: Whimbanyama|Protect|p2b: Whimbanyama
|-singleturn|p2b: Whimbanyama|Protect
|move|p2a: Bascline Junkie|Protect|p2a: Bascline Junkie
|-singleturn|p2a: Bascline Junkie|Protect
|move|p1a: Farigiraf|Thunderbolt|p2a: Bascline Junkie
|-activate|p2a: Bascline Junkie|move: Protect
|move|p1b: Pyroar|Solar Beam||[still]
|-prepare|p1b: Pyroar|Solar Beam
|-anim|p1b: Pyroar|Solar Beam|p2a: Bascline Junkie
|-activate|p2a: Bascline Junkie|move: Protect
|
|-weather|SunnyDay|[upkeep]
|-sideend|p2: munchie2ff|move: Tailwind
|upkeep
|turn|5
|
|t:|1783979140
|switch|p2a: Jaws 4D|Garchomp, L50, M|100/100
|move|p1b: Pyroar|Protect|p1b: Pyroar
|-singleturn|p1b: Pyroar|Protect
|move|p2b: Whimbanyama|Moonblast|p1a: Farigiraf
|-damage|p1a: Farigiraf|41/100
|move|p1a: Farigiraf|Trick Room|p1a: Farigiraf
|-fieldend|move: Trick Room
|
|-weather|none
|upkeep
|turn|6
|
|t:|1783979169
|switch|p1b: Garchomp|Garchomp, L50, F|100/100
|move|p2b: Whimbanyama|Moonblast|p1a: Farigiraf
|-damage|p1a: Farigiraf|7/100
|move|p2a: Jaws 4D|Earthquake|p1b: Garchomp|[spread] p2b,p1a,p1b
|-resisted|p2b: Whimbanyama|1
|-damage|p2b: Whimbanyama|44/100
|-damage|p1a: Farigiraf|0 fnt
|-damage|p1b: Garchomp|65/100
|faint|p1a: Farigiraf
|
|upkeep
|
|t:|1783979178
|switch|p1a: Pyroar|Pyroar-Mega, L50, F, shiny|33/100
|turn|7
|
|t:|1783979183
|move|p2b: Whimbanyama|Tailwind|p2b: Whimbanyama
|-sidestart|p2: munchie2ff|move: Tailwind
|move|p2a: Jaws 4D|Earthquake|p1a: Pyroar|[spread] p2b,p1a,p1b
|-resisted|p2b: Whimbanyama|1
|-supereffective|p1a: Pyroar|1
|-damage|p2b: Whimbanyama|15/100
|-damage|p1a: Pyroar|0 fnt
|-damage|p1b: Garchomp|26/100
|faint|p1a: Pyroar
|move|p1b: Garchomp|Dragon Claw|p2a: Jaws 4D
|-supereffective|p2a: Jaws 4D|1
|-damage|p2a: Jaws 4D|9/100
|-damage|p1b: Garchomp|14/100|[from] ability: Rough Skin|[of] p2a: Jaws 4D
|-damage|p1b: Garchomp|4/100|[from] item: Life Orb
|
|upkeep
|turn|8
|j| 5wamp
|c|☆Miilanz|ggwp
|-message|Miilanz forfeited.
|
|win|munchie2ff
|c|☆munchie2ff|ggs
|l| monsoonisbest
|l| 5wamp
|l| RiotJuice
