|j|☆ev_evan
|j|☆DDXDonYT
|html|ev_evanDDXDonYT    
|uhtml|bestof|Game 2 of a best-of-3
|t:|1757776170
|gametype|doubles
|player|p1|ev_evan|170|
|player|p2|DDXDonYT|cynthia-gen4|
|gen|9
|tier|[Gen 9] VGC 2025 Reg H (Bo3)
|rule|Species Clause: Limit one of each Pokémon
|rule|Item Clause: Limit 1 of each item
|clearpoke
|poke|p1|Baxcalibur, L50, M|
|poke|p1|Talonflame, L50, M|
|poke|p1|Gholdengo, L50|
|poke|p1|Rillaboom, L50, M|
|poke|p1|Ursaluna-Bloodmoon, L50, M|
|poke|p1|Malamar, L50, F|
|poke|p2|Incineroar, L50, F|
|poke|p2|Indeedee, L50, M|
|poke|p2|Kommo-o, L50, M|
|poke|p2|Amoonguss, L50, F|
|poke|p2|Gholdengo, L50|
|poke|p2|Sneasler, L50, F|
|teampreview|4
|showteam|p1|Baxcalibur||LoadedDice|ThermalExchange|IceShard,IcicleSpear,ScaleShot,Protect|||M|||50|,,,,,Water]Talonflame||CovertCloak|GaleWings|Tailwind,Taunt,DualWingbeat,Ember|||M|||50|,,,,,Dark]Gholdengo||WeaknessPolicy|GoodasGold|MakeItRain,PowerGem,ShadowBall,Protect||||||50|,,,,,Dragon]Rillaboom||AssaultVest|GrassySurge|FakeOut,Uturn,WoodHammer,HighHorsepower|||M|||50|,,,,,Fire]Ursaluna-Bloodmoon||LifeOrb|MindsEye|Protect,HyperVoice,BloodMoon,EarthPower|||M|||50|,,,,,Normal]Malamar||SitrusBerry|Contrary|TopsyTurvy,Superpower,KnockOff,TrickRoom|||F|||50|,,,,,Water
|showteam|p2|Incineroar||AssaultVest|Intimidate|FakeOut,KnockOff,Uturn,FlareBlitz|||F|||50|,,,,,Bug]Indeedee||ChoiceScarf|PsychicSurge|ExpandingForce,Trick,HelpingHand,DazzlingGleam|||M|||50|,,,,,Psychic]Kommo-o||ThroatSpray|Overcoat|ClangorousSoul,ClangingScales,Protect,Flamethrower|||M|||50|,,,,,Fire]Amoonguss||SitrusBerry|Regenerator|Spore,RagePowder,SludgeBomb,Protect|||F|||50|,,,,,Water]Gholdengo||LifeOrb|GoodasGold|MakeItRain,ShadowBall,NastyPlot,Protect||||||50|,,,,,Steel]Sneasler||PsychicSeed|Unburden|DireClaw,CloseCombat,ThroatChop,Protect|||F|||50|,,,,,Dark
|inactive|Battle timer is ON: inactive players will automatically lose when time's up. (requested by ev_evan)
|
|t:|1757776188
|teamsize|p1|4
|teamsize|p2|4
|start
|switch|p1a: Consider this|Talonflame, L50, M|100/100
|switch|p1b: You're poor|Gholdengo, L50|100/100
|switch|p2a: Kommo-o|Kommo-o, L50, M|100/100
|switch|p2b: Incineroar|Incineroar, L50, F|100/100
|-ability|p2b: Incineroar|Intimidate|boost
|-unboost|p1a: Consider this|atk|1
|-unboost|p1b: You're poor|atk|1
|turn|1
|inactive|ev_evan has 30 seconds left.
|inactive|ev_evan has 20 seconds left.
|
|t:|1757776228
|move|p1a: Consider this|Ember|p1b: You're poor
|-supereffective|p1b: You're poor
|-damage|p1b: You're poor|75/100
|-enditem|p1b: You're poor|Weakness Policy
|-boost|p1b: You're poor|atk|2|[from] item: Weakness Policy
|-boost|p1b: You're poor|spa|2|[from] item: Weakness Policy
|move|p1b: You're poor|Power Gem|p2b: Incineroar
|-supereffective|p2b: Incineroar
|-damage|p2b: Incineroar|29/100
|move|p2a: Kommo-o|Clangorous Soul|p2a: Kommo-o
|-boost|p2a: Kommo-o|atk|1
|-boost|p2a: Kommo-o|def|1
|-boost|p2a: Kommo-o|spa|1
|-boost|p2a: Kommo-o|spd|1
|-boost|p2a: Kommo-o|spe|1
|-damage|p2a: Kommo-o|68/100
|-enditem|p2a: Kommo-o|Throat Spray
|-boost|p2a: Kommo-o|spa|1|[from] item: Throat Spray
|move|p2b: Incineroar|Flare Blitz|p1b: You're poor
|-supereffective|p1b: You're poor
|-damage|p1b: You're poor|0 fnt
|faint|p1b: You're poor
|-damage|p2b: Incineroar|9/100|[from] Recoil
|
|upkeep
|
|t:|1757776237
|switch|p1b: BALD!!!|Baxcalibur, L50, M|100/100
|turn|2
|
|t:|1757776253
|switch|p2b: Gholdengo|Gholdengo, L50|100/100
|-terastallize|p2a: Kommo-o|Fire
|move|p1b: BALD!!!|Protect|p1b: BALD!!!
|-singleturn|p1b: BALD!!!|Protect
|move|p1a: Consider this|Tailwind|p1a: Consider this
|-sidestart|p1: ev_evan|move: Tailwind
|move|p2a: Kommo-o|Clanging Scales|p1b: BALD!!!|[spread] p1a
|-activate|p1b: BALD!!!|move: Protect
|-damage|p1a: Consider this|0 fnt
|faint|p1a: Consider this
|-unboost|p2a: Kommo-o|def|1
|
|upkeep
|
|t:|1757776255
|switch|p1a: Hanami|Rillaboom, L50, M|100/100
|-fieldstart|move: Grassy Terrain|[from] ability: Grassy Surge|[of] p1a: Hanami
|turn|3
|
|t:|1757776266
|-terastallize|p1b: BALD!!!|Water
|move|p2a: Kommo-o|Protect|p2a: Kommo-o
|-singleturn|p2a: Kommo-o|Protect
|move|p1b: BALD!!!|Scale Shot|p2b: Gholdengo
|-resisted|p2b: Gholdengo
|-damage|p2b: Gholdengo|92/100
|-resisted|p2b: Gholdengo
|-crit|p2b: Gholdengo
|-damage|p2b: Gholdengo|81/100
|-resisted|p2b: Gholdengo
|-damage|p2b: Gholdengo|72/100
|-resisted|p2b: Gholdengo
|-damage|p2b: Gholdengo|63/100
|-resisted|p2b: Gholdengo
|-damage|p2b: Gholdengo|56/100
|-hitcount|p2b: Gholdengo|5
|-unboost|p1b: BALD!!!|def|1
|-boost|p1b: BALD!!!|spe|1
|move|p1a: Hanami|High Horsepower|p2b: Gholdengo
|-supereffective|p2b: Gholdengo
|-damage|p2b: Gholdengo|0 fnt
|faint|p2b: Gholdengo
|
|-heal|p2a: Kommo-o|73/100|[from] Grassy Terrain
|upkeep
|
|t:|1757776284
|switch|p2b: Incineroar|Incineroar, L50, F|9/100
|-ability|p2b: Incineroar|Intimidate|boost
|-unboost|p1a: Hanami|atk|1
|-unboost|p1b: BALD!!!|atk|1
|turn|4
|
|t:|1757776292
|move|p2b: Incineroar|Fake Out|p1b: BALD!!!
|-damage|p1b: BALD!!!|81/100
|cant|p1b: BALD!!!|flinch
|move|p1a: Hanami|High Horsepower|p2a: Kommo-o
|-supereffective|p2a: Kommo-o
|-damage|p2a: Kommo-o|38/100
|move|p2a: Kommo-o|Flamethrower|p1a: Hanami
|-supereffective|p1a: Hanami
|-damage|p1a: Hanami|0 fnt
|faint|p1a: Hanami
|
|-heal|p1b: BALD!!!|87/100|[from] Grassy Terrain
|-heal|p2a: Kommo-o|44/100|[from] Grassy Terrain
|-heal|p2b: Incineroar|15/100|[from] Grassy Terrain
|upkeep
|turn|5
|
|t:|1757776315
|switch|p2b: Sneasler|Sneasler, L50, F|100/100
|move|p2a: Kommo-o|Protect|p2a: Kommo-o
|-singleturn|p2a: Kommo-o|Protect
|move|p1b: BALD!!!|Scale Shot|p2a: Kommo-o
|-activate|p2a: Kommo-o|move: Protect
|
|-heal|p1b: BALD!!!|93/100|[from] Grassy Terrain
|-heal|p2a: Kommo-o|50/100|[from] Grassy Terrain
|-sideend|p1: ev_evan|move: Tailwind
|upkeep
|turn|6
|
|t:|1757776338
|move|p1b: BALD!!!|Protect|p1b: BALD!!!
|-singleturn|p1b: BALD!!!|Protect
|move|p2b: Sneasler|Close Combat|p1b: BALD!!!
|-activate|p1b: BALD!!!|move: Protect
|move|p2a: Kommo-o|Clanging Scales|p1b: BALD!!!
|-activate|p1b: BALD!!!|move: Protect
|
|-heal|p1b: BALD!!!|98/100|[from] Grassy Terrain
|-heal|p2a: Kommo-o|56/100|[from] Grassy Terrain
|upkeep
|turn|7
|
|t:|1757776342
|move|p1b: BALD!!!|Scale Shot|p2b: Sneasler
|-damage|p2b: Sneasler|83/100
|-damage|p2b: Sneasler|67/100
|-damage|p2b: Sneasler|50/100
|-damage|p2b: Sneasler|33/100
|-damage|p2b: Sneasler|16/100
|-hitcount|p2b: Sneasler|5
|-unboost|p1b: BALD!!!|def|1
|-boost|p1b: BALD!!!|spe|1
|move|p2b: Sneasler|Close Combat|p1b: BALD!!!
|-damage|p1b: BALD!!!|0 fnt
|-unboost|p2b: Sneasler|def|1
|-unboost|p2b: Sneasler|spd|1
|faint|p1b: BALD!!!
|
|win|DDXDonYT
|l|☆ev_evan
|player|p1|
|c|☆DDXDonYT|gg
