|j|☆guccigangjarek
|j|☆EVHIEWBVEUIB
|html|guccigangjarekEVHIEWBVEUIB    
|uhtml|bestof|Game 1 of a best-of-3
|t:|1757708048
|gametype|doubles
|player|p1|guccigangjarek|101|1037
|player|p2|EVHIEWBVEUIB|169|1057
|gen|9
|tier|[Gen 9] VGC 2025 Reg H (Bo3)
|rated|
|rule|Species Clause: Limit one of each Pokémon
|rule|Item Clause: Limit 1 of each item
|clearpoke
|poke|p1|Pelipper, L50, F|
|poke|p1|Toxicroak, L50, M|
|poke|p1|Basculegion-F, L50, F|
|poke|p1|Farigiraf, L50, M|
|poke|p1|Archaludon, L50, F|
|poke|p1|Ursaluna, L50, F|
|poke|p2|Gholdengo, L50|
|poke|p2|Porygon2, L50|
|poke|p2|Ursaluna, L50, F|
|poke|p2|Amoonguss, L50, M|
|poke|p2|Incineroar, L50, F|
|poke|p2|Dragonite, L50, F|
|teampreview|4
|showteam|p1|Pelipper||FocusSash|Drizzle|Hurricane,WeatherBall,WideGuard,Tailwind|||F|||50|,,,,,Grass]Toxicroak||AssaultVest|DrySkin|FakeOut,PoisonJab,CloseCombat,SuckerPunch|||M|||50|,,,,,Poison]Basculegion-F||ChoiceSpecs|SwiftSwim|ShadowBall,Surf,TeraBlast,FlipTurn|||F|||50|,,,,,Grass]Farigiraf||ThroatSpray|ArmorTail|HyperVoice,DazzlingGleam,TrickRoom,Psychic|||M|||50|,,,,,Fairy]Archaludon||Leftovers|Stamina|Protect,DracoMeteor,ElectroShot,FlashCannon|||F|||50|,,,,,Fairy]Ursaluna||FlameOrb|Guts|Protect,HeadlongRush,Facade,Earthquake|||F|||50|,,,,,Ghost
|showteam|p2|Gholdengo||LifeOrb|GoodasGold|MakeItRain,ShadowBall,NastyPlot,Protect||||||50|,,,,,Water]Porygon2||Eviolite|Download|TeraBlast,IceBeam,Recover,TrickRoom||||||50|,,,,,Fighting]Ursaluna||FlameOrb|Guts|Facade,Earthquake,HeadlongRush,Protect|||F|||50|,,,,,Ghost]Amoonguss||SitrusBerry|Regenerator|RagePowder,PollenPuff,Spore,Protect|||M|||50|,,,,,Water]Incineroar||SafetyGoggles|Intimidate|FlareBlitz,KnockOff,FakeOut,PartingShot|||F|||50|,,,,,Ghost]Dragonite||LoadedDice|Multiscale|ScaleShot,Haze,Tailwind,Protect|||F|||50|,,,,,Fairy
|inactive|Battle timer is ON: inactive players will automatically lose when time's up. (requested by guccigangjarek)
|inactive|EVHIEWBVEUIB has 60 seconds left.
|
|t:|1757708152
|teamsize|p1|4
|teamsize|p2|4
|start
|switch|p1a: Ursaluna|Ursaluna, L50, F, shiny|100/100
|switch|p1b: Farigiraf|Farigiraf, L50, M, shiny|100/100
|switch|p2a: Porygon2|Porygon2, L50|100/100
|switch|p2b: Incineroar|Incineroar, L50, F|100/100
|-ability|p2b: Incineroar|Intimidate|boost
|-unboost|p1a: Ursaluna|atk|1
|-unboost|p1b: Farigiraf|atk|1
|-ability|p2a: Porygon2|Download|boost
|-boost|p2a: Porygon2|spa|1
|turn|1
|
|t:|1757708176
|-terastallize|p1a: Ursaluna|Ghost
|move|p2b: Incineroar|Knock Off|p1a: Ursaluna
|-supereffective|p1a: Ursaluna
|-damage|p1a: Ursaluna|36/100
|-enditem|p1a: Ursaluna|Flame Orb|[from] move: Knock Off|[of] p2b: Incineroar
|move|p2a: Porygon2|Ice Beam|p1a: Ursaluna
|-damage|p1a: Ursaluna|1/100
|move|p1b: Farigiraf|Hyper Voice|p2b: Incineroar|[spread] p2a,p2b
|-damage|p2a: Porygon2|84/100
|-damage|p2b: Incineroar|74/100
|-enditem|p1b: Farigiraf|Throat Spray
|-boost|p1b: Farigiraf|spa|1|[from] item: Throat Spray
|move|p1a: Ursaluna|Headlong Rush|p2b: Incineroar
|-supereffective|p2b: Incineroar
|-damage|p2b: Incineroar|0 fnt
|-unboost|p1a: Ursaluna|def|1
|-unboost|p1a: Ursaluna|spd|1
|faint|p2b: Incineroar
|
|upkeep
|
|t:|1757708195
|switch|p2b: Ursaluna|Ursaluna, L50, F|100/100
|turn|2
|inactive|EVHIEWBVEUIB has 30 seconds left.
|inactive|EVHIEWBVEUIB has 20 seconds left.
|inactive|EVHIEWBVEUIB has 15 seconds left.
|
|t:|1757708237
|move|p2b: Ursaluna|Protect|p2b: Ursaluna
|-singleturn|p2b: Ursaluna|Protect
|move|p2a: Porygon2|Tera Blast|p1a: Ursaluna
|-immune|p1a: Ursaluna
|move|p1a: Ursaluna|Headlong Rush|p2a: Porygon2
|-damage|p2a: Porygon2|54/100
|-unboost|p1a: Ursaluna|def|1
|-unboost|p1a: Ursaluna|spd|1
|move|p1b: Farigiraf|Trick Room|p1b: Farigiraf
|-fieldstart|move: Trick Room|[of] p1b: Farigiraf
|
|-status|p2b: Ursaluna|brn|[from] item: Flame Orb
|upkeep
|turn|3
|inactive|EVHIEWBVEUIB has 30 seconds left.
|inactive|guccigangjarek has 30 seconds left.
|inactive|EVHIEWBVEUIB has 20 seconds left.
|inactive|EVHIEWBVEUIB has 15 seconds left.
|inactive|EVHIEWBVEUIB has 10 seconds left.
|inactive|EVHIEWBVEUIB has 5 seconds left.
|
|t:|1757708287
|move|p1a: Ursaluna|Protect|p1a: Ursaluna
|-singleturn|p1a: Ursaluna|Protect
|move|p1b: Farigiraf|Dazzling Gleam|p2b: Ursaluna|[spread] p2a,p2b
|-damage|p2a: Porygon2|40/100
|-damage|p2b: Ursaluna|80/100 brn
|move|p2a: Porygon2|Ice Beam|p1a: Ursaluna
|-activate|p1a: Ursaluna|move: Protect
|move|p2b: Ursaluna|Facade|p1b: Farigiraf
|-damage|p1b: Farigiraf|5/100
|
|-damage|p2b: Ursaluna|74/100 brn|[from] brn
|upkeep
|turn|4
|inactive|EVHIEWBVEUIB has 30 seconds left.
|inactive|EVHIEWBVEUIB has 20 seconds left.
|
|t:|1757708327
|switch|p2a: Amoonguss|Amoonguss, L50, M|100/100
|move|p2b: Ursaluna|Protect|p2b: Ursaluna
|-singleturn|p2b: Ursaluna|Protect
|move|p1a: Ursaluna|Headlong Rush|p2a: Amoonguss
|-damage|p2a: Amoonguss|62/100
|-unboost|p1a: Ursaluna|def|1
|-unboost|p1a: Ursaluna|spd|1
|move|p1b: Farigiraf|Trick Room|p1b: Farigiraf
|-fieldend|move: Trick Room
|
|-damage|p2b: Ursaluna|68/100 brn|[from] brn
|upkeep
|turn|5
|
|t:|1757708349
|move|p1a: Ursaluna|Protect|p1a: Ursaluna
|-singleturn|p1a: Ursaluna|Protect
|move|p2a: Amoonguss|Protect|p2a: Amoonguss
|-singleturn|p2a: Amoonguss|Protect
|move|p2b: Ursaluna|Earthquake|p1b: Farigiraf|[spread] p1b
|-activate|p2a: Amoonguss|move: Protect
|-activate|p1a: Ursaluna|move: Protect
|-crit|p1b: Farigiraf
|-damage|p1b: Farigiraf|0 fnt
|faint|p1b: Farigiraf
|
|-damage|p2b: Ursaluna|62/100 brn|[from] brn
|upkeep
|
|t:|1757708361
|switch|p1b: Pelipper|Pelipper, L50, F, shiny|100/100
|-weather|RainDance|[from] ability: Drizzle|[of] p1b: Pelipper
|turn|6
|inactive|EVHIEWBVEUIB has 30 seconds left.
|inactive|EVHIEWBVEUIB has 20 seconds left.
|inactive|EVHIEWBVEUIB has 15 seconds left.
|inactive|EVHIEWBVEUIB has 10 seconds left.
|inactive|EVHIEWBVEUIB has 5 seconds left.
|
|t:|1757708416
|move|p1b: Pelipper|Wide Guard|p1b: Pelipper
|-singleturn|p1b: Pelipper|Wide Guard
|move|p2a: Amoonguss|Rage Powder|p2a: Amoonguss
|-singleturn|p2a: Amoonguss|move: Rage Powder
|move|p2b: Ursaluna|Facade|p1a: Ursaluna
|-immune|p1a: Ursaluna
|move|p1a: Ursaluna|Earthquake|p2b: Ursaluna|[spread] p2a,p2b
|-activate|p1b: Pelipper|move: Wide Guard
|-damage|p2a: Amoonguss|38/100
|-damage|p2b: Ursaluna|42/100 brn
|-enditem|p2a: Amoonguss|Sitrus Berry|[eat]
|-heal|p2a: Amoonguss|63/100|[from] item: Sitrus Berry
|
|-weather|RainDance|[upkeep]
|-damage|p2b: Ursaluna|36/100 brn|[from] brn
|upkeep
|turn|7
|inactive|guccigangjarek has 30 seconds left.
|inactive|EVHIEWBVEUIB has 30 seconds left.
|
|t:|1757708459
|switch|p2b: Porygon2|Porygon2, L50|40/100
|-ability|p2b: Porygon2|Download|boost
|-boost|p2b: Porygon2|spa|1
|move|p1b: Pelipper|Hurricane|p2a: Amoonguss
|-supereffective|p2a: Amoonguss
|-damage|p2a: Amoonguss|0 fnt
|faint|p2a: Amoonguss
|move|p1a: Ursaluna|Headlong Rush|p2b: Porygon2
|-damage|p2b: Porygon2|11/100
|-unboost|p1a: Ursaluna|def|1
|-unboost|p1a: Ursaluna|spd|1
|
|-weather|RainDance|[upkeep]
|upkeep
|-message|EVHIEWBVEUIB forfeited.
|
|win|guccigangjarek
|l|☆EVHIEWBVEUIB
|player|p2|
||EVHIEWBVEUIB is ready for game 2.
||guccigangjarek is ready for game 2.
|uhtml|next|Next: Game 2 of 3
