|j|☆toughlogvgc
|j|☆tyninja-1
|html|toughlogvgctyninja-1    
|uhtml|bestof|Game 2 of a best-of-3
|t:|1784398905
|gametype|doubles
|player|p1|toughlogvgc|2|1194
|player|p2|tyninja-1|ingo|1212
|gen|9
|tier|[Gen 9 Champions] VGC 2026 Reg M-B (Bo3)
|rated|
|rule|Species Clause: Limit one of each Pokémon
|rule|Item Clause: Limit 1 of each item
|clearpoke
|poke|p1|Charizard, L50, M|
|poke|p1|Garchomp, L50, M|
|poke|p1|Basculegion, L50, M|
|poke|p1|Whimsicott, L50, F|
|poke|p1|Kingambit, L50, F|
|poke|p1|Floette-Eternal, L50, F|
|poke|p2|Goodra-Hisui, L50, F, shiny|
|poke|p2|Incineroar, L50, M|
|poke|p2|Raichu, L50, M|
|poke|p2|Tsareena, L50, F|
|poke|p2|Basculegion, L50, M|
|poke|p2|Ninetales-Alola, L50, F|
|teampreview|4
|showteam|p1|Charizard||CharizarditeY|Blaze|HeatWave,SolarBeam,Protect,WeatherBall|Modest||M|||50|]Garchomp||LifeOrb|RoughSkin|DragonClaw,Earthquake,RockSlide,Protect|Jolly||M|||50|]Basculegion||ChoiceScarf|Adaptability|WaveCrash,AquaJet,FlipTurn,LastRespects|Adamant||M|||50|]Whimsicott||FocusSash|Prankster|Moonblast,Tailwind,Protect,Encore|Timid||F|||50|]Kingambit||BlackGlasses|Defiant|IronHead,KowtowCleave,Protect,SuckerPunch|Adamant||F|||50|]Floette-Eternal||Floettite|FlowerVeil|Moonblast,LightofRuin,DazzlingGleam,Protect|Modest||F|||50|
|showteam|p2|Goodra-Hisui||ShucaBerry|SapSipper|DracoMeteor,HeavySlam,DragonTail,Protect|Sassy||F|||50|]Incineroar||SitrusBerry|Intimidate|FakeOut,FlareBlitz,PartingShot,DarkestLariat|Impish||M|||50|]Raichu||RaichuniteY|LightningRod|ZapCannon,Protect,FakeOut,FocusBlast|Timid||M|||50|]Tsareena||OccaBerry|QueenlyMajesty|PetalBlizzard,TripleAxel,LowKick,Protect|Adamant||F|||50|]Basculegion||ChoiceScarf|Adaptability|AquaJet,WaveCrash,LastRespects,FlipTurn|Jolly||M|||50|]Ninetales-Alola||FocusSash|SnowWarning|Blizzard,Moonblast,FreezeDry,Protect|Timid||F|||50|
|inactive|Battle timer is ON: inactive players will automatically lose when time's up. (requested by tyninja-1)
|inactive|toughlogvgc has 60 seconds left.
|
|t:|1784398967
|teamsize|p1|4
|teamsize|p2|4
|start
|switch|p1a: Whimsicott|Whimsicott, L50, F|100/100
|switch|p1b: Charizard|Charizard, L50, M|100/100
|switch|p2a: Goodra|Goodra-Hisui, L50, F, shiny|100/100
|switch|p2b: Ninetales|Ninetales-Alola, L50, F|100/100
|-weather|Snowscape|[from] ability: Snow Warning|[of] p2b: Ninetales
|turn|1
|inactive|tyninja-1 has 30 seconds left.
|inactive|tyninja-1 has 20 seconds left.
|inactive|tyninja-1 has 15 seconds left.
|
|t:|1784399011
|detailschange|p1b: Charizard|Charizard-Mega-Y, L50, M
|-mega|p1b: Charizard|Charizard|Charizardite Y
|-weather|SunnyDay|[from] ability: Drought|[of] p1b: Charizard
|move|p2b: Ninetales|Protect|p2b: Ninetales
|-singleturn|p2b: Ninetales|Protect
|move|p1a: Whimsicott|Tailwind|p1a: Whimsicott
|-sidestart|p1: toughlogvgc|move: Tailwind
|move|p1b: Charizard|Heat Wave|p2b: Ninetales|[spread] p2a
|-activate|p2b: Ninetales|move: Protect
|-damage|p2a: Goodra|65/100
|move|p2a: Goodra|Dragon Tail|p1b: Charizard
|-damage|p1b: Charizard|75/100
|drag|p1b: Basculegion|Basculegion, L50, M|100/100
|
|-weather|SunnyDay|[upkeep]
|upkeep
|turn|2
|inactive|toughlogvgc has 30 seconds left.
|inactive|tyninja-1 has 30 seconds left.
|inactive|toughlogvgc has 20 seconds left.
|inactive|toughlogvgc has 15 seconds left.
|inactive|toughlogvgc has 10 seconds left.
|inactive|toughlogvgc has 5 seconds left.
|
|t:|1784399062
|switch|p2b: Tsareena|Tsareena, L50, F|100/100
|move|p1a: Whimsicott|Encore||[still]
|cant|p2b: Tsareena|ability: Queenly Majesty|Encore|[of] p1a: Whimsicott
|move|p1b: Basculegion|Wave Crash|p2b: Tsareena
|-resisted|p2b: Tsareena|1
|-damage|p2b: Tsareena|79/100
|-damage|p1b: Basculegion|93/100|[from] Recoil
|move|p2a: Goodra|Heavy Slam|p1a: Whimsicott
|-supereffective|p1a: Whimsicott|1
|-enditem|p1a: Whimsicott|Focus Sash
|-damage|p1a: Whimsicott|1/100
|
|-weather|SunnyDay|[upkeep]
|upkeep
|turn|3
|inactive|tyninja-1 has 30 seconds left.
|
|t:|1784399087
|move|p1a: Whimsicott|Protect|p1a: Whimsicott
|-singleturn|p1a: Whimsicott|Protect
|move|p1b: Basculegion|Wave Crash|p2a: Goodra
|-resisted|p2a: Goodra|1
|-damage|p2a: Goodra|47/100
|-damage|p1b: Basculegion|88/100|[from] Recoil
|move|p2b: Tsareena|Petal Blizzard|p1b: Basculegion|[spread] p1b
|-activate|p1a: Whimsicott|move: Protect
|-ability|p2a: Goodra|Sap Sipper|boost
|-boost|p2a: Goodra|atk|1
|-supereffective|p1b: Basculegion|1
|-damage|p1b: Basculegion|0 fnt
|faint|p1b: Basculegion
|move|p2a: Goodra|Dragon Tail|p1a: Whimsicott
|-activate|p1a: Whimsicott|move: Protect
|
|-weather|SunnyDay|[upkeep]
|upkeep
|
|t:|1784399103
|switch|p1b: Charizard|Charizard-Mega-Y, L50, M|75/100
|turn|4
|
|t:|1784399121
|move|p1a: Whimsicott|Moonblast|p2a: Goodra
|-crit|p2a: Goodra
|-damage|p2a: Goodra|21/100
|move|p1b: Charizard|Heat Wave|p2b: Tsareena|[spread] p2a,p2b
|-supereffective|p2b: Tsareena|1
|-enditem|p2b: Tsareena|Occa Berry|[eat]
|-enditem|p2b: Tsareena|Occa Berry|[weaken]
|-damage|p2a: Goodra|0 fnt
|-damage|p2b: Tsareena|10/100
|faint|p2a: Goodra
|move|p2b: Tsareena|Petal Blizzard|p1a: Whimsicott|[spread] p1a,p1b
|-resisted|p1a: Whimsicott|1
|-resisted|p1b: Charizard|2
|-damage|p1a: Whimsicott|0 fnt
|-damage|p1b: Charizard|65/100
|faint|p1a: Whimsicott
|
|-weather|SunnyDay|[upkeep]
|-sideend|p1: toughlogvgc|move: Tailwind
|upkeep
|
|t:|1784399139
|switch|p1a: Garchomp|Garchomp, L50, M|100/100
|switch|p2a: Ninetales|Ninetales-Alola, L50, F|100/100
|-weather|Snowscape|[from] ability: Snow Warning|[of] p2a: Ninetales
|turn|5
|
|t:|1784399153
|move|p1a: Garchomp|Protect|p1a: Garchomp
|-singleturn|p1a: Garchomp|Protect
|move|p2a: Ninetales|Blizzard|p1a: Garchomp|[spread] p1b
|-activate|p1a: Garchomp|move: Protect
|-damage|p1b: Charizard|34/100
|move|p1b: Charizard|Heat Wave|p2a: Ninetales|[spread] p2a,p2b
|-supereffective|p2a: Ninetales|1
|-supereffective|p2b: Tsareena|1
|-damage|p2a: Ninetales|4/100
|-damage|p2b: Tsareena|0 fnt
|faint|p2b: Tsareena
|
|-weather|Snowscape|[upkeep]
|upkeep
|
|t:|1784399162
|switch|p2b: Basculegion|Basculegion, L50, M|100/100
|turn|6
|
|t:|1784399185
|move|p1b: Charizard|Protect|p1b: Charizard
|-singleturn|p1b: Charizard|Protect
|move|p2b: Basculegion|Last Respects|p1b: Charizard
|-activate|p1b: Charizard|move: Protect
|move|p2a: Ninetales|Blizzard|p1b: Charizard|[spread] p1a
|-activate|p1b: Charizard|move: Protect
|-supereffective|p1a: Garchomp|2
|-damage|p1a: Garchomp|0 fnt
|faint|p1a: Garchomp
|
|-weather|Snowscape|[upkeep]
|upkeep
|turn|7
|
|t:|1784399199
|move|p2b: Basculegion|Last Respects|p1b: Charizard
|-damage|p1b: Charizard|0 fnt
|faint|p1b: Charizard
|
|win|tyninja-1
||tyninja-1 is ready for game 3.
|inactive|toughlogvgc has 30 seconds to confirm battle start!
||toughlogvgc is ready for game 3.
|uhtml|next|Next: Game 3 of 3
|l|☆tyninja-1
|player|p2|
