|j|☆sergimacaco
|j|☆abgesaftet
|html|sergimacacoabgesaftet    
|uhtml|bestof|Game 2 of a best-of-3
|t:|1783512614
|gametype|doubles
|player|p1|sergimacaco|102|1232
|player|p2|abgesaftet|ballguy|1469
|gen|9
|tier|[Gen 9 Champions] VGC 2026 Reg M-B (Bo3)
|rated|
|rule|Species Clause: Limit one of each Pokémon
|rule|Item Clause: Limit 1 of each item
|clearpoke
|poke|p1|Charizard, L50, F|
|poke|p1|Aerodactyl, L50, M|
|poke|p1|Kingambit, L50, M|
|poke|p1|Sylveon, L50, F|
|poke|p1|Farigiraf, L50, M|
|poke|p1|Garchomp, L50, M|
|poke|p2|Sinistcha-Masterpiece, L50|
|poke|p2|Kingambit, L50, F|
|poke|p2|Sneasler, L50, F|
|poke|p2|Floette-Eternal, L50, F|
|poke|p2|Delphox, L50, F|
|poke|p2|Incineroar, L50, M|
|teampreview|4
|showteam|p1|Charizard||CharizarditeY|SolarPower|HeatWave,WeatherBall,SolarBeam,Protect|Bold||F|||50|]Aerodactyl||Aerodactylite|Unnerve|RockSlide,Tailwind,IceFang,DualWingbeat|Jolly||M|||50|]Kingambit||FocusSash|Defiant|LowKick,SuckerPunch,KowtowCleave,IronHead|Adamant||M|||50|]Sylveon||FairyFeather|Pixilate|HyperBeam,HyperVoice,QuickAttack,Detect|Modest||F|||50|]Farigiraf||SitrusBerry|ArmorTail|Thunderbolt,SunnyDay,TrickRoom,PsychicFangs|Bold||M|||50|]Garchomp||LifeOrb|RoughSkin|Earthquake,StompingTantrum,DragonClaw,Protect|Jolly||M|||50|
|showteam|p2|Sinistcha-Masterpiece||KasibBerry|Hospitality|MatchaGotcha,RagePowder,TrickRoom,Protect|Bold|||||50|]Kingambit||BlackGlasses|Defiant|KowtowCleave,SuckerPunch,SwordsDance,Protect|Adamant||F|||50|]Sneasler||FocusSash|PoisonTouch|FakeOut,CloseCombat,DireClaw,QuickGuard|Jolly||F|||50|]Floette-Eternal||Floettite|FlowerVeil|Moonblast,DazzlingGleam,CalmMind,Protect|Modest||F|||50|]Delphox||Delphoxite|Blaze|HeatWave,Psyshock,NastyPlot,Protect|Timid||F|||50|]Incineroar||SitrusBerry|Intimidate|PartingShot,FlareBlitz,ThroatChop,FakeOut|Careful||M|||50|
|inactive|Battle timer is ON: inactive players will automatically lose when time's up. (requested by abgesaftet)
|
|t:|1783512671
|teamsize|p1|4
|teamsize|p2|4
|start
|switch|p1a: Aerodactyl|Aerodactyl, L50, M|100/100
|switch|p1b: Farigiraf|Farigiraf, L50, M|100/100
|switch|p2a: Floette|Floette-Eternal, L50, F|100/100
|switch|p2b: Incineroar|Incineroar, L50, M|100/100
|-ability|p1a: Aerodactyl|Unnerve
|-ability|p2b: Incineroar|Intimidate|boost
|-unboost|p1a: Aerodactyl|atk|1
|-unboost|p1b: Farigiraf|atk|1
|turn|1
|inactive|sergimacaco has 30 seconds left.
|inactive|abgesaftet has 30 seconds left.
|
|t:|1783512700
|detailschange|p1a: Aerodactyl|Aerodactyl-Mega, L50, M
|-mega|p1a: Aerodactyl|Aerodactyl|Aerodactylite
|detailschange|p2a: Floette|Floette-Mega, L50, F
|-mega|p2a: Floette|Floette|Floettite
|-ability|p2a: Floette|Fairy Aura
|move|p1a: Aerodactyl|Tailwind|p1a: Aerodactyl
|-sidestart|p1: sergimacaco|move: Tailwind
|move|p1b: Farigiraf|Thunderbolt|p2a: Floette
|-damage|p2a: Floette|80/100
|move|p2a: Floette|Calm Mind|p2a: Floette
|-boost|p2a: Floette|spa|1
|-boost|p2a: Floette|spd|1
|move|p2b: Incineroar|Parting Shot|p1a: Aerodactyl
|-unboost|p1a: Aerodactyl|atk|1
|-unboost|p1a: Aerodactyl|spa|1
|
|t:|1783512712
|switch|p2b: Sinistcha|Sinistcha-Masterpiece, L50|100/100|[from] Parting Shot
|-heal|p2a: Floette|100/100|[from] ability: Hospitality|[of] p2b: Sinistcha
|
|upkeep
|turn|2
|
|t:|1783512737
|switch|p2b: Incineroar|Incineroar, L50, M|100/100
|-ability|p2b: Incineroar|Intimidate|boost
|-unboost|p1a: Aerodactyl|atk|1
|-unboost|p1b: Farigiraf|atk|1
|move|p1a: Aerodactyl|Dual Wingbeat|p2b: Incineroar
|-damage|p2b: Incineroar|90/100
|-damage|p2b: Incineroar|80/100
|-hitcount|p2b: Incineroar|2
|move|p1b: Farigiraf|Psychic Fangs|p2b: Incineroar
|-immune|p2b: Incineroar
|move|p2a: Floette|Moonblast|p1b: Farigiraf
|-damage|p1b: Farigiraf|0 fnt
|faint|p1b: Farigiraf
|
|upkeep
|
|t:|1783512745
|switch|p1b: Kingambit|Kingambit, L50, M|100/100
|turn|3
|
|t:|1783512756
|switch|p1a: Sylveon|Sylveon, L50, F|100/100
|move|p2b: Incineroar|Fake Out|p1b: Kingambit
|-resisted|p1b: Kingambit|1
|-damage|p1b: Kingambit|95/100
|cant|p1b: Kingambit|flinch
|move|p2a: Floette|Dazzling Gleam|p1a: Sylveon|[spread] p1a,p1b
|-damage|p1a: Sylveon|45/100
|-damage|p1b: Kingambit|15/100
|
|upkeep
|turn|4
|inactive|sergimacaco has 30 seconds left.
|inactive|abgesaftet has 30 seconds left.
|
|t:|1783512789
|switch|p1b: Aerodactyl|Aerodactyl-Mega, L50, M|100/100
|switch|p2b: Sinistcha|Sinistcha-Masterpiece, L50|100/100
|move|p2a: Floette|Protect|p2a: Floette
|-singleturn|p2a: Floette|Protect
|move|p1a: Sylveon|Hyper Voice|p2a: Floette|[spread] p2b
|-activate|p2a: Floette|move: Protect
|-damage|p2b: Sinistcha|32/100
|
|-sideend|p1: sergimacaco|move: Tailwind
|upkeep
|turn|5
|
|t:|1783512814
|switch|p2b: Incineroar|Incineroar, L50, M|80/100
|-ability|p2b: Incineroar|Intimidate|boost
|-unboost|p1a: Sylveon|atk|1
|-unboost|p1b: Aerodactyl|atk|1
|move|p1b: Aerodactyl|Tailwind|p1b: Aerodactyl
|-sidestart|p1: sergimacaco|move: Tailwind
|move|p1a: Sylveon|Hyper Voice|p2b: Incineroar|[spread] p2a,p2b
|-damage|p2a: Floette|62/100
|-damage|p2b: Incineroar|26/100
|-enditem|p2b: Incineroar|Sitrus Berry|[eat]
|-heal|p2b: Incineroar|51/100|[from] item: Sitrus Berry
|move|p2a: Floette|Dazzling Gleam|p1b: Aerodactyl|[spread] p1a,p1b
|-damage|p1a: Sylveon|0 fnt
|-damage|p1b: Aerodactyl|26/100
|faint|p1a: Sylveon
|
|upkeep
|
|t:|1783512825
|switch|p1a: Kingambit|Kingambit, L50, M|15/100
|turn|6
|
|t:|1783512834
|move|p2b: Incineroar|Fake Out|p1a: Kingambit
|-resisted|p1a: Kingambit|1
|-damage|p1a: Kingambit|11/100
|move|p1b: Aerodactyl|Rock Slide|p2b: Incineroar|[spread] p2a,p2b
|-supereffective|p2b: Incineroar|1
|-damage|p2a: Floette|40/100
|-damage|p2b: Incineroar|19/100
|cant|p1a: Kingambit|flinch
|cant|p2a: Floette|flinch
|
|upkeep
|turn|7
|
|t:|1783512850
|move|p2a: Floette|Protect|p2a: Floette
|-singleturn|p2a: Floette|Protect
|move|p1b: Aerodactyl|Dual Wingbeat|p2b: Incineroar|[miss]
|-miss|p1b: Aerodactyl|p2b: Incineroar
|move|p1a: Kingambit|Iron Head|p2a: Floette
|-activate|p2a: Floette|move: Protect
|move|p2b: Incineroar|Flare Blitz|p1a: Kingambit
|-supereffective|p1a: Kingambit|1
|-damage|p1a: Kingambit|0 fnt
|faint|p1a: Kingambit
|-damage|p2b: Incineroar|16/100|[from] Recoil
|
|upkeep
|turn|8
|
|t:|1783512859
|switch|p2b: Sinistcha|Sinistcha-Masterpiece, L50|32/100
|-heal|p2a: Floette|65/100|[from] ability: Hospitality|[of] p2b: Sinistcha
|move|p1b: Aerodactyl|Rock Slide|p2b: Sinistcha|[spread] p2a,p2b
|-damage|p2a: Floette|45/100
|-damage|p2b: Sinistcha|16/100
|move|p2a: Floette|Moonblast|p1b: Aerodactyl
|-damage|p1b: Aerodactyl|0 fnt
|faint|p1b: Aerodactyl
|
|win|abgesaftet
