|j|☆doatzmgoatz
|j|☆Van (Dream)
|html|doatzmgoatzVan (Dream)    
|uhtml|bestof|Game 1 of a best-of-3
|t:|1785729486
|gametype|doubles
|player|p1|doatzmgoatz|1|
|player|p2|Van (Dream)|li|
|gen|9
|tier|[Gen 9 Champions] VGC 2026 Reg M-B (Bo3)
|rule|Species Clause: Limit one of each Pokémon
|rule|Item Clause: Limit 1 of each item
|clearpoke
|poke|p1|Gengar, L50, F|
|poke|p1|Incineroar, L50, F|
|poke|p1|Hydreigon, L50, F|
|poke|p1|Clefable, L50, M|
|poke|p1|Vaporeon, L50, F|
|poke|p1|Noivern, L50, M|
|poke|p2|Politoed, L50, M|
|poke|p2|Swampert, L50, F|
|poke|p2|Archaludon, L50, F|
|poke|p2|Gholdengo, L50|
|poke|p2|Scrafty, L50, F|
|poke|p2|Annihilape, L50, F|
|teampreview|4
|showteam|p1|Gengar||Gengarite|CursedBody|SludgeWave,ShadowBall,NastyPlot,Substitute|Timid||F|||50|]Incineroar||SitrusBerry|Intimidate|BrickBreak,Earthquake,PartingShot,FakeOut|Adamant||F|||50|]Hydreigon||LifeOrb|Levitate|EarthPower,DracoMeteor,DarkPulse,Uturn|Timid||F|||50|]Clefable||Leftovers|MagicGuard|FollowMe,LightScreen,DazzlingGleam,Gravity|Calm||M|||50|]Vaporeon||MysticWater|WaterAbsorb|Scald,Protect,RainDance,IceBeam|Bold||F|||50|]Noivern||ExpertBelt|Telepathy|Tailwind,Boomburst,Hurricane,Uturn|Timid||M|||50|
|showteam|p2|Politoed||DampRock|Drizzle|WeatherBall,IcyWind,HelpingHand,Protect|Bold||M|||50|]Swampert||Swampertite|Damp|Waterfall,Earthquake,IcePunch,Protect|Adamant||F|||50|]Archaludon||SitrusBerry|Stamina|ElectroShot,FlashCannon,DracoMeteor,Protect|Modest||F|||50|]Gholdengo||LifeOrb|GoodasGold|MakeItRain,ShadowBall,PowerGem,Protect|Modest|||||50|]Scrafty|||Intimidate|FakeOut,CloseCombat,KnockOff,Taunt|Adamant||F|||50|]Annihilape||LumBerry|Defiant|RageFist,DrainPunch,BulkUp,Protect|Adamant||F|||50|
|
|t:|1785729577
|teamsize|p1|4
|teamsize|p2|4
|start
|switch|p1a: Vaporeon|Vaporeon, L50, F|100/100
|switch|p1b: Noivern|Noivern, L50, M|100/100
|switch|p2a: Gholdengo|Gholdengo, L50|100/100
|switch|p2b: Scrafty|Scrafty, L50, F|100/100
|-ability|p2b: Scrafty|Intimidate|boost
|-unboost|p1a: Vaporeon|atk|1
|-unboost|p1b: Noivern|atk|1
|turn|1
|
|t:|1785729637
|move|p2b: Scrafty|Fake Out|p1b: Noivern
|-damage|p1b: Noivern|85/100
|cant|p1b: Noivern|flinch
|move|p2a: Gholdengo|Make It Rain|p1b: Noivern|[spread] p1a,p1b
|-resisted|p1a: Vaporeon|1
|-damage|p1a: Vaporeon|74/100
|-damage|p1b: Noivern|0 fnt
|-unboost|p2a: Gholdengo|spa|2
|faint|p1b: Noivern
|-damage|p2a: Gholdengo|90/100|[from] item: Life Orb
|move|p1a: Vaporeon|Rain Dance|p1a: Vaporeon
|-weather|RainDance
|
|-weather|RainDance|[upkeep]
|upkeep
|
|t:|1785729674
|switch|p1b: Gengar|Gengar, L50, F|100/100
|turn|2
|
|t:|1785729705
|switch|p2a: Archaludon|Archaludon, L50, F|100/100
|detailschange|p1b: Gengar|Gengar-Mega, L50, F
|-mega|p1b: Gengar|Gengar|Gengarite
|move|p1b: Gengar|Shadow Ball|p2a: Archaludon
|-damage|p2a: Archaludon|40/100
|-ability|p2a: Archaludon|Stamina|boost
|-boost|p2a: Archaludon|def|1
|-enditem|p2a: Archaludon|Sitrus Berry|[eat]
|-heal|p2a: Archaludon|64/100|[from] item: Sitrus Berry
|move|p1a: Vaporeon|Scald|p2b: Scrafty
|-damage|p2b: Scrafty|50/100g
|move|p2b: Scrafty|Knock Off|p1b: Gengar
|-supereffective|p1b: Gengar|1
|-damage|p1b: Gengar|16/100
|
|-weather|RainDance|[upkeep]
|upkeep
|turn|3
|
|t:|1785729759
|move|p1b: Gengar|Shadow Ball|p2a: Archaludon
|-damage|p2a: Archaludon|3/100
|-ability|p2a: Archaludon|Stamina|boost
|-boost|p2a: Archaludon|def|1
|move|p2a: Archaludon|Electro Shot||[still]
|-prepare|p2a: Archaludon|Electro Shot
|-boost|p2a: Archaludon|spa|1
|-anim|p2a: Archaludon|Electro Shot|p1a: Vaporeon
|-supereffective|p1a: Vaporeon|1
|-damage|p1a: Vaporeon|0 fnt
|faint|p1a: Vaporeon
|move|p2b: Scrafty|Knock Off|p1b: Gengar
|-supereffective|p1b: Gengar|1
|-damage|p1b: Gengar|0 fnt
|faint|p1b: Gengar
|
|-weather|RainDance|[upkeep]
|upkeep
|
|t:|1785729783
|switch|p1b: Incineroar|Incineroar, L50, F|100/100
|-ability|p1b: Incineroar|Intimidate|boost
|-unboost|p2a: Archaludon|atk|1
|-unboost|p2b: Scrafty|atk|1
|turn|4
|
|t:|1785729816
|move|p2a: Archaludon|Protect|p2a: Archaludon
|-singleturn|p2a: Archaludon|Protect
|move|p1b: Incineroar|Fake Out|p2a: Archaludon
|-activate|p2a: Archaludon|move: Protect
|move|p2b: Scrafty|Close Combat|p1b: Incineroar
|-supereffective|p1b: Incineroar|1
|-damage|p1b: Incineroar|33/100
|-unboost|p2b: Scrafty|def|1
|-unboost|p2b: Scrafty|spd|1
|-enditem|p1b: Incineroar|Sitrus Berry|[eat]
|-heal|p1b: Incineroar|58/100|[from] item: Sitrus Berry
|
|-weather|RainDance|[upkeep]
|upkeep
|turn|5
|
|t:|1785729837
|switch|p2a: Politoed|Politoed, L50, M|100/100
|move|p1b: Incineroar|Earthquake|p2a: Politoed|[spread] p2a,p2b
|-crit|p2a: Politoed
|-damage|p2a: Politoed|64/100
|-damage|p2b: Scrafty|15/100
|move|p2b: Scrafty|Close Combat|p1b: Incineroar
|-supereffective|p1b: Incineroar|1
|-damage|p1b: Incineroar|0 fnt
|-unboost|p2b: Scrafty|def|1
|-unboost|p2b: Scrafty|spd|1
|faint|p1b: Incineroar
|
|win|Van (Dream)
||doatzmgoatz is ready for game 2.
|inactive|Van (Dream) has 30 seconds to confirm battle start!
||Van (Dream) is ready for game 2.
|uhtml|next|Next: Game 2 of 3
