|j|☆gunkqing
|j|☆BeauLavorre
|html|gunkqingBeauLavorre    
|uhtml|bestof|Game 3 of a best-of-3
|t:|1756408276
|gametype|doubles
|player|p1|gunkqing|striker|
|player|p2|BeauLavorre|rocketgruntf|
|gen|9
|tier|[Gen 9] VGC 2025 Reg H (Bo3)
|rule|Species Clause: Limit one of each Pokémon
|rule|Item Clause: Limit 1 of each item
|clearpoke
|poke|p1|Charizard, L50, M|
|poke|p1|Jumpluff, L50, M|
|poke|p1|Torkoal, L50, F|
|poke|p1|Ursaluna, L50, M|
|poke|p1|Incineroar, L50, F|
|poke|p1|Duskull, L50, M|
|poke|p2|Basculegion, L50, M|
|poke|p2|Politoed, L50, M|
|poke|p2|Gothitelle, L50, M|
|poke|p2|Sinistcha-Masterpiece, L50|
|poke|p2|Incineroar, L50, M|
|poke|p2|Gyarados, L50, F|
|teampreview|4
|showteam|p1|Charizard||ChoiceSpecs|SolarPower|HeatWave,Overheat,WeatherBall,DragonPulse|||M|||50|,,,,,Ghost]Jumpluff||CovertCloak|Chlorophyll|SleepPowder,Tailwind,RagePowder,SunnyDay|||M|||50|,,,,,Water]Torkoal||EjectPack|Drought|Overheat,Eruption,ClearSmog,Protect|||F|||50|,,,,,Fire]Ursaluna||FlameOrb|Guts|Facade,HeadlongRush,Earthquake,Protect|||M|||50|,,,,,Ghost]Incineroar||AssaultVest|Intimidate|FakeOut,FlareBlitz,KnockOff,Uturn|||F|||50|,,,,,Grass]Duskull||Eviolite|Levitate|NightShade,TrickRoom,HelpingHand,PainSplit|||M|||50|,,,,,Steel
|showteam|p2|Basculegion||FocusSash|SwiftSwim|WaveCrash,AquaJet,FlipTurn,LastRespects|||M|||50|,,,,,Water]Politoed||Leftovers|Drizzle|Protect,PerishSong,Encore,WeatherBall|||M|||50|,,,,,Steel]Gothitelle||SitrusBerry|ShadowTag|FakeOut,Protect,TrickRoom,Psychic|||M|||50|,,,,,Water]Sinistcha-Masterpiece||RockyHelmet|Hospitality|LifeDew,Protect,RagePowder,MatchaGotcha||||||50|,,,,,Water]Incineroar||SafetyGoggles|Intimidate|FakeOut,FlareBlitz,KnockOff,PartingShot|||M|||50|,,,,,Water]Gyarados||ClearAmulet|Intimidate|Earthquake,Waterfall,Protect,LashOut|||F|||50|,,,,,Ground
|inactive|Battle timer is ON: inactive players will automatically lose when time's up. (requested by gunkqing)
|
|t:|1756408298
|teamsize|p1|4
|teamsize|p2|4
|start
|switch|p1a: Jumpluff|Jumpluff, L50, M|100/100
|switch|p1b: Torkoal|Torkoal, L50, F, shiny|100/100
|switch|p2a: Incineroar|Incineroar, L50, M|100/100
|switch|p2b: Gyarados|Gyarados, L50, F|100/100
|-ability|p2b: Gyarados|Intimidate|boost
|-unboost|p1a: Jumpluff|atk|1
|-unboost|p1b: Torkoal|atk|1
|-ability|p2a: Incineroar|Intimidate|boost
|-unboost|p1a: Jumpluff|atk|1
|-unboost|p1b: Torkoal|atk|1
|-weather|SunnyDay|[from] ability: Drought|[of] p1b: Torkoal
|-enditem|p1b: Torkoal|Eject Pack
|
|t:|1756408310
|switch|p1b: Charizard|Charizard, L50, M, shiny|100/100
|turn|1
|inactive|gunkqing has 30 seconds left.
|inactive|BeauLavorre has 30 seconds left.
|inactive|gunkqing has 20 seconds left.
|inactive|BeauLavorre has 20 seconds left.
|inactive|gunkqing has 15 seconds left.
|inactive|BeauLavorre has 15 seconds left.
|inactive|gunkqing has 10 seconds left.
|
|t:|1756408358
|switch|p2a: Politoed|Politoed, L50, M|100/100
|-weather|RainDance|[from] ability: Drizzle|[of] p2a: Politoed
|move|p1a: Jumpluff|Rage Powder|p1a: Jumpluff
|-singleturn|p1a: Jumpluff|move: Rage Powder
|move|p1b: Charizard|Overheat|p2a: Politoed
|-resisted|p2a: Politoed
|-damage|p2a: Politoed|82/100
|-unboost|p1b: Charizard|spa|2
|move|p2b: Gyarados|Waterfall|p1a: Jumpluff
|-resisted|p1a: Jumpluff
|-damage|p1a: Jumpluff|58/100
|
|-weather|RainDance|[upkeep]
|-heal|p2a: Politoed|88/100|[from] item: Leftovers
|upkeep
|turn|2
|inactive|gunkqing has 30 seconds left.
|inactive|gunkqing has 20 seconds left.
|
|t:|1756408395
|switch|p1b: Incineroar|Incineroar, L50, F|100/100
|-ability|p1b: Incineroar|Intimidate|boost
|-unboost|p2a: Politoed|atk|1
|-fail|p2b: Gyarados|unboost|[from] item: Clear Amulet|[of] p2b: Gyarados
|switch|p2a: Incineroar|Incineroar, L50, M|100/100
|-ability|p2a: Incineroar|Intimidate|boost
|-unboost|p1a: Jumpluff|atk|1
|-unboost|p1b: Incineroar|atk|1
|move|p1a: Jumpluff|Sleep Powder|p2b: Gyarados
|-status|p2b: Gyarados|slp|[from] move: Sleep Powder
|cant|p2b: Gyarados|slp
|
|-weather|RainDance|[upkeep]
|upkeep
|turn|3
|inactive|gunkqing has 30 seconds left.
|inactive|BeauLavorre has 30 seconds left.
|inactive|BeauLavorre has 20 seconds left.
|inactive|BeauLavorre has 15 seconds left.
|
|t:|1756408439
|switch|p1a: Charizard|Charizard, L50, M, shiny|100/100
|cant|p2b: Gyarados|slp
|move|p1b: Incineroar|U-turn|p2b: Gyarados
|-resisted|p2b: Gyarados
|-damage|p2b: Gyarados|91/100 slp
|
|t:|1756408445
|switch|p1b: Jumpluff|Jumpluff, L50, M|58/100|[from] U-turn
|move|p2a: Incineroar|Flare Blitz|p1a: Charizard
|-resisted|p1a: Charizard
|-damage|p1a: Charizard|84/100
|-damage|p2a: Incineroar|96/100|[from] Recoil
|
|-weather|RainDance|[upkeep]
|upkeep
|turn|4
|
|t:|1756408467
|-curestatus|p2b: Gyarados|slp|[msg]
|move|p2b: Gyarados|Protect|p2b: Gyarados
|-singleturn|p2b: Gyarados|Protect
|move|p1b: Jumpluff|Sunny Day|p1b: Jumpluff
|-weather|SunnyDay
|move|p1a: Charizard|Heat Wave|p2b: Gyarados|[spread] p2a
|-activate|p2b: Gyarados|move: Protect
|-resisted|p2a: Incineroar
|-damage|p2a: Incineroar|48/100
|move|p2a: Incineroar|Parting Shot|p1a: Charizard
|-unboost|p1a: Charizard|atk|1
|-unboost|p1a: Charizard|spa|1
|
|t:|1756408479
|switch|p2a: Basculegion|Basculegion, L50, M|100/100|[from] Parting Shot
|
|-weather|SunnyDay|[upkeep]
|-damage|p1a: Charizard|71/100|[from] ability: Solar Power|[of] p1a: Charizard
|upkeep
|turn|5
|
|t:|1756408499
|switch|p1a: Incineroar|Incineroar, L50, F|100/100
|-ability|p1a: Incineroar|Intimidate|boost
|-unboost|p2a: Basculegion|atk|1
|-fail|p2b: Gyarados|unboost|[from] item: Clear Amulet|[of] p2b: Gyarados
|switch|p2b: Politoed|Politoed, L50, M|88/100
|-weather|RainDance|[from] ability: Drizzle|[of] p2b: Politoed
|move|p2a: Basculegion|Aqua Jet|p1a: Incineroar
|-supereffective|p1a: Incineroar
|-damage|p1a: Incineroar|63/100
|move|p1b: Jumpluff|Tailwind|p1b: Jumpluff
|-sidestart|p1: gunkqing|move: Tailwind
|
|-weather|RainDance|[upkeep]
|-heal|p2b: Politoed|94/100|[from] item: Leftovers
|upkeep
|turn|6
|inactive|BeauLavorre has 30 seconds left.
|
|t:|1756408529
|switch|p2b: Gyarados|Gyarados, L50, F|91/100
|-ability|p2b: Gyarados|Intimidate|boost
|-unboost|p1a: Incineroar|atk|1
|-unboost|p1b: Jumpluff|atk|1
|move|p1b: Jumpluff|Sunny Day|p1b: Jumpluff
|-weather|SunnyDay
|move|p1a: Incineroar|Knock Off|p2a: Basculegion
|-supereffective|p2a: Basculegion
|-damage|p2a: Basculegion|14/100
|-enditem|p2a: Basculegion|Focus Sash|[from] move: Knock Off|[of] p1a: Incineroar
|move|p2a: Basculegion|Flip Turn|p1a: Incineroar
|-supereffective|p1a: Incineroar
|-damage|p1a: Incineroar|44/100
|
|t:|1756408543
|switch|p2a: Incineroar|Incineroar, L50, M|48/100|[from] Flip Turn
|-ability|p2a: Incineroar|Intimidate|boost
|-unboost|p1a: Incineroar|atk|1
|-unboost|p1b: Jumpluff|atk|1
|
|-weather|SunnyDay|[upkeep]
|upkeep
|turn|7
|inactive|BeauLavorre has 30 seconds left.
|
|t:|1756408575
|switch|p1b: Torkoal|Torkoal, L50, F, shiny|100/100
|move|p1a: Incineroar|Knock Off|p2b: Gyarados
|-damage|p2b: Gyarados|67/100
|-enditem|p2b: Gyarados|Clear Amulet|[from] move: Knock Off|[of] p1a: Incineroar
|move|p2b: Gyarados|Lash Out|p1b: Torkoal
|-damage|p1b: Torkoal|80/100
|move|p2a: Incineroar|Flare Blitz|p1b: Torkoal
|-resisted|p1b: Torkoal
|-damage|p1b: Torkoal|52/100
|-damage|p2a: Incineroar|40/100|[from] Recoil
|
|-weather|SunnyDay|[upkeep]
|upkeep
|turn|8
|inactive|gunkqing has 30 seconds left.
|inactive|BeauLavorre has 30 seconds left.
|
|t:|1756408604
|switch|p2a: Politoed|Politoed, L50, M|94/100
|-weather|RainDance|[from] ability: Drizzle|[of] p2a: Politoed
|switch|p1b: Jumpluff|Jumpluff, L50, M|58/100
|move|p1a: Incineroar|U-turn|p2a: Politoed
|-damage|p2a: Politoed|82/100
|
|t:|1756408612
|switch|p1a: Torkoal|Torkoal, L50, F, shiny|52/100|[from] U-turn
|-weather|SunnyDay|[from] ability: Drought|[of] p1a: Torkoal
|move|p2b: Gyarados|Waterfall|p1b: Jumpluff
|-resisted|p1b: Jumpluff
|-damage|p1b: Jumpluff|44/100
|
|-weather|SunnyDay|[upkeep]
|-heal|p2a: Politoed|88/100|[from] item: Leftovers
|-sideend|p1: gunkqing|move: Tailwind
|upkeep
|turn|9
|inactive|BeauLavorre has 30 seconds left.
|
|t:|1756408640
|switch|p1b: Incineroar|Incineroar, L50, F|44/100
|-ability|p1b: Incineroar|Intimidate|boost
|-unboost|p2a: Politoed|atk|1
|-unboost|p2b: Gyarados|atk|1
|move|p2b: Gyarados|Waterfall|p1b: Incineroar
|-supereffective|p1b: Incineroar
|-damage|p1b: Incineroar|20/100
|move|p2a: Politoed|Weather Ball|p1b: Incineroar
|-resisted|p1b: Incineroar
|-damage|p1b: Incineroar|10/100
|move|p1a: Torkoal|Overheat|p2a: Politoed
|-resisted|p2a: Politoed
|-damage|p2a: Politoed|53/100
|-unboost|p1a: Torkoal|spa|2
|
|-weather|SunnyDay|[upkeep]
|-heal|p2a: Politoed|59/100|[from] item: Leftovers
|upkeep
|turn|10
|inactive|gunkqing has 30 seconds left.
|inactive|BeauLavorre has 30 seconds left.
|
|t:|1756408671
|switch|p1a: Charizard|Charizard, L50, M, shiny|71/100
|move|p2b: Gyarados|Protect|p2b: Gyarados
|-singleturn|p2b: Gyarados|Protect
|move|p2a: Politoed|Protect|p2a: Politoed
|-singleturn|p2a: Politoed|Protect
|move|p1b: Incineroar|Fake Out|p2b: Gyarados
|-activate|p2b: Gyarados|move: Protect
|
|-weather|SunnyDay|[upkeep]
|-damage|p1a: Charizard|59/100|[from] ability: Solar Power|[of] p1a: Charizard
|-heal|p2a: Politoed|65/100|[from] item: Leftovers
|upkeep
|turn|11
|inactive|gunkqing has 30 seconds left.
|inactive|BeauLavorre has 30 seconds left.
|inactive|gunkqing has 20 seconds left.
|inactive|BeauLavorre has 20 seconds left.
|inactive|gunkqing has 15 seconds left.
|inactive|BeauLavorre has 15 seconds left.
|
|t:|1756408715
|move|p1a: Charizard|Weather Ball|p2b: Gyarados
|-resisted|p2b: Gyarados
|-damage|p2b: Gyarados|0 fnt
|faint|p2b: Gyarados
|move|p2a: Politoed|Weather Ball|p1b: Incineroar
|-resisted|p1b: Incineroar
|-damage|p1b: Incineroar|0 fnt
|faint|p1b: Incineroar
|
|-weather|SunnyDay|[upkeep]
|-damage|p1a: Charizard|46/100|[from] ability: Solar Power|[of] p1a: Charizard
|-heal|p2a: Politoed|71/100|[from] item: Leftovers
|upkeep
|
|t:|1756408727
|switch|p2b: Incineroar|Incineroar, L50, M|40/100
|switch|p1b: Jumpluff|Jumpluff, L50, M|44/100
|-ability|p2b: Incineroar|Intimidate|boost
|-unboost|p1a: Charizard|atk|1
|-unboost|p1b: Jumpluff|atk|1
|turn|12
|inactive|BeauLavorre has 30 seconds left.
|
|t:|1756408757
|-terastallize|p1a: Charizard|Ghost
|move|p2a: Politoed|Protect|p2a: Politoed
|-singleturn|p2a: Politoed|Protect
|move|p1b: Jumpluff|Sleep Powder|p2a: Politoed
|-activate|p2a: Politoed|move: Protect
|move|p1a: Charizard|Weather Ball|p2b: Incineroar
|-resisted|p2b: Incineroar
|-damage|p2b: Incineroar|0 fnt
|faint|p2b: Incineroar
|
|-weather|none
|-heal|p2a: Politoed|77/100|[from] item: Leftovers
|upkeep
|
|t:|1756408769
|switch|p2b: Basculegion|Basculegion, L50, M|14/100
|turn|13
|
|t:|1756408785
|switch|p1a: Torkoal|Torkoal, L50, F, shiny|52/100
|-weather|SunnyDay|[from] ability: Drought|[of] p1a: Torkoal
|move|p1b: Jumpluff|Sleep Powder|p2b: Basculegion|[miss]
|-miss|p1b: Jumpluff|p2b: Basculegion
|move|p2b: Basculegion|Wave Crash|p1a: Torkoal
|-supereffective|p1a: Torkoal
|-damage|p1a: Torkoal|4/100
|-damage|p2b: Basculegion|0 fnt|[from] Recoil
|faint|p2b: Basculegion
|move|p2a: Politoed|Weather Ball|p1b: Jumpluff
|-supereffective|p1b: Jumpluff
|-damage|p1b: Jumpluff|0 fnt
|faint|p1b: Jumpluff
|
|-weather|SunnyDay|[upkeep]
|-heal|p2a: Politoed|83/100|[from] item: Leftovers
|upkeep
|
|t:|1756408792
|switch|p1b: Charizard|Charizard, L50, M, shiny, tera:Ghost|46/100
|turn|14
|inactive|BeauLavorre has 30 seconds left.
|
|t:|1756408813
|move|p2a: Politoed|Protect|p2a: Politoed
|-singleturn|p2a: Politoed|Protect
|move|p1b: Charizard|Overheat|p2a: Politoed
|-activate|p2a: Politoed|move: Protect
|move|p1a: Torkoal|Overheat|p2a: Politoed
|-activate|p2a: Politoed|move: Protect
|
|-weather|SunnyDay|[upkeep]
|-damage|p1b: Charizard|34/100|[from] ability: Solar Power|[of] p1b: Charizard
|-heal|p2a: Politoed|89/100|[from] item: Leftovers
|upkeep
|turn|15
|inactive|BeauLavorre has 30 seconds left this turn.
|inactive|BeauLavorre has 20 seconds left.
|
|t:|1756408825
|move|p1b: Charizard|Overheat|p2a: Politoed
|-resisted|p2a: Politoed
|-damage|p2a: Politoed|16/100
|-unboost|p1b: Charizard|spa|2
|move|p2a: Politoed|Weather Ball|p1a: Torkoal
|-resisted|p1a: Torkoal
|-damage|p1a: Torkoal|0 fnt
|faint|p1a: Torkoal
|
|-weather|SunnyDay|[upkeep]
|-damage|p1b: Charizard|21/100|[from] ability: Solar Power|[of] p1b: Charizard
|-heal|p2a: Politoed|22/100|[from] item: Leftovers
|upkeep
|turn|16
|inactive|BeauLavorre has 20 seconds left this turn.
|inactive|BeauLavorre has 15 seconds left.
|inactive|BeauLavorre has 10 seconds left.
|
|t:|1756408837
|move|p2a: Politoed|Protect|p2a: Politoed
|-singleturn|p2a: Politoed|Protect
|move|p1b: Charizard|Overheat|p2a: Politoed
|-activate|p2a: Politoed|move: Protect
|
|-weather|SunnyDay|[upkeep]
|-damage|p1b: Charizard|9/100|[from] ability: Solar Power|[of] p1b: Charizard
|-heal|p2a: Politoed|28/100|[from] item: Leftovers
|upkeep
|turn|17
|inactive|BeauLavorre has 10 seconds left this turn.
|inactive|BeauLavorre has 5 seconds left.
|
|t:|1756408847
|move|p2a: Politoed|Protect||[still]
|-fail|p2a: Politoed
|move|p1b: Charizard|Overheat|p2a: Politoed
|-resisted|p2a: Politoed
|-damage|p2a: Politoed|0 fnt
|-unboost|p1b: Charizard|spa|2
|faint|p2a: Politoed
|
|win|gunkqing
|c|☆gunkqing|ggs
|l|☆BeauLavorre
|player|p2|
