|j|☆ESCharge
|j|‽YarikFireDragon
|html|ESChargeYarikFireDragon    
|uhtml|bestof|Game 1 of a best-of-3
|t:|1786115289
|gametype|doubles
|player|p1|ESCharge|byron|
|player|p2|YarikFireDragon|2|
|gen|9
|tier|[Gen 9 Champions] VGC 2026 Reg M-B (Bo3)
|rule|Species Clause: Limit one of each Pokémon
|rule|Item Clause: Limit 1 of each item
|clearpoke
|poke|p1|Heliolisk, L50, M|
|poke|p1|Slowbro, L50, M|
|poke|p1|Zoroark, L50, F|
|poke|p1|Tinkaton, L50, F|
|poke|p1|Sableye, L50, M|
|poke|p1|Luxray, L50, M, shiny|
|poke|p2|Runerigus, L50, M|
|poke|p2|Abomasnow, L50, F|
|poke|p2|Mr. Rime, L50, F|
|poke|p2|Slowbro, L50, F|
|poke|p2|Steelix, L50, M|
|poke|p2|Toucannon, L50, F|
|teampreview|4
|showteam|p1|Heliolisk||WiseGlasses|SandVeil|Discharge,MorningSun,Substitute,HyperVoice|Timid||M|||50|]Slowbro||Slowbronite|Oblivious|SlackOff,IronDefense,Amnesia,StoredPower|Calm||M|||50|]Zoroark||WideLens|Illusion|Snarl,FocusBlast,Protect,Detect|Timid||F|||50|]Tinkaton||LifeOrb|OwnTempo|GigatonHammer,IceHammer,PlayRough,FakeOut|Adamant||F|||50|]Sableye||Sablenite|Prankster|ThunderWave,WillOWisp,Taunt,Recover|Calm||M|||50|]Luxray||MuscleBand|Guts|Agility,SupercellSlam,Facade,PsychicFangs|Adamant||M|||50|
|showteam|p2|Runerigus||SitrusBerry|WanderingSpirit|TrickRoom,BodyPress,Earthquake,Poltergeist|Sassy||M|||50|]Abomasnow||Abomasite|SnowWarning|Blizzard,IceBeam,Earthquake,Protect|Quiet||F|||50|]Mr. Rime||LightClay|IceBody|LightScreen,Reflect,Psychic,TrickRoom|Sassy||F|||50|]Slowbro||LifeOrb|Oblivious|TrickRoom,ShadowBall,HydroPump,PsychicTerrain|Quiet||F|||50|]Steelix||Steelixite|RockHead|BodyPress,HeavySlam,Protect,Earthquake|Brave||M|||50|]Toucannon||FocusSash|SkillLink|Acrobatics,RockBlast,KnockOff,BulletSeed|Brave||F|||50|
|inactive|Battle timer is ON: inactive players will automatically lose when time's up. (requested by ESCharge)
|inactive|YarikFireDragon has 60 seconds left.
|
|t:|1786115333
|teamsize|p1|4
|teamsize|p2|4
|start
|switch|p1a: Demond|Sableye, L50, M|100/100
|switch|p1b: Tinkaton|Tinkaton, L50, F|100/100
|switch|p2a: Runerigus|Runerigus, L50, M|100/100
|switch|p2b: Abomasnow|Abomasnow, L50, F|100/100
|-weather|Snowscape|[from] ability: Snow Warning|[of] p2b: Abomasnow
|turn|1
|
|t:|1786115350
|detailschange|p2b: Abomasnow|Abomasnow-Mega, L50, F
|-mega|p2b: Abomasnow|Abomasnow|Abomasite
|move|p2b: Abomasnow|Protect|p2b: Abomasnow
|-singleturn|p2b: Abomasnow|Protect
|move|p1a: Demond|Taunt|p2a: Runerigus
|-start|p2a: Runerigus|move: Taunt
|move|p1b: Tinkaton|Focus Blast|p2b: Abomasnow
|-activate|p2b: Abomasnow|move: Protect
|cant|p2a: Runerigus|move: Taunt|Trick Room
|
|-weather|Snowscape|[upkeep]
|upkeep
|turn|2
|inactive|ESCharge has 30 seconds left.
|inactive|YarikFireDragon has 30 seconds left.
|
|t:|1786115377
|move|p1a: Demond|Thunder Wave|p2b: Abomasnow
|-status|p2b: Abomasnow|par
|move|p1b: Tinkaton|Snarl|p2a: Runerigus|[spread] p2a,p2b
|-supereffective|p2a: Runerigus|1
|-damage|p2a: Runerigus|67/100
|-damage|p2b: Abomasnow|82/100 par
|-unboost|p2a: Runerigus|spa|1
|-unboost|p2b: Abomasnow|spa|1
|move|p2a: Runerigus|Earthquake|p1b: Tinkaton|[spread] p2b,p1a,p1b
|-resisted|p2b: Abomasnow|1
|-damage|p2b: Abomasnow|75/100 par
|-damage|p1a: Demond|63/100
|-damage|p1b: Tinkaton|49/100
|replace|p1b: Zoroark|Zoroark, L50, F
|-end|p1b: Zoroark|Illusion
|move|p2b: Abomasnow|Blizzard|p1a: Demond|[spread] p1a,p1b
|-damage|p1a: Demond|27/100
|-damage|p1b: Zoroark|0 fnt
|faint|p1b: Zoroark
|
|-weather|Snowscape|[upkeep]
|upkeep
|
|t:|1786115400
|switch|p1b: Slowgobrrr|Slowbro, L50, M|100/100
|turn|3
|
|t:|1786115422
|detailschange|p1b: Slowgobrrr|Slowbro-Mega, L50, M
|-mega|p1b: Slowgobrrr|Slowbro|Slowbronite
|move|p1a: Demond|Will-O-Wisp|p2a: Runerigus
|-status|p2a: Runerigus|brn
|move|p1b: Slowgobrrr|Iron Defense|p1b: Slowgobrrr
|-boost|p1b: Slowgobrrr|def|2
|move|p2a: Runerigus|Poltergeist|p1b: Slowgobrrr
|-activate|p1b: Slowgobrrr|move: Poltergeist|Slowbronite
|-supereffective|p1b: Slowgobrrr|1
|-damage|p1b: Slowgobrrr|90/100
|move|p2b: Abomasnow|Blizzard|p1b: Slowgobrrr|[spread] p1a,p1b
|-resisted|p1b: Slowgobrrr|1
|-damage|p1a: Demond|0 fnt
|-damage|p1b: Slowgobrrr|78/100
|faint|p1a: Demond
|
|-weather|Snowscape|[upkeep]
|-damage|p2a: Runerigus|61/100 brn|[from] brn
|-end|p2a: Runerigus|move: Taunt
|upkeep
|
|t:|1786115443
|switch|p1a: Tinkaton|Tinkaton, L50, F|100/100
|turn|4
|
|t:|1786115454
|switch|p2b: Slowbro|Slowbro, L50, F|100/100
|move|p1a: Tinkaton|Gigaton Hammer|p2a: Runerigus
|-damage|p2a: Runerigus|0 fnt
|faint|p2a: Runerigus
|-damage|p1a: Tinkaton|90/100|[from] item: Life Orb
|move|p1b: Slowgobrrr|Amnesia|p1b: Slowgobrrr
|-boost|p1b: Slowgobrrr|spd|2
|
|-weather|Snowscape|[upkeep]
|upkeep
|
|t:|1786115459
|switch|p2a: Toucannon|Toucannon, L50, F|100/100
|turn|5
|inactive|ESCharge has 30 seconds left.
|
|t:|1786115491
|move|p1a: Tinkaton|Ice Hammer|p2a: Toucannon
|-supereffective|p2a: Toucannon|1
|-crit|p2a: Toucannon
|-enditem|p2a: Toucannon|Focus Sash
|-damage|p2a: Toucannon|1/100
|-unboost|p1a: Tinkaton|spe|1
|-damage|p1a: Tinkaton|80/100|[from] item: Life Orb
|move|p2a: Toucannon|Bullet Seed|p1b: Slowgobrrr
|-supereffective|p1b: Slowgobrrr|1
|-damage|p1b: Slowgobrrr|72/100
|-supereffective|p1b: Slowgobrrr|1
|-damage|p1b: Slowgobrrr|66/100
|-supereffective|p1b: Slowgobrrr|1
|-damage|p1b: Slowgobrrr|60/100
|-supereffective|p1b: Slowgobrrr|1
|-damage|p1b: Slowgobrrr|54/100
|-supereffective|p1b: Slowgobrrr|1
|-damage|p1b: Slowgobrrr|49/100
|-hitcount|p1b: Slowgobrrr|5
|move|p1b: Slowgobrrr|Iron Defense|p1b: Slowgobrrr
|-boost|p1b: Slowgobrrr|def|2
|move|p2b: Slowbro|Shadow Ball|p1b: Slowgobrrr
|-supereffective|p1b: Slowgobrrr|1
|-damage|p1b: Slowgobrrr|23/100
|-damage|p2b: Slowbro|90/100|[from] item: Life Orb
|
|-weather|none
|upkeep
|turn|6
|inactive|ESCharge has 30 seconds left.
|
|t:|1786115520
|move|p1a: Tinkaton|Play Rough|p2b: Slowbro
|-damage|p2b: Slowbro|49/100
|-damage|p1a: Tinkaton|70/100|[from] item: Life Orb
|move|p2a: Toucannon|Bullet Seed|p1b: Slowgobrrr
|-supereffective|p1b: Slowgobrrr|1
|-damage|p1b: Slowgobrrr|19/100
|-supereffective|p1b: Slowgobrrr|1
|-damage|p1b: Slowgobrrr|14/100
|-supereffective|p1b: Slowgobrrr|1
|-damage|p1b: Slowgobrrr|10/100
|-supereffective|p1b: Slowgobrrr|1
|-damage|p1b: Slowgobrrr|6/100
|-supereffective|p1b: Slowgobrrr|1
|-damage|p1b: Slowgobrrr|2/100
|-hitcount|p1b: Slowgobrrr|5
|move|p1b: Slowgobrrr|Slack Off|p1b: Slowgobrrr
|-heal|p1b: Slowgobrrr|52/100
|move|p2b: Slowbro|Shadow Ball|p1b: Slowgobrrr
|-supereffective|p1b: Slowgobrrr|1
|-damage|p1b: Slowgobrrr|24/100
|-damage|p2b: Slowbro|39/100|[from] item: Life Orb
|
|upkeep
|turn|7
|inactive|ESCharge has 30 seconds left.
|inactive|ESCharge has 20 seconds left.
|
|t:|1786115558
|move|p1a: Tinkaton|Gigaton Hammer|p2a: Toucannon
|-damage|p2a: Toucannon|0 fnt
|faint|p2a: Toucannon
|-damage|p1a: Tinkaton|60/100|[from] item: Life Orb
|move|p1b: Slowgobrrr|Slack Off|p1b: Slowgobrrr
|-heal|p1b: Slowgobrrr|74/100
|move|p2b: Slowbro|Shadow Ball|p1b: Slowgobrrr
|-supereffective|p1b: Slowgobrrr|1
|-damage|p1b: Slowgobrrr|47/100
|-damage|p2b: Slowbro|29/100|[from] item: Life Orb
|
|upkeep
|
|t:|1786115566
|switch|p2a: Abomasnow|Abomasnow-Mega, L50, F|75/100 par
|-weather|Snowscape|[from] ability: Snow Warning|[of] p2a: Abomasnow
|turn|8
|l|☆ESCharge
|inactive|ESCharge disconnected and has 300 seconds to reconnect!
|player|p1|
|j|☆ESCharge
|inactive|ESCharge reconnected and has 35 seconds left.
|player|p1|ESCharge|byron|
|inactive|ESCharge has 30 seconds left.
|
|t:|1786115619
|move|p1a: Tinkaton|Play Rough|p2b: Slowbro
|-damage|p2b: Slowbro|0 fnt
|faint|p2b: Slowbro
|-damage|p1a: Tinkaton|50/100g|[from] item: Life Orb
|move|p1b: Slowgobrrr|Slack Off|p1b: Slowgobrrr
|-heal|p1b: Slowgobrrr|97/100
|move|p2a: Abomasnow|Earthquake|p1b: Slowgobrrr|[spread] p1a,p1b
|-supereffective|p1a: Tinkaton|1
|-damage|p1a: Tinkaton|3/100
|-damage|p1b: Slowgobrrr|93/100
|
|-weather|Snowscape|[upkeep]
|upkeep
|turn|9
|
|t:|1786115638
|move|p1a: Tinkaton|Gigaton Hammer|p2a: Abomasnow
|-supereffective|p2a: Abomasnow|1
|-damage|p2a: Abomasnow|0 fnt
|faint|p2a: Abomasnow
|-damage|p1a: Tinkaton|0 fnt|[from] item: Life Orb
|faint|p1a: Tinkaton
|
|win|ESCharge
||YarikFireDragon is ready for game 2.
|inactive|ESCharge has 30 seconds to confirm battle start!
||ESCharge is ready for game 2.
|uhtml|next|Next: Game 2 of 3
