|j|☆1#miraidonhater
|j|☆itangood5
|html|1#miraidonhateritangood5    
|uhtml|bestof|Game 1 of a best-of-3
|t:|1783325064
|gametype|doubles
|player|p1|1#miraidonhater|102|1090
|player|p2|itangood5|nate|1110
|gen|9
|tier|[Gen 9 Champions] VGC 2026 Reg M-B (Bo3)
|rated|
|rule|Species Clause: Limit one of each Pokémon
|rule|Item Clause: Limit 1 of each item
|clearpoke
|poke|p1|Tyranitar, L50, F|
|poke|p1|Excadrill, L50, M|
|poke|p1|Delphox, L50, M|
|poke|p1|Venusaur, L50, F|
|poke|p1|Rotom-Wash, L50|
|poke|p1|Talonflame, L50, F|
|poke|p2|Charizard, L50, M, shiny|
|poke|p2|Venusaur, L50, F|
|poke|p2|Floette-Eternal, L50, F|
|poke|p2|Farigiraf, L50, F|
|poke|p2|Incineroar, L50, M, shiny|
|poke|p2|Azumarill, L50, M|
|teampreview|4
|showteam|p1|Tyranitar||ChoiceScarf|SandStream|RockSlide,IcePunch,KnockOff,LowKick|Jolly||F|||50|]Excadrill||FocusSash|SandRush|Earthquake,IronHead,RockSlide,Protect|Adamant||M|||50|]Delphox||Delphoxite|Blaze|HeatWave,Protect,NastyPlot,Psyshock|Timid||M|||50|]Venusaur||Venusaurite|Chlorophyll|GigaDrain,SludgeBomb,EarthPower,Protect|Modest||F|||50|]Rotom-Wash||Magnet|Levitate|HydroPump,Thunderbolt,VoltSwitch,Protect|Modest|||||50|]Talonflame|||GaleWings|Tailwind,FlareBlitz,Acrobatics,Protect|Jolly||F|||50|
|showteam|p2|Charizard||CharizarditeY|SolarPower|HeatWave,Protect,WeatherBall,SolarBeam|Modest||M|||50|]Venusaur||FocusSash|Chlorophyll|LeafStorm,EarthPower,SludgeBomb,SleepPowder|Timid||F|||50|]Floette-Eternal||Floettite|FlowerVeil|Moonblast,CalmMind,DrainingKiss,Protect|Modest||F|||50|]Farigiraf||SitrusBerry|ArmorTail|PsychicNoise,Roar,HelpingHand,TrickRoom|Bold||F|||50|]Incineroar||WhiteHerb|Intimidate|CloseCombat,FlareBlitz,PartingShot,FakeOut|Brave||M|||50|]Azumarill||LifeOrb|HugePower|Liquidation,PlayRough,Protect,AquaJet|Brave||M|||50|
|inactive|Battle timer is ON: inactive players will automatically lose when time's up. (requested by itangood5)
|j| porygon-epilepz
|
|t:|1783325093
|teamsize|p1|4
|teamsize|p2|4
|start
|switch|p1a: Delphox|Delphox, L50, M|100/100
|switch|p1b: Excadrill|Excadrill, L50, M|100/100
|switch|p2a: Azzy|Azumarill, L50, M|100/100
|switch|p2b: Right HM|Farigiraf, L50, F|100/100
|turn|1
|
|t:|1783325114
|detailschange|p1a: Delphox|Delphox-Mega, L50, M
|-mega|p1a: Delphox|Delphox|Delphoxite
|move|p1a: Delphox|Psyshock|p2a: Azzy
|-damage|p2a: Azzy|53/100
|move|p1b: Excadrill|Earthquake|p2a: Azzy|[spread] p2a,p2b
|-immune|p1a: Delphox|[from] ability: Levitate
|-damage|p2a: Azzy|8/100
|-damage|p2b: Right HM|66/100
|move|p2a: Azzy|Liquidation|p1a: Delphox
|-supereffective|p1a: Delphox|1
|-damage|p1a: Delphox|0 fnt
|faint|p1a: Delphox
|-damage|p2a: Azzy|0 fnt|[from] item: Life Orb
|faint|p2a: Azzy
|move|p2b: Right HM|Trick Room|p2b: Right HM
|-fieldstart|move: Trick Room|[of] p2b: Right HM
|
|upkeep
|
|t:|1783325133
|switch|p2a: Boss battle|Incineroar, L50, M, shiny|100/100
|switch|p1a: Talonflame|Talonflame, L50, F|100/100
|-ability|p2a: Boss battle|Intimidate|boost
|-unboost|p1a: Talonflame|atk|1
|-unboost|p1b: Excadrill|atk|1
|turn|2
|j| thepwonw
|l| thepwonw
|
|t:|1783325145
|move|p1b: Excadrill|Protect|p1b: Excadrill
|-singleturn|p1b: Excadrill|Protect
|move|p1a: Talonflame|Protect|p1a: Talonflame
|-singleturn|p1a: Talonflame|Protect
|move|p2a: Boss battle|Close Combat|p1b: Excadrill
|-activate|p1b: Excadrill|move: Protect
|move|p2b: Right HM|Psychic Noise|p1b: Excadrill
|-activate|p1b: Excadrill|move: Protect
|
|upkeep
|turn|3
|
|t:|1783325170
|switch|p1a: Tyranitar|Tyranitar, L50, F|100/100
|-weather|Sandstorm|[from] ability: Sand Stream|[of] p1a: Tyranitar
|move|p2a: Boss battle|Flare Blitz|p1b: Excadrill
|-supereffective|p1b: Excadrill|1
|-enditem|p1b: Excadrill|Focus Sash
|-damage|p1b: Excadrill|1/100
|-damage|p2a: Boss battle|69/100|[from] Recoil
|move|p2b: Right HM|Psychic Noise|p1a: Tyranitar
|-immune|p1a: Tyranitar
|move|p1b: Excadrill|Iron Head|p2b: Right HM
|-damage|p2b: Right HM|42/100
|-enditem|p2b: Right HM|Sitrus Berry|[eat]
|-heal|p2b: Right HM|66/100|[from] item: Sitrus Berry
|
|-weather|Sandstorm|[upkeep]
|-damage|p2a: Boss battle|63/100|[from] Sandstorm
|-damage|p2b: Right HM|60/100|[from] Sandstorm
|upkeep
|turn|4
|inactive|1#miraidonhater has 30 seconds left.
|
|t:|1783325196
|switch|p1a: Talonflame|Talonflame, L50, F|100/100
|move|p1b: Excadrill|Protect|p1b: Excadrill
|-singleturn|p1b: Excadrill|Protect
|move|p2a: Boss battle|Close Combat|p1a: Talonflame
|-resisted|p1a: Talonflame|1
|-damage|p1a: Talonflame|75/100
|-unboost|p2a: Boss battle|def|1
|-unboost|p2a: Boss battle|spd|1
|-enditem|p2a: Boss battle|White Herb
|-clearnegativeboost|p2a: Boss battle|[silent]
|move|p2b: Right HM|Psychic Noise|p1b: Excadrill
|-activate|p1b: Excadrill|move: Protect
|
|-weather|Sandstorm|[upkeep]
|-damage|p2a: Boss battle|57/100|[from] Sandstorm
|-damage|p2b: Right HM|54/100|[from] Sandstorm
|-damage|p1a: Talonflame|69/100|[from] Sandstorm
|upkeep
|turn|5
|inactive|1#miraidonhater has 30 seconds left.
|
|t:|1783325225
|switch|p1b: Tyranitar|Tyranitar, L50, F|100/100
|move|p2a: Boss battle|Close Combat|p1b: Tyranitar
|-supereffective|p1b: Tyranitar|2
|-crit|p1b: Tyranitar
|-damage|p1b: Tyranitar|0 fnt
|-unboost|p2a: Boss battle|def|1
|-unboost|p2a: Boss battle|spd|1
|faint|p1b: Tyranitar
|move|p2b: Right HM|Psychic Noise|p1a: Talonflame
|-damage|p1a: Talonflame|26/100
|-start|p1a: Talonflame|move: Heal Block
|move|p1a: Talonflame|Acrobatics|p2b: Right HM
|-damage|p2b: Right HM|23/100
|
|-weather|Sandstorm|[upkeep]
|-damage|p2a: Boss battle|51/100|[from] Sandstorm
|-damage|p2b: Right HM|17/100|[from] Sandstorm
|-damage|p1a: Talonflame|20/100y|[from] Sandstorm
|-fieldend|move: Trick Room
|upkeep
|
|t:|1783325239
|switch|p1b: Excadrill|Excadrill, L50, M|1/100
|turn|6
|
|t:|1783325253
|switch|p2a: Rookie|Floette-Eternal, L50, F|100/100
|move|p1b: Excadrill|Earthquake|p2b: Right HM|[spread] p2a,p2b
|-immune|p1a: Talonflame
|-damage|p2a: Rookie|33/100
|-damage|p2b: Right HM|0 fnt
|faint|p2b: Right HM
|move|p1a: Talonflame|Tailwind|p1a: Talonflame
|-sidestart|p1: 1#miraidonhater|move: Tailwind
|
|-weather|Sandstorm|[upkeep]
|-damage|p1a: Talonflame|14/100|[from] Sandstorm
|-damage|p2a: Rookie|28/100|[from] Sandstorm
|-end|p1a: Talonflame|move: Heal Block
|upkeep
|
|t:|1783325255
|switch|p2b: Boss battle|Incineroar, L50, M, shiny|51/100
|-ability|p2b: Boss battle|Intimidate|boost
|-unboost|p1a: Talonflame|atk|1
|-unboost|p1b: Excadrill|atk|1
|turn|7
|
|t:|1783325268
|detailschange|p2a: Rookie|Floette-Mega, L50, F
|-mega|p2a: Rookie|Floette|Floettite
|-ability|p2a: Rookie|Fairy Aura
|move|p1b: Excadrill|Protect|p1b: Excadrill
|-singleturn|p1b: Excadrill|Protect
|move|p1a: Talonflame|Protect|p1a: Talonflame
|-singleturn|p1a: Talonflame|Protect
|move|p2b: Boss battle|Fake Out|p1b: Excadrill
|-activate|p1b: Excadrill|move: Protect
|move|p2a: Rookie|Moonblast|p1a: Talonflame
|-activate|p1a: Talonflame|move: Protect
|
|-weather|none
|upkeep
|turn|8
|
|t:|1783325281
|move|p1a: Talonflame|Acrobatics|p2b: Boss battle
|-damage|p2b: Boss battle|27/100
|move|p1b: Excadrill|Earthquake|p2a: Rookie|[spread] p2a,p2b
|-immune|p1a: Talonflame
|-supereffective|p2b: Boss battle|1
|-damage|p2a: Rookie|0 fnt
|-damage|p2b: Boss battle|0 fnt
|faint|p2a: Rookie
|faint|p2b: Boss battle
|
|win|1#miraidonhater
||itangood5 is ready for game 2.
||1#miraidonhater is ready for game 2.
|uhtml|next|Next: Game 2 of 3
