|j|☆gohan92
|j|☆STL Donductor
|html|gohan92STL Donductor    
|uhtml|bestof|Game 2 of a best-of-3
|t:|1756670614
|gametype|doubles
|player|p1|gohan92|2|1240
|player|p2|STL Donductor|hilbert|1265
|gen|9
|tier|[Gen 9] VGC 2025 Reg H (Bo3)
|rated|
|rule|Species Clause: Limit one of each Pokémon
|rule|Item Clause: Limit 1 of each item
|clearpoke
|poke|p1|Ursaluna-Bloodmoon, L50, M|
|poke|p1|Gholdengo, L50|
|poke|p1|Dragonite, L50, F|
|poke|p1|Rillaboom, L50, F|
|poke|p1|Annihilape, L50, M|
|poke|p1|Maushold, L50|
|poke|p2|Weezing-Galar, L50, M|
|poke|p2|Toedscruel, L50, F|
|poke|p2|Kilowattrel, L50, F|
|poke|p2|Garchomp, L50, F|
|poke|p2|Corviknight, L50, F|
|poke|p2|Typhlosion-Hisui, L50, M|
|teampreview|4
|showteam|p1|Ursaluna-Bloodmoon||AssaultVest|MindsEye|BloodMoon,HyperVoice,EarthPower,VacuumWave|||M|||50|,,,,,Water]Gholdengo||LifeOrb|GoodasGold|MakeItRain,ShadowBall,NastyPlot,Protect||||||50|,,,,,Water]Dragonite||LoadedDice|Multiscale|ScaleShot,Tailwind,Haze,Protect|||F|||50|,,,,,Fairy]Rillaboom||MiracleSeed|GrassySurge|FakeOut,WoodHammer,GrassyGlide,HighHorsepower|||F|||50|,,,,,Fire]Annihilape||SitrusBerry|Defiant|RageFist,DrainPunch,BulkUp,Protect|||M|||50|,,,,,Fire]Maushold||FocusSash|FriendGuard|SuperFang,BeatUp,FollowMe,Protect||||||50|,,,,,Ghost
|showteam|p2|Weezing-Galar||ChoiceSpecs|NeutralizingGas|StrangeSteam,SludgeBomb,DazzlingGleam,Flamethrower|||M|||50|,,,,,Water]Toedscruel||CovertCloak|MyceliumMight|Spore,RagePowder,AcidSpray,EarthPower|||F|||50|,,,,,Water]Kilowattrel||FocusSash|Competitive|Discharge,AirSlash,Tailwind,Protect|||F|||50|,,,,,Ghost]Garchomp||LifeOrb|RoughSkin|Earthquake,DragonClaw,StompingTantrum,Protect|||F|||50|,,,,,Ground]Corviknight||SitrusBerry|MirrorArmor|BraveBird,Roost,Taunt,Protect|||F|||50|,,,,,Dragon]Typhlosion-Hisui||ChoiceScarf|Blaze|Eruption,HeatWave,ShadowBall,WillOWisp|||M|||50|,,,,,Fire
|inactive|Battle timer is ON: inactive players will automatically lose when time's up. (requested by STL Donductor)
|inactive|STL Donductor has 60 seconds left.
|inactive|STL Donductor has 30 seconds left.
|inactive|STL Donductor has 20 seconds left.
|inactive|STL Donductor has 15 seconds left.
|inactive|STL Donductor has 10 seconds left.
|
|t:|1756670697
|teamsize|p1|4
|teamsize|p2|4
|start
|switch|p1a: Dragonite|Dragonite, L50, F|100/100
|switch|p1b: Maushold|Maushold, L50|100/100
|switch|p2a: Oleander|Weezing-Galar, L50, M, shiny|100/100
|switch|p2b: Triboulet|Typhlosion-Hisui, L50, M|100/100
|-ability|p2a: Oleander|Neutralizing Gas
|turn|1
|inactive|gohan92 has 30 seconds left.
|inactive|STL Donductor has 30 seconds left.
|inactive|gohan92 has 20 seconds left.
|inactive|STL Donductor has 20 seconds left.
|inactive|STL Donductor has 15 seconds left.
|
|t:|1756670739
|-terastallize|p2b: Triboulet|Fire
|move|p1b: Maushold|Protect|p1b: Maushold
|-singleturn|p1b: Maushold|Protect
|move|p2b: Triboulet|Eruption|p1b: Maushold|[spread] p1a
|-activate|p1b: Maushold|move: Protect
|-resisted|p1a: Dragonite
|-damage|p1a: Dragonite|60/100
|move|p1a: Dragonite|Tailwind|p1a: Dragonite
|-sidestart|p1: gohan92|move: Tailwind
|move|p2a: Oleander|Dazzling Gleam|p1b: Maushold|[spread] p1a
|-activate|p1b: Maushold|move: Protect
|-supereffective|p1a: Dragonite
|-damage|p1a: Dragonite|0 fnt
|faint|p1a: Dragonite
|
|upkeep
|
|t:|1756670755
|switch|p1a: Annihilape|Annihilape, L50, M|100/100
|turn|2
|inactive|STL Donductor has 30 seconds left.
|inactive|STL Donductor has 20 seconds left.
|
|t:|1756670790
|switch|p2b: Voltaire|Kilowattrel, L50, F|100/100
|-terastallize|p1a: Annihilape|Fire
|move|p1b: Maushold|Beat Up|p1a: Annihilape
|-damage|p1a: Annihilape|97/100
|-damage|p1a: Annihilape|95/100
|-damage|p1a: Annihilape|92/100
|-hitcount|p1a: Annihilape|3
|move|p1a: Annihilape|Rage Fist|p2b: Voltaire
|-enditem|p2b: Voltaire|Focus Sash
|-damage|p2b: Voltaire|1/100
|move|p2a: Oleander|Dazzling Gleam|p1b: Maushold|[spread] p1a,p1b
|-resisted|p1a: Annihilape
|-damage|p1a: Annihilape|75/100
|-damage|p1b: Maushold|46/100
|
|upkeep
|turn|3
|inactive|STL Donductor has 30 seconds left.
|
|t:|1756670819
|move|p2b: Voltaire|Protect|p2b: Voltaire
|-singleturn|p2b: Voltaire|Protect
|move|p1b: Maushold|Beat Up|p2b: Voltaire
|-activate|p2b: Voltaire|move: Protect
|move|p1a: Annihilape|Rage Fist|p2a: Oleander
|-damage|p2a: Oleander|0 fnt
|faint|p2a: Oleander
|-end|p2a: Oleander|ability: Neutralizing Gas
|
|upkeep
|
|t:|1756670837
|switch|p2a: Greyscale|Garchomp, L50, F|100/100
|turn|4
|
|t:|1756670858
|switch|p2b: Triboulet|Typhlosion-Hisui, L50, M, tera:Fire|100/100
|move|p2a: Greyscale|Protect|p2a: Greyscale
|-singleturn|p2a: Greyscale|Protect
|move|p1b: Maushold|Beat Up|p2b: Triboulet
|-damage|p2b: Triboulet|96/100
|-damage|p2b: Triboulet|91/100
|-damage|p2b: Triboulet|87/100
|-hitcount|p2b: Triboulet|3
|move|p1a: Annihilape|Bulk Up|p1a: Annihilape
|-boost|p1a: Annihilape|atk|1
|-boost|p1a: Annihilape|def|1
|
|-sideend|p1: gohan92|move: Tailwind
|upkeep
|turn|5
|inactive|gohan92 has 30 seconds left.
|
|t:|1756670883
|move|p1b: Maushold|Protect|p1b: Maushold
|-singleturn|p1b: Maushold|Protect
|move|p1a: Annihilape|Protect|p1a: Annihilape
|-singleturn|p1a: Annihilape|Protect
|move|p2b: Triboulet|Eruption|p1b: Maushold|[spread] 
|-activate|p1a: Annihilape|move: Protect
|-activate|p1b: Maushold|move: Protect
|move|p2a: Greyscale|Stomping Tantrum|p1a: Annihilape
|-activate|p1a: Annihilape|move: Protect
|
|upkeep
|turn|6
|inactive|gohan92 has 30 seconds left.
|inactive|gohan92 has 20 seconds left.
|inactive|gohan92 has 15 seconds left.
|
|t:|1756670924
|switch|p1b: Ursaluna|Ursaluna-Bloodmoon, L50, M|100/100
|move|p2b: Triboulet|Eruption|p1a: Annihilape|[spread] p1a,p1b
|-resisted|p1a: Annihilape
|-damage|p1a: Annihilape|41/100
|-damage|p1b: Ursaluna|57/100
|-enditem|p1a: Annihilape|Sitrus Berry|[eat]
|-heal|p1a: Annihilape|66/100|[from] item: Sitrus Berry
|move|p2a: Greyscale|Stomping Tantrum|p1a: Annihilape
|-supereffective|p1a: Annihilape
|-damage|p1a: Annihilape|0 fnt
|faint|p1a: Annihilape
|-damage|p2a: Greyscale|91/100|[from] item: Life Orb
|
|upkeep
|
|t:|1756670936
|switch|p1a: Maushold|Maushold, L50|46/100
|turn|7
|
|t:|1756670953
|move|p1a: Maushold|Protect|p1a: Maushold
|-singleturn|p1a: Maushold|Protect
|move|p2b: Triboulet|Eruption|p1a: Maushold|[spread] p1b
|-activate|p1a: Maushold|move: Protect
|-damage|p1b: Ursaluna|23/100
|move|p2a: Greyscale|Dragon Claw|p1b: Ursaluna
|-damage|p1b: Ursaluna|0 fnt
|faint|p1b: Ursaluna
|-damage|p2a: Greyscale|81/100|[from] item: Life Orb
|
|upkeep
|turn|8
|-message|gohan92 forfeited.
|
|win|STL Donductor
||gohan92 is ready for game 3.
