|j|☆LewBoiiiiiii
|j|☆DinisDenis
|html|LewBoiiiiiiiDinisDenis    
|uhtml|bestof|Game 2 of a best-of-3
|t:|1784927433
|gametype|doubles
|player|p1|LewBoiiiiiii|pokemaniac|
|player|p2|DinisDenis|fisherman-gen4|
|gen|9
|tier|[Gen 9 Champions] VGC 2026 Reg M-B (Bo3)
|rule|Species Clause: Limit one of each Pokémon
|rule|Item Clause: Limit 1 of each item
|clearpoke
|poke|p1|Lucario, L50, M|
|poke|p1|Umbreon, L50, F|
|poke|p1|Gallade, L50, M|
|poke|p1|Camerupt, L50, F|
|poke|p1|Hydrapple, L50, M|
|poke|p1|Oranguru, L50, F|
|poke|p2|Lopunny, L50, F|
|poke|p2|Sylveon, L50, M|
|poke|p2|Mudsdale, L50, F|
|poke|p2|Aggron, L50, F|
|poke|p2|Basculegion, L50, M|
|poke|p2|Bellibolt, L50, M|
|teampreview|4
|showteam|p1|Lucario||Lucarionite|Steadfast|CloseCombat,MeteorMash,VacuumWave,Protect|Jolly||M|||50|]Umbreon||SitrusBerry|InnerFocus|FoulPlay,Yawn,ThunderWave,Taunt|Sassy||F|||50|]Gallade||ChoiceScarf|Sharpness|SacredSword,PsychoCut,NightSlash,LeafBlade|Jolly||M|||50|]Camerupt||Cameruptite|SolidRock|HeatWave,EarthPower,AncientPower,Protect|Quiet||F|||50|]Hydrapple||LifeOrb|Regenerator|DracoMeteor,GigaDrain,EarthPower,Protect|Quiet||M|||50|]Oranguru||MentalHerb|InnerFocus|Instruct,Psychic,TrickRoom,Protect|Bold||F|||50|
|showteam|p2|Lopunny||Lopunnite|Limber|CloseCombat,Protect,FakeOut,Encore|Jolly||F|||50|]Sylveon||LifeOrb|Pixilate|HyperVoice,CalmMind,Psyshock,Detect|Modest||M|||50|]Mudsdale||MuscleBand|Stamina|HighHorsepower,BodyPress,Protect,RockSlide|Adamant||F|||50|]Aggron||Aggronite|Sturdy|HeavySlam,Earthquake,Rest,Curse|Adamant||F|||50|]Basculegion||ChoiceScarf|SwiftSwim|LastRespects,AquaJet,WaveCrash,FlipTurn|Jolly||M|||50|]Bellibolt||SitrusBerry|Electromorphosis|Thunderbolt,AcidSpray,SlackOff,Protect|Modest||M|||50|
|j| Ly_likes_Ceruledge
|j| enzothegamer
|
|t:|1784927472
|teamsize|p1|4
|teamsize|p2|4
|start
|switch|p1a: Lucario|Lucario, L50, M|100/100
|switch|p1b: Gallade|Gallade, L50, M|100/100
|switch|p2a: Mudsdale|Mudsdale, L50, F|100/100
|switch|p2b: Bellibolt|Bellibolt, L50, M|100/100
|turn|1
|
|t:|1784927508
|detailschange|p1a: Lucario|Lucario-Mega, L50, M
|-mega|p1a: Lucario|Lucario|Lucarionite
|move|p1a: Lucario|Protect|p1a: Lucario
|-singleturn|p1a: Lucario|Protect
|move|p1b: Gallade|Leaf Blade|p2a: Mudsdale
|-supereffective|p2a: Mudsdale|1
|-damage|p2a: Mudsdale|13/100
|-ability|p2a: Mudsdale|Stamina|boost
|-boost|p2a: Mudsdale|def|1
|move|p2b: Bellibolt|Thunderbolt|p1b: Gallade
|-damage|p1b: Gallade|49/100
|move|p2a: Mudsdale|High Horsepower|p1b: Gallade
|-damage|p1b: Gallade|0 fnt
|faint|p1b: Gallade
|
|upkeep
|
|t:|1784927526
|switch|p1b: Hydrapple|Hydrapple, L50, M|100/100
|turn|2
|
|t:|1784927538
|move|p1a: Lucario|Vacuum Wave|p2a: Mudsdale
|-damage|p2a: Mudsdale|0 fnt
|faint|p2a: Mudsdale
|move|p2b: Bellibolt|Acid Spray|p1b: Hydrapple
|-supereffective|p1b: Hydrapple|1
|-damage|p1b: Hydrapple|71/100
|-unboost|p1b: Hydrapple|spd|2
|move|p1b: Hydrapple|Earth Power|p2b: Bellibolt
|-supereffective|p2b: Bellibolt|1
|-damage|p2b: Bellibolt|18/100
|-unboost|p2b: Bellibolt|spd|1
|-start|p2b: Bellibolt|Charge|Earth Power|[from] ability: Electromorphosis
|-enditem|p2b: Bellibolt|Sitrus Berry|[eat]
|-heal|p2b: Bellibolt|43/100|[from] item: Sitrus Berry
|-damage|p1b: Hydrapple|61/100|[from] item: Life Orb
|
|upkeep
|
|t:|1784927560
|switch|p2a: Lopunny|Lopunny, L50, F|100/100
|turn|3
|
|t:|1784927618
|switch|p1a: Oranguru|Oranguru, L50, F|100/100
|detailschange|p2a: Lopunny|Lopunny-Mega, L50, F
|-mega|p2a: Lopunny|Lopunny|Lopunnite
|move|p2a: Lopunny|Close Combat|p1b: Hydrapple
|-damage|p1b: Hydrapple|12/100
|-unboost|p2a: Lopunny|def|1
|-unboost|p2a: Lopunny|spd|1
|move|p2b: Bellibolt|Slack Off|p2b: Bellibolt
|-heal|p2b: Bellibolt|93/100
|move|p1b: Hydrapple|Draco Meteor|p2a: Lopunny
|-damage|p2a: Lopunny|0 fnt
|-unboost|p1b: Hydrapple|spa|2
|faint|p2a: Lopunny
|-damage|p1b: Hydrapple|2/100|[from] item: Life Orb
|
|upkeep
|
|t:|1784927633
|switch|p2a: Sylveon|Sylveon, L50, M|100/100
|turn|4
|c| Ly_likes_Ceruledge|holy hydrapple clutch
|
|t:|1784927659
|move|p2a: Sylveon|Hyper Voice|p1a: Oranguru|[spread] p1a,p1b
|-supereffective|p1b: Hydrapple|1
|-damage|p1a: Oranguru|53/100
|-damage|p1b: Hydrapple|0 fnt
|faint|p1b: Hydrapple
|-damage|p2a: Sylveon|90/100|[from] item: Life Orb
|move|p1a: Oranguru|Psychic|p2b: Bellibolt
|-damage|p2b: Bellibolt|49/100
|-start|p2b: Bellibolt|Charge|Psychic|[from] ability: Electromorphosis
|move|p2b: Bellibolt|Thunderbolt|p1a: Oranguru
|-damage|p1a: Oranguru|0 fnt
|faint|p1a: Oranguru
|-end|p2b: Bellibolt|Charge|[silent]
|
|upkeep
|
|t:|1784927674
|switch|p1b: Lucario|Lucario-Mega, L50, M|100/100
|turn|5
|j| Hugh r
|
|t:|1784927694
|move|p2a: Sylveon|Detect|p2a: Sylveon
|-singleturn|p2a: Sylveon|Protect
|move|p1b: Lucario|Meteor Mash|p2a: Sylveon
|-activate|p2a: Sylveon|move: Protect
|move|p2b: Bellibolt|Thunderbolt|p1b: Lucario
|-damage|p1b: Lucario|35/100
|
|upkeep
|turn|6
|
|t:|1784927703
|move|p1b: Lucario|Meteor Mash|p2a: Sylveon
|-supereffective|p2a: Sylveon|1
|-damage|p2a: Sylveon|0 fnt
|faint|p2a: Sylveon
|move|p2b: Bellibolt|Thunderbolt|p1b: Lucario
|-damage|p1b: Lucario|0 fnt
|faint|p1b: Lucario
|
|win|DinisDenis
||LewBoiiiiiii is ready for game 3.
||DinisDenis is ready for game 3.
|uhtml|next|Next: Game 3 of 3
|l| enzothegamer
|j| JVoid
|l| Hugh r
