|j|☆mr no sauce
|j|☆FALL3N_DWN
|html|mr no sauceFALL3N_DWN    
|uhtml|bestof|Game 3 of a best-of-3
|t:|1756841398
|gametype|doubles
|player|p1|mr no sauce|courtney|1162
|player|p2|FALL3N_DWN|carmine-festival|1195
|gen|9
|tier|[Gen 9] VGC 2025 Reg H (Bo3)
|rated|
|rule|Species Clause: Limit one of each Pokémon
|rule|Item Clause: Limit 1 of each item
|clearpoke
|poke|p1|Gholdengo, L50|
|poke|p1|Sneasler, L50, F|
|poke|p1|Dragonite, L50, F|
|poke|p1|Garchomp, L50, M|
|poke|p1|Incineroar, L50, F|
|poke|p1|Whimsicott, L50, F|
|poke|p2|Electabuzz, L50, M|
|poke|p2|Kingambit, L50, M|
|poke|p2|Volcarona, L50, M|
|poke|p2|Dragonite, L50, M|
|poke|p2|Sneasler, L50, M|
|poke|p2|Rillaboom, L50, M|
|teampreview|4
|showteam|p1|Gholdengo||ChoiceSpecs|GoodasGold|MakeItRain,ShadowBall,Trick,Protect||||||50|,,,,,Steel]Sneasler||WhiteHerb|Unburden|CloseCombat,DireClaw,ThroatChop,Protect|||F|||50|,,,,,Stellar]Dragonite||ChoiceBand|InnerFocus|ExtremeSpeed,Outrage,IceSpinner,StompingTantrum|||F|||50|,,,,,Normal]Garchomp||LifeOrb|RoughSkin|Earthquake,DragonClaw,StompingTantrum,Protect|||M|||50|,,,,,Ground]Incineroar||AssaultVest|Intimidate|FlareBlitz,KnockOff,FakeOut,Uturn|||F|||50|,,,,,Grass]Whimsicott||FocusSash|Prankster|Moonblast,Tailwind,Encore,Protect|||F|||50|,,,,,Ghost
|showteam|p2|Electabuzz||Eviolite|VitalSpirit|FollowMe,Thunderbolt,Taunt,Protect|||M|||50|,,,,,Ghost]Kingambit||BlackGlasses|Defiant|KowtowCleave,SuckerPunch,SwordsDance,Protect|||M|||50|,,,,,Dark]Volcarona||Leftovers|FlameBody|HeatWave,TeraBlast,QuiverDance,Protect|||M|||50|,,,,,Fairy]Dragonite||LoadedDice|Multiscale|ScaleShot,ExtremeSpeed,Haze,Protect|||M|||50|,,,,,Fairy]Sneasler||FocusSash|Unburden|DireClaw,CloseCombat,Coaching,FakeOut|||M|||50|,,,,,Stellar]Rillaboom||AssaultVest|GrassySurge|FakeOut,WoodHammer,GrassyGlide,HighHorsepower|||M|||50|,,,,,Fire
|inactive|Battle timer is ON: inactive players will automatically lose when time's up. (requested by FALL3N_DWN)
|
|t:|1756841457
|teamsize|p1|4
|teamsize|p2|4
|start
|switch|p1a: Gholdengo|Gholdengo, L50, shiny|100/100
|switch|p1b: Whimsicott|Whimsicott, L50, F|100/100
|switch|p2a: Dragonite|Dragonite, L50, M|100/100
|switch|p2b: Sneasler|Sneasler, L50, M|100/100
|turn|1
|inactive|mr no sauce has 30 seconds left.
|inactive|FALL3N_DWN has 30 seconds left.
|j| CluelessInSeattle
|inactive|FALL3N_DWN has 20 seconds left.
|
|t:|1756841493
|switch|p2a: Kingambit|Kingambit, L50, M|100/100
|move|p1b: Whimsicott|Protect|p1b: Whimsicott
|-singleturn|p1b: Whimsicott|Protect
|move|p2b: Sneasler|Coaching|p2a: Kingambit
|-boost|p2a: Kingambit|atk|1
|-boost|p2a: Kingambit|def|1
|move|p1a: Gholdengo|Make It Rain|p2b: Sneasler|[spread] p2a,p2b
|-resisted|p2a: Kingambit
|-damage|p2a: Kingambit|72/100
|-damage|p2b: Sneasler|15/100
|-unboost|p1a: Gholdengo|spa|1
|
|upkeep
|turn|2
|inactive|mr no sauce has 30 seconds left.
|
|t:|1756841526
|-terastallize|p1a: Gholdengo|Steel
|move|p1b: Whimsicott|Tailwind|p1b: Whimsicott
|-sidestart|p1: mr no sauce|move: Tailwind
|move|p2a: Kingambit|Sucker Punch|p1a: Gholdengo
|-damage|p1a: Gholdengo|30/100
|move|p1a: Gholdengo|Make It Rain|p2a: Kingambit|[spread] p2a,p2b
|-resisted|p2a: Kingambit
|-crit|p2a: Kingambit
|-damage|p2a: Kingambit|16/100
|-damage|p2b: Sneasler|0 fnt
|-unboost|p1a: Gholdengo|spa|1
|faint|p2b: Sneasler
|
|upkeep
|
|t:|1756841546
|switch|p2b: Rillaboom|Rillaboom, L50, M|100/100
|-fieldstart|move: Grassy Terrain|[from] ability: Grassy Surge|[of] p2b: Rillaboom
|turn|3
|inactive|FALL3N_DWN has 30 seconds left.
|
|t:|1756841577
|move|p1b: Whimsicott|Protect|p1b: Whimsicott
|-singleturn|p1b: Whimsicott|Protect
|move|p2a: Kingambit|Protect|p2a: Kingambit
|-singleturn|p2a: Kingambit|Protect
|move|p2b: Rillaboom|Grassy Glide|p1b: Whimsicott
|-activate|p1b: Whimsicott|move: Protect
|move|p1a: Gholdengo|Make It Rain|p2b: Rillaboom|[spread] p2b
|-activate|p2a: Kingambit|move: Protect
|-damage|p2b: Rillaboom|72/100
|-unboost|p1a: Gholdengo|spa|1
|
|-heal|p1a: Gholdengo|36/100|[from] Grassy Terrain
|-heal|p2b: Rillaboom|78/100|[from] Grassy Terrain
|-heal|p2a: Kingambit|22/100|[from] Grassy Terrain
|upkeep
|turn|4
|inactive|FALL3N_DWN has 30 seconds left.
|inactive|FALL3N_DWN has 20 seconds left.
|inactive|FALL3N_DWN has 15 seconds left.
|inactive|FALL3N_DWN has 10 seconds left.
|
|t:|1756841625
|switch|p1a: Dragonite|Dragonite, L50, F, shiny|100/100
|move|p2a: Kingambit|Sucker Punch||[still]
|-fail|p2a: Kingambit
|move|p1b: Whimsicott|Moonblast|p2a: Kingambit
|-damage|p2a: Kingambit|0 fnt
|faint|p2a: Kingambit
|move|p2b: Rillaboom|Wood Hammer|p1b: Whimsicott
|-resisted|p1b: Whimsicott
|-damage|p1b: Whimsicott|43/100
|-damage|p2b: Rillaboom|66/100|[from] Recoil
|
|-heal|p1b: Whimsicott|49/100|[from] Grassy Terrain
|-heal|p2b: Rillaboom|71/100|[from] Grassy Terrain
|upkeep
|
|t:|1756841628
|switch|p2a: Dragonite|Dragonite, L50, M|100/100
|turn|5
|inactive|mr no sauce has 30 seconds left.
|inactive|FALL3N_DWN has 30 seconds left.
|inactive|mr no sauce has 20 seconds left.
|inactive|mr no sauce has 15 seconds left.
|
|t:|1756841671
|-terastallize|p2a: Dragonite|Fairy
|move|p1b: Whimsicott|Protect|p1b: Whimsicott
|-singleturn|p1b: Whimsicott|Protect
|move|p1a: Dragonite|Extreme Speed|p2b: Rillaboom
|-damage|p2b: Rillaboom|30/100
|move|p2a: Dragonite|Scale Shot|p1a: Dragonite
|-supereffective|p1a: Dragonite
|-damage|p1a: Dragonite|74/100
|-supereffective|p1a: Dragonite
|-damage|p1a: Dragonite|46/100
|-supereffective|p1a: Dragonite
|-damage|p1a: Dragonite|18/100
|-supereffective|p1a: Dragonite
|-damage|p1a: Dragonite|0 fnt
|faint|p1a: Dragonite
|-hitcount|p1: Dragonite|4
|-unboost|p2a: Dragonite|def|1
|-boost|p2a: Dragonite|spe|1
|move|p2b: Rillaboom|Wood Hammer|p1b: Whimsicott
|-activate|p1b: Whimsicott|move: Protect
|
|-heal|p1b: Whimsicott|55/100|[from] Grassy Terrain
|-heal|p2b: Rillaboom|35/100|[from] Grassy Terrain
|-sideend|p1: mr no sauce|move: Tailwind
|upkeep
|
|t:|1756841684
|switch|p1a: Gholdengo|Gholdengo, L50, shiny, tera:Steel|36/100
|turn|6
|
|t:|1756841702
|move|p2a: Dragonite|Extreme Speed|p1a: Gholdengo
|-resisted|p1a: Gholdengo
|-damage|p1a: Gholdengo|22/100
|move|p1b: Whimsicott|Tailwind|p1b: Whimsicott
|-sidestart|p1: mr no sauce|move: Tailwind
|move|p2b: Rillaboom|Grassy Glide|p1a: Gholdengo
|-resisted|p1a: Gholdengo
|-damage|p1a: Gholdengo|3/100
|move|p1a: Gholdengo|Make It Rain|p2b: Rillaboom|[spread] p2a,p2b
|-supereffective|p2a: Dragonite
|-damage|p2a: Dragonite|13/100
|-damage|p2b: Rillaboom|0 fnt
|-unboost|p1a: Gholdengo|spa|1
|faint|p2b: Rillaboom
|
|-heal|p1b: Whimsicott|61/100|[from] Grassy Terrain
|-heal|p1a: Gholdengo|9/100|[from] Grassy Terrain
|-heal|p2a: Dragonite|19/100|[from] Grassy Terrain
|upkeep
|turn|7
|-message|FALL3N_DWN forfeited.
|
|win|mr no sauce
|raw|mr no sauce's rating: 1162 → 1189(+27 for winning)
|raw|FALL3N_DWN's rating: 1195 → 1168(-27 for losing)
|l|☆mr no sauce
|player|p1|
