|j|☆Vuultur
|j|☆Lstdnce
|html|VuulturLstdnce    
|uhtml|bestof|Game 1 of a best-of-3
|t:|1756897948
|gametype|doubles
|player|p1|Vuultur|hilbert-wonderlauncher|1206
|player|p2|Lstdnce|102|1292
|gen|9
|tier|[Gen 9] VGC 2025 Reg H (Bo3)
|rated|
|rule|Species Clause: Limit one of each Pokémon
|rule|Item Clause: Limit 1 of each item
|clearpoke
|poke|p1|Archaludon, L50, F|
|poke|p1|Dragonite, L50, M|
|poke|p1|Pelipper, L50, F|
|poke|p1|Ursaluna, L50, F|
|poke|p1|Sinistcha, L50|
|poke|p1|Gholdengo, L50|
|poke|p2|Dragonite, L50, M|
|poke|p2|Ursaluna-Bloodmoon, L50, M|
|poke|p2|Gholdengo, L50|
|poke|p2|Maushold-Four, L50|
|poke|p2|Annihilape, L50, F|
|poke|p2|Rillaboom, L50, F|
|teampreview|4
|showteam|p1|Archaludon||AssaultVest|Stamina|FlashCannon,BodyPress,ElectroShot,Snarl|||F|||50|,,,,,Fighting]Dragonite||LoadedDice|Multiscale|ScaleShot,Tailwind,Haze,Protect|||M|||50|,,,,,Fairy]Pelipper||FocusSash|Drizzle|MuddyWater,Hurricane,Tailwind,Protect|||F|||50|,,,,,Ghost]Ursaluna||FlameOrb|Guts|Facade,HeadlongRush,Earthquake,Protect|||F|||50|,,,,,Ghost]Sinistcha||SitrusBerry|Hospitality|MatchaGotcha,LifeDew,RagePowder,TrickRoom||||||50|,,,,,Dark]Gholdengo||ChoiceScarf|GoodasGold|MakeItRain,ShadowBall,Trick,Protect||||||50|,,,,,Flying
|showteam|p2|Dragonite||LoadedDice|Multiscale|ScaleShot,Tailwind,Haze,Protect|||M|||50|,,,,,Steel]Ursaluna-Bloodmoon||AssaultVest|MindsEye|BloodMoon,EarthPower,HyperVoice,VacuumWave|||M|||50|,,,,,Water]Gholdengo||LifeOrb|GoodasGold|MakeItRain,ShadowBall,NastyPlot,Protect||||||50|,,,,,Water]Maushold-Four||FocusSash|FriendGuard|SuperFang,FollowMe,BeatUp,Protect||||||50|,,,,,Ghost]Annihilape||SitrusBerry|Defiant|RageFist,DrainPunch,BulkUp,Protect|||F|||50|,,,,,Fire]Rillaboom||MiracleSeed|GrassySurge|WoodHammer,GrassyGlide,HighHorsepower,FakeOut|||F|||50|,,,,,Fire
|inactive|Battle timer is ON: inactive players will automatically lose when time's up. (requested by Lstdnce)
|inactive|Vuultur has 60 seconds left.
|
|t:|1756898016
|teamsize|p1|4
|teamsize|p2|4
|start
|switch|p1a: Sinistcha|Sinistcha, L50|100/100
|switch|p1b: Gholdengo|Gholdengo, L50|100/100
|switch|p2a: Maushold|Maushold-Four, L50|100/100
|switch|p2b: Gholdengo|Gholdengo, L50|100/100
|turn|1
|inactive|Vuultur has 30 seconds left.
|inactive|Lstdnce has 30 seconds left.
|inactive|Vuultur has 20 seconds left.
|
|t:|1756898053
|switch|p1b: Ursaluna|Ursaluna, L50, F|100/100
|move|p2a: Maushold|Protect|p2a: Maushold
|-singleturn|p2a: Maushold|Protect
|move|p2b: Gholdengo|Protect|p2b: Gholdengo
|-singleturn|p2b: Gholdengo|Protect
|move|p1a: Sinistcha|Trick Room|p1a: Sinistcha
|-fieldstart|move: Trick Room|[of] p1a: Sinistcha
|
|-status|p1b: Ursaluna|brn|[from] item: Flame Orb
|upkeep
|turn|2
|
|t:|1756898075
|switch|p2b: Rillaboom|Rillaboom, L50, F|100/100
|-fieldstart|move: Grassy Terrain|[from] ability: Grassy Surge|[of] p2b: Rillaboom
|move|p1a: Sinistcha|Matcha Gotcha|p2b: Rillaboom|[spread] p2a,p2b
|-resisted|p2b: Rillaboom
|-damage|p2a: Maushold|60/100
|-damage|p2b: Rillaboom|89/100
|move|p1b: Ursaluna|Earthquake|p2a: Maushold|[spread] p1a,p2a,p2b
|-resisted|p1a: Sinistcha
|-resisted|p2b: Rillaboom
|-damage|p1a: Sinistcha|85/100
|-damage|p2a: Maushold|19/100
|-damage|p2b: Rillaboom|76/100
|move|p2a: Maushold|Super Fang|p1b: Ursaluna
|-damage|p1b: Ursaluna|51/100 brn
|
|-heal|p1a: Sinistcha|92/100|[from] Grassy Terrain
|-heal|p1b: Ursaluna|57/100 brn|[from] Grassy Terrain
|-heal|p2b: Rillaboom|83/100|[from] Grassy Terrain
|-heal|p2a: Maushold|25/100|[from] Grassy Terrain
|-damage|p1b: Ursaluna|51/100 brn|[from] brn
|upkeep
|turn|3
|inactive|Vuultur has 30 seconds left.
|inactive|Lstdnce has 30 seconds left.
|inactive|Lstdnce has 20 seconds left.
|
|t:|1756898112
|move|p1b: Ursaluna|Protect|p1b: Ursaluna
|-singleturn|p1b: Ursaluna|Protect
|move|p2a: Maushold|Protect|p2a: Maushold
|-singleturn|p2a: Maushold|Protect
|move|p2b: Rillaboom|Grassy Glide|p1b: Ursaluna
|-activate|p1b: Ursaluna|move: Protect
|move|p1a: Sinistcha|Life Dew|p1a: Sinistcha|[spread] p1a,p1b
|-heal|p1a: Sinistcha|100/100
|-heal|p1b: Ursaluna|76/100 brn
|
|-heal|p1b: Ursaluna|81/100 brn|[from] Grassy Terrain
|-heal|p2b: Rillaboom|89/100|[from] Grassy Terrain
|-heal|p2a: Maushold|31/100|[from] Grassy Terrain
|-damage|p1b: Ursaluna|76/100 brn|[from] brn
|upkeep
|turn|4
|
|t:|1756898128
|switch|p1b: Archaludon|Archaludon, L50, F|100/100
|move|p2a: Maushold|Follow Me|p2a: Maushold
|-singleturn|p2a: Maushold|move: Follow Me
|move|p1a: Sinistcha|Matcha Gotcha|p2a: Maushold|[spread] p2b
|-miss|p1a: Sinistcha|p2a: Maushold
|-resisted|p2b: Rillaboom
|-damage|p2b: Rillaboom|77/100
|move|p2b: Rillaboom|Wood Hammer|p1b: Archaludon
|-resisted|p1b: Archaludon
|-damage|p1b: Archaludon|86/100
|-ability|p1b: Archaludon|Stamina|boost
|-boost|p1b: Archaludon|def|1
|-damage|p2b: Rillaboom|72/100|[from] Recoil
|
|-heal|p1b: Archaludon|92/100|[from] Grassy Terrain
|-heal|p2b: Rillaboom|78/100|[from] Grassy Terrain
|-heal|p2a: Maushold|37/100|[from] Grassy Terrain
|upkeep
|turn|5
|
|t:|1756898151
|switch|p2b: Gholdengo|Gholdengo, L50|100/100
|move|p2a: Maushold|Protect|p2a: Maushold
|-singleturn|p2a: Maushold|Protect
|move|p1a: Sinistcha|Matcha Gotcha|p2a: Maushold|[spread] p2b
|-activate|p2a: Maushold|move: Protect
|-resisted|p2b: Gholdengo
|-damage|p2b: Gholdengo|86/100
|move|p1b: Archaludon|Snarl|p2b: Gholdengo|[spread] p2b
|-activate|p2a: Maushold|move: Protect
|-supereffective|p2b: Gholdengo
|-damage|p2b: Gholdengo|65/100
|-unboost|p2b: Gholdengo|spa|1
|
|-heal|p1b: Archaludon|98/100|[from] Grassy Terrain
|-heal|p2b: Gholdengo|71/100|[from] Grassy Terrain
|-heal|p2a: Maushold|43/100|[from] Grassy Terrain
|-fieldend|move: Trick Room
|upkeep
|turn|6
|inactive|Vuultur has 30 seconds left.
|
|t:|1756898182
|switch|p2a: Annihilape|Annihilape, L50, F|100/100
|move|p1a: Sinistcha|Rage Powder|p1a: Sinistcha
|-singleturn|p1a: Sinistcha|move: Rage Powder
|move|p2b: Gholdengo|Nasty Plot|p2b: Gholdengo
|-boost|p2b: Gholdengo|spa|2
|move|p1b: Archaludon|Snarl|p2a: Annihilape|[spread] p2a,p2b
|-supereffective|p2b: Gholdengo
|-damage|p2a: Annihilape|90/100
|-damage|p2b: Gholdengo|44/100
|-unboost|p2a: Annihilape|spa|1
|-ability|p2a: Annihilape|Defiant|boost
|-boost|p2a: Annihilape|atk|2
|-unboost|p2b: Gholdengo|spa|1
|
|-heal|p2a: Annihilape|96/100|[from] Grassy Terrain
|-heal|p2b: Gholdengo|50/100|[from] Grassy Terrain
|-heal|p1b: Archaludon|100/100|[from] Grassy Terrain
|-fieldend|move: Grassy Terrain
|upkeep
|turn|7
|inactive|Vuultur has 30 seconds left.
|inactive|Vuultur has 20 seconds left.
|
|t:|1756898220
|-terastallize|p1a: Sinistcha|Dark
|move|p2a: Annihilape|Bulk Up|p2a: Annihilape
|-boost|p2a: Annihilape|atk|1
|-boost|p2a: Annihilape|def|1
|move|p2b: Gholdengo|Nasty Plot|p2b: Gholdengo
|-boost|p2b: Gholdengo|spa|2
|move|p1b: Archaludon|Snarl|p2a: Annihilape|[spread] p2a,p2b
|-crit|p2a: Annihilape
|-supereffective|p2b: Gholdengo
|-damage|p2a: Annihilape|80/100
|-damage|p2b: Gholdengo|24/100
|-unboost|p2a: Annihilape|spa|1
|-ability|p2a: Annihilape|Defiant|boost
|-boost|p2a: Annihilape|atk|2
|-unboost|p2b: Gholdengo|spa|1
|move|p1a: Sinistcha|Trick Room|p1a: Sinistcha
|-fieldstart|move: Trick Room|[of] p1a: Sinistcha
|
|upkeep
|turn|8
|inactive|Lstdnce has 30 seconds left.
|
|t:|1756898250
|move|p1a: Sinistcha|Matcha Gotcha|p2a: Annihilape|[spread] p2a,p2b
|-resisted|p2b: Gholdengo
|-damage|p2a: Annihilape|57/100
|-damage|p2b: Gholdengo|9/100
|move|p1b: Archaludon|Snarl|p2a: Annihilape|[spread] p2a,p2b
|-supereffective|p2b: Gholdengo
|-damage|p2a: Annihilape|46/100
|-damage|p2b: Gholdengo|0 fnt
|-unboost|p2a: Annihilape|spa|1
|-ability|p2a: Annihilape|Defiant|boost
|-boost|p2a: Annihilape|atk|1
|-enditem|p2a: Annihilape|Sitrus Berry|[eat]
|-heal|p2a: Annihilape|71/100|[from] item: Sitrus Berry
|faint|p2b: Gholdengo
|move|p2a: Annihilape|Drain Punch|p1a: Sinistcha
|-supereffective|p1a: Sinistcha
|-damage|p1a: Sinistcha|0 fnt
|-heal|p2a: Annihilape|100/100|[from] drain|[of] p1a: Sinistcha
|faint|p1a: Sinistcha
|
|upkeep
|
|t:|1756898265
|switch|p1a: Ursaluna|Ursaluna, L50, F|76/100 brn
|switch|p2b: Rillaboom|Rillaboom, L50, F|78/100
|-fieldstart|move: Grassy Terrain|[from] ability: Grassy Surge|[of] p2b: Rillaboom
|turn|9
|
|t:|1756898287
|move|p2b: Rillaboom|Fake Out|p1a: Ursaluna
|-crit|p1a: Ursaluna
|-damage|p1a: Ursaluna|59/100 brn
|cant|p1a: Ursaluna|flinch
|move|p1b: Archaludon|Flash Cannon|p2a: Annihilape
|-damage|p2a: Annihilape|67/100
|move|p2a: Annihilape|Rage Fist|p1b: Archaludon
|-damage|p1b: Archaludon|0 fnt
|faint|p1b: Archaludon
|
|-heal|p1a: Ursaluna|64/100 brn|[from] Grassy Terrain
|-heal|p2b: Rillaboom|85/100|[from] Grassy Terrain
|-heal|p2a: Annihilape|74/100|[from] Grassy Terrain
|-damage|p1a: Ursaluna|59/100 brn|[from] brn
|upkeep
|
|t:|1756898296
|switch|p1b: Gholdengo|Gholdengo, L50|100/100
|turn|10
|
|t:|1756898312
|move|p2a: Annihilape|Protect|p2a: Annihilape
|-singleturn|p2a: Annihilape|Protect
|move|p2b: Rillaboom|Grassy Glide|p1a: Ursaluna
|-supereffective|p1a: Ursaluna
|-damage|p1a: Ursaluna|0 fnt
|faint|p1a: Ursaluna
|move|p1b: Gholdengo|Shadow Ball|p2a: Annihilape
|-activate|p2a: Annihilape|move: Protect
|
|-heal|p2b: Rillaboom|91/100|[from] Grassy Terrain
|-heal|p2a: Annihilape|80/100|[from] Grassy Terrain
|upkeep
|turn|11
|
|t:|1756898320
|move|p2b: Rillaboom|High Horsepower|p1b: Gholdengo
|-supereffective|p1b: Gholdengo
|-damage|p1b: Gholdengo|24/100
|move|p2a: Annihilape|Rage Fist|p1b: Gholdengo
|-supereffective|p1b: Gholdengo
|-damage|p1b: Gholdengo|0 fnt
|faint|p1b: Gholdengo
|
|win|Lstdnce
||Vuultur is ready for game 2.
||Lstdnce is ready for game 2.
|uhtml|next|Next: Game 2 of 3
|l|☆Vuultur
|player|p1|
