|j|☆luckyross
|j|☆Sedrav
|html|luckyrossSedrav    
|uhtml|bestof|Game 2 of a best-of-3
|t:|1756949176
|gametype|doubles
|player|p1|luckyross|fisherman-gen4|1141
|player|p2|Sedrav|265|1185
|gen|9
|tier|[Gen 9] VGC 2025 Reg H (Bo3)
|rated|
|rule|Species Clause: Limit one of each Pokémon
|rule|Item Clause: Limit 1 of each item
|clearpoke
|poke|p1|Tyranitar, L50, M|
|poke|p1|Excadrill, L50, F|
|poke|p1|Indeedee, L50, M|
|poke|p1|Sneasler, L50, F|
|poke|p1|Corviknight, L50, M|
|poke|p1|Hydreigon, L50, F|
|poke|p2|Garchomp, L50, M|
|poke|p2|Talonflame, L50, M|
|poke|p2|Gholdengo, L50|
|poke|p2|Tyranitar, L50, F|
|poke|p2|Amoonguss, L50, M|
|poke|p2|Milotic, L50, F|
|teampreview|4
|showteam|p1|Tyranitar||AssaultVest|SandStream|KnockOff,RockSlide,TeraBlast,LowKick|||M|||50|,,,,,Flying]Excadrill||FocusSash|SandRush|Earthquake,IronHead,HighHorsepower,Protect|||F|||50|,,,,,Stellar]Indeedee||ChoiceScarf|PsychicSurge|ExpandingForce,TeraBlast,Trick,Protect|||M|||50|,,,,,Psychic]Sneasler||WhiteHerb|Unburden|DireClaw,CloseCombat,Coaching,FakeOut|||F|||50|,,,,,Stellar]Corviknight||PsychicSeed|MirrorArmor|BraveBird,PowerTrip,BulkUp,Roost|||M|||50|,,,,,Water]Hydreigon||LifeOrb|Levitate|DracoMeteor,DarkPulse,Protect,Tailwind|||F|||50|,,,,,Ghost
|showteam|p2|Garchomp||LifeOrb|RoughSkin|DragonClaw,StompingTantrum,Earthquake,Protect|||M|||50|,,,,,Fairy]Talonflame||CovertCloak|GaleWings|BraveBird,Tailwind,WillOWisp,Taunt|||M|||50|,,,,,Grass]Gholdengo||MetalCoat|GoodasGold|MakeItRain,ShadowBall,NastyPlot,Protect||||||50|,,,,,Flying]Tyranitar||AssaultVest|SandStream|RockSlide,KnockOff,LowKick,TeraBlast|||F|||50|,,,,,Flying]Amoonguss||SitrusBerry|Regenerator|Spore,RagePowder,PollenPuff,Protect|||M|||50|,,,,,Water]Milotic||SafetyGoggles|Competitive|Scald,IcyWind,Haze,Protect|||F|||50|,,,,,Dragon
|inactive|Battle timer is ON: inactive players will automatically lose when time's up. (requested by Sedrav)
|inactive|luckyross has 60 seconds left.
|inactive|Sedrav has 60 seconds left.
|
|t:|1756949232
|teamsize|p1|4
|teamsize|p2|4
|start
|switch|p1a: My Goat|Hydreigon, L50, F|100/100
|switch|p1b: Indeedee|Indeedee, L50, M|100/100
|switch|p2a: Garchomp|Garchomp, L50, M|100/100
|switch|p2b: Talonflame|Talonflame, L50, M|100/100
|-fieldstart|move: Psychic Terrain|[from] ability: Psychic Surge|[of] p1b: Indeedee
|turn|1
|
|t:|1756949255
|-terastallize|p1a: My Goat|Ghost
|-terastallize|p2a: Garchomp|Fairy
|move|p2b: Talonflame|Tailwind|p2b: Talonflame
|-sidestart|p2: Sedrav|move: Tailwind
|move|p2a: Garchomp|Earthquake|p1b: Indeedee|[spread] p1b
|-immune|p2b: Talonflame
|-immune|p1a: My Goat|[from] ability: Levitate
|-damage|p1b: Indeedee|0 fnt
|faint|p1b: Indeedee
|-damage|p2a: Garchomp|91/100|[from] item: Life Orb
|move|p1a: My Goat|Tailwind|p1a: My Goat
|-sidestart|p1: luckyross|move: Tailwind
|
|upkeep
|
|t:|1756949277
|switch|p1b: Excadrill|Excadrill, L50, F|100/100
|turn|2
|inactive|Sedrav has 30 seconds left.
|
|t:|1756949310
|switch|p1a: Tyranitar|Tyranitar, L50, M|100/100
|-weather|Sandstorm|[from] ability: Sand Stream|[of] p1a: Tyranitar
|switch|p2a: Gholdengo|Gholdengo, L50|100/100
|move|p1b: Excadrill|Iron Head|p2a: Gholdengo
|-resisted|p2a: Gholdengo
|-damage|p2a: Gholdengo|76/100
|move|p2b: Talonflame|Will-O-Wisp|p1b: Excadrill
|-status|p1b: Excadrill|brn
|
|-weather|Sandstorm|[upkeep]
|-damage|p2b: Talonflame|95/100|[from] Sandstorm
|-damage|p1b: Excadrill|95/100 brn|[from] brn
|upkeep
|turn|3
|inactive|Sedrav has 30 seconds left.
|inactive|Sedrav has 20 seconds left.
|inactive|Sedrav has 15 seconds left.
|inactive|Sedrav has 10 seconds left.
|
|t:|1756949360
|switch|p2b: Amoonguss|Amoonguss, L50, M|100/100
|move|p2a: Gholdengo|Protect|p2a: Gholdengo
|-singleturn|p2a: Gholdengo|Protect
|move|p1b: Excadrill|High Horsepower|p2a: Gholdengo
|-activate|p2a: Gholdengo|move: Protect
|move|p1a: Tyranitar|Rock Slide|p2a: Gholdengo|[spread] p2b
|-activate|p2a: Gholdengo|move: Protect
|-damage|p2b: Amoonguss|73/100
|
|-weather|Sandstorm|[upkeep]
|-damage|p2b: Amoonguss|67/100|[from] Sandstorm
|-damage|p1b: Excadrill|89/100 brn|[from] brn
|upkeep
|turn|4
|inactive|luckyross has 30 seconds left.
|inactive|Sedrav has 30 seconds left.
|
|t:|1756949394
|move|p1b: Excadrill|High Horsepower|p2a: Gholdengo
|-supereffective|p2a: Gholdengo
|-damage|p2a: Gholdengo|17/100
|move|p2a: Gholdengo|Make It Rain|p1b: Excadrill|[spread] p1a,p1b
|-supereffective|p1a: Tyranitar
|-resisted|p1b: Excadrill
|-damage|p1a: Tyranitar|52/100
|-damage|p1b: Excadrill|49/100 brn
|-unboost|p2a: Gholdengo|spa|1
|move|p1a: Tyranitar|Rock Slide|p2b: Amoonguss|[spread] p2a,p2b
|-resisted|p2a: Gholdengo
|-damage|p2a: Gholdengo|0 fnt
|-damage|p2b: Amoonguss|40/100
|-enditem|p2b: Amoonguss|Sitrus Berry|[eat]
|-heal|p2b: Amoonguss|65/100|[from] item: Sitrus Berry
|faint|p2a: Gholdengo
|cant|p2b: Amoonguss|flinch
|
|-weather|Sandstorm|[upkeep]
|-damage|p2b: Amoonguss|59/100|[from] Sandstorm
|-damage|p1b: Excadrill|43/100 brn|[from] brn
|-sideend|p2: Sedrav|move: Tailwind
|-sideend|p1: luckyross|move: Tailwind
|upkeep
|inactive|Sedrav has 30 seconds left.
|
|t:|1756949420
|switch|p2a: Talonflame|Talonflame, L50, M|95/100
|turn|5
|
|t:|1756949434
|move|p1b: Excadrill|High Horsepower|p2b: Amoonguss
|-crit|p2b: Amoonguss
|-damage|p2b: Amoonguss|27/100
|move|p2a: Talonflame|Tailwind|p2a: Talonflame
|-sidestart|p2: Sedrav|move: Tailwind
|move|p1a: Tyranitar|Rock Slide|p2b: Amoonguss|[spread] p2a,p2b
|-supereffective|p2a: Talonflame
|-damage|p2a: Talonflame|0 fnt
|-damage|p2b: Amoonguss|0 fnt
|faint|p2a: Talonflame
|faint|p2b: Amoonguss
|
|-weather|Sandstorm|[upkeep]
|-damage|p1b: Excadrill|37/100 brn|[from] brn
|-fieldend|move: Psychic Terrain
|upkeep
|
|t:|1756949447
|switch|p2b: Garchomp|Garchomp, L50, M, tera:Fairy|91/100
|turn|6
|
|t:|1756949467
|switch|p1a: My Goat|Hydreigon, L50, F, tera:Ghost|100/100
|move|p1b: Excadrill|Protect|p1b: Excadrill
|-singleturn|p1b: Excadrill|Protect
|move|p2b: Garchomp|Earthquake|p1b: Excadrill|[spread] 
|-activate|p1b: Excadrill|move: Protect
|-immune|p1a: My Goat|[from] ability: Levitate
|
|-weather|none
|-damage|p1b: Excadrill|31/100 brn|[from] brn
|upkeep
|turn|7
|
|t:|1756949490
|switch|p1b: Tyranitar|Tyranitar, L50, M|52/100
|-weather|Sandstorm|[from] ability: Sand Stream|[of] p1b: Tyranitar
|move|p2b: Garchomp|Earthquake|p1a: My Goat|[spread] p1b
|-immune|p1a: My Goat|[from] ability: Levitate
|-supereffective|p1b: Tyranitar
|-damage|p1b: Tyranitar|0 fnt
|faint|p1b: Tyranitar
|-damage|p2b: Garchomp|81/100|[from] item: Life Orb
|move|p1a: My Goat|Tailwind|p1a: My Goat
|-sidestart|p1: luckyross|move: Tailwind
|
|-weather|Sandstorm|[upkeep]
|-damage|p1a: My Goat|95/100|[from] Sandstorm
|-damage|p2b: Garchomp|75/100|[from] Sandstorm
|upkeep
|
|t:|1756949506
|switch|p1b: Excadrill|Excadrill, L50, F|31/100 brn
|turn|8
|
|t:|1756949521
|move|p1b: Excadrill|Protect|p1b: Excadrill
|-singleturn|p1b: Excadrill|Protect
|move|p1a: My Goat|Dark Pulse|p2b: Garchomp
|-resisted|p2b: Garchomp
|-damage|p2b: Garchomp|48/100
|-damage|p1a: My Goat|85/100|[from] item: Life Orb
|move|p2b: Garchomp|Stomping Tantrum|p1b: Excadrill
|-activate|p1b: Excadrill|move: Protect
|
|-weather|Sandstorm|[upkeep]
|-damage|p1a: My Goat|79/100|[from] Sandstorm
|-damage|p2b: Garchomp|42/100|[from] Sandstorm
|-damage|p1b: Excadrill|25/100 brn|[from] brn
|-sideend|p2: Sedrav|move: Tailwind
|upkeep
|turn|9
|
|t:|1756949535
|move|p2b: Garchomp|Protect|p2b: Garchomp
|-singleturn|p2b: Garchomp|Protect
|move|p1b: Excadrill|Iron Head|p2b: Garchomp
|-activate|p2b: Garchomp|move: Protect
|move|p1a: My Goat|Dark Pulse|p2b: Garchomp
|-activate|p2b: Garchomp|move: Protect
|
|-weather|Sandstorm|[upkeep]
|-damage|p1a: My Goat|73/100|[from] Sandstorm
|-damage|p2b: Garchomp|36/100|[from] Sandstorm
|-damage|p1b: Excadrill|19/100 brn|[from] brn
|upkeep
|turn|10
|
|t:|1756949547
|move|p1b: Excadrill|Iron Head|p2b: Garchomp
|-supereffective|p2b: Garchomp
|-damage|p2b: Garchomp|0 fnt
|-damage|p1b: Excadrill|6/100 brn|[from] ability: Rough Skin|[of] p2b: Garchomp
|faint|p2b: Garchomp
|
|win|luckyross
|raw|luckyross's rating: 1141 → 1169(+28 for winning)
|raw|Sedrav's rating: 1185 → 1157(-28 for losing)
