|j|☆Sodamario
|j|☆Keith Jones
|html|SodamarioKeith Jones    
|uhtml|bestof|Game 1 of a best-of-3
|t:|1783439797
|gametype|doubles
|player|p1|Sodamario|cynthia-gen4|1472
|player|p2|Keith Jones|benga|1418
|gen|9
|tier|[Gen 9 Champions] VGC 2026 Reg M-B (Bo3)
|rated|
|rule|Species Clause: Limit one of each Pokémon
|rule|Item Clause: Limit 1 of each item
|clearpoke
|poke|p1|Ceruledge, L50, F|
|poke|p1|Milotic, L50, M|
|poke|p1|Incineroar, L50, F|
|poke|p1|Raichu, L50, F|
|poke|p1|Ninetales-Alola, L50, F|
|poke|p1|Sinistcha, L50|
|poke|p2|Vivillon, L50, F|
|poke|p2|Aerodactyl, L50, F|
|poke|p2|Kingambit, L50, F|
|poke|p2|Floette-Eternal, L50, F|
|poke|p2|Incineroar, L50, F|
|poke|p2|Basculegion, L50, M|
|teampreview|4
|showteam|p1|Ceruledge||ColburBerry|FlashFire|BitterBlade,ShadowSneak,BulkUp,Protect|Adamant||F|||50|]Milotic||Leftovers|Competitive|MuddyWater,Coil,Hypnosis,Protect|Bold||M|||50|]Incineroar||SitrusBerry|Intimidate|FlareBlitz,PartingShot,FakeOut,DarkestLariat|Impish||F|||50|]Raichu||RaichuniteY|LightningRod|ZapCannon,FocusBlast,FakeOut,Protect|Timid||F|||50|]Ninetales-Alola||NeverMeltIce|SnowWarning|Blizzard,FreezeDry,AuroraVeil,Protect|Timid||F|||50|]Sinistcha||KasibBerry|Hospitality|MatchaGotcha,RagePowder,TrickRoom,Protect|Bold|||||50|
|showteam|p2|Vivillon||FocusSash|CompoundEyes|Hurricane,SleepPowder,RagePowder,Protect|Timid||F|||50|]Aerodactyl||Aerodactylite|RockHead|RockSlide,DualWingbeat,Tailwind,Protect|Jolly||F|||50|]Kingambit||BlackGlasses|Defiant|KowtowCleave,SuckerPunch,SwordsDance,Protect|Adamant||F|||50|]Floette-Eternal||Floettite|FlowerVeil|Moonblast,DazzlingGleam,CalmMind,Protect|Timid||F|||50|]Incineroar||SitrusBerry|Intimidate|PartingShot,FakeOut,ThroatChop,FlareBlitz|Careful||F|||50|]Basculegion||ChoiceScarf|Adaptability|WaveCrash,FlipTurn,AquaJet,LastRespects|Jolly||M|||50|
|
|t:|1783439853
|teamsize|p1|4
|teamsize|p2|4
|start
|switch|p1a: Milotic|Milotic, L50, M|100/100
|switch|p1b: Raichu|Raichu, L50, F|100/100
|switch|p2a: Vivillon|Vivillon, L50, F|100/100
|switch|p2b: Kingambit|Kingambit, L50, F|100/100
|turn|1
|
|t:|1783439876
|detailschange|p1b: Raichu|Raichu-Mega-Y, L50, F
|-mega|p1b: Raichu|Raichu|Raichunite Y
|move|p1b: Raichu|Focus Blast|p2b: Kingambit
|-supereffective|p2b: Kingambit|2
|-damage|p2b: Kingambit|0 fnt
|faint|p2b: Kingambit
|move|p2a: Vivillon|Sleep Powder|p1b: Raichu
|-status|p1b: Raichu|slp|[from] move: Sleep Powder
|move|p1a: Milotic|Coil|p1a: Milotic
|-boost|p1a: Milotic|atk|1
|-boost|p1a: Milotic|def|1
|-boost|p1a: Milotic|accuracy|1
|
|upkeep
|
|t:|1783439882
|switch|p2b: Floette|Floette-Eternal, L50, F|100/100
|turn|2
|
|t:|1783439905
|detailschange|p2b: Floette|Floette-Mega, L50, F
|-mega|p2b: Floette|Floette|Floettite
|-ability|p2b: Floette|Fairy Aura
|cant|p1b: Raichu|slp
|move|p2b: Floette|Calm Mind|p2b: Floette
|-boost|p2b: Floette|spa|1
|-boost|p2b: Floette|spd|1
|move|p2a: Vivillon|Sleep Powder|p1a: Milotic
|-status|p1a: Milotic|slp|[from] move: Sleep Powder
|cant|p1a: Milotic|slp
|
|upkeep
|turn|3
|
|t:|1783439923
|move|p2a: Vivillon|Rage Powder|p2a: Vivillon
|-singleturn|p2a: Vivillon|move: Rage Powder
|cant|p1b: Raichu|slp
|move|p2b: Floette|Dazzling Gleam|p1b: Raichu|[spread] p1a,p1b
|-damage|p1a: Milotic|52/100 slp
|-damage|p1b: Raichu|9/100 slp
|cant|p1a: Milotic|slp
|
|-heal|p1a: Milotic|58/100 slp|[from] item: Leftovers
|upkeep
|turn|4
|
|t:|1783439942
|move|p2a: Vivillon|Rage Powder|p2a: Vivillon
|-singleturn|p2a: Vivillon|move: Rage Powder
|-curestatus|p1b: Raichu|slp|[msg]
|move|p1b: Raichu|Zap Cannon|p2a: Vivillon
|-supereffective|p2a: Vivillon|1
|-enditem|p2a: Vivillon|Focus Sash
|-damage|p2a: Vivillon|1/100
|-status|p2a: Vivillon|par
|move|p2b: Floette|Dazzling Gleam|p1b: Raichu|[spread] p1a,p1b
|-damage|p1a: Milotic|4/100 slp
|-damage|p1b: Raichu|0 fnt
|faint|p1b: Raichu
|-curestatus|p1a: Milotic|slp|[msg]
|move|p1a: Milotic|Hypnosis||[still]
|-fail|p1a: Milotic
|
|-heal|p1a: Milotic|10/100|[from] item: Leftovers
|upkeep
|
|t:|1783439957
|switch|p1b: Ceruledge|Ceruledge, L50, F|100/100
|turn|5
|
|t:|1783439975
|move|p1b: Ceruledge|Protect|p1b: Ceruledge
|-singleturn|p1b: Ceruledge|Protect
|move|p1a: Milotic|Protect|p1a: Milotic
|-singleturn|p1a: Milotic|Protect
|move|p2b: Floette|Dazzling Gleam|p1a: Milotic|[spread] 
|-activate|p1a: Milotic|move: Protect
|-activate|p1b: Ceruledge|move: Protect
|move|p2a: Vivillon|Sleep Powder|p1b: Ceruledge
|-activate|p1b: Ceruledge|move: Protect
|
|-heal|p1a: Milotic|16/100|[from] item: Leftovers
|upkeep
|turn|6
|
|t:|1783440001
|move|p2b: Floette|Dazzling Gleam|p1b: Ceruledge|[spread] p1a,p1b
|-resisted|p1b: Ceruledge|1
|-damage|p1a: Milotic|0 fnt
|-damage|p1b: Ceruledge|65/100
|faint|p1a: Milotic
|move|p1b: Ceruledge|Bitter Blade|p2b: Floette
|-damage|p2b: Floette|36/100
|-heal|p1b: Ceruledge|92/100|[from] drain|[of] p2b: Floette
|move|p2a: Vivillon|Sleep Powder|p1b: Ceruledge
|-status|p1b: Ceruledge|slp|[from] move: Sleep Powder
|
|upkeep
|
|t:|1783440005
|switch|p1a: Sinistcha|Sinistcha, L50|100/100
|-heal|p1b: Ceruledge|100/100 slp|[from] ability: Hospitality|[of] p1a: Sinistcha
|turn|7
|
|t:|1783440021
|move|p2b: Floette|Dazzling Gleam|p1a: Sinistcha|[spread] p1a,p1b
|-resisted|p1b: Ceruledge|1
|-damage|p1a: Sinistcha|27/100
|-damage|p1b: Ceruledge|65/100 slp
|cant|p1b: Ceruledge|slp
|move|p1a: Sinistcha|Matcha Gotcha|p2a: Vivillon|[spread] p2a,p2b
|-resisted|p2a: Vivillon|2
|-damage|p2a: Vivillon|0 fnt
|-heal|p1a: Sinistcha|28/100|[from] drain|[of] p2a: Vivillon
|-damage|p2b: Floette|22/100
|-heal|p1a: Sinistcha|34/100|[from] drain|[of] p2b: Floette
|faint|p2a: Vivillon
|
|upkeep
|
|t:|1783440023
|switch|p2a: Basculegion|Basculegion, L50, M|100/100
|turn|8
|
|t:|1783440046
|move|p1a: Sinistcha|Protect|p1a: Sinistcha
|-singleturn|p1a: Sinistcha|Protect
|-curestatus|p1b: Ceruledge|slp|[msg]
|move|p1b: Ceruledge|Shadow Sneak|p2b: Floette
|-damage|p2b: Floette|0 fnt
|faint|p2b: Floette
|move|p2a: Basculegion|Last Respects|p1b: Ceruledge
|-supereffective|p1b: Ceruledge|1
|-damage|p1b: Ceruledge|0 fnt
|faint|p1b: Ceruledge
|
|upkeep
|turn|9
|
|t:|1783440055
|move|p2a: Basculegion|Last Respects|p1a: Sinistcha
|-supereffective|p1a: Sinistcha|1
|-enditem|p1a: Sinistcha|Kasib Berry|[eat]
|-enditem|p1a: Sinistcha|Kasib Berry|[weaken]
|-damage|p1a: Sinistcha|0 fnt
|faint|p1a: Sinistcha
|
|win|Keith Jones
||Sodamario is ready for game 2.
||Keith Jones is ready for game 2.
|uhtml|next|Next: Game 2 of 3
