|j|☆KPR21
|j|☆MaxwellBaker
|html|KPR21MaxwellBaker    
|uhtml|bestof|Game 1 of a best-of-3
|t:|1784924525
|gametype|doubles
|player|p1|KPR21|marshal|1166
|player|p2|MaxwellBaker|102|1067
|gen|9
|tier|[Gen 9 Champions] VGC 2026 Reg M-B (Bo3)
|rated|
|rule|Species Clause: Limit one of each Pokémon
|rule|Item Clause: Limit 1 of each item
|clearpoke
|poke|p1|Annihilape, L50, F|
|poke|p1|Milotic, L50, M|
|poke|p1|Aerodactyl, L50, M, shiny|
|poke|p1|Farigiraf, L50, F, shiny|
|poke|p1|Mawile, L50, F|
|poke|p1|Sinistcha, L50|
|poke|p2|Decidueye-Hisui, L50, M|
|poke|p2|Florges, L50, F|
|poke|p2|Raichu, L50, F|
|poke|p2|Incineroar, L50, F|
|poke|p2|Staraptor, L50, M|
|poke|p2|Milotic, L50, M|
|teampreview|4
|showteam|p1|Annihilape||ExpertBelt|Defiant|Protect,RockTomb,PhantomForce,DrainPunch|Adamant||F|||50|]Milotic||Leftovers|Competitive|IceBeam,MuddyWater,Protect,Scald|Modest||M|||50|]Aerodactyl||FocusSash|Unnerve|Protect,Tailwind,DualWingbeat,RockSlide|Jolly||M|||50|]Farigiraf||SitrusBerry|ArmorTail|Protect,Imprison,TrickRoom,Thunderbolt|Serious||F|||50|]Mawile||Mawilite|Intimidate|Protect,PlayRough,IronHead,SuckerPunch|Adamant||F|||50|]Sinistcha||OccaBerry|Hospitality|ShadowBall,RagePowder,MatchaGotcha,Protect|Bold|||||50|
|showteam|p2|Decidueye-Hisui||ScopeLens|Scrappy|TripleArrows,LeafBlade,SuckerPunch,Protect|Jolly||M|||50|]Florges||LifeOrb|FlowerVeil|Moonblast,Psychic,PollenPuff,Protect|Modest||F|||50|]Raichu||RaichuniteY|LightningRod|FakeOut,ZapCannon,FocusBlast,Protect|Timid||F|||50|]Incineroar||SitrusBerry|Intimidate|FakeOut,FlareBlitz,ThroatChop,PartingShot|Careful||F|||50|]Staraptor||Staraptite|Intimidate|BraveBird,CloseCombat,Tailwind,Protect|Jolly||M|||50|]Milotic||Leftovers|Competitive|Scald,IceBeam,Haze,Protect|Bold||M|||50|
|
|t:|1784924595
|teamsize|p1|4
|teamsize|p2|4
|start
|switch|p1a: Farigiraf|Farigiraf, L50, F, shiny|100/100
|switch|p1b: Mawile|Mawile, L50, F|100/100
|switch|p2a: Milotic|Milotic, L50, M|100/100
|switch|p2b: Staraptor|Staraptor, L50, M|100/100
|-ability|p2b: Staraptor|Intimidate|boost
|-unboost|p1a: Farigiraf|atk|1
|-unboost|p1b: Mawile|atk|1
|-ability|p1b: Mawile|Intimidate|boost
|-unboost|p2a: Milotic|atk|1
|-ability|p2a: Milotic|Competitive|boost
|-boost|p2a: Milotic|spa|2
|-unboost|p2b: Staraptor|atk|1
|turn|1
|inactive|Battle timer is ON: inactive players will automatically lose when time's up. (requested by KPR21)
|
|t:|1784924625
|switch|p2b: Florges|Florges, L50, F|100/100
|detailschange|p1b: Mawile|Mawile-Mega, L50, F
|-mega|p1b: Mawile|Mawile|Mawilite
|move|p1b: Mawile|Protect|p1b: Mawile
|-singleturn|p1b: Mawile|Protect
|move|p2a: Milotic|Scald|p1b: Mawile
|-activate|p1b: Mawile|move: Protect
|move|p1a: Farigiraf|Trick Room|p1a: Farigiraf
|-fieldstart|move: Trick Room|[of] p1a: Farigiraf
|
|upkeep
|turn|2
|
|t:|1784924645
|move|p2b: Florges|Protect|p2b: Florges
|-singleturn|p2b: Florges|Protect
|move|p1b: Mawile|Iron Head|p2b: Florges
|-activate|p2b: Florges|move: Protect
|move|p1a: Farigiraf|Thunderbolt|p2a: Milotic
|-supereffective|p2a: Milotic|1
|-damage|p2a: Milotic|64/100
|move|p2a: Milotic|Scald|p1b: Mawile
|-damage|p1b: Mawile|24/100
|-status|p1b: Mawile|brn
|
|-heal|p2a: Milotic|70/100|[from] item: Leftovers
|-damage|p1b: Mawile|19/100 brn|[from] brn
|upkeep
|turn|3
|
|t:|1784924663
|move|p1b: Mawile|Iron Head|p2b: Florges
|-supereffective|p2b: Florges|1
|-damage|p2b: Florges|39/100
|move|p1a: Farigiraf|Thunderbolt|p2a: Milotic
|-supereffective|p2a: Milotic|1
|-damage|p2a: Milotic|35/100
|-status|p2a: Milotic|par
|move|p2a: Milotic|Scald|p1a: Farigiraf
|-damage|p1a: Farigiraf|40/100
|-status|p1a: Farigiraf|brn
|-enditem|p1a: Farigiraf|Sitrus Berry|[eat]
|-heal|p1a: Farigiraf|64/100 brn|[from] item: Sitrus Berry
|move|p2b: Florges|Pollen Puff|p1a: Farigiraf
|-supereffective|p1a: Farigiraf|1
|-damage|p1a: Farigiraf|0 fnt
|faint|p1a: Farigiraf
|-damage|p2b: Florges|29/100|[from] item: Life Orb
|
|-heal|p2a: Milotic|41/100 par|[from] item: Leftovers
|-damage|p1b: Mawile|13/100 brn|[from] brn
|upkeep
|
|t:|1784924684
|switch|p1a: Sinistcha|Sinistcha, L50|100/100
|-heal|p1b: Mawile|38/100 brn|[from] ability: Hospitality|[of] p1a: Sinistcha
|turn|4
|inactive|MaxwellBaker has 30 seconds left.
|
|t:|1784924710
|switch|p2b: Decidueye|Decidueye-Hisui, L50, M|100/100
|move|p1b: Mawile|Protect|p1b: Mawile
|-singleturn|p1b: Mawile|Protect
|cant|p2a: Milotic|par
|move|p1a: Sinistcha|Matcha Gotcha|p2b: Decidueye|[spread] p2b
|-miss|p1a: Sinistcha|p2a: Milotic
|-resisted|p2b: Decidueye|1
|-damage|p2b: Decidueye|87/100
|-status|p2b: Decidueye|brn
|
|-heal|p2a: Milotic|47/100 par|[from] item: Leftovers
|-damage|p1b: Mawile|32/100 brn|[from] brn
|-damage|p2b: Decidueye|81/100 brn|[from] brn
|upkeep
|turn|5
|inactive|KPR21 has 30 seconds left.
|inactive|MaxwellBaker has 30 seconds left.
|
|t:|1784924742
|switch|p2b: Staraptor|Staraptor, L50, M|100/100
|-ability|p2b: Staraptor|Intimidate|boost
|-unboost|p1a: Sinistcha|atk|1
|-unboost|p1b: Mawile|atk|1
|move|p1a: Sinistcha|Rage Powder|p1a: Sinistcha
|-singleturn|p1a: Sinistcha|move: Rage Powder
|move|p2a: Milotic|Ice Beam|p1a: Sinistcha
|-supereffective|p1a: Sinistcha|1
|-damage|p1a: Sinistcha|14/100
|move|p1b: Mawile|Play Rough|p2b: Staraptor
|-damage|p2b: Staraptor|73/100
|
|-heal|p2a: Milotic|53/100 par|[from] item: Leftovers
|-damage|p1b: Mawile|26/100 brn|[from] brn
|-fieldend|move: Trick Room
|upkeep
|turn|6
|inactive|MaxwellBaker has 30 seconds left.
|
|t:|1784924767
|detailschange|p2b: Staraptor|Staraptor-Mega, L50, M
|-mega|p2b: Staraptor|Staraptor|Staraptite
|move|p1b: Mawile|Sucker Punch|p2a: Milotic
|-crit|p2a: Milotic
|-damage|p2a: Milotic|25/100 par
|move|p2b: Staraptor|Brave Bird|p1a: Sinistcha
|-supereffective|p1a: Sinistcha|1
|-damage|p1a: Sinistcha|0 fnt
|faint|p1a: Sinistcha
|-damage|p2b: Staraptor|69/100|[from] Recoil
|cant|p2a: Milotic|par
|
|-heal|p2a: Milotic|31/100 par|[from] item: Leftovers
|-damage|p1b: Mawile|21/100 brn|[from] brn
|upkeep
|
|t:|1784924779
|switch|p1a: Annihilape|Annihilape, L50, F|100/100
|turn|7
|inactive|KPR21 has 30 seconds left.
|inactive|MaxwellBaker has 30 seconds left.
|
|t:|1784924810
|move|p1a: Annihilape|Protect|p1a: Annihilape
|-singleturn|p1a: Annihilape|Protect
|move|p2b: Staraptor|Brave Bird|p1a: Annihilape
|-activate|p1a: Annihilape|move: Protect
|move|p1b: Mawile|Play Rough|p2b: Staraptor
|-supereffective|p2b: Staraptor|1
|-damage|p2b: Staraptor|31/100
|-boost|p2b: Staraptor|atk|1
|move|p2a: Milotic|Scald|p1b: Mawile
|-damage|p1b: Mawile|0 fnt
|faint|p1b: Mawile
|
|-heal|p2a: Milotic|37/100 par|[from] item: Leftovers
|upkeep
|turn|8
|-message|KPR21 forfeited.
|
|win|MaxwellBaker
