|j|☆impurities2
|j|☆TheMochiMan
|html|impurities2TheMochiMan    
|uhtml|bestof|Game 1 of a best-of-3
|t:|1756846645
|gametype|doubles
|player|p1|impurities2|miku-ghost|1264
|player|p2|TheMochiMan|265|1289
|gen|9
|tier|[Gen 9] VGC 2025 Reg H (Bo3)
|rated|
|rule|Species Clause: Limit one of each Pokémon
|rule|Item Clause: Limit 1 of each item
|clearpoke
|poke|p1|Archaludon, L50, M|
|poke|p1|Rillaboom, L50, M|
|poke|p1|Basculegion, L50, M|
|poke|p1|Kingambit, L50, F|
|poke|p1|Pelipper, L50, M|
|poke|p1|Electabuzz, L50, F|
|poke|p2|Ursaluna, L50, M|
|poke|p2|Jumpluff, L50, M|
|poke|p2|Charizard, L50, F|
|poke|p2|Torkoal, L50, M|
|poke|p2|Incineroar, L50, F|
|poke|p2|Porygon2, L50|
|teampreview|4
|showteam|p1|Archaludon||AssaultVest|Stamina|ElectroShot,DracoMeteor,FlashCannon,BodyPress|||M|||50|,,,,,Fairy]Rillaboom||LoadedDice|GrassySurge|BulletSeed,GrassyGlide,FakeOut,HighHorsepower|||M|||50|,,,,,Fire]Basculegion||ChoiceBand|SwiftSwim|WaveCrash,LastRespects,FlipTurn,AquaJet|||M|||50|,,,,,Grass]Kingambit||BlackGlasses|Defiant|KowtowCleave,SuckerPunch,SwordsDance,Protect|||F|||50|,,,,,Dark]Pelipper||FocusSash|Drizzle|WeatherBall,Hurricane,Tailwind,Protect|||M|||50|,,,,,Ghost]Electabuzz||Eviolite|VitalSpirit|Electroweb,Taunt,FollowMe,Protect|||F|||50|,,,,,Ghost
|showteam|p2|Ursaluna||FlameOrb|Guts|HeadlongRush,Facade,Earthquake,Protect|||M|||50|,,,,,Ghost]Jumpluff||CovertCloak|Chlorophyll|SleepPowder,SunnyDay,Tailwind,RagePowder|||M|||50|,,,,,Water]Charizard||ChoiceSpecs|SolarPower|AirSlash,HeatWave,Overheat,WeatherBall|||F|||50|,,,,,Ghost]Torkoal||EjectPack|Drought|HelpingHand,Eruption,Overheat,Protect|||M|||50|,,,,,Fire]Incineroar||SitrusBerry|Intimidate|FlareBlitz,KnockOff,PartingShot,FakeOut|||F|||50|,,,,,Ghost]Porygon2||Eviolite|Download|TeraBlast,IceBeam,Recover,TrickRoom||||||50|,,,,,Fighting
|inactive|Battle timer is ON: inactive players will automatically lose when time's up. (requested by impurities2)
|inactive|impurities2 has 60 seconds left.
|
|t:|1756846683
|teamsize|p1|4
|teamsize|p2|4
|start
|switch|p1a: Kingambit|Kingambit, L50, F|100/100
|switch|p1b: Electabuzz|Electabuzz, L50, F|100/100
|switch|p2a: Dandelion|Jumpluff, L50, M|100/100
|switch|p2b: Gainesville|Charizard, L50, F|100/100
|turn|1
|inactive|impurities2 has 30 seconds left.
|
|t:|1756846717
|-terastallize|p1a: Kingambit|Dark
|move|p1b: Electabuzz|Follow Me|p1b: Electabuzz
|-singleturn|p1b: Electabuzz|move: Follow Me
|move|p2a: Dandelion|Sunny Day|p2a: Dandelion
|-weather|SunnyDay
|move|p2b: Gainesville|Heat Wave|p1a: Kingambit|[spread] p1a,p1b
|-damage|p1a: Kingambit|0 fnt
|-damage|p1b: Electabuzz|21/100
|faint|p1a: Kingambit
|
|-weather|SunnyDay|[upkeep]
|-damage|p2b: Gainesville|88/100|[from] ability: Solar Power|[of] p2b: Gainesville
|upkeep
|
|t:|1756846726
|switch|p1a: Basculegion|Basculegion, L50, M|100/100
|turn|2
|
|t:|1756846735
|switch|p2b: Slow and steady|Torkoal, L50, M|100/100
|switch|p1b: Pelipper|Pelipper, L50, M|100/100
|-weather|RainDance|[from] ability: Drizzle|[of] p1b: Pelipper
|-terastallize|p2a: Dandelion|Water
|move|p1a: Basculegion|Flip Turn|p2b: Slow and steady
|-supereffective|p2b: Slow and steady
|-damage|p2b: Slow and steady|0 fnt
|faint|p2b: Slow and steady
|
|t:|1756846743
|switch|p1a: Electabuzz|Electabuzz, L50, F|21/100|[from] Flip Turn
|move|p2a: Dandelion|Sleep Powder|p1a: Electabuzz
|-immune|p1a: Electabuzz|[from] ability: Vital Spirit
|
|-weather|RainDance|[upkeep]
|upkeep
|
|t:|1756846752
|switch|p2b: Gainesville|Charizard, L50, F|88/100
|turn|3
|
|t:|1756846775
|switch|p1b: Basculegion|Basculegion, L50, M|100/100
|move|p1a: Electabuzz|Protect|p1a: Electabuzz
|-singleturn|p1a: Electabuzz|Protect
|move|p2a: Dandelion|Sunny Day|p2a: Dandelion
|-weather|SunnyDay
|move|p2b: Gainesville|Heat Wave|p1b: Basculegion|[spread] p1b
|-activate|p1a: Electabuzz|move: Protect
|-resisted|p1b: Basculegion
|-damage|p1b: Basculegion|37/100
|
|-weather|SunnyDay|[upkeep]
|-damage|p2b: Gainesville|76/100|[from] ability: Solar Power|[of] p2b: Gainesville
|upkeep
|turn|4
|
|t:|1756846796
|switch|p1a: Pelipper|Pelipper, L50, M|100/100
|-weather|RainDance|[from] ability: Drizzle|[of] p1a: Pelipper
|move|p2a: Dandelion|Rage Powder|p2a: Dandelion
|-singleturn|p2a: Dandelion|move: Rage Powder
|move|p1b: Basculegion|Flip Turn|p2a: Dandelion
|-resisted|p2a: Dandelion
|-damage|p2a: Dandelion|62/100
|
|t:|1756846803
|switch|p1b: Electabuzz|Electabuzz, L50, F|21/100|[from] Flip Turn
|move|p2b: Gainesville|Heat Wave|p1b: Electabuzz|[spread] p1a,p1b
|-resisted|p1a: Pelipper
|-damage|p1a: Pelipper|78/100
|-damage|p1b: Electabuzz|3/100
|
|-weather|RainDance|[upkeep]
|upkeep
|turn|5
|
|t:|1756846818
|move|p1a: Pelipper|Protect|p1a: Pelipper
|-singleturn|p1a: Pelipper|Protect
|move|p2a: Dandelion|Sunny Day|p2a: Dandelion
|-weather|SunnyDay
|move|p2b: Gainesville|Heat Wave|p1a: Pelipper|[spread] p1b
|-activate|p1a: Pelipper|move: Protect
|-damage|p1b: Electabuzz|0 fnt
|faint|p1b: Electabuzz
|
|-weather|SunnyDay|[upkeep]
|-damage|p2b: Gainesville|63/100|[from] ability: Solar Power|[of] p2b: Gainesville
|upkeep
|
|t:|1756846822
|switch|p1b: Basculegion|Basculegion, L50, M|37/100
|turn|6
|
|t:|1756846829
|move|p1b: Basculegion|Aqua Jet|p2b: Gainesville
|-supereffective|p2b: Gainesville
|-damage|p2b: Gainesville|23/100
|move|p2a: Dandelion|Sleep Powder|p1a: Pelipper
|-status|p1a: Pelipper|slp|[from] move: Sleep Powder
|move|p2b: Gainesville|Heat Wave|p1b: Basculegion|[spread] p1a,p1b
|-resisted|p1a: Pelipper
|-resisted|p1b: Basculegion
|-damage|p1a: Pelipper|0 fnt
|-damage|p1b: Basculegion|0 fnt
|faint|p1a: Pelipper
|faint|p1b: Basculegion
|
|win|TheMochiMan
