|j|☆Pre-Burnt Tower
|j|☆darkzerocl
|html|Pre-Burnt Towerdarkzerocl    
|uhtml|bestof|Game 1 of a best-of-3
|t:|1757815735
|gametype|doubles
|player|p1|Pre-Burnt Tower|170|1138
|player|p2|darkzerocl|roughneck|1112
|gen|9
|tier|[Gen 9] VGC 2025 Reg H (Bo3)
|rated|
|rule|Species Clause: Limit one of each Pokémon
|rule|Item Clause: Limit 1 of each item
|clearpoke
|poke|p1|Talonflame, L50, F|
|poke|p1|Krookodile, L50, F|
|poke|p1|Primarina, L50, F|
|poke|p1|Raichu, L50, M|
|poke|p1|Gholdengo, L50|
|poke|p1|Amoonguss, L50, M|
|poke|p2|Gholdengo, L50|
|poke|p2|Ursaluna-Bloodmoon, L50, M|
|poke|p2|Sneasler, L50, M|
|poke|p2|Incineroar, L50, M|
|poke|p2|Dragonite, L50, F|
|poke|p2|Rillaboom, L50, M|
|teampreview|4
|showteam|p1|Talonflame||CovertCloak|GaleWings|DualWingbeat,Tailwind,WillOWisp,FlareBlitz|||F|||50|,,,,,Fairy]Krookodile||LifeOrb|Intimidate|Earthquake,HighHorsepower,KnockOff,Protect|||F|||50|,,,,,Ghost]Primarina||ThroatSpray|LiquidVoice|HyperVoice,Moonblast,PerishSong,Protect|||F|||50|,,,,,Water]Raichu||AssaultVest|LightningRod|FakeOut,Nuzzle,Thunderbolt,Endeavor|||M|||50|,,,,,Flying]Gholdengo||MetalCoat|GoodasGold|MakeItRain,ShadowBall,NastyPlot,Protect||||||50|,,,,,Water]Amoonguss||RockyHelmet|Regenerator|RagePowder,Spore,PollenPuff,Protect|||M|||50|,,,,,Water
|showteam|p2|Gholdengo||LifeOrb|GoodasGold|MakeItRain,ShadowBall,NastyPlot,Protect||||||50|,,,,,Water]Ursaluna-Bloodmoon||AssaultVest|MindsEye|EarthPower,HyperVoice,BloodMoon,VacuumWave|||M|||50|,,,,,Water]Sneasler||FocusSash|Unburden|CloseCombat,DireClaw,ThroatChop,Protect|||M|||50|,,,,,Stellar]Incineroar||SafetyGoggles|Intimidate|FlareBlitz,KnockOff,PartingShot,FakeOut|||M|||50|,,,,,Ghost]Dragonite||LoadedDice|Multiscale|ScaleShot,Tailwind,Haze,Protect|||F|||50|,,,,,Fairy]Rillaboom||MiracleSeed|GrassySurge|WoodHammer,GrassyGlide,HighHorsepower,FakeOut|||M|||50|,,,,,Fire
|inactive|Battle timer is ON: inactive players will automatically lose when time's up. (requested by darkzerocl)
|inactive|darkzerocl has 60 seconds left.
|
|t:|1757815805
|teamsize|p1|4
|teamsize|p2|4
|start
|switch|p1a: Talonflame|Talonflame, L50, F|100/100
|switch|p1b: Primarina|Primarina, L50, F|100/100
|switch|p2a: Gholdengo|Gholdengo, L50|100/100
|switch|p2b: Ursaluna|Ursaluna-Bloodmoon, L50, M|100/100
|turn|1
|inactive|Pre-Burnt Tower has 30 seconds left.
|inactive|darkzerocl has 30 seconds left.
|inactive|Pre-Burnt Tower has 20 seconds left.
|inactive|darkzerocl has 20 seconds left.
|inactive|darkzerocl has 15 seconds left.
|inactive|darkzerocl has 10 seconds left.
|
|t:|1757815853
|-terastallize|p2a: Gholdengo|Water
|-terastallize|p1b: Primarina|Water
|move|p1a: Talonflame|Tailwind|p1a: Talonflame
|-sidestart|p1: Pre-Burnt Tower|move: Tailwind
|move|p1b: Primarina|Hyper Voice|p2b: Ursaluna|[spread] p2a,p2b
|-resisted|p2a: Gholdengo
|-supereffective|p2b: Ursaluna
|-damage|p2a: Gholdengo|70/100
|-damage|p2b: Ursaluna|37/100
|-enditem|p1b: Primarina|Throat Spray
|-boost|p1b: Primarina|spa|1|[from] item: Throat Spray
|move|p2a: Gholdengo|Shadow Ball|p1b: Primarina
|-damage|p1b: Primarina|42/100
|-damage|p2a: Gholdengo|60/100|[from] item: Life Orb
|move|p2b: Ursaluna|Hyper Voice|p1b: Primarina|[spread] p1a,p1b
|-damage|p1a: Talonflame|47/100
|-damage|p1b: Primarina|9/100
|
|upkeep
|turn|2
|inactive|Pre-Burnt Tower has 30 seconds left.
|inactive|Pre-Burnt Tower has 20 seconds left.
|
|t:|1757815889
|switch|p1a: Amoonguss|Amoonguss, L50, M|100/100
|switch|p2b: Rillaboom|Rillaboom, L50, M|100/100
|-fieldstart|move: Grassy Terrain|[from] ability: Grassy Surge|[of] p2b: Rillaboom
|move|p1b: Primarina|Protect|p1b: Primarina
|-singleturn|p1b: Primarina|Protect
|move|p2a: Gholdengo|Protect||[still]
|-fail|p2a: Gholdengo
|
|-heal|p1b: Primarina|15/100|[from] Grassy Terrain
|-heal|p2a: Gholdengo|67/100|[from] Grassy Terrain
|upkeep
|turn|3
|inactive|darkzerocl has 30 seconds left.
|
|t:|1757815919
|switch|p1b: Talonflame|Talonflame, L50, F|47/100
|move|p2b: Rillaboom|Grassy Glide|p1b: Talonflame
|-resisted|p1b: Talonflame
|-damage|p1b: Talonflame|34/100
|move|p2a: Gholdengo|Nasty Plot|p2a: Gholdengo
|-boost|p2a: Gholdengo|spa|2
|move|p1a: Amoonguss|Pollen Puff|p2b: Rillaboom
|-supereffective|p2b: Rillaboom
|-damage|p2b: Rillaboom|71/100
|
|-heal|p2a: Gholdengo|73/100|[from] Grassy Terrain
|-heal|p2b: Rillaboom|76/100|[from] Grassy Terrain
|upkeep
|turn|4
|inactive|Pre-Burnt Tower has 30 seconds left.
|inactive|darkzerocl has 30 seconds left.
|inactive|darkzerocl has 20 seconds left.
|inactive|Pre-Burnt Tower has 20 seconds left.
|
|t:|1757815963
|move|p2a: Gholdengo|Protect|p2a: Gholdengo
|-singleturn|p2a: Gholdengo|Protect
|move|p2b: Rillaboom|Fake Out||[still]
|-hint|Fake Out only works on your first turn out.
|-fail|p2b: Rillaboom
|move|p1b: Talonflame|Dual Wingbeat|p2b: Rillaboom
|-supereffective|p2b: Rillaboom
|-damage|p2b: Rillaboom|49/100
|-supereffective|p2b: Rillaboom
|-damage|p2b: Rillaboom|22/100
|-hitcount|p2b: Rillaboom|2
|move|p1a: Amoonguss|Pollen Puff|p2a: Gholdengo
|-activate|p2a: Gholdengo|move: Protect
|
|-heal|p2a: Gholdengo|79/100|[from] Grassy Terrain
|-heal|p2b: Rillaboom|28/100|[from] Grassy Terrain
|-sideend|p1: Pre-Burnt Tower|move: Tailwind
|upkeep
|turn|5
|inactive|Pre-Burnt Tower has 30 seconds left.
|inactive|darkzerocl has 30 seconds left.
|
|t:|1757815998
|move|p1a: Amoonguss|Protect|p1a: Amoonguss
|-singleturn|p1a: Amoonguss|Protect
|move|p1b: Talonflame|Dual Wingbeat|p2b: Rillaboom|[miss]
|-miss|p1b: Talonflame|p2b: Rillaboom
|move|p2a: Gholdengo|Make It Rain|p1b: Talonflame|[spread] p1b
|-activate|p1a: Amoonguss|move: Protect
|-resisted|p1b: Talonflame
|-damage|p1b: Talonflame|0 fnt
|-unboost|p2a: Gholdengo|spa|1
|faint|p1b: Talonflame
|-damage|p2a: Gholdengo|69/100|[from] item: Life Orb
|move|p2b: Rillaboom|Wood Hammer|p1a: Amoonguss
|-activate|p1a: Amoonguss|move: Protect
|
|-heal|p2a: Gholdengo|75/100|[from] Grassy Terrain
|-heal|p2b: Rillaboom|34/100|[from] Grassy Terrain
|upkeep
|
|t:|1757816017
|switch|p1b: Krookodile|Krookodile, L50, F|100/100
|-ability|p1b: Krookodile|Intimidate|boost
|-unboost|p2a: Gholdengo|atk|1
|-unboost|p2b: Rillaboom|atk|1
|turn|6
|inactive|darkzerocl has 30 seconds left.
|
|t:|1757816048
|move|p2a: Gholdengo|Protect|p2a: Gholdengo
|-singleturn|p2a: Gholdengo|Protect
|move|p1b: Krookodile|Knock Off|p2a: Gholdengo
|-activate|p2a: Gholdengo|move: Protect
|move|p2b: Rillaboom|Wood Hammer|p1b: Krookodile
|-supereffective|p1b: Krookodile
|-damage|p1b: Krookodile|0 fnt
|faint|p1b: Krookodile
|-damage|p2b: Rillaboom|7/100|[from] Recoil
|move|p1a: Amoonguss|Pollen Puff|p2b: Rillaboom
|-supereffective|p2b: Rillaboom
|-damage|p2b: Rillaboom|0 fnt
|faint|p2b: Rillaboom
|
|-heal|p2a: Gholdengo|81/100|[from] Grassy Terrain
|-fieldend|move: Grassy Terrain
|upkeep
|
|t:|1757816068
|switch|p1b: Primarina|Primarina, L50, F, tera:Water|15/100
|switch|p2b: Ursaluna|Ursaluna-Bloodmoon, L50, M|37/100
|turn|7
|
|t:|1757816084
|move|p2a: Gholdengo|Shadow Ball|p1a: Amoonguss
|-damage|p1a: Amoonguss|40/100
|-damage|p2a: Gholdengo|71/100|[from] item: Life Orb
|move|p1b: Primarina|Moonblast|p2a: Gholdengo
|-damage|p2a: Gholdengo|10/100
|move|p2b: Ursaluna|Hyper Voice|p1b: Primarina|[spread] p1a,p1b
|-damage|p1a: Amoonguss|16/100
|-damage|p1b: Primarina|0 fnt
|faint|p1b: Primarina
|move|p1a: Amoonguss|Spore|p2b: Ursaluna
|-status|p2b: Ursaluna|slp|[from] move: Spore
|
|upkeep
|turn|8
|
|t:|1757816104
|move|p2a: Gholdengo|Shadow Ball|p1a: Amoonguss
|-damage|p1a: Amoonguss|0 fnt
|faint|p1a: Amoonguss
|-damage|p2a: Gholdengo|0 fnt|[from] item: Life Orb
|faint|p2a: Gholdengo
|
|win|darkzerocl
||Pre-Burnt Tower is ready for game 2.
|inactive|darkzerocl has 30 seconds to confirm battle start!
||darkzerocl is ready for game 2.
|uhtml|next|Next: Game 2 of 3
