|j|☆LOLWhale
|j|☆ywze
|html|LOLWhaleywze    
|uhtml|bestof|Game 1 of a best-of-3
|t:|1782984074
|gametype|doubles
|player|p1|LOLWhale|102|1000
|player|p2|ywze|1|1025
|gen|9
|tier|[Gen 9 Champions] VGC 2026 Reg M-B (Bo3)
|rated|
|rule|Species Clause: Limit one of each Pokémon
|rule|Item Clause: Limit 1 of each item
|clearpoke
|poke|p1|Barbaracle, L50, F|
|poke|p1|Charizard, L50, F|
|poke|p1|Incineroar, L50, M|
|poke|p1|Sinistcha, L50|
|poke|p1|Sylveon, L50, F|
|poke|p1|Metagross, L50|
|poke|p2|Vileplume, L50, M, shiny|
|poke|p2|Torkoal, L50, M, shiny|
|poke|p2|Blaziken, L50, M, shiny|
|poke|p2|Whimsicott, L50, M, shiny|
|poke|p2|Sinistcha, L50, shiny|
|poke|p2|Toxapex, L50, M, shiny|
|teampreview|4
|showteam|p1|Barbaracle||Barbaracite|ToughClaws|ShellSmash,RockSlide,CloseCombat,Protect|Adamant||F|||50|]Charizard||CharizarditeY|Blaze|HeatWave,WeatherBall,SolarBeam,Protect|Timid||F|||50|]Incineroar||SitrusBerry|Intimidate|FlareBlitz,FakeOut,PartingShot,ThroatChop|Brave||M|||50|]Sinistcha||FocusSash|Hospitality|MatchaGotcha,RagePowder,Protect,ShadowBall|Calm|||||50|]Sylveon||FairyFeather|Pixilate|HyperVoice,QuickAttack,Protect,Yawn|Modest||F|||50|]Metagross||Leftovers|ClearBody|BodyPress,PsychicFangs,BulletPunch,Protect|Relaxed|||||50|
|showteam|p2|Vileplume||FocusSash|Chlorophyll|SludgeBomb,AfterYou,Protect,SolarBeam|Serious||M|||50|]Torkoal||Charcoal|Drought|EarthPower,Eruption,HeatWave,Protect|Modest||M|||50|]Blaziken||Blazikenite|SpeedBoost|Protect,FlareBlitz,CloseCombat,PoisonJab|Serious||M|||50|]Whimsicott||HeatRock|Prankster|Tailwind,Encore,SunnyDay,Moonblast|Timid||M|||50|]Sinistcha||MiracleSeed|Hospitality|LifeDew,Protect,MatchaGotcha,SolarBeam|Calm|||||50|]Toxapex||Leftovers|Regenerator|Toxic,BanefulBunker,ToxicSpikes,Recover|Calm||M|||50|
|
|t:|1782984136
|teamsize|p1|4
|teamsize|p2|4
|start
|switch|p1a: Incineroar|Incineroar, L50, M|100/100
|switch|p1b: Barbaracle|Barbaracle, L50, F|100/100
|switch|p2a: Vileplume|Vileplume, L50, M, shiny|100/100
|switch|p2b: Torkoal|Torkoal, L50, M, shiny|100/100
|-ability|p1a: Incineroar|Intimidate|boost
|-unboost|p2a: Vileplume|atk|1
|-unboost|p2b: Torkoal|atk|1
|-weather|SunnyDay|[from] ability: Drought|[of] p2b: Torkoal
|turn|1
|inactive|Battle timer is ON: inactive players will automatically lose when time's up. (requested by ywze)
|
|t:|1782984171
|detailschange|p1b: Barbaracle|Barbaracle-Mega, L50, F
|-mega|p1b: Barbaracle|Barbaracle|Barbaracite
|move|p2a: Vileplume|Protect|p2a: Vileplume
|-singleturn|p2a: Vileplume|Protect
|move|p2b: Torkoal|Protect|p2b: Torkoal
|-singleturn|p2b: Torkoal|Protect
|move|p1a: Incineroar|Fake Out|p2a: Vileplume
|-activate|p2a: Vileplume|move: Protect
|move|p1b: Barbaracle|Rock Slide|p2b: Torkoal|[spread] 
|-activate|p2a: Vileplume|move: Protect
|-activate|p2b: Torkoal|move: Protect
|
|-weather|SunnyDay|[upkeep]
|upkeep
|turn|2
|inactive|ywze has 30 seconds left.
|
|t:|1782984203
|move|p1b: Barbaracle|Protect|p1b: Barbaracle
|-singleturn|p1b: Barbaracle|Protect
|move|p2a: Vileplume|After You|p2b: Torkoal
|-activate|p2b: Torkoal|move: After You
|move|p2b: Torkoal|Earth Power|p1b: Barbaracle
|-activate|p1b: Barbaracle|move: Protect
|move|p1a: Incineroar|Flare Blitz|p2a: Vileplume
|-supereffective|p2a: Vileplume|1
|-enditem|p2a: Vileplume|Focus Sash
|-damage|p2a: Vileplume|1/100
|-damage|p1a: Incineroar|75/100|[from] Recoil
|
|-weather|SunnyDay|[upkeep]
|upkeep
|turn|3
|
|t:|1782984218
|switch|p1b: Sinistcha|Sinistcha, L50|100/100
|-heal|p1a: Incineroar|100/100|[from] ability: Hospitality|[of] p1b: Sinistcha
|move|p2a: Vileplume|After You|p2b: Torkoal
|-activate|p2b: Torkoal|move: After You
|move|p2b: Torkoal|Earth Power|p1a: Incineroar
|-supereffective|p1a: Incineroar|1
|-damage|p1a: Incineroar|62/100
|move|p1a: Incineroar|Parting Shot|p2b: Torkoal
|-unboost|p2b: Torkoal|atk|1
|-unboost|p2b: Torkoal|spa|1
|
|t:|1782984228
|switch|p1a: Metagross|Metagross, L50|100/100|[from] Parting Shot
|
|-weather|SunnyDay|[upkeep]
|upkeep
|turn|4
|
|t:|1782984240
|switch|p1b: Incineroar|Incineroar, L50, M|62/100
|-ability|p1b: Incineroar|Intimidate|boost
|-unboost|p2a: Vileplume|atk|1
|-unboost|p2b: Torkoal|atk|1
|move|p1a: Metagross|Protect|p1a: Metagross
|-singleturn|p1a: Metagross|Protect
|move|p2a: Vileplume|After You|p2b: Torkoal
|-activate|p2b: Torkoal|move: After You
|move|p2b: Torkoal|Eruption|p1b: Incineroar|[spread] p1b
|-activate|p1a: Metagross|move: Protect
|-resisted|p1b: Incineroar|1
|-damage|p1b: Incineroar|41/100
|-enditem|p1b: Incineroar|Sitrus Berry|[eat]
|-heal|p1b: Incineroar|65/100|[from] item: Sitrus Berry
|
|-weather|SunnyDay|[upkeep]
|upkeep
|turn|5
|inactive|ywze has 30 seconds left.
|
|t:|1782984266
|move|p2a: Vileplume|Protect|p2a: Vileplume
|-singleturn|p2a: Vileplume|Protect
|move|p1b: Incineroar|Fake Out|p2b: Torkoal
|-crit|p2b: Torkoal
|-damage|p2b: Torkoal|85/100
|move|p1a: Metagross|Bullet Punch|p2a: Vileplume
|-activate|p2a: Vileplume|move: Protect
|cant|p2b: Torkoal|flinch
|
|-weather|none
|upkeep
|turn|6
|inactive|ywze has 30 seconds left.
|
|t:|1782984293
|move|p1a: Metagross|Bullet Punch|p2a: Vileplume
|-damage|p2a: Vileplume|0 fnt
|faint|p2a: Vileplume
|move|p1b: Incineroar|Parting Shot|p2b: Torkoal
|-unboost|p2b: Torkoal|atk|1
|-unboost|p2b: Torkoal|spa|1
|
|t:|1782984299
|switch|p1b: Barbaracle|Barbaracle-Mega, L50, F|100/100|[from] Parting Shot
|move|p2b: Torkoal|Eruption|p1b: Barbaracle|[spread] p1a,p1b
|-supereffective|p1a: Metagross|1
|-resisted|p1b: Barbaracle|1
|-damage|p1a: Metagross|61/100
|-damage|p1b: Barbaracle|89/100
|
|-heal|p1a: Metagross|67/100|[from] item: Leftovers
|upkeep
|
|t:|1782984310
|switch|p2a: Toxapex|Toxapex, L50, M, shiny|100/100
|turn|7
|
|t:|1782984324
|switch|p2b: Blaziken|Blaziken, L50, M, shiny|100/100
|move|p1b: Barbaracle|Shell Smash|p1b: Barbaracle
|-unboost|p1b: Barbaracle|def|1
|-unboost|p1b: Barbaracle|spd|1
|-boost|p1b: Barbaracle|atk|2
|-boost|p1b: Barbaracle|spa|2
|-boost|p1b: Barbaracle|spe|2
|move|p1a: Metagross|Psychic Fangs|p2a: Toxapex
|-supereffective|p2a: Toxapex|1
|-damage|p2a: Toxapex|37/100
|move|p2a: Toxapex|Toxic|p1b: Barbaracle
|-status|p1b: Barbaracle|tox
|
|-heal|p1a: Metagross|73/100|[from] item: Leftovers
|-heal|p2a: Toxapex|43/100|[from] item: Leftovers
|-damage|p1b: Barbaracle|83/100 tox|[from] psn
|upkeep
|turn|8
|inactive|ywze has 30 seconds left.
|inactive|ywze has 20 seconds left.
|
|t:|1782984360
|switch|p1a: Incineroar|Incineroar, L50, M|65/100
|-ability|p1a: Incineroar|Intimidate|boost
|-unboost|p2a: Toxapex|atk|1
|-unboost|p2b: Blaziken|atk|1
|move|p2a: Toxapex|Baneful Bunker|p2a: Toxapex
|-singleturn|p2a: Toxapex|move: Protect
|move|p1b: Barbaracle|Rock Slide|p2a: Toxapex|[spread] p2b
|-activate|p2a: Toxapex|move: Protect
|-damage|p2b: Blaziken|36/100
|cant|p2b: Blaziken|flinch
|
|-heal|p2a: Toxapex|48/100|[from] item: Leftovers
|-damage|p1b: Barbaracle|71/100 tox|[from] psn
|-ability|p2b: Blaziken|Speed Boost|boost
|-boost|p2b: Blaziken|spe|1
|upkeep
|turn|9
|
|t:|1782984379
|switch|p2b: Torkoal|Torkoal, L50, M, shiny|85/100
|-weather|SunnyDay|[from] ability: Drought|[of] p2b: Torkoal
|move|p1b: Barbaracle|Rock Slide|p2b: Torkoal|[spread] p2a,p2b
|-supereffective|p2b: Torkoal|1
|-damage|p2a: Toxapex|4/100
|-damage|p2b: Torkoal|0 fnt
|faint|p2b: Torkoal
|move|p1a: Incineroar|Parting Shot|p2a: Toxapex
|-unboost|p2a: Toxapex|atk|1
|-unboost|p2a: Toxapex|spa|1
|
|t:|1782984388
|switch|p1a: Sinistcha|Sinistcha, L50|100/100|[from] Parting Shot
|-heal|p1b: Barbaracle|96/100 tox|[from] ability: Hospitality|[of] p1a: Sinistcha
|move|p2a: Toxapex|Toxic|p1a: Sinistcha
|-status|p1a: Sinistcha|tox
|
|-weather|SunnyDay|[upkeep]
|-heal|p2a: Toxapex|10/100|[from] item: Leftovers
|-damage|p1b: Barbaracle|77/100 tox|[from] psn
|-damage|p1a: Sinistcha|93/100 tox|[from] psn
|upkeep
|
|t:|1782984392
|switch|p2b: Blaziken|Blaziken, L50, M, shiny|36/100
|turn|10
|
|t:|1782984405
|switch|p1a: Incineroar|Incineroar, L50, M|65/100
|-ability|p1a: Incineroar|Intimidate|boost
|-unboost|p2a: Toxapex|atk|1
|-unboost|p2b: Blaziken|atk|1
|detailschange|p2b: Blaziken|Blaziken-Mega, L50, M, shiny
|-mega|p2b: Blaziken|Blaziken|Blazikenite
|move|p2a: Toxapex|Baneful Bunker|p2a: Toxapex
|-singleturn|p2a: Toxapex|move: Protect
|move|p1b: Barbaracle|Rock Slide|p2a: Toxapex|[spread] p2b
|-activate|p2a: Toxapex|move: Protect
|-damage|p2b: Blaziken|0 fnt
|faint|p2b: Blaziken
|
|-weather|SunnyDay|[upkeep]
|-heal|p2a: Toxapex|16/100|[from] item: Leftovers
|-damage|p1b: Barbaracle|53/100 tox|[from] psn
|upkeep
|turn|11
|
|t:|1782984416
|move|p1a: Incineroar|Fake Out|p2a: Toxapex
|-damage|p2a: Toxapex|6/100
|move|p1b: Barbaracle|Rock Slide|p2a: Toxapex
|-damage|p2a: Toxapex|0 fnt
|faint|p2a: Toxapex
|
|win|LOLWhale
|l|☆ywze
|player|p2|
|inactive|LOLWhale has 30 seconds to confirm battle start!
|inactive|ywze has 30 seconds to confirm battle start!
||LOLWhale is ready for game 2.
|inactive|ywze has 20 seconds to confirm battle start!
|inactive|ywze has 10 seconds to confirm battle start!
|uhtml|next|Next: Game 2 of 3
