|j|☆FastForwardMyGame
|j|☆Mupigg
|html|FastForwardMyGameMupigg    
|uhtml|bestof|Game 2 of a best-of-3
|t:|1757813743
|gametype|doubles
|player|p1|FastForwardMyGame|cyclist|1146
|player|p2|Mupigg|wattson|1175
|gen|9
|tier|[Gen 9] VGC 2025 Reg H (Bo3)
|rated|
|rule|Species Clause: Limit one of each Pokémon
|rule|Item Clause: Limit 1 of each item
|clearpoke
|poke|p1|Hatterene, L50, F|
|poke|p1|Sunflora, L50, F|
|poke|p1|Indeedee-F, L50, F|
|poke|p1|Torkoal, L50, M|
|poke|p1|Gallade, L50, M|
|poke|p1|Ursaluna, L50, F|
|poke|p2|Dragonite, L50, F|
|poke|p2|Kingambit, L50, M|
|poke|p2|Ninetales-Alola, L50, F|
|poke|p2|Incineroar, L50, F|
|poke|p2|Amoonguss, L50, M|
|poke|p2|Garchomp, L50, F|
|teampreview|4
|showteam|p1|Hatterene||CovertCloak|MagicBounce|TrickRoom,ExpandingForce,DazzlingGleam,Protect|||F|||50|,,,,,Water]Sunflora||LifeOrb|SolarPower|EarthPower,WeatherBall,EnergyBall,Protect|||F|||50|,,,,,Fire]Indeedee-F||EjectButton|PsychicSurge|FollowMe,HelpingHand,TrickRoom,TeraBlast|||F|||50|,,,,,Dark]Torkoal||EjectPack|Drought|Eruption,HelpingHand,SunnyDay,Overheat|||M|||50|,,,,,Grass]Gallade||PsychicSeed|Sharpness|TrickRoom,SacredSword,PsychoCut,WideGuard|||M|||50|,,,,,Fire]Ursaluna||FlameOrb|Guts|Facade,HeadlongRush,Protect,Crunch|||F|||50|,,,,,Ghost
|showteam|p2|Dragonite||LumBerry|Multiscale|TeraBlast,ExtremeSpeed,IceSpinner,Protect|||F|||50|,,,,,Flying]Kingambit||AssaultVest|Defiant|KowtowCleave,IronHead,LowKick,SuckerPunch|||M|||50|,,,,,Fighting]Ninetales-Alola||FocusSash|SnowWarning|Blizzard,FreezeDry,AuroraVeil,Protect|||F|||50|,,,,,Ice]Incineroar||SafetyGoggles|Intimidate|FakeOut,FlareBlitz,KnockOff,Taunt|||F|||50|,,,,,Ghost]Amoonguss||SitrusBerry|Regenerator|Spore,RagePowder,PollenPuff,ClearSmog|||M|||50|,,,,,Water]Garchomp||ChoiceBand|RoughSkin|Earthquake,StompingTantrum,DragonClaw,RockSlide|||F|||50|,,,,,Grass
|inactive|Battle timer is ON: inactive players will automatically lose when time's up. (requested by FastForwardMyGame)
|inactive|Mupigg has 60 seconds left.
|
|t:|1757813792
|teamsize|p1|4
|teamsize|p2|4
|start
|switch|p1a: Amiable|Indeedee-F, L50, F|100/100
|switch|p1b: Goatllade|Gallade, L50, M, shiny|100/100
|switch|p2a: Kingambit|Kingambit, L50, M|100/100
|switch|p2b: Ninetales|Ninetales-Alola, L50, F, shiny|100/100
|-weather|Snowscape|[from] ability: Snow Warning|[of] p2b: Ninetales
|-fieldstart|move: Psychic Terrain|[from] ability: Psychic Surge|[of] p1a: Amiable
|-enditem|p1b: Goatllade|Psychic Seed
|-boost|p1b: Goatllade|spd|1|[from] item: Psychic Seed
|turn|1
|inactive|Mupigg has 30 seconds left.
|
|t:|1757813820
|switch|p2a: Garchomp|Garchomp, L50, F|100/100
|move|p1a: Amiable|Follow Me|p1a: Amiable
|-singleturn|p1a: Amiable|move: Follow Me
|move|p2b: Ninetales|Aurora Veil|p2b: Ninetales
|-sidestart|p2: Mupigg|move: Aurora Veil
|move|p1b: Goatllade|Trick Room|p1b: Goatllade
|-fieldstart|move: Trick Room|[of] p1b: Goatllade
|
|-weather|Snowscape|[upkeep]
|upkeep
|turn|2
|
|t:|1757813837
|switch|p2a: Incineroar|Incineroar, L50, F|100/100
|-ability|p2a: Incineroar|Intimidate|boost
|-unboost|p1a: Amiable|atk|1
|-unboost|p1b: Goatllade|atk|1
|move|p1a: Amiable|Helping Hand|p1b: Goatllade
|-singleturn|p1b: Goatllade|Helping Hand|[of] p1a: Amiable
|move|p2b: Ninetales|Protect|p2b: Ninetales
|-singleturn|p2b: Ninetales|Protect
|move|p1b: Goatllade|Sacred Sword|p2a: Incineroar
|-supereffective|p2a: Incineroar
|-crit|p2a: Incineroar
|-damage|p2a: Incineroar|0 fnt
|faint|p2a: Incineroar
|
|-weather|Snowscape|[upkeep]
|upkeep
|
|t:|1757813856
|switch|p2a: Garchomp|Garchomp, L50, F|100/100
|turn|3
|
|t:|1757813876
|move|p1a: Amiable|Follow Me|p1a: Amiable
|-singleturn|p1a: Amiable|move: Follow Me
|move|p1b: Goatllade|Psycho Cut|p2b: Ninetales
|-damage|p2b: Ninetales|66/100
|move|p2a: Garchomp|Stomping Tantrum|p1a: Amiable
|-damage|p1a: Amiable|44/100
|-enditem|p1a: Amiable|Eject Button
|
|t:|1757813888
|switch|p1a: Goatflora|Sunflora, L50, F|100/100
|move|p2b: Ninetales|Blizzard|p1b: Goatllade|[spread] p1a,p1b
|-supereffective|p1a: Goatflora
|-damage|p1a: Goatflora|27/100
|-damage|p1b: Goatllade|80/100
|
|-weather|Snowscape|[upkeep]
|upkeep
|turn|4
|
|t:|1757813905
|switch|p2a: Kingambit|Kingambit, L50, M|100/100
|move|p2b: Ninetales|Protect|p2b: Ninetales
|-singleturn|p2b: Ninetales|Protect
|move|p1a: Goatflora|Weather Ball|p2a: Kingambit
|-resisted|p2a: Kingambit
|-damage|p2a: Kingambit|91/100
|-damage|p1a: Goatflora|17/100|[from] item: Life Orb
|move|p1b: Goatllade|Sacred Sword|p2b: Ninetales
|-activate|p2b: Ninetales|move: Protect
|
|-weather|Snowscape|[upkeep]
|upkeep
|turn|5
|
|t:|1757813928
|switch|p1a: Anger|Torkoal, L50, M|100/100
|-weather|SunnyDay|[from] ability: Drought|[of] p1a: Anger
|switch|p2b: Garchomp|Garchomp, L50, F|100/100
|-terastallize|p2a: Kingambit|Fighting
|move|p2a: Kingambit|Kowtow Cleave|p1b: Goatllade
|-damage|p1b: Goatllade|5/100
|move|p1b: Goatllade|Sacred Sword|p2a: Kingambit
|-damage|p2a: Kingambit|65/100
|
|-weather|SunnyDay|[upkeep]
|-sideend|p2: Mupigg|move: Aurora Veil
|-fieldend|move: Trick Room
|-fieldend|move: Psychic Terrain
|upkeep
|turn|6
|inactive|FastForwardMyGame has 30 seconds left.
|inactive|Mupigg has 30 seconds left.
|inactive|FastForwardMyGame has 20 seconds left.
|inactive|FastForwardMyGame has 15 seconds left.
|
|t:|1757813970
|-terastallize|p1a: Anger|Grass
|move|p2b: Garchomp|Stomping Tantrum|p1a: Anger
|-resisted|p1a: Anger
|-damage|p1a: Anger|80/100
|move|p2a: Kingambit|Kowtow Cleave|p1b: Goatllade
|-damage|p1b: Goatllade|0 fnt
|faint|p1b: Goatllade
|move|p1a: Anger|Overheat|p2a: Kingambit
|-damage|p2a: Kingambit|9/100
|-unboost|p1a: Anger|spa|2
|-enditem|p1a: Anger|Eject Pack
|
|t:|1757813982
|switch|p1a: Amiable|Indeedee-F, L50, F|44/100
|-fieldstart|move: Psychic Terrain|[from] ability: Psychic Surge|[of] p1a: Amiable
|
|-weather|SunnyDay|[upkeep]
|upkeep
|
|t:|1757813987
|switch|p1b: Goatflora|Sunflora, L50, F|17/100
|turn|7
|
|t:|1757814004
|switch|p2a: Ninetales|Ninetales-Alola, L50, F, shiny|66/100
|-weather|Snowscape|[from] ability: Snow Warning|[of] p2a: Ninetales
|move|p2b: Garchomp|Stomping Tantrum|p1a: Amiable
|-damage|p1a: Amiable|0 fnt
|faint|p1a: Amiable
|move|p1b: Goatflora|Energy Ball|p2b: Garchomp
|-crit|p2b: Garchomp
|-damage|p2b: Garchomp|14/100
|-damage|p1b: Goatflora|7/100|[from] item: Life Orb
|
|-weather|Snowscape|[upkeep]
|upkeep
|
|t:|1757814016
|switch|p1a: Anger|Torkoal, L50, M, tera:Grass|80/100
|-weather|SunnyDay|[from] ability: Drought|[of] p1a: Anger
|turn|8
|
|t:|1757814030
|switch|p2a: Kingambit|Kingambit, L50, M, tera:Fighting|9/100
|move|p2b: Garchomp|Stomping Tantrum|p1b: Goatflora
|-resisted|p1b: Goatflora
|-damage|p1b: Goatflora|0 fnt
|faint|p1b: Goatflora
|move|p1a: Anger|Eruption|p2b: Garchomp|[spread] p2a,p2b
|-resisted|p2b: Garchomp
|-damage|p2a: Kingambit|0 fnt
|-damage|p2b: Garchomp|0 fnt
|faint|p2a: Kingambit
|faint|p2b: Garchomp
|
|-weather|SunnyDay|[upkeep]
|upkeep
|
|t:|1757814039
|switch|p2b: Ninetales|Ninetales-Alola, L50, F, shiny|66/100
|-weather|Snowscape|[from] ability: Snow Warning|[of] p2b: Ninetales
|turn|9
|
|t:|1757814044
|move|p2b: Ninetales|Blizzard|p1a: Anger
|-supereffective|p1a: Anger
|-damage|p1a: Anger|0 fnt
|faint|p1a: Anger
|
|win|Mupigg
||FastForwardMyGame is ready for game 3.
||Mupigg is ready for game 3.
|uhtml|next|Next: Game 3 of 3
