|j|☆franchocho
|j|☆Refanner
|html|franchochoRefanner    
|uhtml|bestof|Game 1 of a best-of-3
|t:|1782741079
|gametype|doubles
|player|p1|franchocho|1|1065
|player|p2|Refanner|102|1103
|gen|9
|tier|[Gen 9 Champions] VGC 2026 Reg M-B (Bo3)
|rated|
|rule|Species Clause: Limit one of each Pokémon
|rule|Item Clause: Limit 1 of each item
|clearpoke
|poke|p1|Gholdengo, L50|
|poke|p1|Staraptor, L50, F, shiny|
|poke|p1|Incineroar, L50, F, shiny|
|poke|p1|Farigiraf, L50, F|
|poke|p1|Dragalge, L50, M|
|poke|p1|Whimsicott, L50, M|
|poke|p2|Staraptor, L50, M|
|poke|p2|Raichu, L50, F|
|poke|p2|Sinistcha-Masterpiece, L50|
|poke|p2|Incineroar, L50, M|
|poke|p2|Metagross, L50|
|poke|p2|Hydreigon, L50, F|
|teampreview|4
|showteam|p1|Gholdengo||MetalCoat|GoodasGold|MakeItRain,Protect,NastyPlot,ShadowBall|Modest|||||50|]Staraptor||Staraptite|Intimidate|CloseCombat,DualWingbeat,Protect,Roost|Jolly||F|||50|]Incineroar||Charcoal|Intimidate|FakeOut,FlareBlitz,DarkestLariat,PartingShot|Adamant||F|||50|]Farigiraf||SitrusBerry|ArmorTail|TrickRoom,TwinBeam,Thunderbolt,Protect|Quiet||F|||50|]Dragalge||Dragalgite|PoisonPoint|DracoMeteor,DragonPulse,Protect,SludgeBomb|Calm||M|||50|]Whimsicott||FocusSash|Prankster|Protect,Tailwind,Charm,Moonblast|Timid||M|||50|
|showteam|p2|Staraptor||Staraptite|Intimidate|CloseCombat,BraveBird,Roost,Protect|Adamant||M|||50|]Raichu||RaichuniteX|LightningRod|VoltTackle,VoltSwitch,PlayRough,FakeOut|Hasty||F|||50|]Sinistcha-Masterpiece||KasibBerry|Hospitality|MatchaGotcha,RagePowder,TrickRoom,Protect|Bold|||||50|]Incineroar||SitrusBerry|Intimidate|FlareBlitz,FakeOut,DarkestLariat,PartingShot|Adamant||M|||50|]Metagross||MetalCoat|ClearBody|IronHead,PsychicFangs,StompingTantrum,Protect|Adamant|||||50|]Hydreigon||ChoiceScarf|Levitate|DarkPulse,Snarl,DracoMeteor,EarthPower|Timid||F|||50|
|
|t:|1782741133
|teamsize|p1|4
|teamsize|p2|4
|start
|switch|p1a: Incineroar|Incineroar, L50, F, shiny|100/100
|switch|p1b: Staraptor|Staraptor, L50, F, shiny|100/100
|switch|p2a: Raichu|Raichu, L50, F|100/100
|switch|p2b: Incineroar|Incineroar, L50, M|100/100
|-ability|p1b: Staraptor|Intimidate|boost
|-unboost|p2a: Raichu|atk|1
|-unboost|p2b: Incineroar|atk|1
|-ability|p1a: Incineroar|Intimidate|boost
|-unboost|p2a: Raichu|atk|1
|-unboost|p2b: Incineroar|atk|1
|-ability|p2b: Incineroar|Intimidate|boost
|-unboost|p1a: Incineroar|atk|1
|-unboost|p1b: Staraptor|atk|1
|turn|1
|
|t:|1782741175
|detailschange|p2a: Raichu|Raichu-Mega-X, L50, F
|-mega|p2a: Raichu|Raichu|Raichunite X
|-fieldstart|move: Electric Terrain|[from] ability: Electric Surge|[of] p2a: Raichu
|detailschange|p1b: Staraptor|Staraptor-Mega, L50, F, shiny
|-mega|p1b: Staraptor|Staraptor|Staraptite
|move|p2a: Raichu|Fake Out|p1b: Staraptor
|-damage|p1b: Staraptor|91/100
|move|p1a: Incineroar|Fake Out|p2a: Raichu
|-damage|p2a: Raichu|86/100
|cant|p1b: Staraptor|flinch
|move|p2b: Incineroar|Parting Shot|p1a: Incineroar
|-unboost|p1a: Incineroar|atk|1
|-unboost|p1a: Incineroar|spa|1
|
|t:|1782741188
|switch|p2b: Sinistcha|Sinistcha-Masterpiece, L50|100/100|[from] Parting Shot
|-heal|p2a: Raichu|100/100|[from] ability: Hospitality|[of] p2b: Sinistcha
|
|upkeep
|turn|2
|
|t:|1782741214
|switch|p2a: Metagross|Metagross, L50|100/100
|move|p1b: Staraptor|Protect|p1b: Staraptor
|-singleturn|p1b: Staraptor|Protect
|move|p1a: Incineroar|Parting Shot|p2a: Metagross
|-fail|p2a: Metagross|unboost|[from] ability: Clear Body|[of] p2a: Metagross
|move|p2b: Sinistcha|Trick Room|p2b: Sinistcha
|-fieldstart|move: Trick Room|[of] p2b: Sinistcha
|
|upkeep
|turn|3
|
|t:|1782741246
|move|p1a: Incineroar|Flare Blitz|p2a: Metagross
|-supereffective|p2a: Metagross|1
|-damage|p2a: Metagross|28/100
|-damage|p1a: Incineroar|81/100|[from] Recoil
|move|p2b: Sinistcha|Matcha Gotcha|p1a: Incineroar|[spread] p1a,p1b
|-resisted|p1a: Incineroar|1
|-resisted|p1b: Staraptor|1
|-damage|p1a: Incineroar|69/100
|-damage|p1b: Staraptor|77/100
|move|p2a: Metagross|Psychic Fangs|p1b: Staraptor
|-supereffective|p1b: Staraptor|1
|-damage|p1b: Staraptor|0 fnt
|faint|p1b: Staraptor
|
|upkeep
|
|t:|1782741269
|switch|p1b: Whimsicott|Whimsicott, L50, M|100/100
|turn|4
|
|t:|1782741290
|switch|p2a: Incineroar|Incineroar, L50, M|100/100
|-ability|p2a: Incineroar|Intimidate|boost
|-unboost|p1a: Incineroar|atk|1
|-unboost|p1b: Whimsicott|atk|1
|move|p1a: Incineroar|Flare Blitz|p2a: Incineroar
|-resisted|p2a: Incineroar|1
|-damage|p2a: Incineroar|86/100
|-damage|p1a: Incineroar|64/100|[from] Recoil
|move|p2b: Sinistcha|Matcha Gotcha|p1b: Whimsicott|[spread] p1a,p1b
|-resisted|p1a: Incineroar|1
|-resisted|p1b: Whimsicott|1
|-damage|p1a: Incineroar|53/100
|-damage|p1b: Whimsicott|78/100
|move|p1b: Whimsicott|Moonblast|p2b: Sinistcha
|-damage|p2b: Sinistcha|66/100
|
|upkeep
|turn|5
|
|t:|1782741324
|move|p2a: Incineroar|Fake Out|p1a: Incineroar
|-damage|p1a: Incineroar|41/100
|move|p1b: Whimsicott|Charm|p2a: Incineroar
|-hint|Since gen 7, Dark is immune to Prankster moves.
|-immune|p2a: Incineroar
|cant|p1a: Incineroar|flinch
|move|p2b: Sinistcha|Matcha Gotcha|p1b: Whimsicott|[spread] p1a
|-miss|p2b: Sinistcha|p1b: Whimsicott
|-resisted|p1a: Incineroar|1
|-damage|p1a: Incineroar|28/100
|-heal|p2b: Sinistcha|73/100|[from] drain|[of] p1a: Incineroar
|
|-fieldend|move: Electric Terrain
|upkeep
|turn|6
|
|t:|1782741351
|move|p1b: Whimsicott|Protect|p1b: Whimsicott
|-singleturn|p1b: Whimsicott|Protect
|move|p2a: Incineroar|Flare Blitz|p1a: Incineroar
|-resisted|p1a: Incineroar|1
|-damage|p1a: Incineroar|3/100
|-damage|p2a: Incineroar|77/100|[from] Recoil
|move|p1a: Incineroar|Darkest Lariat|p2b: Sinistcha
|-supereffective|p2b: Sinistcha|1
|-crit|p2b: Sinistcha
|-damage|p2b: Sinistcha|0 fnt
|faint|p2b: Sinistcha
|
|-fieldend|move: Trick Room
|upkeep
|
|t:|1782741367
|switch|p2b: Raichu|Raichu-Mega-X, L50, F|100/100
|-fieldstart|move: Electric Terrain|[from] ability: Electric Surge|[of] p2b: Raichu
|turn|7
|
|t:|1782741389
|move|p1b: Whimsicott|Moonblast|p2a: Incineroar
|-damage|p2a: Incineroar|46/100
|-enditem|p2a: Incineroar|Sitrus Berry|[eat]
|-heal|p2a: Incineroar|70/100|[from] item: Sitrus Berry
|move|p2b: Raichu|Volt Switch|p1a: Incineroar
|-damage|p1a: Incineroar|0 fnt
|faint|p1a: Incineroar
|
|t:|1782741397
|switch|p2b: Metagross|Metagross, L50|28/100|[from] Volt Switch
|move|p2a: Incineroar|Flare Blitz|p1b: Whimsicott
|-supereffective|p1b: Whimsicott|1
|-damage|p1b: Whimsicott|0 fnt
|faint|p1b: Whimsicott
|-damage|p2a: Incineroar|53/100|[from] Recoil
|
|upkeep
|
|t:|1782741403
|switch|p1b: Farigiraf|Farigiraf, L50, F|100/100
|turn|8
|
|t:|1782741414
|move|p2b: Metagross|Iron Head|p1b: Farigiraf
|-damage|p1b: Farigiraf|41/100
|-enditem|p1b: Farigiraf|Sitrus Berry|[eat]
|-heal|p1b: Farigiraf|66/100|[from] item: Sitrus Berry
|move|p2a: Incineroar|Darkest Lariat|p1b: Farigiraf
|-supereffective|p1b: Farigiraf|1
|-damage|p1b: Farigiraf|0 fnt
|faint|p1b: Farigiraf
|
|win|Refanner
||Refanner is ready for game 2.
||franchocho is ready for game 2.
|uhtml|next|Next: Game 2 of 3
