|j|вҳҶGallantshowdown
|j|вҳҶar1stoteles vgc
|html|Gallantshowdownar1stoteles vgc    
|uhtml|bestof|Game 3 of a best-of-3
|t:|1756405845
|gametype|doubles
|player|p1|Gallantshowdown|n|1032
|player|p2|ar1stoteles vgc|wallace|1130
|gen|9
|tier|[Gen 9] VGC 2025 Reg H (Bo3)
|rated|
|rule|Species Clause: Limit one of each PokГ©mon
|rule|Item Clause: Limit 1 of each item
|clearpoke
|poke|p1|Kingambit, L50, M|
|poke|p1|Sneasler, L50, F|
|poke|p1|Magmar, L50, M|
|poke|p1|Rillaboom, L50, M|
|poke|p1|Primarina, L50, F|
|poke|p1|Salamence, L50, M|
|poke|p2|Indeedee-F, L50, F|
|poke|p2|Hatterene, L50, F|
|poke|p2|Gallade, L50, M|
|poke|p2|Ursaluna, L50, M|
|poke|p2|Lilligant-Hisui, L50, F|
|poke|p2|Torkoal, L50, M|
|teampreview|4
|showteam|p1|Kingambit||BlackGlasses|Defiant|Protect,SuckerPunch,SwordsDance,KowtowCleave|||M|||50|,,,,,Ghost]Sneasler||FocusSash|Unburden|Protect,FakeOut,DireClaw,CloseCombat|||F|||50|,,,,,Stellar]Magmar||Eviolite|VitalSpirit|Protect,Overheat,FollowMe,WillOWisp|||M|||50|,,,,,Ghost]Rillaboom||AssaultVest|GrassySurge|FakeOut,GrassyGlide,WoodHammer,HighHorsepower|||M|||50|,,,,,Fire]Primarina||SitrusBerry|LiquidVoice|Haze,Protect,Moonblast,HyperVoice|||F|||50|,,,,,Poison]Salamence||CovertCloak|Intimidate|Protect,Tailwind,DracoMeteor,DualWingbeat|||M|||50|,,,,,Steel
|showteam|p2|Indeedee-F||PsychicSeed|PsychicSurge|TrickRoom,FollowMe,HelpingHand,DazzlingGleam|||F|||50|,,,,,Fire]Hatterene||LifeOrb|MagicBounce|ExpandingForce,TrickRoom,DazzlingGleam,Protect|||F|||50|,,,,,Psychic]Gallade||ClearAmulet|Sharpness|PsychoCut,TrickRoom,SacredSword,WideGuard|||M|||50|,,,,,Grass]Ursaluna||FlameOrb|Guts|HeadlongRush,Facade,SwordsDance,Protect|||M|||50|,,,,,Ghost]Lilligant-Hisui||FocusSash|Chlorophyll|SolarBlade,SleepPowder,CloseCombat,AfterYou|||F|||50|,,,,,Ghost]Torkoal||ChoiceSpecs|Drought|Eruption,HeatWave,WeatherBall,EarthPower|||M|||50|,,,,,Fire
|inactive|Battle timer is ON: inactive players will automatically lose when time's up. (requested by Gallantshowdown)
|inactive|ar1stoteles vgc also wants the timer to be on.
|inactive|Gallantshowdown has 60 seconds left.
|
|t:|1756405887
|teamsize|p1|4
|teamsize|p2|4
|start
|switch|p1a: Magmar|Magmar, L50, M|100/100
|switch|p1b: Kingambit|Kingambit, L50, M, shiny|100/100
|switch|p2a: зҙ«з«Ҫи¶…еҸҜж„ӣ|Indeedee-F, L50, F, shiny|100/100
|switch|p2b: зҙ«з«ҪиҰӘиЎӣйҡҠ|Gallade, L50, M, shiny|100/100
|-fieldstart|move: Psychic Terrain|[from] ability: Psychic Surge|[of] p2a: зҙ«з«Ҫи¶…еҸҜж„ӣ
|-enditem|p2a: зҙ«з«Ҫи¶…еҸҜж„ӣ|Psychic Seed
|-boost|p2a: зҙ«з«Ҫи¶…еҸҜж„ӣ|spd|1|[from] item: Psychic Seed
|turn|1
|inactive|ar1stoteles vgc has 30 seconds left.
|inactive|ar1stoteles vgc has 20 seconds left.
|inactive|ar1stoteles vgc has 15 seconds left.
|inactive|ar1stoteles vgc has 10 seconds left.
|inactive|ar1stoteles vgc has 5 seconds left.
|
|t:|1756405942
|switch|p2a: дёҖжӢіжңҲжңҲзҶҠ|Ursaluna, L50, M, shiny|100/100
|move|p1a: Magmar|Follow Me|p1a: Magmar
|-singleturn|p1a: Magmar|move: Follow Me
|move|p2b: зҙ«з«ҪиҰӘиЎӣйҡҠ|Sacred Sword|p1a: Magmar
|-damage|p1a: Magmar|37/100
|move|p1b: Kingambit|Kowtow Cleave|p2b: зҙ«з«ҪиҰӘиЎӣйҡҠ
|-damage|p2b: зҙ«з«ҪиҰӘиЎӣйҡҠ|18/100
|
|-status|p2a: дёҖжӢіжңҲжңҲзҶҠ|brn|[from] item: Flame Orb
|upkeep
|turn|2
|inactive|Gallantshowdown has 30 seconds left.
|inactive|Gallantshowdown has 20 seconds left.
|
|t:|1756405980
|switch|p1b: Salamence|Salamence, L50, M|100/100
|-ability|p1b: Salamence|Intimidate|boost
|-unboost|p2a: дёҖжӢіжңҲжңҲзҶҠ|atk|1
|-fail|p2b: зҙ«з«ҪиҰӘиЎӣйҡҠ|unboost|[from] item: Clear Amulet|[of] p2b: зҙ«з«ҪиҰӘиЎӣйҡҠ
|move|p1a: Magmar|Protect|p1a: Magmar
|-singleturn|p1a: Magmar|Protect
|move|p2a: дёҖжӢіжңҲжңҲзҶҠ|Facade|p1a: Magmar
|-activate|p1a: Magmar|move: Protect
|move|p2b: зҙ«з«ҪиҰӘиЎӣйҡҠ|Trick Room|p2b: зҙ«з«ҪиҰӘиЎӣйҡҠ
|-fieldstart|move: Trick Room|[of] p2b: зҙ«з«ҪиҰӘиЎӣйҡҠ
|
|-damage|p2a: дёҖжӢіжңҲжңҲзҶҠ|95/100 brn|[from] brn
|upkeep
|turn|3
|inactive|Gallantshowdown has 30 seconds left.
|inactive|Gallantshowdown has 20 seconds left.
|inactive|Gallantshowdown has 15 seconds left.
|
|t:|1756406023
|move|p1a: Magmar|Follow Me|p1a: Magmar
|-singleturn|p1a: Magmar|move: Follow Me
|move|p2a: дёҖжӢіжңҲжңҲзҶҠ|Facade|p1a: Magmar
|-damage|p1a: Magmar|0 fnt
|faint|p1a: Magmar
|move|p2b: зҙ«з«ҪиҰӘиЎӣйҡҠ|Sacred Sword|p1b: Salamence
|-resisted|p1b: Salamence
|-damage|p1b: Salamence|47/100
|move|p1b: Salamence|Dual Wingbeat|p2b: зҙ«з«ҪиҰӘиЎӣйҡҠ
|-supereffective|p2b: зҙ«з«ҪиҰӘиЎӣйҡҠ
|-damage|p2b: зҙ«з«ҪиҰӘиЎӣйҡҠ|0 fnt
|faint|p2b: зҙ«з«ҪиҰӘиЎӣйҡҠ
|-hitcount|p2: зҙ«з«ҪиҰӘиЎӣйҡҠ|1
|
|-damage|p2a: дёҖжӢіжңҲжңҲзҶҠ|89/100 brn|[from] brn
|upkeep
|
|t:|1756406040
|switch|p2b: еӨӘжЁӮе·ҙжҲҲж–Ҝ|Torkoal, L50, M, shiny|100/100
|switch|p1a: Kingambit|Kingambit, L50, M, shiny|100/100
|-weather|SunnyDay|[from] ability: Drought|[of] p2b: еӨӘжЁӮе·ҙжҲҲж–Ҝ
|turn|4
|
|t:|1756406051
|move|p1a: Kingambit|Protect|p1a: Kingambit
|-singleturn|p1a: Kingambit|Protect
|move|p2b: еӨӘжЁӮе·ҙжҲҲж–Ҝ|Eruption|p1b: Salamence|[spread] p1b
|-activate|p1a: Kingambit|move: Protect
|-resisted|p1b: Salamence
|-damage|p1b: Salamence|0 fnt
|faint|p1b: Salamence
|move|p2a: дёҖжӢіжңҲжңҲзҶҠ|Facade|p1a: Kingambit
|-activate|p1a: Kingambit|move: Protect
|
|-weather|SunnyDay|[upkeep]
|-damage|p2a: дёҖжӢіжңҲжңҲзҶҠ|83/100 brn|[from] brn
|upkeep
|
|t:|1756406058
|switch|p1b: Rillaboom|Rillaboom, L50, M|100/100
|-fieldstart|move: Grassy Terrain|[from] ability: Grassy Surge|[of] p1b: Rillaboom
|turn|5
|inactive|Gallantshowdown has 30 seconds left.
|inactive|Gallantshowdown has 20 seconds left.
|inactive|Gallantshowdown has 15 seconds left.
|
|t:|1756406101
|switch|p2a: зҙ«з«Ҫи¶…еҸҜж„ӣ|Indeedee-F, L50, F, shiny|100/100
|-fieldstart|move: Psychic Terrain|[from] ability: Psychic Surge|[of] p2a: зҙ«з«Ҫи¶…еҸҜж„ӣ
|-terastallize|p2b: еӨӘжЁӮе·ҙжҲҲж–Ҝ|Fire
|-terastallize|p1a: Kingambit|Ghost
|move|p1b: Rillaboom|Fake Out|p2b: еӨӘжЁӮе·ҙжҲҲж–Ҝ
|-activate|p2b: еӨӘжЁӮе·ҙжҲҲж–Ҝ|move: Psychic Terrain
|move|p2b: еӨӘжЁӮе·ҙжҲҲж–Ҝ|Eruption|p1b: Rillaboom|[spread] p1a,p1b
|-supereffective|p1b: Rillaboom
|-damage|p1a: Kingambit|0 fnt
|-damage|p1b: Rillaboom|0 fnt
|faint|p1a: Kingambit
|faint|p1b: Rillaboom
|
|win|ar1stoteles vgc
|raw|Gallantshowdown's rating: 1032 → 1021(-11 for losing)
|raw|ar1stoteles vgc's rating: 1130 → 1148(+18 for winning)
|l|вҳҶGallantshowdown
|player|p1|
