|j|☆viatles
|j|☆HunterOnShowdown
|html|viatlesHunterOnShowdown    
|uhtml|bestof|Game 3 of a best-of-3
|t:|1784265824
|gametype|doubles
|player|p1|viatles|hiker|1119
|player|p2|HunterOnShowdown|hilbert|1302
|gen|9
|tier|[Gen 9 Champions] VGC 2026 Reg M-B (Bo3)
|rated|
|rule|Species Clause: Limit one of each Pokémon
|rule|Item Clause: Limit 1 of each item
|clearpoke
|poke|p1|Falinks, L50|
|poke|p1|Maushold, L50|
|poke|p1|Sinistcha, L50|
|poke|p1|Sneasler, L50, M|
|poke|p1|Grimmsnarl, L50, M|
|poke|p1|Gyarados, L50, M|
|poke|p2|Emboar, L50, M|
|poke|p2|Meowscarada, L50, M|
|poke|p2|Ninetales-Alola, L50, F|
|poke|p2|Sneasler, L50, F, shiny|
|poke|p2|Aerodactyl, L50, M|
|poke|p2|Corviknight, L50, M, shiny|
|teampreview|4
|showteam|p1|Falinks||Falinksite|Defiant|NoRetreat,KnockOff,CloseCombat,Protect|Serious|||||50|]Maushold||WideLens|FriendGuard|FollowMe,PopulationBomb,Protect,SuperFang|Jolly|||||50|]Sinistcha||SitrusBerry|Hospitality|MatchaGotcha,RagePowder,Imprison,TrickRoom|Bold|||||50|]Sneasler||WhiteHerb|Unburden|FakeOut,DireClaw,CloseCombat,Protect|Jolly||M|||50|]Grimmsnarl||LightClay|Prankster|SpiritBreak,LightScreen,PartingShot,FakeOut|Careful||M|||50|]Gyarados||Gyaradosite|Intimidate|DragonDance,Protect,Crunch,Waterfall|Adamant||M|||50|
|showteam|p2|Emboar||Emboarite|Reckless|FlareBlitz,CloseCombat,SuckerPunch,Protect|Adamant||M|||50|]Meowscarada||ChoiceScarf|Protean|Uturn,FlowerTrick,ThroatChop,TripleAxel|Adamant||M|||50|]Ninetales-Alola||NeverMeltIce|SnowWarning|IcyWind,FreezeDry,Protect,Encore|Timid||F|||50|]Sneasler||WhiteHerb|Unburden|Coaching,CloseCombat,GunkShot,FakeOut|Jolly||F|||50|]Aerodactyl||Aerodactylite|Unnerve|RockSlide,WideGuard,DualWingbeat,Protect|Jolly||M|||50|]Corviknight||OccaBerry|MirrorArmor|Roost,Tailwind,BraveBird,BulkUp|Careful||M|||50|
|inactive|Battle timer is ON: inactive players will automatically lose when time's up. (requested by HunterOnShowdown)
|inactive|HunterOnShowdown has 60 seconds left.
|
|t:|1784265859
|teamsize|p1|4
|teamsize|p2|4
|start
|switch|p1a: Grimmsnarl|Grimmsnarl, L50, M|100/100
|switch|p1b: Gyarados|Gyarados, L50, M|100/100
|switch|p2a: Nora|Ninetales-Alola, L50, F|100/100
|switch|p2b: Misaki|Sneasler, L50, F, shiny|100/100
|-weather|Snowscape|[from] ability: Snow Warning|[of] p2a: Nora
|-ability|p1b: Gyarados|Intimidate|boost
|-unboost|p2a: Nora|atk|1
|-unboost|p2b: Misaki|atk|1
|-enditem|p2b: Misaki|White Herb
|-clearnegativeboost|p2b: Misaki|[silent]
|turn|1
|
|t:|1784265881
|move|p2b: Misaki|Fake Out|p1a: Grimmsnarl
|-damage|p1a: Grimmsnarl|87/100
|cant|p1a: Grimmsnarl|flinch
|move|p2a: Nora|Freeze-Dry|p1b: Gyarados
|-supereffective|p1b: Gyarados|2
|-damage|p1b: Gyarados|4/100
|move|p1b: Gyarados|Dragon Dance|p1b: Gyarados
|-boost|p1b: Gyarados|atk|1
|-boost|p1b: Gyarados|spe|1
|
|-weather|Snowscape|[upkeep]
|upkeep
|turn|2
|
|t:|1784265897
|switch|p1b: Sneasler|Sneasler, L50, M|100/100
|move|p1a: Grimmsnarl|Light Screen|p1a: Grimmsnarl
|-sidestart|p1: viatles|move: Light Screen
|move|p2b: Misaki|Gunk Shot|p1a: Grimmsnarl
|-supereffective|p1a: Grimmsnarl|1
|-damage|p1a: Grimmsnarl|0 fnt
|faint|p1a: Grimmsnarl
|move|p2a: Nora|Icy Wind|p1b: Sneasler
|-damage|p1b: Sneasler|78/100
|-unboost|p1b: Sneasler|spe|1
|-enditem|p1b: Sneasler|White Herb
|-clearnegativeboost|p1b: Sneasler|[silent]
|
|-weather|Snowscape|[upkeep]
|upkeep
|
|t:|1784265909
|switch|p1a: Gyarados|Gyarados, L50, M|4/100
|-ability|p1a: Gyarados|Intimidate|boost
|-unboost|p2a: Nora|atk|1
|-unboost|p2b: Misaki|atk|1
|turn|3
|
|t:|1784265922
|move|p1b: Sneasler|Dire Claw|p2a: Nora
|-supereffective|p2a: Nora|1
|-damage|p2a: Nora|27/100
|-status|p2a: Nora|par
|move|p2b: Misaki|Gunk Shot|p1a: Gyarados
|-damage|p1a: Gyarados|0 fnt
|faint|p1a: Gyarados
|move|p2a: Nora|Icy Wind|p1b: Sneasler
|-damage|p1b: Sneasler|57/100
|-unboost|p1b: Sneasler|spe|1
|
|-weather|Snowscape|[upkeep]
|upkeep
|
|t:|1784265934
|switch|p1a: Maushold|Maushold, L50|100/100
|turn|4
|
|t:|1784265959
|switch|p2a: Ptietro|Aerodactyl, L50, M|100/100
|-ability|p2a: Ptietro|Unnerve
|move|p2b: Misaki|Coaching|p2a: Ptietro
|-boost|p2a: Ptietro|atk|1
|-boost|p2a: Ptietro|def|1
|move|p1b: Sneasler|Dire Claw|p2b: Misaki
|-resisted|p2b: Misaki|1
|-damage|p2b: Misaki|76/100
|move|p1a: Maushold|Population Bomb|p2b: Misaki
|-damage|p2b: Misaki|69/100
|-damage|p2b: Misaki|60/100
|-damage|p2b: Misaki|51/100
|-damage|p2b: Misaki|42/100
|-damage|p2b: Misaki|35/100
|-damage|p2b: Misaki|26/100
|-damage|p2b: Misaki|18/100
|-damage|p2b: Misaki|9/100
|-damage|p2b: Misaki|1/100
|-damage|p2b: Misaki|0 fnt
|faint|p2b: Misaki
|-hitcount|p2: Misaki|10
|
|-weather|Snowscape|[upkeep]
|upkeep
|
|t:|1784265968
|switch|p2b: Muninn|Corviknight, L50, M, shiny|100/100
|turn|5
|
|t:|1784265987
|detailschange|p2a: Ptietro|Aerodactyl-Mega, L50, M
|-mega|p2a: Ptietro|Aerodactyl|Aerodactylite
|move|p1b: Sneasler|Close Combat|p2b: Muninn
|-damage|p2b: Muninn|41/100
|-unboost|p1b: Sneasler|def|1
|-unboost|p1b: Sneasler|spd|1
|move|p2a: Ptietro|Dual Wingbeat|p1b: Sneasler
|-supereffective|p1b: Sneasler|1
|-damage|p1b: Sneasler|0 fnt
|faint|p1b: Sneasler
|-hitcount|p1: Sneasler|1
|move|p1a: Maushold|Super Fang|p2b: Muninn
|-damage|p2b: Muninn|20/100y
|move|p2b: Muninn|Tailwind|p2b: Muninn
|-sidestart|p2: HunterOnShowdown|move: Tailwind
|
|-weather|none
|upkeep
|turn|6
|
|t:|1784265997
|move|p2a: Ptietro|Dual Wingbeat|p1a: Maushold
|-damage|p1a: Maushold|39/100
|-damage|p1a: Maushold|0 fnt
|faint|p1a: Maushold
|-hitcount|p1: Maushold|2
|
|win|HunterOnShowdown
|raw|viatles's rating: 1119 → 1106(-13 for losing)
|raw|HunterOnShowdown's rating: 1302 → 1312(+10 for winning)
|c|☆viatles|gg wp
|c|☆HunterOnShowdown|ggs
|c|☆HunterOnShowdown|u2
