|j|☆Kiryu86
|j|☆gallium1005
|html|Kiryu86gallium1005    
|uhtml|bestof|Game 3 of a best-of-3
|t:|1784325063
|gametype|doubles
|player|p1|Kiryu86|169|1214
|player|p2|gallium1005|hilbert|1133
|gen|9
|tier|[Gen 9 Champions] VGC 2026 Reg M-B (Bo3)
|rated|
|rule|Species Clause: Limit one of each Pokémon
|rule|Item Clause: Limit 1 of each item
|clearpoke
|poke|p1|Dragonite, L50, F, shiny|
|poke|p1|Talonflame, L50, M|
|poke|p1|Scizor, L50, M|
|poke|p1|Tauros-Paldea-Aqua, L50, M|
|poke|p1|Kingambit, L50, M|
|poke|p1|Hatterene, L50, F|
|poke|p2|Swampert, L50, F|
|poke|p2|Archaludon, L50, M|
|poke|p2|Pelipper, L50, F|
|poke|p2|Sneasler, L50, F|
|poke|p2|Floette-Eternal, L50, F|
|poke|p2|Sinistcha, L50|
|teampreview|4
|showteam|p1|Dragonite||Dragoninite|Multiscale|Hurricane,DracoMeteor,Protect,Thunderbolt|Timid||F|||50|]Talonflame||FocusSash|GaleWings|FlareBlitz,BraveBird,Tailwind,Protect|Jolly||M|||50|]Scizor||Scizorite|Technician|BugBite,BulletPunch,Protect,CloseCombat|Adamant||M|||50|]Tauros-Paldea-Aqua||ChoiceScarf|Intimidate|CloseCombat,RagingBull,HighHorsepower,RockSlide|Adamant||M|||50|]Kingambit||BlackGlasses|Defiant|KowtowCleave,IronHead,SuckerPunch,Protect|Adamant||M|||50|]Hatterene||LifeOrb|MagicBounce|Psychic,MysticalFire,DazzlingGleam,TrickRoom|Quiet||F|||50|
|showteam|p2|Swampert||Swampertite|Torrent|WaveCrash,Earthquake,KnockOff,Protect|Adamant||F|||50|]Archaludon||Leftovers|Stamina|ElectroShot,DragonPulse,FlashCannon,Protect|Modest||M|||50|]Pelipper||FocusSash|Drizzle|Tailwind,Hurricane,WeatherBall,Protect|Timid||F|||50|]Sneasler||WhiteHerb|Unburden|FakeOut,DireClaw,CloseCombat,Protect|Jolly||F|||50|]Floette-Eternal||Floettite|FlowerVeil|DrainingKiss,DazzlingGleam,CalmMind,Protect|Modest||F|||50|]Sinistcha||SitrusBerry|Hospitality|MatchaGotcha,RagePowder,TrickRoom,Protect|Bold|||||50|
|inactive|Battle timer is ON: inactive players will automatically lose when time's up. (requested by Kiryu86)
|
|t:|1784325085
|teamsize|p1|4
|teamsize|p2|4
|start
|switch|p1a: Talonflame|Talonflame, L50, M|100/100
|switch|p1b: Dragonite|Dragonite, L50, F, shiny|100/100
|switch|p2a: Sneasler|Sneasler, L50, F|100/100
|switch|p2b: Floette|Floette-Eternal, L50, F|100/100
|turn|1
|
|t:|1784325109
|detailschange|p1b: Dragonite|Dragonite-Mega, L50, F, shiny
|-mega|p1b: Dragonite|Dragonite|Dragoninite
|detailschange|p2b: Floette|Floette-Mega, L50, F
|-mega|p2b: Floette|Floette|Floettite
|-ability|p2b: Floette|Fairy Aura
|move|p1a: Talonflame|Protect|p1a: Talonflame
|-singleturn|p1a: Talonflame|Protect
|move|p2a: Sneasler|Fake Out|p1a: Talonflame
|-activate|p1a: Talonflame|move: Protect
|move|p1b: Dragonite|Hurricane|p2b: Floette
|-damage|p2b: Floette|53/100
|-start|p2b: Floette|confusion
|-activate|p2b: Floette|confusion
|move|p2b: Floette|Calm Mind|p2b: Floette
|-boost|p2b: Floette|spa|1
|-boost|p2b: Floette|spd|1
|
|upkeep
|turn|2
|inactive|gallium1005 has 30 seconds left.
|
|t:|1784325135
|switch|p2a: Archaludon|Archaludon, L50, M|100/100
|-activate|p2b: Floette|confusion
|-damage|p2b: Floette|45/100|[from] confusion
|move|p1a: Talonflame|Tailwind|p1a: Talonflame
|-sidestart|p1: Kiryu86|move: Tailwind
|move|p1b: Dragonite|Hurricane|p2b: Floette|[miss]
|-miss|p1b: Dragonite|p2b: Floette
|
|upkeep
|turn|3
|
|t:|1784325159
|switch|p2a: Sinistcha|Sinistcha, L50|100/100
|-heal|p2b: Floette|70/100|[from] ability: Hospitality|[of] p2a: Sinistcha
|-activate|p2b: Floette|confusion
|move|p2b: Floette|Protect|p2b: Floette
|-singleturn|p2b: Floette|Protect
|move|p1a: Talonflame|Flare Blitz|p2a: Sinistcha
|-supereffective|p2a: Sinistcha|1
|-damage|p2a: Sinistcha|22/100
|-enditem|p2a: Sinistcha|Sitrus Berry|[eat]
|-heal|p2a: Sinistcha|47/100|[from] item: Sitrus Berry
|-damage|p1a: Talonflame|70/100|[from] Recoil
|move|p1b: Dragonite|Draco Meteor|p2a: Sinistcha
|-damage|p2a: Sinistcha|0 fnt
|-unboost|p1b: Dragonite|spa|2
|faint|p2a: Sinistcha
|
|upkeep
|
|t:|1784325180
|switch|p2a: Sneasler|Sneasler, L50, F|100/100
|turn|4
|
|t:|1784325203
|switch|p1b: Kingambit|Kingambit, L50, M|100/100
|move|p1a: Talonflame|Protect|p1a: Talonflame
|-singleturn|p1a: Talonflame|Protect
|move|p2a: Sneasler|Fake Out|p1b: Kingambit
|-resisted|p1b: Kingambit|1
|-damage|p1b: Kingambit|95/100
|-activate|p2b: Floette|confusion
|move|p2b: Floette|Draining Kiss|p1b: Kingambit
|-damage|p1b: Kingambit|42/100
|-heal|p2b: Floette|100/100|[from] drain|[of] p1b: Kingambit
|
|upkeep
|turn|5
|inactive|gallium1005 has 30 seconds left.
|
|t:|1784325229
|switch|p2a: Archaludon|Archaludon, L50, M|100/100
|move|p1a: Talonflame|Brave Bird|p2a: Archaludon
|-resisted|p2a: Archaludon|1
|-damage|p2a: Archaludon|84/100
|-ability|p2a: Archaludon|Stamina|boost
|-boost|p2a: Archaludon|def|1
|-damage|p1a: Talonflame|63/100|[from] Recoil
|-end|p2b: Floette|confusion
|move|p2b: Floette|Dazzling Gleam|p1b: Kingambit|[spread] p1a,p1b
|-resisted|p1a: Talonflame|1
|-damage|p1a: Talonflame|14/100
|-damage|p1b: Kingambit|0 fnt
|faint|p1b: Kingambit
|
|-heal|p2a: Archaludon|90/100|[from] item: Leftovers
|-sideend|p1: Kiryu86|move: Tailwind
|upkeep
|
|t:|1784325235
|switch|p1b: Tauros|Tauros-Paldea-Aqua, L50, M|100/100
|-ability|p1b: Tauros|Intimidate|boost
|-unboost|p2a: Archaludon|atk|1
|-unboost|p2b: Floette|atk|1
|turn|6
|inactive|gallium1005 has 30 seconds left.
|inactive|Kiryu86 has 30 seconds left.
|inactive|gallium1005 has 20 seconds left.
|
|t:|1784325274
|move|p2b: Floette|Protect|p2b: Floette
|-singleturn|p2b: Floette|Protect
|move|p2a: Archaludon|Protect|p2a: Archaludon
|-singleturn|p2a: Archaludon|Protect
|move|p1b: Tauros|Raging Bull|p2b: Floette
|-activate|p2b: Floette|move: Protect
|move|p1a: Talonflame|Tailwind|p1a: Talonflame
|-sidestart|p1: Kiryu86|move: Tailwind
|
|-heal|p2a: Archaludon|96/100|[from] item: Leftovers
|upkeep
|turn|7
|
|t:|1784325295
|move|p1b: Tauros|Raging Bull|p2b: Floette
|-damage|p2b: Floette|47/100
|move|p1a: Talonflame|Flare Blitz|p2a: Archaludon
|-damage|p2a: Archaludon|75/100
|-ability|p2a: Archaludon|Stamina|boost
|-boost|p2a: Archaludon|def|1
|-damage|p1a: Talonflame|5/100|[from] Recoil
|move|p2b: Floette|Draining Kiss|p1b: Tauros
|-supereffective|p1b: Tauros|1
|-damage|p1b: Tauros|0 fnt
|-heal|p2b: Floette|100/100|[from] drain|[of] p1b: Tauros
|faint|p1b: Tauros
|move|p2a: Archaludon|Dragon Pulse|p1a: Talonflame
|-damage|p1a: Talonflame|0 fnt
|faint|p1a: Talonflame
|
|-heal|p2a: Archaludon|81/100|[from] item: Leftovers
|upkeep
|
|t:|1784325298
|switch|p1b: Dragonite|Dragonite-Mega, L50, F, shiny|100/100
|turn|8
|-message|Kiryu86 forfeited.
|
|win|gallium1005
|raw|Kiryu86's rating: 1214 → 1183(-31 for losing)
|raw|gallium1005's rating: 1133 → 1164(+31 for winning)
|l|☆Kiryu86
|player|p1|
|c|☆gallium1005|gg
