|j|☆vril fur4et
|j|☆ZilverZurfer
|html|vril fur4etZilverZurfer    
|uhtml|bestof|Game 1 of a best-of-3
|t:|1757627985
|gametype|doubles
|player|p1|vril fur4et|li|1149
|player|p2|ZilverZurfer|2|1120
|gen|9
|tier|[Gen 9] VGC 2025 Reg H (Bo3)
|rated|
|rule|Species Clause: Limit one of each Pokémon
|rule|Item Clause: Limit 1 of each item
|clearpoke
|poke|p1|Flamigo, L50, F|
|poke|p1|Gholdengo, L50|
|poke|p1|Incineroar, L50, M|
|poke|p1|Amoonguss, L50, F|
|poke|p1|Ninetales-Alola, L50, F|
|poke|p1|Garchomp, L50, M|
|poke|p2|Torkoal, L50, M|
|poke|p2|Lilligant-Hisui, L50, F|
|poke|p2|Indeedee-F, L50, F|
|poke|p2|Hatterene, L50, F|
|poke|p2|Gallade, L50, M|
|poke|p2|Ursaluna, L50, M|
|teampreview|4
|showteam|p1|Flamigo||ChoiceScarf|Scrappy|CloseCombat,DualWingbeat,BraveBird,Uturn|||F|||50|,,,,,Ghost]Gholdengo||Leftovers|GoodasGold|NastyPlot,ShadowBall,MakeItRain,Protect||||||50|,,,,,Dragon]Incineroar||SitrusBerry|Intimidate|FakeOut,KnockOff,FlareBlitz,PartingShot|||M|||50|,,,,,Grass]Amoonguss||RockyHelmet|Regenerator|Spore,RagePowder,PollenPuff,Protect|||F|||50|,,,,,Water]Ninetales-Alola||ChoiceSpecs|SnowWarning|Blizzard,FreezeDry,Moonblast,IcyWind|||F|||50|,,,,,Ice]Garchomp||LifeOrb|RoughSkin|StompingTantrum,Protect,DragonClaw,SwordsDance|||M|||50|,,,,,Fire
|showteam|p2|Torkoal||ChoiceSpecs|Drought|Eruption,HeatWave,EarthPower,WeatherBall|||M|||50|,,,,,Fire]Lilligant-Hisui||FocusSash|Chlorophyll|Protect,AfterYou,CloseCombat,SolarBlade|||F|||50|,,,,,Ghost]Indeedee-F||PsychicSeed|PsychicSurge|Psychic,HelpingHand,TrickRoom,FollowMe|||F|||50|,,,,,Water]Hatterene||LifeOrb|MagicBounce|Protect,ExpandingForce,DazzlingGleam,TrickRoom|||F|||50|,,,,,Fire]Gallade||ClearAmulet|Sharpness|SacredSword,PsychoCut,TrickRoom,WideGuard|||M|||50|,,,,,Grass]Ursaluna||FlameOrb|Guts|Protect,HeadlongRush,Earthquake,Facade|||M|||50|,,,,,Ghost
|inactive|Battle timer is ON: inactive players will automatically lose when time's up. (requested by ZilverZurfer)
|
|t:|1757628049
|teamsize|p1|4
|teamsize|p2|4
|start
|switch|p1a: Flamigo|Flamigo, L50, F|100/100
|switch|p1b: Garchomp|Garchomp, L50, M|100/100
|switch|p2a: Indeedee|Indeedee-F, L50, F|100/100
|switch|p2b: Gallade|Gallade, L50, M|100/100
|-fieldstart|move: Psychic Terrain|[from] ability: Psychic Surge|[of] p2a: Indeedee
|-enditem|p2a: Indeedee|Psychic Seed
|-boost|p2a: Indeedee|spd|1|[from] item: Psychic Seed
|turn|1
|
|t:|1757628070
|move|p2a: Indeedee|Follow Me|p2a: Indeedee
|-singleturn|p2a: Indeedee|move: Follow Me
|move|p1a: Flamigo|U-turn|p2a: Indeedee
|-supereffective|p2a: Indeedee
|-damage|p2a: Indeedee|54/100
|
|t:|1757628075
|switch|p1a: Incineroar|Incineroar, L50, M|100/100|[from] U-turn
|-ability|p1a: Incineroar|Intimidate|boost
|-unboost|p2a: Indeedee|atk|1
|-fail|p2b: Gallade|unboost|[from] item: Clear Amulet|[of] p2b: Gallade
|move|p1b: Garchomp|Stomping Tantrum|p2a: Indeedee
|-damage|p2a: Indeedee|6/100
|-damage|p1b: Garchomp|91/100|[from] item: Life Orb
|move|p2b: Gallade|Trick Room|p2b: Gallade
|-fieldstart|move: Trick Room|[of] p2b: Gallade
|
|upkeep
|turn|2
|inactive|vril fur4et has 30 seconds left.
|inactive|ZilverZurfer has 30 seconds left.
|inactive|vril fur4et has 20 seconds left.
|inactive|vril fur4et has 15 seconds left.
|
|t:|1757628117
|switch|p1a: Flamigo|Flamigo, L50, F|100/100
|move|p2a: Indeedee|Helping Hand|p2b: Gallade
|-singleturn|p2b: Gallade|Helping Hand|[of] p2a: Indeedee
|move|p2b: Gallade|Sacred Sword|p1a: Flamigo
|-resisted|p1a: Flamigo
|-damage|p1a: Flamigo|23/100
|move|p1b: Garchomp|Stomping Tantrum|p2a: Indeedee
|-damage|p2a: Indeedee|0 fnt
|faint|p2a: Indeedee
|-damage|p1b: Garchomp|81/100|[from] item: Life Orb
|
|upkeep
|
|t:|1757628132
|switch|p2a: Torkoal|Torkoal, L50, M|100/100
|-weather|SunnyDay|[from] ability: Drought|[of] p2a: Torkoal
|turn|3
|
|t:|1757628146
|switch|p1a: Incineroar|Incineroar, L50, M|100/100
|-ability|p1a: Incineroar|Intimidate|boost
|-unboost|p2a: Torkoal|atk|1
|-fail|p2b: Gallade|unboost|[from] item: Clear Amulet|[of] p2b: Gallade
|move|p2a: Torkoal|Eruption|p1b: Garchomp|[spread] p1a,p1b
|-resisted|p1a: Incineroar
|-resisted|p1b: Garchomp
|-damage|p1a: Incineroar|53/100
|-damage|p1b: Garchomp|17/100
|move|p2b: Gallade|Sacred Sword|p1b: Garchomp
|-damage|p1b: Garchomp|0 fnt
|-damage|p2b: Gallade|88/100|[from] ability: Rough Skin|[of] p1b: Garchomp
|faint|p1b: Garchomp
|
|-weather|SunnyDay|[upkeep]
|upkeep
|
|t:|1757628159
|switch|p1b: Ninetales|Ninetales-Alola, L50, F|100/100
|-weather|Snowscape|[from] ability: Snow Warning|[of] p1b: Ninetales
|turn|4
|
|t:|1757628171
|switch|p1b: Flamigo|Flamigo, L50, F|23/100
|move|p2a: Torkoal|Eruption|p1b: Flamigo|[spread] p1a,p1b
|-resisted|p1a: Incineroar
|-crit|p1b: Flamigo
|-damage|p1a: Incineroar|17/100
|-damage|p1b: Flamigo|0 fnt
|-enditem|p1a: Incineroar|Sitrus Berry|[eat]
|-heal|p1a: Incineroar|42/100|[from] item: Sitrus Berry
|faint|p1b: Flamigo
|move|p1a: Incineroar|Knock Off|p2a: Torkoal
|-damage|p2a: Torkoal|73/100
|-enditem|p2a: Torkoal|Choice Specs|[from] move: Knock Off|[of] p1a: Incineroar
|move|p2b: Gallade|Psycho Cut|p1a: Incineroar
|-immune|p1a: Incineroar
|
|-weather|Snowscape|[upkeep]
|upkeep
|
|t:|1757628183
|switch|p1b: Ninetales|Ninetales-Alola, L50, F|100/100
|turn|5
|
|t:|1757628198
|move|p2a: Torkoal|Heat Wave|p1b: Ninetales|[spread] p1a,p1b
|-resisted|p1a: Incineroar
|-supereffective|p1b: Ninetales
|-damage|p1a: Incineroar|28/100
|-damage|p1b: Ninetales|23/100
|move|p1a: Incineroar|Parting Shot|p2a: Torkoal
|-unboost|p2a: Torkoal|atk|1
|-unboost|p2a: Torkoal|spa|1
|move|p2b: Gallade|Psycho Cut|p1b: Ninetales
|-damage|p1b: Ninetales|0 fnt
|faint|p1b: Ninetales
|
|-weather|Snowscape|[upkeep]
|-fieldend|move: Trick Room
|-fieldend|move: Psychic Terrain
|upkeep
|turn|6
|-message|vril fur4et forfeited.
|
|win|ZilverZurfer
||vril fur4et is ready for game 2.
||ZilverZurfer is ready for game 2.
|uhtml|next|Next: Game 2 of 3
