|j|☆Amonio
|j|☆pressinblades
|html|Amoniopressinblades    
|uhtml|bestof|Game 2 of a best-of-3
|t:|1782399050
|gametype|doubles
|player|p1|Amonio|1|1086
|player|p2|pressinblades|steven|1111
|gen|9
|tier|[Gen 9 Champions] VGC 2026 Reg M-B (Bo3)
|rated|
|rule|Species Clause: Limit one of each Pokémon
|rule|Item Clause: Limit 1 of each item
|clearpoke
|poke|p1|Gholdengo, L50|
|poke|p1|Garchomp, L50, F|
|poke|p1|Whimsicott, L50, M|
|poke|p1|Incineroar, L50, F|
|poke|p1|Sylveon, L50, F|
|poke|p1|Staraptor, L50, F|
|poke|p2|Talonflame, L50, F|
|poke|p2|Garchomp, L50, F, shiny|
|poke|p2|Maushold, L50|
|poke|p2|Gardevoir, L50, F, shiny|
|poke|p2|Metagross, L50|
|poke|p2|Torkoal, L50, M|
|teampreview|4
|showteam|p1|Gholdengo||ColburBerry|GoodasGold|MakeItRain,ShadowBall,NastyPlot,Protect|Modest|||||50|]Garchomp||LifeOrb|RoughSkin|Earthquake,RockSlide,DragonClaw,Protect|Jolly||F|||50|]Whimsicott||FocusSash|Prankster|Tailwind,Moonblast,Charm,Protect|Timid||M|||50|]Incineroar||ChopleBerry|Intimidate|FakeOut,FlareBlitz,DarkestLariat,PartingShot|Impish||F|||50|]Sylveon||FairyFeather|Pixilate|HyperVoice,HyperBeam,QuickAttack,Detect|Modest||F|||50|]Staraptor||Staraptite|Intimidate|CloseCombat,BraveBird,Roost,Protect|Jolly||F|||50|
|showteam|p2|Talonflame||LifeOrb|GaleWings|Protect,DualWingbeat,Tailwind,Overheat|Naive||F|||50|]Garchomp||ExpertBelt|RoughSkin|Protect,RockSlide,Earthquake,DragonClaw|Adamant||F|||50|]Maushold||FocusSash|FriendGuard|Protect,SuperFang,PopulationBomb,FollowMe|Adamant|||||50|]Gardevoir||Gardevoirite|Telepathy|Protect,TrickRoom,HyperVoice,Psychic|Modest||F|||50|]Metagross||Metagrossite|ClearBody|Protect,MeteorMash,PsychicFangs,BulletPunch|Adamant|||||50|]Torkoal||Charcoal|Drought|Protect,Overheat,HeatWave,EarthPower|Quiet||M|||50|
|inactive|Battle timer is ON: inactive players will automatically lose when time's up. (requested by Amonio)
|inactive|Amonio has 60 seconds left.
|inactive|pressinblades has 60 seconds left.
|
|t:|1782399118
|teamsize|p1|4
|teamsize|p2|4
|start
|switch|p1a: Gholdengo|Gholdengo, L50|100/100
|switch|p1b: Whimsicott|Whimsicott, L50, M|100/100
|switch|p2a: Maushold|Maushold, L50|100/100
|switch|p2b: Gardevoir|Gardevoir, L50, F, shiny|100/100
|turn|1
|inactive|pressinblades has 30 seconds left.
|
|t:|1782399149
|switch|p2b: Garchomp|Garchomp, L50, F, shiny|100/100
|move|p1b: Whimsicott|Tailwind|p1b: Whimsicott
|-sidestart|p1: Amonio|move: Tailwind
|move|p1a: Gholdengo|Nasty Plot|p1a: Gholdengo
|-boost|p1a: Gholdengo|spa|2
|move|p2a: Maushold|Population Bomb|p1b: Whimsicott
|-damage|p1b: Whimsicott|88/100
|-damage|p1b: Whimsicott|79/100
|-damage|p1b: Whimsicott|69/100
|-damage|p1b: Whimsicott|60/100
|-damage|p1b: Whimsicott|48/100
|-damage|p1b: Whimsicott|39/100
|-damage|p1b: Whimsicott|29/100
|-damage|p1b: Whimsicott|18/100
|-damage|p1b: Whimsicott|8/100
|-damage|p1b: Whimsicott|0 fnt
|faint|p1b: Whimsicott
|-hitcount|p1: Whimsicott|10
|
|upkeep
|
|t:|1782399170
|switch|p1b: Staraptor|Staraptor, L50, F|100/100
|-ability|p1b: Staraptor|Intimidate|boost
|-unboost|p2a: Maushold|atk|1
|-unboost|p2b: Garchomp|atk|1
|turn|2
|inactive|pressinblades has 30 seconds left.
|inactive|pressinblades has 20 seconds left.
|
|t:|1782399205
|detailschange|p1b: Staraptor|Staraptor-Mega, L50, F
|-mega|p1b: Staraptor|Staraptor|Staraptite
|move|p2b: Garchomp|Protect|p2b: Garchomp
|-singleturn|p2b: Garchomp|Protect
|move|p2a: Maushold|Follow Me|p2a: Maushold
|-singleturn|p2a: Maushold|move: Follow Me
|move|p1b: Staraptor|Close Combat|p2a: Maushold
|-supereffective|p2a: Maushold|1
|-enditem|p2a: Maushold|Focus Sash
|-damage|p2a: Maushold|1/100
|-boost|p1b: Staraptor|def|1
|-boost|p1b: Staraptor|spd|1
|move|p1a: Gholdengo|Make It Rain|p2b: Garchomp|[spread] p2a
|-activate|p2b: Garchomp|move: Protect
|-damage|p2a: Maushold|0 fnt
|-unboost|p1a: Gholdengo|spa|2
|faint|p2a: Maushold
|
|upkeep
|
|t:|1782399222
|switch|p2a: Talonflame|Talonflame, L50, F|100/100
|turn|3
|
|t:|1782399233
|switch|p1a: Garchomp|Garchomp, L50, F|100/100
|move|p2a: Talonflame|Tailwind|p2a: Talonflame
|-sidestart|p2: pressinblades|move: Tailwind
|move|p1b: Staraptor|Close Combat|p2b: Garchomp
|-damage|p2b: Garchomp|44/100
|-boost|p1b: Staraptor|def|1
|-boost|p1b: Staraptor|spd|1
|-damage|p1b: Staraptor|87/100|[from] ability: Rough Skin|[of] p2b: Garchomp
|move|p2b: Garchomp|Rock Slide|p1a: Garchomp|[spread] p1a,p1b
|-resisted|p1a: Garchomp|1
|-damage|p1a: Garchomp|92/100
|-damage|p1b: Staraptor|81/100
|
|upkeep
|turn|4
|inactive|pressinblades has 30 seconds left.
|inactive|pressinblades has 20 seconds left.
|
|t:|1782399273
|move|p2a: Talonflame|Protect|p2a: Talonflame
|-singleturn|p2a: Talonflame|Protect
|move|p2b: Garchomp|Protect|p2b: Garchomp
|-singleturn|p2b: Garchomp|Protect
|move|p1b: Staraptor|Close Combat|p2a: Talonflame
|-activate|p2a: Talonflame|move: Protect
|move|p1a: Garchomp|Dragon Claw|p2b: Garchomp
|-activate|p2b: Garchomp|move: Protect
|
|-sideend|p1: Amonio|move: Tailwind
|upkeep
|turn|5
|inactive|pressinblades has 30 seconds left.
|
|t:|1782399301
|move|p1a: Garchomp|Protect|p1a: Garchomp
|-singleturn|p1a: Garchomp|Protect
|move|p2a: Talonflame|Dual Wingbeat|p1b: Staraptor
|-supereffective|p1b: Staraptor|1
|-damage|p1b: Staraptor|65/100
|-supereffective|p1b: Staraptor|1
|-damage|p1b: Staraptor|47/100
|-hitcount|p1b: Staraptor|2
|-damage|p2a: Talonflame|90/100|[from] item: Life Orb
|move|p2b: Garchomp|Dragon Claw|p1a: Garchomp
|-activate|p1a: Garchomp|move: Protect
|move|p1b: Staraptor|Close Combat|p2a: Talonflame
|-resisted|p2a: Talonflame|1
|-damage|p2a: Talonflame|45/100
|-boost|p1b: Staraptor|def|1
|-boost|p1b: Staraptor|spd|1
|
|upkeep
|turn|6
|inactive|Amonio has 30 seconds left.
|inactive|pressinblades has 30 seconds left.
|inactive|Amonio has 20 seconds left.
|inactive|pressinblades has 20 seconds left.
|inactive|Amonio has 15 seconds left.
|inactive|Amonio has 10 seconds left.
|inactive|Amonio has 5 seconds left.
|
|t:|1782399354
|switch|p2b: Gardevoir|Gardevoir, L50, F, shiny|100/100
|switch|p1a: Gholdengo|Gholdengo, L50|100/100
|move|p2a: Talonflame|Protect|p2a: Talonflame
|-singleturn|p2a: Talonflame|Protect
|move|p1b: Staraptor|Close Combat|p2b: Gardevoir
|-resisted|p2b: Gardevoir|2
|-damage|p2b: Gardevoir|83/100
|-boost|p1b: Staraptor|def|1
|-boost|p1b: Staraptor|spd|1
|
|-sideend|p2: pressinblades|move: Tailwind
|upkeep
|turn|7
|inactive|pressinblades has 30 seconds left.
|
|t:|1782399380
|detailschange|p2b: Gardevoir|Gardevoir-Mega, L50, F, shiny
|-mega|p2b: Gardevoir|Gardevoir|Gardevoirite
|move|p2a: Talonflame|Overheat|p1a: Gholdengo
|-supereffective|p1a: Gholdengo|1
|-damage|p1a: Gholdengo|2/100
|-unboost|p2a: Talonflame|spa|2
|-damage|p2a: Talonflame|35/100|[from] item: Life Orb
|move|p1b: Staraptor|Close Combat|p2a: Talonflame
|-resisted|p2a: Talonflame|1
|-damage|p2a: Talonflame|0 fnt
|-boost|p1b: Staraptor|def|1
|-boost|p1b: Staraptor|spd|1
|faint|p2a: Talonflame
|move|p1a: Gholdengo|Make It Rain|p2b: Gardevoir|[miss]
|-miss|p1a: Gholdengo|p2b: Gardevoir
|move|p2b: Gardevoir|Trick Room|p2b: Gardevoir
|-fieldstart|move: Trick Room|[of] p2b: Gardevoir
|
|upkeep
|c|☆pressinblades|i mean okay
|c|☆pressinblades|wow
|c|☆pressinblades|they nerfed my boy so hard man
|
|t:|1782399403
|switch|p2a: Garchomp|Garchomp, L50, F, shiny|44/100
|turn|8
|
|t:|1782399414
|move|p1a: Gholdengo|Make It Rain|p2a: Garchomp|[spread] p2a,p2b
|-supereffective|p2b: Gardevoir|1
|-damage|p2a: Garchomp|0 fnt
|-damage|p2b: Gardevoir|4/100
|-unboost|p1a: Gholdengo|spa|2
|faint|p2a: Garchomp
|move|p2b: Gardevoir|Hyper Voice|p1a: Gholdengo|[spread] p1a,p1b
|-resisted|p1a: Gholdengo|1
|-supereffective|p1b: Staraptor|1
|-damage|p1a: Gholdengo|0 fnt
|-damage|p1b: Staraptor|18/100
|faint|p1a: Gholdengo
|move|p1b: Staraptor|Close Combat|p2b: Gardevoir
|-resisted|p2b: Gardevoir|2
|-damage|p2b: Gardevoir|0 fnt
|-boost|p1b: Staraptor|def|1
|-boost|p1b: Staraptor|spd|1
|faint|p2b: Gardevoir
|
|win|Amonio
||pressinblades is ready for game 3.
|inactive|Amonio has 30 seconds to confirm battle start!
