|j|☆snailboss
|j|☆natcentre
|html|snailbossnatcentre    
|uhtml|bestof|Game 2 of a best-of-3
|t:|1756413275
|gametype|doubles
|player|p1|snailboss|hilda-wonderlauncher|1224
|player|p2|natcentre|2|1321
|gen|9
|tier|[Gen 9] VGC 2025 Reg H (Bo3)
|rated|
|rule|Species Clause: Limit one of each Pokémon
|rule|Item Clause: Limit 1 of each item
|clearpoke
|poke|p1|Kingambit, L50, M|
|poke|p1|Rillaboom, L50, M|
|poke|p1|Volcarona, L50, M|
|poke|p1|Tauros-Paldea-Aqua, L50, M|
|poke|p1|Electabuzz, L50, F|
|poke|p1|Ninetales-Alola, L50, M|
|poke|p2|Palafin, L50, M|
|poke|p2|Rillaboom, L50, F|
|poke|p2|Volcarona, L50, M|
|poke|p2|Dragapult, L50, F|
|poke|p2|Sneasler, L50, M|
|poke|p2|Kingambit, L50, M|
|teampreview|4
|showteam|p1|Kingambit||BlackGlasses|Defiant|SuckerPunch,KowtowCleave,SwordsDance,Protect|||M|||50|,,,,,Ghost]Rillaboom||AssaultVest|GrassySurge|FakeOut,GrassyGlide,WoodHammer,HighHorsepower|||M|||50|,,,,,Fire]Volcarona||CovertCloak|FlameBody|QuiverDance,HeatWave,GigaDrain,Protect|||M|||50|,,,,,Grass]Tauros-Paldea-Aqua||GrassySeed|Intimidate|WaveCrash,BodyPress,Protect,AquaJet|||M|||50|,,,,,Fire]Electabuzz||Eviolite|VitalSpirit|HelpingHand,Thunderbolt,Protect,FollowMe|||F|||50|,,,,,Fairy]Ninetales-Alola||FocusSash|SnowWarning|Protect,Encore,FreezeDry,Disable|||M|||50|,,,,,Ghost
|showteam|p2|Palafin||MysticWater|ZerotoHero|Protect,WaveCrash,JetPunch,Haze|||M|||50|,,,,,Grass]Rillaboom||AssaultVest|GrassySurge|WoodHammer,Uturn,GrassyGlide,FakeOut|||F|||50|,,,,,Fire]Volcarona||SitrusBerry|FlameBody|Protect,HeatWave,Overheat,Tailwind|||M|||50|,,,,,Fairy]Dragapult||ChoiceSpecs|ClearBody|DracoMeteor,DragonPulse,ShadowBall,TeraBlast|||F|||50|,,,,,Fairy]Sneasler||FocusSash|Unburden|Protect,FakeOut,DireClaw,CloseCombat|||M|||50|,,,,,Stellar]Kingambit||SafetyGoggles|Defiant|Protect,KowtowCleave,SuckerPunch,SwordsDance|||M|||50|,,,,,Ghost
|
|t:|1756413300
|teamsize|p1|4
|teamsize|p2|4
|start
|switch|p1a: Kingambit|Kingambit, L50, M|100/100
|switch|p1b: Electabuzz|Electabuzz, L50, F|100/100
|switch|p2a: Palafin|Palafin, L50, M|100/100
|switch|p2b: Volcarona|Volcarona, L50, M|100/100
|turn|1
|
|t:|1756413319
|detailschange|p2a: Palafin|Palafin-Hero, L50, M
|switch|p2a: Rillaboom|Rillaboom, L50, F|100/100
|-fieldstart|move: Grassy Terrain|[from] ability: Grassy Surge|[of] p2a: Rillaboom
|-terastallize|p1a: Kingambit|Ghost
|move|p1b: Electabuzz|Thunderbolt|p2a: Rillaboom
|-resisted|p2a: Rillaboom
|-damage|p2a: Rillaboom|89/100
|move|p2b: Volcarona|Heat Wave|p1a: Kingambit|[spread] p1a,p1b
|-damage|p1a: Kingambit|67/100
|-damage|p1b: Electabuzz|73/100
|move|p1a: Kingambit|Swords Dance|p1a: Kingambit
|-boost|p1a: Kingambit|atk|2
|
|-heal|p1b: Electabuzz|79/100|[from] Grassy Terrain
|-heal|p2a: Rillaboom|95/100|[from] Grassy Terrain
|-heal|p1a: Kingambit|73/100|[from] Grassy Terrain
|upkeep
|turn|2
|
|t:|1756413337
|-terastallize|p2b: Volcarona|Fairy
|move|p1b: Electabuzz|Helping Hand|p1a: Kingambit
|-singleturn|p1a: Kingambit|Helping Hand|[of] p1b: Electabuzz
|move|p2b: Volcarona|Heat Wave|p1a: Kingambit|[spread] p1a,p1b
|-damage|p1a: Kingambit|42/100
|-damage|p1b: Electabuzz|51/100
|move|p2a: Rillaboom|Wood Hammer|p1a: Kingambit
|-damage|p1a: Kingambit|0 fnt
|faint|p1a: Kingambit
|-damage|p2a: Rillaboom|82/100|[from] Recoil
|
|-heal|p1b: Electabuzz|57/100|[from] Grassy Terrain
|-heal|p2a: Rillaboom|88/100|[from] Grassy Terrain
|upkeep
|
|t:|1756413348
|switch|p1a: Volcarona|Volcarona, L50, M|100/100
|turn|3
|
|t:|1756413369
|move|p1b: Electabuzz|Follow Me|p1b: Electabuzz
|-singleturn|p1b: Electabuzz|move: Follow Me
|move|p1a: Volcarona|Quiver Dance|p1a: Volcarona
|-boost|p1a: Volcarona|spa|1
|-boost|p1a: Volcarona|spd|1
|-boost|p1a: Volcarona|spe|1
|move|p2b: Volcarona|Tailwind|p2b: Volcarona
|-sidestart|p2: natcentre|move: Tailwind
|move|p2a: Rillaboom|Wood Hammer|p1b: Electabuzz
|-damage|p1b: Electabuzz|0 fnt
|faint|p1b: Electabuzz
|-damage|p2a: Rillaboom|73/100|[from] Recoil
|
|-heal|p2a: Rillaboom|79/100|[from] Grassy Terrain
|upkeep
|
|t:|1756413378
|switch|p1b: Rillaboom|Rillaboom, L50, M|100/100
|turn|4
|
|t:|1756413389
|move|p1b: Rillaboom|Fake Out|p2b: Volcarona
|-damage|p2b: Volcarona|84/100
|cant|p2b: Volcarona|flinch
|move|p2a: Rillaboom|U-turn|p1b: Rillaboom
|-supereffective|p1b: Rillaboom
|-damage|p1b: Rillaboom|58/100
|
|t:|1756413392
|switch|p2a: Palafin|Palafin-Hero, L50, M|100/100|[from] U-turn
|-activate|p2a: Palafin|ability: Zero to Hero
|move|p1a: Volcarona|Quiver Dance|p1a: Volcarona
|-boost|p1a: Volcarona|spa|1
|-boost|p1a: Volcarona|spd|1
|-boost|p1a: Volcarona|spe|1
|
|-heal|p2b: Volcarona|90/100|[from] Grassy Terrain
|-heal|p1b: Rillaboom|64/100|[from] Grassy Terrain
|upkeep
|turn|5
|
|t:|1756413407
|move|p1a: Volcarona|Protect|p1a: Volcarona
|-singleturn|p1a: Volcarona|Protect
|move|p2a: Palafin|Jet Punch|p1a: Volcarona
|-activate|p1a: Volcarona|move: Protect
|move|p2b: Volcarona|Heat Wave|p1a: Volcarona|[spread] p1b
|-activate|p1a: Volcarona|move: Protect
|-supereffective|p1b: Rillaboom
|-damage|p1b: Rillaboom|8/100
|move|p1b: Rillaboom|Wood Hammer|p2b: Volcarona
|-damage|p2b: Volcarona|0 fnt
|faint|p2b: Volcarona
|-damage|p1b: Rillaboom|0 fnt|[from] Recoil
|faint|p1b: Rillaboom
|
|-fieldend|move: Grassy Terrain
|upkeep
|inactive|Battle timer is ON: inactive players will automatically lose when time's up. (requested by snailboss)
|
|t:|1756413473
|switch|p2b: Sneasler|Sneasler, L50, M|100/100
|turn|6
|
|t:|1756413481
|move|p2a: Palafin|Jet Punch|p1a: Volcarona
|-supereffective|p1a: Volcarona
|-damage|p1a: Volcarona|0 fnt
|faint|p1a: Volcarona
|
|win|natcentre
|raw|snailboss's rating: 1224 → 1206(-18 for losing)
|raw|natcentre's rating: 1321 → 1336(+15 for winning)
