|j|☆circleofsock
|j|☆ortainee
|html|circleofsockortainee    
|uhtml|bestof|Game 1 of a best-of-3
|t:|1757662237
|gametype|doubles
|player|p1|circleofsock|169|1487
|player|p2|ortainee|grimsley-gen7|1306
|gen|9
|tier|[Gen 9] VGC 2025 Reg H (Bo3)
|rated|
|rule|Species Clause: Limit one of each Pokémon
|rule|Item Clause: Limit 1 of each item
|clearpoke
|poke|p1|Dragonite, L50, M|
|poke|p1|Gholdengo, L50|
|poke|p1|Ursaluna-Bloodmoon, L50, M|
|poke|p1|Annihilape, L50, M|
|poke|p1|Maushold-Four, L50|
|poke|p1|Rillaboom, L50, F|
|poke|p2|Dragonite, L50, M|
|poke|p2|Gholdengo, L50|
|poke|p2|Rillaboom, L50, M|
|poke|p2|Ursaluna-Bloodmoon, L50, M|
|poke|p2|Maushold-Four, L50|
|poke|p2|Annihilape, L50, F|
|teampreview|4
|showteam|p1|Dragonite||LoadedDice|Multiscale|ScaleShot,Tailwind,Haze,Protect|||M|||50|,,,,,Fairy]Gholdengo||LifeOrb|GoodasGold|MakeItRain,ShadowBall,NastyPlot,Protect||||||50|,,,,,Water]Ursaluna-Bloodmoon||AssaultVest|MindsEye|BloodMoon,EarthPower,HyperVoice,VacuumWave|||M|||50|,,,,,Water]Annihilape||SitrusBerry|Defiant|DrainPunch,RageFist,BulkUp,Protect|||M|||50|,,,,,Fire]Maushold-Four||FocusSash|FriendGuard|SuperFang,BeatUp,FollowMe,Protect||||||50|,,,,,Ghost]Rillaboom||MiracleSeed|GrassySurge|WoodHammer,GrassyGlide,HighHorsepower,FakeOut|||F|||50|,,,,,Fire
|showteam|p2|Dragonite||LoadedDice|Multiscale|Tailwind,Haze,Protect,ScaleShot|||M|||50|,,,,,Fairy]Gholdengo||LifeOrb|GoodasGold|MakeItRain,ShadowBall,NastyPlot,Protect||||||50|,,,,,Water]Rillaboom||MiracleSeed|GrassySurge|WoodHammer,GrassyGlide,FakeOut,HighHorsepower|||M|||50|,,,,,Fire]Ursaluna-Bloodmoon||AssaultVest|MindsEye|BloodMoon,EarthPower,HyperVoice,VacuumWave|||M|||50|,,,,,Water]Maushold-Four||FocusSash|FriendGuard|SuperFang,FollowMe,BeatUp,Protect||||||50|,,,,,Ghost]Annihilape||SitrusBerry|Defiant|RageFist,DrainPunch,BulkUp,Protect|||F|||50|,,,,,Fire
|inactive|Battle timer is ON: inactive players will automatically lose when time's up. (requested by ortainee)
|c|☆circleofsock|Oh lol
|inactive|circleofsock has 60 seconds left.
|inactive|ortainee has 60 seconds left.
|
|t:|1757662294
|teamsize|p1|4
|teamsize|p2|4
|start
|switch|p1a: Dragonite|Dragonite, L50, M|100/100
|switch|p1b: Ursaluna|Ursaluna-Bloodmoon, L50, M|100/100
|switch|p2a: Gholdengo|Gholdengo, L50|100/100
|switch|p2b: Maushold|Maushold-Four, L50|100/100
|turn|1
|
|t:|1757662318
|move|p2a: Gholdengo|Protect|p2a: Gholdengo
|-singleturn|p2a: Gholdengo|Protect
|move|p1a: Dragonite|Protect|p1a: Dragonite
|-singleturn|p1a: Dragonite|Protect
|move|p2b: Maushold|Super Fang|p1a: Dragonite
|-activate|p1a: Dragonite|move: Protect
|move|p1b: Ursaluna|Blood Moon|p2b: Maushold
|-enditem|p2b: Maushold|Focus Sash
|-damage|p2b: Maushold|1/100
|
|upkeep
|turn|2
|inactive|circleofsock has 30 seconds left.
|inactive|ortainee has 30 seconds left.
|
|t:|1757662344
|-terastallize|p2a: Gholdengo|Water
|move|p2b: Maushold|Protect|p2b: Maushold
|-singleturn|p2b: Maushold|Protect
|move|p1b: Ursaluna|Vacuum Wave|p2b: Maushold
|-activate|p2b: Maushold|move: Protect
|move|p2a: Gholdengo|Shadow Ball|p1a: Dragonite
|-damage|p1a: Dragonite|72/100
|-damage|p2a: Gholdengo|91/100|[from] item: Life Orb
|move|p1a: Dragonite|Tailwind|p1a: Dragonite
|-sidestart|p1: circleofsock|move: Tailwind
|
|upkeep
|turn|3
|inactive|circleofsock has 30 seconds left.
|
|t:|1757662374
|switch|p2b: Annihilape|Annihilape, L50, F|100/100
|move|p2a: Gholdengo|Protect|p2a: Gholdengo
|-singleturn|p2a: Gholdengo|Protect
|move|p1a: Dragonite|Scale Shot|p2b: Annihilape
|-damage|p2b: Annihilape|84/100
|-damage|p2b: Annihilape|70/100
|-damage|p2b: Annihilape|53/100
|-damage|p2b: Annihilape|38/100
|-enditem|p2b: Annihilape|Sitrus Berry|[eat]
|-heal|p2b: Annihilape|63/100|[from] item: Sitrus Berry
|-damage|p2b: Annihilape|47/100
|-hitcount|p2b: Annihilape|5
|-unboost|p1a: Dragonite|def|1
|-boost|p1a: Dragonite|spe|1
|move|p1b: Ursaluna|Blood Moon|p2b: Annihilape
|-damage|p2b: Annihilape|0 fnt
|faint|p2b: Annihilape
|
|upkeep
|
|t:|1757662388
|switch|p2b: Dragonite|Dragonite, L50, M|100/100
|turn|4
|
|t:|1757662409
|-terastallize|p1b: Ursaluna|Water
|move|p2b: Dragonite|Protect|p2b: Dragonite
|-singleturn|p2b: Dragonite|Protect
|move|p1a: Dragonite|Scale Shot|p2b: Dragonite
|-activate|p2b: Dragonite|move: Protect
|move|p1b: Ursaluna|Earth Power|p2a: Gholdengo
|-damage|p2a: Gholdengo|35/100
|move|p2a: Gholdengo|Shadow Ball|p1a: Dragonite
|-damage|p1a: Dragonite|18/100
|-unboost|p1a: Dragonite|spd|1
|-damage|p2a: Gholdengo|25/100|[from] item: Life Orb
|
|upkeep
|turn|5
|
|t:|1757662427
|switch|p2a: Maushold|Maushold-Four, L50|1/100
|move|p1a: Dragonite|Scale Shot|p2b: Dragonite|[miss]
|-miss|p1a: Dragonite|p2b: Dragonite
|move|p1b: Ursaluna|Hyper Voice|p2a: Maushold|[spread] p2a,p2b
|-damage|p2a: Maushold|0 fnt
|-damage|p2b: Dragonite|87/100
|faint|p2a: Maushold
|move|p2b: Dragonite|Scale Shot|p1a: Dragonite
|-supereffective|p1a: Dragonite
|-damage|p1a: Dragonite|0 fnt
|faint|p1a: Dragonite
|-hitcount|p1: Dragonite|1
|-unboost|p2b: Dragonite|def|1
|-boost|p2b: Dragonite|spe|1
|
|-sideend|p1: circleofsock|move: Tailwind
|upkeep
|c|☆circleofsock|f
|
|t:|1757662440
|switch|p2a: Gholdengo|Gholdengo, L50, tera:Water|25/100
|switch|p1a: Rillaboom|Rillaboom, L50, F|100/100
|-fieldstart|move: Grassy Terrain|[from] ability: Grassy Surge|[of] p1a: Rillaboom
|turn|6
|
|t:|1757662455
|move|p1a: Rillaboom|Fake Out|p2b: Dragonite
|-damage|p2b: Dragonite|63/100
|cant|p2b: Dragonite|flinch
|move|p2a: Gholdengo|Make It Rain|p1a: Rillaboom|[spread] p1a,p1b
|-resisted|p1b: Ursaluna
|-damage|p1a: Rillaboom|35/100
|-damage|p1b: Ursaluna|84/100
|-unboost|p2a: Gholdengo|spa|1
|-damage|p2a: Gholdengo|16/100|[from] item: Life Orb
|move|p1b: Ursaluna|Hyper Voice|p2b: Dragonite|[spread] p2a,p2b
|-damage|p2a: Gholdengo|0 fnt
|-damage|p2b: Dragonite|27/100
|faint|p2a: Gholdengo
|
|-heal|p1a: Rillaboom|41/100|[from] Grassy Terrain
|-heal|p1b: Ursaluna|89/100|[from] Grassy Terrain
|upkeep
|turn|7
|-message|ortainee forfeited.
|
|win|circleofsock
||ortainee is ready for game 2.
||circleofsock is ready for game 2.
|uhtml|next|Next: Game 2 of 3
|l|☆ortainee
|player|p2|
