|j|☆prosta1
|j|☆bowserx19
|html|prosta1bowserx19    
|uhtml|bestof|Game 1 of a best-of-3
|t:|1784659702
|gametype|doubles
|player|p1|prosta1|266|1092
|player|p2|bowserx19|miku-ground|1169
|gen|9
|tier|[Gen 9 Champions] VGC 2026 Reg M-B (Bo3)
|rated|
|rule|Species Clause: Limit one of each Pokémon
|rule|Item Clause: Limit 1 of each item
|clearpoke
|poke|p1|Gengar, L50, M|
|poke|p1|Swampert, L50, F|
|poke|p1|Incineroar, L50, F|
|poke|p1|Politoed, L50, F|
|poke|p1|Archaludon, L50, F|
|poke|p1|Vivillon, L50, F|
|poke|p2|Meowstic, L50, M|
|poke|p2|Alakazam, L50, M|
|poke|p2|Lucario, L50, M|
|poke|p2|Annihilape, L50, F, shiny|
|poke|p2|Gholdengo, L50|
|poke|p2|Pelipper, L50, F|
|teampreview|4
|showteam|p1|Gengar||Gengarite|CursedBody|ShadowBall,SludgeBomb,PerishSong,Protect|Timid||M|||50|]Swampert||Swampertite|Damp|WaveCrash,Earthquake,IcePunch,Protect|Adamant||F|||50|]Incineroar||PasshoBerry|Intimidate|ThroatChop,PartingShot,FakeOut,Protect|Careful||F|||50|]Politoed||SitrusBerry|Drizzle|WeatherBall,PerishSong,Encore,Protect|Calm||F|||50|]Archaludon||Leftovers|Stamina|DragonPulse,FlashCannon,ElectroShot,Protect|Modest||F|||50|]Vivillon||FocusSash|CompoundEyes|Hurricane,SleepPowder,RagePowder,Protect|Timid||F|||50|
|showteam|p2|Meowstic||FocusSash|Prankster|ExpandingForce,PsychicTerrain,LightScreen,Protect|Timid||M|||50|]Alakazam||Alakazite|MagicGuard|ExpandingForce,ShadowBall,DazzlingGleam,Protect|Timid||M|||50|]Lucario||Lucarionite|InnerFocus|AuraSphere,FlashCannon,VacuumWave,Detect|Timid||M|||50|]Annihilape||Leftovers|Defiant|BulkUp,DrainPunch,RageFist,Protect|Adamant||F|||50|]Gholdengo||ChoiceScarf|GoodasGold|MakeItRain,ShadowBall,Thunderbolt,PowerGem|Timid|||||50|]Pelipper||LifeOrb|Drizzle|Tailwind,WeatherBall,Hurricane,WideGuard|Modest||F|||50|
|inactive|Battle timer is ON: inactive players will automatically lose when time's up. (requested by bowserx19)
|inactive|bowserx19 has 60 seconds left.
|
|t:|1784659745
|teamsize|p1|4
|teamsize|p2|4
|start
|switch|p1a: Politoed|Politoed, L50, F|100/100
|switch|p1b: Archaludon|Archaludon, L50, F|100/100
|switch|p2a: Moneybag|Gholdengo, L50|100/100
|switch|p2b: Fury|Annihilape, L50, F, shiny|100/100
|-weather|RainDance|[from] ability: Drizzle|[of] p1a: Politoed
|turn|1
|inactive|prosta1 has 30 seconds left.
|inactive|prosta1 has 20 seconds left.
|inactive|prosta1 has 15 seconds left.
|
|t:|1784659787
|switch|p1a: Swampert|Swampert, L50, F|100/100
|move|p2a: Moneybag|Shadow Ball|p1a: Swampert
|-damage|p1a: Swampert|63/100
|move|p2b: Fury|Drain Punch|p1a: Swampert
|-damage|p1a: Swampert|28/100
|move|p1b: Archaludon|Electro Shot||[still]
|-prepare|p1b: Archaludon|Electro Shot
|-boost|p1b: Archaludon|spa|1
|-anim|p1b: Archaludon|Electro Shot|p2b: Fury
|-damage|p2b: Fury|30/100
|
|-weather|RainDance|[upkeep]
|-heal|p2b: Fury|36/100|[from] item: Leftovers
|upkeep
|turn|2
|
|t:|1784659808
|switch|p1b: Vivillon|Vivillon, L50, F|100/100
|detailschange|p1a: Swampert|Swampert-Mega, L50, F
|-mega|p1a: Swampert|Swampert|Swampertite
|move|p2a: Moneybag|Shadow Ball|p1a: Swampert
|-damage|p1a: Swampert|0 fnt
|faint|p1a: Swampert
|move|p2b: Fury|Drain Punch|p1b: Vivillon
|-resisted|p1b: Vivillon|2
|-damage|p1b: Vivillon|80/100
|-heal|p2b: Fury|43/100|[from] drain|[of] p1b: Vivillon
|
|-weather|RainDance|[upkeep]
|-heal|p2b: Fury|49/100|[from] item: Leftovers
|upkeep
|
|t:|1784659821
|switch|p1a: Archaludon|Archaludon, L50, F|100/100
|turn|3
|
|t:|1784659843
|move|p1b: Vivillon|Rage Powder|p1b: Vivillon
|-singleturn|p1b: Vivillon|move: Rage Powder
|move|p2a: Moneybag|Shadow Ball|p1b: Vivillon
|-damage|p1b: Vivillon|3/100
|move|p2b: Fury|Drain Punch|p1b: Vivillon
|-resisted|p1b: Vivillon|2
|-damage|p1b: Vivillon|0 fnt
|-heal|p2b: Fury|51/100|[from] drain|[of] p1b: Vivillon
|faint|p1b: Vivillon
|move|p1a: Archaludon|Electro Shot||[still]
|-prepare|p1a: Archaludon|Electro Shot
|-boost|p1a: Archaludon|spa|1
|-anim|p1a: Archaludon|Electro Shot|p2b: Fury
|-damage|p2b: Fury|0 fnt
|faint|p2b: Fury
|
|-weather|RainDance|[upkeep]
|upkeep
|
|t:|1784659858
|switch|p1b: Politoed|Politoed, L50, F|100/100
|switch|p2b: Mewer|Meowstic, L50, M|100/100
|turn|4
|
|t:|1784659873
|move|p2b: Mewer|Light Screen|p2b: Mewer
|-sidestart|p2: bowserx19|move: Light Screen
|move|p2a: Moneybag|Shadow Ball|p1a: Archaludon
|-damage|p1a: Archaludon|49/100
|-ability|p1a: Archaludon|Stamina|boost
|-boost|p1a: Archaludon|def|1
|move|p1a: Archaludon|Electro Shot||[still]
|-prepare|p1a: Archaludon|Electro Shot
|-boost|p1a: Archaludon|spa|1
|-anim|p1a: Archaludon|Electro Shot|p2a: Moneybag
|-damage|p2a: Moneybag|26/100
|move|p1b: Politoed|Weather Ball|p2a: Moneybag
|-damage|p2a: Moneybag|0 fnt
|faint|p2a: Moneybag
|
|-weather|RainDance|[upkeep]
|-heal|p1a: Archaludon|55/100|[from] item: Leftovers
|upkeep
|
|t:|1784659885
|switch|p2a: Alakadabra|Alakazam, L50, M|100/100
|turn|5
|
|t:|1784659902
|detailschange|p2a: Alakadabra|Alakazam-Mega, L50, M
|-mega|p2a: Alakadabra|Alakazam|Alakazite
|-ability|p2a: Alakadabra|Drizzle|Trace|[from] ability: Trace|[of] p1b: Politoed
|move|p2b: Mewer|Psychic Terrain|p2b: Mewer
|-fieldstart|move: Psychic Terrain
|move|p2a: Alakadabra|Expanding Force|p1b: Politoed|[spread] p1a,p1b
|-resisted|p1a: Archaludon|1
|-damage|p1a: Archaludon|2/100
|-damage|p1b: Politoed|49/100
|-ability|p1a: Archaludon|Stamina|boost
|-boost|p1a: Archaludon|def|1
|-enditem|p1b: Politoed|Sitrus Berry|[eat]
|-heal|p1b: Politoed|74/100|[from] item: Sitrus Berry
|move|p1a: Archaludon|Electro Shot||[still]
|-prepare|p1a: Archaludon|Electro Shot
|-boost|p1a: Archaludon|spa|1
|-anim|p1a: Archaludon|Electro Shot|p2a: Alakadabra
|-damage|p2a: Alakadabra|0 fnt
|faint|p2a: Alakadabra
|move|p1b: Politoed|Weather Ball|p2b: Mewer
|-damage|p2b: Mewer|52/100
|
|-weather|none
|-heal|p1a: Archaludon|8/100|[from] item: Leftovers
|upkeep
|turn|6
|inactive|prosta1 has 30 seconds left.
|inactive|prosta1 has 20 seconds left.
|
|t:|1784659940
|move|p1a: Archaludon|Protect|p1a: Archaludon
|-singleturn|p1a: Archaludon|Protect
|move|p2b: Mewer|Expanding Force|p1b: Politoed|[spread] p1b
|-activate|p1a: Archaludon|move: Protect
|-damage|p1b: Politoed|44/100
|move|p1b: Politoed|Weather Ball|p2b: Mewer
|-damage|p2b: Mewer|41/100
|
|-heal|p1a: Archaludon|14/100|[from] item: Leftovers
|upkeep
|turn|7
|inactive|prosta1 has 30 seconds left.
|
|t:|1784659968
|move|p1a: Archaludon|Protect||[still]
|-fail|p1a: Archaludon
|move|p2b: Mewer|Expanding Force|p1b: Politoed|[spread] p1a,p1b
|-resisted|p1a: Archaludon|1
|-damage|p1a: Archaludon|0 fnt
|-damage|p1b: Politoed|16/100
|faint|p1a: Archaludon
|move|p1b: Politoed|Weather Ball|p2b: Mewer
|-damage|p2b: Mewer|30/100
|
|upkeep
|turn|8
|
|t:|1784659983
|move|p1b: Politoed|Protect|p1b: Politoed
|-singleturn|p1b: Politoed|Protect
|move|p2b: Mewer|Expanding Force|p1b: Politoed
|-activate|p1b: Politoed|move: Protect
|
|-sideend|p2: bowserx19|move: Light Screen
|upkeep
|turn|9
|
|t:|1784659994
|move|p1b: Politoed|Protect||[still]
|-fail|p1b: Politoed
|move|p2b: Mewer|Expanding Force|p1b: Politoed
|-damage|p1b: Politoed|0 fnt
|faint|p1b: Politoed
|
|win|bowserx19
||prosta1 is ready for game 2.
||bowserx19 is ready for game 2.
|uhtml|next|Next: Game 2 of 3
|l|☆bowserx19
|player|p2|
