|j|☆ultraclaw1
|j|☆r4ka
|html|ultraclaw1r4ka    
|uhtml|bestof|Game 2 of a best-of-3
|t:|1756150143
|gametype|doubles
|player|p1|ultraclaw1|alder|1091
|player|p2|r4ka|170|1096
|gen|9
|tier|[Gen 9] VGC 2025 Reg H (Bo3)
|rated|
|rule|Species Clause: Limit one of each Pokémon
|rule|Item Clause: Limit 1 of each item
|clearpoke
|poke|p1|Excadrill, L50, M|
|poke|p1|Tyranitar, L50, F|
|poke|p1|Sneasler, L50, F|
|poke|p1|Indeedee, L50, M|
|poke|p1|Corviknight, L50, M|
|poke|p1|Magmar, L50, F|
|poke|p2|Rillaboom, L50, F|
|poke|p2|Dragonite, L50, M|
|poke|p2|Sneasler, L50, M|
|poke|p2|Kingambit, L50, M|
|poke|p2|Electabuzz, L50, M|
|poke|p2|Volcarona, L50, F|
|teampreview|4
|showteam|p1|Excadrill||FocusSash|SandRush|IronHead,Earthquake,HighHorsepower,Protect|||M|||50|,,,,,Stellar]Tyranitar||AssaultVest|SandStream|RockSlide,KnockOff,TeraBlast,LowKick|||F|||50|,,,,,Flying]Sneasler||PsychicSeed|Unburden|DireClaw,CloseCombat,ThroatChop,Protect|||F|||50|,,,,,Dark]Indeedee||ChoiceScarf|PsychicSurge|ExpandingForce,TeraBlast,Trick,Protect|||M|||50|,,,,,Psychic]Corviknight||Leftovers|MirrorArmor|BraveBird,BulkUp,Roost,Tailwind|||M|||50|,,,,,Dragon]Magmar||Eviolite|VitalSpirit|HeatWave,FollowMe,WillOWisp,Protect|||F|||50|,,,,,Flying
|showteam|p2|Rillaboom||AssaultVest|GrassySurge|FakeOut,Uturn,WoodHammer,GrassyGlide|||F|||50|,,,,,Fire]Dragonite||LoadedDice|Multiscale|ExtremeSpeed,ScaleShot,Protect,Haze|||M|||50|,,,,,Fairy]Sneasler||FocusSash|PoisonTouch|DireClaw,CloseCombat,FakeOut,Coaching|||M|||50|,,,,,Stellar]Kingambit||BlackGlasses|Defiant|KowtowCleave,SuckerPunch,SwordsDance,Protect|||M|||50|,,,,,Dark]Electabuzz||Eviolite|VitalSpirit|Thunderbolt,Taunt,Protect,FollowMe|||M|||50|,,,,,Ghost]Volcarona||Leftovers|FlameBody|HeatWave,TeraBlast,QuiverDance,Protect|||F|||50|,,,,,Fairy
|inactive|Battle timer is ON: inactive players will automatically lose when time's up. (requested by ultraclaw1)
|j| Bridaine 31
|
|t:|1756150172
|teamsize|p1|4
|teamsize|p2|4
|start
|switch|p1a: Sneasler|Sneasler, L50, F|100/100
|switch|p1b: Indeedee|Indeedee, L50, M|100/100
|switch|p2a: Sneasler|Sneasler, L50, M|100/100
|switch|p2b: Rillaboom|Rillaboom, L50, F|100/100
|-fieldstart|move: Psychic Terrain|[from] ability: Psychic Surge|[of] p1b: Indeedee
|-enditem|p1a: Sneasler|Psychic Seed
|-boost|p1a: Sneasler|spd|1|[from] item: Psychic Seed
|-fieldstart|move: Grassy Terrain|[from] ability: Grassy Surge|[of] p2b: Rillaboom
|turn|1
|
|t:|1756150188
|move|p2a: Sneasler|Fake Out|p1a: Sneasler
|-damage|p1a: Sneasler|79/100
|cant|p1a: Sneasler|flinch
|move|p1b: Indeedee|Expanding Force|p2b: Rillaboom
|-damage|p2b: Rillaboom|74/100
|move|p2b: Rillaboom|U-turn|p1b: Indeedee
|-supereffective|p1b: Indeedee
|-damage|p1b: Indeedee|3/100
|
|t:|1756150196
|switch|p2b: Dragonite|Dragonite, L50, M|100/100|[from] U-turn
|
|-heal|p1a: Sneasler|85/100|[from] Grassy Terrain
|-heal|p1b: Indeedee|9/100|[from] Grassy Terrain
|upkeep
|turn|2
|
|t:|1756150211
|switch|p1b: Tyranitar|Tyranitar, L50, F|100/100
|-weather|Sandstorm|[from] ability: Sand Stream|[of] p1b: Tyranitar
|switch|p2a: Kingambit|Kingambit, L50, M|100/100
|move|p2b: Dragonite|Protect|p2b: Dragonite
|-singleturn|p2b: Dragonite|Protect
|move|p1a: Sneasler|Dire Claw|p2b: Dragonite
|-activate|p2b: Dragonite|move: Protect
|
|-weather|Sandstorm|[upkeep]
|-damage|p1a: Sneasler|79/100|[from] Sandstorm
|-damage|p2b: Dragonite|95/100|[from] Sandstorm
|-heal|p1a: Sneasler|85/100|[from] Grassy Terrain
|upkeep
|turn|3
|inactive|r4ka has 30 seconds left.
|inactive|r4ka has 20 seconds left.
|
|t:|1756150251
|switch|p2b: Sneasler|Sneasler, L50, M|100/100
|move|p2a: Kingambit|Sucker Punch|p1a: Sneasler
|-resisted|p1a: Sneasler
|-crit|p1a: Sneasler
|-damage|p1a: Sneasler|20/100
|move|p1a: Sneasler|Close Combat|p2a: Kingambit
|-supereffective|p2a: Kingambit
|-damage|p2a: Kingambit|0 fnt
|-unboost|p1a: Sneasler|def|1
|-unboost|p1a: Sneasler|spd|1
|faint|p2a: Kingambit
|move|p1b: Tyranitar|Rock Slide|p2b: Sneasler
|-resisted|p2b: Sneasler
|-damage|p2b: Sneasler|68/100
|
|-weather|Sandstorm|[upkeep]
|-damage|p1a: Sneasler|14/100|[from] Sandstorm
|-damage|p2b: Sneasler|62/100|[from] Sandstorm
|-heal|p1a: Sneasler|20/100|[from] Grassy Terrain
|-heal|p2b: Sneasler|68/100|[from] Grassy Terrain
|upkeep
|
|t:|1756150269
|switch|p2a: Rillaboom|Rillaboom, L50, F|74/100
|turn|4
|inactive|r4ka has 30 seconds left.
|
|t:|1756150296
|switch|p1b: Indeedee|Indeedee, L50, M|9/100
|-fieldstart|move: Psychic Terrain|[from] ability: Psychic Surge|[of] p1b: Indeedee
|-terastallize|p2a: Rillaboom|Fire
|move|p1a: Sneasler|Dire Claw|p2a: Rillaboom
|-damage|p2a: Rillaboom|29/100
|move|p2b: Sneasler|Coaching|p2a: Rillaboom
|-boost|p2a: Rillaboom|atk|1
|-boost|p2a: Rillaboom|def|1
|move|p2a: Rillaboom|U-turn|p1b: Indeedee
|-supereffective|p1b: Indeedee
|-damage|p1b: Indeedee|0 fnt
|faint|p1b: Indeedee
|
|t:|1756150310
|switch|p2a: Dragonite|Dragonite, L50, M|95/100|[from] U-turn
|
|-weather|Sandstorm|[upkeep]
|-damage|p1a: Sneasler|14/100|[from] Sandstorm
|-damage|p2b: Sneasler|62/100|[from] Sandstorm
|-damage|p2a: Dragonite|89/100|[from] Sandstorm
|upkeep
|
|t:|1756150325
|switch|p1b: Tyranitar|Tyranitar, L50, F|100/100
|turn|5
|
|t:|1756150342
|switch|p2b: Rillaboom|Rillaboom, L50, F, tera:Fire|29/100
|-fieldstart|move: Grassy Terrain|[from] ability: Grassy Surge|[of] p2b: Rillaboom
|-terastallize|p1b: Tyranitar|Flying
|move|p2a: Dragonite|Extreme Speed|p1a: Sneasler
|-damage|p1a: Sneasler|0 fnt
|faint|p1a: Sneasler
|move|p1b: Tyranitar|Tera Blast|p2b: Rillaboom|[anim] Tera Blast Flying
|-damage|p2b: Rillaboom|0 fnt
|faint|p2b: Rillaboom
|
|-weather|Sandstorm|[upkeep]
|-damage|p2a: Dragonite|83/100|[from] Sandstorm
|-damage|p1b: Tyranitar|94/100|[from] Sandstorm
|upkeep
|inactive|ultraclaw1 has 30 seconds left.
|inactive|ultraclaw1 has 20 seconds left.
|inactive|ultraclaw1 has 15 seconds left.
|
|t:|1756150382
|switch|p1a: Excadrill|Excadrill, L50, M|100/100
|switch|p2b: Sneasler|Sneasler, L50, M|62/100
|turn|6
|inactive|r4ka has 30 seconds left.
|inactive|r4ka has 20 seconds left.
|inactive|r4ka has 15 seconds left.
|inactive|r4ka has 10 seconds left.
|
|t:|1756150428
|move|p1a: Excadrill|High Horsepower|p2b: Sneasler
|-supereffective|p2b: Sneasler
|-damage|p2b: Sneasler|0 fnt
|faint|p2b: Sneasler
|move|p2a: Dragonite|Scale Shot|p1b: Tyranitar
|-damage|p1b: Tyranitar|81/100
|-damage|p1b: Tyranitar|68/100
|-damage|p1b: Tyranitar|56/100
|-damage|p1b: Tyranitar|44/100
|-hitcount|p1b: Tyranitar|4
|-unboost|p2a: Dragonite|def|1
|-boost|p2a: Dragonite|spe|1
|move|p1b: Tyranitar|Tera Blast|p2a: Dragonite|[anim] Tera Blast Flying
|-damage|p2a: Dragonite|10/100
|
|-weather|none
|upkeep
|turn|7
|inactive|r4ka has 30 seconds left.
|
|t:|1756150457
|move|p2a: Dragonite|Scale Shot|p1a: Excadrill|[miss]
|-miss|p2a: Dragonite|p1a: Excadrill
|move|p1a: Excadrill|Iron Head|p2a: Dragonite
|-damage|p2a: Dragonite|0 fnt
|faint|p2a: Dragonite
|
|win|ultraclaw1
|raw|ultraclaw1's rating: 1091 → 1118(+27 for winning)
|raw|r4ka's rating: 1096 → 1071(-25 for losing)
|l|☆ultraclaw1
|player|p1|
