|j|☆shrithegreat
|j|☆BlackStag52
|html|shrithegreatBlackStag52    
|uhtml|bestof|Game 3 of a best-of-3
|t:|1784085461
|gametype|doubles
|player|p1|shrithegreat|169|1191
|player|p2|BlackStag52|lorelei-gen3|1108
|gen|9
|tier|[Gen 9 Champions] VGC 2026 Reg M-B (Bo3)
|rated|
|rule|Species Clause: Limit one of each Pokémon
|rule|Item Clause: Limit 1 of each item
|clearpoke
|poke|p1|Gengar, L50, M|
|poke|p1|Politoed, L50, M|
|poke|p1|Floette-Eternal, L50, F|
|poke|p1|Palafin, L50, F|
|poke|p1|Incineroar, L50, F|
|poke|p1|Sinistcha, L50|
|poke|p2|Garchomp, L50, M|
|poke|p2|Eelektross, L50, F|
|poke|p2|Sinistcha, L50|
|poke|p2|Primarina, L50, M|
|poke|p2|Vivillon-High Plains, L50, F|
|poke|p2|Sneasler, L50, F|
|teampreview|4
|showteam|p1|Gengar||Gengarite|CursedBody|Protect,PerishSong,Disable,ShadowBall|Modest||M|||50|]Politoed||Leftovers|Drizzle|Protect,PerishSong,WeatherBall,Encore|Calm||M|||50|]Floette-Eternal||Floettite|Symbiosis|Protect,CalmMind,Moonblast,DrainingKiss|Timid||F|||50|]Palafin||MysticWater|ZerotoHero|Protect,JetPunch,WaveCrash,CloseCombat|Adamant||F|||50|]Incineroar||PasshoBerry|Intimidate|Protect,FakeOut,DarkestLariat,PartingShot|Brave||F|||50|]Sinistcha||SitrusBerry|Hospitality|Protect,RagePowder,MatchaGotcha,LifeDew|Bold|||||50|
|showteam|p2|Garchomp||LifeOrb|RoughSkin|DragonClaw,Earthquake,Protect,RockSlide|Impish||M|||50|]Eelektross||Eelektrossite|Levitate|GrassKnot,Thunderbolt,Protect,Flamethrower|Modest||F|||50|]Sinistcha||KasibBerry|Hospitality|MatchaGotcha,RagePowder,TrickRoom,LifeDew|Bold|||||50|]Primarina||FairyFeather|LiquidVoice|DazzlingGleam,EnergyBall,HyperVoice,Protect|Modest||M|||50|]Vivillon-High Plains||FocusSash|FriendGuard|Tailwind,AirSlash,PollenPuff,Protect|Timid||F|||50|]Sneasler||WhiteHerb|Unburden|FakeOut,CloseCombat,DireClaw,Protect|Adamant||F|||50|
|inactive|Battle timer is ON: inactive players will automatically lose when time's up. (requested by shrithegreat)
|
|t:|1784085490
|teamsize|p1|4
|teamsize|p2|4
|start
|switch|p1a: Sinistcha|Sinistcha, L50|100/100
|switch|p1b: Floette|Floette-Eternal, L50, F|100/100
|switch|p2a: Sneasler|Sneasler, L50, F|100/100
|switch|p2b: Sinistcha|Sinistcha, L50|100/100
|turn|1
|
|t:|1784085507
|detailschange|p1b: Floette|Floette-Mega, L50, F
|-mega|p1b: Floette|Floette|Floettite
|-ability|p1b: Floette|Fairy Aura
|move|p1a: Sinistcha|Rage Powder|p1a: Sinistcha
|-singleturn|p1a: Sinistcha|move: Rage Powder
|move|p2b: Sinistcha|Rage Powder|p2b: Sinistcha
|-singleturn|p2b: Sinistcha|move: Rage Powder
|move|p2a: Sneasler|Dire Claw|p1a: Sinistcha
|-damage|p1a: Sinistcha|59/100
|-status|p1a: Sinistcha|par
|move|p1b: Floette|Calm Mind|p1b: Floette
|-boost|p1b: Floette|spa|1
|-boost|p1b: Floette|spd|1
|
|upkeep
|turn|2
|
|t:|1784085523
|move|p2b: Sinistcha|Rage Powder|p2b: Sinistcha
|-singleturn|p2b: Sinistcha|move: Rage Powder
|move|p1a: Sinistcha|Rage Powder|p1a: Sinistcha
|-singleturn|p1a: Sinistcha|move: Rage Powder
|move|p2a: Sneasler|Dire Claw|p1a: Sinistcha
|-damage|p1a: Sinistcha|20/100y par
|-enditem|p1a: Sinistcha|Sitrus Berry|[eat]
|-heal|p1a: Sinistcha|44/100 par|[from] item: Sitrus Berry
|move|p1b: Floette|Moonblast|p2b: Sinistcha
|-damage|p2b: Sinistcha|8/100
|
|upkeep
|turn|3
|
|t:|1784085540
|move|p2b: Sinistcha|Rage Powder|p2b: Sinistcha
|-singleturn|p2b: Sinistcha|move: Rage Powder
|move|p1a: Sinistcha|Rage Powder|p1a: Sinistcha
|-singleturn|p1a: Sinistcha|move: Rage Powder
|move|p2a: Sneasler|Dire Claw|p1a: Sinistcha
|-damage|p1a: Sinistcha|8/100 par
|-fail|p1a: Sinistcha
|move|p1b: Floette|Draining Kiss|p2b: Sinistcha
|-damage|p2b: Sinistcha|0 fnt
|faint|p2b: Sinistcha
|
|upkeep
|
|t:|1784085556
|switch|p2b: Vivillon|Vivillon-High Plains, L50, F|100/100
|turn|4
|
|t:|1784085567
|move|p2a: Sneasler|Protect|p2a: Sneasler
|-singleturn|p2a: Sneasler|Protect
|move|p1a: Sinistcha|Rage Powder|p1a: Sinistcha
|-singleturn|p1a: Sinistcha|move: Rage Powder
|move|p1b: Floette|Moonblast|p2a: Sneasler
|-activate|p2a: Sneasler|move: Protect
|move|p2b: Vivillon|Tailwind|p2b: Vivillon
|-sidestart|p2: BlackStag52|move: Tailwind
|
|upkeep
|turn|5
|inactive|BlackStag52 has 30 seconds left.
|
|t:|1784085602
|move|p1a: Sinistcha|Rage Powder|p1a: Sinistcha
|-singleturn|p1a: Sinistcha|move: Rage Powder
|move|p2a: Sneasler|Dire Claw|p1a: Sinistcha
|-damage|p1a: Sinistcha|0 fnt
|faint|p1a: Sinistcha
|move|p2b: Vivillon|Air Slash|p1b: Floette
|-damage|p1b: Floette|84/100
|move|p1b: Floette|Moonblast|p2a: Sneasler
|-damage|p2a: Sneasler|1/100
|
|upkeep
|
|t:|1784085619
|switch|p1a: Politoed|Politoed, L50, M|100/100
|-weather|RainDance|[from] ability: Drizzle|[of] p1a: Politoed
|turn|6
|
|t:|1784085641
|move|p1b: Floette|Protect|p1b: Floette
|-singleturn|p1b: Floette|Protect
|move|p2a: Sneasler|Dire Claw|p1b: Floette
|-activate|p1b: Floette|move: Protect
|move|p2b: Vivillon|Pollen Puff|p2a: Sneasler
|-heal|p2a: Sneasler|51/100
|move|p1a: Politoed|Weather Ball|p2a: Sneasler
|-damage|p2a: Sneasler|1/100
|
|-weather|RainDance|[upkeep]
|upkeep
|turn|7
|
|t:|1784085662
|switch|p1b: Incineroar|Incineroar, L50, F|100/100
|-ability|p1b: Incineroar|Intimidate|boost
|-unboost|p2a: Sneasler|atk|1
|-unboost|p2b: Vivillon|atk|1
|-enditem|p2a: Sneasler|White Herb
|-clearnegativeboost|p2a: Sneasler|[silent]
|move|p2a: Sneasler|Dire Claw|p1b: Incineroar
|-damage|p1b: Incineroar|57/100
|move|p2b: Vivillon|Pollen Puff|p2a: Sneasler
|-heal|p2a: Sneasler|50/100g
|move|p1a: Politoed|Weather Ball|p2a: Sneasler
|-damage|p2a: Sneasler|0 fnt
|faint|p2a: Sneasler
|
|-weather|RainDance|[upkeep]
|-sideend|p2: BlackStag52|move: Tailwind
|upkeep
|
|t:|1784085679
|switch|p2a: Eelektross|Eelektross, L50, F|100/100
|turn|8
|
|t:|1784085692
|move|p2a: Eelektross|Protect|p2a: Eelektross
|-singleturn|p2a: Eelektross|Protect
|move|p1b: Incineroar|Fake Out|p2a: Eelektross
|-activate|p2a: Eelektross|move: Protect
|move|p2b: Vivillon|Tailwind|p2b: Vivillon
|-sidestart|p2: BlackStag52|move: Tailwind
|move|p1a: Politoed|Perish Song|p1a: Politoed
|-start|p1a: Politoed|perish3|[silent]
|-start|p1b: Incineroar|perish3|[silent]
|-start|p2a: Eelektross|perish3|[silent]
|-start|p2b: Vivillon|perish3|[silent]
|-fieldactivate|move: Perish Song
|
|-weather|RainDance|[upkeep]
|-start|p2b: Vivillon|perish3
|-start|p2a: Eelektross|perish3
|-start|p1a: Politoed|perish3
|-start|p1b: Incineroar|perish3
|upkeep
|turn|9
|c|☆shrithegreat|gg
|
|t:|1784085714
|detailschange|p2a: Eelektross|Eelektross-Mega, L50, F
|-mega|p2a: Eelektross|Eelektross|Eelektrossite
|move|p1a: Politoed|Protect|p1a: Politoed
|-singleturn|p1a: Politoed|Protect
|move|p1b: Incineroar|Protect|p1b: Incineroar
|-singleturn|p1b: Incineroar|Protect
|move|p2b: Vivillon|Air Slash|p1a: Politoed
|-activate|p1a: Politoed|move: Protect
|move|p2a: Eelektross|Thunderbolt|p1a: Politoed
|-activate|p1a: Politoed|move: Protect
|
|-weather|RainDance|[upkeep]
|-start|p2b: Vivillon|perish2
|-start|p2a: Eelektross|perish2
|-start|p1a: Politoed|perish2
|-start|p1b: Incineroar|perish2
|upkeep
|turn|10
|c|☆BlackStag52|ggs
|
|t:|1784085736
|move|p2b: Vivillon|Air Slash|p1a: Politoed
|-damage|p1a: Politoed|76/100
|move|p2a: Eelektross|Thunderbolt|p1a: Politoed
|-supereffective|p1a: Politoed|1
|-damage|p1a: Politoed|6/100
|-status|p1a: Politoed|par
|move|p1b: Incineroar|Darkest Lariat|p2a: Eelektross
|-damage|p2a: Eelektross|70/100
|move|p1a: Politoed|Weather Ball|p2a: Eelektross
|-damage|p2a: Eelektross|35/100
|
|-weather|none
|-heal|p1a: Politoed|12/100 par|[from] item: Leftovers
|-start|p2b: Vivillon|perish1
|-start|p2a: Eelektross|perish1
|-start|p1b: Incineroar|perish1
|-start|p1a: Politoed|perish1
|upkeep
|turn|11
|-message|BlackStag52 forfeited.
|
|win|shrithegreat
|raw|shrithegreat's rating: 1191 → 1210(+19 for winning)
|raw|BlackStag52's rating: 1108 → 1089(-19 for losing)
