|j|☆maviuc
|j|☆carmelotb
|html|maviuccarmelotb    
|uhtml|bestof|Game 1 of a best-of-3
|t:|1784333083
|gametype|doubles
|player|p1|maviuc|elesa|1118
|player|p2|carmelotb|pilot|1072
|gen|9
|tier|[Gen 9 Champions] VGC 2026 Reg M-B (Bo3)
|rated|
|rule|Species Clause: Limit one of each Pokémon
|rule|Item Clause: Limit 1 of each item
|clearpoke
|poke|p1|Charizard, L50, F|
|poke|p1|Incineroar, L50, F|
|poke|p1|Sylveon, L50, F|
|poke|p1|Farigiraf, L50, M|
|poke|p1|Garchomp, L50, M|
|poke|p1|Aerodactyl, L50, F|
|poke|p2|Whimsicott, L50, F|
|poke|p2|Sceptile, L50, M|
|poke|p2|Rotom-Wash, L50|
|poke|p2|Charizard, L50, F|
|poke|p2|Mamoswine, L50, M|
|poke|p2|Salazzle, L50, F|
|teampreview|4
|showteam|p1|Charizard||CharizarditeY|Blaze|HeatWave,WeatherBall,SolarBeam,Protect|Modest||F|||50|]Incineroar||Charcoal|Intimidate|FlareBlitz,DarkestLariat,FakeOut,PartingShot|Brave||F|||50|]Sylveon||FairyFeather|Pixilate|HyperVoice,Yawn,QuickAttack,Protect|Modest||F|||50|]Farigiraf||SitrusBerry|ArmorTail|Psyshock,HelpingHand,TrickRoom,Protect|Calm||M|||50|]Garchomp||LifeOrb|RoughSkin|Earthquake,Protect,DragonClaw,StompingTantrum|Jolly||M|||50|]Aerodactyl||FocusSash|Unnerve|RockSlide,Tailwind,WideGuard,Protect|Jolly||F|||50|
|showteam|p2|Whimsicott||MentalHerb|Prankster|GrassyTerrain,EnergyBall,Tailwind,SunnyDay|Timid||F|||50|]Sceptile||Sceptilite|Overgrow|EarthPower,Substitute,GigaDrain,DragonPulse|Timid||M|||50|]Rotom-Wash||Magnet|Levitate|Discharge,HydroPump,VoltSwitch,Protect|Modest|||||50|]Charizard||CharizarditeX|Blaze|Protect,DragonDance,DragonClaw,FlareBlitz|Jolly||F|||50|]Mamoswine||ChoiceScarf|Oblivious|IcicleCrash,IronHead,Earthquake,RockSlide|Adamant||M|||50|]Salazzle||FocusSash|Corrosion|FakeOut,SludgeBomb,Overheat,Toxic|Timid||F|||50|
|inactive|Battle timer is ON: inactive players will automatically lose when time's up. (requested by carmelotb)
|
|t:|1784333154
|teamsize|p1|4
|teamsize|p2|4
|start
|switch|p1a: Sylveon|Sylveon, L50, F|100/100
|switch|p1b: Farigiraf|Farigiraf, L50, M|100/100
|switch|p2a: Mamoswine|Mamoswine, L50, M|100/100
|switch|p2b: Rotom|Rotom-Wash, L50|100/100
|turn|1
|
|t:|1784333162
|move|p1a: Sylveon|Protect|p1a: Sylveon
|-singleturn|p1a: Sylveon|Protect
|move|p1b: Farigiraf|Protect|p1b: Farigiraf
|-singleturn|p1b: Farigiraf|Protect
|move|p2a: Mamoswine|Earthquake|p1a: Sylveon|[spread] 
|-activate|p1a: Sylveon|move: Protect
|-activate|p1b: Farigiraf|move: Protect
|-immune|p2b: Rotom|[from] ability: Levitate
|move|p2b: Rotom|Discharge|p1a: Sylveon|[spread] 
|-activate|p1a: Sylveon|move: Protect
|-activate|p1b: Farigiraf|move: Protect
|-immune|p2a: Mamoswine
|
|upkeep
|turn|2
|inactive|carmelotb has 30 seconds left.
|
|t:|1784333196
|switch|p2a: Sceptile|Sceptile, L50, M|100/100
|switch|p1a: Incineroar|Incineroar, L50, F|100/100
|-ability|p1a: Incineroar|Intimidate|boost
|-unboost|p2a: Sceptile|atk|1
|-unboost|p2b: Rotom|atk|1
|move|p2b: Rotom|Hydro Pump|p1a: Incineroar
|-supereffective|p1a: Incineroar|1
|-crit|p1a: Incineroar
|-damage|p1a: Incineroar|0 fnt
|faint|p1a: Incineroar
|move|p1b: Farigiraf|Trick Room|p1b: Farigiraf
|-fieldstart|move: Trick Room|[of] p1b: Farigiraf
|
|upkeep
|
|t:|1784333205
|switch|p1a: Sylveon|Sylveon, L50, F|100/100
|turn|3
|
|t:|1784333225
|switch|p2a: Mamoswine|Mamoswine, L50, M|100/100
|move|p1b: Farigiraf|Psyshock|p2b: Rotom
|-damage|p2b: Rotom|63/100
|move|p1a: Sylveon|Hyper Voice|p2a: Mamoswine|[spread] p2a,p2b
|-damage|p2a: Mamoswine|32/100
|-damage|p2b: Rotom|16/100
|move|p2b: Rotom|Discharge|p1a: Sylveon|[spread] p1a,p1b
|-immune|p2a: Mamoswine
|-damage|p1a: Sylveon|77/100
|-damage|p1b: Farigiraf|77/100
|-status|p1a: Sylveon|par
|-status|p1b: Farigiraf|par
|
|upkeep
|turn|4
|
|t:|1784333244
|move|p1b: Farigiraf|Psyshock|p2b: Rotom
|-damage|p2b: Rotom|0 fnt
|faint|p2b: Rotom
|move|p1a: Sylveon|Hyper Voice|p2a: Mamoswine
|-damage|p2a: Mamoswine|0 fnt
|faint|p2a: Mamoswine
|
|upkeep
|
|t:|1784333252
|switch|p2b: Sceptile|Sceptile, L50, M|100/100
|switch|p2a: Whimsicott|Whimsicott, L50, F|100/100
|turn|5
|
|t:|1784333269
|move|p2a: Whimsicott|Grassy Terrain|p2a: Whimsicott
|-fieldstart|move: Grassy Terrain
|move|p1b: Farigiraf|Psyshock|p2b: Sceptile
|-damage|p2b: Sceptile|52/100
|move|p1a: Sylveon|Hyper Voice|p2b: Sceptile|[spread] p2a,p2b
|-damage|p2a: Whimsicott|21/100
|-damage|p2b: Sceptile|0 fnt
|faint|p2b: Sceptile
|
|-heal|p1b: Farigiraf|83/100 par|[from] Grassy Terrain
|-heal|p1a: Sylveon|83/100 par|[from] Grassy Terrain
|-heal|p2a: Whimsicott|27/100|[from] Grassy Terrain
|upkeep
|turn|6
|
|t:|1784333277
|move|p2a: Whimsicott|Tailwind|p2a: Whimsicott
|-sidestart|p2: carmelotb|move: Tailwind
|move|p1b: Farigiraf|Psyshock|p2a: Whimsicott
|-damage|p2a: Whimsicott|0 fnt
|faint|p2a: Whimsicott
|
|win|maviuc
|l|☆carmelotb
|player|p2|
||maviuc is ready for game 2.
||carmelotb is ready for game 2.
|uhtml|next|Next: Game 2 of 3
