|j|☆farmingsim2421
|j|☆geardox
|html|farmingsim2421geardox    
|uhtml|bestof|Game 1 of a best-of-3
|t:|1756157972
|gametype|doubles
|player|p1|farmingsim2421|elesa|1135
|player|p2|geardox|cyclist|1117
|gen|9
|tier|[Gen 9] VGC 2025 Reg H (Bo3)
|rated|
|rule|Species Clause: Limit one of each Pokémon
|rule|Item Clause: Limit 1 of each item
|clearpoke
|poke|p1|Archaludon, L50, F|
|poke|p1|Basculegion, L50, M|
|poke|p1|Pelipper, L50, M|
|poke|p1|Amoonguss, L50, M|
|poke|p1|Incineroar, L50, F|
|poke|p1|Gholdengo, L50|
|poke|p2|Sneasler, L50, M|
|poke|p2|Garchomp, L50, M|
|poke|p2|Corviknight, L50, F|
|poke|p2|Archaludon, L50, M|
|poke|p2|Amoonguss, L50, F|
|poke|p2|Incineroar, L50, F|
|teampreview|4
|showteam|p1|Archaludon||AssaultVest|Stamina|ElectroShot,AuraSphere,FlashCannon,DracoMeteor|||F|||50|,,,,,Grass]Basculegion||SafetyGoggles|SwiftSwim|Protect,WaveCrash,AquaJet,LastRespects|||M|||50|,,,,,Dark]Pelipper||FocusSash|Drizzle|Hurricane,WeatherBall,Tailwind,Protect|||M|||50|,,,,,Ghost]Amoonguss||SitrusBerry|Regenerator|Spore,RagePowder,PollenPuff,SludgeBomb|||M|||50|,,,,,Water]Incineroar||CovertCloak|Intimidate|FakeOut,FlareBlitz,KnockOff,PartingShot|||F|||50|,,,,,Ghost]Gholdengo||LifeOrb|GoodasGold|NastyPlot,Protect,MakeItRain,ShadowBall||||||50|,,,,,Fairy
|showteam|p2|Sneasler||FocusSash|Unburden|DireClaw,CloseCombat,Taunt,Coaching|||M|||50|,,,,,Ghost]Garchomp||LifeOrb|RoughSkin|Protect,Earthquake,DragonClaw,StompingTantrum|||M|||50|,,,,,Ground]Corviknight||SitrusBerry|MirrorArmor|BraveBird,Tailwind,Roost,RainDance|||F|||50|,,,,,Fire]Archaludon||PowerHerb|Stamina|Protect,DracoMeteor,FlashCannon,ElectroShot|||M|||50|,,,,,Dragon]Amoonguss||RockyHelmet|Regenerator|Protect,RagePowder,Spore,PollenPuff|||F|||50|,,,,,Water]Incineroar||AssaultVest|Intimidate|KnockOff,FlareBlitz,FakeOut,Uturn|||F|||50|,,,,,Ghost
|
|t:|1756158005
|teamsize|p1|4
|teamsize|p2|4
|start
|switch|p1a: Wingman|Pelipper, L50, M, shiny|100/100
|switch|p1b: Wailord :(|Archaludon, L50, F|100/100
|switch|p2a: Moonster|Amoonguss, L50, F, shiny|100/100
|switch|p2b: Incineroar|Incineroar, L50, F|100/100
|-weather|RainDance|[from] ability: Drizzle|[of] p1a: Wingman
|-ability|p2b: Incineroar|Intimidate|boost
|-unboost|p1a: Wingman|atk|1
|-unboost|p1b: Wailord :(|atk|1
|turn|1
|inactive|Battle timer is ON: inactive players will automatically lose when time's up. (requested by geardox)
|
|t:|1756158049
|switch|p1a: Dead Fish|Basculegion, L50, M|100/100
|-terastallize|p1b: Wailord :(|Grass
|-terastallize|p2a: Moonster|Water
|move|p2b: Incineroar|Fake Out|p1b: Wailord :(
|-damage|p1b: Wailord :(|91/100
|-ability|p1b: Wailord :(|Stamina|boost
|-boost|p1b: Wailord :(|def|1
|cant|p1b: Wailord :(|flinch
|move|p2a: Moonster|Spore|p1a: Dead Fish
|-activate|p1a: Dead Fish|item: Safety Goggles|Spore
|
|-weather|RainDance|[upkeep]
|upkeep
|turn|2
|inactive|geardox has 30 seconds left.
|
|t:|1756158076
|move|p1a: Dead Fish|Protect|p1a: Dead Fish
|-singleturn|p1a: Dead Fish|Protect
|move|p2a: Moonster|Protect|p2a: Moonster
|-singleturn|p2a: Moonster|Protect
|move|p1b: Wailord :(|Electro Shot||[still]
|-prepare|p1b: Wailord :(|Electro Shot
|-boost|p1b: Wailord :(|spa|1
|-anim|p1b: Wailord :(|Electro Shot|p2a: Moonster
|-activate|p2a: Moonster|move: Protect
|move|p2b: Incineroar|U-turn|p1b: Wailord :(
|-supereffective|p1b: Wailord :(
|-damage|p1b: Wailord :(|71/100
|-ability|p1b: Wailord :(|Stamina|boost
|-boost|p1b: Wailord :(|def|1
|
|t:|1756158089
|switch|p2b: Stinky Pete|Garchomp, L50, M|100/100|[from] U-turn
|
|-weather|RainDance|[upkeep]
|upkeep
|turn|3
|inactive|farmingsim2421 has 30 seconds left.
|inactive|geardox has 30 seconds left.
|inactive|farmingsim2421 has 20 seconds left.
|inactive|farmingsim2421 has 15 seconds left.
|
|t:|1756158130
|switch|p1a: RealWolfeyVGC|Incineroar, L50, F|100/100
|-ability|p1a: RealWolfeyVGC|Intimidate|boost
|-unboost|p2a: Moonster|atk|1
|-unboost|p2b: Stinky Pete|atk|1
|switch|p2a: Incineroar|Incineroar, L50, F|100/100
|-ability|p2a: Incineroar|Intimidate|boost
|-unboost|p1a: RealWolfeyVGC|atk|1
|-unboost|p1b: Wailord :(|atk|1
|move|p2b: Stinky Pete|Earthquake|p1a: RealWolfeyVGC|[spread] p2a,p1a,p1b
|-supereffective|p2a: Incineroar
|-supereffective|p1a: RealWolfeyVGC
|-resisted|p1b: Wailord :(
|-damage|p2a: Incineroar|34/100
|-damage|p1a: RealWolfeyVGC|30/100
|-damage|p1b: Wailord :(|64/100
|-ability|p1b: Wailord :(|Stamina|boost
|-boost|p1b: Wailord :(|def|1
|-damage|p2b: Stinky Pete|91/100|[from] item: Life Orb
|move|p1b: Wailord :(|Electro Shot||[still]
|-prepare|p1b: Wailord :(|Electro Shot
|-boost|p1b: Wailord :(|spa|1
|-anim|p1b: Wailord :(|Electro Shot|p2a: Incineroar
|-damage|p2a: Incineroar|0 fnt
|faint|p2a: Incineroar
|
|-weather|RainDance|[upkeep]
|upkeep
|
|t:|1756158154
|switch|p2a: Big Mo|Archaludon, L50, M|100/100
|turn|4
|
|t:|1756158169
|move|p2b: Stinky Pete|Protect|p2b: Stinky Pete
|-singleturn|p2b: Stinky Pete|Protect
|move|p2a: Big Mo|Protect|p2a: Big Mo
|-singleturn|p2a: Big Mo|Protect
|move|p1a: RealWolfeyVGC|Fake Out|p2a: Big Mo
|-activate|p2a: Big Mo|move: Protect
|move|p1b: Wailord :(|Aura Sphere|p2a: Big Mo
|-activate|p2a: Big Mo|move: Protect
|
|-weather|RainDance|[upkeep]
|upkeep
|turn|5
|
|t:|1756158192
|switch|p1a: Wingman|Pelipper, L50, M, shiny|100/100
|move|p2b: Stinky Pete|Stomping Tantrum|p1a: Wingman
|-immune|p1a: Wingman
|move|p2a: Big Mo|Draco Meteor|p1b: Wailord :(
|-damage|p1b: Wailord :(|8/100
|-unboost|p2a: Big Mo|spa|2
|-ability|p1b: Wailord :(|Stamina|boost
|-boost|p1b: Wailord :(|def|1
|move|p1b: Wailord :(|Aura Sphere|p2a: Big Mo
|-supereffective|p2a: Big Mo
|-damage|p2a: Big Mo|0 fnt
|faint|p2a: Big Mo
|
|-weather|none
|upkeep
|
|t:|1756158207
|switch|p2a: Moonster|Amoonguss, L50, F, shiny, tera:Water|100/100
|turn|6
|
|t:|1756158223
|move|p2a: Moonster|Rage Powder|p2a: Moonster
|-singleturn|p2a: Moonster|move: Rage Powder
|move|p2b: Stinky Pete|Stomping Tantrum|p1b: Wailord :(
|-resisted|p1b: Wailord :(
|-damage|p1b: Wailord :(|0 fnt
|faint|p1b: Wailord :(
|-damage|p2b: Stinky Pete|81/100|[from] item: Life Orb
|move|p1a: Wingman|Tailwind|p1a: Wingman
|-sidestart|p1: farmingsim2421|move: Tailwind
|
|upkeep
|
|t:|1756158234
|switch|p1b: RealWolfeyVGC|Incineroar, L50, F|30/100
|-ability|p1b: RealWolfeyVGC|Intimidate|boost
|-unboost|p2a: Moonster|atk|1
|-unboost|p2b: Stinky Pete|atk|1
|turn|7
|inactive|farmingsim2421 has 30 seconds left.
|
|t:|1756158263
|switch|p1a: Dead Fish|Basculegion, L50, M|100/100
|move|p1b: RealWolfeyVGC|Fake Out|p2b: Stinky Pete
|-damage|p2b: Stinky Pete|67/100
|-damage|p1b: RealWolfeyVGC|18/100|[from] ability: Rough Skin|[of] p2b: Stinky Pete
|cant|p2b: Stinky Pete|flinch
|move|p2a: Moonster|Pollen Puff|p2b: Stinky Pete
|-heal|p2b: Stinky Pete|100/100
|
|upkeep
|turn|8
|
|t:|1756158287
|switch|p1b: Wingman|Pelipper, L50, M, shiny|100/100
|-weather|RainDance|[from] ability: Drizzle|[of] p1b: Wingman
|move|p2a: Moonster|Protect|p2a: Moonster
|-singleturn|p2a: Moonster|Protect
|move|p1a: Dead Fish|Wave Crash|p2b: Stinky Pete
|-damage|p2b: Stinky Pete|13/100
|-damage|p1a: Dead Fish|88/100|[from] ability: Rough Skin|[of] p2b: Stinky Pete
|-damage|p1a: Dead Fish|61/100|[from] Recoil
|move|p2b: Stinky Pete|Earthquake|p1b: Wingman|[spread] p1a
|-activate|p2a: Moonster|move: Protect
|-immune|p1b: Wingman
|-damage|p1a: Dead Fish|28/100
|-damage|p2b: Stinky Pete|3/100|[from] item: Life Orb
|
|-weather|RainDance|[upkeep]
|upkeep
|turn|9
|inactive|farmingsim2421 has 30 seconds left.
|
|t:|1756158316
|move|p2b: Stinky Pete|Protect|p2b: Stinky Pete
|-singleturn|p2b: Stinky Pete|Protect
|move|p1a: Dead Fish|Last Respects|p2a: Moonster
|-damage|p2a: Moonster|57/100
|move|p1b: Wingman|Hurricane|p2a: Moonster
|-damage|p2a: Moonster|17/100
|-start|p2a: Moonster|confusion
|-activate|p2a: Moonster|confusion
|move|p2a: Moonster|Spore|p1b: Wingman
|-status|p1b: Wingman|slp|[from] move: Spore
|
|-weather|RainDance|[upkeep]
|-sideend|p1: farmingsim2421|move: Tailwind
|upkeep
|turn|10
|
|t:|1756158338
|-activate|p2a: Moonster|confusion
|move|p2a: Moonster|Rage Powder|p2a: Moonster
|-singleturn|p2a: Moonster|move: Rage Powder
|move|p1a: Dead Fish|Aqua Jet|p2b: Stinky Pete
|-damage|p2b: Stinky Pete|0 fnt
|-damage|p1a: Dead Fish|16/100|[from] ability: Rough Skin|[of] p2b: Stinky Pete
|faint|p2b: Stinky Pete
|cant|p1b: Wingman|slp
|
|-weather|RainDance|[upkeep]
|upkeep
|turn|11
|
|t:|1756158354
|move|p1a: Dead Fish|Last Respects|p2a: Moonster
|-damage|p2a: Moonster|0 fnt
|faint|p2a: Moonster
|
|win|farmingsim2421
||geardox is ready for game 2.
||farmingsim2421 is ready for game 2.
|uhtml|next|Next: Game 2 of 3
