|j|☆ilkrosirjs
|j|☆ghostofphantasm
|html|ilkrosirjsghostofphantasm    
|uhtml|bestof|Game 2 of a best-of-3
|t:|1783718080
|gametype|doubles
|player|p1|ilkrosirjs|lady|
|player|p2|ghostofphantasm|lady-gen4|
|gen|9
|tier|[Gen 9 Champions] VGC 2026 Reg M-B (Bo3)
|rule|Species Clause: Limit one of each Pokémon
|rule|Item Clause: Limit 1 of each item
|clearpoke
|poke|p1|Floette-Eternal, L50, F|
|poke|p1|Blaziken, L50, M|
|poke|p1|Whimsicott, L50, M|
|poke|p1|Basculegion, L50, M|
|poke|p1|Farigiraf, L50, F|
|poke|p1|Hydreigon, L50, F|
|poke|p2|Floette-Eternal, L50, F|
|poke|p2|Meowstic-F, L50, F, shiny|
|poke|p2|Gengar, L50, F, shiny|
|poke|p2|Roserade, L50, M|
|poke|p2|Castform, L50, M, shiny|
|poke|p2|Rotom-Fan, L50|
|teampreview|4
|showteam|p1|Floette-Eternal||Floettite|FlowerVeil|LightofRuin,Moonblast,DazzlingGleam,Protect|Timid||F|||50|]Blaziken||Blazikenite|SpeedBoost|FlareBlitz,CloseCombat,RockSlide,Protect|Adamant||M|||50|]Whimsicott||FocusSash|Prankster|Moonblast,Tailwind,Encore,Protect|Timid||M|||50|]Basculegion||LifeOrb|Adaptability|WaveCrash,LastRespects,AquaJet,Protect|Jolly||M|||50|]Farigiraf||SitrusBerry|ArmorTail|TwinBeam,HyperVoice,HelpingHand,Roar|Modest||F|||50|]Hydreigon||ChoiceScarf|Levitate|DarkPulse,DracoMeteor,EarthPower,Snarl|Timid||F|||50|
|showteam|p2|Floette-Eternal||Floettite|FlowerVeil|Protect,Substitute,Synthesis,Wish|Bold||F|||50|]Meowstic-F||Meowsticite|KeenEye|Gravity,LightScreen,Reflect,SleepTalk|Naive||F|||50|]Gengar||Gengarite|CursedBody|Spite,SunnyDay,SelfDestruct,CorrosiveGas|Modest||F|||50|]Roserade||FocusSash|PoisonPoint|Rest,SleepTalk,Snore,SleepPowder|Naughty||M|||50|]Castform||HabanBerry|Forecast|SunnyDay,RainDance,Snowscape,GuardSwap|Timid||M|||50|]Rotom-Fan||ChoiceScarf|Levitate|NastyPlot,Trick,ThunderWave,Charge|Modest|||||50|
|
|t:|1783718111
|teamsize|p1|4
|teamsize|p2|4
|start
|switch|p1a: Whimsicott|Whimsicott, L50, M|100/100
|switch|p1b: Basculegion|Basculegion, L50, M|100/100
|switch|p2a: im gonna kill you|Rotom-Fan, L50|100/100
|switch|p2b: su|Roserade, L50, M|100/100
|turn|1
|
|t:|1783718142
|move|p1a: Whimsicott|Protect|p1a: Whimsicott
|-singleturn|p1a: Whimsicott|Protect
|move|p2a: im gonna kill you|Trick|p1b: Basculegion
|-activate|p2a: im gonna kill you|move: Trick|[of] p1b: Basculegion
|-item|p1b: Basculegion|Choice Scarf|[from] move: Trick
|-item|p2a: im gonna kill you|Life Orb|[from] move: Trick
|move|p1b: Basculegion|Wave Crash|p2a: im gonna kill you
|-damage|p2a: im gonna kill you|5/100
|-damage|p1b: Basculegion|79/100|[from] Recoil
|move|p2b: su|Rest|p2b: su
|-fail|p2b: su|heal
|
|upkeep
|turn|2
|
|t:|1783718176
|move|p1a: Whimsicott|Encore|p2a: im gonna kill you
|-start|p2a: im gonna kill you|Encore
|move|p1b: Basculegion|Wave Crash|p2a: im gonna kill you
|-damage|p2a: im gonna kill you|0 fnt
|faint|p2a: im gonna kill you
|-damage|p1b: Basculegion|78/100|[from] Recoil
|move|p2b: su|Rest|p2b: su
|-fail|p2b: su|heal
|
|upkeep
|c|☆ilkrosirjs|200 iq hold on
|
|t:|1783718185
|switch|p2a: goodatthisgame|Floette-Eternal, L50, F|100/100
|turn|3
|
|t:|1783718193
|detailschange|p2a: goodatthisgame|Floette-Mega, L50, F
|-mega|p2a: goodatthisgame|Floette|Floettite
|-ability|p2a: goodatthisgame|Fairy Aura
|move|p1a: Whimsicott|Encore|p2b: su
|-start|p2b: su|Encore
|move|p1b: Basculegion|Wave Crash|p2a: goodatthisgame
|-damage|p2a: goodatthisgame|32/100
|-damage|p1b: Basculegion|61/100|[from] Recoil
|move|p2b: su|Rest|p2b: su
|-fail|p2b: su|heal
|move|p2a: goodatthisgame|Wish|p2a: goodatthisgame
|
|upkeep
|turn|4
|
|t:|1783718216
|switch|p1b: Hydreigon|Hydreigon, L50, F|100/100
|switch|p1a: Blaziken|Blaziken, L50, M|100/100
|move|p2a: goodatthisgame|Protect|p2a: goodatthisgame
|-singleturn|p2a: goodatthisgame|Protect
|move|p2b: su|Rest|p2b: su
|-fail|p2b: su|heal
|
|-heal|p2a: goodatthisgame|82/100|[from] move: Wish|[wisher] goodatthisgame
|upkeep
|turn|5
|
|t:|1783718239
|detailschange|p1a: Blaziken|Blaziken-Mega, L50, M
|-mega|p1a: Blaziken|Blaziken|Blazikenite
|move|p1b: Hydreigon|Snarl|p2a: goodatthisgame|[spread] p2a,p2b
|-resisted|p2a: goodatthisgame|1
|-damage|p2a: goodatthisgame|74/100
|-damage|p2b: su|77/100
|-unboost|p2a: goodatthisgame|spa|1
|-unboost|p2b: su|spa|1
|move|p1a: Blaziken|Flare Blitz|p2b: su
|-supereffective|p2b: su|1
|-damage|p2b: su|0 fnt
|faint|p2b: su
|-damage|p1a: Blaziken|78/100|[from] Recoil
|move|p2a: goodatthisgame|Wish|p2a: goodatthisgame
|
|-ability|p1a: Blaziken|Speed Boost|boost
|-boost|p1a: Blaziken|spe|1
|upkeep
|
|t:|1783718254
|switch|p2b: harharhar|Meowstic-F, L50, F, shiny|100/100
|turn|6
|
|t:|1783718263
|move|p2a: goodatthisgame|Protect|p2a: goodatthisgame
|-singleturn|p2a: goodatthisgame|Protect
|move|p1b: Hydreigon|Snarl|p2b: harharhar|[spread] p2b
|-activate|p2a: goodatthisgame|move: Protect
|-supereffective|p2b: harharhar|1
|-damage|p2b: harharhar|42/100
|-unboost|p2b: harharhar|spa|1
|move|p1a: Blaziken|Flare Blitz|p2a: goodatthisgame
|-activate|p2a: goodatthisgame|move: Protect
|move|p2b: harharhar|Reflect|p2b: harharhar
|-sidestart|p2: ghostofphantasm|Reflect
|
|-heal|p2a: goodatthisgame|100/100|[from] move: Wish|[wisher] goodatthisgame
|-ability|p1a: Blaziken|Speed Boost|boost
|-boost|p1a: Blaziken|spe|1
|upkeep
|turn|7
|
|t:|1783718285
|move|p1a: Blaziken|Flare Blitz|p2a: goodatthisgame
|-damage|p2a: goodatthisgame|50/100g
|-damage|p1a: Blaziken|63/100|[from] Recoil
|move|p1b: Hydreigon|Snarl|p2a: goodatthisgame|[spread] p2a,p2b
|-resisted|p2a: goodatthisgame|1
|-supereffective|p2b: harharhar|1
|-damage|p2a: goodatthisgame|43/100
|-damage|p2b: harharhar|0 fnt
|-unboost|p2a: goodatthisgame|spa|1
|faint|p2b: harharhar
|move|p2a: goodatthisgame|Wish|p2a: goodatthisgame
|
|-ability|p1a: Blaziken|Speed Boost|boost
|-boost|p1a: Blaziken|spe|1
|upkeep
|turn|8
|
|t:|1783718301
|move|p2a: goodatthisgame|Protect|p2a: goodatthisgame
|-singleturn|p2a: goodatthisgame|Protect
|move|p1a: Blaziken|Flare Blitz|p2a: goodatthisgame
|-activate|p2a: goodatthisgame|move: Protect
|move|p1b: Hydreigon|Snarl|p2a: goodatthisgame
|-activate|p2a: goodatthisgame|move: Protect
|
|-heal|p2a: goodatthisgame|93/100|[from] move: Wish|[wisher] goodatthisgame
|-ability|p1a: Blaziken|Speed Boost|boost
|-boost|p1a: Blaziken|spe|1
|upkeep
|turn|9
|
|t:|1783718318
|switch|p1b: Basculegion|Basculegion, L50, M|61/100
|move|p1a: Blaziken|Flare Blitz|p2a: goodatthisgame
|-damage|p2a: goodatthisgame|42/100
|-status|p2a: goodatthisgame|brn
|-damage|p1a: Blaziken|47/100|[from] Recoil
|move|p2a: goodatthisgame|Wish|p2a: goodatthisgame
|
|-damage|p2a: goodatthisgame|36/100 brn|[from] brn
|-ability|p1a: Blaziken|Speed Boost|boost
|-boost|p1a: Blaziken|spe|1
|upkeep
|turn|10
|
|t:|1783718334
|move|p2a: goodatthisgame|Protect|p2a: goodatthisgame
|-singleturn|p2a: goodatthisgame|Protect
|move|p1a: Blaziken|Flare Blitz|p2a: goodatthisgame
|-activate|p2a: goodatthisgame|move: Protect
|move|p1b: Basculegion|Wave Crash|p2a: goodatthisgame
|-activate|p2a: goodatthisgame|move: Protect
|
|-heal|p2a: goodatthisgame|86/100 brn|[from] move: Wish|[wisher] goodatthisgame
|-damage|p2a: goodatthisgame|80/100 brn|[from] brn
|-sideend|p2: ghostofphantasm|Reflect
|-ability|p1a: Blaziken|Speed Boost|boost
|-boost|p1a: Blaziken|spe|1
|upkeep
|turn|11
|c|☆ghostofphantasm|im gonna win
|c|☆ilkrosirjs|is it acceptable for me to stall the battle to get my longest battle prediction or is that against the rules?,
|c|☆ghostofphantasm|isnt it only top 8 either way
|c|☆ilkrosirjs|wdym
|c|☆ghostofphantasm|i mean if you wanna stall then go for it
|c|☆ghostofphantasm|im not winning either way lmao
|c|☆ilkrosirjs|for sure one sec
|
|t:|1783718435
|move|p1a: Blaziken|Flare Blitz|p2a: goodatthisgame
|-damage|p2a: goodatthisgame|11/100 brn
|-damage|p1a: Blaziken|25/100|[from] Recoil
|move|p1b: Basculegion|Wave Crash|p2a: goodatthisgame
|-damage|p2a: goodatthisgame|0 fnt
|faint|p2a: goodatthisgame
|-damage|p1b: Basculegion|58/100|[from] Recoil
|
|win|ilkrosirjs
|c|☆ilkrosirjs|changed my mind srry
|c|☆ilkrosirjs|gg
