|j|☆RaikuDraco
|j|☆LastHorzion
|html|RaikuDracoLastHorzion    
|uhtml|bestof|Game 2 of a best-of-3
|t:|1757118771
|gametype|doubles
|player|p1|RaikuDraco|drake-gen3|1217
|player|p2|LastHorzion|steven|1324
|gen|9
|tier|[Gen 9] VGC 2025 Reg H (Bo3)
|rated|
|rule|Species Clause: Limit one of each Pokémon
|rule|Item Clause: Limit 1 of each item
|clearpoke
|poke|p1|Archaludon, L50, M|
|poke|p1|Sinistcha-Masterpiece, L50|
|poke|p1|Dragonite, L50, F|
|poke|p1|Pelipper, L50, M|
|poke|p1|Ursaluna, L50, M|
|poke|p1|Gholdengo, L50|
|poke|p2|Sneasler, L50, M|
|poke|p2|Indeedee, L50, M|
|poke|p2|Ursaluna-Bloodmoon, L50, M|
|poke|p2|Electabuzz, L50, M|
|poke|p2|Tyranitar, L50, M|
|poke|p2|Dragapult, L50, F|
|teampreview|4
|showteam|p1|Archaludon||AssaultVest|Stamina|BodyPress,Snarl,ElectroShot,FlashCannon|||M|||50|,,,,,Fighting]Sinistcha-Masterpiece||SitrusBerry|Hospitality|MatchaGotcha,RagePowder,TrickRoom,LifeDew||||||50|,,,,,Dark]Dragonite||LoadedDice|Multiscale|ScaleShot,Protect,Tailwind,Haze|||F|||50|,,,,,Steel]Pelipper||FocusSash|Drizzle|WeatherBall,Hurricane,Tailwind,Protect|||M|||50|,,,,,Ground]Ursaluna||FlameOrb|Guts|Facade,HeadlongRush,Earthquake,Protect|||M|||50|,,,,,Ghost]Gholdengo||ChoiceScarf|GoodasGold|MakeItRain,TeraBlast,ShadowBall,Trick||||||50|,,,,,Water
|showteam|p2|Sneasler||PsychicSeed|Unburden|CloseCombat,DireClaw,ThroatChop,Protect|||M|||50|,,,,,Dark]Indeedee||FocusSash|PsychicSurge|ExpandingForce,TrickRoom,Imprison,Protect|||M|||50|,,,,,Psychic]Ursaluna-Bloodmoon||LifeOrb|MindsEye|BloodMoon,HyperVoice,EarthPower,Protect|||M|||50|,,,,,Normal]Electabuzz||Eviolite|VitalSpirit|Electroweb,FollowMe,Taunt,Protect|||M|||50|,,,,,Dragon]Tyranitar||AssaultVest|SandStream|KnockOff,TeraBlast,RockSlide,LowKick|||M|||50|,,,,,Flying]Dragapult||ChoiceBand|ClearBody|DragonDarts,Uturn,PhantomForce,Outrage|||F|||50|,,,,,Dragon
|inactive|Battle timer is ON: inactive players will automatically lose when time's up. (requested by LastHorzion)
|inactive|RaikuDraco has 60 seconds left.
|inactive|LastHorzion has 60 seconds left.
|inactive|LastHorzion has 30 seconds left.
|inactive|LastHorzion has 20 seconds left.
|
|t:|1757118844
|teamsize|p1|4
|teamsize|p2|4
|start
|switch|p1a: Sinistcha|Sinistcha-Masterpiece, L50|100/100
|switch|p1b: Gholdengo|Gholdengo, L50|100/100
|switch|p2a: Tyranitar|Tyranitar, L50, M|100/100
|switch|p2b: Sneasler|Sneasler, L50, M|100/100
|-weather|Sandstorm|[from] ability: Sand Stream|[of] p2a: Tyranitar
|turn|1
|inactive|RaikuDraco has 30 seconds left.
|inactive|LastHorzion has 30 seconds left.
|inactive|RaikuDraco has 20 seconds left.
|inactive|LastHorzion has 20 seconds left.
|inactive|RaikuDraco has 15 seconds left.
|
|t:|1757118886
|-terastallize|p2b: Sneasler|Dark
|move|p1b: Gholdengo|Make It Rain|p2b: Sneasler|[spread] p2a,p2b
|-supereffective|p2a: Tyranitar
|-crit|p2a: Tyranitar
|-damage|p2a: Tyranitar|28/100
|-damage|p2b: Sneasler|26/100
|-unboost|p1b: Gholdengo|spa|1
|move|p2b: Sneasler|Throat Chop|p1b: Gholdengo
|-supereffective|p1b: Gholdengo
|-damage|p1b: Gholdengo|0 fnt
|faint|p1b: Gholdengo
|move|p2a: Tyranitar|Knock Off|p1a: Sinistcha
|-supereffective|p1a: Sinistcha
|-damage|p1a: Sinistcha|9/100
|-enditem|p1a: Sinistcha|Sitrus Berry|[from] move: Knock Off|[of] p2a: Tyranitar
|move|p1a: Sinistcha|Matcha Gotcha|p2a: Tyranitar|[spread] p2a,p2b
|-supereffective|p2a: Tyranitar
|-damage|p2a: Tyranitar|9/100
|-heal|p1a: Sinistcha|20/100|[from] drain|[of] p2a: Tyranitar
|-damage|p2b: Sneasler|0 fnt
|-heal|p1a: Sinistcha|31/100|[from] drain|[of] p2b: Sneasler
|-status|p2a: Tyranitar|brn
|faint|p2b: Sneasler
|
|-weather|Sandstorm|[upkeep]
|-damage|p1a: Sinistcha|25/100|[from] Sandstorm
|-damage|p2a: Tyranitar|3/100 brn|[from] brn
|upkeep
|inactive|RaikuDraco has 30 seconds left.
|
|t:|1757118919
|switch|p2b: Dragapult|Dragapult, L50, F, shiny|100/100
|switch|p1b: Pelipper|Pelipper, L50, M|100/100
|-weather|RainDance|[from] ability: Drizzle|[of] p1b: Pelipper
|turn|2
|l|☆LastHorzion
|inactive|LastHorzion disconnected and has a minute to reconnect!
|player|p2|
|inactive|RaikuDraco has 30 seconds left.
|inactive|LastHorzion has 30 seconds left.
|inactive|LastHorzion has 20 seconds left.
|j|☆LastHorzion
|inactive|LastHorzion reconnected and has 20 seconds left.
|player|p2|LastHorzion|steven|
|inactive|LastHorzion has 15 seconds left.
|inactive|LastHorzion has 10 seconds left.
|
|t:|1757118969
|move|p1b: Pelipper|Protect|p1b: Pelipper
|-singleturn|p1b: Pelipper|Protect
|move|p2b: Dragapult|U-turn|p1a: Sinistcha
|-damage|p1a: Sinistcha|0 fnt
|faint|p1a: Sinistcha
|
|t:|1757118977
|switch|p2b: Indeedee|Indeedee, L50, M|100/100|[from] U-turn
|-fieldstart|move: Psychic Terrain|[from] ability: Psychic Surge|[of] p2b: Indeedee
|move|p2a: Tyranitar|Rock Slide|p1b: Pelipper
|-activate|p1b: Pelipper|move: Protect
|
|-weather|RainDance|[upkeep]
|-damage|p2a: Tyranitar|0 fnt|[from] brn
|faint|p2a: Tyranitar
|upkeep
|
|t:|1757118987
|switch|p2a: Dragapult|Dragapult, L50, F, shiny|100/100
|switch|p1a: Archaludon|Archaludon, L50, M|100/100
|turn|3
|inactive|RaikuDraco has 30 seconds left.
|inactive|RaikuDraco has 20 seconds left.
|
|t:|1757119026
|move|p2a: Dragapult|Dragon Darts|p1b: Pelipper
|-damage|p1b: Pelipper|51/100
|-anim|p2a: Dragapult|Dragon Darts|p1a: Archaludon
|-damage|p1a: Archaludon|74/100
|-ability|p1a: Archaludon|Stamina|boost
|-boost|p1a: Archaludon|def|1
|move|p2b: Indeedee|Expanding Force|p1b: Pelipper|[spread] p1a,p1b
|-resisted|p1a: Archaludon
|-damage|p1a: Archaludon|56/100
|-damage|p1b: Pelipper|0 fnt
|-ability|p1a: Archaludon|Stamina|boost
|-boost|p1a: Archaludon|def|1
|faint|p1b: Pelipper
|move|p1a: Archaludon|Snarl|p2b: Indeedee|[spread] p2a,p2b
|-supereffective|p2a: Dragapult
|-supereffective|p2b: Indeedee
|-damage|p2a: Dragapult|69/100
|-damage|p2b: Indeedee|67/100
|-unboost|p2b: Indeedee|spa|1
|
|-weather|RainDance|[upkeep]
|upkeep
|turn|4
|
|t:|1757119049
|move|p2a: Dragapult|Dragon Darts|p1a: Archaludon
|-damage|p1a: Archaludon|43/100
|-ability|p1a: Archaludon|Stamina|boost
|-boost|p1a: Archaludon|def|1
|-anim|p2a: Dragapult|Dragon Darts|p1a: Archaludon
|-damage|p1a: Archaludon|33/100
|-ability|p1a: Archaludon|Stamina|boost
|-boost|p1a: Archaludon|def|1
|move|p2b: Indeedee|Expanding Force|p1a: Archaludon
|-resisted|p1a: Archaludon
|-damage|p1a: Archaludon|16/100
|-ability|p1a: Archaludon|Stamina|boost
|-boost|p1a: Archaludon|def|1
|move|p1a: Archaludon|Snarl|p2b: Indeedee|[spread] p2a,p2b
|-supereffective|p2a: Dragapult
|-supereffective|p2b: Indeedee
|-damage|p2a: Dragapult|34/100
|-damage|p2b: Indeedee|34/100
|-unboost|p2b: Indeedee|spa|1
|
|-weather|RainDance|[upkeep]
|upkeep
|turn|5
|inactive|RaikuDraco has 30 seconds left.
|inactive|LastHorzion has 30 seconds left.
|
|t:|1757119075
|move|p2a: Dragapult|Dragon Darts|p1a: Archaludon
|-damage|p1a: Archaludon|8/100
|-ability|p1a: Archaludon|Stamina|boost
|-boost|p1a: Archaludon|def|1
|-anim|p2a: Dragapult|Dragon Darts|p1a: Archaludon
|-damage|p1a: Archaludon|1/100
|move|p2b: Indeedee|Expanding Force|p1a: Archaludon
|-resisted|p1a: Archaludon
|-damage|p1a: Archaludon|0 fnt
|faint|p1a: Archaludon
|
|win|LastHorzion
||RaikuDraco is ready for game 3.
|inactive|LastHorzion has 30 seconds to confirm battle start!
||LastHorzion is ready for game 3.
|uhtml|next|Next: Game 3 of 3
