|j|☆magnetman210
|j|☆Jakobtc
|html|magnetman210Jakobtc    
|uhtml|bestof|Game 3 of a best-of-3
|t:|1757131933
|gametype|doubles
|player|p1|magnetman210|colress|1137
|player|p2|Jakobtc|riley|1158
|gen|9
|tier|[Gen 9] VGC 2025 Reg H (Bo3)
|rated|
|rule|Species Clause: Limit one of each Pokémon
|rule|Item Clause: Limit 1 of each item
|clearpoke
|poke|p1|Rillaboom, L50, M|
|poke|p1|Kingambit, L50, F|
|poke|p1|Sneasler, L50, F|
|poke|p1|Dragapult, L50, F|
|poke|p1|Magmar, L50, F|
|poke|p1|Primarina, L50, M|
|poke|p2|Gholdengo, L50|
|poke|p2|Incineroar, L50, M|
|poke|p2|Rillaboom, L50, M|
|poke|p2|Dragonite, L50, M|
|poke|p2|Sneasler, L50, F|
|poke|p2|Electabuzz, L50, M|
|teampreview|4
|showteam|p1|Rillaboom||AssaultVest|GrassySurge|WoodHammer,GrassyGlide,FakeOut,Uturn|||M|||50|,,,,,Fire]Kingambit||BlackGlasses|Defiant|KowtowCleave,SuckerPunch,SwordsDance,Protect|||F|||50|,,,,,Dark]Sneasler||GrassySeed|Unburden|DireClaw,CloseCombat,Coaching,FakeOut|||F|||50|,,,,,Stellar]Dragapult||ChoiceBand|ClearBody|DragonDarts,Outrage,Uturn,SuckerPunch|||F|||50|,,,,,Dragon]Magmar||Eviolite|FlameBody|HeatWave,FollowMe,Taunt,Protect|||F|||50|,,,,,Grass]Primarina||SitrusBerry|LiquidVoice|HyperVoice,Moonblast,Haze,Protect|||M|||50|,,,,,Grass
|showteam|p2|Gholdengo||LifeOrb|GoodasGold|MakeItRain,ShadowBall,NastyPlot,Protect||||||50|,,,,,Water]Incineroar||SafetyGoggles|Intimidate|FakeOut,FlareBlitz,KnockOff,PartingShot|||M|||50|,,,,,Bug]Rillaboom||AssaultVest|GrassySurge|FakeOut,GrassyGlide,WoodHammer,HighHorsepower|||M|||50|,,,,,Rock]Dragonite||LoadedDice|Multiscale|ScaleShot,TeraBlast,Tailwind,Protect|||M|||50|,,,,,Flying]Sneasler||FocusSash|Unburden|DireClaw,CloseCombat,Taunt,Protect|||F|||50|,,,,,Stellar]Electabuzz||Eviolite|VitalSpirit|FollowMe,Electroweb,VoltSwitch,Protect|||M|||50|,,,,,Fairy
|
|t:|1757131961
|teamsize|p1|4
|teamsize|p2|4
|start
|switch|p1a: Kingambit|Kingambit, L50, F|100/100
|switch|p1b: Magmar|Magmar, L50, F|100/100
|switch|p2a: Rillaboom|Rillaboom, L50, M|100/100
|switch|p2b: Sneasler|Sneasler, L50, F|100/100
|-fieldstart|move: Grassy Terrain|[from] ability: Grassy Surge|[of] p2a: Rillaboom
|turn|1
|
|t:|1757131996
|switch|p2a: Gholdengo|Gholdengo, L50|100/100
|switch|p1a: Sneasler|Sneasler, L50, F|100/100
|-enditem|p1a: Sneasler|Grassy Seed
|-boost|p1a: Sneasler|def|1|[from] item: Grassy Seed
|move|p2b: Sneasler|Taunt|p1a: Sneasler
|-start|p1a: Sneasler|move: Taunt
|move|p1b: Magmar|Heat Wave|p2b: Sneasler|[spread] p2a,p2b
|-supereffective|p2a: Gholdengo
|-damage|p2a: Gholdengo|50/100
|-damage|p2b: Sneasler|67/100
|
|-heal|p2b: Sneasler|73/100|[from] Grassy Terrain
|-heal|p2a: Gholdengo|56/100|[from] Grassy Terrain
|upkeep
|turn|2
|
|t:|1757132062
|switch|p2b: Electabuzz|Electabuzz, L50, M|100/100
|-terastallize|p2a: Gholdengo|Water
|move|p1a: Sneasler|Dire Claw|p2b: Electabuzz
|-damage|p2b: Electabuzz|64/100
|move|p2a: Gholdengo|Nasty Plot|p2a: Gholdengo
|-boost|p2a: Gholdengo|spa|2
|move|p1b: Magmar|Heat Wave|p2a: Gholdengo|[spread] p2b
|-miss|p1b: Magmar|p2a: Gholdengo
|-crit|p2b: Electabuzz
|-damage|p2b: Electabuzz|34/100
|
|-heal|p2a: Gholdengo|63/100|[from] Grassy Terrain
|-heal|p2b: Electabuzz|40/100|[from] Grassy Terrain
|upkeep
|turn|3
|
|t:|1757132093
|move|p2a: Gholdengo|Protect|p2a: Gholdengo
|-singleturn|p2a: Gholdengo|Protect
|move|p2b: Electabuzz|Protect|p2b: Electabuzz
|-singleturn|p2b: Electabuzz|Protect
|move|p1a: Sneasler|Close Combat|p2b: Electabuzz
|-activate|p2b: Electabuzz|move: Protect
|move|p1b: Magmar|Heat Wave|p2a: Gholdengo|[spread] 
|-activate|p2a: Gholdengo|move: Protect
|-activate|p2b: Electabuzz|move: Protect
|
|-heal|p2a: Gholdengo|69/100|[from] Grassy Terrain
|-heal|p2b: Electabuzz|46/100|[from] Grassy Terrain
|-end|p1a: Sneasler|move: Taunt
|upkeep
|turn|4
|
|t:|1757132149
|-terastallize|p1a: Sneasler|Stellar
|move|p1a: Sneasler|Close Combat|p2b: Electabuzz
|-damage|p2b: Electabuzz|0 fnt
|-unboost|p1a: Sneasler|def|1
|-unboost|p1a: Sneasler|spd|1
|faint|p2b: Electabuzz
|move|p2a: Gholdengo|Make It Rain|p1a: Sneasler|[spread] p1a,p1b
|-resisted|p1b: Magmar
|-damage|p1a: Sneasler|0 fnt
|-damage|p1b: Magmar|55/100
|-unboost|p2a: Gholdengo|spa|1
|faint|p1a: Sneasler
|-damage|p2a: Gholdengo|59/100|[from] item: Life Orb
|move|p1b: Magmar|Heat Wave|p2a: Gholdengo
|-resisted|p2a: Gholdengo
|-damage|p2a: Gholdengo|41/100
|-status|p2a: Gholdengo|brn
|
|-heal|p2a: Gholdengo|47/100 brn|[from] Grassy Terrain
|-heal|p1b: Magmar|60/100|[from] Grassy Terrain
|-damage|p2a: Gholdengo|41/100 brn|[from] brn
|upkeep
|
|t:|1757132175
|switch|p1a: Kingambit|Kingambit, L50, F|100/100
|switch|p2b: Rillaboom|Rillaboom, L50, M|100/100
|turn|5
|inactive|Battle timer is ON: inactive players will automatically lose when time's up. (requested by Jakobtc)
|
|t:|1757132268
|move|p2b: Rillaboom|Fake Out|p1a: Kingambit
|-resisted|p1a: Kingambit
|-damage|p1a: Kingambit|96/100
|cant|p1a: Kingambit|flinch
|move|p2a: Gholdengo|Shadow Ball|p1b: Magmar
|-damage|p1b: Magmar|2/100
|-unboost|p1b: Magmar|spd|1
|-damage|p2a: Gholdengo|31/100 brn|[from] item: Life Orb
|move|p1b: Magmar|Heat Wave|p2a: Gholdengo|[spread] p2a,p2b
|-resisted|p2a: Gholdengo
|-crit|p2a: Gholdengo
|-supereffective|p2b: Rillaboom
|-damage|p2a: Gholdengo|12/100 brn
|-damage|p2b: Rillaboom|69/100
|
|-heal|p2a: Gholdengo|18/100 brn|[from] Grassy Terrain
|-heal|p1b: Magmar|7/100|[from] Grassy Terrain
|-heal|p2b: Rillaboom|74/100|[from] Grassy Terrain
|-heal|p1a: Kingambit|100/100|[from] Grassy Terrain
|-damage|p2a: Gholdengo|12/100 brn|[from] brn
|-fieldend|move: Grassy Terrain
|upkeep
|turn|6
|inactive|Jakobtc has 30 seconds left.
|
|t:|1757132294
|switch|p2a: Sneasler|Sneasler, L50, F|73/100
|switch|p1b: Rillaboom|Rillaboom, L50, M|100/100
|-fieldstart|move: Grassy Terrain|[from] ability: Grassy Surge|[of] p1b: Rillaboom
|move|p2b: Rillaboom|High Horsepower|p1b: Rillaboom|[miss]
|-miss|p2b: Rillaboom|p1b: Rillaboom
|move|p1a: Kingambit|Kowtow Cleave|p2a: Sneasler
|-resisted|p2a: Sneasler
|-damage|p2a: Sneasler|18/100
|
|-heal|p2a: Sneasler|24/100|[from] Grassy Terrain
|-heal|p2b: Rillaboom|80/100|[from] Grassy Terrain
|upkeep
|turn|7
|
|t:|1757132313
|switch|p2a: Gholdengo|Gholdengo, L50, tera:Water|12/100 brn
|move|p1b: Rillaboom|Fake Out|p2a: Gholdengo
|-damage|p2a: Gholdengo|0 fnt
|faint|p2a: Gholdengo
|move|p2b: Rillaboom|High Horsepower|p1a: Kingambit
|-supereffective|p1a: Kingambit
|-damage|p1a: Kingambit|49/100
|move|p1a: Kingambit|Kowtow Cleave|p2b: Rillaboom
|-damage|p2b: Rillaboom|19/100
|
|-heal|p2b: Rillaboom|25/100|[from] Grassy Terrain
|-heal|p1a: Kingambit|55/100|[from] Grassy Terrain
|upkeep
|
|t:|1757132324
|switch|p2a: Sneasler|Sneasler, L50, F|24/100
|turn|8
|
|t:|1757132333
|move|p1b: Rillaboom|Grassy Glide|p2b: Rillaboom
|-resisted|p2b: Rillaboom
|-damage|p2b: Rillaboom|5/100
|move|p1a: Kingambit|Sucker Punch|p2a: Sneasler
|-resisted|p2a: Sneasler
|-damage|p2a: Sneasler|0 fnt
|faint|p2a: Sneasler
|move|p2b: Rillaboom|High Horsepower|p1a: Kingambit
|-supereffective|p1a: Kingambit
|-damage|p1a: Kingambit|3/100
|
|-heal|p2b: Rillaboom|11/100|[from] Grassy Terrain
|-heal|p1a: Kingambit|9/100|[from] Grassy Terrain
|upkeep
|turn|9
|c|☆Jakobtc|gg i played so bad
|
|t:|1757132348
|move|p1b: Rillaboom|Grassy Glide|p2b: Rillaboom
|-resisted|p2b: Rillaboom
|-damage|p2b: Rillaboom|0 fnt
|faint|p2b: Rillaboom
|
|win|magnetman210
|raw|magnetman210's rating: 1137 → 1164(+27 for winning)
|raw|Jakobtc's rating: 1158 → 1131(-27 for losing)
