|j|☆tulpeon
|j|☆SunDiazVGC
|html|tulpeonSunDiazVGC    
|uhtml|bestof|Game 2 of a best-of-3
|t:|1756314790
|gametype|doubles
|player|p1|tulpeon|hilda|1072
|player|p2|SunDiazVGC|marley|1042
|gen|9
|tier|[Gen 9] VGC 2025 Reg H (Bo3)
|rated|
|rule|Species Clause: Limit one of each Pokémon
|rule|Item Clause: Limit 1 of each item
|clearpoke
|poke|p1|Archaludon, L50, F|
|poke|p1|Pelipper, L50, F|
|poke|p1|Grimmsnarl, L50, M|
|poke|p1|Amoonguss, L50, F|
|poke|p1|Basculegion, L50, M|
|poke|p1|Incineroar, L50, M|
|poke|p2|Excadrill, L50, F|
|poke|p2|Tyranitar, L50, M|
|poke|p2|Talonflame, L50, M|
|poke|p2|Gholdengo, L50|
|poke|p2|Amoonguss, L50, F|
|poke|p2|Archaludon, L50, M|
|teampreview|4
|showteam|p1|Archaludon||AssaultVest|Stamina|ElectroShot,BodyPress,FlashCannon,DracoMeteor|||F|||50|,,,,,Flying]Pelipper||FocusSash|Drizzle|Tailwind,Hurricane,WeatherBall,Protect|||F|||50|,,,,,Ghost]Grimmsnarl||LightClay|Prankster|PartingShot,SpiritBreak,LightScreen,Reflect|||M|||50|,,,,,Steel]Amoonguss||RockyHelmet|Regenerator|PollenPuff,RagePowder,Spore,Protect|||F|||50|,,,,,Dark]Basculegion||ChoiceBand|Adaptability|WaveCrash,LastRespects,FlipTurn,TeraBlast|||M|||50|,,,,,Stellar]Incineroar||SafetyGoggles|Intimidate|FakeOut,PartingShot,KnockOff,FlareBlitz|||M|||50|,,,,,Ghost
|showteam|p2|Excadrill||FocusSash|SandRush|Earthquake,HighHorsepower,RockSlide,Protect|||F|||50|,,,,,Ghost]Tyranitar||AssaultVest|SandStream|TeraBlast,RockSlide,KnockOff,HighHorsepower|||M|||50|,,,,,Flying]Talonflame||CovertCloak|GaleWings|Tailwind,BraveBird,Taunt,Protect|||M|||50|,,,,,Flying]Gholdengo||ChoiceSpecs|GoodasGold|MakeItRain,ShadowBall,Thunderbolt,Trick||||||50|,,,,,Flying]Amoonguss||SitrusBerry|Regenerator|Spore,SludgeBomb,RagePowder,Protect|||F|||50|,,,,,Water]Archaludon||PowerHerb|Stalwart|ElectroShot,Thunderbolt,DragonPulse,Protect|||M|||50|,,,,,Electric
|
|t:|1756314841
|teamsize|p1|4
|teamsize|p2|4
|start
|switch|p1a: la poste|Pelipper, L50, F|100/100
|switch|p1b: Grimmsnarl|Grimmsnarl, L50, M|100/100
|switch|p2a: Archaludon|Archaludon, L50, M|100/100
|switch|p2b: Amoonguss|Amoonguss, L50, F|100/100
|-weather|RainDance|[from] ability: Drizzle|[of] p1a: la poste
|turn|1
|
|t:|1756314869
|-terastallize|p2b: Amoonguss|Water
|move|p1a: la poste|Protect|p1a: la poste
|-singleturn|p1a: la poste|Protect
|move|p1b: Grimmsnarl|Light Screen|p1b: Grimmsnarl
|-sidestart|p1: tulpeon|move: Light Screen
|move|p2a: Archaludon|Electro Shot||[still]
|-prepare|p2a: Archaludon|Electro Shot
|-boost|p2a: Archaludon|spa|1
|-anim|p2a: Archaludon|Electro Shot|p1b: Grimmsnarl
|-damage|p1b: Grimmsnarl|60/100
|move|p2b: Amoonguss|Spore|p1a: la poste
|-activate|p1a: la poste|move: Protect
|
|-weather|RainDance|[upkeep]
|upkeep
|turn|2
|
|t:|1756314892
|move|p1a: la poste|Tailwind|p1a: la poste
|-sidestart|p1: tulpeon|move: Tailwind
|move|p1b: Grimmsnarl|Spirit Break|p2a: Archaludon
|-damage|p2a: Archaludon|77/100
|-unboost|p2a: Archaludon|spa|1
|move|p2a: Archaludon|Electro Shot||[still]
|-prepare|p2a: Archaludon|Electro Shot
|-boost|p2a: Archaludon|spa|1
|-anim|p2a: Archaludon|Electro Shot|p1b: Grimmsnarl
|-damage|p1b: Grimmsnarl|19/100
|move|p2b: Amoonguss|Spore|p1a: la poste
|-status|p1a: la poste|slp|[from] move: Spore
|
|-weather|RainDance|[upkeep]
|upkeep
|turn|3
|
|t:|1756314915
|move|p2b: Amoonguss|Rage Powder|p2b: Amoonguss
|-singleturn|p2b: Amoonguss|move: Rage Powder
|move|p1b: Grimmsnarl|Parting Shot|p2b: Amoonguss
|-unboost|p2b: Amoonguss|atk|1
|-unboost|p2b: Amoonguss|spa|1
|
|t:|1756314925
|switch|p1b: arch btw|Archaludon, L50, F, shiny|100/100|[from] Parting Shot
|cant|p1a: la poste|slp
|move|p2a: Archaludon|Electro Shot||[still]
|-prepare|p2a: Archaludon|Electro Shot
|-boost|p2a: Archaludon|spa|1
|-anim|p2a: Archaludon|Electro Shot|p1a: la poste
|-supereffective|p1a: la poste
|-enditem|p1a: la poste|Focus Sash
|-damage|p1a: la poste|1/100 slp
|
|-weather|RainDance|[upkeep]
|upkeep
|turn|4
|
|t:|1756314962
|move|p2b: Amoonguss|Protect|p2b: Amoonguss
|-singleturn|p2b: Amoonguss|Protect
|cant|p1a: la poste|slp
|move|p1b: arch btw|Electro Shot||[still]
|-prepare|p1b: arch btw|Electro Shot
|-boost|p1b: arch btw|spa|1
|-anim|p1b: arch btw|Electro Shot|p2b: Amoonguss
|-activate|p2b: Amoonguss|move: Protect
|move|p2a: Archaludon|Electro Shot||[still]
|-prepare|p2a: Archaludon|Electro Shot
|-boost|p2a: Archaludon|spa|1
|-anim|p2a: Archaludon|Electro Shot|p1b: arch btw
|-resisted|p1b: arch btw
|-damage|p1b: arch btw|61/100
|-ability|p1b: arch btw|Stamina|boost
|-boost|p1b: arch btw|def|1
|
|-weather|RainDance|[upkeep]
|upkeep
|turn|5
|
|t:|1756314985
|switch|p2b: Tyranitar|Tyranitar, L50, M|100/100
|-weather|Sandstorm|[from] ability: Sand Stream|[of] p2b: Tyranitar
|-curestatus|p1a: la poste|slp|[msg]
|move|p1a: la poste|Hurricane|p2b: Tyranitar|[miss]
|-miss|p1a: la poste|p2b: Tyranitar
|move|p1b: arch btw|Electro Shot||[still]
|-prepare|p1b: arch btw|Electro Shot
|-boost|p1b: arch btw|spa|1
|move|p2a: Archaludon|Electro Shot||[still]
|-prepare|p2a: Archaludon|Electro Shot
|-boost|p2a: Archaludon|spa|1
|-enditem|p2a: Archaludon|Power Herb
|-anim|p2a: Archaludon|Electro Shot|p1b: arch btw
|-resisted|p1b: arch btw
|-damage|p1b: arch btw|19/100
|-ability|p1b: arch btw|Stamina|boost
|-boost|p1b: arch btw|def|1
|
|-weather|Sandstorm|[upkeep]
|-damage|p1a: la poste|0 fnt|[from] Sandstorm
|faint|p1a: la poste
|-sideend|p1: tulpeon|move: Tailwind
|upkeep
|
|t:|1756315005
|switch|p1a: Amoonguss|Amoonguss, L50, F, shiny|100/100
|turn|6
|
|t:|1756315013
|move|p2a: Archaludon|Dragon Pulse|p1a: Amoonguss
|-damage|p1a: Amoonguss|21/100
|move|p1b: arch btw|Electro Shot|p2b: Tyranitar|[from] lockedmove
|-damage|p2b: Tyranitar|69/100
|move|p2b: Tyranitar|High Horsepower|p1b: arch btw
|-supereffective|p1b: arch btw
|-damage|p1b: arch btw|0 fnt
|faint|p1b: arch btw
|move|p1a: Amoonguss|Spore|p2a: Archaludon
|-status|p2a: Archaludon|slp|[from] move: Spore
|
|-weather|Sandstorm|[upkeep]
|-damage|p1a: Amoonguss|15/100|[from] Sandstorm
|upkeep
|
|t:|1756315026
|switch|p1b: Grimmsnarl|Grimmsnarl, L50, M|19/100
|turn|7
|-message|tulpeon forfeited.
|
|win|SunDiazVGC
|raw|tulpeon's rating: 1072 → 1049(-23 for losing)
|raw|SunDiazVGC's rating: 1042 → 1079(+37 for winning)
|c|☆tulpeon|ggs
|c|☆SunDiazVGC|gg
|l|☆SunDiazVGC
|player|p2|
