|j|☆itbeasher
|j|‽Muggcat
|html|itbeasherMuggcat    
|uhtml|bestof|Game 3 of a best-of-3
|t:|1756923719
|gametype|doubles
|player|p1|itbeasher|101|1125
|player|p2|Muggcat|waiter-gen4dp|1053
|gen|9
|tier|[Gen 9] VGC 2025 Reg H (Bo3)
|rated|
|rule|Species Clause: Limit one of each Pokémon
|rule|Item Clause: Limit 1 of each item
|clearpoke
|poke|p1|Jumpluff, L50, F|
|poke|p1|Typhlosion-Hisui, L50, M|
|poke|p1|Annihilape, L50, M|
|poke|p1|Torkoal, L50, F|
|poke|p1|Rillaboom, L50, M|
|poke|p1|Porygon2, L50|
|poke|p2|Gholdengo, L50|
|poke|p2|Pawmot, L50, F|
|poke|p2|Dragonite, L50, M|
|poke|p2|Alcremie-Rainbow-Swirl, L50, F|
|poke|p2|Annihilape, L50, F|
|poke|p2|Tyranitar, L50, F|
|teampreview|4
|showteam|p1|Jumpluff||CovertCloak|Chlorophyll|SleepPowder,Tailwind,RagePowder,PollenPuff|||F|||50|,,,,,Dark]Typhlosion-Hisui||ChoiceSpecs|Frisk|Eruption,HeatWave,ShadowBall,TeraBlast|||M|||50|,,,,,Stellar]Annihilape||SitrusBerry|Defiant|CloseCombat,Protect,FinalGambit,RageFist|||M|||50|,,,,,Fire]Torkoal||EjectPack|Drought|Protect,HelpingHand,Overheat,BurningJealousy|||F|||50|,,,,,Grass]Rillaboom||MiracleSeed|GrassySurge|FakeOut,GrassyGlide,HighHorsepower,WoodHammer|||M|||50|,,,,,Dragon]Porygon2||Eviolite|Download|Thunderbolt,IceBeam,Recover,TrickRoom||||||50|,,,,,Ghost
|showteam|p2|Gholdengo||Leftovers|GoodasGold|MakeItRain,ShadowBall,NastyPlot,Protect||||||50|,,,,,Flying]Pawmot||FocusSash|VoltAbsorb|CloseCombat,DoubleShock,Protect,RevivalBlessing|||F|||50|,,,,,Electric]Dragonite||LumBerry|Multiscale|Tailwind,ExtremeSpeed,StompingTantrum,Haze|||M|||50|,,,,,Normal]Alcremie-Rainbow-Swirl||QuickClaw|SweetVeil|DazzlingGleam,Decorate,FakeTears,Protect|||F|||50|,,,,,Ghost]Annihilape||SafetyGoggles|Defiant|RageFist,DrainPunch,BulkUp,Protect|||F|||50|,,,,,Fire]Tyranitar||AssaultVest|SandStream|TeraBlast,DarkPulse,IceBeam,EarthPower|||F|||50|,,,,,Flying
|
|t:|1756923781
|teamsize|p1|4
|teamsize|p2|4
|start
|switch|p1a: Jumpluff|Jumpluff, L50, F, shiny|100/100
|switch|p1b: Torkoal|Torkoal, L50, F, shiny|100/100
|switch|p2a: Tyranitar|Tyranitar, L50, F, shiny|100/100
|switch|p2b: Alcremie|Alcremie-Rainbow-Swirl, L50, F, shiny|100/100
|-weather|Sandstorm|[from] ability: Sand Stream|[of] p2a: Tyranitar
|-weather|SunnyDay|[from] ability: Drought|[of] p1b: Torkoal
|turn|1
|
|t:|1756923806
|-terastallize|p2a: Tyranitar|Flying
|move|p1a: Jumpluff|Sleep Powder|p2a: Tyranitar|[miss]
|-miss|p1a: Jumpluff|p2a: Tyranitar
|move|p2b: Alcremie|Decorate|p2a: Tyranitar
|-boost|p2a: Tyranitar|atk|2
|-boost|p2a: Tyranitar|spa|2
|move|p2a: Tyranitar|Tera Blast|p1b: Torkoal|[anim] Tera Blast Flying
|-damage|p1b: Torkoal|29/100
|move|p1b: Torkoal|Overheat|p2b: Alcremie
|-damage|p2b: Alcremie|38/100
|-unboost|p1b: Torkoal|spa|2
|-enditem|p1b: Torkoal|Eject Pack
|
|t:|1756923814
|switch|p1b: Typhlosion|Typhlosion-Hisui, L50, M, shiny|100/100
|-item|p2a: Tyranitar|Assault Vest|[from] ability: Frisk|[of] p1b: Typhlosion
|-item|p2b: Alcremie|Quick Claw|[from] ability: Frisk|[of] p1b: Typhlosion
|
|-weather|SunnyDay|[upkeep]
|upkeep
|turn|2
|c|☆itbeasher|Eventually I will hit a sleep powder
|
|t:|1756923839
|move|p1a: Jumpluff|Sleep Powder|p2a: Tyranitar
|-block|p2a: Tyranitar|ability: Sweet Veil|[of] p2b: Alcremie
|move|p1b: Typhlosion|Eruption|p2b: Alcremie|[spread] p2a,p2b
|-damage|p2a: Tyranitar|33/100
|-damage|p2b: Alcremie|0 fnt
|faint|p2b: Alcremie
|move|p2a: Tyranitar|Earth Power|p1b: Typhlosion
|-supereffective|p1b: Typhlosion
|-damage|p1b: Typhlosion|0 fnt
|faint|p1b: Typhlosion
|
|-weather|SunnyDay|[upkeep]
|upkeep
|c|☆itbeasher|LOL
|c|☆itbeasher|gg
|
|t:|1756923853
|switch|p1b: Annihilape|Annihilape, L50, M, shiny|100/100
|switch|p2b: Dragonite|Dragonite, L50, M, shiny|100/100
|turn|3
|
|t:|1756923870
|move|p1a: Jumpluff|Sleep Powder|p2a: Tyranitar
|-status|p2a: Tyranitar|slp|[from] move: Sleep Powder
|move|p1b: Annihilape|Rage Fist|p2a: Tyranitar
|-damage|p2a: Tyranitar|16/100 slp
|move|p2b: Dragonite|Tailwind|p2b: Dragonite
|-sidestart|p2: Muggcat|move: Tailwind
|cant|p2a: Tyranitar|slp
|
|-weather|SunnyDay|[upkeep]
|upkeep
|turn|4
|
|t:|1756923887
|move|p2b: Dragonite|Extreme Speed|p1a: Jumpluff
|-damage|p1a: Jumpluff|59/100
|move|p1a: Jumpluff|Sleep Powder|p2b: Dragonite|[miss]
|-miss|p1a: Jumpluff|p2b: Dragonite
|cant|p2a: Tyranitar|slp
|move|p1b: Annihilape|Rage Fist|p2a: Tyranitar
|-damage|p2a: Tyranitar|0 fnt
|faint|p2a: Tyranitar
|
|-weather|SunnyDay|[upkeep]
|upkeep
|
|t:|1756923902
|switch|p2a: Pawmot|Pawmot, L50, F, shiny|100/100
|turn|5
|
|t:|1756923926
|move|p2b: Dragonite|Extreme Speed|p1a: Jumpluff
|-damage|p1a: Jumpluff|18/100
|move|p1a: Jumpluff|Sleep Powder|p2a: Pawmot
|-status|p2a: Pawmot|slp|[from] move: Sleep Powder
|cant|p2a: Pawmot|slp
|move|p1b: Annihilape|Rage Fist|p2a: Pawmot
|-damage|p2a: Pawmot|67/100 slp
|
|-weather|none
|upkeep
|turn|6
|
|t:|1756923945
|switch|p1a: Torkoal|Torkoal, L50, F, shiny|29/100
|-weather|SunnyDay|[from] ability: Drought|[of] p1a: Torkoal
|move|p2b: Dragonite|Extreme Speed|p1a: Torkoal
|-damage|p1a: Torkoal|8/100
|cant|p2a: Pawmot|slp
|move|p1b: Annihilape|Close Combat|p2a: Pawmot
|-damage|p2a: Pawmot|0 fnt
|-unboost|p1b: Annihilape|def|1
|-unboost|p1b: Annihilape|spd|1
|faint|p2a: Pawmot
|
|-weather|SunnyDay|[upkeep]
|-sideend|p2: Muggcat|move: Tailwind
|upkeep
|turn|7
|
|t:|1756923965
|move|p1a: Torkoal|Helping Hand|p1b: Annihilape
|-singleturn|p1b: Annihilape|Helping Hand|[of] p1a: Torkoal
|move|p2b: Dragonite|Extreme Speed|p1a: Torkoal
|-damage|p1a: Torkoal|0 fnt
|faint|p1a: Torkoal
|move|p1b: Annihilape|Final Gambit|p2b: Dragonite
|-damage|p2b: Dragonite|0 fnt
|faint|p1b: Annihilape
|faint|p2b: Dragonite
|
|win|itbeasher
|raw|itbeasher's rating: 1125 → 1145(+20 for winning)
|raw|Muggcat's rating: 1053 → 1039(-14 for losing)
