|j|☆Jaylek
|j|☆messyboii
|html|Jaylekmessyboii    
|uhtml|bestof|Game 2 of a best-of-3
|t:|1785977509
|gametype|doubles
|player|p1|Jaylek|aaron|
|player|p2|messyboii|grimsley|
|gen|9
|tier|[Gen 9 Champions] VGC 2026 Reg M-B (Bo3)
|rule|Species Clause: Limit one of each Pokémon
|rule|Item Clause: Limit 1 of each item
|clearpoke
|poke|p1|Pelipper, L50, F|
|poke|p1|Archaludon, L50, F|
|poke|p1|Swampert, L50, F|
|poke|p1|Venusaur, L50, F|
|poke|p1|Toucannon, L50, F|
|poke|p1|Grimmsnarl, L50, M|
|poke|p2|Basculegion, L50, M|
|poke|p2|Scizor, L50, F|
|poke|p2|Simisear, L50, M, shiny|
|poke|p2|Garchomp, L50, F, shiny|
|poke|p2|Tyranitar, L50, M|
|poke|p2|Corviknight, L50, F, shiny|
|teampreview|4
|showteam|p1|Pelipper||FocusSash|Drizzle|WeatherBall,Hurricane,Tailwind,WideGuard|Timid||F|||50|]Archaludon||Leftovers|Stamina|ElectroShot,FlashCannon,DragonPulse,Protect|Modest||F|||50|]Swampert||Swampertite|Torrent|WaveCrash,Earthquake,IcePunch,Protect|Adamant||F|||50|]Venusaur||Venusaurite|Chlorophyll|GigaDrain,SludgeBomb,EarthPower,Protect|Modest||F|||50|]Toucannon||KingsRock|SkillLink|BraveBird,RockBlast,BulletSeed,Protect|Jolly||F|||50|]Grimmsnarl||LightClay|Prankster|Reflect,LightScreen,PartingShot,FoulPlay|Serious||M|||50|
|showteam|p2|Basculegion||SitrusBerry|Adaptability|WaveCrash,AquaJet,LastRespects,Protect|Jolly||M|||50|]Scizor||LifeOrb|Technician|BulletPunch,BugBite,SwordsDance,Protect|Adamant||F|||50|]Simisear||FocusSash|Blaze|FakeOut,WillOWisp,BlazeKick,RockSlide|Jolly||M|||50|]Garchomp||Garchompite|SandVeil|EarthPower,DracoMeteor,PowerGem,Protect|Modest||F|||50|]Tyranitar||ChoiceScarf|SandStream|RockSlide,KnockOff,IcePunch,Superpower|Jolly||M|||50|]Corviknight||Leftovers|MirrorArmor|IronHead,BraveBird,Tailwind,Protect|Impish||F|||50|
|j| BigBeeGaming
|j| LakeyWakey
|
|t:|1785977525
|teamsize|p1|4
|teamsize|p2|4
|start
|switch|p1a: Tsurumaru Tsuyoshi|Pelipper, L50, F|100/100
|switch|p1b: Special Week|Swampert, L50, F|100/100
|switch|p2a: Tango|Basculegion, L50, M|100/100
|switch|p2b: Pinpoint|Simisear, L50, M, shiny|100/100
|-weather|RainDance|[from] ability: Drizzle|[of] p1a: Tsurumaru Tsuyoshi
|turn|1
|
|t:|1785977537
|detailschange|p1b: Special Week|Swampert-Mega, L50, F
|-mega|p1b: Special Week|Swampert|Swampertite
|move|p1b: Special Week|Protect|p1b: Special Week
|-singleturn|p1b: Special Week|Protect
|move|p2b: Pinpoint|Fake Out|p1b: Special Week
|-activate|p1b: Special Week|move: Protect
|move|p2a: Tango|Wave Crash|p1b: Special Week
|-activate|p1b: Special Week|move: Protect
|move|p1a: Tsurumaru Tsuyoshi|Tailwind|p1a: Tsurumaru Tsuyoshi
|-sidestart|p1: Jaylek|move: Tailwind
|
|-weather|RainDance|[upkeep]
|upkeep
|turn|2
|
|t:|1785977549
|switch|p2a: Crossclimb|Tyranitar, L50, M|100/100
|-weather|Sandstorm|[from] ability: Sand Stream|[of] p2a: Crossclimb
|move|p1a: Tsurumaru Tsuyoshi|Hurricane|p2a: Crossclimb|[miss]
|-miss|p1a: Tsurumaru Tsuyoshi|p2a: Crossclimb
|move|p1b: Special Week|Earthquake|p2b: Pinpoint|[spread] p2a,p2b
|-immune|p1a: Tsurumaru Tsuyoshi
|-supereffective|p2a: Crossclimb|1
|-supereffective|p2b: Pinpoint|1
|-damage|p2a: Crossclimb|4/100
|-enditem|p2b: Pinpoint|Focus Sash
|-damage|p2b: Pinpoint|1/100
|move|p2b: Pinpoint|Will-O-Wisp|p1b: Special Week
|-status|p1b: Special Week|brn
|
|-weather|Sandstorm|[upkeep]
|-damage|p1a: Tsurumaru Tsuyoshi|94/100|[from] Sandstorm
|-damage|p2b: Pinpoint|0 fnt|[from] Sandstorm
|faint|p2b: Pinpoint
|-damage|p1b: Special Week|93/100 brn|[from] brn
|upkeep
|
|t:|1785977565
|switch|p2b: Tango|Basculegion, L50, M|100/100
|turn|3
|
|t:|1785977571
|switch|p1a: El Condor Pasa|Toucannon, L50, F|100/100
|move|p1b: Special Week|Earthquake|p2b: Tango|[spread] p2a,p2b
|-immune|p1a: El Condor Pasa
|-supereffective|p2a: Crossclimb|1
|-damage|p2a: Crossclimb|0 fnt
|-damage|p2b: Tango|72/100
|faint|p2a: Crossclimb
|move|p2b: Tango|Wave Crash|p1b: Special Week
|-crit|p1b: Special Week
|-damage|p1b: Special Week|0 fnt
|faint|p1b: Special Week
|-damage|p2b: Tango|44/100|[from] Recoil
|-enditem|p2b: Tango|Sitrus Berry|[eat]
|-heal|p2b: Tango|69/100|[from] item: Sitrus Berry
|
|-weather|Sandstorm|[upkeep]
|-damage|p1a: El Condor Pasa|94/100|[from] Sandstorm
|-damage|p2b: Tango|63/100|[from] Sandstorm
|upkeep
|
|t:|1785977580
|switch|p2a: Patches|Garchomp, L50, F, shiny|100/100
|switch|p1b: Tsurumaru Tsuyoshi|Pelipper, L50, F|94/100
|-weather|RainDance|[from] ability: Drizzle|[of] p1b: Tsurumaru Tsuyoshi
|turn|4
|
|t:|1785977614
|detailschange|p2a: Patches|Garchomp-Mega, L50, F, shiny
|-mega|p2a: Patches|Garchomp|Garchompite
|move|p2b: Tango|Protect|p2b: Tango
|-singleturn|p2b: Tango|Protect
|move|p1b: Tsurumaru Tsuyoshi|Hurricane|p2b: Tango
|-activate|p2b: Tango|move: Protect
|move|p1a: El Condor Pasa|Bullet Seed|p2b: Tango
|-activate|p2b: Tango|move: Protect
|move|p2a: Patches|Power Gem|p1a: El Condor Pasa
|-supereffective|p1a: El Condor Pasa|1
|-crit|p1a: El Condor Pasa
|-damage|p1a: El Condor Pasa|0 fnt
|faint|p1a: El Condor Pasa
|
|-weather|RainDance|[upkeep]
|-sideend|p1: Jaylek|move: Tailwind
|upkeep
|
|t:|1785977623
|switch|p1a: King Halo|Archaludon, L50, F|100/100
|turn|5
|
|t:|1785977634
|move|p1a: King Halo|Protect|p1a: King Halo
|-singleturn|p1a: King Halo|Protect
|move|p2a: Patches|Earth Power|p1a: King Halo
|-activate|p1a: King Halo|move: Protect
|move|p2b: Tango|Last Respects|p1b: Tsurumaru Tsuyoshi
|-crit|p1b: Tsurumaru Tsuyoshi
|-damage|p1b: Tsurumaru Tsuyoshi|0 fnt
|faint|p1b: Tsurumaru Tsuyoshi
|
|-weather|RainDance|[upkeep]
|upkeep
|turn|6
|
|t:|1785977653
|move|p2a: Patches|Earth Power|p1a: King Halo
|-supereffective|p1a: King Halo|1
|-damage|p1a: King Halo|8/100
|-ability|p1a: King Halo|Stamina|boost
|-boost|p1a: King Halo|def|1
|move|p2b: Tango|Last Respects|p1a: King Halo
|-damage|p1a: King Halo|0 fnt
|faint|p1a: King Halo
|
|win|messyboii
|l| LakeyWakey
|l|☆Jaylek
|player|p1|
