|j|☆Cello L.
|j|☆imrealafdbn
|html|Cello L.imrealafdbn    
|uhtml|bestof|Game 1 of a best-of-3
|t:|1782265485
|gametype|doubles
|player|p1|Cello L.|cynthia-gen4|1148
|player|p2|imrealafdbn|101|1071
|gen|9
|tier|[Gen 9 Champions] VGC 2026 Reg M-B (Bo3)
|rated|
|rule|Species Clause: Limit one of each Pokémon
|rule|Item Clause: Limit 1 of each item
|clearpoke
|poke|p1|Froslass, L50, F|
|poke|p1|Dragonite, L50, F|
|poke|p1|Garchomp, L50, M|
|poke|p1|Basculegion, L50, M|
|poke|p1|Sneasler, L50, M|
|poke|p1|Kingambit, L50, M|
|poke|p2|Charizard, L50, M, shiny|
|poke|p2|Sneasler, L50, M|
|poke|p2|Malamar, L50, F, shiny|
|poke|p2|Toxapex, L50, M, shiny|
|poke|p2|Incineroar, L50, F|
|poke|p2|Ninetales-Alola, L50, F|
|teampreview|4
|showteam|p1|Froslass||Froslassite|CursedBody|Blizzard,ShadowBall,AuroraVeil,Protect|Timid||F|||50|]Dragonite||Dragoninite|Multiscale|DragonPulse,Thunderbolt,Flamethrower,Protect|Modest||F|||50|]Garchomp||LifeOrb|RoughSkin|Earthquake,StompingTantrum,DragonClaw,Protect|Jolly||M|||50|]Basculegion||SitrusBerry|Adaptability|WaveCrash,LastRespects,AquaJet,Protect|Adamant||M|||50|]Sneasler||WhiteHerb|Unburden|CloseCombat,DireClaw,FakeOut,Protect|Jolly||M|||50|]Kingambit||BlackGlasses|Defiant|KowtowCleave,SuckerPunch,IronHead,Protect|Adamant||M|||50|
|showteam|p2|Charizard||CharizarditeY|Blaze|HeatWave,WeatherBall,SolarBeam,Protect|Timid||M|||50|]Sneasler||WhiteHerb|Unburden|DireClaw,CloseCombat,FakeOut,Protect|Jolly||M|||50|]Malamar||Malamarite|Contrary|Superpower,RockSlide,KnockOff,Protect|Adamant||F|||50|]Toxapex||Leftovers|Regenerator|Toxic,Infestation,WideGuard,BanefulBunker|Calm||M|||50|]Incineroar||SitrusBerry|Intimidate|FakeOut,FlareBlitz,PartingShot,ThroatChop|Careful||F|||50|]Ninetales-Alola||FocusSash|SnowWarning|Blizzard,Moonblast,AuroraVeil,Protect|Timid||F|||50|
|
|t:|1782265528
|teamsize|p1|4
|teamsize|p2|4
|start
|switch|p1a: Serenity|Dragonite, L50, F|100/100
|switch|p1b: Stairs|Sneasler, L50, M|100/100
|switch|p2a: Malamar|Malamar, L50, F, shiny|100/100
|switch|p2b: Sneasler|Sneasler, L50, M|100/100
|turn|1
|
|t:|1782265557
|move|p1b: Stairs|Protect|p1b: Stairs
|-singleturn|p1b: Stairs|Protect
|move|p1a: Serenity|Protect|p1a: Serenity
|-singleturn|p1a: Serenity|Protect
|move|p2b: Sneasler|Fake Out|p1b: Stairs
|-activate|p1b: Stairs|move: Protect
|move|p2a: Malamar|Rock Slide|p1a: Serenity|[spread] 
|-activate|p1a: Serenity|move: Protect
|-activate|p1b: Stairs|move: Protect
|
|upkeep
|turn|2
|
|t:|1782265573
|detailschange|p1a: Serenity|Dragonite-Mega, L50, F
|-mega|p1a: Serenity|Dragonite|Dragoninite
|move|p1b: Stairs|Close Combat|p2a: Malamar
|-damage|p2a: Malamar|26/100
|-unboost|p1b: Stairs|def|1
|-unboost|p1b: Stairs|spd|1
|-enditem|p1b: Stairs|White Herb
|-clearnegativeboost|p1b: Stairs|[silent]
|move|p2b: Sneasler|Close Combat|p1a: Serenity
|-resisted|p1a: Serenity|1
|-damage|p1a: Serenity|85/100
|-unboost|p2b: Sneasler|def|1
|-unboost|p2b: Sneasler|spd|1
|-enditem|p2b: Sneasler|White Herb
|-clearnegativeboost|p2b: Sneasler|[silent]
|move|p1a: Serenity|Dragon Pulse|p2a: Malamar
|-damage|p2a: Malamar|0 fnt
|faint|p2a: Malamar
|
|upkeep
|
|t:|1782265584
|switch|p2a: Ninetales|Ninetales-Alola, L50, F|100/100
|-weather|Snowscape|[from] ability: Snow Warning|[of] p2a: Ninetales
|turn|3
|
|t:|1782265599
|switch|p1a: Knowledge|Basculegion, L50, M|100/100
|move|p2a: Ninetales|Protect|p2a: Ninetales
|-singleturn|p2a: Ninetales|Protect
|move|p1b: Stairs|Dire Claw|p2a: Ninetales
|-activate|p2a: Ninetales|move: Protect
|move|p2b: Sneasler|Close Combat|p1b: Stairs
|-resisted|p1b: Stairs|1
|-damage|p1b: Stairs|49/100
|-unboost|p2b: Sneasler|def|1
|-unboost|p2b: Sneasler|spd|1
|
|-weather|Snowscape|[upkeep]
|upkeep
|turn|4
|
|t:|1782265613
|move|p1a: Knowledge|Aqua Jet|p2a: Ninetales
|-damage|p2a: Ninetales|73/100
|move|p1b: Stairs|Dire Claw|p2a: Ninetales
|-supereffective|p2a: Ninetales|1
|-damage|p2a: Ninetales|0 fnt
|faint|p2a: Ninetales
|move|p2b: Sneasler|Close Combat|p1b: Stairs
|-resisted|p1b: Stairs|1
|-damage|p1b: Stairs|0 fnt
|-unboost|p2b: Sneasler|def|1
|-unboost|p2b: Sneasler|spd|1
|faint|p1b: Stairs
|
|-weather|Snowscape|[upkeep]
|upkeep
|inactive|Battle timer is ON: inactive players will automatically lose when time's up. (requested by imrealafdbn)
|
|t:|1782265643
|switch|p1b: Courage|Garchomp, L50, M|100/100
|switch|p2a: Charizard|Charizard, L50, M, shiny|100/100
|turn|5
|
|t:|1782265670
|move|p1a: Knowledge|Protect|p1a: Knowledge
|-singleturn|p1a: Knowledge|Protect
|move|p2b: Sneasler|Dire Claw|p1a: Knowledge
|-activate|p1a: Knowledge|move: Protect
|move|p2a: Charizard|Weather Ball|p1b: Courage
|-supereffective|p1b: Courage|2
|-damage|p1b: Courage|0 fnt
|faint|p1b: Courage
|
|-weather|Snowscape|[upkeep]
|upkeep
|
|t:|1782265680
|switch|p1b: Serenity|Dragonite-Mega, L50, F|85/100
|turn|6
|
|t:|1782265688
|move|p2a: Charizard|Protect|p2a: Charizard
|-singleturn|p2a: Charizard|Protect
|move|p2b: Sneasler|Dire Claw|p1a: Knowledge
|-resisted|p1a: Knowledge|1
|-damage|p1a: Knowledge|76/100
|move|p1b: Serenity|Thunderbolt|p2a: Charizard
|-activate|p2a: Charizard|move: Protect
|move|p1a: Knowledge|Last Respects|p2a: Charizard
|-activate|p2a: Charizard|move: Protect
|
|-weather|Snowscape|[upkeep]
|upkeep
|turn|7
|
|t:|1782265710
|detailschange|p2a: Charizard|Charizard-Mega-Y, L50, M, shiny
|-mega|p2a: Charizard|Charizard|Charizardite Y
|-weather|SunnyDay|[from] ability: Drought|[of] p2a: Charizard
|move|p1a: Knowledge|Protect|p1a: Knowledge
|-singleturn|p1a: Knowledge|Protect
|move|p2b: Sneasler|Dire Claw|p1b: Serenity
|-damage|p1b: Serenity|43/100
|move|p2a: Charizard|Solar Beam||[still]
|-prepare|p2a: Charizard|Solar Beam
|-anim|p2a: Charizard|Solar Beam|p1a: Knowledge
|-activate|p1a: Knowledge|move: Protect
|move|p1b: Serenity|Dragon Pulse|p2b: Sneasler
|-damage|p2b: Sneasler|0 fnt
|faint|p2b: Sneasler
|
|-weather|SunnyDay|[upkeep]
|upkeep
|turn|8
|inactive|Cello L. has 30 seconds left.
|
|t:|1782265744
|move|p2a: Charizard|Solar Beam||[still]
|-prepare|p2a: Charizard|Solar Beam
|-anim|p2a: Charizard|Solar Beam|p1a: Knowledge
|-supereffective|p1a: Knowledge|1
|-damage|p1a: Knowledge|0 fnt
|faint|p1a: Knowledge
|move|p1b: Serenity|Thunderbolt|p2a: Charizard
|-supereffective|p2a: Charizard|1
|-damage|p2a: Charizard|26/100
|
|-weather|SunnyDay|[upkeep]
|upkeep
|turn|9
|
|t:|1782265752
|move|p2a: Charizard|Weather Ball|p1b: Serenity
|-resisted|p1b: Serenity|1
|-damage|p1b: Serenity|4/100
|move|p1b: Serenity|Thunderbolt|p2a: Charizard
|-supereffective|p2a: Charizard|1
|-damage|p2a: Charizard|0 fnt
|faint|p2a: Charizard
|
|win|Cello L.
||imrealafdbn is ready for game 2.
||Cello L. is ready for game 2.
|uhtml|next|Next: Game 2 of 3
