|j|☆LoveLiveTrickRoom
|j|☆glueck
|html|LoveLiveTrickRoomglueck    
|uhtml|bestof|Game 1 of a best-of-3
|t:|1756380080
|gametype|doubles
|player|p1|LoveLiveTrickRoom|blackbelt-gen1|1119
|player|p2|glueck|marley|1000
|gen|9
|tier|[Gen 9] VGC 2025 Reg H (Bo3)
|rated|
|rule|Species Clause: Limit one of each Pokémon
|rule|Item Clause: Limit 1 of each item
|clearpoke
|poke|p1|Pelipper, L50, F|
|poke|p1|Brambleghast, L50, F|
|poke|p1|Archaludon, L50, M|
|poke|p1|Basculegion, L50, M|
|poke|p1|Kingambit, L50, M|
|poke|p1|Amoonguss, L50, M|
|poke|p2|Charizard, L50, F|
|poke|p2|Torkoal, L50, M|
|poke|p2|Porygon2, L50|
|poke|p2|Incineroar, L50, M|
|poke|p2|Jumpluff, L50, F|
|poke|p2|Ursaluna, L50, M|
|teampreview|4
|showteam|p1|Pelipper||CovertCloak|Drizzle|Hurricane,WeatherBall,Tailwind,Protect|||F|||50|,,,,,Grass]Brambleghast||FocusSash|WindRider|SeedBomb,Poltergeist,ShadowSneak,Protect|||F|||50|,,,,,Ghost]Archaludon||AssaultVest|Stamina|ElectroShot,DracoMeteor,FlashCannon,BodyPress|||M|||50|,,,,,Bug]Basculegion||ChoiceBand|SwiftSwim|FlipTurn,WaveCrash,AquaJet,LastRespects|||M|||50|,,,,,Grass]Kingambit||BlackGlasses|Defiant|KowtowCleave,SuckerPunch,SwordsDance,Protect|||M|||50|,,,,,Dark]Amoonguss||SitrusBerry|EffectSpore|Spore,RagePowder,PollenPuff,Protect|||M|||50|,,,,,Fire
|showteam|p2|Charizard||ChoiceSpecs|SolarPower|HeatWave,Overheat,WeatherBall,AirSlash|||F|||50|,,,,,Ghost]Torkoal||EjectPack|Drought|Eruption,Overheat,HelpingHand,Protect|||M|||50|,,,,,Fire]Porygon2||Eviolite|Download|TeraBlast,IceBeam,Recover,TrickRoom||||||50|,,,,,Fighting]Incineroar||SitrusBerry|Intimidate|FlareBlitz,KnockOff,FakeOut,PartingShot|||M|||50|,,,,,Ghost]Jumpluff||CovertCloak|Chlorophyll|SleepPowder,SunnyDay,RagePowder,Tailwind|||F|||50|,,,,,Water]Ursaluna||FlameOrb|Guts|HeadlongRush,Facade,Earthquake,Protect|||M|||50|,,,,,Ghost
|inactive|Battle timer is ON: inactive players will automatically lose when time's up. (requested by glueck)
|
|t:|1756380110
|teamsize|p1|4
|teamsize|p2|4
|start
|switch|p1a: Basculegion|Basculegion, L50, M|100/100
|switch|p1b: Amoonguss|Amoonguss, L50, M|100/100
|switch|p2a: Charizard|Charizard, L50, F|100/100
|switch|p2b: Jumpluff|Jumpluff, L50, F|100/100
|turn|1
|
|t:|1756380132
|switch|p2b: Torkoal|Torkoal, L50, M|100/100
|-weather|SunnyDay|[from] ability: Drought|[of] p2b: Torkoal
|switch|p1a: Brambleghast|Brambleghast, L50, F|100/100
|-terastallize|p2a: Charizard|Ghost
|-terastallize|p1b: Amoonguss|Fire
|move|p2a: Charizard|Heat Wave|p1b: Amoonguss|[spread] p1b
|-ability|p1a: Brambleghast|Wind Rider|boost
|-boost|p1a: Brambleghast|atk|1
|-resisted|p1b: Amoonguss
|-damage|p1b: Amoonguss|59/100
|move|p1b: Amoonguss|Spore|p2a: Charizard
|-status|p2a: Charizard|slp|[from] move: Spore
|
|-weather|SunnyDay|[upkeep]
|-damage|p2a: Charizard|88/100 slp|[from] ability: Solar Power|[of] p2a: Charizard
|upkeep
|turn|2
|inactive|glueck has 30 seconds left.
|inactive|glueck has 20 seconds left.
|inactive|glueck has 15 seconds left.
|
|t:|1756380176
|switch|p2a: Incineroar|Incineroar, L50, M|100/100
|-ability|p2a: Incineroar|Intimidate|boost
|-unboost|p1a: Brambleghast|atk|1
|-unboost|p1b: Amoonguss|atk|1
|move|p2b: Torkoal|Protect|p2b: Torkoal
|-singleturn|p2b: Torkoal|Protect
|move|p1a: Brambleghast|Poltergeist|p2a: Incineroar
|-activate|p2a: Incineroar|move: Poltergeist|Sitrus Berry
|-resisted|p2a: Incineroar
|-damage|p2a: Incineroar|75/100
|move|p1b: Amoonguss|Spore|p2b: Torkoal
|-activate|p2b: Torkoal|move: Protect
|
|-weather|SunnyDay|[upkeep]
|upkeep
|turn|3
|
|t:|1756380193
|switch|p1a: Pelipper|Pelipper, L50, F|100/100
|-weather|RainDance|[from] ability: Drizzle|[of] p1a: Pelipper
|move|p2a: Incineroar|Fake Out|p1b: Amoonguss
|-damage|p1b: Amoonguss|48/100
|-status|p2a: Incineroar|par|[from] ability: Effect Spore|[of] p1b: Amoonguss
|-enditem|p1b: Amoonguss|Sitrus Berry|[eat]
|-heal|p1b: Amoonguss|72/100|[from] item: Sitrus Berry
|cant|p1b: Amoonguss|flinch
|move|p2b: Torkoal|Eruption|p1b: Amoonguss|[spread] p1a,p1b
|-resisted|p1a: Pelipper
|-resisted|p1b: Amoonguss
|-damage|p1a: Pelipper|83/100
|-damage|p1b: Amoonguss|64/100
|
|-weather|RainDance|[upkeep]
|upkeep
|turn|4
|inactive|glueck has 30 seconds left.
|
|t:|1756380226
|switch|p2a: Jumpluff|Jumpluff, L50, F|100/100
|move|p1a: Pelipper|Weather Ball|p2b: Torkoal
|-supereffective|p2b: Torkoal
|-damage|p2b: Torkoal|0 fnt
|faint|p2b: Torkoal
|move|p1b: Amoonguss|Pollen Puff|p2a: Jumpluff
|-damage|p2a: Jumpluff|82/100
|
|-weather|RainDance|[upkeep]
|upkeep
|
|t:|1756380234
|switch|p2b: Charizard|Charizard, L50, F, tera:Ghost|88/100 slp
|turn|5
|
|t:|1756380255
|switch|p1a: Brambleghast|Brambleghast, L50, F|100/100
|move|p1b: Amoonguss|Protect|p1b: Amoonguss
|-singleturn|p1b: Amoonguss|Protect
|move|p2a: Jumpluff|Sunny Day|p2a: Jumpluff
|-weather|SunnyDay
|cant|p2b: Charizard|slp
|
|-weather|SunnyDay|[upkeep]
|-damage|p2b: Charizard|76/100 slp|[from] ability: Solar Power|[of] p2b: Charizard
|upkeep
|turn|6
|inactive|glueck has 30 seconds left.
|
|t:|1756380282
|switch|p1b: Pelipper|Pelipper, L50, F|83/100
|-weather|RainDance|[from] ability: Drizzle|[of] p1b: Pelipper
|move|p2a: Jumpluff|Sleep Powder|p1b: Pelipper|[miss]
|-miss|p2a: Jumpluff|p1b: Pelipper
|cant|p2b: Charizard|slp
|move|p1a: Brambleghast|Poltergeist|p2b: Charizard
|-activate|p2b: Charizard|move: Poltergeist|Choice Specs
|-supereffective|p2b: Charizard
|-damage|p2b: Charizard|0 fnt
|faint|p2b: Charizard
|
|-weather|RainDance|[upkeep]
|upkeep
|
|t:|1756380293
|switch|p2b: Incineroar|Incineroar, L50, M|75/100 par
|-ability|p2b: Incineroar|Intimidate|boost
|-unboost|p1a: Brambleghast|atk|1
|-unboost|p1b: Pelipper|atk|1
|turn|7
|
|t:|1756380302
|switch|p1a: Amoonguss|Amoonguss, L50, M, tera:Fire|64/100
|move|p2a: Jumpluff|Sunny Day|p2a: Jumpluff
|-weather|SunnyDay
|move|p1b: Pelipper|Hurricane|p2a: Jumpluff|[miss]
|-miss|p1b: Pelipper|p2a: Jumpluff
|move|p2b: Incineroar|Knock Off|p1a: Amoonguss
|-damage|p1a: Amoonguss|37/100
|
|-weather|SunnyDay|[upkeep]
|upkeep
|turn|8
|
|t:|1756380324
|move|p2a: Jumpluff|Sleep Powder|p1b: Pelipper
|-status|p1b: Pelipper|slp|[from] move: Sleep Powder
|cant|p1b: Pelipper|slp
|move|p2b: Incineroar|Knock Off|p1b: Pelipper
|-damage|p1b: Pelipper|31/100 slp
|-enditem|p1b: Pelipper|Covert Cloak|[from] move: Knock Off|[of] p2b: Incineroar
|move|p1a: Amoonguss|Pollen Puff|p1b: Pelipper
|-heal|p1b: Pelipper|81/100 slp
|
|-weather|SunnyDay|[upkeep]
|upkeep
|turn|9
|
|t:|1756380340
|switch|p1a: Brambleghast|Brambleghast, L50, F|100/100
|move|p2a: Jumpluff|Sleep Powder|p1a: Brambleghast
|-immune|p1a: Brambleghast
|cant|p1b: Pelipper|slp
|move|p2b: Incineroar|Knock Off|p1a: Brambleghast
|-supereffective|p1a: Brambleghast
|-enditem|p1a: Brambleghast|Focus Sash
|-damage|p1a: Brambleghast|1/100
|
|-weather|SunnyDay|[upkeep]
|upkeep
|turn|10
|
|t:|1756380362
|move|p1a: Brambleghast|Protect|p1a: Brambleghast
|-singleturn|p1a: Brambleghast|Protect
|move|p2a: Jumpluff|Rage Powder|p2a: Jumpluff
|-singleturn|p2a: Jumpluff|move: Rage Powder
|cant|p1b: Pelipper|slp
|move|p2b: Incineroar|Knock Off|p1a: Brambleghast
|-activate|p1a: Brambleghast|move: Protect
|
|-weather|SunnyDay|[upkeep]
|upkeep
|turn|11
|
|t:|1756380372
|switch|p1a: Amoonguss|Amoonguss, L50, M, tera:Fire|37/100
|move|p2a: Jumpluff|Rage Powder|p2a: Jumpluff
|-singleturn|p2a: Jumpluff|move: Rage Powder
|-curestatus|p1b: Pelipper|slp|[msg]
|move|p1b: Pelipper|Weather Ball|p2a: Jumpluff
|-supereffective|p2a: Jumpluff
|-damage|p2a: Jumpluff|9/100
|move|p2b: Incineroar|Knock Off|p1a: Amoonguss
|-damage|p1a: Amoonguss|8/100
|
|-weather|none
|upkeep
|turn|12
|
|t:|1756380391
|switch|p1b: Brambleghast|Brambleghast, L50, F|1/100
|move|p2a: Jumpluff|Sleep Powder|p1b: Brambleghast
|-immune|p1b: Brambleghast
|move|p2b: Incineroar|Knock Off|p1a: Amoonguss
|-damage|p1a: Amoonguss|0 fnt
|faint|p1a: Amoonguss
|
|upkeep
|
|t:|1756380396
|switch|p1a: Pelipper|Pelipper, L50, F|81/100
|-weather|RainDance|[from] ability: Drizzle|[of] p1a: Pelipper
|turn|13
|inactive|glueck has 30 seconds left.
|
|t:|1756380429
|move|p1b: Brambleghast|Shadow Sneak|p2a: Jumpluff
|-damage|p2a: Jumpluff|0 fnt
|faint|p2a: Jumpluff
|move|p1a: Pelipper|Weather Ball|p2b: Incineroar
|-supereffective|p2b: Incineroar
|-damage|p2b: Incineroar|0 fnt
|faint|p2b: Incineroar
|
|win|LoveLiveTrickRoom
||LoveLiveTrickRoom is ready for game 2.
||glueck is ready for game 2.
|uhtml|next|Next: Game 2 of 3
|l|☆LoveLiveTrickRoom
|player|p1|
