|j|☆pawmifleet
|j|‽Giraldo567
|html|pawmifleetGiraldo567    
|uhtml|bestof|Game 1 of a best-of-3
|t:|1784134530
|gametype|doubles
|player|p1|pawmifleet|fisherman-gen4|1178
|player|p2|Giraldo567|2|1086
|gen|9
|tier|[Gen 9 Champions] VGC 2026 Reg M-B (Bo3)
|rated|
|rule|Species Clause: Limit one of each Pokémon
|rule|Item Clause: Limit 1 of each item
|clearpoke
|poke|p1|Incineroar, L50, M|
|poke|p1|Venusaur, L50, M|
|poke|p1|Charizard, L50, M|
|poke|p1|Garchomp, L50, M|
|poke|p1|Toxapex, L50, M|
|poke|p1|Annihilape, L50, F|
|poke|p2|Garchomp, L50, F|
|poke|p2|Floette-Eternal, L50, F|
|poke|p2|Whimsicott, L50, M|
|poke|p2|Milotic, L50, M|
|poke|p2|Charizard, L50, F|
|poke|p2|Clefable, L50, F|
|teampreview|4
|showteam|p1|Incineroar||SitrusBerry|Intimidate|FakeOut,ThroatChop,FlareBlitz,PartingShot|Impish||M|||50|]Venusaur||LifeOrb|Chlorophyll|SolarBeam,SludgeBomb,EarthPower,Protect|Modest||M|||50|]Charizard||CharizarditeY|Blaze|HeatWave,WeatherBall,HelpingHand,Protect|Modest||M|||50|]Garchomp||ChoiceScarf|RoughSkin|DragonClaw,Earthquake,RockSlide,StompingTantrum|Adamant||M|||50|]Toxapex||Leftovers|Regenerator|Infestation,Toxic,BanefulBunker,WideGuard|Bold||M|||50|]Annihilape||FocusSash|Defiant|PhantomForce,CloseCombat,RockTomb,Protect|Jolly||F|||50|
|showteam|p2|Garchomp||LifeOrb|RoughSkin|RockSlide,Protect,Earthquake,SwordsDance|Jolly||F|||50|]Floette-Eternal||Floettite|FlowerVeil|Protect,CalmMind,DazzlingGleam,Moonblast|Timid||F|||50|]Whimsicott||FocusSash|Prankster|Tailwind,Encore,Moonblast,Protect|Bold||M|||50|]Milotic||Leftovers|Competitive|Coil,Hypnosis,Protect,MuddyWater|Calm||M|||50|]Charizard||CharizarditeY|Blaze|HeatWave,WeatherBall,Protect,SolarBeam|Timid||F|||50|]Clefable||SitrusBerry|Unaware|LifeDew,FollowMe,Protect,DazzlingGleam|Calm||F|||50|
|inactive|Battle timer is ON: inactive players will automatically lose when time's up. (requested by pawmifleet)
|inactive|pawmifleet has 60 seconds left.
|
|t:|1784134574
|teamsize|p1|4
|teamsize|p2|4
|start
|switch|p1a: Garchomp|Garchomp, L50, M|100/100
|switch|p1b: Venusaur|Venusaur, L50, M|100/100
|switch|p2a: Milotic|Milotic, L50, M|100/100
|switch|p2b: Garchomp|Garchomp, L50, F|100/100
|turn|1
|inactive|pawmifleet has 30 seconds left.
|
|t:|1784134605
|switch|p2b: Floette|Floette-Eternal, L50, F|100/100
|move|p1a: Garchomp|Dragon Claw|p2b: Floette
|-immune|p2b: Floette
|move|p1b: Venusaur|Sludge Bomb|p1a: Garchomp
|-resisted|p1a: Garchomp|1
|-damage|p1a: Garchomp|68/100
|-damage|p1b: Venusaur|90/100|[from] item: Life Orb
|move|p2a: Milotic|Coil|p2a: Milotic
|-boost|p2a: Milotic|atk|1
|-boost|p2a: Milotic|def|1
|-boost|p2a: Milotic|accuracy|1
|
|upkeep
|turn|2
|
|t:|1784134626
|switch|p1a: Charizard|Charizard, L50, M|100/100
|move|p2b: Floette|Protect|p2b: Floette
|-singleturn|p2b: Floette|Protect
|move|p1b: Venusaur|Protect|p1b: Venusaur
|-singleturn|p1b: Venusaur|Protect
|move|p2a: Milotic|Hypnosis|p1b: Venusaur
|-activate|p1b: Venusaur|move: Protect
|
|upkeep
|turn|3
|
|t:|1784134641
|switch|p2b: Garchomp|Garchomp, L50, F|100/100
|detailschange|p1a: Charizard|Charizard-Mega-Y, L50, M
|-mega|p1a: Charizard|Charizard|Charizardite Y
|-weather|SunnyDay|[from] ability: Drought|[of] p1a: Charizard
|move|p1b: Venusaur|Solar Beam||[still]
|-prepare|p1b: Venusaur|Solar Beam
|-anim|p1b: Venusaur|Solar Beam|p2a: Milotic
|-supereffective|p2a: Milotic|1
|-damage|p2a: Milotic|2/100
|-damage|p1b: Venusaur|80/100|[from] item: Life Orb
|move|p1a: Charizard|Weather Ball|p2b: Garchomp
|-resisted|p2b: Garchomp|1
|-damage|p2b: Garchomp|55/100
|move|p2a: Milotic|Coil|p2a: Milotic
|-boost|p2a: Milotic|atk|1
|-boost|p2a: Milotic|def|1
|-boost|p2a: Milotic|accuracy|1
|
|-weather|SunnyDay|[upkeep]
|-heal|p2a: Milotic|8/100|[from] item: Leftovers
|upkeep
|turn|4
|
|t:|1784134662
|move|p1b: Venusaur|Solar Beam||[still]
|-prepare|p1b: Venusaur|Solar Beam
|-anim|p1b: Venusaur|Solar Beam|p2b: Garchomp
|-crit|p2b: Garchomp
|-damage|p2b: Garchomp|0 fnt
|faint|p2b: Garchomp
|-damage|p1b: Venusaur|71/100|[from] item: Life Orb
|move|p1a: Charizard|Heat Wave|p2a: Milotic
|-resisted|p2a: Milotic|1
|-damage|p2a: Milotic|0 fnt
|faint|p2a: Milotic
|
|-weather|SunnyDay|[upkeep]
|upkeep
|
|t:|1784134668
|switch|p2b: Charizard|Charizard, L50, F|100/100
|switch|p2a: Floette|Floette-Eternal, L50, F|100/100
|turn|5
|inactive|pawmifleet has 30 seconds left.
|
|t:|1784134694
|detailschange|p2b: Charizard|Charizard-Mega-Y, L50, F
|-mega|p2b: Charizard|Charizard|Charizardite Y
|move|p1a: Charizard|Protect|p1a: Charizard
|-singleturn|p1a: Charizard|Protect
|move|p1b: Venusaur|Sludge Bomb|p2a: Floette
|-supereffective|p2a: Floette|1
|-damage|p2a: Floette|0 fnt
|faint|p2a: Floette
|-damage|p1b: Venusaur|61/100|[from] item: Life Orb
|move|p2b: Charizard|Heat Wave|p1a: Charizard|[spread] p1b
|-activate|p1a: Charizard|move: Protect
|-supereffective|p1b: Venusaur|1
|-damage|p1b: Venusaur|0 fnt
|faint|p1b: Venusaur
|
|-weather|SunnyDay|[upkeep]
|upkeep
|
|t:|1784134701
|switch|p1b: Annihilape|Annihilape, L50, F|100/100
|turn|6
|
|t:|1784134706
|move|p1a: Charizard|Helping Hand|p1b: Annihilape
|-singleturn|p1b: Annihilape|Helping Hand|[of] p1a: Charizard
|move|p2b: Charizard|Heat Wave|p1a: Charizard|[spread] p1a,p1b
|-resisted|p1a: Charizard|1
|-damage|p1a: Charizard|74/100
|-damage|p1b: Annihilape|26/100
|move|p1b: Annihilape|Rock Tomb|p2b: Charizard
|-supereffective|p2b: Charizard|2
|-damage|p2b: Charizard|0 fnt
|faint|p2b: Charizard
|
|win|pawmifleet
