|j|☆pizzawing
|j|☆spodermees
|html|pizzawingspodermees    
|uhtml|bestof|Game 2 of a best-of-3
|t:|1785068621
|gametype|doubles
|player|p1|pizzawing|266|1370
|player|p2|spodermees|sailor|1322
|gen|9
|tier|[Gen 9 Champions] VGC 2026 Reg M-B (Bo3)
|rated|
|rule|Species Clause: Limit one of each Pokémon
|rule|Item Clause: Limit 1 of each item
|clearpoke
|poke|p1|Floette-Eternal, L50, F|
|poke|p1|Incineroar, L50, M|
|poke|p1|Sinistcha, L50|
|poke|p1|Sneasler, L50, M|
|poke|p1|Gyarados, L50, M|
|poke|p1|Gholdengo, L50|
|poke|p2|Charizard, L50, F|
|poke|p2|Staraptor, L50, F|
|poke|p2|Whimsicott, L50, F|
|poke|p2|Basculegion, L50, M|
|poke|p2|Garchomp, L50, F|
|poke|p2|Incineroar, L50, F|
|teampreview|4
|showteam|p1|Floette-Eternal||Floettite|FlowerVeil|DrainingKiss,CalmMind,Protect,DazzlingGleam|Modest||F|||50|]Incineroar||ShucaBerry|Intimidate|FakeOut,PartingShot,FlareBlitz,ThroatChop|Careful||M|||50|]Sinistcha||SitrusBerry|Hospitality|MatchaGotcha,RagePowder,LifeDew,Protect|Bold|||||50|]Sneasler||FocusSash|Unburden|DireClaw,CloseCombat,QuickGuard,FakeOut|Jolly||M|||50|]Gyarados||Gyaradosite|Intimidate|DragonDance,Waterfall,Crunch,Protect|Adamant||M|||50|]Gholdengo||ChoiceScarf|GoodasGold|MakeItRain,ShadowBall,PowerGem,Trick|Modest|||||50|
|showteam|p2|Charizard||CharizarditeY|Blaze|HeatWave,WeatherBall,SolarBeam,Protect|Modest||F|||50|]Staraptor||Staraptite|Intimidate|CloseCombat,BraveBird,Roost,Protect|Jolly||F|||50|]Whimsicott||FocusSash|Prankster|Moonblast,Tickle,Tailwind,Encore|Bold||F|||50|]Basculegion||MysticWater|Adaptability|WaveCrash,LastRespects,AquaJet,Protect|Jolly||M|||50|]Garchomp||LifeOrb|RoughSkin|Protect,Earthquake,RockSlide,DragonClaw|Jolly||F|||50|]Incineroar||SitrusBerry|Intimidate|FakeOut,FlareBlitz,DarkestLariat,PartingShot|Careful||F|||50|
|inactive|Battle timer is ON: inactive players will automatically lose when time's up. (requested by spodermees)
|
|t:|1785068649
|teamsize|p1|4
|teamsize|p2|4
|start
|switch|p1a: Floette|Floette-Eternal, L50, F|100/100
|switch|p1b: Incineroar|Incineroar, L50, M|100/100
|switch|p2a: Staraptor|Staraptor, L50, F|100/100
|switch|p2b: Whimsicott|Whimsicott, L50, F|100/100
|-ability|p2a: Staraptor|Intimidate|boost
|-unboost|p1a: Floette|atk|1
|-unboost|p1b: Incineroar|atk|1
|-ability|p1b: Incineroar|Intimidate|boost
|-unboost|p2a: Staraptor|atk|1
|-unboost|p2b: Whimsicott|atk|1
|turn|1
|
|t:|1785068672
|switch|p1b: Gyarados|Gyarados, L50, M|100/100
|-ability|p1b: Gyarados|Intimidate|boost
|-unboost|p2a: Staraptor|atk|1
|-unboost|p2b: Whimsicott|atk|1
|detailschange|p2a: Staraptor|Staraptor-Mega, L50, F
|-mega|p2a: Staraptor|Staraptor|Staraptite
|detailschange|p1a: Floette|Floette-Mega, L50, F
|-mega|p1a: Floette|Floette|Floettite
|-ability|p1a: Floette|Fairy Aura
|move|p2a: Staraptor|Protect|p2a: Staraptor
|-singleturn|p2a: Staraptor|Protect
|move|p2b: Whimsicott|Tailwind|p2b: Whimsicott
|-sidestart|p2: spodermees|move: Tailwind
|move|p1a: Floette|Dazzling Gleam|p2b: Whimsicott|[spread] p2b
|-activate|p2a: Staraptor|move: Protect
|-damage|p2b: Whimsicott|46/100
|
|upkeep
|turn|2
|
|t:|1785068692
|switch|p2a: Basculegion|Basculegion, L50, M|100/100
|switch|p1b: Gholdengo|Gholdengo, L50|100/100
|move|p2b: Whimsicott|Tickle|p1a: Floette
|-unboost|p1a: Floette|atk|1
|-unboost|p1a: Floette|def|1
|move|p1a: Floette|Dazzling Gleam|p2a: Basculegion|[spread] p2a,p2b
|-damage|p2a: Basculegion|46/100
|-damage|p2b: Whimsicott|0 fnt
|faint|p2b: Whimsicott
|
|upkeep
|
|t:|1785068701
|switch|p2b: Staraptor|Staraptor-Mega, L50, F|100/100
|turn|3
|
|t:|1785068717
|switch|p1b: Incineroar|Incineroar, L50, M|100/100
|-ability|p1b: Incineroar|Intimidate|boost
|-unboost|p2a: Basculegion|atk|1
|-boost|p2b: Staraptor|atk|1
|move|p1a: Floette|Protect|p1a: Floette
|-singleturn|p1a: Floette|Protect
|move|p2b: Staraptor|Close Combat|p1a: Floette
|-activate|p1a: Floette|move: Protect
|move|p2a: Basculegion|Last Respects|p1b: Incineroar
|-resisted|p1b: Incineroar|1
|-damage|p1b: Incineroar|79/100
|
|upkeep
|turn|4
|inactive|pizzawing has 30 seconds left.
|inactive|pizzawing has 20 seconds left.
|inactive|pizzawing has 15 seconds left.
|inactive|pizzawing has 10 seconds left.
|inactive|pizzawing has 5 seconds left.
|
|t:|1785068771
|switch|p2a: Incineroar|Incineroar, L50, F|100/100
|-ability|p2a: Incineroar|Intimidate|boost
|-unboost|p1a: Floette|atk|1
|-unboost|p1b: Incineroar|atk|1
|move|p2b: Staraptor|Protect|p2b: Staraptor
|-singleturn|p2b: Staraptor|Protect
|move|p1b: Incineroar|Fake Out|p2b: Staraptor
|-activate|p2b: Staraptor|move: Protect
|move|p1a: Floette|Dazzling Gleam|p2b: Staraptor|[spread] p2a
|-activate|p2b: Staraptor|move: Protect
|-damage|p2a: Incineroar|63/100
|
|-sideend|p2: spodermees|move: Tailwind
|upkeep
|turn|5
|
|t:|1785068792
|switch|p1b: Gholdengo|Gholdengo, L50|100/100
|move|p1a: Floette|Protect|p1a: Floette
|-singleturn|p1a: Floette|Protect
|move|p2b: Staraptor|Close Combat|p1a: Floette
|-activate|p1a: Floette|move: Protect
|move|p2a: Incineroar|Parting Shot|p1b: Gholdengo
|-immune|p1b: Gholdengo|[from] ability: Good as Gold
|
|upkeep
|turn|6
|inactive|pizzawing has 30 seconds left.
|inactive|pizzawing has 20 seconds left.
|
|t:|1785068831
|move|p2b: Staraptor|Protect|p2b: Staraptor
|-singleturn|p2b: Staraptor|Protect
|move|p1b: Gholdengo|Power Gem|p2a: Incineroar
|-supereffective|p2a: Incineroar|1
|-damage|p2a: Incineroar|15/100
|-enditem|p2a: Incineroar|Sitrus Berry|[eat]
|-heal|p2a: Incineroar|40/100|[from] item: Sitrus Berry
|move|p1a: Floette|Dazzling Gleam|p2b: Staraptor|[spread] p2a
|-activate|p2b: Staraptor|move: Protect
|-damage|p2a: Incineroar|4/100
|move|p2a: Incineroar|Parting Shot|p1a: Floette
|-unboost|p1a: Floette|atk|1
|-unboost|p1a: Floette|spa|1
|
|t:|1785068840
|switch|p2a: Basculegion|Basculegion, L50, M|46/100|[from] Parting Shot
|
|upkeep
|turn|7
|inactive|pizzawing has 30 seconds left.
|
|t:|1785068873
|move|p1b: Gholdengo|Power Gem|p2a: Basculegion
|-damage|p2a: Basculegion|11/100
|move|p2b: Staraptor|Close Combat|p1b: Gholdengo
|-immune|p1b: Gholdengo
|move|p2a: Basculegion|Last Respects|p1a: Floette
|-damage|p1a: Floette|11/100
|move|p1a: Floette|Draining Kiss|p2b: Staraptor
|-supereffective|p2b: Staraptor|1
|-damage|p2b: Staraptor|43/100
|-heal|p1a: Floette|49/100|[from] drain|[of] p2b: Staraptor
|
|upkeep
|turn|8
|
|t:|1785068896
|move|p1a: Floette|Protect|p1a: Floette
|-singleturn|p1a: Floette|Protect
|move|p1b: Gholdengo|Power Gem|p2a: Basculegion
|-crit|p2a: Basculegion
|-damage|p2a: Basculegion|0 fnt
|faint|p2a: Basculegion
|move|p2b: Staraptor|Close Combat|p1a: Floette
|-activate|p1a: Floette|move: Protect
|
|upkeep
|
|t:|1785068898
|switch|p2a: Incineroar|Incineroar, L50, F|4/100
|-ability|p2a: Incineroar|Intimidate|boost
|-unboost|p1a: Floette|atk|1
|-unboost|p1b: Gholdengo|atk|1
|turn|9
|
|t:|1785068918
|move|p1b: Gholdengo|Power Gem|p2a: Incineroar
|-supereffective|p2a: Incineroar|1
|-damage|p2a: Incineroar|0 fnt
|faint|p2a: Incineroar
|move|p2b: Staraptor|Close Combat|p1a: Floette
|-resisted|p1a: Floette|1
|-damage|p1a: Floette|0 fnt
|-boost|p2b: Staraptor|def|1
|-boost|p2b: Staraptor|spd|1
|faint|p1a: Floette
|
|upkeep
|
|t:|1785068930
|switch|p1a: Incineroar|Incineroar, L50, M|79/100
|-ability|p1a: Incineroar|Intimidate|boost
|-boost|p2b: Staraptor|atk|1
|turn|10
|
|t:|1785068948
|switch|p1b: Gyarados|Gyarados, L50, M|100/100
|-ability|p1b: Gyarados|Intimidate|boost
|-boost|p2b: Staraptor|atk|1
|move|p2b: Staraptor|Protect|p2b: Staraptor
|-singleturn|p2b: Staraptor|Protect
|move|p1a: Incineroar|Parting Shot|p1b: Gyarados
|-unboost|p1b: Gyarados|atk|1
|-unboost|p1b: Gyarados|spa|1
|
|t:|1785068954
|switch|p1a: Gholdengo|Gholdengo, L50|100/100|[from] Parting Shot
|
|upkeep
|turn|11
|
|t:|1785068969
|move|p1a: Gholdengo|Shadow Ball|p2b: Staraptor
|-damage|p2b: Staraptor|2/100
|move|p2b: Staraptor|Roost|p2b: Staraptor
|-heal|p2b: Staraptor|52/100
|-singleturn|p2b: Staraptor|move: Roost
|move|p1b: Gyarados|Dragon Dance|p1b: Gyarados
|-boost|p1b: Gyarados|atk|1
|-boost|p1b: Gyarados|spe|1
|
|upkeep
|turn|12
|
|t:|1785068984
|move|p1a: Gholdengo|Shadow Ball|p2b: Staraptor
|-damage|p2b: Staraptor|16/100
|move|p1b: Gyarados|Waterfall|p2b: Staraptor
|-damage|p2b: Staraptor|0 fnt
|faint|p2b: Staraptor
|
|win|pizzawing
|raw|pizzawing's rating: 1370 → 1387(+17 for winning)
|raw|spodermees's rating: 1322 → 1305(-17 for losing)
