|j|☆MushyMia727
|j|☆maya hoppins
|html|MushyMia727maya hoppins    
|uhtml|bestof|Game 2 of a best-of-3
|t:|1785767794
|gametype|doubles
|player|p1|MushyMia727|265|
|player|p2|maya hoppins|dahlia|
|gen|9
|tier|[Gen 9 Champions] VGC 2026 Reg M-B (Bo3)
|rule|Species Clause: Limit one of each Pokémon
|rule|Item Clause: Limit 1 of each item
|clearpoke
|poke|p1|Gardevoir, L50, M, shiny|
|poke|p1|Delphox, L50, F, shiny|
|poke|p1|Tsareena, L50, F, shiny|
|poke|p1|Lucario, L50, F, shiny|
|poke|p1|Talonflame, L50, M|
|poke|p1|Garchomp, L50, F, shiny|
|poke|p2|Arcanine-Hisui, L50, M|
|poke|p2|Meowscarada, L50, F|
|poke|p2|Raichu, L50, M|
|poke|p2|Milotic, L50, M|
|poke|p2|Ninetales-Alola, L50, M|
|poke|p2|Ditto, L50|
|teampreview|4
|showteam|p1|Gardevoir||ChoiceScarf|Telepathy|DazzlingGleam,Moonblast,Psychic,EnergyBall|Modest||M|||50|]Delphox||Delphoxite|Blaze|HeatWave,Protect,Psychic,ScorchingSands|Modest||F|||50|]Tsareena||WideLens|QueenlyMajesty|HelpingHand,PowerWhip,HighJumpKick,Protect|Adamant||F|||50|]Lucario||Lucarionite|InnerFocus|ExtremeSpeed,CloseCombat,BulletPunch,Protect|Jolly||F|||50|]Talonflame||FocusSash|GaleWings|Tailwind,FlareBlitz,DualWingbeat,BraveBird|Adamant||M|||50|]Garchomp||YacheBerry|RoughSkin|RockSlide,Protect,DragonClaw,Earthquake|Adamant||F|||50|
|showteam|p2|Arcanine-Hisui||ChoiceScarf|RockHead|FlareBlitz,RockSlide,ExtremeSpeed,HeadSmash|Adamant||M|||50|]Meowscarada||FocusSash|Overgrow|Protect,FlowerTrick,ThroatChop,SuckerPunch|Adamant||F|||50|]Raichu||RaichuniteX|Static|Protect,FakeOut,VoltTackle,PlayRough|Jolly||M|||50|]Milotic||Leftovers|MarvelScale|Protect,Scald,IcyWind,MirrorCoat|Modest||M|||50|]Ninetales-Alola||BabiriBerry|SnowWarning|FreezeDry,Blizzard,IcyWind,Protect|Timid||M|||50|]Ditto||LifeOrb|Imposter|Transform|Bashful|||||50|
|
|t:|1785767833
|teamsize|p1|4
|teamsize|p2|4
|start
|switch|p1a: Talonflame|Talonflame, L50, M|100/100
|switch|p1b: Garchomp|Garchomp, L50, F, shiny|100/100
|switch|p2a: Arcanine|Arcanine-Hisui, L50, M|100/100
|switch|p2b: Raichu|Raichu, L50, M|100/100
|turn|1
|
|t:|1785767878
|switch|p2a: Milotic|Milotic, L50, M|100/100
|switch|p2b: Ditto|Ditto, L50|100/100
|-transform|p2b: Ditto|p1a: Talonflame|[from] ability: Imposter
|move|p1a: Talonflame|Tailwind|p1a: Talonflame
|-sidestart|p1: MushyMia727|move: Tailwind
|move|p1b: Garchomp|Earthquake|p2a: Milotic|[spread] p2a
|-immune|p1a: Talonflame
|-immune|p2b: Ditto
|-damage|p2a: Milotic|62/100
|
|-heal|p2a: Milotic|68/100|[from] item: Leftovers
|upkeep
|turn|2
|
|t:|1785767895
|move|p1a: Talonflame|Dual Wingbeat|p2a: Milotic|[miss]
|-miss|p1a: Talonflame|p2a: Milotic
|move|p2b: Ditto|Tailwind|p2b: Ditto
|-sidestart|p2: maya hoppins|move: Tailwind
|move|p1b: Garchomp|Rock Slide|p2a: Milotic|[spread] p2a,p2b
|-supereffective|p2b: Ditto|2
|-damage|p2a: Milotic|49/100
|-damage|p2b: Ditto|0 fnt
|faint|p2b: Ditto
|move|p2a: Milotic|Icy Wind|p1b: Garchomp|[spread] p1a,p1b
|-supereffective|p1b: Garchomp|2
|-enditem|p1b: Garchomp|Yache Berry|[eat]
|-enditem|p1b: Garchomp|Yache Berry|[weaken]
|-damage|p1a: Talonflame|82/100
|-damage|p1b: Garchomp|75/100
|-unboost|p1a: Talonflame|spe|1
|-unboost|p1b: Garchomp|spe|1
|
|-heal|p2a: Milotic|55/100|[from] item: Leftovers
|upkeep
|
|t:|1785767905
|switch|p2b: Arcanine|Arcanine-Hisui, L50, M|100/100
|turn|3
|
|t:|1785767978
|switch|p1a: Gardevoir|Gardevoir, L50, M, shiny|100/100
|move|p1b: Garchomp|Protect|p1b: Garchomp
|-singleturn|p1b: Garchomp|Protect
|move|p2b: Arcanine|Rock Slide|p1a: Gardevoir|[spread] p1a
|-activate|p1b: Garchomp|move: Protect
|-damage|p1a: Gardevoir|51/100
|move|p2a: Milotic|Icy Wind|p1b: Garchomp|[spread] p1a
|-activate|p1b: Garchomp|move: Protect
|-damage|p1a: Gardevoir|39/100
|-unboost|p1a: Gardevoir|spe|1
|
|-heal|p2a: Milotic|61/100|[from] item: Leftovers
|upkeep
|turn|4
|
|t:|1785768022
|switch|p1b: Delphox|Delphox, L50, F, shiny|100/100
|move|p2b: Arcanine|Rock Slide|p1a: Gardevoir|[spread] p1a,p1b
|-supereffective|p1b: Delphox|1
|-damage|p1a: Gardevoir|0 fnt
|-damage|p1b: Delphox|3/100
|faint|p1a: Gardevoir
|move|p2a: Milotic|Icy Wind|p1b: Delphox
|-resisted|p1b: Delphox|1
|-damage|p1b: Delphox|0 fnt
|faint|p1b: Delphox
|
|-heal|p2a: Milotic|67/100|[from] item: Leftovers
|-sideend|p1: MushyMia727|move: Tailwind
|upkeep
|
|t:|1785768028
|switch|p1b: Garchomp|Garchomp, L50, F, shiny|75/100
|switch|p1a: Talonflame|Talonflame, L50, M|82/100
|turn|5
|
|t:|1785768037
|move|p1b: Garchomp|Protect|p1b: Garchomp
|-singleturn|p1b: Garchomp|Protect
|move|p2b: Arcanine|Rock Slide|p1b: Garchomp|[spread] p1a
|-activate|p1b: Garchomp|move: Protect
|-supereffective|p1a: Talonflame|2
|-damage|p1a: Talonflame|0 fnt
|faint|p1a: Talonflame
|move|p2a: Milotic|Icy Wind|p1b: Garchomp
|-activate|p1b: Garchomp|move: Protect
|
|-heal|p2a: Milotic|73/100|[from] item: Leftovers
|-sideend|p2: maya hoppins|move: Tailwind
|upkeep
|turn|6
|
|t:|1785768043
|move|p2b: Arcanine|Rock Slide|p1b: Garchomp
|-resisted|p1b: Garchomp|1
|-damage|p1b: Garchomp|56/100
|move|p1b: Garchomp|Earthquake|p2a: Milotic|[spread] p2a,p2b
|-supereffective|p2b: Arcanine|2
|-damage|p2a: Milotic|33/100
|-damage|p2b: Arcanine|0 fnt
|faint|p2b: Arcanine
|move|p2a: Milotic|Icy Wind|p1b: Garchomp
|-supereffective|p1b: Garchomp|2
|-damage|p1b: Garchomp|0 fnt
|faint|p1b: Garchomp
|
|win|maya hoppins
|l|☆MushyMia727
|player|p1|
