|j|☆SomeKidJon
|j|☆ILoveMIR
|html|SomeKidJonILoveMIR    
|uhtml|bestof|Game 2 of a best-of-3
|t:|1783633725
|gametype|doubles
|player|p1|SomeKidJon|scientistf|1358
|player|p2|ILoveMIR|shauntal|1458
|gen|9
|tier|[Gen 9 Champions] VGC 2026 Reg M-B (Bo3)
|rated|
|rule|Species Clause: Limit one of each Pokémon
|rule|Item Clause: Limit 1 of each item
|clearpoke
|poke|p1|Primarina, L50, F|
|poke|p1|Hatterene, L50, F|
|poke|p1|Lopunny, L50, F|
|poke|p1|Staraptor, L50, F|
|poke|p1|Camerupt, L50, F|
|poke|p1|Farigiraf, L50, M|
|poke|p2|Blaziken, L50, F|
|poke|p2|Basculegion, L50, M|
|poke|p2|Ninetales-Alola, L50, F|
|poke|p2|Tsareena, L50, F|
|poke|p2|Milotic, L50, F|
|poke|p2|Incineroar, L50, M|
|teampreview|4
|showteam|p1|Primarina||Leftovers|LiquidVoice|HyperVoice,Protect,Moonblast,CalmMind|Modest||F|||50|]Hatterene||FocusSash|MagicBounce|Psychic,Protect,DazzlingGleam,TrickRoom|Quiet||F|||50|]Lopunny||Lopunnite|Klutz|FakeOut,CloseCombat,AfterYou,TripleAxel|Jolly||F|||50|]Staraptor||ChoiceScarf|Intimidate|FinalGambit,DoubleEdge,BraveBird,Uturn|Adamant||F|||50|]Camerupt||Cameruptite|SolidRock|Protect,AncientPower,HeatWave,EarthPower|Quiet||F|||50|]Farigiraf||SitrusBerry|ArmorTail|DazzlingGleam,Protect,Thunderbolt,TrickRoom|Modest||M|||50|
|showteam|p2|Blaziken||Blazikenite|SpeedBoost|FlareBlitz,CloseCombat,RockSlide,Protect|Adamant||F|||50|]Basculegion||ChoiceScarf|Adaptability|WaveCrash,LastRespects,AquaJet,FlipTurn|Jolly||M|||50|]Ninetales-Alola||NeverMeltIce|SnowWarning|Blizzard,FreezeDry,Encore,Protect|Timid||F|||50|]Tsareena||WideLens|QueenlyMajesty|PowerWhip,TripleAxel,LowKick,Taunt|Adamant||F|||50|]Milotic||ExpertBelt|Competitive|Scald,IceBeam,Recover,Protect|Modest||F|||50|]Incineroar||SitrusBerry|Intimidate|FakeOut,ThroatChop,FlareBlitz,PartingShot|Impish||M|||50|
|inactive|Battle timer is ON: inactive players will automatically lose when time's up. (requested by ILoveMIR)
|inactive|ILoveMIR has 60 seconds left.
|
|t:|1783633776
|teamsize|p1|4
|teamsize|p2|4
|start
|switch|p1a: Hatterene|Hatterene, L50, F|100/100
|switch|p1b: Farigiraf|Farigiraf, L50, M|100/100
|switch|p2a: Milotic|Milotic, L50, F|100/100
|switch|p2b: Basculegion|Basculegion, L50, M|100/100
|turn|1
|
|t:|1783633800
|move|p1a: Hatterene|Protect|p1a: Hatterene
|-singleturn|p1a: Hatterene|Protect
|move|p2b: Basculegion|Wave Crash|p1a: Hatterene
|-activate|p1a: Hatterene|move: Protect
|move|p2a: Milotic|Scald|p1a: Hatterene
|-activate|p1a: Hatterene|move: Protect
|move|p1b: Farigiraf|Trick Room|p1b: Farigiraf
|-fieldstart|move: Trick Room|[of] p1b: Farigiraf
|
|upkeep
|turn|2
|
|t:|1783633810
|switch|p2b: Incineroar|Incineroar, L50, M|100/100
|-ability|p2b: Incineroar|Intimidate|boost
|-unboost|p1a: Hatterene|atk|1
|-unboost|p1b: Farigiraf|atk|1
|move|p1a: Hatterene|Dazzling Gleam|p2a: Milotic|[spread] p2a,p2b
|-damage|p2a: Milotic|75/100
|-damage|p2b: Incineroar|71/100
|move|p1b: Farigiraf|Thunderbolt|p2b: Incineroar
|-damage|p2b: Incineroar|53/100
|move|p2a: Milotic|Scald|p1a: Hatterene
|-damage|p1a: Hatterene|60/100
|
|upkeep
|turn|3
|
|t:|1783633833
|move|p1a: Hatterene|Dazzling Gleam|p2a: Milotic|[spread] p2a,p2b
|-damage|p2a: Milotic|51/100
|-damage|p2b: Incineroar|23/100
|-enditem|p2b: Incineroar|Sitrus Berry|[eat]
|-heal|p2b: Incineroar|48/100|[from] item: Sitrus Berry
|move|p1b: Farigiraf|Thunderbolt|p2a: Milotic
|-supereffective|p2a: Milotic|1
|-damage|p2a: Milotic|12/100
|move|p2b: Incineroar|Parting Shot|p1b: Farigiraf
|-unboost|p1b: Farigiraf|atk|1
|-unboost|p1b: Farigiraf|spa|1
|
|t:|1783633842
|switch|p2b: Basculegion|Basculegion, L50, M|100/100|[from] Parting Shot
|move|p2a: Milotic|Recover|p2a: Milotic
|-heal|p2a: Milotic|62/100
|
|upkeep
|turn|4
|
|t:|1783633852
|move|p1a: Hatterene|Dazzling Gleam|p2a: Milotic|[spread] p2a,p2b
|-damage|p2a: Milotic|38/100
|-damage|p2b: Basculegion|58/100
|move|p1b: Farigiraf|Thunderbolt|p2b: Basculegion
|-supereffective|p2b: Basculegion|1
|-crit|p2b: Basculegion
|-damage|p2b: Basculegion|0 fnt
|faint|p2b: Basculegion
|move|p2a: Milotic|Recover|p2a: Milotic
|-heal|p2a: Milotic|88/100
|
|upkeep
|
|t:|1783633861
|switch|p2b: Tsareena|Tsareena, L50, F|100/100
|turn|5
|
|t:|1783633871
|move|p2b: Tsareena|Power Whip|p1b: Farigiraf
|-damage|p1b: Farigiraf|45/100
|-enditem|p1b: Farigiraf|Sitrus Berry|[eat]
|-heal|p1b: Farigiraf|70/100|[from] item: Sitrus Berry
|move|p2a: Milotic|Scald|p1b: Farigiraf
|-damage|p1b: Farigiraf|40/100
|move|p1a: Hatterene|Trick Room|p1a: Hatterene
|-fieldend|move: Trick Room
|move|p1b: Farigiraf|Trick Room|p1b: Farigiraf
|-fieldstart|move: Trick Room|[of] p1b: Farigiraf
|
|upkeep
|turn|6
|inactive|ILoveMIR has 30 seconds left.
|
|t:|1783633896
|move|p1a: Hatterene|Dazzling Gleam|p2b: Tsareena|[spread] p2a,p2b
|-crit|p2a: Milotic
|-damage|p2a: Milotic|48/100
|-damage|p2b: Tsareena|59/100
|move|p1b: Farigiraf|Thunderbolt|p2a: Milotic
|-supereffective|p2a: Milotic|1
|-damage|p2a: Milotic|24/100
|move|p2a: Milotic|Scald|p1b: Farigiraf
|-damage|p1b: Farigiraf|9/100
|-status|p1b: Farigiraf|brn
|move|p2b: Tsareena|Power Whip|p1a: Hatterene
|-damage|p1a: Hatterene|0 fnt
|faint|p1a: Hatterene
|
|-damage|p1b: Farigiraf|3/100 brn|[from] brn
|upkeep
|
|t:|1783633900
|switch|p1a: Camerupt|Camerupt, L50, F|100/100
|turn|7
|
|t:|1783633910
|detailschange|p1a: Camerupt|Camerupt-Mega, L50, F
|-mega|p1a: Camerupt|Camerupt|Cameruptite
|move|p2a: Milotic|Protect|p2a: Milotic
|-singleturn|p2a: Milotic|Protect
|move|p1a: Camerupt|Heat Wave|p2b: Tsareena|[spread] p2b
|-activate|p2a: Milotic|move: Protect
|-supereffective|p2b: Tsareena|1
|-damage|p2b: Tsareena|0 fnt
|faint|p2b: Tsareena
|move|p1b: Farigiraf|Thunderbolt|p2a: Milotic
|-activate|p2a: Milotic|move: Protect
|
|-damage|p1b: Farigiraf|0 fnt|[from] brn
|faint|p1b: Farigiraf
|upkeep
|
|t:|1783633915
|switch|p1b: Primarina|Primarina, L50, F|100/100
|switch|p2b: Incineroar|Incineroar, L50, M|48/100
|-ability|p2b: Incineroar|Intimidate|boost
|-unboost|p1a: Camerupt|atk|1
|-unboost|p1b: Primarina|atk|1
|turn|8
|
|t:|1783633920
|move|p1a: Camerupt|Protect|p1a: Camerupt
|-singleturn|p1a: Camerupt|Protect
|move|p2b: Incineroar|Fake Out|p1a: Camerupt
|-activate|p1a: Camerupt|move: Protect
|move|p1b: Primarina|Hyper Voice|p2a: Milotic|[spread] p2a,p2b
|-resisted|p2a: Milotic|1
|-supereffective|p2b: Incineroar|1
|-damage|p2a: Milotic|11/100
|-damage|p2b: Incineroar|0 fnt
|faint|p2b: Incineroar
|move|p2a: Milotic|Recover|p2a: Milotic
|-heal|p2a: Milotic|61/100
|
|upkeep
|turn|9
|
|t:|1783633926
|move|p2a: Milotic|Protect|p2a: Milotic
|-singleturn|p2a: Milotic|Protect
|move|p1a: Camerupt|Earth Power|p2a: Milotic
|-activate|p2a: Milotic|move: Protect
|move|p1b: Primarina|Calm Mind|p1b: Primarina
|-boost|p1b: Primarina|spa|1
|-boost|p1b: Primarina|spd|1
|
|-fieldend|move: Trick Room
|upkeep
|turn|10
|
|t:|1783633931
|move|p2a: Milotic|Scald|p1a: Camerupt
|-supereffective|p1a: Camerupt|2
|-crit|p1a: Camerupt
|-damage|p1a: Camerupt|0 fnt
|faint|p1a: Camerupt
|move|p1b: Primarina|Moonblast|p2a: Milotic
|-damage|p2a: Milotic|11/100
|-unboost|p2a: Milotic|spa|1
|-ability|p2a: Milotic|Competitive|boost
|-boost|p2a: Milotic|spa|2
|
|upkeep
|turn|11
|
|t:|1783633935
|move|p2a: Milotic|Recover|p2a: Milotic
|-heal|p2a: Milotic|61/100
|move|p1b: Primarina|Moonblast|p2a: Milotic
|-damage|p2a: Milotic|6/100
|
|upkeep
|turn|12
|
|t:|1783633938
|move|p2a: Milotic|Recover|p2a: Milotic
|-heal|p2a: Milotic|56/100
|move|p1b: Primarina|Moonblast|p2a: Milotic
|-damage|p2a: Milotic|5/100
|
|upkeep
|turn|13
|
|t:|1783633946
|move|p2a: Milotic|Scald|p1b: Primarina
|-resisted|p1b: Primarina|1
|-damage|p1b: Primarina|85/100
|move|p1b: Primarina|Moonblast|p2a: Milotic
|-damage|p2a: Milotic|0 fnt
|faint|p2a: Milotic
|
|win|SomeKidJon
|raw|SomeKidJon's rating: 1358 → 1384(+26 for winning)
|raw|ILoveMIR's rating: 1458 → 1432(-26 for losing)
