|j|☆gum cuzzler3301
|j|☆Karissel
|html|gum cuzzler3301Karissel    
|uhtml|bestof|Game 3 of a best-of-3
|t:|1783909858
|gametype|doubles
|player|p1|gum cuzzler3301|marshal|
|player|p2|Karissel|miku-ground|
|gen|9
|tier|[Gen 9 Champions] VGC 2026 Reg M-B (Bo3)
|rule|Species Clause: Limit one of each Pokémon
|rule|Item Clause: Limit 1 of each item
|clearpoke
|poke|p1|Blaziken, L50, F|
|poke|p1|Glimmora, L50, M|
|poke|p1|Kingambit, L50, F|
|poke|p1|Ninetales-Alola, L50, F|
|poke|p1|Basculegion, L50, M|
|poke|p1|Whimsicott, L50, M|
|poke|p2|Froslass, L50, F, shiny|
|poke|p2|Scovillain, L50, F, shiny|
|poke|p2|Basculegion, L50, M|
|poke|p2|Kingambit, L50, M, shiny|
|poke|p2|Sneasler, L50, F, shiny|
|poke|p2|Lycanroc-Dusk, L50, F, shiny|
|teampreview|4
|showteam|p1|Blaziken||Blazikenite|SpeedBoost|CloseCombat,FlareBlitz,StoneEdge,Detect|Adamant||F|||50|]Glimmora||Glimmoranite|ToxicDebris|SludgeBomb,PowerGem,EarthPower,SpikyShield|Modest||M|||50|]Kingambit||LifeOrb|Defiant|KowtowCleave,SuckerPunch,LowKick,Protect|Adamant||F|||50|]Ninetales-Alola||NeverMeltIce|SnowWarning|Blizzard,FreezeDry,Snowscape,Protect|Timid||F|||50|]Basculegion||ChoiceScarf|Adaptability|WaveCrash,FlipTurn,LastRespects,AquaJet|Jolly||M|||50|]Whimsicott||FocusSash|Prankster|Moonblast,Tailwind,Encore,Protect|Timid||M|||50|
|showteam|p2|Froslass||Froslassite|CursedBody|Blizzard,ShadowBall,AuroraVeil,Protect|Modest||F|||50|]Scovillain||Scovillainite|Moody|GigaDrain,Overheat,RagePowder,Protect|Bold||F|||50|]Basculegion||SitrusBerry|Adaptability|WaveCrash,LastRespects,AquaJet,Protect|Adamant||M|||50|]Kingambit||BlackGlasses|Defiant|KowtowCleave,SuckerPunch,SwordsDance,Protect|Adamant||M|||50|]Sneasler||WhiteHerb|Unburden|CloseCombat,GunkShot,Protect,FakeOut|Adamant||F|||50|]Lycanroc-Dusk||FocusSash|ToughClaws|CloseCombat,Accelerock,RockSlide,Protect|Adamant||F|||50|
|inactive|Battle timer is ON: inactive players will automatically lose when time's up. (requested by gum cuzzler3301)
|inactive|Karissel also wants the timer to be on.
|j| 5-3 merchant
|inactive|Karissel has 60 seconds left.
|inactive|gum cuzzler3301 has 60 seconds left.
|inactive|gum cuzzler3301 has 30 seconds left.
|
|t:|1783909934
|teamsize|p1|4
|teamsize|p2|4
|start
|switch|p1a: Glimmora|Glimmora, L50, M|100/100
|switch|p1b: Basculegion|Basculegion, L50, M|100/100
|switch|p2a: Sonion ring|Sneasler, L50, F, shiny|100/100
|switch|p2b: fih is calling|Basculegion, L50, M|100/100
|turn|1
|inactive|Karissel has 30 seconds left.
|
|t:|1783909964
|switch|p1a: Kingambit|Kingambit, L50, F|100/100
|move|p2a: Sonion ring|Protect|p2a: Sonion ring
|-singleturn|p2a: Sonion ring|Protect
|move|p1b: Basculegion|Wave Crash|p2a: Sonion ring
|-activate|p2a: Sonion ring|move: Protect
|move|p2b: fih is calling|Last Respects|p1b: Basculegion
|-supereffective|p1b: Basculegion|1
|-damage|p1b: Basculegion|30/100
|
|upkeep
|turn|2
|inactive|Karissel has 30 seconds left.
|inactive|Karissel has 20 seconds left.
|
|t:|1783910001
|switch|p2a: Paul|Kingambit, L50, M, shiny|100/100
|move|p2b: fih is calling|Protect|p2b: fih is calling
|-singleturn|p2b: fih is calling|Protect
|move|p1b: Basculegion|Wave Crash|p2a: Paul
|-damage|p2a: Paul|48/100
|-damage|p1b: Basculegion|12/100|[from] Recoil
|move|p1a: Kingambit|Kowtow Cleave|p2b: fih is calling
|-activate|p2b: fih is calling|move: Protect
|
|upkeep
|turn|3
|inactive|Karissel has 30 seconds left.
|
|t:|1783910032
|switch|p2b: Sonion ring|Sneasler, L50, F, shiny|100/100
|move|p2a: Paul|Sucker Punch|p1b: Basculegion
|-supereffective|p1b: Basculegion|1
|-damage|p1b: Basculegion|0 fnt
|faint|p1b: Basculegion
|move|p1a: Kingambit|Low Kick|p2a: Paul
|-supereffective|p2a: Paul|2
|-crit|p2a: Paul
|-damage|p2a: Paul|0 fnt
|faint|p2a: Paul
|-damage|p1a: Kingambit|90/100|[from] item: Life Orb
|
|upkeep
|
|t:|1783910044
|switch|p1b: Glimmora|Glimmora, L50, M|100/100
|switch|p2a: fih is calling|Basculegion, L50, M|100/100
|turn|4
|
|t:|1783910052
|switch|p1b: Whimsicott|Whimsicott, L50, M|100/100
|move|p1a: Kingambit|Protect|p1a: Kingambit
|-singleturn|p1a: Kingambit|Protect
|move|p2b: Sonion ring|Fake Out|p1a: Kingambit
|-activate|p1a: Kingambit|move: Protect
|move|p2a: fih is calling|Wave Crash|p1b: Whimsicott
|-resisted|p1b: Whimsicott|1
|-damage|p1b: Whimsicott|41/100
|-damage|p2a: fih is calling|88/100|[from] Recoil
|
|upkeep
|turn|5
|
|t:|1783910076
|switch|p2b: Scovillain|Scovillain, L50, F, shiny|100/100
|move|p2a: fih is calling|Protect|p2a: fih is calling
|-singleturn|p2a: fih is calling|Protect
|move|p1b: Whimsicott|Encore||[still]
|-fail|p1b: Whimsicott
|move|p1a: Kingambit|Sucker Punch||[still]
|-fail|p1a: Kingambit
|
|-ability|p2b: Scovillain|Moody|boost
|-boost|p2b: Scovillain|spd|2
|-unboost|p2b: Scovillain|spa|1
|upkeep
|turn|6
|
|t:|1783910099
|switch|p2a: Sonion ring|Sneasler, L50, F, shiny|100/100
|switch|p1a: Glimmora|Glimmora, L50, M|100/100
|detailschange|p2b: Scovillain|Scovillain-Mega, L50, F, shiny
|-mega|p2b: Scovillain|Scovillain|Scovillainite
|move|p1b: Whimsicott|Encore||[still]
|-fail|p1b: Whimsicott
|move|p2b: Scovillain|Overheat|p1a: Glimmora
|-resisted|p1a: Glimmora|1
|-damage|p1a: Glimmora|72/100
|-unboost|p2b: Scovillain|spa|2
|
|upkeep
|turn|7
|inactive|Karissel has 30 seconds left.
|
|t:|1783910126
|detailschange|p1a: Glimmora|Glimmora-Mega, L50, M
|-mega|p1a: Glimmora|Glimmora|Glimmoranite
|move|p2b: Scovillain|Rage Powder|p2b: Scovillain
|-singleturn|p2b: Scovillain|move: Rage Powder
|move|p1b: Whimsicott|Tailwind|p1b: Whimsicott
|-sidestart|p1: gum cuzzler3301|move: Tailwind
|move|p1a: Glimmora|Sludge Bomb|p2b: Scovillain
|-supereffective|p2b: Scovillain|1
|-damage|p2b: Scovillain|20/100y
|-status|p1a: Glimmora|brn|[from] ability: Spicy Spray|[of] p2b: Scovillain
|move|p2a: Sonion ring|Close Combat|p1a: Glimmora
|-damage|p1a: Glimmora|11/100 brn
|-unboost|p2a: Sonion ring|def|1
|-unboost|p2a: Sonion ring|spd|1
|-enditem|p2a: Sonion ring|White Herb
|-clearnegativeboost|p2a: Sonion ring|[silent]
|
|-damage|p1a: Glimmora|4/100 brn|[from] brn
|upkeep
|turn|8
|inactive|gum cuzzler3301 has 30 seconds left.
|
|t:|1783910157
|switch|p1a: Kingambit|Kingambit, L50, F|90/100
|move|p2b: Scovillain|Rage Powder|p2b: Scovillain
|-singleturn|p2b: Scovillain|move: Rage Powder
|move|p1b: Whimsicott|Moonblast|p2a: Sonion ring
|-damage|p2a: Sonion ring|58/100
|-unboost|p2a: Sonion ring|spa|1
|move|p2a: Sonion ring|Gunk Shot|p1b: Whimsicott
|-supereffective|p1b: Whimsicott|2
|-damage|p1b: Whimsicott|0 fnt
|faint|p1b: Whimsicott
|
|upkeep
|
|t:|1783910165
|switch|p1b: Glimmora|Glimmora-Mega, L50, M|4/100 brn
|turn|9
|
|t:|1783910175
|move|p2a: Sonion ring|Protect|p2a: Sonion ring
|-singleturn|p2a: Sonion ring|Protect
|move|p2b: Scovillain|Protect|p2b: Scovillain
|-singleturn|p2b: Scovillain|Protect
|move|p1b: Glimmora|Sludge Bomb|p2a: Sonion ring
|-activate|p2a: Sonion ring|move: Protect
|move|p1a: Kingambit|Kowtow Cleave|p2b: Scovillain
|-activate|p2b: Scovillain|move: Protect
|
|-damage|p1b: Glimmora|0 fnt|[from] brn
|faint|p1b: Glimmora
|upkeep
|turn|10
|
|t:|1783910187
|move|p2b: Scovillain|Rage Powder|p2b: Scovillain
|-singleturn|p2b: Scovillain|move: Rage Powder
|move|p1a: Kingambit|Sucker Punch||[still]
|-fail|p1a: Kingambit
|move|p2a: Sonion ring|Close Combat|p1a: Kingambit
|-supereffective|p1a: Kingambit|2
|-damage|p1a: Kingambit|0 fnt
|-unboost|p2a: Sonion ring|def|1
|-unboost|p2a: Sonion ring|spd|1
|faint|p1a: Kingambit
|
|win|Karissel
