|j|☆The PWC Luigi
|j|☆Le P VGC
|html|The PWC LuigiLe P VGC    
|uhtml|bestof|Game 1 of a best-of-3
|t:|1756916210
|gametype|doubles
|player|p1|The PWC Luigi|cheren-gen5bw2|1063
|player|p2|Le P VGC|lucian|1169
|gen|9
|tier|[Gen 9] VGC 2025 Reg H (Bo3)
|rated|
|rule|Species Clause: Limit one of each Pokémon
|rule|Item Clause: Limit 1 of each item
|clearpoke
|poke|p1|Tyranitar, L50, M|
|poke|p1|Excadrill, L50, F|
|poke|p1|Sinistcha-Masterpiece, L50|
|poke|p1|Salamence, L50, F|
|poke|p1|Blaziken, L50, M|
|poke|p1|Bruxish, L50, F|
|poke|p2|Volcarona, L50, F|
|poke|p2|Kingambit, L50, M|
|poke|p2|Dragonite, L50, F|
|poke|p2|Sneasler, L50, M|
|poke|p2|Rillaboom, L50, M|
|poke|p2|Electabuzz, L50, F|
|teampreview|4
|showteam|p1|Tyranitar||ClearAmulet|SandStream|RockSlide,KnockOff,DragonDance,Protect|||M|||50|,,,,,Grass]Excadrill||AssaultVest|SandRush|Earthquake,IronHead,HighHorsepower,RockSlide|||F|||50|,,,,,Ghost]Sinistcha-Masterpiece||SitrusBerry|Hospitality|ShadowBall,MatchaGotcha,RagePowder,Protect||||||50|,,,,,Dark]Salamence||LifeOrb|Intimidate|DracoMeteor,AirSlash,Protect,Tailwind|||F|||50|,,,,,Ghost]Blaziken||CovertCloak|SpeedBoost|AuraSphere,HeatWave,Coaching,WillOWisp|||M|||50|,,,,,Dragon]Bruxish||ChoiceScarf|Dazzling|PsychicFangs,WaveCrash,FlipTurn,SuperFang|||F|||50|,,,,,Water
|showteam|p2|Volcarona||CovertCloak|FlameBody|HeatWave,TeraBlast,QuiverDance,Protect|||F|||50|,,,,,Fairy]Kingambit||BlackGlasses|Defiant|KowtowCleave,SuckerPunch,SwordsDance,Protect|||M|||50|,,,,,Dark]Dragonite||LoadedDice|Multiscale|ScaleShot,ExtremeSpeed,Haze,Protect|||F|||50|,,,,,Steel]Sneasler||FocusSash|PoisonTouch|CloseCombat,DireClaw,FakeOut,Coaching|||M|||50|,,,,,Stellar]Rillaboom||AssaultVest|GrassySurge|WoodHammer,GrassyGlide,HighHorsepower,FakeOut|||M|||50|,,,,,Fire]Electabuzz||Eviolite|VitalSpirit|Electroweb,Taunt,FollowMe,Protect|||F|||50|,,,,,Ghost
|
|t:|1756916248
|teamsize|p1|4
|teamsize|p2|4
|start
|switch|p1a: Bruxish|Bruxish, L50, F|100/100
|switch|p1b: Excadrill|Excadrill, L50, F|100/100
|switch|p2a: Sneasler|Sneasler, L50, M|100/100
|switch|p2b: Kingambit|Kingambit, L50, M|100/100
|turn|1
|inactive|Battle timer is ON: inactive players will automatically lose when time's up. (requested by Le P VGC)
|
|t:|1756916273
|-terastallize|p1b: Excadrill|Ghost
|-terastallize|p2b: Kingambit|Dark
|move|p1a: Bruxish|Flip Turn|p2a: Sneasler
|-crit|p2a: Sneasler
|-damage|p2a: Sneasler|29/100
|
|t:|1756916282
|switch|p1a: Salamence|Salamence, L50, F|100/100|[from] Flip Turn
|-ability|p1a: Salamence|Intimidate|boost
|-unboost|p2a: Sneasler|atk|1
|-unboost|p2b: Kingambit|atk|1
|-ability|p2b: Kingambit|Defiant|boost
|-boost|p2b: Kingambit|atk|2
|move|p2a: Sneasler|Coaching|p2b: Kingambit
|-boost|p2b: Kingambit|atk|1
|-boost|p2b: Kingambit|def|1
|move|p1b: Excadrill|Earthquake|p2b: Kingambit|[spread] p2a,p2b
|-immune|p1a: Salamence
|-supereffective|p2a: Sneasler
|-damage|p2a: Sneasler|0 fnt
|-damage|p2b: Kingambit|80/100
|faint|p2a: Sneasler
|move|p2b: Kingambit|Kowtow Cleave|p1b: Excadrill
|-supereffective|p1b: Excadrill
|-crit|p1b: Excadrill
|-damage|p1b: Excadrill|0 fnt
|faint|p1b: Excadrill
|
|upkeep
|j| teamthief420
|
|t:|1756916300
|switch|p2a: Rillaboom|Rillaboom, L50, M|100/100
|switch|p1b: Blaziken|Blaziken, L50, M|100/100
|-fieldstart|move: Grassy Terrain|[from] ability: Grassy Surge|[of] p2a: Rillaboom
|turn|2
|
|t:|1756916313
|switch|p2a: Electabuzz|Electabuzz, L50, F|100/100
|move|p1a: Salamence|Protect|p1a: Salamence
|-singleturn|p1a: Salamence|Protect
|move|p2b: Kingambit|Protect|p2b: Kingambit
|-singleturn|p2b: Kingambit|Protect
|move|p1b: Blaziken|Will-O-Wisp|p2b: Kingambit
|-activate|p2b: Kingambit|move: Protect
|
|-heal|p2b: Kingambit|86/100|[from] Grassy Terrain
|-ability|p1b: Blaziken|Speed Boost|boost
|-boost|p1b: Blaziken|spe|1
|upkeep
|turn|3
|l| teamthief420
|inactive|The PWC Luigi has 30 seconds left.
|
|t:|1756916347
|move|p2a: Electabuzz|Follow Me|p2a: Electabuzz
|-singleturn|p2a: Electabuzz|move: Follow Me
|move|p1b: Blaziken|Heat Wave|p2a: Electabuzz|[spread] p2a,p2b
|-crit|p2b: Kingambit
|-damage|p2a: Electabuzz|77/100
|-damage|p2b: Kingambit|43/100
|-status|p2a: Electabuzz|brn
|move|p1a: Salamence|Draco Meteor|p2a: Electabuzz
|-damage|p2a: Electabuzz|18/100 brn
|-unboost|p1a: Salamence|spa|2
|-damage|p1a: Salamence|91/100|[from] item: Life Orb
|move|p2b: Kingambit|Kowtow Cleave|p1b: Blaziken
|-resisted|p1b: Blaziken
|-damage|p1b: Blaziken|0 fnt
|faint|p1b: Blaziken
|
|-heal|p2a: Electabuzz|24/100 brn|[from] Grassy Terrain
|-heal|p2b: Kingambit|49/100|[from] Grassy Terrain
|-damage|p2a: Electabuzz|18/100 brn|[from] brn
|upkeep
|
|t:|1756916365
|switch|p1b: Bruxish|Bruxish, L50, F|100/100
|turn|4
|
|t:|1756916382
|move|p2b: Kingambit|Protect|p2b: Kingambit
|-singleturn|p2b: Kingambit|Protect
|move|p1b: Bruxish|Flip Turn|p2a: Electabuzz
|-damage|p2a: Electabuzz|0 fnt
|faint|p2a: Electabuzz
|move|p1a: Salamence|Draco Meteor|p2b: Kingambit
|-activate|p2b: Kingambit|move: Protect
|
|-heal|p2b: Kingambit|55/100|[from] Grassy Terrain
|upkeep
|
|t:|1756916390
|switch|p2a: Rillaboom|Rillaboom, L50, M|100/100
|turn|5
|
|t:|1756916397
|move|p1b: Bruxish|Flip Turn|p2b: Kingambit
|-damage|p2b: Kingambit|39/100
|move|p1a: Salamence|Draco Meteor|p2b: Kingambit
|-damage|p2b: Kingambit|0 fnt
|-unboost|p1a: Salamence|spa|2
|faint|p2b: Kingambit
|-damage|p1a: Salamence|81/100|[from] item: Life Orb
|move|p2a: Rillaboom|Wood Hammer|p1b: Bruxish
|-supereffective|p1b: Bruxish
|-damage|p1b: Bruxish|0 fnt
|faint|p1b: Bruxish
|-damage|p2a: Rillaboom|75/100|[from] Recoil
|
|-heal|p2a: Rillaboom|82/100|[from] Grassy Terrain
|upkeep
|turn|6
|
|t:|1756916413
|move|p1a: Salamence|Protect|p1a: Salamence
|-singleturn|p1a: Salamence|Protect
|move|p2a: Rillaboom|Wood Hammer|p1a: Salamence
|-activate|p1a: Salamence|move: Protect
|
|-heal|p2a: Rillaboom|88/100|[from] Grassy Terrain
|-fieldend|move: Grassy Terrain
|upkeep
|turn|7
|
|t:|1756916418
|move|p1a: Salamence|Air Slash|p2a: Rillaboom
|-supereffective|p2a: Rillaboom
|-damage|p2a: Rillaboom|62/100
|-damage|p1a: Salamence|71/100|[from] item: Life Orb
|move|p2a: Rillaboom|Wood Hammer|p1a: Salamence
|-resisted|p1a: Salamence
|-damage|p1a: Salamence|53/100
|-damage|p2a: Rillaboom|57/100|[from] Recoil
|
|upkeep
|turn|8
|
|t:|1756916429
|move|p1a: Salamence|Air Slash|p2a: Rillaboom
|-supereffective|p2a: Rillaboom
|-damage|p2a: Rillaboom|35/100
|-damage|p1a: Salamence|43/100|[from] item: Life Orb
|cant|p2a: Rillaboom|flinch
|
|upkeep
|turn|9
|
|t:|1756916436
|move|p1a: Salamence|Air Slash|p2a: Rillaboom
|-supereffective|p2a: Rillaboom
|-damage|p2a: Rillaboom|11/100
|-damage|p1a: Salamence|33/100|[from] item: Life Orb
|cant|p2a: Rillaboom|flinch
|
|upkeep
|turn|10
|-message|Le P VGC forfeited.
|
|win|The PWC Luigi
|l|☆Le P VGC
|player|p2|
||Le P VGC is ready for game 2.
|inactive|The PWC Luigi has 30 seconds to confirm battle start!
||The PWC Luigi is ready for game 2.
|uhtml|next|Next: Game 2 of 3
