|j|☆glofer
|j|☆bancomat 2
|html|gloferbancomat 2    
|uhtml|bestof|Game 2 of a best-of-3
|t:|1783347366
|gametype|doubles
|player|p1|glofer|blackbelt|1099
|player|p2|bancomat 2|volkner|1063
|gen|9
|tier|[Gen 9 Champions] VGC 2026 Reg M-B (Bo3)
|rated|
|rule|Species Clause: Limit one of each Pokémon
|rule|Item Clause: Limit 1 of each item
|clearpoke
|poke|p1|Lopunny, L50, M|
|poke|p1|Kangaskhan, L50, F|
|poke|p1|Farigiraf, L50, M|
|poke|p1|Snorlax, L50, F|
|poke|p1|Drampa, L50, M|
|poke|p1|Maushold-Four, L50|
|poke|p2|Kingambit, L50, M, shiny|
|poke|p2|Charizard, L50, F, shiny|
|poke|p2|Floette-Eternal, L50, F|
|poke|p2|Whimsicott, L50, F|
|poke|p2|Garchomp, L50, M, shiny|
|poke|p2|Basculegion, L50, M|
|teampreview|4
|showteam|p1|Lopunny||Lopunnite|Limber|CloseCombat,MachPunch,SwordsDance,FakeOut|Jolly||M|||50|]Kangaskhan||Kangaskhanite|InnerFocus|DoubleEdge,SuckerPunch,Earthquake,Protect|Adamant||F|||50|]Farigiraf||SitrusBerry|ArmorTail|TwinBeam,HyperVoice,TrickRoom,CalmMind|Quiet||M|||50|]Snorlax||ChestoBerry|ThickFat|BodySlam,RockSlide,BellyDrum,Rest|Sassy||F|||50|]Drampa||LifeOrb|CloudNine|HyperBeam,DracoMeteor,Snarl,Protect|Modest||M|||50|]Maushold-Four||WideLens|FriendGuard|PopulationBomb,Encore,Taunt,Protect|Jolly|||||50|
|showteam|p2|Kingambit||BlackGlasses|Defiant|KowtowCleave,SuckerPunch,LowKick,Protect|Adamant||M|||50|]Charizard||CharizarditeY|SolarPower|HeatWave,WeatherBall,SolarBeam,Protect|Modest||F|||50|]Floette-Eternal||Floettite|FlowerVeil|Moonblast,DazzlingGleam,LightofRuin,Protect|Timid||F|||50|]Whimsicott||FocusSash|Prankster|Moonblast,Tailwind,Encore,Protect|Timid||F|||50|]Garchomp||LifeOrb|RoughSkin|Earthquake,DragonClaw,RockSlide,Protect|Jolly||M|||50|]Basculegion||MysticWater|Adaptability|WaveCrash,AquaJet,LastRespects,Protect|Adamant||M|||50|
|inactive|Battle timer is ON: inactive players will automatically lose when time's up. (requested by bancomat 2)
|
|t:|1783347392
|teamsize|p1|4
|teamsize|p2|4
|start
|switch|p1a: Maushold|Maushold-Four, L50|100/100
|switch|p1b: Lopunny|Lopunny, L50, M|100/100
|switch|p2a: Floette|Floette-Eternal, L50, F|100/100
|switch|p2b: Whimsicott|Whimsicott, L50, F|100/100
|turn|1
|
|t:|1783347408
|detailschange|p1b: Lopunny|Lopunny-Mega, L50, M
|-mega|p1b: Lopunny|Lopunny|Lopunnite
|detailschange|p2a: Floette|Floette-Mega, L50, F
|-mega|p2a: Floette|Floette|Floettite
|-ability|p2a: Floette|Fairy Aura
|move|p1b: Lopunny|Fake Out|p2a: Floette
|-damage|p2a: Floette|68/100
|move|p2b: Whimsicott|Tailwind|p2b: Whimsicott
|-sidestart|p2: bancomat 2|move: Tailwind
|cant|p2a: Floette|flinch
|move|p1a: Maushold|Population Bomb|p2b: Whimsicott
|-damage|p2b: Whimsicott|89/100
|-damage|p2b: Whimsicott|78/100
|-crit|p2b: Whimsicott
|-damage|p2b: Whimsicott|60/100
|-damage|p2b: Whimsicott|49/100
|-damage|p2b: Whimsicott|37/100
|-damage|p2b: Whimsicott|27/100
|-damage|p2b: Whimsicott|13/100
|-damage|p2b: Whimsicott|1/100
|-damage|p2b: Whimsicott|0 fnt
|faint|p2b: Whimsicott
|-hitcount|p2: Whimsicott|9
|
|upkeep
|
|t:|1783347419
|switch|p2b: Kingambit|Kingambit, L50, M, shiny|100/100
|turn|2
|inactive|glofer has 30 seconds left.
|
|t:|1783347448
|switch|p1b: Farigiraf|Farigiraf, L50, M|100/100
|move|p2b: Kingambit|Sucker Punch||[still]
|cant|p1b: Farigiraf|ability: Armor Tail|Sucker Punch|[of] p2b: Kingambit
|move|p2a: Floette|Dazzling Gleam|p1a: Maushold|[spread] p1a,p1b
|-damage|p1a: Maushold|32/100
|-damage|p1b: Farigiraf|66/100
|move|p1a: Maushold|Population Bomb|p2a: Floette
|-damage|p2a: Floette|58/100
|-damage|p2a: Floette|47/100
|-damage|p2a: Floette|37/100
|-damage|p2a: Floette|27/100
|-damage|p2a: Floette|16/100
|-damage|p2a: Floette|6/100
|-damage|p2a: Floette|0 fnt
|faint|p2a: Floette
|-hitcount|p2: Floette|7
|
|upkeep
|
|t:|1783347454
|switch|p2a: Garchomp|Garchomp, L50, M, shiny|100/100
|turn|3
|inactive|glofer has 30 seconds left.
|
|t:|1783347482
|move|p2a: Garchomp|Dragon Claw|p1a: Maushold
|-damage|p1a: Maushold|0 fnt
|faint|p1a: Maushold
|-damage|p2a: Garchomp|90/100|[from] item: Life Orb
|move|p2b: Kingambit|Kowtow Cleave|p1b: Farigiraf
|-supereffective|p1b: Farigiraf|1
|-damage|p1b: Farigiraf|0 fnt
|faint|p1b: Farigiraf
|
|upkeep
|
|t:|1783347486
|switch|p1a: Drampa|Drampa, L50, M|100/100
|switch|p1b: Lopunny|Lopunny-Mega, L50, M|100/100
|-ability|p1a: Drampa|Cloud Nine
|turn|4
|
|t:|1783347505
|move|p2a: Garchomp|Protect|p2a: Garchomp
|-singleturn|p2a: Garchomp|Protect
|move|p1b: Lopunny|Fake Out|p2a: Garchomp
|-activate|p2a: Garchomp|move: Protect
|move|p2b: Kingambit|Low Kick|p1b: Lopunny
|-supereffective|p1b: Lopunny|1
|-damage|p1b: Lopunny|33/100
|move|p1a: Drampa|Draco Meteor|p2a: Garchomp
|-activate|p2a: Garchomp|move: Protect
|
|-sideend|p2: bancomat 2|move: Tailwind
|upkeep
|turn|5
|
|t:|1783347524
|move|p1b: Lopunny|Close Combat|p2b: Kingambit
|-supereffective|p2b: Kingambit|2
|-damage|p2b: Kingambit|0 fnt
|-unboost|p1b: Lopunny|def|1
|-unboost|p1b: Lopunny|spd|1
|faint|p2b: Kingambit
|move|p2a: Garchomp|Dragon Claw|p1a: Drampa
|-supereffective|p1a: Drampa|1
|-damage|p1a: Drampa|0 fnt
|faint|p1a: Drampa
|-damage|p2a: Garchomp|80/100|[from] item: Life Orb
|
|upkeep
|turn|6
|
|t:|1783347535
|move|p1b: Lopunny|Close Combat|p2a: Garchomp
|-damage|p2a: Garchomp|18/100
|-unboost|p1b: Lopunny|def|1
|-unboost|p1b: Lopunny|spd|1
|-damage|p1b: Lopunny|21/100|[from] ability: Rough Skin|[of] p2a: Garchomp
|move|p2a: Garchomp|Earthquake|p1b: Lopunny
|-damage|p1b: Lopunny|0 fnt
|faint|p1b: Lopunny
|-damage|p2a: Garchomp|9/100|[from] item: Life Orb
|
|win|bancomat 2
|raw|glofer's rating: 1099 → 1072(-27 for losing)
|raw|bancomat 2's rating: 1063 → 1097(+34 for winning)
