|j|Ōśåhatsune p2
|j|ŌśåRaikuDraco
|html|hatsune p2RaikuDraco    
|uhtml|bestof|Game 3 of a best-of-3
|t:|1756879789
|gametype|doubles
|player|p1|hatsune p2|miku-fairy|1192
|player|p2|RaikuDraco|drake-gen3|1170
|gen|9
|tier|[Gen 9] VGC 2025 Reg H (Bo3)
|rated|
|rule|Species Clause: Limit one of each Pok├®mon
|rule|Item Clause: Limit 1 of each item
|clearpoke
|poke|p1|Pelipper, L50, F|
|poke|p1|Archaludon, L50, F|
|poke|p1|Basculegion, L50, M|
|poke|p1|Incineroar, L50, F|
|poke|p1|Amoonguss, L50, F|
|poke|p1|Maushold, L50|
|poke|p2|Archaludon, L50, F|
|poke|p2|Sinistcha-Masterpiece, L50|
|poke|p2|Dragonite, L50, F|
|poke|p2|Pelipper, L50, F|
|poke|p2|Ursaluna, L50, M|
|poke|p2|Gholdengo, L50|
|teampreview|4
|showteam|p1|Pelipper||FocusSash|Drizzle|WeatherBall,Hurricane,Tailwind,WideGuard|||F|||50|,,,,,Ghost]Archaludon||AssaultVest|Stamina|BodyPress,FlashCannon,ElectroShot,DragonPulse|||F|||50|,,,,,Fairy]Basculegion||ChoiceScarf|Adaptability|LastRespects,WaveCrash,FlipTurn,AquaJet|||M|||50|,,,,,Grass]Incineroar||SafetyGoggles|Intimidate|FakeOut,FlareBlitz,KnockOff,PartingShot|||F|||50|,,,,,Ghost]Amoonguss||CovertCloak|Regenerator|RagePowder,Spore,PollenPuff,LeafStorm|||F|||50|,,,,,Water]Maushold||WideLens|FriendGuard|PopulationBomb,FollowMe,Taunt,Protect||||||50|,,,,,Ghost
|showteam|p2|Archaludon||AssaultVest|Stamina|BodyPress,Snarl,ElectroShot,FlashCannon|||F|||50|,,,,,Fighting]Sinistcha-Masterpiece||SitrusBerry|Hospitality|MatchaGotcha,RagePowder,TrickRoom,LifeDew||||||50|,,,,,Dark]Dragonite||LoadedDice|Multiscale|ScaleShot,Protect,Tailwind,Haze|||F|||50|,,,,,Steel]Pelipper||FocusSash|Drizzle|WeatherBall,Hurricane,Tailwind,Protect|||F|||50|,,,,,Ground]Ursaluna||FlameOrb|Guts|Facade,HeadlongRush,Earthquake,Protect|||M|||50|,,,,,Ghost]Gholdengo||ChoiceScarf|GoodasGold|MakeItRain,TeraBlast,ShadowBall,Trick||||||50|,,,,,Water
|inactive|Battle timer is ON: inactive players will automatically lose when time's up. (requested by RaikuDraco)
|
|t:|1756879822
|teamsize|p1|4
|teamsize|p2|4
|start
|switch|p1a: Amoonguss|Amoonguss, L50, F|100/100
|switch|p1b: Pelipper|Pelipper, L50, F|100/100
|switch|p2a: Archaludon|Archaludon, L50, F|100/100
|switch|p2b: Dragonite|Dragonite, L50, F|100/100
|-weather|RainDance|[from] ability: Drizzle|[of] p1b: Pelipper
|turn|1
|c|Ōśåhatsune p2|shit
|c|Ōśåhatsune p2|didnt mean to lead that lmao
|c|ŌśåRaikuDraco|rough
|inactive|hatsune p2 has 30 seconds left.
|inactive|RaikuDraco has 30 seconds left.
|
|t:|1756879856
|switch|p1b: Archaludon|Archaludon, L50, F|100/100
|move|p2b: Dragonite|Scale Shot|p2a: Archaludon
|-damage|p2a: Archaludon|91/100
|-ability|p2a: Archaludon|Stamina|boost
|-boost|p2a: Archaludon|def|1
|-damage|p2a: Archaludon|85/100
|-ability|p2a: Archaludon|Stamina|boost
|-boost|p2a: Archaludon|def|1
|-damage|p2a: Archaludon|80/100
|-ability|p2a: Archaludon|Stamina|boost
|-boost|p2a: Archaludon|def|1
|-damage|p2a: Archaludon|75/100
|-ability|p2a: Archaludon|Stamina|boost
|-boost|p2a: Archaludon|def|1
|-damage|p2a: Archaludon|72/100
|-ability|p2a: Archaludon|Stamina|boost
|-boost|p2a: Archaludon|def|1
|-hitcount|p2a: Archaludon|5
|-unboost|p2b: Dragonite|def|1
|-boost|p2b: Dragonite|spe|1
|move|p2a: Archaludon|Electro Shot||[still]
|-prepare|p2a: Archaludon|Electro Shot
|-boost|p2a: Archaludon|spa|1
|-anim|p2a: Archaludon|Electro Shot|p1b: Archaludon
|-resisted|p1b: Archaludon
|-damage|p1b: Archaludon|78/100
|-ability|p1b: Archaludon|Stamina|boost
|-boost|p1b: Archaludon|def|1
|move|p1a: Amoonguss|Spore|p2a: Archaludon
|-status|p2a: Archaludon|slp|[from] move: Spore
|
|-weather|RainDance|[upkeep]
|upkeep
|turn|2
|inactive|RaikuDraco has 30 seconds left.
|inactive|RaikuDraco has 20 seconds left.
|inactive|hatsune p2 has 30 seconds left.
|
|t:|1756879897
|switch|p2b: Sinistcha|Sinistcha-Masterpiece, L50|100/100
|-heal|p2a: Archaludon|97/100 slp|[from] ability: Hospitality|[of] p2b: Sinistcha
|move|p1b: Archaludon|Electro Shot||[still]
|-prepare|p1b: Archaludon|Electro Shot
|-boost|p1b: Archaludon|spa|1
|-anim|p1b: Archaludon|Electro Shot|p2a: Archaludon
|-resisted|p2a: Archaludon
|-damage|p2a: Archaludon|78/100 slp
|-ability|p2a: Archaludon|Stamina|boost
|-boost|p2a: Archaludon|def|1
|cant|p2a: Archaludon|slp
|move|p1a: Amoonguss|Pollen Puff|p1b: Archaludon
|-heal|p1b: Archaludon|100/100
|
|-weather|RainDance|[upkeep]
|upkeep
|turn|3
|inactive|RaikuDraco has 30 seconds left.
|inactive|hatsune p2 has 30 seconds left.
|inactive|RaikuDraco has 20 seconds left.
|
|t:|1756879940
|-terastallize|p1b: Archaludon|Fairy
|move|p1b: Archaludon|Electro Shot||[still]
|-prepare|p1b: Archaludon|Electro Shot
|-boost|p1b: Archaludon|spa|1
|-anim|p1b: Archaludon|Electro Shot|p2a: Archaludon
|-resisted|p2a: Archaludon
|-damage|p2a: Archaludon|54/100 slp
|-curestatus|p2a: Archaludon|slp|[msg]
|move|p2a: Archaludon|Body Press|p1b: Archaludon
|-resisted|p1b: Archaludon
|-damage|p1b: Archaludon|80/100
|-ability|p1b: Archaludon|Stamina|boost
|-boost|p1b: Archaludon|def|1
|move|p2b: Sinistcha|Life Dew||[still]|[spread] p2a,p2b
|-heal|p2a: Archaludon|79/100
|-fail|p2b: Sinistcha|heal
|move|p1a: Amoonguss|Pollen Puff|p1b: Archaludon
|-heal|p1b: Archaludon|100/100
|
|-weather|RainDance|[upkeep]
|upkeep
|turn|4
|inactive|RaikuDraco has 30 seconds left.
|inactive|hatsune p2 has 30 seconds left.
|inactive|RaikuDraco has 20 seconds left.
|inactive|RaikuDraco has 15 seconds left.
|
|t:|1756879984
|move|p1b: Archaludon|Electro Shot||[still]
|-prepare|p1b: Archaludon|Electro Shot
|-boost|p1b: Archaludon|spa|1
|-anim|p1b: Archaludon|Electro Shot|p2b: Sinistcha
|-resisted|p2b: Sinistcha
|-damage|p2b: Sinistcha|56/100
|move|p2a: Archaludon|Electro Shot||[still]
|-prepare|p2a: Archaludon|Electro Shot
|-boost|p2a: Archaludon|spa|1
|-anim|p2a: Archaludon|Electro Shot|p1b: Archaludon
|-damage|p1b: Archaludon|41/100
|-ability|p1b: Archaludon|Stamina|boost
|-boost|p1b: Archaludon|def|1
|move|p2b: Sinistcha|Life Dew|p2b: Sinistcha|[spread] p2a,p2b
|-heal|p2a: Archaludon|100/100
|-heal|p2b: Sinistcha|81/100
|move|p1a: Amoonguss|Spore|p2a: Archaludon
|-status|p2a: Archaludon|slp|[from] move: Spore
|
|-weather|RainDance|[upkeep]
|upkeep
|turn|5
|inactive|RaikuDraco has 30 seconds left.
|inactive|RaikuDraco has 20 seconds left.
|inactive|RaikuDraco has 15 seconds left.
|inactive|RaikuDraco has 10 seconds left.
|inactive|RaikuDraco has 5 seconds left.
|
|t:|1756880038
|move|p1b: Archaludon|Electro Shot||[still]
|-prepare|p1b: Archaludon|Electro Shot
|-boost|p1b: Archaludon|spa|1
|-anim|p1b: Archaludon|Electro Shot|p2a: Archaludon
|-resisted|p2a: Archaludon
|-damage|p2a: Archaludon|61/100 slp
|cant|p2a: Archaludon|slp
|move|p2b: Sinistcha|Matcha Gotcha|p1b: Archaludon|[spread] p1a,p1b
|-resisted|p1a: Amoonguss
|-damage|p1a: Amoonguss|95/100
|-heal|p2b: Sinistcha|85/100|[from] drain|[of] p1a: Amoonguss
|-damage|p1b: Archaludon|19/100
|-heal|p2b: Sinistcha|97/100|[from] drain|[of] p1b: Archaludon
|-ability|p1b: Archaludon|Stamina|boost
|-boost|p1b: Archaludon|def|1
|move|p1a: Amoonguss|Pollen Puff|p1b: Archaludon
|-heal|p1b: Archaludon|69/100
|
|-weather|none
|upkeep
|turn|6
|inactive|RaikuDraco has 30 seconds left.
|inactive|hatsune p2 has 30 seconds left.
|inactive|RaikuDraco has 20 seconds left.
|
|t:|1756880076
|move|p1b: Archaludon|Dragon Pulse|p2a: Archaludon
|-damage|p2a: Archaludon|0 fnt
|faint|p2a: Archaludon
|move|p2b: Sinistcha|Matcha Gotcha|p1b: Archaludon|[spread] p1b
|-miss|p2b: Sinistcha|p1a: Amoonguss
|-damage|p1b: Archaludon|47/100
|-heal|p2b: Sinistcha|100/100|[from] drain|[of] p1b: Archaludon
|-ability|p1b: Archaludon|Stamina|boost
|-boost|p1b: Archaludon|def|1
|move|p1a: Amoonguss|Pollen Puff|p1b: Archaludon
|-heal|p1b: Archaludon|97/100
|
|upkeep
|
|t:|1756880094
|switch|p2a: Pelipper|Pelipper, L50, F|100/100
|-weather|RainDance|[from] ability: Drizzle|[of] p2a: Pelipper
|turn|7
|inactive|hatsune p2 has 30 seconds left.
|inactive|RaikuDraco has 30 seconds left.
|
|t:|1756880124
|-terastallize|p2a: Pelipper|Ground
|move|p2a: Pelipper|Hurricane|p1a: Amoonguss
|-supereffective|p1a: Amoonguss
|-damage|p1a: Amoonguss|17/100
|move|p1b: Archaludon|Dragon Pulse|p2b: Sinistcha
|-damage|p2b: Sinistcha|9/100
|-enditem|p2b: Sinistcha|Sitrus Berry|[eat]
|-heal|p2b: Sinistcha|34/100|[from] item: Sitrus Berry
|move|p2b: Sinistcha|Matcha Gotcha|p1b: Archaludon|[spread] p1a,p1b
|-resisted|p1a: Amoonguss
|-damage|p1a: Amoonguss|12/100
|-heal|p2b: Sinistcha|38/100|[from] drain|[of] p1a: Amoonguss
|-damage|p1b: Archaludon|78/100
|-heal|p2b: Sinistcha|48/100|[from] drain|[of] p1b: Archaludon
|-ability|p1b: Archaludon|Stamina|boost
|-boost|p1b: Archaludon|def|1
|move|p1a: Amoonguss|Spore|p2a: Pelipper
|-status|p2a: Pelipper|slp|[from] move: Spore
|
|-weather|RainDance|[upkeep]
|upkeep
|turn|8
|inactive|RaikuDraco has 30 seconds left.
|inactive|hatsune p2 has 30 seconds left.
|inactive|RaikuDraco has 20 seconds left.
|inactive|RaikuDraco has 15 seconds left.
|inactive|RaikuDraco has 10 seconds left.
|
|t:|1756880170
|switch|p2b: Dragonite|Dragonite, L50, F|100/100
|switch|p1a: Pelipper|Pelipper, L50, F|100/100
|cant|p2a: Pelipper|slp
|move|p1b: Archaludon|Electro Shot||[still]
|-prepare|p1b: Archaludon|Electro Shot
|-boost|p1b: Archaludon|spa|1
|-anim|p1b: Archaludon|Electro Shot|p2b: Dragonite
|-damage|p2b: Dragonite|34/100
|
|-weather|RainDance|[upkeep]
|upkeep
|turn|9
|inactive|RaikuDraco has 30 seconds left.
|
|t:|1756880204
|move|p2b: Dragonite|Haze|p2b: Dragonite
|-clearallboost
|-curestatus|p2a: Pelipper|slp|[msg]
|move|p2a: Pelipper|Weather Ball|p1b: Archaludon
|-damage|p1b: Archaludon|20/100
|-ability|p1b: Archaludon|Stamina|boost
|-boost|p1b: Archaludon|def|1
|move|p1b: Archaludon|Dragon Pulse|p2a: Pelipper
|-damage|p2a: Pelipper|34/100
|move|p1a: Pelipper|Weather Ball|p2a: Pelipper
|-supereffective|p2a: Pelipper
|-damage|p2a: Pelipper|0 fnt
|faint|p2a: Pelipper
|
|-weather|RainDance|[upkeep]
|upkeep
|
|t:|1756880220
|switch|p2a: Sinistcha|Sinistcha-Masterpiece, L50|48/100
|-heal|p2b: Dragonite|59/100|[from] ability: Hospitality|[of] p2a: Sinistcha
|turn|10
|c|Ōśåhatsune p2|3 turn 1 wakeups :(
|inactive|RaikuDraco has 30 seconds left.
|
|t:|1756880247
|switch|p1b: Incineroar|Incineroar, L50, F|100/100
|-ability|p1b: Incineroar|Intimidate|boost
|-unboost|p2a: Sinistcha|atk|1
|-unboost|p2b: Dragonite|atk|1
|move|p2b: Dragonite|Scale Shot|p1a: Pelipper
|-damage|p1a: Pelipper|87/100
|-damage|p1a: Pelipper|73/100
|-damage|p1a: Pelipper|59/100
|-damage|p1a: Pelipper|45/100
|-damage|p1a: Pelipper|32/100
|-hitcount|p1a: Pelipper|5
|-unboost|p2b: Dragonite|def|1
|-boost|p2b: Dragonite|spe|1
|move|p1a: Pelipper|Hurricane|p2a: Sinistcha
|-supereffective|p2a: Sinistcha
|-damage|p2a: Sinistcha|0 fnt
|faint|p2a: Sinistcha
|
|-weather|RainDance|[upkeep]
|upkeep
|turn|11
|inactive|RaikuDraco has 30 seconds left.
|inactive|RaikuDraco has 20 seconds left.
|c|ŌśåRaikuDraco|clearly didn't matter that much
|c|Ōśåhatsune p2|I suppose not
|inactive|RaikuDraco has 15 seconds left.
|inactive|RaikuDraco has 10 seconds left.
|
|t:|1756880275
|move|p1b: Incineroar|Fake Out|p2b: Dragonite
|-damage|p2b: Dragonite|40/100
|cant|p2b: Dragonite|flinch
|move|p1a: Pelipper|Tailwind|p1a: Pelipper
|-sidestart|p1: hatsune p2|move: Tailwind
|
|-weather|none
|upkeep
|turn|12
|inactive|RaikuDraco has 10 seconds left this turn.
|inactive|RaikuDraco has 5 seconds left.
|
|t:|1756880283
|switch|p1a: Amoonguss|Amoonguss, L50, F|46/100
|move|p1b: Incineroar|Parting Shot|p2b: Dragonite
|-unboost|p2b: Dragonite|atk|1
|-unboost|p2b: Dragonite|spa|1
|
|t:|1756880285
|switch|p1b: Pelipper|Pelipper, L50, F|32/100|[from] Parting Shot
|-weather|RainDance|[from] ability: Drizzle|[of] p1b: Pelipper
|move|p2b: Dragonite|Scale Shot|p1a: Amoonguss
|-damage|p1a: Amoonguss|40/100
|-damage|p1a: Amoonguss|34/100
|-damage|p1a: Amoonguss|27/100
|-damage|p1a: Amoonguss|20/100
|-damage|p1a: Amoonguss|13/100
|-hitcount|p1a: Amoonguss|5
|-unboost|p2b: Dragonite|def|1
|-boost|p2b: Dragonite|spe|1
|
|-weather|RainDance|[upkeep]
|upkeep
|turn|13
|inactive|RaikuDraco has 5 seconds left this turn.
|-message|RaikuDraco lost due to inactivity.
|
|win|hatsune p2
|raw|hatsune p2's rating: 1192 → 1215(+23 for winning)
|raw|RaikuDraco's rating: 1170 → 1147(-23 for losing)
|c|Ōśåhatsune p2|gg
|c|ŌśåRaikuDraco|ggs
|l|Ōśåhatsune p2
|player|p1|
