|j|☆Jiaco5
|j|☆lolgz
|html|Jiaco5lolgz    
|uhtml|bestof|Game 3 of a best-of-3
|t:|1782522638
|gametype|doubles
|player|p1|Jiaco5|101|1149
|player|p2|lolgz|dawn|1189
|gen|9
|tier|[Gen 9 Champions] VGC 2026 Reg M-B (Bo3)
|rated|
|rule|Species Clause: Limit one of each Pokémon
|rule|Item Clause: Limit 1 of each item
|clearpoke
|poke|p1|Blaziken, L50, M|
|poke|p1|Aerodactyl, L50, M|
|poke|p1|Kingambit, L50, F|
|poke|p1|Basculegion, L50, M|
|poke|p1|Sylveon, L50, M|
|poke|p1|Tsareena, L50, F|
|poke|p2|Torkoal, L50, F|
|poke|p2|Vileplume, L50, M|
|poke|p2|Farigiraf, L50, F|
|poke|p2|Scrafty, L50, M|
|poke|p2|Gallade, L50, M|
|poke|p2|Mawile, L50, M|
|teampreview|4
|showteam|p1|Blaziken||Blazikenite|SpeedBoost|FlareBlitz,CloseCombat,Protect,RockSlide|Adamant||M|||50|]Aerodactyl||Aerodactylite|Unnerve|RockSlide,DualWingbeat,Protect,Tailwind|Jolly||M|||50|]Kingambit||OccaBerry|Defiant|KowtowCleave,Protect,IronHead,SuckerPunch|Adamant||F|||50|]Basculegion||LifeOrb|Adaptability|WaveCrash,Protect,LastRespects,AquaJet|Adamant||M|||50|]Sylveon||FairyFeather|Pixilate|HyperBeam,HyperVoice,Protect,Yawn|Modest||M|||50|]Tsareena||WideLens|QueenlyMajesty|Protect,PowerWhip,HighJumpKick,TripleAxel|Adamant||F|||50|
|showteam|p2|Torkoal||Charcoal|Drought|Eruption,WeatherBall,EarthPower,Protect|Quiet||F|||50|]Vileplume||FocusSash|Chlorophyll|EnergyBall,SludgeBomb,SleepPowder,AfterYou|Timid||M|||50|]Farigiraf||SitrusBerry|ArmorTail|TrickRoom,Thunderbolt,Psychic,HelpingHand|Relaxed||F|||50|]Scrafty||Scraftinite|Intimidate|FakeOut,CloseCombat,KnockOff,RockTomb|Brave||M|||50|]Gallade||IronBall|Sharpness|SacredSword,PsychoCut,WideGuard,TrickRoom|Brave||M|||50|]Mawile||Mawilite|HyperCutter|SuckerPunch,PlayRough,SwordsDance,Protect|Brave||M|||50|
|inactive|Battle timer is ON: inactive players will automatically lose when time's up. (requested by lolgz)
|inactive|Jiaco5 has 60 seconds left.
|
|t:|1782522684
|teamsize|p1|4
|teamsize|p2|4
|start
|switch|p1a: Blaziken|Blaziken, L50, M|100/100
|switch|p1b: Aerodactyl|Aerodactyl, L50, M|100/100
|switch|p2a: Vileplume|Vileplume, L50, M|100/100
|switch|p2b: Torkoal|Torkoal, L50, F|100/100
|-ability|p1b: Aerodactyl|Unnerve
|-weather|SunnyDay|[from] ability: Drought|[of] p2b: Torkoal
|turn|1
|
|t:|1782522696
|move|p1b: Aerodactyl|Protect|p1b: Aerodactyl
|-singleturn|p1b: Aerodactyl|Protect
|move|p1a: Blaziken|Protect|p1a: Blaziken
|-singleturn|p1a: Blaziken|Protect
|move|p2a: Vileplume|Sleep Powder|p1a: Blaziken
|-activate|p1a: Blaziken|move: Protect
|move|p2b: Torkoal|Weather Ball|p1b: Aerodactyl
|-activate|p1b: Aerodactyl|move: Protect
|
|-weather|SunnyDay|[upkeep]
|-ability|p1a: Blaziken|Speed Boost|boost
|-boost|p1a: Blaziken|spe|1
|upkeep
|turn|2
|
|t:|1782522711
|detailschange|p1a: Blaziken|Blaziken-Mega, L50, M
|-mega|p1a: Blaziken|Blaziken|Blazikenite
|move|p1a: Blaziken|Rock Slide|p2b: Torkoal|[spread] p2a,p2b
|-supereffective|p2b: Torkoal|1
|-damage|p2a: Vileplume|65/100
|-damage|p2b: Torkoal|63/100
|move|p2a: Vileplume|Sleep Powder|p1a: Blaziken|[miss]
|-miss|p2a: Vileplume|p1a: Blaziken
|move|p1b: Aerodactyl|Rock Slide|p2b: Torkoal|[spread] p2a,p2b
|-supereffective|p2b: Torkoal|1
|-damage|p2a: Vileplume|32/100
|-damage|p2b: Torkoal|26/100
|move|p2b: Torkoal|Earth Power|p1a: Blaziken
|-supereffective|p1a: Blaziken|1
|-damage|p1a: Blaziken|24/100
|
|-weather|SunnyDay|[upkeep]
|-ability|p1a: Blaziken|Speed Boost|boost
|-boost|p1a: Blaziken|spe|1
|upkeep
|turn|3
|inactive|Jiaco5 has 30 seconds left.
|
|t:|1782522738
|move|p1a: Blaziken|Flare Blitz|p2a: Vileplume
|-supereffective|p2a: Vileplume|1
|-damage|p2a: Vileplume|0 fnt
|faint|p2a: Vileplume
|-damage|p1a: Blaziken|14/100|[from] Recoil
|move|p1b: Aerodactyl|Dual Wingbeat|p2b: Torkoal
|-crit|p2b: Torkoal
|-damage|p2b: Torkoal|5/100
|-damage|p2b: Torkoal|0 fnt
|faint|p2b: Torkoal
|-hitcount|p2: Torkoal|2
|
|-weather|SunnyDay|[upkeep]
|-ability|p1a: Blaziken|Speed Boost|boost
|-boost|p1a: Blaziken|spe|1
|upkeep
|
|t:|1782522744
|switch|p2a: Farigiraf|Farigiraf, L50, F|100/100
|switch|p2b: Mawile|Mawile, L50, M|100/100
|turn|4
|
|t:|1782522751
|detailschange|p2b: Mawile|Mawile-Mega, L50, M
|-mega|p2b: Mawile|Mawile|Mawilite
|move|p2b: Mawile|Sucker Punch|p1a: Blaziken
|-resisted|p1a: Blaziken|1
|-damage|p1a: Blaziken|0 fnt
|faint|p1a: Blaziken
|move|p1b: Aerodactyl|Rock Slide|p2a: Farigiraf|[spread] p2a,p2b
|-resisted|p2b: Mawile|1
|-damage|p2a: Farigiraf|82/100
|-damage|p2b: Mawile|89/100
|cant|p2a: Farigiraf|flinch
|
|-weather|SunnyDay|[upkeep]
|upkeep
|
|t:|1782522759
|switch|p1a: Basculegion|Basculegion, L50, M|100/100
|turn|5
|
|t:|1782522766
|switch|p1b: Tsareena|Tsareena, L50, F|100/100
|move|p2b: Mawile|Sucker Punch||[still]
|cant|p1b: Tsareena|ability: Queenly Majesty|Sucker Punch|[of] p2b: Mawile
|move|p1a: Basculegion|Last Respects|p2b: Mawile
|-damage|p2b: Mawile|7/100
|-damage|p1a: Basculegion|90/100|[from] item: Life Orb
|move|p2a: Farigiraf|Trick Room|p2a: Farigiraf
|-fieldstart|move: Trick Room|[of] p2a: Farigiraf
|
|-weather|none
|upkeep
|turn|6
|inactive|Jiaco5 has 30 seconds left.
|
|t:|1782522796
|move|p2b: Mawile|Protect|p2b: Mawile
|-singleturn|p2b: Mawile|Protect
|move|p2a: Farigiraf|Psychic|p1b: Tsareena
|-damage|p1b: Tsareena|62/100
|move|p1a: Basculegion|Wave Crash|p2b: Mawile
|-activate|p2b: Mawile|move: Protect
|move|p1b: Tsareena|High Jump Kick|p2b: Mawile
|-activate|p2b: Mawile|move: Protect
|-damage|p1b: Tsareena|12/100|[from] highjumpkick
|
|upkeep
|turn|7
|
|t:|1782522807
|move|p1a: Basculegion|Protect|p1a: Basculegion
|-singleturn|p1a: Basculegion|Protect
|move|p1b: Tsareena|Protect|p1b: Tsareena
|-singleturn|p1b: Tsareena|Protect
|move|p2b: Mawile|Play Rough|p1a: Basculegion
|-activate|p1a: Basculegion|move: Protect
|move|p2a: Farigiraf|Psychic|p1b: Tsareena
|-activate|p1b: Tsareena|move: Protect
|
|upkeep
|turn|8
|
|t:|1782522822
|switch|p1b: Aerodactyl|Aerodactyl, L50, M|100/100
|-ability|p1b: Aerodactyl|Unnerve
|move|p2b: Mawile|Play Rough|p1a: Basculegion|[miss]
|-miss|p2b: Mawile|p1a: Basculegion
|move|p2a: Farigiraf|Psychic|p1b: Aerodactyl
|-damage|p1b: Aerodactyl|55/100
|move|p1a: Basculegion|Wave Crash|p2b: Mawile
|-damage|p2b: Mawile|0 fnt
|faint|p2b: Mawile
|-damage|p1a: Basculegion|88/100|[from] Recoil
|-damage|p1a: Basculegion|78/100|[from] item: Life Orb
|
|upkeep
|turn|9
|c|☆lolgz|WTF
|-message|lolgz forfeited.
|
|win|Jiaco5
|raw|Jiaco5's rating: 1149 → 1177(+28 for winning)
|raw|lolgz's rating: 1189 → 1161(-28 for losing)
