|j|☆Barney7
|j|☆iiFWM
|html|Barney7iiFWM    
|uhtml|bestof|Game 3 of a best-of-3
|t:|1755117152
|gametype|doubles
|player|p1|Barney7|1|1246
|player|p2|iiFWM|cyrus|1346
|gen|9
|tier|[Gen 9] VGC 2025 Reg H (Bo3)
|rated|
|rule|Species Clause: Limit one of each Pokémon
|rule|Item Clause: Limit 1 of each item
|clearpoke
|poke|p1|Archaludon, L50, F|
|poke|p1|Pelipper, L50, M|
|poke|p1|Gholdengo, L50|
|poke|p1|Basculegion, L50, M|
|poke|p1|Amoonguss, L50, F|
|poke|p1|Incineroar, L50, M|
|poke|p2|Sneasler, L50, F|
|poke|p2|Dragapult, L50, F|
|poke|p2|Primarina, L50, M|
|poke|p2|Rillaboom, L50, M|
|poke|p2|Kingambit, L50, F|
|poke|p2|Magmar, L50, F|
|teampreview|4
|showteam|p1|Archaludon||AssaultVest|Stamina|DracoMeteor,FlashCannon,ElectroShot,BodyPress|||F|||50|,,,,,Grass]Pelipper||FocusSash|Drizzle|Protect,WeatherBall,Hurricane,Tailwind|||M|||50|,,,,,Stellar]Gholdengo||LifeOrb|GoodasGold|Protect,MakeItRain,ShadowBall,NastyPlot||||||50|,,,,,Water]Basculegion||ChoiceBand|SwiftSwim|FlipTurn,WaveCrash,AquaJet,LastRespects|||M|||50|,,,,,Grass]Amoonguss||SitrusBerry|Regenerator|Spore,RagePowder,PollenPuff,Protect|||F|||50|,,,,,Water]Incineroar||SafetyGoggles|Intimidate|FlareBlitz,KnockOff,PartingShot,FakeOut|||M|||50|,,,,,Ghost
|showteam|p2|Sneasler||FocusSash|PoisonTouch|CloseCombat,DireClaw,FakeOut,Protect|||F|||50|,,,,,Stellar]Dragapult||ChoiceBand|ClearBody|DragonDarts,TeraBlast,PhantomForce,Uturn|||F|||50|,,,,,Ghost]Primarina||SitrusBerry|LiquidVoice|HyperVoice,Moonblast,Haze,Protect|||M|||50|,,,,,Water]Rillaboom||AssaultVest|GrassySurge|WoodHammer,GrassyGlide,HighHorsepower,FakeOut|||M|||50|,,,,,Fire]Kingambit||DreadPlate|Defiant|KowtowCleave,SuckerPunch,SwordsDance,Protect|||F|||50|,,,,,Ghost]Magmar||Eviolite|VitalSpirit|Overheat,WillOWisp,FollowMe,Protect|||F|||50|,,,,,Ghost
|inactive|Battle timer is ON: inactive players will automatically lose when time's up. (requested by iiFWM)
|inactive|Barney7 has 60 seconds left.
|inactive|Barney7 has 30 seconds left.
|inactive|Barney7 has 20 seconds left.
|inactive|Barney7 has 15 seconds left.
|
|t:|1755117232
|teamsize|p1|4
|teamsize|p2|4
|start
|switch|p1a: Pelipper|Pelipper, L50, M, shiny|100/100
|switch|p1b: Basculegion|Basculegion, L50, M, shiny|100/100
|switch|p2a: Rillaboom|Rillaboom, L50, M|100/100
|switch|p2b: Kingambit|Kingambit, L50, F, shiny|100/100
|-fieldstart|move: Grassy Terrain|[from] ability: Grassy Surge|[of] p2a: Rillaboom
|-weather|RainDance|[from] ability: Drizzle|[of] p1a: Pelipper
|turn|1
|
|t:|1755117245
|-terastallize|p1b: Basculegion|Grass
|move|p2a: Rillaboom|Fake Out|p1a: Pelipper
|-crit|p1a: Pelipper
|-damage|p1a: Pelipper|73/100
|move|p1b: Basculegion|Wave Crash|p2b: Kingambit
|-damage|p2b: Kingambit|0 fnt
|faint|p2b: Kingambit
|-damage|p1b: Basculegion|67/100|[from] Recoil
|cant|p1a: Pelipper|flinch
|
|-weather|RainDance|[upkeep]
|-heal|p1b: Basculegion|73/100|[from] Grassy Terrain
|upkeep
|
|t:|1755117252
|switch|p2b: Sneasler|Sneasler, L50, F, shiny|100/100
|turn|2
|inactive|Barney7 has 30 seconds left.
|inactive|Barney7 has 20 seconds left.
|inactive|Barney7 has 15 seconds left.
|inactive|Barney7 has 10 seconds left.
|
|t:|1755117297
|move|p1b: Basculegion|Wave Crash|p2b: Sneasler
|-enditem|p2b: Sneasler|Focus Sash
|-damage|p2b: Sneasler|1/100
|-damage|p1b: Basculegion|47/100|[from] Recoil
|move|p2b: Sneasler|Dire Claw|p1b: Basculegion
|-supereffective|p1b: Basculegion
|-damage|p1b: Basculegion|0 fnt
|faint|p1b: Basculegion
|move|p2a: Rillaboom|Wood Hammer|p1a: Pelipper
|-damage|p1a: Pelipper|0 fnt
|faint|p1a: Pelipper
|-damage|p2a: Rillaboom|84/100|[from] Recoil
|
|-weather|RainDance|[upkeep]
|-heal|p2b: Sneasler|7/100|[from] Grassy Terrain
|-heal|p2a: Rillaboom|90/100|[from] Grassy Terrain
|upkeep
|
|t:|1755117310
|switch|p1b: Gholdengo|Gholdengo, L50|100/100
|switch|p1a: Archaludon|Archaludon, L50, F, shiny|100/100
|turn|3
|
|t:|1755117327
|-terastallize|p2b: Sneasler|Stellar
|move|p2b: Sneasler|Close Combat|p1a: Archaludon
|-supereffective|p1a: Archaludon
|-damage|p1a: Archaludon|0 fnt
|-unboost|p2b: Sneasler|def|1
|-unboost|p2b: Sneasler|spd|1
|faint|p1a: Archaludon
|move|p1b: Gholdengo|Make It Rain|p2a: Rillaboom|[spread] p2a,p2b
|-damage|p2a: Rillaboom|42/100
|-damage|p2b: Sneasler|0 fnt
|-unboost|p1b: Gholdengo|spa|1
|faint|p2b: Sneasler
|-damage|p1b: Gholdengo|91/100|[from] item: Life Orb
|move|p2a: Rillaboom|High Horsepower|p1b: Gholdengo
|-supereffective|p1b: Gholdengo
|-damage|p1b: Gholdengo|13/100
|
|-weather|RainDance|[upkeep]
|-heal|p1b: Gholdengo|20/100|[from] Grassy Terrain
|-heal|p2a: Rillaboom|48/100|[from] Grassy Terrain
|upkeep
|
|t:|1755117342
|switch|p2b: Magmar|Magmar, L50, F, shiny|100/100
|turn|4
|
|t:|1755117347
|move|p1b: Gholdengo|Protect|p1b: Gholdengo
|-singleturn|p1b: Gholdengo|Protect
|move|p2a: Rillaboom|Grassy Glide|p1b: Gholdengo
|-activate|p1b: Gholdengo|move: Protect
|move|p2b: Magmar|Overheat|p1b: Gholdengo
|-activate|p1b: Gholdengo|move: Protect
|
|-weather|RainDance|[upkeep]
|-heal|p1b: Gholdengo|26/100|[from] Grassy Terrain
|-heal|p2a: Rillaboom|54/100|[from] Grassy Terrain
|upkeep
|turn|5
|-message|Barney7 forfeited.
|
|win|iiFWM
|raw|Barney7's rating: 1246 → 1228(-18 for losing)
|raw|iiFWM's rating: 1346 → 1360(+14 for winning)
