|j|☆feedback9946
|j|☆tipolucha
|html|feedback9946tipolucha    
|uhtml|bestof|Game 2 of a best-of-3
|t:|1784883462
|gametype|doubles
|player|p1|feedback9946|grimsley-gen7|1034
|player|p2|tipolucha|169|1096
|gen|9
|tier|[Gen 9 Champions] VGC 2026 Reg M-B (Bo3)
|rated|
|rule|Species Clause: Limit one of each Pokémon
|rule|Item Clause: Limit 1 of each item
|clearpoke
|poke|p1|Glimmora, L50, M|
|poke|p1|Swampert, L50, F|
|poke|p1|Kingambit, L50, M|
|poke|p1|Pelipper, L50, F|
|poke|p1|Rotom-Mow, L50|
|poke|p1|Noivern, L50, F|
|poke|p2|Whimsicott, L50, M|
|poke|p2|Froslass, L50, F|
|poke|p2|Blaziken, L50, F|
|poke|p2|Sneasler, L50, M|
|poke|p2|Milotic, L50, F|
|poke|p2|Scizor, L50, M|
|teampreview|4
|showteam|p1|Glimmora||Glimmoranite|ToxicDebris|PowerGem,SludgeWave,EarthPower,SpikyShield|Modest||M|||50|]Swampert||Swampertite|Torrent|WaveCrash,Earthquake,IcePunch,Protect|Adamant||F|||50|]Kingambit||ChopleBerry|Defiant|SuckerPunch,KowtowCleave,IronHead,Protect|Adamant||M|||50|]Pelipper||SitrusBerry|Drizzle|Hurricane,WeatherBall,WideGuard,Protect|Modest||F|||50|]Rotom-Mow||ChoiceScarf|Levitate|LeafStorm,VoltSwitch,Discharge,Electroweb|Timid|||||50|]Noivern||FocusSash|Telepathy|DracoMeteor,SuperFang,Tailwind,Protect|Timid||F|||50|
|showteam|p2|Whimsicott||FocusSash|Prankster|EnergyBall,Moonblast,FakeTears,Tailwind|Timid||M|||50|]Froslass||Froslassite|SnowCloak|Blizzard,AuroraVeil,ShadowBall,Protect|Timid||F|||50|]Blaziken||Blazikenite|SpeedBoost|Protect,FlareBlitz,CloseCombat,BraveBird|Adamant||F|||50|]Sneasler||WhiteHerb|Unburden|CloseCombat,FakeOut,DireClaw,RockSlide|Adamant||M|||50|]Milotic||MysticWater|Competitive|IceBeam,Scald,IcyWind,Protect|Modest||F|||50|]Scizor||SilverPowder|Technician|BulletPunch,BugBite,BrickBreak,Protect|Adamant||M|||50|
|inactive|Battle timer is ON: inactive players will automatically lose when time's up. (requested by feedback9946)
|inactiveoff|Battle timer is now OFF.
|
|t:|1784883507
|teamsize|p1|4
|teamsize|p2|4
|start
|switch|p1a: Noivern|Noivern, L50, F|100/100
|switch|p1b: Kingambit|Kingambit, L50, M|100/100
|switch|p2a: Whimsicott|Whimsicott, L50, M|100/100
|switch|p2b: Scizor|Scizor, L50, M|100/100
|turn|1
|
|t:|1784883543
|move|p1a: Noivern|Super Fang|p2a: Whimsicott|[miss]
|-miss|p1a: Noivern|p2a: Whimsicott
|move|p2a: Whimsicott|Moonblast|p1a: Noivern
|-supereffective|p1a: Noivern|1
|-damage|p1a: Noivern|6/100
|move|p2b: Scizor|Brick Break|p1b: Kingambit
|-supereffective|p1b: Kingambit|2
|-enditem|p1b: Kingambit|Chople Berry|[eat]
|-enditem|p1b: Kingambit|Chople Berry|[weaken]
|-damage|p1b: Kingambit|59/100
|move|p1b: Kingambit|Iron Head|p2a: Whimsicott
|-supereffective|p2a: Whimsicott|1
|-enditem|p2a: Whimsicott|Focus Sash
|-damage|p2a: Whimsicott|1/100
|
|upkeep
|turn|2
|
|t:|1784883577
|switch|p1a: Swampert|Swampert, L50, F|100/100
|move|p2a: Whimsicott|Tailwind|p2a: Whimsicott
|-sidestart|p2: tipolucha|move: Tailwind
|move|p2b: Scizor|Bullet Punch|p1a: Swampert
|-resisted|p1a: Swampert|1
|-damage|p1a: Swampert|81/100
|move|p1b: Kingambit|Sucker Punch||[still]
|-fail|p1b: Kingambit
|
|upkeep
|turn|3
|
|t:|1784883594
|switch|p1b: Pelipper|Pelipper, L50, F|100/100
|-weather|RainDance|[from] ability: Drizzle|[of] p1b: Pelipper
|detailschange|p1a: Swampert|Swampert-Mega, L50, F
|-mega|p1a: Swampert|Swampert|Swampertite
|move|p2a: Whimsicott|Fake Tears|p1a: Swampert
|-unboost|p1a: Swampert|spd|2
|move|p1a: Swampert|Earthquake|p2a: Whimsicott|[spread] p2a,p2b
|-immune|p1b: Pelipper
|-resisted|p2a: Whimsicott|1
|-damage|p2a: Whimsicott|0 fnt
|-damage|p2b: Scizor|55/100
|faint|p2a: Whimsicott
|move|p2b: Scizor|Brick Break|p1b: Pelipper
|-resisted|p1b: Pelipper|1
|-damage|p1b: Pelipper|81/100
|
|-weather|RainDance|[upkeep]
|upkeep
|
|t:|1784883601
|switch|p2a: Froslass|Froslass, L50, F|100/100
|turn|4
|
|t:|1784883636
|switch|p1a: Kingambit|Kingambit, L50, M|59/100
|detailschange|p2a: Froslass|Froslass-Mega, L50, F
|-mega|p2a: Froslass|Froslass|Froslassite
|-weather|Snowscape|[from] ability: Snow Warning|[of] p2a: Froslass
|move|p2a: Froslass|Blizzard|p1b: Pelipper|[spread] p1a,p1b
|-resisted|p1a: Kingambit|1
|-damage|p1a: Kingambit|36/100
|-damage|p1b: Pelipper|6/100
|-enditem|p1b: Pelipper|Sitrus Berry|[eat]
|-heal|p1b: Pelipper|31/100|[from] item: Sitrus Berry
|move|p2b: Scizor|Brick Break|p1b: Pelipper
|-resisted|p1b: Pelipper|1
|-damage|p1b: Pelipper|13/100
|move|p1b: Pelipper|Weather Ball|p2b: Scizor
|-resisted|p2b: Scizor|1
|-damage|p2b: Scizor|37/100
|
|-weather|Snowscape|[upkeep]
|upkeep
|turn|5
|
|t:|1784883672
|move|p1b: Pelipper|Wide Guard|p1b: Pelipper
|-singleturn|p1b: Pelipper|Wide Guard
|move|p1a: Kingambit|Sucker Punch||[still]
|-fail|p1a: Kingambit
|move|p2a: Froslass|Aurora Veil|p2a: Froslass
|-sidestart|p2: tipolucha|move: Aurora Veil
|move|p2b: Scizor|Brick Break|p1a: Kingambit
|-supereffective|p1a: Kingambit|2
|-damage|p1a: Kingambit|0 fnt
|faint|p1a: Kingambit
|
|-weather|Snowscape|[upkeep]
|-sideend|p2: tipolucha|move: Tailwind
|upkeep
|inactive|Battle timer is ON: inactive players will automatically lose when time's up. (requested by tipolucha)
|
|t:|1784883694
|switch|p1a: Noivern|Noivern, L50, F|6/100
|turn|6
|inactive|tipolucha has 30 seconds left.
|
|t:|1784883727
|switch|p1b: Swampert|Swampert-Mega, L50, F|81/100
|move|p1a: Noivern|Protect|p1a: Noivern
|-singleturn|p1a: Noivern|Protect
|move|p2b: Scizor|Bullet Punch|p1a: Noivern
|-activate|p1a: Noivern|move: Protect
|move|p2a: Froslass|Shadow Ball|p1b: Swampert
|-damage|p1b: Swampert|42/100
|-unboost|p1b: Swampert|spd|1
|
|-weather|Snowscape|[upkeep]
|upkeep
|turn|7
|
|t:|1784883739
|switch|p1a: Pelipper|Pelipper, L50, F|13/100
|-weather|RainDance|[from] ability: Drizzle|[of] p1a: Pelipper
|switch|p2a: Sneasler|Sneasler, L50, M|100/100
|move|p2b: Scizor|Bullet Punch|p1b: Swampert
|-resisted|p1b: Swampert|1
|-damage|p1b: Swampert|27/100
|move|p1b: Swampert|Earthquake|p2a: Sneasler|[spread] p2a,p2b
|-immune|p1a: Pelipper
|-supereffective|p2a: Sneasler|1
|-damage|p2a: Sneasler|0 fnt
|-damage|p2b: Scizor|5/100
|faint|p2a: Sneasler
|
|-weather|RainDance|[upkeep]
|upkeep
|
|t:|1784883750
|switch|p2a: Froslass|Froslass-Mega, L50, F|100/100
|-weather|Snowscape|[from] ability: Snow Warning|[of] p2a: Froslass
|turn|8
|
|t:|1784883775
|switch|p1a: Noivern|Noivern, L50, F|6/100
|move|p1b: Swampert|Protect|p1b: Swampert
|-singleturn|p1b: Swampert|Protect
|move|p2b: Scizor|Bullet Punch|p1a: Noivern
|-damage|p1a: Noivern|0 fnt
|faint|p1a: Noivern
|move|p2a: Froslass|Shadow Ball|p1b: Swampert
|-activate|p1b: Swampert|move: Protect
|
|-weather|Snowscape|[upkeep]
|upkeep
|
|t:|1784883793
|switch|p1a: Pelipper|Pelipper, L50, F|13/100
|-weather|RainDance|[from] ability: Drizzle|[of] p1a: Pelipper
|turn|9
|
|t:|1784883809
|move|p1b: Swampert|Earthquake|p2a: Froslass|[spread] p2a,p2b
|-immune|p1a: Pelipper
|-damage|p2a: Froslass|51/100
|-damage|p2b: Scizor|0 fnt
|faint|p2b: Scizor
|move|p2a: Froslass|Shadow Ball|p1b: Swampert
|-damage|p1b: Swampert|0 fnt
|faint|p1b: Swampert
|move|p1a: Pelipper|Weather Ball|p2a: Froslass
|-damage|p2a: Froslass|0 fnt
|faint|p2a: Froslass
|
|win|feedback9946
||tipolucha is ready for game 3.
|inactive|feedback9946 has 30 seconds to confirm battle start!
|inactive|feedback9946 has 20 seconds to confirm battle start!
||feedback9946 is ready for game 3.
|uhtml|next|Next: Game 3 of 3
|l|☆feedback9946
|player|p1|
|j|☆feedback9946
|player|p1|feedback9946|grimsley-gen7|
|l|☆feedback9946
|player|p1|
|l|☆tipolucha
|player|p2|
|j|☆feedback9946
|player|p1|feedback9946|grimsley-gen7|
