|j|☆Oriozz
|j|☆Produkktions
|html|OriozzProdukktions    
|uhtml|bestof|Game 2 of a best-of-3
|t:|1783577604
|gametype|doubles
|player|p1|Oriozz|169|1140
|player|p2|Produkktions|sabrina|1073
|gen|9
|tier|[Gen 9 Champions] VGC 2026 Reg M-B (Bo3)
|rated|
|rule|Species Clause: Limit one of each Pokémon
|rule|Item Clause: Limit 1 of each item
|clearpoke
|poke|p1|Kingambit, L50, F|
|poke|p1|Floette-Eternal, L50, F|
|poke|p1|Sneasler, L50, F|
|poke|p1|Incineroar, L50, M|
|poke|p1|Garchomp, L50, M|
|poke|p1|Sinistcha, L50|
|poke|p2|Charizard, L50, M|
|poke|p2|Whimsicott, L50, F|
|poke|p2|Basculegion, L50, M|
|poke|p2|Weavile, L50, F|
|poke|p2|Excadrill, L50, M|
|poke|p2|Altaria, L50, F|
|teampreview|4
|showteam|p1|Kingambit||ChopleBerry|Defiant|KowtowCleave,Protect,SuckerPunch,IronHead|Adamant||F|||50|]Floette-Eternal||Floettite|FlowerVeil|DazzlingGleam,DrainingKiss,Protect,CalmMind|Bold||F|||50|]Sneasler||FocusSash|Unburden|FakeOut,DireClaw,CloseCombat,Coaching|Jolly||F|||50|]Incineroar||Leftovers|Intimidate|FakeOut,FlareBlitz,PartingShot,HelpingHand|Careful||M|||50|]Garchomp||Garchompite|RoughSkin|Earthquake,StompingTantrum,RockSlide,Protect|Adamant||M|||50|]Sinistcha||SitrusBerry|Hospitality|Protect,MatchaGotcha,TrickRoom,RagePowder|Bold|||||50|
|showteam|p2|Charizard||CharizarditeY|SolarPower|HeatWave,SolarBeam,AncientPower,AirSlash|Timid||M|||50|]Whimsicott||FocusSash|Prankster|DazzlingGleam,Tailwind,Encore,LeechSeed|Bold||F|||50|]Basculegion||LifeOrb|Adaptability|AquaJet,LastRespects,WaveCrash,FlipTurn|Jolly||M|||50|]Weavile||ChilanBerry|Pickpocket|LowKick,IceShard,TripleAxel,KnockOff|Jolly||F|||50|]Excadrill||Excadrite|MoldBreaker|Earthquake,IronHead,RockSlide,Fissure|Jolly||M|||50|]Altaria||ExpertBelt|CloudNine|AlluringVoice,DragonPulse,PerishSong,FireSpin|Timid||F|||50|
|inactive|Battle timer is ON: inactive players will automatically lose when time's up. (requested by Oriozz)
|inactive|Oriozz has 60 seconds left.
|
|t:|1783577639
|teamsize|p1|4
|teamsize|p2|4
|start
|switch|p1a: Sneasler|Sneasler, L50, F|100/100
|switch|p1b: Garchomp|Garchomp, L50, M|100/100
|switch|p2a: Charizard|Charizard, L50, M|100/100
|switch|p2b: Whimsicott|Whimsicott, L50, F|100/100
|turn|1
|inactive|Oriozz has 30 seconds left.
|
|t:|1783577666
|detailschange|p2a: Charizard|Charizard-Mega-Y, L50, M
|-mega|p2a: Charizard|Charizard|Charizardite Y
|-weather|SunnyDay|[from] ability: Drought|[of] p2a: Charizard
|move|p1a: Sneasler|Fake Out|p2b: Whimsicott
|-damage|p2b: Whimsicott|87/100
|cant|p2b: Whimsicott|flinch
|move|p2a: Charizard|Heat Wave|p1a: Sneasler|[spread] p1a,p1b
|-resisted|p1b: Garchomp|1
|-damage|p1a: Sneasler|5/100
|-damage|p1b: Garchomp|66/100
|move|p1b: Garchomp|Rock Slide|p2b: Whimsicott|[spread] p2a,p2b
|-supereffective|p2a: Charizard|2
|-damage|p2a: Charizard|0 fnt
|-damage|p2b: Whimsicott|67/100
|faint|p2a: Charizard
|
|-weather|SunnyDay|[upkeep]
|upkeep
|
|t:|1783577688
|switch|p2a: Weavile|Weavile, L50, F|100/100
|turn|2
|inactive|Oriozz has 30 seconds left.
|
|t:|1783577722
|switch|p1a: Incineroar|Incineroar, L50, M|100/100
|-ability|p1a: Incineroar|Intimidate|boost
|-unboost|p2a: Weavile|atk|1
|-unboost|p2b: Whimsicott|atk|1
|move|p1b: Garchomp|Protect|p1b: Garchomp
|-singleturn|p1b: Garchomp|Protect
|move|p2b: Whimsicott|Tailwind|p2b: Whimsicott
|-sidestart|p2: Produkktions|move: Tailwind
|move|p2a: Weavile|Triple Axel|p1b: Garchomp
|-activate|p1b: Garchomp|move: Protect
|
|-weather|SunnyDay|[upkeep]
|upkeep
|turn|3
|
|t:|1783577743
|switch|p1b: Kingambit|Kingambit, L50, F|100/100
|move|p2a: Weavile|Triple Axel|p1b: Kingambit
|-resisted|p1b: Kingambit|1
|-damage|p1b: Kingambit|97/100
|-resisted|p1b: Kingambit|1
|-damage|p1b: Kingambit|93/100
|-resisted|p1b: Kingambit|1
|-damage|p1b: Kingambit|85/100
|-hitcount|p1b: Kingambit|3
|move|p2b: Whimsicott|Dazzling Gleam|p1a: Incineroar|[spread] p1a,p1b
|-damage|p1a: Incineroar|86/100
|-damage|p1b: Kingambit|66/100
|move|p1a: Incineroar|Flare Blitz|p2a: Weavile
|-supereffective|p2a: Weavile|1
|-damage|p2a: Weavile|0 fnt
|faint|p2a: Weavile
|-damage|p1a: Incineroar|62/100|[from] Recoil
|
|-weather|SunnyDay|[upkeep]
|-heal|p1a: Incineroar|68/100|[from] item: Leftovers
|upkeep
|
|t:|1783577761
|switch|p2a: Excadrill|Excadrill, L50, M|100/100
|-ability|p2a: Excadrill|Mold Breaker
|turn|4
|inactive|Oriozz has 30 seconds left.
|inactive|Oriozz has 20 seconds left.
|
|t:|1783577796
|switch|p1a: Sneasler|Sneasler, L50, F|5/100
|move|p1b: Kingambit|Protect|p1b: Kingambit
|-singleturn|p1b: Kingambit|Protect
|move|p2a: Excadrill|Earthquake|p1b: Kingambit|[spread] p2b,p1a
|-activate|p1b: Kingambit|move: Protect
|-resisted|p2b: Whimsicott|1
|-supereffective|p1a: Sneasler|1
|-damage|p2b: Whimsicott|51/100
|-damage|p1a: Sneasler|0 fnt
|faint|p1a: Sneasler
|move|p2b: Whimsicott|Dazzling Gleam|p1b: Kingambit
|-activate|p1b: Kingambit|move: Protect
|
|-weather|SunnyDay|[upkeep]
|upkeep
|
|t:|1783577808
|switch|p1a: Incineroar|Incineroar, L50, M|68/100
|-ability|p1a: Incineroar|Intimidate|boost
|-unboost|p2a: Excadrill|atk|1
|-unboost|p2b: Whimsicott|atk|1
|turn|5
|inactive|Oriozz has 30 seconds left.
|
|t:|1783577839
|move|p2a: Excadrill|Earthquake|p1b: Kingambit|[spread] p2b,p1a,p1b
|-resisted|p2b: Whimsicott|1
|-supereffective|p1a: Incineroar|1
|-supereffective|p1b: Kingambit|1
|-damage|p2b: Whimsicott|40/100
|-damage|p1a: Incineroar|25/100
|-damage|p1b: Kingambit|28/100
|move|p2b: Whimsicott|Dazzling Gleam|p1b: Kingambit|[spread] p1a,p1b
|-damage|p1a: Incineroar|13/100
|-damage|p1b: Kingambit|12/100
|move|p1a: Incineroar|Flare Blitz|p2b: Whimsicott
|-supereffective|p2b: Whimsicott|1
|-damage|p2b: Whimsicott|0 fnt
|faint|p2b: Whimsicott
|-damage|p1a: Incineroar|2/100|[from] Recoil
|move|p1b: Kingambit|Iron Head|p2a: Excadrill
|-resisted|p2a: Excadrill|1
|-damage|p2a: Excadrill|67/100
|
|-weather|none
|-heal|p1a: Incineroar|8/100|[from] item: Leftovers
|-sideend|p2: Produkktions|move: Tailwind
|upkeep
|turn|6
|
|t:|1783577861
|move|p1a: Incineroar|Helping Hand|p1b: Kingambit
|-singleturn|p1b: Kingambit|Helping Hand|[of] p1a: Incineroar
|move|p1b: Kingambit|Sucker Punch|p2a: Excadrill
|-damage|p2a: Excadrill|0 fnt
|faint|p2a: Excadrill
|
|win|Oriozz
|raw|Oriozz's rating: 1140 → 1160(+20 for winning)
|raw|Produkktions's rating: 1073 → 1056(-17 for losing)
|l|☆Oriozz
|player|p1|
|j|☆Oriozz
|player|p1|Oriozz|169|
