|j|☆J4yz1lla
|j|☆flaminanmol
|html|J4yz1llaflaminanmol    
|uhtml|bestof|Game 2 of a best-of-3
|t:|1783569262
|gametype|doubles
|player|p1|J4yz1lla|riley|1064
|player|p2|flaminanmol|red|1131
|gen|9
|tier|[Gen 9 Champions] VGC 2026 Reg M-B (Bo3)
|rated|
|rule|Species Clause: Limit one of each Pokémon
|rule|Item Clause: Limit 1 of each item
|clearpoke
|poke|p1|Eelektross, L50, M|
|poke|p1|Aerodactyl, L50, M|
|poke|p1|Sinistcha-Masterpiece, L50|
|poke|p1|Rotom-Wash, L50|
|poke|p1|Garchomp, L50, F|
|poke|p1|Sneasler, L50, F|
|poke|p2|Sneasler, L50, F|
|poke|p2|Whimsicott, L50, M|
|poke|p2|Incineroar, L50, F|
|poke|p2|Staraptor, L50, M|
|poke|p2|Garchomp, L50, M|
|poke|p2|Farigiraf, L50, F|
|teampreview|4
|showteam|p1|Eelektross||Eelektrossite|Levitate|Coil,GigaDrain,WildCharge,IronTail|Modest||M|||50|]Aerodactyl||FocusSash|Unnerve|Tailwind,WideGuard,DualWingbeat,RockSlide|Jolly||M|||50|]Sinistcha-Masterpiece||SitrusBerry|Hospitality|MatchaGotcha,TrickRoom,ShadowBall,RagePowder|Bold|||||50|]Rotom-Wash||Leftovers|Levitate|WillOWisp,HydroPump,FoulPlay,LightScreen|Bold|||||50|]Garchomp||LifeOrb|RoughSkin|Earthquake,Protect,DragonClaw,RockSlide|Jolly||F|||50|]Sneasler||WhiteHerb|PoisonTouch|DireClaw,Protect,CloseCombat,Coaching|Jolly||F|||50|
|showteam|p2|Sneasler||FocusSash|Unburden|DireClaw,CloseCombat,FakeOut,Protect|Adamant||F|||50|]Whimsicott||MentalHerb|Prankster|Tailwind,Protect,Moonblast,Charm|Timid||M|||50|]Incineroar||SitrusBerry|Intimidate|FakeOut,FlareBlitz,DarkestLariat,PartingShot|Brave||F|||50|]Staraptor||Staraptite|Intimidate|CloseCombat,BraveBird,Protect,Roost|Adamant||M|||50|]Garchomp||ChoiceScarf|RoughSkin|DragonClaw,Earthquake,Outrage,RockSlide|Adamant||M|||50|]Farigiraf||SilkScarf|ArmorTail|HyperVoice,TrickRoom,HelpingHand,Protect|Quiet||F|||50|
|
|t:|1783569294
|teamsize|p1|4
|teamsize|p2|4
|start
|switch|p1a: Aerodactyl|Aerodactyl, L50, M|100/100
|switch|p1b: Rotom|Rotom-Wash, L50|100/100
|switch|p2a: Whimsicott|Whimsicott, L50, M|100/100
|switch|p2b: Staraptor|Staraptor, L50, M|100/100
|-ability|p1a: Aerodactyl|Unnerve
|-ability|p2b: Staraptor|Intimidate|boost
|-unboost|p1a: Aerodactyl|atk|1
|-unboost|p1b: Rotom|atk|1
|turn|1
|inactive|Battle timer is ON: inactive players will automatically lose when time's up. (requested by flaminanmol)
|
|t:|1783569322
|detailschange|p2b: Staraptor|Staraptor-Mega, L50, M
|-mega|p2b: Staraptor|Staraptor|Staraptite
|move|p2a: Whimsicott|Charm|p2b: Staraptor
|-boost|p2b: Staraptor|atk|2
|move|p1a: Aerodactyl|Dual Wingbeat|p2a: Whimsicott
|-supereffective|p2a: Whimsicott|1
|-damage|p2a: Whimsicott|62/100
|-supereffective|p2a: Whimsicott|1
|-damage|p2a: Whimsicott|27/100
|-hitcount|p2a: Whimsicott|2
|move|p2b: Staraptor|Close Combat|p1b: Rotom
|-damage|p1b: Rotom|0 fnt
|-boost|p2b: Staraptor|def|1
|-boost|p2b: Staraptor|spd|1
|faint|p1b: Rotom
|
|upkeep
|
|t:|1783569336
|switch|p1b: Eelektross|Eelektross, L50, M|100/100
|turn|2
|
|t:|1783569356
|detailschange|p1b: Eelektross|Eelektross-Mega, L50, M
|-mega|p1b: Eelektross|Eelektross|Eelektrossite
|move|p2a: Whimsicott|Tailwind|p2a: Whimsicott
|-sidestart|p2: flaminanmol|move: Tailwind
|move|p2b: Staraptor|Close Combat|p1b: Eelektross
|-damage|p1b: Eelektross|0 fnt
|-boost|p2b: Staraptor|def|1
|-boost|p2b: Staraptor|spd|1
|faint|p1b: Eelektross
|move|p1a: Aerodactyl|Tailwind|p1a: Aerodactyl
|-sidestart|p1: J4yz1lla|move: Tailwind
|
|upkeep
|
|t:|1783569362
|switch|p1b: Garchomp|Garchomp, L50, F|100/100
|turn|3
|
|t:|1783569375
|move|p1b: Garchomp|Protect|p1b: Garchomp
|-singleturn|p1b: Garchomp|Protect
|move|p2a: Whimsicott|Charm|p1b: Garchomp
|-activate|p1b: Garchomp|move: Protect
|move|p1a: Aerodactyl|Rock Slide|p2b: Staraptor|[spread] p2a,p2b
|-damage|p2a: Whimsicott|2/100
|-damage|p2b: Staraptor|90/100
|move|p2b: Staraptor|Close Combat|p1a: Aerodactyl
|-enditem|p1a: Aerodactyl|Focus Sash
|-damage|p1a: Aerodactyl|1/100
|-boost|p2b: Staraptor|def|1
|-boost|p2b: Staraptor|spd|1
|
|upkeep
|turn|4
|inactive|flaminanmol has 30 seconds left.
|
|t:|1783569403
|move|p1b: Garchomp|Protect||[still]
|-fail|p1b: Garchomp
|move|p2a: Whimsicott|Charm|p1b: Garchomp
|-unboost|p1b: Garchomp|atk|2
|move|p1a: Aerodactyl|Rock Slide|p2a: Whimsicott|[spread] p2a,p2b
|-damage|p2a: Whimsicott|0 fnt
|-damage|p2b: Staraptor|82/100
|faint|p2a: Whimsicott
|cant|p2b: Staraptor|flinch
|
|upkeep
|
|t:|1783569415
|switch|p2a: Sneasler|Sneasler, L50, F|100/100
|turn|5
|
|t:|1783569429
|move|p2a: Sneasler|Fake Out|p1b: Garchomp
|-damage|p1b: Garchomp|84/100
|-damage|p2a: Sneasler|87/100|[from] ability: Rough Skin|[of] p1b: Garchomp
|move|p1a: Aerodactyl|Dual Wingbeat|p2b: Staraptor
|-supereffective|p2b: Staraptor|1
|-damage|p2b: Staraptor|70/100
|-supereffective|p2b: Staraptor|1
|-damage|p2b: Staraptor|57/100
|-hitcount|p2b: Staraptor|2
|cant|p1b: Garchomp|flinch
|move|p2b: Staraptor|Close Combat|p1a: Aerodactyl
|-damage|p1a: Aerodactyl|0 fnt
|-boost|p2b: Staraptor|def|1
|-boost|p2b: Staraptor|spd|1
|faint|p1a: Aerodactyl
|
|-sideend|p2: flaminanmol|move: Tailwind
|-sideend|p1: J4yz1lla|move: Tailwind
|upkeep
|turn|6
|inactive|flaminanmol has 30 seconds left.
|
|t:|1783569459
|move|p2a: Sneasler|Protect|p2a: Sneasler
|-singleturn|p2a: Sneasler|Protect
|move|p1b: Garchomp|Protect|p1b: Garchomp
|-singleturn|p1b: Garchomp|Protect
|move|p2b: Staraptor|Brave Bird|p1b: Garchomp
|-activate|p1b: Garchomp|move: Protect
|
|upkeep
|turn|7
|
|t:|1783569475
|move|p2a: Sneasler|Protect|p2a: Sneasler
|-singleturn|p2a: Sneasler|Protect
|move|p1b: Garchomp|Rock Slide|p2a: Sneasler|[spread] p2b
|-activate|p2a: Sneasler|move: Protect
|-damage|p2b: Staraptor|52/100
|-damage|p1b: Garchomp|75/100|[from] item: Life Orb
|move|p2b: Staraptor|Brave Bird|p1b: Garchomp
|-damage|p1b: Garchomp|0 fnt
|-damage|p2b: Staraptor|40/100|[from] ability: Rough Skin|[of] p1b: Garchomp
|faint|p1b: Garchomp
|-damage|p2b: Staraptor|11/100|[from] Recoil
|
|win|flaminanmol
|l|☆J4yz1lla
|player|p1|
||J4yz1lla is ready for game 3.
|inactive|flaminanmol has 30 seconds to confirm battle start!
||flaminanmol is ready for game 3.
|uhtml|next|Next: Game 3 of 3
