|j|☆J.A.S.31
|j|☆saboyita
|html|J.A.S.31saboyita    
|uhtml|bestof|Game 2 of a best-of-3
|t:|1756336898
|gametype|doubles
|player|p1|J.A.S.31|kieran-champion|1076
|player|p2|saboyita|grimsley|1065
|gen|9
|tier|[Gen 9] VGC 2025 Reg H (Bo3)
|rated|
|rule|Species Clause: Limit one of each Pokémon
|rule|Item Clause: Limit 1 of each item
|clearpoke
|poke|p1|Excadrill, L50, F|
|poke|p1|Tyranitar, L50, M|
|poke|p1|Sneasler, L50, F|
|poke|p1|Indeedee, L50, M|
|poke|p1|Corviknight, L50, M|
|poke|p1|Annihilape, L50, F|
|poke|p2|Amoonguss, L50, M|
|poke|p2|Hydreigon, L50, M|
|poke|p2|Whimsicott, L50, F|
|poke|p2|Maushold-Four, L50|
|poke|p2|Annihilape, L50, M|
|poke|p2|Ursaluna-Bloodmoon, L50, M|
|teampreview|4
|showteam|p1|Excadrill||FocusSash|SandRush|IronHead,Earthquake,HighHorsepower,Protect|||F|||50|,,,,,Stellar]Tyranitar||AssaultVest|SandStream|RockSlide,KnockOff,TeraBlast,LowKick|||M|||50|,,,,,Flying]Sneasler||PsychicSeed|Unburden|DireClaw,CloseCombat,ThroatChop,Protect|||F|||50|,,,,,Dark]Indeedee||ChoiceScarf|PsychicSurge|ExpandingForce,TeraBlast,Trick,Protect|||M|||50|,,,,,Psychic]Corviknight||Leftovers|MirrorArmor|BraveBird,BulkUp,Roost,Tailwind|||M|||50|,,,,,Dragon]Annihilape||SafetyGoggles|Defiant|RageFist,CloseCombat,FinalGambit,Taunt|||F|||50|,,,,,Water
|showteam|p2|Amoonguss||MentalHerb|Regenerator|ClearSmog,Spore,RagePowder,Protect|||M|||50|,,,,,Water]Hydreigon||ChoiceSpecs|Levitate|Snarl,HeatWave,DarkPulse,DracoMeteor|||M|||50|,,,,,Ghost]Whimsicott||CovertCloak|Prankster|BeatUp,Encore,HelpingHand,Tailwind|||F|||50|,,,,,Dark]Maushold-Four||WideLens|Technician|PopulationBomb,Taunt,FollowMe,Protect||||||50|,,,,,Ghost]Annihilape||Leftovers|Defiant|RageFist,CloseCombat,FinalGambit,Protect|||M|||50|,,,,,Water]Ursaluna-Bloodmoon||LifeOrb|MindsEye|HyperVoice,EarthPower,BloodMoon,Protect|||M|||50|,,,,,Water
|inactive|Battle timer is ON: inactive players will automatically lose when time's up. (requested by saboyita)
|j| meepmoop453
|
|t:|1756336915
|teamsize|p1|4
|teamsize|p2|4
|start
|switch|p1a: Sneasler|Sneasler, L50, F|100/100
|switch|p1b: Indeedee|Indeedee, L50, M|100/100
|switch|p2a: Hydreigon|Hydreigon, L50, M|100/100
|switch|p2b: Whimsicott|Whimsicott, L50, F|100/100
|-fieldstart|move: Psychic Terrain|[from] ability: Psychic Surge|[of] p1b: Indeedee
|-enditem|p1a: Sneasler|Psychic Seed
|-boost|p1a: Sneasler|spd|1|[from] item: Psychic Seed
|turn|1
|inactive|J.A.S.31 has 30 seconds left.
|inactive|saboyita has 30 seconds left.
|
|t:|1756336945
|switch|p1b: Tyranitar|Tyranitar, L50, M|100/100
|-weather|Sandstorm|[from] ability: Sand Stream|[of] p1b: Tyranitar
|move|p2b: Whimsicott|Tailwind|p2b: Whimsicott
|-sidestart|p2: saboyita|move: Tailwind
|move|p1a: Sneasler|Dire Claw|p2b: Whimsicott
|-supereffective|p2b: Whimsicott
|-damage|p2b: Whimsicott|0 fnt
|faint|p2b: Whimsicott
|move|p2a: Hydreigon|Dark Pulse|p1b: Tyranitar
|-resisted|p1b: Tyranitar
|-damage|p1b: Tyranitar|87/100
|
|-weather|Sandstorm|[upkeep]
|-damage|p1a: Sneasler|95/100|[from] Sandstorm
|-damage|p2a: Hydreigon|95/100|[from] Sandstorm
|upkeep
|
|t:|1756336959
|switch|p2b: Annihilape|Annihilape, L50, M|100/100
|turn|2
|
|t:|1756336975
|switch|p2a: Maushold|Maushold-Four, L50|100/100
|-terastallize|p1b: Tyranitar|Flying
|move|p1a: Sneasler|Dire Claw|p2a: Maushold
|-damage|p2a: Maushold|34/100
|move|p2b: Annihilape|Final Gambit|p1b: Tyranitar
|-damage|p1b: Tyranitar|0 fnt
|faint|p2b: Annihilape
|faint|p1b: Tyranitar
|
|-weather|Sandstorm|[upkeep]
|-damage|p2a: Maushold|28/100|[from] Sandstorm
|-damage|p1a: Sneasler|89/100|[from] Sandstorm
|upkeep
|
|t:|1756336994
|switch|p2b: Hydreigon|Hydreigon, L50, M|95/100
|switch|p1b: Excadrill|Excadrill, L50, F|100/100
|turn|3
|
|t:|1756337004
|-terastallize|p2a: Maushold|Ghost
|move|p1a: Sneasler|Protect|p1a: Sneasler
|-singleturn|p1a: Sneasler|Protect
|move|p1b: Excadrill|Protect|p1b: Excadrill
|-singleturn|p1b: Excadrill|Protect
|move|p2a: Maushold|Follow Me|p2a: Maushold
|-singleturn|p2a: Maushold|move: Follow Me
|move|p2b: Hydreigon|Heat Wave|p1b: Excadrill|[spread] 
|-activate|p1a: Sneasler|move: Protect
|-activate|p1b: Excadrill|move: Protect
|
|-weather|Sandstorm|[upkeep]
|-damage|p2a: Maushold|22/100|[from] Sandstorm
|-damage|p1a: Sneasler|83/100|[from] Sandstorm
|-damage|p2b: Hydreigon|89/100|[from] Sandstorm
|upkeep
|turn|4
|
|t:|1756337019
|move|p2a: Maushold|Protect|p2a: Maushold
|-singleturn|p2a: Maushold|Protect
|move|p1a: Sneasler|Close Combat|p2b: Hydreigon
|-supereffective|p2b: Hydreigon
|-damage|p2b: Hydreigon|0 fnt
|-unboost|p1a: Sneasler|def|1
|-unboost|p1a: Sneasler|spd|1
|faint|p2b: Hydreigon
|move|p1b: Excadrill|Iron Head|p2a: Maushold
|-activate|p2a: Maushold|move: Protect
|
|-weather|Sandstorm|[upkeep]
|-damage|p2a: Maushold|16/100|[from] Sandstorm
|-damage|p1a: Sneasler|77/100|[from] Sandstorm
|-sideend|p2: saboyita|move: Tailwind
|upkeep
|turn|5
|
|t:|1756337037
|move|p1a: Sneasler|Throat Chop|p2a: Maushold
|-supereffective|p2a: Maushold
|-damage|p2a: Maushold|0 fnt
|faint|p2a: Maushold
|
|win|J.A.S.31
|raw|J.A.S.31's rating: 1076 → 1104(+28 for winning)
|raw|saboyita's rating: 1065 → 1046(-19 for losing)
