|j|☆alphaaaaaa
|j|☆sybe123
|html|alphaaaaaasybe123    
|uhtml|bestof|Game 2 of a best-of-3
|t:|1756318613
|gametype|doubles
|player|p1|alphaaaaaa|265|1106
|player|p2|sybe123|170|1159
|gen|9
|tier|[Gen 9] VGC 2025 Reg H (Bo3)
|rated|
|rule|Species Clause: Limit one of each Pokémon
|rule|Item Clause: Limit 1 of each item
|clearpoke
|poke|p1|Whimsicott, L50, M|
|poke|p1|Typhlosion-Hisui, L50, M|
|poke|p1|Ursaluna, L50, M|
|poke|p1|Gastrodon, L50, M|
|poke|p1|Dragapult, L50, M|
|poke|p1|Farigiraf, L50, F|
|poke|p2|Sneasler, L50, M|
|poke|p2|Dragapult, L50, F|
|poke|p2|Primarina, L50, F|
|poke|p2|Rillaboom, L50, F|
|poke|p2|Kingambit, L50, M|
|poke|p2|Magmar, L50, F|
|teampreview|4
|showteam|p1|Whimsicott||FocusSash|Prankster|Moonblast,Tailwind,SunnyDay,Protect|||M|||50|,,,,,Ghost]Typhlosion-Hisui||Charcoal|Blaze|Eruption,Flamethrower,ShadowBall,Protect|||M|||50|,,,,,Fire]Ursaluna||FlameOrb|Guts|Facade,HeadlongRush,Protect,Earthquake|||M|||50|,,,,,Ghost]Gastrodon||CovertCloak|StormDrain|EarthPower,IceBeam,ClearSmog,Protect|||M|||50|,,,,,Fairy]Dragapult||ChoiceBand|ClearBody|DragonDarts,PhantomForce,Uturn,PsychicFangs|||M|||50|,,,,,Dragon]Farigiraf||SafetyGoggles|ArmorTail|TrickRoom,HelpingHand,Protect,Psychic|||F|||50|,,,,,Fairy
|showteam|p2|Sneasler||FocusSash|Unburden|CloseCombat,DireClaw,FakeOut,Protect|||M|||50|,,,,,Stellar]Dragapult||ChoiceBand|ClearBody|DragonDarts,TeraBlast,PhantomForce,Uturn|||F|||50|,,,,,Ghost]Primarina||SitrusBerry|LiquidVoice|HyperVoice,Moonblast,Haze,Protect|||F|||50|,,,,,Water]Rillaboom||AssaultVest|GrassySurge|WoodHammer,GrassyGlide,HighHorsepower,FakeOut|||F|||50|,,,,,Fire]Kingambit||BlackGlasses|Defiant|KowtowCleave,SuckerPunch,SwordsDance,Protect|||M|||50|,,,,,Ghost]Magmar||Eviolite|VitalSpirit|Overheat,WillOWisp,FollowMe,Protect|||F|||50|,,,,,Ghost
|inactive|Battle timer is ON: inactive players will automatically lose when time's up. (requested by alphaaaaaa)
|
|t:|1756318640
|teamsize|p1|4
|teamsize|p2|4
|start
|switch|p1a: Dragapult|Dragapult, L50, M|100/100
|switch|p1b: Farigiraf|Farigiraf, L50, F|100/100
|switch|p2a: Dragapult|Dragapult, L50, F|100/100
|switch|p2b: Primarina|Primarina, L50, F|100/100
|turn|1
|inactive|alphaaaaaa has 30 seconds left.
|
|t:|1756318671
|switch|p1a: Gastrodon|Gastrodon, L50, M|100/100
|move|p2a: Dragapult|Phantom Force||[still]
|-prepare|p2a: Dragapult|Phantom Force
|move|p2b: Primarina|Moonblast|p1b: Farigiraf
|-damage|p1b: Farigiraf|55/100
|move|p1b: Farigiraf|Trick Room|p1b: Farigiraf
|-fieldstart|move: Trick Room|[of] p1b: Farigiraf
|
|upkeep
|turn|2
|
|t:|1756318689
|move|p1b: Farigiraf|Helping Hand|p1a: Gastrodon
|-singleturn|p1a: Gastrodon|Helping Hand|[of] p1b: Farigiraf
|move|p1a: Gastrodon|Earth Power|p2b: Primarina
|-damage|p2b: Primarina|49/100
|-unboost|p2b: Primarina|spd|1
|-enditem|p2b: Primarina|Sitrus Berry|[eat]
|-heal|p2b: Primarina|74/100|[from] item: Sitrus Berry
|move|p2b: Primarina|Moonblast|p1b: Farigiraf
|-damage|p1b: Farigiraf|5/100
|move|p2a: Dragapult|Phantom Force|p1a: Gastrodon|[from] lockedmove
|-damage|p1a: Gastrodon|36/100
|
|upkeep
|turn|3
|inactive|sybe123 has 30 seconds left.
|
|t:|1756318715
|-terastallize|p2a: Dragapult|Ghost
|move|p1b: Farigiraf|Protect|p1b: Farigiraf
|-singleturn|p1b: Farigiraf|Protect
|move|p1a: Gastrodon|Ice Beam|p2a: Dragapult
|-damage|p2a: Dragapult|69/100
|move|p2b: Primarina|Moonblast|p1b: Farigiraf
|-activate|p1b: Farigiraf|move: Protect
|move|p2a: Dragapult|Phantom Force||[still]
|-prepare|p2a: Dragapult|Phantom Force
|
|upkeep
|turn|4
|
|t:|1756318732
|move|p1b: Farigiraf|Helping Hand|p1a: Gastrodon
|-singleturn|p1a: Gastrodon|Helping Hand|[of] p1b: Farigiraf
|move|p2b: Primarina|Protect|p2b: Primarina
|-singleturn|p2b: Primarina|Protect
|move|p1a: Gastrodon|Earth Power|p2b: Primarina
|-activate|p2b: Primarina|move: Protect
|move|p2a: Dragapult|Phantom Force|p1a: Gastrodon|[from] lockedmove
|-damage|p1a: Gastrodon|0 fnt
|faint|p1a: Gastrodon
|
|upkeep
|
|t:|1756318738
|switch|p1a: Ursaluna|Ursaluna, L50, M|100/100
|turn|5
|inactive|alphaaaaaa has 30 seconds left.
|
|t:|1756318765
|-terastallize|p1a: Ursaluna|Ghost
|move|p1b: Farigiraf|Protect|p1b: Farigiraf
|-singleturn|p1b: Farigiraf|Protect
|move|p1a: Ursaluna|Earthquake|p2b: Primarina|[spread] p2a,p2b
|-activate|p1b: Farigiraf|move: Protect
|-damage|p2a: Dragapult|11/100
|-damage|p2b: Primarina|30/100
|move|p2b: Primarina|Hyper Voice|p1a: Ursaluna|[spread] p1a
|-activate|p1b: Farigiraf|move: Protect
|-damage|p1a: Ursaluna|74/100
|move|p2a: Dragapult|Phantom Force||[still]
|-prepare|p2a: Dragapult|Phantom Force
|
|-fieldend|move: Trick Room
|-status|p1a: Ursaluna|brn|[from] item: Flame Orb
|upkeep
|turn|6
|j| Trestkon
|inactive|alphaaaaaa has 30 seconds left.
|inactive|sybe123 has 30 seconds left.
|
|t:|1756318796
|move|p2a: Dragapult|Phantom Force|p1b: Farigiraf|[from] lockedmove
|-immune|p1b: Farigiraf
|move|p2b: Primarina|Hyper Voice|p1b: Farigiraf|[spread] p1a,p1b
|-damage|p1a: Ursaluna|46/100 brn
|-damage|p1b: Farigiraf|0 fnt
|faint|p1b: Farigiraf
|move|p1a: Ursaluna|Earthquake|p2b: Primarina|[spread] p2a,p2b
|-damage|p2a: Dragapult|0 fnt
|-damage|p2b: Primarina|0 fnt
|faint|p2a: Dragapult
|faint|p2b: Primarina
|
|-damage|p1a: Ursaluna|40/100 brn|[from] brn
|upkeep
|
|t:|1756318809
|switch|p2a: Rillaboom|Rillaboom, L50, F|100/100
|switch|p2b: Sneasler|Sneasler, L50, M|100/100
|switch|p1b: Dragapult|Dragapult, L50, M|100/100
|-fieldstart|move: Grassy Terrain|[from] ability: Grassy Surge|[of] p2a: Rillaboom
|turn|7
|
|t:|1756318833
|move|p1b: Dragapult|Dragon Darts|p2b: Sneasler
|-damage|p2b: Sneasler|35/100
|-anim|p1b: Dragapult|Dragon Darts|p2a: Rillaboom
|-damage|p2a: Rillaboom|66/100
|move|p2b: Sneasler|Dire Claw|p1b: Dragapult
|-resisted|p1b: Dragapult
|-damage|p1b: Dragapult|72/100
|-status|p1b: Dragapult|par
|move|p2a: Rillaboom|Wood Hammer|p1a: Ursaluna
|-damage|p1a: Ursaluna|0 fnt
|faint|p1a: Ursaluna
|-damage|p2a: Rillaboom|51/100|[from] Recoil
|
|-heal|p2b: Sneasler|41/100|[from] Grassy Terrain
|-heal|p2a: Rillaboom|57/100|[from] Grassy Terrain
|-heal|p1b: Dragapult|78/100 par|[from] Grassy Terrain
|upkeep
|turn|8
|c|☆alphaaaaaa|another one
|c|☆alphaaaaaa|D:
|
|t:|1756318853
|move|p2b: Sneasler|Dire Claw|p1b: Dragapult
|-resisted|p1b: Dragapult
|-damage|p1b: Dragapult|48/100 par
|move|p2a: Rillaboom|High Horsepower|p1b: Dragapult
|-damage|p1b: Dragapult|3/100 par
|move|p1b: Dragapult|Dragon Darts|p2b: Sneasler
|-damage|p2b: Sneasler|0 fnt
|-anim|p1b: Dragapult|Dragon Darts|p2a: Rillaboom
|-damage|p2a: Rillaboom|21/100
|faint|p2b: Sneasler
|
|-heal|p2a: Rillaboom|27/100|[from] Grassy Terrain
|-heal|p1b: Dragapult|9/100 par|[from] Grassy Terrain
|upkeep
|turn|9
|c|☆alphaaaaaa|para being the reason i lose
|c|☆alphaaaaaa|im so sadge at this
|l| Trestkon
|c|☆sybe123|dire claw is so stupid
|inactive|sybe123 has 30 seconds left.
|
|t:|1756318878
|move|p2a: Rillaboom|Grassy Glide|p1b: Dragapult
|-resisted|p1b: Dragapult
|-damage|p1b: Dragapult|0 fnt
|faint|p1b: Dragapult
|
|win|sybe123
|raw|alphaaaaaa's rating: 1106 → 1085(-21 for losing)
|raw|sybe123's rating: 1159 → 1180(+21 for winning)
|c|☆alphaaaaaa|literally the 4th loss to the dumb hax
