|j|☆odio esta reg
|j|☆gingembre230197
|html|odio esta reggingembre230197    
|uhtml|bestof|Game 2 of a best-of-3
|t:|1785505837
|gametype|doubles
|player|p1|odio esta reg|101|1130
|player|p2|gingembre230197|266|1143
|gen|9
|tier|[Gen 9 Champions] VGC 2026 Reg M-B (Bo3)
|rated|
|rule|Species Clause: Limit one of each Pokémon
|rule|Item Clause: Limit 1 of each item
|clearpoke
|poke|p1|Charizard, L50, M|
|poke|p1|Garchomp, L50, F|
|poke|p1|Incineroar, L50, F|
|poke|p1|Venusaur, L50, F|
|poke|p1|Toxapex, L50, M|
|poke|p1|Sylveon, L50, F|
|poke|p2|Charizard, L50, M, shiny|
|poke|p2|Toxapex, L50, F, shiny|
|poke|p2|Incineroar, L50, F, shiny|
|poke|p2|Whimsicott, L50, M, shiny|
|poke|p2|Basculegion, L50, M, shiny|
|poke|p2|Garchomp, L50, M, shiny|
|teampreview|4
|showteam|p1|Charizard||CharizarditeY|SolarPower|WeatherBall,HeatWave,AncientPower,Protect|Modest||M|||50|]Garchomp||ChoiceScarf|RoughSkin|RockSlide,DragonClaw,Earthquake,StompingTantrum|Adamant||F|||50|]Incineroar||SitrusBerry|Intimidate|FlareBlitz,FakeOut,DarkestLariat,PartingShot|Impish||F|||50|]Venusaur||LifeOrb|Chlorophyll|SludgeBomb,LeafStorm,EarthPower,Protect|Modest||F|||50|]Toxapex||Leftovers|Regenerator|Infestation,Toxic,WideGuard,BanefulBunker|Bold||M|||50|]Sylveon||FairyFeather|Pixilate|HyperVoice,QuickAttack,Yawn,Detect|Modest||F|||50|
|showteam|p2|Charizard||CharizarditeY|Blaze|Protect,SolarBeam,HeatWave,WeatherBall|Timid||M|||50|]Toxapex||Leftovers|Regenerator|Toxic,BanefulBunker,Infestation,WideGuard|Calm||F|||50|]Incineroar||SitrusBerry|Intimidate|FakeOut,DarkestLariat,PartingShot,FlareBlitz|Careful||F|||50|]Whimsicott||FocusSash|Prankster|Tailwind,Encore,Moonblast,HelpingHand|Timid||M|||50|]Basculegion||ChoiceScarf|Adaptability|AquaJet,WaveCrash,FlipTurn,LastRespects|Adamant||M|||50|]Garchomp||Garchompite|RoughSkin|DragonClaw,Earthquake,RockSlide,Protect|Jolly||M|||50|
|inactive|Battle timer is ON: inactive players will automatically lose when time's up. (requested by odio esta reg)
|inactive|odio esta reg has 60 seconds left.
|inactive|odio esta reg has 30 seconds left.
|
|t:|1785505906
|teamsize|p1|4
|teamsize|p2|4
|start
|switch|p1a: Venusaur|Venusaur, L50, F|100/100
|switch|p1b: Sylveon|Sylveon, L50, F|100/100
|switch|p2a: cancer|Incineroar, L50, F, shiny|100/100
|switch|p2b: dragalis|Charizard, L50, M, shiny|100/100
|-ability|p2a: cancer|Intimidate|boost
|-unboost|p1a: Venusaur|atk|1
|-unboost|p1b: Sylveon|atk|1
|turn|1
|
|t:|1785505930
|switch|p1a: Incineroar|Incineroar, L50, F|100/100
|-ability|p1a: Incineroar|Intimidate|boost
|-unboost|p2a: cancer|atk|1
|-unboost|p2b: dragalis|atk|1
|detailschange|p2b: dragalis|Charizard-Mega-Y, L50, M, shiny
|-mega|p2b: dragalis|Charizard|Charizardite Y
|-weather|SunnyDay|[from] ability: Drought|[of] p2b: dragalis
|move|p1b: Sylveon|Detect|p1b: Sylveon
|-singleturn|p1b: Sylveon|Protect
|move|p2a: cancer|Fake Out|p1a: Incineroar
|-damage|p1a: Incineroar|94/100
|move|p2b: dragalis|Heat Wave|p1a: Incineroar|[spread] 
|-activate|p1b: Sylveon|move: Protect
|-miss|p2b: dragalis|p1a: Incineroar
|
|-weather|SunnyDay|[upkeep]
|upkeep
|turn|2
|
|t:|1785505955
|switch|p2b: big fish|Basculegion, L50, M, shiny|100/100
|switch|p2a: Toxapex|Toxapex, L50, F, shiny|100/100
|move|p1a: Incineroar|Fake Out|p2b: big fish
|-immune|p2b: big fish
|move|p1b: Sylveon|Hyper Voice|p2a: Toxapex|[spread] p2a,p2b
|-resisted|p2a: Toxapex|1
|-damage|p2a: Toxapex|84/100
|-damage|p2b: big fish|52/100
|
|-weather|SunnyDay|[upkeep]
|-heal|p2a: Toxapex|89/100|[from] item: Leftovers
|upkeep
|turn|3
|
|t:|1785505974
|switch|p1a: Venusaur|Venusaur, L50, F|100/100
|move|p2a: Toxapex|Baneful Bunker|p2a: Toxapex
|-singleturn|p2a: Toxapex|move: Protect
|move|p2b: big fish|Flip Turn|p1a: Venusaur
|-resisted|p1a: Venusaur|1
|-damage|p1a: Venusaur|87/100
|
|t:|1785505982
|switch|p2b: cancer|Incineroar, L50, F, shiny|100/100|[from] Flip Turn
|-ability|p2b: cancer|Intimidate|boost
|-unboost|p1a: Venusaur|atk|1
|-unboost|p1b: Sylveon|atk|1
|move|p1b: Sylveon|Yawn|p2a: Toxapex
|-activate|p2a: Toxapex|move: Protect
|
|-weather|SunnyDay|[upkeep]
|-heal|p2a: Toxapex|95/100|[from] item: Leftovers
|upkeep
|turn|4
|
|t:|1785506006
|move|p1a: Venusaur|Earth Power|p2b: cancer
|-supereffective|p2b: cancer|1
|-damage|p2b: cancer|39/100
|-enditem|p2b: cancer|Sitrus Berry|[eat]
|-heal|p2b: cancer|64/100|[from] item: Sitrus Berry
|-damage|p1a: Venusaur|77/100|[from] item: Life Orb
|move|p1b: Sylveon|Yawn|p2a: Toxapex
|-start|p2a: Toxapex|move: Yawn|[of] p1b: Sylveon
|move|p2b: cancer|Darkest Lariat|p1a: Venusaur
|-damage|p1a: Venusaur|36/100
|move|p2a: Toxapex|Toxic|p1b: Sylveon
|-status|p1b: Sylveon|tox
|
|-weather|SunnyDay|[upkeep]
|-heal|p2a: Toxapex|100/100|[from] item: Leftovers
|-damage|p1b: Sylveon|94/100 tox|[from] psn
|upkeep
|turn|5
|inactive|gingembre230197 has 30 seconds left.
|
|t:|1785506036
|move|p2a: Toxapex|Baneful Bunker|p2a: Toxapex
|-singleturn|p2a: Toxapex|move: Protect
|move|p1b: Sylveon|Quick Attack|p2b: cancer
|-damage|p2b: cancer|58/100
|move|p1a: Venusaur|Earth Power|p2b: cancer
|-supereffective|p2b: cancer|1
|-damage|p2b: cancer|1/100
|-damage|p1a: Venusaur|27/100|[from] item: Life Orb
|move|p2b: cancer|Parting Shot|p1a: Venusaur
|-unboost|p1a: Venusaur|atk|1
|-unboost|p1a: Venusaur|spa|1
|
|t:|1785506048
|switch|p2b: dragalis|Charizard-Mega-Y, L50, M, shiny|100/100|[from] Parting Shot
|
|-weather|none
|-damage|p1b: Sylveon|82/100 tox|[from] psn
|-end|p2a: Toxapex|move: Yawn|[silent]
|-status|p2a: Toxapex|slp
|upkeep
|turn|6
|
|t:|1785506069
|switch|p1a: Incineroar|Incineroar, L50, F|94/100
|-ability|p1a: Incineroar|Intimidate|boost
|-unboost|p2a: Toxapex|atk|1
|-unboost|p2b: dragalis|atk|1
|move|p2b: dragalis|Heat Wave|p1a: Incineroar|[spread] p1a,p1b
|-resisted|p1a: Incineroar|1
|-damage|p1a: Incineroar|77/100
|-damage|p1b: Sylveon|51/100 tox
|move|p1b: Sylveon|Yawn|p2b: dragalis
|-start|p2b: dragalis|move: Yawn|[of] p1b: Sylveon
|cant|p2a: Toxapex|slp
|
|-damage|p1b: Sylveon|34/100 tox|[from] psn
|upkeep
|turn|7
|
|t:|1785506085
|switch|p1b: Charizard|Charizard, L50, M|100/100
|move|p2b: dragalis|Protect|p2b: dragalis
|-singleturn|p2b: dragalis|Protect
|cant|p2a: Toxapex|slp
|move|p1a: Incineroar|Darkest Lariat|p2b: dragalis
|-activate|p2b: dragalis|move: Protect
|
|-end|p2b: dragalis|move: Yawn|[silent]
|-status|p2b: dragalis|slp
|upkeep
|turn|8
|inactive|gingembre230197 has 30 seconds left.
|
|t:|1785506113
|detailschange|p1b: Charizard|Charizard-Mega-Y, L50, M
|-mega|p1b: Charizard|Charizard|Charizardite Y
|-weather|SunnyDay|[from] ability: Drought|[of] p1b: Charizard
|cant|p2b: dragalis|slp
|move|p1b: Charizard|Ancient Power|p2b: dragalis
|-supereffective|p2b: dragalis|2
|-crit|p2b: dragalis
|-damage|p2b: dragalis|0 fnt
|faint|p2b: dragalis
|move|p1a: Incineroar|Darkest Lariat|p2a: Toxapex
|-damage|p2a: Toxapex|74/100 slp
|-curestatus|p2a: Toxapex|slp|[msg]
|move|p2a: Toxapex|Toxic|p1b: Charizard
|-status|p1b: Charizard|tox
|
|-weather|SunnyDay|[upkeep]
|-heal|p2a: Toxapex|79/100|[from] item: Leftovers
|-damage|p1b: Charizard|94/100 tox|[from] psn
|upkeep
|
|t:|1785506133
|switch|p2b: cancer|Incineroar, L50, F, shiny|1/100
|-ability|p2b: cancer|Intimidate|boost
|-unboost|p1a: Incineroar|atk|1
|-unboost|p1b: Charizard|atk|1
|turn|9
|
|t:|1785506150
|move|p2a: Toxapex|Baneful Bunker|p2a: Toxapex
|-singleturn|p2a: Toxapex|move: Protect
|move|p2b: cancer|Fake Out|p1b: Charizard
|-damage|p1b: Charizard|84/100 tox
|cant|p1b: Charizard|flinch
|move|p1a: Incineroar|Parting Shot|p2b: cancer
|-unboost|p2b: cancer|atk|1
|-unboost|p2b: cancer|spa|1
|
|t:|1785506156
|switch|p1a: Sylveon|Sylveon, L50, F|34/100 tox|[from] Parting Shot
|
|-weather|SunnyDay|[upkeep]
|-heal|p2a: Toxapex|85/100|[from] item: Leftovers
|-damage|p1b: Charizard|72/100 tox|[from] psn
|-damage|p1a: Sylveon|28/100 tox|[from] psn
|upkeep
|turn|10
|
|t:|1785506178
|move|p1b: Charizard|Weather Ball|p2b: cancer
|-resisted|p2b: cancer|1
|-damage|p2b: cancer|0 fnt
|faint|p2b: cancer
|move|p1a: Sylveon|Yawn|p2a: Toxapex
|-start|p2a: Toxapex|move: Yawn|[of] p1a: Sylveon
|move|p2a: Toxapex|Infestation|p1b: Charizard
|-resisted|p1b: Charizard|2
|-damage|p1b: Charizard|72/100 tox
|-activate|p1b: Charizard|move: Infestation|[of] p2a: Toxapex
|
|-weather|SunnyDay|[upkeep]
|-heal|p2a: Toxapex|90/100|[from] item: Leftovers
|-damage|p1b: Charizard|54/100 tox|[from] psn
|-damage|p1a: Sylveon|16/100 tox|[from] psn
|-damage|p1b: Charizard|42/100 tox|[from] move: Infestation|[partiallytrapped]
|upkeep
|
|t:|1785506192
|switch|p2b: big fish|Basculegion, L50, M, shiny|52/100
|turn|11
|
|t:|1785506205
|switch|p1a: Incineroar|Incineroar, L50, F|77/100
|-ability|p1a: Incineroar|Intimidate|boost
|-unboost|p2a: Toxapex|atk|1
|-unboost|p2b: big fish|atk|1
|move|p2a: Toxapex|Baneful Bunker|p2a: Toxapex
|-singleturn|p2a: Toxapex|move: Protect
|move|p2b: big fish|Last Respects|p1b: Charizard
|-damage|p1b: Charizard|0 fnt
|faint|p1b: Charizard
|
|-weather|SunnyDay|[upkeep]
|-heal|p2a: Toxapex|96/100|[from] item: Leftovers
|-end|p2a: Toxapex|move: Yawn|[silent]
|-status|p2a: Toxapex|slp
|upkeep
|
|t:|1785506217
|switch|p1b: Venusaur|Venusaur, L50, F|27/100
|turn|12
|
|t:|1785506240
|cant|p2a: Toxapex|slp
|move|p1b: Venusaur|Leaf Storm|p2b: big fish|[miss]
|-miss|p1b: Venusaur|p2b: big fish
|move|p2b: big fish|Last Respects|p1b: Venusaur
|-damage|p1b: Venusaur|0 fnt
|faint|p1b: Venusaur
|move|p1a: Incineroar|Darkest Lariat|p2a: Toxapex
|-damage|p2a: Toxapex|70/100 slp
|
|-weather|none
|-heal|p2a: Toxapex|75/100 slp|[from] item: Leftovers
|upkeep
|
|t:|1785506247
|switch|p1b: Sylveon|Sylveon, L50, F|16/100 tox
|turn|13
|
|t:|1785506266
|move|p1b: Sylveon|Detect|p1b: Sylveon
|-singleturn|p1b: Sylveon|Protect
|-curestatus|p2a: Toxapex|slp|[msg]
|move|p2a: Toxapex|Baneful Bunker|p2a: Toxapex
|-singleturn|p2a: Toxapex|move: Protect
|move|p2b: big fish|Last Respects|p1a: Incineroar
|-resisted|p1a: Incineroar|1
|-damage|p1a: Incineroar|52/100
|move|p1a: Incineroar|Darkest Lariat|p2b: big fish
|-supereffective|p2b: big fish|1
|-damage|p2b: big fish|0 fnt
|faint|p2b: big fish
|
|-heal|p2a: Toxapex|81/100|[from] item: Leftovers
|-damage|p1b: Sylveon|10/100 tox|[from] psn
|upkeep
|turn|14
|
|t:|1785506282
|move|p1b: Sylveon|Hyper Voice|p2a: Toxapex
|-resisted|p2a: Toxapex|1
|-damage|p2a: Toxapex|55/100
|move|p1a: Incineroar|Darkest Lariat|p2a: Toxapex
|-damage|p2a: Toxapex|29/100
|move|p2a: Toxapex|Toxic|p1a: Incineroar
|-status|p1a: Incineroar|tox
|
|-heal|p2a: Toxapex|35/100|[from] item: Leftovers
|-damage|p1b: Sylveon|0 fnt|[from] psn
|faint|p1b: Sylveon
|-damage|p1a: Incineroar|47/100 tox|[from] psn
|upkeep
|-enditem|p1a: Incineroar|Sitrus Berry|[eat]
|-heal|p1a: Incineroar|71/100 tox|[from] item: Sitrus Berry
|turn|15
|
|t:|1785506299
|move|p2a: Toxapex|Baneful Bunker|p2a: Toxapex
|-singleturn|p2a: Toxapex|move: Protect
|move|p1a: Incineroar|Darkest Lariat|p2a: Toxapex
|-activate|p2a: Toxapex|move: Protect
|
|-heal|p2a: Toxapex|40/100|[from] item: Leftovers
|-damage|p1a: Incineroar|59/100 tox|[from] psn
|upkeep
|turn|16
|
|t:|1785506310
|move|p1a: Incineroar|Darkest Lariat|p2a: Toxapex
|-damage|p2a: Toxapex|14/100
|move|p2a: Toxapex|Infestation|p1a: Incineroar
|-damage|p1a: Incineroar|56/100 tox
|-activate|p1a: Incineroar|move: Infestation|[of] p2a: Toxapex
|
|-heal|p2a: Toxapex|20/100y|[from] item: Leftovers
|-damage|p1a: Incineroar|39/100 tox|[from] psn
|-damage|p1a: Incineroar|26/100 tox|[from] move: Infestation|[partiallytrapped]
|upkeep
|turn|17
|
|t:|1785506320
|move|p2a: Toxapex|Baneful Bunker|p2a: Toxapex
|-singleturn|p2a: Toxapex|move: Protect
|move|p1a: Incineroar|Darkest Lariat|p2a: Toxapex
|-activate|p2a: Toxapex|move: Protect
|
|-heal|p2a: Toxapex|25/100|[from] item: Leftovers
|-damage|p1a: Incineroar|2/100 tox|[from] psn
|-damage|p1a: Incineroar|0 fnt|[from] move: Infestation|[partiallytrapped]
|faint|p1a: Incineroar
|
|win|gingembre230197
