|j|☆MrTedno
|j|☆Bigboyblue3451
|html|MrTednoBigboyblue3451    
|uhtml|bestof|Game 2 of a best-of-3
|t:|1757109407
|gametype|doubles
|player|p1|MrTedno|barry|1247
|player|p2|Bigboyblue3451|170|1304
|gen|9
|tier|[Gen 9] VGC 2025 Reg H (Bo3)
|rated|
|rule|Species Clause: Limit one of each Pokémon
|rule|Item Clause: Limit 1 of each item
|clearpoke
|poke|p1|Ninetales-Alola, L50, M|
|poke|p1|Garchomp, L50, M|
|poke|p1|Flamigo, L50, M|
|poke|p1|Incineroar, L50, M|
|poke|p1|Gholdengo, L50|
|poke|p1|Amoonguss, L50, M|
|poke|p2|Pelipper, L50, F|
|poke|p2|Archaludon, L50, M|
|poke|p2|Basculegion, L50, M|
|poke|p2|Farigiraf, L50, M|
|poke|p2|Amoonguss, L50, M|
|poke|p2|Sneasler, L50, M|
|teampreview|4
|showteam|p1|Ninetales-Alola||LightClay|SnowWarning|Protect,Blizzard,FreezeDry,AuroraVeil|||M|||50|,,,,,Water]Garchomp||ClearAmulet|RoughSkin|Earthquake,DragonClaw,StompingTantrum,Protect|||M|||50|,,,,,Fire]Flamigo||CovertCloak|Scrappy|BraveBird,CloseCombat,Tailwind,Detect|||M|||50|,,,,,Stellar]Incineroar||SafetyGoggles|Intimidate|FakeOut,PartingShot,FlareBlitz,KnockOff|||M|||50|,,,,,Ghost]Gholdengo||LifeOrb|GoodasGold|ShadowBall,MakeItRain,NastyPlot,Protect||||||50|,,,,,Flying]Amoonguss||SitrusBerry|Regenerator|Spore,RagePowder,PollenPuff,ClearSmog|||M|||50|,,,,,Water
|showteam|p2|Pelipper||FocusSash|Drizzle|Hurricane,MuddyWater,Tailwind,Protect|||F|||50|,,,,,Fairy]Archaludon||AssaultVest|Stamina|ElectroShot,Snarl,DracoMeteor,BodyPress|||M|||50|,,,,,Bug]Basculegion||ChoiceBand|SwiftSwim|AquaJet,FlipTurn,WaveCrash,LastRespects|||M|||50|,,,,,Water]Farigiraf||SafetyGoggles|ArmorTail|Psychic,TeraBlast,TrickRoom,Protect|||M|||50|,,,,,Fighting]Amoonguss||CovertCloak|Regenerator|Spore,PollenPuff,RagePowder,ClearSmog|||M|||50|,,,,,Water]Sneasler||WhiteHerb|Unburden|CloseCombat,DireClaw,FakeOut,Protect|||M|||50|,,,,,Stellar
|
|t:|1757109472
|teamsize|p1|4
|teamsize|p2|4
|start
|switch|p1a: Skipper|Gholdengo, L50|100/100
|switch|p1b: Melman|Amoonguss, L50, M|100/100
|switch|p2a: Sneasler|Sneasler, L50, M|100/100
|switch|p2b: Basculegion|Basculegion, L50, M|100/100
|turn|1
|
|t:|1757109506
|-terastallize|p2b: Basculegion|Water
|move|p1a: Skipper|Protect|p1a: Skipper
|-singleturn|p1a: Skipper|Protect
|move|p2a: Sneasler|Fake Out|p1b: Melman
|-damage|p1b: Melman|88/100
|move|p2b: Basculegion|Wave Crash|p1a: Skipper
|-activate|p1a: Skipper|move: Protect
|cant|p1b: Melman|flinch
|
|upkeep
|turn|2
|
|t:|1757109533
|switch|p2a: Pelipper|Pelipper, L50, F|100/100
|-weather|RainDance|[from] ability: Drizzle|[of] p2a: Pelipper
|switch|p1a: Gloria|Ninetales-Alola, L50, M|100/100
|-weather|Snowscape|[from] ability: Snow Warning|[of] p1a: Gloria
|move|p2b: Basculegion|Wave Crash|p1a: Gloria
|-damage|p1a: Gloria|0 fnt
|faint|p1a: Gloria
|-damage|p2b: Basculegion|72/100|[from] Recoil
|move|p1b: Melman|Spore|p2b: Basculegion
|-status|p2b: Basculegion|slp|[from] move: Spore
|
|-weather|Snowscape|[upkeep]
|upkeep
|
|t:|1757109548
|switch|p1a: Skipper|Gholdengo, L50|100/100
|turn|3
|
|t:|1757109577
|switch|p2a: Sneasler|Sneasler, L50, M|100/100
|move|p1a: Skipper|Nasty Plot|p1a: Skipper
|-boost|p1a: Skipper|spa|2
|cant|p2b: Basculegion|slp
|move|p1b: Melman|Spore|p2a: Sneasler
|-status|p2a: Sneasler|slp|[from] move: Spore
|
|-weather|Snowscape|[upkeep]
|upkeep
|turn|4
|
|t:|1757109601
|move|p1b: Melman|Rage Powder|p1b: Melman
|-singleturn|p1b: Melman|move: Rage Powder
|cant|p2a: Sneasler|slp
|move|p1a: Skipper|Shadow Ball|p2b: Basculegion
|-damage|p2b: Basculegion|0 fnt
|faint|p2b: Basculegion
|-damage|p1a: Skipper|91/100|[from] item: Life Orb
|
|-weather|Snowscape|[upkeep]
|upkeep
|
|t:|1757109611
|switch|p2b: Pelipper|Pelipper, L50, F|100/100
|-weather|RainDance|[from] ability: Drizzle|[of] p2b: Pelipper
|turn|5
|
|t:|1757109624
|-terastallize|p1b: Melman|Water
|move|p1b: Melman|Rage Powder|p1b: Melman
|-singleturn|p1b: Melman|move: Rage Powder
|cant|p2a: Sneasler|slp
|move|p1a: Skipper|Make It Rain|p2b: Pelipper|[spread] p2a,p2b
|-resisted|p2b: Pelipper
|-damage|p2a: Sneasler|0 fnt
|-damage|p2b: Pelipper|7/100
|-unboost|p1a: Skipper|spa|1
|faint|p2a: Sneasler
|-damage|p1a: Skipper|82/100|[from] item: Life Orb
|move|p2b: Pelipper|Hurricane|p1b: Melman
|-damage|p1b: Melman|48/100
|-enditem|p1b: Melman|Sitrus Berry|[eat]
|-heal|p1b: Melman|73/100|[from] item: Sitrus Berry
|
|-weather|RainDance|[upkeep]
|upkeep
|
|t:|1757109628
|switch|p2a: Archaludon|Archaludon, L50, M|100/100
|turn|6
|
|t:|1757109660
|move|p1a: Skipper|Make It Rain|p2b: Pelipper|[spread] p2a,p2b
|-resisted|p2a: Archaludon
|-resisted|p2b: Pelipper
|-damage|p2a: Archaludon|70/100
|-damage|p2b: Pelipper|0 fnt
|-unboost|p1a: Skipper|spa|1
|-ability|p2a: Archaludon|Stamina|boost
|-boost|p2a: Archaludon|def|1
|faint|p2b: Pelipper
|-damage|p1a: Skipper|72/100|[from] item: Life Orb
|move|p2a: Archaludon|Electro Shot||[still]
|-prepare|p2a: Archaludon|Electro Shot
|-boost|p2a: Archaludon|spa|1
|-anim|p2a: Archaludon|Electro Shot|p1b: Melman
|-supereffective|p1b: Melman
|-damage|p1b: Melman|0 fnt
|faint|p1b: Melman
|
|-weather|RainDance|[upkeep]
|upkeep
|
|t:|1757109676
|switch|p1b: Flamigo|Flamigo, L50, M|100/100
|turn|7
|
|t:|1757109708
|move|p1b: Flamigo|Close Combat|p2a: Archaludon
|-supereffective|p2a: Archaludon
|-damage|p2a: Archaludon|22/100
|-unboost|p1b: Flamigo|def|1
|-unboost|p1b: Flamigo|spd|1
|-ability|p2a: Archaludon|Stamina|boost
|-boost|p2a: Archaludon|def|1
|move|p1a: Skipper|Shadow Ball|p2a: Archaludon
|-damage|p2a: Archaludon|0 fnt
|faint|p2a: Archaludon
|-damage|p1a: Skipper|63/100|[from] item: Life Orb
|
|win|MrTedno
|inactive|MrTedno has 30 seconds to confirm battle start!
|inactive|Bigboyblue3451 has 30 seconds to confirm battle start!
||MrTedno is ready for game 3.
||Bigboyblue3451 is ready for game 3.
|uhtml|next|Next: Game 3 of 3
|l|☆MrTedno
|player|p1|
