|j|☆funny3232
|j|☆ghgk07
|html|funny3232ghgk07    
|uhtml|bestof|Game 1 of a best-of-3
|t:|1784384805
|gametype|doubles
|player|p1|funny3232|bugcatcher-gen4dp|1059
|player|p2|ghgk07|hilbert|1000
|gen|9
|tier|[Gen 9 Champions] VGC 2026 Reg M-B (Bo3)
|rated|
|rule|Species Clause: Limit one of each Pokémon
|rule|Item Clause: Limit 1 of each item
|clearpoke
|poke|p1|Maushold-Four, L50|
|poke|p1|Kingambit, L50, M|
|poke|p1|Armarouge, L50, F|
|poke|p1|Gengar, L50, M|
|poke|p1|Quaquaval, L50, F|
|poke|p1|Sneasler, L50, M|
|poke|p2|Pyroar, L50, F|
|poke|p2|Torkoal, L50, M|
|poke|p2|Garchomp, L50, F|
|poke|p2|Whimsicott, L50, F|
|poke|p2|Ninetales-Alola, L50, M|
|poke|p2|Basculegion, L50, M|
|teampreview|4
|showteam|p1|Maushold-Four||ChopleBerry|Technician|TidyUp,FollowMe,Protect,PopulationBomb|Jolly|||||50|]Kingambit||FocusSash|SupremeOverlord|Protect,KowtowCleave,IronHead,LowKick|Adamant||M|||50|]Armarouge||LifeOrb|WeakArmor|AuraSphere,Protect,HeatWave,Psychic|Modest||F|||50|]Gengar||Gengarite|CursedBody|Disable,Protect,SludgeWave,ShadowBall|Timid||M|||50|]Quaquaval||ChoiceScarf|Torrent|CloseCombat,Uturn,Protect,TripleAxel|Adamant||F|||50|]Sneasler||WhiteHerb|Unburden|FakeOut,CloseCombat,DireClaw,SwordsDance|Adamant||M|||50|
|showteam|p2|Pyroar||Pyroarite|Unnerve|HyperVoice,HeatWave,Protect,ScorchingSands|Timid||F|||50|]Torkoal||Leftovers|Drought|HelpingHand,WillOWisp,Protect,WeatherBall|Relaxed||M|||50|]Garchomp||LifeOrb|RoughSkin|Earthquake,DragonClaw,Protect,RockSlide|Jolly||F|||50|]Whimsicott||FocusSash|Prankster|Moonblast,Tailwind,Encore,Protect|Modest||F|||50|]Ninetales-Alola||LightClay|SnowWarning|AuroraVeil,Blizzard,FreezeDry,Protect|Modest||M|||50|]Basculegion||ChoiceScarf|Adaptability|LastRespects,FlipTurn,AquaJet,WaveCrash|Adamant||M|||50|
|inactive|Battle timer is ON: inactive players will automatically lose when time's up. (requested by funny3232)
|inactive|ghgk07 has 60 seconds left.
|
|t:|1784384853
|teamsize|p1|4
|teamsize|p2|4
|start
|switch|p1a: Maushold|Maushold-Four, L50|100/100
|switch|p1b: Sneasler|Sneasler, L50, M|100/100
|switch|p2a: Torkoal|Torkoal, L50, M|100/100
|switch|p2b: Pyroar|Pyroar, L50, F|100/100
|-ability|p2b: Pyroar|Unnerve
|-weather|SunnyDay|[from] ability: Drought|[of] p2a: Torkoal
|turn|1
|
|t:|1784384871
|detailschange|p2b: Pyroar|Pyroar-Mega, L50, F
|-mega|p2b: Pyroar|Pyroar|Pyroarite
|move|p2b: Pyroar|Protect|p2b: Pyroar
|-singleturn|p2b: Pyroar|Protect
|move|p2a: Torkoal|Protect|p2a: Torkoal
|-singleturn|p2a: Torkoal|Protect
|move|p1b: Sneasler|Fake Out|p2b: Pyroar
|-activate|p2b: Pyroar|move: Protect
|move|p1a: Maushold|Tidy Up|p1a: Maushold
|-boost|p1a: Maushold|atk|1
|-boost|p1a: Maushold|spe|1
|
|-weather|SunnyDay|[upkeep]
|upkeep
|turn|2
|inactive|funny3232 has 30 seconds left.
|
|t:|1784384905
|move|p2a: Torkoal|Helping Hand|p2b: Pyroar
|-singleturn|p2b: Pyroar|Helping Hand|[of] p2a: Torkoal
|move|p1a: Maushold|Protect|p1a: Maushold
|-singleturn|p1a: Maushold|Protect
|move|p2b: Pyroar|Heat Wave|p1b: Sneasler|[spread] p1b
|-activate|p1a: Maushold|move: Protect
|-damage|p1b: Sneasler|0 fnt
|faint|p1b: Sneasler
|
|-weather|SunnyDay|[upkeep]
|upkeep
|
|t:|1784384917
|switch|p1b: Armarouge|Armarouge, L50, F|100/100
|turn|3
|inactive|ghgk07 has 30 seconds left.
|
|t:|1784384946
|move|p2a: Torkoal|Helping Hand|p2b: Pyroar
|-singleturn|p2b: Pyroar|Helping Hand|[of] p2a: Torkoal
|move|p1b: Armarouge|Protect|p1b: Armarouge
|-singleturn|p1b: Armarouge|Protect
|move|p1a: Maushold|Population Bomb|p2b: Pyroar
|-damage|p2b: Pyroar|83/100
|-damage|p2b: Pyroar|66/100
|-crit|p2b: Pyroar
|-damage|p2b: Pyroar|46/100
|-crit|p2b: Pyroar
|-damage|p2b: Pyroar|21/100
|-hitcount|p2b: Pyroar|4
|move|p2b: Pyroar|Scorching Sands|p1b: Armarouge
|-activate|p1b: Armarouge|move: Protect
|
|-weather|SunnyDay|[upkeep]
|upkeep
|turn|4
|inactive|funny3232 has 30 seconds left.
|
|t:|1784384973
|move|p2b: Pyroar|Protect|p2b: Pyroar
|-singleturn|p2b: Pyroar|Protect
|move|p1a: Maushold|Population Bomb|p2a: Torkoal
|-damage|p2a: Torkoal|91/100
|-damage|p2a: Torkoal|82/100
|-damage|p2a: Torkoal|74/100
|-damage|p2a: Torkoal|64/100
|-damage|p2a: Torkoal|55/100
|-damage|p2a: Torkoal|47/100
|-damage|p2a: Torkoal|38/100
|-damage|p2a: Torkoal|30/100
|-damage|p2a: Torkoal|21/100
|-damage|p2a: Torkoal|12/100
|-hitcount|p2a: Torkoal|10
|move|p1b: Armarouge|Aura Sphere|p2b: Pyroar
|-activate|p2b: Pyroar|move: Protect
|move|p2a: Torkoal|Will-O-Wisp|p1a: Maushold
|-status|p1a: Maushold|brn
|
|-weather|SunnyDay|[upkeep]
|-heal|p2a: Torkoal|18/100|[from] item: Leftovers
|-damage|p1a: Maushold|93/100 brn|[from] brn
|upkeep
|turn|5
|inactive|funny3232 has 30 seconds left.
|inactive|ghgk07 has 30 seconds left.
|
|t:|1784385007
|switch|p2b: Basculegion|Basculegion, L50, M|100/100
|move|p2a: Torkoal|Protect|p2a: Torkoal
|-singleturn|p2a: Torkoal|Protect
|move|p1a: Maushold|Follow Me|p1a: Maushold
|-singleturn|p1a: Maushold|move: Follow Me
|move|p1b: Armarouge|Aura Sphere|p2b: Basculegion
|-immune|p2b: Basculegion
|
|-weather|none
|-heal|p2a: Torkoal|24/100|[from] item: Leftovers
|-damage|p1a: Maushold|87/100 brn|[from] brn
|upkeep
|turn|6
|inactive|funny3232 has 30 seconds left.
|inactive|ghgk07 has 30 seconds left.
|
|t:|1784385035
|move|p2a: Torkoal|Helping Hand|p2b: Basculegion
|-singleturn|p2b: Basculegion|Helping Hand|[of] p2a: Torkoal
|move|p1a: Maushold|Follow Me|p1a: Maushold
|-singleturn|p1a: Maushold|move: Follow Me
|move|p2b: Basculegion|Wave Crash|p1a: Maushold
|-damage|p1a: Maushold|0 fnt
|faint|p1a: Maushold
|-damage|p2b: Basculegion|73/100|[from] Recoil
|move|p1b: Armarouge|Psychic|p2a: Torkoal
|-damage|p2a: Torkoal|0 fnt
|faint|p2a: Torkoal
|-damage|p1b: Armarouge|90/100|[from] item: Life Orb
|
|upkeep
|-message|funny3232 forfeited.
|
|win|ghgk07
|l|☆funny3232
|player|p1|
