|j|☆p1ch1pichi
|j|☆eskyur
|html|p1ch1pichieskyur    
|uhtml|bestof|Game 1 of a best-of-3
|t:|1784308098
|gametype|doubles
|player|p1|p1ch1pichi|n|1192
|player|p2|eskyur|steven|1108
|gen|9
|tier|[Gen 9 Champions] VGC 2026 Reg M-B (Bo3)
|rated|
|rule|Species Clause: Limit one of each Pokémon
|rule|Item Clause: Limit 1 of each item
|clearpoke
|poke|p1|Ampharos, L50, M, shiny|
|poke|p1|Farigiraf, L50, F, shiny|
|poke|p1|Incineroar, L50, M|
|poke|p1|Vivillon, L50, M, shiny|
|poke|p1|Vanilluxe, L50, M|
|poke|p1|Goodra-Hisui, L50, F|
|poke|p2|Staraptor, L50, M|
|poke|p2|Grimmsnarl, L50, M|
|poke|p2|Sinistcha, L50|
|poke|p2|Blastoise, L50, M|
|poke|p2|Incineroar, L50, F|
|poke|p2|Glimmora, L50, M|
|teampreview|4
|showteam|p1|Ampharos||Ampharosite|Static|DragonPulse,Thunderbolt,PowerGem,Protect|Quiet||M|||50|]Farigiraf||ColburBerry|ArmorTail|Psychic,TrickRoom,HelpingHand,Protect|Relaxed||F|||50|]Incineroar||PasshoBerry|Intimidate|PartingShot,FakeOut,FlareBlitz,ThroatChop|Brave||M|||50|]Vivillon||FocusSash|CompoundEyes|Protect,SleepPowder,Whirlwind,Hurricane|Timid||M|||50|]Vanilluxe||NeverMeltIce|SnowWarning|Protect,Blizzard,FreezeDry,AuroraVeil|Quiet||M|||50|]Goodra-Hisui||Leftovers|ShellArmor|Protect,Shelter,BodyPress,HeavySlam|Relaxed||F|||50|
|showteam|p2|Staraptor||Staraptite|Intimidate|CloseCombat,BraveBird,Roost,Protect|Jolly||M|||50|]Grimmsnarl||LightClay|Prankster|SpiritBreak,PartingShot,Reflect,LightScreen|Bold||M|||50|]Sinistcha||KasibBerry|Hospitality|MatchaGotcha,RagePowder,TrickRoom,LifeDew|Bold|||||50|]Blastoise||Blastoisinite|Torrent|WaterSpout,DarkPulse,ShellSmash,Protect|Modest||M|||50|]Incineroar||SitrusBerry|Intimidate|FlareBlitz,ThroatChop,PartingShot,FakeOut|Careful||F|||50|]Glimmora||FocusSash|ToxicDebris|SludgeBomb,PowerGem,EarthPower,SpikyShield|Modest||M|||50|
|inactive|Battle timer is ON: inactive players will automatically lose when time's up. (requested by p1ch1pichi)
|inactive|p1ch1pichi has 60 seconds left.
|inactive|eskyur has 60 seconds left.
|inactive|p1ch1pichi has 30 seconds left.
|
|t:|1784308166
|teamsize|p1|4
|teamsize|p2|4
|start
|switch|p1a: Coke|Incineroar, L50, M|100/100
|switch|p1b: Float|Farigiraf, L50, F, shiny|100/100
|switch|p2a: Incineroar|Incineroar, L50, F|100/100
|switch|p2b: Blastoise|Blastoise, L50, M|100/100
|-ability|p2a: Incineroar|Intimidate|boost
|-unboost|p1a: Coke|atk|1
|-unboost|p1b: Float|atk|1
|-ability|p1a: Coke|Intimidate|boost
|-unboost|p2a: Incineroar|atk|1
|-unboost|p2b: Blastoise|atk|1
|turn|1
|inactive|eskyur has 30 seconds left.
|
|t:|1784308194
|switch|p2b: Grimmsnarl|Grimmsnarl, L50, M|100/100
|move|p1a: Coke|Fake Out|p2b: Grimmsnarl
|-damage|p2b: Grimmsnarl|91/100
|move|p2a: Incineroar|Throat Chop|p1b: Float
|-supereffective|p1b: Float|1
|-enditem|p1b: Float|Colbur Berry|[eat]
|-enditem|p1b: Float|Colbur Berry|[weaken]
|-damage|p1b: Float|82/100
|-start|p1b: Float|Throat Chop|[silent]
|move|p1b: Float|Trick Room|p1b: Float
|-fieldstart|move: Trick Room|[of] p1b: Float
|
|upkeep
|turn|2
|
|t:|1784308218
|move|p1b: Float|Protect|p1b: Float
|-singleturn|p1b: Float|Protect
|move|p1a: Coke|Parting Shot|p2a: Incineroar
|-unboost|p2a: Incineroar|atk|1
|-unboost|p2a: Incineroar|spa|1
|
|t:|1784308226
|switch|p1a: Goodra|Goodra-Hisui, L50, F|100/100|[from] Parting Shot
|move|p2b: Grimmsnarl|Spirit Break|p1b: Float
|-activate|p1b: Float|move: Protect
|move|p2a: Incineroar|Parting Shot|p1a: Goodra
|-unboost|p1a: Goodra|atk|1
|-unboost|p1a: Goodra|spa|1
|
|t:|1784308240
|switch|p2a: Blastoise|Blastoise, L50, M|100/100|[from] Parting Shot
|
|-end|p1b: Float|Throat Chop|[silent]
|upkeep
|turn|3
|inactive|p1ch1pichi has 30 seconds left.
|
|t:|1784308268
|detailschange|p2a: Blastoise|Blastoise-Mega, L50, M
|-mega|p2a: Blastoise|Blastoise|Blastoisinite
|move|p1b: Float|Psychic|p2a: Blastoise
|-damage|p2a: Blastoise|66/100
|move|p1a: Goodra|Shelter|p1a: Goodra
|-boost|p1a: Goodra|def|2
|move|p2b: Grimmsnarl|Spirit Break|p1a: Goodra
|-damage|p1a: Goodra|91/100
|-unboost|p1a: Goodra|spa|1
|move|p2a: Blastoise|Dark Pulse|p1a: Goodra
|-damage|p1a: Goodra|57/100
|
|-heal|p1a: Goodra|63/100|[from] item: Leftovers
|upkeep
|turn|4
|
|t:|1784308291
|switch|p2b: Sinistcha|Sinistcha, L50|100/100
|-heal|p2a: Blastoise|91/100|[from] ability: Hospitality|[of] p2b: Sinistcha
|move|p1b: Float|Helping Hand|p1a: Goodra
|-singleturn|p1a: Goodra|Helping Hand|[of] p1b: Float
|move|p1a: Goodra|Heavy Slam|p2b: Sinistcha
|-damage|p2b: Sinistcha|67/100
|move|p2a: Blastoise|Dark Pulse|p1b: Float
|-supereffective|p1b: Float|1
|-damage|p1b: Float|0 fnt
|faint|p1b: Float
|
|-heal|p1a: Goodra|69/100|[from] item: Leftovers
|upkeep
|
|t:|1784308306
|switch|p1b: Coke|Incineroar, L50, M|100/100
|-ability|p1b: Coke|Intimidate|boost
|-unboost|p2a: Blastoise|atk|1
|-unboost|p2b: Sinistcha|atk|1
|turn|5
|
|t:|1784308326
|switch|p2b: Incineroar|Incineroar, L50, F|100/100
|-ability|p2b: Incineroar|Intimidate|boost
|-unboost|p1a: Goodra|atk|1
|-unboost|p1b: Coke|atk|1
|move|p2a: Blastoise|Protect|p2a: Blastoise
|-singleturn|p2a: Blastoise|Protect
|move|p1b: Coke|Flare Blitz|p2b: Incineroar
|-resisted|p2b: Incineroar|1
|-damage|p2b: Incineroar|83/100
|-damage|p1b: Coke|94/100|[from] Recoil
|move|p1a: Goodra|Shelter|p1a: Goodra
|-boost|p1a: Goodra|def|2
|
|-heal|p1a: Goodra|75/100|[from] item: Leftovers
|-fieldend|move: Trick Room
|upkeep
|turn|6
|inactive|eskyur has 30 seconds left.
|
|t:|1784308353
|move|p2b: Incineroar|Fake Out|p1b: Coke
|-damage|p1b: Coke|84/100
|move|p2a: Blastoise|Shell Smash|p2a: Blastoise
|-unboost|p2a: Blastoise|def|1
|-unboost|p2a: Blastoise|spd|1
|-boost|p2a: Blastoise|atk|2
|-boost|p2a: Blastoise|spa|2
|-boost|p2a: Blastoise|spe|2
|move|p1a: Goodra|Body Press|p2b: Incineroar
|-supereffective|p2b: Incineroar|1
|-damage|p2b: Incineroar|0 fnt
|faint|p2b: Incineroar
|cant|p1b: Coke|flinch
|
|-heal|p1a: Goodra|81/100|[from] item: Leftovers
|upkeep
|
|t:|1784308361
|switch|p2b: Sinistcha|Sinistcha, L50|67/100
|-heal|p2a: Blastoise|100/100|[from] ability: Hospitality|[of] p2b: Sinistcha
|turn|7
|
|t:|1784308381
|move|p2b: Sinistcha|Rage Powder|p2b: Sinistcha
|-singleturn|p2b: Sinistcha|move: Rage Powder
|move|p2a: Blastoise|Water Spout|p1b: Coke|[spread] p1a,p1b
|-resisted|p1a: Goodra|1
|-supereffective|p1b: Coke|1
|-enditem|p1b: Coke|Passho Berry|[eat]
|-enditem|p1b: Coke|Passho Berry|[weaken]
|-damage|p1a: Goodra|36/100
|-damage|p1b: Coke|0 fnt
|faint|p1b: Coke
|move|p1a: Goodra|Heavy Slam|p2b: Sinistcha
|-damage|p2b: Sinistcha|52/100
|
|-heal|p1a: Goodra|42/100|[from] item: Leftovers
|upkeep
|
|t:|1784308392
|switch|p1b: Yoghurt|Ampharos, L50, M, shiny|100/100
|turn|8
|
|t:|1784308411
|detailschange|p1b: Yoghurt|Ampharos-Mega, L50, M, shiny
|-mega|p1b: Yoghurt|Ampharos|Ampharosite
|-ability|p1b: Yoghurt|Mold Breaker
|move|p1a: Goodra|Protect|p1a: Goodra
|-singleturn|p1a: Goodra|Protect
|move|p2b: Sinistcha|Rage Powder|p2b: Sinistcha
|-singleturn|p2b: Sinistcha|move: Rage Powder
|move|p2a: Blastoise|Water Spout|p1b: Yoghurt|[spread] p1b
|-activate|p1a: Goodra|move: Protect
|-resisted|p1b: Yoghurt|1
|-damage|p1b: Yoghurt|44/100
|move|p1b: Yoghurt|Dragon Pulse|p2b: Sinistcha
|-damage|p2b: Sinistcha|0 fnt
|faint|p2b: Sinistcha
|
|-heal|p1a: Goodra|48/100|[from] item: Leftovers
|upkeep
|
|t:|1784308430
|switch|p2b: Grimmsnarl|Grimmsnarl, L50, M|91/100
|turn|9
|inactive|eskyur has 30 seconds left.
|
|t:|1784308458
|move|p1b: Yoghurt|Protect|p1b: Yoghurt
|-singleturn|p1b: Yoghurt|Protect
|move|p2a: Blastoise|Dark Pulse|p1a: Goodra
|-damage|p1a: Goodra|0 fnt
|faint|p1a: Goodra
|move|p2b: Grimmsnarl|Spirit Break|p1b: Yoghurt
|-activate|p1b: Yoghurt|move: Protect
|
|upkeep
|turn|10
|
|t:|1784308468
|move|p2a: Blastoise|Water Spout|p1b: Yoghurt
|-resisted|p1b: Yoghurt|1
|-damage|p1b: Yoghurt|0 fnt
|faint|p1b: Yoghurt
|
|win|eskyur
||p1ch1pichi is ready for game 2.
||eskyur is ready for game 2.
|uhtml|next|Next: Game 2 of 3
|l|☆eskyur
|player|p2|
