|j|☆marillrag1
|j|☆AllySwitch24
|html|marillrag1AllySwitch24    
|uhtml|bestof|Game 1 of a best-of-3
|t:|1785127233
|gametype|doubles
|player|p1|marillrag1|2|1117
|player|p2|AllySwitch24|170|1000
|gen|9
|tier|[Gen 9 Champions] VGC 2026 Reg M-B (Bo3)
|rated|
|rule|Species Clause: Limit one of each Pokémon
|rule|Item Clause: Limit 1 of each item
|clearpoke
|poke|p1|Delphox, L50, M|
|poke|p1|Sneasler, L50, F|
|poke|p1|Incineroar, L50, F|
|poke|p1|Sinistcha, L50|
|poke|p1|Kingambit, L50, F|
|poke|p1|Blastoise, L50, M|
|poke|p2|Palafin, L50, F|
|poke|p2|Raichu, L50, M|
|poke|p2|Typhlosion, L50, F|
|poke|p2|Ninetales-Alola, L50, F|
|poke|p2|Jolteon, L50, F|
|poke|p2|Talonflame, L50, M|
|teampreview|4
|showteam|p1|Delphox||Delphoxite|Blaze|Protect,HeatWave,Psyshock,NastyPlot|Modest||M|||50|]Sneasler||FocusSash|PoisonTouch|PoisonJab,CloseCombat,FakeOut,QuickGuard|Jolly||F|||50|]Incineroar||SitrusBerry|Intimidate|FlareBlitz,FakeOut,PartingShot,HelpingHand|Careful||F|||50|]Sinistcha||ColburBerry|Hospitality|Protect,MatchaGotcha,RagePowder,TrickRoom|Bold|||||50|]Kingambit||LifeOrb|Defiant|Protect,KowtowCleave,SwordsDance,SuckerPunch|Adamant||F|||50|]Blastoise||Blastoisinite|Torrent|Protect,WaterSpout,DarkPulse,ShellSmash|Modest||M|||50|
|showteam|p2|Palafin||MysticWater|ZerotoHero|JetPunch,WaveCrash,FlipTurn,Protect|Adamant||F|||50|]Raichu||RaichuniteX|LightningRod|FakeOut,Protect,RisingVoltage,VoltSwitch|Timid||M|||50|]Typhlosion||Charcoal|FlashFire|Eruption,Protect,FireBlast,ScorchingSands|Modest||F|||50|]Ninetales-Alola||FocusSash|SnowWarning|Blizzard,Protect,FreezeDry,Roar|Timid||F|||50|]Jolteon||LifeOrb|VoltAbsorb|RisingVoltage,Protect,WeatherBall,VoltSwitch|Timid||F|||50|]Talonflame|||GaleWings|Tailwind,Acrobatics,SunnyDay,QuickGuard|Jolly||M|||50|
|
|t:|1785127323
|teamsize|p1|4
|teamsize|p2|4
|start
|switch|p1a: Incineroar|Incineroar, L50, F|100/100
|switch|p1b: Sinistcha|Sinistcha, L50|100/100
|switch|p2a: Palafin|Palafin, L50, F|100/100
|switch|p2b: Raichu|Raichu, L50, M|100/100
|-ability|p1a: Incineroar|Intimidate|boost
|-unboost|p2a: Palafin|atk|1
|-unboost|p2b: Raichu|atk|1
|turn|1
|
|t:|1785127344
|detailschange|p2b: Raichu|Raichu-Mega-X, L50, M
|-mega|p2b: Raichu|Raichu|Raichunite X
|-fieldstart|move: Electric Terrain|[from] ability: Electric Surge|[of] p2b: Raichu
|move|p2b: Raichu|Fake Out|p1a: Incineroar
|-damage|p1a: Incineroar|94/100
|move|p2a: Palafin|Flip Turn|p1a: Incineroar
|-supereffective|p1a: Incineroar|1
|-damage|p1a: Incineroar|63/100
|
|t:|1785127355
|detailschange|p2a: Palafin|Palafin-Hero, L50, F
|switch|p2a: Talonflame|Talonflame, L50, M|100/100|[from] Flip Turn
|cant|p1a: Incineroar|flinch
|move|p1b: Sinistcha|Trick Room|p1b: Sinistcha
|-fieldstart|move: Trick Room|[of] p1b: Sinistcha
|
|upkeep
|turn|2
|
|t:|1785127377
|move|p2a: Talonflame|Acrobatics|p1b: Sinistcha
|-supereffective|p1b: Sinistcha|1
|-damage|p1b: Sinistcha|34/100
|move|p1a: Incineroar|Parting Shot|p2b: Raichu
|-unboost|p2b: Raichu|atk|1
|-unboost|p2b: Raichu|spa|1
|
|t:|1785127394
|switch|p1a: Kingambit|Kingambit, L50, F|100/100|[from] Parting Shot
|move|p1b: Sinistcha|Matcha Gotcha|p2a: Talonflame|[spread] p2a,p2b
|-resisted|p2a: Talonflame|2
|-damage|p2a: Talonflame|90/100
|-heal|p1b: Sinistcha|38/100|[from] drain|[of] p2a: Talonflame
|-damage|p2b: Raichu|68/100
|-heal|p1b: Sinistcha|51/100|[from] drain|[of] p2b: Raichu
|-status|p2b: Raichu|brn
|move|p2b: Raichu|Volt Switch|p1a: Kingambit
|-damage|p1a: Kingambit|79/100
|
|t:|1785127415
|switch|p2b: Jolteon|Jolteon, L50, F|100/100|[from] Volt Switch
|
|upkeep
|turn|3
|
|t:|1785127442
|move|p1a: Kingambit|Kowtow Cleave|p2a: Talonflame
|-damage|p2a: Talonflame|12/100
|-damage|p1a: Kingambit|69/100|[from] item: Life Orb
|move|p1b: Sinistcha|Matcha Gotcha|p2b: Jolteon|[spread] p2a,p2b
|-resisted|p2a: Talonflame|2
|-damage|p2a: Talonflame|2/100
|-heal|p1b: Sinistcha|55/100|[from] drain|[of] p2a: Talonflame
|-damage|p2b: Jolteon|68/100
|-heal|p1b: Sinistcha|68/100|[from] drain|[of] p2b: Jolteon
|-status|p2b: Jolteon|brn
|move|p2a: Talonflame|Acrobatics|p1b: Sinistcha
|-supereffective|p1b: Sinistcha|1
|-damage|p1b: Sinistcha|1/100
|move|p2b: Jolteon|Rising Voltage|p1a: Kingambit
|-hint|Rising Voltage's BP doubled on grounded target.
|-damage|p1a: Kingambit|0 fnt
|faint|p1a: Kingambit
|-damage|p2b: Jolteon|58/100 brn|[from] item: Life Orb
|
|-damage|p2b: Jolteon|52/100 brn|[from] brn
|upkeep
|
|t:|1785127453
|switch|p1a: Blastoise|Blastoise, L50, M|100/100
|turn|4
|
|t:|1785127490
|switch|p2a: Raichu|Raichu-Mega-X, L50, M|68/100 brn
|detailschange|p1a: Blastoise|Blastoise-Mega, L50, M
|-mega|p1a: Blastoise|Blastoise|Blastoisinite
|move|p2b: Jolteon|Protect|p2b: Jolteon
|-singleturn|p2b: Jolteon|Protect
|move|p1b: Sinistcha|Matcha Gotcha|p2a: Raichu|[spread] p2a
|-activate|p2b: Jolteon|move: Protect
|-damage|p2a: Raichu|36/100 brn
|-heal|p1b: Sinistcha|13/100|[from] drain|[of] p2a: Raichu
|move|p1a: Blastoise|Water Spout|p2b: Jolteon|[spread] p2a
|-activate|p2b: Jolteon|move: Protect
|-damage|p2a: Raichu|0 fnt
|faint|p2a: Raichu
|
|-damage|p2b: Jolteon|47/100 brn|[from] brn
|upkeep
|
|t:|1785127518
|switch|p2a: Palafin|Palafin-Hero, L50, F|100/100
|-activate|p2a: Palafin|ability: Zero to Hero
|turn|5
|
|t:|1785127542
|switch|p2b: Talonflame|Talonflame, L50, M|2/100
|move|p2a: Palafin|Jet Punch|p1b: Sinistcha
|-resisted|p1b: Sinistcha|1
|-damage|p1b: Sinistcha|0 fnt
|faint|p1b: Sinistcha
|move|p1a: Blastoise|Water Spout|p2b: Talonflame|[spread] p2a,p2b
|-resisted|p2a: Palafin|1
|-supereffective|p2b: Talonflame|1
|-damage|p2a: Palafin|62/100
|-damage|p2b: Talonflame|0 fnt
|faint|p2b: Talonflame
|
|-fieldend|move: Trick Room
|-fieldend|move: Electric Terrain
|upkeep
|
|t:|1785127556
|switch|p2b: Jolteon|Jolteon, L50, F|47/100 brn
|switch|p1b: Incineroar|Incineroar, L50, F|63/100
|-ability|p1b: Incineroar|Intimidate|boost
|-unboost|p2a: Palafin|atk|1
|-unboost|p2b: Jolteon|atk|1
|turn|6
|
|t:|1785127565
|move|p2b: Jolteon|Protect|p2b: Jolteon
|-singleturn|p2b: Jolteon|Protect
|move|p2a: Palafin|Protect|p2a: Palafin
|-singleturn|p2a: Palafin|Protect
|move|p1b: Incineroar|Fake Out|p2b: Jolteon
|-activate|p2b: Jolteon|move: Protect
|move|p1a: Blastoise|Shell Smash|p1a: Blastoise
|-unboost|p1a: Blastoise|def|1
|-unboost|p1a: Blastoise|spd|1
|-boost|p1a: Blastoise|atk|2
|-boost|p1a: Blastoise|spa|2
|-boost|p1a: Blastoise|spe|2
|
|-damage|p2b: Jolteon|41/100 brn|[from] brn
|upkeep
|turn|7
|
|t:|1785127585
|move|p1a: Blastoise|Dark Pulse|p2b: Jolteon
|-damage|p2b: Jolteon|0 fnt
|faint|p2b: Jolteon
|move|p2a: Palafin|Wave Crash|p1b: Incineroar
|-supereffective|p1b: Incineroar|1
|-damage|p1b: Incineroar|0 fnt
|faint|p1b: Incineroar
|-damage|p2a: Palafin|40/100|[from] Recoil
|
|upkeep
|turn|8
|
|t:|1785127602
|move|p2a: Palafin|Jet Punch|p1a: Blastoise
|-resisted|p1a: Blastoise|1
|-damage|p1a: Blastoise|75/100
|move|p1a: Blastoise|Dark Pulse|p2a: Palafin
|-damage|p2a: Palafin|0 fnt
|faint|p2a: Palafin
|
|win|marillrag1
||marillrag1 is ready for game 2.
|inactive|AllySwitch24 has 30 seconds to confirm battle start!
||AllySwitch24 is ready for game 2.
|uhtml|next|Next: Game 2 of 3
|l|☆AllySwitch24
|player|p2|
