|j|☆marcosdeltasena31
|j|☆WilfredVGC
|html|marcosdeltasena31WilfredVGC    
|uhtml|bestof|Game 2 of a best-of-3
|t:|1755559594
|gametype|doubles
|player|p1|marcosdeltasena31|hilbert|1338
|player|p2|WilfredVGC|265|1267
|gen|9
|tier|[Gen 9] VGC 2025 Reg H (Bo3)
|rated|
|rule|Species Clause: Limit one of each Pokémon
|rule|Item Clause: Limit 1 of each item
|clearpoke
|poke|p1|Dragonite, L50, F|
|poke|p1|Sneasler, L50, F|
|poke|p1|Volcarona, L50, F|
|poke|p1|Rillaboom, L50, M|
|poke|p1|Kingambit, L50, F|
|poke|p1|Electabuzz, L50, F|
|poke|p2|Gholdengo, L50|
|poke|p2|Sneasler, L50, M|
|poke|p2|Rillaboom, L50, F|
|poke|p2|Dragonite, L50, F|
|poke|p2|Ninetales-Alola, L50, M|
|poke|p2|Arcanine-Hisui, L50, F|
|teampreview|4
|showteam|p1|Dragonite||LoadedDice|Multiscale|ScaleShot,ExtremeSpeed,Haze,Protect|||F|||50|,,,,,Fairy]Sneasler||FocusSash|PoisonTouch|DireClaw,CloseCombat,FakeOut,Coaching|||F|||50|,,,,,Ghost]Volcarona||CovertCloak|FlameBody|HeatWave,TeraBlast,QuiverDance,Protect|||F|||50|,,,,,Fairy]Rillaboom||AssaultVest|GrassySurge|WoodHammer,FakeOut,GrassyGlide,HighHorsepower|||M|||50|,,,,,Fire]Kingambit||BlackGlasses|Defiant|KowtowCleave,SwordsDance,SuckerPunch,Protect|||F|||50|,,,,,Dark]Electabuzz||Eviolite|VitalSpirit|Electroweb,FollowMe,Taunt,Protect|||F|||50|,,,,,Ghost
|showteam|p2|Gholdengo||GrassySeed|GoodasGold|NastyPlot,MakeItRain,ShadowBall,Protect||||||50|,,,,,Water]Sneasler||WhiteHerb|Unburden|CloseCombat,DireClaw,Coaching,Protect|||M|||50|,,,,,Ghost]Rillaboom||AssaultVest|GrassySurge|FakeOut,GrassyGlide,DrumBeating,HighHorsepower|||F|||50|,,,,,Fire]Dragonite||LoadedDice|Multiscale|ScaleShot,StompingTantrum,Tailwind,Protect|||F|||50|,,,,,Ground]Ninetales-Alola||FocusSash|SnowWarning|Blizzard,IcyWind,Encore,AuroraVeil|||M|||50|,,,,,Ghost]Arcanine-Hisui||ClearAmulet|Intimidate|RockSlide,FlareBlitz,ExtremeSpeed,Protect|||F|||50|,,,,,Water
|j| teamthief420
|
|t:|1755559630
|teamsize|p1|4
|teamsize|p2|4
|start
|switch|p1a: Dragonite|Dragonite, L50, F|100/100
|switch|p1b: Sneasler|Sneasler, L50, F|100/100
|switch|p2a: Ninetales|Ninetales-Alola, L50, M|100/100
|switch|p2b: Sneasler|Sneasler, L50, M|100/100
|-weather|Snowscape|[from] ability: Snow Warning|[of] p2a: Ninetales
|turn|1
|
|t:|1755559645
|move|p1b: Sneasler|Fake Out|p2a: Ninetales
|-damage|p2a: Ninetales|85/100
|cant|p2a: Ninetales|flinch
|move|p2b: Sneasler|Dire Claw|p1a: Dragonite
|-damage|p1a: Dragonite|77/100
|-status|p1a: Dragonite|psn
|move|p1a: Dragonite|Scale Shot|p2b: Sneasler|[miss]
|-miss|p1a: Dragonite|p2b: Sneasler
|
|-weather|Snowscape|[upkeep]
|-damage|p1a: Dragonite|65/100 psn|[from] psn
|upkeep
|turn|2
|
|t:|1755559659
|switch|p2a: Arcanine|Arcanine-Hisui, L50, F|100/100
|-ability|p2a: Arcanine|Intimidate|boost
|-unboost|p1a: Dragonite|atk|1
|-unboost|p1b: Sneasler|atk|1
|move|p1b: Sneasler|Dire Claw|p2a: Arcanine
|-resisted|p2a: Arcanine
|-damage|p2a: Arcanine|83/100
|move|p2b: Sneasler|Coaching|p2a: Arcanine
|-boost|p2a: Arcanine|atk|1
|-boost|p2a: Arcanine|def|1
|move|p1a: Dragonite|Scale Shot|p2b: Sneasler
|-damage|p2b: Sneasler|88/100
|-damage|p2b: Sneasler|76/100
|-damage|p2b: Sneasler|63/100
|-damage|p2b: Sneasler|50/100
|-hitcount|p2b: Sneasler|4
|-unboost|p1a: Dragonite|def|1
|-boost|p1a: Dragonite|spe|1
|
|-weather|Snowscape|[upkeep]
|-damage|p1a: Dragonite|53/100 psn|[from] psn
|upkeep
|turn|3
|
|t:|1755559674
|-terastallize|p2a: Arcanine|Water
|move|p1a: Dragonite|Protect|p1a: Dragonite
|-singleturn|p1a: Dragonite|Protect
|move|p1b: Sneasler|Close Combat|p2a: Arcanine
|-damage|p2a: Arcanine|46/100
|-unboost|p1b: Sneasler|def|1
|-unboost|p1b: Sneasler|spd|1
|move|p2b: Sneasler|Close Combat|p1b: Sneasler
|-resisted|p1b: Sneasler
|-damage|p1b: Sneasler|19/100
|-unboost|p2b: Sneasler|def|1
|-unboost|p2b: Sneasler|spd|1
|-enditem|p2b: Sneasler|White Herb
|-clearnegativeboost|p2b: Sneasler|[silent]
|move|p2a: Arcanine|Rock Slide|p1a: Dragonite|[spread] p1b
|-activate|p1a: Dragonite|move: Protect
|-resisted|p1b: Sneasler
|-damage|p1b: Sneasler|0 fnt
|faint|p1b: Sneasler
|
|-weather|Snowscape|[upkeep]
|-damage|p1a: Dragonite|41/100 psn|[from] psn
|upkeep
|
|t:|1755559687
|switch|p1b: Electabuzz|Electabuzz, L50, F|100/100
|turn|4
|
|t:|1755559696
|move|p1a: Dragonite|Extreme Speed|p2b: Sneasler
|-damage|p2b: Sneasler|23/100
|move|p2b: Sneasler|Dire Claw|p1a: Dragonite
|-damage|p1a: Dragonite|0 fnt
|faint|p1a: Dragonite
|move|p2a: Arcanine|Rock Slide|p1b: Electabuzz
|-damage|p1b: Electabuzz|62/100
|move|p1b: Electabuzz|Electroweb|p2a: Arcanine|[spread] p2a,p2b
|-supereffective|p2a: Arcanine
|-damage|p2a: Arcanine|14/100
|-damage|p2b: Sneasler|6/100
|-unboost|p2b: Sneasler|spe|1
|
|-weather|Snowscape|[upkeep]
|upkeep
|
|t:|1755559710
|switch|p1a: Kingambit|Kingambit, L50, F|100/100
|turn|5
|
|t:|1755559721
|move|p1a: Kingambit|Protect|p1a: Kingambit
|-singleturn|p1a: Kingambit|Protect
|move|p2a: Arcanine|Extreme Speed|p1b: Electabuzz
|-damage|p1b: Electabuzz|32/100
|move|p2b: Sneasler|Coaching|p2a: Arcanine
|-boost|p2a: Arcanine|atk|1
|-boost|p2a: Arcanine|def|1
|move|p1b: Electabuzz|Electroweb|p2a: Arcanine|[spread] p2a,p2b
|-supereffective|p2a: Arcanine
|-damage|p2a: Arcanine|0 fnt
|-damage|p2b: Sneasler|0 fnt
|faint|p2a: Arcanine
|faint|p2b: Sneasler
|
|-weather|none
|upkeep
|
|t:|1755559724
|switch|p2b: Ninetales|Ninetales-Alola, L50, M|85/100
|switch|p2a: Dragonite|Dragonite, L50, F|100/100
|-weather|Snowscape|[from] ability: Snow Warning|[of] p2b: Ninetales
|turn|6
|
|t:|1755559750
|move|p2b: Ninetales|Blizzard|p1b: Electabuzz|[spread] p1a,p1b
|-resisted|p1a: Kingambit
|-damage|p1a: Kingambit|87/100
|-damage|p1b: Electabuzz|9/100
|move|p2a: Dragonite|Stomping Tantrum|p1a: Kingambit
|-supereffective|p1a: Kingambit
|-damage|p1a: Kingambit|41/100
|move|p1b: Electabuzz|Electroweb|p2a: Dragonite|[spread] p2a,p2b
|-damage|p2a: Dragonite|93/100
|-damage|p2b: Ninetales|67/100
|-unboost|p2a: Dragonite|spe|1
|-unboost|p2b: Ninetales|spe|1
|move|p1a: Kingambit|Swords Dance|p1a: Kingambit
|-boost|p1a: Kingambit|atk|2
|
|-weather|Snowscape|[upkeep]
|upkeep
|turn|7
|
|t:|1755559769
|move|p1a: Kingambit|Sucker Punch|p2a: Dragonite
|-damage|p2a: Dragonite|0 fnt
|faint|p2a: Dragonite
|move|p1b: Electabuzz|Electroweb|p2b: Ninetales
|-damage|p2b: Ninetales|45/100
|-unboost|p2b: Ninetales|spe|1
|move|p2b: Ninetales|Blizzard|p1b: Electabuzz|[spread] p1a,p1b
|-resisted|p1a: Kingambit
|-damage|p1a: Kingambit|26/100
|-damage|p1b: Electabuzz|0 fnt
|faint|p1b: Electabuzz
|
|-weather|Snowscape|[upkeep]
|upkeep
|turn|8
|
|t:|1755559781
|move|p2b: Ninetales|Blizzard|p1a: Kingambit
|-resisted|p1a: Kingambit
|-damage|p1a: Kingambit|6/100
|move|p1a: Kingambit|Kowtow Cleave|p2b: Ninetales
|-resisted|p2b: Ninetales
|-damage|p2b: Ninetales|0 fnt
|faint|p2b: Ninetales
|
|win|marcosdeltasena31
|raw|marcosdeltasena31's rating: 1338 → 1354(+16 for winning)
|raw|WilfredVGC's rating: 1267 → 1247(-20 for losing)
