|j|☆Olciax34
|j|☆Baronismo
|html|Olciax34Baronismo    
|uhtml|bestof|Game 2 of a best-of-3
|t:|1784110141
|gametype|doubles
|player|p1|Olciax34|101|1201
|player|p2|Baronismo|depotagent|1294
|gen|9
|tier|[Gen 9 Champions] VGC 2026 Reg M-B (Bo3)
|rated|
|rule|Species Clause: Limit one of each Pokémon
|rule|Item Clause: Limit 1 of each item
|clearpoke
|poke|p1|Charizard, L50, F|
|poke|p1|Whimsicott, L50, M|
|poke|p1|Garchomp, L50, F|
|poke|p1|Incineroar, L50, F|
|poke|p1|Toxapex, L50, M|
|poke|p1|Floette-Eternal, L50, F|
|poke|p2|Froslass, L50, F|
|poke|p2|Dragonite, L50, F|
|poke|p2|Blaziken, L50, F|
|poke|p2|Incineroar, L50, M|
|poke|p2|Toxapex, L50, F|
|poke|p2|Kingambit, L50, F|
|teampreview|4
|showteam|p1|Charizard||CharizarditeY|SolarPower|HeatWave,WeatherBall,SolarBeam,Protect|Modest||F|||50|]Whimsicott||FocusSash|Prankster|Moonblast,Tailwind,Encore,Protect|Timid||M|||50|]Garchomp||LifeOrb|RoughSkin|Earthquake,DragonClaw,RockSlide,Protect|Jolly||F|||50|]Incineroar||SitrusBerry|Intimidate|FakeOut,ThroatChop,FlareBlitz,PartingShot|Careful||F|||50|]Toxapex||Leftovers|Regenerator|Toxic,Infestation,BanefulBunker,WideGuard|Bold||M|||50|]Floette-Eternal||Floettite|FlowerVeil|Moonblast,DrainingKiss,CalmMind,Protect|Modest||F|||50|
|showteam|p2|Froslass||Froslassite|SnowCloak|Blizzard,ShadowBall,AuroraVeil,Protect|Timid||F|||50|]Dragonite||LifeOrb|InnerFocus|DragonClaw,LowKick,ExtremeSpeed,Protect|Jolly||F|||50|]Blaziken||Blazikenite|SpeedBoost|FlareBlitz,CloseCombat,RockSlide,Protect|Adamant||F|||50|]Incineroar||SitrusBerry|Intimidate|FakeOut,FlareBlitz,ThroatChop,PartingShot|Careful||M|||50|]Toxapex||Leftovers|Regenerator|Toxic,Infestation,WideGuard,BanefulBunker|Bold||F|||50|]Kingambit||BlackGlasses|Defiant|KowtowCleave,SuckerPunch,IronHead,Protect|Adamant||F|||50|
|inactive|Battle timer is ON: inactive players will automatically lose when time's up. (requested by Olciax34)
|
|t:|1784110181
|teamsize|p1|4
|teamsize|p2|4
|start
|switch|p1a: Incineroar|Incineroar, L50, F|100/100
|switch|p1b: Floette|Floette-Eternal, L50, F|100/100
|switch|p2a: Dragonite|Dragonite, L50, F|100/100
|switch|p2b: Incineroar|Incineroar, L50, M|100/100
|-ability|p2b: Incineroar|Intimidate|boost
|-unboost|p1a: Incineroar|atk|1
|-unboost|p1b: Floette|atk|1
|-ability|p1a: Incineroar|Intimidate|boost
|-fail|p2a: Dragonite|unboost|Attack|[from] ability: Inner Focus|[of] p2a: Dragonite
|-unboost|p2b: Incineroar|atk|1
|turn|1
|
|t:|1784110203
|switch|p1a: Toxapex|Toxapex, L50, M|100/100
|move|p2a: Dragonite|Protect|p2a: Dragonite
|-singleturn|p2a: Dragonite|Protect
|move|p1b: Floette|Protect|p1b: Floette
|-singleturn|p1b: Floette|Protect
|move|p2b: Incineroar|Flare Blitz|p1b: Floette
|-activate|p1b: Floette|move: Protect
|
|upkeep
|turn|2
|
|t:|1784110225
|detailschange|p1b: Floette|Floette-Mega, L50, F
|-mega|p1b: Floette|Floette|Floettite
|-ability|p1b: Floette|Fairy Aura
|move|p2a: Dragonite|Dragon Claw|p1a: Toxapex
|-damage|p1a: Toxapex|63/100
|-damage|p2a: Dragonite|90/100|[from] item: Life Orb
|move|p1b: Floette|Calm Mind|p1b: Floette
|-boost|p1b: Floette|spa|1
|-boost|p1b: Floette|spd|1
|move|p2b: Incineroar|Parting Shot|p1b: Floette
|-unboost|p1b: Floette|atk|1
|-unboost|p1b: Floette|spa|1
|
|t:|1784110235
|switch|p2b: Kingambit|Kingambit, L50, F|100/100|[from] Parting Shot
|move|p1a: Toxapex|Infestation|p2a: Dragonite
|-resisted|p2a: Dragonite|1
|-damage|p2a: Dragonite|89/100
|-activate|p2a: Dragonite|move: Infestation|[of] p1a: Toxapex
|
|-heal|p1a: Toxapex|68/100|[from] item: Leftovers
|-damage|p2a: Dragonite|77/100|[from] move: Infestation|[partiallytrapped]
|upkeep
|turn|3
|
|t:|1784110258
|move|p2b: Kingambit|Protect|p2b: Kingambit
|-singleturn|p2b: Kingambit|Protect
|move|p2a: Dragonite|Dragon Claw|p1a: Toxapex
|-damage|p1a: Toxapex|30/100
|-damage|p2a: Dragonite|67/100|[from] item: Life Orb
|move|p1b: Floette|Moonblast|p2a: Dragonite
|-supereffective|p2a: Dragonite|1
|-damage|p2a: Dragonite|0 fnt
|faint|p2a: Dragonite
|move|p1a: Toxapex|Infestation|p2b: Kingambit
|-activate|p2b: Kingambit|move: Protect
|
|-heal|p1a: Toxapex|36/100|[from] item: Leftovers
|upkeep
|
|t:|1784110268
|switch|p2a: Toxapex|Toxapex, L50, F|100/100
|turn|4
|inactive|Olciax34 has 30 seconds left.
|
|t:|1784110296
|move|p1b: Floette|Protect|p1b: Floette
|-singleturn|p1b: Floette|Protect
|move|p2b: Kingambit|Iron Head|p1b: Floette
|-activate|p1b: Floette|move: Protect
|move|p2a: Toxapex|Infestation|p1a: Toxapex
|-resisted|p1a: Toxapex|1
|-damage|p1a: Toxapex|35/100
|-activate|p1a: Toxapex|move: Infestation|[of] p2a: Toxapex
|move|p1a: Toxapex|Infestation|p2b: Kingambit
|-damage|p2b: Kingambit|96/100
|-activate|p2b: Kingambit|move: Infestation|[of] p1a: Toxapex
|
|-heal|p1a: Toxapex|40/100|[from] item: Leftovers
|-damage|p2b: Kingambit|84/100|[from] move: Infestation|[partiallytrapped]
|-damage|p1a: Toxapex|28/100|[from] move: Infestation|[partiallytrapped]
|upkeep
|turn|5
|
|t:|1784110315
|move|p1b: Floette|Moonblast|p2b: Kingambit
|-damage|p2b: Kingambit|5/100
|move|p2b: Kingambit|Iron Head|p1b: Floette
|-supereffective|p1b: Floette|1
|-damage|p1b: Floette|5/100
|move|p1a: Toxapex|Infestation|p2a: Toxapex
|-resisted|p2a: Toxapex|1
|-damage|p2a: Toxapex|98/100
|-activate|p2a: Toxapex|move: Infestation|[of] p1a: Toxapex
|move|p2a: Toxapex|Infestation|p1b: Floette
|-resisted|p1b: Floette|1
|-damage|p1b: Floette|5/100
|-activate|p1b: Floette|move: Infestation|[of] p2a: Toxapex
|
|-heal|p2a: Toxapex|100/100|[from] item: Leftovers
|-heal|p1a: Toxapex|34/100|[from] item: Leftovers
|-damage|p1b: Floette|0 fnt|[from] move: Infestation|[partiallytrapped]
|faint|p1b: Floette
|-damage|p2b: Kingambit|0 fnt|[from] move: Infestation|[partiallytrapped]
|faint|p2b: Kingambit
|-damage|p2a: Toxapex|87/100|[from] move: Infestation|[partiallytrapped]
|-damage|p1a: Toxapex|22/100|[from] move: Infestation|[partiallytrapped]
|upkeep
|inactive|Olciax34 has 30 seconds left.
|
|t:|1784110342
|switch|p1b: Incineroar|Incineroar, L50, F|100/100
|switch|p2b: Incineroar|Incineroar, L50, M|100/100
|-ability|p2b: Incineroar|Intimidate|boost
|-unboost|p1a: Toxapex|atk|1
|-unboost|p1b: Incineroar|atk|1
|-ability|p1b: Incineroar|Intimidate|boost
|-unboost|p2a: Toxapex|atk|1
|-unboost|p2b: Incineroar|atk|1
|turn|6
|
|t:|1784110352
|move|p1a: Toxapex|Baneful Bunker|p1a: Toxapex
|-singleturn|p1a: Toxapex|move: Protect
|move|p2b: Incineroar|Fake Out|p1b: Incineroar
|-damage|p1b: Incineroar|93/100
|cant|p1b: Incineroar|flinch
|move|p2a: Toxapex|Infestation|p1b: Incineroar
|-damage|p1b: Incineroar|91/100
|-activate|p1b: Incineroar|move: Infestation|[of] p2a: Toxapex
|
|-heal|p2a: Toxapex|93/100|[from] item: Leftovers
|-heal|p1a: Toxapex|28/100|[from] item: Leftovers
|-damage|p1b: Incineroar|78/100|[from] move: Infestation|[partiallytrapped]
|-damage|p1a: Toxapex|15/100|[from] move: Infestation|[partiallytrapped]
|-damage|p2a: Toxapex|81/100|[from] move: Infestation|[partiallytrapped]
|upkeep
|turn|7
|inactive|Olciax34 has 30 seconds left.
|
|t:|1784110379
|move|p2b: Incineroar|Throat Chop|p1b: Incineroar
|-resisted|p1b: Incineroar|1
|-damage|p1b: Incineroar|69/100
|-start|p1b: Incineroar|Throat Chop|[silent]
|cant|p1b: Incineroar|move: Throat Chop
|move|p1a: Toxapex|Toxic|p2b: Incineroar
|-status|p2b: Incineroar|tox
|move|p2a: Toxapex|Toxic|p1b: Incineroar
|-status|p1b: Incineroar|tox
|
|-heal|p2a: Toxapex|87/100|[from] item: Leftovers
|-heal|p1a: Toxapex|21/100|[from] item: Leftovers
|-damage|p2b: Incineroar|94/100 tox|[from] psn
|-damage|p1b: Incineroar|63/100 tox|[from] psn
|-damage|p1b: Incineroar|50/100g tox|[from] move: Infestation|[partiallytrapped]
|-damage|p1a: Toxapex|9/100|[from] move: Infestation|[partiallytrapped]
|-damage|p2a: Toxapex|75/100|[from] move: Infestation|[partiallytrapped]
|upkeep
|turn|8
|inactive|Olciax34 has 30 seconds left.
|
|t:|1784110404
|move|p2a: Toxapex|Baneful Bunker|p2a: Toxapex
|-singleturn|p2a: Toxapex|move: Protect
|move|p2b: Incineroar|Throat Chop|p1a: Toxapex
|-damage|p1a: Toxapex|0 fnt
|faint|p1a: Toxapex
|move|p1b: Incineroar|Throat Chop|p2a: Toxapex
|-activate|p2a: Toxapex|move: Protect
|
|-heal|p2a: Toxapex|80/100|[from] item: Leftovers
|-damage|p2b: Incineroar|82/100 tox|[from] psn
|-damage|p1b: Incineroar|39/100 tox|[from] psn
|-damage|p1b: Incineroar|26/100 tox|[from] move: Infestation|[partiallytrapped]
|-end|p2a: Toxapex|Infestation|[partiallytrapped]|[silent]
|-end|p1b: Incineroar|Throat Chop|[silent]
|upkeep
|-enditem|p1b: Incineroar|Sitrus Berry|[eat]
|-heal|p1b: Incineroar|51/100 tox|[from] item: Sitrus Berry
|
|t:|1784110419
|switch|p1a: Garchomp|Garchomp, L50, F|100/100
|turn|9
|
|t:|1784110429
|move|p2a: Toxapex|Wide Guard|p2a: Toxapex
|-singleturn|p2a: Toxapex|Wide Guard
|move|p1a: Garchomp|Earthquake|p2b: Incineroar|[spread] p1b
|-activate|p2a: Toxapex|move: Wide Guard
|-activate|p2b: Incineroar|move: Wide Guard
|-supereffective|p1b: Incineroar|1
|-damage|p1b: Incineroar|0 fnt
|faint|p1b: Incineroar
|-damage|p1a: Garchomp|90/100|[from] item: Life Orb
|move|p2b: Incineroar|Parting Shot|p1a: Garchomp
|-unboost|p1a: Garchomp|atk|1
|-unboost|p1a: Garchomp|spa|1
|
|-heal|p2a: Toxapex|86/100|[from] item: Leftovers
|-damage|p2b: Incineroar|64/100 tox|[from] psn
|upkeep
|turn|10
|
|t:|1784110446
|move|p2a: Toxapex|Wide Guard|p2a: Toxapex
|-singleturn|p2a: Toxapex|Wide Guard
|move|p1a: Garchomp|Dragon Claw|p2a: Toxapex
|-damage|p2a: Toxapex|61/100
|-damage|p1a: Garchomp|80/100|[from] item: Life Orb
|move|p2b: Incineroar|Parting Shot|p1a: Garchomp
|-unboost|p1a: Garchomp|atk|1
|-unboost|p1a: Garchomp|spa|1
|
|-heal|p2a: Toxapex|67/100|[from] item: Leftovers
|-damage|p2b: Incineroar|40/100 tox|[from] psn
|upkeep
|-enditem|p2b: Incineroar|Sitrus Berry|[eat]
|-heal|p2b: Incineroar|65/100 tox|[from] item: Sitrus Berry
|turn|11
|
|t:|1784110462
|move|p1a: Garchomp|Earthquake|p2a: Toxapex|[spread] p2a,p2b
|-supereffective|p2a: Toxapex|1
|-supereffective|p2b: Incineroar|1
|-damage|p2a: Toxapex|32/100
|-damage|p2b: Incineroar|17/100 tox
|-damage|p1a: Garchomp|70/100|[from] item: Life Orb
|move|p2b: Incineroar|Parting Shot|p1a: Garchomp
|-unboost|p1a: Garchomp|atk|1
|-unboost|p1a: Garchomp|spa|1
|move|p2a: Toxapex|Toxic|p1a: Garchomp
|-status|p1a: Garchomp|tox
|
|-heal|p2a: Toxapex|38/100|[from] item: Leftovers
|-damage|p1a: Garchomp|64/100 tox|[from] psn
|-damage|p2b: Incineroar|0 fnt|[from] psn
|faint|p2b: Incineroar
|upkeep
|turn|12
|
|t:|1784110478
|move|p2a: Toxapex|Baneful Bunker|p2a: Toxapex
|-singleturn|p2a: Toxapex|move: Protect
|move|p1a: Garchomp|Dragon Claw|p2a: Toxapex
|-activate|p2a: Toxapex|move: Protect
|
|-heal|p2a: Toxapex|43/100|[from] item: Leftovers
|-damage|p1a: Garchomp|52/100 tox|[from] psn
|upkeep
|turn|13
|
|t:|1784110488
|move|p2a: Toxapex|Wide Guard|p2a: Toxapex
|-singleturn|p2a: Toxapex|Wide Guard
|move|p1a: Garchomp|Dragon Claw|p2a: Toxapex
|-damage|p2a: Toxapex|28/100
|-damage|p1a: Garchomp|43/100 tox|[from] item: Life Orb
|
|-heal|p2a: Toxapex|33/100|[from] item: Leftovers
|-damage|p1a: Garchomp|25/100 tox|[from] psn
|upkeep
|turn|14
|
|t:|1784110500
|move|p2a: Toxapex|Wide Guard|p2a: Toxapex
|-singleturn|p2a: Toxapex|Wide Guard
|move|p1a: Garchomp|Dragon Claw|p2a: Toxapex
|-damage|p2a: Toxapex|17/100
|-damage|p1a: Garchomp|15/100 tox|[from] item: Life Orb
|
|-heal|p2a: Toxapex|23/100|[from] item: Leftovers
|-damage|p1a: Garchomp|0 fnt|[from] psn
|faint|p1a: Garchomp
|
|win|Baronismo
||Baronismo is ready for game 3.
||Olciax34 is ready for game 3.
|uhtml|next|Next: Game 3 of 3
|l|☆Baronismo
|player|p2|
