|j|â˜†ToastedArt
|j|â˜†AbacusStabacus
|html|ToastedArtAbacusStabacus    
|uhtml|bestof|Game 1 of a best-of-3
|t:|1785970655
|gametype|doubles
|player|p1|ToastedArt|iris|1146
|player|p2|AbacusStabacus|265|1204
|gen|9
|tier|[Gen 9 Champions] VGC 2026 Reg M-B (Bo3)
|rated|
|rule|Species Clause: Limit one of each PokÃ©mon
|rule|Item Clause: Limit 1 of each item
|clearpoke
|poke|p1|Staraptor, L50, F|
|poke|p1|Whimsicott, L50, M|
|poke|p1|Gholdengo, L50|
|poke|p1|Sinistcha, L50|
|poke|p1|Arcanine-Hisui, L50, F|
|poke|p1|Zoroark-Hisui, L50, M|
|poke|p2|Chandelure, L50, F|
|poke|p2|Sinistcha, L50|
|poke|p2|Torkoal, L50, F|
|poke|p2|Rotom-Wash, L50|
|poke|p2|Tyranitar, L50, M|
|poke|p2|Grimmsnarl, L50, M|
|teampreview|4
|showteam|p1|Staraptor||Staraptite|Intimidate|CloseCombat,BraveBird,Roost,Protect|Jolly||F|||50|]Whimsicott||OccaBerry|Prankster|Encore,Tailwind,Charm,Moonblast|Timid||M|||50|]Gholdengo||LifeOrb|GoodasGold|MakeItRain,ShadowBall,NastyPlot,Protect|Modest|||||50|]Sinistcha||ColburBerry|Hospitality|MatchaGotcha,RagePowder,TrickRoom,Protect|Relaxed|||||50|]Arcanine-Hisui||FocusSash|RockHead|FlareBlitz,HeadSmash,ExtremeSpeed,Protect|Jolly||F|||50|]Zoroark-Hisui||SpellTag|Illusion|ShadowBall,IcyWind,WillOWisp,FakeTears|Timid||M|||50|
|showteam|p2|Chandelure||Chandelurite|FlashFire|HeatWave,ShadowBall,EnergyBall,Protect|Modest||F|||50|]Sinistcha||FocusSash|Heatproof|MatchaGotcha,TrickRoom,ShadowBall,RagePowder|Quiet|||||50|]Torkoal||Charcoal|Drought|Eruption,HeatWave,SolarBeam,Protect|Quiet||F|||50|]Rotom-Wash||LifeOrb|Levitate|HydroPump,VoltSwitch,Protect,Thunderbolt|Quiet|||||50|]Tyranitar||Tyranitarite|SandStream|IcePunch,RockSlide,HighHorsepower,Protect|Adamant||M|||50|]Grimmsnarl||LightClay|Prankster|FakeOut,LightScreen,ThroatChop,PartingShot|Adamant||M|||50|
|inactive|Battle timer is ON: inactive players will automatically lose when time's up. (requested by ToastedArt)
|inactive|ToastedArt has 60 seconds left.
|
|t:|1785970693
|teamsize|p1|4
|teamsize|p2|4
|start
|switch|p1a: Staraptor|Staraptor, L50, F|100/100
|switch|p1b: Arcanine|Arcanine-Hisui, L50, F|100/100
|switch|p2a: Sinistcha|Sinistcha, L50|100/100
|switch|p2b: Grimmsnarl|Grimmsnarl, L50, M|100/100
|-ability|p1a: Staraptor|Intimidate|boost
|-unboost|p2a: Sinistcha|atk|1
|-unboost|p2b: Grimmsnarl|atk|1
|turn|1
|
|t:|1785970712
|switch|p1b: Pickle Cup|Sinistcha, L50|100/100
|detailschange|p1a: Staraptor|Staraptor-Mega, L50, F
|-mega|p1a: Staraptor|Staraptor|Staraptite
|move|p2b: Grimmsnarl|Fake Out|p1a: Staraptor
|-damage|p1a: Staraptor|90/100
|cant|p1a: Staraptor|flinch
|move|p2a: Sinistcha|Trick Room|p2a: Sinistcha
|-fieldstart|move: Trick Room|[of] p2a: Sinistcha
|
|upkeep
|turn|2
|
|t:|1785970729
|move|p2b: Grimmsnarl|Throat Chop|p1b: Pickle Cup
|-supereffective|p1b: Pickle Cup|1
|-enditem|p1b: Pickle Cup|Colbur Berry|[eat]
|-enditem|p1b: Pickle Cup|Colbur Berry|[weaken]
|-damage|p1b: Pickle Cup|73/100
|-start|p1b: Pickle Cup|Throat Chop|[silent]
|move|p2a: Sinistcha|Shadow Ball|p1b: Pickle Cup
|-supereffective|p1b: Pickle Cup|1
|-crit|p1b: Pickle Cup
|-damage|p1b: Pickle Cup|0 fnt
|faint|p1b: Pickle Cup
|move|p1a: Staraptor|Close Combat|p2b: Grimmsnarl
|-damage|p2b: Grimmsnarl|26/100
|-boost|p1a: Staraptor|def|1
|-boost|p1a: Staraptor|spd|1
|
|upkeep
|
|t:|1785970741
|switch|p1b: Gholdengo|Gholdengo, L50|100/100
|turn|3
|
|t:|1785970756
|move|p2b: Grimmsnarl|Throat Chop|p1b: Gholdengo
|-supereffective|p1b: Gholdengo|1
|-crit|p1b: Gholdengo
|-damage|p1b: Gholdengo|0 fnt
|faint|p1b: Gholdengo
|move|p2a: Sinistcha|Shadow Ball|p1a: Staraptor
|-damage|p1a: Staraptor|60/100
|move|p1a: Staraptor|Close Combat|p2b: Grimmsnarl
|-damage|p2b: Grimmsnarl|0 fnt
|-boost|p1a: Staraptor|def|1
|-boost|p1a: Staraptor|spd|1
|faint|p2b: Grimmsnarl
|
|upkeep
|
|t:|1785970769
|switch|p2b: Torkoal|Torkoal, L50, F|100/100
|switch|p1b: Arcanine|Arcanine-Hisui, L50, F|100/100
|-weather|SunnyDay|[from] ability: Drought|[of] p2b: Torkoal
|turn|4
|
|t:|1785970780
|move|p1a: Staraptor|Protect|p1a: Staraptor
|-singleturn|p1a: Staraptor|Protect
|move|p2b: Torkoal|Eruption|p1a: Staraptor|[spread] p1b
|-activate|p1a: Staraptor|move: Protect
|-resisted|p1b: Arcanine|2
|-damage|p1b: Arcanine|72/100
|move|p2a: Sinistcha|Shadow Ball|p1a: Staraptor
|-activate|p1a: Staraptor|move: Protect
|move|p1b: Arcanine|Flare Blitz|p2a: Sinistcha
|-supereffective|p2a: Sinistcha|1
|-damage|p2a: Sinistcha|22/100
|-status|p2a: Sinistcha|brn
|
|-weather|SunnyDay|[upkeep]
|-damage|p2a: Sinistcha|19/100 brn|[from] brn
|upkeep
|turn|5
|
|t:|1785970798
|move|p1b: Arcanine|Protect|p1b: Arcanine
|-singleturn|p1b: Arcanine|Protect
|move|p2b: Torkoal|Eruption|p1b: Arcanine|[spread] p1a
|-activate|p1b: Arcanine|move: Protect
|-damage|p1a: Staraptor|14/100
|move|p2a: Sinistcha|Shadow Ball|p1a: Staraptor
|-damage|p1a: Staraptor|0 fnt
|faint|p1a: Staraptor
|
|-weather|SunnyDay|[upkeep]
|-damage|p2a: Sinistcha|16/100 brn|[from] brn
|-fieldend|move: Trick Room
|upkeep
|turn|6
|
|t:|1785970812
|move|p1b: Arcanine|Head Smash|p2b: Torkoal|[miss]
|-miss|p1b: Arcanine|p2b: Torkoal
|move|p2a: Sinistcha|Shadow Ball|p1b: Arcanine
|-damage|p1b: Arcanine|19/100
|move|p2b: Torkoal|Solar Beam||[still]
|-prepare|p2b: Torkoal|Solar Beam
|-anim|p2b: Torkoal|Solar Beam|p1b: Arcanine
|-crit|p1b: Arcanine
|-damage|p1b: Arcanine|0 fnt
|faint|p1b: Arcanine
|
|win|AbacusStabacus
