|j|☆Qaiseasy
|j|☆toqjosh
|html|Qaiseasytoqjosh    
|uhtml|bestof|Game 2 of a best-of-3
|t:|1784814048
|gametype|doubles
|player|p1|Qaiseasy|102|1196
|player|p2|toqjosh|pokemonranger-gen4|1066
|gen|9
|tier|[Gen 9 Champions] VGC 2026 Reg M-B (Bo3)
|rated|
|rule|Species Clause: Limit one of each Pokémon
|rule|Item Clause: Limit 1 of each item
|clearpoke
|poke|p1|Charizard, L50, M|
|poke|p1|Whimsicott, L50, F|
|poke|p1|Garchomp, L50, F|
|poke|p1|Glimmora, L50, F|
|poke|p1|Basculegion, L50, M|
|poke|p1|Sylveon, L50, F|
|poke|p2|Slowbro, L50, F|
|poke|p2|Decidueye-Hisui, L50, M|
|poke|p2|Sinistcha, L50|
|poke|p2|Incineroar, L50, F|
|poke|p2|Farigiraf, L50, M|
|poke|p2|Ampharos, L50, M|
|teampreview|4
|showteam|p1|Charizard||CharizarditeY|Blaze|HeatWave,WeatherBall,SolarBeam,Protect|Modest||M|||50|]Whimsicott||FocusSash|Prankster|Moonblast,Tailwind,Encore,Protect|Timid||F|||50|]Garchomp||LifeOrb|RoughSkin|Earthquake,DragonClaw,RockSlide,Protect|Jolly||F|||50|]Glimmora||Glimmoranite|ToxicDebris|PowerGem,SludgeBomb,EarthPower,SpikyShield|Timid||F|||50|]Basculegion||ChoiceScarf|Adaptability|WaveCrash,LastRespects,FlipTurn,AquaJet|Jolly||M|||50|]Sylveon||FairyFeather|Pixilate|HyperVoice,HyperBeam,QuickAttack,Detect|Modest||F|||50|
|showteam|p2|Slowbro||Slowbronite|Regenerator|SlackOff,Protect,BodyPress,Scald|Bold||F|||50|]Decidueye-Hisui||LifeOrb|Scrappy|TripleArrows,LeafBlade,Protect,ShadowSneak|Adamant||M|||50|]Sinistcha||SitrusBerry|Hospitality|MatchaGotcha,RagePowder,TrickRoom,LifeDew|Calm|||||50|]Incineroar||ShucaBerry|Intimidate|PartingShot,FakeOut,ThroatChop,Protect|Impish||F|||50|]Farigiraf||ColburBerry|ArmorTail|TwinBeam,TrickRoom,HelpingHand,Protect|Bold||M|||50|]Ampharos||Ampharosite|Static|DazzlingGleam,Thunderbolt,Protect,DragonPulse|Modest||M|||50|
|
|t:|1784814086
|teamsize|p1|4
|teamsize|p2|4
|start
|switch|p1a: Garchomp|Garchomp, L50, F|100/100
|switch|p1b: Sylveon|Sylveon, L50, F|100/100
|switch|p2a: Farigiraf|Farigiraf, L50, M|100/100
|switch|p2b: Ampharos|Ampharos, L50, M|100/100
|turn|1
|inactive|Battle timer is ON: inactive players will automatically lose when time's up. (requested by toqjosh)
|
|t:|1784814098
|detailschange|p2b: Ampharos|Ampharos-Mega, L50, M
|-mega|p2b: Ampharos|Ampharos|Ampharosite
|-ability|p2b: Ampharos|Mold Breaker
|move|p2b: Ampharos|Protect|p2b: Ampharos
|-singleturn|p2b: Ampharos|Protect
|move|p1a: Garchomp|Earthquake|p2b: Ampharos|[spread] p1b,p2a
|-activate|p2b: Ampharos|move: Protect
|-damage|p1b: Sylveon|54/100
|-damage|p2a: Farigiraf|55/100
|-damage|p1a: Garchomp|90/100|[from] item: Life Orb
|move|p1b: Sylveon|Hyper Beam|p2a: Farigiraf
|-damage|p2a: Farigiraf|0 fnt
|-mustrecharge|p1b: Sylveon
|faint|p2a: Farigiraf
|
|upkeep
|
|t:|1784814116
|switch|p2a: Incineroar|Incineroar, L50, F|100/100
|-ability|p2a: Incineroar|Intimidate|boost
|-unboost|p1a: Garchomp|atk|1
|-unboost|p1b: Sylveon|atk|1
|turn|2
|
|t:|1784814129
|move|p1a: Garchomp|Protect|p1a: Garchomp
|-singleturn|p1a: Garchomp|Protect
|move|p2a: Incineroar|Fake Out|p1a: Garchomp
|-activate|p1a: Garchomp|move: Protect
|cant|p1b: Sylveon|recharge
|move|p2b: Ampharos|Dragon Pulse|p1a: Garchomp
|-activate|p1a: Garchomp|move: Protect
|
|upkeep
|turn|3
|
|t:|1784814148
|move|p2b: Ampharos|Protect|p2b: Ampharos
|-singleturn|p2b: Ampharos|Protect
|move|p1a: Garchomp|Earthquake|p2a: Incineroar|[spread] p1b,p2a
|-activate|p2b: Ampharos|move: Protect
|-supereffective|p2a: Incineroar|1
|-enditem|p2a: Incineroar|Shuca Berry|[eat]
|-enditem|p2a: Incineroar|Shuca Berry|[weaken]
|-damage|p1b: Sylveon|20/100y
|-damage|p2a: Incineroar|76/100
|-damage|p1a: Garchomp|80/100|[from] item: Life Orb
|move|p1b: Sylveon|Hyper Voice|p2b: Ampharos|[spread] p2a
|-activate|p2b: Ampharos|move: Protect
|-damage|p2a: Incineroar|38/100
|move|p2a: Incineroar|Throat Chop|p1b: Sylveon
|-resisted|p1b: Sylveon|1
|-damage|p1b: Sylveon|4/100
|-start|p1b: Sylveon|Throat Chop|[silent]
|
|upkeep
|turn|4
|
|t:|1784814168
|move|p1a: Garchomp|Dragon Claw|p2a: Incineroar
|-damage|p2a: Incineroar|9/100
|-damage|p1a: Garchomp|70/100|[from] item: Life Orb
|move|p1b: Sylveon|Hyper Beam|p2b: Ampharos
|-supereffective|p2b: Ampharos|1
|-damage|p2b: Ampharos|0 fnt
|-mustrecharge|p1b: Sylveon
|faint|p2b: Ampharos
|move|p2a: Incineroar|Parting Shot|p1a: Garchomp
|-unboost|p1a: Garchomp|atk|1
|-unboost|p1a: Garchomp|spa|1
|
|t:|1784814171
|switch|p2a: Decidueye|Decidueye-Hisui, L50, M|100/100|[from] Parting Shot
|
|-end|p1b: Sylveon|Throat Chop|[silent]
|upkeep
|
|t:|1784814173
|switch|p2b: Incineroar|Incineroar, L50, F|9/100
|-ability|p2b: Incineroar|Intimidate|boost
|-unboost|p1a: Garchomp|atk|1
|-unboost|p1b: Sylveon|atk|1
|turn|5
|
|t:|1784814183
|move|p1a: Garchomp|Protect|p1a: Garchomp
|-singleturn|p1a: Garchomp|Protect
|cant|p1b: Sylveon|recharge
|move|p2b: Incineroar|Parting Shot|p1a: Garchomp
|-activate|p1a: Garchomp|move: Protect
|move|p2a: Decidueye|Triple Arrows|p1a: Garchomp
|-activate|p1a: Garchomp|move: Protect
|
|upkeep
|turn|6
|inactive|Qaiseasy has 30 seconds left.
|
|t:|1784814214
|move|p2b: Incineroar|Protect|p2b: Incineroar
|-singleturn|p2b: Incineroar|Protect
|move|p1b: Sylveon|Quick Attack|p2a: Decidueye
|-supereffective|p2a: Decidueye|1
|-damage|p2a: Decidueye|86/100
|move|p2a: Decidueye|Shadow Sneak|p1b: Sylveon
|-damage|p1b: Sylveon|0 fnt
|faint|p1b: Sylveon
|-damage|p2a: Decidueye|76/100|[from] item: Life Orb
|move|p1a: Garchomp|Earthquake|p2a: Decidueye|[spread] p2a
|-activate|p2b: Incineroar|move: Protect
|-resisted|p2a: Decidueye|1
|-damage|p2a: Decidueye|66/100
|-damage|p1a: Garchomp|60/100|[from] item: Life Orb
|
|upkeep
|
|t:|1784814227
|switch|p1b: Glimmora|Glimmora, L50, F|100/100
|turn|7
|
|t:|1784814244
|detailschange|p1b: Glimmora|Glimmora-Mega, L50, F
|-mega|p1b: Glimmora|Glimmora|Glimmoranite
|move|p1a: Garchomp|Dragon Claw|p2b: Incineroar
|-damage|p2b: Incineroar|0 fnt
|faint|p2b: Incineroar
|-damage|p1a: Garchomp|50/100g|[from] item: Life Orb
|move|p1b: Glimmora|Sludge Bomb|p2a: Decidueye
|-supereffective|p2a: Decidueye|1
|-damage|p2a: Decidueye|0 fnt
|faint|p2a: Decidueye
|
|win|Qaiseasy
|raw|Qaiseasy's rating: 1196 → 1212(+16 for winning)
|raw|toqjosh's rating: 1066 → 1053(-13 for losing)
|l|☆toqjosh
|player|p2|
