|j|☆magnuschase2115
|j|☆Gabriellassabia
|html|magnuschase2115Gabriellassabia    
|uhtml|bestof|Game 1 of a best-of-3
|t:|1782311936
|gametype|doubles
|player|p1|magnuschase2115|265|1040
|player|p2|Gabriellassabia|hugh|1000
|gen|9
|tier|[Gen 9 Champions] VGC 2026 Reg M-B (Bo3)
|rated|
|rule|Species Clause: Limit one of each Pokémon
|rule|Item Clause: Limit 1 of each item
|clearpoke
|poke|p1|Swampert, L50, M|
|poke|p1|Floette-Eternal, L50, F|
|poke|p1|Sableye, L50, M|
|poke|p1|Archaludon, L50, F|
|poke|p1|Pelipper, L50, M, shiny|
|poke|p1|Basculegion, L50, M|
|poke|p2|Blaziken, L50, M, shiny|
|poke|p2|Gholdengo, L50, shiny|
|poke|p2|Grimmsnarl, L50, M, shiny|
|poke|p2|Aerodactyl, L50, M, shiny|
|poke|p2|Sinistcha-Masterpiece, L50, shiny|
|poke|p2|Milotic, L50, F, shiny|
|teampreview|4
|showteam|p1|Swampert||Swampertite|Torrent|WaveCrash,HighHorsepower,IcePunch,Protect|Adamant||M|||50|]Floette-Eternal||Floettite|FlowerVeil|Moonblast,DazzlingGleam,CalmMind,Protect|Modest||F|||50|]Sableye||LightClay|Prankster|WillOWisp,RainDance,Reflect,LightScreen|Calm||M|||50|]Archaludon||Leftovers|Stamina|FlashCannon,DragonPulse,ElectroShot,Protect|Modest||F|||50|]Pelipper||FocusSash|Drizzle|Tailwind,MuddyWater,Hurricane,Protect|Modest||M|||50|]Basculegion||MysticWater|Adaptability|WaveCrash,LastRespects,AquaJet,Protect|Adamant||M|||50|
|showteam|p2|Blaziken||Blazikenite|SpeedBoost|FlareBlitz,CloseCombat,RockSlide,Protect|Adamant||M|||50|]Gholdengo||LifeOrb|GoodasGold|MakeItRain,ShadowBall,Thunderbolt,Protect|Modest|||||50|]Grimmsnarl||LightClay|Prankster|LightScreen,Reflect,SpiritBreak,FakeOut|Impish||M|||50|]Aerodactyl||Aerodactylite|Unnerve|RockSlide,DualWingbeat,Tailwind,WideGuard|Adamant||M|||50|]Sinistcha-Masterpiece||BigRoot|Hospitality|MatchaGotcha,RagePowder,Protect,ShadowBall|Timid|||||50|]Milotic||Leftovers|Competitive|Scald,IceBeam,Hypnosis,Protect|Modest||F|||50|
|
|t:|1782311986
|teamsize|p1|4
|teamsize|p2|4
|start
|switch|p1a: Swampert|Swampert, L50, M|100/100
|switch|p1b: Sableye|Sableye, L50, M|100/100
|switch|p2a: Grimmsnarl|Grimmsnarl, L50, M, shiny|100/100
|switch|p2b: Gholdengo|Gholdengo, L50, shiny|100/100
|turn|1
|
|t:|1782312023
|move|p2b: Gholdengo|Protect|p2b: Gholdengo
|-singleturn|p2b: Gholdengo|Protect
|move|p1a: Swampert|Protect|p1a: Swampert
|-singleturn|p1a: Swampert|Protect
|move|p2a: Grimmsnarl|Reflect|p2a: Grimmsnarl
|-sidestart|p2: Gabriellassabia|Reflect
|move|p1b: Sableye|Rain Dance|p1b: Sableye
|-weather|RainDance
|
|-weather|RainDance|[upkeep]
|upkeep
|turn|2
|
|t:|1782312050
|detailschange|p1a: Swampert|Swampert-Mega, L50, M
|-mega|p1a: Swampert|Swampert|Swampertite
|move|p2a: Grimmsnarl|Light Screen|p2a: Grimmsnarl
|-sidestart|p2: Gabriellassabia|move: Light Screen
|move|p1b: Sableye|Light Screen|p1b: Sableye
|-sidestart|p1: magnuschase2115|move: Light Screen
|move|p1a: Swampert|High Horsepower|p2b: Gholdengo
|-supereffective|p2b: Gholdengo|1
|-damage|p2b: Gholdengo|12/100
|move|p2b: Gholdengo|Make It Rain|p1b: Sableye|[spread] p1a,p1b
|-resisted|p1a: Swampert|1
|-damage|p1a: Swampert|81/100
|-damage|p1b: Sableye|50/100g
|-unboost|p2b: Gholdengo|spa|2
|-damage|p2b: Gholdengo|2/100|[from] item: Life Orb
|
|-weather|RainDance|[upkeep]
|upkeep
|turn|3
|
|t:|1782312076
|switch|p2a: Sinistcha|Sinistcha-Masterpiece, L50, shiny|100/100
|-heal|p2b: Gholdengo|27/100|[from] ability: Hospitality|[of] p2a: Sinistcha
|move|p1a: Swampert|Protect|p1a: Swampert
|-singleturn|p1a: Swampert|Protect
|move|p2b: Gholdengo|Protect|p2b: Gholdengo
|-singleturn|p2b: Gholdengo|Protect
|move|p1b: Sableye|Reflect|p1b: Sableye
|-sidestart|p1: magnuschase2115|Reflect
|
|-weather|RainDance|[upkeep]
|upkeep
|turn|4
|
|t:|1782312116
|move|p1b: Sableye|Will-O-Wisp|p2a: Sinistcha
|-status|p2a: Sinistcha|brn
|move|p1a: Swampert|Wave Crash|p2b: Gholdengo
|-damage|p2b: Gholdengo|0 fnt
|faint|p2b: Gholdengo
|-damage|p1a: Swampert|73/100|[from] Recoil
|move|p2a: Sinistcha|Matcha Gotcha|p1a: Swampert|[spread] p1a,p1b
|-supereffective|p1a: Swampert|2
|-damage|p1a: Swampert|20/100y
|-damage|p1b: Sableye|31/100
|
|-weather|RainDance|[upkeep]
|-damage|p2a: Sinistcha|93/100 brn|[from] brn
|upkeep
|
|t:|1782312131
|switch|p2b: Grimmsnarl|Grimmsnarl, L50, M, shiny|100/100
|turn|5
|
|t:|1782312155
|switch|p1b: Archaludon|Archaludon, L50, F|100/100
|move|p1a: Swampert|Wave Crash|p2b: Grimmsnarl
|-damage|p2b: Grimmsnarl|31/100
|-damage|p1a: Swampert|0 fnt|[from] Recoil
|faint|p1a: Swampert
|move|p2a: Sinistcha|Matcha Gotcha|p1b: Archaludon
|-resisted|p1b: Archaludon|2
|-damage|p1b: Archaludon|94/100
|-heal|p2a: Sinistcha|97/100 brn|[from] drain|[of] p1b: Archaludon
|-status|p1b: Archaludon|brn
|-ability|p1b: Archaludon|Stamina|boost
|-boost|p1b: Archaludon|def|1
|move|p2b: Grimmsnarl|Spirit Break|p1b: Archaludon
|-damage|p1b: Archaludon|84/100 brn
|-unboost|p1b: Archaludon|spa|1
|-ability|p1b: Archaludon|Stamina|boost
|-boost|p1b: Archaludon|def|1
|
|-weather|none
|-heal|p1b: Archaludon|90/100 brn|[from] item: Leftovers
|-damage|p2a: Sinistcha|91/100 brn|[from] brn
|-damage|p1b: Archaludon|84/100 brn|[from] brn
|upkeep
|
|t:|1782312184
|switch|p1a: Sableye|Sableye, L50, M|31/100
|turn|6
|l|☆magnuschase2115
|player|p1|
|j|☆magnuschase2115
|player|p1|magnuschase2115|265|
|
|t:|1782312228
|move|p2a: Sinistcha|Rage Powder|p2a: Sinistcha
|-singleturn|p2a: Sinistcha|move: Rage Powder
|move|p1a: Sableye|Rain Dance|p1a: Sableye
|-weather|RainDance
|move|p1b: Archaludon|Flash Cannon|p2a: Sinistcha
|-damage|p2a: Sinistcha|66/100 brn
|move|p2b: Grimmsnarl|Spirit Break|p1a: Sableye
|-supereffective|p1a: Sableye|1
|-damage|p1a: Sableye|0 fnt
|faint|p1a: Sableye
|
|-weather|RainDance|[upkeep]
|-heal|p1b: Archaludon|90/100 brn|[from] item: Leftovers
|-damage|p2a: Sinistcha|60/100 brn|[from] brn
|-damage|p1b: Archaludon|84/100 brn|[from] brn
|upkeep
|
|t:|1782312240
|switch|p1a: Basculegion|Basculegion, L50, M|100/100
|turn|7
|
|t:|1782312262
|move|p2a: Sinistcha|Shadow Ball|p1a: Basculegion
|-supereffective|p1a: Basculegion|1
|-damage|p1a: Basculegion|51/100
|-unboost|p1a: Basculegion|spd|1
|move|p1a: Basculegion|Last Respects|p2a: Sinistcha
|-supereffective|p2a: Sinistcha|1
|-damage|p2a: Sinistcha|0 fnt
|faint|p2a: Sinistcha
|move|p1b: Archaludon|Flash Cannon|p2b: Grimmsnarl
|-supereffective|p2b: Grimmsnarl|1
|-damage|p2b: Grimmsnarl|0 fnt
|faint|p2b: Grimmsnarl
|
|-weather|RainDance|[upkeep]
|-heal|p1b: Archaludon|90/100 brn|[from] item: Leftovers
|-damage|p1b: Archaludon|84/100 brn|[from] brn
|upkeep
|
|t:|1782312271
|switch|p2b: Blaziken|Blaziken, L50, M, shiny|100/100
|turn|8
|
|t:|1782312299
|detailschange|p2b: Blaziken|Blaziken-Mega, L50, M, shiny
|-mega|p2b: Blaziken|Blaziken|Blazikenite
|move|p1a: Basculegion|Aqua Jet|p2b: Blaziken
|-supereffective|p2b: Blaziken|1
|-damage|p2b: Blaziken|5/100
|move|p2b: Blaziken|Close Combat|p1b: Archaludon
|-supereffective|p1b: Archaludon|1
|-damage|p1b: Archaludon|43/100 brn
|-unboost|p2b: Blaziken|def|1
|-unboost|p2b: Blaziken|spd|1
|-ability|p1b: Archaludon|Stamina|boost
|-boost|p1b: Archaludon|def|1
|move|p1b: Archaludon|Electro Shot||[still]
|-prepare|p1b: Archaludon|Electro Shot
|-boost|p1b: Archaludon|spa|1
|-anim|p1b: Archaludon|Electro Shot|p2b: Blaziken
|-damage|p2b: Blaziken|0 fnt
|faint|p2b: Blaziken
|
|win|magnuschase2115
|l|☆Gabriellassabia
|player|p2|
|inactive|magnuschase2115 has 30 seconds to confirm battle start!
|inactive|Gabriellassabia has 30 seconds to confirm battle start!
