|j|☆jugui0801
|j|☆Bridaine 31
|html|jugui0801Bridaine 31    
|uhtml|bestof|Game 1 of a best-of-3
|t:|1756271529
|gametype|doubles
|player|p1|jugui0801|riley|1102
|player|p2|Bridaine 31|firebreather|1000
|gen|9
|tier|[Gen 9] VGC 2025 Reg H (Bo3)
|rated|
|rule|Species Clause: Limit one of each Pokémon
|rule|Item Clause: Limit 1 of each item
|clearpoke
|poke|p1|Toxtricity, L50, F|
|poke|p1|Murkrow, L50, M|
|poke|p1|Dragapult, L50, F|
|poke|p1|Sneasler, L50, F|
|poke|p1|Indeedee, L50, M|
|poke|p1|Incineroar, L50, F|
|poke|p2|Frosmoth, L50, F|
|poke|p2|Volcarona, L50, M|
|poke|p2|Ninetales-Alola, L50, M|
|poke|p2|Garchomp, L50, M|
|poke|p2|Incineroar, L50, M|
|poke|p2|Rillaboom, L50, M|
|teampreview|4
|showteam|p1|Toxtricity||ChoiceSpecs|PunkRock|Overdrive,SludgeBomb,PsychicNoise,Boomburst|||F|||50|,,,,,Normal]Murkrow||Eviolite|Prankster|Tailwind,SunnyDay,RainDance,FoulPlay|||M|||50|,,,,,Dark]Dragapult||ChoiceBand|ClearBody|PhantomForce,DragonDarts,Uturn,TeraBlast|||F|||50|,,,,,Ghost]Sneasler||PsychicSeed|Unburden|DireClaw,CloseCombat,Protect,ThroatChop|||F|||50|,,,,,Stellar]Indeedee||FocusSash|PsychicSurge|ExpandingForce,Protect,DazzlingGleam,ShadowBall|||M|||50|,,,,,Psychic]Incineroar||SitrusBerry|Intimidate|FlareBlitz,FakeOut,KnockOff,PartingShot|||F|||50|,,,,,Bug
|showteam|p2|Frosmoth||Leftovers|IceScales|QuiverDance,Blizzard,TeraBlast,WideGuard|||F|||50|,,,,,Water]Volcarona||RockyHelmet|FlameBody|RagePowder,HeatWave,WillOWisp,StruggleBug|||M|||50|,,,,,Steel]Ninetales-Alola||LifeOrb|SnowWarning|FreezeDry,IcyWind,Moonblast,AuroraVeil|||M|||50|,,,,,Ghost]Garchomp||ClearAmulet|RoughSkin|StompingTantrum,BreakingSwipe,RockSlide,Protect|||M|||50|,,,,,Fire]Incineroar||SitrusBerry|Intimidate|FakeOut,FlareBlitz,KnockOff,PartingShot|||M|||50|,,,,,Ghost]Rillaboom||AssaultVest|GrassySurge|FakeOut,WoodHammer,GrassyGlide,HighHorsepower|||M|||50|,,,,,Fire
|
|t:|1756271582
|teamsize|p1|4
|teamsize|p2|4
|start
|switch|p1a: Sneasler|Sneasler, L50, F|100/100
|switch|p1b: Incineroar|Incineroar, L50, F|100/100
|switch|p2a: Frosmoth|Frosmoth, L50, F, shiny|100/100
|switch|p2b: Ninetales|Ninetales-Alola, L50, M, shiny|100/100
|-weather|Snowscape|[from] ability: Snow Warning|[of] p2b: Ninetales
|-ability|p1b: Incineroar|Intimidate|boost
|-unboost|p2a: Frosmoth|atk|1
|-unboost|p2b: Ninetales|atk|1
|turn|1
|inactive|Battle timer is ON: inactive players will automatically lose when time's up. (requested by jugui0801)
|
|t:|1756271610
|-terastallize|p2b: Ninetales|Ghost
|move|p1a: Sneasler|Dire Claw|p2b: Ninetales
|-resisted|p2b: Ninetales
|-damage|p2b: Ninetales|71/100
|-status|p2b: Ninetales|par
|move|p2a: Frosmoth|Quiver Dance|p2a: Frosmoth
|-boost|p2a: Frosmoth|spa|1
|-boost|p2a: Frosmoth|spd|1
|-boost|p2a: Frosmoth|spe|1
|cant|p2b: Ninetales|par
|move|p1b: Incineroar|Knock Off|p2a: Frosmoth
|-damage|p2a: Frosmoth|70/100
|-enditem|p2a: Frosmoth|Leftovers|[from] move: Knock Off|[of] p1b: Incineroar
|
|-weather|Snowscape|[upkeep]
|upkeep
|turn|2
|inactive|jugui0801 has 30 seconds left.
|inactive|Bridaine 31 has 30 seconds left.
|l|☆jugui0801
|inactive|jugui0801 disconnected and has a minute to reconnect!
|player|p1|
|j|☆jugui0801
|inactive|jugui0801 reconnected and has 25 seconds left.
|player|p1|jugui0801|riley|
|inactive|jugui0801 has 20 seconds left.
|inactive|jugui0801 has 15 seconds left.
|
|t:|1756271654
|move|p1a: Sneasler|Dire Claw|p2a: Frosmoth
|-damage|p2a: Frosmoth|41/100
|move|p2a: Frosmoth|Quiver Dance|p2a: Frosmoth
|-boost|p2a: Frosmoth|spa|1
|-boost|p2a: Frosmoth|spd|1
|-boost|p2a: Frosmoth|spe|1
|move|p2b: Ninetales|Aurora Veil|p2b: Ninetales
|-sidestart|p2: Bridaine 31|move: Aurora Veil
|move|p1b: Incineroar|Knock Off|p2b: Ninetales
|-supereffective|p2b: Ninetales
|-damage|p2b: Ninetales|0 fnt
|-enditem|p2b: Ninetales|Life Orb|[from] move: Knock Off|[of] p1b: Incineroar
|faint|p2b: Ninetales
|
|-weather|Snowscape|[upkeep]
|upkeep
|
|t:|1756271667
|switch|p2b: Incineroar|Incineroar, L50, M, shiny|100/100
|-ability|p2b: Incineroar|Intimidate|boost
|-unboost|p1a: Sneasler|atk|1
|-unboost|p1b: Incineroar|atk|1
|turn|3
|
|t:|1756271680
|move|p1a: Sneasler|Protect|p1a: Sneasler
|-singleturn|p1a: Sneasler|Protect
|move|p2b: Incineroar|Fake Out|p1a: Sneasler
|-activate|p1a: Sneasler|move: Protect
|move|p2a: Frosmoth|Blizzard|p1b: Incineroar|[spread] p1b
|-activate|p1a: Sneasler|move: Protect
|-resisted|p1b: Incineroar
|-damage|p1b: Incineroar|68/100
|move|p1b: Incineroar|Parting Shot|p2a: Frosmoth
|-unboost|p2a: Frosmoth|atk|1
|-unboost|p2a: Frosmoth|spa|1
|
|t:|1756271695
|switch|p1b: Murkrow|Murkrow, L50, M|100/100|[from] Parting Shot
|
|-weather|Snowscape|[upkeep]
|upkeep
|turn|4
|inactive|jugui0801 has 30 seconds left.
|
|t:|1756271722
|switch|p1a: Incineroar|Incineroar, L50, F|68/100
|-ability|p1a: Incineroar|Intimidate|boost
|-unboost|p2a: Frosmoth|atk|1
|-unboost|p2b: Incineroar|atk|1
|move|p1b: Murkrow|Rain Dance|p1b: Murkrow
|-weather|RainDance
|move|p2a: Frosmoth|Blizzard|p1a: Incineroar|[spread] p1a,p1b
|-resisted|p1a: Incineroar
|-crit|p1a: Incineroar
|-supereffective|p1b: Murkrow
|-damage|p1a: Incineroar|33/100
|-damage|p1b: Murkrow|0 fnt
|-status|p1a: Incineroar|frz
|-enditem|p1a: Incineroar|Sitrus Berry|[eat]
|-heal|p1a: Incineroar|58/100 frz|[from] item: Sitrus Berry
|faint|p1b: Murkrow
|move|p2b: Incineroar|Knock Off|p1a: Incineroar
|-resisted|p1a: Incineroar
|-damage|p1a: Incineroar|51/100 frz
|
|-weather|RainDance|[upkeep]
|upkeep
|
|t:|1756271742
|switch|p1b: Sneasler|Sneasler, L50, F|100/100
|turn|5
|
|t:|1756271752
|move|p1b: Sneasler|Dire Claw|p2a: Frosmoth
|-damage|p2a: Frosmoth|11/100
|move|p2a: Frosmoth|Blizzard|p1b: Sneasler|[spread] p1a
|-miss|p2a: Frosmoth|p1b: Sneasler
|-resisted|p1a: Incineroar
|-crit|p1a: Incineroar
|-damage|p1a: Incineroar|13/100 frz
|move|p2b: Incineroar|Knock Off|p1b: Sneasler
|-resisted|p1b: Sneasler
|-damage|p1b: Sneasler|77/100
|-enditem|p1b: Sneasler|Psychic Seed|[from] move: Knock Off|[of] p2b: Incineroar
|-curestatus|p1a: Incineroar|frz|[from] move: Flare Blitz
|move|p1a: Incineroar|Flare Blitz|p2a: Frosmoth
|-supereffective|p2a: Frosmoth
|-damage|p2a: Frosmoth|0 fnt
|faint|p2a: Frosmoth
|-damage|p1a: Incineroar|10/100|[from] Recoil
|
|-weather|RainDance|[upkeep]
|upkeep
|
|t:|1756271768
|switch|p2a: Garchomp|Garchomp, L50, M, shiny|100/100
|turn|6
|
|t:|1756271790
|move|p1b: Sneasler|Close Combat|p2b: Incineroar
|-supereffective|p2b: Incineroar
|-damage|p2b: Incineroar|25/100
|-unboost|p1b: Sneasler|def|1
|-unboost|p1b: Sneasler|spd|1
|-enditem|p2b: Incineroar|Sitrus Berry|[eat]
|-heal|p2b: Incineroar|50/100|[from] item: Sitrus Berry
|move|p2a: Garchomp|Breaking Swipe|p1a: Incineroar|[spread] p1a,p1b
|-damage|p1a: Incineroar|0 fnt
|-damage|p1b: Sneasler|16/100
|-unboost|p1b: Sneasler|atk|1
|faint|p1a: Incineroar
|move|p2b: Incineroar|Knock Off|p1b: Sneasler
|-resisted|p1b: Sneasler
|-damage|p1b: Sneasler|0 fnt
|faint|p1b: Sneasler
|
|-weather|RainDance|[upkeep]
|-sideend|p2: Bridaine 31|move: Aurora Veil
|upkeep
|
|t:|1756271809
|switch|p1b: Toxtricity|Toxtricity, L50, F|100/100
|turn|7
|
|t:|1756271824
|-terastallize|p1b: Toxtricity|Normal
|move|p2a: Garchomp|Stomping Tantrum|p1b: Toxtricity
|-damage|p1b: Toxtricity|35/100
|move|p1b: Toxtricity|Boomburst|p2a: Garchomp|[spread] p2a,p2b
|-damage|p2a: Garchomp|0 fnt
|-damage|p2b: Incineroar|0 fnt
|faint|p2a: Garchomp
|faint|p2b: Incineroar
|
|win|jugui0801
|inactive|jugui0801 has 30 seconds to confirm battle start!
|inactive|Bridaine 31 has 30 seconds to confirm battle start!
||Bridaine 31 is ready for game 2.
|inactive|jugui0801 has 20 seconds to confirm battle start!
|inactive|jugui0801 has 10 seconds to confirm battle start!
|inactive|jugui0801 has 0 seconds to confirm battle start!
|uhtml|next|Next: Game 2 of 3
|l|☆Bridaine 31
|player|p2|
|j|☆Bridaine 31
|player|p2|Bridaine 31|firebreather|
