|j|☆priyalmmmz
|j|☆angusgrind13
|html|priyalmmmzangusgrind13    
|uhtml|bestof|Game 3 of a best-of-3
|t:|1784812838
|gametype|doubles
|player|p1|priyalmmmz|265|1051
|player|p2|angusgrind13|steven|1073
|gen|9
|tier|[Gen 9 Champions] VGC 2026 Reg M-B (Bo3)
|rated|
|rule|Species Clause: Limit one of each Pokémon
|rule|Item Clause: Limit 1 of each item
|clearpoke
|poke|p1|Blaziken, L50, M|
|poke|p1|Aerodactyl, L50, F|
|poke|p1|Kingambit, L50, F|
|poke|p1|Basculegion, L50, M|
|poke|p1|Sylveon, L50, F|
|poke|p1|Farigiraf, L50, M|
|poke|p2|Primarina, L50, F|
|poke|p2|Kingambit, L50, M|
|poke|p2|Froslass, L50, F|
|poke|p2|Sneasler, L50, F|
|poke|p2|Lycanroc-Dusk, L50, F|
|poke|p2|Dragonite, L50, M|
|teampreview|4
|showteam|p1|Blaziken||Blazikenite|SpeedBoost|FlareBlitz,CloseCombat,Protect,RockSlide|Adamant||M|||50|]Aerodactyl||WideLens|Unnerve|StoneEdge,DualWingbeat,Protect,Tailwind|Jolly||F|||50|]Kingambit||LifeOrb|Defiant|KowtowCleave,Protect,IronHead,SuckerPunch|Adamant||F|||50|]Basculegion||FocusSash|Adaptability|Liquidation,Protect,LastRespects,AquaJet|Adamant||M|||50|]Sylveon||FairyFeather|Pixilate|HyperVoice,Moonblast,SkillSwap,Protect|Calm||F|||50|]Farigiraf||TwistedSpoon|ArmorTail|Psychic,Thunderbolt,HelpingHand,TrickRoom|Quiet||M|||50|
|showteam|p2|Primarina||LifeOrb|LiquidVoice|HyperVoice,Moonblast,Haze,Protect|Modest||F|||50|]Kingambit||BlackGlasses|Defiant|KowtowCleave,SuckerPunch,SwordsDance,Protect|Adamant||M|||50|]Froslass||Froslassite|CursedBody|Blizzard,ShadowBall,AuroraVeil,Protect|Timid||F|||50|]Sneasler||WhiteHerb|Unburden|GunkShot,CloseCombat,FakeOut,Protect|Adamant||F|||50|]Lycanroc-Dusk||FocusSash|ToughClaws|RockSlide,Accelerock,CloseCombat,Protect|Adamant||F|||50|]Dragonite||Dragoninite|Multiscale|DragonPulse,Flamethrower,Tailwind,Protect|Modest||M|||50|
|
|t:|1784812855
|teamsize|p1|4
|teamsize|p2|4
|start
|switch|p1a: Farigiraf|Farigiraf, L50, M|100/100
|switch|p1b: Blaziken|Blaziken, L50, M|100/100
|switch|p2a: Dragonite|Dragonite, L50, M|100/100
|switch|p2b: Primarina|Primarina, L50, F|100/100
|turn|1
|
|t:|1784812879
|switch|p1b: Sylveon|Sylveon, L50, F|100/100
|detailschange|p2a: Dragonite|Dragonite-Mega, L50, M
|-mega|p2a: Dragonite|Dragonite|Dragoninite
|move|p2a: Dragonite|Flamethrower|p1a: Farigiraf
|-damage|p1a: Farigiraf|64/100
|move|p2b: Primarina|Hyper Voice|p1b: Sylveon|[spread] p1a,p1b
|-damage|p1a: Farigiraf|11/100
|-damage|p1b: Sylveon|73/100
|-damage|p2b: Primarina|90/100|[from] item: Life Orb
|move|p1a: Farigiraf|Thunderbolt|p2a: Dragonite
|-damage|p2a: Dragonite|86/100
|
|upkeep
|turn|2
|
|t:|1784812895
|switch|p2a: Sneasler|Sneasler, L50, F|100/100
|move|p1a: Farigiraf|Helping Hand|p1b: Sylveon
|-singleturn|p1b: Sylveon|Helping Hand|[of] p1a: Farigiraf
|move|p2b: Primarina|Hyper Voice|p1b: Sylveon|[spread] p1a,p1b
|-crit|p1a: Farigiraf
|-damage|p1a: Farigiraf|0 fnt
|-damage|p1b: Sylveon|45/100
|faint|p1a: Farigiraf
|-damage|p2b: Primarina|80/100|[from] item: Life Orb
|move|p1b: Sylveon|Hyper Voice|p2a: Sneasler|[spread] p2a,p2b
|-damage|p2a: Sneasler|41/100
|-damage|p2b: Primarina|25/100
|
|upkeep
|
|t:|1784812910
|switch|p1a: Basculegion|Basculegion, L50, M|100/100
|turn|3
|
|t:|1784812928
|move|p2b: Primarina|Protect|p2b: Primarina
|-singleturn|p2b: Primarina|Protect
|move|p1b: Sylveon|Protect|p1b: Sylveon
|-singleturn|p1b: Sylveon|Protect
|move|p2a: Sneasler|Fake Out|p1b: Sylveon
|-activate|p1b: Sylveon|move: Protect
|move|p1a: Basculegion|Last Respects|p2a: Sneasler
|-damage|p2a: Sneasler|0 fnt
|faint|p2a: Sneasler
|
|upkeep
|
|t:|1784812931
|switch|p2a: Kingambit|Kingambit, L50, M|100/100
|turn|4
|
|t:|1784812951
|switch|p1a: Blaziken|Blaziken, L50, M|100/100
|move|p2a: Kingambit|Sucker Punch||[still]
|-fail|p2a: Kingambit
|move|p2b: Primarina|Hyper Voice|p1b: Sylveon|[spread] p1a,p1b
|-supereffective|p1a: Blaziken|1
|-damage|p1a: Blaziken|0 fnt
|-damage|p1b: Sylveon|17/100
|faint|p1a: Blaziken
|-damage|p2b: Primarina|15/100|[from] item: Life Orb
|move|p1b: Sylveon|Moonblast|p2b: Primarina
|-damage|p2b: Primarina|0 fnt
|faint|p2b: Primarina
|
|upkeep
|
|t:|1784812964
|switch|p1a: Basculegion|Basculegion, L50, M|100/100
|switch|p2b: Dragonite|Dragonite-Mega, L50, M|86/100
|turn|5
|
|t:|1784812973
|move|p2b: Dragonite|Protect|p2b: Dragonite
|-singleturn|p2b: Dragonite|Protect
|move|p2a: Kingambit|Sucker Punch|p1a: Basculegion
|-supereffective|p1a: Basculegion|1
|-enditem|p1a: Basculegion|Focus Sash
|-damage|p1a: Basculegion|1/100
|move|p1a: Basculegion|Last Respects|p2b: Dragonite
|-activate|p2b: Dragonite|move: Protect
|move|p1b: Sylveon|Hyper Voice|p2a: Kingambit|[spread] p2a
|-activate|p2b: Dragonite|move: Protect
|-damage|p2a: Kingambit|65/100
|
|upkeep
|turn|6
|-message|priyalmmmz forfeited.
|
|win|angusgrind13
|raw|priyalmmmz's rating: 1051 → 1034(-17 for losing)
|raw|angusgrind13's rating: 1073 → 1100(+27 for winning)
|l|☆priyalmmmz
|player|p1|
