|j|☆GubGubFan
|j|☆pikajw
|html|GubGubFanpikajw    
|uhtml|bestof|Game 3 of a best-of-3
|t:|1757134233
|gametype|doubles
|player|p1|GubGubFan|gladion-stance|1144
|player|p2|pikajw|170|1097
|gen|9
|tier|[Gen 9] VGC 2025 Reg H (Bo3)
|rated|
|rule|Species Clause: Limit one of each Pokémon
|rule|Item Clause: Limit 1 of each item
|clearpoke
|poke|p1|Tyranitar, L50, M|
|poke|p1|Excadrill, L50, M|
|poke|p1|Basculegion, L50, M|
|poke|p1|Incineroar, L50, F|
|poke|p1|Volcarona, L50, M|
|poke|p1|Dragonite, L50, M|
|poke|p2|Lilligant-Hisui, L50, F|
|poke|p2|Torkoal, L50, M|
|poke|p2|Kingambit, L50, F|
|poke|p2|Farigiraf, L50, F|
|poke|p2|Ursaluna, L50, F|
|poke|p2|Charizard, L50, M|
|teampreview|4
|showteam|p1|Tyranitar||AssaultVest|SandStream|RockSlide,KnockOff,LowKick,TeraBlast|||M|||50|,,,,,Flying]Excadrill||FocusSash|SandRush|Earthquake,HighHorsepower,IronHead,Protect|||M|||50|,,,,,Ground]Basculegion||ChoiceScarf|Adaptability|WaveCrash,FlipTurn,AquaJet,LastRespects|||M|||50|,,,,,Grass]Incineroar||SafetyGoggles|Intimidate|FakeOut,KnockOff,PartingShot,FlareBlitz|||F|||50|,,,,,Ghost]Volcarona||Leftovers|FlameBody|HeatWave,QuiverDance,TeraBlast,Protect|||M|||50|,,,,,Fairy]Dragonite||LoadedDice|Multiscale|Protect,Tailwind,ScaleShot,Haze|||M|||50|,,,,,Fairy
|showteam|p2|Lilligant-Hisui||FocusSash|Chlorophyll|CloseCombat,AfterYou,SleepPowder,Coaching|||F|||50|,,,,,Ghost]Torkoal||SitrusBerry|Drought|HeatWave,Eruption,EarthPower,Protect|||M|||50|,,,,,Fire]Kingambit||AssaultVest|Defiant|SuckerPunch,IronHead,Snarl,TeraBlast|||F|||50|,,,,,Fire]Farigiraf||SafetyGoggles|ArmorTail|HelpingHand,Psychic,TrickRoom,Protect|||F|||50|,,,,,Fairy]Ursaluna||FlameOrb|Guts|Facade,HeadlongRush,DrainPunch,Protect|||F|||50|,,,,,Fairy]Charizard||ChoiceSpecs|SolarPower|ScorchingSands,HeatWave,SolarBeam,TeraBlast|||M|||50|,,,,,Flying
|j| teamthief420
|l| teamthief420
|
|t:|1757134268
|teamsize|p1|4
|teamsize|p2|4
|start
|switch|p1a: Basculegion|Basculegion, L50, M|100/100
|switch|p1b: Excadrill|Excadrill, L50, M|100/100
|switch|p2a: Lilligant|Lilligant-Hisui, L50, F|100/100
|switch|p2b: Kingambit|Kingambit, L50, F|100/100
|turn|1
|inactive|Battle timer is ON: inactive players will automatically lose when time's up. (requested by GubGubFan)
|inactive|GubGubFan has 60 seconds left.
|
|t:|1757134300
|switch|p1a: Incineroar|Incineroar, L50, F|100/100
|-ability|p1a: Incineroar|Intimidate|boost
|-unboost|p2a: Lilligant|atk|1
|-unboost|p2b: Kingambit|atk|1
|-ability|p2b: Kingambit|Defiant|boost
|-boost|p2b: Kingambit|atk|2
|move|p1b: Excadrill|Protect|p1b: Excadrill
|-singleturn|p1b: Excadrill|Protect
|move|p2b: Kingambit|Sucker Punch||[still]
|-fail|p2b: Kingambit
|move|p2a: Lilligant|Sleep Powder|p1b: Excadrill
|-activate|p1b: Excadrill|move: Protect
|
|upkeep
|turn|2
|
|t:|1757134320
|switch|p2a: Torkoal|Torkoal, L50, M|100/100
|-weather|SunnyDay|[from] ability: Drought|[of] p2a: Torkoal
|-terastallize|p2b: Kingambit|Fire
|move|p1a: Incineroar|Fake Out|p2a: Torkoal
|-damage|p2a: Torkoal|92/100
|move|p1b: Excadrill|High Horsepower|p2b: Kingambit
|-supereffective|p2b: Kingambit
|-damage|p2b: Kingambit|13/100
|move|p2b: Kingambit|Tera Blast|p1b: Excadrill|[anim] Tera Blast Fire
|-supereffective|p1b: Excadrill
|-enditem|p1b: Excadrill|Focus Sash
|-damage|p1b: Excadrill|1/100
|
|-weather|SunnyDay|[upkeep]
|upkeep
|turn|3
|
|t:|1757134344
|switch|p1b: Tyranitar|Tyranitar, L50, M|100/100
|-weather|Sandstorm|[from] ability: Sand Stream|[of] p1b: Tyranitar
|switch|p2b: Lilligant|Lilligant-Hisui, L50, F|100/100
|move|p1a: Incineroar|Knock Off|p2b: Lilligant
|-resisted|p2b: Lilligant
|-damage|p2b: Lilligant|72/100
|-enditem|p2b: Lilligant|Focus Sash|[from] move: Knock Off|[of] p1a: Incineroar
|move|p2a: Torkoal|Earth Power|p1a: Incineroar
|-supereffective|p1a: Incineroar
|-damage|p1a: Incineroar|62/100
|
|-weather|Sandstorm|[upkeep]
|-damage|p2b: Lilligant|66/100|[from] Sandstorm
|-damage|p2a: Torkoal|86/100|[from] Sandstorm
|upkeep
|turn|4
|inactive|GubGubFan has 30 seconds left.
|inactive|GubGubFan has 20 seconds left.
|
|t:|1757134379
|switch|p1b: Basculegion|Basculegion, L50, M|100/100
|move|p2b: Lilligant|Sleep Powder|p1b: Basculegion
|-status|p1b: Basculegion|slp|[from] move: Sleep Powder
|move|p1a: Incineroar|Knock Off|p2a: Torkoal
|-damage|p2a: Torkoal|56/100
|-enditem|p2a: Torkoal|Sitrus Berry|[from] move: Knock Off|[of] p1a: Incineroar
|move|p2a: Torkoal|Earth Power|p1a: Incineroar
|-supereffective|p1a: Incineroar
|-damage|p1a: Incineroar|26/100
|
|-weather|Sandstorm|[upkeep]
|-damage|p1b: Basculegion|94/100 slp|[from] Sandstorm
|-damage|p2b: Lilligant|60/100|[from] Sandstorm
|-damage|p2a: Torkoal|50/100|[from] Sandstorm
|upkeep
|turn|5
|
|t:|1757134401
|switch|p2a: Kingambit|Kingambit, L50, F, tera:Fire|13/100
|cant|p1b: Basculegion|slp
|move|p2b: Lilligant|Close Combat|p1a: Incineroar
|-supereffective|p1a: Incineroar
|-damage|p1a: Incineroar|0 fnt
|-unboost|p2b: Lilligant|def|1
|-unboost|p2b: Lilligant|spd|1
|faint|p1a: Incineroar
|
|-weather|Sandstorm|[upkeep]
|-damage|p1b: Basculegion|88/100 slp|[from] Sandstorm
|-damage|p2b: Lilligant|54/100|[from] Sandstorm
|-damage|p2a: Kingambit|7/100|[from] Sandstorm
|upkeep
|
|t:|1757134410
|switch|p1a: Tyranitar|Tyranitar, L50, M|100/100
|turn|6
|
|t:|1757134421
|switch|p2a: Torkoal|Torkoal, L50, M|50/100
|-weather|SunnyDay|[from] ability: Drought|[of] p2a: Torkoal
|-terastallize|p1a: Tyranitar|Flying
|-curestatus|p1b: Basculegion|slp|[msg]
|move|p1b: Basculegion|Aqua Jet|p2a: Torkoal
|-supereffective|p2a: Torkoal
|-damage|p2a: Torkoal|32/100
|move|p2b: Lilligant|Sleep Powder|p1a: Tyranitar|[miss]
|-miss|p2b: Lilligant|p1a: Tyranitar
|move|p1a: Tyranitar|Tera Blast|p2b: Lilligant|[anim] Tera Blast Flying
|-supereffective|p2b: Lilligant
|-damage|p2b: Lilligant|0 fnt
|faint|p2b: Lilligant
|
|-weather|SunnyDay|[upkeep]
|upkeep
|
|t:|1757134437
|switch|p2b: Charizard|Charizard, L50, M|100/100
|turn|7
|
|t:|1757134453
|switch|p1a: Excadrill|Excadrill, L50, M|1/100
|move|p1b: Basculegion|Aqua Jet|p2b: Charizard
|-supereffective|p2b: Charizard
|-damage|p2b: Charizard|66/100
|move|p2b: Charizard|Heat Wave|p1a: Excadrill|[spread] p1a,p1b
|-supereffective|p1a: Excadrill
|-resisted|p1b: Basculegion
|-damage|p1a: Excadrill|0 fnt
|-damage|p1b: Basculegion|24/100
|faint|p1a: Excadrill
|move|p2a: Torkoal|Heat Wave|p1b: Basculegion
|-resisted|p1b: Basculegion
|-damage|p1b: Basculegion|0 fnt
|faint|p1b: Basculegion
|
|-weather|SunnyDay|[upkeep]
|-damage|p2b: Charizard|53/100|[from] ability: Solar Power|[of] p2b: Charizard
|upkeep
|
|t:|1757134460
|switch|p1a: Tyranitar|Tyranitar, L50, M, tera:Flying|100/100
|-weather|Sandstorm|[from] ability: Sand Stream|[of] p1a: Tyranitar
|turn|8
|
|t:|1757134467
|move|p2b: Charizard|Heat Wave|p1a: Tyranitar
|-damage|p1a: Tyranitar|66/100
|move|p1a: Tyranitar|Rock Slide|p2b: Charizard|[spread] 
|-miss|p1a: Tyranitar|p2a: Torkoal
|-miss|p1a: Tyranitar|p2b: Charizard
|move|p2a: Torkoal|Heat Wave|p1a: Tyranitar
|-damage|p1a: Tyranitar|46/100
|-status|p1a: Tyranitar|brn
|
|-weather|Sandstorm|[upkeep]
|-damage|p2b: Charizard|47/100|[from] Sandstorm
|-damage|p1a: Tyranitar|41/100 brn|[from] Sandstorm
|-damage|p2a: Torkoal|25/100|[from] Sandstorm
|-damage|p1a: Tyranitar|35/100 brn|[from] brn
|upkeep
|turn|9
|-message|GubGubFan forfeited.
|
|win|pikajw
|raw|GubGubFan's rating: 1144 → 1116(-28 for losing)
|raw|pikajw's rating: 1097 → 1126(+29 for winning)
