|j|☆pankeyXD
|j|☆heatfre3ze
|html|pankeyXDheatfre3ze    
|uhtml|bestof|Game 1 of a best-of-3
|t:|1783030178
|gametype|doubles
|player|p1|pankeyXD|pokekid|1042
|player|p2|heatfre3ze|caitlin|1039
|gen|9
|tier|[Gen 9 Champions] VGC 2026 Reg M-B (Bo3)
|rated|
|rule|Species Clause: Limit one of each Pokémon
|rule|Item Clause: Limit 1 of each item
|clearpoke
|poke|p1|Vileplume, L50, M|
|poke|p1|Torkoal, L50, F|
|poke|p1|Farigiraf, L50, M|
|poke|p1|Mawile, L50, M, shiny|
|poke|p1|Sinistcha, L50|
|poke|p1|Dragalge, L50, M|
|poke|p2|Sneasler, L50, M, shiny|
|poke|p2|Sinistcha, L50, shiny|
|poke|p2|Incineroar, L50, M, shiny|
|poke|p2|Charizard, L50, F, shiny|
|poke|p2|Floette-Eternal, L50, F|
|poke|p2|Kingambit, L50, F, shiny|
|teampreview|4
|showteam|p1|Vileplume||FocusSash|Chlorophyll|Protect,LeafStorm,SleepPowder,AfterYou|Timid||M|||50|]Torkoal||Charcoal|Drought|Eruption,Overheat,EarthPower,Protect|Quiet||F|||50|]Farigiraf||MentalHerb|ArmorTail|HyperVoice,TrickRoom,AllySwitch,Protect|Sassy||M|||50|]Mawile||Mawilite|Intimidate|PlayRough,IronHead,SuckerPunch,Protect|Brave||M|||50|]Sinistcha||SitrusBerry|Hospitality|MatchaGotcha,RagePowder,Protect,TrickRoom|Bold|||||50|]Dragalge||Dragalgite|Adaptability|DracoMeteor,SludgeBomb,HydroPump,FlipTurn|Modest||M|||50|
|showteam|p2|Sneasler||FocusSash|PoisonTouch|FakeOut,GunkShot,CloseCombat,Coaching|Jolly||M|||50|]Sinistcha||SitrusBerry|Hospitality|MatchaGotcha,RagePowder,TrickRoom,Protect|Bold|||||50|]Incineroar||ChopleBerry|Intimidate|FlareBlitz,HelpingHand,PartingShot,FakeOut|Impish||M|||50|]Charizard||CharizarditeX|Blaze|FlareBlitz,DragonClaw,DragonDance,Protect|Adamant||F|||50|]Floette-Eternal||Floettite|FlowerVeil|Moonblast,CalmMind,DazzlingGleam,Protect|Modest||F|||50|]Kingambit||BlackGlasses|Defiant|KowtowCleave,SuckerPunch,SwordsDance,Protect|Adamant||F|||50|
|j| tyho45
|
|t:|1783030202
|teamsize|p1|4
|teamsize|p2|4
|start
|switch|p1a: Farigiraf|Farigiraf, L50, M|100/100
|switch|p1b: Mawile|Mawile, L50, M, shiny|100/100
|switch|p2a: Thorn|Charizard, L50, F, shiny|100/100
|switch|p2b: Murtagh|Sneasler, L50, M, shiny|100/100
|-ability|p1b: Mawile|Intimidate|boost
|-unboost|p2a: Thorn|atk|1
|-unboost|p2b: Murtagh|atk|1
|turn|1
|
|t:|1783030238
|move|p1b: Mawile|Protect|p1b: Mawile
|-singleturn|p1b: Mawile|Protect
|move|p2b: Murtagh|Coaching|p2a: Thorn
|-boost|p2a: Thorn|atk|1
|-boost|p2a: Thorn|def|1
|move|p2a: Thorn|Dragon Dance|p2a: Thorn
|-boost|p2a: Thorn|atk|1
|-boost|p2a: Thorn|spe|1
|move|p1a: Farigiraf|Trick Room|p1a: Farigiraf
|-fieldstart|move: Trick Room|[of] p1a: Farigiraf
|
|upkeep
|turn|2
|
|t:|1783030270
|switch|p2b: Eragon|Incineroar, L50, M, shiny|100/100
|-ability|p2b: Eragon|Intimidate|boost
|-unboost|p1a: Farigiraf|atk|1
|-unboost|p1b: Mawile|atk|1
|detailschange|p1b: Mawile|Mawile-Mega, L50, M, shiny
|-mega|p1b: Mawile|Mawile|Mawilite
|detailschange|p2a: Thorn|Charizard-Mega-X, L50, F, shiny
|-mega|p2a: Thorn|Charizard|Charizardite X
|move|p1a: Farigiraf|Ally Switch|p1a: Farigiraf
|swap|p1a: Farigiraf|1|[from] move: Ally Switch
|move|p1a: Mawile|Play Rough|p2a: Thorn|[miss]
|-miss|p1a: Mawile|p2a: Thorn
|move|p2a: Thorn|Flare Blitz|p1b: Farigiraf
|-damage|p1b: Farigiraf|0 fnt
|faint|p1b: Farigiraf
|-damage|p2a: Thorn|54/100|[from] Recoil
|
|upkeep
|
|t:|1783030288
|switch|p1b: Torkoal|Torkoal, L50, F|100/100
|-weather|SunnyDay|[from] ability: Drought|[of] p1b: Torkoal
|turn|3
|
|t:|1783030314
|move|p1b: Torkoal|Protect|p1b: Torkoal
|-singleturn|p1b: Torkoal|Protect
|move|p1a: Mawile|Protect|p1a: Mawile
|-singleturn|p1a: Mawile|Protect
|move|p2a: Thorn|Protect|p2a: Thorn
|-singleturn|p2a: Thorn|Protect
|move|p2b: Eragon|Fake Out|p1b: Torkoal
|-activate|p1b: Torkoal|move: Protect
|
|-weather|SunnyDay|[upkeep]
|upkeep
|turn|4
|
|t:|1783030357
|switch|p2a: Galbatorix|Kingambit, L50, F, shiny|100/100
|move|p1b: Torkoal|Earth Power|p2a: Galbatorix
|-supereffective|p2a: Galbatorix|1
|-damage|p2a: Galbatorix|48/100
|move|p1a: Mawile|Play Rough|p2a: Galbatorix|[miss]
|-miss|p1a: Mawile|p2a: Galbatorix
|move|p2b: Eragon|Parting Shot|p1b: Torkoal
|-unboost|p1b: Torkoal|atk|1
|-unboost|p1b: Torkoal|spa|1
|
|t:|1783030371
|switch|p2b: Murtagh|Sneasler, L50, M, shiny|100/100|[from] Parting Shot
|
|-weather|SunnyDay|[upkeep]
|upkeep
|turn|5
|
|t:|1783030388
|switch|p1a: Sinistcha|Sinistcha, L50|100/100
|switch|p2a: Eragon|Incineroar, L50, M, shiny|100/100
|-ability|p2a: Eragon|Intimidate|boost
|-unboost|p1a: Sinistcha|atk|1
|-unboost|p1b: Torkoal|atk|1
|move|p1b: Torkoal|Protect|p1b: Torkoal
|-singleturn|p1b: Torkoal|Protect
|move|p2b: Murtagh|Coaching|p2a: Eragon
|-boost|p2a: Eragon|atk|1
|-boost|p2a: Eragon|def|1
|
|-weather|SunnyDay|[upkeep]
|-fieldend|move: Trick Room
|upkeep
|turn|6
|
|t:|1783030420
|move|p1a: Sinistcha|Protect|p1a: Sinistcha
|-singleturn|p1a: Sinistcha|Protect
|move|p2b: Murtagh|Close Combat|p1b: Torkoal
|-damage|p1b: Torkoal|50/100g
|-unboost|p2b: Murtagh|def|1
|-unboost|p2b: Murtagh|spd|1
|-status|p1b: Torkoal|psn|[from] ability: Poison Touch|[of] p2b: Murtagh
|move|p2a: Eragon|Flare Blitz|p1a: Sinistcha
|-activate|p1a: Sinistcha|move: Protect
|move|p1b: Torkoal|Earth Power|p2a: Eragon
|-supereffective|p2a: Eragon|1
|-crit|p2a: Eragon
|-damage|p2a: Eragon|38/100
|
|-weather|SunnyDay|[upkeep]
|-damage|p1b: Torkoal|37/100 psn|[from] psn
|upkeep
|turn|7
|
|t:|1783030438
|switch|p1b: Mawile|Mawile-Mega, L50, M, shiny|100/100
|move|p1a: Sinistcha|Rage Powder|p1a: Sinistcha
|-singleturn|p1a: Sinistcha|move: Rage Powder
|move|p2b: Murtagh|Coaching|p2a: Eragon
|-boost|p2a: Eragon|atk|1
|-boost|p2a: Eragon|def|1
|move|p2a: Eragon|Flare Blitz|p1a: Sinistcha
|-supereffective|p1a: Sinistcha|1
|-damage|p1a: Sinistcha|0 fnt
|faint|p1a: Sinistcha
|-damage|p2a: Eragon|9/100|[from] Recoil
|
|-weather|none
|upkeep
|
|t:|1783030448
|switch|p1a: Torkoal|Torkoal, L50, F|37/100 psn
|-weather|SunnyDay|[from] ability: Drought|[of] p1a: Torkoal
|turn|8
|
|t:|1783030466
|switch|p2a: Galbatorix|Kingambit, L50, F, shiny|48/100
|move|p1b: Mawile|Sucker Punch||[still]
|-fail|p1b: Mawile
|move|p2b: Murtagh|Close Combat|p1b: Mawile
|-damage|p1b: Mawile|43/100
|-unboost|p2b: Murtagh|def|1
|-unboost|p2b: Murtagh|spd|1
|move|p1a: Torkoal|Earth Power|p2b: Murtagh
|-supereffective|p2b: Murtagh|1
|-enditem|p2b: Murtagh|Focus Sash
|-damage|p2b: Murtagh|1/100
|
|-weather|SunnyDay|[upkeep]
|-damage|p1a: Torkoal|25/100 psn|[from] psn
|upkeep
|turn|9
|
|t:|1783030484
|move|p1b: Mawile|Protect|p1b: Mawile
|-singleturn|p1b: Mawile|Protect
|move|p2a: Galbatorix|Sucker Punch|p1a: Torkoal
|-damage|p1a: Torkoal|0 fnt
|faint|p1a: Torkoal
|move|p2b: Murtagh|Close Combat|p1b: Mawile
|-activate|p1b: Mawile|move: Protect
|
|-weather|SunnyDay|[upkeep]
|upkeep
|turn|10
|
|t:|1783030496
|switch|p2a: Eragon|Incineroar, L50, M, shiny|9/100
|-ability|p2a: Eragon|Intimidate|boost
|-unboost|p1b: Mawile|atk|1
|move|p2b: Murtagh|Close Combat|p1b: Mawile
|-damage|p1b: Mawile|0 fnt
|-unboost|p2b: Murtagh|def|1
|-unboost|p2b: Murtagh|spd|1
|faint|p1b: Mawile
|
|win|heatfre3ze
||pankeyXD is ready for game 2.
|inactive|heatfre3ze has 30 seconds to confirm battle start!
