|j|☆breakstormsamuraix
|j|☆DragonairJordan23
|html|breakstormsamuraixDragonairJordan23    
|uhtml|bestof|Game 1 of a best-of-3
|t:|1785829799
|gametype|doubles
|player|p1|breakstormsamuraix|n|1143
|player|p2|DragonairJordan23|dancer|1195
|gen|9
|tier|[Gen 9 Champions] VGC 2026 Reg M-B (Bo3)
|rated|
|rule|Species Clause: Limit one of each Pokémon
|rule|Item Clause: Limit 1 of each item
|clearpoke
|poke|p1|Aerodactyl, L50, M|
|poke|p1|Kingambit, L50, M|
|poke|p1|Sylveon, L50, M|
|poke|p1|Garchomp, L50, M, shiny|
|poke|p1|Charizard, L50, M, shiny|
|poke|p1|Incineroar, L50, M|
|poke|p2|Grimmsnarl, L50, M|
|poke|p2|Slowbro, L50, M|
|poke|p2|Glimmora, L50, F|
|poke|p2|Sinistcha, L50|
|poke|p2|Blaziken, L50, F|
|poke|p2|Kingambit, L50, M|
|teampreview|4
|showteam|p1|Aerodactyl||Aerodactylite|Unnerve|RockSlide,DualWingbeat,Tailwind,WideGuard|Jolly||M|||50|]Kingambit||FocusSash|Defiant|KowtowCleave,SuckerPunch,IronHead,Protect|Adamant||M|||50|]Sylveon||FairyFeather|Pixilate|Detect,HyperVoice,HyperBeam,QuickAttack|Modest||M|||50|]Garchomp||LumBerry|RoughSkin|Earthquake,RockSlide,StompingTantrum,Protect|Adamant||M|||50|]Charizard||CharizarditeY|Blaze|Protect,HeatWave,SolarBeam,WeatherBall|Modest||M|||50|]Incineroar||SitrusBerry|Intimidate|FlareBlitz,ThroatChop,PartingShot,FakeOut|Careful||M|||50|
|showteam|p2|Grimmsnarl||LightClay|Prankster|FoulPlay,LightScreen,Reflect,PartingShot|Careful||M|||50|]Slowbro||Slowbronite|Regenerator|SlackOff,StoredPower,Scald,CalmMind|Relaxed||M|||50|]Glimmora||SitrusBerry|ToxicDebris|MortalSpin,PowerGem,EarthPower,SludgeBomb|Modest||F|||50|]Sinistcha||KasibBerry|Hospitality|Protect,MatchaGotcha,RagePowder,TrickRoom|Relaxed|||||50|]Blaziken||Blazikenite|SpeedBoost|CloseCombat,FlareBlitz,RockSlide,Protect|Adamant||F|||50|]Kingambit||FocusSash|Defiant|SuckerPunch,KowtowCleave,Protect,IronHead|Adamant||M|||50|
|inactive|Battle timer is ON: inactive players will automatically lose when time's up. (requested by breakstormsamuraix)
|inactive|breakstormsamuraix has 60 seconds left.
|
|t:|1785829832
|teamsize|p1|4
|teamsize|p2|4
|start
|switch|p1a: Garchomp|Garchomp, L50, M, shiny|100/100
|switch|p1b: Kingambit|Kingambit, L50, M|100/100
|switch|p2a: Grimmsnarl|Grimmsnarl, L50, M|100/100
|switch|p2b: Glimmora|Glimmora, L50, F|100/100
|turn|1
|
|t:|1785829855
|switch|p2b: Sinistcha|Sinistcha, L50|100/100
|move|p2a: Grimmsnarl|Reflect|p2a: Grimmsnarl
|-sidestart|p2: DragonairJordan23|Reflect
|move|p1a: Garchomp|Stomping Tantrum|p2a: Grimmsnarl
|-damage|p2a: Grimmsnarl|70/100
|move|p1b: Kingambit|Iron Head|p2a: Grimmsnarl
|-supereffective|p2a: Grimmsnarl|1
|-damage|p2a: Grimmsnarl|5/100
|
|upkeep
|turn|2
|
|t:|1785829874
|move|p1a: Garchomp|Protect|p1a: Garchomp
|-singleturn|p1a: Garchomp|Protect
|move|p2a: Grimmsnarl|Parting Shot|p1a: Garchomp
|-activate|p1a: Garchomp|move: Protect
|move|p1b: Kingambit|Kowtow Cleave|p2b: Sinistcha
|-supereffective|p2b: Sinistcha|1
|-damage|p2b: Sinistcha|48/100
|move|p2b: Sinistcha|Matcha Gotcha|p1b: Kingambit|[spread] p1b
|-activate|p1a: Garchomp|move: Protect
|-resisted|p1b: Kingambit|1
|-damage|p1b: Kingambit|86/100
|-heal|p2b: Sinistcha|55/100|[from] drain|[of] p1b: Kingambit
|
|upkeep
|turn|3
|
|t:|1785829899
|move|p2a: Grimmsnarl|Parting Shot|p1a: Garchomp
|-unboost|p1a: Garchomp|atk|1
|-unboost|p1a: Garchomp|spa|1
|
|t:|1785829922
|switch|p2a: Slowbro|Slowbro, L50, M|100/100|[from] Parting Shot
|move|p1a: Garchomp|Stomping Tantrum|p2a: Slowbro
|-damage|p2a: Slowbro|85/100
|move|p1b: Kingambit|Kowtow Cleave|p2b: Sinistcha
|-supereffective|p2b: Sinistcha|1
|-damage|p2b: Sinistcha|0 fnt
|faint|p2b: Sinistcha
|
|upkeep
|
|t:|1785829936
|switch|p2b: Grimmsnarl|Grimmsnarl, L50, M|5/100
|turn|4
|
|t:|1785829964
|detailschange|p2a: Slowbro|Slowbro-Mega, L50, M
|-mega|p2a: Slowbro|Slowbro|Slowbronite
|move|p1a: Garchomp|Protect|p1a: Garchomp
|-singleturn|p1a: Garchomp|Protect
|move|p2b: Grimmsnarl|Parting Shot|p1a: Garchomp
|-activate|p1a: Garchomp|move: Protect
|move|p1b: Kingambit|Kowtow Cleave|p2a: Slowbro
|-supereffective|p2a: Slowbro|1
|-damage|p2a: Slowbro|55/100
|move|p2a: Slowbro|Calm Mind|p2a: Slowbro
|-boost|p2a: Slowbro|spa|1
|-boost|p2a: Slowbro|spd|1
|
|upkeep
|turn|5
|
|t:|1785829983
|move|p2b: Grimmsnarl|Parting Shot|p1a: Garchomp
|-unboost|p1a: Garchomp|atk|1
|-unboost|p1a: Garchomp|spa|1
|
|t:|1785829986
|switch|p2b: Glimmora|Glimmora, L50, F|100/100|[from] Parting Shot
|move|p1a: Garchomp|Rock Slide|p2a: Slowbro|[spread] p2a,p2b
|-damage|p2a: Slowbro|52/100
|-damage|p2b: Glimmora|93/100
|-activate|p2b: Glimmora|ability: Toxic Debris
|-sidestart|p1: breakstormsamuraix|move: Toxic Spikes
|move|p1b: Kingambit|Iron Head|p2a: Slowbro
|-resisted|p2a: Slowbro|1
|-damage|p2a: Slowbro|45/100
|cant|p2a: Slowbro|flinch
|
|upkeep
|turn|6
|
|t:|1785830009
|move|p1a: Garchomp|Stomping Tantrum|p2b: Glimmora
|-supereffective|p2b: Glimmora|2
|-damage|p2b: Glimmora|41/100
|-activate|p2b: Glimmora|ability: Toxic Debris
|-sidestart|p1: breakstormsamuraix|move: Toxic Spikes
|-enditem|p2b: Glimmora|Sitrus Berry|[eat]
|-heal|p2b: Glimmora|65/100|[from] item: Sitrus Berry
|move|p2b: Glimmora|Earth Power|p1b: Kingambit
|-supereffective|p1b: Kingambit|1
|-damage|p1b: Kingambit|21/100
|move|p1b: Kingambit|Kowtow Cleave|p2a: Slowbro
|-supereffective|p2a: Slowbro|1
|-damage|p2a: Slowbro|11/100
|move|p2a: Slowbro|Slack Off|p2a: Slowbro
|-heal|p2a: Slowbro|61/100
|
|upkeep
|turn|7
|
|t:|1785830030
|move|p1b: Kingambit|Protect|p1b: Kingambit
|-singleturn|p1b: Kingambit|Protect
|move|p1a: Garchomp|Earthquake|p2a: Slowbro|[spread] p2a,p2b
|-activate|p1b: Kingambit|move: Protect
|-supereffective|p2b: Glimmora|2
|-damage|p2a: Slowbro|55/100
|-damage|p2b: Glimmora|13/100
|move|p2b: Glimmora|Mortal Spin|p1b: Kingambit|[spread] p1a
|-activate|p1b: Kingambit|move: Protect
|-resisted|p1a: Garchomp|1
|-damage|p1a: Garchomp|97/100
|-status|p1a: Garchomp|psn
|-enditem|p1a: Garchomp|Lum Berry|[eat]
|-curestatus|p1a: Garchomp|psn|[msg]
|-damage|p2b: Glimmora|1/100|[from] ability: Rough Skin|[of] p1a: Garchomp
|move|p2a: Slowbro|Scald|p1b: Kingambit
|-activate|p1b: Kingambit|move: Protect
|
|upkeep
|turn|8
|inactive|DragonairJordan23 has 30 seconds left.
|
|t:|1785830057
|move|p1a: Garchomp|Rock Slide|p2a: Slowbro|[spread] p2a,p2b
|-damage|p2a: Slowbro|51/100
|-damage|p2b: Glimmora|0 fnt
|faint|p2b: Glimmora
|move|p1b: Kingambit|Iron Head|p2a: Slowbro
|-resisted|p2a: Slowbro|1
|-damage|p2a: Slowbro|45/100
|cant|p2a: Slowbro|flinch
|
|-sideend|p2: DragonairJordan23|Reflect
|upkeep
|
|t:|1785830065
|switch|p2b: Grimmsnarl|Grimmsnarl, L50, M|5/100
|turn|9
|
|t:|1785830076
|move|p2b: Grimmsnarl|Reflect|p2b: Grimmsnarl
|-sidestart|p2: DragonairJordan23|Reflect
|move|p1a: Garchomp|Rock Slide|p2b: Grimmsnarl|[spread] p2a,p2b
|-damage|p2a: Slowbro|42/100
|-damage|p2b: Grimmsnarl|0 fnt
|faint|p2b: Grimmsnarl
|move|p1b: Kingambit|Kowtow Cleave|p2a: Slowbro
|-supereffective|p2a: Slowbro|1
|-damage|p2a: Slowbro|8/100
|cant|p2a: Slowbro|flinch
|
|upkeep
|turn|10
|-message|DragonairJordan23 forfeited.
|
|win|breakstormsamuraix
