|j|☆Linkmasterjr
|j|☆jonathan53332
|html|Linkmasterjrjonathan53332    
|uhtml|bestof|Game 2 of a best-of-3
|t:|1782460195
|gametype|doubles
|player|p1|Linkmasterjr|265|
|player|p2|jonathan53332|266|
|gen|9
|tier|[Gen 9 Champions] VGC 2026 Reg M-B (Bo3)
|rule|Species Clause: Limit one of each Pokémon
|rule|Item Clause: Limit 1 of each item
|clearpoke
|poke|p1|Raichu, L50, M|
|poke|p1|Staraptor, L50, M|
|poke|p1|Grimmsnarl, L50, M|
|poke|p1|Scizor, L50, F|
|poke|p1|Archaludon, L50, F|
|poke|p1|Whimsicott, L50, F|
|poke|p2|Primarina, L50, M|
|poke|p2|Sinistcha-Masterpiece, L50, shiny|
|poke|p2|Pelipper, L50, M|
|poke|p2|Meganium, L50, F, shiny|
|poke|p2|Excadrill, L50, F|
|poke|p2|Sceptile, L50, M|
|teampreview|4
|showteam|p1|Raichu||RaichuniteY|LightningRod|Thunder,KnockOff,AlluringVoice,FakeOut|Hasty||M|||50|]Staraptor||Staraptite|Intimidate|CloseCombat,Tailwind,BraveBird,Protect|Jolly||M|||50|]Grimmsnarl||LightClay|Prankster|LightScreen,Reflect,PartingShot,SpiritBreak|Careful||M|||50|]Scizor||MuscleBand|Technician|BulletPunch,DualWingbeat,Tailwind,CloseCombat|Adamant||F|||50|]Archaludon||FocusSash|Stamina|FlashCannon,ElectroShot,AuraSphere,Protect|Timid||F|||50|]Whimsicott||SitrusBerry|Prankster|TrickRoom,Tailwind,Protect,GigaDrain|Relaxed||F|||50|
|showteam|p2|Primarina||Leftovers|LiquidVoice|HyperVoice,Blizzard,EnergyBall,ShadowBall|Modest||M|||50|]Sinistcha-Masterpiece||SitrusBerry|Hospitality|MatchaGotcha,StrengthSap,ShadowBall,Scald|Modest|||||50|]Pelipper||FocusSash|Drizzle|Hurricane,WideGuard,IcyWind,Tailwind|Modest||M|||50|]Meganium||Meganiumite|LeafGuard|WeatherBall,SolarBeam,DazzlingGleam,Synthesis|Timid||F|||50|]Excadrill||Excadrite|SandRush|Earthquake,IronHead,BrickBreak,Protect|Jolly||F|||50|]Sceptile||Sceptilite|Overgrow|DragonPulse,FrenzyPlant,VacuumWave,Endeavor|Timid||M|||50|
|l|☆jonathan53332
|player|p2|
|j|☆jonathan53332
|player|p2|jonathan53332|266|
|
|t:|1782460242
|teamsize|p1|4
|teamsize|p2|4
|start
|switch|p1a: Scizor|Scizor, L50, F|100/100
|switch|p1b: Grimmsnarl|Grimmsnarl, L50, M|100/100
|switch|p2a: Sceptile|Sceptile, L50, M|100/100
|switch|p2b: Primarina|Primarina, L50, M|100/100
|turn|1
|
|t:|1782460258
|detailschange|p2a: Sceptile|Sceptile-Mega, L50, M
|-mega|p2a: Sceptile|Sceptile|Sceptilite
|move|p1b: Grimmsnarl|Light Screen|p1b: Grimmsnarl
|-sidestart|p1: Linkmasterjr|move: Light Screen
|move|p2a: Sceptile|Dragon Pulse|p1a: Scizor
|-resisted|p1a: Scizor|1
|-damage|p1a: Scizor|80/100
|move|p1a: Scizor|Tailwind|p1a: Scizor
|-sidestart|p1: Linkmasterjr|move: Tailwind
|move|p2b: Primarina|Hyper Voice|p1b: Grimmsnarl|[spread] p1a,p1b
|-damage|p1a: Scizor|47/100
|-damage|p1b: Grimmsnarl|80/100
|
|upkeep
|turn|2
|
|t:|1782460279
|switch|p2a: Pelipper|Pelipper, L50, M|100/100
|-weather|RainDance|[from] ability: Drizzle|[of] p2a: Pelipper
|move|p1a: Scizor|Dual Wingbeat|p2a: Pelipper
|-damage|p2a: Pelipper|66/100
|-damage|p2a: Pelipper|31/100
|-hitcount|p2a: Pelipper|2
|move|p1b: Grimmsnarl|Spirit Break|p2a: Pelipper
|-damage|p2a: Pelipper|0 fnt
|faint|p2a: Pelipper
|move|p2b: Primarina|Hyper Voice|p1a: Scizor|[spread] p1a,p1b
|-damage|p1a: Scizor|5/100
|-damage|p1b: Grimmsnarl|50/100g
|
|-weather|RainDance|[upkeep]
|upkeep
|
|t:|1782460298
|switch|p2a: Sceptile|Sceptile-Mega, L50, M|100/100
|turn|3
|
|t:|1782460305
|switch|p2a: Sinistcha|Sinistcha-Masterpiece, L50, shiny|100/100
|move|p1a: Scizor|Dual Wingbeat|p2a: Sinistcha
|-supereffective|p2a: Sinistcha|1
|-damage|p2a: Sinistcha|51/100
|-supereffective|p2a: Sinistcha|1
|-damage|p2a: Sinistcha|5/100
|-enditem|p2a: Sinistcha|Sitrus Berry|[eat]
|-heal|p2a: Sinistcha|30/100|[from] item: Sitrus Berry
|-hitcount|p2a: Sinistcha|2
|move|p1b: Grimmsnarl|Spirit Break|p2a: Sinistcha
|-damage|p2a: Sinistcha|1/100
|-unboost|p2a: Sinistcha|spa|1
|move|p2b: Primarina|Hyper Voice|p1b: Grimmsnarl|[spread] p1a,p1b
|-damage|p1a: Scizor|0 fnt
|-damage|p1b: Grimmsnarl|20/100y
|faint|p1a: Scizor
|
|-weather|RainDance|[upkeep]
|upkeep
|
|t:|1782460316
|switch|p1a: Staraptor|Staraptor, L50, M|100/100
|-ability|p1a: Staraptor|Intimidate|boost
|-unboost|p2a: Sinistcha|atk|1
|-unboost|p2b: Primarina|atk|1
|turn|4
|
|t:|1782460333
|detailschange|p1a: Staraptor|Staraptor-Mega, L50, M
|-mega|p1a: Staraptor|Staraptor|Staraptite
|move|p1a: Staraptor|Protect|p1a: Staraptor
|-singleturn|p1a: Staraptor|Protect
|move|p1b: Grimmsnarl|Parting Shot|p2b: Primarina
|-unboost|p2b: Primarina|atk|1
|-unboost|p2b: Primarina|spa|1
|
|t:|1782460340
|switch|p1b: Archaludon|Archaludon, L50, F|100/100|[from] Parting Shot
|move|p2a: Sinistcha|Strength Sap|p1a: Staraptor
|-activate|p1a: Staraptor|move: Protect
|move|p2b: Primarina|Hyper Voice|p1a: Staraptor|[spread] p1b
|-activate|p1a: Staraptor|move: Protect
|-resisted|p1b: Archaludon|1
|-damage|p1b: Archaludon|79/100
|-ability|p1b: Archaludon|Stamina|boost
|-boost|p1b: Archaludon|def|1
|
|-weather|RainDance|[upkeep]
|-sideend|p1: Linkmasterjr|move: Tailwind
|upkeep
|turn|5
|
|t:|1782460368
|move|p1a: Staraptor|Tailwind|p1a: Staraptor
|-sidestart|p1: Linkmasterjr|move: Tailwind
|move|p1b: Archaludon|Electro Shot||[still]
|-prepare|p1b: Archaludon|Electro Shot
|-boost|p1b: Archaludon|spa|1
|-anim|p1b: Archaludon|Electro Shot|p2b: Primarina
|-supereffective|p2b: Primarina|1
|-damage|p2b: Primarina|0 fnt
|faint|p2b: Primarina
|move|p2a: Sinistcha|Strength Sap|p1a: Staraptor
|-boost|p1a: Staraptor|atk|1
|-heal|p2a: Sinistcha|100/100
|
|-weather|RainDance|[upkeep]
|upkeep
|
|t:|1782460379
|switch|p2b: Sceptile|Sceptile-Mega, L50, M|100/100
|turn|6
|
|t:|1782460388
|move|p1a: Staraptor|Brave Bird|p2b: Sceptile
|-supereffective|p2b: Sceptile|1
|-damage|p2b: Sceptile|0 fnt
|faint|p2b: Sceptile
|-damage|p1a: Staraptor|69/100|[from] Recoil
|move|p1b: Archaludon|Electro Shot||[still]
|-prepare|p1b: Archaludon|Electro Shot
|-boost|p1b: Archaludon|spa|1
|-anim|p1b: Archaludon|Electro Shot|p2a: Sinistcha
|-resisted|p2a: Sinistcha|1
|-damage|p2a: Sinistcha|48/100
|move|p2a: Sinistcha|Shadow Ball|p1b: Archaludon
|-damage|p1b: Archaludon|50/100g
|-ability|p1b: Archaludon|Stamina|boost
|-boost|p1b: Archaludon|def|1
|
|-weather|none
|upkeep
|turn|7
|
|t:|1782460404
|move|p1a: Staraptor|Brave Bird|p2a: Sinistcha
|-supereffective|p2a: Sinistcha|1
|-damage|p2a: Sinistcha|0 fnt
|faint|p2a: Sinistcha
|-damage|p1a: Staraptor|51/100|[from] Recoil
|
|win|Linkmasterjr
