|j|☆benniOVY
|j|☆Picoti
|html|benniOVYPicoti    
|uhtml|bestof|Game 1 of a best-of-3
|t:|1783353236
|gametype|doubles
|player|p1|benniOVY|102|1240
|player|p2|Picoti|102|1178
|gen|9
|tier|[Gen 9 Champions] VGC 2026 Reg M-B (Bo3)
|rated|
|rule|Species Clause: Limit one of each Pokémon
|rule|Item Clause: Limit 1 of each item
|clearpoke
|poke|p1|Venusaur, L50, F|
|poke|p1|Grimmsnarl, L50, M|
|poke|p1|Pelipper, L50, F|
|poke|p1|Archaludon, L50, M|
|poke|p1|Swampert, L50, F|
|poke|p1|Basculegion, L50, M|
|poke|p2|Blaziken, L50, F|
|poke|p2|Aerodactyl, L50, F|
|poke|p2|Kingambit, L50, F|
|poke|p2|Basculegion, L50, M|
|poke|p2|Sylveon, L50, M|
|poke|p2|Torkoal, L50, F|
|teampreview|4
|showteam|p1|Venusaur||Venusaurite|Overgrow|GigaDrain,SludgeBomb,EarthPower,Protect|Modest||F|||50|]Grimmsnarl||LightClay|Prankster|FoulPlay,PartingShot,Reflect,LightScreen|Bold||M|||50|]Pelipper||SitrusBerry|Drizzle|WeatherBall,Hurricane,WideGuard,Tailwind|Bold||F|||50|]Archaludon||Leftovers|Stamina|ElectroShot,FlashCannon,DragonPulse,Protect|Bold||M|||50|]Swampert||Swampertite|Torrent|WaveCrash,Earthquake,IcePunch,Protect|Adamant||F|||50|]Basculegion||ChoiceScarf|Adaptability|WaveCrash,FlipTurn,AquaJet,LastRespects|Jolly||M|||50|
|showteam|p2|Blaziken||Blazikenite|SpeedBoost|FlareBlitz,CloseCombat,Protect,RockSlide|Adamant||F|||50|]Aerodactyl||Aerodactylite|Unnerve|RockSlide,DualWingbeat,IceFang,Tailwind|Jolly||F|||50|]Kingambit||LifeOrb|Defiant|KowtowCleave,Protect,IronHead,SuckerPunch|Adamant||F|||50|]Basculegion||FocusSash|Adaptability|Liquidation,Protect,LastRespects,AquaJet|Adamant||M|||50|]Sylveon||FairyFeather|Pixilate|HyperVoice,Moonblast,QuickAttack,Protect|Modest||M|||50|]Torkoal||Leftovers|Drought|BurningJealousy,WeatherBall,Protect,Yawn|Relaxed||F|||50|
|c|☆benniOVY|glhf
|inactive|Battle timer is ON: inactive players will automatically lose when time's up. (requested by Picoti)
|
|t:|1783353256
|teamsize|p1|4
|teamsize|p2|4
|start
|switch|p1a: Swampert|Swampert, L50, F|100/100
|switch|p1b: Grimmsnarl|Grimmsnarl, L50, M|100/100
|switch|p2a: Sylveon|Sylveon, L50, M|100/100
|switch|p2b: Blaziken|Blaziken, L50, F|100/100
|turn|1
|inactive|Picoti has 30 seconds left.
|inactive|Picoti has 20 seconds left.
|
|t:|1783353296
|detailschange|p2b: Blaziken|Blaziken-Mega, L50, F
|-mega|p2b: Blaziken|Blaziken|Blazikenite
|detailschange|p1a: Swampert|Swampert-Mega, L50, F
|-mega|p1a: Swampert|Swampert|Swampertite
|move|p2b: Blaziken|Protect|p2b: Blaziken
|-singleturn|p2b: Blaziken|Protect
|move|p1b: Grimmsnarl|Parting Shot|p2a: Sylveon
|-unboost|p2a: Sylveon|atk|1
|-unboost|p2a: Sylveon|spa|1
|
|t:|1783353301
|switch|p1b: Pelipper|Pelipper, L50, F|100/100|[from] Parting Shot
|-weather|RainDance|[from] ability: Drizzle|[of] p1b: Pelipper
|move|p1a: Swampert|Wave Crash|p2a: Sylveon
|-damage|p2a: Sylveon|0 fnt
|faint|p2a: Sylveon
|-damage|p1a: Swampert|67/100|[from] Recoil
|
|-weather|RainDance|[upkeep]
|-ability|p2b: Blaziken|Speed Boost|boost
|-boost|p2b: Blaziken|spe|1
|upkeep
|
|t:|1783353310
|switch|p2a: Torkoal|Torkoal, L50, F|100/100
|-weather|SunnyDay|[from] ability: Drought|[of] p2a: Torkoal
|turn|2
|
|t:|1783353318
|switch|p1b: Grimmsnarl|Grimmsnarl, L50, M|100/100
|move|p1a: Swampert|Protect|p1a: Swampert
|-singleturn|p1a: Swampert|Protect
|move|p2b: Blaziken|Close Combat|p1a: Swampert
|-activate|p1a: Swampert|move: Protect
|move|p2a: Torkoal|Yawn|p1b: Grimmsnarl
|-start|p1b: Grimmsnarl|move: Yawn|[of] p2a: Torkoal
|
|-weather|SunnyDay|[upkeep]
|-ability|p2b: Blaziken|Speed Boost|boost
|-boost|p2b: Blaziken|spe|1
|upkeep
|turn|3
|
|t:|1783353336
|switch|p2a: Kingambit|Kingambit, L50, F|100/100
|move|p1b: Grimmsnarl|Parting Shot|p2a: Kingambit
|-hint|Since gen 7, Dark is immune to Prankster moves.
|-immune|p2a: Kingambit
|move|p2b: Blaziken|Close Combat|p1a: Swampert
|-damage|p1a: Swampert|0 fnt
|-unboost|p2b: Blaziken|def|1
|-unboost|p2b: Blaziken|spd|1
|faint|p1a: Swampert
|
|-weather|SunnyDay|[upkeep]
|-end|p1b: Grimmsnarl|move: Yawn|[silent]
|-status|p1b: Grimmsnarl|slp
|-ability|p2b: Blaziken|Speed Boost|boost
|-boost|p2b: Blaziken|spe|1
|upkeep
|c|☆benniOVY|im ass and i had no clue that would kill
|
|t:|1783353348
|switch|p1a: Archaludon|Archaludon, L50, M|100/100
|turn|4
|
|t:|1783353355
|switch|p1b: Pelipper|Pelipper, L50, F|100/100
|-weather|RainDance|[from] ability: Drizzle|[of] p1b: Pelipper
|move|p2b: Blaziken|Flare Blitz|p1a: Archaludon
|-damage|p1a: Archaludon|75/100
|-ability|p1a: Archaludon|Stamina|boost
|-boost|p1a: Archaludon|def|1
|-damage|p2b: Blaziken|89/100|[from] Recoil
|move|p1a: Archaludon|Electro Shot||[still]
|-prepare|p1a: Archaludon|Electro Shot
|-boost|p1a: Archaludon|spa|1
|-anim|p1a: Archaludon|Electro Shot|p2b: Blaziken
|-damage|p2b: Blaziken|0 fnt
|faint|p2b: Blaziken
|move|p2a: Kingambit|Iron Head|p1b: Pelipper
|-resisted|p1b: Pelipper|1
|-damage|p1b: Pelipper|74/100
|-damage|p2a: Kingambit|90/100|[from] item: Life Orb
|
|-weather|RainDance|[upkeep]
|-heal|p1a: Archaludon|81/100|[from] item: Leftovers
|upkeep
|
|t:|1783353358
|switch|p2b: Torkoal|Torkoal, L50, F|100/100
|-weather|SunnyDay|[from] ability: Drought|[of] p2b: Torkoal
|turn|5
|
|t:|1783353369
|switch|p1b: Grimmsnarl|Grimmsnarl, L50, M|100/100 slp
|move|p1a: Archaludon|Protect|p1a: Archaludon
|-singleturn|p1a: Archaludon|Protect
|move|p2a: Kingambit|Kowtow Cleave|p1a: Archaludon
|-activate|p1a: Archaludon|move: Protect
|move|p2b: Torkoal|Burning Jealousy|p1a: Archaludon|[spread] p1b
|-activate|p1a: Archaludon|move: Protect
|-damage|p1b: Grimmsnarl|73/100 slp
|
|-weather|SunnyDay|[upkeep]
|-heal|p1a: Archaludon|87/100|[from] item: Leftovers
|upkeep
|turn|6
|
|t:|1783353377
|switch|p1b: Pelipper|Pelipper, L50, F|74/100
|-weather|RainDance|[from] ability: Drizzle|[of] p1b: Pelipper
|move|p1a: Archaludon|Electro Shot||[still]
|-prepare|p1a: Archaludon|Electro Shot
|-boost|p1a: Archaludon|spa|1
|-anim|p1a: Archaludon|Electro Shot|p2b: Torkoal
|-damage|p2b: Torkoal|18/100
|move|p2a: Kingambit|Kowtow Cleave|p1a: Archaludon
|-damage|p1a: Archaludon|57/100
|-ability|p1a: Archaludon|Stamina|boost
|-boost|p1a: Archaludon|def|1
|-damage|p2a: Kingambit|80/100|[from] item: Life Orb
|move|p2b: Torkoal|Burning Jealousy|p1b: Pelipper|[spread] p1a,p1b
|-resisted|p1b: Pelipper|1
|-damage|p1a: Archaludon|49/100
|-damage|p1b: Pelipper|68/100
|-status|p1a: Archaludon|brn
|-ability|p1a: Archaludon|Stamina|boost
|-boost|p1a: Archaludon|def|1
|
|-weather|RainDance|[upkeep]
|-heal|p1a: Archaludon|55/100 brn|[from] item: Leftovers
|-heal|p2b: Torkoal|25/100|[from] item: Leftovers
|-damage|p1a: Archaludon|49/100 brn|[from] brn
|upkeep
|turn|7
|
|t:|1783353398
|move|p2b: Torkoal|Protect|p2b: Torkoal
|-singleturn|p2b: Torkoal|Protect
|move|p2a: Kingambit|Sucker Punch|p1b: Pelipper
|-damage|p1b: Pelipper|23/100
|-enditem|p1b: Pelipper|Sitrus Berry|[eat]
|-heal|p1b: Pelipper|48/100|[from] item: Sitrus Berry
|-damage|p2a: Kingambit|71/100|[from] item: Life Orb
|move|p1a: Archaludon|Electro Shot||[still]
|-prepare|p1a: Archaludon|Electro Shot
|-boost|p1a: Archaludon|spa|1
|-anim|p1a: Archaludon|Electro Shot|p2a: Kingambit
|-damage|p2a: Kingambit|0 fnt
|faint|p2a: Kingambit
|move|p1b: Pelipper|Weather Ball|p2b: Torkoal
|-activate|p2b: Torkoal|move: Protect
|
|-weather|RainDance|[upkeep]
|-heal|p1a: Archaludon|55/100 brn|[from] item: Leftovers
|-heal|p2b: Torkoal|31/100|[from] item: Leftovers
|-damage|p1a: Archaludon|49/100 brn|[from] brn
|upkeep
|turn|8
|
|t:|1783353406
|move|p1a: Archaludon|Electro Shot||[still]
|-prepare|p1a: Archaludon|Electro Shot
|-boost|p1a: Archaludon|spa|1
|-anim|p1a: Archaludon|Electro Shot|p2b: Torkoal
|-damage|p2b: Torkoal|0 fnt
|faint|p2b: Torkoal
|
|win|benniOVY
||Picoti is ready for game 2.
||benniOVY is ready for game 2.
|uhtml|next|Next: Game 2 of 3
|l|☆Picoti
|player|p2|
