|j|☆Olciax34
|j|☆maesker
|html|Olciax34maesker    
|uhtml|bestof|Game 2 of a best-of-3
|t:|1782513254
|gametype|doubles
|player|p1|Olciax34|clair|1177
|player|p2|maesker|dawn|1161
|gen|9
|tier|[Gen 9 Champions] VGC 2026 Reg M-B (Bo3)
|rated|
|rule|Species Clause: Limit one of each Pokémon
|rule|Item Clause: Limit 1 of each item
|clearpoke
|poke|p1|Charizard, L50, M|
|poke|p1|Whimsicott, L50, F|
|poke|p1|Garchomp, L50, F|
|poke|p1|Gholdengo, L50|
|poke|p1|Kangaskhan, L50, F|
|poke|p1|Incineroar, L50, M|
|poke|p2|Gengar, L50, M|
|poke|p2|Gyarados, L50, M|
|poke|p2|Kingambit, L50, F|
|poke|p2|Sylveon, L50, M|
|poke|p2|Garchomp, L50, M|
|poke|p2|Raichu, L50, M|
|teampreview|4
|showteam|p1|Charizard||CharizarditeY|SolarPower|HeatWave,WeatherBall,SolarBeam,Protect|Modest||M|||50|]Whimsicott||FocusSash|Prankster|Moonblast,Tailwind,Encore,Protect|Timid||F|||50|]Garchomp||LifeOrb|RoughSkin|Earthquake,DragonClaw,RockSlide,Protect|Jolly||F|||50|]Gholdengo||SpellTag|GoodasGold|MakeItRain,ShadowBall,NastyPlot,Protect|Modest|||||50|]Kangaskhan||Kangaskhanite|Scrappy|DoubleEdge,IcePunch,LowKick,FakeOut|Adamant||F|||50|]Incineroar||SitrusBerry|Intimidate|FakeOut,ThroatChop,FlareBlitz,PartingShot|Careful||M|||50|
|showteam|p2|Gengar||Gengarite|CursedBody|Protect,ShadowBall,IcyWind,DazzlingGleam|Timid||M|||50|]Gyarados||Leftovers|Intimidate|DragonDance,Waterfall,Earthquake,IceFang|Adamant||M|||50|]Kingambit||SitrusBerry|Defiant|SwordsDance,SuckerPunch,KowtowCleave,IronHead|Adamant||F|||50|]Sylveon||FairyFeather|Pixilate|HyperBeam,HyperVoice,Protect,Wish|Modest||M|||50|]Garchomp||ChoiceScarf|RoughSkin|Earthquake,RockSlide,DragonClaw,StompingTantrum|Adamant||M|||50|]Raichu||RaichuniteY|LightningRod|FakeOut,Protect,FocusBlast,ZapCannon|Timid||M|||50|
|inactive|Battle timer is ON: inactive players will automatically lose when time's up. (requested by Olciax34)
|
|t:|1782513296
|teamsize|p1|4
|teamsize|p2|4
|start
|switch|p1a: Whimsicott|Whimsicott, L50, F|100/100
|switch|p1b: Charizard|Charizard, L50, M|100/100
|switch|p2a: Gengar|Gengar, L50, M|100/100
|switch|p2b: Sylveon|Sylveon, L50, M|100/100
|turn|1
|
|t:|1782513313
|detailschange|p2a: Gengar|Gengar-Mega, L50, M
|-mega|p2a: Gengar|Gengar|Gengarite
|detailschange|p1b: Charizard|Charizard-Mega-Y, L50, M
|-mega|p1b: Charizard|Charizard|Charizardite Y
|-weather|SunnyDay|[from] ability: Drought|[of] p1b: Charizard
|move|p1a: Whimsicott|Tailwind|p1a: Whimsicott
|-sidestart|p1: Olciax34|move: Tailwind
|move|p1b: Charizard|Weather Ball|p2a: Gengar
|-damage|p2a: Gengar|0 fnt
|faint|p2a: Gengar
|move|p2b: Sylveon|Hyper Voice|p1a: Whimsicott|[spread] p1a,p1b
|-resisted|p1b: Charizard|1
|-damage|p1a: Whimsicott|14/100
|-damage|p1b: Charizard|75/100
|
|-weather|SunnyDay|[upkeep]
|upkeep
|
|t:|1782513321
|switch|p2a: Kingambit|Kingambit, L50, F|100/100
|turn|2
|
|t:|1782513335
|move|p1a: Whimsicott|Protect|p1a: Whimsicott
|-singleturn|p1a: Whimsicott|Protect
|move|p2a: Kingambit|Sucker Punch|p1b: Charizard
|-damage|p1b: Charizard|21/100
|move|p1b: Charizard|Heat Wave|p2a: Kingambit|[spread] p2a,p2b
|-supereffective|p2a: Kingambit|1
|-damage|p2a: Kingambit|0 fnt
|-damage|p2b: Sylveon|51/100
|faint|p2a: Kingambit
|move|p2b: Sylveon|Hyper Voice|p1b: Charizard|[spread] p1b
|-activate|p1a: Whimsicott|move: Protect
|-resisted|p1b: Charizard|1
|-damage|p1b: Charizard|0 fnt
|faint|p1b: Charizard
|
|-weather|SunnyDay|[upkeep]
|upkeep
|
|t:|1782513348
|switch|p1b: Gholdengo|Gholdengo, L50|100/100
|switch|p2a: Gyarados|Gyarados, L50, M|100/100
|-ability|p2a: Gyarados|Intimidate|boost
|-unboost|p1a: Whimsicott|atk|1
|-unboost|p1b: Gholdengo|atk|1
|turn|3
|
|t:|1782513368
|switch|p1a: Garchomp|Garchomp, L50, F|100/100
|move|p2b: Sylveon|Protect|p2b: Sylveon
|-singleturn|p2b: Sylveon|Protect
|move|p1b: Gholdengo|Make It Rain|p2b: Sylveon|[spread] p2a
|-activate|p2b: Sylveon|move: Protect
|-resisted|p2a: Gyarados|1
|-damage|p2a: Gyarados|81/100
|-unboost|p1b: Gholdengo|spa|2
|move|p2a: Gyarados|Earthquake|p1b: Gholdengo|[spread] p1a,p1b
|-activate|p2b: Sylveon|move: Protect
|-supereffective|p1b: Gholdengo|1
|-damage|p1a: Garchomp|73/100
|-damage|p1b: Gholdengo|51/100
|
|-weather|SunnyDay|[upkeep]
|-heal|p2a: Gyarados|87/100|[from] item: Leftovers
|upkeep
|turn|4
|inactive|maesker has 30 seconds left.
|
|t:|1782513398
|move|p1a: Garchomp|Rock Slide|p2b: Sylveon|[spread] p2a,p2b
|-supereffective|p2a: Gyarados|1
|-damage|p2a: Gyarados|35/100
|-damage|p2b: Sylveon|23/100
|-damage|p1a: Garchomp|63/100|[from] item: Life Orb
|move|p1b: Gholdengo|Make It Rain|p2b: Sylveon|[spread] p2a,p2b
|-resisted|p2a: Gyarados|1
|-supereffective|p2b: Sylveon|1
|-damage|p2a: Gyarados|26/100
|-damage|p2b: Sylveon|0 fnt
|-unboost|p1b: Gholdengo|spa|2
|faint|p2b: Sylveon
|move|p2a: Gyarados|Waterfall|p1b: Gholdengo
|-damage|p1b: Gholdengo|30/100
|
|-weather|SunnyDay|[upkeep]
|-heal|p2a: Gyarados|32/100|[from] item: Leftovers
|-sideend|p1: Olciax34|move: Tailwind
|upkeep
|turn|5
|-message|maesker forfeited.
|raw|Olciax34's rating: 1177 → 1201(+24 for winning)
|raw|maesker's rating: 1161 → 1137(-24 for losing)
|
|win|Olciax34
