|j|☆felasmiguel
|j|☆myshirtisdirty
|html|felasmiguelmyshirtisdirty    
|uhtml|bestof|Game 3 of a best-of-3
|t:|1756520183
|gametype|doubles
|player|p1|felasmiguel|scientist|1117
|player|p2|myshirtisdirty|2|1069
|gen|9
|tier|[Gen 9] VGC 2025 Reg H (Bo3)
|rated|
|rule|Species Clause: Limit one of each Pokémon
|rule|Item Clause: Limit 1 of each item
|clearpoke
|poke|p1|Metagross, L50|
|poke|p1|Mienshao, L50, F|
|poke|p1|Sinistcha, L50|
|poke|p1|Frosmoth, L50, M|
|poke|p1|Glimmora, L50, M|
|poke|p1|Zoroark-Hisui, L50, M|
|poke|p2|Typhlosion-Hisui, L50, M|
|poke|p2|Whimsicott, L50, M|
|poke|p2|Ursaluna-Bloodmoon, L50, M|
|poke|p2|Primarina, L50, F|
|poke|p2|Meowscarada, L50, F|
|poke|p2|Farigiraf, L50, F|
|teampreview|4
|showteam|p1|Metagross||AssaultVest|ClearBody|HardPress,PsychicFangs,BulletPunch,StompingTantrum||||||50|,,,,,Dragon]Mienshao||FocusSash|InnerFocus|CloseCombat,WideGuard,Taunt,Coaching|||F|||50|,,,,,Fighting]Sinistcha||RockyHelmet|Hospitality|LifeDew,MatchaGotcha,RagePowder,TrickRoom||||||50|,,,,,Water]Frosmoth||SafetyGoggles|IceScales|QuiverDance,IceBeam,TeraBlast,Protect|||M|||50|,,,,,Electric]Glimmora||PowerHerb|Corrosion|MeteorBeam,Toxic,SpikyShield,EarthPower|||M|||50|,,,,,Grass]Zoroark-Hisui||ChoiceScarf|Illusion|IcyWind,ShadowBall,HyperVoice,Trick|||M|||50|,,,,,Stellar
|showteam|p2|Typhlosion-Hisui||Charcoal|Blaze|Eruption,HeatWave,ShadowBall,Protect|||M|||50|,,,,,Fire]Whimsicott||CovertCloak|Prankster|Tailwind,Moonblast,SunnyDay,Encore|||M|||50|,,,,,Dark]Ursaluna-Bloodmoon||LifeOrb|MindsEye|HyperVoice,BloodMoon,EarthPower,Protect|||M|||50|,,,,,Normal]Primarina||ThroatSpray|LiquidVoice|Moonblast,HyperVoice,Haze,Protect|||F|||50|,,,,,Grass]Meowscarada||FocusSash|Protean|FlowerTrick,KnockOff,Uturn,Protect|||F|||50|,,,,,Grass]Farigiraf||SafetyGoggles|ArmorTail|PsychicNoise,HyperVoice,HelpingHand,TrickRoom|||F|||50|,,,,,Fire
|
|t:|1756520237
|teamsize|p1|4
|teamsize|p2|4
|start
|switch|p1a: Frosmoth|Frosmoth, L50, M|100/100
|switch|p1b: Mienshao|Mienshao, L50, F|100/100
|switch|p2a: Whimsicott|Whimsicott, L50, M|100/100
|switch|p2b: Meowscarada|Meowscarada, L50, F|100/100
|turn|1
|
|t:|1756520277
|switch|p1b: Sinistcha|Sinistcha, L50|100/100
|move|p2b: Meowscarada|Protect|p2b: Meowscarada
|-start|p2b: Meowscarada|typechange|Normal|[from] ability: Protean
|-singleturn|p2b: Meowscarada|Protect
|move|p2a: Whimsicott|Moonblast|p1b: Sinistcha
|-damage|p1b: Sinistcha|66/100
|move|p1a: Frosmoth|Ice Beam|p2b: Meowscarada
|-activate|p2b: Meowscarada|move: Protect
|
|upkeep
|turn|2
|
|t:|1756520305
|switch|p2b: Typhlosion|Typhlosion-Hisui, L50, M|100/100
|-terastallize|p1b: Sinistcha|Water
|move|p2a: Whimsicott|Encore|p1a: Frosmoth
|-start|p1a: Frosmoth|Encore
|move|p1a: Frosmoth|Ice Beam|p2b: Typhlosion
|-resisted|p2b: Typhlosion
|-damage|p2b: Typhlosion|74/100
|move|p1b: Sinistcha|Trick Room|p1b: Sinistcha
|-fieldstart|move: Trick Room|[of] p1b: Sinistcha
|
|upkeep
|turn|3
|
|t:|1756520327
|switch|p1a: Glimmora|Glimmora, L50, M|100/100
|move|p1b: Sinistcha|Rage Powder|p1b: Sinistcha
|-singleturn|p1b: Sinistcha|move: Rage Powder
|move|p2a: Whimsicott|Sunny Day|p2a: Whimsicott
|-weather|SunnyDay
|move|p2b: Typhlosion|Heat Wave|p1b: Sinistcha|[spread] p1a,p1b
|-resisted|p1a: Glimmora
|-resisted|p1b: Sinistcha
|-damage|p1a: Glimmora|59/100
|-damage|p1b: Sinistcha|27/100
|
|-weather|SunnyDay|[upkeep]
|upkeep
|turn|4
|
|t:|1756520376
|move|p2b: Typhlosion|Protect|p2b: Typhlosion
|-singleturn|p2b: Typhlosion|Protect
|move|p1b: Sinistcha|Life Dew|p1b: Sinistcha|[spread] p1a,p1b
|-heal|p1a: Glimmora|84/100
|-heal|p1b: Sinistcha|52/100
|move|p1a: Glimmora|Meteor Beam||[still]
|-prepare|p1a: Glimmora|Meteor Beam
|-boost|p1a: Glimmora|spa|1
|-enditem|p1a: Glimmora|Power Herb
|-anim|p1a: Glimmora|Meteor Beam|p2a: Whimsicott
|-damage|p2a: Whimsicott|0 fnt
|faint|p2a: Whimsicott
|
|-weather|SunnyDay|[upkeep]
|upkeep
|
|t:|1756520400
|switch|p2a: Ursaluna|Ursaluna-Bloodmoon, L50, M|100/100
|turn|5
|
|t:|1756520423
|-terastallize|p2a: Ursaluna|Normal
|move|p2b: Typhlosion|Protect||[still]
|-fail|p2b: Typhlosion
|move|p1b: Sinistcha|Rage Powder|p1b: Sinistcha
|-singleturn|p1b: Sinistcha|move: Rage Powder
|move|p2a: Ursaluna|Hyper Voice|p1a: Glimmora|[spread] p1a,p1b
|-resisted|p1a: Glimmora
|-damage|p1a: Glimmora|45/100
|-damage|p1b: Sinistcha|0 fnt
|faint|p1b: Sinistcha
|-damage|p2a: Ursaluna|91/100|[from] item: Life Orb
|move|p1a: Glimmora|Earth Power|p2b: Typhlosion
|-supereffective|p2b: Typhlosion
|-damage|p2b: Typhlosion|0 fnt
|faint|p2b: Typhlosion
|
|-weather|SunnyDay|[upkeep]
|upkeep
|
|t:|1756520444
|switch|p1b: Frosmoth|Frosmoth, L50, M|100/100
|switch|p2b: Meowscarada|Meowscarada, L50, F|100/100
|turn|6
|
|t:|1756520468
|move|p2a: Ursaluna|Protect|p2a: Ursaluna
|-singleturn|p2a: Ursaluna|Protect
|move|p2b: Meowscarada|Protect|p2b: Meowscarada
|-start|p2b: Meowscarada|typechange|Normal|[from] ability: Protean
|-singleturn|p2b: Meowscarada|Protect
|move|p1b: Frosmoth|Ice Beam|p2a: Ursaluna
|-activate|p2a: Ursaluna|move: Protect
|move|p1a: Glimmora|Earth Power|p2a: Ursaluna
|-activate|p2a: Ursaluna|move: Protect
|
|-weather|SunnyDay|[upkeep]
|-fieldend|move: Trick Room
|upkeep
|turn|7
|
|t:|1756520494
|move|p1a: Glimmora|Spiky Shield|p1a: Glimmora
|-singleturn|p1a: Glimmora|move: Protect
|move|p2b: Meowscarada|Flower Trick|p1a: Glimmora
|-activate|p1a: Glimmora|move: Protect
|move|p2a: Ursaluna|Hyper Voice|p1a: Glimmora|[spread] p1b
|-activate|p1a: Glimmora|move: Protect
|-damage|p1b: Frosmoth|63/100
|-damage|p2a: Ursaluna|81/100|[from] item: Life Orb
|move|p1b: Frosmoth|Quiver Dance|p1b: Frosmoth
|-boost|p1b: Frosmoth|spa|1
|-boost|p1b: Frosmoth|spd|1
|-boost|p1b: Frosmoth|spe|1
|
|-weather|none
|upkeep
|turn|8
|
|t:|1756520524
|move|p2b: Meowscarada|Knock Off|p1b: Frosmoth
|-damage|p1b: Frosmoth|27/100
|-enditem|p1b: Frosmoth|Safety Goggles|[from] move: Knock Off|[of] p2b: Meowscarada
|move|p1b: Frosmoth|Ice Beam|p2b: Meowscarada
|-damage|p2b: Meowscarada|8/100
|move|p1a: Glimmora|Earth Power|p2a: Ursaluna
|-damage|p2a: Ursaluna|15/100
|move|p2a: Ursaluna|Hyper Voice|p1a: Glimmora|[spread] p1a,p1b
|-resisted|p1a: Glimmora
|-crit|p1a: Glimmora
|-damage|p1a: Glimmora|0 fnt
|-damage|p1b: Frosmoth|3/100
|faint|p1a: Glimmora
|-damage|p2a: Ursaluna|5/100|[from] item: Life Orb
|
|upkeep
|
|t:|1756520534
|switch|p1a: Mienshao|Mienshao, L50, F|100/100
|turn|9
|
|t:|1756520584
|move|p2b: Meowscarada|Protect|p2b: Meowscarada
|-singleturn|p2b: Meowscarada|Protect
|move|p2a: Ursaluna|Protect|p2a: Ursaluna
|-singleturn|p2a: Ursaluna|Protect
|move|p1a: Mienshao|Close Combat|p2b: Meowscarada
|-activate|p2b: Meowscarada|move: Protect
|move|p1b: Frosmoth|Ice Beam|p2a: Ursaluna
|-activate|p2a: Ursaluna|move: Protect
|
|upkeep
|turn|10
|inactive|Battle timer is ON: inactive players will automatically lose when time's up. (requested by myshirtisdirty)
|
|t:|1756520610
|move|p2b: Meowscarada|Flower Trick|p1a: Mienshao
|-crit|p1a: Mienshao
|-damage|p1a: Mienshao|34/100
|move|p1a: Mienshao|Close Combat|p2b: Meowscarada
|-supereffective|p2b: Meowscarada
|-damage|p2b: Meowscarada|0 fnt
|-unboost|p1a: Mienshao|def|1
|-unboost|p1a: Mienshao|spd|1
|faint|p2b: Meowscarada
|move|p1b: Frosmoth|Ice Beam|p2a: Ursaluna
|-damage|p2a: Ursaluna|0 fnt
|faint|p2a: Ursaluna
|
|win|felasmiguel
|raw|felasmiguel's rating: 1117 → 1139(+22 for winning)
|raw|myshirtisdirty's rating: 1069 → 1051(-18 for losing)
|l|☆felasmiguel
|player|p1|
