|j|☆catpotatt
|j|☆ameliabees
|html|catpotattameliabees    
|uhtml|bestof|Game 3 of a best-of-3
|t:|1786073443
|gametype|doubles
|player|p1|catpotatt|roxie|
|player|p2|ameliabees|nurse|
|gen|9
|tier|[Gen 9 Champions] VGC 2026 Reg M-B (Bo3)
|rule|Species Clause: Limit one of each Pokémon
|rule|Item Clause: Limit 1 of each item
|clearpoke
|poke|p1|Tyranitar, L50, M|
|poke|p1|Excadrill, L50, F|
|poke|p1|Milotic, L50, F|
|poke|p1|Sinistcha, L50|
|poke|p1|Staraptor, L50, F|
|poke|p1|Gholdengo, L50|
|poke|p2|Staraptor, L50, M|
|poke|p2|Garchomp, L50, M|
|poke|p2|Whimsicott, L50, M|
|poke|p2|Delphox, L50, M|
|poke|p2|Glimmora, L50, M|
|poke|p2|Kingambit, L50, M|
|teampreview|4
|showteam|p1|Tyranitar||Tyranitarite|SandStream|KnockOff,RockSlide,HighHorsepower,Protect|Jolly||M|||50|]Excadrill||FocusSash|SandRush|Earthquake,IronHead,RockSlide,Protect|Adamant||F|||50|]Milotic||SitrusBerry|Competitive|Scald,IcyWind,IceBeam,Protect|Calm||F|||50|]Sinistcha||ColburBerry|Hospitality|MatchaGotcha,ShadowBall,Protect,RagePowder|Bold|||||50|]Staraptor||Staraptite|Intimidate|CloseCombat,BraveBird,Tailwind,Protect|Jolly||F|||50|]Gholdengo||LifeOrb|GoodasGold|MakeItRain,ShadowBall,NastyPlot,Protect|Modest|||||50|
|showteam|p2|Staraptor||Staraptite|Intimidate|Protect,Roost,CloseCombat,BraveBird|Jolly||M|||50|]Garchomp||LifeOrb|RoughSkin|Protect,RockSlide,Earthquake,DragonClaw|Jolly||M|||50|]Whimsicott||OccaBerry|Prankster|Moonblast,Tailwind,Charm,LightScreen|Timid||M|||50|]Delphox||Delphoxite|Magician|Protect,Psychic,HeatWave,Substitute|Timid||M|||50|]Glimmora||FocusSash|ToxicDebris|SpikyShield,SludgeBomb,EarthPower,PowerGem|Timid||M|||50|]Kingambit||ChopleBerry|Defiant|SuckerPunch,LowKick,IronHead,KowtowCleave|Adamant||M|||50|
|
|t:|1786073470
|teamsize|p1|4
|teamsize|p2|4
|start
|switch|p1a: Sinistcha|Sinistcha, L50|100/100
|switch|p1b: Staraptor|Staraptor, L50, F|100/100
|switch|p2a: Delphox|Delphox, L50, M|100/100
|switch|p2b: Garchomp|Garchomp, L50, M|100/100
|-ability|p1b: Staraptor|Intimidate|boost
|-unboost|p2a: Delphox|atk|1
|-unboost|p2b: Garchomp|atk|1
|turn|1
|
|t:|1786073492
|detailschange|p1b: Staraptor|Staraptor-Mega, L50, F
|-mega|p1b: Staraptor|Staraptor|Staraptite
|detailschange|p2a: Delphox|Delphox-Mega, L50, M
|-mega|p2a: Delphox|Delphox|Delphoxite
|move|p1a: Sinistcha|Rage Powder|p1a: Sinistcha
|-singleturn|p1a: Sinistcha|move: Rage Powder
|move|p2a: Delphox|Heat Wave|p1a: Sinistcha|[spread] p1a,p1b
|-supereffective|p1a: Sinistcha|1
|-damage|p1a: Sinistcha|23/100
|-damage|p1b: Staraptor|62/100
|move|p1b: Staraptor|Tailwind|p1b: Staraptor
|-sidestart|p1: catpotatt|move: Tailwind
|move|p2b: Garchomp|Rock Slide|p1b: Staraptor|[spread] p1a,p1b
|-damage|p1a: Sinistcha|10/100
|-damage|p1b: Staraptor|46/100
|-damage|p2b: Garchomp|90/100|[from] item: Life Orb
|
|upkeep
|turn|2
|j| somebirdgal
|
|t:|1786073549
|switch|p1a: Tyranitar|Tyranitar, L50, M|100/100
|-weather|Sandstorm|[from] ability: Sand Stream|[of] p1a: Tyranitar
|move|p1b: Staraptor|Protect|p1b: Staraptor
|-singleturn|p1b: Staraptor|Protect
|move|p2a: Delphox|Heat Wave|p1a: Tyranitar|[spread] p1a
|-activate|p1b: Staraptor|move: Protect
|-resisted|p1a: Tyranitar|1
|-damage|p1a: Tyranitar|89/100
|move|p2b: Garchomp|Dragon Claw|p1b: Staraptor
|-activate|p1b: Staraptor|move: Protect
|
|-weather|Sandstorm|[upkeep]
|-damage|p1b: Staraptor|40/100|[from] Sandstorm
|-damage|p2a: Delphox|93/100|[from] Sandstorm
|upkeep
|turn|3
|
|t:|1786073577
|switch|p1a: Sinistcha|Sinistcha, L50|10/100
|-heal|p1b: Staraptor|65/100|[from] ability: Hospitality|[of] p1a: Sinistcha
|move|p1b: Staraptor|Brave Bird|p2a: Delphox
|-crit|p2a: Delphox
|-damage|p2a: Delphox|0 fnt
|faint|p2a: Delphox
|-damage|p1b: Staraptor|38/100|[from] Recoil
|move|p2b: Garchomp|Earthquake|p1b: Staraptor|[spread] p1a
|-immune|p1b: Staraptor
|-resisted|p1a: Sinistcha|1
|-damage|p1a: Sinistcha|0 fnt
|faint|p1a: Sinistcha
|-damage|p2b: Garchomp|80/100|[from] item: Life Orb
|
|-weather|Sandstorm|[upkeep]
|-damage|p1b: Staraptor|32/100|[from] Sandstorm
|upkeep
|
|t:|1786073614
|switch|p2a: Kingambit|Kingambit, L50, M|100/100
|switch|p1a: Tyranitar|Tyranitar, L50, M|89/100
|turn|4
|
|t:|1786073640
|move|p1b: Staraptor|Close Combat|p2a: Kingambit
|-supereffective|p2a: Kingambit|2
|-enditem|p2a: Kingambit|Chople Berry|[eat]
|-enditem|p2a: Kingambit|Chople Berry|[weaken]
|-damage|p2a: Kingambit|23/100
|-boost|p1b: Staraptor|def|1
|-boost|p1b: Staraptor|spd|1
|move|p1a: Tyranitar|Knock Off|p2a: Kingambit
|-resisted|p2a: Kingambit|1
|-damage|p2a: Kingambit|11/100
|move|p2b: Garchomp|Rock Slide|p1a: Tyranitar|[spread] p1a,p1b
|-damage|p1a: Tyranitar|73/100
|-damage|p1b: Staraptor|21/100
|-damage|p2b: Garchomp|70/100|[from] item: Life Orb
|move|p2a: Kingambit|Low Kick|p1a: Tyranitar
|-supereffective|p1a: Tyranitar|2
|-damage|p1a: Tyranitar|0 fnt
|faint|p1a: Tyranitar
|
|-weather|Sandstorm|[upkeep]
|-damage|p1b: Staraptor|15/100|[from] Sandstorm
|-sideend|p1: catpotatt|move: Tailwind
|upkeep
|
|t:|1786073650
|switch|p1a: Excadrill|Excadrill, L50, F|100/100
|turn|5
|
|t:|1786073661
|switch|p2b: Staraptor|Staraptor, L50, M|100/100
|-ability|p2b: Staraptor|Intimidate|boost
|-unboost|p1a: Excadrill|atk|1
|-boost|p1b: Staraptor|atk|1
|move|p2a: Kingambit|Sucker Punch|p1b: Staraptor
|-resisted|p1b: Staraptor|1
|-damage|p1b: Staraptor|2/100
|move|p1a: Excadrill|Earthquake|p2a: Kingambit|[spread] p2a
|-immune|p1b: Staraptor
|-immune|p2b: Staraptor
|-supereffective|p2a: Kingambit|1
|-damage|p2a: Kingambit|0 fnt
|faint|p2a: Kingambit
|move|p1b: Staraptor|Close Combat|p2b: Staraptor
|-damage|p2b: Staraptor|0 fnt
|-boost|p1b: Staraptor|def|1
|-boost|p1b: Staraptor|spd|1
|faint|p2b: Staraptor
|
|-weather|Sandstorm|[upkeep]
|-damage|p1b: Staraptor|0 fnt|[from] Sandstorm
|faint|p1b: Staraptor
|upkeep
|
|t:|1786073677
|switch|p2b: Garchomp|Garchomp, L50, M|70/100
|turn|6
|
|t:|1786073702
|move|p2b: Garchomp|Protect|p2b: Garchomp
|-singleturn|p2b: Garchomp|Protect
|move|p1a: Excadrill|Rock Slide|p2b: Garchomp
|-activate|p2b: Garchomp|move: Protect
|
|-weather|none
|upkeep
|turn|7
|
|t:|1786073708
|move|p2b: Garchomp|Earthquake|p1a: Excadrill
|-supereffective|p1a: Excadrill|1
|-enditem|p1a: Excadrill|Focus Sash
|-damage|p1a: Excadrill|1/100
|-damage|p2b: Garchomp|60/100|[from] item: Life Orb
|move|p1a: Excadrill|Earthquake|p2b: Garchomp
|-damage|p2b: Garchomp|24/100
|
|upkeep
|turn|8
|
|t:|1786073721
|move|p2b: Garchomp|Earthquake|p1a: Excadrill
|-supereffective|p1a: Excadrill|1
|-damage|p1a: Excadrill|0 fnt
|faint|p1a: Excadrill
|-damage|p2b: Garchomp|14/100|[from] item: Life Orb
|
|win|ameliabees
