|j|☆Kripo405
|j|☆jussdoit
|html|Kripo405jussdoit    
|uhtml|bestof|Game 1 of a best-of-3
|t:|1756386688
|gametype|doubles
|player|p1|Kripo405|266|1072
|player|p2|jussdoit|steven|1049
|gen|9
|tier|[Gen 9] VGC 2025 Reg H (Bo3)
|rated|
|rule|Species Clause: Limit one of each Pokémon
|rule|Item Clause: Limit 1 of each item
|clearpoke
|poke|p1|Smeargle, L50, M|
|poke|p1|Hydreigon, L50, F|
|poke|p1|Garchomp, L50, F|
|poke|p1|Whimsicott, L50, M|
|poke|p1|Incineroar, L50, F|
|poke|p1|Primarina, L50, M|
|poke|p2|Glaceon, L50, M|
|poke|p2|Ninetales-Alola, L50, M|
|poke|p2|Ceruledge, L50, M|
|poke|p2|Sneasler, L50, F|
|poke|p2|Greninja-*, L50, F|
|poke|p2|Sinistcha, L50|
|teampreview|4
|showteam|p1|Smeargle||FocusSash|Moody|FakeOut,Decorate,FollowMe,Spore|||M|||50|,,,,,Grass]Hydreigon||SafetyGoggles|Levitate|DracoMeteor,DarkPulse,Protect,Snarl|||F|||50|,,,,,Poison]Garchomp||LifeOrb|RoughSkin|Earthquake,StompingTantrum,DragonClaw,Protect|||F|||50|,,,,,Steel]Whimsicott||CovertCloak|Prankster|Moonblast,Tailwind,LightScreen,HelpingHand|||M|||50|,,,,,Dark]Incineroar||AssaultVest|Intimidate|KnockOff,FlareBlitz,Uturn,FakeOut|||F|||50|,,,,,Ghost]Primarina||ThroatSpray|LiquidVoice|Protect,Moonblast,HyperVoice,Haze|||M|||50|,,,,,Fire
|showteam|p2|Glaceon||ChoiceSpecs|SnowCloak|Blizzard,IceBeam,TeraBlast,WeatherBall|||M|||50|,,,,,Fighting]Ninetales-Alola||CovertCloak|SnowWarning|AuroraVeil,HelpingHand,Moonblast,Encore|||M|||50|,,,,,Ice]Ceruledge||BigRoot|FlashFire|BitterBlade,ShadowSneak,SwordsDance,Protect|||M|||50|,,,,,Grass]Sneasler||NormalGem|Unburden|DireClaw,FakeOut,SwordsDance,CloseCombat|||F|||50|,,,,,Stellar]Greninja||LifeOrb|Protean|WaterShuriken,DarkPulse,Extrasensory,Blizzard|||F|||50|,,,,,Steel]Sinistcha||WeaknessPolicy|Hospitality|LifeDew,MatchaGotcha,StrengthSap,Protect||||||50|,,,,,Fire
|inactive|Battle timer is ON: inactive players will automatically lose when time's up. (requested by jussdoit)
|inactive|Kripo405 has 60 seconds left.
|
|t:|1756386734
|teamsize|p1|4
|teamsize|p2|4
|start
|switch|p1a: Hydreigon|Hydreigon, L50, F|100/100
|switch|p1b: Whimsicott|Whimsicott, L50, M|100/100
|switch|p2a: Glaceon|Glaceon, L50, M|100/100
|switch|p2b: Ninetales|Ninetales-Alola, L50, M|100/100
|-weather|Snowscape|[from] ability: Snow Warning|[of] p2b: Ninetales
|turn|1
|
|t:|1756386757
|move|p1a: Hydreigon|Protect|p1a: Hydreigon
|-singleturn|p1a: Hydreigon|Protect
|move|p1b: Whimsicott|Tailwind|p1b: Whimsicott
|-sidestart|p1: Kripo405|move: Tailwind
|move|p2b: Ninetales|Aurora Veil|p2b: Ninetales
|-sidestart|p2: jussdoit|move: Aurora Veil
|move|p2a: Glaceon|Blizzard|p1a: Hydreigon|[spread] p1b
|-activate|p1a: Hydreigon|move: Protect
|-supereffective|p1b: Whimsicott
|-damage|p1b: Whimsicott|0 fnt
|faint|p1b: Whimsicott
|
|-weather|Snowscape|[upkeep]
|upkeep
|
|t:|1756386769
|switch|p1b: Smeargle|Smeargle, L50, M|100/100
|turn|2
|inactive|Kripo405 has 30 seconds left.
|inactive|Kripo405 has 20 seconds left.
|inactive|Kripo405 has 15 seconds left.
|inactive|Kripo405 has 10 seconds left.
|
|t:|1756386817
|move|p1b: Smeargle|Spore|p2a: Glaceon
|-status|p2a: Glaceon|slp|[from] move: Spore
|move|p1a: Hydreigon|Dark Pulse|p2a: Glaceon
|-damage|p2a: Glaceon|73/100 slp
|move|p2b: Ninetales|Moonblast|p1a: Hydreigon
|-supereffective|p1a: Hydreigon
|-damage|p1a: Hydreigon|0 fnt
|faint|p1a: Hydreigon
|cant|p2a: Glaceon|slp
|
|-weather|Snowscape|[upkeep]
|-ability|p1b: Smeargle|Moody|boost
|-boost|p1b: Smeargle|spa|2
|-unboost|p1b: Smeargle|atk|1
|upkeep
|
|t:|1756386825
|switch|p1a: Garchomp|Garchomp, L50, F|100/100
|turn|3
|
|t:|1756386849
|-terastallize|p1a: Garchomp|Steel
|move|p2b: Ninetales|Helping Hand|p2a: Glaceon
|-singleturn|p2a: Glaceon|Helping Hand|[of] p2b: Ninetales
|move|p1a: Garchomp|Dragon Claw|p2a: Glaceon
|-damage|p2a: Glaceon|49/100 slp
|-damage|p1a: Garchomp|91/100|[from] item: Life Orb
|move|p1b: Smeargle|Spore|p2b: Ninetales
|-status|p2b: Ninetales|slp|[from] move: Spore
|cant|p2a: Glaceon|slp
|
|-weather|Snowscape|[upkeep]
|-ability|p1b: Smeargle|Moody|boost
|-boost|p1b: Smeargle|spd|2
|-unboost|p1b: Smeargle|spa|1
|upkeep
|turn|4
|inactive|Kripo405 has 30 seconds left.
|inactive|Kripo405 has 20 seconds left.
|inactive|Kripo405 has 15 seconds left.
|inactive|Kripo405 has 10 seconds left.
|
|t:|1756386894
|move|p1a: Garchomp|Dragon Claw|p2a: Glaceon
|-damage|p2a: Glaceon|25/100 slp
|-damage|p1a: Garchomp|81/100|[from] item: Life Orb
|move|p1b: Smeargle|Decorate|p1a: Garchomp
|-boost|p1a: Garchomp|atk|2
|-boost|p1a: Garchomp|spa|2
|cant|p2b: Ninetales|slp
|cant|p2a: Glaceon|slp
|
|-weather|Snowscape|[upkeep]
|-sideend|p1: Kripo405|move: Tailwind
|-ability|p1b: Smeargle|Moody|boost
|-boost|p1b: Smeargle|spd|2
|-unboost|p1b: Smeargle|def|1
|upkeep
|turn|5
|
|t:|1756386915
|switch|p2b: Sneasler|Sneasler, L50, F|100/100
|move|p1a: Garchomp|Stomping Tantrum|p2a: Glaceon
|-damage|p2a: Glaceon|0 fnt
|faint|p2a: Glaceon
|-damage|p1a: Garchomp|71/100|[from] item: Life Orb
|move|p1b: Smeargle|Decorate|p1a: Garchomp
|-boost|p1a: Garchomp|atk|2
|-boost|p1a: Garchomp|spa|2
|
|-weather|none
|-sideend|p2: jussdoit|move: Aurora Veil
|-ability|p1b: Smeargle|Moody|boost
|-boost|p1b: Smeargle|def|2
|-unboost|p1b: Smeargle|atk|1
|upkeep
|
|t:|1756386928
|switch|p2a: Ninetales|Ninetales-Alola, L50, M|100/100 slp
|-weather|Snowscape|[from] ability: Snow Warning|[of] p2a: Ninetales
|turn|6
|inactive|Kripo405 has 30 seconds left.
|inactive|Kripo405 has 20 seconds left.
|inactive|Kripo405 has 15 seconds left.
|
|t:|1756386970
|move|p2b: Sneasler|Fake Out|p1a: Garchomp
|-enditem|p2b: Sneasler|Normal Gem|[from] gem
|-resisted|p1a: Garchomp
|-damage|p1a: Garchomp|63/100
|-damage|p2b: Sneasler|88/100|[from] ability: Rough Skin|[of] p1a: Garchomp
|move|p1b: Smeargle|Follow Me|p1b: Smeargle
|-singleturn|p1b: Smeargle|move: Follow Me
|cant|p1a: Garchomp|flinch
|cant|p2a: Ninetales|slp
|
|-weather|Snowscape|[upkeep]
|-ability|p1b: Smeargle|Moody|boost
|-boost|p1b: Smeargle|def|2
|-unboost|p1b: Smeargle|spd|1
|upkeep
|turn|7
|inactive|Kripo405 has 30 seconds left.
|
|t:|1756386996
|move|p1b: Smeargle|Follow Me|p1b: Smeargle
|-singleturn|p1b: Smeargle|move: Follow Me
|move|p2b: Sneasler|Close Combat|p1b: Smeargle
|-supereffective|p1b: Smeargle
|-enditem|p1b: Smeargle|Focus Sash
|-damage|p1b: Smeargle|1/100
|-unboost|p2b: Sneasler|def|1
|-unboost|p2b: Sneasler|spd|1
|move|p1a: Garchomp|Dragon Claw|p2b: Sneasler
|-damage|p2b: Sneasler|0 fnt
|faint|p2b: Sneasler
|-damage|p1a: Garchomp|53/100|[from] item: Life Orb
|cant|p2a: Ninetales|slp
|
|-weather|Snowscape|[upkeep]
|-ability|p1b: Smeargle|Moody|boost
|-boost|p1b: Smeargle|spd|2
|-unboost|p1b: Smeargle|def|1
|upkeep
|c|☆jussdoit|3 turn sleep on both mons
|c|☆jussdoit|cool
|
|t:|1756387014
|switch|p2b: Greninja|Greninja, L50, F|100/100
|turn|8
|inactive|Kripo405 has 30 seconds left.
|inactive|Kripo405 has 20 seconds left.
|
|t:|1756387052
|move|p1b: Smeargle|Follow Me|p1b: Smeargle
|-singleturn|p1b: Smeargle|move: Follow Me
|move|p2b: Greninja|Blizzard|p1b: Smeargle|[spread] p1a,p1b
|-start|p2b: Greninja|typechange|Ice|[from] ability: Protean
|-resisted|p1a: Garchomp
|-damage|p1a: Garchomp|26/100
|-damage|p1b: Smeargle|0 fnt
|faint|p1b: Smeargle
|-damage|p2b: Greninja|91/100|[from] item: Life Orb
|move|p1a: Garchomp|Earthquake|p2b: Greninja|[spread] p2a,p2b
|-damage|p2a: Ninetales|0 fnt
|-damage|p2b: Greninja|0 fnt
|faint|p2a: Ninetales
|faint|p2b: Greninja
|-damage|p1a: Garchomp|16/100|[from] item: Life Orb
|
|win|Kripo405
||jussdoit is ready for game 2.
|inactive|Kripo405 has 30 seconds to confirm battle start!
||Kripo405 is ready for game 2.
|uhtml|next|Next: Game 2 of 3
|l|☆jussdoit
|player|p2|
