|j|☆dambro222
|j|☆vikaenjoyer
|html|dambro222vikaenjoyer    
|uhtml|bestof|Game 1 of a best-of-3
|t:|1756400813
|gametype|doubles
|player|p1|dambro222|102|1203
|player|p2|vikaenjoyer|169|1101
|gen|9
|tier|[Gen 9] VGC 2025 Reg H (Bo3)
|rated|
|rule|Species Clause: Limit one of each Pokémon
|rule|Item Clause: Limit 1 of each item
|clearpoke
|poke|p1|Dragonite, L50, M|
|poke|p1|Volcarona, L50, F|
|poke|p1|Sneasler, L50, M|
|poke|p1|Rillaboom, L50, M|
|poke|p1|Electabuzz, L50, M|
|poke|p1|Kingambit, L50, M|
|poke|p2|Bronzong, L50|
|poke|p2|Incineroar, L50, F|
|poke|p2|Sneasler, L50, F|
|poke|p2|Vikavolt, L50, F|
|poke|p2|Ursaluna, L50, F|
|poke|p2|Ninetales-Alola, L50, F|
|teampreview|4
|showteam|p1|Dragonite||LoadedDice|Multiscale|ScaleShot,ExtremeSpeed,Haze,Protect|||M|||50|,,,,,Fairy]Volcarona||CovertCloak|FlameBody|HeatWave,TeraBlast,QuiverDance,Protect|||F|||50|,,,,,Fairy]Sneasler||FocusSash|Unburden|CloseCombat,DireClaw,RockSlide,Protect|||M|||50|,,,,,Stellar]Rillaboom||AssaultVest|GrassySurge|WoodHammer,GrassyGlide,HighHorsepower,FakeOut|||M|||50|,,,,,Water]Electabuzz||Eviolite|VitalSpirit|Electroweb,FollowMe,Taunt,Protect|||M|||50|,,,,,Ghost]Kingambit||BlackGlasses|Defiant|KowtowCleave,SuckerPunch,SwordsDance,Protect|||M|||50|,,,,,Dark
|showteam|p2|Bronzong||SafetyGoggles|Levitate|Psychic,BodyPress,IronDefense,TrickRoom||||||50|,,,,,Water]Incineroar||LumBerry|Intimidate|FakeOut,FlareBlitz,KnockOff,PartingShot|||F|||50|,,,,,Ghost]Sneasler||FocusSash|PoisonTouch|Protect,DireClaw,CloseCombat,ThroatChop|||F|||50|,,,,,Dark]Vikavolt||Magnet|Levitate|Protect,Thunderbolt,BugBuzz,Discharge|||F|||50|,,,,,Electric]Ursaluna||FlameOrb|Guts|Protect,Facade,HeadlongRush,Earthquake|||F|||50|,,,,,Ghost]Ninetales-Alola||LightClay|SnowCloak|Protect,Blizzard,AuroraVeil,Moonblast|||F|||50|,,,,,Water
|inactive|Battle timer is ON: inactive players will automatically lose when time's up. (requested by dambro222)
|inactive|dambro222 has 60 seconds left.
|inactive|vikaenjoyer has 60 seconds left.
|inactive|vikaenjoyer has 30 seconds left.
|
|t:|1756400881
|teamsize|p1|4
|teamsize|p2|4
|start
|switch|p1a: Volcarona|Volcarona, L50, F|100/100
|switch|p1b: Electabuzz|Electabuzz, L50, M|100/100
|switch|p2a: Sneasler|Sneasler, L50, F|100/100
|switch|p2b: Bronzong|Bronzong, L50|100/100
|turn|1
|inactive|vikaenjoyer has 30 seconds left.
|inactive|vikaenjoyer has 20 seconds left.
|
|t:|1756400920
|switch|p2a: Ursaluna|Ursaluna, L50, F|100/100
|move|p1a: Volcarona|Quiver Dance|p1a: Volcarona
|-boost|p1a: Volcarona|spa|1
|-boost|p1a: Volcarona|spd|1
|-boost|p1a: Volcarona|spe|1
|move|p1b: Electabuzz|Taunt|p2b: Bronzong
|-start|p2b: Bronzong|move: Taunt
|move|p2b: Bronzong|Psychic|p1a: Volcarona
|-damage|p1a: Volcarona|83/100
|
|-status|p2a: Ursaluna|brn|[from] item: Flame Orb
|upkeep
|turn|2
|inactive|dambro222 has 30 seconds left.
|
|t:|1756400946
|-terastallize|p1b: Electabuzz|Ghost
|move|p1b: Electabuzz|Follow Me|p1b: Electabuzz
|-singleturn|p1b: Electabuzz|move: Follow Me
|move|p1a: Volcarona|Heat Wave|p2a: Ursaluna|[spread] p2a,p2b
|-supereffective|p2b: Bronzong
|-damage|p2a: Ursaluna|56/100 brn
|-damage|p2b: Bronzong|0 fnt
|faint|p2b: Bronzong
|move|p2a: Ursaluna|Earthquake|p1b: Electabuzz|[spread] p1a,p1b
|-damage|p1a: Volcarona|0 fnt
|-damage|p1b: Electabuzz|51/100
|faint|p1a: Volcarona
|
|-damage|p2a: Ursaluna|50/100 brn|[from] brn
|upkeep
|
|t:|1756400965
|switch|p1a: Kingambit|Kingambit, L50, M, shiny|100/100
|switch|p2b: Sneasler|Sneasler, L50, F|100/100
|turn|3
|inactive|dambro222 has 30 seconds left.
|
|t:|1756400990
|switch|p2a: Incineroar|Incineroar, L50, F|100/100
|-ability|p2a: Incineroar|Intimidate|boost
|-unboost|p1a: Kingambit|atk|1
|-ability|p1a: Kingambit|Defiant|boost
|-boost|p1a: Kingambit|atk|2
|-unboost|p1b: Electabuzz|atk|1
|-terastallize|p2b: Sneasler|Dark
|move|p1b: Electabuzz|Protect|p1b: Electabuzz
|-singleturn|p1b: Electabuzz|Protect
|move|p1a: Kingambit|Protect|p1a: Kingambit
|-singleturn|p1a: Kingambit|Protect
|move|p2b: Sneasler|Throat Chop|p1b: Electabuzz
|-activate|p1b: Electabuzz|move: Protect
|
|upkeep
|turn|4
|inactive|dambro222 has 30 seconds left.
|
|t:|1756401015
|move|p2a: Incineroar|Fake Out|p1a: Kingambit
|-resisted|p1a: Kingambit
|-damage|p1a: Kingambit|97/100
|move|p1b: Electabuzz|Follow Me|p1b: Electabuzz
|-singleturn|p1b: Electabuzz|move: Follow Me
|move|p2b: Sneasler|Throat Chop|p1b: Electabuzz
|-supereffective|p1b: Electabuzz
|-damage|p1b: Electabuzz|0 fnt
|faint|p1b: Electabuzz
|cant|p1a: Kingambit|flinch
|
|upkeep
|
|t:|1756401024
|switch|p1b: Rillaboom|Rillaboom, L50, M|100/100
|-fieldstart|move: Grassy Terrain|[from] ability: Grassy Surge|[of] p1b: Rillaboom
|turn|5
|inactive|vikaenjoyer has 30 seconds left.
|
|t:|1756401058
|move|p1b: Rillaboom|Fake Out|p2b: Sneasler
|-damage|p2b: Sneasler|73/100
|move|p1a: Kingambit|Sucker Punch|p2a: Incineroar
|-resisted|p2a: Incineroar
|-damage|p2a: Incineroar|73/100
|cant|p2b: Sneasler|flinch
|move|p2a: Incineroar|Knock Off|p1a: Kingambit
|-resisted|p1a: Kingambit
|-damage|p1a: Kingambit|82/100
|-enditem|p1a: Kingambit|Black Glasses|[from] move: Knock Off|[of] p2a: Incineroar
|
|-heal|p2b: Sneasler|79/100|[from] Grassy Terrain
|-heal|p2a: Incineroar|79/100|[from] Grassy Terrain
|-heal|p1a: Kingambit|88/100|[from] Grassy Terrain
|upkeep
|turn|6
|inactive|vikaenjoyer has 30 seconds left.
|
|t:|1756401083
|move|p1a: Kingambit|Protect|p1a: Kingambit
|-singleturn|p1a: Kingambit|Protect
|move|p2b: Sneasler|Close Combat|p1a: Kingambit
|-activate|p1a: Kingambit|move: Protect
|move|p1b: Rillaboom|Wood Hammer|p2b: Sneasler
|-damage|p2b: Sneasler|0 fnt
|faint|p2b: Sneasler
|-damage|p1b: Rillaboom|80/100|[from] Recoil
|move|p2a: Incineroar|Flare Blitz|p1b: Rillaboom
|-supereffective|p1b: Rillaboom
|-damage|p1b: Rillaboom|0 fnt
|faint|p1b: Rillaboom
|-damage|p2a: Incineroar|54/100|[from] Recoil
|
|-heal|p2a: Incineroar|60/100|[from] Grassy Terrain
|-heal|p1a: Kingambit|94/100|[from] Grassy Terrain
|upkeep
|
|t:|1756401086
|switch|p2b: Ursaluna|Ursaluna, L50, F|50/100 brn
|turn|7
|inactive|dambro222 has 30 seconds left.
|inactive|dambro222 has 20 seconds left.
|inactive|dambro222 has 15 seconds left.
|inactive|dambro222 has 10 seconds left.
|inactive|dambro222 has 5 seconds left.
|
|t:|1756401136
|move|p2b: Ursaluna|Protect|p2b: Ursaluna
|-singleturn|p2b: Ursaluna|Protect
|move|p1a: Kingambit|Sucker Punch|p2a: Incineroar
|-resisted|p2a: Incineroar
|-damage|p2a: Incineroar|37/100
|move|p2a: Incineroar|Flare Blitz|p1a: Kingambit
|-supereffective|p1a: Kingambit
|-damage|p1a: Kingambit|27/100
|-damage|p2a: Incineroar|14/100|[from] Recoil
|
|-heal|p2a: Incineroar|20/100|[from] Grassy Terrain
|-heal|p1a: Kingambit|33/100|[from] Grassy Terrain
|-heal|p2b: Ursaluna|56/100 brn|[from] Grassy Terrain
|-damage|p2b: Ursaluna|50/100 brn|[from] brn
|upkeep
|turn|8
|
|t:|1756401159
|move|p1a: Kingambit|Sucker Punch|p2b: Ursaluna
|-damage|p2b: Ursaluna|7/100 brn
|move|p2a: Incineroar|Flare Blitz|p1a: Kingambit
|-supereffective|p1a: Kingambit
|-damage|p1a: Kingambit|0 fnt
|faint|p1a: Kingambit
|-damage|p2a: Incineroar|9/100|[from] Recoil
|
|win|vikaenjoyer
||vikaenjoyer is ready for game 2.
||dambro222 is ready for game 2.
|uhtml|next|Next: Game 2 of 3
