|j|☆Slafyx
|j|☆Pakaan64
|html|SlafyxPakaan64    
|uhtml|bestof|Game 2 of a best-of-3
|t:|1783528788
|gametype|doubles
|player|p1|Slafyx|steven|1184
|player|p2|Pakaan64|1|1314
|gen|9
|tier|[Gen 9 Champions] VGC 2026 Reg M-B (Bo3)
|rated|
|rule|Species Clause: Limit one of each Pokémon
|rule|Item Clause: Limit 1 of each item
|clearpoke
|poke|p1|Gengar, L50, M, shiny|
|poke|p1|Swampert, L50, F, shiny|
|poke|p1|Incineroar, L50, F, shiny|
|poke|p1|Politoed, L50, F, shiny|
|poke|p1|Archaludon, L50, F, shiny|
|poke|p1|Vivillon-Elegant, L50, F, shiny|
|poke|p2|Scovillain, L50, F|
|poke|p2|Garchomp, L50, M|
|poke|p2|Aerodactyl, L50, F|
|poke|p2|Gholdengo, L50|
|poke|p2|Incineroar, L50, M|
|poke|p2|Primarina, L50, F|
|teampreview|4
|showteam|p1|Gengar||Gengarite|CursedBody|ShadowBall,SludgeBomb,PerishSong,Protect|Timid||M|||50|]Swampert||Swampertite|Damp|WaveCrash,Earthquake,IcePunch,Protect|Adamant||F|||50|]Incineroar||PasshoBerry|Intimidate|FakeOut,ThroatChop,PartingShot,Protect|Sassy||F|||50|]Politoed||SitrusBerry|Drizzle|WeatherBall,Encore,PerishSong,Protect|Calm||F|||50|]Archaludon||Leftovers|Stamina|DragonPulse,FlashCannon,ElectroShot,Protect|Bold||F|||50|]Vivillon-Elegant||FocusSash|CompoundEyes|Hurricane,SleepPowder,RagePowder,Protect|Timid||F|||50|
|showteam|p2|Scovillain||Scovillainite|Moody|Protect,RagePowder,GigaDrain,Overheat|Bold||F|||50|]Garchomp||LifeOrb|RoughSkin|Earthquake,RockSlide,DragonClaw,Protect|Adamant||M|||50|]Aerodactyl||Aerodactylite|Pressure|Protect,Tailwind,RockSlide,DualWingbeat|Jolly||F|||50|]Gholdengo||MetalCoat|GoodasGold|MakeItRain,NastyPlot,Protect,ShadowBall|Modest|||||50|]Incineroar||SitrusBerry|Intimidate|FakeOut,FlareBlitz,ThroatChop,PartingShot|Careful||M|||50|]Primarina||Leftovers|LiquidVoice|Protect,HyperVoice,Moonblast,CalmMind|Modest||F|||50|
|inactive|Battle timer is ON: inactive players will automatically lose when time's up. (requested by Slafyx)
|inactive|Pakaan64 also wants the timer to be on.
|
|t:|1783528806
|teamsize|p1|4
|teamsize|p2|4
|start
|switch|p1a: Gengar|Gengar, L50, M, shiny|100/100
|switch|p1b: Incineroar|Incineroar, L50, F, shiny|100/100
|switch|p2a: Incineroar|Incineroar, L50, M|100/100
|switch|p2b: Aerodactyl|Aerodactyl, L50, F|100/100
|-ability|p2b: Aerodactyl|Pressure
|-ability|p2a: Incineroar|Intimidate|boost
|-unboost|p1a: Gengar|atk|1
|-unboost|p1b: Incineroar|atk|1
|-ability|p1b: Incineroar|Intimidate|boost
|-unboost|p2a: Incineroar|atk|1
|-unboost|p2b: Aerodactyl|atk|1
|turn|1
|
|t:|1783528831
|switch|p2b: Garchomp|Garchomp, L50, M|100/100
|switch|p1a: Archaludon|Archaludon, L50, F, shiny|100/100
|move|p2a: Incineroar|Fake Out|p1b: Incineroar
|-damage|p1b: Incineroar|94/100
|cant|p1b: Incineroar|flinch
|
|upkeep
|turn|2
|
|t:|1783528844
|switch|p2a: Aerodactyl|Aerodactyl, L50, F|100/100
|-ability|p2a: Aerodactyl|Pressure
|move|p1a: Archaludon|Protect|p1a: Archaludon
|-singleturn|p1a: Archaludon|Protect
|move|p2b: Garchomp|Earthquake|p1b: Incineroar|[spread] p1b
|-activate|p1a: Archaludon|move: Protect
|-immune|p2a: Aerodactyl
|-supereffective|p1b: Incineroar|1
|-damage|p1b: Incineroar|0 fnt
|faint|p1b: Incineroar
|-damage|p2b: Garchomp|90/100|[from] item: Life Orb
|
|upkeep
|
|t:|1783528854
|switch|p1b: Politoed|Politoed, L50, F, shiny|100/100
|-weather|RainDance|[from] ability: Drizzle|[of] p1b: Politoed
|turn|3
|
|t:|1783528868
|move|p2a: Aerodactyl|Protect|p2a: Aerodactyl
|-singleturn|p2a: Aerodactyl|Protect
|move|p2b: Garchomp|Earthquake|p1a: Archaludon|[spread] p1a,p1b
|-activate|p2a: Aerodactyl|move: Protect
|-supereffective|p1a: Archaludon|1
|-damage|p1a: Archaludon|27/100
|-damage|p1b: Politoed|47/100
|-ability|p1a: Archaludon|Stamina|boost
|-boost|p1a: Archaludon|def|1
|-enditem|p1b: Politoed|Sitrus Berry|[eat]
|-heal|p1b: Politoed|72/100|[from] item: Sitrus Berry
|-damage|p2b: Garchomp|80/100|[from] item: Life Orb
|move|p1a: Archaludon|Electro Shot||[still]
|-prepare|p1a: Archaludon|Electro Shot
|-boost|p1a: Archaludon|spa|1
|-anim|p1a: Archaludon|Electro Shot|p2a: Aerodactyl
|-activate|p2a: Aerodactyl|move: Protect
|move|p1b: Politoed|Weather Ball|p2b: Garchomp
|-damage|p2b: Garchomp|27/100
|
|-weather|RainDance|[upkeep]
|-heal|p1a: Archaludon|33/100|[from] item: Leftovers
|upkeep
|turn|4
|inactive|Slafyx has 30 seconds left.
|
|t:|1783528903
|detailschange|p2a: Aerodactyl|Aerodactyl-Mega, L50, F
|-mega|p2a: Aerodactyl|Aerodactyl|Aerodactylite
|move|p1a: Archaludon|Protect|p1a: Archaludon
|-singleturn|p1a: Archaludon|Protect
|move|p2a: Aerodactyl|Dual Wingbeat|p1b: Politoed
|-damage|p1b: Politoed|47/100
|-damage|p1b: Politoed|21/100
|-hitcount|p1b: Politoed|2
|move|p2b: Garchomp|Earthquake|p1a: Archaludon|[spread] p1b
|-activate|p1a: Archaludon|move: Protect
|-immune|p2a: Aerodactyl
|-damage|p1b: Politoed|0 fnt
|faint|p1b: Politoed
|-damage|p2b: Garchomp|17/100|[from] item: Life Orb
|
|-weather|RainDance|[upkeep]
|-heal|p1a: Archaludon|39/100|[from] item: Leftovers
|upkeep
|
|t:|1783528909
|switch|p1b: Gengar|Gengar, L50, M, shiny|100/100
|turn|5
|
|t:|1783528924
|detailschange|p1b: Gengar|Gengar-Mega, L50, M, shiny
|-mega|p1b: Gengar|Gengar|Gengarite
|move|p1b: Gengar|Protect|p1b: Gengar
|-singleturn|p1b: Gengar|Protect
|move|p2a: Aerodactyl|Tailwind|p2a: Aerodactyl
|-sidestart|p2: Pakaan64|move: Tailwind
|move|p2b: Garchomp|Earthquake|p1b: Gengar|[spread] p1a
|-activate|p1b: Gengar|move: Protect
|-immune|p2a: Aerodactyl
|-supereffective|p1a: Archaludon|1
|-damage|p1a: Archaludon|0 fnt
|faint|p1a: Archaludon
|-damage|p2b: Garchomp|7/100|[from] item: Life Orb
|
|-weather|RainDance|[upkeep]
|upkeep
|turn|6
|-message|Slafyx forfeited.
|
|win|Pakaan64
|raw|Slafyx's rating: 1184 → 1168(-16 for losing)
|raw|Pakaan64's rating: 1314 → 1327(+13 for winning)
