|j|☆aygguan
|j|☆WASHINGTONGARGACHA
|html|aygguanWASHINGTONGARGACHA    
|uhtml|bestof|Game 1 of a best-of-3
|t:|1757795639
|gametype|doubles
|player|p1|aygguan|265|1155
|player|p2|WASHINGTONGARGACHA|266|1142
|gen|9
|tier|[Gen 9] VGC 2025 Reg H (Bo3)
|rated|
|rule|Species Clause: Limit one of each Pokémon
|rule|Item Clause: Limit 1 of each item
|clearpoke
|poke|p1|Grimmsnarl, L50, M|
|poke|p1|Annihilape, L50, F|
|poke|p1|Maushold, L50|
|poke|p1|Pelipper, L50, M|
|poke|p1|Archaludon, L50, M|
|poke|p1|Sinistcha, L50|
|poke|p2|Typhlosion-Hisui, L50, F|
|poke|p2|Whimsicott, L50, F|
|poke|p2|Dragapult, L50, F|
|poke|p2|Torkoal, L50, F|
|poke|p2|Lilligant-Hisui, L50, F|
|poke|p2|Electabuzz, L50, F|
|teampreview|4
|showteam|p1|Grimmsnarl||LightClay|Prankster|Reflect,LightScreen,ThunderWave,SpiritBreak|||M|||50|,,,,,Steel]Annihilape||SpellTag|Defiant|BulkUp,Protect,DrainPunch,RageFist|||F|||50|,,,,,Dragon]Maushold||SafetyGoggles|FriendGuard|BeatUp,Taunt,FollowMe,Protect||||||50|,,,,,Ghost]Pelipper||LifeOrb|Drizzle|Hurricane,WeatherBall,Tailwind,Protect|||M|||50|,,,,,Stellar]Archaludon||AssaultVest|Stamina|ElectroShot,DracoMeteor,Snarl,BodyPress|||M|||50|,,,,,Grass]Sinistcha||SitrusBerry|Hospitality|LifeDew,TrickRoom,StrengthSap,MatchaGotcha||||||50|,,,,,Water
|showteam|p2|Typhlosion-Hisui||ChoiceSpecs|Blaze|HeatWave,Eruption,ShadowBall,FocusPunch|||F|||50|,,,,,Fire]Whimsicott||CovertCloak|Prankster|Tailwind,Moonblast,SunnyDay,Encore|||F|||50|,,,,,Water]Dragapult||ChoiceBand|ClearBody|Uturn,SuckerPunch,DragonDarts,PhantomForce|||F|||50|,,,,,Dragon]Torkoal||LifeOrb|Drought|HeatWave,Eruption,Protect,WeatherBall|||F|||50|,,,,,Fire]Lilligant-Hisui||FocusSash|Chlorophyll|CloseCombat,SleepPowder,AfterYou,LeafBlade|||F|||50|,,,,,Ghost]Electabuzz||Eviolite|VitalSpirit|FollowMe,Taunt,Electroweb,Protect|||F|||50|,,,,,Grass
|inactive|Battle timer is ON: inactive players will automatically lose when time's up. (requested by aygguan)
|inactive|WASHINGTONGARGACHA has 60 seconds left.
|
|t:|1757795713
|teamsize|p1|4
|teamsize|p2|4
|start
|switch|p1a: Grimmsnarl|Grimmsnarl, L50, M|100/100
|switch|p1b: Annihilape|Annihilape, L50, F|100/100
|switch|p2a: Electabuzz|Electabuzz, L50, F|100/100
|switch|p2b: Dragapult|Dragapult, L50, F|100/100
|turn|1
|
|t:|1757795727
|-terastallize|p2b: Dragapult|Dragon
|move|p1a: Grimmsnarl|Reflect|p1a: Grimmsnarl
|-sidestart|p1: aygguan|Reflect
|move|p2b: Dragapult|Dragon Darts|p1b: Annihilape
|-damage|p1b: Annihilape|62/100
|-anim|p2b: Dragapult|Dragon Darts|p1b: Annihilape
|-damage|p1b: Annihilape|26/100
|move|p2a: Electabuzz|Electroweb|p1b: Annihilape|[spread] p1a,p1b
|-damage|p1a: Grimmsnarl|89/100
|-damage|p1b: Annihilape|12/100
|-unboost|p1a: Grimmsnarl|spe|1
|-unboost|p1b: Annihilape|spe|1
|-ability|p1b: Annihilape|Defiant|boost
|-boost|p1b: Annihilape|atk|2
|move|p1b: Annihilape|Bulk Up|p1b: Annihilape
|-boost|p1b: Annihilape|atk|1
|-boost|p1b: Annihilape|def|1
|
|upkeep
|turn|2
|
|t:|1757795751
|move|p1b: Annihilape|Protect|p1b: Annihilape
|-singleturn|p1b: Annihilape|Protect
|move|p2b: Dragapult|Dragon Darts|p1b: Annihilape
|-immune|p1a: Grimmsnarl
|move|p2a: Electabuzz|Electroweb|p1a: Grimmsnarl|[spread] p1a
|-activate|p1b: Annihilape|move: Protect
|-damage|p1a: Grimmsnarl|77/100
|-unboost|p1a: Grimmsnarl|spe|1
|move|p1a: Grimmsnarl|Spirit Break|p2b: Dragapult
|-supereffective|p2b: Dragapult
|-damage|p2b: Dragapult|22/100
|
|upkeep
|turn|3
|
|t:|1757795768
|move|p2a: Electabuzz|Follow Me|p2a: Electabuzz
|-singleturn|p2a: Electabuzz|move: Follow Me
|move|p1a: Grimmsnarl|Thunder Wave|p2a: Electabuzz
|-immune|p2a: Electabuzz
|move|p2b: Dragapult|Dragon Darts|p1b: Annihilape
|-damage|p1b: Annihilape|0 fnt
|faint|p1b: Annihilape
|
|upkeep
|
|t:|1757795775
|switch|p1b: Archaludon|Archaludon, L50, M|100/100
|turn|4
|
|t:|1757795787
|move|p2a: Electabuzz|Follow Me|p2a: Electabuzz
|-singleturn|p2a: Electabuzz|move: Follow Me
|move|p2b: Dragapult|Dragon Darts|p1b: Archaludon
|-damage|p1b: Archaludon|78/100
|-ability|p1b: Archaludon|Stamina|boost
|-boost|p1b: Archaludon|def|1
|-anim|p2b: Dragapult|Dragon Darts|p1b: Archaludon
|-damage|p1b: Archaludon|61/100
|-ability|p1b: Archaludon|Stamina|boost
|-boost|p1b: Archaludon|def|1
|move|p1b: Archaludon|Snarl|p2a: Electabuzz|[spread] p2a
|-miss|p1b: Archaludon|p2b: Dragapult
|-damage|p2a: Electabuzz|89/100
|-unboost|p2a: Electabuzz|spa|1
|move|p1a: Grimmsnarl|Spirit Break|p2a: Electabuzz
|-damage|p2a: Electabuzz|52/100
|-unboost|p2a: Electabuzz|spa|1
|
|upkeep
|turn|5
|inactive|aygguan has 30 seconds left.
|inactive|WASHINGTONGARGACHA has 30 seconds left.
|
|t:|1757795818
|move|p2a: Electabuzz|Protect|p2a: Electabuzz
|-singleturn|p2a: Electabuzz|Protect
|move|p2b: Dragapult|Dragon Darts|p1b: Archaludon
|-damage|p1b: Archaludon|49/100
|-ability|p1b: Archaludon|Stamina|boost
|-boost|p1b: Archaludon|def|1
|-anim|p2b: Dragapult|Dragon Darts|p1b: Archaludon
|-damage|p1b: Archaludon|40/100
|-ability|p1b: Archaludon|Stamina|boost
|-boost|p1b: Archaludon|def|1
|move|p1b: Archaludon|Body Press|p2b: Dragapult
|-damage|p2b: Dragapult|0 fnt
|faint|p2b: Dragapult
|move|p1a: Grimmsnarl|Spirit Break|p2a: Electabuzz
|-activate|p2a: Electabuzz|move: Protect
|
|upkeep
|
|t:|1757795834
|switch|p2b: Torkoal|Torkoal, L50, F|100/100
|-weather|SunnyDay|[from] ability: Drought|[of] p2b: Torkoal
|turn|6
|
|t:|1757795855
|move|p2a: Electabuzz|Follow Me|p2a: Electabuzz
|-singleturn|p2a: Electabuzz|move: Follow Me
|move|p1a: Grimmsnarl|Light Screen|p1a: Grimmsnarl
|-sidestart|p1: aygguan|move: Light Screen
|move|p1b: Archaludon|Snarl|p2b: Torkoal|[spread] p2a,p2b
|-damage|p2a: Electabuzz|42/100
|-damage|p2b: Torkoal|82/100
|-unboost|p2a: Electabuzz|spa|1
|-unboost|p2b: Torkoal|spa|1
|move|p2b: Torkoal|Weather Ball|p1b: Archaludon
|-damage|p1b: Archaludon|17/100
|-ability|p1b: Archaludon|Stamina|boost
|-boost|p1b: Archaludon|def|1
|-damage|p2b: Torkoal|72/100|[from] item: Life Orb
|
|-weather|SunnyDay|[upkeep]
|upkeep
|turn|7
|inactive|WASHINGTONGARGACHA has 30 seconds left.
|
|t:|1757795880
|switch|p1a: Pelipper|Pelipper, L50, M|100/100
|-weather|RainDance|[from] ability: Drizzle|[of] p1a: Pelipper
|move|p2a: Electabuzz|Follow Me|p2a: Electabuzz
|-singleturn|p2a: Electabuzz|move: Follow Me
|move|p1b: Archaludon|Snarl|p2a: Electabuzz|[spread] p2a,p2b
|-damage|p2a: Electabuzz|31/100
|-damage|p2b: Torkoal|54/100
|-unboost|p2a: Electabuzz|spa|1
|-unboost|p2b: Torkoal|spa|1
|move|p2b: Torkoal|Eruption|p1a: Pelipper|[spread] p1a,p1b
|-resisted|p1a: Pelipper
|-damage|p1a: Pelipper|96/100
|-damage|p1b: Archaludon|14/100
|-ability|p1b: Archaludon|Stamina|boost
|-boost|p1b: Archaludon|def|1
|-damage|p2b: Torkoal|45/100|[from] item: Life Orb
|
|-weather|RainDance|[upkeep]
|upkeep
|turn|8
|
|t:|1757795898
|switch|p2b: Lilligant|Lilligant-Hisui, L50, F|100/100
|move|p2a: Electabuzz|Protect|p2a: Electabuzz
|-singleturn|p2a: Electabuzz|Protect
|move|p1a: Pelipper|Protect|p1a: Pelipper
|-singleturn|p1a: Pelipper|Protect
|move|p1b: Archaludon|Snarl|p2a: Electabuzz|[spread] p2b
|-activate|p2a: Electabuzz|move: Protect
|-resisted|p2b: Lilligant
|-damage|p2b: Lilligant|91/100
|-unboost|p2b: Lilligant|spa|1
|
|-weather|RainDance|[upkeep]
|-sideend|p1: aygguan|Reflect
|upkeep
|turn|9
|
|t:|1757795915
|switch|p1a: Grimmsnarl|Grimmsnarl, L50, M|77/100
|move|p2a: Electabuzz|Follow Me|p2a: Electabuzz
|-singleturn|p2a: Electabuzz|move: Follow Me
|move|p2b: Lilligant|Leaf Blade|p1a: Grimmsnarl
|-damage|p1a: Grimmsnarl|29/100
|move|p1b: Archaludon|Electro Shot||[still]
|-prepare|p1b: Archaludon|Electro Shot
|-boost|p1b: Archaludon|spa|1
|-anim|p1b: Archaludon|Electro Shot|p2a: Electabuzz
|-resisted|p2a: Electabuzz
|-damage|p2a: Electabuzz|7/100
|
|-weather|RainDance|[upkeep]
|upkeep
|turn|10
|inactive|WASHINGTONGARGACHA has 30 seconds left.
|
|t:|1757795948
|move|p2a: Electabuzz|Protect|p2a: Electabuzz
|-singleturn|p2a: Electabuzz|Protect
|move|p2b: Lilligant|Close Combat|p1b: Archaludon
|-supereffective|p1b: Archaludon
|-damage|p1b: Archaludon|0 fnt
|-unboost|p2b: Lilligant|def|1
|-unboost|p2b: Lilligant|spd|1
|faint|p1b: Archaludon
|move|p1a: Grimmsnarl|Spirit Break|p2b: Lilligant
|-supereffective|p2b: Lilligant
|-damage|p2b: Lilligant|0 fnt
|faint|p2b: Lilligant
|
|-weather|RainDance|[upkeep]
|upkeep
|
|t:|1757795960
|switch|p2b: Torkoal|Torkoal, L50, F|45/100
|switch|p1b: Pelipper|Pelipper, L50, M|96/100
|-weather|SunnyDay|[from] ability: Drought|[of] p2b: Torkoal
|turn|11
|
|t:|1757795974
|move|p2b: Torkoal|Protect|p2b: Torkoal
|-singleturn|p2b: Torkoal|Protect
|move|p2a: Electabuzz|Electroweb|p1b: Pelipper|[spread] p1a,p1b
|-supereffective|p1b: Pelipper
|-damage|p1a: Grimmsnarl|26/100
|-damage|p1b: Pelipper|73/100
|-unboost|p1a: Grimmsnarl|spe|1
|-unboost|p1b: Pelipper|spe|1
|move|p1b: Pelipper|Weather Ball|p2a: Electabuzz
|-damage|p2a: Electabuzz|0 fnt
|faint|p2a: Electabuzz
|-damage|p1b: Pelipper|63/100|[from] item: Life Orb
|move|p1a: Grimmsnarl|Spirit Break|p2b: Torkoal
|-activate|p2b: Torkoal|move: Protect
|
|-weather|SunnyDay|[upkeep]
|upkeep
|turn|12
|
|t:|1757795990
|move|p1b: Pelipper|Weather Ball|p2b: Torkoal
|-resisted|p2b: Torkoal
|-damage|p2b: Torkoal|8/100
|-damage|p1b: Pelipper|53/100|[from] item: Life Orb
|move|p1a: Grimmsnarl|Spirit Break|p2b: Torkoal
|-resisted|p2b: Torkoal
|-damage|p2b: Torkoal|0 fnt
|faint|p2b: Torkoal
|
|win|aygguan
