|j|☆WrestlingDemon
|j|☆freudianbreath
|html|WrestlingDemonfreudianbreath    
|uhtml|bestof|Game 2 of a best-of-3
|t:|1782446474
|gametype|doubles
|player|p1|WrestlingDemon|265|1165
|player|p2|freudianbreath|2|1148
|gen|9
|tier|[Gen 9 Champions] VGC 2026 Reg M-B (Bo3)
|rated|
|rule|Species Clause: Limit one of each Pokémon
|rule|Item Clause: Limit 1 of each item
|clearpoke
|poke|p1|Mawile, L50, F|
|poke|p1|Milotic, L50, F|
|poke|p1|Oranguru, L50, M|
|poke|p1|Maushold-Four, L50|
|poke|p1|Goodra, L50, F|
|poke|p1|Incineroar, L50, M|
|poke|p2|Barbaracle, L50, M|
|poke|p2|Staraptor, L50, M|
|poke|p2|Meganium, L50, M|
|poke|p2|Rotom-Heat, L50|
|poke|p2|Gholdengo, L50|
|poke|p2|Clefable, L50, M|
|teampreview|4
|showteam|p1|Mawile||Mawilite|HyperCutter|IronHead,PlayRough,SwordsDance,Protect|Brave||F|||50|]Milotic||Leftovers|Competitive|Scald,Coil,Hypnosis,Recover|Modest||F|||50|]Oranguru||SitrusBerry|InnerFocus|Psychic,Instruct,Encore,TrickRoom|Relaxed||M|||50|]Maushold-Four||WideLens|FriendGuard|PopulationBomb,FollowMe,Feint,Protect|Adamant|||||50|]Goodra||LifeOrb|SapSipper|DracoMeteor,Thunderbolt,IceBeam,Protect|Quiet||F|||50|]Incineroar||ShucaBerry|Intimidate|FlareBlitz,ThroatChop,FakeOut,PartingShot|Brave||M|||50|
|showteam|p2|Barbaracle||Barbaracite|Sniper|Protect,CrossChop,StoneEdge,Liquidation|Jolly||M|||50|]Staraptor||ChoiceScarf|Intimidate|Uturn,CloseCombat,BraveBird,Tailwind|Jolly||M|||50|]Meganium||Meganiumite|Overgrow|Protect,SolarBeam,DazzlingGleam,WeatherBall|Timid||M|||50|]Rotom-Heat||SitrusBerry|Levitate|WillOWisp,VoltSwitch,LightScreen,Overheat|Timid|||||50|]Gholdengo||LifeOrb|GoodasGold|MakeItRain,NastyPlot,Protect,ShadowBall|Timid|||||50|]Clefable||Leftovers|Unaware|HelpingHand,FollowMe,Moonblast,FakeTears|Calm||M|||50|
|inactive|Battle timer is ON: inactive players will automatically lose when time's up. (requested by WrestlingDemon)
|inactive|freudianbreath has 60 seconds left.
|
|t:|1782446529
|teamsize|p1|4
|teamsize|p2|4
|start
|switch|p1a: Incineroar|Incineroar, L50, M|100/100
|switch|p1b: Oranguru|Oranguru, L50, M|100/100
|switch|p2a: Gholdengo|Gholdengo, L50|100/100
|switch|p2b: Meganium|Meganium, L50, M|100/100
|-ability|p1a: Incineroar|Intimidate|boost
|-unboost|p2a: Gholdengo|atk|1
|-unboost|p2b: Meganium|atk|1
|turn|1
|inactive|freudianbreath has 30 seconds left.
|inactive|freudianbreath has 20 seconds left.
|inactive|freudianbreath has 15 seconds left.
|inactive|freudianbreath has 10 seconds left.
|
|t:|1782446578
|switch|p2a: Clefable|Clefable, L50, M|100/100
|move|p2b: Meganium|Protect|p2b: Meganium
|-singleturn|p2b: Meganium|Protect
|move|p1a: Incineroar|Fake Out|p2b: Meganium
|-activate|p2b: Meganium|move: Protect
|move|p1b: Oranguru|Trick Room|p1b: Oranguru
|-fieldstart|move: Trick Room|[of] p1b: Oranguru
|
|upkeep
|turn|2
|inactive|WrestlingDemon has 30 seconds left.
|inactive|freudianbreath has 30 seconds left.
|inactive|freudianbreath has 20 seconds left.
|
|t:|1782446617
|switch|p2b: Rotom|Rotom-Heat, L50|100/100
|move|p1a: Incineroar|Flare Blitz|p2b: Rotom
|-resisted|p2b: Rotom|1
|-damage|p2b: Rotom|62/100
|-damage|p1a: Incineroar|92/100|[from] Recoil
|move|p1b: Oranguru|Instruct|p1a: Incineroar
|-singleturn|p1a: Incineroar|move: Instruct|[of] p1b: Oranguru
|move|p1a: Incineroar|Flare Blitz|p2b: Rotom
|-resisted|p2b: Rotom|1
|-damage|p2b: Rotom|25/100
|-enditem|p2b: Rotom|Sitrus Berry|[eat]
|-heal|p2b: Rotom|50/100y|[from] item: Sitrus Berry
|-damage|p1a: Incineroar|84/100|[from] Recoil
|move|p2a: Clefable|Fake Tears|p1a: Incineroar
|-unboost|p1a: Incineroar|spd|2
|
|upkeep
|turn|3
|inactive|WrestlingDemon has 30 seconds left.
|inactive|freudianbreath has 30 seconds left.
|
|t:|1782446651
|move|p2a: Clefable|Follow Me|p2a: Clefable
|-singleturn|p2a: Clefable|move: Follow Me
|move|p1b: Oranguru|Psychic|p2a: Clefable
|-damage|p2a: Clefable|82/100
|move|p1a: Incineroar|Parting Shot|p2a: Clefable
|-unboost|p2a: Clefable|atk|1
|-unboost|p2a: Clefable|spa|1
|inactive|WrestlingDemon has 30 seconds left.
|
|t:|1782446677
|switch|p1a: Mawile|Mawile, L50, F|100/100|[from] Parting Shot
|move|p2b: Rotom|Volt Switch|p1a: Mawile
|-damage|p1a: Mawile|42/100
|inactive|freudianbreath has 30 seconds left.
|inactive|freudianbreath has 20 seconds left.
|
|t:|1782446713
|switch|p2b: Gholdengo|Gholdengo, L50|100/100|[from] Volt Switch
|
|-heal|p2a: Clefable|88/100|[from] item: Leftovers
|upkeep
|turn|4
|
|t:|1782446729
|switch|p1b: Incineroar|Incineroar, L50, M|84/100
|-ability|p1b: Incineroar|Intimidate|boost
|-unboost|p2a: Clefable|atk|1
|-unboost|p2b: Gholdengo|atk|1
|switch|p2a: Rotom|Rotom-Heat, L50|50/100y
|detailschange|p1a: Mawile|Mawile-Mega, L50, F
|-mega|p1a: Mawile|Mawile|Mawilite
|move|p1a: Mawile|Protect|p1a: Mawile
|-singleturn|p1a: Mawile|Protect
|move|p2b: Gholdengo|Make It Rain|p1a: Mawile|[spread] p1b
|-activate|p1a: Mawile|move: Protect
|-resisted|p1b: Incineroar|1
|-damage|p1b: Incineroar|56/100
|-unboost|p2b: Gholdengo|spa|2
|-damage|p2b: Gholdengo|90/100|[from] item: Life Orb
|
|upkeep
|turn|5
|inactive|freudianbreath has 30 seconds left.
|inactive|freudianbreath has 20 seconds left.
|inactive|freudianbreath has 15 seconds left.
|inactive|freudianbreath has 10 seconds left.
|inactive|freudianbreath has 5 seconds left.
|
|t:|1782446781
|switch|p1a: Milotic|Milotic, L50, F|100/100
|move|p2b: Gholdengo|Protect|p2b: Gholdengo
|-singleturn|p2b: Gholdengo|Protect
|move|p1b: Incineroar|Flare Blitz|p2b: Gholdengo
|-activate|p2b: Gholdengo|move: Protect
|move|p2a: Rotom|Overheat|p1a: Milotic
|-resisted|p1a: Milotic|1
|-damage|p1a: Milotic|77/100
|-unboost|p2a: Rotom|spa|2
|
|-heal|p1a: Milotic|83/100|[from] item: Leftovers
|-fieldend|move: Trick Room
|upkeep
|turn|6
|inactive|WrestlingDemon has 30 seconds left.
|inactive|freudianbreath has 30 seconds left.
|inactive|WrestlingDemon has 20 seconds left.
|inactive|freudianbreath has 20 seconds left.
|inactive|freudianbreath has 15 seconds left.
|
|t:|1782446826
|move|p2a: Rotom|Volt Switch|p1a: Milotic
|-supereffective|p1a: Milotic|1
|-damage|p1a: Milotic|61/100
|
|t:|1782446833
|switch|p2a: Meganium|Meganium, L50, M|100/100|[from] Volt Switch
|move|p2b: Gholdengo|Make It Rain|p1b: Incineroar|[spread] p1a,p1b
|-resisted|p1a: Milotic|1
|-resisted|p1b: Incineroar|1
|-damage|p1a: Milotic|50/100g
|-damage|p1b: Incineroar|43/100
|-unboost|p2b: Gholdengo|spa|2
|-damage|p2b: Gholdengo|80/100|[from] item: Life Orb
|move|p1a: Milotic|Coil|p1a: Milotic
|-boost|p1a: Milotic|atk|1
|-boost|p1a: Milotic|def|1
|-boost|p1a: Milotic|accuracy|1
|move|p1b: Incineroar|Flare Blitz|p2a: Meganium
|-supereffective|p2a: Meganium|1
|-damage|p2a: Meganium|0 fnt
|faint|p2a: Meganium
|-damage|p1b: Incineroar|17/100|[from] Recoil
|
|-heal|p1a: Milotic|56/100|[from] item: Leftovers
|upkeep
|inactive|freudianbreath has 30 seconds left.
|
|t:|1782446860
|switch|p2a: Rotom|Rotom-Heat, L50|50/100y
|turn|7
|
|t:|1782446885
|move|p2a: Rotom|Volt Switch|p1a: Milotic
|-supereffective|p1a: Milotic|1
|-damage|p1a: Milotic|9/100
|
|t:|1782446889
|switch|p2a: Clefable|Clefable, L50, M|88/100|[from] Volt Switch
|move|p2b: Gholdengo|Make It Rain|p1a: Milotic|[spread] p1a,p1b
|-resisted|p1a: Milotic|1
|-resisted|p1b: Incineroar|1
|-damage|p1a: Milotic|1/100
|-damage|p1b: Incineroar|9/100
|-unboost|p2b: Gholdengo|spa|2
|-damage|p2b: Gholdengo|70/100|[from] item: Life Orb
|move|p1a: Milotic|Scald|p2a: Clefable
|-damage|p2a: Clefable|61/100
|move|p1b: Incineroar|Flare Blitz|p2b: Gholdengo
|-supereffective|p2b: Gholdengo|1
|-damage|p2b: Gholdengo|0 fnt
|faint|p2b: Gholdengo
|-damage|p1b: Incineroar|0 fnt|[from] Recoil
|faint|p1b: Incineroar
|
|-heal|p1a: Milotic|7/100|[from] item: Leftovers
|-heal|p2a: Clefable|67/100|[from] item: Leftovers
|upkeep
|
|t:|1782446901
|switch|p2b: Rotom|Rotom-Heat, L50|50/100y
|switch|p1b: Oranguru|Oranguru, L50, M|100/100
|turn|8
|inactive|freudianbreath has 30 seconds left.
|inactive|freudianbreath has 20 seconds left.
|inactive|freudianbreath has 15 seconds left.
|
|t:|1782446943
|move|p2b: Rotom|Volt Switch|p1a: Milotic
|-supereffective|p1a: Milotic|1
|-damage|p1a: Milotic|0 fnt
|faint|p1a: Milotic
|move|p2a: Clefable|Moonblast|p1b: Oranguru
|-damage|p1b: Oranguru|72/100
|move|p1b: Oranguru|Trick Room|p1b: Oranguru
|-fieldstart|move: Trick Room|[of] p1b: Oranguru
|
|-heal|p2a: Clefable|73/100|[from] item: Leftovers
|upkeep
|
|t:|1782446947
|switch|p1a: Mawile|Mawile-Mega, L50, F|42/100
|turn|9
|inactive|freudianbreath has 30 seconds left.
|inactive|freudianbreath has 20 seconds left.
|inactive|freudianbreath has 15 seconds left.
|inactive|freudianbreath has 10 seconds left.
|inactive|freudianbreath has 5 seconds left.
|
|t:|1782446998
|move|p2a: Clefable|Follow Me|p2a: Clefable
|-singleturn|p2a: Clefable|move: Follow Me
|move|p1a: Mawile|Iron Head|p2a: Clefable
|-supereffective|p2a: Clefable|1
|-damage|p2a: Clefable|0 fnt
|faint|p2a: Clefable
|move|p1b: Oranguru|Instruct|p1a: Mawile
|-singleturn|p1a: Mawile|move: Instruct|[of] p1b: Oranguru
|move|p1a: Mawile|Iron Head|p2b: Rotom
|-resisted|p2b: Rotom|2
|-damage|p2b: Rotom|22/100
|move|p2b: Rotom|Volt Switch|p1a: Mawile
|-damage|p1a: Mawile|7/100
|
|upkeep
|turn|10
|inactive|freudianbreath has 25 seconds left this turn.
|inactive|freudianbreath has 20 seconds left.
|inactive|freudianbreath has 15 seconds left.
|inactive|freudianbreath has 10 seconds left.
|
|t:|1782447013
|move|p1a: Mawile|Iron Head|p2b: Rotom
|-resisted|p2b: Rotom|2
|-damage|p2b: Rotom|0 fnt
|faint|p2b: Rotom
|
|win|WrestlingDemon
|raw|WrestlingDemon's rating: 1165 → 1189(+24 for winning)
|raw|freudianbreath's rating: 1148 → 1124(-24 for losing)
|l|☆WrestlingDemon
|player|p1|
