|j|☆thunderchloeds
|j|☆Giocostorto
|html|thunderchloedsGiocostorto    
|uhtml|bestof|Game 1 of a best-of-3
|t:|1756930244
|gametype|doubles
|player|p1|thunderchloeds|dawn|1112
|player|p2|Giocostorto|palmer|1177
|gen|9
|tier|[Gen 9] VGC 2025 Reg H (Bo3)
|rated|
|rule|Species Clause: Limit one of each Pokémon
|rule|Item Clause: Limit 1 of each item
|clearpoke
|poke|p1|Pelipper, L50, F|
|poke|p1|Archaludon, L50, F|
|poke|p1|Basculegion, L50, M|
|poke|p1|Amoonguss, L50, F|
|poke|p1|Ursaluna, L50, F|
|poke|p1|Rillaboom, L50, M|
|poke|p2|Misdreavus, L50, F|
|poke|p2|Gothitelle, L50, F|
|poke|p2|Amoonguss, L50, M|
|poke|p2|Incineroar, L50, M|
|poke|p2|Primarina, L50, F|
|poke|p2|Ursaluna, L50, F|
|teampreview|4
|showteam|p1|Pelipper||FocusSash|Drizzle|Hurricane,WeatherBall,Tailwind,Soak|||F|||50|,,,,,Grass]Archaludon||AssaultVest|Stamina|BodyPress,ElectroShot,DracoMeteor,FlashCannon|||F|||50|,,,,,Fairy]Basculegion||ChoiceScarf|SwiftSwim|AquaJet,WaveCrash,LastRespects,ZenHeadbutt|||M|||50|,,,,,Water]Amoonguss||RockyHelmet|Regenerator|PollenPuff,SludgeBomb,RagePowder,Spore|||F|||50|,,,,,Water]Ursaluna||FlameOrb|Guts|Facade,HammerArm,HeadlongRush,Protect|||F|||50|,,,,,Ghost]Rillaboom||ChoiceBand|GrassySurge|FakeOut,GrassyGlide,WoodHammer,HighHorsepower|||M|||50|,,,,,Fire
|showteam|p2|Misdreavus||Eviolite|Levitate|Protect,PerishSong,TrickRoom,ShadowBall|||F|||50|,,,,,Fire]Gothitelle||SafetyGoggles|ShadowTag|Protect,Psychic,TrickRoom,FakeOut|||F|||50|,,,,,Water]Amoonguss||MentalHerb|Regenerator|Protect,Spore,RagePowder,PollenPuff|||M|||50|,,,,,Dark]Incineroar||MirrorHerb|Intimidate|Protect,FlareBlitz,FakeOut,PartingShot|||M|||50|,,,,,Grass]Primarina||SitrusBerry|LiquidVoice|Protect,Moonblast,PerishSong,HyperVoice|||F|||50|,,,,,Steel]Ursaluna||FlameOrb|Guts|Protect,HeadlongRush,Earthquake,Facade|||F|||50|,,,,,Ghost
|inactive|Battle timer is ON: inactive players will automatically lose when time's up. (requested by Giocostorto)
|inactive|thunderchloeds also wants the timer to be on.
|inactive|thunderchloeds has 60 seconds left.
|inactive|Giocostorto has 60 seconds left.
|inactive|Giocostorto has 30 seconds left.
|inactive|Giocostorto has 20 seconds left.
|inactive|Giocostorto has 15 seconds left.
|inactive|Giocostorto has 10 seconds left.
|
|t:|1756930329
|teamsize|p1|4
|teamsize|p2|4
|start
|switch|p1a: Amoonguss|Amoonguss, L50, F|100/100
|switch|p1b: Ursaluna|Ursaluna, L50, F|100/100
|switch|p2a: Gothitelle|Gothitelle, L50, F|100/100
|switch|p2b: Incineroar|Incineroar, L50, M|100/100
|-ability|p2b: Incineroar|Intimidate|boost
|-unboost|p1a: Amoonguss|atk|1
|-unboost|p1b: Ursaluna|atk|1
|turn|1
|inactive|thunderchloeds has 30 seconds left.
|inactive|thunderchloeds has 20 seconds left.
|inactive|thunderchloeds has 15 seconds left.
|inactive|thunderchloeds has 10 seconds left.
|
|t:|1756930375
|-terastallize|p2b: Incineroar|Grass
|move|p1b: Ursaluna|Protect|p1b: Ursaluna
|-singleturn|p1b: Ursaluna|Protect
|move|p2b: Incineroar|Parting Shot|p1b: Ursaluna
|-activate|p1b: Ursaluna|move: Protect
|move|p2a: Gothitelle|Psychic|p1a: Amoonguss
|-supereffective|p1a: Amoonguss
|-damage|p1a: Amoonguss|47/100
|move|p1a: Amoonguss|Spore|p2a: Gothitelle
|-activate|p2a: Gothitelle|item: Safety Goggles|Spore
|
|-status|p1b: Ursaluna|brn|[from] item: Flame Orb
|upkeep
|turn|2
|inactive|thunderchloeds has 30 seconds left.
|inactive|thunderchloeds has 20 seconds left.
|inactive|thunderchloeds has 15 seconds left.
|inactive|thunderchloeds has 10 seconds left.
|inactive|thunderchloeds has 5 seconds left.
|
|t:|1756930430
|move|p2a: Gothitelle|Protect|p2a: Gothitelle
|-singleturn|p2a: Gothitelle|Protect
|move|p2b: Incineroar|Parting Shot|p1b: Ursaluna
|-unboost|p1b: Ursaluna|atk|1
|-unboost|p1b: Ursaluna|spa|1
|
|t:|1756930436
|switch|p2b: Amoonguss|Amoonguss, L50, M|100/100|[from] Parting Shot
|move|p1b: Ursaluna|Facade|p2a: Gothitelle
|-activate|p2a: Gothitelle|move: Protect
|move|p1a: Amoonguss|Pollen Puff|p2a: Gothitelle
|-activate|p2a: Gothitelle|move: Protect
|
|-damage|p1b: Ursaluna|95/100 brn|[from] brn
|upkeep
|turn|3
|
|t:|1756930453
|switch|p2b: Incineroar|Incineroar, L50, M, tera:Grass|100/100
|-ability|p2b: Incineroar|Intimidate|boost
|-unboost|p1a: Amoonguss|atk|1
|-unboost|p1b: Ursaluna|atk|1
|move|p2a: Gothitelle|Psychic|p1b: Ursaluna
|-damage|p1b: Ursaluna|71/100 brn
|move|p1b: Ursaluna|Hammer Arm|p2a: Gothitelle
|-resisted|p2a: Gothitelle
|-damage|p2a: Gothitelle|88/100
|-unboost|p1b: Ursaluna|spe|1
|move|p1a: Amoonguss|Sludge Bomb|p2b: Incineroar
|-supereffective|p2b: Incineroar
|-damage|p2b: Incineroar|56/100
|-status|p2b: Incineroar|psn
|
|-damage|p2b: Incineroar|43/100 psn|[from] psn
|-damage|p1b: Ursaluna|65/100 brn|[from] brn
|upkeep
|turn|4
|inactive|thunderchloeds has 30 seconds left.
|
|t:|1756930480
|move|p1b: Ursaluna|Protect|p1b: Ursaluna
|-singleturn|p1b: Ursaluna|Protect
|move|p1a: Amoonguss|Rage Powder|p1a: Amoonguss
|-singleturn|p1a: Amoonguss|move: Rage Powder
|move|p2b: Incineroar|Flare Blitz|p1b: Ursaluna
|-activate|p1b: Ursaluna|move: Protect
|move|p2a: Gothitelle|Psychic|p1a: Amoonguss
|-supereffective|p1a: Amoonguss
|-damage|p1a: Amoonguss|0 fnt
|faint|p1a: Amoonguss
|
|-damage|p2b: Incineroar|31/100 psn|[from] psn
|-damage|p1b: Ursaluna|59/100 brn|[from] brn
|upkeep
|
|t:|1756930493
|switch|p1a: Pelipper|Pelipper, L50, F|100/100
|-weather|RainDance|[from] ability: Drizzle|[of] p1a: Pelipper
|turn|5
|inactive|Giocostorto has 30 seconds left.
|inactive|Giocostorto has 20 seconds left.
|inactive|Giocostorto has 15 seconds left.
|inactive|Giocostorto has 10 seconds left.
|
|t:|1756930540
|move|p2b: Incineroar|Protect|p2b: Incineroar
|-singleturn|p2b: Incineroar|Protect
|move|p1a: Pelipper|Hurricane|p2b: Incineroar
|-activate|p2b: Incineroar|move: Protect
|move|p1b: Ursaluna|Headlong Rush|p2a: Gothitelle
|-damage|p2a: Gothitelle|43/100
|-unboost|p1b: Ursaluna|def|1
|-unboost|p1b: Ursaluna|spd|1
|move|p2a: Gothitelle|Trick Room|p2a: Gothitelle
|-fieldstart|move: Trick Room|[of] p2a: Gothitelle
|
|-weather|RainDance|[upkeep]
|-damage|p2b: Incineroar|18/100 psn|[from] psn
|-damage|p1b: Ursaluna|53/100 brn|[from] brn
|upkeep
|turn|6
|inactive|thunderchloeds has 30 seconds left.
|inactive|Giocostorto has 30 seconds left.
|
|t:|1756930575
|switch|p2a: Amoonguss|Amoonguss, L50, M|100/100
|move|p1b: Ursaluna|Protect|p1b: Ursaluna
|-singleturn|p1b: Ursaluna|Protect
|move|p2b: Incineroar|Flare Blitz|p1b: Ursaluna
|-activate|p1b: Ursaluna|move: Protect
|move|p1a: Pelipper|Weather Ball|p2a: Amoonguss
|-resisted|p2a: Amoonguss
|-damage|p2a: Amoonguss|73/100
|
|-weather|RainDance|[upkeep]
|-damage|p2b: Incineroar|6/100 psn|[from] psn
|-damage|p1b: Ursaluna|47/100 brn|[from] brn
|upkeep
|turn|7
|inactive|thunderchloeds has 30 seconds left.
|
|t:|1756930602
|move|p2a: Amoonguss|Pollen Puff|p2b: Incineroar
|-heal|p2b: Incineroar|56/100 psn
|move|p1b: Ursaluna|Facade|p2b: Incineroar
|-damage|p2b: Incineroar|12/100 psn
|move|p2b: Incineroar|Parting Shot|p1a: Pelipper
|-unboost|p1a: Pelipper|atk|1
|-unboost|p1a: Pelipper|spa|1
|
|t:|1756930613
|switch|p2b: Gothitelle|Gothitelle, L50, F|43/100|[from] Parting Shot
|move|p1a: Pelipper|Soak|p2a: Amoonguss
|-start|p2a: Amoonguss|typechange|Water
|
|-weather|RainDance|[upkeep]
|-damage|p1b: Ursaluna|41/100 brn|[from] brn
|upkeep
|turn|8
|inactive|thunderchloeds has 30 seconds left.
|inactive|Giocostorto has 30 seconds left.
|
|t:|1756930643
|move|p2a: Amoonguss|Pollen Puff|p2b: Gothitelle
|-heal|p2b: Gothitelle|93/100
|move|p1b: Ursaluna|Headlong Rush|p2b: Gothitelle
|-damage|p2b: Gothitelle|55/100
|-unboost|p1b: Ursaluna|def|1
|-unboost|p1b: Ursaluna|spd|1
|move|p2b: Gothitelle|Psychic|p1b: Ursaluna
|-damage|p1b: Ursaluna|0 fnt
|faint|p1b: Ursaluna
|move|p1a: Pelipper|Hurricane|p2a: Amoonguss
|-damage|p2a: Amoonguss|45/100
|
|-weather|RainDance|[upkeep]
|upkeep
|
|t:|1756930658
|switch|p1b: Archaludon|Archaludon, L50, F|100/100
|turn|9
|
|t:|1756930671
|move|p2a: Amoonguss|Spore|p1b: Archaludon
|-status|p1b: Archaludon|slp|[from] move: Spore
|move|p2b: Gothitelle|Psychic|p1a: Pelipper
|-damage|p1a: Pelipper|48/100
|cant|p1b: Archaludon|slp
|move|p1a: Pelipper|Soak|p2b: Gothitelle
|-start|p2b: Gothitelle|typechange|Water
|
|-weather|none
|-fieldend|move: Trick Room
|upkeep
|turn|10
|
|t:|1756930691
|move|p1a: Pelipper|Hurricane|p2b: Gothitelle
|-damage|p2b: Gothitelle|31/100
|-curestatus|p1b: Archaludon|slp|[msg]
|move|p1b: Archaludon|Body Press|p2b: Gothitelle
|-damage|p2b: Gothitelle|6/100
|move|p2a: Amoonguss|Spore|p1a: Pelipper
|-status|p1a: Pelipper|slp|[from] move: Spore
|move|p2b: Gothitelle|Trick Room|p2b: Gothitelle
|-fieldstart|move: Trick Room|[of] p2b: Gothitelle
|
|upkeep
|turn|11
|inactive|thunderchloeds has 30 seconds left.
|
|t:|1756930718
|switch|p2b: Ursaluna|Ursaluna, L50, F|100/100
|-terastallize|p1a: Pelipper|Grass
|move|p2a: Amoonguss|Spore|p1b: Archaludon
|-status|p1b: Archaludon|slp|[from] move: Spore
|cant|p1b: Archaludon|slp
|cant|p1a: Pelipper|slp
|
|-status|p2b: Ursaluna|brn|[from] item: Flame Orb
|upkeep
|turn|12
|
|t:|1756930736
|move|p2a: Amoonguss|Pollen Puff|p1a: Pelipper
|-supereffective|p1a: Pelipper
|-damage|p1a: Pelipper|0 fnt
|faint|p1a: Pelipper
|move|p2b: Ursaluna|Headlong Rush|p1b: Archaludon
|-supereffective|p1b: Archaludon
|-damage|p1b: Archaludon|0 fnt
|-unboost|p2b: Ursaluna|def|1
|-unboost|p2b: Ursaluna|spd|1
|faint|p1b: Archaludon
|
|win|Giocostorto
