|j|☆streetlightking
|j|☆MiroKart 8 Deluxe
|html|streetlightkingMiroKart 8 Deluxe    
|uhtml|bestof|Game 1 of a best-of-3
|t:|1756154628
|gametype|doubles
|player|p1|streetlightking|morty|1304
|player|p2|MiroKart 8 Deluxe|2|1334
|gen|9
|tier|[Gen 9] VGC 2025 Reg H (Bo3)
|rated|
|rule|Species Clause: Limit one of each Pokémon
|rule|Item Clause: Limit 1 of each item
|clearpoke
|poke|p1|Dragapult, L50, F|
|poke|p1|Rillaboom, L50, F|
|poke|p1|Kingambit, L50, M|
|poke|p1|Politoed, L50, F|
|poke|p1|Magmar, L50, F|
|poke|p1|Sneasler, L50, F|
|poke|p2|Rillaboom, L50, M|
|poke|p2|Kingambit, L50, F|
|poke|p2|Dragapult, L50, M|
|poke|p2|Sneasler, L50, M|
|poke|p2|Primarina, L50, F|
|poke|p2|Electabuzz, L50, M|
|teampreview|4
|showteam|p1|Dragapult||ChoiceBand|ClearBody|DragonDarts,Outrage,PhantomForce,Uturn|||F|||50|,,,,,Dragon]Rillaboom||AssaultVest|GrassySurge|WoodHammer,GrassyGlide,HighHorsepower,FakeOut|||F|||50|,,,,,Fire]Kingambit||SafetyGoggles|Defiant|KowtowCleave,SuckerPunch,SwordsDance,Protect|||M|||50|,,,,,Dark]Politoed||MysticWater|Drizzle|WeatherBall,MuddyWater,Haze,Protect|||F|||50|,,,,,Steel]Magmar||Eviolite|VitalSpirit|Overheat,HelpingHand,FollowMe,Protect|||F|||50|,,,,,Ghost]Sneasler||FocusSash|PoisonTouch|CloseCombat,DireClaw,FakeOut,Protect|||F|||50|,,,,,Stellar
|showteam|p2|Rillaboom||AssaultVest|GrassySurge|FakeOut,GrassyGlide,WoodHammer,Uturn|||M|||50|,,,,,Fire]Kingambit||SafetyGoggles|Defiant|KowtowCleave,SuckerPunch,SwordsDance,Protect|||F|||50|,,,,,Dark]Dragapult||ChoiceBand|ClearBody|DragonDarts,Outrage,Uturn,PhantomForce|||M|||50|,,,,,Dragon]Sneasler||FocusSash|PoisonTouch|DireClaw,CloseCombat,FakeOut,Protect|||M|||50|,,,,,Stellar]Primarina||ThroatSpray|LiquidVoice|HyperVoice,Moonblast,Haze,Protect|||F|||50|,,,,,Poison]Electabuzz||Eviolite|VitalSpirit|FollowMe,Taunt,Electroweb,Protect|||M|||50|,,,,,Fairy
|inactive|Battle timer is ON: inactive players will automatically lose when time's up. (requested by streetlightking)
|inactive|streetlightking has 60 seconds left.
|inactive|streetlightking has 30 seconds left.
|inactive|streetlightking has 20 seconds left.
|inactive|streetlightking has 15 seconds left.
|
|t:|1756154707
|teamsize|p1|4
|teamsize|p2|4
|start
|switch|p1a: Sneasler|Sneasler, L50, F|100/100
|switch|p1b: Magmar|Magmar, L50, F, shiny|100/100
|switch|p2a: Sneasler|Sneasler, L50, M|100/100
|switch|p2b: Dragapult|Dragapult, L50, M|100/100
|turn|1
|
|t:|1756154721
|-terastallize|p2b: Dragapult|Dragon
|move|p1a: Sneasler|Fake Out|p2a: Sneasler
|-crit|p2a: Sneasler
|-damage|p2a: Sneasler|66/100
|cant|p2a: Sneasler|flinch
|move|p2b: Dragapult|Dragon Darts|p1a: Sneasler
|-damage|p1a: Sneasler|9/100
|-anim|p2b: Dragapult|Dragon Darts|p1b: Magmar
|-damage|p1b: Magmar|62/100
|move|p1b: Magmar|Overheat|p2a: Sneasler
|-damage|p2a: Sneasler|0 fnt
|-unboost|p1b: Magmar|spa|2
|faint|p2a: Sneasler
|
|upkeep
|
|t:|1756154736
|switch|p2a: Electabuzz|Electabuzz, L50, M|100/100
|turn|2
|
|t:|1756154745
|move|p1b: Magmar|Follow Me|p1b: Magmar
|-singleturn|p1b: Magmar|move: Follow Me
|move|p2b: Dragapult|Dragon Darts|p1b: Magmar
|-damage|p1b: Magmar|21/100
|-anim|p2b: Dragapult|Dragon Darts|p1b: Magmar
|-damage|p1b: Magmar|0 fnt
|faint|p1b: Magmar
|move|p1a: Sneasler|Dire Claw|p2b: Dragapult
|-damage|p2b: Dragapult|48/100
|-status|p2b: Dragapult|slp
|move|p2a: Electabuzz|Electroweb|p1a: Sneasler
|-damage|p1a: Sneasler|0 fnt
|faint|p1a: Sneasler
|
|upkeep
|
|t:|1756154758
|switch|p1a: Jimbo|Politoed, L50, F, shiny|100/100
|switch|p1b: Rillaboom|Rillaboom, L50, F|100/100
|-fieldstart|move: Grassy Terrain|[from] ability: Grassy Surge|[of] p1b: Rillaboom
|-weather|RainDance|[from] ability: Drizzle|[of] p1a: Jimbo
|turn|3
|
|t:|1756154772
|-terastallize|p1a: Jimbo|Steel
|move|p2a: Electabuzz|Protect|p2a: Electabuzz
|-singleturn|p2a: Electabuzz|Protect
|cant|p2b: Dragapult|slp
|move|p1b: Rillaboom|High Horsepower|p2a: Electabuzz
|-activate|p2a: Electabuzz|move: Protect
|move|p1a: Jimbo|Muddy Water|p2b: Dragapult|[spread] 
|-activate|p2a: Electabuzz|move: Protect
|-miss|p1a: Jimbo|p2b: Dragapult
|
|-weather|RainDance|[upkeep]
|-heal|p2b: Dragapult|54/100 slp|[from] Grassy Terrain
|upkeep
|turn|4
|
|t:|1756154786
|switch|p2a: Primarina|Primarina, L50, F|100/100
|cant|p2b: Dragapult|slp
|move|p1b: Rillaboom|Wood Hammer|p2b: Dragapult
|-resisted|p2b: Dragapult
|-damage|p2b: Dragapult|0 fnt
|faint|p2b: Dragapult
|-damage|p1b: Rillaboom|86/100|[from] Recoil
|move|p1a: Jimbo|Muddy Water|p2a: Primarina
|-resisted|p2a: Primarina
|-damage|p2a: Primarina|75/100
|
|-weather|RainDance|[upkeep]
|-heal|p1b: Rillaboom|92/100|[from] Grassy Terrain
|-heal|p2a: Primarina|81/100|[from] Grassy Terrain
|upkeep
|
|t:|1756154794
|switch|p2b: Electabuzz|Electabuzz, L50, M|100/100
|turn|5
|
|t:|1756154808
|move|p2a: Primarina|Protect|p2a: Primarina
|-singleturn|p2a: Primarina|Protect
|move|p2b: Electabuzz|Electroweb|p1b: Rillaboom|[spread] p1a,p1b
|-resisted|p1b: Rillaboom
|-damage|p1a: Jimbo|87/100
|-damage|p1b: Rillaboom|86/100
|-unboost|p1a: Jimbo|spe|1
|-unboost|p1b: Rillaboom|spe|1
|move|p1b: Rillaboom|High Horsepower|p2b: Electabuzz
|-supereffective|p2b: Electabuzz
|-damage|p2b: Electabuzz|41/100
|move|p1a: Jimbo|Muddy Water|p2b: Electabuzz|[spread] 
|-activate|p2a: Primarina|move: Protect
|-miss|p1a: Jimbo|p2b: Electabuzz
|
|-weather|RainDance|[upkeep]
|-heal|p2b: Electabuzz|47/100|[from] Grassy Terrain
|-heal|p2a: Primarina|87/100|[from] Grassy Terrain
|-heal|p1b: Rillaboom|92/100|[from] Grassy Terrain
|-heal|p1a: Jimbo|94/100|[from] Grassy Terrain
|upkeep
|turn|6
|
|t:|1756154823
|move|p2b: Electabuzz|Follow Me|p2b: Electabuzz
|-singleturn|p2b: Electabuzz|move: Follow Me
|move|p1b: Rillaboom|Grassy Glide|p2b: Electabuzz
|-damage|p2b: Electabuzz|14/100
|move|p2a: Primarina|Hyper Voice|p1a: Jimbo|[spread] p1a,p1b
|-resisted|p1b: Rillaboom
|-damage|p1a: Jimbo|45/100
|-damage|p1b: Rillaboom|71/100
|-enditem|p2a: Primarina|Throat Spray
|-boost|p2a: Primarina|spa|1|[from] item: Throat Spray
|move|p1a: Jimbo|Muddy Water|p2a: Primarina|[spread] p2b
|-miss|p1a: Jimbo|p2a: Primarina
|-damage|p2b: Electabuzz|0 fnt
|faint|p2b: Electabuzz
|
|-weather|RainDance|[upkeep]
|-heal|p2a: Primarina|92/100|[from] Grassy Terrain
|-heal|p1b: Rillaboom|77/100|[from] Grassy Terrain
|-heal|p1a: Jimbo|52/100|[from] Grassy Terrain
|upkeep
|turn|7
|inactive|streetlightking has 30 seconds left.
|
|t:|1756154856
|move|p2a: Primarina|Moonblast|p1b: Rillaboom
|-damage|p1b: Rillaboom|20/100
|move|p1b: Rillaboom|Wood Hammer|p2a: Primarina
|-supereffective|p2a: Primarina
|-damage|p2a: Primarina|0 fnt
|faint|p2a: Primarina
|-damage|p1b: Rillaboom|0 fnt|[from] Recoil
|faint|p1b: Rillaboom
|
|win|streetlightking
||MiroKart 8 Deluxe is ready for game 2.
||streetlightking is ready for game 2.
|uhtml|next|Next: Game 2 of 3
|l|☆MiroKart 8 Deluxe
|player|p2|
