|j|☆LaraTheGamer
|j|☆torie123
|html|LaraTheGamertorie123    
|uhtml|bestof|Game 3 of a best-of-3
|t:|1783863934
|gametype|doubles
|player|p1|LaraTheGamer|marnie-masters3|
|player|p2|torie123|swimmer|
|gen|9
|tier|[Gen 9 Champions] VGC 2026 Reg M-B (Bo3)
|rule|Species Clause: Limit one of each Pokémon
|rule|Item Clause: Limit 1 of each item
|clearpoke
|poke|p1|Falinks, L50|
|poke|p1|Staraptor, L50, M|
|poke|p1|Kingambit, L50, F|
|poke|p1|Farigiraf, L50, F|
|poke|p1|Blastoise, L50, M|
|poke|p1|Sableye, L50, M|
|poke|p2|Grimmsnarl, L50, M|
|poke|p2|Metagross, L50|
|poke|p2|Archaludon, L50, M|
|poke|p2|Pelipper, L50, F|
|poke|p2|Maushold, L50|
|poke|p2|Swampert, L50, M|
|teampreview|4
|showteam|p1|Falinks||FocusSash|Defiant|CloseCombat,RockSlide,Protect,NoRetreat|Adamant|||||50|]Staraptor||ChoiceScarf|Intimidate|FinalGambit,CloseCombat,Tailwind,DualWingbeat|Jolly||M|||50|]Kingambit||BlackGlasses|Defiant|KowtowCleave,SuckerPunch,IronHead,LowKick|Adamant||F|||50|]Farigiraf||SitrusBerry|ArmorTail|Psychic,RainDance,TrickRoom,HelpingHand|Bold||F|||50|]Blastoise||Blastoisinite|Torrent|Protect,FakeOut,AuraSphere,WaterSpout|Quiet||M|||50|]Sableye||LightClay|Prankster|Reflect,LightScreen,RainDance,WillOWisp|Calm||M|||50|
|showteam|p2|Grimmsnarl||LightClay|Prankster|FoulPlay,Reflect,LightScreen,PartingShot|Careful||M|||50|]Metagross||Metagrossite|ClearBody|IronHead,PsychicFangs,BodyPress,Protect|Jolly|||||50|]Archaludon||Leftovers|Stamina|ElectroShot,DragonPulse,FlashCannon,Protect|Modest||M|||50|]Pelipper||SitrusBerry|Drizzle|Hurricane,WeatherBall,Tailwind,Protect|Modest||F|||50|]Maushold||WideLens|FriendGuard|PopulationBomb,FollowMe,Encore,Protect|Jolly|||||50|]Swampert||Swampertite|Torrent|WaveCrash,Earthquake,IcePunch,Protect|Adamant||M|||50|
|inactive|Battle timer is ON: inactive players will automatically lose when time's up. (requested by torie123)
|j| Ome Henk
|j| CarrotsAreVeryPog
|inactive|LaraTheGamer has 60 seconds left.
|inactive|torie123 has 60 seconds left.
|j| pietplezier7
|inactive|LaraTheGamer has 30 seconds left.
|inactive|torie123 has 30 seconds left.
|inactive|LaraTheGamer has 20 seconds left.
|inactive|torie123 has 20 seconds left.
|inactive|LaraTheGamer has 15 seconds left.
|inactive|torie123 has 15 seconds left.
|inactive|torie123 has 10 seconds left.
|inactive|torie123 has 5 seconds left.
|
|t:|1783864024
|teamsize|p1|4
|teamsize|p2|4
|start
|switch|p1a: Staraptor|Staraptor, L50, M|100/100
|switch|p1b: Blastoise|Blastoise, L50, M|100/100
|switch|p2a: Swampert|Swampert, L50, M|100/100
|switch|p2b: Maushold|Maushold, L50|100/100
|-ability|p1a: Staraptor|Intimidate|boost
|-unboost|p2a: Swampert|atk|1
|-unboost|p2b: Maushold|atk|1
|turn|1
|inactive|LaraTheGamer has 30 seconds left.
|inactive|LaraTheGamer has 20 seconds left.
|
|t:|1783864063
|detailschange|p1b: Blastoise|Blastoise-Mega, L50, M
|-mega|p1b: Blastoise|Blastoise|Blastoisinite
|move|p2a: Swampert|Protect|p2a: Swampert
|-singleturn|p2a: Swampert|Protect
|move|p1b: Blastoise|Fake Out|p2b: Maushold
|-damage|p2b: Maushold|83/100
|move|p1a: Staraptor|Final Gambit|p2a: Swampert
|-activate|p2a: Swampert|move: Protect
|cant|p2b: Maushold|flinch
|
|upkeep
|turn|2
|inactive|LaraTheGamer has 30 seconds left.
|inactive|torie123 has 30 seconds left.
|inactive|torie123 has 20 seconds left.
|inactive|LaraTheGamer has 20 seconds left.
|inactive|torie123 has 15 seconds left.
|inactive|LaraTheGamer has 15 seconds left.
|inactive|torie123 has 10 seconds left.
|inactive|LaraTheGamer has 10 seconds left.
|
|t:|1783864114
|switch|p2a: Archaludon|Archaludon, L50, M|100/100
|move|p1b: Blastoise|Protect|p1b: Blastoise
|-singleturn|p1b: Blastoise|Protect
|move|p1a: Staraptor|Final Gambit|p2a: Archaludon
|-damage|p2a: Archaludon|2/100
|-ability|p2a: Archaludon|Stamina|boost
|-boost|p2a: Archaludon|def|1
|faint|p1a: Staraptor
|move|p2b: Maushold|Population Bomb|p1b: Blastoise
|-activate|p1b: Blastoise|move: Protect
|
|-heal|p2a: Archaludon|8/100|[from] item: Leftovers
|upkeep
|inactive|LaraTheGamer has 30 seconds left.
|
|t:|1783864148
|switch|p1a: Farigiraf|Farigiraf, L50, F|100/100
|turn|3
|inactive|LaraTheGamer has 30 seconds left.
|inactive|LaraTheGamer has 20 seconds left.
|inactive|torie123 has 30 seconds left.
|inactive|torie123 has 20 seconds left.
|inactive|torie123 has 15 seconds left.
|
|t:|1783864210
|switch|p1b: Kingambit|Kingambit, L50, F|100/100
|move|p2a: Archaludon|Protect|p2a: Archaludon
|-singleturn|p2a: Archaludon|Protect
|move|p2b: Maushold|Encore||[still]
|-fail|p2b: Maushold
|move|p1a: Farigiraf|Trick Room|p1a: Farigiraf
|-fieldstart|move: Trick Room|[of] p1a: Farigiraf
|
|-heal|p2a: Archaludon|14/100|[from] item: Leftovers
|upkeep
|turn|4
|l| CarrotsAreVeryPog
|inactive|torie123 has 30 seconds left.
|inactive|torie123 has 20 seconds left.
|inactive|torie123 has 15 seconds left.
|inactive|torie123 has 10 seconds left.
|inactive|torie123 has 5 seconds left.
|
|t:|1783864261
|switch|p2a: Pelipper|Pelipper, L50, F|100/100
|-weather|RainDance|[from] ability: Drizzle|[of] p2a: Pelipper
|move|p2b: Maushold|Protect|p2b: Maushold
|-singleturn|p2b: Maushold|Protect
|move|p1b: Kingambit|Low Kick|p2b: Maushold
|-activate|p2b: Maushold|move: Protect
|move|p1a: Farigiraf|Psychic|p2a: Pelipper
|-damage|p2a: Pelipper|70/100
|
|-weather|RainDance|[upkeep]
|upkeep
|turn|5
|l| pietplezier7
|j| pietplezier7
|inactive|LaraTheGamer has 30 seconds left.
|inactive|torie123 has 30 seconds left.
|inactive|LaraTheGamer has 20 seconds left.
|inactive|LaraTheGamer has 15 seconds left.
|inactive|LaraTheGamer has 10 seconds left.
|
|t:|1783864308
|move|p1a: Farigiraf|Helping Hand|p1b: Kingambit
|-singleturn|p1b: Kingambit|Helping Hand|[of] p1a: Farigiraf
|move|p2b: Maushold|Follow Me|p2b: Maushold
|-singleturn|p2b: Maushold|move: Follow Me
|move|p1b: Kingambit|Kowtow Cleave|p2b: Maushold
|-damage|p2b: Maushold|0 fnt
|faint|p2b: Maushold
|move|p2a: Pelipper|Weather Ball|p1b: Kingambit
|-damage|p1b: Kingambit|47/100
|
|-weather|RainDance|[upkeep]
|upkeep
|
|t:|1783864324
|switch|p2b: Swampert|Swampert, L50, M|100/100
|turn|6
|inactive|LaraTheGamer has 30 seconds left.
|inactive|torie123 has 30 seconds left.
|j| CarrotsAreVeryPog
|inactive|LaraTheGamer has 20 seconds left.
|inactive|LaraTheGamer has 15 seconds left.
|inactive|torie123 has 20 seconds left.
|inactive|LaraTheGamer has 10 seconds left.
|
|t:|1783864371
|detailschange|p2b: Swampert|Swampert-Mega, L50, M
|-mega|p2b: Swampert|Swampert|Swampertite
|move|p1a: Farigiraf|Helping Hand|p1b: Kingambit
|-singleturn|p1b: Kingambit|Helping Hand|[of] p1a: Farigiraf
|move|p1b: Kingambit|Kowtow Cleave|p2b: Swampert
|-damage|p2b: Swampert|21/100
|move|p2a: Pelipper|Weather Ball|p1a: Farigiraf
|-damage|p1a: Farigiraf|45/100
|-enditem|p1a: Farigiraf|Sitrus Berry|[eat]
|-heal|p1a: Farigiraf|70/100|[from] item: Sitrus Berry
|move|p2b: Swampert|Earthquake|p1b: Kingambit|[spread] p1a,p1b
|-immune|p2a: Pelipper
|-supereffective|p1b: Kingambit|1
|-damage|p1a: Farigiraf|39/100
|-damage|p1b: Kingambit|0 fnt
|faint|p1b: Kingambit
|
|-weather|RainDance|[upkeep]
|upkeep
|
|t:|1783864387
|switch|p1b: Blastoise|Blastoise-Mega, L50, M|100/100
|turn|7
|inactive|LaraTheGamer has 30 seconds left.
|
|t:|1783864419
|move|p1a: Farigiraf|Helping Hand|p1b: Blastoise
|-singleturn|p1b: Blastoise|Helping Hand|[of] p1a: Farigiraf
|move|p2a: Pelipper|Protect|p2a: Pelipper
|-singleturn|p2a: Pelipper|Protect
|move|p2b: Swampert|Protect|p2b: Swampert
|-singleturn|p2b: Swampert|Protect
|move|p1b: Blastoise|Water Spout|p2a: Pelipper|[spread] 
|-activate|p2a: Pelipper|move: Protect
|-activate|p2b: Swampert|move: Protect
|
|-weather|RainDance|[upkeep]
|-fieldend|move: Trick Room
|upkeep
|turn|8
|inactive|LaraTheGamer has 30 seconds left.
|inactive|torie123 has 30 seconds left.
|inactive|LaraTheGamer has 20 seconds left.
|inactive|torie123 has 20 seconds left.
|inactive|torie123 has 15 seconds left.
|
|t:|1783864459
|switch|p2a: Archaludon|Archaludon, L50, M|14/100
|move|p1a: Farigiraf|Helping Hand|p1b: Blastoise
|-singleturn|p1b: Blastoise|Helping Hand|[of] p1a: Farigiraf
|move|p2b: Swampert|Wave Crash|p1a: Farigiraf
|-damage|p1a: Farigiraf|0 fnt
|faint|p1a: Farigiraf
|-damage|p2b: Swampert|6/100|[from] Recoil
|move|p1b: Blastoise|Water Spout|p2a: Archaludon|[spread] p2a,p2b
|-resisted|p2a: Archaludon|1
|-damage|p2a: Archaludon|0 fnt
|-damage|p2b: Swampert|0 fnt
|faint|p2a: Archaludon
|faint|p2b: Swampert
|
|-weather|none
|upkeep
|
|t:|1783864475
|switch|p2b: Pelipper|Pelipper, L50, F|70/100
|-weather|RainDance|[from] ability: Drizzle|[of] p2b: Pelipper
|turn|9
|inactive|LaraTheGamer has 30 seconds left.
|
|t:|1783864507
|move|p1b: Blastoise|Protect|p1b: Blastoise
|-singleturn|p1b: Blastoise|Protect
|move|p2b: Pelipper|Hurricane|p1b: Blastoise
|-activate|p1b: Blastoise|move: Protect
|
|-weather|RainDance|[upkeep]
|upkeep
|turn|10
|
|t:|1783864521
|move|p2b: Pelipper|Hurricane|p1b: Blastoise
|-crit|p1b: Blastoise
|-damage|p1b: Blastoise|49/100
|move|p1b: Blastoise|Water Spout|p2b: Pelipper
|-resisted|p2b: Pelipper|1
|-damage|p2b: Pelipper|26/100
|-enditem|p2b: Pelipper|Sitrus Berry|[eat]
|-heal|p2b: Pelipper|51/100|[from] item: Sitrus Berry
|
|-weather|RainDance|[upkeep]
|upkeep
|turn|11
|inactive|LaraTheGamer has 30 seconds left.
|
|t:|1783864538
|move|p2b: Pelipper|Hurricane|p1b: Blastoise
|-crit|p1b: Blastoise
|-damage|p1b: Blastoise|0 fnt
|faint|p1b: Blastoise
|
|win|torie123
|c|☆LaraTheGamer|gg
|c|☆torie123|gg's
|l| CarrotsAreVeryPog
|l| pietplezier7
|l| Ome Henk
|l|☆LaraTheGamer
|player|p1|
|j| CarrotsAreVeryPog
|l| CarrotsAreVeryPog
|l|☆torie123
|player|p2|
|j| Ome Henk
