|j|☆llufamistica
|j|☆vert1go0329
|html|llufamisticavert1go0329    
|uhtml|bestof|Game 2 of a best-of-3
|t:|1757181475
|gametype|doubles
|player|p1|llufamistica|169|1076
|player|p2|vert1go0329|266|1060
|gen|9
|tier|[Gen 9] VGC 2025 Reg H (Bo3)
|rated|
|rule|Species Clause: Limit one of each Pokémon
|rule|Item Clause: Limit 1 of each item
|clearpoke
|poke|p1|Murkrow, L50, F|
|poke|p1|Garchomp, L50, M|
|poke|p1|Toxtricity, L50, M|
|poke|p1|Zoroark-Hisui, L50, M|
|poke|p1|Indeedee-F, L50, F|
|poke|p1|Annihilape, L50, F|
|poke|p2|Ursaluna-Bloodmoon, L50, M|
|poke|p2|Porygon2, L50|
|poke|p2|Incineroar, L50, F|
|poke|p2|Dragapult, L50, F|
|poke|p2|Sneasler, L50, M|
|poke|p2|Hitmontop, L50, M|
|teampreview|4
|showteam|p1|Murkrow||Eviolite|Prankster|BraveBird,Tailwind,Quash,Haze|||F|||50|,,,,,Ghost]Garchomp||LifeOrb|RoughSkin|Earthquake,IronHead,RockSlide,Protect|||M|||50|,,,,,Steel]Toxtricity||ChoiceSpecs|PunkRock|Boomburst,Overdrive,VoltSwitch,SludgeBomb|||M|||50|,,,,,Normal]Zoroark-Hisui||FocusSash|Illusion|ShadowBall,Protect,HyperVoice,NastyPlot|||M|||50|,,,,,Stellar]Indeedee-F||SafetyGoggles|Synchronize|FollowMe,HelpingHand,FakeOut,DazzlingGleam|||F|||50|,,,,,Fairy]Annihilape||ChoiceScarf|Defiant|FinalGambit,HelpingHand,ShadowClaw,CloseCombat|||F|||50|,,,,,Grass
|showteam|p2|Ursaluna-Bloodmoon||AssaultVest|MindsEye|BloodMoon,HyperVoice,EarthPower,VacuumWave|||M|||50|,,,,,Normal]Porygon2||Eviolite|Trace|IceBeam,Thunderbolt,Recover,TrickRoom||||||50|,,,,,Ghost]Incineroar||SafetyGoggles|Intimidate|KnockOff,FakeOut,PartingShot,FlareBlitz|||F|||50|,,,,,Ghost]Dragapult||ChoiceBand|ClearBody|DragonDarts,Outrage,PhantomForce,Uturn|||F|||50|,,,,,Dragon]Sneasler||FocusSash|PoisonTouch|CloseCombat,DireClaw,ThroatChop,FakeOut|||M|||50|,,,,,Dark]Hitmontop||CovertCloak|Intimidate|SuckerPunch,CloseCombat,Coaching,WideGuard|||M|||50|,,,,,Fighting
|inactive|Battle timer is ON: inactive players will automatically lose when time's up. (requested by vert1go0329)
|inactive|llufamistica has 60 seconds left.
|
|t:|1757181508
|teamsize|p1|4
|teamsize|p2|4
|start
|switch|p1a: Indeedee|Indeedee-F, L50, F|100/100
|switch|p1b: Annihilape|Annihilape, L50, F, shiny|100/100
|switch|p2a: Incineroar|Incineroar, L50, F|100/100
|switch|p2b: Dragapult|Dragapult, L50, F|100/100
|-ability|p2a: Incineroar|Intimidate|boost
|-unboost|p1a: Indeedee|atk|1
|-unboost|p1b: Annihilape|atk|1
|turn|1
|inactive|vert1go0329 has 30 seconds left.
|
|t:|1757181541
|move|p1a: Indeedee|Follow Me|p1a: Indeedee
|-singleturn|p1a: Indeedee|move: Follow Me
|move|p2b: Dragapult|Phantom Force||[still]
|-prepare|p2b: Dragapult|Phantom Force
|move|p1b: Annihilape|Nasty Plot|p1b: Annihilape
|-boost|p1b: Annihilape|spa|2
|move|p2a: Incineroar|Knock Off|p1a: Indeedee
|-supereffective|p1a: Indeedee
|-damage|p1a: Indeedee|9/100
|-enditem|p1a: Indeedee|Safety Goggles|[from] move: Knock Off|[of] p2a: Incineroar
|
|upkeep
|turn|2
|inactive|llufamistica has 30 seconds left.
|
|t:|1757181575
|move|p1a: Indeedee|Follow Me|p1a: Indeedee
|-singleturn|p1a: Indeedee|move: Follow Me
|move|p2b: Dragapult|Phantom Force|p1a: Indeedee|[from] lockedmove
|-immune|p1a: Indeedee
|move|p1b: Annihilape|Shadow Ball|p2b: Dragapult
|-supereffective|p2b: Dragapult
|-damage|p2b: Dragapult|0 fnt
|faint|p2b: Dragapult
|move|p2a: Incineroar|Knock Off|p1a: Indeedee
|-supereffective|p1a: Indeedee
|-damage|p1a: Indeedee|0 fnt
|faint|p1a: Indeedee
|
|upkeep
|
|t:|1757181591
|switch|p2b: Porygon2|Porygon2, L50|100/100
|switch|p1a: Annihilape|Annihilape, L50, F, shiny|100/100
|-ability|p2b: Porygon2|Defiant|Trace|[from] ability: Trace|[of] p1a: Annihilape
|turn|3
|inactive|llufamistica has 30 seconds left.
|inactive|llufamistica has 20 seconds left.
|inactive|llufamistica has 15 seconds left.
|inactive|llufamistica has 10 seconds left.
|inactive|llufamistica has 5 seconds left.
|
|t:|1757181646
|switch|p2a: Ursaluna|Ursaluna-Bloodmoon, L50, M|100/100
|move|p1a: Annihilape|Final Gambit|p2a: Ursaluna
|-damage|p2a: Ursaluna|0 fnt
|faint|p1a: Annihilape
|faint|p2a: Ursaluna
|move|p1b: Annihilape|Hyper Voice|p2b: Porygon2
|-damage|p2b: Porygon2|46/100
|move|p2b: Porygon2|Trick Room|p2b: Porygon2
|-fieldstart|move: Trick Room|[of] p2b: Porygon2
|
|upkeep
|
|t:|1757181656
|switch|p2a: Incineroar|Incineroar, L50, F|100/100
|switch|p1a: Murkrow|Murkrow, L50, F, shiny|100/100
|-ability|p2a: Incineroar|Intimidate|boost
|-unboost|p1a: Murkrow|atk|1
|-unboost|p1b: Annihilape|atk|1
|turn|4
|inactive|llufamistica has 30 seconds left.
|inactive|llufamistica has 20 seconds left.
|inactive|llufamistica has 15 seconds left.
|inactive|llufamistica has 10 seconds left.
|
|t:|1757181702
|-terastallize|p1a: Murkrow|Ghost
|move|p1a: Murkrow|Quash|p2b: Porygon2
|-activate|p2b: Porygon2|move: Quash
|move|p2a: Incineroar|Knock Off|p1b: Annihilape
|-supereffective|p1b: Annihilape
|-crit|p1b: Annihilape
|-enditem|p1b: Annihilape|Focus Sash
|-damage|p1b: Annihilape|1/100
|replace|p1b: Zoroark|Zoroark-Hisui, L50, M, shiny
|-end|p1b: Zoroark|Illusion
|move|p1b: Zoroark|Hyper Voice|p2a: Incineroar|[spread] p2a,p2b
|-damage|p2a: Incineroar|37/100
|-damage|p2b: Porygon2|2/100
|move|p2b: Porygon2|Thunderbolt|p1b: Zoroark
|-damage|p1b: Zoroark|0 fnt
|faint|p1b: Zoroark
|
|upkeep
|turn|5
|
|t:|1757181723
|move|p2a: Incineroar|Knock Off|p1a: Murkrow
|-supereffective|p1a: Murkrow
|-damage|p1a: Murkrow|21/100
|-enditem|p1a: Murkrow|Eviolite|[from] move: Knock Off|[of] p2a: Incineroar
|move|p2b: Porygon2|Recover|p2b: Porygon2
|-heal|p2b: Porygon2|52/100
|move|p1a: Murkrow|Brave Bird|p2b: Porygon2
|-damage|p2b: Porygon2|37/100
|-damage|p1a: Murkrow|16/100|[from] Recoil
|
|upkeep
|turn|6
|-message|llufamistica forfeited.
|
|win|vert1go0329
|raw|llufamistica's rating: 1076 → 1054(-22 for losing)
|raw|vert1go0329's rating: 1060 → 1092(+32 for winning)
|l|☆vert1go0329
|player|p2|
