|j|☆ThunDragon67
|j|‽jfaria97
|html|ThunDragon67jfaria97    
|uhtml|bestof|Game 3 of a best-of-3
|t:|1756445225
|gametype|doubles
|player|p1|ThunDragon67|li|1078
|player|p2|jfaria97|red|1078
|gen|9
|tier|[Gen 9] VGC 2025 Reg H (Bo3)
|rated|
|rule|Species Clause: Limit one of each Pokémon
|rule|Item Clause: Limit 1 of each item
|clearpoke
|poke|p1|Tsareena, L50, F|
|poke|p1|Volcarona, L50, F|
|poke|p1|Archaludon, L50, M|
|poke|p1|Primarina, L50, M|
|poke|p1|Malamar, L50, F|
|poke|p1|Talonflame, L50, M|
|poke|p2|Garchomp, L50, M|
|poke|p2|Gholdengo, L50|
|poke|p2|Weezing-Galar, L50, F|
|poke|p2|Incineroar, L50, F|
|poke|p2|Dragonite, L50, M|
|poke|p2|Amoonguss, L50, M|
|teampreview|4
|showteam|p1|Tsareena||RockyHelmet|QueenlyMajesty|BulletSeed,LowSweep,Protect,Uturn|||F|||50|,,,,,Water]Volcarona||Leftovers|FlameBody|QuiverDance,RagePowder,FieryDance,BugBuzz|||F|||50|,,,,,Dark]Archaludon||PowerHerb|Stamina|BodyPress,FlashCannon,Protect,ElectroShot|||M|||50|,,,,,Fighting]Primarina||WeaknessPolicy|LiquidVoice|HyperVoice,IcyWind,Moonblast,Protect|||M|||50|,,,,,Ice]Malamar||SitrusBerry|Contrary|Superpower,TopsyTurvy,KnockOff,Protect|||F|||50|,,,,,Dark]Talonflame||FocusSash|GaleWings|BraveBird,FlameCharge,Protect,Tailwind|||M|||50|,,,,,Fire
|showteam|p2|Garchomp||LifeOrb|RoughSkin|Earthquake,StompingTantrum,DragonClaw,Protect|||M|||50|,,,,,Steel]Gholdengo||ChoiceSpecs|GoodasGold|MakeItRain,ShadowBall,Thunderbolt,Trick||||||50|,,,,,Steel]Weezing-Galar||SitrusBerry|NeutralizingGas|StrangeSteam,SludgeBomb,Taunt,Protect|||F|||50|,,,,,Dark]Incineroar||SafetyGoggles|Intimidate|FlareBlitz,KnockOff,FakeOut,PartingShot|||F|||50|,,,,,Ghost]Dragonite||ChoiceBand|InnerFocus|ExtremeSpeed,Outrage,AerialAce,StompingTantrum|||M|||50|,,,,,Normal]Amoonguss||Leftovers|Regenerator|RagePowder,ClearSmog,PollenPuff,Spore|||M|||50|,,,,,Water
|inactive|Battle timer is ON: inactive players will automatically lose when time's up. (requested by jfaria97)
|inactive|jfaria97 has 60 seconds left.
|
|t:|1756445288
|teamsize|p1|4
|teamsize|p2|4
|start
|switch|p1a: Archaludon|Archaludon, L50, M|100/100
|switch|p1b: Primarina|Primarina, L50, M|100/100
|switch|p2a: Gholdengo|Gholdengo, L50|100/100
|switch|p2b: Amoonguss|Amoonguss, L50, M|100/100
|turn|1
|inactive|ThunDragon67 has 30 seconds left.
|
|t:|1756445318
|move|p1a: Archaludon|Flash Cannon|p2b: Amoonguss
|-crit|p2b: Amoonguss
|-damage|p2b: Amoonguss|56/100
|move|p2a: Gholdengo|Make It Rain|p1a: Archaludon|[spread] p1a,p1b
|-resisted|p1a: Archaludon
|-damage|p1a: Archaludon|58/100
|-damage|p1b: Primarina|40/100
|-unboost|p2a: Gholdengo|spa|1
|-ability|p1a: Archaludon|Stamina|boost
|-boost|p1a: Archaludon|def|1
|move|p1b: Primarina|Hyper Voice|p2b: Amoonguss|[spread] p2a,p2b
|-resisted|p2b: Amoonguss
|-damage|p2a: Gholdengo|65/100
|-damage|p2b: Amoonguss|43/100
|move|p2b: Amoonguss|Spore|p1a: Archaludon
|-status|p1a: Archaludon|slp|[from] move: Spore
|
|-heal|p2b: Amoonguss|49/100|[from] item: Leftovers
|upkeep
|turn|2
|inactive|ThunDragon67 has 30 seconds left.
|
|t:|1756445352
|switch|p2b: Dragonite|Dragonite, L50, M|100/100
|cant|p1a: Archaludon|slp
|move|p2a: Gholdengo|Make It Rain|p1a: Archaludon|[spread] p1a,p1b
|-resisted|p1a: Archaludon
|-damage|p1a: Archaludon|32/100 slp
|-damage|p1b: Primarina|0 fnt
|-unboost|p2a: Gholdengo|spa|1
|-ability|p1a: Archaludon|Stamina|boost
|-boost|p1a: Archaludon|def|1
|faint|p1b: Primarina
|
|upkeep
|
|t:|1756445364
|switch|p1b: Volcarona|Volcarona, L50, F|100/100
|turn|3
|
|t:|1756445379
|switch|p2a: Garchomp|Garchomp, L50, M|100/100
|cant|p1a: Archaludon|slp
|move|p1b: Volcarona|Fiery Dance|p2a: Garchomp
|-resisted|p2a: Garchomp
|-damage|p2a: Garchomp|80/100
|-boost|p1b: Volcarona|spa|1
|move|p2b: Dragonite|Stomping Tantrum|p1b: Volcarona
|-damage|p1b: Volcarona|50/100
|
|-heal|p1b: Volcarona|56/100|[from] item: Leftovers
|upkeep
|turn|4
|
|t:|1756445400
|move|p2a: Garchomp|Earthquake|p1b: Volcarona|[spread] p1a,p1b
|-immune|p2b: Dragonite
|-supereffective|p1a: Archaludon
|-damage|p1a: Archaludon|0 fnt
|-damage|p1b: Volcarona|0 fnt
|faint|p1a: Archaludon
|faint|p1b: Volcarona
|-damage|p2a: Garchomp|71/100|[from] item: Life Orb
|move|p2b: Dragonite|Stomping Tantrum|p1: Archaludon|[notarget]
|-fail|p2b: Dragonite
|
|upkeep
|
|t:|1756445414
|switch|p1b: Malamar|Malamar, L50, F|100/100
|turn|5
|
|t:|1756445422
|switch|p2b: Amoonguss|Amoonguss, L50, M|82/100
|move|p2a: Garchomp|Dragon Claw|p1b: Malamar
|-damage|p1b: Malamar|43/100
|-enditem|p1b: Malamar|Sitrus Berry|[eat]
|-heal|p1b: Malamar|68/100|[from] item: Sitrus Berry
|-damage|p2a: Garchomp|61/100|[from] item: Life Orb
|move|p1b: Malamar|Superpower|p2b: Amoonguss
|-resisted|p2b: Amoonguss
|-damage|p2b: Amoonguss|71/100
|-boost|p1b: Malamar|atk|1
|-boost|p1b: Malamar|def|1
|
|-heal|p2b: Amoonguss|77/100|[from] item: Leftovers
|upkeep
|turn|6
|
|t:|1756445442
|move|p2a: Garchomp|Dragon Claw|p1b: Malamar
|-damage|p1b: Malamar|28/100
|-damage|p2a: Garchomp|51/100|[from] item: Life Orb
|move|p1b: Malamar|Knock Off|p2b: Amoonguss
|-damage|p2b: Amoonguss|37/100
|-enditem|p2b: Amoonguss|Leftovers|[from] move: Knock Off|[of] p1b: Malamar
|move|p2b: Amoonguss|Spore|p1b: Malamar
|-status|p1b: Malamar|slp|[from] move: Spore
|
|upkeep
|turn|7
|
|t:|1756445458
|-terastallize|p1b: Malamar|Dark
|move|p2a: Garchomp|Dragon Claw|p1b: Malamar
|-crit|p1b: Malamar
|-damage|p1b: Malamar|0 fnt
|faint|p1b: Malamar
|-damage|p2a: Garchomp|41/100|[from] item: Life Orb
|
|win|jfaria97
|raw|ThunDragon67's rating: 1078 → 1056(-22 for losing)
|raw|jfaria97's rating: 1078 → 1106(+28 for winning)
|l|‽jfaria97
|player|p2|
