|j|‽Juaner95
|j|☆lillyrosethedemon
|html|Juaner95lillyrosethedemon    
|uhtml|bestof|Game 2 of a best-of-3
|t:|1782520115
|gametype|doubles
|player|p1|Juaner95|may-masters4|1145
|player|p2|lillyrosethedemon|madame|1234
|gen|9
|tier|[Gen 9 Champions] VGC 2026 Reg M-B (Bo3)
|rated|
|rule|Species Clause: Limit one of each Pokémon
|rule|Item Clause: Limit 1 of each item
|clearpoke
|poke|p1|Scovillain, L50, M|
|poke|p1|Basculegion, L50, M, shiny|
|poke|p1|Sylveon, L50, F, shiny|
|poke|p1|Garchomp, L50, M|
|poke|p1|Aerodactyl, L50, M|
|poke|p1|Kingambit, L50, M|
|poke|p2|Farigiraf, L50, F|
|poke|p2|Garchomp, L50, M|
|poke|p2|Milotic, L50, M|
|poke|p2|Staraptor, L50, M|
|poke|p2|Rotom-Heat, L50|
|poke|p2|Gholdengo, L50|
|teampreview|4
|showteam|p1|Scovillain||Scovillainite|Moody|Overheat,LeechSeed,RagePowder,Protect|Calm||M|||50|]Basculegion||ChoiceScarf|Adaptability|WaveCrash,LastRespects,FlipTurn,AquaJet|Jolly||M|||50|]Sylveon||FairyFeather|Pixilate|HyperVoice,HyperBeam,QuickAttack,Detect|Modest||F|||50|]Garchomp||SitrusBerry|RoughSkin|Earthquake,DragonClaw,PoisonJab,Protect|Adamant||M|||50|]Aerodactyl||Aerodactylite|Unnerve|RockSlide,DualWingbeat,Tailwind,Protect|Jolly||M|||50|]Kingambit||FocusSash|Defiant|KowtowCleave,IronHead,LowKick,SuckerPunch|Adamant||M|||50|
|showteam|p2|Farigiraf||SitrusBerry|ArmorTail|TrickRoom,Psychic,Thunderbolt,Protect|Quiet||F|||50|]Garchomp||LifeOrb|RoughSkin|Earthquake,StompingTantrum,DragonClaw,Protect|Jolly||M|||50|]Milotic||Leftovers|Competitive|MuddyWater,Hypnosis,Coil,Protect|Calm||M|||50|]Staraptor||Staraptite|Intimidate|BraveBird,CloseCombat,Protect,Roost|Jolly||M|||50|]Rotom-Heat||ChoiceScarf|Levitate|Electroweb,Thunderbolt,Overheat,VoltSwitch|Modest|||||50|]Gholdengo||MetalCoat|GoodasGold|NastyPlot,ShadowBall,MakeItRain,Protect|Modest|||||50|
|inactive|Battle timer is ON: inactive players will automatically lose when time's up. (requested by Juaner95)
|inactive|Juaner95 has 60 seconds left.
|inactiveoff|Battle timer is now OFF.
|c|☆lillyrosethedemon|u good
|inactive|Battle timer is ON: inactive players will automatically lose when time's up. (requested by lillyrosethedemon)
|
|t:|1782520349
|teamsize|p1|4
|teamsize|p2|4
|start
|switch|p1a: Scovillain|Scovillain, L50, M|100/100
|switch|p1b: Basculegion|Basculegion, L50, M, shiny|100/100
|switch|p2a: Staraptor|Staraptor, L50, M|100/100
|switch|p2b: Rotom|Rotom-Heat, L50|100/100
|-ability|p2a: Staraptor|Intimidate|boost
|-unboost|p1a: Scovillain|atk|1
|-unboost|p1b: Basculegion|atk|1
|turn|1
|inactive|lillyrosethedemon has 30 seconds left.
|inactive|lillyrosethedemon has 20 seconds left.
|
|t:|1782520386
|detailschange|p2a: Staraptor|Staraptor-Mega, L50, M
|-mega|p2a: Staraptor|Staraptor|Staraptite
|move|p1a: Scovillain|Protect|p1a: Scovillain
|-singleturn|p1a: Scovillain|Protect
|move|p1b: Basculegion|Flip Turn|p2b: Rotom
|-supereffective|p2b: Rotom|1
|-damage|p2b: Rotom|27/100
|
|t:|1782520401
|switch|p1b: Garchomp|Garchomp, L50, M|100/100|[from] Flip Turn
|move|p2b: Rotom|Volt Switch|p1b: Garchomp
|-immune|p1b: Garchomp
|move|p2a: Staraptor|Close Combat|p1b: Garchomp
|-crit|p1b: Garchomp
|-damage|p1b: Garchomp|7/100
|-boost|p2a: Staraptor|def|1
|-boost|p2a: Staraptor|spd|1
|-damage|p2a: Staraptor|87/100|[from] ability: Rough Skin|[of] p1b: Garchomp
|-enditem|p1b: Garchomp|Sitrus Berry|[eat]
|-heal|p1b: Garchomp|32/100|[from] item: Sitrus Berry
|
|-ability|p1a: Scovillain|Moody|boost
|-boost|p1a: Scovillain|atk|2
|-unboost|p1a: Scovillain|spd|1
|upkeep
|turn|2
|
|t:|1782520421
|detailschange|p1a: Scovillain|Scovillain-Mega, L50, M
|-mega|p1a: Scovillain|Scovillain|Scovillainite
|move|p1a: Scovillain|Rage Powder|p1a: Scovillain
|-singleturn|p1a: Scovillain|move: Rage Powder
|move|p2b: Rotom|Volt Switch|p1a: Scovillain
|-resisted|p1a: Scovillain|1
|-damage|p1a: Scovillain|74/100
|-immune|p2b: Rotom
|
|t:|1782520428
|switch|p2b: Farigiraf|Farigiraf, L50, F|100/100|[from] Volt Switch
|move|p2a: Staraptor|Close Combat|p1a: Scovillain
|-damage|p1a: Scovillain|8/100
|-boost|p2a: Staraptor|def|1
|-boost|p2a: Staraptor|spd|1
|-status|p2a: Staraptor|brn|[from] ability: Spicy Spray|[of] p1a: Scovillain
|move|p1b: Garchomp|Dragon Claw|p2b: Farigiraf
|-damage|p2b: Farigiraf|59/100
|
|-damage|p2a: Staraptor|81/100 brn|[from] brn
|upkeep
|turn|3
|
|t:|1782520448
|move|p1b: Garchomp|Protect|p1b: Garchomp
|-singleturn|p1b: Garchomp|Protect
|move|p2a: Staraptor|Close Combat|p1a: Scovillain
|-damage|p1a: Scovillain|0 fnt
|-boost|p2a: Staraptor|def|1
|-boost|p2a: Staraptor|spd|1
|faint|p1a: Scovillain
|move|p2b: Farigiraf|Psychic|p1b: Garchomp
|-activate|p1b: Garchomp|move: Protect
|
|-damage|p2a: Staraptor|75/100 brn|[from] brn
|upkeep
|
|t:|1782520453
|switch|p1a: Basculegion|Basculegion, L50, M, shiny|100/100
|turn|4
|
|t:|1782520464
|move|p1a: Basculegion|Flip Turn|p2b: Farigiraf
|-damage|p2b: Farigiraf|20/100y
|-enditem|p2b: Farigiraf|Sitrus Berry|[eat]
|-heal|p2b: Farigiraf|44/100|[from] item: Sitrus Berry
|
|t:|1782520468
|switch|p1a: Sylveon|Sylveon, L50, F, shiny|100/100|[from] Flip Turn
|move|p2a: Staraptor|Close Combat|p1b: Garchomp
|-damage|p1b: Garchomp|4/100
|-boost|p2a: Staraptor|def|1
|-boost|p2a: Staraptor|spd|1
|-damage|p2a: Staraptor|63/100 brn|[from] ability: Rough Skin|[of] p1b: Garchomp
|move|p1b: Garchomp|Dragon Claw|p2b: Farigiraf
|-damage|p2b: Farigiraf|3/100
|move|p2b: Farigiraf|Thunderbolt|p1a: Sylveon
|-damage|p1a: Sylveon|80/100
|
|-damage|p2a: Staraptor|57/100 brn|[from] brn
|upkeep
|turn|5
|
|t:|1782520490
|move|p2a: Staraptor|Protect|p2a: Staraptor
|-singleturn|p2a: Staraptor|Protect
|move|p1b: Garchomp|Dragon Claw|p2a: Staraptor
|-activate|p2a: Staraptor|move: Protect
|move|p1a: Sylveon|Hyper Voice|p2a: Staraptor|[spread] p2b
|-activate|p2a: Staraptor|move: Protect
|-damage|p2b: Farigiraf|0 fnt
|faint|p2b: Farigiraf
|
|-damage|p2a: Staraptor|51/100 brn|[from] brn
|upkeep
|
|t:|1782520501
|switch|p2b: Garchomp|Garchomp, L50, M|100/100
|turn|6
|
|t:|1782520517
|move|p2a: Staraptor|Brave Bird|p1a: Sylveon
|-damage|p1a: Sylveon|41/100
|-damage|p2a: Staraptor|36/100 brn|[from] Recoil
|move|p2b: Garchomp|Earthquake|p1a: Sylveon|[spread] p1a,p1b
|-immune|p2a: Staraptor
|-damage|p1a: Sylveon|0 fnt
|-damage|p1b: Garchomp|0 fnt
|faint|p1a: Sylveon
|faint|p1b: Garchomp
|-damage|p2b: Garchomp|90/100|[from] item: Life Orb
|
|-damage|p2a: Staraptor|30/100 brn|[from] brn
|upkeep
|
|t:|1782520526
|switch|p1a: Basculegion|Basculegion, L50, M, shiny|100/100
|turn|7
|
|t:|1782520536
|move|p2b: Garchomp|Protect|p2b: Garchomp
|-singleturn|p2b: Garchomp|Protect
|move|p1a: Basculegion|Last Respects|p2b: Garchomp
|-activate|p2b: Garchomp|move: Protect
|move|p2a: Staraptor|Roost|p2a: Staraptor
|-heal|p2a: Staraptor|80/100 brn
|-singleturn|p2a: Staraptor|move: Roost
|
|-damage|p2a: Staraptor|74/100 brn|[from] brn
|upkeep
|turn|8
|
|t:|1782520549
|move|p1a: Basculegion|Last Respects|p2b: Garchomp
|-damage|p2b: Garchomp|0 fnt
|faint|p2b: Garchomp
|move|p2a: Staraptor|Brave Bird|p1a: Basculegion
|-damage|p1a: Basculegion|58/100
|-damage|p2a: Staraptor|58/100 brn|[from] Recoil
|
|-damage|p2a: Staraptor|52/100 brn|[from] brn
|upkeep
|
|t:|1782520558
|switch|p2b: Rotom|Rotom-Heat, L50|27/100
|turn|9
|
|t:|1782520572
|move|p1a: Basculegion|Last Respects|p2b: Rotom
|-damage|p2b: Rotom|0 fnt
|faint|p2b: Rotom
|move|p2a: Staraptor|Brave Bird|p1a: Basculegion
|-damage|p1a: Basculegion|15/100
|-damage|p2a: Staraptor|36/100 brn|[from] Recoil
|
|-damage|p2a: Staraptor|30/100 brn|[from] brn
|upkeep
|turn|10
|
|t:|1782520582
|move|p1a: Basculegion|Last Respects|p2a: Staraptor
|-damage|p2a: Staraptor|0 fnt
|faint|p2a: Staraptor
|
|win|Juaner95
|raw|Juaner95's rating: 1145 → 1176(+31 for winning)
|raw|lillyrosethedemon's rating: 1234 → 1203(-31 for losing)
