|j|☆geardox
|j|☆randomguy1114s
|html|geardoxrandomguy1114s    
|uhtml|bestof|Game 1 of a best-of-3
|t:|1756856274
|gametype|doubles
|player|p1|geardox|cyclist|1137
|player|p2|randomguy1114s|lillie-masters|1229
|gen|9
|tier|[Gen 9] VGC 2025 Reg H (Bo3)
|rated|
|rule|Species Clause: Limit one of each Pokémon
|rule|Item Clause: Limit 1 of each item
|clearpoke
|poke|p1|Sneasler, L50, M|
|poke|p1|Garchomp, L50, M|
|poke|p1|Corviknight, L50, M|
|poke|p1|Archaludon, L50, M|
|poke|p1|Amoonguss, L50, F|
|poke|p1|Incineroar, L50, M|
|poke|p2|Garchomp, L50, M|
|poke|p2|Kingambit, L50, M|
|poke|p2|Sneasler, L50, F|
|poke|p2|Talonflame, L50, F|
|poke|p2|Primarina, L50, F|
|poke|p2|Sinistcha, L50|
|teampreview|4
|showteam|p1|Sneasler||FocusSash|Unburden|DireClaw,CloseCombat,ThroatChop,Coaching|||M|||50|,,,,,Ghost]Garchomp||LifeOrb|RoughSkin|Protect,Earthquake,DragonClaw,StompingTantrum|||M|||50|,,,,,Ground]Corviknight||SitrusBerry|MirrorArmor|BraveBird,Tailwind,Roost,IronHead|||M|||50|,,,,,Fire]Archaludon||PowerHerb|Stamina|Protect,DracoMeteor,FlashCannon,ElectroShot|||M|||50|,,,,,Dragon]Amoonguss||RockyHelmet|Regenerator|ClearSmog,RagePowder,Spore,PollenPuff|||F|||50|,,,,,Water]Incineroar||AssaultVest|Intimidate|KnockOff,FlareBlitz,FakeOut,Uturn|||M|||50|,,,,,Ghost
|showteam|p2|Garchomp||LifeOrb|RoughSkin|Earthquake,DragonClaw,StompingTantrum,Protect|||M|||50|,,,,,Steel]Kingambit||SafetyGoggles|Defiant|SuckerPunch,SwordsDance,KowtowCleave,Protect|||M|||50|,,,,,Dark]Sneasler||FocusSash|Unburden|CloseCombat,DireClaw,FakeOut,Protect|||F|||50|,,,,,Stellar]Talonflame||ClearAmulet|GaleWings|DualWingbeat,Tailwind,Uturn,Protect|||F|||50|,,,,,Ghost]Primarina||ThroatSpray|LiquidVoice|Haze,HyperVoice,Moonblast,Protect|||F|||50|,,,,,Poison]Sinistcha||MentalHerb|Hospitality|RagePowder,TrickRoom,MatchaGotcha,Protect||||||50|,,,,,Water
|inactive|Battle timer is ON: inactive players will automatically lose when time's up. (requested by geardox)
|inactive|geardox has 60 seconds left.
|
|t:|1756856323
|teamsize|p1|4
|teamsize|p2|4
|start
|switch|p1a: Eggman|Corviknight, L50, M, shiny|100/100
|switch|p1b: Riku|Sneasler, L50, M|100/100
|switch|p2a: Sinistcha|Sinistcha, L50, shiny|100/100
|switch|p2b: Kingambit|Kingambit, L50, M, shiny|100/100
|turn|1
|inactive|geardox has 30 seconds left.
|
|t:|1756856354
|move|p2a: Sinistcha|Protect|p2a: Sinistcha
|-singleturn|p2a: Sinistcha|Protect
|move|p2b: Kingambit|Protect|p2b: Kingambit
|-singleturn|p2b: Kingambit|Protect
|move|p1b: Riku|Close Combat|p2b: Kingambit
|-activate|p2b: Kingambit|move: Protect
|move|p1a: Eggman|Brave Bird|p2a: Sinistcha
|-activate|p2a: Sinistcha|move: Protect
|
|upkeep
|turn|2
|inactive|randomguy1114s has 30 seconds left.
|inactive|randomguy1114s has 20 seconds left.
|
|t:|1756856393
|move|p2a: Sinistcha|Rage Powder|p2a: Sinistcha
|-singleturn|p2a: Sinistcha|move: Rage Powder
|move|p1b: Riku|Throat Chop|p2a: Sinistcha
|-supereffective|p2a: Sinistcha
|-damage|p2a: Sinistcha|50/100
|-start|p2a: Sinistcha|Throat Chop|[silent]
|move|p1a: Eggman|Tailwind|p1a: Eggman
|-sidestart|p1: geardox|move: Tailwind
|move|p2b: Kingambit|Swords Dance|p2b: Kingambit
|-boost|p2b: Kingambit|atk|2
|
|upkeep
|turn|3
|
|t:|1756856408
|-terastallize|p2a: Sinistcha|Water
|move|p2b: Kingambit|Protect|p2b: Kingambit
|-singleturn|p2b: Kingambit|Protect
|move|p1b: Riku|Coaching|p1a: Eggman
|-boost|p1a: Eggman|atk|1
|-boost|p1a: Eggman|def|1
|move|p1a: Eggman|Brave Bird|p2a: Sinistcha
|-damage|p2a: Sinistcha|0 fnt
|faint|p2a: Sinistcha
|-damage|p1a: Eggman|87/100|[from] Recoil
|
|upkeep
|
|t:|1756856419
|switch|p2a: Talonflame|Talonflame, L50, F, shiny|100/100
|turn|4
|inactive|geardox has 30 seconds left.
|inactive|geardox has 20 seconds left.
|inactive|geardox has 15 seconds left.
|
|t:|1756856464
|move|p2a: Talonflame|Dual Wingbeat|p1b: Riku
|-supereffective|p1b: Riku
|-damage|p1b: Riku|46/100
|-supereffective|p1b: Riku
|-damage|p1b: Riku|0 fnt
|faint|p1b: Riku
|-hitcount|p1: Riku|2
|move|p1a: Eggman|Iron Head|p2a: Talonflame
|-resisted|p2a: Talonflame
|-damage|p2a: Talonflame|73/100
|move|p2b: Kingambit|Kowtow Cleave|p1a: Eggman
|-damage|p1a: Eggman|34/100
|-enditem|p1a: Eggman|Sitrus Berry|[eat]
|-heal|p1a: Eggman|59/100|[from] item: Sitrus Berry
|
|upkeep
|
|t:|1756856477
|switch|p1b: Stinky Pete|Garchomp, L50, M|100/100
|turn|5
|
|t:|1756856490
|move|p1b: Stinky Pete|Protect|p1b: Stinky Pete
|-singleturn|p1b: Stinky Pete|Protect
|move|p2a: Talonflame|Protect|p2a: Talonflame
|-singleturn|p2a: Talonflame|Protect
|move|p2b: Kingambit|Protect|p2b: Kingambit
|-singleturn|p2b: Kingambit|Protect
|move|p1a: Eggman|Roost|p1a: Eggman
|-heal|p1a: Eggman|100/100
|-singleturn|p1a: Eggman|move: Roost
|
|-sideend|p1: geardox|move: Tailwind
|upkeep
|turn|6
|
|t:|1756856512
|-terastallize|p1b: Stinky Pete|Ground
|move|p2b: Kingambit|Sucker Punch|p1b: Stinky Pete
|-damage|p1b: Stinky Pete|17/100
|-damage|p2b: Kingambit|88/100|[from] ability: Rough Skin|[of] p1b: Stinky Pete
|move|p2a: Talonflame|Tailwind|p2a: Talonflame
|-sidestart|p2: randomguy1114s|move: Tailwind
|move|p1b: Stinky Pete|Earthquake|p2a: Talonflame|[spread] p2b
|-immune|p1a: Eggman
|-immune|p2a: Talonflame
|-supereffective|p2b: Kingambit
|-crit|p2b: Kingambit
|-damage|p2b: Kingambit|0 fnt
|faint|p2b: Kingambit
|-damage|p1b: Stinky Pete|7/100|[from] item: Life Orb
|move|p1a: Eggman|Brave Bird|p2a: Talonflame
|-damage|p2a: Talonflame|0 fnt
|faint|p2a: Talonflame
|-damage|p1a: Eggman|82/100|[from] Recoil
|
|upkeep
|
|t:|1756856523
|switch|p2b: Primarina|Primarina, L50, F, shiny|100/100
|turn|7
|
|t:|1756856535
|move|p1b: Stinky Pete|Protect|p1b: Stinky Pete
|-singleturn|p1b: Stinky Pete|Protect
|move|p2b: Primarina|Hyper Voice|p1b: Stinky Pete|[spread] p1a
|-activate|p1b: Stinky Pete|move: Protect
|-damage|p1a: Eggman|57/100
|-enditem|p2b: Primarina|Throat Spray
|-boost|p2b: Primarina|spa|1|[from] item: Throat Spray
|move|p1a: Eggman|Tailwind|p1a: Eggman
|-sidestart|p1: geardox|move: Tailwind
|
|upkeep
|turn|8
|
|t:|1756856554
|move|p1b: Stinky Pete|Earthquake|p2b: Primarina|[spread] p2b
|-immune|p1a: Eggman
|-damage|p2b: Primarina|23/100
|-damage|p1b: Stinky Pete|0 fnt|[from] item: Life Orb
|faint|p1b: Stinky Pete
|move|p1a: Eggman|Brave Bird|p2b: Primarina
|-damage|p2b: Primarina|0 fnt
|faint|p2b: Primarina
|-damage|p1a: Eggman|50/100|[from] Recoil
|
|win|geardox
||geardox is ready for game 2.
|inactive|randomguy1114s has 30 seconds to confirm battle start!
