|j|☆gianisking
|j|☆elmono11
|html|gianiskingelmono11    
|uhtml|bestof|Game 2 of a best-of-3
|t:|1756825074
|gametype|doubles
|player|p1|gianisking|bugcatcher-gen4dp|1326
|player|p2|elmono11|ghetsis|1363
|gen|9
|tier|[Gen 9] VGC 2025 Reg H (Bo3)
|rated|
|rule|Species Clause: Limit one of each Pokémon
|rule|Item Clause: Limit 1 of each item
|clearpoke
|poke|p1|Archaludon, L50, M|
|poke|p1|Pelipper, L50, M|
|poke|p1|Ursaluna, L50, F|
|poke|p1|Amoonguss, L50, M|
|poke|p1|Incineroar, L50, M|
|poke|p1|Hatterene, L50, F|
|poke|p2|Gholdengo, L50|
|poke|p2|Sneasler, L50, M|
|poke|p2|Rillaboom, L50, M|
|poke|p2|Dragonite, L50, M|
|poke|p2|Ninetales-Alola, L50, M|
|poke|p2|Arcanine-Hisui, L50, M|
|teampreview|4
|showteam|p1|Archaludon||AssaultVest|Stamina|ElectroShot,BodyPress,FlashCannon,DragonPulse|||M|||50|,,,,,Bug]Pelipper||FocusSash|Drizzle|WeatherBall,Tailwind,Hurricane,Protect|||M|||50|,,,,,Ghost]Ursaluna||FlameOrb|Guts|Facade,HeadlongRush,Earthquake,Protect|||F|||50|,,,,,Ghost]Amoonguss||SitrusBerry|Regenerator|Spore,RagePowder,PollenPuff,Protect|||M|||50|,,,,,Water]Incineroar||SafetyGoggles|Intimidate|KnockOff,PartingShot,FakeOut,FlareBlitz|||M|||50|,,,,,Ghost]Hatterene||AguavBerry|MagicBounce|ExpandingForce,Protect,TrickRoom,DazzlingGleam|||F|||50|,,,,,Water
|showteam|p2|Gholdengo||GrassySeed|GoodasGold|NastyPlot,MakeItRain,ShadowBall,Protect||||||50|,,,,,Water]Sneasler||WhiteHerb|Unburden|CloseCombat,DireClaw,Coaching,Protect|||M|||50|,,,,,Ghost]Rillaboom||AssaultVest|GrassySurge|FakeOut,GrassyGlide,DrumBeating,HighHorsepower|||M|||50|,,,,,Fire]Dragonite||LoadedDice|Multiscale|ScaleShot,IceSpinner,Haze,Protect|||M|||50|,,,,,Steel]Ninetales-Alola||FocusSash|SnowWarning|Blizzard,IcyWind,Encore,AuroraVeil|||M|||50|,,,,,Ghost]Arcanine-Hisui||ClearAmulet|Intimidate|RockSlide,FlareBlitz,ExtremeSpeed,Protect|||M|||50|,,,,,Water
|
|t:|1756825112
|teamsize|p1|4
|teamsize|p2|4
|start
|switch|p1a: Incineroar|Incineroar, L50, M|100/100
|switch|p1b: Ursaluna|Ursaluna, L50, F|100/100
|switch|p2a: Gholdengo|Gholdengo, L50|100/100
|switch|p2b: Rillaboom|Rillaboom, L50, M|100/100
|-fieldstart|move: Grassy Terrain|[from] ability: Grassy Surge|[of] p2b: Rillaboom
|-enditem|p2a: Gholdengo|Grassy Seed
|-boost|p2a: Gholdengo|def|1|[from] item: Grassy Seed
|-ability|p1a: Incineroar|Intimidate|boost
|-unboost|p2a: Gholdengo|atk|1
|-unboost|p2b: Rillaboom|atk|1
|turn|1
|
|t:|1756825132
|-terastallize|p1b: Ursaluna|Ghost
|move|p2b: Rillaboom|Drum Beating|p1b: Ursaluna
|-damage|p1b: Ursaluna|75/100
|-unboost|p1b: Ursaluna|spe|1
|move|p2a: Gholdengo|Nasty Plot|p2a: Gholdengo
|-boost|p2a: Gholdengo|spa|2
|move|p1a: Incineroar|Parting Shot|p2b: Rillaboom
|-unboost|p2b: Rillaboom|atk|1
|-unboost|p2b: Rillaboom|spa|1
|
|t:|1756825141
|switch|p1a: Archaludon|Archaludon, L50, M|100/100|[from] Parting Shot
|move|p1b: Ursaluna|Headlong Rush|p2a: Gholdengo
|-supereffective|p2a: Gholdengo
|-damage|p2a: Gholdengo|18/100
|-unboost|p1b: Ursaluna|def|1
|-unboost|p1b: Ursaluna|spd|1
|
|-heal|p2a: Gholdengo|24/100|[from] Grassy Terrain
|-heal|p1b: Ursaluna|81/100|[from] Grassy Terrain
|-status|p1b: Ursaluna|brn|[from] item: Flame Orb
|upkeep
|turn|2
|
|t:|1756825172
|switch|p2b: Sneasler|Sneasler, L50, M|100/100
|move|p2a: Gholdengo|Protect|p2a: Gholdengo
|-singleturn|p2a: Gholdengo|Protect
|move|p1a: Archaludon|Dragon Pulse|p2a: Gholdengo
|-activate|p2a: Gholdengo|move: Protect
|move|p1b: Ursaluna|Facade|p2b: Sneasler
|-damage|p2b: Sneasler|0 fnt
|faint|p2b: Sneasler
|
|-heal|p2a: Gholdengo|31/100|[from] Grassy Terrain
|-heal|p1b: Ursaluna|87/100 brn|[from] Grassy Terrain
|-damage|p1b: Ursaluna|81/100 brn|[from] brn
|upkeep
|
|t:|1756825200
|switch|p2b: Rillaboom|Rillaboom, L50, M|100/100
|turn|3
|
|t:|1756825218
|switch|p1b: Pelipper|Pelipper, L50, M|100/100
|-weather|RainDance|[from] ability: Drizzle|[of] p1b: Pelipper
|move|p2b: Rillaboom|High Horsepower|p1a: Archaludon
|-supereffective|p1a: Archaludon
|-damage|p1a: Archaludon|59/100
|-ability|p1a: Archaludon|Stamina|boost
|-boost|p1a: Archaludon|def|1
|move|p2a: Gholdengo|Shadow Ball|p1a: Archaludon
|-damage|p1a: Archaludon|0 fnt
|faint|p1a: Archaludon
|
|-weather|RainDance|[upkeep]
|-heal|p2a: Gholdengo|37/100|[from] Grassy Terrain
|upkeep
|
|t:|1756825229
|switch|p1a: Incineroar|Incineroar, L50, M|100/100
|-ability|p1a: Incineroar|Intimidate|boost
|-unboost|p2a: Gholdengo|atk|1
|-unboost|p2b: Rillaboom|atk|1
|turn|4
|
|t:|1756825255
|switch|p2b: Ninetales|Ninetales-Alola, L50, M|100/100
|-weather|Snowscape|[from] ability: Snow Warning|[of] p2b: Ninetales
|move|p1a: Incineroar|Fake Out|p2b: Ninetales
|-damage|p2b: Ninetales|90/100
|move|p2a: Gholdengo|Make It Rain|p1a: Incineroar|[spread] p1a,p1b
|-resisted|p1a: Incineroar
|-resisted|p1b: Pelipper
|-crit|p1b: Pelipper
|-damage|p1a: Incineroar|57/100
|-enditem|p1b: Pelipper|Focus Sash
|-damage|p1b: Pelipper|1/100
|-unboost|p2a: Gholdengo|spa|1
|move|p1b: Pelipper|Tailwind|p1b: Pelipper
|-sidestart|p1: gianisking|move: Tailwind
|
|-weather|Snowscape|[upkeep]
|-heal|p2b: Ninetales|96/100|[from] Grassy Terrain
|-heal|p1a: Incineroar|63/100|[from] Grassy Terrain
|-heal|p2a: Gholdengo|43/100|[from] Grassy Terrain
|upkeep
|turn|5
|
|t:|1756825287
|-terastallize|p2b: Ninetales|Ghost
|move|p2a: Gholdengo|Protect|p2a: Gholdengo
|-singleturn|p2a: Gholdengo|Protect
|move|p1b: Pelipper|Weather Ball|p2b: Ninetales
|-damage|p2b: Ninetales|57/100
|move|p2b: Ninetales|Icy Wind|p1b: Pelipper|[spread] p1a,p1b
|-resisted|p1a: Incineroar
|-damage|p1a: Incineroar|56/100
|-damage|p1b: Pelipper|0 fnt
|-unboost|p1a: Incineroar|spe|1
|faint|p1b: Pelipper
|move|p1a: Incineroar|Flare Blitz|p2b: Ninetales
|-damage|p2b: Ninetales|0 fnt
|faint|p2b: Ninetales
|-damage|p1a: Incineroar|42/100|[from] Recoil
|
|-weather|Snowscape|[upkeep]
|-heal|p2a: Gholdengo|49/100|[from] Grassy Terrain
|-heal|p1a: Incineroar|48/100|[from] Grassy Terrain
|-fieldend|move: Grassy Terrain
|upkeep
|
|t:|1756825319
|switch|p2b: Rillaboom|Rillaboom, L50, M|100/100
|switch|p1b: Ursaluna|Ursaluna, L50, F, tera:Ghost|81/100 brn
|-fieldstart|move: Grassy Terrain|[from] ability: Grassy Surge|[of] p2b: Rillaboom
|turn|6
|
|t:|1756825339
|move|p2a: Gholdengo|Protect||[still]
|-fail|p2a: Gholdengo
|move|p1b: Ursaluna|Facade|p2b: Rillaboom
|-damage|p2b: Rillaboom|0 fnt
|faint|p2b: Rillaboom
|move|p1a: Incineroar|Knock Off|p2a: Gholdengo
|-supereffective|p2a: Gholdengo
|-damage|p2a: Gholdengo|15/100
|
|-weather|Snowscape|[upkeep]
|-heal|p1b: Ursaluna|87/100 brn|[from] Grassy Terrain
|-heal|p2a: Gholdengo|21/100|[from] Grassy Terrain
|-heal|p1a: Incineroar|54/100|[from] Grassy Terrain
|-damage|p1b: Ursaluna|81/100 brn|[from] brn
|upkeep
|turn|7
|
|t:|1756825349
|move|p2a: Gholdengo|Protect|p2a: Gholdengo
|-singleturn|p2a: Gholdengo|Protect
|move|p1b: Ursaluna|Headlong Rush|p2a: Gholdengo
|-activate|p2a: Gholdengo|move: Protect
|move|p1a: Incineroar|Knock Off|p2a: Gholdengo
|-activate|p2a: Gholdengo|move: Protect
|
|-weather|Snowscape|[upkeep]
|-heal|p1b: Ursaluna|87/100 brn|[from] Grassy Terrain
|-heal|p2a: Gholdengo|28/100|[from] Grassy Terrain
|-heal|p1a: Incineroar|60/100|[from] Grassy Terrain
|-damage|p1b: Ursaluna|81/100 brn|[from] brn
|-sideend|p1: gianisking|move: Tailwind
|upkeep
|turn|8
|
|t:|1756825357
|move|p2a: Gholdengo|Shadow Ball|p1b: Ursaluna
|-supereffective|p1b: Ursaluna
|-crit|p1b: Ursaluna
|-damage|p1b: Ursaluna|0 fnt
|faint|p1b: Ursaluna
|move|p1a: Incineroar|Flare Blitz|p2a: Gholdengo
|-supereffective|p2a: Gholdengo
|-damage|p2a: Gholdengo|0 fnt
|faint|p2a: Gholdengo
|-damage|p1a: Incineroar|51/100|[from] Recoil
|
|win|gianisking
|raw|gianisking's rating: 1326 → 1348(+22 for winning)
|raw|elmono11's rating: 1363 → 1341(-22 for losing)
