|j|☆1#miraidonhater
|j|☆itangood5
|html|1#miraidonhateritangood5    
|uhtml|bestof|Game 2 of a best-of-3
|t:|1783325291
|gametype|doubles
|player|p1|1#miraidonhater|102|1090
|player|p2|itangood5|nate|1110
|gen|9
|tier|[Gen 9 Champions] VGC 2026 Reg M-B (Bo3)
|rated|
|rule|Species Clause: Limit one of each Pokémon
|rule|Item Clause: Limit 1 of each item
|clearpoke
|poke|p1|Tyranitar, L50, F|
|poke|p1|Excadrill, L50, F|
|poke|p1|Delphox, L50, F|
|poke|p1|Venusaur, L50, M|
|poke|p1|Rotom-Wash, L50|
|poke|p1|Talonflame, L50, M|
|poke|p2|Charizard, L50, F, shiny|
|poke|p2|Venusaur, L50, M|
|poke|p2|Floette-Eternal, L50, F|
|poke|p2|Farigiraf, L50, M|
|poke|p2|Incineroar, L50, F, shiny|
|poke|p2|Azumarill, L50, M|
|teampreview|4
|showteam|p1|Tyranitar||ChoiceScarf|SandStream|RockSlide,IcePunch,KnockOff,LowKick|Jolly||F|||50|]Excadrill||FocusSash|SandRush|Earthquake,IronHead,RockSlide,Protect|Adamant||F|||50|]Delphox||Delphoxite|Blaze|HeatWave,Protect,NastyPlot,Psyshock|Timid||F|||50|]Venusaur||Venusaurite|Chlorophyll|GigaDrain,SludgeBomb,EarthPower,Protect|Modest||M|||50|]Rotom-Wash||Magnet|Levitate|HydroPump,Thunderbolt,VoltSwitch,Protect|Modest|||||50|]Talonflame|||GaleWings|Tailwind,FlareBlitz,Acrobatics,Protect|Jolly||M|||50|
|showteam|p2|Charizard||CharizarditeY|SolarPower|HeatWave,Protect,WeatherBall,SolarBeam|Modest||F|||50|]Venusaur||FocusSash|Chlorophyll|LeafStorm,EarthPower,SludgeBomb,SleepPowder|Timid||M|||50|]Floette-Eternal||Floettite|FlowerVeil|Moonblast,CalmMind,DrainingKiss,Protect|Modest||F|||50|]Farigiraf||SitrusBerry|ArmorTail|PsychicNoise,Roar,HelpingHand,TrickRoom|Bold||M|||50|]Incineroar||WhiteHerb|Intimidate|CloseCombat,FlareBlitz,PartingShot,FakeOut|Brave||F|||50|]Azumarill||LifeOrb|HugePower|Liquidation,PlayRough,Protect,AquaJet|Brave||M|||50|
|inactive|Battle timer is ON: inactive players will automatically lose when time's up. (requested by itangood5)
|j| porygon-epilepz
|inactive|1#miraidonhater has 60 seconds left.
|
|t:|1783325331
|teamsize|p1|4
|teamsize|p2|4
|start
|switch|p1a: Rotom|Rotom-Wash, L50|100/100
|switch|p1b: Tyranitar|Tyranitar, L50, F|100/100
|switch|p2a: Rookie|Floette-Eternal, L50, F|100/100
|switch|p2b: Boss battle|Incineroar, L50, F, shiny|100/100
|-weather|Sandstorm|[from] ability: Sand Stream|[of] p1b: Tyranitar
|-ability|p2b: Boss battle|Intimidate|boost
|-unboost|p1a: Rotom|atk|1
|-unboost|p1b: Tyranitar|atk|1
|turn|1
|
|t:|1783325347
|detailschange|p2a: Rookie|Floette-Mega, L50, F
|-mega|p2a: Rookie|Floette|Floettite
|-ability|p2a: Rookie|Fairy Aura
|move|p2b: Boss battle|Fake Out|p1b: Tyranitar
|-resisted|p1b: Tyranitar|1
|-damage|p1b: Tyranitar|94/100
|cant|p1b: Tyranitar|flinch
|move|p2a: Rookie|Moonblast|p1b: Tyranitar
|-supereffective|p1b: Tyranitar|1
|-damage|p1b: Tyranitar|0 fnt
|faint|p1b: Tyranitar
|move|p1a: Rotom|Hydro Pump|p2b: Boss battle|[miss]
|-miss|p1a: Rotom|p2b: Boss battle
|
|-weather|Sandstorm|[upkeep]
|-damage|p2a: Rookie|94/100|[from] Sandstorm
|-damage|p1a: Rotom|94/100|[from] Sandstorm
|-damage|p2b: Boss battle|94/100|[from] Sandstorm
|upkeep
|
|t:|1783325359
|switch|p1b: Excadrill|Excadrill, L50, F|100/100
|turn|2
|
|t:|1783325370
|move|p2a: Rookie|Protect|p2a: Rookie
|-singleturn|p2a: Rookie|Protect
|move|p1b: Excadrill|Iron Head|p2a: Rookie
|-activate|p2a: Rookie|move: Protect
|move|p1a: Rotom|Hydro Pump|p2b: Boss battle
|-supereffective|p2b: Boss battle|1
|-damage|p2b: Boss battle|9/100
|move|p2b: Boss battle|Parting Shot|p1b: Excadrill
|-unboost|p1b: Excadrill|atk|1
|-unboost|p1b: Excadrill|spa|1
|
|t:|1783325373
|switch|p2b: Azzy|Azumarill, L50, M|100/100|[from] Parting Shot
|
|-weather|Sandstorm|[upkeep]
|-damage|p2a: Rookie|88/100|[from] Sandstorm
|-damage|p1a: Rotom|88/100|[from] Sandstorm
|-damage|p2b: Azzy|94/100|[from] Sandstorm
|upkeep
|turn|3
|
|t:|1783325393
|move|p2b: Azzy|Aqua Jet|p1b: Excadrill
|-supereffective|p1b: Excadrill|1
|-damage|p1b: Excadrill|8/100
|-damage|p2b: Azzy|84/100|[from] item: Life Orb
|move|p1b: Excadrill|Iron Head|p2a: Rookie
|-supereffective|p2a: Rookie|1
|-damage|p2a: Rookie|8/100
|move|p2a: Rookie|Moonblast|p1a: Rotom
|-damage|p1a: Rotom|0 fnt
|faint|p1a: Rotom
|
|-weather|Sandstorm|[upkeep]
|-damage|p2a: Rookie|2/100|[from] Sandstorm
|-damage|p2b: Azzy|78/100|[from] Sandstorm
|upkeep
|
|t:|1783325403
|switch|p1a: Delphox|Delphox, L50, F|100/100
|turn|4
|inactive|1#miraidonhater has 30 seconds left.
|
|t:|1783325433
|switch|p2a: Boss battle|Incineroar, L50, F, shiny|9/100
|-ability|p2a: Boss battle|Intimidate|boost
|-unboost|p1a: Delphox|atk|1
|-unboost|p1b: Excadrill|atk|1
|detailschange|p1a: Delphox|Delphox-Mega, L50, F
|-mega|p1a: Delphox|Delphox|Delphoxite
|move|p1b: Excadrill|Protect|p1b: Excadrill
|-singleturn|p1b: Excadrill|Protect
|move|p1a: Delphox|Psyshock|p2b: Azzy
|-damage|p2b: Azzy|28/100
|move|p2b: Azzy|Liquidation|p1a: Delphox
|-supereffective|p1a: Delphox|1
|-damage|p1a: Delphox|0 fnt
|faint|p1a: Delphox
|-damage|p2b: Azzy|18/100|[from] item: Life Orb
|
|-weather|Sandstorm|[upkeep]
|-damage|p2a: Boss battle|3/100|[from] Sandstorm
|-damage|p2b: Azzy|12/100|[from] Sandstorm
|upkeep
|turn|5
|
|t:|1783325449
|move|p2a: Boss battle|Fake Out|p1b: Excadrill
|-resisted|p1b: Excadrill|1
|-damage|p1b: Excadrill|0 fnt
|faint|p1b: Excadrill
|
|win|itangood5
