|j|☆Notaplaceofhonor
|j|☆indigo dye
|html|Notaplaceofhonorindigo dye    
|uhtml|bestof|Game 2 of a best-of-3
|t:|1755577616
|gametype|doubles
|player|p1|Notaplaceofhonor|266|1247
|player|p2|indigo dye|lady|1343
|gen|9
|tier|[Gen 9] VGC 2025 Reg H (Bo3)
|rated|
|rule|Species Clause: Limit one of each Pokémon
|rule|Item Clause: Limit 1 of each item
|clearpoke
|poke|p1|Tyranitar, L50, M|
|poke|p1|Sneasler, L50, M|
|poke|p1|Gholdengo, L50|
|poke|p1|Talonflame, L50, F|
|poke|p1|Electabuzz, L50, M|
|poke|p1|Rillaboom, L50, M|
|poke|p2|Gholdengo, L50|
|poke|p2|Sneasler, L50, M|
|poke|p2|Rillaboom, L50, F|
|poke|p2|Dragonite, L50, F|
|poke|p2|Ninetales-Alola, L50, F|
|poke|p2|Arcanine-Hisui, L50, F|
|teampreview|4
|showteam|p1|Tyranitar||AssaultVest|SandStream|RockSlide,KnockOff,LowKick,TeraBlast|||M|||50|,,,,,Flying]Sneasler||FocusSash|Unburden|Protect,FakeOut,DireClaw,CloseCombat|||M|||50|,,,,,Stellar]Gholdengo||LifeOrb|GoodasGold|Protect,NastyPlot,MakeItRain,ShadowBall||||||50|,,,,,Water]Talonflame||SharpBeak|GaleWings|Protect,Tailwind,BraveBird,FlareBlitz|||F|||50|,,,,,Flying]Electabuzz||Eviolite|VitalSpirit|Protect,Electroweb,Taunt,FollowMe|||M|||50|,,,,,Ghost]Rillaboom||GrassySeed|GrassySurge|GrassyGlide,WoodHammer,FakeOut,HighHorsepower|||M|||50|,,,,,Fire
|showteam|p2|Gholdengo||GrassySeed|GoodasGold|NastyPlot,MakeItRain,ShadowBall,Protect||||||50|,,,,,Water]Sneasler||WhiteHerb|Unburden|CloseCombat,DireClaw,Coaching,Protect|||M|||50|,,,,,Ghost]Rillaboom||AssaultVest|GrassySurge|FakeOut,GrassyGlide,DrumBeating,HighHorsepower|||F|||50|,,,,,Fire]Dragonite||LoadedDice|Multiscale|ScaleShot,StompingTantrum,Tailwind,Protect|||F|||50|,,,,,Ground]Ninetales-Alola||FocusSash|SnowWarning|Blizzard,IcyWind,Encore,AuroraVeil|||F|||50|,,,,,Ghost]Arcanine-Hisui||ClearAmulet|Intimidate|RockSlide,FlareBlitz,ExtremeSpeed,Protect|||F|||50|,,,,,Water
|l|☆indigo dye
|player|p2|
|
|t:|1755577633
|teamsize|p1|4
|teamsize|p2|4
|start
|switch|p1a: Talonflame|Talonflame, L50, F|100/100
|switch|p1b: Gholdengo|Gholdengo, L50|100/100
|switch|p2a: Gholdengo|Gholdengo, L50|100/100
|switch|p2b: Rillaboom|Rillaboom, L50, F|100/100
|-fieldstart|move: Grassy Terrain|[from] ability: Grassy Surge|[of] p2b: Rillaboom
|-enditem|p2a: Gholdengo|Grassy Seed
|-boost|p2a: Gholdengo|def|1|[from] item: Grassy Seed
|turn|1
|j|☆indigo dye
|player|p2|indigo dye|lady|
|
|t:|1755577694
|-terastallize|p2a: Gholdengo|Water
|move|p2b: Rillaboom|Fake Out|p1a: Talonflame
|-damage|p1a: Talonflame|80/100
|cant|p1a: Talonflame|flinch
|move|p1b: Gholdengo|Shadow Ball|p2a: Gholdengo
|-damage|p2a: Gholdengo|45/100
|-damage|p1b: Gholdengo|91/100|[from] item: Life Orb
|move|p2a: Gholdengo|Shadow Ball|p1b: Gholdengo
|-supereffective|p1b: Gholdengo
|-damage|p1b: Gholdengo|2/100
|
|-heal|p1b: Gholdengo|8/100|[from] Grassy Terrain
|-heal|p2a: Gholdengo|51/100|[from] Grassy Terrain
|upkeep
|turn|2
|l|☆indigo dye
|player|p2|
|j|☆indigo dye
|player|p2|indigo dye|lady|
|
|t:|1755577722
|move|p1b: Gholdengo|Protect|p1b: Gholdengo
|-singleturn|p1b: Gholdengo|Protect
|move|p2b: Rillaboom|Grassy Glide|p1b: Gholdengo
|-activate|p1b: Gholdengo|move: Protect
|move|p1a: Talonflame|Brave Bird|p2a: Gholdengo
|-damage|p2a: Gholdengo|15/100
|-damage|p1a: Talonflame|65/100|[from] Recoil
|move|p2a: Gholdengo|Shadow Ball|p1a: Talonflame
|-damage|p1a: Talonflame|4/100
|
|-heal|p1b: Gholdengo|14/100|[from] Grassy Terrain
|-heal|p2a: Gholdengo|21/100|[from] Grassy Terrain
|upkeep
|turn|3
|
|t:|1755577742
|move|p2a: Gholdengo|Protect|p2a: Gholdengo
|-singleturn|p2a: Gholdengo|Protect
|move|p2b: Rillaboom|Grassy Glide|p1a: Talonflame
|-resisted|p1a: Talonflame
|-damage|p1a: Talonflame|0 fnt
|faint|p1a: Talonflame
|move|p1b: Gholdengo|Make It Rain|p2a: Gholdengo|[spread] p2b
|-activate|p2a: Gholdengo|move: Protect
|-damage|p2b: Rillaboom|53/100
|-unboost|p1b: Gholdengo|spa|1
|-damage|p1b: Gholdengo|4/100|[from] item: Life Orb
|
|-heal|p2b: Rillaboom|59/100|[from] Grassy Terrain
|-heal|p1b: Gholdengo|10/100|[from] Grassy Terrain
|-heal|p2a: Gholdengo|27/100|[from] Grassy Terrain
|upkeep
|
|t:|1755577755
|switch|p1a: Rillaboom|Rillaboom, L50, M|100/100
|-enditem|p1a: Rillaboom|Grassy Seed
|-boost|p1a: Rillaboom|def|1|[from] item: Grassy Seed
|turn|4
|
|t:|1755577775
|move|p1b: Gholdengo|Protect|p1b: Gholdengo
|-singleturn|p1b: Gholdengo|Protect
|move|p2b: Rillaboom|Grassy Glide|p1b: Gholdengo
|-activate|p1b: Gholdengo|move: Protect
|move|p2a: Gholdengo|Make It Rain|p1a: Rillaboom|[spread] p1a
|-activate|p1b: Gholdengo|move: Protect
|-damage|p1a: Rillaboom|56/100
|-unboost|p2a: Gholdengo|spa|1
|move|p1a: Rillaboom|Wood Hammer|p2a: Gholdengo
|-supereffective|p2a: Gholdengo
|-damage|p2a: Gholdengo|0 fnt
|faint|p2a: Gholdengo
|-damage|p1a: Rillaboom|47/100|[from] Recoil
|
|-heal|p2b: Rillaboom|65/100|[from] Grassy Terrain
|-heal|p1b: Gholdengo|17/100|[from] Grassy Terrain
|-heal|p1a: Rillaboom|53/100|[from] Grassy Terrain
|upkeep
|l|☆indigo dye
|player|p2|
|j|☆indigo dye
|player|p2|indigo dye|lady|
|
|t:|1755577803
|switch|p2a: Ninetales|Ninetales-Alola, L50, F|100/100
|-weather|Snowscape|[from] ability: Snow Warning|[of] p2a: Ninetales
|turn|5
|
|t:|1755577819
|-terastallize|p1a: Rillaboom|Fire
|move|p2b: Rillaboom|Grassy Glide|p1b: Gholdengo
|-resisted|p1b: Gholdengo
|-damage|p1b: Gholdengo|0 fnt
|faint|p1b: Gholdengo
|move|p1a: Rillaboom|Grassy Glide|p2a: Ninetales
|-damage|p2a: Ninetales|62/100
|move|p2a: Ninetales|Blizzard|p1a: Rillaboom
|-resisted|p1a: Rillaboom
|-damage|p1a: Rillaboom|28/100
|-status|p1a: Rillaboom|frz
|
|-weather|Snowscape|[upkeep]
|-heal|p2a: Ninetales|68/100|[from] Grassy Terrain
|-heal|p2b: Rillaboom|70/100|[from] Grassy Terrain
|-heal|p1a: Rillaboom|34/100 frz|[from] Grassy Terrain
|-fieldend|move: Grassy Terrain
|upkeep
|
|t:|1755577829
|switch|p1b: Sneasler|Sneasler, L50, M|100/100
|turn|6
|
|t:|1755577842
|switch|p2b: Arcanine|Arcanine-Hisui, L50, F|100/100
|-ability|p2b: Arcanine|Intimidate|boost
|-unboost|p1a: Rillaboom|atk|1
|-unboost|p1b: Sneasler|atk|1
|move|p1b: Sneasler|Dire Claw|p2b: Arcanine
|-resisted|p2b: Arcanine
|-damage|p2b: Arcanine|83/100
|-status|p2b: Arcanine|slp
|move|p2a: Ninetales|Blizzard|p1b: Sneasler|[spread] p1a,p1b
|-resisted|p1a: Rillaboom
|-damage|p1a: Rillaboom|16/100 frz
|-damage|p1b: Sneasler|60/100
|cant|p1a: Rillaboom|frz
|
|-weather|Snowscape|[upkeep]
|upkeep
|turn|7
|
|t:|1755577862
|move|p1b: Sneasler|Dire Claw|p2a: Ninetales
|-supereffective|p2a: Ninetales
|-damage|p2a: Ninetales|16/100
|move|p2a: Ninetales|Blizzard|p1a: Rillaboom|[spread] p1a,p1b
|-resisted|p1a: Rillaboom
|-damage|p1a: Rillaboom|0 fnt
|-damage|p1b: Sneasler|17/100
|faint|p1a: Rillaboom
|cant|p2b: Arcanine|slp
|
|-weather|Snowscape|[upkeep]
|upkeep
|turn|8
|l|☆indigo dye
|player|p2|
|inactive|Battle timer is ON: inactive players will automatically lose when time's up. (requested by Notaplaceofhonor)
|j|☆indigo dye
|inactive|indigo dye reconnected and has 80 seconds left.
|player|p2|indigo dye|lady|
|
|t:|1755577913
|cant|p2b: Arcanine|slp
|move|p1b: Sneasler|Dire Claw|p2a: Ninetales
|-supereffective|p2a: Ninetales
|-damage|p2a: Ninetales|0 fnt
|faint|p2a: Ninetales
|
|-weather|Snowscape|[upkeep]
|upkeep
|
|t:|1755577915
|switch|p2a: Rillaboom|Rillaboom, L50, F|70/100
|-fieldstart|move: Grassy Terrain|[from] ability: Grassy Surge|[of] p2a: Rillaboom
|turn|9
|
|t:|1755577921
|move|p1b: Sneasler|Protect|p1b: Sneasler
|-singleturn|p1b: Sneasler|Protect
|move|p2a: Rillaboom|Fake Out|p1b: Sneasler
|-activate|p1b: Sneasler|move: Protect
|-curestatus|p2b: Arcanine|slp|[msg]
|move|p2b: Arcanine|Extreme Speed|p1b: Sneasler
|-activate|p1b: Sneasler|move: Protect
|
|-weather|none
|-heal|p1b: Sneasler|23/100|[from] Grassy Terrain
|-heal|p2b: Arcanine|89/100|[from] Grassy Terrain
|-heal|p2a: Rillaboom|76/100|[from] Grassy Terrain
|upkeep
|turn|10
|
|t:|1755577932
|move|p2b: Arcanine|Extreme Speed|p1b: Sneasler
|-damage|p1b: Sneasler|0 fnt
|faint|p1b: Sneasler
|
|win|indigo dye
|raw|Notaplaceofhonor's rating: 1247 → 1229(-18 for losing)
|raw|indigo dye's rating: 1343 → 1358(+15 for winning)
|l|☆Notaplaceofhonor
|player|p1|
