|j|☆Glavenus71601
|j|☆Balester
|html|Glavenus71601Balester    
|uhtml|bestof|Game 1 of a best-of-3
|t:|1756326115
|gametype|doubles
|player|p1|Glavenus71601|fisherman-gen4|1032
|player|p2|Balester|102|1073
|gen|9
|tier|[Gen 9] VGC 2025 Reg H (Bo3)
|rated|
|rule|Species Clause: Limit one of each Pokémon
|rule|Item Clause: Limit 1 of each item
|clearpoke
|poke|p1|Pelipper, L50, F|
|poke|p1|Basculegion, L50, M|
|poke|p1|Archaludon, L50, M|
|poke|p1|Gholdengo, L50|
|poke|p1|Incineroar, L50, M|
|poke|p1|Rillaboom, L50, F|
|poke|p2|Frosmoth, L50, F|
|poke|p2|Volcarona, L50, M|
|poke|p2|Ninetales-Alola, L50, F|
|poke|p2|Garchomp, L50, F|
|poke|p2|Incineroar, L50, F|
|poke|p2|Rillaboom, L50, M|
|teampreview|4
|showteam|p1|Pelipper||FocusSash|Drizzle|WeatherBall,Hurricane,Tailwind,Protect|||F|||50|,,,,,Ghost]Basculegion||ChoiceBand|SwiftSwim|WaveCrash,FlipTurn,LastRespects,AquaJet|||M|||50|,,,,,Water]Archaludon||AssaultVest|Stamina|ElectroShot,BodyPress,DragonPulse,FlashCannon|||M|||50|,,,,,Grass]Gholdengo||MetalCoat|GoodasGold|NastyPlot,ShadowBall,MakeItRain,Protect||||||50|,,,,,Water]Incineroar||SafetyGoggles|Intimidate|KnockOff,FakeOut,PartingShot,FlareBlitz|||M|||50|,,,,,Bug]Rillaboom||LoadedDice|GrassySurge|GrassyGlide,FakeOut,BulletSeed,HighHorsepower|||F|||50|,,,,,Fire
|showteam|p2|Frosmoth||Leftovers|IceScales|QuiverDance,Blizzard,TeraBlast,WideGuard|||F|||50|,,,,,Water]Volcarona||RockyHelmet|FlameBody|RagePowder,HeatWave,WillOWisp,StruggleBug|||M|||50|,,,,,Steel]Ninetales-Alola||LifeOrb|SnowWarning|FreezeDry,IcyWind,Moonblast,AuroraVeil|||F|||50|,,,,,Ghost]Garchomp||ClearAmulet|RoughSkin|StompingTantrum,BreakingSwipe,RockSlide,Protect|||F|||50|,,,,,Fire]Incineroar||SitrusBerry|Intimidate|FakeOut,FlareBlitz,KnockOff,PartingShot|||F|||50|,,,,,Ghost]Rillaboom||AssaultVest|GrassySurge|FakeOut,WoodHammer,GrassyGlide,HighHorsepower|||M|||50|,,,,,Fire
|
|t:|1756326154
|teamsize|p1|4
|teamsize|p2|4
|start
|switch|p1a: Mx Money|Gholdengo, L50|100/100
|switch|p1b: Le Fishe|Basculegion, L50, M|100/100
|switch|p2a: Frosmoth|Frosmoth, L50, F|100/100
|switch|p2b: Incineroar|Incineroar, L50, F|100/100
|-ability|p2b: Incineroar|Intimidate|boost
|-unboost|p1a: Mx Money|atk|1
|-unboost|p1b: Le Fishe|atk|1
|turn|1
|inactive|Battle timer is ON: inactive players will automatically lose when time's up. (requested by Balester)
|
|t:|1756326183
|-terastallize|p2a: Frosmoth|Water
|move|p1a: Mx Money|Protect|p1a: Mx Money
|-singleturn|p1a: Mx Money|Protect
|move|p1b: Le Fishe|Flip Turn|p2a: Frosmoth
|-resisted|p2a: Frosmoth
|-damage|p2a: Frosmoth|84/100
|
|t:|1756326189
|switch|p1b: Fort Pitt|Archaludon, L50, M|100/100|[from] Flip Turn
|move|p2a: Frosmoth|Quiver Dance|p2a: Frosmoth
|-boost|p2a: Frosmoth|spa|1
|-boost|p2a: Frosmoth|spd|1
|-boost|p2a: Frosmoth|spe|1
|move|p2b: Incineroar|Knock Off|p1a: Mx Money
|-activate|p1a: Mx Money|move: Protect
|
|-heal|p2a: Frosmoth|90/100|[from] item: Leftovers
|upkeep
|turn|2
|
|t:|1756326202
|switch|p1a: Pelican Sam|Pelipper, L50, F|100/100
|-weather|RainDance|[from] ability: Drizzle|[of] p1a: Pelican Sam
|move|p2a: Frosmoth|Blizzard|p1b: Fort Pitt|[spread] p1a,p1b
|-damage|p1a: Pelican Sam|30/100
|-damage|p1b: Fort Pitt|68/100
|-status|p1a: Pelican Sam|frz
|-status|p1b: Fort Pitt|frz
|-ability|p1b: Fort Pitt|Stamina|boost
|-boost|p1b: Fort Pitt|def|1
|cant|p1b: Fort Pitt|frz
|move|p2b: Incineroar|Flare Blitz|p1a: Pelican Sam
|-resisted|p1a: Pelican Sam
|-damage|p1a: Pelican Sam|18/100 frz
|-curestatus|p1a: Pelican Sam|frz|[msg]
|-damage|p2b: Incineroar|97/100|[from] Recoil
|
|-weather|RainDance|[upkeep]
|-heal|p2a: Frosmoth|96/100|[from] item: Leftovers
|upkeep
|turn|3
|inactive|Glavenus71601 has 30 seconds left.
|inactive|Glavenus71601 has 20 seconds left.
|inactive|Glavenus71601 has 15 seconds left.
|inactive|Glavenus71601 has 10 seconds left.
|
|t:|1756326251
|move|p2a: Frosmoth|Quiver Dance|p2a: Frosmoth
|-boost|p2a: Frosmoth|spa|1
|-boost|p2a: Frosmoth|spd|1
|-boost|p2a: Frosmoth|spe|1
|move|p1a: Pelican Sam|Tailwind|p1a: Pelican Sam
|-sidestart|p1: Glavenus71601|move: Tailwind
|cant|p1b: Fort Pitt|frz
|move|p2b: Incineroar|Knock Off|p1a: Pelican Sam
|-damage|p1a: Pelican Sam|0 fnt
|-enditem|p1a: Pelican Sam|Focus Sash|[from] move: Knock Off|[of] p2b: Incineroar
|faint|p1a: Pelican Sam
|
|-weather|RainDance|[upkeep]
|-heal|p2a: Frosmoth|100/100|[from] item: Leftovers
|upkeep
|
|t:|1756326259
|switch|p1a: Le Fishe|Basculegion, L50, M|100/100
|turn|4
|
|t:|1756326269
|-terastallize|p1a: Le Fishe|Water
|move|p1a: Le Fishe|Last Respects|p2a: Frosmoth
|-damage|p2a: Frosmoth|19/100
|cant|p1b: Fort Pitt|frz
|move|p2a: Frosmoth|Blizzard|p1a: Le Fishe|[spread] 
|-miss|p2a: Frosmoth|p1a: Le Fishe
|-miss|p2a: Frosmoth|p1b: Fort Pitt
|move|p2b: Incineroar|Knock Off|p1a: Le Fishe
|-damage|p1a: Le Fishe|51/100
|-enditem|p1a: Le Fishe|Choice Band|[from] move: Knock Off|[of] p2b: Incineroar
|
|-weather|RainDance|[upkeep]
|-heal|p2a: Frosmoth|25/100|[from] item: Leftovers
|upkeep
|turn|5
|inactive|Glavenus71601 has 30 seconds left.
|
|t:|1756326298
|move|p1a: Le Fishe|Wave Crash|p2b: Incineroar
|-supereffective|p2b: Incineroar
|-damage|p2b: Incineroar|0 fnt
|faint|p2b: Incineroar
|-damage|p1a: Le Fishe|18/100|[from] Recoil
|cant|p1b: Fort Pitt|frz
|move|p2a: Frosmoth|Blizzard|p1a: Le Fishe|[spread] p1a
|-miss|p2a: Frosmoth|p1b: Fort Pitt
|-resisted|p1a: Le Fishe
|-damage|p1a: Le Fishe|0 fnt
|faint|p1a: Le Fishe
|
|-weather|RainDance|[upkeep]
|-heal|p2a: Frosmoth|31/100|[from] item: Leftovers
|upkeep
|
|t:|1756326308
|switch|p1a: Mx Money|Gholdengo, L50|100/100
|switch|p2b: Ninetales|Ninetales-Alola, L50, F|100/100
|-weather|Snowscape|[from] ability: Snow Warning|[of] p2b: Ninetales
|turn|6
|inactive|Glavenus71601 has 30 seconds left.
|
|t:|1756326337
|move|p1a: Mx Money|Nasty Plot|p1a: Mx Money
|-boost|p1a: Mx Money|spa|2
|-curestatus|p1b: Fort Pitt|frz|[msg]
|move|p1b: Fort Pitt|Body Press|p2a: Frosmoth
|-damage|p2a: Frosmoth|0 fnt
|faint|p2a: Frosmoth
|move|p2b: Ninetales|Aurora Veil|p2b: Ninetales
|-sidestart|p2: Balester|move: Aurora Veil
|
|-weather|Snowscape|[upkeep]
|-sideend|p1: Glavenus71601|move: Tailwind
|upkeep
|
|t:|1756326344
|switch|p2a: Rillaboom|Rillaboom, L50, M|100/100
|-fieldstart|move: Grassy Terrain|[from] ability: Grassy Surge|[of] p2a: Rillaboom
|turn|7
|
|t:|1756326354
|move|p2b: Ninetales|Moonblast|p1b: Fort Pitt
|-damage|p1b: Fort Pitt|37/100
|-ability|p1b: Fort Pitt|Stamina|boost
|-boost|p1b: Fort Pitt|def|1
|-damage|p2b: Ninetales|91/100|[from] item: Life Orb
|move|p1a: Mx Money|Make It Rain|p2a: Rillaboom|[spread] p2a,p2b
|-supereffective|p2b: Ninetales
|-damage|p2a: Rillaboom|41/100
|-damage|p2b: Ninetales|0 fnt
|-unboost|p1a: Mx Money|spa|1
|faint|p2b: Ninetales
|move|p1b: Fort Pitt|Body Press|p2a: Rillaboom
|-damage|p2a: Rillaboom|8/100
|move|p2a: Rillaboom|High Horsepower|p1a: Mx Money
|-supereffective|p1a: Mx Money
|-damage|p1a: Mx Money|14/100
|
|-weather|Snowscape|[upkeep]
|-heal|p1a: Mx Money|20/100|[from] Grassy Terrain
|-heal|p1b: Fort Pitt|43/100|[from] Grassy Terrain
|-heal|p2a: Rillaboom|14/100|[from] Grassy Terrain
|upkeep
|turn|8
|
|t:|1756326370
|move|p1a: Mx Money|Make It Rain|p2a: Rillaboom
|-damage|p2a: Rillaboom|0 fnt
|-unboost|p1a: Mx Money|spa|1
|faint|p2a: Rillaboom
|
|win|Glavenus71601
||Balester is ready for game 2.
||Glavenus71601 is ready for game 2.
|uhtml|next|Next: Game 2 of 3
|l|☆Balester
|player|p2|
