|j|â˜†leafeon03
|j|â˜†straightrippingit
|html|leafeon03straightrippingit    
|uhtml|bestof|Game 1 of a best-of-3
|t:|1785274000
|gametype|doubles
|player|p1|leafeon03|erika|
|player|p2|straightrippingit|brycenman|
|gen|9
|tier|[Gen 9 Champions] VGC 2026 Reg M-B (Bo3)
|rule|Species Clause: Limit one of each PokÃ©mon
|rule|Item Clause: Limit 1 of each item
|clearpoke
|poke|p1|Garchomp, L50, M, shiny|
|poke|p1|Charizard, L50, F, shiny|
|poke|p1|Whimsicott, L50, F|
|poke|p1|Floette-Eternal, L50, F|
|poke|p1|Basculegion, L50, M|
|poke|p1|Kingambit, L50, M, shiny|
|poke|p2|Tyranitar, L50, F|
|poke|p2|Excadrill, L50, F|
|poke|p2|Milotic, L50, F|
|poke|p2|Sinistcha, L50|
|poke|p2|Staraptor, L50, M|
|poke|p2|Gholdengo, L50|
|teampreview|4
|showteam|p1|Garchomp||LifeOrb|RoughSkin|Earthquake,RockSlide,DragonClaw,Protect|Jolly||M|||50|]Charizard||CharizarditeY|Blaze|HeatWave,WeatherBall,SolarBeam,Protect|Modest||F|||50|]Whimsicott||FocusSash|Prankster|Moonblast,Tailwind,Encore,Protect|Timid||F|||50|]Floette-Eternal||Floettite|FlowerVeil|Moonblast,DazzlingGleam,LightofRuin,Protect|Modest||F|||50|]Basculegion||MysticWater|Adaptability|WaveCrash,LastRespects,AquaJet,Protect|Adamant||M|||50|]Kingambit||ChopleBerry|Defiant|KowtowCleave,SuckerPunch,IronHead,LowKick|Adamant||M|||50|
|showteam|p2|Tyranitar||Tyranitarite|SandStream|KnockOff,RockSlide,HighHorsepower,Protect|Jolly||F|||50|]Excadrill||FocusSash|SandRush|Earthquake,IronHead,RockSlide,Protect|Adamant||F|||50|]Milotic||SitrusBerry|Competitive|Scald,IcyWind,Haze,Protect|Calm||F|||50|]Sinistcha||ColburBerry|Hospitality|MatchaGotcha,ShadowBall,Protect,RagePowder|Bold|||||50|]Staraptor||Staraptite|Intimidate|CloseCombat,BraveBird,Tailwind,Protect|Jolly||M|||50|]Gholdengo||LifeOrb|GoodasGold|MakeItRain,ShadowBall,NastyPlot,Protect|Modest|||||50|
|inactive|Battle timer is ON: inactive players will automatically lose when time's up. (requested by straightrippingit)
|inactive|leafeon03 has 60 seconds left.
|inactive|leafeon03 has 30 seconds left.
|inactiveoff|Battle timer is now OFF.
|c|â˜†straightrippingit|Sorry had auto timer on mobile
|c|â˜†leafeon03|np
|
|t:|1785274121
|teamsize|p1|4
|teamsize|p2|4
|start
|switch|p1a: Whimsicott|Whimsicott, L50, F|100/100
|switch|p1b: Basculegion|Basculegion, L50, M|100/100
|switch|p2a: Staraptor|Staraptor, L50, M|100/100
|switch|p2b: Milotic|Milotic, L50, F|100/100
|-ability|p2a: Staraptor|Intimidate|boost
|-unboost|p1a: Whimsicott|atk|1
|-unboost|p1b: Basculegion|atk|1
|turn|1
|
|t:|1785274161
|detailschange|p2a: Staraptor|Staraptor-Mega, L50, M
|-mega|p2a: Staraptor|Staraptor|Staraptite
|move|p1a: Whimsicott|Moonblast|p2a: Staraptor
|-supereffective|p2a: Staraptor|1
|-damage|p2a: Staraptor|35/100
|-boost|p2a: Staraptor|spa|1
|move|p2a: Staraptor|Tailwind|p2a: Staraptor
|-sidestart|p2: straightrippingit|move: Tailwind
|move|p2b: Milotic|Scald|p1a: Whimsicott
|-resisted|p1a: Whimsicott|1
|-damage|p1a: Whimsicott|75/100
|move|p1b: Basculegion|Wave Crash|p2a: Staraptor
|-damage|p2a: Staraptor|0 fnt
|faint|p2a: Staraptor
|-damage|p1b: Basculegion|88/100|[from] Recoil
|
|upkeep
|
|t:|1785274200
|switch|p2a: Tyranitar|Tyranitar, L50, F|100/100
|-weather|Sandstorm|[from] ability: Sand Stream|[of] p2a: Tyranitar
|turn|2
|
|t:|1785274232
|move|p1a: Whimsicott|Protect|p1a: Whimsicott
|-singleturn|p1a: Whimsicott|Protect
|move|p2a: Tyranitar|Protect|p2a: Tyranitar
|-singleturn|p2a: Tyranitar|Protect
|move|p1b: Basculegion|Protect|p1b: Basculegion
|-singleturn|p1b: Basculegion|Protect
|move|p2b: Milotic|Icy Wind|p1a: Whimsicott|[spread] 
|-activate|p1a: Whimsicott|move: Protect
|-activate|p1b: Basculegion|move: Protect
|
|-weather|Sandstorm|[upkeep]
|-damage|p2b: Milotic|94/100|[from] Sandstorm
|-damage|p1a: Whimsicott|70/100|[from] Sandstorm
|-damage|p1b: Basculegion|82/100|[from] Sandstorm
|upkeep
|turn|3
|
|t:|1785274280
|move|p1a: Whimsicott|Tailwind|p1a: Whimsicott
|-sidestart|p1: leafeon03|move: Tailwind
|move|p2a: Tyranitar|Knock Off|p1b: Basculegion
|-supereffective|p1b: Basculegion|1
|-damage|p1b: Basculegion|0 fnt
|-enditem|p1b: Basculegion|Mystic Water|[from] move: Knock Off|[of] p2a: Tyranitar
|faint|p1b: Basculegion
|move|p2b: Milotic|Icy Wind|p1a: Whimsicott
|-supereffective|p1a: Whimsicott|1
|-damage|p1a: Whimsicott|24/100
|-unboost|p1a: Whimsicott|spe|1
|
|-weather|Sandstorm|[upkeep]
|-damage|p1a: Whimsicott|18/100|[from] Sandstorm
|-damage|p2b: Milotic|88/100|[from] Sandstorm
|upkeep
|c|â˜†leafeon03|i have brain damage
|c|â˜†leafeon03|keep thinking my basc is faster
|
|t:|1785274300
|switch|p1b: Garchomp|Garchomp, L50, M, shiny|100/100
|turn|4
|c|â˜†straightrippingit|I thought it might have been and kinda just had to go for it there
|c|â˜†straightrippingit|I thought I was only faster as mega
|c|â˜†leafeon03|no i just brain farted, whole point of my play was based on me outspeeding
|
|t:|1785274355
|switch|p2a: Excadrill|Excadrill, L50, F|100/100
|move|p1a: Whimsicott|Protect|p1a: Whimsicott
|-singleturn|p1a: Whimsicott|Protect
|move|p1b: Garchomp|Earthquake|p2b: Milotic|[spread] p2a,p2b
|-activate|p1a: Whimsicott|move: Protect
|-supereffective|p2a: Excadrill|1
|-enditem|p2a: Excadrill|Focus Sash
|-damage|p2a: Excadrill|1/100
|-damage|p2b: Milotic|38/100
|-enditem|p2b: Milotic|Sitrus Berry|[eat]
|-heal|p2b: Milotic|63/100|[from] item: Sitrus Berry
|-damage|p1b: Garchomp|90/100|[from] item: Life Orb
|move|p2b: Milotic|Icy Wind|p1a: Whimsicott|[spread] p1b
|-activate|p1a: Whimsicott|move: Protect
|-supereffective|p1b: Garchomp|2
|-damage|p1b: Garchomp|42/100
|-unboost|p1b: Garchomp|spe|1
|
|-weather|Sandstorm|[upkeep]
|-damage|p1a: Whimsicott|13/100|[from] Sandstorm
|-damage|p2b: Milotic|57/100|[from] Sandstorm
|-sideend|p2: straightrippingit|move: Tailwind
|upkeep
|turn|5
|
|t:|1785274418
|switch|p1b: Charizard|Charizard, L50, F, shiny|100/100
|move|p2a: Excadrill|Protect|p2a: Excadrill
|-singleturn|p2a: Excadrill|Protect
|move|p2b: Milotic|Protect|p2b: Milotic
|-singleturn|p2b: Milotic|Protect
|move|p1a: Whimsicott|Moonblast|p2a: Excadrill
|-activate|p2a: Excadrill|move: Protect
|
|-weather|Sandstorm|[upkeep]
|-damage|p1b: Charizard|94/100|[from] Sandstorm
|-damage|p1a: Whimsicott|7/100|[from] Sandstorm
|-damage|p2b: Milotic|52/100|[from] Sandstorm
|upkeep
|turn|6
|
|t:|1785274456
|detailschange|p1b: Charizard|Charizard-Mega-Y, L50, F, shiny
|-mega|p1b: Charizard|Charizard|Charizardite Y
|-weather|SunnyDay|[from] ability: Drought|[of] p1b: Charizard
|move|p1a: Whimsicott|Encore|p2b: Milotic
|-start|p2b: Milotic|Encore
|move|p2b: Milotic|Protect|p2b: Milotic
|-singleturn|p2b: Milotic|Protect
|move|p1b: Charizard|Heat Wave|p2a: Excadrill|[spread] p2a
|-activate|p2b: Milotic|move: Protect
|-supereffective|p2a: Excadrill|1
|-damage|p2a: Excadrill|0 fnt
|faint|p2a: Excadrill
|
|-weather|SunnyDay|[upkeep]
|-sideend|p1: leafeon03|move: Tailwind
|upkeep
|
|t:|1785274471
|switch|p2a: Tyranitar|Tyranitar, L50, F|100/100
|-weather|Sandstorm|[from] ability: Sand Stream|[of] p2a: Tyranitar
|turn|7
|
|t:|1785274505
|switch|p1b: Garchomp|Garchomp, L50, M, shiny|42/100
|move|p2b: Milotic|Protect||[still]
|-fail|p2b: Milotic
|move|p2a: Tyranitar|Rock Slide|p1b: Garchomp|[spread] p1a,p1b
|-resisted|p1b: Garchomp|1
|-damage|p1a: Whimsicott|0 fnt
|-damage|p1b: Garchomp|28/100
|faint|p1a: Whimsicott
|
|-weather|Sandstorm|[upkeep]
|-damage|p2b: Milotic|46/100|[from] Sandstorm
|upkeep
|
|t:|1785274515
|switch|p1a: Charizard|Charizard-Mega-Y, L50, F, shiny|94/100
|-weather|SunnyDay|[from] ability: Drought|[of] p1a: Charizard
|turn|8
|
|t:|1785274543
|move|p1a: Charizard|Protect|p1a: Charizard
|-singleturn|p1a: Charizard|Protect
|move|p2a: Tyranitar|Protect|p2a: Tyranitar
|-singleturn|p2a: Tyranitar|Protect
|move|p2b: Milotic|Protect|p2b: Milotic
|-singleturn|p2b: Milotic|Protect
|move|p1b: Garchomp|Earthquake|p2a: Tyranitar|[spread] 
|-activate|p1a: Charizard|move: Protect
|-activate|p2a: Tyranitar|move: Protect
|-activate|p2b: Milotic|move: Protect
|
|-weather|SunnyDay|[upkeep]
|-end|p2b: Milotic|Encore
|upkeep
|turn|9
|
|t:|1785274568
|move|p2a: Tyranitar|Protect||[still]
|-fail|p2a: Tyranitar
|move|p1b: Garchomp|Earthquake|p2b: Milotic|[spread] p2a,p2b
|-immune|p1a: Charizard
|-supereffective|p2a: Tyranitar|1
|-damage|p2a: Tyranitar|18/100
|-damage|p2b: Milotic|0 fnt
|faint|p2b: Milotic
|-damage|p1b: Garchomp|18/100|[from] item: Life Orb
|move|p1a: Charizard|Heat Wave|p2a: Tyranitar
|-resisted|p2a: Tyranitar|1
|-damage|p2a: Tyranitar|0 fnt
|faint|p2a: Tyranitar
|
|win|leafeon03
|inactive|leafeon03 has 30 seconds to confirm battle start!
|inactive|straightrippingit has 30 seconds to confirm battle start!
|c|â˜†leafeon03|why tect
|c|â˜†leafeon03|youre faster than zard
|inactive|leafeon03 has 20 seconds to confirm battle start!
|inactive|straightrippingit has 20 seconds to confirm battle start!
|c|â˜†leafeon03|sorry
|c|â˜†leafeon03|no youre 1 slower ye
|c|â˜†leafeon03|nvm
||leafeon03 is ready for game 2.
|inactive|straightrippingit has 10 seconds to confirm battle start!
||straightrippingit is ready for game 2.
|uhtml|next|Next: Game 2 of 3
