|j|☆okaytokayyt
|j|☆spingle23
|html|okaytokayytspingle23    
|uhtml|bestof|Game 1 of a best-of-3
|t:|1784032207
|gametype|doubles
|player|p1|okaytokayyt|265|
|player|p2|spingle23|169|
|gen|9
|tier|[Gen 9 Champions] VGC 2026 Reg M-B (Bo3)
|rule|Species Clause: Limit one of each Pokémon
|rule|Item Clause: Limit 1 of each item
|clearpoke
|poke|p1|Scovillain, L50, M|
|poke|p1|Aerodactyl, L50, M|
|poke|p1|Kommo-o, L50, F|
|poke|p1|Sneasler, L50, F|
|poke|p1|Basculegion, L50, M|
|poke|p1|Pelipper, L50, F|
|poke|p2|Sceptile, L50, F|
|poke|p2|Maushold-Four, L50|
|poke|p2|Incineroar, L50, F|
|poke|p2|Floette-Eternal, L50, F|
|poke|p2|Basculegion, L50, M|
|poke|p2|Jolteon, L50, F|
|teampreview|4
|showteam|p1|Scovillain||Scovillainite|Chlorophyll|Overheat,LeechSeed,RagePowder,Protect|Calm||M|||50|]Aerodactyl||Aerodactylite|Unnerve|DualWingbeat,RockSlide,Tailwind,Protect|Jolly||M|||50|]Kommo-o||Leftovers|Soundproof|ClangingScales,AuraSphere,ClangorousSoul,Protect|Modest||F|||50|]Sneasler||WhiteHerb|Unburden|DireClaw,CloseCombat,FakeOut,Protect|Adamant||F|||50|]Basculegion||ChoiceScarf|Adaptability|WaveCrash,LastRespects,AquaJet,FlipTurn|Adamant||M|||50|]Pelipper||SitrusBerry|Drizzle|Hurricane,WeatherBall,WideGuard,Protect|Bold||F|||50|
|showteam|p2|Sceptile||Sceptilite|Overgrow|Detect,EarthPower,DragonPulse,LeafStorm|Modest||F|||50|]Maushold-Four||WideLens|Technician|PopulationBomb,Protect,FollowMe,BulletSeed|Jolly|||||50|]Incineroar||SitrusBerry|Intimidate|FakeOut,PartingShot,ThroatChop,FlareBlitz|Adamant||F|||50|]Floette-Eternal||Floettite|FlowerVeil|Protect,CalmMind,DrainingKiss,DazzlingGleam|Timid||F|||50|]Basculegion||ChoiceScarf|Adaptability|WaveCrash,FlipTurn,HeadSmash,LastRespects|Jolly||M|||50|]Jolteon||FocusSash|VoltAbsorb|Detect,Yawn,Electroweb,Discharge|Timid||F|||50|
|c|☆okaytokayyt|do you want to ping for spectators?
|c|☆spingle23|I don't think anyone's around for mine
|c|☆spingle23|considering it was kinda a "lets go now" thing lol
|c|☆okaytokayyt|do you wanna leave it then or should we just ping anyway to see if anybody is
|c|☆spingle23|idm just running it
|
|t:|1784032352
|teamsize|p1|4
|teamsize|p2|4
|start
|switch|p1a: Scovillain|Scovillain, L50, M|100/100
|switch|p1b: Sneasler|Sneasler, L50, F|100/100
|switch|p2a: Basculegion|Basculegion, L50, M|100/100
|switch|p2b: Maushold|Maushold-Four, L50|100/100
|turn|1
|
|t:|1784032383
|detailschange|p1a: Scovillain|Scovillain-Mega, L50, M
|-mega|p1a: Scovillain|Scovillain|Scovillainite
|move|p2b: Maushold|Protect|p2b: Maushold
|-singleturn|p2b: Maushold|Protect
|move|p1a: Scovillain|Rage Powder|p1a: Scovillain
|-singleturn|p1a: Scovillain|move: Rage Powder
|move|p2a: Basculegion|Wave Crash|p1a: Scovillain
|-damage|p1a: Scovillain|17/100
|-status|p2a: Basculegion|brn|[from] ability: Spicy Spray|[of] p1a: Scovillain
|-damage|p2a: Basculegion|75/100 brn|[from] Recoil
|move|p1b: Sneasler|Close Combat|p2b: Maushold
|-activate|p2b: Maushold|move: Protect
|
|-damage|p2a: Basculegion|69/100 brn|[from] brn
|upkeep
|turn|2
|
|t:|1784032404
|switch|p1a: Basculegion|Basculegion, L50, M|100/100
|move|p2b: Maushold|Protect||[still]
|-fail|p2b: Maushold
|move|p2a: Basculegion|Wave Crash|p1a: Basculegion
|-resisted|p1a: Basculegion|1
|-damage|p1a: Basculegion|78/100
|-damage|p2a: Basculegion|62/100 brn|[from] Recoil
|move|p1b: Sneasler|Close Combat|p2b: Maushold
|-supereffective|p2b: Maushold|1
|-damage|p2b: Maushold|0 fnt
|-unboost|p1b: Sneasler|def|1
|-unboost|p1b: Sneasler|spd|1
|faint|p2b: Maushold
|-enditem|p1b: Sneasler|White Herb
|-clearnegativeboost|p1b: Sneasler|[silent]
|
|-damage|p2a: Basculegion|56/100 brn|[from] brn
|upkeep
|
|t:|1784032409
|switch|p2b: Incineroar|Incineroar, L50, F|100/100
|-ability|p2b: Incineroar|Intimidate|boost
|-unboost|p1a: Basculegion|atk|1
|-unboost|p1b: Sneasler|atk|1
|turn|3
|
|t:|1784032435
|move|p1b: Sneasler|Protect|p1b: Sneasler
|-singleturn|p1b: Sneasler|Protect
|move|p2b: Incineroar|Fake Out|p1b: Sneasler
|-activate|p1b: Sneasler|move: Protect
|move|p2a: Basculegion|Wave Crash|p1b: Sneasler
|-activate|p1b: Sneasler|move: Protect
|move|p1a: Basculegion|Last Respects|p2a: Basculegion
|-supereffective|p2a: Basculegion|1
|-damage|p2a: Basculegion|0 fnt
|faint|p2a: Basculegion
|
|upkeep
|
|t:|1784032439
|switch|p2a: Floette|Floette-Eternal, L50, F|100/100
|turn|4
|
|t:|1784032450
|detailschange|p2a: Floette|Floette-Mega, L50, F
|-mega|p2a: Floette|Floette|Floettite
|-ability|p2a: Floette|Fairy Aura
|move|p1b: Sneasler|Dire Claw|p2a: Floette
|-supereffective|p2a: Floette|1
|-damage|p2a: Floette|37/100
|move|p1a: Basculegion|Last Respects|p2a: Floette
|-crit|p2a: Floette
|-damage|p2a: Floette|0 fnt
|faint|p2a: Floette
|move|p2b: Incineroar|Throat Chop|p1a: Basculegion
|-supereffective|p1a: Basculegion|1
|-damage|p1a: Basculegion|0 fnt
|faint|p1a: Basculegion
|
|upkeep
|
|t:|1784032474
|switch|p1a: Pelipper|Pelipper, L50, F|100/100
|-weather|RainDance|[from] ability: Drizzle|[of] p1a: Pelipper
|turn|5
|
|t:|1784032481
|move|p1b: Sneasler|Close Combat|p2b: Incineroar
|-supereffective|p2b: Incineroar|1
|-damage|p2b: Incineroar|11/100
|-unboost|p1b: Sneasler|def|1
|-unboost|p1b: Sneasler|spd|1
|-enditem|p2b: Incineroar|Sitrus Berry|[eat]
|-heal|p2b: Incineroar|35/100|[from] item: Sitrus Berry
|move|p2b: Incineroar|Throat Chop|p1b: Sneasler
|-resisted|p1b: Sneasler|1
|-crit|p1b: Sneasler
|-damage|p1b: Sneasler|21/100
|-start|p1b: Sneasler|Throat Chop|[silent]
|move|p1a: Pelipper|Weather Ball|p2b: Incineroar
|-supereffective|p2b: Incineroar|1
|-damage|p2b: Incineroar|0 fnt
|faint|p2b: Incineroar
|
|win|okaytokayyt
||okaytokayyt is ready for game 2.
||spingle23 is ready for game 2.
|uhtml|next|Next: Game 2 of 3
|j| asmrticuno
|l| asmrticuno
|l|☆okaytokayyt
|player|p1|
|j| asmrticuno
