|j|☆lolgz
|j|☆Akalaman
|html|lolgzAkalaman    
|uhtml|bestof|Game 2 of a best-of-3
|t:|1784302631
|gametype|doubles
|player|p1|lolgz|dawn|1111
|player|p2|Akalaman|2|1172
|gen|9
|tier|[Gen 9 Champions] VGC 2026 Reg M-B (Bo3)
|rated|
|rule|Species Clause: Limit one of each Pokémon
|rule|Item Clause: Limit 1 of each item
|clearpoke
|poke|p1|Blastoise, L50, F|
|poke|p1|Vivillon, L50, F|
|poke|p1|Farigiraf, L50, M|
|poke|p1|Gallade, L50, M|
|poke|p1|Mawile, L50, M|
|poke|p1|Torkoal, L50, M|
|poke|p2|Tsareena, L50, F|
|poke|p2|Raichu, L50, F|
|poke|p2|Kingambit, L50, F|
|poke|p2|Whimsicott, L50, M|
|poke|p2|Charizard, L50, F|
|poke|p2|Garchomp, L50, M|
|teampreview|4
|showteam|p1|Blastoise||Blastoisinite|Torrent|WaterSpout,DarkPulse,FakeOut,ShellSmash|Modest||F|||50|]Vivillon||ChoiceScarf|CompoundEyes|SleepPowder,RagePowder,Tailwind,Hurricane|Timid||F|||50|]Farigiraf||SitrusBerry|ArmorTail|TrickRoom,Psychic,HelpingHand,Protect|Relaxed||M|||50|]Gallade||IronBall|Sharpness|SacredSword,PsychoCut,LeafBlade,TrickRoom|Brave||M|||50|]Mawile||Mawilite|HyperCutter|SuckerPunch,PlayRough,RockSlide,Protect|Brave||M|||50|]Torkoal||Charcoal|Drought|WeatherBall,Eruption,EarthPower,Protect|Quiet||M|||50|
|showteam|p2|Tsareena||WideLens|QueenlyMajesty|TripleAxel,TropKick,LowKick,Protect|Adamant||F|||50|]Raichu||RaichuniteY|LightningRod|ZapCannon,FocusBlast,Protect,GrassKnot|Timid||F|||50|]Kingambit||LifeOrb|Defiant|SuckerPunch,KowtowCleave,IronHead,Protect|Adamant||F|||50|]Whimsicott||FocusSash|Prankster|Tailwind,Encore,Moonblast,Protect|Timid||M|||50|]Charizard||CharizarditeY|SolarPower|HeatWave,WeatherBall,SolarBeam,Protect|Timid||F|||50|]Garchomp||ChoiceScarf|RoughSkin|DragonClaw,RockTomb,RockSlide,StompingTantrum|Adamant||M|||50|
|inactive|Battle timer is ON: inactive players will automatically lose when time's up. (requested by lolgz)
|
|t:|1784302643
|teamsize|p1|4
|teamsize|p2|4
|start
|switch|p1a: Vivillon|Vivillon, L50, F|100/100
|switch|p1b: Blastoise|Blastoise, L50, F|100/100
|switch|p2a: Kingambit|Kingambit, L50, F|100/100
|switch|p2b: Garchomp|Garchomp, L50, M|100/100
|turn|1
|inactive|lolgz has 30 seconds left.
|inactive|lolgz has 20 seconds left.
|inactive|lolgz has 15 seconds left.
|
|t:|1784302684
|detailschange|p1b: Blastoise|Blastoise-Mega, L50, F
|-mega|p1b: Blastoise|Blastoise|Blastoisinite
|move|p1a: Vivillon|Sleep Powder|p2a: Kingambit
|-status|p2a: Kingambit|slp|[from] move: Sleep Powder
|move|p2b: Garchomp|Rock Tomb|p1a: Vivillon
|-supereffective|p1a: Vivillon|2
|-damage|p1a: Vivillon|0 fnt
|faint|p1a: Vivillon
|move|p1b: Blastoise|Shell Smash|p1b: Blastoise
|-unboost|p1b: Blastoise|def|1
|-unboost|p1b: Blastoise|spd|1
|-boost|p1b: Blastoise|atk|2
|-boost|p1b: Blastoise|spa|2
|-boost|p1b: Blastoise|spe|2
|cant|p2a: Kingambit|slp
|
|upkeep
|
|t:|1784302698
|switch|p1a: Farigiraf|Farigiraf, L50, M|100/100
|turn|2
|
|t:|1784302714
|move|p1a: Farigiraf|Helping Hand|p1b: Blastoise
|-singleturn|p1b: Blastoise|Helping Hand|[of] p1a: Farigiraf
|cant|p2a: Kingambit|slp
|move|p2b: Garchomp|Rock Tomb|p1b: Blastoise
|-damage|p1b: Blastoise|70/100
|-unboost|p1b: Blastoise|spe|1
|move|p1b: Blastoise|Water Spout|p2a: Kingambit|[spread] p2a,p2b
|-damage|p2a: Kingambit|0 fnt
|-damage|p2b: Garchomp|0 fnt
|faint|p2a: Kingambit
|faint|p2b: Garchomp
|
|upkeep
|
|t:|1784302723
|switch|p2b: Charizard|Charizard, L50, F|100/100
|switch|p2a: Tsareena|Tsareena, L50, F|100/100
|turn|3
|
|t:|1784302733
|detailschange|p2b: Charizard|Charizard-Mega-Y, L50, F
|-mega|p2b: Charizard|Charizard|Charizardite Y
|-weather|SunnyDay|[from] ability: Drought|[of] p2b: Charizard
|move|p2a: Tsareena|Protect|p2a: Tsareena
|-singleturn|p2a: Tsareena|Protect
|move|p2b: Charizard|Solar Beam||[still]
|-prepare|p2b: Charizard|Solar Beam
|-anim|p2b: Charizard|Solar Beam|p1b: Blastoise
|-supereffective|p1b: Blastoise|1
|-damage|p1b: Blastoise|0 fnt
|faint|p1b: Blastoise
|move|p1a: Farigiraf|Trick Room|p1a: Farigiraf
|-fieldstart|move: Trick Room|[of] p1a: Farigiraf
|
|-weather|SunnyDay|[upkeep]
|upkeep
|
|t:|1784302739
|switch|p1b: Gallade|Gallade, L50, M|100/100
|turn|4
|
|t:|1784302745
|move|p2b: Charizard|Protect|p2b: Charizard
|-singleturn|p2b: Charizard|Protect
|move|p1b: Gallade|Psycho Cut|p2b: Charizard
|-activate|p2b: Charizard|move: Protect
|move|p1a: Farigiraf|Psychic|p2b: Charizard
|-activate|p2b: Charizard|move: Protect
|move|p2a: Tsareena|Trop Kick|p1b: Gallade
|-damage|p1b: Gallade|27/100
|-unboost|p1b: Gallade|atk|1
|
|-weather|SunnyDay|[upkeep]
|upkeep
|turn|5
|
|t:|1784302753
|move|p1b: Gallade|Psycho Cut|p2b: Charizard
|-damage|p2b: Charizard|54/100
|move|p1a: Farigiraf|Psychic|p2b: Charizard
|-damage|p2b: Charizard|20/100y
|move|p2a: Tsareena|Trop Kick|p1b: Gallade
|-damage|p1b: Gallade|0 fnt
|faint|p1b: Gallade
|move|p2b: Charizard|Heat Wave|p1a: Farigiraf
|-damage|p1a: Farigiraf|29/100
|-enditem|p1a: Farigiraf|Sitrus Berry|[eat]
|-heal|p1a: Farigiraf|54/100|[from] item: Sitrus Berry
|
|-weather|SunnyDay|[upkeep]
|upkeep
|turn|6
|
|t:|1784302763
|move|p1a: Farigiraf|Psychic|p2b: Charizard
|-damage|p2b: Charizard|0 fnt
|faint|p2b: Charizard
|move|p2a: Tsareena|Trop Kick|p1a: Farigiraf
|-damage|p1a: Farigiraf|21/100
|-unboost|p1a: Farigiraf|atk|1
|
|-weather|SunnyDay|[upkeep]
|upkeep
|turn|7
|
|t:|1784302769
|move|p2a: Tsareena|Protect|p2a: Tsareena
|-singleturn|p2a: Tsareena|Protect
|move|p1a: Farigiraf|Psychic|p2a: Tsareena
|-activate|p2a: Tsareena|move: Protect
|
|-weather|none
|-fieldend|move: Trick Room
|upkeep
|turn|8
|-message|lolgz forfeited.
|raw|lolgz's rating: 1111 → 1090(-21 for losing)
|raw|Akalaman's rating: 1172 → 1193(+21 for winning)
|
|win|Akalaman
