|j|☆Zain06
|j|☆PaquitoelBollito
|html|Zain06PaquitoelBollito    
|uhtml|bestof|Game 1 of a best-of-3
|t:|1783804028
|gametype|doubles
|player|p1|Zain06|hilbert|1093
|player|p2|PaquitoelBollito|102|1053
|gen|9
|tier|[Gen 9 Champions] VGC 2026 Reg M-B (Bo3)
|rated|
|rule|Species Clause: Limit one of each Pokémon
|rule|Item Clause: Limit 1 of each item
|clearpoke
|poke|p1|Archaludon, L50, F|
|poke|p1|Grimmsnarl, L50, M|
|poke|p1|Charizard, L50, M|
|poke|p1|Venusaur, L50, M|
|poke|p1|Pelipper, L50, F|
|poke|p1|Basculegion, L50, M|
|poke|p2|Aerodactyl, L50, M|
|poke|p2|Kingambit, L50, M|
|poke|p2|Garchomp, L50, M|
|poke|p2|Whimsicott, L50, M|
|poke|p2|Incineroar, L50, F|
|poke|p2|Floette-Eternal, L50, F|
|teampreview|4
|showteam|p1|Archaludon||Leftovers|Stamina|ElectroShot,DragonPulse,FlashCannon,Protect|Modest||F|||50|]Grimmsnarl||LightClay|Prankster|LightScreen,Reflect,PartingShot,SpiritBreak|Careful||M|||50|]Charizard||CharizarditeY|Blaze|Protect,WeatherBall,HeatWave,SolarBeam|Modest||M|||50|]Venusaur||Venusaurite|Chlorophyll|SleepPowder,GigaDrain,EarthPower,SludgeBomb|Modest||M|||50|]Pelipper||SitrusBerry|Drizzle|WeatherBall,Protect,Tailwind,Hurricane|Modest||F|||50|]Basculegion||ChoiceScarf|Adaptability|WaveCrash,FlipTurn,AquaJet,LastRespects|Jolly||M|||50|
|showteam|p2|Aerodactyl||Aerodactylite|Unnerve|Tailwind,DualWingbeat,IceFang,RockSlide|Jolly||M|||50|]Kingambit||BlackGlasses|Defiant|SuckerPunch,KowtowCleave,Protect,IronHead|Adamant||M|||50|]Garchomp||LifeOrb|RoughSkin|Protect,DragonClaw,RockSlide,StompingTantrum|Jolly||M|||50|]Whimsicott||FocusSash|Prankster|Tailwind,Moonblast,Protect,Encore|Timid||M|||50|]Incineroar||SitrusBerry|Intimidate|FakeOut,PartingShot,FlareBlitz,ThroatChop|Relaxed||F|||50|]Floette-Eternal||Floettite|FlowerVeil|Protect,DazzlingGleam,Moonblast,LightofRuin|Timid||F|||50|
|inactive|Battle timer is ON: inactive players will automatically lose when time's up. (requested by PaquitoelBollito)
|inactive|PaquitoelBollito has 60 seconds left.
|
|t:|1783804069
|teamsize|p1|4
|teamsize|p2|4
|start
|switch|p1a: Archaludon|Archaludon, L50, F|100/100
|switch|p1b: Grimmsnarl|Grimmsnarl, L50, M|100/100
|switch|p2a: Aerodactyl|Aerodactyl, L50, M|100/100
|switch|p2b: Incineroar|Incineroar, L50, F|100/100
|-ability|p2a: Aerodactyl|Unnerve
|-ability|p2b: Incineroar|Intimidate|boost
|-unboost|p1a: Archaludon|atk|1
|-unboost|p1b: Grimmsnarl|atk|1
|turn|1
|inactive|PaquitoelBollito has 30 seconds left.
|inactive|PaquitoelBollito has 20 seconds left.
|inactive|PaquitoelBollito has 15 seconds left.
|
|t:|1783804110
|detailschange|p2a: Aerodactyl|Aerodactyl-Mega, L50, M
|-mega|p2a: Aerodactyl|Aerodactyl|Aerodactylite
|move|p2b: Incineroar|Fake Out|p1b: Grimmsnarl
|-damage|p1b: Grimmsnarl|88/100
|cant|p1b: Grimmsnarl|flinch
|move|p2a: Aerodactyl|Tailwind|p2a: Aerodactyl
|-sidestart|p2: PaquitoelBollito|move: Tailwind
|move|p1a: Archaludon|Flash Cannon|p2a: Aerodactyl
|-supereffective|p2a: Aerodactyl|1
|-damage|p2a: Aerodactyl|8/100
|
|upkeep
|turn|2
|inactive|Zain06 has 30 seconds left.
|inactive|PaquitoelBollito has 30 seconds left.
|
|t:|1783804142
|move|p1b: Grimmsnarl|Reflect|p1b: Grimmsnarl
|-sidestart|p1: Zain06|Reflect
|move|p2a: Aerodactyl|Ice Fang|p1b: Grimmsnarl
|-damage|p1b: Grimmsnarl|67/100
|move|p2b: Incineroar|Flare Blitz|p1a: Archaludon
|-damage|p1a: Archaludon|75/100
|-ability|p1a: Archaludon|Stamina|boost
|-boost|p1a: Archaludon|def|1
|-damage|p2b: Incineroar|92/100|[from] Recoil
|move|p1a: Archaludon|Flash Cannon|p2a: Aerodactyl
|-supereffective|p2a: Aerodactyl|1
|-damage|p2a: Aerodactyl|0 fnt
|faint|p2a: Aerodactyl
|
|-heal|p1a: Archaludon|81/100|[from] item: Leftovers
|upkeep
|
|t:|1783804148
|switch|p2a: Garchomp|Garchomp, L50, M|100/100
|turn|3
|inactive|PaquitoelBollito has 30 seconds left.
|
|t:|1783804180
|move|p2a: Garchomp|Protect|p2a: Garchomp
|-singleturn|p2a: Garchomp|Protect
|move|p1a: Archaludon|Protect|p1a: Archaludon
|-singleturn|p1a: Archaludon|Protect
|move|p2b: Incineroar|Parting Shot|p1a: Archaludon
|-activate|p1a: Archaludon|move: Protect
|move|p1b: Grimmsnarl|Spirit Break|p2a: Garchomp
|-activate|p2a: Garchomp|move: Protect
|
|-heal|p1a: Archaludon|87/100|[from] item: Leftovers
|upkeep
|turn|4
|
|t:|1783804204
|move|p2a: Garchomp|Stomping Tantrum|p1a: Archaludon
|-supereffective|p1a: Archaludon|1
|-damage|p1a: Archaludon|52/100
|-ability|p1a: Archaludon|Stamina|boost
|-boost|p1a: Archaludon|def|1
|-damage|p2a: Garchomp|90/100|[from] item: Life Orb
|move|p2b: Incineroar|Flare Blitz|p1b: Grimmsnarl
|-damage|p1b: Grimmsnarl|33/100
|-damage|p2b: Incineroar|80/100|[from] Recoil
|move|p1a: Archaludon|Dragon Pulse|p2a: Garchomp
|-supereffective|p2a: Garchomp|1
|-damage|p2a: Garchomp|4/100
|move|p1b: Grimmsnarl|Spirit Break|p2a: Garchomp
|-supereffective|p2a: Garchomp|1
|-damage|p2a: Garchomp|0 fnt
|-damage|p1b: Grimmsnarl|20/100y|[from] ability: Rough Skin|[of] p2a: Garchomp
|faint|p2a: Garchomp
|
|-heal|p1a: Archaludon|58/100|[from] item: Leftovers
|-sideend|p2: PaquitoelBollito|move: Tailwind
|upkeep
|
|t:|1783804212
|switch|p2a: Kingambit|Kingambit, L50, M|100/100
|turn|5
|inactive|PaquitoelBollito has 30 seconds left.
|inactive|Zain06 has 30 seconds left.
|
|t:|1783804249
|move|p1a: Archaludon|Electro Shot||[still]
|-prepare|p1a: Archaludon|Electro Shot
|-boost|p1a: Archaludon|spa|1
|move|p1b: Grimmsnarl|Spirit Break|p2b: Incineroar
|-damage|p2b: Incineroar|62/100
|-unboost|p2b: Incineroar|spa|1
|move|p2b: Incineroar|Flare Blitz|p1a: Archaludon
|-damage|p1a: Archaludon|45/100
|-ability|p1a: Archaludon|Stamina|boost
|-boost|p1a: Archaludon|def|1
|-damage|p2b: Incineroar|58/100|[from] Recoil
|move|p2a: Kingambit|Iron Head|p1b: Grimmsnarl
|-supereffective|p1b: Grimmsnarl|1
|-damage|p1b: Grimmsnarl|0 fnt
|faint|p1b: Grimmsnarl
|
|-heal|p1a: Archaludon|51/100|[from] item: Leftovers
|upkeep
|
|t:|1783804260
|switch|p1b: Venusaur|Venusaur, L50, M|100/100
|turn|6
|inactive|PaquitoelBollito has 30 seconds left.
|
|t:|1783804285
|move|p1b: Venusaur|Earth Power|p2b: Incineroar
|-supereffective|p2b: Incineroar|1
|-damage|p2b: Incineroar|3/100
|-enditem|p2b: Incineroar|Sitrus Berry|[eat]
|-heal|p2b: Incineroar|28/100|[from] item: Sitrus Berry
|move|p1a: Archaludon|Electro Shot|p2b: Incineroar|[from] lockedmove
|-damage|p2b: Incineroar|0 fnt
|faint|p2b: Incineroar
|move|p2a: Kingambit|Iron Head|p1b: Venusaur
|-damage|p1b: Venusaur|56/100
|
|-heal|p1a: Archaludon|57/100|[from] item: Leftovers
|upkeep
|turn|7
|
|t:|1783804306
|detailschange|p1b: Venusaur|Venusaur-Mega, L50, M
|-mega|p1b: Venusaur|Venusaur|Venusaurite
|move|p1b: Venusaur|Earth Power|p2a: Kingambit
|-supereffective|p2a: Kingambit|1
|-damage|p2a: Kingambit|38/100
|move|p1a: Archaludon|Flash Cannon|p2a: Kingambit
|-resisted|p2a: Kingambit|1
|-damage|p2a: Kingambit|10/100
|move|p2a: Kingambit|Iron Head|p1b: Venusaur
|-damage|p1b: Venusaur|27/100
|
|-heal|p1a: Archaludon|63/100|[from] item: Leftovers
|upkeep
|turn|8
|
|t:|1783804317
|move|p2a: Kingambit|Sucker Punch|p1b: Venusaur
|-damage|p1b: Venusaur|0 fnt
|faint|p1b: Venusaur
|move|p1a: Archaludon|Flash Cannon|p2a: Kingambit
|-resisted|p2a: Kingambit|1
|-damage|p2a: Kingambit|0 fnt
|faint|p2a: Kingambit
|
|win|Zain06
