|j|☆artyowls
|j|☆sybe123
|html|artyowlssybe123    
|uhtml|bestof|Game 1 of a best-of-3
|t:|1756740901
|gametype|doubles
|player|p1|artyowls|plasmagrunt|1081
|player|p2|sybe123|2|1164
|gen|9
|tier|[Gen 9] VGC 2025 Reg H (Bo3)
|rated|
|rule|Species Clause: Limit one of each Pokémon
|rule|Item Clause: Limit 1 of each item
|clearpoke
|poke|p1|Incineroar, L50, F|
|poke|p1|Rillaboom, L50, M|
|poke|p1|Gholdengo, L50|
|poke|p1|Electabuzz, L50, F|
|poke|p1|Dragonite, L50, F|
|poke|p1|Volcarona, L50, F|
|poke|p2|Incineroar, L50, F|
|poke|p2|Porygon2, L50|
|poke|p2|Ursaluna, L50, M|
|poke|p2|Gholdengo, L50|
|poke|p2|Vivillon, L50, F|
|poke|p2|Sneasler, L50, F|
|teampreview|4
|showteam|p1|Incineroar||SafetyGoggles|Intimidate|FakeOut,KnockOff,PartingShot,FlareBlitz|||F|||50|,,,,,Ghost]Rillaboom||AssaultVest|GrassySurge|GrassyGlide,FakeOut,WoodHammer,HighHorsepower|||M|||50|,,,,,Fire]Gholdengo||LifeOrb|GoodasGold|MakeItRain,ShadowBall,Protect,NastyPlot||||||50|,,,,,Steel]Electabuzz||Eviolite|VitalSpirit|FollowMe,Protect,Taunt,Electroweb|||F|||50|,,,,,Ghost]Dragonite||LoadedDice|Multiscale|ScaleShot,Protect,Haze,ExtremeSpeed|||F|||50|,,,,,Normal]Volcarona||RockyHelmet|FlameBody|StruggleBug,RagePowder,FieryDance,WillOWisp|||F|||50|,,,,,Water
|showteam|p2|Incineroar||SafetyGoggles|Intimidate|FakeOut,FlareBlitz,KnockOff,PartingShot|||F|||50|,,,,,Ghost]Porygon2||Eviolite|Download|TeraBlast,IceBeam,Recover,TrickRoom||||||50|,,,,,Flying]Ursaluna||FlameOrb|Guts|Facade,Earthquake,HeadlongRush,Protect|||M|||50|,,,,,Ghost]Gholdengo||LifeOrb|GoodasGold|MakeItRain,ShadowBall,NastyPlot,Protect||||||50|,,,,,Water]Vivillon||FocusSash|CompoundEyes|Hurricane,SleepPowder,Tailwind,Protect|||F|||50|,,,,,Ghost]Sneasler||WhiteHerb|Unburden|CloseCombat,DireClaw,ThroatChop,Protect|||F|||50|,,,,,Dark
|inactive|Battle timer is ON: inactive players will automatically lose when time's up. (requested by sybe123)
|
|t:|1756740948
|teamsize|p1|4
|teamsize|p2|4
|start
|switch|p1a: Gholdengo|Gholdengo, L50|100/100
|switch|p1b: Volcarona|Volcarona, L50, F|100/100
|switch|p2a: Incineroar|Incineroar, L50, F|100/100
|switch|p2b: Porygon2|Porygon2, L50|100/100
|-ability|p2a: Incineroar|Intimidate|boost
|-unboost|p1a: Gholdengo|atk|1
|-unboost|p1b: Volcarona|atk|1
|-ability|p2b: Porygon2|Download|boost
|-boost|p2b: Porygon2|atk|1
|turn|1
|inactive|artyowls has 30 seconds left.
|inactive|sybe123 has 30 seconds left.
|inactive|artyowls has 20 seconds left.
|inactive|sybe123 has 20 seconds left.
|inactive|artyowls has 15 seconds left.
|inactive|sybe123 has 15 seconds left.
|inactive|sybe123 has 10 seconds left.
|
|t:|1756740994
|switch|p1a: Incineroar|Incineroar, L50, F|100/100
|-ability|p1a: Incineroar|Intimidate|boost
|-unboost|p2a: Incineroar|atk|1
|-unboost|p2b: Porygon2|atk|1
|move|p1b: Volcarona|Will-O-Wisp|p2b: Porygon2
|-status|p2b: Porygon2|brn
|move|p2a: Incineroar|Knock Off|p1a: Incineroar
|-resisted|p1a: Incineroar
|-damage|p1a: Incineroar|87/100
|-enditem|p1a: Incineroar|Safety Goggles|[from] move: Knock Off|[of] p2a: Incineroar
|move|p2b: Porygon2|Trick Room|p2b: Porygon2
|-fieldstart|move: Trick Room|[of] p2b: Porygon2
|
|-damage|p2b: Porygon2|94/100 brn|[from] brn
|upkeep
|turn|2
|inactive|artyowls has 30 seconds left.
|inactive|sybe123 has 30 seconds left.
|
|t:|1756741027
|move|p1a: Incineroar|Fake Out|p2a: Incineroar
|-damage|p2a: Incineroar|90/100
|move|p2b: Porygon2|Tera Blast|p1a: Incineroar
|-damage|p1a: Incineroar|61/100
|cant|p2a: Incineroar|flinch
|move|p1b: Volcarona|Fiery Dance|p2b: Porygon2
|-damage|p2b: Porygon2|72/100 brn
|-boost|p1b: Volcarona|spa|1
|
|-damage|p2b: Porygon2|66/100 brn|[from] brn
|upkeep
|turn|3
|inactive|artyowls has 30 seconds left.
|
|t:|1756741056
|move|p1a: Incineroar|Knock Off|p2a: Incineroar
|-resisted|p2a: Incineroar
|-damage|p2a: Incineroar|73/100
|-enditem|p2a: Incineroar|Safety Goggles|[from] move: Knock Off|[of] p1a: Incineroar
|move|p2b: Porygon2|Tera Blast|p1b: Volcarona
|-damage|p1b: Volcarona|70/100
|move|p2a: Incineroar|Parting Shot|p1b: Volcarona
|-unboost|p1b: Volcarona|atk|1
|-unboost|p1b: Volcarona|spa|1
|
|t:|1756741065
|switch|p2a: Ursaluna|Ursaluna, L50, M|100/100|[from] Parting Shot
|move|p1b: Volcarona|Fiery Dance|p2b: Porygon2
|-damage|p2b: Porygon2|42/100 brn
|-boost|p1b: Volcarona|spa|1
|
|-damage|p2b: Porygon2|36/100 brn|[from] brn
|-status|p2a: Ursaluna|brn|[from] item: Flame Orb
|upkeep
|turn|4
|inactive|artyowls has 30 seconds left.
|inactive|sybe123 has 30 seconds left.
|inactive|artyowls has 20 seconds left.
|inactive|artyowls has 15 seconds left.
|
|t:|1756741105
|switch|p1b: Rillaboom|Rillaboom, L50, M|100/100
|-fieldstart|move: Grassy Terrain|[from] ability: Grassy Surge|[of] p1b: Rillaboom
|-terastallize|p2b: Porygon2|Flying
|move|p1a: Incineroar|Parting Shot|p2a: Ursaluna
|-unboost|p2a: Ursaluna|atk|1
|-unboost|p2a: Ursaluna|spa|1
|
|t:|1756741113
|switch|p1a: Volcarona|Volcarona, L50, F|70/100|[from] Parting Shot
|move|p2b: Porygon2|Tera Blast|p1b: Rillaboom|[anim] Tera Blast Flying
|-supereffective|p1b: Rillaboom
|-damage|p1b: Rillaboom|54/100
|move|p2a: Ursaluna|Earthquake|p1b: Rillaboom|[spread] p1a,p1b
|-immune|p2b: Porygon2
|-resisted|p1b: Rillaboom
|-damage|p1a: Volcarona|44/100
|-damage|p1b: Rillaboom|44/100
|
|-heal|p1b: Rillaboom|50/100|[from] Grassy Terrain
|-heal|p1a: Volcarona|50/100|[from] Grassy Terrain
|-damage|p2b: Porygon2|30/100 brn|[from] brn
|-damage|p2a: Ursaluna|95/100 brn|[from] brn
|upkeep
|turn|5
|inactive|artyowls has 30 seconds left.
|inactive|sybe123 has 30 seconds left.
|inactive|artyowls has 20 seconds left.
|inactive|sybe123 has 20 seconds left.
|inactive|artyowls has 15 seconds left.
|inactive|artyowls has 10 seconds left.
|
|t:|1756741160
|move|p2a: Ursaluna|Protect|p2a: Ursaluna
|-singleturn|p2a: Ursaluna|Protect
|move|p1a: Volcarona|Rage Powder|p1a: Volcarona
|-singleturn|p1a: Volcarona|move: Rage Powder
|move|p2b: Porygon2|Tera Blast|p1a: Volcarona|[anim] Tera Blast Flying
|-supereffective|p1a: Volcarona
|-damage|p1a: Volcarona|0 fnt
|faint|p1a: Volcarona
|move|p1b: Rillaboom|Wood Hammer|p2a: Ursaluna
|-activate|p2a: Ursaluna|move: Protect
|
|-heal|p2a: Ursaluna|100/100 brn|[from] Grassy Terrain
|-heal|p1b: Rillaboom|56/100|[from] Grassy Terrain
|-damage|p2b: Porygon2|23/100 brn|[from] brn
|-damage|p2a: Ursaluna|95/100 brn|[from] brn
|-fieldend|move: Trick Room
|upkeep
|
|t:|1756741163
|switch|p1a: Incineroar|Incineroar, L50, F|61/100
|-ability|p1a: Incineroar|Intimidate|boost
|-unboost|p2a: Ursaluna|atk|1
|-unboost|p2b: Porygon2|atk|1
|turn|6
|inactive|sybe123 has 30 seconds left.
|inactive|sybe123 has 20 seconds left.
|
|t:|1756741199
|switch|p2a: Incineroar|Incineroar, L50, F|73/100
|-ability|p2a: Incineroar|Intimidate|boost
|-unboost|p1a: Incineroar|atk|1
|-unboost|p1b: Rillaboom|atk|1
|move|p1a: Incineroar|Fake Out|p2a: Incineroar
|-damage|p2a: Incineroar|65/100
|move|p1b: Rillaboom|Wood Hammer|p2b: Porygon2
|-resisted|p2b: Porygon2
|-damage|p2b: Porygon2|8/100 brn
|-damage|p1b: Rillaboom|51/100|[from] Recoil
|move|p2b: Porygon2|Recover|p2b: Porygon2
|-heal|p2b: Porygon2|58/100 brn
|
|-heal|p1b: Rillaboom|57/100|[from] Grassy Terrain
|-heal|p2a: Incineroar|71/100|[from] Grassy Terrain
|-heal|p1a: Incineroar|67/100|[from] Grassy Terrain
|-damage|p2b: Porygon2|52/100 brn|[from] brn
|upkeep
|turn|7
|inactive|artyowls has 30 seconds left.
|inactive|sybe123 has 30 seconds left.
|
|t:|1756741226
|-terastallize|p1b: Rillaboom|Fire
|move|p2a: Incineroar|Fake Out|p1a: Incineroar
|-damage|p1a: Incineroar|56/100
|move|p1b: Rillaboom|High Horsepower|p2a: Incineroar
|-supereffective|p2a: Incineroar
|-damage|p2a: Incineroar|34/100
|cant|p1a: Incineroar|flinch
|move|p2b: Porygon2|Trick Room|p2b: Porygon2
|-fieldstart|move: Trick Room|[of] p2b: Porygon2
|
|-heal|p1a: Incineroar|62/100|[from] Grassy Terrain
|-heal|p2a: Incineroar|40/100|[from] Grassy Terrain
|-heal|p1b: Rillaboom|62/100|[from] Grassy Terrain
|-damage|p2b: Porygon2|45/100 brn|[from] brn
|upkeep
|turn|8
|inactive|artyowls has 30 seconds left.
|inactive|sybe123 has 30 seconds left.
|inactive|artyowls has 20 seconds left.
|inactive|sybe123 has 20 seconds left.
|inactive|artyowls has 15 seconds left.
|inactive|artyowls has 10 seconds left.
|
|t:|1756741273
|switch|p1b: Gholdengo|Gholdengo, L50|100/100
|move|p1a: Incineroar|Parting Shot|p2b: Porygon2
|-unboost|p2b: Porygon2|atk|1
|-unboost|p2b: Porygon2|spa|1
|
|t:|1756741279
|switch|p1a: Rillaboom|Rillaboom, L50, M, tera:Fire|62/100|[from] Parting Shot
|move|p2b: Porygon2|Tera Blast|p1b: Gholdengo|[anim] Tera Blast Flying
|-resisted|p1b: Gholdengo
|-damage|p1b: Gholdengo|86/100
|move|p2a: Incineroar|Knock Off|p1b: Gholdengo
|-supereffective|p1b: Gholdengo
|-damage|p1b: Gholdengo|0 fnt
|-enditem|p1b: Gholdengo|Life Orb|[from] move: Knock Off|[of] p2a: Incineroar
|faint|p1b: Gholdengo
|
|-heal|p2a: Incineroar|46/100|[from] Grassy Terrain
|-heal|p1a: Rillaboom|68/100|[from] Grassy Terrain
|-damage|p2b: Porygon2|39/100 brn|[from] brn
|-fieldend|move: Grassy Terrain
|upkeep
|
|t:|1756741287
|switch|p1b: Incineroar|Incineroar, L50, F|62/100
|-ability|p1b: Incineroar|Intimidate|boost
|-unboost|p2a: Incineroar|atk|1
|-unboost|p2b: Porygon2|atk|1
|turn|9
|
|t:|1756741302
|move|p1b: Incineroar|Fake Out|p2b: Porygon2
|-damage|p2b: Porygon2|32/100 brn
|cant|p2b: Porygon2|flinch
|move|p2a: Incineroar|Knock Off|p1a: Rillaboom
|-damage|p1a: Rillaboom|39/100
|-enditem|p1a: Rillaboom|Assault Vest|[from] move: Knock Off|[of] p2a: Incineroar
|move|p1a: Rillaboom|High Horsepower|p2a: Incineroar|[miss]
|-miss|p1a: Rillaboom|p2a: Incineroar
|
|-damage|p2b: Porygon2|25/100 brn|[from] brn
|upkeep
|turn|10
|inactive|artyowls has 30 seconds left.
|
|t:|1756741331
|move|p1b: Incineroar|Flare Blitz|p2b: Porygon2
|-damage|p2b: Porygon2|0 fnt
|faint|p2b: Porygon2
|-damage|p1b: Incineroar|54/100|[from] Recoil
|move|p2a: Incineroar|Parting Shot|p1b: Incineroar
|-unboost|p1b: Incineroar|atk|1
|-unboost|p1b: Incineroar|spa|1
|
|t:|1756741341
|switch|p2a: Ursaluna|Ursaluna, L50, M|95/100 brn|[from] Parting Shot
|move|p1a: Rillaboom|High Horsepower|p2a: Ursaluna
|-damage|p2a: Ursaluna|71/100 brn
|
|-damage|p2a: Ursaluna|66/100 brn|[from] brn
|upkeep
|
|t:|1756741348
|switch|p2b: Incineroar|Incineroar, L50, F|46/100
|-ability|p2b: Incineroar|Intimidate|boost
|-unboost|p1a: Rillaboom|atk|1
|-unboost|p1b: Incineroar|atk|1
|turn|11
|inactive|artyowls has 30 seconds left.
|
|t:|1756741377
|move|p1b: Incineroar|Knock Off|p2b: Incineroar
|-resisted|p2b: Incineroar
|-damage|p2b: Incineroar|40/100
|move|p2a: Ursaluna|Earthquake|p1b: Incineroar|[spread] p2b,p1a,p1b
|-supereffective|p2b: Incineroar
|-supereffective|p1a: Rillaboom
|-supereffective|p1b: Incineroar
|-damage|p2b: Incineroar|0 fnt
|-damage|p1a: Rillaboom|0 fnt
|-damage|p1b: Incineroar|0 fnt
|faint|p2b: Incineroar
|faint|p1a: Rillaboom
|faint|p1b: Incineroar
|
|win|sybe123
||sybe123 is ready for game 2.
||artyowls is ready for game 2.
|uhtml|next|Next: Game 2 of 3
|l|☆sybe123
|player|p2|
