|j|☆Thiaguitoomencito
|j|☆LetherOCE
|html|ThiaguitoomencitoLetherOCE    
|uhtml|bestof|Game 1 of a best-of-3
|t:|1757739831
|gametype|doubles
|player|p1|Thiaguitoomencito|steven|1100
|player|p2|LetherOCE|steven|1147
|gen|9
|tier|[Gen 9] VGC 2025 Reg H (Bo3)
|rated|
|rule|Species Clause: Limit one of each Pokémon
|rule|Item Clause: Limit 1 of each item
|clearpoke
|poke|p1|Tatsugiri, L50, F|
|poke|p1|Dondozo, L50, F|
|poke|p1|Rampardos, L50, F|
|poke|p1|Farigiraf, L50, F|
|poke|p1|Chandelure, L50, F|
|poke|p1|Whimsicott, L50, F|
|poke|p2|Sneasler, L50, F|
|poke|p2|Garchomp, L50, M|
|poke|p2|Corviknight, L50, F|
|poke|p2|Volcarona, L50, F|
|poke|p2|Primarina, L50, F|
|poke|p2|Rillaboom, L50, M|
|teampreview|4
|showteam|p1|Tatsugiri||AssaultVest|Commander|MuddyWater,DracoMeteor,MirrorCoat,IcyWind|||F|||50|,,,,,Steel]Dondozo||Leftovers|Unaware|WaveCrash,Earthquake,OrderUp,Protect|||F|||50|,,,,,Water]Rampardos||LifeOrb|SheerForce|RockSlide,Earthquake,SupercellSlam,Protect|||F|||50|,,,,,Rock]Farigiraf||MentalHerb|ArmorTail|TrickRoom,HyperVoice,Psychic,Protect|||F|||50|,,,,,Normal]Chandelure||Charcoal|Infiltrator|HeatWave,Overheat,ShadowBall,Protect|||F|||50|,,,,,Ghost]Whimsicott||CovertCloak|Prankster|Tailwind,Taunt,Encore,Moonblast|||F|||50|,,,,,Grass
|showteam|p2|Sneasler||FocusSash|PoisonTouch|FakeOut,DireClaw,CloseCombat,Coaching|||F|||50|,,,,,Ghost]Garchomp||LifeOrb|RoughSkin|Protect,SwordsDance,StompingTantrum,DragonClaw|||M|||50|,,,,,Fairy]Corviknight||Leftovers|MirrorArmor|BraveBird,BodyPress,BulkUp,Roost|||F|||50|,,,,,Dragon]Volcarona||SafetyGoggles|FlameBody|FieryDance,Tailwind,RagePowder,StruggleBug|||F|||50|,,,,,Steel]Primarina||SitrusBerry|LiquidVoice|Protect,HyperVoice,Moonblast,Haze|||F|||50|,,,,,Poison]Rillaboom||AssaultVest|GrassySurge|FakeOut,GrassyGlide,HighHorsepower,WoodHammer|||M|||50|,,,,,Fire
|
|t:|1757739887
|teamsize|p1|4
|teamsize|p2|4
|start
|switch|p1a: Farigiraf|Farigiraf, L50, F|100/100
|switch|p1b: Rampardos|Rampardos, L50, F|100/100
|switch|p2a: Sneasler|Sneasler, L50, F|100/100
|switch|p2b: Garchomp|Garchomp, L50, M|100/100
|turn|1
|
|t:|1757739919
|move|p2a: Sneasler|Dire Claw|p1a: Farigiraf
|-damage|p1a: Farigiraf|58/100
|move|p2b: Garchomp|Dragon Claw|p1a: Farigiraf
|-damage|p1a: Farigiraf|4/100
|-damage|p2b: Garchomp|91/100|[from] item: Life Orb
|move|p1b: Rampardos|Earthquake|p2b: Garchomp|[spread] p1a,p2a,p2b
|-supereffective|p2a: Sneasler
|-damage|p1a: Farigiraf|0 fnt
|-enditem|p2a: Sneasler|Focus Sash
|-damage|p2a: Sneasler|1/100
|-damage|p2b: Garchomp|47/100
|faint|p1a: Farigiraf
|-damage|p1b: Rampardos|91/100|[from] item: Life Orb
|
|upkeep
|
|t:|1757739936
|switch|p1a: Dondozo|Dondozo, L50, F|100/100
|turn|2
|
|t:|1757739967
|move|p2a: Sneasler|Dire Claw|p1a: Dondozo
|-damage|p1a: Dondozo|74/100
|-status|p1a: Dondozo|psn|[from] ability: Poison Touch|[of] p2a: Sneasler
|move|p2b: Garchomp|Stomping Tantrum|p1b: Rampardos
|-supereffective|p1b: Rampardos
|-damage|p1b: Rampardos|0 fnt
|faint|p1b: Rampardos
|-damage|p2b: Garchomp|38/100|[from] item: Life Orb
|move|p1a: Dondozo|Wave Crash|p2b: Garchomp
|-damage|p2b: Garchomp|0 fnt
|-damage|p1a: Dondozo|62/100 psn|[from] ability: Rough Skin|[of] p2b: Garchomp
|faint|p2b: Garchomp
|-damage|p1a: Dondozo|53/100 psn|[from] Recoil
|
|-heal|p1a: Dondozo|59/100 psn|[from] item: Leftovers
|-damage|p1a: Dondozo|47/100 psn|[from] psn
|upkeep
|
|t:|1757739986
|switch|p2b: Primarina|Primarina, L50, F|100/100
|switch|p1b: Tatsugiri|Tatsugiri, L50, F|100/100
|-activate|p1b: Tatsugiri|ability: Commander|[of] p1a: Dondozo
|-boost|p1a: Dondozo|atk|2
|-boost|p1a: Dondozo|spa|2
|-boost|p1a: Dondozo|spe|2
|-boost|p1a: Dondozo|def|2
|-boost|p1a: Dondozo|spd|2
|turn|3
|
|t:|1757740004
|switch|p2a: Rillaboom|Rillaboom, L50, M|100/100
|-fieldstart|move: Grassy Terrain|[from] ability: Grassy Surge|[of] p2a: Rillaboom
|move|p1a: Dondozo|Earthquake|p2b: Primarina|[spread] p2a,p2b
|-miss|p1a: Dondozo|p1b: Tatsugiri
|-resisted|p2a: Rillaboom
|-damage|p2a: Rillaboom|93/100
|-damage|p2b: Primarina|84/100
|move|p2b: Primarina|Haze|p2b: Primarina
|-clearallboost
|
|-heal|p2a: Rillaboom|99/100|[from] Grassy Terrain
|-heal|p2b: Primarina|90/100|[from] Grassy Terrain
|-heal|p1a: Dondozo|53/100 psn|[from] Grassy Terrain
|-heal|p1a: Dondozo|59/100 psn|[from] item: Leftovers
|-damage|p1a: Dondozo|47/100 psn|[from] psn
|upkeep
|turn|4
|
|t:|1757740024
|move|p2a: Rillaboom|Wood Hammer|p1a: Dondozo
|-supereffective|p1a: Dondozo
|-damage|p1a: Dondozo|0 fnt
|faint|p1a: Dondozo
|-damage|p2a: Rillaboom|79/100|[from] Recoil
|move|p2b: Primarina|Moonblast|p1b: Tatsugiri
|-supereffective|p1b: Tatsugiri
|-damage|p1b: Tatsugiri|24/100
|
|-heal|p1b: Tatsugiri|29/100|[from] Grassy Terrain
|-heal|p2a: Rillaboom|85/100|[from] Grassy Terrain
|-heal|p2b: Primarina|96/100|[from] Grassy Terrain
|upkeep
|turn|5
|
|t:|1757740038
|-terastallize|p1b: Tatsugiri|Steel
|move|p2a: Rillaboom|Grassy Glide|p1b: Tatsugiri
|-resisted|p1b: Tatsugiri
|-damage|p1b: Tatsugiri|0 fnt
|faint|p1b: Tatsugiri
|
|win|LetherOCE
||LetherOCE is ready for game 2.
|l|☆Thiaguitoomencito
|player|p1|
|raw|Thiaguitoomencito's rating: 1100 → 1078(-22 for losing)
|raw|LetherOCE's rating: 1147 → 1169(+22 for winning)
|l|☆LetherOCE
|player|p2|
