|j|☆lolgz
|j|☆Kenny Dean
|html|lolgzKenny Dean    
|uhtml|bestof|Game 1 of a best-of-3
|t:|1783326235
|gametype|doubles
|player|p1|lolgz|dawn|1068
|player|p2|Kenny Dean|dancer|1049
|gen|9
|tier|[Gen 9 Champions] VGC 2026 Reg M-B (Bo3)
|rated|
|rule|Species Clause: Limit one of each Pokémon
|rule|Item Clause: Limit 1 of each item
|clearpoke
|poke|p1|Scrafty, L50, M|
|poke|p1|Vivillon, L50, M|
|poke|p1|Incineroar, L50, M|
|poke|p1|Sinistcha, L50|
|poke|p1|Rotom-Wash, L50|
|poke|p1|Delphox, L50, M|
|poke|p2|Sceptile, L50, F|
|poke|p2|Jolteon, L50, F|
|poke|p2|Incineroar, L50, M, shiny|
|poke|p2|Tinkaton, L50, F|
|poke|p2|Toxapex, L50, F|
|poke|p2|Talonflame, L50, M, shiny|
|teampreview|4
|showteam|p1|Scrafty||Scraftinite|Intimidate|DrainPunch,KnockOff,Protect,DragonDance|Jolly||M|||50|]Vivillon||ChoiceScarf|CompoundEyes|SleepPowder,Hurricane,RagePowder,Tailwind|Timid||M|||50|]Incineroar||PasshoBerry|Intimidate|PartingShot,FakeOut,ThroatChop,FlareBlitz|Careful||M|||50|]Sinistcha||KasibBerry|Hospitality|MatchaGotcha,RagePowder,LifeDew,Protect|Serious|||||50|]Rotom-Wash||SitrusBerry|Levitate|HydroPump,WillOWisp,VoltSwitch,LightScreen|Modest|||||50|]Delphox||Delphoxite|Blaze|HeatWave,Psychic,Protect,NastyPlot|Timid||M|||50|
|showteam|p2|Sceptile||Sceptilite|Overgrow|Detect,LeafStorm,EarthPower,DragonPulse|Timid||F|||50|]Jolteon||FocusSash|VoltAbsorb|Protect,BabyDollEyes,Discharge,Roar|Timid||F|||50|]Incineroar||SitrusBerry|Intimidate|Protect,FakeOut,FlareBlitz,PartingShot|Careful||M|||50|]Tinkaton||LifeOrb|OwnTempo|FakeOut,BabyDollEyes,PlayRough,GigatonHammer|Adamant||F|||50|]Toxapex||Leftovers|Regenerator|BanefulBunker,WideGuard,Toxic,IcyWind|Sassy||F|||50|]Talonflame||MentalHerb|GaleWings|Protect,Tailwind,DualWingbeat,FlareBlitz|Adamant||M|||50|
|inactive|Battle timer is ON: inactive players will automatically lose when time's up. (requested by lolgz)
|j| r4gn4r96
|l| r4gn4r96
|
|t:|1783326260
|teamsize|p1|4
|teamsize|p2|4
|start
|switch|p1a: Incineroar|Incineroar, L50, M|100/100
|switch|p1b: Delphox|Delphox, L50, M|100/100
|switch|p2a: Sceptile|Sceptile, L50, F|100/100
|switch|p2b: Chidori|Jolteon, L50, F|100/100
|-ability|p1a: Incineroar|Intimidate|boost
|-unboost|p2a: Sceptile|atk|1
|-unboost|p2b: Chidori|atk|1
|turn|1
|inactive|Kenny Dean has 30 seconds left.
|
|t:|1783326285
|detailschange|p2a: Sceptile|Sceptile-Mega, L50, F
|-mega|p2a: Sceptile|Sceptile|Sceptilite
|detailschange|p1b: Delphox|Delphox-Mega, L50, M
|-mega|p1b: Delphox|Delphox|Delphoxite
|move|p2b: Chidori|Protect|p2b: Chidori
|-singleturn|p2b: Chidori|Protect
|move|p2a: Sceptile|Detect|p2a: Sceptile
|-singleturn|p2a: Sceptile|Protect
|move|p1a: Incineroar|Fake Out|p2a: Sceptile
|-activate|p2a: Sceptile|move: Protect
|move|p1b: Delphox|Heat Wave|p2b: Chidori|[spread] 
|-activate|p2a: Sceptile|move: Protect
|-activate|p2b: Chidori|move: Protect
|
|upkeep
|turn|2
|inactive|Kenny Dean has 30 seconds left.
|inactive|Kenny Dean has 20 seconds left.
|
|t:|1783326321
|move|p1b: Delphox|Protect|p1b: Delphox
|-singleturn|p1b: Delphox|Protect
|move|p2b: Chidori|Discharge|p1a: Incineroar|[spread] p1a
|-activate|p1b: Delphox|move: Protect
|-ability|p2a: Sceptile|Lightning Rod|boost
|-boost|p2a: Sceptile|spa|1
|-damage|p1a: Incineroar|83/100
|-status|p1a: Incineroar|par
|move|p2a: Sceptile|Earth Power|p1a: Incineroar
|-supereffective|p1a: Incineroar|1
|-damage|p1a: Incineroar|8/100 par
|move|p1a: Incineroar|Parting Shot|p2a: Sceptile
|-unboost|p2a: Sceptile|atk|1
|-unboost|p2a: Sceptile|spa|1
|
|t:|1783326326
|switch|p1a: Vivillon|Vivillon, L50, M|100/100|[from] Parting Shot
|
|upkeep
|turn|3
|
|t:|1783326347
|move|p1a: Vivillon|Hurricane|p2a: Sceptile
|-supereffective|p2a: Sceptile|1
|-crit|p2a: Sceptile
|-damage|p2a: Sceptile|0 fnt
|faint|p2a: Sceptile
|move|p1b: Delphox|Heat Wave|p2b: Chidori
|-damage|p2b: Chidori|38/100
|move|p2b: Chidori|Discharge|p1b: Delphox|[spread] p1a,p1b
|-supereffective|p1a: Vivillon|1
|-crit|p1a: Vivillon
|-damage|p1a: Vivillon|0 fnt
|-damage|p1b: Delphox|79/100
|faint|p1a: Vivillon
|
|upkeep
|
|t:|1783326361
|switch|p2a: Toxapex|Toxapex, L50, F|100/100
|switch|p1a: Incineroar|Incineroar, L50, M|8/100 par
|-ability|p1a: Incineroar|Intimidate|boost
|-unboost|p2a: Toxapex|atk|1
|-unboost|p2b: Chidori|atk|1
|turn|4
|inactive|Kenny Dean has 30 seconds left.
|
|t:|1783326394
|move|p2a: Toxapex|Wide Guard|p2a: Toxapex
|-singleturn|p2a: Toxapex|Wide Guard
|move|p1a: Incineroar|Fake Out|p2b: Chidori
|-damage|p2b: Chidori|22/100
|move|p1b: Delphox|Psychic|p2a: Toxapex
|-supereffective|p2a: Toxapex|1
|-damage|p2a: Toxapex|29/100
|cant|p2b: Chidori|flinch
|
|-heal|p2a: Toxapex|35/100|[from] item: Leftovers
|upkeep
|turn|5
|
|t:|1783326418
|move|p2a: Toxapex|Wide Guard|p2a: Toxapex
|-singleturn|p2a: Toxapex|Wide Guard
|move|p1b: Delphox|Psychic|p2a: Toxapex
|-supereffective|p2a: Toxapex|1
|-damage|p2a: Toxapex|0 fnt
|faint|p2a: Toxapex
|move|p2b: Chidori|Discharge|p1b: Delphox|[spread] p1a,p1b
|-damage|p1a: Incineroar|0 fnt
|-damage|p1b: Delphox|58/100
|faint|p1a: Incineroar
|
|upkeep
|
|t:|1783326434
|switch|p1a: Sinistcha|Sinistcha, L50|100/100
|switch|p2a: Tinkaton|Tinkaton, L50, F|100/100
|-heal|p1b: Delphox|83/100|[from] ability: Hospitality|[of] p1a: Sinistcha
|turn|6
|
|t:|1783326451
|move|p1b: Delphox|Protect|p1b: Delphox
|-singleturn|p1b: Delphox|Protect
|move|p1a: Sinistcha|Protect|p1a: Sinistcha
|-singleturn|p1a: Sinistcha|Protect
|move|p2a: Tinkaton|Fake Out|p1b: Delphox
|-activate|p1b: Delphox|move: Protect
|move|p2b: Chidori|Discharge|p1b: Delphox|[spread] p2a
|-activate|p1a: Sinistcha|move: Protect
|-activate|p1b: Delphox|move: Protect
|-damage|p2a: Tinkaton|78/100
|
|upkeep
|turn|7
|inactive|Kenny Dean has 30 seconds left.
|inactive|Kenny Dean has 20 seconds left.
|inactive|Kenny Dean has 15 seconds left.
|
|t:|1783326495
|move|p1a: Sinistcha|Rage Powder|p1a: Sinistcha
|-singleturn|p1a: Sinistcha|move: Rage Powder
|move|p1b: Delphox|Heat Wave|p2b: Chidori|[spread] p2a,p2b
|-supereffective|p2a: Tinkaton|1
|-damage|p2a: Tinkaton|3/100
|-damage|p2b: Chidori|0 fnt
|faint|p2b: Chidori
|move|p2a: Tinkaton|Play Rough|p1a: Sinistcha
|-damage|p1a: Sinistcha|61/100
|-damage|p2a: Tinkaton|0 fnt|[from] item: Life Orb
|faint|p2a: Tinkaton
|
|win|lolgz
