|j|☆tester1991
|j|☆Daniw9
|html|tester1991Daniw9    
|uhtml|bestof|Game 3 of a best-of-3
|t:|1754347855
|gametype|doubles
|player|p1|tester1991|supernerd|1241
|player|p2|Daniw9|1|1228
|gen|9
|tier|[Gen 9] VGC 2025 Reg H (Bo3)
|rated|
|rule|Species Clause: Limit one of each Pokémon
|rule|Item Clause: Limit 1 of each item
|clearpoke
|poke|p1|Indeedee, L50, M|
|poke|p1|Garchomp, L50, F|
|poke|p1|Lycanroc, L50, M|
|poke|p1|Dragapult, L50, M|
|poke|p1|Corviknight, L50, M|
|poke|p1|Tyranitar, L50, M|
|poke|p2|Ursaluna-Bloodmoon, L50, M|
|poke|p2|Farigiraf, L50, M|
|poke|p2|Rillaboom, L50, F|
|poke|p2|Electabuzz, L50, M|
|poke|p2|Talonflame, L50, M|
|poke|p2|Basculegion, L50, M|
|teampreview|4
|showteam|p1|Indeedee||ChoiceScarf|PsychicSurge|ExpandingForce,TeraBlast,Trick,Protect|||M|||50|,,,,,Psychic]Garchomp||LoadedDice|SandVeil|ScaleShot,Earthquake,StompingTantrum,Protect|||F|||50|,,,,,Steel]Lycanroc||FocusSash|SandRush|RockSlide,CloseCombat,Endeavor,Protect|||M|||50|,,,,,Stellar]Dragapult||ChoiceSpecs|CursedBody|DracoMeteor,ShadowBall,FireBlast,TeraBlast|||M|||50|,,,,,Fighting]Corviknight||PsychicSeed|MirrorArmor|BraveBird,PowerTrip,BulkUp,Roost|||M|||50|,,,,,Fire]Tyranitar||AssaultVest|SandStream|RockSlide,KnockOff,LowKick,TeraBlast|||M|||50|,,,,,Flying
|showteam|p2|Ursaluna-Bloodmoon||LifeOrb|MindsEye|HyperVoice,BloodMoon,Protect,EarthPower|||M|||50|,,,,,Normal]Farigiraf||SitrusBerry|ArmorTail|DazzlingGleam,Psychic,HelpingHand,TrickRoom|||M|||50|,,,,,Fairy]Rillaboom||AssaultVest|GrassySurge|Uturn,WoodHammer,GrassyGlide,FakeOut|||F|||50|,,,,,Fire]Electabuzz||Eviolite|VitalSpirit|Taunt,FollowMe,Protect,Electroweb|||M|||50|,,,,,Ghost]Talonflame||CovertCloak|GaleWings|Tailwind,DualWingbeat,FlareBlitz,WillOWisp|||M|||50|,,,,,Flying]Basculegion||ChoiceScarf|Adaptability|WaveCrash,LastRespects,AquaJet,FlipTurn|||M|||50|,,,,,Water
|inactive|Battle timer is ON: inactive players will automatically lose when time's up. (requested by tester1991)
|inactive|tester1991 has 60 seconds left.
|
|t:|1754347896
|teamsize|p1|4
|teamsize|p2|4
|start
|switch|p1a: Garchomp|Garchomp, L50, F, shiny|100/100
|switch|p1b: Dragapult|Dragapult, L50, M, shiny|100/100
|switch|p2a: Talonflame|Talonflame, L50, M|100/100
|switch|p2b: Basculegion|Basculegion, L50, M|100/100
|turn|1
|
|t:|1754347920
|move|p1b: Dragapult|Draco Meteor|p2b: Basculegion
|-damage|p2b: Basculegion|0 fnt
|-unboost|p1b: Dragapult|spa|2
|faint|p2b: Basculegion
|move|p2a: Talonflame|Will-O-Wisp|p1a: Garchomp
|-status|p1a: Garchomp|brn
|move|p1a: Garchomp|Scale Shot|p2a: Talonflame|[miss]
|-miss|p1a: Garchomp|p2a: Talonflame
|
|-damage|p1a: Garchomp|94/100 brn|[from] brn
|upkeep
|
|t:|1754347926
|switch|p2b: Ursaluna|Ursaluna-Bloodmoon, L50, M|100/100
|turn|2
|
|t:|1754347946
|-terastallize|p2b: Ursaluna|Normal
|move|p2a: Talonflame|Tailwind|p2a: Talonflame
|-sidestart|p2: Daniw9|move: Tailwind
|move|p1b: Dragapult|Draco Meteor|p2a: Talonflame|[miss]
|-miss|p1b: Dragapult|p2a: Talonflame
|move|p2b: Ursaluna|Hyper Voice|p1b: Dragapult|[spread] p1a,p1b
|-damage|p1a: Garchomp|22/100 brn
|-damage|p1b: Dragapult|2/100
|-start|p2b: Ursaluna|Disable|Hyper Voice|[from] ability: Cursed Body|[of] p1b: Dragapult
|-damage|p2b: Ursaluna|91/100|[from] item: Life Orb
|move|p1a: Garchomp|Scale Shot|p2a: Talonflame
|-damage|p2a: Talonflame|89/100
|-damage|p2a: Talonflame|78/100
|-damage|p2a: Talonflame|67/100
|-damage|p2a: Talonflame|57/100
|-damage|p2a: Talonflame|47/100
|-hitcount|p2a: Talonflame|5
|-unboost|p1a: Garchomp|def|1
|-boost|p1a: Garchomp|spe|1
|
|-damage|p1a: Garchomp|16/100 brn|[from] brn
|upkeep
|turn|3
|inactive|tester1991 has 30 seconds left.
|inactive|tester1991 has 20 seconds left.
|inactive|tester1991 has 15 seconds left.
|
|t:|1754347988
|move|p2a: Talonflame|Flare Blitz|p1b: Dragapult
|-resisted|p1b: Dragapult
|-damage|p1b: Dragapult|0 fnt
|faint|p1b: Dragapult
|-damage|p2a: Talonflame|46/100|[from] Recoil
|move|p1a: Garchomp|Scale Shot|p2a: Talonflame
|-damage|p2a: Talonflame|36/100
|-crit|p2a: Talonflame
|-damage|p2a: Talonflame|21/100
|-damage|p2a: Talonflame|12/100
|-damage|p2a: Talonflame|2/100
|-hitcount|p2a: Talonflame|4
|-unboost|p1a: Garchomp|def|1
|-boost|p1a: Garchomp|spe|1
|move|p2b: Ursaluna|Earth Power|p1a: Garchomp
|-damage|p1a: Garchomp|0 fnt
|faint|p1a: Garchomp
|-damage|p2b: Ursaluna|81/100|[from] item: Life Orb
|
|upkeep
|
|t:|1754348009
|switch|p1b: Indeedee|Indeedee, L50, M, shiny|100/100
|switch|p1a: Tyranitar|Tyranitar, L50, M, shiny|100/100
|-fieldstart|move: Psychic Terrain|[from] ability: Psychic Surge|[of] p1b: Indeedee
|-weather|Sandstorm|[from] ability: Sand Stream|[of] p1a: Tyranitar
|turn|4
|
|t:|1754348026
|-terastallize|p1a: Tyranitar|Flying
|move|p2b: Ursaluna|Protect|p2b: Ursaluna
|-singleturn|p2b: Ursaluna|Protect
|move|p2a: Talonflame|Flare Blitz|p1b: Indeedee
|-damage|p1b: Indeedee|0 fnt
|faint|p1b: Indeedee
|-damage|p2a: Talonflame|0 fnt|[from] Recoil
|faint|p2a: Talonflame
|move|p1a: Tyranitar|Low Kick|p2b: Ursaluna
|-activate|p2b: Ursaluna|move: Protect
|
|-weather|Sandstorm|[upkeep]
|-damage|p2b: Ursaluna|75/100|[from] Sandstorm
|-damage|p1a: Tyranitar|95/100|[from] Sandstorm
|upkeep
|
|t:|1754348036
|switch|p2a: Farigiraf|Farigiraf, L50, M|100/100
|turn|5
|
|t:|1754348041
|move|p2a: Farigiraf|Helping Hand|p2b: Ursaluna
|-singleturn|p2b: Ursaluna|Helping Hand|[of] p2a: Farigiraf
|move|p2b: Ursaluna|Blood Moon|p1a: Tyranitar
|-damage|p1a: Tyranitar|0 fnt
|faint|p1a: Tyranitar
|-damage|p2b: Ursaluna|65/100|[from] item: Life Orb
|
|win|Daniw9
|raw|tester1991's rating: 1241 → 1215(-26 for losing)
|raw|Daniw9's rating: 1228 → 1254(+26 for winning)
|l|☆tester1991
|player|p1|
