|j|☆nanamixd
|j|☆ace of shriness
|html|nanamixdace of shriness    
|uhtml|bestof|Game 1 of a best-of-3
|t:|1782635867
|gametype|doubles
|player|p1|nanamixd|giovanni|1000
|player|p2|ace of shriness|acerola|1054
|gen|9
|tier|[Gen 9 Champions] VGC 2026 Reg M-B (Bo3)
|rated|
|rule|Species Clause: Limit one of each Pokémon
|rule|Item Clause: Limit 1 of each item
|clearpoke
|poke|p1|Basculegion, L50, M|
|poke|p1|Kingambit, L50, M|
|poke|p1|Sneasler, L50, F|
|poke|p1|Incineroar, L50, M|
|poke|p1|Sinistcha, L50|
|poke|p1|Floette-Eternal, L50, F|
|poke|p2|Staraptor, L50, F, shiny|
|poke|p2|Gholdengo, L50|
|poke|p2|Grimmsnarl, L50, M, shiny|
|poke|p2|Garchomp, L50, F|
|poke|p2|Basculegion, L50, M, shiny|
|poke|p2|Whimsicott, L50, F, shiny|
|teampreview|4
|showteam|p1|Basculegion||ChoiceScarf|Adaptability|LastRespects,WaveCrash,FlipTurn,AquaJet|Jolly||M|||50|]Kingambit||BlackGlasses|Defiant|KowtowCleave,SuckerPunch,SwordsDance,Protect|Adamant||M|||50|]Sneasler||WhiteHerb|Unburden|FakeOut,DireClaw,CloseCombat,Protect|Adamant||F|||50|]Incineroar||SitrusBerry|Intimidate|FlareBlitz,PartingShot,HelpingHand,FakeOut|Careful||M|||50|]Sinistcha||FocusSash|Hospitality|MatchaGotcha,RagePowder,ShadowBall,Protect|Modest|||||50|]Floette-Eternal||Floettite|FlowerVeil|DazzlingGleam,DrainingKiss,CalmMind,Protect|Timid||F|||50|
|showteam|p2|Staraptor||Staraptite|Intimidate|CloseCombat,BraveBird,Protect,Roost|Jolly||F|||50|]Gholdengo||MetalCoat|GoodasGold|MakeItRain,ShadowBall,NastyPlot,Protect|Timid|||||50|]Grimmsnarl||LightClay|Prankster|SpiritBreak,PartingShot,LightScreen,Reflect|Careful||M|||50|]Garchomp||RoseliBerry|RoughSkin|RockSlide,Earthquake,DragonClaw,Protect|Jolly||F|||50|]Basculegion||ChoiceScarf|Adaptability|WaveCrash,LastRespects,AquaJet,FlipTurn|Jolly||M|||50|]Whimsicott||FocusSash|Prankster|Charm,Encore,Tailwind,Moonblast|Bold||F|||50|
|
|t:|1782635914
|teamsize|p1|4
|teamsize|p2|4
|start
|switch|p1a: Floette|Floette-Eternal, L50, F|100/100
|switch|p1b: Incineroar|Incineroar, L50, M|100/100
|switch|p2a: Whimsicott|Whimsicott, L50, F, shiny|100/100
|switch|p2b: Garchomp|Garchomp, L50, F|100/100
|-ability|p1b: Incineroar|Intimidate|boost
|-unboost|p2a: Whimsicott|atk|1
|-unboost|p2b: Garchomp|atk|1
|turn|1
|
|t:|1782635940
|detailschange|p1a: Floette|Floette-Mega, L50, F
|-mega|p1a: Floette|Floette|Floettite
|-ability|p1a: Floette|Fairy Aura
|move|p1b: Incineroar|Fake Out|p2b: Garchomp
|-damage|p2b: Garchomp|88/100
|-damage|p1b: Incineroar|87/100|[from] ability: Rough Skin|[of] p2b: Garchomp
|move|p2a: Whimsicott|Tailwind|p2a: Whimsicott
|-sidestart|p2: ace of shriness|move: Tailwind
|cant|p2b: Garchomp|flinch
|move|p1a: Floette|Dazzling Gleam|p2b: Garchomp|[spread] p2a,p2b
|-supereffective|p2b: Garchomp|1
|-enditem|p2b: Garchomp|Roseli Berry|[eat]
|-enditem|p2b: Garchomp|Roseli Berry|[weaken]
|-damage|p2a: Whimsicott|47/100
|-damage|p2b: Garchomp|48/100
|
|upkeep
|turn|2
|
|t:|1782635982
|switch|p2a: Basculegion|Basculegion, L50, M, shiny|100/100
|move|p2b: Garchomp|Protect|p2b: Garchomp
|-singleturn|p2b: Garchomp|Protect
|move|p1a: Floette|Dazzling Gleam|p2b: Garchomp|[spread] p2a
|-activate|p2b: Garchomp|move: Protect
|-damage|p2a: Basculegion|50/100g
|move|p1b: Incineroar|Parting Shot|p2a: Basculegion
|-unboost|p2a: Basculegion|atk|1
|-unboost|p2a: Basculegion|spa|1
|
|t:|1782635995
|switch|p1b: Sinistcha|Sinistcha, L50|100/100|[from] Parting Shot
|
|upkeep
|turn|3
|inactive|Battle timer is ON: inactive players will automatically lose when time's up. (requested by nanamixd)
|
|t:|1782636031
|switch|p1b: Incineroar|Incineroar, L50, M|87/100
|-ability|p1b: Incineroar|Intimidate|boost
|-unboost|p2a: Basculegion|atk|1
|-unboost|p2b: Garchomp|atk|1
|move|p2a: Basculegion|Wave Crash|p1a: Floette
|-damage|p1a: Floette|58/100
|-damage|p2a: Basculegion|40/100|[from] Recoil
|move|p2b: Garchomp|Rock Slide|p1b: Incineroar|[spread] p1a,p1b
|-supereffective|p1b: Incineroar|1
|-crit|p1b: Incineroar
|-damage|p1a: Floette|48/100
|-damage|p1b: Incineroar|35/100
|-enditem|p1b: Incineroar|Sitrus Berry|[eat]
|-heal|p1b: Incineroar|59/100|[from] item: Sitrus Berry
|move|p1a: Floette|Draining Kiss|p2b: Garchomp
|-supereffective|p2b: Garchomp|1
|-damage|p2b: Garchomp|0 fnt
|-heal|p1a: Floette|91/100|[from] drain|[of] p2b: Garchomp
|-damage|p1a: Floette|78/100|[from] ability: Rough Skin|[of] p2b: Garchomp
|faint|p2b: Garchomp
|
|upkeep
|
|t:|1782636035
|switch|p2b: Staraptor|Staraptor, L50, F, shiny|100/100
|-ability|p2b: Staraptor|Intimidate|boost
|-unboost|p1a: Floette|atk|1
|-unboost|p1b: Incineroar|atk|1
|turn|4
|inactive|nanamixd has 30 seconds left.
|inactive|ace of shriness has 30 seconds left.
|
|t:|1782636068
|switch|p1b: Sinistcha|Sinistcha, L50|100/100
|-heal|p1a: Floette|100/100|[from] ability: Hospitality|[of] p1b: Sinistcha
|detailschange|p2b: Staraptor|Staraptor-Mega, L50, F, shiny
|-mega|p2b: Staraptor|Staraptor|Staraptite
|move|p2b: Staraptor|Protect|p2b: Staraptor
|-singleturn|p2b: Staraptor|Protect
|move|p2a: Basculegion|Wave Crash|p1a: Floette
|-damage|p1a: Floette|61/100
|-damage|p2a: Basculegion|29/100|[from] Recoil
|move|p1a: Floette|Dazzling Gleam|p2b: Staraptor|[spread] p2a
|-activate|p2b: Staraptor|move: Protect
|-damage|p2a: Basculegion|0 fnt
|faint|p2a: Basculegion
|
|-sideend|p2: ace of shriness|move: Tailwind
|upkeep
|
|t:|1782636072
|switch|p2a: Whimsicott|Whimsicott, L50, F, shiny|47/100
|turn|5
|inactive|nanamixd has 30 seconds left.
|inactive|nanamixd has 20 seconds left.
|inactive|nanamixd has 15 seconds left.
|inactive|nanamixd has 10 seconds left.
|inactive|nanamixd has 5 seconds left.
|
|t:|1782636127
|move|p2a: Whimsicott|Tailwind|p2a: Whimsicott
|-sidestart|p2: ace of shriness|move: Tailwind
|move|p2b: Staraptor|Brave Bird|p1a: Floette
|-damage|p1a: Floette|0 fnt
|faint|p1a: Floette
|-damage|p2b: Staraptor|80/100|[from] Recoil
|move|p1b: Sinistcha|Matcha Gotcha|p2a: Whimsicott|[spread] p2a
|-miss|p1b: Sinistcha|p2b: Staraptor
|-resisted|p2a: Whimsicott|1
|-damage|p2a: Whimsicott|25/100
|
|upkeep
|inactive|nanamixd has 30 seconds left.
|inactive|nanamixd has 20 seconds left.
|inactive|nanamixd has 15 seconds left.
|inactive|nanamixd has 10 seconds left.
|inactive|nanamixd has 5 seconds left.
|
|t:|1782636182
|switch|p1a: Basculegion|Basculegion, L50, M|100/100
|turn|6
|inactive|nanamixd has 30 seconds left.
|inactive|nanamixd has 20 seconds left.
|inactive|nanamixd has 15 seconds left.
|inactive|nanamixd has 10 seconds left.
|inactive|nanamixd has 5 seconds left.
|
|t:|1782636237
|move|p2a: Whimsicott|Charm|p2b: Staraptor
|-boost|p2b: Staraptor|atk|2
|move|p2b: Staraptor|Brave Bird|p1a: Basculegion
|-damage|p1a: Basculegion|0 fnt
|faint|p1a: Basculegion
|-damage|p2b: Staraptor|40/100|[from] Recoil
|move|p1b: Sinistcha|Matcha Gotcha|p2a: Whimsicott|[spread] p2a,p2b
|-resisted|p2a: Whimsicott|1
|-resisted|p2b: Staraptor|1
|-damage|p2a: Whimsicott|4/100
|-damage|p2b: Staraptor|19/100
|
|upkeep
|inactive|nanamixd has 30 seconds left.
|inactive|nanamixd has 20 seconds left.
|inactive|nanamixd has 15 seconds left.
|inactive|nanamixd has 10 seconds left.
|inactive|nanamixd has 5 seconds left.
|
|t:|1782636292
|switch|p1a: Incineroar|Incineroar, L50, M|59/100
|-ability|p1a: Incineroar|Intimidate|boost
|-unboost|p2a: Whimsicott|atk|1
|-boost|p2b: Staraptor|atk|1
|turn|7
|inactive|nanamixd has 30 seconds left.
|inactive|nanamixd has 20 seconds left.
|inactive|nanamixd has 15 seconds left.
|inactive|nanamixd has 10 seconds left.
|inactive|nanamixd has 5 seconds left.
|
|t:|1782636347
|move|p2b: Staraptor|Roost|p2b: Staraptor
|-heal|p2b: Staraptor|70/100
|-singleturn|p2b: Staraptor|move: Roost
|move|p2a: Whimsicott|Moonblast|p1a: Incineroar
|-damage|p1a: Incineroar|38/100
|move|p1b: Sinistcha|Matcha Gotcha|p2a: Whimsicott|[spread] p2a,p2b
|-resisted|p2a: Whimsicott|1
|-damage|p2a: Whimsicott|0 fnt
|-damage|p2b: Staraptor|32/100
|faint|p2a: Whimsicott
|move|p1a: Incineroar|Flare Blitz|p2b: Staraptor
|-damage|p2b: Staraptor|0 fnt
|faint|p2b: Staraptor
|-damage|p1a: Incineroar|30/100|[from] Recoil
|
|win|nanamixd
