|j|☆Rhizanthes
|j|☆spellbreakvgc
|html|Rhizanthesspellbreakvgc    
|uhtml|bestof|Game 1 of a best-of-3
|t:|1757716081
|gametype|doubles
|player|p1|Rhizanthes|miku-ghost|1174
|player|p2|spellbreakvgc|lance|1154
|gen|9
|tier|[Gen 9] VGC 2025 Reg H (Bo3)
|rated|
|rule|Species Clause: Limit one of each Pokémon
|rule|Item Clause: Limit 1 of each item
|clearpoke
|poke|p1|Mimikyu, L50, F|
|poke|p1|Incineroar, L50, F|
|poke|p1|Ursaluna, L50, M|
|poke|p1|Gholdengo, L50|
|poke|p1|Amoonguss, L50, M|
|poke|p1|Kilowattrel, L50, F|
|poke|p2|Dondozo, L50, M|
|poke|p2|Sneasler, L50, M|
|poke|p2|Ursaluna-Bloodmoon, L50, M|
|poke|p2|Indeedee, L50, M|
|poke|p2|Tatsugiri, L50, M|
|poke|p2|Whimsicott, L50, M|
|teampreview|4
|showteam|p1|Mimikyu||LifeOrb|Disguise|PlayRough,TrickRoom,WoodHammer,ShadowSneak|||F|||50|,,,,,Grass]Incineroar||SafetyGoggles|Intimidate|KnockOff,FlareBlitz,Uturn,FakeOut|||F|||50|,,,,,Bug]Ursaluna||FlameOrb|Guts|HeadlongRush,Facade,Earthquake,Protect|||M|||50|,,,,,Poison]Gholdengo||MetalCoat|GoodasGold|MakeItRain,ShadowBall,NastyPlot,Protect||||||50|,,,,,Water]Amoonguss||RockyHelmet|Regenerator|ClearSmog,PollenPuff,RagePowder,Spore|||M|||50|,,,,,Fairy]Kilowattrel||FocusSash|Competitive|Thunderbolt,AirSlash,Tailwind,Protect|||F|||50|,,,,,Ghost
|showteam|p2|Dondozo||Leftovers|Unaware|WaveCrash,OrderUp,Earthquake,Protect|||M|||50|,,,,,Grass]Sneasler||PsychicSeed|Unburden|DireClaw,CloseCombat,ThroatChop,Protect|||M|||50|,,,,,Dark]Ursaluna-Bloodmoon||LifeOrb|MindsEye|BloodMoon,HyperVoice,EarthPower,Protect|||M|||50|,,,,,Normal]Indeedee||FocusSash|PsychicSurge|ExpandingForce,TeraBlast,HelpingHand,Protect|||M|||50|,,,,,Psychic]Tatsugiri||SafetyGoggles|Commander|DracoMeteor,MuddyWater,HelpingHand,Protect|||M|||50|,,,,,Normal]Whimsicott||CovertCloak|Prankster|Moonblast,Tailwind,LightScreen,HelpingHand|||M|||50|,,,,,Poison
|inactive|Battle timer is ON: inactive players will automatically lose when time's up. (requested by Rhizanthes)
|inactive|Rhizanthes has 60 seconds left.
|inactive|spellbreakvgc has 60 seconds left.
|
|t:|1757716138
|teamsize|p1|4
|teamsize|p2|4
|start
|switch|p1a: Amoonguss|Amoonguss, L50, M|100/100
|switch|p1b: Netaminity|Mimikyu, L50, F|100/100
|switch|p2a: Ursaluna|Ursaluna-Bloodmoon, L50, M|100/100
|switch|p2b: Indeedee|Indeedee, L50, M|100/100
|-fieldstart|move: Psychic Terrain|[from] ability: Psychic Surge|[of] p2b: Indeedee
|turn|1
|inactive|Rhizanthes has 30 seconds left.
|
|t:|1757716168
|-terastallize|p2a: Ursaluna|Normal
|move|p2b: Indeedee|Expanding Force|p1a: Amoonguss|[spread] p1a,p1b
|-supereffective|p1a: Amoonguss
|-damage|p1a: Amoonguss|5/100
|-activate|p1b: Netaminity|ability: Disguise
|-damage|p1b: Netaminity|100/100
|detailschange|p1b: Netaminity|Mimikyu-Busted, L50, F
|-damage|p1b: Netaminity|88/100|[from] pokemon: Mimikyu-Busted
|move|p2a: Ursaluna|Blood Moon|p1a: Amoonguss
|-damage|p1a: Amoonguss|0 fnt
|faint|p1a: Amoonguss
|-damage|p2a: Ursaluna|91/100|[from] item: Life Orb
|move|p1b: Netaminity|Trick Room|p1b: Netaminity
|-fieldstart|move: Trick Room|[of] p1b: Netaminity
|
|upkeep
|
|t:|1757716175
|switch|p1a: Incineroar|Incineroar, L50, F|100/100
|-ability|p1a: Incineroar|Intimidate|boost
|-unboost|p2a: Ursaluna|atk|1
|-unboost|p2b: Indeedee|atk|1
|turn|2
|
|t:|1757716197
|switch|p1a: Ursaluna|Ursaluna, L50, M|100/100
|move|p2a: Ursaluna|Protect|p2a: Ursaluna
|-singleturn|p2a: Ursaluna|Protect
|move|p2b: Indeedee|Protect|p2b: Indeedee
|-singleturn|p2b: Indeedee|Protect
|move|p1b: Netaminity|Play Rough|p2a: Ursaluna
|-activate|p2a: Ursaluna|move: Protect
|
|-status|p1a: Ursaluna|brn|[from] item: Flame Orb
|upkeep
|turn|3
|
|t:|1757716216
|switch|p2a: Dondozo|Dondozo, L50, M|100/100
|switch|p2b: Tatsugiri|Tatsugiri, L50, M|100/100
|-activate|p2b: Tatsugiri|ability: Commander|[of] p2a: Dondozo
|-boost|p2a: Dondozo|atk|2
|-boost|p2a: Dondozo|spa|2
|-boost|p2a: Dondozo|spe|2
|-boost|p2a: Dondozo|def|2
|-boost|p2a: Dondozo|spd|2
|move|p1a: Ursaluna|Facade|p2a: Dondozo
|-damage|p2a: Dondozo|58/100
|move|p1b: Netaminity|Play Rough|p2b: Tatsugiri|[miss]
|-miss|p1b: Netaminity|p2b: Tatsugiri
|
|-heal|p2a: Dondozo|64/100|[from] item: Leftovers
|-damage|p1a: Ursaluna|95/100 brn|[from] brn
|upkeep
|turn|4
|
|t:|1757716230
|-terastallize|p1b: Netaminity|Grass
|move|p2a: Dondozo|Protect|p2a: Dondozo
|-singleturn|p2a: Dondozo|Protect
|move|p1a: Ursaluna|Facade|p2a: Dondozo
|-activate|p2a: Dondozo|move: Protect
|move|p1b: Netaminity|Wood Hammer|p2a: Dondozo
|-activate|p2a: Dondozo|move: Protect
|
|-heal|p2a: Dondozo|70/100|[from] item: Leftovers
|-damage|p1a: Ursaluna|89/100 brn|[from] brn
|upkeep
|turn|5
|
|t:|1757716251
|move|p1a: Ursaluna|Facade|p2a: Dondozo
|-damage|p2a: Dondozo|25/100
|move|p1b: Netaminity|Wood Hammer|p2a: Dondozo
|-supereffective|p2a: Dondozo
|-damage|p2a: Dondozo|0 fnt
|faint|p2a: Dondozo
|-damage|p1b: Netaminity|77/100|[from] Recoil
|-damage|p1b: Netaminity|67/100|[from] item: Life Orb
|
|-damage|p1a: Ursaluna|83/100 brn|[from] brn
|-fieldend|move: Trick Room
|-fieldend|move: Psychic Terrain
|upkeep
|
|t:|1757716264
|switch|p2a: Indeedee|Indeedee, L50, M|100/100
|-fieldstart|move: Psychic Terrain|[from] ability: Psychic Surge|[of] p2a: Indeedee
|turn|6
|
|t:|1757716275
|move|p2b: Tatsugiri|Helping Hand|p2a: Indeedee
|-singleturn|p2a: Indeedee|Helping Hand|[of] p2b: Tatsugiri
|move|p1a: Ursaluna|Protect|p1a: Ursaluna
|-singleturn|p1a: Ursaluna|Protect
|move|p2a: Indeedee|Expanding Force|p1b: Netaminity|[spread] p1b
|-activate|p1a: Ursaluna|move: Protect
|-damage|p1b: Netaminity|0 fnt
|faint|p1b: Netaminity
|
|-damage|p1a: Ursaluna|77/100 brn|[from] brn
|upkeep
|
|t:|1757716277
|switch|p1b: Incineroar|Incineroar, L50, F|100/100
|-ability|p1b: Incineroar|Intimidate|boost
|-unboost|p2a: Indeedee|atk|1
|-unboost|p2b: Tatsugiri|atk|1
|turn|7
|
|t:|1757716294
|move|p2a: Indeedee|Expanding Force|p1b: Incineroar|[spread] p1a
|-immune|p1b: Incineroar
|-damage|p1a: Ursaluna|28/100 brn
|move|p2b: Tatsugiri|Muddy Water|p1b: Incineroar|[spread] p1b
|-miss|p2b: Tatsugiri|p1a: Ursaluna
|-supereffective|p1b: Incineroar
|-damage|p1b: Incineroar|32/100
|move|p1b: Incineroar|U-turn|p2a: Indeedee
|-supereffective|p2a: Indeedee
|-damage|p2a: Indeedee|15/100
|move|p1a: Ursaluna|Facade|p2a: Indeedee
|-damage|p2a: Indeedee|0 fnt
|faint|p2a: Indeedee
|
|-damage|p1a: Ursaluna|22/100 brn|[from] brn
|upkeep
|
|t:|1757716306
|switch|p2a: Ursaluna|Ursaluna-Bloodmoon, L50, M, tera:Normal|91/100
|turn|8
|
|t:|1757716325
|move|p2b: Tatsugiri|Helping Hand|p2a: Ursaluna
|-singleturn|p2a: Ursaluna|Helping Hand|[of] p2b: Tatsugiri
|move|p1b: Incineroar|Knock Off|p2a: Ursaluna
|-damage|p2a: Ursaluna|54/100
|-enditem|p2a: Ursaluna|Life Orb|[from] move: Knock Off|[of] p1b: Incineroar
|move|p2a: Ursaluna|Hyper Voice|p1b: Incineroar|[spread] p1a,p1b
|-damage|p1a: Ursaluna|0 fnt
|-damage|p1b: Incineroar|0 fnt
|faint|p1a: Ursaluna
|faint|p1b: Incineroar
|
|win|spellbreakvgc
||Rhizanthes is ready for game 2.
|inactive|spellbreakvgc has 30 seconds to confirm battle start!
||spellbreakvgc is ready for game 2.
|uhtml|next|Next: Game 2 of 3
