|j|☆GetaJobApplication
|j|☆bvg2
|html|GetaJobApplicationbvg2    
|uhtml|bestof|Game 3 of a best-of-3
|t:|1755546513
|gametype|doubles
|player|p1|GetaJobApplication|pokemaniac|1175
|player|p2|bvg2|265|1257
|gen|9
|tier|[Gen 9] VGC 2025 Reg H (Bo3)
|rated|
|rule|Species Clause: Limit one of each Pokémon
|rule|Item Clause: Limit 1 of each item
|clearpoke
|poke|p1|Rillaboom, L50, M|
|poke|p1|Magmar, L50, M|
|poke|p1|Kingambit, L50, F|
|poke|p1|Ninetales-Alola, L50, F|
|poke|p1|Basculegion, L50, M|
|poke|p1|Sneasler, L50, F|
|poke|p2|Dondozo, L50, M|
|poke|p2|Tatsugiri, L50, M|
|poke|p2|Talonflame, L50, F|
|poke|p2|Glimmora, L50, F|
|poke|p2|Dragonite, L50, F|
|poke|p2|Gholdengo, L50|
|teampreview|4
|showteam|p1|Rillaboom||AssaultVest|GrassySurge|WoodHammer,GrassyGlide,FakeOut,Uturn|||M|||50|,,,,,Ghost]Magmar||Eviolite|FlameBody|Overheat,FollowMe,Taunt,Protect|||M|||50|,,,,,Ghost]Kingambit||BlackGlasses|Defiant|KowtowCleave,SuckerPunch,SwordsDance,Protect|||F|||50|,,,,,Fire]Ninetales-Alola||LifeOrb|SnowWarning|Blizzard,FreezeDry,Encore,Protect|||F|||50|,,,,,Ghost]Basculegion||ChoiceScarf|Adaptability|WaveCrash,LastRespects,FlipTurn,TeraBlast|||M|||50|,,,,,Fighting]Sneasler||FocusSash|PoisonTouch|CloseCombat,DireClaw,FakeOut,Protect|||F|||50|,,,,,Ghost
|showteam|p2|Dondozo||Leftovers|Unaware|Protect,WaveCrash,OrderUp,Earthquake|||M|||50|,,,,,Grass]Tatsugiri||ChoiceScarf|Commander|IcyWind,MuddyWater,DragonPulse,DracoMeteor|||M|||50|,,,,,Water]Talonflame||CovertCloak|GaleWings|Tailwind,WillOWisp,BraveBird,FlareBlitz|||F|||50|,,,,,Flying]Glimmora||PowerHerb|ToxicDebris|SpikyShield,MeteorBeam,SludgeBomb,EarthPower|||F|||50|,,,,,Grass]Dragonite||ChoiceBand|InnerFocus|Outrage,ExtremeSpeed,StompingTantrum,AerialAce|||F|||50|,,,,,Normal]Gholdengo||ChoiceSpecs|GoodasGold|ShadowBall,MakeItRain,Thunderbolt,PowerGem||||||50|,,,,,Steel
|inactive|Battle timer is ON: inactive players will automatically lose when time's up. (requested by bvg2)
|
|t:|1755546526
|teamsize|p1|4
|teamsize|p2|4
|start
|switch|p1a: Ninetales|Ninetales-Alola, L50, F|100/100
|switch|p1b: Basculegion|Basculegion, L50, M|100/100
|switch|p2a: Dondozo|Dondozo, L50, M|100/100
|switch|p2b: Glimmora|Glimmora, L50, F|100/100
|-weather|Snowscape|[from] ability: Snow Warning|[of] p1a: Ninetales
|turn|1
|
|t:|1755546545
|switch|p2b: Tatsugiri|Tatsugiri, L50, M|100/100
|-activate|p2b: Tatsugiri|ability: Commander|[of] p2a: Dondozo
|-boost|p2a: Dondozo|atk|2
|-boost|p2a: Dondozo|spa|2
|-boost|p2a: Dondozo|spe|2
|-boost|p2a: Dondozo|def|2
|-boost|p2a: Dondozo|spd|2
|move|p1b: Basculegion|Flip Turn|p2b: Tatsugiri|[miss]
|-miss|p1b: Basculegion|p2b: Tatsugiri
|move|p1a: Ninetales|Freeze-Dry|p2a: Dondozo
|-supereffective|p2a: Dondozo
|-damage|p2a: Dondozo|66/100
|-damage|p1a: Ninetales|91/100|[from] item: Life Orb
|move|p2a: Dondozo|Order Up|p1b: Basculegion
|-damage|p1b: Basculegion|29/100
|-boost|p2a: Dondozo|atk|1
|
|-weather|Snowscape|[upkeep]
|-heal|p2a: Dondozo|72/100|[from] item: Leftovers
|upkeep
|turn|2
|
|t:|1755546562
|move|p2a: Dondozo|Protect|p2a: Dondozo
|-singleturn|p2a: Dondozo|Protect
|move|p1b: Basculegion|Flip Turn|p2a: Dondozo
|-activate|p2a: Dondozo|move: Protect
|move|p1a: Ninetales|Freeze-Dry|p2a: Dondozo
|-activate|p2a: Dondozo|move: Protect
|
|-weather|Snowscape|[upkeep]
|-heal|p2a: Dondozo|79/100|[from] item: Leftovers
|upkeep
|turn|3
|
|t:|1755546571
|switch|p1b: Rillaboom|Rillaboom, L50, M|100/100
|-fieldstart|move: Grassy Terrain|[from] ability: Grassy Surge|[of] p1b: Rillaboom
|move|p1a: Ninetales|Encore|p2a: Dondozo
|-start|p2a: Dondozo|Encore
|move|p2a: Dondozo|Protect||[still]
|-fail|p2a: Dondozo
|
|-weather|Snowscape|[upkeep]
|-heal|p1a: Ninetales|97/100|[from] Grassy Terrain
|-heal|p2a: Dondozo|85/100|[from] Grassy Terrain
|-heal|p2a: Dondozo|91/100|[from] item: Leftovers
|upkeep
|turn|4
|
|t:|1755546582
|move|p2a: Dondozo|Protect|p2a: Dondozo
|-singleturn|p2a: Dondozo|Protect
|move|p1b: Rillaboom|Grassy Glide|p2a: Dondozo
|-activate|p2a: Dondozo|move: Protect
|move|p1a: Ninetales|Freeze-Dry|p2a: Dondozo
|-activate|p2a: Dondozo|move: Protect
|
|-weather|Snowscape|[upkeep]
|-heal|p1a: Ninetales|100/100|[from] Grassy Terrain
|-heal|p2a: Dondozo|97/100|[from] Grassy Terrain
|-heal|p2a: Dondozo|100/100|[from] item: Leftovers
|upkeep
|turn|5
|
|t:|1755546595
|-terastallize|p2a: Dondozo|Grass
|move|p2a: Dondozo|Protect||[still]
|-fail|p2a: Dondozo
|move|p1a: Ninetales|Freeze-Dry|p2a: Dondozo
|-supereffective|p2a: Dondozo
|-damage|p2a: Dondozo|69/100
|-damage|p1a: Ninetales|91/100|[from] item: Life Orb
|move|p1b: Rillaboom|Wood Hammer|p2a: Dondozo
|-resisted|p2a: Dondozo
|-damage|p2a: Dondozo|56/100
|-damage|p1b: Rillaboom|95/100|[from] Recoil
|
|-weather|none
|-heal|p1a: Ninetales|97/100|[from] Grassy Terrain
|-heal|p1b: Rillaboom|100/100|[from] Grassy Terrain
|-heal|p2a: Dondozo|62/100|[from] Grassy Terrain
|-heal|p2a: Dondozo|69/100|[from] item: Leftovers
|-end|p2a: Dondozo|Encore
|upkeep
|turn|6
|
|t:|1755546612
|move|p1a: Ninetales|Encore|p2a: Dondozo
|-start|p2a: Dondozo|Encore
|move|p1b: Rillaboom|U-turn|p2a: Dondozo
|-supereffective|p2a: Dondozo
|-damage|p2a: Dondozo|54/100
|
|t:|1755546621
|switch|p1b: Basculegion|Basculegion, L50, M|29/100|[from] U-turn
|move|p2a: Dondozo|Protect||[still]
|-fail|p2a: Dondozo
|
|-heal|p1b: Basculegion|35/100|[from] Grassy Terrain
|-heal|p1a: Ninetales|100/100|[from] Grassy Terrain
|-heal|p2a: Dondozo|60/100|[from] Grassy Terrain
|-heal|p2a: Dondozo|66/100|[from] item: Leftovers
|upkeep
|turn|7
|
|t:|1755546639
|switch|p1a: Rillaboom|Rillaboom, L50, M|100/100
|move|p2a: Dondozo|Protect|p2a: Dondozo
|-singleturn|p2a: Dondozo|Protect
|move|p1b: Basculegion|Flip Turn|p2a: Dondozo
|-activate|p2a: Dondozo|move: Protect
|
|-heal|p1b: Basculegion|41/100|[from] Grassy Terrain
|-heal|p2a: Dondozo|72/100|[from] Grassy Terrain
|-heal|p2a: Dondozo|79/100|[from] item: Leftovers
|-fieldend|move: Grassy Terrain
|upkeep
|turn|8
|
|t:|1755546650
|move|p2a: Dondozo|Protect||[still]
|-fail|p2a: Dondozo
|move|p1a: Rillaboom|Fake Out|p2a: Dondozo
|-damage|p2a: Dondozo|74/100
|move|p1b: Basculegion|Flip Turn|p2a: Dondozo
|-resisted|p2a: Dondozo
|-damage|p2a: Dondozo|67/100
|
|t:|1755546655
|switch|p1b: Ninetales|Ninetales-Alola, L50, F|100/100|[from] Flip Turn
|-weather|Snowscape|[from] ability: Snow Warning|[of] p1b: Ninetales
|
|-weather|Snowscape|[upkeep]
|-heal|p2a: Dondozo|73/100|[from] item: Leftovers
|-end|p2a: Dondozo|Encore
|upkeep
|turn|9
|
|t:|1755546667
|move|p1b: Ninetales|Encore|p2a: Dondozo
|-start|p2a: Dondozo|Encore
|move|p1a: Rillaboom|U-turn|p2a: Dondozo
|-supereffective|p2a: Dondozo
|-damage|p2a: Dondozo|58/100
|
|t:|1755546673
|switch|p1a: Kingambit|Kingambit, L50, F|100/100|[from] U-turn
|move|p2a: Dondozo|Protect||[still]
|-fail|p2a: Dondozo
|
|-weather|Snowscape|[upkeep]
|-heal|p2a: Dondozo|64/100|[from] item: Leftovers
|upkeep
|turn|10
|
|t:|1755546679
|move|p2a: Dondozo|Protect|p2a: Dondozo
|-singleturn|p2a: Dondozo|Protect
|move|p1b: Ninetales|Blizzard|p2a: Dondozo|[spread] 
|-miss|p1b: Ninetales|p2b: Tatsugiri
|-activate|p2a: Dondozo|move: Protect
|move|p1a: Kingambit|Swords Dance|p1a: Kingambit
|-boost|p1a: Kingambit|atk|2
|
|-weather|Snowscape|[upkeep]
|-heal|p2a: Dondozo|70/100|[from] item: Leftovers
|upkeep
|turn|11
|
|t:|1755546690
|move|p2a: Dondozo|Protect|p2a: Dondozo
|-singleturn|p2a: Dondozo|Protect
|move|p1b: Ninetales|Blizzard|p2b: Tatsugiri|[spread] 
|-miss|p1b: Ninetales|p2b: Tatsugiri
|-activate|p2a: Dondozo|move: Protect
|move|p1a: Kingambit|Kowtow Cleave|p2a: Dondozo
|-activate|p2a: Dondozo|move: Protect
|
|-weather|Snowscape|[upkeep]
|-heal|p2a: Dondozo|76/100|[from] item: Leftovers
|-end|p2a: Dondozo|Encore
|upkeep
|turn|12
|
|t:|1755546711
|move|p1b: Ninetales|Encore|p2a: Dondozo
|-start|p2a: Dondozo|Encore
|move|p2a: Dondozo|Protect||[still]
|-fail|p2a: Dondozo
|move|p1a: Kingambit|Kowtow Cleave|p2a: Dondozo
|-damage|p2a: Dondozo|60/100
|
|-weather|none
|-heal|p2a: Dondozo|66/100|[from] item: Leftovers
|upkeep
|turn|13
|
|t:|1755546724
|move|p2a: Dondozo|Protect|p2a: Dondozo
|-singleturn|p2a: Dondozo|Protect
|move|p1b: Ninetales|Freeze-Dry|p2a: Dondozo
|-activate|p2a: Dondozo|move: Protect
|move|p1a: Kingambit|Kowtow Cleave|p2a: Dondozo
|-activate|p2a: Dondozo|move: Protect
|
|-heal|p2a: Dondozo|72/100|[from] item: Leftovers
|upkeep
|turn|14
|
|t:|1755546734
|move|p2a: Dondozo|Protect||[still]
|-fail|p2a: Dondozo
|move|p1b: Ninetales|Freeze-Dry|p2a: Dondozo
|-supereffective|p2a: Dondozo
|-damage|p2a: Dondozo|39/100
|-damage|p1b: Ninetales|91/100|[from] item: Life Orb
|move|p1a: Kingambit|Kowtow Cleave|p2a: Dondozo
|-damage|p2a: Dondozo|22/100
|
|-heal|p2a: Dondozo|28/100|[from] item: Leftovers
|-end|p2a: Dondozo|Encore
|upkeep
|turn|15
|
|t:|1755546749
|move|p2a: Dondozo|Protect|p2a: Dondozo
|-singleturn|p2a: Dondozo|Protect
|move|p1b: Ninetales|Freeze-Dry|p2a: Dondozo
|-activate|p2a: Dondozo|move: Protect
|move|p1a: Kingambit|Kowtow Cleave|p2a: Dondozo
|-activate|p2a: Dondozo|move: Protect
|
|-heal|p2a: Dondozo|34/100|[from] item: Leftovers
|upkeep
|turn|16
|
|t:|1755546759
|move|p1b: Ninetales|Encore|p2a: Dondozo
|-start|p2a: Dondozo|Encore
|move|p2a: Dondozo|Protect|p2a: Dondozo
|-singleturn|p2a: Dondozo|Protect
|move|p1a: Kingambit|Kowtow Cleave|p2a: Dondozo
|-activate|p2a: Dondozo|move: Protect
|
|-heal|p2a: Dondozo|41/100|[from] item: Leftovers
|upkeep
|turn|17
|
|t:|1755546769
|move|p2a: Dondozo|Protect||[still]
|-fail|p2a: Dondozo
|move|p1b: Ninetales|Freeze-Dry|p2a: Dondozo
|-supereffective|p2a: Dondozo
|-damage|p2a: Dondozo|9/100
|-damage|p1b: Ninetales|82/100|[from] item: Life Orb
|move|p1a: Kingambit|Kowtow Cleave|p2a: Dondozo
|-damage|p2a: Dondozo|0 fnt
|faint|p2a: Dondozo
|
|upkeep
|
|t:|1755546787
|switch|p2a: Talonflame|Talonflame, L50, F|100/100
|turn|18
|
|t:|1755546799
|-terastallize|p1a: Kingambit|Fire
|move|p1a: Kingambit|Sucker Punch|p2b: Tatsugiri
|-damage|p2b: Tatsugiri|0 fnt
|faint|p2b: Tatsugiri
|move|p2a: Talonflame|Will-O-Wisp|p1a: Kingambit
|-immune|p1a: Kingambit
|move|p1b: Ninetales|Freeze-Dry|p2a: Talonflame
|-damage|p2a: Talonflame|49/100
|-damage|p1b: Ninetales|72/100|[from] item: Life Orb
|
|upkeep
|-message|bvg2 forfeited.
|raw|GetaJobApplication's rating: 1175 → 1206(+31 for winning)
|raw|bvg2's rating: 1257 → 1226(-31 for losing)
|
|win|GetaJobApplication
|l|☆bvg2
|player|p2|
|c|☆GetaJobApplication|gg
