|j|☆the bags12
|j|☆protectthyking34
|html|the bags12protectthyking34    
|uhtml|bestof|Game 2 of a best-of-3
|t:|1785278932
|gametype|doubles
|player|p1|the bags12|falkner|1295
|player|p2|protectthyking34|rocketgrunt|1220
|gen|9
|tier|[Gen 9 Champions] VGC 2026 Reg M-B (Bo3)
|rated|
|rule|Species Clause: Limit one of each Pokémon
|rule|Item Clause: Limit 1 of each item
|clearpoke
|poke|p1|Staraptor, L50, M, shiny|
|poke|p1|Garchomp, L50, M, shiny|
|poke|p1|Basculegion, L50, M, shiny|
|poke|p1|Scizor, L50, M, shiny|
|poke|p1|Grimmsnarl, L50, M, shiny|
|poke|p1|Incineroar, L50, M, shiny|
|poke|p2|Delphox, L50, M|
|poke|p2|Incineroar, L50, M|
|poke|p2|Sneasler, L50, M|
|poke|p2|Sinistcha, L50|
|poke|p2|Kingambit, L50, M|
|poke|p2|Blastoise, L50, M|
|teampreview|4
|showteam|p1|Staraptor||Staraptite|Intimidate|CloseCombat,DualWingbeat,Roost,Protect|Adamant||M|||50|]Garchomp||LifeOrb|RoughSkin|DragonClaw,Earthquake,IronHead,RockSlide|Adamant||M|||50|]Basculegion||ChoiceScarf|Adaptability|LastRespects,WaveCrash,AquaJet,FlipTurn|Jolly||M|||50|]Scizor||MetalCoat|Technician|Uturn,BulletPunch,KnockOff,CloseCombat|Brave||M|||50|]Grimmsnarl||LightClay|Prankster|PartingShot,ScaryFace,Reflect,LightScreen|Calm||M|||50|]Incineroar||Leftovers|Intimidate|FlareBlitz,PartingShot,FakeOut,DarkestLariat|Adamant||M|||50|
|showteam|p2|Delphox||Delphoxite|Blaze|NastyPlot,Protect,Psyshock,HeatWave|Timid||M|||50|]Incineroar||SitrusBerry|Intimidate|FakeOut,PartingShot,FlareBlitz,DarkestLariat|Impish||M|||50|]Sneasler||FocusSash|PoisonTouch|GunkShot,FakeOut,CloseCombat,QuickGuard|Jolly||M|||50|]Sinistcha||OccaBerry|Hospitality|MatchaGotcha,RagePowder,TrickRoom,Protect|Calm|||||50|]Kingambit||BlackGlasses|Defiant|SuckerPunch,KowtowCleave,SwordsDance,Protect|Adamant||M|||50|]Blastoise||Blastoisinite|RainDish|ShellSmash,WaterSpout,DarkPulse,Protect|Timid||M|||50|
|inactive|Battle timer is ON: inactive players will automatically lose when time's up. (requested by the bags12)
|inactive|the bags12 has 60 seconds left.
|
|t:|1785278972
|teamsize|p1|4
|teamsize|p2|4
|start
|switch|p1a: Haaland|Grimmsnarl, L50, M, shiny|100/100
|switch|p1b: Mighty Eagle|Staraptor, L50, M, shiny|100/100
|switch|p2a: Incineroar|Incineroar, L50, M|100/100
|switch|p2b: Blastoise|Blastoise, L50, M|100/100
|-ability|p1b: Mighty Eagle|Intimidate|boost
|-unboost|p2a: Incineroar|atk|1
|-unboost|p2b: Blastoise|atk|1
|-ability|p2a: Incineroar|Intimidate|boost
|-unboost|p1a: Haaland|atk|1
|-unboost|p1b: Mighty Eagle|atk|1
|turn|1
|inactive|protectthyking34 has 30 seconds left.
|
|t:|1785279001
|switch|p2a: Sneasler|Sneasler, L50, M|100/100
|detailschange|p2b: Blastoise|Blastoise-Mega, L50, M
|-mega|p2b: Blastoise|Blastoise|Blastoisinite
|detailschange|p1b: Mighty Eagle|Staraptor-Mega, L50, M, shiny
|-mega|p1b: Mighty Eagle|Staraptor|Staraptite
|move|p1a: Haaland|Scary Face|p1b: Mighty Eagle
|-boost|p1b: Mighty Eagle|spe|2
|move|p1b: Mighty Eagle|Close Combat|p2a: Sneasler
|-resisted|p2a: Sneasler|1
|-damage|p2a: Sneasler|56/100
|-boost|p1b: Mighty Eagle|def|1
|-boost|p1b: Mighty Eagle|spd|1
|move|p2b: Blastoise|Shell Smash|p2b: Blastoise
|-unboost|p2b: Blastoise|def|1
|-unboost|p2b: Blastoise|spd|1
|-boost|p2b: Blastoise|atk|2
|-boost|p2b: Blastoise|spa|2
|-boost|p2b: Blastoise|spe|2
|
|upkeep
|turn|2
|
|t:|1785279022
|move|p1b: Mighty Eagle|Protect|p1b: Mighty Eagle
|-singleturn|p1b: Mighty Eagle|Protect
|move|p2a: Sneasler|Fake Out|p1b: Mighty Eagle
|-activate|p1b: Mighty Eagle|move: Protect
|move|p1a: Haaland|Light Screen|p1a: Haaland
|-sidestart|p1: the bags12|move: Light Screen
|move|p2b: Blastoise|Shell Smash|p2b: Blastoise
|-unboost|p2b: Blastoise|def|1
|-unboost|p2b: Blastoise|spd|1
|-boost|p2b: Blastoise|atk|2
|-boost|p2b: Blastoise|spa|2
|-boost|p2b: Blastoise|spe|2
|
|upkeep
|turn|3
|
|t:|1785279046
|move|p2b: Blastoise|Protect|p2b: Blastoise
|-singleturn|p2b: Blastoise|Protect
|move|p1a: Haaland|Scary Face|p2b: Blastoise
|-activate|p2b: Blastoise|move: Protect
|move|p1b: Mighty Eagle|Close Combat|p2b: Blastoise
|-activate|p2b: Blastoise|move: Protect
|move|p2a: Sneasler|Gunk Shot|p1a: Haaland
|-supereffective|p1a: Haaland|1
|-damage|p1a: Haaland|0 fnt
|faint|p1a: Haaland
|
|upkeep
|
|t:|1785279050
|switch|p1a: Incin|Incineroar, L50, M, shiny|100/100
|-ability|p1a: Incin|Intimidate|boost
|-unboost|p2a: Sneasler|atk|1
|-unboost|p2b: Blastoise|atk|1
|turn|4
|
|t:|1785279062
|move|p2a: Sneasler|Quick Guard|p2a: Sneasler
|-singleturn|p2a: Sneasler|Quick Guard
|move|p1a: Incin|Fake Out|p2b: Blastoise
|-activate|p2b: Blastoise|move: Quick Guard
|move|p2b: Blastoise|Water Spout|p1a: Incin|[spread] p1a,p1b
|-supereffective|p1a: Incin|1
|-damage|p1a: Incin|0 fnt
|-damage|p1b: Mighty Eagle|20/100y
|faint|p1a: Incin
|move|p1b: Mighty Eagle|Close Combat|p2b: Blastoise
|-damage|p2b: Blastoise|1/100
|-boost|p1b: Mighty Eagle|def|1
|-boost|p1b: Mighty Eagle|spd|1
|
|upkeep
|
|t:|1785279065
|switch|p1a: fih|Basculegion, L50, M, shiny|100/100
|turn|5
|
|t:|1785279083
|move|p2b: Blastoise|Protect|p2b: Blastoise
|-singleturn|p2b: Blastoise|Protect
|move|p1b: Mighty Eagle|Protect|p1b: Mighty Eagle
|-singleturn|p1b: Mighty Eagle|Protect
|move|p1a: fih|Last Respects|p2b: Blastoise
|-activate|p2b: Blastoise|move: Protect
|move|p2a: Sneasler|Gunk Shot|p1b: Mighty Eagle
|-activate|p1b: Mighty Eagle|move: Protect
|
|upkeep
|turn|6
|
|t:|1785279095
|switch|p2b: Sinistcha|Sinistcha, L50|100/100
|-heal|p2a: Sneasler|81/100|[from] ability: Hospitality|[of] p2b: Sinistcha
|move|p1b: Mighty Eagle|Roost|p1b: Mighty Eagle
|-heal|p1b: Mighty Eagle|71/100
|-singleturn|p1b: Mighty Eagle|move: Roost
|move|p1a: fih|Last Respects|p2b: Sinistcha
|-supereffective|p2b: Sinistcha|1
|-damage|p2b: Sinistcha|0 fnt
|faint|p2b: Sinistcha
|move|p2a: Sneasler|Gunk Shot|p1b: Mighty Eagle
|-damage|p1b: Mighty Eagle|52/100
|-status|p1b: Mighty Eagle|psn
|
|-damage|p1b: Mighty Eagle|40/100 psn|[from] psn
|upkeep
|
|t:|1785279108
|switch|p2b: Incineroar|Incineroar, L50, M|100/100
|-ability|p2b: Incineroar|Intimidate|boost
|-unboost|p1a: fih|atk|1
|-boost|p1b: Mighty Eagle|atk|1
|turn|7
|
|t:|1785279120
|move|p1b: Mighty Eagle|Protect|p1b: Mighty Eagle
|-singleturn|p1b: Mighty Eagle|Protect
|move|p1a: fih|Last Respects|p2a: Sneasler
|-damage|p2a: Sneasler|0 fnt
|faint|p2a: Sneasler
|move|p2b: Incineroar|Darkest Lariat|p1a: fih
|-supereffective|p1a: fih|1
|-damage|p1a: fih|22/100
|
|-damage|p1b: Mighty Eagle|28/100 psn|[from] psn
|upkeep
|
|t:|1785279128
|switch|p2a: Blastoise|Blastoise-Mega, L50, M|1/100
|turn|8
|
|t:|1785279133
|move|p1b: Mighty Eagle|Roost|p1b: Mighty Eagle
|-heal|p1b: Mighty Eagle|78/100 psn
|-singleturn|p1b: Mighty Eagle|move: Roost
|move|p1a: fih|Last Respects|p2a: Blastoise
|-damage|p2a: Blastoise|0 fnt
|faint|p2a: Blastoise
|move|p2b: Incineroar|Darkest Lariat|p1a: fih
|-supereffective|p1a: fih|1
|-damage|p1a: fih|0 fnt
|faint|p1a: fih
|
|-damage|p1b: Mighty Eagle|66/100 psn|[from] psn
|upkeep
|turn|9
|
|t:|1785279145
|move|p1b: Mighty Eagle|Close Combat|p2b: Incineroar
|-supereffective|p2b: Incineroar|1
|-damage|p2b: Incineroar|0 fnt
|-boost|p1b: Mighty Eagle|def|1
|-boost|p1b: Mighty Eagle|spd|1
|faint|p2b: Incineroar
|
|win|the bags12
||protectthyking34 is ready for game 3.
||the bags12 is ready for game 3.
|uhtml|next|Next: Game 3 of 3
|l|☆the bags12
|player|p1|
