|j|☆palle synchro
|j|☆fernsthedruids
|html|palle synchrofernsthedruids    
|uhtml|bestof|Game 1 of a best-of-3
|t:|1757086032
|gametype|doubles
|player|p1|palle synchro|volkner|1399
|player|p2|fernsthedruids|dawn|1290
|gen|9
|tier|[Gen 9] VGC 2025 Reg H (Bo3)
|rated|
|rule|Species Clause: Limit one of each Pokémon
|rule|Item Clause: Limit 1 of each item
|clearpoke
|poke|p1|Whimsicott, L50, M|
|poke|p1|Basculegion, L50, M|
|poke|p1|Indeedee, L50, M|
|poke|p1|Sneasler, L50, M|
|poke|p1|Ursaluna-Bloodmoon, L50, M|
|poke|p1|Archaludon, L50, F|
|poke|p2|Rillaboom, L50, F|
|poke|p2|Kommo-o, L50, M|
|poke|p2|Tyranitar, L50, F|
|poke|p2|Lycanroc, L50, F|
|poke|p2|Gholdengo, L50|
|poke|p2|Corviknight, L50, M|
|teampreview|4
|showteam|p1|Whimsicott||CovertCloak|Prankster|Moonblast,Taunt,Tailwind,FakeTears|||M|||50|,,,,,Water]Basculegion||ChoiceScarf|Adaptability|WaveCrash,LastRespects,FlipTurn,AquaJet|||M|||50|,,,,,Fairy]Indeedee||FocusSash|PsychicSurge|ExpandingForce,TeraBlast,Imprison,TrickRoom|||M|||50|,,,,,Psychic]Sneasler||PsychicSeed|Unburden|CloseCombat,DireClaw,ThroatChop,Protect|||M|||50|,,,,,Dark]Ursaluna-Bloodmoon||LifeOrb|MindsEye|HyperVoice,BloodMoon,EarthPower,Protect|||M|||50|,,,,,Normal]Archaludon||PowerHerb|Sturdy|ElectroShot,DragonPulse,Thunderbolt,Protect|||F|||50|,,,,,Electric
|showteam|p2|Rillaboom||AssaultVest|GrassySurge|WoodHammer,FakeOut,HighHorsepower,GrassyGlide|||F|||50|,,,,,Grass]Kommo-o||GrassySeed|Overcoat|IronDefense,BodyPress,DracoMeteor,Protect|||M|||50|,,,,,Steel]Tyranitar||ClearAmulet|SandStream|Protect,KnockOff,DragonDance,RockSlide|||F|||50|,,,,,Water]Lycanroc||FocusSash|SandRush|StompingTantrum,RockSlide,CloseCombat,Protect|||F|||50|,,,,,Stellar]Gholdengo||ChoiceScarf|GoodasGold|MakeItRain,Protect,ShadowBall,Trick||||||50|,,,,,Steel]Corviknight||RockyHelmet|MirrorArmor|BulkUp,BraveBird,Roost,Tailwind|||M|||50|,,,,,Fire
|inactive|Battle timer is ON: inactive players will automatically lose when time's up. (requested by palle synchro)
|inactive|fernsthedruids has 60 seconds left.
|
|t:|1757086090
|teamsize|p1|4
|teamsize|p2|4
|start
|switch|p1a: Whimsicott|Whimsicott, L50, M|100/100
|switch|p1b: Ursaluna|Ursaluna-Bloodmoon, L50, M|100/100
|switch|p2a: Rillaboom|Rillaboom, L50, F|100/100
|switch|p2b: Kommo-o|Kommo-o, L50, M|100/100
|-fieldstart|move: Grassy Terrain|[from] ability: Grassy Surge|[of] p2a: Rillaboom
|-enditem|p2b: Kommo-o|Grassy Seed
|-boost|p2b: Kommo-o|def|1|[from] item: Grassy Seed
|turn|1
|inactive|palle synchro has 30 seconds left.
|inactive|fernsthedruids has 30 seconds left.
|
|t:|1757086123
|-terastallize|p2b: Kommo-o|Steel
|move|p1b: Ursaluna|Protect|p1b: Ursaluna
|-singleturn|p1b: Ursaluna|Protect
|move|p2a: Rillaboom|Fake Out|p1b: Ursaluna
|-activate|p1b: Ursaluna|move: Protect
|move|p1a: Whimsicott|Taunt|p2b: Kommo-o
|-start|p2b: Kommo-o|move: Taunt
|cant|p2b: Kommo-o|move: Taunt|Iron Defense
|
|upkeep
|turn|2
|
|t:|1757086144
|-terastallize|p1b: Ursaluna|Normal
|move|p1a: Whimsicott|Tailwind|p1a: Whimsicott
|-sidestart|p1: palle synchro|move: Tailwind
|move|p1b: Ursaluna|Earth Power|p2b: Kommo-o
|-supereffective|p2b: Kommo-o
|-damage|p2b: Kommo-o|0 fnt
|faint|p2b: Kommo-o
|-damage|p1b: Ursaluna|91/100|[from] item: Life Orb
|move|p2a: Rillaboom|Wood Hammer|p1b: Ursaluna
|-damage|p1b: Ursaluna|24/100
|-damage|p2a: Rillaboom|80/100|[from] Recoil
|
|-heal|p1b: Ursaluna|30/100|[from] Grassy Terrain
|-heal|p2a: Rillaboom|86/100|[from] Grassy Terrain
|upkeep
|
|t:|1757086149
|switch|p2b: Gholdengo|Gholdengo, L50|100/100
|turn|3
|
|t:|1757086167
|move|p1b: Ursaluna|Protect|p1b: Ursaluna
|-singleturn|p1b: Ursaluna|Protect
|move|p1a: Whimsicott|Fake Tears|p2a: Rillaboom
|-unboost|p2a: Rillaboom|spd|2
|move|p2a: Rillaboom|Grassy Glide|p1b: Ursaluna
|-activate|p1b: Ursaluna|move: Protect
|move|p2b: Gholdengo|Make It Rain|p1b: Ursaluna|[spread] p1a
|-activate|p1b: Ursaluna|move: Protect
|-supereffective|p1a: Whimsicott
|-damage|p1a: Whimsicott|0 fnt
|-unboost|p2b: Gholdengo|spa|1
|faint|p1a: Whimsicott
|
|-heal|p1b: Ursaluna|35/100|[from] Grassy Terrain
|-heal|p2a: Rillaboom|92/100|[from] Grassy Terrain
|upkeep
|
|t:|1757086174
|switch|p1a: Archaludon|Archaludon, L50, F|100/100
|turn|4
|
|t:|1757086182
|switch|p2b: Tyranitar|Tyranitar, L50, F|100/100
|-weather|Sandstorm|[from] ability: Sand Stream|[of] p2b: Tyranitar
|move|p2a: Rillaboom|Grassy Glide|p1b: Ursaluna
|-damage|p1b: Ursaluna|5/100
|move|p1a: Archaludon|Electro Shot||[still]
|-prepare|p1a: Archaludon|Electro Shot
|-boost|p1a: Archaludon|spa|1
|-enditem|p1a: Archaludon|Power Herb
|-anim|p1a: Archaludon|Electro Shot|p2a: Rillaboom
|-resisted|p2a: Rillaboom
|-damage|p2a: Rillaboom|43/100
|move|p1b: Ursaluna|Earth Power|p2b: Tyranitar
|-supereffective|p2b: Tyranitar
|-damage|p2b: Tyranitar|10/100
|-damage|p1b: Ursaluna|0 fnt|[from] item: Life Orb
|faint|p1b: Ursaluna
|
|-weather|Sandstorm|[upkeep]
|-damage|p2a: Rillaboom|37/100|[from] Sandstorm
|-heal|p2b: Tyranitar|16/100|[from] Grassy Terrain
|-heal|p2a: Rillaboom|43/100|[from] Grassy Terrain
|upkeep
|
|t:|1757086189
|switch|p1b: Basculegion|Basculegion, L50, M|100/100
|turn|5
|
|t:|1757086204
|move|p2b: Tyranitar|Protect|p2b: Tyranitar
|-singleturn|p2b: Tyranitar|Protect
|move|p2a: Rillaboom|Grassy Glide|p1b: Basculegion
|-supereffective|p1b: Basculegion
|-damage|p1b: Basculegion|5/100
|move|p1b: Basculegion|Last Respects|p2b: Tyranitar
|-activate|p2b: Tyranitar|move: Protect
|move|p1a: Archaludon|Dragon Pulse|p2a: Rillaboom
|-crit|p2a: Rillaboom
|-damage|p2a: Rillaboom|0 fnt
|faint|p2a: Rillaboom
|
|-weather|Sandstorm|[upkeep]
|-damage|p1b: Basculegion|0 fnt|[from] Sandstorm
|faint|p1b: Basculegion
|-heal|p2b: Tyranitar|23/100|[from] Grassy Terrain
|-sideend|p1: palle synchro|move: Tailwind
|-fieldend|move: Grassy Terrain
|upkeep
|
|t:|1757086210
|switch|p2a: Gholdengo|Gholdengo, L50|100/100
|turn|6
|
|t:|1757086218
|move|p2a: Gholdengo|Shadow Ball|p1a: Archaludon
|-damage|p1a: Archaludon|36/100
|move|p1a: Archaludon|Dragon Pulse|p2b: Tyranitar
|-damage|p2b: Tyranitar|0 fnt
|faint|p2b: Tyranitar
|
|-weather|Sandstorm|[upkeep]
|upkeep
|turn|7
|
|t:|1757086224
|move|p2a: Gholdengo|Shadow Ball|p1a: Archaludon
|-damage|p1a: Archaludon|0 fnt
|faint|p1a: Archaludon
|
|win|fernsthedruids
