|j|☆steelag0
|j|☆giallone55
|html|steelag0giallone55    
|uhtml|bestof|Game 3 of a best-of-3
|t:|1782516881
|gametype|doubles
|player|p1|steelag0|102|1209
|player|p2|giallone55|170|1172
|gen|9
|tier|[Gen 9 Champions] VGC 2026 Reg M-B (Bo3)
|rated|
|rule|Species Clause: Limit one of each Pokémon
|rule|Item Clause: Limit 1 of each item
|clearpoke
|poke|p1|Blaziken, L50, M|
|poke|p1|Hydreigon, L50, M|
|poke|p1|Basculegion, L50, M|
|poke|p1|Whimsicott, L50, F|
|poke|p1|Farigiraf, L50, M|
|poke|p1|Metagross, L50|
|poke|p2|Whimsicott, L50, M|
|poke|p2|Sylveon, L50, M|
|poke|p2|Staraptor, L50, M|
|poke|p2|Maushold-Four, L50|
|poke|p2|Gholdengo, L50|
|poke|p2|Garchomp, L50, M|
|teampreview|4
|showteam|p1|Blaziken||Blazikenite|SpeedBoost|FlareBlitz,CloseCombat,RockSlide,Detect|Adamant||M|||50|]Hydreigon||ChoiceScarf|Levitate|DracoMeteor,DarkPulse,EarthPower,Snarl|Modest||M|||50|]Basculegion||LifeOrb|Adaptability|WaveCrash,LastRespects,AquaJet,Protect|Adamant||M|||50|]Whimsicott||FocusSash|Prankster|Moonblast,Encore,Tailwind,Protect|Timid||F|||50|]Farigiraf||SitrusBerry|ArmorTail|Psychic,Thunderbolt,Roar,TrickRoom|Bold||M|||50|]Metagross||Metagrossite|ClearBody|PsychicFangs,IronHead,StompingTantrum,Protect|Jolly|||||50|
|showteam|p2|Whimsicott||FocusSash|Prankster|Moonblast,Tailwind,SunnyDay,Encore|Calm||M|||50|]Sylveon||Leftovers|Pixilate|HyperVoice,CalmMind,MysticalFire,Detect|Modest||M|||50|]Staraptor||Staraptite|Intimidate|CloseCombat,BraveBird,Roost,BlazeKick|Adamant||M|||50|]Maushold-Four||WideLens|Technician|PopulationBomb,FollowMe,Taunt,Charm|Jolly|||||50|]Gholdengo||LifeOrb|GoodasGold|NastyPlot,ShadowBall,Thunderbolt,MakeItRain|Timid|||||50|]Garchomp||SitrusBerry|RoughSkin|SwordsDance,StealthRock,DragonClaw,StompingTantrum|Impish||M|||50|
|
|t:|1782516896
|teamsize|p1|4
|teamsize|p2|4
|start
|switch|p1a: Metagross|Metagross, L50|100/100
|switch|p1b: Whimsicott|Whimsicott, L50, F|100/100
|switch|p2a: Whimsicott|Whimsicott, L50, M|100/100
|switch|p2b: Garchomp|Garchomp, L50, M|100/100
|turn|1
|
|t:|1782516924
|detailschange|p1a: Metagross|Metagross-Mega, L50
|-mega|p1a: Metagross|Metagross|Metagrossite
|move|p2a: Whimsicott|Tailwind|p2a: Whimsicott
|-sidestart|p2: giallone55|move: Tailwind
|move|p2b: Garchomp|Stomping Tantrum|p1a: Metagross
|-supereffective|p1a: Metagross|1
|-damage|p1a: Metagross|47/100
|move|p1b: Whimsicott|Moonblast|p2b: Garchomp
|-supereffective|p2b: Garchomp|1
|-damage|p2b: Garchomp|35/100
|-enditem|p2b: Garchomp|Sitrus Berry|[eat]
|-heal|p2b: Garchomp|60/100|[from] item: Sitrus Berry
|move|p1a: Metagross|Psychic Fangs|p2b: Garchomp
|-damage|p2b: Garchomp|14/100
|-damage|p1a: Metagross|35/100|[from] ability: Rough Skin|[of] p2b: Garchomp
|
|upkeep
|turn|2
|
|t:|1782516963
|move|p1a: Metagross|Protect|p1a: Metagross
|-singleturn|p1a: Metagross|Protect
|move|p2a: Whimsicott|Moonblast|p1b: Whimsicott
|-damage|p1b: Whimsicott|52/100
|move|p2b: Garchomp|Stealth Rock|p1a: Metagross
|-sidestart|p1: steelag0|move: Stealth Rock
|move|p1b: Whimsicott|Moonblast|p2b: Garchomp
|-supereffective|p2b: Garchomp|1
|-damage|p2b: Garchomp|0 fnt
|faint|p2b: Garchomp
|
|upkeep
|
|t:|1782516971
|switch|p2b: Staraptor|Staraptor, L50, M|100/100
|-ability|p2b: Staraptor|Intimidate|boost
|-unboost|p1a: Metagross|atk|1
|-unboost|p1b: Whimsicott|atk|1
|turn|3
|
|t:|1782516987
|detailschange|p2b: Staraptor|Staraptor-Mega, L50, M
|-mega|p2b: Staraptor|Staraptor|Staraptite
|move|p2a: Whimsicott|Encore|p1b: Whimsicott
|-start|p1b: Whimsicott|Encore
|move|p2b: Staraptor|Close Combat|p1a: Metagross
|-damage|p1a: Metagross|0 fnt
|-boost|p2b: Staraptor|def|1
|-boost|p2b: Staraptor|spd|1
|faint|p1a: Metagross
|move|p1b: Whimsicott|Moonblast|p2b: Staraptor
|-supereffective|p2b: Staraptor|1
|-damage|p2b: Staraptor|52/100
|
|upkeep
|
|t:|1782517004
|switch|p1a: Basculegion|Basculegion, L50, M|100/100
|-damage|p1a: Basculegion|87/100|[from] Stealth Rock
|turn|4
|
|t:|1782517021
|move|p2a: Whimsicott|Sunny Day|p2a: Whimsicott
|-weather|SunnyDay
|move|p2b: Staraptor|Roost|p2b: Staraptor
|-heal|p2b: Staraptor|100/100
|-singleturn|p2b: Staraptor|move: Roost
|move|p1b: Whimsicott|Moonblast|p2b: Staraptor
|-supereffective|p2b: Staraptor|1
|-damage|p2b: Staraptor|54/100
|move|p1a: Basculegion|Last Respects|p2b: Staraptor
|-damage|p2b: Staraptor|0 fnt
|faint|p2b: Staraptor
|-damage|p1a: Basculegion|78/100|[from] item: Life Orb
|
|-weather|SunnyDay|[upkeep]
|-sideend|p2: giallone55|move: Tailwind
|upkeep
|
|t:|1782517031
|switch|p2b: Maushold|Maushold-Four, L50|100/100
|turn|5
|
|t:|1782517049
|move|p1b: Whimsicott|Moonblast|p2a: Whimsicott
|-damage|p2a: Whimsicott|62/100
|move|p2b: Maushold|Charm|p1a: Basculegion
|-unboost|p1a: Basculegion|atk|2
|move|p2a: Whimsicott|Moonblast|p1a: Basculegion
|-damage|p1a: Basculegion|47/100
|move|p1a: Basculegion|Last Respects|p2a: Whimsicott
|-damage|p2a: Whimsicott|8/100
|-damage|p1a: Basculegion|38/100|[from] item: Life Orb
|
|-weather|SunnyDay|[upkeep]
|-end|p1b: Whimsicott|Encore
|upkeep
|turn|6
|
|t:|1782517067
|switch|p1a: Hydreigon|Hydreigon, L50, M|100/100
|-damage|p1a: Hydreigon|87/100|[from] Stealth Rock
|move|p2a: Whimsicott|Tailwind|p2a: Whimsicott
|-sidestart|p2: giallone55|move: Tailwind
|move|p2b: Maushold|Population Bomb|p1b: Whimsicott
|-damage|p1b: Whimsicott|36/100
|-damage|p1b: Whimsicott|20/100y
|-damage|p1b: Whimsicott|4/100
|-damage|p1b: Whimsicott|0 fnt
|faint|p1b: Whimsicott
|-hitcount|p1: Whimsicott|4
|
|-weather|SunnyDay|[upkeep]
|upkeep
|
|t:|1782517082
|switch|p1b: Basculegion|Basculegion, L50, M|38/100
|-damage|p1b: Basculegion|26/100|[from] Stealth Rock
|turn|7
|
|t:|1782517092
|move|p1b: Basculegion|Aqua Jet|p2a: Whimsicott
|-resisted|p2a: Whimsicott|1
|-damage|p2a: Whimsicott|0 fnt
|faint|p2a: Whimsicott
|-damage|p1b: Basculegion|16/100|[from] item: Life Orb
|move|p2b: Maushold|Charm|p1b: Basculegion
|-unboost|p1b: Basculegion|atk|2
|move|p1a: Hydreigon|Draco Meteor|p2b: Maushold
|-damage|p2b: Maushold|0 fnt
|-unboost|p1a: Hydreigon|spa|2
|faint|p2b: Maushold
|
|win|steelag0
|raw|steelag0's rating: 1209 → 1231(+22 for winning)
|raw|giallone55's rating: 1172 → 1150(-22 for losing)
|l|☆giallone55
|player|p2|
