|j|☆new mental
|j|☆zifisha
|html|new mentalzifisha    
|uhtml|bestof|Game 2 of a best-of-3
|t:|1783423988
|gametype|doubles
|player|p1|new mental|volkner|1348
|player|p2|zifisha|169|1328
|gen|9
|tier|[Gen 9 Champions] VGC 2026 Reg M-B (Bo3)
|rated|
|rule|Species Clause: Limit one of each Pokémon
|rule|Item Clause: Limit 1 of each item
|clearpoke
|poke|p1|Aerodactyl, L50, F|
|poke|p1|Garchomp, L50, M|
|poke|p1|Kingambit, L50, F|
|poke|p1|Charizard, L50, F|
|poke|p1|Sylveon, L50, F|
|poke|p1|Farigiraf, L50, M|
|poke|p2|Raichu, L50, F, shiny|
|poke|p2|Ninetales-Alola, L50, F|
|poke|p2|Kingambit, L50, M|
|poke|p2|Incineroar, L50, F, shiny|
|poke|p2|Gengar, L50, M, shiny|
|poke|p2|Primarina, L50, M|
|teampreview|4
|showteam|p1|Aerodactyl||Aerodactylite|Unnerve|IceFang,RockSlide,Tailwind,DualWingbeat|Jolly||F|||50|]Garchomp||LifeOrb|RoughSkin|DragonClaw,StompingTantrum,Earthquake,Protect|Jolly||M|||50|]Kingambit||FocusSash|Defiant|SuckerPunch,KowtowCleave,IronHead,LowKick|Adamant||F|||50|]Charizard||CharizarditeY|SolarPower|Protect,HeatWave,SolarBeam,WeatherBall|Timid||F|||50|]Sylveon||FairyFeather|Pixilate|Protect,HyperVoice,HyperBeam,QuickAttack|Modest||F|||50|]Farigiraf||SitrusBerry|ArmorTail|TrickRoom,Thunderbolt,Psychic,Roar|Bold||M|||50|
|showteam|p2|Raichu||RaichuniteY|LightningRod|FakeOut,ZapCannon,FocusBlast,Encore|Timid||F|||50|]Ninetales-Alola||FocusSash|SnowWarning|Blizzard,Encore,FreezeDry,Protect|Timid||F|||50|]Kingambit||LifeOrb|Defiant|SuckerPunch,KowtowCleave,SwordsDance,Protect|Adamant||M|||50|]Incineroar||PasshoBerry|Intimidate|FakeOut,FlareBlitz,PartingShot,Protect|Relaxed||F|||50|]Gengar||Gengarite|CursedBody|Disable,ShadowBall,PerishSong,Protect|Timid||M|||50|]Primarina||Leftovers|LiquidVoice|Protect,HyperVoice,DazzlingGleam,CalmMind|Modest||M|||50|
|inactive|Battle timer is ON: inactive players will automatically lose when time's up. (requested by new mental)
|
|t:|1783424013
|teamsize|p1|4
|teamsize|p2|4
|start
|switch|p1a: Kingambit|Kingambit, L50, F|100/100
|switch|p1b: Charizard|Charizard, L50, F|100/100
|switch|p2a: Raichu|Raichu, L50, F, shiny|100/100
|switch|p2b: Primarina|Primarina, L50, M|100/100
|turn|1
|
|t:|1783424033
|switch|p1b: Farigiraf|Farigiraf, L50, M|100/100
|detailschange|p2a: Raichu|Raichu-Mega-Y, L50, F, shiny
|-mega|p2a: Raichu|Raichu|Raichunite Y
|move|p1a: Kingambit|Sucker Punch|p2a: Raichu
|-damage|p2a: Raichu|39/100
|move|p2a: Raichu|Zap Cannon|p1b: Farigiraf
|-damage|p1b: Farigiraf|38/100
|-status|p1b: Farigiraf|par
|-enditem|p1b: Farigiraf|Sitrus Berry|[eat]
|-heal|p1b: Farigiraf|63/100 par|[from] item: Sitrus Berry
|move|p2b: Primarina|Calm Mind|p2b: Primarina
|-boost|p2b: Primarina|spa|1
|-boost|p2b: Primarina|spd|1
|
|upkeep
|turn|2
|
|t:|1783424056
|move|p1a: Kingambit|Sucker Punch||[still]
|-fail|p1a: Kingambit
|move|p2a: Raichu|Encore|p1a: Kingambit
|-start|p1a: Kingambit|Encore
|move|p2b: Primarina|Calm Mind|p2b: Primarina
|-boost|p2b: Primarina|spa|1
|-boost|p2b: Primarina|spd|1
|move|p1b: Farigiraf|Roar|p2b: Primarina
|drag|p2b: Kingambit|Kingambit, L50, M|100/100
|
|upkeep
|turn|3
|inactive|zifisha has 30 seconds left.
|inactive|new mental has 30 seconds left.
|
|t:|1783424094
|switch|p2a: Primarina|Primarina, L50, M|100/100
|move|p1a: Kingambit|Sucker Punch||[still]
|-fail|p1a: Kingambit
|move|p2b: Kingambit|Swords Dance|p2b: Kingambit
|-boost|p2b: Kingambit|atk|2
|move|p1b: Farigiraf|Roar|p2b: Kingambit
|drag|p2b: Incineroar|Incineroar, L50, F, shiny|100/100
|-ability|p2b: Incineroar|Intimidate|boost
|-unboost|p1a: Kingambit|atk|1
|-ability|p1a: Kingambit|Defiant|boost
|-boost|p1a: Kingambit|atk|2
|-unboost|p1b: Farigiraf|atk|1
|
|upkeep
|turn|4
|
|t:|1783424115
|move|p1a: Kingambit|Sucker Punch|p2b: Incineroar
|-resisted|p2b: Incineroar|1
|-damage|p2b: Incineroar|78/100
|move|p2a: Primarina|Hyper Voice|p1a: Kingambit|[spread] p1a,p1b
|-damage|p1a: Kingambit|57/100
|-damage|p1b: Farigiraf|33/100 par
|move|p2b: Incineroar|Flare Blitz|p1a: Kingambit
|-supereffective|p1a: Kingambit|1
|-damage|p1a: Kingambit|0 fnt
|faint|p1a: Kingambit
|-damage|p2b: Incineroar|61/100|[from] Recoil
|move|p1b: Farigiraf|Thunderbolt|p2a: Primarina
|-supereffective|p2a: Primarina|1
|-damage|p2a: Primarina|53/100
|
|-heal|p2a: Primarina|60/100|[from] item: Leftovers
|upkeep
|
|t:|1783424127
|switch|p1a: Sylveon|Sylveon, L50, F|100/100
|turn|5
|inactive|zifisha has 30 seconds left.
|inactive|zifisha has 20 seconds left.
|inactive|zifisha has 15 seconds left.
|inactive|zifisha has 10 seconds left.
|
|t:|1783424175
|move|p2a: Primarina|Calm Mind|p2a: Primarina
|-boost|p2a: Primarina|spa|1
|-boost|p2a: Primarina|spd|1
|move|p1a: Sylveon|Hyper Voice|p2a: Primarina|[spread] p2a,p2b
|-damage|p2a: Primarina|29/100
|-damage|p2b: Incineroar|16/100
|move|p2b: Incineroar|Flare Blitz|p1b: Farigiraf
|-damage|p1b: Farigiraf|0 fnt
|faint|p1b: Farigiraf
|-damage|p2b: Incineroar|4/100|[from] Recoil
|
|-heal|p2a: Primarina|35/100|[from] item: Leftovers
|upkeep
|
|t:|1783424191
|switch|p1b: Charizard|Charizard, L50, F|100/100
|turn|6
|inactive|new mental has 30 seconds left.
|inactive|new mental has 20 seconds left.
|
|t:|1783424227
|detailschange|p1b: Charizard|Charizard-Mega-Y, L50, F
|-mega|p1b: Charizard|Charizard|Charizardite Y
|-weather|SunnyDay|[from] ability: Drought|[of] p1b: Charizard
|move|p2a: Primarina|Protect|p2a: Primarina
|-singleturn|p2a: Primarina|Protect
|move|p1b: Charizard|Solar Beam||[still]
|-prepare|p1b: Charizard|Solar Beam
|-anim|p1b: Charizard|Solar Beam|p2a: Primarina
|-activate|p2a: Primarina|move: Protect
|move|p1a: Sylveon|Hyper Voice|p2a: Primarina|[spread] p2b
|-activate|p2a: Primarina|move: Protect
|-crit|p2b: Incineroar
|-damage|p2b: Incineroar|0 fnt
|faint|p2b: Incineroar
|
|-weather|SunnyDay|[upkeep]
|-heal|p2a: Primarina|41/100|[from] item: Leftovers
|upkeep
|
|t:|1783424240
|switch|p2b: Raichu|Raichu-Mega-Y, L50, F, shiny|39/100
|turn|7
|inactive|zifisha has 30 seconds left.
|
|t:|1783424266
|move|p1b: Charizard|Protect|p1b: Charizard
|-singleturn|p1b: Charizard|Protect
|move|p2b: Raichu|Zap Cannon|p1a: Sylveon
|-damage|p1a: Sylveon|52/100
|-status|p1a: Sylveon|par
|move|p2a: Primarina|Dazzling Gleam|p1a: Sylveon|[spread] p1a
|-activate|p1b: Charizard|move: Protect
|-damage|p1a: Sylveon|18/100 par
|move|p1a: Sylveon|Hyper Voice|p2b: Raichu|[spread] p2a,p2b
|-crit|p2b: Raichu
|-damage|p2a: Primarina|10/100
|-damage|p2b: Raichu|0 fnt
|faint|p2b: Raichu
|
|-weather|SunnyDay|[upkeep]
|-heal|p2a: Primarina|16/100|[from] item: Leftovers
|upkeep
|
|t:|1783424279
|switch|p2b: Kingambit|Kingambit, L50, M|100/100
|turn|8
|
|t:|1783424297
|move|p2a: Primarina|Protect|p2a: Primarina
|-singleturn|p2a: Primarina|Protect
|move|p2b: Kingambit|Protect|p2b: Kingambit
|-singleturn|p2b: Kingambit|Protect
|move|p1a: Sylveon|Quick Attack|p2a: Primarina
|-activate|p2a: Primarina|move: Protect
|move|p1b: Charizard|Heat Wave|p2b: Kingambit|[spread] 
|-activate|p2a: Primarina|move: Protect
|-activate|p2b: Kingambit|move: Protect
|
|-weather|SunnyDay|[upkeep]
|-heal|p2a: Primarina|22/100|[from] item: Leftovers
|upkeep
|turn|9
|inactive|zifisha has 30 seconds left.
|
|t:|1783424327
|move|p2b: Kingambit|Sucker Punch|p1b: Charizard
|-damage|p1b: Charizard|44/100
|-damage|p2b: Kingambit|90/100|[from] item: Life Orb
|move|p1a: Sylveon|Quick Attack|p2a: Primarina
|-damage|p2a: Primarina|7/100
|move|p1b: Charizard|Heat Wave|p2a: Primarina|[spread] p2a,p2b
|-resisted|p2a: Primarina|1
|-supereffective|p2b: Kingambit|1
|-damage|p2a: Primarina|0 fnt
|-damage|p2b: Kingambit|0 fnt
|faint|p2a: Primarina
|faint|p2b: Kingambit
|
|win|new mental
|raw|new mental's rating: 1348 → 1367(+19 for winning)
|raw|zifisha's rating: 1328 → 1309(-19 for losing)
|l|☆zifisha
|player|p2|
