|j|☆Karlye
|j|☆JefeHilariov_
|html|KarlyeJefeHilariov_    
|uhtml|bestof|Game 3 of a best-of-3
|t:|1757696932
|gametype|doubles
|player|p1|Karlye|blue|1142
|player|p2|JefeHilariov_|266|1134
|gen|9
|tier|[Gen 9] VGC 2025 Reg H (Bo3)
|rated|
|rule|Species Clause: Limit one of each Pokémon
|rule|Item Clause: Limit 1 of each item
|clearpoke
|poke|p1|Dragonite, L50, M|
|poke|p1|Ursaluna-Bloodmoon, L50, M|
|poke|p1|Gholdengo, L50|
|poke|p1|Maushold-Four, L50|
|poke|p1|Annihilape, L50, F|
|poke|p1|Rillaboom, L50, F|
|poke|p2|Archaludon, L50, F|
|poke|p2|Gholdengo, L50|
|poke|p2|Pelipper, L50, M|
|poke|p2|Flamigo, L50, F|
|poke|p2|Farigiraf, L50, F|
|poke|p2|Dragapult, L50, F|
|teampreview|4
|showteam|p1|Dragonite||LoadedDice|Multiscale|ScaleShot,Tailwind,Haze,Protect|||M|||50|,,,,,Fairy]Ursaluna-Bloodmoon||AssaultVest|MindsEye|BloodMoon,EarthPower,HyperVoice,VacuumWave|||M|||50|,,,,,Water]Gholdengo||LifeOrb|GoodasGold|MakeItRain,ShadowBall,NastyPlot,Protect||||||50|,,,,,Dragon]Maushold-Four||FocusSash|FriendGuard|Taunt,FollowMe,BeatUp,Protect||||||50|,,,,,Ghost]Annihilape||SitrusBerry|Defiant|RageFist,DrainPunch,BulkUp,Protect|||F|||50|,,,,,Fire]Rillaboom||MiracleSeed|GrassySurge|WoodHammer,GrassyGlide,HighHorsepower,FakeOut|||F|||50|,,,,,Fire
|showteam|p2|Archaludon||AssaultVest|Stamina|BodyPress,FlashCannon,ElectroShot,DracoMeteor|||F|||50|,,,,,Grass]Gholdengo||LifeOrb|GoodasGold|MakeItRain,ShadowBall,NastyPlot,Protect||||||50|,,,,,Water]Pelipper||DampRock|Drizzle|WeatherBall,Hurricane,WideGuard,Protect|||M|||50|,,,,,Stellar]Flamigo||FocusSash|Scrappy|CloseCombat,BraveBird,Tailwind,Detect|||F|||50|,,,,,Stellar]Farigiraf||SitrusBerry|ArmorTail|Psychic,FoulPlay,HelpingHand,TrickRoom|||F|||50|,,,,,Fairy]Dragapult||ChoiceBand|ClearBody|BreakingSwipe,DragonDarts,PhantomForce,Uturn|||F|||50|,,,,,Dragon
|inactive|Battle timer is ON: inactive players will automatically lose when time's up. (requested by Karlye)
|
|t:|1757696957
|teamsize|p1|4
|teamsize|p2|4
|start
|switch|p1a: Maushold|Maushold-Four, L50|100/100
|switch|p1b: Annihilape|Annihilape, L50, F|100/100
|switch|p2a: Dragapult|Dragapult, L50, F|100/100
|switch|p2b: Flamigo|Flamigo, L50, F, shiny|100/100
|turn|1
|inactive|Karlye has 30 seconds left.
|
|t:|1757696985
|-terastallize|p1b: Annihilape|Fire
|move|p2a: Dragapult|Dragon Darts|p1a: Maushold
|-damage|p1a: Maushold|49/100
|-anim|p2a: Dragapult|Dragon Darts|p1b: Annihilape
|-damage|p1b: Annihilape|69/100
|move|p1a: Maushold|Beat Up|p1b: Annihilape
|-damage|p1b: Annihilape|67/100
|-damage|p1b: Annihilape|65/100
|-damage|p1b: Annihilape|63/100
|-damage|p1b: Annihilape|61/100
|-hitcount|p1b: Annihilape|4
|move|p1b: Annihilape|Rage Fist|p2a: Dragapult
|-supereffective|p2a: Dragapult
|-damage|p2a: Dragapult|0 fnt
|faint|p2a: Dragapult
|move|p2b: Flamigo|Tailwind|p2b: Flamigo
|-sidestart|p2: JefeHilariov_|move: Tailwind
|
|upkeep
|
|t:|1757697005
|switch|p2a: Pelipper|Pelipper, L50, M, shiny|100/100
|-weather|RainDance|[from] ability: Drizzle|[of] p2a: Pelipper
|turn|2
|inactive|Karlye has 30 seconds left.
|
|t:|1757697037
|switch|p1a: Gholdengo|Gholdengo, L50|100/100
|move|p1b: Annihilape|Protect|p1b: Annihilape
|-singleturn|p1b: Annihilape|Protect
|move|p2b: Flamigo|Close Combat|p1a: Gholdengo
|-supereffective|p1a: Gholdengo
|-damage|p1a: Gholdengo|0 fnt
|-unboost|p2b: Flamigo|def|1
|-unboost|p2b: Flamigo|spd|1
|faint|p1a: Gholdengo
|move|p2a: Pelipper|Weather Ball|p1b: Annihilape
|-activate|p1b: Annihilape|move: Protect
|
|-weather|RainDance|[upkeep]
|upkeep
|
|t:|1757697056
|switch|p1a: Dragonite|Dragonite, L50, M|100/100
|turn|3
|inactive|Karlye has 30 seconds left.
|inactive|JefeHilariov_ has 30 seconds left.
|
|t:|1757697085
|switch|p1b: Maushold|Maushold-Four, L50|49/100
|move|p2b: Flamigo|Close Combat|p1a: Dragonite
|-resisted|p1a: Dragonite
|-damage|p1a: Dragonite|89/100
|-unboost|p2b: Flamigo|def|1
|-unboost|p2b: Flamigo|spd|1
|move|p2a: Pelipper|Weather Ball|p1b: Maushold
|-damage|p1b: Maushold|0 fnt
|faint|p1b: Maushold
|move|p1a: Dragonite|Tailwind|p1a: Dragonite
|-sidestart|p1: Karlye|move: Tailwind
|
|-weather|RainDance|[upkeep]
|upkeep
|
|t:|1757697094
|switch|p1b: Annihilape|Annihilape, L50, F, tera:Fire|61/100
|turn|4
|
|t:|1757697114
|move|p2b: Flamigo|Close Combat|p1b: Annihilape
|-damage|p1b: Annihilape|1/100
|-unboost|p2b: Flamigo|def|1
|-unboost|p2b: Flamigo|spd|1
|-enditem|p1b: Annihilape|Sitrus Berry|[eat]
|-heal|p1b: Annihilape|26/100|[from] item: Sitrus Berry
|move|p1b: Annihilape|Rage Fist|p2a: Pelipper
|-crit|p2a: Pelipper
|-damage|p2a: Pelipper|0 fnt
|faint|p2a: Pelipper
|move|p1a: Dragonite|Scale Shot|p2b: Flamigo
|-damage|p2b: Flamigo|50/100
|-damage|p2b: Flamigo|0 fnt
|faint|p2b: Flamigo
|-hitcount|p2: Flamigo|2
|-unboost|p1a: Dragonite|def|1
|-boost|p1a: Dragonite|spe|1
|
|-weather|RainDance|[upkeep]
|-sideend|p2: JefeHilariov_|move: Tailwind
|upkeep
|
|t:|1757697133
|switch|p2b: Farigiraf|Farigiraf, L50, F|100/100
|turn|5
|inactive|Karlye has 30 seconds left.
|
|t:|1757697169
|-terastallize|p2b: Farigiraf|Fairy
|move|p1a: Dragonite|Scale Shot|p2b: Farigiraf
|-immune|p2b: Farigiraf
|move|p1b: Annihilape|Rage Fist|p2b: Farigiraf
|-damage|p2b: Farigiraf|0 fnt
|faint|p2b: Farigiraf
|
|win|Karlye
|raw|Karlye's rating: 1142 → 1166(+24 for winning)
|raw|JefeHilariov_'s rating: 1134 → 1110(-24 for losing)
