|j|☆Tractie
|j|☆iceman was taken
|html|Tractieiceman was taken    
|uhtml|bestof|Game 2 of a best-of-3
|t:|1756915182
|gametype|doubles
|player|p1|Tractie|265|
|player|p2|iceman was taken|169|
|gen|9
|tier|[Gen 9] VGC 2025 Reg H (Bo3)
|rule|Species Clause: Limit one of each Pokémon
|rule|Item Clause: Limit 1 of each item
|clearpoke
|poke|p1|Pikachu, L50, F|
|poke|p1|Hoppip, L50, F|
|poke|p1|Vulpix, L50, F|
|poke|p1|Drifloon, L50, F|
|poke|p1|Drilbur, L50, F|
|poke|p1|Litten, L50, M|
|poke|p2|Munchlax, L50, F|
|poke|p2|Mudbray, L50, M|
|poke|p2|Sneasel, L50, M|
|poke|p2|Litwick, L50, F|
|poke|p2|Grookey, L50, F|
|poke|p2|Cutiefly, L50, M|
|teampreview|4
|showteam|p1|Pikachu||Eviolite|Static|Nuzzle,KnockOff,Electroweb,Protect|||F|||50|,,,,,Water]Hoppip||RockyHelmet|Chlorophyll|Tailwind,StrengthSap,SleepPowder,RagePowder|||F|||50|,,,,,Water]Vulpix||LifeOrb|Drought|WeatherBall,HeatWave,Overheat,Protect|||F|||50|,,,,,Fire]Drifloon||ChoiceScarf|Aftermath|IcyWind,DestinyBond,Trick,Disable|||F|||50|,,,,,Fairy]Drilbur||ChoiceBand|MoldBreaker|Earthquake,TeraBlast,RockSlide,HighHorsepower|||F|||50|,,,,,Fire]Litten||FocusSash|Intimidate|FakeOut,FlareBlitz,DoubleKick,Endeavor|||M|||50|,,,,,Fighting
|showteam|p2|Munchlax||Eviolite|ThickFat|DoubleEdge,Facade,Crunch,SleepTalk|||F|||50|,,,,,Dragon]Mudbray||ChoiceScarf|InnerFocus|HighHorsepower,RockSlide,SleepTalk|||M|||50|,,,,,Dragon]Sneasel||FocusSash|InnerFocus|TripleAxel,KnockOff,IcyWind,Protect|||M|||50|,,,,,Ground]Litwick||LifeOrb|FlashFire|HeatWave,ShadowBall,EnergyBall,TrickRoom|||F|||50|,,,,,Grass]Grookey||AssaultVest|GrassySurge|FakeOut,GrassyGlide,WoodHammer,KnockOff|||F|||50|,,,,,Dragon]Cutiefly||LightClay|SweetVeil|PollenPuff,LightScreen,Reflect,Tailwind|||M|||50|,,,,,Dragon
|inactive|Battle timer is ON: inactive players will automatically lose when time's up. (requested by Tractie)
|inactive|Tractie has 60 seconds left.
|
|t:|1756915220
|teamsize|p1|4
|teamsize|p2|4
|start
|switch|p1a: Drilbur|Drilbur, L50, F|100/100
|switch|p1b: Drifloon|Drifloon, L50, F|100/100
|switch|p2a: Sneasel|Sneasel, L50, M|100/100
|switch|p2b: Litwick|Litwick, L50, F|100/100
|-ability|p1a: Drilbur|Mold Breaker
|turn|1
|inactive|Tractie has 30 seconds left.
|inactive|iceman was taken has 30 seconds left.
|inactive|Tractie has 20 seconds left.
|inactive|iceman was taken has 20 seconds left.
|inactive|iceman was taken has 15 seconds left.
|inactiveoff|Battle timer is now OFF.
|
|t:|1756915265
|-terastallize|p2b: Litwick|Grass
|move|p2a: Sneasel|Knock Off|p1b: Drifloon
|-supereffective|p1b: Drifloon
|-damage|p1b: Drifloon|0 fnt
|-damage|p2a: Sneasel|76/100|[from] ability: Aftermath|[of] p1b: Drifloon
|-enditem|p1b: Drifloon|Choice Scarf|[from] move: Knock Off|[of] p2a: Sneasel
|faint|p1b: Drifloon
|move|p1a: Drilbur|Earthquake|p2a: Sneasel|[spread] p2a,p2b
|-resisted|p2b: Litwick
|-damage|p2a: Sneasel|0 fnt
|-damage|p2b: Litwick|53/100
|faint|p2a: Sneasel
|move|p2b: Litwick|Trick Room|p2b: Litwick
|-fieldstart|move: Trick Room|[of] p2b: Litwick
|
|upkeep
|
|t:|1756915278
|switch|p1b: Litten|Litten, L50, M|100/100
|switch|p2a: Munchlax|Munchlax, L50, F|100/100
|-ability|p1b: Litten|Intimidate|boost
|-unboost|p2a: Munchlax|atk|1
|-unboost|p2b: Litwick|atk|1
|turn|2
|
|t:|1756915354
|switch|p2a: Mudbray|Mudbray, L50, M|100/100
|move|p1b: Litten|Fake Out|p2a: Mudbray
|-damage|p2a: Mudbray|85/100
|move|p2b: Litwick|Energy Ball|p1a: Drilbur
|-supereffective|p1a: Drilbur
|-crit|p1a: Drilbur
|-damage|p1a: Drilbur|0 fnt
|faint|p1a: Drilbur
|-damage|p2b: Litwick|44/100|[from] item: Life Orb
|
|upkeep
|
|t:|1756915365
|switch|p1a: Pikachu|Pikachu, L50, F|100/100
|turn|3
|
|t:|1756915394
|move|p2b: Litwick|Heat Wave|p1a: Pikachu|[spread] p1a,p1b
|-resisted|p1b: Litten
|-damage|p1a: Pikachu|45/100
|-damage|p1b: Litten|50/100
|-damage|p2b: Litwick|34/100|[from] item: Life Orb
|move|p1b: Litten|Flare Blitz|p2a: Mudbray
|-damage|p2a: Mudbray|15/100
|-status|p2a: Mudbray|brn
|-damage|p1b: Litten|21/100|[from] Recoil
|move|p1a: Pikachu|Knock Off|p2b: Litwick
|-damage|p2b: Litwick|9/100
|-enditem|p2b: Litwick|Life Orb|[from] move: Knock Off|[of] p1a: Pikachu
|move|p2a: Mudbray|High Horsepower|p1b: Litten
|-supereffective|p1b: Litten
|-damage|p1b: Litten|0 fnt
|faint|p1b: Litten
|
|-damage|p2a: Mudbray|9/100 brn|[from] brn
|upkeep
|turn|4
|
|t:|1756915414
|move|p1a: Pikachu|Protect|p1a: Pikachu
|-singleturn|p1a: Pikachu|Protect
|move|p2b: Litwick|Energy Ball|p1a: Pikachu
|-activate|p1a: Pikachu|move: Protect
|move|p2a: Mudbray|High Horsepower|p1a: Pikachu
|-activate|p1a: Pikachu|move: Protect
|
|-damage|p2a: Mudbray|3/100 brn|[from] brn
|upkeep
|turn|5
|
|t:|1756915431
|move|p1a: Pikachu|Protect|p1a: Pikachu
|-singleturn|p1a: Pikachu|Protect
|move|p2b: Litwick|Energy Ball|p1a: Pikachu
|-activate|p1a: Pikachu|move: Protect
|move|p2a: Mudbray|High Horsepower|p1a: Pikachu
|-activate|p1a: Pikachu|move: Protect
|
|-damage|p2a: Mudbray|0 fnt|[from] brn
|faint|p2a: Mudbray
|-fieldend|move: Trick Room
|upkeep
|
|t:|1756915436
|switch|p2a: Munchlax|Munchlax, L50, F|100/100
|turn|6
|
|t:|1756915451
|move|p1a: Pikachu|Electroweb|p2a: Munchlax|[spread] p2a,p2b
|-resisted|p2b: Litwick
|-damage|p2a: Munchlax|96/100
|-damage|p2b: Litwick|4/100
|-unboost|p2a: Munchlax|spe|1
|-unboost|p2b: Litwick|spe|1
|move|p2b: Litwick|Energy Ball|p1a: Pikachu
|-crit|p1a: Pikachu
|-damage|p1a: Pikachu|0 fnt
|faint|p1a: Pikachu
|
|win|iceman was taken
