|j|☆ToastedArt
|j|☆Gib01
|html|ToastedArtGib01    
|uhtml|bestof|Game 1 of a best-of-3
|t:|1785204592
|gametype|doubles
|player|p1|ToastedArt|iris|1095
|player|p2|Gib01|lucas|1101
|gen|9
|tier|[Gen 9 Champions] VGC 2026 Reg M-B (Bo3)
|rated|
|rule|Species Clause: Limit one of each Pokémon
|rule|Item Clause: Limit 1 of each item
|clearpoke
|poke|p1|Vanilluxe, L50, M, shiny|
|poke|p1|Sneasler, L50, M|
|poke|p1|Sinistcha, L50, shiny|
|poke|p1|Raichu, L50, M|
|poke|p1|Incineroar, L50, M|
|poke|p1|Azumarill, L50, M|
|poke|p2|Sceptile, L50, M, shiny|
|poke|p2|Rotom-Heat, L50, shiny|
|poke|p2|Aerodactyl, L50, M, shiny|
|poke|p2|Garchomp, L50, M, shiny|
|poke|p2|Sylveon, L50, M, shiny|
|poke|p2|Basculegion, L50, M, shiny|
|teampreview|4
|showteam|p1|Vanilluxe||ChoiceScarf|SnowWarning|Blizzard,FreezeDry,IcyWind,SheerCold|Timid||M|||50|]Sneasler||FocusSash|PoisonTouch|PoisonJab,CloseCombat,FakeOut,Taunt|Adamant||M|||50|]Sinistcha||ColburBerry|Hospitality|MatchaGotcha,RagePowder,TrickRoom,Protect|Bold|||||50|]Raichu||RaichuniteY|LightningRod|ZapCannon,FocusBlast,Substitute,Protect|Timid||M|||50|]Incineroar||Charcoal|Intimidate|FlareBlitz,ThroatChop,FakeOut,PartingShot|Adamant||M|||50|]Azumarill||SitrusBerry|HugePower|PlayRough,AquaJet,BellyDrum,Protect|Adamant||M|||50|
|showteam|p2|Sceptile||Sceptilite|Overgrow|LeafStorm,DragonPulse,EarthPower,Protect|Timid||M|||50|]Rotom-Heat||ChoiceScarf|Levitate|Discharge,Overheat,VoltSwitch,Trick|Timid|||||50|]Aerodactyl||FocusSash|Unnerve|RockSlide,DualWingbeat,Tailwind,WideGuard|Jolly||M|||50|]Garchomp||LifeOrb|RoughSkin|Earthquake,DragonClaw,SwordsDance,Protect|Jolly||M|||50|]Sylveon||SilkScarf|Pixilate|HyperVoice,QuickAttack,Yawn,Protect|Timid||M|||50|]Basculegion||Leftovers|Adaptability|WaveCrash,LastRespects,AquaJet,Protect|Jolly||M|||50|
|inactive|Battle timer is ON: inactive players will automatically lose when time's up. (requested by ToastedArt)
|c|☆Gib01|gl
|inactive|Gib01 has 60 seconds left.
|
|t:|1785204645
|teamsize|p1|4
|teamsize|p2|4
|start
|switch|p1a: Ol' Betsy|Raichu, L50, M|100/100
|switch|p1b: Vanilluxe|Vanilluxe, L50, M, shiny|100/100
|switch|p2a: raptor|Sceptile, L50, M, shiny|100/100
|switch|p2b: microwave|Rotom-Heat, L50, shiny|100/100
|-weather|Snowscape|[from] ability: Snow Warning|[of] p1b: Vanilluxe
|turn|1
|c|☆Gib01|mb
|
|t:|1785204666
|detailschange|p2a: raptor|Sceptile-Mega, L50, M, shiny
|-mega|p2a: raptor|Sceptile|Sceptilite
|move|p2a: raptor|Protect|p2a: raptor
|-singleturn|p2a: raptor|Protect
|move|p2b: microwave|Trick||[still]
|-fail|p2b: microwave
|move|p1b: Vanilluxe|Blizzard|p2a: raptor|[spread] p2b
|-activate|p2a: raptor|move: Protect
|-resisted|p2b: microwave|1
|-damage|p2b: microwave|74/100
|move|p1a: Ol' Betsy|Substitute|p1a: Ol' Betsy
|-start|p1a: Ol' Betsy|Substitute
|-damage|p1a: Ol' Betsy|75/100
|
|-weather|Snowscape|[upkeep]
|upkeep
|turn|2
|inactive|Gib01 has 30 seconds left.
|
|t:|1785204694
|switch|p2b: tsunami|Basculegion, L50, M, shiny|100/100
|switch|p2a: ribbon|Sylveon, L50, M, shiny|100/100
|detailschange|p1a: Ol' Betsy|Raichu-Mega-Y, L50, M
|-mega|p1a: Ol' Betsy|Raichu|Raichunite Y
|move|p1b: Vanilluxe|Blizzard|p2a: ribbon|[spread] p2a,p2b
|-resisted|p2b: tsunami|1
|-damage|p2a: ribbon|68/100
|-damage|p2b: tsunami|78/100
|move|p1a: Ol' Betsy|Focus Blast|p2a: ribbon
|-resisted|p2a: ribbon|1
|-damage|p2a: ribbon|51/100
|
|-weather|Snowscape|[upkeep]
|-heal|p2b: tsunami|84/100|[from] item: Leftovers
|upkeep
|turn|3
|inactive|Gib01 has 30 seconds left.
|
|t:|1785204719
|move|p2b: tsunami|Aqua Jet|p1a: Ol' Betsy
|-end|p1a: Ol' Betsy|Substitute
|move|p1b: Vanilluxe|Blizzard|p2b: tsunami|[spread] p2a,p2b
|-resisted|p2b: tsunami|1
|-damage|p2a: ribbon|19/100
|-damage|p2b: tsunami|64/100
|move|p1a: Ol' Betsy|Zap Cannon|p2b: tsunami
|-supereffective|p2b: tsunami|1
|-damage|p2b: tsunami|0 fnt
|faint|p2b: tsunami
|move|p2a: ribbon|Yawn|p1b: Vanilluxe
|-start|p1b: Vanilluxe|move: Yawn|[of] p2a: ribbon
|
|-weather|Snowscape|[upkeep]
|upkeep
|
|t:|1785204733
|switch|p2b: raptor|Sceptile-Mega, L50, M, shiny|100/100
|turn|4
|
|t:|1785204743
|switch|p1b: Pickle Cup|Sinistcha, L50, shiny|100/100
|-heal|p1a: Ol' Betsy|100/100|[from] ability: Hospitality|[of] p1b: Pickle Cup
|move|p2b: raptor|Earth Power|p1a: Ol' Betsy
|-supereffective|p1a: Ol' Betsy|1
|-damage|p1a: Ol' Betsy|18/100
|move|p1a: Ol' Betsy|Substitute|p1a: Ol' Betsy
|-fail|p1a: Ol' Betsy|move: Substitute|[weak]
|move|p2a: ribbon|Hyper Voice|p1a: Ol' Betsy|[spread] p1a,p1b
|-damage|p1a: Ol' Betsy|0 fnt
|-damage|p1b: Pickle Cup|64/100
|faint|p1a: Ol' Betsy
|
|-weather|Snowscape|[upkeep]
|upkeep
|
|t:|1785204753
|switch|p1a: Vanilluxe|Vanilluxe, L50, M, shiny|100/100
|turn|5
|
|t:|1785204760
|move|p2b: raptor|Protect|p2b: raptor
|-singleturn|p2b: raptor|Protect
|move|p1b: Pickle Cup|Rage Powder|p1b: Pickle Cup
|-singleturn|p1b: Pickle Cup|move: Rage Powder
|move|p1a: Vanilluxe|Blizzard|p2a: ribbon|[spread] p2a
|-activate|p2b: raptor|move: Protect
|-damage|p2a: ribbon|0 fnt
|faint|p2a: ribbon
|
|-weather|none
|upkeep
|
|t:|1785204770
|switch|p2a: microwave|Rotom-Heat, L50, shiny|74/100
|turn|6
|
|t:|1785204792
|move|p1b: Pickle Cup|Rage Powder|p1b: Pickle Cup
|-singleturn|p1b: Pickle Cup|move: Rage Powder
|move|p2a: microwave|Discharge|p1b: Pickle Cup|[spread] p1a,p1b
|-ability|p2b: raptor|Lightning Rod|boost
|-boost|p2b: raptor|spa|1
|-resisted|p1b: Pickle Cup|1
|-damage|p1a: Vanilluxe|64/100
|-damage|p1b: Pickle Cup|50/100g
|-status|p1a: Vanilluxe|par
|move|p2b: raptor|Leaf Storm|p1a: Vanilluxe
|-damage|p1a: Vanilluxe|0 fnt
|-unboost|p2b: raptor|spa|2
|faint|p1a: Vanilluxe
|
|upkeep
|
|t:|1785204802
|switch|p1a: Sneasler|Sneasler, L50, M|100/100
|turn|7
|
|t:|1785204818
|move|p2a: microwave|Discharge|p1b: Pickle Cup|[spread] p1a,p1b
|-ability|p2b: raptor|Lightning Rod|boost
|-boost|p2b: raptor|spa|1
|-resisted|p1b: Pickle Cup|1
|-damage|p1a: Sneasler|65/100
|-damage|p1b: Pickle Cup|38/100
|-status|p1a: Sneasler|par
|move|p2b: raptor|Earth Power|p1a: Sneasler
|-supereffective|p1a: Sneasler|1
|-damage|p1a: Sneasler|0 fnt
|faint|p1a: Sneasler
|move|p1b: Pickle Cup|Matcha Gotcha|p2b: raptor|[spread] p2a,p2b
|-resisted|p2a: microwave|1
|-resisted|p2b: raptor|2
|-damage|p2a: microwave|59/100
|-heal|p1b: Pickle Cup|44/100|[from] drain|[of] p2a: microwave
|-damage|p2b: raptor|91/100
|-heal|p1b: Pickle Cup|48/100|[from] drain|[of] p2b: raptor
|
|upkeep
|turn|8
|-message|ToastedArt forfeited.
|
|win|Gib01
