|j|☆DrLuca935
|j|☆karissel
|html|DrLuca935karissel    
|uhtml|bestof|Game 3 of a best-of-3
|t:|1785731485
|gametype|doubles
|player|p1|DrLuca935|hilbert|1288
|player|p2|karissel|burgh-masters|1299
|gen|9
|tier|[Gen 9 Champions] VGC 2026 Reg M-B (Bo3)
|rated|
|rule|Species Clause: Limit one of each Pokémon
|rule|Item Clause: Limit 1 of each item
|clearpoke
|poke|p1|Garchomp, L50, M|
|poke|p1|Tyranitar, L50, F|
|poke|p1|Corviknight, L50, F|
|poke|p1|Milotic, L50, F|
|poke|p1|Sinistcha, L50|
|poke|p1|Ceruledge, L50, F|
|poke|p2|Arcanine-Hisui, L50, F|
|poke|p2|Staraptor, L50, F|
|poke|p2|Farigiraf, L50, M|
|poke|p2|Sylveon, L50, F|
|poke|p2|Kingambit, L50, M|
|poke|p2|Raichu, L50, F|
|teampreview|4
|showteam|p1|Garchomp||Garchompite|RoughSkin|EarthPower,DracoMeteor,PowerGem,Protect|Modest||M|||50|]Tyranitar||ChoiceScarf|SandStream|KnockOff,RockSlide,IcePunch,LowKick|Jolly||F|||50|]Corviknight||LifeOrb|MirrorArmor|BraveBird,IronHead,Tailwind,Protect|Jolly||F|||50|]Milotic||SitrusBerry|Competitive|Scald,IcyWind,Haze,Protect|Bold||F|||50|]Sinistcha||KasibBerry|Hospitality|MatchaGotcha,RagePowder,TrickRoom,Protect|Bold|||||50|]Ceruledge||ColburBerry|FlashFire|BitterBlade,ShadowSneak,BulkUp,Protect|Adamant||F|||50|
|showteam|p2|Arcanine-Hisui||FocusSash|RockHead|Protect,ExtremeSpeed,HeadSmash,FlareBlitz|Jolly||F|||50|]Staraptor||Staraptite|Intimidate|Tailwind,DualWingbeat,CloseCombat,Protect|Jolly||F|||50|]Farigiraf||SitrusBerry|ArmorTail|Protect,Psychic,TrickRoom,HelpingHand|Calm||M|||50|]Sylveon||FairyFeather|Pixilate|Protect,HyperVoice,HyperBeam,QuickAttack|Modest||F|||50|]Kingambit||LifeOrb|Defiant|SwordsDance,KowtowCleave,SuckerPunch,Protect|Adamant||M|||50|]Raichu||RaichuniteY|LightningRod|Protect,ZapCannon,FakeOut,FocusBlast|Hasty||F|||50|
|inactive|Battle timer is ON: inactive players will automatically lose when time's up. (requested by DrLuca935)
|inactive|karissel also wants the timer to be on.
|j| LOCALSIRMUM
|inactive|DrLuca935 has 60 seconds left.
|
|t:|1785731537
|teamsize|p1|4
|teamsize|p2|4
|start
|switch|p1a: Garchomp|Garchomp, L50, M|100/100
|switch|p1b: Corviknight|Corviknight, L50, F|100/100
|switch|p2a: Arcanine|Arcanine-Hisui, L50, F|100/100
|switch|p2b: Raichu|Raichu, L50, F|100/100
|turn|1
|
|t:|1785731553
|detailschange|p2b: Raichu|Raichu-Mega-Y, L50, F
|-mega|p2b: Raichu|Raichu|Raichunite Y
|move|p1a: Garchomp|Protect|p1a: Garchomp
|-singleturn|p1a: Garchomp|Protect
|move|p1b: Corviknight|Protect|p1b: Corviknight
|-singleturn|p1b: Corviknight|Protect
|move|p2b: Raichu|Fake Out|p1a: Garchomp
|-activate|p1a: Garchomp|move: Protect
|move|p2a: Arcanine|Flare Blitz|p1b: Corviknight
|-activate|p1b: Corviknight|move: Protect
|
|upkeep
|turn|2
|inactive|karissel has 30 seconds left.
|
|t:|1785731580
|switch|p1b: Ceruledge|Ceruledge, L50, F|100/100
|move|p2b: Raichu|Protect|p2b: Raichu
|-singleturn|p2b: Raichu|Protect
|move|p2a: Arcanine|Flare Blitz|p1b: Ceruledge
|-start|p1b: Ceruledge|ability: Flash Fire
|move|p1a: Garchomp|Earth Power|p2a: Arcanine
|-supereffective|p2a: Arcanine|2
|-enditem|p2a: Arcanine|Focus Sash
|-damage|p2a: Arcanine|1/100
|
|upkeep
|turn|3
|
|t:|1785731594
|switch|p2a: Sylveon|Sylveon, L50, F|100/100
|detailschange|p1a: Garchomp|Garchomp-Mega, L50, M
|-mega|p1a: Garchomp|Garchomp|Garchompite
|move|p1b: Ceruledge|Shadow Sneak|p2a: Sylveon
|-damage|p2a: Sylveon|76/100
|move|p2b: Raichu|Focus Blast|p1a: Garchomp
|-damage|p1a: Garchomp|56/100
|move|p1a: Garchomp|Earth Power|p2b: Raichu
|-supereffective|p2b: Raichu|1
|-damage|p2b: Raichu|0 fnt
|faint|p2b: Raichu
|
|upkeep
|inactive|karissel has 30 seconds left.
|
|t:|1785731629
|switch|p2b: Kingambit|Kingambit, L50, M|100/100
|turn|4
|
|t:|1785731650
|move|p2b: Kingambit|Protect|p2b: Kingambit
|-singleturn|p2b: Kingambit|Protect
|move|p1a: Garchomp|Earth Power|p2b: Kingambit
|-activate|p2b: Kingambit|move: Protect
|move|p1b: Ceruledge|Bitter Blade|p2a: Sylveon
|-damage|p2a: Sylveon|8/100
|move|p2a: Sylveon|Hyper Voice|p1a: Garchomp|[spread] p1a,p1b
|-supereffective|p1a: Garchomp|1
|-resisted|p1b: Ceruledge|1
|-damage|p1a: Garchomp|0 fnt
|-damage|p1b: Ceruledge|75/100
|faint|p1a: Garchomp
|
|upkeep
|
|t:|1785731658
|switch|p1a: Corviknight|Corviknight, L50, F|100/100
|turn|5
|
|t:|1785731676
|move|p2a: Sylveon|Quick Attack|p1b: Ceruledge
|-resisted|p1b: Ceruledge|1
|-damage|p1b: Ceruledge|68/100
|move|p2b: Kingambit|Sucker Punch|p1b: Ceruledge
|-supereffective|p1b: Ceruledge|1
|-enditem|p1b: Ceruledge|Colbur Berry|[eat]
|-enditem|p1b: Ceruledge|Colbur Berry|[weaken]
|-damage|p1b: Ceruledge|10/100
|-damage|p2b: Kingambit|90/100|[from] item: Life Orb
|move|p1a: Corviknight|Brave Bird|p2b: Kingambit
|-resisted|p2b: Kingambit|1
|-damage|p2b: Kingambit|68/100
|-damage|p1a: Corviknight|92/100|[from] Recoil
|-damage|p1a: Corviknight|82/100|[from] item: Life Orb
|move|p1b: Ceruledge|Bitter Blade|p2b: Kingambit
|-supereffective|p2b: Kingambit|1
|-damage|p2b: Kingambit|0 fnt
|-heal|p1b: Ceruledge|49/100|[from] drain|[of] p2b: Kingambit
|faint|p2b: Kingambit
|
|upkeep
|
|t:|1785731683
|switch|p2b: Arcanine|Arcanine-Hisui, L50, F|1/100
|turn|6
|-message|karissel forfeited.
|raw|DrLuca935's rating: 1288 → 1314(+26 for winning)
|raw|karissel's rating: 1299 → 1273(-26 for losing)
|
|win|DrLuca935
