|j|☆nomikidvgc
|j|☆Klefastra
|html|nomikidvgcKlefastra    
|uhtml|bestof|Game 1 of a best-of-3
|t:|1783013097
|gametype|doubles
|player|p1|nomikidvgc|265|
|player|p2|Klefastra|shauntal|
|gen|9
|tier|[Gen 9 Champions] VGC 2026 Reg M-B (Bo3)
|rule|Species Clause: Limit one of each Pokémon
|rule|Item Clause: Limit 1 of each item
|clearpoke
|poke|p1|Delphox, L50, M|
|poke|p1|Sneasler, L50, M|
|poke|p1|Floette-Eternal, L50, F|
|poke|p1|Incineroar, L50, F|
|poke|p1|Kingambit, L50, M|
|poke|p1|Sinistcha, L50|
|poke|p2|Staraptor, L50, M|
|poke|p2|Glimmora, L50, F|
|poke|p2|Whimsicott, L50, F|
|poke|p2|Sinistcha, L50|
|poke|p2|Ninetales-Alola, L50, F|
|poke|p2|Hydreigon, L50, F|
|teampreview|4
|showteam|p1|Delphox||Delphoxite|Blaze|Protect,Psyshock,HeatWave,NastyPlot|Timid||M|||50|]Sneasler||FocusSash|PoisonTouch|QuickGuard,CloseCombat,FakeOut,DireClaw|Jolly||M|||50|]Floette-Eternal||Floettite|FlowerVeil|Protect,DazzlingGleam,CalmMind,Moonblast|Timid||F|||50|]Incineroar||SitrusBerry|Intimidate|ThroatChop,FlareBlitz,PartingShot,FakeOut|Impish||F|||50|]Kingambit||BlackGlasses|Defiant|Protect,KowtowCleave,SuckerPunch,SwordsDance|Adamant||M|||50|]Sinistcha||KasibBerry|Hospitality|Protect,TrickRoom,MatchaGotcha,RagePowder|Relaxed|||||50|
|showteam|p2|Staraptor||Staraptite|Intimidate|Roost,CloseCombat,BraveBird,Protect|Adamant||M|||50|]Glimmora||Glimmoranite|ToxicDebris|PowerGem,SludgeBomb,EarthPower,SpikyShield|Timid||F|||50|]Whimsicott||FocusSash|Prankster|Tailwind,Charm,Moonblast,Protect|Timid||F|||50|]Sinistcha||SitrusBerry|Hospitality|StrengthSap,Protect,MatchaGotcha,RagePowder|Calm|||||50|]Ninetales-Alola||LightClay|SnowWarning|AuroraVeil,Blizzard,Moonblast,Protect|Timid||F|||50|]Hydreigon||ChoiceScarf|Levitate|DracoMeteor,DarkPulse,Snarl,EarthPower|Modest||F|||50|
|c|☆nomikidvgc|hf
|c|☆Klefastra|glhf
|j| Autin Mago
|c| Autin Mago|Go team
|j| LunarMageMystia
|l| LunarMageMystia
|
|t:|1783013228
|teamsize|p1|4
|teamsize|p2|4
|start
|switch|p1a: Delphox|Delphox, L50, M|100/100
|switch|p1b: Floette|Floette-Eternal, L50, F|100/100
|switch|p2a: Hydreigon|Hydreigon, L50, F|100/100
|switch|p2b: Whimsicott|Whimsicott, L50, F|100/100
|turn|1
|inactive|Battle timer is ON: inactive players will automatically lose when time's up. (requested by nomikidvgc)
|j| LunarMageMystia
|inactive|Klefastra has 60 seconds left.
|
|t:|1783013266
|switch|p2a: Sinistcha|Sinistcha, L50|100/100
|detailschange|p1a: Delphox|Delphox-Mega, L50, M
|-mega|p1a: Delphox|Delphox|Delphoxite
|move|p2b: Whimsicott|Tailwind|p2b: Whimsicott
|-sidestart|p2: Klefastra|move: Tailwind
|move|p1a: Delphox|Nasty Plot|p1a: Delphox
|-boost|p1a: Delphox|spa|2
|move|p1b: Floette|Moonblast|p2a: Sinistcha
|-damage|p2a: Sinistcha|66/100
|
|upkeep
|turn|2
|
|t:|1783013282
|switch|p2b: Glimmora|Glimmora, L50, F|100/100
|move|p2a: Sinistcha|Rage Powder|p2a: Sinistcha
|-singleturn|p2a: Sinistcha|move: Rage Powder
|move|p1a: Delphox|Heat Wave|p2a: Sinistcha|[spread] p2a,p2b
|-supereffective|p2a: Sinistcha|1
|-resisted|p2b: Glimmora|1
|-damage|p2a: Sinistcha|0 fnt
|-damage|p2b: Glimmora|40/100
|faint|p2a: Sinistcha
|move|p1b: Floette|Dazzling Gleam|p2b: Glimmora
|-resisted|p2b: Glimmora|1
|-damage|p2b: Glimmora|19/100
|
|upkeep
|
|t:|1783013284
|switch|p2a: Hydreigon|Hydreigon, L50, F|100/100
|turn|3
|
|t:|1783013305
|switch|p1b: Incineroar|Incineroar, L50, F|100/100
|-ability|p1b: Incineroar|Intimidate|boost
|-unboost|p2a: Hydreigon|atk|1
|-unboost|p2b: Glimmora|atk|1
|detailschange|p2b: Glimmora|Glimmora-Mega, L50, F
|-mega|p2b: Glimmora|Glimmora|Glimmoranite
|move|p1a: Delphox|Protect|p1a: Delphox
|-singleturn|p1a: Delphox|Protect
|move|p2a: Hydreigon|Dark Pulse|p1a: Delphox
|-activate|p1a: Delphox|move: Protect
|move|p2b: Glimmora|Sludge Bomb|p1b: Incineroar
|-damage|p1b: Incineroar|36/100
|-enditem|p1b: Incineroar|Sitrus Berry|[eat]
|-heal|p1b: Incineroar|61/100|[from] item: Sitrus Berry
|
|upkeep
|turn|4
|inactive|nomikidvgc has 30 seconds left.
|inactive|nomikidvgc has 20 seconds left.
|inactive|nomikidvgc has 15 seconds left.
|inactive|nomikidvgc has 10 seconds left.
|inactive|nomikidvgc has 5 seconds left.
|
|t:|1783013356
|move|p2b: Glimmora|Spiky Shield|p2b: Glimmora
|-singleturn|p2b: Glimmora|move: Protect
|move|p1b: Incineroar|Fake Out|p2b: Glimmora
|-activate|p2b: Glimmora|move: Protect
|-damage|p1b: Incineroar|49/100|[from] Spiky Shield|[of] p2b: Glimmora
|move|p2a: Hydreigon|Dark Pulse|p1a: Delphox
|-supereffective|p1a: Delphox|1
|-damage|p1a: Delphox|5/100
|move|p1a: Delphox|Heat Wave|p2a: Hydreigon|[spread] p2a
|-activate|p2b: Glimmora|move: Protect
|-resisted|p2a: Hydreigon|1
|-damage|p2a: Hydreigon|50/100g
|
|-sideend|p2: Klefastra|move: Tailwind
|upkeep
|turn|5
|l| LunarMageMystia
|
|t:|1783013377
|move|p1a: Delphox|Protect|p1a: Delphox
|-singleturn|p1a: Delphox|Protect
|move|p2a: Hydreigon|Dark Pulse|p1a: Delphox
|-activate|p1a: Delphox|move: Protect
|move|p2b: Glimmora|Power Gem|p1b: Incineroar
|-supereffective|p1b: Incineroar|1
|-crit|p1b: Incineroar
|-damage|p1b: Incineroar|0 fnt
|faint|p1b: Incineroar
|
|upkeep
|
|t:|1783013388
|switch|p1b: Sinistcha|Sinistcha, L50|100/100
|-heal|p1a: Delphox|30/100|[from] ability: Hospitality|[of] p1b: Sinistcha
|turn|6
|j| LunarMageMystia
|
|t:|1783013408
|switch|p2b: Whimsicott|Whimsicott, L50, F|100/100
|move|p1b: Sinistcha|Rage Powder|p1b: Sinistcha
|-singleturn|p1b: Sinistcha|move: Rage Powder
|move|p2a: Hydreigon|Dark Pulse|p1b: Sinistcha
|-supereffective|p1b: Sinistcha|1
|-damage|p1b: Sinistcha|4/100
|move|p1a: Delphox|Heat Wave|p2b: Whimsicott|[spread] p2a,p2b
|-resisted|p2a: Hydreigon|1
|-supereffective|p2b: Whimsicott|1
|-damage|p2a: Hydreigon|0 fnt
|-enditem|p2b: Whimsicott|Focus Sash
|-damage|p2b: Whimsicott|1/100
|faint|p2a: Hydreigon
|
|upkeep
|
|t:|1783013410
|switch|p2a: Glimmora|Glimmora-Mega, L50, F|19/100
|turn|7
|
|t:|1783013432
|move|p1b: Sinistcha|Rage Powder|p1b: Sinistcha
|-singleturn|p1b: Sinistcha|move: Rage Powder
|move|p2b: Whimsicott|Tailwind|p2b: Whimsicott
|-sidestart|p2: Klefastra|move: Tailwind
|move|p2a: Glimmora|Power Gem|p1b: Sinistcha
|-damage|p1b: Sinistcha|0 fnt
|faint|p1b: Sinistcha
|move|p1a: Delphox|Heat Wave|p2a: Glimmora|[spread] p2a,p2b
|-resisted|p2a: Glimmora|1
|-supereffective|p2b: Whimsicott|1
|-damage|p2a: Glimmora|0 fnt
|-damage|p2b: Whimsicott|0 fnt
|faint|p2a: Glimmora
|faint|p2b: Whimsicott
|
|win|nomikidvgc
||nomikidvgc is ready for game 2.
||Klefastra is ready for game 2.
|uhtml|next|Next: Game 2 of 3
|l| LunarMageMystia
|j| NorfOrSomething
|j| LunarMageMystia
|l| Autin Mago
|l| LunarMageMystia
|l|☆nomikidvgc
|player|p1|
|l| NorfOrSomething
