|j|☆geardox
|j|☆Electrovalvula
|html|geardoxElectrovalvula    
|uhtml|bestof|Game 1 of a best-of-3
|t:|1756564239
|gametype|doubles
|player|p1|geardox|cyclist|1147
|player|p2|Electrovalvula|266|1258
|gen|9
|tier|[Gen 9] VGC 2025 Reg H (Bo3)
|rated|
|rule|Species Clause: Limit one of each Pokémon
|rule|Item Clause: Limit 1 of each item
|clearpoke
|poke|p1|Sneasler, L50, M|
|poke|p1|Garchomp, L50, M|
|poke|p1|Corviknight, L50, F|
|poke|p1|Archaludon, L50, M|
|poke|p1|Amoonguss, L50, F|
|poke|p1|Incineroar, L50, M|
|poke|p2|Amoonguss, L50, F|
|poke|p2|Archaludon, L50, F|
|poke|p2|Pelipper, L50, M|
|poke|p2|Basculegion, L50, M|
|poke|p2|Incineroar, L50, F|
|poke|p2|Maushold-Four, L50|
|teampreview|4
|showteam|p1|Sneasler||FocusSash|Unburden|DireClaw,CloseCombat,ThroatChop,Coaching|||M|||50|,,,,,Ghost]Garchomp||LifeOrb|RoughSkin|Protect,Earthquake,DragonClaw,StompingTantrum|||M|||50|,,,,,Ground]Corviknight||SitrusBerry|MirrorArmor|BraveBird,Tailwind,Roost,Taunt|||F|||50|,,,,,Fire]Archaludon||PowerHerb|Stamina|Protect,DracoMeteor,FlashCannon,ElectroShot|||M|||50|,,,,,Dragon]Amoonguss||RockyHelmet|Regenerator|ClearSmog,RagePowder,Spore,PollenPuff|||F|||50|,,,,,Water]Incineroar||AssaultVest|Intimidate|KnockOff,FlareBlitz,FakeOut,Uturn|||M|||50|,,,,,Ghost
|showteam|p2|Amoonguss||RockyHelmet|Regenerator|Spore,RagePowder,PollenPuff,Protect|||F|||50|,,,,,Fairy]Archaludon||AssaultVest|Stamina|FlashCannon,Snarl,ElectroShot,BodyPress|||F|||50|,,,,,Grass]Pelipper||FocusSash|Drizzle|Protect,Tailwind,WeatherBall,Hurricane|||M|||50|,,,,,Stellar]Basculegion||ChoiceBand|SwiftSwim|WaveCrash,AquaJet,LastRespects,FlipTurn|||M|||50|,,,,,Fairy]Incineroar||SafetyGoggles|Intimidate|KnockOff,WillOWisp,PartingShot,FakeOut|||F|||50|,,,,,Ghost]Maushold-Four||WideLens|FriendGuard|PopulationBomb,FollowMe,Taunt,Protect||||||50|,,,,,Normal
|inactive|Battle timer is ON: inactive players will automatically lose when time's up. (requested by Electrovalvula)
|
|t:|1756564299
|teamsize|p1|4
|teamsize|p2|4
|start
|switch|p1a: Chica|Corviknight, L50, F|100/100
|switch|p1b: Incineroar|Incineroar, L50, M|100/100
|switch|p2a: Archaludon|Archaludon, L50, F|100/100
|switch|p2b: Pelipper|Pelipper, L50, M|100/100
|-weather|RainDance|[from] ability: Drizzle|[of] p2b: Pelipper
|-ability|p1b: Incineroar|Intimidate|boost
|-unboost|p2a: Archaludon|atk|1
|-unboost|p2b: Pelipper|atk|1
|turn|1
|
|t:|1756564317
|move|p1b: Incineroar|Fake Out|p2b: Pelipper
|-damage|p2b: Pelipper|84/100
|cant|p2b: Pelipper|flinch
|move|p2a: Archaludon|Electro Shot||[still]
|-prepare|p2a: Archaludon|Electro Shot
|-boost|p2a: Archaludon|spa|1
|-anim|p2a: Archaludon|Electro Shot|p1a: Chica
|-supereffective|p1a: Chica
|-damage|p1a: Chica|11/100
|-enditem|p1a: Chica|Sitrus Berry|[eat]
|-heal|p1a: Chica|36/100|[from] item: Sitrus Berry
|move|p1a: Chica|Tailwind|p1a: Chica
|-sidestart|p1: geardox|move: Tailwind
|
|-weather|RainDance|[upkeep]
|upkeep
|turn|2
|inactive|geardox has 30 seconds left.
|
|t:|1756564343
|move|p2b: Pelipper|Protect|p2b: Pelipper
|-singleturn|p2b: Pelipper|Protect
|move|p1b: Incineroar|Knock Off|p2a: Archaludon
|-damage|p2a: Archaludon|71/100
|-ability|p2a: Archaludon|Stamina|boost
|-boost|p2a: Archaludon|def|1
|-enditem|p2a: Archaludon|Assault Vest|[from] move: Knock Off|[of] p1b: Incineroar
|move|p1a: Chica|Brave Bird|p2b: Pelipper
|-activate|p2b: Pelipper|move: Protect
|move|p2a: Archaludon|Electro Shot||[still]
|-prepare|p2a: Archaludon|Electro Shot
|-boost|p2a: Archaludon|spa|1
|-anim|p2a: Archaludon|Electro Shot|p1a: Chica
|-supereffective|p1a: Chica
|-damage|p1a: Chica|0 fnt
|faint|p1a: Chica
|
|-weather|RainDance|[upkeep]
|upkeep
|
|t:|1756564360
|switch|p1a: Big Mo|Archaludon, L50, M|100/100
|turn|3
|
|t:|1756564372
|-terastallize|p1a: Big Mo|Dragon
|move|p1a: Big Mo|Draco Meteor|p2a: Archaludon|[miss]
|-miss|p1a: Big Mo|p2a: Archaludon
|move|p1b: Incineroar|Flare Blitz|p2b: Pelipper
|-resisted|p2b: Pelipper
|-damage|p2b: Pelipper|66/100
|-damage|p1b: Incineroar|96/100|[from] Recoil
|move|p2b: Pelipper|Tailwind|p2b: Pelipper
|-sidestart|p2: Electrovalvula|move: Tailwind
|move|p2a: Archaludon|Electro Shot||[still]
|-prepare|p2a: Archaludon|Electro Shot
|-boost|p2a: Archaludon|spa|1
|-anim|p2a: Archaludon|Electro Shot|p1a: Big Mo
|-resisted|p1a: Big Mo
|-damage|p1a: Big Mo|21/100
|-ability|p1a: Big Mo|Stamina|boost
|-boost|p1a: Big Mo|def|1
|
|-weather|RainDance|[upkeep]
|upkeep
|turn|4
|
|t:|1756564393
|move|p1a: Big Mo|Draco Meteor|p2a: Archaludon
|-damage|p2a: Archaludon|0 fnt
|-unboost|p1a: Big Mo|spa|2
|faint|p2a: Archaludon
|move|p2b: Pelipper|Hurricane|p1a: Big Mo
|-damage|p1a: Big Mo|0 fnt
|faint|p1a: Big Mo
|move|p1b: Incineroar|Knock Off|p2b: Pelipper
|-damage|p2b: Pelipper|12/100
|-enditem|p2b: Pelipper|Focus Sash|[from] move: Knock Off|[of] p1b: Incineroar
|
|-weather|RainDance|[upkeep]
|-sideend|p1: geardox|move: Tailwind
|upkeep
|
|t:|1756564405
|switch|p1a: Stinky Pete|Garchomp, L50, M|100/100
|switch|p2a: Basculegion|Basculegion, L50, M|100/100
|turn|5
|inactive|Electrovalvula has 30 seconds left.
|
|t:|1756564433
|switch|p2b: Amoonguss|Amoonguss, L50, F|100/100
|move|p1a: Stinky Pete|Protect|p1a: Stinky Pete
|-singleturn|p1a: Stinky Pete|Protect
|move|p2a: Basculegion|Flip Turn|p1b: Incineroar
|-supereffective|p1b: Incineroar
|-damage|p1b: Incineroar|0 fnt
|faint|p1b: Incineroar
|
|t:|1756564438
|switch|p2a: Pelipper|Pelipper, L50, M|12/100|[from] Flip Turn
|
|-weather|none
|upkeep
|turn|6
|
|t:|1756564447
|move|p2a: Pelipper|Protect|p2a: Pelipper
|-singleturn|p2a: Pelipper|Protect
|move|p1a: Stinky Pete|Earthquake|p2b: Amoonguss|[spread] p2b
|-activate|p2a: Pelipper|move: Protect
|-damage|p2b: Amoonguss|61/100
|-damage|p1a: Stinky Pete|91/100|[from] item: Life Orb
|move|p2b: Amoonguss|Spore|p1a: Stinky Pete
|-status|p1a: Stinky Pete|slp|[from] move: Spore
|
|-sideend|p2: Electrovalvula|move: Tailwind
|upkeep
|turn|7
|
|t:|1756564458
|switch|p2a: Basculegion|Basculegion, L50, M|100/100
|cant|p1a: Stinky Pete|slp
|move|p2b: Amoonguss|Pollen Puff|p1a: Stinky Pete
|-damage|p1a: Stinky Pete|69/100 slp
|
|upkeep
|turn|8
|
|t:|1756564473
|switch|p2b: Pelipper|Pelipper, L50, M|12/100
|-weather|RainDance|[from] ability: Drizzle|[of] p2b: Pelipper
|move|p2a: Basculegion|Wave Crash|p1a: Stinky Pete
|-damage|p1a: Stinky Pete|0 fnt
|-damage|p2a: Basculegion|88/100|[from] ability: Rough Skin|[of] p1a: Stinky Pete
|faint|p1a: Stinky Pete
|-damage|p2a: Basculegion|67/100|[from] Recoil
|
|win|Electrovalvula
||Electrovalvula is ready for game 2.
||geardox is ready for game 2.
|uhtml|next|Next: Game 2 of 3
