|j|☆ThatGualaKid
|j|☆Kiwi_33
|html|ThatGualaKidKiwi_33    
|uhtml|bestof|Game 2 of a best-of-3
|t:|1785952830
|gametype|doubles
|player|p1|ThatGualaKid|101|
|player|p2|Kiwi_33|gambler|
|gen|9
|tier|[Gen 9 Champions] VGC 2026 Reg M-B (Bo3)
|rule|Species Clause: Limit one of each Pokémon
|rule|Item Clause: Limit 1 of each item
|clearpoke
|poke|p1|Gardevoir, L50, F|
|poke|p1|Metagross, L50|
|poke|p1|Whimsicott, L50, M|
|poke|p1|Kingambit, L50, F|
|poke|p1|Jolteon, L50, F|
|poke|p1|Sableye, L50, F|
|poke|p2|Talonflame, L50, M|
|poke|p2|Raichu, L50, F|
|poke|p2|Garchomp, L50, F|
|poke|p2|Rotom-Wash, L50|
|poke|p2|Roserade, L50, F|
|poke|p2|Aurorus, L50, F|
|teampreview|4
|showteam|p1|Gardevoir||Gardevoirite|Trace|HyperVoice,Psychic,Thunderbolt,Protect|Timid||F|||50|]Metagross||Metagrossite|ClearBody|IronHead,StompingTantrum,IcePunch,Protect|Jolly|||||50|]Whimsicott||FocusSash|Prankster|Moonblast,Tailwind,Encore,Protect|Timid||M|||50|]Kingambit||LifeOrb|Defiant|KowtowCleave,SuckerPunch,IronHead,Protect|Adamant||F|||50|]Jolteon||ShucaBerry|VoltAbsorb|Thunderbolt,AlluringVoice,Electroweb,Protect|Timid||F|||50|]Sableye||Sablenite|Prankster|FakeOut,Encore,Quash,Taunt|Careful||F|||50|
|showteam|p2|Talonflame||FocusSash|GaleWings|Tailwind,DualWingbeat,WillOWisp,QuickGuard|Jolly||M|||50|]Raichu||RaichuniteY|LightningRod|ZapCannon,FocusBlast,FakeOut,Protect|Timid||F|||50|]Garchomp||RoseliBerry|RoughSkin|Earthquake,StompingTantrum,PoisonJab,Protect|Jolly||F|||50|]Rotom-Wash||ChoiceScarf|Levitate|HydroPump,Thunderbolt,ShadowBall,Trick|Modest|||||50|]Roserade||PayapaBerry|PoisonPoint|SleepPowder,WorrySeed,SludgeBomb,Spikes|Modest||F|||50|]Aurorus||BabiriBerry|SnowWarning|AuroraVeil,Blizzard,Haze,Protect|Modest||F|||50|
|inactive|Battle timer is ON: inactive players will automatically lose when time's up. (requested by Kiwi_33)
|inactive|Kiwi_33 has 60 seconds left.
|
|t:|1785952868
|teamsize|p1|4
|teamsize|p2|4
|start
|switch|p1a: Jolteon|Jolteon, L50, F|100/100
|switch|p1b: Sableye|Sableye, L50, F|100/100
|switch|p2a: Aurorus|Aurorus, L50, F|100/100
|switch|p2b: Talonflame|Talonflame, L50, M|100/100
|-weather|Snowscape|[from] ability: Snow Warning|[of] p2a: Aurorus
|turn|1
|
|t:|1785952890
|switch|p2b: Raichu|Raichu, L50, F|100/100
|move|p1b: Sableye|Fake Out|p2a: Aurorus
|-resisted|p2a: Aurorus|1
|-crit|p2a: Aurorus
|-damage|p2a: Aurorus|96/100
|move|p1a: Jolteon|Thunderbolt|p2b: Raichu
|-ability|p2b: Raichu|Lightning Rod|boost
|-boost|p2b: Raichu|spa|1
|cant|p2a: Aurorus|flinch
|
|-weather|Snowscape|[upkeep]
|upkeep
|turn|2
|
|t:|1785952914
|detailschange|p2b: Raichu|Raichu-Mega-Y, L50, F
|-mega|p2b: Raichu|Raichu|Raichunite Y
|move|p1b: Sableye|Quash|p2b: Raichu
|-activate|p2b: Raichu|move: Quash
|move|p1a: Jolteon|Alluring Voice|p2b: Raichu
|-damage|p2b: Raichu|66/100
|move|p2a: Aurorus|Blizzard|p1b: Sableye|[spread] p1a,p1b
|-damage|p1a: Jolteon|50/100g
|-damage|p1b: Sableye|59/100
|move|p2b: Raichu|Zap Cannon|p1b: Sableye
|-damage|p1b: Sableye|0 fnt
|faint|p1b: Sableye
|
|-weather|Snowscape|[upkeep]
|upkeep
|
|t:|1785952927
|switch|p1b: Kingambit|Kingambit, L50, F|100/100
|turn|3
|inactive|ThatGualaKid has 30 seconds left.
|
|t:|1785952953
|move|p2b: Raichu|Protect|p2b: Raichu
|-singleturn|p2b: Raichu|Protect
|move|p1a: Jolteon|Thunderbolt|p2b: Raichu
|-activate|p2b: Raichu|move: Protect
|move|p2a: Aurorus|Aurora Veil|p2a: Aurorus
|-sidestart|p2: Kiwi_33|move: Aurora Veil
|move|p1b: Kingambit|Iron Head|p2a: Aurorus
|-supereffective|p2a: Aurorus|2
|-enditem|p2a: Aurorus|Babiri Berry|[eat]
|-enditem|p2a: Aurorus|Babiri Berry|[weaken]
|-damage|p2a: Aurorus|43/100
|-damage|p1b: Kingambit|90/100|[from] item: Life Orb
|
|-weather|Snowscape|[upkeep]
|upkeep
|turn|4
|inactive|ThatGualaKid has 30 seconds left.
|inactive|ThatGualaKid has 20 seconds left.
|inactive|ThatGualaKid has 15 seconds left.
|inactive|ThatGualaKid has 10 seconds left.
|
|t:|1785953003
|move|p1b: Kingambit|Protect|p1b: Kingambit
|-singleturn|p1b: Kingambit|Protect
|move|p1a: Jolteon|Alluring Voice|p2b: Raichu
|-damage|p2b: Raichu|46/100
|move|p2b: Raichu|Focus Blast|p1b: Kingambit
|-activate|p1b: Kingambit|move: Protect
|move|p2a: Aurorus|Blizzard|p1a: Jolteon|[spread] p1a
|-activate|p1b: Kingambit|move: Protect
|-damage|p1a: Jolteon|2/100
|
|-weather|Snowscape|[upkeep]
|upkeep
|turn|5
|inactive|ThatGualaKid has 30 seconds left.
|
|t:|1785953035
|move|p2b: Raichu|Protect|p2b: Raichu
|-singleturn|p2b: Raichu|Protect
|move|p1b: Kingambit|Sucker Punch||[still]
|-fail|p1b: Kingambit
|move|p1a: Jolteon|Alluring Voice|p2b: Raichu
|-activate|p2b: Raichu|move: Protect
|move|p2a: Aurorus|Blizzard|p1a: Jolteon|[spread] p1a,p1b
|-resisted|p1b: Kingambit|1
|-damage|p1a: Jolteon|0 fnt
|-damage|p1b: Kingambit|72/100
|faint|p1a: Jolteon
|
|-weather|none
|upkeep
|
|t:|1785953037
|switch|p1a: Metagross|Metagross, L50|100/100
|turn|6
|inactive|ThatGualaKid has 30 seconds left.
|inactive|ThatGualaKid has 20 seconds left.
|inactive|ThatGualaKid has 15 seconds left.
|inactive|ThatGualaKid has 10 seconds left.
|
|t:|1785953086
|switch|p2a: Talonflame|Talonflame, L50, M|100/100
|detailschange|p1a: Metagross|Metagross-Mega, L50
|-mega|p1a: Metagross|Metagross|Metagrossite
|move|p1b: Kingambit|Sucker Punch|p2b: Raichu
|-damage|p2b: Raichu|0 fnt
|faint|p2b: Raichu
|-damage|p1b: Kingambit|62/100|[from] item: Life Orb
|move|p1a: Metagross|Ice Punch|p2a: Talonflame
|-damage|p2a: Talonflame|60/100
|
|upkeep
|
|t:|1785953099
|switch|p2b: Garchomp|Garchomp, L50, F|100/100
|turn|7
|inactive|ThatGualaKid has 30 seconds left.
|inactive|ThatGualaKid has 20 seconds left.
|inactive|ThatGualaKid has 15 seconds left.
|
|t:|1785953140
|switch|p2b: Aurorus|Aurorus, L50, F|43/100
|-weather|Snowscape|[from] ability: Snow Warning|[of] p2b: Aurorus
|move|p1b: Kingambit|Protect|p1b: Kingambit
|-singleturn|p1b: Kingambit|Protect
|move|p2a: Talonflame|Tailwind|p2a: Talonflame
|-sidestart|p2: Kiwi_33|move: Tailwind
|move|p1a: Metagross|Ice Punch|p2b: Aurorus
|-resisted|p2b: Aurorus|1
|-damage|p2b: Aurorus|35/100
|
|-weather|Snowscape|[upkeep]
|-sideend|p2: Kiwi_33|move: Aurora Veil
|upkeep
|turn|8
|
|t:|1785953162
|move|p2a: Talonflame|Will-O-Wisp|p1b: Kingambit
|-status|p1b: Kingambit|brn
|move|p2b: Aurorus|Aurora Veil|p2b: Aurorus
|-sidestart|p2: Kiwi_33|move: Aurora Veil
|move|p1a: Metagross|Iron Head|p2b: Aurorus
|-supereffective|p2b: Aurorus|2
|-damage|p2b: Aurorus|0 fnt
|faint|p2b: Aurorus
|move|p1b: Kingambit|Kowtow Cleave|p2a: Talonflame
|-damage|p2a: Talonflame|25/100
|-damage|p1b: Kingambit|53/100 brn|[from] item: Life Orb
|
|-weather|Snowscape|[upkeep]
|-damage|p1b: Kingambit|46/100 brn|[from] brn
|upkeep
|
|t:|1785953176
|switch|p2b: Garchomp|Garchomp, L50, F|100/100
|turn|9
|
|t:|1785953201
|move|p1b: Kingambit|Protect|p1b: Kingambit
|-singleturn|p1b: Kingambit|Protect
|move|p2a: Talonflame|Will-O-Wisp|p1a: Metagross
|-status|p1a: Metagross|brn
|move|p2b: Garchomp|Earthquake|p1b: Kingambit|[spread] p1a
|-activate|p1b: Kingambit|move: Protect
|-immune|p2a: Talonflame
|-supereffective|p1a: Metagross|1
|-damage|p1a: Metagross|31/100 brn
|move|p1a: Metagross|Stomping Tantrum|p2b: Garchomp
|-damage|p2b: Garchomp|87/100
|-damage|p1a: Metagross|19/100 brn|[from] ability: Rough Skin|[of] p2b: Garchomp
|
|-weather|Snowscape|[upkeep]
|-damage|p1a: Metagross|13/100 brn|[from] brn
|-damage|p1b: Kingambit|40/100 brn|[from] brn
|upkeep
|turn|10
|c|☆ThatGualaKid|gg
|inactive|ThatGualaKid has 30 seconds left.
|c|☆Kiwi_33|gg
|
|t:|1785953234
|move|p2a: Talonflame|Quick Guard|p2a: Talonflame
|-singleturn|p2a: Talonflame|Quick Guard
|move|p1b: Kingambit|Sucker Punch|p2b: Garchomp
|-activate|p2b: Garchomp|move: Quick Guard
|move|p2b: Garchomp|Earthquake|p1a: Metagross|[spread] p1a,p1b
|-immune|p2a: Talonflame
|-supereffective|p1a: Metagross|1
|-supereffective|p1b: Kingambit|1
|-damage|p1a: Metagross|0 fnt
|-damage|p1b: Kingambit|0 fnt
|faint|p1a: Metagross
|faint|p1b: Kingambit
|
|win|Kiwi_33
|c|☆ThatGualaKid|you want to send the battle replays over? or should i?
