|j|☆I am the Sweeper
|j|☆jokkebrok
|html|I am the Sweeperjokkebrok    
|uhtml|bestof|Game 1 of a best-of-3
|t:|1756370183
|gametype|doubles
|player|p1|I am the Sweeper|janitor|1124
|player|p2|jokkebrok|larry|1112
|gen|9
|tier|[Gen 9] VGC 2025 Reg H (Bo3)
|rated|
|rule|Species Clause: Limit one of each Pokémon
|rule|Item Clause: Limit 1 of each item
|clearpoke
|poke|p1|Garganacl, L50, F|
|poke|p1|Dondozo, L50, M|
|poke|p1|Sneasler, L50, F|
|poke|p1|Gholdengo, L50|
|poke|p1|Ninetales-Alola, L50, M|
|poke|p1|Incineroar, L50, M|
|poke|p2|Greninja-*, L50, M|
|poke|p2|Annihilape, L50, M|
|poke|p2|Pelipper, L50, M|
|poke|p2|Basculegion, L50, M|
|poke|p2|Archaludon, L50, M|
|poke|p2|Dragapult, L50, M|
|teampreview|4
|showteam|p1|Garganacl||MarangaBerry|PurifyingSalt|SaltCure,StealthRock,Protect,Recover|||F|||50|,,,,,Flying]Dondozo||Leftovers|Unaware|Liquidation,Yawn,Curse,Protect|||M|||50|,,,,,Poison]Sneasler||FocusSash|PoisonTouch|DireClaw,CloseCombat,Coaching,Protect|||F|||50|,,,,,Ghost]Gholdengo||ChoiceScarf|GoodasGold|MakeItRain,ShadowBall,Trick,PowerGem||||||50|,,,,,Steel]Ninetales-Alola||NeverMeltIce|SnowWarning|Blizzard,FreezeDry,Protect,AuroraVeil|||M|||50|,,,,,Ice]Incineroar||AssaultVest|Intimidate|FlareBlitz,KnockOff,FakeOut,DrainPunch|||M|||50|,,,,,Grass
|showteam|p2|Greninja||LoadedDice|Protean|WaterShuriken,ShadowSneak,Haze,Protect|||M|||50|,,,,,Ghost]Annihilape||ChoiceScarf|Defiant|RageFist,CloseCombat,FinalGambit,Uturn|||M|||50|,,,,,Steel]Pelipper||FocusSash|Drizzle|Tailwind,Hurricane,WeatherBall,Protect|||M|||50|,,,,,Ground]Basculegion||LifeOrb|SwiftSwim|FlipTurn,WaveCrash,LastRespects,Protect|||M|||50|,,,,,Ghost]Archaludon||AssaultVest|Stamina|BodyPress,HeavySlam,ElectroShot,DragonPulse|||M|||50|,,,,,Grass]Dragapult||ChoiceBand|ClearBody|DragonDarts,PhantomForce,Outrage,Uturn|||M|||50|,,,,,Dragon
|inactive|Battle timer is ON: inactive players will automatically lose when time's up. (requested by jokkebrok)
|
|t:|1756370264
|teamsize|p1|4
|teamsize|p2|4
|start
|switch|p1a: Garganacl|Garganacl, L50, F|100/100
|switch|p1b: Incineroar|Incineroar, L50, M|100/100
|switch|p2a: Greninja|Greninja, L50, M|100/100
|switch|p2b: Annihilape|Annihilape, L50, M|100/100
|-ability|p1b: Incineroar|Intimidate|boost
|-unboost|p2a: Greninja|atk|1
|-unboost|p2b: Annihilape|atk|1
|-ability|p2b: Annihilape|Defiant|boost
|-boost|p2b: Annihilape|atk|2
|turn|1
|inactive|I am the Sweeper has 30 seconds left.
|inactive|jokkebrok has 30 seconds left.
|inactive|I am the Sweeper has 20 seconds left.
|inactive|I am the Sweeper has 15 seconds left.
|
|t:|1756370308
|move|p2a: Greninja|Protect|p2a: Greninja
|-start|p2a: Greninja|typechange|Normal|[from] ability: Protean
|-singleturn|p2a: Greninja|Protect
|move|p1a: Garganacl|Protect|p1a: Garganacl
|-singleturn|p1a: Garganacl|Protect
|move|p1b: Incineroar|Fake Out|p2a: Greninja
|-activate|p2a: Greninja|move: Protect
|move|p2b: Annihilape|Close Combat|p1b: Incineroar
|-supereffective|p1b: Incineroar
|-damage|p1b: Incineroar|0 fnt
|-unboost|p2b: Annihilape|def|1
|-unboost|p2b: Annihilape|spd|1
|faint|p1b: Incineroar
|
|upkeep
|
|t:|1756370330
|switch|p1b: Gholdengo|Gholdengo, L50|100/100
|turn|2
|inactive|I am the Sweeper has 30 seconds left.
|
|t:|1756370359
|switch|p2b: Pelipper|Pelipper, L50, M|100/100
|-weather|RainDance|[from] ability: Drizzle|[of] p2b: Pelipper
|switch|p2a: Basculegion|Basculegion, L50, M|100/100
|-terastallize|p1a: Garganacl|Flying
|move|p1b: Gholdengo|Trick|p2a: Basculegion
|-activate|p1b: Gholdengo|move: Trick|[of] p2a: Basculegion
|-item|p2a: Basculegion|Choice Scarf|[from] move: Trick
|-item|p1b: Gholdengo|Life Orb|[from] move: Trick
|move|p1a: Garganacl|Salt Cure|p2b: Pelipper
|-supereffective|p2b: Pelipper
|-damage|p2b: Pelipper|69/100
|-start|p2b: Pelipper|Salt Cure
|
|-weather|RainDance|[upkeep]
|-damage|p2b: Pelipper|44/100|[from] Salt Cure
|upkeep
|turn|3
|inactive|I am the Sweeper has 30 seconds left.
|inactive|jokkebrok has 30 seconds left.
|inactive|I am the Sweeper has 20 seconds left.
|inactive|I am the Sweeper has 15 seconds left.
|inactive|jokkebrok has 20 seconds left.
|inactive|I am the Sweeper has 10 seconds left.
|inactive|jokkebrok has 15 seconds left.
|inactive|I am the Sweeper has 5 seconds left.
|
|t:|1756370412
|switch|p1b: Ninetales|Ninetales-Alola, L50, M|100/100
|-weather|Snowscape|[from] ability: Snow Warning|[of] p1b: Ninetales
|move|p2a: Basculegion|Flip Turn|p1a: Garganacl
|-damage|p1a: Garganacl|83/100
|
|t:|1756370420
|switch|p2a: Annihilape|Annihilape, L50, M|100/100|[from] Flip Turn
|move|p2b: Pelipper|Weather Ball|p1a: Garganacl
|-supereffective|p1a: Garganacl
|-damage|p1a: Garganacl|53/100
|-enditem|p1a: Garganacl|Maranga Berry|[eat]
|-boost|p1a: Garganacl|spd|1|[from] item: Maranga Berry
|move|p1a: Garganacl|Salt Cure|p2a: Annihilape
|-resisted|p2a: Annihilape
|-damage|p2a: Annihilape|92/100
|-start|p2a: Annihilape|Salt Cure
|
|-weather|Snowscape|[upkeep]
|-damage|p2a: Annihilape|80/100|[from] Salt Cure
|-damage|p2b: Pelipper|19/100|[from] Salt Cure
|upkeep
|turn|4
|inactive|I am the Sweeper has 30 seconds left.
|inactive|jokkebrok has 30 seconds left.
|inactive|I am the Sweeper has 20 seconds left.
|inactive|jokkebrok has 20 seconds left.
|inactive|I am the Sweeper has 15 seconds left.
|inactive|I am the Sweeper has 10 seconds left.
|inactive|I am the Sweeper has 5 seconds left.
|
|t:|1756370473
|switch|p2b: Greninja|Greninja, L50, M|100/100
|move|p1a: Garganacl|Protect|p1a: Garganacl
|-singleturn|p1a: Garganacl|Protect
|move|p2a: Annihilape|Rage Fist|p1b: Ninetales
|-damage|p1b: Ninetales|55/100
|move|p1b: Ninetales|Aurora Veil|p1b: Ninetales
|-sidestart|p1: I am the Sweeper|move: Aurora Veil
|
|-weather|Snowscape|[upkeep]
|-damage|p2a: Annihilape|68/100|[from] Salt Cure
|upkeep
|turn|5
|inactive|I am the Sweeper has 30 seconds left.
|inactive|jokkebrok has 30 seconds left.
|inactive|I am the Sweeper has 20 seconds left.
|inactive|I am the Sweeper has 15 seconds left.
|inactive|I am the Sweeper has 10 seconds left.
|inactive|I am the Sweeper has 5 seconds left.
|
|t:|1756370525
|-terastallize|p2a: Annihilape|Steel
|move|p1b: Ninetales|Protect|p1b: Ninetales
|-singleturn|p1b: Ninetales|Protect
|move|p2b: Greninja|Water Shuriken|p2a: Annihilape
|-start|p2b: Greninja|typechange|Water|[from] ability: Protean
|-damage|p2a: Annihilape|62/100
|-damage|p2a: Annihilape|57/100
|-damage|p2a: Annihilape|52/100
|-damage|p2a: Annihilape|46/100
|-damage|p2a: Annihilape|41/100
|-hitcount|p2a: Annihilape|5
|move|p2a: Annihilape|Rage Fist|p1b: Ninetales
|-activate|p1b: Ninetales|move: Protect
|move|p1a: Garganacl|Salt Cure|p2b: Greninja
|-damage|p2b: Greninja|80/100
|-start|p2b: Greninja|Salt Cure
|
|-weather|Snowscape|[upkeep]
|-damage|p2a: Annihilape|16/100|[from] Salt Cure
|-damage|p2b: Greninja|56/100|[from] Salt Cure
|upkeep
|turn|6
|inactive|I am the Sweeper has 30 seconds left.
|inactive|jokkebrok has 30 seconds left.
|inactive|I am the Sweeper has 20 seconds left.
|inactive|jokkebrok has 20 seconds left.
|inactive|I am the Sweeper has 15 seconds left.
|inactive|I am the Sweeper has 10 seconds left.
|inactive|I am the Sweeper has 5 seconds left.
|
|t:|1756370578
|move|p2b: Greninja|Water Shuriken|p1a: Garganacl
|-damage|p1a: Garganacl|51/100
|-damage|p1a: Garganacl|50/100
|-damage|p1a: Garganacl|48/100
|-damage|p1a: Garganacl|47/100
|-hitcount|p1a: Garganacl|4
|move|p2a: Annihilape|Rage Fist|p1b: Ninetales
|-damage|p1b: Ninetales|0 fnt
|faint|p1b: Ninetales
|move|p1a: Garganacl|Recover|p1a: Garganacl
|-heal|p1a: Garganacl|97/100
|
|-weather|Snowscape|[upkeep]
|-damage|p2a: Annihilape|0 fnt|[from] Salt Cure
|faint|p2a: Annihilape
|-damage|p2b: Greninja|31/100|[from] Salt Cure
|upkeep
|inactive|I am the Sweeper has 30 seconds left.
|inactive|jokkebrok has 30 seconds left.
|inactive|I am the Sweeper has 20 seconds left.
|inactive|jokkebrok has 20 seconds left.
|inactive|jokkebrok has 15 seconds left.
|inactive|jokkebrok has 10 seconds left.
|
|t:|1756370623
|switch|p1b: Gholdengo|Gholdengo, L50|100/100
|switch|p2a: Pelipper|Pelipper, L50, M|19/100
|-weather|RainDance|[from] ability: Drizzle|[of] p2a: Pelipper
|turn|7
|inactive|I am the Sweeper has 30 seconds left.
|inactive|I am the Sweeper has 20 seconds left.
|inactive|I am the Sweeper has 15 seconds left.
|
|t:|1756370665
|move|p2b: Greninja|Shadow Sneak|p1b: Gholdengo
|-supereffective|p1b: Gholdengo
|-damage|p1b: Gholdengo|88/100
|move|p1b: Gholdengo|Make It Rain|p2b: Greninja|[spread] p2a,p2b
|-resisted|p2a: Pelipper
|-resisted|p2b: Greninja
|-damage|p2a: Pelipper|0 fnt
|-damage|p2b: Greninja|0 fnt
|-unboost|p1b: Gholdengo|spa|1
|faint|p2a: Pelipper
|faint|p2b: Greninja
|-damage|p1b: Gholdengo|78/100|[from] item: Life Orb
|move|p1a: Garganacl|Salt Cure|p2: Pelipper|[notarget]
|-fail|p1a: Garganacl
|
|-weather|RainDance|[upkeep]
|upkeep
|inactive|jokkebrok has 30 seconds left.
|
|t:|1756370691
|switch|p2b: Basculegion|Basculegion, L50, M|100/100
|turn|8
|inactive|I am the Sweeper has 30 seconds left.
|
|t:|1756370722
|move|p2b: Basculegion|Last Respects|p1b: Gholdengo
|-supereffective|p1b: Gholdengo
|-damage|p1b: Gholdengo|0 fnt
|faint|p1b: Gholdengo
|move|p1a: Garganacl|Salt Cure|p2b: Basculegion
|-damage|p2b: Basculegion|82/100
|-start|p2b: Basculegion|Salt Cure
|
|-weather|RainDance|[upkeep]
|-damage|p2b: Basculegion|57/100|[from] Salt Cure
|-sideend|p1: I am the Sweeper|move: Aurora Veil
|upkeep
|turn|9
|inactive|I am the Sweeper has 30 seconds left this turn.
|inactive|I am the Sweeper has 20 seconds left.
|
|t:|1756370741
|move|p2b: Basculegion|Last Respects|p1a: Garganacl
|-damage|p1a: Garganacl|65/100
|move|p1a: Garganacl|Recover|p1a: Garganacl
|-heal|p1a: Garganacl|100/100
|
|-weather|RainDance|[upkeep]
|-damage|p2b: Basculegion|32/100|[from] Salt Cure
|upkeep
|turn|10
|inactive|I am the Sweeper has 20 seconds left this turn.
|inactive|I am the Sweeper has 15 seconds left.
|inactive|I am the Sweeper has 10 seconds left.
|
|t:|1756370754
|move|p1a: Garganacl|Protect|p1a: Garganacl
|-singleturn|p1a: Garganacl|Protect
|move|p2b: Basculegion|Last Respects|p1a: Garganacl
|-activate|p1a: Garganacl|move: Protect
|
|-weather|RainDance|[upkeep]
|-damage|p2b: Basculegion|7/100|[from] Salt Cure
|upkeep
|turn|11
|inactive|I am the Sweeper has 10 seconds left this turn.
|inactive|I am the Sweeper has 5 seconds left.
|
|t:|1756370762
|move|p1a: Garganacl|Protect||[still]
|-fail|p1a: Garganacl
|move|p2b: Basculegion|Last Respects|p1a: Garganacl
|-damage|p1a: Garganacl|67/100
|
|-weather|none
|-damage|p2b: Basculegion|0 fnt|[from] Salt Cure
|faint|p2b: Basculegion
|
|win|I am the Sweeper
||jokkebrok is ready for game 2.
||I am the Sweeper is ready for game 2.
|uhtml|next|Next: Game 2 of 3
