|j|☆fosa25
|j|☆ryoshino
|html|fosa25ryoshino    
|uhtml|bestof|Game 2 of a best-of-3
|t:|1756931911
|gametype|doubles
|player|p1|fosa25|psychicf|1221
|player|p2|ryoshino|265|1228
|gen|9
|tier|[Gen 9] VGC 2025 Reg H (Bo3)
|rated|
|rule|Species Clause: Limit one of each Pokémon
|rule|Item Clause: Limit 1 of each item
|clearpoke
|poke|p1|Gholdengo, L50|
|poke|p1|Magmar, L50, M|
|poke|p1|Dragonite, L50, F|
|poke|p1|Dondozo, L50, M|
|poke|p1|Rillaboom, L50, F|
|poke|p1|Annihilape, L50, F|
|poke|p2|Murkrow, L50, F|
|poke|p2|Gholdengo, L50|
|poke|p2|Dondozo, L50, F|
|poke|p2|Tatsugiri, L50, F|
|poke|p2|Clefable, L50, F|
|poke|p2|Rillaboom, L50, F|
|teampreview|4
|showteam|p1|Gholdengo||LifeOrb|GoodasGold|Protect,NastyPlot,MakeItRain,ShadowBall||||||50|,,,,,Water]Magmar||Eviolite|VitalSpirit|Taunt,WillOWisp,FollowMe,HeatWave|||M|||50|,,,,,Ghost]Dragonite||LoadedDice|Multiscale|Protect,Haze,Tailwind,ScaleShot|||F|||50|,,,,,Fairy]Dondozo||Leftovers|Unaware|Protect,Yawn,WaveCrash,Fissure|||M|||50|,,,,,Fairy]Rillaboom||AssaultVest|GrassySurge|FakeOut,GrassyGlide,WoodHammer,Uturn|||F|||50|,,,,,Fire]Annihilape||SafetyGoggles|Defiant|Protect,BulkUp,RageFist,DrainPunch|||F|||50|,,,,,Steel
|showteam|p2|Murkrow||Eviolite|Prankster|Tailwind,FoulPlay,Taunt,Haze|||F|||50|,,,,,Ghost]Gholdengo||ChoiceSpecs|GoodasGold|MakeItRain,Trick,ShadowBall,Thunderbolt||||||50|,,,,,Steel]Dondozo||Leftovers|Unaware|WaveCrash,Earthquake,OrderUp,Protect|||F|||50|,,,,,Grass]Tatsugiri||FocusSash|Commander|DracoMeteor,IcyWind,MuddyWater,Protect|||F|||50|,,,,,Stellar]Clefable||RockyHelmet|Unaware|Moonblast,FollowMe,Encore,Protect|||F|||50|,,,,,Ghost]Rillaboom||AssaultVest|GrassySurge|DrumBeating,GrassyGlide,Uturn,FakeOut|||F|||50|,,,,,Fire
|inactive|Battle timer is ON: inactive players will automatically lose when time's up. (requested by fosa25)
|inactive|ryoshino also wants the timer to be on.
|
|t:|1756931927
|teamsize|p1|4
|teamsize|p2|4
|start
|switch|p1a: Magmar|Magmar, L50, M|100/100
|switch|p1b: Dragonite|Dragonite, L50, F|100/100
|switch|p2a: Dondozo|Dondozo, L50, F|100/100
|switch|p2b: Gholdengo|Gholdengo, L50|100/100
|turn|1
|
|t:|1756931953
|move|p2a: Dondozo|Protect|p2a: Dondozo
|-singleturn|p2a: Dondozo|Protect
|move|p1a: Magmar|Follow Me|p1a: Magmar
|-singleturn|p1a: Magmar|move: Follow Me
|move|p1b: Dragonite|Tailwind|p1b: Dragonite
|-sidestart|p1: fosa25|move: Tailwind
|move|p2b: Gholdengo|Make It Rain|p1a: Magmar|[spread] p1a,p1b
|-resisted|p1a: Magmar
|-damage|p1a: Magmar|73/100
|-damage|p1b: Dragonite|62/100
|-unboost|p2b: Gholdengo|spa|1
|
|upkeep
|turn|2
|
|t:|1756931969
|switch|p2a: Clefable|Clefable, L50, F|100/100
|move|p1b: Dragonite|Protect|p1b: Dragonite
|-singleturn|p1b: Dragonite|Protect
|move|p1a: Magmar|Will-O-Wisp|p2a: Clefable
|-status|p2a: Clefable|brn
|move|p2b: Gholdengo|Make It Rain|p1b: Dragonite|[spread] p1a
|-activate|p1b: Dragonite|move: Protect
|-resisted|p1a: Magmar
|-damage|p1a: Magmar|55/100
|-unboost|p2b: Gholdengo|spa|1
|
|-damage|p2a: Clefable|95/100 brn|[from] brn
|upkeep
|turn|3
|
|t:|1756931983
|switch|p1b: Gholdengo|Gholdengo, L50|100/100
|move|p1a: Magmar|Taunt|p2a: Clefable
|-start|p2a: Clefable|move: Taunt
|move|p2b: Gholdengo|Make It Rain|p1a: Magmar|[spread] p1a,p1b
|-resisted|p1a: Magmar
|-resisted|p1b: Gholdengo
|-damage|p1a: Magmar|41/100
|-damage|p1b: Gholdengo|77/100
|-unboost|p2b: Gholdengo|spa|1
|move|p2a: Clefable|Moonblast|p1b: Gholdengo
|-resisted|p1b: Gholdengo
|-damage|p1b: Gholdengo|61/100
|
|-damage|p2a: Clefable|89/100 brn|[from] brn
|upkeep
|turn|4
|
|t:|1756931997
|switch|p2b: Tatsugiri|Tatsugiri, L50, F|100/100
|switch|p2a: Dondozo|Dondozo, L50, F|100/100
|-activate|p2b: Tatsugiri|ability: Commander|[of] p2a: Dondozo
|-boost|p2a: Dondozo|atk|2
|-boost|p2a: Dondozo|spa|2
|-boost|p2a: Dondozo|spe|2
|-boost|p2a: Dondozo|def|2
|-boost|p2a: Dondozo|spd|2
|move|p1b: Gholdengo|Shadow Ball|p2b: Tatsugiri|[miss]
|-miss|p1b: Gholdengo|p2b: Tatsugiri
|move|p1a: Magmar|Heat Wave|p2b: Tatsugiri|[spread] 
|-miss|p1a: Magmar|p2b: Tatsugiri
|-miss|p1a: Magmar|p2a: Dondozo
|
|-sideend|p1: fosa25|move: Tailwind
|upkeep
|turn|5
|inactive|fosa25 has 30 seconds left.
|
|t:|1756932027
|switch|p1b: Dragonite|Dragonite, L50, F|62/100
|move|p2a: Dondozo|Order Up|p1a: Magmar
|-damage|p1a: Magmar|5/100
|-boost|p2a: Dondozo|atk|1
|move|p1a: Magmar|Will-O-Wisp|p2a: Dondozo|[miss]
|-miss|p1a: Magmar|p2a: Dondozo
|
|upkeep
|turn|6
|
|t:|1756932041
|move|p1a: Magmar|Follow Me|p1a: Magmar
|-singleturn|p1a: Magmar|move: Follow Me
|move|p2a: Dondozo|Earthquake|p1a: Magmar|[spread] p1a
|-miss|p2a: Dondozo|p2b: Tatsugiri
|-immune|p1b: Dragonite
|-supereffective|p1a: Magmar
|-damage|p1a: Magmar|0 fnt
|faint|p1a: Magmar
|move|p1b: Dragonite|Haze|p1b: Dragonite
|-clearallboost
|
|upkeep
|
|t:|1756932045
|switch|p1a: Annihilape|Annihilape, L50, F|100/100
|turn|7
|
|t:|1756932052
|move|p1b: Dragonite|Scale Shot|p2a: Dondozo
|-damage|p2a: Dondozo|91/100
|-damage|p2a: Dondozo|81/100
|-damage|p2a: Dondozo|71/100
|-damage|p2a: Dondozo|61/100
|-hitcount|p2a: Dondozo|4
|-unboost|p1b: Dragonite|def|1
|-boost|p1b: Dragonite|spe|1
|move|p1a: Annihilape|Rage Fist|p2a: Dondozo
|-damage|p2a: Dondozo|44/100
|move|p2a: Dondozo|Order Up|p1b: Dragonite
|-supereffective|p1b: Dragonite
|-damage|p1b: Dragonite|10/100
|-boost|p2a: Dondozo|atk|1
|
|-heal|p2a: Dondozo|50/100|[from] item: Leftovers
|upkeep
|turn|8
|
|t:|1756932063
|move|p1b: Dragonite|Scale Shot|p2a: Dondozo
|-damage|p2a: Dondozo|40/100
|-damage|p2a: Dondozo|31/100
|-damage|p2a: Dondozo|22/100
|-damage|p2a: Dondozo|13/100
|-damage|p2a: Dondozo|4/100
|-hitcount|p2a: Dondozo|5
|-unboost|p1b: Dragonite|def|1
|-boost|p1b: Dragonite|spe|1
|move|p1a: Annihilape|Rage Fist|p2a: Dondozo
|-damage|p2a: Dondozo|0 fnt
|faint|p2a: Dondozo
|
|upkeep
|
|t:|1756932066
|switch|p2a: Clefable|Clefable, L50, F|89/100 brn
|turn|9
|
|t:|1756932075
|-terastallize|p1a: Annihilape|Steel
|move|p2a: Clefable|Follow Me|p2a: Clefable
|-singleturn|p2a: Clefable|move: Follow Me
|move|p1b: Dragonite|Tailwind|p1b: Dragonite
|-sidestart|p1: fosa25|move: Tailwind
|move|p1a: Annihilape|Rage Fist|p2a: Clefable
|-damage|p2a: Clefable|66/100 brn
|-damage|p1a: Annihilape|84/100|[from] item: Rocky Helmet|[of] p2a: Clefable
|move|p2b: Tatsugiri|Muddy Water|p1b: Dragonite|[spread] p1b
|-miss|p2b: Tatsugiri|p1a: Annihilape
|-resisted|p1b: Dragonite
|-damage|p1b: Dragonite|0 fnt
|faint|p1b: Dragonite
|
|-damage|p2a: Clefable|60/100 brn|[from] brn
|upkeep
|
|t:|1756932080
|switch|p1b: Gholdengo|Gholdengo, L50|61/100
|turn|10
|
|t:|1756932099
|-terastallize|p2a: Clefable|Ghost
|move|p2a: Clefable|Follow Me|p2a: Clefable
|-singleturn|p2a: Clefable|move: Follow Me
|move|p1b: Gholdengo|Nasty Plot|p1b: Gholdengo
|-boost|p1b: Gholdengo|spa|2
|move|p1a: Annihilape|Rage Fist|p2a: Clefable
|-supereffective|p2a: Clefable
|-crit|p2a: Clefable
|-damage|p2a: Clefable|1/100 brn
|-damage|p1a: Annihilape|67/100|[from] item: Rocky Helmet|[of] p2a: Clefable
|move|p2b: Tatsugiri|Icy Wind|p1b: Gholdengo|[spread] p1a,p1b
|-resisted|p1a: Annihilape
|-resisted|p1b: Gholdengo
|-damage|p1a: Annihilape|61/100
|-damage|p1b: Gholdengo|53/100
|-unboost|p1a: Annihilape|spe|1
|-ability|p1a: Annihilape|Defiant|boost
|-boost|p1a: Annihilape|atk|2
|-unboost|p1b: Gholdengo|spe|1
|
|-damage|p2a: Clefable|0 fnt|[from] brn
|faint|p2a: Clefable
|upkeep
|
|t:|1756932106
|switch|p2a: Gholdengo|Gholdengo, L50|100/100
|turn|11
|
|t:|1756932115
|move|p1b: Gholdengo|Shadow Ball|p2a: Gholdengo
|-supereffective|p2a: Gholdengo
|-damage|p2a: Gholdengo|0 fnt
|faint|p2a: Gholdengo
|-damage|p1b: Gholdengo|43/100|[from] item: Life Orb
|move|p1a: Annihilape|Rage Fist|p2b: Tatsugiri
|-enditem|p2b: Tatsugiri|Focus Sash
|-damage|p2b: Tatsugiri|1/100
|move|p2b: Tatsugiri|Muddy Water|p1b: Gholdengo|[spread] p1b
|-miss|p2b: Tatsugiri|p1a: Annihilape
|-crit|p1b: Gholdengo
|-damage|p1b: Gholdengo|0 fnt
|faint|p1b: Gholdengo
|
|upkeep
|turn|12
|
|t:|1756932122
|move|p2b: Tatsugiri|Protect|p2b: Tatsugiri
|-singleturn|p2b: Tatsugiri|Protect
|move|p1a: Annihilape|Rage Fist|p2b: Tatsugiri
|-activate|p2b: Tatsugiri|move: Protect
|
|-sideend|p1: fosa25|move: Tailwind
|upkeep
|turn|13
|
|t:|1756932127
|move|p2b: Tatsugiri|Draco Meteor|p1a: Annihilape
|-resisted|p1a: Annihilape
|-crit|p1a: Annihilape
|-damage|p1a: Annihilape|15/100
|-unboost|p2b: Tatsugiri|spa|2
|move|p1a: Annihilape|Rage Fist|p2b: Tatsugiri
|-damage|p2b: Tatsugiri|0 fnt
|faint|p2b: Tatsugiri
|
|win|fosa25
|raw|fosa25's rating: 1221 → 1247(+26 for winning)
|raw|ryoshino's rating: 1228 → 1202(-26 for losing)
|c|☆fosa25|haxerazo
|c|☆fosa25|gg
