|j|☆viatles
|j|☆sufzguvasdgfa
|html|viatlessufzguvasdgfa    
|uhtml|bestof|Game 2 of a best-of-3
|t:|1785275578
|gametype|doubles
|player|p1|viatles|hiker|1116
|player|p2|sufzguvasdgfa|volkner|1000
|gen|9
|tier|[Gen 9 Champions] VGC 2026 Reg M-B (Bo3)
|rated|
|rule|Species Clause: Limit one of each Pokémon
|rule|Item Clause: Limit 1 of each item
|clearpoke
|poke|p1|Eelektross, L50, M|
|poke|p1|Raichu, L50, F|
|poke|p1|Tyranitar, L50, F|
|poke|p1|Gliscor, L50, F|
|poke|p1|Garchomp, L50, F|
|poke|p1|Sinistcha, L50|
|poke|p2|Snorlax, L50, F|
|poke|p2|Farigiraf, L50, M, shiny|
|poke|p2|Sinistcha, L50|
|poke|p2|Camerupt, L50, M|
|poke|p2|Hatterene, L50, F|
|poke|p2|Kingambit, L50, F|
|teampreview|4
|showteam|p1|Eelektross||Eelektrossite|Levitate|Discharge,Flamethrower,GigaDrain,Protect|Modest||M|||50|]Raichu||FocusSash|LightningRod|FakeOut,Thunderbolt,Endeavor,Protect|Hasty||F|||50|]Tyranitar||Tyranitarite|SandStream|KnockOff,RockSlide,LowKick,Protect|Adamant||F|||50|]Gliscor||BrightPowder|SandVeil|RockSlide,DualWingbeat,Tailwind,Earthquake|Adamant||F|||50|]Garchomp||ChoiceScarf|RoughSkin|DragonClaw,StompingTantrum,RockSlide,Earthquake|Adamant||F|||50|]Sinistcha||SitrusBerry|Hospitality|MatchaGotcha,RagePowder,Imprison,TrickRoom|Bold|||||50|
|showteam|p2|Snorlax||Leftovers|ThickFat|BodySlam,Protect,HeavySlam,RockSlide|Brave||F|||50|]Farigiraf||ColburBerry|ArmorTail|TrickRoom,HyperVoice,Thunderbolt,Protect|Relaxed||M|||50|]Sinistcha||SitrusBerry|Hospitality|MatchaGotcha,Protect,LifeDew,RagePowder|Bold|||||50|]Camerupt||Cameruptite|MagmaArmor|HeatWave,EarthPower,FlashCannon,Protect|Modest||M|||50|]Hatterene||KebiaBerry|MagicBounce|TrickRoom,DazzlingGleam,PsychicNoise,Protect|Sassy||F|||50|]Kingambit||LifeOrb|Defiant|KowtowCleave,IronHead,Protect,SuckerPunch|Brave||F|||50|
|inactive|Battle timer is ON: inactive players will automatically lose when time's up. (requested by viatles)
|inactive|sufzguvasdgfa has 60 seconds left.
|
|t:|1785275624
|teamsize|p1|4
|teamsize|p2|4
|start
|switch|p1a: Eelektross|Eelektross, L50, M|100/100
|switch|p1b: Sinistcha|Sinistcha, L50|100/100
|switch|p2a: Hatterene|Hatterene, L50, F|100/100
|switch|p2b: Camerupt|Camerupt, L50, M|100/100
|turn|1
|
|t:|1785275642
|detailschange|p1a: Eelektross|Eelektross-Mega, L50, M
|-mega|p1a: Eelektross|Eelektross|Eelektrossite
|detailschange|p2b: Camerupt|Camerupt-Mega, L50, M
|-mega|p2b: Camerupt|Camerupt|Cameruptite
|move|p1a: Eelektross|Discharge|p2b: Camerupt|[spread] p1b,p2a
|-immune|p2b: Camerupt
|-resisted|p1b: Sinistcha|1
|-damage|p1b: Sinistcha|82/100
|-damage|p2a: Hatterene|73/100
|-status|p1b: Sinistcha|par
|move|p1b: Sinistcha|Imprison|p1b: Sinistcha
|-start|p1b: Sinistcha|move: Imprison
|move|p2a: Hatterene|Dazzling Gleam|p1a: Eelektross|[spread] p1a,p1b
|-damage|p1a: Eelektross|69/100
|-damage|p1b: Sinistcha|51/100 par
|move|p2b: Camerupt|Heat Wave|p1b: Sinistcha|[spread] p1a,p1b
|-supereffective|p1b: Sinistcha|1
|-damage|p1a: Eelektross|1/100
|-damage|p1b: Sinistcha|0 fnt
|faint|p1b: Sinistcha
|
|upkeep
|
|t:|1785275659
|switch|p1b: Garchomp|Garchomp, L50, F|100/100
|turn|2
|
|t:|1785275671
|move|p2b: Camerupt|Protect|p2b: Camerupt
|-singleturn|p2b: Camerupt|Protect
|move|p1b: Garchomp|Earthquake|p2a: Hatterene|[spread] p2a
|-activate|p2b: Camerupt|move: Protect
|-immune|p1a: Eelektross|[from] ability: Eelevate
|-damage|p2a: Hatterene|21/100
|move|p1a: Eelektross|Giga Drain|p2a: Hatterene
|-damage|p2a: Hatterene|0 fnt
|-heal|p1a: Eelektross|10/100|[from] drain|[of] p2a: Hatterene
|faint|p2a: Hatterene
|-ability|p1a: Eelektross|Eelevate|boost
|-boost|p1a: Eelektross|spa|1
|
|upkeep
|
|t:|1785275689
|switch|p2a: Kingambit|Kingambit, L50, F|100/100
|turn|3
|
|t:|1785275697
|move|p2a: Kingambit|Sucker Punch|p1a: Eelektross
|-damage|p1a: Eelektross|0 fnt
|faint|p1a: Eelektross
|-damage|p2a: Kingambit|90/100|[from] item: Life Orb
|move|p1b: Garchomp|Earthquake|p2b: Camerupt|[spread] p2a,p2b
|-supereffective|p2a: Kingambit|1
|-supereffective|p2b: Camerupt|1
|-damage|p2a: Kingambit|31/100
|-damage|p2b: Camerupt|8/100
|move|p2b: Camerupt|Earth Power|p1b: Garchomp
|-damage|p1b: Garchomp|16/100
|
|upkeep
|
|t:|1785275708
|switch|p1a: Tyranitar|Tyranitar, L50, F|100/100
|-weather|Sandstorm|[from] ability: Sand Stream|[of] p1a: Tyranitar
|turn|4
|inactive|sufzguvasdgfa has 30 seconds left.
|
|t:|1785275735
|switch|p2b: Sinistcha|Sinistcha, L50|100/100
|-heal|p2a: Kingambit|56/100|[from] ability: Hospitality|[of] p2b: Sinistcha
|move|p2a: Kingambit|Sucker Punch|p1b: Garchomp
|-damage|p1b: Garchomp|0 fnt
|-damage|p2a: Kingambit|43/100|[from] ability: Rough Skin|[of] p1b: Garchomp
|faint|p1b: Garchomp
|-damage|p2a: Kingambit|34/100|[from] item: Life Orb
|move|p1a: Tyranitar|Low Kick|p2a: Kingambit
|-supereffective|p2a: Kingambit|2
|-damage|p2a: Kingambit|0 fnt
|faint|p2a: Kingambit
|
|-weather|Sandstorm|[upkeep]
|-damage|p2b: Sinistcha|93/100|[from] Sandstorm
|upkeep
|
|t:|1785275749
|switch|p2a: Camerupt|Camerupt-Mega, L50, M|8/100
|turn|5
|inactive|sufzguvasdgfa has 30 seconds left.
|
|t:|1785275774
|move|p1a: Tyranitar|Knock Off|p2b: Sinistcha
|-supereffective|p2b: Sinistcha|1
|-damage|p2b: Sinistcha|25/100
|-enditem|p2b: Sinistcha|Sitrus Berry|[from] move: Knock Off|[of] p1a: Tyranitar
|move|p2b: Sinistcha|Matcha Gotcha|p1a: Tyranitar
|-supereffective|p1a: Tyranitar|1
|-damage|p1a: Tyranitar|61/100
|-heal|p2b: Sinistcha|46/100|[from] drain|[of] p1a: Tyranitar
|move|p2a: Camerupt|Earth Power|p1a: Tyranitar
|-supereffective|p1a: Tyranitar|1
|-damage|p1a: Tyranitar|0 fnt
|faint|p1a: Tyranitar
|
|win|sufzguvasdgfa
|raw|viatles's rating: 1116 → 1083(-33 for losing)
|raw|sufzguvasdgfa's rating: 1000 → 1053(+53 for winning)
|c|☆viatles|ggs wp
