|j|☆Metaformina500
|j|☆meklae
|html|Metaformina500meklae    
|uhtml|bestof|Game 3 of a best-of-3
|t:|1782382680
|gametype|doubles
|player|p1|Metaformina500|juan|1086
|player|p2|meklae|169|1146
|gen|9
|tier|[Gen 9 Champions] VGC 2026 Reg M-B (Bo3)
|rated|
|rule|Species Clause: Limit one of each Pokémon
|rule|Item Clause: Limit 1 of each item
|clearpoke
|poke|p1|Swampert, L50, F|
|poke|p1|Pelipper, L50, M|
|poke|p1|Archaludon, L50, F|
|poke|p1|Venusaur, L50, F|
|poke|p1|Gholdengo, L50|
|poke|p1|Grimmsnarl, L50, M|
|poke|p2|Floette-Eternal, L50, F|
|poke|p2|Sinistcha, L50|
|poke|p2|Annihilape, L50, M|
|poke|p2|Aerodactyl, L50, F|
|poke|p2|Kangaskhan, L50, F|
|poke|p2|Incineroar, L50, M|
|teampreview|4
|showteam|p1|Swampert||Swampertite|Torrent|WaveCrash,HighHorsepower,IcePunch,Protect|Adamant||F|||50|]Pelipper||FocusSash|Drizzle|WideGuard,Tailwind,WeatherBall,Hurricane|Modest||M|||50|]Archaludon||Leftovers|Stamina|Protect,FlashCannon,DragonPulse,ElectroShot|Modest||F|||50|]Venusaur||Venusaurite|Chlorophyll|Protect,GigaDrain,SludgeBomb,EarthPower|Modest||F|||50|]Gholdengo||LifeOrb|GoodasGold|Protect,NastyPlot,MakeItRain,ShadowBall|Modest|||||50|]Grimmsnarl||LightClay|Prankster|FoulPlay,LightScreen,Reflect,PartingShot|Careful||M|||50|
|showteam|p2|Floette-Eternal||Floettite|FlowerVeil|Moonblast,DazzlingGleam,DrainingKiss,CalmMind|Modest||F|||50|]Sinistcha||KasibBerry|Hospitality|MatchaGotcha,ShadowBall,RagePowder,TrickRoom|Bold|||||50|]Annihilape||Leftovers|Defiant|RageFist,DrainPunch,BulkUp,Protect|Adamant||M|||50|]Aerodactyl||FocusSash|Unnerve|RockSlide,DualWingbeat,Tailwind,Protect|Jolly||F|||50|]Kangaskhan||Kangaskhanite|Scrappy|FakeOut,DoubleEdge,SuckerPunch,DrainPunch|Adamant||F|||50|]Incineroar||SitrusBerry|Intimidate|FakeOut,FlareBlitz,ThroatChop,PartingShot|Careful||M|||50|
|
|t:|1782382710
|teamsize|p1|4
|teamsize|p2|4
|start
|switch|p1a: Archaludon|Archaludon, L50, F|100/100
|switch|p1b: Pelipper|Pelipper, L50, M|100/100
|switch|p2a: Annihilape|Annihilape, L50, M|100/100
|switch|p2b: Kangaskhan|Kangaskhan, L50, F|100/100
|-weather|RainDance|[from] ability: Drizzle|[of] p1b: Pelipper
|turn|1
|inactive|Battle timer is ON: inactive players will automatically lose when time's up. (requested by meklae)
|
|t:|1782382729
|switch|p1b: Gholdengo|Gholdengo, L50|100/100
|detailschange|p2b: Kangaskhan|Kangaskhan-Mega, L50, F
|-mega|p2b: Kangaskhan|Kangaskhan|Kangaskhanite
|move|p2b: Kangaskhan|Fake Out|p1b: Gholdengo
|-immune|p1b: Gholdengo
|move|p2a: Annihilape|Bulk Up|p2a: Annihilape
|-boost|p2a: Annihilape|atk|1
|-boost|p2a: Annihilape|def|1
|move|p1a: Archaludon|Electro Shot||[still]
|-prepare|p1a: Archaludon|Electro Shot
|-boost|p1a: Archaludon|spa|1
|-anim|p1a: Archaludon|Electro Shot|p2a: Annihilape
|-damage|p2a: Annihilape|51/100
|
|-weather|RainDance|[upkeep]
|-heal|p2a: Annihilape|58/100|[from] item: Leftovers
|upkeep
|turn|2
|
|t:|1782382750
|move|p2b: Kangaskhan|Sucker Punch||[still]
|-fail|p2b: Kangaskhan
|move|p1b: Gholdengo|Nasty Plot|p1b: Gholdengo
|-boost|p1b: Gholdengo|spa|2
|move|p2a: Annihilape|Drain Punch|p1a: Archaludon
|-supereffective|p1a: Archaludon|1
|-damage|p1a: Archaludon|28/100
|-heal|p2a: Annihilape|91/100|[from] drain|[of] p1a: Archaludon
|-ability|p1a: Archaludon|Stamina|boost
|-boost|p1a: Archaludon|def|1
|move|p1a: Archaludon|Electro Shot||[still]
|-prepare|p1a: Archaludon|Electro Shot
|-boost|p1a: Archaludon|spa|1
|-anim|p1a: Archaludon|Electro Shot|p2a: Annihilape
|-damage|p2a: Annihilape|30/100
|
|-weather|RainDance|[upkeep]
|-heal|p2a: Annihilape|37/100|[from] item: Leftovers
|-heal|p1a: Archaludon|34/100|[from] item: Leftovers
|upkeep
|turn|3
|
|t:|1782382771
|move|p1b: Gholdengo|Protect|p1b: Gholdengo
|-singleturn|p1b: Gholdengo|Protect
|move|p2a: Annihilape|Protect|p2a: Annihilape
|-singleturn|p2a: Annihilape|Protect
|move|p2b: Kangaskhan|Sucker Punch||[still]
|-fail|p2b: Kangaskhan
|move|p1a: Archaludon|Electro Shot||[still]
|-prepare|p1a: Archaludon|Electro Shot
|-boost|p1a: Archaludon|spa|1
|-anim|p1a: Archaludon|Electro Shot|p2b: Kangaskhan
|-damage|p2b: Kangaskhan|22/100
|
|-weather|RainDance|[upkeep]
|-heal|p2a: Annihilape|43/100|[from] item: Leftovers
|-heal|p1a: Archaludon|40/100|[from] item: Leftovers
|upkeep
|turn|4
|
|t:|1782382788
|move|p2b: Kangaskhan|Sucker Punch||[still]
|-fail|p2b: Kangaskhan
|move|p1b: Gholdengo|Nasty Plot|p1b: Gholdengo
|-boost|p1b: Gholdengo|spa|2
|move|p2a: Annihilape|Drain Punch|p1a: Archaludon
|-supereffective|p1a: Archaludon|1
|-damage|p1a: Archaludon|0 fnt
|-heal|p2a: Annihilape|62/100|[from] drain|[of] p1a: Archaludon
|faint|p1a: Archaludon
|
|-weather|RainDance|[upkeep]
|-heal|p2a: Annihilape|68/100|[from] item: Leftovers
|upkeep
|
|t:|1782382801
|switch|p1a: Swampert|Swampert, L50, F|100/100
|turn|5
|
|t:|1782382814
|switch|p2b: Aerodactyl|Aerodactyl, L50, F|100/100
|-ability|p2b: Aerodactyl|Unnerve
|detailschange|p1a: Swampert|Swampert-Mega, L50, F
|-mega|p1a: Swampert|Swampert|Swampertite
|move|p1b: Gholdengo|Protect|p1b: Gholdengo
|-singleturn|p1b: Gholdengo|Protect
|move|p2a: Annihilape|Protect|p2a: Annihilape
|-singleturn|p2a: Annihilape|Protect
|move|p1a: Swampert|Wave Crash|p2b: Aerodactyl
|-supereffective|p2b: Aerodactyl|1
|-enditem|p2b: Aerodactyl|Focus Sash
|-damage|p2b: Aerodactyl|1/100
|-damage|p1a: Swampert|74/100|[from] Recoil
|
|-weather|none
|-heal|p2a: Annihilape|74/100|[from] item: Leftovers
|upkeep
|turn|6
|
|t:|1782382828
|switch|p1b: Pelipper|Pelipper, L50, M|100/100
|-weather|RainDance|[from] ability: Drizzle|[of] p1b: Pelipper
|move|p1a: Swampert|Wave Crash|p2b: Aerodactyl
|-supereffective|p2b: Aerodactyl|1
|-damage|p2b: Aerodactyl|0 fnt
|faint|p2b: Aerodactyl
|-damage|p1a: Swampert|73/100|[from] Recoil
|move|p2a: Annihilape|Rage Fist|p1b: Pelipper
|-enditem|p1b: Pelipper|Focus Sash
|-damage|p1b: Pelipper|1/100
|
|-weather|RainDance|[upkeep]
|-heal|p2a: Annihilape|80/100|[from] item: Leftovers
|upkeep
|
|t:|1782382847
|switch|p2b: Kangaskhan|Kangaskhan-Mega, L50, F|22/100
|turn|7
|
|t:|1782382866
|switch|p1b: Gholdengo|Gholdengo, L50|100/100
|move|p1a: Swampert|Protect|p1a: Swampert
|-singleturn|p1a: Swampert|Protect
|move|p2b: Kangaskhan|Fake Out|p1b: Gholdengo
|-immune|p1b: Gholdengo
|move|p2a: Annihilape|Drain Punch|p1a: Swampert
|-activate|p1a: Swampert|move: Protect
|
|-weather|RainDance|[upkeep]
|-heal|p2a: Annihilape|87/100|[from] item: Leftovers
|upkeep
|turn|8
|
|t:|1782382880
|switch|p2b: Sinistcha|Sinistcha, L50|100/100
|-heal|p2a: Annihilape|100/100|[from] ability: Hospitality|[of] p2b: Sinistcha
|move|p1b: Gholdengo|Protect|p1b: Gholdengo
|-singleturn|p1b: Gholdengo|Protect
|move|p2a: Annihilape|Protect|p2a: Annihilape
|-singleturn|p2a: Annihilape|Protect
|move|p1a: Swampert|Wave Crash|p2b: Sinistcha
|-resisted|p2b: Sinistcha|1
|-damage|p2b: Sinistcha|59/100
|-damage|p1a: Swampert|61/100|[from] Recoil
|
|-weather|RainDance|[upkeep]
|upkeep
|turn|9
|inactive|Metaformina500 has 30 seconds left.
|inactive|Metaformina500 has 20 seconds left.
|inactive|Metaformina500 has 15 seconds left.
|inactive|Metaformina500 has 10 seconds left.
|inactive|Metaformina500 has 5 seconds left.
|
|t:|1782382935
|move|p2b: Sinistcha|Rage Powder|p2b: Sinistcha
|-singleturn|p2b: Sinistcha|move: Rage Powder
|move|p1a: Swampert|Wave Crash|p2b: Sinistcha
|-resisted|p2b: Sinistcha|1
|-damage|p2b: Sinistcha|17/100
|-damage|p1a: Swampert|48/100|[from] Recoil
|move|p1b: Gholdengo|Make It Rain|p2a: Annihilape|[spread] p2a,p2b
|-damage|p2a: Annihilape|52/100
|-damage|p2b: Sinistcha|0 fnt
|-unboost|p1b: Gholdengo|spa|2
|faint|p2b: Sinistcha
|-damage|p1b: Gholdengo|90/100|[from] item: Life Orb
|move|p2a: Annihilape|Rage Fist|p1b: Gholdengo
|-supereffective|p1b: Gholdengo|1
|-damage|p1b: Gholdengo|0 fnt
|faint|p1b: Gholdengo
|
|-weather|RainDance|[upkeep]
|-heal|p2a: Annihilape|58/100|[from] item: Leftovers
|upkeep
|
|t:|1782382959
|switch|p1b: Pelipper|Pelipper, L50, M|1/100
|switch|p2b: Kangaskhan|Kangaskhan-Mega, L50, F|22/100
|turn|10
|
|t:|1782382970
|move|p2b: Kangaskhan|Fake Out|p1a: Swampert
|-damage|p1a: Swampert|29/100
|-damage|p1a: Swampert|24/100
|-hitcount|p1a: Swampert|2
|cant|p1a: Swampert|flinch
|move|p1b: Pelipper|Tailwind|p1b: Pelipper
|-sidestart|p1: Metaformina500|move: Tailwind
|move|p2a: Annihilape|Rage Fist|p1b: Pelipper
|-damage|p1b: Pelipper|0 fnt
|faint|p1b: Pelipper
|
|-weather|none
|-heal|p2a: Annihilape|64/100|[from] item: Leftovers
|upkeep
|turn|11
|
|t:|1782382990
|move|p2b: Kangaskhan|Sucker Punch|p1a: Swampert
|-damage|p1a: Swampert|3/100
|-damage|p1a: Swampert|0 fnt
|faint|p1a: Swampert
|-hitcount|p1: Swampert|2
|
|win|meklae
|raw|Metaformina500's rating: 1086 → 1067(-19 for losing)
|raw|meklae's rating: 1146 → 1167(+21 for winning)
|l|☆meklae
|player|p2|
