|j|☆almagroalanzarote
|j|☆BeckVGC
|html|almagroalanzaroteBeckVGC    
|uhtml|bestof|Game 2 of a best-of-3
|t:|1784679671
|gametype|doubles
|player|p1|almagroalanzarote|nate|1211
|player|p2|BeckVGC|roughneck-gen4|1098
|gen|9
|tier|[Gen 9 Champions] VGC 2026 Reg M-B (Bo3)
|rated|
|rule|Species Clause: Limit one of each Pokémon
|rule|Item Clause: Limit 1 of each item
|clearpoke
|poke|p1|Blastoise, L50, F|
|poke|p1|Delphox, L50, F|
|poke|p1|Sneasler, L50, M|
|poke|p1|Incineroar, L50, F|
|poke|p1|Kingambit, L50, F|
|poke|p1|Sinistcha, L50|
|poke|p2|Liepard, L50, F|
|poke|p2|Primarina, L50, M|
|poke|p2|Delphox, L50, M|
|poke|p2|Garchomp, L50, M|
|poke|p2|Araquanid, L50, M|
|poke|p2|Tsareena, L50, F|
|teampreview|4
|showteam|p1|Blastoise||Blastoisinite|RainDish|WaterSpout,DarkPulse,ShellSmash,Protect|Modest||F|||50|]Delphox||Delphoxite|Blaze|HeatWave,Psyshock,NastyPlot,Protect|Timid||F|||50|]Sneasler||FocusSash|PoisonTouch|FakeOut,CloseCombat,DireClaw,QuickGuard|Jolly||M|||50|]Incineroar||SitrusBerry|Intimidate|FakeOut,FlareBlitz,PartingShot,HelpingHand|Impish||F|||50|]Kingambit||BlackGlasses|Defiant|KowtowCleave,SuckerPunch,SwordsDance,Protect|Adamant||F|||50|]Sinistcha||OccaBerry|Hospitality|MatchaGotcha,RagePowder,TrickRoom,Protect|Bold|||||50|
|showteam|p2|Liepard||FocusSash|Prankster|KnockOff,Encore,SunnyDay,FakeOut|Jolly||F|||50|]Primarina||LifeOrb|LiquidVoice|HyperVoice,Moonblast,EnergyBall,Protect|Quiet||M|||50|]Delphox||Delphoxite|Blaze|HeatWave,GrassKnot,Psyshock,Protect|Timid||M|||50|]Garchomp||LumBerry|RoughSkin|RockTomb,DragonClaw,Earthquake,Protect|Adamant||M|||50|]Araquanid||SitrusBerry|WaterBubble|Liquidation,WideGuard,LeechLife,PoisonJab|Brave||M|||50|]Tsareena||ChoiceScarf|QueenlyMajesty|PowerWhip,HighJumpKick,KnockOff,TripleAxel|Jolly||F|||50|
|inactive|Battle timer is ON: inactive players will automatically lose when time's up. (requested by BeckVGC)
|inactive|almagroalanzarote also wants the timer to be on.
|inactive|almagroalanzarote has 60 seconds left.
|
|t:|1784679714
|teamsize|p1|4
|teamsize|p2|4
|start
|switch|p1a: Delphox|Delphox, L50, F|100/100
|switch|p1b: Incineroar|Incineroar, L50, F|100/100
|switch|p2a: Liepard|Liepard, L50, F|100/100
|switch|p2b: Primarina|Primarina, L50, M|100/100
|-ability|p1b: Incineroar|Intimidate|boost
|-unboost|p2a: Liepard|atk|1
|-unboost|p2b: Primarina|atk|1
|turn|1
|
|t:|1784679726
|switch|p1b: Sinistcha|Sinistcha, L50|100/100
|move|p1a: Delphox|Protect|p1a: Delphox
|-singleturn|p1a: Delphox|Protect
|move|p2a: Liepard|Fake Out|p1b: Sinistcha
|-immune|p1b: Sinistcha
|move|p2b: Primarina|Hyper Voice|p1a: Delphox|[spread] p1b
|-activate|p1a: Delphox|move: Protect
|-resisted|p1b: Sinistcha|1
|-crit|p1b: Sinistcha
|-damage|p1b: Sinistcha|64/100
|-damage|p2b: Primarina|90/100|[from] item: Life Orb
|
|upkeep
|turn|2
|
|t:|1784679744
|switch|p1a: Incineroar|Incineroar, L50, F|100/100
|-ability|p1a: Incineroar|Intimidate|boost
|-unboost|p2a: Liepard|atk|1
|-unboost|p2b: Primarina|atk|1
|move|p2a: Liepard|Encore|p1a: Incineroar
|-hint|Since gen 7, Dark is immune to Prankster moves.
|-immune|p1a: Incineroar
|move|p1b: Sinistcha|Matcha Gotcha|p2a: Liepard|[spread] p2a,p2b
|-supereffective|p2b: Primarina|1
|-damage|p2a: Liepard|50/100g
|-heal|p1b: Sinistcha|84/100|[from] drain|[of] p2a: Liepard
|-damage|p2b: Primarina|47/100
|-heal|p1b: Sinistcha|100/100|[from] drain|[of] p2b: Primarina
|move|p2b: Primarina|Hyper Voice|p1a: Incineroar|[spread] p1a,p1b
|-supereffective|p1a: Incineroar|1
|-resisted|p1b: Sinistcha|1
|-damage|p1a: Incineroar|11/100
|-damage|p1b: Sinistcha|76/100
|-enditem|p1a: Incineroar|Sitrus Berry|[eat]
|-heal|p1a: Incineroar|36/100|[from] item: Sitrus Berry
|-damage|p2b: Primarina|37/100|[from] item: Life Orb
|
|upkeep
|turn|3
|
|t:|1784679767
|move|p2b: Primarina|Protect|p2b: Primarina
|-singleturn|p2b: Primarina|Protect
|move|p1a: Incineroar|Fake Out|p2a: Liepard
|-damage|p2a: Liepard|25/100
|cant|p2a: Liepard|flinch
|move|p1b: Sinistcha|Matcha Gotcha|p2b: Primarina|[spread] p2a
|-activate|p2b: Primarina|move: Protect
|-damage|p2a: Liepard|0 fnt
|-heal|p1b: Sinistcha|86/100|[from] drain|[of] p2a: Liepard
|faint|p2a: Liepard
|
|upkeep
|
|t:|1784679776
|switch|p2a: Delphox|Delphox, L50, M|100/100
|turn|4
|
|t:|1784679784
|detailschange|p2a: Delphox|Delphox-Mega, L50, M
|-mega|p2a: Delphox|Delphox|Delphoxite
|move|p2a: Delphox|Heat Wave|p1a: Incineroar|[spread] p1a,p1b
|-resisted|p1a: Incineroar|1
|-supereffective|p1b: Sinistcha|1
|-enditem|p1b: Sinistcha|Occa Berry|[eat]
|-enditem|p1b: Sinistcha|Occa Berry|[weaken]
|-damage|p1a: Incineroar|16/100
|-damage|p1b: Sinistcha|44/100
|move|p1a: Incineroar|Parting Shot|p2b: Primarina
|-unboost|p2b: Primarina|atk|1
|-unboost|p2b: Primarina|spa|1
|
|t:|1784679794
|switch|p1a: Sneasler|Sneasler, L50, M|100/100|[from] Parting Shot
|move|p1b: Sinistcha|Matcha Gotcha|p2b: Primarina|[spread] p2a,p2b
|-resisted|p2a: Delphox|1
|-supereffective|p2b: Primarina|1
|-damage|p2a: Delphox|88/100
|-heal|p1b: Sinistcha|49/100|[from] drain|[of] p2a: Delphox
|-damage|p2b: Primarina|0 fnt
|-heal|p1b: Sinistcha|69/100|[from] drain|[of] p2b: Primarina
|faint|p2b: Primarina
|
|upkeep
|
|t:|1784679798
|switch|p2b: Tsareena|Tsareena, L50, F|100/100
|turn|5
|
|t:|1784679819
|switch|p1a: Incineroar|Incineroar, L50, F|16/100
|-ability|p1a: Incineroar|Intimidate|boost
|-unboost|p2a: Delphox|atk|1
|-unboost|p2b: Tsareena|atk|1
|move|p1b: Sinistcha|Protect|p1b: Sinistcha
|-singleturn|p1b: Sinistcha|Protect
|move|p2a: Delphox|Heat Wave|p1b: Sinistcha|[spread] p1a
|-activate|p1b: Sinistcha|move: Protect
|-resisted|p1a: Incineroar|1
|-damage|p1a: Incineroar|0 fnt
|faint|p1a: Incineroar
|move|p2b: Tsareena|Knock Off|p1b: Sinistcha
|-activate|p1b: Sinistcha|move: Protect
|
|upkeep
|
|t:|1784679832
|switch|p1a: Sneasler|Sneasler, L50, M|100/100
|turn|6
|
|t:|1784679840
|move|p2a: Delphox|Heat Wave|p1a: Sneasler|[spread] p1a,p1b
|-supereffective|p1b: Sinistcha|1
|-damage|p1a: Sneasler|36/100
|-damage|p1b: Sinistcha|0 fnt
|faint|p1b: Sinistcha
|move|p2b: Tsareena|Knock Off|p1a: Sneasler
|-resisted|p1a: Sneasler|1
|-damage|p1a: Sneasler|19/100
|-enditem|p1a: Sneasler|Focus Sash|[from] move: Knock Off|[of] p2b: Tsareena
|move|p1a: Sneasler|Dire Claw|p2b: Tsareena
|-supereffective|p2b: Tsareena|1
|-damage|p2b: Tsareena|0 fnt
|faint|p2b: Tsareena
|
|upkeep
|
|t:|1784679852
|switch|p1b: Delphox|Delphox, L50, F|100/100
|turn|7
|inactive|almagroalanzarote has 30 seconds left.
|
|t:|1784679885
|detailschange|p1b: Delphox|Delphox-Mega, L50, F
|-mega|p1b: Delphox|Delphox|Delphoxite
|move|p2a: Delphox|Heat Wave|p1b: Delphox|[spread] p1a
|-miss|p2a: Delphox|p1b: Delphox
|-damage|p1a: Sneasler|0 fnt
|faint|p1a: Sneasler
|move|p1b: Delphox|Nasty Plot|p1b: Delphox
|-boost|p1b: Delphox|spa|2
|
|upkeep
|turn|8
|
|t:|1784679892
|move|p2a: Delphox|Psyshock|p1b: Delphox
|-resisted|p1b: Delphox|1
|-damage|p1b: Delphox|64/100
|move|p1b: Delphox|Psyshock|p2a: Delphox
|-resisted|p2a: Delphox|1
|-damage|p2a: Delphox|17/100
|
|upkeep
|turn|9
|
|t:|1784679898
|move|p2a: Delphox|Psyshock|p1b: Delphox
|-resisted|p1b: Delphox|1
|-damage|p1b: Delphox|28/100
|move|p1b: Delphox|Psyshock|p2a: Delphox
|-resisted|p2a: Delphox|1
|-damage|p2a: Delphox|0 fnt
|faint|p2a: Delphox
|
|win|almagroalanzarote
