|j|☆rf0nseca
|j|☆Hadrian1917
|html|rf0nsecaHadrian1917    
|uhtml|bestof|Game 1 of a best-of-3
|t:|1785460806
|gametype|doubles
|player|p1|rf0nseca|266|1001
|player|p2|Hadrian1917|169|1133
|gen|9
|tier|[Gen 9 Champions] VGC 2026 Reg M-B (Bo3)
|rated|
|rule|Species Clause: Limit one of each Pokémon
|rule|Item Clause: Limit 1 of each item
|clearpoke
|poke|p1|Glalie, L50, M|
|poke|p1|Bellibolt, L50, M|
|poke|p1|Basculegion, L50, M|
|poke|p1|Ninetales-Alola, L50, F|
|poke|p1|Maushold-Four, L50|
|poke|p1|Whimsicott, L50, M|
|poke|p2|Kingambit, L50, M|
|poke|p2|Staraptor, L50, M|
|poke|p2|Whimsicott, L50, F|
|poke|p2|Sinistcha, L50|
|poke|p2|Pelipper, L50, M|
|poke|p2|Incineroar, L50, M|
|teampreview|4
|showteam|p1|Glalie||Glalitite|InnerFocus|FreezeDry,IceShard,HyperBeam,Protect|Timid||M|||50|]Bellibolt||Magnet|Electromorphosis|Soak,ParabolicCharge,Thunderbolt,Protect|Modest||M|||50|]Basculegion||ChoiceScarf|Adaptability|Soak,LastRespects,WaveCrash,FlipTurn|Adamant||M|||50|]Ninetales-Alola||LightClay|SnowWarning|FreezeDry,Blizzard,AuroraVeil,Protect|Timid||F|||50|]Maushold-Four||SitrusBerry|FriendGuard|FollowMe,Taunt,PopulationBomb,Feint|Jolly|||||50|]Whimsicott||FocusSash|Prankster|Tailwind,Encore,Moonblast,FakeTears|Timid||M|||50|
|showteam|p2|Kingambit||BlackGlasses|Defiant|KowtowCleave,Protect,SwordsDance,SuckerPunch|Careful||M|||50|]Staraptor||Staraptite|Intimidate|CloseCombat,BrickBreak,DualWingbeat,Protect|Jolly||M|||50|]Whimsicott||FocusSash|Prankster|Moonblast,Charm,Tailwind,Encore|Modest||F|||50|]Sinistcha||BrightPowder|Hospitality|MatchaGotcha,LifeDew,Protect,RagePowder|Bold|||||50|]Pelipper||SitrusBerry|Drizzle|Hurricane,WeatherBall,WideGuard,Protect|Calm||M|||50|]Incineroar||ShucaBerry|Intimidate|FlareBlitz,FakeOut,PartingShot,ThroatChop|Adamant||M|||50|
|inactive|Battle timer is ON: inactive players will automatically lose when time's up. (requested by Hadrian1917)
|inactive|Hadrian1917 has 60 seconds left.
|l|☆rf0nseca
|inactive|rf0nseca disconnected and has a minute to reconnect!
|player|p1|
|
|t:|1785460857
|teamsize|p1|4
|teamsize|p2|4
|start
|switch|p1a: Glalie|Glalie, L50, M|100/100
|switch|p1b: Whimsicott|Whimsicott, L50, M|100/100
|switch|p2a: Kingambit|Kingambit, L50, M|100/100
|switch|p2b: Incineroar|Incineroar, L50, M|100/100
|-ability|p2b: Incineroar|Intimidate|boost
|-fail|p1a: Glalie|unboost|Attack|[from] ability: Inner Focus|[of] p1a: Glalie
|-unboost|p1b: Whimsicott|atk|1
|turn|1
|j|☆rf0nseca
|inactive|rf0nseca reconnected and has 40 seconds left.
|player|p1|rf0nseca|266|
|inactive|rf0nseca has 30 seconds left.
|
|t:|1785460890
|detailschange|p1a: Glalie|Glalie-Mega, L50, M
|-mega|p1a: Glalie|Glalie|Glalitite
|move|p1a: Glalie|Protect|p1a: Glalie
|-singleturn|p1a: Glalie|Protect
|move|p1b: Whimsicott|Tailwind|p1b: Whimsicott
|-sidestart|p1: rf0nseca|move: Tailwind
|move|p2b: Incineroar|Parting Shot|p1a: Glalie
|-activate|p1a: Glalie|move: Protect
|move|p2a: Kingambit|Swords Dance|p2a: Kingambit
|-boost|p2a: Kingambit|atk|2
|
|upkeep
|turn|2
|inactive|rf0nseca has 30 seconds left.
|
|t:|1785460923
|move|p1b: Whimsicott|Encore|p2a: Kingambit
|-hint|Since gen 7, Dark is immune to Prankster moves.
|-immune|p2a: Kingambit
|move|p1a: Glalie|Hyper Beam|p2a: Kingambit
|-resisted|p2a: Kingambit|1
|-damage|p2a: Kingambit|73/100
|-mustrecharge|p1a: Glalie
|move|p2b: Incineroar|Parting Shot|p1a: Glalie
|-unboost|p1a: Glalie|atk|1
|-unboost|p1a: Glalie|spa|1
|
|t:|1785460931
|switch|p2b: Sinistcha|Sinistcha, L50|100/100|[from] Parting Shot
|-heal|p2a: Kingambit|98/100|[from] ability: Hospitality|[of] p2b: Sinistcha
|move|p2a: Kingambit|Swords Dance|p2a: Kingambit
|-boost|p2a: Kingambit|atk|2
|
|upkeep
|turn|3
|
|t:|1785460947
|move|p1b: Whimsicott|Moonblast|p2a: Kingambit
|-damage|p2a: Kingambit|71/100
|cant|p1a: Glalie|recharge
|move|p2b: Sinistcha|Matcha Gotcha|p1a: Glalie|[spread] p1a,p1b
|-crit|p1a: Glalie
|-resisted|p1b: Whimsicott|1
|-damage|p1a: Glalie|56/100
|-damage|p1b: Whimsicott|80/100
|move|p2a: Kingambit|Kowtow Cleave|p1a: Glalie
|-damage|p1a: Glalie|0 fnt
|faint|p1a: Glalie
|
|upkeep
|
|t:|1785460960
|switch|p1a: Bellibolt|Bellibolt, L50, M|100/100
|turn|4
|
|t:|1785460972
|switch|p2b: Incineroar|Incineroar, L50, M|100/100
|-ability|p2b: Incineroar|Intimidate|boost
|-unboost|p1a: Bellibolt|atk|1
|-unboost|p1b: Whimsicott|atk|1
|move|p2a: Kingambit|Protect|p2a: Kingambit
|-singleturn|p2a: Kingambit|Protect
|move|p1b: Whimsicott|Moonblast|p2a: Kingambit
|-activate|p2a: Kingambit|move: Protect
|move|p1a: Bellibolt|Soak|p2a: Kingambit
|-activate|p2a: Kingambit|move: Protect
|
|-sideend|p1: rf0nseca|move: Tailwind
|upkeep
|turn|5
|
|t:|1785460990
|switch|p1b: Maushold|Maushold-Four, L50|100/100
|move|p1a: Bellibolt|Protect|p1a: Bellibolt
|-singleturn|p1a: Bellibolt|Protect
|move|p2b: Incineroar|Flare Blitz|p1b: Maushold
|-damage|p1b: Maushold|22/100
|-status|p1b: Maushold|brn
|-enditem|p1b: Maushold|Sitrus Berry|[eat]
|-heal|p1b: Maushold|47/100 brn|[from] item: Sitrus Berry
|-damage|p2b: Incineroar|80/100|[from] Recoil
|move|p2a: Kingambit|Kowtow Cleave|p1a: Bellibolt
|-activate|p1a: Bellibolt|move: Protect
|
|-damage|p1b: Maushold|41/100 brn|[from] brn
|upkeep
|turn|6
|
|t:|1785461009
|switch|p2b: Sinistcha|Sinistcha, L50|100/100
|-heal|p2a: Kingambit|95/100|[from] ability: Hospitality|[of] p2b: Sinistcha
|move|p2a: Kingambit|Protect|p2a: Kingambit
|-singleturn|p2a: Kingambit|Protect
|move|p1b: Maushold|Feint|p2a: Kingambit
|-activate|p2a: Kingambit|move: Feint
|-resisted|p2a: Kingambit|1
|-damage|p2a: Kingambit|93/100
|move|p1a: Bellibolt|Soak|p2a: Kingambit
|-start|p2a: Kingambit|typechange|Water
|
|-damage|p1b: Maushold|35/100 brn|[from] brn
|upkeep
|turn|7
|inactive|rf0nseca has 30 seconds left.
|
|t:|1785461034
|move|p2b: Sinistcha|Rage Powder|p2b: Sinistcha
|-singleturn|p2b: Sinistcha|move: Rage Powder
|move|p1b: Maushold|Population Bomb|p2b: Sinistcha
|-immune|p2b: Sinistcha
|move|p1a: Bellibolt|Parabolic Charge|p2b: Sinistcha|[spread] p1b,p2a,p2b
|-supereffective|p2a: Kingambit|1
|-resisted|p2b: Sinistcha|1
|-damage|p1b: Maushold|0 fnt
|-damage|p2a: Kingambit|52/100
|-damage|p2b: Sinistcha|86/100
|faint|p1b: Maushold
|move|p2a: Kingambit|Kowtow Cleave|p1a: Bellibolt
|-damage|p1a: Bellibolt|19/100
|-start|p1a: Bellibolt|Charge|Kowtow Cleave|[from] ability: Electromorphosis
|
|upkeep
|
|t:|1785461039
|switch|p1b: Whimsicott|Whimsicott, L50, M|80/100
|turn|8
|
|t:|1785461054
|move|p1b: Whimsicott|Tailwind|p1b: Whimsicott
|-sidestart|p1: rf0nseca|move: Tailwind
|move|p2a: Kingambit|Sucker Punch|p1a: Bellibolt
|-damage|p1a: Bellibolt|0 fnt
|faint|p1a: Bellibolt
|move|p2b: Sinistcha|Life Dew|p2b: Sinistcha|[spread] p2a,p2b
|-heal|p2a: Kingambit|77/100
|-heal|p2b: Sinistcha|100/100
|
|upkeep
|turn|9
|-message|rf0nseca forfeited.
|
|win|Hadrian1917
|l|☆rf0nseca
|player|p1|
|raw|rf0nseca's rating: 1001 → 1000(-1 for losing)
|raw|Hadrian1917's rating: 1133 → 1149(+16 for winning)
