|j|☆predahound
|j|☆avigdor
|html|predahoundavigdor    
|uhtml|bestof|Game 3 of a best-of-3
|t:|1757245026
|gametype|doubles
|player|p1|predahound|volkner|1115
|player|p2|avigdor|sabrina|1191
|gen|9
|tier|[Gen 9] VGC 2025 Reg H (Bo3)
|rated|
|rule|Species Clause: Limit one of each Pokémon
|rule|Item Clause: Limit 1 of each item
|clearpoke
|poke|p1|Incineroar, L50, M|
|poke|p1|Rillaboom, L50, F|
|poke|p1|Pelipper, L50, F|
|poke|p1|Electabuzz, L50, M|
|poke|p1|Gengar, L50, M|
|poke|p1|Baxcalibur, L50, F|
|poke|p2|Charizard, L50, F|
|poke|p2|Torkoal, L50, F|
|poke|p2|Porygon2, L50|
|poke|p2|Incineroar, L50, F|
|poke|p2|Jumpluff, L50, M|
|poke|p2|Ursaluna, L50, M|
|teampreview|4
|showteam|p1|Incineroar||FigyBerry|Intimidate|FakeOut,KnockOff,PartingShot,WillOWisp|||M|||50|,,,,,Dragon]Rillaboom||AssaultVest|GrassySurge|FakeOut,GrassyGlide,KnockOff,Uturn|||F|||50|,,,,,Fire]Pelipper||FocusSash|Drizzle|MuddyWater,Hurricane,Tailwind,Protect|||F|||50|,,,,,Ground]Electabuzz||Eviolite|VitalSpirit|Electroweb,FollowMe,EerieImpulse,Protect|||M|||50|,,,,,Ghost]Gengar||LifeOrb|CursedBody|ShadowBall,SludgeBomb,Taunt,Protect|||M|||50|,,,,,Stellar]Baxcalibur||ClearAmulet|ThermalExchange|IcicleCrash,HighHorsepower,DragonDance,Protect|||F|||50|,,,,,Poison
|showteam|p2|Charizard||ChoiceSpecs|SolarPower|HeatWave,Overheat,WeatherBall,AirSlash|||F|||50|,,,,,Ghost]Torkoal||EjectPack|Drought|Eruption,Overheat,HelpingHand,Protect|||F|||50|,,,,,Fire]Porygon2||Eviolite|Download|TeraBlast,IceBeam,Recover,TrickRoom||||||50|,,,,,Fighting]Incineroar||SitrusBerry|Intimidate|FlareBlitz,KnockOff,FakeOut,PartingShot|||F|||50|,,,,,Ghost]Jumpluff||CovertCloak|Chlorophyll|SleepPowder,SunnyDay,RagePowder,Tailwind|||M|||50|,,,,,Water]Ursaluna||FlameOrb|Guts|HeadlongRush,Facade,Earthquake,Protect|||M|||50|,,,,,Ghost
|inactive|Battle timer is ON: inactive players will automatically lose when time's up. (requested by avigdor)
|
|t:|1757245046
|teamsize|p1|4
|teamsize|p2|4
|start
|switch|p1a: Incineroar|Incineroar, L50, M|100/100
|switch|p1b: Rillaboom|Rillaboom, L50, F|100/100
|switch|p2a: Jumpluff|Jumpluff, L50, M|100/100
|switch|p2b: Porygon2|Porygon2, L50|100/100
|-fieldstart|move: Grassy Terrain|[from] ability: Grassy Surge|[of] p1b: Rillaboom
|-ability|p1a: Incineroar|Intimidate|boost
|-unboost|p2a: Jumpluff|atk|1
|-unboost|p2b: Porygon2|atk|1
|-ability|p2b: Porygon2|Download|boost
|-boost|p2b: Porygon2|atk|1
|turn|1
|inactive|predahound has 30 seconds left.
|
|t:|1757245072
|move|p2a: Jumpluff|Sleep Powder|p1a: Incineroar
|-status|p1a: Incineroar|slp|[from] move: Sleep Powder
|move|p1b: Rillaboom|Knock Off|p2b: Porygon2
|-damage|p2b: Porygon2|78/100
|-enditem|p2b: Porygon2|Eviolite|[from] move: Knock Off|[of] p1b: Rillaboom
|move|p2b: Porygon2|Ice Beam|p1b: Rillaboom
|-supereffective|p1b: Rillaboom
|-damage|p1b: Rillaboom|63/100
|cant|p1a: Incineroar|slp
|
|-heal|p1b: Rillaboom|69/100|[from] Grassy Terrain
|-heal|p2b: Porygon2|84/100|[from] Grassy Terrain
|upkeep
|turn|2
|
|t:|1757245093
|switch|p2b: Incineroar|Incineroar, L50, F|100/100
|-ability|p2b: Incineroar|Intimidate|boost
|-unboost|p1a: Incineroar|atk|1
|-unboost|p1b: Rillaboom|atk|1
|move|p2a: Jumpluff|Tailwind|p2a: Jumpluff
|-sidestart|p2: avigdor|move: Tailwind
|move|p1b: Rillaboom|Knock Off|p2a: Jumpluff
|-damage|p2a: Jumpluff|75/100
|-enditem|p2a: Jumpluff|Covert Cloak|[from] move: Knock Off|[of] p1b: Rillaboom
|cant|p1a: Incineroar|slp
|
|-heal|p1b: Rillaboom|75/100|[from] Grassy Terrain
|upkeep
|turn|3
|inactive|predahound has 30 seconds left.
|
|t:|1757245120
|switch|p1b: Pelipper|Pelipper, L50, F|100/100
|-weather|RainDance|[from] ability: Drizzle|[of] p1b: Pelipper
|move|p2a: Jumpluff|Sunny Day|p2a: Jumpluff
|-weather|SunnyDay
|move|p2b: Incineroar|Flare Blitz|p1b: Pelipper
|-resisted|p1b: Pelipper
|-damage|p1b: Pelipper|50/100
|-damage|p2b: Incineroar|89/100|[from] Recoil
|-curestatus|p1a: Incineroar|slp|[msg]
|move|p1a: Incineroar|Parting Shot|p2b: Incineroar
|-unboost|p2b: Incineroar|atk|1
|-unboost|p2b: Incineroar|spa|1
|
|t:|1757245133
|switch|p1a: Rillaboom|Rillaboom, L50, F|75/100|[from] Parting Shot
|
|-weather|SunnyDay|[upkeep]
|-heal|p2b: Incineroar|95/100|[from] Grassy Terrain
|-heal|p1a: Rillaboom|81/100|[from] Grassy Terrain
|upkeep
|turn|4
|
|t:|1757245143
|switch|p1b: Incineroar|Incineroar, L50, M|100/100
|-ability|p1b: Incineroar|Intimidate|boost
|-unboost|p2a: Jumpluff|atk|1
|-unboost|p2b: Incineroar|atk|1
|move|p1a: Rillaboom|Fake Out|p2a: Jumpluff
|-damage|p2a: Jumpluff|59/100
|cant|p2a: Jumpluff|flinch
|move|p2b: Incineroar|Knock Off|p1b: Incineroar
|-resisted|p1b: Incineroar
|-damage|p1b: Incineroar|92/100
|-enditem|p1b: Incineroar|Figy Berry|[from] move: Knock Off|[of] p2b: Incineroar
|
|-weather|SunnyDay|[upkeep]
|-heal|p2b: Incineroar|100/100|[from] Grassy Terrain
|-heal|p1a: Rillaboom|87/100|[from] Grassy Terrain
|-heal|p1b: Incineroar|98/100|[from] Grassy Terrain
|upkeep
|turn|5
|inactive|predahound has 30 seconds left.
|
|t:|1757245169
|switch|p2b: Porygon2|Porygon2, L50|84/100
|-ability|p2b: Porygon2|Download|boost
|-boost|p2b: Porygon2|atk|1
|switch|p1a: Pelipper|Pelipper, L50, F|50/100
|-weather|RainDance|[from] ability: Drizzle|[of] p1a: Pelipper
|move|p1b: Incineroar|Fake Out|p2a: Jumpluff
|-damage|p2a: Jumpluff|46/100
|cant|p2a: Jumpluff|flinch
|
|-weather|RainDance|[upkeep]
|-heal|p2b: Porygon2|91/100|[from] Grassy Terrain
|-heal|p1b: Incineroar|100/100|[from] Grassy Terrain
|-sideend|p2: avigdor|move: Tailwind
|-fieldend|move: Grassy Terrain
|upkeep
|turn|6
|inactive|predahound has 30 seconds left.
|inactive|avigdor has 30 seconds left.
|
|t:|1757245195
|switch|p1a: Rillaboom|Rillaboom, L50, F|87/100
|-fieldstart|move: Grassy Terrain|[from] ability: Grassy Surge|[of] p1a: Rillaboom
|move|p2a: Jumpluff|Sunny Day|p2a: Jumpluff
|-weather|SunnyDay
|move|p2b: Porygon2|Tera Blast|p1a: Rillaboom
|-damage|p1a: Rillaboom|58/100
|move|p1b: Incineroar|Parting Shot|p2b: Porygon2
|-unboost|p2b: Porygon2|atk|1
|-unboost|p2b: Porygon2|spa|1
|
|t:|1757245220
|switch|p1b: Baxcalibur|Baxcalibur, L50, F|100/100|[from] Parting Shot
|
|-weather|SunnyDay|[upkeep]
|-heal|p1a: Rillaboom|64/100|[from] Grassy Terrain
|-heal|p2b: Porygon2|97/100|[from] Grassy Terrain
|upkeep
|turn|7
|inactive|avigdor has 30 seconds left.
|
|t:|1757245252
|move|p1a: Rillaboom|Fake Out|p2a: Jumpluff
|-damage|p2a: Jumpluff|28/100
|cant|p2a: Jumpluff|flinch
|move|p1b: Baxcalibur|Dragon Dance|p1b: Baxcalibur
|-boost|p1b: Baxcalibur|atk|1
|-boost|p1b: Baxcalibur|spe|1
|move|p2b: Porygon2|Ice Beam|p1a: Rillaboom
|-supereffective|p1a: Rillaboom
|-damage|p1a: Rillaboom|40/100
|
|-weather|SunnyDay|[upkeep]
|-heal|p1a: Rillaboom|46/100|[from] Grassy Terrain
|-heal|p2b: Porygon2|100/100|[from] Grassy Terrain
|upkeep
|turn|8
|
|t:|1757245267
|switch|p1a: Pelipper|Pelipper, L50, F|50/100
|-weather|RainDance|[from] ability: Drizzle|[of] p1a: Pelipper
|move|p1b: Baxcalibur|Icicle Crash|p2a: Jumpluff|[miss]
|-miss|p1b: Baxcalibur|p2a: Jumpluff
|move|p2a: Jumpluff|Sleep Powder|p1b: Baxcalibur
|-status|p1b: Baxcalibur|slp|[from] move: Sleep Powder
|move|p2b: Porygon2|Ice Beam|p1a: Pelipper
|-damage|p1a: Pelipper|17/100
|
|-weather|RainDance|[upkeep]
|upkeep
|turn|9
|inactive|avigdor has 30 seconds left.
|inactive|avigdor has 20 seconds left.
|
|t:|1757245303
|switch|p1a: Rillaboom|Rillaboom, L50, F|46/100
|cant|p1b: Baxcalibur|slp
|move|p2a: Jumpluff|Tailwind|p2a: Jumpluff
|-sidestart|p2: avigdor|move: Tailwind
|move|p2b: Porygon2|Ice Beam|p1a: Rillaboom
|-supereffective|p1a: Rillaboom
|-damage|p1a: Rillaboom|18/100
|
|-weather|RainDance|[upkeep]
|-heal|p1a: Rillaboom|24/100|[from] Grassy Terrain
|upkeep
|turn|10
|
|t:|1757245320
|switch|p2a: Incineroar|Incineroar, L50, F|100/100
|-ability|p2a: Incineroar|Intimidate|boost
|-unboost|p1a: Rillaboom|atk|1
|-fail|p1b: Baxcalibur|unboost|[from] item: Clear Amulet|[of] p1b: Baxcalibur
|switch|p1a: Incineroar|Incineroar, L50, M|100/100
|-ability|p1a: Incineroar|Intimidate|boost
|-unboost|p2a: Incineroar|atk|1
|-unboost|p2b: Porygon2|atk|1
|-terastallize|p2b: Porygon2|Fighting
|cant|p1b: Baxcalibur|slp
|move|p2b: Porygon2|Tera Blast|p1b: Baxcalibur|[anim] Tera Blast Fighting
|-supereffective|p1b: Baxcalibur
|-damage|p1b: Baxcalibur|56/100 slp
|
|-weather|RainDance|[upkeep]
|-heal|p1b: Baxcalibur|62/100 slp|[from] Grassy Terrain
|-fieldend|move: Grassy Terrain
|upkeep
|turn|11
|
|t:|1757245343
|-curestatus|p1b: Baxcalibur|slp|[msg]
|move|p1b: Baxcalibur|Protect|p1b: Baxcalibur
|-singleturn|p1b: Baxcalibur|Protect
|move|p1a: Incineroar|Fake Out|p2b: Porygon2
|-damage|p2b: Porygon2|91/100
|move|p2a: Incineroar|Knock Off|p1b: Baxcalibur
|-activate|p1b: Baxcalibur|move: Protect
|cant|p2b: Porygon2|flinch
|
|-weather|RainDance|[upkeep]
|upkeep
|turn|12
|
|t:|1757245362
|-terastallize|p1b: Baxcalibur|Poison
|move|p2a: Incineroar|Knock Off|p1b: Baxcalibur
|-damage|p1b: Baxcalibur|36/100
|-enditem|p1b: Baxcalibur|Clear Amulet|[from] move: Knock Off|[of] p2a: Incineroar
|move|p1b: Baxcalibur|High Horsepower|p2a: Incineroar
|-supereffective|p2a: Incineroar
|-damage|p2a: Incineroar|14/100
|-enditem|p2a: Incineroar|Sitrus Berry|[eat]
|-heal|p2a: Incineroar|39/100|[from] item: Sitrus Berry
|move|p2b: Porygon2|Ice Beam|p1b: Baxcalibur
|-damage|p1b: Baxcalibur|20/100
|move|p1a: Incineroar|Parting Shot|p2b: Porygon2
|-unboost|p2b: Porygon2|atk|1
|-unboost|p2b: Porygon2|spa|1
|
|t:|1757245377
|switch|p1a: Rillaboom|Rillaboom, L50, F|24/100|[from] Parting Shot
|-fieldstart|move: Grassy Terrain|[from] ability: Grassy Surge|[of] p1a: Rillaboom
|
|-weather|none
|-heal|p2a: Incineroar|45/100|[from] Grassy Terrain
|-heal|p1b: Baxcalibur|26/100|[from] Grassy Terrain
|-heal|p2b: Porygon2|97/100|[from] Grassy Terrain
|-heal|p1a: Rillaboom|30/100|[from] Grassy Terrain
|-sideend|p2: avigdor|move: Tailwind
|upkeep
|turn|13
|
|t:|1757245395
|switch|p2a: Ursaluna|Ursaluna, L50, M|100/100
|move|p1a: Rillaboom|Fake Out|p2b: Porygon2
|-damage|p2b: Porygon2|84/100
|move|p1b: Baxcalibur|High Horsepower|p2a: Ursaluna
|-damage|p2a: Ursaluna|61/100
|cant|p2b: Porygon2|flinch
|
|-heal|p1b: Baxcalibur|32/100|[from] Grassy Terrain
|-heal|p1a: Rillaboom|35/100|[from] Grassy Terrain
|-heal|p2a: Ursaluna|67/100|[from] Grassy Terrain
|-heal|p2b: Porygon2|91/100|[from] Grassy Terrain
|-status|p2a: Ursaluna|brn|[from] item: Flame Orb
|upkeep
|turn|14
|
|t:|1757245419
|switch|p2a: Incineroar|Incineroar, L50, F|45/100
|-ability|p2a: Incineroar|Intimidate|boost
|-unboost|p1a: Rillaboom|atk|1
|-unboost|p1b: Baxcalibur|atk|1
|move|p1a: Rillaboom|Grassy Glide|p2b: Porygon2
|-damage|p2b: Porygon2|66/100
|move|p1b: Baxcalibur|High Horsepower|p2b: Porygon2
|-damage|p2b: Porygon2|33/100
|move|p2b: Porygon2|Trick Room|p2b: Porygon2
|-fieldstart|move: Trick Room|[of] p2b: Porygon2
|
|-heal|p2b: Porygon2|39/100|[from] Grassy Terrain
|-heal|p2a: Incineroar|51/100|[from] Grassy Terrain
|-heal|p1a: Rillaboom|41/100|[from] Grassy Terrain
|-heal|p1b: Baxcalibur|38/100|[from] Grassy Terrain
|upkeep
|turn|15
|inactive|avigdor has 30 seconds left.
|
|t:|1757245448
|switch|p1a: Incineroar|Incineroar, L50, M|100/100
|-ability|p1a: Incineroar|Intimidate|boost
|-unboost|p2a: Incineroar|atk|1
|-unboost|p2b: Porygon2|atk|1
|move|p1b: Baxcalibur|Protect|p1b: Baxcalibur
|-singleturn|p1b: Baxcalibur|Protect
|move|p2b: Porygon2|Recover|p2b: Porygon2
|-heal|p2b: Porygon2|89/100
|move|p2a: Incineroar|Flare Blitz|p1a: Incineroar
|-resisted|p1a: Incineroar
|-damage|p1a: Incineroar|86/100
|-damage|p2a: Incineroar|46/100|[from] Recoil
|
|-heal|p2b: Porygon2|95/100|[from] Grassy Terrain
|-heal|p1a: Incineroar|92/100|[from] Grassy Terrain
|-heal|p2a: Incineroar|52/100|[from] Grassy Terrain
|-heal|p1b: Baxcalibur|44/100|[from] Grassy Terrain
|upkeep
|turn|16
|inactive|predahound has 30 seconds left.
|
|t:|1757245477
|switch|p2b: Ursaluna|Ursaluna, L50, M|67/100 brn
|move|p1a: Incineroar|Knock Off|p2a: Incineroar
|-resisted|p2a: Incineroar
|-damage|p2a: Incineroar|40/100
|move|p2a: Incineroar|Parting Shot|p1b: Baxcalibur
|-unboost|p1b: Baxcalibur|atk|1
|-unboost|p1b: Baxcalibur|spa|1
|
|t:|1757245486
|switch|p2a: Porygon2|Porygon2, L50, tera:Fighting|95/100|[from] Parting Shot
|-ability|p2a: Porygon2|Download|boost
|-boost|p2a: Porygon2|atk|1
|move|p1b: Baxcalibur|High Horsepower|p2a: Porygon2
|-damage|p2a: Porygon2|75/100
|
|-heal|p1a: Incineroar|98/100|[from] Grassy Terrain
|-heal|p2a: Porygon2|81/100|[from] Grassy Terrain
|-heal|p2b: Ursaluna|73/100 brn|[from] Grassy Terrain
|-heal|p1b: Baxcalibur|50/100|[from] Grassy Terrain
|-damage|p2b: Ursaluna|67/100 brn|[from] brn
|-fieldend|move: Grassy Terrain
|upkeep
|turn|17
|
|t:|1757245509
|switch|p1a: Pelipper|Pelipper, L50, F|17/100
|-weather|RainDance|[from] ability: Drizzle|[of] p1a: Pelipper
|move|p1b: Baxcalibur|Protect|p1b: Baxcalibur
|-singleturn|p1b: Baxcalibur|Protect
|move|p2a: Porygon2|Tera Blast|p1a: Pelipper|[anim] Tera Blast Fighting
|-resisted|p1a: Pelipper
|-damage|p1a: Pelipper|0 fnt
|faint|p1a: Pelipper
|move|p2b: Ursaluna|Earthquake|p1b: Baxcalibur|[spread] p2a
|-activate|p1b: Baxcalibur|move: Protect
|-damage|p2a: Porygon2|18/100
|
|-weather|RainDance|[upkeep]
|-damage|p2b: Ursaluna|61/100 brn|[from] brn
|upkeep
|
|t:|1757245526
|switch|p1a: Rillaboom|Rillaboom, L50, F|41/100
|-fieldstart|move: Grassy Terrain|[from] ability: Grassy Surge|[of] p1a: Rillaboom
|turn|18
|
|t:|1757245547
|switch|p2a: Incineroar|Incineroar, L50, F|40/100
|-ability|p2a: Incineroar|Intimidate|boost
|-unboost|p1a: Rillaboom|atk|1
|-unboost|p1b: Baxcalibur|atk|1
|move|p2b: Ursaluna|Protect|p2b: Ursaluna
|-singleturn|p2b: Ursaluna|Protect
|move|p1a: Rillaboom|Fake Out|p2a: Incineroar
|-crit|p2a: Incineroar
|-damage|p2a: Incineroar|21/100
|move|p1b: Baxcalibur|Dragon Dance|p1b: Baxcalibur
|-boost|p1b: Baxcalibur|atk|1
|-boost|p1b: Baxcalibur|spe|1
|
|-weather|RainDance|[upkeep]
|-heal|p2b: Ursaluna|67/100 brn|[from] Grassy Terrain
|-heal|p1a: Rillaboom|47/100|[from] Grassy Terrain
|-heal|p2a: Incineroar|27/100|[from] Grassy Terrain
|-heal|p1b: Baxcalibur|56/100|[from] Grassy Terrain
|-damage|p2b: Ursaluna|61/100 brn|[from] brn
|-fieldend|move: Trick Room
|upkeep
|turn|19
|inactive|avigdor has 30 seconds left.
|
|t:|1757245573
|switch|p1a: Incineroar|Incineroar, L50, M|98/100
|-ability|p1a: Incineroar|Intimidate|boost
|-unboost|p2a: Incineroar|atk|1
|-unboost|p2b: Ursaluna|atk|1
|move|p1b: Baxcalibur|Protect|p1b: Baxcalibur
|-singleturn|p1b: Baxcalibur|Protect
|move|p2a: Incineroar|Parting Shot|p1b: Baxcalibur
|-activate|p1b: Baxcalibur|move: Protect
|move|p2b: Ursaluna|Headlong Rush|p1b: Baxcalibur
|-activate|p1b: Baxcalibur|move: Protect
|
|-weather|RainDance|[upkeep]
|-heal|p1b: Baxcalibur|62/100|[from] Grassy Terrain
|-heal|p2a: Incineroar|33/100|[from] Grassy Terrain
|-heal|p2b: Ursaluna|67/100 brn|[from] Grassy Terrain
|-heal|p1a: Incineroar|100/100|[from] Grassy Terrain
|-damage|p2b: Ursaluna|61/100 brn|[from] brn
|upkeep
|turn|20
|inactive|predahound has 30 seconds left.
|inactive|predahound has 20 seconds left.
|
|t:|1757245589
|switch|p2b: Porygon2|Porygon2, L50, tera:Fighting|18/100
|-ability|p2b: Porygon2|Download|boost
|-boost|p2b: Porygon2|atk|1
|move|p1a: Incineroar|Fake Out|p2b: Porygon2
|-damage|p2b: Porygon2|7/100
|move|p1b: Baxcalibur|High Horsepower|p2a: Incineroar
|-supereffective|p2a: Incineroar
|-damage|p2a: Incineroar|0 fnt
|faint|p2a: Incineroar
|
|-weather|RainDance|[upkeep]
|-heal|p1b: Baxcalibur|68/100|[from] Grassy Terrain
|-heal|p2b: Porygon2|14/100|[from] Grassy Terrain
|upkeep
|
|t:|1757245604
|switch|p2a: Ursaluna|Ursaluna, L50, M|61/100 brn
|turn|21
|inactive|predahound has 20 seconds left this turn.
|inactive|predahound has 15 seconds left.
|inactive|predahound has 10 seconds left.
|inactive|avigdor has 30 seconds left.
|inactive|avigdor has 20 seconds left.
|inactive|avigdor has 15 seconds left.
|
|t:|1757245634
|move|p1b: Baxcalibur|High Horsepower|p2b: Porygon2
|-damage|p2b: Porygon2|0 fnt
|faint|p2b: Porygon2
|move|p2a: Ursaluna|Headlong Rush|p1b: Baxcalibur
|-supereffective|p1b: Baxcalibur
|-damage|p1b: Baxcalibur|0 fnt
|-unboost|p2a: Ursaluna|def|1
|-unboost|p2a: Ursaluna|spd|1
|faint|p1b: Baxcalibur
|move|p1a: Incineroar|Parting Shot|p2a: Ursaluna
|-unboost|p2a: Ursaluna|atk|1
|-unboost|p2a: Ursaluna|spa|1
|inactive|predahound has 10 seconds left this turn.
|
|t:|1757245639
|switch|p1a: Rillaboom|Rillaboom, L50, F|47/100|[from] Parting Shot
|
|-weather|none
|-heal|p1a: Rillaboom|53/100|[from] Grassy Terrain
|-heal|p2a: Ursaluna|67/100 brn|[from] Grassy Terrain
|-damage|p2a: Ursaluna|61/100 brn|[from] brn
|upkeep
|inactive|predahound has 10 seconds left this turn.
|inactive|avigdor has 15 seconds left this turn.
|inactive|avigdor has 10 seconds left.
|
|t:|1757245648
|switch|p1b: Incineroar|Incineroar, L50, M|100/100
|switch|p2b: Jumpluff|Jumpluff, L50, M|28/100
|-ability|p1b: Incineroar|Intimidate|boost
|-unboost|p2a: Ursaluna|atk|1
|-unboost|p2b: Jumpluff|atk|1
|turn|22
|inactive|predahound has 10 seconds left this turn.
|inactive|avigdor has 10 seconds left this turn.
|inactive|predahound has 5 seconds left.
|inactive|avigdor has 5 seconds left.
|
|t:|1757245658
|move|p1b: Incineroar|Fake Out|p2b: Jumpluff
|-damage|p2b: Jumpluff|16/100
|move|p1a: Rillaboom|Grassy Glide|p2a: Ursaluna
|-supereffective|p2a: Ursaluna
|-damage|p2a: Ursaluna|0 fnt
|faint|p2a: Ursaluna
|cant|p2b: Jumpluff|flinch
|
|-heal|p1a: Rillaboom|59/100|[from] Grassy Terrain
|-fieldend|move: Grassy Terrain
|upkeep
|turn|23
|inactive|predahound has 5 seconds left this turn.
|inactive|avigdor has 5 seconds left this turn.
|-message|All players are inactive.
|
|tie
|raw|predahound's rating: 1115 → 1120(+5 for tying)
|raw|avigdor's rating: 1191 → 1186(-5 for tying)
|c|☆predahound|lol7
|c|☆avigdor|Tf
|c|☆predahound|no idea
|c|☆avigdor|Didn't inew it could happen
|c|☆avigdor|First time i see this
|c|☆predahound|same
|c|☆avigdor|Gg I guess
|c|☆predahound|XD
|c|☆predahound|gg jajaja
|c|☆predahound|have to save this XD
|l|☆avigdor
|player|p2|
