|j|☆Isagii
|j|‽MPM1998
|html|IsagiiMPM1998    
|uhtml|bestof|Game 1 of a best-of-3
|t:|1783250878
|gametype|doubles
|player|p1|Isagii|steven|1190
|player|p2|MPM1998|169|1345
|gen|9
|tier|[Gen 9 Champions] VGC 2026 Reg M-B (Bo3)
|rated|
|rule|Species Clause: Limit one of each Pokémon
|rule|Item Clause: Limit 1 of each item
|clearpoke
|poke|p1|Metagross, L50, shiny|
|poke|p1|Grimmsnarl, L50, M, shiny|
|poke|p1|Toxapex, L50, M|
|poke|p1|Hydreigon, L50, F|
|poke|p1|Charizard, L50, M, shiny|
|poke|p1|Garchomp, L50, F, shiny|
|poke|p2|Pelipper, L50, M|
|poke|p2|Sneasler, L50, M|
|poke|p2|Gholdengo, L50|
|poke|p2|Archaludon, L50, F|
|poke|p2|Swampert, L50, F|
|poke|p2|Basculegion, L50, M|
|teampreview|4
|showteam|p1|Metagross||Metagrossite|ClearBody|PsychicFangs,IronHead,BodyPress,Protect|Jolly|||||50|]Grimmsnarl||LightClay|Prankster|LightScreen,Reflect,PartingShot,SpiritBreak|Careful||M|||50|]Toxapex||Leftovers|Regenerator|Toxic,Infestation,WideGuard,BanefulBunker|Bold||M|||50|]Hydreigon||ChoiceScarf|Levitate|DracoMeteor,DarkPulse,HeatWave,Snarl|Modest||F|||50|]Charizard||CharizarditeY|Blaze|HeatWave,SolarBeam,WeatherBall,Protect|Modest||M|||50|]Garchomp||LifeOrb|RoughSkin|Earthquake,DragonClaw,RockSlide,Protect|Jolly||F|||50|
|showteam|p2|Pelipper||FocusSash|Drizzle|Tailwind,Hurricane,WeatherBall,Protect|Timid||M|||50|]Sneasler||WhiteHerb|Unburden|FakeOut,CloseCombat,DireClaw,Protect|Adamant||M|||50|]Gholdengo||LifeOrb|GoodasGold|MakeItRain,ShadowBall,NastyPlot,Protect|Timid|||||50|]Archaludon||SitrusBerry|Stamina|FlashCannon,DragonPulse,ElectroShot,Protect|Modest||F|||50|]Swampert||Swampertite|Torrent|WaveCrash,HighHorsepower,IcePunch,Protect|Adamant||F|||50|]Basculegion||ChoiceScarf|Adaptability|WaveCrash,FlipTurn,LastRespects,AquaJet|Jolly||M|||50|
|inactive|Battle timer is ON: inactive players will automatically lose when time's up. (requested by Isagii)
|inactive|Isagii has 60 seconds left.
|inactive|MPM1998 has 60 seconds left.
|
|t:|1783250922
|teamsize|p1|4
|teamsize|p2|4
|start
|switch|p1a: Hydreigon|Hydreigon, L50, F|100/100
|switch|p1b: Garchomp|Garchomp, L50, F, shiny|100/100
|switch|p2a: Sneasler|Sneasler, L50, M|100/100
|switch|p2b: Gholdengo|Gholdengo, L50|100/100
|turn|1
|
|t:|1783250929
|move|p2a: Sneasler|Protect|p2a: Sneasler
|-singleturn|p2a: Sneasler|Protect
|move|p2b: Gholdengo|Protect|p2b: Gholdengo
|-singleturn|p2b: Gholdengo|Protect
|move|p1a: Hydreigon|Heat Wave|p2b: Gholdengo|[spread] 
|-activate|p2a: Sneasler|move: Protect
|-activate|p2b: Gholdengo|move: Protect
|move|p1b: Garchomp|Earthquake|p2b: Gholdengo|[spread] 
|-activate|p2a: Sneasler|move: Protect
|-activate|p2b: Gholdengo|move: Protect
|-immune|p1a: Hydreigon|[from] ability: Levitate
|
|upkeep
|turn|2
|
|t:|1783250937
|switch|p2b: Swampert|Swampert, L50, F|100/100
|move|p1a: Hydreigon|Heat Wave|p2b: Swampert|[spread] p2a,p2b
|-resisted|p2b: Swampert|1
|-damage|p2a: Sneasler|64/100
|-damage|p2b: Swampert|86/100
|move|p2a: Sneasler|Close Combat|p1a: Hydreigon
|-supereffective|p1a: Hydreigon|1
|-crit|p1a: Hydreigon
|-damage|p1a: Hydreigon|0 fnt
|-unboost|p2a: Sneasler|def|1
|-unboost|p2a: Sneasler|spd|1
|faint|p1a: Hydreigon
|-enditem|p2a: Sneasler|White Herb
|-clearnegativeboost|p2a: Sneasler|[silent]
|move|p1b: Garchomp|Earthquake|p2b: Swampert|[spread] p2a,p2b
|-supereffective|p2a: Sneasler|1
|-damage|p2a: Sneasler|0 fnt
|-damage|p2b: Swampert|30/100
|faint|p2a: Sneasler
|-damage|p1b: Garchomp|90/100|[from] item: Life Orb
|
|upkeep
|
|t:|1783250953
|switch|p2a: Gholdengo|Gholdengo, L50|100/100
|switch|p1a: Charizard|Charizard, L50, M, shiny|100/100
|turn|3
|
|t:|1783250971
|move|p2a: Gholdengo|Protect|p2a: Gholdengo
|-singleturn|p2a: Gholdengo|Protect
|move|p2b: Swampert|Protect|p2b: Swampert
|-singleturn|p2b: Swampert|Protect
|move|p1b: Garchomp|Earthquake|p2a: Gholdengo|[spread] 
|-activate|p2a: Gholdengo|move: Protect
|-activate|p2b: Swampert|move: Protect
|-immune|p1a: Charizard
|move|p1a: Charizard|Heat Wave|p2a: Gholdengo|[spread] 
|-activate|p2a: Gholdengo|move: Protect
|-activate|p2b: Swampert|move: Protect
|
|upkeep
|turn|4
|
|t:|1783250988
|switch|p2a: Pelipper|Pelipper, L50, M|100/100
|-weather|RainDance|[from] ability: Drizzle|[of] p2a: Pelipper
|detailschange|p2b: Swampert|Swampert-Mega, L50, F
|-mega|p2b: Swampert|Swampert|Swampertite
|move|p1b: Garchomp|Protect|p1b: Garchomp
|-singleturn|p1b: Garchomp|Protect
|move|p1a: Charizard|Protect|p1a: Charizard
|-singleturn|p1a: Charizard|Protect
|move|p2b: Swampert|Ice Punch|p1b: Garchomp
|-activate|p1b: Garchomp|move: Protect
|
|-weather|RainDance|[upkeep]
|upkeep
|turn|5
|inactive|Isagii has 30 seconds left.
|inactive|MPM1998 has 30 seconds left.
|
|t:|1783251023
|switch|p1b: Grimmsnarl|Grimmsnarl, L50, M, shiny|100/100
|switch|p2a: Gholdengo|Gholdengo, L50|100/100
|detailschange|p1a: Charizard|Charizard-Mega-Y, L50, M, shiny
|-mega|p1a: Charizard|Charizard|Charizardite Y
|-weather|SunnyDay|[from] ability: Drought|[of] p1a: Charizard
|move|p2b: Swampert|Protect|p2b: Swampert
|-singleturn|p2b: Swampert|Protect
|move|p1a: Charizard|Weather Ball|p2b: Swampert
|-activate|p2b: Swampert|move: Protect
|
|-weather|SunnyDay|[upkeep]
|upkeep
|turn|6
|
|t:|1783251043
|switch|p1a: Garchomp|Garchomp, L50, F, shiny|90/100
|switch|p2b: Pelipper|Pelipper, L50, M|100/100
|-weather|RainDance|[from] ability: Drizzle|[of] p2b: Pelipper
|move|p1b: Grimmsnarl|Parting Shot|p2b: Pelipper
|-unboost|p2b: Pelipper|atk|1
|-unboost|p2b: Pelipper|spa|1
|
|t:|1783251050
|switch|p1b: Charizard|Charizard-Mega-Y, L50, M, shiny|100/100|[from] Parting Shot
|-weather|SunnyDay|[from] ability: Drought|[of] p1b: Charizard
|move|p2a: Gholdengo|Make It Rain|p1a: Garchomp|[spread] p1a,p1b
|-resisted|p1b: Charizard|1
|-damage|p1a: Garchomp|24/100
|-damage|p1b: Charizard|69/100
|-unboost|p2a: Gholdengo|spa|2
|-damage|p2a: Gholdengo|90/100|[from] item: Life Orb
|
|-weather|SunnyDay|[upkeep]
|upkeep
|turn|7
|
|t:|1783251067
|move|p1a: Garchomp|Rock Slide|p2b: Pelipper|[spread] p2a,p2b
|-resisted|p2a: Gholdengo|1
|-supereffective|p2b: Pelipper|1
|-damage|p2a: Gholdengo|76/100
|-damage|p2b: Pelipper|34/100
|-damage|p1a: Garchomp|14/100|[from] item: Life Orb
|move|p1b: Charizard|Heat Wave|p2b: Pelipper|[spread] p2a,p2b
|-supereffective|p2a: Gholdengo|1
|-resisted|p2b: Pelipper|1
|-damage|p2a: Gholdengo|0 fnt
|-damage|p2b: Pelipper|0 fnt
|faint|p2a: Gholdengo
|faint|p2b: Pelipper
|
|-weather|SunnyDay|[upkeep]
|upkeep
|-message|MPM1998 forfeited.
|
|win|Isagii
|l|‽MPM1998
|player|p2|
||MPM1998 is ready for game 2.
