|j|â˜†AquamarineVGC
|j|â˜†Flipsicle
|html|AquamarineVGCFlipsicle    
|uhtml|bestof|Game 1 of a best-of-3
|t:|1782465841
|gametype|doubles
|player|p1|AquamarineVGC|unknown|
|player|p2|Flipsicle|elesa-masters|
|gen|9
|tier|[Gen 9 Champions] VGC 2026 Reg M-B (Bo3)
|rule|Species Clause: Limit one of each PokÃ©mon
|rule|Item Clause: Limit 1 of each item
|clearpoke
|poke|p1|Ninetales-Alola, L50, M|
|poke|p1|Sinistcha, L50|
|poke|p1|Milotic, L50, F|
|poke|p1|Froslass, L50, F|
|poke|p1|Kangaskhan, L50, F|
|poke|p1|Blaziken, L50, M|
|poke|p2|Garchomp, L50, F|
|poke|p2|Delphox, L50, M|
|poke|p2|Sneasler, L50, F|
|poke|p2|Maushold, L50|
|poke|p2|Azumarill, L50, F|
|poke|p2|Incineroar, L50, M|
|teampreview|4
|showteam|p1|Ninetales-Alola||FocusSash|SnowWarning|Blizzard,Moonblast,AuroraVeil,Protect|Timid||M|||50|]Sinistcha||MiracleSeed|Hospitality|MatchaGotcha,ShadowBall,RagePowder,TrickRoom|Modest|||||50|]Milotic||Leftovers|Competitive|Scald,MuddyWater,Coil,Protect|Modest||F|||50|]Froslass||Froslassite|SnowCloak|Blizzard,ShadowBall,WeatherBall,Protect|Modest||F|||50|]Kangaskhan||SilkScarf|Scrappy|LastResort,FakeOut|Adamant||F|||50|]Blaziken||Blazikenite|SpeedBoost|FlareBlitz,CloseCombat,SwordsDance,Detect|Adamant||M|||50|
|showteam|p2|Garchomp||LumBerry|RoughSkin|Protect,StompingTantrum,DragonClaw,StoneEdge|Jolly||F|||50|]Delphox||Delphoxite|Blaze|Protect,HeatWave,Psychic,Substitute|Timid||M|||50|]Sneasler||WhiteHerb|Unburden|FakeOut,CloseCombat,DireClaw,Coaching|Jolly||F|||50|]Maushold||WideLens|FriendGuard|FollowMe,PopulationBomb,Encore,Protect|Jolly|||||50|]Azumarill||SitrusBerry|HugePower|BellyDrum,AquaJet,PlayRough,Protect|Adamant||F|||50|]Incineroar||PasshoBerry|Intimidate|FakeOut,ThroatChop,PartingShot,HelpingHand|Careful||M|||50|
|c|â˜†AquamarineVGC|GLHF
|c|â˜†Flipsicle|glhf
|
|t:|1782465924
|teamsize|p1|4
|teamsize|p2|4
|start
|switch|p1a: Blaziken|Blaziken, L50, M|100/100
|switch|p1b: Milotic|Milotic, L50, F|100/100
|switch|p2a: Sneasler|Sneasler, L50, F|100/100
|switch|p2b: Delphox|Delphox, L50, M|100/100
|turn|1
|j| Mrpizzaofoz
|j| Noobilio
|
|t:|1782465978
|switch|p1b: Kangaskhan|Kangaskhan, L50, F|100/100
|detailschange|p2b: Delphox|Delphox-Mega, L50, M
|-mega|p2b: Delphox|Delphox|Delphoxite
|detailschange|p1a: Blaziken|Blaziken-Mega, L50, M
|-mega|p1a: Blaziken|Blaziken|Blazikenite
|move|p2a: Sneasler|Fake Out|p1b: Kangaskhan
|-damage|p1b: Kangaskhan|86/100
|move|p2b: Delphox|Substitute|p2b: Delphox
|-start|p2b: Delphox|Substitute
|-damage|p2b: Delphox|75/100
|move|p1a: Blaziken|Swords Dance|p1a: Blaziken
|-boost|p1a: Blaziken|atk|2
|
|-ability|p1a: Blaziken|Speed Boost|boost
|-boost|p1a: Blaziken|spe|1
|upkeep
|turn|2
|
|t:|1782466001
|switch|p2a: Incineroar|Incineroar, L50, M|100/100
|-ability|p2a: Incineroar|Intimidate|boost
|-unboost|p1a: Blaziken|atk|1
|-fail|p1b: Kangaskhan|unboost|Attack|[from] ability: Scrappy|[of] p1b: Kangaskhan
|move|p2b: Delphox|Protect|p2b: Delphox
|-singleturn|p2b: Delphox|Protect
|move|p1b: Kangaskhan|Fake Out|p2b: Delphox
|-activate|p2b: Delphox|move: Protect
|move|p1a: Blaziken|Close Combat|p2a: Incineroar
|-supereffective|p2a: Incineroar|1
|-damage|p2a: Incineroar|0 fnt
|-unboost|p1a: Blaziken|def|1
|-unboost|p1a: Blaziken|spd|1
|faint|p2a: Incineroar
|
|-ability|p1a: Blaziken|Speed Boost|boost
|-boost|p1a: Blaziken|spe|1
|upkeep
|
|t:|1782466016
|switch|p2a: Sneasler|Sneasler, L50, F|100/100
|turn|3
|
|t:|1782466032
|switch|p1b: Milotic|Milotic, L50, F|100/100
|move|p1a: Blaziken|Detect|p1a: Blaziken
|-singleturn|p1a: Blaziken|Protect
|move|p2b: Delphox|Psychic|p1b: Milotic
|-damage|p1b: Milotic|60/100
|move|p2a: Sneasler|Close Combat|p1b: Milotic
|-damage|p1b: Milotic|7/100
|-unboost|p2a: Sneasler|def|1
|-unboost|p2a: Sneasler|spd|1
|-enditem|p2a: Sneasler|White Herb
|-clearnegativeboost|p2a: Sneasler|[silent]
|
|-heal|p1b: Milotic|13/100|[from] item: Leftovers
|-ability|p1a: Blaziken|Speed Boost|boost
|-boost|p1a: Blaziken|spe|1
|upkeep
|turn|4
|
|t:|1782466065
|move|p1b: Milotic|Protect|p1b: Milotic
|-singleturn|p1b: Milotic|Protect
|move|p1a: Blaziken|Close Combat|p2a: Sneasler
|-resisted|p2a: Sneasler|1
|-damage|p2a: Sneasler|43/100
|-unboost|p1a: Blaziken|def|1
|-unboost|p1a: Blaziken|spd|1
|move|p2a: Sneasler|Dire Claw|p1b: Milotic
|-activate|p1b: Milotic|move: Protect
|move|p2b: Delphox|Psychic|p1a: Blaziken
|-supereffective|p1a: Blaziken|1
|-damage|p1a: Blaziken|0 fnt
|faint|p1a: Blaziken
|
|-heal|p1b: Milotic|19/100|[from] item: Leftovers
|upkeep
|
|t:|1782466070
|switch|p1a: Sinistcha|Sinistcha, L50|100/100
|-heal|p1b: Milotic|44/100|[from] ability: Hospitality|[of] p1a: Sinistcha
|turn|5
|
|t:|1782466097
|move|p2b: Delphox|Protect|p2b: Delphox
|-singleturn|p2b: Delphox|Protect
|move|p1a: Sinistcha|Rage Powder|p1a: Sinistcha
|-singleturn|p1a: Sinistcha|move: Rage Powder
|move|p2a: Sneasler|Dire Claw|p1a: Sinistcha
|-damage|p1a: Sinistcha|65/100
|-status|p1a: Sinistcha|psn
|move|p1b: Milotic|Coil|p1b: Milotic
|-boost|p1b: Milotic|atk|1
|-boost|p1b: Milotic|def|1
|-boost|p1b: Milotic|accuracy|1
|
|-heal|p1b: Milotic|51/100|[from] item: Leftovers
|-damage|p1a: Sinistcha|53/100 psn|[from] psn
|upkeep
|turn|6
|
|t:|1782466131
|switch|p2a: Maushold|Maushold, L50|100/100
|switch|p1a: Kangaskhan|Kangaskhan, L50, F|86/100
|move|p1b: Milotic|Protect|p1b: Milotic
|-singleturn|p1b: Milotic|Protect
|move|p2b: Delphox|Heat Wave|p1b: Milotic|[spread] p1a
|-activate|p1b: Milotic|move: Protect
|-damage|p1a: Kangaskhan|35/100
|
|-heal|p1b: Milotic|57/100|[from] item: Leftovers
|upkeep
|turn|7
|l| Noobilio
|j| Noobilio
|
|t:|1782466151
|move|p1a: Kangaskhan|Fake Out|p2a: Maushold
|-damage|p2a: Maushold|71/100
|move|p2b: Delphox|Psychic|p1b: Milotic
|-damage|p1b: Milotic|16/100
|cant|p2a: Maushold|flinch
|move|p1b: Milotic|Muddy Water|p2b: Delphox|[spread] p2a,p2b
|-supereffective|p2b: Delphox|1
|-end|p2b: Delphox|Substitute
|-damage|p2a: Maushold|38/100
|
|-heal|p1b: Milotic|22/100|[from] item: Leftovers
|upkeep
|turn|8
|
|t:|1782466187
|switch|p1a: Sinistcha|Sinistcha, L50|53/100 psn
|-heal|p1b: Milotic|47/100|[from] ability: Hospitality|[of] p1a: Sinistcha
|move|p1b: Milotic|Protect|p1b: Milotic
|-singleturn|p1b: Milotic|Protect
|move|p2b: Delphox|Heat Wave|p1a: Sinistcha|[spread] p1a
|-activate|p1b: Milotic|move: Protect
|-supereffective|p1a: Sinistcha|1
|-damage|p1a: Sinistcha|0 fnt
|faint|p1a: Sinistcha
|move|p2a: Maushold|Population Bomb|p1b: Milotic
|-activate|p1b: Milotic|move: Protect
|
|-heal|p1b: Milotic|53/100|[from] item: Leftovers
|upkeep
|
|t:|1782466196
|switch|p1a: Kangaskhan|Kangaskhan, L50, F|35/100
|turn|9
|j|+Aldrich
|
|t:|1782466234
|move|p2b: Delphox|Protect|p2b: Delphox
|-singleturn|p2b: Delphox|Protect
|move|p2a: Maushold|Protect|p2a: Maushold
|-singleturn|p2a: Maushold|Protect
|move|p1a: Kangaskhan|Fake Out|p2a: Maushold
|-activate|p2a: Maushold|move: Protect
|move|p1b: Milotic|Muddy Water|p2a: Maushold|[spread] 
|-activate|p2a: Maushold|move: Protect
|-activate|p2b: Delphox|move: Protect
|
|-heal|p1b: Milotic|59/100|[from] item: Leftovers
|upkeep
|turn|10
|
|t:|1782466258
|move|p2b: Delphox|Psychic|p1b: Milotic
|-damage|p1b: Milotic|18/100
|-unboost|p1b: Milotic|spd|1
|-ability|p1b: Milotic|Competitive|boost
|-boost|p1b: Milotic|spa|2
|move|p2a: Maushold|Population Bomb|p1a: Kangaskhan
|-damage|p1a: Kangaskhan|28/100
|-damage|p1a: Kangaskhan|21/100
|-damage|p1a: Kangaskhan|14/100
|-damage|p1a: Kangaskhan|8/100
|-damage|p1a: Kangaskhan|1/100
|-damage|p1a: Kangaskhan|0 fnt
|faint|p1a: Kangaskhan
|-hitcount|p1: Kangaskhan|6
|move|p1b: Milotic|Scald|p2b: Delphox
|-supereffective|p2b: Delphox|1
|-damage|p2b: Delphox|0 fnt
|faint|p2b: Delphox
|
|-heal|p1b: Milotic|25/100|[from] item: Leftovers
|upkeep
|
|t:|1782466265
|switch|p2b: Sneasler|Sneasler, L50, F|43/100
|turn|11
|l|+Aldrich
|j|+Aldrich
|
|t:|1782466288
|move|p2b: Sneasler|Fake Out|p1b: Milotic
|-damage|p1b: Milotic|16/100
|move|p2a: Maushold|Population Bomb|p1b: Milotic
|-damage|p1b: Milotic|11/100
|-damage|p1b: Milotic|6/100
|-damage|p1b: Milotic|1/100
|-damage|p1b: Milotic|0 fnt
|faint|p1b: Milotic
|-hitcount|p1: Milotic|4
|
|win|Flipsicle
||AquamarineVGC is ready for game 2.
|c|â˜†Flipsicle|gg
||Flipsicle is ready for game 2.
|uhtml|next|Next: Game 2 of 3
|l| Mrpizzaofoz
|l| Noobilio
|l|+Aldrich
|j|+Aldrich
|l|+Aldrich
|j|+Aldrich
|l|+Aldrich
|j|+Aldrich
|l|â˜†Flipsicle
|player|p2|
