|j|Ōśåjacinthespuppy
|j|ŌśåEODDak
|html|jacinthespuppyEODDak    
|uhtml|bestof|Game 1 of a best-of-3
|t:|1782525891
|gametype|doubles
|player|p1|jacinthespuppy|dawn-gen4pt|1112
|player|p2|EODDak|102|1000
|gen|9
|tier|[Gen 9 Champions] VGC 2026 Reg M-B (Bo3)
|rated|
|rule|Species Clause: Limit one of each Pok├®mon
|rule|Item Clause: Limit 1 of each item
|clearpoke
|poke|p1|Mawile, L50, F|
|poke|p1|Milotic, L50, M|
|poke|p1|Farigiraf, L50, M|
|poke|p1|Aerodactyl, L50, M|
|poke|p1|Incineroar, L50, F|
|poke|p1|Gallade, L50, M, shiny|
|poke|p2|Dragonite, L50, F, shiny|
|poke|p2|Archaludon, L50, F|
|poke|p2|Talonflame, L50, M, shiny|
|poke|p2|Meowstic, L50, M|
|poke|p2|Incineroar, L50, M, shiny|
|poke|p2|Azumarill, L50, F, shiny|
|teampreview|4
|showteam|p1|Mawile||Mawilite|Intimidate|IronHead,PlayRough,SuckerPunch,Protect|Adamant||F|||50|]Milotic||Leftovers|Competitive|Scald,IcyWind,LifeDew,Protect|Calm||M|||50|]Farigiraf||SitrusBerry|ArmorTail|HyperVoice,Psychic,TrickRoom,HelpingHand|Sassy||M|||50|]Aerodactyl||FocusSash|Unnerve|RockSlide,DualWingbeat,Tailwind,Protect|Jolly||M|||50|]Incineroar||ChopleBerry|Intimidate|FlareBlitz,ThroatChop,FakeOut,PartingShot|Careful||F|||50|]Gallade||ExpertBelt|Sharpness|PsychoCut,SacredSword,Coaching,WideGuard|Brave||M|||50|
|showteam|p2|Dragonite||Dragoninite|Multiscale|DracoMeteor,ExtremeSpeed,Protect,Thunder|Serious||F|||50|]Archaludon||Leftovers|Stamina|ElectroShot,FlashCannon,Protect,Thunderbolt|Quiet||F|||50|]Talonflame||FocusSash|GaleWings|FlareBlitz,Tailwind,BraveBird,Hurricane|Naughty||M|||50|]Meowstic||ChoiceScarf|Prankster|TrickRoom,ExpandingForce,PlayRough,Protect|Serious||M|||50|]Incineroar||MuscleBand|Intimidate|FlareBlitz,CloseCombat,FakeOut,PartingShot|Quiet||M|||50|]Azumarill||LifeOrb|HugePower|AquaJet,Facade,IceBeam,Protect|Serious||F|||50|
|inactive|Battle timer is ON: inactive players will automatically lose when time's up. (requested by jacinthespuppy)
|inactive|jacinthespuppy has 60 seconds left.
|c|Ōśåjacinthespuppy|muscle band incineroar
|inactive|jacinthespuppy has 30 seconds left.
|c|Ōśåjacinthespuppy|what the hell is this set
|inactive|jacinthespuppy has 20 seconds left.
|
|t:|1782525968
|teamsize|p1|4
|teamsize|p2|4
|start
|switch|p1a: Aerodactyl|Aerodactyl, L50, M|100/100
|switch|p1b: Milotic|Milotic, L50, M|100/100
|switch|p2a: Talonflame|Talonflame, L50, M, shiny|100/100
|switch|p2b: Meowstic|Meowstic, L50, M|100/100
|-ability|p1a: Aerodactyl|Unnerve
|turn|1
|c|Ōśåjacinthespuppy|scarf trick room?????
|
|t:|1782525984
|move|p2a: Talonflame|Tailwind|p2a: Talonflame
|-sidestart|p2: EODDak|move: Tailwind
|move|p1a: Aerodactyl|Rock Slide|p2b: Meowstic|[spread] p2a,p2b
|-supereffective|p2a: Talonflame|2
|-enditem|p2a: Talonflame|Focus Sash
|-damage|p2a: Talonflame|1/100
|-damage|p2b: Meowstic|59/100
|move|p1b: Milotic|Scald|p2b: Meowstic
|-damage|p2b: Meowstic|22/100
|-status|p2b: Meowstic|brn
|cant|p2b: Meowstic|flinch
|
|-damage|p2b: Meowstic|16/100 brn|[from] brn
|upkeep
|turn|2
|inactive|jacinthespuppy has 30 seconds left.
|
|t:|1782526018
|move|p2a: Talonflame|Brave Bird|p1a: Aerodactyl
|-resisted|p1a: Aerodactyl|1
|-damage|p1a: Aerodactyl|57/100
|-damage|p2a: Talonflame|0 fnt|[from] Recoil
|faint|p2a: Talonflame
|move|p1a: Aerodactyl|Tailwind|p1a: Aerodactyl
|-sidestart|p1: jacinthespuppy|move: Tailwind
|move|p1b: Milotic|Icy Wind|p2b: Meowstic
|-damage|p2b: Meowstic|1/100 brn
|-unboost|p2b: Meowstic|spe|1
|move|p2b: Meowstic|Trick Room|p2b: Meowstic
|-fieldstart|move: Trick Room|[of] p2b: Meowstic
|
|-damage|p2b: Meowstic|0 fnt|[from] brn
|faint|p2b: Meowstic
|upkeep
|c|Ōśåjacinthespuppy|???????
|
|t:|1782526031
|switch|p2b: Incineroar|Incineroar, L50, M, shiny|100/100
|switch|p2a: Archaludon|Archaludon, L50, F|100/100
|-ability|p2b: Incineroar|Intimidate|boost
|-unboost|p1a: Aerodactyl|atk|1
|-unboost|p1b: Milotic|atk|1
|-ability|p1b: Milotic|Competitive|boost
|-boost|p1b: Milotic|spa|2
|turn|3
|c|Ōśåjacinthespuppy|what elo ru in dawg
|
|t:|1782526045
|move|p2b: Incineroar|Fake Out|p1a: Aerodactyl
|-resisted|p1a: Aerodactyl|1
|-damage|p1a: Aerodactyl|45/100
|move|p2a: Archaludon|Thunderbolt|p1b: Milotic
|-supereffective|p1b: Milotic|1
|-damage|p1b: Milotic|58/100
|move|p1b: Milotic|Scald|p2b: Incineroar
|-supereffective|p2b: Incineroar|1
|-damage|p2b: Incineroar|0 fnt
|faint|p2b: Incineroar
|cant|p1a: Aerodactyl|flinch
|
|-heal|p1b: Milotic|64/100|[from] item: Leftovers
|upkeep
|turn|4
|inactive|jacinthespuppy has 30 seconds left.
|
|t:|1782526071
|switch|p1a: Mawile|Mawile, L50, F|100/100
|-ability|p1a: Mawile|Intimidate|boost
|-unboost|p2a: Archaludon|atk|1
|move|p1b: Milotic|Protect|p1b: Milotic
|-singleturn|p1b: Milotic|Protect
|move|p2a: Archaludon|Electro Shot||[still]
|-prepare|p2a: Archaludon|Electro Shot
|-boost|p2a: Archaludon|spa|1
|
|-heal|p1b: Milotic|70/100|[from] item: Leftovers
|-sideend|p2: EODDak|move: Tailwind
|upkeep
|turn|5
|
|t:|1782526087
|switch|p1b: Incineroar|Incineroar, L50, F|100/100
|-ability|p1b: Incineroar|Intimidate|boost
|-unboost|p2a: Archaludon|atk|1
|detailschange|p1a: Mawile|Mawile-Mega, L50, F
|-mega|p1a: Mawile|Mawile|Mawilite
|move|p2a: Archaludon|Electro Shot|p1b: Incineroar|[from] lockedmove
|-damage|p1b: Incineroar|47/100
|move|p1a: Mawile|Play Rough|p2a: Archaludon
|-damage|p2a: Archaludon|36/100
|-ability|p2a: Archaludon|Stamina|boost
|-boost|p2a: Archaludon|def|1
|
|-heal|p2a: Archaludon|42/100|[from] item: Leftovers
|-sideend|p1: jacinthespuppy|move: Tailwind
|upkeep
|turn|6
|
|t:|1782526103
|move|p1b: Incineroar|Flare Blitz|p2a: Archaludon
|-damage|p2a: Archaludon|18/100
|-ability|p2a: Archaludon|Stamina|boost
|-boost|p2a: Archaludon|def|1
|-damage|p1b: Incineroar|40/100|[from] Recoil
|move|p1a: Mawile|Play Rough|p2a: Archaludon
|-damage|p2a: Archaludon|0 fnt
|faint|p2a: Archaludon
|
|win|jacinthespuppy
||jacinthespuppy is ready for game 2.
|l|ŌśåEODDak
|player|p2|
|inactive|EODDak has 30 seconds to confirm battle start!
|raw|jacinthespuppy's rating: 1112 → 1129(+17 for winning)
|raw|EODDak's rating: 1000 → 1000(+0 for losing)
|l|Ōśåjacinthespuppy
|player|p1|
|j|Ōśåjacinthespuppy
|player|p1|jacinthespuppy|dawn-gen4pt|
