|j|☆DetectiveEggington
|j|☆jussdoit
|html|DetectiveEggingtonjussdoit    
|uhtml|bestof|Game 1 of a best-of-3
|t:|1756296227
|gametype|doubles
|player|p1|DetectiveEggington|youngster-gen4dp|1076
|player|p2|jussdoit|steven|1127
|gen|9
|tier|[Gen 9] VGC 2025 Reg H (Bo3)
|rated|
|rule|Species Clause: Limit one of each Pokémon
|rule|Item Clause: Limit 1 of each item
|clearpoke
|poke|p1|Dragonite, L50, F|
|poke|p1|Rillaboom, L50, F|
|poke|p1|Ninetales-Alola, L50, F|
|poke|p1|Ursaluna-Bloodmoon, L50, M|
|poke|p1|Whimsicott, L50, F|
|poke|p1|Gholdengo, L50|
|poke|p2|Torkoal, L50, F|
|poke|p2|Volcarona, L50, F|
|poke|p2|Oricorio-Pom-Pom, L50, M|
|poke|p2|Venusaur, L50, F|
|poke|p2|Incineroar, L50, F|
|poke|p2|Whimsicott, L50, M|
|teampreview|4
|showteam|p1|Dragonite||LoadedDice|Multiscale|ScaleShot,StompingTantrum,Haze,Protect|||F|||50|,,,,,Steel]Rillaboom||AssaultVest|GrassySurge|WoodHammer,GrassyGlide,HighHorsepower,FakeOut|||F|||50|,,,,,Fire]Ninetales-Alola||LightClay|SnowWarning|Blizzard,FreezeDry,AuroraVeil,Protect|||F|||50|,,,,,Ghost]Ursaluna-Bloodmoon||LifeOrb|MindsEye|BloodMoon,EarthPower,HyperVoice,Protect|||M|||50|,,,,,Normal]Whimsicott||CovertCloak|Prankster|Moonblast,Tailwind,Taunt,FakeTears|||F|||50|,,,,,Ghost]Gholdengo||ChoiceSpecs|GoodasGold|MakeItRain,ShadowBall,FocusBlast,Thunderbolt||||||50|,,,,,Steel
|showteam|p2|Torkoal||EjectPack|Drought|Overheat,Eruption,SolarBeam,Protect|||F|||50|,,,,,Fire]Volcarona||CovertCloak|FlameBody|FieryDance,QuiverDance,GigaDrain,Protect|||F|||50|,,,,,Water]Oricorio-Pom-Pom||FocusSash|Dancer|QuiverDance,IcyWind,RevelationDance,AirSlash|||M|||50|,,,,,Electric]Venusaur||WideLens|Chlorophyll|LeechSeed,SleepPowder,Toxic,SludgeBomb|||F|||50|,,,,,Poison]Incineroar||SafetyGoggles|Intimidate|FakeOut,FlareBlitz,KnockOff,PartingShot|||F|||50|,,,,,Fire]Whimsicott||SitrusBerry|Prankster|SunnyDay,Encore,Taunt,Moonblast|||M|||50|,,,,,Grass
|inactive|Battle timer is ON: inactive players will automatically lose when time's up. (requested by jussdoit)
|inactive|DetectiveEggington has 60 seconds left.
|inactive|DetectiveEggington has 30 seconds left.
|inactive|DetectiveEggington has 20 seconds left.
|inactive|DetectiveEggington has 15 seconds left.
|inactive|DetectiveEggington has 10 seconds left.
|inactive|DetectiveEggington has 5 seconds left.
|
|t:|1756296317
|teamsize|p1|4
|teamsize|p2|4
|start
|switch|p1a: Dragonite|Dragonite, L50, F|100/100
|switch|p1b: Rillaboom|Rillaboom, L50, F|100/100
|switch|p2a: Torkoal|Torkoal, L50, F|100/100
|switch|p2b: Volcarona|Volcarona, L50, F|100/100
|-fieldstart|move: Grassy Terrain|[from] ability: Grassy Surge|[of] p1b: Rillaboom
|-weather|SunnyDay|[from] ability: Drought|[of] p2a: Torkoal
|turn|1
|inactive|DetectiveEggington has 30 seconds left.
|inactive|DetectiveEggington has 20 seconds left.
|inactive|DetectiveEggington has 15 seconds left.
|j| redshoes7
|l| redshoes7
|inactive|DetectiveEggington has 10 seconds left.
|inactive|DetectiveEggington has 5 seconds left.
|
|t:|1756296372
|switch|p2a: Oricorio|Oricorio-Pom-Pom, L50, M|100/100
|move|p2b: Volcarona|Fiery Dance|p1b: Rillaboom
|-supereffective|p1b: Rillaboom
|-damage|p1b: Rillaboom|3/100
|-boost|p2b: Volcarona|spa|1
|-activate|p2a: Oricorio|ability: Dancer
|move|p2a: Oricorio|Fiery Dance|p1b: Rillaboom|[from] ability: Dancer
|-supereffective|p1b: Rillaboom
|-damage|p1b: Rillaboom|0 fnt
|-boost|p2a: Oricorio|spa|1
|faint|p1b: Rillaboom
|move|p1a: Dragonite|Scale Shot|p2b: Volcarona
|-damage|p2b: Volcarona|81/100
|-damage|p2b: Volcarona|62/100
|-damage|p2b: Volcarona|45/100
|-damage|p2b: Volcarona|25/100
|-damage|p2b: Volcarona|7/100
|-hitcount|p2b: Volcarona|5
|-unboost|p1a: Dragonite|def|1
|-boost|p1a: Dragonite|spe|1
|
|-weather|SunnyDay|[upkeep]
|-heal|p2b: Volcarona|14/100|[from] Grassy Terrain
|upkeep
|inactive|DetectiveEggington has 30 seconds left.
|
|t:|1756296401
|switch|p1b: Ninetales|Ninetales-Alola, L50, F|100/100
|-weather|Snowscape|[from] ability: Snow Warning|[of] p1b: Ninetales
|turn|2
|inactive|DetectiveEggington has 30 seconds left.
|
|t:|1756296429
|move|p2b: Volcarona|Protect|p2b: Volcarona
|-singleturn|p2b: Volcarona|Protect
|move|p1a: Dragonite|Scale Shot|p2a: Oricorio
|-damage|p2a: Oricorio|80/100
|-damage|p2a: Oricorio|57/100
|-damage|p2a: Oricorio|36/100
|-crit|p2a: Oricorio
|-damage|p2a: Oricorio|7/100
|-damage|p2a: Oricorio|0 fnt
|faint|p2a: Oricorio
|-hitcount|p2: Oricorio|5
|-unboost|p1a: Dragonite|def|1
|-boost|p1a: Dragonite|spe|1
|move|p1b: Ninetales|Blizzard|p2b: Volcarona
|-activate|p2b: Volcarona|move: Protect
|
|-weather|Snowscape|[upkeep]
|-heal|p2b: Volcarona|20/100|[from] Grassy Terrain
|upkeep
|
|t:|1756296445
|switch|p2a: Torkoal|Torkoal, L50, F|100/100
|-weather|SunnyDay|[from] ability: Drought|[of] p2a: Torkoal
|turn|3
|inactive|DetectiveEggington has 30 seconds left.
|
|t:|1756296474
|move|p1a: Dragonite|Stomping Tantrum|p2a: Torkoal
|-supereffective|p2a: Torkoal
|-damage|p2a: Torkoal|45/100
|move|p1b: Ninetales|Blizzard|p2b: Volcarona|[spread] p2b
|-miss|p1b: Ninetales|p2a: Torkoal
|-resisted|p2b: Volcarona
|-damage|p2b: Volcarona|5/100
|move|p2b: Volcarona|Fiery Dance|p1a: Dragonite
|-resisted|p1a: Dragonite
|-damage|p1a: Dragonite|78/100
|-boost|p2b: Volcarona|spa|1
|move|p2a: Torkoal|Eruption|p1b: Ninetales|[spread] p1a,p1b
|-resisted|p1a: Dragonite
|-supereffective|p1b: Ninetales
|-damage|p1a: Dragonite|62/100
|-damage|p1b: Ninetales|35/100
|
|-weather|SunnyDay|[upkeep]
|-heal|p1b: Ninetales|41/100|[from] Grassy Terrain
|-heal|p2b: Volcarona|11/100|[from] Grassy Terrain
|-heal|p2a: Torkoal|52/100|[from] Grassy Terrain
|upkeep
|turn|4
|inactive|DetectiveEggington has 30 seconds left.
|inactive|DetectiveEggington has 20 seconds left.
|inactive|DetectiveEggington has 15 seconds left.
|inactive|DetectiveEggington has 10 seconds left.
|inactive|DetectiveEggington has 5 seconds left.
|
|t:|1756296526
|move|p1a: Dragonite|Stomping Tantrum|p2a: Torkoal
|-supereffective|p2a: Torkoal
|-damage|p2a: Torkoal|0 fnt
|faint|p2a: Torkoal
|move|p1b: Ninetales|Freeze-Dry|p2b: Volcarona
|-resisted|p2b: Volcarona
|-damage|p2b: Volcarona|0 fnt
|faint|p2b: Volcarona
|
|-weather|SunnyDay|[upkeep]
|-heal|p1b: Ninetales|47/100|[from] Grassy Terrain
|upkeep
|
|t:|1756296536
|switch|p2b: Venusaur|Venusaur, L50, F|100/100
|turn|5
|inactive|DetectiveEggington has 30 seconds left.
|
|t:|1756296566
|switch|p1b: Ursaluna|Ursaluna-Bloodmoon, L50, M|100/100
|-terastallize|p2b: Venusaur|Poison
|move|p1a: Dragonite|Protect|p1a: Dragonite
|-singleturn|p1a: Dragonite|Protect
|move|p2b: Venusaur|Sludge Bomb|p1b: Ursaluna
|-resisted|p1b: Ursaluna
|-damage|p1b: Ursaluna|67/100
|
|-weather|SunnyDay|[upkeep]
|-heal|p1b: Ursaluna|72/100|[from] Grassy Terrain
|-fieldend|move: Grassy Terrain
|upkeep
|turn|6
|-message|jussdoit forfeited.
|
|win|DetectiveEggington
||jussdoit is ready for game 2.
