|j|☆viatles
|j|☆Voltx5
|html|viatlesVoltx5    
|uhtml|bestof|Game 1 of a best-of-3
|t:|1785991023
|gametype|doubles
|player|p1|viatles|hiker|1114
|player|p2|Voltx5|101|1149
|gen|9
|tier|[Gen 9 Champions] VGC 2026 Reg M-B (Bo3)
|rated|
|rule|Species Clause: Limit one of each Pokémon
|rule|Item Clause: Limit 1 of each item
|clearpoke
|poke|p1|Alakazam, L50, F|
|poke|p1|Aggron, L50, M|
|poke|p1|Grimmsnarl, L50, M|
|poke|p1|Meowstic, L50, M|
|poke|p1|Sinistcha, L50|
|poke|p1|Incineroar, L50, M|
|poke|p2|Eelektross, L50, F|
|poke|p2|Samurott-Hisui, L50, M|
|poke|p2|Spiritomb, L50, F, shiny|
|poke|p2|Steelix, L50, M, shiny|
|poke|p2|Milotic, L50, F|
|poke|p2|Dragonite, L50, M|
|teampreview|4
|showteam|p1|Alakazam||ExpertBelt|InnerFocus|SpeedSwap,RainDance,ExpandingForce,DazzlingGleam|Timid||F|||50|]Aggron||Aggronite|Sturdy|BodyPress,HeavySlam,RockSlide,Protect|Impish||M|||50|]Grimmsnarl||LightClay|Prankster|FakeOut,SpiritBreak,LightScreen,PartingShot|Calm||M|||50|]Meowstic||Meowsticite|Prankster|FakeOut,ExpandingForce,PsychicTerrain,Thunderbolt|Hasty||M|||50|]Sinistcha||SitrusBerry|Hospitality|MatchaGotcha,RagePowder,Imprison,TrickRoom|Bold|||||50|]Incineroar||BlackGlasses|Intimidate|FakeOut,FlareBlitz,DarkestLariat,PartingShot|Adamant||M|||50|
|showteam|p2|Eelektross||Eelektrossite|Levitate|Protect,ThunderPunch,DrainPunch,BulkUp|Adamant||F|||50|]Samurott-Hisui||ChoiceScarf|Sharpness|Soak,AquaCutter,NightSlash,FlipTurn|Jolly||M|||50|]Spiritomb||RoseliBerry|Infiltrator|TrickRoom,NastyPlot,DarkPulse,Protect|Sassy||F|||50|]Steelix||LifeOrb|SheerForce|IronHead,Protect,WideGuard,HighHorsepower|Brave||M|||50|]Milotic||Leftovers|Competitive|Protect,Scald,Recover,AlluringVoice|Modest||F|||50|]Dragonite||Dragoninite|InnerFocus|Protect,Thunderbolt,Flamethrower,IceBeam|Modest||M|||50|
|c|☆viatles|gl hf
|inactive|Battle timer is ON: inactive players will automatically lose when time's up. (requested by viatles)
|inactive|Voltx5 has 60 seconds left.
|inactive|Voltx5 has 30 seconds left.
|inactive|Voltx5 has 20 seconds left.
|
|t:|1785991105
|teamsize|p1|4
|teamsize|p2|4
|start
|switch|p1a: Alakazam|Alakazam, L50, F|100/100
|switch|p1b: Aggron|Aggron, L50, M|100/100
|switch|p2a: Spiritomb|Spiritomb, L50, F, shiny|100/100
|switch|p2b: Steelix|Steelix, L50, M, shiny|100/100
|turn|1
|
|t:|1785991123
|detailschange|p1b: Aggron|Aggron-Mega, L50, M
|-mega|p1b: Aggron|Aggron|Aggronite
|move|p1a: Alakazam|Speed Swap|p1b: Aggron
|-activate|p1a: Alakazam|move: Speed Swap|[of] p1b: Aggron
|move|p1b: Aggron|Heavy Slam|p2a: Spiritomb
|-damage|p2a: Spiritomb|64/100
|move|p2a: Spiritomb|Nasty Plot|p2a: Spiritomb
|-boost|p2a: Spiritomb|spa|2
|move|p2b: Steelix|High Horsepower|p1b: Aggron
|-supereffective|p1b: Aggron|1
|-damage|p1b: Aggron|70/100
|-damage|p2b: Steelix|90/100|[from] item: Life Orb
|
|upkeep
|turn|2
|
|t:|1785991144
|move|p2a: Spiritomb|Protect|p2a: Spiritomb
|-singleturn|p2a: Spiritomb|Protect
|move|p1b: Aggron|Body Press|p2b: Steelix
|-supereffective|p2b: Steelix|1
|-damage|p2b: Steelix|30/100
|move|p1a: Alakazam|Dazzling Gleam|p2b: Steelix|[spread] p2b
|-activate|p2a: Spiritomb|move: Protect
|-resisted|p2b: Steelix|1
|-damage|p2b: Steelix|18/100
|move|p2b: Steelix|High Horsepower|p1b: Aggron
|-supereffective|p1b: Aggron|1
|-damage|p1b: Aggron|37/100
|-damage|p2b: Steelix|8/100|[from] item: Life Orb
|
|upkeep
|turn|3
|
|t:|1785991164
|switch|p1a: Sinistcha|Sinistcha, L50|100/100
|-heal|p1b: Aggron|62/100|[from] ability: Hospitality|[of] p1a: Sinistcha
|move|p1b: Aggron|Heavy Slam|p2a: Spiritomb
|-damage|p2a: Spiritomb|32/100
|move|p2a: Spiritomb|Dark Pulse|p1a: Sinistcha
|-supereffective|p1a: Sinistcha|1
|-damage|p1a: Sinistcha|2/100
|-enditem|p1a: Sinistcha|Sitrus Berry|[eat]
|-heal|p1a: Sinistcha|26/100|[from] item: Sitrus Berry
|move|p2b: Steelix|High Horsepower|p1b: Aggron
|-supereffective|p1b: Aggron|1
|-damage|p1b: Aggron|29/100
|-damage|p2b: Steelix|0 fnt|[from] item: Life Orb
|faint|p2b: Steelix
|
|upkeep
|inactive|Voltx5 has 30 seconds left.
|
|t:|1785991190
|switch|p2b: Eelektross|Eelektross, L50, F|100/100
|turn|4
|inactive|Voltx5 has 30 seconds left.
|
|t:|1785991217
|detailschange|p2b: Eelektross|Eelektross-Mega, L50, F
|-mega|p2b: Eelektross|Eelektross|Eelektrossite
|move|p1a: Sinistcha|Rage Powder|p1a: Sinistcha
|-singleturn|p1a: Sinistcha|move: Rage Powder
|move|p1b: Aggron|Rock Slide|p2b: Eelektross|[spread] p2a,p2b
|-damage|p2a: Spiritomb|14/100
|-damage|p2b: Eelektross|79/100
|cant|p2b: Eelektross|flinch
|move|p2a: Spiritomb|Trick Room|p2a: Spiritomb
|-fieldstart|move: Trick Room|[of] p2a: Spiritomb
|
|upkeep
|turn|5
|
|t:|1785991238
|switch|p1a: Incineroar|Incineroar, L50, M|100/100
|-ability|p1a: Incineroar|Intimidate|boost
|-unboost|p2a: Spiritomb|atk|1
|-unboost|p2b: Eelektross|atk|1
|switch|p1b: Alakazam|Alakazam, L50, F|100/100
|move|p2a: Spiritomb|Dark Pulse|p1a: Incineroar
|-resisted|p1a: Incineroar|1
|-damage|p1a: Incineroar|74/100
|move|p2b: Eelektross|Drain Punch|p1b: Alakazam
|-resisted|p1b: Alakazam|1
|-damage|p1b: Alakazam|72/100
|-heal|p2b: Eelektross|90/100|[from] drain|[of] p1b: Alakazam
|
|upkeep
|turn|6
|inactive|viatles has 30 seconds left.
|
|t:|1785991267
|move|p2a: Spiritomb|Dark Pulse|p1b: Alakazam
|-supereffective|p1b: Alakazam|1
|-damage|p1b: Alakazam|0 fnt
|faint|p1b: Alakazam
|move|p1a: Incineroar|Darkest Lariat|p2a: Spiritomb
|-damage|p2a: Spiritomb|0 fnt
|faint|p2a: Spiritomb
|move|p2b: Eelektross|Bulk Up|p2b: Eelektross
|-boost|p2b: Eelektross|atk|1
|-boost|p2b: Eelektross|def|1
|
|upkeep
|
|t:|1785991279
|switch|p2a: Milotic|Milotic, L50, F|100/100
|switch|p1b: Aggron|Aggron-Mega, L50, M|29/100
|turn|7
|
|t:|1785991307
|move|p1b: Aggron|Body Press|p2b: Eelektross
|-damage|p2b: Eelektross|55/100
|move|p1a: Incineroar|Darkest Lariat|p2a: Milotic
|-damage|p2a: Milotic|52/100
|move|p2b: Eelektross|Bulk Up|p2b: Eelektross
|-boost|p2b: Eelektross|atk|1
|-boost|p2b: Eelektross|def|1
|move|p2a: Milotic|Alluring Voice|p1a: Incineroar
|-damage|p1a: Incineroar|51/100
|
|-heal|p2a: Milotic|58/100|[from] item: Leftovers
|upkeep
|turn|8
|
|t:|1785991329
|move|p1b: Aggron|Body Press|p2b: Eelektross
|-damage|p2b: Eelektross|25/100
|move|p1a: Incineroar|Darkest Lariat|p2b: Eelektross
|-damage|p2b: Eelektross|0 fnt
|faint|p2b: Eelektross
|move|p2a: Milotic|Scald|p1a: Incineroar
|-supereffective|p1a: Incineroar|1
|-damage|p1a: Incineroar|0 fnt
|faint|p1a: Incineroar
|
|-heal|p2a: Milotic|63/100|[from] item: Leftovers
|-fieldend|move: Trick Room
|upkeep
|
|t:|1785991341
|switch|p1a: Sinistcha|Sinistcha, L50|26/100
|-heal|p1b: Aggron|54/100|[from] ability: Hospitality|[of] p1a: Sinistcha
|turn|9
|
|t:|1785991353
|move|p2a: Milotic|Recover|p2a: Milotic
|-heal|p2a: Milotic|100/100
|move|p1a: Sinistcha|Matcha Gotcha|p2a: Milotic
|-supereffective|p2a: Milotic|1
|-damage|p2a: Milotic|43/100
|-heal|p1a: Sinistcha|54/100|[from] drain|[of] p2a: Milotic
|move|p1b: Aggron|Rock Slide|p2a: Milotic
|-damage|p2a: Milotic|22/100
|
|-heal|p2a: Milotic|27/100|[from] item: Leftovers
|upkeep
|turn|10
|-message|Voltx5 forfeited.
|
|win|viatles
|l|☆Voltx5
|player|p2|
||Voltx5 is ready for game 2.
