|j|☆ThierryVGC
|j|☆Cristante terabug
|html|ThierryVGCCristante terabug    
|uhtml|bestof|Game 2 of a best-of-3
|t:|1756737948
|gametype|doubles
|player|p1|ThierryVGC|2|1215
|player|p2|Cristante terabug|kieran-champion|1234
|gen|9
|tier|[Gen 9] VGC 2025 Reg H (Bo3)
|rated|
|rule|Species Clause: Limit one of each Pokémon
|rule|Item Clause: Limit 1 of each item
|clearpoke
|poke|p1|Tyranitar, L50, M|
|poke|p1|Excadrill, L50, M|
|poke|p1|Kilowattrel, L50, F|
|poke|p1|Indeedee, L50, M|
|poke|p1|Sneasler, L50, F|
|poke|p1|Dragonite, L50, M|
|poke|p2|Incineroar, L50, F|
|poke|p2|Pelipper, L50, M|
|poke|p2|Archaludon, L50, M|
|poke|p2|Dragonite, L50, M|
|poke|p2|Sinistcha, L50|
|poke|p2|Ursaluna, L50, M|
|teampreview|4
|showteam|p1|Tyranitar||AssaultVest|SandStream|RockSlide,KnockOff,TeraBlast,LowKick|||M|||50|,,,,,Flying]Excadrill||FocusSash|SandRush|Protect,HighHorsepower,Earthquake,IronHead|||M|||50|,,,,,Fairy]Kilowattrel||CovertCloak|Competitive|Tailwind,Thunderbolt,AirSlash,Discharge|||F|||50|,,,,,Electric]Indeedee||ChoiceScarf|PsychicSurge|TeraBlast,ExpandingForce,Trick,ShadowBall|||M|||50|,,,,,Psychic]Sneasler||PsychicSeed|Unburden|DireClaw,CloseCombat,ThroatChop,Coaching|||F|||50|,,,,,Dark]Dragonite||LoadedDice|Multiscale|ScaleShot,Haze,Tailwind,Protect|||M|||50|,,,,,Fairy
|showteam|p2|Incineroar||SafetyGoggles|Intimidate|FakeOut,PartingShot,KnockOff,FlareBlitz|||F|||50|,,,,,Flying]Pelipper||FocusSash|Drizzle|Hurricane,MuddyWater,Tailwind,Protect|||M|||50|,,,,,Ghost]Archaludon||AssaultVest|Stamina|ElectroShot,Snarl,FlashCannon,BodyPress|||M|||50|,,,,,Bug]Dragonite||LoadedDice|Multiscale|ScaleShot,Tailwind,Haze,Protect|||M|||50|,,,,,Fairy]Sinistcha||SitrusBerry|Hospitality|MatchaGotcha,RagePowder,LifeDew,TrickRoom||||||50|,,,,,Dark]Ursaluna||FlameOrb|Guts|Earthquake,Facade,HeadlongRush,Protect|||M|||50|,,,,,Ghost
|
|t:|1756737989
|teamsize|p1|4
|teamsize|p2|4
|start
|switch|p1a: Kilowattrel|Kilowattrel, L50, F|100/100
|switch|p1b: Excadrill|Excadrill, L50, M|100/100
|switch|p2a: Paolo|Dragonite, L50, M|100/100
|switch|p2b: Luca|Archaludon, L50, M|100/100
|turn|1
|inactive|Battle timer is ON: inactive players will automatically lose when time's up. (requested by Cristante terabug)
|
|t:|1756738001
|-terastallize|p2b: Luca|Bug
|move|p1a: Kilowattrel|Tailwind|p1a: Kilowattrel
|-sidestart|p1: ThierryVGC|move: Tailwind
|move|p1b: Excadrill|Iron Head|p2a: Paolo
|-damage|p2a: Paolo|74/100
|move|p2a: Paolo|Scale Shot|p1a: Kilowattrel
|-damage|p1a: Kilowattrel|75/100
|-damage|p1a: Kilowattrel|50/100
|-damage|p1a: Kilowattrel|25/100
|-damage|p1a: Kilowattrel|1/100
|-damage|p1a: Kilowattrel|0 fnt
|faint|p1a: Kilowattrel
|-hitcount|p1: Kilowattrel|5
|-unboost|p2a: Paolo|def|1
|-boost|p2a: Paolo|spe|1
|move|p2b: Luca|Body Press|p1b: Excadrill
|-supereffective|p1b: Excadrill
|-damage|p1b: Excadrill|27/100
|
|upkeep
|
|t:|1756738012
|switch|p1a: Tyranitar|Tyranitar, L50, M|100/100
|-weather|Sandstorm|[from] ability: Sand Stream|[of] p1a: Tyranitar
|turn|2
|
|t:|1756738020
|switch|p2b: Wanda|Sinistcha, L50, shiny|100/100
|-heal|p2a: Paolo|98/100|[from] ability: Hospitality|[of] p2b: Wanda
|-terastallize|p1a: Tyranitar|Flying
|move|p1b: Excadrill|Iron Head|p2a: Paolo
|-damage|p2a: Paolo|27/100
|move|p2a: Paolo|Scale Shot|p1b: Excadrill
|-resisted|p1b: Excadrill
|-crit|p1b: Excadrill
|-damage|p1b: Excadrill|14/100
|-resisted|p1b: Excadrill
|-damage|p1b: Excadrill|6/100
|-resisted|p1b: Excadrill
|-damage|p1b: Excadrill|0 fnt
|faint|p1b: Excadrill
|-hitcount|p1: Excadrill|3
|-unboost|p2a: Paolo|def|1
|-boost|p2a: Paolo|spe|1
|move|p1a: Tyranitar|Tera Blast|p2b: Wanda|[anim] Tera Blast Flying
|-supereffective|p2b: Wanda
|-damage|p2b: Wanda|15/100
|-enditem|p2b: Wanda|Sitrus Berry|[eat]
|-heal|p2b: Wanda|40/100|[from] item: Sitrus Berry
|
|-weather|Sandstorm|[upkeep]
|-damage|p2a: Paolo|21/100|[from] Sandstorm
|-damage|p1a: Tyranitar|94/100|[from] Sandstorm
|-damage|p2b: Wanda|34/100|[from] Sandstorm
|upkeep
|
|t:|1756738031
|switch|p1b: Sneasler|Sneasler, L50, F|100/100
|turn|3
|
|t:|1756738041
|move|p2a: Paolo|Protect|p2a: Paolo
|-singleturn|p2a: Paolo|Protect
|move|p1b: Sneasler|Coaching|p1a: Tyranitar
|-boost|p1a: Tyranitar|atk|1
|-boost|p1a: Tyranitar|def|1
|move|p1a: Tyranitar|Tera Blast|p2b: Wanda|[anim] Tera Blast Flying
|-supereffective|p2b: Wanda
|-damage|p2b: Wanda|0 fnt
|faint|p2b: Wanda
|
|-weather|Sandstorm|[upkeep]
|-damage|p1b: Sneasler|95/100|[from] Sandstorm
|-damage|p2a: Paolo|15/100|[from] Sandstorm
|-damage|p1a: Tyranitar|88/100|[from] Sandstorm
|upkeep
|
|t:|1756738047
|switch|p2b: Silvano|Pelipper, L50, M, shiny|100/100
|-weather|RainDance|[from] ability: Drizzle|[of] p2b: Silvano
|turn|4
|
|t:|1756738059
|move|p1b: Sneasler|Dire Claw|p2b: Silvano
|-damage|p2b: Silvano|40/100
|-status|p2b: Silvano|par
|move|p2a: Paolo|Scale Shot|p1b: Sneasler|[miss]
|-miss|p2a: Paolo|p1b: Sneasler
|move|p1a: Tyranitar|Rock Slide|p2b: Silvano|[spread] p2a,p2b
|-supereffective|p2a: Paolo
|-supereffective|p2b: Silvano
|-damage|p2a: Paolo|0 fnt
|-damage|p2b: Silvano|0 fnt
|faint|p2a: Paolo
|faint|p2b: Silvano
|
|-weather|RainDance|[upkeep]
|-sideend|p1: ThierryVGC|move: Tailwind
|upkeep
|
|t:|1756738065
|switch|p2b: Luca|Archaludon, L50, M, tera:Bug|100/100
|turn|5
|
|t:|1756738071
|move|p1b: Sneasler|Coaching|p1a: Tyranitar
|-boost|p1a: Tyranitar|atk|1
|-boost|p1a: Tyranitar|def|1
|move|p2b: Luca|Electro Shot||[still]
|-prepare|p2b: Luca|Electro Shot
|-boost|p2b: Luca|spa|1
|-anim|p2b: Luca|Electro Shot|p1a: Tyranitar
|-supereffective|p1a: Tyranitar
|-damage|p1a: Tyranitar|25/100
|move|p1a: Tyranitar|Tera Blast|p2b: Luca|[anim] Tera Blast Flying
|-supereffective|p2b: Luca
|-damage|p2b: Luca|0 fnt
|faint|p2b: Luca
|
|win|ThierryVGC
|raw|ThierryVGC's rating: 1215 → 1241(+26 for winning)
|raw|Cristante terabug's rating: 1234 → 1208(-26 for losing)
