|j|☆twittle twister
|j|☆eggwich69
|html|twittle twistereggwich69    
|uhtml|bestof|Game 2 of a best-of-3
|t:|1757824743
|gametype|doubles
|player|p1|twittle twister|101|1101
|player|p2|eggwich69|266|1173
|gen|9
|tier|[Gen 9] VGC 2025 Reg H (Bo3)
|rated|
|rule|Species Clause: Limit one of each Pokémon
|rule|Item Clause: Limit 1 of each item
|clearpoke
|poke|p1|Ursaluna-Bloodmoon, L50, M|
|poke|p1|Tyranitar, L50, M|
|poke|p1|Sneasler, L50, M|
|poke|p1|Indeedee, L50, M|
|poke|p1|Whimsicott, L50, F|
|poke|p1|Annihilape, L50, F|
|poke|p2|Sneasler, L50, M|
|poke|p2|Indeedee, L50, M|
|poke|p2|Incineroar, L50, F|
|poke|p2|Dragonite, L50, M|
|poke|p2|Ursaluna-Bloodmoon, L50, M|
|poke|p2|Milotic, L50, M|
|teampreview|4
|showteam|p1|Ursaluna-Bloodmoon||ThroatSpray|MindsEye|HyperVoice,BloodMoon,Protect,EarthPower|||M|||50|,,,,,Ghost]Tyranitar||AssaultVest|SandStream|RockSlide,TeraBlast,KnockOff,LowKick|||M|||50|,,,,,Flying]Sneasler||PsychicSeed|Unburden|DireClaw,CloseCombat,Acrobatics,Protect|||M|||50|,,,,,Flying]Indeedee||FocusSash|PsychicSurge|DazzlingGleam,ExpandingForce,Psychic,HelpingHand|||M|||50|,,,,,Fairy]Whimsicott||CovertCloak|Prankster|Tailwind,Encore,Moonblast,WorrySeed|||F|||50|,,,,,Steel]Annihilape||RockyHelmet|Defiant|DrainPunch,RageFist,BulkUp,Protect|||F|||50|,,,,,Fairy
|showteam|p2|Sneasler||PsychicSeed|Unburden|DireClaw,CloseCombat,ThroatChop,Protect|||M|||50|,,,,,Stellar]Indeedee||FocusSash|PsychicSurge|ExpandingForce,TrickRoom,Protect,TeraBlast|||M|||50|,,,,,Fighting]Incineroar||SafetyGoggles|Intimidate|FakeOut,FlareBlitz,KnockOff,PartingShot|||F|||50|,,,,,Water]Dragonite||LoadedDice|Multiscale|ScaleShot,Haze,Protect,Tailwind|||M|||50|,,,,,Fairy]Ursaluna-Bloodmoon||LifeOrb|MindsEye|BloodMoon,HyperVoice,EarthPower,Protect|||M|||50|,,,,,Normal]Milotic||SitrusBerry|Competitive|Scald,IcyWind,Haze,Protect|||M|||50|,,,,,Grass
|inactive|Battle timer is ON: inactive players will automatically lose when time's up. (requested by twittle twister)
|
|t:|1757824829
|teamsize|p1|4
|teamsize|p2|4
|start
|switch|p1a: Annihilape|Annihilape, L50, F|100/100
|switch|p1b: Indeedee|Indeedee, L50, M|100/100
|switch|p2a: Dragonite|Dragonite, L50, M|100/100
|switch|p2b: Sneasler|Sneasler, L50, M|100/100
|-fieldstart|move: Psychic Terrain|[from] ability: Psychic Surge|[of] p1b: Indeedee
|-enditem|p2b: Sneasler|Psychic Seed
|-boost|p2b: Sneasler|spd|1|[from] item: Psychic Seed
|turn|1
|inactive|twittle twister has 30 seconds left.
|
|t:|1757824863
|-terastallize|p1b: Indeedee|Fairy
|move|p2b: Sneasler|Protect|p2b: Sneasler
|-singleturn|p2b: Sneasler|Protect
|move|p1a: Annihilape|Bulk Up|p1a: Annihilape
|-boost|p1a: Annihilape|atk|1
|-boost|p1a: Annihilape|def|1
|move|p2a: Dragonite|Scale Shot|p1b: Indeedee
|-immune|p1b: Indeedee
|move|p1b: Indeedee|Expanding Force|p2b: Sneasler|[spread] p2a
|-activate|p2b: Sneasler|move: Protect
|-damage|p2a: Dragonite|68/100
|
|upkeep
|turn|2
|inactive|twittle twister has 30 seconds left.
|inactive|twittle twister has 20 seconds left.
|
|t:|1757824902
|switch|p1b: Tyranitar|Tyranitar, L50, M|100/100
|-weather|Sandstorm|[from] ability: Sand Stream|[of] p1b: Tyranitar
|move|p2b: Sneasler|Dire Claw|p1b: Tyranitar
|-resisted|p1b: Tyranitar
|-damage|p1b: Tyranitar|81/100
|move|p1a: Annihilape|Rage Fist|p2b: Sneasler
|-damage|p2b: Sneasler|49/100
|move|p2a: Dragonite|Tailwind|p2a: Dragonite
|-sidestart|p2: eggwich69|move: Tailwind
|
|-weather|Sandstorm|[upkeep]
|-damage|p2b: Sneasler|43/100|[from] Sandstorm
|-damage|p2a: Dragonite|62/100|[from] Sandstorm
|-damage|p1a: Annihilape|94/100|[from] Sandstorm
|upkeep
|turn|3
|inactive|twittle twister has 30 seconds left.
|inactive|twittle twister has 20 seconds left.
|inactive|twittle twister has 15 seconds left.
|inactive|twittle twister has 10 seconds left.
|
|t:|1757824947
|switch|p1b: Indeedee|Indeedee, L50, M, tera:Fairy|100/100
|move|p2b: Sneasler|Close Combat|p1b: Indeedee
|-resisted|p1b: Indeedee
|-damage|p1b: Indeedee|45/100
|-unboost|p2b: Sneasler|def|1
|-unboost|p2b: Sneasler|spd|1
|move|p2a: Dragonite|Haze|p2a: Dragonite
|-clearallboost
|move|p1a: Annihilape|Rage Fist|p2b: Sneasler
|-damage|p2b: Sneasler|10/100
|
|-weather|Sandstorm|[upkeep]
|-damage|p2b: Sneasler|4/100|[from] Sandstorm
|-damage|p2a: Dragonite|56/100|[from] Sandstorm
|-damage|p1a: Annihilape|88/100|[from] Sandstorm
|-damage|p1b: Indeedee|39/100|[from] Sandstorm
|upkeep
|turn|4
|inactive|twittle twister has 30 seconds left.
|
|t:|1757824972
|move|p2b: Sneasler|Close Combat|p1b: Indeedee
|-resisted|p1b: Indeedee
|-damage|p1b: Indeedee|0 fnt
|-unboost|p2b: Sneasler|def|1
|-unboost|p2b: Sneasler|spd|1
|faint|p1b: Indeedee
|move|p2a: Dragonite|Scale Shot|p1a: Annihilape
|-damage|p1a: Annihilape|74/100
|-damage|p1a: Annihilape|58/100
|-damage|p1a: Annihilape|42/100
|-damage|p1a: Annihilape|28/100
|-damage|p1a: Annihilape|14/100
|-hitcount|p1a: Annihilape|5
|-unboost|p2a: Dragonite|def|1
|-boost|p2a: Dragonite|spe|1
|move|p1a: Annihilape|Rage Fist|p2a: Dragonite
|-damage|p2a: Dragonite|0 fnt
|faint|p2a: Dragonite
|
|-weather|Sandstorm|[upkeep]
|-damage|p2b: Sneasler|0 fnt|[from] Sandstorm
|-damage|p1a: Annihilape|8/100|[from] Sandstorm
|faint|p2b: Sneasler
|upkeep
|
|t:|1757824980
|switch|p2b: Ursaluna|Ursaluna-Bloodmoon, L50, M|100/100
|switch|p2a: Indeedee|Indeedee, L50, M|100/100
|switch|p1b: Sneasler|Sneasler, L50, M|100/100
|-enditem|p1b: Sneasler|Psychic Seed
|-boost|p1b: Sneasler|spd|1|[from] item: Psychic Seed
|turn|5
|inactive|eggwich69 has 30 seconds left.
|
|t:|1757825010
|switch|p1a: Tyranitar|Tyranitar, L50, M|81/100
|move|p1b: Sneasler|Protect|p1b: Sneasler
|-singleturn|p1b: Sneasler|Protect
|move|p2b: Ursaluna|Protect|p2b: Ursaluna
|-singleturn|p2b: Ursaluna|Protect
|move|p2a: Indeedee|Expanding Force|p1a: Tyranitar|[spread] 
|-activate|p1b: Sneasler|move: Protect
|-immune|p1a: Tyranitar
|
|-weather|Sandstorm|[upkeep]
|-damage|p1b: Sneasler|95/100|[from] Sandstorm
|-damage|p2a: Indeedee|95/100|[from] Sandstorm
|-sideend|p2: eggwich69|move: Tailwind
|-fieldend|move: Psychic Terrain
|upkeep
|turn|6
|
|t:|1757825026
|move|p1b: Sneasler|Close Combat|p2b: Ursaluna
|-supereffective|p2b: Ursaluna
|-damage|p2b: Ursaluna|0 fnt
|-unboost|p1b: Sneasler|def|1
|-unboost|p1b: Sneasler|spd|1
|faint|p2b: Ursaluna
|move|p2a: Indeedee|Expanding Force|p1b: Sneasler
|-supereffective|p1b: Sneasler
|-damage|p1b: Sneasler|0 fnt
|faint|p1b: Sneasler
|move|p1a: Tyranitar|Knock Off|p2a: Indeedee
|-supereffective|p2a: Indeedee
|-damage|p2a: Indeedee|0 fnt
|-enditem|p2a: Indeedee|Focus Sash|[from] move: Knock Off|[of] p1a: Tyranitar
|faint|p2a: Indeedee
|
|win|twittle twister
|raw|twittle twister's rating: 1101 → 1131(+30 for winning)
|raw|eggwich69's rating: 1173 → 1143(-30 for losing)
|l|☆eggwich69
|player|p2|
