|j|☆worldenddominat0r
|j|☆FerKillerVGC
|html|worldenddominat0rFerKillerVGC    
|uhtml|bestof|Game 1 of a best-of-3
|t:|1782266697
|gametype|doubles
|player|p1|worldenddominat0r|maid-gen6|1174
|player|p2|FerKillerVGC|169|1153
|gen|9
|tier|[Gen 9 Champions] VGC 2026 Reg M-B (Bo3)
|rated|
|rule|Species Clause: Limit one of each Pokémon
|rule|Item Clause: Limit 1 of each item
|clearpoke
|poke|p1|Staraptor, L50, M|
|poke|p1|Maushold-Four, L50|
|poke|p1|Ninetales-Alola, L50, F|
|poke|p1|Delphox, L50, M|
|poke|p1|Basculegion, L50, M|
|poke|p1|Kingambit, L50, F|
|poke|p2|Ninetales-Alola, L50, M|
|poke|p2|Venusaur, L50, F|
|poke|p2|Maushold, L50|
|poke|p2|Armarouge, L50, M|
|poke|p2|Hawlucha, L50, F|
|poke|p2|Snorlax, L50, F|
|teampreview|4
|showteam|p1|Staraptor||Staraptite|Intimidate|CloseCombat,BraveBird,Protect,Tailwind|Adamant||M|||50|]Maushold-Four||FocusSash|FriendGuard|SuperFang,Protect,FollowMe,Encore|Jolly|||||50|]Ninetales-Alola||NeverMeltIce|SnowWarning|Blizzard,FreezeDry,IcyWind,Protect|Timid||F|||50|]Delphox||Delphoxite|Blaze|HeatWave,Psyshock,Protect,Substitute|Timid||M|||50|]Basculegion||ChoiceScarf|Adaptability|WaveCrash,LastRespects,FlipTurn,AquaJet|Jolly||M|||50|]Kingambit||BlackGlasses|Defiant|KowtowCleave,SuckerPunch,IronHead,Protect|Adamant||F|||50|
|showteam|p2|Ninetales-Alola||ChoiceScarf|SnowWarning|Blizzard,FreezeDry,Moonblast,AuroraVeil|Modest||M|||50|]Venusaur||Venusaurite|Overgrow|GigaDrain,SludgeBomb,EarthPower,Protect|Modest||F|||50|]Maushold||WideLens|FriendGuard|PopulationBomb,SuperFang,Feint,FollowMe|Jolly|||||50|]Armarouge||FocusSash|FlashFire|HeatWave,Psychic,TrickRoom,WideGuard|Quiet||M|||50|]Hawlucha||Hawluchanite|Limber|CloseCombat,BraveBird,Entrainment,Protect|Jolly||F|||50|]Snorlax||SitrusBerry|ThickFat|BodyPress,Fissure,Stockpile,Recycle|Impish||F|||50|
|inactive|Battle timer is ON: inactive players will automatically lose when time's up. (requested by worldenddominat0r)
|inactive|worldenddominat0r has 60 seconds left.
|inactive|FerKillerVGC has 60 seconds left.
|
|t:|1782266757
|teamsize|p1|4
|teamsize|p2|4
|start
|switch|p1a: Staraptor|Staraptor, L50, M|100/100
|switch|p1b: Maushold|Maushold-Four, L50|100/100
|switch|p2a: Ninetales|Ninetales-Alola, L50, M|100/100
|switch|p2b: Maushold|Maushold, L50|100/100
|-weather|Snowscape|[from] ability: Snow Warning|[of] p2a: Ninetales
|-ability|p1a: Staraptor|Intimidate|boost
|-unboost|p2a: Ninetales|atk|1
|-unboost|p2b: Maushold|atk|1
|turn|1
|inactive|worldenddominat0r has 30 seconds left.
|inactive|worldenddominat0r has 20 seconds left.
|inactive|worldenddominat0r has 15 seconds left.
|inactive|FerKillerVGC has 30 seconds left.
|inactive|worldenddominat0r has 10 seconds left.
|
|t:|1782266805
|switch|p1a: Basculegion|Basculegion, L50, M|100/100
|move|p2b: Maushold|Feint|p1a: Basculegion
|-immune|p1a: Basculegion
|move|p2a: Ninetales|Blizzard|p1a: Basculegion|[spread] p1a,p1b
|-resisted|p1a: Basculegion|1
|-damage|p1a: Basculegion|84/100
|-damage|p1b: Maushold|56/100
|move|p1b: Maushold|Super Fang|p2b: Maushold
|-damage|p2b: Maushold|50/100g
|
|-weather|Snowscape|[upkeep]
|upkeep
|turn|2
|
|t:|1782266827
|switch|p2a: Venusaur|Venusaur, L50, F|100/100
|move|p1a: Basculegion|Wave Crash|p2b: Maushold
|-damage|p2b: Maushold|0 fnt
|faint|p2b: Maushold
|-damage|p1a: Basculegion|71/100|[from] Recoil
|move|p1b: Maushold|Super Fang|p2a: Venusaur
|-damage|p2a: Venusaur|50/100y
|
|-weather|Snowscape|[upkeep]
|upkeep
|
|t:|1782266837
|switch|p2b: Ninetales|Ninetales-Alola, L50, M|100/100
|turn|3
|
|t:|1782266851
|switch|p1a: Delphox|Delphox, L50, M|100/100
|detailschange|p2a: Venusaur|Venusaur-Mega, L50, F
|-mega|p2a: Venusaur|Venusaur|Venusaurite
|move|p1b: Maushold|Protect|p1b: Maushold
|-singleturn|p1b: Maushold|Protect
|move|p2b: Ninetales|Freeze-Dry|p1a: Delphox
|-resisted|p1a: Delphox|1
|-damage|p1a: Delphox|86/100
|move|p2a: Venusaur|Giga Drain|p1b: Maushold
|-activate|p1b: Maushold|move: Protect
|
|-weather|Snowscape|[upkeep]
|upkeep
|turn|4
|
|t:|1782266877
|detailschange|p1a: Delphox|Delphox-Mega, L50, M
|-mega|p1a: Delphox|Delphox|Delphoxite
|move|p2b: Ninetales|Freeze-Dry|p1b: Maushold
|-damage|p1b: Maushold|20/100y
|move|p1a: Delphox|Substitute|p1a: Delphox
|-start|p1a: Delphox|Substitute
|-damage|p1a: Delphox|62/100
|move|p1b: Maushold|Super Fang|p2b: Ninetales
|-damage|p2b: Ninetales|50/100g
|move|p2a: Venusaur|Sludge Bomb|p1a: Delphox
|-end|p1a: Delphox|Substitute
|
|-weather|Snowscape|[upkeep]
|upkeep
|turn|5
|
|t:|1782266890
|move|p1b: Maushold|Follow Me|p1b: Maushold
|-singleturn|p1b: Maushold|move: Follow Me
|move|p2b: Ninetales|Freeze-Dry|p1b: Maushold
|-damage|p1b: Maushold|0 fnt
|faint|p1b: Maushold
|move|p1a: Delphox|Heat Wave|p2b: Ninetales|[spread] p2a,p2b
|-supereffective|p2a: Venusaur|1
|-supereffective|p2b: Ninetales|1
|-damage|p2a: Venusaur|13/100
|-damage|p2b: Ninetales|0 fnt
|faint|p2b: Ninetales
|move|p2a: Venusaur|Sludge Bomb|p1a: Delphox
|-damage|p1a: Delphox|22/100
|
|-weather|none
|upkeep
|
|t:|1782266897
|switch|p1b: Basculegion|Basculegion, L50, M|71/100
|switch|p2b: Armarouge|Armarouge, L50, M|100/100
|turn|6
|
|t:|1782266906
|move|p2a: Venusaur|Protect|p2a: Venusaur
|-singleturn|p2a: Venusaur|Protect
|move|p1b: Basculegion|Wave Crash|p2b: Armarouge
|-supereffective|p2b: Armarouge|1
|-enditem|p2b: Armarouge|Focus Sash
|-damage|p2b: Armarouge|1/100
|-damage|p1b: Basculegion|38/100|[from] Recoil
|move|p1a: Delphox|Psyshock|p2b: Armarouge
|-resisted|p2b: Armarouge|1
|-damage|p2b: Armarouge|0 fnt
|faint|p2b: Armarouge
|
|upkeep
|turn|7
|-message|FerKillerVGC forfeited.
|
|win|worldenddominat0r
|l|☆FerKillerVGC
|player|p2|
|raw|worldenddominat0r's rating: 1174 → 1197(+23 for winning)
|raw|FerKillerVGC's rating: 1153 → 1130(-23 for losing)
