|j|☆SuperOinge22
|j|☆Quill86
|html|SuperOinge22Quill86    
|uhtml|bestof|Game 1 of a best-of-3
|t:|1756181259
|gametype|doubles
|player|p1|SuperOinge22|mars|1298
|player|p2|Quill86|lucas|1357
|gen|9
|tier|[Gen 9] VGC 2025 Reg H (Bo3)
|rated|
|rule|Species Clause: Limit one of each Pokémon
|rule|Item Clause: Limit 1 of each item
|clearpoke
|poke|p1|Empoleon, L50, M|
|poke|p1|Salamence, L50, F|
|poke|p1|Meowscarada, L50, F|
|poke|p1|Garchomp, L50, M|
|poke|p1|Gholdengo, L50|
|poke|p1|Volcarona, L50, F|
|poke|p2|Indeedee-F, L50, F|
|poke|p2|Gallade, L50, M|
|poke|p2|Torkoal, L50, M|
|poke|p2|Ursaluna, L50, M|
|poke|p2|Hatterene, L50, F|
|poke|p2|Smeargle, L50, F|
|teampreview|4
|showteam|p1|Empoleon||SitrusBerry|Competitive|WaterPledge,FlashCannon,Yawn,Protect|||M|||50|,,,,,Ghost]Salamence||EjectPack|Intimidate|DracoMeteor,AirSlash,Tailwind,Protect|||F|||50|,,,,,Fire]Meowscarada||FocusSash|Overgrow|FlowerTrick,KnockOff,GrassPledge,Protect|||F|||50|,,,,,Grass]Garchomp||LifeOrb|RoughSkin|DragonClaw,Earthquake,StompingTantrum,Protect|||M|||50|,,,,,Ground]Gholdengo||MetalCoat|GoodasGold|MakeItRain,ShadowBall,NastyPlot,Protect||||||50|,,,,,Water]Volcarona||CovertCloak|FlameBody|Overheat,HeatWave,RagePowder,Tailwind|||F|||50|,,,,,Grass
|showteam|p2|Indeedee-F||PsychicSeed|PsychicSurge|FollowMe,TrickRoom,HelpingHand,DazzlingGleam|||F|||50|,,,,,Fairy]Gallade||ClearAmulet|Sharpness|SacredSword,PsychoCut,WideGuard,TrickRoom|||M|||50|,,,,,Grass]Torkoal||ChoiceSpecs|Drought|Eruption,WeatherBall,EarthPower,HeatWave|||M|||50|,,,,,Fire]Ursaluna||FlameOrb|Guts|Protect,HeadlongRush,Facade,Earthquake|||M|||50|,,,,,Ghost]Hatterene||LifeOrb|MagicBounce|DazzlingGleam,ExpandingForce,MysticalFire,TrickRoom|||F|||50|,,,,,Fire]Smeargle||FocusSash|Moody|FakeOut,Spore,Decorate,FollowMe|||F|||50|,,,,,Ghost
|inactive|Battle timer is ON: inactive players will automatically lose when time's up. (requested by SuperOinge22)
|
|t:|1756181280
|teamsize|p1|4
|teamsize|p2|4
|start
|switch|p1a: Meowscarada|Meowscarada, L50, F|100/100
|switch|p1b: Gholdengo|Gholdengo, L50|100/100
|switch|p2a: Indeedee|Indeedee-F, L50, F|100/100
|switch|p2b: Gallade|Gallade, L50, M|100/100
|-fieldstart|move: Psychic Terrain|[from] ability: Psychic Surge|[of] p2a: Indeedee
|-enditem|p2a: Indeedee|Psychic Seed
|-boost|p2a: Indeedee|spd|1|[from] item: Psychic Seed
|turn|1
|
|t:|1756181303
|move|p2a: Indeedee|Follow Me|p2a: Indeedee
|-singleturn|p2a: Indeedee|move: Follow Me
|move|p1a: Meowscarada|Knock Off|p2a: Indeedee
|-supereffective|p2a: Indeedee
|-damage|p2a: Indeedee|43/100
|move|p1b: Gholdengo|Nasty Plot|p1b: Gholdengo
|-boost|p1b: Gholdengo|spa|2
|move|p2b: Gallade|Trick Room|p2b: Gallade
|-fieldstart|move: Trick Room|[of] p2b: Gallade
|
|upkeep
|turn|2
|
|t:|1756181324
|move|p1a: Meowscarada|Protect|p1a: Meowscarada
|-singleturn|p1a: Meowscarada|Protect
|move|p2b: Gallade|Sacred Sword|p1a: Meowscarada
|-activate|p1a: Meowscarada|move: Protect
|move|p2a: Indeedee|Dazzling Gleam|p1b: Gholdengo|[spread] p1b
|-activate|p1a: Meowscarada|move: Protect
|-resisted|p1b: Gholdengo
|-damage|p1b: Gholdengo|94/100
|move|p1b: Gholdengo|Shadow Ball|p2b: Gallade
|-supereffective|p2b: Gallade
|-damage|p2b: Gallade|0 fnt
|faint|p2b: Gallade
|
|upkeep
|
|t:|1756181334
|switch|p2b: Torkoal|Torkoal, L50, M|100/100
|-weather|SunnyDay|[from] ability: Drought|[of] p2b: Torkoal
|turn|3
|
|t:|1756181352
|-terastallize|p2b: Torkoal|Fire
|-terastallize|p1b: Gholdengo|Water
|move|p2b: Torkoal|Eruption|p1b: Gholdengo|[spread] p1a,p1b
|-supereffective|p1a: Meowscarada
|-resisted|p1b: Gholdengo
|-enditem|p1a: Meowscarada|Focus Sash
|-damage|p1a: Meowscarada|1/100
|-damage|p1b: Gholdengo|27/100
|move|p2a: Indeedee|Dazzling Gleam|p1a: Meowscarada|[spread] p1a,p1b
|-supereffective|p1a: Meowscarada
|-damage|p1a: Meowscarada|0 fnt
|-damage|p1b: Gholdengo|15/100
|faint|p1a: Meowscarada
|move|p1b: Gholdengo|Make It Rain|p2b: Torkoal|[spread] p2a,p2b
|-resisted|p2b: Torkoal
|-damage|p2a: Indeedee|0 fnt
|-damage|p2b: Torkoal|31/100
|-unboost|p1b: Gholdengo|spa|1
|faint|p2a: Indeedee
|
|-weather|SunnyDay|[upkeep]
|upkeep
|inactive|SuperOinge22 has 30 seconds left.
|
|t:|1756181383
|switch|p2a: Hatterene|Hatterene, L50, F|100/100
|switch|p1a: Salamence|Salamence, L50, F|100/100
|-ability|p1a: Salamence|Intimidate|boost
|-unboost|p2a: Hatterene|atk|1
|-unboost|p2b: Torkoal|atk|1
|turn|4
|
|t:|1756181401
|move|p1a: Salamence|Protect|p1a: Salamence
|-singleturn|p1a: Salamence|Protect
|move|p2b: Torkoal|Eruption|p1b: Gholdengo|[spread] p1b
|-activate|p1a: Salamence|move: Protect
|-resisted|p1b: Gholdengo
|-damage|p1b: Gholdengo|0 fnt
|faint|p1b: Gholdengo
|move|p2a: Hatterene|Expanding Force|p1a: Salamence
|-activate|p1a: Salamence|move: Protect
|
|-weather|SunnyDay|[upkeep]
|upkeep
|
|t:|1756181408
|switch|p1b: Garchomp|Garchomp, L50, M|100/100
|turn|5
|
|t:|1756181417
|move|p1a: Salamence|Protect||[still]
|-fail|p1a: Salamence
|move|p1b: Garchomp|Protect|p1b: Garchomp
|-singleturn|p1b: Garchomp|Protect
|move|p2b: Torkoal|Eruption|p1a: Salamence|[spread] p1a
|-activate|p1b: Garchomp|move: Protect
|-resisted|p1a: Salamence
|-damage|p1a: Salamence|81/100
|move|p2a: Hatterene|Dazzling Gleam|p1b: Garchomp|[spread] p1a
|-activate|p1b: Garchomp|move: Protect
|-supereffective|p1a: Salamence
|-damage|p1a: Salamence|0 fnt
|faint|p1a: Salamence
|-damage|p2a: Hatterene|91/100|[from] item: Life Orb
|
|-weather|SunnyDay|[upkeep]
|-fieldend|move: Trick Room
|-fieldend|move: Psychic Terrain
|upkeep
|turn|6
|
|t:|1756181434
|move|p1b: Garchomp|Earthquake|p2b: Torkoal|[spread] p2a,p2b
|-supereffective|p2b: Torkoal
|-crit|p2b: Torkoal
|-damage|p2a: Hatterene|33/100
|-damage|p2b: Torkoal|0 fnt
|faint|p2b: Torkoal
|-damage|p1b: Garchomp|91/100|[from] item: Life Orb
|move|p2a: Hatterene|Dazzling Gleam|p1b: Garchomp
|-supereffective|p1b: Garchomp
|-damage|p1b: Garchomp|0 fnt
|faint|p1b: Garchomp
|-damage|p2a: Hatterene|23/100|[from] item: Life Orb
|
|win|Quill86
||SuperOinge22 is ready for game 2.
||Quill86 is ready for game 2.
|uhtml|next|Next: Game 2 of 3
|l|☆SuperOinge22
|player|p1|
