|j|☆Vitor_hsaf
|j|☆marcosdeltasena31
|html|Vitor_hsafmarcosdeltasena31    
|uhtml|bestof|Game 2 of a best-of-3
|t:|1755721778
|gametype|doubles
|player|p1|Vitor_hsaf|blue|1312
|player|p2|marcosdeltasena31|hilbert|1382
|gen|9
|tier|[Gen 9] VGC 2025 Reg H (Bo3)
|rated|
|rule|Species Clause: Limit one of each Pokémon
|rule|Item Clause: Limit 1 of each item
|clearpoke
|poke|p1|Sneasler, L50, F|
|poke|p1|Samurott-Hisui, L50, M|
|poke|p1|Kommo-o, L50, F|
|poke|p1|Indeedee-F, L50, F|
|poke|p1|Delphox, L50, F|
|poke|p1|Amoonguss, L50, F|
|poke|p2|Dragonite, L50, F|
|poke|p2|Sneasler, L50, F|
|poke|p2|Volcarona, L50, F|
|poke|p2|Rillaboom, L50, M|
|poke|p2|Kingambit, L50, F|
|poke|p2|Electabuzz, L50, F|
|teampreview|4
|showteam|p1|Sneasler||PsychicSeed|Unburden|Protect,CloseCombat,DireClaw,ThroatChop|||F|||50|,,,,,Dark]Samurott-Hisui||AssaultVest|Sharpness|AquaCutter,SuckerPunch,CeaselessEdge,SacredSword|||M|||50|,,,,,Ghost]Kommo-o||ThroatSpray|Overcoat|ClangorousSoul,ClangingScales,Protect,Flamethrower|||F|||50|,,,,,Fire]Indeedee-F||RockyHelmet|PsychicSurge|FollowMe,HelpingHand,Psychic,TrickRoom|||F|||50|,,,,,Fairy]Delphox||LifeOrb|Blaze|Protect,NastyPlot,HeatWave,ExpandingForce|||F|||50|,,,,,Psychic]Amoonguss||SitrusBerry|Regenerator|ClearSmog,SludgeBomb,Spore,RagePowder|||F|||50|,,,,,Fire
|showteam|p2|Dragonite||LoadedDice|Multiscale|ScaleShot,ExtremeSpeed,Haze,Protect|||F|||50|,,,,,Fairy]Sneasler||FocusSash|PoisonTouch|DireClaw,CloseCombat,FakeOut,Coaching|||F|||50|,,,,,Ghost]Volcarona||CovertCloak|FlameBody|HeatWave,TeraBlast,QuiverDance,Protect|||F|||50|,,,,,Fairy]Rillaboom||AssaultVest|GrassySurge|WoodHammer,FakeOut,GrassyGlide,HighHorsepower|||M|||50|,,,,,Fire]Kingambit||BlackGlasses|Defiant|KowtowCleave,SwordsDance,SuckerPunch,Protect|||F|||50|,,,,,Dark]Electabuzz||Eviolite|VitalSpirit|Electroweb,FollowMe,Taunt,Protect|||F|||50|,,,,,Ghost
|inactive|Battle timer is ON: inactive players will automatically lose when time's up. (requested by Vitor_hsaf)
|
|t:|1755721798
|teamsize|p1|4
|teamsize|p2|4
|start
|switch|p1a: Indeedee|Indeedee-F, L50, F, shiny|100/100
|switch|p1b: Delphox|Delphox, L50, F, shiny|100/100
|switch|p2a: Dragonite|Dragonite, L50, F|100/100
|switch|p2b: Sneasler|Sneasler, L50, F|100/100
|-fieldstart|move: Psychic Terrain|[from] ability: Psychic Surge|[of] p1a: Indeedee
|turn|1
|
|t:|1755721817
|switch|p2a: Rillaboom|Rillaboom, L50, M|100/100
|-fieldstart|move: Grassy Terrain|[from] ability: Grassy Surge|[of] p2a: Rillaboom
|-terastallize|p1a: Indeedee|Fairy
|move|p2b: Sneasler|Fake Out|p1b: Delphox
|-damage|p1b: Delphox|80/100
|move|p1a: Indeedee|Follow Me|p1a: Indeedee
|-singleturn|p1a: Indeedee|move: Follow Me
|cant|p1b: Delphox|flinch
|
|-heal|p1b: Delphox|86/100|[from] Grassy Terrain
|upkeep
|turn|2
|
|t:|1755721831
|switch|p1a: Kommo-o|Kommo-o, L50, F, shiny|100/100
|move|p1b: Delphox|Protect|p1b: Delphox
|-singleturn|p1b: Delphox|Protect
|move|p2a: Rillaboom|Fake Out|p1b: Delphox
|-activate|p1b: Delphox|move: Protect
|move|p2b: Sneasler|Dire Claw|p1a: Kommo-o
|-damage|p1a: Kommo-o|64/100
|-status|p1a: Kommo-o|psn|[from] ability: Poison Touch|[of] p2b: Sneasler
|
|-heal|p1b: Delphox|92/100|[from] Grassy Terrain
|-heal|p1a: Kommo-o|70/100 psn|[from] Grassy Terrain
|-damage|p1a: Kommo-o|58/100 psn|[from] psn
|upkeep
|turn|3
|
|t:|1755721847
|move|p1b: Delphox|Protect||[still]
|-fail|p1b: Delphox
|move|p2b: Sneasler|Dire Claw|p1b: Delphox
|-damage|p1b: Delphox|24/100
|move|p1a: Kommo-o|Clanging Scales|p2b: Sneasler|[spread] p2a,p2b
|-damage|p2a: Rillaboom|75/100
|-damage|p2b: Sneasler|53/100
|-unboost|p1a: Kommo-o|def|1
|-enditem|p1a: Kommo-o|Throat Spray
|-boost|p1a: Kommo-o|spa|1|[from] item: Throat Spray
|move|p2a: Rillaboom|High Horsepower|p1b: Delphox
|-supereffective|p1b: Delphox
|-crit|p1b: Delphox
|-damage|p1b: Delphox|0 fnt
|faint|p1b: Delphox
|
|-heal|p2b: Sneasler|59/100|[from] Grassy Terrain
|-heal|p1a: Kommo-o|64/100 psn|[from] Grassy Terrain
|-heal|p2a: Rillaboom|81/100|[from] Grassy Terrain
|-damage|p1a: Kommo-o|51/100 psn|[from] psn
|upkeep
|
|t:|1755721859
|switch|p1b: Sneasler|Sneasler, L50, F, shiny|100/100
|turn|4
|
|t:|1755721869
|switch|p2a: Kingambit|Kingambit, L50, F|100/100
|move|p2b: Sneasler|Close Combat|p1a: Kommo-o
|-damage|p1a: Kommo-o|0 fnt
|-unboost|p2b: Sneasler|def|1
|-unboost|p2b: Sneasler|spd|1
|faint|p1a: Kommo-o
|move|p1b: Sneasler|Dire Claw|p2a: Kingambit
|-immune|p2a: Kingambit
|
|-heal|p2b: Sneasler|65/100|[from] Grassy Terrain
|upkeep
|
|t:|1755721872
|switch|p1a: Indeedee|Indeedee-F, L50, F, shiny, tera:Fairy|100/100
|-fieldstart|move: Psychic Terrain|[from] ability: Psychic Surge|[of] p1a: Indeedee
|-enditem|p1b: Sneasler|Psychic Seed
|-boost|p1b: Sneasler|spd|1|[from] item: Psychic Seed
|turn|5
|
|t:|1755721884
|switch|p2b: Rillaboom|Rillaboom, L50, M|81/100
|-fieldstart|move: Grassy Terrain|[from] ability: Grassy Surge|[of] p2b: Rillaboom
|move|p2a: Kingambit|Protect|p2a: Kingambit
|-singleturn|p2a: Kingambit|Protect
|move|p1a: Indeedee|Follow Me|p1a: Indeedee
|-singleturn|p1a: Indeedee|move: Follow Me
|move|p1b: Sneasler|Close Combat|p2a: Kingambit
|-activate|p2a: Kingambit|move: Protect
|
|-heal|p2b: Rillaboom|87/100|[from] Grassy Terrain
|upkeep
|turn|6
|
|t:|1755721908
|move|p1b: Sneasler|Protect|p1b: Sneasler
|-singleturn|p1b: Sneasler|Protect
|move|p2b: Rillaboom|Fake Out|p1b: Sneasler
|-activate|p1b: Sneasler|move: Protect
|move|p1a: Indeedee|Psychic|p2b: Rillaboom
|-damage|p2b: Rillaboom|66/100
|-unboost|p2b: Rillaboom|spd|1
|move|p2a: Kingambit|Swords Dance|p2a: Kingambit
|-boost|p2a: Kingambit|atk|2
|
|-heal|p2b: Rillaboom|72/100|[from] Grassy Terrain
|upkeep
|turn|7
|
|t:|1755721916
|move|p2a: Kingambit|Protect|p2a: Kingambit
|-singleturn|p2a: Kingambit|Protect
|move|p1a: Indeedee|Follow Me|p1a: Indeedee
|-singleturn|p1a: Indeedee|move: Follow Me
|move|p1b: Sneasler|Dire Claw|p2b: Rillaboom
|-supereffective|p2b: Rillaboom
|-damage|p2b: Rillaboom|0 fnt
|faint|p2b: Rillaboom
|
|upkeep
|
|t:|1755721923
|switch|p2b: Sneasler|Sneasler, L50, F|65/100
|turn|8
|
|t:|1755721938
|-terastallize|p2a: Kingambit|Dark
|move|p1b: Sneasler|Close Combat|p2a: Kingambit
|-supereffective|p2a: Kingambit
|-damage|p2a: Kingambit|0 fnt
|-unboost|p1b: Sneasler|def|1
|-unboost|p1b: Sneasler|spd|1
|faint|p2a: Kingambit
|move|p2b: Sneasler|Dire Claw|p1a: Indeedee
|-supereffective|p1a: Indeedee
|-damage|p1a: Indeedee|26/100
|-status|p1a: Indeedee|par
|-damage|p2b: Sneasler|49/100|[from] item: Rocky Helmet|[of] p1a: Indeedee
|cant|p1a: Indeedee|par
|
|-heal|p2b: Sneasler|55/100|[from] Grassy Terrain
|-heal|p1a: Indeedee|32/100 par|[from] Grassy Terrain
|upkeep
|
|t:|1755721943
|switch|p2a: Dragonite|Dragonite, L50, F|100/100
|turn|9
|
|t:|1755721951
|cant|p1a: Indeedee|par
|move|p1b: Sneasler|Dire Claw|p2a: Dragonite
|-damage|p2a: Dragonite|77/100
|move|p2b: Sneasler|Dire Claw|p1a: Indeedee
|-supereffective|p1a: Indeedee
|-damage|p1a: Indeedee|0 fnt
|-damage|p2b: Sneasler|39/100|[from] item: Rocky Helmet|[of] p1a: Indeedee
|faint|p1a: Indeedee
|move|p2a: Dragonite|Scale Shot|p1b: Sneasler
|-damage|p1b: Sneasler|67/100
|-damage|p1b: Sneasler|30/100
|-damage|p1b: Sneasler|0 fnt
|faint|p1b: Sneasler
|-hitcount|p1: Sneasler|3
|
|win|marcosdeltasena31
|raw|Vitor_hsaf's rating: 1312 → 1296(-16 for losing)
|raw|marcosdeltasena31's rating: 1382 → 1398(+16 for winning)
