|j|☆Llama_Llord
|j|☆wester7
|html|Llama_Llordwester7    
|uhtml|bestof|Game 2 of a best-of-3
|t:|1756941097
|gametype|doubles
|player|p1|Llama_Llord|169|1236
|player|p2|wester7|101|1179
|gen|9
|tier|[Gen 9] VGC 2025 Reg H (Bo3)
|rated|
|rule|Species Clause: Limit one of each Pokémon
|rule|Item Clause: Limit 1 of each item
|clearpoke
|poke|p1|Talonflame, L50, F|
|poke|p1|Garchomp, L50, F|
|poke|p1|Gholdengo, L50|
|poke|p1|Tyranitar, L50, F|
|poke|p1|Amoonguss, L50, F|
|poke|p1|Milotic, L50, F|
|poke|p2|Gastrodon-East, L50, M|
|poke|p2|Hydreigon, L50, F|
|poke|p2|Revavroom, L50, M|
|poke|p2|Volcarona, L50, M|
|poke|p2|Rillaboom, L50, M|
|poke|p2|Electabuzz, L50, M|
|teampreview|4
|showteam|p1|Talonflame||CovertCloak|GaleWings|Tailwind,BraveBird,WillOWisp,Taunt|||F|||50|,,,,,Grass]Garchomp||LifeOrb|RoughSkin|Earthquake,DragonClaw,StompingTantrum,Protect|||F|||50|,,,,,Fairy]Gholdengo||ChoiceSpecs|GoodasGold|MakeItRain,ShadowBall,Thunderbolt,PowerGem||||||50|,,,,,Steel]Tyranitar||AssaultVest|SandStream|RockSlide,KnockOff,TeraBlast,LowKick|||F|||50|,,,,,Flying]Amoonguss||SitrusBerry|Regenerator|PollenPuff,Spore,RagePowder,Protect|||F|||50|,,,,,Water]Milotic||SafetyGoggles|Competitive|Scald,IcyWind,Haze,Protect|||F|||50|,,,,,Dragon
|showteam|p2|Gastrodon-East||Leftovers|StormDrain|EarthPower,IceBeam,Yawn,Protect|||M|||50|,,,,,Fairy]Hydreigon||ChoiceSpecs|Levitate|DracoMeteor,DarkPulse,TeraBlast,Surf|||F|||50|,,,,,Poison]Revavroom||SitrusBerry|Overcoat|SpinOut,HighHorsepower,PartingShot,Taunt|||M|||50|,,,,,Dark]Volcarona||CovertCloak|FlameBody|FieryDance,TeraBlast,QuiverDance,Protect|||M|||50|,,,,,Fairy]Rillaboom||AssaultVest|GrassySurge|FakeOut,GrassyGlide,WoodHammer,Uturn|||M|||50|,,,,,Fire]Electabuzz||Eviolite|VitalSpirit|Thunderbolt,FollowMe,Electroweb,Protect|||M|||50|,,,,,Ghost
|inactive|Battle timer is ON: inactive players will automatically lose when time's up. (requested by Llama_Llord)
|
|t:|1756941126
|teamsize|p1|4
|teamsize|p2|4
|start
|switch|p1a: Talonflame|Talonflame, L50, F|100/100
|switch|p1b: Garchomp|Garchomp, L50, F|100/100
|switch|p2a: Gastrodon|Gastrodon-East, L50, M|100/100
|switch|p2b: Rillaboom|Rillaboom, L50, M|100/100
|-fieldstart|move: Grassy Terrain|[from] ability: Grassy Surge|[of] p2b: Rillaboom
|turn|1
|inactive|wester7 has 30 seconds left.
|
|t:|1756941154
|switch|p2b: Revavroom|Revavroom, L50, M|100/100
|-terastallize|p1b: Garchomp|Fairy
|move|p1a: Talonflame|Brave Bird|p2b: Revavroom
|-resisted|p2b: Revavroom
|-damage|p2b: Revavroom|83/100
|-damage|p1a: Talonflame|95/100|[from] Recoil
|move|p1b: Garchomp|Dragon Claw|p2a: Gastrodon
|-damage|p2a: Gastrodon|61/100
|-damage|p1b: Garchomp|91/100|[from] item: Life Orb
|move|p2a: Gastrodon|Ice Beam|p1b: Garchomp
|-damage|p1b: Garchomp|70/100
|
|-heal|p1b: Garchomp|76/100|[from] Grassy Terrain
|-heal|p2b: Revavroom|89/100|[from] Grassy Terrain
|-heal|p2a: Gastrodon|67/100|[from] Grassy Terrain
|-heal|p2a: Gastrodon|73/100|[from] item: Leftovers
|upkeep
|turn|2
|inactive|wester7 has 30 seconds left.
|
|t:|1756941185
|-terastallize|p2b: Revavroom|Dark
|move|p1a: Talonflame|Tailwind|p1a: Talonflame
|-sidestart|p1: Llama_Llord|move: Tailwind
|move|p1b: Garchomp|Earthquake|p2a: Gastrodon|[spread] p2a,p2b
|-immune|p1a: Talonflame
|-damage|p2a: Gastrodon|53/100
|-damage|p2b: Revavroom|64/100
|-damage|p1b: Garchomp|66/100|[from] item: Life Orb
|move|p2b: Revavroom|Spin Out|p1b: Garchomp
|-supereffective|p1b: Garchomp
|-damage|p1b: Garchomp|0 fnt
|-unboost|p2b: Revavroom|spe|2
|-damage|p2b: Revavroom|51/100|[from] ability: Rough Skin|[of] p1b: Garchomp
|faint|p1b: Garchomp
|move|p2a: Gastrodon|Ice Beam|p1a: Talonflame
|-damage|p1a: Talonflame|69/100
|
|-heal|p2a: Gastrodon|59/100|[from] Grassy Terrain
|-heal|p2a: Gastrodon|65/100|[from] item: Leftovers
|-heal|p2b: Revavroom|57/100|[from] Grassy Terrain
|upkeep
|
|t:|1756941196
|switch|p1b: Tyranitar|Tyranitar, L50, F|100/100
|-weather|Sandstorm|[from] ability: Sand Stream|[of] p1b: Tyranitar
|turn|3
|inactive|wester7 has 30 seconds left.
|
|t:|1756941226
|move|p1a: Talonflame|Taunt|p2a: Gastrodon
|-start|p2a: Gastrodon|move: Taunt
|move|p1b: Tyranitar|Low Kick|p2b: Revavroom
|-supereffective|p2b: Revavroom
|-damage|p2b: Revavroom|0 fnt
|faint|p2b: Revavroom
|move|p2a: Gastrodon|Ice Beam|p1a: Talonflame
|-damage|p1a: Talonflame|43/100
|
|-weather|Sandstorm|[upkeep]
|-damage|p1a: Talonflame|37/100|[from] Sandstorm
|-heal|p2a: Gastrodon|71/100|[from] Grassy Terrain
|-heal|p2a: Gastrodon|78/100|[from] item: Leftovers
|upkeep
|
|t:|1756941243
|switch|p2b: Rillaboom|Rillaboom, L50, M|100/100
|turn|4
|
|t:|1756941250
|move|p2b: Rillaboom|Grassy Glide|p1b: Tyranitar
|-supereffective|p1b: Tyranitar
|-damage|p1b: Tyranitar|38/100
|move|p1a: Talonflame|Will-O-Wisp|p2b: Rillaboom
|-status|p2b: Rillaboom|brn
|move|p1b: Tyranitar|Knock Off|p2a: Gastrodon
|-damage|p2a: Gastrodon|33/100
|-enditem|p2a: Gastrodon|Leftovers|[from] move: Knock Off|[of] p1b: Tyranitar
|move|p2a: Gastrodon|Ice Beam|p1a: Talonflame
|-damage|p1a: Talonflame|13/100
|
|-weather|Sandstorm|[upkeep]
|-damage|p1a: Talonflame|8/100|[from] Sandstorm
|-damage|p2b: Rillaboom|95/100 brn|[from] Sandstorm
|-heal|p1b: Tyranitar|43/100|[from] Grassy Terrain
|-heal|p2b: Rillaboom|100/100 brn|[from] Grassy Terrain
|-heal|p2a: Gastrodon|39/100|[from] Grassy Terrain
|-damage|p2b: Rillaboom|95/100 brn|[from] brn
|upkeep
|turn|5
|inactive|Llama_Llord has 30 seconds left.
|inactive|wester7 has 30 seconds left.
|inactive|wester7 has 20 seconds left.
|
|t:|1756941286
|switch|p1a: Gholdengo|Gholdengo, L50|100/100
|move|p1b: Tyranitar|Rock Slide|p2a: Gastrodon|[spread] p2a,p2b
|-resisted|p2a: Gastrodon
|-damage|p2a: Gastrodon|27/100
|-damage|p2b: Rillaboom|62/100 brn
|move|p2b: Rillaboom|U-turn|p1b: Tyranitar
|-supereffective|p1b: Tyranitar
|-damage|p1b: Tyranitar|25/100
|
|t:|1756941295
|switch|p2b: Volcarona|Volcarona, L50, M|100/100|[from] U-turn
|move|p2a: Gastrodon|Ice Beam|p1a: Gholdengo
|-resisted|p1a: Gholdengo
|-crit|p1a: Gholdengo
|-damage|p1a: Gholdengo|82/100
|
|-weather|Sandstorm|[upkeep]
|-damage|p2b: Volcarona|94/100|[from] Sandstorm
|-heal|p1a: Gholdengo|88/100|[from] Grassy Terrain
|-heal|p1b: Tyranitar|30/100|[from] Grassy Terrain
|-heal|p2b: Volcarona|100/100|[from] Grassy Terrain
|-heal|p2a: Gastrodon|34/100|[from] Grassy Terrain
|-end|p2a: Gastrodon|move: Taunt
|-sideend|p1: Llama_Llord|move: Tailwind
|-fieldend|move: Grassy Terrain
|upkeep
|turn|6
|inactive|Llama_Llord has 30 seconds left.
|inactive|wester7 has 30 seconds left.
|
|t:|1756941323
|switch|p2b: Rillaboom|Rillaboom, L50, M|62/100 brn
|-fieldstart|move: Grassy Terrain|[from] ability: Grassy Surge|[of] p2b: Rillaboom
|move|p1a: Gholdengo|Shadow Ball|p2b: Rillaboom
|-damage|p2b: Rillaboom|17/100 brn
|-unboost|p2b: Rillaboom|spd|1
|move|p1b: Tyranitar|Rock Slide|p2a: Gastrodon|[spread] p2a,p2b
|-resisted|p2a: Gastrodon
|-damage|p2a: Gastrodon|21/100
|-damage|p2b: Rillaboom|0 fnt
|faint|p2b: Rillaboom
|move|p2a: Gastrodon|Earth Power|p1a: Gholdengo
|-supereffective|p1a: Gholdengo
|-damage|p1a: Gholdengo|13/100
|
|-weather|Sandstorm|[upkeep]
|-heal|p1a: Gholdengo|20/100|[from] Grassy Terrain
|-heal|p1b: Tyranitar|36/100|[from] Grassy Terrain
|-heal|p2a: Gastrodon|27/100|[from] Grassy Terrain
|upkeep
|
|t:|1756941336
|switch|p2b: Volcarona|Volcarona, L50, M|100/100
|turn|7
|
|t:|1756941348
|move|p2a: Gastrodon|Protect|p2a: Gastrodon
|-singleturn|p2a: Gastrodon|Protect
|move|p1a: Gholdengo|Shadow Ball|p2b: Volcarona
|-damage|p2b: Volcarona|40/100
|move|p2b: Volcarona|Quiver Dance|p2b: Volcarona
|-boost|p2b: Volcarona|spa|1
|-boost|p2b: Volcarona|spd|1
|-boost|p2b: Volcarona|spe|1
|move|p1b: Tyranitar|Rock Slide|p2b: Volcarona|[spread] p2b
|-activate|p2a: Gastrodon|move: Protect
|-supereffective|p2b: Volcarona
|-damage|p2b: Volcarona|0 fnt
|faint|p2b: Volcarona
|
|-weather|none
|-heal|p1a: Gholdengo|26/100|[from] Grassy Terrain
|-heal|p1b: Tyranitar|42/100|[from] Grassy Terrain
|-heal|p2a: Gastrodon|34/100|[from] Grassy Terrain
|upkeep
|turn|8
|
|t:|1756941365
|move|p1a: Gholdengo|Shadow Ball|p2a: Gastrodon
|-damage|p2a: Gastrodon|0 fnt
|faint|p2a: Gastrodon
|
|win|Llama_Llord
||wester7 is ready for game 3.
