|j|☆goat pincurchin
|j|☆gundot
|html|goat pincurchingundot    
|uhtml|bestof|Game 2 of a best-of-3
|t:|1785015802
|gametype|doubles
|player|p1|goat pincurchin|2|1323
|player|p2|gundot|ethan-gen2|1326
|gen|9
|tier|[Gen 9 Champions] VGC 2026 Reg M-B (Bo3)
|rated|
|rule|Species Clause: Limit one of each Pokémon
|rule|Item Clause: Limit 1 of each item
|clearpoke
|poke|p1|Froslass, L50, F|
|poke|p1|Basculegion, L50, M|
|poke|p1|Kingambit, L50, M|
|poke|p1|Sneasler, L50, F|
|poke|p1|Lycanroc-Dusk, L50, F|
|poke|p1|Scovillain, L50, M|
|poke|p2|Charizard, L50, F, shiny|
|poke|p2|Whimsicott, L50, F|
|poke|p2|Mawile, L50, F, shiny|
|poke|p2|Garchomp, L50, M|
|poke|p2|Farigiraf, L50, F|
|poke|p2|Basculegion, L50, M, shiny|
|teampreview|4
|showteam|p1|Froslass||Froslassite|SnowCloak|Blizzard,ShadowBall,AuroraVeil,Protect|Modest||F|||50|]Basculegion||SitrusBerry|Adaptability|WaveCrash,LastRespects,AquaJet,Protect|Adamant||M|||50|]Kingambit||BlackGlasses|Defiant|KowtowCleave,SuckerPunch,SwordsDance,Protect|Adamant||M|||50|]Sneasler||LifeOrb|PoisonTouch|CloseCombat,DireClaw,Protect,FakeOut|Jolly||F|||50|]Lycanroc-Dusk||FocusSash|ToughClaws|CloseCombat,Accelerock,RockSlide,Protect|Adamant||F|||50|]Scovillain||Scovillainite|Chlorophyll|GigaDrain,Overheat,RagePowder,Protect|Bold||M|||50|
|showteam|p2|Charizard||CharizarditeY|SolarPower|HeatWave,WeatherBall,SolarBeam,Protect|Modest||F|||50|]Whimsicott||FocusSash|Prankster|Moonblast,Tailwind,Encore,Protect|Timid||F|||50|]Mawile||Mawilite|HyperCutter|PlayRough,IronHead,RockSlide,SuckerPunch|Adamant||F|||50|]Garchomp||LifeOrb|RoughSkin|Earthquake,DragonClaw,RockSlide,Protect|Jolly||M|||50|]Farigiraf||SitrusBerry|ArmorTail|Psychic,Thunderbolt,TrickRoom,HelpingHand|Modest||F|||50|]Basculegion||MysticWater|Adaptability|WaveCrash,AquaJet,LastRespects,Protect|Adamant||M|||50|
|inactive|Battle timer is ON: inactive players will automatically lose when time's up. (requested by gundot)
|inactive|goat pincurchin has 60 seconds left.
|inactive|gundot has 60 seconds left.
|
|t:|1785015846
|teamsize|p1|4
|teamsize|p2|4
|start
|switch|p1a: Scovillain|Scovillain, L50, M|100/100
|switch|p1b: Basculegion|Basculegion, L50, M|100/100
|switch|p2a: Charizard|Charizard, L50, F, shiny|100/100
|switch|p2b: Garchomp|Garchomp, L50, M|100/100
|turn|1
|inactive|goat pincurchin has 30 seconds left.
|inactive|goat pincurchin has 20 seconds left.
|
|t:|1785015882
|detailschange|p2a: Charizard|Charizard-Mega-Y, L50, F, shiny
|-mega|p2a: Charizard|Charizard|Charizardite Y
|-weather|SunnyDay|[from] ability: Drought|[of] p2a: Charizard
|detailschange|p1a: Scovillain|Scovillain-Mega, L50, M
|-mega|p1a: Scovillain|Scovillain|Scovillainite
|move|p2b: Garchomp|Earthquake|p1b: Basculegion|[spread] p1a,p1b
|-immune|p2a: Charizard
|-damage|p1a: Scovillain|56/100
|-damage|p1b: Basculegion|34/100
|-status|p2b: Garchomp|brn|[from] ability: Spicy Spray|[of] p1a: Scovillain
|-enditem|p1b: Basculegion|Sitrus Berry|[eat]
|-heal|p1b: Basculegion|59/100|[from] item: Sitrus Berry
|-damage|p2b: Garchomp|90/100 brn|[from] item: Life Orb
|move|p1b: Basculegion|Wave Crash|p2a: Charizard
|-supereffective|p2a: Charizard|1
|-damage|p2a: Charizard|23/100
|-damage|p1b: Basculegion|36/100|[from] Recoil
|move|p2a: Charizard|Heat Wave|p1a: Scovillain|[spread] p1a,p1b
|-resisted|p1b: Basculegion|1
|-damage|p1a: Scovillain|0 fnt
|-damage|p1b: Basculegion|3/100
|-immune|p2a: Charizard
|faint|p1a: Scovillain
|
|-weather|SunnyDay|[upkeep]
|-damage|p2b: Garchomp|84/100 brn|[from] brn
|upkeep
|
|t:|1785015903
|switch|p1a: Kingambit|Kingambit, L50, M|100/100
|turn|2
|
|t:|1785015912
|move|p1b: Basculegion|Aqua Jet|p2a: Charizard
|-supereffective|p2a: Charizard|1
|-damage|p2a: Charizard|0 fnt
|faint|p2a: Charizard
|move|p2b: Garchomp|Earthquake|p1a: Kingambit|[spread] p1a,p1b
|-supereffective|p1a: Kingambit|1
|-damage|p1a: Kingambit|64/100
|-damage|p1b: Basculegion|0 fnt
|faint|p1b: Basculegion
|-damage|p2b: Garchomp|75/100 brn|[from] item: Life Orb
|move|p1a: Kingambit|Swords Dance|p1a: Kingambit
|-boost|p1a: Kingambit|atk|2
|
|-weather|SunnyDay|[upkeep]
|-damage|p2b: Garchomp|69/100 brn|[from] brn
|upkeep
|
|t:|1785015927
|switch|p1b: Lycanroc|Lycanroc-Dusk, L50, F|100/100
|switch|p2a: Basculegion|Basculegion, L50, M, shiny|100/100
|turn|3
|
|t:|1785015935
|move|p2a: Basculegion|Aqua Jet|p1b: Lycanroc
|-supereffective|p1b: Lycanroc|1
|-damage|p1b: Lycanroc|47/100
|move|p1a: Kingambit|Sucker Punch|p2b: Garchomp
|-damage|p2b: Garchomp|0 fnt
|-damage|p1a: Kingambit|52/100|[from] ability: Rough Skin|[of] p2b: Garchomp
|faint|p2b: Garchomp
|move|p1b: Lycanroc|Rock Slide|p2a: Basculegion
|-damage|p2a: Basculegion|53/100
|
|-weather|SunnyDay|[upkeep]
|upkeep
|
|t:|1785015938
|switch|p2b: Farigiraf|Farigiraf, L50, F|100/100
|turn|4
|
|t:|1785015958
|move|p1b: Lycanroc|Accelerock||[still]
|cant|p2b: Farigiraf|ability: Armor Tail|Accelerock|[of] p1b: Lycanroc
|move|p2a: Basculegion|Aqua Jet|p1b: Lycanroc
|-supereffective|p1b: Lycanroc|1
|-damage|p1b: Lycanroc|0 fnt
|faint|p1b: Lycanroc
|move|p2b: Farigiraf|Thunderbolt|p1a: Kingambit
|-damage|p1a: Kingambit|28/100
|move|p1a: Kingambit|Kowtow Cleave|p2b: Farigiraf
|-supereffective|p2b: Farigiraf|1
|-damage|p2b: Farigiraf|0 fnt
|faint|p2b: Farigiraf
|
|-weather|SunnyDay|[upkeep]
|upkeep
|turn|5
|
|t:|1785015976
|move|p2a: Basculegion|Protect|p2a: Basculegion
|-singleturn|p2a: Basculegion|Protect
|move|p1a: Kingambit|Kowtow Cleave|p2a: Basculegion
|-activate|p2a: Basculegion|move: Protect
|
|-weather|none
|upkeep
|turn|6
|
|t:|1785015980
|move|p1a: Kingambit|Protect|p1a: Kingambit
|-singleturn|p1a: Kingambit|Protect
|move|p2a: Basculegion|Aqua Jet|p1a: Kingambit
|-activate|p1a: Kingambit|move: Protect
|
|upkeep
|turn|7
|
|t:|1785015985
|move|p2a: Basculegion|Protect|p2a: Basculegion
|-singleturn|p2a: Basculegion|Protect
|move|p1a: Kingambit|Sucker Punch||[still]
|-fail|p1a: Kingambit
|
|upkeep
|turn|8
|
|t:|1785015991
|move|p2a: Basculegion|Wave Crash|p1a: Kingambit
|-damage|p1a: Kingambit|0 fnt
|faint|p1a: Kingambit
|-damage|p2a: Basculegion|43/100|[from] Recoil
|
|win|gundot
|raw|goat pincurchin's rating: 1323 → 1303(-20 for losing)
|raw|gundot's rating: 1326 → 1346(+20 for winning)
