|j|☆Olciax34
|j|☆trevyah
|html|Olciax34trevyah    
|uhtml|bestof|Game 3 of a best-of-3
|t:|1785792576
|gametype|doubles
|player|p1|Olciax34|clair|1351
|player|p2|trevyah|trevor|1421
|gen|9
|tier|[Gen 9 Champions] VGC 2026 Reg M-B (Bo3)
|rated|
|rule|Species Clause: Limit one of each Pokémon
|rule|Item Clause: Limit 1 of each item
|clearpoke
|poke|p1|Charizard, L50, M|
|poke|p1|Whimsicott, L50, M|
|poke|p1|Garchomp, L50, F|
|poke|p1|Basculegion, L50, M|
|poke|p1|Sylveon, L50, M|
|poke|p1|Incineroar, L50, M|
|poke|p2|Blaziken, L50, F, shiny|
|poke|p2|Kingambit, L50, M, shiny|
|poke|p2|Dragonite, L50, F, shiny|
|poke|p2|Ninetales-Alola, L50, M, shiny|
|poke|p2|Gengar, L50, M, shiny|
|poke|p2|Incineroar, L50, M, shiny|
|teampreview|4
|showteam|p1|Charizard||CharizarditeY|SolarPower|HeatWave,WeatherBall,SolarBeam,Protect|Modest||M|||50|]Whimsicott||FocusSash|Prankster|Moonblast,Tailwind,Encore,Protect|Timid||M|||50|]Garchomp||LifeOrb|RoughSkin|Earthquake,DragonClaw,RockSlide,Protect|Jolly||F|||50|]Basculegion||ChoiceScarf|Adaptability|WaveCrash,FlipTurn,LastRespects,AquaJet|Jolly||M|||50|]Sylveon||FairyFeather|Pixilate|HyperVoice,Yawn,HyperBeam,Protect|Modest||M|||50|]Incineroar||SitrusBerry|Intimidate|FakeOut,ThroatChop,FlareBlitz,PartingShot|Careful||M|||50|
|showteam|p2|Blaziken||Blazikenite|SpeedBoost|CloseCombat,RockSlide,FlareBlitz,Detect|Adamant||F|||50|]Kingambit||LifeOrb|Defiant|KowtowCleave,IronHead,SuckerPunch,Protect|Adamant||M|||50|]Dragonite||LumBerry|InnerFocus|DragonClaw,LowKick,ExtremeSpeed,Protect|Adamant||F|||50|]Ninetales-Alola||FocusSash|SnowWarning|Blizzard,FreezeDry,Encore,Protect|Timid||M|||50|]Gengar||Gengarite|CursedBody|ShadowBall,SludgeBomb,PerishSong,Protect|Modest||M|||50|]Incineroar||SitrusBerry|Intimidate|FlareBlitz,PartingShot,FakeOut,Protect|Relaxed||M|||50|
|inactive|Battle timer is ON: inactive players will automatically lose when time's up. (requested by Olciax34)
|
|t:|1785792601
|teamsize|p1|4
|teamsize|p2|4
|start
|switch|p1a: Garchomp|Garchomp, L50, F|100/100
|switch|p1b: Charizard|Charizard, L50, M|100/100
|switch|p2a: Begged|Incineroar, L50, M, shiny|100/100
|switch|p2b: Expectations|Gengar, L50, M, shiny|100/100
|-ability|p2a: Begged|Intimidate|boost
|-unboost|p1a: Garchomp|atk|1
|-unboost|p1b: Charizard|atk|1
|turn|1
|inactive|Olciax34 has 30 seconds left.
|inactive|trevyah has 30 seconds left.
|
|t:|1785792628
|switch|p1a: Basculegion|Basculegion, L50, M|100/100
|detailschange|p2b: Expectations|Gengar-Mega, L50, M, shiny
|-mega|p2b: Expectations|Gengar|Gengarite
|detailschange|p1b: Charizard|Charizard-Mega-Y, L50, M
|-mega|p1b: Charizard|Charizard|Charizardite Y
|-weather|SunnyDay|[from] ability: Drought|[of] p1b: Charizard
|move|p2b: Expectations|Protect|p2b: Expectations
|-singleturn|p2b: Expectations|Protect
|move|p1b: Charizard|Heat Wave|p2b: Expectations|[spread] p2a
|-activate|p2b: Expectations|move: Protect
|-resisted|p2a: Begged|1
|-damage|p2a: Begged|70/100
|move|p2a: Begged|Parting Shot|p1b: Charizard
|-unboost|p1b: Charizard|atk|1
|-unboost|p1b: Charizard|spa|1
|
|t:|1785792648
|switch|p2a: less|Dragonite, L50, F, shiny|100/100|[from] Parting Shot
|
|-weather|SunnyDay|[upkeep]
|upkeep
|turn|2
|
|t:|1785792660
|switch|p2b: Begged|Incineroar, L50, M, shiny|70/100
|-ability|p2b: Begged|Intimidate|boost
|-unboost|p1a: Basculegion|atk|1
|-unboost|p1b: Charizard|atk|1
|move|p1a: Basculegion|Flip Turn|p2b: Begged
|-supereffective|p2b: Begged|1
|-damage|p2b: Begged|52/100
|
|t:|1785792668
|switch|p1a: Sylveon|Sylveon, L50, M|100/100|[from] Flip Turn
|move|p1b: Charizard|Weather Ball|p2b: Begged
|-resisted|p2b: Begged|1
|-damage|p2b: Begged|26/100
|-enditem|p2b: Begged|Sitrus Berry|[eat]
|-heal|p2b: Begged|51/100|[from] item: Sitrus Berry
|move|p2a: less|Dragon Claw|p1b: Charizard
|-damage|p1b: Charizard|42/100
|
|-weather|SunnyDay|[upkeep]
|upkeep
|turn|3
|
|t:|1785792705
|switch|p1b: Basculegion|Basculegion, L50, M|100/100
|move|p2b: Begged|Fake Out|p1a: Sylveon
|-damage|p1a: Sylveon|89/100
|move|p2a: less|Dragon Claw|p1b: Basculegion
|-damage|p1b: Basculegion|44/100
|cant|p1a: Sylveon|flinch
|
|-weather|SunnyDay|[upkeep]
|upkeep
|turn|4
|
|t:|1785792720
|switch|p2b: Expectations|Gengar-Mega, L50, M, shiny|100/100
|move|p2a: less|Protect|p2a: less
|-singleturn|p2a: less|Protect
|move|p1b: Basculegion|Flip Turn|p2a: less
|-activate|p2a: less|move: Protect
|move|p1a: Sylveon|Hyper Voice|p2b: Expectations|[spread] p2b
|-activate|p2a: less|move: Protect
|-resisted|p2b: Expectations|1
|-damage|p2b: Expectations|76/100
|
|-weather|SunnyDay|[upkeep]
|upkeep
|turn|5
|
|t:|1785792740
|move|p1a: Sylveon|Protect|p1a: Sylveon
|-singleturn|p1a: Sylveon|Protect
|move|p1b: Basculegion|Flip Turn|p2b: Expectations
|-damage|p2b: Expectations|57/100
|
|t:|1785792757
|switch|p1b: Charizard|Charizard-Mega-Y, L50, M|42/100|[from] Flip Turn
|move|p2b: Expectations|Sludge Bomb|p1a: Sylveon
|-activate|p1a: Sylveon|move: Protect
|move|p2a: less|Dragon Claw|p1b: Charizard
|-damage|p1b: Charizard|0 fnt
|faint|p1b: Charizard
|
|-weather|none
|upkeep
|
|t:|1785792771
|switch|p1b: Basculegion|Basculegion, L50, M|44/100
|turn|6
|
|t:|1785792785
|switch|p2b: Begged|Incineroar, L50, M, shiny|51/100
|-ability|p2b: Begged|Intimidate|boost
|-unboost|p1a: Sylveon|atk|1
|-unboost|p1b: Basculegion|atk|1
|move|p1b: Basculegion|Flip Turn|p2b: Begged
|-supereffective|p2b: Begged|1
|-damage|p2b: Begged|17/100
|
|t:|1785792792
|switch|p1b: Garchomp|Garchomp, L50, F|100/100|[from] Flip Turn
|move|p2a: less|Dragon Claw|p1b: Garchomp
|-supereffective|p1b: Garchomp|1
|-damage|p1b: Garchomp|2/100
|-damage|p2a: less|87/100|[from] ability: Rough Skin|[of] p1b: Garchomp
|move|p1a: Sylveon|Hyper Voice|p2b: Begged|[spread] p2a,p2b
|-supereffective|p2a: less|1
|-damage|p2a: less|5/100
|-damage|p2b: Begged|0 fnt
|faint|p2b: Begged
|
|upkeep
|
|t:|1785792797
|switch|p2b: Expectations|Gengar-Mega, L50, M, shiny|57/100
|turn|7
|
|t:|1785792814
|move|p2a: less|Extreme Speed|p1b: Garchomp
|-damage|p1b: Garchomp|0 fnt
|-damage|p2a: less|0 fnt|[from] ability: Rough Skin|[of] p1b: Garchomp
|faint|p1b: Garchomp
|faint|p2a: less
|move|p2b: Expectations|Perish Song|p2b: Expectations
|-start|p1a: Sylveon|perish3|[silent]
|-start|p2b: Expectations|perish3|[silent]
|-fieldactivate|move: Perish Song
|move|p1a: Sylveon|Hyper Voice|p2b: Expectations
|-resisted|p2b: Expectations|1
|-damage|p2b: Expectations|26/100
|
|-start|p2b: Expectations|perish3
|-start|p1a: Sylveon|perish3
|upkeep
|
|t:|1785792825
|switch|p1b: Basculegion|Basculegion, L50, M|44/100
|switch|p2a: The Cure|Ninetales-Alola, L50, M, shiny|100/100
|-weather|Snowscape|[from] ability: Snow Warning|[of] p2a: The Cure
|turn|8
|
|t:|1785792850
|move|p2b: Expectations|Protect|p2b: Expectations
|-singleturn|p2b: Expectations|Protect
|move|p1b: Basculegion|Last Respects|p2a: The Cure
|-damage|p2a: The Cure|1/100
|move|p2a: The Cure|Freeze-Dry|p1b: Basculegion
|-supereffective|p1b: Basculegion|1
|-damage|p1b: Basculegion|0 fnt
|faint|p1b: Basculegion
|move|p1a: Sylveon|Hyper Voice|p2b: Expectations|[spread] p2a
|-activate|p2b: Expectations|move: Protect
|-damage|p2a: The Cure|0 fnt
|faint|p2a: The Cure
|
|-weather|Snowscape|[upkeep]
|-start|p2b: Expectations|perish2
|-start|p1a: Sylveon|perish2
|upkeep
|turn|9
|inactive|Olciax34 has 30 seconds left.
|
|t:|1785792875
|move|p2b: Expectations|Sludge Bomb|p1a: Sylveon
|-supereffective|p1a: Sylveon|1
|-damage|p1a: Sylveon|11/100
|-status|p1a: Sylveon|psn
|move|p1a: Sylveon|Hyper Beam|p2b: Expectations
|-resisted|p2b: Expectations|1
|-damage|p2b: Expectations|0 fnt
|-mustrecharge|p1a: Sylveon
|faint|p2b: Expectations
|
|win|Olciax34
|raw|Olciax34's rating: 1351 → 1375(+24 for winning)
|raw|trevyah's rating: 1421 → 1397(-24 for losing)
