|j|☆Wesrui
|j|☆RaikuDraco
|html|WesruiRaikuDraco    
|uhtml|bestof|Game 3 of a best-of-3
|t:|1756778541
|gametype|doubles
|player|p1|Wesrui|silver|1113
|player|p2|RaikuDraco|drake-gen3|1227
|gen|9
|tier|[Gen 9] VGC 2025 Reg H (Bo3)
|rated|
|rule|Species Clause: Limit one of each Pokémon
|rule|Item Clause: Limit 1 of each item
|clearpoke
|poke|p1|Sneasler, L50, M|
|poke|p1|Dragonite, L50, F|
|poke|p1|Rillaboom, L50, F|
|poke|p1|Basculegion, L50, M|
|poke|p1|Volcarona, L50, F|
|poke|p1|Kingambit, L50, F|
|poke|p2|Whimsicott, L50, F|
|poke|p2|Dragonite, L50, M|
|poke|p2|Gholdengo, L50|
|poke|p2|Garchomp, L50, F|
|poke|p2|Sneasler, L50, M|
|poke|p2|Incineroar, L50, F|
|teampreview|4
|showteam|p1|Sneasler||FocusSash|Unburden|CloseCombat,DireClaw,Coaching,Protect|||M|||50|,,,,,Ghost]Dragonite||LoadedDice|Multiscale|ScaleShot,ExtremeSpeed,Haze,Protect|||F|||50|,,,,,Fairy]Rillaboom||MiracleSeed|GrassySurge|WoodHammer,GrassyGlide,Taunt,FakeOut|||F|||50|,,,,,Fire]Basculegion||ChoiceScarf|Adaptability|WaveCrash,FlipTurn,LastRespects,TeraBlast|||M|||50|,,,,,Fairy]Volcarona||CovertCloak|FlameBody|HeatWave,TeraBlast,QuiverDance,Protect|||F|||50|,,,,,Fairy]Kingambit||AssaultVest|Defiant|KowtowCleave,SuckerPunch,IronHead,LowKick|||F|||50|,,,,,Ghost
|showteam|p2|Whimsicott||CovertCloak|Prankster|Moonblast,Tailwind,Encore,Taunt|||F|||50|,,,,,Water]Dragonite||LoadedDice|Multiscale|ScaleShot,ExtremeSpeed,Haze,Protect|||M|||50|,,,,,Fairy]Gholdengo||ChoiceSpecs|GoodasGold|MakeItRain,ShadowBall,Thunderbolt,Trick||||||50|,,,,,Steel]Garchomp||LifeOrb|RoughSkin|DragonClaw,StompingTantrum,Earthquake,Protect|||F|||50|,,,,,Ground]Sneasler||FocusSash|Unburden|DireClaw,CloseCombat,Coaching,Protect|||M|||50|,,,,,Stellar]Incineroar||AssaultVest|Intimidate|FlareBlitz,KnockOff,Uturn,FakeOut|||F|||50|,,,,,Grass
|inactive|Battle timer is ON: inactive players will automatically lose when time's up. (requested by Wesrui)
|inactive|Wesrui has 60 seconds left.
|inactive|RaikuDraco has 60 seconds left.
|
|t:|1756778597
|teamsize|p1|4
|teamsize|p2|4
|start
|switch|p1a: Rillaboom|Rillaboom, L50, F|100/100
|switch|p1b: Volcarona|Volcarona, L50, F|100/100
|switch|p2a: Dragonite|Dragonite, L50, M|100/100
|switch|p2b: Sneasler|Sneasler, L50, M|100/100
|-fieldstart|move: Grassy Terrain|[from] ability: Grassy Surge|[of] p1a: Rillaboom
|turn|1
|inactive|RaikuDraco has 30 seconds left.
|
|t:|1756778625
|move|p1a: Rillaboom|Fake Out|p2a: Dragonite
|-damage|p2a: Dragonite|93/100
|move|p2b: Sneasler|Dire Claw|p1b: Volcarona
|-damage|p1b: Volcarona|55/100
|-status|p2b: Sneasler|brn|[from] ability: Flame Body|[of] p1b: Volcarona
|move|p1b: Volcarona|Quiver Dance|p1b: Volcarona
|-boost|p1b: Volcarona|spa|1
|-boost|p1b: Volcarona|spd|1
|-boost|p1b: Volcarona|spe|1
|cant|p2a: Dragonite|flinch
|
|-heal|p1b: Volcarona|61/100|[from] Grassy Terrain
|-damage|p2b: Sneasler|95/100 brn|[from] brn
|upkeep
|turn|2
|inactive|Wesrui has 30 seconds left.
|inactive|RaikuDraco has 30 seconds left.
|inactive|RaikuDraco has 20 seconds left.
|inactive|RaikuDraco has 15 seconds left.
|
|t:|1756778669
|-terastallize|p1b: Volcarona|Fairy
|move|p1a: Rillaboom|Grassy Glide|p2b: Sneasler
|-resisted|p2b: Sneasler
|-damage|p2b: Sneasler|58/100 brn
|move|p1b: Volcarona|Tera Blast|p2a: Dragonite|[anim] Tera Blast Fairy
|-supereffective|p2a: Dragonite
|-damage|p2a: Dragonite|0 fnt
|faint|p2a: Dragonite
|move|p2b: Sneasler|Dire Claw|p1b: Volcarona
|-supereffective|p1b: Volcarona
|-damage|p1b: Volcarona|11/100
|
|-heal|p1b: Volcarona|18/100|[from] Grassy Terrain
|-heal|p2b: Sneasler|64/100 brn|[from] Grassy Terrain
|-damage|p2b: Sneasler|58/100 brn|[from] brn
|upkeep
|
|t:|1756778685
|switch|p2a: Garchomp|Garchomp, L50, F|100/100
|turn|3
|inactive|Wesrui has 30 seconds left.
|inactive|RaikuDraco has 30 seconds left.
|
|t:|1756778720
|-terastallize|p2a: Garchomp|Ground
|move|p1a: Rillaboom|Grassy Glide|p2a: Garchomp
|-supereffective|p2a: Garchomp
|-damage|p2a: Garchomp|18/100
|-damage|p1a: Rillaboom|88/100|[from] ability: Rough Skin|[of] p2a: Garchomp
|move|p1b: Volcarona|Tera Blast|p2a: Garchomp|[anim] Tera Blast Fairy
|-damage|p2a: Garchomp|0 fnt
|faint|p2a: Garchomp
|move|p2b: Sneasler|Dire Claw|p1a: Rillaboom
|-supereffective|p1a: Rillaboom
|-damage|p1a: Rillaboom|46/100
|-status|p1a: Rillaboom|psn
|
|-heal|p1b: Volcarona|24/100|[from] Grassy Terrain
|-heal|p2b: Sneasler|64/100 brn|[from] Grassy Terrain
|-heal|p1a: Rillaboom|52/100 psn|[from] Grassy Terrain
|-damage|p1a: Rillaboom|40/100 psn|[from] psn
|-damage|p2b: Sneasler|58/100 brn|[from] brn
|upkeep
|
|t:|1756778737
|switch|p2a: Gholdengo|Gholdengo, L50|100/100
|turn|4
|inactive|RaikuDraco has 30 seconds left.
|
|t:|1756778768
|move|p2b: Sneasler|Protect|p2b: Sneasler
|-singleturn|p2b: Sneasler|Protect
|move|p1a: Rillaboom|Grassy Glide|p2b: Sneasler
|-activate|p2b: Sneasler|move: Protect
|move|p1b: Volcarona|Heat Wave|p2b: Sneasler|[spread] p2a
|-activate|p2b: Sneasler|move: Protect
|-supereffective|p2a: Gholdengo
|-damage|p2a: Gholdengo|0 fnt
|faint|p2a: Gholdengo
|
|-heal|p1b: Volcarona|30/100|[from] Grassy Terrain
|-heal|p2b: Sneasler|64/100 brn|[from] Grassy Terrain
|-heal|p1a: Rillaboom|46/100 psn|[from] Grassy Terrain
|-damage|p1a: Rillaboom|34/100 psn|[from] psn
|-damage|p2b: Sneasler|58/100 brn|[from] brn
|upkeep
|turn|5
|
|t:|1756778787
|move|p1a: Rillaboom|Grassy Glide|p2b: Sneasler
|-resisted|p2b: Sneasler
|-damage|p2b: Sneasler|20/100 brn
|move|p1b: Volcarona|Tera Blast|p2b: Sneasler|[anim] Tera Blast Fairy
|-damage|p2b: Sneasler|0 fnt
|faint|p2b: Sneasler
|
|win|Wesrui
|raw|Wesrui's rating: 1113 → 1146(+33 for winning)
|raw|RaikuDraco's rating: 1227 → 1194(-33 for losing)
|l|☆Wesrui
|player|p1|
