|j|☆fakexanax
|j|☆parzival777
|html|fakexanaxparzival777    
|uhtml|bestof|Game 2 of a best-of-3
|t:|1755368630
|gametype|doubles
|player|p1|fakexanax|pokemaniac|1202
|player|p2|parzival777|266|1126
|gen|9
|tier|[Gen 9] VGC 2025 Reg H (Bo3)
|rated|
|rule|Species Clause: Limit one of each Pokémon
|rule|Item Clause: Limit 1 of each item
|clearpoke
|poke|p1|Scrafty, L50, M|
|poke|p1|Amoonguss, L50, M|
|poke|p1|Gholdengo, L50|
|poke|p1|Whimsicott, L50, M|
|poke|p1|Volcarona, L50, F|
|poke|p1|Dragapult, L50, M|
|poke|p2|Politoed, L50, F|
|poke|p2|Archaludon, L50, F|
|poke|p2|Rillaboom, L50, F|
|poke|p2|Lumineon, L50, F|
|poke|p2|Beartic, L50, M|
|poke|p2|Kilowattrel, L50, M|
|teampreview|4
|showteam|p1|Scrafty||AssaultVest|Intimidate|FakeOut,KnockOff,CloseCombat,PoisonJab|||M|||50|,,,,,Fairy]Amoonguss||RockyHelmet|Regenerator|PollenPuff,RagePowder,Spore,Protect|||M|||50|,,,,,Water]Gholdengo||MetalCoat|GoodasGold|MakeItRain,ShadowBall,NastyPlot,Protect||||||50|,,,,,Dragon]Whimsicott||FocusSash|Prankster|Moonblast,Tailwind,Encore,Endeavor|||M|||50|,,,,,Ghost]Volcarona||Leftovers|FlameBody|HeatWave,GigaDrain,QuiverDance,Protect|||F|||50|,,,,,Grass]Dragapult||ChoiceBand|ClearBody|DragonDarts,Outrage,PhantomForce,Uturn|||M|||50|,,,,,Dragon
|showteam|p2|Politoed||SitrusBerry|Drizzle|Protect,WeatherBall,IceBeam,IcyWind|||F|||50|,,,,,Grass]Archaludon||Leftovers|Stamina|Protect,BodyPress,ElectroShot,DracoMeteor|||F|||50|,,,,,Flying]Rillaboom||AssaultVest|GrassySurge|FakeOut,GrassyGlide,WoodHammer,Uturn|||F|||50|,,,,,Water]Lumineon||CovertCloak|SwiftSwim|Tailwind,Attract,Encore,IcyWind|||F|||50|,,,,,Grass]Beartic||LoadedDice|SwiftSwim|Protect,IcicleSpear,CloseCombat,Trailblaze|||M|||50|,,,,,Ghost]Kilowattrel||Magnet|Competitive|Protect,Discharge,AirSlash,VoltSwitch|||M|||50|,,,,,Grass
|inactive|Battle timer is ON: inactive players will automatically lose when time's up. (requested by fakexanax)
|inactive|parzival777 has 60 seconds left.
|
|t:|1755368687
|teamsize|p1|4
|teamsize|p2|4
|start
|switch|p1a: Dragapult|Dragapult, L50, M|100/100
|switch|p1b: Whimsicott|Whimsicott, L50, M|100/100
|switch|p2a: Lumineon|Lumineon, L50, F, shiny|100/100
|switch|p2b: Beartic|Beartic, L50, M|100/100
|turn|1
|inactive|parzival777 has 30 seconds left.
|
|t:|1755368717
|-terastallize|p1a: Dragapult|Dragon
|move|p1a: Dragapult|Dragon Darts|p2a: Lumineon
|-damage|p2a: Lumineon|46/100
|-anim|p1a: Dragapult|Dragon Darts|p2b: Beartic
|-damage|p2b: Beartic|37/100
|move|p1b: Whimsicott|Moonblast|p2a: Lumineon
|-damage|p2a: Lumineon|10/100
|move|p2a: Lumineon|Attract|p1a: Dragapult
|-start|p1a: Dragapult|Attract
|move|p2b: Beartic|Icicle Spear|p1b: Whimsicott
|-supereffective|p1b: Whimsicott
|-damage|p1b: Whimsicott|56/100
|-supereffective|p1b: Whimsicott
|-damage|p1b: Whimsicott|10/100
|-supereffective|p1b: Whimsicott
|-damage|p1b: Whimsicott|0 fnt
|faint|p1b: Whimsicott
|-hitcount|p1: Whimsicott|3
|
|upkeep
|
|t:|1755368728
|switch|p1b: Gholdengo|Gholdengo, L50|100/100
|turn|2
|
|t:|1755368739
|switch|p1a: Scrafty|Scrafty, L50, M|100/100
|-ability|p1a: Scrafty|Intimidate|boost
|-unboost|p2a: Lumineon|atk|1
|-unboost|p2b: Beartic|atk|1
|switch|p2b: Politoed|Politoed, L50, F, shiny|100/100
|-weather|RainDance|[from] ability: Drizzle|[of] p2b: Politoed
|move|p2a: Lumineon|Tailwind|p2a: Lumineon
|-sidestart|p2: parzival777|move: Tailwind
|move|p1b: Gholdengo|Make It Rain|p2a: Lumineon|[spread] p2a,p2b
|-resisted|p2a: Lumineon
|-crit|p2a: Lumineon
|-resisted|p2b: Politoed
|-damage|p2a: Lumineon|0 fnt
|-damage|p2b: Politoed|77/100
|-unboost|p1b: Gholdengo|spa|1
|faint|p2a: Lumineon
|
|-weather|RainDance|[upkeep]
|upkeep
|inactive|parzival777 has 30 seconds left.
|
|t:|1755368768
|switch|p2a: Archaludon|Archaludon, L50, F|100/100
|turn|3
|
|t:|1755368782
|move|p1a: Scrafty|Fake Out|p2a: Archaludon
|-resisted|p2a: Archaludon
|-damage|p2a: Archaludon|97/100
|-ability|p2a: Archaludon|Stamina|boost
|-boost|p2a: Archaludon|def|1
|cant|p2a: Archaludon|flinch
|move|p2b: Politoed|Weather Ball|p1b: Gholdengo
|-damage|p1b: Gholdengo|54/100
|move|p1b: Gholdengo|Nasty Plot|p1b: Gholdengo
|-boost|p1b: Gholdengo|spa|2
|
|-weather|RainDance|[upkeep]
|-heal|p2a: Archaludon|100/100|[from] item: Leftovers
|upkeep
|turn|4
|inactive|parzival777 has 30 seconds left.
|inactive|parzival777 has 20 seconds left.
|inactive|parzival777 has 15 seconds left.
|inactive|parzival777 has 10 seconds left.
|
|t:|1755368828
|move|p2a: Archaludon|Electro Shot||[still]
|-prepare|p2a: Archaludon|Electro Shot
|-boost|p2a: Archaludon|spa|1
|-anim|p2a: Archaludon|Electro Shot|p1b: Gholdengo
|-damage|p1b: Gholdengo|0 fnt
|faint|p1b: Gholdengo
|move|p2b: Politoed|Weather Ball|p1a: Scrafty
|-damage|p1a: Scrafty|70/100
|move|p1a: Scrafty|Knock Off|p2b: Politoed
|-damage|p2b: Politoed|39/100
|-enditem|p2b: Politoed|Sitrus Berry|[from] move: Knock Off|[of] p1a: Scrafty
|
|-weather|RainDance|[upkeep]
|upkeep
|
|t:|1755368835
|switch|p1b: Dragapult|Dragapult, L50, M, tera:Dragon|100/100
|turn|5
|
|t:|1755368848
|move|p2a: Archaludon|Electro Shot||[still]
|-prepare|p2a: Archaludon|Electro Shot
|-boost|p2a: Archaludon|spa|1
|-anim|p2a: Archaludon|Electro Shot|p1a: Scrafty
|-damage|p1a: Scrafty|28/100
|move|p2b: Politoed|Icy Wind|p1a: Scrafty|[spread] p1a,p1b
|-supereffective|p1b: Dragapult
|-crit|p1b: Dragapult
|-damage|p1a: Scrafty|23/100
|-damage|p1b: Dragapult|64/100
|-unboost|p1a: Scrafty|spe|1
|move|p1b: Dragapult|Dragon Darts|p2a: Archaludon
|-damage|p2a: Archaludon|77/100
|-ability|p2a: Archaludon|Stamina|boost
|-boost|p2a: Archaludon|def|1
|-anim|p1b: Dragapult|Dragon Darts|p2b: Politoed
|-damage|p2b: Politoed|0 fnt
|faint|p2b: Politoed
|move|p1a: Scrafty|Close Combat|p2a: Archaludon
|-supereffective|p2a: Archaludon
|-damage|p2a: Archaludon|44/100
|-unboost|p1a: Scrafty|def|1
|-unboost|p1a: Scrafty|spd|1
|-ability|p2a: Archaludon|Stamina|boost
|-boost|p2a: Archaludon|def|1
|
|-weather|RainDance|[upkeep]
|-heal|p2a: Archaludon|50/100|[from] item: Leftovers
|-sideend|p2: parzival777|move: Tailwind
|upkeep
|
|t:|1755368861
|switch|p2b: Beartic|Beartic, L50, M|37/100
|turn|6
|
|t:|1755368877
|move|p1b: Dragapult|Dragon Darts|p2a: Archaludon
|-damage|p2a: Archaludon|33/100
|-ability|p2a: Archaludon|Stamina|boost
|-boost|p2a: Archaludon|def|1
|-anim|p1b: Dragapult|Dragon Darts|p2b: Beartic
|-damage|p2b: Beartic|0 fnt
|faint|p2b: Beartic
|move|p2a: Archaludon|Body Press|p1b: Dragapult
|-damage|p1b: Dragapult|0 fnt
|faint|p1b: Dragapult
|move|p1a: Scrafty|Close Combat|p2a: Archaludon
|-supereffective|p2a: Archaludon
|-damage|p2a: Archaludon|11/100
|-unboost|p1a: Scrafty|def|1
|-unboost|p1a: Scrafty|spd|1
|-ability|p2a: Archaludon|Stamina|boost
|-boost|p2a: Archaludon|def|1
|
|-weather|none
|-heal|p2a: Archaludon|17/100|[from] item: Leftovers
|upkeep
|turn|7
|
|t:|1755368896
|-terastallize|p2a: Archaludon|Flying
|move|p2a: Archaludon|Body Press|p1a: Scrafty
|-supereffective|p1a: Scrafty
|-damage|p1a: Scrafty|0 fnt
|faint|p1a: Scrafty
|
|win|parzival777
|raw|fakexanax's rating: 1202 → 1172(-30 for losing)
|raw|parzival777's rating: 1126 → 1156(+30 for winning)
|l|☆fakexanax
|player|p1|
