|j|☆danbot99
|j|☆testdigi
|html|danbot99testdigi    
|uhtml|bestof|Game 1 of a best-of-3
|t:|1784216869
|gametype|doubles
|player|p1|danbot99|2|1059
|player|p2|testdigi|1|1073
|gen|9
|tier|[Gen 9 Champions] VGC 2026 Reg M-B (Bo3)
|rated|
|rule|Species Clause: Limit one of each Pokémon
|rule|Item Clause: Limit 1 of each item
|clearpoke
|poke|p1|Raichu, L50, M|
|poke|p1|Garchomp, L50, F|
|poke|p1|Whimsicott, L50, F|
|poke|p1|Basculegion, L50, M|
|poke|p1|Incineroar, L50, F|
|poke|p1|Sinistcha, L50|
|poke|p2|Sneasler, L50, F|
|poke|p2|Delphox, L50, F, shiny|
|poke|p2|Kingambit, L50, M, shiny|
|poke|p2|Sinistcha, L50|
|poke|p2|Incineroar, L50, M|
|poke|p2|Blastoise, L50, M|
|teampreview|4
|showteam|p1|Raichu||RaichuniteY|LightningRod|ZapCannon,FocusBlast,Protect,FakeOut|Modest||M|||50|]Garchomp||LifeOrb|RoughSkin|Earthquake,DragonClaw,RockSlide,Protect|Jolly||F|||50|]Whimsicott||FocusSash|Prankster|Tailwind,Moonblast,Encore,Protect|Timid||F|||50|]Basculegion||ChoiceScarf|Adaptability|LastRespects,AquaJet,WaveCrash,Protect|Jolly||M|||50|]Incineroar||SitrusBerry|Intimidate|FakeOut,PartingShot,FlareBlitz,ThroatChop|Adamant||F|||50|]Sinistcha||KasibBerry|Hospitality|MatchaGotcha,RagePowder,TrickRoom,Protect|Sassy|||||50|
|showteam|p2|Sneasler||FocusSash|PoisonTouch|PoisonJab,QuickGuard,CloseCombat,FakeOut|Jolly||F|||50|]Delphox||Delphoxite|Blaze|HeatWave,Psychic,NastyPlot,Protect|Timid||F|||50|]Kingambit||LifeOrb|Defiant|KowtowCleave,SuckerPunch,SwordsDance,Protect|Adamant||M|||50|]Sinistcha||ColburBerry|Hospitality|MatchaGotcha,RagePowder,TrickRoom,Protect|Bold|||||50|]Incineroar||SitrusBerry|Intimidate|FlareBlitz,HelpingHand,PartingShot,FakeOut|Impish||M|||50|]Blastoise||Blastoisinite|RainDish|WaterSpout,DarkPulse,ShellSmash,Protect|Modest||M|||50|
|inactive|Battle timer is ON: inactive players will automatically lose when time's up. (requested by danbot99)
|inactive|testdigi has 60 seconds left.
|
|t:|1784216914
|teamsize|p1|4
|teamsize|p2|4
|start
|switch|p1a: Raichu|Raichu, L50, M|100/100
|switch|p1b: Whimsicott|Whimsicott, L50, F|100/100
|switch|p2a: Sneasler|Sneasler, L50, F|100/100
|switch|p2b: Incineroar|Incineroar, L50, M|100/100
|-ability|p2b: Incineroar|Intimidate|boost
|-unboost|p1a: Raichu|atk|1
|-unboost|p1b: Whimsicott|atk|1
|turn|1
|inactive|danbot99 has 30 seconds left.
|inactive|testdigi has 30 seconds left.
|inactive|testdigi has 20 seconds left.
|inactive|testdigi has 15 seconds left.
|
|t:|1784216955
|move|p1b: Whimsicott|Protect|p1b: Whimsicott
|-singleturn|p1b: Whimsicott|Protect
|move|p1a: Raichu|Fake Out|p2a: Sneasler
|-damage|p2a: Sneasler|90/100
|cant|p2a: Sneasler|flinch
|move|p2b: Incineroar|Parting Shot|p1a: Raichu
|-unboost|p1a: Raichu|atk|1
|-unboost|p1a: Raichu|spa|1
|
|t:|1784216969
|switch|p2b: Kingambit|Kingambit, L50, M, shiny|100/100|[from] Parting Shot
|
|upkeep
|turn|2
|
|t:|1784216985
|switch|p1a: Garchomp|Garchomp, L50, F|100/100
|move|p1b: Whimsicott|Tailwind|p1b: Whimsicott
|-sidestart|p1: danbot99|move: Tailwind
|move|p2a: Sneasler|Poison Jab|p1b: Whimsicott
|-supereffective|p1b: Whimsicott|2
|-enditem|p1b: Whimsicott|Focus Sash
|-damage|p1b: Whimsicott|1/100
|move|p2b: Kingambit|Swords Dance|p2b: Kingambit
|-boost|p2b: Kingambit|atk|2
|
|upkeep
|turn|3
|inactive|danbot99 has 30 seconds left.
|
|t:|1784217010
|switch|p2a: Incineroar|Incineroar, L50, M|100/100
|-ability|p2a: Incineroar|Intimidate|boost
|-unboost|p1a: Garchomp|atk|1
|-unboost|p1b: Whimsicott|atk|1
|move|p1b: Whimsicott|Protect|p1b: Whimsicott
|-singleturn|p1b: Whimsicott|Protect
|move|p2b: Kingambit|Protect|p2b: Kingambit
|-singleturn|p2b: Kingambit|Protect
|move|p1a: Garchomp|Earthquake|p2b: Kingambit|[spread] p2a
|-activate|p1b: Whimsicott|move: Protect
|-activate|p2b: Kingambit|move: Protect
|-supereffective|p2a: Incineroar|1
|-damage|p2a: Incineroar|52/100
|-damage|p1a: Garchomp|90/100|[from] item: Life Orb
|
|upkeep
|turn|4
|
|t:|1784217032
|move|p2a: Incineroar|Fake Out|p1b: Whimsicott
|-damage|p1b: Whimsicott|0 fnt
|faint|p1b: Whimsicott
|move|p2b: Kingambit|Sucker Punch|p1a: Garchomp
|-damage|p1a: Garchomp|0 fnt
|-damage|p2b: Kingambit|87/100|[from] ability: Rough Skin|[of] p1a: Garchomp
|faint|p1a: Garchomp
|-damage|p2b: Kingambit|78/100|[from] item: Life Orb
|
|upkeep
|
|t:|1784217043
|switch|p1b: Sinistcha|Sinistcha, L50|100/100
|switch|p1a: Raichu|Raichu, L50, M|100/100
|turn|5
|inactive|danbot99 has 30 seconds left.
|inactive|danbot99 has 20 seconds left.
|
|t:|1784217078
|detailschange|p1a: Raichu|Raichu-Mega-Y, L50, M
|-mega|p1a: Raichu|Raichu|Raichunite Y
|move|p2b: Kingambit|Protect|p2b: Kingambit
|-singleturn|p2b: Kingambit|Protect
|move|p1a: Raichu|Fake Out|p2b: Kingambit
|-activate|p2b: Kingambit|move: Protect
|move|p1b: Sinistcha|Matcha Gotcha|p2b: Kingambit|[spread] p2a
|-activate|p2b: Kingambit|move: Protect
|-resisted|p2a: Incineroar|1
|-damage|p2a: Incineroar|41/100
|-enditem|p2a: Incineroar|Sitrus Berry|[eat]
|-heal|p2a: Incineroar|66/100|[from] item: Sitrus Berry
|move|p2a: Incineroar|Parting Shot|p1a: Raichu
|-unboost|p1a: Raichu|atk|1
|-unboost|p1a: Raichu|spa|1
|
|t:|1784217085
|switch|p2a: Sneasler|Sneasler, L50, F|90/100|[from] Parting Shot
|
|-sideend|p1: danbot99|move: Tailwind
|upkeep
|turn|6
|
|t:|1784217099
|move|p2a: Sneasler|Poison Jab|p1b: Sinistcha
|-damage|p1b: Sinistcha|62/100
|-status|p1b: Sinistcha|psn|[from] ability: Poison Touch|[of] p2a: Sneasler
|move|p1a: Raichu|Zap Cannon|p2b: Kingambit
|-damage|p2b: Kingambit|22/100
|-status|p2b: Kingambit|par
|move|p1b: Sinistcha|Matcha Gotcha|p2a: Sneasler|[spread] p2a,p2b
|-resisted|p2a: Sneasler|1
|-resisted|p2b: Kingambit|1
|-damage|p2a: Sneasler|73/100
|-heal|p1b: Sinistcha|70/100 psn|[from] drain|[of] p2a: Sneasler
|-damage|p2b: Kingambit|11/100 par
|-heal|p1b: Sinistcha|77/100 psn|[from] drain|[of] p2b: Kingambit
|move|p2b: Kingambit|Kowtow Cleave|p1a: Raichu
|-damage|p1a: Raichu|0 fnt
|faint|p1a: Raichu
|-damage|p2b: Kingambit|1/100 par|[from] item: Life Orb
|
|-damage|p1b: Sinistcha|64/100 psn|[from] psn
|upkeep
|turn|7
|inactive|danbot99 has 30 seconds left.
|inactive|testdigi has 30 seconds left.
|
|t:|1784217126
|switch|p2b: Incineroar|Incineroar, L50, M|66/100
|-ability|p2b: Incineroar|Intimidate|boost
|-unboost|p1b: Sinistcha|atk|1
|move|p1b: Sinistcha|Protect|p1b: Sinistcha
|-singleturn|p1b: Sinistcha|Protect
|move|p2a: Sneasler|Poison Jab|p1b: Sinistcha
|-activate|p1b: Sinistcha|move: Protect
|
|-damage|p1b: Sinistcha|52/100 psn|[from] psn
|upkeep
|turn|8
|
|t:|1784217136
|move|p2a: Sneasler|Poison Jab|p1b: Sinistcha
|-damage|p1b: Sinistcha|13/100 psn
|move|p2b: Incineroar|Flare Blitz|p1b: Sinistcha
|-supereffective|p1b: Sinistcha|1
|-damage|p1b: Sinistcha|0 fnt
|faint|p1b: Sinistcha
|-damage|p2b: Incineroar|62/100|[from] Recoil
|
|win|testdigi
||testdigi is ready for game 2.
||danbot99 is ready for game 2.
|uhtml|next|Next: Game 2 of 3
