|j|☆justsillys
|j|☆jdndbeb
|html|justsillysjdndbeb    
|uhtml|bestof|Game 1 of a best-of-3
|t:|1785902431
|gametype|doubles
|player|p1|justsillys|266|1054
|player|p2|jdndbeb|1|1000
|gen|9
|tier|[Gen 9 Champions] VGC 2026 Reg M-B (Bo3)
|rated|
|rule|Species Clause: Limit one of each Pokémon
|rule|Item Clause: Limit 1 of each item
|clearpoke
|poke|p1|Hatterene, L50, F|
|poke|p1|Oranguru, L50, M|
|poke|p1|Mawile, L50, F|
|poke|p1|Kangaskhan, L50, F|
|poke|p1|Venusaur, L50, M|
|poke|p1|Torkoal, L50, M|
|poke|p2|Metagross, L50|
|poke|p2|Incineroar, L50, M|
|poke|p2|Garchomp, L50, M|
|poke|p2|Grimmsnarl, L50, M|
|poke|p2|Umbreon, L50, M|
|poke|p2|Alcremie, L50, F|
|teampreview|4
|showteam|p1|Hatterene||LifeOrb|MagicBounce|Protect,Psychic,TrickRoom,DazzlingGleam|Quiet||F|||50|]Oranguru||MentalHerb|InnerFocus|Protect,Instruct,Psychic,TrickRoom|Bold||M|||50|]Mawile||Mawilite|HyperCutter|SuckerPunch,PlayRough,Protect,IronHead|Brave||F|||50|]Kangaskhan||SilkScarf|Scrappy|LastResort,FakeOut|Brave||F|||50|]Venusaur||FocusSash|Chlorophyll|LeafStorm,SludgeBomb,SleepPowder,Protect|Modest||M|||50|]Torkoal||Charcoal|Drought|Eruption,Protect,EarthPower,HeatWave|Quiet||M|||50|
|showteam|p2|Metagross||Metagrossite|ClearBody|MeteorMash,Agility,RockSlide,PsychicFangs|Jolly|||||50|]Incineroar||SitrusBerry|Intimidate|BlazeKick,FakeOut,DrainPunch,DarkestLariat|Adamant||M|||50|]Garchomp||LifeOrb|RoughSkin|DragonClaw,SwordsDance,RockSlide,StompingTantrum|Jolly||M|||50|]Grimmsnarl||LightClay|Prankster|SpiritBreak,Reflect,LightScreen,Taunt|Impish||M|||50|]Umbreon||Leftovers|InnerFocus|Crunch,Curse,Moonlight,Trailblaze|Careful||M|||50|]Alcremie||QuickClaw|AromaVeil|DazzlingGleam,CalmMind,Recover,AcidArmor|Bold||F|||50|
|inactive|Battle timer is ON: inactive players will automatically lose when time's up. (requested by jdndbeb)
|inactive|justsillys has 60 seconds left.
|
|t:|1785902516
|teamsize|p1|4
|teamsize|p2|4
|start
|switch|p1a: Alolan Rillaboom|Oranguru, L50, M|100/100
|switch|p1b: Luchona|Kangaskhan, L50, F|100/100
|switch|p2a: Incineroar|Incineroar, L50, M|100/100
|switch|p2b: Grimmsnarl|Grimmsnarl, L50, M|100/100
|-ability|p2a: Incineroar|Intimidate|boost
|-fail|p1a: Alolan Rillaboom|unboost|Attack|[from] ability: Inner Focus|[of] p1a: Alolan Rillaboom
|-fail|p1b: Luchona|unboost|Attack|[from] ability: Scrappy|[of] p1b: Luchona
|turn|1
|inactive|justsillys has 30 seconds left.
|inactive|jdndbeb has 30 seconds left.
|inactive|justsillys has 20 seconds left.
|inactive|jdndbeb has 20 seconds left.
|inactive|jdndbeb has 15 seconds left.
|inactive|jdndbeb has 10 seconds left.
|inactive|jdndbeb has 5 seconds left.
|
|t:|1785902571
|move|p1b: Luchona|Fake Out|p2b: Grimmsnarl
|-damage|p2b: Grimmsnarl|77/100
|cant|p2b: Grimmsnarl|flinch
|move|p2a: Incineroar|Blaze Kick|p1b: Luchona
|-damage|p1b: Luchona|54/100
|move|p1a: Alolan Rillaboom|Trick Room|p1a: Alolan Rillaboom
|-fieldstart|move: Trick Room|[of] p1a: Alolan Rillaboom
|
|upkeep
|turn|2
|inactive|justsillys has 30 seconds left.
|inactive|justsillys has 20 seconds left.
|inactive|justsillys has 15 seconds left.
|inactive|justsillys has 10 seconds left.
|inactive|justsillys has 5 seconds left.
|
|t:|1785902626
|move|p1a: Alolan Rillaboom|Protect|p1a: Alolan Rillaboom
|-singleturn|p1a: Alolan Rillaboom|Protect
|move|p2b: Grimmsnarl|Reflect|p2b: Grimmsnarl
|-sidestart|p2: jdndbeb|Reflect
|move|p2a: Incineroar|Darkest Lariat|p1a: Alolan Rillaboom
|-activate|p1a: Alolan Rillaboom|move: Protect
|move|p1b: Luchona|Last Resort|p2a: Incineroar
|-damage|p2a: Incineroar|53/100
|
|upkeep
|turn|3
|
|t:|1785902651
|move|p2b: Grimmsnarl|Taunt|p1a: Alolan Rillaboom
|-start|p1a: Alolan Rillaboom|move: Taunt
|-enditem|p1a: Alolan Rillaboom|Mental Herb
|-end|p1a: Alolan Rillaboom|move: Taunt
|move|p1a: Alolan Rillaboom|Instruct|p1b: Luchona
|-singleturn|p1b: Luchona|move: Instruct|[of] p1a: Alolan Rillaboom
|move|p1b: Luchona|Last Resort|p2a: Incineroar
|-damage|p2a: Incineroar|7/100
|-enditem|p2a: Incineroar|Sitrus Berry|[eat]
|-heal|p2a: Incineroar|32/100|[from] item: Sitrus Berry
|move|p2a: Incineroar|Drain Punch|p1b: Luchona
|-supereffective|p1b: Luchona|1
|-damage|p1b: Luchona|5/100
|-heal|p2a: Incineroar|58/100|[from] drain|[of] p1b: Luchona
|move|p1b: Luchona|Last Resort|p2a: Incineroar
|-damage|p2a: Incineroar|9/100
|
|upkeep
|turn|4
|inactive|justsillys has 30 seconds left.
|inactive|justsillys has 20 seconds left.
|inactive|justsillys has 15 seconds left.
|
|t:|1785902694
|switch|p1b: T&M|Torkoal, L50, M|100/100
|-weather|SunnyDay|[from] ability: Drought|[of] p1b: T&M
|move|p1a: Alolan Rillaboom|Protect|p1a: Alolan Rillaboom
|-singleturn|p1a: Alolan Rillaboom|Protect
|move|p2b: Grimmsnarl|Taunt|p1a: Alolan Rillaboom
|-activate|p1a: Alolan Rillaboom|move: Protect
|move|p2a: Incineroar|Drain Punch|p1b: T&M
|-damage|p1b: T&M|80/100
|-heal|p2a: Incineroar|18/100|[from] drain|[of] p1b: T&M
|
|-weather|SunnyDay|[upkeep]
|upkeep
|turn|5
|
|t:|1785902716
|switch|p1a: Luchona|Kangaskhan, L50, F|5/100
|move|p2b: Grimmsnarl|Light Screen|p2b: Grimmsnarl
|-sidestart|p2: jdndbeb|move: Light Screen
|move|p1b: T&M|Eruption|p2b: Grimmsnarl|[spread] p2a,p2b
|-resisted|p2a: Incineroar|1
|-crit|p2b: Grimmsnarl
|-damage|p2a: Incineroar|0 fnt
|-damage|p2b: Grimmsnarl|0 fnt
|faint|p2a: Incineroar
|faint|p2b: Grimmsnarl
|
|-weather|SunnyDay|[upkeep]
|-fieldend|move: Trick Room
|upkeep
|
|t:|1785902729
|switch|p2a: Umbreon|Umbreon, L50, M|100/100
|switch|p2b: Alcremie|Alcremie, L50, F|100/100
|turn|6
|inactive|justsillys has 30 seconds left.
|-activate|p2b: Alcremie|item: Quick Claw
|
|t:|1785902763
|move|p1a: Luchona|Fake Out|p2b: Alcremie
|-damage|p2b: Alcremie|86/100
|cant|p2b: Alcremie|flinch
|move|p2a: Umbreon|Curse|p2a: Umbreon
|-unboost|p2a: Umbreon|spe|1
|-boost|p2a: Umbreon|atk|1
|-boost|p2a: Umbreon|def|1
|move|p1b: T&M|Eruption|p2b: Alcremie|[spread] p2a,p2b
|-damage|p2a: Umbreon|73/100
|-damage|p2b: Alcremie|46/100
|
|-weather|SunnyDay|[upkeep]
|-heal|p2a: Umbreon|79/100|[from] item: Leftovers
|upkeep
|turn|7
|inactive|justsillys has 30 seconds left.
|
|t:|1785902791
|move|p1a: Luchona|Last Resort|p2b: Alcremie
|-damage|p2b: Alcremie|3/100
|move|p2b: Alcremie|Dazzling Gleam|p1b: T&M|[spread] p1a,p1b
|-resisted|p1b: T&M|1
|-damage|p1a: Luchona|0 fnt
|-damage|p1b: T&M|64/100
|faint|p1a: Luchona
|move|p2a: Umbreon|Curse|p2a: Umbreon
|-unboost|p2a: Umbreon|spe|1
|-boost|p2a: Umbreon|atk|1
|-boost|p2a: Umbreon|def|1
|move|p1b: T&M|Eruption|p2a: Umbreon|[spread] p2a,p2b
|-damage|p2a: Umbreon|59/100
|-damage|p2b: Alcremie|0 fnt
|faint|p2b: Alcremie
|
|-weather|SunnyDay|[upkeep]
|-heal|p2a: Umbreon|65/100|[from] item: Leftovers
|upkeep
|inactive|justsillys has 30 seconds left.
|inactive|justsillys has 20 seconds left.
|inactive|justsillys has 15 seconds left.
|
|t:|1785902832
|switch|p1a: Alolan Rillaboom|Oranguru, L50, M|100/100
|turn|8
|
|t:|1785902845
|move|p1a: Alolan Rillaboom|Instruct|p1b: T&M
|-singleturn|p1b: T&M|move: Instruct|[of] p1a: Alolan Rillaboom
|move|p1b: T&M|Eruption|p2a: Umbreon
|-damage|p2a: Umbreon|38/100
|move|p2a: Umbreon|Crunch|p1b: T&M
|-damage|p1b: T&M|31/100
|move|p1b: T&M|Heat Wave|p2a: Umbreon|[miss]
|-miss|p1b: T&M|p2a: Umbreon
|
|-weather|none
|-heal|p2a: Umbreon|44/100|[from] item: Leftovers
|upkeep
|turn|9
|inactive|justsillys has 30 seconds left.
|inactive|justsillys has 20 seconds left.
|
|t:|1785902882
|switch|p1b: Bichota|Mawile, L50, F|100/100
|move|p2a: Umbreon|Moonlight|p2a: Umbreon
|-heal|p2a: Umbreon|94/100
|move|p1a: Alolan Rillaboom|Trick Room|p1a: Alolan Rillaboom
|-fieldstart|move: Trick Room|[of] p1a: Alolan Rillaboom
|
|-heal|p2a: Umbreon|100/100|[from] item: Leftovers
|-sideend|p2: jdndbeb|Reflect
|upkeep
|turn|10
|-message|jdndbeb forfeited.
|raw|justsillys's rating: 1054 → 1081(+27 for winning)
|raw|jdndbeb's rating: 1000 → 1000(+0 for losing)
|
|win|justsillys
|l|☆jdndbeb
|player|p2|
