|j|☆Zacharykeith
|j|☆jussdoit
|html|Zacharykeithjussdoit    
|uhtml|bestof|Game 1 of a best-of-3
|t:|1756327336
|gametype|doubles
|player|p1|Zacharykeith|fisherman-gen4|1096
|player|p2|jussdoit|steven|1131
|gen|9
|tier|[Gen 9] VGC 2025 Reg H (Bo3)
|rated|
|rule|Species Clause: Limit one of each Pokémon
|rule|Item Clause: Limit 1 of each item
|clearpoke
|poke|p1|Rillaboom, L50, F|
|poke|p1|Chandelure, L50, F|
|poke|p1|Electabuzz, L50, F|
|poke|p1|Kingambit, L50, M|
|poke|p1|Primarina, L50, M|
|poke|p1|Dragapult, L50, M|
|poke|p2|Torkoal, L50, F|
|poke|p2|Volcarona, L50, F|
|poke|p2|Oricorio-Pom-Pom, L50, M|
|poke|p2|Venusaur, L50, M|
|poke|p2|Incineroar, L50, M|
|poke|p2|Whimsicott, L50, M|
|teampreview|4
|showteam|p1|Rillaboom||AssaultVest|GrassySurge|FakeOut,GrassyGlide,WoodHammer,HighHorsepower|||F|||50|,,,,,Fire]Chandelure||FocusSash|FlashFire|HeatWave,ShadowBall,TrickRoom,Protect|||F|||50|,,,,,Grass]Electabuzz||Eviolite|VitalSpirit|VoltSwitch,Electroweb,FollowMe,Taunt|||F|||50|,,,,,Ghost]Kingambit||BlackGlasses|Defiant|SuckerPunch,KowtowCleave,SwordsDance,Protect|||M|||50|,,,,,Dark]Primarina||ThroatSpray|LiquidVoice|HyperVoice,Moonblast,Haze,Protect|||M|||50|,,,,,Steel]Dragapult||ChoiceBand|ClearBody|DragonDarts,PhantomForce,Uturn,Outrage|||M|||50|,,,,,Dragon
|showteam|p2|Torkoal||EjectPack|Drought|Overheat,Eruption,SolarBeam,Protect|||F|||50|,,,,,Fire]Volcarona||CovertCloak|FlameBody|FieryDance,QuiverDance,GigaDrain,Protect|||F|||50|,,,,,Water]Oricorio-Pom-Pom||FocusSash|Dancer|QuiverDance,IcyWind,RevelationDance,AirSlash|||M|||50|,,,,,Electric]Venusaur||WideLens|Chlorophyll|LeechSeed,SleepPowder,Toxic,SludgeBomb|||M|||50|,,,,,Poison]Incineroar||SafetyGoggles|Intimidate|FakeOut,FlareBlitz,KnockOff,PartingShot|||M|||50|,,,,,Fire]Whimsicott||SitrusBerry|Prankster|SunnyDay,Encore,Taunt,Moonblast|||M|||50|,,,,,Grass
|inactive|Battle timer is ON: inactive players will automatically lose when time's up. (requested by jussdoit)
|inactive|Zacharykeith has 60 seconds left.
|
|t:|1756327377
|teamsize|p1|4
|teamsize|p2|4
|start
|switch|p1a: Chandelure|Chandelure, L50, F|100/100
|switch|p1b: Rillaboom|Rillaboom, L50, F|100/100
|switch|p2a: Volcarona|Volcarona, L50, F|100/100
|switch|p2b: Oricorio|Oricorio-Pom-Pom, L50, M|100/100
|-fieldstart|move: Grassy Terrain|[from] ability: Grassy Surge|[of] p1b: Rillaboom
|turn|1
|
|t:|1756327393
|move|p1b: Rillaboom|Fake Out|p2b: Oricorio
|-damage|p2b: Oricorio|80/100
|move|p2a: Volcarona|Quiver Dance|p2a: Volcarona
|-boost|p2a: Volcarona|spa|1
|-boost|p2a: Volcarona|spd|1
|-boost|p2a: Volcarona|spe|1
|-activate|p2b: Oricorio|ability: Dancer
|cant|p2b: Oricorio|flinch
|cant|p2b: Oricorio|flinch
|move|p1a: Chandelure|Heat Wave|p2a: Volcarona|[spread] p2a,p2b
|-damage|p2a: Volcarona|74/100
|-damage|p2b: Oricorio|28/100
|
|-heal|p2a: Volcarona|80/100|[from] Grassy Terrain
|upkeep
|turn|2
|
|t:|1756327416
|-terastallize|p1b: Rillaboom|Fire
|move|p2a: Volcarona|Fiery Dance|p1b: Rillaboom
|-resisted|p1b: Rillaboom
|-damage|p1b: Rillaboom|78/100
|-boost|p2a: Volcarona|spa|1
|-activate|p2b: Oricorio|ability: Dancer
|move|p2b: Oricorio|Fiery Dance|p1b: Rillaboom|[from] ability: Dancer
|-resisted|p1b: Rillaboom
|-damage|p1b: Rillaboom|71/100
|move|p2b: Oricorio|Revelation Dance|p1a: Chandelure
|-damage|p1a: Chandelure|50/100
|move|p1b: Rillaboom|High Horsepower|p2a: Volcarona
|-damage|p2a: Volcarona|38/100
|move|p1a: Chandelure|Trick Room|p1a: Chandelure
|-fieldstart|move: Trick Room|[of] p1a: Chandelure
|
|-heal|p1b: Rillaboom|76/100|[from] Grassy Terrain
|-heal|p1a: Chandelure|56/100|[from] Grassy Terrain
|-heal|p2a: Volcarona|45/100|[from] Grassy Terrain
|upkeep
|turn|3
|inactive|jussdoit has 30 seconds left.
|
|t:|1756327442
|-terastallize|p2a: Volcarona|Water
|move|p1b: Rillaboom|High Horsepower|p2a: Volcarona
|-damage|p2a: Volcarona|6/100
|move|p1a: Chandelure|Heat Wave|p2b: Oricorio|[spread] 
|-miss|p1a: Chandelure|p2a: Volcarona
|-miss|p1a: Chandelure|p2b: Oricorio
|move|p2b: Oricorio|Air Slash|p1b: Rillaboom
|-damage|p1b: Rillaboom|53/100
|move|p2a: Volcarona|Giga Drain|p1a: Chandelure
|-resisted|p1a: Chandelure
|-damage|p1a: Chandelure|19/100
|-heal|p2a: Volcarona|25/100|[from] drain|[of] p1a: Chandelure
|
|-heal|p1b: Rillaboom|59/100|[from] Grassy Terrain
|-heal|p1a: Chandelure|25/100|[from] Grassy Terrain
|-heal|p2a: Volcarona|31/100|[from] Grassy Terrain
|upkeep
|turn|4
|
|t:|1756327458
|move|p2a: Volcarona|Protect|p2a: Volcarona
|-singleturn|p2a: Volcarona|Protect
|move|p1b: Rillaboom|Grassy Glide|p2a: Volcarona
|-activate|p2a: Volcarona|move: Protect
|move|p1a: Chandelure|Heat Wave|p2b: Oricorio|[spread] p2b
|-activate|p2a: Volcarona|move: Protect
|-damage|p2b: Oricorio|0 fnt
|faint|p2b: Oricorio
|
|-heal|p1b: Rillaboom|65/100|[from] Grassy Terrain
|-heal|p1a: Chandelure|31/100|[from] Grassy Terrain
|-heal|p2a: Volcarona|37/100|[from] Grassy Terrain
|upkeep
|
|t:|1756327470
|switch|p2b: Venusaur|Venusaur, L50, M|100/100
|turn|5
|
|t:|1756327480
|switch|p2a: Whimsicott|Whimsicott, L50, M|100/100
|move|p1b: Rillaboom|Grassy Glide|p2a: Whimsicott
|-resisted|p2a: Whimsicott
|-damage|p2a: Whimsicott|74/100
|move|p2b: Venusaur|Sleep Powder|p1a: Chandelure|[miss]
|-miss|p2b: Venusaur|p1a: Chandelure
|move|p1a: Chandelure|Heat Wave|p2b: Venusaur|[spread] p2a,p2b
|-supereffective|p2a: Whimsicott
|-supereffective|p2b: Venusaur
|-damage|p2a: Whimsicott|0 fnt
|-damage|p2b: Venusaur|33/100
|-status|p2b: Venusaur|brn
|faint|p2a: Whimsicott
|
|-heal|p2b: Venusaur|39/100 brn|[from] Grassy Terrain
|-heal|p1b: Rillaboom|71/100|[from] Grassy Terrain
|-heal|p1a: Chandelure|37/100|[from] Grassy Terrain
|-damage|p2b: Venusaur|33/100 brn|[from] brn
|-fieldend|move: Grassy Terrain
|upkeep
|-message|jussdoit forfeited.
|
|win|Zacharykeith
