|j|☆HunterOnShowdown
|j|☆Jakobtc
|html|HunterOnShowdownJakobtc    
|uhtml|bestof|Game 2 of a best-of-3
|t:|1756663541
|gametype|doubles
|player|p1|HunterOnShowdown|hilbert-masters2|1123
|player|p2|Jakobtc|riley|1172
|gen|9
|tier|[Gen 9] VGC 2025 Reg H (Bo3)
|rated|
|rule|Species Clause: Limit one of each Pokémon
|rule|Item Clause: Limit 1 of each item
|clearpoke
|poke|p1|Volcarona, L50, F|
|poke|p1|Dragonite, L50, M|
|poke|p1|Sneasler, L50, M|
|poke|p1|Meowscarada, L50, M|
|poke|p1|Kingambit, L50, M|
|poke|p1|Electabuzz, L50, M|
|poke|p2|Gholdengo, L50|
|poke|p2|Incineroar, L50, M|
|poke|p2|Amoonguss, L50, M|
|poke|p2|Ursaluna, L50, M|
|poke|p2|Porygon2, L50|
|poke|p2|Kilowattrel, L50, M|
|teampreview|4
|showteam|p1|Volcarona||Leftovers|FlameBody|FieryDance,QuiverDance,TeraBlast,Protect|||F|||50|,,,,,Dragon]Dragonite||LoadedDice|Multiscale|Haze,ScaleShot,StompingTantrum,Protect|||M|||50|,,,,,Fairy]Sneasler||WhiteHerb|Unburden|Coaching,CloseCombat,DireClaw,FakeOut|||M|||50|,,,,,Ghost]Meowscarada||FocusSash|Overgrow|KnockOff,FlowerTrick,TripleAxel,Protect|||M|||50|,,,,,Ghost]Kingambit||BlackGlasses|Defiant|SuckerPunch,KowtowCleave,SwordsDance,Protect|||M|||50|,,,,,Dark]Electabuzz||Eviolite|VitalSpirit|Taunt,Electroweb,FollowMe,Protect|||M|||50|,,,,,Ghost
|showteam|p2|Gholdengo||LifeOrb|GoodasGold|MakeItRain,ShadowBall,NastyPlot,Protect||||||50|,,,,,Dragon]Incineroar||SafetyGoggles|Intimidate|FakeOut,FlareBlitz,KnockOff,PartingShot|||M|||50|,,,,,Bug]Amoonguss||SitrusBerry|Regenerator|Spore,RagePowder,PollenPuff,Protect|||M|||50|,,,,,Psychic]Ursaluna||FlameOrb|Guts|Facade,HeadlongRush,Earthquake,Protect|||M|||50|,,,,,Ghost]Porygon2||Eviolite|Download|TeraBlast,IceBeam,Recover,TrickRoom||||||50|,,,,,Fighting]Kilowattrel||FocusSash|Competitive|AirSlash,Thunderbolt,Tailwind,Protect|||M|||50|,,,,,Ghost
|inactive|Battle timer is ON: inactive players will automatically lose when time's up. (requested by HunterOnShowdown)
|inactive|Jakobtc has 60 seconds left.
|inactive|Jakobtc has 30 seconds left.
|inactive|Jakobtc has 20 seconds left.
|inactive|Jakobtc has 15 seconds left.
|
|t:|1756663621
|teamsize|p1|4
|teamsize|p2|4
|start
|switch|p1a: Kingambit|Kingambit, L50, M, shiny|100/100
|switch|p1b: Electabuzz|Electabuzz, L50, M|100/100
|switch|p2a: Porygon2|Porygon2, L50, shiny|100/100
|switch|p2b: Kilowattrel|Kilowattrel, L50, M|100/100
|-ability|p2a: Porygon2|Download|boost
|-boost|p2a: Porygon2|spa|1
|turn|1
|inactive|HunterOnShowdown has 30 seconds left.
|
|t:|1756663650
|move|p1b: Electabuzz|Follow Me|p1b: Electabuzz
|-singleturn|p1b: Electabuzz|move: Follow Me
|move|p2b: Kilowattrel|Air Slash|p1b: Electabuzz
|-resisted|p1b: Electabuzz
|-damage|p1b: Electabuzz|88/100
|move|p2a: Porygon2|Tera Blast|p1b: Electabuzz
|-damage|p1b: Electabuzz|48/100
|move|p1a: Kingambit|Swords Dance|p1a: Kingambit
|-boost|p1a: Kingambit|atk|2
|
|upkeep
|turn|2
|
|t:|1756663667
|-terastallize|p1b: Electabuzz|Ghost
|-terastallize|p2a: Porygon2|Fighting
|move|p1b: Electabuzz|Follow Me|p1b: Electabuzz
|-singleturn|p1b: Electabuzz|move: Follow Me
|move|p2b: Kilowattrel|Air Slash|p1b: Electabuzz
|-damage|p1b: Electabuzz|23/100
|move|p2a: Porygon2|Tera Blast|p1b: Electabuzz|[anim] Tera Blast Fighting
|-immune|p1b: Electabuzz
|move|p1a: Kingambit|Swords Dance|p1a: Kingambit
|-boost|p1a: Kingambit|atk|2
|
|upkeep
|turn|3
|inactive|Jakobtc has 30 seconds left.
|
|t:|1756663693
|move|p1a: Kingambit|Protect|p1a: Kingambit
|-singleturn|p1a: Kingambit|Protect
|move|p2b: Kilowattrel|Air Slash|p1b: Electabuzz
|-damage|p1b: Electabuzz|0 fnt
|faint|p1b: Electabuzz
|move|p2a: Porygon2|Tera Blast|p1a: Kingambit|[anim] Tera Blast Fighting
|-activate|p1a: Kingambit|move: Protect
|
|upkeep
|
|t:|1756663699
|switch|p1b: Sneasler|Sneasler, L50, M|100/100
|turn|4
|
|t:|1756663720
|switch|p2a: Amoonguss|Amoonguss, L50, M|100/100
|move|p1b: Sneasler|Fake Out|p2a: Amoonguss
|-damage|p2a: Amoonguss|89/100
|move|p2b: Kilowattrel|Tailwind|p2b: Kilowattrel
|-sidestart|p2: Jakobtc|move: Tailwind
|move|p1a: Kingambit|Kowtow Cleave|p2a: Amoonguss
|-damage|p2a: Amoonguss|0 fnt
|faint|p2a: Amoonguss
|
|upkeep
|
|t:|1756663730
|switch|p2a: Porygon2|Porygon2, L50, shiny, tera:Fighting|100/100
|-ability|p2a: Porygon2|Download|boost
|-boost|p2a: Porygon2|spa|1
|turn|5
|
|t:|1756663752
|move|p1a: Kingambit|Protect|p1a: Kingambit
|-singleturn|p1a: Kingambit|Protect
|move|p2b: Kilowattrel|Air Slash|p1b: Sneasler
|-supereffective|p1b: Sneasler
|-damage|p1b: Sneasler|8/100
|move|p2a: Porygon2|Tera Blast|p1a: Kingambit|[anim] Tera Blast Fighting
|-activate|p1a: Kingambit|move: Protect
|cant|p1b: Sneasler|flinch
|
|upkeep
|turn|6
|
|t:|1756663769
|move|p1a: Kingambit|Sucker Punch|p2b: Kilowattrel
|-enditem|p2b: Kilowattrel|Focus Sash
|-damage|p2b: Kilowattrel|1/100
|move|p2b: Kilowattrel|Thunderbolt|p1a: Kingambit
|-damage|p1a: Kingambit|63/100
|move|p2a: Porygon2|Tera Blast|p1a: Kingambit|[anim] Tera Blast Fighting
|-supereffective|p1a: Kingambit
|-damage|p1a: Kingambit|0 fnt
|faint|p1a: Kingambit
|move|p1b: Sneasler|Close Combat|p2b: Kilowattrel
|-resisted|p2b: Kilowattrel
|-damage|p2b: Kilowattrel|0 fnt
|-unboost|p1b: Sneasler|def|1
|-unboost|p1b: Sneasler|spd|1
|faint|p2b: Kilowattrel
|-enditem|p1b: Sneasler|White Herb
|-clearnegativeboost|p1b: Sneasler|[silent]
|
|upkeep
|
|t:|1756663784
|switch|p2b: Ursaluna|Ursaluna, L50, M|100/100
|switch|p1a: Dragonite|Dragonite, L50, M|100/100
|turn|7
|
|t:|1756663797
|move|p2b: Ursaluna|Protect|p2b: Ursaluna
|-singleturn|p2b: Ursaluna|Protect
|move|p1b: Sneasler|Coaching|p1a: Dragonite
|-boost|p1a: Dragonite|atk|1
|-boost|p1a: Dragonite|def|1
|move|p1a: Dragonite|Scale Shot|p2a: Porygon2
|-damage|p2a: Porygon2|85/100
|-damage|p2a: Porygon2|69/100
|-damage|p2a: Porygon2|56/100
|-damage|p2a: Porygon2|42/100
|-hitcount|p2a: Porygon2|4
|-unboost|p1a: Dragonite|def|1
|-boost|p1a: Dragonite|spe|1
|move|p2a: Porygon2|Trick Room|p2a: Porygon2
|-fieldstart|move: Trick Room|[of] p2a: Porygon2
|
|-sideend|p2: Jakobtc|move: Tailwind
|-status|p2b: Ursaluna|brn|[from] item: Flame Orb
|upkeep
|turn|8
|inactive|HunterOnShowdown has 30 seconds left.
|inactive|Jakobtc has 30 seconds left.
|inactive|HunterOnShowdown has 20 seconds left.
|inactive|Jakobtc has 20 seconds left.
|
|t:|1756663832
|move|p2b: Ursaluna|Facade|p1b: Sneasler
|-damage|p1b: Sneasler|0 fnt
|faint|p1b: Sneasler
|move|p2a: Porygon2|Recover|p2a: Porygon2
|-heal|p2a: Porygon2|92/100
|move|p1a: Dragonite|Scale Shot|p2a: Porygon2
|-damage|p2a: Porygon2|79/100
|-crit|p2a: Porygon2
|-damage|p2a: Porygon2|57/100
|-damage|p2a: Porygon2|41/100
|-damage|p2a: Porygon2|27/100
|-damage|p2a: Porygon2|13/100
|-hitcount|p2a: Porygon2|5
|-unboost|p1a: Dragonite|def|1
|-boost|p1a: Dragonite|spe|1
|
|-damage|p2b: Ursaluna|94/100 brn|[from] brn
|upkeep
|turn|9
|-message|HunterOnShowdown forfeited.
|
|win|Jakobtc
|raw|HunterOnShowdown's rating: 1123 → 1102(-21 for losing)
|raw|Jakobtc's rating: 1172 → 1193(+21 for winning)
|l|☆HunterOnShowdown
|player|p1|
