|j|☆dinglustan
|j|☆i still have it
|html|dinglustani still have it    
|uhtml|bestof|Game 2 of a best-of-3
|t:|1756656939
|gametype|doubles
|player|p1|dinglustan|170|1379
|player|p2|i still have it|266|1460
|gen|9
|tier|[Gen 9] VGC 2025 Reg H (Bo3)
|rated|
|rule|Species Clause: Limit one of each Pokémon
|rule|Item Clause: Limit 1 of each item
|clearpoke
|poke|p1|Whimsicott, L50, M|
|poke|p1|Basculegion, L50, M|
|poke|p1|Arcanine-Hisui, L50, M|
|poke|p1|Hydreigon, L50, F|
|poke|p1|Farigiraf, L50, M|
|poke|p1|Pawmot, L50, M|
|poke|p2|Rillaboom, L50, M|
|poke|p2|Dragonite, L50, F|
|poke|p2|Incineroar, L50, M|
|poke|p2|Sneasler, L50, M|
|poke|p2|Kingambit, L50, M|
|poke|p2|Volcarona, L50, F|
|teampreview|4
|showteam|p1|Whimsicott||CovertCloak|Prankster|Tailwind,Moonblast,GigaDrain,Encore|||M|||50|,,,,,Water]Basculegion||ChoiceBand|Adaptability|AquaJet,LastRespects,WaveCrash,TeraBlast|||M|||50|,,,,,Fairy]Arcanine-Hisui||AssaultVest|Intimidate|ExtremeSpeed,FlareBlitz,RockSlide,TeraBlast|||M|||50|,,,,,Grass]Hydreigon||LifeOrb|Levitate|Protect,DracoMeteor,DarkPulse,HeatWave|||F|||50|,,,,,Fire]Farigiraf||ThroatSpray|ArmorTail|Protect,TrickRoom,HyperVoice,TwinBeam|||M|||50|,,,,,Grass]Pawmot||FocusSash|VoltAbsorb|FakeOut,DoubleShock,CloseCombat,RevivalBlessing|||M|||50|,,,,,Electric
|showteam|p2|Rillaboom||AssaultVest|GrassySurge|WoodHammer,Uturn,FakeOut,GrassyGlide|||M|||50|,,,,,Fire]Dragonite||LoadedDice|Multiscale|ScaleShot,Tailwind,Haze,Protect|||F|||50|,,,,,Dragon]Incineroar||SafetyGoggles|Intimidate|FlareBlitz,KnockOff,FakeOut,PartingShot|||M|||50|,,,,,Ghost]Sneasler||FocusSash|PoisonTouch|CloseCombat,DireClaw,Coaching,Protect|||M|||50|,,,,,Stellar]Kingambit||DreadPlate|Defiant|KowtowCleave,SwordsDance,SuckerPunch,Protect|||M|||50|,,,,,Dark]Volcarona||CovertCloak|FlameBody|QuiverDance,Flamethrower,TeraBlast,Protect|||F|||50|,,,,,Fairy
|inactive|Battle timer is ON: inactive players will automatically lose when time's up. (requested by dinglustan)
|inactive|i still have it has 60 seconds left.
|
|t:|1756656992
|teamsize|p1|4
|teamsize|p2|4
|start
|switch|p1a: Whimsicott|Whimsicott, L50, M|100/100
|switch|p1b: Farigiraf|Farigiraf, L50, M|100/100
|switch|p2a: Dragonite|Dragonite, L50, F|100/100
|switch|p2b: Sneasler|Sneasler, L50, M|100/100
|turn|1
|inactive|dinglustan has 30 seconds left.
|
|t:|1756657021
|switch|p1a: Basculegion|Basculegion, L50, M|100/100
|move|p2b: Sneasler|Dire Claw|p1a: Basculegion
|-resisted|p1a: Basculegion
|-damage|p1a: Basculegion|79/100
|-status|p1a: Basculegion|psn|[from] ability: Poison Touch|[of] p2b: Sneasler
|move|p2a: Dragonite|Scale Shot|p1a: Basculegion
|-damage|p1a: Basculegion|65/100 psn
|-damage|p1a: Basculegion|50/100 psn
|-damage|p1a: Basculegion|34/100 psn
|-damage|p1a: Basculegion|19/100 psn
|-damage|p1a: Basculegion|5/100 psn
|-hitcount|p1a: Basculegion|5
|-unboost|p2a: Dragonite|def|1
|-boost|p2a: Dragonite|spe|1
|move|p1b: Farigiraf|Trick Room|p1b: Farigiraf
|-fieldstart|move: Trick Room|[of] p1b: Farigiraf
|
|-damage|p1a: Basculegion|0 fnt|[from] psn
|faint|p1a: Basculegion
|upkeep
|
|t:|1756657036
|switch|p1a: Pawmot|Pawmot, L50, M|100/100
|turn|2
|inactive|i still have it has 30 seconds left.
|
|t:|1756657061
|move|p1a: Pawmot|Fake Out|p2a: Dragonite
|-damage|p2a: Dragonite|88/100
|move|p1b: Farigiraf|Hyper Voice|p2b: Sneasler|[spread] p2a,p2b
|-damage|p2a: Dragonite|51/100
|-damage|p2b: Sneasler|59/100
|-enditem|p1b: Farigiraf|Throat Spray
|-boost|p1b: Farigiraf|spa|1|[from] item: Throat Spray
|move|p2b: Sneasler|Coaching|p2a: Dragonite
|-boost|p2a: Dragonite|atk|1
|-boost|p2a: Dragonite|def|1
|cant|p2a: Dragonite|flinch
|
|upkeep
|turn|3
|inactive|i still have it has 30 seconds left.
|
|t:|1756657093
|switch|p2b: Incineroar|Incineroar, L50, M|100/100
|-ability|p2b: Incineroar|Intimidate|boost
|-unboost|p1a: Pawmot|atk|1
|-unboost|p1b: Farigiraf|atk|1
|move|p2a: Dragonite|Protect|p2a: Dragonite
|-singleturn|p2a: Dragonite|Protect
|move|p1b: Farigiraf|Hyper Voice|p2b: Incineroar|[spread] p2b
|-activate|p2a: Dragonite|move: Protect
|-damage|p2b: Incineroar|53/100
|move|p1a: Pawmot|Double Shock|p2a: Dragonite
|-activate|p2a: Dragonite|move: Protect
|
|upkeep
|turn|4
|inactive|dinglustan has 30 seconds left.
|
|t:|1756657130
|switch|p2a: Rillaboom|Rillaboom, L50, M|100/100
|-fieldstart|move: Grassy Terrain|[from] ability: Grassy Surge|[of] p2a: Rillaboom
|-terastallize|p1b: Farigiraf|Grass
|move|p1b: Farigiraf|Hyper Voice|p2a: Rillaboom|[spread] p2a,p2b
|-crit|p2a: Rillaboom
|-damage|p2a: Rillaboom|45/100
|-damage|p2b: Incineroar|8/100
|move|p2b: Incineroar|Flare Blitz|p1a: Pawmot
|-damage|p1a: Pawmot|10/100
|-damage|p2b: Incineroar|0 fnt|[from] Recoil
|faint|p2b: Incineroar
|move|p1a: Pawmot|Double Shock|p2a: Rillaboom
|-resisted|p2a: Rillaboom
|-damage|p2a: Rillaboom|25/100
|-start|p1a: Pawmot|typechange|???/Fighting|[from] move: Double Shock
|
|-heal|p2a: Rillaboom|30/100|[from] Grassy Terrain
|-heal|p1a: Pawmot|16/100|[from] Grassy Terrain
|upkeep
|inactive|i still have it has 30 seconds left.
|
|t:|1756657164
|switch|p2b: Sneasler|Sneasler, L50, M|59/100
|turn|5
|
|t:|1756657167
|switch|p1a: Whimsicott|Whimsicott, L50, M|100/100
|move|p1b: Farigiraf|Protect|p1b: Farigiraf
|-singleturn|p1b: Farigiraf|Protect
|move|p2b: Sneasler|Protect|p2b: Sneasler
|-singleturn|p2b: Sneasler|Protect
|move|p2a: Rillaboom|U-turn|p1a: Whimsicott
|-damage|p1a: Whimsicott|73/100
|
|t:|1756657170
|switch|p2a: Dragonite|Dragonite, L50, F|51/100|[from] U-turn
|
|-heal|p1a: Whimsicott|79/100|[from] Grassy Terrain
|-heal|p2b: Sneasler|65/100|[from] Grassy Terrain
|-fieldend|move: Trick Room
|upkeep
|turn|6
|
|t:|1756657187
|-terastallize|p2a: Dragonite|Dragon
|move|p1a: Whimsicott|Tailwind|p1a: Whimsicott
|-sidestart|p1: dinglustan|move: Tailwind
|move|p2b: Sneasler|Dire Claw|p1b: Farigiraf
|-supereffective|p1b: Farigiraf
|-damage|p1b: Farigiraf|5/100
|-status|p1b: Farigiraf|par
|move|p2a: Dragonite|Scale Shot|p1b: Farigiraf
|-damage|p1b: Farigiraf|0 fnt
|faint|p1b: Farigiraf
|-hitcount|p1: Farigiraf|1
|-unboost|p2a: Dragonite|def|1
|-boost|p2a: Dragonite|spe|1
|
|-heal|p1a: Whimsicott|85/100|[from] Grassy Terrain
|-heal|p2a: Dragonite|57/100|[from] Grassy Terrain
|-heal|p2b: Sneasler|71/100|[from] Grassy Terrain
|upkeep
|
|t:|1756657197
|switch|p1b: Pawmot|Pawmot, L50, M|16/100
|turn|7
|
|t:|1756657220
|switch|p2a: Rillaboom|Rillaboom, L50, M|30/100
|move|p2b: Sneasler|Protect|p2b: Sneasler
|-singleturn|p2b: Sneasler|Protect
|move|p1b: Pawmot|Revival Blessing|p1b: Pawmot
|
|t:|1756657227
|-heal|p1: Farigiraf|50/100|[from] move: Revival Blessing
|move|p1a: Whimsicott|Moonblast|p2a: Rillaboom
|-damage|p2a: Rillaboom|11/100
|-unboost|p2a: Rillaboom|spa|1
|
|-heal|p1b: Pawmot|22/100|[from] Grassy Terrain
|-heal|p1a: Whimsicott|91/100|[from] Grassy Terrain
|-heal|p2b: Sneasler|77/100|[from] Grassy Terrain
|-heal|p2a: Rillaboom|17/100|[from] Grassy Terrain
|upkeep
|turn|8
|
|t:|1756657238
|switch|p1a: Farigiraf|Farigiraf, L50, M|50/100
|move|p2a: Rillaboom|Grassy Glide||[still]
|cant|p1a: Farigiraf|ability: Armor Tail|Grassy Glide|[of] p2a: Rillaboom
|move|p1b: Pawmot|Double Shock|p2b: Sneasler
|-damage|p2b: Sneasler|0 fnt
|-start|p1b: Pawmot|typechange|???/Fighting|[from] move: Double Shock
|faint|p2b: Sneasler
|
|-heal|p1b: Pawmot|29/100|[from] Grassy Terrain
|-heal|p1a: Farigiraf|56/100|[from] Grassy Terrain
|-heal|p2a: Rillaboom|23/100|[from] Grassy Terrain
|-fieldend|move: Grassy Terrain
|upkeep
|-message|i still have it forfeited.
|
|win|dinglustan
||i still have it is ready for game 3.
||dinglustan is ready for game 3.
|uhtml|next|Next: Game 3 of 3
|l|☆dinglustan
|player|p1|
