|j|☆ScrewSalesman
|j|☆influxxyyy
|html|ScrewSalesmaninfluxxyyy    
|uhtml|bestof|Game 2 of a best-of-3
|t:|1756435696
|gametype|doubles
|player|p1|ScrewSalesman|cynthia-gen4|1100
|player|p2|influxxyyy|miku-ghost|1000
|gen|9
|tier|[Gen 9] VGC 2025 Reg H (Bo3)
|rated|
|rule|Species Clause: Limit one of each Pokémon
|rule|Item Clause: Limit 1 of each item
|clearpoke
|poke|p1|Porygon2, L50|
|poke|p1|Incineroar, L50, M|
|poke|p1|Ursaluna, L50, F|
|poke|p1|Jumpluff, L50, F|
|poke|p1|Charizard, L50, M|
|poke|p1|Torkoal, L50, M|
|poke|p2|Ursaluna, L50, F|
|poke|p2|Volcarona, L50, F|
|poke|p2|Talonflame, L50, M|
|poke|p2|Dragapult, L50, M|
|poke|p2|Rillaboom, L50, M|
|poke|p2|Incineroar, L50, M|
|teampreview|4
|showteam|p1|Porygon2||Eviolite|Download|TeraBlast,IceBeam,TrickRoom,Recover||||||50|,,,,,Fighting]Incineroar||SitrusBerry|Intimidate|FakeOut,KnockOff,FlareBlitz,PartingShot|||M|||50|,,,,,Ghost]Ursaluna||FlameOrb|Guts|HeadlongRush,Facade,Earthquake,Protect|||F|||50|,,,,,Ghost]Jumpluff||CovertCloak|Chlorophyll|RagePowder,PollenPuff,Tailwind,SleepPowder|||F|||50|,,,,,Water]Charizard||ChoiceSpecs|SolarPower|HeatWave,Overheat,WeatherBall,DragonPulse|||M|||50|,,,,,Ghost]Torkoal||EjectPack|Drought|Overheat,Eruption,HelpingHand,Protect|||M|||50|,,,,,Fire
|showteam|p2|Ursaluna||FlameOrb|Guts|Protect,Facade,HeadlongRush,Trailblaze|||F|||50|,,,,,Ghost]Volcarona||SitrusBerry|FlameBody|Protect,RagePowder,QuiverDance,HeatWave|||F|||50|,,,,,Water]Talonflame||CovertCloak|GaleWings|Tailwind,DualWingbeat,WillOWisp,FlareBlitz|||M|||50|,,,,,Fire]Dragapult||ChoiceBand|ClearBody|Uturn,DragonDarts,PhantomForce,SuckerPunch|||M|||50|,,,,,Dark]Rillaboom||AssaultVest|GrassySurge|FakeOut,WoodHammer,HighHorsepower,Uturn|||M|||50|,,,,,Fire]Incineroar||SafetyGoggles|Intimidate|FakeOut,KnockOff,Taunt,PartingShot|||M|||50|,,,,,Bug
|inactive|Battle timer is ON: inactive players will automatically lose when time's up. (requested by ScrewSalesman)
|inactive|influxxyyy also wants the timer to be on.
|inactive|ScrewSalesman has 60 seconds left.
|inactive|influxxyyy has 60 seconds left.
|
|t:|1756435731
|teamsize|p1|4
|teamsize|p2|4
|start
|switch|p1a: Porygon2|Porygon2, L50, shiny|100/100
|switch|p1b: Incineroar|Incineroar, L50, M|100/100
|switch|p2a: Rillaboom|Rillaboom, L50, M|100/100
|switch|p2b: Ursaluna|Ursaluna, L50, F|100/100
|-fieldstart|move: Grassy Terrain|[from] ability: Grassy Surge|[of] p2a: Rillaboom
|-ability|p1b: Incineroar|Intimidate|boost
|-unboost|p2a: Rillaboom|atk|1
|-unboost|p2b: Ursaluna|atk|1
|-ability|p1a: Porygon2|Download|boost
|-boost|p1a: Porygon2|spa|1
|turn|1
|
|t:|1756435744
|move|p2a: Rillaboom|Fake Out|p1a: Porygon2
|-damage|p1a: Porygon2|95/100
|move|p2b: Ursaluna|Facade|p1a: Porygon2
|-damage|p1a: Porygon2|76/100
|move|p1b: Incineroar|Flare Blitz|p2a: Rillaboom
|-supereffective|p2a: Rillaboom
|-damage|p2a: Rillaboom|0 fnt
|faint|p2a: Rillaboom
|-damage|p1b: Incineroar|67/100|[from] Recoil
|cant|p1a: Porygon2|flinch
|
|-heal|p1b: Incineroar|73/100|[from] Grassy Terrain
|-heal|p1a: Porygon2|82/100|[from] Grassy Terrain
|-status|p2b: Ursaluna|brn|[from] item: Flame Orb
|upkeep
|
|t:|1756435752
|switch|p2a: Incinerawr|Incineroar, L50, M|100/100
|-ability|p2a: Incinerawr|Intimidate|boost
|-unboost|p1a: Porygon2|atk|1
|-unboost|p1b: Incineroar|atk|1
|turn|2
|
|t:|1756435772
|switch|p1a: Torkoal|Torkoal, L50, M|100/100
|-weather|SunnyDay|[from] ability: Drought|[of] p1a: Torkoal
|move|p2b: Ursaluna|Headlong Rush|p1b: Incineroar
|-supereffective|p1b: Incineroar
|-damage|p1b: Incineroar|0 fnt
|-unboost|p2b: Ursaluna|def|1
|-unboost|p2b: Ursaluna|spd|1
|faint|p1b: Incineroar
|move|p2a: Incinerawr|Taunt|p1a: Torkoal
|-start|p1a: Torkoal|move: Taunt
|
|-weather|SunnyDay|[upkeep]
|-damage|p2b: Ursaluna|95/100 brn|[from] brn
|upkeep
|
|t:|1756435780
|switch|p1b: Porygon2|Porygon2, L50, shiny|82/100
|-ability|p1b: Porygon2|Download|boost
|-boost|p1b: Porygon2|spa|1
|turn|3
|
|t:|1756435791
|-terastallize|p1b: Porygon2|Fighting
|move|p2b: Ursaluna|Headlong Rush|p1a: Torkoal
|-supereffective|p1a: Torkoal
|-damage|p1a: Torkoal|0 fnt
|-unboost|p2b: Ursaluna|def|1
|-unboost|p2b: Ursaluna|spd|1
|faint|p1a: Torkoal
|move|p1b: Porygon2|Tera Blast|p2a: Incinerawr|[anim] Tera Blast Fighting
|-supereffective|p2a: Incinerawr
|-damage|p2a: Incinerawr|8/100
|move|p2a: Incinerawr|Taunt|p1b: Porygon2
|-start|p1b: Porygon2|move: Taunt
|
|-weather|SunnyDay|[upkeep]
|-heal|p2b: Ursaluna|100/100 brn|[from] Grassy Terrain
|-heal|p1b: Porygon2|89/100|[from] Grassy Terrain
|-heal|p2a: Incinerawr|14/100|[from] Grassy Terrain
|-damage|p2b: Ursaluna|95/100 brn|[from] brn
|upkeep
|
|t:|1756435800
|switch|p1a: Ursaluna|Ursaluna, L50, F|100/100
|turn|4
|
|t:|1756435820
|move|p2b: Ursaluna|Facade|p1a: Ursaluna
|-damage|p1a: Ursaluna|34/100
|move|p1a: Ursaluna|Earthquake|p2a: Incinerawr|[spread] p1b,p2a,p2b
|-supereffective|p2a: Incinerawr
|-damage|p1b: Porygon2|74/100
|-damage|p2a: Incinerawr|0 fnt
|-damage|p2b: Ursaluna|63/100 brn
|faint|p2a: Incinerawr
|move|p1b: Porygon2|Tera Blast|p2b: Ursaluna|[anim] Tera Blast Fighting
|-supereffective|p2b: Ursaluna
|-damage|p2b: Ursaluna|0 fnt
|faint|p2b: Ursaluna
|
|-weather|SunnyDay|[upkeep]
|-heal|p1a: Ursaluna|40/100|[from] Grassy Terrain
|-heal|p1b: Porygon2|80/100|[from] Grassy Terrain
|-status|p1a: Ursaluna|brn|[from] item: Flame Orb
|upkeep
|
|t:|1756435828
|switch|p2b: Volcarona|Volcarona, L50, F|100/100
|turn|5
|
|t:|1756435844
|move|p1a: Ursaluna|Protect|p1a: Ursaluna
|-singleturn|p1a: Ursaluna|Protect
|move|p2b: Volcarona|Heat Wave|p1b: Porygon2|[spread] p1b
|-activate|p1a: Ursaluna|move: Protect
|-damage|p1b: Porygon2|49/100
|move|p1b: Porygon2|Tera Blast|p2b: Volcarona|[anim] Tera Blast Fighting
|-resisted|p2b: Volcarona
|-damage|p2b: Volcarona|78/100
|
|-weather|SunnyDay|[upkeep]
|-heal|p2b: Volcarona|84/100|[from] Grassy Terrain
|-heal|p1a: Ursaluna|46/100 brn|[from] Grassy Terrain
|-heal|p1b: Porygon2|55/100|[from] Grassy Terrain
|-damage|p1a: Ursaluna|40/100 brn|[from] brn
|-fieldend|move: Grassy Terrain
|upkeep
|turn|6
|
|t:|1756435860
|move|p2b: Volcarona|Heat Wave|p1b: Porygon2|[spread] p1a,p1b
|-damage|p1a: Ursaluna|0 fnt
|-damage|p1b: Porygon2|25/100
|faint|p1a: Ursaluna
|move|p1b: Porygon2|Tera Blast|p2b: Volcarona|[anim] Tera Blast Fighting
|-resisted|p2b: Volcarona
|-damage|p2b: Volcarona|60/100
|
|-weather|none
|-end|p1b: Porygon2|move: Taunt
|upkeep
|turn|7
|
|t:|1756435867
|move|p2b: Volcarona|Heat Wave|p1b: Porygon2
|-damage|p1b: Porygon2|0 fnt
|faint|p1b: Porygon2
|
|win|influxxyyy
||ScrewSalesman is ready for game 3.
||influxxyyy is ready for game 3.
|uhtml|next|Next: Game 3 of 3
|l|☆influxxyyy
|player|p2|
