|j|☆Upupa Epops
|j|☆CrystalGem02
|html|Upupa EpopsCrystalGem02    
|uhtml|bestof|Game 2 of a best-of-3
|t:|1756224538
|gametype|doubles
|player|p1|Upupa Epops|guzma|1033
|player|p2|CrystalGem02|valerie|1143
|gen|9
|tier|[Gen 9] VGC 2025 Reg H (Bo3)
|rated|
|rule|Species Clause: Limit one of each Pokémon
|rule|Item Clause: Limit 1 of each item
|clearpoke
|poke|p1|Garchomp, L50, F|
|poke|p1|Gholdengo, L50|
|poke|p1|Sneasler, L50, F|
|poke|p1|Dragonite, L50, F|
|poke|p1|Incineroar, L50, F|
|poke|p1|Whimsicott, L50, M|
|poke|p2|Rillaboom, L50, F|
|poke|p2|Electabuzz, L50, F|
|poke|p2|Archaludon, L50, F|
|poke|p2|Kingambit, L50, F|
|poke|p2|Pelipper, L50, F|
|poke|p2|Basculegion, L50, M|
|teampreview|4
|showteam|p1|Garchomp||LifeOrb|RoughSkin|Protect,Earthquake,StompingTantrum,DragonClaw|||F|||50|,,,,,Ground]Gholdengo||ChoiceSpecs|GoodasGold|Thunderbolt,MakeItRain,ShadowBall,Trick||||||50|,,,,,Steel]Sneasler||WhiteHerb|Unburden|FakeOut,Protect,CloseCombat,DireClaw|||F|||50|,,,,,Stellar]Dragonite||ChoiceBand|InnerFocus|Outrage,ExtremeSpeed,IceSpinner,StompingTantrum|||F|||50|,,,,,Normal]Incineroar||AssaultVest|Intimidate|FakeOut,KnockOff,FlareBlitz,Uturn|||F|||50|,,,,,Grass]Whimsicott||FocusSash|Prankster|Protect,Tailwind,Moonblast,Encore|||M|||50|,,,,,Ghost
|showteam|p2|Rillaboom||LoadedDice|GrassySurge|BulletSeed,GrassyGlide,HighHorsepower,FakeOut|||F|||50|,,,,,Fire]Electabuzz||Eviolite|VitalSpirit|Electroweb,Taunt,FollowMe,Protect|||F|||50|,,,,,Ghost]Archaludon||AssaultVest|Stamina|ElectroShot,DracoMeteor,FlashCannon,BodyPress|||F|||50|,,,,,Fairy]Kingambit||BlackGlasses|Defiant|KowtowCleave,SuckerPunch,SwordsDance,Protect|||F|||50|,,,,,Dark]Pelipper||FocusSash|Drizzle|WeatherBall,Hurricane,Tailwind,Protect|||F|||50|,,,,,Ghost]Basculegion||ChoiceBand|SwiftSwim|WaveCrash,FlipTurn,AquaJet,LastRespects|||M|||50|,,,,,Grass
|inactive|Battle timer is ON: inactive players will automatically lose when time's up. (requested by CrystalGem02)
|
|t:|1756224560
|teamsize|p1|4
|teamsize|p2|4
|start
|switch|p1a: Whimsicott|Whimsicott, L50, M|100/100
|switch|p1b: Garchomp|Garchomp, L50, F|100/100
|switch|p2a: Kingambit|Kingambit, L50, F|100/100
|switch|p2b: Electabuzz|Electabuzz, L50, F|100/100
|turn|1
|inactive|Upupa Epops has 30 seconds left.
|
|t:|1756224588
|switch|p2a: Pelipper|Pelipper, L50, F|100/100
|-weather|RainDance|[from] ability: Drizzle|[of] p2a: Pelipper
|move|p1a: Whimsicott|Protect|p1a: Whimsicott
|-singleturn|p1a: Whimsicott|Protect
|move|p1b: Garchomp|Earthquake|p2a: Pelipper|[spread] p2b
|-activate|p1a: Whimsicott|move: Protect
|-immune|p2a: Pelipper
|-supereffective|p2b: Electabuzz
|-damage|p2b: Electabuzz|22/100
|-damage|p1b: Garchomp|91/100|[from] item: Life Orb
|move|p2b: Electabuzz|Electroweb|p1b: Garchomp|[spread] 
|-activate|p1a: Whimsicott|move: Protect
|-immune|p1b: Garchomp
|
|-weather|RainDance|[upkeep]
|upkeep
|turn|2
|
|t:|1756224611
|move|p2b: Electabuzz|Protect|p2b: Electabuzz
|-singleturn|p2b: Electabuzz|Protect
|move|p1a: Whimsicott|Tailwind|p1a: Whimsicott
|-sidestart|p1: Upupa Epops|move: Tailwind
|move|p1b: Garchomp|Stomping Tantrum|p2b: Electabuzz
|-activate|p2b: Electabuzz|move: Protect
|move|p2a: Pelipper|Tailwind|p2a: Pelipper
|-sidestart|p2: CrystalGem02|move: Tailwind
|
|-weather|RainDance|[upkeep]
|upkeep
|turn|3
|
|t:|1756224628
|move|p2b: Electabuzz|Follow Me|p2b: Electabuzz
|-singleturn|p2b: Electabuzz|move: Follow Me
|move|p1a: Whimsicott|Encore|p2b: Electabuzz
|-start|p2b: Electabuzz|Encore
|move|p1b: Garchomp|Dragon Claw|p2b: Electabuzz
|-damage|p2b: Electabuzz|0 fnt
|faint|p2b: Electabuzz
|-damage|p1b: Garchomp|81/100|[from] item: Life Orb
|move|p2a: Pelipper|Weather Ball|p1b: Garchomp
|-damage|p1b: Garchomp|4/100
|
|-weather|RainDance|[upkeep]
|upkeep
|
|t:|1756224643
|switch|p2b: Kingambit|Kingambit, L50, F|100/100
|turn|4
|
|t:|1756224657
|move|p1b: Garchomp|Protect|p1b: Garchomp
|-singleturn|p1b: Garchomp|Protect
|move|p2b: Kingambit|Sucker Punch||[still]
|-fail|p2b: Kingambit
|move|p1a: Whimsicott|Moonblast|p2b: Kingambit
|-damage|p2b: Kingambit|64/100
|-unboost|p2b: Kingambit|spa|1
|-ability|p2b: Kingambit|Defiant|boost
|-boost|p2b: Kingambit|atk|2
|move|p2a: Pelipper|Hurricane|p1a: Whimsicott
|-supereffective|p1a: Whimsicott
|-enditem|p1a: Whimsicott|Focus Sash
|-damage|p1a: Whimsicott|1/100
|-start|p1a: Whimsicott|confusion
|
|-weather|RainDance|[upkeep]
|upkeep
|turn|5
|inactive|CrystalGem02 has 30 seconds left.
|
|t:|1756224688
|switch|p1b: Sneasler|Sneasler, L50, F|100/100
|-activate|p1a: Whimsicott|confusion
|-damage|p1a: Whimsicott|0 fnt|[from] confusion
|faint|p1a: Whimsicott
|move|p2b: Kingambit|Sucker Punch||[still]
|-fail|p2b: Kingambit
|move|p2a: Pelipper|Weather Ball|p1b: Sneasler
|-damage|p1b: Sneasler|11/100
|
|-weather|none
|-sideend|p2: CrystalGem02|move: Tailwind
|-sideend|p1: Upupa Epops|move: Tailwind
|upkeep
|
|t:|1756224710
|switch|p1a: Gholdengo|Gholdengo, L50|100/100
|turn|6
|
|t:|1756224717
|move|p2a: Pelipper|Protect|p2a: Pelipper
|-singleturn|p2a: Pelipper|Protect
|move|p2b: Kingambit|Protect|p2b: Kingambit
|-singleturn|p2b: Kingambit|Protect
|move|p1b: Sneasler|Fake Out|p2b: Kingambit
|-activate|p2b: Kingambit|move: Protect
|move|p1a: Gholdengo|Make It Rain|p2a: Pelipper|[spread] 
|-activate|p2a: Pelipper|move: Protect
|-activate|p2b: Kingambit|move: Protect
|
|upkeep
|turn|7
|
|t:|1756224739
|-terastallize|p1a: Gholdengo|Steel
|move|p2b: Kingambit|Sucker Punch|p1b: Sneasler
|-resisted|p1b: Sneasler
|-damage|p1b: Sneasler|0 fnt
|faint|p1b: Sneasler
|move|p1a: Gholdengo|Make It Rain|p2a: Pelipper|[spread] p2a,p2b
|-resisted|p2a: Pelipper
|-resisted|p2b: Kingambit
|-damage|p2a: Pelipper|23/100
|-damage|p2b: Kingambit|17/100
|-unboost|p1a: Gholdengo|spa|1
|move|p2a: Pelipper|Tailwind|p2a: Pelipper
|-sidestart|p2: CrystalGem02|move: Tailwind
|
|upkeep
|
|t:|1756224749
|switch|p1b: Garchomp|Garchomp, L50, F|4/100
|turn|8
|
|t:|1756224756
|-terastallize|p2b: Kingambit|Dark
|move|p1b: Garchomp|Protect|p1b: Garchomp
|-singleturn|p1b: Garchomp|Protect
|move|p2b: Kingambit|Sucker Punch|p1a: Gholdengo
|-damage|p1a: Gholdengo|0 fnt
|faint|p1a: Gholdengo
|move|p2a: Pelipper|Weather Ball|p1b: Garchomp
|-activate|p1b: Garchomp|move: Protect
|
|upkeep
|turn|9
|
|t:|1756224766
|move|p2b: Kingambit|Sucker Punch|p1b: Garchomp
|-damage|p1b: Garchomp|0 fnt
|-damage|p2b: Kingambit|5/100|[from] ability: Rough Skin|[of] p1b: Garchomp
|faint|p1b: Garchomp
|
|win|CrystalGem02
