|j|☆aaugust
|j|☆eltsurito
|html|aaugusteltsurito    
|uhtml|bestof|Game 2 of a best-of-3
|t:|1757039351
|gametype|doubles
|player|p1|aaugust|265|1171
|player|p2|eltsurito|101|1000
|gen|9
|tier|[Gen 9] VGC 2025 Reg H (Bo3)
|rated|
|rule|Species Clause: Limit one of each Pokémon
|rule|Item Clause: Limit 1 of each item
|clearpoke
|poke|p1|Amoonguss, L50, M|
|poke|p1|Torkoal, L50, M|
|poke|p1|Farigiraf, L50, F|
|poke|p1|Dragonite, L50, F|
|poke|p1|Garganacl, L50, M|
|poke|p1|Ursaluna-Bloodmoon, L50, M|
|poke|p2|Sneasler, L50, F|
|poke|p2|Indeedee, L50, M|
|poke|p2|Volcarona, L50, F|
|poke|p2|Ursaluna-Bloodmoon, L50, M|
|poke|p2|Annihilape, L50, M|
|poke|p2|Tyranitar, L50, M|
|teampreview|4
|showteam|p1|Amoonguss||SitrusBerry|Regenerator|RagePowder,Spore,PollenPuff,Protect|||M|||50|,,,,,Water]Torkoal||ChoiceSpecs|Drought|Overheat,Eruption,HeatWave,WeatherBall|||M|||50|,,,,,Fire]Farigiraf||MentalHerb|ArmorTail|TrickRoom,HelpingHand,FoulPlay,Protect|||F|||50|,,,,,Grass]Dragonite||LoadedDice|Multiscale|ScaleShot,ExtremeSpeed,Haze,Protect|||F|||50|,,,,,Fairy]Garganacl||Leftovers|PurifyingSalt|SaltCure,Curse,WideGuard,Protect|||M|||50|,,,,,Flying]Ursaluna-Bloodmoon||LifeOrb|MindsEye|HyperVoice,BloodMoon,EarthPower,Protect|||M|||50|,,,,,Ghost
|showteam|p2|Sneasler||PsychicSeed|Unburden|CloseCombat,DireClaw,ThroatChop,Protect|||F|||50|,,,,,Dark]Indeedee||ChoiceScarf|PsychicSurge|ExpandingForce,TeraBlast,Trick,Protect|||M|||50|,,,,,Psychic]Volcarona||SitrusBerry|FlameBody|Overheat,StruggleBug,RagePowder,Tailwind|||F|||50|,,,,,Grass]Ursaluna-Bloodmoon||LifeOrb|MindsEye|BloodMoon,HyperVoice,EarthPower,Protect|||M|||50|,,,,,Normal]Annihilape||SafetyGoggles|Defiant|CloseCombat,RageFist,Taunt,FinalGambit|||M|||50|,,,,,Fairy]Tyranitar||AssaultVest|SandStream|RockSlide,KnockOff,TeraBlast,LowKick|||M|||50|,,,,,Flying
|inactive|Battle timer is ON: inactive players will automatically lose when time's up. (requested by eltsurito)
|inactive|eltsurito has 60 seconds left.
|inactive|eltsurito has 30 seconds left.
|inactive|eltsurito has 20 seconds left.
|inactive|eltsurito has 15 seconds left.
|inactive|eltsurito has 10 seconds left.
|inactive|eltsurito has 5 seconds left.
|
|t:|1757039440
|teamsize|p1|4
|teamsize|p2|4
|start
|switch|p1a: Farigiraf|Farigiraf, L50, F|100/100
|switch|p1b: Garganacl|Garganacl, L50, M|100/100
|switch|p2a: Sneasler|Sneasler, L50, F|100/100
|switch|p2b: Indeedee|Indeedee, L50, M|100/100
|-fieldstart|move: Psychic Terrain|[from] ability: Psychic Surge|[of] p2b: Indeedee
|-enditem|p2a: Sneasler|Psychic Seed
|-boost|p2a: Sneasler|spd|1|[from] item: Psychic Seed
|turn|1
|inactive|eltsurito has 30 seconds left.
|inactive|eltsurito has 20 seconds left.
|
|t:|1757039479
|-terastallize|p2a: Sneasler|Dark
|move|p1a: Farigiraf|Protect|p1a: Farigiraf
|-singleturn|p1a: Farigiraf|Protect
|move|p1b: Garganacl|Protect|p1b: Garganacl
|-singleturn|p1b: Garganacl|Protect
|move|p2a: Sneasler|Throat Chop|p1a: Farigiraf
|-activate|p1a: Farigiraf|move: Protect
|move|p2b: Indeedee|Expanding Force|p1b: Garganacl|[spread] 
|-activate|p1a: Farigiraf|move: Protect
|-activate|p1b: Garganacl|move: Protect
|
|upkeep
|turn|2
|inactive|aaugust has 30 seconds left.
|inactive|eltsurito has 30 seconds left.
|inactive|aaugust has 20 seconds left.
|inactive|eltsurito has 20 seconds left.
|inactive|aaugust has 15 seconds left.
|inactive|eltsurito has 15 seconds left.
|inactive|eltsurito has 10 seconds left.
|inactive|eltsurito has 5 seconds left.
|
|t:|1757039533
|switch|p2b: Tyranitar|Tyranitar, L50, M|100/100
|-weather|Sandstorm|[from] ability: Sand Stream|[of] p2b: Tyranitar
|-terastallize|p1a: Farigiraf|Grass
|move|p1b: Garganacl|Wide Guard|p1b: Garganacl
|-singleturn|p1b: Garganacl|Wide Guard
|move|p2a: Sneasler|Throat Chop|p1a: Farigiraf
|-damage|p1a: Farigiraf|61/100
|-start|p1a: Farigiraf|Throat Chop|[silent]
|move|p1a: Farigiraf|Trick Room|p1a: Farigiraf
|-fieldstart|move: Trick Room|[of] p1a: Farigiraf
|
|-weather|Sandstorm|[upkeep]
|-damage|p1a: Farigiraf|55/100|[from] Sandstorm
|-damage|p2a: Sneasler|95/100|[from] Sandstorm
|upkeep
|turn|3
|inactive|aaugust has 30 seconds left.
|inactive|eltsurito has 30 seconds left.
|inactive|aaugust has 20 seconds left.
|inactive|eltsurito has 20 seconds left.
|inactive|eltsurito has 15 seconds left.
|inactive|eltsurito has 10 seconds left.
|inactive|eltsurito has 5 seconds left.
|
|t:|1757039588
|switch|p1b: Torkoal|Torkoal, L50, M|100/100
|-weather|SunnyDay|[from] ability: Drought|[of] p1b: Torkoal
|switch|p1a: Ursaluna|Ursaluna-Bloodmoon, L50, M|100/100
|move|p2b: Tyranitar|Rock Slide|p1b: Torkoal|[spread] p1b
|-miss|p2b: Tyranitar|p1a: Ursaluna
|-supereffective|p1b: Torkoal
|-damage|p1b: Torkoal|50/100
|move|p2a: Sneasler|Close Combat|p1b: Torkoal
|-damage|p1b: Torkoal|0 fnt
|-unboost|p2a: Sneasler|def|1
|-unboost|p2a: Sneasler|spd|1
|faint|p1b: Torkoal
|
|-weather|SunnyDay|[upkeep]
|upkeep
|
|t:|1757039596
|switch|p1b: Garganacl|Garganacl, L50, M|100/100
|turn|4
|inactive|aaugust has 30 seconds left.
|inactive|eltsurito has 30 seconds left.
|inactive|aaugust has 20 seconds left.
|inactive|eltsurito has 20 seconds left.
|inactive|aaugust has 15 seconds left.
|
|t:|1757039639
|switch|p2b: Ursaluna|Ursaluna-Bloodmoon, L50, M|100/100
|move|p1a: Ursaluna|Protect|p1a: Ursaluna
|-singleturn|p1a: Ursaluna|Protect
|move|p2a: Sneasler|Protect|p2a: Sneasler
|-singleturn|p2a: Sneasler|Protect
|move|p1b: Garganacl|Curse|p1b: Garganacl
|-unboost|p1b: Garganacl|spe|1
|-boost|p1b: Garganacl|atk|1
|-boost|p1b: Garganacl|def|1
|
|-weather|SunnyDay|[upkeep]
|upkeep
|turn|5
|inactive|aaugust has 30 seconds left.
|inactive|eltsurito has 30 seconds left.
|inactive|eltsurito has 20 seconds left.
|inactive|eltsurito has 15 seconds left.
|inactive|eltsurito has 10 seconds left.
|inactive|eltsurito has 5 seconds left.
|
|t:|1757039692
|move|p1b: Garganacl|Salt Cure|p2b: Ursaluna
|-resisted|p2b: Ursaluna
|-damage|p2b: Ursaluna|93/100
|-start|p2b: Ursaluna|Salt Cure
|move|p1a: Ursaluna|Hyper Voice|p2b: Ursaluna|[spread] p2a,p2b
|-damage|p2a: Sneasler|26/100
|-damage|p2b: Ursaluna|24/100
|-damage|p1a: Ursaluna|90/100|[from] item: Life Orb
|move|p2b: Ursaluna|Hyper Voice|p1b: Garganacl|[spread] p1a,p1b
|-resisted|p1b: Garganacl
|-damage|p1a: Ursaluna|35/100
|-damage|p1b: Garganacl|81/100
|-damage|p2b: Ursaluna|14/100|[from] item: Life Orb
|move|p2a: Sneasler|Close Combat|p1a: Ursaluna
|-supereffective|p1a: Ursaluna
|-damage|p1a: Ursaluna|0 fnt
|-unboost|p2a: Sneasler|def|1
|-unboost|p2a: Sneasler|spd|1
|faint|p1a: Ursaluna
|
|-weather|SunnyDay|[upkeep]
|-heal|p1b: Garganacl|87/100|[from] item: Leftovers
|-damage|p2b: Ursaluna|2/100|[from] Salt Cure
|-fieldend|move: Psychic Terrain
|upkeep
|
|t:|1757039698
|switch|p1a: Farigiraf|Farigiraf, L50, F, tera:Grass|55/100
|turn|6
|inactive|eltsurito has 30 seconds left.
|
|t:|1757039732
|move|p1a: Farigiraf|Protect|p1a: Farigiraf
|-singleturn|p1a: Farigiraf|Protect
|move|p2b: Ursaluna|Protect|p2b: Ursaluna
|-singleturn|p2b: Ursaluna|Protect
|move|p2a: Sneasler|Protect|p2a: Sneasler
|-singleturn|p2a: Sneasler|Protect
|move|p1b: Garganacl|Curse|p1b: Garganacl
|-unboost|p1b: Garganacl|spe|1
|-boost|p1b: Garganacl|atk|1
|-boost|p1b: Garganacl|def|1
|
|-weather|SunnyDay|[upkeep]
|-heal|p1b: Garganacl|93/100|[from] item: Leftovers
|-damage|p2b: Ursaluna|0 fnt|[from] Salt Cure
|faint|p2b: Ursaluna
|-fieldend|move: Trick Room
|upkeep
|
|t:|1757039751
|switch|p2b: Tyranitar|Tyranitar, L50, M|100/100
|-weather|Sandstorm|[from] ability: Sand Stream|[of] p2b: Tyranitar
|turn|7
|inactive|aaugust has 30 seconds left.
|inactive|eltsurito has 30 seconds left.
|
|t:|1757039785
|move|p2a: Sneasler|Dire Claw|p1a: Farigiraf
|-supereffective|p1a: Farigiraf
|-damage|p1a: Farigiraf|0 fnt
|faint|p1a: Farigiraf
|move|p2b: Tyranitar|Knock Off|p1b: Garganacl
|-damage|p1b: Garganacl|73/100
|-enditem|p1b: Garganacl|Leftovers|[from] move: Knock Off|[of] p2b: Tyranitar
|move|p1b: Garganacl|Salt Cure|p2a: Sneasler
|-damage|p2a: Sneasler|0 fnt
|faint|p2a: Sneasler
|
|-weather|Sandstorm|[upkeep]
|upkeep
|
|t:|1757039798
|switch|p2a: Indeedee|Indeedee, L50, M|100/100
|-fieldstart|move: Psychic Terrain|[from] ability: Psychic Surge|[of] p2a: Indeedee
|turn|8
|
|t:|1757039814
|move|p1b: Garganacl|Protect|p1b: Garganacl
|-singleturn|p1b: Garganacl|Protect
|move|p2a: Indeedee|Expanding Force|p1b: Garganacl
|-activate|p1b: Garganacl|move: Protect
|move|p2b: Tyranitar|Low Kick|p1b: Garganacl
|-activate|p1b: Garganacl|move: Protect
|
|-weather|Sandstorm|[upkeep]
|-damage|p2a: Indeedee|95/100|[from] Sandstorm
|upkeep
|turn|9
|
|t:|1757039828
|move|p2a: Indeedee|Expanding Force|p1b: Garganacl
|-damage|p1b: Garganacl|33/100
|move|p2b: Tyranitar|Low Kick|p1b: Garganacl
|-supereffective|p1b: Garganacl
|-damage|p1b: Garganacl|3/100
|move|p1b: Garganacl|Salt Cure|p2a: Indeedee
|-damage|p2a: Indeedee|33/100
|-start|p2a: Indeedee|Salt Cure
|
|-weather|Sandstorm|[upkeep]
|-damage|p2a: Indeedee|27/100|[from] Sandstorm
|-damage|p2a: Indeedee|14/100|[from] Salt Cure
|upkeep
|turn|10
|
|t:|1757039843
|move|p2a: Indeedee|Expanding Force|p1b: Garganacl
|-damage|p1b: Garganacl|0 fnt
|faint|p1b: Garganacl
|
|win|eltsurito
||aaugust is ready for game 3.
||eltsurito is ready for game 3.
|uhtml|next|Next: Game 3 of 3
|l|☆aaugust
|player|p1|
