|j|☆iceman was taken
|j|☆Tlayer4002
|html|iceman was takenTlayer4002    
|uhtml|bestof|Game 1 of a best-of-3
|t:|1756835123
|gametype|doubles
|player|p1|iceman was taken|169|
|player|p2|Tlayer4002|170|
|gen|9
|tier|[Gen 9] VGC 2025 Reg H (Bo3)
|rule|Species Clause: Limit one of each Pokémon
|rule|Item Clause: Limit 1 of each item
|clearpoke
|poke|p1|Charizard, L50, F|
|poke|p1|Torkoal, L50, M|
|poke|p1|Porygon2, L50|
|poke|p1|Incineroar, L50, M|
|poke|p1|Jumpluff, L50, F|
|poke|p1|Ursaluna, L50, M|
|poke|p2|Annihilape, L50, F|
|poke|p2|Corviknight, L50, F|
|poke|p2|Indeedee, L50, M|
|poke|p2|Sneasler, L50, M|
|poke|p2|Tyranitar, L50, M|
|poke|p2|Excadrill, L50, F|
|teampreview|4
|showteam|p1|Charizard||ChoiceSpecs|SolarPower|HeatWave,Overheat,WeatherBall,AirSlash|||F|||50|,,,,,Ghost]Torkoal||EjectPack|Drought|Eruption,Overheat,HelpingHand,Protect|||M|||50|,,,,,Fire]Porygon2||Eviolite|Download|TeraBlast,IceBeam,Recover,TrickRoom||||||50|,,,,,Fighting]Incineroar||SitrusBerry|Intimidate|FlareBlitz,KnockOff,FakeOut,PartingShot|||M|||50|,,,,,Ghost]Jumpluff||CovertCloak|Chlorophyll|SleepPowder,SunnyDay,RagePowder,Tailwind|||F|||50|,,,,,Water]Ursaluna||FlameOrb|Guts|HeadlongRush,Facade,Earthquake,Protect|||M|||50|,,,,,Ghost
|showteam|p2|Annihilape||SafetyGoggles|Defiant|FinalGambit,CloseCombat,RageFist,Taunt|||F|||50|,,,,,Water]Corviknight||Leftovers|MirrorArmor|BraveBird,BulkUp,Roost,Tailwind|||F|||50|,,,,,Dragon]Indeedee||ChoiceScarf|PsychicSurge|ExpandingForce,TeraBlast,Trick,Protect|||M|||50|,,,,,Psychic]Sneasler||PsychicSeed|Unburden|DireClaw,CloseCombat,ThroatChop,Protect|||M|||50|,,,,,Dark]Tyranitar||AssaultVest|SandStream|RockSlide,TeraBlast,LowKick,KnockOff|||M|||50|,,,,,Flying]Excadrill||FocusSash|SandRush|Earthquake,IronHead,HighHorsepower,Protect|||F|||50|,,,,,Ground
|
|t:|1756835217
|teamsize|p1|4
|teamsize|p2|4
|start
|switch|p1a: Jumpluff|Jumpluff, L50, F|100/100
|switch|p1b: Ursaluna|Ursaluna, L50, M|100/100
|switch|p2a: Annihilape|Annihilape, L50, F|100/100
|switch|p2b: Corviknight|Corviknight, L50, F|100/100
|turn|1
|
|t:|1756835246
|move|p1b: Ursaluna|Protect|p1b: Ursaluna
|-singleturn|p1b: Ursaluna|Protect
|move|p1a: Jumpluff|Tailwind|p1a: Jumpluff
|-sidestart|p1: iceman was taken|move: Tailwind
|move|p2a: Annihilape|Taunt|p1a: Jumpluff
|-start|p1a: Jumpluff|move: Taunt
|move|p2b: Corviknight|Tailwind|p2b: Corviknight
|-sidestart|p2: Tlayer4002|move: Tailwind
|
|-status|p1b: Ursaluna|brn|[from] item: Flame Orb
|upkeep
|turn|2
|
|t:|1756835300
|switch|p1a: Torkoal|Torkoal, L50, M|100/100
|-weather|SunnyDay|[from] ability: Drought|[of] p1a: Torkoal
|-terastallize|p1b: Ursaluna|Ghost
|move|p2a: Annihilape|Close Combat|p1a: Torkoal
|-damage|p1a: Torkoal|64/100
|-unboost|p2a: Annihilape|def|1
|-unboost|p2a: Annihilape|spd|1
|move|p2b: Corviknight|Bulk Up|p2b: Corviknight
|-boost|p2b: Corviknight|atk|1
|-boost|p2b: Corviknight|def|1
|move|p1b: Ursaluna|Headlong Rush|p2a: Annihilape
|-damage|p2a: Annihilape|0 fnt
|-unboost|p1b: Ursaluna|def|1
|-unboost|p1b: Ursaluna|spd|1
|faint|p2a: Annihilape
|
|-weather|SunnyDay|[upkeep]
|-damage|p1b: Ursaluna|95/100 brn|[from] brn
|upkeep
|
|t:|1756835314
|switch|p2a: Tyranitar|Tyranitar, L50, M|100/100
|-weather|Sandstorm|[from] ability: Sand Stream|[of] p2a: Tyranitar
|turn|3
|
|t:|1756835383
|-terastallize|p2b: Corviknight|Dragon
|move|p1b: Ursaluna|Protect|p1b: Ursaluna
|-singleturn|p1b: Ursaluna|Protect
|move|p2b: Corviknight|Brave Bird|p1a: Torkoal
|-damage|p1a: Torkoal|21/100
|-damage|p2b: Corviknight|88/100|[from] Recoil
|move|p2a: Tyranitar|Knock Off|p1b: Ursaluna
|-activate|p1b: Ursaluna|move: Protect
|move|p1a: Torkoal|Overheat|p2b: Corviknight
|-resisted|p2b: Corviknight
|-damage|p2b: Corviknight|66/100
|-unboost|p1a: Torkoal|spa|2
|-enditem|p1a: Torkoal|Eject Pack
|
|t:|1756835402
|switch|p1a: Jumpluff|Jumpluff, L50, F|100/100
|
|-weather|Sandstorm|[upkeep]
|-damage|p1a: Jumpluff|94/100|[from] Sandstorm
|-damage|p2b: Corviknight|60/100|[from] Sandstorm
|-damage|p1b: Ursaluna|89/100 brn|[from] Sandstorm
|-heal|p2b: Corviknight|66/100|[from] item: Leftovers
|-damage|p1b: Ursaluna|83/100 brn|[from] brn
|upkeep
|turn|4
|
|t:|1756835446
|switch|p1b: Torkoal|Torkoal, L50, M|21/100
|-weather|SunnyDay|[from] ability: Drought|[of] p1b: Torkoal
|move|p1a: Jumpluff|Sleep Powder|p2b: Corviknight|[miss]
|-miss|p1a: Jumpluff|p2b: Corviknight
|move|p2b: Corviknight|Brave Bird|p1a: Jumpluff
|-supereffective|p1a: Jumpluff
|-damage|p1a: Jumpluff|0 fnt
|faint|p1a: Jumpluff
|-damage|p2b: Corviknight|39/100|[from] Recoil
|move|p2a: Tyranitar|Rock Slide|p1b: Torkoal
|-supereffective|p1b: Torkoal
|-damage|p1b: Torkoal|0 fnt
|faint|p1b: Torkoal
|
|-weather|SunnyDay|[upkeep]
|-heal|p2b: Corviknight|45/100|[from] item: Leftovers
|-sideend|p2: Tlayer4002|move: Tailwind
|-sideend|p1: iceman was taken|move: Tailwind
|upkeep
|
|t:|1756835462
|switch|p1a: Charizard|Charizard, L50, F|100/100
|switch|p1b: Ursaluna|Ursaluna, L50, M, tera:Ghost|83/100 brn
|turn|5
|
|t:|1756835493
|move|p1a: Charizard|Heat Wave|p2b: Corviknight|[spread] p2a,p2b
|-resisted|p2a: Tyranitar
|-resisted|p2b: Corviknight
|-damage|p2a: Tyranitar|72/100
|-damage|p2b: Corviknight|2/100
|move|p2b: Corviknight|Roost|p2b: Corviknight
|-heal|p2b: Corviknight|52/100
|move|p1b: Ursaluna|Earthquake|p2b: Corviknight|[spread] p2a,p2b
|-immune|p1a: Charizard
|-supereffective|p2a: Tyranitar
|-damage|p2a: Tyranitar|0 fnt
|-damage|p2b: Corviknight|22/100
|faint|p2a: Tyranitar
|
|-weather|SunnyDay|[upkeep]
|-damage|p1a: Charizard|88/100|[from] ability: Solar Power|[of] p1a: Charizard
|-heal|p2b: Corviknight|28/100|[from] item: Leftovers
|-damage|p1b: Ursaluna|77/100 brn|[from] brn
|upkeep
|
|t:|1756835503
|switch|p2a: Indeedee|Indeedee, L50, M|100/100
|-fieldstart|move: Psychic Terrain|[from] ability: Psychic Surge|[of] p2a: Indeedee
|turn|6
|
|t:|1756835524
|move|p2a: Indeedee|Expanding Force|p1a: Charizard|[spread] p1a,p1b
|-damage|p1a: Charizard|9/100
|-damage|p1b: Ursaluna|22/100 brn
|move|p1a: Charizard|Heat Wave|p2b: Corviknight|[spread] p2a,p2b
|-resisted|p2b: Corviknight
|-damage|p2a: Indeedee|0 fnt
|-damage|p2b: Corviknight|0 fnt
|faint|p2a: Indeedee
|faint|p2b: Corviknight
|
|win|iceman was taken
||Tlayer4002 is ready for game 2.
|inactive|iceman was taken has 30 seconds to confirm battle start!
|inactive|iceman was taken has 20 seconds to confirm battle start!
||iceman was taken is ready for game 2.
|uhtml|next|Next: Game 2 of 3
