|j|☆Ringeril
|j|☆Aikalytics
|html|RingerilAikalytics    
|uhtml|bestof|Game 2 of a best-of-3
|t:|1757746654
|gametype|doubles
|player|p1|Ringeril|1|
|player|p2|Aikalytics|roxie|
|gen|9
|tier|[Gen 9] VGC 2025 Reg H (Bo3)
|rule|Species Clause: Limit one of each Pokémon
|rule|Item Clause: Limit 1 of each item
|clearpoke
|poke|p1|Kingdra, L50, F|
|poke|p1|Politoed, L50, M|
|poke|p1|Tsareena, L50, F|
|poke|p1|Gothitelle, L50, F|
|poke|p1|Archaludon, L50, M|
|poke|p1|Incineroar, L50, M|
|poke|p2|Ceruledge, L50, M|
|poke|p2|Hatterene, L50, F|
|poke|p2|Sylveon, L50, F|
|poke|p2|Dragapult, L50, F|
|poke|p2|Indeedee-F, L50, F|
|poke|p2|Dragonite, L50, M|
|teampreview|4
|showteam|p1|Kingdra||ChoiceSpecs|SwiftSwim|MuddyWater,DracoMeteor,Hurricane,WeatherBall|||F|||50|,,,,,Water]Politoed||AguavBerry|Drizzle|MuddyWater,HelpingHand,PerishSong,Protect|||M|||50|,,,,,Grass]Tsareena||LoadedDice|QueenlyMajesty|BulletSeed,KnockOff,Taunt,Protect|||F|||50|,,,,,Water]Gothitelle||SitrusBerry|ShadowTag|FakeOut,Psychic,TrickRoom,Protect|||F|||50|,,,,,Dark]Archaludon||Leftovers|Stamina|ElectroShot,BodyPress,DragonPulse,Protect|||M|||50|,,,,,Bug]Incineroar||SafetyGoggles|Intimidate|FakeOut,KnockOff,PartingShot,Protect|||M|||50|,,,,,Ghost
|showteam|p2|Ceruledge||ClearAmulet|FlashFire|BitterBlade,BulkUp,ShadowSneak,Protect|||M|||50|,,,,,Grass]Hatterene||LifeOrb|MagicBounce|DazzlingGleam,MysticalFire,TrickRoom,Psychic|||F|||50|,,,,,Fire]Sylveon||ChoiceSpecs|Pixilate|HyperVoice,Moonblast,Psyshock,ShadowBall|||F|||50|,,,,,Fairy]Dragapult||FocusSash|ClearBody|WillOWisp,ThunderWave,LightScreen,PhantomForce|||F|||50|,,,,,Steel]Indeedee-F||RockyHelmet|PsychicSurge|DazzlingGleam,FollowMe,HelpingHand,TrickRoom|||F|||50|,,,,,Water]Dragonite||LumBerry|Multiscale|ExtremeSpeed,IceSpinner,DragonDance,Protect|||M|||50|,,,,,Normal
|inactive|Battle timer is ON: inactive players will automatically lose when time's up. (requested by Ringeril)
|
|t:|1757746683
|teamsize|p1|4
|teamsize|p2|4
|start
|switch|p1a: Bailarina Vecina|Tsareena, L50, F, shiny|100/100
|switch|p1b: Archivador|Archaludon, L50, M|100/100
|switch|p2a: Ceruledge|Ceruledge, L50, M|100/100
|switch|p2b: Dragapult|Dragapult, L50, F|100/100
|turn|1
|inactive|Ringeril has 30 seconds left.
|inactive|Aikalytics has 30 seconds left.
|inactive|Ringeril has 20 seconds left.
|inactive|Aikalytics has 20 seconds left.
|inactive|Ringeril has 15 seconds left.
|inactive|Aikalytics has 15 seconds left.
|inactive|Ringeril has 10 seconds left.
|inactive|Aikalytics has 10 seconds left.
|inactive|Ringeril has 5 seconds left.
|
|t:|1757746738
|move|p1a: Bailarina Vecina|Protect|p1a: Bailarina Vecina
|-singleturn|p1a: Bailarina Vecina|Protect
|move|p1b: Archivador|Protect|p1b: Archivador
|-singleturn|p1b: Archivador|Protect
|move|p2b: Dragapult|Light Screen|p2b: Dragapult
|-sidestart|p2: Aikalytics|move: Light Screen
|move|p2a: Ceruledge|Bulk Up|p2a: Ceruledge
|-boost|p2a: Ceruledge|atk|1
|-boost|p2a: Ceruledge|def|1
|
|upkeep
|turn|2
|inactive|Aikalytics has 30 seconds left.
|
|t:|1757746771
|-terastallize|p2a: Ceruledge|Grass
|move|p2b: Dragapult|Thunder Wave|p1b: Archivador
|-status|p1b: Archivador|par
|move|p1a: Bailarina Vecina|Knock Off|p2a: Ceruledge
|-damage|p2a: Ceruledge|70/100
|-enditem|p2a: Ceruledge|Clear Amulet|[from] move: Knock Off|[of] p1a: Bailarina Vecina
|move|p2a: Ceruledge|Bitter Blade|p1a: Bailarina Vecina
|-supereffective|p1a: Bailarina Vecina
|-damage|p1a: Bailarina Vecina|0 fnt
|-heal|p2a: Ceruledge|100/100|[from] drain|[of] p1a: Bailarina Vecina
|faint|p1a: Bailarina Vecina
|move|p1b: Archivador|Dragon Pulse|p2b: Dragapult
|-supereffective|p2b: Dragapult
|-damage|p2b: Dragapult|49/100
|
|upkeep
|
|t:|1757746786
|switch|p1a: Incigato|Incineroar, L50, M|100/100
|-ability|p1a: Incigato|Intimidate|boost
|-unboost|p2a: Ceruledge|atk|1
|-fail|p2b: Dragapult|unboost|[from] ability: Clear Body|[of] p2b: Dragapult
|turn|3
|
|t:|1757746810
|move|p1a: Incigato|Fake Out|p2a: Ceruledge
|-crit|p2a: Ceruledge
|-damage|p2a: Ceruledge|78/100
|move|p2b: Dragapult|Thunder Wave|p1a: Incigato
|-status|p1a: Incigato|par
|cant|p2a: Ceruledge|flinch
|cant|p1b: Archivador|par
|
|upkeep
|turn|4
|inactive|Aikalytics has 30 seconds left.
|
|t:|1757746837
|move|p2b: Dragapult|Phantom Force||[still]
|-prepare|p2b: Dragapult|Phantom Force
|move|p2a: Ceruledge|Bulk Up|p2a: Ceruledge
|-boost|p2a: Ceruledge|atk|1
|-boost|p2a: Ceruledge|def|1
|cant|p1b: Archivador|par
|cant|p1a: Incigato|par
|
|upkeep
|turn|5
|
|t:|1757746857
|move|p2b: Dragapult|Phantom Force|p1b: Archivador|[from] lockedmove
|-damage|p1b: Archivador|76/100 par
|-ability|p1b: Archivador|Stamina|boost
|-boost|p1b: Archivador|def|1
|move|p2a: Ceruledge|Bulk Up|p2a: Ceruledge
|-boost|p2a: Ceruledge|atk|1
|-boost|p2a: Ceruledge|def|1
|cant|p1b: Archivador|par
|move|p1a: Incigato|Parting Shot|p2a: Ceruledge
|-unboost|p2a: Ceruledge|atk|1
|-unboost|p2a: Ceruledge|spa|1
|
|t:|1757746868
|switch|p1a: El Capi|Politoed, L50, M, shiny|100/100|[from] Parting Shot
|-weather|RainDance|[from] ability: Drizzle|[of] p1a: El Capi
|
|-weather|RainDance|[upkeep]
|-heal|p1b: Archivador|82/100 par|[from] item: Leftovers
|-sideend|p2: Aikalytics|move: Light Screen
|upkeep
|turn|6
|
|t:|1757746885
|switch|p1a: Incigato|Incineroar, L50, M|100/100 par
|-ability|p1a: Incigato|Intimidate|boost
|-unboost|p2a: Ceruledge|atk|1
|-fail|p2b: Dragapult|unboost|[from] ability: Clear Body|[of] p2b: Dragapult
|move|p2b: Dragapult|Light Screen|p2b: Dragapult
|-sidestart|p2: Aikalytics|move: Light Screen
|move|p2a: Ceruledge|Bulk Up|p2a: Ceruledge
|-boost|p2a: Ceruledge|atk|1
|-boost|p2a: Ceruledge|def|1
|cant|p1b: Archivador|par
|
|-weather|RainDance|[upkeep]
|-heal|p1b: Archivador|88/100 par|[from] item: Leftovers
|upkeep
|turn|7
|inactive|Aikalytics has 30 seconds left.
|
|t:|1757746910
|move|p2a: Ceruledge|Shadow Sneak|p1b: Archivador
|-damage|p1b: Archivador|72/100 par
|-ability|p1b: Archivador|Stamina|boost
|-boost|p1b: Archivador|def|1
|move|p2b: Dragapult|Phantom Force||[still]
|-prepare|p2b: Dragapult|Phantom Force
|move|p1b: Archivador|Electro Shot||[still]
|-prepare|p1b: Archivador|Electro Shot
|-boost|p1b: Archivador|spa|1
|-anim|p1b: Archivador|Electro Shot|p2a: Ceruledge
|-resisted|p2a: Ceruledge
|-damage|p2a: Ceruledge|62/100
|cant|p1a: Incigato|par
|
|-weather|RainDance|[upkeep]
|-heal|p1b: Archivador|78/100 par|[from] item: Leftovers
|upkeep
|turn|8
|
|t:|1757746930
|move|p2a: Ceruledge|Shadow Sneak|p1b: Archivador
|-damage|p1b: Archivador|68/100 par
|-ability|p1b: Archivador|Stamina|boost
|-boost|p1b: Archivador|def|1
|move|p2b: Dragapult|Phantom Force|p1b: Archivador|[from] lockedmove
|-damage|p1b: Archivador|58/100 par
|-ability|p1b: Archivador|Stamina|boost
|-boost|p1b: Archivador|def|1
|move|p1b: Archivador|Dragon Pulse|p2b: Dragapult
|-supereffective|p2b: Dragapult
|-crit|p2b: Dragapult
|-damage|p2b: Dragapult|0 fnt
|faint|p2b: Dragapult
|cant|p1a: Incigato|par
|
|-weather|RainDance|[upkeep]
|-heal|p1b: Archivador|64/100 par|[from] item: Leftovers
|upkeep
|
|t:|1757746945
|switch|p2b: Sylveon|Sylveon, L50, F|100/100
|turn|9
|
|t:|1757746958
|move|p2a: Ceruledge|Bulk Up|p2a: Ceruledge
|-boost|p2a: Ceruledge|atk|1
|-boost|p2a: Ceruledge|def|1
|move|p2b: Sylveon|Hyper Voice|p1b: Archivador|[spread] p1a,p1b
|-damage|p1a: Incigato|55/100 par
|-damage|p1b: Archivador|9/100 par
|-ability|p1b: Archivador|Stamina|boost
|-boost|p1b: Archivador|def|1
|move|p1b: Archivador|Electro Shot||[still]
|-prepare|p1b: Archivador|Electro Shot
|-boost|p1b: Archivador|spa|1
|-anim|p1b: Archivador|Electro Shot|p2b: Sylveon
|-damage|p2b: Sylveon|60/100
|move|p1a: Incigato|Parting Shot|p2b: Sylveon
|-unboost|p2b: Sylveon|atk|1
|-unboost|p2b: Sylveon|spa|1
|
|t:|1757746972
|switch|p1a: El Capi|Politoed, L50, M, shiny|100/100|[from] Parting Shot
|
|-weather|none
|-heal|p1b: Archivador|15/100 par|[from] item: Leftovers
|upkeep
|turn|10
|
|t:|1757746978
|switch|p1a: Incigato|Incineroar, L50, M|55/100 par
|-ability|p1a: Incigato|Intimidate|boost
|-unboost|p2a: Ceruledge|atk|1
|-unboost|p2b: Sylveon|atk|1
|move|p1b: Archivador|Protect|p1b: Archivador
|-singleturn|p1b: Archivador|Protect
|move|p2a: Ceruledge|Bulk Up|p2a: Ceruledge
|-boost|p2a: Ceruledge|atk|1
|-boost|p2a: Ceruledge|def|1
|move|p2b: Sylveon|Hyper Voice|p1b: Archivador|[spread] p1a
|-activate|p1b: Archivador|move: Protect
|-damage|p1a: Incigato|21/100 par
|
|-heal|p1b: Archivador|21/100 par|[from] item: Leftovers
|-sideend|p2: Aikalytics|move: Light Screen
|upkeep
|turn|11
|inactive|Ringeril has 30 seconds left.
|
|t:|1757747004
|switch|p1a: El Capi|Politoed, L50, M, shiny|100/100
|-weather|RainDance|[from] ability: Drizzle|[of] p1a: El Capi
|move|p2a: Ceruledge|Bulk Up|p2a: Ceruledge
|-boost|p2a: Ceruledge|atk|1
|-boost|p2a: Ceruledge|def|0
|move|p2b: Sylveon|Hyper Voice|p1b: Archivador|[spread] p1a,p1b
|-damage|p1a: El Capi|66/100
|-damage|p1b: Archivador|0 fnt
|faint|p1b: Archivador
|
|-weather|RainDance|[upkeep]
|upkeep
|-message|Ringeril forfeited.
|
|win|Aikalytics
|l|☆Ringeril
|player|p1|
||Ringeril is ready for game 3.
||Ringeril is ready for game 3.
||Aikalytics is ready for game 3.
|uhtml|next|Next: Game 3 of 3
