|j|☆Blitzball Ace
|j|☆fili53
|html|Blitzball Acefili53    
|uhtml|bestof|Game 1 of a best-of-3
|t:|1756938698
|gametype|doubles
|player|p1|Blitzball Ace|kamado-armor|1268
|player|p2|fili53|cress|1154
|gen|9
|tier|[Gen 9] VGC 2025 Reg H (Bo3)
|rated|
|rule|Species Clause: Limit one of each Pokémon
|rule|Item Clause: Limit 1 of each item
|clearpoke
|poke|p1|Garchomp, L50, F|
|poke|p1|Sneasler, L50, F|
|poke|p1|Incineroar, L50, M|
|poke|p1|Dragonite, L50, M|
|poke|p1|Gholdengo, L50|
|poke|p1|Vivillon, L50, F|
|poke|p2|Arcanine-Hisui, L50, M|
|poke|p2|Rillaboom, L50, F|
|poke|p2|Clefable, L50, M|
|poke|p2|Inteleon, L50, F|
|poke|p2|Sneasler, L50, M|
|poke|p2|Gholdengo, L50|
|teampreview|4
|showteam|p1|Garchomp||LifeOrb|RoughSkin|Earthquake,DragonClaw,StompingTantrum,Protect|||F|||50|,,,,,Ground]Sneasler||WhiteHerb|Unburden|Coaching,Protect,DireClaw,CloseCombat|||F|||50|,,,,,Ghost]Incineroar||SafetyGoggles|Intimidate|FakeOut,FlareBlitz,KnockOff,PartingShot|||M|||50|,,,,,Ghost]Dragonite||LoadedDice|InnerFocus|TeraBlast,ScaleShot,Tailwind,Protect|||M|||50|,,,,,Flying]Gholdengo||ChoiceScarf|GoodasGold|MakeItRain,ShadowBall,Trick,Thunderbolt||||||50|,,,,,Steel]Vivillon||FocusSash|CompoundEyes|Hurricane,SleepPowder,RagePowder,Protect|||F|||50|,,,,,Ghost
|showteam|p2|Arcanine-Hisui||ClearAmulet|Intimidate|FlareBlitz,RockSlide,ExtremeSpeed,Protect|||M|||50|,,,,,Water]Rillaboom||AssaultVest|GrassySurge|WoodHammer,GrassyGlide,HighHorsepower,FakeOut|||F|||50|,,,,,Fire]Clefable||SafetyGoggles|Unaware|Moonblast,FollowMe,HelpingHand,Protect|||M|||50|,,,,,Poison]Inteleon||RazorClaw|Sniper|SnipeShot,IceBeam,Taunt,Protect|||F|||50|,,,,,Water]Sneasler||FocusSash|Unburden|CloseCombat,DireClaw,FakeOut,Protect|||M|||50|,,,,,Stellar]Gholdengo||LifeOrb|GoodasGold|MakeItRain,ShadowBall,NastyPlot,Protect||||||50|,,,,,Water
|inactive|Battle timer is ON: inactive players will automatically lose when time's up. (requested by fili53)
|inactive|Blitzball Ace has 60 seconds left.
|inactive|fili53 has 60 seconds left.
|
|t:|1756938757
|teamsize|p1|4
|teamsize|p2|4
|start
|switch|p1a: Gholdengo|Gholdengo, L50|100/100
|switch|p1b: Sneasler|Sneasler, L50, F|100/100
|switch|p2a: Gholdengo|Gholdengo, L50|100/100
|switch|p2b: Rillaboom|Rillaboom, L50, F|100/100
|-fieldstart|move: Grassy Terrain|[from] ability: Grassy Surge|[of] p2b: Rillaboom
|turn|1
|inactive|fili53 has 30 seconds left.
|inactive|Blitzball Ace has 30 seconds left.
|inactive|fili53 has 20 seconds left.
|
|t:|1756938796
|-terastallize|p2b: Rillaboom|Fire
|move|p2a: Gholdengo|Protect|p2a: Gholdengo
|-singleturn|p2a: Gholdengo|Protect
|move|p1a: Gholdengo|Shadow Ball|p2b: Rillaboom
|-damage|p2b: Rillaboom|74/100
|move|p1b: Sneasler|Dire Claw|p2b: Rillaboom
|-damage|p2b: Rillaboom|31/100
|-status|p2b: Rillaboom|psn
|move|p2b: Rillaboom|High Horsepower|p1b: Sneasler
|-supereffective|p1b: Sneasler
|-damage|p1b: Sneasler|0 fnt
|faint|p1b: Sneasler
|
|-heal|p2b: Rillaboom|37/100 psn|[from] Grassy Terrain
|-damage|p2b: Rillaboom|24/100 psn|[from] psn
|upkeep
|
|t:|1756938818
|switch|p1b: Dragonite|Dragonite, L50, M, shiny|100/100
|turn|2
|inactive|fili53 has 30 seconds left.
|inactive|fili53 has 20 seconds left.
|
|t:|1756938857
|switch|p2a: Clefable|Clefable, L50, M|100/100
|move|p1a: Gholdengo|Shadow Ball|p2a: Clefable
|-damage|p2a: Clefable|66/100
|move|p1b: Dragonite|Scale Shot|p2a: Clefable
|-immune|p2a: Clefable
|move|p2b: Rillaboom|High Horsepower|p1a: Gholdengo
|-supereffective|p1a: Gholdengo
|-damage|p1a: Gholdengo|28/100
|
|-heal|p1a: Gholdengo|34/100|[from] Grassy Terrain
|-heal|p2b: Rillaboom|30/100 psn|[from] Grassy Terrain
|-heal|p2a: Clefable|72/100|[from] Grassy Terrain
|-damage|p2b: Rillaboom|18/100 psn|[from] psn
|upkeep
|turn|3
|
|t:|1756938879
|-terastallize|p1b: Dragonite|Flying
|move|p2b: Rillaboom|Grassy Glide|p1b: Dragonite
|-resisted|p1b: Dragonite
|-damage|p1b: Dragonite|82/100
|move|p1a: Gholdengo|Shadow Ball|p2b: Rillaboom
|-damage|p2b: Rillaboom|0 fnt
|faint|p2b: Rillaboom
|move|p1b: Dragonite|Tera Blast|p2a: Clefable|[anim] Tera Blast Flying
|-damage|p2a: Clefable|15/100
|move|p2a: Clefable|Moonblast|p1b: Dragonite
|-damage|p1b: Dragonite|50/100
|
|-heal|p1a: Gholdengo|40/100|[from] Grassy Terrain
|-heal|p2a: Clefable|21/100|[from] Grassy Terrain
|upkeep
|
|t:|1756938895
|switch|p2b: Arcanine|Arcanine-Hisui, L50, M|100/100
|-ability|p2b: Arcanine|Intimidate|boost
|-unboost|p1a: Gholdengo|atk|1
|-fail|p1b: Dragonite|unboost|Attack|[from] ability: Inner Focus|[of] p1b: Dragonite
|turn|4
|inactive|Blitzball Ace has 30 seconds left.
|
|t:|1756938923
|move|p2a: Clefable|Follow Me|p2a: Clefable
|-singleturn|p2a: Clefable|move: Follow Me
|move|p1a: Gholdengo|Shadow Ball|p2a: Clefable
|-damage|p2a: Clefable|0 fnt
|faint|p2a: Clefable
|move|p2b: Arcanine|Flare Blitz|p1a: Gholdengo
|-supereffective|p1a: Gholdengo
|-damage|p1a: Gholdengo|0 fnt
|faint|p1a: Gholdengo
|-damage|p2b: Arcanine|89/100|[from] Recoil
|move|p1b: Dragonite|Tailwind|p1b: Dragonite
|-sidestart|p1: Blitzball Ace|move: Tailwind
|
|-heal|p2b: Arcanine|95/100|[from] Grassy Terrain
|upkeep
|
|t:|1756938936
|switch|p1a: Kaladin|Garchomp, L50, F, shiny|100/100
|switch|p2a: Gholdengo|Gholdengo, L50|100/100
|turn|5
|inactive|fili53 has 30 seconds left.
|
|t:|1756938961
|move|p1a: Kaladin|Protect|p1a: Kaladin
|-singleturn|p1a: Kaladin|Protect
|move|p1b: Dragonite|Protect|p1b: Dragonite
|-singleturn|p1b: Dragonite|Protect
|move|p2b: Arcanine|Extreme Speed|p1a: Kaladin
|-activate|p1a: Kaladin|move: Protect
|move|p2a: Gholdengo|Make It Rain|p1a: Kaladin|[spread] 
|-activate|p1a: Kaladin|move: Protect
|-activate|p1b: Dragonite|move: Protect
|
|-heal|p2b: Arcanine|100/100|[from] Grassy Terrain
|-fieldend|move: Grassy Terrain
|upkeep
|turn|6
|inactive|fili53 has 30 seconds left.
|
|t:|1756938987
|move|p2b: Arcanine|Extreme Speed|p1a: Kaladin
|-damage|p1a: Kaladin|74/100
|-damage|p2b: Arcanine|88/100|[from] ability: Rough Skin|[of] p1a: Kaladin
|move|p1a: Kaladin|Earthquake|p2b: Arcanine|[spread] p2a,p2b
|-immune|p1b: Dragonite
|-supereffective|p2a: Gholdengo
|-supereffective|p2b: Arcanine
|-damage|p2a: Gholdengo|0 fnt
|-damage|p2b: Arcanine|0 fnt
|faint|p2a: Gholdengo
|faint|p2b: Arcanine
|-damage|p1a: Kaladin|64/100|[from] item: Life Orb
|
|win|Blitzball Ace
