|j|â˜†PigsPigsPigsPigs
|j|â˜†koronops5
|html|PigsPigsPigsPigskoronops5    
|uhtml|bestof|Game 3 of a best-of-3
|t:|1756586374
|gametype|doubles
|player|p1|PigsPigsPigsPigs|marley|1095
|player|p2|koronops5|102|1134
|gen|9
|tier|[Gen 9] VGC 2025 Reg H (Bo3)
|rated|
|rule|Species Clause: Limit one of each PokÃ©mon
|rule|Item Clause: Limit 1 of each item
|clearpoke
|poke|p1|Garchomp, L50, F|
|poke|p1|Maushold-Four, L50|
|poke|p1|Corviknight, L50, M|
|poke|p1|Volcarona, L50, F|
|poke|p1|Rillaboom, L50, M|
|poke|p1|Sneasler, L50, F|
|poke|p2|Charizard, L50, F|
|poke|p2|Torkoal, L50, M|
|poke|p2|Porygon2, L50|
|poke|p2|Incineroar, L50, M|
|poke|p2|Jumpluff, L50, F|
|poke|p2|Ursaluna, L50, M|
|teampreview|4
|showteam|p1|Garchomp||LoadedDice|RoughSkin|ScaleShot,SwordsDance,StompingTantrum,Protect|||F|||50|,,,,,Fire]Maushold-Four||WideLens|Technician|PopulationBomb,Taunt,FollowMe,Protect||||||50|,,,,,Normal]Corviknight||SitrusBerry|MirrorArmor|Tailwind,BodyPress,Protect,BraveBird|||M|||50|,,,,,Water]Volcarona||RockyHelmet|FlameBody|FieryDance,Protect,QuiverDance,GigaDrain|||F|||50|,,,,,Water]Rillaboom||AssaultVest|GrassySurge|FakeOut,WoodHammer,Uturn,KnockOff|||M|||50|,,,,,Poison]Sneasler||GrassySeed|Unburden|DireClaw,CloseCombat,Acrobatics,Protect|||F|||50|,,,,,Flying
|showteam|p2|Charizard||ChoiceSpecs|SolarPower|HeatWave,DragonPulse,WeatherBall,AirSlash|||F|||50|,,,,,Ghost]Torkoal||EjectPack|Drought|Eruption,Overheat,HelpingHand,Protect|||M|||50|,,,,,Fire]Porygon2||Eviolite|Download|TeraBlast,IceBeam,Recover,TrickRoom||||||50|,,,,,Fighting]Incineroar||SitrusBerry|Intimidate|FlareBlitz,KnockOff,FakeOut,PartingShot|||M|||50|,,,,,Ghost]Jumpluff||CovertCloak|Chlorophyll|SleepPowder,SunnyDay,RagePowder,Tailwind|||F|||50|,,,,,Water]Ursaluna||FlameOrb|Guts|HeadlongRush,Facade,Earthquake,Protect|||M|||50|,,,,,Ghost
|inactive|Battle timer is ON: inactive players will automatically lose when time's up. (requested by PigsPigsPigsPigs)
|
|t:|1756586508
|teamsize|p1|4
|teamsize|p2|4
|start
|switch|p1a: Garchomp|Garchomp, L50, F|100/100
|switch|p1b: Maushold|Maushold-Four, L50|100/100
|switch|p2a: Porygon2|Porygon2, L50|100/100
|switch|p2b: Torkoal|Torkoal, L50, M|100/100
|-ability|p2a: Porygon2|Download|boost
|-boost|p2a: Porygon2|spa|1
|-weather|SunnyDay|[from] ability: Drought|[of] p2b: Torkoal
|turn|1
|inactive|PigsPigsPigsPigs has 30 seconds left.
|inactive|koronops5 has 30 seconds left.
|inactive|koronops5 has 20 seconds left.
|inactive|koronops5 has 15 seconds left.
|inactive|koronops5 has 10 seconds left.
|inactive|koronops5 has 5 seconds left.
|
|t:|1756586559
|switch|p2b: Charizard|Charizard, L50, F|100/100
|-terastallize|p2a: Porygon2|Fighting
|move|p1b: Maushold|Population Bomb|p2a: Porygon2|[miss]
|-miss|p1b: Maushold|p2a: Porygon2
|move|p1a: Garchomp|Scale Shot|p2a: Porygon2
|-damage|p2a: Porygon2|91/100
|-damage|p2a: Porygon2|81/100
|-crit|p2a: Porygon2
|-damage|p2a: Porygon2|68/100
|-damage|p2a: Porygon2|58/100
|-hitcount|p2a: Porygon2|4
|-unboost|p1a: Garchomp|def|1
|-boost|p1a: Garchomp|spe|1
|move|p2a: Porygon2|Tera Blast|p1b: Maushold|[anim] Tera Blast Fighting
|-supereffective|p1b: Maushold
|-damage|p1b: Maushold|0 fnt
|faint|p1b: Maushold
|
|-weather|SunnyDay|[upkeep]
|-damage|p2b: Charizard|88/100|[from] ability: Solar Power|[of] p2b: Charizard
|upkeep
|c|â˜†koronops5|ooof
|
|t:|1756586578
|switch|p1b: Volcarona|Volcarona, L50, F|100/100
|turn|2
|inactive|koronops5 has 30 seconds left.
|inactive|koronops5 has 20 seconds left.
|inactive|koronops5 has 15 seconds left.
|
|t:|1756586621
|switch|p2a: Incineroar|Incineroar, L50, M|100/100
|-ability|p2a: Incineroar|Intimidate|boost
|-unboost|p1a: Garchomp|atk|1
|-unboost|p1b: Volcarona|atk|1
|-terastallize|p1b: Volcarona|Water
|move|p1a: Garchomp|Swords Dance|p1a: Garchomp
|-boost|p1a: Garchomp|atk|2
|move|p1b: Volcarona|Quiver Dance|p1b: Volcarona
|-boost|p1b: Volcarona|spa|1
|-boost|p1b: Volcarona|spd|1
|-boost|p1b: Volcarona|spe|1
|move|p2b: Charizard|Weather Ball|p1b: Volcarona
|-resisted|p1b: Volcarona
|-damage|p1b: Volcarona|44/100
|
|-weather|SunnyDay|[upkeep]
|-damage|p2b: Charizard|76/100|[from] ability: Solar Power|[of] p2b: Charizard
|upkeep
|turn|3
|inactive|koronops5 has 30 seconds left.
|
|t:|1756586650
|move|p1b: Volcarona|Protect|p1b: Volcarona
|-singleturn|p1b: Volcarona|Protect
|move|p1a: Garchomp|Protect|p1a: Garchomp
|-singleturn|p1a: Garchomp|Protect
|move|p2a: Incineroar|Fake Out|p1a: Garchomp
|-activate|p1a: Garchomp|move: Protect
|move|p2b: Charizard|Weather Ball|p1b: Volcarona
|-activate|p1b: Volcarona|move: Protect
|
|-weather|SunnyDay|[upkeep]
|-damage|p2b: Charizard|63/100|[from] ability: Solar Power|[of] p2b: Charizard
|upkeep
|turn|4
|inactive|koronops5 has 30 seconds left.
|inactive|koronops5 has 20 seconds left.
|inactive|koronops5 has 15 seconds left.
|inactive|koronops5 has 10 seconds left.
|inactive|koronops5 has 5 seconds left.
|
|t:|1756586703
|switch|p2a: Porygon2|Porygon2, L50, tera:Fighting|58/100
|-ability|p2a: Porygon2|Download|boost
|-boost|p2a: Porygon2|atk|1
|move|p1b: Volcarona|Giga Drain|p2a: Porygon2
|-damage|p2a: Porygon2|32/100
|-heal|p1b: Volcarona|60/100|[from] drain|[of] p2a: Porygon2
|move|p1a: Garchomp|Scale Shot|p2b: Charizard
|-damage|p2b: Charizard|31/100
|-damage|p2b: Charizard|3/100
|-damage|p2b: Charizard|0 fnt
|faint|p2b: Charizard
|-hitcount|p2: Charizard|3
|-unboost|p1a: Garchomp|def|1
|-boost|p1a: Garchomp|spe|1
|
|-weather|SunnyDay|[upkeep]
|upkeep
|
|t:|1756586713
|switch|p2b: Incineroar|Incineroar, L50, M|100/100
|-ability|p2b: Incineroar|Intimidate|boost
|-unboost|p1a: Garchomp|atk|1
|-unboost|p1b: Volcarona|atk|1
|turn|5
|
|t:|1756586732
|move|p2b: Incineroar|Fake Out|p1b: Volcarona
|-damage|p1b: Volcarona|42/100
|-damage|p2b: Incineroar|84/100|[from] item: Rocky Helmet|[of] p1b: Volcarona
|move|p1a: Garchomp|Stomping Tantrum|p2a: Porygon2
|-damage|p2a: Porygon2|7/100
|cant|p1b: Volcarona|flinch
|move|p2a: Porygon2|Trick Room|p2a: Porygon2
|-fieldstart|move: Trick Room|[of] p2a: Porygon2
|
|-weather|none
|upkeep
|turn|6
|
|t:|1756586753
|move|p2a: Porygon2|Ice Beam|p1a: Garchomp
|-supereffective|p1a: Garchomp
|-damage|p1a: Garchomp|0 fnt
|faint|p1a: Garchomp
|move|p2b: Incineroar|Knock Off|p1b: Volcarona
|-damage|p1b: Volcarona|0 fnt
|-damage|p2b: Incineroar|68/100|[from] item: Rocky Helmet|[of] p1b: Volcarona
|-enditem|p1b: Volcarona|Rocky Helmet|[from] move: Knock Off|[of] p2b: Incineroar
|faint|p1b: Volcarona
|
|upkeep
|
|t:|1756586762
|switch|p1b: Sneasler|Sneasler, L50, F|100/100
|turn|7
|c|â˜†PigsPigsPigsPigs|gg
|c|â˜†PigsPigsPigsPigs|that pop bomb miss was tragic
|
|t:|1756586777
|switch|p2b: Torkoal|Torkoal, L50, M|100/100
|-weather|SunnyDay|[from] ability: Drought|[of] p2b: Torkoal
|move|p2a: Porygon2|Recover|p2a: Porygon2
|-heal|p2a: Porygon2|57/100
|move|p1b: Sneasler|Close Combat|p2b: Torkoal
|-damage|p2b: Torkoal|48/100
|-unboost|p1b: Sneasler|def|1
|-unboost|p1b: Sneasler|spd|1
|
|-weather|SunnyDay|[upkeep]
|upkeep
|turn|8
|c|â˜†koronops5|bro
|c|â˜†koronops5|why didnt u scale shot my p2
|c|â˜†koronops5|woudl have won on the spot
|c|â˜†PigsPigsPigsPigs|panic ngl
|inactive|koronops5 has 30 seconds left.
|
|t:|1756586803
|switch|p2a: Incineroar|Incineroar, L50, M|68/100
|-ability|p2a: Incineroar|Intimidate|boost
|-unboost|p1b: Sneasler|atk|1
|move|p2b: Torkoal|Overheat|p1b: Sneasler
|-damage|p1b: Sneasler|0 fnt
|-unboost|p2b: Torkoal|spa|2
|faint|p1b: Sneasler
|-enditem|p2b: Torkoal|Eject Pack
|
|win|koronops5
|raw|PigsPigsPigsPigs's rating: 1095 → 1073(-22 for losing)
|raw|koronops5's rating: 1134 → 1156(+22 for winning)
|l|â˜†PigsPigsPigsPigs
|player|p1|
|c|â˜†koronops5|LOL i was about to forfeit but then i was like
|c|â˜†koronops5|imagine he doesnt hit scale shot into p2
