|j|☆NyulaDraws
|j|☆Passevgc
|html|NyulaDrawsPassevgc    
|uhtml|bestof|Game 2 of a best-of-3
|t:|1783439504
|gametype|doubles
|player|p1|NyulaDraws|backpacker|1129
|player|p2|Passevgc|1|1148
|gen|9
|tier|[Gen 9 Champions] VGC 2026 Reg M-B (Bo3)
|rated|
|rule|Species Clause: Limit one of each Pokémon
|rule|Item Clause: Limit 1 of each item
|clearpoke
|poke|p1|Blastoise, L50, F|
|poke|p1|Delphox, L50, M, shiny|
|poke|p1|Incineroar, L50, F|
|poke|p1|Sneasler, L50, F|
|poke|p1|Sinistcha, L50|
|poke|p1|Maushold-Four, L50|
|poke|p2|Hydreigon, L50, M|
|poke|p2|Incineroar, L50, F|
|poke|p2|Charizard, L50, F|
|poke|p2|Metagross, L50|
|poke|p2|Aerodactyl, L50, M|
|poke|p2|Sinistcha, L50|
|teampreview|4
|showteam|p1|Blastoise||Blastoisinite|RainDish|WaterSpout,DarkPulse,ShellSmash,Protect|Modest||F|||50|]Delphox||Delphoxite|Blaze|HeatWave,Psyshock,NastyPlot,Protect|Timid||M|||50|]Incineroar||SitrusBerry|Intimidate|FakeOut,FlareBlitz,ThroatChop,PartingShot|Impish||F|||50|]Sneasler||FocusSash|PoisonTouch|FakeOut,CloseCombat,DireClaw,QuickGuard|Jolly||F|||50|]Sinistcha||KasibBerry|Hospitality|MatchaGotcha,LifeDew,RagePowder,Protect|Bold|||||50|]Maushold-Four||ChopleBerry|FriendGuard|SuperFang,Feint,FollowMe,SunnyDay|Impish|||||50|
|showteam|p2|Hydreigon||ChoiceScarf|Levitate|DracoMeteor,DarkPulse,FlashCannon,Snarl|Modest||M|||50|]Incineroar||ChopleBerry|Intimidate|FlareBlitz,DarkestLariat,PartingShot,FakeOut|Careful||F|||50|]Charizard||CharizarditeY|Blaze|HeatWave,AncientPower,WeatherBall,Protect|Modest||F|||50|]Metagross||Metagrossite|ClearBody|PsychicFangs,IronHead,BodyPress,Protect|Adamant|||||50|]Aerodactyl||FocusSash|Unnerve|RockSlide,WideGuard,Tailwind,Protect|Jolly||M|||50|]Sinistcha||SitrusBerry|Hospitality|Protect,LifeDew,RagePowder,MatchaGotcha|Calm|||||50|
|inactive|Battle timer is ON: inactive players will automatically lose when time's up. (requested by Passevgc)
|inactive|Passevgc has 60 seconds left.
|
|t:|1783439540
|teamsize|p1|4
|teamsize|p2|4
|start
|switch|p1a: Blastoise|Blastoise, L50, F|100/100
|switch|p1b: Incineroar|Incineroar, L50, F|100/100
|switch|p2a: Charizard|Charizard, L50, F|100/100
|switch|p2b: Hydreigon|Hydreigon, L50, M|100/100
|-ability|p1b: Incineroar|Intimidate|boost
|-unboost|p2a: Charizard|atk|1
|-unboost|p2b: Hydreigon|atk|1
|turn|1
|inactive|NyulaDraws has 30 seconds left.
|inactive|NyulaDraws has 20 seconds left.
|
|t:|1783439579
|detailschange|p2a: Charizard|Charizard-Mega-Y, L50, F
|-mega|p2a: Charizard|Charizard|Charizardite Y
|-weather|SunnyDay|[from] ability: Drought|[of] p2a: Charizard
|detailschange|p1a: Blastoise|Blastoise-Mega, L50, F
|-mega|p1a: Blastoise|Blastoise|Blastoisinite
|move|p1b: Incineroar|Fake Out|p2a: Charizard
|-damage|p2a: Charizard|87/100
|move|p2b: Hydreigon|Snarl|p1a: Blastoise|[spread] p1a,p1b
|-resisted|p1b: Incineroar|1
|-damage|p1a: Blastoise|76/100
|-damage|p1b: Incineroar|89/100
|-unboost|p1a: Blastoise|spa|1
|-unboost|p1b: Incineroar|spa|1
|cant|p2a: Charizard|flinch
|move|p1a: Blastoise|Water Spout|p2b: Hydreigon|[spread] p2a,p2b
|-supereffective|p2a: Charizard|1
|-resisted|p2b: Hydreigon|1
|-damage|p2a: Charizard|58/100
|-damage|p2b: Hydreigon|91/100
|
|-weather|SunnyDay|[upkeep]
|upkeep
|turn|2
|inactive|NyulaDraws has 30 seconds left.
|inactive|NyulaDraws has 20 seconds left.
|inactive|NyulaDraws has 15 seconds left.
|
|t:|1783439623
|move|p1a: Blastoise|Protect|p1a: Blastoise
|-singleturn|p1a: Blastoise|Protect
|move|p2b: Hydreigon|Snarl|p1a: Blastoise|[spread] 
|-activate|p1a: Blastoise|move: Protect
|-miss|p2b: Hydreigon|p1b: Incineroar
|move|p2a: Charizard|Ancient Power|p1b: Incineroar
|-supereffective|p1b: Incineroar|1
|-damage|p1b: Incineroar|44/100
|-enditem|p1b: Incineroar|Sitrus Berry|[eat]
|-heal|p1b: Incineroar|69/100|[from] item: Sitrus Berry
|move|p1b: Incineroar|Throat Chop|p2a: Charizard
|-damage|p2a: Charizard|22/100
|-start|p2a: Charizard|Throat Chop|[silent]
|
|-weather|SunnyDay|[upkeep]
|upkeep
|turn|3
|
|t:|1783439648
|switch|p2a: Incineroar|Incineroar, L50, F|100/100
|-ability|p2a: Incineroar|Intimidate|boost
|-unboost|p1a: Blastoise|atk|1
|-unboost|p1b: Incineroar|atk|1
|switch|p1a: Sinistcha|Sinistcha, L50|100/100
|-heal|p1b: Incineroar|94/100|[from] ability: Hospitality|[of] p1a: Sinistcha
|move|p2b: Hydreigon|Snarl|p1b: Incineroar|[spread] p1b
|-miss|p2b: Hydreigon|p1a: Sinistcha
|-resisted|p1b: Incineroar|1
|-damage|p1b: Incineroar|84/100
|-unboost|p1b: Incineroar|spa|1
|move|p1b: Incineroar|Throat Chop|p2a: Incineroar
|-resisted|p2a: Incineroar|1
|-damage|p2a: Incineroar|91/100
|-start|p2a: Incineroar|Throat Chop|[silent]
|
|-weather|SunnyDay|[upkeep]
|upkeep
|turn|4
|inactive|NyulaDraws has 30 seconds left.
|
|t:|1783439676
|move|p2b: Hydreigon|Snarl|p1a: Sinistcha|[spread] p1a,p1b
|-supereffective|p1a: Sinistcha|1
|-resisted|p1b: Incineroar|1
|-damage|p1a: Sinistcha|59/100
|-damage|p1b: Incineroar|73/100
|-unboost|p1a: Sinistcha|spa|1
|-unboost|p1b: Incineroar|spa|1
|move|p2a: Incineroar|Flare Blitz|p1a: Sinistcha
|-supereffective|p1a: Sinistcha|1
|-damage|p1a: Sinistcha|0 fnt
|faint|p1a: Sinistcha
|-damage|p2a: Incineroar|74/100|[from] Recoil
|move|p1b: Incineroar|Parting Shot|p2b: Hydreigon
|-unboost|p2b: Hydreigon|atk|1
|-unboost|p2b: Hydreigon|spa|1
|
|t:|1783439690
|switch|p1b: Sneasler|Sneasler, L50, F|100/100|[from] Parting Shot
|
|-weather|SunnyDay|[upkeep]
|-end|p2a: Incineroar|Throat Chop|[silent]
|upkeep
|
|t:|1783439693
|switch|p1a: Blastoise|Blastoise-Mega, L50, F|76/100
|turn|5
|
|t:|1783439706
|switch|p2b: Sinistcha|Sinistcha, L50|100/100
|-heal|p2a: Incineroar|99/100|[from] ability: Hospitality|[of] p2b: Sinistcha
|move|p1b: Sneasler|Fake Out|p2b: Sinistcha
|-immune|p2b: Sinistcha
|move|p1a: Blastoise|Shell Smash|p1a: Blastoise
|-unboost|p1a: Blastoise|def|1
|-unboost|p1a: Blastoise|spd|1
|-boost|p1a: Blastoise|atk|2
|-boost|p1a: Blastoise|spa|2
|-boost|p1a: Blastoise|spe|2
|move|p2a: Incineroar|Flare Blitz|p1b: Sneasler
|-enditem|p1b: Sneasler|Focus Sash
|-damage|p1b: Sneasler|1/100
|-damage|p2a: Incineroar|73/100|[from] Recoil
|
|-weather|none
|upkeep
|turn|6
|
|t:|1783439729
|move|p1a: Blastoise|Water Spout|p2a: Incineroar|[spread] p2a,p2b
|-supereffective|p2a: Incineroar|1
|-resisted|p2b: Sinistcha|1
|-damage|p2a: Incineroar|0 fnt
|-damage|p2b: Sinistcha|55/100
|faint|p2a: Incineroar
|move|p1b: Sneasler|Dire Claw|p2b: Sinistcha
|-damage|p2b: Sinistcha|17/100
|-enditem|p2b: Sinistcha|Sitrus Berry|[eat]
|-heal|p2b: Sinistcha|42/100|[from] item: Sitrus Berry
|move|p2b: Sinistcha|Matcha Gotcha|p1b: Sneasler|[spread] p1a,p1b
|-supereffective|p1a: Blastoise|1
|-resisted|p1b: Sneasler|1
|-damage|p1a: Blastoise|1/100
|-heal|p2b: Sinistcha|75/100|[from] drain|[of] p1a: Blastoise
|-damage|p1b: Sneasler|0 fnt
|-heal|p2b: Sinistcha|75/100|[from] drain|[of] p1b: Sneasler
|-status|p1a: Blastoise|brn
|faint|p1b: Sneasler
|
|-damage|p1a: Blastoise|0 fnt|[from] brn
|faint|p1a: Blastoise
|upkeep
|
|t:|1783439752
|switch|p1b: Incineroar|Incineroar, L50, F|73/100
|switch|p2a: Hydreigon|Hydreigon, L50, M|91/100
|-ability|p1b: Incineroar|Intimidate|boost
|-unboost|p2a: Hydreigon|atk|1
|-unboost|p2b: Sinistcha|atk|1
|turn|7
|-message|NyulaDraws forfeited.
|
|win|Passevgc
||Passevgc is ready for game 3.
||NyulaDraws is ready for game 3.
|uhtml|next|Next: Game 3 of 3
|l|☆Passevgc
|player|p2|
