|j|☆Chocozito
|j|☆humburgerxyz
|html|Chocozitohumburgerxyz    
|uhtml|bestof|Game 3 of a best-of-3
|t:|1782324193
|gametype|doubles
|player|p1|Chocozito|cynthia-gen4|1130
|player|p2|humburgerxyz|nate|1138
|gen|9
|tier|[Gen 9 Champions] VGC 2026 Reg M-B (Bo3)
|rated|
|rule|Species Clause: Limit one of each Pokémon
|rule|Item Clause: Limit 1 of each item
|clearpoke
|poke|p1|Whimsicott, L50, M|
|poke|p1|Staraptor, L50, M|
|poke|p1|Sinistcha, L50|
|poke|p1|Delphox, L50, M|
|poke|p1|Garchomp, L50, M|
|poke|p1|Kingambit, L50, M|
|poke|p2|Staraptor, L50, M|
|poke|p2|Raichu, L50, F, shiny|
|poke|p2|Grimmsnarl, L50, M|
|poke|p2|Sinistcha, L50|
|poke|p2|Incineroar, L50, M, shiny|
|poke|p2|Whimsicott, L50, M|
|teampreview|4
|showteam|p1|Whimsicott||FocusSash|Prankster|Moonblast,SunnyDay,Tailwind,Charm|Bold||M|||50|]Staraptor||Staraptite|Intimidate|CloseCombat,Protect,DualWingbeat,Roost|Adamant||M|||50|]Sinistcha||Leftovers|Hospitality|MatchaGotcha,StrengthSap,RagePowder,LifeDew|Bold|||||50|]Delphox||Delphoxite|Blaze|GrassKnot,Protect,Psychic,HeatWave|Timid||M|||50|]Garchomp||LifeOrb|RoughSkin|Earthquake,Protect,DragonClaw,RockSlide|Jolly||M|||50|]Kingambit||ChopleBerry|Defiant|Protect,KowtowCleave,IronHead,SuckerPunch|Adamant||M|||50|
|showteam|p2|Staraptor||Staraptite|Intimidate|BraveBird,Protect,CloseCombat,Roost|Adamant||M|||50|]Raichu||RaichuniteY|LightningRod|FocusBlast,ZapCannon,FakeOut,VoltSwitch|Hasty||F|||50|]Grimmsnarl||LightClay|Prankster|LightScreen,Reflect,SpiritBreak,PartingShot|Careful||M|||50|]Sinistcha||SitrusBerry|Hospitality|MatchaGotcha,RagePowder,TrickRoom,StrengthSap|Relaxed|||||50|]Incineroar||Leftovers|Intimidate|PartingShot,FlareBlitz,FakeOut,ThroatChop|Sassy||M|||50|]Whimsicott||FocusSash|Prankster|Charm,Moonblast,Encore,Tailwind|Sassy||M|||50|
|inactive|Battle timer is ON: inactive players will automatically lose when time's up. (requested by humburgerxyz)
|
|t:|1782324227
|teamsize|p1|4
|teamsize|p2|4
|start
|switch|p1a: Kingambit|Kingambit, L50, M|100/100
|switch|p1b: Delphox|Delphox, L50, M|100/100
|switch|p2a: Whimsicott|Whimsicott, L50, M|100/100
|switch|p2b: Grimmsnarl|Grimmsnarl, L50, M|100/100
|turn|1
|inactive|humburgerxyz has 30 seconds left.
|
|t:|1782324255
|detailschange|p1b: Delphox|Delphox-Mega, L50, M
|-mega|p1b: Delphox|Delphox|Delphoxite
|move|p2b: Grimmsnarl|Light Screen|p2b: Grimmsnarl
|-sidestart|p2: humburgerxyz|move: Light Screen
|move|p1b: Delphox|Heat Wave|p2b: Grimmsnarl|[spread] p2a,p2b
|-supereffective|p2a: Whimsicott|1
|-damage|p2a: Whimsicott|37/100
|-damage|p2b: Grimmsnarl|77/100
|move|p2a: Whimsicott|Moonblast|p1b: Delphox
|-resisted|p1b: Delphox|1
|-damage|p1b: Delphox|86/100
|move|p1a: Kingambit|Iron Head|p2a: Whimsicott
|-supereffective|p2a: Whimsicott|1
|-damage|p2a: Whimsicott|0 fnt
|faint|p2a: Whimsicott
|
|upkeep
|
|t:|1782324268
|switch|p2a: Staraptor|Staraptor, L50, M|100/100
|-ability|p2a: Staraptor|Intimidate|boost
|-unboost|p1a: Kingambit|atk|1
|-ability|p1a: Kingambit|Defiant|boost
|-boost|p1a: Kingambit|atk|2
|-unboost|p1b: Delphox|atk|1
|turn|2
|inactive|humburgerxyz has 30 seconds left.
|inactive|Chocozito has 30 seconds left.
|
|t:|1782324303
|switch|p1a: Sinistcha|Sinistcha, L50|100/100
|-heal|p1b: Delphox|100/100|[from] ability: Hospitality|[of] p1a: Sinistcha
|move|p1b: Delphox|Protect|p1b: Delphox
|-singleturn|p1b: Delphox|Protect
|move|p2a: Staraptor|Protect|p2a: Staraptor
|-singleturn|p2a: Staraptor|Protect
|move|p2b: Grimmsnarl|Spirit Break|p1b: Delphox
|-activate|p1b: Delphox|move: Protect
|
|upkeep
|turn|3
|
|t:|1782324323
|switch|p2a: Sinistcha|Sinistcha, L50|100/100
|-heal|p2b: Grimmsnarl|100/100|[from] ability: Hospitality|[of] p2a: Sinistcha
|move|p1a: Sinistcha|Rage Powder|p1a: Sinistcha
|-singleturn|p1a: Sinistcha|move: Rage Powder
|move|p1b: Delphox|Psychic|p2a: Sinistcha
|-damage|p2a: Sinistcha|67/100
|move|p2b: Grimmsnarl|Spirit Break|p1a: Sinistcha
|-damage|p1a: Sinistcha|78/100
|-unboost|p1a: Sinistcha|spa|1
|
|-heal|p1a: Sinistcha|84/100|[from] item: Leftovers
|upkeep
|turn|4
|
|t:|1782324344
|switch|p1a: Whimsicott|Whimsicott, L50, M|100/100
|move|p1b: Delphox|Protect|p1b: Delphox
|-singleturn|p1b: Delphox|Protect
|move|p2b: Grimmsnarl|Spirit Break|p1b: Delphox
|-activate|p1b: Delphox|move: Protect
|move|p2a: Sinistcha|Trick Room|p2a: Sinistcha
|-fieldstart|move: Trick Room|[of] p2a: Sinistcha
|
|upkeep
|turn|5
|
|t:|1782324358
|move|p1a: Whimsicott|Sunny Day|p1a: Whimsicott
|-weather|SunnyDay
|move|p2b: Grimmsnarl|Spirit Break|p1b: Delphox
|-resisted|p1b: Delphox|1
|-damage|p1b: Delphox|78/100
|-unboost|p1b: Delphox|spa|1
|move|p2a: Sinistcha|Matcha Gotcha|p1b: Delphox|[spread] p1a,p1b
|-resisted|p1a: Whimsicott|1
|-resisted|p1b: Delphox|1
|-damage|p1a: Whimsicott|83/100
|-heal|p2a: Sinistcha|75/100|[from] drain|[of] p1a: Whimsicott
|-damage|p1b: Delphox|65/100
|-heal|p2a: Sinistcha|80/100|[from] drain|[of] p1b: Delphox
|move|p1b: Delphox|Heat Wave|p2b: Grimmsnarl|[spread] p2a,p2b
|-supereffective|p2a: Sinistcha|1
|-damage|p2a: Sinistcha|28/100
|-damage|p2b: Grimmsnarl|76/100
|-enditem|p2a: Sinistcha|Sitrus Berry|[eat]
|-heal|p2a: Sinistcha|53/100|[from] item: Sitrus Berry
|
|-weather|SunnyDay|[upkeep]
|upkeep
|turn|6
|inactive|humburgerxyz has 30 seconds left.
|
|t:|1782324385
|switch|p1b: Kingambit|Kingambit, L50, M|100/100
|move|p2b: Grimmsnarl|Spirit Break|p1b: Kingambit
|-damage|p1b: Kingambit|79/100
|-unboost|p1b: Kingambit|spa|1
|-ability|p1b: Kingambit|Defiant|boost
|-boost|p1b: Kingambit|atk|2
|move|p2a: Sinistcha|Strength Sap|p1a: Whimsicott
|-unboost|p1a: Whimsicott|atk|1
|-heal|p2a: Sinistcha|97/100
|move|p1a: Whimsicott|Moonblast|p2a: Sinistcha
|-damage|p2a: Sinistcha|80/100
|
|-weather|SunnyDay|[upkeep]
|upkeep
|turn|7
|
|t:|1782324404
|move|p2b: Grimmsnarl|Reflect|p2b: Grimmsnarl
|-sidestart|p2: humburgerxyz|Reflect
|move|p1b: Kingambit|Iron Head|p2b: Grimmsnarl
|-supereffective|p2b: Grimmsnarl|1
|-damage|p2b: Grimmsnarl|0 fnt
|faint|p2b: Grimmsnarl
|move|p2a: Sinistcha|Matcha Gotcha|p1a: Whimsicott|[spread] p1a,p1b
|-resisted|p1a: Whimsicott|1
|-resisted|p1b: Kingambit|1
|-damage|p1a: Whimsicott|67/100
|-heal|p2a: Sinistcha|88/100|[from] drain|[of] p1a: Whimsicott
|-damage|p1b: Kingambit|66/100
|-heal|p2a: Sinistcha|96/100|[from] drain|[of] p1b: Kingambit
|move|p1a: Whimsicott|Moonblast|p2a: Sinistcha
|-crit|p2a: Sinistcha
|-damage|p2a: Sinistcha|61/100
|
|-weather|SunnyDay|[upkeep]
|upkeep
|
|t:|1782324419
|switch|p2b: Staraptor|Staraptor, L50, M|100/100
|-ability|p2b: Staraptor|Intimidate|boost
|-unboost|p1a: Whimsicott|atk|1
|-unboost|p1b: Kingambit|atk|1
|-ability|p1b: Kingambit|Defiant|boost
|-boost|p1b: Kingambit|atk|2
|turn|8
|
|t:|1782324429
|detailschange|p2b: Staraptor|Staraptor-Mega, L50, M
|-mega|p2b: Staraptor|Staraptor|Staraptite
|move|p2a: Sinistcha|Rage Powder|p2a: Sinistcha
|-singleturn|p2a: Sinistcha|move: Rage Powder
|move|p1b: Kingambit|Kowtow Cleave|p2a: Sinistcha
|-supereffective|p2a: Sinistcha|1
|-damage|p2a: Sinistcha|0 fnt
|faint|p2a: Sinistcha
|move|p2b: Staraptor|Close Combat|p1b: Kingambit
|-supereffective|p1b: Kingambit|2
|-enditem|p1b: Kingambit|Chople Berry|[eat]
|-enditem|p1b: Kingambit|Chople Berry|[weaken]
|-damage|p1b: Kingambit|0 fnt
|-boost|p2b: Staraptor|def|1
|-boost|p2b: Staraptor|spd|1
|faint|p1b: Kingambit
|move|p1a: Whimsicott|Moonblast|p2b: Staraptor
|-supereffective|p2b: Staraptor|1
|-damage|p2b: Staraptor|74/100
|-boost|p2b: Staraptor|spa|1
|
|-weather|SunnyDay|[upkeep]
|-sideend|p2: humburgerxyz|move: Light Screen
|-fieldend|move: Trick Room
|upkeep
|
|t:|1782324442
|switch|p1b: Delphox|Delphox-Mega, L50, M|65/100
|turn|9
|
|t:|1782324457
|move|p1b: Delphox|Psychic|p2b: Staraptor
|-supereffective|p2b: Staraptor|1
|-damage|p2b: Staraptor|0 fnt
|faint|p2b: Staraptor
|
|win|Chocozito
|raw|Chocozito's rating: 1130 → 1156(+26 for winning)
|raw|humburgerxyz's rating: 1138 → 1112(-26 for losing)
|c|☆Chocozito|gg ez
|l|☆humburgerxyz
|player|p2|
