|j|☆Kemaho
|j|☆limewarrior
|html|Kemaholimewarrior    
|uhtml|bestof|Game 2 of a best-of-3
|t:|1756167762
|gametype|doubles
|player|p1|Kemaho|clerk|1147
|player|p2|limewarrior|dahlia|1149
|gen|9
|tier|[Gen 9] VGC 2025 Reg H (Bo3)
|rated|
|rule|Species Clause: Limit one of each Pokémon
|rule|Item Clause: Limit 1 of each item
|clearpoke
|poke|p1|Basculegion, L50, M|
|poke|p1|Archaludon, L50, M|
|poke|p1|Kingambit, L50, M|
|poke|p1|Rillaboom, L50, M|
|poke|p1|Pelipper, L50, M|
|poke|p1|Electabuzz, L50, M|
|poke|p2|Dragapult, L50, M|
|poke|p2|Incineroar, L50, F|
|poke|p2|Sinistcha-Masterpiece, L50|
|poke|p2|Ursaluna-Bloodmoon, L50, M|
|poke|p2|Ninetales-Alola, L50, F|
|poke|p2|Kingambit, L50, F|
|teampreview|4
|showteam|p1|Basculegion||ChoiceBand|SwiftSwim|WaveCrash,LastRespects,FlipTurn,AquaJet|||M|||50|,,,,,Grass]Archaludon||AssaultVest|Stamina|FlashCannon,DracoMeteor,ElectroShot,BodyPress|||M|||50|,,,,,Fairy]Kingambit||BlackGlasses|Defiant|KowtowCleave,SuckerPunch,SwordsDance,Protect|||M|||50|,,,,,Dark]Rillaboom||LoadedDice|GrassySurge|BulletSeed,GrassyGlide,HighHorsepower,FakeOut|||M|||50|,,,,,Fire]Pelipper||FocusSash|Drizzle|WeatherBall,Hurricane,Tailwind,Protect|||M|||50|,,,,,Ghost]Electabuzz||Eviolite|VitalSpirit|Electroweb,Taunt,FollowMe,Protect|||M|||50|,,,,,Ghost
|showteam|p2|Dragapult||ChoiceBand|ClearBody|DragonDarts,Outrage,PhantomForce,Uturn|||M|||50|,,,,,Dragon]Incineroar||SafetyGoggles|Intimidate|FakeOut,FlareBlitz,KnockOff,PartingShot|||F|||50|,,,,,Ghost]Sinistcha-Masterpiece||CovertCloak|Hospitality|RagePowder,MatchaGotcha,LifeDew,TrickRoom||||||50|,,,,,Water]Ursaluna-Bloodmoon||AssaultVest|MindsEye|BloodMoon,HyperVoice,EarthPower,VacuumWave|||M|||50|,,,,,Ghost]Ninetales-Alola||FocusSash|SnowWarning|Blizzard,FreezeDry,AuroraVeil,Protect|||F|||50|,,,,,Ice]Kingambit||BlackGlasses|Defiant|KowtowCleave,SuckerPunch,SwordsDance,Protect|||F|||50|,,,,,Dark
|
|t:|1756167783
|teamsize|p1|4
|teamsize|p2|4
|start
|switch|p1a: Rillaboom|Rillaboom, L50, M|100/100
|switch|p1b: Basculegion|Basculegion, L50, M|100/100
|switch|p2a: Dragapult|Dragapult, L50, M|100/100
|switch|p2b: Incineroar|Incineroar, L50, F|100/100
|-fieldstart|move: Grassy Terrain|[from] ability: Grassy Surge|[of] p1a: Rillaboom
|-ability|p2b: Incineroar|Intimidate|boost
|-unboost|p1a: Rillaboom|atk|1
|-unboost|p1b: Basculegion|atk|1
|turn|1
|
|t:|1756167821
|switch|p1a: Pelipper|Pelipper, L50, M|100/100
|-weather|RainDance|[from] ability: Drizzle|[of] p1a: Pelipper
|switch|p2b: Ninetales|Ninetales-Alola, L50, F|100/100
|-weather|Snowscape|[from] ability: Snow Warning|[of] p2b: Ninetales
|move|p2a: Dragapult|Dragon Darts|p1b: Basculegion
|-damage|p1b: Basculegion|56/100
|-anim|p2a: Dragapult|Dragon Darts|p1a: Pelipper
|-damage|p1a: Pelipper|53/100
|move|p1b: Basculegion|Flip Turn|p2b: Ninetales
|-damage|p2b: Ninetales|66/100
|
|t:|1756167836
|switch|p1b: Archaludon|Archaludon, L50, M|100/100|[from] Flip Turn
|
|-weather|Snowscape|[upkeep]
|-heal|p2b: Ninetales|72/100|[from] Grassy Terrain
|upkeep
|turn|2
|
|t:|1756167867
|move|p2a: Dragapult|Dragon Darts|p1b: Archaludon
|-damage|p1b: Archaludon|74/100
|-ability|p1b: Archaludon|Stamina|boost
|-boost|p1b: Archaludon|def|1
|-anim|p2a: Dragapult|Dragon Darts|p1a: Pelipper
|-damage|p1a: Pelipper|0 fnt
|faint|p1a: Pelipper
|move|p2b: Ninetales|Aurora Veil|p2b: Ninetales
|-sidestart|p2: limewarrior|move: Aurora Veil
|move|p1b: Archaludon|Body Press|p2a: Dragapult
|-immune|p2a: Dragapult
|
|-weather|Snowscape|[upkeep]
|-heal|p2b: Ninetales|78/100|[from] Grassy Terrain
|-heal|p1b: Archaludon|80/100|[from] Grassy Terrain
|upkeep
|
|t:|1756167872
|switch|p1a: Rillaboom|Rillaboom, L50, M|100/100
|turn|3
|
|t:|1756167888
|switch|p2b: Incineroar|Incineroar, L50, F|100/100
|-ability|p2b: Incineroar|Intimidate|boost
|-unboost|p1a: Rillaboom|atk|1
|-unboost|p1b: Archaludon|atk|1
|-terastallize|p1a: Rillaboom|Fire
|move|p2a: Dragapult|Dragon Darts|p1a: Rillaboom
|-damage|p1a: Rillaboom|68/100
|-anim|p2a: Dragapult|Dragon Darts|p1b: Archaludon
|-damage|p1b: Archaludon|64/100
|-ability|p1b: Archaludon|Stamina|boost
|-boost|p1b: Archaludon|def|1
|move|p1a: Rillaboom|High Horsepower|p2b: Incineroar
|-supereffective|p2b: Incineroar
|-damage|p2b: Incineroar|73/100
|move|p1b: Archaludon|Flash Cannon|p2b: Incineroar
|-resisted|p2b: Incineroar
|-damage|p2b: Incineroar|64/100
|
|-weather|Snowscape|[upkeep]
|-heal|p1a: Rillaboom|74/100|[from] Grassy Terrain
|-heal|p1b: Archaludon|70/100|[from] Grassy Terrain
|-heal|p2b: Incineroar|70/100|[from] Grassy Terrain
|upkeep
|turn|4
|
|t:|1756167908
|switch|p2a: Ursaluna|Ursaluna-Bloodmoon, L50, M|100/100
|move|p2b: Incineroar|Fake Out|p1b: Archaludon
|-resisted|p1b: Archaludon
|-damage|p1b: Archaludon|68/100
|-ability|p1b: Archaludon|Stamina|boost
|-boost|p1b: Archaludon|def|1
|move|p1a: Rillaboom|High Horsepower|p2b: Incineroar
|-supereffective|p2b: Incineroar
|-damage|p2b: Incineroar|42/100
|cant|p1b: Archaludon|flinch
|
|-weather|Snowscape|[upkeep]
|-heal|p1a: Rillaboom|80/100|[from] Grassy Terrain
|-heal|p1b: Archaludon|75/100|[from] Grassy Terrain
|-heal|p2b: Incineroar|48/100|[from] Grassy Terrain
|upkeep
|turn|5
|
|t:|1756167924
|switch|p2b: Dragapult|Dragapult, L50, M|100/100
|-terastallize|p2a: Ursaluna|Ghost
|move|p1a: Rillaboom|Bullet Seed|p2a: Ursaluna
|-damage|p2a: Ursaluna|95/100
|-damage|p2a: Ursaluna|89/100
|-damage|p2a: Ursaluna|84/100
|-damage|p2a: Ursaluna|77/100
|-hitcount|p2a: Ursaluna|4
|move|p1b: Archaludon|Body Press|p2a: Ursaluna
|-immune|p2a: Ursaluna
|move|p2a: Ursaluna|Earth Power|p1b: Archaludon
|-supereffective|p1b: Archaludon
|-damage|p1b: Archaludon|0 fnt
|faint|p1b: Archaludon
|
|-weather|none
|-heal|p1a: Rillaboom|86/100|[from] Grassy Terrain
|-heal|p2a: Ursaluna|83/100|[from] Grassy Terrain
|-fieldend|move: Grassy Terrain
|upkeep
|
|t:|1756167929
|switch|p1b: Basculegion|Basculegion, L50, M|56/100
|turn|6
|
|t:|1756167946
|switch|p2a: Incineroar|Incineroar, L50, F|48/100
|-ability|p2a: Incineroar|Intimidate|boost
|-unboost|p1a: Rillaboom|atk|1
|-unboost|p1b: Basculegion|atk|1
|move|p2b: Dragapult|Phantom Force||[still]
|-prepare|p2b: Dragapult|Phantom Force
|move|p1b: Basculegion|Last Respects|p2a: Incineroar
|-resisted|p2a: Incineroar
|-damage|p2a: Incineroar|22/100
|move|p1a: Rillaboom|High Horsepower|p2a: Incineroar
|-supereffective|p2a: Incineroar
|-damage|p2a: Incineroar|2/100
|
|-sideend|p2: limewarrior|move: Aurora Veil
|upkeep
|turn|7
|
|t:|1756167962
|move|p2a: Incineroar|Fake Out|p1a: Rillaboom
|-damage|p1a: Rillaboom|74/100
|move|p2b: Dragapult|Phantom Force|p1b: Basculegion|[from] lockedmove
|-supereffective|p1b: Basculegion
|-damage|p1b: Basculegion|0 fnt
|faint|p1b: Basculegion
|cant|p1a: Rillaboom|flinch
|
|upkeep
|turn|8
|
|t:|1756167973
|move|p2b: Dragapult|Phantom Force||[still]
|-prepare|p2b: Dragapult|Phantom Force
|move|p1a: Rillaboom|High Horsepower|p2a: Incineroar
|-supereffective|p2a: Incineroar
|-damage|p2a: Incineroar|0 fnt
|faint|p2a: Incineroar
|
|upkeep
|
|t:|1756167978
|switch|p2a: Ninetales|Ninetales-Alola, L50, F|78/100
|-weather|Snowscape|[from] ability: Snow Warning|[of] p2a: Ninetales
|turn|9
|
|t:|1756167983
|move|p2b: Dragapult|Phantom Force|p1a: Rillaboom|[from] lockedmove
|-damage|p1a: Rillaboom|9/100
|move|p2a: Ninetales|Aurora Veil|p2a: Ninetales
|-sidestart|p2: limewarrior|move: Aurora Veil
|move|p1a: Rillaboom|High Horsepower|p2a: Ninetales
|-damage|p2a: Ninetales|68/100
|
|-weather|Snowscape|[upkeep]
|upkeep
|turn|10
|
|t:|1756167991
|move|p2b: Dragapult|Phantom Force||[still]
|-prepare|p2b: Dragapult|Phantom Force
|move|p2a: Ninetales|Blizzard|p1a: Rillaboom
|-resisted|p1a: Rillaboom
|-damage|p1a: Rillaboom|0 fnt
|faint|p1a: Rillaboom
|
|win|limewarrior
||Kemaho is ready for game 3.
||limewarrior is ready for game 3.
|uhtml|next|Next: Game 3 of 3
|l|☆Kemaho
|player|p1|
