|j|☆HathiVGC
|j|☆YuutoBlue
|html|HathiVGCYuutoBlue    
|uhtml|bestof|Game 1 of a best-of-3
|t:|1783509560
|gametype|doubles
|player|p1|HathiVGC|hiker|1070
|player|p2|YuutoBlue|rosa|1022
|gen|9
|tier|[Gen 9 Champions] VGC 2026 Reg M-B (Bo3)
|rated|
|rule|Species Clause: Limit one of each Pokémon
|rule|Item Clause: Limit 1 of each item
|clearpoke
|poke|p1|Archaludon, L50, M|
|poke|p1|Grimmsnarl, L50, M|
|poke|p1|Pelipper, L50, F|
|poke|p1|Swampert, L50, M|
|poke|p1|Metagross, L50|
|poke|p1|Sinistcha-Masterpiece, L50|
|poke|p2|Swampert, L50, F, shiny|
|poke|p2|Grimmsnarl, L50, M, shiny|
|poke|p2|Venusaur, L50, M, shiny|
|poke|p2|Basculegion, L50, M, shiny|
|poke|p2|Pelipper, L50, M, shiny|
|poke|p2|Archaludon, L50, M, shiny|
|teampreview|4
|showteam|p1|Archaludon||Leftovers|Stamina|DragonPulse,ElectroShot,FlashCannon,Protect|Timid||M|||50|]Grimmsnarl||LightClay|Prankster|Reflect,SpiritBreak,PartingShot,LightScreen|Careful||M|||50|]Pelipper||SitrusBerry|Drizzle|Tailwind,WeatherBall,Hurricane,HelpingHand|Modest||F|||50|]Swampert||Swampertite|Torrent|HighHorsepower,Protect,WaveCrash,IcePunch|Adamant||M|||50|]Metagross||Metagrossite|ClearBody|PsychicFangs,MeteorMash,Protect,RockTomb|Jolly|||||50|]Sinistcha-Masterpiece||CobaBerry|Hospitality|MatchaGotcha,ShadowBall,RagePowder,TrickRoom|Quiet|||||50|
|showteam|p2|Swampert||Swampertite|Torrent|IcePunch,HighHorsepower,WaveCrash,Protect|Adamant||F|||50|]Grimmsnarl||LightClay|Prankster|LightScreen,Reflect,PartingShot,SpiritBreak|Careful||M|||50|]Venusaur||Venusaurite|Chlorophyll|SludgeBomb,GigaDrain,EarthPower,Protect|Modest||M|||50|]Basculegion||ChoiceScarf|Adaptability|FlipTurn,AquaJet,WaveCrash,LastRespects|Jolly||M|||50|]Pelipper||FocusSash|Drizzle|Hurricane,Tailwind,WideGuard,WeatherBall|Modest||M|||50|]Archaludon||Leftovers|Stamina|ElectroShot,DragonPulse,FlashCannon,Protect|Modest||M|||50|
|
|t:|1783509620
|teamsize|p1|4
|teamsize|p2|4
|start
|switch|p1a: Pelipper|Pelipper, L50, F|100/100
|switch|p1b: Swampert|Swampert, L50, M|100/100
|switch|p2a: Venusaur|Venusaur, L50, M, shiny|100/100
|switch|p2b: Grimmsnarl|Grimmsnarl, L50, M, shiny|100/100
|-weather|RainDance|[from] ability: Drizzle|[of] p1a: Pelipper
|turn|1
|
|t:|1783509639
|detailschange|p1b: Swampert|Swampert-Mega, L50, M
|-mega|p1b: Swampert|Swampert|Swampertite
|move|p2b: Grimmsnarl|Reflect|p2b: Grimmsnarl
|-sidestart|p2: YuutoBlue|Reflect
|move|p1b: Swampert|Ice Punch|p2a: Venusaur
|-supereffective|p2a: Venusaur|1
|-damage|p2a: Venusaur|55/100
|move|p2a: Venusaur|Giga Drain|p1b: Swampert
|-supereffective|p1b: Swampert|2
|-damage|p1b: Swampert|0 fnt
|-heal|p2a: Venusaur|100/100|[from] drain|[of] p1b: Swampert
|faint|p1b: Swampert
|move|p1a: Pelipper|Tailwind|p1a: Pelipper
|-sidestart|p1: HathiVGC|move: Tailwind
|
|-weather|RainDance|[upkeep]
|upkeep
|
|t:|1783509653
|switch|p1b: Sinistcha|Sinistcha-Masterpiece, L50|100/100
|turn|2
|
|t:|1783509680
|detailschange|p2a: Venusaur|Venusaur-Mega, L50, M, shiny
|-mega|p2a: Venusaur|Venusaur|Venusaurite
|move|p2b: Grimmsnarl|Light Screen|p2b: Grimmsnarl
|-sidestart|p2: YuutoBlue|move: Light Screen
|move|p1a: Pelipper|Hurricane|p2a: Venusaur
|-supereffective|p2a: Venusaur|1
|-damage|p2a: Venusaur|45/100
|move|p1b: Sinistcha|Matcha Gotcha|p2a: Venusaur|[spread] p2b
|-miss|p1b: Sinistcha|p2a: Venusaur
|-damage|p2b: Grimmsnarl|78/100
|move|p2a: Venusaur|Sludge Bomb|p1b: Sinistcha
|-damage|p1b: Sinistcha|52/100
|
|-weather|RainDance|[upkeep]
|upkeep
|turn|3
|
|t:|1783509703
|switch|p2a: Archaludon|Archaludon, L50, M, shiny|100/100
|move|p2b: Grimmsnarl|Parting Shot|p1b: Sinistcha
|-unboost|p1b: Sinistcha|atk|1
|-unboost|p1b: Sinistcha|spa|1
|inactive|Battle timer is ON: inactive players will automatically lose when time's up. (requested by HathiVGC)
|inactive|YuutoBlue has 60 seconds left.
|
|t:|1783509753
|switch|p2b: Pelipper|Pelipper, L50, M, shiny|100/100|[from] Parting Shot
|move|p1a: Pelipper|Hurricane|p2a: Archaludon
|-resisted|p2a: Archaludon|1
|-damage|p2a: Archaludon|84/100
|-ability|p2a: Archaludon|Stamina|boost
|-boost|p2a: Archaludon|def|1
|move|p1b: Sinistcha|Matcha Gotcha|p2b: Pelipper|[spread] p2a,p2b
|-resisted|p2a: Archaludon|2
|-damage|p2a: Archaludon|81/100
|-heal|p1b: Sinistcha|55/100|[from] drain|[of] p2a: Archaludon
|-damage|p2b: Pelipper|83/100
|-heal|p1b: Sinistcha|62/100|[from] drain|[of] p2b: Pelipper
|-ability|p2a: Archaludon|Stamina|boost
|-boost|p2a: Archaludon|def|1
|
|-weather|RainDance|[upkeep]
|-heal|p2a: Archaludon|87/100|[from] item: Leftovers
|upkeep
|turn|4
|inactive|HathiVGC has 30 seconds left.
|inactive|YuutoBlue has 30 seconds left.
|
|t:|1783509782
|move|p2b: Pelipper|Wide Guard|p2b: Pelipper
|-singleturn|p2b: Pelipper|Wide Guard
|move|p1a: Pelipper|Weather Ball|p2a: Archaludon
|-resisted|p2a: Archaludon|1
|-damage|p2a: Archaludon|62/100
|-ability|p2a: Archaludon|Stamina|boost
|-boost|p2a: Archaludon|def|1
|move|p1b: Sinistcha|Matcha Gotcha|p2b: Pelipper|[spread] 
|-activate|p2a: Archaludon|move: Wide Guard
|-activate|p2b: Pelipper|move: Wide Guard
|move|p2a: Archaludon|Electro Shot||[still]
|-prepare|p2a: Archaludon|Electro Shot
|-boost|p2a: Archaludon|spa|1
|-anim|p2a: Archaludon|Electro Shot|p1a: Pelipper
|-supereffective|p1a: Pelipper|2
|-damage|p1a: Pelipper|0 fnt
|faint|p1a: Pelipper
|
|-weather|RainDance|[upkeep]
|-heal|p2a: Archaludon|69/100|[from] item: Leftovers
|-sideend|p1: HathiVGC|move: Tailwind
|upkeep
|
|t:|1783509803
|switch|p1a: Archaludon|Archaludon, L50, M|100/100
|turn|5
|
|t:|1783509820
|move|p2a: Archaludon|Protect|p2a: Archaludon
|-singleturn|p2a: Archaludon|Protect
|move|p1a: Archaludon|Electro Shot||[still]
|-prepare|p1a: Archaludon|Electro Shot
|-boost|p1a: Archaludon|spa|1
|-anim|p1a: Archaludon|Electro Shot|p2b: Pelipper
|-supereffective|p2b: Pelipper|2
|-damage|p2b: Pelipper|0 fnt
|faint|p2b: Pelipper
|move|p1b: Sinistcha|Matcha Gotcha|p2a: Archaludon
|-activate|p2a: Archaludon|move: Protect
|
|-weather|none
|-heal|p2a: Archaludon|75/100|[from] item: Leftovers
|upkeep
|
|t:|1783509836
|switch|p2b: Venusaur|Venusaur-Mega, L50, M, shiny|45/100
|turn|6
|
|t:|1783509852
|move|p1a: Archaludon|Dragon Pulse|p2a: Archaludon
|-damage|p2a: Archaludon|30/100
|-ability|p2a: Archaludon|Stamina|boost
|-boost|p2a: Archaludon|def|1
|move|p2b: Venusaur|Earth Power|p1a: Archaludon
|-supereffective|p1a: Archaludon|1
|-damage|p1a: Archaludon|16/100
|-ability|p1a: Archaludon|Stamina|boost
|-boost|p1a: Archaludon|def|1
|move|p2a: Archaludon|Flash Cannon|p1b: Sinistcha
|-damage|p1b: Sinistcha|0 fnt
|faint|p1b: Sinistcha
|
|-heal|p1a: Archaludon|22/100|[from] item: Leftovers
|-heal|p2a: Archaludon|37/100|[from] item: Leftovers
|upkeep
|turn|7
|
|t:|1783509870
|move|p2a: Archaludon|Protect|p2a: Archaludon
|-singleturn|p2a: Archaludon|Protect
|move|p1a: Archaludon|Electro Shot||[still]
|-prepare|p1a: Archaludon|Electro Shot
|-boost|p1a: Archaludon|spa|1
|move|p2b: Venusaur|Earth Power|p1a: Archaludon
|-supereffective|p1a: Archaludon|1
|-damage|p1a: Archaludon|0 fnt
|faint|p1a: Archaludon
|
|win|YuutoBlue
||HathiVGC is ready for game 2.
|inactive|YuutoBlue has 30 seconds to confirm battle start!
