|j|☆Jjayy09
|j|☆Dre18
|html|Jjayy09Dre18    
|uhtml|bestof|Game 1 of a best-of-3
|t:|1756208547
|gametype|doubles
|player|p1|Jjayy09|lady-gen4|1106
|player|p2|Dre18|lucas|1067
|gen|9
|tier|[Gen 9] VGC 2025 Reg H (Bo3)
|rated|
|rule|Species Clause: Limit one of each Pokémon
|rule|Item Clause: Limit 1 of each item
|clearpoke
|poke|p1|Weezing-Galar, L50, M|
|poke|p1|Typhlosion-Hisui, L50, F|
|poke|p1|Whimsicott, L50, F|
|poke|p1|Dragapult, L50, M|
|poke|p1|Archaludon, L50, F|
|poke|p1|Tauros-Paldea-Aqua, L50, M|
|poke|p2|Volcarona, L50, F|
|poke|p2|Rillaboom, L50, F|
|poke|p2|Annihilape, L50, F|
|poke|p2|Ninetales-Alola, L50, M|
|poke|p2|Electabuzz, L50, M|
|poke|p2|Gyarados, L50, F|
|teampreview|4
|showteam|p1|Weezing-Galar||FocusSash|NeutralizingGas|Taunt,StrangeSteam,SludgeBomb,Protect|||M|||50|,,,,,Ghost]Typhlosion-Hisui||ChoiceSpecs|Blaze|Eruption,HeatWave,ShadowBall,Flamethrower|||F|||50|,,,,,Fire]Whimsicott||CovertCloak|Prankster|Tailwind,SunnyDay,Moonblast,Taunt|||F|||50|,,,,,Dark]Dragapult||ChoiceBand|ClearBody|DragonDarts,PhantomForce,TeraBlast,Uturn|||M|||50|,,,,,Fighting]Archaludon||PowerHerb|Sturdy|ElectroShot,Thunderbolt,DracoMeteor,Protect|||F|||50|,,,,,Electric]Tauros-Paldea-Aqua||MirrorHerb|Intimidate|RagingBull,CloseCombat,RockSlide,Protect|||M|||50|,,,,,Poison
|showteam|p2|Volcarona||CovertCloak|FlameBody|HeatWave,TeraBlast,QuiverDance,Protect|||F|||50|,,,,,Fairy]Rillaboom||AssaultVest|GrassySurge|FakeOut,GrassyGlide,Uturn,WoodHammer|||F|||50|,,,,,Fire]Annihilape||SafetyGoggles|Defiant|RageFist,DrainPunch,BulkUp,Protect|||F|||50|,,,,,Water]Ninetales-Alola||LightClay|SnowWarning|Blizzard,IcicleSpear,AuroraVeil,Encore|||M|||50|,,,,,Ghost]Electabuzz||Eviolite|VitalSpirit|Electroweb,FollowMe,Taunt,Protect|||M|||50|,,,,,Ghost]Gyarados||RockyHelmet|Intimidate|Waterfall,IronHead,ThunderWave,Protect|||F|||50|,,,,,Steel
|inactive|Battle timer is ON: inactive players will automatically lose when time's up. (requested by Dre18)
|inactive|Jjayy09 has 60 seconds left.
|inactive|Dre18 has 60 seconds left.
|
|t:|1756208596
|teamsize|p1|4
|teamsize|p2|4
|start
|switch|p1a: Typhlosion|Typhlosion-Hisui, L50, F|100/100
|switch|p1b: Whimsicott|Whimsicott, L50, F|100/100
|switch|p2a: Rillaboom|Rillaboom, L50, F|100/100
|switch|p2b: Annihilape|Annihilape, L50, F|100/100
|-fieldstart|move: Grassy Terrain|[from] ability: Grassy Surge|[of] p2a: Rillaboom
|turn|1
|
|t:|1756208619
|-terastallize|p1a: Typhlosion|Fire
|-terastallize|p2b: Annihilape|Water
|move|p1b: Whimsicott|Sunny Day|p1b: Whimsicott
|-weather|SunnyDay
|move|p2a: Rillaboom|Grassy Glide|p1a: Typhlosion
|-resisted|p1a: Typhlosion
|-damage|p1a: Typhlosion|70/100
|move|p1a: Typhlosion|Heat Wave|p2b: Annihilape|[spread] p2a,p2b
|-supereffective|p2a: Rillaboom
|-resisted|p2b: Annihilape
|-damage|p2a: Rillaboom|0 fnt
|-damage|p2b: Annihilape|47/100
|faint|p2a: Rillaboom
|move|p2b: Annihilape|Rage Fist|p1a: Typhlosion
|-damage|p1a: Typhlosion|0 fnt
|faint|p1a: Typhlosion
|
|-weather|SunnyDay|[upkeep]
|-heal|p2b: Annihilape|53/100|[from] Grassy Terrain
|upkeep
|
|t:|1756208635
|switch|p1a: Dragapult|Dragapult, L50, M|100/100
|switch|p2a: Ninetales|Ninetales-Alola, L50, M|100/100
|-weather|Snowscape|[from] ability: Snow Warning|[of] p2a: Ninetales
|turn|2
|
|t:|1756208646
|move|p2b: Annihilape|Protect|p2b: Annihilape
|-singleturn|p2b: Annihilape|Protect
|move|p1b: Whimsicott|Sunny Day|p1b: Whimsicott
|-weather|SunnyDay
|move|p1a: Dragapult|U-turn|p2a: Ninetales
|-resisted|p2a: Ninetales
|-damage|p2a: Ninetales|77/100
|
|t:|1756208653
|switch|p1a: Archaludon|Archaludon, L50, F|100/100|[from] U-turn
|move|p2a: Ninetales|Blizzard|p1a: Archaludon|[spread] p1a
|-miss|p2a: Ninetales|p1b: Whimsicott
|-damage|p1a: Archaludon|62/100
|
|-weather|SunnyDay|[upkeep]
|-heal|p2a: Ninetales|84/100|[from] Grassy Terrain
|-heal|p1a: Archaludon|68/100|[from] Grassy Terrain
|-heal|p2b: Annihilape|59/100|[from] Grassy Terrain
|upkeep
|turn|3
|inactive|Jjayy09 has 30 seconds left.
|inactive|Dre18 has 30 seconds left.
|inactive|Dre18 has 20 seconds left.
|
|t:|1756208693
|move|p2b: Annihilape|Protect||[still]
|-fail|p2b: Annihilape
|move|p1b: Whimsicott|Tailwind|p1b: Whimsicott
|-sidestart|p1: Jjayy09|move: Tailwind
|move|p1a: Archaludon|Electro Shot||[still]
|-prepare|p1a: Archaludon|Electro Shot
|-boost|p1a: Archaludon|spa|1
|-enditem|p1a: Archaludon|Power Herb
|-anim|p1a: Archaludon|Electro Shot|p2b: Annihilape
|-supereffective|p2b: Annihilape
|-damage|p2b: Annihilape|0 fnt
|faint|p2b: Annihilape
|move|p2a: Ninetales|Encore|p1b: Whimsicott
|-start|p1b: Whimsicott|Encore
|
|-weather|SunnyDay|[upkeep]
|-heal|p1a: Archaludon|74/100|[from] Grassy Terrain
|-heal|p2a: Ninetales|90/100|[from] Grassy Terrain
|upkeep
|
|t:|1756208700
|switch|p2b: Gyarados|Gyarados, L50, F|100/100
|-ability|p2b: Gyarados|Intimidate|boost
|-unboost|p1a: Archaludon|atk|1
|-unboost|p1b: Whimsicott|atk|1
|turn|4
|
|t:|1756208718
|switch|p1b: Dragapult|Dragapult, L50, M|100/100
|move|p1a: Archaludon|Thunderbolt|p2a: Ninetales
|-damage|p2a: Ninetales|43/100
|move|p2a: Ninetales|Blizzard|p1a: Archaludon|[spread] p1a
|-miss|p2a: Ninetales|p1b: Dragapult
|-damage|p1a: Archaludon|37/100
|move|p2b: Gyarados|Thunder Wave|p1a: Archaludon
|-status|p1a: Archaludon|par
|
|-weather|SunnyDay|[upkeep]
|-heal|p2a: Ninetales|50/100|[from] Grassy Terrain
|-heal|p1a: Archaludon|44/100 par|[from] Grassy Terrain
|upkeep
|turn|5
|
|t:|1756208737
|move|p1b: Dragapult|Phantom Force||[still]
|-prepare|p1b: Dragapult|Phantom Force
|move|p2a: Ninetales|Blizzard|p1a: Archaludon|[spread] p1a
|-miss|p2a: Ninetales|p1b: Dragapult
|-damage|p1a: Archaludon|3/100 par
|move|p1a: Archaludon|Thunderbolt|p2b: Gyarados
|-supereffective|p2b: Gyarados
|-damage|p2b: Gyarados|0 fnt
|faint|p2b: Gyarados
|
|-weather|SunnyDay|[upkeep]
|-heal|p2a: Ninetales|56/100|[from] Grassy Terrain
|-heal|p1a: Archaludon|9/100 par|[from] Grassy Terrain
|-fieldend|move: Grassy Terrain
|upkeep
|turn|6
|
|t:|1756208748
|move|p1b: Dragapult|Phantom Force|p2a: Ninetales|[from] lockedmove
|-damage|p2a: Ninetales|0 fnt
|faint|p2a: Ninetales
|
|win|Jjayy09
