|j|☆tsteelerfan
|j|☆CrawlingKingSnake
|html|tsteelerfanCrawlingKingSnake    
|uhtml|bestof|Game 2 of a best-of-3
|t:|1785123982
|gametype|doubles
|player|p1|tsteelerfan|170|1069
|player|p2|CrawlingKingSnake|kamado-armor|1142
|gen|9
|tier|[Gen 9 Champions] VGC 2026 Reg M-B (Bo3)
|rated|
|rule|Species Clause: Limit one of each Pokémon
|rule|Item Clause: Limit 1 of each item
|clearpoke
|poke|p1|Rampardos, L50, F|
|poke|p1|Farigiraf, L50, F|
|poke|p1|Skeledirge, L50, F|
|poke|p1|Dragalge, L50, M|
|poke|p1|Milotic, L50, M|
|poke|p1|Scrafty, L50, M|
|poke|p2|Floette-Eternal, L50, F|
|poke|p2|Palafin, L50, M, shiny|
|poke|p2|Incineroar, L50, F|
|poke|p2|Toxapex, L50, F|
|poke|p2|Delphox, L50, F|
|poke|p2|Kingambit, L50, M|
|teampreview|4
|showteam|p1|Rampardos||LifeOrb|SheerForce|RockSlide,HammerArm,IronHead,Protect|Brave||F|||50|]Farigiraf||SitrusBerry|ArmorTail|TrickRoom,Protect,Psychic,Thunderbolt|Relaxed||F|||50|]Skeledirge||PasshoBerry|Unaware|ShadowBall,EarthPower,TorchSong,HyperVoice|Quiet||F|||50|]Dragalge||Dragalgite|Adaptability|DragonPulse,FocusBlast,SludgeBomb,Protect|Quiet||M|||50|]Milotic||Leftovers|Competitive|Coil,Hypnosis,HydroPump,Protect|Timid||M|||50|]Scrafty||Scraftinite|Intimidate|FakeOut,Detect,KnockOff,CloseCombat|Brave||M|||50|
|showteam|p2|Floette-Eternal||Floettite|FlowerVeil|DazzlingGleam,DrainingKiss,CalmMind,Protect|Modest||F|||50|]Palafin||LifeOrb|ZerotoHero|WaveCrash,JetPunch,CloseCombat,Protect|Adamant||M|||50|]Incineroar||SitrusBerry|Intimidate|FlareBlitz,FakeOut,DarkestLariat,PartingShot|Careful||F|||50|]Toxapex||Leftovers|Regenerator|Infestation,Toxic,WideGuard,BanefulBunker|Bold||F|||50|]Delphox||Delphoxite|Blaze|HeatWave,Psychic,NastyPlot,Protect|Timid||F|||50|]Kingambit||FocusSash|Defiant|KowtowCleave,SuckerPunch,IronHead,LowKick|Adamant||M|||50|
|inactive|Battle timer is ON: inactive players will automatically lose when time's up. (requested by CrawlingKingSnake)
|inactive|tsteelerfan has 60 seconds left.
|
|t:|1785124016
|teamsize|p1|4
|teamsize|p2|4
|start
|switch|p1a: Farigiraf|Farigiraf, L50, F|100/100
|switch|p1b: Milotic|Milotic, L50, M|100/100
|switch|p2a: Floette|Floette-Eternal, L50, F|100/100
|switch|p2b: Palafin|Palafin, L50, M, shiny|100/100
|turn|1
|
|t:|1785124040
|detailschange|p2b: Palafin|Palafin-Hero, L50, M, shiny
|switch|p2b: Toxapex|Toxapex, L50, F|100/100
|detailschange|p2a: Floette|Floette-Mega, L50, F
|-mega|p2a: Floette|Floette|Floettite
|-ability|p2a: Floette|Fairy Aura
|move|p2a: Floette|Calm Mind|p2a: Floette
|-boost|p2a: Floette|spa|1
|-boost|p2a: Floette|spd|1
|move|p1b: Milotic|Hypnosis|p2a: Floette|[miss]
|-miss|p1b: Milotic|p2a: Floette
|move|p1a: Farigiraf|Trick Room|p1a: Farigiraf
|-fieldstart|move: Trick Room|[of] p1a: Farigiraf
|
|upkeep
|turn|2
|inactive|tsteelerfan has 30 seconds left.
|
|t:|1785124069
|move|p2b: Toxapex|Infestation|p1b: Milotic
|-crit|p1b: Milotic
|-damage|p1b: Milotic|96/100
|-activate|p1b: Milotic|move: Infestation|[of] p2b: Toxapex
|move|p1a: Farigiraf|Psychic|p2b: Toxapex
|-supereffective|p2b: Toxapex|1
|-damage|p2b: Toxapex|49/100
|move|p1b: Milotic|Hypnosis|p2a: Floette|[miss]
|-miss|p1b: Milotic|p2a: Floette
|move|p2a: Floette|Calm Mind|p2a: Floette
|-boost|p2a: Floette|spa|1
|-boost|p2a: Floette|spd|1
|
|-heal|p2b: Toxapex|54/100|[from] item: Leftovers
|-heal|p1b: Milotic|100/100|[from] item: Leftovers
|-damage|p1b: Milotic|87/100|[from] move: Infestation|[partiallytrapped]
|upkeep
|turn|3
|
|t:|1785124085
|move|p2b: Toxapex|Baneful Bunker|p2b: Toxapex
|-singleturn|p2b: Toxapex|move: Protect
|move|p1a: Farigiraf|Psychic|p2b: Toxapex
|-activate|p2b: Toxapex|move: Protect
|move|p1b: Milotic|Hypnosis|p2a: Floette
|-status|p2a: Floette|slp|[from] move: Hypnosis
|cant|p2a: Floette|slp
|
|-heal|p2b: Toxapex|60/100|[from] item: Leftovers
|-heal|p1b: Milotic|93/100|[from] item: Leftovers
|-damage|p1b: Milotic|81/100|[from] move: Infestation|[partiallytrapped]
|upkeep
|turn|4
|
|t:|1785124108
|move|p2b: Toxapex|Infestation|p1a: Farigiraf
|-supereffective|p1a: Farigiraf|1
|-damage|p1a: Farigiraf|94/100
|-activate|p1a: Farigiraf|move: Infestation|[of] p2b: Toxapex
|move|p1a: Farigiraf|Psychic|p2b: Toxapex
|-supereffective|p2b: Toxapex|1
|-damage|p2b: Toxapex|9/100
|-unboost|p2b: Toxapex|spd|1
|move|p1b: Milotic|Hypnosis|p2b: Toxapex
|-status|p2b: Toxapex|slp|[from] move: Hypnosis
|cant|p2a: Floette|slp
|
|-heal|p2b: Toxapex|15/100 slp|[from] item: Leftovers
|-heal|p1b: Milotic|87/100|[from] item: Leftovers
|-damage|p1a: Farigiraf|82/100|[from] move: Infestation|[partiallytrapped]
|-damage|p1b: Milotic|74/100|[from] move: Infestation|[partiallytrapped]
|upkeep
|turn|5
|
|t:|1785124126
|-heal|p2b: Toxapex|48/100 slp|[from] ability: Regenerator|[silent]
|switch|p2b: Palafin|Palafin-Hero, L50, M, shiny|100/100
|-activate|p2b: Palafin|ability: Zero to Hero
|move|p1b: Milotic|Protect|p1b: Milotic
|-singleturn|p1b: Milotic|Protect
|move|p1a: Farigiraf|Psychic|p2b: Palafin
|-damage|p2b: Palafin|61/100
|-curestatus|p2a: Floette|slp|[msg]
|move|p2a: Floette|Dazzling Gleam|p1b: Milotic|[spread] p1a
|-activate|p1b: Milotic|move: Protect
|-damage|p1a: Farigiraf|5/100
|-enditem|p1a: Farigiraf|Sitrus Berry|[eat]
|-heal|p1a: Farigiraf|30/100|[from] item: Sitrus Berry
|
|-heal|p1b: Milotic|80/100|[from] item: Leftovers
|-end|p1a: Farigiraf|Infestation|[partiallytrapped]|[silent]
|-end|p1b: Milotic|Infestation|[partiallytrapped]|[silent]
|-fieldend|move: Trick Room
|upkeep
|turn|6
|inactive|tsteelerfan has 30 seconds left.
|
|t:|1785124161
|switch|p1a: Skeledirge|Skeledirge, L50, F|100/100
|move|p2a: Floette|Dazzling Gleam|p1b: Milotic|[spread] p1a,p1b
|-resisted|p1a: Skeledirge|1
|-damage|p1a: Skeledirge|78/100
|-damage|p1b: Milotic|20/100y
|move|p2b: Palafin|Close Combat|p1b: Milotic
|-damage|p1b: Milotic|0 fnt
|-unboost|p2b: Palafin|def|1
|-unboost|p2b: Palafin|spd|1
|faint|p1b: Milotic
|-damage|p2b: Palafin|51/100|[from] item: Life Orb
|
|upkeep
|
|t:|1785124177
|switch|p1b: Dragalge|Dragalge, L50, M|100/100
|turn|7
|
|t:|1785124195
|move|p2a: Floette|Dazzling Gleam|p1a: Skeledirge|[spread] p1a,p1b
|-resisted|p1a: Skeledirge|1
|-damage|p1a: Skeledirge|57/100
|-damage|p1b: Dragalge|22/100
|move|p2b: Palafin|Wave Crash|p1a: Skeledirge
|-supereffective|p1a: Skeledirge|1
|-enditem|p1a: Skeledirge|Passho Berry|[eat]
|-enditem|p1a: Skeledirge|Passho Berry|[weaken]
|-damage|p1a: Skeledirge|0 fnt
|faint|p1a: Skeledirge
|-damage|p2b: Palafin|30/100|[from] Recoil
|-damage|p2b: Palafin|20/100y|[from] item: Life Orb
|move|p1b: Dragalge|Sludge Bomb|p2a: Floette
|-supereffective|p2a: Floette|1
|-damage|p2a: Floette|59/100
|-status|p2a: Floette|psn
|
|-damage|p2a: Floette|46/100 psn|[from] psn
|upkeep
|c|☆CrawlingKingSnake|ggs
|
|t:|1785124203
|switch|p1a: Farigiraf|Farigiraf, L50, F|30/100
|turn|8
|
|t:|1785124212
|detailschange|p1b: Dragalge|Dragalge-Mega, L50, M
|-mega|p1b: Dragalge|Dragalge|Dragalgite
|move|p2a: Floette|Dazzling Gleam|p1a: Farigiraf|[spread] p1a,p1b
|-damage|p1a: Farigiraf|0 fnt
|-damage|p1b: Dragalge|0 fnt
|faint|p1a: Farigiraf
|faint|p1b: Dragalge
|
|win|CrawlingKingSnake
|raw|tsteelerfan's rating: 1069 → 1053(-16 for losing)
|raw|CrawlingKingSnake's rating: 1142 → 1162(+20 for winning)
|l|☆tsteelerfan
|player|p1|
