|j|☆Sketch Hero
|j|☆gaming from toilet
|html|Sketch Herogaming from toilet    
|uhtml|bestof|Game 2 of a best-of-3
|t:|1757653493
|gametype|doubles
|player|p1|Sketch Hero|red|1074
|player|p2|gaming from toilet|265|1224
|gen|9
|tier|[Gen 9] VGC 2025 Reg H (Bo3)
|rated|
|rule|Species Clause: Limit one of each Pokémon
|rule|Item Clause: Limit 1 of each item
|clearpoke
|poke|p1|Ceruledge, L50, M|
|poke|p1|Sneasler, L50, F|
|poke|p1|Electabuzz, L50, F|
|poke|p1|Dragonite, L50, F|
|poke|p1|Indeedee, L50, M|
|poke|p1|Ursaluna-Bloodmoon, L50, M|
|poke|p2|Dragonite, L50, M|
|poke|p2|Ursaluna-Bloodmoon, L50, M|
|poke|p2|Gholdengo, L50|
|poke|p2|Maushold-Four, L50|
|poke|p2|Annihilape, L50, M|
|poke|p2|Rillaboom, L50, F|
|teampreview|4
|showteam|p1|Ceruledge||FocusSash|FlashFire|Protect,CloseCombat,BitterBlade,Poltergeist|||M|||50|,,,,,Grass]Sneasler||PsychicSeed|Unburden|Coaching,Protect,DireClaw,CloseCombat|||F|||50|,,,,,Fairy]Electabuzz||Eviolite|VitalSpirit|FollowMe,Electroweb,Protect,Taunt|||F|||50|,,,,,Ghost]Dragonite||LoadedDice|Multiscale|Haze,Protect,Tailwind,ScaleShot|||F|||50|,,,,,Fairy]Indeedee||ChoiceScarf|PsychicSurge|ExpandingForce,TeraBlast,Trick,DazzlingGleam|||M|||50|,,,,,Fighting]Ursaluna-Bloodmoon||LifeOrb|MindsEye|Protect,BloodMoon,EarthPower,HyperVoice|||M|||50|,,,,,Normal
|showteam|p2|Dragonite||LoadedDice|Multiscale|ScaleShot,Tailwind,Haze,Protect|||M|||50|,,,,,Fairy]Ursaluna-Bloodmoon||AssaultVest|MindsEye|BloodMoon,EarthPower,HyperVoice,VacuumWave|||M|||50|,,,,,Water]Gholdengo||LifeOrb|GoodasGold|MakeItRain,ShadowBall,NastyPlot,Protect||||||50|,,,,,Dragon]Maushold-Four||FocusSash|FriendGuard|Taunt,FollowMe,BeatUp,Protect||||||50|,,,,,Ghost]Annihilape||SitrusBerry|Defiant|RageFist,DrainPunch,BulkUp,Protect|||M|||50|,,,,,Fire]Rillaboom||MiracleSeed|GrassySurge|WoodHammer,GrassyGlide,HighHorsepower,FakeOut|||F|||50|,,,,,Fire
|inactive|Battle timer is ON: inactive players will automatically lose when time's up. (requested by gaming from toilet)
|
|t:|1757653510
|teamsize|p1|4
|teamsize|p2|4
|start
|switch|p1a: Green|Electabuzz, L50, F|100/100
|switch|p1b: Friend Shaped|Dragonite, L50, F|100/100
|switch|p2a: Dragonite|Dragonite, L50, M|100/100
|switch|p2b: Ursaluna|Ursaluna-Bloodmoon, L50, M|100/100
|turn|1
|inactive|gaming from toilet has 30 seconds left.
|inactive|gaming from toilet has 20 seconds left.
|
|t:|1757653548
|-terastallize|p2a: Dragonite|Fairy
|-terastallize|p1b: Friend Shaped|Fairy
|move|p1a: Green|Protect|p1a: Green
|-singleturn|p1a: Green|Protect
|move|p2a: Dragonite|Scale Shot|p1a: Green
|-activate|p1a: Green|move: Protect
|move|p1b: Friend Shaped|Tailwind|p1b: Friend Shaped
|-sidestart|p1: Sketch Hero|move: Tailwind
|move|p2b: Ursaluna|Hyper Voice|p1a: Green|[spread] p1b
|-activate|p1a: Green|move: Protect
|-damage|p1b: Friend Shaped|82/100
|
|upkeep
|turn|2
|
|t:|1757653570
|move|p1a: Green|Follow Me|p1a: Green
|-singleturn|p1a: Green|move: Follow Me
|move|p1b: Friend Shaped|Scale Shot|p2b: Ursaluna
|-damage|p2b: Ursaluna|91/100
|-crit|p2b: Ursaluna
|-damage|p2b: Ursaluna|73/100
|-damage|p2b: Ursaluna|62/100
|-damage|p2b: Ursaluna|52/100
|-damage|p2b: Ursaluna|41/100
|-hitcount|p2b: Ursaluna|5
|-unboost|p1b: Friend Shaped|def|1
|-boost|p1b: Friend Shaped|spe|1
|move|p2a: Dragonite|Scale Shot|p1a: Green
|-damage|p1a: Green|88/100
|-damage|p1a: Green|76/100
|-damage|p1a: Green|64/100
|-damage|p1a: Green|52/100
|-hitcount|p1a: Green|4
|-unboost|p2a: Dragonite|def|1
|-boost|p2a: Dragonite|spe|1
|move|p2b: Ursaluna|Blood Moon|p1a: Green
|-damage|p1a: Green|0 fnt
|faint|p1a: Green
|
|upkeep
|inactive|Sketch Hero has 30 seconds left.
|
|t:|1757653597
|switch|p1a: Knight|Ceruledge, L50, M|100/100
|turn|3
|
|t:|1757653619
|move|p2b: Ursaluna|Vacuum Wave|p1a: Knight
|-damage|p1a: Knight|83/100
|move|p1b: Friend Shaped|Scale Shot|p2b: Ursaluna
|-damage|p2b: Ursaluna|31/100
|-damage|p2b: Ursaluna|21/100
|-damage|p2b: Ursaluna|10/100
|-damage|p2b: Ursaluna|0 fnt
|faint|p2b: Ursaluna
|-hitcount|p2: Ursaluna|4
|-unboost|p1b: Friend Shaped|def|1
|-boost|p1b: Friend Shaped|spe|1
|move|p1a: Knight|Poltergeist|p2a: Dragonite
|-activate|p2a: Dragonite|move: Poltergeist|Loaded Dice
|-damage|p2a: Dragonite|54/100
|move|p2a: Dragonite|Tailwind|p2a: Dragonite
|-sidestart|p2: gaming from toilet|move: Tailwind
|
|upkeep
|inactive|gaming from toilet has 30 seconds left.
|
|t:|1757653644
|switch|p2b: Annihilape|Annihilape, L50, M|100/100
|turn|4
|
|t:|1757653655
|move|p1b: Friend Shaped|Protect|p1b: Friend Shaped
|-singleturn|p1b: Friend Shaped|Protect
|move|p2a: Dragonite|Protect|p2a: Dragonite
|-singleturn|p2a: Dragonite|Protect
|move|p2b: Annihilape|Protect|p2b: Annihilape
|-singleturn|p2b: Annihilape|Protect
|move|p1a: Knight|Poltergeist|p2b: Annihilape
|-activate|p2b: Annihilape|move: Protect
|
|-sideend|p1: Sketch Hero|move: Tailwind
|upkeep
|turn|5
|
|t:|1757653677
|switch|p1a: Indeedee|Indeedee, L50, M|100/100
|-fieldstart|move: Psychic Terrain|[from] ability: Psychic Surge|[of] p1a: Indeedee
|move|p2a: Dragonite|Scale Shot|p1a: Indeedee
|-damage|p1a: Indeedee|69/100
|-damage|p1a: Indeedee|38/100
|-damage|p1a: Indeedee|5/100
|-damage|p1a: Indeedee|0 fnt
|faint|p1a: Indeedee
|-hitcount|p1: Indeedee|4
|-unboost|p2a: Dragonite|def|1
|-boost|p2a: Dragonite|spe|1
|move|p2b: Annihilape|Rage Fist|p1b: Friend Shaped
|-damage|p1b: Friend Shaped|34/100
|move|p1b: Friend Shaped|Tailwind|p1b: Friend Shaped
|-sidestart|p1: Sketch Hero|move: Tailwind
|
|upkeep
|
|t:|1757653695
|switch|p1a: Knight|Ceruledge, L50, M|83/100
|turn|6
|inactive|gaming from toilet has 30 seconds left.
|
|t:|1757653730
|move|p2a: Dragonite|Scale Shot|p1a: Knight|[miss]
|-miss|p2a: Dragonite|p1a: Knight
|move|p1b: Friend Shaped|Scale Shot|p2b: Annihilape
|-damage|p2b: Annihilape|86/100
|-damage|p2b: Annihilape|71/100
|-damage|p2b: Annihilape|56/100
|-damage|p2b: Annihilape|40/100
|-enditem|p2b: Annihilape|Sitrus Berry|[eat]
|-heal|p2b: Annihilape|65/100|[from] item: Sitrus Berry
|-damage|p2b: Annihilape|49/100
|-hitcount|p2b: Annihilape|5
|-unboost|p1b: Friend Shaped|def|1
|-boost|p1b: Friend Shaped|spe|1
|move|p2b: Annihilape|Rage Fist|p1a: Knight
|-supereffective|p1a: Knight
|-damage|p1a: Knight|0 fnt
|faint|p1a: Knight
|
|-sideend|p2: gaming from toilet|move: Tailwind
|upkeep
|turn|7
|inactive|Sketch Hero has 30 seconds left.
|
|t:|1757653755
|move|p2b: Annihilape|Protect|p2b: Annihilape
|-singleturn|p2b: Annihilape|Protect
|move|p1b: Friend Shaped|Scale Shot|p2b: Annihilape
|-activate|p2b: Annihilape|move: Protect
|move|p2a: Dragonite|Haze|p2a: Dragonite
|-clearallboost
|
|upkeep
|turn|8
|
|t:|1757653776
|move|p1b: Friend Shaped|Scale Shot|p2b: Annihilape
|-damage|p2b: Annihilape|33/100
|-damage|p2b: Annihilape|18/100
|-damage|p2b: Annihilape|3/100
|-damage|p2b: Annihilape|0 fnt
|faint|p2b: Annihilape
|-hitcount|p2: Annihilape|4
|-unboost|p1b: Friend Shaped|def|1
|-boost|p1b: Friend Shaped|spe|1
|move|p2a: Dragonite|Tailwind|p2a: Dragonite
|-sidestart|p2: gaming from toilet|move: Tailwind
|
|-sideend|p1: Sketch Hero|move: Tailwind
|upkeep
|
|t:|1757653789
|switch|p2b: Rillaboom|Rillaboom, L50, F|100/100
|-fieldstart|move: Grassy Terrain|[from] ability: Grassy Surge|[of] p2b: Rillaboom
|turn|9
|
|t:|1757653804
|move|p2a: Dragonite|Scale Shot|p1b: Friend Shaped
|-immune|p1b: Friend Shaped
|move|p2b: Rillaboom|Wood Hammer|p1b: Friend Shaped
|-damage|p1b: Friend Shaped|0 fnt
|faint|p1b: Friend Shaped
|-damage|p2b: Rillaboom|91/100|[from] Recoil
|
|win|gaming from toilet
|raw|Sketch Hero's rating: 1074 → 1061(-13 for losing)
|raw|gaming from toilet's rating: 1224 → 1239(+15 for winning)
|c|☆Sketch Hero|gg
|l|☆gaming from toilet
|player|p2|
