|j|☆Ceriii
|j|☆Pixyire
|html|CeriiiPixyire    
|uhtml|bestof|Game 1 of a best-of-3
|t:|1785803951
|gametype|doubles
|player|p1|Ceriii|miku-flying|
|player|p2|Pixyire|colress|
|gen|9
|tier|[Gen 9 Champions] VGC 2026 Reg M-B (Bo3)
|rule|Species Clause: Limit one of each Pokémon
|rule|Item Clause: Limit 1 of each item
|clearpoke
|poke|p1|Staraptor, L50, M|
|poke|p1|Pelipper, L50, F, shiny|
|poke|p1|Floette-Eternal, L50, F|
|poke|p1|Metagross, L50|
|poke|p1|Arcanine-Hisui, L50, F|
|poke|p1|Sinistcha, L50|
|poke|p2|Mudsdale, L50, M|
|poke|p2|Garchomp, L50, M|
|poke|p2|Floette-Eternal, L50, F|
|poke|p2|Charizard, L50, F|
|poke|p2|Venusaur, L50, F|
|poke|p2|Kangaskhan, L50, F|
|teampreview|4
|showteam|p1|Staraptor||Staraptite|Intimidate|CloseCombat,BraveBird,SkyAttack,GigaImpact|Jolly||M|||50|]Pelipper||SitrusBerry|Drizzle|HydroPump,Hurricane,Blizzard,GunkShot|Quiet||F|||50|]Floette-Eternal||ChoiceScarf|FlowerVeil|LightofRuin,HyperBeam,PetalDance,SolarBeam|Modest||F|||50|]Metagross||Metagrossite|ClearBody|Explosion,Earthquake,StoneEdge,SteelBeam|Naive|||||50|]Arcanine-Hisui||BrightPowder|Intimidate|HeadSmash,CloseCombat,FlareBlitz,Outrage|Jolly||F|||50|]Sinistcha||MiracleSeed|Hospitality|LeafStorm,Poltergeist,SolarBeam|Modest|||||50|
|showteam|p2|Mudsdale||ChoiceScarf|InnerFocus|MegaKick,StoneEdge,CloseCombat,Earthquake|Jolly||M|||50|]Garchomp||LifeOrb|SandVeil|DracoMeteor,Earthquake,Outrage,DoubleEdge|Rash||M|||50|]Floette-Eternal||Floettite|FlowerVeil|LightofRuin,PetalDance,SolarBeam,HyperBeam|Modest||F|||50|]Charizard||CharizarditeY|SolarPower|FireBlast,SolarBeam,DoubleEdge,HyperBeam|Modest||F|||50|]Venusaur||QuickClaw|Chlorophyll|PowerWhip,SolarBeam,PetalDance,FrenzyPlant|Calm||F|||50|]Kangaskhan||SilkScarf|Scrappy|LastResort,IronTail|Adamant||F|||50|
|c|☆Ceriii|gl hf~
|
|t:|1785804054
|teamsize|p1|4
|teamsize|p2|4
|start
|switch|p1a: Arcanine|Arcanine-Hisui, L50, F|100/100
|switch|p1b: Staraptor|Staraptor, L50, M|100/100
|switch|p2a: Mudsdale|Mudsdale, L50, M|100/100
|switch|p2b: Charizard|Charizard, L50, F|100/100
|-ability|p1b: Staraptor|Intimidate|boost
|-fail|p2a: Mudsdale|unboost|Attack|[from] ability: Inner Focus|[of] p2a: Mudsdale
|-unboost|p2b: Charizard|atk|1
|-ability|p1a: Arcanine|Intimidate|boost
|-fail|p2a: Mudsdale|unboost|Attack|[from] ability: Inner Focus|[of] p2a: Mudsdale
|-unboost|p2b: Charizard|atk|1
|turn|1
|c|☆Pixyire|hoi
|
|t:|1785804128
|switch|p2b: Kangaskhan|Kangaskhan, L50, F|100/100
|detailschange|p1b: Staraptor|Staraptor-Mega, L50, M
|-mega|p1b: Staraptor|Staraptor|Staraptite
|move|p1b: Staraptor|Close Combat|p2a: Mudsdale
|-damage|p2a: Mudsdale|49/100
|-boost|p1b: Staraptor|def|1
|-boost|p1b: Staraptor|spd|1
|move|p1a: Arcanine|Head Smash|p2b: Kangaskhan
|-damage|p2b: Kangaskhan|19/100
|-damage|p1a: Arcanine|57/100|[from] Recoil
|move|p2a: Mudsdale|Stone Edge|p1b: Staraptor|[miss]
|-miss|p2a: Mudsdale|p1b: Staraptor
|
|upkeep
|turn|2
|
|t:|1785804166
|switch|p1a: Floette|Floette-Eternal, L50, F|100/100
|move|p1b: Staraptor|Close Combat|p2a: Mudsdale
|-damage|p2a: Mudsdale|0 fnt
|-boost|p1b: Staraptor|def|1
|-boost|p1b: Staraptor|spd|1
|faint|p2a: Mudsdale
|move|p2b: Kangaskhan|Iron Tail|p1b: Staraptor
|-crit|p1b: Staraptor
|-damage|p1b: Staraptor|45/100
|
|upkeep
|
|t:|1785804179
|switch|p2a: Charizard|Charizard, L50, F|100/100
|turn|3
|
|t:|1785804207
|move|p1a: Floette|Hyper Beam|p2a: Charizard
|-damage|p2a: Charizard|30/100
|-mustrecharge|p1a: Floette
|move|p1b: Staraptor|Brave Bird|p2a: Charizard
|-damage|p2a: Charizard|0 fnt
|faint|p2a: Charizard
|-damage|p1b: Staraptor|35/100|[from] Recoil
|move|p2b: Kangaskhan|Iron Tail|p1a: Floette
|-supereffective|p1a: Floette|1
|-damage|p1a: Floette|1/100
|
|upkeep
|
|t:|1785804220
|switch|p2a: Garchomp|Garchomp, L50, M|100/100
|turn|4
|
|t:|1785804249
|cant|p1a: Floette|recharge
|move|p1b: Staraptor|Close Combat|p2b: Kangaskhan
|-supereffective|p2b: Kangaskhan|1
|-crit|p2b: Kangaskhan
|-damage|p2b: Kangaskhan|0 fnt
|-boost|p1b: Staraptor|def|1
|-boost|p1b: Staraptor|spd|1
|faint|p2b: Kangaskhan
|move|p2a: Garchomp|Draco Meteor|p1b: Staraptor
|-damage|p1b: Staraptor|6/100
|-unboost|p2a: Garchomp|spa|2
|-damage|p2a: Garchomp|90/100|[from] item: Life Orb
|
|upkeep
|turn|5
|j| shaboogles
|
|t:|1785804276
|switch|p1a: Arcanine|Arcanine-Hisui, L50, F|57/100
|-ability|p1a: Arcanine|Intimidate|boost
|-unboost|p2a: Garchomp|atk|1
|move|p1b: Staraptor|Close Combat|p2a: Garchomp
|-damage|p2a: Garchomp|20/100y
|-boost|p1b: Staraptor|def|1
|-boost|p1b: Staraptor|spd|1
|move|p2a: Garchomp|Double-Edge|p1b: Staraptor
|-damage|p1b: Staraptor|0 fnt
|faint|p1b: Staraptor
|-damage|p2a: Garchomp|19/100|[from] Recoil
|-damage|p2a: Garchomp|9/100|[from] item: Life Orb
|
|upkeep
|
|t:|1785804290
|switch|p1b: Pelipper|Pelipper, L50, F, shiny|100/100
|-weather|RainDance|[from] ability: Drizzle|[of] p1b: Pelipper
|turn|6
|
|t:|1785804304
|move|p1a: Arcanine|Close Combat|p2a: Garchomp
|-damage|p2a: Garchomp|0 fnt
|-unboost|p1a: Arcanine|def|1
|-unboost|p1a: Arcanine|spd|1
|faint|p2a: Garchomp
|
|win|Ceriii
||Ceriii is ready for game 2.
|inactive|Pixyire has 30 seconds to confirm battle start!
||Pixyire is ready for game 2.
|uhtml|next|Next: Game 2 of 3
