|j|☆chineseobama
|j|☆patback0
|html|chineseobamapatback0    
|uhtml|bestof|Game 2 of a best-of-3
|t:|1757635465
|gametype|doubles
|player|p1|chineseobama|lucas|1048
|player|p2|patback0|265|1000
|gen|9
|tier|[Gen 9] VGC 2025 Reg H (Bo3)
|rated|
|rule|Species Clause: Limit one of each Pokémon
|rule|Item Clause: Limit 1 of each item
|clearpoke
|poke|p1|Ursaluna, L50, M|
|poke|p1|Porygon2, L50|
|poke|p1|Amoonguss, L50, M|
|poke|p1|Incineroar, L50, F|
|poke|p1|Archaludon, L50, F|
|poke|p1|Sneasler, L50, M|
|poke|p2|Kommo-o, L50, M|
|poke|p2|Tyranitar, L50, M|
|poke|p2|Rillaboom, L50, M|
|poke|p2|Magmar, L50, F|
|poke|p2|Primarina, L50, F|
|poke|p2|Salamence, L50, F|
|teampreview|4
|showteam|p1|Ursaluna||FlameOrb|Guts|Facade,HeadlongRush,Earthquake,Protect|||M|||50|,,,,,Ghost]Porygon2||Eviolite|Download|TeraBlast,IceBeam,Recover,TrickRoom||||||50|,,,,,Flying]Amoonguss||SitrusBerry|Regenerator|Spore,RagePowder,PollenPuff,Protect|||M|||50|,,,,,Water]Incineroar||SafetyGoggles|Intimidate|KnockOff,FakeOut,PartingShot,FlareBlitz|||F|||50|,,,,,Ghost]Archaludon||PowerHerb|Stalwart|ElectroShot,Thunderbolt,DracoMeteor,Protect|||F|||50|,,,,,Electric]Sneasler||FocusSash|Unburden|CloseCombat,DireClaw,ThroatChop,Protect|||M|||50|,,,,,Dark
|showteam|p2|Kommo-o||Leftovers|Overcoat|BodyPress,ThroatChop,Protect,IronDefense|||M|||50|,,,,,Steel]Tyranitar||AssaultVest|SandStream|RockSlide,KnockOff,LowKick,TeraBlast|||M|||50|,,,,,Flying]Rillaboom||MeadowPlate|GrassySurge|GrassyGlide,WoodHammer,FakeOut,Uturn|||M|||50|,,,,,Grass]Magmar||Eviolite|FlameBody|Overheat,FollowMe,Protect,Taunt|||F|||50|,,,,,Dark]Primarina||SitrusBerry|LiquidVoice|HyperVoice,Moonblast,Protect,Haze|||F|||50|,,,,,Ghost]Salamence||LifeOrb|Intimidate|DracoMeteor,AirSlash,Protect,Tailwind|||F|||50|,,,,,Steel
|inactive|Battle timer is ON: inactive players will automatically lose when time's up. (requested by chineseobama)
|
|t:|1757635510
|teamsize|p1|4
|teamsize|p2|4
|start
|switch|p1a: Porygon2|Porygon2, L50|100/100
|switch|p1b: Archaludon|Archaludon, L50, F|100/100
|switch|p2a: Salamence|Salamence, L50, F|100/100
|switch|p2b: Primarina|Primarina, L50, F|100/100
|-ability|p2a: Salamence|Intimidate|boost
|-unboost|p1a: Porygon2|atk|1
|-unboost|p1b: Archaludon|atk|1
|-ability|p1a: Porygon2|Download|boost
|-boost|p1a: Porygon2|atk|1
|turn|1
|inactive|patback0 has 30 seconds left.
|
|t:|1757635540
|move|p2a: Salamence|Draco Meteor|p1b: Archaludon
|-damage|p1b: Archaludon|0 fnt
|-unboost|p2a: Salamence|spa|2
|faint|p1b: Archaludon
|-damage|p2a: Salamence|91/100|[from] item: Life Orb
|move|p2b: Primarina|Hyper Voice|p1a: Porygon2
|-damage|p1a: Porygon2|69/100
|move|p1a: Porygon2|Trick Room|p1a: Porygon2
|-fieldstart|move: Trick Room|[of] p1a: Porygon2
|
|upkeep
|inactive|chineseobama has 30 seconds left.
|
|t:|1757635570
|switch|p1b: Ursaluna|Ursaluna, L50, M|100/100
|turn|2
|
|t:|1757635594
|-terastallize|p2b: Primarina|Ghost
|move|p1b: Ursaluna|Protect|p1b: Ursaluna
|-singleturn|p1b: Ursaluna|Protect
|move|p2a: Salamence|Protect|p2a: Salamence
|-singleturn|p2a: Salamence|Protect
|move|p1a: Porygon2|Ice Beam|p2a: Salamence
|-activate|p2a: Salamence|move: Protect
|move|p2b: Primarina|Hyper Voice|p1a: Porygon2|[spread] p1a
|-activate|p1b: Ursaluna|move: Protect
|-damage|p1a: Porygon2|46/100
|
|-status|p1b: Ursaluna|brn|[from] item: Flame Orb
|upkeep
|turn|3
|inactive|chineseobama has 30 seconds left.
|
|t:|1757635619
|switch|p2a: Magmar|Magmar, L50, F|100/100
|move|p1b: Ursaluna|Headlong Rush|p2b: Primarina
|-damage|p2b: Primarina|0 fnt
|-unboost|p1b: Ursaluna|def|1
|-unboost|p1b: Ursaluna|spd|1
|faint|p2b: Primarina
|move|p1a: Porygon2|Ice Beam|p2a: Magmar
|-resisted|p2a: Magmar
|-damage|p2a: Magmar|91/100
|
|-damage|p1b: Ursaluna|95/100 brn|[from] brn
|upkeep
|inactive|patback0 has 30 seconds left.
|
|t:|1757635648
|switch|p2b: Tyranitar|Tyranitar, L50, M|100/100
|-weather|Sandstorm|[from] ability: Sand Stream|[of] p2b: Tyranitar
|turn|4
|inactive|patback0 has 30 seconds left.
|
|t:|1757635682
|-terastallize|p1a: Porygon2|Flying
|move|p2a: Magmar|Follow Me|p2a: Magmar
|-singleturn|p2a: Magmar|move: Follow Me
|move|p1b: Ursaluna|Earthquake|p2b: Tyranitar|[spread] p2a,p2b
|-immune|p1a: Porygon2
|-supereffective|p2a: Magmar
|-supereffective|p2b: Tyranitar
|-damage|p2a: Magmar|0 fnt
|-damage|p2b: Tyranitar|0 fnt
|faint|p2a: Magmar
|faint|p2b: Tyranitar
|move|p1a: Porygon2|Ice Beam|p2: Magmar|[notarget]
|-fail|p1a: Porygon2
|
|-weather|Sandstorm|[upkeep]
|-damage|p1a: Porygon2|40/100|[from] Sandstorm
|-damage|p1b: Ursaluna|89/100 brn|[from] brn
|upkeep
|
|t:|1757635696
|switch|p2b: Salamence|Salamence, L50, F|91/100
|-ability|p2b: Salamence|Intimidate|boost
|-unboost|p1a: Porygon2|atk|1
|-unboost|p1b: Ursaluna|atk|1
|turn|5
|
|t:|1757635711
|switch|p1b: Amoonguss|Amoonguss, L50, M|100/100
|move|p2b: Salamence|Protect|p2b: Salamence
|-singleturn|p2b: Salamence|Protect
|move|p1a: Porygon2|Recover|p1a: Porygon2
|-heal|p1a: Porygon2|90/100
|
|-weather|Sandstorm|[upkeep]
|-damage|p1b: Amoonguss|95/100|[from] Sandstorm
|-damage|p1a: Porygon2|83/100|[from] Sandstorm
|-damage|p2b: Salamence|85/100|[from] Sandstorm
|-fieldend|move: Trick Room
|upkeep
|turn|6
|
|t:|1757635722
|move|p2b: Salamence|Air Slash|p1b: Amoonguss
|-supereffective|p1b: Amoonguss
|-damage|p1b: Amoonguss|20/100
|-enditem|p1b: Amoonguss|Sitrus Berry|[eat]
|-heal|p1b: Amoonguss|44/100|[from] item: Sitrus Berry
|-damage|p2b: Salamence|75/100|[from] item: Life Orb
|move|p1b: Amoonguss|Spore|p2b: Salamence
|-status|p2b: Salamence|slp|[from] move: Spore
|move|p1a: Porygon2|Trick Room|p1a: Porygon2
|-fieldstart|move: Trick Room|[of] p1a: Porygon2
|
|-weather|Sandstorm|[upkeep]
|-damage|p1b: Amoonguss|39/100|[from] Sandstorm
|-damage|p1a: Porygon2|77/100|[from] Sandstorm
|-damage|p2b: Salamence|69/100 slp|[from] Sandstorm
|upkeep
|turn|7
|
|t:|1757635736
|switch|p1b: Ursaluna|Ursaluna, L50, M|89/100 brn
|move|p1a: Porygon2|Ice Beam|p2b: Salamence
|-supereffective|p2b: Salamence
|-damage|p2b: Salamence|0 fnt
|faint|p2b: Salamence
|
|win|chineseobama
|raw|chineseobama's rating: 1048 → 1076(+28 for winning)
|raw|patback0's rating: 1000 → 1000(+0 for losing)
