|j|☆JuanGuerrero09
|j|☆s3nd4
|html|JuanGuerrero09s3nd4    
|uhtml|bestof|Game 2 of a best-of-3
|t:|1756976886
|gametype|doubles
|player|p1|JuanGuerrero09|265|1114
|player|p2|s3nd4|n|1068
|gen|9
|tier|[Gen 9] VGC 2025 Reg H (Bo3)
|rated|
|rule|Species Clause: Limit one of each Pokémon
|rule|Item Clause: Limit 1 of each item
|clearpoke
|poke|p1|Sneasler, L50, M|
|poke|p1|Indeedee, L50, M|
|poke|p1|Tyranitar, L50, M|
|poke|p1|Excadrill, L50, M|
|poke|p1|Gholdengo, L50|
|poke|p1|Incineroar, L50, F|
|poke|p2|Annihilape, L50, M|
|poke|p2|Ninetales-Alola, L50, F|
|poke|p2|Talonflame, L50, M|
|poke|p2|Garchomp, L50, M|
|poke|p2|Vivillon-Ocean, L50, F|
|poke|p2|Gholdengo, L50|
|teampreview|4
|showteam|p1|Sneasler||WhiteHerb|Unburden|CloseCombat,DireClaw,FakeOut,Protect|||M|||50|,,,,,Dark]Indeedee||ChoiceScarf|PsychicSurge|ExpandingForce,TeraBlast,Trick,Protect|||M|||50|,,,,,Fire]Tyranitar||AssaultVest|SandStream|RockSlide,KnockOff,TeraBlast,LowKick|||M|||50|,,,,,Flying]Excadrill||FocusSash|SandRush|HighHorsepower,Earthquake,IronHead,Protect|||M|||50|,,,,,Ground]Gholdengo||MetalCoat|GoodasGold|ShadowBall,Protect,MakeItRain,NastyPlot||||||50|,,,,,Water]Incineroar||SafetyGoggles|Intimidate|FakeOut,KnockOff,FlareBlitz,PartingShot|||F|||50|,,,,,Ghost
|showteam|p2|Annihilape||SafetyGoggles|Defiant|RageFist,DrainPunch,BulkUp,Protect|||M|||50|,,,,,Water]Ninetales-Alola||CovertCloak|SnowWarning|Blizzard,FreezeDry,AuroraVeil,Protect|||F|||50|,,,,,Ice]Talonflame||SharpBeak|GaleWings|DualWingbeat,Tailwind,WillOWisp,Protect|||M|||50|,,,,,Ghost]Garchomp||LifeOrb|RoughSkin|Earthquake,StompingTantrum,DragonClaw,Protect|||M|||50|,,,,,Steel]Vivillon-Ocean||FocusSash|CompoundEyes|SleepPowder,Hurricane,RagePowder,Protect|||F|||50|,,,,,Ghost]Gholdengo||IronPlate|GoodasGold|MakeItRain,ShadowBall,NastyPlot,Protect||||||50|,,,,,Steel
|inactive|Battle timer is ON: inactive players will automatically lose when time's up. (requested by s3nd4)
|
|t:|1756976952
|teamsize|p1|4
|teamsize|p2|4
|start
|switch|p1a: Excadrill|Excadrill, L50, M|100/100
|switch|p1b: Tyranitar|Tyranitar, L50, M|100/100
|switch|p2a: Talonflame|Talonflame, L50, M|100/100
|switch|p2b: Annihilape|Annihilape, L50, M, shiny|100/100
|-weather|Sandstorm|[from] ability: Sand Stream|[of] p1b: Tyranitar
|turn|1
|inactive|JuanGuerrero09 has 30 seconds left.
|inactive|s3nd4 has 30 seconds left.
|
|t:|1756976986
|switch|p2b: Ninetales|Ninetales-Alola, L50, F, shiny|100/100
|-weather|Snowscape|[from] ability: Snow Warning|[of] p2b: Ninetales
|-terastallize|p2a: Talonflame|Ghost
|-terastallize|p1b: Tyranitar|Flying
|move|p2a: Talonflame|Tailwind|p2a: Talonflame
|-sidestart|p2: s3nd4|move: Tailwind
|move|p1a: Excadrill|High Horsepower|p2b: Ninetales
|-damage|p2b: Ninetales|41/100
|move|p1b: Tyranitar|Rock Slide|p2b: Ninetales|[spread] p2a
|-miss|p1b: Tyranitar|p2b: Ninetales
|-damage|p2a: Talonflame|49/100
|
|-weather|Snowscape|[upkeep]
|upkeep
|turn|2
|inactive|JuanGuerrero09 has 30 seconds left.
|inactive|JuanGuerrero09 has 20 seconds left.
|
|t:|1756977023
|switch|p1b: Gholdengo|Gholdengo, L50|100/100
|move|p1a: Excadrill|Protect|p1a: Excadrill
|-singleturn|p1a: Excadrill|Protect
|move|p2a: Talonflame|Will-O-Wisp|p1a: Excadrill
|-activate|p1a: Excadrill|move: Protect
|move|p2b: Ninetales|Blizzard|p1b: Gholdengo|[spread] p1b
|-activate|p1a: Excadrill|move: Protect
|-resisted|p1b: Gholdengo
|-damage|p1b: Gholdengo|82/100
|
|-weather|Snowscape|[upkeep]
|upkeep
|turn|3
|inactive|s3nd4 has 30 seconds left.
|
|t:|1756977050
|switch|p1a: Tyranitar|Tyranitar, L50, M, tera:Flying|100/100
|-weather|Sandstorm|[from] ability: Sand Stream|[of] p1a: Tyranitar
|move|p2a: Talonflame|Will-O-Wisp|p1a: Tyranitar
|-status|p1a: Tyranitar|brn
|move|p2b: Ninetales|Aurora Veil||[still]
|-fail|p2b: Ninetales
|move|p1b: Gholdengo|Make It Rain|p2b: Ninetales|[spread] p2a,p2b
|-supereffective|p2b: Ninetales
|-damage|p2a: Talonflame|0 fnt
|-damage|p2b: Ninetales|0 fnt
|-unboost|p1b: Gholdengo|spa|1
|faint|p2a: Talonflame
|faint|p2b: Ninetales
|
|-weather|Sandstorm|[upkeep]
|-damage|p1a: Tyranitar|95/100 brn|[from] Sandstorm
|-damage|p1a: Tyranitar|89/100 brn|[from] brn
|upkeep
|
|t:|1756977072
|switch|p2a: Garchomp|Garchomp, L50, M|100/100
|switch|p2b: Annihilape|Annihilape, L50, M, shiny|100/100
|turn|4
|
|t:|1756977086
|move|p1b: Gholdengo|Protect|p1b: Gholdengo
|-singleturn|p1b: Gholdengo|Protect
|move|p2a: Garchomp|Stomping Tantrum|p1b: Gholdengo
|-activate|p1b: Gholdengo|move: Protect
|move|p2b: Annihilape|Bulk Up|p2b: Annihilape
|-boost|p2b: Annihilape|atk|1
|-boost|p2b: Annihilape|def|1
|move|p1a: Tyranitar|Tera Blast|p2b: Annihilape|[anim] Tera Blast Flying
|-supereffective|p2b: Annihilape
|-damage|p2b: Annihilape|67/100
|
|-weather|Sandstorm|[upkeep]
|-damage|p1a: Tyranitar|83/100 brn|[from] Sandstorm
|-damage|p1a: Tyranitar|77/100 brn|[from] brn
|-sideend|p2: s3nd4|move: Tailwind
|upkeep
|turn|5
|inactive|JuanGuerrero09 has 30 seconds left.
|inactive|JuanGuerrero09 has 20 seconds left.
|inactive|JuanGuerrero09 has 15 seconds left.
|
|t:|1756977130
|move|p2a: Garchomp|Stomping Tantrum|p1b: Gholdengo
|-supereffective|p1b: Gholdengo
|-damage|p1b: Gholdengo|0 fnt
|faint|p1b: Gholdengo
|-damage|p2a: Garchomp|91/100|[from] item: Life Orb
|move|p2b: Annihilape|Bulk Up|p2b: Annihilape
|-boost|p2b: Annihilape|atk|1
|-boost|p2b: Annihilape|def|1
|move|p1a: Tyranitar|Knock Off|p2b: Annihilape
|-damage|p2b: Annihilape|53/100
|-enditem|p2b: Annihilape|Safety Goggles|[from] move: Knock Off|[of] p1a: Tyranitar
|
|-weather|Sandstorm|[upkeep]
|-damage|p2b: Annihilape|47/100|[from] Sandstorm
|-damage|p1a: Tyranitar|72/100 brn|[from] Sandstorm
|-damage|p1a: Tyranitar|66/100 brn|[from] brn
|upkeep
|
|t:|1756977146
|switch|p1b: Indeedee|Indeedee, L50, M|100/100
|-fieldstart|move: Psychic Terrain|[from] ability: Psychic Surge|[of] p1b: Indeedee
|turn|6
|inactive|JuanGuerrero09 has 30 seconds left.
|
|t:|1756977177
|move|p1b: Indeedee|Expanding Force|p2b: Annihilape|[spread] p2a,p2b
|-supereffective|p2b: Annihilape
|-damage|p2a: Garchomp|35/100
|-damage|p2b: Annihilape|0 fnt
|faint|p2b: Annihilape
|move|p2a: Garchomp|Dragon Claw|p1a: Tyranitar
|-damage|p1a: Tyranitar|26/100 brn
|-damage|p2a: Garchomp|25/100|[from] item: Life Orb
|move|p1a: Tyranitar|Knock Off|p2a: Garchomp
|-damage|p2a: Garchomp|0 fnt
|-damage|p1a: Tyranitar|14/100 brn|[from] ability: Rough Skin|[of] p2a: Garchomp
|-enditem|p2a: Garchomp|Life Orb|[from] move: Knock Off|[of] p1a: Tyranitar
|faint|p2a: Garchomp
|
|win|JuanGuerrero09
