|j|☆EGG_dude
|j|☆Tote1303
|html|EGG_dudeTote1303    
|uhtml|bestof|Game 2 of a best-of-3
|t:|1785171789
|gametype|doubles
|player|p1|EGG_dude|clown|
|player|p2|Tote1303|giovanni|
|gen|9
|tier|[Gen 9 Champions] VGC 2026 Reg M-B (Bo3)
|rule|Species Clause: Limit one of each Pokémon
|rule|Item Clause: Limit 1 of each item
|clearpoke
|poke|p1|Gengar, L50, F, shiny|
|poke|p1|Incineroar, L50, M|
|poke|p1|Basculegion, L50, M|
|poke|p1|Kommo-o, L50, F|
|poke|p1|Sinistcha, L50|
|poke|p1|Altaria, L50, M|
|poke|p2|Swampert, L50, M|
|poke|p2|Pelipper, L50, M, shiny|
|poke|p2|Archaludon, L50, F|
|poke|p2|Grimmsnarl, L50, M|
|poke|p2|Toxicroak, L50, M|
|poke|p2|Wyrdeer, L50, M|
|teampreview|4
|showteam|p1|Gengar||Gengarite|CursedBody|ShadowBall,EnergyBall,Thunderbolt,Protect|Modest||F|||50|]Incineroar||SitrusBerry|Intimidate|FakeOut,DarkestLariat,PartingShot,Protect|Careful||M|||50|]Basculegion||LifeOrb|Adaptability|LastRespects,AquaJet,WaveCrash,Protect|Jolly||M|||50|]Kommo-o||BlackBelt|Soundproof|AuraSphere,ClangingScales,VacuumWave,Protect|Timid||F|||50|]Sinistcha||CobaBerry|Hospitality|MatchaGotcha,RagePowder,LifeDew,Protect|Calm|||||50|]Altaria||YacheBerry|CloudNine|PerishSong,DazzlingGleam,Tailwind,Protect|Calm||M|||50|
|showteam|p2|Swampert||Swampertite|Torrent|Waterfall,HighHorsepower,IcePunch,Protect|Adamant||M|||50|]Pelipper||FocusSash|Drizzle|Tailwind,Hurricane,RainDance,Protect|Bold||M|||50|]Archaludon||Leftovers|Stamina|ElectroShot,FlashCannon,DracoMeteor,BodySlam|Modest||F|||50|]Grimmsnarl||LightClay|Prankster|Reflect,LightScreen,SpiritBreak,PartingShot|Careful||M|||50|]Toxicroak||MysticWater|DrySkin|DrainPunch,SuckerPunch,Protect,GunkShot|Jolly||M|||50|]Wyrdeer||SitrusBerry|Intimidate|TrickRoom,Psychic,HelpingHand,Protect|Calm||M|||50|
|j| PorygonTheBot
|c| PorygonTheBot|I'm here now, the battle can get started!
|j| joguisolo
|c| joguisolo|el del gengar es gay
|
|t:|1785171875
|teamsize|p1|4
|teamsize|p2|4
|start
|switch|p1a: Incineroar|Incineroar, L50, M|100/100
|switch|p1b: Kommo-o|Kommo-o, L50, F|100/100
|switch|p2a: Swampert|Swampert, L50, M|100/100
|switch|p2b: Pelipper|Pelipper, L50, M, shiny|100/100
|-weather|RainDance|[from] ability: Drizzle|[of] p2b: Pelipper
|-ability|p1a: Incineroar|Intimidate|boost
|-unboost|p2a: Swampert|atk|1
|-unboost|p2b: Pelipper|atk|1
|turn|1
|
|t:|1785171959
|detailschange|p2a: Swampert|Swampert-Mega, L50, M
|-mega|p2a: Swampert|Swampert|Swampertite
|move|p2a: Swampert|Protect|p2a: Swampert
|-singleturn|p2a: Swampert|Protect
|move|p1a: Incineroar|Fake Out|p2b: Pelipper
|-damage|p2b: Pelipper|91/100
|move|p1b: Kommo-o|Aura Sphere|p2a: Swampert
|-activate|p2a: Swampert|move: Protect
|cant|p2b: Pelipper|flinch
|
|-weather|RainDance|[upkeep]
|upkeep
|turn|2
|
|t:|1785171996
|switch|p1b: Altaria|Altaria, L50, M|100/100
|-ability|p1b: Altaria|Cloud Nine
|move|p1a: Incineroar|Protect|p1a: Incineroar
|-singleturn|p1a: Incineroar|Protect
|move|p2a: Swampert|Ice Punch|p1b: Altaria
|-supereffective|p1b: Altaria|2
|-enditem|p1b: Altaria|Yache Berry|[eat]
|-enditem|p1b: Altaria|Yache Berry|[weaken]
|-damage|p1b: Altaria|63/100
|-status|p1b: Altaria|frz
|move|p2b: Pelipper|Tailwind|p2b: Pelipper
|-sidestart|p2: Tote1303|move: Tailwind
|
|-weather|RainDance|[upkeep]
|upkeep
|turn|3
|
|t:|1785172030
|cant|p1b: Altaria|frz
|move|p2a: Swampert|Waterfall|p1a: Incineroar
|-supereffective|p1a: Incineroar|1
|-damage|p1a: Incineroar|36/100
|-enditem|p1a: Incineroar|Sitrus Berry|[eat]
|-heal|p1a: Incineroar|61/100|[from] item: Sitrus Berry
|move|p2b: Pelipper|Rain Dance||[still]
|-fail|p2b: Pelipper
|move|p1a: Incineroar|Parting Shot|p2a: Swampert
|-unboost|p2a: Swampert|atk|1
|-unboost|p2a: Swampert|spa|1
|
|t:|1785172040
|switch|p1a: Gengar|Gengar, L50, F, shiny|100/100|[from] Parting Shot
|
|-weather|RainDance|[upkeep]
|upkeep
|turn|4
|
|t:|1785172142
|detailschange|p1a: Gengar|Gengar-Mega, L50, F, shiny
|-mega|p1a: Gengar|Gengar|Gengarite
|cant|p1b: Altaria|frz
|move|p2a: Swampert|Ice Punch|p1b: Altaria
|-supereffective|p1b: Altaria|2
|-damage|p1b: Altaria|6/100 frz
|move|p2b: Pelipper|Hurricane|p1a: Gengar|[miss]
|-miss|p2b: Pelipper|p1a: Gengar
|move|p1a: Gengar|Energy Ball|p2a: Swampert
|-supereffective|p2a: Swampert|2
|-damage|p2a: Swampert|0 fnt
|faint|p2a: Swampert
|
|-weather|RainDance|[upkeep]
|upkeep
|
|t:|1785172160
|switch|p2a: Grimmsnarl|Grimmsnarl, L50, M|100/100
|turn|5
|
|t:|1785172185
|-curestatus|p1b: Altaria|frz|[msg]
|move|p1b: Altaria|Protect|p1b: Altaria
|-singleturn|p1b: Altaria|Protect
|move|p2a: Grimmsnarl|Light Screen|p2a: Grimmsnarl
|-sidestart|p2: Tote1303|move: Light Screen
|move|p2b: Pelipper|Hurricane|p1a: Gengar|[miss]
|-miss|p2b: Pelipper|p1a: Gengar
|move|p1a: Gengar|Thunderbolt|p2b: Pelipper
|-supereffective|p2b: Pelipper|2
|-damage|p2b: Pelipper|0 fnt
|faint|p2b: Pelipper
|
|-weather|none
|-sideend|p2: Tote1303|move: Tailwind
|upkeep
|
|t:|1785172197
|switch|p2b: Archaludon|Archaludon, L50, F|100/100
|turn|6
|
|t:|1785172216
|move|p1a: Gengar|Shadow Ball|p2b: Archaludon
|-damage|p2b: Archaludon|61/100
|-ability|p2b: Archaludon|Stamina|boost
|-boost|p2b: Archaludon|def|1
|move|p2b: Archaludon|Electro Shot||[still]
|-prepare|p2b: Archaludon|Electro Shot
|-boost|p2b: Archaludon|spa|1
|move|p1b: Altaria|Perish Song|p1b: Altaria
|-start|p1a: Gengar|perish3|[silent]
|-start|p1b: Altaria|perish3|[silent]
|-start|p2a: Grimmsnarl|perish3|[silent]
|-start|p2b: Archaludon|perish3|[silent]
|-fieldactivate|move: Perish Song
|move|p2a: Grimmsnarl|Spirit Break|p1b: Altaria
|-supereffective|p1b: Altaria|1
|-damage|p1b: Altaria|0 fnt
|faint|p1b: Altaria
|
|-heal|p2b: Archaludon|67/100|[from] item: Leftovers
|-start|p1a: Gengar|perish3
|-start|p2b: Archaludon|perish3
|-start|p2a: Grimmsnarl|perish3
|upkeep
|
|t:|1785172236
|switch|p1b: Incineroar|Incineroar, L50, M|61/100
|-ability|p1b: Incineroar|Intimidate|boost
|-unboost|p2a: Grimmsnarl|atk|1
|-unboost|p2b: Archaludon|atk|1
|turn|7
|
|t:|1785172253
|move|p1a: Gengar|Protect|p1a: Gengar
|-singleturn|p1a: Gengar|Protect
|move|p1b: Incineroar|Fake Out|p2b: Archaludon
|-resisted|p2b: Archaludon|1
|-damage|p2b: Archaludon|64/100
|-ability|p2b: Archaludon|Stamina|boost
|-boost|p2b: Archaludon|def|1
|move|p2a: Grimmsnarl|Reflect|p2a: Grimmsnarl
|-sidestart|p2: Tote1303|Reflect
|cant|p2b: Archaludon|flinch
|
|-heal|p2b: Archaludon|70/100|[from] item: Leftovers
|-start|p1a: Gengar|perish2
|-start|p2b: Archaludon|perish2
|-start|p2a: Grimmsnarl|perish2
|upkeep
|turn|8
|
|t:|1785172301
|switch|p1a: Kommo-o|Kommo-o, L50, F|100/100
|move|p2b: Archaludon|Draco Meteor|p1a: Kommo-o
|-supereffective|p1a: Kommo-o|1
|-damage|p1a: Kommo-o|0 fnt
|-unboost|p2b: Archaludon|spa|2
|faint|p1a: Kommo-o
|move|p2a: Grimmsnarl|Spirit Break|p1b: Incineroar
|-damage|p1b: Incineroar|42/100
|-unboost|p1b: Incineroar|spa|1
|move|p1b: Incineroar|Parting Shot|p2b: Archaludon
|-unboost|p2b: Archaludon|atk|1
|-unboost|p2b: Archaludon|spa|1
|
|t:|1785172314
|switch|p1b: Gengar|Gengar-Mega, L50, F, shiny|100/100|[from] Parting Shot
|
|-heal|p2b: Archaludon|77/100|[from] item: Leftovers
|-start|p2b: Archaludon|perish1
|-start|p2a: Grimmsnarl|perish1
|upkeep
|
|t:|1785172321
|switch|p1a: Incineroar|Incineroar, L50, M|42/100
|-ability|p1a: Incineroar|Intimidate|boost
|-unboost|p2a: Grimmsnarl|atk|1
|-unboost|p2b: Archaludon|atk|1
|turn|9
|
|t:|1785172342
|move|p1b: Gengar|Protect|p1b: Gengar
|-singleturn|p1b: Gengar|Protect
|move|p1a: Incineroar|Fake Out|p2b: Archaludon
|-resisted|p2b: Archaludon|1
|-damage|p2b: Archaludon|75/100
|-ability|p2b: Archaludon|Stamina|boost
|-boost|p2b: Archaludon|def|1
|cant|p2b: Archaludon|flinch
|move|p2a: Grimmsnarl|Spirit Break|p1a: Incineroar
|-damage|p1a: Incineroar|26/100
|-unboost|p1a: Incineroar|spa|1
|
|-heal|p2b: Archaludon|81/100|[from] item: Leftovers
|-start|p2b: Archaludon|perish0
|-start|p2a: Grimmsnarl|perish0
|faint|p2b: Archaludon
|faint|p2a: Grimmsnarl
|
|win|EGG_dude
