|j|☆Agupon
|j|☆Rugss
|html|AguponRugss    
|uhtml|bestof|Game 1 of a best-of-3
|t:|1784166541
|gametype|doubles
|player|p1|Agupon|winona-gen6|1061
|player|p2|Rugss|lucas|1139
|gen|9
|tier|[Gen 9 Champions] VGC 2026 Reg M-B (Bo3)
|rated|
|rule|Species Clause: Limit one of each Pokémon
|rule|Item Clause: Limit 1 of each item
|clearpoke
|poke|p1|Blaziken, L50, M|
|poke|p1|Kingambit, L50, F, shiny|
|poke|p1|Aerodactyl, L50, F|
|poke|p1|Sylveon, L50, M|
|poke|p1|Torkoal, L50, F|
|poke|p1|Basculegion, L50, M|
|poke|p2|Toxapex, L50, F|
|poke|p2|Charizard, L50, M, shiny|
|poke|p2|Gliscor, L50, M|
|poke|p2|Incineroar, L50, M|
|poke|p2|Mamoswine, L50, F|
|poke|p2|Sneasler, L50, M|
|teampreview|4
|showteam|p1|Blaziken||Blazikenite|SpeedBoost|Protect,RockSlide,CloseCombat,FlareBlitz|Adamant||M|||50|]Kingambit||FocusSash|Defiant|KowtowCleave,SuckerPunch,IronHead,LowKick|Adamant||F|||50|]Aerodactyl||Aerodactylite|Pressure|IceFang,Tailwind,RockSlide,DualWingbeat|Jolly||F|||50|]Sylveon||FairyFeather|Pixilate|HyperBeam,HyperVoice,QuickAttack,Detect|Modest||M|||50|]Torkoal||Leftovers|Drought|Eruption,EarthPower,HeatWave,Protect|Quiet||F|||50|]Basculegion||MysticWater|Adaptability|AquaJet,Protect,LastRespects,WaveCrash|Adamant||M|||50|
|showteam|p2|Toxapex||Leftovers|Regenerator|Infestation,Toxic,WideGuard,BanefulBunker|Bold||F|||50|]Charizard||CharizarditeY|Blaze|HeatWave,Protect,SolarBeam,WeatherBall|Timid||M|||50|]Gliscor||YacheBerry|HyperCutter|StealthRock,RockSlide,Protect,DualWingbeat|Jolly||M|||50|]Incineroar||SitrusBerry|Intimidate|FakeOut,PartingShot,FlareBlitz,ThroatChop|Impish||M|||50|]Mamoswine||FocusSash|Oblivious|Earthquake,IceShard,IcicleCrash,Protect|Adamant||F|||50|]Sneasler||WhiteHerb|Unburden|Protect,FakeOut,CloseCombat,DireClaw|Jolly||M|||50|
|
|t:|1784166615
|teamsize|p1|4
|teamsize|p2|4
|start
|switch|p1a: Aerodactyl|Aerodactyl, L50, F|100/100
|switch|p1b: Kingambit|Kingambit, L50, F, shiny|100/100
|switch|p2a: Toxapex|Toxapex, L50, F|100/100
|switch|p2b: Charizard|Charizard, L50, M, shiny|100/100
|-ability|p1a: Aerodactyl|Pressure
|turn|1
|
|t:|1784166642
|detailschange|p1a: Aerodactyl|Aerodactyl-Mega, L50, F
|-mega|p1a: Aerodactyl|Aerodactyl|Aerodactylite
|detailschange|p2b: Charizard|Charizard-Mega-Y, L50, M, shiny
|-mega|p2b: Charizard|Charizard|Charizardite Y
|-weather|SunnyDay|[from] ability: Drought|[of] p2b: Charizard
|move|p2a: Toxapex|Wide Guard|p2a: Toxapex
|-singleturn|p2a: Toxapex|Wide Guard
|move|p1a: Aerodactyl|Tailwind|p1a: Aerodactyl
|-sidestart|p1: Agupon|move: Tailwind
|move|p1b: Kingambit|Kowtow Cleave|p2a: Toxapex
|-damage|p2a: Toxapex|67/100
|move|p2b: Charizard|Heat Wave|p1b: Kingambit|[spread] p1a,p1b
|-resisted|p1a: Aerodactyl|1
|-supereffective|p1b: Kingambit|1
|-damage|p1a: Aerodactyl|69/100
|-enditem|p1b: Kingambit|Focus Sash
|-damage|p1b: Kingambit|1/100
|
|-weather|SunnyDay|[upkeep]
|-heal|p2a: Toxapex|73/100|[from] item: Leftovers
|upkeep
|turn|2
|
|t:|1784166697
|move|p2b: Charizard|Protect|p2b: Charizard
|-singleturn|p2b: Charizard|Protect
|move|p1b: Kingambit|Sucker Punch||[still]
|-fail|p1b: Kingambit
|move|p1a: Aerodactyl|Dual Wingbeat|p2b: Charizard
|-activate|p2b: Charizard|move: Protect
|move|p2a: Toxapex|Infestation|p1b: Kingambit
|-damage|p1b: Kingambit|0 fnt
|faint|p1b: Kingambit
|
|-weather|SunnyDay|[upkeep]
|-heal|p2a: Toxapex|78/100|[from] item: Leftovers
|upkeep
|
|t:|1784166709
|switch|p1b: Torkoal|Torkoal, L50, F|100/100
|turn|3
|
|t:|1784166739
|switch|p2b: Incineroar|Incineroar, L50, M|100/100
|-ability|p2b: Incineroar|Intimidate|boost
|-unboost|p1a: Aerodactyl|atk|1
|-unboost|p1b: Torkoal|atk|1
|move|p2a: Toxapex|Baneful Bunker|p2a: Toxapex
|-singleturn|p2a: Toxapex|move: Protect
|move|p1a: Aerodactyl|Rock Slide|p2b: Incineroar|[spread] p2b
|-activate|p2a: Toxapex|move: Protect
|-supereffective|p2b: Incineroar|1
|-damage|p2b: Incineroar|72/100
|move|p1b: Torkoal|Eruption|p2b: Incineroar|[spread] p2b
|-activate|p2a: Toxapex|move: Protect
|-resisted|p2b: Incineroar|1
|-damage|p2b: Incineroar|38/100
|-enditem|p2b: Incineroar|Sitrus Berry|[eat]
|-heal|p2b: Incineroar|63/100|[from] item: Sitrus Berry
|
|-weather|SunnyDay|[upkeep]
|-heal|p2a: Toxapex|84/100|[from] item: Leftovers
|upkeep
|turn|4
|
|t:|1784166781
|switch|p1a: Basculegion|Basculegion, L50, M|100/100
|move|p2b: Incineroar|Fake Out|p1a: Basculegion
|-immune|p1a: Basculegion
|move|p1b: Torkoal|Earth Power|p2b: Incineroar
|-supereffective|p2b: Incineroar|1
|-crit|p2b: Incineroar
|-damage|p2b: Incineroar|0 fnt
|faint|p2b: Incineroar
|move|p2a: Toxapex|Toxic|p1b: Torkoal
|-status|p1b: Torkoal|tox
|
|-weather|SunnyDay|[upkeep]
|-heal|p2a: Toxapex|90/100|[from] item: Leftovers
|-damage|p1b: Torkoal|93/100 tox|[from] psn
|-sideend|p1: Agupon|move: Tailwind
|upkeep
|
|t:|1784166796
|switch|p2b: Charizard|Charizard-Mega-Y, L50, M, shiny|100/100
|turn|5
|
|t:|1784166823
|switch|p1b: Aerodactyl|Aerodactyl-Mega, L50, F|69/100
|move|p2b: Charizard|Protect|p2b: Charizard
|-singleturn|p2b: Charizard|Protect
|move|p1a: Basculegion|Protect|p1a: Basculegion
|-singleturn|p1a: Basculegion|Protect
|move|p2a: Toxapex|Toxic|p1a: Basculegion
|-activate|p1a: Basculegion|move: Protect
|
|-weather|none
|-heal|p2a: Toxapex|96/100|[from] item: Leftovers
|upkeep
|turn|6
|
|t:|1784166863
|move|p1b: Aerodactyl|Tailwind|p1b: Aerodactyl
|-sidestart|p1: Agupon|move: Tailwind
|move|p1a: Basculegion|Last Respects|p2b: Charizard
|-damage|p2b: Charizard|30/100
|move|p2b: Charizard|Heat Wave|p1b: Aerodactyl|[spread] p1a
|-miss|p2b: Charizard|p1b: Aerodactyl
|-resisted|p1a: Basculegion|1
|-damage|p1a: Basculegion|79/100
|-status|p1a: Basculegion|brn
|move|p2a: Toxapex|Toxic||[still]
|-fail|p2a: Toxapex
|
|-heal|p2a: Toxapex|100/100|[from] item: Leftovers
|-damage|p1a: Basculegion|73/100 brn|[from] brn
|upkeep
|turn|7
|-message|Agupon forfeited.
|
|win|Rugss
|l|☆Agupon
|player|p1|
||Rugss is ready for game 2.
|inactive|Agupon has 30 seconds to confirm battle start!
|inactive|Agupon has 20 seconds to confirm battle start!
|inactive|Agupon has 10 seconds to confirm battle start!
|uhtml|next|Next: Game 2 of 3
