|j|☆lordtentacle69
|j|☆NeoDest
|html|lordtentacle69NeoDest    
|uhtml|bestof|Game 2 of a best-of-3
|t:|1757748605
|gametype|doubles
|player|p1|lordtentacle69|plasmagruntf|1290
|player|p2|NeoDest|266|1192
|gen|9
|tier|[Gen 9] VGC 2025 Reg H (Bo3)
|rated|
|rule|Species Clause: Limit one of each Pokémon
|rule|Item Clause: Limit 1 of each item
|clearpoke
|poke|p1|Garchomp, L50, F|
|poke|p1|Tyranitar, L50, M|
|poke|p1|Talonflame, L50, F|
|poke|p1|Sinistcha-Masterpiece, L50|
|poke|p1|Annihilape, L50, M|
|poke|p1|Ursaluna-Bloodmoon, L50, M|
|poke|p2|Pelipper, L50, F|
|poke|p2|Incineroar, L50, M|
|poke|p2|Sylveon, L50, F|
|poke|p2|Kingambit, L50, M|
|poke|p2|Rillaboom, L50, F|
|poke|p2|Kingdra, L50, M|
|teampreview|4
|showteam|p1|Garchomp||LifeOrb|RoughSkin|DragonClaw,Protect,StompingTantrum,Earthquake|||F|||50|,,,,,Fire]Tyranitar||AssaultVest|SandStream|RockSlide,KnockOff,LowKick,TeraBlast|||M|||50|,,,,,Flying]Talonflame||CovertCloak|GaleWings|BraveBird,Tailwind,Taunt,WillOWisp|||F|||50|,,,,,Flying]Sinistcha-Masterpiece||SitrusBerry|Hospitality|MatchaGotcha,RagePowder,StrengthSap,LifeDew||||||50|,,,,,Water]Annihilape||SafetyGoggles|Defiant|CloseCombat,RageFist,Coaching,FinalGambit|||M|||50|,,,,,Fire]Ursaluna-Bloodmoon||SilkScarf|MindsEye|BloodMoon,EarthPower,HyperVoice,Protect|||M|||50|,,,,,Normal
|showteam|p2|Pelipper||CovertCloak|Drizzle|WeatherBall,Tailwind,Hurricane,Protect|||F|||50|,,,,,Grass]Incineroar||SafetyGoggles|Intimidate|KnockOff,Taunt,PartingShot,FakeOut|||M|||50|,,,,,Ghost]Sylveon||ThroatSpray|Pixilate|HyperVoice,Moonblast,WeatherBall,Detect|||F|||50|,,,,,Fairy]Kingambit||BlackGlasses|Defiant|SuckerPunch,KowtowCleave,SwordsDance,Protect|||M|||50|,,,,,Dark]Rillaboom||MiracleSeed|GrassySurge|WoodHammer,GrassyGlide,FakeOut,Protect|||F|||50|,,,,,Fire]Kingdra||ChoiceSpecs|SwiftSwim|MuddyWater,Scald,Hurricane,DracoMeteor|||M|||50|,,,,,Water
|inactive|Battle timer is ON: inactive players will automatically lose when time's up. (requested by lordtentacle69)
|
|t:|1757748677
|teamsize|p1|4
|teamsize|p2|4
|start
|switch|p1a: Annihilape|Annihilape, L50, M|100/100
|switch|p1b: Ursaluna|Ursaluna-Bloodmoon, L50, M|100/100
|switch|p2a: Pelipper|Pelipper, L50, F|100/100
|switch|p2b: Kingdra|Kingdra, L50, M|100/100
|-weather|RainDance|[from] ability: Drizzle|[of] p2a: Pelipper
|turn|1
|
|t:|1757748702
|switch|p1b: Tyranitar|Tyranitar, L50, M|100/100
|-weather|Sandstorm|[from] ability: Sand Stream|[of] p1b: Tyranitar
|move|p1a: Annihilape|Coaching|p1b: Tyranitar
|-boost|p1b: Tyranitar|atk|1
|-boost|p1b: Tyranitar|def|1
|move|p2b: Kingdra|Muddy Water|p1b: Tyranitar|[spread] p1a,p1b
|-supereffective|p1b: Tyranitar
|-crit|p1b: Tyranitar
|-damage|p1a: Annihilape|59/100
|-damage|p1b: Tyranitar|50/100
|-unboost|p1b: Tyranitar|accuracy|1
|move|p2a: Pelipper|Hurricane|p1a: Annihilape
|-supereffective|p1a: Annihilape
|-damage|p1a: Annihilape|0 fnt
|faint|p1a: Annihilape
|
|-weather|Sandstorm|[upkeep]
|-damage|p2b: Kingdra|94/100|[from] Sandstorm
|-damage|p2a: Pelipper|94/100|[from] Sandstorm
|upkeep
|
|t:|1757748718
|switch|p1a: Garchomp|Garchomp, L50, F|100/100
|turn|2
|
|t:|1757748738
|switch|p2b: Rillaboom|Rillaboom, L50, F|100/100
|-fieldstart|move: Grassy Terrain|[from] ability: Grassy Surge|[of] p2b: Rillaboom
|-terastallize|p2a: Pelipper|Grass
|-terastallize|p1b: Tyranitar|Flying
|move|p1a: Garchomp|Dragon Claw|p2a: Pelipper
|-damage|p2a: Pelipper|36/100
|-damage|p1a: Garchomp|91/100|[from] item: Life Orb
|move|p2a: Pelipper|Tailwind|p2a: Pelipper
|-sidestart|p2: NeoDest|move: Tailwind
|move|p1b: Tyranitar|Rock Slide|p2a: Pelipper|[spread] p2b
|-miss|p1b: Tyranitar|p2a: Pelipper
|-damage|p2b: Rillaboom|60/100
|
|-weather|Sandstorm|[upkeep]
|-damage|p2a: Pelipper|30/100|[from] Sandstorm
|-damage|p2b: Rillaboom|54/100|[from] Sandstorm
|-damage|p1b: Tyranitar|44/100|[from] Sandstorm
|-heal|p2a: Pelipper|36/100|[from] Grassy Terrain
|-heal|p2b: Rillaboom|60/100|[from] Grassy Terrain
|-heal|p1a: Garchomp|97/100|[from] Grassy Terrain
|upkeep
|turn|3
|inactive|lordtentacle69 has 30 seconds left.
|
|t:|1757748770
|move|p2b: Rillaboom|Fake Out|p1a: Garchomp
|-damage|p1a: Garchomp|83/100
|-damage|p2b: Rillaboom|48/100|[from] ability: Rough Skin|[of] p1a: Garchomp
|move|p2a: Pelipper|Weather Ball|p1b: Tyranitar
|-supereffective|p1b: Tyranitar
|-damage|p1b: Tyranitar|13/100
|cant|p1a: Garchomp|flinch
|move|p1b: Tyranitar|Tera Blast|p2b: Rillaboom|[anim] Tera Blast Flying
|-supereffective|p2b: Rillaboom
|-damage|p2b: Rillaboom|0 fnt
|faint|p2b: Rillaboom
|
|-weather|Sandstorm|[upkeep]
|-damage|p2a: Pelipper|30/100|[from] Sandstorm
|-damage|p1b: Tyranitar|7/100|[from] Sandstorm
|-heal|p2a: Pelipper|36/100|[from] Grassy Terrain
|-heal|p1a: Garchomp|89/100|[from] Grassy Terrain
|upkeep
|
|t:|1757748787
|switch|p2b: Sylveon|Sylveon, L50, F|100/100
|turn|4
|
|t:|1757748800
|switch|p2a: Kingdra|Kingdra, L50, M|94/100
|move|p1a: Garchomp|Protect|p1a: Garchomp
|-singleturn|p1a: Garchomp|Protect
|move|p2b: Sylveon|Hyper Voice|p1a: Garchomp|[spread] p1b
|-activate|p1a: Garchomp|move: Protect
|-damage|p1b: Tyranitar|0 fnt
|faint|p1b: Tyranitar
|-enditem|p2b: Sylveon|Throat Spray
|-boost|p2b: Sylveon|spa|1|[from] item: Throat Spray
|
|-weather|Sandstorm|[upkeep]
|-damage|p2a: Kingdra|88/100|[from] Sandstorm
|-damage|p2b: Sylveon|94/100|[from] Sandstorm
|-heal|p2a: Kingdra|94/100|[from] Grassy Terrain
|-heal|p2b: Sylveon|100/100|[from] Grassy Terrain
|-heal|p1a: Garchomp|95/100|[from] Grassy Terrain
|upkeep
|
|t:|1757748806
|switch|p1b: Ursaluna|Ursaluna-Bloodmoon, L50, M|100/100
|turn|5
|-message|lordtentacle69 forfeited.
|
|win|NeoDest
|raw|lordtentacle69's rating: 1290 → 1258(-32 for losing)
|raw|NeoDest's rating: 1192 → 1224(+32 for winning)
|l|☆lordtentacle69
|player|p1|
|l|☆NeoDest
|player|p2|
