|j|☆linuswrong
|j|☆dada097
|html|linuswrongdada097    
|uhtml|bestof|Game 2 of a best-of-3
|t:|1786205412
|gametype|doubles
|player|p1|linuswrong|170|
|player|p2|dada097|colress|
|gen|9
|tier|[Gen 9 Champions] VGC 2026 Reg M-B (Bo3)
|rule|Species Clause: Limit one of each Pokémon
|rule|Item Clause: Limit 1 of each item
|clearpoke
|poke|p1|Charizard, L50, M|
|poke|p1|Whimsicott, L50, F|
|poke|p1|Ninetales-Alola, L50, F|
|poke|p1|Kingambit, L50, F|
|poke|p1|Glimmora, L50, F|
|poke|p1|Kommo-o, L50, F|
|poke|p2|Raichu, L50, M, shiny|
|poke|p2|Staraptor, L50, F, shiny|
|poke|p2|Sylveon, L50, M|
|poke|p2|Arcanine-Hisui, L50, F|
|poke|p2|Farigiraf, L50, M|
|poke|p2|Kingambit, L50, F, shiny|
|teampreview|4
|showteam|p1|Charizard||CharizarditeY|Blaze|HeatWave,SolarBeam,WeatherBall,Protect|Modest||M|||50|]Whimsicott||FocusSash|Prankster|Moonblast,Encore,Tailwind,Protect|Timid||F|||50|]Ninetales-Alola||NeverMeltIce|SnowWarning|Blizzard,FreezeDry,Disable,Protect|Timid||F|||50|]Kingambit||BlackGlasses|Defiant|SuckerPunch,KowtowCleave,IronHead,Protect|Adamant||F|||50|]Glimmora||Glimmoranite|ToxicDebris|SludgeBomb,PowerGem,EarthPower,SpikyShield|Modest||F|||50|]Kommo-o||LifeOrb|Overcoat|ClangingScales,AuraSphere,VacuumWave,Protect|Modest||F|||50|
|showteam|p2|Raichu||RaichuniteY|LightningRod|Protect,ZapCannon,FocusBlast,FakeOut|Timid||M|||50|]Staraptor||Staraptite|Intimidate|BraveBird,CloseCombat,Tailwind,Protect|Jolly||F|||50|]Sylveon||FairyFeather|Pixilate|HyperVoice,HyperBeam,QuickAttack,Protect|Modest||M|||50|]Arcanine-Hisui||FocusSash|RockHead|HeadSmash,FlareBlitz,ExtremeSpeed,Protect|Adamant||F|||50|]Farigiraf||SitrusBerry|ArmorTail|TrickRoom,HelpingHand,Psychic,Thunderbolt|Relaxed||M|||50|]Kingambit||LifeOrb|Defiant|SuckerPunch,LowKick,IronHead,Protect|Adamant||F|||50|
|inactive|Battle timer is ON: inactive players will automatically lose when time's up. (requested by linuswrong)
|inactive|dada097 also wants the timer to be on.
|inactive|linuswrong has 60 seconds left.
|
|t:|1786205469
|teamsize|p1|4
|teamsize|p2|4
|start
|switch|p1a: Whimsicott|Whimsicott, L50, F|100/100
|switch|p1b: Glimmora|Glimmora, L50, F|100/100
|switch|p2a: Staraptor|Staraptor, L50, F, shiny|100/100
|switch|p2b: Raichu|Raichu, L50, M, shiny|100/100
|-ability|p2a: Staraptor|Intimidate|boost
|-unboost|p1a: Whimsicott|atk|1
|-unboost|p1b: Glimmora|atk|1
|turn|1
|inactive|linuswrong has 30 seconds left.
|inactive|dada097 has 30 seconds left.
|inactive|linuswrong has 20 seconds left.
|inactive|linuswrong has 15 seconds left.
|
|t:|1786205514
|detailschange|p2a: Staraptor|Staraptor-Mega, L50, F, shiny
|-mega|p2a: Staraptor|Staraptor|Staraptite
|detailschange|p1b: Glimmora|Glimmora-Mega, L50, F
|-mega|p1b: Glimmora|Glimmora|Glimmoranite
|move|p2b: Raichu|Fake Out|p1a: Whimsicott
|-damage|p1a: Whimsicott|89/100
|cant|p1a: Whimsicott|flinch
|move|p2a: Staraptor|Tailwind|p2a: Staraptor
|-sidestart|p2: dada097|move: Tailwind
|move|p1b: Glimmora|Sludge Bomb|p2a: Staraptor
|-damage|p2a: Staraptor|22/100
|-status|p2a: Staraptor|psn
|
|-damage|p2a: Staraptor|10/100 psn|[from] psn
|upkeep
|turn|2
|inactive|linuswrong has 30 seconds left.
|inactive|dada097 has 30 seconds left.
|inactive|linuswrong has 20 seconds left.
|inactive|dada097 has 20 seconds left.
|inactive|linuswrong has 15 seconds left.
|inactive|linuswrong has 10 seconds left.
|
|t:|1786205563
|switch|p1a: Ninetales|Ninetales-Alola, L50, F|100/100
|-weather|Snowscape|[from] ability: Snow Warning|[of] p1a: Ninetales
|move|p2b: Raichu|Zap Cannon|p1b: Glimmora
|-damage|p1b: Glimmora|45/100
|-status|p1b: Glimmora|par
|move|p2a: Staraptor|Brave Bird|p1a: Ninetales
|-damage|p1a: Ninetales|40/100
|-damage|p2a: Staraptor|0 fnt|[from] Recoil
|faint|p2a: Staraptor
|move|p1b: Glimmora|Earth Power|p2b: Raichu
|-supereffective|p2b: Raichu|1
|-crit|p2b: Raichu
|-damage|p2b: Raichu|0 fnt
|faint|p2b: Raichu
|
|-weather|Snowscape|[upkeep]
|upkeep
|
|t:|1786205576
|switch|p2b: Farigiraf|Farigiraf, L50, M|100/100
|switch|p2a: Arcanine|Arcanine-Hisui, L50, F|100/100
|turn|3
|
|t:|1786205598
|switch|p1b: Whimsicott|Whimsicott, L50, F|89/100
|move|p1a: Ninetales|Protect|p1a: Ninetales
|-singleturn|p1a: Ninetales|Protect
|move|p2a: Arcanine|Flare Blitz|p1a: Ninetales
|-activate|p1a: Ninetales|move: Protect
|move|p2b: Farigiraf|Psychic|p1b: Whimsicott
|-damage|p1b: Whimsicott|29/100
|
|-weather|Snowscape|[upkeep]
|upkeep
|turn|4
|inactive|linuswrong has 30 seconds left.
|
|t:|1786205624
|move|p1b: Whimsicott|Tailwind|p1b: Whimsicott
|-sidestart|p1: linuswrong|move: Tailwind
|move|p1a: Ninetales|Blizzard|p2b: Farigiraf|[spread] p2a,p2b
|-resisted|p2a: Arcanine|1
|-damage|p2a: Arcanine|80/100
|-damage|p2b: Farigiraf|65/100
|move|p2a: Arcanine|Flare Blitz|p1a: Ninetales
|-supereffective|p1a: Ninetales|1
|-damage|p1a: Ninetales|0 fnt
|faint|p1a: Ninetales
|move|p2b: Farigiraf|Psychic|p1b: Whimsicott
|-damage|p1b: Whimsicott|0 fnt
|faint|p1b: Whimsicott
|
|-weather|Snowscape|[upkeep]
|-sideend|p2: dada097|move: Tailwind
|upkeep
|
|t:|1786205634
|switch|p1b: Kommo-o|Kommo-o, L50, F|100/100
|switch|p1a: Glimmora|Glimmora-Mega, L50, F|45/100 par
|turn|5
|
|t:|1786205647
|move|p2a: Arcanine|Protect|p2a: Arcanine
|-singleturn|p2a: Arcanine|Protect
|move|p1b: Kommo-o|Clanging Scales|p2a: Arcanine|[spread] p2b
|-activate|p2a: Arcanine|move: Protect
|-damage|p2b: Farigiraf|17/100
|-enditem|p2b: Farigiraf|Sitrus Berry|[eat]
|-heal|p2b: Farigiraf|42/100|[from] item: Sitrus Berry
|-unboost|p1b: Kommo-o|def|1
|-damage|p1b: Kommo-o|90/100|[from] item: Life Orb
|move|p1a: Glimmora|Earth Power|p2a: Arcanine
|-activate|p2a: Arcanine|move: Protect
|move|p2b: Farigiraf|Trick Room|p2b: Farigiraf
|-fieldstart|move: Trick Room|[of] p2b: Farigiraf
|
|-weather|Snowscape|[upkeep]
|upkeep
|turn|6
|inactive|linuswrong has 30 seconds left.
|inactive|dada097 has 30 seconds left.
|inactive|linuswrong has 20 seconds left.
|inactive|linuswrong has 15 seconds left.
|inactive|dada097 has 20 seconds left.
|inactive|linuswrong has 10 seconds left.
|inactive|dada097 has 15 seconds left.
|
|t:|1786205694
|move|p2b: Farigiraf|Psychic|p1b: Kommo-o
|-supereffective|p1b: Kommo-o|1
|-damage|p1b: Kommo-o|10/100
|move|p2a: Arcanine|Head Smash|p1a: Glimmora
|-damage|p1a: Glimmora|0 fnt
|faint|p1a: Glimmora
|move|p1b: Kommo-o|Aura Sphere|p2a: Arcanine
|-supereffective|p2a: Arcanine|1
|-damage|p2a: Arcanine|0 fnt
|faint|p2a: Arcanine
|-damage|p1b: Kommo-o|1/100|[from] item: Life Orb
|
|-weather|none
|upkeep
|turn|7
|
|t:|1786205712
|move|p1b: Kommo-o|Protect|p1b: Kommo-o
|-singleturn|p1b: Kommo-o|Protect
|move|p2b: Farigiraf|Psychic|p1b: Kommo-o
|-activate|p1b: Kommo-o|move: Protect
|
|-sideend|p1: linuswrong|move: Tailwind
|upkeep
|turn|8
|
|t:|1786205726
|move|p1b: Kommo-o|Protect||[still]
|-fail|p1b: Kommo-o
|move|p2b: Farigiraf|Psychic|p1b: Kommo-o
|-supereffective|p1b: Kommo-o|1
|-damage|p1b: Kommo-o|0 fnt
|faint|p1b: Kommo-o
|
|win|dada097
|c|☆linuswrong|gg
|l|☆linuswrong
|player|p1|
