|j|☆ThunDragon67
|j|‽jfaria97
|html|ThunDragon67jfaria97    
|uhtml|bestof|Game 1 of a best-of-3
|t:|1756444609
|gametype|doubles
|player|p1|ThunDragon67|li|1078
|player|p2|jfaria97|red|1078
|gen|9
|tier|[Gen 9] VGC 2025 Reg H (Bo3)
|rated|
|rule|Species Clause: Limit one of each Pokémon
|rule|Item Clause: Limit 1 of each item
|clearpoke
|poke|p1|Tsareena, L50, F|
|poke|p1|Volcarona, L50, F|
|poke|p1|Archaludon, L50, M|
|poke|p1|Primarina, L50, M|
|poke|p1|Malamar, L50, F|
|poke|p1|Talonflame, L50, M|
|poke|p2|Garchomp, L50, M|
|poke|p2|Gholdengo, L50|
|poke|p2|Weezing-Galar, L50, F|
|poke|p2|Incineroar, L50, F|
|poke|p2|Dragonite, L50, M|
|poke|p2|Amoonguss, L50, M|
|teampreview|4
|showteam|p1|Tsareena||RockyHelmet|QueenlyMajesty|BulletSeed,LowSweep,Protect,Uturn|||F|||50|,,,,,Water]Volcarona||Leftovers|FlameBody|QuiverDance,RagePowder,FieryDance,BugBuzz|||F|||50|,,,,,Dark]Archaludon||PowerHerb|Stamina|BodyPress,FlashCannon,Protect,ElectroShot|||M|||50|,,,,,Fighting]Primarina||WeaknessPolicy|LiquidVoice|HyperVoice,IcyWind,Moonblast,Protect|||M|||50|,,,,,Ice]Malamar||SitrusBerry|Contrary|Superpower,TopsyTurvy,KnockOff,Protect|||F|||50|,,,,,Dark]Talonflame||FocusSash|GaleWings|BraveBird,FlameCharge,Protect,Tailwind|||M|||50|,,,,,Fire
|showteam|p2|Garchomp||LifeOrb|RoughSkin|Earthquake,StompingTantrum,DragonClaw,Protect|||M|||50|,,,,,Steel]Gholdengo||ChoiceSpecs|GoodasGold|MakeItRain,ShadowBall,Thunderbolt,Trick||||||50|,,,,,Steel]Weezing-Galar||SitrusBerry|NeutralizingGas|StrangeSteam,SludgeBomb,Taunt,Protect|||F|||50|,,,,,Dark]Incineroar||SafetyGoggles|Intimidate|FlareBlitz,KnockOff,FakeOut,PartingShot|||F|||50|,,,,,Ghost]Dragonite||ChoiceBand|InnerFocus|ExtremeSpeed,Outrage,AerialAce,StompingTantrum|||M|||50|,,,,,Normal]Amoonguss||Leftovers|Regenerator|RagePowder,ClearSmog,PollenPuff,Spore|||M|||50|,,,,,Water
|inactive|Battle timer is ON: inactive players will automatically lose when time's up. (requested by jfaria97)
|inactive|jfaria97 has 60 seconds left.
|
|t:|1756444672
|teamsize|p1|4
|teamsize|p2|4
|start
|switch|p1a: Talonflame|Talonflame, L50, M|100/100
|switch|p1b: Archaludon|Archaludon, L50, M|100/100
|switch|p2a: Weezing|Weezing-Galar, L50, F|100/100
|switch|p2b: Dragonite|Dragonite, L50, M|100/100
|-ability|p2a: Weezing|Neutralizing Gas
|turn|1
|
|t:|1756444697
|move|p2b: Dragonite|Extreme Speed|p1a: Talonflame
|-damage|p1a: Talonflame|24/100
|move|p1a: Talonflame|Tailwind|p1a: Talonflame
|-sidestart|p1: ThunDragon67|move: Tailwind
|move|p1b: Archaludon|Flash Cannon|p2a: Weezing
|-supereffective|p2a: Weezing
|-damage|p2a: Weezing|25/100
|-enditem|p2a: Weezing|Sitrus Berry|[eat]
|-heal|p2a: Weezing|50/100|[from] item: Sitrus Berry
|move|p2a: Weezing|Strange Steam|p1a: Talonflame
|-resisted|p1a: Talonflame
|-damage|p1a: Talonflame|0 fnt
|faint|p1a: Talonflame
|
|upkeep
|
|t:|1756444712
|switch|p1a: Primarina|Primarina, L50, M|100/100
|turn|2
|
|t:|1756444721
|-end|p2a: Weezing|ability: Neutralizing Gas
|switch|p2a: Amoonguss|Amoonguss, L50, M|100/100
|-terastallize|p2b: Dragonite|Normal
|move|p2b: Dragonite|Extreme Speed|p1a: Primarina
|-damage|p1a: Primarina|19/100
|move|p1b: Archaludon|Flash Cannon|p2a: Amoonguss
|-crit|p2a: Amoonguss
|-damage|p2a: Amoonguss|55/100
|move|p1a: Primarina|Moonblast|p2b: Dragonite
|-damage|p2b: Dragonite|61/100
|
|-heal|p2a: Amoonguss|61/100|[from] item: Leftovers
|upkeep
|turn|3
|inactive|ThunDragon67 has 30 seconds left.
|
|t:|1756444747
|switch|p2b: Weezing|Weezing-Galar, L50, F|50/100
|-ability|p2b: Weezing|Neutralizing Gas
|-terastallize|p1b: Archaludon|Fighting
|move|p1a: Primarina|Protect|p1a: Primarina
|-singleturn|p1a: Primarina|Protect
|move|p1b: Archaludon|Body Press|p2b: Weezing
|-resisted|p2b: Weezing
|-damage|p2b: Weezing|42/100
|move|p2a: Amoonguss|Spore|p1b: Archaludon
|-status|p1b: Archaludon|slp|[from] move: Spore
|
|-heal|p2a: Amoonguss|67/100|[from] item: Leftovers
|upkeep
|turn|4
|
|t:|1756444766
|cant|p1b: Archaludon|slp
|move|p1a: Primarina|Icy Wind|p2b: Weezing|[spread] p2a,p2b
|-supereffective|p2a: Amoonguss
|-damage|p2a: Amoonguss|47/100
|-damage|p2b: Weezing|29/100
|-unboost|p2a: Amoonguss|spe|1
|-unboost|p2b: Weezing|spe|1
|move|p2b: Weezing|Sludge Bomb|p1a: Primarina
|-supereffective|p1a: Primarina
|-damage|p1a: Primarina|0 fnt
|faint|p1a: Primarina
|move|p2a: Amoonguss|Pollen Puff|p2b: Weezing
|-heal|p2b: Weezing|79/100
|
|-heal|p2a: Amoonguss|53/100|[from] item: Leftovers
|-sideend|p1: ThunDragon67|move: Tailwind
|upkeep
|
|t:|1756444782
|switch|p1a: Malamar|Malamar, L50, F|100/100
|turn|5
|
|t:|1756444796
|switch|p2a: Dragonite|Dragonite, L50, M, tera:Normal|61/100
|-curestatus|p1b: Archaludon|slp|[msg]
|move|p1b: Archaludon|Flash Cannon|p2b: Weezing
|-supereffective|p2b: Weezing
|-damage|p2b: Weezing|0 fnt
|faint|p2b: Weezing
|-end|p2b: Weezing|ability: Neutralizing Gas
|move|p1a: Malamar|Knock Off|p2a: Dragonite
|-damage|p2a: Dragonite|24/100
|-enditem|p2a: Dragonite|Choice Band|[from] move: Knock Off|[of] p1a: Malamar
|
|upkeep
|
|t:|1756444820
|switch|p2b: Garchomp|Garchomp, L50, M|100/100
|turn|6
|
|t:|1756444841
|move|p2a: Dragonite|Extreme Speed|p1a: Malamar
|-damage|p1a: Malamar|49/100
|-enditem|p1a: Malamar|Sitrus Berry|[eat]
|-heal|p1a: Malamar|74/100|[from] item: Sitrus Berry
|move|p2b: Garchomp|Earthquake|p1a: Malamar|[spread] p2a,p1a,p1b
|-crit|p2a: Dragonite
|-damage|p2a: Dragonite|0 fnt
|-damage|p1a: Malamar|14/100
|-damage|p1b: Archaludon|56/100
|-ability|p1b: Archaludon|Stamina|boost
|-boost|p1b: Archaludon|def|1
|faint|p2a: Dragonite
|-damage|p2b: Garchomp|91/100|[from] item: Life Orb
|move|p1b: Archaludon|Body Press|p2b: Garchomp
|-damage|p2b: Garchomp|42/100
|-damage|p1b: Archaludon|44/100|[from] ability: Rough Skin|[of] p2b: Garchomp
|move|p1a: Malamar|Superpower|p2b: Garchomp
|-damage|p2b: Garchomp|12/100
|-boost|p1a: Malamar|atk|1
|-boost|p1a: Malamar|def|1
|-damage|p1a: Malamar|2/100|[from] ability: Rough Skin|[of] p2b: Garchomp
|
|upkeep
|
|t:|1756444846
|switch|p2a: Amoonguss|Amoonguss, L50, M|53/100
|turn|7
|inactive|ThunDragon67 has 30 seconds left.
|
|t:|1756444877
|move|p2b: Garchomp|Earthquake|p1a: Malamar|[spread] p2a,p1a,p1b
|-damage|p2a: Amoonguss|7/100
|-damage|p1a: Malamar|0 fnt
|-damage|p1b: Archaludon|17/100
|-ability|p1b: Archaludon|Stamina|boost
|-boost|p1b: Archaludon|def|1
|faint|p1a: Malamar
|-damage|p2b: Garchomp|3/100|[from] item: Life Orb
|move|p1b: Archaludon|Body Press|p2b: Garchomp
|-damage|p2b: Garchomp|0 fnt
|-damage|p1b: Archaludon|5/100|[from] ability: Rough Skin|[of] p2b: Garchomp
|faint|p2b: Garchomp
|move|p2a: Amoonguss|Spore|p1b: Archaludon
|-status|p1b: Archaludon|slp|[from] move: Spore
|
|-heal|p2a: Amoonguss|13/100|[from] item: Leftovers
|upkeep
|turn|8
|
|t:|1756444895
|cant|p1b: Archaludon|slp
|move|p2a: Amoonguss|Clear Smog|p1b: Archaludon
|-damage|p1b: Archaludon|0 fnt
|-clearboost|p1b: Archaludon
|faint|p1b: Archaludon
|
|win|jfaria97
||jfaria97 is ready for game 2.
||ThunDragon67 is ready for game 2.
|uhtml|next|Next: Game 2 of 3
|l|‽jfaria97
|player|p2|
