|j|☆GokuVGC01
|j|☆Volanr
|html|GokuVGC01Volanr    
|uhtml|bestof|Game 2 of a best-of-3
|t:|1757712172
|gametype|doubles
|player|p1|GokuVGC01|102|1143
|player|p2|Volanr|cynthia-masters3|1402
|gen|9
|tier|[Gen 9] VGC 2025 Reg H (Bo3)
|rated|
|rule|Species Clause: Limit one of each Pokémon
|rule|Item Clause: Limit 1 of each item
|clearpoke
|poke|p1|Gholdengo, L50|
|poke|p1|Electabuzz, L50, M|
|poke|p1|Pelipper, L50, M|
|poke|p1|Basculegion, L50, M|
|poke|p1|Archaludon, L50, F|
|poke|p1|Incineroar, L50, F|
|poke|p2|Archaludon, L50, M|
|poke|p2|Sinistcha-Masterpiece, L50|
|poke|p2|Dragonite, L50, F|
|poke|p2|Pelipper, L50, M|
|poke|p2|Ursaluna, L50, M|
|poke|p2|Gholdengo, L50|
|teampreview|4
|showteam|p1|Gholdengo||LifeOrb|GoodasGold|MakeItRain,ShadowBall,NastyPlot,Protect||||||50|,,,,,Water]Electabuzz||Eviolite|VitalSpirit|Electroweb,Taunt,FollowMe,Protect|||M|||50|,,,,,Ghost]Pelipper||FocusSash|Drizzle|WeatherBall,Hurricane,Tailwind,Protect|||M|||50|,,,,,Ghost]Basculegion||ChoiceBand|SwiftSwim|WaveCrash,FlipTurn,LastRespects,AquaJet|||M|||50|,,,,,Water]Archaludon||AssaultVest|Stamina|ElectroShot,FlashCannon,DracoMeteor,BodyPress|||F|||50|,,,,,Grass]Incineroar||SafetyGoggles|Intimidate|KnockOff,PartingShot,Taunt,FakeOut|||F|||50|,,,,,Ghost
|showteam|p2|Archaludon||AssaultVest|Stamina|BodyPress,Snarl,ElectroShot,FlashCannon|||M|||50|,,,,,Fighting]Sinistcha-Masterpiece||SitrusBerry|Hospitality|MatchaGotcha,RagePowder,TrickRoom,LifeDew||||||50|,,,,,Dark]Dragonite||LoadedDice|Multiscale|ScaleShot,Protect,Tailwind,Haze|||F|||50|,,,,,Steel]Pelipper||FocusSash|Drizzle|MuddyWater,Hurricane,Tailwind,Protect|||M|||50|,,,,,Ghost]Ursaluna||FlameOrb|Guts|Facade,HeadlongRush,Earthquake,Protect|||M|||50|,,,,,Ghost]Gholdengo||ChoiceScarf|GoodasGold|MakeItRain,TeraBlast,ShadowBall,Trick||||||50|,,,,,Water
|inactive|Battle timer is ON: inactive players will automatically lose when time's up. (requested by GokuVGC01)
|
|t:|1757712220
|teamsize|p1|4
|teamsize|p2|4
|start
|switch|p1a: Gholdengo|Gholdengo, L50|100/100
|switch|p1b: Incineroar|Incineroar, L50, F|100/100
|switch|p2a: Archaludon|Archaludon, L50, M|100/100
|switch|p2b: Dragonite|Dragonite, L50, F|100/100
|-ability|p1b: Incineroar|Intimidate|boost
|-unboost|p2a: Archaludon|atk|1
|-unboost|p2b: Dragonite|atk|1
|turn|1
|
|t:|1757712233
|move|p1b: Incineroar|Fake Out|p2b: Dragonite
|-damage|p2b: Dragonite|95/100
|move|p1a: Gholdengo|Nasty Plot|p1a: Gholdengo
|-boost|p1a: Gholdengo|spa|2
|cant|p2b: Dragonite|flinch
|move|p2a: Archaludon|Snarl|p1a: Gholdengo|[spread] p1a,p1b
|-supereffective|p1a: Gholdengo
|-resisted|p1b: Incineroar
|-damage|p1a: Gholdengo|74/100
|-damage|p1b: Incineroar|97/100
|-unboost|p1a: Gholdengo|spa|1
|-unboost|p1b: Incineroar|spa|1
|
|upkeep
|turn|2
|inactive|GokuVGC01 has 30 seconds left.
|inactive|GokuVGC01 has 20 seconds left.
|inactive|GokuVGC01 has 15 seconds left.
|inactive|GokuVGC01 has 10 seconds left.
|inactive|GokuVGC01 has 5 seconds left.
|
|t:|1757712285
|move|p1a: Gholdengo|Nasty Plot|p1a: Gholdengo
|-boost|p1a: Gholdengo|spa|2
|move|p2b: Dragonite|Tailwind|p2b: Dragonite
|-sidestart|p2: Volanr|move: Tailwind
|move|p2a: Archaludon|Snarl|p1a: Gholdengo|[spread] p1a,p1b
|-supereffective|p1a: Gholdengo
|-resisted|p1b: Incineroar
|-damage|p1a: Gholdengo|47/100
|-damage|p1b: Incineroar|93/100
|-unboost|p1a: Gholdengo|spa|1
|-unboost|p1b: Incineroar|spa|1
|move|p1b: Incineroar|Knock Off|p2a: Archaludon
|-damage|p2a: Archaludon|74/100
|-ability|p2a: Archaludon|Stamina|boost
|-boost|p2a: Archaludon|def|1
|-enditem|p2a: Archaludon|Assault Vest|[from] move: Knock Off|[of] p1b: Incineroar
|
|upkeep
|turn|3
|inactive|GokuVGC01 has 30 seconds left.
|
|t:|1757712320
|move|p1a: Gholdengo|Protect|p1a: Gholdengo
|-singleturn|p1a: Gholdengo|Protect
|move|p2b: Dragonite|Haze|p2b: Dragonite
|-clearallboost
|move|p2a: Archaludon|Snarl|p1b: Incineroar|[spread] p1b
|-activate|p1a: Gholdengo|move: Protect
|-resisted|p1b: Incineroar
|-damage|p1b: Incineroar|88/100
|-unboost|p1b: Incineroar|spa|1
|move|p1b: Incineroar|Parting Shot|p2a: Archaludon
|-unboost|p2a: Archaludon|atk|1
|-unboost|p2a: Archaludon|spa|1
|
|t:|1757712332
|switch|p1b: Electabuzz|Electabuzz, L50, M|100/100|[from] Parting Shot
|
|upkeep
|turn|4
|
|t:|1757712354
|move|p1b: Electabuzz|Follow Me|p1b: Electabuzz
|-singleturn|p1b: Electabuzz|move: Follow Me
|move|p2b: Dragonite|Haze|p2b: Dragonite
|-clearallboost
|move|p2a: Archaludon|Snarl|p1b: Electabuzz|[spread] p1a,p1b
|-supereffective|p1a: Gholdengo
|-damage|p1a: Gholdengo|19/100
|-damage|p1b: Electabuzz|92/100
|-unboost|p1a: Gholdengo|spa|1
|-unboost|p1b: Electabuzz|spa|1
|move|p1a: Gholdengo|Shadow Ball|p2a: Archaludon
|-damage|p2a: Archaludon|34/100
|-ability|p2a: Archaludon|Stamina|boost
|-boost|p2a: Archaludon|def|1
|-damage|p1a: Gholdengo|9/100|[from] item: Life Orb
|
|upkeep
|turn|5
|
|t:|1757712378
|switch|p2b: Sinistcha|Sinistcha-Masterpiece, L50|100/100
|-heal|p2a: Archaludon|59/100|[from] ability: Hospitality|[of] p2b: Sinistcha
|move|p1a: Gholdengo|Protect|p1a: Gholdengo
|-singleturn|p1a: Gholdengo|Protect
|move|p2a: Archaludon|Snarl|p1b: Electabuzz|[spread] p1b
|-activate|p1a: Gholdengo|move: Protect
|-damage|p1b: Electabuzz|83/100
|-unboost|p1b: Electabuzz|spa|1
|move|p1b: Electabuzz|Electroweb|p2b: Sinistcha|[spread] p2a,p2b
|-resisted|p2a: Archaludon
|-resisted|p2b: Sinistcha
|-damage|p2a: Archaludon|56/100
|-damage|p2b: Sinistcha|97/100
|-unboost|p2a: Archaludon|spe|1
|-unboost|p2b: Sinistcha|spe|1
|-ability|p2a: Archaludon|Stamina|boost
|-boost|p2a: Archaludon|def|1
|
|-sideend|p2: Volanr|move: Tailwind
|upkeep
|turn|6
|inactive|GokuVGC01 has 30 seconds left.
|
|t:|1757712412
|switch|p1a: Incineroar|Incineroar, L50, F|88/100
|-ability|p1a: Incineroar|Intimidate|boost
|-unboost|p2a: Archaludon|atk|1
|-unboost|p2b: Sinistcha|atk|1
|switch|p2b: Ursaluna|Ursaluna, L50, M|100/100
|move|p1b: Electabuzz|Taunt|p2b: Ursaluna
|-start|p2b: Ursaluna|move: Taunt
|move|p2a: Archaludon|Snarl|p1b: Electabuzz|[spread] p1a,p1b
|-resisted|p1a: Incineroar
|-crit|p1a: Incineroar
|-damage|p1a: Incineroar|82/100
|-damage|p1b: Electabuzz|73/100
|-unboost|p1a: Incineroar|spa|1
|-unboost|p1b: Electabuzz|spa|1
|
|-status|p2b: Ursaluna|brn|[from] item: Flame Orb
|upkeep
|turn|7
|inactive|GokuVGC01 has 30 seconds left.
|inactive|Volanr has 30 seconds left.
|inactive|Volanr has 20 seconds left.
|inactive|Volanr has 15 seconds left.
|
|t:|1757712456
|switch|p1b: Basculegion|Basculegion, L50, M|100/100
|switch|p2b: Dragonite|Dragonite, L50, F|95/100
|move|p1a: Incineroar|Fake Out|p2b: Dragonite
|-damage|p2b: Dragonite|82/100
|move|p2a: Archaludon|Body Press|p1b: Basculegion
|-immune|p1b: Basculegion
|
|upkeep
|turn|8
|inactive|GokuVGC01 has 30 seconds left.
|inactive|GokuVGC01 has 20 seconds left.
|inactive|GokuVGC01 has 15 seconds left.
|
|t:|1757712499
|move|p2b: Dragonite|Tailwind|p2b: Dragonite
|-sidestart|p2: Volanr|move: Tailwind
|move|p2a: Archaludon|Snarl|p1a: Incineroar|[spread] p1a,p1b
|-resisted|p1a: Incineroar
|-supereffective|p1b: Basculegion
|-crit|p1b: Basculegion
|-damage|p1a: Incineroar|78/100
|-damage|p1b: Basculegion|64/100
|-unboost|p1a: Incineroar|spa|1
|-unboost|p1b: Basculegion|spa|1
|move|p1b: Basculegion|Flip Turn|p2b: Dragonite
|-resisted|p2b: Dragonite
|-damage|p2b: Dragonite|57/100
|
|t:|1757712509
|switch|p1b: Electabuzz|Electabuzz, L50, M|73/100|[from] Flip Turn
|move|p1a: Incineroar|Knock Off|p2b: Dragonite
|-damage|p2b: Dragonite|17/100
|-enditem|p2b: Dragonite|Loaded Dice|[from] move: Knock Off|[of] p1a: Incineroar
|
|upkeep
|turn|9
|inactive|GokuVGC01 has 30 seconds left.
|inactive|GokuVGC01 has 20 seconds left.
|inactive|GokuVGC01 has 15 seconds left.
|
|t:|1757712550
|switch|p2b: Sinistcha|Sinistcha-Masterpiece, L50|97/100
|-heal|p2a: Archaludon|81/100|[from] ability: Hospitality|[of] p2b: Sinistcha
|move|p2a: Archaludon|Body Press|p1a: Incineroar
|-supereffective|p1a: Incineroar
|-damage|p1a: Incineroar|0 fnt
|faint|p1a: Incineroar
|move|p1b: Electabuzz|Electroweb|p2b: Sinistcha|[spread] p2a,p2b
|-resisted|p2a: Archaludon
|-resisted|p2b: Sinistcha
|-damage|p2a: Archaludon|73/100
|-damage|p2b: Sinistcha|92/100
|-unboost|p2a: Archaludon|spe|1
|-unboost|p2b: Sinistcha|spe|1
|-ability|p2a: Archaludon|Stamina|boost
|-boost|p2a: Archaludon|def|1
|
|upkeep
|
|t:|1757712564
|switch|p1a: Basculegion|Basculegion, L50, M|64/100
|turn|10
|inactive|GokuVGC01 has 30 seconds left.
|inactive|GokuVGC01 has 20 seconds left.
|
|t:|1757712599
|-terastallize|p1a: Basculegion|Water
|-terastallize|p2b: Sinistcha|Dark
|move|p1b: Electabuzz|Follow Me|p1b: Electabuzz
|-singleturn|p1b: Electabuzz|move: Follow Me
|move|p1a: Basculegion|Wave Crash|p2b: Sinistcha
|-damage|p2b: Sinistcha|0 fnt
|faint|p2b: Sinistcha
|-damage|p1a: Basculegion|37/100|[from] Recoil
|move|p2a: Archaludon|Snarl|p1b: Electabuzz|[spread] p1b
|-miss|p2a: Archaludon|p1a: Basculegion
|-damage|p1b: Electabuzz|64/100
|-unboost|p1b: Electabuzz|spa|1
|
|upkeep
|
|t:|1757712615
|switch|p2b: Dragonite|Dragonite, L50, F|17/100
|turn|11
|
|t:|1757712639
|move|p2b: Dragonite|Protect|p2b: Dragonite
|-singleturn|p2b: Dragonite|Protect
|move|p1b: Electabuzz|Follow Me|p1b: Electabuzz
|-singleturn|p1b: Electabuzz|move: Follow Me
|move|p1a: Basculegion|Wave Crash|p2b: Dragonite
|-activate|p2b: Dragonite|move: Protect
|move|p2a: Archaludon|Body Press|p1b: Electabuzz
|-damage|p1b: Electabuzz|17/100
|
|-sideend|p2: Volanr|move: Tailwind
|upkeep
|turn|12
|
|t:|1757712655
|move|p1b: Electabuzz|Follow Me|p1b: Electabuzz
|-singleturn|p1b: Electabuzz|move: Follow Me
|move|p2b: Dragonite|Tailwind|p2b: Dragonite
|-sidestart|p2: Volanr|move: Tailwind
|move|p1a: Basculegion|Wave Crash|p2b: Dragonite
|-resisted|p2b: Dragonite
|-damage|p2b: Dragonite|0 fnt
|faint|p2b: Dragonite
|-damage|p1a: Basculegion|32/100|[from] Recoil
|move|p2a: Archaludon|Body Press|p1b: Electabuzz
|-damage|p1b: Electabuzz|0 fnt
|faint|p1b: Electabuzz
|
|upkeep
|
|t:|1757712665
|switch|p1b: Gholdengo|Gholdengo, L50|9/100
|switch|p2b: Ursaluna|Ursaluna, L50, M|100/100 brn
|turn|13
|
|t:|1757712674
|move|p2b: Ursaluna|Headlong Rush|p1b: Gholdengo
|-supereffective|p1b: Gholdengo
|-damage|p1b: Gholdengo|0 fnt
|-unboost|p2b: Ursaluna|def|1
|-unboost|p2b: Ursaluna|spd|1
|faint|p1b: Gholdengo
|move|p1a: Basculegion|Wave Crash|p2b: Ursaluna
|-supereffective|p2b: Ursaluna
|-damage|p2b: Ursaluna|0 fnt
|faint|p2b: Ursaluna
|-damage|p1a: Basculegion|0 fnt|[from] Recoil
|faint|p1a: Basculegion
|
|win|Volanr
|raw|GokuVGC01's rating: 1143 → 1134(-9 for losing)
|raw|Volanr's rating: 1402 → 1409(+7 for winning)
|l|☆Volanr
|player|p2|
