|j|☆NahIdWin0690
|j|☆aimi_yumeiha
|html|NahIdWin0690aimi_yumeiha    
|uhtml|bestof|Game 2 of a best-of-3
|t:|1784265210
|gametype|doubles
|player|p1|NahIdWin0690|266|
|player|p2|aimi_yumeiha|169|
|gen|9
|tier|[Gen 9 Champions] VGC 2026 Reg M-B (Bo3)
|rule|Species Clause: Limit one of each Pokémon
|rule|Item Clause: Limit 1 of each item
|clearpoke
|poke|p1|Staraptor, L50, F, shiny|
|poke|p1|Sinistcha, L50, shiny|
|poke|p1|Grimmsnarl, L50, M, shiny|
|poke|p1|Farigiraf, L50, M, shiny|
|poke|p1|Scrafty, L50, M, shiny|
|poke|p1|Torkoal, L50, F, shiny|
|poke|p2|Greninja, L50, F|
|poke|p2|Maushold, L50|
|poke|p2|Clefable, L50, F|
|poke|p2|Hawlucha, L50, F|
|poke|p2|Typhlosion, L50, F|
|poke|p2|Pikachu, L50, M|
|teampreview|4
|showteam|p1|Staraptor||Staraptite|Intimidate|Roost,CloseCombat,BraveBird,Protect|Jolly||F|||50|]Sinistcha||SitrusBerry|Hospitality|MatchaGotcha,RagePowder,TrickRoom,ShadowBall|Calm|||||50|]Grimmsnarl||RoseliBerry|Prankster|FakeOut,PartingShot,SpiritBreak,ScaryFace|Careful||M|||50|]Farigiraf||ChoiceScarf|CudChew|CalmMind,Agility,BodySlam,DoubleEdge|Serious||M|||50|]Scrafty||Scraftinite|Intimidate|BulkUp,BodySlam,Detect,Counter|Serious||M|||50|]Torkoal||LifeOrb|WhiteSmoke|EarthPower,WeatherBall,SolarBeam,Protect|Quiet||F|||50|
|showteam|p2|Greninja||Greninjite|Protean|GrassKnot,DarkPulse,Protect,WaterShuriken|Serious||F|||50|]Maushold|||FriendGuard|Encore,FollowMe,PopulationBomb,Facade|Serious|||||50|]Clefable|||CuteCharm|DazzlingGleam,SweetKiss,DrainingKiss,MistyExplosion|Serious||F|||50|]Hawlucha|||Limber|Acrobatics,UpperHand,QuickGuard,AirSlash|Serious||F|||50|]Typhlosion|||Blaze|FireSpin,FireFang,LavaPlume,Inferno|Serious||F|||50|]Pikachu|||Static|Discharge,Nuzzle,VoltSwitch,ZapCannon|Serious||M|||50|
|j| greatox17
|j| thefozguy
|j| sinduhquil
|
|t:|1784265220
|teamsize|p1|4
|teamsize|p2|4
|start
|switch|p1a: Staraptor|Staraptor, L50, F, shiny|100/100
|switch|p1b: Grimmsnarl|Grimmsnarl, L50, M, shiny|100/100
|switch|p2a: Greninja|Greninja, L50, F|100/100
|switch|p2b: Maushold|Maushold, L50|100/100
|-ability|p1a: Staraptor|Intimidate|boost
|-unboost|p2a: Greninja|atk|1
|-unboost|p2b: Maushold|atk|1
|turn|1
|
|t:|1784265255
|detailschange|p1a: Staraptor|Staraptor-Mega, L50, F, shiny
|-mega|p1a: Staraptor|Staraptor|Staraptite
|detailschange|p2a: Greninja|Greninja-Mega, L50, F
|-mega|p2a: Greninja|Greninja|Greninjite
|move|p1b: Grimmsnarl|Fake Out|p2a: Greninja
|-damage|p2a: Greninja|87/100
|cant|p2a: Greninja|flinch
|move|p1a: Staraptor|Close Combat|p2b: Maushold
|-supereffective|p2b: Maushold|1
|-damage|p2b: Maushold|0 fnt
|-boost|p1a: Staraptor|def|1
|-boost|p1a: Staraptor|spd|1
|faint|p2b: Maushold
|
|upkeep
|
|t:|1784265271
|switch|p2b: Hawlucha|Hawlucha, L50, F|100/100
|turn|2
|
|t:|1784265295
|move|p2a: Greninja|Water Shuriken|p1a: Staraptor
|-start|p2a: Greninja|typechange|Water|[from] ability: Protean
|-damage|p1a: Staraptor|94/100
|-damage|p1a: Staraptor|89/100
|-damage|p1a: Staraptor|83/100
|-hitcount|p1a: Staraptor|3
|move|p1b: Grimmsnarl|Parting Shot|p1a: Staraptor
|-boost|p1a: Staraptor|atk|1
|-boost|p1a: Staraptor|spa|1
|
|t:|1784265308
|switch|p1b: Sinistcha|Sinistcha, L50, shiny|100/100|[from] Parting Shot
|-heal|p1a: Staraptor|100/100|[from] ability: Hospitality|[of] p1b: Sinistcha
|move|p1a: Staraptor|Close Combat|p2a: Greninja
|-damage|p2a: Greninja|0 fnt
|-boost|p1a: Staraptor|def|1
|-boost|p1a: Staraptor|spd|1
|faint|p2a: Greninja
|move|p2b: Hawlucha|Acrobatics|p1a: Staraptor
|-supereffective|p1a: Staraptor|1
|-damage|p1a: Staraptor|59/100
|
|upkeep
|
|t:|1784265319
|switch|p2a: Clefable|Clefable, L50, F|100/100
|turn|3
|
|t:|1784265338
|move|p1b: Sinistcha|Rage Powder|p1b: Sinistcha
|-singleturn|p1b: Sinistcha|move: Rage Powder
|move|p1a: Staraptor|Close Combat|p2b: Hawlucha
|-resisted|p2b: Hawlucha|1
|-damage|p2b: Hawlucha|42/100
|-boost|p1a: Staraptor|def|1
|-boost|p1a: Staraptor|spd|1
|move|p2b: Hawlucha|Air Slash|p1b: Sinistcha
|-supereffective|p1b: Sinistcha|1
|-damage|p1b: Sinistcha|59/100
|move|p2a: Clefable|Dazzling Gleam|p1b: Sinistcha|[spread] p1a,p1b
|-supereffective|p1a: Staraptor|1
|-damage|p1a: Staraptor|40/100
|-damage|p1b: Sinistcha|39/100
|-enditem|p1b: Sinistcha|Sitrus Berry|[eat]
|-heal|p1b: Sinistcha|64/100|[from] item: Sitrus Berry
|
|upkeep
|turn|4
|
|t:|1784265368
|move|p1a: Staraptor|Close Combat|p2b: Hawlucha
|-resisted|p2b: Hawlucha|1
|-damage|p2b: Hawlucha|0 fnt
|-boost|p1a: Staraptor|def|1
|-boost|p1a: Staraptor|spd|1
|faint|p2b: Hawlucha
|move|p2a: Clefable|Dazzling Gleam|p1b: Sinistcha|[spread] p1a,p1b
|-supereffective|p1a: Staraptor|1
|-damage|p1a: Staraptor|23/100
|-damage|p1b: Sinistcha|44/100
|move|p1b: Sinistcha|Matcha Gotcha|p2a: Clefable
|-damage|p2a: Clefable|60/100
|-heal|p1b: Sinistcha|64/100|[from] drain|[of] p2a: Clefable
|
|upkeep
|turn|5
|
|t:|1784265386
|switch|p1b: Grimmsnarl|Grimmsnarl, L50, M, shiny|100/100
|move|p1a: Staraptor|Roost|p1a: Staraptor
|-heal|p1a: Staraptor|73/100
|-singleturn|p1a: Staraptor|move: Roost
|move|p2a: Clefable|Draining Kiss|p1a: Staraptor
|-supereffective|p1a: Staraptor|1
|-damage|p1a: Staraptor|58/100
|-heal|p2a: Clefable|74/100|[from] drain|[of] p1a: Staraptor
|
|upkeep
|turn|6
|
|t:|1784265399
|move|p1b: Grimmsnarl|Fake Out|p2a: Clefable
|-crit|p2a: Clefable
|-damage|p2a: Clefable|51/100
|move|p1a: Staraptor|Close Combat|p2a: Clefable
|-resisted|p2a: Clefable|1
|-damage|p2a: Clefable|0 fnt
|-boost|p1a: Staraptor|def|1
|-boost|p1a: Staraptor|spd|1
|faint|p2a: Clefable
|
|win|NahIdWin0690
|l| sinduhquil
