|j|☆Kylliza
|j|☆Mattack10
|html|KyllizaMattack10    
|uhtml|bestof|Game 2 of a best-of-3
|t:|1782340972
|gametype|doubles
|player|p1|Kylliza|265|1088
|player|p2|Mattack10|acetrainer|1103
|gen|9
|tier|[Gen 9 Champions] VGC 2026 Reg M-B (Bo3)
|rated|
|rule|Species Clause: Limit one of each Pokémon
|rule|Item Clause: Limit 1 of each item
|clearpoke
|poke|p1|Blaziken, L50, M|
|poke|p1|Whimsicott, L50, F|
|poke|p1|Incineroar, L50, M|
|poke|p1|Sylveon, L50, M|
|poke|p1|Basculegion, L50, M|
|poke|p1|Froslass, L50, F|
|poke|p2|Dragalge, L50, F|
|poke|p2|Farigiraf, L50, M|
|poke|p2|Kingambit, L50, M|
|poke|p2|Incineroar, L50, F, shiny|
|poke|p2|Sinistcha, L50|
|poke|p2|Primarina, L50, M|
|teampreview|4
|showteam|p1|Blaziken||Blazikenite|SpeedBoost|FlareBlitz,CloseCombat,RockSlide,Protect|Adamant||M|||50|]Whimsicott||FocusSash|Prankster|Moonblast,Tailwind,Encore,Protect|Timid||F|||50|]Incineroar||SitrusBerry|Intimidate|FakeOut,FlareBlitz,ThroatChop,PartingShot|Careful||M|||50|]Sylveon||FairyFeather|Pixilate|HyperVoice,HyperBeam,QuickAttack,Protect|Modest||M|||50|]Basculegion||ChoiceScarf|Adaptability|WaveCrash,LastRespects,AquaJet,FlipTurn|Jolly||M|||50|]Froslass||Froslassite|CursedBody|Blizzard,ShadowBall,AuroraVeil,Protect|Timid||F|||50|
|showteam|p2|Dragalge||Dragalgite|PoisonPoint|DracoMeteor,SludgeBomb,Protect,FlipTurn|Quiet||F|||50|]Farigiraf||ColburBerry|ArmorTail|HyperVoice,Psychic,HelpingHand,TrickRoom|Relaxed||M|||50|]Kingambit||ChopleBerry|Defiant|KowtowCleave,SuckerPunch,Protect,LowKick|Brave||M|||50|]Incineroar||ShucaBerry|Intimidate|FakeOut,FlareBlitz,ThroatChop,PartingShot|Sassy||F|||50|]Sinistcha||SitrusBerry|Hospitality|RagePowder,MatchaGotcha,TrickRoom,StrengthSap|Relaxed|||||50|]Primarina||Leftovers|LiquidVoice|HyperVoice,Moonblast,CalmMind,Protect|Quiet||M|||50|
|
|t:|1782340998
|teamsize|p1|4
|teamsize|p2|4
|start
|switch|p1a: Sylveon|Sylveon, L50, M|100/100
|switch|p1b: Froslass|Froslass, L50, F|100/100
|switch|p2a: Dragalge|Dragalge, L50, F|100/100
|switch|p2b: Farigiraf|Farigiraf, L50, M|100/100
|turn|1
|
|t:|1782341034
|detailschange|p1b: Froslass|Froslass-Mega, L50, F
|-mega|p1b: Froslass|Froslass|Froslassite
|-weather|Snowscape|[from] ability: Snow Warning|[of] p1b: Froslass
|detailschange|p2a: Dragalge|Dragalge-Mega, L50, F
|-mega|p2a: Dragalge|Dragalge|Dragalgite
|move|p1b: Froslass|Aurora Veil|p1b: Froslass
|-sidestart|p1: Kylliza|move: Aurora Veil
|move|p1a: Sylveon|Hyper Voice|p2a: Dragalge|[spread] p2a,p2b
|-damage|p2a: Dragalge|64/100
|-damage|p2b: Farigiraf|57/100
|move|p2a: Dragalge|Sludge Bomb|p1a: Sylveon
|-supereffective|p1a: Sylveon|1
|-damage|p1a: Sylveon|44/100
|move|p2b: Farigiraf|Trick Room|p2b: Farigiraf
|-fieldstart|move: Trick Room|[of] p2b: Farigiraf
|
|-weather|Snowscape|[upkeep]
|upkeep
|turn|2
|
|t:|1782341073
|-heal|p2a: Dragalge|97/100|[from] ability: Regenerator|[silent]
|switch|p2a: Incineroar|Incineroar, L50, F, shiny|100/100
|-ability|p2a: Incineroar|Intimidate|boost
|-unboost|p1a: Sylveon|atk|1
|-unboost|p1b: Froslass|atk|1
|move|p1a: Sylveon|Protect|p1a: Sylveon
|-singleturn|p1a: Sylveon|Protect
|move|p2b: Farigiraf|Psychic|p1a: Sylveon
|-activate|p1a: Sylveon|move: Protect
|move|p1b: Froslass|Blizzard|p2b: Farigiraf|[spread] p2a,p2b
|-resisted|p2a: Incineroar|1
|-damage|p2a: Incineroar|85/100
|-damage|p2b: Farigiraf|20/100y
|
|-weather|Snowscape|[upkeep]
|upkeep
|turn|3
|
|t:|1782341101
|switch|p2b: Kingambit|Kingambit, L50, M|100/100
|move|p1b: Froslass|Protect|p1b: Froslass
|-singleturn|p1b: Froslass|Protect
|move|p2a: Incineroar|Flare Blitz|p1a: Sylveon
|-damage|p1a: Sylveon|10/100
|-damage|p2a: Incineroar|75/100|[from] Recoil
|move|p1a: Sylveon|Hyper Voice|p2b: Kingambit|[spread] p2a,p2b
|-damage|p2a: Incineroar|39/100
|-damage|p2b: Kingambit|55/100
|
|-weather|Snowscape|[upkeep]
|upkeep
|turn|4
|
|t:|1782341139
|switch|p1b: Blaziken|Blaziken, L50, M|100/100
|move|p1a: Sylveon|Protect|p1a: Sylveon
|-singleturn|p1a: Sylveon|Protect
|move|p2b: Kingambit|Kowtow Cleave|p1b: Blaziken
|-resisted|p1b: Blaziken|1
|-damage|p1b: Blaziken|73/100
|move|p2a: Incineroar|Parting Shot|p1a: Sylveon
|-activate|p1a: Sylveon|move: Protect
|
|-weather|Snowscape|[upkeep]
|upkeep
|turn|5
|
|t:|1782341154
|switch|p2a: Dragalge|Dragalge-Mega, L50, F|97/100
|switch|p1a: Basculegion|Basculegion, L50, M|100/100
|move|p1b: Blaziken|Protect|p1b: Blaziken
|-singleturn|p1b: Blaziken|Protect
|move|p2b: Kingambit|Kowtow Cleave|p1a: Basculegion
|-supereffective|p1a: Basculegion|1
|-damage|p1a: Basculegion|10/100
|
|-weather|none
|-sideend|p1: Kylliza|move: Aurora Veil
|-fieldend|move: Trick Room
|-ability|p1b: Blaziken|Speed Boost|boost
|-boost|p1b: Blaziken|spe|1
|upkeep
|turn|6
|
|t:|1782341179
|switch|p2b: Incineroar|Incineroar, L50, F, shiny|39/100
|-ability|p2b: Incineroar|Intimidate|boost
|-unboost|p1a: Basculegion|atk|1
|-unboost|p1b: Blaziken|atk|1
|move|p1a: Basculegion|Flip Turn|p2a: Dragalge
|-resisted|p2a: Dragalge|1
|-damage|p2a: Dragalge|85/100
|
|t:|1782341186
|switch|p1a: Froslass|Froslass-Mega, L50, F|100/100|[from] Flip Turn
|-weather|Snowscape|[from] ability: Snow Warning|[of] p1a: Froslass
|move|p1b: Blaziken|Close Combat|p2b: Incineroar
|-supereffective|p2b: Incineroar|1
|-damage|p2b: Incineroar|0 fnt
|-unboost|p1b: Blaziken|def|1
|-unboost|p1b: Blaziken|spd|1
|faint|p2b: Incineroar
|move|p2a: Dragalge|Draco Meteor|p1b: Blaziken|[miss]
|-miss|p2a: Dragalge|p1b: Blaziken
|
|-weather|Snowscape|[upkeep]
|-ability|p1b: Blaziken|Speed Boost|boost
|-boost|p1b: Blaziken|spe|1
|upkeep
|c|☆Mattack10|man istg dragalge has missed 80% of draco meteors since i started using it
|
|t:|1782341222
|switch|p2b: Kingambit|Kingambit, L50, M|55/100
|turn|7
|c|☆Kylliza|:s
|
|t:|1782341251
|move|p1b: Blaziken|Protect|p1b: Blaziken
|-singleturn|p1b: Blaziken|Protect
|move|p2b: Kingambit|Protect|p2b: Kingambit
|-singleturn|p2b: Kingambit|Protect
|move|p1a: Froslass|Blizzard|p2b: Kingambit|[spread] p2a
|-activate|p2b: Kingambit|move: Protect
|-supereffective|p2a: Dragalge|1
|-damage|p2a: Dragalge|28/100
|move|p2a: Dragalge|Draco Meteor|p1b: Blaziken
|-activate|p1b: Blaziken|move: Protect
|
|-weather|Snowscape|[upkeep]
|-ability|p1b: Blaziken|Speed Boost|boost
|-boost|p1b: Blaziken|spe|1
|upkeep
|turn|8
|
|t:|1782341280
|switch|p1a: Basculegion|Basculegion, L50, M|10/100
|-heal|p2a: Dragalge|61/100|[from] ability: Regenerator|[silent]
|switch|p2a: Farigiraf|Farigiraf, L50, M|20/100y
|move|p2b: Kingambit|Sucker Punch||[still]
|-fail|p2b: Kingambit
|move|p1b: Blaziken|Close Combat|p2b: Kingambit
|-supereffective|p2b: Kingambit|2
|-enditem|p2b: Kingambit|Chople Berry|[eat]
|-enditem|p2b: Kingambit|Chople Berry|[weaken]
|-damage|p2b: Kingambit|0 fnt
|-unboost|p1b: Blaziken|def|1
|-unboost|p1b: Blaziken|spd|1
|faint|p2b: Kingambit
|
|-weather|Snowscape|[upkeep]
|-ability|p1b: Blaziken|Speed Boost|boost
|-boost|p1b: Blaziken|spe|1
|upkeep
|
|t:|1782341281
|switch|p2b: Dragalge|Dragalge-Mega, L50, F|61/100
|turn|9
|
|t:|1782341307
|move|p1b: Blaziken|Close Combat|p2a: Farigiraf
|-damage|p2a: Farigiraf|0 fnt
|-unboost|p1b: Blaziken|def|1
|-unboost|p1b: Blaziken|spd|1
|faint|p2a: Farigiraf
|move|p1a: Basculegion|Flip Turn|p2b: Dragalge
|-resisted|p2b: Dragalge|1
|-damage|p2b: Dragalge|44/100
|
|t:|1782341316
|switch|p1a: Froslass|Froslass-Mega, L50, F|100/100|[from] Flip Turn
|move|p2b: Dragalge|Sludge Bomb|p1b: Blaziken
|-damage|p1b: Blaziken|0 fnt
|faint|p1b: Blaziken
|
|-weather|Snowscape|[upkeep]
|upkeep
|-message|Mattack10 forfeited.
|
|win|Kylliza
