|j|☆andiom123
|j|☆JustinPaulVGC
|html|andiom123JustinPaulVGC    
|uhtml|bestof|Game 1 of a best-of-3
|t:|1783183915
|gametype|doubles
|player|p1|andiom123|red|1122
|player|p2|JustinPaulVGC|fisherman-gen4|1204
|gen|9
|tier|[Gen 9 Champions] VGC 2026 Reg M-B (Bo3)
|rated|
|rule|Species Clause: Limit one of each Pokémon
|rule|Item Clause: Limit 1 of each item
|clearpoke
|poke|p1|Incineroar, L50, F|
|poke|p1|Farigiraf, L50, F|
|poke|p1|Sylveon, L50, M|
|poke|p1|Torkoal, L50, M|
|poke|p1|Kangaskhan, L50, F|
|poke|p1|Mawile, L50, F|
|poke|p2|Garchomp, L50, F|
|poke|p2|Charizard, L50, F|
|poke|p2|Incineroar, L50, M|
|poke|p2|Sinistcha, L50|
|poke|p2|Farigiraf, L50, F|
|poke|p2|Basculegion, L50, M|
|teampreview|4
|showteam|p1|Incineroar||MuscleBand|Intimidate|ThroatChop,FlareBlitz,FakeOut,PartingShot|Brave||F|||50|]Farigiraf||SitrusBerry|ArmorTail|FoulPlay,PsychicNoise,TrickRoom,HelpingHand|Relaxed||F|||50|]Sylveon||LifeOrb|Pixilate|HyperVoice,HyperBeam,QuickAttack,Detect|Modest||M|||50|]Torkoal||Charcoal|Drought|Eruption,EarthPower,Flamethrower,Protect|Quiet||M|||50|]Kangaskhan||Kangaskhanite|Scrappy|DoubleEdge,FakeOut,IcePunch,HammerArm|Brave||F|||50|]Mawile||Mawilite|HyperCutter|RockSlide,PlayRough,SuckerPunch,Protect|Brave||F|||50|
|showteam|p2|Garchomp||LifeOrb|RoughSkin|Earthquake,RockSlide,DragonClaw,Protect|Jolly||F|||50|]Charizard||CharizarditeY|Blaze|HeatWave,WeatherBall,SolarBeam,Protect|Modest||F|||50|]Incineroar||SitrusBerry|Intimidate|FlareBlitz,DarkestLariat,PartingShot,FakeOut|Impish||M|||50|]Sinistcha||Leftovers|Hospitality|MatchaGotcha,RagePowder,TrickRoom,Protect|Bold|||||50|]Farigiraf||ColburBerry|ArmorTail|HyperVoice,Thunderbolt,TrickRoom,Protect|Calm||F|||50|]Basculegion||FocusSash|Adaptability|Waterfall,AquaJet,LastRespects,Protect|Jolly||M|||50|
|inactive|Battle timer is ON: inactive players will automatically lose when time's up. (requested by JustinPaulVGC)
|
|t:|1783183968
|teamsize|p1|4
|teamsize|p2|4
|start
|switch|p1a: Farigiraf|Farigiraf, L50, F|100/100
|switch|p1b: Incineroar|Incineroar, L50, F|100/100
|switch|p2a: Farigiraf|Farigiraf, L50, F|100/100
|switch|p2b: Basculegion|Basculegion, L50, M|100/100
|-ability|p1b: Incineroar|Intimidate|boost
|-unboost|p2a: Farigiraf|atk|1
|-unboost|p2b: Basculegion|atk|1
|turn|1
|inactive|andiom123 has 30 seconds left.
|inactive|andiom123 has 20 seconds left.
|
|t:|1783184003
|switch|p2a: Incineroar|Incineroar, L50, M|100/100
|-ability|p2a: Incineroar|Intimidate|boost
|-unboost|p1a: Farigiraf|atk|1
|-unboost|p1b: Incineroar|atk|1
|move|p2b: Basculegion|Waterfall|p1b: Incineroar
|-supereffective|p1b: Incineroar|1
|-damage|p1b: Incineroar|40/100
|move|p1b: Incineroar|Parting Shot|p2b: Basculegion
|-unboost|p2b: Basculegion|atk|1
|-unboost|p2b: Basculegion|spa|1
|
|t:|1783184017
|switch|p1b: Mawile|Mawile, L50, F|100/100|[from] Parting Shot
|move|p1a: Farigiraf|Trick Room|p1a: Farigiraf
|-fieldstart|move: Trick Room|[of] p1a: Farigiraf
|
|upkeep
|turn|2
|
|t:|1783184040
|switch|p2b: Farigiraf|Farigiraf, L50, F|100/100
|move|p1b: Mawile|Protect|p1b: Mawile
|-singleturn|p1b: Mawile|Protect
|move|p1a: Farigiraf|Foul Play|p2a: Incineroar
|-resisted|p2a: Incineroar|1
|-damage|p2a: Incineroar|92/100
|move|p2a: Incineroar|Flare Blitz|p1b: Mawile
|-activate|p1b: Mawile|move: Protect
|
|upkeep
|turn|3
|
|t:|1783184058
|detailschange|p1b: Mawile|Mawile-Mega, L50, F
|-mega|p1b: Mawile|Mawile|Mawilite
|move|p1a: Farigiraf|Helping Hand|p1b: Mawile
|-singleturn|p1b: Mawile|Helping Hand|[of] p1a: Farigiraf
|move|p1b: Mawile|Play Rough|p2a: Incineroar
|-damage|p2a: Incineroar|0 fnt
|faint|p2a: Incineroar
|move|p2b: Farigiraf|Trick Room|p2b: Farigiraf
|-fieldend|move: Trick Room
|
|upkeep
|
|t:|1783184066
|switch|p2a: Charizard|Charizard, L50, F|100/100
|turn|4
|
|t:|1783184077
|switch|p1b: Incineroar|Incineroar, L50, F|40/100
|-ability|p1b: Incineroar|Intimidate|boost
|-unboost|p2a: Charizard|atk|1
|-unboost|p2b: Farigiraf|atk|1
|detailschange|p2a: Charizard|Charizard-Mega-Y, L50, F
|-mega|p2a: Charizard|Charizard|Charizardite Y
|-weather|SunnyDay|[from] ability: Drought|[of] p2a: Charizard
|move|p2a: Charizard|Weather Ball|p1a: Farigiraf
|-damage|p1a: Farigiraf|19/100
|-enditem|p1a: Farigiraf|Sitrus Berry|[eat]
|-heal|p1a: Farigiraf|44/100|[from] item: Sitrus Berry
|move|p2b: Farigiraf|Thunderbolt|p1a: Farigiraf
|-damage|p1a: Farigiraf|21/100
|move|p1a: Farigiraf|Trick Room|p1a: Farigiraf
|-fieldstart|move: Trick Room|[of] p1a: Farigiraf
|
|-weather|SunnyDay|[upkeep]
|upkeep
|turn|5
|inactive|andiom123 has 30 seconds left.
|
|t:|1783184105
|move|p1a: Farigiraf|Helping Hand|p1b: Incineroar
|-singleturn|p1b: Incineroar|Helping Hand|[of] p1a: Farigiraf
|move|p1b: Incineroar|Flare Blitz|p2b: Farigiraf
|-damage|p2b: Farigiraf|0 fnt
|faint|p2b: Farigiraf
|-damage|p1b: Incineroar|6/100|[from] Recoil
|move|p2a: Charizard|Heat Wave|p1b: Incineroar|[spread] p1a,p1b
|-resisted|p1b: Incineroar|1
|-damage|p1a: Farigiraf|0 fnt
|-damage|p1b: Incineroar|0 fnt
|faint|p1a: Farigiraf
|faint|p1b: Incineroar
|
|-weather|SunnyDay|[upkeep]
|upkeep
|
|t:|1783184118
|switch|p1a: Mawile|Mawile-Mega, L50, F|100/100
|switch|p1b: Sylveon|Sylveon, L50, M|100/100
|switch|p2b: Basculegion|Basculegion, L50, M|100/100
|turn|6
|
|t:|1783184129
|move|p2b: Basculegion|Protect|p2b: Basculegion
|-singleturn|p2b: Basculegion|Protect
|move|p2a: Charizard|Protect|p2a: Charizard
|-singleturn|p2a: Charizard|Protect
|move|p1a: Mawile|Rock Slide|p2a: Charizard|[spread] 
|-activate|p2a: Charizard|move: Protect
|-activate|p2b: Basculegion|move: Protect
|move|p1b: Sylveon|Hyper Voice|p2b: Basculegion|[spread] 
|-activate|p2a: Charizard|move: Protect
|-activate|p2b: Basculegion|move: Protect
|
|-weather|SunnyDay|[upkeep]
|upkeep
|turn|7
|
|t:|1783184148
|move|p1a: Mawile|Rock Slide|p2a: Charizard|[spread] p2a
|-miss|p1a: Mawile|p2b: Basculegion
|-supereffective|p2a: Charizard|2
|-damage|p2a: Charizard|0 fnt
|faint|p2a: Charizard
|move|p1b: Sylveon|Hyper Voice|p2b: Basculegion
|-damage|p2b: Basculegion|17/100
|-damage|p1b: Sylveon|90/100|[from] item: Life Orb
|move|p2b: Basculegion|Last Respects|p1b: Sylveon
|-damage|p1b: Sylveon|0 fnt
|faint|p1b: Sylveon
|
|-weather|SunnyDay|[upkeep]
|upkeep
|turn|8
|inactive|andiom123 has 30 seconds left.
|
|t:|1783184173
|move|p2b: Basculegion|Protect|p2b: Basculegion
|-singleturn|p2b: Basculegion|Protect
|move|p1a: Mawile|Sucker Punch||[still]
|-fail|p1a: Mawile
|
|-weather|none
|-fieldend|move: Trick Room
|upkeep
|turn|9
|
|t:|1783184189
|move|p2b: Basculegion|Protect||[still]
|-fail|p2b: Basculegion
|move|p1a: Mawile|Play Rough|p2b: Basculegion|[miss]
|-miss|p1a: Mawile|p2b: Basculegion
|
|upkeep
|turn|10
|
|t:|1783184201
|move|p2b: Basculegion|Protect|p2b: Basculegion
|-singleturn|p2b: Basculegion|Protect
|move|p1a: Mawile|Play Rough|p2b: Basculegion
|-activate|p2b: Basculegion|move: Protect
|
|upkeep
|turn|11
|
|t:|1783184210
|move|p2b: Basculegion|Last Respects|p1a: Mawile
|-damage|p1a: Mawile|0 fnt
|faint|p1a: Mawile
|
|win|JustinPaulVGC
||JustinPaulVGC is ready for game 2.
|inactive|andiom123 has 30 seconds to confirm battle start!
||andiom123 is ready for game 2.
|uhtml|next|Next: Game 2 of 3
|l|☆JustinPaulVGC
|player|p2|
