|j|☆blackstormgames
|j|☆wecontinuee33
|html|blackstormgameswecontinuee33    
|uhtml|bestof|Game 2 of a best-of-3
|t:|1782517396
|gametype|doubles
|player|p1|blackstormgames|lance|1305
|player|p2|wecontinuee33|169|1187
|gen|9
|tier|[Gen 9 Champions] VGC 2026 Reg M-B (Bo3)
|rated|
|rule|Species Clause: Limit one of each Pokémon
|rule|Item Clause: Limit 1 of each item
|clearpoke
|poke|p1|Metagross, L50|
|poke|p1|Grimmsnarl, L50, M|
|poke|p1|Milotic, L50, M|
|poke|p1|Garchomp, L50, F|
|poke|p1|Incineroar, L50, F|
|poke|p1|Venusaur, L50, M|
|poke|p2|Basculegion, L50, M|
|poke|p2|Kingambit, L50, M|
|poke|p2|Sneasler, L50, F|
|poke|p2|Incineroar, L50, F|
|poke|p2|Sinistcha, L50|
|poke|p2|Floette-Eternal, L50, F|
|teampreview|4
|showteam|p1|Metagross||Metagrossite|ClearBody|IronHead,PsychicFangs,StompingTantrum,Protect|Jolly|||||50|]Grimmsnarl||LightClay|Prankster|FoulPlay,LightScreen,Reflect,PartingShot|Careful||M|||50|]Milotic||Leftovers|Competitive|MuddyWater,Coil,Hypnosis,Recover|Bold||M|||50|]Garchomp||LifeOrb|RoughSkin|StompingTantrum,DragonClaw,RockSlide,Protect|Jolly||F|||50|]Incineroar||SitrusBerry|Intimidate|FakeOut,FlareBlitz,PartingShot,ThroatChop|Careful||F|||50|]Venusaur||Venusaurite|Overgrow|SludgeBomb,GigaDrain,EarthPower,Protect|Modest||M|||50|
|showteam|p2|Basculegion||ChoiceScarf|Adaptability|LastRespects,WaveCrash,FlipTurn,AquaJet|Jolly||M|||50|]Kingambit||BlackGlasses|Defiant|KowtowCleave,SuckerPunch,SwordsDance,Protect|Adamant||M|||50|]Sneasler||WhiteHerb|Unburden|FakeOut,DireClaw,CloseCombat,Protect|Adamant||F|||50|]Incineroar||SitrusBerry|Intimidate|FlareBlitz,PartingShot,HelpingHand,FakeOut|Careful||F|||50|]Sinistcha||FocusSash|Hospitality|MatchaGotcha,RagePowder,ShadowBall,Protect|Modest|||||50|]Floette-Eternal||Floettite|FlowerVeil|DazzlingGleam,DrainingKiss,CalmMind,Protect|Timid||F|||50|
|
|t:|1782517434
|teamsize|p1|4
|teamsize|p2|4
|start
|switch|p1a: Garchomp|Garchomp, L50, F|100/100
|switch|p1b: Grimmsnarl|Grimmsnarl, L50, M|100/100
|switch|p2a: Sneasler|Sneasler, L50, F|100/100
|switch|p2b: Kingambit|Kingambit, L50, M|100/100
|turn|1
|
|t:|1782517444
|move|p1a: Garchomp|Protect|p1a: Garchomp
|-singleturn|p1a: Garchomp|Protect
|move|p2a: Sneasler|Fake Out|p1a: Garchomp
|-activate|p1a: Garchomp|move: Protect
|move|p1b: Grimmsnarl|Reflect|p1b: Grimmsnarl
|-sidestart|p1: blackstormgames|Reflect
|move|p2b: Kingambit|Swords Dance|p2b: Kingambit
|-boost|p2b: Kingambit|atk|2
|
|upkeep
|turn|2
|
|t:|1782517467
|move|p1b: Grimmsnarl|Parting Shot|p2a: Sneasler
|-unboost|p2a: Sneasler|atk|1
|-unboost|p2a: Sneasler|spa|1
|
|t:|1782517470
|switch|p1b: Milotic|Milotic, L50, M|100/100|[from] Parting Shot
|-enditem|p2a: Sneasler|White Herb
|-clearnegativeboost|p2a: Sneasler|[silent]
|move|p2b: Kingambit|Sucker Punch|p1a: Garchomp
|-damage|p1a: Garchomp|39/100
|-damage|p2b: Kingambit|87/100|[from] ability: Rough Skin|[of] p1a: Garchomp
|move|p2a: Sneasler|Close Combat|p1a: Garchomp
|-damage|p1a: Garchomp|0 fnt
|-unboost|p2a: Sneasler|def|1
|-unboost|p2a: Sneasler|spd|1
|-damage|p2a: Sneasler|87/100|[from] ability: Rough Skin|[of] p1a: Garchomp
|faint|p1a: Garchomp
|
|upkeep
|
|t:|1782517484
|switch|p1a: Grimmsnarl|Grimmsnarl, L50, M|100/100
|turn|3
|
|t:|1782517498
|move|p1a: Grimmsnarl|Parting Shot|p2a: Sneasler
|-unboost|p2a: Sneasler|atk|1
|-unboost|p2a: Sneasler|spa|1
|
|t:|1782517502
|switch|p1a: Metagross|Metagross, L50|100/100|[from] Parting Shot
|move|p2a: Sneasler|Close Combat|p1b: Milotic
|-damage|p1b: Milotic|77/100
|-unboost|p2a: Sneasler|def|1
|-unboost|p2a: Sneasler|spd|1
|move|p1b: Milotic|Hypnosis|p2b: Kingambit
|-status|p2b: Kingambit|slp|[from] move: Hypnosis
|cant|p2b: Kingambit|slp
|
|-heal|p1b: Milotic|83/100|[from] item: Leftovers
|upkeep
|turn|4
|
|t:|1782517520
|switch|p2a: Sinistcha|Sinistcha, L50|100/100
|-heal|p2b: Kingambit|100/100 slp|[from] ability: Hospitality|[of] p2a: Sinistcha
|detailschange|p1a: Metagross|Metagross-Mega, L50
|-mega|p1a: Metagross|Metagross|Metagrossite
|move|p1a: Metagross|Psychic Fangs|p2a: Sinistcha
|-damage|p2a: Sinistcha|42/100
|move|p1b: Milotic|Coil|p1b: Milotic
|-boost|p1b: Milotic|atk|1
|-boost|p1b: Milotic|def|1
|-boost|p1b: Milotic|accuracy|1
|cant|p2b: Kingambit|slp
|
|-heal|p1b: Milotic|89/100|[from] item: Leftovers
|upkeep
|turn|5
|
|t:|1782517544
|switch|p1a: Grimmsnarl|Grimmsnarl, L50, M|100/100
|move|p2a: Sinistcha|Protect|p2a: Sinistcha
|-singleturn|p2a: Sinistcha|Protect
|move|p1b: Milotic|Coil|p1b: Milotic
|-boost|p1b: Milotic|atk|1
|-boost|p1b: Milotic|def|1
|-boost|p1b: Milotic|accuracy|1
|-curestatus|p2b: Kingambit|slp|[msg]
|move|p2b: Kingambit|Kowtow Cleave|p1a: Grimmsnarl
|-resisted|p1a: Grimmsnarl|2
|-damage|p1a: Grimmsnarl|81/100
|
|-heal|p1b: Milotic|95/100|[from] item: Leftovers
|upkeep
|turn|6
|
|t:|1782517563
|move|p2a: Sinistcha|Matcha Gotcha|p1b: Milotic|[spread] p1b
|-miss|p2a: Sinistcha|p1a: Grimmsnarl
|-supereffective|p1b: Milotic|1
|-damage|p1b: Milotic|53/100
|-heal|p2a: Sinistcha|65/100|[from] drain|[of] p1b: Milotic
|-status|p1b: Milotic|brn
|move|p1b: Milotic|Hypnosis|p2b: Kingambit
|-status|p2b: Kingambit|slp|[from] move: Hypnosis
|move|p1a: Grimmsnarl|Foul Play|p2b: Kingambit
|-resisted|p2b: Kingambit|1
|-damage|p2b: Kingambit|57/100 slp
|cant|p2b: Kingambit|slp
|
|-heal|p1b: Milotic|59/100 brn|[from] item: Leftovers
|-damage|p1b: Milotic|53/100 brn|[from] brn
|upkeep
|turn|7
|
|t:|1782517581
|move|p2a: Sinistcha|Matcha Gotcha|p1b: Milotic|[spread] p1b
|-miss|p2a: Sinistcha|p1a: Grimmsnarl
|-supereffective|p1b: Milotic|1
|-damage|p1b: Milotic|11/100 brn
|-heal|p2a: Sinistcha|89/100|[from] drain|[of] p1b: Milotic
|move|p1b: Milotic|Hypnosis|p2a: Sinistcha
|-status|p2a: Sinistcha|slp|[from] move: Hypnosis
|move|p1a: Grimmsnarl|Foul Play|p2b: Kingambit
|-resisted|p2b: Kingambit|1
|-damage|p2b: Kingambit|19/100 slp
|cant|p2b: Kingambit|slp
|
|-heal|p1b: Milotic|17/100 brn|[from] item: Leftovers
|-damage|p1b: Milotic|11/100 brn|[from] brn
|upkeep
|turn|8
|
|t:|1782517609
|-curestatus|p2b: Kingambit|slp|[msg]
|move|p2b: Kingambit|Sucker Punch|p1a: Grimmsnarl
|-resisted|p1a: Grimmsnarl|2
|-damage|p1a: Grimmsnarl|62/100
|cant|p2a: Sinistcha|slp
|move|p1b: Milotic|Recover|p1b: Milotic
|-heal|p1b: Milotic|61/100 brn
|move|p1a: Grimmsnarl|Foul Play|p2b: Kingambit
|-resisted|p2b: Kingambit|1
|-damage|p2b: Kingambit|0 fnt
|faint|p2b: Kingambit
|
|-heal|p1b: Milotic|67/100 brn|[from] item: Leftovers
|-damage|p1b: Milotic|61/100 brn|[from] brn
|-sideend|p1: blackstormgames|Reflect
|upkeep
|
|t:|1782517623
|switch|p2b: Sneasler|Sneasler, L50, F|87/100
|turn|9
|
|t:|1782517631
|move|p1a: Grimmsnarl|Parting Shot|p2b: Sneasler
|-unboost|p2b: Sneasler|atk|1
|-unboost|p2b: Sneasler|spa|1
|
|t:|1782517635
|switch|p1a: Metagross|Metagross-Mega, L50|100/100|[from] Parting Shot
|move|p2b: Sneasler|Dire Claw|p1a: Metagross
|-immune|p1a: Metagross
|cant|p2a: Sinistcha|slp
|move|p1b: Milotic|Hypnosis|p2b: Sneasler
|-status|p2b: Sneasler|slp|[from] move: Hypnosis
|
|-heal|p1b: Milotic|67/100 brn|[from] item: Leftovers
|-damage|p1b: Milotic|61/100 brn|[from] brn
|upkeep
|turn|10
|
|t:|1782517654
|switch|p2b: Incineroar|Incineroar, L50, F|100/100
|-ability|p2b: Incineroar|Intimidate|boost
|-unboost|p1a: Metagross|atk|1
|-unboost|p1b: Milotic|atk|1
|-ability|p1b: Milotic|Competitive|boost
|-boost|p1b: Milotic|spa|2
|move|p1a: Metagross|Psychic Fangs|p2b: Incineroar
|-immune|p2b: Incineroar
|-curestatus|p2a: Sinistcha|slp|[msg]
|move|p2a: Sinistcha|Matcha Gotcha|p1b: Milotic|[spread] p1a
|-miss|p2a: Sinistcha|p1b: Milotic
|-resisted|p1a: Metagross|1
|-damage|p1a: Metagross|85/100
|-heal|p2a: Sinistcha|96/100|[from] drain|[of] p1a: Metagross
|move|p1b: Milotic|Hypnosis|p2a: Sinistcha
|-status|p2a: Sinistcha|slp|[from] move: Hypnosis
|
|-heal|p1b: Milotic|67/100 brn|[from] item: Leftovers
|-damage|p1b: Milotic|61/100 brn|[from] brn
|upkeep
|turn|11
|
|t:|1782517681
|switch|p1a: Grimmsnarl|Grimmsnarl, L50, M|62/100
|move|p2b: Incineroar|Fake Out|p1b: Milotic
|-damage|p1b: Milotic|56/100 brn
|cant|p2a: Sinistcha|slp
|cant|p1b: Milotic|flinch
|
|-heal|p1b: Milotic|62/100 brn|[from] item: Leftovers
|-damage|p1b: Milotic|56/100 brn|[from] brn
|upkeep
|turn|12
|
|t:|1782517695
|move|p2b: Incineroar|Helping Hand|p2a: Sinistcha
|-singleturn|p2a: Sinistcha|Helping Hand|[of] p2b: Incineroar
|move|p1a: Grimmsnarl|Parting Shot|p2a: Sinistcha
|-unboost|p2a: Sinistcha|atk|1
|-unboost|p2a: Sinistcha|spa|1
|
|t:|1782517700
|switch|p1a: Metagross|Metagross-Mega, L50|85/100|[from] Parting Shot
|cant|p2a: Sinistcha|slp
|move|p1b: Milotic|Hypnosis|p2b: Incineroar
|-status|p2b: Incineroar|slp|[from] move: Hypnosis
|
|-heal|p1b: Milotic|62/100 brn|[from] item: Leftovers
|-damage|p1b: Milotic|56/100 brn|[from] brn
|upkeep
|turn|13
|
|t:|1782517711
|cant|p2b: Incineroar|slp
|move|p1a: Metagross|Psychic Fangs|p2a: Sinistcha
|-damage|p2a: Sinistcha|39/100 slp
|-curestatus|p2a: Sinistcha|slp|[msg]
|move|p2a: Sinistcha|Matcha Gotcha|p1a: Metagross|[spread] p1a,p1b
|-resisted|p1a: Metagross|1
|-supereffective|p1b: Milotic|1
|-damage|p1a: Metagross|74/100
|-heal|p2a: Sinistcha|44/100|[from] drain|[of] p1a: Metagross
|-damage|p1b: Milotic|29/100 brn
|-heal|p2a: Sinistcha|60/100|[from] drain|[of] p1b: Milotic
|move|p1b: Milotic|Muddy Water|p2a: Sinistcha|[spread] p2a,p2b
|-resisted|p2a: Sinistcha|1
|-supereffective|p2b: Incineroar|1
|-damage|p2a: Sinistcha|32/100
|-damage|p2b: Incineroar|18/100 slp
|-unboost|p2a: Sinistcha|accuracy|1
|-unboost|p2b: Incineroar|accuracy|1
|-enditem|p2b: Incineroar|Sitrus Berry|[eat]
|-heal|p2b: Incineroar|43/100 slp|[from] item: Sitrus Berry
|
|-heal|p1b: Milotic|35/100 brn|[from] item: Leftovers
|-damage|p1b: Milotic|29/100 brn|[from] brn
|upkeep
|turn|14
|
|t:|1782517735
|cant|p2b: Incineroar|slp
|move|p1a: Metagross|Psychic Fangs|p2a: Sinistcha
|-damage|p2a: Sinistcha|0 fnt
|faint|p2a: Sinistcha
|move|p1b: Milotic|Muddy Water|p2b: Incineroar
|-supereffective|p2b: Incineroar|1
|-damage|p2b: Incineroar|0 fnt
|faint|p2b: Incineroar
|
|-heal|p1b: Milotic|35/100 brn|[from] item: Leftovers
|-damage|p1b: Milotic|29/100 brn|[from] brn
|upkeep
|
|t:|1782517742
|switch|p2b: Sneasler|Sneasler, L50, F|87/100 slp
|turn|15
|
|t:|1782517749
|cant|p2b: Sneasler|slp
|move|p1a: Metagross|Psychic Fangs|p2b: Sneasler
|-supereffective|p2b: Sneasler|2
|-damage|p2b: Sneasler|0 fnt
|faint|p2b: Sneasler
|
|win|blackstormgames
||blackstormgames is ready for game 3.
||wecontinuee33 is ready for game 3.
|uhtml|next|Next: Game 3 of 3
