|j|☆tydirium_69
|j|☆natsukivgc
|html|tydirium_69natsukivgc    
|uhtml|bestof|Game 1 of a best-of-3
|t:|1785920409
|gametype|doubles
|player|p1|tydirium_69|iris|1062
|player|p2|natsukivgc|169|1198
|gen|9
|tier|[Gen 9 Champions] VGC 2026 Reg M-B (Bo3)
|rated|
|rule|Species Clause: Limit one of each Pokémon
|rule|Item Clause: Limit 1 of each item
|clearpoke
|poke|p1|Slowking, L50, F|
|poke|p1|Crabominable, L50, M|
|poke|p1|Sinistcha, L50|
|poke|p1|Dragapult, L50, F|
|poke|p1|Rotom-Heat, L50|
|poke|p1|Aegislash, L50, F|
|poke|p2|Hydreigon, L50, M|
|poke|p2|Garchomp, L50, F|
|poke|p2|Metagross, L50|
|poke|p2|Charizard, L50, F|
|poke|p2|Grimmsnarl, L50, M|
|poke|p2|Toxapex, L50, M|
|teampreview|4
|showteam|p1|Slowking||Leftovers|Regenerator|ChillyReception,Scald,Protect,TrickRoom|Bold||F|||50|]Crabominable||Crabominite|HyperCutter|BulkUp,IceHammer,DrainPunch,Protect|Adamant||M|||50|]Sinistcha||FocusSash|Hospitality|MatchaGotcha,TrickRoom,RagePowder,StrengthSap|Relaxed|||||50|]Dragapult||ColburBerry|ClearBody|WillOWisp,LightScreen,Uturn,DragonTail|Jolly||F|||50|]Rotom-Heat||SitrusBerry|Levitate|Overheat,Thunderbolt,NastyPlot,Protect|Quiet|||||50|]Aegislash||LifeOrb|StanceChange|KingsShield,ShadowClaw,WideGuard,IronHead|Adamant||F|||50|
|showteam|p2|Hydreigon||ChoiceScarf|Levitate|HeatWave,DarkPulse,DracoMeteor,Snarl|Modest||M|||50|]Garchomp||SitrusBerry|RoughSkin|Earthquake,RockSlide,DragonClaw,Protect|Adamant||F|||50|]Metagross||Metagrossite|ClearBody|IronHead,HammerArm,BulletPunch,Protect|Adamant|||||50|]Charizard||CharizarditeY|Blaze|Protect,HeatWave,SolarBeam,WeatherBall|Timid||F|||50|]Grimmsnarl||RoseliBerry|Prankster|FakeOut,FoulPlay,Reflect,PartingShot|Sassy||M|||50|]Toxapex||Leftovers|Regenerator|Infestation,Toxic,BanefulBunker,WideGuard|Bold||M|||50|
|
|t:|1785920509
|teamsize|p1|4
|teamsize|p2|4
|start
|switch|p1a: Dragapult|Dragapult, L50, F|100/100
|switch|p1b: Aegislash|Aegislash, L50, F|100/100
|switch|p2a: Charizard|Charizard, L50, F|100/100
|switch|p2b: Grimmsnarl|Grimmsnarl, L50, M|100/100
|turn|1
|inactive|Battle timer is ON: inactive players will automatically lose when time's up. (requested by tydirium_69)
|
|t:|1785920542
|detailschange|p2a: Charizard|Charizard-Mega-Y, L50, F
|-mega|p2a: Charizard|Charizard|Charizardite Y
|-weather|SunnyDay|[from] ability: Drought|[of] p2a: Charizard
|move|p1b: Aegislash|King's Shield|p1b: Aegislash
|-singleturn|p1b: Aegislash|Protect
|move|p2b: Grimmsnarl|Reflect|p2b: Grimmsnarl
|-sidestart|p2: natsukivgc|Reflect
|move|p1a: Dragapult|Light Screen|p1a: Dragapult
|-sidestart|p1: tydirium_69|move: Light Screen
|move|p2a: Charizard|Heat Wave|p1a: Dragapult|[spread] p1a
|-activate|p1b: Aegislash|move: Protect
|-resisted|p1a: Dragapult|1
|-damage|p1a: Dragapult|77/100
|
|-weather|SunnyDay|[upkeep]
|upkeep
|turn|2
|inactive|tydirium_69 has 30 seconds left.
|inactive|natsukivgc has 30 seconds left.
|inactive|tydirium_69 has 20 seconds left.
|inactive|tydirium_69 has 15 seconds left.
|
|t:|1785920582
|move|p1b: Aegislash|Wide Guard|p1b: Aegislash
|-singleturn|p1b: Aegislash|Wide Guard
|move|p1a: Dragapult|Will-O-Wisp|p2b: Grimmsnarl|[miss]
|-miss|p1a: Dragapult|p2b: Grimmsnarl
|move|p2a: Charizard|Weather Ball|p1b: Aegislash
|-supereffective|p1b: Aegislash|1
|-damage|p1b: Aegislash|11/100
|move|p2b: Grimmsnarl|Foul Play|p1b: Aegislash
|-supereffective|p1b: Aegislash|1
|-damage|p1b: Aegislash|0 fnt
|faint|p1b: Aegislash
|
|-weather|SunnyDay|[upkeep]
|upkeep
|
|t:|1785920593
|switch|p1b: Rotom|Rotom-Heat, L50|100/100
|turn|3
|
|t:|1785920618
|move|p2a: Charizard|Protect|p2a: Charizard
|-singleturn|p2a: Charizard|Protect
|move|p2b: Grimmsnarl|Parting Shot|p1b: Rotom
|-unboost|p1b: Rotom|atk|1
|-unboost|p1b: Rotom|spa|1
|
|t:|1785920639
|switch|p2b: Toxapex|Toxapex, L50, M|100/100|[from] Parting Shot
|move|p1a: Dragapult|Will-O-Wisp|p2b: Toxapex
|-status|p2b: Toxapex|brn
|move|p1b: Rotom|Nasty Plot|p1b: Rotom
|-boost|p1b: Rotom|spa|2
|
|-weather|SunnyDay|[upkeep]
|-damage|p2b: Toxapex|94/100 brn|[from] brn
|upkeep
|turn|4
|inactive|tydirium_69 has 30 seconds left.
|inactive|tydirium_69 has 20 seconds left.
|
|t:|1785920674
|switch|p2a: Hydreigon|Hydreigon, L50, M|100/100
|move|p1b: Rotom|Protect|p1b: Rotom
|-singleturn|p1b: Rotom|Protect
|move|p2b: Toxapex|Infestation|p1b: Rotom
|-activate|p1b: Rotom|move: Protect
|move|p1a: Dragapult|Dragon Tail|p2b: Toxapex
|-damage|p2b: Toxapex|83/100 brn
|-heal|p2b: Toxapex|100/100 brn|[from] ability: Regenerator|[silent]
|drag|p2b: Grimmsnarl|Grimmsnarl, L50, M|100/100
|
|-weather|SunnyDay|[upkeep]
|upkeep
|turn|5
|inactive|tydirium_69 has 30 seconds left.
|inactive|tydirium_69 has 20 seconds left.
|inactive|tydirium_69 has 15 seconds left.
|inactive|tydirium_69 has 10 seconds left.
|
|t:|1785920719
|move|p2b: Grimmsnarl|Parting Shot|p1b: Rotom
|-unboost|p1b: Rotom|atk|1
|-unboost|p1b: Rotom|spa|1
|
|t:|1785920722
|switch|p2b: Toxapex|Toxapex, L50, M|100/100 brn|[from] Parting Shot
|move|p2a: Hydreigon|Snarl|p1b: Rotom|[spread] p1a,p1b
|-supereffective|p1a: Dragapult|1
|-enditem|p1a: Dragapult|Colbur Berry|[eat]
|-enditem|p1a: Dragapult|Colbur Berry|[weaken]
|-damage|p1a: Dragapult|62/100
|-damage|p1b: Rotom|85/100
|-unboost|p1b: Rotom|spa|1
|move|p1a: Dragapult|U-turn|p2a: Hydreigon
|-supereffective|p2a: Hydreigon|1
|-damage|p2a: Hydreigon|74/100
|
|t:|1785920734
|switch|p1a: Slowking|Slowking, L50, F|100/100|[from] U-turn
|move|p1b: Rotom|Thunderbolt|p2b: Toxapex
|-supereffective|p2b: Toxapex|1
|-damage|p2b: Toxapex|56/100 brn
|
|-weather|none
|-heal|p2b: Toxapex|62/100 brn|[from] item: Leftovers
|-damage|p2b: Toxapex|56/100 brn|[from] brn
|-sideend|p2: natsukivgc|Reflect
|-sideend|p1: tydirium_69|move: Light Screen
|upkeep
|turn|6
|
|t:|1785920755
|move|p2a: Hydreigon|Snarl|p1b: Rotom|[spread] p1a,p1b
|-supereffective|p1a: Slowking|1
|-damage|p1a: Slowking|60/100
|-damage|p1b: Rotom|59/100
|-unboost|p1a: Slowking|spa|1
|-unboost|p1b: Rotom|spa|1
|move|p1b: Rotom|Nasty Plot|p1b: Rotom
|-boost|p1b: Rotom|spa|2
|move|p2b: Toxapex|Infestation|p1b: Rotom
|-resisted|p1b: Rotom|1
|-damage|p1b: Rotom|58/100
|-activate|p1b: Rotom|move: Infestation|[of] p2b: Toxapex
|move|p1a: Slowking|Trick Room|p1a: Slowking
|-fieldstart|move: Trick Room|[of] p1a: Slowking
|
|-heal|p1a: Slowking|66/100|[from] item: Leftovers
|-heal|p2b: Toxapex|62/100 brn|[from] item: Leftovers
|-damage|p2b: Toxapex|56/100 brn|[from] brn
|-damage|p1b: Rotom|46/100|[from] move: Infestation|[partiallytrapped]
|upkeep
|-enditem|p1b: Rotom|Sitrus Berry|[eat]
|-heal|p1b: Rotom|71/100|[from] item: Sitrus Berry
|turn|7
|inactive|tydirium_69 has 30 seconds left.
|inactive|natsukivgc has 30 seconds left.
|
|t:|1785920787
|move|p2b: Toxapex|Baneful Bunker|p2b: Toxapex
|-singleturn|p2b: Toxapex|move: Protect
|move|p1a: Slowking|Scald|p2a: Hydreigon
|-resisted|p2a: Hydreigon|1
|-damage|p2a: Hydreigon|64/100
|move|p1b: Rotom|Nasty Plot|p1b: Rotom
|-boost|p1b: Rotom|spa|2
|move|p2a: Hydreigon|Snarl|p1b: Rotom|[spread] p1a,p1b
|-supereffective|p1a: Slowking|1
|-damage|p1a: Slowking|30/100
|-damage|p1b: Rotom|48/100
|-unboost|p1a: Slowking|spa|1
|-unboost|p1b: Rotom|spa|1
|
|-heal|p1a: Slowking|36/100|[from] item: Leftovers
|-heal|p2b: Toxapex|62/100 brn|[from] item: Leftovers
|-damage|p2b: Toxapex|56/100 brn|[from] brn
|-damage|p1b: Rotom|36/100|[from] move: Infestation|[partiallytrapped]
|upkeep
|turn|8
|inactive|tydirium_69 has 30 seconds left.
|inactive|natsukivgc has 30 seconds left.
|
|t:|1785920818
|-heal|p2b: Toxapex|89/100 brn|[from] ability: Regenerator|[silent]
|switch|p2b: Grimmsnarl|Grimmsnarl, L50, M|100/100
|-prepare|p1a: Slowking|Chilly Reception|[premajor]
|move|p1a: Slowking|Chilly Reception|p1a: Slowking
|-weather|Snowscape
|
|t:|1785920825
|-heal|p1a: Slowking|69/100|[from] ability: Regenerator|[silent]
|switch|p1a: Dragapult|Dragapult, L50, F|62/100|[from] Chilly Reception
|move|p1b: Rotom|Thunderbolt|p2b: Grimmsnarl
|-damage|p2b: Grimmsnarl|39/100
|move|p2a: Hydreigon|Snarl|p1b: Rotom|[spread] p1b
|-miss|p2a: Hydreigon|p1a: Dragapult
|-damage|p1b: Rotom|9/100
|-unboost|p1b: Rotom|spa|1
|
|-weather|Snowscape|[upkeep]
|-end|p1b: Rotom|Infestation|[partiallytrapped]|[silent]
|upkeep
|turn|9
|-message|tydirium_69 forfeited.
|
|win|natsukivgc
