|j|☆pokseanz
|j|☆gliscor43
|html|pokseanzgliscor43    
|uhtml|bestof|Game 2 of a best-of-3
|t:|1784403300
|gametype|doubles
|player|p1|pokseanz|265|
|player|p2|gliscor43|mars|
|gen|9
|tier|[Gen 9 Champions] VGC 2026 Reg M-B (Bo3)
|rule|Species Clause: Limit one of each Pokémon
|rule|Item Clause: Limit 1 of each item
|clearpoke
|poke|p1|Sinistcha, L50|
|poke|p1|Floette-Eternal, L50, F|
|poke|p1|Incineroar, L50, F|
|poke|p1|Toxapex, L50, M|
|poke|p1|Rotom-Wash, L50|
|poke|p1|Hippowdon, L50, F|
|poke|p2|Pelipper, L50, F|
|poke|p2|Dragonite, L50, F|
|poke|p2|Staraptor, L50, F|
|poke|p2|Swampert, L50, M|
|poke|p2|Meowstic, L50, M|
|poke|p2|Volcarona, L50, F|
|teampreview|4
|showteam|p1|Sinistcha||CobaBerry|Hospitality|MatchaGotcha,RagePowder,TrickRoom,Protect|Bold|||||50|]Floette-Eternal||Floettite|FlowerVeil|DrainingKiss,DazzlingGleam,CalmMind,Protect|Modest||F|||50|]Incineroar||ShucaBerry|Intimidate|FlareBlitz,ThroatChop,FakeOut,PartingShot|Impish||F|||50|]Toxapex||Leftovers|Regenerator|Infestation,Recover,WideGuard,BanefulBunker|Calm||M|||50|]Rotom-Wash||LifeOrb|Levitate|HydroPump,Thunderbolt,WillOWisp,Protect|Modest|||||50|]Hippowdon||SitrusBerry|SandStream|HighHorsepower,RockTomb,Yawn,Protect|Careful||F|||50|
|showteam|p2|Pelipper||FocusSash|Drizzle|WeatherBall,Hurricane,Tailwind,Protect|Modest||F|||50|]Dragonite||BrightPowder|Multiscale|DragonClaw,ExtremeSpeed,Roost,Protect|Adamant||F|||50|]Staraptor||Staraptite|Intimidate|CloseCombat,BraveBird,Roost,Protect|Adamant||F|||50|]Swampert||Swampertite|Torrent|WaveCrash,Earthquake,IcePunch,Protect|Adamant||M|||50|]Meowstic||MentalHerb|Prankster|FakeOut,Charm,RainDance,Yawn|Careful||M|||50|]Volcarona||SitrusBerry|FlameBody|RagePowder,BugBuzz,Protect,LightScreen|Bold||F|||50|
|
|t:|1784403344
|teamsize|p1|4
|teamsize|p2|4
|start
|switch|p1a: Rotom|Rotom-Wash, L50|100/100
|switch|p1b: Floette|Floette-Eternal, L50, F|100/100
|switch|p2a: Pelipper|Pelipper, L50, F|100/100
|switch|p2b: Dragonite|Dragonite, L50, F|100/100
|-weather|RainDance|[from] ability: Drizzle|[of] p2a: Pelipper
|turn|1
|
|t:|1784403398
|detailschange|p1b: Floette|Floette-Mega, L50, F
|-mega|p1b: Floette|Floette|Floettite
|-ability|p1b: Floette|Fairy Aura
|move|p1b: Floette|Protect|p1b: Floette
|-singleturn|p1b: Floette|Protect
|move|p1a: Rotom|Will-O-Wisp|p2b: Dragonite
|-status|p2b: Dragonite|brn
|move|p2a: Pelipper|Tailwind|p2a: Pelipper
|-sidestart|p2: gliscor43|move: Tailwind
|move|p2b: Dragonite|Dragon Claw|p1a: Rotom
|-damage|p1a: Rotom|75/100
|
|-weather|RainDance|[upkeep]
|-damage|p2b: Dragonite|93/100 brn|[from] brn
|upkeep
|turn|2
|
|t:|1784403434
|move|p2b: Dragonite|Extreme Speed|p1b: Floette
|-damage|p1b: Floette|85/100
|move|p2a: Pelipper|Weather Ball|p1b: Floette
|-damage|p1b: Floette|37/100
|move|p1b: Floette|Calm Mind|p1b: Floette
|-boost|p1b: Floette|spa|1
|-boost|p1b: Floette|spd|1
|move|p1a: Rotom|Thunderbolt|p2a: Pelipper
|-supereffective|p2a: Pelipper|2
|-enditem|p2a: Pelipper|Focus Sash
|-damage|p2a: Pelipper|1/100
|-status|p2a: Pelipper|par
|-damage|p1a: Rotom|65/100|[from] item: Life Orb
|
|-weather|RainDance|[upkeep]
|-damage|p2b: Dragonite|87/100 brn|[from] brn
|upkeep
|turn|3
|
|t:|1784403464
|switch|p1a: Sinistcha|Sinistcha, L50|100/100
|-heal|p1b: Floette|61/100|[from] ability: Hospitality|[of] p1a: Sinistcha
|move|p2b: Dragonite|Protect|p2b: Dragonite
|-singleturn|p2b: Dragonite|Protect
|move|p1b: Floette|Dazzling Gleam|p2a: Pelipper|[spread] p2a
|-activate|p2b: Dragonite|move: Protect
|-damage|p2a: Pelipper|0 fnt
|faint|p2a: Pelipper
|
|-weather|RainDance|[upkeep]
|-damage|p2b: Dragonite|81/100 brn|[from] brn
|upkeep
|
|t:|1784403467
|switch|p2a: Staraptor|Staraptor, L50, F|100/100
|-ability|p2a: Staraptor|Intimidate|boost
|-unboost|p1a: Sinistcha|atk|1
|-unboost|p1b: Floette|atk|1
|turn|4
|
|t:|1784403492
|move|p2b: Dragonite|Extreme Speed|p1b: Floette
|-damage|p1b: Floette|45/100
|move|p1a: Sinistcha|Rage Powder|p1a: Sinistcha
|-singleturn|p1a: Sinistcha|move: Rage Powder
|move|p2a: Staraptor|Brave Bird|p1a: Sinistcha
|-supereffective|p1a: Sinistcha|1
|-enditem|p1a: Sinistcha|Coba Berry|[eat]
|-enditem|p1a: Sinistcha|Coba Berry|[weaken]
|-damage|p1a: Sinistcha|52/100
|-damage|p2a: Staraptor|85/100|[from] Recoil
|move|p1b: Floette|Draining Kiss|p2a: Staraptor
|-damage|p2a: Staraptor|6/100
|-heal|p1b: Floette|100/100|[from] drain|[of] p2a: Staraptor
|
|-weather|RainDance|[upkeep]
|-damage|p2b: Dragonite|75/100 brn|[from] brn
|-sideend|p2: gliscor43|move: Tailwind
|upkeep
|turn|5
|
|t:|1784403536
|detailschange|p2a: Staraptor|Staraptor-Mega, L50, F
|-mega|p2a: Staraptor|Staraptor|Staraptite
|move|p2b: Dragonite|Extreme Speed|p1b: Floette
|-damage|p1b: Floette|84/100
|move|p1a: Sinistcha|Rage Powder|p1a: Sinistcha
|-singleturn|p1a: Sinistcha|move: Rage Powder
|move|p1b: Floette|Dazzling Gleam|p2a: Staraptor|[spread] p2a,p2b
|-supereffective|p2a: Staraptor|1
|-supereffective|p2b: Dragonite|1
|-damage|p2a: Staraptor|0 fnt
|-damage|p2b: Dragonite|0 fnt
|faint|p2a: Staraptor
|faint|p2b: Dragonite
|
|-weather|none
|upkeep
|
|t:|1784403544
|switch|p2b: Meowstic|Meowstic, L50, M|100/100
|turn|6
|
|t:|1784403554
|move|p2b: Meowstic|Fake Out|p1b: Floette
|-damage|p1b: Floette|79/100
|cant|p1b: Floette|flinch
|move|p1a: Sinistcha|Matcha Gotcha|p2b: Meowstic
|-damage|p2b: Meowstic|70/100
|-heal|p1a: Sinistcha|67/100|[from] drain|[of] p2b: Meowstic
|
|upkeep
|turn|7
|
|t:|1784403559
|move|p2b: Meowstic|Yawn|p1b: Floette
|-start|p1b: Floette|move: Yawn|[of] p2b: Meowstic
|move|p1b: Floette|Dazzling Gleam|p2b: Meowstic
|-damage|p2b: Meowstic|0 fnt
|faint|p2b: Meowstic
|
|win|pokseanz
|c|☆pokseanz|gg
