|j|☆Milesmate1998
|j|☆TeyVgc
|html|Milesmate1998TeyVgc    
|uhtml|bestof|Game 1 of a best-of-3
|t:|1784060814
|gametype|doubles
|player|p1|Milesmate1998|veteran|1119
|player|p2|TeyVgc|rood|1231
|gen|9
|tier|[Gen 9 Champions] VGC 2026 Reg M-B (Bo3)
|rated|
|rule|Species Clause: Limit one of each Pokémon
|rule|Item Clause: Limit 1 of each item
|clearpoke
|poke|p1|Tinkaton, L50, F|
|poke|p1|Chandelure, L50, F|
|poke|p1|Mamoswine, L50, M|
|poke|p1|Staraptor, L50, M|
|poke|p1|Rotom-Wash, L50, shiny|
|poke|p1|Vanilluxe, L50, M|
|poke|p2|Raichu, L50, F|
|poke|p2|Sinistcha, L50|
|poke|p2|Ceruledge, L50, F|
|poke|p2|Milotic, L50, F|
|poke|p2|Incineroar, L50, F|
|poke|p2|Floette-Eternal, L50, F|
|teampreview|4
|showteam|p1|Tinkaton||WhiteHerb|MoldBreaker|FakeOut,GigatonHammer,HelpingHand,BabyDollEyes|Adamant||F|||50|]Chandelure||Chandelurite|FlashFire|HeatWave,ShadowBall,TrickRoom,EnergyBall|Modest||F|||50|]Mamoswine||FocusSash|Oblivious|Earthquake,IceShard,Protect,RockSlide|Adamant||M|||50|]Staraptor||Staraptite|Intimidate|Tailwind,Protect,CloseCombat,BraveBird|Adamant||M|||50|]Rotom-Wash||Magnet|Levitate|Discharge,VoltSwitch,WillOWisp,Thunderbolt|Modest|||||50|]Vanilluxe||LightClay|SnowWarning|FreezeDry,Blizzard,AuroraVeil,Protect|Calm||M|||50|
|showteam|p2|Raichu||RaichuniteY|LightningRod|ZapCannon,FocusBlast,FakeOut,Protect|Timid||F|||50|]Sinistcha||KasibBerry|Hospitality|MatchaGotcha,Protect,RagePowder,TrickRoom|Relaxed|||||50|]Ceruledge||ColburBerry|FlashFire|BitterBlade,ShadowSneak,BulkUp,Protect|Adamant||F|||50|]Milotic||Leftovers|Competitive|MuddyWater,Coil,Hypnosis,Recover|Calm||F|||50|]Incineroar||SitrusBerry|Intimidate|FlareBlitz,ThroatChop,FakeOut,PartingShot|Impish||F|||50|]Floette-Eternal||Floettite|FlowerVeil|CalmMind,Protect,Moonblast,DazzlingGleam|Modest||F|||50|
|
|t:|1784060852
|teamsize|p1|4
|teamsize|p2|4
|start
|switch|p1a: Rotom|Rotom-Wash, L50, shiny|100/100
|switch|p1b: Mamoswine|Mamoswine, L50, M|100/100
|switch|p2a: Ceruledge|Ceruledge, L50, F|100/100
|switch|p2b: Raichu|Raichu, L50, F|100/100
|turn|1
|
|t:|1784060876
|switch|p2a: Sinistcha|Sinistcha, L50|100/100
|detailschange|p2b: Raichu|Raichu-Mega-Y, L50, F
|-mega|p2b: Raichu|Raichu|Raichunite Y
|move|p2b: Raichu|Focus Blast|p1b: Mamoswine
|-supereffective|p1b: Mamoswine|1
|-damage|p1b: Mamoswine|4/100
|move|p1a: Rotom|Discharge|p2a: Sinistcha|[spread] p2a,p2b
|-immune|p1b: Mamoswine
|-resisted|p2a: Sinistcha|1
|-resisted|p2b: Raichu|1
|-damage|p2a: Sinistcha|83/100
|-damage|p2b: Raichu|76/100
|-status|p2a: Sinistcha|par
|move|p1b: Mamoswine|Earthquake|p2b: Raichu|[spread] p2a,p2b
|-immune|p1a: Rotom|[from] ability: Levitate
|-resisted|p2a: Sinistcha|1
|-supereffective|p2b: Raichu|1
|-damage|p2a: Sinistcha|64/100 par
|-damage|p2b: Raichu|0 fnt
|faint|p2b: Raichu
|
|upkeep
|
|t:|1784060896
|switch|p2b: Ceruledge|Ceruledge, L50, F|100/100
|turn|2
|
|t:|1784060910
|move|p1b: Mamoswine|Protect|p1b: Mamoswine
|-singleturn|p1b: Mamoswine|Protect
|move|p2b: Ceruledge|Shadow Sneak|p1b: Mamoswine
|-activate|p1b: Mamoswine|move: Protect
|move|p1a: Rotom|Discharge|p2b: Ceruledge|[spread] p2a,p2b
|-activate|p1b: Mamoswine|move: Protect
|-resisted|p2a: Sinistcha|1
|-damage|p2a: Sinistcha|49/100 par
|-damage|p2b: Ceruledge|66/100
|move|p2a: Sinistcha|Matcha Gotcha|p1b: Mamoswine|[spread] p1a
|-activate|p1b: Mamoswine|move: Protect
|-supereffective|p1a: Rotom|1
|-damage|p1a: Rotom|46/100
|-heal|p2a: Sinistcha|73/100 par|[from] drain|[of] p1a: Rotom
|
|upkeep
|turn|3
|
|t:|1784060931
|move|p2b: Ceruledge|Shadow Sneak|p1b: Mamoswine
|-damage|p1b: Mamoswine|0 fnt
|faint|p1b: Mamoswine
|move|p1a: Rotom|Discharge|p2a: Sinistcha|[spread] p2a,p2b
|-resisted|p2a: Sinistcha|1
|-damage|p2a: Sinistcha|57/100 par
|-damage|p2b: Ceruledge|29/100
|cant|p2a: Sinistcha|par
|
|upkeep
|
|t:|1784060952
|switch|p1b: Chandelure|Chandelure, L50, F|100/100
|turn|4
|
|t:|1784060989
|switch|p1b: Tinkaton|Tinkaton, L50, F|100/100
|-ability|p1b: Tinkaton|Mold Breaker
|switch|p2a: Incineroar|Incineroar, L50, F|100/100
|-ability|p2a: Incineroar|Intimidate|boost
|-unboost|p1a: Rotom|atk|1
|-unboost|p1b: Tinkaton|atk|1
|-enditem|p1b: Tinkaton|White Herb
|-clearnegativeboost|p1b: Tinkaton|[silent]
|move|p2b: Ceruledge|Protect|p2b: Ceruledge
|-singleturn|p2b: Ceruledge|Protect
|move|p1a: Rotom|Discharge|p2a: Incineroar|[spread] p1b,p2a
|-activate|p2b: Ceruledge|move: Protect
|-damage|p1b: Tinkaton|71/100
|-damage|p2a: Incineroar|69/100
|
|upkeep
|turn|5
|
|t:|1784061009
|switch|p2b: Sinistcha|Sinistcha, L50|57/100 par
|-heal|p2a: Incineroar|94/100|[from] ability: Hospitality|[of] p2b: Sinistcha
|move|p1b: Tinkaton|Fake Out|p2a: Incineroar
|-damage|p2a: Incineroar|86/100
|move|p1a: Rotom|Thunderbolt|p2b: Sinistcha
|-resisted|p2b: Sinistcha|1
|-damage|p2b: Sinistcha|31/100 par
|cant|p2a: Incineroar|flinch
|
|upkeep
|turn|6
|
|t:|1784061032
|move|p1b: Tinkaton|Gigaton Hammer|p2b: Sinistcha
|-damage|p2b: Sinistcha|0 fnt
|faint|p2b: Sinistcha
|move|p1a: Rotom|Thunderbolt|p2a: Incineroar
|-damage|p2a: Incineroar|41/100
|-enditem|p2a: Incineroar|Sitrus Berry|[eat]
|-heal|p2a: Incineroar|65/100|[from] item: Sitrus Berry
|move|p2a: Incineroar|Flare Blitz|p1b: Tinkaton
|-supereffective|p1b: Tinkaton|1
|-damage|p1b: Tinkaton|0 fnt
|faint|p1b: Tinkaton
|-damage|p2a: Incineroar|43/100|[from] Recoil
|
|upkeep
|
|t:|1784061043
|switch|p1b: Chandelure|Chandelure, L50, F|100/100
|switch|p2b: Ceruledge|Ceruledge, L50, F|29/100
|turn|7
|
|t:|1784061068
|detailschange|p1b: Chandelure|Chandelure-Mega, L50, F
|-mega|p1b: Chandelure|Chandelure|Chandelurite
|move|p2b: Ceruledge|Shadow Sneak|p1b: Chandelure
|-supereffective|p1b: Chandelure|1
|-damage|p1b: Chandelure|64/100
|move|p1b: Chandelure|Shadow Ball|p2b: Ceruledge
|-supereffective|p2b: Ceruledge|1
|-damage|p2b: Ceruledge|0 fnt
|faint|p2b: Ceruledge
|move|p1a: Rotom|Discharge|p2a: Incineroar|[spread] p1b,p2a
|-damage|p1b: Chandelure|33/100
|-damage|p2a: Incineroar|10/100
|move|p2a: Incineroar|Throat Chop|p1b: Chandelure
|-supereffective|p1b: Chandelure|1
|-damage|p1b: Chandelure|0 fnt
|faint|p1b: Chandelure
|
|upkeep
|turn|8
|
|t:|1784061079
|move|p1a: Rotom|Discharge|p2a: Incineroar
|-damage|p2a: Incineroar|0 fnt
|faint|p2a: Incineroar
|
|win|Milesmate1998
