|j|☆pollito400
|j|☆cartaguito21
|html|pollito400cartaguito21    
|uhtml|bestof|Game 1 of a best-of-3
|t:|1783477015
|gametype|doubles
|player|p1|pollito400|2|
|player|p2|cartaguito21|2|
|gen|9
|tier|[Gen 9 Champions] VGC 2026 Reg M-B (Bo3)
|rule|Species Clause: Limit one of each Pokémon
|rule|Item Clause: Limit 1 of each item
|clearpoke
|poke|p1|Lucario, L50, F|
|poke|p1|Whimsicott, L50, F|
|poke|p1|Charizard, L50, M|
|poke|p1|Tsareena, L50, F|
|poke|p1|Hydreigon, L50, F|
|poke|p1|Aerodactyl, L50, F|
|poke|p2|Staraptor, L50, F|
|poke|p2|Houndstone, L50, F|
|poke|p2|Tyranitar, L50, F|
|poke|p2|Rotom-Wash, L50|
|poke|p2|Excadrill, L50, M|
|poke|p2|Venusaur, L50, F|
|teampreview|4
|showteam|p1|Lucario||Lucarionite|InnerFocus|Protect,CloseCombat,MeteorMash,RockSlide|Jolly||F|||50|]Whimsicott||FocusSash|Prankster|Protect,Encore,SunnyDay,Tailwind|Timid||F|||50|]Charizard||ExpertBelt|SolarPower|Protect,SolarBeam,HeatWave,AirSlash|Timid||M|||50|]Tsareena||SitrusBerry|QueenlyMajesty|Taunt,TropKick,HighJumpKick,TripleAxel|Adamant||F|||50|]Hydreigon||LifeOrb|Levitate|Protect,DarkPulse,DragonPulse,EarthPower|Timid||F|||50|]Aerodactyl||Aerodactylite|Unnerve|Protect,Tailwind,RockSlide,IceFang|Jolly||F|||50|
|showteam|p2|Staraptor||Staraptite|Intimidate|BraveBird,CloseCombat,Tailwind,Protect|Jolly||F|||50|]Houndstone||SitrusBerry|SandRush|LastRespects,WillOWisp,BodyPress,Protect|Adamant||F|||50|]Tyranitar||ChoiceScarf|SandStream|RockSlide,KnockOff,IcePunch,LowKick|Adamant||F|||50|]Rotom-Wash||Magnet|Levitate|HydroPump,Thunderbolt,VoltSwitch,Protect|Modest|||||50|]Excadrill||FocusSash|SandRush|Earthquake,IronHead,RockSlide,Protect|Adamant||M|||50|]Venusaur||Venusaurite|Chlorophyll|SludgeBomb,EarthPower,GigaDrain,Protect|Modest||F|||50|
|
|t:|1783477100
|teamsize|p1|4
|teamsize|p2|4
|start
|switch|p1a: Lucario|Lucario, L50, F|100/100
|switch|p1b: Tsareena|Tsareena, L50, F|100/100
|switch|p2a: Tyranitar|Tyranitar, L50, F|100/100
|switch|p2b: Houndstone|Houndstone, L50, F|100/100
|-weather|Sandstorm|[from] ability: Sand Stream|[of] p2a: Tyranitar
|turn|1
|
|t:|1783477130
|switch|p1b: Whimsicott|Whimsicott, L50, F|100/100
|detailschange|p1a: Lucario|Lucario-Mega, L50, F
|-mega|p1a: Lucario|Lucario|Lucarionite
|move|p1a: Lucario|Close Combat|p2a: Tyranitar
|-supereffective|p2a: Tyranitar|2
|-damage|p2a: Tyranitar|0 fnt
|-unboost|p1a: Lucario|def|1
|-unboost|p1a: Lucario|spd|1
|faint|p2a: Tyranitar
|move|p2b: Houndstone|Body Press|p1a: Lucario
|-supereffective|p1a: Lucario|1
|-damage|p1a: Lucario|19/100
|
|-weather|Sandstorm|[upkeep]
|-damage|p1b: Whimsicott|94/100|[from] Sandstorm
|upkeep
|
|t:|1783477145
|switch|p2a: Staraptor|Staraptor, L50, F|100/100
|-ability|p2a: Staraptor|Intimidate|boost
|-unboost|p1a: Lucario|atk|1
|-unboost|p1b: Whimsicott|atk|1
|turn|2
|
|t:|1783477162
|switch|p1a: Tsareena|Tsareena, L50, F|100/100
|detailschange|p2a: Staraptor|Staraptor-Mega, L50, F
|-mega|p2a: Staraptor|Staraptor|Staraptite
|move|p1b: Whimsicott|Tailwind|p1b: Whimsicott
|-sidestart|p1: pollito400|move: Tailwind
|move|p2b: Houndstone|Last Respects|p1b: Whimsicott
|-damage|p1b: Whimsicott|45/100
|move|p2a: Staraptor|Tailwind|p2a: Staraptor
|-sidestart|p2: cartaguito21|move: Tailwind
|
|-weather|Sandstorm|[upkeep]
|-damage|p1b: Whimsicott|39/100|[from] Sandstorm
|-damage|p2a: Staraptor|93/100|[from] Sandstorm
|-damage|p1a: Tsareena|94/100|[from] Sandstorm
|upkeep
|turn|3
|
|t:|1783477182
|move|p2a: Staraptor|Protect|p2a: Staraptor
|-singleturn|p2a: Staraptor|Protect
|move|p1b: Whimsicott|Encore|p2a: Staraptor
|-activate|p2a: Staraptor|move: Protect
|move|p2b: Houndstone|Last Respects|p1b: Whimsicott
|-damage|p1b: Whimsicott|0 fnt
|faint|p1b: Whimsicott
|move|p1a: Tsareena|Triple Axel|p2a: Staraptor
|-activate|p2a: Staraptor|move: Protect
|
|-weather|Sandstorm|[upkeep]
|-damage|p2a: Staraptor|87/100|[from] Sandstorm
|-damage|p1a: Tsareena|88/100|[from] Sandstorm
|upkeep
|
|t:|1783477186
|switch|p1b: Hydreigon|Hydreigon, L50, F|100/100
|turn|4
|
|t:|1783477211
|move|p1b: Hydreigon|Protect|p1b: Hydreigon
|-singleturn|p1b: Hydreigon|Protect
|move|p2b: Houndstone|Body Press|p1b: Hydreigon
|-activate|p1b: Hydreigon|move: Protect
|move|p2a: Staraptor|Close Combat|p1b: Hydreigon
|-activate|p1b: Hydreigon|move: Protect
|move|p1a: Tsareena|Triple Axel|p2a: Staraptor
|-supereffective|p2a: Staraptor|1
|-damage|p2a: Staraptor|70/100
|-supereffective|p2a: Staraptor|1
|-damage|p2a: Staraptor|40/100
|-supereffective|p2a: Staraptor|1
|-damage|p2a: Staraptor|0 fnt
|faint|p2a: Staraptor
|-hitcount|p2: Staraptor|3
|
|-weather|Sandstorm|[upkeep]
|-damage|p1b: Hydreigon|94/100|[from] Sandstorm
|-damage|p1a: Tsareena|82/100|[from] Sandstorm
|upkeep
|
|t:|1783477213
|switch|p2a: Excadrill|Excadrill, L50, M|100/100
|turn|5
|
|t:|1783477232
|move|p2a: Excadrill|Iron Head|p1b: Hydreigon
|-damage|p1b: Hydreigon|51/100
|move|p2b: Houndstone|Body Press|p1b: Hydreigon
|-supereffective|p1b: Hydreigon|1
|-damage|p1b: Hydreigon|10/100
|move|p1b: Hydreigon|Dark Pulse|p2b: Houndstone
|-supereffective|p2b: Houndstone|1
|-damage|p2b: Houndstone|0 fnt
|faint|p2b: Houndstone
|-damage|p1b: Hydreigon|1/100|[from] item: Life Orb
|move|p1a: Tsareena|Trop Kick|p2a: Excadrill
|-damage|p2a: Excadrill|34/100
|-unboost|p2a: Excadrill|atk|1
|
|-weather|none
|-sideend|p1: pollito400|move: Tailwind
|-sideend|p2: cartaguito21|move: Tailwind
|upkeep
|turn|6
|
|t:|1783477252
|move|p1b: Hydreigon|Earth Power|p2a: Excadrill
|-supereffective|p2a: Excadrill|1
|-damage|p2a: Excadrill|0 fnt
|faint|p2a: Excadrill
|-damage|p1b: Hydreigon|0 fnt|[from] item: Life Orb
|faint|p1b: Hydreigon
|
|win|pollito400
||cartaguito21 is ready for game 2.
|inactive|pollito400 has 30 seconds to confirm battle start!
||pollito400 is ready for game 2.
|uhtml|next|Next: Game 2 of 3
|l|☆pollito400
|player|p1|
