|j|☆soyelfokinJP7
|j|☆catasus
|html|soyelfokinJP7catasus    
|uhtml|bestof|Game 3 of a best-of-3
|t:|1756420145
|gametype|doubles
|player|p1|soyelfokinJP7|2|
|player|p2|catasus|lyra|
|gen|9
|tier|[Gen 9] VGC 2025 Reg H (Bo3)
|rule|Species Clause: Limit one of each Pokémon
|rule|Item Clause: Limit 1 of each item
|clearpoke
|poke|p1|Tyranitar, L50, F|
|poke|p1|Excadrill, L50, F|
|poke|p1|Kommo-o, L50, F|
|poke|p1|Kilowattrel, L50, M|
|poke|p1|Amoonguss, L50, M|
|poke|p1|Incineroar, L50, M|
|poke|p2|Archaludon, L50, M|
|poke|p2|Pelipper, L50, M|
|poke|p2|Gholdengo, L50|
|poke|p2|Incineroar, L50, M|
|poke|p2|Amoonguss, L50, M|
|poke|p2|Basculegion, L50, M|
|teampreview|4
|showteam|p1|Tyranitar||AssaultVest|SandStream|KnockOff,RockSlide,LowKick,TeraBlast|||F|||50|,,,,,Flying]Excadrill||FocusSash|SandRush|Earthquake,HighHorsepower,IronHead,Protect|||F|||50|,,,,,Ground]Kommo-o||ThroatSpray|Overcoat|ClangingScales,AuraSphere,ClangorousSoul,Protect|||F|||50|,,,,,Steel]Kilowattrel||ChoiceSpecs|Competitive|Thunderbolt,AirSlash,VoltSwitch,Discharge|||M|||50|,,,,,Ghost]Amoonguss||SitrusBerry|Regenerator|PollenPuff,Spore,RagePowder,Protect|||M|||50|,,,,,Water]Incineroar||SafetyGoggles|Intimidate|FlareBlitz,KnockOff,PartingShot,FakeOut|||M|||50|,,,,,Ghost
|showteam|p2|Archaludon||AssaultVest|Stamina|DragonPulse,ElectroShot,BodyPress,Snarl|||M|||50|,,,,,Grass]Pelipper||FocusSash|Drizzle|Hurricane,WeatherBall,Tailwind,Protect|||M|||50|,,,,,Stellar]Gholdengo||Leftovers|GoodasGold|MakeItRain,ShadowBall,NastyPlot,Protect||||||50|,,,,,Dragon]Incineroar||SafetyGoggles|Intimidate|KnockOff,FlareBlitz,FakeOut,PartingShot|||M|||50|,,,,,Ghost]Amoonguss||RockyHelmet|Regenerator|ClearSmog,PollenPuff,Spore,RagePowder|||M|||50|,,,,,Fairy]Basculegion||LifeOrb|SwiftSwim|WaveCrash,LastRespects,AquaJet,Protect|||M|||50|,,,,,Grass
|
|t:|1756420176
|teamsize|p1|4
|teamsize|p2|4
|start
|switch|p1a: Kilowattrel|Kilowattrel, L50, M|100/100
|switch|p1b: Kommo-o|Kommo-o, L50, F|100/100
|switch|p2a: Gholdengo|Gholdengo, L50|100/100
|switch|p2b: Archaludon|Archaludon, L50, M, shiny|100/100
|turn|1
|
|t:|1756420205
|switch|p1a: Tyranitar|Tyranitar, L50, F|100/100
|-weather|Sandstorm|[from] ability: Sand Stream|[of] p1a: Tyranitar
|move|p1b: Kommo-o|Clangorous Soul|p1b: Kommo-o
|-boost|p1b: Kommo-o|atk|1
|-boost|p1b: Kommo-o|def|1
|-boost|p1b: Kommo-o|spa|1
|-boost|p1b: Kommo-o|spd|1
|-boost|p1b: Kommo-o|spe|1
|-damage|p1b: Kommo-o|68/100
|-enditem|p1b: Kommo-o|Throat Spray
|-boost|p1b: Kommo-o|spa|1|[from] item: Throat Spray
|move|p2a: Gholdengo|Nasty Plot|p2a: Gholdengo
|-boost|p2a: Gholdengo|spa|2
|move|p2b: Archaludon|Dragon Pulse|p1b: Kommo-o
|-supereffective|p1b: Kommo-o
|-damage|p1b: Kommo-o|10/100
|
|-weather|Sandstorm|[upkeep]
|upkeep
|turn|2
|
|t:|1756420283
|move|p1b: Kommo-o|Clanging Scales|p2a: Gholdengo|[spread] p2a,p2b
|-resisted|p2a: Gholdengo
|-damage|p2a: Gholdengo|60/100
|-damage|p2b: Archaludon|31/100
|-ability|p2b: Archaludon|Stamina|boost
|-boost|p2b: Archaludon|def|1
|-unboost|p1b: Kommo-o|def|1
|move|p2a: Gholdengo|Make It Rain|p1b: Kommo-o|[spread] p1a,p1b
|-supereffective|p1a: Tyranitar
|-damage|p1a: Tyranitar|23/100
|-damage|p1b: Kommo-o|0 fnt
|-unboost|p2a: Gholdengo|spa|1
|faint|p1b: Kommo-o
|move|p2b: Archaludon|Dragon Pulse|p1a: Tyranitar
|-damage|p1a: Tyranitar|7/100
|move|p1a: Tyranitar|Knock Off|p2a: Gholdengo
|-supereffective|p2a: Gholdengo
|-damage|p2a: Gholdengo|0 fnt
|-enditem|p2a: Gholdengo|Leftovers|[from] move: Knock Off|[of] p1a: Tyranitar
|faint|p2a: Gholdengo
|
|-weather|Sandstorm|[upkeep]
|upkeep
|
|t:|1756420306
|switch|p1b: Kilowattrel|Kilowattrel, L50, M|100/100
|switch|p2a: Pelipper|Pelipper, L50, M|100/100
|-weather|RainDance|[from] ability: Drizzle|[of] p2a: Pelipper
|turn|3
|
|t:|1756420359
|switch|p1a: Excadrill|Excadrill, L50, F|100/100
|move|p1b: Kilowattrel|Volt Switch|p2a: Pelipper
|-supereffective|p2a: Pelipper
|-enditem|p2a: Pelipper|Focus Sash
|-damage|p2a: Pelipper|1/100
|
|t:|1756420366
|switch|p1b: Tyranitar|Tyranitar, L50, F|7/100|[from] Volt Switch
|-weather|Sandstorm|[from] ability: Sand Stream|[of] p1b: Tyranitar
|move|p2b: Archaludon|Electro Shot||[still]
|-prepare|p2b: Archaludon|Electro Shot
|-boost|p2b: Archaludon|spa|1
|move|p2a: Pelipper|Weather Ball|p1a: Excadrill
|-resisted|p1a: Excadrill
|-damage|p1a: Excadrill|91/100
|
|-weather|Sandstorm|[upkeep]
|-damage|p2a: Pelipper|0 fnt|[from] Sandstorm
|faint|p2a: Pelipper
|upkeep
|
|t:|1756420381
|switch|p2a: Basculegion|Basculegion, L50, M|100/100
|turn|4
|
|t:|1756420445
|move|p1a: Excadrill|Protect|p1a: Excadrill
|-singleturn|p1a: Excadrill|Protect
|move|p2a: Basculegion|Wave Crash|p1a: Excadrill
|-activate|p1a: Excadrill|move: Protect
|move|p2b: Archaludon|Electro Shot|p1b: Tyranitar|[from] lockedmove
|-damage|p1b: Tyranitar|0 fnt
|faint|p1b: Tyranitar
|
|-weather|Sandstorm|[upkeep]
|-damage|p2a: Basculegion|94/100|[from] Sandstorm
|upkeep
|
|t:|1756420457
|switch|p1b: Kilowattrel|Kilowattrel, L50, M|100/100
|turn|5
|
|t:|1756420481
|-terastallize|p1b: Kilowattrel|Ghost
|-terastallize|p2a: Basculegion|Grass
|move|p1a: Excadrill|Earthquake|p2b: Archaludon|[spread] p1b,p2a,p2b
|-resisted|p2a: Basculegion
|-supereffective|p2b: Archaludon
|-damage|p1b: Kilowattrel|22/100
|-damage|p2a: Basculegion|70/100
|-damage|p2b: Archaludon|0 fnt
|faint|p2b: Archaludon
|move|p1b: Kilowattrel|Air Slash|p2a: Basculegion
|-supereffective|p2a: Basculegion
|-damage|p2a: Basculegion|0 fnt
|faint|p2a: Basculegion
|
|win|soyelfokinJP7
