|j|☆TeachMeHow2Hoopa
|j|☆Jakobtc
|html|TeachMeHow2HoopaJakobtc    
|uhtml|bestof|Game 3 of a best-of-3
|t:|1784522075
|gametype|doubles
|player|p1|TeachMeHow2Hoopa|silver|1159
|player|p2|Jakobtc|riley|1101
|gen|9
|tier|[Gen 9 Champions] VGC 2026 Reg M-B (Bo3)
|rated|
|rule|Species Clause: Limit one of each Pokémon
|rule|Item Clause: Limit 1 of each item
|clearpoke
|poke|p1|Pidgeot, L50, M|
|poke|p1|Excadrill, L50, F|
|poke|p1|Tyranitar, L50, F|
|poke|p1|Tsareena, L50, F|
|poke|p1|Gholdengo, L50|
|poke|p1|Rotom-Wash, L50|
|poke|p2|Zoroark-Hisui, L50, M|
|poke|p2|Charizard, L50, F|
|poke|p2|Whimsicott, L50, F|
|poke|p2|Gholdengo, L50|
|poke|p2|Incineroar, L50, M|
|poke|p2|Dragonite, L50, F|
|teampreview|4
|showteam|p1|Pidgeot||Pidgeotite|BigPecks|Hurricane,HeatWave,Tailwind,Protect|Timid||M|||50|]Excadrill||FocusSash|SandRush|Earthquake,IronHead,RockSlide,Protect|Adamant||F|||50|]Tyranitar||Tyranitarite|SandStream|RockSlide,KnockOff,Protect,LowKick|Adamant||F|||50|]Tsareena||ChoiceScarf|QueenlyMajesty|PowerWhip,TripleAxel,Uturn,LowKick|Jolly||F|||50|]Gholdengo||Leftovers|GoodasGold|ShadowBall,MakeItRain,NastyPlot,Protect|Modest|||||50|]Rotom-Wash||SitrusBerry|Levitate|HydroPump,Thunderbolt,WillOWisp,Protect|Bold|||||50|
|showteam|p2|Zoroark-Hisui||FocusSash|Illusion|BitterMalice,IcyWind,Taunt,Protect|Timid||M|||50|]Charizard||CharizarditeY|Blaze|HeatWave,WeatherBall,SolarBeam,Protect|Modest||F|||50|]Whimsicott||MentalHerb|Prankster|Moonblast,Tailwind,FakeTears,Encore|Timid||F|||50|]Gholdengo||MetalCoat|GoodasGold|MakeItRain,ShadowBall,NastyPlot,Protect|Modest|||||50|]Incineroar||SitrusBerry|Intimidate|FakeOut,FlareBlitz,DarkestLariat,PartingShot|Adamant||M|||50|]Dragonite||DragonFang|Multiscale|ScaleShot,ExtremeSpeed,LowKick,Protect|Adamant||F|||50|
|inactive|Battle timer is ON: inactive players will automatically lose when time's up. (requested by Jakobtc)
|
|t:|1784522102
|teamsize|p1|4
|teamsize|p2|4
|start
|switch|p1a: Pidgeot|Pidgeot, L50, M|100/100
|switch|p1b: Tsareena|Tsareena, L50, F|100/100
|switch|p2a: Gholdengo|Gholdengo, L50|100/100
|switch|p2b: Incineroar|Incineroar, L50, M|100/100
|-ability|p2b: Incineroar|Intimidate|boost
|-unboost|p1a: Pidgeot|atk|1
|-unboost|p1b: Tsareena|atk|1
|turn|1
|
|t:|1784522128
|switch|p1b: Tyranitar|Tyranitar, L50, F|100/100
|-weather|Sandstorm|[from] ability: Sand Stream|[of] p1b: Tyranitar
|switch|p1a: Excadrill|Excadrill, L50, F|100/100
|move|p2a: Gholdengo|Protect|p2a: Gholdengo
|-singleturn|p2a: Gholdengo|Protect
|move|p2b: Incineroar|Parting Shot|p1a: Excadrill
|-unboost|p1a: Excadrill|atk|1
|-unboost|p1a: Excadrill|spa|1
|
|t:|1784522139
|switch|p2b: Whimsicott|Whimsicott, L50, F|100/100|[from] Parting Shot
|
|-weather|Sandstorm|[upkeep]
|-damage|p2b: Whimsicott|93/100|[from] Sandstorm
|upkeep
|turn|2
|inactive|TeachMeHow2Hoopa has 30 seconds left.
|
|t:|1784522169
|switch|p1a: Tsareena|Tsareena, L50, F|100/100
|switch|p2a: Incineroar|Incineroar, L50, M|100/100
|-ability|p2a: Incineroar|Intimidate|boost
|-unboost|p1a: Tsareena|atk|1
|-unboost|p1b: Tyranitar|atk|1
|detailschange|p1b: Tyranitar|Tyranitar-Mega, L50, F
|-mega|p1b: Tyranitar|Tyranitar|Tyranitarite
|move|p2b: Whimsicott|Tailwind|p2b: Whimsicott
|-sidestart|p2: Jakobtc|move: Tailwind
|move|p1b: Tyranitar|Knock Off|p2a: Incineroar
|-resisted|p2a: Incineroar|1
|-damage|p2a: Incineroar|82/100
|-enditem|p2a: Incineroar|Sitrus Berry|[from] move: Knock Off|[of] p1b: Tyranitar
|
|-weather|Sandstorm|[upkeep]
|-damage|p2b: Whimsicott|87/100|[from] Sandstorm
|-damage|p1a: Tsareena|93/100|[from] Sandstorm
|-damage|p2a: Incineroar|76/100|[from] Sandstorm
|upkeep
|turn|3
|
|t:|1784522192
|move|p2b: Whimsicott|Moonblast|p1b: Tyranitar
|-supereffective|p1b: Tyranitar|1
|-damage|p1b: Tyranitar|71/100
|move|p1a: Tsareena|Triple Axel|p2b: Whimsicott
|-supereffective|p2b: Whimsicott|1
|-damage|p2b: Whimsicott|78/100
|-supereffective|p2b: Whimsicott|1
|-damage|p2b: Whimsicott|61/100
|-supereffective|p2b: Whimsicott|1
|-damage|p2b: Whimsicott|32/100
|-hitcount|p2b: Whimsicott|3
|move|p2a: Incineroar|Flare Blitz|p1a: Tsareena
|-supereffective|p1a: Tsareena|1
|-damage|p1a: Tsareena|0 fnt
|faint|p1a: Tsareena
|-damage|p2a: Incineroar|53/100|[from] Recoil
|move|p1b: Tyranitar|Rock Slide|p2a: Incineroar|[spread] p2b
|-miss|p1b: Tyranitar|p2a: Incineroar
|-damage|p2b: Whimsicott|9/100
|
|-weather|Sandstorm|[upkeep]
|-damage|p2b: Whimsicott|3/100|[from] Sandstorm
|-damage|p2a: Incineroar|47/100|[from] Sandstorm
|upkeep
|
|t:|1784522216
|switch|p1a: Pidgeot|Pidgeot, L50, M|100/100
|turn|4
|
|t:|1784522224
|move|p2b: Whimsicott|Moonblast|p1b: Tyranitar
|-supereffective|p1b: Tyranitar|1
|-damage|p1b: Tyranitar|44/100
|move|p2a: Incineroar|Parting Shot|p1b: Tyranitar
|-unboost|p1b: Tyranitar|atk|1
|-unboost|p1b: Tyranitar|spa|1
|
|t:|1784522236
|switch|p2a: Dragonite|Dragonite, L50, F|100/100|[from] Parting Shot
|move|p1a: Pidgeot|Tailwind|p1a: Pidgeot
|-sidestart|p1: TeachMeHow2Hoopa|move: Tailwind
|move|p1b: Tyranitar|Rock Slide|p2b: Whimsicott|[spread] p2a,p2b
|-supereffective|p2a: Dragonite|1
|-damage|p2a: Dragonite|79/100
|-damage|p2b: Whimsicott|0 fnt
|faint|p2b: Whimsicott
|
|-weather|Sandstorm|[upkeep]
|-damage|p1a: Pidgeot|94/100|[from] Sandstorm
|-damage|p2a: Dragonite|73/100|[from] Sandstorm
|upkeep
|
|t:|1784522247
|switch|p2b: Incineroar|Incineroar, L50, M|47/100
|-ability|p2b: Incineroar|Intimidate|boost
|-unboost|p1a: Pidgeot|atk|1
|-unboost|p1b: Tyranitar|atk|1
|turn|5
|
|t:|1784522263
|switch|p1b: Excadrill|Excadrill, L50, F|100/100
|move|p1a: Pidgeot|Protect|p1a: Pidgeot
|-singleturn|p1a: Pidgeot|Protect
|move|p2b: Incineroar|Fake Out|p1a: Pidgeot
|-activate|p1a: Pidgeot|move: Protect
|move|p2a: Dragonite|Low Kick|p1b: Excadrill
|-supereffective|p1b: Excadrill|1
|-damage|p1b: Excadrill|31/100
|
|-weather|none
|-sideend|p2: Jakobtc|move: Tailwind
|upkeep
|turn|6
|inactive|Jakobtc has 30 seconds left.
|
|t:|1784522288
|switch|p2b: Gholdengo|Gholdengo, L50|100/100
|move|p2a: Dragonite|Protect|p2a: Dragonite
|-singleturn|p2a: Dragonite|Protect
|move|p1a: Pidgeot|Hurricane|p2a: Dragonite
|-activate|p2a: Dragonite|move: Protect
|move|p1b: Excadrill|Rock Slide|p2b: Gholdengo|[spread] p2b
|-activate|p2a: Dragonite|move: Protect
|-resisted|p2b: Gholdengo|1
|-damage|p2b: Gholdengo|86/100
|
|upkeep
|turn|7
|
|t:|1784522304
|switch|p2b: Incineroar|Incineroar, L50, M|47/100
|-ability|p2b: Incineroar|Intimidate|boost
|-unboost|p1a: Pidgeot|atk|1
|-unboost|p1b: Excadrill|atk|1
|move|p1a: Pidgeot|Heat Wave|p2b: Incineroar|[spread] p2a,p2b
|-resisted|p2a: Dragonite|1
|-resisted|p2b: Incineroar|1
|-damage|p2a: Dragonite|64/100
|-damage|p2b: Incineroar|39/100
|move|p1b: Excadrill|Earthquake|p2b: Incineroar|[spread] p2b
|-immune|p1a: Pidgeot
|-immune|p2a: Dragonite
|-supereffective|p2b: Incineroar|1
|-damage|p2b: Incineroar|0 fnt
|faint|p2b: Incineroar
|move|p2a: Dragonite|Scale Shot|p1a: Pidgeot
|-damage|p1a: Pidgeot|69/100
|-crit|p1a: Pidgeot
|-damage|p1a: Pidgeot|29/100
|-hitcount|p1a: Pidgeot|2
|-unboost|p2a: Dragonite|def|1
|-boost|p2a: Dragonite|spe|1
|
|-sideend|p1: TeachMeHow2Hoopa|move: Tailwind
|upkeep
|
|t:|1784522323
|switch|p2b: Gholdengo|Gholdengo, L50|86/100
|turn|8
|inactive|Jakobtc has 30 seconds left.
|
|t:|1784522353
|switch|p1a: Tyranitar|Tyranitar-Mega, L50, F|44/100
|-weather|Sandstorm|[from] ability: Sand Stream|[of] p1a: Tyranitar
|move|p2a: Dragonite|Extreme Speed|p1a: Tyranitar
|-resisted|p1a: Tyranitar|1
|-damage|p1a: Tyranitar|34/100
|move|p1b: Excadrill|Iron Head|p2a: Dragonite
|-damage|p2a: Dragonite|7/100
|move|p2b: Gholdengo|Make It Rain|p1b: Excadrill|[spread] p1a,p1b
|-supereffective|p1a: Tyranitar|1
|-resisted|p1b: Excadrill|1
|-damage|p1a: Tyranitar|0 fnt
|-damage|p1b: Excadrill|0 fnt
|-unboost|p2b: Gholdengo|spa|2
|faint|p1a: Tyranitar
|faint|p1b: Excadrill
|
|-weather|Sandstorm|[upkeep]
|-damage|p2a: Dragonite|1/100|[from] Sandstorm
|upkeep
|-message|TeachMeHow2Hoopa forfeited.
|
|win|Jakobtc
|raw|TeachMeHow2Hoopa's rating: 1159 → 1130(-29 for losing)
|raw|Jakobtc's rating: 1101 → 1130(+29 for winning)
