|j|☆Manitarenios ht
|j|☆xeb41
|html|Manitarenios htxeb41    
|uhtml|bestof|Game 1 of a best-of-3
|t:|1756641014
|gametype|doubles
|player|p1|Manitarenios ht|169|
|player|p2|xeb41|170|
|gen|9
|tier|[Gen 9] VGC 2025 Reg H (Bo3)
|rule|Species Clause: Limit one of each Pokémon
|rule|Item Clause: Limit 1 of each item
|clearpoke
|poke|p1|Sneasler, L50, F|
|poke|p1|Indeedee, L50, M|
|poke|p1|Ursaluna-Bloodmoon, L50, M|
|poke|p1|Electabuzz, L50, F|
|poke|p1|Incineroar, L50, M|
|poke|p1|Whimsicott, L50, F|
|poke|p2|Gothitelle, L50, M|
|poke|p2|Palafin, L50, M|
|poke|p2|Politoed, L50, M|
|poke|p2|Hitmontop, L50, M|
|poke|p2|Smeargle, L50, F|
|poke|p2|Porygon2, L50|
|teampreview|4
|showteam|p1|Sneasler||PsychicSeed|Unburden|CloseCombat,DireClaw,ThroatChop,Protect|||F|||50|,,,,,Dark]Indeedee||FocusSash|PsychicSurge|ExpandingForce,TrickRoom,HelpingHand,Protect|||M|||50|,,,,,Psychic]Ursaluna-Bloodmoon||LifeOrb|MindsEye|BloodMoon,HyperVoice,EarthPower,Protect|||M|||50|,,,,,Normal]Electabuzz||Eviolite|VitalSpirit|Electroweb,FollowMe,Taunt,Protect|||F|||50|,,,,,Dragon]Incineroar||SafetyGoggles|Intimidate|FlareBlitz,KnockOff,PartingShot,FakeOut|||M|||50|,,,,,Ghost]Whimsicott||CovertCloak|Prankster|Tailwind,Moonblast,Taunt,Protect|||F|||50|,,,,,Steel
|showteam|p2|Gothitelle||SitrusBerry|ShadowTag|Protect,Psychic,FakeOut,TrickRoom|||M|||50|,,,,,Dark]Palafin||MysticWater|ZerotoHero|Protect,WaveCrash,JetPunch,IcePunch|||M|||50|,,,,,Water]Politoed||Leftovers|Drizzle|Protect,WeatherBall,PerishSong,Encore|||M|||50|,,,,,Poison]Hitmontop||EjectButton|Intimidate|FakeOut,WideGuard,CloseCombat,Detect|||M|||50|,,,,,Fighting]Smeargle||FocusSash|Moody|Decorate,SpikyShield,Spore,FollowMe|||F|||50|,,,,,Grass]Porygon2||Eviolite|Download|IceBeam,Recover,TeraBlast,TrickRoom||||||50|,,,,,Poison
|inactive|Battle timer is ON: inactive players will automatically lose when time's up. (requested by Manitarenios ht)
|j| WHERE IS MY WALLET
|inactive|Manitarenios ht has 60 seconds left.
|inactive|xeb41 has 60 seconds left.
|l| WHERE IS MY WALLET
|j| WHERE IS MY WALLET
|inactive|xeb41 has 30 seconds left.
|inactive|xeb41 has 20 seconds left.
|inactive|xeb41 has 15 seconds left.
|
|t:|1756641092
|teamsize|p1|4
|teamsize|p2|4
|start
|switch|p1a: Whimsicott|Whimsicott, L50, F, shiny|100/100
|switch|p1b: Incineroar|Incineroar, L50, M|100/100
|switch|p2a: Smeargle|Smeargle, L50, F|100/100
|switch|p2b: Palafin|Palafin, L50, M|100/100
|-ability|p1b: Incineroar|Intimidate|boost
|-unboost|p2a: Smeargle|atk|1
|-unboost|p2b: Palafin|atk|1
|turn|1
|l| WHERE IS MY WALLET
|
|t:|1756641113
|switch|p2a: Hitmontop|Hitmontop, L50, M|100/100
|-ability|p2a: Hitmontop|Intimidate|boost
|-unboost|p1a: Whimsicott|atk|1
|-unboost|p1b: Incineroar|atk|1
|detailschange|p2b: Palafin|Palafin-Hero, L50, M
|switch|p2b: Porygon2|Porygon2, L50|100/100
|-ability|p2b: Porygon2|Download|boost
|-boost|p2b: Porygon2|spa|1
|move|p1b: Incineroar|Fake Out|p2a: Hitmontop
|-damage|p2a: Hitmontop|91/100
|-enditem|p2a: Hitmontop|Eject Button
|j| WHERE IS MY WALLET
|
|t:|1756641122
|switch|p2a: Palafin|Palafin-Hero, L50, M|100/100
|-activate|p2a: Palafin|ability: Zero to Hero
|move|p1a: Whimsicott|Moonblast|p2a: Palafin
|-damage|p2a: Palafin|73/100
|
|upkeep
|turn|2
|
|t:|1756641144
|switch|p1b: Indeedee|Indeedee, L50, M|100/100
|-fieldstart|move: Psychic Terrain|[from] ability: Psychic Surge|[of] p1b: Indeedee
|-terastallize|p2a: Palafin|Water
|move|p1a: Whimsicott|Taunt|p2b: Porygon2
|-activate|p2b: Porygon2|move: Psychic Terrain
|move|p2a: Palafin|Wave Crash|p1b: Indeedee
|-enditem|p1b: Indeedee|Focus Sash
|-damage|p1b: Indeedee|1/100
|-damage|p2a: Palafin|51/100|[from] Recoil
|move|p2b: Porygon2|Ice Beam|p1a: Whimsicott
|-supereffective|p1a: Whimsicott
|-damage|p1a: Whimsicott|21/100
|
|upkeep
|turn|3
|l| WHERE IS MY WALLET
|j| WHERE IS MY WALLET
|inactive|Manitarenios ht has 30 seconds left.
|c|☆Manitarenios ht|Είμαι αυτιστικός
|inactive|Manitarenios ht has 20 seconds left.
|inactive|Manitarenios ht has 15 seconds left.
|inactive|Manitarenios ht has 10 seconds left.
|
|t:|1756641191
|move|p2a: Palafin|Protect|p2a: Palafin
|-singleturn|p2a: Palafin|Protect
|move|p1a: Whimsicott|Moonblast|p2a: Palafin
|-activate|p2a: Palafin|move: Protect
|move|p2b: Porygon2|Ice Beam|p1b: Indeedee
|-damage|p1b: Indeedee|0 fnt
|faint|p1b: Indeedee
|
|upkeep
|
|t:|1756641200
|switch|p1b: Ursaluna|Ursaluna-Bloodmoon, L50, M|100/100
|turn|4
|
|t:|1756641214
|switch|p2a: Hitmontop|Hitmontop, L50, M|91/100
|-ability|p2a: Hitmontop|Intimidate|boost
|-unboost|p1a: Whimsicott|atk|1
|-unboost|p1b: Ursaluna|atk|1
|-terastallize|p1b: Ursaluna|Normal
|move|p1a: Whimsicott|Tailwind|p1a: Whimsicott
|-sidestart|p1: Manitarenios ht|move: Tailwind
|move|p1b: Ursaluna|Hyper Voice|p2a: Hitmontop|[spread] p2a,p2b
|-damage|p2a: Hitmontop|28/100
|-damage|p2b: Porygon2|56/100
|-damage|p1b: Ursaluna|91/100|[from] item: Life Orb
|move|p2b: Porygon2|Ice Beam|p1a: Whimsicott
|-supereffective|p1a: Whimsicott
|-damage|p1a: Whimsicott|0 fnt
|faint|p1a: Whimsicott
|
|upkeep
|l| WHERE IS MY WALLET
|
|t:|1756641226
|switch|p1a: Incineroar|Incineroar, L50, M|100/100
|-ability|p1a: Incineroar|Intimidate|boost
|-unboost|p2a: Hitmontop|atk|1
|-unboost|p2b: Porygon2|atk|1
|turn|5
|
|t:|1756641244
|move|p2a: Hitmontop|Wide Guard|p2a: Hitmontop
|-singleturn|p2a: Hitmontop|Wide Guard
|move|p1a: Incineroar|Knock Off|p2b: Porygon2
|-crit|p2b: Porygon2
|-damage|p2b: Porygon2|18/100
|-enditem|p2b: Porygon2|Eviolite|[from] move: Knock Off|[of] p1a: Incineroar
|move|p1b: Ursaluna|Hyper Voice|p2a: Hitmontop|[spread] 
|-activate|p2a: Hitmontop|move: Wide Guard
|-activate|p2b: Porygon2|move: Wide Guard
|move|p2b: Porygon2|Trick Room|p2b: Porygon2
|-fieldstart|move: Trick Room|[of] p2b: Porygon2
|
|upkeep
|turn|6
|
|t:|1756641261
|move|p1b: Ursaluna|Protect|p1b: Ursaluna
|-singleturn|p1b: Ursaluna|Protect
|move|p2b: Porygon2|Recover|p2b: Porygon2
|-heal|p2b: Porygon2|68/100
|move|p2a: Hitmontop|Close Combat|p1a: Incineroar
|-supereffective|p1a: Incineroar
|-damage|p1a: Incineroar|42/100
|-unboost|p2a: Hitmontop|def|1
|-unboost|p2a: Hitmontop|spd|1
|move|p1a: Incineroar|Knock Off|p2a: Hitmontop
|-resisted|p2a: Hitmontop
|-damage|p2a: Hitmontop|5/100
|
|-fieldend|move: Psychic Terrain
|upkeep
|turn|7
|inactive|xeb41 has 30 seconds left.
|inactive|xeb41 has 20 seconds left.
|inactive|xeb41 has 15 seconds left.
|
|t:|1756641304
|move|p2b: Porygon2|Recover|p2b: Porygon2
|-heal|p2b: Porygon2|100/100
|move|p2a: Hitmontop|Close Combat|p1a: Incineroar
|-supereffective|p1a: Incineroar
|-damage|p1a: Incineroar|0 fnt
|-unboost|p2a: Hitmontop|def|1
|-unboost|p2a: Hitmontop|spd|1
|faint|p1a: Incineroar
|move|p1b: Ursaluna|Hyper Voice|p2b: Porygon2|[spread] p2a,p2b
|-damage|p2a: Hitmontop|0 fnt
|-damage|p2b: Porygon2|44/100
|faint|p2a: Hitmontop
|-damage|p1b: Ursaluna|81/100|[from] item: Life Orb
|
|-sideend|p1: Manitarenios ht|move: Tailwind
|upkeep
|-message|Manitarenios ht forfeited.
|
|win|xeb41
