|j|☆TeriyakiFr
|j|☆xdi8723
|html|TeriyakiFrxdi8723    
|uhtml|bestof|Game 1 of a best-of-3
|t:|1756246450
|gametype|doubles
|player|p1|TeriyakiFr|1|1029
|player|p2|xdi8723|2|1117
|gen|9
|tier|[Gen 9] VGC 2025 Reg H (Bo3)
|rated|
|rule|Species Clause: Limit one of each Pokémon
|rule|Item Clause: Limit 1 of each item
|clearpoke
|poke|p1|Incineroar, L50, M|
|poke|p1|Amoonguss, L50, F|
|poke|p1|Ursaluna, L50, M|
|poke|p1|Whimsicott, L50, F|
|poke|p1|Sneasler, L50, M|
|poke|p1|Rillaboom, L50, M|
|poke|p2|Gholdengo, L50|
|poke|p2|Amoonguss, L50, F|
|poke|p2|Incineroar, L50, M|
|poke|p2|Kommo-o, L50, M|
|poke|p2|Ninetales-Alola, L50, M|
|poke|p2|Dragonite, L50, F|
|teampreview|4
|showteam|p1|Incineroar||SafetyGoggles|Intimidate|FakeOut,KnockOff,PartingShot,FlareBlitz|||M|||50|,,,,,Ghost]Amoonguss||RockyHelmet|Regenerator|Spore,RagePowder,Protect,SludgeBomb|||F|||50|,,,,,Water]Ursaluna||FlameOrb|Guts|Facade,Earthquake,Protect,HeadlongRush|||M|||50|,,,,,Ghost]Whimsicott||CovertCloak|Prankster|Tailwind,Protect,Moonblast,Encore|||F|||50|,,,,,Fairy]Sneasler||FocusSash|Unburden|ThroatChop,FakeOut,PoisonJab,CloseCombat|||M|||50|,,,,,Fighting]Rillaboom||AssaultVest|GrassySurge|WoodHammer,FakeOut,Uturn,GrassyGlide|||M|||50|,,,,,Grass
|showteam|p2|Gholdengo||ChoiceSpecs|GoodasGold|MakeItRain,ShadowBall,Trick,FocusBlast||||||50|,,,,,Steel]Amoonguss||RockyHelmet|Regenerator|Protect,RagePowder,Spore,PollenPuff|||F|||50|,,,,,Fairy]Incineroar||SafetyGoggles|Intimidate|FakeOut,FlareBlitz,KnockOff,PartingShot|||M|||50|,,,,,Ghost]Kommo-o||ThroatSpray|Soundproof|Protect,ClangingScales,Flamethrower,ClangorousSoul|||M|||50|,,,,,Fire]Ninetales-Alola||FocusSash|SnowWarning|Protect,Blizzard,FreezeDry,Encore|||M|||50|,,,,,Ice]Dragonite||AssaultVest|Multiscale|ExtremeSpeed,TeraBlast,IceSpinner,StompingTantrum|||F|||50|,,,,,Flying
|inactive|Battle timer is ON: inactive players will automatically lose when time's up. (requested by TeriyakiFr)
|inactive|TeriyakiFr has 60 seconds left.
|inactive|xdi8723 has 60 seconds left.
|inactive|xdi8723 has 30 seconds left.
|inactive|xdi8723 has 20 seconds left.
|
|t:|1756246524
|teamsize|p1|4
|teamsize|p2|4
|start
|switch|p1a: Sneasler|Sneasler, L50, M|100/100
|switch|p1b: Incineroar|Incineroar, L50, M|100/100
|switch|p2a: Incineroar|Incineroar, L50, M|100/100
|switch|p2b: Dragonite|Dragonite, L50, F|100/100
|-ability|p2a: Incineroar|Intimidate|boost
|-unboost|p1a: Sneasler|atk|1
|-unboost|p1b: Incineroar|atk|1
|-ability|p1b: Incineroar|Intimidate|boost
|-unboost|p2a: Incineroar|atk|1
|-unboost|p2b: Dragonite|atk|1
|turn|1
|inactive|TeriyakiFr has 30 seconds left.
|inactive|xdi8723 has 30 seconds left.
|inactive|xdi8723 has 20 seconds left.
|
|t:|1756246560
|-terastallize|p2b: Dragonite|Flying
|move|p1a: Sneasler|Fake Out|p2b: Dragonite
|-damage|p2b: Dragonite|96/100
|move|p2a: Incineroar|Fake Out|p1b: Incineroar
|-crit|p1b: Incineroar
|-damage|p1b: Incineroar|87/100
|cant|p2b: Dragonite|flinch
|cant|p1b: Incineroar|flinch
|
|upkeep
|turn|2
|inactive|TeriyakiFr has 30 seconds left.
|inactive|xdi8723 has 30 seconds left.
|
|t:|1756246593
|move|p1a: Sneasler|Close Combat|p2a: Incineroar
|-supereffective|p2a: Incineroar
|-damage|p2a: Incineroar|16/100
|-unboost|p1a: Sneasler|def|1
|-unboost|p1a: Sneasler|spd|1
|move|p2a: Incineroar|Knock Off|p1a: Sneasler
|-resisted|p1a: Sneasler
|-damage|p1a: Sneasler|67/100
|-enditem|p1a: Sneasler|Focus Sash|[from] move: Knock Off|[of] p2a: Incineroar
|move|p2b: Dragonite|Tera Blast|p1a: Sneasler|[anim] Tera Blast Flying
|-supereffective|p1a: Sneasler
|-damage|p1a: Sneasler|0 fnt
|faint|p1a: Sneasler
|move|p1b: Incineroar|Parting Shot|p2b: Dragonite
|-unboost|p2b: Dragonite|atk|1
|-unboost|p2b: Dragonite|spa|1
|
|t:|1756246612
|switch|p1b: Rillaboom|Rillaboom, L50, M|100/100|[from] Parting Shot
|-fieldstart|move: Grassy Terrain|[from] ability: Grassy Surge|[of] p1b: Rillaboom
|
|-heal|p2a: Incineroar|22/100|[from] Grassy Terrain
|upkeep
|
|t:|1756246619
|switch|p1a: Incineroar|Incineroar, L50, M|87/100
|-ability|p1a: Incineroar|Intimidate|boost
|-unboost|p2a: Incineroar|atk|1
|-unboost|p2b: Dragonite|atk|1
|turn|3
|
|t:|1756246636
|move|p1b: Rillaboom|Fake Out|p2a: Incineroar
|-damage|p2a: Incineroar|8/100
|move|p2b: Dragonite|Extreme Speed|p1a: Incineroar
|-damage|p1a: Incineroar|75/100
|cant|p2a: Incineroar|flinch
|move|p1a: Incineroar|Knock Off|p2b: Dragonite
|-damage|p2b: Dragonite|59/100
|-enditem|p2b: Dragonite|Assault Vest|[from] move: Knock Off|[of] p1a: Incineroar
|
|-heal|p2a: Incineroar|14/100|[from] Grassy Terrain
|-heal|p1a: Incineroar|81/100|[from] Grassy Terrain
|upkeep
|turn|4
|l|☆TeriyakiFr
|inactive|TeriyakiFr disconnected and has a minute to reconnect!
|player|p1|
|inactive|TeriyakiFr has 30 seconds left.
|j|☆TeriyakiFr
|inactive|TeriyakiFr reconnected and has 30 seconds left.
|player|p1|TeriyakiFr|1|
|inactive|TeriyakiFr has 20 seconds left.
|inactive|TeriyakiFr has 15 seconds left.
|inactive|TeriyakiFr has 10 seconds left.
|
|t:|1756246682
|move|p2a: Incineroar|Flare Blitz|p1b: Rillaboom
|-supereffective|p1b: Rillaboom
|-damage|p1b: Rillaboom|62/100
|-status|p1b: Rillaboom|brn
|-damage|p2a: Incineroar|3/100|[from] Recoil
|move|p2b: Dragonite|Tera Blast|p1a: Incineroar|[anim] Tera Blast Flying
|-damage|p1a: Incineroar|57/100
|move|p1b: Rillaboom|U-turn|p2a: Incineroar
|-crit|p2a: Incineroar
|-damage|p2a: Incineroar|0 fnt
|faint|p2a: Incineroar
|
|t:|1756246695
|switch|p1b: Ursaluna|Ursaluna, L50, M|100/100|[from] U-turn
|move|p1a: Incineroar|Knock Off|p2b: Dragonite
|-damage|p2b: Dragonite|35/100
|
|-heal|p1a: Incineroar|63/100|[from] Grassy Terrain
|-status|p1b: Ursaluna|brn|[from] item: Flame Orb
|upkeep
|
|t:|1756246707
|switch|p2a: Kommo-o|Kommo-o, L50, M|100/100
|turn|5
|inactive|TeriyakiFr has 30 seconds left.
|
|t:|1756246736
|-terastallize|p1b: Ursaluna|Ghost
|move|p2a: Kommo-o|Clangorous Soul|p2a: Kommo-o
|-boost|p2a: Kommo-o|atk|1
|-boost|p2a: Kommo-o|def|1
|-boost|p2a: Kommo-o|spa|1
|-boost|p2a: Kommo-o|spd|1
|-boost|p2a: Kommo-o|spe|1
|-damage|p2a: Kommo-o|68/100
|-enditem|p2a: Kommo-o|Throat Spray
|-boost|p2a: Kommo-o|spa|1|[from] item: Throat Spray
|move|p2b: Dragonite|Ice Spinner|p1b: Ursaluna
|-damage|p1b: Ursaluna|91/100 brn
|-fieldend|move: Grassy Terrain
|move|p1a: Incineroar|Knock Off|p2b: Dragonite
|-damage|p2b: Dragonite|8/100
|move|p1b: Ursaluna|Facade|p2a: Kommo-o
|-damage|p2a: Kommo-o|0 fnt
|faint|p2a: Kommo-o
|
|-damage|p1b: Ursaluna|85/100 brn|[from] brn
|upkeep
|
|t:|1756246754
|switch|p2a: Ninetales|Ninetales-Alola, L50, M|100/100
|-weather|Snowscape|[from] ability: Snow Warning|[of] p2a: Ninetales
|turn|6
|inactive|xdi8723 has 30 seconds left.
|
|t:|1756246780
|switch|p1a: Rillaboom|Rillaboom, L50, M|62/100 brn
|-fieldstart|move: Grassy Terrain|[from] ability: Grassy Surge|[of] p1a: Rillaboom
|move|p1b: Ursaluna|Protect|p1b: Ursaluna
|-singleturn|p1b: Ursaluna|Protect
|move|p2a: Ninetales|Blizzard|p1a: Rillaboom|[spread] p1a
|-activate|p1b: Ursaluna|move: Protect
|-supereffective|p1a: Rillaboom
|-damage|p1a: Rillaboom|2/100 brn
|move|p2b: Dragonite|Tera Blast|p1a: Rillaboom|[anim] Tera Blast Flying
|-supereffective|p1a: Rillaboom
|-damage|p1a: Rillaboom|0 fnt
|faint|p1a: Rillaboom
|
|-weather|Snowscape|[upkeep]
|-heal|p1b: Ursaluna|91/100 brn|[from] Grassy Terrain
|-damage|p1b: Ursaluna|85/100 brn|[from] brn
|upkeep
|
|t:|1756246799
|switch|p1a: Incineroar|Incineroar, L50, M|63/100
|-ability|p1a: Incineroar|Intimidate|boost
|-unboost|p2a: Ninetales|atk|1
|-unboost|p2b: Dragonite|atk|1
|turn|7
|
|t:|1756246818
|move|p1a: Incineroar|Fake Out|p2a: Ninetales
|-damage|p2a: Ninetales|90/100
|cant|p2a: Ninetales|flinch
|move|p2b: Dragonite|Tera Blast|p1b: Ursaluna|[anim] Tera Blast Flying
|-damage|p1b: Ursaluna|63/100 brn
|move|p1b: Ursaluna|Facade|p2b: Dragonite
|-damage|p2b: Dragonite|0 fnt
|faint|p2b: Dragonite
|
|-weather|Snowscape|[upkeep]
|-heal|p2a: Ninetales|96/100|[from] Grassy Terrain
|-heal|p1a: Incineroar|69/100|[from] Grassy Terrain
|-heal|p1b: Ursaluna|69/100 brn|[from] Grassy Terrain
|-damage|p1b: Ursaluna|63/100 brn|[from] brn
|upkeep
|turn|8
|
|t:|1756246841
|move|p2a: Ninetales|Blizzard|p1b: Ursaluna|[spread] p1a,p1b
|-resisted|p1a: Incineroar
|-damage|p1a: Incineroar|59/100
|-damage|p1b: Ursaluna|35/100 brn
|move|p1a: Incineroar|Knock Off|p2a: Ninetales
|-resisted|p2a: Ninetales
|-damage|p2a: Ninetales|78/100
|-enditem|p2a: Ninetales|Focus Sash|[from] move: Knock Off|[of] p1a: Incineroar
|move|p1b: Ursaluna|Facade|p2a: Ninetales
|-damage|p2a: Ninetales|0 fnt
|faint|p2a: Ninetales
|
|win|TeriyakiFr
|inactive|TeriyakiFr has 30 seconds to confirm battle start!
|inactive|xdi8723 has 30 seconds to confirm battle start!
