|j|‽qliphort27
|j|☆axcoquette
|html|qliphort27axcoquette    
|uhtml|bestof|Game 1 of a best-of-3
|t:|1783913130
|gametype|doubles
|player|p1|qliphort27|fisherman-gen4|1145
|player|p2|axcoquette|maid|1177
|gen|9
|tier|[Gen 9 Champions] VGC 2026 Reg M-B (Bo3)
|rated|
|rule|Species Clause: Limit one of each Pokémon
|rule|Item Clause: Limit 1 of each item
|clearpoke
|poke|p1|Medicham, L50, F|
|poke|p1|Gholdengo, L50|
|poke|p1|Incineroar, L50, M|
|poke|p1|Farigiraf, L50, F|
|poke|p1|Whimsicott, L50, F|
|poke|p1|Glimmora, L50, F|
|poke|p2|Floette-Eternal, L50, F|
|poke|p2|Charizard, L50, F|
|poke|p2|Kingambit, L50, F|
|poke|p2|Basculegion, L50, M|
|poke|p2|Garchomp, L50, F|
|poke|p2|Whimsicott, L50, M|
|teampreview|4
|showteam|p1|Medicham||Medichamite|PurePower|CloseCombat,ZenHeadbutt,IcePunch,Detect|Jolly||F|||50|]Gholdengo||LifeOrb|GoodasGold|MakeItRain,ShadowBall,PowerGem,Protect|Timid|||||50|]Incineroar||SitrusBerry|Intimidate|DarkestLariat,PartingShot,FlareBlitz,FakeOut|Careful||M|||50|]Farigiraf||Leftovers|ArmorTail|PsychicFangs,HelpingHand,Thunderbolt,TrickRoom|Calm||F|||50|]Whimsicott||FocusSash|Prankster|WorrySeed,Moonblast,Tailwind,Encore|Modest||F|||50|]Glimmora||Glimmoranite|ToxicDebris|SludgeBomb,EnergyBall,PowerGem,Protect|Timid||F|||50|
|showteam|p2|Floette-Eternal||Floettite|FlowerVeil|Moonblast,DrainingKiss,CalmMind,Protect|Timid||F|||50|]Charizard||CharizarditeY|Blaze|SolarBeam,HeatWave,WeatherBall,Protect|Modest||F|||50|]Kingambit||BlackGlasses|Defiant|IronHead,Protect,KowtowCleave,SuckerPunch|Adamant||F|||50|]Basculegion||MysticWater|Adaptability|WaveCrash,Protect,LastRespects,AquaJet|Serious||M|||50|]Garchomp||LifeOrb|RoughSkin|Earthquake,RockSlide,Protect,DragonClaw|Adamant||F|||50|]Whimsicott||FocusSash|Prankster|Moonblast,Tailwind,Encore,Protect|Timid||M|||50|
|inactive|Battle timer is ON: inactive players will automatically lose when time's up. (requested by axcoquette)
|
|t:|1783913149
|teamsize|p1|4
|teamsize|p2|4
|start
|switch|p1a: Glimmora|Glimmora, L50, F|100/100
|switch|p1b: Whimsicott|Whimsicott, L50, F|100/100
|switch|p2a: Whimsicott|Whimsicott, L50, M|100/100
|switch|p2b: Garchomp|Garchomp, L50, F|100/100
|turn|1
|inactive|axcoquette has 30 seconds left.
|
|t:|1783913177
|move|p2a: Whimsicott|Protect|p2a: Whimsicott
|-singleturn|p2a: Whimsicott|Protect
|move|p1a: Glimmora|Protect|p1a: Glimmora
|-singleturn|p1a: Glimmora|Protect
|move|p1b: Whimsicott|Tailwind|p1b: Whimsicott
|-sidestart|p1: qliphort27|move: Tailwind
|move|p2b: Garchomp|Earthquake|p1b: Whimsicott|[spread] p1b
|-activate|p2a: Whimsicott|move: Protect
|-activate|p1a: Glimmora|move: Protect
|-resisted|p1b: Whimsicott|1
|-damage|p1b: Whimsicott|59/100
|-damage|p2b: Garchomp|90/100|[from] item: Life Orb
|
|upkeep
|turn|2
|inactive|qliphort27 has 30 seconds left.
|inactive|qliphort27 has 20 seconds left.
|
|t:|1783913212
|detailschange|p1a: Glimmora|Glimmora-Mega, L50, F
|-mega|p1a: Glimmora|Glimmora|Glimmoranite
|move|p1b: Whimsicott|Encore|p2a: Whimsicott
|-start|p2a: Whimsicott|Encore
|move|p2a: Whimsicott|Protect|p2a: Whimsicott
|-singleturn|p2a: Whimsicott|Protect
|move|p1a: Glimmora|Energy Ball|p2b: Garchomp
|-damage|p2b: Garchomp|53/100
|move|p2b: Garchomp|Earthquake|p1b: Whimsicott|[spread] p1a,p1b
|-activate|p2a: Whimsicott|move: Protect
|-supereffective|p1a: Glimmora|2
|-resisted|p1b: Whimsicott|1
|-damage|p1a: Glimmora|0 fnt
|-damage|p1b: Whimsicott|21/100
|faint|p1a: Glimmora
|-damage|p2b: Garchomp|43/100|[from] item: Life Orb
|
|upkeep
|
|t:|1783913226
|switch|p1a: Gholdengo|Gholdengo, L50|100/100
|turn|3
|
|t:|1783913238
|switch|p2a: Charizard|Charizard, L50, F|100/100
|move|p1b: Whimsicott|Moonblast|p2b: Garchomp
|-supereffective|p2b: Garchomp|1
|-damage|p2b: Garchomp|0 fnt
|faint|p2b: Garchomp
|move|p1a: Gholdengo|Make It Rain|p2a: Charizard
|-resisted|p2a: Charizard|1
|-damage|p2a: Charizard|55/100
|-unboost|p1a: Gholdengo|spa|2
|-damage|p1a: Gholdengo|90/100|[from] item: Life Orb
|
|upkeep
|
|t:|1783913245
|switch|p2b: Whimsicott|Whimsicott, L50, M|100/100
|turn|4
|
|t:|1783913254
|detailschange|p2a: Charizard|Charizard-Mega-Y, L50, F
|-mega|p2a: Charizard|Charizard|Charizardite Y
|-weather|SunnyDay|[from] ability: Drought|[of] p2a: Charizard
|move|p1b: Whimsicott|Worry Seed|p2a: Charizard
|-ability|p2a: Charizard|Insomnia|Drought|[from] move: Worry Seed
|move|p2b: Whimsicott|Tailwind|p2b: Whimsicott
|-sidestart|p2: axcoquette|move: Tailwind
|move|p1a: Gholdengo|Power Gem|p2a: Charizard
|-supereffective|p2a: Charizard|2
|-damage|p2a: Charizard|0 fnt
|faint|p2a: Charizard
|-damage|p1a: Gholdengo|80/100|[from] item: Life Orb
|
|-weather|SunnyDay|[upkeep]
|-sideend|p1: qliphort27|move: Tailwind
|upkeep
|
|t:|1783913269
|switch|p2a: Basculegion|Basculegion, L50, M|100/100
|turn|5
|
|t:|1783913279
|switch|p1a: Farigiraf|Farigiraf, L50, F|100/100
|move|p1b: Whimsicott|Tailwind|p1b: Whimsicott
|-sidestart|p1: qliphort27|move: Tailwind
|move|p2b: Whimsicott|Moonblast|p1b: Whimsicott
|-damage|p1b: Whimsicott|0 fnt
|faint|p1b: Whimsicott
|move|p2a: Basculegion|Last Respects|p1a: Farigiraf
|-immune|p1a: Farigiraf
|
|-weather|SunnyDay|[upkeep]
|upkeep
|
|t:|1783913289
|switch|p1b: Gholdengo|Gholdengo, L50|80/100
|turn|6
|
|t:|1783913313
|move|p1a: Farigiraf|Helping Hand|p1b: Gholdengo
|-immune|p1b: Gholdengo|[from] ability: Good as Gold
|move|p2b: Whimsicott|Moonblast|p1a: Farigiraf
|-damage|p1a: Farigiraf|68/100
|move|p1b: Gholdengo|Shadow Ball|p2a: Basculegion
|-supereffective|p2a: Basculegion|1
|-damage|p2a: Basculegion|0 fnt
|faint|p2a: Basculegion
|-damage|p1b: Gholdengo|71/100|[from] item: Life Orb
|
|-weather|SunnyDay|[upkeep]
|-heal|p1a: Farigiraf|74/100|[from] item: Leftovers
|upkeep
|turn|7
|
|t:|1783913330
|move|p2b: Whimsicott|Moonblast|p1b: Gholdengo
|-resisted|p1b: Gholdengo|1
|-damage|p1b: Gholdengo|53/100
|move|p1b: Gholdengo|Make It Rain|p2b: Whimsicott
|-supereffective|p2b: Whimsicott|1
|-enditem|p2b: Whimsicott|Focus Sash
|-damage|p2b: Whimsicott|1/100
|-unboost|p1b: Gholdengo|spa|2
|-damage|p1b: Gholdengo|43/100|[from] item: Life Orb
|move|p1a: Farigiraf|Psychic Fangs|p2b: Whimsicott
|-damage|p2b: Whimsicott|0 fnt
|faint|p2b: Whimsicott
|
|win|qliphort27
