|j|☆MaxwellBaker
|j|‽CharizardHater3
|html|MaxwellBakerCharizardHater3    
|uhtml|bestof|Game 1 of a best-of-3
|t:|1785274785
|gametype|doubles
|player|p1|MaxwellBaker|102|1114
|player|p2|CharizardHater3|cynthia-gen4|1010
|gen|9
|tier|[Gen 9 Champions] VGC 2026 Reg M-B (Bo3)
|rated|
|rule|Species Clause: Limit one of each Pokémon
|rule|Item Clause: Limit 1 of each item
|clearpoke
|poke|p1|Decidueye-Hisui, L50, F|
|poke|p1|Florges, L50, F|
|poke|p1|Raichu, L50, F|
|poke|p1|Incineroar, L50, F|
|poke|p1|Aerodactyl, L50, F|
|poke|p1|Milotic, L50, F|
|poke|p2|Pelipper, L50, F, shiny|
|poke|p2|Archaludon, L50, M, shiny|
|poke|p2|Garchomp, L50, F|
|poke|p2|Sneasler, L50, F|
|poke|p2|Swampert, L50, F, shiny|
|poke|p2|Farigiraf, L50, M|
|teampreview|4
|showteam|p1|Decidueye-Hisui||ScopeLens|Scrappy|TripleArrows,LeafBlade,SuckerPunch,Protect|Adamant||F|||50|]Florges||LifeOrb|FlowerVeil|Moonblast,Psychic,PollenPuff,Protect|Modest||F|||50|]Raichu||RaichuniteY|LightningRod|FakeOut,ZapCannon,FocusBlast,Protect|Timid||F|||50|]Incineroar||SitrusBerry|Intimidate|FakeOut,FlareBlitz,ThroatChop,PartingShot|Careful||F|||50|]Aerodactyl||Aerodactylite|RockHead|RockSlide,DualWingbeat,Tailwind,WideGuard|Jolly||F|||50|]Milotic||Leftovers|Competitive|Scald,IceBeam,Haze,Protect|Bold||F|||50|
|showteam|p2|Pelipper||DampRock|Drizzle|WideGuard,Hurricane,WeatherBall,Tailwind|Relaxed||F|||50|]Archaludon||Magnet|Stamina|Protect,FlashCannon,DracoMeteor,ElectroShot|Modest||M|||50|]Garchomp||ChoiceScarf|RoughSkin|RockSlide,Outrage,DragonClaw,StompingTantrum|Jolly||F|||50|]Sneasler||WhiteHerb|Unburden|CloseCombat,FakeOut,DireClaw,Coaching|Adamant||F|||50|]Swampert||Swampertite|Torrent|WaveCrash,IcePunch,Protect,Earthquake|Adamant||F|||50|]Farigiraf||SitrusBerry|ArmorTail|Imprison,TrickRoom,EnergyBall,HyperVoice|Quiet||M|||50|
|
|t:|1785274834
|teamsize|p1|4
|teamsize|p2|4
|start
|switch|p1a: Raichu|Raichu, L50, F|100/100
|switch|p1b: Florges|Florges, L50, F|100/100
|switch|p2a: Pelipper|Pelipper, L50, F, shiny|100/100
|switch|p2b: Sneasler|Sneasler, L50, F|100/100
|-weather|RainDance|[from] ability: Drizzle|[of] p2a: Pelipper
|turn|1
|
|t:|1785274849
|detailschange|p1a: Raichu|Raichu-Mega-Y, L50, F
|-mega|p1a: Raichu|Raichu|Raichunite Y
|move|p1a: Raichu|Fake Out|p2b: Sneasler
|-damage|p2b: Sneasler|84/100
|cant|p2b: Sneasler|flinch
|move|p1b: Florges|Moonblast|p2a: Pelipper
|-damage|p2a: Pelipper|25/100
|-damage|p1b: Florges|90/100|[from] item: Life Orb
|move|p2a: Pelipper|Tailwind|p2a: Pelipper
|-sidestart|p2: CharizardHater3|move: Tailwind
|
|-weather|RainDance|[upkeep]
|upkeep
|turn|2
|
|t:|1785274902
|switch|p2a: Swampert|Swampert, L50, F, shiny|100/100
|switch|p1b: Incineroar|Incineroar, L50, F|100/100
|-ability|p1b: Incineroar|Intimidate|boost
|-unboost|p2a: Swampert|atk|1
|-unboost|p2b: Sneasler|atk|1
|-enditem|p2b: Sneasler|White Herb
|-clearnegativeboost|p2b: Sneasler|[silent]
|move|p1a: Raichu|Protect|p1a: Raichu
|-singleturn|p1a: Raichu|Protect
|move|p2b: Sneasler|Dire Claw|p1b: Incineroar
|-damage|p1b: Incineroar|59/100
|
|-weather|RainDance|[upkeep]
|upkeep
|turn|3
|
|t:|1785274927
|detailschange|p2a: Swampert|Swampert-Mega, L50, F, shiny
|-mega|p2a: Swampert|Swampert|Swampertite
|move|p2a: Swampert|Protect|p2a: Swampert
|-singleturn|p2a: Swampert|Protect
|move|p1b: Incineroar|Fake Out|p2a: Swampert
|-activate|p2a: Swampert|move: Protect
|move|p2b: Sneasler|Close Combat|p1a: Raichu
|-damage|p1a: Raichu|3/100
|-unboost|p2b: Sneasler|def|1
|-unboost|p2b: Sneasler|spd|1
|move|p1a: Raichu|Zap Cannon|p2b: Sneasler
|-damage|p2b: Sneasler|0 fnt
|faint|p2b: Sneasler
|
|-weather|RainDance|[upkeep]
|upkeep
|
|t:|1785274945
|switch|p2b: Pelipper|Pelipper, L50, F, shiny|25/100
|turn|4
|
|t:|1785274959
|switch|p1b: Decidueye|Decidueye-Hisui, L50, F|100/100
|move|p1a: Raichu|Protect|p1a: Raichu
|-singleturn|p1a: Raichu|Protect
|move|p2a: Swampert|Earthquake|p1a: Raichu|[spread] p1b
|-activate|p1a: Raichu|move: Protect
|-immune|p2b: Pelipper
|-resisted|p1b: Decidueye|1
|-damage|p1b: Decidueye|79/100
|move|p2b: Pelipper|Weather Ball|p1b: Decidueye
|-resisted|p1b: Decidueye|1
|-damage|p1b: Decidueye|52/100
|
|-weather|RainDance|[upkeep]
|-sideend|p2: CharizardHater3|move: Tailwind
|upkeep
|turn|5
|
|t:|1785274977
|switch|p1a: Incineroar|Incineroar, L50, F|59/100
|-ability|p1a: Incineroar|Intimidate|boost
|-unboost|p2a: Swampert|atk|1
|-unboost|p2b: Pelipper|atk|1
|switch|p2b: Archaludon|Archaludon, L50, M, shiny|100/100
|move|p1b: Decidueye|Sucker Punch||[still]
|-fail|p1b: Decidueye
|move|p2a: Swampert|Earthquake|p1a: Incineroar|[spread] p2b,p1a,p1b
|-supereffective|p2b: Archaludon|1
|-supereffective|p1a: Incineroar|1
|-resisted|p1b: Decidueye|1
|-damage|p2b: Archaludon|61/100
|-damage|p1a: Incineroar|17/100
|-damage|p1b: Decidueye|36/100
|-ability|p2b: Archaludon|Stamina|boost
|-boost|p2b: Archaludon|def|1
|-enditem|p1a: Incineroar|Sitrus Berry|[eat]
|-heal|p1a: Incineroar|42/100|[from] item: Sitrus Berry
|
|-weather|RainDance|[upkeep]
|upkeep
|turn|6
|
|t:|1785274995
|switch|p2a: Pelipper|Pelipper, L50, F, shiny|25/100
|move|p1a: Incineroar|Fake Out|p2a: Pelipper
|-damage|p2a: Pelipper|16/100
|move|p1b: Decidueye|Triple Arrows|p2b: Archaludon
|-supereffective|p2b: Archaludon|1
|-crit|p2b: Archaludon
|-damage|p2b: Archaludon|0 fnt
|faint|p2b: Archaludon
|
|-weather|RainDance|[upkeep]
|upkeep
|
|t:|1785275004
|switch|p2b: Swampert|Swampert-Mega, L50, F, shiny|100/100
|turn|7
|
|t:|1785275015
|switch|p1a: Raichu|Raichu-Mega-Y, L50, F|3/100
|move|p2b: Swampert|Protect|p2b: Swampert
|-singleturn|p2b: Swampert|Protect
|move|p1b: Decidueye|Protect|p1b: Decidueye
|-singleturn|p1b: Decidueye|Protect
|move|p2a: Pelipper|Tailwind|p2a: Pelipper
|-sidestart|p2: CharizardHater3|move: Tailwind
|
|-weather|RainDance|[upkeep]
|upkeep
|turn|8
|
|t:|1785275037
|move|p1a: Raichu|Fake Out|p2b: Swampert
|-damage|p2b: Swampert|91/100
|move|p2a: Pelipper|Wide Guard|p2a: Pelipper
|-singleturn|p2a: Pelipper|Wide Guard
|move|p1b: Decidueye|Sucker Punch||[still]
|-fail|p1b: Decidueye
|cant|p2b: Swampert|flinch
|
|-weather|none
|upkeep
|turn|9
|
|t:|1785275069
|switch|p1a: Incineroar|Incineroar, L50, F|42/100
|-ability|p1a: Incineroar|Intimidate|boost
|-unboost|p2a: Pelipper|atk|1
|-unboost|p2b: Swampert|atk|1
|move|p1b: Decidueye|Protect|p1b: Decidueye
|-singleturn|p1b: Decidueye|Protect
|move|p2a: Pelipper|Wide Guard|p2a: Pelipper
|-singleturn|p2a: Pelipper|Wide Guard
|move|p2b: Swampert|Earthquake|p1b: Decidueye|[spread] p1a
|-activate|p2a: Pelipper|move: Wide Guard
|-activate|p1b: Decidueye|move: Protect
|-supereffective|p1a: Incineroar|1
|-damage|p1a: Incineroar|0 fnt
|faint|p1a: Incineroar
|
|upkeep
|
|t:|1785275082
|switch|p1a: Raichu|Raichu-Mega-Y, L50, F|3/100
|turn|10
|
|t:|1785275107
|move|p1a: Raichu|Fake Out|p2b: Swampert
|-damage|p2b: Swampert|82/100
|move|p1b: Decidueye|Sucker Punch|p2a: Pelipper
|-damage|p2a: Pelipper|0 fnt
|faint|p2a: Pelipper
|cant|p2b: Swampert|flinch
|
|-sideend|p2: CharizardHater3|move: Tailwind
|upkeep
|turn|11
|-message|CharizardHater3 forfeited.
|
|win|MaxwellBaker
