|j|☆KuraiTenshi26
|j|☆frisbya
|html|KuraiTenshi26frisbya    
|uhtml|bestof|Game 2 of a best-of-3
|t:|1782271335
|gametype|doubles
|player|p1|KuraiTenshi26|miriam|1052
|player|p2|frisbya|1|1000
|gen|9
|tier|[Gen 9 Champions] VGC 2026 Reg M-B (Bo3)
|rated|
|rule|Species Clause: Limit one of each Pokémon
|rule|Item Clause: Limit 1 of each item
|clearpoke
|poke|p1|Lopunny, L50, F, shiny|
|poke|p1|Gholdengo, L50|
|poke|p1|Whimsicott, L50, F|
|poke|p1|Glimmora, L50, M|
|poke|p1|Garchomp, L50, F|
|poke|p1|Charizard, L50, F|
|poke|p2|Basculegion, L50, M|
|poke|p2|Delphox, L50, F|
|poke|p2|Garchomp, L50, F|
|poke|p2|Grimmsnarl, L50, M|
|poke|p2|Sinistcha, L50|
|poke|p2|Staraptor, L50, M|
|teampreview|4
|showteam|p1|Lopunny||Lopunnite|Limber|FakeOut,CloseCombat,TripleAxel,Protect|Jolly||F|||50|]Gholdengo||MetalCoat|GoodasGold|MakeItRain,ShadowBall,NastyPlot,Protect|Modest|||||50|]Whimsicott||FairyFeather|Prankster|Tailwind,Moonblast,Encore,SunnyDay|Bold||F|||50|]Glimmora||FocusSash|ToxicDebris|PowerGem,SludgeBomb,EarthPower,SpikyShield|Modest||M|||50|]Garchomp||LifeOrb|RoughSkin|Earthquake,DragonClaw,RockSlide,Protect|Jolly||F|||50|]Charizard||CharizarditeY|SolarPower|WeatherBall,HeatWave,SolarBeam,Protect|Modest||F|||50|
|showteam|p2|Basculegion||FocusSash|Adaptability|Liquidation,LastRespects,AquaJet,Protect|Adamant||M|||50|]Delphox||Delphoxite|Blaze|HeatWave,Psyshock,NastyPlot,Protect|Timid||F|||50|]Garchomp||LifeOrb|RoughSkin|DragonClaw,RockSlide,Earthquake,Protect|Jolly||F|||50|]Grimmsnarl||LightClay|Prankster|SpiritBreak,PartingShot,LightScreen,Reflect|Careful||M|||50|]Sinistcha||KasibBerry|Hospitality|MatchaGotcha,RagePowder,StrengthSap,Protect|Bold|||||50|]Staraptor||Staraptite|Intimidate|CloseCombat,BraveBird,Roost,Protect|Jolly||M|||50|
|
|t:|1782271397
|teamsize|p1|4
|teamsize|p2|4
|start
|switch|p1a: Whimsicott|Whimsicott, L50, F|100/100
|switch|p1b: Gholdengo|Gholdengo, L50|100/100
|switch|p2a: Delphox|Delphox, L50, F|100/100
|switch|p2b: Sinistcha|Sinistcha, L50|100/100
|turn|1
|
|t:|1782271440
|detailschange|p2a: Delphox|Delphox-Mega, L50, F
|-mega|p2a: Delphox|Delphox|Delphoxite
|move|p2b: Sinistcha|Rage Powder|p2b: Sinistcha
|-singleturn|p2b: Sinistcha|move: Rage Powder
|move|p1a: Whimsicott|Tailwind|p1a: Whimsicott
|-sidestart|p1: KuraiTenshi26|move: Tailwind
|move|p1b: Gholdengo|Nasty Plot|p1b: Gholdengo
|-boost|p1b: Gholdengo|spa|2
|move|p2a: Delphox|Heat Wave|p1a: Whimsicott|[spread] p1a,p1b
|-supereffective|p1a: Whimsicott|1
|-supereffective|p1b: Gholdengo|1
|-damage|p1a: Whimsicott|13/100
|-damage|p1b: Gholdengo|12/100
|
|upkeep
|turn|2
|
|t:|1782271480
|move|p2b: Sinistcha|Rage Powder|p2b: Sinistcha
|-singleturn|p2b: Sinistcha|move: Rage Powder
|move|p1a: Whimsicott|Moonblast|p2a: Delphox
|-resisted|p2a: Delphox|1
|-damage|p2a: Delphox|86/100
|move|p1b: Gholdengo|Make It Rain|p2b: Sinistcha|[spread] p2a,p2b
|-resisted|p2a: Delphox|1
|-damage|p2a: Delphox|34/100
|-damage|p2b: Sinistcha|0 fnt
|-unboost|p1b: Gholdengo|spa|2
|faint|p2b: Sinistcha
|move|p2a: Delphox|Heat Wave|p1b: Gholdengo|[spread] p1a,p1b
|-supereffective|p1a: Whimsicott|1
|-supereffective|p1b: Gholdengo|1
|-damage|p1a: Whimsicott|0 fnt
|-damage|p1b: Gholdengo|0 fnt
|faint|p1a: Whimsicott
|faint|p1b: Gholdengo
|
|upkeep
|
|t:|1782271504
|switch|p1a: Garchomp|Garchomp, L50, F|100/100
|switch|p1b: Charizard|Charizard, L50, F|100/100
|switch|p2b: Grimmsnarl|Grimmsnarl, L50, M|100/100
|turn|3
|
|t:|1782271555
|detailschange|p1b: Charizard|Charizard-Mega-Y, L50, F
|-mega|p1b: Charizard|Charizard|Charizardite Y
|-weather|SunnyDay|[from] ability: Drought|[of] p1b: Charizard
|move|p2b: Grimmsnarl|Parting Shot|p1a: Garchomp
|-unboost|p1a: Garchomp|atk|1
|-unboost|p1a: Garchomp|spa|1
|
|t:|1782271561
|switch|p2b: Garchomp|Garchomp, L50, F|100/100|[from] Parting Shot
|move|p1a: Garchomp|Rock Slide|p2a: Delphox|[spread] p2a,p2b
|-supereffective|p2a: Delphox|1
|-resisted|p2b: Garchomp|1
|-damage|p2a: Delphox|0 fnt
|-damage|p2b: Garchomp|91/100
|faint|p2a: Delphox
|-damage|p1a: Garchomp|90/100|[from] item: Life Orb
|move|p1b: Charizard|Weather Ball|p2b: Garchomp
|-resisted|p2b: Garchomp|1
|-damage|p2b: Garchomp|44/100
|
|-weather|SunnyDay|[upkeep]
|upkeep
|
|t:|1782271574
|switch|p2a: Grimmsnarl|Grimmsnarl, L50, M|100/100
|turn|4
|
|t:|1782271600
|move|p2b: Garchomp|Protect|p2b: Garchomp
|-singleturn|p2b: Garchomp|Protect
|move|p2a: Grimmsnarl|Light Screen|p2a: Grimmsnarl
|-sidestart|p2: frisbya|move: Light Screen
|move|p1a: Garchomp|Earthquake|p2a: Grimmsnarl|[spread] p2a
|-activate|p2b: Garchomp|move: Protect
|-immune|p1b: Charizard
|-damage|p2a: Grimmsnarl|69/100
|-damage|p1a: Garchomp|80/100|[from] item: Life Orb
|move|p1b: Charizard|Heat Wave|p2b: Garchomp|[spread] 
|-activate|p2b: Garchomp|move: Protect
|-miss|p1b: Charizard|p2a: Grimmsnarl
|
|-weather|SunnyDay|[upkeep]
|-sideend|p1: KuraiTenshi26|move: Tailwind
|upkeep
|turn|5
|
|t:|1782271637
|move|p2b: Garchomp|Rock Slide|p1a: Garchomp|[spread] p1a,p1b
|-resisted|p1a: Garchomp|1
|-supereffective|p1b: Charizard|2
|-damage|p1a: Garchomp|67/100
|-damage|p1b: Charizard|0 fnt
|faint|p1b: Charizard
|-damage|p2b: Garchomp|34/100|[from] item: Life Orb
|move|p1a: Garchomp|Dragon Claw|p2b: Garchomp
|-supereffective|p2b: Garchomp|1
|-crit|p2b: Garchomp
|-damage|p2b: Garchomp|0 fnt
|-damage|p1a: Garchomp|54/100|[from] ability: Rough Skin|[of] p2b: Garchomp
|faint|p2b: Garchomp
|-damage|p1a: Garchomp|44/100|[from] item: Life Orb
|move|p2a: Grimmsnarl|Spirit Break|p1a: Garchomp
|-supereffective|p1a: Garchomp|1
|-damage|p1a: Garchomp|0 fnt
|-damage|p2a: Grimmsnarl|56/100|[from] ability: Rough Skin|[of] p1a: Garchomp
|faint|p1a: Garchomp
|
|win|frisbya
||KuraiTenshi26 is ready for game 3.
|inactive|frisbya has 30 seconds to confirm battle start!
|inactive|frisbya has 20 seconds to confirm battle start!
||frisbya is ready for game 3.
|uhtml|next|Next: Game 3 of 3
|l|☆KuraiTenshi26
|player|p1|
