|j|☆takedownmy
|j|☆sille rovert
|html|takedownmysille rovert    
|uhtml|bestof|Game 2 of a best-of-3
|t:|1756577933
|gametype|doubles
|player|p1|takedownmy|102|1232
|player|p2|sille rovert|trevor|1277
|gen|9
|tier|[Gen 9] VGC 2025 Reg H (Bo3)
|rated|
|rule|Species Clause: Limit one of each Pokémon
|rule|Item Clause: Limit 1 of each item
|clearpoke
|poke|p1|Glalie, L50, F|
|poke|p1|Incineroar, L50, M|
|poke|p1|Rillaboom, L50, F|
|poke|p1|Ninetales-Alola, L50, F|
|poke|p1|Gholdengo, L50|
|poke|p1|Sneasler, L50, M|
|poke|p2|Smeargle, L50, M|
|poke|p2|Gholdengo, L50|
|poke|p2|Hydreigon, L50, F|
|poke|p2|Rillaboom, L50, M|
|poke|p2|Porygon2, L50|
|poke|p2|Sneasler, L50, F|
|teampreview|4
|showteam|p1|Glalie||Leftovers|Moody|IceBeam,TeraBlast,Substitute,Protect|||F|||50|,,,,,Electric]Incineroar||SafetyGoggles|Intimidate|FlareBlitz,KnockOff,PartingShot,FakeOut|||M|||50|,,,,,Ghost]Rillaboom||AssaultVest|GrassySurge|FakeOut,GrassyGlide,DrumBeating,HighHorsepower|||F|||50|,,,,,Fire]Ninetales-Alola||FocusSash|SnowWarning|Blizzard,IcyWind,Encore,AuroraVeil|||F|||50|,,,,,Ghost]Gholdengo||GrassySeed|GoodasGold|NastyPlot,MakeItRain,ShadowBall,Protect||||||50|,,,,,Water]Sneasler||WhiteHerb|Unburden|CloseCombat,DireClaw,ThroatChop,Protect|||M|||50|,,,,,Dark
|showteam|p2|Smeargle||FocusSash|Moody|Spore,SpikyShield,Ruination,FollowMe|||M|||50|,,,,,Ghost]Gholdengo||Leftovers|GoodasGold|MakeItRain,ShadowBall,NastyPlot,Protect||||||50|,,,,,Water]Hydreigon||LifeOrb|Levitate|HeatWave,DarkPulse,Protect,DracoMeteor|||F|||50|,,,,,Fire]Rillaboom||AssaultVest|GrassySurge|WoodHammer,GrassyGlide,FakeOut,HighHorsepower|||M|||50|,,,,,Fire]Porygon2||Eviolite|Download|IceBeam,TeraBlast,Recover,TrickRoom||||||50|,,,,,Ground]Sneasler||GrassySeed|Unburden|FakeOut,CloseCombat,DireClaw,Protect|||F|||50|,,,,,Stellar
|inactive|Battle timer is ON: inactive players will automatically lose when time's up. (requested by takedownmy)
|
|t:|1756577954
|teamsize|p1|4
|teamsize|p2|4
|start
|switch|p1a: Glalie|Glalie, L50, F|100/100
|switch|p1b: Incineroar|Incineroar, L50, M|100/100
|switch|p2a: Surprised|Sneasler, L50, F|100/100
|switch|p2b: Goldstein|Gholdengo, L50|100/100
|-ability|p1b: Incineroar|Intimidate|boost
|-unboost|p2a: Surprised|atk|1
|-unboost|p2b: Goldstein|atk|1
|turn|1
|inactive|takedownmy has 30 seconds left.
|
|t:|1756577979
|-terastallize|p1a: Glalie|Electric
|move|p2a: Surprised|Fake Out|p1b: Incineroar
|-damage|p1b: Incineroar|91/100
|move|p1a: Glalie|Substitute|p1a: Glalie
|-start|p1a: Glalie|Substitute
|-damage|p1a: Glalie|75/100
|move|p2b: Goldstein|Nasty Plot|p2b: Goldstein
|-boost|p2b: Goldstein|spa|2
|cant|p1b: Incineroar|flinch
|
|-heal|p1a: Glalie|82/100|[from] item: Leftovers
|-ability|p1a: Glalie|Moody|boost
|-boost|p1a: Glalie|spd|2
|-unboost|p1a: Glalie|spa|1
|upkeep
|turn|2
|
|t:|1756577997
|switch|p1b: Gholdengo|Gholdengo, L50|100/100
|move|p1a: Glalie|Protect|p1a: Glalie
|-singleturn|p1a: Glalie|Protect
|move|p2a: Surprised|Close Combat|p1b: Gholdengo
|-immune|p1b: Gholdengo
|move|p2b: Goldstein|Shadow Ball|p1b: Gholdengo
|-supereffective|p1b: Gholdengo
|-damage|p1b: Gholdengo|0 fnt
|faint|p1b: Gholdengo
|
|-heal|p1a: Glalie|88/100|[from] item: Leftovers
|-ability|p1a: Glalie|Moody|boost
|-boost|p1a: Glalie|spd|2
|-unboost|p1a: Glalie|def|1
|upkeep
|c|☆sille rovert|Trash wtf are u doing
|
|t:|1756578012
|switch|p1b: Incineroar|Incineroar, L50, M|91/100
|-ability|p1b: Incineroar|Intimidate|boost
|-unboost|p2a: Surprised|atk|1
|-unboost|p2b: Goldstein|atk|1
|turn|3
|
|t:|1756578028
|move|p2b: Goldstein|Protect|p2b: Goldstein
|-singleturn|p2b: Goldstein|Protect
|move|p2a: Surprised|Close Combat|p1b: Incineroar
|-supereffective|p1b: Incineroar
|-damage|p1b: Incineroar|26/100
|-unboost|p2a: Surprised|def|1
|-unboost|p2a: Surprised|spd|1
|move|p1a: Glalie|Tera Blast|p2b: Goldstein|[anim] Tera Blast Electric
|-activate|p2b: Goldstein|move: Protect
|move|p1b: Incineroar|Knock Off|p2b: Goldstein
|-activate|p2b: Goldstein|move: Protect
|
|-heal|p1a: Glalie|94/100|[from] item: Leftovers
|-ability|p1a: Glalie|Moody|boost
|-boost|p1a: Glalie|def|2
|-unboost|p1a: Glalie|spd|1
|upkeep
|turn|4
|inactive|takedownmy has 30 seconds left.
|
|t:|1756578055
|switch|p1b: Rillaboom|Rillaboom, L50, F|100/100
|-fieldstart|move: Grassy Terrain|[from] ability: Grassy Surge|[of] p1b: Rillaboom
|-enditem|p2a: Surprised|Grassy Seed
|-boost|p2a: Surprised|def|1|[from] item: Grassy Seed
|move|p2a: Surprised|Close Combat|p1b: Rillaboom
|-damage|p1b: Rillaboom|67/100
|-unboost|p2a: Surprised|def|1
|-unboost|p2a: Surprised|spd|1
|move|p1a: Glalie|Tera Blast|p2a: Surprised|[anim] Tera Blast Electric
|-damage|p2a: Surprised|48/100
|move|p2b: Goldstein|Nasty Plot|p2b: Goldstein
|-boost|p2b: Goldstein|spa|2
|
|-heal|p2a: Surprised|54/100|[from] Grassy Terrain
|-heal|p1b: Rillaboom|72/100|[from] Grassy Terrain
|-heal|p1a: Glalie|100/100|[from] Grassy Terrain
|-ability|p1a: Glalie|Moody|boost
|-boost|p1a: Glalie|def|2
|-unboost|p1a: Glalie|spd|1
|upkeep
|turn|5
|inactive|takedownmy has 30 seconds left.
|
|t:|1756578087
|switch|p2a: look over here|Smeargle, L50, M|100/100
|move|p1b: Rillaboom|Fake Out|p2a: look over here
|-damage|p2a: look over here|70/100
|move|p1a: Glalie|Tera Blast|p2a: look over here|[anim] Tera Blast Electric
|-damage|p2a: look over here|21/100
|move|p2b: Goldstein|Shadow Ball|p1b: Rillaboom
|-damage|p1b: Rillaboom|0 fnt
|faint|p1b: Rillaboom
|
|-heal|p2a: look over here|28/100|[from] Grassy Terrain
|-ability|p1a: Glalie|Moody|boost
|-boost|p1a: Glalie|spa|2
|-unboost|p1a: Glalie|spd|1
|-ability|p2a: look over here|Moody|boost
|-boost|p2a: look over here|atk|2
|-unboost|p2a: look over here|def|1
|upkeep
|
|t:|1756578103
|switch|p1b: Incineroar|Incineroar, L50, M|26/100
|-ability|p1b: Incineroar|Intimidate|boost
|-unboost|p2a: look over here|atk|1
|-unboost|p2b: Goldstein|atk|1
|turn|6
|inactive|takedownmy has 30 seconds left.
|
|t:|1756578131
|move|p2a: look over here|Spiky Shield|p2a: look over here
|-singleturn|p2a: look over here|move: Protect
|move|p1a: Glalie|Ice Beam|p2a: look over here
|-activate|p2a: look over here|move: Protect
|move|p2b: Goldstein|Shadow Ball|p1b: Incineroar
|-resisted|p1b: Incineroar
|-damage|p1b: Incineroar|0 fnt
|faint|p1b: Incineroar
|
|-heal|p2a: look over here|34/100|[from] Grassy Terrain
|-ability|p1a: Glalie|Moody|boost
|-boost|p1a: Glalie|spe|2
|-unboost|p1a: Glalie|spa|1
|-ability|p2a: look over here|Moody|boost
|-boost|p2a: look over here|spa|2
|-unboost|p2a: look over here|atk|1
|upkeep
|turn|7
|
|t:|1756578145
|move|p2a: look over here|Follow Me|p2a: look over here
|-singleturn|p2a: look over here|move: Follow Me
|move|p1a: Glalie|Ice Beam|p2a: look over here
|-damage|p2a: look over here|0 fnt
|faint|p2a: look over here
|move|p2b: Goldstein|Shadow Ball|p1a: Glalie
|-end|p1a: Glalie|Substitute
|
|-ability|p1a: Glalie|Moody|boost
|-boost|p1a: Glalie|spe|2
|-unboost|p1a: Glalie|atk|1
|upkeep
|
|t:|1756578148
|switch|p2a: Surprised|Sneasler, L50, F|54/100
|turn|8
|
|t:|1756578160
|move|p1a: Glalie|Protect|p1a: Glalie
|-singleturn|p1a: Glalie|Protect
|move|p2a: Surprised|Fake Out|p1a: Glalie
|-activate|p1a: Glalie|move: Protect
|move|p2b: Goldstein|Nasty Plot|p2b: Goldstein
|-boost|p2b: Goldstein|spa|2
|
|-heal|p2a: Surprised|59/100|[from] Grassy Terrain
|-fieldend|move: Grassy Terrain
|-ability|p1a: Glalie|Moody|boost
|-boost|p1a: Glalie|spe|2
|-unboost|p1a: Glalie|spd|1
|upkeep
|turn|9
|
|t:|1756578184
|move|p1a: Glalie|Substitute|p1a: Glalie
|-start|p1a: Glalie|Substitute
|-damage|p1a: Glalie|75/100
|move|p2a: Surprised|Dire Claw|p1a: Glalie
|-activate|p1a: Glalie|move: Substitute|[damage]
|move|p2b: Goldstein|Shadow Ball|p1a: Glalie
|-end|p1a: Glalie|Substitute
|
|-heal|p1a: Glalie|82/100|[from] item: Leftovers
|-ability|p1a: Glalie|Moody|boost
|-boost|p1a: Glalie|atk|2
|-unboost|p1a: Glalie|spa|1
|upkeep
|turn|10
|
|t:|1756578199
|move|p1a: Glalie|Protect|p1a: Glalie
|-singleturn|p1a: Glalie|Protect
|move|p2a: Surprised|Dire Claw|p1a: Glalie
|-activate|p1a: Glalie|move: Protect
|move|p2b: Goldstein|Shadow Ball|p1a: Glalie
|-activate|p1a: Glalie|move: Protect
|
|-heal|p1a: Glalie|88/100|[from] item: Leftovers
|-ability|p1a: Glalie|Moody|boost
|-boost|p1a: Glalie|spd|2
|-unboost|p1a: Glalie|spe|1
|upkeep
|turn|11
|
|t:|1756578213
|move|p1a: Glalie|Substitute|p1a: Glalie
|-start|p1a: Glalie|Substitute
|-damage|p1a: Glalie|63/100
|move|p2a: Surprised|Dire Claw|p1a: Glalie
|-activate|p1a: Glalie|move: Substitute|[damage]
|move|p2b: Goldstein|Shadow Ball|p1a: Glalie
|-end|p1a: Glalie|Substitute
|
|-heal|p1a: Glalie|69/100|[from] item: Leftovers
|-ability|p1a: Glalie|Moody|boost
|-boost|p1a: Glalie|spd|2
|-unboost|p1a: Glalie|def|1
|upkeep
|turn|12
|
|t:|1756578223
|move|p1a: Glalie|Protect|p1a: Glalie
|-singleturn|p1a: Glalie|Protect
|move|p2a: Surprised|Dire Claw|p1a: Glalie
|-activate|p1a: Glalie|move: Protect
|move|p2b: Goldstein|Nasty Plot|p2b: Goldstein
|-boost|p2b: Goldstein|spa|0
|
|-heal|p1a: Glalie|75/100|[from] item: Leftovers
|-ability|p1a: Glalie|Moody|boost
|-boost|p1a: Glalie|atk|2
|-unboost|p1a: Glalie|spe|1
|upkeep
|turn|13
|c|☆sille rovert|Zzzz
|
|t:|1756578238
|move|p1a: Glalie|Tera Blast|p2a: Surprised|[anim] Tera Blast Electric
|-damage|p2a: Surprised|0 fnt
|faint|p2a: Surprised
|move|p2b: Goldstein|Shadow Ball|p1a: Glalie
|-damage|p1a: Glalie|17/100
|
|-heal|p1a: Glalie|23/100|[from] item: Leftovers
|-ability|p1a: Glalie|Moody|boost
|-boost|p1a: Glalie|atk|2
|-unboost|p1a: Glalie|spe|1
|upkeep
|
|t:|1756578241
|switch|p2a: hide|Hydreigon, L50, F|100/100
|turn|14
|
|t:|1756578253
|move|p1a: Glalie|Protect|p1a: Glalie
|-singleturn|p1a: Glalie|Protect
|move|p2a: hide|Draco Meteor|p1a: Glalie
|-activate|p1a: Glalie|move: Protect
|move|p2b: Goldstein|Shadow Ball|p1a: Glalie
|-activate|p1a: Glalie|move: Protect
|
|-heal|p1a: Glalie|29/100|[from] item: Leftovers
|-ability|p1a: Glalie|Moody|boost
|-boost|p1a: Glalie|spa|2
|-unboost|p1a: Glalie|def|1
|upkeep
|turn|15
|
|t:|1756578271
|move|p1a: Glalie|Tera Blast|p2b: Goldstein|[anim] Tera Blast Electric
|-damage|p2b: Goldstein|34/100
|move|p2a: hide|Dark Pulse|p1a: Glalie
|-damage|p1a: Glalie|10/100
|-damage|p2a: hide|91/100|[from] item: Life Orb
|move|p2b: Goldstein|Shadow Ball|p1a: Glalie
|-damage|p1a: Glalie|0 fnt
|faint|p1a: Glalie
|
|win|sille rovert
