|j|☆WILLuBEMYGF?
|j|☆blackstormgames
|html|WILLuBEMYGF?blackstormgames    
|uhtml|bestof|Game 2 of a best-of-3
|t:|1782413042
|gametype|doubles
|player|p1|WILLuBEMYGF?|nate|1238
|player|p2|blackstormgames|lance|1249
|gen|9
|tier|[Gen 9 Champions] VGC 2026 Reg M-B (Bo3)
|rated|
|rule|Species Clause: Limit one of each Pokémon
|rule|Item Clause: Limit 1 of each item
|clearpoke
|poke|p1|Blaziken, L50, F|
|poke|p1|Sneasler, L50, M|
|poke|p1|Kingambit, L50, F|
|poke|p1|Basculegion, L50, M|
|poke|p1|Floette-Eternal, L50, F|
|poke|p1|Sinistcha-Masterpiece, L50|
|poke|p2|Blaziken, L50, M|
|poke|p2|Aerodactyl, L50, M|
|poke|p2|Kingambit, L50, F|
|poke|p2|Basculegion, L50, M|
|poke|p2|Sylveon, L50, F|
|poke|p2|Torkoal, L50, F|
|teampreview|4
|showteam|p1|Blaziken||Blazikenite|SpeedBoost|CloseCombat,FlareBlitz,RockSlide,Protect|Adamant||F|||50|]Sneasler||FocusSash|PoisonTouch|PoisonJab,CloseCombat,FakeOut,Protect|Adamant||M|||50|]Kingambit||BlackGlasses|Defiant|KowtowCleave,SuckerPunch,SwordsDance,Protect|Adamant||F|||50|]Basculegion||ChoiceScarf|Adaptability|WaveCrash,AquaJet,LastRespects,FlipTurn|Jolly||M|||50|]Floette-Eternal||Floettite|FlowerVeil|CalmMind,DrainingKiss,DazzlingGleam,Protect|Bold||F|||50|]Sinistcha-Masterpiece||KasibBerry|Hospitality|RagePowder,MatchaGotcha,LifeDew,Protect|Calm|||||50|
|showteam|p2|Blaziken||Blazikenite|SpeedBoost|FlareBlitz,CloseCombat,RockSlide,Protect|Adamant||M|||50|]Aerodactyl||Aerodactylite|Unnerve|RockSlide,DualWingbeat,IceFang,Tailwind|Jolly||M|||50|]Kingambit||LifeOrb|Defiant|KowtowCleave,SuckerPunch,IronHead,Protect|Adamant||F|||50|]Basculegion||FocusSash|Adaptability|Liquidation,AquaJet,LastRespects,Protect|Adamant||M|||50|]Sylveon||FairyFeather|Pixilate|HyperVoice,HyperBeam,QuickAttack,Detect|Modest||F|||50|]Torkoal||Leftovers|Drought|Eruption,Yawn,WeatherBall,Protect|Quiet||F|||50|
|inactive|Battle timer is ON: inactive players will automatically lose when time's up. (requested by WILLuBEMYGF?)
|
|t:|1782413076
|teamsize|p1|4
|teamsize|p2|4
|start
|switch|p1a: Sneasler|Sneasler, L50, M|100/100
|switch|p1b: Kingambit|Kingambit, L50, F|100/100
|switch|p2a: Basculegion|Basculegion, L50, M|100/100
|switch|p2b: Blaziken|Blaziken, L50, M|100/100
|turn|1
|
|t:|1782413087
|move|p2b: Blaziken|Protect|p2b: Blaziken
|-singleturn|p2b: Blaziken|Protect
|move|p1a: Sneasler|Fake Out|p2b: Blaziken
|-activate|p2b: Blaziken|move: Protect
|move|p1b: Kingambit|Sucker Punch|p2a: Basculegion
|-supereffective|p2a: Basculegion|1
|-enditem|p2a: Basculegion|Focus Sash
|-damage|p2a: Basculegion|1/100
|move|p2a: Basculegion|Liquidation|p1a: Sneasler
|-damage|p1a: Sneasler|3/100
|
|-ability|p2b: Blaziken|Speed Boost|boost
|-boost|p2b: Blaziken|spe|1
|upkeep
|turn|2
|inactive|WILLuBEMYGF? has 30 seconds left.
|inactive|blackstormgames has 30 seconds left.
|
|t:|1782413126
|switch|p1b: Basculegion|Basculegion, L50, M|100/100
|detailschange|p2b: Blaziken|Blaziken-Mega, L50, M
|-mega|p2b: Blaziken|Blaziken|Blazikenite
|move|p1a: Sneasler|Protect|p1a: Sneasler
|-singleturn|p1a: Sneasler|Protect
|move|p2b: Blaziken|Flare Blitz|p1b: Basculegion
|-resisted|p1b: Basculegion|1
|-damage|p1b: Basculegion|44/100
|-damage|p2b: Blaziken|77/100|[from] Recoil
|move|p2a: Basculegion|Last Respects|p1a: Sneasler
|-activate|p1a: Sneasler|move: Protect
|
|-ability|p2b: Blaziken|Speed Boost|boost
|-boost|p2b: Blaziken|spe|1
|upkeep
|turn|3
|inactive|WILLuBEMYGF? has 30 seconds left.
|
|t:|1782413155
|move|p2b: Blaziken|Protect|p2b: Blaziken
|-singleturn|p2b: Blaziken|Protect
|move|p1b: Basculegion|Aqua Jet|p2b: Blaziken
|-activate|p2b: Blaziken|move: Protect
|move|p1a: Sneasler|Poison Jab|p2a: Basculegion
|-resisted|p2a: Basculegion|1
|-damage|p2a: Basculegion|0 fnt
|faint|p2a: Basculegion
|
|-ability|p2b: Blaziken|Speed Boost|boost
|-boost|p2b: Blaziken|spe|1
|upkeep
|
|t:|1782413165
|switch|p2a: Kingambit|Kingambit, L50, F|100/100
|turn|4
|
|t:|1782413180
|switch|p2b: Aerodactyl|Aerodactyl, L50, M|100/100
|-ability|p2b: Aerodactyl|Unnerve
|switch|p1b: Sinistcha|Sinistcha-Masterpiece, L50|100/100
|-heal|p1a: Sneasler|28/100|[from] ability: Hospitality|[of] p1b: Sinistcha
|move|p2a: Kingambit|Sucker Punch|p1a: Sneasler
|-resisted|p1a: Sneasler|1
|-crit|p1a: Sneasler
|-damage|p1a: Sneasler|0 fnt
|faint|p1a: Sneasler
|-damage|p2a: Kingambit|90/100|[from] item: Life Orb
|
|upkeep
|c|☆WILLuBEMYGF?|i hate crit from now lol
|inactive|WILLuBEMYGF? has 30 seconds left.
|
|t:|1782413206
|switch|p1a: Kingambit|Kingambit, L50, F|100/100
|turn|5
|
|t:|1782413220
|move|p1b: Sinistcha|Protect|p1b: Sinistcha
|-singleturn|p1b: Sinistcha|Protect
|move|p2b: Aerodactyl|Dual Wingbeat|p1a: Kingambit
|-resisted|p1a: Kingambit|1
|-damage|p1a: Kingambit|94/100
|-resisted|p1a: Kingambit|1
|-damage|p1a: Kingambit|88/100
|-hitcount|p1a: Kingambit|2
|move|p2a: Kingambit|Kowtow Cleave|p1a: Kingambit
|-resisted|p1a: Kingambit|1
|-damage|p1a: Kingambit|63/100
|-damage|p2a: Kingambit|80/100|[from] item: Life Orb
|move|p1a: Kingambit|Kowtow Cleave|p2b: Aerodactyl
|-damage|p2b: Aerodactyl|4/100
|
|upkeep
|turn|6
|
|t:|1782413240
|move|p2b: Aerodactyl|Tailwind|p2b: Aerodactyl
|-sidestart|p2: blackstormgames|move: Tailwind
|move|p2a: Kingambit|Kowtow Cleave|p1b: Sinistcha
|-supereffective|p1b: Sinistcha|1
|-damage|p1b: Sinistcha|0 fnt
|faint|p1b: Sinistcha
|-damage|p2a: Kingambit|71/100|[from] item: Life Orb
|move|p1a: Kingambit|Kowtow Cleave|p2a: Kingambit
|-resisted|p2a: Kingambit|1
|-damage|p2a: Kingambit|47/100
|
|upkeep
|
|t:|1782413246
|switch|p1b: Basculegion|Basculegion, L50, M|44/100
|turn|7
|
|t:|1782413260
|move|p1b: Basculegion|Aqua Jet|p2a: Kingambit
|-damage|p2a: Kingambit|28/100
|move|p2a: Kingambit|Sucker Punch||[still]
|-fail|p2a: Kingambit
|move|p1a: Kingambit|Sucker Punch||[still]
|-fail|p1a: Kingambit
|move|p2b: Aerodactyl|Rock Slide|p1b: Basculegion|[spread] p1a,p1b
|-resisted|p1a: Kingambit|1
|-damage|p1a: Kingambit|55/100
|-damage|p1b: Basculegion|15/100
|
|upkeep
|turn|8
|
|t:|1782413276
|move|p1b: Basculegion|Aqua Jet|p2b: Aerodactyl
|-supereffective|p2b: Aerodactyl|1
|-damage|p2b: Aerodactyl|0 fnt
|faint|p2b: Aerodactyl
|move|p2a: Kingambit|Kowtow Cleave|p1b: Basculegion
|-supereffective|p1b: Basculegion|1
|-damage|p1b: Basculegion|0 fnt
|faint|p1b: Basculegion
|-damage|p2a: Kingambit|18/100|[from] item: Life Orb
|move|p1a: Kingambit|Kowtow Cleave|p2a: Kingambit
|-resisted|p2a: Kingambit|1
|-damage|p2a: Kingambit|0 fnt
|faint|p2a: Kingambit
|
|upkeep
|-message|WILLuBEMYGF? forfeited.
|
|win|blackstormgames
|raw|WILLuBEMYGF?'s rating: 1238 → 1214(-24 for losing)
|raw|blackstormgames's rating: 1249 → 1273(+24 for winning)
|l|☆WILLuBEMYGF?
|player|p1|
