|j|☆Realfrytki
|j|☆CaptainRex501
|html|RealfrytkiCaptainRex501    
|uhtml|bestof|Game 3 of a best-of-3
|t:|1784143431
|gametype|doubles
|player|p1|Realfrytki|veteranf|
|player|p2|CaptainRex501|volkner|
|gen|9
|tier|[Gen 9 Champions] VGC 2026 Reg M-B (Bo3)
|rule|Species Clause: Limit one of each Pokémon
|rule|Item Clause: Limit 1 of each item
|clearpoke
|poke|p1|Archaludon, L50, F|
|poke|p1|Pelipper, L50, M|
|poke|p1|Grimmsnarl, L50, M|
|poke|p1|Swampert, L50, F|
|poke|p1|Charizard, L50, F|
|poke|p1|Venusaur, L50, M|
|poke|p2|Tyranitar, L50, F|
|poke|p2|Staraptor, L50, F|
|poke|p2|Excadrill, L50, F|
|poke|p2|Sinistcha, L50|
|poke|p2|Gholdengo, L50|
|poke|p2|Milotic, L50, M|
|teampreview|4
|showteam|p1|Archaludon||Leftovers|Stamina|DragonPulse,FlashCannon,ElectroShot,Protect|Modest||F|||50|]Pelipper||LifeOrb|Drizzle|Hurricane,WeatherBall,Protect,Tailwind|Modest||M|||50|]Grimmsnarl||LightClay|Prankster|SpiritBreak,PartingShot,LightScreen,Reflect|Sassy||M|||50|]Swampert||Swampertite|Torrent|WaveCrash,Earthquake,IcePunch,Protect|Adamant||F|||50|]Charizard||CharizarditeY|Blaze|HeatWave,SolarBeam,WeatherBall,Protect|Modest||F|||50|]Venusaur||FocusSash|Chlorophyll|EnergyBall,SludgeBomb,SleepPowder,Protect|Timid||M|||50|
|showteam|p2|Tyranitar||Tyranitarite|SandStream|KnockOff,RockSlide,Protect,LowKick|Adamant||F|||50|]Staraptor||Staraptite|Intimidate|DualWingbeat,CloseCombat,Protect,Tailwind|Jolly||F|||50|]Excadrill||FocusSash|SandRush|HighHorsepower,IronHead,RockSlide,Protect|Adamant||F|||50|]Sinistcha||SitrusBerry|Hospitality|MatchaGotcha,RagePowder,TrickRoom,Protect|Calm|||||50|]Gholdengo||LifeOrb|GoodasGold|MakeItRain,NastyPlot,Protect,ShadowBall|Timid|||||50|]Milotic||Leftovers|Competitive|Scald,Recover,Protect,IceBeam|Modest||M|||50|
|inactive|Battle timer is ON: inactive players will automatically lose when time's up. (requested by CaptainRex501)
|inactive|CaptainRex501 has 60 seconds left.
|
|t:|1784143467
|teamsize|p1|4
|teamsize|p2|4
|start
|switch|p1a: Pelipper|Pelipper, L50, M|100/100
|switch|p1b: Swampert|Swampert, L50, F|100/100
|switch|p2a: Staraptor|Staraptor, L50, F|100/100
|switch|p2b: Excadrill|Excadrill, L50, F|100/100
|-ability|p2a: Staraptor|Intimidate|boost
|-unboost|p1a: Pelipper|atk|1
|-unboost|p1b: Swampert|atk|1
|-weather|RainDance|[from] ability: Drizzle|[of] p1a: Pelipper
|turn|1
|inactive|CaptainRex501 has 30 seconds left.
|
|t:|1784143494
|switch|p2b: Tyranitar|Tyranitar, L50, F|100/100
|-weather|Sandstorm|[from] ability: Sand Stream|[of] p2b: Tyranitar
|detailschange|p1b: Swampert|Swampert-Mega, L50, F
|-mega|p1b: Swampert|Swampert|Swampertite
|move|p2a: Staraptor|Tailwind|p2a: Staraptor
|-sidestart|p2: CaptainRex501|move: Tailwind
|move|p1b: Swampert|Earthquake|p2b: Tyranitar|[spread] p2b
|-immune|p1a: Pelipper
|-immune|p2a: Staraptor
|-supereffective|p2b: Tyranitar|1
|-damage|p2b: Tyranitar|46/100
|move|p1a: Pelipper|Tailwind|p1a: Pelipper
|-sidestart|p1: Realfrytki|move: Tailwind
|
|-weather|Sandstorm|[upkeep]
|-damage|p2a: Staraptor|94/100|[from] Sandstorm
|-damage|p1a: Pelipper|93/100|[from] Sandstorm
|upkeep
|turn|2
|inactive|CaptainRex501 has 30 seconds left.
|
|t:|1784143526
|switch|p1a: Venusaur|Venusaur, L50, M|100/100
|detailschange|p2a: Staraptor|Staraptor-Mega, L50, F
|-mega|p2a: Staraptor|Staraptor|Staraptite
|move|p2a: Staraptor|Close Combat|p1a: Venusaur
|-resisted|p1a: Venusaur|1
|-damage|p1a: Venusaur|62/100
|-boost|p2a: Staraptor|def|1
|-boost|p2a: Staraptor|spd|1
|move|p1b: Swampert|Wave Crash|p2b: Tyranitar
|-supereffective|p2b: Tyranitar|1
|-damage|p2b: Tyranitar|0 fnt
|faint|p2b: Tyranitar
|-damage|p1b: Swampert|84/100|[from] Recoil
|
|-weather|Sandstorm|[upkeep]
|-damage|p2a: Staraptor|88/100|[from] Sandstorm
|-damage|p1a: Venusaur|56/100|[from] Sandstorm
|upkeep
|
|t:|1784143533
|switch|p2b: Excadrill|Excadrill, L50, F|100/100
|turn|3
|
|t:|1784143557
|switch|p1b: Pelipper|Pelipper, L50, M|93/100
|-weather|RainDance|[from] ability: Drizzle|[of] p1b: Pelipper
|move|p2a: Staraptor|Close Combat|p1b: Pelipper
|-resisted|p1b: Pelipper|1
|-damage|p1b: Pelipper|60/100
|-boost|p2a: Staraptor|def|1
|-boost|p2a: Staraptor|spd|1
|move|p1a: Venusaur|Sleep Powder|p2a: Staraptor
|-status|p2a: Staraptor|slp|[from] move: Sleep Powder
|move|p2b: Excadrill|Rock Slide|p1a: Venusaur|[spread] p1a,p1b
|-supereffective|p1b: Pelipper|1
|-damage|p1a: Venusaur|25/100
|-damage|p1b: Pelipper|11/100
|
|-weather|RainDance|[upkeep]
|upkeep
|turn|4
|
|t:|1784143579
|switch|p2b: Gholdengo|Gholdengo, L50|100/100
|cant|p2a: Staraptor|slp
|move|p1a: Venusaur|Sleep Powder|p2b: Gholdengo
|-immune|p2b: Gholdengo|[from] ability: Good as Gold
|move|p1b: Pelipper|Hurricane|p2a: Staraptor
|-supereffective|p2a: Staraptor|1
|-damage|p2a: Staraptor|25/100 slp
|-damage|p1b: Pelipper|1/100|[from] item: Life Orb
|
|-weather|RainDance|[upkeep]
|-sideend|p1: Realfrytki|move: Tailwind
|-sideend|p2: CaptainRex501|move: Tailwind
|upkeep
|turn|5
|
|t:|1784143604
|switch|p1b: Archaludon|Archaludon, L50, F|100/100
|-curestatus|p2a: Staraptor|slp|[msg]
|move|p2a: Staraptor|Tailwind|p2a: Staraptor
|-sidestart|p2: CaptainRex501|move: Tailwind
|move|p2b: Gholdengo|Make It Rain|p1a: Venusaur|[spread] p1a,p1b
|-resisted|p1b: Archaludon|1
|-damage|p1a: Venusaur|0 fnt
|-damage|p1b: Archaludon|70/100
|-unboost|p2b: Gholdengo|spa|2
|-ability|p1b: Archaludon|Stamina|boost
|-boost|p1b: Archaludon|def|1
|faint|p1a: Venusaur
|-damage|p2b: Gholdengo|90/100|[from] item: Life Orb
|
|-weather|RainDance|[upkeep]
|-heal|p1b: Archaludon|76/100|[from] item: Leftovers
|upkeep
|
|t:|1784143619
|switch|p1a: Swampert|Swampert-Mega, L50, F|84/100
|turn|6
|inactive|CaptainRex501 has 30 seconds left.
|
|t:|1784143644
|move|p1b: Archaludon|Protect|p1b: Archaludon
|-singleturn|p1b: Archaludon|Protect
|move|p2a: Staraptor|Close Combat|p1a: Swampert
|-damage|p1a: Swampert|27/100
|-boost|p2a: Staraptor|def|1
|-boost|p2a: Staraptor|spd|1
|move|p2b: Gholdengo|Shadow Ball|p1a: Swampert
|-damage|p1a: Swampert|3/100
|-unboost|p1a: Swampert|spd|1
|-damage|p2b: Gholdengo|80/100|[from] item: Life Orb
|move|p1a: Swampert|Wave Crash|p2a: Staraptor
|-damage|p2a: Staraptor|0 fnt
|faint|p2a: Staraptor
|-damage|p1a: Swampert|0 fnt|[from] Recoil
|faint|p1a: Swampert
|
|-weather|RainDance|[upkeep]
|-heal|p1b: Archaludon|82/100|[from] item: Leftovers
|upkeep
|
|t:|1784143662
|switch|p2a: Excadrill|Excadrill, L50, F|100/100
|switch|p1a: Pelipper|Pelipper, L50, M|1/100
|turn|7
|inactive|Realfrytki has 30 seconds left.
|
|t:|1784143695
|move|p2b: Gholdengo|Protect|p2b: Gholdengo
|-singleturn|p2b: Gholdengo|Protect
|move|p1a: Pelipper|Protect|p1a: Pelipper
|-singleturn|p1a: Pelipper|Protect
|move|p2a: Excadrill|Iron Head|p1a: Pelipper
|-activate|p1a: Pelipper|move: Protect
|move|p1b: Archaludon|Electro Shot||[still]
|-prepare|p1b: Archaludon|Electro Shot
|-boost|p1b: Archaludon|spa|1
|-anim|p1b: Archaludon|Electro Shot|p2b: Gholdengo
|-activate|p2b: Gholdengo|move: Protect
|
|-weather|none
|-heal|p1b: Archaludon|88/100|[from] item: Leftovers
|upkeep
|turn|8
|
|t:|1784143710
|move|p1a: Pelipper|Protect||[still]
|-fail|p1a: Pelipper
|move|p2b: Gholdengo|Nasty Plot|p2b: Gholdengo
|-boost|p2b: Gholdengo|spa|2
|move|p2a: Excadrill|Iron Head|p1a: Pelipper
|-resisted|p1a: Pelipper|1
|-damage|p1a: Pelipper|0 fnt
|faint|p1a: Pelipper
|move|p1b: Archaludon|Dragon Pulse|p2a: Excadrill
|-resisted|p2a: Excadrill|1
|-damage|p2a: Excadrill|59/100
|
|-heal|p1b: Archaludon|94/100|[from] item: Leftovers
|-sideend|p2: CaptainRex501|move: Tailwind
|upkeep
|turn|9
|
|t:|1784143723
|move|p2b: Gholdengo|Nasty Plot|p2b: Gholdengo
|-boost|p2b: Gholdengo|spa|2
|move|p2a: Excadrill|High Horsepower|p1b: Archaludon
|-supereffective|p1b: Archaludon|1
|-damage|p1b: Archaludon|37/100
|-ability|p1b: Archaludon|Stamina|boost
|-boost|p1b: Archaludon|def|1
|move|p1b: Archaludon|Dragon Pulse|p2b: Gholdengo
|-resisted|p2b: Gholdengo|1
|-damage|p2b: Gholdengo|48/100
|
|-heal|p1b: Archaludon|43/100|[from] item: Leftovers
|upkeep
|turn|10
|-message|Realfrytki forfeited.
|
|win|CaptainRex501
