|j|☆LunarMageMystia
|j|☆TemporalDonut
|html|LunarMageMystiaTemporalDonut    
|uhtml|bestof|Game 2 of a best-of-3
|t:|1785348708
|gametype|doubles
|player|p1|LunarMageMystia|rosa|
|player|p2|TemporalDonut|ingo|
|gen|9
|tier|[Gen 9 Champions] VGC 2026 Reg M-B (Bo3)
|rule|Species Clause: Limit one of each Pokémon
|rule|Item Clause: Limit 1 of each item
|clearpoke
|poke|p1|Grimmsnarl, L50, M|
|poke|p1|Swampert, L50, M|
|poke|p1|Pelipper, L50, M|
|poke|p1|Archaludon, L50, M|
|poke|p1|Sneasler, L50, F|
|poke|p1|Venusaur, L50, F|
|poke|p2|Chandelure, L50, M|
|poke|p2|Milotic, L50, F|
|poke|p2|Vanilluxe, L50, M|
|poke|p2|Hydrapple, L50, F|
|poke|p2|Grimmsnarl, L50, M|
|poke|p2|Meowscarada, L50, M|
|teampreview|4
|showteam|p1|Grimmsnarl||LightClay|Prankster|FoulPlay,PartingShot,Reflect,LightScreen|Calm||M|||50|]Swampert||Swampertite|Damp|WaveCrash,Earthquake,IcePunch,Protect|Adamant||M|||50|]Pelipper||SitrusBerry|Drizzle|Hurricane,WeatherBall,Tailwind,WideGuard|Modest||M|||50|]Archaludon||Leftovers|Stamina|ElectroShot,DragonPulse,FlashCannon,Protect|Modest||M|||50|]Sneasler||FocusSash|PoisonTouch|CloseCombat,PoisonJab,FakeOut,Protect|Jolly||F|||50|]Venusaur||Venusaurite|Chlorophyll|GigaDrain,SludgeBomb,EarthPower,Protect|Modest||F|||50|
|showteam|p2|Chandelure||Chandelurite|FlashFire|CalmMind,HeatWave,ShadowBall,Protect|Bold||M|||50|]Milotic||ZoomLens|Competitive|MuddyWater,Coil,Hypnosis,LifeDew|Relaxed||F|||50|]Vanilluxe||ChoiceScarf|SnowWarning|Blizzard,FreezeDry,IcyWind,SheerCold|Timid||M|||50|]Hydrapple||Leftovers|SupersweetSyrup|FickleBeam,PollenPuff,Yawn,Protect|Calm||F|||50|]Grimmsnarl||LightClay|Prankster|SpiritBreak,Reflect,LightScreen,PartingShot|Relaxed||M|||50|]Meowscarada||FocusSash|Overgrow|FlowerTrick,KnockOff,ThunderPunch,Protect|Jolly||M|||50|
|j| lysha
|j| Hello_I'm_a_Shade
|j| tedidn
|j| Autin Mago
|
|t:|1785348748
|teamsize|p1|4
|teamsize|p2|4
|start
|switch|p1a: Grimmsnarl|Grimmsnarl, L50, M|100/100
|switch|p1b: Venusaur|Venusaur, L50, F|100/100
|switch|p2a: Grimmsnarl|Grimmsnarl, L50, M|100/100
|switch|p2b: Chandelure|Chandelure, L50, M|100/100
|turn|1
|j| thebigmacky
|
|t:|1785348776
|detailschange|p1b: Venusaur|Venusaur-Mega, L50, F
|-mega|p1b: Venusaur|Venusaur|Venusaurite
|detailschange|p2b: Chandelure|Chandelure-Mega, L50, M
|-mega|p2b: Chandelure|Chandelure|Chandelurite
|move|p1b: Venusaur|Protect|p1b: Venusaur
|-singleturn|p1b: Venusaur|Protect
|move|p2b: Chandelure|Protect|p2b: Chandelure
|-singleturn|p2b: Chandelure|Protect
|move|p1a: Grimmsnarl|Light Screen|p1a: Grimmsnarl
|-sidestart|p1: LunarMageMystia|move: Light Screen
|move|p2a: Grimmsnarl|Light Screen|p2a: Grimmsnarl
|-sidestart|p2: TemporalDonut|move: Light Screen
|
|upkeep
|turn|2
|
|t:|1785348815
|switch|p1b: Pelipper|Pelipper, L50, M|100/100
|-weather|RainDance|[from] ability: Drizzle|[of] p1b: Pelipper
|move|p2a: Grimmsnarl|Parting Shot|p1b: Pelipper
|-unboost|p1b: Pelipper|atk|1
|-unboost|p1b: Pelipper|spa|1
|
|t:|1785348822
|switch|p2a: Vanilluxe|Vanilluxe, L50, M|100/100|[from] Parting Shot
|-weather|Snowscape|[from] ability: Snow Warning|[of] p2a: Vanilluxe
|move|p2b: Chandelure|Calm Mind|p2b: Chandelure
|-boost|p2b: Chandelure|spa|1
|-boost|p2b: Chandelure|spd|1
|move|p1a: Grimmsnarl|Foul Play|p2b: Chandelure
|-supereffective|p2b: Chandelure|1
|-damage|p2b: Chandelure|62/100
|
|-weather|Snowscape|[upkeep]
|upkeep
|turn|3
|
|t:|1785348847
|switch|p1b: Sneasler|Sneasler, L50, F|100/100
|move|p1a: Grimmsnarl|Parting Shot|p2a: Vanilluxe
|-unboost|p2a: Vanilluxe|atk|1
|-unboost|p2a: Vanilluxe|spa|1
|
|t:|1785348852
|switch|p1a: Pelipper|Pelipper, L50, M|100/100|[from] Parting Shot
|-weather|RainDance|[from] ability: Drizzle|[of] p1a: Pelipper
|move|p2a: Vanilluxe|Freeze-Dry|p1b: Sneasler
|-damage|p1b: Sneasler|80/100
|move|p2b: Chandelure|Shadow Ball|p1a: Pelipper
|-damage|p1a: Pelipper|18/100
|-enditem|p1a: Pelipper|Sitrus Berry|[eat]
|-heal|p1a: Pelipper|43/100|[from] item: Sitrus Berry
|
|-weather|RainDance|[upkeep]
|upkeep
|turn|4
|
|t:|1785348883
|switch|p2a: Grimmsnarl|Grimmsnarl, L50, M|100/100
|switch|p1a: Grimmsnarl|Grimmsnarl, L50, M|100/100
|move|p1b: Sneasler|Poison Jab|p2b: Chandelure
|-resisted|p2b: Chandelure|1
|-damage|p2b: Chandelure|44/100
|-status|p2b: Chandelure|psn
|move|p2b: Chandelure|Shadow Ball|p1a: Grimmsnarl
|-resisted|p1a: Grimmsnarl|1
|-damage|p1a: Grimmsnarl|70/100
|
|-weather|RainDance|[upkeep]
|-damage|p2b: Chandelure|32/100 psn|[from] psn
|upkeep
|turn|5
|
|t:|1785348914
|move|p1a: Grimmsnarl|Reflect|p1a: Grimmsnarl
|-sidestart|p1: LunarMageMystia|Reflect
|move|p2a: Grimmsnarl|Reflect|p2a: Grimmsnarl
|-sidestart|p2: TemporalDonut|Reflect
|move|p1b: Sneasler|Poison Jab|p2a: Grimmsnarl
|-supereffective|p2a: Grimmsnarl|1
|-damage|p2a: Grimmsnarl|48/100
|-status|p2a: Grimmsnarl|psn|[from] ability: Poison Touch|[of] p1b: Sneasler
|move|p2b: Chandelure|Shadow Ball|p1b: Sneasler
|-damage|p1b: Sneasler|0 fnt
|faint|p1b: Sneasler
|
|-weather|RainDance|[upkeep]
|-damage|p2b: Chandelure|20/100y psn|[from] psn
|-damage|p2a: Grimmsnarl|35/100 psn|[from] psn
|upkeep
|
|t:|1785348927
|switch|p1b: Venusaur|Venusaur-Mega, L50, F|100/100
|turn|6
|
|t:|1785348944
|move|p2b: Chandelure|Protect|p2b: Chandelure
|-singleturn|p2b: Chandelure|Protect
|move|p2a: Grimmsnarl|Parting Shot|p1b: Venusaur
|-unboost|p1b: Venusaur|atk|1
|-unboost|p1b: Venusaur|spa|1
|
|t:|1785348955
|switch|p2a: Hydrapple|Hydrapple, L50, F|100/100|[from] Parting Shot
|-ability|p2a: Hydrapple|Supersweet Syrup
|-unboost|p1a: Grimmsnarl|evasion|1
|-unboost|p1b: Venusaur|evasion|1
|move|p1b: Venusaur|Sludge Bomb|p2a: Hydrapple
|-supereffective|p2a: Hydrapple|1
|-damage|p2a: Hydrapple|69/100
|move|p1a: Grimmsnarl|Foul Play|p2b: Chandelure
|-activate|p2b: Chandelure|move: Protect
|
|-weather|RainDance|[upkeep]
|-heal|p2a: Hydrapple|75/100|[from] item: Leftovers
|-damage|p2b: Chandelure|8/100 psn|[from] psn
|upkeep
|turn|7
|
|t:|1785349020
|move|p1b: Venusaur|Protect|p1b: Venusaur
|-singleturn|p1b: Venusaur|Protect
|move|p1a: Grimmsnarl|Parting Shot|p2a: Hydrapple
|-unboost|p2a: Hydrapple|atk|1
|-unboost|p2a: Hydrapple|spa|1
|
|t:|1785349025
|switch|p1a: Pelipper|Pelipper, L50, M|43/100|[from] Parting Shot
|move|p2b: Chandelure|Shadow Ball|p1b: Venusaur
|-activate|p1b: Venusaur|move: Protect
|move|p2a: Hydrapple|Pollen Puff|p2b: Chandelure
|-heal|p2b: Chandelure|58/100 psn
|
|-weather|none
|-heal|p2a: Hydrapple|81/100|[from] item: Leftovers
|-damage|p2b: Chandelure|46/100 psn|[from] psn
|upkeep
|turn|8
|
|t:|1785349055
|move|p1b: Venusaur|Earth Power|p2b: Chandelure
|-supereffective|p2b: Chandelure|1
|-damage|p2b: Chandelure|29/100 psn
|-unboost|p2b: Chandelure|spd|1
|move|p2b: Chandelure|Heat Wave|p1a: Pelipper|[spread] p1a,p1b
|-resisted|p1a: Pelipper|1
|-supereffective|p1b: Venusaur|1
|-damage|p1a: Pelipper|2/100
|-damage|p1b: Venusaur|47/100
|move|p1a: Pelipper|Hurricane|p2a: Hydrapple
|-supereffective|p2a: Hydrapple|1
|-damage|p2a: Hydrapple|40/100
|-start|p2a: Hydrapple|confusion
|-activate|p2a: Hydrapple|confusion
|-damage|p2a: Hydrapple|37/100|[from] confusion
|
|-heal|p2a: Hydrapple|43/100|[from] item: Leftovers
|-damage|p2b: Chandelure|17/100 psn|[from] psn
|-sideend|p1: LunarMageMystia|move: Light Screen
|-sideend|p2: TemporalDonut|move: Light Screen
|upkeep
|turn|9
|
|t:|1785349106
|switch|p2b: Grimmsnarl|Grimmsnarl, L50, M|35/100 psn
|switch|p1a: Grimmsnarl|Grimmsnarl, L50, M|70/100
|switch|p2a: Vanilluxe|Vanilluxe, L50, M|100/100
|-weather|Snowscape|[from] ability: Snow Warning|[of] p2a: Vanilluxe
|move|p1b: Venusaur|Sludge Bomb|p2a: Vanilluxe
|-damage|p2a: Vanilluxe|59/100
|
|-weather|Snowscape|[upkeep]
|-damage|p2b: Grimmsnarl|23/100 psn|[from] psn
|upkeep
|turn|10
|
|t:|1785349142
|switch|p1b: Pelipper|Pelipper, L50, M|2/100
|-weather|RainDance|[from] ability: Drizzle|[of] p1b: Pelipper
|move|p1a: Grimmsnarl|Light Screen|p1a: Grimmsnarl
|-sidestart|p1: LunarMageMystia|move: Light Screen
|move|p2b: Grimmsnarl|Light Screen|p2b: Grimmsnarl
|-sidestart|p2: TemporalDonut|move: Light Screen
|move|p2a: Vanilluxe|Icy Wind|p1a: Grimmsnarl|[spread] p1a,p1b
|-damage|p1a: Grimmsnarl|58/100
|-damage|p1b: Pelipper|0 fnt
|-unboost|p1a: Grimmsnarl|spe|1
|faint|p1b: Pelipper
|
|-weather|RainDance|[upkeep]
|-damage|p2b: Grimmsnarl|10/100 psn|[from] psn
|upkeep
|j| tung cubed
|
|t:|1785349154
|switch|p1b: Venusaur|Venusaur-Mega, L50, F|47/100
|turn|11
|l| tung cubed
|
|t:|1785349175
|move|p1b: Venusaur|Protect|p1b: Venusaur
|-singleturn|p1b: Venusaur|Protect
|move|p2a: Vanilluxe|Icy Wind|p1a: Grimmsnarl|[spread] p1a
|-activate|p1b: Venusaur|move: Protect
|-damage|p1a: Grimmsnarl|47/100
|-unboost|p1a: Grimmsnarl|spe|1
|move|p2b: Grimmsnarl|Spirit Break|p1b: Venusaur
|-activate|p1b: Venusaur|move: Protect
|move|p1a: Grimmsnarl|Foul Play|p2a: Vanilluxe
|-damage|p2a: Vanilluxe|31/100
|
|-weather|RainDance|[upkeep]
|-damage|p2b: Grimmsnarl|0 fnt|[from] psn
|faint|p2b: Grimmsnarl
|upkeep
|
|t:|1785349191
|switch|p2b: Hydrapple|Hydrapple, L50, F|43/100
|turn|12
|j| YamperIsTheBest
|
|t:|1785349240
|move|p2a: Vanilluxe|Icy Wind|p1b: Venusaur|[spread] p1a,p1b
|-supereffective|p1b: Venusaur|1
|-damage|p1a: Grimmsnarl|35/100
|-damage|p1b: Venusaur|36/100
|-unboost|p1a: Grimmsnarl|spe|1
|-unboost|p1b: Venusaur|spe|1
|move|p1b: Venusaur|Sludge Bomb|p2b: Hydrapple
|-supereffective|p2b: Hydrapple|1
|-damage|p2b: Hydrapple|2/100
|move|p2b: Hydrapple|Fickle Beam|p1b: Venusaur
|-damage|p1b: Venusaur|18/100
|move|p1a: Grimmsnarl|Foul Play|p2b: Hydrapple
|-crit|p2b: Hydrapple
|-damage|p2b: Hydrapple|0 fnt
|faint|p2b: Hydrapple
|
|-weather|RainDance|[upkeep]
|-sideend|p2: TemporalDonut|Reflect
|-sideend|p1: LunarMageMystia|Reflect
|upkeep
|
|t:|1785349255
|switch|p2b: Chandelure|Chandelure-Mega, L50, M|17/100 psn
|turn|13
|
|t:|1785349282
|move|p1b: Venusaur|Protect|p1b: Venusaur
|-singleturn|p1b: Venusaur|Protect
|move|p1a: Grimmsnarl|Parting Shot|p2b: Chandelure
|-unboost|p2b: Chandelure|atk|1
|-unboost|p2b: Chandelure|spa|1
|move|p2a: Vanilluxe|Icy Wind|p1b: Venusaur|[spread] p1a
|-activate|p1b: Venusaur|move: Protect
|-damage|p1a: Grimmsnarl|23/100
|-unboost|p1a: Grimmsnarl|spe|1
|move|p2b: Chandelure|Shadow Ball|p1b: Venusaur
|-activate|p1b: Venusaur|move: Protect
|
|-weather|RainDance|[upkeep]
|-damage|p2b: Chandelure|5/100 psn|[from] psn
|upkeep
|turn|14
|
|t:|1785349308
|move|p2a: Vanilluxe|Icy Wind|p1a: Grimmsnarl|[spread] p1b
|-miss|p2a: Vanilluxe|p1a: Grimmsnarl
|-supereffective|p1b: Venusaur|1
|-damage|p1b: Venusaur|7/100
|-unboost|p1b: Venusaur|spe|1
|move|p2b: Chandelure|Shadow Ball|p1b: Venusaur
|-damage|p1b: Venusaur|0 fnt
|faint|p1b: Venusaur
|move|p1a: Grimmsnarl|Foul Play|p2a: Vanilluxe
|-damage|p2a: Vanilluxe|0 fnt
|faint|p2a: Vanilluxe
|
|-weather|none
|-damage|p2b: Chandelure|0 fnt|[from] psn
|faint|p2b: Chandelure
|
|win|LunarMageMystia
|c|☆TemporalDonut|gg
|l| tedidn
|l| Autin Mago
|c|☆LunarMageMystia|gg!
|l| Hello_I'm_a_Shade
|l| thebigmacky
