|j|☆John Groudon
|j|☆Jasondddd
|html|John GroudonJasondddd    
|uhtml|bestof|Game 3 of a best-of-3
|t:|1754630072
|gametype|doubles
|player|p1|John Groudon|acerola-masters2|1296
|player|p2|Jasondddd|265|1260
|gen|9
|tier|[Gen 9] VGC 2025 Reg H (Bo3)
|rated|
|rule|Species Clause: Limit one of each Pokémon
|rule|Item Clause: Limit 1 of each item
|clearpoke
|poke|p1|Tyranitar, L50, M|
|poke|p1|Excadrill, L50, M|
|poke|p1|Gastrodon-East, L50, M|
|poke|p1|Delphox, L50, F|
|poke|p1|Indeedee-F, L50, F|
|poke|p1|Corviknight, L50, M|
|poke|p2|Volcarona, L50, M|
|poke|p2|Electabuzz, L50, F|
|poke|p2|Kingambit, L50, M|
|poke|p2|Sneasler, L50, M|
|poke|p2|Rillaboom, L50, F|
|poke|p2|Basculegion, L50, M|
|teampreview|4
|showteam|p1|Tyranitar||AssaultVest|SandStream|RockSlide,KnockOff,TeraBlast,LowKick|||M|||50|,,,,,Flying]Excadrill||FocusSash|SandRush|Earthquake,HighHorsepower,IronHead,Protect|||M|||50|,,,,,Ground]Gastrodon-East||Leftovers|StormDrain|EarthPower,IcyWind,ClearSmog,Protect|||M|||50|,,,,,Poison]Delphox||LifeOrb|Blaze|ExpandingForce,HeatWave,TeraBlast,Protect|||F|||50|,,,,,Fighting]Indeedee-F||SafetyGoggles|PsychicSurge|Psychic,FollowMe,HelpingHand,TrickRoom|||F|||50|,,,,,Fairy]Corviknight||PsychicSeed|MirrorArmor|BraveBird,PowerTrip,BulkUp,Roost|||M|||50|,,,,,Dragon
|showteam|p2|Volcarona||CovertCloak|FlameBody|Protect,QuiverDance,HeatWave,TeraBlast|||M|||50|,,,,,Fairy]Electabuzz||Eviolite|VitalSpirit|Protect,Thunderbolt,Taunt,FollowMe|||F|||50|,,,,,Dragon]Kingambit||SafetyGoggles|Defiant|Protect,SwordsDance,SuckerPunch,KowtowCleave|||M|||50|,,,,,Dark]Sneasler||FocusSash|Unburden|FakeOut,DireClaw,Protect,CloseCombat|||M|||50|,,,,,Ghost]Rillaboom||AssaultVest|GrassySurge|FakeOut,GrassyGlide,WoodHammer,Uturn|||F|||50|,,,,,Fire]Basculegion||ChoiceScarf|Adaptability|FlipTurn,AquaJet,LastRespects,WaveCrash|||M|||50|,,,,,Fairy
|inactive|Battle timer is ON: inactive players will automatically lose when time's up. (requested by John Groudon)
|inactive|Jasondddd has 60 seconds left.
|inactive|Jasondddd has 30 seconds left.
|inactive|Jasondddd has 20 seconds left.
|inactive|Jasondddd has 15 seconds left.
|inactive|Jasondddd has 10 seconds left.
|
|t:|1754630156
|teamsize|p1|4
|teamsize|p2|4
|start
|switch|p1a: Delphox|Delphox, L50, F|100/100
|switch|p1b: Indeedee|Indeedee-F, L50, F|100/100
|switch|p2a: Volcarona|Volcarona, L50, M|100/100
|switch|p2b: Kingambit|Kingambit, L50, M|100/100
|-fieldstart|move: Psychic Terrain|[from] ability: Psychic Surge|[of] p1b: Indeedee
|turn|1
|inactive|Jasondddd has 30 seconds left.
|
|t:|1754630184
|-terastallize|p2b: Kingambit|Dark
|move|p1b: Indeedee|Helping Hand|p1a: Delphox
|-singleturn|p1a: Delphox|Helping Hand|[of] p1b: Indeedee
|move|p1a: Delphox|Heat Wave|p2a: Volcarona|[spread] p2a,p2b
|-damage|p2a: Volcarona|40/100
|-damage|p2b: Kingambit|38/100
|-status|p2b: Kingambit|brn
|-damage|p1a: Delphox|90/100|[from] item: Life Orb
|move|p2a: Volcarona|Quiver Dance|p2a: Volcarona
|-boost|p2a: Volcarona|spa|1
|-boost|p2a: Volcarona|spd|1
|-boost|p2a: Volcarona|spe|1
|move|p2b: Kingambit|Kowtow Cleave|p1b: Indeedee
|-supereffective|p1b: Indeedee
|-damage|p1b: Indeedee|32/100
|
|-damage|p2b: Kingambit|32/100 brn|[from] brn
|upkeep
|turn|2
|inactive|Jasondddd has 30 seconds left.
|
|t:|1754630210
|switch|p2b: Sneasler|Sneasler, L50, M|100/100
|move|p1b: Indeedee|Helping Hand|p1a: Delphox
|-singleturn|p1a: Delphox|Helping Hand|[of] p1b: Indeedee
|move|p2a: Volcarona|Heat Wave|p1b: Indeedee|[spread] p1a
|-miss|p2a: Volcarona|p1b: Indeedee
|-resisted|p1a: Delphox
|-damage|p1a: Delphox|56/100
|move|p1a: Delphox|Heat Wave|p2a: Volcarona|[spread] p2a,p2b
|-damage|p2a: Volcarona|0 fnt
|-damage|p2b: Sneasler|10/100
|faint|p2a: Volcarona
|-damage|p1a: Delphox|46/100|[from] item: Life Orb
|
|upkeep
|
|t:|1754630229
|switch|p2a: Rillaboom|Rillaboom, L50, F|100/100
|-fieldstart|move: Grassy Terrain|[from] ability: Grassy Surge|[of] p2a: Rillaboom
|turn|3
|
|t:|1754630248
|move|p1a: Delphox|Protect|p1a: Delphox
|-singleturn|p1a: Delphox|Protect
|move|p2b: Sneasler|Dire Claw|p1a: Delphox
|-activate|p1a: Delphox|move: Protect
|move|p2a: Rillaboom|Wood Hammer|p1b: Indeedee
|-damage|p1b: Indeedee|0 fnt
|faint|p1b: Indeedee
|-damage|p2a: Rillaboom|92/100|[from] Recoil
|
|-heal|p2b: Sneasler|16/100|[from] Grassy Terrain
|-heal|p1a: Delphox|52/100|[from] Grassy Terrain
|-heal|p2a: Rillaboom|98/100|[from] Grassy Terrain
|upkeep
|
|t:|1754630260
|switch|p1b: Groudon !|Tyranitar, L50, M|100/100
|-weather|Sandstorm|[from] ability: Sand Stream|[of] p1b: Groudon !
|turn|4
|
|t:|1754630282
|-terastallize|p1b: Groudon !|Flying
|move|p2b: Sneasler|Dire Claw|p1a: Delphox
|-damage|p1a: Delphox|0 fnt
|faint|p1a: Delphox
|move|p2a: Rillaboom|U-turn|p1b: Groudon !
|-resisted|p1b: Groudon !
|-damage|p1b: Groudon !|89/100
|
|t:|1754630290
|switch|p2a: Kingambit|Kingambit, L50, M, tera:Dark|32/100 brn|[from] U-turn
|move|p1b: Groudon !|Tera Blast|p2a: Kingambit|[anim] Tera Blast Flying
|-damage|p2a: Kingambit|0 fnt
|faint|p2a: Kingambit
|
|-weather|Sandstorm|[upkeep]
|-damage|p2b: Sneasler|10/100|[from] Sandstorm
|-damage|p1b: Groudon !|83/100|[from] Sandstorm
|-heal|p2b: Sneasler|16/100|[from] Grassy Terrain
|upkeep
|
|t:|1754630302
|switch|p1a: Gastrodon|Gastrodon-East, L50, M|100/100
|switch|p2a: Rillaboom|Rillaboom, L50, F|98/100
|turn|5
|
|t:|1754630311
|move|p2a: Rillaboom|Fake Out|p1b: Groudon !
|-damage|p1b: Groudon !|71/100
|move|p2b: Sneasler|Dire Claw|p1b: Groudon !
|-damage|p1b: Groudon !|34/100
|cant|p1b: Groudon !|flinch
|move|p1a: Gastrodon|Earth Power|p2b: Sneasler
|-supereffective|p2b: Sneasler
|-damage|p2b: Sneasler|0 fnt
|faint|p2b: Sneasler
|
|-weather|Sandstorm|[upkeep]
|-damage|p2a: Rillaboom|92/100|[from] Sandstorm
|-damage|p1b: Groudon !|28/100|[from] Sandstorm
|-heal|p2a: Rillaboom|98/100|[from] Grassy Terrain
|upkeep
|turn|6
|
|t:|1754630331
|move|p2a: Rillaboom|Wood Hammer|p1b: Groudon !
|-resisted|p1b: Groudon !
|-damage|p1b: Groudon !|0 fnt
|faint|p1b: Groudon !
|-damage|p2a: Rillaboom|89/100|[from] Recoil
|move|p1a: Gastrodon|Icy Wind|p2a: Rillaboom
|-supereffective|p2a: Rillaboom
|-damage|p2a: Rillaboom|67/100
|-unboost|p2a: Rillaboom|spe|1
|
|-weather|Sandstorm|[upkeep]
|-damage|p2a: Rillaboom|61/100|[from] Sandstorm
|-heal|p2a: Rillaboom|67/100|[from] Grassy Terrain
|upkeep
|turn|7
|
|t:|1754630350
|move|p1a: Gastrodon|Protect|p1a: Gastrodon
|-singleturn|p1a: Gastrodon|Protect
|move|p2a: Rillaboom|Grassy Glide|p1a: Gastrodon
|-activate|p1a: Gastrodon|move: Protect
|
|-weather|Sandstorm|[upkeep]
|-damage|p2a: Rillaboom|61/100|[from] Sandstorm
|-heal|p2a: Rillaboom|67/100|[from] Grassy Terrain
|-fieldend|move: Grassy Terrain
|upkeep
|turn|8
|-message|John Groudon forfeited.
|
|win|Jasondddd
|raw|John Groudon's rating: 1311 → 1288(-23 for losing)
|raw|Jasondddd's rating: 1260 → 1289(+29 for winning)
|l|☆John Groudon
|player|p1|
|c|☆Jasondddd|Gg
