|j|☆priyalmmmz
|j|☆hitel
|html|priyalmmmzhitel    
|uhtml|bestof|Game 1 of a best-of-3
|t:|1784690574
|gametype|doubles
|player|p1|priyalmmmz|170|1048
|player|p2|hitel|lebanne|1000
|gen|9
|tier|[Gen 9 Champions] VGC 2026 Reg M-B (Bo3)
|rated|
|rule|Species Clause: Limit one of each Pokémon
|rule|Item Clause: Limit 1 of each item
|clearpoke
|poke|p1|Blaziken, L50, F|
|poke|p1|Aerodactyl, L50, M|
|poke|p1|Kingambit, L50, M|
|poke|p1|Basculegion, L50, M|
|poke|p1|Sylveon, L50, M|
|poke|p1|Jolteon, L50, M|
|poke|p2|Excadrill, L50, M|
|poke|p2|Tyranitar, L50, M|
|poke|p2|Tsareena, L50, F|
|poke|p2|Milotic, L50, M|
|poke|p2|Gengar, L50, F|
|poke|p2|Rotom-Heat, L50|
|teampreview|4
|showteam|p1|Blaziken||Blazikenite|SpeedBoost|FlareBlitz,CloseCombat,Protect,RockSlide|Adamant||F|||50|]Aerodactyl||Aerodactylite|Unnerve|RockSlide,DualWingbeat,Protect,Tailwind|Jolly||M|||50|]Kingambit||LifeOrb|Defiant|KowtowCleave,Protect,IronHead,SuckerPunch|Adamant||M|||50|]Basculegion||FocusSash|Adaptability|Liquidation,Protect,LastRespects,AquaJet|Adamant||M|||50|]Sylveon||FairyFeather|Pixilate|HyperVoice,Moonblast,QuickAttack,Protect|Modest||M|||50|]Jolteon||SitrusBerry|VoltAbsorb|Discharge,Thunderbolt,Trailblaze,Protect|Hasty||M|||50|
|showteam|p2|Excadrill||LifeOrb|SandRush|HighHorsepower,IronHead,RockSlide,Protect|Adamant||M|||50|]Tyranitar||Tyranitarite|SandStream|Crunch,FirePunch,RockSlide,Protect|Adamant||M|||50|]Tsareena||SitrusBerry|QueenlyMajesty|TropKick,TripleAxel,Protect,Uturn|Careful||F|||50|]Milotic||Leftovers|MarvelScale|MuddyWater,IcyWind,LifeDew,Protect|Modest||M|||50|]Gengar||Gengarite|CursedBody|ShadowBall,SludgeBomb,DazzlingGleam,Protect|Timid||F|||50|]Rotom-Heat||ChoiceScarf|Levitate|VoltSwitch,Thunderbolt,Overheat,Trick|Timid|||||50|
|inactive|Battle timer is ON: inactive players will automatically lose when time's up. (requested by priyalmmmz)
|
|t:|1784690614
|teamsize|p1|4
|teamsize|p2|4
|start
|switch|p1a: Basculegion|Basculegion, L50, M|100/100
|switch|p1b: Aerodactyl|Aerodactyl, L50, M|100/100
|switch|p2a: Rotom|Rotom-Heat, L50|100/100
|switch|p2b: Tyranitar|Tyranitar, L50, M|100/100
|-ability|p1b: Aerodactyl|Unnerve
|-weather|Sandstorm|[from] ability: Sand Stream|[of] p2b: Tyranitar
|turn|1
|
|t:|1784690631
|move|p1b: Aerodactyl|Protect|p1b: Aerodactyl
|-singleturn|p1b: Aerodactyl|Protect
|move|p1a: Basculegion|Protect|p1a: Basculegion
|-singleturn|p1a: Basculegion|Protect
|move|p2b: Tyranitar|Protect|p2b: Tyranitar
|-singleturn|p2b: Tyranitar|Protect
|move|p2a: Rotom|Volt Switch|p1b: Aerodactyl
|-activate|p1b: Aerodactyl|move: Protect
|
|-weather|Sandstorm|[upkeep]
|-damage|p2a: Rotom|94/100|[from] Sandstorm
|-damage|p1a: Basculegion|93/100|[from] Sandstorm
|upkeep
|turn|2
|
|t:|1784690645
|switch|p1b: Jolteon|Jolteon, L50, M|100/100
|switch|p2b: Tsareena|Tsareena, L50, F|100/100
|move|p2a: Rotom|Volt Switch|p1b: Jolteon
|-immune|p1b: Jolteon|[from] ability: Volt Absorb
|move|p1a: Basculegion|Liquidation|p2b: Tsareena
|-resisted|p2b: Tsareena|1
|-damage|p2b: Tsareena|69/100
|
|-weather|Sandstorm|[upkeep]
|-damage|p2a: Rotom|88/100|[from] Sandstorm
|-damage|p1b: Jolteon|94/100|[from] Sandstorm
|-damage|p1a: Basculegion|87/100|[from] Sandstorm
|-damage|p2b: Tsareena|63/100|[from] Sandstorm
|upkeep
|turn|3
|
|t:|1784690667
|move|p1a: Basculegion|Protect|p1a: Basculegion
|-singleturn|p1a: Basculegion|Protect
|move|p2a: Rotom|Volt Switch|p1a: Basculegion
|-activate|p1a: Basculegion|move: Protect
|move|p1b: Jolteon|Thunderbolt|p2a: Rotom
|-resisted|p2a: Rotom|1
|-damage|p2a: Rotom|61/100
|move|p2b: Tsareena|Trop Kick|p1b: Jolteon
|-damage|p1b: Jolteon|17/100
|-unboost|p1b: Jolteon|atk|1
|-enditem|p1b: Jolteon|Sitrus Berry|[eat]
|-heal|p1b: Jolteon|42/100|[from] item: Sitrus Berry
|
|-weather|Sandstorm|[upkeep]
|-damage|p2a: Rotom|55/100|[from] Sandstorm
|-damage|p1b: Jolteon|36/100|[from] Sandstorm
|-damage|p1a: Basculegion|81/100|[from] Sandstorm
|-damage|p2b: Tsareena|57/100|[from] Sandstorm
|upkeep
|turn|4
|
|t:|1784690691
|switch|p1a: Kingambit|Kingambit, L50, M|100/100
|move|p2a: Rotom|Volt Switch|p1a: Kingambit
|-damage|p1a: Kingambit|69/100
|
|t:|1784690695
|switch|p2a: Excadrill|Excadrill, L50, M|100/100|[from] Volt Switch
|move|p1b: Jolteon|Thunderbolt|p2a: Excadrill
|-immune|p2a: Excadrill
|move|p2b: Tsareena|Trop Kick|p1a: Kingambit
|-resisted|p1a: Kingambit|1
|-damage|p1a: Kingambit|57/100
|-unboost|p1a: Kingambit|atk|1
|-ability|p1a: Kingambit|Defiant|boost
|-boost|p1a: Kingambit|atk|2
|
|-weather|Sandstorm|[upkeep]
|-damage|p1b: Jolteon|30/100|[from] Sandstorm
|-damage|p2b: Tsareena|51/100|[from] Sandstorm
|upkeep
|turn|5
|
|t:|1784690713
|move|p1a: Kingambit|Protect|p1a: Kingambit
|-singleturn|p1a: Kingambit|Protect
|move|p2a: Excadrill|High Horsepower|p1a: Kingambit
|-activate|p1a: Kingambit|move: Protect
|move|p1b: Jolteon|Trailblaze|p2a: Excadrill
|-damage|p2a: Excadrill|91/100
|-boost|p1b: Jolteon|spe|1
|move|p2b: Tsareena|U-turn|p1b: Jolteon
|-damage|p1b: Jolteon|0 fnt
|faint|p1b: Jolteon
|
|t:|1784690718
|switch|p2b: Rotom|Rotom-Heat, L50|55/100|[from] U-turn
|
|-weather|none
|upkeep
|
|t:|1784690727
|switch|p1b: Basculegion|Basculegion, L50, M|81/100
|turn|6
|
|t:|1784690737
|switch|p2b: Tsareena|Tsareena, L50, F|51/100
|move|p2a: Excadrill|Protect|p2a: Excadrill
|-singleturn|p2a: Excadrill|Protect
|move|p1a: Kingambit|Sucker Punch||[still]
|cant|p2b: Tsareena|ability: Queenly Majesty|Sucker Punch|[of] p1a: Kingambit
|move|p1b: Basculegion|Liquidation|p2b: Tsareena
|-resisted|p2b: Tsareena|1
|-crit|p2b: Tsareena
|-damage|p2b: Tsareena|7/100
|-enditem|p2b: Tsareena|Sitrus Berry|[eat]
|-heal|p2b: Tsareena|31/100|[from] item: Sitrus Berry
|
|upkeep
|turn|7
|
|t:|1784690755
|switch|p2a: Tyranitar|Tyranitar, L50, M|100/100
|-weather|Sandstorm|[from] ability: Sand Stream|[of] p2a: Tyranitar
|move|p1a: Kingambit|Protect|p1a: Kingambit
|-singleturn|p1a: Kingambit|Protect
|move|p1b: Basculegion|Last Respects|p2b: Tsareena
|-damage|p2b: Tsareena|0 fnt
|faint|p2b: Tsareena
|
|-weather|Sandstorm|[upkeep]
|-damage|p1b: Basculegion|75/100|[from] Sandstorm
|upkeep
|
|t:|1784690763
|switch|p2b: Rotom|Rotom-Heat, L50|55/100
|turn|8
|
|t:|1784690778
|detailschange|p2a: Tyranitar|Tyranitar-Mega, L50, M
|-mega|p2a: Tyranitar|Tyranitar|Tyranitarite
|move|p1b: Basculegion|Protect|p1b: Basculegion
|-singleturn|p1b: Basculegion|Protect
|move|p1a: Kingambit|Sucker Punch|p2b: Rotom
|-damage|p2b: Rotom|0 fnt
|faint|p2b: Rotom
|-damage|p1a: Kingambit|47/100|[from] item: Life Orb
|move|p2a: Tyranitar|Fire Punch|p1a: Kingambit
|-supereffective|p1a: Kingambit|1
|-damage|p1a: Kingambit|0 fnt
|faint|p1a: Kingambit
|
|-weather|Sandstorm|[upkeep]
|-damage|p1b: Basculegion|69/100|[from] Sandstorm
|upkeep
|
|t:|1784690791
|switch|p2b: Excadrill|Excadrill, L50, M|91/100
|switch|p1a: Aerodactyl|Aerodactyl, L50, M|100/100
|-ability|p1a: Aerodactyl|Unnerve
|turn|9
|
|t:|1784690802
|detailschange|p1a: Aerodactyl|Aerodactyl-Mega, L50, M
|-mega|p1a: Aerodactyl|Aerodactyl|Aerodactylite
|move|p2b: Excadrill|High Horsepower|p1b: Basculegion
|-damage|p1b: Basculegion|0 fnt
|faint|p1b: Basculegion
|-damage|p2b: Excadrill|82/100|[from] item: Life Orb
|move|p1a: Aerodactyl|Tailwind|p1a: Aerodactyl
|-sidestart|p1: priyalmmmz|move: Tailwind
|move|p2a: Tyranitar|Crunch|p1a: Aerodactyl
|-damage|p1a: Aerodactyl|32/100
|
|-weather|Sandstorm|[upkeep]
|upkeep
|turn|10
|
|t:|1784690816
|move|p1a: Aerodactyl|Rock Slide|p2a: Tyranitar|[spread] p2a,p2b
|-resisted|p2b: Excadrill|2
|-damage|p2a: Tyranitar|82/100
|-damage|p2b: Excadrill|73/100
|cant|p2b: Excadrill|flinch
|move|p2a: Tyranitar|Crunch|p1a: Aerodactyl
|-damage|p1a: Aerodactyl|0 fnt
|faint|p1a: Aerodactyl
|
|win|hitel
|l|☆priyalmmmz
|player|p1|
|raw|priyalmmmz's rating: 1048 → 1028(-20 for losing)
|raw|hitel's rating: 1000 → 1045(+45 for winning)
