|j|☆BatteriesAlex
|j|☆extraspider
|html|BatteriesAlexextraspider    
|uhtml|bestof|Game 2 of a best-of-3
|t:|1782643853
|gametype|doubles
|player|p1|BatteriesAlex|266|1024
|player|p2|extraspider|caitlin|1074
|gen|9
|tier|[Gen 9 Champions] VGC 2026 Reg M-B (Bo3)
|rated|
|rule|Species Clause: Limit one of each Pokémon
|rule|Item Clause: Limit 1 of each item
|clearpoke
|poke|p1|Raichu, L50, F|
|poke|p1|Ninetales-Alola, L50, F|
|poke|p1|Gengar, L50, F|
|poke|p1|Incineroar, L50, M|
|poke|p1|Aerodactyl, L50, F|
|poke|p1|Gallade, L50, M|
|poke|p2|Maushold-Four, L50|
|poke|p2|Cofagrigus, L50, M|
|poke|p2|Farigiraf, L50, M|
|poke|p2|Camerupt, L50, M|
|poke|p2|Decidueye-Hisui, L50, F|
|poke|p2|Azumarill, L50, M|
|teampreview|4
|showteam|p1|Raichu||Magnet|LightningRod|VoltSwitch,FakeOut,Electroweb,Nuzzle|Timid||F|||50|]Ninetales-Alola||LightClay|SnowWarning|Blizzard,Protect,Encore,AuroraVeil|Timid||F|||50|]Gengar||Gengarite|CursedBody|ShadowBall,Protect,SludgeBomb,Taunt|Timid||F|||50|]Incineroar||SitrusBerry|Intimidate|FakeOut,PartingShot,FlareBlitz,DarkestLariat|Adamant||M|||50|]Aerodactyl||FocusSash|Unnerve|RockSlide,Tailwind,Protect,DualWingbeat|Adamant||F|||50|]Gallade||LifeOrb|Sharpness|IcePunch,PsychoCut,SacredSword,Protect|Jolly||M|||50|
|showteam|p2|Maushold-Four||FocusSash|FriendGuard|AfterYou,HelpingHand,Encore,SuperFang|Serious|||||50|]Cofagrigus||MentalHerb|Mummy|Hex,WillOWisp,TrickRoom,Protect|Sassy||M|||50|]Farigiraf||SitrusBerry|ArmorTail|TwinBeam,HelpingHand,Protect,TrickRoom|Bold||M|||50|]Camerupt||Cameruptite|SolidRock|Eruption,EarthPower,Protect,AncientPower|Modest||M|||50|]Decidueye-Hisui||ScopeLens|Scrappy|TripleArrows,LeafBlade,ShadowClaw,Protect|Adamant||F|||50|]Azumarill||ExpertBelt|HugePower|Liquidation,AquaJet,Protect,PlayRough|Adamant||M|||50|
|inactive|Battle timer is ON: inactive players will automatically lose when time's up. (requested by extraspider)
|
|t:|1782643875
|teamsize|p1|4
|teamsize|p2|4
|start
|switch|p1a: Gengar|Gengar, L50, F|100/100
|switch|p1b: Incineroar|Incineroar, L50, M|100/100
|switch|p2a: Cofagrigus|Cofagrigus, L50, M|100/100
|switch|p2b: Camerupt|Camerupt, L50, M|100/100
|-ability|p1b: Incineroar|Intimidate|boost
|-unboost|p2a: Cofagrigus|atk|1
|-unboost|p2b: Camerupt|atk|1
|turn|1
|
|t:|1782643886
|switch|p1b: Aerodactyl|Aerodactyl, L50, F|100/100
|-ability|p1b: Aerodactyl|Unnerve
|detailschange|p1a: Gengar|Gengar-Mega, L50, F
|-mega|p1a: Gengar|Gengar|Gengarite
|detailschange|p2b: Camerupt|Camerupt-Mega, L50, M
|-mega|p2b: Camerupt|Camerupt|Cameruptite
|move|p1a: Gengar|Protect|p1a: Gengar
|-singleturn|p1a: Gengar|Protect
|move|p2b: Camerupt|Earth Power|p1b: Aerodactyl
|-immune|p1b: Aerodactyl
|move|p2a: Cofagrigus|Trick Room|p2a: Cofagrigus
|-fieldstart|move: Trick Room|[of] p2a: Cofagrigus
|
|upkeep
|turn|2
|
|t:|1782643909
|move|p2b: Camerupt|Earth Power|p1a: Gengar
|-supereffective|p1a: Gengar|1
|-damage|p1a: Gengar|0 fnt
|faint|p1a: Gengar
|move|p2a: Cofagrigus|Will-O-Wisp|p1b: Aerodactyl|[miss]
|-miss|p2a: Cofagrigus|p1b: Aerodactyl
|move|p1b: Aerodactyl|Rock Slide|p2b: Camerupt|[spread] p2a,p2b
|-damage|p2a: Cofagrigus|79/100
|-damage|p2b: Camerupt|72/100
|
|upkeep
|
|t:|1782643918
|switch|p1a: Incineroar|Incineroar, L50, M|100/100
|-ability|p1a: Incineroar|Intimidate|boost
|-unboost|p2a: Cofagrigus|atk|1
|-unboost|p2b: Camerupt|atk|1
|turn|3
|
|t:|1782643926
|move|p1a: Incineroar|Fake Out|p2b: Camerupt
|-damage|p2b: Camerupt|61/100
|cant|p2b: Camerupt|flinch
|move|p2a: Cofagrigus|Will-O-Wisp|p1b: Aerodactyl
|-status|p1b: Aerodactyl|brn
|move|p1b: Aerodactyl|Rock Slide|p2b: Camerupt|[spread] p2b
|-miss|p1b: Aerodactyl|p2a: Cofagrigus
|-damage|p2b: Camerupt|49/100
|
|-damage|p1b: Aerodactyl|94/100 brn|[from] brn
|upkeep
|turn|4
|
|t:|1782643944
|move|p1b: Aerodactyl|Protect|p1b: Aerodactyl
|-singleturn|p1b: Aerodactyl|Protect
|move|p2b: Camerupt|Earth Power|p1a: Incineroar
|-supereffective|p1a: Incineroar|1
|-damage|p1a: Incineroar|0 fnt
|faint|p1a: Incineroar
|move|p2a: Cofagrigus|Hex|p1b: Aerodactyl
|-activate|p1b: Aerodactyl|move: Protect
|
|-damage|p1b: Aerodactyl|88/100 brn|[from] brn
|upkeep
|
|t:|1782643950
|switch|p1a: Gallade|Gallade, L50, M|100/100
|turn|5
|
|t:|1782643975
|move|p1a: Gallade|Protect|p1a: Gallade
|-singleturn|p1a: Gallade|Protect
|move|p2b: Camerupt|Ancient Power|p1b: Aerodactyl
|-supereffective|p1b: Aerodactyl|1
|-damage|p1b: Aerodactyl|1/100 brn
|move|p2a: Cofagrigus|Will-O-Wisp|p1a: Gallade
|-activate|p1a: Gallade|move: Protect
|move|p1b: Aerodactyl|Rock Slide|p2a: Cofagrigus|[spread] p2a,p2b
|-damage|p2a: Cofagrigus|68/100
|-damage|p2b: Camerupt|36/100
|
|-damage|p1b: Aerodactyl|0 fnt|[from] brn
|faint|p1b: Aerodactyl
|-fieldend|move: Trick Room
|upkeep
|turn|6
|
|t:|1782643995
|move|p2b: Camerupt|Protect|p2b: Camerupt
|-singleturn|p2b: Camerupt|Protect
|move|p1a: Gallade|Sacred Sword|p2b: Camerupt
|-activate|p2b: Camerupt|move: Protect
|move|p2a: Cofagrigus|Will-O-Wisp|p1a: Gallade|[miss]
|-miss|p2a: Cofagrigus|p1a: Gallade
|
|upkeep
|turn|7
|
|t:|1782644008
|move|p1a: Gallade|Sacred Sword|p2b: Camerupt
|-damage|p2b: Camerupt|0 fnt
|faint|p2b: Camerupt
|-damage|p1a: Gallade|90/100|[from] item: Life Orb
|move|p2a: Cofagrigus|Trick Room|p2a: Cofagrigus
|-fieldstart|move: Trick Room|[of] p2a: Cofagrigus
|
|upkeep
|
|t:|1782644014
|switch|p2b: Azumarill|Azumarill, L50, M|100/100
|turn|8
|
|t:|1782644019
|move|p2a: Cofagrigus|Hex|p1a: Gallade
|-supereffective|p1a: Gallade|1
|-damage|p1a: Gallade|43/100
|move|p2b: Azumarill|Liquidation|p1a: Gallade
|-damage|p1a: Gallade|0 fnt
|faint|p1a: Gallade
|
|win|extraspider
|l|☆BatteriesAlex
|player|p1|
||extraspider is ready for game 3.
|j|☆BatteriesAlex
|player|p1|BatteriesAlex|266|
