|j|☆speedjam☆
|j|‽Glaxx
|html|speedjam☆Glaxx    
|uhtml|bestof|Game 2 of a best-of-3
|t:|1782530156
|gametype|doubles
|player|p1|speedjam☆|benga|1000
|player|p2|Glaxx|red|1083
|gen|9
|tier|[Gen 9 Champions] VGC 2026 Reg M-B (Bo3)
|rated|
|rule|Species Clause: Limit one of each Pokémon
|rule|Item Clause: Limit 1 of each item
|clearpoke
|poke|p1|Lucario, L50, F|
|poke|p1|Basculegion, L50, M|
|poke|p1|Mr. Rime, L50, M|
|poke|p1|Sylveon, L50, F|
|poke|p1|Incineroar, L50, F|
|poke|p1|Aerodactyl, L50, F|
|poke|p2|Raichu, L50, M, shiny|
|poke|p2|Feraligatr, L50, M, shiny|
|poke|p2|Ceruledge, L50, M, shiny|
|poke|p2|Eelektross, L50, M, shiny|
|poke|p2|Scizor, L50, M, shiny|
|poke|p2|Espathra, L50, F, shiny|
|teampreview|4
|showteam|p1|Lucario||Lucarionite|InnerFocus|CloseCombat,IcePunch,BulletPunch,Detect|Jolly||F|||50|]Basculegion||ChoiceScarf|Adaptability|LastRespects,WaveCrash,FlipTurn,AquaJet|Adamant||M|||50|]Mr. Rime||NeverMeltIce|ScreenCleaner|FreezeDry,Psychic,NastyPlot,Protect|Modest||M|||50|]Sylveon||FairyFeather|Pixilate|HyperBeam,HyperVoice,QuickAttack,Protect|Quiet||F|||50|]Incineroar||SitrusBerry|Intimidate|FlareBlitz,ThroatChop,PartingShot,FakeOut|Sassy||F|||50|]Aerodactyl||Aerodactylite|Unnerve|RockSlide,DualWingbeat,Tailwind,Protect|Jolly||F|||50|
|showteam|p2|Raichu||RaichuniteX|Static|Agility,RisingVoltage,NastyPlot,GrassKnot|Timid||M|||50|]Feraligatr||LifeOrb|SheerForce|DragonDance,IcePunch,Liquidation,PsychicFangs|Serious||M|||50|]Ceruledge||WhiteHerb|WeakArmor|BitterBlade,BulkUp,CloseCombat,Poltergeist|Adamant||M|||50|]Eelektross||Eelektrossite|Levitate|Coil,DragonClaw,DrainPunch,SupercellSlam|Adamant||M|||50|]Scizor||ExpertBelt|Technician|Defog,KnockOff,BulletPunch,SwordsDance|Adamant||M|||50|]Espathra||TwistedSpoon|SpeedBoost|CalmMind,LuminaCrash,DazzlingGleam,HyperVoice|Timid||F|||50|
|inactive|Battle timer is ON: inactive players will automatically lose when time's up. (requested by speedjam☆)
|inactive|speedjam☆ has 60 seconds left.
|
|t:|1782530208
|teamsize|p1|4
|teamsize|p2|4
|start
|switch|p1a: Incineroar|Incineroar, L50, F|100/100
|switch|p1b: Aerodactyl|Aerodactyl, L50, F|100/100
|switch|p2a: Espathra|Espathra, L50, F, shiny|100/100
|switch|p2b: Raichu|Raichu, L50, M, shiny|100/100
|-ability|p1b: Aerodactyl|Unnerve
|-ability|p1a: Incineroar|Intimidate|boost
|-unboost|p2a: Espathra|atk|1
|-unboost|p2b: Raichu|atk|1
|turn|1
|
|t:|1782530221
|detailschange|p1b: Aerodactyl|Aerodactyl-Mega, L50, F
|-mega|p1b: Aerodactyl|Aerodactyl|Aerodactylite
|move|p1a: Incineroar|Fake Out|p2a: Espathra
|-damage|p2a: Espathra|88/100
|move|p1b: Aerodactyl|Rock Slide|p2b: Raichu|[spread] p2a,p2b
|-damage|p2a: Espathra|52/100
|-damage|p2b: Raichu|34/100
|move|p2b: Raichu|Agility|p2b: Raichu
|-boost|p2b: Raichu|spe|2
|cant|p2a: Espathra|flinch
|
|-ability|p2a: Espathra|Speed Boost|boost
|-boost|p2a: Espathra|spe|1
|upkeep
|turn|2
|
|t:|1782530238
|move|p2b: Raichu|Rising Voltage|p1b: Aerodactyl
|-supereffective|p1b: Aerodactyl|1
|-damage|p1b: Aerodactyl|31/100
|move|p1b: Aerodactyl|Rock Slide|p2a: Espathra|[spread] p2a,p2b
|-damage|p2a: Espathra|17/100
|-damage|p2b: Raichu|0 fnt
|faint|p2b: Raichu
|cant|p2a: Espathra|flinch
|move|p1a: Incineroar|Throat Chop|p2a: Espathra
|-supereffective|p2a: Espathra|1
|-damage|p2a: Espathra|0 fnt
|faint|p2a: Espathra
|
|upkeep
|
|t:|1782530246
|switch|p2b: Scizor|Scizor, L50, M, shiny|100/100
|switch|p2a: Feraligatr|Feraligatr, L50, M, shiny|100/100
|turn|3
|
|t:|1782530262
|move|p1b: Aerodactyl|Rock Slide|p2b: Scizor|[spread] p2a,p2b
|-damage|p2a: Feraligatr|65/100
|-damage|p2b: Scizor|70/100
|cant|p2a: Feraligatr|flinch
|move|p2b: Scizor|Swords Dance|p2b: Scizor
|-boost|p2b: Scizor|atk|2
|move|p1a: Incineroar|Flare Blitz|p2b: Scizor
|-supereffective|p2b: Scizor|2
|-damage|p2b: Scizor|0 fnt
|faint|p2b: Scizor
|-damage|p1a: Incineroar|79/100|[from] Recoil
|
|upkeep
|turn|4
|inactive|speedjam☆ has 30 seconds left.
|
|t:|1782530289
|move|p1b: Aerodactyl|Dual Wingbeat|p2a: Feraligatr
|-damage|p2a: Feraligatr|36/100
|-damage|p2a: Feraligatr|5/100
|-hitcount|p2a: Feraligatr|2
|move|p2a: Feraligatr|Liquidation|p1b: Aerodactyl
|-supereffective|p1b: Aerodactyl|1
|-damage|p1b: Aerodactyl|0 fnt
|faint|p1b: Aerodactyl
|move|p1a: Incineroar|Parting Shot|p2a: Feraligatr
|-unboost|p2a: Feraligatr|atk|1
|-unboost|p2a: Feraligatr|spa|1
|
|t:|1782530300
|switch|p1a: Sylveon|Sylveon, L50, F|100/100|[from] Parting Shot
|
|upkeep
|
|t:|1782530302
|switch|p1b: Incineroar|Incineroar, L50, F|79/100
|-ability|p1b: Incineroar|Intimidate|boost
|-unboost|p2a: Feraligatr|atk|1
|turn|5
|
|t:|1782530309
|move|p1b: Incineroar|Fake Out|p2a: Feraligatr
|-damage|p2a: Feraligatr|0 fnt
|faint|p2a: Feraligatr
|
|win|speedjam☆
|l|‽Glaxx
|player|p2|
||Glaxx is ready for game 3.
|inactive|speedjam☆ has 30 seconds to confirm battle start!
||speedjam☆ is ready for game 3.
|uhtml|next|Next: Game 3 of 3
