|j|☆The Bradicus
|j|☆kikotocatetas
|html|The Bradicuskikotocatetas    
|uhtml|bestof|Game 2 of a best-of-3
|t:|1783984657
|gametype|doubles
|player|p1|The Bradicus|richboy-gen6xy|1133
|player|p2|kikotocatetas|266|1248
|gen|9
|tier|[Gen 9 Champions] VGC 2026 Reg M-B (Bo3)
|rated|
|rule|Species Clause: Limit one of each Pokémon
|rule|Item Clause: Limit 1 of each item
|clearpoke
|poke|p1|Annihilape, L50, M|
|poke|p1|Incineroar, L50, M|
|poke|p1|Glimmora, L50, F|
|poke|p1|Whimsicott, L50, F|
|poke|p1|Metagross, L50|
|poke|p1|Sinistcha-Masterpiece, L50|
|poke|p2|Aerodactyl, L50, F|
|poke|p2|Incineroar, L50, M, shiny|
|poke|p2|Charizard, L50, F, shiny|
|poke|p2|Sylveon, L50, M, shiny|
|poke|p2|Metagross, L50, shiny|
|poke|p2|Garchomp, L50, F, shiny|
|teampreview|4
|showteam|p1|Annihilape||ChoiceScarf|Defiant|CloseCombat,ShadowClaw,Coaching,Uturn|Adamant||M|||50|]Incineroar||SitrusBerry|Intimidate|FlareBlitz,DarkestLariat,FakeOut,PartingShot|Impish||M|||50|]Glimmora||Glimmoranite|ToxicDebris|SludgeBomb,PowerGem,DazzlingGleam,SpikyShield|Timid||F|||50|]Whimsicott||FocusSash|Prankster|Moonblast,Encore,Tailwind,Protect|Timid||F|||50|]Metagross||Metagrossite|ClearBody|PsychicFangs,IronHead,IcePunch,Protect|Jolly|||||50|]Sinistcha-Masterpiece||Leftovers|Hospitality|MatchaGotcha,RagePowder,TrickRoom,Protect|Calm|||||50|
|showteam|p2|Aerodactyl||FocusSash|Unnerve|DualWingbeat,Tailwind,RockSlide,Protect|Jolly||F|||50|]Incineroar||SitrusBerry|Intimidate|FlareBlitz,DarkestLariat,PartingShot,FakeOut|Serious||M|||50|]Charizard||CharizarditeY|Blaze|SolarBeam,HeatWave,WeatherBall,Protect|Modest||F|||50|]Sylveon||FairyFeather|Pixilate|HyperBeam,QuickAttack,HyperVoice,Detect|Modest||M|||50|]Metagross||Metagrossite|ClearBody|BodyPress,PsychicFangs,BulletPunch,Protect|Adamant|||||50|]Garchomp||LifeOrb|RoughSkin|Earthquake,DragonClaw,RockSlide,Protect|Jolly||F|||50|
|inactive|Battle timer is ON: inactive players will automatically lose when time's up. (requested by kikotocatetas)
|inactive|The Bradicus also wants the timer to be on.
|
|t:|1783984677
|teamsize|p1|4
|teamsize|p2|4
|start
|switch|p1a: Glimmora|Glimmora, L50, F|100/100
|switch|p1b: Incineroar|Incineroar, L50, M|100/100
|switch|p2a: Charizard|Charizard, L50, F, shiny|100/100
|switch|p2b: Aerodactyl|Aerodactyl, L50, F|100/100
|-ability|p2b: Aerodactyl|Unnerve
|-ability|p1b: Incineroar|Intimidate|boost
|-unboost|p2a: Charizard|atk|1
|-unboost|p2b: Aerodactyl|atk|1
|turn|1
|l|☆kikotocatetas
|inactive|kikotocatetas disconnected and has a minute to reconnect!
|player|p2|
|inactive|kikotocatetas has 30 seconds left.
|j|☆kikotocatetas
|inactive|kikotocatetas reconnected and has 30 seconds left.
|player|p2|kikotocatetas|266|
|inactive|kikotocatetas has 20 seconds left.
|inactive|kikotocatetas has 15 seconds left.
|
|t:|1783984718
|switch|p1b: Whimsicott|Whimsicott, L50, F|100/100
|detailschange|p1a: Glimmora|Glimmora-Mega, L50, F
|-mega|p1a: Glimmora|Glimmora|Glimmoranite
|move|p2a: Charizard|Protect|p2a: Charizard
|-singleturn|p2a: Charizard|Protect
|move|p2b: Aerodactyl|Tailwind|p2b: Aerodactyl
|-sidestart|p2: kikotocatetas|move: Tailwind
|move|p1a: Glimmora|Power Gem|p2b: Aerodactyl
|-supereffective|p2b: Aerodactyl|1
|-enditem|p2b: Aerodactyl|Focus Sash
|-damage|p2b: Aerodactyl|1/100
|
|upkeep
|turn|2
|
|t:|1783984736
|switch|p2b: Incineroar|Incineroar, L50, M, shiny|100/100
|-ability|p2b: Incineroar|Intimidate|boost
|-unboost|p1a: Glimmora|atk|1
|-unboost|p1b: Whimsicott|atk|1
|switch|p2a: Garchomp|Garchomp, L50, F, shiny|100/100
|move|p1b: Whimsicott|Encore|p2b: Incineroar
|-hint|Since gen 7, Dark is immune to Prankster moves.
|-immune|p2b: Incineroar
|move|p1a: Glimmora|Power Gem|p2a: Garchomp
|-resisted|p2a: Garchomp|1
|-damage|p2a: Garchomp|63/100
|
|upkeep
|turn|3
|
|t:|1783984751
|move|p1b: Whimsicott|Protect|p1b: Whimsicott
|-singleturn|p1b: Whimsicott|Protect
|move|p1a: Glimmora|Spiky Shield|p1a: Glimmora
|-singleturn|p1a: Glimmora|move: Protect
|move|p2b: Incineroar|Fake Out|p1b: Whimsicott
|-activate|p1b: Whimsicott|move: Protect
|move|p2a: Garchomp|Earthquake|p1a: Glimmora|[spread] p2b
|-activate|p1a: Glimmora|move: Protect
|-activate|p1b: Whimsicott|move: Protect
|-supereffective|p2b: Incineroar|1
|-damage|p2b: Incineroar|11/100
|-enditem|p2b: Incineroar|Sitrus Berry|[eat]
|-heal|p2b: Incineroar|36/100|[from] item: Sitrus Berry
|-damage|p2a: Garchomp|53/100|[from] item: Life Orb
|
|upkeep
|turn|4
|inactive|The Bradicus has 30 seconds left.
|
|t:|1783984781
|switch|p1a: Incineroar|Incineroar, L50, M|100/100
|-ability|p1a: Incineroar|Intimidate|boost
|-unboost|p2a: Garchomp|atk|1
|-unboost|p2b: Incineroar|atk|1
|move|p1b: Whimsicott|Encore|p2a: Garchomp
|-start|p2a: Garchomp|Encore
|move|p2a: Garchomp|Earthquake|p1b: Whimsicott|[spread] p2b,p1a,p1b
|-supereffective|p2b: Incineroar|1
|-supereffective|p1a: Incineroar|1
|-crit|p1a: Incineroar
|-resisted|p1b: Whimsicott|1
|-damage|p2b: Incineroar|0 fnt
|-damage|p1a: Incineroar|0 fnt
|-damage|p1b: Whimsicott|79/100
|faint|p2b: Incineroar
|faint|p1a: Incineroar
|-damage|p2a: Garchomp|43/100|[from] item: Life Orb
|
|-sideend|p2: kikotocatetas|move: Tailwind
|upkeep
|
|t:|1783984803
|switch|p2b: Aerodactyl|Aerodactyl, L50, F|1/100
|switch|p1a: Glimmora|Glimmora-Mega, L50, F|100/100
|-ability|p2b: Aerodactyl|Unnerve
|turn|5
|
|t:|1783984811
|move|p1b: Whimsicott|Tailwind|p1b: Whimsicott
|-sidestart|p1: The Bradicus|move: Tailwind
|move|p1a: Glimmora|Dazzling Gleam|p2b: Aerodactyl|[spread] p2a,p2b
|-supereffective|p2a: Garchomp|1
|-damage|p2a: Garchomp|0 fnt
|-damage|p2b: Aerodactyl|0 fnt
|faint|p2a: Garchomp
|faint|p2b: Aerodactyl
|
|upkeep
|-message|kikotocatetas forfeited.
|
|win|The Bradicus
|raw|The Bradicus's rating: 1133 → 1166(+33 for winning)
|raw|kikotocatetas's rating: 1248 → 1215(-33 for losing)
|l|☆kikotocatetas
|player|p2|
