|j|‽Curry8
|j|☆Northgdh
|html|Curry8Northgdh    
|uhtml|bestof|Game 1 of a best-of-3
|t:|1783865044
|gametype|doubles
|player|p1|Curry8|170|1157
|player|p2|Northgdh|102|1173
|gen|9
|tier|[Gen 9 Champions] VGC 2026 Reg M-B (Bo3)
|rated|
|rule|Species Clause: Limit one of each Pokémon
|rule|Item Clause: Limit 1 of each item
|clearpoke
|poke|p1|Incineroar, L50, M|
|poke|p1|Torkoal, L50, M|
|poke|p1|Farigiraf, L50, F|
|poke|p1|Floette-Eternal, L50, F|
|poke|p1|Tyranitar, L50, M|
|poke|p1|Excadrill, L50, F|
|poke|p2|Sneasler, L50, M|
|poke|p2|Incineroar, L50, F, shiny|
|poke|p2|Kingambit, L50, M, shiny|
|poke|p2|Blastoise, L50, M, shiny|
|poke|p2|Delphox, L50, M, shiny|
|poke|p2|Sinistcha, L50|
|teampreview|4
|showteam|p1|Incineroar||ShucaBerry|Intimidate|FakeOut,FlareBlitz,DarkestLariat,PartingShot|Impish||M|||50|]Torkoal||Charcoal|Drought|Eruption,WeatherBall,SolarBeam,Protect|Quiet||M|||50|]Farigiraf||SitrusBerry|ArmorTail|PsychicFangs,Thunderbolt,HelpingHand,TrickRoom|Relaxed||F|||50|]Floette-Eternal||Floettite|FlowerVeil|Moonblast,DazzlingGleam,LightofRuin,Protect|Modest||F|||50|]Tyranitar||Tyranitarite|SandStream|RockSlide,KnockOff,IcePunch,Protect|Adamant||M|||50|]Excadrill||FocusSash|SandRush|IronHead,HighHorsepower,RockSlide,Protect|Jolly||F|||50|
|showteam|p2|Sneasler||FocusSash|PoisonTouch|CloseCombat,PoisonJab,FakeOut,QuickGuard|Jolly||M|||50|]Incineroar||SitrusBerry|Intimidate|FlareBlitz,FakeOut,HelpingHand,PartingShot|Impish||F|||50|]Kingambit||BlackGlasses|Defiant|KowtowCleave,SuckerPunch,SwordsDance,Protect|Adamant||M|||50|]Blastoise||Blastoisinite|RainDish|WaterSpout,DarkPulse,ShellSmash,Protect|Modest||M|||50|]Delphox||Delphoxite|Blaze|HeatWave,Psychic,NastyPlot,Protect|Timid||M|||50|]Sinistcha||KasibBerry|Hospitality|MatchaGotcha,RagePowder,LifeDew,Protect|Bold|||||50|
|inactive|Battle timer is ON: inactive players will automatically lose when time's up. (requested by Northgdh)
|inactive|Northgdh has 60 seconds left.
|
|t:|1783865078
|teamsize|p1|4
|teamsize|p2|4
|start
|switch|p1a: Farigiraf|Farigiraf, L50, F|100/100
|switch|p1b: Incineroar|Incineroar, L50, M|100/100
|switch|p2a: begged|Blastoise, L50, M, shiny|100/100
|switch|p2b: honeybee|Sneasler, L50, M|100/100
|-ability|p1b: Incineroar|Intimidate|boost
|-unboost|p2a: begged|atk|1
|-unboost|p2b: honeybee|atk|1
|turn|1
|
|t:|1783865092
|detailschange|p2a: begged|Blastoise-Mega, L50, M, shiny
|-mega|p2a: begged|Blastoise|Blastoisinite
|move|p2b: honeybee|Quick Guard|p2b: honeybee
|-singleturn|p2b: honeybee|Quick Guard
|move|p1b: Incineroar|Fake Out|p2a: begged
|-activate|p2a: begged|move: Quick Guard
|move|p2a: begged|Water Spout|p1a: Farigiraf|[spread] p1a,p1b
|-supereffective|p1b: Incineroar|1
|-damage|p1a: Farigiraf|45/100
|-damage|p1b: Incineroar|0 fnt
|-enditem|p1a: Farigiraf|Sitrus Berry|[eat]
|-heal|p1a: Farigiraf|70/100|[from] item: Sitrus Berry
|faint|p1b: Incineroar
|move|p1a: Farigiraf|Trick Room|p1a: Farigiraf
|-fieldstart|move: Trick Room|[of] p1a: Farigiraf
|
|upkeep
|
|t:|1783865108
|switch|p1b: Torkoal|Torkoal, L50, M|100/100
|-weather|SunnyDay|[from] ability: Drought|[of] p1b: Torkoal
|turn|2
|
|t:|1783865121
|switch|p2b: stupid song|Incineroar, L50, F, shiny|100/100
|-ability|p2b: stupid song|Intimidate|boost
|-unboost|p1a: Farigiraf|atk|1
|-unboost|p1b: Torkoal|atk|1
|move|p2a: begged|Protect|p2a: begged
|-singleturn|p2a: begged|Protect
|move|p1b: Torkoal|Solar Beam||[still]
|-prepare|p1b: Torkoal|Solar Beam
|-anim|p1b: Torkoal|Solar Beam|p2a: begged
|-activate|p2a: begged|move: Protect
|move|p1a: Farigiraf|Psychic Fangs|p2b: stupid song
|-immune|p2b: stupid song
|
|-weather|SunnyDay|[upkeep]
|upkeep
|turn|3
|inactive|Northgdh has 30 seconds left.
|
|t:|1783865149
|move|p1b: Torkoal|Solar Beam||[still]
|-prepare|p1b: Torkoal|Solar Beam
|-anim|p1b: Torkoal|Solar Beam|p2a: begged
|-supereffective|p2a: begged|1
|-damage|p2a: begged|25/100
|move|p1a: Farigiraf|Thunderbolt|p2b: stupid song
|-damage|p2b: stupid song|81/100
|-status|p2b: stupid song|par
|move|p2b: stupid song|Parting Shot|p1b: Torkoal
|-unboost|p1b: Torkoal|atk|1
|-unboost|p1b: Torkoal|spa|1
|
|t:|1783865162
|switch|p2b: the cure|Sinistcha, L50|100/100|[from] Parting Shot
|-heal|p2a: begged|49/100|[from] ability: Hospitality|[of] p2b: the cure
|move|p2a: begged|Dark Pulse|p1a: Farigiraf
|-supereffective|p1a: Farigiraf|1
|-damage|p1a: Farigiraf|0 fnt
|faint|p1a: Farigiraf
|
|-weather|SunnyDay|[upkeep]
|upkeep
|
|t:|1783865172
|switch|p1a: Floette|Floette-Eternal, L50, F|100/100
|turn|4
|
|t:|1783865182
|switch|p2b: stupid song|Incineroar, L50, F, shiny|81/100 par
|-ability|p2b: stupid song|Intimidate|boost
|-unboost|p1a: Floette|atk|1
|-unboost|p1b: Torkoal|atk|1
|detailschange|p1a: Floette|Floette-Mega, L50, F
|-mega|p1a: Floette|Floette|Floettite
|-ability|p1a: Floette|Fairy Aura
|move|p2a: begged|Protect|p2a: begged
|-singleturn|p2a: begged|Protect
|move|p1b: Torkoal|Solar Beam||[still]
|-prepare|p1b: Torkoal|Solar Beam
|-anim|p1b: Torkoal|Solar Beam|p2a: begged
|-activate|p2a: begged|move: Protect
|move|p1a: Floette|Moonblast|p2b: stupid song
|-damage|p2b: stupid song|10/100 par
|-enditem|p2b: stupid song|Sitrus Berry|[eat]
|-heal|p2b: stupid song|35/100 par|[from] item: Sitrus Berry
|
|-weather|SunnyDay|[upkeep]
|upkeep
|turn|5
|inactive|Northgdh has 30 seconds left.
|
|t:|1783865210
|switch|p2a: the cure|Sinistcha, L50|100/100
|-heal|p2b: stupid song|60/100 par|[from] ability: Hospitality|[of] p2a: the cure
|move|p1b: Torkoal|Eruption|p2a: the cure|[spread] p2a,p2b
|-supereffective|p2a: the cure|1
|-resisted|p2b: stupid song|1
|-damage|p2a: the cure|0 fnt
|-damage|p2b: stupid song|34/100 par
|faint|p2a: the cure
|move|p2b: stupid song|Flare Blitz|p1a: Floette
|-damage|p1a: Floette|18/100
|-damage|p2b: stupid song|10/100 par|[from] Recoil
|move|p1a: Floette|Light of Ruin|p2b: stupid song
|-damage|p2b: stupid song|0 fnt
|faint|p2b: stupid song
|-damage|p1a: Floette|12/100|[from] Recoil
|
|-weather|SunnyDay|[upkeep]
|-fieldend|move: Trick Room
|upkeep
|
|t:|1783865217
|switch|p2a: honeybee|Sneasler, L50, M|100/100
|switch|p2b: begged|Blastoise-Mega, L50, M, shiny|49/100
|turn|6
|inactive|Curry8 has 30 seconds left.
|
|t:|1783865245
|move|p2a: honeybee|Fake Out|p1a: Floette
|-damage|p1a: Floette|0 fnt
|faint|p1a: Floette
|move|p2b: begged|Dark Pulse|p1b: Torkoal
|-damage|p1b: Torkoal|42/100
|move|p1b: Torkoal|Solar Beam||[still]
|-prepare|p1b: Torkoal|Solar Beam
|-anim|p1b: Torkoal|Solar Beam|p2b: begged
|-supereffective|p2b: begged|1
|-damage|p2b: begged|1/100
|
|-weather|none
|upkeep
|turn|7
|
|t:|1783865260
|move|p2a: honeybee|Poison Jab|p1b: Torkoal
|-damage|p1b: Torkoal|9/100
|move|p2b: begged|Dark Pulse|p1b: Torkoal
|-damage|p1b: Torkoal|0 fnt
|faint|p1b: Torkoal
|
|win|Northgdh
||Curry8 is ready for game 2.
