|j|☆Scriptorik
|j|☆lox1sm
|html|Scriptoriklox1sm    
|uhtml|bestof|Game 2 of a best-of-3
|t:|1782573372
|gametype|doubles
|player|p1|Scriptorik|pokemaniac|1119
|player|p2|lox1sm|veteran|1157
|gen|9
|tier|[Gen 9 Champions] VGC 2026 Reg M-B (Bo3)
|rated|
|rule|Species Clause: Limit one of each Pokémon
|rule|Item Clause: Limit 1 of each item
|clearpoke
|poke|p1|Sinistcha, L50|
|poke|p1|Maushold, L50|
|poke|p1|Basculegion, L50, M|
|poke|p1|Pyroar, L50, M|
|poke|p1|Raichu, L50, M|
|poke|p1|Ninetales-Alola, L50, F|
|poke|p2|Charizard, L50, F|
|poke|p2|Metagross, L50|
|poke|p2|Aerodactyl, L50, M|
|poke|p2|Garchomp, L50, M|
|poke|p2|Kingambit, L50, M|
|poke|p2|Farigiraf, L50, M|
|teampreview|4
|showteam|p1|Sinistcha||CobaBerry|Hospitality|MatchaGotcha,Protect,RagePowder,TrickRoom|Bold|||||50|]Maushold||ChopleBerry|FriendGuard|SuperFang,FollowMe,Taunt,Protect|Jolly|||||50|]Basculegion||ChoiceScarf|Adaptability|WaveCrash,LastRespects,Soak,FlipTurn|Adamant||M|||50|]Pyroar||Pyroarite|Unnerve|HeatWave,Overheat,Substitute,Protect|Timid||M|||50|]Raichu||RaichuniteY|LightningRod|FakeOut,ZapCannon,FocusBlast,Protect|Timid||M|||50|]Ninetales-Alola||LightClay|SnowWarning|Blizzard,FreezeDry,AuroraVeil,Protect|Timid||F|||50|
|showteam|p2|Charizard||CharizarditeY|Blaze|HeatWave,WeatherBall,SolarBeam,Protect|Modest||F|||50|]Metagross||Metagrossite|ClearBody|IronHead,PsychicFangs,StompingTantrum,Protect|Jolly|||||50|]Aerodactyl||SitrusBerry|Unnerve|RockSlide,IceFang,Tailwind,Protect|Jolly||M|||50|]Garchomp||LifeOrb|RoughSkin|DragonClaw,Earthquake,RockSlide,Protect|Jolly||M|||50|]Kingambit||FocusSash|Defiant|KowtowCleave,SuckerPunch,IronHead,LowKick|Adamant||M|||50|]Farigiraf||ExpertBelt|ArmorTail|Psychic,DazzlingGleam,Thunderbolt,TrickRoom|Modest||M|||50|
|inactive|Battle timer is ON: inactive players will automatically lose when time's up. (requested by Scriptorik)
|
|t:|1782573436
|teamsize|p1|4
|teamsize|p2|4
|start
|switch|p1a: Ninetales|Ninetales-Alola, L50, F|100/100
|switch|p1b: Pyroar|Pyroar, L50, M|100/100
|switch|p2a: Aerodactyl|Aerodactyl, L50, M|100/100
|switch|p2b: Garchomp|Garchomp, L50, M|100/100
|-ability|p2a: Aerodactyl|Unnerve
|-ability|p1b: Pyroar|Unnerve
|-weather|Snowscape|[from] ability: Snow Warning|[of] p1a: Ninetales
|turn|1
|inactive|lox1sm has 30 seconds left.
|inactive|lox1sm has 20 seconds left.
|inactive|lox1sm has 15 seconds left.
|inactive|lox1sm has 10 seconds left.
|
|t:|1782573483
|switch|p1b: Maushold|Maushold, L50|100/100
|move|p2b: Garchomp|Protect|p2b: Garchomp
|-singleturn|p2b: Garchomp|Protect
|move|p2a: Aerodactyl|Rock Slide|p1b: Maushold|[spread] p1a,p1b
|-supereffective|p1a: Ninetales|1
|-damage|p1a: Ninetales|73/100
|-damage|p1b: Maushold|76/100
|move|p1a: Ninetales|Blizzard|p2b: Garchomp|[spread] p2a
|-activate|p2b: Garchomp|move: Protect
|-supereffective|p2a: Aerodactyl|1
|-damage|p2a: Aerodactyl|17/100
|-enditem|p2a: Aerodactyl|Sitrus Berry|[eat]
|-heal|p2a: Aerodactyl|42/100|[from] item: Sitrus Berry
|
|-weather|Snowscape|[upkeep]
|upkeep
|turn|2
|inactive|Scriptorik has 30 seconds left.
|
|t:|1782573512
|move|p1b: Maushold|Protect|p1b: Maushold
|-singleturn|p1b: Maushold|Protect
|move|p2a: Aerodactyl|Tailwind|p2a: Aerodactyl
|-sidestart|p2: lox1sm|move: Tailwind
|move|p2b: Garchomp|Rock Slide|p1b: Maushold|[spread] p1a
|-activate|p1b: Maushold|move: Protect
|-supereffective|p1a: Ninetales|1
|-damage|p1a: Ninetales|34/100
|-damage|p2b: Garchomp|90/100|[from] item: Life Orb
|cant|p1a: Ninetales|flinch
|
|-weather|Snowscape|[upkeep]
|upkeep
|turn|3
|
|t:|1782573530
|switch|p1b: Sinistcha|Sinistcha, L50|100/100
|-heal|p1a: Ninetales|59/100|[from] ability: Hospitality|[of] p1b: Sinistcha
|move|p2a: Aerodactyl|Rock Slide|p1a: Ninetales|[spread] p1a,p1b
|-supereffective|p1a: Ninetales|1
|-damage|p1a: Ninetales|21/100
|-damage|p1b: Sinistcha|85/100
|move|p2b: Garchomp|Earthquake|p1a: Ninetales|[spread] p1a,p1b
|-immune|p2a: Aerodactyl
|-resisted|p1b: Sinistcha|1
|-damage|p1a: Ninetales|0 fnt
|-damage|p1b: Sinistcha|69/100
|faint|p1a: Ninetales
|-damage|p2b: Garchomp|80/100|[from] item: Life Orb
|
|-weather|Snowscape|[upkeep]
|upkeep
|
|t:|1782573546
|switch|p1a: Maushold|Maushold, L50|76/100
|turn|4
|
|t:|1782573557
|move|p1a: Maushold|Follow Me|p1a: Maushold
|-singleturn|p1a: Maushold|move: Follow Me
|move|p2a: Aerodactyl|Ice Fang|p1a: Maushold
|-damage|p1a: Maushold|56/100
|move|p2b: Garchomp|Dragon Claw|p1a: Maushold
|-damage|p1a: Maushold|0 fnt
|faint|p1a: Maushold
|-damage|p2b: Garchomp|70/100|[from] item: Life Orb
|move|p1b: Sinistcha|Matcha Gotcha|p2b: Garchomp|[spread] p2a,p2b
|-damage|p2a: Aerodactyl|14/100
|-heal|p1b: Sinistcha|83/100|[from] drain|[of] p2a: Aerodactyl
|-damage|p2b: Garchomp|42/100
|-heal|p1b: Sinistcha|98/100|[from] drain|[of] p2b: Garchomp
|
|-weather|Snowscape|[upkeep]
|upkeep
|
|t:|1782573572
|switch|p1a: Pyroar|Pyroar, L50, M|100/100
|-ability|p1a: Pyroar|Unnerve
|turn|5
|inactive|lox1sm has 30 seconds left.
|
|t:|1782573600
|switch|p2b: Farigiraf|Farigiraf, L50, M|100/100
|move|p2a: Aerodactyl|Protect|p2a: Aerodactyl
|-singleturn|p2a: Aerodactyl|Protect
|move|p1a: Pyroar|Protect|p1a: Pyroar
|-singleturn|p1a: Pyroar|Protect
|move|p1b: Sinistcha|Matcha Gotcha|p2a: Aerodactyl|[spread] p2b
|-activate|p2a: Aerodactyl|move: Protect
|-damage|p2b: Farigiraf|72/100
|-heal|p1b: Sinistcha|100/100|[from] drain|[of] p2b: Farigiraf
|
|-weather|none
|-sideend|p2: lox1sm|move: Tailwind
|upkeep
|turn|6
|inactive|Scriptorik has 30 seconds left.
|inactive|lox1sm has 30 seconds left.
|
|t:|1782573641
|detailschange|p1a: Pyroar|Pyroar-Mega, L50, M
|-mega|p1a: Pyroar|Pyroar|Pyroarite
|move|p2a: Aerodactyl|Tailwind|p2a: Aerodactyl
|-sidestart|p2: lox1sm|move: Tailwind
|move|p1a: Pyroar|Heat Wave|p2a: Aerodactyl|[spread] p2a,p2b
|-resisted|p2a: Aerodactyl|1
|-damage|p2a: Aerodactyl|0 fnt
|-damage|p2b: Farigiraf|17/100
|faint|p2a: Aerodactyl
|move|p2b: Farigiraf|Psychic|p1a: Pyroar
|-damage|p1a: Pyroar|40/100
|move|p1b: Sinistcha|Matcha Gotcha|p2b: Farigiraf
|-damage|p2b: Farigiraf|0 fnt
|faint|p2b: Farigiraf
|
|upkeep
|
|t:|1782573655
|switch|p2a: Garchomp|Garchomp, L50, M|42/100
|switch|p2b: Metagross|Metagross, L50|100/100
|turn|7
|
|t:|1782573675
|detailschange|p2b: Metagross|Metagross-Mega, L50
|-mega|p2b: Metagross|Metagross|Metagrossite
|move|p1a: Pyroar|Protect|p1a: Pyroar
|-singleturn|p1a: Pyroar|Protect
|move|p2b: Metagross|Psychic Fangs|p1b: Sinistcha
|-damage|p1b: Sinistcha|53/100
|move|p2a: Garchomp|Dragon Claw|p1b: Sinistcha
|-damage|p1b: Sinistcha|14/100
|-damage|p2a: Garchomp|32/100|[from] item: Life Orb
|move|p1b: Sinistcha|Trick Room|p1b: Sinistcha
|-fieldstart|move: Trick Room|[of] p1b: Sinistcha
|
|upkeep
|turn|8
|inactive|lox1sm has 30 seconds left.
|inactive|lox1sm has 20 seconds left.
|inactive|lox1sm has 15 seconds left.
|
|t:|1782573719
|move|p2a: Garchomp|Protect|p2a: Garchomp
|-singleturn|p2a: Garchomp|Protect
|move|p1b: Sinistcha|Rage Powder|p1b: Sinistcha
|-singleturn|p1b: Sinistcha|move: Rage Powder
|move|p1a: Pyroar|Heat Wave|p2a: Garchomp|[spread] p2b
|-activate|p2a: Garchomp|move: Protect
|-supereffective|p2b: Metagross|1
|-damage|p2b: Metagross|0 fnt
|faint|p2b: Metagross
|
|upkeep
|turn|9
|
|t:|1782573730
|move|p2a: Garchomp|Protect|p2a: Garchomp
|-singleturn|p2a: Garchomp|Protect
|move|p1b: Sinistcha|Matcha Gotcha|p2a: Garchomp
|-activate|p2a: Garchomp|move: Protect
|move|p1a: Pyroar|Heat Wave|p2a: Garchomp
|-activate|p2a: Garchomp|move: Protect
|
|-sideend|p2: lox1sm|move: Tailwind
|upkeep
|turn|10
|
|t:|1782573740
|move|p1b: Sinistcha|Protect|p1b: Sinistcha
|-singleturn|p1b: Sinistcha|Protect
|move|p2a: Garchomp|Earthquake|p1a: Pyroar|[spread] p1a
|-activate|p1b: Sinistcha|move: Protect
|-supereffective|p1a: Pyroar|1
|-damage|p1a: Pyroar|0 fnt
|faint|p1a: Pyroar
|-damage|p2a: Garchomp|23/100|[from] item: Life Orb
|
|upkeep
|turn|11
|
|t:|1782573751
|move|p2a: Garchomp|Protect|p2a: Garchomp
|-singleturn|p2a: Garchomp|Protect
|move|p1b: Sinistcha|Matcha Gotcha|p2a: Garchomp
|-activate|p2a: Garchomp|move: Protect
|
|-fieldend|move: Trick Room
|upkeep
|turn|12
|-message|Scriptorik forfeited.
|
|win|lox1sm
|raw|Scriptorik's rating: 1119 → 1097(-22 for losing)
|raw|lox1sm's rating: 1157 → 1179(+22 for winning)
|l|☆Scriptorik
|player|p1|
