|j|☆nachitolocke
|j|☆mrsuaaaaj
|html|nachitolockemrsuaaaaj    
|uhtml|bestof|Game 2 of a best-of-3
|t:|1782670787
|gametype|doubles
|player|p1|nachitolocke|170|1052
|player|p2|mrsuaaaaj|170|1157
|gen|9
|tier|[Gen 9 Champions] VGC 2026 Reg M-B (Bo3)
|rated|
|rule|Species Clause: Limit one of each Pokémon
|rule|Item Clause: Limit 1 of each item
|clearpoke
|poke|p1|Charizard, L50, F|
|poke|p1|Mawile, L50, F|
|poke|p1|Basculegion, L50, M|
|poke|p1|Garchomp, L50, M|
|poke|p1|Whimsicott, L50, F|
|poke|p1|Farigiraf, L50, F|
|poke|p2|Charizard, L50, M|
|poke|p2|Incineroar, L50, M|
|poke|p2|Farigiraf, L50, M|
|poke|p2|Sylveon, L50, M|
|poke|p2|Aerodactyl, L50, F|
|poke|p2|Venusaur, L50, F|
|teampreview|4
|showteam|p1|Charizard||CharizarditeY|Blaze|WeatherBall,HeatWave,SolarBeam,Protect|Timid||F|||50|]Mawile||Mawilite|HyperCutter|PlayRough,SuckerPunch,BrickBreak,Protect|Adamant||F|||50|]Basculegion||MysticWater|Adaptability|WaveCrash,LastRespects,AquaJet,Protect|Adamant||M|||50|]Garchomp||LifeOrb|RoughSkin|Earthquake,DragonClaw,RockSlide,Protect|Jolly||M|||50|]Whimsicott||FocusSash|Prankster|Moonblast,Encore,Tailwind,Protect|Timid||F|||50|]Farigiraf||SitrusBerry|ArmorTail|TwinBeam,Thunderbolt,TrickRoom,HelpingHand|Bold||F|||50|
|showteam|p2|Charizard||CharizarditeY|Blaze|Protect,HeatWave,SolarBeam,WeatherBall|Timid||M|||50|]Incineroar||PasshoBerry|Intimidate|FakeOut,FlareBlitz,DarkestLariat,PartingShot|Careful||M|||50|]Farigiraf||SitrusBerry|ArmorTail|PsychicFangs,Thunderbolt,Roar,TrickRoom|Relaxed||M|||50|]Sylveon||FairyFeather|Pixilate|Detect,HyperVoice,HyperBeam,QuickAttack|Modest||M|||50|]Aerodactyl||FocusSash|Unnerve|Protect,RockSlide,IceFang,Tailwind|Jolly||F|||50|]Venusaur||LifeOrb|Chlorophyll|Protect,GigaDrain,SludgeBomb,EarthPower|Modest||F|||50|
|inactive|Battle timer is ON: inactive players will automatically lose when time's up. (requested by mrsuaaaaj)
|inactive|nachitolocke has 60 seconds left.
|
|t:|1782670829
|teamsize|p1|4
|teamsize|p2|4
|start
|switch|p1a: Basculegion|Basculegion, L50, M|100/100
|switch|p1b: Charizard|Charizard, L50, F|100/100
|switch|p2a: Farigiraf|Farigiraf, L50, M|100/100
|switch|p2b: Incineroar|Incineroar, L50, M|100/100
|-ability|p2b: Incineroar|Intimidate|boost
|-unboost|p1a: Basculegion|atk|1
|-unboost|p1b: Charizard|atk|1
|turn|1
|
|t:|1782670848
|switch|p1b: Garchomp|Garchomp, L50, M|100/100
|switch|p1a: Farigiraf|Farigiraf, L50, F|100/100
|move|p2b: Incineroar|Fake Out||[still]
|cant|p1a: Farigiraf|ability: Armor Tail|Fake Out|[of] p2b: Incineroar
|move|p2a: Farigiraf|Trick Room|p2a: Farigiraf
|-fieldstart|move: Trick Room|[of] p2a: Farigiraf
|
|upkeep
|turn|2
|inactive|mrsuaaaaj has 30 seconds left.
|inactive|mrsuaaaaj has 20 seconds left.
|
|t:|1782670887
|move|p2a: Farigiraf|Thunderbolt|p1a: Farigiraf
|-damage|p1a: Farigiraf|79/100
|move|p2b: Incineroar|Parting Shot|p1b: Garchomp
|-unboost|p1b: Garchomp|atk|1
|-unboost|p1b: Garchomp|spa|1
|
|t:|1782670896
|switch|p2b: Charizard|Charizard, L50, M|100/100|[from] Parting Shot
|move|p1b: Garchomp|Rock Slide|p2b: Charizard|[spread] p2a,p2b
|-supereffective|p2b: Charizard|2
|-crit|p2b: Charizard
|-damage|p2a: Farigiraf|86/100
|-damage|p2b: Charizard|0 fnt
|faint|p2b: Charizard
|-damage|p1b: Garchomp|90/100|[from] item: Life Orb
|move|p1a: Farigiraf|Trick Room|p1a: Farigiraf
|-fieldend|move: Trick Room
|
|upkeep
|
|t:|1782670912
|switch|p2b: Sylveon|Sylveon, L50, M|100/100
|turn|3
|
|t:|1782670922
|switch|p2a: Incineroar|Incineroar, L50, M|100/100
|-ability|p2a: Incineroar|Intimidate|boost
|-unboost|p1a: Farigiraf|atk|1
|-unboost|p1b: Garchomp|atk|1
|move|p1b: Garchomp|Protect|p1b: Garchomp
|-singleturn|p1b: Garchomp|Protect
|move|p2b: Sylveon|Hyper Voice|p1a: Farigiraf|[spread] p1a
|-activate|p1b: Garchomp|move: Protect
|-crit|p1a: Farigiraf
|-damage|p1a: Farigiraf|10/100
|-enditem|p1a: Farigiraf|Sitrus Berry|[eat]
|-heal|p1a: Farigiraf|35/100|[from] item: Sitrus Berry
|move|p1a: Farigiraf|Trick Room|p1a: Farigiraf
|-fieldstart|move: Trick Room|[of] p1a: Farigiraf
|
|upkeep
|turn|4
|inactive|mrsuaaaaj has 30 seconds left.
|inactive|nachitolocke has 30 seconds left.
|inactive|mrsuaaaaj has 20 seconds left.
|
|t:|1782670960
|move|p2b: Sylveon|Hyper Voice|p1a: Farigiraf|[spread] p1a,p1b
|-supereffective|p1b: Garchomp|1
|-damage|p1a: Farigiraf|0 fnt
|-damage|p1b: Garchomp|0 fnt
|faint|p1a: Farigiraf
|faint|p1b: Garchomp
|move|p2a: Incineroar|Darkest Lariat|p1: Farigiraf|[notarget]
|-fail|p2a: Incineroar
|
|upkeep
|
|t:|1782670963
|switch|p1a: Charizard|Charizard, L50, F|100/100
|switch|p1b: Basculegion|Basculegion, L50, M|100/100
|turn|5
|inactive|nachitolocke has 30 seconds left.
|
|t:|1782670996
|detailschange|p1a: Charizard|Charizard-Mega-Y, L50, F
|-mega|p1a: Charizard|Charizard|Charizardite Y
|-weather|SunnyDay|[from] ability: Drought|[of] p1a: Charizard
|move|p1b: Basculegion|Protect|p1b: Basculegion
|-singleturn|p1b: Basculegion|Protect
|move|p2b: Sylveon|Hyper Voice|p1b: Basculegion|[spread] p1a
|-activate|p1b: Basculegion|move: Protect
|-resisted|p1a: Charizard|1
|-damage|p1a: Charizard|78/100
|move|p2a: Incineroar|Darkest Lariat|p1b: Basculegion
|-activate|p1b: Basculegion|move: Protect
|move|p1a: Charizard|Weather Ball|p2b: Sylveon
|-damage|p2b: Sylveon|29/100
|
|-weather|SunnyDay|[upkeep]
|upkeep
|turn|6
|inactive|nachitolocke has 30 seconds left.
|inactive|nachitolocke has 20 seconds left.
|inactive|mrsuaaaaj has 30 seconds left.
|inactive|mrsuaaaaj has 20 seconds left.
|inactive|mrsuaaaaj has 15 seconds left.
|inactive|mrsuaaaaj has 10 seconds left.
|
|t:|1782671057
|move|p2b: Sylveon|Detect|p2b: Sylveon
|-singleturn|p2b: Sylveon|Protect
|move|p2a: Incineroar|Darkest Lariat|p1b: Basculegion
|-supereffective|p1b: Basculegion|1
|-damage|p1b: Basculegion|24/100
|move|p1b: Basculegion|Wave Crash|p2a: Incineroar
|-supereffective|p2a: Incineroar|1
|-enditem|p2a: Incineroar|Passho Berry|[eat]
|-enditem|p2a: Incineroar|Passho Berry|[weaken]
|-damage|p2a: Incineroar|60/100
|-damage|p1b: Basculegion|12/100|[from] Recoil
|move|p1a: Charizard|Weather Ball|p2b: Sylveon
|-activate|p2b: Sylveon|move: Protect
|
|-weather|SunnyDay|[upkeep]
|upkeep
|turn|7
|inactive|mrsuaaaaj has 30 seconds left.
|inactive|mrsuaaaaj has 20 seconds left.
|
|t:|1782671094
|move|p1b: Basculegion|Protect|p1b: Basculegion
|-singleturn|p1b: Basculegion|Protect
|move|p1a: Charizard|Protect|p1a: Charizard
|-singleturn|p1a: Charizard|Protect
|move|p2b: Sylveon|Hyper Voice|p1a: Charizard|[spread] 
|-activate|p1a: Charizard|move: Protect
|-activate|p1b: Basculegion|move: Protect
|move|p2a: Incineroar|Parting Shot|p1a: Charizard
|-activate|p1a: Charizard|move: Protect
|
|-weather|SunnyDay|[upkeep]
|-fieldend|move: Trick Room
|upkeep
|turn|8
|
|t:|1782671117
|move|p1b: Basculegion|Aqua Jet|p2a: Incineroar
|-supereffective|p2a: Incineroar|1
|-damage|p2a: Incineroar|34/100
|move|p2b: Sylveon|Quick Attack|p1b: Basculegion
|-damage|p1b: Basculegion|0 fnt
|faint|p1b: Basculegion
|move|p1a: Charizard|Heat Wave|p2b: Sylveon|[spread] p2b
|-miss|p1a: Charizard|p2a: Incineroar
|-damage|p2b: Sylveon|0 fnt
|faint|p2b: Sylveon
|move|p2a: Incineroar|Parting Shot|p1a: Charizard
|-unboost|p1a: Charizard|atk|1
|-unboost|p1a: Charizard|spa|1
|
|t:|1782671128
|switch|p2a: Farigiraf|Farigiraf, L50, M|86/100|[from] Parting Shot
|
|-weather|SunnyDay|[upkeep]
|upkeep
|
|t:|1782671132
|switch|p2b: Incineroar|Incineroar, L50, M|34/100
|-ability|p2b: Incineroar|Intimidate|boost
|-unboost|p1a: Charizard|atk|1
|turn|9
|
|t:|1782671140
|move|p2b: Incineroar|Fake Out|p1a: Charizard
|-damage|p1a: Charizard|66/100
|cant|p1a: Charizard|flinch
|move|p2a: Farigiraf|Trick Room|p2a: Farigiraf
|-fieldstart|move: Trick Room|[of] p2a: Farigiraf
|
|-weather|none
|upkeep
|turn|10
|
|t:|1782671149
|move|p2a: Farigiraf|Thunderbolt|p1a: Charizard
|-supereffective|p1a: Charizard|1
|-damage|p1a: Charizard|21/100
|move|p2b: Incineroar|Parting Shot|p1a: Charizard
|-unboost|p1a: Charizard|atk|1
|-unboost|p1a: Charizard|spa|1
|move|p1a: Charizard|Weather Ball|p2a: Farigiraf
|-damage|p2a: Farigiraf|76/100
|
|upkeep
|turn|11
|-message|nachitolocke forfeited.
|
|win|mrsuaaaaj
|raw|nachitolocke's rating: 1052 → 1039(-13 for losing)
|raw|mrsuaaaaj's rating: 1157 → 1175(+18 for winning)
|l|☆nachitolocke
|player|p1|
