|j|☆paudurin
|j|☆mudkipc4
|html|paudurinmudkipc4    
|uhtml|bestof|Game 2 of a best-of-3
|t:|1782520352
|gametype|doubles
|player|p1|paudurin|266|1105
|player|p2|mudkipc4|pokemaniac|1146
|gen|9
|tier|[Gen 9 Champions] VGC 2026 Reg M-B (Bo3)
|rated|
|rule|Species Clause: Limit one of each Pokémon
|rule|Item Clause: Limit 1 of each item
|clearpoke
|poke|p1|Falinks, L50|
|poke|p1|Sinistcha, L50|
|poke|p1|Dragalge, L50, F|
|poke|p1|Talonflame, L50, F|
|poke|p1|Garchomp, L50, F|
|poke|p1|Kingambit, L50, M|
|poke|p2|Mawile, L50, F|
|poke|p2|Farigiraf, L50, F|
|poke|p2|Tyranitar, L50, M|
|poke|p2|Gengar, L50, F|
|poke|p2|Grimmsnarl, L50, M|
|poke|p2|Hydreigon, L50, M|
|teampreview|4
|showteam|p1|Falinks||Falinksite|Defiant|Protect,SwordsDance,RockSlide,CloseCombat|Jolly|||||50|]Sinistcha||OccaBerry|Hospitality|StrengthSap,MatchaGotcha,RagePowder,Protect|Calm|||||50|]Dragalge||Dragalgite|Adaptability|DracoMeteor,SludgeBomb,Protect,Thunderbolt|Modest||F|||50|]Talonflame||MentalHerb|FlameBody|Tailwind,Protect,FlareBlitz,BraveBird|Jolly||F|||50|]Garchomp||Leftovers|RoughSkin|DragonClaw,StompingTantrum,RockSlide,Protect|Serious||F|||50|]Kingambit||BlackGlasses|Defiant|KowtowCleave,SuckerPunch,IronHead,Protect|Adamant||M|||50|
|showteam|p2|Mawile||Mawilite|Intimidate|PlayRough,IronHead,SuckerPunch,Protect|Brave||F|||50|]Farigiraf||SitrusBerry|ArmorTail|TrickRoom,Psychic,Protect,Imprison|Bold||F|||50|]Tyranitar||FocusSash|SandStream|RockSlide,BrickBreak,KnockOff,Protect|Adamant||M|||50|]Gengar||Gengarite|CursedBody|SludgeBomb,ShadowBall,Protect,WillOWisp|Timid||F|||50|]Grimmsnarl||LightClay|Prankster|FakeOut,PartingShot,Reflect,SpiritBreak|Impish||M|||50|]Hydreigon||ChoiceScarf|Levitate|DarkPulse,DracoMeteor,EarthPower,Snarl|Modest||M|||50|
|j| estupinanthepuledr
|l|☆mudkipc4
|player|p2|
|j|☆mudkipc4
|player|p2|mudkipc4|pokemaniac|
|inactive|Battle timer is ON: inactive players will automatically lose when time's up. (requested by paudurin)
|
|t:|1782520409
|teamsize|p1|4
|teamsize|p2|4
|start
|switch|p1a: Kingambit|Kingambit, L50, M|100/100
|switch|p1b: Garchomp|Garchomp, L50, F|100/100
|switch|p2a: Charybdis|Gengar, L50, F|100/100
|switch|p2b: Gorgon|Grimmsnarl, L50, M|100/100
|turn|1
|
|t:|1782520432
|detailschange|p2a: Charybdis|Gengar-Mega, L50, F
|-mega|p2a: Charybdis|Gengar|Gengarite
|move|p1a: Kingambit|Protect|p1a: Kingambit
|-singleturn|p1a: Kingambit|Protect
|move|p2b: Gorgon|Fake Out|p1b: Garchomp
|-damage|p1b: Garchomp|89/100
|-damage|p2b: Gorgon|87/100|[from] ability: Rough Skin|[of] p1b: Garchomp
|move|p2a: Charybdis|Will-O-Wisp|p1a: Kingambit
|-activate|p1a: Kingambit|move: Protect
|cant|p1b: Garchomp|flinch
|
|-heal|p1b: Garchomp|95/100|[from] item: Leftovers
|upkeep
|turn|2
|
|t:|1782520455
|move|p1a: Kingambit|Protect||[still]
|-fail|p1a: Kingambit
|move|p2b: Gorgon|Parting Shot|p1b: Garchomp
|-unboost|p1b: Garchomp|atk|1
|-unboost|p1b: Garchomp|spa|1
|
|t:|1782520460
|switch|p2b: Hydra|Hydreigon, L50, M|100/100|[from] Parting Shot
|move|p2a: Charybdis|Will-O-Wisp|p1a: Kingambit
|-status|p1a: Kingambit|brn
|move|p1b: Garchomp|Stomping Tantrum|p2a: Charybdis
|-supereffective|p2a: Charybdis|1
|-damage|p2a: Charybdis|0 fnt
|faint|p2a: Charybdis
|
|-heal|p1b: Garchomp|100/100|[from] item: Leftovers
|-damage|p1a: Kingambit|94/100 brn|[from] brn
|upkeep
|
|t:|1782520472
|switch|p2a: Typhon|Tyranitar, L50, M|100/100
|-weather|Sandstorm|[from] ability: Sand Stream|[of] p2a: Typhon
|turn|3
|
|t:|1782520495
|move|p1b: Garchomp|Protect|p1b: Garchomp
|-singleturn|p1b: Garchomp|Protect
|move|p2b: Hydra|Draco Meteor|p1b: Garchomp
|-activate|p1b: Garchomp|move: Protect
|move|p2a: Typhon|Brick Break|p1a: Kingambit
|-supereffective|p1a: Kingambit|2
|-damage|p1a: Kingambit|14/100 brn
|move|p1a: Kingambit|Iron Head|p2a: Typhon
|-supereffective|p2a: Typhon|1
|-damage|p2a: Typhon|60/100
|
|-weather|Sandstorm|[upkeep]
|-damage|p2b: Hydra|94/100|[from] Sandstorm
|-damage|p1a: Kingambit|8/100 brn|[from] brn
|upkeep
|turn|4
|inactive|paudurin has 30 seconds left.
|
|t:|1782520527
|switch|p1b: Sinistcha|Sinistcha, L50|100/100
|-heal|p1a: Kingambit|33/100 brn|[from] ability: Hospitality|[of] p1b: Sinistcha
|move|p1a: Kingambit|Sucker Punch|p2b: Hydra
|-resisted|p2b: Hydra|1
|-damage|p2b: Hydra|81/100
|move|p2b: Hydra|Draco Meteor|p1b: Sinistcha
|-damage|p1b: Sinistcha|22/100
|-unboost|p2b: Hydra|spa|2
|move|p2a: Typhon|Rock Slide|p1b: Sinistcha|[spread] p1a,p1b
|-resisted|p1a: Kingambit|1
|-damage|p1a: Kingambit|21/100 brn
|-damage|p1b: Sinistcha|0 fnt
|faint|p1b: Sinistcha
|
|-weather|Sandstorm|[upkeep]
|-damage|p2b: Hydra|75/100|[from] Sandstorm
|-damage|p1a: Kingambit|15/100 brn|[from] brn
|upkeep
|
|t:|1782520540
|switch|p1b: Falinks|Falinks, L50|100/100
|turn|5
|
|t:|1782520560
|switch|p2b: Gorgon|Grimmsnarl, L50, M|87/100
|detailschange|p1b: Falinks|Falinks-Mega, L50
|-mega|p1b: Falinks|Falinks|Falinksite
|move|p2a: Typhon|Protect|p2a: Typhon
|-singleturn|p2a: Typhon|Protect
|move|p1b: Falinks|Close Combat|p2b: Gorgon
|-crit|p2b: Gorgon
|-damage|p2b: Gorgon|1/100
|-unboost|p1b: Falinks|def|1
|-unboost|p1b: Falinks|spd|1
|move|p1a: Kingambit|Iron Head|p2a: Typhon
|-activate|p2a: Typhon|move: Protect
|
|-weather|Sandstorm|[upkeep]
|-damage|p1b: Falinks|94/100|[from] Sandstorm
|-damage|p2b: Gorgon|0 fnt|[from] Sandstorm
|faint|p2b: Gorgon
|-damage|p1a: Kingambit|9/100 brn|[from] brn
|upkeep
|
|t:|1782520569
|switch|p2b: Hydra|Hydreigon, L50, M|75/100
|turn|6
|
|t:|1782520581
|move|p1b: Falinks|Protect|p1b: Falinks
|-singleturn|p1b: Falinks|Protect
|move|p1a: Kingambit|Sucker Punch|p2b: Hydra
|-resisted|p2b: Hydra|1
|-damage|p2b: Hydra|60/100
|move|p2b: Hydra|Draco Meteor|p1b: Falinks
|-activate|p1b: Falinks|move: Protect
|move|p2a: Typhon|Knock Off|p1a: Kingambit
|-resisted|p1a: Kingambit|1
|-damage|p1a: Kingambit|0 fnt
|-enditem|p1a: Kingambit|Black Glasses|[from] move: Knock Off|[of] p2a: Typhon
|faint|p1a: Kingambit
|
|-weather|Sandstorm|[upkeep]
|-damage|p2b: Hydra|55/100|[from] Sandstorm
|-damage|p1b: Falinks|88/100|[from] Sandstorm
|upkeep
|
|t:|1782520591
|switch|p1a: Garchomp|Garchomp, L50, F|100/100
|turn|7
|
|t:|1782520601
|move|p2b: Hydra|Draco Meteor|p1b: Falinks
|-damage|p1b: Falinks|0 fnt
|-unboost|p2b: Hydra|spa|2
|faint|p1b: Falinks
|move|p1a: Garchomp|Dragon Claw|p2b: Hydra
|-supereffective|p2b: Hydra|1
|-damage|p2b: Hydra|0 fnt
|faint|p2b: Hydra
|move|p2a: Typhon|Knock Off|p1a: Garchomp
|-damage|p1a: Garchomp|43/100
|-damage|p2a: Typhon|48/100|[from] ability: Rough Skin|[of] p1a: Garchomp
|-enditem|p1a: Garchomp|Leftovers|[from] move: Knock Off|[of] p2a: Typhon
|
|-weather|none
|upkeep
|turn|8
|
|t:|1782520612
|move|p1a: Garchomp|Stomping Tantrum|p2a: Typhon
|-supereffective|p2a: Typhon|1
|-damage|p2a: Typhon|0 fnt
|faint|p2a: Typhon
|
|win|paudurin
||paudurin is ready for game 3.
||mudkipc4 is ready for game 3.
|uhtml|next|Next: Game 3 of 3
|l| estupinanthepuledr
|l|☆paudurin
|player|p1|
