|j|☆Sawadaburner
|j|☆idkvgc21
|html|Sawadaburneridkvgc21    
|uhtml|bestof|Game 2 of a best-of-3
|t:|1756471156
|gametype|doubles
|player|p1|Sawadaburner|102|1280
|player|p2|idkvgc21|ethan|1228
|gen|9
|tier|[Gen 9] VGC 2025 Reg H (Bo3)
|rated|
|rule|Species Clause: Limit one of each Pokémon
|rule|Item Clause: Limit 1 of each item
|clearpoke
|poke|p1|Porygon2, L50|
|poke|p1|Incineroar, L50, M|
|poke|p1|Ursaluna, L50, F|
|poke|p1|Jumpluff, L50, M|
|poke|p1|Charizard, L50, M|
|poke|p1|Torkoal, L50, M|
|poke|p2|Indeedee, L50, M|
|poke|p2|Ursaluna-Bloodmoon, L50, M|
|poke|p2|Sneasler, L50, M|
|poke|p2|Electabuzz, L50, M|
|poke|p2|Arcanine-Hisui, L50, F|
|poke|p2|Samurott-Hisui, L50, F|
|teampreview|4
|showteam|p1|Porygon2||Eviolite|Download|TeraBlast,IceBeam,TrickRoom,Recover||||||50|,,,,,Fighting]Incineroar||SitrusBerry|Intimidate|FakeOut,KnockOff,FlareBlitz,PartingShot|||M|||50|,,,,,Ghost]Ursaluna||FlameOrb|Guts|HeadlongRush,Facade,Earthquake,Protect|||F|||50|,,,,,Ghost]Jumpluff||CovertCloak|Chlorophyll|RagePowder,SunnyDay,Tailwind,SleepPowder|||M|||50|,,,,,Water]Charizard||ChoiceSpecs|SolarPower|HeatWave,Overheat,WeatherBall,AirSlash|||M|||50|,,,,,Ghost]Torkoal||EjectPack|Drought|Overheat,Eruption,HelpingHand,Protect|||M|||50|,,,,,Fire
|showteam|p2|Indeedee||FocusSash|PsychicSurge|ExpandingForce,Protect,HelpingHand,TrickRoom|||M|||50|,,,,,Psychic]Ursaluna-Bloodmoon||LifeOrb|MindsEye|BloodMoon,HyperVoice,EarthPower,Protect|||M|||50|,,,,,Normal]Sneasler||PsychicSeed|Unburden|DireClaw,CloseCombat,ThroatChop,Protect|||M|||50|,,,,,Dark]Electabuzz||Eviolite|VitalSpirit|Electroweb,Taunt,FollowMe,Protect|||M|||50|,,,,,Dragon]Arcanine-Hisui||ChoiceBand|Intimidate|RockSlide,HeadSmash,FlareBlitz,ExtremeSpeed|||F|||50|,,,,,Normal]Samurott-Hisui||AssaultVest|Torrent|SacredSword,AquaCutter,CeaselessEdge,TeraBlast|||F|||50|,,,,,Bug
|
|t:|1756471196
|teamsize|p1|4
|teamsize|p2|4
|start
|switch|p1a: Porygon2|Porygon2, L50|100/100
|switch|p1b: Incineroar|Incineroar, L50, M|100/100
|switch|p2a: Indeedee|Indeedee, L50, M, shiny|100/100
|switch|p2b: Sneasler|Sneasler, L50, M, shiny|100/100
|-fieldstart|move: Psychic Terrain|[from] ability: Psychic Surge|[of] p2a: Indeedee
|-enditem|p2b: Sneasler|Psychic Seed
|-boost|p2b: Sneasler|spd|1|[from] item: Psychic Seed
|-ability|p1b: Incineroar|Intimidate|boost
|-unboost|p2a: Indeedee|atk|1
|-unboost|p2b: Sneasler|atk|1
|-ability|p1a: Porygon2|Download|boost
|-boost|p1a: Porygon2|atk|1
|turn|1
|
|t:|1756471204
|-terastallize|p2a: Indeedee|Psychic
|move|p2b: Sneasler|Close Combat|p1a: Porygon2
|-supereffective|p1a: Porygon2
|-damage|p1a: Porygon2|41/100
|-unboost|p2b: Sneasler|def|1
|-unboost|p2b: Sneasler|spd|1
|move|p2a: Indeedee|Expanding Force|p1a: Porygon2|[spread] p1a
|-immune|p1b: Incineroar
|-damage|p1a: Porygon2|0 fnt
|faint|p1a: Porygon2
|move|p1b: Incineroar|Flare Blitz|p2b: Sneasler
|-damage|p2b: Sneasler|0 fnt
|faint|p2b: Sneasler
|-damage|p1b: Incineroar|75/100|[from] Recoil
|
|upkeep
|
|t:|1756471218
|switch|p2b: Arcanine|Arcanine-Hisui, L50, F|100/100
|switch|p1a: Jumpluff|Jumpluff, L50, M|100/100
|-ability|p2b: Arcanine|Intimidate|boost
|-unboost|p1a: Jumpluff|atk|1
|-unboost|p1b: Incineroar|atk|1
|turn|2
|
|t:|1756471237
|switch|p2a: Samurott|Samurott-Hisui, L50, F|100/100
|-terastallize|p1a: Jumpluff|Water
|move|p1a: Jumpluff|Sleep Powder|p2a: Samurott
|-status|p2a: Samurott|slp|[from] move: Sleep Powder
|move|p2b: Arcanine|Rock Slide|p1a: Jumpluff|[spread] p1a,p1b
|-supereffective|p1b: Incineroar
|-damage|p1a: Jumpluff|46/100
|-damage|p1b: Incineroar|0 fnt
|faint|p1b: Incineroar
|
|upkeep
|
|t:|1756471247
|switch|p1b: Ursaluna|Ursaluna, L50, F|100/100
|turn|3
|
|t:|1756471259
|move|p1a: Jumpluff|Tailwind|p1a: Jumpluff
|-sidestart|p1: Sawadaburner|move: Tailwind
|move|p1b: Ursaluna|Earthquake|p2b: Arcanine|[spread] p1a,p2a,p2b
|-supereffective|p2b: Arcanine
|-damage|p1a: Jumpluff|0 fnt
|-damage|p2a: Samurott|54/100 slp
|-damage|p2b: Arcanine|0 fnt
|faint|p1a: Jumpluff
|faint|p2b: Arcanine
|cant|p2a: Samurott|slp
|
|-status|p1b: Ursaluna|brn|[from] item: Flame Orb
|upkeep
|
|t:|1756471268
|switch|p2b: Indeedee|Indeedee, L50, M, shiny, tera:Psychic|100/100
|turn|4
|
|t:|1756471291
|move|p2b: Indeedee|Protect|p2b: Indeedee
|-singleturn|p2b: Indeedee|Protect
|move|p1b: Ursaluna|Earthquake|p2b: Indeedee|[spread] p2a
|-activate|p2b: Indeedee|move: Protect
|-damage|p2a: Samurott|0 fnt
|faint|p2a: Samurott
|
|-damage|p1b: Ursaluna|95/100 brn|[from] brn
|upkeep
|turn|5
|
|t:|1756471300
|move|p1b: Ursaluna|Protect|p1b: Ursaluna
|-singleturn|p1b: Ursaluna|Protect
|move|p2b: Indeedee|Expanding Force|p1b: Ursaluna
|-activate|p1b: Ursaluna|move: Protect
|
|-damage|p1b: Ursaluna|89/100 brn|[from] brn
|-fieldend|move: Psychic Terrain
|upkeep
|turn|6
|
|t:|1756471311
|move|p2b: Indeedee|Protect|p2b: Indeedee
|-singleturn|p2b: Indeedee|Protect
|move|p1b: Ursaluna|Facade|p2b: Indeedee
|-activate|p2b: Indeedee|move: Protect
|
|-damage|p1b: Ursaluna|83/100 brn|[from] brn
|-sideend|p1: Sawadaburner|move: Tailwind
|upkeep
|turn|7
|
|t:|1756471314
|move|p2b: Indeedee|Expanding Force|p1b: Ursaluna
|-damage|p1b: Ursaluna|33/100 brn
|move|p1b: Ursaluna|Facade|p2b: Indeedee
|-enditem|p2b: Indeedee|Focus Sash
|-damage|p2b: Indeedee|1/100
|
|-damage|p1b: Ursaluna|27/100 brn|[from] brn
|upkeep
|turn|8
|
|t:|1756471318
|move|p2b: Indeedee|Expanding Force|p1b: Ursaluna
|-damage|p1b: Ursaluna|0 fnt
|faint|p1b: Ursaluna
|
|win|idkvgc21
||idkvgc21 is ready for game 3.
||Sawadaburner is ready for game 3.
|uhtml|next|Next: Game 3 of 3
|l|☆Sawadaburner
|player|p1|
