|j|☆Just_Koly
|j|☆Pietplezier7
|html|Just_KolyPietplezier7    
|uhtml|bestof|Game 1 of a best-of-3
|t:|1785951895
|gametype|doubles
|player|p1|Just_Koly|benga|
|player|p2|Pietplezier7|zinnia|
|gen|9
|tier|[Gen 9 Champions] VGC 2026 Reg M-B (Bo3)
|rule|Species Clause: Limit one of each Pokémon
|rule|Item Clause: Limit 1 of each item
|clearpoke
|poke|p1|Gengar, L50, M|
|poke|p1|Kommo-o, L50, F|
|poke|p1|Tinkaton, L50, F|
|poke|p1|Volcarona, L50, M|
|poke|p1|Gyarados, L50, M|
|poke|p1|Meowscarada, L50, M|
|poke|p2|Raichu, L50, F|
|poke|p2|Staraptor, L50, F|
|poke|p2|Arcanine-Hisui, L50, M|
|poke|p2|Farigiraf, L50, M|
|poke|p2|Sylveon, L50, F|
|poke|p2|Kingambit, L50, M|
|teampreview|4
|showteam|p1|Gengar||Gengarite|CursedBody|ShadowBall,Disable,Protect,SludgeBomb|Modest||M|||50|]Kommo-o||Leftovers|Soundproof|ClangingScales,ClangorousSoul,AuraSphere,Protect|Modest||F|||50|]Tinkaton||MentalHerb|MoldBreaker|GigatonHammer,FakeOut,Encore,Protect|Jolly||F|||50|]Volcarona||SitrusBerry|FlameBody|Overheat,RagePowder,Tailwind,Protect|Timid||M|||50|]Gyarados||Gyaradosite|Intimidate|Waterfall,Crunch,DragonDance,Protect|Adamant||M|||50|]Meowscarada||FocusSash|Protean|FlowerTrick,KnockOff,TripleAxel,Protect|Jolly||M|||50|
|showteam|p2|Raichu||RaichuniteY|LightningRod|ZapCannon,FocusBlast,FakeOut,Protect|Timid||F|||50|]Staraptor||Staraptite|Intimidate|CloseCombat,DualWingbeat,Tailwind,Protect|Jolly||F|||50|]Arcanine-Hisui||FocusSash|RockHead|FlareBlitz,HeadSmash,ExtremeSpeed,Protect|Jolly||M|||50|]Farigiraf||SitrusBerry|ArmorTail|Psychic,HelpingHand,TrickRoom,Protect|Calm||M|||50|]Sylveon||FairyFeather|Pixilate|HyperVoice,QuickAttack,HyperBeam,Detect|Modest||F|||50|]Kingambit||LifeOrb|Defiant|KowtowCleave,SuckerPunch,SwordsDance,Protect|Adamant||M|||50|
|c|☆Pietplezier7|glhf!
|inactive|Battle timer is ON: inactive players will automatically lose when time's up. (requested by Just_Koly)
|inactive|Pietplezier7 also wants the timer to be on.
|inactive|Just_Koly has 60 seconds left.
|inactive|Pietplezier7 has 60 seconds left.
|inactive|Pietplezier7 has 30 seconds left.
|
|t:|1785951975
|teamsize|p1|4
|teamsize|p2|4
|start
|switch|p1a: Gengar|Gengar, L50, M|100/100
|switch|p1b: Volcarona|Volcarona, L50, M|100/100
|switch|p2a: Staraptor|Staraptor, L50, F|100/100
|switch|p2b: Arcanine|Arcanine-Hisui, L50, M|100/100
|-ability|p2a: Staraptor|Intimidate|boost
|-unboost|p1a: Gengar|atk|1
|-unboost|p1b: Volcarona|atk|1
|turn|1
|inactive|Just_Koly has 30 seconds left.
|
|t:|1785952006
|detailschange|p2a: Staraptor|Staraptor-Mega, L50, F
|-mega|p2a: Staraptor|Staraptor|Staraptite
|detailschange|p1a: Gengar|Gengar-Mega, L50, M
|-mega|p1a: Gengar|Gengar|Gengarite
|move|p1b: Volcarona|Protect|p1b: Volcarona
|-singleturn|p1b: Volcarona|Protect
|move|p1a: Gengar|Sludge Bomb|p2a: Staraptor
|-damage|p2a: Staraptor|24/100
|move|p2a: Staraptor|Tailwind|p2a: Staraptor
|-sidestart|p2: Pietplezier7|move: Tailwind
|move|p2b: Arcanine|Head Smash|p1a: Gengar
|-damage|p1a: Gengar|0 fnt
|faint|p1a: Gengar
|
|upkeep
|
|t:|1785952023
|switch|p1a: Kommo-o|Kommo-o, L50, F|100/100
|turn|2
|inactive|Pietplezier7 has 30 seconds left.
|inactive|Pietplezier7 has 20 seconds left.
|
|t:|1785952061
|move|p2a: Staraptor|Dual Wingbeat|p1a: Kommo-o
|-supereffective|p1a: Kommo-o|1
|-damage|p1a: Kommo-o|67/100
|-supereffective|p1a: Kommo-o|1
|-damage|p1a: Kommo-o|34/100
|-hitcount|p1a: Kommo-o|2
|move|p2b: Arcanine|Head Smash|p1a: Kommo-o
|-resisted|p1a: Kommo-o|1
|-damage|p1a: Kommo-o|3/100
|move|p1b: Volcarona|Tailwind|p1b: Volcarona
|-sidestart|p1: Just_Koly|move: Tailwind
|move|p1a: Kommo-o|Aura Sphere|p2b: Arcanine
|-supereffective|p2b: Arcanine|1
|-enditem|p2b: Arcanine|Focus Sash
|-damage|p2b: Arcanine|1/100
|
|-heal|p1a: Kommo-o|9/100|[from] item: Leftovers
|upkeep
|turn|3
|
|t:|1785952085
|move|p1a: Kommo-o|Protect|p1a: Kommo-o
|-singleturn|p1a: Kommo-o|Protect
|move|p2b: Arcanine|Extreme Speed|p1a: Kommo-o
|-activate|p1a: Kommo-o|move: Protect
|move|p2a: Staraptor|Dual Wingbeat|p1b: Volcarona
|-supereffective|p1b: Volcarona|1
|-damage|p1b: Volcarona|58/100
|-supereffective|p1b: Volcarona|1
|-damage|p1b: Volcarona|20/100y
|-status|p2a: Staraptor|brn|[from] ability: Flame Body|[of] p1b: Volcarona
|-enditem|p1b: Volcarona|Sitrus Berry|[eat]
|-heal|p1b: Volcarona|45/100|[from] item: Sitrus Berry
|-hitcount|p1b: Volcarona|2
|move|p1b: Volcarona|Overheat|p2a: Staraptor
|-damage|p2a: Staraptor|0 fnt
|-unboost|p1b: Volcarona|spa|2
|faint|p2a: Staraptor
|
|-heal|p1a: Kommo-o|15/100|[from] item: Leftovers
|upkeep
|inactive|Pietplezier7 has 30 seconds left.
|
|t:|1785952111
|switch|p2a: Farigiraf|Farigiraf, L50, M|100/100
|turn|4
|
|t:|1785952125
|switch|p1a: Gyarados|Gyarados, L50, M|100/100
|-ability|p1a: Gyarados|Intimidate|boost
|-unboost|p2a: Farigiraf|atk|1
|-unboost|p2b: Arcanine|atk|1
|move|p2b: Arcanine|Extreme Speed|p1a: Gyarados
|-damage|p1a: Gyarados|79/100
|move|p1b: Volcarona|Overheat|p2b: Arcanine
|-resisted|p2b: Arcanine|2
|-damage|p2b: Arcanine|0 fnt
|-unboost|p1b: Volcarona|spa|2
|faint|p2b: Arcanine
|move|p2a: Farigiraf|Trick Room|p2a: Farigiraf
|-fieldstart|move: Trick Room|[of] p2a: Farigiraf
|
|-sideend|p2: Pietplezier7|move: Tailwind
|upkeep
|
|t:|1785952134
|switch|p2b: Sylveon|Sylveon, L50, F|100/100
|turn|5
|
|t:|1785952151
|switch|p1b: Kommo-o|Kommo-o, L50, F|15/100
|move|p1a: Gyarados|Protect|p1a: Gyarados
|-singleturn|p1a: Gyarados|Protect
|move|p2a: Farigiraf|Psychic|p1b: Kommo-o
|-supereffective|p1b: Kommo-o|1
|-damage|p1b: Kommo-o|0 fnt
|faint|p1b: Kommo-o
|move|p2b: Sylveon|Hyper Voice|p1a: Gyarados
|-activate|p1a: Gyarados|move: Protect
|
|-sideend|p1: Just_Koly|move: Tailwind
|upkeep
|
|t:|1785952161
|switch|p1b: Volcarona|Volcarona, L50, M|45/100
|turn|6
|
|t:|1785952170
|move|p2a: Farigiraf|Psychic|p1a: Gyarados
|-damage|p1a: Gyarados|45/100
|move|p2b: Sylveon|Hyper Voice|p1a: Gyarados|[spread] p1a,p1b
|-resisted|p1b: Volcarona|1
|-damage|p1a: Gyarados|0 fnt
|-damage|p1b: Volcarona|24/100
|faint|p1a: Gyarados
|move|p1b: Volcarona|Overheat|p2b: Sylveon
|-damage|p2b: Sylveon|58/100
|-unboost|p1b: Volcarona|spa|2
|
|upkeep
|turn|7
|
|t:|1785952181
|move|p2a: Farigiraf|Psychic|p1b: Volcarona
|-damage|p1b: Volcarona|0 fnt
|faint|p1b: Volcarona
|
|win|Pietplezier7
||Just_Koly is ready for game 2.
