|j|☆shaboogles
|j|☆3Soul3
|html|shaboogles3Soul3    
|uhtml|bestof|Game 3 of a best-of-3
|t:|1784028343
|gametype|doubles
|player|p1|shaboogles|rosa|
|player|p2|3Soul3|iris-gen5bw2|
|gen|9
|tier|[Gen 9 Champions] VGC 2026 Reg M-B (Bo3)
|rule|Species Clause: Limit one of each Pokémon
|rule|Item Clause: Limit 1 of each item
|clearpoke
|poke|p1|Chandelure, L50, M|
|poke|p1|Chesnaught, L50, F|
|poke|p1|Greninja, L50, M|
|poke|p1|Rotom-Mow, L50|
|poke|p1|Krookodile, L50, F|
|poke|p1|Ariados, L50, F|
|poke|p2|Floette-Eternal, L50, F|
|poke|p2|Scovillain, L50, F|
|poke|p2|Ampharos, L50, F|
|poke|p2|Hawlucha, L50, M|
|poke|p2|Salazzle, L50, F|
|poke|p2|Absol, L50, M|
|teampreview|4
|showteam|p1|Chandelure||Chandelurite|Infiltrator|HeatWave,ShadowBall,TrickRoom,Protect|Modest||M|||50|]Chesnaught||RoseliBerry|Bulletproof|WoodHammer,SpikyShield,HammerArm,WideGuard|Adamant||F|||50|]Greninja||Greninjite|Torrent|IcyWind,Protect,HydroPump,DarkPulse|Timid||M|||50|]Rotom-Mow||ChoiceScarf|Levitate|Thunderbolt,LeafStorm,Electroweb,VoltSwitch|Timid|||||50|]Krookodile||PasshoBerry|Intimidate|Crunch,Taunt,Protect,HighHorsepower|Adamant||F|||50|]Ariados||ScopeLens|Sniper|CrossPoison,Protect,RagePowder|Impish||F|||50|
|showteam|p2|Floette-Eternal||FairyFeather|FlowerVeil|CalmMind,DazzlingGleam,Moonblast,Protect|Modest||F|||50|]Scovillain||FocusSash|Moody|RagePowder,HelpingHand,Flamethrower,Protect|Serious||F|||50|]Ampharos||Ampharosite|Static|Discharge,Thunderbolt,DragonPulse,Protect|Quiet||F|||50|]Hawlucha||Hawluchanite|MoldBreaker|FlyingPress,Encore,Detect,BulkUp|Jolly||M|||50|]Salazzle||SitrusBerry|Oblivious|WillOWisp,HelpingHand,FakeOut,Flamethrower|Timid||F|||50|]Absol||ChoiceScarf|SuperLuck|NightSlash,CloseCombat,PsychoCut,Megahorn|Jolly||M|||50|
|
|t:|1784028430
|teamsize|p1|4
|teamsize|p2|4
|start
|switch|p1a: Ariados|Ariados, L50, F|100/100
|switch|p1b: Greninja|Greninja, L50, M|100/100
|switch|p2a: Salazzle|Salazzle, L50, F|100/100
|switch|p2b: Floette|Floette-Eternal, L50, F|100/100
|turn|1
|
|t:|1784028478
|detailschange|p1b: Greninja|Greninja-Mega, L50, M
|-mega|p1b: Greninja|Greninja|Greninjite
|move|p2a: Salazzle|Fake Out|p1b: Greninja
|-damage|p1b: Greninja|91/100
|cant|p1b: Greninja|flinch
|move|p2b: Floette|Moonblast|p1b: Greninja
|-supereffective|p1b: Greninja|1
|-crit|p1b: Greninja
|-damage|p1b: Greninja|0 fnt
|faint|p1b: Greninja
|move|p1a: Ariados|Cross Poison|p2b: Floette
|-supereffective|p2b: Floette|1
|-damage|p2b: Floette|41/100
|-status|p2b: Floette|psn
|
|-damage|p2b: Floette|29/100 psn|[from] psn
|upkeep
|
|t:|1784028486
|switch|p1b: Chandelure|Chandelure, L50, M|100/100
|turn|2
|
|t:|1784028524
|move|p1a: Ariados|Protect|p1a: Ariados
|-singleturn|p1a: Ariados|Protect
|move|p2a: Salazzle|Flamethrower|p1a: Ariados
|-activate|p1a: Ariados|move: Protect
|move|p2b: Floette|Moonblast|p1a: Ariados
|-activate|p1a: Ariados|move: Protect
|move|p1b: Chandelure|Trick Room|p1b: Chandelure
|-fieldstart|move: Trick Room|[of] p1b: Chandelure
|
|-damage|p2b: Floette|17/100 psn|[from] psn
|upkeep
|turn|3
|
|t:|1784028554
|switch|p1a: Krookodile|Krookodile, L50, F|100/100
|-ability|p1a: Krookodile|Intimidate|boost
|-fail|p2a: Salazzle|unboost|Attack|[from] ability: Oblivious|[of] p2a: Salazzle
|-unboost|p2b: Floette|atk|1
|move|p1b: Chandelure|Heat Wave|p2a: Salazzle|[spread] p2a,p2b
|-resisted|p2a: Salazzle|1
|-damage|p2a: Salazzle|68/100
|-damage|p2b: Floette|0 fnt
|faint|p2b: Floette
|move|p2a: Salazzle|Flamethrower|p1a: Krookodile
|-damage|p1a: Krookodile|63/100
|
|upkeep
|
|t:|1784028569
|switch|p2b: Ampharos|Ampharos, L50, F|100/100
|turn|4
|
|t:|1784028590
|detailschange|p2b: Ampharos|Ampharos-Mega, L50, F
|-mega|p2b: Ampharos|Ampharos|Ampharosite
|-ability|p2b: Ampharos|Mold Breaker
|move|p2a: Salazzle|Helping Hand|p2b: Ampharos
|-singleturn|p2b: Ampharos|Helping Hand|[of] p2a: Salazzle
|move|p2b: Ampharos|Dragon Pulse|p1a: Krookodile
|-damage|p1a: Krookodile|0 fnt
|faint|p1a: Krookodile
|move|p1b: Chandelure|Heat Wave|p2b: Ampharos|[spread] p2b
|-miss|p1b: Chandelure|p2a: Salazzle
|-resisted|p2b: Ampharos|1
|-damage|p2b: Ampharos|81/100
|
|upkeep
|
|t:|1784028596
|switch|p1a: Ariados|Ariados, L50, F|100/100
|turn|5
|
|t:|1784028631
|move|p2a: Salazzle|Helping Hand|p2b: Ampharos
|-singleturn|p2b: Ampharos|Helping Hand|[of] p2a: Salazzle
|move|p2b: Ampharos|Thunderbolt|p1b: Chandelure
|-crit|p1b: Chandelure
|-damage|p1b: Chandelure|0 fnt
|faint|p1b: Chandelure
|move|p1a: Ariados|Cross Poison|p2b: Ampharos
|-crit|p2b: Ampharos
|-damage|p2b: Ampharos|38/100
|
|upkeep
|turn|6
|
|t:|1784028646
|move|p2b: Ampharos|Thunderbolt|p1a: Ariados
|-damage|p1a: Ariados|33/100
|move|p1a: Ariados|Cross Poison|p2b: Ampharos
|-crit|p2b: Ampharos
|-damage|p2b: Ampharos|0 fnt
|faint|p2b: Ampharos
|move|p2a: Salazzle|Flamethrower|p1a: Ariados
|-supereffective|p1a: Ariados|1
|-damage|p1a: Ariados|0 fnt
|faint|p1a: Ariados
|
|win|3Soul3
|c|☆shaboogles|ggs!
|c|☆3Soul3|Ggs haha that was fun
|c|☆3Soul3|I made a few changes haha
|c|☆shaboogles|W changes!
|c|☆3Soul3|Thank you :)
|c|☆3Soul3|You a goat
|c|☆shaboogles|ty!! you too!
|c|☆3Soul3|:)
|l|☆3Soul3
|player|p2|
