|j|☆repo1
|j|☆vvffZs
|html|repo1vvffZs    
|uhtml|bestof|Game 1 of a best-of-3
|t:|1785741923
|gametype|doubles
|player|p1|repo1|pokemonrangerf|1000
|player|p2|vvffZs|hilbert|1000
|gen|9
|tier|[Gen 9 Champions] VGC 2026 Reg M-B (Bo3)
|rated|
|rule|Species Clause: Limit one of each Pokémon
|rule|Item Clause: Limit 1 of each item
|clearpoke
|poke|p1|Staraptor, L50, M|
|poke|p1|Farigiraf, L50, F|
|poke|p1|Incineroar, L50, F|
|poke|p1|Floette-Eternal, L50, F|
|poke|p1|Excadrill, L50, F|
|poke|p1|Milotic, L50, M|
|poke|p2|Pelipper, L50, F|
|poke|p2|Swampert, L50, F, shiny|
|poke|p2|Farigiraf, L50, M|
|poke|p2|Sinistcha-Masterpiece, L50|
|poke|p2|Sylveon, L50, F|
|poke|p2|Aerodactyl, L50, M|
|teampreview|4
|showteam|p1|Staraptor||ChoiceScarf|Intimidate|FinalGambit,CloseCombat,Uturn,BraveBird|Jolly||M|||50|]Farigiraf||SitrusBerry|ArmorTail|TrickRoom,Psychic,Thunderbolt,HelpingHand|Bold||F|||50|]Incineroar||FocusSash|Intimidate|FakeOut,PartingShot,FlareBlitz,ThroatChop|Adamant||F|||50|]Floette-Eternal||Floettite|FlowerVeil|DazzlingGleam,Protect,CalmMind,DrainingKiss|Modest||F|||50|]Excadrill||LifeOrb|MoldBreaker|IronHead,HighHorsepower,Protect,RockSlide|Jolly||F|||50|]Milotic||Leftovers|Competitive|MuddyWater,Hypnosis,Coil,Recover|Calm||M|||50|
|showteam|p2|Pelipper||DampRock|Drizzle|WideGuard,WeatherBall,Hurricane,Protect|Modest||F|||50|]Swampert||Swampertite|Torrent|Protect,Earthquake,WaveCrash,IcePunch|Adamant||F|||50|]Farigiraf||MentalHerb|ArmorTail|PsychicFangs,HelpingHand,AllySwitch,TrickRoom|Relaxed||M|||50|]Sinistcha-Masterpiece||Leftovers|Hospitality|RagePowder,MatchaGotcha,StrengthSap,Curse|Bold|||||50|]Sylveon||LifeOrb|Pixilate|Protect,HyperVoice,CalmMind,Moonblast|Modest||F|||50|]Aerodactyl||FocusSash|Unnerve|Taunt,Protect,RockSlide,DualWingbeat|Jolly||M|||50|
|inactive|Battle timer is ON: inactive players will automatically lose when time's up. (requested by repo1)
|inactive|vvffZs also wants the timer to be on.
|
|t:|1785741946
|teamsize|p1|4
|teamsize|p2|4
|start
|switch|p1a: Staraptor|Staraptor, L50, M|100/100
|switch|p1b: Incineroar|Incineroar, L50, F|100/100
|switch|p2a: Sinistcha|Sinistcha-Masterpiece, L50|100/100
|switch|p2b: Sylveon|Sylveon, L50, F|100/100
|-ability|p1a: Staraptor|Intimidate|boost
|-unboost|p2a: Sinistcha|atk|1
|-unboost|p2b: Sylveon|atk|1
|-ability|p1b: Incineroar|Intimidate|boost
|-unboost|p2a: Sinistcha|atk|1
|-unboost|p2b: Sylveon|atk|1
|turn|1
|
|t:|1785741958
|switch|p2a: Farigiraf|Farigiraf, L50, M|100/100
|move|p1a: Staraptor|Final Gambit|p2b: Sylveon
|-damage|p2b: Sylveon|0 fnt
|faint|p1a: Staraptor
|faint|p2b: Sylveon
|move|p1b: Incineroar|Flare Blitz|p2a: Farigiraf
|-damage|p2a: Farigiraf|52/100
|-damage|p1b: Incineroar|80/100|[from] Recoil
|
|upkeep
|
|t:|1785741968
|switch|p1a: Floette|Floette-Eternal, L50, F|100/100
|switch|p2b: Sinistcha|Sinistcha-Masterpiece, L50|100/100
|-heal|p2a: Farigiraf|77/100|[from] ability: Hospitality|[of] p2b: Sinistcha
|turn|2
|
|t:|1785741979
|detailschange|p1a: Floette|Floette-Mega, L50, F
|-mega|p1a: Floette|Floette|Floettite
|-ability|p1a: Floette|Fairy Aura
|move|p1a: Floette|Calm Mind|p1a: Floette
|-boost|p1a: Floette|spa|1
|-boost|p1a: Floette|spd|1
|move|p1b: Incineroar|Throat Chop|p2a: Farigiraf
|-supereffective|p2a: Farigiraf|1
|-damage|p2a: Farigiraf|14/100
|-start|p2a: Farigiraf|Throat Chop|[silent]
|move|p2b: Sinistcha|Curse|p1a: Floette
|-start|p1a: Floette|Curse|[of] p2b: Sinistcha
|-damage|p2b: Sinistcha|50/100y
|move|p2a: Farigiraf|Trick Room|p2a: Farigiraf
|-fieldstart|move: Trick Room|[of] p2a: Farigiraf
|
|-heal|p2b: Sinistcha|56/100|[from] item: Leftovers
|-damage|p1a: Floette|75/100|[from] Curse
|upkeep
|turn|3
|inactive|vvffZs has 30 seconds left.
|
|t:|1785742009
|move|p2a: Farigiraf|Psychic Fangs|p1a: Floette
|-damage|p1a: Floette|50/100g
|move|p2b: Sinistcha|Strength Sap|p1b: Incineroar
|-unboost|p1b: Incineroar|atk|1
|-heal|p2b: Sinistcha|100/100
|move|p1b: Incineroar|Parting Shot|p2a: Farigiraf
|-unboost|p2a: Farigiraf|atk|1
|-unboost|p2a: Farigiraf|spa|1
|
|t:|1785742014
|switch|p1b: Milotic|Milotic, L50, M|100/100|[from] Parting Shot
|move|p1a: Floette|Draining Kiss|p2b: Sinistcha
|-damage|p2b: Sinistcha|43/100
|-heal|p1a: Floette|91/100|[from] drain|[of] p2b: Sinistcha
|
|-heal|p2b: Sinistcha|50/100y|[from] item: Leftovers
|-damage|p1a: Floette|66/100|[from] Curse
|-end|p2a: Farigiraf|Throat Chop|[silent]
|upkeep
|turn|4
|
|t:|1785742028
|switch|p1a: Incineroar|Incineroar, L50, F|80/100
|-ability|p1a: Incineroar|Intimidate|boost
|-unboost|p2a: Farigiraf|atk|1
|-unboost|p2b: Sinistcha|atk|1
|move|p2a: Farigiraf|Helping Hand|p2b: Sinistcha
|-singleturn|p2b: Sinistcha|Helping Hand|[of] p2a: Farigiraf
|move|p2b: Sinistcha|Matcha Gotcha|p1a: Incineroar|[spread] p1a,p1b
|-resisted|p1a: Incineroar|1
|-supereffective|p1b: Milotic|1
|-damage|p1a: Incineroar|62/100
|-heal|p2b: Sinistcha|59/100|[from] drain|[of] p1a: Incineroar
|-damage|p1b: Milotic|52/100
|-heal|p2b: Sinistcha|86/100|[from] drain|[of] p1b: Milotic
|move|p1b: Milotic|Coil|p1b: Milotic
|-boost|p1b: Milotic|atk|1
|-boost|p1b: Milotic|def|1
|-boost|p1b: Milotic|accuracy|1
|
|-heal|p2b: Sinistcha|92/100|[from] item: Leftovers
|-heal|p1b: Milotic|58/100|[from] item: Leftovers
|upkeep
|turn|5
|
|t:|1785742048
|move|p2a: Farigiraf|Ally Switch|p2a: Farigiraf
|swap|p2a: Farigiraf|1|[from] move: Ally Switch
|move|p2a: Sinistcha|Matcha Gotcha|p1a: Incineroar|[spread] p1a,p1b
|-resisted|p1a: Incineroar|1
|-supereffective|p1b: Milotic|1
|-damage|p1a: Incineroar|50/100g
|-heal|p2a: Sinistcha|98/100|[from] drain|[of] p1a: Incineroar
|-damage|p1b: Milotic|27/100
|-heal|p2a: Sinistcha|100/100|[from] drain|[of] p1b: Milotic
|move|p1a: Incineroar|Throat Chop|p2a: Sinistcha
|-supereffective|p2a: Sinistcha|1
|-damage|p2a: Sinistcha|35/100
|-start|p2a: Sinistcha|Throat Chop|[silent]
|move|p1b: Milotic|Hypnosis|p2b: Farigiraf
|-status|p2b: Farigiraf|slp|[from] move: Hypnosis
|
|-heal|p2a: Sinistcha|42/100|[from] item: Leftovers
|-heal|p1b: Milotic|33/100|[from] item: Leftovers
|upkeep
|turn|6
|inactive|vvffZs has 30 seconds left.
|
|t:|1785742077
|switch|p2b: Swampert|Swampert, L50, F, shiny|100/100
|move|p2a: Sinistcha|Matcha Gotcha|p1b: Milotic|[spread] p1a,p1b
|-resisted|p1a: Incineroar|1
|-supereffective|p1b: Milotic|1
|-damage|p1a: Incineroar|39/100
|-heal|p2a: Sinistcha|48/100|[from] drain|[of] p1a: Incineroar
|-damage|p1b: Milotic|2/100
|-heal|p2a: Sinistcha|65/100|[from] drain|[of] p1b: Milotic
|move|p1a: Incineroar|Throat Chop|p2a: Sinistcha
|-supereffective|p2a: Sinistcha|1
|-damage|p2a: Sinistcha|1/100
|move|p1b: Milotic|Recover|p1b: Milotic
|-heal|p1b: Milotic|52/100
|
|-heal|p2a: Sinistcha|6/100|[from] item: Leftovers
|-heal|p1b: Milotic|58/100|[from] item: Leftovers
|-end|p2a: Sinistcha|Throat Chop|[silent]
|-fieldend|move: Trick Room
|upkeep
|turn|7
|inactive|vvffZs has 30 seconds left.
|
|t:|1785742106
|switch|p2a: Farigiraf|Farigiraf, L50, M|14/100 slp
|detailschange|p2b: Swampert|Swampert-Mega, L50, F, shiny
|-mega|p2b: Swampert|Swampert|Swampertite
|move|p1b: Milotic|Hypnosis|p2a: Farigiraf
|-fail|p2a: Farigiraf|slp
|move|p1a: Incineroar|Parting Shot|p2b: Swampert
|-unboost|p2b: Swampert|atk|1
|-unboost|p2b: Swampert|spa|1
|
|t:|1785742109
|switch|p1a: Floette|Floette-Mega, L50, F|66/100|[from] Parting Shot
|-ability|p1a: Floette|Fairy Aura
|move|p2b: Swampert|Earthquake|p1b: Milotic|[spread] p2a,p1a,p1b
|-damage|p2a: Farigiraf|0 fnt
|-damage|p1a: Floette|34/100
|-damage|p1b: Milotic|39/100
|faint|p2a: Farigiraf
|
|-heal|p1b: Milotic|45/100|[from] item: Leftovers
|upkeep
|
|t:|1785742127
|switch|p2a: Sinistcha|Sinistcha-Masterpiece, L50|6/100
|turn|8
|
|t:|1785742134
|move|p1a: Floette|Draining Kiss|p2a: Sinistcha
|-damage|p2a: Sinistcha|0 fnt
|-heal|p1a: Floette|39/100|[from] drain|[of] p2a: Sinistcha
|faint|p2a: Sinistcha
|move|p1b: Milotic|Recover|p1b: Milotic
|-heal|p1b: Milotic|95/100
|move|p2b: Swampert|Wave Crash|p1a: Floette
|-damage|p1a: Floette|0 fnt
|faint|p1a: Floette
|-damage|p2b: Swampert|86/100|[from] Recoil
|
|-heal|p1b: Milotic|100/100|[from] item: Leftovers
|upkeep
|
|t:|1785742137
|switch|p1a: Incineroar|Incineroar, L50, F|39/100
|-ability|p1a: Incineroar|Intimidate|boost
|-unboost|p2b: Swampert|atk|1
|turn|9
|
|t:|1785742142
|move|p1b: Milotic|Muddy Water|p2b: Swampert
|-damage|p2b: Swampert|56/100
|-unboost|p2b: Swampert|accuracy|1
|move|p1a: Incineroar|Throat Chop|p2b: Swampert
|-crit|p2b: Swampert
|-damage|p2b: Swampert|9/100
|-start|p2b: Swampert|Throat Chop|[silent]
|move|p2b: Swampert|Wave Crash|p1a: Incineroar
|-supereffective|p1a: Incineroar|1
|-damage|p1a: Incineroar|0 fnt
|faint|p1a: Incineroar
|-damage|p2b: Swampert|0 fnt|[from] Recoil
|faint|p2b: Swampert
|
|win|repo1
