|j|☆SuperPokeVGC
|j|☆midnight labworks
|html|SuperPokeVGCmidnight labworks    
|uhtml|bestof|Game 2 of a best-of-3
|t:|1756491835
|gametype|doubles
|player|p1|SuperPokeVGC|ltsurge|1212
|player|p2|midnight labworks|cynthia-gen4|1062
|gen|9
|tier|[Gen 9] VGC 2025 Reg H (Bo3)
|rated|
|rule|Species Clause: Limit one of each Pokémon
|rule|Item Clause: Limit 1 of each item
|clearpoke
|poke|p1|Tyranitar, L50, F|
|poke|p1|Garchomp, L50, F|
|poke|p1|Gholdengo, L50|
|poke|p1|Sinistcha, L50|
|poke|p1|Yanmega, L50, M|
|poke|p1|Arcanine, L50, F|
|poke|p2|Venusaur, L50, F|
|poke|p2|Torkoal, L50, F|
|poke|p2|Farigiraf, L50, F|
|poke|p2|Ursaluna, L50, M|
|poke|p2|Annihilape, L50, F|
|poke|p2|Mandibuzz, L50, F|
|teampreview|4
|showteam|p1|Tyranitar||LifeOrb|SandStream|KnockOff,RockSlide,TeraBlast,Protect|||F|||50|,,,,,Flying]Garchomp||ClearAmulet|SandVeil|DragonClaw,StompingTantrum,Earthquake,Protect|||F|||50|,,,,,Fire]Gholdengo||Leftovers|GoodasGold|MakeItRain,ShadowBall,NastyPlot,Protect||||||50|,,,,,Water]Sinistcha||SitrusBerry|Hospitality|RagePowder,MatchaGotcha,TrickRoom,Protect||||||50|,,,,,Water]Yanmega||FocusSash|SpeedBoost|Tailwind,AirSlash,BugBuzz,Detect|||M|||50|,,,,,Ghost]Arcanine||MirrorHerb|Intimidate|ExtremeSpeed,FlareBlitz,WillOWisp,Protect|||F|||50|,,,,,Normal
|showteam|p2|Venusaur||LifeOrb|Chlorophyll|SludgeBomb,EnergyBall,EarthPower,Protect|||F|||50|,,,,,Stellar]Torkoal||Charcoal|Drought|Eruption,BurningJealousy,EarthPower,Protect|||F|||50|,,,,,Fire]Farigiraf||SitrusBerry|ArmorTail|Psychic,BeatUp,HelpingHand,TrickRoom|||F|||50|,,,,,Normal]Ursaluna||FlameOrb|Guts|Facade,HeadlongRush,Substitute,Protect|||M|||50|,,,,,Normal]Annihilape||LumBerry|Defiant|RageFist,DrainPunch,BulkUp,Protect|||F|||50|,,,,,Fire]Mandibuzz||Leftovers|Overcoat|FoulPlay,Snarl,Taunt,Tailwind|||F|||50|,,,,,Ground
|inactive|Battle timer is ON: inactive players will automatically lose when time's up. (requested by midnight labworks)
|inactive|midnight labworks has 60 seconds left.
|
|t:|1756491878
|teamsize|p1|4
|teamsize|p2|4
|start
|switch|p1a: Arcanine|Arcanine, L50, F|100/100
|switch|p1b: Garchomp|Garchomp, L50, F|100/100
|switch|p2a: Farigiraf|Farigiraf, L50, F|100/100
|switch|p2b: Juice|Annihilape, L50, F|100/100
|-ability|p1a: Arcanine|Intimidate|boost
|-unboost|p2a: Farigiraf|atk|1
|-unboost|p2b: Juice|atk|1
|-ability|p2b: Juice|Defiant|boost
|-boost|p2b: Juice|atk|2
|-enditem|p1a: Arcanine|Mirror Herb
|-boost|p1a: Arcanine|atk|2|[from] item: Mirror Herb
|turn|1
|inactive|SuperPokeVGC has 30 seconds left.
|inactive|SuperPokeVGC has 20 seconds left.
|inactive|SuperPokeVGC has 15 seconds left.
|
|t:|1756491922
|move|p1b: Garchomp|Dragon Claw|p2a: Farigiraf
|-damage|p2a: Farigiraf|67/100
|move|p1a: Arcanine|Flare Blitz|p2a: Farigiraf
|-damage|p2a: Farigiraf|0 fnt
|faint|p2a: Farigiraf
|-damage|p1a: Arcanine|73/100|[from] Recoil
|move|p2b: Juice|Drain Punch|p1a: Arcanine
|-damage|p1a: Arcanine|14/100
|
|upkeep
|
|t:|1756491929
|switch|p2a: Ursaluna|Ursaluna, L50, M|100/100
|turn|2
|inactive|SuperPokeVGC has 30 seconds left.
|
|t:|1756491955
|move|p1a: Arcanine|Protect|p1a: Arcanine
|-singleturn|p1a: Arcanine|Protect
|move|p1b: Garchomp|Earthquake|p2b: Juice|[spread] p2a,p2b
|-activate|p1a: Arcanine|move: Protect
|-damage|p2a: Ursaluna|68/100
|-damage|p2b: Juice|60/100
|move|p2b: Juice|Drain Punch|p1a: Arcanine
|-activate|p1a: Arcanine|move: Protect
|move|p2a: Ursaluna|Substitute|p2a: Ursaluna
|-start|p2a: Ursaluna|Substitute
|-damage|p2a: Ursaluna|43/100
|
|-status|p2a: Ursaluna|brn|[from] item: Flame Orb
|upkeep
|turn|3
|inactive|SuperPokeVGC has 30 seconds left.
|inactive|SuperPokeVGC has 20 seconds left.
|inactive|SuperPokeVGC has 15 seconds left.
|inactive|SuperPokeVGC has 10 seconds left.
|
|t:|1756492001
|move|p1a: Arcanine|Extreme Speed|p2a: Ursaluna
|-end|p2a: Ursaluna|Substitute
|move|p1b: Garchomp|Dragon Claw|p2a: Ursaluna
|-damage|p2a: Ursaluna|9/100 brn
|move|p2b: Juice|Drain Punch|p1a: Arcanine
|-damage|p1a: Arcanine|0 fnt
|-heal|p2b: Juice|66/100|[from] drain|[of] p1a: Arcanine
|faint|p1a: Arcanine
|move|p2a: Ursaluna|Facade|p1b: Garchomp
|-damage|p1b: Garchomp|0 fnt
|faint|p1b: Garchomp
|
|-damage|p2a: Ursaluna|3/100 brn|[from] brn
|upkeep
|
|t:|1756492025
|switch|p1b: Sinistcha|Sinistcha, L50|100/100
|switch|p1a: Tyranitar|Tyranitar, L50, F|100/100
|-weather|Sandstorm|[from] ability: Sand Stream|[of] p1a: Tyranitar
|turn|4
|
|t:|1756492049
|switch|p2a: Torkoal|Torkoal, L50, F|100/100
|-weather|SunnyDay|[from] ability: Drought|[of] p2a: Torkoal
|move|p1a: Tyranitar|Protect|p1a: Tyranitar
|-singleturn|p1a: Tyranitar|Protect
|move|p2b: Juice|Rage Fist|p1b: Sinistcha
|-supereffective|p1b: Sinistcha
|-damage|p1b: Sinistcha|0 fnt
|faint|p1b: Sinistcha
|
|-weather|SunnyDay|[upkeep]
|upkeep
|turn|5
|inactive|SuperPokeVGC has 30 seconds left.
|
|t:|1756492080
|move|p2b: Juice|Rage Fist|p1a: Tyranitar
|-resisted|p1a: Tyranitar
|-damage|p1a: Tyranitar|78/100
|move|p1a: Tyranitar|Rock Slide|p2a: Torkoal|[spread] p2a,p2b
|-supereffective|p2a: Torkoal
|-resisted|p2b: Juice
|-damage|p2a: Torkoal|25/100
|-damage|p2b: Juice|49/100
|-damage|p1a: Tyranitar|68/100|[from] item: Life Orb
|cant|p2a: Torkoal|flinch
|
|-weather|SunnyDay|[upkeep]
|upkeep
|turn|6
|
|t:|1756492102
|move|p1a: Tyranitar|Protect|p1a: Tyranitar
|-singleturn|p1a: Tyranitar|Protect
|move|p2b: Juice|Drain Punch|p1a: Tyranitar
|-activate|p1a: Tyranitar|move: Protect
|move|p2a: Torkoal|Burning Jealousy|p1a: Tyranitar
|-activate|p1a: Tyranitar|move: Protect
|
|-weather|SunnyDay|[upkeep]
|upkeep
|turn|7
|
|t:|1756492113
|move|p2a: Torkoal|Protect|p2a: Torkoal
|-singleturn|p2a: Torkoal|Protect
|move|p2b: Juice|Drain Punch|p1a: Tyranitar
|-supereffective|p1a: Tyranitar
|-damage|p1a: Tyranitar|0 fnt
|-heal|p2b: Juice|82/100|[from] drain|[of] p1a: Tyranitar
|faint|p1a: Tyranitar
|
|win|midnight labworks
||SuperPokeVGC is ready for game 3.
||midnight labworks is ready for game 3.
|uhtml|next|Next: Game 3 of 3
|l|☆midnight labworks
|player|p2|
