|j|☆magicalarcher57
|j|☆jakejakejake
|html|magicalarcher57jakejakejake    
|uhtml|bestof|Game 2 of a best-of-3
|t:|1784819299
|gametype|doubles
|player|p1|magicalarcher57|diantha|1130
|player|p2|jakejakejake|101|1087
|gen|9
|tier|[Gen 9 Champions] VGC 2026 Reg M-B (Bo3)
|rated|
|rule|Species Clause: Limit one of each Pokémon
|rule|Item Clause: Limit 1 of each item
|clearpoke
|poke|p1|Sneasler, L50, F|
|poke|p1|Garchomp, L50, M|
|poke|p1|Aerodactyl, L50, F|
|poke|p1|Charizard, L50, M|
|poke|p1|Venusaur, L50, F|
|poke|p1|Kingambit, L50, F|
|poke|p2|Charizard, L50, M|
|poke|p2|Hydreigon, L50, F|
|poke|p2|Incineroar, L50, M|
|poke|p2|Mamoswine, L50, F|
|poke|p2|Sneasler, L50, F|
|poke|p2|Toxapex, L50, M|
|teampreview|4
|showteam|p1|Sneasler||WhiteHerb|Unburden|FakeOut,CloseCombat,DireClaw,Protect|Adamant||F|||50|]Garchomp||LifeOrb|RoughSkin|Earthquake,StompingTantrum,DragonClaw,Protect|Jolly||M|||50|]Aerodactyl||Aerodactylite|Unnerve|RockSlide,WideGuard,Tailwind,IceFang|Jolly||F|||50|]Charizard||CharizarditeY|Blaze|HeatWave,WeatherBall,SolarBeam,Protect|Modest||M|||50|]Venusaur||FocusSash|Chlorophyll|SolarBeam,SludgeBomb,Protect,EarthPower|Modest||F|||50|]Kingambit||BlackGlasses|Defiant|LowKick,KowtowCleave,SuckerPunch,Protect|Adamant||F|||50|
|showteam|p2|Charizard||CharizarditeY|SolarPower|Protect,HeatWave,SolarBeam,WeatherBall|Timid||M|||50|]Hydreigon||ChoiceScarf|Levitate|DarkPulse,EarthPower,Snarl,DracoMeteor|Modest||F|||50|]Incineroar||SitrusBerry|Intimidate|FakeOut,PartingShot,FlareBlitz,ThroatChop|Impish||M|||50|]Mamoswine||FocusSash|Oblivious|Protect,IcicleCrash,Earthquake,IceShard|Adamant||F|||50|]Sneasler||WhiteHerb|Unburden|FakeOut,CloseCombat,Protect,DireClaw|Jolly||F|||50|]Toxapex||Leftovers|Regenerator|BanefulBunker,Toxic,Infestation,WideGuard|Bold||M|||50|
|inactive|Battle timer is ON: inactive players will automatically lose when time's up. (requested by magicalarcher57)
|
|t:|1784819321
|teamsize|p1|4
|teamsize|p2|4
|start
|switch|p1a: Sneasler|Sneasler, L50, F|100/100
|switch|p1b: Aerodactyl|Aerodactyl, L50, F|100/100
|switch|p2a: Sneasler|Sneasler, L50, F|100/100
|switch|p2b: Charizard|Charizard, L50, M|100/100
|-ability|p1b: Aerodactyl|Unnerve
|turn|1
|inactive|jakejakejake has 30 seconds left.
|
|t:|1784819347
|switch|p2b: Toxapex|Toxapex, L50, M|100/100
|move|p1a: Sneasler|Fake Out|p2b: Toxapex
|-damage|p2b: Toxapex|90/100
|move|p1b: Aerodactyl|Rock Slide|p2b: Toxapex|[spread] p2a,p2b
|-resisted|p2a: Sneasler|1
|-damage|p2a: Sneasler|78/100
|-damage|p2b: Toxapex|75/100
|cant|p2a: Sneasler|flinch
|
|-heal|p2b: Toxapex|80/100|[from] item: Leftovers
|upkeep
|turn|2
|
|t:|1784819369
|move|p1b: Aerodactyl|Tailwind|p1b: Aerodactyl
|-sidestart|p1: magicalarcher57|move: Tailwind
|move|p1a: Sneasler|Close Combat|p2a: Sneasler
|-resisted|p2a: Sneasler|1
|-damage|p2a: Sneasler|22/100
|-unboost|p1a: Sneasler|def|1
|-unboost|p1a: Sneasler|spd|1
|-enditem|p1a: Sneasler|White Herb
|-clearnegativeboost|p1a: Sneasler|[silent]
|move|p2a: Sneasler|Close Combat|p1b: Aerodactyl
|-damage|p1b: Aerodactyl|0 fnt
|-unboost|p2a: Sneasler|def|1
|-unboost|p2a: Sneasler|spd|1
|faint|p1b: Aerodactyl
|-enditem|p2a: Sneasler|White Herb
|-clearnegativeboost|p2a: Sneasler|[silent]
|move|p2b: Toxapex|Infestation|p1a: Sneasler
|-resisted|p1a: Sneasler|2
|-damage|p1a: Sneasler|99/100
|-activate|p1a: Sneasler|move: Infestation|[of] p2b: Toxapex
|
|-heal|p2b: Toxapex|86/100|[from] item: Leftovers
|-damage|p1a: Sneasler|87/100|[from] move: Infestation|[partiallytrapped]
|upkeep
|
|t:|1784819389
|switch|p1b: Venusaur|Venusaur, L50, F|100/100
|turn|3
|
|t:|1784819405
|move|p2a: Sneasler|Protect|p2a: Sneasler
|-singleturn|p2a: Sneasler|Protect
|move|p1a: Sneasler|Close Combat|p2a: Sneasler
|-activate|p2a: Sneasler|move: Protect
|move|p1b: Venusaur|Earth Power|p2b: Toxapex
|-supereffective|p2b: Toxapex|1
|-damage|p2b: Toxapex|34/100
|move|p2b: Toxapex|Infestation|p1b: Venusaur
|-damage|p1b: Venusaur|96/100
|-activate|p1b: Venusaur|move: Infestation|[of] p2b: Toxapex
|
|-heal|p2b: Toxapex|40/100|[from] item: Leftovers
|-damage|p1a: Sneasler|75/100|[from] move: Infestation|[partiallytrapped]
|-damage|p1b: Venusaur|84/100|[from] move: Infestation|[partiallytrapped]
|upkeep
|turn|4
|inactive|magicalarcher57 has 30 seconds left.
|inactive|jakejakejake has 30 seconds left.
|inactive|magicalarcher57 has 20 seconds left.
|inactive|jakejakejake has 20 seconds left.
|
|t:|1784819444
|switch|p2a: Charizard|Charizard, L50, M|100/100
|move|p2b: Toxapex|Baneful Bunker|p2b: Toxapex
|-singleturn|p2b: Toxapex|move: Protect
|move|p1a: Sneasler|Close Combat|p2a: Charizard
|-resisted|p2a: Charizard|1
|-damage|p2a: Charizard|47/100
|-unboost|p1a: Sneasler|def|1
|-unboost|p1a: Sneasler|spd|1
|move|p1b: Venusaur|Earth Power|p2b: Toxapex
|-activate|p2b: Toxapex|move: Protect
|
|-heal|p2b: Toxapex|45/100|[from] item: Leftovers
|-damage|p1a: Sneasler|63/100|[from] move: Infestation|[partiallytrapped]
|-damage|p1b: Venusaur|71/100|[from] move: Infestation|[partiallytrapped]
|upkeep
|turn|5
|
|t:|1784819468
|-heal|p2b: Toxapex|78/100|[from] ability: Regenerator|[silent]
|switch|p2b: Sneasler|Sneasler, L50, F|22/100
|move|p2a: Charizard|Protect|p2a: Charizard
|-singleturn|p2a: Charizard|Protect
|move|p1a: Sneasler|Dire Claw|p2a: Charizard
|-activate|p2a: Charizard|move: Protect
|move|p1b: Venusaur|Earth Power|p2b: Sneasler
|-supereffective|p2b: Sneasler|1
|-damage|p2b: Sneasler|0 fnt
|faint|p2b: Sneasler
|
|-end|p1a: Sneasler|Infestation|[partiallytrapped]|[silent]
|-end|p1b: Venusaur|Infestation|[partiallytrapped]|[silent]
|-sideend|p1: magicalarcher57|move: Tailwind
|upkeep
|
|t:|1784819480
|switch|p2b: Mamoswine|Mamoswine, L50, F|100/100
|turn|6
|
|t:|1784819488
|detailschange|p2a: Charizard|Charizard-Mega-Y, L50, M
|-mega|p2a: Charizard|Charizard|Charizardite Y
|-weather|SunnyDay|[from] ability: Drought|[of] p2a: Charizard
|move|p1a: Sneasler|Dire Claw|p2a: Charizard
|-damage|p2a: Charizard|0 fnt
|faint|p2a: Charizard
|move|p1b: Venusaur|Earth Power|p2b: Mamoswine
|-damage|p2b: Mamoswine|58/100
|move|p2b: Mamoswine|Earthquake|p1a: Sneasler|[spread] p1a,p1b
|-supereffective|p1a: Sneasler|1
|-damage|p1a: Sneasler|0 fnt
|-damage|p1b: Venusaur|12/100
|faint|p1a: Sneasler
|
|-weather|SunnyDay|[upkeep]
|upkeep
|
|t:|1784819504
|switch|p1a: Charizard|Charizard, L50, M|100/100
|switch|p2a: Toxapex|Toxapex, L50, M|78/100
|turn|7
|inactive|magicalarcher57 has 30 seconds left.
|inactive|magicalarcher57 has 20 seconds left.
|
|t:|1784819541
|detailschange|p1a: Charizard|Charizard-Mega-Y, L50, M
|-mega|p1a: Charizard|Charizard|Charizardite Y
|move|p1b: Venusaur|Protect|p1b: Venusaur
|-singleturn|p1b: Venusaur|Protect
|move|p2b: Mamoswine|Protect|p2b: Mamoswine
|-singleturn|p2b: Mamoswine|Protect
|move|p2a: Toxapex|Baneful Bunker|p2a: Toxapex
|-singleturn|p2a: Toxapex|move: Protect
|move|p1a: Charizard|Weather Ball|p2b: Mamoswine
|-activate|p2b: Mamoswine|move: Protect
|
|-weather|SunnyDay|[upkeep]
|-heal|p2a: Toxapex|84/100|[from] item: Leftovers
|upkeep
|turn|8
|
|t:|1784819556
|move|p2b: Mamoswine|Ice Shard|p1b: Venusaur
|-supereffective|p1b: Venusaur|1
|-damage|p1b: Venusaur|0 fnt
|faint|p1b: Venusaur
|move|p1a: Charizard|Weather Ball|p2b: Mamoswine
|-supereffective|p2b: Mamoswine|1
|-damage|p2b: Mamoswine|0 fnt
|faint|p2b: Mamoswine
|move|p2a: Toxapex|Toxic|p1a: Charizard
|-status|p1a: Charizard|tox
|
|-weather|SunnyDay|[upkeep]
|-heal|p2a: Toxapex|90/100|[from] item: Leftovers
|-damage|p1a: Charizard|94/100 tox|[from] psn
|upkeep
|turn|9
|
|t:|1784819568
|move|p2a: Toxapex|Baneful Bunker|p2a: Toxapex
|-singleturn|p2a: Toxapex|move: Protect
|move|p1a: Charizard|Solar Beam||[still]
|-prepare|p1a: Charizard|Solar Beam
|-anim|p1a: Charizard|Solar Beam|p2a: Toxapex
|-activate|p2a: Toxapex|move: Protect
|
|-weather|SunnyDay|[upkeep]
|-heal|p2a: Toxapex|96/100|[from] item: Leftovers
|-damage|p1a: Charizard|82/100 tox|[from] psn
|upkeep
|turn|10
|
|t:|1784819583
|move|p1a: Charizard|Solar Beam||[still]
|-prepare|p1a: Charizard|Solar Beam
|-anim|p1a: Charizard|Solar Beam|p2a: Toxapex
|-damage|p2a: Toxapex|54/100
|move|p2a: Toxapex|Infestation|p1a: Charizard
|-resisted|p1a: Charizard|2
|-damage|p1a: Charizard|81/100 tox
|-activate|p1a: Charizard|move: Infestation|[of] p2a: Toxapex
|
|-weather|none
|-heal|p2a: Toxapex|59/100|[from] item: Leftovers
|-damage|p1a: Charizard|64/100 tox|[from] psn
|-damage|p1a: Charizard|52/100 tox|[from] move: Infestation|[partiallytrapped]
|upkeep
|turn|11
|
|t:|1784819597
|move|p1a: Charizard|Heat Wave|p2a: Toxapex
|-resisted|p2a: Toxapex|1
|-damage|p2a: Toxapex|35/100
|-status|p2a: Toxapex|brn
|move|p2a: Toxapex|Infestation|p1a: Charizard
|-resisted|p1a: Charizard|2
|-damage|p1a: Charizard|51/100 tox
|
|-heal|p2a: Toxapex|40/100 brn|[from] item: Leftovers
|-damage|p1a: Charizard|28/100 tox|[from] psn
|-damage|p2a: Toxapex|35/100 brn|[from] brn
|-damage|p1a: Charizard|16/100 tox|[from] move: Infestation|[partiallytrapped]
|upkeep
|turn|12
|
|t:|1784819606
|move|p2a: Toxapex|Baneful Bunker|p2a: Toxapex
|-singleturn|p2a: Toxapex|move: Protect
|move|p1a: Charizard|Solar Beam||[still]
|-prepare|p1a: Charizard|Solar Beam
|
|-heal|p2a: Toxapex|40/100 brn|[from] item: Leftovers
|-damage|p1a: Charizard|0 fnt|[from] psn
|faint|p1a: Charizard
|
|win|jakejakejake
|raw|magicalarcher57's rating: 1130 → 1102(-28 for losing)
|raw|jakejakejake's rating: 1087 → 1117(+30 for winning)
