|j|☆sinbad37
|j|☆jANMxRin
|html|sinbad37jANMxRin    
|uhtml|bestof|Game 3 of a best-of-3
|t:|1756472944
|gametype|doubles
|player|p1|sinbad37|volkner|1056
|player|p2|jANMxRin|acerola-masters|1040
|gen|9
|tier|[Gen 9] VGC 2025 Reg H (Bo3)
|rated|
|rule|Species Clause: Limit one of each Pokémon
|rule|Item Clause: Limit 1 of each item
|clearpoke
|poke|p1|Gholdengo, L50|
|poke|p1|Rillaboom, L50, M|
|poke|p1|Pelipper, L50, M|
|poke|p1|Archaludon, L50, F|
|poke|p1|Basculegion, L50, M|
|poke|p1|Incineroar, L50, M|
|poke|p2|Sneasler, L50, F|
|poke|p2|Indeedee, L50, M|
|poke|p2|Ursaluna-Bloodmoon, L50, M|
|poke|p2|Electabuzz, L50, F|
|poke|p2|Incineroar, L50, M|
|poke|p2|Talonflame, L50, F|
|teampreview|4
|showteam|p1|Gholdengo||LifeOrb|GoodasGold|MakeItRain,ShadowBall,NastyPlot,Protect||||||50|,,,,,Water]Rillaboom||MiracleSeed|GrassySurge|GrassyGlide,WoodHammer,FakeOut,HighHorsepower|||M|||50|,,,,,Fire]Pelipper||FocusSash|Drizzle|Hurricane,Protect,WeatherBall,Tailwind|||M|||50|,,,,,Ghost]Archaludon||AssaultVest|Stamina|ElectroShot,FlashCannon,BodyPress,DragonPulse|||F|||50|,,,,,Water]Basculegion||ChoiceBand|SwiftSwim|LastRespects,WaveCrash,AquaJet,FlipTurn|||M|||50|,,,,,Water]Incineroar||SafetyGoggles|Intimidate|FakeOut,PartingShot,KnockOff,WillOWisp|||M|||50|,,,,,Ghost
|showteam|p2|Sneasler||PsychicSeed|Unburden|CloseCombat,DireClaw,ThroatChop,Protect|||F|||50|,,,,,Dark]Indeedee||FocusSash|PsychicSurge|ExpandingForce,TrickRoom,HelpingHand,Protect|||M|||50|,,,,,Psychic]Ursaluna-Bloodmoon||LifeOrb|MindsEye|BloodMoon,HyperVoice,EarthPower,Protect|||M|||50|,,,,,Normal]Electabuzz||Eviolite|VitalSpirit|Electroweb,FollowMe,Taunt,Protect|||F|||50|,,,,,Dragon]Incineroar||SafetyGoggles|Intimidate|FlareBlitz,KnockOff,PartingShot,FakeOut|||M|||50|,,,,,Ghost]Talonflame||CovertCloak|GaleWings|FlareBlitz,DualWingbeat,WillOWisp,Tailwind|||F|||50|,,,,,Fairy
|inactive|Battle timer is ON: inactive players will automatically lose when time's up. (requested by sinbad37)
|
|t:|1756472969
|teamsize|p1|4
|teamsize|p2|4
|start
|switch|p1a: Basculegion|Basculegion, L50, M, shiny|100/100
|switch|p1b: Pelipper|Pelipper, L50, M|100/100
|switch|p2a: Incineroar|Incineroar, L50, M|100/100
|switch|p2b: Electabuzz|Electabuzz, L50, F|100/100
|-weather|RainDance|[from] ability: Drizzle|[of] p1b: Pelipper
|-ability|p2a: Incineroar|Intimidate|boost
|-unboost|p1a: Basculegion|atk|1
|-unboost|p1b: Pelipper|atk|1
|turn|1
|inactive|jANMxRin has 30 seconds left.
|inactive|jANMxRin has 20 seconds left.
|inactive|jANMxRin has 15 seconds left.
|inactive|jANMxRin has 10 seconds left.
|inactive|jANMxRin has 5 seconds left.
|
|t:|1756473022
|switch|p1b: Incineroar|Incineroar, L50, M|100/100
|-ability|p1b: Incineroar|Intimidate|boost
|-unboost|p2a: Incineroar|atk|1
|-unboost|p2b: Electabuzz|atk|1
|move|p2b: Electabuzz|Follow Me|p2b: Electabuzz
|-singleturn|p2b: Electabuzz|move: Follow Me
|move|p1a: Basculegion|Flip Turn|p2b: Electabuzz
|-damage|p2b: Electabuzz|53/100
|
|t:|1756473031
|switch|p1a: Rillaboom|Rillaboom, L50, M|100/100|[from] Flip Turn
|-fieldstart|move: Grassy Terrain|[from] ability: Grassy Surge|[of] p1a: Rillaboom
|move|p2a: Incineroar|Knock Off|p1a: Rillaboom
|-damage|p1a: Rillaboom|74/100
|-enditem|p1a: Rillaboom|Miracle Seed|[from] move: Knock Off|[of] p2a: Incineroar
|
|-weather|RainDance|[upkeep]
|-heal|p2b: Electabuzz|58/100|[from] Grassy Terrain
|-heal|p1a: Rillaboom|80/100|[from] Grassy Terrain
|upkeep
|turn|2
|inactive|jANMxRin has 30 seconds left.
|
|t:|1756473064
|switch|p2b: Indeedee|Indeedee, L50, M|100/100
|-fieldstart|move: Psychic Terrain|[from] ability: Psychic Surge|[of] p2b: Indeedee
|switch|p1a: Basculegion|Basculegion, L50, M, shiny|100/100
|move|p2a: Incineroar|Parting Shot|p1a: Basculegion
|-unboost|p1a: Basculegion|atk|1
|-unboost|p1a: Basculegion|spa|1
|
|t:|1756473073
|switch|p2a: Sneasler|Sneasler, L50, F|100/100|[from] Parting Shot
|-enditem|p2a: Sneasler|Psychic Seed
|-boost|p2a: Sneasler|spd|1|[from] item: Psychic Seed
|move|p1b: Incineroar|Parting Shot|p2a: Sneasler
|-unboost|p2a: Sneasler|atk|1
|-unboost|p2a: Sneasler|spa|1
|
|t:|1756473079
|switch|p1b: Rillaboom|Rillaboom, L50, M|80/100|[from] Parting Shot
|-fieldstart|move: Grassy Terrain|[from] ability: Grassy Surge|[of] p1b: Rillaboom
|
|-weather|RainDance|[upkeep]
|-heal|p1b: Rillaboom|86/100|[from] Grassy Terrain
|upkeep
|turn|3
|inactive|jANMxRin has 30 seconds left.
|inactive|jANMxRin has 20 seconds left.
|inactive|jANMxRin has 15 seconds left.
|
|t:|1756473120
|switch|p1a: Incineroar|Incineroar, L50, M|100/100
|-ability|p1a: Incineroar|Intimidate|boost
|-unboost|p2a: Sneasler|atk|1
|-unboost|p2b: Indeedee|atk|1
|move|p2a: Sneasler|Protect|p2a: Sneasler
|-singleturn|p2a: Sneasler|Protect
|move|p2b: Indeedee|Protect|p2b: Indeedee
|-singleturn|p2b: Indeedee|Protect
|move|p1b: Rillaboom|Fake Out|p2a: Sneasler
|-activate|p2a: Sneasler|move: Protect
|
|-weather|RainDance|[upkeep]
|-heal|p1b: Rillaboom|92/100|[from] Grassy Terrain
|upkeep
|turn|4
|inactive|sinbad37 has 30 seconds left.
|inactive|jANMxRin has 30 seconds left.
|
|t:|1756473147
|switch|p2a: Incineroar|Incineroar, L50, M|100/100
|-ability|p2a: Incineroar|Intimidate|boost
|-unboost|p1a: Incineroar|atk|1
|-unboost|p1b: Rillaboom|atk|1
|move|p1a: Incineroar|Fake Out|p2a: Incineroar
|-damage|p2a: Incineroar|93/100
|move|p2b: Indeedee|Expanding Force|p1b: Rillaboom
|-damage|p1b: Rillaboom|46/100
|move|p1b: Rillaboom|High Horsepower|p2a: Incineroar
|-supereffective|p2a: Incineroar
|-damage|p2a: Incineroar|49/100
|
|-weather|RainDance|[upkeep]
|-heal|p2a: Incineroar|56/100|[from] Grassy Terrain
|-heal|p1b: Rillaboom|52/100|[from] Grassy Terrain
|upkeep
|turn|5
|inactive|jANMxRin has 30 seconds left.
|
|t:|1756473174
|switch|p2b: Sneasler|Sneasler, L50, F|100/100
|switch|p1b: Basculegion|Basculegion, L50, M, shiny|100/100
|move|p2a: Incineroar|Knock Off|p1b: Basculegion
|-supereffective|p1b: Basculegion
|-damage|p1b: Basculegion|0 fnt
|-enditem|p1b: Basculegion|Choice Band|[from] move: Knock Off|[of] p2a: Incineroar
|faint|p1b: Basculegion
|move|p1a: Incineroar|Parting Shot|p2a: Incineroar
|-unboost|p2a: Incineroar|atk|1
|-unboost|p2a: Incineroar|spa|1
|
|t:|1756473186
|switch|p1a: Rillaboom|Rillaboom, L50, M|52/100|[from] Parting Shot
|
|-weather|none
|-heal|p2a: Incineroar|62/100|[from] Grassy Terrain
|-heal|p1a: Rillaboom|58/100|[from] Grassy Terrain
|upkeep
|
|t:|1756473189
|switch|p1b: Pelipper|Pelipper, L50, M|100/100
|-weather|RainDance|[from] ability: Drizzle|[of] p1b: Pelipper
|turn|6
|inactive|jANMxRin has 30 seconds left.
|inactive|jANMxRin has 20 seconds left.
|inactive|jANMxRin has 15 seconds left.
|inactive|jANMxRin has 10 seconds left.
|
|t:|1756473238
|switch|p2a: Indeedee|Indeedee, L50, M|100/100
|-fieldstart|move: Psychic Terrain|[from] ability: Psychic Surge|[of] p2a: Indeedee
|switch|p1a: Incineroar|Incineroar, L50, M|100/100
|-ability|p1a: Incineroar|Intimidate|boost
|-unboost|p2a: Indeedee|atk|1
|-unboost|p2b: Sneasler|atk|1
|move|p2b: Sneasler|Protect|p2b: Sneasler
|-singleturn|p2b: Sneasler|Protect
|move|p1b: Pelipper|Hurricane|p2b: Sneasler
|-activate|p2b: Sneasler|move: Protect
|
|-weather|RainDance|[upkeep]
|upkeep
|turn|7
|inactive|jANMxRin has 30 seconds left.
|
|t:|1756473269
|switch|p2b: Incineroar|Incineroar, L50, M|62/100
|-ability|p2b: Incineroar|Intimidate|boost
|-unboost|p1a: Incineroar|atk|1
|-unboost|p1b: Pelipper|atk|1
|switch|p1b: Rillaboom|Rillaboom, L50, M|58/100
|-fieldstart|move: Grassy Terrain|[from] ability: Grassy Surge|[of] p1b: Rillaboom
|move|p1a: Incineroar|Fake Out|p2b: Incineroar
|-damage|p2b: Incineroar|55/100
|move|p2a: Indeedee|Expanding Force|p1b: Rillaboom
|-damage|p1b: Rillaboom|14/100
|
|-weather|RainDance|[upkeep]
|-heal|p2b: Incineroar|61/100|[from] Grassy Terrain
|-heal|p1b: Rillaboom|20/100|[from] Grassy Terrain
|upkeep
|turn|8
|
|t:|1756473290
|move|p2b: Incineroar|Fake Out|p1b: Rillaboom
|-damage|p1b: Rillaboom|9/100
|cant|p1b: Rillaboom|flinch
|move|p2a: Indeedee|Expanding Force|p1b: Rillaboom
|-damage|p1b: Rillaboom|0 fnt
|faint|p1b: Rillaboom
|move|p1a: Incineroar|Knock Off|p2a: Indeedee
|-supereffective|p2a: Indeedee
|-enditem|p2a: Indeedee|Focus Sash
|-damage|p2a: Indeedee|1/100
|
|-weather|RainDance|[upkeep]
|-heal|p2a: Indeedee|7/100|[from] Grassy Terrain
|-heal|p2b: Incineroar|67/100|[from] Grassy Terrain
|upkeep
|
|t:|1756473293
|switch|p1b: Pelipper|Pelipper, L50, M|100/100
|turn|9
|inactive|jANMxRin has 30 seconds left.
|
|t:|1756473320
|move|p2a: Indeedee|Expanding Force|p1b: Pelipper
|-crit|p1b: Pelipper
|-damage|p1b: Pelipper|8/100
|move|p1b: Pelipper|Tailwind|p1b: Pelipper
|-sidestart|p1: sinbad37|move: Tailwind
|move|p1a: Incineroar|Knock Off|p2a: Indeedee
|-supereffective|p2a: Indeedee
|-damage|p2a: Indeedee|0 fnt
|faint|p2a: Indeedee
|move|p2b: Incineroar|Knock Off|p1b: Pelipper
|-damage|p1b: Pelipper|0 fnt
|-enditem|p1b: Pelipper|Focus Sash|[from] move: Knock Off|[of] p2b: Incineroar
|faint|p1b: Pelipper
|
|-weather|RainDance|[upkeep]
|-heal|p2b: Incineroar|73/100|[from] Grassy Terrain
|upkeep
|
|t:|1756473342
|switch|p2a: Sneasler|Sneasler, L50, F|100/100
|turn|10
|
|t:|1756473353
|-terastallize|p1a: Incineroar|Ghost
|move|p2a: Sneasler|Protect|p2a: Sneasler
|-singleturn|p2a: Sneasler|Protect
|move|p1a: Incineroar|Will-O-Wisp|p2a: Sneasler
|-activate|p2a: Sneasler|move: Protect
|move|p2b: Incineroar|Parting Shot|p1a: Incineroar
|-unboost|p1a: Incineroar|atk|1
|-unboost|p1a: Incineroar|spa|1
|-message|sinbad37 forfeited.
|
|win|jANMxRin
|raw|sinbad37's rating: 1056 → 1037(-19 for losing)
|raw|jANMxRin's rating: 1040 → 1076(+36 for winning)
