|j|☆spellbreakvgc
|j|☆huezinhu
|html|spellbreakvgchuezinhu    
|uhtml|bestof|Game 2 of a best-of-3
|t:|1756929888
|gametype|doubles
|player|p1|spellbreakvgc|lance|1216
|player|p2|huezinhu|102|1105
|gen|9
|tier|[Gen 9] VGC 2025 Reg H (Bo3)
|rated|
|rule|Species Clause: Limit one of each Pokémon
|rule|Item Clause: Limit 1 of each item
|clearpoke
|poke|p1|Dondozo, L50, F|
|poke|p1|Tatsugiri-Stretchy, L50, F|
|poke|p1|Ursaluna, L50, F|
|poke|p1|Cinccino, L50, M|
|poke|p1|Weezing-Galar, L50, M|
|poke|p1|Koffing, L50, F|
|poke|p2|Kingambit, L50, M|
|poke|p2|Annihilape, L50, F|
|poke|p2|Maushold, L50|
|poke|p2|Sinistcha, L50|
|poke|p2|Gholdengo, L50|
|poke|p2|Archaludon, L50, M|
|teampreview|4
|showteam|p1|Dondozo||Leftovers|Unaware|BodyPress,Avalanche,Substitute,Protect|||F|||50|,,,,,Steel]Tatsugiri-Stretchy||FocusSash|Commander|Surf,DracoMeteor,MirrorCoat,Protect|||F|||50|,,,,,Fairy]Ursaluna||AssaultVest|Bulletproof|HeadlongRush,Earthquake,DoubleEdge,IcePunch|||F|||50|,,,,,Electric]Cinccino||CovertCloak|CuteCharm|TripleAxel,AfterYou,Encore,Protect|||M|||50|,,,,,Ghost]Weezing-Galar||ChoiceSpecs|NeutralizingGas|StrangeSteam,DazzlingGleam,Overheat,Toxic|||M|||50|,,,,,Fairy]Koffing||Eviolite|NeutralizingGas|SludgeBomb,PoisonGas,ToxicSpikes,Protect|||F|||50|,,,,,Water
|showteam|p2|Kingambit||AssaultVest|Defiant|KowtowCleave,SuckerPunch,LowKick,IronHead|||M|||50|,,,,,Dark]Annihilape||Leftovers|Defiant|BulkUp,DrainPunch,RageFist,Protect|||F|||50|,,,,,Fire]Maushold||SafetyGoggles|FriendGuard|FollowMe,Protect,Taunt,BeatUp||||||50|,,,,,Ghost]Sinistcha||SitrusBerry|Hospitality|MatchaGotcha,RagePowder,TrickRoom,LifeDew||||||50|,,,,,Water]Gholdengo||ChoiceScarf|GoodasGold|MakeItRain,ShadowBall,Thunderbolt,PowerGem||||||50|,,,,,Water]Archaludon||PowerHerb|Stamina|ElectroShot,DragonPulse,Protect,BodyPress|||M|||50|,,,,,Grass
|inactive|Battle timer is ON: inactive players will automatically lose when time's up. (requested by huezinhu)
|inactive|spellbreakvgc also wants the timer to be on.
|inactive|spellbreakvgc has 60 seconds left.
|inactive|spellbreakvgc has 30 seconds left.
|inactive|spellbreakvgc has 20 seconds left.
|
|t:|1756929964
|teamsize|p1|4
|teamsize|p2|4
|start
|switch|p1a: Cinccino|Cinccino, L50, M|100/100
|switch|p1b: Koffing|Koffing, L50, F|100/100
|switch|p2a: Annihilape|Annihilape, L50, F|100/100
|switch|p2b: Maushold|Maushold, L50|100/100
|-ability|p1b: Koffing|Neutralizing Gas
|turn|1
|inactive|huezinhu has 30 seconds left.
|
|t:|1756929991
|move|p1a: Cinccino|Protect|p1a: Cinccino
|-singleturn|p1a: Cinccino|Protect
|move|p2b: Maushold|Taunt|p1b: Koffing
|-start|p1b: Koffing|move: Taunt
|move|p2a: Annihilape|Drain Punch|p1a: Cinccino
|-activate|p1a: Cinccino|move: Protect
|cant|p1b: Koffing|move: Taunt|Toxic Spikes
|
|upkeep
|turn|2
|
|t:|1756930009
|-end|p1b: Koffing|ability: Neutralizing Gas
|switch|p1b: Tatsugiri|Tatsugiri-Stretchy, L50, F|100/100
|move|p1a: Cinccino|Encore|p2b: Maushold
|-start|p2b: Maushold|Encore
|move|p2b: Maushold|Taunt|p1a: Cinccino
|-start|p1a: Cinccino|move: Taunt
|move|p2a: Annihilape|Drain Punch|p1a: Cinccino
|-supereffective|p1a: Cinccino
|-damage|p1a: Cinccino|0 fnt
|-start|p2a: Annihilape|Attract|[from] ability: Cute Charm|[of] p1a: Cinccino
|faint|p1a: Cinccino
|-end|p2a: Annihilape|Attract|[silent]
|
|upkeep
|
|t:|1756930029
|switch|p1a: Koffing|Koffing, L50, F|100/100
|-ability|p1a: Koffing|Neutralizing Gas
|turn|3
|
|t:|1756930043
|move|p2b: Maushold|Taunt|p1a: Koffing
|-start|p1a: Koffing|move: Taunt
|move|p2a: Annihilape|Bulk Up|p2a: Annihilape
|-boost|p2a: Annihilape|atk|1
|-boost|p2a: Annihilape|def|1
|move|p1b: Tatsugiri|Draco Meteor|p2a: Annihilape
|-damage|p2a: Annihilape|41/100
|-unboost|p1b: Tatsugiri|spa|2
|move|p1a: Koffing|Sludge Bomb|p2a: Annihilape
|-resisted|p2a: Annihilape
|-damage|p2a: Annihilape|32/100
|
|-heal|p2a: Annihilape|38/100|[from] item: Leftovers
|upkeep
|turn|4
|
|t:|1756930065
|switch|p1b: Dondozo|Dondozo, L50, F|100/100
|move|p2a: Annihilape|Protect|p2a: Annihilape
|-singleturn|p2a: Annihilape|Protect
|move|p2b: Maushold|Taunt|p1b: Dondozo
|-start|p1b: Dondozo|move: Taunt
|move|p1a: Koffing|Sludge Bomb|p2b: Maushold
|-damage|p2b: Maushold|73/100
|-status|p2b: Maushold|psn
|
|-heal|p2a: Annihilape|44/100|[from] item: Leftovers
|-damage|p2b: Maushold|61/100 psn|[from] psn
|-end|p2b: Maushold|Encore
|upkeep
|turn|5
|inactive|huezinhu has 30 seconds left.
|
|t:|1756930093
|switch|p1b: Tatsugiri|Tatsugiri-Stretchy, L50, F|100/100
|move|p2b: Maushold|Beat Up|p2a: Annihilape
|-damage|p2a: Annihilape|42/100
|-crit|p2a: Annihilape
|-damage|p2a: Annihilape|39/100
|-damage|p2a: Annihilape|38/100
|-damage|p2a: Annihilape|36/100
|-hitcount|p2a: Annihilape|4
|move|p2a: Annihilape|Drain Punch|p1a: Koffing
|-resisted|p1a: Koffing
|-damage|p1a: Koffing|81/100
|-heal|p2a: Annihilape|42/100|[from] drain|[of] p1a: Koffing
|move|p1a: Koffing|Sludge Bomb|p2a: Annihilape
|-resisted|p2a: Annihilape
|-damage|p2a: Annihilape|33/100
|-status|p2a: Annihilape|psn
|
|-heal|p2a: Annihilape|39/100 psn|[from] item: Leftovers
|-damage|p2b: Maushold|48/100 psn|[from] psn
|-damage|p2a: Annihilape|26/100 psn|[from] psn
|-end|p1a: Koffing|move: Taunt
|upkeep
|turn|6
|inactive|spellbreakvgc has 30 seconds left.
|inactive|huezinhu has 30 seconds left.
|inactive|spellbreakvgc has 20 seconds left.
|
|t:|1756930130
|move|p2b: Maushold|Follow Me|p2b: Maushold
|-singleturn|p2b: Maushold|move: Follow Me
|move|p2a: Annihilape|Drain Punch|p1b: Tatsugiri
|-damage|p1b: Tatsugiri|11/100
|-heal|p2a: Annihilape|56/100 psn|[from] drain|[of] p1b: Tatsugiri
|move|p1b: Tatsugiri|Surf|p2a: Annihilape|[spread] p1a,p2a,p2b
|-crit|p2b: Maushold
|-damage|p1a: Koffing|47/100
|-damage|p2a: Annihilape|23/100 psn
|-damage|p2b: Maushold|0 fnt
|faint|p2b: Maushold
|move|p1a: Koffing|Toxic Spikes|p2a: Annihilape
|-sidestart|p2: huezinhu|move: Toxic Spikes
|
|-heal|p2a: Annihilape|29/100 psn|[from] item: Leftovers
|-damage|p2a: Annihilape|16/100 psn|[from] psn
|upkeep
|
|t:|1756930153
|switch|p2b: Sinistcha|Sinistcha, L50|100/100
|-status|p2b: Sinistcha|psn
|turn|7
|
|t:|1756930169
|switch|p1b: Dondozo|Dondozo, L50, F|100/100
|move|p2a: Annihilape|Drain Punch|p1a: Koffing
|-resisted|p1a: Koffing
|-damage|p1a: Koffing|27/100
|-heal|p2a: Annihilape|23/100 psn|[from] drain|[of] p1a: Koffing
|move|p2b: Sinistcha|Life Dew||[still]|[spread] p2a,p2b
|-heal|p2a: Annihilape|48/100 psn
|-fail|p2b: Sinistcha|heal
|move|p1a: Koffing|Sludge Bomb|p2b: Sinistcha
|-damage|p2b: Sinistcha|79/100 psn
|
|-heal|p2a: Annihilape|54/100 psn|[from] item: Leftovers
|-damage|p2a: Annihilape|42/100 psn|[from] psn
|-damage|p2b: Sinistcha|66/100 psn|[from] psn
|upkeep
|turn|8
|inactive|spellbreakvgc has 30 seconds left.
|
|t:|1756930202
|-end|p1a: Koffing|ability: Neutralizing Gas
|-heal|p2a: Annihilape|66/100 psn|[from] ability: Hospitality|[of] p2b: Sinistcha
|switch|p1a: Tatsugiri|Tatsugiri-Stretchy, L50, F|11/100
|-activate|p1a: Tatsugiri|ability: Commander|[of] p1b: Dondozo
|-boost|p1b: Dondozo|atk|2
|-boost|p1b: Dondozo|spa|2
|-boost|p1b: Dondozo|spe|2
|-boost|p1b: Dondozo|def|2
|-boost|p1b: Dondozo|spd|2
|-terastallize|p1b: Dondozo|Steel
|move|p2a: Annihilape|Drain Punch|p1b: Dondozo
|-supereffective|p1b: Dondozo
|-damage|p1b: Dondozo|78/100
|-heal|p2a: Annihilape|78/100 psn|[from] drain|[of] p1b: Dondozo
|move|p1b: Dondozo|Substitute|p1b: Dondozo
|-start|p1b: Dondozo|Substitute
|-damage|p1b: Dondozo|54/100
|move|p2b: Sinistcha|Life Dew|p2b: Sinistcha|[spread] p2a,p2b
|-heal|p2a: Annihilape|100/100 psn
|-heal|p2b: Sinistcha|92/100 psn
|
|-heal|p1b: Dondozo|60/100|[from] item: Leftovers
|-damage|p2a: Annihilape|88/100 psn|[from] psn
|-damage|p2b: Sinistcha|79/100 psn|[from] psn
|upkeep
|turn|9
|-message|spellbreakvgc forfeited.
|
|win|huezinhu
