|j|☆Kylliza
|j|☆feragau
|html|Kyllizaferagau    
|uhtml|bestof|Game 1 of a best-of-3
|t:|1782337034
|gametype|doubles
|player|p1|Kylliza|265|1128
|player|p2|feragau|101|1081
|gen|9
|tier|[Gen 9 Champions] VGC 2026 Reg M-B (Bo3)
|rated|
|rule|Species Clause: Limit one of each Pokémon
|rule|Item Clause: Limit 1 of each item
|clearpoke
|poke|p1|Blaziken, L50, F|
|poke|p1|Whimsicott, L50, F|
|poke|p1|Incineroar, L50, M|
|poke|p1|Sylveon, L50, M|
|poke|p1|Basculegion, L50, M|
|poke|p1|Froslass, L50, F|
|poke|p2|Metagross, L50|
|poke|p2|Annihilape, L50, M|
|poke|p2|Staraptor, L50, M|
|poke|p2|Incineroar, L50, M|
|poke|p2|Primarina, L50, M|
|poke|p2|Grimmsnarl, L50, M|
|teampreview|4
|showteam|p1|Blaziken||Blazikenite|SpeedBoost|FlareBlitz,CloseCombat,RockSlide,Protect|Adamant||F|||50|]Whimsicott||FocusSash|Prankster|Moonblast,Tailwind,Encore,Protect|Timid||F|||50|]Incineroar||SitrusBerry|Intimidate|FakeOut,FlareBlitz,ThroatChop,PartingShot|Careful||M|||50|]Sylveon||FairyFeather|Pixilate|HyperVoice,HyperBeam,QuickAttack,Protect|Modest||M|||50|]Basculegion||ChoiceScarf|Adaptability|WaveCrash,LastRespects,AquaJet,FlipTurn|Jolly||M|||50|]Froslass||Froslassite|CursedBody|Blizzard,ShadowBall,AuroraVeil,Protect|Timid||F|||50|
|showteam|p2|Metagross||Metagrossite|ClearBody|BulletPunch,MeteorMash,PsychicFangs,Protect|Adamant|||||50|]Annihilape||Leftovers|Defiant|BulkUp,RageFist,DrainPunch,Protect|Adamant||M|||50|]Staraptor||Staraptite|Intimidate|CloseCombat,DualWingbeat,Tailwind,Protect|Jolly||M|||50|]Incineroar||SitrusBerry|Intimidate|FakeOut,FlareBlitz,PartingShot,DarkestLariat|Adamant||M|||50|]Primarina||MysticWater|LiquidVoice|Moonblast,HyperVoice,IcyWind,Protect|Modest||M|||50|]Grimmsnarl||LightClay|Prankster|Reflect,LightScreen,ScaryFace,SpiritBreak|Gentle||M|||50|
|inactive|Battle timer is ON: inactive players will automatically lose when time's up. (requested by Kylliza)
|
|t:|1782337092
|teamsize|p1|4
|teamsize|p2|4
|start
|switch|p1a: Incineroar|Incineroar, L50, M|100/100
|switch|p1b: Blaziken|Blaziken, L50, F|100/100
|switch|p2a: Grimmsnarl|Grimmsnarl, L50, M|100/100
|switch|p2b: Annihilape|Annihilape, L50, M|100/100
|-ability|p1a: Incineroar|Intimidate|boost
|-unboost|p2a: Grimmsnarl|atk|1
|-unboost|p2b: Annihilape|atk|1
|-ability|p2b: Annihilape|Defiant|boost
|-boost|p2b: Annihilape|atk|2
|turn|1
|inactive|Kylliza has 30 seconds left.
|
|t:|1782337125
|detailschange|p1b: Blaziken|Blaziken-Mega, L50, F
|-mega|p1b: Blaziken|Blaziken|Blazikenite
|move|p1a: Incineroar|Fake Out|p2a: Grimmsnarl
|-damage|p2a: Grimmsnarl|87/100
|cant|p2a: Grimmsnarl|flinch
|move|p1b: Blaziken|Flare Blitz|p2b: Annihilape
|-damage|p2b: Annihilape|30/100
|-damage|p1b: Blaziken|68/100|[from] Recoil
|move|p2b: Annihilape|Bulk Up|p2b: Annihilape
|-boost|p2b: Annihilape|atk|1
|-boost|p2b: Annihilape|def|1
|
|-heal|p2b: Annihilape|37/100|[from] item: Leftovers
|-ability|p1b: Blaziken|Speed Boost|boost
|-boost|p1b: Blaziken|spe|1
|upkeep
|turn|2
|inactive|Kylliza has 30 seconds left.
|inactive|feragau has 30 seconds left.
|
|t:|1782337160
|move|p2a: Grimmsnarl|Reflect|p2a: Grimmsnarl
|-sidestart|p2: feragau|Reflect
|move|p1b: Blaziken|Flare Blitz|p2b: Annihilape
|-damage|p2b: Annihilape|3/100
|-damage|p1b: Blaziken|54/100|[from] Recoil
|move|p2b: Annihilape|Drain Punch|p1a: Incineroar
|-supereffective|p1a: Incineroar|1
|-damage|p1a: Incineroar|0 fnt
|-heal|p2b: Annihilape|51/100|[from] drain|[of] p1a: Incineroar
|faint|p1a: Incineroar
|
|-heal|p2b: Annihilape|57/100|[from] item: Leftovers
|-ability|p1b: Blaziken|Speed Boost|boost
|-boost|p1b: Blaziken|spe|1
|upkeep
|
|t:|1782337174
|switch|p1a: Sylveon|Sylveon, L50, M|100/100
|turn|3
|
|t:|1782337197
|move|p2a: Grimmsnarl|Scary Face|p1a: Sylveon
|-unboost|p1a: Sylveon|spe|2
|move|p1b: Blaziken|Flare Blitz|p2b: Annihilape
|-damage|p2b: Annihilape|23/100
|-damage|p1b: Blaziken|38/100|[from] Recoil
|move|p2b: Annihilape|Rage Fist|p1a: Sylveon
|-damage|p1a: Sylveon|0 fnt
|faint|p1a: Sylveon
|
|-heal|p2b: Annihilape|29/100|[from] item: Leftovers
|-ability|p1b: Blaziken|Speed Boost|boost
|-boost|p1b: Blaziken|spe|1
|upkeep
|
|t:|1782337212
|switch|p1a: Basculegion|Basculegion, L50, M|100/100
|turn|4
|
|t:|1782337225
|move|p2b: Annihilape|Protect|p2b: Annihilape
|-singleturn|p2b: Annihilape|Protect
|move|p2a: Grimmsnarl|Scary Face|p1a: Basculegion
|-unboost|p1a: Basculegion|spe|2
|move|p1b: Blaziken|Close Combat|p2a: Grimmsnarl
|-damage|p2a: Grimmsnarl|17/100
|-unboost|p1b: Blaziken|def|1
|-unboost|p1b: Blaziken|spd|1
|move|p1a: Basculegion|Last Respects|p2b: Annihilape
|-activate|p2b: Annihilape|move: Protect
|
|-heal|p2b: Annihilape|35/100|[from] item: Leftovers
|-ability|p1b: Blaziken|Speed Boost|boost
|-boost|p1b: Blaziken|spe|1
|upkeep
|turn|5
|
|t:|1782337246
|move|p2a: Grimmsnarl|Scary Face|p1a: Basculegion
|-unboost|p1a: Basculegion|spe|2
|move|p1b: Blaziken|Flare Blitz|p2b: Annihilape
|-damage|p2b: Annihilape|5/100
|-damage|p1b: Blaziken|25/100|[from] Recoil
|move|p2b: Annihilape|Rage Fist|p1a: Basculegion
|-supereffective|p1a: Basculegion|1
|-damage|p1a: Basculegion|0 fnt
|faint|p1a: Basculegion
|
|-heal|p2b: Annihilape|11/100|[from] item: Leftovers
|-ability|p1b: Blaziken|Speed Boost|boost
|-boost|p1b: Blaziken|spe|1
|upkeep
|turn|6
|
|t:|1782337268
|move|p1b: Blaziken|Flare Blitz|p2b: Annihilape
|-crit|p2b: Annihilape
|-damage|p2b: Annihilape|0 fnt
|faint|p2b: Annihilape
|-damage|p1b: Blaziken|20/100y|[from] Recoil
|move|p2a: Grimmsnarl|Spirit Break|p1b: Blaziken
|-damage|p1b: Blaziken|0 fnt
|faint|p1b: Blaziken
|
|win|feragau
