|j|☆SuprEpcGuy
|j|☆wait for swarley
|html|SuprEpcGuywait for swarley    
|uhtml|bestof|Game 2 of a best-of-3
|t:|1784767633
|gametype|doubles
|player|p1|SuprEpcGuy|shauntal|1152
|player|p2|wait for swarley|volo|1251
|gen|9
|tier|[Gen 9 Champions] VGC 2026 Reg M-B (Bo3)
|rated|
|rule|Species Clause: Limit one of each Pokémon
|rule|Item Clause: Limit 1 of each item
|clearpoke
|poke|p1|Zoroark-Hisui, L50, M|
|poke|p1|Torkoal, L50, F|
|poke|p1|Farigiraf, L50, M|
|poke|p1|Pyroar, L50, F|
|poke|p1|Floette-Eternal, L50, F|
|poke|p1|Incineroar, L50, M|
|poke|p2|Grimmsnarl, L50, M|
|poke|p2|Incineroar, L50, F|
|poke|p2|Maushold-Four, L50|
|poke|p2|Annihilape, L50, M|
|poke|p2|Floette-Eternal, L50, F|
|poke|p2|Raichu, L50, M|
|teampreview|4
|showteam|p1|Zoroark-Hisui||ChoiceScarf|Illusion|IcyWind,BitterMalice,Flamethrower,Taunt|Timid||M|||50|]Torkoal||Charcoal|Drought|Eruption,WeatherBall,EarthPower,Protect|Quiet||F|||50|]Farigiraf||ColburBerry|ArmorTail|Psychic,Thunderbolt,TrickRoom,HelpingHand|Quiet||M|||50|]Pyroar||Pyroarite|Rivalry|HeatWave,Overheat,Snarl,Protect|Timid||F|||50|]Floette-Eternal||Floettite|FlowerVeil|Moonblast,DazzlingGleam,LightofRuin,Protect|Timid||F|||50|]Incineroar||LifeOrb|Intimidate|FakeOut,DarkestLariat,FlareBlitz,PartingShot|Adamant||M|||50|
|showteam|p2|Grimmsnarl||LightClay|Prankster|SpiritBreak,Reflect,LightScreen,PartingShot|Careful||M|||50|]Incineroar||SitrusBerry|Intimidate|FakeOut,FlareBlitz,ThroatChop,PartingShot|Careful||F|||50|]Maushold-Four||FocusSash|FriendGuard|FollowMe,SuperFang,Encore,Protect|Timid|||||50|]Annihilape||Leftovers|Defiant|RageFist,DrainPunch,BulkUp,Protect|Adamant||M|||50|]Floette-Eternal||Floettite|FlowerVeil|Moonblast,DrainingKiss,CalmMind,Protect|Modest||F|||50|]Raichu||RaichuniteY|LightningRod|ZapCannon,GrassKnot,FakeOut,Protect|Modest||M|||50|
|inactive|Battle timer is ON: inactive players will automatically lose when time's up. (requested by SuprEpcGuy)
|
|t:|1784767654
|teamsize|p1|4
|teamsize|p2|4
|start
|switch|p1a: Floette|Floette-Eternal, L50, F|100/100
|switch|p1b: The Glue|Farigiraf, L50, M|100/100
|switch|p2a: Grimmsnarl|Grimmsnarl, L50, M|100/100
|switch|p2b: Raichu|Raichu, L50, M|100/100
|turn|1
|inactive|SuprEpcGuy has 30 seconds left.
|inactive|SuprEpcGuy has 20 seconds left.
|
|t:|1784767693
|switch|p1a: Incineroar|Incineroar, L50, M|100/100
|-ability|p1a: Incineroar|Intimidate|boost
|-unboost|p2a: Grimmsnarl|atk|1
|-unboost|p2b: Raichu|atk|1
|detailschange|p2b: Raichu|Raichu-Mega-Y, L50, M
|-mega|p2b: Raichu|Raichu|Raichunite Y
|move|p2a: Grimmsnarl|Light Screen|p2a: Grimmsnarl
|-sidestart|p2: wait for swarley|move: Light Screen
|move|p1b: The Glue|Taunt|p2a: Grimmsnarl
|-start|p2a: Grimmsnarl|move: Taunt
|move|p2b: Raichu|Zap Cannon|p1b: The Glue
|-damage|p1b: The Glue|0 fnt
|replace|p1b: Boo|Zoroark-Hisui, L50, M
|-end|p1b: Boo|Illusion
|faint|p1b: Boo
|
|upkeep
|
|t:|1784767704
|switch|p1b: The Glue|Farigiraf, L50, M|100/100
|turn|2
|
|t:|1784767719
|move|p1a: Incineroar|Fake Out|p2a: Grimmsnarl
|-damage|p2a: Grimmsnarl|84/100
|-damage|p1a: Incineroar|90/100|[from] item: Life Orb
|move|p2b: Raichu|Zap Cannon|p1a: Incineroar
|-damage|p1a: Incineroar|22/100
|-status|p1a: Incineroar|par
|cant|p2a: Grimmsnarl|flinch
|move|p1b: The Glue|Trick Room|p1b: The Glue
|-fieldstart|move: Trick Room|[of] p1b: The Glue
|
|upkeep
|turn|3
|
|t:|1784767741
|move|p1a: Incineroar|Flare Blitz|p2b: Raichu
|-damage|p2b: Raichu|0 fnt
|faint|p2b: Raichu
|-damage|p1a: Incineroar|0 fnt|[from] Recoil
|faint|p1a: Incineroar
|move|p1b: The Glue|Psychic|p2a: Grimmsnarl
|-immune|p2a: Grimmsnarl
|move|p2a: Grimmsnarl|Spirit Break|p1b: The Glue
|-damage|p1b: The Glue|78/100
|-unboost|p1b: The Glue|spa|1
|
|upkeep
|
|t:|1784767765
|switch|p1a: Floette|Floette-Eternal, L50, F|100/100
|switch|p2b: Annihilape|Annihilape, L50, M|100/100
|turn|4
|
|t:|1784767788
|detailschange|p1a: Floette|Floette-Mega, L50, F
|-mega|p1a: Floette|Floette|Floettite
|-ability|p1a: Floette|Fairy Aura
|move|p2b: Annihilape|Protect|p2b: Annihilape
|-singleturn|p2b: Annihilape|Protect
|move|p1a: Floette|Protect|p1a: Floette
|-singleturn|p1a: Floette|Protect
|move|p2a: Grimmsnarl|Spirit Break|p1a: Floette
|-activate|p1a: Floette|move: Protect
|move|p1b: The Glue|Trick Room|p1b: The Glue
|-fieldend|move: Trick Room
|
|-end|p2a: Grimmsnarl|move: Taunt
|upkeep
|turn|5
|inactive|wait for swarley has 30 seconds left.
|
|t:|1784767814
|move|p1a: Floette|Dazzling Gleam|p2b: Annihilape|[spread] p2a,p2b
|-supereffective|p2a: Grimmsnarl|1
|-supereffective|p2b: Annihilape|1
|-damage|p2a: Grimmsnarl|22/100
|-damage|p2b: Annihilape|46/100
|move|p2b: Annihilape|Rage Fist|p1a: Floette
|-damage|p1a: Floette|43/100
|move|p2a: Grimmsnarl|Spirit Break|p1a: Floette
|-damage|p1a: Floette|5/100
|-unboost|p1a: Floette|spa|1
|move|p1b: The Glue|Psychic|p2b: Annihilape
|-supereffective|p2b: Annihilape|1
|-damage|p2b: Annihilape|17/100
|
|-heal|p2b: Annihilape|23/100|[from] item: Leftovers
|upkeep
|turn|6
|inactive|wait for swarley has 30 seconds left.
|
|t:|1784767842
|move|p1b: The Glue|Helping Hand|p1a: Floette
|-singleturn|p1a: Floette|Helping Hand|[of] p1b: The Glue
|move|p2b: Annihilape|Protect|p2b: Annihilape
|-singleturn|p2b: Annihilape|Protect
|move|p1a: Floette|Dazzling Gleam|p2b: Annihilape|[spread] p2a
|-activate|p2b: Annihilape|move: Protect
|-supereffective|p2a: Grimmsnarl|1
|-damage|p2a: Grimmsnarl|0 fnt
|faint|p2a: Grimmsnarl
|
|-heal|p2b: Annihilape|29/100|[from] item: Leftovers
|upkeep
|
|t:|1784767855
|switch|p2a: Incineroar|Incineroar, L50, F|100/100
|-ability|p2a: Incineroar|Intimidate|boost
|-unboost|p1a: Floette|atk|1
|-unboost|p1b: The Glue|atk|1
|turn|7
|
|t:|1784767864
|move|p1a: Floette|Protect|p1a: Floette
|-singleturn|p1a: Floette|Protect
|move|p2b: Annihilape|Drain Punch|p1b: The Glue
|-damage|p1b: The Glue|44/100
|-heal|p2b: Annihilape|49/100|[from] drain|[of] p1b: The Glue
|move|p2a: Incineroar|Throat Chop|p1a: Floette
|-activate|p1a: Floette|move: Protect
|move|p1b: The Glue|Psychic|p2b: Annihilape
|-supereffective|p2b: Annihilape|1
|-damage|p2b: Annihilape|19/100
|
|-heal|p2b: Annihilape|25/100|[from] item: Leftovers
|upkeep
|turn|8
|
|t:|1784767889
|move|p1a: Floette|Light of Ruin|p2a: Incineroar
|-damage|p2a: Incineroar|62/100
|-damage|p1a: Floette|0 fnt|[from] Recoil
|faint|p1a: Floette
|move|p2b: Annihilape|Rage Fist|p1b: The Glue
|-immune|p1b: The Glue
|move|p2a: Incineroar|Throat Chop|p1b: The Glue
|-supereffective|p1b: The Glue|1
|-enditem|p1b: The Glue|Colbur Berry|[eat]
|-enditem|p1b: The Glue|Colbur Berry|[weaken]
|-damage|p1b: The Glue|11/100
|-start|p1b: The Glue|Throat Chop|[silent]
|move|p1b: The Glue|Psychic|p2b: Annihilape
|-supereffective|p2b: Annihilape|1
|-damage|p2b: Annihilape|0 fnt
|faint|p2b: Annihilape
|
|-sideend|p2: wait for swarley|move: Light Screen
|upkeep
|turn|9
|
|t:|1784767905
|move|p2a: Incineroar|Throat Chop|p1b: The Glue
|-supereffective|p1b: The Glue|1
|-damage|p1b: The Glue|0 fnt
|faint|p1b: The Glue
|
|win|wait for swarley
