|j|☆Mestremarkusme
|j|☆Oblivionruler
|html|MestremarkusmeOblivionruler    
|uhtml|bestof|Game 3 of a best-of-3
|t:|1785146357
|gametype|doubles
|player|p1|Mestremarkusme|hiker-gen4|1076
|player|p2|Oblivionruler|102|1107
|gen|9
|tier|[Gen 9 Champions] VGC 2026 Reg M-B (Bo3)
|rated|
|rule|Species Clause: Limit one of each Pokémon
|rule|Item Clause: Limit 1 of each item
|clearpoke
|poke|p1|Incineroar, L50, F|
|poke|p1|Kingambit, L50, F|
|poke|p1|Sinistcha, L50|
|poke|p1|Sneasler, L50, F|
|poke|p1|Blastoise, L50, F|
|poke|p1|Delphox, L50, F|
|poke|p2|Raichu, L50, F|
|poke|p2|Tyranitar, L50, F|
|poke|p2|Tsareena, L50, F|
|poke|p2|Annihilape, L50, M|
|poke|p2|Talonflame, L50, M|
|poke|p2|Clawitzer, L50, F|
|teampreview|4
|showteam|p1|Incineroar||SitrusBerry|Intimidate|FakeOut,FlareBlitz,ThroatChop,PartingShot|Impish||F|||50|]Kingambit||BlackGlasses|Defiant|KowtowCleave,SuckerPunch,SwordsDance,Protect|Adamant||F|||50|]Sinistcha||OccaBerry|Hospitality|MatchaGotcha,RagePowder,TrickRoom,Protect|Relaxed|||||50|]Sneasler||FocusSash|PoisonTouch|FakeOut,CloseCombat,PoisonJab,QuickGuard|Jolly||F|||50|]Blastoise||Blastoisinite|RainDish|WaterSpout,DarkPulse,ShellSmash,Protect|Modest||F|||50|]Delphox||Delphoxite|Blaze|HeatWave,Psychic,NastyPlot,Protect|Timid||F|||50|
|showteam|p2|Raichu||RaichuniteY|Static|FakeOut,ZapCannon,FocusBlast,Protect|Timid||F|||50|]Tyranitar||FocusSash|SandStream|HighHorsepower,KnockOff,RockSlide,Protect|Adamant||F|||50|]Tsareena||WideLens|QueenlyMajesty|PowerWhip,HighJumpKick,TripleAxel,HelpingHand|Adamant||F|||50|]Annihilape||ChoiceScarf|Defiant|PhantomForce,CloseCombat,GunkShot,Taunt|Adamant||M|||50|]Talonflame||SharpBeak|GaleWings|DualWingbeat,Whirlwind,Tailwind,FlareBlitz|Jolly||M|||50|]Clawitzer||SitrusBerry|MegaLauncher|HealPulse,WaterPulse,DarkPulse,Protect|Quiet||F|||50|
|j| 282839393m
|inactive|Battle timer is ON: inactive players will automatically lose when time's up. (requested by Oblivionruler)
|
|t:|1785146405
|teamsize|p1|4
|teamsize|p2|4
|start
|switch|p1a: Sinistcha|Sinistcha, L50|100/100
|switch|p1b: Sneasler|Sneasler, L50, F|100/100
|switch|p2a: Talonflame|Talonflame, L50, M|100/100
|switch|p2b: Raichu|Raichu, L50, F|100/100
|turn|1
|inactive|Mestremarkusme has 30 seconds left.
|inactive|Oblivionruler has 30 seconds left.
|inactive|Mestremarkusme has 20 seconds left.
|inactive|Oblivionruler has 20 seconds left.
|inactive|Mestremarkusme has 15 seconds left.
|inactive|Oblivionruler has 15 seconds left.
|inactive|Mestremarkusme has 10 seconds left.
|inactive|Oblivionruler has 10 seconds left.
|
|t:|1785146451
|switch|p2b: Tyranitar|Tyranitar, L50, F|100/100
|-weather|Sandstorm|[from] ability: Sand Stream|[of] p2b: Tyranitar
|move|p1b: Sneasler|Quick Guard|p1b: Sneasler
|-singleturn|p1b: Sneasler|Quick Guard
|move|p2a: Talonflame|Dual Wingbeat|p1b: Sneasler
|-activate|p1b: Sneasler|move: Quick Guard
|move|p1a: Sinistcha|Trick Room|p1a: Sinistcha
|-fieldstart|move: Trick Room|[of] p1a: Sinistcha
|
|-weather|Sandstorm|[upkeep]
|-damage|p1a: Sinistcha|93/100|[from] Sandstorm
|-damage|p1b: Sneasler|94/100|[from] Sandstorm
|-damage|p2a: Talonflame|94/100|[from] Sandstorm
|upkeep
|turn|2
|inactive|Mestremarkusme has 30 seconds left.
|
|t:|1785146484
|switch|p1a: Incineroar|Incineroar, L50, F|100/100
|-ability|p1a: Incineroar|Intimidate|boost
|-unboost|p2a: Talonflame|atk|1
|-unboost|p2b: Tyranitar|atk|1
|move|p2b: Tyranitar|Protect|p2b: Tyranitar
|-singleturn|p2b: Tyranitar|Protect
|move|p1b: Sneasler|Poison Jab|p2a: Talonflame
|-damage|p2a: Talonflame|26/100
|move|p2a: Talonflame|Dual Wingbeat|p1b: Sneasler
|-supereffective|p1b: Sneasler|1
|-damage|p1b: Sneasler|50/100g
|-supereffective|p1b: Sneasler|1
|-damage|p1b: Sneasler|3/100
|-hitcount|p1b: Sneasler|2
|
|-weather|Sandstorm|[upkeep]
|-damage|p1a: Incineroar|94/100|[from] Sandstorm
|-damage|p1b: Sneasler|0 fnt|[from] Sandstorm
|-damage|p2a: Talonflame|20/100y|[from] Sandstorm
|faint|p1b: Sneasler
|upkeep
|
|t:|1785146503
|switch|p1b: Blastoise|Blastoise, L50, F|100/100
|turn|3
|inactive|Oblivionruler has 30 seconds left.
|
|t:|1785146535
|detailschange|p1b: Blastoise|Blastoise-Mega, L50, F
|-mega|p1b: Blastoise|Blastoise|Blastoisinite
|move|p1a: Incineroar|Fake Out|p2b: Tyranitar
|-resisted|p2b: Tyranitar|1
|-damage|p2b: Tyranitar|94/100
|cant|p2b: Tyranitar|flinch
|move|p1b: Blastoise|Water Spout|p2b: Tyranitar|[spread] p2a,p2b
|-supereffective|p2a: Talonflame|1
|-supereffective|p2b: Tyranitar|1
|-damage|p2a: Talonflame|0 fnt
|-damage|p2b: Tyranitar|0 fnt
|faint|p2a: Talonflame
|faint|p2b: Tyranitar
|
|-weather|Sandstorm|[upkeep]
|-damage|p1a: Incineroar|88/100|[from] Sandstorm
|-damage|p1b: Blastoise|94/100|[from] Sandstorm
|upkeep
|
|t:|1785146545
|switch|p2b: Raichu|Raichu, L50, F|100/100
|switch|p2a: Koroleva|Tsareena, L50, F|100/100
|turn|4
|
|t:|1785146563
|detailschange|p2b: Raichu|Raichu-Mega-Y, L50, F
|-mega|p2b: Raichu|Raichu|Raichunite Y
|move|p1b: Blastoise|Protect|p1b: Blastoise
|-singleturn|p1b: Blastoise|Protect
|move|p2b: Raichu|Fake Out|p1b: Blastoise
|-activate|p1b: Blastoise|move: Protect
|move|p1a: Incineroar|Flare Blitz|p2a: Koroleva
|-supereffective|p2a: Koroleva|1
|-damage|p2a: Koroleva|0 fnt
|faint|p2a: Koroleva
|-damage|p1a: Incineroar|62/100|[from] Recoil
|
|-weather|Sandstorm|[upkeep]
|-damage|p1a: Incineroar|56/100|[from] Sandstorm
|-damage|p1b: Blastoise|88/100|[from] Sandstorm
|-damage|p2b: Raichu|93/100|[from] Sandstorm
|upkeep
|turn|5
|
|t:|1785146583
|move|p1a: Incineroar|Flare Blitz|p2b: Raichu
|-damage|p2b: Raichu|22/100
|-damage|p1a: Incineroar|37/100|[from] Recoil
|-enditem|p1a: Incineroar|Sitrus Berry|[eat]
|-heal|p1a: Incineroar|61/100|[from] item: Sitrus Berry
|move|p1b: Blastoise|Water Spout|p2b: Raichu
|-damage|p2b: Raichu|0 fnt
|faint|p2b: Raichu
|
|win|Mestremarkusme
|raw|Mestremarkusme's rating: 1076 → 1107(+31 for winning)
|raw|Oblivionruler's rating: 1107 → 1080(-27 for losing)
