|j|☆dengonumber1fan
|j|☆PaniniWeenie
|html|dengonumber1fanPaniniWeenie    
|uhtml|bestof|Game 3 of a best-of-3
|t:|1755993660
|gametype|doubles
|player|p1|dengonumber1fan|benga|1421
|player|p2|PaniniWeenie|pokemaniac|1333
|gen|9
|tier|[Gen 9] VGC 2025 Reg H (Bo3)
|rated|
|rule|Species Clause: Limit one of each Pokémon
|rule|Item Clause: Limit 1 of each item
|clearpoke
|poke|p1|Dragonite, L50, M|
|poke|p1|Gholdengo, L50|
|poke|p1|Ursaluna-Bloodmoon, L50, M|
|poke|p1|Incineroar, L50, M|
|poke|p1|Amoonguss, L50, F|
|poke|p1|Annihilape, L50, F|
|poke|p2|Sneasler, L50, M|
|poke|p2|Volcarona, L50, M|
|poke|p2|Dragonite, L50, M|
|poke|p2|Rillaboom, L50, M|
|poke|p2|Electabuzz, L50, M|
|poke|p2|Kingambit, L50, M|
|teampreview|4
|showteam|p1|Dragonite||LoadedDice|Multiscale|ScaleShot,Tailwind,Haze,Protect|||M|||50|,,,,,Fairy]Gholdengo||LifeOrb|GoodasGold|MakeItRain,ShadowBall,NastyPlot,Protect||||||50|,,,,,Water]Ursaluna-Bloodmoon||AssaultVest|MindsEye|EarthPower,BloodMoon,HyperVoice,VacuumWave|||M|||50|,,,,,Water]Incineroar||RockyHelmet|Intimidate|FlareBlitz,KnockOff,PartingShot,FakeOut|||M|||50|,,,,,Ghost]Amoonguss||SitrusBerry|Regenerator|Spore,RagePowder,PollenPuff,Protect|||F|||50|,,,,,Fairy]Annihilape||FocusSash|Defiant|CloseCombat,RageFist,Coaching,Taunt|||F|||50|,,,,,Stellar
|showteam|p2|Sneasler||FocusSash|Unburden|DireClaw,CloseCombat,Coaching,FakeOut|||M|||50|,,,,,Stellar]Volcarona||Leftovers|FlameBody|HeatWave,QuiverDance,Protect,TeraBlast|||M|||50|,,,,,Fairy]Dragonite||LoadedDice|Multiscale|ScaleShot,ExtremeSpeed,Haze,Protect|||M|||50|,,,,,Steel]Rillaboom||AssaultVest|GrassySurge|WoodHammer,GrassyGlide,HighHorsepower,FakeOut|||M|||50|,,,,,Fire]Electabuzz||Eviolite|VitalSpirit|FollowMe,Thunderbolt,Taunt,Protect|||M|||50|,,,,,Dragon]Kingambit||BlackGlasses|Defiant|KowtowCleave,SuckerPunch,SwordsDance,Protect|||M|||50|,,,,,Dark
|inactive|Battle timer is ON: inactive players will automatically lose when time's up. (requested by dengonumber1fan)
|
|t:|1755993681
|teamsize|p1|4
|teamsize|p2|4
|start
|switch|p1a: Incineroar|Incineroar, L50, M|100/100
|switch|p1b: Dragonite|Dragonite, L50, M|100/100
|switch|p2a: Rillaboom|Rillaboom, L50, M|100/100
|switch|p2b: Volcarona|Volcarona, L50, M|100/100
|-fieldstart|move: Grassy Terrain|[from] ability: Grassy Surge|[of] p2a: Rillaboom
|-ability|p1a: Incineroar|Intimidate|boost
|-unboost|p2a: Rillaboom|atk|1
|-unboost|p2b: Volcarona|atk|1
|turn|1
|
|t:|1755993704
|switch|p2a: Sneasler|Sneasler, L50, M|100/100
|-terastallize|p2b: Volcarona|Fairy
|move|p1a: Incineroar|Fake Out|p2b: Volcarona
|-damage|p2b: Volcarona|84/100
|cant|p2b: Volcarona|flinch
|move|p1b: Dragonite|Scale Shot|p2a: Sneasler
|-damage|p2a: Sneasler|77/100
|-crit|p2a: Sneasler
|-damage|p2a: Sneasler|40/100
|-damage|p2a: Sneasler|13/100
|-damage|p2a: Sneasler|0 fnt
|faint|p2a: Sneasler
|-hitcount|p2: Sneasler|4
|-unboost|p1b: Dragonite|def|1
|-boost|p1b: Dragonite|spe|1
|
|-heal|p2b: Volcarona|91/100|[from] Grassy Terrain
|-heal|p2b: Volcarona|97/100|[from] item: Leftovers
|upkeep
|
|t:|1755993716
|switch|p2a: Rillaboom|Rillaboom, L50, M|100/100
|turn|2
|
|t:|1755993734
|-terastallize|p1b: Dragonite|Fairy
|move|p2a: Rillaboom|Fake Out|p1a: Incineroar
|-damage|p1a: Incineroar|88/100
|-damage|p2a: Rillaboom|84/100|[from] item: Rocky Helmet|[of] p1a: Incineroar
|move|p1b: Dragonite|Scale Shot|p2a: Rillaboom
|-damage|p2a: Rillaboom|68/100
|-damage|p2a: Rillaboom|54/100
|-damage|p2a: Rillaboom|40/100
|-damage|p2a: Rillaboom|24/100
|-hitcount|p2a: Rillaboom|4
|-unboost|p1b: Dragonite|def|1
|-boost|p1b: Dragonite|spe|1
|move|p2b: Volcarona|Tera Blast|p1b: Dragonite|[anim] Tera Blast Fairy
|-damage|p1b: Dragonite|79/100
|cant|p1a: Incineroar|flinch
|
|-heal|p1b: Dragonite|85/100|[from] Grassy Terrain
|-heal|p2b: Volcarona|100/100|[from] Grassy Terrain
|-heal|p2a: Rillaboom|30/100|[from] Grassy Terrain
|-heal|p1a: Incineroar|94/100|[from] Grassy Terrain
|upkeep
|turn|3
|inactive|dengonumber1fan has 30 seconds left.
|inactive|dengonumber1fan has 20 seconds left.
|
|t:|1755993770
|switch|p2a: Kingambit|Kingambit, L50, M|100/100
|move|p1b: Dragonite|Protect|p1b: Dragonite
|-singleturn|p1b: Dragonite|Protect
|move|p2b: Volcarona|Tera Blast|p1a: Incineroar|[anim] Tera Blast Fairy
|-damage|p1a: Incineroar|61/100
|move|p1a: Incineroar|Parting Shot|p2b: Volcarona
|-unboost|p2b: Volcarona|atk|1
|-unboost|p2b: Volcarona|spa|1
|
|t:|1755993782
|switch|p1a: Annihilape|Annihilape, L50, F|100/100|[from] Parting Shot
|
|-heal|p1b: Dragonite|91/100|[from] Grassy Terrain
|upkeep
|turn|4
|
|t:|1755993799
|move|p2a: Kingambit|Protect|p2a: Kingambit
|-singleturn|p2a: Kingambit|Protect
|move|p1b: Dragonite|Tailwind|p1b: Dragonite
|-sidestart|p1: dengonumber1fan|move: Tailwind
|move|p1a: Annihilape|Close Combat|p2a: Kingambit
|-activate|p2a: Kingambit|move: Protect
|move|p2b: Volcarona|Tera Blast|p1a: Annihilape|[anim] Tera Blast Fairy
|-supereffective|p1a: Annihilape
|-damage|p1a: Annihilape|41/100
|
|-heal|p1b: Dragonite|97/100|[from] Grassy Terrain
|-heal|p1a: Annihilape|47/100|[from] Grassy Terrain
|upkeep
|turn|5
|
|t:|1755993819
|move|p2a: Kingambit|Sucker Punch||[still]
|-fail|p2a: Kingambit
|move|p1b: Dragonite|Scale Shot|p2a: Kingambit
|-resisted|p2a: Kingambit
|-damage|p2a: Kingambit|95/100
|-resisted|p2a: Kingambit
|-damage|p2a: Kingambit|90/100
|-resisted|p2a: Kingambit
|-damage|p2a: Kingambit|84/100
|-resisted|p2a: Kingambit
|-damage|p2a: Kingambit|78/100
|-resisted|p2a: Kingambit
|-damage|p2a: Kingambit|72/100
|-hitcount|p2a: Kingambit|5
|-unboost|p1b: Dragonite|def|1
|-boost|p1b: Dragonite|spe|1
|move|p1a: Annihilape|Coaching|p1b: Dragonite
|-boost|p1b: Dragonite|atk|1
|-boost|p1b: Dragonite|def|1
|move|p2b: Volcarona|Quiver Dance|p2b: Volcarona
|-boost|p2b: Volcarona|spa|1
|-boost|p2b: Volcarona|spd|1
|-boost|p2b: Volcarona|spe|1
|
|-heal|p1b: Dragonite|100/100|[from] Grassy Terrain
|-heal|p1a: Annihilape|53/100|[from] Grassy Terrain
|-heal|p2a: Kingambit|78/100|[from] Grassy Terrain
|-fieldend|move: Grassy Terrain
|upkeep
|turn|6
|inactive|dengonumber1fan has 30 seconds left.
|
|t:|1755993850
|move|p2a: Kingambit|Sucker Punch|p1a: Annihilape
|-damage|p1a: Annihilape|0 fnt
|faint|p1a: Annihilape
|move|p1b: Dragonite|Scale Shot|p2a: Kingambit
|-resisted|p2a: Kingambit
|-damage|p2a: Kingambit|70/100
|-resisted|p2a: Kingambit
|-damage|p2a: Kingambit|61/100
|-resisted|p2a: Kingambit
|-damage|p2a: Kingambit|52/100
|-resisted|p2a: Kingambit
|-damage|p2a: Kingambit|43/100
|-hitcount|p2a: Kingambit|4
|-unboost|p1b: Dragonite|def|1
|-boost|p1b: Dragonite|spe|1
|move|p2b: Volcarona|Heat Wave|p1b: Dragonite
|-damage|p1b: Dragonite|72/100
|
|upkeep
|
|t:|1755993871
|switch|p1a: Gholdengo|Gholdengo, L50|100/100
|turn|7
|inactive|PaniniWeenie has 30 seconds left.
|
|t:|1755993900
|move|p2a: Kingambit|Sucker Punch|p1a: Gholdengo
|-supereffective|p1a: Gholdengo
|-damage|p1a: Gholdengo|11/100
|move|p1b: Dragonite|Haze|p1b: Dragonite
|-clearallboost
|move|p1a: Gholdengo|Make It Rain|p2a: Kingambit|[spread] p2a,p2b
|-resisted|p2a: Kingambit
|-supereffective|p2b: Volcarona
|-damage|p2a: Kingambit|12/100
|-damage|p2b: Volcarona|0 fnt
|-unboost|p1a: Gholdengo|spa|1
|faint|p2b: Volcarona
|-damage|p1a: Gholdengo|1/100|[from] item: Life Orb
|
|-sideend|p1: dengonumber1fan|move: Tailwind
|upkeep
|
|t:|1755993911
|switch|p2b: Rillaboom|Rillaboom, L50, M|30/100
|-fieldstart|move: Grassy Terrain|[from] ability: Grassy Surge|[of] p2b: Rillaboom
|turn|8
|
|t:|1755993927
|switch|p1a: Incineroar|Incineroar, L50, M|61/100
|-ability|p1a: Incineroar|Intimidate|boost
|-unboost|p2a: Kingambit|atk|1
|-ability|p2a: Kingambit|Defiant|boost
|-boost|p2a: Kingambit|atk|2
|-unboost|p2b: Rillaboom|atk|1
|move|p1b: Dragonite|Protect|p1b: Dragonite
|-singleturn|p1b: Dragonite|Protect
|move|p2b: Rillaboom|Fake Out|p1b: Dragonite
|-activate|p1b: Dragonite|move: Protect
|move|p2a: Kingambit|Swords Dance|p2a: Kingambit
|-boost|p2a: Kingambit|atk|2
|
|-heal|p1b: Dragonite|78/100|[from] Grassy Terrain
|-heal|p2b: Rillaboom|36/100|[from] Grassy Terrain
|-heal|p1a: Incineroar|67/100|[from] Grassy Terrain
|-heal|p2a: Kingambit|17/100|[from] Grassy Terrain
|upkeep
|turn|9
|
|t:|1755993945
|move|p1a: Incineroar|Fake Out|p2a: Kingambit
|-resisted|p2a: Kingambit
|-damage|p2a: Kingambit|13/100
|move|p1b: Dragonite|Haze|p1b: Dragonite
|-clearallboost
|move|p2b: Rillaboom|Wood Hammer|p1b: Dragonite
|-damage|p1b: Dragonite|0 fnt
|faint|p1b: Dragonite
|-damage|p2b: Rillaboom|14/100|[from] Recoil
|cant|p2a: Kingambit|flinch
|
|-heal|p2b: Rillaboom|20/100|[from] Grassy Terrain
|-heal|p1a: Incineroar|73/100|[from] Grassy Terrain
|-heal|p2a: Kingambit|18/100|[from] Grassy Terrain
|upkeep
|
|t:|1755993951
|switch|p1b: Gholdengo|Gholdengo, L50|1/100
|turn|10
|
|t:|1755993965
|move|p2a: Kingambit|Protect|p2a: Kingambit
|-singleturn|p2a: Kingambit|Protect
|move|p2b: Rillaboom|High Horsepower|p1a: Incineroar
|-supereffective|p1a: Incineroar
|-damage|p1a: Incineroar|12/100
|-damage|p2b: Rillaboom|4/100|[from] item: Rocky Helmet|[of] p1a: Incineroar
|move|p1b: Gholdengo|Nasty Plot|p1b: Gholdengo
|-boost|p1b: Gholdengo|spa|2
|move|p1a: Incineroar|Flare Blitz|p2a: Kingambit
|-activate|p2a: Kingambit|move: Protect
|
|-heal|p2b: Rillaboom|10/100|[from] Grassy Terrain
|-heal|p1b: Gholdengo|7/100|[from] Grassy Terrain
|-heal|p1a: Incineroar|18/100|[from] Grassy Terrain
|-heal|p2a: Kingambit|24/100|[from] Grassy Terrain
|upkeep
|turn|11
|
|t:|1755993986
|move|p2b: Rillaboom|Grassy Glide|p1b: Gholdengo
|-resisted|p1b: Gholdengo
|-damage|p1b: Gholdengo|0 fnt
|faint|p1b: Gholdengo
|move|p2a: Kingambit|Sucker Punch|p1a: Incineroar
|-resisted|p1a: Incineroar
|-damage|p1a: Incineroar|0 fnt
|-damage|p2a: Kingambit|8/100|[from] item: Rocky Helmet|[of] p1a: Incineroar
|faint|p1a: Incineroar
|
|win|PaniniWeenie
|raw|dengonumber1fan's rating: 1421 → 1396(-25 for losing)
|raw|PaniniWeenie's rating: 1333 → 1358(+25 for winning)
|l|☆dengonumber1fan
|player|p1|
