|j|☆sol n luna
|j|☆SpaceW
|html|sol n lunaSpaceW    
|uhtml|bestof|Game 2 of a best-of-3
|t:|1756342187
|gametype|doubles
|player|p1|sol n luna|caitlin|1150
|player|p2|SpaceW|265|1039
|gen|9
|tier|[Gen 9] VGC 2025 Reg H (Bo3)
|rated|
|rule|Species Clause: Limit one of each Pokémon
|rule|Item Clause: Limit 1 of each item
|clearpoke
|poke|p1|Kingambit, L50, F|
|poke|p1|Rillaboom, L50, F|
|poke|p1|Electabuzz, L50, M|
|poke|p1|Volcarona, L50, M|
|poke|p1|Sneasler, L50, F|
|poke|p1|Dragonite, L50, F|
|poke|p2|Pelipper, L50, F|
|poke|p2|Archaludon, L50, F|
|poke|p2|Gholdengo, L50|
|poke|p2|Amoonguss, L50, M|
|poke|p2|Kingambit, L50, M|
|poke|p2|Dragonite, L50, M|
|teampreview|4
|showteam|p1|Kingambit||BlackGlasses|Defiant|Protect,KowtowCleave,SuckerPunch,SwordsDance|||F|||50|,,,,,Dark]Rillaboom||AssaultVest|GrassySurge|WoodHammer,GrassyGlide,Uturn,FakeOut|||F|||50|,,,,,Fire]Electabuzz||Eviolite|VitalSpirit|Protect,Thunderbolt,HelpingHand,FollowMe|||M|||50|,,,,,Ghost]Volcarona||CovertCloak|FlameBody|Protect,HeatWave,TeraBlast,QuiverDance|||M|||50|,,,,,Fairy]Sneasler||WhiteHerb|Unburden|CloseCombat,DireClaw,Coaching,FakeOut|||F|||50|,,,,,Stellar]Dragonite||LoadedDice|Multiscale|ScaleShot,Haze,ExtremeSpeed,Protect|||F|||50|,,,,,Fairy
|showteam|p2|Pelipper||Leftovers|Drizzle|Hurricane,WeatherBall,Tailwind,WideGuard|||F|||50|,,,,,Grass]Archaludon||AssaultVest|Stamina|BodyPress,DracoMeteor,ElectroShot,IronHead|||F|||50|,,,,,Grass]Gholdengo||ChoiceSpecs|GoodasGold|MakeItRain,ShadowBall,Thunderbolt,DazzlingGleam||||||50|,,,,,Water]Amoonguss||SitrusBerry|Regenerator|RagePowder,Spore,PollenPuff,Protect|||M|||50|,,,,,Grass]Kingambit||LifeOrb|Defiant|KowtowCleave,SuckerPunch,SwordsDance,Protect|||M|||50|,,,,,Dragon]Dragonite||LoadedDice|Multiscale|ScaleShot,ExtremeSpeed,Waterfall,Protect|||M|||50|,,,,,Normal
|inactive|Battle timer is ON: inactive players will automatically lose when time's up. (requested by sol n luna)
|inactive|SpaceW also wants the timer to be on.
|inactive|sol n luna has 60 seconds left.
|
|t:|1756342238
|teamsize|p1|4
|teamsize|p2|4
|start
|switch|p1a: Sneasler|Sneasler, L50, F|100/100
|switch|p1b: Electabuzz|Electabuzz, L50, M|100/100
|switch|p2a: Archaludon|Archaludon, L50, F|100/100
|switch|p2b: Gholdengo|Gholdengo, L50|100/100
|turn|1
|inactive|SpaceW has 30 seconds left.
|inactive|sol n luna has 30 seconds left.
|
|t:|1756342269
|move|p1b: Electabuzz|Helping Hand|p1a: Sneasler
|-singleturn|p1a: Sneasler|Helping Hand|[of] p1b: Electabuzz
|move|p1a: Sneasler|Close Combat|p2a: Archaludon
|-supereffective|p2a: Archaludon
|-damage|p2a: Archaludon|0 fnt
|-unboost|p1a: Sneasler|def|1
|-unboost|p1a: Sneasler|spd|1
|faint|p2a: Archaludon
|-enditem|p1a: Sneasler|White Herb
|-clearnegativeboost|p1a: Sneasler|[silent]
|move|p2b: Gholdengo|Make It Rain|p1a: Sneasler|[spread] p1a,p1b
|-resisted|p1b: Electabuzz
|-damage|p1a: Sneasler|0 fnt
|-damage|p1b: Electabuzz|73/100
|-unboost|p2b: Gholdengo|spa|1
|faint|p1a: Sneasler
|
|upkeep
|
|t:|1756342288
|switch|p1a: Kingambit|Kingambit, L50, F|100/100
|switch|p2a: Amoonguss|Amoonguss, L50, M|100/100
|turn|2
|
|t:|1756342302
|switch|p2b: Dragonite|Dragonite, L50, M|100/100
|move|p2a: Amoonguss|Protect|p2a: Amoonguss
|-singleturn|p2a: Amoonguss|Protect
|move|p1b: Electabuzz|Follow Me|p1b: Electabuzz
|-singleturn|p1b: Electabuzz|move: Follow Me
|move|p1a: Kingambit|Swords Dance|p1a: Kingambit
|-boost|p1a: Kingambit|atk|2
|
|upkeep
|turn|3
|inactive|SpaceW has 30 seconds left.
|
|t:|1756342332
|-terastallize|p2b: Dragonite|Normal
|move|p1b: Electabuzz|Helping Hand|p1a: Kingambit
|-singleturn|p1a: Kingambit|Helping Hand|[of] p1b: Electabuzz
|move|p2b: Dragonite|Extreme Speed|p1b: Electabuzz
|-damage|p1b: Electabuzz|35/100
|move|p2a: Amoonguss|Rage Powder|p2a: Amoonguss
|-singleturn|p2a: Amoonguss|move: Rage Powder
|move|p1a: Kingambit|Kowtow Cleave|p2a: Amoonguss
|-damage|p2a: Amoonguss|0 fnt
|faint|p2a: Amoonguss
|
|upkeep
|
|t:|1756342344
|switch|p2a: Gholdengo|Gholdengo, L50|100/100
|turn|4
|inactive|SpaceW has 30 seconds left.
|
|t:|1756342370
|-terastallize|p1a: Kingambit|Dark
|move|p1b: Electabuzz|Helping Hand|p1a: Kingambit
|-singleturn|p1a: Kingambit|Helping Hand|[of] p1b: Electabuzz
|move|p2b: Dragonite|Extreme Speed|p1b: Electabuzz
|-damage|p1b: Electabuzz|0 fnt
|faint|p1b: Electabuzz
|move|p1a: Kingambit|Sucker Punch|p2a: Gholdengo
|-supereffective|p2a: Gholdengo
|-damage|p2a: Gholdengo|0 fnt
|faint|p2a: Gholdengo
|
|upkeep
|
|t:|1756342376
|switch|p1b: Dragonite|Dragonite, L50, F|100/100
|turn|5
|
|t:|1756342385
|move|p1b: Dragonite|Scale Shot|p2b: Dragonite
|-damage|p2b: Dragonite|93/100
|-damage|p2b: Dragonite|79/100
|-damage|p2b: Dragonite|65/100
|-damage|p2b: Dragonite|51/100
|-hitcount|p2b: Dragonite|4
|-unboost|p1b: Dragonite|def|1
|-boost|p1b: Dragonite|spe|1
|move|p2b: Dragonite|Scale Shot|p1b: Dragonite
|-supereffective|p1b: Dragonite
|-damage|p1b: Dragonite|75/100
|-supereffective|p1b: Dragonite
|-damage|p1b: Dragonite|27/100
|-supereffective|p1b: Dragonite
|-damage|p1b: Dragonite|0 fnt
|faint|p1b: Dragonite
|-hitcount|p1: Dragonite|3
|-unboost|p2b: Dragonite|def|1
|-boost|p2b: Dragonite|spe|1
|move|p1a: Kingambit|Kowtow Cleave|p2b: Dragonite
|-damage|p2b: Dragonite|0 fnt
|faint|p2b: Dragonite
|
|win|sol n luna
|raw|sol n luna's rating: 1150 → 1167(+17 for winning)
|raw|SpaceW's rating: 1039 → 1028(-11 for losing)
|l|☆SpaceW
|player|p2|
|l|☆sol n luna
|player|p1|
|j|☆sol n luna
|player|p1|sol n luna|caitlin|
