|j|☆poison mouse
|j|☆efwefwefwefweifier
|html|poison mouseefwefwefwefweifier    
|uhtml|bestof|Game 3 of a best-of-3
|t:|1784877198
|gametype|doubles
|player|p1|poison mouse|tate|1331
|player|p2|efwefwefwefweifier|clown|1404
|gen|9
|tier|[Gen 9 Champions] VGC 2026 Reg M-B (Bo3)
|rated|
|rule|Species Clause: Limit one of each Pokémon
|rule|Item Clause: Limit 1 of each item
|clearpoke
|poke|p1|Tyranitar, L50, M|
|poke|p1|Excadrill, L50, F|
|poke|p1|Milotic, L50, M|
|poke|p1|Sinistcha, L50|
|poke|p1|Staraptor, L50, M|
|poke|p1|Gholdengo, L50|
|poke|p2|Blastoise, L50, M|
|poke|p2|Sinistcha, L50|
|poke|p2|Incineroar, L50, M, shiny|
|poke|p2|Sneasler, L50, F|
|poke|p2|Hydreigon, L50, M|
|poke|p2|Floette-Eternal, L50, F|
|teampreview|4
|showteam|p1|Tyranitar||Tyranitarite|SandStream|KnockOff,RockSlide,HighHorsepower,Protect|Jolly||M|||50|]Excadrill||FocusSash|SandRush|Earthquake,IronHead,RockSlide,Protect|Adamant||F|||50|]Milotic||SitrusBerry|Competitive|Scald,IcyWind,IceBeam,Protect|Calm||M|||50|]Sinistcha||ColburBerry|Hospitality|MatchaGotcha,ShadowBall,Protect,RagePowder|Bold|||||50|]Staraptor||Staraptite|Intimidate|CloseCombat,BraveBird,Tailwind,Protect|Jolly||M|||50|]Gholdengo||LifeOrb|GoodasGold|MakeItRain,ShadowBall,NastyPlot,Protect|Modest|||||50|
|showteam|p2|Blastoise||Blastoisinite|RainDish|WaterSpout,DarkPulse,ShellSmash,Protect|Modest||M|||50|]Sinistcha||KasibBerry|Hospitality|MatchaGotcha,RagePowder,TrickRoom,LifeDew|Calm|||||50|]Incineroar||SitrusBerry|Intimidate|FlareBlitz,DarkestLariat,FakeOut,PartingShot|Careful||M|||50|]Sneasler||FocusSash|PoisonTouch|CloseCombat,PoisonJab,FakeOut,QuickGuard|Jolly||F|||50|]Hydreigon||ChoiceScarf|Levitate|DracoMeteor,DarkPulse,Snarl,EarthPower|Modest||M|||50|]Floette-Eternal||Floettite|FlowerVeil|DazzlingGleam,DrainingKiss,CalmMind,Protect|Modest||F|||50|
|inactive|Battle timer is ON: inactive players will automatically lose when time's up. (requested by efwefwefwefweifier)
|inactive|poison mouse has 60 seconds left.
|inactive|efwefwefwefweifier has 60 seconds left.
|
|t:|1784877256
|teamsize|p1|4
|teamsize|p2|4
|start
|switch|p1a: Staraptor|Staraptor, L50, M|100/100
|switch|p1b: Sinistcha|Sinistcha, L50|100/100
|switch|p2a: Bartholomews|Hydreigon, L50, M|100/100
|switch|p2b: Macho Nacho|Floette-Eternal, L50, F|100/100
|-ability|p1a: Staraptor|Intimidate|boost
|-unboost|p2a: Bartholomews|atk|1
|-unboost|p2b: Macho Nacho|atk|1
|turn|1
|inactive|poison mouse has 30 seconds left.
|
|t:|1784877285
|switch|p2a: Merry Berry|Incineroar, L50, M, shiny|100/100
|-ability|p2a: Merry Berry|Intimidate|boost
|-unboost|p1a: Staraptor|atk|1
|-unboost|p1b: Sinistcha|atk|1
|switch|p1b: Milotic|Milotic, L50, M|100/100
|detailschange|p1a: Staraptor|Staraptor-Mega, L50, M
|-mega|p1a: Staraptor|Staraptor|Staraptite
|detailschange|p2b: Macho Nacho|Floette-Mega, L50, F
|-mega|p2b: Macho Nacho|Floette|Floettite
|-ability|p2b: Macho Nacho|Fairy Aura
|move|p1a: Staraptor|Close Combat|p2a: Merry Berry
|-supereffective|p2a: Merry Berry|1
|-damage|p2a: Merry Berry|39/100
|-boost|p1a: Staraptor|def|1
|-boost|p1a: Staraptor|spd|1
|-enditem|p2a: Merry Berry|Sitrus Berry|[eat]
|-heal|p2a: Merry Berry|64/100|[from] item: Sitrus Berry
|move|p2b: Macho Nacho|Calm Mind|p2b: Macho Nacho
|-boost|p2b: Macho Nacho|spa|1
|-boost|p2b: Macho Nacho|spd|1
|
|upkeep
|turn|2
|inactive|efwefwefwefweifier has 30 seconds left.
|
|t:|1784877312
|switch|p1b: Gholdengo|Gholdengo, L50|100/100
|move|p1a: Staraptor|Protect|p1a: Staraptor
|-singleturn|p1a: Staraptor|Protect
|move|p2a: Merry Berry|Fake Out|p1a: Staraptor
|-activate|p1a: Staraptor|move: Protect
|move|p2b: Macho Nacho|Calm Mind|p2b: Macho Nacho
|-boost|p2b: Macho Nacho|spa|1
|-boost|p2b: Macho Nacho|spd|1
|
|upkeep
|turn|3
|
|t:|1784877325
|switch|p2a: Bartholomews|Hydreigon, L50, M|100/100
|move|p1a: Staraptor|Close Combat|p2a: Bartholomews
|-supereffective|p2a: Bartholomews|1
|-damage|p2a: Bartholomews|17/100
|-boost|p1a: Staraptor|def|1
|-boost|p1a: Staraptor|spd|1
|move|p2b: Macho Nacho|Dazzling Gleam|p1a: Staraptor|[spread] p1a,p1b
|-supereffective|p1a: Staraptor|1
|-resisted|p1b: Gholdengo|1
|-damage|p1a: Staraptor|1/100
|-damage|p1b: Gholdengo|58/100
|move|p1b: Gholdengo|Nasty Plot|p1b: Gholdengo
|-boost|p1b: Gholdengo|spa|2
|
|upkeep
|turn|4
|inactive|poison mouse has 30 seconds left.
|inactive|efwefwefwefweifier has 30 seconds left.
|inactive|poison mouse has 20 seconds left.
|inactive|poison mouse has 15 seconds left.
|inactive|poison mouse has 10 seconds left.
|
|t:|1784877372
|switch|p1a: Sinistcha|Sinistcha, L50|100/100
|-heal|p1b: Gholdengo|83/100|[from] ability: Hospitality|[of] p1a: Sinistcha
|move|p2a: Bartholomews|Draco Meteor|p1a: Sinistcha
|-damage|p1a: Sinistcha|31/100
|-unboost|p2a: Bartholomews|spa|2
|move|p2b: Macho Nacho|Dazzling Gleam|p1a: Sinistcha|[spread] p1a,p1b
|-resisted|p1b: Gholdengo|1
|-damage|p1a: Sinistcha|0 fnt
|-damage|p1b: Gholdengo|43/100
|faint|p1a: Sinistcha
|move|p1b: Gholdengo|Make It Rain|p2a: Bartholomews|[spread] p2a,p2b
|-supereffective|p2b: Macho Nacho|1
|-damage|p2a: Bartholomews|0 fnt
|-damage|p2b: Macho Nacho|9/100
|-unboost|p1b: Gholdengo|spa|2
|faint|p2a: Bartholomews
|-damage|p1b: Gholdengo|34/100|[from] item: Life Orb
|
|upkeep
|
|t:|1784877391
|switch|p2a: Spinny Sinny|Sinistcha, L50|100/100
|switch|p1a: Staraptor|Staraptor-Mega, L50, M|1/100
|-heal|p2b: Macho Nacho|33/100|[from] ability: Hospitality|[of] p2a: Spinny Sinny
|turn|5
|inactive|poison mouse has 30 seconds left.
|inactive|poison mouse has 20 seconds left.
|inactive|poison mouse has 15 seconds left.
|
|t:|1784877435
|move|p2b: Macho Nacho|Protect|p2b: Macho Nacho
|-singleturn|p2b: Macho Nacho|Protect
|move|p1a: Staraptor|Brave Bird|p2a: Spinny Sinny
|-supereffective|p2a: Spinny Sinny|1
|-damage|p2a: Spinny Sinny|0 fnt
|faint|p2a: Spinny Sinny
|-damage|p1a: Staraptor|0 fnt|[from] Recoil
|faint|p1a: Staraptor
|move|p1b: Gholdengo|Nasty Plot|p1b: Gholdengo
|-boost|p1b: Gholdengo|spa|2
|
|upkeep
|
|t:|1784877448
|switch|p1a: Milotic|Milotic, L50, M|100/100
|switch|p2a: Merry Berry|Incineroar, L50, M, shiny|64/100
|-ability|p2a: Merry Berry|Intimidate|boost
|-unboost|p1a: Milotic|atk|1
|-ability|p1a: Milotic|Competitive|boost
|-boost|p1a: Milotic|spa|2
|-unboost|p1b: Gholdengo|atk|1
|turn|6
|
|t:|1784877462
|move|p1a: Milotic|Protect|p1a: Milotic
|-singleturn|p1a: Milotic|Protect
|move|p1b: Gholdengo|Protect|p1b: Gholdengo
|-singleturn|p1b: Gholdengo|Protect
|move|p2a: Merry Berry|Fake Out|p1a: Milotic
|-activate|p1a: Milotic|move: Protect
|move|p2b: Macho Nacho|Dazzling Gleam|p1a: Milotic|[spread] 
|-activate|p1a: Milotic|move: Protect
|-activate|p1b: Gholdengo|move: Protect
|
|upkeep
|turn|7
|
|t:|1784877476
|move|p1b: Gholdengo|Protect|p1b: Gholdengo
|-singleturn|p1b: Gholdengo|Protect
|move|p2b: Macho Nacho|Draining Kiss|p1b: Gholdengo
|-activate|p1b: Gholdengo|move: Protect
|move|p1a: Milotic|Icy Wind|p2a: Merry Berry|[spread] p2a,p2b
|-resisted|p2a: Merry Berry|1
|-damage|p2a: Merry Berry|56/100
|-damage|p2b: Macho Nacho|25/100
|-unboost|p2a: Merry Berry|spe|1
|-unboost|p2b: Macho Nacho|spe|1
|move|p2a: Merry Berry|Darkest Lariat|p1a: Milotic
|-damage|p1a: Milotic|67/100
|
|upkeep
|turn|8
|
|t:|1784877491
|move|p1a: Milotic|Scald|p2a: Merry Berry
|-supereffective|p2a: Merry Berry|1
|-damage|p2a: Merry Berry|0 fnt
|faint|p2a: Merry Berry
|move|p1b: Gholdengo|Shadow Ball|p2b: Macho Nacho
|-damage|p2b: Macho Nacho|0 fnt
|faint|p2b: Macho Nacho
|-damage|p1b: Gholdengo|24/100|[from] item: Life Orb
|
|win|poison mouse
|raw|poison mouse's rating: 1331 → 1355(+24 for winning)
|raw|efwefwefwefweifier's rating: 1404 → 1380(-24 for losing)
|l|☆efwefwefwefweifier
|player|p2|
