|j|☆LeonardPlayz
|j|☆C.blaze
|html|LeonardPlayzC.blaze    
|uhtml|bestof|Game 1 of a best-of-3
|t:|1783392818
|gametype|doubles
|player|p1|LeonardPlayz|hilbert-wonderlauncher|1138
|player|p2|C.blaze|101|1192
|gen|9
|tier|[Gen 9 Champions] VGC 2026 Reg M-B (Bo3)
|rated|
|rule|Species Clause: Limit one of each Pokémon
|rule|Item Clause: Limit 1 of each item
|clearpoke
|poke|p1|Aerodactyl, L50, F|
|poke|p1|Gengar, L50, F|
|poke|p1|Mamoswine, L50, M|
|poke|p1|Gholdengo, L50|
|poke|p1|Grimmsnarl, L50, M|
|poke|p1|Incineroar, L50, M|
|poke|p2|Mawile, L50, M|
|poke|p2|Hydreigon, L50, M|
|poke|p2|Oranguru, L50, M|
|poke|p2|Rotom-Wash, L50|
|poke|p2|Sylveon, L50, F|
|poke|p2|Talonflame, L50, M|
|teampreview|4
|showteam|p1|Aerodactyl||Aerodactylite|RockHead|Tailwind,RockSlide,DualWingbeat,Protect|Jolly||F|||50|]Gengar||Gengarite|CursedBody|ShadowBall,PerishSong,Disable,Protect|Timid||F|||50|]Mamoswine||LifeOrb|Oblivious|IceShard,HighHorsepower,Haze,Protect|Adamant||M|||50|]Gholdengo||FocusSash|GoodasGold|MakeItRain,ShadowBall,FocusBlast,Protect|Modest|||||50|]Grimmsnarl||LightClay|Prankster|FakeOut,PartingShot,Reflect,LightScreen|Impish||M|||50|]Incineroar||SitrusBerry|Intimidate|FakeOut,ThroatChop,PartingShot,Protect|Careful||M|||50|
|showteam|p2|Mawile||Mawilite|Intimidate|PlayRough,IronHead,Protect,RockSlide|Brave||M|||50|]Hydreigon||HabanBerry|Levitate|DracoMeteor,DarkPulse,Protect,Snarl|Timid||M|||50|]Oranguru||MentalHerb|InnerFocus|Psychic,Encore,Instruct,TrickRoom|Sassy||M|||50|]Rotom-Wash||SitrusBerry|Levitate|Thunderbolt,HydroPump,Electroweb,WillOWisp|Timid|||||50|]Sylveon||FairyFeather|Pixilate|HyperVoice,HyperBeam,Protect,MysticalFire|Modest||F|||50|]Talonflame||SharpBeak|GaleWings|DualWingbeat,FlareBlitz,Protect,Tailwind|Jolly||M|||50|
|inactive|Battle timer is ON: inactive players will automatically lose when time's up. (requested by LeonardPlayz)
|inactive|LeonardPlayz has 60 seconds left.
|inactive|C.blaze has 60 seconds left.
|
|t:|1783392859
|teamsize|p1|4
|teamsize|p2|4
|start
|switch|p1a: Gengar|Gengar, L50, F|100/100
|switch|p1b: Incineroar|Incineroar, L50, M|100/100
|switch|p2a: Oranguru|Oranguru, L50, M|100/100
|switch|p2b: Rotom|Rotom-Wash, L50|100/100
|-ability|p1b: Incineroar|Intimidate|boost
|-fail|p2a: Oranguru|unboost|Attack|[from] ability: Inner Focus|[of] p2a: Oranguru
|-unboost|p2b: Rotom|atk|1
|turn|1
|inactive|LeonardPlayz has 30 seconds left.
|
|t:|1783392886
|switch|p2b: Mawile|Mawile, L50, M|100/100
|-ability|p2b: Mawile|Intimidate|boost
|-unboost|p1a: Gengar|atk|1
|-unboost|p1b: Incineroar|atk|1
|detailschange|p1a: Gengar|Gengar-Mega, L50, F
|-mega|p1a: Gengar|Gengar|Gengarite
|move|p1b: Incineroar|Fake Out|p2b: Mawile
|-resisted|p2b: Mawile|1
|-damage|p2b: Mawile|95/100
|move|p1a: Gengar|Perish Song|p1a: Gengar
|-start|p1a: Gengar|perish3|[silent]
|-start|p1b: Incineroar|perish3|[silent]
|-start|p2a: Oranguru|perish3|[silent]
|-start|p2b: Mawile|perish3|[silent]
|-fieldactivate|move: Perish Song
|move|p2a: Oranguru|Trick Room|p2a: Oranguru
|-fieldstart|move: Trick Room|[of] p2a: Oranguru
|
|-start|p2b: Mawile|perish3
|-start|p2a: Oranguru|perish3
|-start|p1b: Incineroar|perish3
|-start|p1a: Gengar|perish3
|upkeep
|turn|2
|
|t:|1783392897
|detailschange|p2b: Mawile|Mawile-Mega, L50, M
|-mega|p2b: Mawile|Mawile|Mawilite
|move|p1a: Gengar|Protect|p1a: Gengar
|-singleturn|p1a: Gengar|Protect
|move|p2b: Mawile|Play Rough|p1b: Incineroar|[miss]
|-miss|p2b: Mawile|p1b: Incineroar
|move|p2a: Oranguru|Instruct|p2b: Mawile
|-singleturn|p2b: Mawile|move: Instruct|[of] p2a: Oranguru
|move|p2b: Mawile|Play Rough|p1b: Incineroar|[miss]
|-miss|p2b: Mawile|p1b: Incineroar
|move|p1b: Incineroar|Parting Shot|p2b: Mawile
|-unboost|p2b: Mawile|atk|1
|-unboost|p2b: Mawile|spa|1
|c|☆LeonardPlayz|damn
|c|☆LeonardPlayz|unlucky
|
|t:|1783392916
|switch|p1b: Grimmsnarl|Grimmsnarl, L50, M|100/100|[from] Parting Shot
|
|-start|p2b: Mawile|perish2
|-start|p2a: Oranguru|perish2
|-start|p1a: Gengar|perish2
|upkeep
|turn|3
|inactive|LeonardPlayz has 30 seconds left.
|
|t:|1783392944
|switch|p1a: Incineroar|Incineroar, L50, M|100/100
|-ability|p1a: Incineroar|Intimidate|boost
|-fail|p2a: Oranguru|unboost|Attack|[from] ability: Inner Focus|[of] p2a: Oranguru
|-unboost|p2b: Mawile|atk|1
|move|p1b: Grimmsnarl|Parting Shot|p2a: Oranguru
|-unboost|p2a: Oranguru|atk|1
|-unboost|p2a: Oranguru|spa|1
|
|t:|1783392950
|switch|p1b: Gengar|Gengar-Mega, L50, F|100/100|[from] Parting Shot
|move|p2b: Mawile|Play Rough|p1b: Gengar
|-resisted|p1b: Gengar|1
|-damage|p1b: Gengar|72/100
|move|p2a: Oranguru|Psychic|p1b: Gengar
|-supereffective|p1b: Gengar|1
|-damage|p1b: Gengar|24/100
|
|-start|p2b: Mawile|perish1
|-start|p2a: Oranguru|perish1
|upkeep
|turn|4
|
|t:|1783392971
|move|p1b: Gengar|Protect|p1b: Gengar
|-singleturn|p1b: Gengar|Protect
|move|p1a: Incineroar|Fake Out|p2b: Mawile
|-resisted|p2b: Mawile|1
|-damage|p2b: Mawile|90/100
|cant|p2b: Mawile|flinch
|move|p2a: Oranguru|Encore|p1a: Incineroar
|-start|p1a: Incineroar|Encore
|
|-start|p2b: Mawile|perish0
|-start|p2a: Oranguru|perish0
|faint|p2b: Mawile
|faint|p2a: Oranguru
|upkeep
|
|t:|1783392978
|switch|p2b: Rotom|Rotom-Wash, L50|100/100
|switch|p2a: Sylveon|Sylveon, L50, F|100/100
|turn|5
|inactive|LeonardPlayz has 30 seconds left.
|
|t:|1783393012
|move|p1b: Gengar|Protect||[still]
|-fail|p1b: Gengar
|-activate|p1a: Incineroar|move: Struggle
|move|p1a: Incineroar|Struggle|p2b: Rotom
|-damage|p2b: Rotom|82/100
|-damage|p1a: Incineroar|74/100|[from] recoil
|move|p2a: Sylveon|Hyper Voice|p1a: Incineroar|[spread] p1a,p1b
|-resisted|p1b: Gengar|1
|-damage|p1a: Incineroar|34/100
|-damage|p1b: Gengar|0 fnt
|-enditem|p1a: Incineroar|Sitrus Berry|[eat]
|-heal|p1a: Incineroar|59/100|[from] item: Sitrus Berry
|faint|p1b: Gengar
|move|p2b: Rotom|Electroweb|p1a: Incineroar
|-damage|p1a: Incineroar|39/100
|-unboost|p1a: Incineroar|spe|1
|
|-fieldend|move: Trick Room
|upkeep
|
|t:|1783393023
|switch|p1b: Gholdengo|Gholdengo, L50|100/100
|turn|6
|
|t:|1783393033
|move|p2a: Sylveon|Protect|p2a: Sylveon
|-singleturn|p2a: Sylveon|Protect
|move|p2b: Rotom|Electroweb|p1a: Incineroar|[spread] p1a,p1b
|-damage|p1a: Incineroar|24/100
|-damage|p1b: Gholdengo|77/100
|-unboost|p1a: Incineroar|spe|1
|-unboost|p1b: Gholdengo|spe|1
|move|p1b: Gholdengo|Shadow Ball|p2b: Rotom
|-damage|p2b: Rotom|18/100
|-unboost|p2b: Rotom|spd|1
|-enditem|p2b: Rotom|Sitrus Berry|[eat]
|-heal|p2b: Rotom|42/100|[from] item: Sitrus Berry
|-activate|p1a: Incineroar|move: Struggle
|move|p1a: Incineroar|Struggle|p2a: Sylveon
|-activate|p2a: Sylveon|move: Protect
|
|upkeep
|turn|7
|
|t:|1783393050
|move|p1b: Gholdengo|Protect|p1b: Gholdengo
|-singleturn|p1b: Gholdengo|Protect
|move|p2b: Rotom|Electroweb|p1a: Incineroar|[spread] p1a
|-activate|p1b: Gholdengo|move: Protect
|-damage|p1a: Incineroar|10/100
|-unboost|p1a: Incineroar|spe|1
|move|p2a: Sylveon|Mystical Fire|p1b: Gholdengo
|-activate|p1b: Gholdengo|move: Protect
|-activate|p1a: Incineroar|move: Struggle
|move|p1a: Incineroar|Struggle|p2b: Rotom
|-damage|p2b: Rotom|25/100
|-damage|p1a: Incineroar|0 fnt|[from] recoil
|faint|p1a: Incineroar
|
|upkeep
|
|t:|1783393064
|switch|p1a: Grimmsnarl|Grimmsnarl, L50, M|100/100
|turn|8
|
|t:|1783393068
|move|p2a: Sylveon|Protect|p2a: Sylveon
|-singleturn|p2a: Sylveon|Protect
|move|p1a: Grimmsnarl|Fake Out|p2a: Sylveon
|-activate|p2a: Sylveon|move: Protect
|move|p2b: Rotom|Electroweb|p1a: Grimmsnarl|[spread] p1a,p1b
|-damage|p1a: Grimmsnarl|82/100
|-damage|p1b: Gholdengo|53/100
|-unboost|p1a: Grimmsnarl|spe|1
|-unboost|p1b: Gholdengo|spe|1
|move|p1b: Gholdengo|Shadow Ball|p2b: Rotom
|-damage|p2b: Rotom|0 fnt
|faint|p2b: Rotom
|
|upkeep
|turn|9
|
|t:|1783393079
|move|p1b: Gholdengo|Protect|p1b: Gholdengo
|-singleturn|p1b: Gholdengo|Protect
|move|p1a: Grimmsnarl|Parting Shot|p2a: Sylveon
|-unboost|p2a: Sylveon|atk|1
|-unboost|p2a: Sylveon|spa|1
|move|p2a: Sylveon|Hyper Voice|p1b: Gholdengo|[spread] p1a
|-activate|p1b: Gholdengo|move: Protect
|-supereffective|p1a: Grimmsnarl|1
|-damage|p1a: Grimmsnarl|22/100
|
|upkeep
|turn|10
|
|t:|1783393089
|move|p1a: Grimmsnarl|Light Screen|p1a: Grimmsnarl
|-sidestart|p1: LeonardPlayz|move: Light Screen
|move|p2a: Sylveon|Mystical Fire|p1b: Gholdengo
|-supereffective|p1b: Gholdengo|1
|-damage|p1b: Gholdengo|26/100
|-unboost|p1b: Gholdengo|spa|1
|move|p1b: Gholdengo|Make It Rain|p2a: Sylveon
|-supereffective|p2a: Sylveon|1
|-damage|p2a: Sylveon|30/100
|-unboost|p1b: Gholdengo|spa|2
|
|upkeep
|turn|11
|
|t:|1783393101
|move|p1a: Grimmsnarl|Parting Shot|p2a: Sylveon
|-unboost|p2a: Sylveon|atk|1
|-unboost|p2a: Sylveon|spa|1
|move|p2a: Sylveon|Hyper Voice|p1b: Gholdengo|[spread] p1a,p1b
|-supereffective|p1a: Grimmsnarl|1
|-resisted|p1b: Gholdengo|1
|-damage|p1a: Grimmsnarl|0 fnt
|-damage|p1b: Gholdengo|16/100
|faint|p1a: Grimmsnarl
|move|p1b: Gholdengo|Make It Rain|p2a: Sylveon
|-supereffective|p2a: Sylveon|1
|-damage|p2a: Sylveon|0 fnt
|-unboost|p1b: Gholdengo|spa|2
|faint|p2a: Sylveon
|
|win|LeonardPlayz
||LeonardPlayz is ready for game 2.
||C.blaze is ready for game 2.
|uhtml|next|Next: Game 2 of 3
