|j|☆PerishingSongVGC
|j|☆ChimpDoppio
|html|PerishingSongVGCChimpDoppio    
|uhtml|bestof|Game 1 of a best-of-3
|t:|1756893028
|gametype|doubles
|player|p1|PerishingSongVGC|1|1072
|player|p2|ChimpDoppio|ingo|1000
|gen|9
|tier|[Gen 9] VGC 2025 Reg H (Bo3)
|rated|
|rule|Species Clause: Limit one of each Pokémon
|rule|Item Clause: Limit 1 of each item
|clearpoke
|poke|p1|Gothitelle, L50, F|
|poke|p1|Politoed, L50, M|
|poke|p1|Rillaboom, L50, M|
|poke|p1|Incineroar, L50, F|
|poke|p1|Flamigo, L50, M|
|poke|p1|Gholdengo, L50|
|poke|p2|Porygon2, L50|
|poke|p2|Ursaluna, L50, F|
|poke|p2|Volcarona, L50, F|
|poke|p2|Grimmsnarl, L50, M|
|poke|p2|Annihilape, L50, M|
|poke|p2|Hydreigon, L50, F|
|teampreview|4
|showteam|p1|Gothitelle||SitrusBerry|ShadowTag|Psychic,Hypnosis,FakeOut,Protect|||F|||50|,,,,,Dragon]Politoed||MentalHerb|Drizzle|MuddyWater,Haze,PerishSong,Protect|||M|||50|,,,,,Grass]Rillaboom||AssaultVest|GrassySurge|WoodHammer,GrassyGlide,Uturn,FakeOut|||M|||50|,,,,,Fire]Incineroar||SafetyGoggles|Intimidate|FakeOut,PartingShot,KnockOff,FlareBlitz|||F|||50|,,,,,Ghost]Flamigo||LifeOrb|Scrappy|CloseCombat,BraveBird,ThroatChop,Protect|||M|||50|,,,,,Steel]Gholdengo||ChoiceSpecs|GoodasGold|MakeItRain,ShadowBall,PowerGem,SteelBeam||||||50|,,,,,Steel
|showteam|p2|Porygon2||Eviolite|Download|IceBeam,TeraBlast,Recover,TrickRoom||||||50|,,,,,Flying]Ursaluna||FlameOrb|Guts|Facade,Earthquake,HeadlongRush,Protect|||F|||50|,,,,,Ghost]Volcarona||SitrusBerry|FlameBody|GigaDrain,HeatWave,QuiverDance,RagePowder|||F|||50|,,,,,Dragon]Grimmsnarl||LightClay|Prankster|SpiritBreak,Reflect,LightScreen,PartingShot|||M|||50|,,,,,Ghost]Annihilape||SafetyGoggles|Defiant|Protect,BulkUp,DrainPunch,RageFist|||M|||50|,,,,,Water]Hydreigon||AssaultVest|Levitate|DracoMeteor,DarkPulse,EarthPower,FlashCannon|||F|||50|,,,,,Steel
|inactive|Battle timer is ON: inactive players will automatically lose when time's up. (requested by ChimpDoppio)
|inactive|ChimpDoppio has 60 seconds left.
|
|t:|1756893081
|teamsize|p1|4
|teamsize|p2|4
|start
|switch|p1a: Incineroar|Incineroar, L50, F|100/100
|switch|p1b: Politoed|Politoed, L50, M|100/100
|switch|p2a: Volcarona|Volcarona, L50, F, shiny|100/100
|switch|p2b: Annihilape|Annihilape, L50, M, shiny|100/100
|-weather|RainDance|[from] ability: Drizzle|[of] p1b: Politoed
|-ability|p1a: Incineroar|Intimidate|boost
|-unboost|p2a: Volcarona|atk|1
|-unboost|p2b: Annihilape|atk|1
|-ability|p2b: Annihilape|Defiant|boost
|-boost|p2b: Annihilape|atk|2
|turn|1
|inactive|ChimpDoppio has 30 seconds left.
|
|t:|1756893111
|move|p2a: Volcarona|Giga Drain|p1b: Politoed
|-supereffective|p1b: Politoed
|-damage|p1b: Politoed|60/100
|move|p2b: Annihilape|Drain Punch|p1a: Incineroar
|-supereffective|p1a: Incineroar
|-damage|p1a: Incineroar|15/100
|move|p1b: Politoed|Perish Song|p1b: Politoed
|-start|p1a: Incineroar|perish3|[silent]
|-start|p1b: Politoed|perish3|[silent]
|-start|p2a: Volcarona|perish3|[silent]
|-start|p2b: Annihilape|perish3|[silent]
|-fieldactivate|move: Perish Song
|move|p1a: Incineroar|Parting Shot|p2a: Volcarona
|-unboost|p2a: Volcarona|atk|1
|-unboost|p2a: Volcarona|spa|1
|
|t:|1756893120
|switch|p1a: Gothitelle|Gothitelle, L50, F|100/100|[from] Parting Shot
|
|-weather|RainDance|[upkeep]
|-start|p2a: Volcarona|perish3
|-start|p2b: Annihilape|perish3
|-start|p1b: Politoed|perish3
|upkeep
|turn|2
|
|t:|1756893127
|move|p2a: Volcarona|Quiver Dance|p2a: Volcarona
|-boost|p2a: Volcarona|spa|1
|-boost|p2a: Volcarona|spd|1
|-boost|p2a: Volcarona|spe|1
|move|p2b: Annihilape|Bulk Up|p2b: Annihilape
|-boost|p2b: Annihilape|atk|1
|-boost|p2b: Annihilape|def|1
|move|p1b: Politoed|Muddy Water|p2a: Volcarona|[spread] p2a
|-miss|p1b: Politoed|p2b: Annihilape
|-supereffective|p2a: Volcarona
|-damage|p2a: Volcarona|57/100
|move|p1a: Gothitelle|Psychic|p2b: Annihilape
|-supereffective|p2b: Annihilape
|-damage|p2b: Annihilape|56/100
|
|-weather|RainDance|[upkeep]
|-start|p2a: Volcarona|perish2
|-start|p2b: Annihilape|perish2
|-start|p1b: Politoed|perish2
|upkeep
|turn|3
|
|t:|1756893144
|move|p2a: Volcarona|Heat Wave|p1a: Gothitelle|[spread] p1a,p1b
|-resisted|p1b: Politoed
|-damage|p1a: Gothitelle|88/100
|-damage|p1b: Politoed|53/100
|move|p2b: Annihilape|Rage Fist|p1b: Politoed
|-damage|p1b: Politoed|0 fnt
|faint|p1b: Politoed
|move|p1a: Gothitelle|Psychic|p2b: Annihilape
|-supereffective|p2b: Annihilape
|-damage|p2b: Annihilape|15/100
|
|-weather|RainDance|[upkeep]
|-start|p2a: Volcarona|perish1
|-start|p2b: Annihilape|perish1
|upkeep
|
|t:|1756893152
|switch|p1b: Incineroar|Incineroar, L50, F|15/100
|-ability|p1b: Incineroar|Intimidate|boost
|-unboost|p2a: Volcarona|atk|1
|-unboost|p2b: Annihilape|atk|1
|-ability|p2b: Annihilape|Defiant|boost
|-boost|p2b: Annihilape|atk|2
|turn|4
|
|t:|1756893169
|move|p2a: Volcarona|Giga Drain|p1a: Gothitelle
|-damage|p1a: Gothitelle|69/100
|-heal|p2a: Volcarona|65/100|[from] drain|[of] p1a: Gothitelle
|move|p2b: Annihilape|Drain Punch|p1b: Incineroar
|-supereffective|p1b: Incineroar
|-damage|p1b: Incineroar|0 fnt
|-heal|p2b: Annihilape|22/100|[from] drain|[of] p1b: Incineroar
|faint|p1b: Incineroar
|move|p1a: Gothitelle|Psychic|p2b: Annihilape
|-supereffective|p2b: Annihilape
|-damage|p2b: Annihilape|0 fnt
|faint|p2b: Annihilape
|
|-weather|RainDance|[upkeep]
|-start|p2a: Volcarona|perish0
|upkeep
|faint|p2a: Volcarona
|
|t:|1756893176
|switch|p2a: Ursaluna|Ursaluna, L50, F|100/100
|switch|p2b: Hydreigon|Hydreigon, L50, F|100/100
|switch|p1b: Flamigo|Flamigo, L50, M|100/100
|turn|5
|
|t:|1756893187
|-terastallize|p2b: Hydreigon|Steel
|move|p1b: Flamigo|Protect|p1b: Flamigo
|-singleturn|p1b: Flamigo|Protect
|move|p2a: Ursaluna|Protect|p2a: Ursaluna
|-singleturn|p2a: Ursaluna|Protect
|move|p2b: Hydreigon|Draco Meteor|p1b: Flamigo
|-activate|p1b: Flamigo|move: Protect
|move|p1a: Gothitelle|Hypnosis|p2b: Hydreigon
|-status|p2b: Hydreigon|slp|[from] move: Hypnosis
|
|-weather|none
|-status|p2a: Ursaluna|brn|[from] item: Flame Orb
|upkeep
|turn|6
|
|t:|1756893211
|move|p1b: Flamigo|Close Combat|p2a: Ursaluna
|-supereffective|p2a: Ursaluna
|-damage|p2a: Ursaluna|0 fnt
|-unboost|p1b: Flamigo|def|1
|-unboost|p1b: Flamigo|spd|1
|faint|p2a: Ursaluna
|-damage|p1b: Flamigo|91/100|[from] item: Life Orb
|cant|p2b: Hydreigon|slp
|move|p1a: Gothitelle|Psychic|p2b: Hydreigon
|-resisted|p2b: Hydreigon
|-damage|p2b: Hydreigon|91/100 slp
|-unboost|p2b: Hydreigon|spd|1
|
|upkeep
|turn|7
|
|t:|1756893221
|move|p1b: Flamigo|Close Combat|p2b: Hydreigon
|-supereffective|p2b: Hydreigon
|-damage|p2b: Hydreigon|0 fnt
|-unboost|p1b: Flamigo|def|1
|-unboost|p1b: Flamigo|spd|1
|faint|p2b: Hydreigon
|-damage|p1b: Flamigo|81/100|[from] item: Life Orb
|
|win|PerishingSongVGC
||ChimpDoppio is ready for game 2.
||PerishingSongVGC is ready for game 2.
|uhtml|next|Next: Game 2 of 3
|l|☆PerishingSongVGC
|player|p1|
