|j|☆Iceman5687
|j|☆PSYWAT
|html|Iceman5687PSYWAT    
|uhtml|bestof|Game 2 of a best-of-3
|t:|1784008450
|gametype|doubles
|player|p1|Iceman5687|265|1159
|player|p2|PSYWAT|266|1106
|gen|9
|tier|[Gen 9 Champions] VGC 2026 Reg M-B (Bo3)
|rated|
|rule|Species Clause: Limit one of each Pokémon
|rule|Item Clause: Limit 1 of each item
|clearpoke
|poke|p1|Sylveon, L50, F, shiny|
|poke|p1|Basculegion, L50, M|
|poke|p1|Kingambit, L50, F, shiny|
|poke|p1|Garchomp, L50, F|
|poke|p1|Charizard, L50, M, shiny|
|poke|p1|Whimsicott, L50, M, shiny|
|poke|p2|Alakazam, L50, M, shiny|
|poke|p2|Gallade, L50, M|
|poke|p2|Mamoswine, L50, F, shiny|
|poke|p2|Chandelure, L50, M, shiny|
|poke|p2|Kingambit, L50, M, shiny|
|poke|p2|Steelix, L50, M, shiny|
|teampreview|4
|showteam|p1|Sylveon||FairyFeather|Pixilate|HyperVoice,QuickAttack,Protect,HyperBeam|Modest||F|||50|]Basculegion||LifeOrb|Adaptability|WaveCrash,LastRespects,AquaJet,Protect|Adamant||M|||50|]Kingambit||ChopleBerry|Defiant|KowtowCleave,IronHead,SuckerPunch,LowKick|Adamant||F|||50|]Garchomp||RoseliBerry|RoughSkin|Earthquake,RockSlide,DragonClaw,PoisonJab|Adamant||F|||50|]Charizard||CharizarditeY|Blaze|HeatWave,WeatherBall,SolarBeam,Protect|Modest||M|||50|]Whimsicott||FocusSash|Prankster|Moonblast,Tailwind,Encore,Protect|Timid||M|||50|
|showteam|p2|Alakazam||Alakazite|Synchronize|ExpandingForce,DazzlingGleam,Protect,Substitute|Modest||M|||50|]Gallade||LumBerry|Sharpness|PsychicTerrain,PsychoCut,CloseCombat,Protect|Adamant||M|||50|]Mamoswine||ChoiceScarf|Oblivious|IcicleCrash,HighHorsepower,RockSlide,KnockOff|Jolly||F|||50|]Chandelure||FocusSash|FlashFire|Protect,ShadowBall,Flamethrower,WillOWisp|Timid||M|||50|]Kingambit||ChopleBerry|Defiant|SuckerPunch,Protect,IronHead,SwordsDance|Adamant||M|||50|]Steelix||Steelixite|RockHead|HeavySlam,HighHorsepower,BodyPress,Protect|Relaxed||M|||50|
|inactive|Battle timer is ON: inactive players will automatically lose when time's up. (requested by Iceman5687)
|
|t:|1784008474
|teamsize|p1|4
|teamsize|p2|4
|start
|switch|p1a: Whimsicott|Whimsicott, L50, M, shiny|100/100
|switch|p1b: Garchomp|Garchomp, L50, F|100/100
|switch|p2a: Mamoswine|Mamoswine, L50, F, shiny|100/100
|switch|p2b: Gallade|Gallade, L50, M|100/100
|turn|1
|inactive|Iceman5687 has 30 seconds left.
|
|t:|1784008506
|move|p1a: Whimsicott|Tailwind|p1a: Whimsicott
|-sidestart|p1: Iceman5687|move: Tailwind
|move|p1b: Garchomp|Dragon Claw|p2a: Mamoswine
|-damage|p2a: Mamoswine|49/100
|move|p2a: Mamoswine|Icicle Crash|p1b: Garchomp
|-supereffective|p1b: Garchomp|2
|-damage|p1b: Garchomp|0 fnt
|faint|p1b: Garchomp
|move|p2b: Gallade|Psychic Terrain|p2b: Gallade
|-fieldstart|move: Psychic Terrain
|
|upkeep
|
|t:|1784008517
|switch|p1b: Charizard|Charizard, L50, M, shiny|100/100
|turn|2
|
|t:|1784008535
|detailschange|p1b: Charizard|Charizard-Mega-Y, L50, M, shiny
|-mega|p1b: Charizard|Charizard|Charizardite Y
|-weather|SunnyDay|[from] ability: Drought|[of] p1b: Charizard
|move|p1a: Whimsicott|Moonblast|p2b: Gallade
|-supereffective|p2b: Gallade|1
|-damage|p2b: Gallade|38/100
|move|p1b: Charizard|Heat Wave|p2a: Mamoswine|[spread] p2a,p2b
|-supereffective|p2a: Mamoswine|1
|-damage|p2a: Mamoswine|0 fnt
|-damage|p2b: Gallade|0 fnt
|faint|p2a: Mamoswine
|faint|p2b: Gallade
|
|-weather|SunnyDay|[upkeep]
|upkeep
|
|t:|1784008546
|switch|p2a: Alakazam|Alakazam, L50, M, shiny|100/100
|switch|p2b: Chandelure|Chandelure, L50, M, shiny|100/100
|turn|3
|
|t:|1784008558
|detailschange|p2a: Alakazam|Alakazam-Mega, L50, M, shiny
|-mega|p2a: Alakazam|Alakazam|Alakazite
|-ability|p2a: Alakazam|Prankster|Trace|[from] ability: Trace|[of] p1a: Whimsicott
|move|p2a: Alakazam|Protect|p2a: Alakazam
|-singleturn|p2a: Alakazam|Protect
|move|p1a: Whimsicott|Moonblast|p2b: Chandelure
|-resisted|p2b: Chandelure|1
|-damage|p2b: Chandelure|74/100
|move|p1b: Charizard|Weather Ball|p2a: Alakazam
|-activate|p2a: Alakazam|move: Protect
|move|p2b: Chandelure|Flamethrower|p1a: Whimsicott
|-supereffective|p1a: Whimsicott|1
|-enditem|p1a: Whimsicott|Focus Sash
|-damage|p1a: Whimsicott|1/100
|
|-weather|SunnyDay|[upkeep]
|upkeep
|turn|4
|inactive|PSYWAT has 30 seconds left.
|
|t:|1784008586
|move|p1a: Whimsicott|Protect|p1a: Whimsicott
|-singleturn|p1a: Whimsicott|Protect
|move|p2a: Alakazam|Substitute|p2a: Alakazam
|-start|p2a: Alakazam|Substitute
|-damage|p2a: Alakazam|75/100
|move|p1b: Charizard|Weather Ball|p2a: Alakazam
|-end|p2a: Alakazam|Substitute
|move|p2b: Chandelure|Shadow Ball|p1b: Charizard
|-damage|p1b: Charizard|60/100
|-unboost|p1b: Charizard|spd|1
|
|-weather|SunnyDay|[upkeep]
|-sideend|p1: Iceman5687|move: Tailwind
|upkeep
|turn|5
|
|t:|1784008602
|move|p1a: Whimsicott|Tailwind|p1a: Whimsicott
|-sidestart|p1: Iceman5687|move: Tailwind
|move|p1b: Charizard|Weather Ball|p2a: Alakazam
|-damage|p2a: Alakazam|0 fnt
|faint|p2a: Alakazam
|move|p2b: Chandelure|Shadow Ball|p1b: Charizard
|-damage|p1b: Charizard|0 fnt
|faint|p1b: Charizard
|
|-weather|SunnyDay|[upkeep]
|-fieldend|move: Psychic Terrain
|upkeep
|
|t:|1784008610
|switch|p1b: Kingambit|Kingambit, L50, F, shiny|100/100
|turn|6
|
|t:|1784008615
|move|p1a: Whimsicott|Moonblast|p2b: Chandelure
|-resisted|p2b: Chandelure|1
|-damage|p2b: Chandelure|46/100
|move|p2b: Chandelure|Flamethrower|p1b: Kingambit
|-supereffective|p1b: Kingambit|1
|-crit|p1b: Kingambit
|-damage|p1b: Kingambit|0 fnt
|faint|p1b: Kingambit
|
|-weather|none
|upkeep
|turn|7
|
|t:|1784008625
|move|p1a: Whimsicott|Moonblast|p2b: Chandelure
|-resisted|p2b: Chandelure|1
|-damage|p2b: Chandelure|22/100
|-unboost|p2b: Chandelure|spa|1
|move|p2b: Chandelure|Shadow Ball|p1a: Whimsicott
|-damage|p1a: Whimsicott|0 fnt
|faint|p1a: Whimsicott
|
|win|PSYWAT
