|j|☆sdfvsefve
|j|☆punishedmelody
|html|sdfvsefvepunishedmelody    
|uhtml|bestof|Game 2 of a best-of-3
|t:|1783737674
|gametype|doubles
|player|p1|sdfvsefve|169|1000
|player|p2|punishedmelody|taunie|1000
|gen|9
|tier|[Gen 9 Champions] VGC 2026 Reg M-B (Bo3)
|rated|
|rule|Species Clause: Limit one of each Pokémon
|rule|Item Clause: Limit 1 of each item
|clearpoke
|poke|p1|Clefable, L50, F|
|poke|p1|Swampert, L50, F|
|poke|p1|Pelipper, L50, F|
|poke|p1|Kingambit, L50, F|
|poke|p1|Sneasler, L50, M|
|poke|p1|Dragapult, L50, F|
|poke|p2|Blaziken, L50, M, shiny|
|poke|p2|Venusaur, L50, M|
|poke|p2|Ninetales-Alola, L50, M|
|poke|p2|Lycanroc-Dusk, L50, F|
|poke|p2|Kingambit, L50, M, shiny|
|poke|p2|Basculegion, L50, M|
|teampreview|4
|showteam|p1|Clefable||SitrusBerry|Unaware|FollowMe,Moonblast,PsychUp,SkillSwap|Modest||F|||50|]Swampert||Swampertite|Torrent|Protect,HighHorsepower,WaveCrash,IcePunch|Adamant||F|||50|]Pelipper||FocusSash|Drizzle|Hurricane,Tailwind,WeatherBall,Protect|Modest||F|||50|]Kingambit||BlackGlasses|Defiant|KowtowCleave,SuckerPunch,IronHead,Protect|Adamant||F|||50|]Sneasler||WhiteHerb|Unburden|Protect,FakeOut,DireClaw,CloseCombat|Jolly||M|||50|]Dragapult||LifeOrb|ClearBody|DracoMeteor,Protect,ShadowBall,Flamethrower|Timid||F|||50|
|showteam|p2|Blaziken||Blazikenite|SpeedBoost|FlareBlitz,CloseCombat,StoneEdge,Detect|Adamant||M|||50|]Venusaur||Venusaurite|Overgrow|GigaDrain,SludgeBomb,EarthPower,Protect|Modest||M|||50|]Ninetales-Alola||NeverMeltIce|SnowWarning|Blizzard,FreezeDry,Encore,Protect|Timid||M|||50|]Lycanroc-Dusk||FocusSash|ToughClaws|Accelerock,RockSlide,CloseCombat,Protect|Adamant||F|||50|]Kingambit||LifeOrb|Defiant|KowtowCleave,SuckerPunch,IronHead,Protect|Adamant||M|||50|]Basculegion||ChoiceScarf|Adaptability|WaveCrash,AquaJet,LastRespects,FlipTurn|Jolly||M|||50|
|inactive|Battle timer is ON: inactive players will automatically lose when time's up. (requested by sdfvsefve)
|
|t:|1783737694
|teamsize|p1|4
|teamsize|p2|4
|start
|switch|p1a: Swampert|Swampert, L50, F|100/100
|switch|p1b: Sneasler|Sneasler, L50, M|100/100
|switch|p2a: Senbonzagura|Venusaur, L50, M|100/100
|switch|p2b: Tensa Zangetsu|Kingambit, L50, M, shiny|100/100
|turn|1
|
|t:|1783737713
|detailschange|p2a: Senbonzagura|Venusaur-Mega, L50, M
|-mega|p2a: Senbonzagura|Venusaur|Venusaurite
|detailschange|p1a: Swampert|Swampert-Mega, L50, F
|-mega|p1a: Swampert|Swampert|Swampertite
|move|p1a: Swampert|Protect|p1a: Swampert
|-singleturn|p1a: Swampert|Protect
|move|p2b: Tensa Zangetsu|Protect|p2b: Tensa Zangetsu
|-singleturn|p2b: Tensa Zangetsu|Protect
|move|p1b: Sneasler|Close Combat|p2b: Tensa Zangetsu
|-activate|p2b: Tensa Zangetsu|move: Protect
|move|p2a: Senbonzagura|Earth Power|p1b: Sneasler
|-supereffective|p1b: Sneasler|1
|-damage|p1b: Sneasler|14/100
|
|upkeep
|turn|2
|
|t:|1783737728
|switch|p1b: Pelipper|Pelipper, L50, F|100/100
|-weather|RainDance|[from] ability: Drizzle|[of] p1b: Pelipper
|switch|p1a: Kingambit|Kingambit, L50, F|100/100
|move|p2b: Tensa Zangetsu|Sucker Punch||[still]
|-fail|p2b: Tensa Zangetsu
|move|p2a: Senbonzagura|Giga Drain|p1a: Kingambit
|-resisted|p1a: Kingambit|1
|-damage|p1a: Kingambit|80/100
|
|-weather|RainDance|[upkeep]
|upkeep
|turn|3
|
|t:|1783737746
|switch|p2b: Hakka no Togame|Ninetales-Alola, L50, M|100/100
|-weather|Snowscape|[from] ability: Snow Warning|[of] p2b: Hakka no Togame
|move|p1b: Pelipper|Weather Ball|p2b: Hakka no Togame
|-resisted|p2b: Hakka no Togame|1
|-damage|p2b: Hakka no Togame|83/100
|move|p2a: Senbonzagura|Earth Power|p1a: Kingambit
|-supereffective|p1a: Kingambit|1
|-damage|p1a: Kingambit|23/100
|move|p1a: Kingambit|Kowtow Cleave|p2a: Senbonzagura
|-damage|p2a: Senbonzagura|60/100
|
|-weather|Snowscape|[upkeep]
|upkeep
|turn|4
|
|t:|1783737762
|move|p1a: Kingambit|Sucker Punch|p2a: Senbonzagura
|-damage|p2a: Senbonzagura|24/100
|move|p2b: Hakka no Togame|Blizzard|p1b: Pelipper|[spread] p1a,p1b
|-resisted|p1a: Kingambit|1
|-damage|p1a: Kingambit|7/100
|-damage|p1b: Pelipper|34/100
|move|p1b: Pelipper|Tailwind|p1b: Pelipper
|-sidestart|p1: sdfvsefve|move: Tailwind
|move|p2a: Senbonzagura|Giga Drain|p1b: Pelipper
|-damage|p1b: Pelipper|0 fnt
|-heal|p2a: Senbonzagura|36/100|[from] drain|[of] p1b: Pelipper
|faint|p1b: Pelipper
|
|-weather|Snowscape|[upkeep]
|upkeep
|
|t:|1783737769
|switch|p1b: Sneasler|Sneasler, L50, M|14/100
|turn|5
|
|t:|1783737782
|move|p2b: Hakka no Togame|Protect|p2b: Hakka no Togame
|-singleturn|p2b: Hakka no Togame|Protect
|move|p2a: Senbonzagura|Protect|p2a: Senbonzagura
|-singleturn|p2a: Senbonzagura|Protect
|move|p1b: Sneasler|Dire Claw|p2a: Senbonzagura
|-activate|p2a: Senbonzagura|move: Protect
|move|p1a: Kingambit|Iron Head|p2b: Hakka no Togame
|-activate|p2b: Hakka no Togame|move: Protect
|
|-weather|Snowscape|[upkeep]
|upkeep
|turn|6
|
|t:|1783737795
|move|p1b: Sneasler|Close Combat|p2b: Hakka no Togame
|-damage|p2b: Hakka no Togame|22/100
|-unboost|p1b: Sneasler|def|1
|-unboost|p1b: Sneasler|spd|1
|-enditem|p1b: Sneasler|White Herb
|-clearnegativeboost|p1b: Sneasler|[silent]
|move|p2b: Hakka no Togame|Blizzard|p1a: Kingambit|[spread] p1a,p1b
|-resisted|p1a: Kingambit|1
|-damage|p1a: Kingambit|0 fnt
|-damage|p1b: Sneasler|0 fnt
|faint|p1a: Kingambit
|faint|p1b: Sneasler
|move|p2a: Senbonzagura|Giga Drain|p1: Kingambit|[notarget]
|-fail|p2a: Senbonzagura
|
|-weather|Snowscape|[upkeep]
|upkeep
|-message|sdfvsefve forfeited.
|
|win|punishedmelody
|raw|sdfvsefve's rating: 1000 → 1000(+0 for losing)
|raw|punishedmelody's rating: 1000 → 1040(+40 for winning)
|l|☆sdfvsefve
|player|p1|
