|j|☆chenhow3814
|j|☆bomabflat
|html|chenhow3814bomabflat    
|uhtml|bestof|Game 1 of a best-of-3
|t:|1785409991
|gametype|doubles
|player|p1|chenhow3814|2|1072
|player|p2|bomabflat|102|1018
|gen|9
|tier|[Gen 9 Champions] VGC 2026 Reg M-B (Bo3)
|rated|
|rule|Species Clause: Limit one of each Pokémon
|rule|Item Clause: Limit 1 of each item
|clearpoke
|poke|p1|Blastoise, L50, M|
|poke|p1|Farigiraf, L50, F|
|poke|p1|Zoroark-Hisui, L50, M|
|poke|p1|Sylveon, L50, M|
|poke|p1|Kingambit, L50, F|
|poke|p1|Aerodactyl, L50, F|
|poke|p2|Farigiraf, L50, M|
|poke|p2|Musharna, L50, F|
|poke|p2|Cofagrigus, L50, M, shiny|
|poke|p2|Kingambit, L50, M|
|poke|p2|Torkoal, L50, M|
|poke|p2|Ampharos, L50, M|
|teampreview|4
|showteam|p1|Blastoise||Blastoisinite|Torrent|WaterSpout,DarkPulse,AuraSphere,FakeOut|Modest||M|||50|]Farigiraf||SitrusBerry|ArmorTail|HelpingHand,RainDance,TrickRoom,Psychic|Relaxed||F|||50|]Zoroark-Hisui||FocusSash|Illusion|Round,BitterMalice,Taunt,IcyWind|Timid||M|||50|]Sylveon||FairyFeather|Pixilate|HyperVoice,Round,Moonblast,Protect|Modest||M|||50|]Kingambit||ChopleBerry|SupremeOverlord|KowtowCleave,SuckerPunch,IronHead,LowKick|Adamant||F|||50|]Aerodactyl||ChoiceScarf|Unnerve|DualWingbeat,RockSlide,IceFang,Bulldoze|Adamant||F|||50|
|showteam|p2|Farigiraf||ColburBerry|ArmorTail|HyperVoice,TrickRoom,ShadowBall,Protect|Quiet||M|||50|]Musharna||SitrusBerry|Telepathy|TrickRoom,Protect,HelpingHand,Psychic|Relaxed||F|||50|]Cofagrigus||BlackBelt|Mummy|TrickRoom,BodyPress,Protect,DestinyBond|Relaxed||M|||50|]Kingambit||FocusSash|Defiant|KowtowCleave,IronHead,BrickBreak,Protect|Brave||M|||50|]Torkoal||Charcoal|Drought|Eruption,SolarBeam,Protect,EarthPower|Quiet||M|||50|]Ampharos||Ampharosite|Static|Discharge,DragonPulse,Thunderbolt,Protect|Quiet||M|||50|
|inactive|Battle timer is ON: inactive players will automatically lose when time's up. (requested by bomabflat)
|
|t:|1785410048
|teamsize|p1|4
|teamsize|p2|4
|start
|switch|p1a: Kingambit|Kingambit, L50, F|100/100
|switch|p1b: Sylveon|Sylveon, L50, M|100/100
|switch|p2a: c|Cofagrigus, L50, M, shiny|100/100
|switch|p2b: k|Kingambit, L50, M|100/100
|turn|1
|inactive|chenhow3814 has 30 seconds left.
|inactive|chenhow3814 has 20 seconds left.
|inactive|chenhow3814 has 15 seconds left.
|
|t:|1785410091
|move|p1b: Sylveon|Protect|p1b: Sylveon
|-singleturn|p1b: Sylveon|Protect
|move|p2b: k|Protect|p2b: k
|-singleturn|p2b: k|Protect
|move|p1a: Kingambit|Bitter Malice|p2a: c
|-supereffective|p2a: c|1
|-damage|p2a: c|27/100
|-unboost|p2a: c|atk|1
|move|p2a: c|Trick Room|p2a: c
|-fieldstart|move: Trick Room|[of] p2a: c
|
|upkeep
|turn|2
|inactive|chenhow3814 has 30 seconds left.
|inactive|bomabflat has 30 seconds left.
|inactive|chenhow3814 has 20 seconds left.
|inactive|bomabflat has 20 seconds left.
|inactive|chenhow3814 has 15 seconds left.
|inactive|bomabflat has 15 seconds left.
|inactive|chenhow3814 has 10 seconds left.
|
|t:|1785410140
|switch|p1b: Kingambit|Kingambit, L50, F|100/100
|move|p2a: c|Protect|p2a: c
|-singleturn|p2a: c|Protect
|move|p2b: k|Kowtow Cleave|p1a: Kingambit
|-supereffective|p1a: Kingambit|1
|-enditem|p1a: Kingambit|Focus Sash
|-damage|p1a: Kingambit|1/100
|replace|p1a: Zoroark|Zoroark-Hisui, L50, M
|-end|p1a: Zoroark|Illusion
|move|p1a: Zoroark|Bitter Malice|p2a: c
|-activate|p2a: c|move: Protect
|
|upkeep
|turn|3
|c|☆bomabflat|two kingambit?
|
|t:|1785410165
|move|p2a: c|Body Press|p1b: Kingambit
|-supereffective|p1b: Kingambit|2
|-enditem|p1b: Kingambit|Chople Berry|[eat]
|-enditem|p1b: Kingambit|Chople Berry|[weaken]
|-damage|p1b: Kingambit|40/100
|move|p2b: k|Kowtow Cleave|p1a: Zoroark
|-supereffective|p1a: Zoroark|1
|-damage|p1a: Zoroark|0 fnt
|faint|p1a: Zoroark
|move|p1b: Kingambit|Low Kick|p2b: k
|-supereffective|p2b: k|2
|-enditem|p2b: k|Focus Sash
|-damage|p2b: k|1/100
|
|upkeep
|c|☆bomabflat|who couldve gueswed?
|
|t:|1785410185
|switch|p1a: Blastoise|Blastoise, L50, M|100/100
|turn|4
|
|t:|1785410199
|detailschange|p1a: Blastoise|Blastoise-Mega, L50, M
|-mega|p1a: Blastoise|Blastoise|Blastoisinite
|move|p2b: k|Protect|p2b: k
|-singleturn|p2b: k|Protect
|move|p1a: Blastoise|Fake Out|p2b: k
|-activate|p2b: k|move: Protect
|move|p1b: Kingambit|Sucker Punch|p2a: c
|-supereffective|p2a: c|1
|-damage|p2a: c|0 fnt
|-end|p1b: Kingambit|fallenundefined|[silent]
|-activate|p2a: c|ability: Mummy|p1b: Kingambit|[ability] Supreme Overlord
|faint|p2a: c
|
|upkeep
|
|t:|1785410217
|switch|p2a: S|Farigiraf, L50, M|100/100
|turn|5
|
|t:|1785410234
|move|p2b: k|Kowtow Cleave|p1a: Blastoise
|-damage|p1a: Blastoise|57/100
|move|p1b: Kingambit|Kowtow Cleave|p2a: S
|-supereffective|p2a: S|1
|-enditem|p2a: S|Colbur Berry|[eat]
|-enditem|p2a: S|Colbur Berry|[weaken]
|-damage|p2a: S|50/100g
|move|p2a: S|Hyper Voice|p1b: Kingambit|[spread] p1a,p1b
|-resisted|p1b: Kingambit|1
|-damage|p1a: Blastoise|25/100
|-damage|p1b: Kingambit|22/100
|move|p1a: Blastoise|Water Spout|p2a: S|[spread] p2a,p2b
|-damage|p2a: S|34/100
|-damage|p2b: k|0 fnt
|faint|p2b: k
|
|-fieldend|move: Trick Room
|upkeep
|
|t:|1785410244
|switch|p2b: e|Ampharos, L50, M|100/100
|turn|6
|inactive|chenhow3814 has 30 seconds left.
|
|t:|1785410275
|detailschange|p2b: e|Ampharos-Mega, L50, M
|-mega|p2b: e|Ampharos|Ampharosite
|-ability|p2b: e|Mold Breaker
|move|p1b: Kingambit|Sucker Punch||[still]
|cant|p2a: S|ability: Armor Tail|Sucker Punch|[of] p1b: Kingambit
|move|p1a: Blastoise|Dark Pulse|p2a: S
|-supereffective|p2a: S|1
|-damage|p2a: S|0 fnt
|faint|p2a: S
|move|p2b: e|Discharge|p1b: Kingambit|[spread] p1a,p1b
|-supereffective|p1a: Blastoise|1
|-damage|p1a: Blastoise|0 fnt
|-damage|p1b: Kingambit|0 fnt
|faint|p1a: Blastoise
|faint|p1b: Kingambit
|
|upkeep
|
|t:|1785410291
|switch|p1b: Sylveon|Sylveon, L50, M|100/100
|turn|7
|
|t:|1785410297
|move|p1b: Sylveon|Moonblast|p2b: e
|-supereffective|p2b: e|1
|-damage|p2b: e|16/100
|move|p2b: e|Thunderbolt|p1b: Sylveon
|-damage|p1b: Sylveon|54/100
|
|upkeep
|turn|8
|
|t:|1785410304
|move|p2b: e|Protect|p2b: e
|-singleturn|p2b: e|Protect
|move|p1b: Sylveon|Moonblast|p2b: e
|-activate|p2b: e|move: Protect
|
|upkeep
|turn|9
|
|t:|1785410310
|move|p2b: e|Protect||[still]
|-fail|p2b: e
|move|p1b: Sylveon|Moonblast|p2b: e
|-supereffective|p2b: e|1
|-damage|p2b: e|0 fnt
|faint|p2b: e
|
|win|chenhow3814
