|j|☆Pawah
|j|☆D_Bastial
|html|PawahD_Bastial    
|uhtml|bestof|Game 1 of a best-of-3
|t:|1757106603
|gametype|doubles
|player|p1|Pawah|ethan|1176
|player|p2|D_Bastial|clay|1118
|gen|9
|tier|[Gen 9] VGC 2025 Reg H (Bo3)
|rated|
|rule|Species Clause: Limit one of each Pokémon
|rule|Item Clause: Limit 1 of each item
|clearpoke
|poke|p1|Ursaluna, L50, F|
|poke|p1|Sinistcha, L50|
|poke|p1|Pelipper, L50, F|
|poke|p1|Archaludon, L50, F|
|poke|p1|Dragonite, L50, F|
|poke|p1|Basculegion, L50, M|
|poke|p2|Kommo-o, L50, F|
|poke|p2|Sinistcha-Masterpiece, L50|
|poke|p2|Electabuzz, L50, F|
|poke|p2|Incineroar, L50, F|
|poke|p2|Whimsicott, L50, F|
|poke|p2|Annihilape, L50, F|
|teampreview|4
|showteam|p1|Ursaluna||FlameOrb|Guts|HeadlongRush,Facade,Protect,Earthquake|||F|||50|,,,,,Ghost]Sinistcha||SitrusBerry|Hospitality|RagePowder,TrickRoom,LifeDew,MatchaGotcha||||||50|,,,,,Dark]Pelipper||FocusSash|Drizzle|Hurricane,Protect,WeatherBall,WideGuard|||F|||50|,,,,,Ghost]Archaludon||AssaultVest|Stamina|ElectroShot,FlashCannon,BodyPress,DracoMeteor|||F|||50|,,,,,Bug]Dragonite||LoadedDice|Multiscale|Protect,ScaleShot,Tailwind,Haze|||F|||50|,,,,,Steel]Basculegion||ChoiceBand|SwiftSwim|WaveCrash,FlipTurn,LastRespects,AquaJet|||M|||50|,,,,,Water
|showteam|p2|Kommo-o||ThroatSpray|Soundproof|ClangorousSoul,Protect,Flamethrower,ClangingScales|||F|||50|,,,,,Fire]Sinistcha-Masterpiece||EjectButton|Hospitality|MatchaGotcha,TrickRoom,LifeDew,RagePowder||||||50|,,,,,Water]Electabuzz||Eviolite|VitalSpirit|Electroweb,FollowMe,Feint,Taunt|||F|||50|,,,,,Fairy]Incineroar||AssaultVest|Intimidate|Uturn,FakeOut,FlareBlitz,KnockOff|||F|||50|,,,,,Ghost]Whimsicott||CovertCloak|Prankster|Tailwind,Encore,Moonblast,BeatUp|||F|||50|,,,,,Dark]Annihilape||ChoiceScarf|Defiant|FinalGambit,RageFist,Uturn,CloseCombat|||F|||50|,,,,,Ghost
|inactive|Battle timer is ON: inactive players will automatically lose when time's up. (requested by Pawah)
|
|t:|1757106631
|teamsize|p1|4
|teamsize|p2|4
|start
|switch|p1a: Pelipper|Pelipper, L50, F|100/100
|switch|p1b: Basculegion|Basculegion, L50, M|100/100
|switch|p2a: Electabuzz|Electabuzz, L50, F|100/100
|switch|p2b: Kommo-o|Kommo-o, L50, F|100/100
|-weather|RainDance|[from] ability: Drizzle|[of] p1a: Pelipper
|turn|1
|inactive|Pawah has 30 seconds left.
|inactive|D_Bastial has 30 seconds left.
|
|t:|1757106661
|move|p1a: Pelipper|Wide Guard|p1a: Pelipper
|-singleturn|p1a: Pelipper|Wide Guard
|move|p1b: Basculegion|Flip Turn|p2a: Electabuzz
|-damage|p2a: Electabuzz|37/100
|
|t:|1757106667
|switch|p1b: Archaludon|Archaludon, L50, F|100/100|[from] Flip Turn
|move|p2a: Electabuzz|Electroweb|p1a: Pelipper|[spread] 
|-activate|p1a: Pelipper|move: Wide Guard
|-activate|p1b: Archaludon|move: Wide Guard
|move|p2b: Kommo-o|Clangorous Soul|p2b: Kommo-o
|-boost|p2b: Kommo-o|atk|1
|-boost|p2b: Kommo-o|def|1
|-boost|p2b: Kommo-o|spa|1
|-boost|p2b: Kommo-o|spd|1
|-boost|p2b: Kommo-o|spe|1
|-damage|p2b: Kommo-o|68/100
|-enditem|p2b: Kommo-o|Throat Spray
|-boost|p2b: Kommo-o|spa|1|[from] item: Throat Spray
|
|-weather|RainDance|[upkeep]
|upkeep
|turn|2
|inactive|Pawah has 30 seconds left.
|
|t:|1757106701
|-terastallize|p2b: Kommo-o|Fire
|move|p2a: Electabuzz|Feint|p1a: Pelipper
|-damage|p1a: Pelipper|94/100
|move|p2b: Kommo-o|Clanging Scales|p1a: Pelipper|[spread] p1a,p1b
|-damage|p1a: Pelipper|0 fnt
|-damage|p1b: Archaludon|45/100
|-ability|p1b: Archaludon|Stamina|boost
|-boost|p1b: Archaludon|def|1
|faint|p1a: Pelipper
|-unboost|p2b: Kommo-o|def|1
|move|p1b: Archaludon|Draco Meteor|p2b: Kommo-o|[miss]
|-miss|p1b: Archaludon|p2b: Kommo-o
|
|-weather|RainDance|[upkeep]
|upkeep
|
|t:|1757106713
|switch|p1a: Basculegion|Basculegion, L50, M|100/100
|turn|3
|inactive|D_Bastial has 30 seconds left.
|
|t:|1757106742
|move|p2a: Electabuzz|Follow Me|p2a: Electabuzz
|-singleturn|p2a: Electabuzz|move: Follow Me
|move|p1a: Basculegion|Flip Turn|p2a: Electabuzz
|-damage|p2a: Electabuzz|0 fnt
|faint|p2a: Electabuzz
|
|t:|1757106747
|switch|p1a: Ursaluna|Ursaluna, L50, F|100/100|[from] Flip Turn
|move|p2b: Kommo-o|Clanging Scales|p1a: Ursaluna|[spread] p1a,p1b
|-damage|p1a: Ursaluna|39/100
|-damage|p1b: Archaludon|0 fnt
|faint|p1b: Archaludon
|-unboost|p2b: Kommo-o|def|1
|
|-weather|RainDance|[upkeep]
|-status|p1a: Ursaluna|brn|[from] item: Flame Orb
|upkeep
|
|t:|1757106753
|switch|p2a: Whimsicott|Whimsicott, L50, F|100/100
|switch|p1b: Basculegion|Basculegion, L50, M|100/100
|turn|4
|
|t:|1757106774
|-terastallize|p1b: Basculegion|Water
|move|p1b: Basculegion|Aqua Jet|p2b: Kommo-o
|-supereffective|p2b: Kommo-o
|-crit|p2b: Kommo-o
|-damage|p2b: Kommo-o|0 fnt
|faint|p2b: Kommo-o
|move|p2a: Whimsicott|Tailwind|p2a: Whimsicott
|-sidestart|p2: D_Bastial|move: Tailwind
|move|p1a: Ursaluna|Facade|p2a: Whimsicott
|-damage|p2a: Whimsicott|0 fnt
|faint|p2a: Whimsicott
|
|-weather|RainDance|[upkeep]
|-damage|p1a: Ursaluna|33/100 brn|[from] brn
|upkeep
|inactive|D_Bastial has 30 seconds left.
|
|t:|1757106804
|switch|p2b: Annihilape|Annihilape, L50, F|100/100
|turn|5
|
|t:|1757106822
|move|p1b: Basculegion|Aqua Jet|p2b: Annihilape
|-damage|p2b: Annihilape|39/100
|move|p2b: Annihilape|Close Combat|p1b: Basculegion
|-damage|p1b: Basculegion|28/100
|-unboost|p2b: Annihilape|def|1
|-unboost|p2b: Annihilape|spd|1
|move|p1a: Ursaluna|Headlong Rush|p2b: Annihilape
|-damage|p2b: Annihilape|0 fnt
|-unboost|p1a: Ursaluna|def|1
|-unboost|p1a: Ursaluna|spd|1
|faint|p2b: Annihilape
|
|win|Pawah
||D_Bastial is ready for game 2.
||Pawah is ready for game 2.
|uhtml|next|Next: Game 2 of 3
