|j|☆tozireaction
|j|☆EmiALCT
|html|tozireactionEmiALCT    
|uhtml|bestof|Game 3 of a best-of-3
|t:|1757743840
|gametype|doubles
|player|p1|tozireaction|artist|
|player|p2|EmiALCT|benga|
|gen|9
|tier|[Gen 9] VGC 2025 Reg H (Bo3)
|rule|Species Clause: Limit one of each Pokémon
|rule|Item Clause: Limit 1 of each item
|clearpoke
|poke|p1|Incineroar, L50, M|
|poke|p1|Pelipper, L50, F|
|poke|p1|Basculegion, L50, M|
|poke|p1|Amoonguss, L50, M|
|poke|p1|Maushold-Four, L50|
|poke|p1|Archaludon, L50, M|
|poke|p2|Ursaluna, L50, M|
|poke|p2|Indeedee-F, L50, F|
|poke|p2|Exeggutor, L50, F|
|poke|p2|Torkoal, L50, F|
|poke|p2|Gallade, L50, M|
|poke|p2|Zoroark-Hisui, L50, F|
|teampreview|4
|showteam|p1|Incineroar||SafetyGoggles|Intimidate|FakeOut,FlareBlitz,KnockOff,PartingShot|||M|||50|,,,,,Ghost]Pelipper||FocusSash|Drizzle|Hurricane,WeatherBall,Tailwind,Protect|||F|||50|,,,,,Ghost]Basculegion||MysticWater|SwiftSwim|Protect,WaveCrash,AquaJet,LastRespects|||M|||50|,,,,,Water]Amoonguss||SitrusBerry|Regenerator|Spore,RagePowder,PollenPuff,ClearSmog|||M|||50|,,,,,Water]Maushold-Four||WideLens|Technician|PopulationBomb,FollowMe,Taunt,Protect||||||50|,,,,,Grass]Archaludon||AssaultVest|Stamina|ElectroShot,DragonPulse,FlashCannon,BodyPress|||M|||50|,,,,,Grass
|showteam|p2|Ursaluna||FlameOrb|Guts|Protect,Facade,Earthquake,HeadlongRush|||M|||50|,,,,,Ghost]Indeedee-F||PsychicSeed|PsychicSurge|TrickRoom,Psychic,FollowMe,HelpingHand|||F|||50|,,,,,Grass]Exeggutor||FocusSash|Chlorophyll|TrickRoom,ExpandingForce,EnergyBall,SleepPowder|||F|||50|,,,,,Psychic]Torkoal||Charcoal|Drought|Eruption,ClearSmog,Protect,WeatherBall|||F|||50|,,,,,Fire]Gallade||ClearAmulet|Sharpness|PsychoCut,TrickRoom,WideGuard,SacredSword|||M|||50|,,,,,Fire]Zoroark-Hisui||ChoiceSpecs|Illusion|HyperVoice,Flamethrower,ShadowBall,TeraBlast|||F|||50|,,,,,Stellar
|
|t:|1757743881
|teamsize|p1|4
|teamsize|p2|4
|start
|switch|p1a: Incineroar|Incineroar, L50, M|100/100
|switch|p1b: Amoonguss|Amoonguss, L50, M|100/100
|switch|p2a: Indeedee|Indeedee-F, L50, F|100/100
|switch|p2b: Torkoal|Torkoal, L50, F|100/100
|-ability|p1a: Incineroar|Intimidate|boost
|-unboost|p2a: Indeedee|atk|1
|-unboost|p2b: Torkoal|atk|1
|-fieldstart|move: Psychic Terrain|[from] ability: Psychic Surge|[of] p2a: Indeedee
|-enditem|p2a: Indeedee|Psychic Seed
|-boost|p2a: Indeedee|spd|1|[from] item: Psychic Seed
|turn|1
|
|t:|1757743917
|move|p2b: Torkoal|Shadow Ball|p1a: Incineroar
|-resisted|p1a: Incineroar
|-damage|p1a: Incineroar|72/100
|move|p1a: Incineroar|Parting Shot|p2b: Torkoal
|-unboost|p2b: Torkoal|atk|1
|-unboost|p2b: Torkoal|spa|1
|
|t:|1757743926
|switch|p1a: Basculegion|Basculegion, L50, M|100/100|[from] Parting Shot
|move|p1b: Amoonguss|Spore|p2a: Indeedee
|-status|p2a: Indeedee|slp|[from] move: Spore
|cant|p2a: Indeedee|slp
|
|upkeep
|turn|2
|
|t:|1757743938
|move|p1a: Basculegion|Protect|p1a: Basculegion
|-singleturn|p1a: Basculegion|Protect
|move|p2b: Torkoal|Shadow Ball|p1a: Basculegion
|-activate|p1a: Basculegion|move: Protect
|move|p1b: Amoonguss|Spore|p2b: Torkoal
|-status|p2b: Torkoal|slp|[from] move: Spore
|cant|p2a: Indeedee|slp
|
|upkeep
|turn|3
|
|t:|1757743955
|switch|p1b: Maushold|Maushold-Four, L50|100/100
|cant|p2b: Torkoal|slp
|move|p1a: Basculegion|Wave Crash|p2b: Torkoal
|-damage|p2b: Torkoal|0 fnt
|replace|p2b: Zoroark|Zoroark-Hisui, L50, F
|-end|p2b: Zoroark|Illusion
|faint|p2b: Zoroark
|-damage|p1a: Basculegion|78/100|[from] Recoil
|cant|p2a: Indeedee|slp
|
|upkeep
|
|t:|1757743962
|switch|p2b: Exeggutor|Exeggutor, L50, F|100/100
|turn|4
|
|t:|1757743977
|-curestatus|p2a: Indeedee|slp|[msg]
|move|p2a: Indeedee|Follow Me|p2a: Indeedee
|-singleturn|p2a: Indeedee|move: Follow Me
|move|p1b: Maushold|Population Bomb|p2a: Indeedee
|-damage|p2a: Indeedee|90/100
|-damage|p2a: Indeedee|78/100
|-damage|p2a: Indeedee|67/100
|-damage|p2a: Indeedee|55/100
|-damage|p2a: Indeedee|43/100
|-damage|p2a: Indeedee|31/100
|-damage|p2a: Indeedee|21/100
|-damage|p2a: Indeedee|10/100
|-hitcount|p2a: Indeedee|8
|move|p1a: Basculegion|Wave Crash|p2a: Indeedee
|-damage|p2a: Indeedee|0 fnt
|faint|p2a: Indeedee
|-damage|p1a: Basculegion|75/100|[from] Recoil
|move|p2b: Exeggutor|Trick Room|p2b: Exeggutor
|-fieldstart|move: Trick Room|[of] p2b: Exeggutor
|
|upkeep
|
|t:|1757743997
|switch|p2a: Torkoal|Torkoal, L50, F|100/100
|-weather|SunnyDay|[from] ability: Drought|[of] p2a: Torkoal
|turn|5
|
|t:|1757744041
|move|p1a: Basculegion|Protect|p1a: Basculegion
|-singleturn|p1a: Basculegion|Protect
|move|p1b: Maushold|Protect|p1b: Maushold
|-singleturn|p1b: Maushold|Protect
|move|p2a: Torkoal|Eruption|p1a: Basculegion|[spread] 
|-activate|p1a: Basculegion|move: Protect
|-activate|p1b: Maushold|move: Protect
|move|p2b: Exeggutor|Sleep Powder|p1a: Basculegion
|-activate|p1a: Basculegion|move: Protect
|
|-weather|SunnyDay|[upkeep]
|-fieldend|move: Psychic Terrain
|upkeep
|turn|6
|
|t:|1757744055
|switch|p1b: Incineroar|Incineroar, L50, M|72/100
|-ability|p1b: Incineroar|Intimidate|boost
|-unboost|p2a: Torkoal|atk|1
|-unboost|p2b: Exeggutor|atk|1
|move|p1a: Basculegion|Aqua Jet|p2a: Torkoal
|-supereffective|p2a: Torkoal
|-damage|p2a: Torkoal|82/100
|move|p2a: Torkoal|Eruption|p1b: Incineroar|[spread] p1a,p1b
|-resisted|p1a: Basculegion
|-resisted|p1b: Incineroar
|-damage|p1a: Basculegion|36/100
|-damage|p1b: Incineroar|43/100
|move|p2b: Exeggutor|Energy Ball|p1a: Basculegion
|-supereffective|p1a: Basculegion
|-damage|p1a: Basculegion|0 fnt
|faint|p1a: Basculegion
|
|-weather|SunnyDay|[upkeep]
|upkeep
|
|t:|1757744073
|switch|p1a: Amoonguss|Amoonguss, L50, M|100/100
|turn|7
|
|t:|1757744111
|move|p2a: Torkoal|Weather Ball|p1a: Amoonguss
|-supereffective|p1a: Amoonguss
|-damage|p1a: Amoonguss|0 fnt
|faint|p1a: Amoonguss
|move|p1b: Incineroar|Flare Blitz|p2b: Exeggutor
|-supereffective|p2b: Exeggutor
|-enditem|p2b: Exeggutor|Focus Sash
|-damage|p2b: Exeggutor|1/100
|-damage|p1b: Incineroar|14/100|[from] Recoil
|move|p2b: Exeggutor|Sleep Powder|p1b: Incineroar
|-activate|p1b: Incineroar|item: Safety Goggles|Sleep Powder
|
|-weather|SunnyDay|[upkeep]
|upkeep
|
|t:|1757744122
|switch|p1a: Maushold|Maushold-Four, L50|100/100
|turn|8
|
|t:|1757744135
|move|p1a: Maushold|Protect|p1a: Maushold
|-singleturn|p1a: Maushold|Protect
|move|p2a: Torkoal|Eruption|p1b: Incineroar|[spread] p1b
|-activate|p1a: Maushold|move: Protect
|-resisted|p1b: Incineroar
|-damage|p1b: Incineroar|0 fnt
|faint|p1b: Incineroar
|move|p2b: Exeggutor|Expanding Force|p1a: Maushold
|-activate|p1a: Maushold|move: Protect
|
|-weather|SunnyDay|[upkeep]
|-fieldend|move: Trick Room
|upkeep
|turn|9
|
|t:|1757744159
|move|p2b: Exeggutor|Energy Ball|p1a: Maushold
|-damage|p1a: Maushold|24/100
|move|p1a: Maushold|Population Bomb|p2a: Torkoal
|-damage|p2a: Torkoal|74/100
|-damage|p2a: Torkoal|65/100
|-damage|p2a: Torkoal|56/100
|-damage|p2a: Torkoal|48/100
|-damage|p2a: Torkoal|39/100
|-damage|p2a: Torkoal|30/100
|-damage|p2a: Torkoal|22/100
|-damage|p2a: Torkoal|13/100
|-damage|p2a: Torkoal|4/100
|-damage|p2a: Torkoal|0 fnt
|faint|p2a: Torkoal
|-hitcount|p2: Torkoal|10
|
|-weather|none
|upkeep
|turn|10
|
|t:|1757744182
|move|p1a: Maushold|Population Bomb|p2b: Exeggutor
|-damage|p2b: Exeggutor|0 fnt
|faint|p2b: Exeggutor
|-hitcount|p2: Exeggutor|1
|
|win|tozireaction
|l|☆EmiALCT
|player|p2|
|l|☆tozireaction
|player|p1|
