|j|☆okarunconbolas
|j|☆nahhu3
|html|okarunconbolasnahhu3    
|uhtml|bestof|Game 1 of a best-of-3
|t:|1757730733
|gametype|doubles
|player|p1|okarunconbolas|169|
|player|p2|nahhu3|nate|
|gen|9
|tier|[Gen 9] VGC 2025 Reg H (Bo3)
|rule|Species Clause: Limit one of each Pokémon
|rule|Item Clause: Limit 1 of each item
|clearpoke
|poke|p1|Kingambit, L50, M|
|poke|p1|Rillaboom, L50, F|
|poke|p1|Volcarona, L50, F|
|poke|p1|Electabuzz, L50, M|
|poke|p1|Sneasler, L50, F|
|poke|p1|Dragonite, L50, F|
|poke|p2|Ursaluna-Bloodmoon, L50, M|
|poke|p2|Incineroar, L50, M|
|poke|p2|Indeedee, L50, M|
|poke|p2|Sneasler, L50, M|
|poke|p2|Talonflame, L50, M|
|poke|p2|Electabuzz, L50, M|
|teampreview|4
|showteam|p1|Kingambit||BlackGlasses|Defiant|KowtowCleave,SuckerPunch,SwordsDance,Protect|||M|||50|,,,,,Dark]Rillaboom||AssaultVest|GrassySurge|WoodHammer,HighHorsepower,GrassyGlide,FakeOut|||F|||50|,,,,,Fire]Volcarona||CovertCloak|FlameBody|HeatWave,TeraBlast,QuiverDance,Protect|||F|||50|,,,,,Fairy]Electabuzz||Eviolite|VitalSpirit|Electroweb,Taunt,FollowMe,Protect|||M|||50|,,,,,Dragon]Sneasler||FocusSash|Unburden|CloseCombat,DireClaw,Coaching,FakeOut|||F|||50|,,,,,Ghost]Dragonite||LoadedDice|Multiscale|ScaleShot,Haze,Protect,ExtremeSpeed|||F|||50|,,,,,Fairy
|showteam|p2|Ursaluna-Bloodmoon||LifeOrb|MindsEye|BloodMoon,EarthPower,HyperVoice,Protect|||M|||50|,,,,,Normal]Incineroar||SafetyGoggles|Intimidate|FlareBlitz,KnockOff,PartingShot,FakeOut|||M|||50|,,,,,Ghost]Indeedee||FocusSash|PsychicSurge|ExpandingForce,HelpingHand,TrickRoom,Protect|||M|||50|,,,,,Psychic]Sneasler||PsychicSeed|Unburden|CloseCombat,DireClaw,ThroatChop,Protect|||M|||50|,,,,,Dark]Talonflame||CovertCloak|GaleWings|FlareBlitz,DualWingbeat,WillOWisp,Tailwind|||M|||50|,,,,,Fairy]Electabuzz||Eviolite|VitalSpirit|Electroweb,FollowMe,Taunt,Protect|||M|||50|,,,,,Dragon
|j| RuderestBuster
|l|☆okarunconbolas
|player|p1|
|inactive|Battle timer is ON: inactive players will automatically lose when time's up. (requested by nahhu3)
|j|☆okarunconbolas
|inactive|okarunconbolas reconnected and has 90 seconds left.
|player|p1|okarunconbolas|169|
|
|t:|1757730786
|teamsize|p1|4
|teamsize|p2|4
|start
|switch|p1a: Dragonite|Dragonite, L50, F|100/100
|switch|p1b: Sneasler|Sneasler, L50, F|100/100
|switch|p2a: Ursaluna|Ursaluna-Bloodmoon, L50, M|100/100
|switch|p2b: Electabuzz|Electabuzz, L50, M|100/100
|turn|1
|inactive|okarunconbolas has 30 seconds left.
|inactive|okarunconbolas has 20 seconds left.
|
|t:|1757730825
|move|p2a: Ursaluna|Protect|p2a: Ursaluna
|-singleturn|p2a: Ursaluna|Protect
|move|p1b: Sneasler|Fake Out|p2a: Ursaluna
|-activate|p2a: Ursaluna|move: Protect
|move|p2b: Electabuzz|Electroweb|p1b: Sneasler|[spread] p1a,p1b
|-damage|p1a: Dragonite|93/100
|-damage|p1b: Sneasler|83/100
|-unboost|p1a: Dragonite|spe|1
|-unboost|p1b: Sneasler|spe|1
|move|p1a: Dragonite|Scale Shot|p2b: Electabuzz|[miss]
|-miss|p1a: Dragonite|p2b: Electabuzz
|
|upkeep
|turn|2
|inactive|okarunconbolas has 30 seconds left.
|inactive|nahhu3 has 30 seconds left.
|
|t:|1757730856
|-terastallize|p2a: Ursaluna|Normal
|move|p2b: Electabuzz|Follow Me|p2b: Electabuzz
|-singleturn|p2b: Electabuzz|move: Follow Me
|move|p1b: Sneasler|Close Combat|p2b: Electabuzz
|-damage|p2b: Electabuzz|27/100
|-unboost|p1b: Sneasler|def|1
|-unboost|p1b: Sneasler|spd|1
|move|p2a: Ursaluna|Hyper Voice|p1a: Dragonite|[spread] p1a,p1b
|-damage|p1a: Dragonite|24/100
|-damage|p1b: Sneasler|0 fnt
|faint|p1b: Sneasler
|-damage|p2a: Ursaluna|91/100|[from] item: Life Orb
|move|p1a: Dragonite|Scale Shot|p2b: Electabuzz
|-damage|p2b: Electabuzz|9/100
|-damage|p2b: Electabuzz|0 fnt
|faint|p2b: Electabuzz
|-hitcount|p2: Electabuzz|2
|-unboost|p1a: Dragonite|def|1
|-boost|p1a: Dragonite|spe|1
|
|upkeep
|
|t:|1757730878
|switch|p1b: Rillaboom|Rillaboom, L50, F|100/100
|switch|p2b: Sneasler|Sneasler, L50, M|100/100
|-fieldstart|move: Grassy Terrain|[from] ability: Grassy Surge|[of] p1b: Rillaboom
|turn|3
|inactive|nahhu3 has 30 seconds left.
|
|t:|1757730906
|move|p2b: Sneasler|Protect|p2b: Sneasler
|-singleturn|p2b: Sneasler|Protect
|move|p1a: Dragonite|Protect|p1a: Dragonite
|-singleturn|p1a: Dragonite|Protect
|move|p2a: Ursaluna|Protect|p2a: Ursaluna
|-singleturn|p2a: Ursaluna|Protect
|move|p1b: Rillaboom|High Horsepower|p2b: Sneasler
|-activate|p2b: Sneasler|move: Protect
|
|-heal|p2a: Ursaluna|97/100|[from] Grassy Terrain
|upkeep
|turn|4
|inactive|okarunconbolas has 30 seconds left.
|j| Guschar charles
|inactive|okarunconbolas has 20 seconds left.
|inactive|nahhu3 has 30 seconds left.
|
|t:|1757730950
|switch|p1a: Electabuzz|Electabuzz, L50, M|100/100
|-terastallize|p1b: Rillaboom|Fire
|move|p2b: Sneasler|Dire Claw|p1a: Electabuzz
|-damage|p1a: Electabuzz|68/100
|move|p1b: Rillaboom|High Horsepower|p2b: Sneasler
|-supereffective|p2b: Sneasler
|-damage|p2b: Sneasler|0 fnt
|faint|p2b: Sneasler
|move|p2a: Ursaluna|Hyper Voice|p1a: Electabuzz|[spread] p1a,p1b
|-crit|p1b: Rillaboom
|-damage|p1a: Electabuzz|12/100
|-damage|p1b: Rillaboom|16/100
|-damage|p2a: Ursaluna|87/100|[from] item: Life Orb
|
|-heal|p1a: Electabuzz|18/100|[from] Grassy Terrain
|-heal|p1b: Rillaboom|22/100|[from] Grassy Terrain
|-heal|p2a: Ursaluna|93/100|[from] Grassy Terrain
|upkeep
|
|t:|1757730965
|switch|p2b: Indeedee|Indeedee, L50, M|100/100
|-fieldstart|move: Psychic Terrain|[from] ability: Psychic Surge|[of] p2b: Indeedee
|turn|5
|inactive|okarunconbolas has 30 seconds left.
|inactive|okarunconbolas has 20 seconds left.
|inactive|okarunconbolas has 15 seconds left.
|
|t:|1757731007
|switch|p1b: Dragonite|Dragonite, L50, F|24/100
|move|p1a: Electabuzz|Protect|p1a: Electabuzz
|-singleturn|p1a: Electabuzz|Protect
|move|p2b: Indeedee|Expanding Force|p1b: Dragonite|[spread] p1b
|-activate|p1a: Electabuzz|move: Protect
|-damage|p1b: Dragonite|0 fnt
|faint|p1b: Dragonite
|move|p2a: Ursaluna|Hyper Voice|p1a: Electabuzz
|-activate|p1a: Electabuzz|move: Protect
|
|upkeep
|
|t:|1757731019
|switch|p1b: Rillaboom|Rillaboom, L50, F, tera:Fire|22/100
|-fieldstart|move: Grassy Terrain|[from] ability: Grassy Surge|[of] p1b: Rillaboom
|turn|6
|
|t:|1757731026
|move|p2b: Indeedee|Protect|p2b: Indeedee
|-singleturn|p2b: Indeedee|Protect
|move|p2a: Ursaluna|Protect|p2a: Ursaluna
|-singleturn|p2a: Ursaluna|Protect
|move|p1b: Rillaboom|Grassy Glide|p2b: Indeedee
|-activate|p2b: Indeedee|move: Protect
|move|p1a: Electabuzz|Electroweb|p2b: Indeedee|[spread] 
|-activate|p2a: Ursaluna|move: Protect
|-activate|p2b: Indeedee|move: Protect
|
|-heal|p1a: Electabuzz|24/100|[from] Grassy Terrain
|-heal|p1b: Rillaboom|28/100|[from] Grassy Terrain
|-heal|p2a: Ursaluna|99/100|[from] Grassy Terrain
|upkeep
|turn|7
|
|t:|1757731043
|move|p2b: Indeedee|Expanding Force|p1b: Rillaboom
|-damage|p1b: Rillaboom|2/100
|move|p1a: Electabuzz|Electroweb|p2a: Ursaluna|[spread] p2a,p2b
|-damage|p2a: Ursaluna|80/100
|-damage|p2b: Indeedee|83/100
|-unboost|p2a: Ursaluna|spe|1
|-unboost|p2b: Indeedee|spe|1
|move|p1b: Rillaboom|Wood Hammer|p2a: Ursaluna
|-damage|p2a: Ursaluna|11/100
|-damage|p1b: Rillaboom|0 fnt|[from] Recoil
|faint|p1b: Rillaboom
|move|p2a: Ursaluna|Hyper Voice|p1a: Electabuzz
|-damage|p1a: Electabuzz|0 fnt
|faint|p1a: Electabuzz
|-damage|p2a: Ursaluna|2/100|[from] item: Life Orb
|
|win|nahhu3
|inactive|okarunconbolas has 30 seconds to confirm battle start!
|inactive|nahhu3 has 30 seconds to confirm battle start!
||nahhu3 is ready for game 2.
