|j|☆terosath
|j|☆Bingus Von Bongus
|html|terosathBingus Von Bongus    
|uhtml|bestof|Game 2 of a best-of-3
|t:|1785113233
|gametype|doubles
|player|p1|terosath|n|
|player|p2|Bingus Von Bongus|ghetsis|
|gen|9
|tier|[Gen 9 Champions] VGC 2026 Reg M-B (Bo3)
|rule|Species Clause: Limit one of each Pokémon
|rule|Item Clause: Limit 1 of each item
|clearpoke
|poke|p1|Drampa, L50, M|
|poke|p1|Crabominable, L50, F|
|poke|p1|Sinistcha-Masterpiece, L50|
|poke|p1|Politoed, L50, M|
|poke|p1|Farigiraf, L50, M|
|poke|p1|Garganacl, L50, F|
|poke|p2|Sableye, L50, M, shiny|
|poke|p2|Sinistcha-Masterpiece, L50|
|poke|p2|Rampardos, L50, M, shiny|
|poke|p2|Aromatisse, L50, F|
|poke|p2|Beedrill, L50, M|
|poke|p2|Gardevoir, L50, F|
|teampreview|4
|showteam|p1|Drampa||Drampanite|Berserk|Protect,EarthPower,CalmMind,HyperVoice|Quiet||M|||50|]Crabominable||Crabominite|HyperCutter|DrainPunch,Protect,IceHammer,ThunderPunch|Brave||F|||50|]Sinistcha-Masterpiece||SitrusBerry|Hospitality|TrickRoom,MatchaGotcha,LifeDew,RagePowder|Modest|||||50|]Politoed||MysticWater|Drizzle|MuddyWater,Protect,Encore,HelpingHand|Calm||M|||50|]Farigiraf||MentalHerb|ArmorTail|TrickRoom,PsychicNoise,LightScreen,Reflect|Sassy||M|||50|]Garganacl||Leftovers|PurifyingSalt|WideGuard,RockSlide,Protect,BodyPress|Relaxed||F|||50|
|showteam|p2|Sableye||LightClay|Prankster|SkillSwap,Encore,LightScreen,Reflect|Impish||M|||50|]Sinistcha-Masterpiece||Leftovers|Hospitality|MatchaGotcha,ShadowBall,CalmMind,StrengthSap|Bold|||||50|]Rampardos||LifeOrb|SheerForce|RockSlide,IronHead,Protect,Crunch|Brave||M|||50|]Aromatisse||BabiriBerry|AromaVeil|AfterYou,HealPulse,AllySwitch,TrickRoom|Relaxed||F|||50|]Beedrill||Beedrillite|Sniper|Lunge,PoisonJab,Protect,KnockOff|Jolly||M|||50|]Gardevoir||Gardevoirite|Trace|HyperVoice,Moonblast,VacuumWave,Protect|Timid||F|||50|
|j| Jaybird112233
|j| seafan13
|
|t:|1785113258
|teamsize|p1|4
|teamsize|p2|4
|start
|switch|p1a: Put up yer dukes|Crabominable, L50, F|100/100
|switch|p1b: RacecaR|Farigiraf, L50, M|100/100
|switch|p2a: Krang te Konqueror|Rampardos, L50, M, shiny|100/100
|switch|p2b: Fake Pokemon the 2|Aromatisse, L50, F|100/100
|turn|1
|
|t:|1785113275
|detailschange|p1a: Put up yer dukes|Crabominable-Mega, L50, F
|-mega|p1a: Put up yer dukes|Crabominable|Crabominite
|move|p1a: Put up yer dukes|Protect|p1a: Put up yer dukes
|-singleturn|p1a: Put up yer dukes|Protect
|move|p2b: Fake Pokemon the 2|Ally Switch|p2b: Fake Pokemon the 2
|swap|p2b: Fake Pokemon the 2|0|[from] move: Ally Switch
|move|p1b: RacecaR|Reflect|p1b: RacecaR
|-sidestart|p1: terosath|Reflect
|move|p2b: Krang te Konqueror|Rock Slide|p1b: RacecaR|[spread] p1b
|-activate|p1a: Put up yer dukes|move: Protect
|-damage|p1b: RacecaR|50/100g
|
|upkeep
|turn|2
|j| geminiduality2
|
|t:|1785113293
|move|p2b: Krang te Konqueror|Protect|p2b: Krang te Konqueror
|-singleturn|p2b: Krang te Konqueror|Protect
|move|p1a: Put up yer dukes|Drain Punch|p2b: Krang te Konqueror
|-activate|p2b: Krang te Konqueror|move: Protect
|move|p1b: RacecaR|Trick Room|p1b: RacecaR
|-fieldstart|move: Trick Room|[of] p1b: RacecaR
|move|p2a: Fake Pokemon the 2|Trick Room|p2a: Fake Pokemon the 2
|-fieldend|move: Trick Room
|
|upkeep
|turn|3
|
|t:|1785113342
|move|p2a: Fake Pokemon the 2|Ally Switch|p2a: Fake Pokemon the 2
|swap|p2a: Fake Pokemon the 2|1|[from] move: Ally Switch
|move|p2a: Krang te Konqueror|Iron Head|p1a: Put up yer dukes
|-supereffective|p1a: Put up yer dukes|1
|-damage|p1a: Put up yer dukes|36/100
|move|p1a: Put up yer dukes|Drain Punch|p2a: Krang te Konqueror
|-supereffective|p2a: Krang te Konqueror|1
|-damage|p2a: Krang te Konqueror|0 fnt
|-heal|p1a: Put up yer dukes|86/100|[from] drain|[of] p2a: Krang te Konqueror
|faint|p2a: Krang te Konqueror
|move|p1b: RacecaR|Trick Room|p1b: RacecaR
|-fieldstart|move: Trick Room|[of] p1b: RacecaR
|
|upkeep
|
|t:|1785113389
|switch|p2a: The Goo Haunts You|Sinistcha-Masterpiece, L50|100/100
|turn|4
|
|t:|1785113422
|move|p2b: Fake Pokemon the 2|After You|p2a: The Goo Haunts You
|-activate|p2a: The Goo Haunts You|move: After You
|move|p2a: The Goo Haunts You|Matcha Gotcha|p1b: RacecaR|[spread] p1a,p1b
|-crit|p1a: Put up yer dukes
|-damage|p1a: Put up yer dukes|56/100
|-damage|p1b: RacecaR|32/100
|move|p1a: Put up yer dukes|Ice Hammer|p2a: The Goo Haunts You
|-supereffective|p2a: The Goo Haunts You|1
|-damage|p2a: The Goo Haunts You|0 fnt
|-unboost|p1a: Put up yer dukes|spe|1
|faint|p2a: The Goo Haunts You
|move|p1b: RacecaR|Psychic Noise|p2b: Fake Pokemon the 2
|-damage|p2b: Fake Pokemon the 2|73/100
|-block|p2b: Fake Pokemon the 2|ability: Aroma Veil|[of] p2b: Fake Pokemon the 2
|
|upkeep
|
|t:|1785113436
|switch|p2a: Garganoth Bee Lord|Beedrill, L50, M|100/100
|turn|5
|
|t:|1785113472
|detailschange|p2a: Garganoth Bee Lord|Beedrill-Mega, L50, M
|-mega|p2a: Garganoth Bee Lord|Beedrill|Beedrillite
|move|p1a: Put up yer dukes|Ice Hammer|p2a: Garganoth Bee Lord
|-damage|p2a: Garganoth Bee Lord|0 fnt
|-unboost|p1a: Put up yer dukes|spe|1
|faint|p2a: Garganoth Bee Lord
|move|p2b: Fake Pokemon the 2|After You|p2: Garganoth Bee Lord|[notarget]
|-fail|p2b: Fake Pokemon the 2
|move|p1b: RacecaR|Reflect||[still]
|-fail|p1b: RacecaR
|
|-sideend|p1: terosath|Reflect
|upkeep
|turn|6
|
|t:|1785113485
|move|p1a: Put up yer dukes|Ice Hammer|p2b: Fake Pokemon the 2
|-damage|p2b: Fake Pokemon the 2|11/100
|-unboost|p1a: Put up yer dukes|spe|1
|move|p2b: Fake Pokemon the 2|Heal Pulse|p1b: RacecaR
|-heal|p1b: RacecaR|82/100
|move|p1b: RacecaR|Psychic Noise|p2b: Fake Pokemon the 2
|-damage|p2b: Fake Pokemon the 2|0 fnt
|faint|p2b: Fake Pokemon the 2
|
|win|terosath
