|j|☆regalac3
|j|☆drunk express
|html|regalac3drunk express    
|uhtml|bestof|Game 2 of a best-of-3
|t:|1783225013
|gametype|doubles
|player|p1|regalac3|n|1145
|player|p2|drunk express|169|1172
|gen|9
|tier|[Gen 9 Champions] VGC 2026 Reg M-B (Bo3)
|rated|
|rule|Species Clause: Limit one of each Pokémon
|rule|Item Clause: Limit 1 of each item
|clearpoke
|poke|p1|Aerodactyl, L50, M|
|poke|p1|Pyroar, L50, F|
|poke|p1|Farigiraf, L50, F|
|poke|p1|Mamoswine, L50, F|
|poke|p1|Venusaur, L50, F|
|poke|p1|Torkoal, L50, F|
|poke|p2|Tyranitar, L50, F|
|poke|p2|Pelipper, L50, M|
|poke|p2|Raichu, L50, F|
|poke|p2|Archaludon, L50, F|
|poke|p2|Palafin, L50, M|
|poke|p2|Whimsicott, L50, M|
|teampreview|4
|showteam|p1|Aerodactyl||Aerodactylite|Unnerve|RockSlide,DualWingbeat,IceFang,Tailwind|Jolly||M|||50|]Pyroar||Pyroarite|Unnerve|HeatWave,SolarBeam,Overheat,Protect|Timid||F|||50|]Farigiraf||SitrusBerry|ArmorTail|Psychic,Thunderbolt,HelpingHand,TrickRoom|Modest||F|||50|]Mamoswine||LifeOrb|Oblivious|IcicleCrash,HighHorsepower,IceShard,Protect|Adamant||F|||50|]Venusaur||FocusSash|Chlorophyll|LeafStorm,SludgeBomb,SleepPowder,Protect|Modest||F|||50|]Torkoal||Charcoal|Drought|Eruption,WeatherBall,HelpingHand,Protect|Quiet||F|||50|
|showteam|p2|Tyranitar||Tyranitarite|Unnerve|DragonDance,RockSlide,Protect,KnockOff|Jolly||F|||50|]Pelipper||SitrusBerry|Drizzle|Tailwind,Hurricane,Protect,WideGuard|Modest||M|||50|]Raichu||RaichuniteY|LightningRod|FakeOut,FocusBlast,ZapCannon,DazzlingGleam|Timid||F|||50|]Archaludon||ShucaBerry|Stalwart|ElectroShot,DracoMeteor,SolarBeam,FlashCannon|Modest||F|||50|]Palafin||MysticWater|ZerotoHero|ZenHeadbutt,JetPunch,CloseCombat,WaveCrash|Adamant||M|||50|]Whimsicott||FocusSash|Prankster|Tailwind,SunnyDay,Protect,Moonblast|Timid||M|||50|
|
|t:|1783225025
|teamsize|p1|4
|teamsize|p2|4
|start
|switch|p1a: Aerodactyl|Aerodactyl, L50, M|100/100
|switch|p1b: Mamoswine|Mamoswine, L50, F|100/100
|switch|p2a: Raichu|Raichu, L50, F|100/100
|switch|p2b: Palafin|Palafin, L50, M|100/100
|-ability|p1a: Aerodactyl|Unnerve
|turn|1
|
|t:|1783225046
|switch|p1a: Venusaur|Venusaur, L50, F|100/100
|detailschange|p2a: Raichu|Raichu-Mega-Y, L50, F
|-mega|p2a: Raichu|Raichu|Raichunite Y
|move|p1b: Mamoswine|Protect|p1b: Mamoswine
|-singleturn|p1b: Mamoswine|Protect
|move|p2a: Raichu|Zap Cannon|p1a: Venusaur
|-resisted|p1a: Venusaur|1
|-damage|p1a: Venusaur|55/100
|-status|p1a: Venusaur|par
|move|p2b: Palafin|Wave Crash|p1b: Mamoswine
|-activate|p1b: Mamoswine|move: Protect
|
|upkeep
|turn|2
|
|t:|1783225060
|detailschange|p2b: Palafin|Palafin-Hero, L50, M
|switch|p2b: Pelipper|Pelipper, L50, M|100/100
|-weather|RainDance|[from] ability: Drizzle|[of] p2b: Pelipper
|switch|p1b: Torkoal|Torkoal, L50, F|100/100
|-weather|SunnyDay|[from] ability: Drought|[of] p1b: Torkoal
|move|p2a: Raichu|Focus Blast|p1b: Torkoal
|-damage|p1b: Torkoal|29/100
|move|p1a: Venusaur|Leaf Storm|p2b: Pelipper
|-damage|p2b: Pelipper|0 fnt
|-unboost|p1a: Venusaur|spa|2
|faint|p2b: Pelipper
|
|-weather|SunnyDay|[upkeep]
|upkeep
|
|t:|1783225074
|switch|p2b: Tyranitar|Tyranitar, L50, F|100/100
|-ability|p2b: Tyranitar|Unnerve
|turn|3
|
|t:|1783225090
|move|p2a: Raichu|Focus Blast|p1b: Torkoal
|-damage|p1b: Torkoal|0 fnt
|faint|p1b: Torkoal
|move|p1a: Venusaur|Sleep Powder|p2a: Raichu
|-status|p2a: Raichu|slp|[from] move: Sleep Powder
|move|p2b: Tyranitar|Rock Slide|p1a: Venusaur|[miss]
|-miss|p2b: Tyranitar|p1a: Venusaur
|
|-weather|SunnyDay|[upkeep]
|upkeep
|
|t:|1783225099
|switch|p1b: Aerodactyl|Aerodactyl, L50, M|100/100
|-ability|p1b: Aerodactyl|Unnerve
|turn|4
|
|t:|1783225111
|detailschange|p1b: Aerodactyl|Aerodactyl-Mega, L50, M
|-mega|p1b: Aerodactyl|Aerodactyl|Aerodactylite
|move|p1b: Aerodactyl|Rock Slide|p2a: Raichu|[spread] p2a,p2b
|-damage|p2a: Raichu|44/100 slp
|-damage|p2b: Tyranitar|74/100
|cant|p2a: Raichu|slp
|move|p1a: Venusaur|Sleep Powder|p2b: Tyranitar
|-status|p2b: Tyranitar|slp|[from] move: Sleep Powder
|cant|p2b: Tyranitar|slp
|
|-weather|SunnyDay|[upkeep]
|upkeep
|turn|5
|
|t:|1783225125
|move|p1b: Aerodactyl|Rock Slide|p2a: Raichu|[spread] p2a,p2b
|-damage|p2a: Raichu|0 fnt
|-damage|p2b: Tyranitar|52/100 slp
|faint|p2a: Raichu
|move|p1a: Venusaur|Sludge Bomb|p2b: Tyranitar
|-resisted|p2b: Tyranitar|1
|-damage|p2b: Tyranitar|42/100 slp
|-curestatus|p2b: Tyranitar|slp|[msg]
|cant|p2b: Tyranitar|flinch
|
|-weather|SunnyDay|[upkeep]
|upkeep
|
|t:|1783225136
|switch|p2a: Palafin|Palafin-Hero, L50, M|100/100
|-activate|p2a: Palafin|ability: Zero to Hero
|turn|6
|
|t:|1783225149
|move|p1b: Aerodactyl|Rock Slide|p2a: Palafin|[spread] p2a,p2b
|-damage|p2a: Palafin|70/100
|-damage|p2b: Tyranitar|18/100
|move|p2a: Palafin|Zen Headbutt|p1a: Venusaur
|-supereffective|p1a: Venusaur|1
|-damage|p1a: Venusaur|0 fnt
|faint|p1a: Venusaur
|move|p2b: Tyranitar|Rock Slide|p1b: Aerodactyl
|-supereffective|p1b: Aerodactyl|1
|-damage|p1b: Aerodactyl|0 fnt
|faint|p1b: Aerodactyl
|
|-weather|none
|upkeep
|
|t:|1783225156
|switch|p1a: Mamoswine|Mamoswine, L50, F|100/100
|turn|7
|
|t:|1783225171
|move|p2a: Palafin|Jet Punch|p1a: Mamoswine
|-supereffective|p1a: Mamoswine|1
|-damage|p1a: Mamoswine|0 fnt
|faint|p1a: Mamoswine
|
|win|drunk express
|raw|regalac3's rating: 1145 → 1122(-23 for losing)
|raw|drunk express's rating: 1172 → 1195(+23 for winning)
