|j|☆ClumbsyLilBeach
|j|☆marcosdeltasena31
|html|ClumbsyLilBeachmarcosdeltasena31    
|uhtml|bestof|Game 3 of a best-of-3
|t:|1785973537
|gametype|doubles
|player|p1|ClumbsyLilBeach|jasmine|1191
|player|p2|marcosdeltasena31|hilbert|1176
|gen|9
|tier|[Gen 9 Champions] VGC 2026 Reg M-B (Bo3)
|rated|
|rule|Species Clause: Limit one of each Pokémon
|rule|Item Clause: Limit 1 of each item
|clearpoke
|poke|p1|Charizard, L50, M|
|poke|p1|Pelipper, L50, M|
|poke|p1|Gliscor, L50, F, shiny|
|poke|p1|Talonflame, L50, F|
|poke|p1|Corviknight, L50, F|
|poke|p1|Staraptor, L50, F|
|poke|p2|Charizard, L50, M, shiny|
|poke|p2|Raichu, L50, F|
|poke|p2|Basculegion, L50, M|
|poke|p2|Whimsicott, L50, F|
|poke|p2|Garchomp, L50, M|
|poke|p2|Kingambit, L50, F|
|teampreview|4
|showteam|p1|Charizard||CharizarditeY|Blaze|Protect,WeatherBall,HeatWave,SolarBeam|Modest||M|||50|]Pelipper||SitrusBerry|Drizzle|WideGuard,Hurricane,Tailwind,WeatherBall|Modest||M|||50|]Gliscor||ChoiceScarf|HyperCutter|Earthquake,RockSlide,Uturn,IceFang|Jolly||F|||50|]Talonflame||FocusSash|GaleWings|AirSlash,Tailwind,QuickGuard,FeatherDance|Timid||F|||50|]Corviknight||Leftovers|MirrorArmor|Taunt,IronHead,BulkUp,Protect|Adamant||F|||50|]Staraptor||Staraptite|Intimidate|CloseCombat,Roost,BraveBird,Protect|Jolly||F|||50|
|showteam|p2|Charizard||CharizarditeY|Blaze|HeatWave,WeatherBall,SolarBeam,Protect|Modest||M|||50|]Raichu||RaichuniteY|LightningRod|ZapCannon,FocusBlast,FakeOut,Protect|Timid||F|||50|]Basculegion||MysticWater|Adaptability|WaveCrash,LastRespects,AquaJet,Protect|Adamant||M|||50|]Whimsicott||FocusSash|Prankster|Moonblast,Tailwind,Encore,Protect|Timid||F|||50|]Garchomp||LifeOrb|RoughSkin|RockSlide,DragonClaw,Earthquake,Protect|Jolly||M|||50|]Kingambit||ChopleBerry|Defiant|KowtowCleave,IronHead,SuckerPunch,LowKick|Adamant||F|||50|
|inactive|Battle timer is ON: inactive players will automatically lose when time's up. (requested by ClumbsyLilBeach)
|
|t:|1785973559
|teamsize|p1|4
|teamsize|p2|4
|start
|switch|p1a: Talonflame|Talonflame, L50, F|100/100
|switch|p1b: Charizard|Charizard, L50, M|100/100
|switch|p2a: Basculegion|Basculegion, L50, M|100/100
|switch|p2b: Whimsicott|Whimsicott, L50, F|100/100
|turn|1
|
|t:|1785973576
|detailschange|p1b: Charizard|Charizard-Mega-Y, L50, M
|-mega|p1b: Charizard|Charizard|Charizardite Y
|-weather|SunnyDay|[from] ability: Drought|[of] p1b: Charizard
|move|p2a: Basculegion|Protect|p2a: Basculegion
|-singleturn|p2a: Basculegion|Protect
|move|p1a: Talonflame|Tailwind|p1a: Talonflame
|-sidestart|p1: ClumbsyLilBeach|move: Tailwind
|move|p2b: Whimsicott|Tailwind|p2b: Whimsicott
|-sidestart|p2: marcosdeltasena31|move: Tailwind
|move|p1b: Charizard|Heat Wave|p2b: Whimsicott|[spread] p2b
|-activate|p2a: Basculegion|move: Protect
|-supereffective|p2b: Whimsicott|1
|-enditem|p2b: Whimsicott|Focus Sash
|-damage|p2b: Whimsicott|1/100
|
|-weather|SunnyDay|[upkeep]
|upkeep
|turn|2
|
|t:|1785973595
|move|p2b: Whimsicott|Protect|p2b: Whimsicott
|-singleturn|p2b: Whimsicott|Protect
|move|p1a: Talonflame|Quick Guard|p1a: Talonflame
|-singleturn|p1a: Talonflame|Quick Guard
|move|p2a: Basculegion|Aqua Jet|p1a: Talonflame
|-activate|p1a: Talonflame|move: Quick Guard
|move|p1b: Charizard|Solar Beam||[still]
|-prepare|p1b: Charizard|Solar Beam
|-anim|p1b: Charizard|Solar Beam|p2a: Basculegion
|-supereffective|p2a: Basculegion|1
|-damage|p2a: Basculegion|0 fnt
|faint|p2a: Basculegion
|
|-weather|SunnyDay|[upkeep]
|upkeep
|
|t:|1785973600
|switch|p2a: Raichu|Raichu, L50, F|100/100
|turn|3
|
|t:|1785973619
|switch|p2b: Kingambit|Kingambit, L50, F|100/100
|switch|p1b: Gliscor|Gliscor, L50, F, shiny|100/100
|detailschange|p2a: Raichu|Raichu-Mega-Y, L50, F
|-mega|p2a: Raichu|Raichu|Raichunite Y
|move|p1a: Talonflame|Air Slash|p2b: Kingambit
|-resisted|p2b: Kingambit|1
|-damage|p2b: Kingambit|86/100
|move|p2a: Raichu|Zap Cannon|p1b: Gliscor
|-immune|p1b: Gliscor
|
|-weather|SunnyDay|[upkeep]
|upkeep
|turn|4
|inactive|ClumbsyLilBeach has 30 seconds left.
|
|t:|1785973646
|move|p2a: Raichu|Protect|p2a: Raichu
|-singleturn|p2a: Raichu|Protect
|move|p1a: Talonflame|Air Slash|p2b: Kingambit
|-resisted|p2b: Kingambit|1
|-damage|p2b: Kingambit|72/100
|move|p1b: Gliscor|Earthquake|p2b: Kingambit|[spread] p2b
|-activate|p2a: Raichu|move: Protect
|-immune|p1a: Talonflame
|-supereffective|p2b: Kingambit|1
|-damage|p2b: Kingambit|23/100
|cant|p2b: Kingambit|flinch
|
|-weather|SunnyDay|[upkeep]
|-sideend|p1: ClumbsyLilBeach|move: Tailwind
|-sideend|p2: marcosdeltasena31|move: Tailwind
|upkeep
|turn|5
|-message|marcosdeltasena31 forfeited.
|raw|ClumbsyLilBeach's rating: 1191 → 1215(+24 for winning)
|raw|marcosdeltasena31's rating: 1176 → 1152(-24 for losing)
|
|win|ClumbsyLilBeach
|l|☆marcosdeltasena31
|player|p2|
