|j|☆pechugadepollico
|j|☆Fell Blue
|html|pechugadepollicoFell Blue    
|uhtml|bestof|Game 1 of a best-of-3
|t:|1782499179
|gametype|doubles
|player|p1|pechugadepollico|266|1153
|player|p2|Fell Blue|fantina|1298
|gen|9
|tier|[Gen 9 Champions] VGC 2026 Reg M-B (Bo3)
|rated|
|rule|Species Clause: Limit one of each Pokémon
|rule|Item Clause: Limit 1 of each item
|clearpoke
|poke|p1|Mawile, L50, F, shiny|
|poke|p1|Garchomp, L50, F|
|poke|p1|Farigiraf, L50, M|
|poke|p1|Charizard, L50, F|
|poke|p1|Gholdengo, L50|
|poke|p1|Whimsicott, L50, F|
|poke|p2|Torkoal, L50, F|
|poke|p2|Scrafty, L50, F|
|poke|p2|Farigiraf, L50, M|
|poke|p2|Mawile, L50, F|
|poke|p2|Vileplume, L50, F|
|poke|p2|Kangaskhan, L50, F|
|teampreview|4
|showteam|p1|Mawile||Mawilite|HyperCutter|Protect,SuckerPunch,BrickBreak,PlayRough|Adamant||F|||50|]Garchomp||ExpertBelt|RoughSkin|Protect,RockSlide,DragonClaw,StompingTantrum|Adamant||F|||50|]Farigiraf||SitrusBerry|ArmorTail|TrickRoom,HelpingHand,Psychic,EnergyBall|Bold||M|||50|]Charizard||CharizarditeY|Blaze|Protect,SolarBeam,WeatherBall,HeatWave|Modest||F|||50|]Gholdengo||LifeOrb|GoodasGold|PowerGem,Protect,ShadowBall,MakeItRain|Modest|||||50|]Whimsicott||FocusSash|Prankster|Protect,Tailwind,Encore,Moonblast|Timid||F|||50|
|showteam|p2|Torkoal||Charcoal|Drought|Eruption,WeatherBall,HelpingHand,Protect|Quiet||F|||50|]Scrafty||Scraftinite|Intimidate|KnockOff,ThunderPunch,BrickBreak,Protect|Brave||F|||50|]Farigiraf||SitrusBerry|ArmorTail|Psychic,TrickRoom,HelpingHand,Protect|Bold||M|||50|]Mawile||Mawilite|HyperCutter|PlayRough,IronHead,SuckerPunch,Protect|Brave||F|||50|]Vileplume||FocusSash|Chlorophyll|SleepPowder,Protect,GigaDrain,AfterYou|Timid||F|||50|]Kangaskhan||SilkScarf|Scrappy|FakeOut,LastResort|Brave||F|||50|
|inactive|Battle timer is ON: inactive players will automatically lose when time's up. (requested by pechugadepollico)
|
|t:|1782499228
|teamsize|p1|4
|teamsize|p2|4
|start
|switch|p1a: Farigiraf|Farigiraf, L50, M|100/100
|switch|p1b: Mawile|Mawile, L50, F, shiny|100/100
|switch|p2a: Vileplume|Vileplume, L50, F|100/100
|switch|p2b: Scrafty|Scrafty, L50, F|100/100
|-ability|p2b: Scrafty|Intimidate|boost
|-unboost|p1a: Farigiraf|atk|1
|-fail|p1b: Mawile|unboost|Attack|[from] ability: Hyper Cutter|[of] p1b: Mawile
|turn|1
|inactive|pechugadepollico has 30 seconds left.
|inactive|pechugadepollico has 20 seconds left.
|
|t:|1782499264
|detailschange|p1b: Mawile|Mawile-Mega, L50, F, shiny
|-mega|p1b: Mawile|Mawile|Mawilite
|detailschange|p2b: Scrafty|Scrafty-Mega, L50, F
|-mega|p2b: Scrafty|Scrafty|Scraftinite
|-ability|p2b: Scrafty|Intimidate|boost
|-unboost|p1a: Farigiraf|atk|1
|-unboost|p1b: Mawile|atk|1
|move|p2a: Vileplume|Sleep Powder|p1b: Mawile
|-status|p1b: Mawile|slp|[from] move: Sleep Powder
|move|p1a: Farigiraf|Psychic|p2a: Vileplume
|-supereffective|p2a: Vileplume|1
|-damage|p2a: Vileplume|13/100
|move|p2b: Scrafty|Knock Off|p1a: Farigiraf
|-supereffective|p1a: Farigiraf|1
|-damage|p1a: Farigiraf|6/100
|-enditem|p1a: Farigiraf|Sitrus Berry|[from] move: Knock Off|[of] p2b: Scrafty
|cant|p1b: Mawile|slp
|
|upkeep
|turn|2
|inactive|Fell Blue has 30 seconds left.
|
|t:|1782499296
|switch|p2a: Farigiraf|Farigiraf, L50, M|100/100
|move|p1a: Farigiraf|Psychic|p2a: Farigiraf
|-resisted|p2a: Farigiraf|1
|-damage|p2a: Farigiraf|84/100
|move|p2b: Scrafty|Brick Break|p1b: Mawile
|-damage|p1b: Mawile|63/100 slp
|cant|p1b: Mawile|slp
|
|upkeep
|turn|3
|
|t:|1782499317
|move|p1a: Farigiraf|Helping Hand|p1b: Mawile
|-singleturn|p1b: Mawile|Helping Hand|[of] p1a: Farigiraf
|move|p2b: Scrafty|Knock Off|p1a: Farigiraf
|-supereffective|p1a: Farigiraf|1
|-damage|p1a: Farigiraf|0 fnt
|faint|p1a: Farigiraf
|-curestatus|p1b: Mawile|slp|[msg]
|move|p1b: Mawile|Play Rough|p2a: Farigiraf
|-damage|p2a: Farigiraf|26/100
|-enditem|p2a: Farigiraf|Sitrus Berry|[eat]
|-heal|p2a: Farigiraf|51/100|[from] item: Sitrus Berry
|move|p2a: Farigiraf|Trick Room|p2a: Farigiraf
|-fieldstart|move: Trick Room|[of] p2a: Farigiraf
|
|upkeep
|
|t:|1782499327
|switch|p1a: Garchomp|Garchomp, L50, F|100/100
|turn|4
|
|t:|1782499350
|move|p1b: Mawile|Play Rough|p2b: Scrafty
|-supereffective|p2b: Scrafty|2
|-damage|p2b: Scrafty|0 fnt
|faint|p2b: Scrafty
|move|p2a: Farigiraf|Psychic|p1b: Mawile
|-resisted|p1b: Mawile|1
|-damage|p1b: Mawile|45/100
|move|p1a: Garchomp|Stomping Tantrum|p2a: Farigiraf
|-damage|p2a: Farigiraf|18/100
|
|upkeep
|
|t:|1782499355
|switch|p2b: Torkoal|Torkoal, L50, F|100/100
|-weather|SunnyDay|[from] ability: Drought|[of] p2b: Torkoal
|turn|5
|
|t:|1782499374
|move|p1b: Mawile|Protect|p1b: Mawile
|-singleturn|p1b: Mawile|Protect
|move|p2b: Torkoal|Eruption|p1a: Garchomp|[spread] p1a
|-activate|p1b: Mawile|move: Protect
|-resisted|p1a: Garchomp|1
|-damage|p1a: Garchomp|59/100
|move|p2a: Farigiraf|Psychic|p1a: Garchomp
|-damage|p1a: Garchomp|27/100
|move|p1a: Garchomp|Stomping Tantrum|p2a: Farigiraf
|-crit|p2a: Farigiraf
|-damage|p2a: Farigiraf|0 fnt
|faint|p2a: Farigiraf
|
|-weather|SunnyDay|[upkeep]
|upkeep
|
|t:|1782499382
|switch|p2a: Vileplume|Vileplume, L50, F|13/100
|turn|6
|
|t:|1782499390
|move|p2a: Vileplume|Protect|p2a: Vileplume
|-singleturn|p2a: Vileplume|Protect
|move|p1b: Mawile|Sucker Punch|p2b: Torkoal
|-damage|p2b: Torkoal|80/100
|move|p2b: Torkoal|Eruption|p1b: Mawile|[spread] p1a,p1b
|-resisted|p1a: Garchomp|1
|-crit|p1a: Garchomp
|-supereffective|p1b: Mawile|1
|-damage|p1a: Garchomp|0 fnt
|-damage|p1b: Mawile|0 fnt
|faint|p1a: Garchomp
|faint|p1b: Mawile
|
|-weather|SunnyDay|[upkeep]
|upkeep
|
|t:|1782499396
|switch|p1b: Gholdengo|Gholdengo, L50|100/100
|turn|7
|
|t:|1782499404
|move|p1b: Gholdengo|Protect|p1b: Gholdengo
|-singleturn|p1b: Gholdengo|Protect
|move|p2b: Torkoal|Weather Ball|p1b: Gholdengo
|-activate|p1b: Gholdengo|move: Protect
|move|p2a: Vileplume|Giga Drain|p1b: Gholdengo
|-activate|p1b: Gholdengo|move: Protect
|
|-weather|SunnyDay|[upkeep]
|-fieldend|move: Trick Room
|upkeep
|turn|8
|
|t:|1782499413
|move|p2a: Vileplume|After You|p2b: Torkoal
|-activate|p2b: Torkoal|move: After You
|move|p2b: Torkoal|Weather Ball|p1b: Gholdengo
|-supereffective|p1b: Gholdengo|1
|-damage|p1b: Gholdengo|0 fnt
|faint|p1b: Gholdengo
|
|win|Fell Blue
