|j|☆hasgdsaydg
|j|☆iono_1118
|html|hasgdsaydgiono_1118    
|uhtml|bestof|Game 1 of a best-of-3
|t:|1782348413
|gametype|doubles
|player|p1|hasgdsaydg|101|1060
|player|p2|iono_1118|102|1120
|gen|9
|tier|[Gen 9 Champions] VGC 2026 Reg M-B (Bo3)
|rated|
|rule|Species Clause: Limit one of each Pokémon
|rule|Item Clause: Limit 1 of each item
|clearpoke
|poke|p1|Pelipper, L50, M|
|poke|p1|Swampert, L50, M|
|poke|p1|Incineroar, L50, M|
|poke|p1|Dragonite, L50, F|
|poke|p1|Excadrill, L50, F|
|poke|p1|Kangaskhan, L50, F|
|poke|p2|Eelektross, L50, M, shiny|
|poke|p2|Garchomp, L50, M|
|poke|p2|Incineroar, L50, M|
|poke|p2|Grimmsnarl, L50, M|
|poke|p2|Sinistcha, L50|
|poke|p2|Staraptor, L50, M|
|teampreview|4
|showteam|p1|Pelipper||FocusSash|Drizzle|WeatherBall,Tailwind,Hurricane,Protect|Modest||M|||50|]Swampert||Swampertite|Damp|Liquidation,IcePunch,Earthquake,Protect|Jolly||M|||50|]Incineroar||SitrusBerry|Intimidate|HelpingHand,FakeOut,PartingShot,FlareBlitz|Impish||M|||50|]Dragonite||LifeOrb|Multiscale|Hurricane,DragonClaw,ExtremeSpeed,Protect|Hasty||F|||50|]Excadrill||ChoiceScarf|MoldBreaker|IronHead,StompingTantrum,BrickBreak,RockSlide|Jolly||F|||50|]Kangaskhan||MentalHerb|InnerFocus|FakeOut,LastResort|Adamant||F|||50|
|showteam|p2|Eelektross||Eelektrossite|Levitate|SupercellSlam,DrainPunch,Coil,Protect|Adamant||M|||50|]Garchomp||LifeOrb|RoughSkin|Earthquake,DragonClaw,RockSlide,Protect|Jolly||M|||50|]Incineroar||ChopleBerry|Intimidate|FlareBlitz,DarkestLariat,PartingShot,FakeOut|Adamant||M|||50|]Grimmsnarl||LightClay|Prankster|SpiritBreak,Reflect,LightScreen,PartingShot|Careful||M|||50|]Sinistcha||SitrusBerry|Hospitality|MatchaGotcha,StrengthSap,RagePowder,LifeDew|Bold|||||50|]Staraptor||Staraptite|Intimidate|CloseCombat,DualWingbeat,Roost,Protect|Adamant||M|||50|
|
|t:|1782348490
|teamsize|p1|4
|teamsize|p2|4
|start
|switch|p1a: Pelipper|Pelipper, L50, M|100/100
|switch|p1b: Incineroar|Incineroar, L50, M|100/100
|switch|p2a: Grimmsnarl|Grimmsnarl, L50, M|100/100
|switch|p2b: Incineroar|Incineroar, L50, M|100/100
|-weather|RainDance|[from] ability: Drizzle|[of] p1a: Pelipper
|-ability|p2b: Incineroar|Intimidate|boost
|-unboost|p1a: Pelipper|atk|1
|-unboost|p1b: Incineroar|atk|1
|-ability|p1b: Incineroar|Intimidate|boost
|-unboost|p2a: Grimmsnarl|atk|1
|-unboost|p2b: Incineroar|atk|1
|turn|1
|
|t:|1782348537
|move|p1b: Incineroar|Fake Out|p2b: Incineroar
|-damage|p2b: Incineroar|93/100
|cant|p2b: Incineroar|flinch
|move|p2a: Grimmsnarl|Reflect|p2a: Grimmsnarl
|-sidestart|p2: iono_1118|Reflect
|move|p1a: Pelipper|Tailwind|p1a: Pelipper
|-sidestart|p1: hasgdsaydg|move: Tailwind
|
|-weather|RainDance|[upkeep]
|upkeep
|turn|2
|
|t:|1782348564
|move|p1b: Incineroar|Helping Hand|p1a: Pelipper
|-singleturn|p1a: Pelipper|Helping Hand|[of] p1b: Incineroar
|move|p1a: Pelipper|Weather Ball|p2b: Incineroar
|-supereffective|p2b: Incineroar|1
|-damage|p2b: Incineroar|0 fnt
|faint|p2b: Incineroar
|move|p2a: Grimmsnarl|Spirit Break|p1b: Incineroar
|-damage|p1b: Incineroar|82/100
|-unboost|p1b: Incineroar|spa|1
|
|-weather|RainDance|[upkeep]
|upkeep
|
|t:|1782348575
|switch|p2b: Staraptor|Staraptor, L50, M|100/100
|-ability|p2b: Staraptor|Intimidate|boost
|-unboost|p1a: Pelipper|atk|1
|-unboost|p1b: Incineroar|atk|1
|turn|3
|
|t:|1782348596
|detailschange|p2b: Staraptor|Staraptor-Mega, L50, M
|-mega|p2b: Staraptor|Staraptor|Staraptite
|move|p2a: Grimmsnarl|Parting Shot|p1a: Pelipper
|-unboost|p1a: Pelipper|atk|1
|-unboost|p1a: Pelipper|spa|1
|
|t:|1782348601
|switch|p2a: Sinistcha|Sinistcha, L50|100/100|[from] Parting Shot
|move|p1a: Pelipper|Weather Ball|p2b: Staraptor
|-damage|p2b: Staraptor|48/100
|move|p1b: Incineroar|Parting Shot|p2b: Staraptor
|-boost|p2b: Staraptor|atk|1
|-boost|p2b: Staraptor|spa|1
|
|t:|1782348616
|switch|p1b: Dragonite|Dragonite, L50, F|100/100|[from] Parting Shot
|move|p2b: Staraptor|Close Combat|p1b: Dragonite
|-resisted|p1b: Dragonite|1
|-damage|p1b: Dragonite|65/100
|-boost|p2b: Staraptor|def|1
|-boost|p2b: Staraptor|spd|1
|
|-weather|RainDance|[upkeep]
|upkeep
|turn|4
|
|t:|1782348657
|move|p1a: Pelipper|Protect|p1a: Pelipper
|-singleturn|p1a: Pelipper|Protect
|move|p2b: Staraptor|Protect|p2b: Staraptor
|-singleturn|p2b: Staraptor|Protect
|move|p1b: Dragonite|Hurricane|p2a: Sinistcha
|-supereffective|p2a: Sinistcha|1
|-damage|p2a: Sinistcha|0 fnt
|faint|p2a: Sinistcha
|-damage|p1b: Dragonite|56/100|[from] item: Life Orb
|
|-weather|RainDance|[upkeep]
|-sideend|p1: hasgdsaydg|move: Tailwind
|upkeep
|
|t:|1782348666
|switch|p2a: Grimmsnarl|Grimmsnarl, L50, M|100/100
|turn|5
|
|t:|1782348682
|move|p2a: Grimmsnarl|Light Screen|p2a: Grimmsnarl
|-sidestart|p2: iono_1118|move: Light Screen
|move|p2b: Staraptor|Dual Wingbeat|p1b: Dragonite
|-damage|p1b: Dragonite|9/100
|-damage|p1b: Dragonite|0 fnt
|faint|p1b: Dragonite
|-hitcount|p1: Dragonite|2
|move|p1a: Pelipper|Tailwind|p1a: Pelipper
|-sidestart|p1: hasgdsaydg|move: Tailwind
|
|-weather|none
|upkeep
|
|t:|1782348692
|switch|p1b: Swampert|Swampert, L50, M|100/100
|turn|6
|
|t:|1782348731
|switch|p1a: Incineroar|Incineroar, L50, M|82/100
|-ability|p1a: Incineroar|Intimidate|boost
|-unboost|p2a: Grimmsnarl|atk|1
|-boost|p2b: Staraptor|atk|1
|detailschange|p1b: Swampert|Swampert-Mega, L50, M
|-mega|p1b: Swampert|Swampert|Swampertite
|move|p2b: Staraptor|Protect|p2b: Staraptor
|-singleturn|p2b: Staraptor|Protect
|move|p2a: Grimmsnarl|Parting Shot|p1b: Swampert
|-unboost|p1b: Swampert|atk|1
|-unboost|p1b: Swampert|spa|1
|move|p1b: Swampert|Liquidation|p2b: Staraptor
|-activate|p2b: Staraptor|move: Protect
|
|upkeep
|turn|7
|
|t:|1782348769
|move|p1a: Incineroar|Helping Hand|p1b: Swampert
|-singleturn|p1b: Swampert|Helping Hand|[of] p1a: Incineroar
|move|p2a: Grimmsnarl|Parting Shot|p1b: Swampert
|-unboost|p1b: Swampert|atk|1
|-unboost|p1b: Swampert|spa|1
|move|p1b: Swampert|Ice Punch|p2b: Staraptor
|-supereffective|p2b: Staraptor|1
|-damage|p2b: Staraptor|25/100
|move|p2b: Staraptor|Close Combat|p1b: Swampert
|-damage|p1b: Swampert|0 fnt
|-boost|p2b: Staraptor|def|1
|-boost|p2b: Staraptor|spd|1
|faint|p1b: Swampert
|
|upkeep
|
|t:|1782348782
|switch|p1b: Pelipper|Pelipper, L50, M|100/100
|-weather|RainDance|[from] ability: Drizzle|[of] p1b: Pelipper
|turn|8
|
|t:|1782348800
|move|p1a: Incineroar|Helping Hand|p1b: Pelipper
|-singleturn|p1b: Pelipper|Helping Hand|[of] p1a: Incineroar
|move|p2b: Staraptor|Protect|p2b: Staraptor
|-singleturn|p2b: Staraptor|Protect
|move|p1b: Pelipper|Weather Ball|p2a: Grimmsnarl
|-damage|p2a: Grimmsnarl|37/100
|move|p2a: Grimmsnarl|Spirit Break|p1b: Pelipper
|-damage|p1b: Pelipper|79/100
|-unboost|p1b: Pelipper|spa|1
|
|-weather|RainDance|[upkeep]
|-sideend|p2: iono_1118|Reflect
|-sideend|p1: hasgdsaydg|move: Tailwind
|upkeep
|turn|9
|
|t:|1782348816
|move|p1a: Incineroar|Helping Hand|p1b: Pelipper
|-singleturn|p1b: Pelipper|Helping Hand|[of] p1a: Incineroar
|move|p2a: Grimmsnarl|Parting Shot|p1b: Pelipper
|-unboost|p1b: Pelipper|atk|1
|-unboost|p1b: Pelipper|spa|1
|move|p2b: Staraptor|Roost|p2b: Staraptor
|-heal|p2b: Staraptor|75/100
|-singleturn|p2b: Staraptor|move: Roost
|move|p1b: Pelipper|Hurricane|p2b: Staraptor
|-supereffective|p2b: Staraptor|1
|-damage|p2b: Staraptor|43/100
|-start|p2b: Staraptor|confusion
|
|-weather|RainDance|[upkeep]
|upkeep
|turn|10
|
|t:|1782348844
|move|p1a: Incineroar|Helping Hand|p1b: Pelipper
|-singleturn|p1b: Pelipper|Helping Hand|[of] p1a: Incineroar
|move|p2a: Grimmsnarl|Parting Shot|p1b: Pelipper
|-unboost|p1b: Pelipper|atk|1
|-unboost|p1b: Pelipper|spa|1
|-activate|p2b: Staraptor|confusion
|move|p2b: Staraptor|Roost|p2b: Staraptor
|-heal|p2b: Staraptor|93/100
|-singleturn|p2b: Staraptor|move: Roost
|move|p1b: Pelipper|Hurricane|p2a: Grimmsnarl
|-damage|p2a: Grimmsnarl|19/100
|
|-weather|RainDance|[upkeep]
|upkeep
|turn|11
|
|t:|1782348860
|move|p1b: Pelipper|Protect|p1b: Pelipper
|-singleturn|p1b: Pelipper|Protect
|move|p2a: Grimmsnarl|Parting Shot|p1b: Pelipper
|-activate|p1b: Pelipper|move: Protect
|-activate|p2b: Staraptor|confusion
|-damage|p2b: Staraptor|74/100|[from] confusion
|move|p1a: Incineroar|Flare Blitz|p2a: Grimmsnarl
|-damage|p2a: Grimmsnarl|0 fnt
|faint|p2a: Grimmsnarl
|-damage|p1a: Incineroar|74/100|[from] Recoil
|
|-weather|RainDance|[upkeep]
|upkeep
|turn|12
|
|t:|1782348885
|-activate|p2b: Staraptor|confusion
|move|p2b: Staraptor|Dual Wingbeat|p1b: Pelipper
|-damage|p1b: Pelipper|27/100
|-damage|p1b: Pelipper|0 fnt
|faint|p1b: Pelipper
|-hitcount|p1: Pelipper|2
|move|p1a: Incineroar|Flare Blitz|p2b: Staraptor
|-damage|p2b: Staraptor|62/100
|-damage|p1a: Incineroar|71/100|[from] Recoil
|
|-weather|none
|-sideend|p2: iono_1118|move: Light Screen
|upkeep
|turn|13
|
|t:|1782348898
|-activate|p2b: Staraptor|confusion
|move|p2b: Staraptor|Close Combat|p1a: Incineroar
|-supereffective|p1a: Incineroar|1
|-damage|p1a: Incineroar|0 fnt
|-boost|p2b: Staraptor|def|1
|-boost|p2b: Staraptor|spd|1
|faint|p1a: Incineroar
|
|win|iono_1118
||hasgdsaydg is ready for game 2.
||iono_1118 is ready for game 2.
|uhtml|next|Next: Game 2 of 3
