|j|☆ninjakhanhh
|j|☆Sylviana GL
|html|ninjakhanhhSylviana GL    
|uhtml|bestof|Game 3 of a best-of-3
|t:|1784190920
|gametype|doubles
|player|p1|ninjakhanhh|2|1121
|player|p2|Sylviana GL|caitlin|1165
|gen|9
|tier|[Gen 9 Champions] VGC 2026 Reg M-B (Bo3)
|rated|
|rule|Species Clause: Limit one of each Pokémon
|rule|Item Clause: Limit 1 of each item
|clearpoke
|poke|p1|Floette-Eternal, L50, F|
|poke|p1|Meowstic, L50, M|
|poke|p1|Sinistcha-Masterpiece, L50|
|poke|p1|Delphox, L50, F|
|poke|p1|Garchomp, L50, M|
|poke|p1|Orthworm, L50, F|
|poke|p2|Aerodactyl, L50, M, shiny|
|poke|p2|Charizard, L50, M|
|poke|p2|Sylveon, L50, M|
|poke|p2|Garchomp, L50, F|
|poke|p2|Kingambit, L50, F|
|poke|p2|Incineroar, L50, F|
|teampreview|4
|showteam|p1|Floette-Eternal||Floettite|FlowerVeil|CalmMind,DrainingKiss,LightofRuin,Protect|Modest||F|||50|]Meowstic||LightClay|Prankster|ThunderWave,FakeOut,LightScreen,Reflect|Bold||M|||50|]Sinistcha-Masterpiece||Leftovers|Hospitality|MatchaGotcha,ShadowBall,RagePowder,LifeDew|Calm|||||50|]Delphox||Delphoxite|Magician|NastyPlot,HeatWave,Psychic,Protect|Timid||F|||50|]Garchomp||LifeOrb|RoughSkin|Earthquake,DragonClaw,RockSlide,Protect|Jolly||M|||50|]Orthworm||SitrusBerry|EarthEater|BodyPress,IronDefense,ShedTail,IronHead|Impish||F|||50|
|showteam|p2|Aerodactyl||Aerodactylite|Unnerve|RockSlide,IceFang,Tailwind,WideGuard|Jolly||M|||50|]Charizard||CharizarditeY|Blaze|HeatWave,WeatherBall,SolarBeam,Protect|Modest||M|||50|]Sylveon||FairyFeather|Pixilate|HyperVoice,HyperBeam,QuickAttack,Detect|Modest||M|||50|]Garchomp||LifeOrb|RoughSkin|DragonClaw,Earthquake,StompingTantrum,Protect|Jolly||F|||50|]Kingambit||FocusSash|Defiant|SuckerPunch,KowtowCleave,IronHead,Protect|Adamant||F|||50|]Incineroar||SitrusBerry|Intimidate|FlareBlitz,ThroatChop,FakeOut,PartingShot|Impish||F|||50|
|inactive|Battle timer is ON: inactive players will automatically lose when time's up. (requested by Sylviana GL)
|
|t:|1784190949
|teamsize|p1|4
|teamsize|p2|4
|start
|switch|p1a: Garchomp|Garchomp, L50, M|100/100
|switch|p1b: Meowstic|Meowstic, L50, M|100/100
|switch|p2a: Aerodactyl|Aerodactyl, L50, M, shiny|100/100
|switch|p2b: Kingambit|Kingambit, L50, F|100/100
|-ability|p2a: Aerodactyl|Unnerve
|turn|1
|inactive|Sylviana GL has 30 seconds left.
|inactive|Sylviana GL has 20 seconds left.
|
|t:|1784190986
|switch|p2b: Charizard|Charizard, L50, M|100/100
|move|p2a: Aerodactyl|Wide Guard|p2a: Aerodactyl
|-singleturn|p2a: Aerodactyl|Wide Guard
|move|p1b: Meowstic|Fake Out|p2a: Aerodactyl
|-resisted|p2a: Aerodactyl|1
|-damage|p2a: Aerodactyl|96/100
|move|p1a: Garchomp|Dragon Claw|p2a: Aerodactyl
|-damage|p2a: Aerodactyl|25/100
|-damage|p1a: Garchomp|90/100|[from] item: Life Orb
|
|upkeep
|turn|2
|inactive|Sylviana GL has 30 seconds left.
|inactive|Sylviana GL has 20 seconds left.
|inactive|Sylviana GL has 15 seconds left.
|inactive|Sylviana GL has 10 seconds left.
|
|t:|1784191036
|move|p2b: Charizard|Protect|p2b: Charizard
|-singleturn|p2b: Charizard|Protect
|move|p1b: Meowstic|Thunder Wave|p2a: Aerodactyl
|-status|p2a: Aerodactyl|par
|move|p1a: Garchomp|Rock Slide|p2b: Charizard|[spread] p2a
|-activate|p2b: Charizard|move: Protect
|-supereffective|p2a: Aerodactyl|1
|-damage|p2a: Aerodactyl|0 fnt
|faint|p2a: Aerodactyl
|-damage|p1a: Garchomp|80/100|[from] item: Life Orb
|
|upkeep
|
|t:|1784191045
|switch|p2a: Sylveon|Sylveon, L50, M|100/100
|turn|3
|
|t:|1784191061
|switch|p2b: Kingambit|Kingambit, L50, F|100/100
|move|p1b: Meowstic|Thunder Wave|p2b: Kingambit
|-hint|Since gen 7, Dark is immune to Prankster moves.
|-immune|p2b: Kingambit
|move|p1a: Garchomp|Rock Slide|p2b: Kingambit|[spread] p2a,p2b
|-resisted|p2b: Kingambit|1
|-crit|p2b: Kingambit
|-damage|p2a: Sylveon|68/100
|-damage|p2b: Kingambit|86/100
|-damage|p1a: Garchomp|70/100|[from] item: Life Orb
|move|p2a: Sylveon|Hyper Voice|p1b: Meowstic|[spread] p1a,p1b
|-supereffective|p1a: Garchomp|1
|-damage|p1a: Garchomp|0 fnt
|-damage|p1b: Meowstic|54/100
|faint|p1a: Garchomp
|
|upkeep
|
|t:|1784191067
|switch|p1a: Orthworm|Orthworm, L50, F|100/100
|turn|4
|
|t:|1784191088
|switch|p2a: Charizard|Charizard, L50, M|100/100
|move|p1b: Meowstic|Light Screen|p1b: Meowstic
|-sidestart|p1: ninjakhanhh|move: Light Screen
|move|p2b: Kingambit|Kowtow Cleave|p1b: Meowstic
|-supereffective|p1b: Meowstic|1
|-damage|p1b: Meowstic|0 fnt
|faint|p1b: Meowstic
|move|p1a: Orthworm|Shed Tail|p1a: Orthworm
|-start|p1a: Orthworm|Substitute|[from] move: Shed Tail
|-damage|p1a: Orthworm|49/100
|-enditem|p1a: Orthworm|Sitrus Berry|[eat]
|-heal|p1a: Orthworm|74/100|[from] item: Sitrus Berry
|
|t:|1784191095
|switch|p1a: Floette|Floette-Eternal, L50, F|100/100|[from] Shed Tail
|
|upkeep
|
|t:|1784191097
|switch|p1b: Orthworm|Orthworm, L50, F|74/100
|turn|5
|
|t:|1784191114
|detailschange|p2a: Charizard|Charizard-Mega-Y, L50, M
|-mega|p2a: Charizard|Charizard|Charizardite Y
|-weather|SunnyDay|[from] ability: Drought|[of] p2a: Charizard
|detailschange|p1a: Floette|Floette-Mega, L50, F
|-mega|p1a: Floette|Floette|Floettite
|-ability|p1a: Floette|Fairy Aura
|move|p2a: Charizard|Heat Wave|p1a: Floette|[spread] p1a,p1b
|-end|p1a: Floette|Substitute
|-supereffective|p1b: Orthworm|1
|-damage|p1b: Orthworm|0 fnt
|faint|p1b: Orthworm
|move|p1a: Floette|Draining Kiss|p2b: Kingambit
|-damage|p2b: Kingambit|44/100
|move|p2b: Kingambit|Iron Head|p1a: Floette
|-supereffective|p1a: Floette|1
|-damage|p1a: Floette|12/100
|
|-weather|SunnyDay|[upkeep]
|upkeep
|turn|6
|-message|ninjakhanhh forfeited.
|raw|ninjakhanhh's rating: 1121 → 1099(-22 for losing)
|raw|Sylviana GL's rating: 1165 → 1187(+22 for winning)
|
|win|Sylviana GL
