|j|☆ManBunVGC
|j|☆d1mo22
|html|ManBunVGCd1mo22    
|uhtml|bestof|Game 2 of a best-of-3
|t:|1785180230
|gametype|doubles
|player|p1|ManBunVGC|hilbert-masters|1284
|player|p2|d1mo22|skier|1309
|gen|9
|tier|[Gen 9 Champions] VGC 2026 Reg M-B (Bo3)
|rated|
|rule|Species Clause: Limit one of each Pokémon
|rule|Item Clause: Limit 1 of each item
|clearpoke
|poke|p1|Sneasler, L50, M, shiny|
|poke|p1|Garchomp, L50, F, shiny|
|poke|p1|Charizard, L50, M, shiny|
|poke|p1|Incineroar, L50, M, shiny|
|poke|p1|Kingambit, L50, M, shiny|
|poke|p1|Whimsicott, L50, M, shiny|
|poke|p2|Raichu, L50, F|
|poke|p2|Gyarados, L50, M, shiny|
|poke|p2|Mamoswine, L50, M|
|poke|p2|Ceruledge, L50, M|
|poke|p2|Sinistcha, L50|
|poke|p2|Kingambit, L50, M, shiny|
|teampreview|4
|showteam|p1|Sneasler||WhiteHerb|Unburden|CloseCombat,DireClaw,FakeOut,Protect|Adamant||M|||50|]Garchomp||LifeOrb|RoughSkin|Earthquake,RockSlide,DragonClaw,Protect|Jolly||F|||50|]Charizard||CharizarditeY|Blaze|HeatWave,SolarBeam,Overheat,Protect|Timid||M|||50|]Incineroar||SitrusBerry|Intimidate|FlareBlitz,ThroatChop,FakeOut,PartingShot|Careful||M|||50|]Kingambit||BlackGlasses|Defiant|SuckerPunch,KowtowCleave,SwordsDance,Protect|Adamant||M|||50|]Whimsicott||FocusSash|Prankster|Moonblast,Tailwind,Encore,Protect|Timid||M|||50|
|showteam|p2|Raichu||RaichuniteY|LightningRod|FakeOut,Encore,ZapCannon,FocusBlast|Timid||F|||50|]Gyarados||Gyaradosite|Intimidate|LashOut,Waterfall,DragonDance,Protect|Adamant||M|||50|]Mamoswine||LifeOrb|Oblivious|Protect,IcicleCrash,IceShard,HighHorsepower|Jolly||M|||50|]Ceruledge||ColburBerry|FlashFire|BitterBlade,ShadowSneak,BulkUp,Protect|Adamant||M|||50|]Sinistcha||SitrusBerry|Hospitality|Protect,RagePowder,MatchaGotcha,LifeDew|Bold|||||50|]Kingambit||FocusSash|Defiant|Protect,SuckerPunch,KowtowCleave,IronHead|Adamant||M|||50|
|inactive|Battle timer is ON: inactive players will automatically lose when time's up. (requested by ManBunVGC)
|inactive|d1mo22 also wants the timer to be on.
|inactive|ManBunVGC has 60 seconds left.
|
|t:|1785180279
|teamsize|p1|4
|teamsize|p2|4
|start
|switch|p1a: Dawnbreaker|Charizard, L50, M, shiny|100/100
|switch|p1b: Windshear|Whimsicott, L50, M, shiny|100/100
|switch|p2a: Raichu|Raichu, L50, F|100/100
|switch|p2b: Mamoswine|Mamoswine, L50, M|100/100
|turn|1
|
|t:|1785180292
|move|p1b: Windshear|Protect|p1b: Windshear
|-singleturn|p1b: Windshear|Protect
|move|p1a: Dawnbreaker|Protect|p1a: Dawnbreaker
|-singleturn|p1a: Dawnbreaker|Protect
|move|p2a: Raichu|Fake Out|p1a: Dawnbreaker
|-activate|p1a: Dawnbreaker|move: Protect
|move|p2b: Mamoswine|Ice Shard|p1b: Windshear
|-activate|p1b: Windshear|move: Protect
|
|upkeep
|turn|2
|inactive|d1mo22 has 30 seconds left.
|
|t:|1785180323
|switch|p2b: Ceruledge|Ceruledge, L50, M|100/100
|detailschange|p2a: Raichu|Raichu-Mega-Y, L50, F
|-mega|p2a: Raichu|Raichu|Raichunite Y
|detailschange|p1a: Dawnbreaker|Charizard-Mega-Y, L50, M, shiny
|-mega|p1a: Dawnbreaker|Charizard|Charizardite Y
|-weather|SunnyDay|[from] ability: Drought|[of] p1a: Dawnbreaker
|move|p1b: Windshear|Encore|p2a: Raichu
|-start|p2a: Raichu|Encore
|move|p2a: Raichu|Fake Out||[still]
|-hint|Fake Out only works on your first turn out.
|-fail|p2a: Raichu
|move|p1a: Dawnbreaker|Heat Wave|p2a: Raichu|[spread] p2a
|-start|p2b: Ceruledge|ability: Flash Fire
|-damage|p2a: Raichu|22/100
|
|-weather|SunnyDay|[upkeep]
|upkeep
|turn|3
|
|t:|1785180347
|switch|p2a: Mamoswine|Mamoswine, L50, M|100/100
|move|p1b: Windshear|Tailwind|p1b: Windshear
|-sidestart|p1: ManBunVGC|move: Tailwind
|move|p1a: Dawnbreaker|Solar Beam||[still]
|-prepare|p1a: Dawnbreaker|Solar Beam
|-anim|p1a: Dawnbreaker|Solar Beam|p2b: Ceruledge
|-resisted|p2b: Ceruledge|1
|-damage|p2b: Ceruledge|79/100
|move|p2b: Ceruledge|Bitter Blade|p1b: Windshear
|-supereffective|p1b: Windshear|1
|-enditem|p1b: Windshear|Focus Sash
|-damage|p1b: Windshear|1/100
|-heal|p2b: Ceruledge|100/100|[from] drain|[of] p1b: Windshear
|
|-weather|SunnyDay|[upkeep]
|upkeep
|turn|4
|inactive|d1mo22 has 30 seconds left.
|
|t:|1785180375
|move|p1b: Windshear|Protect|p1b: Windshear
|-singleturn|p1b: Windshear|Protect
|move|p2a: Mamoswine|Protect|p2a: Mamoswine
|-singleturn|p2a: Mamoswine|Protect
|move|p1a: Dawnbreaker|Heat Wave|p2a: Mamoswine|[spread] 
|-activate|p2a: Mamoswine|move: Protect
|-immune|p2b: Ceruledge|[from] ability: Flash Fire
|move|p2b: Ceruledge|Bitter Blade|p1a: Dawnbreaker
|-resisted|p1a: Dawnbreaker|1
|-damage|p1a: Dawnbreaker|26/100
|
|-weather|SunnyDay|[upkeep]
|upkeep
|turn|5
|inactive|d1mo22 has 30 seconds left.
|
|t:|1785180403
|switch|p2a: Gyarados|Gyarados, L50, M, shiny|100/100
|-ability|p2a: Gyarados|Intimidate|boost
|-unboost|p1a: Dawnbreaker|atk|1
|-unboost|p1b: Windshear|atk|1
|move|p1a: Dawnbreaker|Protect|p1a: Dawnbreaker
|-singleturn|p1a: Dawnbreaker|Protect
|move|p1b: Windshear|Encore||[still]
|-fail|p1b: Windshear
|move|p2b: Ceruledge|Bitter Blade|p1b: Windshear
|-supereffective|p1b: Windshear|1
|-damage|p1b: Windshear|0 fnt
|faint|p1b: Windshear
|
|-weather|SunnyDay|[upkeep]
|upkeep
|
|t:|1785180410
|switch|p1b: Dragonbane|Kingambit, L50, M, shiny|100/100
|turn|6
|
|t:|1785180426
|move|p2a: Gyarados|Protect|p2a: Gyarados
|-singleturn|p2a: Gyarados|Protect
|move|p2b: Ceruledge|Protect|p2b: Ceruledge
|-singleturn|p2b: Ceruledge|Protect
|move|p1a: Dawnbreaker|Solar Beam||[still]
|-prepare|p1a: Dawnbreaker|Solar Beam
|-anim|p1a: Dawnbreaker|Solar Beam|p2a: Gyarados
|-activate|p2a: Gyarados|move: Protect
|move|p1b: Dragonbane|Swords Dance|p1b: Dragonbane
|-boost|p1b: Dragonbane|atk|2
|
|-weather|none
|-sideend|p1: ManBunVGC|move: Tailwind
|upkeep
|turn|7
|
|t:|1785180446
|switch|p1a: Grimsever|Sneasler, L50, M, shiny|100/100
|move|p2a: Gyarados|Waterfall|p1a: Grimsever
|-damage|p1a: Grimsever|25/100
|move|p2b: Ceruledge|Bulk Up|p2b: Ceruledge
|-boost|p2b: Ceruledge|atk|1
|-boost|p2b: Ceruledge|def|1
|move|p1b: Dragonbane|Kowtow Cleave|p2a: Gyarados
|-damage|p2a: Gyarados|0 fnt
|faint|p2a: Gyarados
|
|upkeep
|
|t:|1785180457
|switch|p2a: Raichu|Raichu-Mega-Y, L50, F|22/100
|turn|8
|
|t:|1785180469
|move|p2a: Raichu|Fake Out|p1a: Grimsever
|-damage|p1a: Grimsever|10/100
|cant|p1a: Grimsever|flinch
|move|p1b: Dragonbane|Sucker Punch|p2b: Ceruledge
|-supereffective|p2b: Ceruledge|1
|-enditem|p2b: Ceruledge|Colbur Berry|[eat]
|-enditem|p2b: Ceruledge|Colbur Berry|[weaken]
|-damage|p2b: Ceruledge|29/100
|move|p2b: Ceruledge|Bitter Blade|p1b: Dragonbane
|-supereffective|p1b: Dragonbane|1
|-damage|p1b: Dragonbane|0 fnt
|-heal|p2b: Ceruledge|86/100|[from] drain|[of] p1b: Dragonbane
|faint|p1b: Dragonbane
|
|upkeep
|
|t:|1785180477
|switch|p1b: Dawnbreaker|Charizard-Mega-Y, L50, M, shiny|26/100
|-weather|SunnyDay|[from] ability: Drought|[of] p1b: Dawnbreaker
|turn|9
|
|t:|1785180489
|move|p2b: Ceruledge|Shadow Sneak|p1a: Grimsever
|-damage|p1a: Grimsever|0 fnt
|faint|p1a: Grimsever
|move|p2a: Raichu|Zap Cannon|p1b: Dawnbreaker
|-supereffective|p1b: Dawnbreaker|1
|-damage|p1b: Dawnbreaker|0 fnt
|faint|p1b: Dawnbreaker
|
|win|d1mo22
|l|☆ManBunVGC
|player|p1|
||ManBunVGC is ready for game 3.
