|j|☆breakingsparkz
|j|☆ZephyrBreezy
|html|breakingsparkzZephyrBreezy    
|uhtml|bestof|Game 1 of a best-of-3
|t:|1757016352
|gametype|doubles
|player|p1|breakingsparkz|scientist|
|player|p2|ZephyrBreezy|miku-flying|
|gen|9
|tier|[Gen 9] VGC 2025 Reg H (Bo3)
|rule|Species Clause: Limit one of each Pokémon
|rule|Item Clause: Limit 1 of each item
|clearpoke
|poke|p1|Pelipper, L50, M|
|poke|p1|Basculegion, L50, M|
|poke|p1|Archaludon, L50, F|
|poke|p1|Incineroar, L50, F|
|poke|p1|Amoonguss, L50, F|
|poke|p1|Kingambit, L50, M|
|poke|p2|Sneasler, L50, M|
|poke|p2|Primarina, L50, M|
|poke|p2|Kingambit, L50, F|
|poke|p2|Rillaboom, L50, F|
|poke|p2|Electabuzz, L50, M|
|poke|p2|Dragapult, L50, F|
|teampreview|4
|showteam|p1|Pelipper||FocusSash|Drizzle|Hurricane,WeatherBall,Protect,Tailwind|||M|||50|,,,,,Ghost]Basculegion||ChoiceScarf|Adaptability|WaveCrash,AquaJet,LastRespects,FlipTurn|||M|||50|,,,,,Water]Archaludon||AssaultVest|Stamina|ElectroShot,FlashCannon,DragonPulse,BodyPress|||F|||50|,,,,,Bug]Incineroar||SafetyGoggles|Intimidate|PartingShot,FakeOut,KnockOff,FlareBlitz|||F|||50|,,,,,Ghost]Amoonguss||SitrusBerry|Regenerator|PollenPuff,ClearSmog,Spore,RagePowder|||F|||50|,,,,,Fairy]Kingambit||BlackGlasses|Defiant|SwordsDance,KowtowCleave,SuckerPunch,Protect|||M|||50|,,,,,Dark
|showteam|p2|Sneasler||FocusSash|PoisonTouch|DireClaw,CloseCombat,Protect,FakeOut|||M|||50|,,,,,Stellar]Primarina||ThroatSpray|LiquidVoice|Protect,HyperVoice,Moonblast,Haze|||M|||50|,,,,,Poison]Kingambit||BlackGlasses|Defiant|KowtowCleave,SwordsDance,SuckerPunch,Protect|||F|||50|,,,,,Dark]Rillaboom||AssaultVest|GrassySurge|WoodHammer,Uturn,GrassyGlide,FakeOut|||F|||50|,,,,,Fire]Electabuzz||Eviolite|VitalSpirit|Electroweb,Taunt,Protect,FollowMe|||M|||50|,,,,,Fairy]Dragapult||ChoiceBand|ClearBody|DragonDarts,Uturn,PhantomForce,Outrage|||F|||50|,,,,,Dragon
|inactive|Battle timer is ON: inactive players will automatically lose when time's up. (requested by breakingsparkz)
|inactive|ZephyrBreezy also wants the timer to be on.
|c|☆breakingsparkz|glhf!
|c|☆ZephyrBreezy|glhf
|inactive|breakingsparkz has 60 seconds left.
|inactive|ZephyrBreezy has 60 seconds left.
|
|t:|1757016401
|teamsize|p1|4
|teamsize|p2|4
|start
|switch|p1a: Amoonguss|Amoonguss, L50, F|100/100
|switch|p1b: Kingambit|Kingambit, L50, M|100/100
|switch|p2a: Sneasler|Sneasler, L50, M|100/100
|switch|p2b: Kingambit|Kingambit, L50, F|100/100
|turn|1
|inactive|ZephyrBreezy has 30 seconds left.
|
|t:|1757016434
|-terastallize|p2b: Kingambit|Dark
|move|p2a: Sneasler|Fake Out|p1a: Amoonguss
|-damage|p1a: Amoonguss|87/100
|cant|p1a: Amoonguss|flinch
|move|p2b: Kingambit|Kowtow Cleave|p1a: Amoonguss
|-damage|p1a: Amoonguss|17/100
|-enditem|p1a: Amoonguss|Sitrus Berry|[eat]
|-heal|p1a: Amoonguss|42/100|[from] item: Sitrus Berry
|move|p1b: Kingambit|Swords Dance|p1b: Kingambit
|-boost|p1b: Kingambit|atk|2
|
|upkeep
|turn|2
|j| hungry hillo
|j| Sark_RL
|inactive|breakingsparkz has 30 seconds left.
|inactive|ZephyrBreezy has 30 seconds left.
|inactive|ZephyrBreezy has 20 seconds left.
|inactive|breakingsparkz has 20 seconds left.
|inactive|breakingsparkz has 15 seconds left.
|
|t:|1757016484
|-terastallize|p1b: Kingambit|Dark
|move|p2a: Sneasler|Protect|p2a: Sneasler
|-singleturn|p2a: Sneasler|Protect
|move|p1a: Amoonguss|Rage Powder|p1a: Amoonguss
|-singleturn|p1a: Amoonguss|move: Rage Powder
|move|p2b: Kingambit|Kowtow Cleave|p1a: Amoonguss
|-damage|p1a: Amoonguss|0 fnt
|faint|p1a: Amoonguss
|move|p1b: Kingambit|Kowtow Cleave|p2b: Kingambit
|-resisted|p2b: Kingambit
|-damage|p2b: Kingambit|45/100
|
|upkeep
|l| hungry hillo
|
|t:|1757016499
|switch|p1a: Pelipper|Pelipper, L50, M|100/100
|-weather|RainDance|[from] ability: Drizzle|[of] p1a: Pelipper
|turn|3
|
|t:|1757016520
|switch|p2b: Electabuzz|Electabuzz, L50, M|100/100
|move|p1b: Kingambit|Sucker Punch||[still]
|-fail|p1b: Kingambit
|move|p2a: Sneasler|Close Combat|p1b: Kingambit
|-supereffective|p1b: Kingambit
|-damage|p1b: Kingambit|9/100
|-unboost|p2a: Sneasler|def|1
|-unboost|p2a: Sneasler|spd|1
|move|p1a: Pelipper|Tailwind|p1a: Pelipper
|-sidestart|p1: breakingsparkz|move: Tailwind
|
|-weather|RainDance|[upkeep]
|upkeep
|turn|4
|
|t:|1757016542
|switch|p2a: Rillaboom|Rillaboom, L50, F|100/100
|-fieldstart|move: Grassy Terrain|[from] ability: Grassy Surge|[of] p2a: Rillaboom
|move|p1b: Kingambit|Sucker Punch|p2b: Electabuzz
|-damage|p2b: Electabuzz|0 fnt
|faint|p2b: Electabuzz
|move|p1a: Pelipper|Hurricane|p2a: Rillaboom
|-supereffective|p2a: Rillaboom
|-damage|p2a: Rillaboom|44/100
|
|-weather|RainDance|[upkeep]
|-heal|p1b: Kingambit|15/100|[from] Grassy Terrain
|-heal|p2a: Rillaboom|50/100|[from] Grassy Terrain
|upkeep
|
|t:|1757016556
|switch|p2b: Sneasler|Sneasler, L50, M|100/100
|turn|5
|
|t:|1757016582
|switch|p2b: Kingambit|Kingambit, L50, F, tera:Dark|45/100
|move|p1a: Pelipper|Protect|p1a: Pelipper
|-singleturn|p1a: Pelipper|Protect
|move|p1b: Kingambit|Protect|p1b: Kingambit
|-singleturn|p1b: Kingambit|Protect
|move|p2a: Rillaboom|Fake Out|p1b: Kingambit
|-activate|p1b: Kingambit|move: Protect
|
|-weather|RainDance|[upkeep]
|-heal|p1b: Kingambit|20/100|[from] Grassy Terrain
|-heal|p2a: Rillaboom|56/100|[from] Grassy Terrain
|-heal|p2b: Kingambit|51/100|[from] Grassy Terrain
|upkeep
|turn|6
|inactive|breakingsparkz has 30 seconds left.
|inactive|ZephyrBreezy has 30 seconds left.
|
|t:|1757016613
|switch|p1b: Archaludon|Archaludon, L50, F|100/100
|switch|p2a: Sneasler|Sneasler, L50, M|100/100
|move|p2b: Kingambit|Protect|p2b: Kingambit
|-singleturn|p2b: Kingambit|Protect
|move|p1a: Pelipper|Hurricane|p2a: Sneasler
|-supereffective|p2a: Sneasler
|-enditem|p2a: Sneasler|Focus Sash
|-damage|p2a: Sneasler|1/100
|-start|p2a: Sneasler|confusion
|
|-weather|RainDance|[upkeep]
|-heal|p2a: Sneasler|7/100|[from] Grassy Terrain
|-heal|p2b: Kingambit|57/100|[from] Grassy Terrain
|-sideend|p1: breakingsparkz|move: Tailwind
|upkeep
|turn|7
|inactive|ZephyrBreezy has 30 seconds left.
|
|t:|1757016642
|-activate|p2a: Sneasler|confusion
|move|p2a: Sneasler|Close Combat|p1b: Archaludon
|-supereffective|p1b: Archaludon
|-damage|p1b: Archaludon|5/100
|-unboost|p2a: Sneasler|def|1
|-unboost|p2a: Sneasler|spd|1
|-ability|p1b: Archaludon|Stamina|boost
|-boost|p1b: Archaludon|def|1
|move|p1a: Pelipper|Hurricane|p2a: Sneasler
|-supereffective|p2a: Sneasler
|-damage|p2a: Sneasler|0 fnt
|faint|p2a: Sneasler
|move|p1b: Archaludon|Electro Shot||[still]
|-prepare|p1b: Archaludon|Electro Shot
|-boost|p1b: Archaludon|spa|1
|-anim|p1b: Archaludon|Electro Shot|p2b: Kingambit
|-damage|p2b: Kingambit|0 fnt
|faint|p2b: Kingambit
|
|-weather|none
|-heal|p1b: Archaludon|11/100|[from] Grassy Terrain
|upkeep
|
|t:|1757016651
|switch|p2a: Rillaboom|Rillaboom, L50, F|56/100
|turn|8
|
|t:|1757016669
|move|p1a: Pelipper|Hurricane|p2a: Rillaboom
|-supereffective|p2a: Rillaboom
|-crit|p2a: Rillaboom
|-damage|p2a: Rillaboom|0 fnt
|faint|p2a: Rillaboom
|
|win|breakingsparkz
||breakingsparkz is ready for game 2.
||ZephyrBreezy is ready for game 2.
|uhtml|next|Next: Game 2 of 3
|l| Sark_RL
|l|☆ZephyrBreezy
|player|p2|
