|j|☆silver moon boy
|j|☆TopekaMelon
|html|silver moon boyTopekaMelon    
|uhtml|bestof|Game 2 of a best-of-3
|t:|1783627081
|gametype|doubles
|player|p1|silver moon boy|unknown|1121
|player|p2|TopekaMelon|sabrina|1112
|gen|9
|tier|[Gen 9 Champions] VGC 2026 Reg M-B (Bo3)
|rated|
|rule|Species Clause: Limit one of each Pokémon
|rule|Item Clause: Limit 1 of each item
|clearpoke
|poke|p1|Charizard, L50, M|
|poke|p1|Aerodactyl, L50, M|
|poke|p1|Incineroar, L50, M|
|poke|p1|Sylveon, L50, F, shiny|
|poke|p1|Farigiraf, L50, F, shiny|
|poke|p1|Garchomp, L50, F|
|poke|p2|Kangaskhan, L50, F|
|poke|p2|Farigiraf, L50, F|
|poke|p2|Torkoal, L50, F|
|poke|p2|Mawile, L50, M|
|poke|p2|Pyroar, L50, F|
|poke|p2|Gallade, L50, M|
|teampreview|4
|showteam|p1|Charizard||CharizarditeY|Blaze|Protect,HeatWave,SolarBeam,WeatherBall|Modest||M|||50|]Aerodactyl||FocusSash|Unnerve|RockSlide,Tailwind,Protect,WideGuard|Jolly||M|||50|]Incineroar||Charcoal|Intimidate|FakeOut,FlareBlitz,DarkestLariat,PartingShot|Brave||M|||50|]Sylveon||FairyFeather|Pixilate|HyperVoice,QuickAttack,Yawn,Detect|Quiet||F|||50|]Farigiraf||SitrusBerry|ArmorTail|Protect,TrickRoom,Psyshock,HelpingHand|Relaxed||F|||50|]Garchomp||LifeOrb|RoughSkin|Earthquake,StompingTantrum,DragonClaw,Protect|Jolly||F|||50|
|showteam|p2|Kangaskhan||SilkScarf|Scrappy|FakeOut,LastResort|Brave||F|||50|]Farigiraf||SitrusBerry|ArmorTail|HelpingHand,TrickRoom,Psychic,Thunderbolt|Quiet||F|||50|]Torkoal||Charcoal|Drought|Protect,Eruption,WeatherBall,EarthPower|Quiet||F|||50|]Mawile||Mawilite|Intimidate|Protect,SuckerPunch,PlayRough,RockSlide|Brave||M|||50|]Pyroar||Pyroarite|Rivalry|Protect,HeatWave,Overheat,SolarBeam|Timid||F|||50|]Gallade||WhiteHerb|Sharpness|SacredSword,PsychoCut,LeafBlade,TrickRoom|Brave||M|||50|
|inactive|Battle timer is ON: inactive players will automatically lose when time's up. (requested by silver moon boy)
|inactive|silver moon boy has 60 seconds left.
|inactive|TopekaMelon has 60 seconds left.
|inactive|silver moon boy has 30 seconds left.
|inactive|silver moon boy has 20 seconds left.
|inactive|silver moon boy has 15 seconds left.
|inactive|silver moon boy has 10 seconds left.
|inactive|silver moon boy has 5 seconds left.
|
|t:|1783627172
|teamsize|p1|4
|teamsize|p2|4
|start
|switch|p1a: Incineroar|Incineroar, L50, M|100/100
|switch|p1b: Garchomp|Garchomp, L50, F|100/100
|switch|p2a: Kangaskhan|Kangaskhan, L50, F|100/100
|switch|p2b: Farigiraf|Farigiraf, L50, F|100/100
|-ability|p1a: Incineroar|Intimidate|boost
|-fail|p2a: Kangaskhan|unboost|Attack|[from] ability: Scrappy|[of] p2a: Kangaskhan
|-unboost|p2b: Farigiraf|atk|1
|turn|1
|inactive|silver moon boy has 30 seconds left.
|inactive|silver moon boy has 20 seconds left.
|inactive|silver moon boy has 15 seconds left.
|
|t:|1783627213
|switch|p1b: Farigiraf|Farigiraf, L50, F, shiny|100/100
|move|p2a: Kangaskhan|Fake Out||[still]
|cant|p1b: Farigiraf|ability: Armor Tail|Fake Out|[of] p2a: Kangaskhan
|move|p1a: Incineroar|Darkest Lariat|p2b: Farigiraf
|-supereffective|p2b: Farigiraf|1
|-damage|p2b: Farigiraf|11/100
|-enditem|p2b: Farigiraf|Sitrus Berry|[eat]
|-heal|p2b: Farigiraf|36/100|[from] item: Sitrus Berry
|move|p2b: Farigiraf|Trick Room|p2b: Farigiraf
|-fieldstart|move: Trick Room|[of] p2b: Farigiraf
|
|upkeep
|turn|2
|inactive|silver moon boy has 30 seconds left.
|inactive|silver moon boy has 20 seconds left.
|inactive|silver moon boy has 15 seconds left.
|inactive|silver moon boy has 10 seconds left.
|inactive|silver moon boy has 5 seconds left.
|
|t:|1783627266
|move|p2b: Farigiraf|Helping Hand|p2a: Kangaskhan
|-singleturn|p2a: Kangaskhan|Helping Hand|[of] p2b: Farigiraf
|move|p1a: Incineroar|Darkest Lariat|p2b: Farigiraf
|-supereffective|p2b: Farigiraf|1
|-damage|p2b: Farigiraf|0 fnt
|faint|p2b: Farigiraf
|move|p1b: Farigiraf|Psyshock|p2a: Kangaskhan
|-damage|p2a: Kangaskhan|68/100
|move|p2a: Kangaskhan|Last Resort|p1b: Farigiraf
|-damage|p1b: Farigiraf|12/100
|-enditem|p1b: Farigiraf|Sitrus Berry|[eat]
|-heal|p1b: Farigiraf|37/100|[from] item: Sitrus Berry
|
|upkeep
|
|t:|1783627278
|switch|p2b: Torkoal|Torkoal, L50, F|100/100
|-weather|SunnyDay|[from] ability: Drought|[of] p2b: Torkoal
|turn|3
|
|t:|1783627302
|move|p1b: Farigiraf|Helping Hand|p1a: Incineroar
|-singleturn|p1a: Incineroar|Helping Hand|[of] p1b: Farigiraf
|move|p2b: Torkoal|Eruption|p1b: Farigiraf|[spread] p1a,p1b
|-resisted|p1a: Incineroar|1
|-damage|p1a: Incineroar|56/100
|-damage|p1b: Farigiraf|0 fnt
|faint|p1b: Farigiraf
|move|p1a: Incineroar|Darkest Lariat|p2b: Torkoal
|-damage|p2b: Torkoal|50/100g
|move|p2a: Kangaskhan|Last Resort|p1a: Incineroar
|-damage|p1a: Incineroar|0 fnt
|faint|p1a: Incineroar
|
|-weather|SunnyDay|[upkeep]
|upkeep
|
|t:|1783627316
|switch|p1a: Charizard|Charizard, L50, M|100/100
|switch|p1b: Garchomp|Garchomp, L50, F|100/100
|turn|4
|inactive|silver moon boy has 30 seconds left.
|inactive|TopekaMelon has 30 seconds left.
|inactive|silver moon boy has 20 seconds left.
|inactive|silver moon boy has 15 seconds left.
|inactive|silver moon boy has 10 seconds left.
|
|t:|1783627361
|detailschange|p1a: Charizard|Charizard-Mega-Y, L50, M
|-mega|p1a: Charizard|Charizard|Charizardite Y
|move|p1a: Charizard|Protect|p1a: Charizard
|-singleturn|p1a: Charizard|Protect
|move|p2b: Torkoal|Weather Ball|p1a: Charizard
|-activate|p1a: Charizard|move: Protect
|move|p2a: Kangaskhan|Last Resort|p1a: Charizard
|-activate|p1a: Charizard|move: Protect
|move|p1b: Garchomp|Earthquake|p2b: Torkoal|[spread] p2a,p2b
|-activate|p1a: Charizard|move: Protect
|-supereffective|p2b: Torkoal|1
|-damage|p2a: Kangaskhan|13/100
|-damage|p2b: Torkoal|0 fnt
|faint|p2b: Torkoal
|-damage|p1b: Garchomp|90/100|[from] item: Life Orb
|
|-weather|SunnyDay|[upkeep]
|upkeep
|
|t:|1783627376
|switch|p2b: Mawile|Mawile, L50, M|100/100
|-ability|p2b: Mawile|Intimidate|boost
|-unboost|p1a: Charizard|atk|1
|-unboost|p1b: Garchomp|atk|1
|turn|5
|
|t:|1783627395
|detailschange|p2b: Mawile|Mawile-Mega, L50, M
|-mega|p2b: Mawile|Mawile|Mawilite
|move|p1b: Garchomp|Protect|p1b: Garchomp
|-singleturn|p1b: Garchomp|Protect
|move|p2b: Mawile|Rock Slide|p1b: Garchomp|[spread] p1a
|-activate|p1b: Garchomp|move: Protect
|-supereffective|p1a: Charizard|2
|-damage|p1a: Charizard|0 fnt
|faint|p1a: Charizard
|move|p2a: Kangaskhan|Last Resort|p1b: Garchomp
|-activate|p1b: Garchomp|move: Protect
|
|-weather|SunnyDay|[upkeep]
|-fieldend|move: Trick Room
|upkeep
|turn|6
|
|t:|1783627410
|move|p1b: Garchomp|Earthquake|p2b: Mawile|[spread] p2a,p2b
|-supereffective|p2b: Mawile|1
|-damage|p2a: Kangaskhan|0 fnt
|-damage|p2b: Mawile|40/100
|faint|p2a: Kangaskhan
|-damage|p1b: Garchomp|80/100|[from] item: Life Orb
|move|p2b: Mawile|Play Rough|p1b: Garchomp
|-supereffective|p1b: Garchomp|1
|-damage|p1b: Garchomp|0 fnt
|-damage|p2b: Mawile|28/100|[from] ability: Rough Skin|[of] p1b: Garchomp
|faint|p1b: Garchomp
|
|win|TopekaMelon
|inactive|silver moon boy has 30 seconds to confirm battle start!
|inactive|TopekaMelon has 30 seconds to confirm battle start!
||TopekaMelon is ready for game 3.
||silver moon boy is ready for game 3.
|uhtml|next|Next: Game 3 of 3
