|j|☆Kari-Hime
|j|☆RokketRonnie
|html|Kari-HimeRokketRonnie    
|uhtml|bestof|Game 3 of a best-of-3
|t:|1784513079
|gametype|doubles
|player|p1|Kari-Hime|heroine2-conquest|
|player|p2|RokketRonnie|steven|
|gen|9
|tier|[Gen 9 Champions] VGC 2026 Reg M-B (Bo3)
|rule|Species Clause: Limit one of each Pokémon
|rule|Item Clause: Limit 1 of each item
|clearpoke
|poke|p1|Arcanine, L50, M|
|poke|p1|Dragonite, L50, F|
|poke|p1|Aggron, L50, M|
|poke|p1|Audino, L50, M|
|poke|p1|Primarina, L50, F|
|poke|p1|Mimikyu, L50, F|
|poke|p2|Sceptile, L50, M, shiny|
|poke|p2|Weavile, L50, F|
|poke|p2|Grimmsnarl, L50, M|
|poke|p2|Basculegion, L50, M|
|poke|p2|Aegislash, L50, M, shiny|
|poke|p2|Rotom-Heat, L50|
|teampreview|4
|showteam|p1|Arcanine||Leftovers|Intimidate|FlareBlitz,MorningSun,ExtremeSpeed,Snarl|Relaxed||M|||50|]Dragonite||SilkScarf|InnerFocus|ExtremeSpeed,BrickBreak,BreakingSwipe,Protect|Brave||F|||50|]Aggron||Aggronite|Sturdy|HeavySlam,ThunderPunch,BodyPress,Protect|Brave||M|||50|]Audino||Audinite|Klutz|SkillSwap,TrickRoom,HealPulse,HelpingHand|Relaxed||M|||50|]Primarina||ExpertBelt|LiquidVoice|HyperVoice,Moonblast,Protect,FlipTurn|Quiet||F|||50|]Mimikyu||MentalHerb|Disguise|SwordsDance,ShadowSneak,PlayRough,TrickRoom|Brave||F|||50|
|showteam|p2|Sceptile||Sceptilite|Overgrow|EarthPower,ShedTail,DragonPulse,Protect|Modest||M|||50|]Weavile||NeverMeltIce|Pressure|FakeOut,KnockOff,Protect,TripleAxel|Adamant||F|||50|]Grimmsnarl||LightClay|Prankster|SuckerPunch,Reflect,LightScreen,WonderRoom|Careful||M|||50|]Basculegion||SitrusBerry|Adaptability|WaveCrash,AquaJet,LastRespects,Protect|Adamant||M|||50|]Aegislash||LifeOrb|StanceChange|IronHead,ShadowSneak,Poltergeist,KingsShield|Adamant||M|||50|]Rotom-Heat||ChoiceScarf|Levitate|Discharge,Overheat,Electroweb,VoltSwitch|Modest|||||50|
|
|t:|1784513140
|teamsize|p1|4
|teamsize|p2|4
|start
|switch|p1a: Mimikyu|Mimikyu, L50, F|100/100
|switch|p1b: Aggron|Aggron, L50, M|100/100
|switch|p2a: IRONTOMB|Rotom-Heat, L50|100/100
|switch|p2b: Anaxagoras|Sceptile, L50, M, shiny|100/100
|turn|1
|
|t:|1784513179
|detailschange|p2b: Anaxagoras|Sceptile-Mega, L50, M, shiny
|-mega|p2b: Anaxagoras|Sceptile|Sceptilite
|detailschange|p1b: Aggron|Aggron-Mega, L50, M
|-mega|p1b: Aggron|Aggron|Aggronite
|move|p1b: Aggron|Protect|p1b: Aggron
|-singleturn|p1b: Aggron|Protect
|move|p2a: IRONTOMB|Discharge|p1b: Aggron|[spread] p1a
|-activate|p1b: Aggron|move: Protect
|-ability|p2b: Anaxagoras|Lightning Rod|boost
|-boost|p2b: Anaxagoras|spa|1
|-activate|p1a: Mimikyu|ability: Disguise
|-damage|p1a: Mimikyu|100/100
|detailschange|p1a: Mimikyu|Mimikyu-Busted, L50, F
|-damage|p1a: Mimikyu|87/100|[from] pokemon: Mimikyu-Busted
|move|p2b: Anaxagoras|Earth Power|p1b: Aggron
|-activate|p1b: Aggron|move: Protect
|move|p1a: Mimikyu|Swords Dance|p1a: Mimikyu
|-boost|p1a: Mimikyu|atk|2
|
|upkeep
|turn|2
|
|t:|1784513221
|move|p2b: Anaxagoras|Protect|p2b: Anaxagoras
|-singleturn|p2b: Anaxagoras|Protect
|move|p1a: Mimikyu|Shadow Sneak|p2b: Anaxagoras
|-activate|p2b: Anaxagoras|move: Protect
|move|p2a: IRONTOMB|Discharge|p1a: Mimikyu|[spread] p1a,p1b
|-activate|p2b: Anaxagoras|move: Protect
|-damage|p1a: Mimikyu|51/100
|-damage|p1b: Aggron|60/100
|-status|p1b: Aggron|par
|move|p1b: Aggron|Heavy Slam|p2b: Anaxagoras
|-activate|p2b: Anaxagoras|move: Protect
|
|upkeep
|turn|3
|
|t:|1784513251
|move|p1a: Mimikyu|Shadow Sneak|p2b: Anaxagoras
|-damage|p2b: Anaxagoras|51/100
|move|p2a: IRONTOMB|Discharge|p1b: Aggron|[spread] p1a,p1b
|-ability|p2b: Anaxagoras|Lightning Rod|boost
|-boost|p2b: Anaxagoras|spa|1
|-damage|p1a: Mimikyu|21/100
|-damage|p1b: Aggron|20/100y par
|-status|p1a: Mimikyu|par
|move|p2b: Anaxagoras|Earth Power|p1b: Aggron
|-supereffective|p1b: Aggron|1
|-damage|p1b: Aggron|0 fnt
|faint|p1b: Aggron
|
|upkeep
|
|t:|1784513260
|switch|p1b: Arcanine|Arcanine, L50, M|100/100
|-ability|p1b: Arcanine|Intimidate|boost
|-unboost|p2a: IRONTOMB|atk|1
|-unboost|p2b: Anaxagoras|atk|1
|turn|4
|
|t:|1784513277
|move|p2b: Anaxagoras|Protect|p2b: Anaxagoras
|-singleturn|p2b: Anaxagoras|Protect
|move|p1b: Arcanine|Extreme Speed|p2a: IRONTOMB
|-damage|p2a: IRONTOMB|75/100
|move|p1a: Mimikyu|Shadow Sneak|p2a: IRONTOMB
|-crit|p2a: IRONTOMB
|-damage|p2a: IRONTOMB|9/100
|move|p2a: IRONTOMB|Discharge|p1a: Mimikyu|[spread] p1a,p1b
|-activate|p2b: Anaxagoras|move: Protect
|-damage|p1a: Mimikyu|0 fnt
|-damage|p1b: Arcanine|67/100
|faint|p1a: Mimikyu
|
|-heal|p1b: Arcanine|73/100|[from] item: Leftovers
|upkeep
|
|t:|1784513289
|switch|p1a: Primarina|Primarina, L50, F|100/100
|turn|5
|
|t:|1784513303
|move|p1a: Primarina|Protect|p1a: Primarina
|-singleturn|p1a: Primarina|Protect
|move|p2a: IRONTOMB|Discharge|p1a: Primarina|[spread] p1b
|-activate|p1a: Primarina|move: Protect
|-ability|p2b: Anaxagoras|Lightning Rod|boost
|-boost|p2b: Anaxagoras|spa|1
|-damage|p1b: Arcanine|43/100
|move|p2b: Anaxagoras|Earth Power|p1a: Primarina
|-activate|p1a: Primarina|move: Protect
|move|p1b: Arcanine|Flare Blitz|p2b: Anaxagoras
|-damage|p2b: Anaxagoras|0 fnt
|faint|p2b: Anaxagoras
|-damage|p1b: Arcanine|30/100|[from] Recoil
|
|-heal|p1b: Arcanine|36/100|[from] item: Leftovers
|upkeep
|
|t:|1784513314
|switch|p2b: Dawnmaker|Aegislash, L50, M, shiny|100/100
|turn|6
|
|t:|1784513326
|move|p2b: Dawnmaker|King's Shield|p2b: Dawnmaker
|-singleturn|p2b: Dawnmaker|Protect
|move|p1b: Arcanine|Extreme Speed|p2a: IRONTOMB
|-damage|p2a: IRONTOMB|0 fnt
|faint|p2a: IRONTOMB
|move|p1a: Primarina|Hyper Voice|p2b: Dawnmaker
|-activate|p2b: Dawnmaker|move: Protect
|
|-heal|p1b: Arcanine|42/100|[from] item: Leftovers
|upkeep
|
|t:|1784513331
|switch|p2a: Phagousa|Basculegion, L50, M|100/100
|turn|7
|
|t:|1784513360
|move|p2a: Phagousa|Aqua Jet|p1b: Arcanine
|-supereffective|p1b: Arcanine|1
|-damage|p1b: Arcanine|5/100
|move|p1b: Arcanine|Flare Blitz|p2b: Dawnmaker
|-supereffective|p2b: Dawnmaker|1
|-damage|p2b: Dawnmaker|24/100
|-damage|p1b: Arcanine|0 fnt|[from] Recoil
|faint|p1b: Arcanine
|-formechange|p2b: Dawnmaker|Aegislash-Blade|
|move|p2b: Dawnmaker|Poltergeist|p1a: Primarina
|-activate|p1a: Primarina|move: Poltergeist|Expert Belt
|-damage|p1a: Primarina|5/100
|-damage|p2b: Dawnmaker|14/100|[from] item: Life Orb
|move|p1a: Primarina|Moonblast|p2a: Phagousa
|-crit|p2a: Phagousa
|-damage|p2a: Phagousa|30/100
|-enditem|p2a: Phagousa|Sitrus Berry|[eat]
|-heal|p2a: Phagousa|55/100|[from] item: Sitrus Berry
|
|upkeep
|turn|8
|
|t:|1784513380
|move|p2a: Phagousa|Aqua Jet|p1a: Primarina
|-resisted|p1a: Primarina|1
|-damage|p1a: Primarina|0 fnt
|faint|p1a: Primarina
|
|win|RokketRonnie
|c|☆RokketRonnie|ggs!
|c|☆Kari-Hime|gg
|l|☆Kari-Hime
|player|p1|
