|j|☆Mongoos19
|j|☆Kahizar
|html|Mongoos19Kahizar    
|uhtml|bestof|Game 1 of a best-of-3
|t:|1756484455
|gametype|doubles
|player|p1|Mongoos19|169|1113
|player|p2|Kahizar|102|1000
|gen|9
|tier|[Gen 9] VGC 2025 Reg H (Bo3)
|rated|
|rule|Species Clause: Limit one of each Pokémon
|rule|Item Clause: Limit 1 of each item
|clearpoke
|poke|p1|Rillaboom, L50, M|
|poke|p1|Incineroar, L50, M|
|poke|p1|Tauros-Paldea-Aqua, L50, M|
|poke|p1|Gholdengo, L50|
|poke|p1|Ursaluna-Bloodmoon, L50, M|
|poke|p1|Ninetales-Alola, L50, M|
|poke|p2|Arcanine-Hisui, L50, M|
|poke|p2|Rillaboom, L50, F|
|poke|p2|Drifblim, L50, M|
|poke|p2|Sylveon, L50, M|
|poke|p2|Murkrow, L50, F|
|poke|p2|Gallade, L50, M|
|teampreview|4
|showteam|p1|Rillaboom||AssaultVest|GrassySurge|FakeOut,WoodHammer,GrassyGlide,Uturn|||M|||50|,,,,,Fire]Incineroar||SafetyGoggles|Intimidate|FakeOut,FlareBlitz,KnockOff,PartingShot|||M|||50|,,,,,Ghost]Tauros-Paldea-Aqua||MirrorHerb|Intimidate|WaveCrash,CloseCombat,WildCharge,Protect|||M|||50|,,,,,Fire]Gholdengo||FocusSash|GoodasGold|MakeItRain,ShadowBall,NastyPlot,Protect||||||50|,,,,,Water]Ursaluna-Bloodmoon||LifeOrb|MindsEye|BloodMoon,HyperVoice,EarthPower,Protect|||M|||50|,,,,,Normal]Ninetales-Alola||CovertCloak|SnowWarning|Blizzard,Moonblast,AuroraVeil,Protect|||M|||50|,,,,,Fire
|showteam|p2|Arcanine-Hisui||AssaultVest|Intimidate|RockSlide,FlareBlitz,Protect,ExtremeSpeed|||M|||50|,,,,,Grass]Rillaboom||ChoiceBand|GrassySurge|GrassyGlide,WoodHammer,HighHorsepower,Uturn|||F|||50|,,,,,Grass]Drifblim||GrassySeed|Unburden|Tailwind,TrickRoom,Haze,ShadowBall|||M|||50|,,,,,Ghost]Sylveon||ThroatSpray|Pixilate|HyperVoice,Protect,TeraBlast,CalmMind|||M|||50|,,,,,Ground]Murkrow||Eviolite|Prankster|Taunt,Tailwind,Haze,FoulPlay|||F|||50|,,,,,Dark]Gallade||ClearAmulet|Sharpness|PsychoCut,ExpandingForce,SacredSword,Protect|||M|||50|,,,,,Psychic
|inactive|Battle timer is ON: inactive players will automatically lose when time's up. (requested by Mongoos19)
|inactive|Mongoos19 has 60 seconds left.
|inactive|Kahizar has 60 seconds left.
|
|t:|1756484501
|teamsize|p1|4
|teamsize|p2|4
|start
|switch|p1a: Incineroar|Incineroar, L50, M, shiny|100/100
|switch|p1b: Gholdengo|Gholdengo, L50|100/100
|switch|p2a: Murkrow|Murkrow, L50, F|100/100
|switch|p2b: Sylveon|Sylveon, L50, M|100/100
|-ability|p1a: Incineroar|Intimidate|boost
|-unboost|p2a: Murkrow|atk|1
|-unboost|p2b: Sylveon|atk|1
|turn|1
|
|t:|1756484518
|-terastallize|p2b: Sylveon|Ground
|move|p1a: Incineroar|Fake Out|p2b: Sylveon
|-damage|p2b: Sylveon|88/100
|move|p2a: Murkrow|Tailwind|p2a: Murkrow
|-sidestart|p2: Kahizar|move: Tailwind
|cant|p2b: Sylveon|flinch
|move|p1b: Gholdengo|Make It Rain|p2a: Murkrow|[spread] p2a,p2b
|-damage|p2a: Murkrow|30/100
|-damage|p2b: Sylveon|55/100
|-unboost|p1b: Gholdengo|spa|1
|
|upkeep
|turn|2
|
|t:|1756484544
|switch|p2a: Gallade|Gallade, L50, M|100/100
|move|p1b: Gholdengo|Protect|p1b: Gholdengo
|-singleturn|p1b: Gholdengo|Protect
|move|p2b: Sylveon|Tera Blast|p1b: Gholdengo|[anim] Tera Blast Ground
|-activate|p1b: Gholdengo|move: Protect
|move|p1a: Incineroar|Parting Shot|p2b: Sylveon
|-unboost|p2b: Sylveon|atk|1
|-unboost|p2b: Sylveon|spa|1
|
|t:|1756484556
|switch|p1a: Tauros|Tauros-Paldea-Aqua, L50, M|100/100|[from] Parting Shot
|-ability|p1a: Tauros|Intimidate|boost
|-fail|p2a: Gallade|unboost|[from] item: Clear Amulet|[of] p2a: Gallade
|-unboost|p2b: Sylveon|atk|1
|
|upkeep
|turn|3
|
|t:|1756484571
|switch|p1b: Incineroar|Incineroar, L50, M, shiny|100/100
|-ability|p1b: Incineroar|Intimidate|boost
|-fail|p2a: Gallade|unboost|[from] item: Clear Amulet|[of] p2a: Gallade
|-unboost|p2b: Sylveon|atk|1
|move|p1a: Tauros|Protect|p1a: Tauros
|-singleturn|p1a: Tauros|Protect
|move|p2a: Gallade|Psycho Cut|p1a: Tauros
|-activate|p1a: Tauros|move: Protect
|move|p2b: Sylveon|Tera Blast|p1b: Incineroar|[anim] Tera Blast Ground
|-supereffective|p1b: Incineroar
|-damage|p1b: Incineroar|59/100
|
|upkeep
|turn|4
|inactive|Kahizar has 30 seconds left.
|
|t:|1756484596
|move|p1b: Incineroar|Fake Out|p2a: Gallade
|-damage|p2a: Gallade|85/100
|cant|p2a: Gallade|flinch
|move|p1a: Tauros|Wave Crash|p2b: Sylveon
|-supereffective|p2b: Sylveon
|-damage|p2b: Sylveon|0 fnt
|faint|p2b: Sylveon
|-damage|p1a: Tauros|76/100|[from] Recoil
|
|-sideend|p2: Kahizar|move: Tailwind
|upkeep
|
|t:|1756484608
|switch|p2b: Murkrow|Murkrow, L50, F|30/100
|turn|5
|
|t:|1756484619
|move|p2b: Murkrow|Tailwind|p2b: Murkrow
|-sidestart|p2: Kahizar|move: Tailwind
|move|p2a: Gallade|Psycho Cut|p1a: Tauros
|-supereffective|p1a: Tauros
|-damage|p1a: Tauros|0 fnt
|faint|p1a: Tauros
|move|p1b: Incineroar|Flare Blitz|p2b: Murkrow
|-damage|p2b: Murkrow|0 fnt
|faint|p2b: Murkrow
|-damage|p1b: Incineroar|51/100|[from] Recoil
|
|upkeep
|
|t:|1756484629
|switch|p1a: Gholdengo|Gholdengo, L50|100/100
|switch|p2b: Arcanine|Arcanine-Hisui, L50, M|100/100
|-ability|p2b: Arcanine|Intimidate|boost
|-unboost|p1a: Gholdengo|atk|1
|-unboost|p1b: Incineroar|atk|1
|turn|6
|
|t:|1756484639
|-terastallize|p1b: Incineroar|Ghost
|move|p1a: Gholdengo|Protect|p1a: Gholdengo
|-singleturn|p1a: Gholdengo|Protect
|move|p2b: Arcanine|Flare Blitz|p1a: Gholdengo
|-activate|p1a: Gholdengo|move: Protect
|move|p2a: Gallade|Sacred Sword|p1b: Incineroar
|-immune|p1b: Incineroar
|move|p1b: Incineroar|Knock Off|p2a: Gallade
|-damage|p2a: Gallade|48/100
|-enditem|p2a: Gallade|Clear Amulet|[from] move: Knock Off|[of] p1b: Incineroar
|
|upkeep
|turn|7
|
|t:|1756484658
|move|p2b: Arcanine|Flare Blitz|p1a: Gholdengo
|-supereffective|p1a: Gholdengo
|-enditem|p1a: Gholdengo|Focus Sash
|-damage|p1a: Gholdengo|1/100
|-damage|p2b: Arcanine|74/100|[from] Recoil
|move|p2a: Gallade|Psycho Cut|p1b: Incineroar
|-damage|p1b: Incineroar|2/100
|move|p1a: Gholdengo|Shadow Ball|p2a: Gallade
|-supereffective|p2a: Gallade
|-damage|p2a: Gallade|0 fnt
|faint|p2a: Gallade
|move|p1b: Incineroar|Parting Shot|p2b: Arcanine
|-unboost|p2b: Arcanine|atk|1
|-unboost|p2b: Arcanine|spa|1
|
|t:|1756484668
|switch|p1b: Ursaluna|Ursaluna-Bloodmoon, L50, M|100/100|[from] Parting Shot
|
|upkeep
|turn|8
|
|t:|1756484676
|move|p1a: Gholdengo|Protect|p1a: Gholdengo
|-singleturn|p1a: Gholdengo|Protect
|move|p1b: Ursaluna|Protect|p1b: Ursaluna
|-singleturn|p1b: Ursaluna|Protect
|move|p2b: Arcanine|Rock Slide|p1b: Ursaluna|[spread] 
|-activate|p1a: Gholdengo|move: Protect
|-activate|p1b: Ursaluna|move: Protect
|
|-sideend|p2: Kahizar|move: Tailwind
|upkeep
|turn|9
|
|t:|1756484687
|move|p1a: Gholdengo|Shadow Ball|p2b: Arcanine
|-damage|p2b: Arcanine|44/100
|-unboost|p2b: Arcanine|spd|1
|move|p2b: Arcanine|Rock Slide|p1b: Ursaluna|[spread] p1a,p1b
|-resisted|p1a: Gholdengo
|-resisted|p1b: Ursaluna
|-damage|p1a: Gholdengo|0 fnt
|-damage|p1b: Ursaluna|94/100
|faint|p1a: Gholdengo
|move|p1b: Ursaluna|Earth Power|p2b: Arcanine
|-supereffective|p2b: Arcanine
|-damage|p2b: Arcanine|0 fnt
|faint|p2b: Arcanine
|-damage|p1b: Ursaluna|84/100|[from] item: Life Orb
|
|win|Mongoos19
||Kahizar is ready for game 2.
|inactive|Mongoos19 has 30 seconds to confirm battle start!
