|j|☆grendel zolga
|j|☆cookie669
|html|grendel zolgacookie669    
|uhtml|bestof|Game 1 of a best-of-3
|t:|1756818854
|gametype|doubles
|player|p1|grendel zolga|clay|1178
|player|p2|cookie669|1|1052
|gen|9
|tier|[Gen 9] VGC 2025 Reg H (Bo3)
|rated|
|rule|Species Clause: Limit one of each Pokémon
|rule|Item Clause: Limit 1 of each item
|clearpoke
|poke|p1|Gyarados, L50, M|
|poke|p1|Indeedee, L50, M|
|poke|p1|Sneasler, L50, F|
|poke|p1|Tyranitar, L50, M|
|poke|p1|Ursaluna-Bloodmoon, L50, M|
|poke|p1|Volcarona, L50, F|
|poke|p2|Sneasler, L50, F|
|poke|p2|Gholdengo, L50|
|poke|p2|Rillaboom, L50, M|
|poke|p2|Dragonite, L50, M|
|poke|p2|Ninetales-Alola, L50, F|
|poke|p2|Arcanine-Hisui, L50, M|
|teampreview|4
|showteam|p1|Gyarados||SafetyGoggles|Intimidate|Taunt,ThunderWave,Waterfall,Protect|||M|||50|,,,,,Steel]Indeedee||ChoiceScarf|PsychicSurge|ExpandingForce,TeraBlast,Trick,Protect|||M|||50|,,,,,Psychic]Sneasler||PsychicSeed|Unburden|CloseCombat,DireClaw,ThroatChop,Protect|||F|||50|,,,,,Dark]Tyranitar||AssaultVest|SandStream|LowKick,TeraBlast,KnockOff,RockSlide|||M|||50|,,,,,Flying]Ursaluna-Bloodmoon||LifeOrb|MindsEye|HyperVoice,BloodMoon,EarthPower,Protect|||M|||50|,,,,,Normal]Volcarona||SitrusBerry|FlameBody|Overheat,StruggleBug,RagePowder,Tailwind|||F|||50|,,,,,Grass
|showteam|p2|Sneasler||WhiteHerb|Unburden|CloseCombat,DireClaw,Coaching,Protect|||F|||50|,,,,,Ghost]Gholdengo||GrassySeed|GoodasGold|NastyPlot,MakeItRain,ShadowBall,Protect||||||50|,,,,,Water]Rillaboom||AssaultVest|GrassySurge|FakeOut,GrassyGlide,DrumBeating,HighHorsepower|||M|||50|,,,,,Fire]Dragonite||LoadedDice|Multiscale|ScaleShot,StompingTantrum,Tailwind,Protect|||M|||50|,,,,,Ground]Ninetales-Alola||FocusSash|SnowWarning|Blizzard,IcyWind,Encore,AuroraVeil|||F|||50|,,,,,Ghost]Arcanine-Hisui||ClearAmulet|Intimidate|RockSlide,FlareBlitz,ExtremeSpeed,Protect|||M|||50|,,,,,Water
|inactive|Battle timer is ON: inactive players will automatically lose when time's up. (requested by cookie669)
|inactive|grendel zolga has 60 seconds left.
|inactive|cookie669 has 60 seconds left.
|inactive|grendel zolga has 30 seconds left.
|
|t:|1756818925
|teamsize|p1|4
|teamsize|p2|4
|start
|switch|p1a: Sirocco|Tyranitar, L50, M|100/100
|switch|p1b: Pestilence|Sneasler, L50, F|100/100
|switch|p2a: Cookie|Arcanine-Hisui, L50, M, shiny|100/100
|switch|p2b: Rillaboom|Rillaboom, L50, M, shiny|100/100
|-ability|p2a: Cookie|Intimidate|boost
|-unboost|p1a: Sirocco|atk|1
|-unboost|p1b: Pestilence|atk|1
|-fieldstart|move: Grassy Terrain|[from] ability: Grassy Surge|[of] p2b: Rillaboom
|-weather|Sandstorm|[from] ability: Sand Stream|[of] p1a: Sirocco
|turn|1
|inactive|cookie669 has 30 seconds left.
|inactive|cookie669 has 20 seconds left.
|inactive|cookie669 has 15 seconds left.
|
|t:|1756818969
|switch|p2b: Ninetales|Ninetales-Alola, L50, F, shiny|100/100
|-weather|Snowscape|[from] ability: Snow Warning|[of] p2b: Ninetales
|switch|p1a: Pythia|Indeedee, L50, M|100/100
|-fieldstart|move: Psychic Terrain|[from] ability: Psychic Surge|[of] p1a: Pythia
|-enditem|p1b: Pestilence|Psychic Seed
|-boost|p1b: Pestilence|spd|1|[from] item: Psychic Seed
|move|p1b: Pestilence|Protect|p1b: Pestilence
|-singleturn|p1b: Pestilence|Protect
|move|p2a: Cookie|Protect||[still]
|-fail|p2a: Cookie
|
|-weather|Snowscape|[upkeep]
|upkeep
|turn|2
|inactive|grendel zolga has 30 seconds left.
|inactive|cookie669 has 30 seconds left.
|inactive|cookie669 has 20 seconds left.
|
|t:|1756819007
|switch|p1a: Sirocco|Tyranitar, L50, M|100/100
|-weather|Sandstorm|[from] ability: Sand Stream|[of] p1a: Sirocco
|-terastallize|p2a: Cookie|Water
|move|p1b: Pestilence|Close Combat|p2a: Cookie
|-damage|p2a: Cookie|39/100
|-unboost|p1b: Pestilence|def|1
|-unboost|p1b: Pestilence|spd|1
|move|p2a: Cookie|Rock Slide|p1b: Pestilence|[spread] p1a,p1b
|-resisted|p1b: Pestilence
|-damage|p1a: Sirocco|76/100
|-damage|p1b: Pestilence|65/100
|move|p2b: Ninetales|Aurora Veil||[still]
|-fail|p2b: Ninetales
|
|-weather|Sandstorm|[upkeep]
|-damage|p1b: Pestilence|59/100|[from] Sandstorm
|-damage|p2a: Cookie|33/100|[from] Sandstorm
|-damage|p2b: Ninetales|94/100|[from] Sandstorm
|upkeep
|turn|3
|inactive|grendel zolga has 30 seconds left.
|inactive|cookie669 has 30 seconds left.
|
|t:|1756819035
|move|p2a: Cookie|Protect|p2a: Cookie
|-singleturn|p2a: Cookie|Protect
|move|p1b: Pestilence|Dire Claw|p2b: Ninetales
|-supereffective|p2b: Ninetales
|-damage|p2b: Ninetales|6/100
|move|p2b: Ninetales|Icy Wind|p1a: Sirocco|[spread] p1a,p1b
|-damage|p1a: Sirocco|69/100
|-damage|p1b: Pestilence|40/100
|-unboost|p1a: Sirocco|spe|1
|-unboost|p1b: Pestilence|spe|1
|move|p1a: Sirocco|Knock Off|p2b: Ninetales
|-resisted|p2b: Ninetales
|-damage|p2b: Ninetales|0 fnt
|-enditem|p2b: Ninetales|Focus Sash|[from] move: Knock Off|[of] p1a: Sirocco
|faint|p2b: Ninetales
|
|-weather|Sandstorm|[upkeep]
|-damage|p1b: Pestilence|34/100|[from] Sandstorm
|-damage|p2a: Cookie|27/100|[from] Sandstorm
|upkeep
|inactive|cookie669 has 30 seconds left.
|
|t:|1756819065
|switch|p2b: Rillaboom|Rillaboom, L50, M, shiny|100/100
|-fieldstart|move: Grassy Terrain|[from] ability: Grassy Surge|[of] p2b: Rillaboom
|turn|4
|inactive|grendel zolga has 30 seconds left.
|inactive|grendel zolga has 20 seconds left.
|
|t:|1756819106
|switch|p1b: Pythia|Indeedee, L50, M|100/100
|-fieldstart|move: Psychic Terrain|[from] ability: Psychic Surge|[of] p1b: Pythia
|-terastallize|p1a: Sirocco|Flying
|move|p2a: Cookie|Rock Slide|p1b: Pythia|[spread] p1a,p1b
|-supereffective|p1a: Sirocco
|-damage|p1a: Sirocco|22/100
|-damage|p1b: Pythia|41/100
|move|p2b: Rillaboom|High Horsepower|p1a: Sirocco
|-immune|p1a: Sirocco
|cant|p1a: Sirocco|flinch
|
|-weather|Sandstorm|[upkeep]
|-damage|p1b: Pythia|35/100|[from] Sandstorm
|-damage|p2a: Cookie|22/100|[from] Sandstorm
|-damage|p2b: Rillaboom|95/100|[from] Sandstorm
|-damage|p1a: Sirocco|16/100|[from] Sandstorm
|upkeep
|turn|5
|inactive|grendel zolga has 30 seconds left.
|inactive|cookie669 has 30 seconds left.
|inactive|grendel zolga has 20 seconds left.
|inactive|grendel zolga has 15 seconds left.
|c|☆cookie669|?
|
|t:|1756819150
|move|p1b: Pythia|Expanding Force|p2a: Cookie|[spread] p2a,p2b
|-damage|p2a: Cookie|0 fnt
|-damage|p2b: Rillaboom|45/100
|faint|p2a: Cookie
|move|p2b: Rillaboom|Drum Beating|p1b: Pythia
|-damage|p1b: Pythia|0 fnt
|faint|p1b: Pythia
|move|p1a: Sirocco|Knock Off|p2b: Rillaboom
|-damage|p2b: Rillaboom|0 fnt
|-enditem|p2b: Rillaboom|Assault Vest|[from] move: Knock Off|[of] p1a: Sirocco
|faint|p2b: Rillaboom
|
|-weather|Sandstorm|[upkeep]
|-damage|p1a: Sirocco|10/100|[from] Sandstorm
|upkeep
|inactive|cookie669 has 30 seconds left.
|
|t:|1756819182
|switch|p2a: Gholdengo|Gholdengo, L50, shiny|100/100
|switch|p1b: Pestilence|Sneasler, L50, F|34/100
|turn|6
|
|t:|1756819194
|move|p1b: Pestilence|Throat Chop|p2a: Gholdengo
|-supereffective|p2a: Gholdengo
|-damage|p2a: Gholdengo|36/100
|-start|p2a: Gholdengo|Throat Chop|[silent]
|move|p2a: Gholdengo|Make It Rain|p1b: Pestilence|[spread] p1a,p1b
|-damage|p1a: Sirocco|0 fnt
|-damage|p1b: Pestilence|0 fnt
|-unboost|p2a: Gholdengo|spa|1
|faint|p1a: Sirocco
|faint|p1b: Pestilence
|
|-weather|none
|upkeep
|
|t:|1756819201
|switch|p1b: Tsukuyomi|Ursaluna-Bloodmoon, L50, M|100/100
|turn|7
|
|t:|1756819208
|move|p2a: Gholdengo|Nasty Plot|p2a: Gholdengo
|-boost|p2a: Gholdengo|spa|2
|move|p1b: Tsukuyomi|Blood Moon|p2a: Gholdengo
|-resisted|p2a: Gholdengo
|-damage|p2a: Gholdengo|0 fnt
|faint|p2a: Gholdengo
|-damage|p1b: Tsukuyomi|91/100|[from] item: Life Orb
|
|win|grendel zolga
||cookie669 is ready for game 2.
||grendel zolga is ready for game 2.
|uhtml|next|Next: Game 2 of 3
|l|☆cookie669
|player|p2|
