|j|☆PerishingSongVGC
|j|☆stanhoff
|html|PerishingSongVGCstanhoff    
|uhtml|bestof|Game 1 of a best-of-3
|t:|1757739300
|gametype|doubles
|player|p1|PerishingSongVGC|169|1030
|player|p2|stanhoff|falkner|1099
|gen|9
|tier|[Gen 9] VGC 2025 Reg H (Bo3)
|rated|
|rule|Species Clause: Limit one of each Pokémon
|rule|Item Clause: Limit 1 of each item
|clearpoke
|poke|p1|Gothitelle, L50, M|
|poke|p1|Incineroar, L50, F|
|poke|p1|Amoonguss, L50, M|
|poke|p1|Archaludon, L50, F|
|poke|p1|Primarina, L50, F|
|poke|p1|Flamigo, L50, F|
|poke|p2|Hatterene, L50, F|
|poke|p2|Indeedee-F, L50, F|
|poke|p2|Sneasler, L50, M|
|poke|p2|Excadrill, L50, F|
|poke|p2|Tyranitar, L50, M|
|poke|p2|Amoonguss, L50, M|
|teampreview|4
|showteam|p1|Gothitelle||SitrusBerry|ShadowTag|Psychic,Hypnosis,FakeOut,Protect|||M|||50|,,,,,Dragon]Incineroar||CovertCloak|Intimidate|FakeOut,PartingShot,KnockOff,FlareBlitz|||F|||50|,,,,,Ghost]Amoonguss||RockyHelmet|Regenerator|PollenPuff,Spore,RagePowder,Protect|||M|||50|,,,,,Dark]Archaludon||PowerHerb|Sturdy|ElectroShot,DracoMeteor,FlashCannon,Protect|||F|||50|,,,,,Steel]Primarina||ThroatSpray|LiquidVoice|HyperVoice,Moonblast,PerishSong,Protect|||F|||50|,,,,,Grass]Flamigo||ChoiceScarf|Scrappy|CloseCombat,Uturn,BraveBird,ThroatChop|||F|||50|,,,,,Steel
|showteam|p2|Hatterene||LifeOrb|MagicBounce|Protect,TrickRoom,ExpandingForce,DazzlingGleam|||F|||50|,,,,,Psychic]Indeedee-F||SafetyGoggles|PsychicSurge|FollowMe,HelpingHand,Psychic,TrickRoom|||F|||50|,,,,,Fairy]Sneasler||PsychicSeed|Unburden|DireClaw,CloseCombat,ThroatChop,Protect|||M|||50|,,,,,Dark]Excadrill||FocusSash|SandRush|Earthquake,IronHead,HighHorsepower,Protect|||F|||50|,,,,,Ground]Tyranitar||AirBalloon|SandStream|RockSlide,LowKick,KnockOff,Protect|||M|||50|,,,,,Flying]Amoonguss||RockyHelmet|Regenerator|Spore,RagePowder,SludgeBomb,ClearSmog|||M|||50|,,,,,Water
|inactive|Battle timer is ON: inactive players will automatically lose when time's up. (requested by stanhoff)
|
|t:|1757739355
|teamsize|p1|4
|teamsize|p2|4
|start
|switch|p1a: Primarina|Primarina, L50, F|100/100
|switch|p1b: Archaludon|Archaludon, L50, F|100/100
|switch|p2a: Excadrill|Excadrill, L50, F|100/100
|switch|p2b: Indeedee|Indeedee-F, L50, F|100/100
|-fieldstart|move: Psychic Terrain|[from] ability: Psychic Surge|[of] p2b: Indeedee
|turn|1
|inactive|PerishingSongVGC has 30 seconds left.
|
|t:|1757739383
|-terastallize|p2a: Excadrill|Ground
|move|p2b: Indeedee|Follow Me|p2b: Indeedee
|-singleturn|p2b: Indeedee|move: Follow Me
|move|p2a: Excadrill|Earthquake|p1b: Archaludon|[spread] p2b,p1a,p1b
|-supereffective|p1b: Archaludon
|-damage|p2b: Indeedee|46/100
|-damage|p1a: Primarina|23/100
|-damage|p1b: Archaludon|4/100
|move|p1b: Archaludon|Electro Shot||[still]
|-prepare|p1b: Archaludon|Electro Shot
|-boost|p1b: Archaludon|spa|1
|-enditem|p1b: Archaludon|Power Herb
|-anim|p1b: Archaludon|Electro Shot|p2b: Indeedee
|-damage|p2b: Indeedee|0 fnt
|faint|p2b: Indeedee
|move|p1a: Primarina|Hyper Voice|p2a: Excadrill
|-supereffective|p2a: Excadrill
|-enditem|p2a: Excadrill|Focus Sash
|-damage|p2a: Excadrill|1/100
|-enditem|p1a: Primarina|Throat Spray
|-boost|p1a: Primarina|spa|1|[from] item: Throat Spray
|
|upkeep
|
|t:|1757739397
|switch|p2b: Tyranitar|Tyranitar, L50, M|100/100
|-weather|Sandstorm|[from] ability: Sand Stream|[of] p2b: Tyranitar
|-item|p2b: Tyranitar|Air Balloon
|turn|2
|inactive|PerishingSongVGC has 30 seconds left.
|
|t:|1757739423
|switch|p1a: Amoonguss|Amoonguss, L50, M|100/100
|move|p1b: Archaludon|Protect|p1b: Archaludon
|-singleturn|p1b: Archaludon|Protect
|move|p2a: Excadrill|Earthquake|p1a: Amoonguss|[spread] p1a
|-activate|p1b: Archaludon|move: Protect
|-immune|p2b: Tyranitar
|-damage|p1a: Amoonguss|57/100
|move|p2b: Tyranitar|Rock Slide|p1b: Archaludon|[spread] p1a
|-activate|p1b: Archaludon|move: Protect
|-damage|p1a: Amoonguss|30/100
|
|-weather|Sandstorm|[upkeep]
|-damage|p1a: Amoonguss|25/100|[from] Sandstorm
|upkeep
|turn|3
|
|t:|1757739438
|switch|p1a: Flamigo|Flamigo, L50, F|100/100
|move|p2a: Excadrill|Earthquake|p1a: Flamigo|[spread] p1b
|-immune|p2b: Tyranitar
|-immune|p1a: Flamigo
|-supereffective|p1b: Archaludon
|-damage|p1b: Archaludon|0 fnt
|faint|p1b: Archaludon
|move|p2b: Tyranitar|Rock Slide|p1a: Flamigo
|-damage|p1a: Flamigo|36/100
|
|-weather|Sandstorm|[upkeep]
|-damage|p1a: Flamigo|30/100|[from] Sandstorm
|upkeep
|
|t:|1757739447
|switch|p1b: Amoonguss|Amoonguss, L50, M|58/100
|turn|4
|
|t:|1757739457
|move|p1b: Amoonguss|Protect|p1b: Amoonguss
|-singleturn|p1b: Amoonguss|Protect
|move|p2a: Excadrill|Earthquake|p1b: Amoonguss|[spread] 
|-activate|p1b: Amoonguss|move: Protect
|-immune|p2b: Tyranitar
|-immune|p1a: Flamigo
|move|p1a: Flamigo|Close Combat|p2b: Tyranitar
|-supereffective|p2b: Tyranitar
|-damage|p2b: Tyranitar|0 fnt
|-unboost|p1a: Flamigo|def|1
|-unboost|p1a: Flamigo|spd|1
|-enditem|p2b: Tyranitar|Air Balloon
|faint|p2b: Tyranitar
|
|-weather|Sandstorm|[upkeep]
|-damage|p1a: Flamigo|25/100|[from] Sandstorm
|-damage|p1b: Amoonguss|52/100|[from] Sandstorm
|upkeep
|
|t:|1757739466
|switch|p2b: Sneasler|Sneasler, L50, M|100/100
|-enditem|p2b: Sneasler|Psychic Seed
|-boost|p2b: Sneasler|spd|1|[from] item: Psychic Seed
|turn|5
|
|t:|1757739488
|move|p1b: Amoonguss|Rage Powder|p1b: Amoonguss
|-singleturn|p1b: Amoonguss|move: Rage Powder
|move|p2b: Sneasler|Close Combat|p1b: Amoonguss
|-resisted|p1b: Amoonguss
|-damage|p1b: Amoonguss|26/100
|-unboost|p2b: Sneasler|def|1
|-unboost|p2b: Sneasler|spd|1
|-damage|p2b: Sneasler|84/100|[from] item: Rocky Helmet|[of] p1b: Amoonguss
|move|p2a: Excadrill|High Horsepower|p1b: Amoonguss
|-damage|p1b: Amoonguss|0 fnt
|-damage|p2a: Excadrill|0 fnt|[from] item: Rocky Helmet|[of] p1b: Amoonguss
|faint|p1b: Amoonguss
|faint|p2a: Excadrill
|move|p1a: Flamigo|Close Combat|p2b: Sneasler
|-resisted|p2b: Sneasler
|-damage|p2b: Sneasler|8/100
|-unboost|p1a: Flamigo|def|1
|-unboost|p1a: Flamigo|spd|1
|
|-weather|Sandstorm|[upkeep]
|-damage|p2b: Sneasler|2/100|[from] Sandstorm
|-damage|p1a: Flamigo|19/100|[from] Sandstorm
|-fieldend|move: Psychic Terrain
|upkeep
|
|t:|1757739493
|switch|p1b: Primarina|Primarina, L50, F|23/100
|turn|6
|
|t:|1757739516
|move|p2b: Sneasler|Protect|p2b: Sneasler
|-singleturn|p2b: Sneasler|Protect
|move|p1a: Flamigo|Close Combat|p2b: Sneasler
|-activate|p2b: Sneasler|move: Protect
|move|p1b: Primarina|Hyper Voice|p2b: Sneasler
|-activate|p2b: Sneasler|move: Protect
|
|-weather|none
|upkeep
|turn|7
|
|t:|1757739529
|move|p2b: Sneasler|Dire Claw|p1a: Flamigo
|-damage|p1a: Flamigo|0 fnt
|faint|p1a: Flamigo
|move|p1b: Primarina|Hyper Voice|p2b: Sneasler
|-damage|p2b: Sneasler|0 fnt
|faint|p2b: Sneasler
|
|win|PerishingSongVGC
||stanhoff is ready for game 2.
|inactive|PerishingSongVGC has 30 seconds to confirm battle start!
||PerishingSongVGC is ready for game 2.
|uhtml|next|Next: Game 2 of 3
