|j|☆marillrag1
|j|☆yyfsx
|html|marillrag1yyfsx    
|uhtml|bestof|Game 2 of a best-of-3
|t:|1785472706
|gametype|doubles
|player|p1|marillrag1|170|1292
|player|p2|yyfsx|170|1152
|gen|9
|tier|[Gen 9 Champions] VGC 2026 Reg M-B (Bo3)
|rated|
|rule|Species Clause: Limit one of each Pokémon
|rule|Item Clause: Limit 1 of each item
|clearpoke
|poke|p1|Charizard, L50, M|
|poke|p1|Kingambit, L50, F|
|poke|p1|Whimsicott, L50, F|
|poke|p1|Ninetales-Alola, L50, M|
|poke|p1|Kommo-o, L50, F|
|poke|p1|Glimmora, L50, M|
|poke|p2|Raichu, L50, M|
|poke|p2|Sinistcha, L50|
|poke|p2|Corviknight, L50, F|
|poke|p2|Sylveon, L50, M|
|poke|p2|Garchomp, L50, M|
|poke|p2|Tyranitar, L50, F|
|teampreview|4
|showteam|p1|Charizard||CharizarditeY|Blaze|Protect,HeatWave,SolarBeam,WeatherBall|Modest||M|||50|]Kingambit||BlackGlasses|Defiant|Protect,KowtowCleave,IronHead,SuckerPunch|Adamant||F|||50|]Whimsicott||FocusSash|Prankster|Protect,Moonblast,Tailwind,Encore|Timid||F|||50|]Ninetales-Alola||NeverMeltIce|SnowWarning|Protect,Blizzard,Disable,FreezeDry|Timid||M|||50|]Kommo-o||LifeOrb|Overcoat|Protect,AuraSphere,ClangingScales,VacuumWave|Modest||F|||50|]Glimmora||Glimmoranite|ToxicDebris|SpikyShield,SludgeBomb,PowerGem,EarthPower|Modest||M|||50|
|showteam|p2|Raichu||RaichuniteY|LightningRod|ZapCannon,FocusBlast,FakeOut,Protect|Timid||M|||50|]Sinistcha||KasibBerry|Hospitality|MatchaGotcha,ShadowBall,RagePowder,Protect|Modest|||||50|]Corviknight||Leftovers|MirrorArmor|IronHead,BraveBird,Tailwind,Protect|Adamant||F|||50|]Sylveon||FairyFeather|Pixilate|HyperVoice,QuickAttack,Yawn,Detect|Modest||M|||50|]Garchomp||SitrusBerry|RoughSkin|DragonClaw,StompingTantrum,RockSlide,Protect|Adamant||M|||50|]Tyranitar||FocusSash|SandStream|RockSlide,KnockOff,Superpower,Protect|Adamant||F|||50|
|inactive|Battle timer is ON: inactive players will automatically lose when time's up. (requested by marillrag1)
|
|t:|1785472722
|teamsize|p1|4
|teamsize|p2|4
|start
|switch|p1a: Whimsicott|Whimsicott, L50, F|100/100
|switch|p1b: Charizard|Charizard, L50, M|100/100
|switch|p2a: Raichu|Raichu, L50, M|100/100
|switch|p2b: Corviknight|Corviknight, L50, F|100/100
|turn|1
|
|t:|1785472736
|detailschange|p2a: Raichu|Raichu-Mega-Y, L50, M
|-mega|p2a: Raichu|Raichu|Raichunite Y
|detailschange|p1b: Charizard|Charizard-Mega-Y, L50, M
|-mega|p1b: Charizard|Charizard|Charizardite Y
|-weather|SunnyDay|[from] ability: Drought|[of] p1b: Charizard
|move|p2a: Raichu|Fake Out|p1a: Whimsicott
|-damage|p1a: Whimsicott|87/100
|cant|p1a: Whimsicott|flinch
|move|p1b: Charizard|Heat Wave|p2b: Corviknight|[spread] p2a,p2b
|-supereffective|p2b: Corviknight|1
|-damage|p2a: Raichu|30/100
|-damage|p2b: Corviknight|0 fnt
|faint|p2b: Corviknight
|
|-weather|SunnyDay|[upkeep]
|upkeep
|
|t:|1785472747
|switch|p2b: Tyranitar|Tyranitar, L50, F|100/100
|-weather|Sandstorm|[from] ability: Sand Stream|[of] p2b: Tyranitar
|turn|2
|
|t:|1785472761
|switch|p2a: Sylveon|Sylveon, L50, M|100/100
|switch|p1b: Kommo-o|Kommo-o, L50, F|100/100
|move|p1a: Whimsicott|Encore||[still]
|-fail|p1a: Whimsicott
|move|p2b: Tyranitar|Rock Slide|p1a: Whimsicott|[spread] p1a,p1b
|-resisted|p1b: Kommo-o|1
|-damage|p1a: Whimsicott|38/100
|-damage|p1b: Kommo-o|84/100
|
|-weather|Sandstorm|[upkeep]
|-damage|p1a: Whimsicott|32/100|[from] Sandstorm
|-damage|p2a: Sylveon|94/100|[from] Sandstorm
|upkeep
|turn|3
|
|t:|1785472771
|move|p1b: Kommo-o|Protect|p1b: Kommo-o
|-singleturn|p1b: Kommo-o|Protect
|move|p2b: Tyranitar|Protect|p2b: Tyranitar
|-singleturn|p2b: Tyranitar|Protect
|move|p1a: Whimsicott|Tailwind|p1a: Whimsicott
|-sidestart|p1: marillrag1|move: Tailwind
|move|p2a: Sylveon|Hyper Voice|p1b: Kommo-o|[spread] p1a
|-activate|p1b: Kommo-o|move: Protect
|-damage|p1a: Whimsicott|0 fnt
|faint|p1a: Whimsicott
|
|-weather|Sandstorm|[upkeep]
|-damage|p2a: Sylveon|88/100|[from] Sandstorm
|upkeep
|
|t:|1785472789
|switch|p1a: Glimmora|Glimmora, L50, M|100/100
|turn|4
|
|t:|1785472808
|move|p2a: Sylveon|Detect|p2a: Sylveon
|-singleturn|p2a: Sylveon|Protect
|move|p1a: Glimmora|Sludge Bomb|p2a: Sylveon
|-activate|p2a: Sylveon|move: Protect
|move|p1b: Kommo-o|Aura Sphere|p2b: Tyranitar
|-supereffective|p2b: Tyranitar|2
|-crit|p2b: Tyranitar
|-enditem|p2b: Tyranitar|Focus Sash
|-damage|p2b: Tyranitar|1/100
|-damage|p1b: Kommo-o|75/100|[from] item: Life Orb
|move|p2b: Tyranitar|Superpower|p1a: Glimmora
|-damage|p1a: Glimmora|49/100
|-unboost|p2b: Tyranitar|atk|1
|-unboost|p2b: Tyranitar|def|1
|-activate|p1a: Glimmora|ability: Toxic Debris
|-sidestart|p2: yyfsx|move: Toxic Spikes
|
|-weather|Sandstorm|[upkeep]
|-damage|p2a: Sylveon|82/100|[from] Sandstorm
|upkeep
|turn|5
|inactive|marillrag1 has 30 seconds left.
|
|t:|1785472835
|move|p1a: Glimmora|Sludge Bomb|p2a: Sylveon
|-supereffective|p2a: Sylveon|1
|-damage|p2a: Sylveon|3/100
|-status|p2a: Sylveon|psn
|move|p1b: Kommo-o|Aura Sphere|p2a: Sylveon
|-resisted|p2a: Sylveon|1
|-damage|p2a: Sylveon|0 fnt
|faint|p2a: Sylveon
|-damage|p1b: Kommo-o|65/100|[from] item: Life Orb
|move|p2b: Tyranitar|Rock Slide|p1b: Kommo-o|[spread] p1a,p1b
|-resisted|p1b: Kommo-o|1
|-damage|p1a: Glimmora|24/100
|-damage|p1b: Kommo-o|55/100
|-activate|p1a: Glimmora|ability: Toxic Debris
|-sidestart|p2: yyfsx|move: Toxic Spikes
|
|-weather|Sandstorm|[upkeep]
|upkeep
|
|t:|1785472847
|switch|p2a: Raichu|Raichu-Mega-Y, L50, M|30/100
|-status|p2a: Raichu|tox
|turn|6
|-message|yyfsx forfeited.
|
|win|marillrag1
|raw|marillrag1's rating: 1292 → 1307(+15 for winning)
|raw|yyfsx's rating: 1152 → 1137(-15 for losing)
|l|☆yyfsx
|player|p2|
