|j|☆asefutah
|j|☆MrMrvz
|html|asefutahMrMrvz    
|uhtml|bestof|Game 1 of a best-of-3
|t:|1785945914
|gametype|doubles
|player|p1|asefutah|102|1138
|player|p2|MrMrvz|ethan|1148
|gen|9
|tier|[Gen 9 Champions] VGC 2026 Reg M-B (Bo3)
|rated|
|rule|Species Clause: Limit one of each Pokémon
|rule|Item Clause: Limit 1 of each item
|clearpoke
|poke|p1|Sneasler, L50, F|
|poke|p1|Garchomp, L50, F|
|poke|p1|Raichu, L50, F|
|poke|p1|Kingambit, L50, F|
|poke|p1|Umbreon, L50, M|
|poke|p1|Sinistcha, L50|
|poke|p2|Feraligatr, L50, M, shiny|
|poke|p2|Staraptor, L50, M|
|poke|p2|Whimsicott, L50, F|
|poke|p2|Glimmora, L50, F|
|poke|p2|Delphox, L50, M|
|poke|p2|Kingambit, L50, M, shiny|
|teampreview|4
|showteam|p1|Sneasler||WhiteHerb|Unburden|FakeOut,CloseCombat,DireClaw,Protect|Jolly||F|||50|]Garchomp||ChoiceScarf|RoughSkin|RockSlide,RockTomb,StompingTantrum,DragonClaw|Adamant||F|||50|]Raichu||RaichuniteY|LightningRod|FakeOut,Protect,FocusBlast,ZapCannon|Modest||F|||50|]Kingambit||ChopleBerry|Defiant|SuckerPunch,LowKick,IronHead,SwordsDance|Adamant||F|||50|]Umbreon||SitrusBerry|InnerFocus|Roar,Yawn,Snarl,FoulPlay|Calm||M|||50|]Sinistcha||KasibBerry|Hospitality|RagePowder,Protect,MatchaGotcha,LifeDew|Sassy|||||50|
|showteam|p2|Feraligatr||LifeOrb|SheerForce|Liquidation,RockSlide,IcePunch,AquaJet|Adamant||M|||50|]Staraptor||Staraptite|Intimidate|BraveBird,CloseCombat,Roost,Protect|Jolly||M|||50|]Whimsicott||OccaBerry|Prankster|Tailwind,Moonblast,Charm,LightScreen|Timid||F|||50|]Glimmora||FocusSash|ToxicDebris|PowerGem,SludgeBomb,EarthPower,SpikyShield|Modest||F|||50|]Delphox||Delphoxite|Blaze|HeatWave,Psychic,Encore,Protect|Timid||M|||50|]Kingambit||ChopleBerry|Defiant|KowtowCleave,IronHead,LowKick,SuckerPunch|Adamant||M|||50|
|j| Agentcalyrex10
|l| Agentcalyrex10
|inactive|Battle timer is ON: inactive players will automatically lose when time's up. (requested by MrMrvz)
|
|t:|1785945980
|teamsize|p1|4
|teamsize|p2|4
|start
|switch|p1a: Raichu|Raichu, L50, F|100/100
|switch|p1b: Kingambit|Kingambit, L50, F|100/100
|switch|p2a: Whimsicott|Whimsicott, L50, F|100/100
|switch|p2b: Glimmora|Glimmora, L50, F|100/100
|turn|1
|inactive|MrMrvz has 30 seconds left.
|inactive|asefutah has 30 seconds left.
|inactive|MrMrvz has 20 seconds left.
|inactive|asefutah has 20 seconds left.
|inactive|MrMrvz has 15 seconds left.
|
|t:|1785946021
|move|p1a: Raichu|Protect|p1a: Raichu
|-singleturn|p1a: Raichu|Protect
|move|p2a: Whimsicott|Moonblast|p1a: Raichu
|-activate|p1a: Raichu|move: Protect
|move|p2b: Glimmora|Earth Power|p1b: Kingambit
|-supereffective|p1b: Kingambit|1
|-damage|p1b: Kingambit|26/100
|move|p1b: Kingambit|Iron Head|p2a: Whimsicott
|-supereffective|p2a: Whimsicott|1
|-damage|p2a: Whimsicott|3/100
|
|upkeep
|turn|2
|inactive|asefutah has 30 seconds left.
|
|t:|1785946050
|detailschange|p1a: Raichu|Raichu-Mega-Y, L50, F
|-mega|p1a: Raichu|Raichu|Raichunite Y
|move|p2a: Whimsicott|Tailwind|p2a: Whimsicott
|-sidestart|p2: MrMrvz|move: Tailwind
|move|p1b: Kingambit|Sucker Punch|p2b: Glimmora
|-damage|p2b: Glimmora|48/100
|-activate|p2b: Glimmora|ability: Toxic Debris
|-sidestart|p1: asefutah|move: Toxic Spikes
|move|p2b: Glimmora|Earth Power|p1a: Raichu
|-supereffective|p1a: Raichu|1
|-damage|p1a: Raichu|9/100
|move|p1a: Raichu|Zap Cannon|p2b: Glimmora
|-damage|p2b: Glimmora|0 fnt
|faint|p2b: Glimmora
|
|upkeep
|
|t:|1785946067
|switch|p2b: Delphox|Delphox, L50, M|100/100
|turn|3
|
|t:|1785946086
|switch|p1a: Sneasler|Sneasler, L50, F|100/100
|-sideend|p1: asefutah|move: Toxic Spikes|[of] p1a: Sneasler
|detailschange|p2b: Delphox|Delphox-Mega, L50, M
|-mega|p2b: Delphox|Delphox|Delphoxite
|move|p2a: Whimsicott|Light Screen|p2a: Whimsicott
|-sidestart|p2: MrMrvz|move: Light Screen
|move|p2b: Delphox|Heat Wave|p1a: Sneasler|[spread] p1b
|-miss|p2b: Delphox|p1a: Sneasler
|-supereffective|p1b: Kingambit|1
|-damage|p1b: Kingambit|0 fnt
|faint|p1b: Kingambit
|
|upkeep
|
|t:|1785946100
|switch|p1b: Raichu|Raichu-Mega-Y, L50, F|9/100
|turn|4
|inactive|MrMrvz has 30 seconds left.
|inactive|MrMrvz has 20 seconds left.
|
|t:|1785946138
|move|p1a: Sneasler|Fake Out|p2b: Delphox
|-damage|p2b: Delphox|79/100
|move|p1b: Raichu|Fake Out|p2a: Whimsicott
|-damage|p2a: Whimsicott|0 fnt
|faint|p2a: Whimsicott
|cant|p2b: Delphox|flinch
|
|upkeep
|
|t:|1785946145
|switch|p2a: Feraligatr|Feraligatr, L50, M, shiny|100/100
|turn|5
|
|t:|1785946160
|switch|p1b: Garchomp|Garchomp, L50, F|100/100
|move|p1a: Sneasler|Protect|p1a: Sneasler
|-singleturn|p1a: Sneasler|Protect
|move|p2a: Feraligatr|Aqua Jet|p1b: Garchomp
|-damage|p1b: Garchomp|77/100
|-damage|p2a: Feraligatr|87/100|[from] ability: Rough Skin|[of] p1b: Garchomp
|-damage|p2a: Feraligatr|78/100|[from] item: Life Orb
|move|p2b: Delphox|Psychic|p1a: Sneasler
|-activate|p1a: Sneasler|move: Protect
|
|-sideend|p2: MrMrvz|move: Tailwind
|upkeep
|turn|6
|inactive|MrMrvz has 30 seconds left.
|
|t:|1785946191
|move|p1b: Garchomp|Rock Slide|p2b: Delphox|[spread] p2a,p2b
|-supereffective|p2b: Delphox|1
|-damage|p2a: Feraligatr|59/100
|-damage|p2b: Delphox|11/100
|move|p2b: Delphox|Encore|p1a: Sneasler
|-start|p1a: Sneasler|Encore
|move|p1a: Sneasler|Protect||[still]
|-fail|p1a: Sneasler
|move|p2a: Feraligatr|Ice Punch|p1b: Garchomp
|-supereffective|p1b: Garchomp|2
|-damage|p1b: Garchomp|0 fnt
|-damage|p2a: Feraligatr|47/100|[from] ability: Rough Skin|[of] p1b: Garchomp
|faint|p1b: Garchomp
|
|upkeep
|
|t:|1785946198
|switch|p1b: Raichu|Raichu-Mega-Y, L50, F|9/100
|turn|7
|
|t:|1785946214
|move|p1a: Sneasler|Protect|p1a: Sneasler
|-singleturn|p1a: Sneasler|Protect
|move|p1b: Raichu|Fake Out|p2a: Feraligatr
|-damage|p2a: Feraligatr|39/100
|cant|p2a: Feraligatr|flinch
|move|p2b: Delphox|Psychic|p1a: Sneasler
|-activate|p1a: Sneasler|move: Protect
|
|-sideend|p2: MrMrvz|move: Light Screen
|upkeep
|turn|8
|
|t:|1785946238
|move|p1a: Sneasler|Protect||[still]
|-fail|p1a: Sneasler
|move|p1b: Raichu|Protect|p1b: Raichu
|-singleturn|p1b: Raichu|Protect
|move|p2a: Feraligatr|Aqua Jet|p1b: Raichu
|-activate|p1b: Raichu|move: Protect
|move|p2b: Delphox|Psychic|p1a: Sneasler
|-supereffective|p1a: Sneasler|2
|-damage|p1a: Sneasler|0 fnt
|faint|p1a: Sneasler
|
|upkeep
|turn|9
|
|t:|1785946251
|move|p2a: Feraligatr|Aqua Jet|p1b: Raichu
|-damage|p1b: Raichu|0 fnt
|faint|p1b: Raichu
|-damage|p2a: Feraligatr|29/100|[from] item: Life Orb
|
|win|MrMrvz
||asefutah is ready for game 2.
