|j|â˜†CandyBitee
|j|â˜†despairinglyweak
|html|CandyBiteedespairinglyweak    
|uhtml|bestof|Game 1 of a best-of-3
|t:|1786166998
|gametype|doubles
|player|p1|CandyBitee|170|1000
|player|p2|despairinglyweak|avery|1125
|gen|9
|tier|[Gen 9 Champions] VGC 2026 Reg M-B (Bo3)
|rated|
|rule|Species Clause: Limit one of each PokÃ©mon
|rule|Item Clause: Limit 1 of each item
|clearpoke
|poke|p1|Heracross, L50, F|
|poke|p1|Whimsicott, L50, M|
|poke|p1|Lycanroc-Dusk, L50, M|
|poke|p1|Milotic, L50, F|
|poke|p1|Gallade, L50, M|
|poke|p1|Raichu, L50, F|
|poke|p2|Delphox, L50, F, shiny|
|poke|p2|Blastoise, L50, M|
|poke|p2|Maushold-Four, L50|
|poke|p2|Whimsicott, L50, F|
|poke|p2|Garchomp, L50, M, shiny|
|poke|p2|Sneasler, L50, M|
|teampreview|4
|showteam|p1|Heracross||Heracronite|Swarm|PinMissile,RockBlast,CloseCombat,Protect|Adamant||F|||50|]Whimsicott||FairyFeather|Prankster|Tailwind,Encore,Moonblast,Protect|Bold||M|||50|]Lycanroc-Dusk||FocusSash|ToughClaws|Accelerock,CloseCombat,RockSlide,Protect|Jolly||M|||50|]Milotic||Leftovers|Competitive|Coil,MuddyWater,Hypnosis,Recover|Calm||F|||50|]Gallade||LifeOrb|Sharpness|WideGuard,PsychoCut,SacredSword,LeafBlade|Jolly||M|||50|]Raichu||RaichuniteY|LightningRod|FakeOut,ZapCannon,FocusBlast,Protect|Hasty||F|||50|
|showteam|p2|Delphox||Delphoxite|Magician|HeatWave,NastyPlot,Protect,Psyshock|Modest||F|||50|]Blastoise||Blastoisinite|Torrent|WaterSpout,Protect,DarkPulse,ShellSmash|Modest||M|||50|]Maushold-Four||FocusSash|FriendGuard|Feint,PopulationBomb,FollowMe,Protect|Jolly|||||50|]Whimsicott||OccaBerry|Prankster|Tailwind,Protect,Encore,Moonblast|Timid||F|||50|]Garchomp||LifeOrb|RoughSkin|Earthquake,DragonClaw,RockSlide,Protect|Adamant||M|||50|]Sneasler||WhiteHerb|Unburden|CloseCombat,FakeOut,DireClaw,Protect|Adamant||M|||50|
|c|â˜†despairinglyweak|Glhf
|
|t:|1786167081
|teamsize|p1|4
|teamsize|p2|4
|start
|switch|p1a: Milotic|Milotic, L50, F|100/100
|switch|p1b: Lycanroc|Lycanroc-Dusk, L50, M|100/100
|switch|p2a: Whimsicott|Whimsicott, L50, F|100/100
|switch|p2b: Sneasler|Sneasler, L50, M|100/100
|turn|1
|n|â˜†CandyBitee|candybitee
|c|â˜†CandyBitee|xd
|
|t:|1786167102
|move|p2b: Sneasler|Fake Out|p1a: Milotic
|-damage|p1a: Milotic|83/100
|move|p1b: Lycanroc|Accelerock|p2b: Sneasler
|-resisted|p2b: Sneasler|1
|-damage|p2b: Sneasler|81/100
|move|p2a: Whimsicott|Tailwind|p2a: Whimsicott
|-sidestart|p2: despairinglyweak|move: Tailwind
|cant|p1a: Milotic|flinch
|
|-heal|p1a: Milotic|89/100|[from] item: Leftovers
|upkeep
|turn|2
|
|t:|1786167116
|move|p2a: Whimsicott|Encore|p1b: Lycanroc
|-start|p1b: Lycanroc|Encore
|move|p1b: Lycanroc|Accelerock|p2a: Whimsicott
|-damage|p2a: Whimsicott|70/100
|move|p2b: Sneasler|Dire Claw|p1a: Milotic
|-damage|p1a: Milotic|40/100
|move|p1a: Milotic|Muddy Water|p2b: Sneasler|[spread] p2a,p2b
|-resisted|p2a: Whimsicott|1
|-damage|p2a: Whimsicott|55/100
|-damage|p2b: Sneasler|50/100g
|-unboost|p2a: Whimsicott|accuracy|1
|
|-heal|p1a: Milotic|46/100|[from] item: Leftovers
|upkeep
|turn|3
|
|t:|1786167134
|move|p1b: Lycanroc|Accelerock|p2a: Whimsicott
|-damage|p2a: Whimsicott|22/100
|move|p2b: Sneasler|Dire Claw|p1a: Milotic
|-damage|p1a: Milotic|0 fnt
|faint|p1a: Milotic
|move|p2a: Whimsicott|Moonblast|p1b: Lycanroc
|-damage|p1b: Lycanroc|46/100
|
|upkeep
|
|t:|1786167143
|switch|p1a: Raichu|Raichu, L50, F|100/100
|turn|4
|
|t:|1786167153
|detailschange|p1a: Raichu|Raichu-Mega-Y, L50, F
|-mega|p1a: Raichu|Raichu|Raichunite Y
|move|p2a: Whimsicott|Protect|p2a: Whimsicott
|-singleturn|p2a: Whimsicott|Protect
|move|p1b: Lycanroc|Accelerock|p2a: Whimsicott
|-activate|p2a: Whimsicott|move: Protect
|move|p2b: Sneasler|Close Combat|p1a: Raichu
|-damage|p1a: Raichu|0 fnt
|-unboost|p2b: Sneasler|def|1
|-unboost|p2b: Sneasler|spd|1
|faint|p1a: Raichu
|-enditem|p2b: Sneasler|White Herb
|-clearnegativeboost|p2b: Sneasler|[silent]
|
|-end|p1b: Lycanroc|Encore
|-sideend|p2: despairinglyweak|move: Tailwind
|upkeep
|
|t:|1786167168
|switch|p1a: Gallade|Gallade, L50, M|100/100
|turn|5
|
|t:|1786167178
|move|p2b: Sneasler|Close Combat|p1b: Lycanroc
|-supereffective|p1b: Lycanroc|1
|-damage|p1b: Lycanroc|0 fnt
|-unboost|p2b: Sneasler|def|1
|-unboost|p2b: Sneasler|spd|1
|faint|p1b: Lycanroc
|move|p2a: Whimsicott|Moonblast|p1a: Gallade
|-supereffective|p1a: Gallade|1
|-damage|p1a: Gallade|29/100
|move|p1a: Gallade|Sacred Sword|p2b: Sneasler
|-resisted|p2b: Sneasler|1
|-damage|p2b: Sneasler|0 fnt
|faint|p2b: Sneasler
|-damage|p1a: Gallade|20/100r|[from] item: Life Orb
|
|upkeep
|
|t:|1786167181
|switch|p2b: Delphox|Delphox, L50, F, shiny|100/100
|turn|6
|
|t:|1786167195
|detailschange|p2b: Delphox|Delphox-Mega, L50, F, shiny
|-mega|p2b: Delphox|Delphox|Delphoxite
|move|p2a: Whimsicott|Tailwind|p2a: Whimsicott
|-sidestart|p2: despairinglyweak|move: Tailwind
|move|p2b: Delphox|Psyshock|p1a: Gallade
|-damage|p1a: Gallade|0 fnt
|faint|p1a: Gallade
|
|win|despairinglyweak
||despairinglyweak is ready for game 2.
|l|â˜†CandyBitee
|player|p1|
