|j|☆andresbrx
|j|☆naovi
|html|andresbrxnaovi    
|uhtml|bestof|Game 2 of a best-of-3
|t:|1756983158
|gametype|doubles
|player|p1|andresbrx|hiker-gen4|
|player|p2|naovi|101|
|gen|9
|tier|[Gen 9] VGC 2025 Reg H (Bo3)
|rule|Species Clause: Limit one of each Pokémon
|rule|Item Clause: Limit 1 of each item
|clearpoke
|poke|p1|Gholdengo, L50|
|poke|p1|Annihilape, L50, M|
|poke|p1|Archaludon, L50, F|
|poke|p1|Maushold, L50|
|poke|p1|Talonflame, L50, F|
|poke|p1|Tyranitar, L50, M|
|poke|p2|Electabuzz, L50, M|
|poke|p2|Sneasler, L50, M|
|poke|p2|Rillaboom, L50, M|
|poke|p2|Kingambit, L50, M|
|poke|p2|Volcarona, L50, M|
|poke|p2|Dragonite, L50, M|
|teampreview|4
|showteam|p1|Gholdengo||ChoiceSpecs|GoodasGold|ShadowBall,DazzlingGleam,Trick,MakeItRain||||||50|,,,,,Fairy]Annihilape||SafetyGoggles|Defiant|Protect,BulkUp,DrainPunch,RageFist|||M|||50|,,,,,Water]Archaludon||PowerHerb|Sturdy|ElectroShot,DracoMeteor,Protect,FlashCannon|||F|||50|,,,,,Ghost]Maushold||RockyHelmet|FriendGuard|Protect,SuperFang,FollowMe,BeatUp||||||50|,,,,,Grass]Talonflame||CovertCloak|GaleWings|Taunt,Tailwind,DualWingbeat,FlareBlitz|||F|||50|,,,,,Ghost]Tyranitar||AssaultVest|SandStream|TeraBlast,LowKick,KnockOff,RockSlide|||M|||50|,,,,,Flying
|showteam|p2|Electabuzz||Eviolite|VitalSpirit|Thunderbolt,FollowMe,Taunt,Protect|||M|||50|,,,,,Ghost]Sneasler||FocusSash|Unburden|Coaching,DireClaw,Protect,CloseCombat|||M|||50|,,,,,Stellar]Rillaboom||AssaultVest|GrassySurge|HighHorsepower,GrassyGlide,WoodHammer,FakeOut|||M|||50|,,,,,Fire]Kingambit||SafetyGoggles|Defiant|KowtowCleave,SuckerPunch,SwordsDance,Protect|||M|||50|,,,,,Dark]Volcarona||CovertCloak|FlameBody|HeatWave,TeraBlast,QuiverDance,Protect|||M|||50|,,,,,Fairy]Dragonite||LoadedDice|Multiscale|ScaleShot,ExtremeSpeed,Haze,Protect|||M|||50|,,,,,Steel
|c|☆naovi|me renta para los gholdengo, incis, archas
|
|t:|1756983197
|teamsize|p1|4
|teamsize|p2|4
|start
|switch|p1a: Annihilape|Annihilape, L50, M|100/100
|switch|p1b: Talonflame|Talonflame, L50, F|100/100
|switch|p2a: Electabuzz|Electabuzz, L50, M|100/100
|switch|p2b: Volcarona|Volcarona, L50, M|100/100
|turn|1
|
|t:|1756983239
|-terastallize|p1b: Talonflame|Ghost
|-terastallize|p2b: Volcarona|Fairy
|move|p1b: Talonflame|Taunt|p2a: Electabuzz
|-start|p2a: Electabuzz|move: Taunt
|move|p1a: Annihilape|Bulk Up|p1a: Annihilape
|-boost|p1a: Annihilape|atk|1
|-boost|p1a: Annihilape|def|1
|move|p2b: Volcarona|Tera Blast|p1b: Talonflame|[anim] Tera Blast Fairy
|-damage|p1b: Talonflame|36/100
|move|p2a: Electabuzz|Thunderbolt|p1b: Talonflame
|-damage|p1b: Talonflame|0 fnt
|faint|p1b: Talonflame
|
|upkeep
|
|t:|1756983250
|switch|p1b: Tyranitar|Tyranitar, L50, M|100/100
|-weather|Sandstorm|[from] ability: Sand Stream|[of] p1b: Tyranitar
|turn|2
|c|☆andresbrx|Me sorprendería que vieras un inci
|c|☆andresbrx|y archa se lo come tu sneasler
|c|☆andresbrx|e incluso gambit
|
|t:|1756983322
|switch|p2a: Rillaboom|Rillaboom, L50, M|100/100
|-fieldstart|move: Grassy Terrain|[from] ability: Grassy Surge|[of] p2a: Rillaboom
|move|p1a: Annihilape|Bulk Up|p1a: Annihilape
|-boost|p1a: Annihilape|atk|1
|-boost|p1a: Annihilape|def|1
|move|p2b: Volcarona|Quiver Dance|p2b: Volcarona
|-boost|p2b: Volcarona|spa|1
|-boost|p2b: Volcarona|spd|1
|-boost|p2b: Volcarona|spe|1
|move|p1b: Tyranitar|Knock Off|p2a: Rillaboom
|-damage|p2a: Rillaboom|48/100
|-enditem|p2a: Rillaboom|Assault Vest|[from] move: Knock Off|[of] p1b: Tyranitar
|
|-weather|Sandstorm|[upkeep]
|-damage|p2b: Volcarona|94/100|[from] Sandstorm
|-damage|p2a: Rillaboom|42/100|[from] Sandstorm
|-heal|p2b: Volcarona|100/100|[from] Grassy Terrain
|-heal|p2a: Rillaboom|48/100|[from] Grassy Terrain
|upkeep
|turn|3
|
|t:|1756983350
|switch|p1b: Maushold|Maushold, L50|100/100
|move|p2b: Volcarona|Tera Blast|p1a: Annihilape|[anim] Tera Blast Fairy
|-supereffective|p1a: Annihilape
|-damage|p1a: Annihilape|18/100
|move|p1a: Annihilape|Drain Punch|p2a: Rillaboom
|-damage|p2a: Rillaboom|0 fnt
|-heal|p1a: Annihilape|39/100|[from] drain|[of] p2a: Rillaboom
|faint|p2a: Rillaboom
|
|-weather|Sandstorm|[upkeep]
|-damage|p2b: Volcarona|94/100|[from] Sandstorm
|-damage|p1b: Maushold|94/100|[from] Sandstorm
|-heal|p2b: Volcarona|100/100|[from] Grassy Terrain
|-heal|p1b: Maushold|100/100|[from] Grassy Terrain
|-heal|p1a: Annihilape|45/100|[from] Grassy Terrain
|upkeep
|
|t:|1756983363
|switch|p2a: Electabuzz|Electabuzz, L50, M|100/100
|turn|4
|
|t:|1756983377
|move|p1b: Maushold|Protect|p1b: Maushold
|-singleturn|p1b: Maushold|Protect
|move|p1a: Annihilape|Protect|p1a: Annihilape
|-singleturn|p1a: Annihilape|Protect
|move|p2a: Electabuzz|Follow Me|p2a: Electabuzz
|-singleturn|p2a: Electabuzz|move: Follow Me
|move|p2b: Volcarona|Heat Wave|p1b: Maushold|[spread] 
|-activate|p1a: Annihilape|move: Protect
|-activate|p1b: Maushold|move: Protect
|
|-weather|Sandstorm|[upkeep]
|-damage|p2b: Volcarona|94/100|[from] Sandstorm
|-damage|p1b: Maushold|94/100|[from] Sandstorm
|-damage|p2a: Electabuzz|95/100|[from] Sandstorm
|-heal|p2b: Volcarona|100/100|[from] Grassy Terrain
|-heal|p1b: Maushold|100/100|[from] Grassy Terrain
|-heal|p1a: Annihilape|51/100|[from] Grassy Terrain
|-heal|p2a: Electabuzz|100/100|[from] Grassy Terrain
|upkeep
|turn|5
|
|t:|1756983391
|move|p1b: Maushold|Follow Me|p1b: Maushold
|-singleturn|p1b: Maushold|move: Follow Me
|move|p2a: Electabuzz|Follow Me|p2a: Electabuzz
|-singleturn|p2a: Electabuzz|move: Follow Me
|move|p2b: Volcarona|Heat Wave|p1b: Maushold|[spread] p1a,p1b
|-damage|p1a: Annihilape|16/100
|-damage|p1b: Maushold|27/100
|move|p1a: Annihilape|Drain Punch|p2a: Electabuzz
|-damage|p2a: Electabuzz|60/100
|-heal|p1a: Annihilape|32/100|[from] drain|[of] p2a: Electabuzz
|
|-weather|Sandstorm|[upkeep]
|-damage|p2b: Volcarona|94/100|[from] Sandstorm
|-damage|p1b: Maushold|21/100|[from] Sandstorm
|-damage|p2a: Electabuzz|54/100|[from] Sandstorm
|-heal|p2b: Volcarona|100/100|[from] Grassy Terrain
|-heal|p1b: Maushold|27/100|[from] Grassy Terrain
|-heal|p1a: Annihilape|38/100|[from] Grassy Terrain
|-heal|p2a: Electabuzz|60/100|[from] Grassy Terrain
|upkeep
|turn|6
|
|t:|1756983415
|move|p1b: Maushold|Follow Me|p1b: Maushold
|-singleturn|p1b: Maushold|move: Follow Me
|move|p2a: Electabuzz|Follow Me|p2a: Electabuzz
|-singleturn|p2a: Electabuzz|move: Follow Me
|move|p2b: Volcarona|Quiver Dance|p2b: Volcarona
|-boost|p2b: Volcarona|spa|1
|-boost|p2b: Volcarona|spd|1
|-boost|p2b: Volcarona|spe|1
|move|p1a: Annihilape|Drain Punch|p2a: Electabuzz
|-damage|p2a: Electabuzz|17/100
|-heal|p1a: Annihilape|54/100|[from] drain|[of] p2a: Electabuzz
|
|-weather|none
|-heal|p1b: Maushold|33/100|[from] Grassy Terrain
|-heal|p1a: Annihilape|60/100|[from] Grassy Terrain
|-heal|p2a: Electabuzz|23/100|[from] Grassy Terrain
|-fieldend|move: Grassy Terrain
|upkeep
|turn|7
|
|t:|1756983432
|move|p1b: Maushold|Protect|p1b: Maushold
|-singleturn|p1b: Maushold|Protect
|move|p2a: Electabuzz|Follow Me|p2a: Electabuzz
|-singleturn|p2a: Electabuzz|move: Follow Me
|move|p2b: Volcarona|Heat Wave|p1a: Annihilape|[spread] p1a
|-activate|p1b: Maushold|move: Protect
|-damage|p1a: Annihilape|12/100
|move|p1a: Annihilape|Drain Punch|p2a: Electabuzz
|-damage|p2a: Electabuzz|0 fnt
|-heal|p1a: Annihilape|21/100|[from] drain|[of] p2a: Electabuzz
|faint|p2a: Electabuzz
|
|upkeep
|
|t:|1756983441
|switch|p2a: Kingambit|Kingambit, L50, M|100/100
|turn|8
|
|t:|1756983449
|switch|p1b: Tyranitar|Tyranitar, L50, M|100/100
|-weather|Sandstorm|[from] ability: Sand Stream|[of] p1b: Tyranitar
|move|p2b: Volcarona|Heat Wave|p1a: Annihilape|[spread] p1a
|-miss|p2b: Volcarona|p1b: Tyranitar
|-damage|p1a: Annihilape|0 fnt
|faint|p1a: Annihilape
|move|p2a: Kingambit|Swords Dance|p2a: Kingambit
|-boost|p2a: Kingambit|atk|2
|
|-weather|Sandstorm|[upkeep]
|-damage|p2b: Volcarona|94/100|[from] Sandstorm
|upkeep
|
|t:|1756983455
|switch|p1a: Maushold|Maushold, L50|33/100
|turn|9
|
|t:|1756983473
|move|p1a: Maushold|Protect|p1a: Maushold
|-singleturn|p1a: Maushold|Protect
|move|p2a: Kingambit|Protect|p2a: Kingambit
|-singleturn|p2a: Kingambit|Protect
|move|p2b: Volcarona|Tera Blast|p1b: Tyranitar|[anim] Tera Blast Fairy
|-supereffective|p1b: Tyranitar
|-damage|p1b: Tyranitar|46/100
|move|p1b: Tyranitar|Low Kick|p2a: Kingambit
|-activate|p2a: Kingambit|move: Protect
|
|-weather|Sandstorm|[upkeep]
|-damage|p2b: Volcarona|88/100|[from] Sandstorm
|-damage|p1a: Maushold|27/100|[from] Sandstorm
|upkeep
|turn|10
|
|t:|1756983491
|move|p1a: Maushold|Follow Me|p1a: Maushold
|-singleturn|p1a: Maushold|move: Follow Me
|move|p2a: Kingambit|Sucker Punch||[still]
|-fail|p2a: Kingambit
|move|p2b: Volcarona|Heat Wave|p1a: Maushold|[spread] p1a,p1b
|-resisted|p1b: Tyranitar
|-damage|p1a: Maushold|0 fnt
|-damage|p1b: Tyranitar|35/100
|faint|p1a: Maushold
|move|p1b: Tyranitar|Low Kick|p2a: Kingambit
|-supereffective|p2a: Kingambit
|-damage|p2a: Kingambit|0 fnt
|faint|p2a: Kingambit
|
|-weather|Sandstorm|[upkeep]
|-damage|p2b: Volcarona|82/100|[from] Sandstorm
|upkeep
|turn|11
|
|t:|1756983526
|move|p2b: Volcarona|Tera Blast|p1b: Tyranitar|[anim] Tera Blast Fairy
|-supereffective|p1b: Tyranitar
|-damage|p1b: Tyranitar|0 fnt
|faint|p1b: Tyranitar
|
|win|naovi
||andresbrx is ready for game 3.
|inactive|naovi has 30 seconds to confirm battle start!
