|j|☆gisellethelizard
|j|☆sedrav
|html|gisellethelizardsedrav    
|uhtml|bestof|Game 3 of a best-of-3
|t:|1757009913
|gametype|doubles
|player|p1|gisellethelizard|blaine|1167
|player|p2|sedrav|hilbert|1238
|gen|9
|tier|[Gen 9] VGC 2025 Reg H (Bo3)
|rated|
|rule|Species Clause: Limit one of each Pokémon
|rule|Item Clause: Limit 1 of each item
|clearpoke
|poke|p1|Ursaluna, L50, M|
|poke|p1|Torkoal, L50, F|
|poke|p1|Indeedee-F, L50, F|
|poke|p1|Hatterene, L50, F|
|poke|p1|Lilligant-Hisui, L50, F|
|poke|p1|Gallade, L50, M|
|poke|p2|Garchomp, L50, F|
|poke|p2|Talonflame, L50, F|
|poke|p2|Gholdengo, L50|
|poke|p2|Tyranitar, L50, M|
|poke|p2|Amoonguss, L50, M|
|poke|p2|Milotic, L50, M|
|teampreview|4
|showteam|p1|Ursaluna||FlameOrb|Guts|HeadlongRush,Facade,Protect,Earthquake|||M|||50|,,,,,Ground]Torkoal||ChoiceSpecs|Drought|Eruption,HeatWave,EarthPower,ClearSmog|||F|||50|,,,,,Fire]Indeedee-F||PsychicSeed|PsychicSurge|Psychic,HelpingHand,FollowMe,TrickRoom|||F|||50|,,,,,Grass]Hatterene||LifeOrb|MagicBounce|ExpandingForce,DazzlingGleam,Protect,TrickRoom|||F|||50|,,,,,Fire]Lilligant-Hisui||FocusSash|Chlorophyll|LeafBlade,CloseCombat,AfterYou,SleepPowder|||F|||50|,,,,,Ghost]Gallade||ClearAmulet|Sharpness|SacredSword,PsychoCut,WideGuard,TrickRoom|||M|||50|,,,,,Grass
|showteam|p2|Garchomp||LifeOrb|RoughSkin|DragonClaw,StompingTantrum,Earthquake,Protect|||F|||50|,,,,,Fairy]Talonflame||CovertCloak|GaleWings|BraveBird,Tailwind,WillOWisp,Taunt|||F|||50|,,,,,Grass]Gholdengo||MetalCoat|GoodasGold|MakeItRain,ShadowBall,NastyPlot,Protect||||||50|,,,,,Flying]Tyranitar||AssaultVest|SandStream|RockSlide,KnockOff,LowKick,TeraBlast|||M|||50|,,,,,Flying]Amoonguss||SitrusBerry|Regenerator|Spore,RagePowder,PollenPuff,Protect|||M|||50|,,,,,Water]Milotic||SafetyGoggles|Competitive|Scald,IcyWind,Haze,Protect|||M|||50|,,,,,Dragon
|inactive|Battle timer is ON: inactive players will automatically lose when time's up. (requested by sedrav)
|inactive|gisellethelizard has 60 seconds left.
|inactive|sedrav has 60 seconds left.
|
|t:|1757009951
|teamsize|p1|4
|teamsize|p2|4
|start
|switch|p1a: Hatterene|Hatterene, L50, F|100/100
|switch|p1b: Gallade|Gallade, L50, M|100/100
|switch|p2a: Gholdengo|Gholdengo, L50|100/100
|switch|p2b: Garchomp|Garchomp, L50, F|100/100
|turn|1
|inactive|gisellethelizard has 30 seconds left.
|inactive|sedrav has 30 seconds left.
|inactive|sedrav has 20 seconds left.
|inactive|sedrav has 15 seconds left.
|
|t:|1757009995
|-terastallize|p2a: Gholdengo|Flying
|-terastallize|p1a: Hatterene|Fire
|move|p1b: Gallade|Wide Guard|p1b: Gallade
|-singleturn|p1b: Gallade|Wide Guard
|move|p2b: Garchomp|Earthquake|p1b: Gallade|[spread] 
|-activate|p1a: Hatterene|move: Wide Guard
|-activate|p1b: Gallade|move: Wide Guard
|-immune|p2a: Gholdengo
|move|p2a: Gholdengo|Shadow Ball|p1a: Hatterene
|-damage|p1a: Hatterene|60/100
|move|p1a: Hatterene|Trick Room|p1a: Hatterene
|-fieldstart|move: Trick Room|[of] p1a: Hatterene
|
|upkeep
|turn|2
|inactive|sedrav has 30 seconds left.
|
|t:|1757010029
|switch|p1b: Indeedee|Indeedee-F, L50, F|100/100
|-fieldstart|move: Psychic Terrain|[from] ability: Psychic Surge|[of] p1b: Indeedee
|-enditem|p1b: Indeedee|Psychic Seed
|-boost|p1b: Indeedee|spd|1|[from] item: Psychic Seed
|switch|p2b: Tyranitar|Tyranitar, L50, M|100/100
|-weather|Sandstorm|[from] ability: Sand Stream|[of] p2b: Tyranitar
|move|p2a: Gholdengo|Protect|p2a: Gholdengo
|-singleturn|p2a: Gholdengo|Protect
|move|p1a: Hatterene|Expanding Force|p2a: Gholdengo|[spread] 
|-activate|p2a: Gholdengo|move: Protect
|-immune|p2b: Tyranitar
|
|-weather|Sandstorm|[upkeep]
|-damage|p1a: Hatterene|54/100|[from] Sandstorm
|-damage|p1b: Indeedee|94/100|[from] Sandstorm
|-damage|p2a: Gholdengo|95/100|[from] Sandstorm
|upkeep
|turn|3
|inactive|sedrav has 30 seconds left.
|
|t:|1757010063
|move|p1b: Indeedee|Helping Hand|p1a: Hatterene
|-singleturn|p1a: Hatterene|Helping Hand|[of] p1b: Indeedee
|move|p1a: Hatterene|Dazzling Gleam|p2b: Tyranitar|[spread] p2a,p2b
|-supereffective|p2b: Tyranitar
|-damage|p2a: Gholdengo|22/100
|-damage|p2b: Tyranitar|48/100
|-damage|p1a: Hatterene|44/100|[from] item: Life Orb
|move|p2b: Tyranitar|Rock Slide|p1b: Indeedee|[spread] p1a,p1b
|-supereffective|p1a: Hatterene
|-damage|p1a: Hatterene|0 fnt
|-damage|p1b: Indeedee|58/100
|faint|p1a: Hatterene
|move|p2a: Gholdengo|Make It Rain|p1b: Indeedee
|-crit|p1b: Indeedee
|-damage|p1b: Indeedee|0 fnt
|-unboost|p2a: Gholdengo|spa|1
|faint|p1b: Indeedee
|
|-weather|Sandstorm|[upkeep]
|-damage|p2a: Gholdengo|16/100|[from] Sandstorm
|upkeep
|
|t:|1757010086
|switch|p1a: Gallade|Gallade, L50, M|100/100
|switch|p1b: Ursaluna|Ursaluna, L50, M|100/100
|turn|4
|inactive|gisellethelizard has 30 seconds left.
|inactive|sedrav has 30 seconds left.
|inactive|sedrav has 20 seconds left.
|
|t:|1757010123
|switch|p2a: Amoonguss|Amoonguss, L50, M|100/100
|move|p1b: Ursaluna|Headlong Rush|p2b: Tyranitar
|-supereffective|p2b: Tyranitar
|-damage|p2b: Tyranitar|0 fnt
|-unboost|p1b: Ursaluna|def|1
|-unboost|p1b: Ursaluna|spd|1
|faint|p2b: Tyranitar
|move|p1a: Gallade|Psycho Cut|p2a: Amoonguss
|-supereffective|p2a: Amoonguss
|-damage|p2a: Amoonguss|0 fnt
|faint|p2a: Amoonguss
|
|-weather|Sandstorm|[upkeep]
|-damage|p1a: Gallade|95/100|[from] Sandstorm
|-status|p1b: Ursaluna|brn|[from] item: Flame Orb
|upkeep
|
|t:|1757010136
|switch|p2a: Garchomp|Garchomp, L50, F|100/100
|switch|p2b: Gholdengo|Gholdengo, L50, tera:Flying|16/100
|turn|5
|
|t:|1757010154
|move|p2b: Gholdengo|Protect|p2b: Gholdengo
|-singleturn|p2b: Gholdengo|Protect
|move|p2a: Garchomp|Protect|p2a: Garchomp
|-singleturn|p2a: Garchomp|Protect
|move|p1b: Ursaluna|Facade|p2a: Garchomp
|-activate|p2a: Garchomp|move: Protect
|move|p1a: Gallade|Psycho Cut|p2b: Gholdengo
|-activate|p2b: Gholdengo|move: Protect
|
|-weather|Sandstorm|[upkeep]
|-damage|p1a: Gallade|89/100|[from] Sandstorm
|-damage|p2b: Gholdengo|10/100|[from] Sandstorm
|-damage|p1b: Ursaluna|95/100 brn|[from] brn
|-fieldend|move: Trick Room
|upkeep
|turn|6
|inactive|gisellethelizard has 30 seconds left.
|inactive|sedrav has 30 seconds left.
|inactive|gisellethelizard has 20 seconds left.
|inactive|sedrav has 20 seconds left.
|inactive|gisellethelizard has 15 seconds left.
|inactive|sedrav has 15 seconds left.
|inactive|sedrav has 10 seconds left.
|inactive|gisellethelizard has 10 seconds left.
|
|t:|1757010205
|move|p2a: Garchomp|Dragon Claw|p1a: Gallade
|-damage|p1a: Gallade|2/100
|-damage|p2a: Garchomp|91/100|[from] item: Life Orb
|move|p2b: Gholdengo|Shadow Ball|p1a: Gallade
|-supereffective|p1a: Gallade
|-damage|p1a: Gallade|0 fnt
|faint|p1a: Gallade
|move|p1b: Ursaluna|Facade|p2a: Garchomp
|-damage|p2a: Garchomp|0 fnt
|-damage|p1b: Ursaluna|82/100 brn|[from] ability: Rough Skin|[of] p2a: Garchomp
|faint|p2a: Garchomp
|
|-weather|none
|-damage|p1b: Ursaluna|76/100 brn|[from] brn
|-fieldend|move: Psychic Terrain
|upkeep
|turn|7
|
|t:|1757010220
|move|p2b: Gholdengo|Protect|p2b: Gholdengo
|-singleturn|p2b: Gholdengo|Protect
|move|p1b: Ursaluna|Facade|p2b: Gholdengo
|-activate|p2b: Gholdengo|move: Protect
|
|-damage|p1b: Ursaluna|71/100 brn|[from] brn
|upkeep
|turn|8
|
|t:|1757010228
|move|p2b: Gholdengo|Make It Rain|p1b: Ursaluna
|-damage|p1b: Ursaluna|0 fnt
|-unboost|p2b: Gholdengo|spa|1
|faint|p1b: Ursaluna
|
|win|sedrav
|raw|gisellethelizard's rating: 1167 → 1147(-20 for losing)
|raw|sedrav's rating: 1238 → 1258(+20 for winning)
|l|☆gisellethelizard
|player|p1|
