|j|☆Swan Mobile
|j|☆ThetaB
|html|Swan MobileThetaB    
|uhtml|bestof|Game 2 of a best-of-3
|t:|1757794622
|gametype|doubles
|player|p1|Swan Mobile|roughneck-gen4|1125
|player|p2|ThetaB|palmer|1185
|gen|9
|tier|[Gen 9] VGC 2025 Reg H (Bo3)
|rated|
|rule|Species Clause: Limit one of each Pokémon
|rule|Item Clause: Limit 1 of each item
|clearpoke
|poke|p1|Typhlosion-Hisui, L50, F|
|poke|p1|Toedscruel, L50, M|
|poke|p1|Corviknight, L50, F|
|poke|p1|Weezing-Galar, L50, M|
|poke|p1|Garchomp, L50, M|
|poke|p1|Pawmot, L50, F|
|poke|p2|Arcanine-Hisui, L50, F|
|poke|p2|Whimsicott, L50, M|
|poke|p2|Sneasler, L50, M|
|poke|p2|Dragonite, L50, M|
|poke|p2|Kingambit, L50, F|
|poke|p2|Ursaluna-Bloodmoon, L50, M|
|teampreview|4
|showteam|p1|Typhlosion-Hisui||ChoiceScarf|Blaze|Eruption,ShadowBall,SleepTalk,HeatWave|||F|||50|,,,,,Fire]Toedscruel||CovertCloak|MyceliumMight|Spore,RagePowder,AcidSpray,EarthPower|||M|||50|,,,,,Water]Corviknight||SitrusBerry|MirrorArmor|Protect,BraveBird,Roost,Tailwind|||F|||50|,,,,,Dragon]Weezing-Galar||ChoiceSpecs|NeutralizingGas|DazzlingGleam,SludgeBomb,StrangeSteam,Flamethrower|||M|||50|,,,,,Fire]Garchomp||LifeOrb|RoughSkin|StompingTantrum,Earthquake,DragonClaw,Protect|||M|||50|,,,,,Steel]Pawmot||FocusSash|NaturalCure|Protect,DoubleShock,FakeOut,CloseCombat|||F|||50|,,,,,Electric
|showteam|p2|Arcanine-Hisui||SitrusBerry|Intimidate|FlareBlitz,RockSlide,Howl,Protect|||F|||50|,,,,,Grass]Whimsicott||CovertCloak|Prankster|Tailwind,Moonblast,Encore,Protect|||M|||50|,,,,,Ghost]Sneasler||FocusSash|Unburden|DireClaw,CloseCombat,FakeOut,Protect|||M|||50|,,,,,Ghost]Dragonite||ChoiceBand|InnerFocus|Outrage,StompingTantrum,ExtremeSpeed,TeraBlast|||M|||50|,,,,,Flying]Kingambit||SafetyGoggles|Defiant|KowtowCleave,SuckerPunch,SwordsDance,Protect|||F|||50|,,,,,Dark]Ursaluna-Bloodmoon||LifeOrb|MindsEye|HyperVoice,EarthPower,BloodMoon,Protect|||M|||50|,,,,,Normal
|inactive|Battle timer is ON: inactive players will automatically lose when time's up. (requested by Swan Mobile)
|inactive|Swan Mobile has 60 seconds left.
|
|t:|1757794661
|teamsize|p1|4
|teamsize|p2|4
|start
|switch|p1a: Corviknight|Corviknight, L50, F|100/100
|switch|p1b: Pawmot|Pawmot, L50, F|100/100
|switch|p2a: Whimsicott|Whimsicott, L50, M|100/100
|switch|p2b: Kingambit|Kingambit, L50, F|100/100
|turn|1
|
|t:|1757794682
|switch|p2b: Dragonite|Dragonite, L50, M|100/100
|move|p1b: Pawmot|Protect|p1b: Pawmot
|-singleturn|p1b: Pawmot|Protect
|move|p2a: Whimsicott|Tailwind|p2a: Whimsicott
|-sidestart|p2: ThetaB|move: Tailwind
|move|p1a: Corviknight|Tailwind|p1a: Corviknight
|-sidestart|p1: Swan Mobile|move: Tailwind
|
|upkeep
|turn|2
|inactive|Swan Mobile has 30 seconds left.
|inactive|Swan Mobile has 20 seconds left.
|inactive|Swan Mobile has 15 seconds left.
|inactive|Swan Mobile has 10 seconds left.
|
|t:|1757794730
|-terastallize|p1b: Pawmot|Electric
|move|p2a: Whimsicott|Encore|p1a: Corviknight
|-start|p1a: Corviknight|Encore
|move|p1b: Pawmot|Double Shock|p2b: Dragonite
|-damage|p2b: Dragonite|11/100
|-start|p1b: Pawmot|typechange|Electric|[from] move: Double Shock
|move|p2b: Dragonite|Stomping Tantrum|p1b: Pawmot
|-supereffective|p1b: Pawmot
|-enditem|p1b: Pawmot|Focus Sash
|-damage|p1b: Pawmot|1/100
|move|p1a: Corviknight|Tailwind||[still]
|-fail|p1a: Corviknight
|
|upkeep
|turn|3
|
|t:|1757794752
|switch|p2b: Kingambit|Kingambit, L50, F|100/100
|switch|p1a: Weezing|Weezing-Galar, L50, M|100/100
|-ability|p1a: Weezing|Neutralizing Gas
|move|p2a: Whimsicott|Moonblast|p1b: Pawmot
|-damage|p1b: Pawmot|0 fnt
|faint|p1b: Pawmot
|
|upkeep
|
|t:|1757794766
|switch|p1b: Garchomp|Garchomp, L50, M|100/100
|turn|4
|inactive|Swan Mobile has 30 seconds left.
|inactive|ThetaB has 30 seconds left.
|inactive|ThetaB has 20 seconds left.
|inactive|ThetaB has 15 seconds left.
|
|t:|1757794806
|move|p1b: Garchomp|Protect|p1b: Garchomp
|-singleturn|p1b: Garchomp|Protect
|move|p2b: Kingambit|Protect|p2b: Kingambit
|-singleturn|p2b: Kingambit|Protect
|move|p2a: Whimsicott|Moonblast|p1b: Garchomp
|-activate|p1b: Garchomp|move: Protect
|move|p1a: Weezing|Sludge Bomb|p2a: Whimsicott
|-supereffective|p2a: Whimsicott
|-damage|p2a: Whimsicott|0 fnt
|faint|p2a: Whimsicott
|
|-sideend|p2: ThetaB|move: Tailwind
|-sideend|p1: Swan Mobile|move: Tailwind
|upkeep
|
|t:|1757794809
|switch|p2a: Dragonite|Dragonite, L50, M|11/100
|turn|5
|inactive|Swan Mobile has 30 seconds left.
|inactive|Swan Mobile has 20 seconds left.
|inactive|ThetaB has 30 seconds left.
|inactive|Swan Mobile has 15 seconds left.
|
|t:|1757794854
|switch|p1b: Corviknight|Corviknight, L50, F|100/100
|move|p2a: Dragonite|Stomping Tantrum|p1a: Weezing
|-supereffective|p1a: Weezing
|-damage|p1a: Weezing|27/100
|move|p1a: Weezing|Sludge Bomb|p2a: Dragonite
|-damage|p2a: Dragonite|0 fnt
|faint|p2a: Dragonite
|move|p2b: Kingambit|Swords Dance|p2b: Kingambit
|-boost|p2b: Kingambit|atk|2
|
|upkeep
|
|t:|1757794857
|switch|p2a: Arcanine|Arcanine-Hisui, L50, F|100/100
|turn|6
|inactive|Swan Mobile has 30 seconds left.
|
|t:|1757794883
|-terastallize|p2b: Kingambit|Dark
|move|p2a: Arcanine|Rock Slide|p1a: Weezing|[spread] p1a
|-miss|p2a: Arcanine|p1b: Corviknight
|-damage|p1a: Weezing|3/100
|move|p1b: Corviknight|Brave Bird|p2b: Kingambit
|-damage|p2b: Kingambit|67/100
|-damage|p1b: Corviknight|90/100|[from] Recoil
|move|p1a: Weezing|Sludge Bomb|p2a: Arcanine
|-resisted|p2a: Arcanine
|-damage|p2a: Arcanine|71/100
|move|p2b: Kingambit|Kowtow Cleave|p1b: Corviknight
|-damage|p1b: Corviknight|0 fnt
|faint|p1b: Corviknight
|
|upkeep
|
|t:|1757794891
|switch|p1b: Garchomp|Garchomp, L50, M|100/100
|turn|7
|
|t:|1757794905
|move|p2b: Kingambit|Sucker Punch|p1a: Weezing
|-resisted|p1a: Weezing
|-damage|p1a: Weezing|0 fnt
|faint|p1a: Weezing
|-end|p1a: Weezing|ability: Neutralizing Gas
|-ability|p2a: Arcanine|Intimidate|boost
|-unboost|p1b: Garchomp|atk|1
|move|p1b: Garchomp|Earthquake|p2b: Kingambit|[spread] p2a,p2b
|-supereffective|p2a: Arcanine
|-damage|p2a: Arcanine|0 fnt
|-damage|p2b: Kingambit|40/100
|faint|p2a: Arcanine
|-damage|p1b: Garchomp|91/100|[from] item: Life Orb
|
|upkeep
|turn|8
|
|t:|1757794922
|move|p1b: Garchomp|Earthquake|p2b: Kingambit
|-damage|p2b: Kingambit|1/100
|-damage|p1b: Garchomp|81/100|[from] item: Life Orb
|move|p2b: Kingambit|Kowtow Cleave|p1b: Garchomp
|-damage|p1b: Garchomp|0 fnt
|-damage|p2b: Kingambit|0 fnt|[from] ability: Rough Skin|[of] p1b: Garchomp
|faint|p1b: Garchomp
|faint|p2b: Kingambit
|
|win|ThetaB
|raw|Swan Mobile's rating: 1125 → 1104(-21 for losing)
|raw|ThetaB's rating: 1185 → 1206(+21 for winning)
|l|☆Swan Mobile
|player|p1|
