|j|☆CaratroncoSun
|j|☆AzureTheTimeblind
|html|CaratroncoSunAzureTheTimeblind    
|uhtml|bestof|Game 1 of a best-of-3
|t:|1782227696
|gametype|doubles
|player|p1|CaratroncoSun|juan|1174
|player|p2|AzureTheTimeblind|2|1126
|gen|9
|tier|[Gen 9 Champions] VGC 2026 Reg M-B (Bo3)
|rated|
|rule|Species Clause: Limit one of each Pokémon
|rule|Item Clause: Limit 1 of each item
|clearpoke
|poke|p1|Overqwil, L50, M, shiny|
|poke|p1|Swampert, L50, F|
|poke|p1|Pelipper, L50, F|
|poke|p1|Metagross, L50, shiny|
|poke|p1|Sneasler, L50, M|
|poke|p1|Sinistcha-Masterpiece, L50|
|poke|p2|Metagross, L50|
|poke|p2|Floette-Eternal, L50, F|
|poke|p2|Ninetales-Alola, L50, F|
|poke|p2|Blaziken, L50, F|
|poke|p2|Milotic, L50, M|
|poke|p2|Whimsicott, L50, F|
|teampreview|4
|showteam|p1|Overqwil||LifeOrb|SwiftSwim|Protect,PoisonJab,ThroatChop,Liquidation|Adamant||M|||50|]Swampert||Swampertite|Damp|Protect,WaveCrash,HighHorsepower,IcePunch|Adamant||F|||50|]Pelipper||FocusSash|Drizzle|Protect,Tailwind,Hurricane,WeatherBall|Modest||F|||50|]Metagross||Metagrossite|ClearBody|Protect,PsychicFangs,MeteorMash,IcePunch|Jolly|||||50|]Sneasler||WhiteHerb|Unburden|Coaching,FakeOut,DireClaw,CloseCombat|Jolly||M|||50|]Sinistcha-Masterpiece||SitrusBerry|Hospitality|MatchaGotcha,TrickRoom,LifeDew,RagePowder|Bold|||||50|
|showteam|p2|Metagross||Metagrossite|ClearBody|IronHead,PsychicFangs,ThunderPunch,Protect|Adamant|||||50|]Floette-Eternal||Floettite|FlowerVeil|Moonblast,LightofRuin,DazzlingGleam,Protect|Modest||F|||50|]Ninetales-Alola||SitrusBerry|SnowWarning|Blizzard,FreezeDry,AuroraVeil,Protect|Timid||F|||50|]Blaziken||FocusSash|SpeedBoost|HeatWave,CloseCombat,Coaching,Protect|Mild||F|||50|]Milotic||Leftovers|Competitive|MuddyWater,Scald,HelpingHand,Protect|Calm||M|||50|]Whimsicott||FairyFeather|Prankster|EnergyBall,Moonblast,Tailwind,Protect|Timid||F|||50|
|
|t:|1782227753
|teamsize|p1|4
|teamsize|p2|4
|start
|switch|p1a: Swampert|Swampert, L50, F|100/100
|switch|p1b: Pelipper|Pelipper, L50, F|100/100
|switch|p2a: Metagross|Metagross, L50|100/100
|switch|p2b: Blaziken|Blaziken, L50, F|100/100
|-weather|RainDance|[from] ability: Drizzle|[of] p1b: Pelipper
|turn|1
|inactive|Battle timer is ON: inactive players will automatically lose when time's up. (requested by AzureTheTimeblind)
|
|t:|1782227779
|switch|p1b: Sneasler|Sneasler, L50, M|100/100
|detailschange|p2a: Metagross|Metagross-Mega, L50
|-mega|p2a: Metagross|Metagross|Metagrossite
|detailschange|p1a: Swampert|Swampert-Mega, L50, F
|-mega|p1a: Swampert|Swampert|Swampertite
|move|p1a: Swampert|High Horsepower|p2a: Metagross
|-supereffective|p2a: Metagross|1
|-damage|p2a: Metagross|17/100
|move|p2a: Metagross|Thunder Punch|p1b: Sneasler
|-damage|p1b: Sneasler|36/100
|-status|p1b: Sneasler|par
|move|p2b: Blaziken|Coaching|p2a: Metagross
|-boost|p2a: Metagross|atk|1
|-boost|p2a: Metagross|def|1
|
|-weather|RainDance|[upkeep]
|-ability|p2b: Blaziken|Speed Boost|boost
|-boost|p2b: Blaziken|spe|1
|upkeep
|turn|2
|inactive|CaratroncoSun has 30 seconds left.
|inactive|AzureTheTimeblind has 30 seconds left.
|
|t:|1782227810
|move|p2a: Metagross|Protect|p2a: Metagross
|-singleturn|p2a: Metagross|Protect
|move|p1a: Swampert|Wave Crash|p2a: Metagross
|-activate|p2a: Metagross|move: Protect
|move|p2b: Blaziken|Coaching|p2a: Metagross
|-boost|p2a: Metagross|atk|1
|-boost|p2a: Metagross|def|1
|move|p1b: Sneasler|Coaching|p1a: Swampert
|-boost|p1a: Swampert|atk|1
|-boost|p1a: Swampert|def|1
|
|-weather|RainDance|[upkeep]
|-ability|p2b: Blaziken|Speed Boost|boost
|-boost|p2b: Blaziken|spe|1
|upkeep
|turn|3
|inactive|AzureTheTimeblind has 30 seconds left.
|
|t:|1782227841
|switch|p2b: Ninetales|Ninetales-Alola, L50, F|100/100
|-weather|Snowscape|[from] ability: Snow Warning|[of] p2b: Ninetales
|move|p2a: Metagross|Psychic Fangs|p1a: Swampert
|-damage|p1a: Swampert|17/100
|move|p1a: Swampert|Wave Crash|p2a: Metagross
|-damage|p2a: Metagross|0 fnt
|faint|p2a: Metagross
|-damage|p1a: Swampert|12/100|[from] Recoil
|cant|p1b: Sneasler|par
|
|-weather|Snowscape|[upkeep]
|upkeep
|
|t:|1782227855
|switch|p2a: Blaziken|Blaziken, L50, F|100/100
|turn|4
|
|t:|1782227875
|switch|p2b: Whimsicott|Whimsicott, L50, F|100/100
|switch|p1b: Pelipper|Pelipper, L50, F|100/100
|-weather|RainDance|[from] ability: Drizzle|[of] p1b: Pelipper
|move|p1a: Swampert|High Horsepower|p2a: Blaziken
|-supereffective|p2a: Blaziken|1
|-enditem|p2a: Blaziken|Focus Sash
|-damage|p2a: Blaziken|1/100
|move|p2a: Blaziken|Close Combat|p1a: Swampert
|-damage|p1a: Swampert|0 fnt
|-unboost|p2a: Blaziken|def|1
|-unboost|p2a: Blaziken|spd|1
|faint|p1a: Swampert
|
|-weather|RainDance|[upkeep]
|-ability|p2a: Blaziken|Speed Boost|boost
|-boost|p2a: Blaziken|spe|1
|upkeep
|
|t:|1782227897
|switch|p1a: Sneasler|Sneasler, L50, M|36/100 par
|turn|5
|
|t:|1782227907
|move|p2a: Blaziken|Protect|p2a: Blaziken
|-singleturn|p2a: Blaziken|Protect
|move|p1a: Sneasler|Fake Out|p2b: Whimsicott
|-damage|p2b: Whimsicott|83/100
|cant|p2b: Whimsicott|flinch
|move|p1b: Pelipper|Tailwind|p1b: Pelipper
|-sidestart|p1: CaratroncoSun|move: Tailwind
|
|-weather|RainDance|[upkeep]
|-ability|p2a: Blaziken|Speed Boost|boost
|-boost|p2a: Blaziken|spe|1
|upkeep
|turn|6
|
|t:|1782227926
|move|p2b: Whimsicott|Tailwind|p2b: Whimsicott
|-sidestart|p2: AzureTheTimeblind|move: Tailwind
|move|p2a: Blaziken|Close Combat|p1a: Sneasler
|-resisted|p1a: Sneasler|1
|-damage|p1a: Sneasler|0 fnt
|-unboost|p2a: Blaziken|def|1
|-unboost|p2a: Blaziken|spd|1
|faint|p1a: Sneasler
|move|p1b: Pelipper|Weather Ball|p2a: Blaziken
|-supereffective|p2a: Blaziken|1
|-damage|p2a: Blaziken|0 fnt
|faint|p2a: Blaziken
|
|-weather|RainDance|[upkeep]
|upkeep
|
|t:|1782227938
|switch|p1a: Sinistcha|Sinistcha-Masterpiece, L50|100/100
|switch|p2a: Ninetales|Ninetales-Alola, L50, F|100/100
|-weather|Snowscape|[from] ability: Snow Warning|[of] p2a: Ninetales
|turn|7
|
|t:|1782227959
|move|p1b: Pelipper|Protect|p1b: Pelipper
|-singleturn|p1b: Pelipper|Protect
|move|p2b: Whimsicott|Moonblast|p1a: Sinistcha
|-damage|p1a: Sinistcha|67/100
|move|p2a: Ninetales|Blizzard|p1b: Pelipper|[spread] p1a
|-activate|p1b: Pelipper|move: Protect
|-supereffective|p1a: Sinistcha|1
|-damage|p1a: Sinistcha|16/100
|-enditem|p1a: Sinistcha|Sitrus Berry|[eat]
|-heal|p1a: Sinistcha|41/100|[from] item: Sitrus Berry
|move|p1a: Sinistcha|Trick Room|p1a: Sinistcha
|-fieldstart|move: Trick Room|[of] p1a: Sinistcha
|
|-weather|Snowscape|[upkeep]
|upkeep
|turn|8
|
|t:|1782227977
|move|p1a: Sinistcha|Matcha Gotcha|p2b: Whimsicott|[spread] p2a,p2b
|-resisted|p2b: Whimsicott|1
|-damage|p2a: Ninetales|75/100
|-heal|p1a: Sinistcha|54/100|[from] drain|[of] p2a: Ninetales
|-damage|p2b: Whimsicott|70/100
|-heal|p1a: Sinistcha|60/100|[from] drain|[of] p2b: Whimsicott
|move|p1b: Pelipper|Weather Ball|p2b: Whimsicott
|-supereffective|p2b: Whimsicott|1
|-damage|p2b: Whimsicott|0 fnt
|faint|p2b: Whimsicott
|move|p2a: Ninetales|Blizzard|p1b: Pelipper|[spread] p1a,p1b
|-supereffective|p1a: Sinistcha|1
|-damage|p1a: Sinistcha|6/100
|-damage|p1b: Pelipper|54/100
|
|-weather|Snowscape|[upkeep]
|-sideend|p1: CaratroncoSun|move: Tailwind
|upkeep
|turn|9
|
|t:|1782228001
|move|p1a: Sinistcha|Matcha Gotcha|p2a: Ninetales|[miss]
|-miss|p1a: Sinistcha|p2a: Ninetales
|move|p1b: Pelipper|Weather Ball|p2a: Ninetales
|-resisted|p2a: Ninetales|1
|-damage|p2a: Ninetales|58/100
|move|p2a: Ninetales|Blizzard|p1a: Sinistcha|[spread] p1a,p1b
|-supereffective|p1a: Sinistcha|1
|-damage|p1a: Sinistcha|0 fnt
|-damage|p1b: Pelipper|3/100
|faint|p1a: Sinistcha
|
|-weather|Snowscape|[upkeep]
|-sideend|p2: AzureTheTimeblind|move: Tailwind
|upkeep
|turn|10
|
|t:|1782228016
|move|p1b: Pelipper|Hurricane|p2a: Ninetales
|-damage|p2a: Ninetales|12/100
|-start|p2a: Ninetales|confusion
|-enditem|p2a: Ninetales|Sitrus Berry|[eat]
|-heal|p2a: Ninetales|37/100|[from] item: Sitrus Berry
|-activate|p2a: Ninetales|confusion
|move|p2a: Ninetales|Freeze-Dry|p1b: Pelipper
|-supereffective|p1b: Pelipper|2
|-damage|p1b: Pelipper|0 fnt
|faint|p1b: Pelipper
|
|win|AzureTheTimeblind
