|j|☆sbhaga34
|j|☆pagoose chase
|html|sbhaga34pagoose chase    
|uhtml|bestof|Game 2 of a best-of-3
|t:|1757632515
|gametype|doubles
|player|p1|sbhaga34|hugh|1165
|player|p2|pagoose chase|roxanne-gen6|1082
|gen|9
|tier|[Gen 9] VGC 2025 Reg H (Bo3)
|rated|
|rule|Species Clause: Limit one of each Pokémon
|rule|Item Clause: Limit 1 of each item
|clearpoke
|poke|p1|Indeedee-F, L50, F|
|poke|p1|Talonflame, L50, F|
|poke|p1|Tyranitar, L50, F|
|poke|p1|Excadrill, L50, M|
|poke|p1|Gardevoir, L50, F|
|poke|p1|Ursaluna-Bloodmoon, L50, M|
|poke|p2|Gliscor, L50, M|
|poke|p2|Tyranitar, L50, M|
|poke|p2|Rillaboom, L50, M|
|poke|p2|Gholdengo, L50|
|poke|p2|Electabuzz, L50, F|
|poke|p2|Annihilape, L50, F|
|teampreview|4
|showteam|p1|Indeedee-F||SafetyGoggles|PsychicSurge|FollowMe,TrickRoom,HelpingHand,Psychic|||F|||50|,,,,,Fairy]Talonflame||CovertCloak|GaleWings|Tailwind,Taunt,FlareBlitz,Uturn|||F|||50|,,,,,Grass]Tyranitar||WeaknessPolicy|SandStream|RockSlide,KnockOff,LowKick,Protect|||F|||50|,,,,,Flying]Excadrill||FocusSash|SandRush|Earthquake,IronHead,SwordsDance,Protect|||M|||50|,,,,,Ground]Gardevoir||ChoiceScarf|Telepathy|ExpandingForce,Gravity,Moonblast,IcyWind|||F|||50|,,,,,Psychic]Ursaluna-Bloodmoon||SilkScarf|MindsEye|BloodMoon,HyperVoice,EarthPower,Protect|||M|||50|,,,,,Normal
|showteam|p2|Gliscor||ToxicOrb|PoisonHeal|DualWingbeat,HighHorsepower,Tailwind,Protect|||M|||50|,,,,,Water]Tyranitar||AssaultVest|SandStream|RockSlide,KnockOff,LowKick,TeraBlast|||M|||50|,,,,,Flying]Rillaboom||MiracleSeed|GrassySurge|FakeOut,GrassyGlide,WoodHammer,Uturn|||M|||50|,,,,,Fire]Gholdengo||LifeOrb|GoodasGold|MakeItRain,ShadowBall,NastyPlot,Protect||||||50|,,,,,Water]Electabuzz||Eviolite|VitalSpirit|FollowMe,Electroweb,Taunt,Protect|||F|||50|,,,,,Ghost]Annihilape||SafetyGoggles|Defiant|RageFist,CloseCombat,Coaching,FinalGambit|||F|||50|,,,,,Fighting
|
|t:|1757632575
|teamsize|p1|4
|teamsize|p2|4
|start
|switch|p1a: Talonflame|Talonflame, L50, F|100/100
|switch|p1b: Ursaluna|Ursaluna-Bloodmoon, L50, M|100/100
|switch|p2a: Tyranitar|Tyranitar, L50, M|100/100
|switch|p2b: Annihilape|Annihilape, L50, F|100/100
|-weather|Sandstorm|[from] ability: Sand Stream|[of] p2a: Tyranitar
|turn|1
|
|t:|1757632590
|switch|p2b: Gholdengo|Gholdengo, L50|100/100
|move|p1a: Talonflame|Tailwind|p1a: Talonflame
|-sidestart|p1: sbhaga34|move: Tailwind
|move|p1b: Ursaluna|Earth Power|p2a: Tyranitar
|-supereffective|p2a: Tyranitar
|-damage|p2a: Tyranitar|58/100
|move|p2a: Tyranitar|Rock Slide|p1a: Talonflame|[spread] p1a,p1b
|-supereffective|p1a: Talonflame
|-resisted|p1b: Ursaluna
|-damage|p1a: Talonflame|0 fnt
|-damage|p1b: Ursaluna|89/100
|faint|p1a: Talonflame
|
|-weather|Sandstorm|[upkeep]
|upkeep
|
|t:|1757632603
|switch|p1a: Excadrill|Excadrill, L50, M, shiny|100/100
|turn|2
|
|t:|1757632614
|switch|p2b: Rillaboom|Rillaboom, L50, M|100/100
|-fieldstart|move: Grassy Terrain|[from] ability: Grassy Surge|[of] p2b: Rillaboom
|-terastallize|p1b: Ursaluna|Normal
|move|p1a: Excadrill|Swords Dance|p1a: Excadrill
|-boost|p1a: Excadrill|atk|2
|move|p1b: Ursaluna|Blood Moon|p2a: Tyranitar
|-resisted|p2a: Tyranitar
|-crit|p2a: Tyranitar
|-damage|p2a: Tyranitar|21/100
|move|p2a: Tyranitar|Rock Slide|p1a: Excadrill|[spread] p1a,p1b
|-resisted|p1a: Excadrill
|-damage|p1a: Excadrill|90/100
|-damage|p1b: Ursaluna|65/100
|
|-weather|Sandstorm|[upkeep]
|-damage|p1b: Ursaluna|59/100|[from] Sandstorm
|-damage|p2b: Rillaboom|95/100|[from] Sandstorm
|-heal|p1a: Excadrill|96/100|[from] Grassy Terrain
|-heal|p1b: Ursaluna|65/100|[from] Grassy Terrain
|-heal|p2b: Rillaboom|100/100|[from] Grassy Terrain
|-heal|p2a: Tyranitar|27/100|[from] Grassy Terrain
|upkeep
|turn|3
|
|t:|1757632641
|switch|p1b: Indeedee|Indeedee-F, L50, F|100/100
|-fieldstart|move: Psychic Terrain|[from] ability: Psychic Surge|[of] p1b: Indeedee
|switch|p2a: Gholdengo|Gholdengo, L50|100/100
|move|p2b: Rillaboom|Fake Out|p1a: Excadrill
|-activate|p1a: Excadrill|move: Psychic Terrain
|move|p1a: Excadrill|Iron Head|p2b: Rillaboom
|-damage|p2b: Rillaboom|25/100
|
|-weather|Sandstorm|[upkeep]
|-damage|p2b: Rillaboom|19/100|[from] Sandstorm
|upkeep
|turn|4
|
|t:|1757632673
|switch|p1b: Ursaluna|Ursaluna-Bloodmoon, L50, M, tera:Normal|65/100
|-terastallize|p2a: Gholdengo|Water
|move|p1a: Excadrill|Iron Head|p2b: Rillaboom
|-damage|p2b: Rillaboom|0 fnt
|faint|p2b: Rillaboom
|move|p2a: Gholdengo|Make It Rain|p1b: Ursaluna|[spread] p1a,p1b
|-resisted|p1a: Excadrill
|-crit|p1a: Excadrill
|-damage|p1a: Excadrill|29/100
|-damage|p1b: Ursaluna|0 fnt
|-unboost|p2a: Gholdengo|spa|1
|faint|p1b: Ursaluna
|-damage|p2a: Gholdengo|91/100|[from] item: Life Orb
|
|-weather|Sandstorm|[upkeep]
|-damage|p2a: Gholdengo|85/100|[from] Sandstorm
|-sideend|p1: sbhaga34|move: Tailwind
|upkeep
|
|t:|1757632688
|switch|p2b: Tyranitar|Tyranitar, L50, M|27/100
|switch|p1b: Indeedee|Indeedee-F, L50, F|100/100
|turn|5
|
|t:|1757632733
|move|p1b: Indeedee|Helping Hand|p1a: Excadrill
|-singleturn|p1a: Excadrill|Helping Hand|[of] p1b: Indeedee
|move|p1a: Excadrill|Earthquake|p2b: Tyranitar|[spread] p1b,p2a,p2b
|-crit|p1b: Indeedee
|-supereffective|p2b: Tyranitar
|-damage|p1b: Indeedee|0 fnt
|-damage|p2a: Gholdengo|0 fnt
|-damage|p2b: Tyranitar|0 fnt
|faint|p1b: Indeedee
|faint|p2a: Gholdengo
|faint|p2b: Tyranitar
|
|-weather|none
|upkeep
|
|t:|1757632737
|switch|p2b: Annihilape|Annihilape, L50, F|100/100
|turn|6
|
|t:|1757632744
|move|p2b: Annihilape|Close Combat|p1a: Excadrill
|-supereffective|p1a: Excadrill
|-damage|p1a: Excadrill|0 fnt
|-unboost|p2b: Annihilape|def|1
|-unboost|p2b: Annihilape|spd|1
|faint|p1a: Excadrill
|
|win|pagoose chase
||pagoose chase is ready for game 3.
||sbhaga34 is ready for game 3.
|uhtml|next|Next: Game 3 of 3
|l|☆sbhaga34
|player|p1|
