|j|☆Artere Happy
|j|☆GS Barnabe
|html|Artere HappyGS Barnabe    
|uhtml|bestof|Game 3 of a best-of-3
|t:|1785957129
|gametype|doubles
|player|p1|Artere Happy|101|1089
|player|p2|GS Barnabe|1|1192
|gen|9
|tier|[Gen 9 Champions] VGC 2026 Reg M-B (Bo3)
|rated|
|rule|Species Clause: Limit one of each Pokémon
|rule|Item Clause: Limit 1 of each item
|clearpoke
|poke|p1|Gengar, L50, F|
|poke|p1|Archaludon, L50, M|
|poke|p1|Politoed, L50, F|
|poke|p1|Swampert, L50, F|
|poke|p1|Vivillon, L50, M|
|poke|p1|Incineroar, L50, M|
|poke|p2|Clefable, L50, M|
|poke|p2|Tyranitar, L50, F|
|poke|p2|Garchomp, L50, M|
|poke|p2|Gholdengo, L50|
|poke|p2|Rotom-Wash, L50|
|poke|p2|Aerodactyl, L50, M|
|teampreview|4
|showteam|p1|Gengar||Gengarite|CursedBody|Disable,SludgeBomb,PerishSong,Protect|Modest||F|||50|]Archaludon||Leftovers|Stamina|ElectroShot,DragonPulse,FlashCannon,Protect|Bold||M|||50|]Politoed||SitrusBerry|Drizzle|WeatherBall,Encore,PerishSong,Protect|Calm||F|||50|]Swampert||Swampertite|Torrent|WaveCrash,HighHorsepower,IcePunch,Protect|Adamant||F|||50|]Vivillon||FocusSash|CompoundEyes|Hurricane,SleepPowder,RagePowder,Protect|Timid||M|||50|]Incineroar||PasshoBerry|Intimidate|ThroatChop,FakeOut,PartingShot,Protect|Impish||M|||50|
|showteam|p2|Clefable||SitrusBerry|Unaware|Moonblast,FollowMe,HealPulse,Protect|Bold||M|||50|]Tyranitar||ChoiceScarf|SandStream|RockSlide,KnockOff,IcePunch,Superpower|Jolly||F|||50|]Garchomp||Garchompite|SandVeil|DracoMeteor,EarthPower,PowerGem,Protect|Modest||M|||50|]Gholdengo||LifeOrb|GoodasGold|MakeItRain,ShadowBall,NastyPlot,Protect|Modest|||||50|]Rotom-Wash||Leftovers|Levitate|HydroPump,VoltSwitch,WillOWisp,Protect|Calm|||||50|]Aerodactyl||Aerodactylite|RockHead|RockSlide,DualWingbeat,Tailwind,Protect|Jolly||M|||50|
|
|t:|1785957154
|teamsize|p1|4
|teamsize|p2|4
|start
|switch|p1a: Incineroar|Incineroar, L50, M|100/100
|switch|p1b: Swampert|Swampert, L50, F|100/100
|switch|p2a: Gholdengo|Gholdengo, L50|100/100
|switch|p2b: Clefable|Clefable, L50, M|100/100
|-ability|p1a: Incineroar|Intimidate|boost
|-unboost|p2a: Gholdengo|atk|1
|-unboost|p2b: Clefable|atk|1
|turn|1
|inactive|Battle timer is ON: inactive players will automatically lose when time's up. (requested by GS Barnabe)
|
|t:|1785957185
|switch|p1a: Politoed|Politoed, L50, F|100/100
|-weather|RainDance|[from] ability: Drizzle|[of] p1a: Politoed
|detailschange|p1b: Swampert|Swampert-Mega, L50, F
|-mega|p1b: Swampert|Swampert|Swampertite
|move|p2a: Gholdengo|Protect|p2a: Gholdengo
|-singleturn|p2a: Gholdengo|Protect
|move|p2b: Clefable|Protect|p2b: Clefable
|-singleturn|p2b: Clefable|Protect
|move|p1b: Swampert|Wave Crash|p2a: Gholdengo
|-activate|p2a: Gholdengo|move: Protect
|
|-weather|RainDance|[upkeep]
|upkeep
|turn|2
|inactive|GS Barnabe has 30 seconds left.
|
|t:|1785957211
|move|p2b: Clefable|Follow Me|p2b: Clefable
|-singleturn|p2b: Clefable|move: Follow Me
|move|p1b: Swampert|Wave Crash|p2b: Clefable
|-damage|p2b: Clefable|0 fnt
|faint|p2b: Clefable
|-damage|p1b: Swampert|62/100|[from] Recoil
|move|p2a: Gholdengo|Nasty Plot|p2a: Gholdengo
|-boost|p2a: Gholdengo|spa|2
|move|p1a: Politoed|Encore|p2a: Gholdengo
|-immune|p2a: Gholdengo|[from] ability: Good as Gold
|
|-weather|RainDance|[upkeep]
|upkeep
|
|t:|1785957227
|switch|p2b: Tyranitar|Tyranitar, L50, F|100/100
|-weather|Sandstorm|[from] ability: Sand Stream|[of] p2b: Tyranitar
|turn|3
|
|t:|1785957251
|switch|p1a: Incineroar|Incineroar, L50, M|100/100
|-ability|p1a: Incineroar|Intimidate|boost
|-unboost|p2a: Gholdengo|atk|1
|-unboost|p2b: Tyranitar|atk|1
|move|p1b: Swampert|Protect|p1b: Swampert
|-singleturn|p1b: Swampert|Protect
|move|p2b: Tyranitar|Rock Slide|p1a: Incineroar|[spread] 
|-activate|p1b: Swampert|move: Protect
|-miss|p2b: Tyranitar|p1a: Incineroar
|move|p2a: Gholdengo|Shadow Ball|p1b: Swampert
|-activate|p1b: Swampert|move: Protect
|
|-weather|Sandstorm|[upkeep]
|-damage|p1a: Incineroar|94/100|[from] Sandstorm
|upkeep
|turn|4
|inactive|GS Barnabe has 30 seconds left.
|
|t:|1785957282
|switch|p1b: Politoed|Politoed, L50, F|100/100
|-weather|RainDance|[from] ability: Drizzle|[of] p1b: Politoed
|move|p2b: Tyranitar|Rock Slide|p1a: Incineroar|[spread] p1a
|-miss|p2b: Tyranitar|p1b: Politoed
|-supereffective|p1a: Incineroar|1
|-damage|p1a: Incineroar|61/100
|move|p2a: Gholdengo|Shadow Ball|p1b: Politoed
|-damage|p1b: Politoed|17/100
|-enditem|p1b: Politoed|Sitrus Berry|[eat]
|-heal|p1b: Politoed|42/100|[from] item: Sitrus Berry
|-damage|p2a: Gholdengo|90/100|[from] item: Life Orb
|move|p1a: Incineroar|Parting Shot|p2b: Tyranitar
|-unboost|p2b: Tyranitar|atk|1
|-unboost|p2b: Tyranitar|spa|1
|
|t:|1785957291
|switch|p1a: Archaludon|Archaludon, L50, M|100/100|[from] Parting Shot
|
|-weather|RainDance|[upkeep]
|upkeep
|turn|5
|inactive|GS Barnabe has 30 seconds left.
|
|t:|1785957318
|switch|p1b: Swampert|Swampert-Mega, L50, F|62/100
|move|p2b: Tyranitar|Rock Slide|p1b: Swampert|[spread] p1a,p1b
|-resisted|p1a: Archaludon|1
|-resisted|p1b: Swampert|1
|-damage|p1a: Archaludon|95/100
|-damage|p1b: Swampert|55/100
|-ability|p1a: Archaludon|Stamina|boost
|-boost|p1a: Archaludon|def|1
|move|p2a: Gholdengo|Shadow Ball|p1a: Archaludon
|-damage|p1a: Archaludon|0 fnt
|faint|p1a: Archaludon
|-damage|p2a: Gholdengo|80/100|[from] item: Life Orb
|
|-weather|RainDance|[upkeep]
|upkeep
|
|t:|1785957328
|switch|p1a: Incineroar|Incineroar, L50, M|61/100
|-ability|p1a: Incineroar|Intimidate|boost
|-unboost|p2a: Gholdengo|atk|1
|-unboost|p2b: Tyranitar|atk|1
|turn|6
|
|t:|1785957347
|switch|p2b: Garchomp|Garchomp, L50, M|100/100
|move|p2a: Gholdengo|Protect|p2a: Gholdengo
|-singleturn|p2a: Gholdengo|Protect
|move|p1a: Incineroar|Fake Out|p2b: Garchomp
|-damage|p2b: Garchomp|90/100
|move|p1b: Swampert|Wave Crash|p2a: Gholdengo
|-activate|p2a: Gholdengo|move: Protect
|
|-weather|RainDance|[upkeep]
|upkeep
|turn|7
|inactive|Artere Happy has 30 seconds left.
|
|t:|1785957377
|detailschange|p2b: Garchomp|Garchomp-Mega, L50, M
|-mega|p2b: Garchomp|Garchomp|Garchompite
|move|p1b: Swampert|Protect|p1b: Swampert
|-singleturn|p1b: Swampert|Protect
|move|p2b: Garchomp|Earth Power|p1a: Incineroar
|-supereffective|p1a: Incineroar|1
|-damage|p1a: Incineroar|0 fnt
|faint|p1a: Incineroar
|move|p2a: Gholdengo|Shadow Ball|p1b: Swampert
|-activate|p1b: Swampert|move: Protect
|
|-weather|RainDance|[upkeep]
|upkeep
|
|t:|1785957382
|switch|p1a: Politoed|Politoed, L50, F|42/100
|turn|8
|
|t:|1785957395
|switch|p2b: Tyranitar|Tyranitar, L50, F|100/100
|-weather|Sandstorm|[from] ability: Sand Stream|[of] p2b: Tyranitar
|move|p1b: Swampert|Ice Punch|p2b: Tyranitar
|-damage|p2b: Tyranitar|72/100
|move|p2a: Gholdengo|Shadow Ball|p1b: Swampert
|-damage|p1b: Swampert|0 fnt
|faint|p1b: Swampert
|-damage|p2a: Gholdengo|71/100|[from] item: Life Orb
|move|p1a: Politoed|Weather Ball|p2a: Gholdengo
|-resisted|p2a: Gholdengo|1
|-damage|p2a: Gholdengo|61/100
|
|-weather|Sandstorm|[upkeep]
|-damage|p1a: Politoed|36/100|[from] Sandstorm
|upkeep
|turn|9
|-message|Artere Happy forfeited.
|
|win|GS Barnabe
|raw|Artere Happy's rating: 1089 → 1072(-17 for losing)
|raw|GS Barnabe's rating: 1192 → 1210(+18 for winning)
|l|☆Artere Happy
|player|p1|
