|j|☆freudianbreath
|j|☆atmhools1
|html|freudianbreathatmhools1    
|uhtml|bestof|Game 1 of a best-of-3
|t:|1756934206
|gametype|doubles
|player|p1|freudianbreath|101|1006
|player|p2|atmhools1|265|1040
|gen|9
|tier|[Gen 9] VGC 2025 Reg H (Bo3)
|rated|
|rule|Species Clause: Limit one of each Pokémon
|rule|Item Clause: Limit 1 of each item
|clearpoke
|poke|p1|Incineroar, L50, F|
|poke|p1|Rillaboom, L50, M|
|poke|p1|Palafin, L50, M|
|poke|p1|Pelipper, L50, M|
|poke|p1|Blastoise, L50, F|
|poke|p1|Amoonguss, L50, F|
|poke|p2|Torkoal, L50, M|
|poke|p2|Indeedee-F, L50, F|
|poke|p2|Annihilape, L50, M|
|poke|p2|Amoonguss, L50, M|
|poke|p2|Ursaluna, L50, M|
|poke|p2|Rillaboom, L50, M|
|teampreview|4
|showteam|p1|Incineroar||SafetyGoggles|Intimidate|FakeOut,KnockOff,WillOWisp,FlareBlitz|||F|||50|,,,,,Ghost]Rillaboom||AssaultVest|GrassySurge|WoodHammer,GrassyGlide,FakeOut,Uturn|||M|||50|,,,,,Fire]Palafin||Leftovers|ZerotoHero|BulkUp,JetPunch,DrainPunch,Protect|||M|||50|,,,,,Grass]Pelipper||FocusSash|Drizzle|Hurricane,WeatherBall,Tailwind,Protect|||M|||50|,,,,,Stellar]Blastoise||WhiteHerb|Torrent|FakeOut,ShellSmash,WaterSpout,IceBeam|||F|||50|,,,,,Grass]Amoonguss||RockyHelmet|Regenerator|PollenPuff,Spore,RagePowder,Protect|||F|||50|,,,,,Fairy
|showteam|p2|Torkoal||Charcoal|Drought|Eruption,EarthPower,Flamethrower,Protect|||M|||50|,,,,,Grass]Indeedee-F||PsychicSeed|PsychicSurge|DazzlingGleam,HelpingHand,TrickRoom,FollowMe|||F|||50|,,,,,Flying]Annihilape||SafetyGoggles|Defiant|RageFist,DrainPunch,BulkUp,Protect|||M|||50|,,,,,Fairy]Amoonguss||MentalHerb|Regenerator|PollenPuff,Spore,RagePowder,ClearSmog|||M|||50|,,,,,Dark]Ursaluna||FlameOrb|Guts|Facade,HeadlongRush,BulkUp,Protect|||M|||50|,,,,,Ghost]Rillaboom||AssaultVest|GrassySurge|WoodHammer,GrassyGlide,Uturn,FakeOut|||M|||50|,,,,,Fire
|inactive|Battle timer is ON: inactive players will automatically lose when time's up. (requested by atmhools1)
|inactive|freudianbreath has 60 seconds left.
|inactive|freudianbreath has 30 seconds left.
|inactive|freudianbreath has 20 seconds left.
|
|t:|1756934286
|teamsize|p1|4
|teamsize|p2|4
|start
|switch|p1a: Rillaboom|Rillaboom, L50, M|100/100
|switch|p1b: Blastoise|Blastoise, L50, F|100/100
|switch|p2a: Annihilape|Annihilape, L50, M|100/100
|switch|p2b: Amoonguss|Amoonguss, L50, M|100/100
|-fieldstart|move: Grassy Terrain|[from] ability: Grassy Surge|[of] p1a: Rillaboom
|turn|1
|inactive|freudianbreath has 30 seconds left.
|inactive|freudianbreath has 20 seconds left.
|
|t:|1756934326
|switch|p2a: Indeedee|Indeedee-F, L50, F|100/100
|-fieldstart|move: Psychic Terrain|[from] ability: Psychic Surge|[of] p2a: Indeedee
|-enditem|p2a: Indeedee|Psychic Seed
|-boost|p2a: Indeedee|spd|1|[from] item: Psychic Seed
|-terastallize|p1b: Blastoise|Grass
|move|p1b: Blastoise|Shell Smash|p1b: Blastoise
|-unboost|p1b: Blastoise|def|1
|-unboost|p1b: Blastoise|spd|1
|-boost|p1b: Blastoise|atk|2
|-boost|p1b: Blastoise|spa|2
|-boost|p1b: Blastoise|spe|2
|-enditem|p1b: Blastoise|White Herb
|-clearnegativeboost|p1b: Blastoise|[silent]
|move|p1a: Rillaboom|U-turn|p2b: Amoonguss
|-damage|p2b: Amoonguss|78/100
|
|t:|1756934343
|switch|p1a: Palafin|Palafin, L50, M|100/100|[from] U-turn
|move|p2b: Amoonguss|Clear Smog|p1b: Blastoise
|-supereffective|p1b: Blastoise
|-damage|p1b: Blastoise|68/100
|-clearboost|p1b: Blastoise
|
|upkeep
|turn|2
|
|t:|1756934363
|detailschange|p1a: Palafin|Palafin-Hero, L50, M
|switch|p1a: Pelipper|Pelipper, L50, M|100/100
|-weather|RainDance|[from] ability: Drizzle|[of] p1a: Pelipper
|switch|p2b: Torkoal|Torkoal, L50, M|100/100
|-weather|SunnyDay|[from] ability: Drought|[of] p2b: Torkoal
|move|p1b: Blastoise|Water Spout|p2a: Indeedee|[spread] p2a,p2b
|-supereffective|p2b: Torkoal
|-damage|p2a: Indeedee|91/100
|-damage|p2b: Torkoal|61/100
|move|p2a: Indeedee|Trick Room|p2a: Indeedee
|-fieldstart|move: Trick Room|[of] p2a: Indeedee
|
|-weather|SunnyDay|[upkeep]
|upkeep
|turn|3
|inactive|freudianbreath has 30 seconds left.
|inactive|freudianbreath has 20 seconds left.
|inactive|freudianbreath has 15 seconds left.
|inactive|freudianbreath has 10 seconds left.
|
|t:|1756934411
|move|p2b: Torkoal|Flamethrower|p1b: Blastoise
|-supereffective|p1b: Blastoise
|-damage|p1b: Blastoise|0 fnt
|faint|p1b: Blastoise
|move|p2a: Indeedee|Dazzling Gleam|p1a: Pelipper
|-damage|p1a: Pelipper|71/100
|move|p1a: Pelipper|Hurricane|p2a: Indeedee|[miss]
|-miss|p1a: Pelipper|p2a: Indeedee
|
|-weather|SunnyDay|[upkeep]
|upkeep
|
|t:|1756934425
|switch|p1b: Palafin|Palafin-Hero, L50, M|100/100
|-activate|p1b: Palafin|ability: Zero to Hero
|turn|4
|inactive|freudianbreath has 30 seconds left.
|
|t:|1756934456
|move|p1a: Pelipper|Protect|p1a: Pelipper
|-singleturn|p1a: Pelipper|Protect
|move|p2a: Indeedee|Follow Me|p2a: Indeedee
|-singleturn|p2a: Indeedee|move: Follow Me
|move|p2b: Torkoal|Flamethrower|p1a: Pelipper
|-activate|p1a: Pelipper|move: Protect
|move|p1b: Palafin|Bulk Up|p1b: Palafin
|-boost|p1b: Palafin|atk|1
|-boost|p1b: Palafin|def|1
|
|-weather|SunnyDay|[upkeep]
|upkeep
|turn|5
|inactive|freudianbreath has 30 seconds left.
|inactive|freudianbreath has 20 seconds left.
|
|t:|1756934495
|move|p2a: Indeedee|Helping Hand|p2b: Torkoal
|-singleturn|p2b: Torkoal|Helping Hand|[of] p2a: Indeedee
|move|p2b: Torkoal|Flamethrower|p1b: Palafin
|-resisted|p1b: Palafin
|-damage|p1b: Palafin|64/100
|move|p1a: Pelipper|Hurricane|p2b: Torkoal|[miss]
|-miss|p1a: Pelipper|p2b: Torkoal
|move|p1b: Palafin|Drain Punch|p2b: Torkoal
|-damage|p2b: Torkoal|23/100
|-heal|p1b: Palafin|79/100|[from] drain|[of] p2b: Torkoal
|
|-weather|SunnyDay|[upkeep]
|-heal|p1b: Palafin|85/100|[from] item: Leftovers
|-fieldend|move: Psychic Terrain
|upkeep
|turn|6
|inactive|freudianbreath has 30 seconds left.
|
|t:|1756934530
|switch|p2a: Annihilape|Annihilape, L50, M|100/100
|move|p1a: Pelipper|Protect|p1a: Pelipper
|-singleturn|p1a: Pelipper|Protect
|move|p1b: Palafin|Protect|p1b: Palafin
|-singleturn|p1b: Palafin|Protect
|move|p2b: Torkoal|Flamethrower|p1a: Pelipper
|-activate|p1a: Pelipper|move: Protect
|
|-weather|none
|-heal|p1b: Palafin|90/100|[from] item: Leftovers
|-fieldend|move: Trick Room
|upkeep
|turn|7
|
|t:|1756934555
|switch|p2b: Amoonguss|Amoonguss, L50, M|100/100
|-terastallize|p2a: Annihilape|Fairy
|move|p2a: Annihilape|Bulk Up|p2a: Annihilape
|-boost|p2a: Annihilape|atk|1
|-boost|p2a: Annihilape|def|1
|move|p1b: Palafin|Drain Punch|p2b: Amoonguss
|-resisted|p2b: Amoonguss
|-damage|p2b: Amoonguss|82/100
|-heal|p1b: Palafin|99/100|[from] drain|[of] p2b: Amoonguss
|move|p1a: Pelipper|Hurricane|p2a: Annihilape
|-damage|p2a: Annihilape|45/100
|
|-heal|p1b: Palafin|100/100|[from] item: Leftovers
|upkeep
|turn|8
|inactive|freudianbreath has 30 seconds left.
|inactive|freudianbreath has 20 seconds left.
|inactive|freudianbreath has 15 seconds left.
|
|t:|1756934599
|move|p1b: Palafin|Protect|p1b: Palafin
|-singleturn|p1b: Palafin|Protect
|move|p2b: Amoonguss|Rage Powder|p2b: Amoonguss
|-singleturn|p2b: Amoonguss|move: Rage Powder
|move|p2a: Annihilape|Rage Fist|p1b: Palafin
|-activate|p1b: Palafin|move: Protect
|move|p1a: Pelipper|Hurricane|p2b: Amoonguss
|-supereffective|p2b: Amoonguss
|-damage|p2b: Amoonguss|10/100
|
|upkeep
|turn|9
|inactive|freudianbreath has 30 seconds left.
|inactive|freudianbreath has 20 seconds left.
|inactive|freudianbreath has 15 seconds left.
|inactive|freudianbreath has 10 seconds left.
|inactive|freudianbreath has 5 seconds left.
|
|t:|1756934650
|switch|p2b: Indeedee|Indeedee-F, L50, F|91/100
|-fieldstart|move: Psychic Terrain|[from] ability: Psychic Surge|[of] p2b: Indeedee
|move|p2a: Annihilape|Rage Fist|p1b: Palafin
|-damage|p1b: Palafin|63/100
|move|p1b: Palafin|Drain Punch|p2b: Indeedee
|-damage|p2b: Indeedee|42/100
|-heal|p1b: Palafin|83/100|[from] drain|[of] p2b: Indeedee
|move|p1a: Pelipper|Hurricane|p2a: Annihilape|[miss]
|-miss|p1a: Pelipper|p2a: Annihilape
|
|-heal|p1b: Palafin|88/100|[from] item: Leftovers
|upkeep
|turn|10
|inactive|freudianbreath has 30 seconds left.
|
|t:|1756934684
|move|p2b: Indeedee|Follow Me|p2b: Indeedee
|-singleturn|p2b: Indeedee|move: Follow Me
|move|p2a: Annihilape|Drain Punch|p1a: Pelipper
|-resisted|p1a: Pelipper
|-damage|p1a: Pelipper|38/100
|-heal|p2a: Annihilape|58/100|[from] drain|[of] p1a: Pelipper
|move|p1b: Palafin|Drain Punch|p2b: Indeedee
|-damage|p2b: Indeedee|0 fnt
|-heal|p1b: Palafin|100/100|[from] drain|[of] p2b: Indeedee
|faint|p2b: Indeedee
|move|p1a: Pelipper|Hurricane|p2a: Annihilape
|-damage|p2a: Annihilape|7/100
|
|upkeep
|
|t:|1756934694
|switch|p2b: Amoonguss|Amoonguss, L50, M|44/100
|turn|11
|inactive|freudianbreath has 30 seconds left.
|inactive|freudianbreath has 20 seconds left.
|inactive|freudianbreath has 15 seconds left.
|inactive|freudianbreath has 10 seconds left.
|
|t:|1756934740
|move|p2a: Annihilape|Protect|p2a: Annihilape
|-singleturn|p2a: Annihilape|Protect
|move|p1b: Palafin|Protect|p1b: Palafin
|-singleturn|p1b: Palafin|Protect
|move|p1a: Pelipper|Protect|p1a: Pelipper
|-singleturn|p1a: Pelipper|Protect
|move|p2b: Amoonguss|Spore|p1a: Pelipper
|-activate|p1a: Pelipper|move: Protect
|
|upkeep
|turn|12
|inactive|freudianbreath has 20 seconds left this turn.
|inactive|freudianbreath has 15 seconds left.
|inactive|freudianbreath has 10 seconds left.
|inactive|freudianbreath has 5 seconds left.
|inactive|atmhools1 has 30 seconds left.
|
|t:|1756934766
|move|p2b: Amoonguss|Rage Powder|p2b: Amoonguss
|-singleturn|p2b: Amoonguss|move: Rage Powder
|move|p1b: Palafin|Jet Punch|p2b: Amoonguss
|-activate|p2b: Amoonguss|move: Psychic Terrain
|move|p2a: Annihilape|Rage Fist|p1a: Pelipper
|-damage|p1a: Pelipper|0 fnt
|faint|p1a: Pelipper
|
|upkeep
|inactive|freudianbreath has 5 seconds left this turn.
|
|t:|1756934768
|switch|p1a: Rillaboom|Rillaboom, L50, M|100/100
|-fieldstart|move: Grassy Terrain|[from] ability: Grassy Surge|[of] p1a: Rillaboom
|turn|13
|inactive|freudianbreath has 5 seconds left this turn.
|
|t:|1756934780
|switch|p2b: Torkoal|Torkoal, L50, M|23/100
|-weather|SunnyDay|[from] ability: Drought|[of] p2b: Torkoal
|move|p2a: Annihilape|Protect|p2a: Annihilape
|-singleturn|p2a: Annihilape|Protect
|move|p1a: Rillaboom|Fake Out|p2a: Annihilape
|-activate|p2a: Annihilape|move: Protect
|move|p1b: Palafin|Jet Punch|p2b: Torkoal
|-supereffective|p2b: Torkoal
|-damage|p2b: Torkoal|0 fnt
|faint|p2b: Torkoal
|
|-weather|SunnyDay|[upkeep]
|-heal|p2a: Annihilape|13/100|[from] Grassy Terrain
|upkeep
|
|t:|1756934789
|switch|p2b: Amoonguss|Amoonguss, L50, M|77/100
|turn|14
|inactive|freudianbreath has 5 seconds left this turn.
|
|t:|1756934797
|move|p2b: Amoonguss|Rage Powder|p2b: Amoonguss
|-singleturn|p2b: Amoonguss|move: Rage Powder
|move|p1b: Palafin|Jet Punch|p2b: Amoonguss
|-resisted|p2b: Amoonguss
|-damage|p2b: Amoonguss|66/100
|move|p1a: Rillaboom|Grassy Glide|p2a: Annihilape
|-damage|p2a: Annihilape|0 fnt
|faint|p2a: Annihilape
|
|-weather|SunnyDay|[upkeep]
|-heal|p2b: Amoonguss|72/100|[from] Grassy Terrain
|upkeep
|turn|15
|inactive|freudianbreath has 5 seconds left this turn.
|l|☆atmhools1
|inactive|atmhools1 disconnected and has a minute to reconnect!
|player|p2|
|inactive|atmhools1 has 30 seconds left.
|inactive|atmhools1 has 20 seconds left.
|inactive|atmhools1 has 15 seconds left.
|inactive|atmhools1 has 10 seconds left.
|inactive|atmhools1 has 5 seconds left.
|-message|atmhools1 lost due to inactivity.
|
|win|freudianbreath
||freudianbreath is ready for game 2.
|inactive|atmhools1 has 5 seconds to reconnect!
|raw|freudianbreath's rating: 1006 → 1049(+43 for winning)
|raw|atmhools1's rating: 1040 → 1022(-18 for losing)
