|j|☆Quill86
|j|☆lucianssss
|html|Quill86lucianssss    
|uhtml|bestof|Game 1 of a best-of-3
|t:|1756436336
|gametype|doubles
|player|p1|Quill86|lucas|1254
|player|p2|lucianssss|gentleman-gen4|1201
|gen|9
|tier|[Gen 9] VGC 2025 Reg H (Bo3)
|rated|
|rule|Species Clause: Limit one of each Pokémon
|rule|Item Clause: Limit 1 of each item
|clearpoke
|poke|p1|Indeedee-F, L50, F|
|poke|p1|Gallade, L50, M|
|poke|p1|Torkoal, L50, F|
|poke|p1|Ursaluna, L50, M|
|poke|p1|Hatterene, L50, F|
|poke|p1|Smeargle, L50, M|
|poke|p2|Hatterene, L50, F|
|poke|p2|Indeedee-F, L50, F|
|poke|p2|Ursaluna, L50, M|
|poke|p2|Gallade, L50, M|
|poke|p2|Torkoal, L50, M|
|poke|p2|Lilligant-Hisui, L50, F|
|teampreview|4
|showteam|p1|Indeedee-F||PsychicSeed|PsychicSurge|FollowMe,TrickRoom,HelpingHand,DazzlingGleam|||F|||50|,,,,,Fairy]Gallade||ClearAmulet|Sharpness|SacredSword,PsychoCut,WideGuard,TrickRoom|||M|||50|,,,,,Grass]Torkoal||ChoiceSpecs|Drought|Eruption,WeatherBall,EarthPower,HeatWave|||F|||50|,,,,,Fire]Ursaluna||FlameOrb|Guts|Protect,HeadlongRush,Facade,Earthquake|||M|||50|,,,,,Ghost]Hatterene||LifeOrb|MagicBounce|DazzlingGleam,ExpandingForce,MysticalFire,TrickRoom|||F|||50|,,,,,Fire]Smeargle||FocusSash|Moody|FakeOut,Spore,Decorate,FollowMe|||M|||50|,,,,,Ghost
|showteam|p2|Hatterene||LifeOrb|MagicBounce|ExpandingForce,MysticalFire,DazzlingGleam,TrickRoom|||F|||50|,,,,,Fire]Indeedee-F||SafetyGoggles|PsychicSurge|AlluringVoice,HelpingHand,FollowMe,TrickRoom|||F|||50|,,,,,Fairy]Ursaluna||FlameOrb|Guts|Protect,Facade,HeadlongRush,Earthquake|||M|||50|,,,,,Normal]Gallade||ClearAmulet|Sharpness|Protect,PsychoCut,SacredSword,NightSlash|||M|||50|,,,,,Stellar]Torkoal||ChoiceSpecs|Drought|Eruption,HeatWave,EarthPower,WeatherBall|||M|||50|,,,,,Fire]Lilligant-Hisui||FocusSash|Chlorophyll|Protect,LeafBlade,CloseCombat,SleepPowder|||F|||50|,,,,,Water
|
|t:|1756436357
|teamsize|p1|4
|teamsize|p2|4
|start
|switch|p1a: Smeargle|Smeargle, L50, M|100/100
|switch|p1b: Hatterene|Hatterene, L50, F|100/100
|switch|p2a: Hatterene|Hatterene, L50, F|100/100
|switch|p2b: Indeedee|Indeedee-F, L50, F|100/100
|-fieldstart|move: Psychic Terrain|[from] ability: Psychic Surge|[of] p2b: Indeedee
|turn|1
|inactive|Battle timer is ON: inactive players will automatically lose when time's up. (requested by Quill86)
|inactive|Quill86 has 60 seconds left.
|
|t:|1756436388
|move|p2b: Indeedee|Helping Hand|p2a: Hatterene
|-singleturn|p2a: Hatterene|Helping Hand|[of] p2b: Indeedee
|move|p1a: Smeargle|Follow Me|p1a: Smeargle
|-singleturn|p1a: Smeargle|move: Follow Me
|move|p2a: Hatterene|Expanding Force|p1b: Hatterene|[spread] p1a,p1b
|-resisted|p1b: Hatterene
|-enditem|p1a: Smeargle|Focus Sash
|-damage|p1a: Smeargle|1/100
|-damage|p1b: Hatterene|35/100
|-damage|p2a: Hatterene|91/100|[from] item: Life Orb
|move|p1b: Hatterene|Trick Room|p1b: Hatterene
|-fieldstart|move: Trick Room|[of] p1b: Hatterene
|
|-ability|p1a: Smeargle|Moody|boost
|-boost|p1a: Smeargle|spd|2
|-unboost|p1a: Smeargle|spe|1
|upkeep
|turn|2
|
|t:|1756436413
|move|p2b: Indeedee|Helping Hand|p2a: Hatterene
|-singleturn|p2a: Hatterene|Helping Hand|[of] p2b: Indeedee
|move|p1b: Hatterene|Expanding Force|p2b: Indeedee|[spread] p2a,p2b
|-resisted|p2a: Hatterene
|-resisted|p2b: Indeedee
|-damage|p2a: Hatterene|43/100
|-damage|p2b: Indeedee|59/100
|-damage|p1b: Hatterene|25/100|[from] item: Life Orb
|move|p2a: Hatterene|Expanding Force|p1a: Smeargle|[spread] p1a,p1b
|-resisted|p1b: Hatterene
|-damage|p1a: Smeargle|0 fnt
|-damage|p1b: Hatterene|0 fnt
|faint|p1a: Smeargle
|faint|p1b: Hatterene
|-damage|p2a: Hatterene|33/100|[from] item: Life Orb
|
|upkeep
|
|t:|1756436419
|switch|p1b: Gallade|Gallade, L50, M|100/100
|switch|p1a: Torkoal|Torkoal, L50, F|100/100
|-weather|SunnyDay|[from] ability: Drought|[of] p1a: Torkoal
|turn|3
|inactive|lucianssss has 30 seconds left.
|
|t:|1756436449
|move|p2b: Indeedee|Helping Hand|p2a: Hatterene
|-singleturn|p2a: Hatterene|Helping Hand|[of] p2b: Indeedee
|move|p1a: Torkoal|Eruption|p2a: Hatterene|[spread] p2a,p2b
|-damage|p2a: Hatterene|0 fnt
|-damage|p2b: Indeedee|0 fnt
|faint|p2a: Hatterene
|faint|p2b: Indeedee
|move|p1b: Gallade|Sacred Sword|p2: Hatterene|[notarget]
|-fail|p1b: Gallade
|
|-weather|SunnyDay|[upkeep]
|upkeep
|
|t:|1756436458
|switch|p2a: Ursaluna|Ursaluna, L50, M|100/100
|switch|p2b: Gallade|Gallade, L50, M|100/100
|turn|4
|
|t:|1756436480
|-terastallize|p1b: Gallade|Grass
|move|p2b: Gallade|Protect|p2b: Gallade
|-singleturn|p2b: Gallade|Protect
|move|p1a: Torkoal|Eruption|p2a: Ursaluna|[spread] p2a
|-activate|p2b: Gallade|move: Protect
|-damage|p2a: Ursaluna|7/100
|move|p2a: Ursaluna|Headlong Rush|p1a: Torkoal
|-supereffective|p1a: Torkoal
|-damage|p1a: Torkoal|9/100
|-unboost|p2a: Ursaluna|def|1
|-unboost|p2a: Ursaluna|spd|1
|move|p1b: Gallade|Sacred Sword|p2a: Ursaluna
|-supereffective|p2a: Ursaluna
|-damage|p2a: Ursaluna|0 fnt
|faint|p2a: Ursaluna
|
|-weather|SunnyDay|[upkeep]
|upkeep
|turn|5
|-message|lucianssss forfeited.
|
|win|Quill86
|l|☆lucianssss
|player|p2|
||Quill86 is ready for game 2.
||lucianssss is ready for game 2.
|uhtml|next|Next: Game 2 of 3
