|j|☆psychic system
|j|☆plouifasol
|html|psychic systemplouifasol    
|uhtml|bestof|Game 2 of a best-of-3
|t:|1756907944
|gametype|doubles
|player|p1|psychic system|lucas|1190
|player|p2|plouifasol|hiker-gen4|1134
|gen|9
|tier|[Gen 9] VGC 2025 Reg H (Bo3)
|rated|
|rule|Species Clause: Limit one of each Pokémon
|rule|Item Clause: Limit 1 of each item
|clearpoke
|poke|p1|Rillaboom, L50, F|
|poke|p1|Florges, L50, F|
|poke|p1|Amoonguss, L50, F|
|poke|p1|Kingambit, L50, F|
|poke|p1|Incineroar, L50, F|
|poke|p1|Pelipper, L50, M|
|poke|p2|Archaludon, L50, F|
|poke|p2|Pelipper, L50, M|
|poke|p2|Basculegion, L50, M|
|poke|p2|Amoonguss, L50, M|
|poke|p2|Gholdengo, L50|
|poke|p2|Incineroar, L50, M|
|teampreview|4
|showteam|p1|Rillaboom||AssaultVest|GrassySurge|FakeOut,GrassyGlide,DrumBeating,Uturn|||F|||50|,,,,,Fire]Florges||Leftovers|FlowerVeil|Moonblast,DazzlingGleam,CalmMind,Protect|||F|||50|,,,,,Poison]Amoonguss||SitrusBerry|Regenerator|ClearSmog,Spore,PollenPuff,RagePowder|||F|||50|,,,,,Water]Kingambit||BlackGlasses|Defiant|Protect,KowtowCleave,SuckerPunch,SwordsDance|||F|||50|,,,,,Ghost]Incineroar||SafetyGoggles|Intimidate|FakeOut,KnockOff,FlareBlitz,PartingShot|||F|||50|,,,,,Ghost]Pelipper||ChoiceScarf|Drizzle|MuddyWater,Hurricane,IcyWind,WeatherBall|||M|||50|,,,,,Water
|showteam|p2|Archaludon||AssaultVest|Stamina|DragonPulse,ElectroShot,FlashCannon,BodyPress|||F|||50|,,,,,Bug]Pelipper||FocusSash|Drizzle|WeatherBall,Hurricane,Tailwind,Protect|||M|||50|,,,,,Ground]Basculegion||ChoiceBand|SwiftSwim|WaveCrash,LastRespects,AquaJet,FlipTurn|||M|||50|,,,,,Water]Amoonguss||SitrusBerry|Regenerator|PollenPuff,Spore,RagePowder,Protect|||M|||50|,,,,,Fairy]Gholdengo||LifeOrb|GoodasGold|MakeItRain,ShadowBall,NastyPlot,Protect||||||50|,,,,,Water]Incineroar||RockyHelmet|Intimidate|KnockOff,FlareBlitz,PartingShot,FakeOut|||M|||50|,,,,,Ghost
|inactive|Battle timer is ON: inactive players will automatically lose when time's up. (requested by psychic system)
|
|t:|1756907962
|teamsize|p1|4
|teamsize|p2|4
|start
|switch|p1a: Rillaboom|Rillaboom, L50, F|100/100
|switch|p1b: Florges|Florges, L50, F|100/100
|switch|p2a: Pelipper|Pelipper, L50, M|100/100
|switch|p2b: Basculegion|Basculegion, L50, M|100/100
|-weather|RainDance|[from] ability: Drizzle|[of] p2a: Pelipper
|-fieldstart|move: Grassy Terrain|[from] ability: Grassy Surge|[of] p1a: Rillaboom
|turn|1
|
|t:|1756907980
|switch|p2b: Archaludon|Archaludon, L50, F|100/100
|move|p2a: Pelipper|Hurricane|p1a: Rillaboom
|-supereffective|p1a: Rillaboom
|-damage|p1a: Rillaboom|43/100
|move|p1a: Rillaboom|Drum Beating|p2a: Pelipper
|-damage|p2a: Pelipper|34/100
|-unboost|p2a: Pelipper|spe|1
|move|p1b: Florges|Dazzling Gleam|p2b: Archaludon|[spread] p2a,p2b
|-damage|p2a: Pelipper|0 fnt
|-damage|p2b: Archaludon|82/100
|-ability|p2b: Archaludon|Stamina|boost
|-boost|p2b: Archaludon|def|1
|faint|p2a: Pelipper
|
|-weather|RainDance|[upkeep]
|-heal|p2b: Archaludon|88/100|[from] Grassy Terrain
|-heal|p1a: Rillaboom|48/100|[from] Grassy Terrain
|upkeep
|
|t:|1756907993
|switch|p2a: Amoonguss|Amoonguss, L50, M|100/100
|turn|2
|
|t:|1756908017
|switch|p1b: Amoonguss|Amoonguss, L50, F|100/100
|move|p2b: Archaludon|Electro Shot||[still]
|-prepare|p2b: Archaludon|Electro Shot
|-boost|p2b: Archaludon|spa|1
|-anim|p2b: Archaludon|Electro Shot|p1a: Rillaboom
|-resisted|p1a: Rillaboom
|-damage|p1a: Rillaboom|29/100
|move|p1a: Rillaboom|Drum Beating|p2b: Archaludon
|-resisted|p2b: Archaludon
|-damage|p2b: Archaludon|82/100
|-unboost|p2b: Archaludon|spe|1
|-ability|p2b: Archaludon|Stamina|boost
|-boost|p2b: Archaludon|def|1
|move|p2a: Amoonguss|Spore|p1b: Amoonguss
|-immune|p1b: Amoonguss
|
|-weather|RainDance|[upkeep]
|-heal|p1a: Rillaboom|34/100|[from] Grassy Terrain
|-heal|p2b: Archaludon|88/100|[from] Grassy Terrain
|upkeep
|turn|3
|inactive|psychic system has 30 seconds left.
|
|t:|1756908046
|move|p1a: Rillaboom|U-turn|p2b: Archaludon
|-resisted|p2b: Archaludon
|-damage|p2b: Archaludon|83/100
|-ability|p2b: Archaludon|Stamina|boost
|-boost|p2b: Archaludon|def|1
|
|t:|1756908051
|switch|p1a: Florges|Florges, L50, F|100/100|[from] U-turn
|move|p2b: Archaludon|Electro Shot||[still]
|-prepare|p2b: Archaludon|Electro Shot
|-boost|p2b: Archaludon|spa|1
|-anim|p2b: Archaludon|Electro Shot|p1a: Florges
|-damage|p1a: Florges|36/100
|move|p2a: Amoonguss|Pollen Puff|p2b: Archaludon
|-heal|p2b: Archaludon|100/100
|move|p1b: Amoonguss|Spore|p2b: Archaludon
|-status|p2b: Archaludon|slp|[from] move: Spore
|
|-weather|RainDance|[upkeep]
|-heal|p1a: Florges|43/100|[from] Grassy Terrain
|-heal|p1a: Florges|49/100|[from] item: Leftovers
|upkeep
|turn|4
|
|t:|1756908073
|move|p1a: Florges|Calm Mind|p1a: Florges
|-boost|p1a: Florges|spa|1
|-boost|p1a: Florges|spd|1
|cant|p2b: Archaludon|slp
|move|p2a: Amoonguss|Spore|p1a: Florges
|-status|p1a: Florges|slp|[from] move: Spore
|move|p1b: Amoonguss|Pollen Puff|p1a: Florges
|-heal|p1a: Florges|99/100 slp
|
|-weather|RainDance|[upkeep]
|-heal|p1a: Florges|100/100 slp|[from] Grassy Terrain
|upkeep
|turn|5
|
|t:|1756908095
|switch|p2a: Basculegion|Basculegion, L50, M|100/100
|cant|p1a: Florges|slp
|cant|p2b: Archaludon|slp
|move|p1b: Amoonguss|Spore|p2b: Archaludon
|-fail|p2b: Archaludon|slp
|
|-weather|none
|-fieldend|move: Grassy Terrain
|upkeep
|turn|6
|inactive|psychic system has 30 seconds left.
|inactive|psychic system has 20 seconds left.
|inactive|psychic system has 15 seconds left.
|inactive|psychic system has 10 seconds left.
|
|t:|1756908145
|move|p1b: Amoonguss|Rage Powder|p1b: Amoonguss
|-singleturn|p1b: Amoonguss|move: Rage Powder
|move|p2a: Basculegion|Flip Turn|p1b: Amoonguss
|-resisted|p1b: Amoonguss
|-damage|p1b: Amoonguss|84/100
|
|t:|1756908150
|switch|p2a: Amoonguss|Amoonguss, L50, M|100/100|[from] Flip Turn
|cant|p1a: Florges|slp
|-curestatus|p2b: Archaludon|slp|[msg]
|move|p2b: Archaludon|Flash Cannon|p1b: Amoonguss
|-damage|p1b: Amoonguss|13/100
|-enditem|p1b: Amoonguss|Sitrus Berry|[eat]
|-heal|p1b: Amoonguss|37/100|[from] item: Sitrus Berry
|
|upkeep
|turn|7
|
|t:|1756908175
|switch|p1b: Rillaboom|Rillaboom, L50, F|34/100
|-fieldstart|move: Grassy Terrain|[from] ability: Grassy Surge|[of] p1b: Rillaboom
|cant|p1a: Florges|slp
|move|p2b: Archaludon|Flash Cannon|p1a: Florges
|-supereffective|p1a: Florges
|-damage|p1a: Florges|28/100 slp
|move|p2a: Amoonguss|Spore|p1a: Florges
|-fail|p1a: Florges|slp
|
|-heal|p1b: Rillaboom|40/100|[from] Grassy Terrain
|-heal|p1a: Florges|34/100 slp|[from] Grassy Terrain
|-heal|p1a: Florges|40/100 slp|[from] item: Leftovers
|upkeep
|turn|8
|inactive|psychic system has 30 seconds left.
|inactive|psychic system has 20 seconds left.
|inactive|psychic system has 15 seconds left.
|inactive|psychic system has 10 seconds left.
|inactive|psychic system has 5 seconds left.
|
|t:|1756908226
|-terastallize|p1a: Florges|Poison
|move|p1b: Rillaboom|Fake Out|p2a: Amoonguss
|-crit|p2a: Amoonguss
|-damage|p2a: Amoonguss|85/100
|-curestatus|p1a: Florges|slp|[msg]
|move|p1a: Florges|Moonblast|p2b: Archaludon
|-damage|p2b: Archaludon|56/100
|-ability|p2b: Archaludon|Stamina|boost
|-boost|p2b: Archaludon|def|1
|move|p2b: Archaludon|Flash Cannon|p1a: Florges
|-damage|p1a: Florges|4/100
|cant|p2a: Amoonguss|flinch
|
|-heal|p1b: Rillaboom|46/100|[from] Grassy Terrain
|-heal|p1a: Florges|11/100|[from] Grassy Terrain
|-heal|p1a: Florges|17/100|[from] item: Leftovers
|-heal|p2b: Archaludon|63/100|[from] Grassy Terrain
|-heal|p2a: Amoonguss|91/100|[from] Grassy Terrain
|upkeep
|turn|9
|inactive|psychic system has 30 seconds left.
|
|t:|1756908254
|switch|p1b: Amoonguss|Amoonguss, L50, F|70/100
|move|p1a: Florges|Protect|p1a: Florges
|-singleturn|p1a: Florges|Protect
|move|p2b: Archaludon|Dragon Pulse|p1a: Florges
|-activate|p1a: Florges|move: Protect
|move|p2a: Amoonguss|Pollen Puff|p2b: Archaludon
|-heal|p2b: Archaludon|100/100
|
|-heal|p1a: Florges|23/100|[from] Grassy Terrain
|-heal|p1a: Florges|29/100|[from] item: Leftovers
|-heal|p2a: Amoonguss|97/100|[from] Grassy Terrain
|-heal|p1b: Amoonguss|76/100|[from] Grassy Terrain
|upkeep
|turn|10
|
|t:|1756908277
|move|p1a: Florges|Moonblast|p2b: Archaludon
|-damage|p2b: Archaludon|52/100
|-unboost|p2b: Archaludon|spa|1
|-ability|p2b: Archaludon|Stamina|boost
|-boost|p2b: Archaludon|def|1
|move|p2b: Archaludon|Dragon Pulse|p1b: Amoonguss
|-damage|p1b: Amoonguss|14/100
|move|p2a: Amoonguss|Spore|p1a: Florges
|-status|p1a: Florges|slp|[from] move: Spore
|move|p1b: Amoonguss|Spore|p2b: Archaludon
|-status|p2b: Archaludon|slp|[from] move: Spore
|
|-heal|p1a: Florges|36/100 slp|[from] Grassy Terrain
|-heal|p1a: Florges|42/100 slp|[from] item: Leftovers
|-heal|p2b: Archaludon|59/100 slp|[from] Grassy Terrain
|-heal|p2a: Amoonguss|100/100|[from] Grassy Terrain
|-heal|p1b: Amoonguss|19/100|[from] Grassy Terrain
|upkeep
|turn|11
|inactive|psychic system has 30 seconds left.
|
|t:|1756908304
|switch|p1b: Rillaboom|Rillaboom, L50, F|46/100
|cant|p1a: Florges|slp
|cant|p2b: Archaludon|slp
|move|p2a: Amoonguss|Pollen Puff|p2b: Archaludon
|-heal|p2b: Archaludon|100/100 slp
|
|-heal|p1b: Rillaboom|52/100|[from] Grassy Terrain
|-heal|p1a: Florges|48/100 slp|[from] Grassy Terrain
|-heal|p1a: Florges|54/100 slp|[from] item: Leftovers
|-fieldend|move: Grassy Terrain
|upkeep
|turn|12
|inactive|psychic system has 30 seconds left.
|
|t:|1756908334
|move|p1b: Rillaboom|U-turn|p2a: Amoonguss
|-damage|p2a: Amoonguss|80/100
|
|t:|1756908337
|switch|p1b: Amoonguss|Amoonguss, L50, F|52/100|[from] U-turn
|-curestatus|p1a: Florges|slp|[msg]
|move|p1a: Florges|Calm Mind|p1a: Florges
|-boost|p1a: Florges|spa|1
|-boost|p1a: Florges|spd|1
|cant|p2b: Archaludon|slp
|move|p2a: Amoonguss|Pollen Puff|p1b: Amoonguss
|-damage|p1b: Amoonguss|36/100
|
|-heal|p1a: Florges|61/100|[from] item: Leftovers
|upkeep
|turn|13
|
|t:|1756908357
|move|p1a: Florges|Moonblast|p2b: Archaludon
|-damage|p2b: Archaludon|39/100 slp
|-ability|p2b: Archaludon|Stamina|boost
|-boost|p2b: Archaludon|def|1
|cant|p2b: Archaludon|slp
|move|p2a: Amoonguss|Spore|p1a: Florges
|-status|p1a: Florges|slp|[from] move: Spore
|move|p1b: Amoonguss|Spore|p2b: Archaludon
|-fail|p2b: Archaludon|slp
|
|-heal|p1a: Florges|67/100 slp|[from] item: Leftovers
|upkeep
|turn|14
|inactive|psychic system has 30 seconds left.
|
|t:|1756908387
|cant|p1a: Florges|slp
|-curestatus|p2b: Archaludon|slp|[msg]
|move|p2b: Archaludon|Dragon Pulse|p1b: Amoonguss
|-damage|p1b: Amoonguss|0 fnt
|faint|p1b: Amoonguss
|move|p2a: Amoonguss|Pollen Puff|p2b: Archaludon
|-heal|p2b: Archaludon|89/100
|
|-heal|p1a: Florges|73/100 slp|[from] item: Leftovers
|upkeep
|
|t:|1756908401
|switch|p1b: Rillaboom|Rillaboom, L50, F|52/100
|-fieldstart|move: Grassy Terrain|[from] ability: Grassy Surge|[of] p1b: Rillaboom
|turn|15
|
|t:|1756908420
|move|p1b: Rillaboom|Fake Out|p2b: Archaludon
|-resisted|p2b: Archaludon
|-crit|p2b: Archaludon
|-damage|p2b: Archaludon|81/100
|cant|p1a: Florges|slp
|cant|p2b: Archaludon|flinch
|move|p2a: Amoonguss|Pollen Puff|p1a: Florges
|-resisted|p1a: Florges
|-damage|p1a: Florges|70/100 slp
|
|-heal|p1b: Rillaboom|58/100|[from] Grassy Terrain
|-heal|p1a: Florges|76/100 slp|[from] Grassy Terrain
|-heal|p1a: Florges|82/100 slp|[from] item: Leftovers
|-heal|p2b: Archaludon|87/100|[from] Grassy Terrain
|-heal|p2a: Amoonguss|86/100|[from] Grassy Terrain
|upkeep
|turn|16
|inactive|psychic system has 30 seconds left.
|inactive|psychic system has 20 seconds left.
|inactive|psychic system has 15 seconds left.
|
|t:|1756908448
|switch|p1b: Kingambit|Kingambit, L50, F|100/100
|cant|p1a: Florges|slp
|move|p2b: Archaludon|Body Press|p1a: Florges
|-resisted|p1a: Florges
|-damage|p1a: Florges|40/100 slp
|move|p2a: Amoonguss|Spore|p1a: Florges
|-fail|p1a: Florges|slp
|
|-heal|p1a: Florges|47/100 slp|[from] Grassy Terrain
|-heal|p1a: Florges|53/100 slp|[from] item: Leftovers
|-heal|p2b: Archaludon|93/100|[from] Grassy Terrain
|-heal|p2a: Amoonguss|92/100|[from] Grassy Terrain
|upkeep
|turn|17
|inactive|psychic system has 15 seconds left this turn.
|inactive|psychic system has 10 seconds left.
|
|t:|1756908465
|switch|p1b: Rillaboom|Rillaboom, L50, F|58/100
|-curestatus|p1a: Florges|slp|[msg]
|move|p1a: Florges|Moonblast|p2b: Archaludon
|-damage|p2b: Archaludon|34/100
|move|p2b: Archaludon|Body Press|p1b: Rillaboom
|-damage|p1b: Rillaboom|0 fnt
|faint|p1b: Rillaboom
|move|p2a: Amoonguss|Spore|p1a: Florges
|-status|p1a: Florges|slp|[from] move: Spore
|
|-heal|p1a: Florges|59/100 slp|[from] Grassy Terrain
|-heal|p1a: Florges|65/100 slp|[from] item: Leftovers
|-heal|p2b: Archaludon|40/100|[from] Grassy Terrain
|-heal|p2a: Amoonguss|98/100|[from] Grassy Terrain
|upkeep
|inactive|psychic system has 10 seconds left this turn.
|
|t:|1756908469
|switch|p1b: Kingambit|Kingambit, L50, F|100/100
|turn|18
|inactive|psychic system has 10 seconds left this turn.
|
|t:|1756908485
|move|p2a: Amoonguss|Rage Powder|p2a: Amoonguss
|-singleturn|p2a: Amoonguss|move: Rage Powder
|cant|p1a: Florges|slp
|move|p2b: Archaludon|Body Press|p1b: Kingambit
|-supereffective|p1b: Kingambit
|-damage|p1b: Kingambit|0 fnt
|faint|p1b: Kingambit
|
|-heal|p1a: Florges|72/100 slp|[from] Grassy Terrain
|-heal|p1a: Florges|78/100 slp|[from] item: Leftovers
|-heal|p2b: Archaludon|46/100|[from] Grassy Terrain
|-heal|p2a: Amoonguss|100/100|[from] Grassy Terrain
|upkeep
|turn|19
|inactive|psychic system has 10 seconds left this turn.
|
|t:|1756908496
|move|p2a: Amoonguss|Rage Powder|p2a: Amoonguss
|-singleturn|p2a: Amoonguss|move: Rage Powder
|-curestatus|p1a: Florges|slp|[msg]
|move|p1a: Florges|Moonblast|p2a: Amoonguss
|-resisted|p2a: Amoonguss
|-crit|p2a: Amoonguss
|-damage|p2a: Amoonguss|42/100
|-enditem|p2a: Amoonguss|Sitrus Berry|[eat]
|-heal|p2a: Amoonguss|67/100|[from] item: Sitrus Berry
|move|p2b: Archaludon|Body Press|p1a: Florges
|-resisted|p1a: Florges
|-damage|p1a: Florges|33/100
|
|-heal|p1a: Florges|39/100|[from] Grassy Terrain
|-heal|p1a: Florges|45/100|[from] item: Leftovers
|-heal|p2b: Archaludon|52/100|[from] Grassy Terrain
|-heal|p2a: Amoonguss|73/100|[from] Grassy Terrain
|-fieldend|move: Grassy Terrain
|upkeep
|turn|20
|inactive|psychic system has 10 seconds left this turn.
|
|t:|1756908514
|move|p2a: Amoonguss|Rage Powder|p2a: Amoonguss
|-singleturn|p2a: Amoonguss|move: Rage Powder
|move|p1a: Florges|Moonblast|p2a: Amoonguss
|-resisted|p2a: Amoonguss
|-damage|p2a: Amoonguss|36/100
|move|p2b: Archaludon|Body Press|p1a: Florges
|-resisted|p1a: Florges
|-damage|p1a: Florges|2/100
|
|-heal|p1a: Florges|8/100|[from] item: Leftovers
|upkeep
|turn|21
|inactive|psychic system has 10 seconds left this turn.
|inactive|psychic system has 5 seconds left.
|
|t:|1756908528
|move|p1a: Florges|Dazzling Gleam|p2b: Archaludon|[spread] p2a,p2b
|-resisted|p2a: Amoonguss
|-damage|p2a: Amoonguss|13/100
|-damage|p2b: Archaludon|11/100
|move|p2b: Archaludon|Electro Shot||[still]
|-prepare|p2b: Archaludon|Electro Shot
|-boost|p2b: Archaludon|spa|1
|move|p2a: Amoonguss|Spore|p1a: Florges
|-status|p1a: Florges|slp|[from] move: Spore
|
|-heal|p1a: Florges|14/100 slp|[from] item: Leftovers
|upkeep
|turn|22
|inactive|psychic system has 5 seconds left this turn.
|-message|psychic system forfeited.
|
|win|plouifasol
|raw|psychic system's rating: 1190 → 1161(-29 for losing)
|raw|plouifasol's rating: 1134 → 1163(+29 for winning)
