|j|☆x-3 demon
|j|☆BackPAC
|html|x-3 demonBackPAC    
|uhtml|bestof|Game 3 of a best-of-3
|t:|1757206494
|gametype|doubles
|player|p1|x-3 demon|boarder-gen2|1295
|player|p2|BackPAC|burglar|1382
|gen|9
|tier|[Gen 9] VGC 2025 Reg H (Bo3)
|rated|
|rule|Species Clause: Limit one of each Pokémon
|rule|Item Clause: Limit 1 of each item
|clearpoke
|poke|p1|Dragonite, L50, F|
|poke|p1|Sinistcha, L50|
|poke|p1|Ursaluna, L50, F|
|poke|p1|Gholdengo, L50|
|poke|p1|Incineroar, L50, F|
|poke|p1|Ninetales-Alola, L50, M|
|poke|p2|Maushold-Four, L50|
|poke|p2|Incineroar, L50, F|
|poke|p2|Pelipper, L50, M|
|poke|p2|Volcarona, L50, F|
|poke|p2|Rillaboom, L50, M|
|poke|p2|Sneasler, L50, F|
|teampreview|4
|showteam|p1|Dragonite||LoadedDice|Multiscale|ScaleShot,Haze,Tailwind,Protect|||F|||50|,,,,,Fairy]Sinistcha||SitrusBerry|Hospitality|MatchaGotcha,LifeDew,RagePowder,TrickRoom||||||50|,,,,,Dark]Ursaluna||FlameOrb|Guts|HeadlongRush,Earthquake,Facade,Protect|||F|||50|,,,,,Ghost]Gholdengo||LifeOrb|GoodasGold|MakeItRain,ShadowBall,NastyPlot,Protect||||||50|,,,,,Water]Incineroar||AssaultVest|Intimidate|FlareBlitz,KnockOff,FakeOut,Uturn|||F|||50|,,,,,Grass]Ninetales-Alola||FocusSash|SnowWarning|IcyWind,FreezeDry,Encore,AuroraVeil|||M|||50|,,,,,Ghost
|showteam|p2|Maushold-Four||WideLens|Technician|Protect,FollowMe,ThunderWave,PopulationBomb||||||50|,,,,,Ghost]Incineroar||SafetyGoggles|Intimidate|PartingShot,Taunt,FakeOut,KnockOff|||F|||50|,,,,,Ghost]Pelipper||FocusSash|Drizzle|Protect,Tailwind,Hurricane,MuddyWater|||M|||50|,,,,,Ghost]Volcarona||GrassySeed|FlameBody|Protect,QuiverDance,TeraBlast,HeatWave|||F|||50|,,,,,Fairy]Rillaboom||MeadowPlate|GrassySurge|FakeOut,GrassyGlide,HighHorsepower,WoodHammer|||M|||50|,,,,,Fire]Sneasler||WhiteHerb|Unburden|Protect,ThroatChop,CloseCombat,DireClaw|||F|||50|,,,,,Stellar
|inactive|Battle timer is ON: inactive players will automatically lose when time's up. (requested by BackPAC)
|
|t:|1757206538
|teamsize|p1|4
|teamsize|p2|4
|start
|switch|p1a: Incineroar|Incineroar, L50, F|100/100
|switch|p1b: Sinistcha|Sinistcha, L50|100/100
|switch|p2a: Maushold|Maushold-Four, L50|100/100
|switch|p2b: Incineroar|Incineroar, L50, F|100/100
|-ability|p2b: Incineroar|Intimidate|boost
|-unboost|p1a: Incineroar|atk|1
|-unboost|p1b: Sinistcha|atk|1
|-ability|p1a: Incineroar|Intimidate|boost
|-unboost|p2a: Maushold|atk|1
|-unboost|p2b: Incineroar|atk|1
|turn|1
|
|t:|1757206558
|-terastallize|p2b: Incineroar|Ghost
|move|p1a: Incineroar|Fake Out|p2b: Incineroar
|-immune|p2b: Incineroar
|move|p2a: Maushold|Population Bomb|p1a: Incineroar
|-damage|p1a: Incineroar|93/100
|-damage|p1a: Incineroar|85/100
|-damage|p1a: Incineroar|78/100
|-damage|p1a: Incineroar|70/100
|-damage|p1a: Incineroar|64/100
|-damage|p1a: Incineroar|57/100
|-damage|p1a: Incineroar|50/100
|-damage|p1a: Incineroar|42/100
|-damage|p1a: Incineroar|35/100
|-crit|p1a: Incineroar
|-damage|p1a: Incineroar|19/100
|-hitcount|p1a: Incineroar|10
|move|p2b: Incineroar|Taunt|p1b: Sinistcha
|-start|p1b: Sinistcha|move: Taunt
|cant|p1b: Sinistcha|move: Taunt|Trick Room
|
|upkeep
|turn|2
|inactive|x-3 demon has 30 seconds left.
|inactive|x-3 demon has 20 seconds left.
|
|t:|1757206598
|switch|p1a: Dragonite|Dragonite, L50, F|100/100
|move|p2a: Maushold|Population Bomb|p1a: Dragonite
|-damage|p1a: Dragonite|96/100
|-damage|p1a: Dragonite|87/100
|-damage|p1a: Dragonite|80/100
|-damage|p1a: Dragonite|72/100
|-damage|p1a: Dragonite|63/100
|-damage|p1a: Dragonite|55/100
|-crit|p1a: Dragonite
|-damage|p1a: Dragonite|35/100
|-damage|p1a: Dragonite|26/100
|-damage|p1a: Dragonite|17/100
|-damage|p1a: Dragonite|9/100
|-hitcount|p1a: Dragonite|10
|move|p2b: Incineroar|Knock Off|p1b: Sinistcha
|-supereffective|p1b: Sinistcha
|-damage|p1b: Sinistcha|59/100
|-enditem|p1b: Sinistcha|Sitrus Berry|[from] move: Knock Off|[of] p2b: Incineroar
|move|p1b: Sinistcha|Matcha Gotcha|p2a: Maushold|[spread] p2a,p2b
|-damage|p2a: Maushold|64/100
|-heal|p1b: Sinistcha|74/100|[from] drain|[of] p2a: Maushold
|-damage|p2b: Incineroar|81/100
|-heal|p1b: Sinistcha|85/100|[from] drain|[of] p2b: Incineroar
|-status|p2b: Incineroar|brn
|
|-damage|p2b: Incineroar|75/100 brn|[from] brn
|upkeep
|turn|3
|inactive|BackPAC has 30 seconds left.
|
|t:|1757206632
|move|p1a: Dragonite|Protect|p1a: Dragonite
|-singleturn|p1a: Dragonite|Protect
|move|p2a: Maushold|Population Bomb|p1a: Dragonite
|-activate|p1a: Dragonite|move: Protect
|move|p2b: Incineroar|Knock Off|p1b: Sinistcha
|-supereffective|p1b: Sinistcha
|-damage|p1b: Sinistcha|70/100
|move|p1b: Sinistcha|Matcha Gotcha|p2b: Incineroar|[spread] p2a,p2b
|-damage|p2a: Maushold|26/100
|-heal|p1b: Sinistcha|86/100|[from] drain|[of] p2a: Maushold
|-damage|p2b: Incineroar|52/100 brn
|-heal|p1b: Sinistcha|99/100|[from] drain|[of] p2b: Incineroar
|-status|p2a: Maushold|brn
|
|-damage|p2a: Maushold|20/100 brn|[from] brn
|-damage|p2b: Incineroar|46/100 brn|[from] brn
|-end|p1b: Sinistcha|move: Taunt
|upkeep
|turn|4
|inactive|x-3 demon has 30 seconds left.
|inactive|x-3 demon has 20 seconds left.
|inactive|x-3 demon has 15 seconds left.
|inactive|x-3 demon has 10 seconds left.
|
|t:|1757206678
|move|p2a: Maushold|Follow Me|p2a: Maushold
|-singleturn|p2a: Maushold|move: Follow Me
|move|p1a: Dragonite|Tailwind|p1a: Dragonite
|-sidestart|p1: x-3 demon|move: Tailwind
|move|p1b: Sinistcha|Matcha Gotcha|p2b: Incineroar|[spread] p2a,p2b
|-damage|p2a: Maushold|0 fnt
|-heal|p1b: Sinistcha|100/100|[from] drain|[of] p2a: Maushold
|-damage|p2b: Incineroar|24/100 brn
|faint|p2a: Maushold
|move|p2b: Incineroar|Taunt|p1b: Sinistcha
|-start|p1b: Sinistcha|move: Taunt
|
|-damage|p2b: Incineroar|18/100 brn|[from] brn
|upkeep
|
|t:|1757206685
|switch|p2a: Rillaboom|Rillaboom, L50, M|100/100
|-fieldstart|move: Grassy Terrain|[from] ability: Grassy Surge|[of] p2a: Rillaboom
|turn|5
|inactive|x-3 demon has 30 seconds left.
|
|t:|1757206711
|switch|p1a: Incineroar|Incineroar, L50, F|19/100
|-ability|p1a: Incineroar|Intimidate|boost
|-unboost|p2a: Rillaboom|atk|1
|-unboost|p2b: Incineroar|atk|1
|move|p2a: Rillaboom|Fake Out|p1a: Incineroar
|-damage|p1a: Incineroar|10/100
|move|p1b: Sinistcha|Matcha Gotcha|p2b: Incineroar|[spread] p2a,p2b
|-resisted|p2a: Rillaboom
|-damage|p2a: Rillaboom|82/100
|-damage|p2b: Incineroar|0 fnt
|faint|p2b: Incineroar
|
|-heal|p1a: Incineroar|16/100|[from] Grassy Terrain
|-heal|p2a: Rillaboom|88/100|[from] Grassy Terrain
|upkeep
|
|t:|1757206717
|switch|p2b: Volcarona|Volcarona, L50, F|100/100
|-enditem|p2b: Volcarona|Grassy Seed
|-boost|p2b: Volcarona|def|1|[from] item: Grassy Seed
|turn|6
|inactive|x-3 demon has 30 seconds left.
|inactive|x-3 demon has 20 seconds left.
|inactive|x-3 demon has 15 seconds left.
|inactive|x-3 demon has 10 seconds left.
|inactive|x-3 demon has 5 seconds left.
|
|t:|1757206772
|switch|p1b: Ursaluna|Ursaluna, L50, F, shiny|100/100
|move|p2a: Rillaboom|Grassy Glide|p1a: Incineroar
|-resisted|p1a: Incineroar
|-damage|p1a: Incineroar|2/100
|move|p1a: Incineroar|Flare Blitz|p2a: Rillaboom
|-supereffective|p2a: Rillaboom
|-damage|p2a: Rillaboom|0 fnt
|faint|p2a: Rillaboom
|-damage|p1a: Incineroar|0 fnt|[from] Recoil
|faint|p1a: Incineroar
|move|p2b: Volcarona|Quiver Dance|p2b: Volcarona
|-boost|p2b: Volcarona|spa|1
|-boost|p2b: Volcarona|spd|1
|-boost|p2b: Volcarona|spe|1
|
|-status|p1b: Ursaluna|brn|[from] item: Flame Orb
|upkeep
|
|t:|1757206795
|switch|p1a: Dragonite|Dragonite, L50, F|9/100
|turn|7
|
|t:|1757206809
|move|p1a: Dragonite|Protect|p1a: Dragonite
|-singleturn|p1a: Dragonite|Protect
|move|p2b: Volcarona|Heat Wave|p1b: Ursaluna|[spread] p1b
|-activate|p1a: Dragonite|move: Protect
|-damage|p1b: Ursaluna|50/100 brn
|move|p1b: Ursaluna|Facade|p2b: Volcarona
|-damage|p2b: Volcarona|10/100
|
|-heal|p2b: Volcarona|16/100|[from] Grassy Terrain
|-heal|p1b: Ursaluna|56/100 brn|[from] Grassy Terrain
|-damage|p1b: Ursaluna|50/100 brn|[from] brn
|-sideend|p1: x-3 demon|move: Tailwind
|upkeep
|turn|8
|
|t:|1757206830
|switch|p1a: Sinistcha|Sinistcha, L50|100/100
|-heal|p1b: Ursaluna|74/100 brn|[from] ability: Hospitality|[of] p1a: Sinistcha
|move|p2b: Volcarona|Heat Wave|p1b: Ursaluna|[spread] p1a,p1b
|-supereffective|p1a: Sinistcha
|-damage|p1a: Sinistcha|5/100
|-damage|p1b: Ursaluna|28/100 brn
|move|p1b: Ursaluna|Facade|p2b: Volcarona
|-damage|p2b: Volcarona|0 fnt
|faint|p2b: Volcarona
|
|win|x-3 demon
|raw|x-3 demon's rating: 1295 → 1326(+31 for winning)
|raw|BackPAC's rating: 1382 → 1357(-25 for losing)
|c|☆x-3 demon|ggwp
|l|☆BackPAC
|player|p2|
