|j|☆floettefan670
|j|☆Snorlax26
|html|floettefan670Snorlax26    
|uhtml|bestof|Game 1 of a best-of-3
|t:|1783869650
|gametype|doubles
|player|p1|floettefan670|miku-psychic|1109
|player|p2|Snorlax26|guzma|1118
|gen|9
|tier|[Gen 9 Champions] VGC 2026 Reg M-B (Bo3)
|rated|
|rule|Species Clause: Limit one of each Pokémon
|rule|Item Clause: Limit 1 of each item
|clearpoke
|poke|p1|Floette-Eternal, L50, F|
|poke|p1|Delphox, L50, M|
|poke|p1|Garchomp, L50, F|
|poke|p1|Sneasler, L50, M|
|poke|p1|Sinistcha, L50|
|poke|p1|Incineroar, L50, M|
|poke|p2|Scrafty, L50, F, shiny|
|poke|p2|Sylveon, L50, M|
|poke|p2|Corviknight, L50, F|
|poke|p2|Dragalge, L50, F|
|poke|p2|Sinistcha-Masterpiece, L50|
|poke|p2|Runerigus, L50, M|
|teampreview|4
|showteam|p1|Floette-Eternal||Floettite|FlowerVeil|Protect,CalmMind,DazzlingGleam,DrainingKiss|Modest||F|||50|]Delphox||Delphoxite|Blaze|HeatWave,Psychic,NastyPlot,Protect|Timid||M|||50|]Garchomp||ChoiceScarf|RoughSkin|RockTomb,Earthquake,StompingTantrum,DragonClaw|Adamant||F|||50|]Sneasler||FocusSash|PoisonTouch|FakeOut,PoisonJab,CloseCombat,QuickGuard|Jolly||M|||50|]Sinistcha||KasibBerry|Hospitality|MatchaGotcha,RagePowder,Protect,TrickRoom|Calm|||||50|]Incineroar||SitrusBerry|Intimidate|FakeOut,FlareBlitz,ThroatChop,PartingShot|Impish||M|||50|
|showteam|p2|Scrafty||Scraftinite|Intimidate|FakeOut,DrainPunch,KnockOff,RockSlide|Brave||F|||50|]Sylveon||FairyFeather|Pixilate|Detect,QuickAttack,HyperBeam,HyperVoice|Modest||M|||50|]Corviknight||Leftovers|MirrorArmor|BulkUp,BraveBird,BodyPress,IronHead|Brave||F|||50|]Dragalge||Dragalgite|Adaptability|DracoMeteor,Protect,SludgeBomb,DragonPulse|Modest||F|||50|]Sinistcha-Masterpiece||SitrusBerry|Hospitality|Protect,RagePowder,TrickRoom,MatchaGotcha|Calm|||||50|]Runerigus||KasibBerry|WanderingSpirit|TrickRoom,WillOWisp,Earthquake,Poltergeist|Sassy||M|||50|
|
|t:|1783869708
|teamsize|p1|4
|teamsize|p2|4
|start
|switch|p1a: Delphox|Delphox, L50, M|100/100
|switch|p1b: Sneasler|Sneasler, L50, M|100/100
|switch|p2a: Armstrong|Dragalge, L50, F|100/100
|switch|p2b: Curse of Ra|Runerigus, L50, M|100/100
|turn|1
|
|t:|1783869727
|switch|p2a: Kessoku Band|Scrafty, L50, F, shiny|100/100
|-ability|p2a: Kessoku Band|Intimidate|boost
|-unboost|p1a: Delphox|atk|1
|-unboost|p1b: Sneasler|atk|1
|detailschange|p1a: Delphox|Delphox-Mega, L50, M
|-mega|p1a: Delphox|Delphox|Delphoxite
|move|p1b: Sneasler|Fake Out|p2a: Kessoku Band
|-damage|p2a: Kessoku Band|91/100
|-status|p2a: Kessoku Band|psn|[from] ability: Poison Touch|[of] p1b: Sneasler
|move|p1a: Delphox|Nasty Plot|p1a: Delphox
|-boost|p1a: Delphox|spa|2
|move|p2b: Curse of Ra|Trick Room|p2b: Curse of Ra
|-fieldstart|move: Trick Room|[of] p2b: Curse of Ra
|
|-damage|p2a: Kessoku Band|79/100 psn|[from] psn
|upkeep
|turn|2
|
|t:|1783869758
|switch|p1b: Sinistcha|Sinistcha, L50|100/100
|move|p1a: Delphox|Protect|p1a: Delphox
|-singleturn|p1a: Delphox|Protect
|move|p2a: Kessoku Band|Fake Out|p1a: Delphox
|-activate|p1a: Delphox|move: Protect
|move|p2b: Curse of Ra|Will-O-Wisp|p1b: Sinistcha|[miss]
|-miss|p2b: Curse of Ra|p1b: Sinistcha
|
|-damage|p2a: Kessoku Band|67/100 psn|[from] psn
|upkeep
|turn|3
|
|t:|1783869776
|switch|p2a: Armstrong|Dragalge, L50, F|100/100
|move|p1b: Sinistcha|Rage Powder|p1b: Sinistcha
|-singleturn|p1b: Sinistcha|move: Rage Powder
|move|p2b: Curse of Ra|Poltergeist|p1b: Sinistcha
|-activate|p1b: Sinistcha|move: Poltergeist|Kasib Berry
|-supereffective|p1b: Sinistcha|1
|-enditem|p1b: Sinistcha|Kasib Berry|[eat]
|-enditem|p1b: Sinistcha|Kasib Berry|[weaken]
|-damage|p1b: Sinistcha|61/100
|move|p1a: Delphox|Heat Wave|p2a: Armstrong|[spread] p2a,p2b
|-resisted|p2a: Armstrong|1
|-crit|p2a: Armstrong
|-damage|p2a: Armstrong|46/100
|-damage|p2b: Curse of Ra|41/100
|
|upkeep
|turn|4
|
|t:|1783869802
|switch|p2b: Kessoku Band|Scrafty, L50, F, shiny|67/100 psn
|-ability|p2b: Kessoku Band|Intimidate|boost
|-unboost|p1a: Delphox|atk|1
|-unboost|p1b: Sinistcha|atk|1
|detailschange|p2a: Armstrong|Dragalge-Mega, L50, F
|-mega|p2a: Armstrong|Dragalge|Dragalgite
|move|p1b: Sinistcha|Rage Powder|p1b: Sinistcha
|-singleturn|p1b: Sinistcha|move: Rage Powder
|move|p2a: Armstrong|Sludge Bomb|p1b: Sinistcha
|-damage|p1b: Sinistcha|17/100
|-status|p1b: Sinistcha|psn
|move|p1a: Delphox|Heat Wave|p2a: Armstrong|[spread] p2a,p2b
|-resisted|p2a: Armstrong|1
|-damage|p2a: Armstrong|22/100
|-damage|p2b: Kessoku Band|4/100 psn
|
|-damage|p2b: Kessoku Band|0 fnt|[from] psn
|faint|p2b: Kessoku Band
|-damage|p1b: Sinistcha|5/100 psn|[from] psn
|upkeep
|
|t:|1783869824
|switch|p2b: SkachaCHA|Sinistcha-Masterpiece, L50|100/100
|-heal|p2a: Armstrong|47/100|[from] ability: Hospitality|[of] p2b: SkachaCHA
|turn|5
|
|t:|1783869831
|-heal|p2a: Armstrong|80/100|[from] ability: Regenerator|[silent]
|switch|p2a: Curse of Ra|Runerigus, L50, M|41/100
|move|p2b: SkachaCHA|Protect|p2b: SkachaCHA
|-singleturn|p2b: SkachaCHA|Protect
|move|p1b: Sinistcha|Rage Powder|p1b: Sinistcha
|-singleturn|p1b: Sinistcha|move: Rage Powder
|move|p1a: Delphox|Heat Wave|p2b: SkachaCHA|[spread] p2a
|-activate|p2b: SkachaCHA|move: Protect
|-damage|p2a: Curse of Ra|0 fnt
|faint|p2a: Curse of Ra
|
|-damage|p1b: Sinistcha|0 fnt|[from] psn
|faint|p1b: Sinistcha
|-fieldend|move: Trick Room
|upkeep
|
|t:|1783869849
|switch|p1b: Incineroar|Incineroar, L50, M|100/100
|switch|p2a: Armstrong|Dragalge-Mega, L50, F|80/100
|-ability|p1b: Incineroar|Intimidate|boost
|-unboost|p2a: Armstrong|atk|1
|-unboost|p2b: SkachaCHA|atk|1
|turn|6
|
|t:|1783869869
|move|p2a: Armstrong|Protect|p2a: Armstrong
|-singleturn|p2a: Armstrong|Protect
|move|p1a: Delphox|Psychic|p2b: SkachaCHA
|-damage|p2b: SkachaCHA|9/100
|-enditem|p2b: SkachaCHA|Sitrus Berry|[eat]
|-heal|p2b: SkachaCHA|34/100|[from] item: Sitrus Berry
|move|p1b: Incineroar|Flare Blitz|p2b: SkachaCHA
|-supereffective|p2b: SkachaCHA|1
|-damage|p2b: SkachaCHA|0 fnt
|faint|p2b: SkachaCHA
|-damage|p1b: Incineroar|90/100|[from] Recoil
|
|upkeep
|turn|7
|
|t:|1783869883
|move|p1a: Delphox|Psychic|p2a: Armstrong
|-supereffective|p2a: Armstrong|1
|-damage|p2a: Armstrong|0 fnt
|faint|p2a: Armstrong
|
|win|floettefan670
