|j|☆willninja08
|j|☆Dimman188
|html|willninja08Dimman188    
|uhtml|bestof|Game 2 of a best-of-3
|t:|1785504343
|gametype|doubles
|player|p1|willninja08|170|
|player|p2|Dimman188|169|
|gen|9
|tier|[Gen 9 Champions] VGC 2026 Reg M-B (Bo3)
|rule|Species Clause: Limit one of each Pokémon
|rule|Item Clause: Limit 1 of each item
|clearpoke
|poke|p1|Raichu, L50, F|
|poke|p1|Jolteon, L50, F|
|poke|p1|Ninetales-Alola, L50, F|
|poke|p1|Gyarados, L50, M|
|poke|p1|Incineroar, L50, M|
|poke|p1|Basculegion, L50, M|
|poke|p2|Annihilape, L50, M|
|poke|p2|Garchomp, L50, F|
|poke|p2|Gholdengo, L50|
|poke|p2|Aerodactyl, L50, F|
|poke|p2|Incineroar, L50, F|
|poke|p2|Zoroark-Hisui, L50, M|
|teampreview|4
|showteam|p1|Raichu||RaichuniteX|LightningRod|FakeOut,Encore,RisingVoltage,Protect|Timid||F|||50|]Jolteon||LifeOrb|VoltAbsorb|RisingVoltage,Electroweb,WeatherBall,Protect|Modest||F|||50|]Ninetales-Alola||FocusSash|SnowWarning|Blizzard,FreezeDry,Roar,Protect|Timid||F|||50|]Gyarados||Gyaradosite|Intimidate|Waterfall,Crunch,DragonDance,Protect|Jolly||M|||50|]Incineroar||SitrusBerry|Intimidate|FakeOut,PartingShot,ThroatChop,FlareBlitz|Jolly||M|||50|]Basculegion||ChoiceScarf|Adaptability|WaveCrash,LastRespects,AquaJet,FlipTurn|Jolly||M|||50|
|showteam|p2|Annihilape||SitrusBerry|Defiant|DrainPunch,PhantomForce,BulkUp,Protect|Adamant||M|||50|]Garchomp||LifeOrb|RoughSkin|DragonClaw,Earthquake,RockSlide,Protect|Jolly||F|||50|]Gholdengo||WhiteHerb|GoodasGold|MakeItRain,ShadowBall,NastyPlot,Protect|Timid|||||50|]Aerodactyl||Aerodactylite|Unnerve|RockSlide,DualWingbeat,Tailwind,Protect|Adamant||F|||50|]Incineroar||ChopleBerry|Intimidate|ThroatChop,PartingShot,FakeOut,FlareBlitz|Jolly||F|||50|]Zoroark-Hisui||ChoiceScarf|Illusion|BitterMalice,HyperVoice,HyperBeam,Flamethrower|Timid||M|||50|
|
|t:|1785504385
|teamsize|p1|4
|teamsize|p2|4
|start
|switch|p1a: Gyarados|Gyarados, L50, M|100/100
|switch|p1b: Ninetales|Ninetales-Alola, L50, F|100/100
|switch|p2a: Garchomp|Garchomp, L50, F|100/100
|switch|p2b: Gholdengo|Gholdengo, L50|100/100
|-weather|Snowscape|[from] ability: Snow Warning|[of] p1b: Ninetales
|-ability|p1a: Gyarados|Intimidate|boost
|-unboost|p2a: Garchomp|atk|1
|-unboost|p2b: Gholdengo|atk|1
|-enditem|p2b: Gholdengo|White Herb
|-clearnegativeboost|p2b: Gholdengo|[silent]
|turn|1
|
|t:|1785504420
|detailschange|p1a: Gyarados|Gyarados-Mega, L50, M
|-mega|p1a: Gyarados|Gyarados|Gyaradosite
|-ability|p1a: Gyarados|Mold Breaker
|move|p1b: Ninetales|Protect|p1b: Ninetales
|-singleturn|p1b: Ninetales|Protect
|move|p2a: Garchomp|Hyper Beam|p1b: Ninetales
|-activate|p1b: Ninetales|move: Protect
|move|p2b: Gholdengo|Make It Rain|p1b: Ninetales|[spread] p1a
|-activate|p1b: Ninetales|move: Protect
|-resisted|p1a: Gyarados|1
|-damage|p1a: Gyarados|79/100
|-unboost|p2b: Gholdengo|spa|2
|move|p1a: Gyarados|Dragon Dance|p1a: Gyarados
|-boost|p1a: Gyarados|atk|1
|-boost|p1a: Gyarados|spe|1
|
|-weather|Snowscape|[upkeep]
|upkeep
|turn|2
|
|t:|1785504457
|switch|p1b: Incineroar|Incineroar, L50, M|100/100
|-ability|p1b: Incineroar|Intimidate|boost
|-unboost|p2a: Garchomp|atk|1
|-unboost|p2b: Gholdengo|atk|1
|move|p2a: Garchomp|Hyper Beam|p1a: Gyarados
|-damage|p1a: Gyarados|17/100
|-mustrecharge|p2a: Garchomp
|move|p1a: Gyarados|Crunch|p2a: Garchomp
|-supereffective|p2a: Garchomp|1
|-damage|p2a: Garchomp|0 fnt
|replace|p2a: Zoroark|Zoroark-Hisui, L50, M
|-end|p2a: Zoroark|Illusion
|faint|p2a: Zoroark
|move|p2b: Gholdengo|Make It Rain|p1b: Incineroar|[spread] p1a,p1b
|-resisted|p1a: Gyarados|1
|-resisted|p1b: Incineroar|1
|-damage|p1a: Gyarados|7/100
|-damage|p1b: Incineroar|87/100
|-unboost|p2b: Gholdengo|spa|2
|
|-weather|Snowscape|[upkeep]
|upkeep
|
|t:|1785504475
|switch|p2a: Aerodactyl|Aerodactyl, L50, F|100/100
|-ability|p2a: Aerodactyl|Unnerve
|turn|3
|
|t:|1785504493
|switch|p2b: Garchomp|Garchomp, L50, F|100/100
|detailschange|p2a: Aerodactyl|Aerodactyl-Mega, L50, F
|-mega|p2a: Aerodactyl|Aerodactyl|Aerodactylite
|move|p1b: Incineroar|Fake Out|p2a: Aerodactyl
|-resisted|p2a: Aerodactyl|1
|-damage|p2a: Aerodactyl|92/100
|move|p1a: Gyarados|Waterfall|p2a: Aerodactyl
|-supereffective|p2a: Aerodactyl|1
|-damage|p2a: Aerodactyl|0 fnt
|faint|p2a: Aerodactyl
|
|-weather|Snowscape|[upkeep]
|upkeep
|
|t:|1785504504
|switch|p2a: Gholdengo|Gholdengo, L50|100/100
|turn|4
|
|t:|1785504518
|move|p2b: Garchomp|Protect|p2b: Garchomp
|-singleturn|p2b: Garchomp|Protect
|move|p1a: Gyarados|Crunch|p2a: Gholdengo
|-supereffective|p2a: Gholdengo|1
|-damage|p2a: Gholdengo|0 fnt
|faint|p2a: Gholdengo
|move|p1b: Incineroar|Parting Shot|p2b: Garchomp
|-activate|p2b: Garchomp|move: Protect
|
|-weather|Snowscape|[upkeep]
|upkeep
|turn|5
|
|t:|1785504535
|move|p1a: Gyarados|Waterfall|p2b: Garchomp
|-damage|p2b: Garchomp|31/100
|-damage|p1a: Gyarados|0 fnt|[from] ability: Rough Skin|[of] p2b: Garchomp
|faint|p1a: Gyarados
|move|p2b: Garchomp|Earthquake|p1b: Incineroar
|-supereffective|p1b: Incineroar|1
|-damage|p1b: Incineroar|0 fnt
|faint|p1b: Incineroar
|-damage|p2b: Garchomp|22/100|[from] item: Life Orb
|
|-weather|none
|upkeep
|
|t:|1785504546
|switch|p1a: Ninetales|Ninetales-Alola, L50, F|100/100
|switch|p1b: Raichu|Raichu, L50, F|100/100
|-weather|Snowscape|[from] ability: Snow Warning|[of] p1a: Ninetales
|turn|6
|
|t:|1785504557
|move|p2b: Garchomp|Protect|p2b: Garchomp
|-singleturn|p2b: Garchomp|Protect
|move|p1b: Raichu|Fake Out|p2b: Garchomp
|-activate|p2b: Garchomp|move: Protect
|move|p1a: Ninetales|Blizzard|p2b: Garchomp
|-activate|p2b: Garchomp|move: Protect
|
|-weather|Snowscape|[upkeep]
|upkeep
|turn|7
|
|t:|1785504567
|move|p1b: Raichu|Encore|p2b: Garchomp
|-start|p2b: Garchomp|Encore
|move|p2b: Garchomp|Protect||[still]
|-fail|p2b: Garchomp
|move|p1a: Ninetales|Blizzard|p2b: Garchomp
|-supereffective|p2b: Garchomp|2
|-damage|p2b: Garchomp|0 fnt
|faint|p2b: Garchomp
|
|win|willninja08
