|j|☆Wixums
|j|☆vilan333
|html|Wixumsvilan333    
|uhtml|bestof|Game 3 of a best-of-3
|t:|1783357046
|gametype|doubles
|player|p1|Wixums|wicke|1091
|player|p2|vilan333|marshal|1153
|gen|9
|tier|[Gen 9 Champions] VGC 2026 Reg M-B (Bo3)
|rated|
|rule|Species Clause: Limit one of each Pokémon
|rule|Item Clause: Limit 1 of each item
|clearpoke
|poke|p1|Swampert, L50, M, shiny|
|poke|p1|Archaludon, L50, M, shiny|
|poke|p1|Pelipper, L50, F, shiny|
|poke|p1|Venusaur, L50, F, shiny|
|poke|p1|Sableye, L50, M, shiny|
|poke|p1|Aegislash, L50, M, shiny|
|poke|p2|Charizard, L50, M|
|poke|p2|Mawile, L50, M|
|poke|p2|Basculegion, L50, M|
|poke|p2|Garchomp, L50, F|
|poke|p2|Whimsicott, L50, F|
|poke|p2|Farigiraf, L50, M|
|teampreview|4
|showteam|p1|Swampert||Swampertite|Torrent|WaveCrash,HighHorsepower,IcePunch,Protect|Adamant||M|||50|]Archaludon||Leftovers|Stamina|ElectroShot,FlashCannon,DragonPulse,Protect|Modest||M|||50|]Pelipper||FocusSash|Drizzle|WeatherBall,Hurricane,WideGuard,Protect|Timid||F|||50|]Venusaur||Venusaurite|Chlorophyll|GigaDrain,SludgeBomb,EarthPower,Protect|Modest||F|||50|]Sableye||RoseliBerry|Prankster|WillOWisp,Snarl,RainDance,LightScreen|Calm||M|||50|]Aegislash||KasibBerry|StanceChange|Poltergeist,ShadowSneak,IronHead,KingsShield|Adamant||M|||50|
|showteam|p2|Charizard||CharizarditeY|Blaze|WeatherBall,HeatWave,SolarBeam,Protect|Timid||M|||50|]Mawile||Mawilite|HyperCutter|PlayRough,SuckerPunch,RockSlide,Protect|Adamant||M|||50|]Basculegion||MysticWater|Adaptability|WaveCrash,LastRespects,AquaJet,Protect|Adamant||M|||50|]Garchomp||LifeOrb|RoughSkin|Earthquake,DragonClaw,RockSlide,Protect|Jolly||F|||50|]Whimsicott||FocusSash|Prankster|Moonblast,Encore,Tailwind,Protect|Timid||F|||50|]Farigiraf||SitrusBerry|ArmorTail|TwinBeam,Thunderbolt,TrickRoom,HelpingHand|Bold||M|||50|
|inactive|Battle timer is ON: inactive players will automatically lose when time's up. (requested by vilan333)
|
|t:|1783357080
|teamsize|p1|4
|teamsize|p2|4
|start
|switch|p1a: Venusaur|Venusaur, L50, F, shiny|100/100
|switch|p1b: Sableye|Sableye, L50, M, shiny|100/100
|switch|p2a: Whimsicott|Whimsicott, L50, F|100/100
|switch|p2b: Garchomp|Garchomp, L50, F|100/100
|turn|1
|
|t:|1783357099
|detailschange|p1a: Venusaur|Venusaur-Mega, L50, F, shiny
|-mega|p1a: Venusaur|Venusaur|Venusaurite
|move|p2b: Garchomp|Protect|p2b: Garchomp
|-singleturn|p2b: Garchomp|Protect
|move|p2a: Whimsicott|Moonblast|p1b: Sableye
|-supereffective|p1b: Sableye|1
|-enditem|p1b: Sableye|Roseli Berry|[eat]
|-enditem|p1b: Sableye|Roseli Berry|[weaken]
|-damage|p1b: Sableye|61/100
|move|p1a: Venusaur|Sludge Bomb|p2a: Whimsicott
|-supereffective|p2a: Whimsicott|2
|-enditem|p2a: Whimsicott|Focus Sash
|-damage|p2a: Whimsicott|1/100
|-status|p2a: Whimsicott|psn
|move|p1b: Sableye|Snarl|p2a: Whimsicott|[spread] p2a
|-activate|p2b: Garchomp|move: Protect
|-resisted|p2a: Whimsicott|1
|-damage|p2a: Whimsicott|0 fnt
|faint|p2a: Whimsicott
|
|upkeep
|
|t:|1783357119
|switch|p2a: Farigiraf|Farigiraf, L50, M|100/100
|turn|2
|
|t:|1783357132
|move|p1a: Venusaur|Protect|p1a: Venusaur
|-singleturn|p1a: Venusaur|Protect
|move|p1b: Sableye|Light Screen|p1b: Sableye
|-sidestart|p1: Wixums|move: Light Screen
|move|p2b: Garchomp|Rock Slide|p1b: Sableye|[spread] p1b
|-activate|p1a: Venusaur|move: Protect
|-damage|p1b: Sableye|24/100
|-damage|p2b: Garchomp|90/100|[from] item: Life Orb
|move|p2a: Farigiraf|Twin Beam|p1a: Venusaur
|-activate|p1a: Venusaur|move: Protect
|
|upkeep
|turn|3
|
|t:|1783357149
|move|p2a: Farigiraf|Helping Hand|p2b: Garchomp
|-singleturn|p2b: Garchomp|Helping Hand|[of] p2a: Farigiraf
|move|p2b: Garchomp|Earthquake|p1a: Venusaur|[spread] p2a,p1a,p1b
|-damage|p2a: Farigiraf|41/100
|-damage|p1a: Venusaur|39/100
|-damage|p1b: Sableye|0 fnt
|-enditem|p2a: Farigiraf|Sitrus Berry|[eat]
|-heal|p2a: Farigiraf|66/100|[from] item: Sitrus Berry
|faint|p1b: Sableye
|-damage|p2b: Garchomp|80/100|[from] item: Life Orb
|move|p1a: Venusaur|Giga Drain|p2b: Garchomp
|-damage|p2b: Garchomp|38/100
|-heal|p1a: Venusaur|61/100|[from] drain|[of] p2b: Garchomp
|
|upkeep
|inactive|Wixums has 30 seconds left.
|
|t:|1783357181
|switch|p1b: Archaludon|Archaludon, L50, M, shiny|100/100
|turn|4
|
|t:|1783357205
|switch|p1a: Pelipper|Pelipper, L50, F, shiny|100/100
|-weather|RainDance|[from] ability: Drizzle|[of] p1a: Pelipper
|move|p2b: Garchomp|Protect|p2b: Garchomp
|-singleturn|p2b: Garchomp|Protect
|move|p1b: Archaludon|Dragon Pulse|p2b: Garchomp
|-activate|p2b: Garchomp|move: Protect
|move|p2a: Farigiraf|Twin Beam|p1a: Pelipper
|-damage|p1a: Pelipper|81/100
|-damage|p1a: Pelipper|62/100
|-hitcount|p1a: Pelipper|2
|
|-weather|RainDance|[upkeep]
|upkeep
|turn|5
|inactive|vilan333 has 30 seconds left.
|inactive|vilan333 has 20 seconds left.
|inactive|vilan333 has 15 seconds left.
|
|t:|1783357247
|move|p2b: Garchomp|Protect|p2b: Garchomp
|-singleturn|p2b: Garchomp|Protect
|move|p1a: Pelipper|Wide Guard|p1a: Pelipper
|-singleturn|p1a: Pelipper|Wide Guard
|move|p1b: Archaludon|Electro Shot||[still]
|-prepare|p1b: Archaludon|Electro Shot
|-boost|p1b: Archaludon|spa|1
|-anim|p1b: Archaludon|Electro Shot|p2a: Farigiraf
|-damage|p2a: Farigiraf|9/100
|move|p2a: Farigiraf|Twin Beam|p1a: Pelipper
|-crit|p1a: Pelipper
|-damage|p1a: Pelipper|25/100
|-damage|p1a: Pelipper|5/100
|-hitcount|p1a: Pelipper|2
|
|-weather|RainDance|[upkeep]
|upkeep
|turn|6
|inactive|Wixums has 30 seconds left.
|
|t:|1783357273
|move|p1a: Pelipper|Protect||[still]
|-fail|p1a: Pelipper
|move|p2b: Garchomp|Dragon Claw|p1b: Archaludon
|-damage|p1b: Archaludon|57/100
|-ability|p1b: Archaludon|Stamina|boost
|-boost|p1b: Archaludon|def|1
|-damage|p2b: Garchomp|28/100|[from] item: Life Orb
|move|p1b: Archaludon|Dragon Pulse|p2a: Farigiraf
|-damage|p2a: Farigiraf|0 fnt
|faint|p2a: Farigiraf
|
|-weather|RainDance|[upkeep]
|-heal|p1b: Archaludon|63/100|[from] item: Leftovers
|-sideend|p1: Wixums|move: Light Screen
|upkeep
|
|t:|1783357288
|switch|p2a: Charizard|Charizard, L50, M|100/100
|turn|7
|
|t:|1783357293
|switch|p1a: Venusaur|Venusaur-Mega, L50, F, shiny|61/100
|detailschange|p2a: Charizard|Charizard-Mega-Y, L50, M
|-mega|p2a: Charizard|Charizard|Charizardite Y
|-weather|SunnyDay|[from] ability: Drought|[of] p2a: Charizard
|move|p1b: Archaludon|Protect|p1b: Archaludon
|-singleturn|p1b: Archaludon|Protect
|move|p2b: Garchomp|Earthquake|p1b: Archaludon|[spread] p1a
|-activate|p1b: Archaludon|move: Protect
|-immune|p2a: Charizard
|-damage|p1a: Venusaur|23/100
|-damage|p2b: Garchomp|19/100|[from] item: Life Orb
|move|p2a: Charizard|Heat Wave|p1a: Venusaur|[spread] p1a
|-activate|p1b: Archaludon|move: Protect
|-supereffective|p1a: Venusaur|1
|-damage|p1a: Venusaur|0 fnt
|faint|p1a: Venusaur
|
|-weather|SunnyDay|[upkeep]
|-heal|p1b: Archaludon|69/100|[from] item: Leftovers
|upkeep
|
|t:|1783357311
|switch|p1a: Pelipper|Pelipper, L50, F, shiny|5/100
|-weather|RainDance|[from] ability: Drizzle|[of] p1a: Pelipper
|turn|8
|
|t:|1783357327
|move|p1a: Pelipper|Wide Guard|p1a: Pelipper
|-singleturn|p1a: Pelipper|Wide Guard
|move|p2b: Garchomp|Earthquake|p1b: Archaludon|[spread] 
|-activate|p1a: Pelipper|move: Wide Guard
|-activate|p1b: Archaludon|move: Wide Guard
|-immune|p2a: Charizard
|move|p2a: Charizard|Weather Ball|p1a: Pelipper
|-resisted|p1a: Pelipper|1
|-damage|p1a: Pelipper|0 fnt
|faint|p1a: Pelipper
|move|p1b: Archaludon|Dragon Pulse|p2a: Charizard
|-damage|p2a: Charizard|46/100
|
|-weather|RainDance|[upkeep]
|-heal|p1b: Archaludon|76/100|[from] item: Leftovers
|upkeep
|turn|9
|inactive|Wixums has 30 seconds left.
|
|t:|1783357355
|move|p2b: Garchomp|Earthquake|p1b: Archaludon|[spread] p1b
|-immune|p2a: Charizard
|-supereffective|p1b: Archaludon|1
|-damage|p1b: Archaludon|23/100
|-ability|p1b: Archaludon|Stamina|boost
|-boost|p1b: Archaludon|def|1
|-damage|p2b: Garchomp|9/100|[from] item: Life Orb
|move|p2a: Charizard|Heat Wave|p1b: Archaludon
|-damage|p1b: Archaludon|0 fnt
|faint|p1b: Archaludon
|
|win|vilan333
|raw|Wixums's rating: 1091 → 1072(-19 for losing)
|raw|vilan333's rating: 1153 → 1174(+21 for winning)
