|j|☆Star-Lined J
|j|☆prefessional
|html|Star-Lined Jprefessional    
|uhtml|bestof|Game 3 of a best-of-3
|t:|1756667207
|gametype|doubles
|player|p1|Star-Lined J|266|1122
|player|p2|prefessional|102|1086
|gen|9
|tier|[Gen 9] VGC 2025 Reg H (Bo3)
|rated|
|rule|Species Clause: Limit one of each Pokémon
|rule|Item Clause: Limit 1 of each item
|clearpoke
|poke|p1|Bronzong, L50|
|poke|p1|Araquanid, L50, F|
|poke|p1|Ursaluna, L50, F|
|poke|p1|Meowscarada, L50, M|
|poke|p1|Gliscor, L50, M|
|poke|p1|Chandelure, L50, F|
|poke|p2|Talonflame, L50, F|
|poke|p2|Garchomp, L50, F|
|poke|p2|Gholdengo, L50|
|poke|p2|Gyarados, L50, M|
|poke|p2|Annihilape, L50, M|
|poke|p2|Rillaboom, L50, M|
|teampreview|4
|showteam|p1|Bronzong||Leftovers|Levitate|GyroBall,TrickRoom,RainDance,Protect||||||50|,,,,,Ghost]Araquanid||SplashPlate|WaterBubble|Liquidation,LeechLife,WideGuard,Protect|||F|||50|,,,,,Water]Ursaluna||FlameOrb|Guts|Facade,HeadlongRush,Earthquake,Protect|||F|||50|,,,,,Fairy]Meowscarada||FocusSash|Overgrow|FlowerTrick,KnockOff,Taunt,Protect|||M|||50|,,,,,Grass]Gliscor||ToxicOrb|PoisonHeal|DualWingbeat,RockSlide,Tailwind,Protect|||M|||50|,,,,,Fairy]Chandelure||FlamePlate|FlashFire|ShadowBall,HeatWave,TrickRoom,Protect|||F|||50|,,,,,Grass
|showteam|p2|Talonflame||CovertCloak|GaleWings|Tailwind,BraveBird,FlareBlitz,Protect|||F|||50|,,,,,Ghost]Garchomp||LifeOrb|RoughSkin|Earthquake,DragonClaw,StompingTantrum,Protect|||F|||50|,,,,,Ground]Gholdengo||ChoiceSpecs|GoodasGold|MakeItRain,ShadowBall,Thunderbolt,PowerGem||||||50|,,,,,Steel]Gyarados||SafetyGoggles|Intimidate|Waterfall,Taunt,ThunderWave,Protect|||M|||50|,,,,,Water]Annihilape||SitrusBerry|Defiant|RageFist,DrainPunch,FinalGambit,BulkUp|||M|||50|,,,,,Fire]Rillaboom||MiracleSeed|GrassySurge|FakeOut,GrassyGlide,WoodHammer,Uturn|||M|||50|,,,,,Water
|inactive|Battle timer is ON: inactive players will automatically lose when time's up. (requested by Star-Lined J)
|
|t:|1756667214
|teamsize|p1|4
|teamsize|p2|4
|start
|switch|p1a: Gliscor|Gliscor, L50, M|100/100
|switch|p1b: Meowscarada|Meowscarada, L50, M|100/100
|switch|p2a: Talonflame|Talonflame, L50, F|100/100
|switch|p2b: Garchomp|Garchomp, L50, F|100/100
|turn|1
|inactive|prefessional has 30 seconds left.
|
|t:|1756667245
|move|p1b: Meowscarada|Protect|p1b: Meowscarada
|-singleturn|p1b: Meowscarada|Protect
|move|p2a: Talonflame|Tailwind|p2a: Talonflame
|-sidestart|p2: prefessional|move: Tailwind
|move|p2b: Garchomp|Dragon Claw|p1a: Gliscor
|-damage|p1a: Gliscor|51/100
|-damage|p2b: Garchomp|91/100|[from] item: Life Orb
|move|p1a: Gliscor|Tailwind|p1a: Gliscor
|-sidestart|p1: Star-Lined J|move: Tailwind
|
|-status|p1a: Gliscor|tox|[from] item: Toxic Orb
|upkeep
|turn|2
|inactive|prefessional has 30 seconds left.
|inactive|prefessional has 20 seconds left.
|inactive|prefessional has 15 seconds left.
|
|t:|1756667288
|move|p1a: Gliscor|Protect|p1a: Gliscor
|-singleturn|p1a: Gliscor|Protect
|move|p2a: Talonflame|Brave Bird|p1b: Meowscarada
|-supereffective|p1b: Meowscarada
|-enditem|p1b: Meowscarada|Focus Sash
|-damage|p1b: Meowscarada|1/100
|-damage|p2a: Talonflame|68/100|[from] Recoil
|move|p1b: Meowscarada|Flower Trick|p2b: Garchomp
|-crit|p2b: Garchomp
|-damage|p2b: Garchomp|18/100
|move|p2b: Garchomp|Dragon Claw|p1a: Gliscor
|-activate|p1a: Gliscor|move: Protect
|
|-heal|p1a: Gliscor|64/100 tox|[from] ability: Poison Heal
|upkeep
|turn|3
|inactive|prefessional has 30 seconds left.
|inactive|prefessional has 20 seconds left.
|inactive|prefessional has 15 seconds left.
|inactive|prefessional has 10 seconds left.
|
|t:|1756667333
|-terastallize|p1a: Gliscor|Fairy
|move|p2a: Talonflame|Protect|p2a: Talonflame
|-singleturn|p2a: Talonflame|Protect
|move|p1b: Meowscarada|Protect|p1b: Meowscarada
|-singleturn|p1b: Meowscarada|Protect
|move|p2b: Garchomp|Stomping Tantrum|p1b: Meowscarada
|-activate|p1b: Meowscarada|move: Protect
|move|p1a: Gliscor|Rock Slide|p2b: Garchomp|[spread] p2b
|-activate|p2a: Talonflame|move: Protect
|-resisted|p2b: Garchomp
|-damage|p2b: Garchomp|12/100
|
|-heal|p1a: Gliscor|76/100 tox|[from] ability: Poison Heal
|upkeep
|turn|4
|inactive|prefessional has 30 seconds left.
|
|t:|1756667359
|switch|p1b: Ursaluna|Ursaluna, L50, F|100/100
|move|p2a: Talonflame|Brave Bird|p1b: Ursaluna
|-damage|p1b: Ursaluna|71/100
|-damage|p2a: Talonflame|53/100|[from] Recoil
|move|p2b: Garchomp|Earthquake|p1a: Gliscor|[spread] p1a,p1b
|-immune|p2a: Talonflame
|-damage|p1a: Gliscor|33/100 tox
|-damage|p1b: Ursaluna|37/100
|-damage|p2b: Garchomp|2/100|[from] item: Life Orb
|move|p1a: Gliscor|Rock Slide|p2b: Garchomp|[spread] p2a,p2b
|-supereffective|p2a: Talonflame
|-resisted|p2b: Garchomp
|-damage|p2a: Talonflame|0 fnt
|-damage|p2b: Garchomp|0 fnt
|faint|p2a: Talonflame
|faint|p2b: Garchomp
|
|-heal|p1a: Gliscor|46/100 tox|[from] ability: Poison Heal
|-sideend|p1: Star-Lined J|move: Tailwind
|-sideend|p2: prefessional|move: Tailwind
|-status|p1b: Ursaluna|brn|[from] item: Flame Orb
|upkeep
|
|t:|1756667381
|switch|p2a: Gholdengo|Gholdengo, L50|100/100
|switch|p2b: Gyarados|Gyarados, L50, M|100/100
|-ability|p2b: Gyarados|Intimidate|boost
|-unboost|p1a: Gliscor|atk|1
|-unboost|p1b: Ursaluna|atk|1
|turn|5
|inactive|prefessional has 30 seconds left.
|inactive|prefessional has 20 seconds left.
|inactive|prefessional has 15 seconds left.
|
|t:|1756667423
|switch|p1b: Chandelure|Chandelure, L50, F|100/100
|-terastallize|p2b: Gyarados|Water
|move|p1a: Gliscor|Protect|p1a: Gliscor
|-singleturn|p1a: Gliscor|Protect
|move|p2a: Gholdengo|Shadow Ball|p1a: Gliscor
|-activate|p1a: Gliscor|move: Protect
|move|p2b: Gyarados|Waterfall|p1b: Chandelure
|-supereffective|p1b: Chandelure
|-damage|p1b: Chandelure|0 fnt
|faint|p1b: Chandelure
|
|-heal|p1a: Gliscor|58/100 tox|[from] ability: Poison Heal
|upkeep
|
|t:|1756667436
|switch|p1b: Ursaluna|Ursaluna, L50, F|37/100 brn
|turn|6
|
|t:|1756667460
|move|p1a: Gliscor|Tailwind|p1a: Gliscor
|-sidestart|p1: Star-Lined J|move: Tailwind
|move|p1b: Ursaluna|Earthquake|p2a: Gholdengo|[spread] p1a,p2a,p2b
|-supereffective|p2a: Gholdengo
|-damage|p1a: Gliscor|7/100 tox
|-damage|p2a: Gholdengo|0 fnt
|-damage|p2b: Gyarados|42/100
|faint|p2a: Gholdengo
|move|p2b: Gyarados|Waterfall|p1a: Gliscor
|-damage|p1a: Gliscor|0 fnt
|faint|p1a: Gliscor
|
|-damage|p1b: Ursaluna|31/100 brn|[from] brn
|upkeep
|-message|prefessional forfeited.
|
|win|Star-Lined J
|raw|Star-Lined J's rating: 1122 → 1144(+22 for winning)
|raw|prefessional's rating: 1086 → 1065(-21 for losing)
|l|☆prefessional
|player|p2|
