|j|☆sazar saifi
|j|☆Lorido
|html|sazar saifiLorido    
|uhtml|bestof|Game 1 of a best-of-3
|t:|1785338810
|gametype|doubles
|player|p1|sazar saifi|youngster-gen4dp|1207
|player|p2|Lorido|170|1276
|gen|9
|tier|[Gen 9 Champions] VGC 2026 Reg M-B (Bo3)
|rated|
|rule|Species Clause: Limit one of each Pokémon
|rule|Item Clause: Limit 1 of each item
|clearpoke
|poke|p1|Charizard, L50, M|
|poke|p1|Farigiraf, L50, M|
|poke|p1|Sylveon, L50, M|
|poke|p1|Aerodactyl, L50, M|
|poke|p1|Garchomp, L50, F|
|poke|p1|Kingambit, L50, M|
|poke|p2|Delphox, L50, F|
|poke|p2|Incineroar, L50, F|
|poke|p2|Floette-Eternal, L50, F|
|poke|p2|Kingambit, L50, F|
|poke|p2|Sinistcha, L50|
|poke|p2|Sneasler, L50, M|
|teampreview|4
|showteam|p1|Charizard||CharizarditeY|Blaze|WeatherBall,HeatWave,SolarBeam,Protect|Modest||M|||50|]Farigiraf||SitrusBerry|ArmorTail|Protect,HelpingHand,Psyshock,TrickRoom|Calm||M|||50|]Sylveon||FairyFeather|Pixilate|HyperVoice,QuickAttack,HyperBeam,Detect|Modest||M|||50|]Aerodactyl||Aerodactylite|RockHead|Tailwind,RockSlide,IceFang,DualWingbeat|Jolly||M|||50|]Garchomp||LifeOrb|RoughSkin|StompingTantrum,DragonClaw,Earthquake,Protect|Jolly||F|||50|]Kingambit||FocusSash|Defiant|KowtowCleave,LowKick,IronHead,SuckerPunch|Adamant||M|||50|
|showteam|p2|Delphox||Delphoxite|Blaze|HeatWave,Psychic,NastyPlot,Protect|Timid||F|||50|]Incineroar||SitrusBerry|Intimidate|FlareBlitz,DarkestLariat,FakeOut,PartingShot|Careful||F|||50|]Floette-Eternal||Floettite|FlowerVeil|DazzlingGleam,DrainingKiss,CalmMind,Protect|Bold||F|||50|]Kingambit||BlackGlasses|Defiant|KowtowCleave,SuckerPunch,SwordsDance,Protect|Adamant||F|||50|]Sinistcha||OccaBerry|Hospitality|MatchaGotcha,RagePowder,TrickRoom,Protect|Bold|||||50|]Sneasler||FocusSash|PoisonTouch|CloseCombat,PoisonJab,FakeOut,QuickGuard|Jolly||M|||50|
|inactive|Battle timer is ON: inactive players will automatically lose when time's up. (requested by sazar saifi)
|inactive|Lorido has 60 seconds left.
|
|t:|1785338870
|teamsize|p1|4
|teamsize|p2|4
|start
|switch|p1a: Kingambit|Kingambit, L50, M|100/100
|switch|p1b: Aerodactyl|Aerodactyl, L50, M|100/100
|switch|p2a: Delphox|Delphox, L50, F|100/100
|switch|p2b: Incineroar|Incineroar, L50, F|100/100
|-ability|p2b: Incineroar|Intimidate|boost
|-unboost|p1a: Kingambit|atk|1
|-ability|p1a: Kingambit|Defiant|boost
|-boost|p1a: Kingambit|atk|2
|-unboost|p1b: Aerodactyl|atk|1
|turn|1
|
|t:|1785338894
|detailschange|p1b: Aerodactyl|Aerodactyl-Mega, L50, M
|-mega|p1b: Aerodactyl|Aerodactyl|Aerodactylite
|detailschange|p2a: Delphox|Delphox-Mega, L50, F
|-mega|p2a: Delphox|Delphox|Delphoxite
|move|p2b: Incineroar|Fake Out|p1b: Aerodactyl
|-resisted|p1b: Aerodactyl|1
|-damage|p1b: Aerodactyl|93/100
|cant|p1b: Aerodactyl|flinch
|move|p2a: Delphox|Heat Wave|p1a: Kingambit|[spread] p1a,p1b
|-supereffective|p1a: Kingambit|1
|-resisted|p1b: Aerodactyl|1
|-damage|p1a: Kingambit|10/100
|-damage|p1b: Aerodactyl|70/100
|move|p1a: Kingambit|Kowtow Cleave|p2a: Delphox
|-supereffective|p2a: Delphox|1
|-damage|p2a: Delphox|0 fnt
|faint|p2a: Delphox
|
|upkeep
|
|t:|1785338908
|switch|p2a: Sneasler|Sneasler, L50, M|100/100
|turn|2
|inactive|Lorido has 30 seconds left.
|
|t:|1785338937
|switch|p1a: Farigiraf|Farigiraf, L50, M|100/100
|move|p2a: Sneasler|Fake Out||[still]
|cant|p1a: Farigiraf|ability: Armor Tail|Fake Out|[of] p2a: Sneasler
|move|p1b: Aerodactyl|Dual Wingbeat|p2a: Sneasler|[miss]
|-miss|p1b: Aerodactyl|p2a: Sneasler
|move|p2b: Incineroar|Darkest Lariat|p1b: Aerodactyl
|-crit|p1b: Aerodactyl
|-damage|p1b: Aerodactyl|5/100
|
|upkeep
|turn|3
|inactive|Lorido has 30 seconds left.
|
|t:|1785338965
|switch|p2a: Sinistcha|Sinistcha, L50|100/100
|move|p1b: Aerodactyl|Tailwind|p1b: Aerodactyl
|-sidestart|p1: sazar saifi|move: Tailwind
|move|p1a: Farigiraf|Psyshock|p2a: Sinistcha
|-damage|p2a: Sinistcha|78/100
|move|p2b: Incineroar|Darkest Lariat|p1b: Aerodactyl
|-damage|p1b: Aerodactyl|0 fnt
|faint|p1b: Aerodactyl
|
|upkeep
|
|t:|1785338975
|switch|p1b: Garchomp|Garchomp, L50, F|100/100
|turn|4
|
|t:|1785338986
|switch|p2b: Sneasler|Sneasler, L50, M|100/100
|move|p1a: Farigiraf|Helping Hand|p1b: Garchomp
|-singleturn|p1b: Garchomp|Helping Hand|[of] p1a: Farigiraf
|move|p1b: Garchomp|Dragon Claw|p2a: Sinistcha
|-damage|p2a: Sinistcha|17/100
|-damage|p1b: Garchomp|90/100|[from] item: Life Orb
|move|p2a: Sinistcha|Trick Room|p2a: Sinistcha
|-fieldstart|move: Trick Room|[of] p2a: Sinistcha
|
|upkeep
|turn|5
|
|t:|1785339003
|switch|p2b: Incineroar|Incineroar, L50, F|100/100
|-ability|p2b: Incineroar|Intimidate|boost
|-unboost|p1a: Farigiraf|atk|1
|-unboost|p1b: Garchomp|atk|1
|move|p2a: Sinistcha|Matcha Gotcha|p1b: Garchomp|[spread] p1a,p1b
|-damage|p1a: Farigiraf|76/100
|-heal|p2a: Sinistcha|33/100|[from] drain|[of] p1a: Farigiraf
|-damage|p1b: Garchomp|62/100
|-heal|p2a: Sinistcha|47/100|[from] drain|[of] p1b: Garchomp
|move|p1a: Farigiraf|Psyshock|p2b: Incineroar
|-immune|p2b: Incineroar
|move|p1b: Garchomp|Stomping Tantrum|p2b: Incineroar
|-supereffective|p2b: Incineroar|1
|-damage|p2b: Incineroar|48/100
|-enditem|p2b: Incineroar|Sitrus Berry|[eat]
|-heal|p2b: Incineroar|73/100|[from] item: Sitrus Berry
|-damage|p1b: Garchomp|52/100|[from] item: Life Orb
|
|upkeep
|turn|6
|
|t:|1785339023
|move|p1a: Farigiraf|Protect|p1a: Farigiraf
|-singleturn|p1a: Farigiraf|Protect
|move|p1b: Garchomp|Protect|p1b: Garchomp
|-singleturn|p1b: Garchomp|Protect
|move|p2b: Incineroar|Darkest Lariat|p1a: Farigiraf
|-activate|p1a: Farigiraf|move: Protect
|move|p2a: Sinistcha|Matcha Gotcha|p1a: Farigiraf|[spread] 
|-activate|p1a: Farigiraf|move: Protect
|-activate|p1b: Garchomp|move: Protect
|
|-sideend|p1: sazar saifi|move: Tailwind
|upkeep
|turn|7
|
|t:|1785339042
|move|p1a: Farigiraf|Helping Hand|p1b: Garchomp
|-singleturn|p1b: Garchomp|Helping Hand|[of] p1a: Farigiraf
|move|p2b: Incineroar|Darkest Lariat|p1b: Garchomp
|-damage|p1b: Garchomp|16/100
|-damage|p2b: Incineroar|60/100|[from] ability: Rough Skin|[of] p1b: Garchomp
|move|p2a: Sinistcha|Matcha Gotcha|p1b: Garchomp|[spread] p1a,p1b
|-damage|p1a: Farigiraf|53/100
|-heal|p2a: Sinistcha|62/100|[from] drain|[of] p1a: Farigiraf
|-damage|p1b: Garchomp|0 fnt
|-heal|p2a: Sinistcha|71/100|[from] drain|[of] p1b: Garchomp
|faint|p1b: Garchomp
|
|upkeep
|
|t:|1785339053
|switch|p1b: Kingambit|Kingambit, L50, M|10/100
|turn|8
|-message|sazar saifi forfeited.
|
|win|Lorido
|l|☆sazar saifi
|player|p1|
