|j|☆lakaka siuuu
|j|☆pirro9
|html|lakaka siuuupirro9    
|uhtml|bestof|Game 2 of a best-of-3
|t:|1782480148
|gametype|doubles
|player|p1|lakaka siuuu|expert-gen6|1339
|player|p2|pirro9|101|1252
|gen|9
|tier|[Gen 9 Champions] VGC 2026 Reg M-B (Bo3)
|rated|
|rule|Species Clause: Limit one of each Pokémon
|rule|Item Clause: Limit 1 of each item
|clearpoke
|poke|p1|Floette-Eternal, L50, F|
|poke|p1|Sinistcha, L50|
|poke|p1|Incineroar, L50, M|
|poke|p1|Delphox, L50, M|
|poke|p1|Kingambit, L50, M|
|poke|p1|Sneasler, L50, M|
|poke|p2|Blastoise, L50, F|
|poke|p2|Incineroar, L50, M|
|poke|p2|Maushold, L50|
|poke|p2|Sinistcha, L50|
|poke|p2|Charizard, L50, F|
|poke|p2|Sneasler, L50, F|
|teampreview|4
|showteam|p1|Floette-Eternal||Floettite|FlowerVeil|Moonblast,DazzlingGleam,CalmMind,Protect|Modest||F|||50|]Sinistcha||ColburBerry|Hospitality|MatchaGotcha,RagePowder,Protect,TrickRoom|Bold|||||50|]Incineroar||SitrusBerry|Intimidate|FlareBlitz,PartingShot,FakeOut,HelpingHand|Careful||M|||50|]Delphox||Delphoxite|Blaze|HeatWave,Psyshock,NastyPlot,Protect|Timid||M|||50|]Kingambit||BlackGlasses|Defiant|KowtowCleave,SuckerPunch,SwordsDance,Protect|Adamant||M|||50|]Sneasler||FocusSash|Unburden|CloseCombat,DireClaw,FakeOut,QuickGuard|Jolly||M|||50|
|showteam|p2|Blastoise||Blastoisinite|RainDish|DarkPulse,WaterSpout,Protect,ShellSmash|Modest||F|||50|]Incineroar||SitrusBerry|Intimidate|FlareBlitz,FakeOut,PartingShot,Roar|Impish||M|||50|]Maushold||FocusSash|FriendGuard|Feint,Protect,FollowMe,Taunt|Impish|||||50|]Sinistcha||KasibBerry|Hospitality|EnergyBall,RagePowder,MatchaGotcha,LifeDew|Relaxed|||||50|]Charizard||CharizarditeX|Blaze|FirePunch,DragonDance,BreakingSwipe,Protect|Adamant||F|||50|]Sneasler||WhiteHerb|Unburden|FakeOut,Coaching,CloseCombat,DireClaw|Adamant||F|||50|
|
|t:|1782480191
|teamsize|p1|4
|teamsize|p2|4
|start
|switch|p1a: Floette|Floette-Eternal, L50, F|100/100
|switch|p1b: Vigile|Sneasler, L50, M|100/100
|switch|p2a: Blastoise|Blastoise, L50, F|100/100
|switch|p2b: Sneasler|Sneasler, L50, F|100/100
|turn|1
|
|t:|1782480215
|detailschange|p2a: Blastoise|Blastoise-Mega, L50, F
|-mega|p2a: Blastoise|Blastoise|Blastoisinite
|detailschange|p1a: Floette|Floette-Mega, L50, F
|-mega|p1a: Floette|Floette|Floettite
|-ability|p1a: Floette|Fairy Aura
|move|p1b: Vigile|Fake Out|p2b: Sneasler
|-damage|p2b: Sneasler|73/100
|cant|p2b: Sneasler|flinch
|move|p1a: Floette|Dazzling Gleam|p2a: Blastoise|[spread] p2a,p2b
|-crit|p2b: Sneasler
|-damage|p2a: Blastoise|53/100
|-damage|p2b: Sneasler|0 fnt
|faint|p2b: Sneasler
|move|p2a: Blastoise|Shell Smash|p2a: Blastoise
|-unboost|p2a: Blastoise|def|1
|-unboost|p2a: Blastoise|spd|1
|-boost|p2a: Blastoise|atk|2
|-boost|p2a: Blastoise|spa|2
|-boost|p2a: Blastoise|spe|2
|
|upkeep
|
|t:|1782480233
|switch|p2b: Sinistcha|Sinistcha, L50|100/100
|-heal|p2a: Blastoise|78/100|[from] ability: Hospitality|[of] p2b: Sinistcha
|turn|2
|
|t:|1782480244
|switch|p2b: Maushold|Maushold, L50|100/100
|move|p2a: Blastoise|Protect|p2a: Blastoise
|-singleturn|p2a: Blastoise|Protect
|move|p1b: Vigile|Dire Claw|p2a: Blastoise
|-activate|p2a: Blastoise|move: Protect
|move|p1a: Floette|Dazzling Gleam|p2b: Maushold|[spread] p2b
|-activate|p2a: Blastoise|move: Protect
|-damage|p2b: Maushold|51/100
|
|upkeep
|turn|3
|
|t:|1782480278
|switch|p2b: Sinistcha|Sinistcha, L50|100/100
|-heal|p2a: Blastoise|100/100|[from] ability: Hospitality|[of] p2b: Sinistcha
|move|p2a: Blastoise|Protect|p2a: Blastoise
|-singleturn|p2a: Blastoise|Protect
|move|p1b: Vigile|Close Combat|p2a: Blastoise
|-activate|p2a: Blastoise|move: Protect
|move|p1a: Floette|Dazzling Gleam|p2b: Sinistcha|[spread] p2b
|-activate|p2a: Blastoise|move: Protect
|-crit|p2b: Sinistcha
|-damage|p2b: Sinistcha|32/100
|
|upkeep
|turn|4
|
|t:|1782480296
|move|p2b: Sinistcha|Rage Powder|p2b: Sinistcha
|-singleturn|p2b: Sinistcha|move: Rage Powder
|move|p2a: Blastoise|Water Spout|p1b: Vigile|[spread] p1a,p1b
|-damage|p1a: Floette|6/100
|-enditem|p1b: Vigile|Focus Sash
|-damage|p1b: Vigile|1/100
|move|p1b: Vigile|Dire Claw|p2b: Sinistcha
|-damage|p2b: Sinistcha|0 fnt
|faint|p2b: Sinistcha
|move|p1a: Floette|Dazzling Gleam|p2a: Blastoise
|-damage|p2a: Blastoise|10/100
|
|upkeep
|
|t:|1782480310
|switch|p2b: Maushold|Maushold, L50|51/100
|turn|5
|
|t:|1782480343
|switch|p1b: Il Conto?|Sinistcha, L50|100/100
|-heal|p1a: Floette|31/100|[from] ability: Hospitality|[of] p1b: Il Conto?
|move|p2b: Maushold|Follow Me|p2b: Maushold
|-singleturn|p2b: Maushold|move: Follow Me
|move|p2a: Blastoise|Water Spout|p1b: Il Conto?|[spread] p1a,p1b
|-resisted|p1b: Il Conto?|1
|-damage|p1a: Floette|20/100y
|-damage|p1b: Il Conto?|93/100
|move|p1a: Floette|Dazzling Gleam|p2b: Maushold|[spread] p2a,p2b
|-damage|p2a: Blastoise|0 fnt
|-damage|p2b: Maushold|2/100
|faint|p2a: Blastoise
|
|upkeep
|turn|6
|-message|pirro9 forfeited.
|
|win|lakaka siuuu
|raw|lakaka siuuu's rating: 1339 → 1354(+15 for winning)
|raw|pirro9's rating: 1252 → 1233(-19 for losing)
|l|☆pirro9
|player|p2|
|c|☆lakaka siuuu|gg
