|j|☆shiroblast
|j|☆kbcao
|html|shiroblastkbcao    
|uhtml|bestof|Game 2 of a best-of-3
|t:|1786045057
|gametype|doubles
|player|p1|shiroblast|benga|
|player|p2|kbcao|101|
|gen|9
|tier|[Gen 9 Champions] VGC 2026 Reg M-B (Bo3)
|rule|Species Clause: Limit one of each Pokémon
|rule|Item Clause: Limit 1 of each item
|clearpoke
|poke|p1|Swampert, L50, F|
|poke|p1|Archaludon, L50, F|
|poke|p1|Tyranitar, L50, M|
|poke|p1|Pelipper, L50, F|
|poke|p1|Mawile, L50, F|
|poke|p1|Sinistcha-Masterpiece, L50|
|poke|p2|Staraptor, L50, M|
|poke|p2|Garchomp, L50, M|
|poke|p2|Delphox, L50, M|
|poke|p2|Primarina, L50, M|
|poke|p2|Kingambit, L50, F|
|poke|p2|Sinistcha, L50|
|teampreview|4
|showteam|p1|Swampert||Swampertite|Torrent|WaveCrash,IcePunch,Earthquake,Protect|Adamant||F|||50|]Archaludon||Leftovers|Stamina|DragonPulse,ElectroShot,FlashCannon,Protect|Calm||F|||50|]Tyranitar||LifeOrb|SandStream|KnockOff,RockSlide,StompingTantrum,Protect|Jolly||M|||50|]Pelipper||FocusSash|Drizzle|Hurricane,HelpingHand,Tailwind,WideGuard|Timid||F|||50|]Mawile||Mawilite|Intimidate|SuckerPunch,PlayRough,SwordsDance,Protect|Adamant||F|||50|]Sinistcha-Masterpiece||CobaBerry|Hospitality|RagePowder,MatchaGotcha,TrickRoom,Protect|Calm|||||50|
|showteam|p2|Staraptor||Staraptite|Intimidate|Protect,Tailwind,CloseCombat,BraveBird|Jolly||M|||50|]Garchomp||LifeOrb|RoughSkin|Protect,RockSlide,Earthquake,DragonClaw|Jolly||M|||50|]Delphox||Delphoxite|Magician|Protect,Psychic,HeatWave,Substitute|Timid||M|||50|]Primarina||Leftovers|LiquidVoice|Moonblast,HyperVoice,Protect,CalmMind|Modest||M|||50|]Kingambit||BlackGlasses|Defiant|SuckerPunch,KowtowCleave,IronHead,Protect|Adamant||F|||50|]Sinistcha||SitrusBerry|Hospitality|MatchaGotcha,RagePowder,Protect,TrickRoom|Bold|||||50|
|
|t:|1786045144
|teamsize|p1|4
|teamsize|p2|4
|start
|switch|p1a: Mawile|Mawile, L50, F|100/100
|switch|p1b: Sinistcha|Sinistcha-Masterpiece, L50|100/100
|switch|p2a: Staraptor|Staraptor, L50, M|100/100
|switch|p2b: Garchomp|Garchomp, L50, M|100/100
|-ability|p2a: Staraptor|Intimidate|boost
|-unboost|p1a: Mawile|atk|1
|-unboost|p1b: Sinistcha|atk|1
|-ability|p1a: Mawile|Intimidate|boost
|-unboost|p2a: Staraptor|atk|1
|-unboost|p2b: Garchomp|atk|1
|turn|1
|
|t:|1786045178
|detailschange|p2a: Staraptor|Staraptor-Mega, L50, M
|-mega|p2a: Staraptor|Staraptor|Staraptite
|detailschange|p1a: Mawile|Mawile-Mega, L50, F
|-mega|p1a: Mawile|Mawile|Mawilite
|move|p1a: Mawile|Protect|p1a: Mawile
|-singleturn|p1a: Mawile|Protect
|move|p2a: Staraptor|Close Combat|p1a: Mawile
|-activate|p1a: Mawile|move: Protect
|move|p2b: Garchomp|Earthquake|p1a: Mawile|[spread] p1b
|-activate|p1a: Mawile|move: Protect
|-immune|p2a: Staraptor
|-resisted|p1b: Sinistcha|1
|-damage|p1b: Sinistcha|85/100
|-damage|p2b: Garchomp|90/100|[from] item: Life Orb
|move|p1b: Sinistcha|Trick Room|p1b: Sinistcha
|-fieldstart|move: Trick Room|[of] p1b: Sinistcha
|
|upkeep
|turn|2
|
|t:|1786045213
|switch|p2b: Primarina|Primarina, L50, M|100/100
|move|p1b: Sinistcha|Rage Powder|p1b: Sinistcha
|-singleturn|p1b: Sinistcha|move: Rage Powder
|move|p1a: Mawile|Play Rough|p2b: Primarina
|-damage|p2b: Primarina|36/100
|move|p2a: Staraptor|Brave Bird|p1b: Sinistcha
|-supereffective|p1b: Sinistcha|1
|-enditem|p1b: Sinistcha|Coba Berry|[eat]
|-enditem|p1b: Sinistcha|Coba Berry|[weaken]
|-damage|p1b: Sinistcha|49/100
|-damage|p2a: Staraptor|88/100|[from] Recoil
|
|-heal|p2b: Primarina|42/100|[from] item: Leftovers
|upkeep
|turn|3
|
|t:|1786045279
|switch|p1a: Swampert|Swampert, L50, F|100/100
|move|p2b: Primarina|Protect|p2b: Primarina
|-singleturn|p2b: Primarina|Protect
|move|p2a: Staraptor|Protect|p2a: Staraptor
|-singleturn|p2a: Staraptor|Protect
|move|p1b: Sinistcha|Matcha Gotcha|p2b: Primarina|[spread] 
|-activate|p2a: Staraptor|move: Protect
|-activate|p2b: Primarina|move: Protect
|
|-heal|p2b: Primarina|48/100|[from] item: Leftovers
|upkeep
|turn|4
|
|t:|1786045313
|move|p2b: Primarina|Moonblast|p1a: Swampert
|-damage|p1a: Swampert|53/100
|move|p1b: Sinistcha|Matcha Gotcha|p2b: Primarina|[spread] p2a
|-miss|p1b: Sinistcha|p2b: Primarina
|-resisted|p2a: Staraptor|1
|-damage|p2a: Staraptor|76/100
|-heal|p1b: Sinistcha|56/100|[from] drain|[of] p2a: Staraptor
|move|p1a: Swampert|Wave Crash|p2a: Staraptor
|-damage|p2a: Staraptor|13/100
|-damage|p1a: Swampert|30/100|[from] Recoil
|move|p2a: Staraptor|Brave Bird|p1b: Sinistcha
|-supereffective|p1b: Sinistcha|1
|-damage|p1b: Sinistcha|0 fnt
|faint|p1b: Sinistcha
|-damage|p2a: Staraptor|0 fnt|[from] Recoil
|faint|p2a: Staraptor
|
|-heal|p2b: Primarina|55/100|[from] item: Leftovers
|upkeep
|
|t:|1786045336
|switch|p1b: Mawile|Mawile-Mega, L50, F|100/100
|switch|p2a: Kingambit|Kingambit, L50, F|100/100
|turn|5
|
|t:|1786045364
|move|p2b: Primarina|Protect|p2b: Primarina
|-singleturn|p2b: Primarina|Protect
|move|p1a: Swampert|Protect|p1a: Swampert
|-singleturn|p1a: Swampert|Protect
|move|p2a: Kingambit|Sucker Punch||[still]
|-fail|p2a: Kingambit
|move|p1b: Mawile|Play Rough|p2b: Primarina
|-activate|p2b: Primarina|move: Protect
|
|-heal|p2b: Primarina|61/100|[from] item: Leftovers
|-fieldend|move: Trick Room
|upkeep
|turn|6
|
|t:|1786045413
|move|p1b: Mawile|Protect|p1b: Mawile
|-singleturn|p1b: Mawile|Protect
|move|p1a: Swampert|Earthquake|p2b: Primarina|[spread] p2a,p2b
|-activate|p1b: Mawile|move: Protect
|-supereffective|p2a: Kingambit|1
|-damage|p2a: Kingambit|41/100
|-damage|p2b: Primarina|25/100
|move|p2b: Primarina|Hyper Voice|p1b: Mawile|[spread] p1a
|-activate|p1b: Mawile|move: Protect
|-damage|p1a: Swampert|0 fnt
|faint|p1a: Swampert
|move|p2a: Kingambit|Iron Head|p1b: Mawile
|-activate|p1b: Mawile|move: Protect
|
|-heal|p2b: Primarina|31/100|[from] item: Leftovers
|upkeep
|
|t:|1786045426
|switch|p1a: Archaludon|Archaludon, L50, F|100/100
|turn|7
|
|t:|1786045455
|move|p1a: Archaludon|Electro Shot||[still]
|-prepare|p1a: Archaludon|Electro Shot
|-boost|p1a: Archaludon|spa|1
|move|p2b: Primarina|Moonblast|p1b: Mawile
|-resisted|p1b: Mawile|1
|-damage|p1b: Mawile|72/100
|move|p2a: Kingambit|Iron Head|p1b: Mawile
|-damage|p1b: Mawile|25/100
|move|p1b: Mawile|Play Rough|p2a: Kingambit
|-damage|p2a: Kingambit|0 fnt
|faint|p2a: Kingambit
|
|-heal|p2b: Primarina|38/100|[from] item: Leftovers
|upkeep
|
|t:|1786045468
|switch|p2a: Garchomp|Garchomp, L50, M|90/100
|turn|8
|
|t:|1786045481
|move|p2b: Primarina|Protect|p2b: Primarina
|-singleturn|p2b: Primarina|Protect
|move|p2a: Garchomp|Earthquake|p1a: Archaludon|[spread] p1a,p1b
|-activate|p2b: Primarina|move: Protect
|-supereffective|p1a: Archaludon|1
|-supereffective|p1b: Mawile|1
|-damage|p1a: Archaludon|30/100
|-damage|p1b: Mawile|0 fnt
|-ability|p1a: Archaludon|Stamina|boost
|-boost|p1a: Archaludon|def|1
|faint|p1b: Mawile
|-damage|p2a: Garchomp|80/100|[from] item: Life Orb
|move|p1a: Archaludon|Electro Shot|p2b: Primarina|[from] lockedmove
|-activate|p2b: Primarina|move: Protect
|
|-heal|p1a: Archaludon|36/100|[from] item: Leftovers
|-heal|p2b: Primarina|44/100|[from] item: Leftovers
|upkeep
|turn|9
|
|t:|1786045521
|move|p2a: Garchomp|Dragon Claw|p1a: Archaludon
|-damage|p1a: Archaludon|14/100
|-ability|p1a: Archaludon|Stamina|boost
|-boost|p1a: Archaludon|def|1
|-damage|p2a: Garchomp|71/100|[from] item: Life Orb
|move|p1a: Archaludon|Flash Cannon|p2b: Primarina
|-damage|p2b: Primarina|0 fnt
|faint|p2b: Primarina
|
|-heal|p1a: Archaludon|20/100y|[from] item: Leftovers
|upkeep
|turn|10
|
|t:|1786045535
|move|p2a: Garchomp|Earthquake|p1a: Archaludon
|-supereffective|p1a: Archaludon|1
|-damage|p1a: Archaludon|0 fnt
|faint|p1a: Archaludon
|-damage|p2a: Garchomp|61/100|[from] item: Life Orb
|
|win|kbcao
|l|☆kbcao
|player|p2|
