|j|☆TheDark69420
|j|☆lolgz
|html|TheDark69420lolgz    
|uhtml|bestof|Game 2 of a best-of-3
|t:|1784881923
|gametype|doubles
|player|p1|TheDark69420|ghetsis-gen5bw|1276
|player|p2|lolgz|dawn|1324
|gen|9
|tier|[Gen 9 Champions] VGC 2026 Reg M-B (Bo3)
|rated|
|rule|Species Clause: Limit one of each Pokémon
|rule|Item Clause: Limit 1 of each item
|clearpoke
|poke|p1|Gengar, L50, F|
|poke|p1|Incineroar, L50, M|
|poke|p1|Kommo-o, L50, M|
|poke|p1|Raichu, L50, M|
|poke|p1|Ninetales-Alola, L50, M|
|poke|p1|Volcarona, L50, M|
|poke|p2|Blastoise, L50, M|
|poke|p2|Vivillon, L50, M|
|poke|p2|Farigiraf, L50, M|
|poke|p2|Gallade, L50, M|
|poke|p2|Kingambit, L50, F|
|poke|p2|Camerupt, L50, M|
|teampreview|4
|showteam|p1|Gengar||Gengarite|CursedBody|SludgeBomb,ShadowBall,Substitute,Protect|Modest||F|||50|]Incineroar||PasshoBerry|Intimidate|FlareBlitz,ThroatChop,FakeOut,PartingShot|Adamant||M|||50|]Kommo-o||Leftovers|Soundproof|ClangingScales,AuraSphere,ClangorousSoul,Protect|Modest||M|||50|]Raichu||RaichuniteX|LightningRod|VoltTackle,VoltSwitch,FakeOut,Protect|Jolly||M|||50|]Ninetales-Alola||ChoiceScarf|SnowWarning|Blizzard,FreezeDry,IcyWind,Moonblast|Timid||M|||50|]Volcarona||SitrusBerry|FlameBody|Flamethrower,StruggleBug,RagePowder,Protect|Bold||M|||50|
|showteam|p2|Blastoise||Blastoisinite|Torrent|WaterSpout,DarkPulse,FakeOut,ShellSmash|Modest||M|||50|]Vivillon||ChoiceScarf|CompoundEyes|SleepPowder,RagePowder,Tailwind,Hurricane|Timid||M|||50|]Farigiraf||SitrusBerry|ArmorTail|TrickRoom,Psychic,HelpingHand,Protect|Relaxed||M|||50|]Gallade||IronBall|Sharpness|SacredSword,PsychoCut,LeafBlade,TrickRoom|Brave||M|||50|]Kingambit||LifeOrb|Defiant|SuckerPunch,KowtowCleave,IronHead,Protect|Brave||F|||50|]Camerupt||Cameruptite|MagmaArmor|HeatWave,EarthPower,AncientPower,Protect|Quiet||M|||50|
|inactive|Battle timer is ON: inactive players will automatically lose when time's up. (requested by lolgz)
|inactive|TheDark69420 also wants the timer to be on.
|
|t:|1784881945
|teamsize|p1|4
|teamsize|p2|4
|start
|switch|p1a: Raichu|Raichu, L50, M|100/100
|switch|p1b: Kommo-o|Kommo-o, L50, M|100/100
|switch|p2a: Vivillon|Vivillon, L50, M|100/100
|switch|p2b: Blastoise|Blastoise, L50, M|100/100
|turn|1
|
|t:|1784881958
|switch|p2b: Farigiraf|Farigiraf, L50, M|100/100
|detailschange|p1a: Raichu|Raichu-Mega-X, L50, M
|-mega|p1a: Raichu|Raichu|Raichunite X
|-fieldstart|move: Electric Terrain|[from] ability: Electric Surge|[of] p1a: Raichu
|move|p2a: Vivillon|Hurricane|p1b: Kommo-o
|-supereffective|p1b: Kommo-o|1
|-damage|p1b: Kommo-o|4/100
|move|p1a: Raichu|Volt Tackle|p2b: Farigiraf
|-crit|p2b: Farigiraf
|-damage|p2b: Farigiraf|8/100
|-enditem|p2b: Farigiraf|Sitrus Berry|[eat]
|-heal|p2b: Farigiraf|33/100|[from] item: Sitrus Berry
|-damage|p1a: Raichu|56/100|[from] Recoil
|move|p1b: Kommo-o|Clanging Scales|p2a: Vivillon|[spread] p2a,p2b
|-damage|p2a: Vivillon|27/100
|-damage|p2b: Farigiraf|0 fnt
|faint|p2b: Farigiraf
|-unboost|p1b: Kommo-o|def|1
|
|-heal|p1b: Kommo-o|10/100|[from] item: Leftovers
|upkeep
|
|t:|1784881961
|switch|p2b: Gallade|Gallade, L50, M|100/100
|turn|2
|
|t:|1784881973
|move|p1a: Raichu|Protect|p1a: Raichu
|-singleturn|p1a: Raichu|Protect
|move|p2a: Vivillon|Hurricane|p1b: Kommo-o
|-supereffective|p1b: Kommo-o|1
|-damage|p1b: Kommo-o|0 fnt
|faint|p1b: Kommo-o
|move|p2b: Gallade|Trick Room|p2b: Gallade
|-fieldstart|move: Trick Room|[of] p2b: Gallade
|
|upkeep
|
|t:|1784881977
|switch|p1b: Incineroar|Incineroar, L50, M|100/100
|-ability|p1b: Incineroar|Intimidate|boost
|-unboost|p2a: Vivillon|atk|1
|-unboost|p2b: Gallade|atk|1
|turn|3
|
|t:|1784881985
|move|p1b: Incineroar|Fake Out|p2b: Gallade
|-damage|p2b: Gallade|81/100
|cant|p2b: Gallade|flinch
|move|p1a: Raichu|Volt Switch|p2a: Vivillon
|-supereffective|p2a: Vivillon|1
|-damage|p2a: Vivillon|0 fnt
|faint|p2a: Vivillon
|
|t:|1784881987
|switch|p1a: Volcarona|Volcarona, L50, M|100/100|[from] Volt Switch
|
|upkeep
|
|t:|1784881992
|switch|p2a: Blastoise|Blastoise, L50, M|100/100
|turn|4
|inactive|TheDark69420 has 30 seconds left.
|
|t:|1784882021
|detailschange|p2a: Blastoise|Blastoise-Mega, L50, M
|-mega|p2a: Blastoise|Blastoise|Blastoisinite
|move|p1a: Volcarona|Rage Powder|p1a: Volcarona
|-singleturn|p1a: Volcarona|move: Rage Powder
|move|p2b: Gallade|Sacred Sword|p1a: Volcarona
|-resisted|p1a: Volcarona|1
|-damage|p1a: Volcarona|77/100
|move|p1b: Incineroar|Throat Chop|p2a: Blastoise
|-damage|p2a: Blastoise|65/100
|-start|p2a: Blastoise|Throat Chop|[silent]
|move|p2a: Blastoise|Water Spout|p1a: Volcarona|[spread] p1a,p1b
|-supereffective|p1a: Volcarona|1
|-supereffective|p1b: Incineroar|1
|-crit|p1b: Incineroar
|-enditem|p1b: Incineroar|Passho Berry|[eat]
|-enditem|p1b: Incineroar|Passho Berry|[weaken]
|-damage|p1a: Volcarona|0 fnt
|-damage|p1b: Incineroar|40/100
|faint|p1a: Volcarona
|
|upkeep
|
|t:|1784882035
|switch|p1a: Raichu|Raichu-Mega-X, L50, M|56/100
|turn|5
|
|t:|1784882040
|move|p1a: Raichu|Fake Out|p2b: Gallade
|-damage|p2b: Gallade|64/100
|cant|p2b: Gallade|flinch
|move|p1b: Incineroar|Throat Chop|p2a: Blastoise
|-damage|p2a: Blastoise|29/100
|move|p2a: Blastoise|Water Spout|p1b: Incineroar|[spread] p1a,p1b
|-supereffective|p1b: Incineroar|1
|-damage|p1a: Raichu|32/100
|-damage|p1b: Incineroar|4/100
|
|-end|p2a: Blastoise|Throat Chop|[silent]
|-fieldend|move: Electric Terrain
|upkeep
|turn|6
|
|t:|1784882054
|move|p1a: Raichu|Protect|p1a: Raichu
|-singleturn|p1a: Raichu|Protect
|move|p2b: Gallade|Sacred Sword|p1a: Raichu
|-activate|p1a: Raichu|move: Protect
|move|p1b: Incineroar|Throat Chop|p2a: Blastoise
|-damage|p2a: Blastoise|0 fnt
|faint|p2a: Blastoise
|
|-fieldend|move: Trick Room
|upkeep
|turn|7
|
|t:|1784882060
|move|p1a: Raichu|Volt Switch|p2b: Gallade
|-damage|p2b: Gallade|46/100
|move|p1b: Incineroar|Flare Blitz|p2b: Gallade
|-damage|p2b: Gallade|0 fnt
|faint|p2b: Gallade
|-damage|p1b: Incineroar|0 fnt|[from] Recoil
|faint|p1b: Incineroar
|
|win|TheDark69420
