|j|☆new mental
|j|☆sille rovert
|html|new mentalsille rovert    
|uhtml|bestof|Game 1 of a best-of-3
|t:|1783349748
|gametype|doubles
|player|p1|new mental|volkner|1438
|player|p2|sille rovert|trevor|1407
|gen|9
|tier|[Gen 9 Champions] VGC 2026 Reg M-B (Bo3)
|rated|
|rule|Species Clause: Limit one of each Pokémon
|rule|Item Clause: Limit 1 of each item
|clearpoke
|poke|p1|Aerodactyl, L50, F|
|poke|p1|Garchomp, L50, M|
|poke|p1|Kingambit, L50, F|
|poke|p1|Charizard, L50, F|
|poke|p1|Sylveon, L50, F|
|poke|p1|Farigiraf, L50, M|
|poke|p2|Gengar, L50, M|
|poke|p2|Archaludon, L50, F|
|poke|p2|Politoed, L50, F|
|poke|p2|Vivillon-Pokeball, L50, F|
|poke|p2|Incineroar, L50, F|
|poke|p2|Froslass, L50, F|
|teampreview|4
|showteam|p1|Aerodactyl||Aerodactylite|Unnerve|IceFang,RockSlide,Tailwind,DualWingbeat|Jolly||F|||50|]Garchomp||LifeOrb|RoughSkin|DragonClaw,StompingTantrum,Earthquake,Protect|Jolly||M|||50|]Kingambit||FocusSash|Defiant|SuckerPunch,KowtowCleave,IronHead,LowKick|Adamant||F|||50|]Charizard||CharizarditeY|SolarPower|Protect,HeatWave,SolarBeam,WeatherBall|Timid||F|||50|]Sylveon||FairyFeather|Pixilate|Protect,HyperVoice,HyperBeam,QuickAttack|Modest||F|||50|]Farigiraf||SitrusBerry|ArmorTail|TrickRoom,Thunderbolt,Psychic,Roar|Bold||M|||50|
|showteam|p2|Gengar||Gengarite|CursedBody|ShadowBall,Disable,PerishSong,Protect|Modest||M|||50|]Archaludon||Leftovers|Stamina|ElectroShot,DragonPulse,FlashCannon,Protect|Bold||F|||50|]Politoed||SitrusBerry|Drizzle|WeatherBall,Encore,PerishSong,Protect|Calm||F|||50|]Vivillon-Pokeball||ChoiceScarf|CompoundEyes|SleepPowder,RagePowder,Hurricane,PollenPuff|Timid||F|||50|]Incineroar||PasshoBerry|Intimidate|ThroatChop,PartingShot,FakeOut,Protect|Relaxed||F|||50|]Froslass||Froslassite|SnowCloak|Blizzard,AuroraVeil,RainDance,Protect|Timid||F|||50|
|inactive|Battle timer is ON: inactive players will automatically lose when time's up. (requested by new mental)
|
|t:|1783349772
|teamsize|p1|4
|teamsize|p2|4
|start
|switch|p1a: Sylveon|Sylveon, L50, F|100/100
|switch|p1b: Farigiraf|Farigiraf, L50, M|100/100
|switch|p2a: Vivillon|Vivillon-Pokeball, L50, F|100/100
|switch|p2b: Froslass|Froslass, L50, F|100/100
|turn|1
|
|t:|1783349790
|detailschange|p2b: Froslass|Froslass-Mega, L50, F
|-mega|p2b: Froslass|Froslass|Froslassite
|-weather|Snowscape|[from] ability: Snow Warning|[of] p2b: Froslass
|move|p2a: Vivillon|Sleep Powder|p1b: Farigiraf
|-status|p1b: Farigiraf|slp|[from] move: Sleep Powder
|move|p2b: Froslass|Aurora Veil|p2b: Froslass
|-sidestart|p2: sille rovert|move: Aurora Veil
|move|p1a: Sylveon|Hyper Voice|p2b: Froslass|[spread] p2a,p2b
|-crit|p2a: Vivillon
|-damage|p2a: Vivillon|0 fnt
|-damage|p2b: Froslass|71/100
|faint|p2a: Vivillon
|cant|p1b: Farigiraf|slp
|
|-weather|Snowscape|[upkeep]
|upkeep
|
|t:|1783349804
|switch|p2a: Archaludon|Archaludon, L50, F|100/100
|turn|2
|
|t:|1783349810
|move|p2b: Froslass|Blizzard|p1a: Sylveon|[spread] p1a,p1b
|-damage|p1a: Sylveon|66/100
|-damage|p1b: Farigiraf|68/100 slp
|move|p2a: Archaludon|Flash Cannon|p1a: Sylveon
|-supereffective|p1a: Sylveon|1
|-damage|p1a: Sylveon|11/100
|move|p1a: Sylveon|Hyper Beam|p2a: Archaludon
|-damage|p2a: Archaludon|28/100
|-mustrecharge|p1a: Sylveon
|-ability|p2a: Archaludon|Stamina|boost
|-boost|p2a: Archaludon|def|1
|cant|p1b: Farigiraf|slp
|
|-weather|Snowscape|[upkeep]
|-heal|p2a: Archaludon|35/100|[from] item: Leftovers
|upkeep
|turn|3
|
|t:|1783349821
|move|p2b: Froslass|Blizzard|p1a: Sylveon|[spread] p1a,p1b
|-damage|p1a: Sylveon|0 fnt
|-damage|p1b: Farigiraf|34/100 slp
|-enditem|p1b: Farigiraf|Sitrus Berry|[eat]
|-heal|p1b: Farigiraf|59/100 slp|[from] item: Sitrus Berry
|faint|p1a: Sylveon
|move|p2a: Archaludon|Dragon Pulse|p1b: Farigiraf
|-damage|p1b: Farigiraf|27/100 slp
|-curestatus|p1b: Farigiraf|slp|[msg]
|move|p1b: Farigiraf|Roar|p2a: Archaludon
|drag|p2a: Politoed|Politoed, L50, F|100/100
|-weather|RainDance|[from] ability: Drizzle|[of] p2a: Politoed
|
|-weather|RainDance|[upkeep]
|upkeep
|
|t:|1783349832
|switch|p1a: Kingambit|Kingambit, L50, F|100/100
|turn|4
|
|t:|1783349848
|move|p2b: Froslass|Protect|p2b: Froslass
|-singleturn|p2b: Froslass|Protect
|move|p2a: Politoed|Weather Ball|p1b: Farigiraf
|-damage|p1b: Farigiraf|0 fnt
|faint|p1b: Farigiraf
|move|p1a: Kingambit|Kowtow Cleave|p2a: Politoed
|-damage|p2a: Politoed|65/100
|
|-weather|RainDance|[upkeep]
|upkeep
|
|t:|1783349855
|switch|p1b: Charizard|Charizard, L50, F|100/100
|turn|5
|inactive|sille rovert has 30 seconds left.
|
|t:|1783349882
|detailschange|p1b: Charizard|Charizard-Mega-Y, L50, F
|-mega|p1b: Charizard|Charizard|Charizardite Y
|-weather|SunnyDay|[from] ability: Drought|[of] p1b: Charizard
|move|p2b: Froslass|Rain Dance|p2b: Froslass
|-weather|RainDance
|move|p1b: Charizard|Weather Ball|p2b: Froslass
|-damage|p2b: Froslass|37/100
|move|p2a: Politoed|Perish Song|p2a: Politoed
|-start|p1a: Kingambit|perish3|[silent]
|-start|p1b: Charizard|perish3|[silent]
|-start|p2a: Politoed|perish3|[silent]
|-start|p2b: Froslass|perish3|[silent]
|-fieldactivate|move: Perish Song
|move|p1a: Kingambit|Kowtow Cleave|p2b: Froslass
|-supereffective|p2b: Froslass|1
|-damage|p2b: Froslass|0 fnt
|faint|p2b: Froslass
|
|-weather|RainDance|[upkeep]
|-start|p1b: Charizard|perish3
|-start|p2a: Politoed|perish3
|-start|p1a: Kingambit|perish3
|-sideend|p2: sille rovert|move: Aurora Veil
|upkeep
|
|t:|1783349891
|switch|p2b: Archaludon|Archaludon, L50, F|35/100
|turn|6
|
|t:|1783349912
|move|p2b: Archaludon|Protect|p2b: Archaludon
|-singleturn|p2b: Archaludon|Protect
|move|p1b: Charizard|Weather Ball|p2b: Archaludon
|-activate|p2b: Archaludon|move: Protect
|move|p2a: Politoed|Encore|p1a: Kingambit
|-start|p1a: Kingambit|Encore
|move|p1a: Kingambit|Kowtow Cleave|p2a: Politoed
|-damage|p2a: Politoed|14/100
|-enditem|p2a: Politoed|Sitrus Berry|[eat]
|-heal|p2a: Politoed|39/100|[from] item: Sitrus Berry
|
|-weather|RainDance|[upkeep]
|-heal|p2b: Archaludon|41/100|[from] item: Leftovers
|-start|p1b: Charizard|perish2
|-start|p2a: Politoed|perish2
|-start|p1a: Kingambit|perish2
|upkeep
|turn|7
|inactive|sille rovert has 30 seconds left.
|
|t:|1783349938
|move|p1b: Charizard|Weather Ball|p2b: Archaludon
|-resisted|p2b: Archaludon|1
|-damage|p2b: Archaludon|15/100
|-ability|p2b: Archaludon|Stamina|boost
|-boost|p2b: Archaludon|def|1
|move|p2a: Politoed|Weather Ball|p1a: Kingambit
|-damage|p1a: Kingambit|48/100
|move|p2b: Archaludon|Electro Shot||[still]
|-prepare|p2b: Archaludon|Electro Shot
|-boost|p2b: Archaludon|spa|1
|-anim|p2b: Archaludon|Electro Shot|p1a: Kingambit
|-damage|p1a: Kingambit|0 fnt
|faint|p1a: Kingambit
|
|-weather|RainDance|[upkeep]
|-heal|p2b: Archaludon|21/100|[from] item: Leftovers
|-start|p1b: Charizard|perish1
|-start|p2a: Politoed|perish1
|upkeep
|turn|8
|-message|new mental forfeited.
|
|win|sille rovert
||sille rovert is ready for game 2.
||new mental is ready for game 2.
|uhtml|next|Next: Game 2 of 3
