|j|☆jomivgc
|j|☆sasyx
|html|jomivgcsasyx    
|uhtml|bestof|Game 1 of a best-of-3
|t:|1784641260
|gametype|doubles
|player|p1|jomivgc|falkner-gen2|1166
|player|p2|sasyx|rosa|1192
|gen|9
|tier|[Gen 9 Champions] VGC 2026 Reg M-B (Bo3)
|rated|
|rule|Species Clause: Limit one of each Pokémon
|rule|Item Clause: Limit 1 of each item
|clearpoke
|poke|p1|Umbreon, L50, F, shiny|
|poke|p1|Garchomp, L50, F|
|poke|p1|Pelipper, L50, F|
|poke|p1|Swampert, L50, F|
|poke|p1|Archaludon, L50, M|
|poke|p1|Incineroar, L50, F|
|poke|p2|Gardevoir, L50, F, shiny|
|poke|p2|Garchomp, L50, M|
|poke|p2|Basculegion, L50, M, shiny|
|poke|p2|Maushold-Four, L50, shiny|
|poke|p2|Kingambit, L50, M|
|poke|p2|Talonflame, L50, M|
|teampreview|4
|showteam|p1|Umbreon||SitrusBerry|InnerFocus|Snarl,FakeTears,FoulPlay,Moonlight|Calm||F|||50|]Garchomp||LifeOrb|RoughSkin|DragonClaw,RockSlide,Earthquake,Protect|Jolly||F|||50|]Pelipper||FocusSash|Drizzle|Hurricane,WeatherBall,Tailwind,WideGuard|Modest||F|||50|]Swampert||Swampertite|Torrent|Protect,WaveCrash,Earthquake,IcePunch|Adamant||F|||50|]Archaludon||Leftovers|Stamina|ElectroShot,FlashCannon,DracoMeteor,Protect|Modest||M|||50|]Incineroar||PasshoBerry|Intimidate|FakeOut,PartingShot,FlareBlitz,ThroatChop|Adamant||F|||50|
|showteam|p2|Gardevoir||Gardevoirite|Trace|HyperVoice,Psychic,VacuumWave,Protect|Modest||F|||50|]Garchomp||LifeOrb|RoughSkin|RockSlide,DragonClaw,Earthquake,Protect|Adamant||M|||50|]Basculegion||MysticWater|Adaptability|LastRespects,WaveCrash,AquaJet,Protect|Adamant||M|||50|]Maushold-Four||FocusSash|FriendGuard|SuperFang,Taunt,FollowMe,Protect|Jolly|||||50|]Kingambit||BlackGlasses|Defiant|KowtowCleave,IronHead,SuckerPunch,Protect|Adamant||M|||50|]Talonflame||SharpBeak|GaleWings|FlareBlitz,DualWingbeat,Tailwind,Protect|Jolly||M|||50|
|inactive|Battle timer is ON: inactive players will automatically lose when time's up. (requested by jomivgc)
|inactive|jomivgc has 60 seconds left.
|inactive|sasyx has 60 seconds left.
|inactive|sasyx has 30 seconds left.
|inactive|sasyx has 20 seconds left.
|inactive|sasyx has 15 seconds left.
|
|t:|1784641336
|teamsize|p1|4
|teamsize|p2|4
|start
|switch|p1a: Incineroar|Incineroar, L50, F|100/100
|switch|p1b: Pelipper|Pelipper, L50, F|100/100
|switch|p2a: Maushold|Maushold-Four, L50, shiny|100/100
|switch|p2b: Gardevoir|Gardevoir, L50, F, shiny|100/100
|-weather|RainDance|[from] ability: Drizzle|[of] p1b: Pelipper
|-ability|p2b: Gardevoir|Drizzle|Trace|[from] ability: Trace|[of] p1b: Pelipper
|-ability|p1a: Incineroar|Intimidate|boost
|-unboost|p2a: Maushold|atk|1
|-unboost|p2b: Gardevoir|atk|1
|turn|1
|
|t:|1784641360
|detailschange|p2b: Gardevoir|Gardevoir-Mega, L50, F, shiny
|-mega|p2b: Gardevoir|Gardevoir|Gardevoirite
|move|p1a: Incineroar|Fake Out|p2a: Maushold
|-damage|p2a: Maushold|85/100
|cant|p2a: Maushold|flinch
|move|p2b: Gardevoir|Psychic|p1b: Pelipper
|-damage|p1b: Pelipper|7/100
|move|p1b: Pelipper|Tailwind|p1b: Pelipper
|-sidestart|p1: jomivgc|move: Tailwind
|
|-weather|RainDance|[upkeep]
|upkeep
|turn|2
|
|t:|1784641382
|move|p2b: Gardevoir|Protect|p2b: Gardevoir
|-singleturn|p2b: Gardevoir|Protect
|move|p1b: Pelipper|Weather Ball|p2a: Maushold
|-damage|p2a: Maushold|3/100
|move|p2a: Maushold|Taunt|p1b: Pelipper
|-start|p1b: Pelipper|move: Taunt
|move|p1a: Incineroar|Parting Shot|p2b: Gardevoir
|-activate|p2b: Gardevoir|move: Protect
|
|-weather|RainDance|[upkeep]
|upkeep
|turn|3
|
|t:|1784641402
|move|p1b: Pelipper|Weather Ball|p2b: Gardevoir
|-damage|p2b: Gardevoir|60/100
|move|p2a: Maushold|Super Fang|p1a: Incineroar
|-damage|p1a: Incineroar|50/100y
|move|p1a: Incineroar|Throat Chop|p2b: Gardevoir
|-damage|p2b: Gardevoir|27/100
|-start|p2b: Gardevoir|Throat Chop|[silent]
|cant|p2b: Gardevoir|move: Throat Chop
|
|-weather|RainDance|[upkeep]
|upkeep
|turn|4
|inactive|sasyx has 30 seconds left.
|
|t:|1784641432
|move|p2b: Gardevoir|Vacuum Wave|p1b: Pelipper
|-resisted|p1b: Pelipper|1
|-damage|p1b: Pelipper|0 fnt
|faint|p1b: Pelipper
|move|p2a: Maushold|Taunt|p1a: Incineroar
|-start|p1a: Incineroar|move: Taunt
|move|p1a: Incineroar|Throat Chop|p2b: Gardevoir
|-crit|p2b: Gardevoir
|-damage|p2b: Gardevoir|0 fnt
|faint|p2b: Gardevoir
|
|-weather|RainDance|[upkeep]
|-sideend|p1: jomivgc|move: Tailwind
|upkeep
|
|t:|1784641451
|switch|p2b: Garchomp|Garchomp, L50, M|100/100
|switch|p1b: Archaludon|Archaludon, L50, M|100/100
|turn|5
|
|t:|1784641464
|switch|p1a: Swampert|Swampert, L50, F|100/100
|move|p2a: Maushold|Protect|p2a: Maushold
|-singleturn|p2a: Maushold|Protect
|move|p2b: Garchomp|Earthquake|p1b: Archaludon|[spread] p1a,p1b
|-activate|p2a: Maushold|move: Protect
|-crit|p1a: Swampert
|-supereffective|p1b: Archaludon|1
|-damage|p1a: Swampert|6/100
|-damage|p1b: Archaludon|16/100
|-ability|p1b: Archaludon|Stamina|boost
|-boost|p1b: Archaludon|def|1
|-damage|p2b: Garchomp|90/100|[from] item: Life Orb
|move|p1b: Archaludon|Draco Meteor|p2b: Garchomp
|-supereffective|p2b: Garchomp|1
|-damage|p2b: Garchomp|0 fnt
|-unboost|p1b: Archaludon|spa|2
|faint|p2b: Garchomp
|
|-weather|none
|-heal|p1b: Archaludon|22/100|[from] item: Leftovers
|upkeep
|
|t:|1784641482
|switch|p2b: Basculegion|Basculegion, L50, M, shiny|100/100
|turn|6
|inactive|jomivgc has 30 seconds left.
|inactive|sasyx has 30 seconds left.
|
|t:|1784641516
|switch|p1a: Incineroar|Incineroar, L50, F|50/100y
|-ability|p1a: Incineroar|Intimidate|boost
|-unboost|p2a: Maushold|atk|1
|-unboost|p2b: Basculegion|atk|1
|move|p1b: Archaludon|Protect|p1b: Archaludon
|-singleturn|p1b: Archaludon|Protect
|move|p2a: Maushold|Follow Me|p2a: Maushold
|-singleturn|p2a: Maushold|move: Follow Me
|move|p2b: Basculegion|Aqua Jet|p1a: Incineroar
|-supereffective|p1a: Incineroar|1
|-enditem|p1a: Incineroar|Passho Berry|[eat]
|-enditem|p1a: Incineroar|Passho Berry|[weaken]
|-damage|p1a: Incineroar|29/100
|
|-heal|p1b: Archaludon|28/100|[from] item: Leftovers
|upkeep
|turn|7
|inactive|jomivgc has 30 seconds left.
|
|t:|1784641546
|switch|p1a: Swampert|Swampert, L50, F|6/100
|move|p2a: Maushold|Protect|p2a: Maushold
|-singleturn|p2a: Maushold|Protect
|move|p2b: Basculegion|Last Respects|p1b: Archaludon
|-damage|p1b: Archaludon|0 fnt
|faint|p1b: Archaludon
|
|upkeep
|
|t:|1784641555
|switch|p1b: Incineroar|Incineroar, L50, F|29/100
|-ability|p1b: Incineroar|Intimidate|boost
|-unboost|p2a: Maushold|atk|1
|-unboost|p2b: Basculegion|atk|1
|turn|8
|inactive|sasyx has 30 seconds left.
|inactive|jomivgc has 30 seconds left.
|inactive|sasyx has 20 seconds left.
|
|t:|1784641591
|detailschange|p1a: Swampert|Swampert-Mega, L50, F
|-mega|p1a: Swampert|Swampert|Swampertite
|move|p1a: Swampert|Protect|p1a: Swampert
|-singleturn|p1a: Swampert|Protect
|move|p2a: Maushold|Follow Me|p2a: Maushold
|-singleturn|p2a: Maushold|move: Follow Me
|move|p2b: Basculegion|Aqua Jet|p1a: Swampert
|-activate|p1a: Swampert|move: Protect
|move|p1b: Incineroar|Throat Chop|p2a: Maushold
|-damage|p2a: Maushold|0 fnt
|faint|p2a: Maushold
|
|upkeep
|turn|9
|inactive|jomivgc has 30 seconds left.
|
|t:|1784641618
|move|p1a: Swampert|Protect||[still]
|-fail|p1a: Swampert
|move|p2b: Basculegion|Aqua Jet|p1a: Swampert
|-damage|p1a: Swampert|0 fnt
|faint|p1a: Swampert
|move|p1b: Incineroar|Throat Chop|p2b: Basculegion
|-supereffective|p2b: Basculegion|1
|-damage|p2b: Basculegion|7/100
|-start|p2b: Basculegion|Throat Chop|[silent]
|
|upkeep
|turn|10
|
|t:|1784641628
|move|p2b: Basculegion|Wave Crash|p1b: Incineroar
|-supereffective|p1b: Incineroar|1
|-damage|p1b: Incineroar|0 fnt
|faint|p1b: Incineroar
|-damage|p2b: Basculegion|0 fnt|[from] Recoil
|faint|p2b: Basculegion
|
|win|sasyx
