|j|☆Vividedenne
|j|☆Sificon~
|html|VividedenneSificon~    
|uhtml|bestof|Game 3 of a best-of-3
|t:|1784485000
|gametype|doubles
|player|p1|Vividedenne|#npl2023|
|player|p2|Sificon~|#sificon2|
|gen|9
|tier|[Gen 9 Champions] VGC 2026 Reg M-B (Bo3)
|rule|Species Clause: Limit one of each Pokémon
|rule|Item Clause: Limit 1 of each item
|clearpoke
|poke|p1|Gardevoir, L50, F|
|poke|p1|Talonflame, L50, M|
|poke|p1|Kingambit, L50, F|
|poke|p1|Basculegion, L50, M|
|poke|p1|Kommo-o, L50, M|
|poke|p1|Maushold, L50|
|poke|p2|Blaziken, L50, M|
|poke|p2|Aerodactyl, L50, M|
|poke|p2|Kingambit, L50, F|
|poke|p2|Basculegion, L50, M|
|poke|p2|Sylveon, L50, F|
|poke|p2|Torkoal, L50, F|
|teampreview|4
|showteam|p1|Gardevoir||Gardevoirite|Trace|HyperVoice,Psychic,Thunderbolt,Protect|Modest||F|||50|]Talonflame||SharpBeak|GaleWings|FlareBlitz,DualWingbeat,Tailwind,Protect|Jolly||M|||50|]Kingambit||ExpertBelt|Defiant|KowtowCleave,SuckerPunch,IronHead,LowKick|Jolly||F|||50|]Basculegion||ChoiceScarf|Adaptability|WaveCrash,AquaJet,FlipTurn,LastRespects|Jolly||M|||50|]Kommo-o||LifeOrb|Soundproof|ClangingScales,DracoMeteor,AuraSphere,Protect|Modest||M|||50|]Maushold||FocusSash|FriendGuard|SuperFang,FollowMe,Feint,Protect|Jolly|||||50|
|showteam|p2|Blaziken||Blazikenite|SpeedBoost|FlareBlitz,CloseCombat,Protect,RockSlide|Adamant||M|||50|]Aerodactyl||Aerodactylite|Unnerve|RockSlide,DualWingbeat,IceFang,Tailwind|Jolly||M|||50|]Kingambit||LifeOrb|Defiant|KowtowCleave,Protect,IronHead,SuckerPunch|Adamant||F|||50|]Basculegion||FocusSash|Adaptability|Liquidation,Protect,LastRespects,AquaJet|Adamant||M|||50|]Sylveon||FairyFeather|Pixilate|HyperVoice,Moonblast,QuickAttack,Protect|Modest||F|||50|]Torkoal||Leftovers|Drought|BurningJealousy,WeatherBall,Protect,Yawn|Relaxed||F|||50|
|inactive|Battle timer is ON: inactive players will automatically lose when time's up. (requested by Sificon~)
|inactive|Sificon~ has 60 seconds left.
|
|t:|1784485034
|teamsize|p1|4
|teamsize|p2|4
|start
|switch|p1a: Gardevoir|Gardevoir, L50, F|100/100
|switch|p1b: Talonflame|Talonflame, L50, M|100/100
|switch|p2a: Blaziken|Blaziken, L50, M|100/100
|switch|p2b: Torkoal|Torkoal, L50, F|100/100
|-ability|p1a: Gardevoir|Speed Boost|Trace|[from] ability: Trace|[of] p2a: Blaziken
|-weather|SunnyDay|[from] ability: Drought|[of] p2b: Torkoal
|turn|1
|inactive|Vividedenne has 30 seconds left.
|inactive|Vividedenne has 20 seconds left.
|
|t:|1784485075
|switch|p2a: Aerodactyl|Aerodactyl, L50, M|100/100
|-ability|p2a: Aerodactyl|Unnerve
|detailschange|p1a: Gardevoir|Gardevoir-Mega, L50, F
|-mega|p1a: Gardevoir|Gardevoir|Gardevoirite
|move|p1b: Talonflame|Tailwind|p1b: Talonflame
|-sidestart|p1: Vividedenne|move: Tailwind
|move|p1a: Gardevoir|Hyper Voice|p2a: Aerodactyl|[spread] p2a,p2b
|-resisted|p2b: Torkoal|1
|-damage|p2a: Aerodactyl|32/100
|-damage|p2b: Torkoal|69/100
|move|p2b: Torkoal|Burning Jealousy|p1b: Talonflame|[spread] p1a,p1b
|-resisted|p1b: Talonflame|1
|-damage|p1a: Gardevoir|73/100
|-damage|p1b: Talonflame|79/100
|
|-weather|SunnyDay|[upkeep]
|-heal|p2b: Torkoal|75/100|[from] item: Leftovers
|upkeep
|turn|2
|
|t:|1784485098
|switch|p1b: Kommo-o|Kommo-o, L50, M|100/100
|switch|p2a: Sylveon|Sylveon, L50, F|100/100
|move|p1a: Gardevoir|Hyper Voice|p2a: Sylveon|[spread] p2a,p2b
|-resisted|p2b: Torkoal|1
|-damage|p2a: Sylveon|54/100
|-damage|p2b: Torkoal|48/100
|move|p2b: Torkoal|Yawn|p1a: Gardevoir
|-start|p1a: Gardevoir|move: Yawn|[of] p2b: Torkoal
|
|-weather|SunnyDay|[upkeep]
|-heal|p2b: Torkoal|54/100|[from] item: Leftovers
|upkeep
|turn|3
|
|t:|1784485123
|switch|p1a: Kingambit|Kingambit, L50, F|100/100
|move|p2a: Sylveon|Protect|p2a: Sylveon
|-singleturn|p2a: Sylveon|Protect
|move|p2b: Torkoal|Protect|p2b: Torkoal
|-singleturn|p2b: Torkoal|Protect
|move|p1b: Kommo-o|Clanging Scales|p2b: Torkoal|[spread] 
|-activate|p2a: Sylveon|move: Protect
|-activate|p2b: Torkoal|move: Protect
|
|-weather|SunnyDay|[upkeep]
|-heal|p2b: Torkoal|60/100|[from] item: Leftovers
|upkeep
|turn|4
|
|t:|1784485142
|switch|p2a: Blaziken|Blaziken, L50, M|100/100
|move|p1b: Kommo-o|Draco Meteor|p2b: Torkoal|[miss]
|-miss|p1b: Kommo-o|p2b: Torkoal
|move|p1a: Kingambit|Iron Head|p2a: Blaziken
|-resisted|p2a: Blaziken|1
|-damage|p2a: Blaziken|67/100
|move|p2b: Torkoal|Weather Ball|p1a: Kingambit
|-supereffective|p1a: Kingambit|1
|-damage|p1a: Kingambit|0 fnt
|faint|p1a: Kingambit
|
|-weather|SunnyDay|[upkeep]
|-heal|p2b: Torkoal|67/100|[from] item: Leftovers
|-sideend|p1: Vividedenne|move: Tailwind
|upkeep
|
|t:|1784485153
|switch|p1a: Talonflame|Talonflame, L50, M|79/100
|turn|5
|
|t:|1784485174
|detailschange|p2a: Blaziken|Blaziken-Mega, L50, M
|-mega|p2a: Blaziken|Blaziken|Blazikenite
|move|p1a: Talonflame|Tailwind|p1a: Talonflame
|-sidestart|p1: Vividedenne|move: Tailwind
|move|p1b: Kommo-o|Clanging Scales|p2b: Torkoal|[spread] p2a,p2b
|-damage|p2a: Blaziken|1/100
|-damage|p2b: Torkoal|11/100
|-unboost|p1b: Kommo-o|def|1
|-damage|p1b: Kommo-o|90/100|[from] item: Life Orb
|move|p2a: Blaziken|Rock Slide|p1a: Talonflame|[spread] p1a,p1b
|-supereffective|p1a: Talonflame|2
|-resisted|p1b: Kommo-o|1
|-damage|p1a: Talonflame|0 fnt
|-damage|p1b: Kommo-o|71/100
|faint|p1a: Talonflame
|move|p2b: Torkoal|Yawn|p1b: Kommo-o
|-start|p1b: Kommo-o|move: Yawn|[of] p2b: Torkoal
|
|-weather|none
|-heal|p2b: Torkoal|18/100|[from] item: Leftovers
|-ability|p2a: Blaziken|Speed Boost|boost
|-boost|p2a: Blaziken|spe|1
|upkeep
|
|t:|1784485186
|switch|p1a: Gardevoir|Gardevoir-Mega, L50, F|73/100
|turn|6
|
|t:|1784485201
|move|p2a: Blaziken|Protect|p2a: Blaziken
|-singleturn|p2a: Blaziken|Protect
|move|p1a: Gardevoir|Hyper Voice|p2a: Blaziken|[spread] p2b
|-activate|p2a: Blaziken|move: Protect
|-resisted|p2b: Torkoal|1
|-damage|p2b: Torkoal|0 fnt
|faint|p2b: Torkoal
|move|p1b: Kommo-o|Clanging Scales|p2a: Blaziken
|-activate|p2a: Blaziken|move: Protect
|
|-end|p1b: Kommo-o|move: Yawn|[silent]
|-status|p1b: Kommo-o|slp
|-ability|p2a: Blaziken|Speed Boost|boost
|-boost|p2a: Blaziken|spe|1
|upkeep
|
|t:|1784485207
|switch|p2b: Aerodactyl|Aerodactyl, L50, M|32/100
|-ability|p2b: Aerodactyl|Unnerve
|turn|7
|
|t:|1784485212
|move|p1a: Gardevoir|Hyper Voice|p2b: Aerodactyl|[spread] p2a,p2b
|-damage|p2a: Blaziken|0 fnt
|-damage|p2b: Aerodactyl|0 fnt
|faint|p2a: Blaziken
|faint|p2b: Aerodactyl
|cant|p1b: Kommo-o|slp
|
|upkeep
|
|t:|1784485218
|switch|p2b: Sylveon|Sylveon, L50, F|54/100
|turn|8
|
|t:|1784485230
|move|p1a: Gardevoir|Hyper Voice|p2b: Sylveon
|-damage|p2b: Sylveon|0 fnt
|faint|p2b: Sylveon
|
|win|Vividedenne
|c|☆Vividedenne|ggwp
|c|☆Sificon~|ggs
