|j|☆baggedchikin
|j|☆Lorido
|html|baggedchikinLorido    
|uhtml|bestof|Game 1 of a best-of-3
|t:|1785165195
|gametype|doubles
|player|p1|baggedchikin|101|1270
|player|p2|Lorido|266|1296
|gen|9
|tier|[Gen 9 Champions] VGC 2026 Reg M-B (Bo3)
|rated|
|rule|Species Clause: Limit one of each Pokémon
|rule|Item Clause: Limit 1 of each item
|clearpoke
|poke|p1|Ceruledge, L50, M|
|poke|p1|Maushold, L50|
|poke|p1|Lucario, L50, M|
|poke|p1|Espathra, L50, M|
|poke|p1|Gyarados, L50, M|
|poke|p1|Tsareena, L50, F|
|poke|p2|Delphox, L50, M|
|poke|p2|Incineroar, L50, F|
|poke|p2|Floette-Eternal, L50, F|
|poke|p2|Kingambit, L50, F|
|poke|p2|Sinistcha, L50|
|poke|p2|Sneasler, L50, F|
|teampreview|4
|showteam|p1|Ceruledge||ColburBerry|FlashFire|Protect,BulkUp,BitterBlade,ShadowSneak|Adamant||M|||50|]Maushold||FocusSash|FriendGuard|Protect,FollowMe,SuperFang,Encore|Jolly|||||50|]Lucario||Lucarionite|InnerFocus|Detect,AuraSphere,FlashCannon,DarkPulse|Timid||M|||50|]Espathra||SitrusBerry|SpeedBoost|Protect,CalmMind,LuminaCrash,BatonPass|Bold||M|||50|]Gyarados||Gyaradosite|Intimidate|Protect,Waterfall,LashOut,DragonDance|Adamant||M|||50|]Tsareena||ChoiceScarf|QueenlyMajesty|TripleAxel,TropKick,LowKick,KnockOff|Jolly||F|||50|
|showteam|p2|Delphox||Delphoxite|Blaze|HeatWave,Psychic,NastyPlot,Protect|Timid||M|||50|]Incineroar||SitrusBerry|Intimidate|FlareBlitz,DarkestLariat,FakeOut,PartingShot|Careful||F|||50|]Floette-Eternal||Floettite|FlowerVeil|DazzlingGleam,DrainingKiss,CalmMind,Protect|Bold||F|||50|]Kingambit||BlackGlasses|Defiant|KowtowCleave,SuckerPunch,SwordsDance,Protect|Adamant||F|||50|]Sinistcha||OccaBerry|Hospitality|MatchaGotcha,RagePowder,TrickRoom,Protect|Bold|||||50|]Sneasler||FocusSash|PoisonTouch|CloseCombat,PoisonJab,FakeOut,QuickGuard|Jolly||F|||50|
|
|t:|1785165253
|teamsize|p1|4
|teamsize|p2|4
|start
|switch|p1a: Lucario|Lucario, L50, M|100/100
|switch|p1b: Maushold|Maushold, L50|100/100
|switch|p2a: Incineroar|Incineroar, L50, F|100/100
|switch|p2b: Delphox|Delphox, L50, M|100/100
|-ability|p2a: Incineroar|Intimidate|boost
|-fail|p1a: Lucario|unboost|Attack|[from] ability: Inner Focus|[of] p1a: Lucario
|-unboost|p1b: Maushold|atk|1
|turn|1
|
|t:|1785165286
|switch|p1a: Ceruledge|Ceruledge, L50, M|100/100
|switch|p2a: Sneasler|Sneasler, L50, F|100/100
|detailschange|p2b: Delphox|Delphox-Mega, L50, M
|-mega|p2b: Delphox|Delphox|Delphoxite
|move|p2b: Delphox|Nasty Plot|p2b: Delphox
|-boost|p2b: Delphox|spa|2
|move|p1b: Maushold|Super Fang|p2a: Sneasler
|-damage|p2a: Sneasler|50/100g
|
|upkeep
|turn|2
|
|t:|1785165331
|move|p1b: Maushold|Protect|p1b: Maushold
|-singleturn|p1b: Maushold|Protect
|move|p1a: Ceruledge|Protect|p1a: Ceruledge
|-singleturn|p1a: Ceruledge|Protect
|move|p2a: Sneasler|Fake Out|p1b: Maushold
|-activate|p1b: Maushold|move: Protect
|move|p2b: Delphox|Psychic|p1b: Maushold
|-activate|p1b: Maushold|move: Protect
|
|upkeep
|turn|3
|
|t:|1785165363
|move|p2a: Sneasler|Quick Guard|p2a: Sneasler
|-singleturn|p2a: Sneasler|Quick Guard
|move|p1a: Ceruledge|Shadow Sneak|p2b: Delphox
|-activate|p2b: Delphox|move: Quick Guard
|move|p2b: Delphox|Psychic|p1a: Ceruledge
|-damage|p1a: Ceruledge|29/100
|move|p1b: Maushold|Super Fang|p2a: Sneasler
|-damage|p2a: Sneasler|25/100
|
|upkeep
|turn|4
|
|t:|1785165421
|move|p2b: Delphox|Protect|p2b: Delphox
|-singleturn|p2b: Delphox|Protect
|move|p1b: Maushold|Follow Me|p1b: Maushold
|-singleturn|p1b: Maushold|move: Follow Me
|move|p2a: Sneasler|Close Combat|p1b: Maushold
|-supereffective|p1b: Maushold|1
|-enditem|p1b: Maushold|Focus Sash
|-damage|p1b: Maushold|1/100
|-unboost|p2a: Sneasler|def|1
|-unboost|p2a: Sneasler|spd|1
|move|p1a: Ceruledge|Bitter Blade|p2a: Sneasler
|-damage|p2a: Sneasler|0 fnt
|-heal|p1a: Ceruledge|40/100|[from] drain|[of] p2a: Sneasler
|faint|p2a: Sneasler
|
|upkeep
|
|t:|1785165432
|switch|p2a: Incineroar|Incineroar, L50, F|100/100
|-ability|p2a: Incineroar|Intimidate|boost
|-unboost|p1a: Ceruledge|atk|1
|-unboost|p1b: Maushold|atk|1
|turn|5
|
|t:|1785165449
|switch|p1a: Tsareena|Tsareena, L50, F|100/100
|move|p2a: Incineroar|Fake Out||[still]
|cant|p1a: Tsareena|ability: Queenly Majesty|Fake Out|[of] p2a: Incineroar
|move|p2b: Delphox|Psychic|p1a: Tsareena
|-damage|p1a: Tsareena|6/100
|move|p1b: Maushold|Encore|p2a: Incineroar
|-start|p2a: Incineroar|Encore
|
|upkeep
|turn|6
|
|t:|1785165474
|switch|p1b: Ceruledge|Ceruledge, L50, M|40/100
|switch|p2a: Kingambit|Kingambit, L50, F|100/100
|move|p1a: Tsareena|Knock Off|p2b: Delphox
|-supereffective|p2b: Delphox|1
|-damage|p2b: Delphox|41/100
|move|p2b: Delphox|Heat Wave|p1a: Tsareena|[spread] p1a
|-start|p1b: Ceruledge|ability: Flash Fire
|-supereffective|p1a: Tsareena|1
|-damage|p1a: Tsareena|0 fnt
|faint|p1a: Tsareena
|
|upkeep
|
|t:|1785165483
|switch|p1a: Maushold|Maushold, L50|1/100
|turn|7
|
|t:|1785165540
|switch|p2a: Incineroar|Incineroar, L50, F|100/100
|-ability|p2a: Incineroar|Intimidate|boost
|-unboost|p1a: Maushold|atk|1
|-unboost|p1b: Ceruledge|atk|1
|move|p1a: Maushold|Follow Me|p1a: Maushold
|-singleturn|p1a: Maushold|move: Follow Me
|move|p2b: Delphox|Psychic|p1a: Maushold
|-damage|p1a: Maushold|0 fnt
|faint|p1a: Maushold
|move|p1b: Ceruledge|Bitter Blade|p2a: Incineroar
|-resisted|p2a: Incineroar|1
|-damage|p2a: Incineroar|79/100
|-heal|p1b: Ceruledge|51/100|[from] drain|[of] p2a: Incineroar
|
|upkeep
|
|t:|1785165548
|switch|p1a: Lucario|Lucario, L50, M|100/100
|turn|8
|
|t:|1785165645
|move|p2b: Delphox|Heat Wave|p1a: Lucario|[spread] p1a
|-immune|p1b: Ceruledge|[from] ability: Flash Fire
|-supereffective|p1a: Lucario|1
|-damage|p1a: Lucario|0 fnt
|faint|p1a: Lucario
|move|p1b: Ceruledge|Bulk Up|p1b: Ceruledge
|-boost|p1b: Ceruledge|atk|1
|-boost|p1b: Ceruledge|def|1
|move|p2a: Incineroar|Darkest Lariat|p1b: Ceruledge
|-supereffective|p1b: Ceruledge|1
|-enditem|p1b: Ceruledge|Colbur Berry|[eat]
|-enditem|p1b: Ceruledge|Colbur Berry|[weaken]
|-damage|p1b: Ceruledge|15/100
|
|upkeep
|turn|9
|
|t:|1785165664
|move|p1b: Ceruledge|Shadow Sneak|p2b: Delphox
|-supereffective|p2b: Delphox|1
|-damage|p2b: Delphox|0 fnt
|faint|p2b: Delphox
|move|p2a: Incineroar|Darkest Lariat|p1b: Ceruledge
|-supereffective|p1b: Ceruledge|1
|-damage|p1b: Ceruledge|0 fnt
|faint|p1b: Ceruledge
|
|win|Lorido
