|j|☆hp_45
|j|☆egeppl6no.1
|html|hp_45egeppl6no.1    
|uhtml|bestof|Game 2 of a best-of-3
|t:|1756441791
|gametype|doubles
|player|p1|hp_45|170|1071
|player|p2|egeppl6no.1|silver|1049
|gen|9
|tier|[Gen 9] VGC 2025 Reg H (Bo3)
|rated|
|rule|Species Clause: Limit one of each Pokémon
|rule|Item Clause: Limit 1 of each item
|clearpoke
|poke|p1|Bronzong, L50|
|poke|p1|Incineroar, L50, M|
|poke|p1|Amoonguss, L50, F|
|poke|p1|Primarina, L50, F|
|poke|p1|Ursaluna, L50, F|
|poke|p1|Gholdengo, L50|
|poke|p2|Gyarados, L50, M|
|poke|p2|Sneasler, L50, F|
|poke|p2|Indeedee, L50, M|
|poke|p2|Volcarona, L50, F|
|poke|p2|Ursaluna-Bloodmoon, L50, M|
|poke|p2|Tyranitar, L50, M|
|teampreview|4
|showteam|p1|Bronzong||CovertCloak|Levitate|TrickRoom,IceSpinner,GyroBall,Reflect||||||50|,,,,,Electric]Incineroar||SafetyGoggles|Intimidate|FakeOut,PartingShot,FlareBlitz,KnockOff|||M|||50|,,,,,Ghost]Amoonguss||SitrusBerry|Regenerator|Protect,Spore,RagePowder,PollenPuff|||F|||50|,,,,,Fairy]Primarina||LifeOrb|Torrent|Protect,HyperVoice,Moonblast,Haze|||F|||50|,,,,,Steel]Ursaluna||FlameOrb|Guts|Protect,Earthquake,Facade,HeadlongRush|||F|||50|,,,,,Dragon]Gholdengo||ChoiceSpecs|GoodasGold|MakeItRain,ShadowBall,Thunderbolt,DazzlingGleam||||||50|,,,,,Normal
|showteam|p2|Gyarados||SafetyGoggles|Intimidate|Taunt,ThunderWave,Waterfall,Protect|||M|||50|,,,,,Steel]Sneasler||PsychicSeed|Unburden|CloseCombat,DireClaw,ThroatChop,Protect|||F|||50|,,,,,Dark]Indeedee||ChoiceScarf|PsychicSurge|ExpandingForce,TeraBlast,Trick,Protect|||M|||50|,,,,,Psychic]Volcarona||SitrusBerry|FlameBody|Overheat,StruggleBug,RagePowder,Tailwind|||F|||50|,,,,,Grass]Ursaluna-Bloodmoon||LifeOrb|MindsEye|HyperVoice,BloodMoon,EarthPower,Protect|||M|||50|,,,,,Normal]Tyranitar||AssaultVest|SandStream|LowKick,TeraBlast,KnockOff,RockSlide|||M|||50|,,,,,Flying
|inactive|Battle timer is ON: inactive players will automatically lose when time's up. (requested by hp_45)
|inactive|egeppl6no.1 has 60 seconds left.
|
|t:|1756441867
|teamsize|p1|4
|teamsize|p2|4
|start
|switch|p1a: Bronzong|Bronzong, L50|100/100
|switch|p1b: Gholdengo|Gholdengo, L50|100/100
|switch|p2a: Sneasler|Sneasler, L50, F|100/100
|switch|p2b: Volcarona|Volcarona, L50, F, shiny|100/100
|turn|1
|inactive|hp_45 has 30 seconds left.
|inactive|hp_45 has 20 seconds left.
|
|t:|1756441906
|-terastallize|p1b: Gholdengo|Normal
|move|p2a: Sneasler|Throat Chop|p1b: Gholdengo
|-damage|p1b: Gholdengo|72/100
|-start|p1b: Gholdengo|Throat Chop|[silent]
|move|p2b: Volcarona|Overheat|p1b: Gholdengo
|-damage|p1b: Gholdengo|16/100
|-unboost|p2b: Volcarona|spa|2
|move|p1b: Gholdengo|Make It Rain|p2b: Volcarona|[spread] p2a,p2b
|-resisted|p2b: Volcarona
|-damage|p2a: Sneasler|0 fnt
|-damage|p2b: Volcarona|65/100
|-unboost|p1b: Gholdengo|spa|1
|faint|p2a: Sneasler
|move|p1a: Bronzong|Trick Room|p1a: Bronzong
|-fieldstart|move: Trick Room|[of] p1a: Bronzong
|
|upkeep
|
|t:|1756441922
|switch|p2a: Tyranitar|Tyranitar, L50, M, shiny|100/100
|-weather|Sandstorm|[from] ability: Sand Stream|[of] p2a: Tyranitar
|turn|2
|
|t:|1756441943
|switch|p1b: Incineroar|Incineroar, L50, M|100/100
|-ability|p1b: Incineroar|Intimidate|boost
|-unboost|p2a: Tyranitar|atk|1
|-unboost|p2b: Volcarona|atk|1
|move|p1a: Bronzong|Reflect|p1a: Bronzong
|-sidestart|p1: hp_45|Reflect
|move|p2a: Tyranitar|Knock Off|p1a: Bronzong
|-supereffective|p1a: Bronzong
|-damage|p1a: Bronzong|63/100
|-enditem|p1a: Bronzong|Covert Cloak|[from] move: Knock Off|[of] p2a: Tyranitar
|move|p2b: Volcarona|Overheat|p1a: Bronzong
|-supereffective|p1a: Bronzong
|-damage|p1a: Bronzong|10/100
|-unboost|p2b: Volcarona|spa|2
|
|-weather|Sandstorm|[upkeep]
|-damage|p2b: Volcarona|58/100|[from] Sandstorm
|upkeep
|turn|3
|
|t:|1756441968
|switch|p1a: Ursaluna|Ursaluna, L50, F|100/100
|switch|p2b: Gyarados|Gyarados, L50, M, shiny|100/100
|-ability|p2b: Gyarados|Intimidate|boost
|-unboost|p1a: Ursaluna|atk|1
|-unboost|p1b: Incineroar|atk|1
|move|p1b: Incineroar|Fake Out|p2a: Tyranitar
|-resisted|p2a: Tyranitar
|-damage|p2a: Tyranitar|98/100
|cant|p2a: Tyranitar|flinch
|
|-weather|Sandstorm|[upkeep]
|-status|p1a: Ursaluna|brn|[from] item: Flame Orb
|upkeep
|turn|4
|j| chalizhou
|inactive|hp_45 has 30 seconds left.
|inactive|egeppl6no.1 has 30 seconds left.
|inactive|hp_45 has 20 seconds left.
|inactive|egeppl6no.1 has 20 seconds left.
|inactive|egeppl6no.1 has 15 seconds left.
|
|t:|1756442010
|-terastallize|p2a: Tyranitar|Flying
|move|p1a: Ursaluna|Headlong Rush|p2a: Tyranitar
|-immune|p2a: Tyranitar
|move|p1b: Incineroar|Flare Blitz|p2a: Tyranitar
|-damage|p2a: Tyranitar|73/100
|-damage|p1b: Incineroar|92/100|[from] Recoil
|move|p2a: Tyranitar|Low Kick|p1a: Ursaluna
|-supereffective|p1a: Ursaluna
|-damage|p1a: Ursaluna|66/100 brn
|move|p2b: Gyarados|Waterfall|p1a: Ursaluna
|-supereffective|p1a: Ursaluna
|-damage|p1a: Ursaluna|31/100 brn
|
|-weather|Sandstorm|[upkeep]
|-damage|p2a: Tyranitar|67/100|[from] Sandstorm
|-damage|p1a: Ursaluna|25/100 brn|[from] brn
|upkeep
|turn|5
|
|t:|1756442034
|switch|p2a: Volcarona|Volcarona, L50, F, shiny|58/100
|move|p1a: Ursaluna|Facade|p2a: Volcarona
|-damage|p2a: Volcarona|0 fnt
|faint|p2a: Volcarona
|move|p1b: Incineroar|Parting Shot|p2b: Gyarados
|-unboost|p2b: Gyarados|atk|1
|-unboost|p2b: Gyarados|spa|1
|
|t:|1756442045
|switch|p1b: Gholdengo|Gholdengo, L50, tera:Normal|16/100|[from] Parting Shot
|move|p2b: Gyarados|Waterfall|p1a: Ursaluna
|-supereffective|p1a: Ursaluna
|-crit|p1a: Ursaluna
|-damage|p1a: Ursaluna|0 fnt
|faint|p1a: Ursaluna
|
|-weather|Sandstorm|[upkeep]
|-damage|p1b: Gholdengo|11/100|[from] Sandstorm
|-fieldend|move: Trick Room
|upkeep
|
|t:|1756442057
|switch|p2a: Tyranitar|Tyranitar, L50, M, shiny, tera:Flying|67/100
|switch|p1a: Incineroar|Incineroar, L50, M|92/100
|-ability|p1a: Incineroar|Intimidate|boost
|-unboost|p2a: Tyranitar|atk|1
|-unboost|p2b: Gyarados|atk|1
|turn|6
|
|t:|1756442078
|move|p1a: Incineroar|Fake Out|p2b: Gyarados
|-damage|p2b: Gyarados|92/100
|move|p1b: Gholdengo|Thunderbolt|p2a: Tyranitar
|-supereffective|p2a: Tyranitar
|-damage|p2a: Tyranitar|10/100
|cant|p2b: Gyarados|flinch
|move|p2a: Tyranitar|Knock Off|p1b: Gholdengo
|-damage|p1b: Gholdengo|0 fnt
|-enditem|p1b: Gholdengo|Choice Specs|[from] move: Knock Off|[of] p2a: Tyranitar
|faint|p1b: Gholdengo
|
|-weather|none
|-sideend|p1: hp_45|Reflect
|upkeep
|
|t:|1756442093
|switch|p1b: Bronzong|Bronzong, L50|10/100
|turn|7
|
|t:|1756442109
|move|p2b: Gyarados|Waterfall|p1a: Incineroar
|-supereffective|p1a: Incineroar
|-crit|p1a: Incineroar
|-damage|p1a: Incineroar|12/100
|move|p2a: Tyranitar|Knock Off|p1b: Bronzong
|-supereffective|p1b: Bronzong
|-damage|p1b: Bronzong|0 fnt
|faint|p1b: Bronzong
|move|p1a: Incineroar|Flare Blitz|p2a: Tyranitar
|-damage|p2a: Tyranitar|0 fnt
|faint|p2a: Tyranitar
|-damage|p1a: Incineroar|9/100|[from] Recoil
|
|upkeep
|turn|8
|
|t:|1756442124
|move|p2b: Gyarados|Waterfall|p1a: Incineroar
|-supereffective|p1a: Incineroar
|-damage|p1a: Incineroar|0 fnt
|faint|p1a: Incineroar
|
|win|egeppl6no.1
||egeppl6no.1 is ready for game 3.
|inactive|hp_45 has 30 seconds to confirm battle start!
||hp_45 is ready for game 3.
|uhtml|next|Next: Game 3 of 3
|l| chalizhou
