|j|☆kethhh
|j|☆sogreenitslime
|html|kethhhsogreenitslime    
|uhtml|bestof|Game 3 of a best-of-3
|t:|1783133395
|gametype|doubles
|player|p1|kethhh|lady|1069
|player|p2|sogreenitslime|pokemaniac|1095
|gen|9
|tier|[Gen 9 Champions] VGC 2026 Reg M-B (Bo3)
|rated|
|rule|Species Clause: Limit one of each Pokémon
|rule|Item Clause: Limit 1 of each item
|clearpoke
|poke|p1|Mawile, L50, M|
|poke|p1|Sylveon, L50, F, shiny|
|poke|p1|Aerodactyl, L50, F|
|poke|p1|Garchomp, L50, M|
|poke|p1|Farigiraf, L50, F|
|poke|p1|Kingambit, L50, M|
|poke|p2|Aerodactyl, L50, F|
|poke|p2|Rotom-Wash, L50|
|poke|p2|Sceptile, L50, M|
|poke|p2|Kingambit, L50, M|
|poke|p2|Ninetales-Alola, L50, M|
|poke|p2|Incineroar, L50, F|
|teampreview|4
|showteam|p1|Mawile||Mawilite|Intimidate|PlayRough,IronHead,SuckerPunch,Protect|Adamant||M|||50|]Sylveon||FairyFeather|Pixilate|CalmMind,DrainingKiss,HyperVoice,Protect|Modest||F|||50|]Aerodactyl||FocusSash|Pressure|RockSlide,Tailwind,Protect,WideGuard|Jolly||F|||50|]Garchomp||LifeOrb|RoughSkin|Earthquake,Protect,DragonClaw,RockSlide|Jolly||M|||50|]Farigiraf||SitrusBerry|ArmorTail|TrickRoom,HyperVoice,TwinBeam,Protect|Quiet||F|||50|]Kingambit||BlackGlasses|SupremeOverlord|KowtowCleave,LowKick,SuckerPunch,Protect|Adamant||M|||50|
|showteam|p2|Aerodactyl||Aerodactylite|Unnerve|Tailwind,RockSlide,DualWingbeat,Protect|Jolly||F|||50|]Rotom-Wash||ChoiceScarf|Levitate|VoltSwitch,Discharge,Electroweb,HydroPump|Timid|||||50|]Sceptile||Sceptilite|Overgrow|EnergyBall,EarthPower,DragonPulse,Protect|Timid||M|||50|]Kingambit||ChopleBerry|Defiant|KowtowCleave,SuckerPunch,IronHead,Protect|Adamant||M|||50|]Ninetales-Alola||NeverMeltIce|SnowWarning|Blizzard,AuroraVeil,Protect,Moonblast|Bold||M|||50|]Incineroar||SitrusBerry|Intimidate|WillOWisp,FlareBlitz,PartingShot,FakeOut|Careful||F|||50|
|
|t:|1783133420
|teamsize|p1|4
|teamsize|p2|4
|start
|switch|p1a: Garchomp|Garchomp, L50, M|100/100
|switch|p1b: Aerodactyl|Aerodactyl, L50, F|100/100
|switch|p2a: Rotom|Rotom-Wash, L50|100/100
|switch|p2b: Sceptile|Sceptile, L50, M|100/100
|-ability|p1b: Aerodactyl|Pressure
|turn|1
|
|t:|1783133446
|detailschange|p2b: Sceptile|Sceptile-Mega, L50, M
|-mega|p2b: Sceptile|Sceptile|Sceptilite
|move|p1a: Garchomp|Protect|p1a: Garchomp
|-singleturn|p1a: Garchomp|Protect
|move|p2a: Rotom|Discharge|p1b: Aerodactyl|[spread] p1b
|-activate|p1a: Garchomp|move: Protect
|-ability|p2b: Sceptile|Lightning Rod|boost
|-boost|p2b: Sceptile|spa|1
|-supereffective|p1b: Aerodactyl|1
|-damage|p1b: Aerodactyl|25/100
|move|p2b: Sceptile|Dragon Pulse|p1a: Garchomp
|-activate|p1a: Garchomp|move: Protect
|move|p1b: Aerodactyl|Tailwind|p1b: Aerodactyl
|-sidestart|p1: kethhh|move: Tailwind
|
|upkeep
|turn|2
|
|t:|1783133470
|move|p2b: Sceptile|Protect|p2b: Sceptile
|-singleturn|p2b: Sceptile|Protect
|move|p1b: Aerodactyl|Wide Guard|p1b: Aerodactyl
|-singleturn|p1b: Aerodactyl|Wide Guard
|move|p1a: Garchomp|Dragon Claw|p2b: Sceptile
|-activate|p2b: Sceptile|move: Protect
|move|p2a: Rotom|Discharge|p1b: Aerodactyl|[spread] 
|-activate|p1a: Garchomp|move: Wide Guard
|-activate|p1b: Aerodactyl|move: Wide Guard
|-activate|p2b: Sceptile|move: Protect
|
|upkeep
|turn|3
|
|t:|1783133484
|switch|p2b: Incineroar|Incineroar, L50, F|100/100
|-ability|p2b: Incineroar|Intimidate|boost
|-unboost|p1a: Garchomp|atk|1
|-unboost|p1b: Aerodactyl|atk|1
|move|p1b: Aerodactyl|Wide Guard|p1b: Aerodactyl
|-singleturn|p1b: Aerodactyl|Wide Guard
|move|p1a: Garchomp|Dragon Claw|p2b: Incineroar
|-damage|p2b: Incineroar|63/100
|-damage|p1a: Garchomp|90/100|[from] item: Life Orb
|move|p2a: Rotom|Discharge|p1a: Garchomp|[spread] p2b
|-activate|p1a: Garchomp|move: Wide Guard
|-activate|p1b: Aerodactyl|move: Wide Guard
|-damage|p2b: Incineroar|45/100
|-status|p2b: Incineroar|par
|-enditem|p2b: Incineroar|Sitrus Berry|[eat]
|-heal|p2b: Incineroar|69/100 par|[from] item: Sitrus Berry
|
|upkeep
|turn|4
|
|t:|1783133511
|move|p1b: Aerodactyl|Wide Guard|p1b: Aerodactyl
|-singleturn|p1b: Aerodactyl|Wide Guard
|move|p1a: Garchomp|Earthquake|p2a: Rotom|[spread] p2b
|-activate|p1b: Aerodactyl|move: Wide Guard
|-immune|p2a: Rotom|[from] ability: Levitate
|-supereffective|p2b: Incineroar|1
|-damage|p2b: Incineroar|1/100 par
|-damage|p1a: Garchomp|80/100|[from] item: Life Orb
|move|p2a: Rotom|Discharge|p1b: Aerodactyl|[spread] p2b
|-activate|p1a: Garchomp|move: Wide Guard
|-activate|p1b: Aerodactyl|move: Wide Guard
|-damage|p2b: Incineroar|0 fnt
|faint|p2b: Incineroar
|
|-sideend|p1: kethhh|move: Tailwind
|upkeep
|
|t:|1783133529
|switch|p2b: Sceptile|Sceptile-Mega, L50, M|100/100
|turn|5
|
|t:|1783133536
|switch|p1a: Sylveon|Sylveon, L50, F, shiny|100/100
|move|p1b: Aerodactyl|Wide Guard|p1b: Aerodactyl
|-singleturn|p1b: Aerodactyl|Wide Guard
|move|p2a: Rotom|Discharge|p1b: Aerodactyl|[spread] 
|-activate|p1a: Sylveon|move: Wide Guard
|-activate|p1b: Aerodactyl|move: Wide Guard
|-ability|p2b: Sceptile|Lightning Rod|boost
|-boost|p2b: Sceptile|spa|1
|move|p2b: Sceptile|Dragon Pulse|p1b: Aerodactyl
|-damage|p1b: Aerodactyl|0 fnt
|faint|p1b: Aerodactyl
|
|upkeep
|
|t:|1783133550
|switch|p1b: Kingambit|Kingambit, L50, M|100/100
|-activate|p1b: Kingambit|ability: Supreme Overlord
|-start|p1b: Kingambit|fallen1|[silent]
|turn|6
|
|t:|1783133566
|move|p1b: Kingambit|Sucker Punch|p2a: Rotom
|-damage|p2a: Rotom|31/100
|move|p2a: Rotom|Discharge|p1b: Kingambit|[spread] p1a,p1b
|-ability|p2b: Sceptile|Lightning Rod|boost
|-boost|p2b: Sceptile|spa|1
|-damage|p1a: Sylveon|82/100
|-damage|p1b: Kingambit|67/100
|move|p2b: Sceptile|Energy Ball|p1a: Sylveon
|-damage|p1a: Sylveon|10/100
|move|p1a: Sylveon|Hyper Voice|p2b: Sceptile|[spread] p2a,p2b
|-supereffective|p2b: Sceptile|1
|-damage|p2a: Rotom|0 fnt
|-damage|p2b: Sceptile|0 fnt
|faint|p2a: Rotom
|faint|p2b: Sceptile
|
|upkeep
|
|t:|1783133581
|switch|p2b: Kingambit|Kingambit, L50, M|100/100
|turn|7
|
|t:|1783133594
|move|p1a: Sylveon|Calm Mind|p1a: Sylveon
|-boost|p1a: Sylveon|spa|1
|-boost|p1a: Sylveon|spd|1
|move|p1b: Kingambit|Low Kick|p2b: Kingambit
|-supereffective|p2b: Kingambit|2
|-enditem|p2b: Kingambit|Chople Berry|[eat]
|-enditem|p2b: Kingambit|Chople Berry|[weaken]
|-damage|p2b: Kingambit|34/100
|move|p2b: Kingambit|Iron Head|p1a: Sylveon
|-supereffective|p1a: Sylveon|1
|-damage|p1a: Sylveon|0 fnt
|faint|p1a: Sylveon
|
|upkeep
|
|t:|1783133602
|switch|p1a: Garchomp|Garchomp, L50, M|80/100
|turn|8
|-message|sogreenitslime forfeited.
|
|win|kethhh
|raw|kethhh's rating: 1069 → 1101(+32 for winning)
|raw|sogreenitslime's rating: 1095 → 1069(-26 for losing)
|l|☆kethhh
|player|p1|
