|j|☆fifthtimesthecharm
|j|☆Delacruso
|html|fifthtimesthecharmDelacruso    
|uhtml|bestof|Game 3 of a best-of-3
|t:|1756626288
|gametype|doubles
|player|p1|fifthtimesthecharm|marshal|1145
|player|p2|Delacruso|red|1077
|gen|9
|tier|[Gen 9] VGC 2025 Reg H (Bo3)
|rated|
|rule|Species Clause: Limit one of each Pokémon
|rule|Item Clause: Limit 1 of each item
|clearpoke
|poke|p1|Tyranitar, L50, F|
|poke|p1|Amoonguss, L50, M|
|poke|p1|Incineroar, L50, F|
|poke|p1|Gholdengo, L50|
|poke|p1|Porygon2, L50|
|poke|p1|Ursaluna, L50, F|
|poke|p2|Ninetales, L50, M|
|poke|p2|Charizard, L50, M|
|poke|p2|Jumpluff, L50, F|
|poke|p2|Ursaluna-Bloodmoon, L50, M|
|poke|p2|Incineroar, L50, M|
|poke|p2|Porygon2, L50|
|teampreview|4
|showteam|p1|Tyranitar||AssaultVest|SandStream|RockSlide,KnockOff,LowKick,TeraBlast|||F|||50|,,,,,Flying]Amoonguss||SitrusBerry|Regenerator|Spore,PollenPuff,RagePowder,Protect|||M|||50|,,,,,Psychic]Incineroar||SafetyGoggles|Intimidate|FlareBlitz,KnockOff,FakeOut,PartingShot|||F|||50|,,,,,Grass]Gholdengo||Leftovers|GoodasGold|MakeItRain,ShadowBall,NastyPlot,Protect||||||50|,,,,,Dragon]Porygon2||Eviolite|Download|TeraBlast,IceBeam,Recover,TrickRoom||||||50|,,,,,Flying]Ursaluna||FlameOrb|Guts|Facade,Earthquake,HeadlongRush,Protect|||F|||50|,,,,,Ghost
|showteam|p2|Ninetales||Charcoal|Drought|BatonPass,CalmMind,WeatherBall,HeatWave|||M|||50|,,,,,Grass]Charizard||ChoiceSpecs|SolarPower|DragonPulse,HeatWave,Overheat,WeatherBall|||M|||50|,,,,,Ghost]Jumpluff||CovertCloak|Chlorophyll|SleepPowder,SunnyDay,Tailwind,RagePowder|||F|||50|,,,,,Water]Ursaluna-Bloodmoon||AssaultVest|MindsEye|EarthPower,BloodMoon,HyperVoice,VacuumWave|||M|||50|,,,,,Normal]Incineroar||SafetyGoggles|Intimidate|FakeOut,FlareBlitz,KnockOff,PartingShot|||M|||50|,,,,,Ghost]Porygon2||Eviolite|Download|Thunderbolt,IceBeam,Recover,TrickRoom||||||50|,,,,,Electric
|inactive|Battle timer is ON: inactive players will automatically lose when time's up. (requested by fifthtimesthecharm)
|inactive|Delacruso has 60 seconds left.
|inactive|Delacruso has 30 seconds left.
|
|t:|1756626353
|teamsize|p1|4
|teamsize|p2|4
|start
|switch|p1a: Gholdengo|Gholdengo, L50|100/100
|switch|p1b: Tyranitar|Tyranitar, L50, F, shiny|100/100
|switch|p2a: Jumpluff|Jumpluff, L50, F|100/100
|switch|p2b: Incineroar|Incineroar, L50, M, shiny|100/100
|-weather|Sandstorm|[from] ability: Sand Stream|[of] p1b: Tyranitar
|-ability|p2b: Incineroar|Intimidate|boost
|-unboost|p1a: Gholdengo|atk|1
|-unboost|p1b: Tyranitar|atk|1
|turn|1
|inactive|Delacruso has 30 seconds left.
|
|t:|1756626385
|switch|p1b: Incineroar|Incineroar, L50, F|100/100
|-ability|p1b: Incineroar|Intimidate|boost
|-unboost|p2a: Jumpluff|atk|1
|-unboost|p2b: Incineroar|atk|1
|switch|p2b: Ninetales|Ninetales, L50, M|100/100
|-weather|SunnyDay|[from] ability: Drought|[of] p2b: Ninetales
|move|p2a: Jumpluff|Sleep Powder|p1b: Incineroar
|-activate|p1b: Incineroar|item: Safety Goggles|Sleep Powder
|move|p1a: Gholdengo|Shadow Ball|p2a: Jumpluff
|-damage|p2a: Jumpluff|61/100
|
|-weather|SunnyDay|[upkeep]
|upkeep
|turn|2
|inactive|Delacruso has 30 seconds left.
|inactive|Delacruso has 20 seconds left.
|
|t:|1756626421
|move|p1a: Gholdengo|Protect|p1a: Gholdengo
|-singleturn|p1a: Gholdengo|Protect
|move|p2a: Jumpluff|Tailwind|p2a: Jumpluff
|-sidestart|p2: Delacruso|move: Tailwind
|move|p2b: Ninetales|Calm Mind|p2b: Ninetales
|-boost|p2b: Ninetales|spa|1
|-boost|p2b: Ninetales|spd|1
|move|p1b: Incineroar|Flare Blitz|p2a: Jumpluff
|-supereffective|p2a: Jumpluff
|-damage|p2a: Jumpluff|0 fnt
|faint|p2a: Jumpluff
|-damage|p1b: Incineroar|83/100|[from] Recoil
|
|-weather|SunnyDay|[upkeep]
|upkeep
|
|t:|1756626443
|switch|p2a: Incineroar|Incineroar, L50, M, shiny|100/100
|-ability|p2a: Incineroar|Intimidate|boost
|-unboost|p1a: Gholdengo|atk|1
|-unboost|p1b: Incineroar|atk|1
|turn|3
|
|t:|1756626460
|switch|p1a: Tyranitar|Tyranitar, L50, F, shiny|100/100
|-weather|Sandstorm|[from] ability: Sand Stream|[of] p1a: Tyranitar
|move|p2b: Ninetales|Baton Pass|p2b: Ninetales
|
|t:|1756626465
|switch|p2b: Ursaluna|Ursaluna-Bloodmoon, L50, M|100/100|[from] Baton Pass
|move|p2a: Incineroar|Knock Off|p1a: Tyranitar
|-resisted|p1a: Tyranitar
|-damage|p1a: Tyranitar|82/100
|-enditem|p1a: Tyranitar|Assault Vest|[from] move: Knock Off|[of] p2a: Incineroar
|move|p1b: Incineroar|Parting Shot|p2b: Ursaluna
|-unboost|p2b: Ursaluna|atk|1
|-unboost|p2b: Ursaluna|spa|1
|
|t:|1756626474
|switch|p1b: Porygon2|Porygon2, L50, shiny|100/100|[from] Parting Shot
|-ability|p1b: Porygon2|Download|boost
|-boost|p1b: Porygon2|spa|1
|
|-weather|Sandstorm|[upkeep]
|-damage|p1b: Porygon2|94/100|[from] Sandstorm
|upkeep
|turn|4
|inactive|Delacruso has 30 seconds left.
|inactive|Delacruso has 20 seconds left.
|
|t:|1756626512
|-terastallize|p2b: Ursaluna|Normal
|-terastallize|p1a: Tyranitar|Flying
|move|p2b: Ursaluna|Hyper Voice|p1a: Tyranitar|[spread] p1a,p1b
|-damage|p1a: Tyranitar|39/100
|-damage|p1b: Porygon2|60/100
|move|p2a: Incineroar|Parting Shot|p1a: Tyranitar
|-unboost|p1a: Tyranitar|atk|1
|-unboost|p1a: Tyranitar|spa|1
|
|t:|1756626520
|switch|p2a: Ninetales|Ninetales, L50, M|100/100|[from] Parting Shot
|-weather|SunnyDay|[from] ability: Drought|[of] p2a: Ninetales
|move|p1a: Tyranitar|Low Kick|p2b: Ursaluna
|-supereffective|p2b: Ursaluna
|-damage|p2b: Ursaluna|52/100
|move|p1b: Porygon2|Trick Room|p1b: Porygon2
|-fieldstart|move: Trick Room|[of] p1b: Porygon2
|
|-weather|SunnyDay|[upkeep]
|upkeep
|turn|5
|inactive|Delacruso has 30 seconds left.
|
|t:|1756626551
|move|p1b: Porygon2|Tera Blast|p2a: Ninetales
|-damage|p2a: Ninetales|45/100
|move|p1a: Tyranitar|Rock Slide|p2a: Ninetales|[spread] p2a,p2b
|-supereffective|p2a: Ninetales
|-damage|p2a: Ninetales|8/100
|-damage|p2b: Ursaluna|34/100
|move|p2b: Ursaluna|Hyper Voice|p1b: Porygon2|[spread] p1a,p1b
|-damage|p1a: Tyranitar|0 fnt
|-damage|p1b: Porygon2|24/100
|faint|p1a: Tyranitar
|move|p2a: Ninetales|Heat Wave|p1b: Porygon2
|-damage|p1b: Porygon2|0 fnt
|faint|p1b: Porygon2
|
|-weather|SunnyDay|[upkeep]
|-sideend|p2: Delacruso|move: Tailwind
|upkeep
|
|t:|1756626565
|switch|p1b: Gholdengo|Gholdengo, L50|100/100
|switch|p1a: Incineroar|Incineroar, L50, F|83/100
|-ability|p1a: Incineroar|Intimidate|boost
|-unboost|p2a: Ninetales|atk|1
|-unboost|p2b: Ursaluna|atk|1
|turn|6
|inactive|Delacruso has 30 seconds left.
|
|t:|1756626593
|switch|p2a: Incineroar|Incineroar, L50, M, shiny|100/100
|-ability|p2a: Incineroar|Intimidate|boost
|-unboost|p1a: Incineroar|atk|1
|-unboost|p1b: Gholdengo|atk|1
|move|p1a: Incineroar|Flare Blitz|p2b: Ursaluna
|-damage|p2b: Ursaluna|0 fnt
|faint|p2b: Ursaluna
|-damage|p1a: Incineroar|72/100|[from] Recoil
|move|p1b: Gholdengo|Make It Rain|p2a: Incineroar
|-resisted|p2a: Incineroar
|-damage|p2a: Incineroar|74/100
|-unboost|p1b: Gholdengo|spa|1
|
|-weather|SunnyDay|[upkeep]
|upkeep
|
|t:|1756626607
|switch|p2b: Ninetales|Ninetales, L50, M|8/100
|turn|7
|
|t:|1756626616
|move|p1b: Gholdengo|Protect|p1b: Gholdengo
|-singleturn|p1b: Gholdengo|Protect
|move|p2a: Incineroar|Fake Out|p1a: Incineroar
|-damage|p1a: Incineroar|61/100
|cant|p1a: Incineroar|flinch
|move|p2b: Ninetales|Heat Wave|p1a: Incineroar|[spread] p1a
|-activate|p1b: Gholdengo|move: Protect
|-resisted|p1a: Incineroar
|-damage|p1a: Incineroar|46/100
|
|-weather|SunnyDay|[upkeep]
|upkeep
|turn|8
|
|t:|1756626633
|move|p2a: Incineroar|Knock Off|p1b: Gholdengo
|-supereffective|p1b: Gholdengo
|-damage|p1b: Gholdengo|0 fnt
|-enditem|p1b: Gholdengo|Leftovers|[from] move: Knock Off|[of] p2a: Incineroar
|faint|p1b: Gholdengo
|move|p1a: Incineroar|Knock Off|p2b: Ninetales
|-damage|p2b: Ninetales|0 fnt
|-enditem|p2b: Ninetales|Charcoal|[from] move: Knock Off|[of] p1a: Incineroar
|faint|p2b: Ninetales
|
|-weather|none
|-fieldend|move: Trick Room
|upkeep
|turn|9
|
|t:|1756626647
|move|p1a: Incineroar|Flare Blitz|p2a: Incineroar
|-resisted|p2a: Incineroar
|-damage|p2a: Incineroar|59/100
|-damage|p1a: Incineroar|41/100|[from] Recoil
|move|p2a: Incineroar|Flare Blitz|p1a: Incineroar
|-resisted|p1a: Incineroar
|-damage|p1a: Incineroar|18/100
|-damage|p2a: Incineroar|52/100|[from] Recoil
|
|upkeep
|turn|10
|-message|fifthtimesthecharm forfeited.
|raw|fifthtimesthecharm's rating: 1145 → 1115(-30 for losing)
|raw|Delacruso's rating: 1077 → 1111(+34 for winning)
|
|win|Delacruso
|l|☆fifthtimesthecharm
|player|p1|
