|j|☆micwell
|j|☆leejit
|html|micwellleejit    
|uhtml|bestof|Game 1 of a best-of-3
|t:|1784826718
|gametype|doubles
|player|p1|micwell|red|1054
|player|p2|leejit|170|1122
|gen|9
|tier|[Gen 9 Champions] VGC 2026 Reg M-B (Bo3)
|rated|
|rule|Species Clause: Limit one of each Pokémon
|rule|Item Clause: Limit 1 of each item
|clearpoke
|poke|p1|Froslass, L50, F|
|poke|p1|Ninetales-Alola, L50, M|
|poke|p1|Beartic, L50, F|
|poke|p1|Altaria, L50, M|
|poke|p1|Primarina, L50, F|
|poke|p1|Aurorus, L50, F|
|poke|p2|Tyranitar, L50, F|
|poke|p2|Excadrill, L50, F|
|poke|p2|Milotic, L50, M|
|poke|p2|Gholdengo, L50|
|poke|p2|Sinistcha, L50|
|poke|p2|Staraptor, L50, M|
|teampreview|4
|showteam|p1|Froslass||Froslassite|SnowCloak|Blizzard,Protect,ShadowBall,PainSplit|Timid||F|||50|]Ninetales-Alola||LightClay|SnowWarning|AuroraVeil,Blizzard,Moonblast,Protect|Timid||M|||50|]Beartic||ExpertBelt|SlushRush|IcicleCrash,CloseCombat,Earthquake,SwordsDance|Serious||F|||50|]Altaria||Altarianite|CloudNine|HyperVoice,DragonPulse,Protect,Roost|Modest||M|||50|]Primarina||FairyFeather|LiquidVoice|HyperVoice,DrainingKiss,CalmMind,Protect|Modest||F|||50|]Aurorus||IcyRock|SnowWarning|Blizzard,FreezeDry,AncientPower,Protect|Modest||F|||50|
|showteam|p2|Tyranitar||Tyranitarite|SandStream|KnockOff,RockSlide,HighHorsepower,Protect|Jolly||F|||50|]Excadrill||FocusSash|SandRush|HighHorsepower,IronHead,RockSlide,Protect|Jolly||F|||50|]Milotic||SitrusBerry|Competitive|Scald,IcyWind,Haze,Protect|Calm||M|||50|]Gholdengo||LifeOrb|GoodasGold|MakeItRain,ShadowBall,NastyPlot,Protect|Modest|||||50|]Sinistcha||ColburBerry|Hospitality|MatchaGotcha,ShadowBall,Protect,RagePowder|Bold|||||50|]Staraptor||Staraptite|Intimidate|CloseCombat,BraveBird,Tailwind,Protect|Jolly||M|||50|
|inactive|Battle timer is ON: inactive players will automatically lose when time's up. (requested by micwell)
|inactive|leejit has 60 seconds left.
|inactive|leejit has 30 seconds left.
|inactive|leejit has 20 seconds left.
|inactive|leejit has 15 seconds left.
|
|t:|1784826799
|teamsize|p1|4
|teamsize|p2|4
|start
|switch|p1a: Froslass|Froslass, L50, F|100/100
|switch|p1b: Ninetales|Ninetales-Alola, L50, M|100/100
|switch|p2a: Gholdengo|Gholdengo, L50|100/100
|switch|p2b: Milotic|Milotic, L50, M|100/100
|-weather|Snowscape|[from] ability: Snow Warning|[of] p1b: Ninetales
|turn|1
|inactive|leejit has 30 seconds left.
|
|t:|1784826832
|move|p2a: Gholdengo|Protect|p2a: Gholdengo
|-singleturn|p2a: Gholdengo|Protect
|move|p1a: Froslass|Shadow Ball|p2a: Gholdengo
|-activate|p2a: Gholdengo|move: Protect
|move|p1b: Ninetales|Aurora Veil|p1b: Ninetales
|-sidestart|p1: micwell|move: Aurora Veil
|move|p2b: Milotic|Icy Wind|p1b: Ninetales|[spread] p1a,p1b
|-resisted|p1a: Froslass|1
|-resisted|p1b: Ninetales|1
|-damage|p1a: Froslass|95/100
|-damage|p1b: Ninetales|95/100
|-unboost|p1a: Froslass|spe|1
|-unboost|p1b: Ninetales|spe|1
|
|-weather|Snowscape|[upkeep]
|upkeep
|turn|2
|inactive|micwell has 30 seconds left.
|inactive|leejit has 30 seconds left.
|inactive|leejit has 20 seconds left.
|inactive|leejit has 15 seconds left.
|
|t:|1784826877
|move|p1b: Ninetales|Protect|p1b: Ninetales
|-singleturn|p1b: Ninetales|Protect
|move|p1a: Froslass|Shadow Ball|p2a: Gholdengo
|-supereffective|p2a: Gholdengo|1
|-damage|p2a: Gholdengo|42/100
|move|p2b: Milotic|Scald|p1a: Froslass|[miss]
|-miss|p2b: Milotic|p1a: Froslass
|move|p2a: Gholdengo|Shadow Ball|p1a: Froslass
|-supereffective|p1a: Froslass|1
|-damage|p1a: Froslass|0 fnt
|faint|p1a: Froslass
|-damage|p2a: Gholdengo|33/100|[from] item: Life Orb
|
|-weather|Snowscape|[upkeep]
|upkeep
|
|t:|1784826892
|switch|p1a: Beartic|Beartic, L50, F|100/100
|turn|3
|inactive|leejit has 30 seconds left.
|inactive|leejit has 20 seconds left.
|inactive|leejit has 15 seconds left.
|
|t:|1784826935
|switch|p2b: Tyranitar|Tyranitar, L50, F|100/100
|-weather|Sandstorm|[from] ability: Sand Stream|[of] p2b: Tyranitar
|move|p1b: Ninetales|Moonblast|p2b: Tyranitar
|-supereffective|p2b: Tyranitar|1
|-damage|p2b: Tyranitar|56/100
|move|p2a: Gholdengo|Make It Rain|p1a: Beartic|[spread] p1a,p1b
|-supereffective|p1a: Beartic|1
|-supereffective|p1b: Ninetales|2
|-damage|p1a: Beartic|15/100
|-damage|p1b: Ninetales|0 fnt
|-unboost|p2a: Gholdengo|spa|2
|faint|p1b: Ninetales
|-damage|p2a: Gholdengo|23/100|[from] item: Life Orb
|move|p1a: Beartic|Earthquake|p2a: Gholdengo|[spread] p2a,p2b
|-supereffective|p2a: Gholdengo|1
|-supereffective|p2b: Tyranitar|1
|-damage|p2a: Gholdengo|0 fnt
|-damage|p2b: Tyranitar|0 fnt
|faint|p2a: Gholdengo
|faint|p2b: Tyranitar
|
|-weather|Sandstorm|[upkeep]
|-damage|p1a: Beartic|9/100|[from] Sandstorm
|upkeep
|
|t:|1784826957
|switch|p1b: Aurorus|Aurorus, L50, F|100/100
|switch|p2b: Excadrill|Excadrill, L50, F|100/100
|switch|p2a: Milotic|Milotic, L50, M|100/100
|-weather|Snowscape|[from] ability: Snow Warning|[of] p1b: Aurorus
|turn|4
|inactive|leejit has 30 seconds left.
|
|t:|1784826985
|move|p2b: Excadrill|Protect|p2b: Excadrill
|-singleturn|p2b: Excadrill|Protect
|move|p1a: Beartic|Close Combat|p2b: Excadrill
|-activate|p2b: Excadrill|move: Protect
|move|p2a: Milotic|Scald|p1a: Beartic
|-damage|p1a: Beartic|0 fnt
|faint|p1a: Beartic
|move|p1b: Aurorus|Blizzard|p2a: Milotic|[spread] p2a
|-activate|p2b: Excadrill|move: Protect
|-resisted|p2a: Milotic|1
|-damage|p2a: Milotic|86/100
|
|-weather|Snowscape|[upkeep]
|upkeep
|turn|5
|
|t:|1784827000
|move|p2b: Excadrill|Iron Head|p1b: Aurorus
|-supereffective|p1b: Aurorus|2
|-damage|p1b: Aurorus|26/100
|move|p2a: Milotic|Scald|p1b: Aurorus
|-supereffective|p1b: Aurorus|1
|-damage|p1b: Aurorus|0 fnt
|faint|p1b: Aurorus
|
|win|leejit
