|j|☆RipsenVGC
|j|☆empotato
|html|RipsenVGCempotato    
|uhtml|bestof|Game 1 of a best-of-3
|t:|1783488052
|gametype|doubles
|player|p1|RipsenVGC|hilbert|1187
|player|p2|empotato|cynthia-gen4|1272
|gen|9
|tier|[Gen 9 Champions] VGC 2026 Reg M-B (Bo3)
|rated|
|rule|Species Clause: Limit one of each Pokémon
|rule|Item Clause: Limit 1 of each item
|clearpoke
|poke|p1|Gardevoir, L50, F, shiny|
|poke|p1|Raichu, L50, F|
|poke|p1|Sinistcha, L50|
|poke|p1|Ceruledge, L50, M|
|poke|p1|Milotic, L50, M, shiny|
|poke|p1|Incineroar, L50, M|
|poke|p2|Garchomp, L50, F|
|poke|p2|Aerodactyl, L50, F|
|poke|p2|Charizard, L50, M|
|poke|p2|Farigiraf, L50, F|
|poke|p2|Kingambit, L50, M|
|poke|p2|Sylveon, L50, F|
|teampreview|4
|showteam|p1|Gardevoir||Gardevoirite|Trace|HyperVoice,Psyshock,CalmMind,Protect|Timid||F|||50|]Raichu||RaichuniteY|LightningRod|ZapCannon,FocusBlast,FakeOut,Protect|Timid||F|||50|]Sinistcha||KasibBerry|Hospitality|MatchaGotcha,RagePowder,TrickRoom,LifeDew|Relaxed|||||50|]Ceruledge||ColburBerry|FlashFire|BitterBlade,ShadowSneak,BulkUp,Protect|Adamant||M|||50|]Milotic||Leftovers|Competitive|MuddyWater,Coil,Hypnosis,Recover|Calm||M|||50|]Incineroar||SitrusBerry|Intimidate|FlareBlitz,ThroatChop,FakeOut,PartingShot|Impish||M|||50|
|showteam|p2|Garchomp||LifeOrb|RoughSkin|DragonClaw,Earthquake,RockSlide,Protect|Jolly||F|||50|]Aerodactyl||Aerodactylite|Unnerve|RockSlide,DualWingbeat,Tailwind,Protect|Jolly||F|||50|]Charizard||CharizarditeY|SolarPower|HeatWave,SolarBeam,AirSlash,Protect|Timid||M|||50|]Farigiraf||ColburBerry|ArmorTail|Psychic,HyperVoice,HelpingHand,TrickRoom|Relaxed||F|||50|]Kingambit||BlackGlasses|Defiant|KowtowCleave,IronHead,SuckerPunch,Protect|Adamant||M|||50|]Sylveon||FairyFeather|Pixilate|HyperBeam,QuickAttack,HyperVoice,Detect|Modest||F|||50|
|
|t:|1783488152
|teamsize|p1|4
|teamsize|p2|4
|start
|switch|p1a: Milotic|Milotic, L50, M, shiny|100/100
|switch|p1b: Raichu|Raichu, L50, F|100/100
|switch|p2a: Charizard|Charizard, L50, M|100/100
|switch|p2b: Garchomp|Garchomp, L50, F|100/100
|turn|1
|inactive|Battle timer is ON: inactive players will automatically lose when time's up. (requested by RipsenVGC)
|
|t:|1783488204
|move|p2a: Charizard|Protect|p2a: Charizard
|-singleturn|p2a: Charizard|Protect
|move|p1b: Raichu|Fake Out|p2b: Garchomp
|-damage|p2b: Garchomp|91/100
|-damage|p1b: Raichu|87/100|[from] ability: Rough Skin|[of] p2b: Garchomp
|cant|p2b: Garchomp|flinch
|move|p1a: Milotic|Coil|p1a: Milotic
|-boost|p1a: Milotic|atk|1
|-boost|p1a: Milotic|def|1
|-boost|p1a: Milotic|accuracy|1
|
|upkeep
|turn|2
|
|t:|1783488225
|switch|p2a: Farigiraf|Farigiraf, L50, F|100/100
|detailschange|p1b: Raichu|Raichu-Mega-Y, L50, F
|-mega|p1b: Raichu|Raichu|Raichunite Y
|move|p1b: Raichu|Zap Cannon|p2a: Farigiraf
|-damage|p2a: Farigiraf|39/100
|-status|p2a: Farigiraf|par
|move|p2b: Garchomp|Dragon Claw|p1b: Raichu
|-damage|p1b: Raichu|14/100
|-damage|p2b: Garchomp|82/100|[from] item: Life Orb
|move|p1a: Milotic|Hypnosis|p2b: Garchomp
|-status|p2b: Garchomp|slp|[from] move: Hypnosis
|
|upkeep
|turn|3
|
|t:|1783488244
|move|p1b: Raichu|Zap Cannon|p2a: Farigiraf
|-damage|p2a: Farigiraf|0 fnt
|faint|p2a: Farigiraf
|cant|p2b: Garchomp|slp
|move|p1a: Milotic|Coil|p1a: Milotic
|-boost|p1a: Milotic|atk|1
|-boost|p1a: Milotic|def|1
|-boost|p1a: Milotic|accuracy|1
|
|upkeep
|
|t:|1783488252
|switch|p2a: Kingambit|Kingambit, L50, M|100/100
|turn|4
|
|t:|1783488262
|move|p1b: Raichu|Protect|p1b: Raichu
|-singleturn|p1b: Raichu|Protect
|move|p2a: Kingambit|Sucker Punch||[still]
|-fail|p2a: Kingambit
|-curestatus|p2b: Garchomp|slp|[msg]
|move|p2b: Garchomp|Dragon Claw|p1a: Milotic
|-damage|p1a: Milotic|78/100
|-damage|p2b: Garchomp|72/100|[from] item: Life Orb
|move|p1a: Milotic|Hypnosis|p2a: Kingambit
|-status|p2a: Kingambit|slp|[from] move: Hypnosis
|
|-heal|p1a: Milotic|84/100|[from] item: Leftovers
|upkeep
|turn|5
|inactive|RipsenVGC has 30 seconds left.
|
|t:|1783488292
|switch|p2a: Charizard|Charizard, L50, M|100/100
|move|p1b: Raichu|Focus Blast|p2a: Charizard
|-resisted|p2a: Charizard|1
|-damage|p2a: Charizard|73/100
|move|p2b: Garchomp|Earthquake|p1a: Milotic|[spread] p1a,p1b
|-immune|p2a: Charizard
|-supereffective|p1b: Raichu|1
|-damage|p1a: Milotic|66/100
|-damage|p1b: Raichu|0 fnt
|faint|p1b: Raichu
|-damage|p2b: Garchomp|62/100|[from] item: Life Orb
|move|p1a: Milotic|Hypnosis|p2b: Garchomp
|-status|p2b: Garchomp|slp|[from] move: Hypnosis
|
|-heal|p1a: Milotic|72/100|[from] item: Leftovers
|upkeep
|
|t:|1783488307
|switch|p1b: Incineroar|Incineroar, L50, M|100/100
|-ability|p1b: Incineroar|Intimidate|boost
|-unboost|p2a: Charizard|atk|1
|-unboost|p2b: Garchomp|atk|1
|turn|6
|inactive|empotato has 30 seconds left.
|
|t:|1783488337
|move|p2a: Charizard|Protect|p2a: Charizard
|-singleturn|p2a: Charizard|Protect
|move|p1b: Incineroar|Fake Out|p2a: Charizard
|-activate|p2a: Charizard|move: Protect
|cant|p2b: Garchomp|slp
|move|p1a: Milotic|Muddy Water|p2b: Garchomp|[spread] p2b
|-activate|p2a: Charizard|move: Protect
|-damage|p2b: Garchomp|38/100 slp
|
|-heal|p1a: Milotic|78/100|[from] item: Leftovers
|upkeep
|turn|7
|inactive|RipsenVGC has 30 seconds left.
|
|t:|1783488363
|switch|p2b: Kingambit|Kingambit, L50, M|100/100 slp
|detailschange|p2a: Charizard|Charizard-Mega-Y, L50, M
|-mega|p2a: Charizard|Charizard|Charizardite Y
|-weather|SunnyDay|[from] ability: Drought|[of] p2a: Charizard
|move|p2a: Charizard|Solar Beam||[still]
|-prepare|p2a: Charizard|Solar Beam
|-anim|p2a: Charizard|Solar Beam|p1a: Milotic
|-supereffective|p1a: Milotic|1
|-damage|p1a: Milotic|16/100
|move|p1a: Milotic|Hypnosis|p2a: Charizard
|-status|p2a: Charizard|slp|[from] move: Hypnosis
|move|p1b: Incineroar|Parting Shot|p2a: Charizard
|-unboost|p2a: Charizard|atk|1
|-unboost|p2a: Charizard|spa|1
|
|t:|1783488381
|switch|p1b: Ceruledge|Ceruledge, L50, M|100/100|[from] Parting Shot
|
|-weather|SunnyDay|[upkeep]
|-heal|p1a: Milotic|22/100|[from] item: Leftovers
|upkeep
|turn|8
|inactive|empotato has 30 seconds left.
|
|t:|1783488410
|cant|p2b: Kingambit|slp
|cant|p2a: Charizard|slp
|move|p1b: Ceruledge|Bulk Up|p1b: Ceruledge
|-boost|p1b: Ceruledge|atk|1
|-boost|p1b: Ceruledge|def|1
|move|p1a: Milotic|Muddy Water|p2b: Kingambit|[spread] p2a,p2b
|-supereffective|p2a: Charizard|1
|-damage|p2a: Charizard|53/100 slp
|-damage|p2b: Kingambit|89/100 slp
|-unboost|p2a: Charizard|accuracy|1
|
|-weather|SunnyDay|[upkeep]
|-heal|p1a: Milotic|28/100|[from] item: Leftovers
|upkeep
|turn|9
|inactive|RipsenVGC has 30 seconds left.
|
|t:|1783488440
|move|p1b: Ceruledge|Protect|p1b: Ceruledge
|-singleturn|p1b: Ceruledge|Protect
|cant|p2b: Kingambit|slp
|cant|p2a: Charizard|slp
|move|p1a: Milotic|Muddy Water|p2b: Kingambit|[spread] p2a,p2b
|-supereffective|p2a: Charizard|1
|-crit|p2a: Charizard
|-damage|p2a: Charizard|19/100 slp
|-damage|p2b: Kingambit|80/100 slp
|-unboost|p2b: Kingambit|accuracy|1
|-ability|p2b: Kingambit|Defiant|boost
|-boost|p2b: Kingambit|atk|2
|
|-weather|SunnyDay|[upkeep]
|-heal|p1a: Milotic|34/100|[from] item: Leftovers
|upkeep
|turn|10
|
|t:|1783488460
|move|p1b: Ceruledge|Shadow Sneak|p2a: Charizard
|-damage|p2a: Charizard|0 fnt
|faint|p2a: Charizard
|-curestatus|p2b: Kingambit|slp|[msg]
|move|p2b: Kingambit|Sucker Punch||[still]
|-fail|p2b: Kingambit
|move|p1a: Milotic|Recover|p1a: Milotic
|-heal|p1a: Milotic|84/100
|
|-weather|SunnyDay|[upkeep]
|-heal|p1a: Milotic|90/100|[from] item: Leftovers
|upkeep
|
|t:|1783488464
|switch|p2a: Garchomp|Garchomp, L50, F|38/100 slp
|turn|11
|inactive|RipsenVGC has 30 seconds left.
|
|t:|1783488497
|switch|p1b: Incineroar|Incineroar, L50, M|100/100
|-ability|p1b: Incineroar|Intimidate|boost
|-unboost|p2a: Garchomp|atk|1
|-unboost|p2b: Kingambit|atk|1
|-ability|p2b: Kingambit|Defiant|boost
|-boost|p2b: Kingambit|atk|2
|cant|p2a: Garchomp|slp
|move|p1a: Milotic|Hypnosis|p2b: Kingambit
|-status|p2b: Kingambit|slp|[from] move: Hypnosis
|cant|p2b: Kingambit|slp
|
|-weather|none
|-heal|p1a: Milotic|96/100|[from] item: Leftovers
|upkeep
|turn|12
|
|t:|1783488515
|-curestatus|p2a: Garchomp|slp|[msg]
|move|p2a: Garchomp|Rock Slide|p1a: Milotic|[spread] p1a,p1b
|-supereffective|p1b: Incineroar|1
|-damage|p1a: Milotic|90/100
|-damage|p1b: Incineroar|79/100
|-damage|p2a: Garchomp|28/100|[from] item: Life Orb
|cant|p1a: Milotic|flinch
|move|p1b: Incineroar|Flare Blitz|p2b: Kingambit
|-supereffective|p2b: Kingambit|1
|-damage|p2b: Kingambit|10/100 slp
|-damage|p1b: Incineroar|55/100|[from] Recoil
|-curestatus|p2b: Kingambit|slp|[msg]
|move|p2b: Kingambit|Kowtow Cleave|p1a: Milotic
|-damage|p1a: Milotic|36/100
|
|-heal|p1a: Milotic|42/100|[from] item: Leftovers
|upkeep
|turn|13
|inactive|RipsenVGC has 30 seconds left.
|
|t:|1783488542
|move|p2a: Garchomp|Rock Slide|p1a: Milotic|[spread] p1a,p1b
|-supereffective|p1b: Incineroar|1
|-damage|p1a: Milotic|36/100
|-damage|p1b: Incineroar|32/100
|-enditem|p1b: Incineroar|Sitrus Berry|[eat]
|-heal|p1b: Incineroar|56/100|[from] item: Sitrus Berry
|-damage|p2a: Garchomp|18/100|[from] item: Life Orb
|cant|p1a: Milotic|flinch
|move|p1b: Incineroar|Flare Blitz|p2b: Kingambit
|-supereffective|p2b: Kingambit|1
|-damage|p2b: Kingambit|0 fnt
|faint|p2b: Kingambit
|-damage|p1b: Incineroar|53/100|[from] Recoil
|
|-heal|p1a: Milotic|42/100|[from] item: Leftovers
|upkeep
|turn|14
|
|t:|1783488567
|move|p2a: Garchomp|Earthquake|p1a: Milotic|[spread] p1a,p1b
|-supereffective|p1b: Incineroar|1
|-damage|p1a: Milotic|30/100
|-damage|p1b: Incineroar|9/100
|-damage|p2a: Garchomp|9/100|[from] item: Life Orb
|move|p1a: Milotic|Recover|p1a: Milotic
|-heal|p1a: Milotic|80/100
|move|p1b: Incineroar|Throat Chop|p2a: Garchomp
|-damage|p2a: Garchomp|0 fnt
|-damage|p1b: Incineroar|0 fnt|[from] ability: Rough Skin|[of] p2a: Garchomp
|faint|p2a: Garchomp
|faint|p1b: Incineroar
|
|win|RipsenVGC
|inactive|RipsenVGC has 30 seconds to confirm battle start!
|inactive|empotato has 30 seconds to confirm battle start!
||empotato is ready for game 2.
||RipsenVGC is ready for game 2.
|uhtml|next|Next: Game 2 of 3
