|j|☆pakaan64
|j|☆Imaginary Iris
|html|pakaan64Imaginary Iris    
|uhtml|bestof|Game 1 of a best-of-3
|t:|1757635383
|gametype|doubles
|player|p1|pakaan64|101|1139
|player|p2|Imaginary Iris|lady|1120
|gen|9
|tier|[Gen 9] VGC 2025 Reg H (Bo3)
|rated|
|rule|Species Clause: Limit one of each Pokémon
|rule|Item Clause: Limit 1 of each item
|clearpoke
|poke|p1|Kingambit, L50, F|
|poke|p1|Arcanine, L50, F|
|poke|p1|Serperior, L50, F|
|poke|p1|Sneasler, L50, F|
|poke|p1|Dondozo, L50, M|
|poke|p1|Tatsugiri, L50, M|
|poke|p2|Dachsbun, L50, F|
|poke|p2|Typhlosion-Hisui, L50, F|
|poke|p2|Kingambit, L50, M|
|poke|p2|Jumpluff, L50, F|
|poke|p2|Rillaboom, L50, F|
|poke|p2|Torkoal, L50, F|
|teampreview|4
|showteam|p1|Kingambit||AssaultVest|Defiant|SuckerPunch,KowtowCleave,IronHead,LowKick|||F|||50|,,,,,Ghost]Arcanine||SitrusBerry|Intimidate|FlareBlitz,ExtremeSpeed,Protect,HelpingHand|||F|||50|,,,,,Water]Serperior||FocusSash|Contrary|LeafStorm,Protect,TeraBlast,Glare|||F|||50|,,,,,Stellar]Sneasler||WhiteHerb|Unburden|DireClaw,CloseCombat,Protect,Coaching|||F|||50|,,,,,Dark]Dondozo||Leftovers|Unaware|TeraBlast,Protect,WaveCrash,OrderUp|||M|||50|,,,,,Flying]Tatsugiri||ToxicOrb|Commander|Protect,MuddyWater,DracoMeteor,DragonPulse|||M|||50|,,,,,Steel
|showteam|p2|Dachsbun||Leftovers|WellBakedBody|Protect,BodyPress,HelpingHand,Snarl|||F|||50|,,,,,Steel]Typhlosion-Hisui||ChoiceSpecs|Blaze|Eruption,LavaPlume,Overheat,ShadowBall|||F|||50|,,,,,Fire]Kingambit||SafetyGoggles|Defiant|Protect,KowtowCleave,SuckerPunch,SwordsDance|||M|||50|,,,,,Dark]Jumpluff||CovertCloak|Chlorophyll|LeafStorm,Encore,SleepPowder,Tailwind|||F|||50|,,,,,Water]Rillaboom||AssaultVest|GrassySurge|WoodHammer,FakeOut,GrassyGlide,HighHorsepower|||F|||50|,,,,,Fire]Torkoal||SitrusBerry|Drought|Protect,ClearSmog,HeatWave,LavaPlume|||F|||50|,,,,,Fairy
|inactive|Battle timer is ON: inactive players will automatically lose when time's up. (requested by pakaan64)
|inactive|Imaginary Iris has 60 seconds left.
|
|t:|1757635479
|teamsize|p1|4
|teamsize|p2|4
|start
|switch|p1a: Kingambit|Kingambit, L50, F|100/100
|switch|p1b: Serperior|Serperior, L50, F|100/100
|switch|p2a: Jumpluff|Jumpluff, L50, F, shiny|100/100
|switch|p2b: Torkoal|Torkoal, L50, F|100/100
|-weather|SunnyDay|[from] ability: Drought|[of] p2b: Torkoal
|turn|1
|inactive|Imaginary Iris has 30 seconds left.
|inactive|Imaginary Iris has 20 seconds left.
|
|t:|1757635518
|-terastallize|p1b: Serperior|Stellar
|-terastallize|p2b: Torkoal|Fairy
|move|p1a: Kingambit|Sucker Punch|p2b: Torkoal
|-resisted|p2b: Torkoal
|-crit|p2b: Torkoal
|-damage|p2b: Torkoal|75/100
|move|p2a: Jumpluff|Sleep Powder|p1a: Kingambit
|-status|p1a: Kingambit|slp|[from] move: Sleep Powder
|move|p1b: Serperior|Tera Blast|p2b: Torkoal|[anim] Tera Blast Stellar
|-supereffective|p2b: Torkoal
|-damage|p2b: Torkoal|0 fnt
|-boost|p1b: Serperior|atk|1
|-boost|p1b: Serperior|spa|1
|faint|p2b: Torkoal
|
|-weather|SunnyDay|[upkeep]
|upkeep
|
|t:|1757635531
|switch|p2b: Typhlosion|Typhlosion-Hisui, L50, F|100/100
|turn|2
|
|t:|1757635553
|move|p2a: Jumpluff|Tailwind|p2a: Jumpluff
|-sidestart|p2: Imaginary Iris|move: Tailwind
|move|p2b: Typhlosion|Eruption|p1b: Serperior|[spread] p1a,p1b
|-supereffective|p1a: Kingambit
|-supereffective|p1b: Serperior
|-damage|p1a: Kingambit|0 fnt
|-enditem|p1b: Serperior|Focus Sash
|-damage|p1b: Serperior|1/100
|faint|p1a: Kingambit
|move|p1b: Serperior|Tera Blast|p2b: Typhlosion|[anim] Tera Blast Stellar
|-damage|p2b: Typhlosion|54/100
|-boost|p1b: Serperior|atk|1
|-boost|p1b: Serperior|spa|1
|
|-weather|SunnyDay|[upkeep]
|upkeep
|
|t:|1757635570
|switch|p1a: Arcanine|Arcanine, L50, F, shiny|100/100
|-ability|p1a: Arcanine|Intimidate|boost
|-unboost|p2a: Jumpluff|atk|1
|-unboost|p2b: Typhlosion|atk|1
|turn|3
|inactive|pakaan64 has 30 seconds left.
|inactive|pakaan64 has 20 seconds left.
|inactive|pakaan64 has 15 seconds left.
|
|t:|1757635612
|move|p1b: Serperior|Protect|p1b: Serperior
|-singleturn|p1b: Serperior|Protect
|move|p2a: Jumpluff|Sleep Powder|p1a: Arcanine
|-status|p1a: Arcanine|slp|[from] move: Sleep Powder
|move|p2b: Typhlosion|Eruption|p1b: Serperior|[spread] p1a
|-activate|p1b: Serperior|move: Protect
|-resisted|p1a: Arcanine
|-damage|p1a: Arcanine|60/100 slp
|cant|p1a: Arcanine|slp
|
|-weather|SunnyDay|[upkeep]
|upkeep
|turn|4
|
|t:|1757635627
|move|p2a: Jumpluff|Leaf Storm|p1a: Arcanine
|-resisted|p1a: Arcanine
|-damage|p1a: Arcanine|42/100 slp
|-unboost|p2a: Jumpluff|spa|2
|-enditem|p1a: Arcanine|Sitrus Berry|[eat]
|-heal|p1a: Arcanine|66/100 slp|[from] item: Sitrus Berry
|move|p2b: Typhlosion|Eruption|p1b: Serperior|[spread] p1a,p1b
|-resisted|p1a: Arcanine
|-supereffective|p1b: Serperior
|-damage|p1a: Arcanine|24/100 slp
|-damage|p1b: Serperior|0 fnt
|faint|p1b: Serperior
|cant|p1a: Arcanine|slp
|
|-weather|SunnyDay|[upkeep]
|upkeep
|
|t:|1757635641
|switch|p1b: Sneasler|Sneasler, L50, F|100/100
|turn|5
|inactive|Imaginary Iris has 30 seconds left.
|inactive|Imaginary Iris has 20 seconds left.
|inactive|Imaginary Iris has 15 seconds left.
|
|t:|1757635682
|move|p1b: Sneasler|Protect|p1b: Sneasler
|-singleturn|p1b: Sneasler|Protect
|cant|p1a: Arcanine|slp
|move|p2a: Jumpluff|Leaf Storm|p1a: Arcanine
|-resisted|p1a: Arcanine
|-damage|p1a: Arcanine|15/100 slp
|-unboost|p2a: Jumpluff|spa|2
|move|p2b: Typhlosion|Eruption|p1a: Arcanine|[spread] p1a
|-activate|p1b: Sneasler|move: Protect
|-resisted|p1a: Arcanine
|-damage|p1a: Arcanine|0 fnt
|faint|p1a: Arcanine
|
|-weather|none
|-sideend|p2: Imaginary Iris|move: Tailwind
|upkeep
|turn|6
|inactive|pakaan64 has 30 seconds left.
|
|t:|1757635707
|switch|p2b: Dachsbun|Dachsbun, L50, F, shiny|100/100
|move|p1b: Sneasler|Dire Claw|p2b: Dachsbun
|-supereffective|p2b: Dachsbun
|-damage|p2b: Dachsbun|22/100
|move|p2a: Jumpluff|Tailwind|p2a: Jumpluff
|-sidestart|p2: Imaginary Iris|move: Tailwind
|
|-heal|p2b: Dachsbun|29/100|[from] item: Leftovers
|upkeep
|turn|7
|
|t:|1757635719
|move|p1b: Sneasler|Protect|p1b: Sneasler
|-singleturn|p1b: Sneasler|Protect
|move|p2a: Jumpluff|Sleep Powder|p1b: Sneasler
|-activate|p1b: Sneasler|move: Protect
|move|p2b: Dachsbun|Body Press|p1b: Sneasler
|-activate|p1b: Sneasler|move: Protect
|
|-heal|p2b: Dachsbun|35/100|[from] item: Leftovers
|upkeep
|turn|8
|
|t:|1757635727
|switch|p2b: Typhlosion|Typhlosion-Hisui, L50, F|54/100
|move|p2a: Jumpluff|Encore|p1b: Sneasler
|-start|p1b: Sneasler|Encore
|move|p1b: Sneasler|Protect||[still]
|-fail|p1b: Sneasler
|
|upkeep
|turn|9
|inactive|pakaan64 has 30 seconds left.
|-message|pakaan64 forfeited.
|
|win|Imaginary Iris
|l|☆pakaan64
|player|p1|
||pakaan64 is ready for game 2.
||Imaginary Iris is ready for game 2.
|uhtml|next|Next: Game 2 of 3
