|j|☆TREY_NJVGC
|j|☆Kampfstube
|html|TREY_NJVGCKampfstube    
|uhtml|bestof|Game 2 of a best-of-3
|t:|1756617584
|gametype|doubles
|player|p1|TREY_NJVGC|marlon|1033
|player|p2|Kampfstube|n|1044
|gen|9
|tier|[Gen 9] VGC 2025 Reg H (Bo3)
|rated|
|rule|Species Clause: Limit one of each Pokémon
|rule|Item Clause: Limit 1 of each item
|clearpoke
|poke|p1|Golurk, L50|
|poke|p1|Torkoal, L50, M|
|poke|p1|Lilligant-Hisui, L50, F|
|poke|p1|Incineroar, L50, F|
|poke|p1|Indeedee-F, L50, F|
|poke|p1|Braviary-Hisui, L50, M|
|poke|p2|Grimmsnarl, L50, M|
|poke|p2|Volcarona, L50, F|
|poke|p2|Annihilape, L50, F|
|poke|p2|Ursaluna-Bloodmoon, L50, M|
|poke|p2|Dragonite, L50, M|
|poke|p2|Amoonguss, L50, F|
|teampreview|4
|showteam|p1|Golurk||ClearAmulet|NoGuard|HighHorsepower,Protect,HeatCrash,Poltergeist||||||50|,,,,,Fire]Torkoal||Charcoal|Drought|Eruption,Protect,Flamethrower,EarthPower|||M|||50|,,,,,Fire]Lilligant-Hisui||FocusSash|Chlorophyll|IceSpinner,CloseCombat,LeafBlade,AfterYou|||F|||50|,,,,,Ghost]Incineroar||AssaultVest|Intimidate|FakeOut,KnockOff,Uturn,FlareBlitz|||F|||50|,,,,,Ghost]Indeedee-F||SafetyGoggles|PsychicSurge|FollowMe,TrickRoom,HelpingHand,Psychic|||F|||50|,,,,,Fairy]Braviary-Hisui||LifeOrb|SheerForce|Hurricane,ExpandingForce,Protect,HeatWave|||M|||50|,,,,,Psychic
|showteam|p2|Grimmsnarl||CovertCloak|Prankster|SpiritBreak,LightScreen,Reflect,ThunderWave|||M|||50|,,,,,Steel]Volcarona||Leftovers|FlameBody|GigaDrain,QuiverDance,HeatWave,Protect|||F|||50|,,,,,Grass]Annihilape||SafetyGoggles|Defiant|BulkUp,DrainPunch,Protect,RageFist|||F|||50|,,,,,Fire]Ursaluna-Bloodmoon||AssaultVest|MindsEye|EarthPower,BloodMoon,HyperVoice,VacuumWave|||M|||50|,,,,,Water]Dragonite||LoadedDice|Multiscale|ScaleShot,ExtremeSpeed,Protect,Haze|||M|||50|,,,,,Fairy]Amoonguss||RockyHelmet|Regenerator|Spore,RagePowder,Protect,PollenPuff|||F|||50|,,,,,Water
|inactive|Battle timer is ON: inactive players will automatically lose when time's up. (requested by Kampfstube)
|
|t:|1756617607
|teamsize|p1|4
|teamsize|p2|4
|start
|switch|p1a: Torkoal|Torkoal, L50, M|100/100
|switch|p1b: Indeedee|Indeedee-F, L50, F|100/100
|switch|p2a: Volcarona|Volcarona, L50, F, shiny|100/100
|switch|p2b: Grimmsnarl|Grimmsnarl, L50, M|100/100
|-fieldstart|move: Psychic Terrain|[from] ability: Psychic Surge|[of] p1b: Indeedee
|-weather|SunnyDay|[from] ability: Drought|[of] p1a: Torkoal
|turn|1
|
|t:|1756617628
|-terastallize|p1a: Torkoal|Fire
|move|p2a: Volcarona|Heat Wave|p1a: Torkoal|[spread] p1b
|-miss|p2a: Volcarona|p1a: Torkoal
|-damage|p1b: Indeedee|55/100
|move|p2b: Grimmsnarl|Spirit Break|p1a: Torkoal
|-resisted|p1a: Torkoal
|-damage|p1a: Torkoal|89/100
|-unboost|p1a: Torkoal|spa|1
|move|p1a: Torkoal|Eruption|p2a: Volcarona|[spread] p2a,p2b
|-crit|p2b: Grimmsnarl
|-damage|p2a: Volcarona|40/100
|-damage|p2b: Grimmsnarl|0 fnt
|faint|p2b: Grimmsnarl
|move|p1b: Indeedee|Trick Room|p1b: Indeedee
|-fieldstart|move: Trick Room|[of] p1b: Indeedee
|
|-weather|SunnyDay|[upkeep]
|-heal|p2a: Volcarona|46/100|[from] item: Leftovers
|upkeep
|
|t:|1756617646
|switch|p2b: Ursaluna|Ursaluna-Bloodmoon, L50, M|100/100
|turn|2
|
|t:|1756617659
|move|p1b: Indeedee|Helping Hand|p1a: Torkoal
|-singleturn|p1a: Torkoal|Helping Hand|[of] p1b: Indeedee
|move|p2a: Volcarona|Protect|p2a: Volcarona
|-singleturn|p2a: Volcarona|Protect
|move|p1a: Torkoal|Eruption|p2a: Volcarona|[spread] p2b
|-activate|p2a: Volcarona|move: Protect
|-damage|p2b: Ursaluna|31/100
|move|p2b: Ursaluna|Hyper Voice|p1b: Indeedee|[spread] p1a,p1b
|-damage|p1a: Torkoal|36/100
|-damage|p1b: Indeedee|17/100
|
|-weather|SunnyDay|[upkeep]
|-heal|p2a: Volcarona|53/100|[from] item: Leftovers
|upkeep
|turn|3
|
|t:|1756617677
|move|p1a: Torkoal|Flamethrower|p2a: Volcarona
|-damage|p2a: Volcarona|0 fnt
|faint|p2a: Volcarona
|move|p2b: Ursaluna|Hyper Voice|p1b: Indeedee|[spread] p1a,p1b
|-damage|p1a: Torkoal|0 fnt
|-damage|p1b: Indeedee|0 fnt
|faint|p1a: Torkoal
|faint|p1b: Indeedee
|
|-weather|SunnyDay|[upkeep]
|upkeep
|
|t:|1756617686
|switch|p1a: Braviary|Braviary-Hisui, L50, M|100/100
|switch|p1b: Golurk|Golurk, L50, shiny|100/100
|switch|p2a: Annihilape|Annihilape, L50, F|100/100
|turn|4
|inactive|TREY_NJVGC has 30 seconds left.
|inactive|TREY_NJVGC has 20 seconds left.
|
|t:|1756617723
|-terastallize|p2a: Annihilape|Fire
|move|p1b: Golurk|High Horsepower|p2b: Ursaluna
|-damage|p2b: Ursaluna|0 fnt
|faint|p2b: Ursaluna
|move|p1a: Braviary|Heat Wave|p2a: Annihilape
|-resisted|p2a: Annihilape
|-damage|p2a: Annihilape|72/100
|move|p2a: Annihilape|Bulk Up|p2a: Annihilape
|-boost|p2a: Annihilape|atk|1
|-boost|p2a: Annihilape|def|1
|
|-weather|SunnyDay|[upkeep]
|upkeep
|turn|5
|
|t:|1756617744
|move|p2a: Annihilape|Protect|p2a: Annihilape
|-singleturn|p2a: Annihilape|Protect
|move|p1b: Golurk|Poltergeist|p2a: Annihilape
|-activate|p2a: Annihilape|move: Protect
|move|p1a: Braviary|Hurricane|p2a: Annihilape
|-activate|p2a: Annihilape|move: Protect
|
|-weather|none
|-fieldend|move: Trick Room
|-fieldend|move: Psychic Terrain
|upkeep
|turn|6
|
|t:|1756617760
|move|p2a: Annihilape|Rage Fist|p1b: Golurk
|-supereffective|p1b: Golurk
|-damage|p1b: Golurk|0 fnt
|faint|p1b: Golurk
|move|p1a: Braviary|Hurricane|p2a: Annihilape|[miss]
|-miss|p1a: Braviary|p2a: Annihilape
|
|upkeep
|turn|7
|
|t:|1756617773
|move|p2a: Annihilape|Rage Fist|p1a: Braviary
|-supereffective|p1a: Braviary
|-damage|p1a: Braviary|0 fnt
|faint|p1a: Braviary
|
|win|Kampfstube
|raw|TREY_NJVGC's rating: 1033 → 1019(-14 for losing)
|raw|Kampfstube's rating: 1044 → 1076(+32 for winning)
