|j|☆itbeasher
|j|☆taka89
|html|itbeashertaka89    
|uhtml|bestof|Game 2 of a best-of-3
|t:|1757086934
|gametype|doubles
|player|p1|itbeasher|1|1163
|player|p2|taka89|clerk-boss|1258
|gen|9
|tier|[Gen 9] VGC 2025 Reg H (Bo3)
|rated|
|rule|Species Clause: Limit one of each Pokémon
|rule|Item Clause: Limit 1 of each item
|clearpoke
|poke|p1|Whimsicott, L50, F|
|poke|p1|Typhlosion-Hisui, L50, M|
|poke|p1|Sneasler, L50, F|
|poke|p1|Indeedee, L50, M|
|poke|p1|Dondozo, L50, M|
|poke|p1|Tatsugiri, L50, M|
|poke|p2|Flamigo, L50, F|
|poke|p2|Porygon2, L50|
|poke|p2|Ursaluna, L50, M|
|poke|p2|Archaludon, L50, F|
|poke|p2|Tyranitar, L50, M|
|poke|p2|Incineroar, L50, M|
|teampreview|4
|showteam|p1|Whimsicott||CovertCloak|Prankster|Tailwind,Moonblast,SunnyDay,Taunt|||F|||50|,,,,,Water]Typhlosion-Hisui||ChoiceSpecs|Blaze|Eruption,HeatWave,ShadowBall,Flamethrower|||M|||50|,,,,,Fire]Sneasler||PsychicSeed|Unburden|DireClaw,CloseCombat,ThroatChop,Coaching|||F|||50|,,,,,Dark]Indeedee||ChoiceScarf|PsychicSurge|ExpandingForce,TeraBlast,Trick,DazzlingGleam|||M|||50|,,,,,Psychic]Dondozo||Leftovers|Unaware|Protect,HeavySlam,WaveCrash,Earthquake|||M|||50|,,,,,Steel]Tatsugiri||FocusSash|Commander|MuddyWater,DracoMeteor,IcyWind,DragonPulse|||M|||50|,,,,,Steel
|showteam|p2|Flamigo||ChoiceScarf|Scrappy|BraveBird,DualWingbeat,CloseCombat,Uturn|||F|||50|,,,,,Ghost]Porygon2||Eviolite|Download|Thunderbolt,TeraBlast,TrickRoom,Protect||||||50|,,,,,Flying]Ursaluna||FlameOrb|Guts|Facade,Earthquake,HeadlongRush,Protect|||M|||50|,,,,,Ghost]Archaludon||AssaultVest|Stamina|ElectroShot,DarkPulse,BodyPress,DracoMeteor|||F|||50|,,,,,Grass]Tyranitar||FocusSash|SandStream|RockSlide,LowKick,KnockOff,Protect|||M|||50|,,,,,Flying]Incineroar||PasshoBerry|Intimidate|KnockOff,FlareBlitz,FakeOut,PartingShot|||M|||50|,,,,,Ghost
|inactive|Battle timer is ON: inactive players will automatically lose when time's up. (requested by taka89)
|inactive|taka89 has 60 seconds left.
|
|t:|1757086982
|teamsize|p1|4
|teamsize|p2|4
|start
|switch|p1a: Indeedee|Indeedee, L50, M|100/100
|switch|p1b: Sneasler|Sneasler, L50, F|100/100
|switch|p2a: Jackenstein|Incineroar, L50, M, shiny|100/100
|switch|p2b: swatchling|Porygon2, L50|100/100
|-fieldstart|move: Psychic Terrain|[from] ability: Psychic Surge|[of] p1a: Indeedee
|-enditem|p1b: Sneasler|Psychic Seed
|-boost|p1b: Sneasler|spd|1|[from] item: Psychic Seed
|-ability|p2a: Jackenstein|Intimidate|boost
|-unboost|p1a: Indeedee|atk|1
|-unboost|p1b: Sneasler|atk|1
|-ability|p2b: swatchling|Download|boost
|-boost|p2b: swatchling|atk|1
|turn|1
|inactive|itbeasher has 30 seconds left.
|inactive|taka89 has 30 seconds left.
|inactive|taka89 has 20 seconds left.
|
|t:|1757087020
|-terastallize|p1a: Indeedee|Psychic
|move|p2b: swatchling|Protect|p2b: swatchling
|-singleturn|p2b: swatchling|Protect
|move|p1b: Sneasler|Dire Claw|p2b: swatchling
|-activate|p2b: swatchling|move: Protect
|move|p1a: Indeedee|Expanding Force|p2a: Jackenstein|[spread] 
|-activate|p2b: swatchling|move: Protect
|-immune|p2a: Jackenstein
|move|p2a: Jackenstein|Knock Off|p1a: Indeedee
|-supereffective|p1a: Indeedee
|-damage|p1a: Indeedee|0 fnt
|-enditem|p1a: Indeedee|Choice Scarf|[from] move: Knock Off|[of] p2a: Jackenstein
|faint|p1a: Indeedee
|
|upkeep
|
|t:|1757087026
|switch|p1a: Dondozo|Dondozo, L50, M|100/100
|turn|2
|inactive|taka89 has 30 seconds left.
|
|t:|1757087061
|switch|p1b: Tatsugiri|Tatsugiri, L50, M|100/100
|-activate|p1b: Tatsugiri|ability: Commander|[of] p1a: Dondozo
|-boost|p1a: Dondozo|atk|2
|-boost|p1a: Dondozo|spa|2
|-boost|p1a: Dondozo|spe|2
|-boost|p1a: Dondozo|def|2
|-boost|p1a: Dondozo|spd|2
|move|p1a: Dondozo|Wave Crash|p2a: Jackenstein
|-supereffective|p2a: Jackenstein
|-enditem|p2a: Jackenstein|Passho Berry|[eat]
|-enditem|p2a: Jackenstein|Passho Berry|[weaken]
|-damage|p2a: Jackenstein|11/100
|-damage|p1a: Dondozo|74/100|[from] Recoil
|move|p2a: Jackenstein|Parting Shot|p1a: Dondozo
|-unboost|p1a: Dondozo|atk|1
|-unboost|p1a: Dondozo|spa|1
|
|t:|1757087077
|switch|p2a: Balthizard|Ursaluna, L50, M, shiny|100/100|[from] Parting Shot
|move|p2b: swatchling|Trick Room|p2b: swatchling
|-fieldstart|move: Trick Room|[of] p2b: swatchling
|
|-heal|p1a: Dondozo|80/100|[from] item: Leftovers
|-status|p2a: Balthizard|brn|[from] item: Flame Orb
|upkeep
|turn|3
|
|t:|1757087102
|switch|p2b: Jackenstein|Incineroar, L50, M, shiny|11/100
|-ability|p2b: Jackenstein|Intimidate|boost
|-unboost|p1a: Dondozo|atk|1
|-unboost|p1b: Tatsugiri|atk|1
|move|p2a: Balthizard|Facade|p1a: Dondozo
|-damage|p1a: Dondozo|38/100
|move|p1a: Dondozo|Wave Crash|p2a: Balthizard
|-supereffective|p2a: Balthizard
|-damage|p2a: Balthizard|17/100 brn
|-damage|p1a: Dondozo|10/100|[from] Recoil
|
|-heal|p1a: Dondozo|16/100|[from] item: Leftovers
|-damage|p2a: Balthizard|11/100 brn|[from] brn
|upkeep
|turn|4
|inactive|taka89 has 30 seconds left.
|
|t:|1757087128
|switch|p2a: swatchling|Porygon2, L50|100/100
|-ability|p2a: swatchling|Download|boost
|-boost|p2a: swatchling|spa|1
|move|p1a: Dondozo|Protect|p1a: Dondozo
|-singleturn|p1a: Dondozo|Protect
|move|p2b: Jackenstein|Fake Out|p1a: Dondozo
|-activate|p1a: Dondozo|move: Psychic Terrain
|
|-heal|p1a: Dondozo|22/100|[from] item: Leftovers
|upkeep
|turn|5
|
|t:|1757087141
|move|p2a: swatchling|Thunderbolt|p1a: Dondozo
|-supereffective|p1a: Dondozo
|-damage|p1a: Dondozo|0 fnt
|faint|p1a: Dondozo
|move|p2b: Jackenstein|Knock Off|p1b: Tatsugiri
|-damage|p1b: Tatsugiri|26/100
|-enditem|p1b: Tatsugiri|Focus Sash|[from] move: Knock Off|[of] p2b: Jackenstein
|
|-fieldend|move: Psychic Terrain
|upkeep
|
|t:|1757087145
|switch|p1a: Sneasler|Sneasler, L50, F|100/100
|turn|6
|
|t:|1757087166
|-terastallize|p2a: swatchling|Flying
|move|p2a: swatchling|Tera Blast|p1a: Sneasler|[anim] Tera Blast Flying
|-supereffective|p1a: Sneasler
|-damage|p1a: Sneasler|0 fnt
|faint|p1a: Sneasler
|move|p2b: Jackenstein|Parting Shot|p1b: Tatsugiri
|-unboost|p1b: Tatsugiri|atk|1
|-unboost|p1b: Tatsugiri|spa|1
|
|t:|1757087175
|switch|p2b: werewerewire|Archaludon, L50, F|100/100|[from] Parting Shot
|move|p1b: Tatsugiri|Muddy Water|p2a: swatchling|[spread] p2a,p2b
|-resisted|p2b: werewerewire
|-damage|p2a: swatchling|86/100
|-damage|p2b: werewerewire|91/100
|-ability|p2b: werewerewire|Stamina|boost
|-boost|p2b: werewerewire|def|1
|
|-fieldend|move: Trick Room
|upkeep
|turn|7
|-message|itbeasher forfeited.
|
|win|taka89
||itbeasher is ready for game 3.
