|j|‽cm3112
|j|☆WestyLiam's House
|html|cm3112WestyLiam's House    
|uhtml|bestof|Game 1 of a best-of-3
|t:|1782216631
|gametype|doubles
|player|p1|cm3112|169|1132
|player|p2|WestyLiam's House|iris-gen5bw2|1058
|gen|9
|tier|[Gen 9 Champions] VGC 2026 Reg M-B (Bo3)
|rated|
|rule|Species Clause: Limit one of each Pokémon
|rule|Item Clause: Limit 1 of each item
|clearpoke
|poke|p1|Archaludon, L50, F|
|poke|p1|Maushold-Four, L50|
|poke|p1|Sableye, L50, M|
|poke|p1|Basculegion-F, L50, F|
|poke|p1|Kingambit, L50, M|
|poke|p1|Froslass, L50, F|
|poke|p2|Swampert, L50, M|
|poke|p2|Pelipper, L50, F|
|poke|p2|Archaludon, L50, M|
|poke|p2|Grimmsnarl, L50, M|
|poke|p2|Metagross, L50, shiny|
|poke|p2|Sneasler, L50, M|
|teampreview|4
|showteam|p1|Archaludon||Leftovers|Stamina|FlashCannon,ElectroShot,DragonPulse,Protect|Modest||F|||50|]Maushold-Four||WideLens|Technician|PopulationBomb,Taunt,FollowMe,Protect|Jolly|||||50|]Sableye||RoseliBerry|Prankster|WillOWisp,LightScreen,RainDance,Quash|Impish||M|||50|]Basculegion-F||FocusSash|SwiftSwim|MuddyWater,IcyWind,ShadowBall,AquaJet|Modest||F|||50|]Kingambit||ChopleBerry|Defiant|SuckerPunch,KowtowCleave,IronHead,LowKick|Adamant||M|||50|]Froslass|||SnowCloak|Blizzard,ShadowBall,AuroraVeil,DestinyBond|Modest||F|||50|
|showteam|p2|Swampert||Swampertite|Damp|WaveCrash,Earthquake,IcePunch,Protect|Adamant||M|||50|]Pelipper||SitrusBerry|Drizzle|WeatherBall,Hurricane,Tailwind,WideGuard|Bold||F|||50|]Archaludon||Leftovers|Stamina|ElectroShot,DragonPulse,FlashCannon,Protect|Modest||M|||50|]Grimmsnarl||LightClay|Prankster|LightScreen,Reflect,FoulPlay,PartingShot|Careful||M|||50|]Metagross||Metagrossite|ClearBody|MeteorMash,PsychicFangs,StompingTantrum,Protect|Adamant|||||50|]Sneasler||FocusSash|Unburden|FakeOut,CloseCombat,Coaching,DireClaw|Naive||M|||50|
|inactive|Battle timer is ON: inactive players will automatically lose when time's up. (requested by WestyLiam's House)
|inactive|cm3112 has 60 seconds left.
|inactive|WestyLiam's House has 60 seconds left.
|inactive|WestyLiam's House has 30 seconds left.
|inactive|WestyLiam's House has 20 seconds left.
|inactive|WestyLiam's House has 15 seconds left.
|
|t:|1782216709
|teamsize|p1|4
|teamsize|p2|4
|start
|switch|p1a: Sableye|Sableye, L50, M|100/100
|switch|p1b: Basculegion|Basculegion-F, L50, F|100/100
|switch|p2a: Swampert|Swampert, L50, M|100/100
|switch|p2b: Grimmsnarl|Grimmsnarl, L50, M|100/100
|turn|1
|
|t:|1782216730
|switch|p2a: Archaludon|Archaludon, L50, M|100/100
|move|p2b: Grimmsnarl|Light Screen|p2b: Grimmsnarl
|-sidestart|p2: WestyLiam's House|move: Light Screen
|move|p1a: Sableye|Will-O-Wisp|p2a: Archaludon
|-status|p2a: Archaludon|brn
|move|p1b: Basculegion|Muddy Water|p2b: Grimmsnarl|[spread] p2a,p2b
|-resisted|p2a: Archaludon|1
|-crit|p2a: Archaludon
|-damage|p2a: Archaludon|73/100 brn
|-damage|p2b: Grimmsnarl|82/100
|-unboost|p2a: Archaludon|accuracy|1
|-ability|p2a: Archaludon|Stamina|boost
|-boost|p2a: Archaludon|def|1
|
|-heal|p2a: Archaludon|79/100 brn|[from] item: Leftovers
|-damage|p2a: Archaludon|73/100 brn|[from] brn
|upkeep
|turn|2
|
|t:|1782216750
|switch|p1b: Archaludon|Archaludon, L50, F|100/100
|move|p2b: Grimmsnarl|Parting Shot|p1b: Archaludon
|-unboost|p1b: Archaludon|atk|1
|-unboost|p1b: Archaludon|spa|1
|
|t:|1782216752
|switch|p2b: Pelipper|Pelipper, L50, F|100/100|[from] Parting Shot
|-weather|RainDance|[from] ability: Drizzle|[of] p2b: Pelipper
|move|p1a: Sableye|Light Screen|p1a: Sableye
|-sidestart|p1: cm3112|move: Light Screen
|move|p2a: Archaludon|Electro Shot||[still]
|-prepare|p2a: Archaludon|Electro Shot
|-boost|p2a: Archaludon|spa|1
|-anim|p2a: Archaludon|Electro Shot|p1a: Sableye
|-damage|p1a: Sableye|45/100
|
|-weather|RainDance|[upkeep]
|-heal|p2a: Archaludon|79/100 brn|[from] item: Leftovers
|-damage|p2a: Archaludon|73/100 brn|[from] brn
|upkeep
|turn|3
|
|t:|1782216769
|switch|p2b: Swampert|Swampert, L50, M|100/100
|move|p1a: Sableye|Quash||[still]
|-fail|p1a: Sableye
|move|p2a: Archaludon|Electro Shot||[still]
|-prepare|p2a: Archaludon|Electro Shot
|-boost|p2a: Archaludon|spa|1
|-anim|p2a: Archaludon|Electro Shot|p1a: Sableye
|-damage|p1a: Sableye|0 fnt
|faint|p1a: Sableye
|move|p1b: Archaludon|Electro Shot||[still]
|-prepare|p1b: Archaludon|Electro Shot
|-boost|p1b: Archaludon|spa|1
|-anim|p1b: Archaludon|Electro Shot|p2b: Swampert
|-immune|p2b: Swampert
|
|-weather|RainDance|[upkeep]
|-heal|p2a: Archaludon|79/100 brn|[from] item: Leftovers
|-damage|p2a: Archaludon|73/100 brn|[from] brn
|upkeep
|
|t:|1782216776
|switch|p1a: Froslass|Froslass, L50, F|100/100
|turn|4
|
|t:|1782216789
|detailschange|p2b: Swampert|Swampert-Mega, L50, M
|-mega|p2b: Swampert|Swampert|Swampertite
|move|p2b: Swampert|Wave Crash|p1a: Froslass
|-damage|p1a: Froslass|0 fnt
|faint|p1a: Froslass
|-damage|p2b: Swampert|73/100|[from] Recoil
|move|p2a: Archaludon|Dragon Pulse|p1b: Archaludon
|-damage|p1b: Archaludon|41/100
|-ability|p1b: Archaludon|Stamina|boost
|-boost|p1b: Archaludon|def|1
|move|p1b: Archaludon|Dragon Pulse|p2a: Archaludon
|-damage|p2a: Archaludon|41/100 brn
|-ability|p2a: Archaludon|Stamina|boost
|-boost|p2a: Archaludon|def|1
|
|-weather|RainDance|[upkeep]
|-heal|p2a: Archaludon|47/100 brn|[from] item: Leftovers
|-heal|p1b: Archaludon|46/100|[from] item: Leftovers
|-damage|p2a: Archaludon|41/100 brn|[from] brn
|upkeep
|
|t:|1782216794
|switch|p1a: Basculegion|Basculegion-F, L50, F|100/100
|turn|5
|
|t:|1782216803
|move|p2a: Archaludon|Protect|p2a: Archaludon
|-singleturn|p2a: Archaludon|Protect
|move|p1b: Archaludon|Protect|p1b: Archaludon
|-singleturn|p1b: Archaludon|Protect
|move|p2b: Swampert|Earthquake|p1b: Archaludon|[spread] p1a
|-activate|p2a: Archaludon|move: Protect
|-activate|p1b: Archaludon|move: Protect
|-damage|p1a: Basculegion|40/100
|move|p1a: Basculegion|Icy Wind|p2b: Swampert|[spread] p2b
|-activate|p2a: Archaludon|move: Protect
|-damage|p2b: Swampert|65/100
|-unboost|p2b: Swampert|spe|1
|
|-weather|RainDance|[upkeep]
|-heal|p2a: Archaludon|47/100 brn|[from] item: Leftovers
|-heal|p1b: Archaludon|52/100|[from] item: Leftovers
|-damage|p2a: Archaludon|41/100 brn|[from] brn
|upkeep
|turn|6
|
|t:|1782216813
|move|p1a: Basculegion|Icy Wind|p2b: Swampert|[spread] p2a,p2b
|-damage|p2a: Archaludon|32/100 brn
|-damage|p2b: Swampert|56/100
|-unboost|p2a: Archaludon|spe|1
|-unboost|p2b: Swampert|spe|1
|-ability|p2a: Archaludon|Stamina|boost
|-boost|p2a: Archaludon|def|1
|move|p2b: Swampert|Wave Crash|p1a: Basculegion
|-resisted|p1a: Basculegion|1
|-damage|p1a: Basculegion|0 fnt
|faint|p1a: Basculegion
|-damage|p2b: Swampert|41/100|[from] Recoil
|move|p1b: Archaludon|Dragon Pulse|p2a: Archaludon
|-damage|p2a: Archaludon|5/100 brn
|-ability|p2a: Archaludon|Stamina|boost
|-boost|p2a: Archaludon|def|1
|move|p2a: Archaludon|Dragon Pulse|p1b: Archaludon
|-damage|p1b: Archaludon|0 fnt
|faint|p1b: Archaludon
|
|win|WestyLiam's House
|inactive|cm3112 has 30 seconds to confirm battle start!
|inactive|WestyLiam's House has 30 seconds to confirm battle start!
||WestyLiam's House is ready for game 2.
||cm3112 is ready for game 2.
|uhtml|next|Next: Game 2 of 3
