|j|☆mikelpoyarzabal
|j|☆MetalBlackKnight
|html|mikelpoyarzabalMetalBlackKnight    
|uhtml|bestof|Game 1 of a best-of-3
|t:|1785340845
|gametype|doubles
|player|p1|mikelpoyarzabal|arven-s|1312
|player|p2|MetalBlackKnight|cynthia|1284
|gen|9
|tier|[Gen 9 Champions] VGC 2026 Reg M-B (Bo3)
|rated|
|rule|Species Clause: Limit one of each Pokémon
|rule|Item Clause: Limit 1 of each item
|clearpoke
|poke|p1|Gengar, L50, F|
|poke|p1|Swampert, L50, M|
|poke|p1|Incineroar, L50, M|
|poke|p1|Politoed, L50, M|
|poke|p1|Archaludon, L50, F|
|poke|p1|Vivillon, L50, F|
|poke|p2|Charizard, L50, F|
|poke|p2|Whimsicott, L50, M|
|poke|p2|Garchomp, L50, F|
|poke|p2|Basculegion, L50, M|
|poke|p2|Incineroar, L50, F|
|poke|p2|Mamoswine, L50, M|
|teampreview|4
|showteam|p1|Gengar||Gengarite|CursedBody|ShadowBall,SludgeBomb,Protect,PerishSong|Timid||F|||50|]Swampert||Swampertite|Torrent|WaveCrash,Earthquake,IcePunch,Protect|Adamant||M|||50|]Incineroar||PasshoBerry|Intimidate|ThroatChop,PartingShot,FakeOut,Protect|Sassy||M|||50|]Politoed||SitrusBerry|Drizzle|WeatherBall,PerishSong,Encore,Protect|Calm||M|||50|]Archaludon||Leftovers|Stamina|DragonPulse,FlashCannon,ElectroShot,Protect|Bold||F|||50|]Vivillon||FocusSash|CompoundEyes|Hurricane,SleepPowder,RagePowder,Protect|Timid||F|||50|
|showteam|p2|Charizard||CharizarditeY|Blaze|WeatherBall,HeatWave,SolarBeam,Protect|Modest||F|||50|]Whimsicott||CobaBerry|Prankster|Tailwind,Encore,Moonblast,Protect|Timid||M|||50|]Garchomp||LifeOrb|RoughSkin|Earthquake,DragonClaw,RockTomb,Protect|Jolly||F|||50|]Basculegion||ChoiceScarf|Adaptability|WaveCrash,LastRespects,FlipTurn,AquaJet|Jolly||M|||50|]Incineroar||SitrusBerry|Intimidate|FakeOut,FlareBlitz,DarkestLariat,PartingShot|Impish||F|||50|]Mamoswine||FocusSash|Oblivious|Earthquake,IcicleCrash,IceShard,Protect|Jolly||M|||50|
|inactive|Battle timer is ON: inactive players will automatically lose when time's up. (requested by MetalBlackKnight)
|inactive|mikelpoyarzabal also wants the timer to be on.
|
|t:|1785340866
|teamsize|p1|4
|teamsize|p2|4
|start
|switch|p1a: Incineroar|Incineroar, L50, M|100/100
|switch|p1b: Gengar|Gengar, L50, F|100/100
|switch|p2a: Whimsicott|Whimsicott, L50, M|100/100
|switch|p2b: Charizard|Charizard, L50, F|100/100
|-ability|p1a: Incineroar|Intimidate|boost
|-unboost|p2a: Whimsicott|atk|1
|-unboost|p2b: Charizard|atk|1
|turn|1
|inactive|MetalBlackKnight has 30 seconds left.
|inactive|MetalBlackKnight has 20 seconds left.
|inactive|MetalBlackKnight has 15 seconds left.
|inactive|MetalBlackKnight has 10 seconds left.
|inactive|MetalBlackKnight has 5 seconds left.
|
|t:|1785340918
|detailschange|p1b: Gengar|Gengar-Mega, L50, F
|-mega|p1b: Gengar|Gengar|Gengarite
|detailschange|p2b: Charizard|Charizard-Mega-Y, L50, F
|-mega|p2b: Charizard|Charizard|Charizardite Y
|-weather|SunnyDay|[from] ability: Drought|[of] p2b: Charizard
|move|p1a: Incineroar|Fake Out|p2b: Charizard
|-damage|p2b: Charizard|87/100
|move|p2a: Whimsicott|Tailwind|p2a: Whimsicott
|-sidestart|p2: MetalBlackKnight|move: Tailwind
|cant|p2b: Charizard|flinch
|move|p1b: Gengar|Perish Song|p1b: Gengar
|-start|p1a: Incineroar|perish3|[silent]
|-start|p1b: Gengar|perish3|[silent]
|-start|p2a: Whimsicott|perish3|[silent]
|-start|p2b: Charizard|perish3|[silent]
|-fieldactivate|move: Perish Song
|
|-weather|SunnyDay|[upkeep]
|-start|p2a: Whimsicott|perish3
|-start|p2b: Charizard|perish3
|-start|p1b: Gengar|perish3
|-start|p1a: Incineroar|perish3
|upkeep
|turn|2
|
|t:|1785340930
|move|p1b: Gengar|Protect|p1b: Gengar
|-singleturn|p1b: Gengar|Protect
|move|p1a: Incineroar|Protect|p1a: Incineroar
|-singleturn|p1a: Incineroar|Protect
|move|p2a: Whimsicott|Moonblast|p1a: Incineroar
|-activate|p1a: Incineroar|move: Protect
|move|p2b: Charizard|Heat Wave|p1b: Gengar|[spread] 
|-activate|p1a: Incineroar|move: Protect
|-activate|p1b: Gengar|move: Protect
|
|-weather|SunnyDay|[upkeep]
|-start|p2a: Whimsicott|perish2
|-start|p2b: Charizard|perish2
|-start|p1b: Gengar|perish2
|-start|p1a: Incineroar|perish2
|upkeep
|turn|3
|inactive|MetalBlackKnight has 30 seconds left.
|
|t:|1785340957
|switch|p1b: Politoed|Politoed, L50, M|100/100
|-weather|RainDance|[from] ability: Drizzle|[of] p1b: Politoed
|move|p2a: Whimsicott|Moonblast|p1b: Politoed
|-damage|p1b: Politoed|71/100
|-unboost|p1b: Politoed|spa|1
|move|p2b: Charizard|Weather Ball|p1b: Politoed
|-resisted|p1b: Politoed|1
|-damage|p1b: Politoed|49/100
|-enditem|p1b: Politoed|Sitrus Berry|[eat]
|-heal|p1b: Politoed|74/100|[from] item: Sitrus Berry
|move|p1a: Incineroar|Parting Shot|p1b: Politoed
|-unboost|p1b: Politoed|atk|1
|-unboost|p1b: Politoed|spa|1
|
|t:|1785340967
|switch|p1a: Gengar|Gengar-Mega, L50, F|100/100|[from] Parting Shot
|
|-weather|RainDance|[upkeep]
|-start|p2a: Whimsicott|perish1
|-start|p2b: Charizard|perish1
|upkeep
|turn|4
|
|t:|1785340978
|switch|p1b: Archaludon|Archaludon, L50, F|100/100
|move|p1a: Gengar|Protect|p1a: Gengar
|-singleturn|p1a: Gengar|Protect
|move|p2a: Whimsicott|Moonblast|p1b: Archaludon
|-damage|p1b: Archaludon|68/100
|-ability|p1b: Archaludon|Stamina|boost
|-boost|p1b: Archaludon|def|1
|move|p2b: Charizard|Weather Ball|p1a: Gengar
|-activate|p1a: Gengar|move: Protect
|
|-weather|RainDance|[upkeep]
|-heal|p1b: Archaludon|74/100|[from] item: Leftovers
|-start|p2a: Whimsicott|perish0
|-start|p2b: Charizard|perish0
|-sideend|p2: MetalBlackKnight|move: Tailwind
|faint|p2a: Whimsicott
|faint|p2b: Charizard
|upkeep
|
|t:|1785340981
|switch|p2a: Garchomp|Garchomp, L50, F|100/100
|switch|p2b: Basculegion|Basculegion, L50, M|100/100
|turn|5
|
|t:|1785340999
|switch|p1a: Incineroar|Incineroar, L50, M|100/100
|-ability|p1a: Incineroar|Intimidate|boost
|-unboost|p2a: Garchomp|atk|1
|-unboost|p2b: Basculegion|atk|1
|move|p1b: Archaludon|Protect|p1b: Archaludon
|-singleturn|p1b: Archaludon|Protect
|move|p2b: Basculegion|Last Respects|p1a: Incineroar
|-resisted|p1a: Incineroar|1
|-damage|p1a: Incineroar|73/100
|move|p2a: Garchomp|Earthquake|p1a: Incineroar|[spread] p2b,p1a
|-activate|p1b: Archaludon|move: Protect
|-supereffective|p1a: Incineroar|1
|-damage|p2b: Basculegion|54/100
|-damage|p1a: Incineroar|13/100
|-damage|p2a: Garchomp|90/100|[from] item: Life Orb
|
|-weather|RainDance|[upkeep]
|-heal|p1b: Archaludon|80/100|[from] item: Leftovers
|upkeep
|turn|6
|inactive|MetalBlackKnight has 30 seconds left.
|
|t:|1785341031
|move|p1a: Incineroar|Fake Out|p2a: Garchomp
|-damage|p2a: Garchomp|79/100
|-damage|p1a: Incineroar|1/100|[from] ability: Rough Skin|[of] p2a: Garchomp
|move|p2b: Basculegion|Last Respects|p1b: Archaludon
|-damage|p1b: Archaludon|50/100g
|-ability|p1b: Archaludon|Stamina|boost
|-boost|p1b: Archaludon|def|1
|cant|p2a: Garchomp|flinch
|move|p1b: Archaludon|Electro Shot||[still]
|-prepare|p1b: Archaludon|Electro Shot
|-boost|p1b: Archaludon|spa|1
|-anim|p1b: Archaludon|Electro Shot|p2b: Basculegion
|-supereffective|p2b: Basculegion|1
|-damage|p2b: Basculegion|0 fnt
|faint|p2b: Basculegion
|
|-weather|RainDance|[upkeep]
|-heal|p1b: Archaludon|56/100|[from] item: Leftovers
|upkeep
|turn|7
|
|t:|1785341043
|switch|p1a: Politoed|Politoed, L50, M|74/100
|move|p2a: Garchomp|Earthquake|p1a: Politoed|[spread] p1a,p1b
|-supereffective|p1b: Archaludon|1
|-damage|p1a: Politoed|43/100
|-damage|p1b: Archaludon|32/100
|-ability|p1b: Archaludon|Stamina|boost
|-boost|p1b: Archaludon|def|1
|-damage|p2a: Garchomp|69/100|[from] item: Life Orb
|move|p1b: Archaludon|Dragon Pulse|p2a: Garchomp
|-supereffective|p2a: Garchomp|1
|-damage|p2a: Garchomp|0 fnt
|faint|p2a: Garchomp
|
|win|mikelpoyarzabal
||mikelpoyarzabal is ready for game 2.
|inactive|MetalBlackKnight has 30 seconds to confirm battle start!
|inactive|MetalBlackKnight has 20 seconds to confirm battle start!
||MetalBlackKnight is ready for game 2.
|uhtml|next|Next: Game 2 of 3
|l|☆MetalBlackKnight
|player|p2|
