|j|☆NandoGTG
|j|☆Craser13
|html|NandoGTGCraser13    
|uhtml|bestof|Game 1 of a best-of-3
|t:|1784916688
|gametype|doubles
|player|p1|NandoGTG|cheren|
|player|p2|Craser13|alder|
|gen|9
|tier|[Gen 9 Champions] VGC 2026 Reg M-B (Bo3)
|rule|Species Clause: Limit one of each Pokémon
|rule|Item Clause: Limit 1 of each item
|clearpoke
|poke|p1|Charizard, L50, M|
|poke|p1|Hydreigon, L50, M|
|poke|p1|Incineroar, L50, M|
|poke|p1|Toxapex, L50, F|
|poke|p1|Floette-Eternal, L50, F|
|poke|p1|Venusaur, L50, M|
|poke|p2|Charizard, L50, M|
|poke|p2|Venusaur, L50, M|
|poke|p2|Archaludon, L50, F|
|poke|p2|Grimmsnarl, L50, M|
|poke|p2|Pelipper, L50, M|
|poke|p2|Basculegion, L50, M|
|teampreview|4
|showteam|p1|Charizard||CharizarditeY|Blaze|HeatWave,WeatherBall,SolarBeam,Protect|Modest||M|||50|]Hydreigon||ChoiceScarf|Levitate|DarkPulse,DracoMeteor,Snarl,EarthPower|Modest||M|||50|]Incineroar||SitrusBerry|Intimidate|FlareBlitz,ThroatChop,FakeOut,PartingShot|Impish||M|||50|]Toxapex||Leftovers|Regenerator|Infestation,Toxic,WideGuard,BanefulBunker|Bold||F|||50|]Floette-Eternal||Floettite|FlowerVeil|DazzlingGleam,Moonblast,LightofRuin,Protect|Timid||F|||50|]Venusaur||FocusSash|Chlorophyll|SludgeBomb,EarthPower,SleepPowder,Protect|Modest||M|||50|
|showteam|p2|Charizard||CharizarditeY|Blaze|WeatherBall,SolarBeam,HeatWave,Protect|Modest||M|||50|]Venusaur||FocusSash|Chlorophyll|SludgeBomb,EarthPower,SleepPowder,LeafStorm|Modest||M|||50|]Archaludon||Leftovers|Stamina|DragonPulse,FlashCannon,ElectroShot,Protect|Modest||F|||50|]Grimmsnarl||LightClay|Prankster|SpiritBreak,Reflect,LightScreen,PartingShot|Sassy||M|||50|]Pelipper||SitrusBerry|Drizzle|WeatherBall,Hurricane,Tailwind,WideGuard|Modest||M|||50|]Basculegion||ChoiceScarf|SwiftSwim|WaveCrash,LastRespects,AquaJet,FlipTurn|Jolly||M|||50|
|
|t:|1784916747
|teamsize|p1|4
|teamsize|p2|4
|start
|switch|p1a: Venusaur|Venusaur, L50, M|100/100
|switch|p1b: Hydreigon|Hydreigon, L50, M|100/100
|switch|p2a: Charizard|Charizard, L50, M|100/100
|switch|p2b: Venusaur|Venusaur, L50, M|100/100
|turn|1
|inactive|Battle timer is ON: inactive players will automatically lose when time's up. (requested by NandoGTG)
|
|t:|1784916769
|move|p1b: Hydreigon|Earth Power|p2b: Venusaur
|-damage|p2b: Venusaur|62/100
|move|p2a: Charizard|Weather Ball|p1a: Venusaur
|-damage|p1a: Venusaur|83/100
|move|p1a: Venusaur|Sleep Powder|p2a: Charizard
|-status|p2a: Charizard|slp|[from] move: Sleep Powder
|move|p2b: Venusaur|Sludge Bomb|p1a: Venusaur
|-damage|p1a: Venusaur|29/100
|
|upkeep
|turn|2
|
|t:|1784916792
|switch|p1a: Toxapex|Toxapex, L50, F|100/100
|detailschange|p2a: Charizard|Charizard-Mega-Y, L50, M
|-mega|p2a: Charizard|Charizard|Charizardite Y
|-weather|SunnyDay|[from] ability: Drought|[of] p2a: Charizard
|move|p2b: Venusaur|Sleep Powder|p1b: Hydreigon
|-status|p1b: Hydreigon|slp|[from] move: Sleep Powder
|cant|p1b: Hydreigon|slp
|cant|p2a: Charizard|slp
|
|-weather|SunnyDay|[upkeep]
|upkeep
|turn|3
|inactive|Craser13 has 30 seconds left.
|
|t:|1784916822
|switch|p2a: Archaludon|Archaludon, L50, F|100/100
|move|p1a: Toxapex|Baneful Bunker|p1a: Toxapex
|-singleturn|p1a: Toxapex|move: Protect
|move|p2b: Venusaur|Earth Power|p1a: Toxapex
|-activate|p1a: Toxapex|move: Protect
|cant|p1b: Hydreigon|slp
|
|-weather|SunnyDay|[upkeep]
|upkeep
|turn|4
|
|t:|1784916840
|move|p2b: Venusaur|Earth Power|p1a: Toxapex
|-supereffective|p1a: Toxapex|1
|-damage|p1a: Toxapex|57/100
|-curestatus|p1b: Hydreigon|slp|[msg]
|move|p1b: Hydreigon|Earth Power|p2a: Archaludon
|-supereffective|p2a: Archaludon|1
|-damage|p2a: Archaludon|31/100
|-ability|p2a: Archaludon|Stamina|boost
|-boost|p2a: Archaludon|def|1
|move|p2a: Archaludon|Dragon Pulse|p1b: Hydreigon
|-supereffective|p1b: Hydreigon|1
|-damage|p1b: Hydreigon|13/100
|move|p1a: Toxapex|Infestation|p2b: Venusaur
|-damage|p2b: Venusaur|58/100
|-activate|p2b: Venusaur|move: Infestation|[of] p1a: Toxapex
|
|-weather|SunnyDay|[upkeep]
|-heal|p2a: Archaludon|38/100|[from] item: Leftovers
|-heal|p1a: Toxapex|63/100|[from] item: Leftovers
|-damage|p2b: Venusaur|46/100|[from] move: Infestation|[partiallytrapped]
|upkeep
|turn|5
|inactive|Craser13 has 30 seconds left.
|inactive|Craser13 has 20 seconds left.
|
|t:|1784916876
|-heal|p1a: Toxapex|96/100|[from] ability: Regenerator|[silent]
|switch|p1a: Venusaur|Venusaur, L50, M|29/100
|move|p2a: Archaludon|Protect|p2a: Archaludon
|-singleturn|p2a: Archaludon|Protect
|move|p2b: Venusaur|Earth Power|p1a: Venusaur
|-damage|p1a: Venusaur|0 fnt
|faint|p1a: Venusaur
|move|p1b: Hydreigon|Earth Power|p2a: Archaludon
|-activate|p2a: Archaludon|move: Protect
|
|-weather|SunnyDay|[upkeep]
|-heal|p2a: Archaludon|44/100|[from] item: Leftovers
|-end|p2b: Venusaur|Infestation|[partiallytrapped]|[silent]
|upkeep
|
|t:|1784916887
|switch|p1a: Charizard|Charizard, L50, M|100/100
|turn|6
|inactive|Craser13 has 30 seconds left.
|inactive|Craser13 has 20 seconds left.
|inactive|Craser13 has 15 seconds left.
|
|t:|1784916929
|detailschange|p1a: Charizard|Charizard-Mega-Y, L50, M
|-mega|p1a: Charizard|Charizard|Charizardite Y
|move|p2a: Archaludon|Protect|p2a: Archaludon
|-singleturn|p2a: Archaludon|Protect
|move|p2b: Venusaur|Sleep Powder|p1a: Charizard|[miss]
|-miss|p2b: Venusaur|p1a: Charizard
|move|p1b: Hydreigon|Earth Power|p2a: Archaludon
|-activate|p2a: Archaludon|move: Protect
|move|p1a: Charizard|Heat Wave|p2b: Venusaur|[spread] p2b
|-activate|p2a: Archaludon|move: Protect
|-supereffective|p2b: Venusaur|1
|-damage|p2b: Venusaur|0 fnt
|faint|p2b: Venusaur
|
|-weather|none
|-heal|p2a: Archaludon|50/100g|[from] item: Leftovers
|upkeep
|
|t:|1784916943
|switch|p2b: Pelipper|Pelipper, L50, M|100/100
|-weather|RainDance|[from] ability: Drizzle|[of] p2b: Pelipper
|turn|7
|
|t:|1784916968
|switch|p1a: Toxapex|Toxapex, L50, F|96/100
|move|p1b: Hydreigon|Earth Power|p2a: Archaludon
|-supereffective|p2a: Archaludon|1
|-crit|p2a: Archaludon
|-damage|p2a: Archaludon|0 fnt
|faint|p2a: Archaludon
|move|p2b: Pelipper|Tailwind|p2b: Pelipper
|-sidestart|p2: Craser13|move: Tailwind
|
|-weather|RainDance|[upkeep]
|-heal|p1a: Toxapex|100/100|[from] item: Leftovers
|upkeep
|
|t:|1784916978
|switch|p2a: Charizard|Charizard-Mega-Y, L50, M|100/100 slp
|-weather|SunnyDay|[from] ability: Drought|[of] p2a: Charizard
|turn|8
|
|t:|1784916998
|switch|p1b: Charizard|Charizard-Mega-Y, L50, M|100/100
|cant|p2a: Charizard|slp
|move|p2b: Pelipper|Hurricane|p1b: Charizard|[miss]
|-miss|p2b: Pelipper|p1b: Charizard
|move|p1a: Toxapex|Toxic|p2b: Pelipper
|-status|p2b: Pelipper|tox
|
|-weather|SunnyDay|[upkeep]
|-damage|p2b: Pelipper|93/100 tox|[from] psn
|upkeep
|turn|9
|
|t:|1784917018
|move|p1b: Charizard|Protect|p1b: Charizard
|-singleturn|p1b: Charizard|Protect
|-curestatus|p2a: Charizard|slp|[msg]
|move|p2a: Charizard|Heat Wave|p1b: Charizard|[spread] p1a
|-activate|p1b: Charizard|move: Protect
|-resisted|p1a: Toxapex|1
|-damage|p1a: Toxapex|78/100
|move|p2b: Pelipper|Hurricane|p1b: Charizard
|-activate|p1b: Charizard|move: Protect
|move|p1a: Toxapex|Toxic|p2a: Charizard
|-status|p2a: Charizard|tox
|
|-weather|SunnyDay|[upkeep]
|-heal|p1a: Toxapex|84/100|[from] item: Leftovers
|-damage|p2a: Charizard|93/100 tox|[from] psn
|-damage|p2b: Pelipper|81/100 tox|[from] psn
|upkeep
|turn|10
|
|t:|1784917042
|move|p2a: Charizard|Heat Wave|p1a: Toxapex|[spread] p1a
|-miss|p2a: Charizard|p1b: Charizard
|-resisted|p1a: Toxapex|1
|-damage|p1a: Toxapex|63/100
|move|p2b: Pelipper|Hurricane|p1a: Toxapex
|-damage|p1a: Toxapex|31/100
|move|p1b: Charizard|Weather Ball|p2b: Pelipper
|-resisted|p2b: Pelipper|1
|-damage|p2b: Pelipper|36/100 tox
|-enditem|p2b: Pelipper|Sitrus Berry|[eat]
|-heal|p2b: Pelipper|60/100 tox|[from] item: Sitrus Berry
|move|p1a: Toxapex|Infestation|p2a: Charizard
|-resisted|p2a: Charizard|2
|-damage|p2a: Charizard|93/100 tox
|-activate|p2a: Charizard|move: Infestation|[of] p1a: Toxapex
|
|-weather|SunnyDay|[upkeep]
|-heal|p1a: Toxapex|37/100|[from] item: Leftovers
|-damage|p2a: Charizard|81/100 tox|[from] psn
|-damage|p2b: Pelipper|42/100 tox|[from] psn
|-damage|p2a: Charizard|69/100 tox|[from] move: Infestation|[partiallytrapped]
|-sideend|p2: Craser13|move: Tailwind
|upkeep
|turn|11
|
|t:|1784917065
|move|p1b: Charizard|Protect|p1b: Charizard
|-singleturn|p1b: Charizard|Protect
|move|p1a: Toxapex|Baneful Bunker|p1a: Toxapex
|-singleturn|p1a: Toxapex|move: Protect
|move|p2a: Charizard|Weather Ball|p1b: Charizard
|-activate|p1b: Charizard|move: Protect
|move|p2b: Pelipper|Hurricane|p1a: Toxapex
|-activate|p1a: Toxapex|move: Protect
|
|-weather|SunnyDay|[upkeep]
|-heal|p1a: Toxapex|43/100|[from] item: Leftovers
|-damage|p2a: Charizard|51/100 tox|[from] psn
|-damage|p2b: Pelipper|18/100 tox|[from] psn
|-damage|p2a: Charizard|39/100 tox|[from] move: Infestation|[partiallytrapped]
|upkeep
|turn|12
|
|t:|1784917082
|-heal|p1a: Toxapex|76/100|[from] ability: Regenerator|[silent]
|switch|p1a: Hydreigon|Hydreigon, L50, M|13/100
|move|p1b: Charizard|Weather Ball|p2a: Charizard
|-resisted|p2a: Charizard|1
|-damage|p2a: Charizard|3/100 tox
|move|p2a: Charizard|Solar Beam||[still]
|-prepare|p2a: Charizard|Solar Beam
|-anim|p2a: Charizard|Solar Beam|p1a: Hydreigon
|-resisted|p1a: Hydreigon|1
|-damage|p1a: Hydreigon|0 fnt
|faint|p1a: Hydreigon
|move|p2b: Pelipper|Hurricane|p1b: Charizard|[miss]
|-miss|p2b: Pelipper|p1b: Charizard
|
|-weather|none
|-damage|p2a: Charizard|0 fnt|[from] psn
|faint|p2a: Charizard
|-damage|p2b: Pelipper|0 fnt|[from] psn
|faint|p2b: Pelipper
|
|win|NandoGTG
||NandoGTG is ready for game 2.
|inactive|Craser13 has 30 seconds to confirm battle start!
||Craser13 is ready for game 2.
|uhtml|next|Next: Game 2 of 3
