|j|☆redrog1
|j|☆No.1AnicredibleFan
|html|redrog1No.1AnicredibleFan    
|uhtml|bestof|Game 1 of a best-of-3
|t:|1756412088
|gametype|doubles
|player|p1|redrog1|dancer|1071
|player|p2|No.1AnicredibleFan|hilbert|1115
|gen|9
|tier|[Gen 9] VGC 2025 Reg H (Bo3)
|rated|
|rule|Species Clause: Limit one of each Pokémon
|rule|Item Clause: Limit 1 of each item
|clearpoke
|poke|p1|Electabuzz, L50, F|
|poke|p1|Kingambit, L50, M|
|poke|p1|Volcarona, L50, F|
|poke|p1|Sneasler, L50, F|
|poke|p1|Primarina, L50, F|
|poke|p1|Amoonguss, L50, F|
|poke|p2|Baxcalibur, L50, F|
|poke|p2|Ursaluna-Bloodmoon, L50, M|
|poke|p2|Farigiraf, L50, F|
|poke|p2|Murkrow, L50, M|
|poke|p2|Arcanine-Hisui, L50, M|
|poke|p2|Amoonguss, L50, M|
|teampreview|4
|showteam|p1|Electabuzz||Eviolite|VitalSpirit|Taunt,Electroweb,FollowMe,Protect|||F|||50|,,,,,Ghost]Kingambit||BlackGlasses|Defiant|KowtowCleave,Protect,SwordsDance,SuckerPunch|||M|||50|,,,,,Dark]Volcarona||CovertCloak|FlameBody|HeatWave,Protect,WillOWisp,QuiverDance|||F|||50|,,,,,Water]Sneasler||FocusSash|Unburden|DireClaw,CloseCombat,Protect,FakeOut|||F|||50|,,,,,Stellar]Primarina||ThroatSpray|LiquidVoice|HyperVoice,Moonblast,LifeDew,Protect|||F|||50|,,,,,Steel]Amoonguss||SitrusBerry|Regenerator|Spore,RagePowder,PollenPuff,Protect|||F|||50|,,,,,Water
|showteam|p2|Baxcalibur||LoadedDice|ThermalExchange|Protect,SwordsDance,ScaleShot,IcicleSpear|||F|||50|,,,,,Poison]Ursaluna-Bloodmoon||LifeOrb|MindsEye|Protect,EarthPower,HyperVoice,BloodMoon|||M|||50|,,,,,Normal]Farigiraf||ThroatSpray|ArmorTail|Protect,TrickRoom,HyperVoice,Psychic|||F|||50|,,,,,Water]Murkrow||Eviolite|Prankster|Protect,Tailwind,Snarl,Haze|||M|||50|,,,,,Ghost]Arcanine-Hisui||ChoiceBand|Intimidate|FlareBlitz,RockSlide,ExtremeSpeed,CloseCombat|||M|||50|,,,,,Grass]Amoonguss||SitrusBerry|Regenerator|Protect,RagePowder,PollenPuff,Spore|||M|||50|,,,,,Water
|inactive|Battle timer is ON: inactive players will automatically lose when time's up. (requested by redrog1)
|
|t:|1756412178
|teamsize|p1|4
|teamsize|p2|4
|start
|switch|p1a: Electabuzz|Electabuzz, L50, F|100/100
|switch|p1b: Sneasler|Sneasler, L50, F|100/100
|switch|p2a: Baxcalibur|Baxcalibur, L50, F|100/100
|switch|p2b: Amoonguss|Amoonguss, L50, M|100/100
|turn|1
|
|t:|1756412198
|move|p2a: Baxcalibur|Protect|p2a: Baxcalibur
|-singleturn|p2a: Baxcalibur|Protect
|move|p2b: Amoonguss|Protect|p2b: Amoonguss
|-singleturn|p2b: Amoonguss|Protect
|move|p1b: Sneasler|Fake Out|p2a: Baxcalibur
|-activate|p2a: Baxcalibur|move: Protect
|move|p1a: Electabuzz|Taunt|p2b: Amoonguss
|-activate|p2b: Amoonguss|move: Protect
|
|upkeep
|turn|2
|inactive|No.1AnicredibleFan has 30 seconds left.
|
|t:|1756412227
|-terastallize|p2a: Baxcalibur|Poison
|move|p1b: Sneasler|Protect|p1b: Sneasler
|-singleturn|p1b: Sneasler|Protect
|move|p2b: Amoonguss|Rage Powder|p2b: Amoonguss
|-singleturn|p2b: Amoonguss|move: Rage Powder
|move|p1a: Electabuzz|Taunt|p2b: Amoonguss
|-start|p2b: Amoonguss|move: Taunt
|move|p2a: Baxcalibur|Swords Dance|p2a: Baxcalibur
|-boost|p2a: Baxcalibur|atk|2
|
|upkeep
|turn|3
|
|t:|1756412241
|move|p1b: Sneasler|Dire Claw|p2a: Baxcalibur
|-resisted|p2a: Baxcalibur
|-damage|p2a: Baxcalibur|81/100
|-status|p2a: Baxcalibur|par
|move|p1a: Electabuzz|Electroweb|p2a: Baxcalibur|[spread] p2a,p2b
|-resisted|p2b: Amoonguss
|-damage|p2a: Baxcalibur|68/100 par
|-damage|p2b: Amoonguss|95/100
|-unboost|p2a: Baxcalibur|spe|1
|-unboost|p2b: Amoonguss|spe|1
|move|p2a: Baxcalibur|Scale Shot|p1a: Electabuzz
|-damage|p1a: Electabuzz|73/100
|-damage|p1a: Electabuzz|46/100
|-damage|p1a: Electabuzz|21/100
|-damage|p1a: Electabuzz|0 fnt
|faint|p1a: Electabuzz
|-hitcount|p1: Electabuzz|4
|-unboost|p2a: Baxcalibur|def|1
|-boost|p2a: Baxcalibur|spe|1
|move|p2b: Amoonguss|Pollen Puff|p1b: Sneasler
|-resisted|p1b: Sneasler
|-damage|p1b: Sneasler|94/100
|
|upkeep
|
|t:|1756412247
|switch|p1a: Primarina|Primarina, L50, F|100/100
|turn|4
|inactive|No.1AnicredibleFan has 30 seconds left.
|inactive|No.1AnicredibleFan has 20 seconds left.
|
|t:|1756412284
|move|p1b: Sneasler|Dire Claw|p2a: Baxcalibur
|-resisted|p2a: Baxcalibur
|-damage|p2a: Baxcalibur|43/100 par
|move|p1a: Primarina|Hyper Voice|p2b: Amoonguss|[spread] p2a,p2b
|-resisted|p2b: Amoonguss
|-damage|p2a: Baxcalibur|8/100 par
|-damage|p2b: Amoonguss|78/100
|-enditem|p1a: Primarina|Throat Spray
|-boost|p1a: Primarina|spa|1|[from] item: Throat Spray
|move|p2a: Baxcalibur|Scale Shot|p1b: Sneasler|[miss]
|-miss|p2a: Baxcalibur|p1b: Sneasler
|move|p2b: Amoonguss|Pollen Puff|p1a: Primarina
|-resisted|p1a: Primarina
|-damage|p1a: Primarina|94/100
|
|upkeep
|turn|5
|
|t:|1756412301
|move|p2a: Baxcalibur|Protect|p2a: Baxcalibur
|-singleturn|p2a: Baxcalibur|Protect
|move|p1b: Sneasler|Dire Claw|p2b: Amoonguss
|-damage|p2b: Amoonguss|44/100
|-enditem|p2b: Amoonguss|Sitrus Berry|[eat]
|-heal|p2b: Amoonguss|69/100|[from] item: Sitrus Berry
|move|p1a: Primarina|Hyper Voice|p2a: Baxcalibur|[spread] p2b
|-activate|p2a: Baxcalibur|move: Protect
|-resisted|p2b: Amoonguss
|-damage|p2b: Amoonguss|45/100
|move|p2b: Amoonguss|Pollen Puff|p1b: Sneasler
|-resisted|p1b: Sneasler
|-damage|p1b: Sneasler|88/100
|
|-end|p2b: Amoonguss|move: Taunt
|upkeep
|turn|6
|inactive|No.1AnicredibleFan has 30 seconds left.
|
|t:|1756412327
|cant|p2a: Baxcalibur|par
|move|p1b: Sneasler|Dire Claw|p2b: Amoonguss
|-damage|p2b: Amoonguss|5/100
|-status|p2b: Amoonguss|slp
|move|p1a: Primarina|Hyper Voice|p2b: Amoonguss|[spread] p2a,p2b
|-resisted|p2b: Amoonguss
|-crit|p2b: Amoonguss
|-damage|p2a: Baxcalibur|0 fnt
|-damage|p2b: Amoonguss|0 fnt
|faint|p2a: Baxcalibur
|faint|p2b: Amoonguss
|
|upkeep
|
|t:|1756412335
|switch|p2a: Arcanine|Arcanine-Hisui, L50, M|100/100
|switch|p2b: Ursaluna|Ursaluna-Bloodmoon, L50, M|100/100
|-ability|p2a: Arcanine|Intimidate|boost
|-unboost|p1a: Primarina|atk|1
|-unboost|p1b: Sneasler|atk|1
|turn|7
|inactive|No.1AnicredibleFan has 30 seconds left.
|inactive|redrog1 has 30 seconds left.
|inactive|No.1AnicredibleFan has 20 seconds left.
|
|t:|1756412372
|-terastallize|p1a: Primarina|Steel
|move|p1b: Sneasler|Protect|p1b: Sneasler
|-singleturn|p1b: Sneasler|Protect
|move|p2a: Arcanine|Rock Slide|p1a: Primarina|[spread] 
|-activate|p1b: Sneasler|move: Protect
|-miss|p2a: Arcanine|p1a: Primarina
|move|p2b: Ursaluna|Hyper Voice|p1b: Sneasler|[spread] p1a
|-activate|p1b: Sneasler|move: Protect
|-resisted|p1a: Primarina
|-damage|p1a: Primarina|75/100
|-damage|p2b: Ursaluna|91/100|[from] item: Life Orb
|move|p1a: Primarina|Life Dew|p1a: Primarina|[spread] p1a,p1b
|-heal|p1a: Primarina|99/100
|-heal|p1b: Sneasler|100/100
|
|upkeep
|turn|8
|
|t:|1756412391
|switch|p1b: Volcarona|Volcarona, L50, F|100/100
|move|p1a: Primarina|Protect|p1a: Primarina
|-singleturn|p1a: Primarina|Protect
|move|p2a: Arcanine|Rock Slide|p1b: Volcarona|[spread] p1b
|-activate|p1a: Primarina|move: Protect
|-supereffective|p1b: Volcarona
|-damage|p1b: Volcarona|0 fnt
|faint|p1b: Volcarona
|move|p2b: Ursaluna|Earth Power|p1a: Primarina
|-activate|p1a: Primarina|move: Protect
|
|upkeep
|
|t:|1756412401
|switch|p1b: Sneasler|Sneasler, L50, F|100/100
|turn|9
|
|t:|1756412415
|move|p1b: Sneasler|Fake Out|p2a: Arcanine
|-resisted|p2a: Arcanine
|-damage|p2a: Arcanine|92/100
|cant|p2a: Arcanine|flinch
|move|p1a: Primarina|Hyper Voice|p2b: Ursaluna|[spread] p2a,p2b
|-supereffective|p2a: Arcanine
|-supereffective|p2b: Ursaluna
|-damage|p2a: Arcanine|0 fnt
|-damage|p2b: Ursaluna|0 fnt
|faint|p2a: Arcanine
|faint|p2b: Ursaluna
|
|win|redrog1
||No.1AnicredibleFan is ready for game 2.
|inactive|redrog1 has 30 seconds to confirm battle start!
