|j|☆TeyVgc
|j|‽Chsucu
|html|TeyVgcChsucu    
|uhtml|bestof|Game 1 of a best-of-3
|t:|1783042816
|gametype|doubles
|player|p1|TeyVgc|rood|1113
|player|p2|Chsucu|harlequin|1046
|gen|9
|tier|[Gen 9 Champions] VGC 2026 Reg M-B (Bo3)
|rated|
|rule|Species Clause: Limit one of each Pokémon
|rule|Item Clause: Limit 1 of each item
|clearpoke
|poke|p1|Tyranitar, L50, F|
|poke|p1|Excadrill, L50, F|
|poke|p1|Rotom-Wash, L50|
|poke|p1|Sinistcha, L50|
|poke|p1|Corviknight, L50, F|
|poke|p1|Houndstone, L50, F|
|poke|p2|Gholdengo, L50|
|poke|p2|Starmie, L50|
|poke|p2|Incineroar, L50, M|
|poke|p2|Sneasler, L50, F|
|poke|p2|Gliscor, L50, F|
|poke|p2|Greninja, L50, F|
|teampreview|4
|showteam|p1|Tyranitar||Tyranitarite|SandStream|RockSlide,KnockOff,LowKick,Protect|Adamant||F|||50|]Excadrill||FocusSash|SandRush|IronHead,Protect,Earthquake,RockSlide|Adamant||F|||50|]Rotom-Wash||ChoiceScarf|Levitate|VoltSwitch,HydroPump,Electroweb,Thunderbolt|Modest|||||50|]Sinistcha||SitrusBerry|Hospitality|RagePowder,MatchaGotcha,StrengthSap,TrickRoom|Bold|||||50|]Corviknight||Leftovers|MirrorArmor|BulkUp,BraveBird,Roost,Tailwind|Careful||F|||50|]Houndstone||SpellTag|SandRush|LastRespects,PhantomForce,WillOWisp,Protect|Adamant||F|||50|
|showteam|p2|Gholdengo||Leftovers|GoodasGold|Surf,MakeItRain,ShadowBall,NastyPlot|Timid|||||50|]Starmie||Starminite|NaturalCure|IceSpinner,Liquidation,PsychoCut,Protect|Jolly|||||50|]Incineroar||ChopleBerry|Intimidate|PartingShot,FakeOut,FlareBlitz,DarkestLariat|Adamant||M|||50|]Sneasler||WhiteHerb|Unburden|BrickBreak,Protect,DireClaw,Toxic|Jolly||F|||50|]Gliscor||SitrusBerry|PoisonHeal|Tailwind,RockSlide,Earthquake,Protect|Careful||F|||50|]Greninja||Greninjite|Protean|DarkPulse,IceBeam,Protect,SludgeWave|Modest||F|||50|
|
|t:|1783042858
|teamsize|p1|4
|teamsize|p2|4
|start
|switch|p1a: Excadrill|Excadrill, L50, F|100/100
|switch|p1b: Tyranitar|Tyranitar, L50, F|100/100
|switch|p2a: Greninja|Greninja, L50, F|100/100
|switch|p2b: Gliscor|Gliscor, L50, F|100/100
|-weather|Sandstorm|[from] ability: Sand Stream|[of] p1b: Tyranitar
|turn|1
|
|t:|1783042893
|switch|p1b: Rotom|Rotom-Wash, L50|100/100
|move|p2a: Greninja|Protect|p2a: Greninja
|-start|p2a: Greninja|typechange|Normal|[from] ability: Protean
|-singleturn|p2a: Greninja|Protect
|move|p1a: Excadrill|Iron Head|p2a: Greninja
|-activate|p2a: Greninja|move: Protect
|move|p2b: Gliscor|Tailwind|p2b: Gliscor
|-sidestart|p2: Chsucu|move: Tailwind
|
|-weather|Sandstorm|[upkeep]
|-damage|p2a: Greninja|93/100|[from] Sandstorm
|-damage|p1b: Rotom|94/100|[from] Sandstorm
|upkeep
|turn|2
|
|t:|1783042952
|detailschange|p2a: Greninja|Greninja-Mega, L50, F
|-mega|p2a: Greninja|Greninja|Greninjite
|move|p1a: Excadrill|Protect|p1a: Excadrill
|-singleturn|p1a: Excadrill|Protect
|move|p2a: Greninja|Dark Pulse|p1b: Rotom
|-start|p2a: Greninja|typechange|Dark|[from] ability: Protean
|-damage|p1b: Rotom|24/100
|move|p2b: Gliscor|Rock Slide|p1a: Excadrill|[spread] p1b
|-activate|p1a: Excadrill|move: Protect
|-damage|p1b: Rotom|8/100
|cant|p1b: Rotom|flinch
|
|-weather|Sandstorm|[upkeep]
|-damage|p2a: Greninja|87/100|[from] Sandstorm
|-damage|p1b: Rotom|2/100|[from] Sandstorm
|upkeep
|turn|3
|
|t:|1783042992
|move|p2a: Greninja|Protect|p2a: Greninja
|-singleturn|p2a: Greninja|Protect
|move|p1a: Excadrill|Rock Slide|p2b: Gliscor|[spread] p2b
|-activate|p2a: Greninja|move: Protect
|-damage|p2b: Gliscor|81/100
|cant|p2b: Gliscor|flinch
|move|p1b: Rotom|Volt Switch|p2a: Greninja
|-activate|p2a: Greninja|move: Protect
|
|-weather|Sandstorm|[upkeep]
|-damage|p2a: Greninja|81/100|[from] Sandstorm
|-damage|p1b: Rotom|0 fnt|[from] Sandstorm
|faint|p1b: Rotom
|upkeep
|
|t:|1783043006
|switch|p1b: Tyranitar|Tyranitar, L50, F|100/100
|turn|4
|
|t:|1783043018
|move|p1b: Tyranitar|Protect|p1b: Tyranitar
|-singleturn|p1b: Tyranitar|Protect
|move|p2a: Greninja|Ice Beam|p1a: Excadrill
|-damage|p1a: Excadrill|53/100
|move|p1a: Excadrill|Rock Slide|p2b: Gliscor|[spread] p2a,p2b
|-damage|p2a: Greninja|48/100
|-damage|p2b: Gliscor|61/100
|cant|p2b: Gliscor|flinch
|
|-weather|Sandstorm|[upkeep]
|-damage|p2a: Greninja|42/100|[from] Sandstorm
|-sideend|p2: Chsucu|move: Tailwind
|upkeep
|turn|5
|j| redshoes7
|
|t:|1783043052
|switch|p2a: Sneasler|Sneasler, L50, F|100/100
|move|p1a: Excadrill|Rock Slide|p2a: Sneasler|[spread] p2a,p2b
|-resisted|p2a: Sneasler|1
|-damage|p2a: Sneasler|82/100
|-damage|p2b: Gliscor|43/100
|-enditem|p2b: Gliscor|Sitrus Berry|[eat]
|-heal|p2b: Gliscor|68/100|[from] item: Sitrus Berry
|move|p2b: Gliscor|Tailwind|p2b: Gliscor
|-sidestart|p2: Chsucu|move: Tailwind
|move|p1b: Tyranitar|Knock Off|p2b: Gliscor
|-damage|p2b: Gliscor|40/100
|
|-weather|none
|upkeep
|turn|6
|l| redshoes7
|
|t:|1783043083
|detailschange|p1b: Tyranitar|Tyranitar-Mega, L50, F
|-mega|p1b: Tyranitar|Tyranitar|Tyranitarite
|-weather|Sandstorm|[from] ability: Sand Stream|[of] p1b: Tyranitar
|move|p1b: Tyranitar|Protect|p1b: Tyranitar
|-singleturn|p1b: Tyranitar|Protect
|move|p2a: Sneasler|Toxic|p2b: Gliscor
|-status|p2b: Gliscor|tox
|move|p1a: Excadrill|Earthquake|p2b: Gliscor|[spread] p2a
|-activate|p1b: Tyranitar|move: Protect
|-immune|p2b: Gliscor
|-supereffective|p2a: Sneasler|1
|-damage|p2a: Sneasler|0 fnt
|faint|p2a: Sneasler
|move|p2b: Gliscor|Rock Slide|p1a: Excadrill|[spread] p1a
|-activate|p1b: Tyranitar|move: Protect
|-resisted|p1a: Excadrill|2
|-damage|p1a: Excadrill|48/100
|
|-weather|Sandstorm|[upkeep]
|-heal|p2b: Gliscor|52/100 tox|[from] ability: Poison Heal
|upkeep
|l|‽Chsucu
|player|p2|
|inactive|Battle timer is ON: inactive players will automatically lose when time's up. (requested by TeyVgc)
|inactive|Chsucu has 30 seconds to reconnect!
|inactive|Chsucu has 20 seconds to reconnect!
|inactive|Chsucu has 15 seconds to reconnect!
|inactive|Chsucu has 10 seconds to reconnect!
|inactive|Chsucu has 5 seconds to reconnect!
|-message|Chsucu lost due to inactivity.
|
|win|TeyVgc
|raw|TeyVgc's rating: 1113 → 1133(+20 for winning)
|raw|Chsucu's rating: 1046 → 1032(-14 for losing)
