|j|☆belinvgc
|j|☆testdigi
|html|belinvgctestdigi    
|uhtml|bestof|Game 1 of a best-of-3
|t:|1784819349
|gametype|doubles
|player|p1|belinvgc|266|1258
|player|p2|testdigi|101|1162
|gen|9
|tier|[Gen 9 Champions] VGC 2026 Reg M-B (Bo3)
|rated|
|rule|Species Clause: Limit one of each Pokémon
|rule|Item Clause: Limit 1 of each item
|clearpoke
|poke|p1|Floette-Eternal, L50, F|
|poke|p1|Incineroar, L50, F|
|poke|p1|Sinistcha, L50|
|poke|p1|Blastoise, L50, M|
|poke|p1|Sneasler, L50, M|
|poke|p1|Talonflame, L50, M|
|poke|p2|Raichu, L50, M|
|poke|p2|Toxapex, L50, F|
|poke|p2|Mamoswine, L50, F|
|poke|p2|Sylveon, L50, M|
|poke|p2|Corviknight, L50, F|
|poke|p2|Basculegion, L50, M|
|teampreview|4
|showteam|p1|Floette-Eternal||Floettite|FlowerVeil|DazzlingGleam,DrainingKiss,CalmMind,Protect|Modest||F|||50|]Incineroar||SitrusBerry|Intimidate|FlareBlitz,FakeOut,PartingShot,HelpingHand|Impish||F|||50|]Sinistcha||OccaBerry|Hospitality|MatchaGotcha,RagePowder,TrickRoom,Protect|Relaxed|||||50|]Blastoise||Blastoisinite|Torrent|WaterSpout,DarkPulse,ShellSmash,Protect|Modest||M|||50|]Sneasler||FocusSash|PoisonTouch|PoisonJab,CloseCombat,FakeOut,QuickGuard|Jolly||M|||50|]Talonflame||SharpBeak|GaleWings|DualWingbeat,Tailwind,Feint,Protect|Jolly||M|||50|
|showteam|p2|Raichu||RaichuniteY|LightningRod|ZapCannon,FocusBlast,FakeOut,Protect|Timid||M|||50|]Toxapex||Leftovers|Regenerator|Infestation,Toxic,WideGuard,BanefulBunker|Relaxed||F|||50|]Mamoswine||LifeOrb|Oblivious|StompingTantrum,IceShard,RockSlide,Protect|Adamant||F|||50|]Sylveon||FairyFeather|Pixilate|HyperVoice,QuickAttack,Yawn,Detect|Modest||M|||50|]Corviknight||OccaBerry|MirrorArmor|IronHead,BraveBird,Tailwind,Protect|Adamant||F|||50|]Basculegion||FocusSash|Adaptability|LastRespects,Liquidation,AquaJet,Protect|Adamant||M|||50|
|inactive|Battle timer is ON: inactive players will automatically lose when time's up. (requested by testdigi)
|inactive|belinvgc has 60 seconds left.
|inactive|belinvgc has 30 seconds left.
|inactive|belinvgc has 20 seconds left.
|inactive|belinvgc has 15 seconds left.
|inactive|belinvgc has 10 seconds left.
|inactive|belinvgc has 5 seconds left.
|
|t:|1784819492
|teamsize|p1|4
|teamsize|p2|4
|start
|switch|p1a: Floette|Floette-Eternal, L50, F|100/100
|switch|p1b: Incineroar|Incineroar, L50, F|100/100
|switch|p2a: Raichu|Raichu, L50, M|100/100
|switch|p2b: Corviknight|Corviknight, L50, F|100/100
|-ability|p1b: Incineroar|Intimidate|boost
|-unboost|p2a: Raichu|atk|1
|-ability|p2b: Corviknight|Mirror Armor
|-unboost|p1b: Incineroar|atk|1
|turn|1
|inactive|belinvgc has 30 seconds left.
|inactive|testdigi has 30 seconds left.
|inactive|belinvgc has 20 seconds left.
|inactive|testdigi has 20 seconds left.
|inactive|belinvgc has 15 seconds left.
|inactive|testdigi has 15 seconds left.
|inactive|belinvgc has 10 seconds left.
|inactive|belinvgc has 5 seconds left.
|
|t:|1784819547
|detailschange|p2a: Raichu|Raichu-Mega-Y, L50, M
|-mega|p2a: Raichu|Raichu|Raichunite Y
|move|p2a: Raichu|Fake Out|p1b: Incineroar
|-damage|p1b: Incineroar|96/100
|move|p1a: Floette|Dazzling Gleam|p2b: Corviknight|[spread] p2a,p2b
|-crit|p2a: Raichu
|-resisted|p2b: Corviknight|1
|-damage|p2a: Raichu|44/100
|-damage|p2b: Corviknight|86/100
|move|p2b: Corviknight|Tailwind|p2b: Corviknight
|-sidestart|p2: testdigi|move: Tailwind
|cant|p1b: Incineroar|flinch
|
|upkeep
|turn|2
|inactive|belinvgc has 30 seconds left.
|
|t:|1784819580
|move|p2a: Raichu|Focus Blast|p1b: Incineroar
|-supereffective|p1b: Incineroar|1
|-damage|p1b: Incineroar|21/100
|-enditem|p1b: Incineroar|Sitrus Berry|[eat]
|-heal|p1b: Incineroar|46/100|[from] item: Sitrus Berry
|move|p2b: Corviknight|Iron Head|p1a: Floette
|-supereffective|p1a: Floette|1
|-damage|p1a: Floette|18/100
|move|p1a: Floette|Dazzling Gleam|p2a: Raichu|[spread] p2a,p2b
|-resisted|p2b: Corviknight|1
|-damage|p2a: Raichu|8/100
|-damage|p2b: Corviknight|72/100
|move|p1b: Incineroar|Parting Shot|p2b: Corviknight
|-ability|p2b: Corviknight|Mirror Armor
|-unboost|p1b: Incineroar|atk|1
|-ability|p2b: Corviknight|Mirror Armor
|-unboost|p1b: Incineroar|spa|1
|
|t:|1784819594
|switch|p1b: Sinistcha|Sinistcha, L50|100/100|[from] Parting Shot
|-heal|p1a: Floette|43/100|[from] ability: Hospitality|[of] p1b: Sinistcha
|
|upkeep
|turn|3
|
|t:|1784819607
|move|p2a: Raichu|Zap Cannon|p1a: Floette
|-damage|p1a: Floette|0 fnt
|faint|p1a: Floette
|move|p2b: Corviknight|Brave Bird|p1b: Sinistcha
|-supereffective|p1b: Sinistcha|1
|-damage|p1b: Sinistcha|19/100
|-damage|p2b: Corviknight|48/100|[from] Recoil
|move|p1b: Sinistcha|Matcha Gotcha|p2a: Raichu|[spread] p2a,p2b
|-resisted|p2b: Corviknight|2
|-damage|p2a: Raichu|0 fnt
|-heal|p1b: Sinistcha|23/100|[from] drain|[of] p2a: Raichu
|-damage|p2b: Corviknight|42/100
|-heal|p1b: Sinistcha|26/100|[from] drain|[of] p2b: Corviknight
|faint|p2a: Raichu
|
|upkeep
|inactive|belinvgc has 30 seconds left.
|
|t:|1784819637
|switch|p2a: Sylveon|Sylveon, L50, M|100/100
|switch|p1a: Blastoise|Blastoise, L50, M|100/100
|turn|4
|
|t:|1784819658
|detailschange|p1a: Blastoise|Blastoise-Mega, L50, M
|-mega|p1a: Blastoise|Blastoise|Blastoisinite
|move|p1b: Sinistcha|Rage Powder|p1b: Sinistcha
|-singleturn|p1b: Sinistcha|move: Rage Powder
|move|p2b: Corviknight|Iron Head|p1b: Sinistcha
|-damage|p1b: Sinistcha|2/100
|move|p2a: Sylveon|Hyper Voice|p1b: Sinistcha|[spread] p1a,p1b
|-damage|p1a: Blastoise|58/100
|-damage|p1b: Sinistcha|0 fnt
|faint|p1b: Sinistcha
|move|p1a: Blastoise|Shell Smash|p1a: Blastoise
|-unboost|p1a: Blastoise|def|1
|-unboost|p1a: Blastoise|spd|1
|-boost|p1a: Blastoise|atk|2
|-boost|p1a: Blastoise|spa|2
|-boost|p1a: Blastoise|spe|2
|
|-sideend|p2: testdigi|move: Tailwind
|upkeep
|
|t:|1784819671
|switch|p1b: Incineroar|Incineroar, L50, F|46/100
|-ability|p1b: Incineroar|Intimidate|boost
|-unboost|p2a: Sylveon|atk|1
|-ability|p2b: Corviknight|Mirror Armor
|-unboost|p1b: Incineroar|atk|1
|turn|5
|
|t:|1784819676
|move|p2b: Corviknight|Protect|p2b: Corviknight
|-singleturn|p2b: Corviknight|Protect
|move|p2a: Sylveon|Detect|p2a: Sylveon
|-singleturn|p2a: Sylveon|Protect
|move|p1b: Incineroar|Fake Out|p2a: Sylveon
|-activate|p2a: Sylveon|move: Protect
|move|p1a: Blastoise|Water Spout|p2a: Sylveon|[spread] 
|-activate|p2a: Sylveon|move: Protect
|-activate|p2b: Corviknight|move: Protect
|
|upkeep
|turn|6
|inactive|belinvgc has 30 seconds left.
|inactive|belinvgc has 20 seconds left.
|inactive|belinvgc has 15 seconds left.
|inactive|belinvgc has 10 seconds left.
|inactive|belinvgc has 5 seconds left.
|
|t:|1784819729
|move|p1a: Blastoise|Water Spout|p2a: Sylveon|[spread] p2a,p2b
|-damage|p2a: Sylveon|45/100
|-damage|p2b: Corviknight|0 fnt
|faint|p2b: Corviknight
|move|p1b: Incineroar|Flare Blitz|p2a: Sylveon
|-damage|p2a: Sylveon|13/100
|-damage|p1b: Incineroar|36/100|[from] Recoil
|move|p2a: Sylveon|Yawn|p1a: Blastoise
|-start|p1a: Blastoise|move: Yawn|[of] p2a: Sylveon
|
|upkeep
|
|t:|1784819746
|switch|p2b: Basculegion|Basculegion, L50, M|100/100
|turn|7
|inactive|belinvgc has 30 seconds left.
|inactive|belinvgc has 20 seconds left.
|inactive|belinvgc has 15 seconds left.
|inactive|belinvgc has 10 seconds left.
|inactive|testdigi has 30 seconds left.
|inactive|testdigi has 20 seconds left.
|inactive|testdigi has 15 seconds left.
|inactive|testdigi has 10 seconds left.
|inactive|testdigi has 5 seconds left.
|
|t:|1784819843
|move|p1a: Blastoise|Protect|p1a: Blastoise
|-singleturn|p1a: Blastoise|Protect
|move|p2b: Basculegion|Protect|p2b: Basculegion
|-singleturn|p2b: Basculegion|Protect
|move|p2a: Sylveon|Detect|p2a: Sylveon
|-singleturn|p2a: Sylveon|Protect
|move|p1b: Incineroar|Flare Blitz|p2b: Basculegion
|-activate|p2b: Basculegion|move: Protect
|
|-end|p1a: Blastoise|move: Yawn|[silent]
|-status|p1a: Blastoise|slp
|upkeep
|turn|8
|
|t:|1784819863
|move|p1b: Incineroar|Helping Hand|p1a: Blastoise
|-singleturn|p1a: Blastoise|Helping Hand|[of] p1b: Incineroar
|move|p2b: Basculegion|Aqua Jet|p1b: Incineroar
|-supereffective|p1b: Incineroar|1
|-damage|p1b: Incineroar|0 fnt
|faint|p1b: Incineroar
|cant|p1a: Blastoise|slp
|move|p2a: Sylveon|Hyper Voice|p1a: Blastoise
|-damage|p1a: Blastoise|0 fnt
|faint|p1a: Blastoise
|
|win|testdigi
||belinvgc is ready for game 2.
|inactive|testdigi has 30 seconds to confirm battle start!
||testdigi is ready for game 2.
|uhtml|next|Next: Game 2 of 3
