|j|☆syshj
|j|☆magicalarcher57
|html|syshjmagicalarcher57    
|uhtml|bestof|Game 2 of a best-of-3
|t:|1784744572
|gametype|doubles
|player|p1|syshj|dawn|1244
|player|p2|magicalarcher57|diantha|1191
|gen|9
|tier|[Gen 9 Champions] VGC 2026 Reg M-B (Bo3)
|rated|
|rule|Species Clause: Limit one of each Pokémon
|rule|Item Clause: Limit 1 of each item
|clearpoke
|poke|p1|Gengar, L50, F|
|poke|p1|Archaludon, L50, F|
|poke|p1|Politoed, L50, M|
|poke|p1|Swampert, L50, M|
|poke|p1|Vivillon, L50, M|
|poke|p1|Incineroar, L50, F|
|poke|p2|Garchomp, L50, M|
|poke|p2|Kingambit, L50, M|
|poke|p2|Vanilluxe, L50, M|
|poke|p2|Aerodactyl, L50, M|
|poke|p2|Incineroar, L50, F|
|poke|p2|Gardevoir, L50, M|
|teampreview|4
|showteam|p1|Gengar||Gengarite|CursedBody|ShadowBall,SludgeBomb,PerishSong,Protect|Modest||F|||50|]Archaludon||Leftovers|Stamina|ElectroShot,DragonPulse,FlashCannon,Protect|Bold||F|||50|]Politoed||SitrusBerry|Drizzle|WeatherBall,Hypnosis,PerishSong,Protect|Calm||M|||50|]Swampert||Swampertite|Torrent|WaveCrash,Earthquake,IcePunch,Protect|Adamant||M|||50|]Vivillon||FocusSash|CompoundEyes|Hurricane,SleepPowder,RagePowder,Protect|Timid||M|||50|]Incineroar||PasshoBerry|Intimidate|ThroatChop,FakeOut,PartingShot,Protect|Impish||F|||50|
|showteam|p2|Garchomp||LifeOrb|RoughSkin|Earthquake,DragonClaw,StompingTantrum,Protect|Jolly||M|||50|]Kingambit||BlackGlasses|Defiant|KowtowCleave,SuckerPunch,Protect,IronHead|Adamant||M|||50|]Vanilluxe||ChoiceScarf|SnowWarning|Blizzard,FreezeDry,WeatherBall,IcyWind|Modest||M|||50|]Aerodactyl||Aerodactylite|Unnerve|DualWingbeat,RockSlide,Tailwind,Protect|Jolly||M|||50|]Incineroar||SitrusBerry|Intimidate|FakeOut,FlareBlitz,DarkestLariat,PartingShot|Brave||F|||50|]Gardevoir||Gardevoirite|Trace|HyperVoice,Psychic,TrickRoom,Protect|Modest||M|||50|
|inactive|Battle timer is ON: inactive players will automatically lose when time's up. (requested by magicalarcher57)
|
|t:|1784744587
|teamsize|p1|4
|teamsize|p2|4
|start
|switch|p1a: Swampert|Swampert, L50, M|100/100
|switch|p1b: Vivillon|Vivillon, L50, M|100/100
|switch|p2a: Incineroar|Incineroar, L50, F|100/100
|switch|p2b: Gardevoir|Gardevoir, L50, M|100/100
|-ability|p2b: Gardevoir|Torrent|Trace|[from] ability: Trace|[of] p1a: Swampert
|-ability|p2a: Incineroar|Intimidate|boost
|-unboost|p1a: Swampert|atk|1
|-unboost|p1b: Vivillon|atk|1
|turn|1
|
|t:|1784744607
|switch|p1b: Archaludon|Archaludon, L50, F|100/100
|detailschange|p1a: Swampert|Swampert-Mega, L50, M
|-mega|p1a: Swampert|Swampert|Swampertite
|detailschange|p2b: Gardevoir|Gardevoir-Mega, L50, M
|-mega|p2b: Gardevoir|Gardevoir|Gardevoirite
|move|p2a: Incineroar|Fake Out|p1b: Archaludon
|-resisted|p1b: Archaludon|1
|-damage|p1b: Archaludon|95/100
|-ability|p1b: Archaludon|Stamina|boost
|-boost|p1b: Archaludon|def|1
|move|p1a: Swampert|Wave Crash|p2a: Incineroar
|-supereffective|p2a: Incineroar|1
|-damage|p2a: Incineroar|0 fnt
|faint|p2a: Incineroar
|-damage|p1a: Swampert|62/100|[from] Recoil
|move|p2b: Gardevoir|Trick Room|p2b: Gardevoir
|-fieldstart|move: Trick Room|[of] p2b: Gardevoir
|
|-heal|p1b: Archaludon|100/100|[from] item: Leftovers
|upkeep
|
|t:|1784744610
|switch|p2a: Kingambit|Kingambit, L50, M|100/100
|turn|2
|
|t:|1784744632
|switch|p1a: Politoed|Politoed, L50, M|100/100
|-weather|RainDance|[from] ability: Drizzle|[of] p1a: Politoed
|move|p2a: Kingambit|Kowtow Cleave|p1a: Politoed
|-damage|p1a: Politoed|48/100
|-enditem|p1a: Politoed|Sitrus Berry|[eat]
|-heal|p1a: Politoed|73/100|[from] item: Sitrus Berry
|move|p1b: Archaludon|Electro Shot||[still]
|-prepare|p1b: Archaludon|Electro Shot
|-boost|p1b: Archaludon|spa|1
|-anim|p1b: Archaludon|Electro Shot|p2b: Gardevoir
|-damage|p2b: Gardevoir|57/100
|move|p2b: Gardevoir|Hyper Voice|p1b: Archaludon|[spread] p1a,p1b
|-damage|p1a: Politoed|30/100
|-damage|p1b: Archaludon|50/100g
|-ability|p1b: Archaludon|Stamina|boost
|-boost|p1b: Archaludon|def|1
|
|-weather|RainDance|[upkeep]
|-heal|p1b: Archaludon|56/100|[from] item: Leftovers
|upkeep
|turn|3
|inactive|syshj has 30 seconds left.
|
|t:|1784744659
|move|p1a: Politoed|Protect|p1a: Politoed
|-singleturn|p1a: Politoed|Protect
|move|p2b: Gardevoir|Protect|p2b: Gardevoir
|-singleturn|p2b: Gardevoir|Protect
|move|p2a: Kingambit|Sucker Punch||[still]
|-fail|p2a: Kingambit
|move|p1b: Archaludon|Flash Cannon|p2b: Gardevoir
|-activate|p2b: Gardevoir|move: Protect
|
|-weather|RainDance|[upkeep]
|-heal|p1b: Archaludon|62/100|[from] item: Leftovers
|upkeep
|turn|4
|inactive|magicalarcher57 has 30 seconds left.
|
|t:|1784744684
|switch|p1a: Vivillon|Vivillon, L50, M|100/100
|move|p2a: Kingambit|Kowtow Cleave|p1b: Archaludon
|-damage|p1b: Archaludon|42/100
|-ability|p1b: Archaludon|Stamina|boost
|-boost|p1b: Archaludon|def|1
|move|p1b: Archaludon|Flash Cannon|p2b: Gardevoir
|-supereffective|p2b: Gardevoir|1
|-damage|p2b: Gardevoir|0 fnt
|faint|p2b: Gardevoir
|
|-weather|RainDance|[upkeep]
|-heal|p1b: Archaludon|48/100|[from] item: Leftovers
|upkeep
|
|t:|1784744686
|switch|p2b: Vanilluxe|Vanilluxe, L50, M|100/100
|-weather|Snowscape|[from] ability: Snow Warning|[of] p2b: Vanilluxe
|turn|5
|
|t:|1784744697
|switch|p1a: Politoed|Politoed, L50, M|30/100
|-weather|RainDance|[from] ability: Drizzle|[of] p1a: Politoed
|move|p2a: Kingambit|Kowtow Cleave|p1a: Politoed
|-damage|p1a: Politoed|0 fnt
|faint|p1a: Politoed
|move|p1b: Archaludon|Flash Cannon|p2b: Vanilluxe
|-supereffective|p2b: Vanilluxe|1
|-damage|p2b: Vanilluxe|0 fnt
|faint|p2b: Vanilluxe
|
|-weather|RainDance|[upkeep]
|-heal|p1b: Archaludon|54/100|[from] item: Leftovers
|-fieldend|move: Trick Room
|upkeep
|
|t:|1784744706
|switch|p1a: Vivillon|Vivillon, L50, M|100/100
|turn|6
|inactive|magicalarcher57 has 30 seconds left.
|-message|magicalarcher57 forfeited.
|raw|syshj's rating: 1244 → 1265(+21 for winning)
|raw|magicalarcher57's rating: 1191 → 1170(-21 for losing)
|
|win|syshj
