|j|☆Farigi No Raf
|j|☆sandy ghost 5
|html|Farigi No Rafsandy ghost 5    
|uhtml|bestof|Game 1 of a best-of-3
|t:|1757255023
|gametype|doubles
|player|p1|Farigi No Raf|artist-gen4|1401
|player|p2|sandy ghost 5|baker|1416
|gen|9
|tier|[Gen 9] VGC 2025 Reg H (Bo3)
|rated|
|rule|Species Clause: Limit one of each Pokémon
|rule|Item Clause: Limit 1 of each item
|clearpoke
|poke|p1|Dragonite, L50, M|
|poke|p1|Gholdengo, L50|
|poke|p1|Sneasler, L50, F|
|poke|p1|Rillaboom, L50, M|
|poke|p1|Ursaluna-Bloodmoon, L50, M|
|poke|p1|Magmar, L50, F|
|poke|p2|Tyranitar, L50, M|
|poke|p2|Blaziken, L50, M|
|poke|p2|Excadrill, L50, F|
|poke|p2|Salamence, L50, F|
|poke|p2|Dondozo, L50, M|
|poke|p2|Sinistcha-Masterpiece, L50|
|teampreview|4
|showteam|p1|Dragonite||LoadedDice|Multiscale|ScaleShot,Tailwind,ExtremeSpeed,Protect|||M|||50|,,,,,Fairy]Gholdengo||LifeOrb|GoodasGold|MakeItRain,ShadowBall,NastyPlot,Protect||||||50|,,,,,Water]Sneasler||FocusSash|PoisonTouch|CloseCombat,DireClaw,Coaching,FakeOut|||F|||50|,,,,,Ghost]Rillaboom||AssaultVest|GrassySurge|WoodHammer,FakeOut,GrassyGlide,HighHorsepower|||M|||50|,,,,,Fire]Ursaluna-Bloodmoon||SilkScarf|MindsEye|HyperVoice,EarthPower,BloodMoon,Protect|||M|||50|,,,,,Water]Magmar||Eviolite|VitalSpirit|FollowMe,BurningJealousy,ClearSmog,Protect|||F|||50|,,,,,Dragon
|showteam|p2|Tyranitar||ClearAmulet|SandStream|RockSlide,KnockOff,Protect,DragonDance|||M|||50|,,,,,Grass]Blaziken||CovertCloak|SpeedBoost|AuraSphere,HeatWave,Coaching,WillOWisp|||M|||50|,,,,,Fire]Excadrill||AssaultVest|SandRush|RockSlide,HighHorsepower,IronHead,Earthquake|||F|||50|,,,,,Ghost]Salamence||LifeOrb|Intimidate|AirSlash,Tailwind,DracoMeteor,Protect|||F|||50|,,,,,Ghost]Dondozo||Leftovers|Unaware|Fissure,Liquidation,Protect,Yawn|||M|||50|,,,,,Fire]Sinistcha-Masterpiece||SitrusBerry|Hospitality|ShadowBall,MatchaGotcha,RagePowder,Protect||||||50|,,,,,Dark
|
|t:|1757255065
|teamsize|p1|4
|teamsize|p2|4
|start
|switch|p1a: Sneasler|Sneasler, L50, F|100/100
|switch|p1b: Dragonite|Dragonite, L50, M|100/100
|switch|p2a: Excadrill|Excadrill, L50, F|100/100
|switch|p2b: Blaziken|Blaziken, L50, M|100/100
|turn|1
|
|t:|1757255086
|-terastallize|p2a: Excadrill|Ghost
|move|p1a: Sneasler|Coaching|p1b: Dragonite
|-boost|p1b: Dragonite|atk|1
|-boost|p1b: Dragonite|def|1
|move|p2b: Blaziken|Will-O-Wisp|p1b: Dragonite
|-status|p1b: Dragonite|brn
|move|p1b: Dragonite|Scale Shot|p2b: Blaziken
|-crit|p2b: Blaziken
|-damage|p2b: Blaziken|77/100
|-damage|p2b: Blaziken|61/100
|-damage|p2b: Blaziken|46/100
|-damage|p2b: Blaziken|30/100
|-hitcount|p2b: Blaziken|4
|-unboost|p1b: Dragonite|def|1
|-boost|p1b: Dragonite|spe|1
|move|p2a: Excadrill|Rock Slide|p1b: Dragonite|[spread] p1a,p1b
|-resisted|p1a: Sneasler
|-supereffective|p1b: Dragonite
|-damage|p1a: Sneasler|80/100
|-damage|p1b: Dragonite|77/100 brn
|
|-damage|p1b: Dragonite|71/100 brn|[from] brn
|-ability|p2b: Blaziken|Speed Boost|boost
|-boost|p2b: Blaziken|spe|1
|upkeep
|turn|2
|
|t:|1757255129
|move|p1b: Dragonite|Extreme Speed|p2b: Blaziken
|-damage|p2b: Blaziken|0 fnt
|faint|p2b: Blaziken
|move|p1a: Sneasler|Coaching|p1b: Dragonite
|-boost|p1b: Dragonite|atk|1
|-boost|p1b: Dragonite|def|1
|move|p2a: Excadrill|High Horsepower|p1a: Sneasler
|-supereffective|p1a: Sneasler
|-crit|p1a: Sneasler
|-damage|p1a: Sneasler|0 fnt
|faint|p1a: Sneasler
|
|-damage|p1b: Dragonite|65/100 brn|[from] brn
|upkeep
|
|t:|1757255142
|switch|p1a: Ursaluna|Ursaluna-Bloodmoon, L50, M|100/100
|switch|p2b: Tyranitar|Tyranitar, L50, M|100/100
|-weather|Sandstorm|[from] ability: Sand Stream|[of] p2b: Tyranitar
|turn|3
|
|t:|1757255174
|move|p2a: Excadrill|Rock Slide|p1b: Dragonite|[spread] p1a,p1b
|-resisted|p1a: Ursaluna
|-supereffective|p1b: Dragonite
|-damage|p1a: Ursaluna|93/100
|-damage|p1b: Dragonite|32/100 brn
|move|p1b: Dragonite|Scale Shot|p2a: Excadrill
|-damage|p2a: Excadrill|79/100
|-damage|p2a: Excadrill|58/100
|-damage|p2a: Excadrill|38/100
|-damage|p2a: Excadrill|19/100
|-hitcount|p2a: Excadrill|4
|-unboost|p1b: Dragonite|def|1
|-boost|p1b: Dragonite|spe|1
|move|p2b: Tyranitar|Knock Off|p1a: Ursaluna
|-damage|p1a: Ursaluna|49/100
|-enditem|p1a: Ursaluna|Silk Scarf|[from] move: Knock Off|[of] p2b: Tyranitar
|move|p1a: Ursaluna|Hyper Voice|p2a: Excadrill|[spread] p2a,p2b
|-crit|p2a: Excadrill
|-resisted|p2b: Tyranitar
|-damage|p2a: Excadrill|0 fnt
|-damage|p2b: Tyranitar|89/100
|faint|p2a: Excadrill
|
|-weather|Sandstorm|[upkeep]
|-damage|p1b: Dragonite|26/100 brn|[from] Sandstorm
|-damage|p1b: Dragonite|20/100 brn|[from] brn
|upkeep
|
|t:|1757255192
|switch|p2a: Puppet|Sinistcha-Masterpiece, L50|100/100
|-heal|p2b: Tyranitar|100/100|[from] ability: Hospitality|[of] p2a: Puppet
|turn|4
|
|t:|1757255206
|move|p2b: Tyranitar|Protect|p2b: Tyranitar
|-singleturn|p2b: Tyranitar|Protect
|move|p1b: Dragonite|Tailwind|p1b: Dragonite
|-sidestart|p1: Farigi No Raf|move: Tailwind
|move|p1a: Ursaluna|Blood Moon|p2a: Puppet
|-damage|p2a: Puppet|23/100
|-enditem|p2a: Puppet|Sitrus Berry|[eat]
|-heal|p2a: Puppet|48/100|[from] item: Sitrus Berry
|move|p2a: Puppet|Matcha Gotcha|p1a: Ursaluna|[spread] p1a,p1b
|-supereffective|p1a: Ursaluna
|-resisted|p1b: Dragonite
|-damage|p1a: Ursaluna|0 fnt
|-heal|p2a: Puppet|77/100|[from] drain|[of] p1a: Ursaluna
|-damage|p1b: Dragonite|13/100 brn
|-heal|p2a: Puppet|81/100|[from] drain|[of] p1b: Dragonite
|faint|p1a: Ursaluna
|
|-weather|Sandstorm|[upkeep]
|-damage|p1b: Dragonite|7/100 brn|[from] Sandstorm
|-damage|p2a: Puppet|75/100|[from] Sandstorm
|-damage|p1b: Dragonite|0 fnt|[from] brn
|faint|p1b: Dragonite
|upkeep
|
|t:|1757255216
|switch|p1b: Gholdengo|Gholdengo, L50|100/100
|turn|5
|
|t:|1757255251
|-terastallize|p1b: Gholdengo|Water
|move|p1b: Gholdengo|Shadow Ball|p2a: Puppet
|-supereffective|p2a: Puppet
|-damage|p2a: Puppet|0 fnt
|faint|p2a: Puppet
|-damage|p1b: Gholdengo|91/100|[from] item: Life Orb
|move|p2b: Tyranitar|Knock Off|p1b: Gholdengo
|-damage|p1b: Gholdengo|34/100
|-enditem|p1b: Gholdengo|Life Orb|[from] move: Knock Off|[of] p2b: Tyranitar
|
|-weather|Sandstorm|[upkeep]
|-damage|p1b: Gholdengo|28/100|[from] Sandstorm
|upkeep
|turn|6
|
|t:|1757255264
|move|p1b: Gholdengo|Protect|p1b: Gholdengo
|-singleturn|p1b: Gholdengo|Protect
|move|p2b: Tyranitar|Dragon Dance|p2b: Tyranitar
|-boost|p2b: Tyranitar|atk|1
|-boost|p2b: Tyranitar|spe|1
|
|-weather|Sandstorm|[upkeep]
|-damage|p1b: Gholdengo|22/100|[from] Sandstorm
|upkeep
|turn|7
|
|t:|1757255272
|move|p2b: Tyranitar|Protect|p2b: Tyranitar
|-singleturn|p2b: Tyranitar|Protect
|move|p1b: Gholdengo|Make It Rain|p2b: Tyranitar
|-activate|p2b: Tyranitar|move: Protect
|
|-weather|none
|-sideend|p1: Farigi No Raf|move: Tailwind
|upkeep
|turn|8
|
|t:|1757255274
|move|p2b: Tyranitar|Knock Off|p1b: Gholdengo
|-damage|p1b: Gholdengo|0 fnt
|faint|p1b: Gholdengo
|
|win|sandy ghost 5
||Farigi No Raf is ready for game 2.
||sandy ghost 5 is ready for game 2.
|uhtml|next|Next: Game 2 of 3
