|j|☆dawg969
|j|☆jomivgc
|html|dawg969jomivgc    
|uhtml|bestof|Game 3 of a best-of-3
|t:|1784593551
|gametype|doubles
|player|p1|dawg969|veteran|1081
|player|p2|jomivgc|falkner-gen2|1206
|gen|9
|tier|[Gen 9 Champions] VGC 2026 Reg M-B (Bo3)
|rated|
|rule|Species Clause: Limit one of each Pokémon
|rule|Item Clause: Limit 1 of each item
|clearpoke
|poke|p1|Delphox, L50, M|
|poke|p1|Sneasler, L50, F|
|poke|p1|Incineroar, L50, M|
|poke|p1|Sinistcha, L50|
|poke|p1|Blastoise, L50, M|
|poke|p1|Kingambit, L50, F|
|poke|p2|Aerodactyl, L50, M|
|poke|p2|Charizard, L50, M|
|poke|p2|Incineroar, L50, M|
|poke|p2|Kingambit, L50, F|
|poke|p2|Sylveon, L50, M|
|poke|p2|Garchomp, L50, M|
|teampreview|4
|showteam|p1|Delphox||Delphoxite|Blaze|HeatWave,NastyPlot,Protect,Psyshock|Timid||M|||50|]Sneasler||FocusSash|PoisonTouch|QuickGuard,FakeOut,PoisonJab,CloseCombat|Jolly||F|||50|]Incineroar||SitrusBerry|Intimidate|FakeOut,PartingShot,HelpingHand,FlareBlitz|Impish||M|||50|]Sinistcha||OccaBerry|Hospitality|MatchaGotcha,RagePowder,TrickRoom,Protect|Bold|||||50|]Blastoise||Blastoisinite|RainDish|WaterSpout,DarkPulse,ShellSmash,Protect|Modest||M|||50|]Kingambit||BlackGlasses|Defiant|Protect,SwordsDance,KowtowCleave,SuckerPunch|Adamant||F|||50|
|showteam|p2|Aerodactyl||Aerodactylite|Unnerve|RockSlide,DualWingbeat,WideGuard,Tailwind|Jolly||M|||50|]Charizard||CharizarditeY|Blaze|HeatWave,WeatherBall,SolarBeam,Protect|Modest||M|||50|]Incineroar||SitrusBerry|Intimidate|FlareBlitz,DarkestLariat,FakeOut,PartingShot|Impish||M|||50|]Kingambit||FocusSash|Defiant|KowtowCleave,IronHead,SuckerPunch,LowKick|Adamant||F|||50|]Sylveon||FairyFeather|Pixilate|HyperVoice,HyperBeam,QuickAttack,Detect|Modest||M|||50|]Garchomp||LifeOrb|RoughSkin|Earthquake,DragonClaw,RockSlide,Protect|Jolly||M|||50|
|inactive|Battle timer is ON: inactive players will automatically lose when time's up. (requested by jomivgc)
|inactive|dawg969 also wants the timer to be on.
|inactive|jomivgc has 60 seconds left.
|
|t:|1784593591
|teamsize|p1|4
|teamsize|p2|4
|start
|switch|p1a: Delphox|Delphox, L50, M|100/100
|switch|p1b: Sneasler|Sneasler, L50, F|100/100
|switch|p2a: Aerodactyl|Aerodactyl, L50, M|100/100
|switch|p2b: Charizard|Charizard, L50, M|100/100
|-ability|p2a: Aerodactyl|Unnerve
|turn|1
|inactive|jomivgc has 30 seconds left.
|inactive|jomivgc has 20 seconds left.
|
|t:|1784593627
|switch|p2b: Incineroar|Incineroar, L50, M|100/100
|-ability|p2b: Incineroar|Intimidate|boost
|-unboost|p1a: Delphox|atk|1
|-unboost|p1b: Sneasler|atk|1
|detailschange|p1a: Delphox|Delphox-Mega, L50, M
|-mega|p1a: Delphox|Delphox|Delphoxite
|move|p1b: Sneasler|Fake Out|p2a: Aerodactyl
|-resisted|p2a: Aerodactyl|1
|-damage|p2a: Aerodactyl|95/100
|cant|p2a: Aerodactyl|flinch
|move|p1a: Delphox|Psyshock|p2a: Aerodactyl
|-damage|p2a: Aerodactyl|35/100
|
|upkeep
|turn|2
|inactive|jomivgc has 30 seconds left.
|inactive|jomivgc has 20 seconds left.
|inactive|jomivgc has 15 seconds left.
|inactive|jomivgc has 10 seconds left.
|
|t:|1784593673
|switch|p1b: Incineroar|Incineroar, L50, M|100/100
|-ability|p1b: Incineroar|Intimidate|boost
|-unboost|p2a: Aerodactyl|atk|1
|-unboost|p2b: Incineroar|atk|1
|move|p1a: Delphox|Protect|p1a: Delphox
|-singleturn|p1a: Delphox|Protect
|move|p2b: Incineroar|Fake Out|p1a: Delphox
|-activate|p1a: Delphox|move: Protect
|move|p2a: Aerodactyl|Dual Wingbeat|p1b: Incineroar
|-damage|p1b: Incineroar|87/100
|-damage|p1b: Incineroar|75/100
|-hitcount|p1b: Incineroar|2
|
|upkeep
|turn|3
|inactive|dawg969 has 30 seconds left.
|
|t:|1784593699
|switch|p2a: Garchomp|Garchomp, L50, M|100/100
|move|p1b: Incineroar|Fake Out|p2a: Garchomp
|-damage|p2a: Garchomp|89/100
|-damage|p1b: Incineroar|62/100|[from] ability: Rough Skin|[of] p2a: Garchomp
|move|p1a: Delphox|Heat Wave|p2b: Incineroar|[spread] p2a
|-miss|p1a: Delphox|p2b: Incineroar
|-resisted|p2a: Garchomp|1
|-damage|p2a: Garchomp|71/100
|move|p2b: Incineroar|Darkest Lariat|p1a: Delphox
|-supereffective|p1a: Delphox|1
|-damage|p1a: Delphox|32/100
|
|upkeep
|turn|4
|inactive|jomivgc has 30 seconds left.
|
|t:|1784593733
|switch|p1a: Sneasler|Sneasler, L50, F|100/100
|move|p2a: Garchomp|Rock Slide|p1a: Sneasler|[spread] p1a,p1b
|-resisted|p1a: Sneasler|1
|-supereffective|p1b: Incineroar|1
|-damage|p1a: Sneasler|80/100
|-damage|p1b: Incineroar|14/100
|-enditem|p1b: Incineroar|Sitrus Berry|[eat]
|-heal|p1b: Incineroar|38/100|[from] item: Sitrus Berry
|-damage|p2a: Garchomp|61/100|[from] item: Life Orb
|cant|p1b: Incineroar|flinch
|move|p2b: Incineroar|Darkest Lariat|p1a: Sneasler
|-resisted|p1a: Sneasler|1
|-damage|p1a: Sneasler|61/100
|
|upkeep
|turn|5
|inactive|dawg969 has 30 seconds left.
|
|t:|1784593765
|switch|p2b: Aerodactyl|Aerodactyl, L50, M|35/100
|-ability|p2b: Aerodactyl|Unnerve
|move|p2a: Garchomp|Earthquake|p1a: Sneasler|[spread] p1a,p1b
|-immune|p2b: Aerodactyl
|-supereffective|p1a: Sneasler|1
|-supereffective|p1b: Incineroar|1
|-damage|p1a: Sneasler|0 fnt
|-damage|p1b: Incineroar|0 fnt
|faint|p1a: Sneasler
|faint|p1b: Incineroar
|-damage|p2a: Garchomp|51/100|[from] item: Life Orb
|
|upkeep
|
|t:|1784593778
|switch|p1a: Delphox|Delphox-Mega, L50, M|32/100
|switch|p1b: Sinistcha|Sinistcha, L50|100/100
|-heal|p1a: Delphox|56/100|[from] ability: Hospitality|[of] p1b: Sinistcha
|turn|6
|inactive|jomivgc has 30 seconds left.
|
|t:|1784593807
|detailschange|p2b: Aerodactyl|Aerodactyl-Mega, L50, M
|-mega|p2b: Aerodactyl|Aerodactyl|Aerodactylite
|move|p1a: Delphox|Protect|p1a: Delphox
|-singleturn|p1a: Delphox|Protect
|move|p2b: Aerodactyl|Rock Slide|p1a: Delphox|[spread] p1b
|-activate|p1a: Delphox|move: Protect
|-damage|p1b: Sinistcha|73/100
|move|p2a: Garchomp|Rock Slide|p1a: Delphox|[spread] p1b
|-activate|p1a: Delphox|move: Protect
|-damage|p1b: Sinistcha|49/100
|-damage|p2a: Garchomp|41/100|[from] item: Life Orb
|move|p1b: Sinistcha|Trick Room|p1b: Sinistcha
|-fieldstart|move: Trick Room|[of] p1b: Sinistcha
|
|upkeep
|turn|7
|inactive|jomivgc has 30 seconds left.
|
|t:|1784593833
|move|p2b: Aerodactyl|Wide Guard|p2b: Aerodactyl
|-singleturn|p2b: Aerodactyl|Wide Guard
|move|p1b: Sinistcha|Matcha Gotcha|p2b: Aerodactyl|[spread] 
|-activate|p2a: Garchomp|move: Wide Guard
|-activate|p2b: Aerodactyl|move: Wide Guard
|move|p1a: Delphox|Heat Wave|p2a: Garchomp|[spread] 
|-activate|p2a: Garchomp|move: Wide Guard
|-activate|p2b: Aerodactyl|move: Wide Guard
|move|p2a: Garchomp|Rock Slide|p1b: Sinistcha|[spread] p1a,p1b
|-supereffective|p1a: Delphox|1
|-damage|p1a: Delphox|0 fnt
|-damage|p1b: Sinistcha|23/100
|faint|p1a: Delphox
|-damage|p2a: Garchomp|31/100|[from] item: Life Orb
|
|upkeep
|turn|8
|
|t:|1784593857
|move|p2b: Aerodactyl|Wide Guard|p2b: Aerodactyl
|-singleturn|p2b: Aerodactyl|Wide Guard
|move|p1b: Sinistcha|Matcha Gotcha|p2b: Aerodactyl|[spread] 
|-activate|p2a: Garchomp|move: Wide Guard
|-activate|p2b: Aerodactyl|move: Wide Guard
|move|p2a: Garchomp|Dragon Claw|p1b: Sinistcha
|-damage|p1b: Sinistcha|0 fnt
|faint|p1b: Sinistcha
|-damage|p2a: Garchomp|21/100|[from] item: Life Orb
|
|win|jomivgc
|raw|dawg969's rating: 1081 → 1066(-15 for losing)
|raw|jomivgc's rating: 1206 → 1222(+16 for winning)
