|j|☆mouseilluminati
|j|☆Axo of DOOM
|html|mouseilluminatiAxo of DOOM    
|uhtml|bestof|Game 2 of a best-of-3
|t:|1784916856
|gametype|doubles
|player|p1|mouseilluminati|n|1200
|player|p2|Axo of DOOM|crasherwake|1237
|gen|9
|tier|[Gen 9 Champions] VGC 2026 Reg M-B (Bo3)
|rated|
|rule|Species Clause: Limit one of each Pokémon
|rule|Item Clause: Limit 1 of each item
|clearpoke
|poke|p1|Pyroar, L50, F|
|poke|p1|Basculegion, L50, M|
|poke|p1|Torkoal, L50, F|
|poke|p1|Whimsicott, L50, M|
|poke|p1|Mawile, L50, F|
|poke|p1|Farigiraf, L50, F|
|poke|p2|Sinistcha, L50, shiny|
|poke|p2|Incineroar, L50, M|
|poke|p2|Milotic, L50, M, shiny|
|poke|p2|Raichu, L50, M|
|poke|p2|Floette-Eternal, L50, F|
|poke|p2|Ceruledge, L50, M, shiny|
|teampreview|4
|showteam|p1|Pyroar||Pyroarite|Unnerve|HeatWave,Overheat,Protect,SolarBeam|Timid||F|||50|]Basculegion||LifeOrb|Adaptability|AquaJet,WaveCrash,Protect,LastRespects|Adamant||M|||50|]Torkoal||Charcoal|Drought|Eruption,WeatherBall,Protect,HelpingHand|Quiet||F|||50|]Whimsicott||FocusSash|Prankster|Moonblast,SunnyDay,Protect,Tailwind|Timid||M|||50|]Mawile||Mawilite|HyperCutter|RockSlide,PlayRough,Protect,SuckerPunch|Adamant||F|||50|]Farigiraf||ColburBerry|ArmorTail|FoulPlay,Psychic,HelpingHand,TrickRoom|Relaxed||F|||50|
|showteam|p2|Sinistcha||KasibBerry|Hospitality|MatchaGotcha,LifeDew,RagePowder,Protect|Relaxed|||||50|]Incineroar||SitrusBerry|Intimidate|FlareBlitz,ThroatChop,FakeOut,PartingShot|Impish||M|||50|]Milotic||Leftovers|Competitive|MuddyWater,Coil,Hypnosis,Protect|Calm||M|||50|]Raichu||RaichuniteY|LightningRod|ZapCannon,FocusBlast,FakeOut,Protect|Timid||M|||50|]Floette-Eternal||Floettite|FlowerVeil|DazzlingGleam,DrainingKiss,CalmMind,Protect|Timid||F|||50|]Ceruledge||ColburBerry|FlashFire|BitterBlade,ShadowSneak,BulkUp,Protect|Adamant||M|||50|
|j| FancyPipels
|
|t:|1784916865
|teamsize|p1|4
|teamsize|p2|4
|start
|switch|p1a: Basculegion|Basculegion, L50, M|100/100
|switch|p1b: Farigiraf|Farigiraf, L50, F|100/100
|switch|p2a: Milotic|Milotic, L50, M, shiny|100/100
|switch|p2b: Ceruledge|Ceruledge, L50, M, shiny|100/100
|turn|1
|
|t:|1784916894
|move|p2b: Ceruledge|Protect|p2b: Ceruledge
|-singleturn|p2b: Ceruledge|Protect
|move|p1a: Basculegion|Wave Crash|p2b: Ceruledge
|-activate|p2b: Ceruledge|move: Protect
|move|p2a: Milotic|Coil|p2a: Milotic
|-boost|p2a: Milotic|atk|1
|-boost|p2a: Milotic|def|1
|-boost|p2a: Milotic|accuracy|1
|move|p1b: Farigiraf|Psychic|p2a: Milotic
|-damage|p2a: Milotic|78/100
|
|-heal|p2a: Milotic|84/100|[from] item: Leftovers
|upkeep
|turn|2
|
|t:|1784916913
|switch|p2b: Sinistcha|Sinistcha, L50, shiny|100/100
|-heal|p2a: Milotic|100/100|[from] ability: Hospitality|[of] p2b: Sinistcha
|move|p1a: Basculegion|Wave Crash|p2b: Sinistcha
|-resisted|p2b: Sinistcha|1
|-damage|p2b: Sinistcha|51/100
|-damage|p1a: Basculegion|85/100|[from] Recoil
|-damage|p1a: Basculegion|76/100|[from] item: Life Orb
|move|p2a: Milotic|Coil|p2a: Milotic
|-boost|p2a: Milotic|atk|1
|-boost|p2a: Milotic|def|1
|-boost|p2a: Milotic|accuracy|1
|move|p1b: Farigiraf|Foul Play|p2b: Sinistcha
|-supereffective|p2b: Sinistcha|1
|-damage|p2b: Sinistcha|24/100
|
|upkeep
|turn|3
|
|t:|1784916934
|move|p2b: Sinistcha|Protect|p2b: Sinistcha
|-singleturn|p2b: Sinistcha|Protect
|move|p1a: Basculegion|Last Respects|p2b: Sinistcha
|-activate|p2b: Sinistcha|move: Protect
|move|p2a: Milotic|Hypnosis|p1a: Basculegion
|-status|p1a: Basculegion|slp|[from] move: Hypnosis
|move|p1b: Farigiraf|Trick Room|p1b: Farigiraf
|-fieldstart|move: Trick Room|[of] p1b: Farigiraf
|
|upkeep
|turn|4
|
|t:|1784916955
|switch|p1b: Mawile|Mawile, L50, F|100/100
|switch|p2b: Incineroar|Incineroar, L50, M|100/100
|-ability|p2b: Incineroar|Intimidate|boost
|-unboost|p1a: Basculegion|atk|1
|-fail|p1b: Mawile|unboost|Attack|[from] ability: Hyper Cutter|[of] p1b: Mawile
|move|p2a: Milotic|Hypnosis|p1b: Mawile
|-status|p1b: Mawile|slp|[from] move: Hypnosis
|cant|p1a: Basculegion|slp
|
|upkeep
|turn|5
|
|t:|1784916973
|detailschange|p1b: Mawile|Mawile-Mega, L50, F
|-mega|p1b: Mawile|Mawile|Mawilite
|cant|p1b: Mawile|slp
|move|p2b: Incineroar|Throat Chop|p1a: Basculegion
|-supereffective|p1a: Basculegion|1
|-damage|p1a: Basculegion|1/100 slp
|-start|p1a: Basculegion|Throat Chop|[silent]
|move|p2a: Milotic|Muddy Water|p1a: Basculegion|[spread] p1a,p1b
|-resisted|p1a: Basculegion|1
|-damage|p1a: Basculegion|0 fnt
|-damage|p1b: Mawile|70/100 slp
|-unboost|p1b: Mawile|accuracy|1
|faint|p1a: Basculegion
|
|upkeep
|
|t:|1784916987
|switch|p1a: Torkoal|Torkoal, L50, F|100/100
|-weather|SunnyDay|[from] ability: Drought|[of] p1a: Torkoal
|turn|6
|inactive|Battle timer is ON: inactive players will automatically lose when time's up. (requested by mouseilluminati)
|
|t:|1784917001
|move|p1a: Torkoal|Eruption|p2b: Incineroar|[spread] p2a,p2b
|-resisted|p2a: Milotic|1
|-resisted|p2b: Incineroar|1
|-damage|p2a: Milotic|74/100
|-damage|p2b: Incineroar|58/100
|cant|p1b: Mawile|slp
|move|p2b: Incineroar|Parting Shot|p1b: Mawile
|-unboost|p1b: Mawile|atk|1
|-unboost|p1b: Mawile|spa|1
|
|t:|1784917008
|switch|p2b: Ceruledge|Ceruledge, L50, M, shiny|100/100|[from] Parting Shot
|move|p2a: Milotic|Hypnosis|p1a: Torkoal
|-status|p1a: Torkoal|slp|[from] move: Hypnosis
|
|-weather|SunnyDay|[upkeep]
|-heal|p2a: Milotic|80/100|[from] item: Leftovers
|upkeep
|turn|7
|
|t:|1784917030
|switch|p1a: Farigiraf|Farigiraf, L50, F|100/100
|-curestatus|p1b: Mawile|slp|[msg]
|move|p1b: Mawile|Rock Slide|p2a: Milotic|[spread] p2a,p2b
|-supereffective|p2b: Ceruledge|1
|-damage|p2a: Milotic|69/100
|-damage|p2b: Ceruledge|48/100
|move|p2a: Milotic|Muddy Water|p1b: Mawile|[spread] p1a,p1b
|-damage|p1a: Farigiraf|89/100
|-damage|p1b: Mawile|57/100
|-unboost|p1b: Mawile|accuracy|1
|move|p2b: Ceruledge|Bitter Blade|p1b: Mawile
|-supereffective|p1b: Mawile|1
|-damage|p1b: Mawile|0 fnt
|-heal|p2b: Ceruledge|72/100|[from] drain|[of] p1b: Mawile
|faint|p1b: Mawile
|
|-weather|SunnyDay|[upkeep]
|-heal|p2a: Milotic|75/100|[from] item: Leftovers
|-fieldend|move: Trick Room
|upkeep
|-message|mouseilluminati forfeited.
|
|win|Axo of DOOM
|raw|mouseilluminati's rating: 1200 → 1178(-22 for losing)
|raw|Axo of DOOM's rating: 1237 → 1259(+22 for winning)
|l|☆Axo of DOOM
|player|p2|
|l| FancyPipels
