|j|☆Reg H merchant
|j|☆Sonja Hilmer
|html|Reg H merchantSonja Hilmer    
|uhtml|bestof|Game 1 of a best-of-3
|t:|1757017772
|gametype|doubles
|player|p1|Reg H merchant|hilbert|1369
|player|p2|Sonja Hilmer|lady|1398
|gen|9
|tier|[Gen 9] VGC 2025 Reg H (Bo3)
|rated|
|rule|Species Clause: Limit one of each Pokémon
|rule|Item Clause: Limit 1 of each item
|clearpoke
|poke|p1|Electabuzz, L50, F|
|poke|p1|Sneasler, L50, F|
|poke|p1|Ursaluna-Bloodmoon, L50, M|
|poke|p1|Indeedee, L50, M|
|poke|p1|Incineroar, L50, F|
|poke|p1|Dragonite, L50, F|
|poke|p2|Dachsbun, L50, M|
|poke|p2|Typhlosion-Hisui, L50, F|
|poke|p2|Kingambit, L50, F|
|poke|p2|Jumpluff, L50, M|
|poke|p2|Rillaboom, L50, M|
|poke|p2|Torkoal, L50, M|
|teampreview|4
|showteam|p1|Electabuzz||Eviolite|VitalSpirit|Electroweb,FollowMe,Taunt,Protect|||F|||50|,,,,,Dragon]Sneasler||PsychicSeed|Unburden|DireClaw,ThroatChop,CloseCombat,Protect|||F|||50|,,,,,Dark]Ursaluna-Bloodmoon||LifeOrb|MindsEye|HyperVoice,BloodMoon,EarthPower,Protect|||M|||50|,,,,,Normal]Indeedee||FocusSash|PsychicSurge|ExpandingForce,Protect,TrickRoom,HelpingHand|||M|||50|,,,,,Psychic]Incineroar||SafetyGoggles|Intimidate|FakeOut,KnockOff,FlareBlitz,PartingShot|||F|||50|,,,,,Ghost]Dragonite||LoadedDice|Multiscale|ScaleShot,Haze,Protect,Tailwind|||F|||50|,,,,,Fairy
|showteam|p2|Dachsbun||Leftovers|WellBakedBody|BodyPress,Snarl,HelpingHand,Protect|||M|||50|,,,,,Steel]Typhlosion-Hisui||ChoiceSpecs|Blaze|Eruption,LavaPlume,Overheat,ShadowBall|||F|||50|,,,,,Fire]Kingambit||AssaultVest|Defiant|KowtowCleave,SuckerPunch,LowKick,TeraBlast|||F|||50|,,,,,Fairy]Jumpluff||CovertCloak|Chlorophyll|SleepPowder,SunnyDay,RagePowder,Tailwind|||M|||50|,,,,,Water]Rillaboom||LifeOrb|GrassySurge|WoodHammer,GrassyGlide,HighHorsepower,FakeOut|||M|||50|,,,,,Water]Torkoal||SitrusBerry|Drought|HeatWave,LavaPlume,ClearSmog,Protect|||M|||50|,,,,,Fairy
|inactive|Battle timer is ON: inactive players will automatically lose when time's up. (requested by Sonja Hilmer)
|inactive|Reg H merchant has 60 seconds left.
|inactive|Sonja Hilmer has 60 seconds left.
|inactive|Sonja Hilmer has 30 seconds left.
|
|t:|1757017838
|teamsize|p1|4
|teamsize|p2|4
|start
|switch|p1a: Electabuzz|Electabuzz, L50, F|100/100
|switch|p1b: Ursaluna|Ursaluna-Bloodmoon, L50, M|100/100
|switch|p2a: Rillaboom|Rillaboom, L50, M|100/100
|switch|p2b: Typhlosion|Typhlosion-Hisui, L50, F|100/100
|-fieldstart|move: Grassy Terrain|[from] ability: Grassy Surge|[of] p2a: Rillaboom
|turn|1
|
|t:|1757017861
|-terastallize|p2b: Typhlosion|Fire
|move|p1a: Electabuzz|Protect|p1a: Electabuzz
|-singleturn|p1a: Electabuzz|Protect
|move|p1b: Ursaluna|Protect|p1b: Ursaluna
|-singleturn|p1b: Ursaluna|Protect
|move|p2a: Rillaboom|Fake Out|p1a: Electabuzz
|-activate|p1a: Electabuzz|move: Protect
|move|p2b: Typhlosion|Eruption|p1a: Electabuzz|[spread] 
|-activate|p1a: Electabuzz|move: Protect
|-activate|p1b: Ursaluna|move: Protect
|
|upkeep
|turn|2
|
|t:|1757017886
|-terastallize|p1b: Ursaluna|Normal
|move|p2a: Rillaboom|Grassy Glide|p1b: Ursaluna
|-damage|p1b: Ursaluna|63/100
|-damage|p2a: Rillaboom|91/100|[from] item: Life Orb
|move|p1a: Electabuzz|Electroweb|p2a: Rillaboom|[spread] p2a,p2b
|-resisted|p2a: Rillaboom
|-damage|p2a: Rillaboom|83/100
|-damage|p2b: Typhlosion|83/100
|-unboost|p2a: Rillaboom|spe|1
|-unboost|p2b: Typhlosion|spe|1
|move|p1b: Ursaluna|Hyper Voice|p2b: Typhlosion|[spread] p2a,p2b
|-damage|p2a: Rillaboom|16/100
|-damage|p2b: Typhlosion|0 fnt
|faint|p2b: Typhlosion
|-damage|p1b: Ursaluna|53/100|[from] item: Life Orb
|
|-heal|p1b: Ursaluna|59/100|[from] Grassy Terrain
|-heal|p2a: Rillaboom|22/100|[from] Grassy Terrain
|upkeep
|
|t:|1757017902
|switch|p2b: Jumpluff|Jumpluff, L50, M|100/100
|turn|3
|
|t:|1757017924
|move|p1a: Electabuzz|Follow Me|p1a: Electabuzz
|-singleturn|p1a: Electabuzz|move: Follow Me
|move|p2b: Jumpluff|Tailwind|p2b: Jumpluff
|-sidestart|p2: Sonja Hilmer|move: Tailwind
|move|p2a: Rillaboom|Wood Hammer|p1a: Electabuzz
|-damage|p1a: Electabuzz|0 fnt
|faint|p1a: Electabuzz
|-damage|p2a: Rillaboom|0 fnt|[from] Recoil
|faint|p2a: Rillaboom
|move|p1b: Ursaluna|Hyper Voice|p2b: Jumpluff
|-damage|p2b: Jumpluff|14/100
|-damage|p1b: Ursaluna|50/100|[from] item: Life Orb
|
|-heal|p1b: Ursaluna|56/100|[from] Grassy Terrain
|upkeep
|
|t:|1757017937
|switch|p1a: Incineroar|Incineroar, L50, F|100/100
|switch|p2a: Kingambit|Kingambit, L50, F|100/100
|-ability|p1a: Incineroar|Intimidate|boost
|-unboost|p2a: Kingambit|atk|1
|-ability|p2a: Kingambit|Defiant|boost
|-boost|p2a: Kingambit|atk|2
|-unboost|p2b: Jumpluff|atk|1
|turn|4
|
|t:|1757017958
|move|p1a: Incineroar|Fake Out|p2a: Kingambit
|-resisted|p2a: Kingambit
|-damage|p2a: Kingambit|96/100
|move|p2b: Jumpluff|Sleep Powder|p1b: Ursaluna|[miss]
|-miss|p2b: Jumpluff|p1b: Ursaluna
|cant|p2a: Kingambit|flinch
|move|p1b: Ursaluna|Hyper Voice|p2b: Jumpluff|[spread] p2a,p2b
|-resisted|p2a: Kingambit
|-damage|p2a: Kingambit|73/100
|-damage|p2b: Jumpluff|0 fnt
|faint|p2b: Jumpluff
|-damage|p1b: Ursaluna|46/100|[from] item: Life Orb
|
|-heal|p2a: Kingambit|79/100|[from] Grassy Terrain
|-heal|p1b: Ursaluna|52/100|[from] Grassy Terrain
|upkeep
|turn|5
|-message|Sonja Hilmer forfeited.
|
|win|Reg H merchant
||Sonja Hilmer is ready for game 2.
