|j|☆Thiaguitoomencito
|j|☆washingtongargacha
|html|Thiaguitoomencitowashingtongargacha    
|uhtml|bestof|Game 1 of a best-of-3
|t:|1757190966
|gametype|doubles
|player|p1|Thiaguitoomencito|steven|1069
|player|p2|washingtongargacha|169|1196
|gen|9
|tier|[Gen 9] VGC 2025 Reg H (Bo3)
|rated|
|rule|Species Clause: Limit one of each Pokémon
|rule|Item Clause: Limit 1 of each item
|clearpoke
|poke|p1|Sneasler, L50, F|
|poke|p1|Ceruledge, L50, F|
|poke|p1|Dragonite, L50, F|
|poke|p1|Dondozo, L50, M|
|poke|p1|Kingambit, L50, M|
|poke|p1|Rillaboom, L50, M|
|poke|p2|Lilligant-Hisui, L50, F|
|poke|p2|Hatterene, L50, F|
|poke|p2|Ursaluna, L50, M|
|poke|p2|Indeedee-F, L50, F|
|poke|p2|Torkoal, L50, F|
|poke|p2|Gallade, L50, M|
|teampreview|4
|showteam|p1|Sneasler||FocusSash|Unburden|CloseCombat,DireClaw,Coaching,FakeOut|||F|||50|,,,,,Ghost]Ceruledge||SitrusBerry|FlashFire|Protect,BitterBlade,ShadowSneak,BulkUp|||F|||50|,,,,,Grass]Dragonite||LoadedDice|Multiscale|Protect,ScaleShot,Haze,ExtremeSpeed|||F|||50|,,,,,Fairy]Dondozo||Leftovers|Unaware|Liquidation,Fissure,Yawn,Protect|||M|||50|,,,,,Poison]Kingambit||AssaultVest|Defiant|KowtowCleave,SuckerPunch,IronHead,TeraBlast|||M|||50|,,,,,Flying]Rillaboom||MiracleSeed|GrassySurge|WoodHammer,GrassyGlide,HighHorsepower,FakeOut|||M|||50|,,,,,Fire
|showteam|p2|Lilligant-Hisui||FocusSash|Chlorophyll|TripleAxel,AfterYou,CloseCombat,SleepPowder|||F|||50|,,,,,Ghost]Hatterene||CovertCloak|MagicBounce|DazzlingGleam,ExpandingForce,TrickRoom,MysticalFire|||F|||50|,,,,,Fire]Ursaluna||FlameOrb|Guts|Facade,HeadlongRush,Earthquake,Protect|||M|||50|,,,,,Ghost]Indeedee-F||PsychicSeed|PsychicSurge|Psychic,TrickRoom,HelpingHand,FollowMe|||F|||50|,,,,,Dragon]Torkoal||FlamePlate|Drought|Eruption,WeatherBall,HeatWave,Protect|||F|||50|,,,,,Fire]Gallade||ClearAmulet|Sharpness|PsychoCut,SacredSword,TrickRoom,WideGuard|||M|||50|,,,,,Grass
|
|t:|1757190986
|teamsize|p1|4
|teamsize|p2|4
|start
|switch|p1a: Sneasler|Sneasler, L50, F|100/100
|switch|p1b: Kingambit|Kingambit, L50, M|100/100
|switch|p2a: Hatterene|Hatterene, L50, F|100/100
|switch|p2b: Indeedee|Indeedee-F, L50, F|100/100
|-fieldstart|move: Psychic Terrain|[from] ability: Psychic Surge|[of] p2b: Indeedee
|-enditem|p2b: Indeedee|Psychic Seed
|-boost|p2b: Indeedee|spd|1|[from] item: Psychic Seed
|turn|1
|
|t:|1757191004
|-terastallize|p2b: Indeedee|Dragon
|move|p2b: Indeedee|Follow Me|p2b: Indeedee
|-singleturn|p2b: Indeedee|move: Follow Me
|move|p1a: Sneasler|Coaching|p1b: Kingambit
|-boost|p1b: Kingambit|atk|1
|-boost|p1b: Kingambit|def|1
|move|p1b: Kingambit|Kowtow Cleave|p2b: Indeedee
|-damage|p2b: Indeedee|34/100
|move|p2a: Hatterene|Trick Room|p2a: Hatterene
|-fieldstart|move: Trick Room|[of] p2a: Hatterene
|
|upkeep
|turn|2
|
|t:|1757191024
|switch|p2a: Torkoal|Torkoal, L50, F|100/100
|-weather|SunnyDay|[from] ability: Drought|[of] p2a: Torkoal
|move|p2b: Indeedee|Follow Me|p2b: Indeedee
|-singleturn|p2b: Indeedee|move: Follow Me
|move|p1b: Kingambit|Iron Head|p2b: Indeedee
|-damage|p2b: Indeedee|0 fnt
|faint|p2b: Indeedee
|move|p1a: Sneasler|Dire Claw|p2a: Torkoal
|-damage|p2a: Torkoal|68/100
|-status|p2a: Torkoal|psn
|
|-weather|SunnyDay|[upkeep]
|-damage|p2a: Torkoal|55/100 psn|[from] psn
|upkeep
|
|t:|1757191038
|switch|p2b: Ursaluna|Ursaluna, L50, M|100/100
|turn|3
|
|t:|1757191058
|move|p1b: Kingambit|Sucker Punch|p2a: Torkoal
|-activate|p2a: Torkoal|move: Psychic Terrain
|move|p2a: Torkoal|Heat Wave|p1a: Sneasler|[spread] p1a,p1b
|-supereffective|p1b: Kingambit
|-damage|p1a: Sneasler|6/100
|-damage|p1b: Kingambit|27/100
|move|p2b: Ursaluna|Headlong Rush|p1a: Sneasler
|-supereffective|p1a: Sneasler
|-damage|p1a: Sneasler|0 fnt
|-unboost|p2b: Ursaluna|def|1
|-unboost|p2b: Ursaluna|spd|1
|faint|p1a: Sneasler
|
|-weather|SunnyDay|[upkeep]
|-damage|p2a: Torkoal|43/100 psn|[from] psn
|-status|p2b: Ursaluna|brn|[from] item: Flame Orb
|upkeep
|
|t:|1757191072
|switch|p1a: Dondozo|Dondozo, L50, M|100/100
|turn|4
|
|t:|1757191087
|move|p2a: Torkoal|Heat Wave|p1b: Kingambit|[spread] p1a,p1b
|-resisted|p1a: Dondozo
|-supereffective|p1b: Kingambit
|-damage|p1a: Dondozo|81/100
|-damage|p1b: Kingambit|0 fnt
|faint|p1b: Kingambit
|move|p2b: Ursaluna|Facade|p1a: Dondozo
|-damage|p1a: Dondozo|10/100
|move|p1a: Dondozo|Fissure|p2b: Ursaluna|[miss]
|-miss|p1a: Dondozo|p2b: Ursaluna
|
|-weather|SunnyDay|[upkeep]
|-heal|p1a: Dondozo|17/100|[from] item: Leftovers
|-damage|p2a: Torkoal|30/100 psn|[from] psn
|-damage|p2b: Ursaluna|95/100 brn|[from] brn
|upkeep
|
|t:|1757191100
|switch|p1b: Ceruledge|Ceruledge, L50, F|100/100
|turn|5
|
|t:|1757191117
|move|p2a: Torkoal|Protect|p2a: Torkoal
|-singleturn|p2a: Torkoal|Protect
|move|p1b: Ceruledge|Shadow Sneak|p2a: Torkoal
|-activate|p2a: Torkoal|move: Psychic Terrain
|move|p2b: Ursaluna|Earthquake|p1a: Dondozo|[spread] p1a,p1b
|-activate|p2a: Torkoal|move: Protect
|-supereffective|p1b: Ceruledge
|-damage|p1a: Dondozo|0 fnt
|-damage|p1b: Ceruledge|0 fnt
|faint|p1a: Dondozo
|faint|p1b: Ceruledge
|
|win|washingtongargacha
