|j|☆Notaplaceofhonor
|j|☆Piedrer
|html|NotaplaceofhonorPiedrer    
|uhtml|bestof|Game 3 of a best-of-3
|t:|1757115073
|gametype|doubles
|player|p1|Notaplaceofhonor|juan-gen3|1156
|player|p2|Piedrer|red|1203
|gen|9
|tier|[Gen 9] VGC 2025 Reg H (Bo3)
|rated|
|rule|Species Clause: Limit one of each Pokémon
|rule|Item Clause: Limit 1 of each item
|clearpoke
|poke|p1|Dondozo, L50, F|
|poke|p1|Tatsugiri, L50, M|
|poke|p1|Glimmora, L50, F|
|poke|p1|Talonflame, L50, F|
|poke|p1|Gholdengo, L50|
|poke|p1|Annihilape, L50, F|
|poke|p2|Archaludon, L50, M|
|poke|p2|Pelipper, L50, F|
|poke|p2|Basculegion, L50, M|
|poke|p2|Amoonguss, L50, M|
|poke|p2|Tsareena, L50, F|
|poke|p2|Hydreigon, L50, M|
|teampreview|4
|showteam|p1|Dondozo||Leftovers|Unaware|Protect,WaveCrash,OrderUp,Earthquake|||F|||50|,,,,,Grass]Tatsugiri||FocusSash|Commander|Protect,DragonPulse,DracoMeteor,MuddyWater|||M|||50|,,,,,Stellar]Glimmora||PowerHerb|ToxicDebris|SpikyShield,MeteorBeam,SludgeBomb,EarthPower|||F|||50|,,,,,Grass]Talonflame||LifeOrb|GaleWings|Protect,Tailwind,BraveBird,FlareBlitz|||F|||50|,,,,,Flying]Gholdengo||ChoiceSpecs|GoodasGold|MakeItRain,ShadowBall,Thunderbolt,Trick||||||50|,,,,,Steel]Annihilape||SafetyGoggles|Defiant|CloseCombat,FinalGambit,RageFist,Taunt|||F|||50|,,,,,Fire
|showteam|p2|Archaludon||AssaultVest|Stamina|DragonPulse,ElectroShot,FlashCannon,BodyPress|||M|||50|,,,,,Bug]Pelipper||FocusSash|Drizzle|WeatherBall,Hurricane,Tailwind,Protect|||F|||50|,,,,,Ground]Basculegion||ChoiceBand|SwiftSwim|WaveCrash,LastRespects,AquaJet,FlipTurn|||M|||50|,,,,,Grass]Amoonguss||CovertCloak|Regenerator|PollenPuff,RagePowder,Spore,Protect|||M|||50|,,,,,Water]Tsareena||WideLens|QueenlyMajesty|PowerWhip,TripleAxel,Taunt,Protect|||F|||50|,,,,,Ice]Hydreigon||ChoiceSpecs|Levitate|DracoMeteor,DarkPulse,Snarl,EarthPower|||M|||50|,,,,,Ground
|j| Geav
|inactive|Battle timer is ON: inactive players will automatically lose when time's up. (requested by Piedrer)
|l| Geav
|inactive|Notaplaceofhonor has 60 seconds left.
|
|t:|1757115122
|teamsize|p1|4
|teamsize|p2|4
|start
|switch|p1a: Talonflame|Talonflame, L50, F|100/100
|switch|p1b: Dondozo|Dondozo, L50, F|100/100
|switch|p2a: Pelipper|Pelipper, L50, F|100/100
|switch|p2b: Basculegion|Basculegion, L50, M|100/100
|-weather|RainDance|[from] ability: Drizzle|[of] p2a: Pelipper
|turn|1
|inactive|Notaplaceofhonor has 30 seconds left.
|inactive|Notaplaceofhonor has 20 seconds left.
|inactive|Notaplaceofhonor has 15 seconds left.
|
|t:|1757115167
|move|p1a: Talonflame|Brave Bird|p2a: Pelipper
|-damage|p2a: Pelipper|20/100
|-damage|p1a: Talonflame|77/100|[from] Recoil
|-damage|p1a: Talonflame|67/100|[from] item: Life Orb
|move|p2b: Basculegion|Wave Crash|p1a: Talonflame
|-supereffective|p1a: Talonflame
|-damage|p1a: Talonflame|0 fnt
|faint|p1a: Talonflame
|-damage|p2b: Basculegion|84/100|[from] Recoil
|move|p2a: Pelipper|Tailwind|p2a: Pelipper
|-sidestart|p2: Piedrer|move: Tailwind
|move|p1b: Dondozo|Earthquake|p2a: Pelipper|[spread] p2b
|-immune|p2a: Pelipper
|-damage|p2b: Basculegion|62/100
|
|-weather|RainDance|[upkeep]
|upkeep
|
|t:|1757115184
|switch|p1a: Tatsugiri|Tatsugiri, L50, M|100/100
|-activate|p1a: Tatsugiri|ability: Commander|[of] p1b: Dondozo
|-boost|p1b: Dondozo|atk|2
|-boost|p1b: Dondozo|spa|2
|-boost|p1b: Dondozo|spe|2
|-boost|p1b: Dondozo|def|2
|-boost|p1b: Dondozo|spd|2
|turn|2
|
|t:|1757115199
|move|p2a: Pelipper|Protect|p2a: Pelipper
|-singleturn|p2a: Pelipper|Protect
|move|p2b: Basculegion|Wave Crash|p1b: Dondozo
|-resisted|p1b: Dondozo
|-damage|p1b: Dondozo|76/100
|-damage|p2b: Basculegion|53/100|[from] Recoil
|move|p1b: Dondozo|Earthquake|p2b: Basculegion|[spread] p2b
|-miss|p1b: Dondozo|p1a: Tatsugiri
|-activate|p2a: Pelipper|move: Protect
|-damage|p2b: Basculegion|7/100
|
|-weather|RainDance|[upkeep]
|-heal|p1b: Dondozo|82/100|[from] item: Leftovers
|upkeep
|turn|3
|
|t:|1757115217
|move|p2b: Basculegion|Wave Crash|p1b: Dondozo
|-resisted|p1b: Dondozo
|-damage|p1b: Dondozo|58/100
|-damage|p2b: Basculegion|0 fnt|[from] Recoil
|faint|p2b: Basculegion
|move|p2a: Pelipper|Hurricane|p1b: Dondozo
|-damage|p1b: Dondozo|35/100
|-start|p1b: Dondozo|confusion
|-activate|p1b: Dondozo|confusion
|move|p1b: Dondozo|Order Up|p2a: Pelipper
|-damage|p2a: Pelipper|0 fnt
|faint|p2a: Pelipper
|-boost|p1b: Dondozo|atk|1
|
|-weather|RainDance|[upkeep]
|-heal|p1b: Dondozo|41/100|[from] item: Leftovers
|upkeep
|
|t:|1757115232
|switch|p2a: Archaludon|Archaludon, L50, M|100/100
|switch|p2b: Hydreigon|Hydreigon, L50, M|100/100
|turn|4
|
|t:|1757115248
|-terastallize|p1b: Dondozo|Grass
|-end|p1b: Dondozo|confusion
|move|p1b: Dondozo|Protect|p1b: Dondozo
|-singleturn|p1b: Dondozo|Protect
|move|p2b: Hydreigon|Dark Pulse|p1b: Dondozo
|-activate|p1b: Dondozo|move: Protect
|move|p2a: Archaludon|Electro Shot||[still]
|-prepare|p2a: Archaludon|Electro Shot
|-boost|p2a: Archaludon|spa|1
|-anim|p2a: Archaludon|Electro Shot|p1b: Dondozo
|-activate|p1b: Dondozo|move: Protect
|
|-weather|RainDance|[upkeep]
|-heal|p1b: Dondozo|47/100|[from] item: Leftovers
|-sideend|p2: Piedrer|move: Tailwind
|upkeep
|turn|5
|inactive|Piedrer has 30 seconds left.
|
|t:|1757115280
|-terastallize|p2a: Archaludon|Bug
|move|p1b: Dondozo|Order Up|p2b: Hydreigon
|-supereffective|p2b: Hydreigon
|-damage|p2b: Hydreigon|0 fnt
|faint|p2b: Hydreigon
|-boost|p1b: Dondozo|atk|1
|move|p2a: Archaludon|Dragon Pulse|p1b: Dondozo
|-damage|p1b: Dondozo|26/100
|
|-weather|none
|-heal|p1b: Dondozo|32/100|[from] item: Leftovers
|upkeep
|turn|6
|
|t:|1757115293
|move|p1b: Dondozo|Protect|p1b: Dondozo
|-singleturn|p1b: Dondozo|Protect
|move|p2a: Archaludon|Dragon Pulse|p1b: Dondozo
|-activate|p1b: Dondozo|move: Protect
|
|-heal|p1b: Dondozo|38/100|[from] item: Leftovers
|upkeep
|turn|7
|
|t:|1757115301
|move|p1b: Dondozo|Wave Crash|p2a: Archaludon
|-damage|p2a: Archaludon|3/100
|-ability|p2a: Archaludon|Stamina|boost
|-boost|p2a: Archaludon|def|1
|-damage|p1b: Dondozo|11/100|[from] Recoil
|move|p2a: Archaludon|Dragon Pulse|p1b: Dondozo
|-damage|p1b: Dondozo|0 fnt
|faint|p1b: Dondozo
|
|upkeep
|
|t:|1757115308
|switch|p1b: Gholdengo|Gholdengo, L50|100/100
|turn|8
|
|t:|1757115313
|move|p1a: Tatsugiri|Dragon Pulse|p2a: Archaludon
|-damage|p2a: Archaludon|0 fnt
|faint|p2a: Archaludon
|
|win|Notaplaceofhonor
|raw|Notaplaceofhonor's rating: 1156 → 1184(+28 for winning)
|raw|Piedrer's rating: 1203 → 1175(-28 for losing)
