|j|☆camarondepeleaTTV
|j|☆Blu123456789
|html|camarondepeleaTTVBlu123456789    
|uhtml|bestof|Game 1 of a best-of-3
|t:|1757630169
|gametype|doubles
|player|p1|camarondepeleaTTV|byron|1040
|player|p2|Blu123456789|unknown|1023
|gen|9
|tier|[Gen 9] VGC 2025 Reg H (Bo3)
|rated|
|rule|Species Clause: Limit one of each Pokémon
|rule|Item Clause: Limit 1 of each item
|clearpoke
|poke|p1|Meowscarada, L50, M|
|poke|p1|Ninetales-Alola, L50, F|
|poke|p1|Primarina, L50, F|
|poke|p1|Tauros-Paldea-Blaze, L50, M|
|poke|p1|Dragonite, L50, F|
|poke|p1|Zoroark-Hisui, L50, M|
|poke|p2|Misdreavus, L50, M|
|poke|p2|Gothitelle, L50, M|
|poke|p2|Indeedee-F, L50, F|
|poke|p2|Armarouge, L50, M|
|poke|p2|Amoonguss, L50, M|
|poke|p2|Toxtricity, L50, M|
|teampreview|4
|showteam|p1|Meowscarada||LifeOrb|Protean|Protect,FlowerTrick,KnockOff,TripleAxel|||M|||50|,,,,,Grass]Ninetales-Alola||LightClay|SnowWarning|Blizzard,Moonblast,FreezeDry,AuroraVeil|||F|||50|,,,,,Dragon]Primarina||ThroatSpray|LiquidVoice|Protect,HyperVoice,Moonblast,IceBeam|||F|||50|,,,,,Ghost]Tauros-Paldea-Blaze||CovertCloak|Intimidate|CloseCombat,RagingBull,WillOWisp,Protect|||M|||50|,,,,,Fighting]Dragonite||SitrusBerry|InnerFocus|Tailwind,Protect,ExtremeSpeed,DragonTail|||F|||50|,,,,,Dragon]Zoroark-Hisui||FocusSash|Illusion|Protect,HyperVoice,ShadowBall,IcyWind|||M|||50|,,,,,Normal
|showteam|p2|Misdreavus||Eviolite|Levitate|HelpingHand,Taunt,Protect,PerishSong|||M|||50|,,,,,Dark]Gothitelle||SitrusBerry|ShadowTag|FakeOut,ExpandingForce,Protect,HealPulse|||M|||50|,,,,,Fairy]Indeedee-F||MentalHerb|PsychicSurge|FollowMe,Protect,TrickRoom,HelpingHand|||F|||50|,,,,,Fairy]Armarouge||PowerHerb|FlashFire|MeteorBeam,ArmorCannon,ExpandingForce,Protect|||M|||50|,,,,,Psychic]Amoonguss||RockyHelmet|Regenerator|SludgeBomb,Spore,PollenPuff,RagePowder|||M|||50|,,,,,Water]Toxtricity||ChoiceSpecs|PunkRock|Boomburst,Overdrive,SludgeBomb,VoltSwitch|||M|||50|,,,,,Normal
|
|t:|1757630245
|teamsize|p1|4
|teamsize|p2|4
|start
|switch|p1a: Primarina|Primarina, L50, F, shiny|100/100
|switch|p1b: Ninetales|Ninetales-Alola, L50, F|100/100
|switch|p2a: Armarouge|Armarouge, L50, M, shiny|100/100
|switch|p2b: Indeedee|Indeedee-F, L50, F, shiny|100/100
|-weather|Snowscape|[from] ability: Snow Warning|[of] p1b: Ninetales
|-fieldstart|move: Psychic Terrain|[from] ability: Psychic Surge|[of] p2b: Indeedee
|turn|1
|j| Arkhept
|l| Arkhept
|
|t:|1757630272
|-terastallize|p2a: Armarouge|Psychic
|move|p1b: Ninetales|Aurora Veil|p1b: Ninetales
|-sidestart|p1: camarondepeleaTTV|move: Aurora Veil
|move|p2a: Armarouge|Meteor Beam||[still]
|-prepare|p2a: Armarouge|Meteor Beam
|-boost|p2a: Armarouge|spa|1
|-enditem|p2a: Armarouge|Power Herb
|-anim|p2a: Armarouge|Meteor Beam|p1b: Ninetales
|-supereffective|p1b: Ninetales
|-damage|p1b: Ninetales|53/100
|move|p1a: Primarina|Hyper Voice|p2a: Armarouge|[spread] p2a,p2b
|-damage|p2a: Armarouge|61/100
|-damage|p2b: Indeedee|68/100
|-enditem|p1a: Primarina|Throat Spray
|-boost|p1a: Primarina|spa|1|[from] item: Throat Spray
|move|p2b: Indeedee|Trick Room|p2b: Indeedee
|-fieldstart|move: Trick Room|[of] p2b: Indeedee
|
|-weather|Snowscape|[upkeep]
|upkeep
|turn|2
|
|t:|1757630292
|move|p2b: Indeedee|Helping Hand|p2a: Armarouge
|-singleturn|p2a: Armarouge|Helping Hand|[of] p2b: Indeedee
|move|p1a: Primarina|Hyper Voice|p2b: Indeedee|[spread] p2a,p2b
|-damage|p2a: Armarouge|3/100
|-damage|p2b: Indeedee|22/100
|move|p2a: Armarouge|Expanding Force|p1b: Ninetales|[spread] p1a,p1b
|-damage|p1a: Primarina|13/100
|-damage|p1b: Ninetales|0 fnt
|faint|p1b: Ninetales
|
|-weather|Snowscape|[upkeep]
|upkeep
|
|t:|1757630301
|switch|p1b: Meowscarada|Meowscarada, L50, M|100/100
|turn|3
|
|t:|1757630318
|switch|p2a: Amoonguss|Amoonguss, L50, M, shiny|100/100
|move|p2b: Indeedee|Protect|p2b: Indeedee
|-singleturn|p2b: Indeedee|Protect
|move|p1b: Meowscarada|Protect|p1b: Meowscarada
|-singleturn|p1b: Meowscarada|Protect
|move|p1a: Primarina|Hyper Voice|p2a: Amoonguss|[spread] p2a
|-activate|p2b: Indeedee|move: Protect
|-resisted|p2a: Amoonguss
|-damage|p2a: Amoonguss|79/100
|
|-weather|Snowscape|[upkeep]
|upkeep
|turn|4
|
|t:|1757630334
|switch|p2b: Toxtricity|Toxtricity, L50, M, shiny|100/100
|move|p2a: Amoonguss|Spore|p1a: Primarina
|-status|p1a: Primarina|slp|[from] move: Spore
|cant|p1a: Primarina|slp
|move|p1b: Meowscarada|Hyper Voice|p2b: Toxtricity|[spread] p2a,p2b
|-damage|p2a: Amoonguss|54/100
|-damage|p2b: Toxtricity|80/100
|
|-weather|Snowscape|[upkeep]
|upkeep
|turn|5
|
|t:|1757630358
|move|p2a: Amoonguss|Spore|p1b: Meowscarada
|-status|p1b: Meowscarada|slp|[from] move: Spore
|cant|p1a: Primarina|slp
|move|p2b: Toxtricity|Overdrive|p1b: Meowscarada|[spread] p1a,p1b
|-supereffective|p1a: Primarina
|-damage|p1a: Primarina|0 fnt
|-damage|p1b: Meowscarada|13/100 slp
|replace|p1b: Zoroark|Zoroark-Hisui, L50, M
|-end|p1b: Zoroark|Illusion
|faint|p1a: Primarina
|cant|p1b: Zoroark|slp
|
|-weather|none
|-fieldend|move: Trick Room
|-fieldend|move: Psychic Terrain
|upkeep
|
|t:|1757630361
|switch|p1a: Meowscarada|Meowscarada, L50, M|100/100
|turn|6
|
|t:|1757630377
|move|p1a: Meowscarada|Triple Axel|p2a: Amoonguss
|-start|p1a: Meowscarada|typechange|Ice|[from] ability: Protean
|-supereffective|p2a: Amoonguss
|-damage|p2a: Amoonguss|29/100
|-damage|p1a: Meowscarada|84/100|[from] item: Rocky Helmet|[of] p2a: Amoonguss
|-supereffective|p2a: Amoonguss
|-damage|p2a: Amoonguss|0 fnt
|-damage|p1a: Meowscarada|67/100|[from] item: Rocky Helmet|[of] p2a: Amoonguss
|faint|p2a: Amoonguss
|-hitcount|p2: Amoonguss|2
|-damage|p1a: Meowscarada|57/100|[from] item: Life Orb
|cant|p1b: Zoroark|slp
|move|p2b: Toxtricity|Overdrive|p1a: Meowscarada|[spread] p1a,p1b
|-damage|p1a: Meowscarada|0 fnt
|-damage|p1b: Zoroark|0 fnt
|faint|p1a: Meowscarada
|faint|p1b: Zoroark
|
|win|Blu123456789
|inactive|camarondepeleaTTV has 30 seconds to confirm battle start!
|inactive|Blu123456789 has 30 seconds to confirm battle start!
|inactive|camarondepeleaTTV has 20 seconds to confirm battle start!
|inactive|Blu123456789 has 20 seconds to confirm battle start!
||Blu123456789 is ready for game 2.
|inactive|camarondepeleaTTV has 10 seconds to confirm battle start!
|l|☆camarondepeleaTTV
|player|p1|
||camarondepeleaTTV is ready for game 2.
|uhtml|next|Next: Game 2 of 3
