|j|☆bpecina03
|j|☆Yenabi
|html|bpecina03Yenabi    
|uhtml|bestof|Game 2 of a best-of-3
|t:|1756844624
|gametype|doubles
|player|p1|bpecina03|102|1113
|player|p2|Yenabi|170|1103
|gen|9
|tier|[Gen 9] VGC 2025 Reg H (Bo3)
|rated|
|rule|Species Clause: Limit one of each Pokémon
|rule|Item Clause: Limit 1 of each item
|clearpoke
|poke|p1|Tyranitar, L50, F|
|poke|p1|Annihilape, L50, M|
|poke|p1|Talonflame, L50, M|
|poke|p1|Primarina, L50, F|
|poke|p1|Incineroar, L50, M|
|poke|p1|Garchomp, L50, F|
|poke|p2|Archaludon, L50, M|
|poke|p2|Dragonite, L50, M|
|poke|p2|Pelipper, L50, M|
|poke|p2|Ursaluna, L50, F|
|poke|p2|Sinistcha, L50|
|poke|p2|Gholdengo, L50|
|teampreview|4
|showteam|p1|Tyranitar||AssaultVest|SandStream|RockSlide,TeraBlast,KnockOff,LowKick|||F|||50|,,,,,Flying]Annihilape||SitrusBerry|VitalSpirit|RageFist,Protect,BulkUp,DrainPunch|||M|||50|,,,,,Grass]Talonflame||CovertCloak|FlameBody|Tailwind,BraveBird,WillOWisp,Protect|||M|||50|,,,,,Grass]Primarina||ThroatSpray|LiquidVoice|HyperVoice,Haze,Moonblast,Protect|||F|||50|,,,,,Steel]Incineroar||SafetyGoggles|Intimidate|FakeOut,KnockOff,FlareBlitz,PartingShot|||M|||50|,,,,,Ghost]Garchomp||LifeOrb|SandVeil|StompingTantrum,Earthquake,Protect,DragonClaw|||F|||50|,,,,,Ground
|showteam|p2|Archaludon||AssaultVest|Stamina|FlashCannon,BodyPress,ElectroShot,Snarl|||M|||50|,,,,,Fighting]Dragonite||LoadedDice|Multiscale|ScaleShot,Tailwind,Haze,Protect|||M|||50|,,,,,Fairy]Pelipper||FocusSash|Drizzle|MuddyWater,Hurricane,Tailwind,Protect|||M|||50|,,,,,Ghost]Ursaluna||FlameOrb|Guts|Facade,HeadlongRush,Earthquake,Protect|||F|||50|,,,,,Ghost]Sinistcha||SitrusBerry|Hospitality|MatchaGotcha,LifeDew,RagePowder,TrickRoom||||||50|,,,,,Dark]Gholdengo||ChoiceScarf|GoodasGold|MakeItRain,ShadowBall,PowerGem,Trick||||||50|,,,,,Flying
|
|t:|1756844679
|teamsize|p1|4
|teamsize|p2|4
|start
|switch|p1a: Annihilape|Annihilape, L50, M|100/100
|switch|p1b: Tyranitar|Tyranitar, L50, F|100/100
|switch|p2a: Archaludon|Archaludon, L50, M|100/100
|switch|p2b: Gholdengo|Gholdengo, L50|100/100
|-weather|Sandstorm|[from] ability: Sand Stream|[of] p1b: Tyranitar
|turn|1
|
|t:|1756844701
|switch|p2b: Pelipper|Pelipper, L50, M, shiny|100/100
|-weather|RainDance|[from] ability: Drizzle|[of] p2b: Pelipper
|move|p1a: Annihilape|Bulk Up|p1a: Annihilape
|-boost|p1a: Annihilape|atk|1
|-boost|p1a: Annihilape|def|1
|move|p2a: Archaludon|Body Press|p1b: Tyranitar
|-supereffective|p1b: Tyranitar
|-damage|p1b: Tyranitar|12/100
|move|p1b: Tyranitar|Knock Off|p2b: Pelipper
|-damage|p2b: Pelipper|23/100
|-enditem|p2b: Pelipper|Focus Sash|[from] move: Knock Off|[of] p1b: Tyranitar
|
|-weather|RainDance|[upkeep]
|upkeep
|turn|2
|
|t:|1756844740
|switch|p2b: Sinistcha|Sinistcha, L50|100/100
|-terastallize|p2a: Archaludon|Fighting
|-terastallize|p1b: Tyranitar|Flying
|move|p1a: Annihilape|Bulk Up|p1a: Annihilape
|-boost|p1a: Annihilape|atk|1
|-boost|p1a: Annihilape|def|1
|move|p2a: Archaludon|Electro Shot||[still]
|-prepare|p2a: Archaludon|Electro Shot
|-boost|p2a: Archaludon|spa|1
|-anim|p2a: Archaludon|Electro Shot|p1a: Annihilape
|-damage|p1a: Annihilape|53/100
|move|p1b: Tyranitar|Rock Slide|p2b: Sinistcha|[spread] p2a,p2b
|-resisted|p2a: Archaludon
|-damage|p2a: Archaludon|90/100
|-damage|p2b: Sinistcha|73/100
|-ability|p2a: Archaludon|Stamina|boost
|-boost|p2a: Archaludon|def|1
|
|-weather|RainDance|[upkeep]
|upkeep
|turn|3
|
|t:|1756844771
|move|p1a: Annihilape|Protect|p1a: Annihilape
|-singleturn|p1a: Annihilape|Protect
|move|p2b: Sinistcha|Rage Powder|p2b: Sinistcha
|-singleturn|p2b: Sinistcha|move: Rage Powder
|move|p2a: Archaludon|Electro Shot||[still]
|-prepare|p2a: Archaludon|Electro Shot
|-boost|p2a: Archaludon|spa|1
|-anim|p2a: Archaludon|Electro Shot|p1a: Annihilape
|-activate|p1a: Annihilape|move: Protect
|move|p1b: Tyranitar|Tera Blast|p2b: Sinistcha|[anim] Tera Blast Flying
|-supereffective|p2b: Sinistcha
|-damage|p2b: Sinistcha|0 fnt
|faint|p2b: Sinistcha
|
|-weather|RainDance|[upkeep]
|upkeep
|
|t:|1756844774
|switch|p2b: Gholdengo|Gholdengo, L50|100/100
|turn|4
|
|t:|1756844792
|move|p2b: Gholdengo|Shadow Ball|p1a: Annihilape
|-supereffective|p1a: Annihilape
|-damage|p1a: Annihilape|0 fnt
|faint|p1a: Annihilape
|move|p2a: Archaludon|Electro Shot||[still]
|-prepare|p2a: Archaludon|Electro Shot
|-boost|p2a: Archaludon|spa|1
|-anim|p2a: Archaludon|Electro Shot|p1b: Tyranitar
|-supereffective|p1b: Tyranitar
|-damage|p1b: Tyranitar|0 fnt
|faint|p1b: Tyranitar
|
|-weather|RainDance|[upkeep]
|upkeep
|
|t:|1756844803
|switch|p1a: Primarina|Primarina, L50, F|100/100
|switch|p1b: Incineroar|Incineroar, L50, M|100/100
|-ability|p1b: Incineroar|Intimidate|boost
|-unboost|p2a: Archaludon|atk|1
|-unboost|p2b: Gholdengo|atk|1
|turn|5
|
|t:|1756844818
|switch|p2b: Pelipper|Pelipper, L50, M, shiny|23/100
|move|p1a: Primarina|Haze|p1a: Primarina
|-clearallboost
|move|p2a: Archaludon|Body Press|p1b: Incineroar
|-supereffective|p1b: Incineroar
|-damage|p1b: Incineroar|23/100
|move|p1b: Incineroar|Flare Blitz|p2b: Pelipper
|-resisted|p2b: Pelipper
|-damage|p2b: Pelipper|7/100
|-damage|p1b: Incineroar|20/100|[from] Recoil
|
|-weather|none
|upkeep
|turn|6
|
|t:|1756844838
|move|p2b: Pelipper|Muddy Water|p1a: Primarina|[spread] p1a,p1b
|-resisted|p1a: Primarina
|-supereffective|p1b: Incineroar
|-damage|p1a: Primarina|86/100
|-damage|p1b: Incineroar|0 fnt
|faint|p1b: Incineroar
|move|p1a: Primarina|Hyper Voice|p2a: Archaludon|[spread] p2a,p2b
|-resisted|p2b: Pelipper
|-damage|p2a: Archaludon|68/100
|-damage|p2b: Pelipper|0 fnt
|-ability|p2a: Archaludon|Stamina|boost
|-boost|p2a: Archaludon|def|1
|faint|p2b: Pelipper
|-enditem|p1a: Primarina|Throat Spray
|-boost|p1a: Primarina|spa|1|[from] item: Throat Spray
|move|p2a: Archaludon|Flash Cannon|p1a: Primarina
|-damage|p1a: Primarina|50/100
|
|upkeep
|-message|bpecina03 forfeited.
|raw|bpecina03's rating: 1113 → 1087(-26 for losing)
|raw|Yenabi's rating: 1103 → 1129(+26 for winning)
|
|win|Yenabi
