|j|☆florb morb
|j|☆strifesada
|html|florb morbstrifesada    
|uhtml|bestof|Game 1 of a best-of-3
|t:|1784239345
|gametype|doubles
|player|p1|florb morb|benga|1126
|player|p2|strifesada|piers|1299
|gen|9
|tier|[Gen 9 Champions] VGC 2026 Reg M-B (Bo3)
|rated|
|rule|Species Clause: Limit one of each Pokémon
|rule|Item Clause: Limit 1 of each item
|clearpoke
|poke|p1|Raichu, L50, M|
|poke|p1|Aerodactyl, L50, F|
|poke|p1|Hydreigon, L50, M|
|poke|p1|Sneasler, L50, F|
|poke|p1|Sylveon, L50, M|
|poke|p1|Kingambit, L50, F|
|poke|p2|Raichu, L50, M|
|poke|p2|Incineroar, L50, M|
|poke|p2|Sylveon, L50, F|
|poke|p2|Whimsicott, L50, M|
|poke|p2|Mamoswine, L50, F|
|poke|p2|Basculegion, L50, M|
|teampreview|4
|showteam|p1|Raichu||RaichuniteY|Static|ZapCannon,FocusBlast,FakeOut,Protect|Timid||M|||50|]Aerodactyl||ChartiBerry|Unnerve|Tailwind,RockSlide,WideGuard,DualWingbeat|Jolly||F|||50|]Hydreigon||ChoiceScarf|Levitate|DracoMeteor,DarkPulse,HeatWave,FlashCannon|Modest||M|||50|]Sneasler||WhiteHerb|Unburden|FakeOut,DireClaw,CloseCombat,Protect|Jolly||F|||50|]Sylveon||LifeOrb|Pixilate|HyperBeam,HyperVoice,QuickAttack,Protect|Timid||M|||50|]Kingambit||FocusSash|Defiant|SuckerPunch,LowKick,KowtowCleave,Protect|Adamant||F|||50|
|showteam|p2|Raichu||RaichuniteY|LightningRod|ZapCannon,FocusBlast,FakeOut,Protect|Timid||M|||50|]Incineroar||PasshoBerry|Intimidate|FakeOut,FlareBlitz,DarkestLariat,PartingShot|Careful||M|||50|]Sylveon||FairyFeather|Pixilate|HyperVoice,CalmMind,QuickAttack,Protect|Modest||F|||50|]Whimsicott||FocusSash|Prankster|Encore,Protect,Tailwind,EnergyBall|Timid||M|||50|]Mamoswine||LifeOrb|Oblivious|HighHorsepower,IceShard,IcicleCrash,Protect|Adamant||F|||50|]Basculegion||MysticWater|Adaptability|WaveCrash,Protect,AquaJet,LastRespects|Adamant||M|||50|
|
|t:|1784239377
|teamsize|p1|4
|teamsize|p2|4
|start
|switch|p1a: Raichu|Raichu, L50, M|100/100
|switch|p1b: Sneasler|Sneasler, L50, F|100/100
|switch|p2a: Raichu|Raichu, L50, M|100/100
|switch|p2b: Sylveon|Sylveon, L50, F|100/100
|turn|1
|
|t:|1784239412
|switch|p2b: Mamoswine|Mamoswine, L50, F|100/100
|detailschange|p1a: Raichu|Raichu-Mega-Y, L50, M
|-mega|p1a: Raichu|Raichu|Raichunite Y
|detailschange|p2a: Raichu|Raichu-Mega-Y, L50, M
|-mega|p2a: Raichu|Raichu|Raichunite Y
|move|p2a: Raichu|Protect|p2a: Raichu
|-singleturn|p2a: Raichu|Protect
|move|p1a: Raichu|Fake Out|p2b: Mamoswine
|-damage|p2b: Mamoswine|89/100
|move|p1b: Sneasler|Dire Claw|p2b: Mamoswine
|-resisted|p2b: Mamoswine|1
|-damage|p2b: Mamoswine|65/100
|-status|p2b: Mamoswine|psn
|
|-damage|p2b: Mamoswine|53/100 psn|[from] psn
|upkeep
|turn|2
|
|t:|1784239434
|move|p1a: Raichu|Focus Blast|p2b: Mamoswine
|-supereffective|p2b: Mamoswine|1
|-damage|p2b: Mamoswine|0 fnt
|faint|p2b: Mamoswine
|move|p2a: Raichu|Zap Cannon|p1b: Sneasler
|-damage|p1b: Sneasler|21/100
|-status|p1b: Sneasler|par
|cant|p1b: Sneasler|par
|
|upkeep
|
|t:|1784239446
|switch|p2b: Sylveon|Sylveon, L50, F|100/100
|turn|3
|
|t:|1784239456
|move|p1a: Raichu|Protect|p1a: Raichu
|-singleturn|p1a: Raichu|Protect
|move|p2a: Raichu|Zap Cannon|p1b: Sneasler
|-damage|p1b: Sneasler|0 fnt
|faint|p1b: Sneasler
|move|p2b: Sylveon|Calm Mind|p2b: Sylveon
|-boost|p2b: Sylveon|spa|1
|-boost|p2b: Sylveon|spd|1
|
|upkeep
|
|t:|1784239468
|switch|p1b: Kingambit|Kingambit, L50, F|100/100
|turn|4
|
|t:|1784239475
|move|p1b: Kingambit|Sucker Punch|p2a: Raichu
|-damage|p2a: Raichu|36/100
|move|p1a: Raichu|Zap Cannon|p2b: Sylveon
|-damage|p2b: Sylveon|65/100
|-status|p2b: Sylveon|par
|move|p2a: Raichu|Focus Blast|p1b: Kingambit
|-supereffective|p1b: Kingambit|2
|-enditem|p1b: Kingambit|Focus Sash
|-damage|p1b: Kingambit|1/100
|cant|p2b: Sylveon|par
|
|upkeep
|turn|5
|
|t:|1784239500
|switch|p2a: Whimsicott|Whimsicott, L50, M|100/100
|move|p1b: Kingambit|Sucker Punch||[still]
|-fail|p1b: Kingambit
|move|p1a: Raichu|Zap Cannon|p2a: Whimsicott
|-resisted|p2a: Whimsicott|1
|-damage|p2a: Whimsicott|56/100
|-status|p2a: Whimsicott|par
|move|p2b: Sylveon|Hyper Voice|p1a: Raichu|[spread] p1a,p1b
|-damage|p1a: Raichu|13/100
|-damage|p1b: Kingambit|0 fnt
|faint|p1b: Kingambit
|
|upkeep
|
|t:|1784239504
|switch|p1b: Sylveon|Sylveon, L50, M|100/100
|turn|6
|
|t:|1784239526
|move|p2a: Whimsicott|Tailwind|p2a: Whimsicott
|-sidestart|p2: strifesada|move: Tailwind
|move|p2b: Sylveon|Quick Attack|p1a: Raichu
|-damage|p1a: Raichu|0 fnt
|faint|p1a: Raichu
|move|p1b: Sylveon|Hyper Voice|p2b: Sylveon|[spread] p2a,p2b
|-damage|p2a: Whimsicott|0 fnt
|-damage|p2b: Sylveon|37/100 par
|faint|p2a: Whimsicott
|-damage|p1b: Sylveon|90/100|[from] item: Life Orb
|
|upkeep
|
|t:|1784239554
|switch|p2a: Raichu|Raichu-Mega-Y, L50, M|36/100
|turn|7
|
|t:|1784239562
|move|p2a: Raichu|Zap Cannon|p1b: Sylveon
|-damage|p1b: Sylveon|32/100
|-status|p1b: Sylveon|par
|move|p2b: Sylveon|Hyper Voice|p1b: Sylveon
|-damage|p1b: Sylveon|0 fnt
|faint|p1b: Sylveon
|
|win|strifesada
