|j|☆ApostrofoRosaVGC
|j|☆crudo de fava
|html|ApostrofoRosaVGCcrudo de fava    
|uhtml|bestof|Game 1 of a best-of-3
|t:|1756467266
|gametype|doubles
|player|p1|ApostrofoRosaVGC|2|1322
|player|p2|crudo de fava|ingo|1298
|gen|9
|tier|[Gen 9] VGC 2025 Reg H (Bo3)
|rated|
|rule|Species Clause: Limit one of each Pokémon
|rule|Item Clause: Limit 1 of each item
|clearpoke
|poke|p1|Basculegion, L50, M|
|poke|p1|Gholdengo, L50|
|poke|p1|Archaludon, L50, M|
|poke|p1|Pelipper, L50, M|
|poke|p1|Incineroar, L50, M|
|poke|p1|Amoonguss, L50, M|
|poke|p2|Charizard, L50, F|
|poke|p2|Torkoal, L50, M|
|poke|p2|Porygon2, L50|
|poke|p2|Incineroar, L50, M|
|poke|p2|Jumpluff, L50, F|
|poke|p2|Ursaluna, L50, F|
|teampreview|4
|showteam|p1|Basculegion||ChoiceBand|SwiftSwim|WaveCrash,LastRespects,FlipTurn,AquaJet|||M|||50|,,,,,Water]Gholdengo||LifeOrb|GoodasGold|MakeItRain,ShadowBall,NastyPlot,Protect||||||50|,,,,,Water]Archaludon||AssaultVest|Stamina|FlashCannon,DracoMeteor,ElectroShot,BodyPress|||M|||50|,,,,,Bug]Pelipper||FocusSash|Drizzle|WeatherBall,Hurricane,Tailwind,Protect|||M|||50|,,,,,Ground]Incineroar||SafetyGoggles|Intimidate|FlareBlitz,KnockOff,FakeOut,PartingShot|||M|||50|,,,,,Ghost]Amoonguss||CovertCloak|Regenerator|PollenPuff,Spore,RagePowder,Protect|||M|||50|,,,,,Fairy
|showteam|p2|Charizard||ChoiceSpecs|SolarPower|HeatWave,Overheat,WeatherBall,AirSlash|||F|||50|,,,,,Ghost]Torkoal||EjectPack|Drought|Eruption,Overheat,HelpingHand,Protect|||M|||50|,,,,,Fire]Porygon2||Eviolite|Download|TeraBlast,IceBeam,Recover,TrickRoom||||||50|,,,,,Fighting]Incineroar||SitrusBerry|Intimidate|FlareBlitz,KnockOff,FakeOut,PartingShot|||M|||50|,,,,,Ghost]Jumpluff||CovertCloak|Chlorophyll|SleepPowder,SunnyDay,RagePowder,Tailwind|||F|||50|,,,,,Water]Ursaluna||FlameOrb|Guts|HeadlongRush,Facade,Earthquake,Protect|||F|||50|,,,,,Ghost
|inactive|Battle timer is ON: inactive players will automatically lose when time's up. (requested by crudo de fava)
|
|t:|1756467303
|teamsize|p1|4
|teamsize|p2|4
|start
|switch|p1a: Incineroar|Incineroar, L50, M|100/100
|switch|p1b: Amoonguss|Amoonguss, L50, M|100/100
|switch|p2a: Jumpluff|Jumpluff, L50, F|100/100
|switch|p2b: Torkoal|Torkoal, L50, M|100/100
|-ability|p1a: Incineroar|Intimidate|boost
|-unboost|p2a: Jumpluff|atk|1
|-unboost|p2b: Torkoal|atk|1
|-weather|SunnyDay|[from] ability: Drought|[of] p2b: Torkoal
|-enditem|p2b: Torkoal|Eject Pack
|inactive|crudo de fava has 30 seconds left.
|inactive|crudo de fava has 20 seconds left.
|
|t:|1756467340
|switch|p2b: Charizard|Charizard, L50, F|100/100
|turn|1
|inactive|ApostrofoRosaVGC has 30 seconds left.
|
|t:|1756467368
|switch|p1b: Pelipper|Pelipper, L50, M|100/100
|-weather|RainDance|[from] ability: Drizzle|[of] p1b: Pelipper
|-terastallize|p2b: Charizard|Ghost
|move|p2a: Jumpluff|Sunny Day|p2a: Jumpluff
|-weather|SunnyDay
|move|p2b: Charizard|Heat Wave|p1a: Incineroar|[spread] p1a,p1b
|-resisted|p1a: Incineroar
|-resisted|p1b: Pelipper
|-damage|p1a: Incineroar|56/100
|-damage|p1b: Pelipper|3/100
|move|p1a: Incineroar|Knock Off|p2b: Charizard
|-supereffective|p2b: Charizard
|-damage|p2b: Charizard|0 fnt
|-enditem|p2b: Charizard|Choice Specs|[from] move: Knock Off|[of] p1a: Incineroar
|faint|p2b: Charizard
|
|-weather|SunnyDay|[upkeep]
|upkeep
|
|t:|1756467387
|switch|p2b: Ursaluna|Ursaluna, L50, F|100/100
|turn|2
|
|t:|1756467410
|switch|p1b: Basculegion|Basculegion, L50, M|100/100
|switch|p1a: Amoonguss|Amoonguss, L50, M|100/100
|move|p2a: Jumpluff|Tailwind|p2a: Jumpluff
|-sidestart|p2: crudo de fava|move: Tailwind
|move|p2b: Ursaluna|Headlong Rush|p1a: Amoonguss
|-damage|p1a: Amoonguss|46/100
|-unboost|p2b: Ursaluna|def|1
|-unboost|p2b: Ursaluna|spd|1
|
|-weather|SunnyDay|[upkeep]
|-status|p2b: Ursaluna|brn|[from] item: Flame Orb
|upkeep
|turn|3
|inactive|ApostrofoRosaVGC has 30 seconds left.
|inactive|crudo de fava has 30 seconds left.
|
|t:|1756467438
|switch|p1b: Incineroar|Incineroar, L50, M|56/100
|-ability|p1b: Incineroar|Intimidate|boost
|-unboost|p2a: Jumpluff|atk|1
|-unboost|p2b: Ursaluna|atk|1
|move|p1a: Amoonguss|Protect|p1a: Amoonguss
|-singleturn|p1a: Amoonguss|Protect
|move|p2a: Jumpluff|Sleep Powder|p1b: Incineroar
|-activate|p1b: Incineroar|item: Safety Goggles|Sleep Powder
|move|p2b: Ursaluna|Earthquake|p1b: Incineroar|[spread] p1b
|-activate|p1a: Amoonguss|move: Protect
|-immune|p2a: Jumpluff
|-supereffective|p1b: Incineroar
|-crit|p1b: Incineroar
|-damage|p1b: Incineroar|0 fnt
|faint|p1b: Incineroar
|
|-weather|SunnyDay|[upkeep]
|-damage|p2b: Ursaluna|95/100 brn|[from] brn
|upkeep
|
|t:|1756467456
|switch|p1b: Basculegion|Basculegion, L50, M|100/100
|turn|4
|
|t:|1756467475
|switch|p1a: Pelipper|Pelipper, L50, M|3/100
|-weather|RainDance|[from] ability: Drizzle|[of] p1a: Pelipper
|move|p2b: Ursaluna|Protect|p2b: Ursaluna
|-singleturn|p2b: Ursaluna|Protect
|move|p2a: Jumpluff|Sleep Powder|p1b: Basculegion|[miss]
|-miss|p2a: Jumpluff|p1b: Basculegion
|move|p1b: Basculegion|Wave Crash|p2b: Ursaluna
|-activate|p2b: Ursaluna|move: Protect
|
|-weather|RainDance|[upkeep]
|-damage|p2b: Ursaluna|89/100 brn|[from] brn
|upkeep
|turn|5
|
|t:|1756467494
|switch|p1b: Amoonguss|Amoonguss, L50, M|79/100
|move|p2a: Jumpluff|Sleep Powder|p1b: Amoonguss
|-immune|p1b: Amoonguss
|move|p2b: Ursaluna|Facade|p1a: Pelipper
|-damage|p1a: Pelipper|0 fnt
|faint|p1a: Pelipper
|
|-weather|RainDance|[upkeep]
|-damage|p2b: Ursaluna|83/100 brn|[from] brn
|-sideend|p2: crudo de fava|move: Tailwind
|upkeep
|
|t:|1756467503
|switch|p1a: Basculegion|Basculegion, L50, M|100/100
|turn|6
|
|t:|1756467527
|switch|p2b: Torkoal|Torkoal, L50, M|100/100
|-weather|SunnyDay|[from] ability: Drought|[of] p2b: Torkoal
|-terastallize|p1a: Basculegion|Water
|move|p2a: Jumpluff|Sleep Powder|p1a: Basculegion
|-status|p1a: Basculegion|slp|[from] move: Sleep Powder
|cant|p1a: Basculegion|slp
|move|p1b: Amoonguss|Spore|p2b: Torkoal
|-status|p2b: Torkoal|slp|[from] move: Spore
|
|-weather|SunnyDay|[upkeep]
|upkeep
|turn|7
|inactive|crudo de fava has 30 seconds left.
|
|t:|1756467552
|move|p2a: Jumpluff|Tailwind|p2a: Jumpluff
|-sidestart|p2: crudo de fava|move: Tailwind
|-curestatus|p1a: Basculegion|slp|[msg]
|move|p1a: Basculegion|Wave Crash|p2b: Torkoal
|-supereffective|p2b: Torkoal
|-damage|p2b: Torkoal|10/100 slp
|-damage|p1a: Basculegion|73/100|[from] Recoil
|cant|p2b: Torkoal|slp
|move|p1b: Amoonguss|Pollen Puff|p2a: Jumpluff
|-damage|p2a: Jumpluff|81/100
|
|-weather|SunnyDay|[upkeep]
|upkeep
|turn|8
|inactive|ApostrofoRosaVGC has 30 seconds left.
|
|t:|1756467583
|move|p2a: Jumpluff|Sleep Powder|p1a: Basculegion|[miss]
|-miss|p2a: Jumpluff|p1a: Basculegion
|move|p1a: Basculegion|Wave Crash|p2a: Jumpluff
|-resisted|p2a: Jumpluff
|-damage|p2a: Jumpluff|41/100
|-damage|p1a: Basculegion|61/100|[from] Recoil
|cant|p2b: Torkoal|slp
|move|p1b: Amoonguss|Pollen Puff|p1a: Basculegion
|-heal|p1a: Basculegion|100/100
|
|-weather|SunnyDay|[upkeep]
|upkeep
|turn|9
|
|t:|1756467607
|move|p2a: Jumpluff|Sleep Powder|p1a: Basculegion
|-status|p1a: Basculegion|slp|[from] move: Sleep Powder
|cant|p1a: Basculegion|slp
|cant|p2b: Torkoal|slp
|move|p1b: Amoonguss|Pollen Puff|p2a: Jumpluff
|-damage|p2a: Jumpluff|21/100
|
|-weather|SunnyDay|[upkeep]
|upkeep
|turn|10
|inactive|crudo de fava has 30 seconds left.
|
|t:|1756467633
|move|p1b: Amoonguss|Protect|p1b: Amoonguss
|-singleturn|p1b: Amoonguss|Protect
|move|p2a: Jumpluff|Sleep Powder|p1a: Basculegion|[miss]
|-miss|p2a: Jumpluff|p1a: Basculegion
|cant|p1a: Basculegion|slp
|-curestatus|p2b: Torkoal|slp|[msg]
|move|p2b: Torkoal|Overheat|p1b: Amoonguss
|-activate|p1b: Amoonguss|move: Protect
|
|-weather|none
|-sideend|p2: crudo de fava|move: Tailwind
|upkeep
|turn|11
|inactive|ApostrofoRosaVGC has 30 seconds left.
|
|t:|1756467667
|move|p2a: Jumpluff|Sunny Day|p2a: Jumpluff
|-weather|SunnyDay
|-curestatus|p1a: Basculegion|slp|[msg]
|move|p1a: Basculegion|Wave Crash|p2a: Jumpluff
|-resisted|p2a: Jumpluff
|-damage|p2a: Jumpluff|0 fnt
|faint|p2a: Jumpluff
|-damage|p1a: Basculegion|94/100|[from] Recoil
|move|p1b: Amoonguss|Pollen Puff|p2b: Torkoal
|-resisted|p2b: Torkoal
|-damage|p2b: Torkoal|0 fnt
|faint|p2b: Torkoal
|
|-weather|SunnyDay|[upkeep]
|upkeep
|
|t:|1756467674
|switch|p2b: Ursaluna|Ursaluna, L50, F|83/100 brn
|turn|12
|
|t:|1756467690
|move|p1b: Amoonguss|Rage Powder|p1b: Amoonguss
|-singleturn|p1b: Amoonguss|move: Rage Powder
|move|p1a: Basculegion|Wave Crash|p2b: Ursaluna
|-supereffective|p2b: Ursaluna
|-damage|p2b: Ursaluna|0 fnt
|faint|p2b: Ursaluna
|-damage|p1a: Basculegion|63/100|[from] Recoil
|
|win|ApostrofoRosaVGC
||ApostrofoRosaVGC is ready for game 2.
|inactive|crudo de fava has 30 seconds to confirm battle start!
||crudo de fava is ready for game 2.
|uhtml|next|Next: Game 2 of 3
