|j|☆wodaiogien
|j|‽TM06ssb
|html|wodaiogienTM06ssb    
|uhtml|bestof|Game 2 of a best-of-3
|t:|1782332231
|gametype|doubles
|player|p1|wodaiogien|2|1131
|player|p2|TM06ssb|morty|1061
|gen|9
|tier|[Gen 9 Champions] VGC 2026 Reg M-B (Bo3)
|rated|
|rule|Species Clause: Limit one of each Pokémon
|rule|Item Clause: Limit 1 of each item
|clearpoke
|poke|p1|Talonflame, L50, M|
|poke|p1|Tsareena, L50, F|
|poke|p1|Raichu, L50, M|
|poke|p1|Basculegion, L50, M|
|poke|p1|Kingambit, L50, F|
|poke|p1|Sneasler, L50, F|
|poke|p2|Gengar, L50, F, shiny|
|poke|p2|Sinistcha, L50|
|poke|p2|Kingambit, L50, F|
|poke|p2|Incineroar, L50, M|
|poke|p2|Ninetales-Alola, L50, M, shiny|
|poke|p2|Sneasler, L50, M|
|teampreview|4
|showteam|p1|Talonflame||FocusSash|GaleWings|DualWingbeat,Tailwind,FlareBlitz,Protect|Jolly||M|||50|]Tsareena||WideLens|QueenlyMajesty|TripleAxel,TropKick,HighJumpKick,Protect|Adamant||F|||50|]Raichu||RaichuniteY|LightningRod|Protect,ZapCannon,FocusBlast,FakeOut|Timid||M|||50|]Basculegion||LifeOrb|Adaptability|WaveCrash,AquaJet,LastRespects,Protect|Adamant||M|||50|]Kingambit||ChopleBerry|Defiant|KowtowCleave,SuckerPunch,IronHead,Protect|Adamant||F|||50|]Sneasler||WhiteHerb|Unburden|Protect,DireClaw,CloseCombat,FakeOut|Adamant||F|||50|
|showteam|p2|Gengar||Gengarite|CursedBody|ShadowBall,SludgeBomb,PerishSong,Protect|Timid||F|||50|]Sinistcha||Leftovers|Hospitality|MatchaGotcha,RagePowder,TrickRoom,LifeDew|Bold|||||50|]Kingambit||ChopleBerry|Defiant|KowtowCleave,SuckerPunch,IronHead,Protect|Adamant||F|||50|]Incineroar||SitrusBerry|Intimidate|FakeOut,PartingShot,FlareBlitz,Protect|Careful||M|||50|]Ninetales-Alola||FocusSash|SnowWarning|AuroraVeil,IcyWind,Blizzard,Encore|Timid||M|||50|]Sneasler||WhiteHerb|Unburden|CloseCombat,DireClaw,FakeOut,Protect|Jolly||M|||50|
|inactive|Battle timer is ON: inactive players will automatically lose when time's up. (requested by wodaiogien)
|inactive|wodaiogien has 60 seconds left.
|
|t:|1782332285
|teamsize|p1|4
|teamsize|p2|4
|start
|switch|p1a: Tsareena|Tsareena, L50, F|100/100
|switch|p1b: Kingambit|Kingambit, L50, F|100/100
|switch|p2a: Gengar|Gengar, L50, F, shiny|100/100
|switch|p2b: Sneasler|Sneasler, L50, M|100/100
|turn|1
|inactive|TM06ssb has 30 seconds left.
|
|t:|1782332313
|switch|p1b: Basculegion|Basculegion, L50, M|100/100
|detailschange|p2a: Gengar|Gengar-Mega, L50, F, shiny
|-mega|p2a: Gengar|Gengar|Gengarite
|move|p2b: Sneasler|Fake Out||[still]
|cant|p1a: Tsareena|ability: Queenly Majesty|Fake Out|[of] p2b: Sneasler
|move|p2a: Gengar|Perish Song|p2a: Gengar
|-start|p1a: Tsareena|perish3|[silent]
|-start|p1b: Basculegion|perish3|[silent]
|-start|p2a: Gengar|perish3|[silent]
|-start|p2b: Sneasler|perish3|[silent]
|-fieldactivate|move: Perish Song
|move|p1a: Tsareena|Triple Axel|p2b: Sneasler
|-damage|p2b: Sneasler|89/100
|-damage|p2b: Sneasler|64/100
|-damage|p2b: Sneasler|32/100
|-hitcount|p2b: Sneasler|3
|
|-start|p2a: Gengar|perish3
|-start|p2b: Sneasler|perish3
|-start|p1b: Basculegion|perish3
|-start|p1a: Tsareena|perish3
|upkeep
|turn|2
|inactive|wodaiogien has 30 seconds left.
|
|t:|1782332340
|move|p2a: Gengar|Protect|p2a: Gengar
|-singleturn|p2a: Gengar|Protect
|move|p2b: Sneasler|Dire Claw|p1a: Tsareena
|-supereffective|p1a: Tsareena|1
|-damage|p1a: Tsareena|6/100
|move|p1b: Basculegion|Wave Crash|p2a: Gengar
|-activate|p2a: Gengar|move: Protect
|move|p1a: Tsareena|Triple Axel|p2b: Sneasler
|-damage|p2b: Sneasler|21/100
|-damage|p2b: Sneasler|0 fnt
|faint|p2b: Sneasler
|-hitcount|p2: Sneasler|2
|
|-start|p2a: Gengar|perish2
|-start|p1b: Basculegion|perish2
|-start|p1a: Tsareena|perish2
|upkeep
|
|t:|1782332356
|switch|p2b: Incineroar|Incineroar, L50, M|100/100
|-ability|p2b: Incineroar|Intimidate|boost
|-unboost|p1a: Tsareena|atk|1
|-unboost|p1b: Basculegion|atk|1
|turn|3
|
|t:|1782332374
|switch|p2a: Sinistcha|Sinistcha, L50|100/100
|move|p1a: Tsareena|High Jump Kick|p2b: Incineroar
|-supereffective|p2b: Incineroar|1
|-damage|p2b: Incineroar|52/100
|move|p1b: Basculegion|Wave Crash|p2a: Sinistcha
|-resisted|p2a: Sinistcha|1
|-crit|p2a: Sinistcha
|-damage|p2a: Sinistcha|34/100
|-damage|p1b: Basculegion|82/100|[from] Recoil
|-damage|p1b: Basculegion|72/100|[from] item: Life Orb
|move|p2b: Incineroar|Parting Shot|p1b: Basculegion
|-unboost|p1b: Basculegion|atk|1
|-unboost|p1b: Basculegion|spa|1
|
|t:|1782332387
|switch|p2b: Gengar|Gengar-Mega, L50, F, shiny|100/100|[from] Parting Shot
|
|-heal|p2a: Sinistcha|41/100|[from] item: Leftovers
|-start|p1b: Basculegion|perish1
|-start|p1a: Tsareena|perish1
|upkeep
|turn|4
|
|t:|1782332401
|switch|p1b: Kingambit|Kingambit, L50, F|100/100
|switch|p2a: Incineroar|Incineroar, L50, M|52/100
|-ability|p2a: Incineroar|Intimidate|boost
|-unboost|p1a: Tsareena|atk|1
|-unboost|p1b: Kingambit|atk|1
|-ability|p1b: Kingambit|Defiant|boost
|-boost|p1b: Kingambit|atk|2
|move|p2b: Gengar|Protect|p2b: Gengar
|-singleturn|p2b: Gengar|Protect
|move|p1a: Tsareena|Triple Axel|p2a: Incineroar
|-resisted|p2a: Incineroar|1
|-damage|p2a: Incineroar|50/100g
|-resisted|p2a: Incineroar|1
|-damage|p2a: Incineroar|48/100
|-enditem|p2a: Incineroar|Sitrus Berry|[eat]
|-heal|p2a: Incineroar|72/100|[from] item: Sitrus Berry
|-resisted|p2a: Incineroar|1
|-damage|p2a: Incineroar|68/100
|-hitcount|p2a: Incineroar|3
|
|-start|p1a: Tsareena|perish0
|faint|p1a: Tsareena
|upkeep
|inactive|wodaiogien has 30 seconds left.
|
|t:|1782332427
|switch|p1a: Talonflame|Talonflame, L50, M|100/100
|turn|5
|
|t:|1782332445
|switch|p2b: Sinistcha|Sinistcha, L50|41/100
|-heal|p2a: Incineroar|93/100|[from] ability: Hospitality|[of] p2b: Sinistcha
|move|p2a: Incineroar|Fake Out|p1a: Talonflame
|-damage|p1a: Talonflame|85/100
|cant|p1a: Talonflame|flinch
|move|p1b: Kingambit|Kowtow Cleave|p2b: Sinistcha
|-supereffective|p2b: Sinistcha|1
|-damage|p2b: Sinistcha|0 fnt
|faint|p2b: Sinistcha
|
|upkeep
|
|t:|1782332456
|switch|p2b: Gengar|Gengar-Mega, L50, F, shiny|100/100
|turn|6
|
|t:|1782332464
|move|p2b: Gengar|Protect|p2b: Gengar
|-singleturn|p2b: Gengar|Protect
|move|p1b: Kingambit|Sucker Punch||[still]
|-fail|p1b: Kingambit
|move|p1a: Talonflame|Tailwind|p1a: Talonflame
|-sidestart|p1: wodaiogien|move: Tailwind
|move|p2a: Incineroar|Flare Blitz|p1b: Kingambit
|-supereffective|p1b: Kingambit|1
|-damage|p1b: Kingambit|38/100
|-damage|p2a: Incineroar|72/100|[from] Recoil
|
|upkeep
|turn|7
|
|t:|1782332487
|move|p2b: Gengar|Protect||[still]
|-fail|p2b: Gengar
|move|p1a: Talonflame|Dual Wingbeat|p2b: Gengar
|-damage|p2b: Gengar|79/100
|-damage|p2b: Gengar|57/100
|-hitcount|p2b: Gengar|2
|move|p1b: Kingambit|Kowtow Cleave|p2b: Gengar
|-supereffective|p2b: Gengar|1
|-damage|p2b: Gengar|0 fnt
|faint|p2b: Gengar
|move|p2a: Incineroar|Flare Blitz|p1b: Kingambit
|-supereffective|p1b: Kingambit|1
|-damage|p1b: Kingambit|0 fnt
|faint|p1b: Kingambit
|-damage|p2a: Incineroar|59/100|[from] Recoil
|
|upkeep
|
|t:|1782332495
|switch|p1b: Basculegion|Basculegion, L50, M|72/100
|turn|8
|-message|TM06ssb forfeited.
|
|win|wodaiogien
|l|‽TM06ssb
|player|p2|
