|j|☆Rexolboy
|j|☆markusme100
|html|Rexolboymarkusme100    
|uhtml|bestof|Game 3 of a best-of-3
|t:|1756552060
|gametype|doubles
|player|p1|Rexolboy|266|1064
|player|p2|markusme100|hiker-gen4|1083
|gen|9
|tier|[Gen 9] VGC 2025 Reg H (Bo3)
|rated|
|rule|Species Clause: Limit one of each Pokémon
|rule|Item Clause: Limit 1 of each item
|clearpoke
|poke|p1|Archaludon, L50, M|
|poke|p1|Incineroar, L50, M|
|poke|p1|Whimsicott, L50, M|
|poke|p1|Ursaluna, L50, M|
|poke|p1|Indeedee-F, L50, F|
|poke|p1|Armarouge, L50, M|
|poke|p2|Garchomp, L50, M|
|poke|p2|Gholdengo, L50|
|poke|p2|Sneasler, L50, F|
|poke|p2|Dragonite, L50, F|
|poke|p2|Incineroar, L50, F|
|poke|p2|Whimsicott, L50, M|
|teampreview|4
|showteam|p1|Archaludon||PowerHerb|Stalwart|ElectroShot,AuraSphere,DragonPulse,Protect|||M|||50|,,,,,Electric]Incineroar||SitrusBerry|Intimidate|FlareBlitz,KnockOff,FakeOut,PartingShot|||M|||50|,,,,,Ghost]Whimsicott||CovertCloak|Prankster|Moonblast,Encore,LightScreen,Tailwind|||M|||50|,,,,,Water]Ursaluna||FlameOrb|Guts|Facade,RainDance,HeadlongRush,Protect|||M|||50|,,,,,Ghost]Indeedee-F||SafetyGoggles|PsychicSurge|DazzlingGleam,HelpingHand,FollowMe,TrickRoom|||F|||50|,,,,,Fairy]Armarouge||LifeOrb|FlashFire|ExpandingForce,ArmorCannon,EnergyBall,Protect|||M|||50|,,,,,Stellar
|showteam|p2|Garchomp||LifeOrb|RoughSkin|Protect,Earthquake,StompingTantrum,DragonClaw|||M|||50|,,,,,Ground]Gholdengo||ChoiceSpecs|GoodasGold|Thunderbolt,MakeItRain,ShadowBall,Trick||||||50|,,,,,Steel]Sneasler||WhiteHerb|Unburden|FakeOut,Protect,CloseCombat,DireClaw|||F|||50|,,,,,Stellar]Dragonite||ChoiceBand|InnerFocus|Outrage,ExtremeSpeed,IceSpinner,StompingTantrum|||F|||50|,,,,,Normal]Incineroar||AssaultVest|Intimidate|FakeOut,KnockOff,FlareBlitz,Uturn|||F|||50|,,,,,Grass]Whimsicott||FocusSash|Prankster|Protect,Tailwind,Moonblast,Encore|||M|||50|,,,,,Ghost
|
|t:|1756552090
|teamsize|p1|4
|teamsize|p2|4
|start
|switch|p1a: Indeedee|Indeedee-F, L50, F|100/100
|switch|p1b: Armarouge|Armarouge, L50, M|100/100
|switch|p2a: Garchomp|Garchomp, L50, M|100/100
|switch|p2b: Dragonite|Dragonite, L50, F|100/100
|-fieldstart|move: Psychic Terrain|[from] ability: Psychic Surge|[of] p1a: Indeedee
|turn|1
|
|t:|1756552114
|switch|p1b: Incineroar|Incineroar, L50, M, shiny|100/100
|-ability|p1b: Incineroar|Intimidate|boost
|-unboost|p2a: Garchomp|atk|1
|-fail|p2b: Dragonite|unboost|Attack|[from] ability: Inner Focus|[of] p2b: Dragonite
|-terastallize|p2a: Garchomp|Ground
|move|p2a: Garchomp|Earthquake|p1b: Incineroar|[spread] p1a,p1b
|-immune|p2b: Dragonite
|-supereffective|p1b: Incineroar
|-damage|p1a: Indeedee|54/100
|-damage|p1b: Incineroar|23/100
|-enditem|p1b: Incineroar|Sitrus Berry|[eat]
|-heal|p1b: Incineroar|48/100|[from] item: Sitrus Berry
|-damage|p2a: Garchomp|91/100|[from] item: Life Orb
|move|p2b: Dragonite|Ice Spinner|p1b: Incineroar
|-resisted|p1b: Incineroar
|-damage|p1b: Incineroar|28/100
|-fieldend|move: Psychic Terrain
|move|p1a: Indeedee|Trick Room|p1a: Indeedee
|-fieldstart|move: Trick Room|[of] p1a: Indeedee
|
|upkeep
|turn|2
|
|t:|1756552142
|switch|p2b: Gholdengo|Gholdengo, L50|100/100
|move|p1b: Incineroar|Parting Shot|p1a: Indeedee
|-unboost|p1a: Indeedee|atk|1
|-unboost|p1a: Indeedee|spa|1
|
|t:|1756552148
|switch|p1b: Ursaluna|Ursaluna, L50, M|100/100|[from] Parting Shot
|move|p1a: Indeedee|Dazzling Gleam|p2a: Garchomp|[spread] p2a,p2b
|-resisted|p2b: Gholdengo
|-damage|p2a: Garchomp|82/100
|-damage|p2b: Gholdengo|95/100
|move|p2a: Garchomp|Earthquake|p1a: Indeedee|[spread] p2b,p1a,p1b
|-supereffective|p2b: Gholdengo
|-damage|p2b: Gholdengo|3/100
|-damage|p1a: Indeedee|7/100
|-damage|p1b: Ursaluna|64/100
|-damage|p2a: Garchomp|72/100|[from] item: Life Orb
|
|-status|p1b: Ursaluna|brn|[from] item: Flame Orb
|upkeep
|turn|3
|
|t:|1756552171
|move|p1a: Indeedee|Dazzling Gleam|p2b: Gholdengo|[spread] p2a,p2b
|-resisted|p2b: Gholdengo
|-damage|p2a: Garchomp|63/100
|-damage|p2b: Gholdengo|0 fnt
|faint|p2b: Gholdengo
|move|p1b: Ursaluna|Headlong Rush|p2a: Garchomp
|-damage|p2a: Garchomp|0 fnt
|-unboost|p1b: Ursaluna|def|1
|-unboost|p1b: Ursaluna|spd|1
|-damage|p1b: Ursaluna|52/100 brn|[from] ability: Rough Skin|[of] p2a: Garchomp
|faint|p2a: Garchomp
|
|-damage|p1b: Ursaluna|46/100 brn|[from] brn
|upkeep
|
|t:|1756552181
|switch|p2b: Dragonite|Dragonite, L50, F|100/100
|switch|p2a: Whimsicott|Whimsicott, L50, M|100/100
|turn|4
|
|t:|1756552210
|-terastallize|p1b: Ursaluna|Ghost
|move|p2a: Whimsicott|Encore|p1b: Ursaluna
|-start|p1b: Ursaluna|Encore
|move|p1a: Indeedee|Dazzling Gleam|p2a: Whimsicott|[spread] p2a,p2b
|-supereffective|p2b: Dragonite
|-damage|p2a: Whimsicott|87/100
|-damage|p2b: Dragonite|83/100
|move|p1b: Ursaluna|Headlong Rush|p2b: Dragonite
|-immune|p2b: Dragonite
|move|p2b: Dragonite|Outrage|p1a: Indeedee
|-damage|p1a: Indeedee|0 fnt
|faint|p1a: Indeedee
|
|-damage|p1b: Ursaluna|40/100 brn|[from] brn
|upkeep
|
|t:|1756552238
|switch|p1a: Armarouge|Armarouge, L50, M|100/100
|turn|5
|
|t:|1756552250
|move|p1b: Ursaluna|Headlong Rush|p2a: Whimsicott
|-resisted|p2a: Whimsicott
|-damage|p2a: Whimsicott|0 fnt
|-unboost|p1b: Ursaluna|def|1
|-unboost|p1b: Ursaluna|spd|1
|faint|p2a: Whimsicott
|move|p1a: Armarouge|Expanding Force|p2b: Dragonite
|-damage|p2b: Dragonite|23/100
|-damage|p1a: Armarouge|91/100|[from] item: Life Orb
|move|p2b: Dragonite|Outrage|p1b: Ursaluna|[from] lockedmove
|-crit|p1b: Ursaluna
|-damage|p1b: Ursaluna|0 fnt
|faint|p1b: Ursaluna
|-start|p2b: Dragonite|confusion|[fatigue]
|
|-fieldend|move: Trick Room
|upkeep
|
|t:|1756552253
|switch|p1b: Incineroar|Incineroar, L50, M, shiny|28/100
|-ability|p1b: Incineroar|Intimidate|boost
|-fail|p2b: Dragonite|unboost|Attack|[from] ability: Inner Focus|[of] p2b: Dragonite
|turn|6
|
|t:|1756552269
|-activate|p2b: Dragonite|confusion
|-damage|p2b: Dragonite|8/100|[from] confusion
|move|p1a: Armarouge|Expanding Force|p2b: Dragonite
|-damage|p2b: Dragonite|0 fnt
|faint|p2b: Dragonite
|-damage|p1a: Armarouge|81/100|[from] item: Life Orb
|
|win|Rexolboy
|raw|Rexolboy's rating: 1064 → 1096(+32 for winning)
|raw|markusme100's rating: 1083 → 1059(-24 for losing)
