|j|☆Walkinonsunshine
|j|☆Austinsucksatdraft
|html|WalkinonsunshineAustinsucksatdraft    
|uhtml|bestof|Game 1 of a best-of-3
|t:|1784598385
|gametype|doubles
|player|p1|Walkinonsunshine|102|
|player|p2|Austinsucksatdraft|101|
|gen|9
|tier|[Gen 9 Champions] VGC 2026 Reg M-B (Bo3)
|rule|Species Clause: Limit one of each Pokémon
|rule|Item Clause: Limit 1 of each item
|clearpoke
|poke|p1|Swampert, L50, M|
|poke|p1|Archaludon, L50, M|
|poke|p1|Pelipper, L50, F|
|poke|p1|Toxicroak, L50, M|
|poke|p1|Glimmora, L50, M|
|poke|p1|Metagross, L50|
|poke|p2|Audino, L50, M|
|poke|p2|Kingambit, L50, M|
|poke|p2|Avalugg-Hisui, L50, M|
|poke|p2|Dragapult, L50, M|
|poke|p2|Scovillain, L50, M|
|poke|p2|Quaquaval, L50, M|
|teampreview|4
|showteam|p1|Swampert||Swampertite|Damp|WaveCrash,Earthquake,Protect,FlipTurn|Careful||M|||50|]Archaludon||Leftovers|Stamina|ElectroShot,DragonPulse,FlashCannon,Protect|Timid||M|||50|]Pelipper||FocusSash|Drizzle|Hurricane,WeatherBall,WideGuard,Protect|Calm||F|||50|]Toxicroak||PayapaBerry|DrySkin|CloseCombat,Encore,FakeOut,GunkShot|Jolly||M|||50|]Glimmora||ChoiceScarf|ToxicDebris|PowerGem,MortalSpin,Protect,SludgeBomb|Timid||M|||50|]Metagross||LifeOrb|ClearBody|BulletPunch,MeteorMash,Protect,PsychicFangs|Jolly|||||50|
|showteam|p2|Audino||Audinite|Healer|TrickRoom,GrassKnot,Thunder,SunnyDay|Serious||M|||50|]Kingambit||ChopleBerry|SupremeOverlord|SuckerPunch,SwordsDance,KowtowCleave,Protect|Brave||M|||50|]Avalugg-Hisui||ChestoBerry|Sturdy|WideGuard,BodyPress,IronDefense,Rest|Calm||M|||50|]Dragapult||ChoiceScarf|Infiltrator|DracoMeteor,ShadowBall,Thunder,Uturn|Modest||M|||50|]Scovillain||FocusSash|Chlorophyll|LeafStorm,Overheat,RagePowder,Protect|Timid||M|||50|]Quaquaval||LifeOrb|Moxie|CloseCombat,BulkUp,AquaStep,Protect|Jolly||M|||50|
|l|☆Walkinonsunshine
|player|p1|
|j|☆Walkinonsunshine
|player|p1|Walkinonsunshine|102|
|
|t:|1784598492
|teamsize|p1|4
|teamsize|p2|4
|start
|switch|p1a: Swampert|Swampert, L50, M|100/100
|switch|p1b: Archaludon|Archaludon, L50, M|100/100
|switch|p2a: Audino|Audino, L50, M|100/100
|switch|p2b: Scovillain|Scovillain, L50, M|100/100
|turn|1
|j| willowedB3
|
|t:|1784598518
|switch|p1b: Pelipper|Pelipper, L50, F|100/100
|-weather|RainDance|[from] ability: Drizzle|[of] p1b: Pelipper
|detailschange|p1a: Swampert|Swampert-Mega, L50, M
|-mega|p1a: Swampert|Swampert|Swampertite
|detailschange|p2a: Audino|Audino-Mega, L50, M
|-mega|p2a: Audino|Audino|Audinite
|move|p1a: Swampert|Earthquake|p2a: Audino|[spread] p2a,p2b
|-immune|p1b: Pelipper
|-damage|p2a: Audino|77/100
|-damage|p2b: Scovillain|23/100
|move|p2b: Scovillain|Leaf Storm|p1a: Swampert|[miss]
|-miss|p2b: Scovillain|p1a: Swampert
|move|p2a: Audino|Grass Knot|p1a: Swampert
|-supereffective|p1a: Swampert|2
|-damage|p1a: Swampert|48/100
|
|-weather|RainDance|[upkeep]
|upkeep
|turn|2
|
|t:|1784598549
|move|p2b: Scovillain|Rage Powder|p2b: Scovillain
|-singleturn|p2b: Scovillain|move: Rage Powder
|move|p1a: Swampert|Wave Crash|p2b: Scovillain
|-damage|p2b: Scovillain|0 fnt
|faint|p2b: Scovillain
|-damage|p1a: Swampert|41/100|[from] Recoil
|move|p1b: Pelipper|Hurricane|p2a: Audino
|-damage|p2a: Audino|51/100
|move|p2a: Audino|Trick Room|p2a: Audino
|-fieldstart|move: Trick Room|[of] p2a: Audino
|
|-weather|RainDance|[upkeep]
|upkeep
|
|t:|1784598561
|switch|p2b: Kingambit|Kingambit, L50, M|100/100
|-activate|p2b: Kingambit|ability: Supreme Overlord
|-start|p2b: Kingambit|fallen1|[silent]
|turn|3
|j| girlcritter
|
|t:|1784598573
|move|p2b: Kingambit|Kowtow Cleave|p1b: Pelipper
|-damage|p1b: Pelipper|45/100
|move|p2a: Audino|Grass Knot|p1a: Swampert
|-supereffective|p1a: Swampert|2
|-damage|p1a: Swampert|0 fnt
|faint|p1a: Swampert
|move|p1b: Pelipper|Weather Ball|p2b: Kingambit
|-damage|p2b: Kingambit|47/100
|
|-weather|RainDance|[upkeep]
|upkeep
|
|t:|1784598591
|switch|p1a: Archaludon|Archaludon, L50, M|100/100
|turn|4
|
|t:|1784598606
|move|p2b: Kingambit|Protect|p2b: Kingambit
|-singleturn|p2b: Kingambit|Protect
|move|p1b: Pelipper|Protect|p1b: Pelipper
|-singleturn|p1b: Pelipper|Protect
|move|p2a: Audino|Thunder|p1b: Pelipper
|-activate|p1b: Pelipper|move: Protect
|move|p1a: Archaludon|Electro Shot||[still]
|-prepare|p1a: Archaludon|Electro Shot
|-boost|p1a: Archaludon|spa|1
|-anim|p1a: Archaludon|Electro Shot|p2b: Kingambit
|-activate|p2b: Kingambit|move: Protect
|
|-weather|RainDance|[upkeep]
|upkeep
|turn|5
|
|t:|1784598642
|switch|p1b: Toxicroak|Toxicroak, L50, M|100/100
|move|p2b: Kingambit|Sucker Punch|p1a: Archaludon
|-damage|p1a: Archaludon|58/100
|-ability|p1a: Archaludon|Stamina|boost
|-boost|p1a: Archaludon|def|1
|move|p2a: Audino|Thunder|p1b: Toxicroak
|-damage|p1b: Toxicroak|63/100
|-status|p1b: Toxicroak|par
|move|p1a: Archaludon|Flash Cannon|p2a: Audino
|-supereffective|p2a: Audino|1
|-damage|p2a: Audino|0 fnt
|faint|p2a: Audino
|
|-weather|none
|-heal|p1a: Archaludon|64/100|[from] item: Leftovers
|upkeep
|
|t:|1784598657
|switch|p2a: Quaquaval|Quaquaval, L50, M|100/100
|turn|6
|
|t:|1784598668
|switch|p1b: Pelipper|Pelipper, L50, F|45/100
|-weather|RainDance|[from] ability: Drizzle|[of] p1b: Pelipper
|move|p2b: Kingambit|Sucker Punch||[still]
|-fail|p2b: Kingambit
|move|p2a: Quaquaval|Close Combat|p1a: Archaludon
|-supereffective|p1a: Archaludon|1
|-damage|p1a: Archaludon|0 fnt
|-unboost|p2a: Quaquaval|def|1
|-unboost|p2a: Quaquaval|spd|1
|faint|p1a: Archaludon
|-ability|p2a: Quaquaval|Moxie|boost
|-boost|p2a: Quaquaval|atk|1
|-damage|p2a: Quaquaval|90/100|[from] item: Life Orb
|
|-weather|RainDance|[upkeep]
|-fieldend|move: Trick Room
|upkeep
|
|t:|1784598686
|switch|p1a: Toxicroak|Toxicroak, L50, M|63/100 par
|turn|7
|
|t:|1784598702
|move|p1a: Toxicroak|Fake Out|p2a: Quaquaval
|-damage|p2a: Quaquaval|65/100
|move|p2b: Kingambit|Sucker Punch|p1b: Pelipper
|-damage|p1b: Pelipper|0 fnt
|faint|p1b: Pelipper
|cant|p2a: Quaquaval|flinch
|
|-weather|RainDance|[upkeep]
|-heal|p1a: Toxicroak|75/100 par|[from] ability: Dry Skin
|upkeep
|turn|8
|
|t:|1784598729
|move|p2b: Kingambit|Sucker Punch|p1a: Toxicroak
|-resisted|p1a: Toxicroak|1
|-damage|p1a: Toxicroak|38/100 par
|move|p2a: Quaquaval|Close Combat|p1a: Toxicroak
|-resisted|p1a: Toxicroak|1
|-damage|p1a: Toxicroak|0 fnt
|-unboost|p2a: Quaquaval|def|1
|-unboost|p2a: Quaquaval|spd|1
|faint|p1a: Toxicroak
|-damage|p2a: Quaquaval|55/100|[from] item: Life Orb
|
|win|Austinsucksatdraft
|c| girlcritter|good game 1 wow
|inactive|Walkinonsunshine has 30 seconds to confirm battle start!
|inactive|Austinsucksatdraft has 30 seconds to confirm battle start!
|inactive|Walkinonsunshine has 20 seconds to confirm battle start!
|inactive|Austinsucksatdraft has 20 seconds to confirm battle start!
||Austinsucksatdraft is ready for game 2.
||Walkinonsunshine is ready for game 2.
|uhtml|next|Next: Game 2 of 3
|l|☆Walkinonsunshine
|player|p1|
|j|☆Walkinonsunshine
|player|p1|Walkinonsunshine|102|
|l|☆Walkinonsunshine
|player|p1|
|l| girlcritter
|n|☆Austinsucksatdraft|austinsucksatdraft
|n| willowedB3|willowedb3
|j| wee33
