|j|☆lemons2738
|j|☆Il Mule
|html|lemons2738Il Mule    
|uhtml|bestof|Game 3 of a best-of-3
|t:|1784733396
|gametype|doubles
|player|p1|lemons2738|benga|1362
|player|p2|Il Mule|salvatore|1538
|gen|9
|tier|[Gen 9 Champions] VGC 2026 Reg M-B (Bo3)
|rated|
|rule|Species Clause: Limit one of each Pokémon
|rule|Item Clause: Limit 1 of each item
|clearpoke
|poke|p1|Tyranitar, L50, F|
|poke|p1|Excadrill, L50, M|
|poke|p1|Gholdengo, L50|
|poke|p1|Sinistcha, L50|
|poke|p1|Milotic, L50, F|
|poke|p1|Staraptor, L50, F|
|poke|p2|Excadrill, L50, M|
|poke|p2|Tyranitar, L50, F|
|poke|p2|Sneasler, L50, F|
|poke|p2|Incineroar, L50, F|
|poke|p2|Froslass, L50, F|
|poke|p2|Sinistcha, L50|
|teampreview|4
|showteam|p1|Tyranitar||Tyranitarite|SandStream|RockSlide,KnockOff,LowKick,Protect|Adamant||F|||50|]Excadrill||FocusSash|SandRush|IronHead,HighHorsepower,RockSlide,Protect|Adamant||M|||50|]Gholdengo||LifeOrb|GoodasGold|ShadowBall,MakeItRain,NastyPlot,Protect|Modest|||||50|]Sinistcha||ColburBerry|Hospitality|MatchaGotcha,RagePowder,TrickRoom,Protect|Bold|||||50|]Milotic||SitrusBerry|Competitive|Scald,IceBeam,Recover,Protect|Modest||F|||50|]Staraptor||Staraptite|Intimidate|BraveBird,CloseCombat,Tailwind,Protect|Jolly||F|||50|
|showteam|p2|Excadrill||FocusSash|SandRush|HighHorsepower,RockSlide,IronHead,Protect|Adamant||M|||50|]Tyranitar||Tyranitarite|SandStream|KnockOff,RockSlide,DragonDance,Protect|Adamant||F|||50|]Sneasler||WhiteHerb|Unburden|CloseCombat,DireClaw,Coaching,FakeOut|Jolly||F|||50|]Incineroar||SitrusBerry|Intimidate|FlareBlitz,HelpingHand,PartingShot,FakeOut|Impish||F|||50|]Froslass||Froslassite|CursedBody|Blizzard,ShadowBall,NastyPlot,Protect|Timid||F|||50|]Sinistcha||ColburBerry|Hospitality|ShadowBall,LeafStorm,RagePowder,Protect|Bold|||||50|
|inactive|Battle timer is ON: inactive players will automatically lose when time's up. (requested by lemons2738)
|j| Tridello
|j| lakaka siuuu
|c|☆Il Mule|non chiedetemi come l'ho ripresa
|c| lakaka siuuu|Haribo è la bontà
|inactive|lemons2738 has 60 seconds left.
|c|☆Il Mule|a che età è consigliato gustarla?
|j| kelso shrug
|c| Tridello|non vuoi saperlo
|l| Tridello
|c| lakaka siuuu|mi pare non ci fossero indicazioni specifiche a riguardo
|inactive|lemons2738 has 30 seconds left.
|inactive|lemons2738 has 20 seconds left.
|inactive|lemons2738 has 15 seconds left.
|inactive|lemons2738 has 10 seconds left.
|
|t:|1784733477
|teamsize|p1|4
|teamsize|p2|4
|start
|switch|p1a: Milotic|Milotic, L50, F|100/100
|switch|p1b: Excadrill|Excadrill, L50, M|100/100
|switch|p2a: Gervasoni|Excadrill, L50, M|100/100
|switch|p2b: odi et amo|Froslass, L50, F|100/100
|turn|1
|c| kelso shrug|G4
|
|t:|1784733499
|switch|p2b: Las brulè|Sinistcha, L50|100/100
|move|p1b: Excadrill|Protect|p1b: Excadrill
|-singleturn|p1b: Excadrill|Protect
|move|p2a: Gervasoni|Protect|p2a: Gervasoni
|-singleturn|p2a: Gervasoni|Protect
|move|p1a: Milotic|Scald|p2a: Gervasoni
|-activate|p2a: Gervasoni|move: Protect
|
|upkeep
|turn|2
|
|t:|1784733513
|move|p1b: Excadrill|Iron Head|p2b: Las brulè
|-damage|p2b: Las brulè|57/100
|move|p2a: Gervasoni|High Horsepower|p1a: Milotic
|-damage|p1a: Milotic|41/100
|-enditem|p1a: Milotic|Sitrus Berry|[eat]
|-heal|p1a: Milotic|66/100|[from] item: Sitrus Berry
|move|p1a: Milotic|Ice Beam|p2b: Las brulè
|-supereffective|p2b: Las brulè|1
|-damage|p2b: Las brulè|10/100
|move|p2b: Las brulè|Leaf Storm|p1a: Milotic
|-supereffective|p1a: Milotic|1
|-damage|p1a: Milotic|0 fnt
|-unboost|p2b: Las brulè|spa|2
|faint|p1a: Milotic
|
|upkeep
|c|☆Il Mule|fora dai bal
|
|t:|1784733528
|switch|p1a: Sinistcha|Sinistcha, L50|100/100
|turn|3
|
|t:|1784733545
|switch|p2b: Sidy|Incineroar, L50, F|100/100
|-ability|p2b: Sidy|Intimidate|boost
|-unboost|p1a: Sinistcha|atk|1
|-unboost|p1b: Excadrill|atk|1
|move|p1b: Excadrill|Protect|p1b: Excadrill
|-singleturn|p1b: Excadrill|Protect
|move|p2a: Gervasoni|High Horsepower|p1b: Excadrill
|-activate|p1b: Excadrill|move: Protect
|move|p1a: Sinistcha|Matcha Gotcha|p2b: Sidy|[spread] p2a,p2b
|-resisted|p2b: Sidy|1
|-damage|p2a: Gervasoni|64/100
|-damage|p2b: Sidy|89/100
|
|upkeep
|turn|4
|j| Tridello
|inactive|lemons2738 has 30 seconds left.
|inactive|Il Mule has 30 seconds left.
|
|t:|1784733577
|switch|p2b: Las brulè|Sinistcha, L50|10/100
|-heal|p2a: Gervasoni|89/100|[from] ability: Hospitality|[of] p2b: Las brulè
|move|p2a: Gervasoni|Protect|p2a: Gervasoni
|-singleturn|p2a: Gervasoni|Protect
|move|p1b: Excadrill|High Horsepower|p2a: Gervasoni
|-activate|p2a: Gervasoni|move: Protect
|move|p1a: Sinistcha|Matcha Gotcha|p2a: Gervasoni|[spread] p2b
|-activate|p2a: Gervasoni|move: Protect
|-resisted|p2b: Las brulè|1
|-damage|p2b: Las brulè|0 fnt
|faint|p2b: Las brulè
|
|upkeep
|
|t:|1784733595
|switch|p2b: odi et amo|Froslass, L50, F|100/100
|turn|5
|
|t:|1784733605
|switch|p2a: Sidy|Incineroar, L50, F|89/100
|-ability|p2a: Sidy|Intimidate|boost
|-unboost|p1a: Sinistcha|atk|1
|-unboost|p1b: Excadrill|atk|1
|detailschange|p2b: odi et amo|Froslass-Mega, L50, F
|-mega|p2b: odi et amo|Froslass|Froslassite
|-weather|Snowscape|[from] ability: Snow Warning|[of] p2b: odi et amo
|move|p1b: Excadrill|Protect|p1b: Excadrill
|-singleturn|p1b: Excadrill|Protect
|move|p1a: Sinistcha|Protect|p1a: Sinistcha
|-singleturn|p1a: Sinistcha|Protect
|move|p2b: odi et amo|Blizzard|p1a: Sinistcha|[spread] 
|-activate|p1a: Sinistcha|move: Protect
|-activate|p1b: Excadrill|move: Protect
|
|-weather|Snowscape|[upkeep]
|upkeep
|turn|6
|inactive|Il Mule has 30 seconds left.
|inactive|Il Mule has 20 seconds left.
|inactive|Il Mule has 15 seconds left.
|inactive|Il Mule has 10 seconds left.
|inactive|Il Mule has 5 seconds left.
|
|t:|1784733658
|switch|p1b: Tyranitar|Tyranitar, L50, F|100/100
|-weather|Sandstorm|[from] ability: Sand Stream|[of] p1b: Tyranitar
|move|p2a: Sidy|Fake Out|p1b: Tyranitar
|-resisted|p1b: Tyranitar|1
|-damage|p1b: Tyranitar|95/100
|move|p2b: odi et amo|Blizzard|p1b: Tyranitar|[spread] p1a,p1b
|-supereffective|p1a: Sinistcha|1
|-damage|p1a: Sinistcha|25/100
|-damage|p1b: Tyranitar|69/100
|move|p1a: Sinistcha|Matcha Gotcha|p2b: odi et amo|[spread] p2a,p2b
|-resisted|p2a: Sidy|1
|-damage|p2a: Sidy|79/100
|-heal|p1a: Sinistcha|32/100|[from] drain|[of] p2a: Sidy
|-damage|p2b: odi et amo|74/100
|-heal|p1a: Sinistcha|44/100|[from] drain|[of] p2b: odi et amo
|
|-weather|Sandstorm|[upkeep]
|-damage|p2b: odi et amo|68/100|[from] Sandstorm
|-damage|p1a: Sinistcha|38/100|[from] Sandstorm
|-damage|p2a: Sidy|73/100|[from] Sandstorm
|upkeep
|turn|7
|inactive|lemons2738 has 30 seconds left.
|inactive|Il Mule has 30 seconds left.
|
|t:|1784733693
|switch|p2b: Gervasoni|Excadrill, L50, M|89/100
|move|p1a: Sinistcha|Rage Powder|p1a: Sinistcha
|-singleturn|p1a: Sinistcha|move: Rage Powder
|move|p1b: Tyranitar|Knock Off|p2b: Gervasoni
|-damage|p2b: Gervasoni|12/100
|-enditem|p2b: Gervasoni|Focus Sash|[from] move: Knock Off|[of] p1b: Tyranitar
|move|p2a: Sidy|Parting Shot|p1a: Sinistcha
|-unboost|p1a: Sinistcha|atk|1
|-unboost|p1a: Sinistcha|spa|1
|
|t:|1784733700
|switch|p2a: odi et amo|Froslass-Mega, L50, F|68/100|[from] Parting Shot
|-weather|Snowscape|[from] ability: Snow Warning|[of] p2a: odi et amo
|
|-weather|Snowscape|[upkeep]
|upkeep
|turn|8
|
|t:|1784733709
|move|p1b: Tyranitar|Protect|p1b: Tyranitar
|-singleturn|p1b: Tyranitar|Protect
|move|p2a: odi et amo|Shadow Ball|p1a: Sinistcha
|-supereffective|p1a: Sinistcha|1
|-damage|p1a: Sinistcha|0 fnt
|faint|p1a: Sinistcha
|move|p2b: Gervasoni|High Horsepower|p1b: Tyranitar
|-activate|p1b: Tyranitar|move: Protect
|
|-weather|Snowscape|[upkeep]
|upkeep
|
|t:|1784733719
|switch|p1a: Excadrill|Excadrill, L50, M|100/100
|turn|9
|
|t:|1784733737
|switch|p2a: Sidy|Incineroar, L50, F|73/100
|-ability|p2a: Sidy|Intimidate|boost
|-unboost|p1a: Excadrill|atk|1
|-unboost|p1b: Tyranitar|atk|1
|detailschange|p1b: Tyranitar|Tyranitar-Mega, L50, F
|-mega|p1b: Tyranitar|Tyranitar|Tyranitarite
|-weather|Sandstorm|[from] ability: Sand Stream|[of] p1b: Tyranitar
|move|p2b: Gervasoni|Protect|p2b: Gervasoni
|-singleturn|p2b: Gervasoni|Protect
|move|p1a: Excadrill|High Horsepower|p2b: Gervasoni
|-activate|p2b: Gervasoni|move: Protect
|move|p1b: Tyranitar|Rock Slide|p2b: Gervasoni|[spread] p2a
|-activate|p2b: Gervasoni|move: Protect
|-supereffective|p2a: Sidy|1
|-damage|p2a: Sidy|40/100
|-enditem|p2a: Sidy|Sitrus Berry|[eat]
|-heal|p2a: Sidy|65/100|[from] item: Sitrus Berry
|
|-weather|Sandstorm|[upkeep]
|-damage|p2a: Sidy|59/100|[from] Sandstorm
|upkeep
|turn|10
|c| kelso shrug|Chissà se è una tie
|c|☆Il Mule|tutto si ridurrà a una tie
|inactive|Il Mule has 30 seconds left.
|c|☆Il Mule|lo è
|c|☆Il Mule|siamo adamantini entrambi
|inactive|Il Mule has 20 seconds left.
|inactive|Il Mule has 15 seconds left.
|
|t:|1784733781
|move|p1a: Excadrill|Protect|p1a: Excadrill
|-singleturn|p1a: Excadrill|Protect
|move|p1b: Tyranitar|Protect|p1b: Tyranitar
|-singleturn|p1b: Tyranitar|Protect
|move|p2a: Sidy|Fake Out|p1a: Excadrill
|-activate|p1a: Excadrill|move: Protect
|move|p2b: Gervasoni|High Horsepower|p1b: Tyranitar
|-activate|p1b: Tyranitar|move: Protect
|
|-weather|Sandstorm|[upkeep]
|-damage|p2a: Sidy|53/100|[from] Sandstorm
|upkeep
|turn|11
|inactive|lemons2738 has 30 seconds left.
|inactive|Il Mule has 30 seconds left.
|
|t:|1784733814
|switch|p2a: odi et amo|Froslass-Mega, L50, F|68/100
|-weather|Snowscape|[from] ability: Snow Warning|[of] p2a: odi et amo
|move|p1a: Excadrill|High Horsepower|p2a: odi et amo
|-damage|p2a: odi et amo|36/100
|move|p2b: Gervasoni|High Horsepower|p1b: Tyranitar
|-supereffective|p1b: Tyranitar|1
|-damage|p1b: Tyranitar|0 fnt
|faint|p1b: Tyranitar
|
|-weather|Snowscape|[upkeep]
|upkeep
|turn|12
|c|☆Il Mule|adamantino mancini
|c|☆Il Mule|vince la tie
|c| lakaka siuuu|boh
|c|☆Il Mule|ma è un pollo
|inactive|Il Mule has 30 seconds left.
|
|t:|1784733840
|move|p2a: odi et amo|Blizzard|p1a: Excadrill
|-crit|p1a: Excadrill
|-enditem|p1a: Excadrill|Focus Sash
|-damage|p1a: Excadrill|1/100
|move|p2b: Gervasoni|High Horsepower|p1a: Excadrill
|-supereffective|p1a: Excadrill|1
|-damage|p1a: Excadrill|0 fnt
|faint|p1a: Excadrill
|
|win|Il Mule
|raw|lemons2738's rating: 1362 → 1351(-11 for losing)
|raw|Il Mule's rating: 1538 → 1549(+11 for winning)
|l| kelso shrug
|l|☆Il Mule
|player|p2|
|l| Tridello
|l| lakaka siuuu
