|j|☆Mauricio0609!
|j|☆DyeItTightOfficial
|html|Mauricio0609!DyeItTightOfficial    
|uhtml|bestof|Game 3 of a best-of-3
|t:|1784579427
|gametype|doubles
|player|p1|Mauricio0609!|102|1075
|player|p2|DyeItTightOfficial|blue-gen3two|1000
|gen|9
|tier|[Gen 9 Champions] VGC 2026 Reg M-B (Bo3)
|rated|
|rule|Species Clause: Limit one of each Pokémon
|rule|Item Clause: Limit 1 of each item
|clearpoke
|poke|p1|Farigiraf, L50, F|
|poke|p1|Tyranitar, L50, F|
|poke|p1|Excadrill, L50, F|
|poke|p1|Raichu, L50, F|
|poke|p1|Milotic, L50, M|
|poke|p1|Ceruledge, L50, M|
|poke|p2|Kingambit, L50, F|
|poke|p2|Garchomp, L50, F|
|poke|p2|Aegislash, L50, M|
|poke|p2|Froslass, L50, F|
|poke|p2|Heliolisk, L50, F|
|poke|p2|Clefable, L50, F|
|teampreview|4
|showteam|p1|Farigiraf||SitrusBerry|ArmorTail|Psychic,Roar,TrickRoom,HelpingHand|Modest||F|||50|]Tyranitar||Tyranitarite|SandStream|StoneEdge,Protect,KnockOff,LowKick|Adamant||F|||50|]Excadrill||FocusSash|SandRush|RockSlide,IronHead,Protect,HighHorsepower|Jolly||F|||50|]Raichu||RaichuniteY|LightningRod|GrassKnot,ZapCannon,FocusBlast,Protect|Timid||F|||50|]Milotic||Leftovers|Competitive|IcyWind,Protect,Haze,Scald|Bold||M|||50|]Ceruledge||ColburBerry|FlashFire|BitterBlade,BulkUp,ShadowSneak,Protect|Adamant||M|||50|
|showteam|p2|Kingambit||ChopleBerry|Defiant|IronHead,LowKick,Protect,SuckerPunch|Adamant||F|||50|]Garchomp||LifeOrb|RoughSkin|Earthquake,DragonClaw,RockSlide,Protect|Jolly||F|||50|]Aegislash||OccaBerry|StanceChange|Poltergeist,RockSlide,WideGuard,KingsShield|Adamant||M|||50|]Froslass||Froslassite|SnowCloak|Blizzard,ShadowBall,AuroraVeil,Protect|Timid||F|||50|]Heliolisk||FocusSash|DrySkin|Thunderbolt,WeatherBall,GrassKnot,Electroweb|Timid||F|||50|]Clefable||SitrusBerry|Unaware|Moonblast,Protect,FollowMe,HelpingHand|Calm||F|||50|
|
|t:|1784579451
|teamsize|p1|4
|teamsize|p2|4
|start
|switch|p1a: Milotic|Milotic, L50, M|100/100
|switch|p1b: Farigiraf|Farigiraf, L50, F|100/100
|switch|p2a: Garchomp|Garchomp, L50, F|100/100
|switch|p2b: Froslass|Froslass, L50, F|100/100
|turn|1
|inactive|Battle timer is ON: inactive players will automatically lose when time's up. (requested by Mauricio0609!)
|
|t:|1784579480
|detailschange|p2b: Froslass|Froslass-Mega, L50, F
|-mega|p2b: Froslass|Froslass|Froslassite
|-weather|Snowscape|[from] ability: Snow Warning|[of] p2b: Froslass
|move|p1b: Farigiraf|Helping Hand|p1a: Milotic
|-singleturn|p1a: Milotic|Helping Hand|[of] p1b: Farigiraf
|move|p2b: Froslass|Blizzard|p1b: Farigiraf|[spread] p1a,p1b
|-resisted|p1a: Milotic|1
|-damage|p1a: Milotic|84/100
|-damage|p1b: Farigiraf|61/100
|move|p2a: Garchomp|Dragon Claw|p1b: Farigiraf
|-damage|p1b: Farigiraf|12/100
|-enditem|p1b: Farigiraf|Sitrus Berry|[eat]
|-heal|p1b: Farigiraf|37/100|[from] item: Sitrus Berry
|-damage|p2a: Garchomp|90/100|[from] item: Life Orb
|move|p1a: Milotic|Icy Wind|p2a: Garchomp|[spread] p2a,p2b
|-supereffective|p2a: Garchomp|2
|-resisted|p2b: Froslass|1
|-damage|p2a: Garchomp|23/100
|-damage|p2b: Froslass|90/100
|-unboost|p2a: Garchomp|spe|1
|-unboost|p2b: Froslass|spe|1
|
|-weather|Snowscape|[upkeep]
|-heal|p1a: Milotic|90/100|[from] item: Leftovers
|upkeep
|turn|2
|inactive|Mauricio0609! has 30 seconds left.
|inactive|DyeItTightOfficial has 30 seconds left.
|
|t:|1784579506
|move|p1b: Farigiraf|Helping Hand|p1a: Milotic
|-singleturn|p1a: Milotic|Helping Hand|[of] p1b: Farigiraf
|move|p2b: Froslass|Blizzard|p1a: Milotic|[spread] p1a,p1b
|-resisted|p1a: Milotic|1
|-crit|p1b: Farigiraf
|-damage|p1a: Milotic|74/100
|-damage|p1b: Farigiraf|0 fnt
|faint|p1b: Farigiraf
|move|p2a: Garchomp|Dragon Claw|p1a: Milotic
|-damage|p1a: Milotic|27/100
|-damage|p2a: Garchomp|13/100|[from] item: Life Orb
|move|p1a: Milotic|Icy Wind|p2b: Froslass|[spread] p2a,p2b
|-supereffective|p2a: Garchomp|2
|-resisted|p2b: Froslass|1
|-damage|p2a: Garchomp|0 fnt
|-damage|p2b: Froslass|81/100
|-unboost|p2b: Froslass|spe|1
|faint|p2a: Garchomp
|
|-weather|Snowscape|[upkeep]
|-heal|p1a: Milotic|33/100|[from] item: Leftovers
|upkeep
|
|t:|1784579524
|switch|p2a: Heliolisk|Heliolisk, L50, F|100/100
|switch|p1b: Ceruledge|Ceruledge, L50, M|100/100
|turn|3
|
|t:|1784579540
|switch|p2b: Kingambit|Kingambit, L50, F|100/100
|move|p1a: Milotic|Protect|p1a: Milotic
|-singleturn|p1a: Milotic|Protect
|move|p2a: Heliolisk|Thunderbolt|p1a: Milotic
|-activate|p1a: Milotic|move: Protect
|move|p1b: Ceruledge|Bulk Up|p1b: Ceruledge
|-boost|p1b: Ceruledge|atk|1
|-boost|p1b: Ceruledge|def|1
|
|-weather|Snowscape|[upkeep]
|-heal|p1a: Milotic|39/100|[from] item: Leftovers
|upkeep
|turn|4
|
|t:|1784579554
|move|p2b: Kingambit|Sucker Punch|p1b: Ceruledge
|-supereffective|p1b: Ceruledge|1
|-enditem|p1b: Ceruledge|Colbur Berry|[eat]
|-enditem|p1b: Ceruledge|Colbur Berry|[weaken]
|-damage|p1b: Ceruledge|73/100
|move|p2a: Heliolisk|Thunderbolt|p1b: Ceruledge
|-damage|p1b: Ceruledge|32/100
|move|p1b: Ceruledge|Bitter Blade|p2b: Kingambit
|-supereffective|p2b: Kingambit|1
|-damage|p2b: Kingambit|11/100
|-heal|p1b: Ceruledge|81/100|[from] drain|[of] p2b: Kingambit
|move|p1a: Milotic|Scald|p2a: Heliolisk
|-immune|p2a: Heliolisk|[from] ability: Dry Skin
|
|-weather|Snowscape|[upkeep]
|-heal|p1a: Milotic|45/100|[from] item: Leftovers
|upkeep
|turn|5
|-message|Mauricio0609! forfeited.
|raw|Mauricio0609!'s rating: 1075 → 1049(-26 for losing)
|raw|DyeItTightOfficial's rating: 1000 → 1049(+49 for winning)
|
|win|DyeItTightOfficial
