|j|‽leonidos1
|j|☆zaharba
|html|leonidos1zaharba    
|uhtml|bestof|Game 1 of a best-of-3
|t:|1783190855
|gametype|doubles
|player|p1|leonidos1|2|1114
|player|p2|zaharba|170|1158
|gen|9
|tier|[Gen 9 Champions] VGC 2026 Reg M-B (Bo3)
|rated|
|rule|Species Clause: Limit one of each Pokémon
|rule|Item Clause: Limit 1 of each item
|clearpoke
|poke|p1|Charizard, L50, M|
|poke|p1|Incineroar, L50, M|
|poke|p1|Garchomp, L50, M|
|poke|p1|Farigiraf, L50, F|
|poke|p1|Sylveon, L50, M|
|poke|p1|Venusaur, L50, M|
|poke|p2|Raichu, L50, F, shiny|
|poke|p2|Vivillon, L50, F|
|poke|p2|Ninetales-Alola, L50, M, shiny|
|poke|p2|Tyranitar, L50, M|
|poke|p2|Basculegion-F, L50, F|
|poke|p2|Talonflame, L50, F|
|teampreview|4
|showteam|p1|Charizard||CharizarditeY|Blaze|WeatherBall,HeatWave,SolarBeam,Protect|Modest||M|||50|]Incineroar||SitrusBerry|Intimidate|FakeOut,FlareBlitz,DarkestLariat,PartingShot|Adamant||M|||50|]Garchomp||LifeOrb|RoughSkin|DragonClaw,RockSlide,Earthquake,Protect|Jolly||M|||50|]Farigiraf||ColburBerry|ArmorTail|TwinBeam,Thunderbolt,HelpingHand,TrickRoom|Sassy||F|||50|]Sylveon||FairyFeather|Pixilate|HyperVoice,HyperBeam,QuickAttack,Protect|Quiet||M|||50|]Venusaur||FocusSash|Chlorophyll|SleepPowder,EnergyBall,SludgeBomb,Protect|Modest||M|||50|
|showteam|p2|Raichu||RaichuniteY|LightningRod|FocusBlast,ZapCannon,UpperHand,FakeOut|Timid||F|||50|]Vivillon||ChoiceScarf|CompoundEyes|SleepPowder,RagePowder,Hurricane,Tailwind|Timid||F|||50|]Ninetales-Alola||NeverMeltIce|SnowWarning|Protect,FreezeDry,Blizzard,Encore|Timid||M|||50|]Tyranitar||ExpertBelt|SandStream|RockSlide,HighHorsepower,Protect,DragonDance|Adamant||M|||50|]Basculegion-F||SpellTag|Adaptability|Protect,Hex,HydroPump,MuddyWater|Modest||F|||50|]Talonflame||LifeOrb|GaleWings|Whirlwind,BraveBird,Overheat,Tailwind|Naive||F|||50|
|inactive|Battle timer is ON: inactive players will automatically lose when time's up. (requested by zaharba)
|inactive|zaharba has 60 seconds left.
|
|t:|1783190909
|teamsize|p1|4
|teamsize|p2|4
|start
|switch|p1a: Charizard|Charizard, L50, M|100/100
|switch|p1b: Incineroar|Incineroar, L50, M|100/100
|switch|p2a: Vivillon|Vivillon, L50, F|100/100
|switch|p2b: Talonflame|Talonflame, L50, F|100/100
|-ability|p1b: Incineroar|Intimidate|boost
|-unboost|p2a: Vivillon|atk|1
|-unboost|p2b: Talonflame|atk|1
|turn|1
|inactive|leonidos1 has 30 seconds left.
|inactive|zaharba has 30 seconds left.
|inactive|leonidos1 has 20 seconds left.
|
|t:|1783190946
|switch|p2a: Basculegion|Basculegion-F, L50, F|100/100
|detailschange|p1a: Charizard|Charizard-Mega-Y, L50, M
|-mega|p1a: Charizard|Charizard|Charizardite Y
|-weather|SunnyDay|[from] ability: Drought|[of] p1a: Charizard
|move|p1b: Incineroar|Fake Out|p2a: Basculegion
|-immune|p2a: Basculegion
|move|p2b: Talonflame|Tailwind|p2b: Talonflame
|-sidestart|p2: zaharba|move: Tailwind
|move|p1a: Charizard|Heat Wave|p2a: Basculegion|[spread] p2b
|-miss|p1a: Charizard|p2a: Basculegion
|-resisted|p2b: Talonflame|1
|-damage|p2b: Talonflame|46/100
|
|-weather|SunnyDay|[upkeep]
|upkeep
|turn|2
|inactive|leonidos1 has 30 seconds left.
|inactive|leonidos1 has 20 seconds left.
|inactive|leonidos1 has 15 seconds left.
|inactive|leonidos1 has 10 seconds left.
|
|t:|1783190995
|switch|p2b: Ninetales|Ninetales-Alola, L50, M, shiny|100/100
|-weather|Snowscape|[from] ability: Snow Warning|[of] p2b: Ninetales
|switch|p1a: Venusaur|Venusaur, L50, M|100/100
|move|p2a: Basculegion|Muddy Water|p1a: Venusaur|[spread] p1a,p1b
|-resisted|p1a: Venusaur|1
|-supereffective|p1b: Incineroar|1
|-damage|p1a: Venusaur|75/100
|-damage|p1b: Incineroar|28/100
|-unboost|p1a: Venusaur|accuracy|1
|-enditem|p1b: Incineroar|Sitrus Berry|[eat]
|-heal|p1b: Incineroar|53/100|[from] item: Sitrus Berry
|move|p1b: Incineroar|Parting Shot|p2a: Basculegion
|-unboost|p2a: Basculegion|atk|1
|-unboost|p2a: Basculegion|spa|1
|
|t:|1783191013
|switch|p1b: Charizard|Charizard-Mega-Y, L50, M|100/100|[from] Parting Shot
|-weather|SunnyDay|[from] ability: Drought|[of] p1b: Charizard
|
|-weather|SunnyDay|[upkeep]
|upkeep
|turn|3
|
|t:|1783191034
|switch|p2a: Talonflame|Talonflame, L50, F|46/100
|move|p2b: Ninetales|Protect|p2b: Ninetales
|-singleturn|p2b: Ninetales|Protect
|move|p1a: Venusaur|Energy Ball|p2a: Talonflame
|-resisted|p2a: Talonflame|2
|-damage|p2a: Talonflame|26/100
|move|p1b: Charizard|Heat Wave|p2a: Talonflame|[spread] p2a
|-activate|p2b: Ninetales|move: Protect
|-resisted|p2a: Talonflame|1
|-damage|p2a: Talonflame|0 fnt
|faint|p2a: Talonflame
|
|-weather|SunnyDay|[upkeep]
|upkeep
|
|t:|1783191049
|switch|p2a: Vivillon|Vivillon, L50, F|100/100
|turn|4
|
|t:|1783191066
|switch|p1a: Incineroar|Incineroar, L50, M|53/100
|-ability|p1a: Incineroar|Intimidate|boost
|-unboost|p2a: Vivillon|atk|1
|-unboost|p2b: Ninetales|atk|1
|move|p1b: Charizard|Protect|p1b: Charizard
|-singleturn|p1b: Charizard|Protect
|move|p2a: Vivillon|Sleep Powder|p1b: Charizard
|-activate|p1b: Charizard|move: Protect
|move|p2b: Ninetales|Encore||[still]
|-fail|p2b: Ninetales
|
|-weather|SunnyDay|[upkeep]
|-sideend|p2: zaharba|move: Tailwind
|upkeep
|turn|5
|
|t:|1783191085
|switch|p1b: Venusaur|Venusaur, L50, M|75/100
|move|p1a: Incineroar|Fake Out|p2a: Vivillon
|-damage|p2a: Vivillon|81/100
|cant|p2a: Vivillon|flinch
|move|p2b: Ninetales|Encore||[still]
|-fail|p2b: Ninetales
|
|-weather|SunnyDay|[upkeep]
|upkeep
|turn|6
|
|t:|1783191106
|switch|p1a: Garchomp|Garchomp, L50, M|100/100
|move|p1b: Venusaur|Sludge Bomb|p2a: Vivillon
|-crit|p2a: Vivillon
|-damage|p2a: Vivillon|0 fnt
|faint|p2a: Vivillon
|move|p2b: Ninetales|Freeze-Dry|p1b: Venusaur
|-supereffective|p1b: Venusaur|1
|-damage|p1b: Venusaur|7/100
|
|-weather|none
|upkeep
|
|t:|1783191115
|switch|p2a: Basculegion|Basculegion-F, L50, F|100/100
|turn|7
|
|t:|1783191133
|switch|p1a: Charizard|Charizard-Mega-Y, L50, M|100/100
|-weather|SunnyDay|[from] ability: Drought|[of] p1a: Charizard
|move|p1b: Venusaur|Sludge Bomb|p2b: Ninetales
|-supereffective|p2b: Ninetales|1
|-damage|p2b: Ninetales|7/100
|move|p2b: Ninetales|Freeze-Dry|p1a: Charizard
|-damage|p1a: Charizard|68/100
|move|p2a: Basculegion|Hex|p1b: Venusaur
|-damage|p1b: Venusaur|0 fnt
|faint|p1b: Venusaur
|
|-weather|SunnyDay|[upkeep]
|upkeep
|
|t:|1783191148
|switch|p1b: Incineroar|Incineroar, L50, M|53/100
|-ability|p1b: Incineroar|Intimidate|boost
|-unboost|p2a: Basculegion|atk|1
|-unboost|p2b: Ninetales|atk|1
|turn|8
|
|t:|1783191164
|move|p2b: Ninetales|Protect|p2b: Ninetales
|-singleturn|p2b: Ninetales|Protect
|move|p1b: Incineroar|Fake Out|p2b: Ninetales
|-activate|p2b: Ninetales|move: Protect
|move|p1a: Charizard|Solar Beam||[still]
|-prepare|p1a: Charizard|Solar Beam
|-anim|p1a: Charizard|Solar Beam|p2a: Basculegion
|-supereffective|p2a: Basculegion|1
|-damage|p2a: Basculegion|0 fnt
|faint|p2a: Basculegion
|
|-weather|SunnyDay|[upkeep]
|upkeep
|turn|9
|
|t:|1783191180
|move|p2b: Ninetales|Blizzard|p1a: Charizard|[spread] p1a,p1b
|-resisted|p1b: Incineroar|1
|-damage|p1a: Charizard|33/100
|-damage|p1b: Incineroar|37/100
|move|p1a: Charizard|Heat Wave|p2b: Ninetales
|-supereffective|p2b: Ninetales|1
|-damage|p2b: Ninetales|0 fnt
|faint|p2b: Ninetales
|
|win|leonidos1
||leonidos1 is ready for game 2.
||zaharba is ready for game 2.
|uhtml|next|Next: Game 2 of 3
