|j|☆luizhsouza3
|j|☆theboyparris
|html|luizhsouza3theboyparris    
|uhtml|bestof|Game 1 of a best-of-3
|t:|1757846903
|gametype|doubles
|player|p1|luizhsouza3|striker|1172
|player|p2|theboyparris|170|1110
|gen|9
|tier|[Gen 9] VGC 2025 Reg H (Bo3)
|rated|
|rule|Species Clause: Limit one of each Pokémon
|rule|Item Clause: Limit 1 of each item
|clearpoke
|poke|p1|Typhlosion-Hisui, L50, M|
|poke|p1|Torkoal, L50, F|
|poke|p1|Whimsicott, L50, F|
|poke|p1|Lilligant-Hisui, L50, F|
|poke|p1|Garchomp, L50, M|
|poke|p1|Indeedee-F, L50, F|
|poke|p2|Weezing-Galar, L50, F|
|poke|p2|Slaking, L50, F|
|poke|p2|Toedscruel, L50, M|
|poke|p2|Incineroar, L50, F|
|poke|p2|Dondozo, L50, F|
|poke|p2|Tatsugiri, L50, F|
|teampreview|4
|showteam|p1|Typhlosion-Hisui||ChoiceScarf|Blaze|Eruption,ShadowBall,Flamethrower,SolarBeam|||M|||50|,,,,,Fire]Torkoal||HeatRock|Drought|HeatWave,BodyPress,HelpingHand,WillOWisp|||F|||50|,,,,,Fighting]Whimsicott||CovertCloak|Prankster|Tailwind,Moonblast,Taunt,FakeTears|||F|||50|,,,,,Grass]Lilligant-Hisui||FocusSash|Chlorophyll|SolarBlade,CloseCombat,SleepPowder,TripleAxel|||F|||50|,,,,,Ice]Garchomp||LoadedDice|RoughSkin|ScaleShot,StompingTantrum,Earthquake,SwordsDance|||M|||50|,,,,,Steel]Indeedee-F||PsychicSeed|PsychicSurge|Psychic,FollowMe,HealPulse,Protect|||F|||50|,,,,,Fairy
|showteam|p2|Weezing-Galar||SitrusBerry|NeutralizingGas|StrangeSteam,WillOWisp,Taunt,Protect|||F|||50|,,,,,Dragon]Slaking||ChoiceBand|Truant|DrainPunch,DoubleEdge,TeraBlast,Outrage|||F|||50|,,,,,Grass]Toedscruel||RockyHelmet|MyceliumMight|EarthPower,Spore,RagePowder,Protect|||M|||50|,,,,,Water]Incineroar||AbilityShield|Intimidate|FlareBlitz,KnockOff,PartingShot,FakeOut|||F|||50|,,,,,Fire]Dondozo||Leftovers|Unaware|WaveCrash,OrderUp,Yawn,Protect|||F|||50|,,,,,Grass]Tatsugiri||FocusSash|Commander|DracoMeteor,MuddyWater,DragonPulse,Protect|||F|||50|,,,,,Steel
|inactive|Battle timer is ON: inactive players will automatically lose when time's up. (requested by theboyparris)
|inactive|luizhsouza3 also wants the timer to be on.
|inactive|theboyparris has 60 seconds left.
|
|t:|1757846936
|teamsize|p1|4
|teamsize|p2|4
|start
|switch|p1a: Lilligant|Lilligant-Hisui, L50, F|100/100
|switch|p1b: Whimsicott|Whimsicott, L50, F|100/100
|switch|p2a: Weezing|Weezing-Galar, L50, F|100/100
|switch|p2b: Incineroar|Incineroar, L50, F|100/100
|-ability|p2a: Weezing|Neutralizing Gas
|-block|p2b: Incineroar|item: Ability Shield
|-ability|p2b: Incineroar|Intimidate|boost
|-unboost|p1a: Lilligant|atk|1
|-unboost|p1b: Whimsicott|atk|1
|turn|1
|
|t:|1757846950
|move|p2b: Incineroar|Fake Out|p1a: Lilligant
|-damage|p1a: Lilligant|83/100
|cant|p1a: Lilligant|flinch
|move|p1b: Whimsicott|Taunt|p2a: Weezing
|-start|p2a: Weezing|move: Taunt
|cant|p2a: Weezing|move: Taunt|Taunt
|
|upkeep
|turn|2
|
|t:|1757846965
|move|p1a: Lilligant|Sleep Powder|p2b: Incineroar
|-status|p2b: Incineroar|slp|[from] move: Sleep Powder
|move|p1b: Whimsicott|Tailwind|p1b: Whimsicott
|-sidestart|p1: luizhsouza3|move: Tailwind
|move|p2a: Weezing|Strange Steam|p1a: Lilligant|[miss]
|-miss|p2a: Weezing|p1a: Lilligant
|cant|p2b: Incineroar|slp
|
|upkeep
|turn|3
|
|t:|1757846986
|switch|p1b: Garchomp|Garchomp, L50, M|100/100
|move|p1a: Lilligant|Sleep Powder|p2a: Weezing
|-status|p2a: Weezing|slp|[from] move: Sleep Powder
|-curestatus|p2b: Incineroar|slp|[msg]
|move|p2b: Incineroar|Parting Shot|p1a: Lilligant
|-unboost|p1a: Lilligant|atk|1
|-unboost|p1a: Lilligant|spa|1
|
|t:|1757846997
|switch|p2b: Dondozo|Dondozo, L50, F|100/100|[from] Parting Shot
|cant|p2a: Weezing|slp
|
|-end|p2a: Weezing|move: Taunt
|upkeep
|turn|4
|
|t:|1757847009
|move|p2b: Dondozo|Protect|p2b: Dondozo
|-singleturn|p2b: Dondozo|Protect
|move|p1a: Lilligant|Triple Axel|p2a: Weezing
|-damage|p2a: Weezing|98/100 slp
|-damage|p2a: Weezing|92/100 slp
|-damage|p2a: Weezing|84/100 slp
|-hitcount|p2a: Weezing|3
|move|p1b: Garchomp|Swords Dance|p1b: Garchomp
|-boost|p1b: Garchomp|atk|2
|-curestatus|p2a: Weezing|slp|[msg]
|move|p2a: Weezing|Will-O-Wisp|p1b: Garchomp
|-status|p1b: Garchomp|brn
|
|-damage|p1b: Garchomp|95/100 brn|[from] brn
|upkeep
|turn|5
|inactive|theboyparris has 30 seconds left.
|
|t:|1757847036
|-end|p2a: Weezing|ability: Neutralizing Gas
|switch|p2a: Tatsugiri|Tatsugiri, L50, F|100/100
|-activate|p2a: Tatsugiri|ability: Commander|[of] p2b: Dondozo
|-boost|p2b: Dondozo|atk|2
|-boost|p2b: Dondozo|spa|2
|-boost|p2b: Dondozo|spe|2
|-boost|p2b: Dondozo|def|2
|-boost|p2b: Dondozo|spd|2
|-terastallize|p2b: Dondozo|Grass
|move|p1a: Lilligant|Sleep Powder|p2b: Dondozo
|-immune|p2b: Dondozo
|move|p1b: Garchomp|Stomping Tantrum|p2a: Tatsugiri|[miss]
|-miss|p1b: Garchomp|p2a: Tatsugiri
|move|p2b: Dondozo|Order Up|p1b: Garchomp
|-supereffective|p1b: Garchomp
|-damage|p1b: Garchomp|13/100 brn
|-boost|p2b: Dondozo|atk|1
|
|-damage|p1b: Garchomp|7/100 brn|[from] brn
|-sideend|p1: luizhsouza3|move: Tailwind
|upkeep
|turn|6
|
|t:|1757847057
|move|p1a: Lilligant|Triple Axel|p2b: Dondozo
|-supereffective|p2b: Dondozo
|-damage|p2b: Dondozo|97/100
|-supereffective|p2b: Dondozo
|-damage|p2b: Dondozo|88/100
|-hitcount|p2b: Dondozo|2
|move|p1b: Garchomp|Stomping Tantrum|p2b: Dondozo
|-resisted|p2b: Dondozo
|-damage|p2b: Dondozo|82/100
|move|p2b: Dondozo|Yawn|p1a: Lilligant
|-start|p1a: Lilligant|move: Yawn|[of] p2b: Dondozo
|
|-heal|p2b: Dondozo|88/100|[from] item: Leftovers
|-damage|p1b: Garchomp|2/100 brn|[from] brn
|upkeep
|turn|7
|
|t:|1757847079
|switch|p1a: Typhlosion|Typhlosion-Hisui, L50, M|100/100
|move|p2b: Dondozo|Protect|p2b: Dondozo
|-singleturn|p2b: Dondozo|Protect
|move|p1b: Garchomp|Stomping Tantrum|p2b: Dondozo
|-activate|p2b: Dondozo|move: Protect
|
|-heal|p2b: Dondozo|95/100|[from] item: Leftovers
|-damage|p1b: Garchomp|0 fnt|[from] brn
|faint|p1b: Garchomp
|upkeep
|
|t:|1757847084
|switch|p1b: Whimsicott|Whimsicott, L50, F|100/100
|turn|8
|
|t:|1757847093
|-terastallize|p1a: Typhlosion|Fire
|move|p1b: Whimsicott|Fake Tears|p2b: Dondozo
|-unboost|p2b: Dondozo|spd|2
|move|p1a: Typhlosion|Eruption|p2b: Dondozo|[spread] p2b
|-miss|p1a: Typhlosion|p2a: Tatsugiri
|-supereffective|p2b: Dondozo
|-damage|p2b: Dondozo|0 fnt
|faint|p2b: Dondozo
|
|upkeep
|
|t:|1757847103
|switch|p2b: Incineroar|Incineroar, L50, F|100/100
|-ability|p2b: Incineroar|Intimidate|boost
|-unboost|p1a: Typhlosion|atk|1
|-unboost|p1b: Whimsicott|atk|1
|turn|9
|
|t:|1757847116
|switch|p1a: Lilligant|Lilligant-Hisui, L50, F|83/100
|move|p2b: Incineroar|Fake Out|p1a: Lilligant
|-damage|p1a: Lilligant|65/100
|move|p1b: Whimsicott|Fake Tears|p2a: Tatsugiri
|-unboost|p2a: Tatsugiri|spd|2
|move|p2a: Tatsugiri|Muddy Water|p1a: Lilligant|[spread] p1a
|-miss|p2a: Tatsugiri|p1b: Whimsicott
|-resisted|p1a: Lilligant
|-crit|p1a: Lilligant
|-damage|p1a: Lilligant|28/100
|
|upkeep
|turn|10
|
|t:|1757847137
|switch|p2a: Weezing|Weezing-Galar, L50, F|84/100
|-ability|p2a: Weezing|Neutralizing Gas
|-block|p2b: Incineroar|item: Ability Shield
|move|p1a: Lilligant|Sleep Powder|p2b: Incineroar
|-status|p2b: Incineroar|slp|[from] move: Sleep Powder
|move|p1b: Whimsicott|Moonblast|p2a: Weezing
|-resisted|p2a: Weezing
|-damage|p2a: Weezing|70/100
|-unboost|p2a: Weezing|spa|1
|cant|p2b: Incineroar|slp
|
|upkeep
|turn|11
|
|t:|1757847151
|move|p1a: Lilligant|Close Combat|p2b: Incineroar
|-supereffective|p2b: Incineroar
|-damage|p2b: Incineroar|10/100 slp
|-unboost|p1a: Lilligant|def|1
|-unboost|p1a: Lilligant|spd|1
|move|p1b: Whimsicott|Taunt|p2a: Weezing
|-start|p2a: Weezing|move: Taunt
|cant|p2a: Weezing|move: Taunt|Will-O-Wisp
|cant|p2b: Incineroar|slp
|
|upkeep
|turn|12
|
|t:|1757847167
|move|p1a: Lilligant|Close Combat|p2b: Incineroar
|-supereffective|p2b: Incineroar
|-damage|p2b: Incineroar|0 fnt
|-unboost|p1a: Lilligant|def|1
|-unboost|p1a: Lilligant|spd|1
|faint|p2b: Incineroar
|move|p1b: Whimsicott|Fake Tears|p2a: Weezing
|-unboost|p2a: Weezing|spd|2
|move|p2a: Weezing|Strange Steam|p1a: Lilligant
|-supereffective|p1a: Lilligant
|-damage|p1a: Lilligant|0 fnt
|faint|p1a: Lilligant
|
|upkeep
|
|t:|1757847170
|switch|p1a: Typhlosion|Typhlosion-Hisui, L50, M, tera:Fire|100/100
|switch|p2b: Tatsugiri|Tatsugiri, L50, F|100/100
|turn|13
|
|t:|1757847176
|move|p1a: Typhlosion|Eruption|p2b: Tatsugiri|[spread] p2a,p2b
|-resisted|p2b: Tatsugiri
|-damage|p2a: Weezing|0 fnt
|-damage|p2b: Tatsugiri|77/100
|faint|p2a: Weezing
|-end|p2a: Weezing|ability: Neutralizing Gas
|move|p1b: Whimsicott|Fake Tears|p2b: Tatsugiri
|-unboost|p2b: Tatsugiri|spd|2
|move|p2b: Tatsugiri|Muddy Water|p1b: Whimsicott|[spread] p1a
|-miss|p2b: Tatsugiri|p1b: Whimsicott
|-supereffective|p1a: Typhlosion
|-damage|p1a: Typhlosion|7/100
|-unboost|p1a: Typhlosion|accuracy|1
|
|upkeep
|turn|14
|
|t:|1757847190
|move|p1a: Typhlosion|Eruption|p2b: Tatsugiri
|-resisted|p2b: Tatsugiri
|-damage|p2b: Tatsugiri|71/100
|move|p2b: Tatsugiri|Muddy Water|p1a: Typhlosion|[spread] p1a,p1b
|-supereffective|p1a: Typhlosion
|-crit|p1a: Typhlosion
|-resisted|p1b: Whimsicott
|-damage|p1a: Typhlosion|0 fnt
|-damage|p1b: Whimsicott|77/100
|faint|p1a: Typhlosion
|move|p1b: Whimsicott|Moonblast|p2b: Tatsugiri
|-supereffective|p2b: Tatsugiri
|-damage|p2b: Tatsugiri|0 fnt
|faint|p2b: Tatsugiri
|
|win|luizhsouza3
||luizhsouza3 is ready for game 2.
||theboyparris is ready for game 2.
|uhtml|next|Next: Game 2 of 3
