|j|☆fr3aky b1lly
|j|☆is_katabo
|html|fr3aky b1llyis_katabo    
|uhtml|bestof|Game 3 of a best-of-3
|t:|1782609070
|gametype|doubles
|player|p1|fr3aky b1lly|jacinthe|
|player|p2|is_katabo|youngster-gen4dp|
|gen|9
|tier|[Gen 9 Champions] VGC 2026 Reg M-B (Bo3)
|rule|Species Clause: Limit one of each Pokémon
|rule|Item Clause: Limit 1 of each item
|clearpoke
|poke|p1|Charizard, L50, M, shiny|
|poke|p1|Sinistcha, L50|
|poke|p1|Incineroar, L50, M|
|poke|p1|Corviknight, L50, F, shiny|
|poke|p1|Sneasler, L50, M|
|poke|p1|Floette-Eternal, L50, F|
|poke|p2|Metagross, L50|
|poke|p2|Ninetales-Alola, L50, F|
|poke|p2|Hydreigon, L50, F|
|poke|p2|Talonflame, L50, M|
|poke|p2|Garchomp, L50, F|
|poke|p2|Rotom-Wash, L50|
|teampreview|4
|showteam|p1|Charizard||CharizarditeX|Blaze|DragonClaw,FlareBlitz,DragonDance,Protect|Adamant||M|||50|]Sinistcha||SitrusBerry|Hospitality|MatchaGotcha,RagePowder,LifeDew,TrickRoom|Bold|||||50|]Incineroar||PasshoBerry|Intimidate|FakeOut,DarkestLariat,FlareBlitz,PartingShot|Adamant||M|||50|]Corviknight||Leftovers|MirrorArmor|BraveBird,Tailwind,Roost,BulkUp|Adamant||F|||50|]Sneasler||WhiteHerb|Unburden|CloseCombat,DireClaw,Coaching,FakeOut|Adamant||M|||50|]Floette-Eternal||Floettite|FlowerVeil|DazzlingGleam,Moonblast,CalmMind,Protect|Modest||F|||50|
|showteam|p2|Metagross||Metagrossite|ClearBody|IronHead,PsychicFangs,BodyPress,Protect|Jolly|||||50|]Ninetales-Alola||NeverMeltIce|SnowWarning|Blizzard,FreezeDry,Encore,Protect|Timid||F|||50|]Hydreigon||FocusSash|Levitate|DracoMeteor,DarkPulse,EarthPower,Protect|Timid||F|||50|]Talonflame|||GaleWings|Acrobatics,FlareBlitz,Tailwind,Protect|Jolly||M|||50|]Garchomp||SitrusBerry|RoughSkin|DragonClaw,Earthquake,RockSlide,Protect|Adamant||F|||50|]Rotom-Wash||Magnet|Levitate|Thunderbolt,HydroPump,WillOWisp,Protect|Modest|||||50|
|j| TimidThunderWave
|c|☆fr3aky b1lly|whole ass rollercoaster there
|
|t:|1782609116
|teamsize|p1|4
|teamsize|p2|4
|start
|switch|p1a: BSR Pill|Sneasler, L50, M|100/100
|switch|p1b: UwU So Scary!|Incineroar, L50, M|100/100
|switch|p2a: Ninetales|Ninetales-Alola, L50, F|100/100
|switch|p2b: Hydreigon|Hydreigon, L50, F|100/100
|-weather|Snowscape|[from] ability: Snow Warning|[of] p2a: Ninetales
|-ability|p1b: UwU So Scary!|Intimidate|boost
|-unboost|p2a: Ninetales|atk|1
|-unboost|p2b: Hydreigon|atk|1
|turn|1
|
|t:|1782609156
|move|p2a: Ninetales|Protect|p2a: Ninetales
|-singleturn|p2a: Ninetales|Protect
|move|p2b: Hydreigon|Protect|p2b: Hydreigon
|-singleturn|p2b: Hydreigon|Protect
|move|p1b: UwU So Scary!|Fake Out|p2b: Hydreigon
|-activate|p2b: Hydreigon|move: Protect
|move|p1a: BSR Pill|Dire Claw|p2a: Ninetales
|-activate|p2a: Ninetales|move: Protect
|
|-weather|Snowscape|[upkeep]
|upkeep
|turn|2
|
|t:|1782609187
|move|p2a: Ninetales|Blizzard|p1b: UwU So Scary!|[spread] p1a,p1b
|-resisted|p1b: UwU So Scary!|1
|-damage|p1a: BSR Pill|56/100
|-damage|p1b: UwU So Scary!|86/100
|move|p1a: BSR Pill|Dire Claw|p2a: Ninetales
|-supereffective|p2a: Ninetales|1
|-damage|p2a: Ninetales|25/100
|move|p2b: Hydreigon|Earth Power|p1a: BSR Pill
|-supereffective|p1a: BSR Pill|1
|-damage|p1a: BSR Pill|0 fnt
|faint|p1a: BSR Pill
|move|p1b: UwU So Scary!|Parting Shot|p2b: Hydreigon
|-unboost|p2b: Hydreigon|atk|1
|-unboost|p2b: Hydreigon|spa|1
|
|t:|1782609203
|switch|p1b: WDIHTE|Floette-Eternal, L50, F|100/100|[from] Parting Shot
|
|-weather|Snowscape|[upkeep]
|upkeep
|
|t:|1782609210
|switch|p1a: UwU So Scary!|Incineroar, L50, M|86/100
|-ability|p1a: UwU So Scary!|Intimidate|boost
|-unboost|p2a: Ninetales|atk|1
|-unboost|p2b: Hydreigon|atk|1
|turn|3
|
|t:|1782609224
|detailschange|p1b: WDIHTE|Floette-Mega, L50, F
|-mega|p1b: WDIHTE|Floette|Floettite
|-ability|p1b: WDIHTE|Fairy Aura
|move|p2a: Ninetales|Blizzard|p1b: WDIHTE|[spread] p1a,p1b
|-resisted|p1a: UwU So Scary!|1
|-damage|p1a: UwU So Scary!|71/100
|-damage|p1b: WDIHTE|79/100
|move|p2b: Hydreigon|Earth Power|p1a: UwU So Scary!
|-supereffective|p1a: UwU So Scary!|1
|-damage|p1a: UwU So Scary!|37/100
|move|p1b: WDIHTE|Dazzling Gleam|p2b: Hydreigon|[spread] p2a,p2b
|-supereffective|p2b: Hydreigon|2
|-damage|p2a: Ninetales|0 fnt
|-enditem|p2b: Hydreigon|Focus Sash
|-damage|p2b: Hydreigon|1/100
|faint|p2a: Ninetales
|move|p1a: UwU So Scary!|Flare Blitz|p2b: Hydreigon
|-resisted|p2b: Hydreigon|1
|-damage|p2b: Hydreigon|0 fnt
|faint|p2b: Hydreigon
|-damage|p1a: UwU So Scary!|36/100|[from] Recoil
|
|-weather|Snowscape|[upkeep]
|upkeep
|
|t:|1782609236
|switch|p2a: Metagross|Metagross, L50|100/100
|switch|p2b: Rotom|Rotom-Wash, L50|100/100
|turn|4
|
|t:|1782609273
|switch|p1a: Sippy Cup|Sinistcha, L50|100/100
|-heal|p1b: WDIHTE|100/100|[from] ability: Hospitality|[of] p1a: Sippy Cup
|detailschange|p2a: Metagross|Metagross-Mega, L50
|-mega|p2a: Metagross|Metagross|Metagrossite
|move|p2a: Metagross|Psychic Fangs|p1a: Sippy Cup
|-damage|p1a: Sippy Cup|55/100
|move|p1b: WDIHTE|Dazzling Gleam|p2a: Metagross|[spread] p2a,p2b
|-resisted|p2a: Metagross|1
|-damage|p2a: Metagross|78/100
|-damage|p2b: Rotom|53/100
|move|p2b: Rotom|Thunderbolt|p1a: Sippy Cup
|-resisted|p1a: Sippy Cup|1
|-damage|p1a: Sippy Cup|32/100
|-enditem|p1a: Sippy Cup|Sitrus Berry|[eat]
|-heal|p1a: Sippy Cup|56/100|[from] item: Sitrus Berry
|
|-weather|Snowscape|[upkeep]
|upkeep
|turn|5
|
|t:|1782609308
|switch|p1a: UwU So Scary!|Incineroar, L50, M|36/100
|-ability|p1a: UwU So Scary!|Intimidate|boost
|-unboost|p2a: Metagross|atk|1
|-unboost|p2b: Rotom|atk|1
|move|p2b: Rotom|Protect|p2b: Rotom
|-singleturn|p2b: Rotom|Protect
|move|p2a: Metagross|Iron Head|p1b: WDIHTE
|-supereffective|p1b: WDIHTE|1
|-damage|p1b: WDIHTE|25/100
|cant|p1b: WDIHTE|flinch
|
|-weather|none
|upkeep
|turn|6
|
|t:|1782609330
|move|p1a: UwU So Scary!|Fake Out|p2a: Metagross
|-resisted|p2a: Metagross|1
|-damage|p2a: Metagross|73/100
|cant|p2a: Metagross|flinch
|move|p1b: WDIHTE|Moonblast|p2b: Rotom
|-damage|p2b: Rotom|0 fnt
|faint|p2b: Rotom
|
|upkeep
|turn|7
|
|t:|1782609362
|switch|p1a: Sippy Cup|Sinistcha, L50|56/100
|-heal|p1b: WDIHTE|50/100g|[from] ability: Hospitality|[of] p1a: Sippy Cup
|move|p2a: Metagross|Psychic Fangs|p1a: Sippy Cup
|-damage|p1a: Sippy Cup|24/100
|move|p1b: WDIHTE|Moonblast|p2a: Metagross
|-resisted|p2a: Metagross|1
|-damage|p2a: Metagross|39/100
|
|upkeep
|turn|8
|c|☆is_katabo|gg
|c|☆fr3aky b1lly|gg
|-message|is_katabo forfeited.
|
|win|fr3aky b1lly
|l|☆fr3aky b1lly
|player|p1|
