|j|☆failandimprove2
|j|☆avocadobabyyy
|html|failandimprove2avocadobabyyy    
|uhtml|bestof|Game 2 of a best-of-3
|t:|1782654526
|gametype|doubles
|player|p1|failandimprove2|1|1157
|player|p2|avocadobabyyy|2|1176
|gen|9
|tier|[Gen 9 Champions] VGC 2026 Reg M-B (Bo3)
|rated|
|rule|Species Clause: Limit one of each Pokémon
|rule|Item Clause: Limit 1 of each item
|clearpoke
|poke|p1|Kingambit, L50, M|
|poke|p1|Charizard, L50, F|
|poke|p1|Aerodactyl, L50, M|
|poke|p1|Farigiraf, L50, M|
|poke|p1|Garchomp, L50, M|
|poke|p1|Sylveon, L50, F|
|poke|p2|Swampert, L50, F|
|poke|p2|Pelipper, L50, M|
|poke|p2|Archaludon, L50, M|
|poke|p2|Sinistcha-Masterpiece, L50|
|poke|p2|Grimmsnarl, L50, M|
|poke|p2|Metagross, L50|
|teampreview|4
|showteam|p1|Kingambit||FocusSash|Defiant|KowtowCleave,IronHead,SuckerPunch,LowKick|Adamant||M|||50|]Charizard||CharizarditeY|Blaze|HeatWave,SolarBeam,WeatherBall,Protect|Modest||F|||50|]Aerodactyl||Aerodactylite|Unnerve|RockSlide,DualWingbeat,IceFang,Tailwind|Jolly||M|||50|]Farigiraf||SitrusBerry|ArmorTail|Psychic,Thunderbolt,TrickRoom,Protect|Bold||M|||50|]Garchomp||LifeOrb|RoughSkin|Earthquake,DragonClaw,StompingTantrum,Protect|Jolly||M|||50|]Sylveon||FairyFeather|Pixilate|HyperVoice,HyperBeam,QuickAttack,Protect|Modest||F|||50|
|showteam|p2|Swampert||Swampertite|Torrent|WaveCrash,Protect,Earthquake,FlipTurn|Adamant||F|||50|]Pelipper||SitrusBerry|Drizzle|WeatherBall,Hurricane,Protect,Tailwind|Modest||M|||50|]Archaludon||Leftovers|Stamina|Protect,ElectroShot,DragonPulse,FlashCannon|Modest||M|||50|]Sinistcha-Masterpiece||CobaBerry|Hospitality|MatchaGotcha,RagePowder,Protect,ShadowBall|Bold|||||50|]Grimmsnarl||LightClay|Prankster|FoulPlay,LightScreen,Reflect,PartingShot|Calm||M|||50|]Metagross||Metagrossite|ClearBody|BulletPunch,PsychicFangs,BodyPress,Protect|Jolly|||||50|
|
|t:|1782654571
|teamsize|p1|4
|teamsize|p2|4
|start
|switch|p1a: Farigiraf|Farigiraf, L50, M|100/100
|switch|p1b: Sylveon|Sylveon, L50, F|100/100
|switch|p2a: Archaludon|Archaludon, L50, M|100/100
|switch|p2b: Grimmsnarl|Grimmsnarl, L50, M|100/100
|turn|1
|
|t:|1782654587
|switch|p1a: Garchomp|Garchomp, L50, M|100/100
|move|p2b: Grimmsnarl|Light Screen|p2b: Grimmsnarl
|-sidestart|p2: avocadobabyyy|move: Light Screen
|move|p2a: Archaludon|Flash Cannon|p1b: Sylveon
|-supereffective|p1b: Sylveon|1
|-damage|p1b: Sylveon|43/100
|-unboost|p1b: Sylveon|spd|1
|move|p1b: Sylveon|Hyper Voice|p2a: Archaludon|[spread] p2a,p2b
|-supereffective|p2b: Grimmsnarl|1
|-damage|p2a: Archaludon|73/100
|-damage|p2b: Grimmsnarl|42/100
|-ability|p2a: Archaludon|Stamina|boost
|-boost|p2a: Archaludon|def|1
|
|-heal|p2a: Archaludon|79/100|[from] item: Leftovers
|upkeep
|turn|2
|
|t:|1782654603
|switch|p1b: Charizard|Charizard, L50, F|100/100
|move|p2b: Grimmsnarl|Reflect|p2b: Grimmsnarl
|-sidestart|p2: avocadobabyyy|Reflect
|move|p1a: Garchomp|Earthquake|p2a: Archaludon|[spread] p2a,p2b
|-immune|p1b: Charizard
|-supereffective|p2a: Archaludon|1
|-damage|p2a: Archaludon|47/100
|-damage|p2b: Grimmsnarl|6/100
|-ability|p2a: Archaludon|Stamina|boost
|-boost|p2a: Archaludon|def|1
|-damage|p1a: Garchomp|90/100|[from] item: Life Orb
|move|p2a: Archaludon|Flash Cannon|p1b: Charizard
|-resisted|p1b: Charizard|1
|-damage|p1b: Charizard|78/100
|
|-heal|p2a: Archaludon|53/100|[from] item: Leftovers
|upkeep
|turn|3
|
|t:|1782654630
|switch|p1a: Farigiraf|Farigiraf, L50, M|100/100
|detailschange|p1b: Charizard|Charizard-Mega-Y, L50, F
|-mega|p1b: Charizard|Charizard|Charizardite Y
|-weather|SunnyDay|[from] ability: Drought|[of] p1b: Charizard
|move|p2b: Grimmsnarl|Parting Shot||[still]
|cant|p1a: Farigiraf|ability: Armor Tail|Parting Shot|[of] p2b: Grimmsnarl
|move|p1b: Charizard|Heat Wave|p2a: Archaludon|[spread] p2a,p2b
|-damage|p2a: Archaludon|12/100
|-damage|p2b: Grimmsnarl|0 fnt
|-ability|p2a: Archaludon|Stamina|boost
|-boost|p2a: Archaludon|def|1
|faint|p2b: Grimmsnarl
|move|p2a: Archaludon|Electro Shot||[still]
|-prepare|p2a: Archaludon|Electro Shot
|-boost|p2a: Archaludon|spa|1
|
|-weather|SunnyDay|[upkeep]
|-heal|p2a: Archaludon|18/100|[from] item: Leftovers
|upkeep
|
|t:|1782654641
|switch|p2b: Pelipper|Pelipper, L50, M|100/100
|-weather|RainDance|[from] ability: Drizzle|[of] p2b: Pelipper
|turn|4
|
|t:|1782654665
|switch|p2b: Swampert|Swampert, L50, F|100/100
|move|p1b: Charizard|Weather Ball|p2a: Archaludon
|-resisted|p2a: Archaludon|1
|-damage|p2a: Archaludon|1/100
|-ability|p2a: Archaludon|Stamina|boost
|-boost|p2a: Archaludon|def|1
|move|p2a: Archaludon|Electro Shot|p1b: Charizard|[from] lockedmove
|-supereffective|p1b: Charizard|1
|-damage|p1b: Charizard|0 fnt
|faint|p1b: Charizard
|move|p1a: Farigiraf|Thunderbolt|p2b: Swampert
|-immune|p2b: Swampert
|
|-weather|RainDance|[upkeep]
|-heal|p2a: Archaludon|6/100|[from] item: Leftovers
|upkeep
|
|t:|1782654676
|switch|p1b: Garchomp|Garchomp, L50, M|90/100
|turn|5
|
|t:|1782654687
|detailschange|p2b: Swampert|Swampert-Mega, L50, F
|-mega|p2b: Swampert|Swampert|Swampertite
|move|p1b: Garchomp|Protect|p1b: Garchomp
|-singleturn|p1b: Garchomp|Protect
|move|p2b: Swampert|Wave Crash|p1b: Garchomp
|-activate|p1b: Garchomp|move: Protect
|move|p2a: Archaludon|Dragon Pulse|p1a: Farigiraf
|-damage|p1a: Farigiraf|45/100
|-enditem|p1a: Farigiraf|Sitrus Berry|[eat]
|-heal|p1a: Farigiraf|70/100|[from] item: Sitrus Berry
|move|p1a: Farigiraf|Trick Room|p1a: Farigiraf
|-fieldstart|move: Trick Room|[of] p1a: Farigiraf
|
|-weather|RainDance|[upkeep]
|-heal|p2a: Archaludon|12/100|[from] item: Leftovers
|upkeep
|turn|6
|
|t:|1782654710
|move|p2a: Archaludon|Protect|p2a: Archaludon
|-singleturn|p2a: Archaludon|Protect
|move|p1a: Farigiraf|Psychic|p2a: Archaludon
|-activate|p2a: Archaludon|move: Protect
|move|p1b: Garchomp|Dragon Claw|p2b: Swampert
|-damage|p2b: Swampert|70/100
|-damage|p1b: Garchomp|80/100|[from] item: Life Orb
|move|p2b: Swampert|Earthquake|p1a: Farigiraf|[spread] p1a,p1b
|-activate|p2a: Archaludon|move: Protect
|-damage|p1a: Farigiraf|36/100
|-damage|p1b: Garchomp|36/100
|
|-weather|RainDance|[upkeep]
|-heal|p2a: Archaludon|18/100|[from] item: Leftovers
|upkeep
|turn|7
|
|t:|1782654735
|switch|p1a: Sylveon|Sylveon, L50, F|43/100
|move|p2a: Archaludon|Dragon Pulse|p1a: Sylveon
|-immune|p1a: Sylveon
|move|p1b: Garchomp|Stomping Tantrum|p2a: Archaludon
|-supereffective|p2a: Archaludon|1
|-damage|p2a: Archaludon|1/100
|-ability|p2a: Archaludon|Stamina|boost
|-boost|p2a: Archaludon|def|1
|-damage|p1b: Garchomp|26/100|[from] item: Life Orb
|move|p2b: Swampert|Earthquake|p1a: Sylveon|[spread] p2a,p1a,p1b
|-supereffective|p2a: Archaludon|1
|-damage|p2a: Archaludon|0 fnt
|-damage|p1a: Sylveon|0 fnt
|-damage|p1b: Garchomp|0 fnt
|faint|p2a: Archaludon
|faint|p1a: Sylveon
|faint|p1b: Garchomp
|
|-weather|RainDance|[upkeep]
|upkeep
|-message|failandimprove2 forfeited.
|
|win|avocadobabyyy
|raw|failandimprove2's rating: 1157 → 1133(-24 for losing)
|raw|avocadobabyyy's rating: 1176 → 1200(+24 for winning)
