|j|☆EastgermanDominanz
|j|☆Ribombees believer
|html|EastgermanDominanzRibombees believer    
|uhtml|bestof|Game 3 of a best-of-3
|t:|1756676880
|gametype|doubles
|player|p1|EastgermanDominanz|psychic-gen4|1305
|player|p2|Ribombees believer|skier|1355
|gen|9
|tier|[Gen 9] VGC 2025 Reg H (Bo3)
|rated|
|rule|Species Clause: Limit one of each Pokémon
|rule|Item Clause: Limit 1 of each item
|clearpoke
|poke|p1|Tyranitar, L50, F|
|poke|p1|Annihilape, L50, M|
|poke|p1|Volcarona, L50, M|
|poke|p1|Sneasler, L50, M|
|poke|p1|Murkrow, L50, F|
|poke|p1|Gholdengo, L50|
|poke|p2|Dondozo, L50, M|
|poke|p2|Tatsugiri, L50, F|
|poke|p2|Indeedee, L50, M|
|poke|p2|Dragapult, L50, F|
|poke|p2|Ribombee, L50, F|
|poke|p2|Gholdengo, L50|
|teampreview|4
|showteam|p1|Tyranitar||AssaultVest|SandStream|RockSlide,KnockOff,TeraBlast,LowKick|||F|||50|,,,,,Flying]Annihilape||SafetyGoggles|Defiant|DrainPunch,RageFist,BulkUp,Protect|||M|||50|,,,,,Water]Volcarona||SitrusBerry|FlameBody|HeatWave,TeraBlast,Protect,QuiverDance|||M|||50|,,,,,Fairy]Sneasler||WhiteHerb|Unburden|FakeOut,CloseCombat,DireClaw,Coaching|||M|||50|,,,,,Dark]Murkrow||Eviolite|Prankster|Tailwind,Haze,FoulPlay,Quash|||F|||50|,,,,,Dark]Gholdengo||LifeOrb|GoodasGold|MakeItRain,ShadowBall,NastyPlot,Protect||||||50|,,,,,Water
|showteam|p2|Dondozo||Leftovers|Unaware|WaveCrash,Earthquake,OrderUp,Protect|||M|||50|,,,,,Grass]Tatsugiri||ChoiceScarf|Commander|MuddyWater,DracoMeteor,DragonPulse,TeraBlast|||F|||50|,,,,,Fairy]Indeedee||FocusSash|PsychicSurge|ExpandingForce,TeraBlast,HyperVoice,Protect|||M|||50|,,,,,Fighting]Dragapult||ChoiceBand|ClearBody|DragonDarts,Outrage,PhantomForce,Uturn|||F|||50|,,,,,Dragon]Ribombee||ChoiceSpecs|ShieldDust|Moonblast,PollenPuff,DazzlingGleam,TeraBlast|||F|||50|,,,,,Ground]Gholdengo||LifeOrb|GoodasGold|MakeItRain,ShadowBall,Thunderbolt,Protect||||||50|,,,,,Water
|inactive|Battle timer is ON: inactive players will automatically lose when time's up. (requested by Ribombees believer)
|
|t:|1756676897
|teamsize|p1|4
|teamsize|p2|4
|start
|switch|p1a: Tyranitar|Tyranitar, L50, F|100/100
|switch|p1b: Sneasler|Sneasler, L50, M|100/100
|switch|p2a: ilaunchmybro|Dragapult, L50, F|100/100
|switch|p2b: Big Back|Dondozo, L50, M|100/100
|-weather|Sandstorm|[from] ability: Sand Stream|[of] p1a: Tyranitar
|turn|1
|inactive|Ribombees believer has 30 seconds left.
|
|t:|1756676925
|move|p1b: Sneasler|Fake Out|p2b: Big Back
|-damage|p2b: Big Back|91/100
|move|p2a: ilaunchmybro|U-turn|p1a: Tyranitar
|-supereffective|p1a: Tyranitar
|-damage|p1a: Tyranitar|43/100
|
|t:|1756676933
|switch|p2a: Alaskan Roll|Tatsugiri, L50, F|100/100|[from] U-turn
|-activate|p2a: Alaskan Roll|ability: Commander|[of] p2b: Big Back
|-boost|p2b: Big Back|atk|2
|-boost|p2b: Big Back|spa|2
|-boost|p2b: Big Back|spe|2
|-boost|p2b: Big Back|def|2
|-boost|p2b: Big Back|spd|2
|cant|p2b: Big Back|flinch
|move|p1a: Tyranitar|Knock Off|p2a: Alaskan Roll|[miss]
|-miss|p1a: Tyranitar|p2a: Alaskan Roll
|
|-weather|Sandstorm|[upkeep]
|-damage|p2a: Alaskan Roll|94/100|[from] Sandstorm
|-damage|p1b: Sneasler|95/100|[from] Sandstorm
|-damage|p2b: Big Back|85/100|[from] Sandstorm
|-heal|p2b: Big Back|91/100|[from] item: Leftovers
|upkeep
|turn|2
|j| kingofweedles
|inactive|Ribombees believer has 30 seconds left.
|
|t:|1756676965
|move|p1b: Sneasler|Dire Claw|p2b: Big Back
|-damage|p2b: Big Back|77/100
|-status|p2b: Big Back|psn
|move|p2b: Big Back|Wave Crash|p1b: Sneasler
|-damage|p1b: Sneasler|0 fnt
|faint|p1b: Sneasler
|-damage|p2b: Big Back|55/100 psn|[from] Recoil
|move|p1a: Tyranitar|Knock Off|p2b: Big Back
|-damage|p2b: Big Back|37/100 psn
|-enditem|p2b: Big Back|Leftovers|[from] move: Knock Off|[of] p1a: Tyranitar
|
|-weather|Sandstorm|[upkeep]
|-damage|p2a: Alaskan Roll|88/100|[from] Sandstorm
|-damage|p2b: Big Back|31/100 psn|[from] Sandstorm
|-damage|p2b: Big Back|18/100 psn|[from] psn
|upkeep
|
|t:|1756676982
|switch|p1b: Wismut Aue|Murkrow, L50, F, shiny|100/100
|turn|3
|
|t:|1756676996
|move|p1b: Wismut Aue|Haze|p1b: Wismut Aue
|-clearallboost
|move|p2b: Big Back|Wave Crash|p1a: Tyranitar
|-supereffective|p1a: Tyranitar
|-damage|p1a: Tyranitar|0 fnt
|faint|p1a: Tyranitar
|-damage|p2b: Big Back|6/100 psn|[from] Recoil
|
|-weather|Sandstorm|[upkeep]
|-damage|p2a: Alaskan Roll|82/100|[from] Sandstorm
|-damage|p1b: Wismut Aue|95/100|[from] Sandstorm
|-damage|p2b: Big Back|0 fnt|[from] Sandstorm
|faint|p2b: Big Back
|upkeep
|
|t:|1756677014
|switch|p2b: Gholdengo|Gholdengo, L50|100/100
|switch|p1a: Volcarona|Volcarona, L50, M|100/100
|turn|4
|
|t:|1756677037
|-terastallize|p2b: Gholdengo|Water
|move|p1b: Wismut Aue|Tailwind|p1b: Wismut Aue
|-sidestart|p1: EastgermanDominanz|move: Tailwind
|move|p1a: Volcarona|Quiver Dance|p1a: Volcarona
|-boost|p1a: Volcarona|spa|1
|-boost|p1a: Volcarona|spd|1
|-boost|p1a: Volcarona|spe|1
|move|p2a: Alaskan Roll|Muddy Water|p1a: Volcarona|[spread] p1a,p1b
|-supereffective|p1a: Volcarona
|-damage|p1a: Volcarona|56/100
|-damage|p1b: Wismut Aue|55/100
|move|p2b: Gholdengo|Make It Rain|p1a: Volcarona|[spread] p1a,p1b
|-resisted|p1a: Volcarona
|-damage|p1a: Volcarona|34/100
|-damage|p1b: Wismut Aue|0 fnt
|-unboost|p2b: Gholdengo|spa|1
|-enditem|p1a: Volcarona|Sitrus Berry|[eat]
|-heal|p1a: Volcarona|59/100|[from] item: Sitrus Berry
|faint|p1b: Wismut Aue
|-damage|p2b: Gholdengo|91/100|[from] item: Life Orb
|
|-weather|Sandstorm|[upkeep]
|-damage|p1a: Volcarona|53/100|[from] Sandstorm
|-damage|p2a: Alaskan Roll|76/100|[from] Sandstorm
|-damage|p2b: Gholdengo|84/100|[from] Sandstorm
|upkeep
|turn|5
|inactive|EastgermanDominanz has 30 seconds left.
|inactive|EastgermanDominanz has 20 seconds left.
|inactive|EastgermanDominanz has 15 seconds left.
|
|t:|1756677077
|-terastallize|p1a: Volcarona|Fairy
|move|p1a: Volcarona|Tera Blast|p2b: Gholdengo|[anim] Tera Blast Fairy
|-damage|p2b: Gholdengo|28/100
|move|p2a: Alaskan Roll|Muddy Water|p1a: Volcarona
|-damage|p1a: Volcarona|24/100
|-unboost|p1a: Volcarona|accuracy|1
|move|p2b: Gholdengo|Make It Rain|p1a: Volcarona
|-supereffective|p1a: Volcarona
|-damage|p1a: Volcarona|0 fnt
|-unboost|p2b: Gholdengo|spa|1
|faint|p1a: Volcarona
|-damage|p2b: Gholdengo|19/100|[from] item: Life Orb
|
|win|Ribombees believer
|raw|EastgermanDominanz's rating: 1305 → 1288(-17 for losing)
|raw|Ribombees believer's rating: 1355 → 1372(+17 for winning)
|l|☆EastgermanDominanz
|player|p1|
