|j|☆graal_of_gamers
|j|‽Smimr
|html|graal_of_gamersSmimr    
|uhtml|bestof|Game 2 of a best-of-3
|t:|1786205666
|gametype|doubles
|player|p1|graal_of_gamers|1|
|player|p2|Smimr|richboy-gen4|
|gen|9
|tier|[Gen 9 Champions] VGC 2026 Reg M-B (Bo3)
|rule|Species Clause: Limit one of each Pokémon
|rule|Item Clause: Limit 1 of each item
|clearpoke
|poke|p1|Steelix, L50, M, shiny|
|poke|p1|Slowbro, L50, F, shiny|
|poke|p1|Sylveon, L50, M, shiny|
|poke|p1|Luxray, L50, F, shiny|
|poke|p1|Sableye, L50, M, shiny|
|poke|p1|Mr. Rime, L50, M, shiny|
|poke|p2|Runerigus, L50, F|
|poke|p2|Slowbro, L50, F|
|poke|p2|Emboar, L50, F|
|poke|p2|Abomasnow, L50, M|
|poke|p2|Steelix, L50, F|
|poke|p2|Sableye, L50, F|
|teampreview|4
|showteam|p1|Steelix||Steelixite|Sturdy|HeavySlam,HighHorsepower,BodyPress,Protect|Impish||M|||50|]Slowbro||Slowbronite|Oblivious|HydroPump,SlackOff,Protect,TrickRoom|Relaxed||F|||50|]Sylveon||LifeOrb|Pixilate|HyperVoice,Protect,QuickAttack,CalmMind|Modest||M|||50|]Luxray||Magnet|Intimidate|VoltSwitch,SupercellSlam,Protect,Snarl|Sassy||F|||50|]Sableye||LightClay|Prankster|LightScreen,FakeOut,Encore,FoulPlay|Impish||M|||50|]Mr. Rime||ExpertBelt|ScreenCleaner|FakeOut,FreezeDry,Psychic,Protect|Modest||M|||50|
|showteam|p2|Runerigus||MentalHerb|WanderingSpirit|TrickRoom,Taunt,WillOWisp,Poltergeist|Sassy||F|||50|]Slowbro||Leftovers|Regenerator|TrickRoom,Scald,CalmMind,SlackOff|Relaxed||F|||50|]Emboar||LifeOrb|Reckless|FlareBlitz,CloseCombat,WildCharge,Protect|Brave||F|||50|]Abomasnow||Abomasite|SnowWarning|Blizzard,EarthPower,GigaDrain,Protect|Quiet||M|||50|]Steelix||Steelixite|Sturdy|GyroBall,HighHorsepower,Curse,Protect|Brave||F|||50|]Sableye||LightClay|Prankster|LightScreen,Reflect,Quash,FakeOut|Calm||F|||50|
|
|t:|1786205685
|teamsize|p1|4
|teamsize|p2|4
|start
|switch|p1a: Товарищ Сталин|Mr. Rime, L50, M, shiny|100/100
|switch|p1b: Чиловая Выдра|Slowbro, L50, F, shiny|100/100
|switch|p2a: Sableye|Sableye, L50, F|100/100
|switch|p2b: Slowbro|Slowbro, L50, F|100/100
|turn|1
|
|t:|1786205707
|detailschange|p1b: Чиловая Выдра|Slowbro-Mega, L50, F, shiny
|-mega|p1b: Чиловая Выдра|Slowbro|Slowbronite
|move|p1a: Товарищ Сталин|Fake Out|p2b: Slowbro
|-damage|p2b: Slowbro|95/100
|move|p2a: Sableye|Fake Out|p1b: Чиловая Выдра
|-damage|p1b: Чиловая Выдра|97/100
|cant|p1b: Чиловая Выдра|flinch
|cant|p2b: Slowbro|flinch
|
|-heal|p2b: Slowbro|100/100|[from] item: Leftovers
|upkeep
|turn|2
|
|t:|1786205719
|move|p2a: Sableye|Light Screen|p2a: Sableye
|-sidestart|p2: Smimr|move: Light Screen
|move|p1a: Товарищ Сталин|Freeze-Dry|p2b: Slowbro
|-supereffective|p2b: Slowbro|1
|-damage|p2b: Slowbro|44/100
|move|p1b: Чиловая Выдра|Hydro Pump|p2a: Sableye
|-damage|p2a: Sableye|62/100
|move|p2b: Slowbro|Trick Room|p2b: Slowbro
|-fieldstart|move: Trick Room|[of] p2b: Slowbro
|
|-heal|p2b: Slowbro|50/100g|[from] item: Leftovers
|upkeep
|turn|3
|
|t:|1786205764
|move|p2a: Sableye|Reflect|p2a: Sableye
|-sidestart|p2: Smimr|Reflect
|move|p2b: Slowbro|Calm Mind|p2b: Slowbro
|-boost|p2b: Slowbro|spa|1
|-boost|p2b: Slowbro|spd|1
|move|p1a: Товарищ Сталин|Freeze-Dry|p2b: Slowbro
|-supereffective|p2b: Slowbro|1
|-damage|p2b: Slowbro|11/100
|move|p1b: Чиловая Выдра|Trick Room|p1b: Чиловая Выдра
|-fieldend|move: Trick Room
|
|-heal|p2b: Slowbro|17/100|[from] item: Leftovers
|upkeep
|turn|4
|
|t:|1786205787
|move|p2a: Sableye|Quash|p1a: Товарищ Сталин
|-activate|p1a: Товарищ Сталин|move: Quash
|move|p1b: Чиловая Выдра|Hydro Pump|p2a: Sableye
|-damage|p2a: Sableye|29/100
|move|p2b: Slowbro|Slack Off|p2b: Slowbro
|-heal|p2b: Slowbro|67/100
|move|p1a: Товарищ Сталин|Freeze-Dry|p2b: Slowbro
|-supereffective|p2b: Slowbro|1
|-damage|p2b: Slowbro|25/100
|
|-heal|p2b: Slowbro|31/100|[from] item: Leftovers
|upkeep
|turn|5
|
|t:|1786205806
|move|p2a: Sableye|Quash|p1a: Товарищ Сталин
|-activate|p1a: Товарищ Сталин|move: Quash
|move|p1b: Чиловая Выдра|Hydro Pump|p2a: Sableye
|-damage|p2a: Sableye|0 fnt
|faint|p2a: Sableye
|move|p2b: Slowbro|Slack Off|p2b: Slowbro
|-heal|p2b: Slowbro|81/100
|move|p1a: Товарищ Сталин|Freeze-Dry|p2b: Slowbro
|-supereffective|p2b: Slowbro|1
|-damage|p2b: Slowbro|42/100
|
|-heal|p2b: Slowbro|48/100|[from] item: Leftovers
|upkeep
|
|t:|1786205815
|switch|p2a: Emboar|Emboar, L50, F|100/100
|turn|6
|
|t:|1786205857
|move|p1a: Товарищ Сталин|Freeze-Dry|p2b: Slowbro
|-supereffective|p2b: Slowbro|1
|-damage|p2b: Slowbro|7/100
|move|p2a: Emboar|Wild Charge|p1b: Чиловая Выдра
|-supereffective|p1b: Чиловая Выдра|1
|-damage|p1b: Чиловая Выдра|47/100
|-damage|p2a: Emboar|88/100|[from] Recoil
|-damage|p2a: Emboar|78/100|[from] item: Life Orb
|move|p1b: Чиловая Выдра|Hydro Pump|p2a: Emboar
|-supereffective|p2a: Emboar|1
|-damage|p2a: Emboar|10/100
|move|p2b: Slowbro|Trick Room|p2b: Slowbro
|-fieldstart|move: Trick Room|[of] p2b: Slowbro
|
|-heal|p2b: Slowbro|13/100|[from] item: Leftovers
|upkeep
|turn|7
|
|t:|1786205885
|move|p2a: Emboar|Protect|p2a: Emboar
|-singleturn|p2a: Emboar|Protect
|move|p2b: Slowbro|Slack Off|p2b: Slowbro
|-heal|p2b: Slowbro|63/100
|move|p1a: Товарищ Сталин|Freeze-Dry|p2b: Slowbro
|-supereffective|p2b: Slowbro|1
|-damage|p2b: Slowbro|23/100
|move|p1b: Чиловая Выдра|Trick Room|p1b: Чиловая Выдра
|-fieldend|move: Trick Room
|
|-heal|p2b: Slowbro|29/100|[from] item: Leftovers
|upkeep
|turn|8
|
|t:|1786205908
|move|p1b: Чиловая Выдра|Protect|p1b: Чиловая Выдра
|-singleturn|p1b: Чиловая Выдра|Protect
|move|p1a: Товарищ Сталин|Freeze-Dry|p2b: Slowbro
|-supereffective|p2b: Slowbro|1
|-crit|p2b: Slowbro
|-damage|p2b: Slowbro|0 fnt
|faint|p2b: Slowbro
|move|p2a: Emboar|Flare Blitz|p1a: Товарищ Сталин
|-supereffective|p1a: Товарищ Сталин|1
|-damage|p1a: Товарищ Сталин|0 fnt
|faint|p1a: Товарищ Сталин
|-damage|p2a: Emboar|0 fnt|[from] Recoil
|faint|p2a: Emboar
|
|upkeep
|
|t:|1786205937
|switch|p1a: ЛжеНегр|Luxray, L50, F, shiny|100/100
|switch|p2b: Steelix|Steelix, L50, F|100/100
|-ability|p1a: ЛжеНегр|Intimidate|boost
|-unboost|p2b: Steelix|atk|1
|turn|9
|
|t:|1786205952
|detailschange|p2b: Steelix|Steelix-Mega, L50, F
|-mega|p2b: Steelix|Steelix|Steelixite
|move|p1a: ЛжеНегр|Snarl|p2b: Steelix
|-crit|p2b: Steelix
|-damage|p2b: Steelix|81/100
|-unboost|p2b: Steelix|spa|1
|move|p2b: Steelix|Curse|p2b: Steelix
|-unboost|p2b: Steelix|spe|1
|-boost|p2b: Steelix|atk|1
|-boost|p2b: Steelix|def|1
|move|p1b: Чиловая Выдра|Slack Off|p1b: Чиловая Выдра
|-heal|p1b: Чиловая Выдра|97/100
|
|-sideend|p2: Smimr|move: Light Screen
|upkeep
|turn|10
|
|t:|1786205972
|switch|p1a: Хатсуке Мику|Sylveon, L50, M, shiny|100/100
|move|p1b: Чиловая Выдра|Hydro Pump|p2b: Steelix
|-supereffective|p2b: Steelix|1
|-damage|p2b: Steelix|0 fnt
|faint|p2b: Steelix
|
|win|graal_of_gamers
