|j|☆rangersxx30
|j|☆MilitaryPika
|html|rangersxx30MilitaryPika    
|uhtml|bestof|Game 2 of a best-of-3
|t:|1783726268
|gametype|doubles
|player|p1|rangersxx30|2|
|player|p2|MilitaryPika|1|
|gen|9
|tier|[Gen 9 Champions] VGC 2026 Reg M-B (Bo3)
|rule|Species Clause: Limit one of each Pokémon
|rule|Item Clause: Limit 1 of each item
|clearpoke
|poke|p1|Aerodactyl, L50, M|
|poke|p1|Kingambit, L50, M|
|poke|p1|Sylveon, L50, F|
|poke|p1|Garchomp, L50, M|
|poke|p1|Charizard, L50, M|
|poke|p1|Incineroar, L50, F|
|poke|p2|Gengar, L50, M|
|poke|p2|Incineroar, L50, M|
|poke|p2|Archaludon, L50, F|
|poke|p2|Politoed, L50, M|
|poke|p2|Vivillon, L50, F|
|poke|p2|Swampert, L50, M|
|teampreview|4
|showteam|p1|Aerodactyl||Aerodactylite|Unnerve|RockSlide,IceFang,Tailwind,WideGuard|Jolly||M|||50|]Kingambit||FocusSash|Defiant|KowtowCleave,SuckerPunch,IronHead,Protect|Adamant||M|||50|]Sylveon||FairyFeather|Pixilate|Detect,HyperVoice,HyperBeam,QuickAttack|Modest||F|||50|]Garchomp||LifeOrb|RoughSkin|Earthquake,DragonClaw,StompingTantrum,Protect|Jolly||M|||50|]Charizard||CharizarditeY|Blaze|Protect,HeatWave,SolarBeam,WeatherBall|Modest||M|||50|]Incineroar||SitrusBerry|Intimidate|DarkestLariat,FlareBlitz,FakeOut,PartingShot|Impish||F|||50|
|showteam|p2|Gengar||Gengarite|CursedBody|Protect,ShadowBall,Disable,PerishSong|Timid||M|||50|]Incineroar||PasshoBerry|Intimidate|Protect,PartingShot,FakeOut,ThroatChop|Careful||M|||50|]Archaludon||Leftovers|Stamina|Protect,FlashCannon,DragonPulse,ElectroShot|Modest||F|||50|]Politoed||SitrusBerry|Drizzle|WeatherBall,PerishSong,Protect,Encore|Calm||M|||50|]Vivillon||FocusSash|CompoundEyes|RagePowder,Protect,SleepPowder,Hurricane|Timid||F|||50|]Swampert||Swampertite|Torrent|Protect,WaveCrash,HighHorsepower,IcePunch|Adamant||M|||50|
|j| L1mun
|j| CompletelyWashed
|j| Kekerzz
|j| Wangy Chan
|
|t:|1783726312
|teamsize|p1|4
|teamsize|p2|4
|start
|switch|p1a: Kingambit|Kingambit, L50, M|100/100
|switch|p1b: Charizard|Charizard, L50, M|100/100
|switch|p2a: Gengar|Gengar, L50, M|100/100
|switch|p2b: Incineroar|Incineroar, L50, M|100/100
|-ability|p2b: Incineroar|Intimidate|boost
|-unboost|p1a: Kingambit|atk|1
|-ability|p1a: Kingambit|Defiant|boost
|-boost|p1a: Kingambit|atk|2
|-unboost|p1b: Charizard|atk|1
|turn|1
|
|t:|1783726331
|detailschange|p2a: Gengar|Gengar-Mega, L50, M
|-mega|p2a: Gengar|Gengar|Gengarite
|detailschange|p1b: Charizard|Charizard-Mega-Y, L50, M
|-mega|p1b: Charizard|Charizard|Charizardite Y
|-weather|SunnyDay|[from] ability: Drought|[of] p1b: Charizard
|move|p2b: Incineroar|Fake Out|p1a: Kingambit
|-resisted|p1a: Kingambit|1
|-damage|p1a: Kingambit|95/100
|move|p2a: Gengar|Perish Song|p2a: Gengar
|-start|p1a: Kingambit|perish3|[silent]
|-start|p1b: Charizard|perish3|[silent]
|-start|p2a: Gengar|perish3|[silent]
|-start|p2b: Incineroar|perish3|[silent]
|-fieldactivate|move: Perish Song
|move|p1b: Charizard|Weather Ball|p2a: Gengar
|-damage|p2a: Gengar|2/100
|cant|p1a: Kingambit|flinch
|
|-weather|SunnyDay|[upkeep]
|-start|p2a: Gengar|perish3
|-start|p1b: Charizard|perish3
|-start|p1a: Kingambit|perish3
|-start|p2b: Incineroar|perish3
|upkeep
|turn|2
|
|t:|1783726353
|move|p2a: Gengar|Protect|p2a: Gengar
|-singleturn|p2a: Gengar|Protect
|move|p2b: Incineroar|Protect|p2b: Incineroar
|-singleturn|p2b: Incineroar|Protect
|move|p1b: Charizard|Heat Wave|p2a: Gengar|[spread] 
|-activate|p2a: Gengar|move: Protect
|-activate|p2b: Incineroar|move: Protect
|move|p1a: Kingambit|Kowtow Cleave|p2a: Gengar
|-activate|p2a: Gengar|move: Protect
|
|-weather|SunnyDay|[upkeep]
|-start|p2a: Gengar|perish2
|-start|p1b: Charizard|perish2
|-start|p1a: Kingambit|perish2
|-start|p2b: Incineroar|perish2
|upkeep
|turn|3
|
|t:|1783726407
|move|p2a: Gengar|Protect|p2a: Gengar
|-singleturn|p2a: Gengar|Protect
|move|p1b: Charizard|Heat Wave|p2a: Gengar|[spread] p2b
|-activate|p2a: Gengar|move: Protect
|-resisted|p2b: Incineroar|1
|-damage|p2b: Incineroar|77/100
|move|p1a: Kingambit|Kowtow Cleave|p2b: Incineroar
|-resisted|p2b: Incineroar|1
|-crit|p2b: Incineroar
|-damage|p2b: Incineroar|30/100
|move|p2b: Incineroar|Parting Shot|p1b: Charizard
|-unboost|p1b: Charizard|atk|1
|-unboost|p1b: Charizard|spa|1
|j| thewoohimself
|j| iMysticLeafeon
|
|t:|1783726420
|switch|p2b: Politoed|Politoed, L50, M|100/100|[from] Parting Shot
|-weather|RainDance|[from] ability: Drizzle|[of] p2b: Politoed
|
|-weather|RainDance|[upkeep]
|-start|p2a: Gengar|perish1
|-start|p1b: Charizard|perish1
|-start|p1a: Kingambit|perish1
|upkeep
|turn|4
|
|t:|1783726438
|move|p2b: Politoed|Protect|p2b: Politoed
|-singleturn|p2b: Politoed|Protect
|move|p2a: Gengar|Disable|p1a: Kingambit
|-start|p1a: Kingambit|Disable|Kowtow Cleave
|move|p1b: Charizard|Weather Ball|p2a: Gengar
|-damage|p2a: Gengar|0 fnt
|faint|p2a: Gengar
|cant|p1a: Kingambit|Disable|Kowtow Cleave
|
|-weather|RainDance|[upkeep]
|-start|p1b: Charizard|perish0
|-start|p1a: Kingambit|perish0
|faint|p1b: Charizard
|faint|p1a: Kingambit
|upkeep
|
|t:|1783726451
|switch|p2a: Incineroar|Incineroar, L50, M|30/100
|switch|p1b: Garchomp|Garchomp, L50, M|100/100
|switch|p1a: Incineroar|Incineroar, L50, F|100/100
|-ability|p2a: Incineroar|Intimidate|boost
|-unboost|p1a: Incineroar|atk|1
|-unboost|p1b: Garchomp|atk|1
|-ability|p1a: Incineroar|Intimidate|boost
|-unboost|p2a: Incineroar|atk|1
|-unboost|p2b: Politoed|atk|1
|turn|5
|
|t:|1783726471
|move|p1a: Incineroar|Fake Out|p2b: Politoed
|-damage|p2b: Politoed|93/100
|move|p2a: Incineroar|Fake Out|p1a: Incineroar
|-damage|p1a: Incineroar|95/100
|move|p1b: Garchomp|Stomping Tantrum|p2a: Incineroar
|-supereffective|p2a: Incineroar|1
|-damage|p2a: Incineroar|0 fnt
|faint|p2a: Incineroar
|-damage|p1b: Garchomp|90/100|[from] item: Life Orb
|cant|p2b: Politoed|flinch
|
|-weather|RainDance|[upkeep]
|upkeep
|l| thewoohimself
|
|t:|1783726475
|switch|p2a: Archaludon|Archaludon, L50, F|100/100
|turn|6
|j| thewoohimself
|
|t:|1783726495
|move|p1b: Garchomp|Protect|p1b: Garchomp
|-singleturn|p1b: Garchomp|Protect
|move|p2a: Archaludon|Dragon Pulse|p1b: Garchomp
|-activate|p1b: Garchomp|move: Protect
|move|p2b: Politoed|Weather Ball|p1a: Incineroar
|-supereffective|p1a: Incineroar|1
|-damage|p1a: Incineroar|4/100
|-enditem|p1a: Incineroar|Sitrus Berry|[eat]
|-heal|p1a: Incineroar|29/100|[from] item: Sitrus Berry
|move|p1a: Incineroar|Parting Shot|p2a: Archaludon
|-unboost|p2a: Archaludon|atk|1
|-unboost|p2a: Archaludon|spa|1
|
|-weather|RainDance|[upkeep]
|upkeep
|turn|7
|j| ConnorClub
|
|t:|1783726532
|move|p1b: Garchomp|Dragon Claw|p2b: Politoed
|-damage|p2b: Politoed|60/100
|-damage|p1b: Garchomp|80/100|[from] item: Life Orb
|move|p2a: Archaludon|Electro Shot||[still]
|-prepare|p2a: Archaludon|Electro Shot
|-boost|p2a: Archaludon|spa|1
|-anim|p2a: Archaludon|Electro Shot|p1a: Incineroar
|-crit|p1a: Incineroar
|-damage|p1a: Incineroar|0 fnt
|faint|p1a: Incineroar
|move|p2b: Politoed|Weather Ball|p1b: Garchomp
|-damage|p1b: Garchomp|28/100
|
|-weather|none
|upkeep
|turn|8
|
|t:|1783726553
|move|p1b: Garchomp|Earthquake|p2a: Archaludon|[spread] p2a,p2b
|-supereffective|p2a: Archaludon|1
|-damage|p2a: Archaludon|47/100
|-damage|p2b: Politoed|29/100
|-ability|p2a: Archaludon|Stamina|boost
|-boost|p2a: Archaludon|def|1
|-enditem|p2b: Politoed|Sitrus Berry|[eat]
|-heal|p2b: Politoed|54/100|[from] item: Sitrus Berry
|-damage|p1b: Garchomp|19/100|[from] item: Life Orb
|move|p2a: Archaludon|Dragon Pulse|p1b: Garchomp
|-supereffective|p1b: Garchomp|1
|-damage|p1b: Garchomp|0 fnt
|faint|p1b: Garchomp
|
|win|MilitaryPika
||MilitaryPika is ready for game 3.
|inactive|rangersxx30 has 30 seconds to confirm battle start!
|l| thewoohimself
|inactive|rangersxx30 has 20 seconds to confirm battle start!
||rangersxx30 is ready for game 3.
|uhtml|next|Next: Game 3 of 3
|j| thewoohimself
|l|☆rangersxx30
|player|p1|
|l| Kekerzz
