|j|☆Perdi o bolao
|j|☆ben's last ride
|html|Perdi o bolaoben's last ride    
|uhtml|bestof|Game 2 of a best-of-3
|t:|1785467388
|gametype|doubles
|player|p1|Perdi o bolao|265|1160
|player|p2|ben's last ride|1|1079
|gen|9
|tier|[Gen 9 Champions] VGC 2026 Reg M-B (Bo3)
|rated|
|rule|Species Clause: Limit one of each Pokémon
|rule|Item Clause: Limit 1 of each item
|clearpoke
|poke|p1|Gardevoir, L50, M|
|poke|p1|Basculegion, L50, M|
|poke|p1|Talonflame, L50, M|
|poke|p1|Maushold, L50|
|poke|p1|Kingambit, L50, F|
|poke|p1|Kommo-o, L50, M|
|poke|p2|Garchomp, L50, F, shiny|
|poke|p2|Incineroar, L50, M|
|poke|p2|Floette-Eternal, L50, F|
|poke|p2|Sinistcha, L50|
|poke|p2|Sneasler, L50, M|
|poke|p2|Kingambit, L50, M|
|teampreview|4
|showteam|p1|Gardevoir||Gardevoirite|Trace|HyperVoice,Psychic,Thunderbolt,Protect|Modest||M|||50|]Basculegion||ChoiceScarf|Adaptability|WaveCrash,LastRespects,FlipTurn,AquaJet|Jolly||M|||50|]Talonflame||SharpBeak|GaleWings|DualWingbeat,FlareBlitz,Tailwind,Protect|Jolly||M|||50|]Maushold||FocusSash|FriendGuard|SuperFang,Feint,FollowMe,Protect|Jolly|||||50|]Kingambit||ExpertBelt|Defiant|KowtowCleave,SuckerPunch,IronHead,LowKick|Jolly||F|||50|]Kommo-o||LifeOrb|Soundproof|ClangingScales,DracoMeteor,AuraSphere,Protect|Timid||M|||50|
|showteam|p2|Garchomp||Garchompite|SandVeil|Earthquake,StompingTantrum,RockSlide,Protect|Adamant||F|||50|]Incineroar||Leftovers|Intimidate|FlareBlitz,HelpingHand,PartingShot,FakeOut|Sassy||M|||50|]Floette-Eternal||Floettite|FlowerVeil|DazzlingGleam,DrainingKiss,CalmMind,Protect|Timid||F|||50|]Sinistcha||SitrusBerry|Hospitality|MatchaGotcha,RagePowder,TrickRoom,Protect|Bold|||||50|]Sneasler||FocusSash|PoisonTouch|CloseCombat,DireClaw,FakeOut,Coaching|Naive||M|||50|]Kingambit||ChopleBerry|Defiant|KowtowCleave,SuckerPunch,IronHead,Protect|Adamant||M|||50|
|inactive|Battle timer is ON: inactive players will automatically lose when time's up. (requested by Perdi o bolao)
|
|t:|1785467416
|teamsize|p1|4
|teamsize|p2|4
|start
|switch|p1a: Maushold|Maushold, L50|100/100
|switch|p1b: Gardevoir|Gardevoir, L50, M|100/100
|switch|p2a: Floette|Floette-Eternal, L50, F|100/100
|switch|p2b: Incineroar|Incineroar, L50, M|100/100
|-ability|p1b: Gardevoir|Flower Veil|Trace|[from] ability: Trace|[of] p2a: Floette
|-ability|p2b: Incineroar|Intimidate|boost
|-unboost|p1a: Maushold|atk|1
|-unboost|p1b: Gardevoir|atk|1
|turn|1
|
|t:|1785467433
|detailschange|p1b: Gardevoir|Gardevoir-Mega, L50, M
|-mega|p1b: Gardevoir|Gardevoir|Gardevoirite
|move|p1a: Maushold|Super Fang|p2a: Floette
|-damage|p2a: Floette|50/100y
|move|p2a: Floette|Calm Mind|p2a: Floette
|-boost|p2a: Floette|spa|1
|-boost|p2a: Floette|spd|1
|move|p1b: Gardevoir|Hyper Voice|p2b: Incineroar|[spread] p2a,p2b
|-damage|p2a: Floette|17/100
|-damage|p2b: Incineroar|58/100
|move|p2b: Incineroar|Parting Shot|p1b: Gardevoir
|-unboost|p1b: Gardevoir|atk|1
|-unboost|p1b: Gardevoir|spa|1
|
|t:|1785467442
|switch|p2b: Sinistcha|Sinistcha, L50|100/100|[from] Parting Shot
|-heal|p2a: Floette|42/100|[from] ability: Hospitality|[of] p2b: Sinistcha
|
|upkeep
|turn|2
|
|t:|1785467462
|detailschange|p2a: Floette|Floette-Mega, L50, F
|-mega|p2a: Floette|Floette|Floettite
|-ability|p2a: Floette|Fairy Aura
|move|p1a: Maushold|Feint|p2a: Floette
|-damage|p2a: Floette|35/100
|move|p2a: Floette|Draining Kiss|p1b: Gardevoir
|-damage|p1b: Gardevoir|61/100
|-heal|p2a: Floette|61/100|[from] drain|[of] p1b: Gardevoir
|move|p1b: Gardevoir|Hyper Voice|p2b: Sinistcha|[spread] p2a,p2b
|-damage|p2a: Floette|36/100
|-damage|p2b: Sinistcha|52/100
|move|p2b: Sinistcha|Matcha Gotcha|p1a: Maushold|[spread] p1a,p1b
|-damage|p1a: Maushold|70/100
|-heal|p2b: Sinistcha|67/100|[from] drain|[of] p1a: Maushold
|-damage|p1b: Gardevoir|46/100
|-heal|p2b: Sinistcha|74/100|[from] drain|[of] p1b: Gardevoir
|
|upkeep
|turn|3
|inactive|Perdi o bolao has 30 seconds left.
|
|t:|1785467489
|switch|p1b: Talonflame|Talonflame, L50, M|100/100
|switch|p2b: Incineroar|Incineroar, L50, M|58/100
|-ability|p2b: Incineroar|Intimidate|boost
|-unboost|p1a: Maushold|atk|1
|-unboost|p1b: Talonflame|atk|1
|move|p1a: Maushold|Protect|p1a: Maushold
|-singleturn|p1a: Maushold|Protect
|move|p2a: Floette|Dazzling Gleam|p1b: Talonflame|[spread] p1b
|-activate|p1a: Maushold|move: Protect
|-resisted|p1b: Talonflame|1
|-damage|p1b: Talonflame|67/100
|
|-heal|p2b: Incineroar|64/100|[from] item: Leftovers
|upkeep
|turn|4
|
|t:|1785467511
|switch|p1a: Basculegion|Basculegion, L50, M|100/100
|move|p1b: Talonflame|Protect|p1b: Talonflame
|-singleturn|p1b: Talonflame|Protect
|move|p2b: Incineroar|Fake Out|p1b: Talonflame
|-activate|p1b: Talonflame|move: Protect
|move|p2a: Floette|Draining Kiss|p1a: Basculegion
|-damage|p1a: Basculegion|35/100
|-heal|p2a: Floette|93/100|[from] drain|[of] p1a: Basculegion
|
|-heal|p2b: Incineroar|70/100|[from] item: Leftovers
|upkeep
|turn|5
|
|t:|1785467530
|switch|p2b: Sinistcha|Sinistcha, L50|74/100
|-heal|p2a: Floette|100/100|[from] ability: Hospitality|[of] p2b: Sinistcha
|move|p2a: Floette|Protect|p2a: Floette
|-singleturn|p2a: Floette|Protect
|move|p1a: Basculegion|Flip Turn|p2b: Sinistcha
|-resisted|p2b: Sinistcha|1
|-damage|p2b: Sinistcha|58/100
|
|t:|1785467541
|switch|p1a: Gardevoir|Gardevoir-Mega, L50, M|46/100|[from] Flip Turn
|move|p1b: Talonflame|Dual Wingbeat|p2b: Sinistcha|[miss]
|-miss|p1b: Talonflame|p2b: Sinistcha
|
|upkeep
|turn|6
|
|t:|1785467551
|move|p2b: Sinistcha|Protect|p2b: Sinistcha
|-singleturn|p2b: Sinistcha|Protect
|move|p1b: Talonflame|Tailwind|p1b: Talonflame
|-sidestart|p1: Perdi o bolao|move: Tailwind
|move|p1a: Gardevoir|Hyper Voice|p2b: Sinistcha|[spread] p2a
|-activate|p2b: Sinistcha|move: Protect
|-damage|p2a: Floette|60/100
|move|p2a: Floette|Dazzling Gleam|p1a: Gardevoir|[spread] p1a,p1b
|-resisted|p1b: Talonflame|1
|-damage|p1a: Gardevoir|0 fnt
|-damage|p1b: Talonflame|25/100
|faint|p1a: Gardevoir
|
|upkeep
|
|t:|1785467561
|switch|p1a: Basculegion|Basculegion, L50, M|35/100
|turn|7
|
|t:|1785467571
|switch|p2b: Incineroar|Incineroar, L50, M|70/100
|-ability|p2b: Incineroar|Intimidate|boost
|-unboost|p1a: Basculegion|atk|1
|-unboost|p1b: Talonflame|atk|1
|move|p2a: Floette|Protect|p2a: Floette
|-singleturn|p2a: Floette|Protect
|move|p1a: Basculegion|Last Respects|p2b: Incineroar
|-resisted|p2b: Incineroar|1
|-damage|p2b: Incineroar|52/100
|move|p1b: Talonflame|Flare Blitz|p2a: Floette
|-activate|p2a: Floette|move: Protect
|
|-heal|p2b: Incineroar|58/100|[from] item: Leftovers
|upkeep
|turn|8
|-message|Perdi o bolao forfeited.
|
|win|ben's last ride
|raw|Perdi o bolao's rating: 1160 → 1129(-31 for losing)
|raw|ben's last ride's rating: 1079 → 1114(+35 for winning)
