|j|☆gruby_2
|j|☆ToastedArt
|html|gruby_2ToastedArt    
|uhtml|bestof|Game 2 of a best-of-3
|t:|1785850980
|gametype|doubles
|player|p1|gruby_2|101|1100
|player|p2|ToastedArt|iris|1094
|gen|9
|tier|[Gen 9 Champions] VGC 2026 Reg M-B (Bo3)
|rated|
|rule|Species Clause: Limit one of each Pokémon
|rule|Item Clause: Limit 1 of each item
|clearpoke
|poke|p1|Pelipper, L50, M|
|poke|p1|Archaludon, L50, M|
|poke|p1|Swampert, L50, M|
|poke|p1|Lycanroc-Dusk, L50, M|
|poke|p1|Rotom-Wash, L50|
|poke|p1|Metagross, L50|
|poke|p2|Staraptor, L50, F|
|poke|p2|Whimsicott, L50, M|
|poke|p2|Gholdengo, L50|
|poke|p2|Zoroark-Hisui, L50, M|
|poke|p2|Garchomp, L50, F|
|poke|p2|Sinistcha, L50|
|teampreview|4
|showteam|p1|Pelipper||DampRock|Drizzle|WeatherBall,Tailwind,Hurricane,Protect|Bold||M|||50|]Archaludon||SitrusBerry|Stamina|ElectroShot,DragonPulse,FlashCannon,Protect|Timid||M|||50|]Swampert||Swampertite|Torrent|WaveCrash,Earthquake,IcePunch,Protect|Adamant||M|||50|]Lycanroc-Dusk||LifeOrb|ToughClaws|Accelerock,CloseCombat,SuckerPunch,Protect|Jolly||M|||50|]Rotom-Wash||Leftovers|Levitate|WillOWisp,HydroPump,Thunder,Protect|Calm|||||50|]Metagross||Metagrossite|ClearBody|PsychicFangs,IronHead,RockSlide,Protect|Jolly|||||50|
|showteam|p2|Staraptor||Staraptite|Intimidate|CloseCombat,DualWingbeat,Roost,Protect|Jolly||F|||50|]Whimsicott||OccaBerry|Prankster|Encore,Tailwind,Charm,EnergyBall|Timid||M|||50|]Gholdengo||ExpertBelt|GoodasGold|MakeItRain,ShadowBall,PowerGem,Protect|Modest|||||50|]Zoroark-Hisui||FocusSash|Illusion|BitterMalice,IcyWind,Taunt,FakeTears|Mild||M|||50|]Garchomp||LifeOrb|RoughSkin|Earthquake,DragonClaw,RockSlide,Protect|Jolly||F|||50|]Sinistcha||ColburBerry|Hospitality|MatchaGotcha,RagePowder,TrickRoom,StrengthSap|Relaxed|||||50|
|inactive|Battle timer is ON: inactive players will automatically lose when time's up. (requested by gruby_2)
|inactive|ToastedArt also wants the timer to be on.
|
|t:|1785851009
|teamsize|p1|4
|teamsize|p2|4
|start
|switch|p1a: Pelipper|Pelipper, L50, M|100/100
|switch|p1b: Metagross|Metagross, L50|100/100
|switch|p2a: Staraptor|Staraptor, L50, F|100/100
|switch|p2b: Whimsicott|Whimsicott, L50, M|100/100
|-ability|p2a: Staraptor|Intimidate|boost
|-unboost|p1a: Pelipper|atk|1
|-fail|p1b: Metagross|unboost|[from] ability: Clear Body|[of] p1b: Metagross
|-weather|RainDance|[from] ability: Drizzle|[of] p1a: Pelipper
|turn|1
|inactive|gruby_2 has 30 seconds left.
|
|t:|1785851036
|detailschange|p2a: Staraptor|Staraptor-Mega, L50, F
|-mega|p2a: Staraptor|Staraptor|Staraptite
|detailschange|p1b: Metagross|Metagross-Mega, L50
|-mega|p1b: Metagross|Metagross|Metagrossite
|move|p2a: Staraptor|Protect|p2a: Staraptor
|-singleturn|p2a: Staraptor|Protect
|move|p2b: Whimsicott|Tailwind|p2b: Whimsicott
|-sidestart|p2: ToastedArt|move: Tailwind
|move|p1b: Metagross|Psychic Fangs|p2a: Staraptor
|-activate|p2a: Staraptor|move: Protect
|move|p1a: Pelipper|Tailwind|p1a: Pelipper
|-sidestart|p1: gruby_2|move: Tailwind
|
|-weather|RainDance|[upkeep]
|upkeep
|turn|2
|inactive|ToastedArt has 30 seconds left.
|inactive|ToastedArt has 20 seconds left.
|inactive|ToastedArt has 15 seconds left.
|inactive|ToastedArt has 10 seconds left.
|inactive|ToastedArt has 5 seconds left.
|
|t:|1785851088
|move|p2b: Whimsicott|Encore|p1a: Pelipper
|-start|p1a: Pelipper|Encore
|move|p2a: Staraptor|Close Combat|p1b: Metagross
|-damage|p1b: Metagross|58/100
|-boost|p2a: Staraptor|def|1
|-boost|p2a: Staraptor|spd|1
|move|p1b: Metagross|Psychic Fangs|p2a: Staraptor
|-supereffective|p2a: Staraptor|1
|-damage|p2a: Staraptor|20/100y
|move|p1a: Pelipper|Tailwind||[still]
|-fail|p1a: Pelipper
|
|-weather|RainDance|[upkeep]
|upkeep
|turn|3
|
|t:|1785851106
|switch|p1a: Rotom|Rotom-Wash, L50|100/100
|move|p2b: Whimsicott|Charm|p1b: Metagross
|-unboost|p1b: Metagross|atk|2
|move|p2a: Staraptor|Roost|p2a: Staraptor
|-heal|p2a: Staraptor|70/100
|-singleturn|p2a: Staraptor|move: Roost
|move|p1b: Metagross|Psychic Fangs|p2a: Staraptor
|-supereffective|p2a: Staraptor|1
|-damage|p2a: Staraptor|34/100
|
|-weather|RainDance|[upkeep]
|upkeep
|turn|4
|
|t:|1785851122
|switch|p1a: Pelipper|Pelipper, L50, M|100/100
|move|p2b: Whimsicott|Charm|p2a: Staraptor
|-boost|p2a: Staraptor|atk|2
|move|p2a: Staraptor|Close Combat|p1a: Pelipper
|-resisted|p1a: Pelipper|1
|-damage|p1a: Pelipper|55/100
|-boost|p2a: Staraptor|def|1
|-boost|p2a: Staraptor|spd|1
|move|p1b: Metagross|Psychic Fangs|p2a: Staraptor
|-supereffective|p2a: Staraptor|1
|-damage|p2a: Staraptor|5/100
|
|-weather|RainDance|[upkeep]
|-sideend|p2: ToastedArt|move: Tailwind
|-sideend|p1: gruby_2|move: Tailwind
|upkeep
|turn|5
|
|t:|1785851146
|move|p2a: Staraptor|Protect|p2a: Staraptor
|-singleturn|p2a: Staraptor|Protect
|move|p2b: Whimsicott|Tailwind|p2b: Whimsicott
|-sidestart|p2: ToastedArt|move: Tailwind
|move|p1b: Metagross|Psychic Fangs|p2a: Staraptor
|-activate|p2a: Staraptor|move: Protect
|move|p1a: Pelipper|Tailwind|p1a: Pelipper
|-sidestart|p1: gruby_2|move: Tailwind
|
|-weather|RainDance|[upkeep]
|upkeep
|turn|6
|
|t:|1785851158
|switch|p1a: Archaludon|Archaludon, L50, M|100/100
|move|p2b: Whimsicott|Encore||[still]
|-fail|p2b: Whimsicott
|move|p2a: Staraptor|Roost|p2a: Staraptor
|-heal|p2a: Staraptor|55/100
|-singleturn|p2a: Staraptor|move: Roost
|move|p1b: Metagross|Psychic Fangs|p2a: Staraptor
|-supereffective|p2a: Staraptor|1
|-damage|p2a: Staraptor|25/100
|
|-weather|RainDance|[upkeep]
|upkeep
|turn|7
|inactive|ToastedArt has 30 seconds left.
|
|t:|1785851184
|switch|p2b: Pickle Cup|Sinistcha, L50|100/100
|-heal|p2a: Staraptor|50/100y|[from] ability: Hospitality|[of] p2b: Pickle Cup
|move|p2a: Staraptor|Close Combat|p1a: Archaludon
|-supereffective|p1a: Archaludon|1
|-damage|p1a: Archaludon|0 fnt
|-boost|p2a: Staraptor|def|1
|-boost|p2a: Staraptor|spd|1
|faint|p1a: Archaludon
|move|p1b: Metagross|Psychic Fangs|p2a: Staraptor
|-supereffective|p2a: Staraptor|1
|-damage|p2a: Staraptor|26/100
|
|-weather|RainDance|[upkeep]
|upkeep
|
|t:|1785851193
|switch|p1a: Pelipper|Pelipper, L50, M|55/100
|turn|8
|
|t:|1785851209
|move|p2a: Staraptor|Roost|p2a: Staraptor
|-heal|p2a: Staraptor|76/100
|-singleturn|p2a: Staraptor|move: Roost
|move|p1b: Metagross|Rock Slide|p2b: Pickle Cup|[spread] p2a,p2b
|-resisted|p2a: Staraptor|1
|-damage|p2a: Staraptor|73/100
|-damage|p2b: Pickle Cup|91/100
|move|p1a: Pelipper|Hurricane|p2b: Pickle Cup
|-supereffective|p2b: Pickle Cup|1
|-damage|p2b: Pickle Cup|23/100
|cant|p2b: Pickle Cup|flinch
|
|-weather|none
|-sideend|p2: ToastedArt|move: Tailwind
|-sideend|p1: gruby_2|move: Tailwind
|upkeep
|turn|9
|
|t:|1785851225
|move|p2a: Staraptor|Dual Wingbeat|p1a: Pelipper
|-damage|p1a: Pelipper|26/100
|-damage|p1a: Pelipper|0 fnt
|faint|p1a: Pelipper
|-hitcount|p1: Pelipper|2
|move|p1b: Metagross|Psychic Fangs|p2a: Staraptor
|-supereffective|p2a: Staraptor|1
|-damage|p2a: Staraptor|50/100y
|move|p2b: Pickle Cup|Strength Sap|p2a: Staraptor
|-boost|p2a: Staraptor|atk|1
|-heal|p2b: Pickle Cup|100/100
|
|upkeep
|-message|gruby_2 forfeited.
|raw|gruby_2's rating: 1100 → 1075(-25 for losing)
|raw|ToastedArt's rating: 1094 → 1120(+26 for winning)
|
|win|ToastedArt
