|j|☆Thinking Charizard
|j|☆riditor
|html|Thinking Charizardriditor    
|uhtml|bestof|Game 2 of a best-of-3
|t:|1786149562
|gametype|doubles
|player|p1|Thinking Charizard|colress|1188
|player|p2|riditor|170|1105
|gen|9
|tier|[Gen 9 Champions] VGC 2026 Reg M-B (Bo3)
|rated|
|rule|Species Clause: Limit one of each Pokémon
|rule|Item Clause: Limit 1 of each item
|clearpoke
|poke|p1|Tyranitar, L50, M|
|poke|p1|Ninetales-Alola, L50, M|
|poke|p1|Sinistcha, L50|
|poke|p1|Corviknight, L50, F|
|poke|p1|Sneasler, L50, M|
|poke|p1|Whimsicott, L50, F|
|poke|p2|Charizard, L50, M|
|poke|p2|Garchomp, L50, M|
|poke|p2|Raichu, L50, M|
|poke|p2|Samurott-Hisui, L50, F|
|poke|p2|Gholdengo, L50|
|poke|p2|Whimsicott, L50, M|
|teampreview|4
|showteam|p1|Tyranitar||Tyranitarite|SandStream|RockSlide,KnockOff,HighHorsepower,Protect|Adamant||M|||50|]Ninetales-Alola||NeverMeltIce|SnowWarning|Blizzard,FreezeDry,Moonblast,Protect|Timid||M|||50|]Sinistcha||ColburBerry|Hospitality|RagePowder,MatchaGotcha,TrickRoom,LifeDew|Calm|||||50|]Corviknight||Leftovers|MirrorArmor|IronHead,BraveBird,BulkUp,Protect|Adamant||F|||50|]Sneasler||WhiteHerb|Unburden|FakeOut,CloseCombat,DireClaw,Coaching|Adamant||M|||50|]Whimsicott||FocusSash|Prankster|Tailwind,Moonblast,Encore,Protect|Timid||F|||50|
|showteam|p2|Charizard||CharizarditeY|SolarPower|AncientPower,SolarBeam,Protect,HeatWave|Timid||M|||50|]Garchomp||ChoiceScarf|RoughSkin|StompingTantrum,Earthquake,DragonClaw,RockSlide|Adamant||M|||50|]Raichu||SitrusBerry|LightningRod|FakeOut,Nuzzle,Protect,VoltSwitch|Timid||M|||50|]Samurott-Hisui||ExpertBelt|Sharpness|NightSlash,SuckerPunch,RazorShell,Protect|Adamant||F|||50|]Gholdengo||LifeOrb|GoodasGold|MakeItRain,NastyPlot,Protect,ShadowBall|Modest|||||50|]Whimsicott||FocusSash|Chlorophyll|Tailwind,WorrySeed,Protect,Taunt|Impish||M|||50|
|inactive|Battle timer is ON: inactive players will automatically lose when time's up. (requested by riditor)
|
|t:|1786149576
|teamsize|p1|4
|teamsize|p2|4
|start
|switch|p1a: Tyranitar|Tyranitar, L50, M|100/100
|switch|p1b: Whimsicott|Whimsicott, L50, F|100/100
|switch|p2a: Charizard|Charizard, L50, M|100/100
|switch|p2b: Whimsicott|Whimsicott, L50, M|100/100
|-weather|Sandstorm|[from] ability: Sand Stream|[of] p1a: Tyranitar
|turn|1
|inactive|riditor has 30 seconds left.
|inactive|riditor has 20 seconds left.
|inactive|riditor has 15 seconds left.
|inactive|riditor has 10 seconds left.
|
|t:|1786149624
|move|p2a: Charizard|Protect|p2a: Charizard
|-singleturn|p2a: Charizard|Protect
|move|p1b: Whimsicott|Tailwind|p1b: Whimsicott
|-sidestart|p1: Thinking Charizard|move: Tailwind
|move|p1a: Tyranitar|Rock Slide|p2a: Charizard|[spread] p2b
|-activate|p2a: Charizard|move: Protect
|-damage|p2b: Whimsicott|65/100
|move|p2b: Whimsicott|Taunt|p1b: Whimsicott
|-start|p1b: Whimsicott|move: Taunt
|
|-weather|Sandstorm|[upkeep]
|-damage|p1b: Whimsicott|94/100|[from] Sandstorm
|-damage|p2a: Charizard|93/100|[from] Sandstorm
|-damage|p2b: Whimsicott|59/100|[from] Sandstorm
|upkeep
|turn|2
|inactive|Thinking Charizard has 30 seconds left.
|inactive|riditor has 30 seconds left.
|
|t:|1786149658
|switch|p2a: Samurott|Samurott-Hisui, L50, F|100/100
|move|p1a: Tyranitar|Protect|p1a: Tyranitar
|-singleturn|p1a: Tyranitar|Protect
|move|p2b: Whimsicott|Protect|p2b: Whimsicott
|-singleturn|p2b: Whimsicott|Protect
|move|p1b: Whimsicott|Moonblast|p2b: Whimsicott
|-activate|p2b: Whimsicott|move: Protect
|
|-weather|Sandstorm|[upkeep]
|-damage|p1b: Whimsicott|88/100|[from] Sandstorm
|-damage|p2b: Whimsicott|53/100|[from] Sandstorm
|-damage|p2a: Samurott|93/100|[from] Sandstorm
|upkeep
|turn|3
|
|t:|1786149669
|move|p1b: Whimsicott|Moonblast|p2a: Samurott
|-supereffective|p2a: Samurott|1
|-damage|p2a: Samurott|30/100
|move|p1a: Tyranitar|Rock Slide|p2a: Samurott|[spread] p2a,p2b
|-damage|p2a: Samurott|0 fnt
|-damage|p2b: Whimsicott|19/100
|faint|p2a: Samurott
|cant|p2b: Whimsicott|flinch
|
|-weather|Sandstorm|[upkeep]
|-damage|p1b: Whimsicott|82/100|[from] Sandstorm
|-damage|p2b: Whimsicott|13/100|[from] Sandstorm
|upkeep
|
|t:|1786149680
|switch|p2a: Charizard|Charizard, L50, M|93/100
|turn|4
|
|t:|1786149689
|detailschange|p1a: Tyranitar|Tyranitar-Mega, L50, M
|-mega|p1a: Tyranitar|Tyranitar|Tyranitarite
|detailschange|p2a: Charizard|Charizard-Mega-Y, L50, M
|-mega|p2a: Charizard|Charizard|Charizardite Y
|-weather|SunnyDay|[from] ability: Drought|[of] p2a: Charizard
|move|p1b: Whimsicott|Moonblast|p2b: Whimsicott
|-damage|p2b: Whimsicott|0 fnt
|faint|p2b: Whimsicott
|move|p1a: Tyranitar|Rock Slide|p2a: Charizard
|-supereffective|p2a: Charizard|2
|-damage|p2a: Charizard|0 fnt
|faint|p2a: Charizard
|
|-weather|SunnyDay|[upkeep]
|-end|p1b: Whimsicott|move: Taunt
|-sideend|p1: Thinking Charizard|move: Tailwind
|upkeep
|
|t:|1786149704
|switch|p2b: Garchomp|Garchomp, L50, M|100/100
|turn|5
|-message|riditor forfeited.
|
|win|Thinking Charizard
|raw|Thinking Charizard's rating: 1188 → 1207(+19 for winning)
|raw|riditor's rating: 1105 → 1086(-19 for losing)
|l|☆riditor
|player|p2|
|c|☆Thinking Charizard|gg
