|j|☆Dregoth
|j|☆Lord Of Bulky
|html|DregothLord Of Bulky    
|uhtml|bestof|Game 2 of a best-of-3
|t:|1783105360
|gametype|doubles
|player|p1|Dregoth|volkner|
|player|p2|Lord Of Bulky|alder|
|gen|9
|tier|[Gen 9 Champions] VGC 2026 Reg M-B (Bo3)
|rule|Species Clause: Limit one of each Pokémon
|rule|Item Clause: Limit 1 of each item
|clearpoke
|poke|p1|Sinistcha-Masterpiece, L50|
|poke|p1|Grimmsnarl, L50, M|
|poke|p1|Delphox, L50, M|
|poke|p1|Incineroar, L50, M|
|poke|p1|Staraptor, L50, F|
|poke|p1|Kingambit, L50, F|
|poke|p2|Milotic, L50, F, shiny|
|poke|p2|Incineroar, L50, M|
|poke|p2|Sinistcha, L50|
|poke|p2|Ceruledge, L50, F, shiny|
|poke|p2|Raichu, L50, F|
|poke|p2|Floette-Eternal, L50, F|
|teampreview|4
|showteam|p1|Sinistcha-Masterpiece||KasibBerry|Hospitality|MatchaGotcha,RagePowder,LifeDew,Protect|Bold|||||50|]Grimmsnarl||LightClay|Prankster|SpiritBreak,PartingShot,Reflect,LightScreen|Calm||M|||50|]Delphox||Delphoxite|Blaze|HeatWave,Psychic,NastyPlot,Protect|Modest||M|||50|]Incineroar||SitrusBerry|Intimidate|FlareBlitz,DarkestLariat,FakeOut,PartingShot|Adamant||M|||50|]Staraptor||Staraptite|Intimidate|CloseCombat,DualWingbeat,Roost,Protect|Jolly||F|||50|]Kingambit||BlackGlasses|Defiant|KowtowCleave,SuckerPunch,SwordsDance,Protect|Adamant||F|||50|
|showteam|p2|Milotic||Leftovers|Competitive|MuddyWater,Coil,Hypnosis,Protect|Calm||F|||50|]Incineroar||SitrusBerry|Intimidate|FlareBlitz,ThroatChop,FakeOut,PartingShot|Impish||M|||50|]Sinistcha||KasibBerry|Hospitality|MatchaGotcha,LifeDew,RagePowder,Protect|Relaxed|||||50|]Ceruledge||ColburBerry|FlashFire|BitterBlade,ShadowSneak,BulkUp,Protect|Adamant||F|||50|]Raichu||RaichuniteY|LightningRod|ZapCannon,FocusBlast,FakeOut,Protect|Timid||F|||50|]Floette-Eternal||Floettite|FlowerVeil|DazzlingGleam,DrainingKiss,CalmMind,Protect|Modest||F|||50|
|
|t:|1783105385
|teamsize|p1|4
|teamsize|p2|4
|start
|switch|p1a: Delphox|Delphox, L50, M|100/100
|switch|p1b: Sinistcha|Sinistcha-Masterpiece, L50|100/100
|switch|p2a: Milotic|Milotic, L50, F, shiny|100/100
|switch|p2b: Raichu|Raichu, L50, F|100/100
|turn|1
|
|t:|1783105399
|detailschange|p2b: Raichu|Raichu-Mega-Y, L50, F
|-mega|p2b: Raichu|Raichu|Raichunite Y
|detailschange|p1a: Delphox|Delphox-Mega, L50, M
|-mega|p1a: Delphox|Delphox|Delphoxite
|move|p2b: Raichu|Fake Out|p1a: Delphox
|-damage|p1a: Delphox|90/100
|cant|p1a: Delphox|flinch
|move|p2a: Milotic|Coil|p2a: Milotic
|-boost|p2a: Milotic|atk|1
|-boost|p2a: Milotic|def|1
|-boost|p2a: Milotic|accuracy|1
|move|p1b: Sinistcha|Matcha Gotcha|p2a: Milotic|[spread] p2a,p2b
|-supereffective|p2a: Milotic|1
|-damage|p2a: Milotic|67/100
|-damage|p2b: Raichu|67/100
|-status|p2a: Milotic|brn
|
|-heal|p2a: Milotic|73/100 brn|[from] item: Leftovers
|-damage|p2a: Milotic|67/100 brn|[from] brn
|upkeep
|turn|2
|
|t:|1783105428
|switch|p2b: Incineroar|Incineroar, L50, M|100/100
|-ability|p2b: Incineroar|Intimidate|boost
|-unboost|p1a: Delphox|atk|1
|-unboost|p1b: Sinistcha|atk|1
|move|p1b: Sinistcha|Rage Powder|p1b: Sinistcha
|-singleturn|p1b: Sinistcha|move: Rage Powder
|move|p1a: Delphox|Nasty Plot|p1a: Delphox
|-boost|p1a: Delphox|spa|2
|move|p2a: Milotic|Hypnosis|p1b: Sinistcha
|-status|p1b: Sinistcha|slp|[from] move: Hypnosis
|
|-heal|p2a: Milotic|73/100 brn|[from] item: Leftovers
|-damage|p2a: Milotic|67/100 brn|[from] brn
|upkeep
|turn|3
|
|t:|1783105456
|move|p1a: Delphox|Psychic|p2a: Milotic
|-damage|p2a: Milotic|2/100 brn
|move|p2a: Milotic|Muddy Water|p1b: Sinistcha|[spread] p1a,p1b
|-supereffective|p1a: Delphox|1
|-resisted|p1b: Sinistcha|1
|-damage|p1a: Delphox|48/100
|-damage|p1b: Sinistcha|88/100 slp
|-unboost|p1a: Delphox|accuracy|1
|cant|p1b: Sinistcha|slp
|move|p2b: Incineroar|Flare Blitz|p1b: Sinistcha
|-supereffective|p1b: Sinistcha|1
|-damage|p1b: Sinistcha|14/100 slp
|-damage|p2b: Incineroar|78/100|[from] Recoil
|
|-heal|p2a: Milotic|8/100 brn|[from] item: Leftovers
|-damage|p2a: Milotic|2/100 brn|[from] brn
|upkeep
|turn|4
|
|t:|1783105476
|switch|p1b: Incineroar|Incineroar, L50, M|100/100
|-ability|p1b: Incineroar|Intimidate|boost
|-unboost|p2a: Milotic|atk|1
|-ability|p2a: Milotic|Competitive|boost
|-boost|p2a: Milotic|spa|2
|-unboost|p2b: Incineroar|atk|1
|move|p1a: Delphox|Protect|p1a: Delphox
|-singleturn|p1a: Delphox|Protect
|move|p2a: Milotic|Muddy Water|p1b: Incineroar|[spread] p1b
|-activate|p1a: Delphox|move: Protect
|-supereffective|p1b: Incineroar|1
|-damage|p1b: Incineroar|19/100
|-unboost|p1b: Incineroar|accuracy|1
|-enditem|p1b: Incineroar|Sitrus Berry|[eat]
|-heal|p1b: Incineroar|44/100|[from] item: Sitrus Berry
|move|p2b: Incineroar|Throat Chop|p1a: Delphox
|-activate|p1a: Delphox|move: Protect
|
|-heal|p2a: Milotic|8/100 brn|[from] item: Leftovers
|-damage|p2a: Milotic|2/100 brn|[from] brn
|upkeep
|turn|5
|
|t:|1783105498
|switch|p2b: Ceruledge|Ceruledge, L50, F, shiny|100/100
|move|p1b: Incineroar|Fake Out|p2b: Ceruledge
|-immune|p2b: Ceruledge
|move|p1a: Delphox|Heat Wave|p2b: Ceruledge|[spread] p2a
|-start|p2b: Ceruledge|ability: Flash Fire
|-resisted|p2a: Milotic|1
|-damage|p2a: Milotic|0 fnt
|faint|p2a: Milotic
|
|upkeep
|
|t:|1783105512
|switch|p2a: Incineroar|Incineroar, L50, M|78/100
|-ability|p2a: Incineroar|Intimidate|boost
|-unboost|p1a: Delphox|atk|1
|-unboost|p1b: Incineroar|atk|1
|turn|6
|
|t:|1783105534
|switch|p1a: Sinistcha|Sinistcha-Masterpiece, L50|14/100 slp
|-heal|p1b: Incineroar|69/100|[from] ability: Hospitality|[of] p1a: Sinistcha
|move|p2a: Incineroar|Fake Out|p1b: Incineroar
|-damage|p1b: Incineroar|58/100
|move|p2b: Ceruledge|Bulk Up|p2b: Ceruledge
|-boost|p2b: Ceruledge|atk|1
|-boost|p2b: Ceruledge|def|1
|cant|p1b: Incineroar|flinch
|
|upkeep
|turn|7
|
|t:|1783105549
|-curestatus|p1a: Sinistcha|slp|[msg]
|move|p1a: Sinistcha|Rage Powder|p1a: Sinistcha
|-singleturn|p1a: Sinistcha|move: Rage Powder
|move|p2b: Ceruledge|Bitter Blade|p1a: Sinistcha
|-supereffective|p1a: Sinistcha|1
|-damage|p1a: Sinistcha|0 fnt
|faint|p1a: Sinistcha
|move|p1b: Incineroar|Parting Shot|p2b: Ceruledge
|-unboost|p2b: Ceruledge|atk|1
|-unboost|p2b: Ceruledge|spa|1
|
|t:|1783105559
|switch|p1b: Kingambit|Kingambit, L50, F|100/100|[from] Parting Shot
|move|p2a: Incineroar|Parting Shot|p1b: Kingambit
|-unboost|p1b: Kingambit|atk|1
|-ability|p1b: Kingambit|Defiant|boost
|-boost|p1b: Kingambit|atk|2
|-unboost|p1b: Kingambit|spa|1
|-ability|p1b: Kingambit|Defiant|boost
|-boost|p1b: Kingambit|atk|2
|
|t:|1783105568
|switch|p2a: Raichu|Raichu-Mega-Y, L50, F|67/100|[from] Parting Shot
|
|upkeep
|
|t:|1783105574
|switch|p1a: Incineroar|Incineroar, L50, M|58/100
|-ability|p1a: Incineroar|Intimidate|boost
|-unboost|p2a: Raichu|atk|1
|-unboost|p2b: Ceruledge|atk|1
|turn|8
|
|t:|1783105592
|move|p1b: Kingambit|Protect|p1b: Kingambit
|-singleturn|p1b: Kingambit|Protect
|move|p2a: Raichu|Fake Out|p1b: Kingambit
|-activate|p1b: Kingambit|move: Protect
|move|p2b: Ceruledge|Bulk Up|p2b: Ceruledge
|-boost|p2b: Ceruledge|atk|1
|-boost|p2b: Ceruledge|def|1
|move|p1a: Incineroar|Parting Shot|p2b: Ceruledge
|-unboost|p2b: Ceruledge|atk|1
|-unboost|p2b: Ceruledge|spa|1
|
|t:|1783105596
|switch|p1a: Delphox|Delphox-Mega, L50, M|48/100|[from] Parting Shot
|
|upkeep
|turn|9
|
|t:|1783105616
|switch|p1a: Incineroar|Incineroar, L50, M|58/100
|-ability|p1a: Incineroar|Intimidate|boost
|-unboost|p2a: Raichu|atk|1
|-unboost|p2b: Ceruledge|atk|1
|move|p2b: Ceruledge|Shadow Sneak|p1a: Incineroar
|-resisted|p1a: Incineroar|1
|-damage|p1a: Incineroar|54/100
|move|p1b: Kingambit|Sucker Punch|p2a: Raichu
|-damage|p2a: Raichu|0 fnt
|faint|p2a: Raichu
|
|upkeep
|-message|Lord Of Bulky forfeited.
|
|win|Dregoth
|l|☆Lord Of Bulky
|player|p2|
||Dregoth is ready for game 3.
|j|☆Lord Of Bulky
|player|p2|Lord Of Bulky|alder|
