|j|â˜†Jackalope11
|j|â˜†gimwepaw
|html|Jackalope11gimwepaw    
|uhtml|bestof|Game 2 of a best-of-3
|t:|1783494451
|gametype|doubles
|player|p1|Jackalope11|169|
|player|p2|gimwepaw|169|
|gen|9
|tier|[Gen 9 Champions] VGC 2026 Reg M-B (Bo3)
|rule|Species Clause: Limit one of each PokÃ©mon
|rule|Item Clause: Limit 1 of each item
|clearpoke
|poke|p1|Mawile, L50, F|
|poke|p1|Farigiraf, L50, M|
|poke|p1|Gallade, L50, M|
|poke|p1|Steelix, L50, F|
|poke|p1|Torkoal, L50, F|
|poke|p1|Vivillon-Fancy, L50, F|
|poke|p2|Charizard, L50, F|
|poke|p2|Tyranitar, L50, F|
|poke|p2|Milotic, L50, F|
|poke|p2|Incineroar, L50, M|
|poke|p2|Sinistcha-Masterpiece, L50|
|poke|p2|Sneasler, L50, F|
|teampreview|4
|showteam|p1|Mawile||Mawilite|Intimidate|SwordsDance,PlayRough,SuckerPunch,Protect|Brave||F|||50|]Farigiraf||SitrusBerry|ArmorTail|TrickRoom,TwinBeam,Thunderbolt,Protect|Bold||M|||50|]Gallade||ExpertBelt|Sharpness|SacredSword,LeafBlade,PsychoCut,Protect|Brave||M|||50|]Steelix||LifeOrb|SheerForce|WideGuard,Earthquake,RockSlide,HeavySlam|Brave||F|||50|]Torkoal||Charcoal|Drought|Eruption,WeatherBall,EarthPower,Protect|Quiet||F|||50|]Vivillon-Fancy||FocusSash|CompoundEyes|SleepPowder,Hurricane,RagePowder,Protect|Timid||F|||50|
|showteam|p2|Charizard||CharizarditeX|SolarPower|Protect,DragonDance,DragonClaw,FlareBlitz|Adamant||F|||50|]Tyranitar||Tyranitarite|SandStream|RockSlide,Crunch,StompingTantrum,Protect|Adamant||F|||50|]Milotic||Leftovers|Competitive|Coil,MuddyWater,Protect,Hypnosis|Calm||F|||50|]Incineroar||SitrusBerry|Intimidate|FakeOut,PartingShot,FlareBlitz,ThroatChop|Adamant||M|||50|]Sinistcha-Masterpiece||CobaBerry|Hospitality|MatchaGotcha,TrickRoom,LifeDew,RagePowder|Bold|||||50|]Sneasler||WhiteHerb|Unburden|DireClaw,FakeOut,CloseCombat,Coaching|Adamant||F|||50|
|inactive|Battle timer is ON: inactive players will automatically lose when time's up. (requested by gimwepaw)
|
|t:|1783494497
|teamsize|p1|4
|teamsize|p2|4
|start
|switch|p1a: Mawile|Mawile, L50, F|100/100
|switch|p1b: Farigiraf|Farigiraf, L50, M|100/100
|switch|p2a: Milotic|Milotic, L50, F|100/100
|switch|p2b: Incineroar|Incineroar, L50, M|100/100
|-ability|p2b: Incineroar|Intimidate|boost
|-unboost|p1a: Mawile|atk|1
|-unboost|p1b: Farigiraf|atk|1
|-ability|p1a: Mawile|Intimidate|boost
|-unboost|p2a: Milotic|atk|1
|-ability|p2a: Milotic|Competitive|boost
|-boost|p2a: Milotic|spa|2
|-unboost|p2b: Incineroar|atk|1
|turn|1
|c|â˜†Jackalope11|fucking intimidate
|inactive|Jackalope11 has 30 seconds left.
|inactive|gimwepaw has 30 seconds left.
|inactive|gimwepaw has 20 seconds left.
|inactive|gimwepaw has 15 seconds left.
|inactive|gimwepaw has 10 seconds left.
|inactive|gimwepaw has 5 seconds left.
|
|t:|1783494547
|switch|p1a: Torkoal|Torkoal, L50, F|100/100
|-weather|SunnyDay|[from] ability: Drought|[of] p1a: Torkoal
|move|p2a: Milotic|Coil|p2a: Milotic
|-boost|p2a: Milotic|atk|1
|-boost|p2a: Milotic|def|1
|-boost|p2a: Milotic|accuracy|1
|move|p2b: Incineroar|Parting Shot|p1a: Torkoal
|-unboost|p1a: Torkoal|atk|1
|-unboost|p1a: Torkoal|spa|1
|
|t:|1783494558
|switch|p2b: Tyranitar|Tyranitar, L50, F|100/100|[from] Parting Shot
|-weather|Sandstorm|[from] ability: Sand Stream|[of] p2b: Tyranitar
|move|p1b: Farigiraf|Trick Room|p1b: Farigiraf
|-fieldstart|move: Trick Room|[of] p1b: Farigiraf
|
|-weather|Sandstorm|[upkeep]
|-damage|p1a: Torkoal|93/100|[from] Sandstorm
|-damage|p1b: Farigiraf|93/100|[from] Sandstorm
|-damage|p2a: Milotic|93/100|[from] Sandstorm
|-heal|p2a: Milotic|100/100|[from] item: Leftovers
|upkeep
|turn|2
|c|â˜†Jackalope11|no stat drop plus no buff if i didnt have this bum ass ability
|inactive|Jackalope11 has 30 seconds left.
|
|t:|1783494588
|detailschange|p2b: Tyranitar|Tyranitar-Mega, L50, F
|-mega|p2b: Tyranitar|Tyranitar|Tyranitarite
|move|p1a: Torkoal|Earth Power|p2b: Tyranitar
|-supereffective|p2b: Tyranitar|1
|-damage|p2b: Tyranitar|82/100
|move|p1b: Farigiraf|Thunderbolt|p2a: Milotic
|-supereffective|p2a: Milotic|1
|-damage|p2a: Milotic|70/100
|move|p2b: Tyranitar|Crunch|p1b: Farigiraf
|-supereffective|p1b: Farigiraf|1
|-damage|p1b: Farigiraf|15/100
|-enditem|p1b: Farigiraf|Sitrus Berry|[eat]
|-heal|p1b: Farigiraf|40/100|[from] item: Sitrus Berry
|move|p2a: Milotic|Muddy Water|p1b: Farigiraf|[spread] p1a,p1b
|-supereffective|p1a: Torkoal|1
|-damage|p1a: Torkoal|0 fnt
|-damage|p1b: Farigiraf|0 fnt
|faint|p1a: Torkoal
|faint|p1b: Farigiraf
|
|-weather|Sandstorm|[upkeep]
|-damage|p2a: Milotic|64/100|[from] Sandstorm
|-heal|p2a: Milotic|70/100|[from] item: Leftovers
|upkeep
|c|â˜†Jackalope11|hes quite tanky i must admit
|
|t:|1783494606
|switch|p1a: Gallade|Gallade, L50, M|100/100
|switch|p1b: Mawile|Mawile, L50, F|100/100
|-ability|p1b: Mawile|Intimidate|boost
|-unboost|p2a: Milotic|atk|1
|-ability|p2a: Milotic|Competitive|boost
|-boost|p2a: Milotic|spa|2
|-unboost|p2b: Tyranitar|atk|1
|turn|3
|c|â˜†gimwepaw|Yo this guy is the king
|
|t:|1783494624
|switch|p2b: Incineroar|Incineroar, L50, M|100/100
|-ability|p2b: Incineroar|Intimidate|boost
|-unboost|p1a: Gallade|atk|1
|-unboost|p1b: Mawile|atk|1
|detailschange|p1b: Mawile|Mawile-Mega, L50, F
|-mega|p1b: Mawile|Mawile|Mawilite
|move|p1b: Mawile|Play Rough|p2b: Incineroar
|-damage|p2b: Incineroar|43/100
|-enditem|p2b: Incineroar|Sitrus Berry|[eat]
|-heal|p2b: Incineroar|68/100|[from] item: Sitrus Berry
|move|p1a: Gallade|Leaf Blade|p2a: Milotic
|-supereffective|p2a: Milotic|1
|-damage|p2a: Milotic|27/100
|move|p2a: Milotic|Muddy Water|p1a: Gallade|[spread] p1a,p1b
|-damage|p1a: Gallade|42/100
|-damage|p1b: Mawile|23/100
|-unboost|p1a: Gallade|accuracy|1
|
|-weather|Sandstorm|[upkeep]
|-damage|p1a: Gallade|37/100|[from] Sandstorm
|-damage|p2b: Incineroar|62/100|[from] Sandstorm
|-damage|p2a: Milotic|21/100|[from] Sandstorm
|-heal|p2a: Milotic|27/100|[from] item: Leftovers
|upkeep
|turn|4
|
|t:|1783494648
|move|p2b: Incineroar|Fake Out|p1a: Gallade
|-damage|p1a: Gallade|20/100y
|move|p1b: Mawile|Play Rough|p2a: Milotic
|-damage|p2a: Milotic|0 fnt
|faint|p2a: Milotic
|cant|p1a: Gallade|flinch
|
|-weather|Sandstorm|[upkeep]
|-damage|p1a: Gallade|14/100|[from] Sandstorm
|-damage|p2b: Incineroar|56/100|[from] Sandstorm
|upkeep
|
|t:|1783494655
|switch|p2a: Sinistcha|Sinistcha-Masterpiece, L50|100/100
|-heal|p2b: Incineroar|81/100|[from] ability: Hospitality|[of] p2a: Sinistcha
|turn|5
|c|â˜†Jackalope11|absolutely none of this wouldve happened if it werent for the terrorist ability
|c|â˜†gimwepaw|W milotic
|
|t:|1783494675
|move|p1b: Mawile|Play Rough|p2a: Sinistcha
|-damage|p2a: Sinistcha|49/100
|move|p1a: Gallade|Psycho Cut|p2a: Sinistcha|[miss]
|-miss|p1a: Gallade|p2a: Sinistcha
|move|p2a: Sinistcha|Matcha Gotcha|p1a: Gallade|[spread] p1a,p1b
|-resisted|p1b: Mawile|1
|-damage|p1a: Gallade|0 fnt
|-heal|p2a: Sinistcha|56/100|[from] drain|[of] p1a: Gallade
|-damage|p1b: Mawile|8/100
|-heal|p2a: Sinistcha|63/100|[from] drain|[of] p1b: Mawile
|faint|p1a: Gallade
|move|p2b: Incineroar|Flare Blitz|p1b: Mawile
|-supereffective|p1b: Mawile|1
|-damage|p1b: Mawile|0 fnt
|faint|p1b: Mawile
|-damage|p2b: Incineroar|79/100|[from] Recoil
|
|win|gimwepaw
||Jackalope11 is ready for game 3.
|inactive|gimwepaw has 30 seconds to confirm battle start!
|inactive|gimwepaw has 20 seconds to confirm battle start!
||gimwepaw is ready for game 3.
|uhtml|next|Next: Game 3 of 3
