|j|☆number1bocchifan
|j|☆g1c13
|html|number1bocchifang1c13    
|uhtml|bestof|Game 1 of a best-of-3
|t:|1756699713
|gametype|doubles
|player|p1|number1bocchifan|265|1065
|player|p2|g1c13|265|1000
|gen|9
|tier|[Gen 9] VGC 2025 Reg H (Bo3)
|rated|
|rule|Species Clause: Limit one of each Pokémon
|rule|Item Clause: Limit 1 of each item
|clearpoke
|poke|p1|Ninetales-Alola, L50, M|
|poke|p1|Dragonite, L50, F|
|poke|p1|Ursaluna-Bloodmoon, L50, M|
|poke|p1|Magmar, L50, M|
|poke|p1|Gholdengo, L50|
|poke|p1|Lapras, L50, M|
|poke|p2|Farigiraf, L50, F|
|poke|p2|Weezing-Galar, L50, M|
|poke|p2|Slaking, L50, M|
|poke|p2|Glaceon, L50, M|
|poke|p2|Indeedee-F, L50, F|
|poke|p2|Ninetales-Alola, L50, M|
|teampreview|4
|showteam|p1|Ninetales-Alola||FocusSash|SnowWarning|Protect,Blizzard,FreezeDry,AuroraVeil|||M|||50|,,,,,Water]Dragonite||LoadedDice|Multiscale|Protect,ScaleShot,ExtremeSpeed,Tailwind|||F|||50|,,,,,Fairy]Ursaluna-Bloodmoon||AssaultVest|MindsEye|EarthPower,BloodMoon,HyperVoice,VacuumWave|||M|||50|,,,,,Water]Magmar||Eviolite|FlameBody|Protect,FollowMe,Taunt,Overheat|||M|||50|,,,,,Ghost]Gholdengo||LifeOrb|GoodasGold|Protect,MakeItRain,ShadowBall,TeraBlast||||||50|,,,,,Fighting]Lapras||Leftovers|WaterAbsorb|Protect,FreezeDry,SheerCold,Haze|||M|||50|,,,,,Ground
|showteam|p2|Farigiraf||AbilityShield|ArmorTail|TrickRoom,Imprison,HyperVoice,TwinBeam|||F|||50|,,,,,Normal]Weezing-Galar||Leftovers|NeutralizingGas|Protect,WillOWisp,SludgeBomb,StrangeSteam|||M|||50|,,,,,Poison]Slaking||LifeOrb|Truant|BodySlam,PlayRough,SlackOff,SuckerPunch|||M|||50|,,,,,Normal]Glaceon||ChoiceSpecs|SnowCloak|FreezeDry,ShadowBall,TeraBlast,AlluringVoice|||M|||50|,,,,,Water]Indeedee-F||MentalHerb|PsychicSurge|HelpingHand,TrickRoom,HealPulse,LightScreen|||F|||50|,,,,,Psychic]Ninetales-Alola||LightClay|SnowWarning|AuroraVeil,IcyWind,Disable,FakeTears|||M|||50|,,,,,Ice
|c|☆g1c13|glhf
|
|t:|1756699770
|teamsize|p1|4
|teamsize|p2|4
|start
|switch|p1a: Ursaluna|Ursaluna-Bloodmoon, L50, M|100/100
|switch|p1b: Magmar|Magmar, L50, M|100/100
|switch|p2a: Weezing|Weezing-Galar, L50, M|100/100
|switch|p2b: Slaking|Slaking, L50, M|100/100
|-ability|p2a: Weezing|Neutralizing Gas
|turn|1
|c|☆number1bocchifan|glhf
|
|t:|1756699802
|-terastallize|p2b: Slaking|Normal
|-terastallize|p1b: Magmar|Ghost
|move|p1b: Magmar|Follow Me|p1b: Magmar
|-singleturn|p1b: Magmar|move: Follow Me
|move|p2b: Slaking|Body Slam|p1b: Magmar
|-immune|p1b: Magmar
|move|p2a: Weezing|Will-O-Wisp|p1b: Magmar|[miss]
|-miss|p2a: Weezing|p1b: Magmar
|move|p1a: Ursaluna|Blood Moon|p2a: Weezing
|-damage|p2a: Weezing|20/100
|
|-heal|p2a: Weezing|25/100|[from] item: Leftovers
|upkeep
|turn|2
|
|t:|1756699820
|switch|p2b: Glaceon|Glaceon, L50, M|100/100
|-end|p2a: Weezing|ability: Neutralizing Gas
|switch|p2a: Farigiraf|Farigiraf, L50, F|100/100
|move|p1b: Magmar|Follow Me|p1b: Magmar
|-singleturn|p1b: Magmar|move: Follow Me
|move|p1a: Ursaluna|Hyper Voice|p2b: Glaceon|[spread] p2a,p2b
|-crit|p2a: Farigiraf
|-damage|p2a: Farigiraf|49/100
|-damage|p2b: Glaceon|60/100
|
|upkeep
|turn|3
|
|t:|1756699871
|switch|p2b: Slaking|Slaking, L50, M, tera:Normal|100/100
|move|p1a: Ursaluna|Vacuum Wave||[still]
|cant|p2a: Farigiraf|ability: Armor Tail|Vacuum Wave|[of] p1a: Ursaluna
|move|p1b: Magmar|Overheat|p2b: Slaking
|-damage|p2b: Slaking|56/100
|-unboost|p1b: Magmar|spa|2
|move|p2a: Farigiraf|Trick Room|p2a: Farigiraf
|-fieldstart|move: Trick Room|[of] p2a: Farigiraf
|
|upkeep
|turn|4
|
|t:|1756699900
|switch|p2a: Weezing|Weezing-Galar, L50, M|25/100
|-ability|p2a: Weezing|Neutralizing Gas
|move|p1b: Magmar|Follow Me|p1b: Magmar
|-singleturn|p1b: Magmar|move: Follow Me
|move|p1a: Ursaluna|Hyper Voice|p2b: Slaking|[spread] p2a,p2b
|-damage|p2a: Weezing|0 fnt
|-damage|p2b: Slaking|15/100
|faint|p2a: Weezing
|-end|p2a: Weezing|ability: Neutralizing Gas
|move|p2b: Slaking|Play Rough|p1b: Magmar
|-damage|p1b: Magmar|56/100
|-damage|p2b: Slaking|5/100|[from] item: Life Orb
|
|upkeep
|
|t:|1756699905
|switch|p2a: Glaceon|Glaceon, L50, M|60/100
|turn|5
|
|t:|1756699919
|move|p1b: Magmar|Follow Me|p1b: Magmar
|-singleturn|p1b: Magmar|move: Follow Me
|move|p1a: Ursaluna|Vacuum Wave|p2a: Glaceon
|-supereffective|p2a: Glaceon
|-damage|p2a: Glaceon|25/100
|move|p2a: Glaceon|Shadow Ball|p1b: Magmar
|-supereffective|p1b: Magmar
|-damage|p1b: Magmar|0 fnt
|faint|p1b: Magmar
|cant|p2b: Slaking|ability: Truant
|
|upkeep
|
|t:|1756699928
|switch|p1b: Gholdengo|Gholdengo, L50|100/100
|turn|6
|
|t:|1756699938
|move|p1a: Ursaluna|Vacuum Wave|p2b: Slaking
|-supereffective|p2b: Slaking
|-damage|p2b: Slaking|0 fnt
|faint|p2b: Slaking
|move|p2a: Glaceon|Shadow Ball|p1b: Gholdengo
|-supereffective|p1b: Gholdengo
|-damage|p1b: Gholdengo|4/100
|move|p1b: Gholdengo|Make It Rain|p2a: Glaceon
|-supereffective|p2a: Glaceon
|-damage|p2a: Glaceon|0 fnt
|-unboost|p1b: Gholdengo|spa|1
|faint|p2a: Glaceon
|-damage|p1b: Gholdengo|0 fnt|[from] item: Life Orb
|faint|p1b: Gholdengo
|
|upkeep
|
|t:|1756699944
|switch|p2b: Farigiraf|Farigiraf, L50, F|49/100
|switch|p1b: Ninetales|Ninetales-Alola, L50, M|100/100
|-weather|Snowscape|[from] ability: Snow Warning|[of] p1b: Ninetales
|turn|7
|
|t:|1756699954
|move|p1a: Ursaluna|Blood Moon|p2b: Farigiraf
|-damage|p2b: Farigiraf|0 fnt
|faint|p2b: Farigiraf
|
|win|number1bocchifan
||g1c13 is ready for game 2.
||number1bocchifan is ready for game 2.
|uhtml|next|Next: Game 2 of 3
