|j|вҳҶWelosethose!
|j|вҳҶGyra78
|html|Welosethose!Gyra78    
|uhtml|bestof|Game 1 of a best-of-3
|t:|1756945689
|gametype|doubles
|player|p1|Welosethose!|hilbert|1206
|player|p2|Gyra78|volkner|1157
|gen|9
|tier|[Gen 9] VGC 2025 Reg H (Bo3)
|rated|
|rule|Species Clause: Limit one of each PokГ©mon
|rule|Item Clause: Limit 1 of each item
|clearpoke
|poke|p1|Politoed, L50, F|
|poke|p1|Gothitelle, L50, F|
|poke|p1|Kingdra, L50, F|
|poke|p1|Archaludon, L50, F|
|poke|p1|Amoonguss, L50, F|
|poke|p1|Incineroar, L50, F|
|poke|p2|Basculegion, L50, M|
|poke|p2|Pelipper, L50, M|
|poke|p2|Archaludon, L50, M|
|poke|p2|Incineroar, L50, M|
|poke|p2|Gholdengo, L50|
|poke|p2|Amoonguss, L50, M|
|teampreview|4
|showteam|p1|Politoed||Leftovers|Drizzle|WeatherBall,Encore,PerishSong,Protect|||F|||50|,,,,,Grass]Gothitelle||SitrusBerry|ShadowTag|FakeOut,Psychic,TrickRoom,Protect|||F|||50|,,,,,Dark]Kingdra||LifeOrb|SwiftSwim|WeatherBall,MuddyWater,DracoMeteor,Protect|||F|||50|,,,,,Stellar]Archaludon||PowerHerb|Sturdy|ElectroShot,FlashCannon,DragonPulse,Protect|||F|||50|,,,,,Electric]Amoonguss||EjectButton|Regenerator|PollenPuff,Spore,RagePowder,Protect|||F|||50|,,,,,Fairy]Incineroar||SafetyGoggles|Intimidate|FakeOut,KnockOff,PartingShot,Protect|||F|||50|,,,,,Ghost
|showteam|p2|Basculegion||LifeOrb|SwiftSwim|WaveCrash,LastRespects,Protect,FlipTurn|||M|||50|,,,,,Grass]Pelipper||FocusSash|Drizzle|Protect,Hurricane,WeatherBall,Tailwind|||M|||50|,,,,,Ghost]Archaludon||AssaultVest|Stamina|ElectroShot,DracoMeteor,Snarl,BodyPress|||M|||50|,,,,,Grass]Incineroar||SafetyGoggles|Intimidate|FakeOut,PartingShot,Taunt,KnockOff|||M|||50|,,,,,Bug]Gholdengo||SitrusBerry|GoodasGold|MakeItRain,ShadowBall,NastyPlot,Protect||||||50|,,,,,Dragon]Amoonguss||RockyHelmet|Regenerator|Spore,RagePowder,PollenPuff,Protect|||M|||50|,,,,,Water
|inactive|Battle timer is ON: inactive players will automatically lose when time's up. (requested by Gyra78)
|inactive|Welosethose! has 60 seconds left.
|inactive|Gyra78 has 60 seconds left.
|
|t:|1756945729
|teamsize|p1|4
|teamsize|p2|4
|start
|switch|p1a: Kingdra|Kingdra, L50, F|100/100
|switch|p1b: Archaludon|Archaludon, L50, F|100/100
|switch|p2a: PennyBoard|Gholdengo, L50, shiny|100/100
|switch|p2b: Tarik Skubal|Incineroar, L50, M, shiny|100/100
|-ability|p2b: Tarik Skubal|Intimidate|boost
|-unboost|p1a: Kingdra|atk|1
|-unboost|p1b: Archaludon|atk|1
|turn|1
|
|t:|1756945747
|move|p1b: Archaludon|Protect|p1b: Archaludon
|-singleturn|p1b: Archaludon|Protect
|move|p1a: Kingdra|Protect|p1a: Kingdra
|-singleturn|p1a: Kingdra|Protect
|move|p2b: Tarik Skubal|Fake Out|p1a: Kingdra
|-activate|p1a: Kingdra|move: Protect
|move|p2a: PennyBoard|Nasty Plot|p2a: PennyBoard
|-boost|p2a: PennyBoard|spa|2
|
|upkeep
|turn|2
|inactive|Welosethose! has 30 seconds left.
|
|t:|1756945776
|-terastallize|p1b: Archaludon|Electric
|move|p1b: Archaludon|Electro Shot||[still]
|-prepare|p1b: Archaludon|Electro Shot
|-boost|p1b: Archaludon|spa|1
|-enditem|p1b: Archaludon|Power Herb
|-anim|p1b: Archaludon|Electro Shot|p2b: Tarik Skubal
|-damage|p2b: Tarik Skubal|26/100
|move|p1a: Kingdra|Muddy Water|p2a: PennyBoard|[spread] p2a,p2b
|-supereffective|p2b: Tarik Skubal
|-damage|p2a: PennyBoard|62/100
|-damage|p2b: Tarik Skubal|0 fnt
|faint|p2b: Tarik Skubal
|-damage|p1a: Kingdra|91/100|[from] item: Life Orb
|move|p2a: PennyBoard|Shadow Ball|p1a: Kingdra
|-damage|p1a: Kingdra|0 fnt
|faint|p1a: Kingdra
|
|upkeep
|
|t:|1756945795
|switch|p1a: Politoed|Politoed, L50, F|100/100
|switch|p2b: ACвҡЎпёҺDC|Archaludon, L50, M, shiny|100/100
|-weather|RainDance|[from] ability: Drizzle|[of] p1a: Politoed
|turn|3
|
|t:|1756945815
|-terastallize|p2a: PennyBoard|Dragon
|move|p1b: Archaludon|Dragon Pulse|p2a: PennyBoard
|-supereffective|p2a: PennyBoard
|-damage|p2a: PennyBoard|0 fnt
|faint|p2a: PennyBoard
|move|p2b: ACвҡЎпёҺDC|Snarl|p1b: Archaludon|[spread] p1a,p1b
|-damage|p1a: Politoed|89/100
|-damage|p1b: Archaludon|77/100
|-unboost|p1a: Politoed|spa|1
|-unboost|p1b: Archaludon|spa|1
|move|p1a: Politoed|Weather Ball|p2b: ACвҡЎпёҺDC
|-resisted|p2b: ACвҡЎпёҺDC
|-damage|p2b: ACвҡЎпёҺDC|88/100
|-ability|p2b: ACвҡЎпёҺDC|Stamina|boost
|-boost|p2b: ACвҡЎпёҺDC|def|1
|
|-weather|RainDance|[upkeep]
|-heal|p1a: Politoed|95/100|[from] item: Leftovers
|upkeep
|
|t:|1756945822
|switch|p2a: Davy Jones|Basculegion, L50, M, shiny|100/100
|turn|4
|
|t:|1756945842
|switch|p1b: Incineroar|Incineroar, L50, F|100/100
|-ability|p1b: Incineroar|Intimidate|boost
|-unboost|p2a: Davy Jones|atk|1
|-unboost|p2b: ACвҡЎпёҺDC|atk|1
|move|p1a: Politoed|Protect|p1a: Politoed
|-singleturn|p1a: Politoed|Protect
|move|p2a: Davy Jones|Wave Crash|p1b: Incineroar
|-supereffective|p1b: Incineroar
|-damage|p1b: Incineroar|0 fnt
|faint|p1b: Incineroar
|-damage|p2a: Davy Jones|67/100|[from] Recoil
|-damage|p2a: Davy Jones|57/100|[from] item: Life Orb
|move|p2b: ACвҡЎпёҺDC|Electro Shot||[still]
|-prepare|p2b: ACвҡЎпёҺDC|Electro Shot
|-boost|p2b: ACвҡЎпёҺDC|spa|1
|-anim|p2b: ACвҡЎпёҺDC|Electro Shot|p1a: Politoed
|-activate|p1a: Politoed|move: Protect
|
|-weather|RainDance|[upkeep]
|-heal|p1a: Politoed|100/100|[from] item: Leftovers
|upkeep
|
|t:|1756945851
|switch|p1b: Archaludon|Archaludon, L50, F, tera:Electric|77/100
|turn|5
|
|t:|1756945858
|move|p2a: Davy Jones|Wave Crash|p1b: Archaludon
|-damage|p1b: Archaludon|0 fnt
|faint|p1b: Archaludon
|-damage|p2a: Davy Jones|36/100|[from] Recoil
|-damage|p2a: Davy Jones|27/100|[from] item: Life Orb
|move|p2b: ACвҡЎпёҺDC|Electro Shot||[still]
|-prepare|p2b: ACвҡЎпёҺDC|Electro Shot
|-boost|p2b: ACвҡЎпёҺDC|spa|1
|-anim|p2b: ACвҡЎпёҺDC|Electro Shot|p1a: Politoed
|-supereffective|p1a: Politoed
|-damage|p1a: Politoed|0 fnt
|faint|p1a: Politoed
|
|win|Gyra78
||Welosethose! is ready for game 2.
||Gyra78 is ready for game 2.
|uhtml|next|Next: Game 2 of 3
|l|вҳҶGyra78
|player|p2|
