|j|☆elmono10
|j|☆Mandy's cendy
|html|elmono10Mandy's cendy    
|uhtml|bestof|Game 1 of a best-of-3
|t:|1756745580
|gametype|doubles
|player|p1|elmono10|ghetsis|1111
|player|p2|Mandy's cendy|iris-gen5bw2|1050
|gen|9
|tier|[Gen 9] VGC 2025 Reg H (Bo3)
|rated|
|rule|Species Clause: Limit one of each Pokémon
|rule|Item Clause: Limit 1 of each item
|clearpoke
|poke|p1|Volcarona, L50, F|
|poke|p1|Gholdengo, L50|
|poke|p1|Dragonite, L50, F|
|poke|p1|Amoonguss, L50, M|
|poke|p1|Sneasler, L50, F|
|poke|p1|Grimmsnarl, L50, M|
|poke|p2|Charizard, L50, F|
|poke|p2|Torkoal, L50, M|
|poke|p2|Porygon2, L50|
|poke|p2|Incineroar, L50, M|
|poke|p2|Jumpluff, L50, M|
|poke|p2|Ursaluna, L50, M|
|teampreview|4
|showteam|p1|Volcarona||Leftovers|FlameBody|QuiverDance,HeatWave,TeraBlast,Protect|||F|||50|,,,,,Fairy]Gholdengo||ChoiceScarf|GoodasGold|MakeItRain,ShadowBall,Protect,Trick||||||50|,,,,,Steel]Dragonite||LoadedDice|Multiscale|ScaleShot,StompingTantrum,Haze,Protect|||F|||50|,,,,,Ground]Amoonguss||SitrusBerry|Regenerator|SludgeBomb,Spore,RagePowder,Protect|||M|||50|,,,,,Psychic]Sneasler||FocusSash|PoisonTouch|DireClaw,CloseCombat,FakeOut,Protect|||F|||50|,,,,,Stellar]Grimmsnarl||LightClay|Prankster|SpiritBreak,LightScreen,Reflect,Taunt|||M|||50|,,,,,Ghost
|showteam|p2|Charizard||ChoiceSpecs|SolarPower|HeatWave,Overheat,WeatherBall,AirSlash|||F|||50|,,,,,Ghost]Torkoal||EjectPack|Drought|Eruption,Overheat,HelpingHand,Protect|||M|||50|,,,,,Fire]Porygon2||Eviolite|Download|TeraBlast,IceBeam,Recover,TrickRoom||||||50|,,,,,Fighting]Incineroar||SitrusBerry|Intimidate|FlareBlitz,KnockOff,FakeOut,PartingShot|||M|||50|,,,,,Ghost]Jumpluff||CovertCloak|Chlorophyll|SleepPowder,SunnyDay,RagePowder,Tailwind|||M|||50|,,,,,Water]Ursaluna||FlameOrb|Guts|HeadlongRush,Facade,Earthquake,Protect|||M|||50|,,,,,Ghost
|inactive|Battle timer is ON: inactive players will automatically lose when time's up. (requested by Mandy's cendy)
|inactive|elmono10 also wants the timer to be on.
|inactive|elmono10 has 60 seconds left.
|inactive|Mandy's cendy has 60 seconds left.
|inactive|Mandy's cendy has 30 seconds left.
|
|t:|1756745644
|teamsize|p1|4
|teamsize|p2|4
|start
|switch|p1a: Grimmsnarl|Grimmsnarl, L50, M|100/100
|switch|p1b: Dragonite|Dragonite, L50, F|100/100
|switch|p2a: Porygon2|Porygon2, L50|100/100
|switch|p2b: Torkoal|Torkoal, L50, M|100/100
|-ability|p2a: Porygon2|Download|boost
|-boost|p2a: Porygon2|atk|1
|-weather|SunnyDay|[from] ability: Drought|[of] p2b: Torkoal
|turn|1
|inactive|elmono10 has 30 seconds left.
|inactive|Mandy's cendy has 30 seconds left.
|inactive|elmono10 has 20 seconds left.
|inactive|elmono10 has 15 seconds left.
|inactive|Mandy's cendy has 20 seconds left.
|inactive|Mandy's cendy has 15 seconds left.
|inactive|Mandy's cendy has 10 seconds left.
|
|t:|1756745694
|move|p1a: Grimmsnarl|Taunt|p2a: Porygon2
|-start|p2a: Porygon2|move: Taunt
|move|p1b: Dragonite|Scale Shot|p2b: Torkoal|[miss]
|-miss|p1b: Dragonite|p2b: Torkoal
|move|p2a: Porygon2|Ice Beam|p1a: Grimmsnarl
|-damage|p1a: Grimmsnarl|76/100
|move|p2b: Torkoal|Overheat|p1a: Grimmsnarl
|-damage|p1a: Grimmsnarl|5/100
|-unboost|p2b: Torkoal|spa|2
|-enditem|p2b: Torkoal|Eject Pack
|
|t:|1756745707
|switch|p2b: Incineroar|Incineroar, L50, M|100/100
|-ability|p2b: Incineroar|Intimidate|boost
|-unboost|p1a: Grimmsnarl|atk|1
|-unboost|p1b: Dragonite|atk|1
|
|-weather|SunnyDay|[upkeep]
|upkeep
|turn|2
|inactive|Mandy's cendy has 30 seconds left.
|
|t:|1756745738
|switch|p1b: Sneasler|Sneasler, L50, F|100/100
|switch|p1a: Volcarona|Volcarona, L50, F|100/100
|move|p2b: Incineroar|Knock Off|p1a: Volcarona
|-damage|p1a: Volcarona|52/100
|-enditem|p1a: Volcarona|Leftovers|[from] move: Knock Off|[of] p2b: Incineroar
|move|p2a: Porygon2|Ice Beam|p1b: Sneasler
|-damage|p1b: Sneasler|62/100
|
|-weather|SunnyDay|[upkeep]
|upkeep
|turn|3
|inactive|elmono10 has 30 seconds left.
|inactive|Mandy's cendy has 30 seconds left.
|inactive|elmono10 has 20 seconds left.
|inactive|Mandy's cendy has 20 seconds left.
|inactive|elmono10 has 15 seconds left.
|inactive|elmono10 has 10 seconds left.
|
|t:|1756745784
|-terastallize|p2a: Porygon2|Fighting
|move|p1b: Sneasler|Close Combat|p2a: Porygon2
|-damage|p2a: Porygon2|61/100
|-unboost|p1b: Sneasler|def|1
|-unboost|p1b: Sneasler|spd|1
|move|p1a: Volcarona|Heat Wave|p2a: Porygon2|[spread] p2a,p2b
|-resisted|p2b: Incineroar
|-damage|p2a: Porygon2|30/100
|-damage|p2b: Incineroar|76/100
|move|p2b: Incineroar|Flare Blitz|p1a: Volcarona
|-damage|p1a: Volcarona|0 fnt
|faint|p1a: Volcarona
|-damage|p2b: Incineroar|60/100|[from] Recoil
|move|p2a: Porygon2|Tera Blast|p1b: Sneasler|[anim] Tera Blast Fighting
|-resisted|p1b: Sneasler
|-damage|p1b: Sneasler|24/100
|
|-weather|SunnyDay|[upkeep]
|-end|p2a: Porygon2|move: Taunt
|upkeep
|
|t:|1756745799
|switch|p1a: Dragonite|Dragonite, L50, F|100/100
|turn|4
|inactive|Mandy's cendy has 30 seconds left.
|
|t:|1756745834
|switch|p2b: Torkoal|Torkoal, L50, M|100/100
|move|p1b: Sneasler|Close Combat|p2b: Torkoal
|-damage|p2b: Torkoal|56/100
|-unboost|p1b: Sneasler|def|1
|-unboost|p1b: Sneasler|spd|1
|move|p1a: Dragonite|Scale Shot|p2a: Porygon2
|-damage|p2a: Porygon2|19/100
|-damage|p2a: Porygon2|9/100
|-crit|p2a: Porygon2
|-damage|p2a: Porygon2|0 fnt
|faint|p2a: Porygon2
|-hitcount|p2: Porygon2|3
|-unboost|p1a: Dragonite|def|1
|-boost|p1a: Dragonite|spe|1
|
|-weather|SunnyDay|[upkeep]
|upkeep
|
|t:|1756745851
|switch|p2a: Ursaluna|Ursaluna, L50, M|100/100
|turn|5
|
|t:|1756745862
|switch|p2b: Incineroar|Incineroar, L50, M|60/100
|-ability|p2b: Incineroar|Intimidate|boost
|-unboost|p1a: Dragonite|atk|1
|-unboost|p1b: Sneasler|atk|1
|move|p2a: Ursaluna|Protect|p2a: Ursaluna
|-singleturn|p2a: Ursaluna|Protect
|move|p1a: Dragonite|Stomping Tantrum|p2b: Incineroar
|-supereffective|p2b: Incineroar
|-damage|p2b: Incineroar|24/100
|-enditem|p2b: Incineroar|Sitrus Berry|[eat]
|-heal|p2b: Incineroar|49/100|[from] item: Sitrus Berry
|move|p1b: Sneasler|Close Combat|p2a: Ursaluna
|-activate|p2a: Ursaluna|move: Protect
|
|-weather|none
|-status|p2a: Ursaluna|brn|[from] item: Flame Orb
|upkeep
|turn|6
|inactive|Mandy's cendy has 30 seconds left.
|inactive|elmono10 has 30 seconds left.
|inactive|Mandy's cendy has 20 seconds left.
|
|t:|1756745902
|switch|p1b: Grimmsnarl|Grimmsnarl, L50, M|5/100
|switch|p2b: Torkoal|Torkoal, L50, M|56/100
|-weather|SunnyDay|[from] ability: Drought|[of] p2b: Torkoal
|move|p1a: Dragonite|Protect|p1a: Dragonite
|-singleturn|p1a: Dragonite|Protect
|move|p2a: Ursaluna|Facade|p1b: Grimmsnarl
|-damage|p1b: Grimmsnarl|0 fnt
|faint|p1b: Grimmsnarl
|
|-weather|SunnyDay|[upkeep]
|-damage|p2a: Ursaluna|95/100 brn|[from] brn
|upkeep
|
|t:|1756745911
|switch|p1b: Sneasler|Sneasler, L50, F|24/100
|turn|7
|inactive|Mandy's cendy has 30 seconds left.
|
|t:|1756745938
|-terastallize|p1b: Sneasler|Stellar
|move|p1a: Dragonite|Haze|p1a: Dragonite
|-clearallboost
|move|p1b: Sneasler|Close Combat|p2a: Ursaluna
|-supereffective|p2a: Ursaluna
|-damage|p2a: Ursaluna|0 fnt
|-unboost|p1b: Sneasler|def|1
|-unboost|p1b: Sneasler|spd|1
|faint|p2a: Ursaluna
|move|p2b: Torkoal|Overheat|p1a: Dragonite
|-resisted|p1a: Dragonite
|-damage|p1a: Dragonite|80/100
|-unboost|p2b: Torkoal|spa|2
|
|-weather|SunnyDay|[upkeep]
|upkeep
|
|t:|1756745944
|switch|p2a: Incineroar|Incineroar, L50, M|49/100
|-ability|p2a: Incineroar|Intimidate|boost
|-unboost|p1a: Dragonite|atk|1
|-unboost|p1b: Sneasler|atk|1
|turn|8
|inactive|Mandy's cendy has 30 seconds left.
|
|t:|1756745976
|move|p2b: Torkoal|Helping Hand|p2a: Incineroar
|-singleturn|p2a: Incineroar|Helping Hand|[of] p2b: Torkoal
|move|p1b: Sneasler|Protect|p1b: Sneasler
|-singleturn|p1b: Sneasler|Protect
|move|p1a: Dragonite|Protect|p1a: Dragonite
|-singleturn|p1a: Dragonite|Protect
|move|p2a: Incineroar|Flare Blitz|p1a: Dragonite
|-activate|p1a: Dragonite|move: Protect
|
|-weather|SunnyDay|[upkeep]
|upkeep
|turn|9
|inactive|elmono10 has 30 seconds left.
|inactive|elmono10 has 20 seconds left.
|inactive|elmono10 has 15 seconds left.
|
|t:|1756746019
|move|p2b: Torkoal|Helping Hand|p2a: Incineroar
|-singleturn|p2a: Incineroar|Helping Hand|[of] p2b: Torkoal
|move|p1b: Sneasler|Close Combat|p2a: Incineroar
|-supereffective|p2a: Incineroar
|-damage|p2a: Incineroar|0 fnt
|-unboost|p1b: Sneasler|def|1
|-unboost|p1b: Sneasler|spd|1
|faint|p2a: Incineroar
|move|p1a: Dragonite|Stomping Tantrum|p2b: Torkoal
|-supereffective|p2b: Torkoal
|-damage|p2b: Torkoal|28/100
|
|-weather|SunnyDay|[upkeep]
|upkeep
|turn|10
|
|t:|1756746027
|move|p2b: Torkoal|Protect|p2b: Torkoal
|-singleturn|p2b: Torkoal|Protect
|move|p1b: Sneasler|Close Combat|p2b: Torkoal
|-activate|p2b: Torkoal|move: Protect
|move|p1a: Dragonite|Stomping Tantrum|p2b: Torkoal
|-activate|p2b: Torkoal|move: Protect
|
|-weather|none
|upkeep
|turn|11
|
|t:|1756746029
|move|p2b: Torkoal|Protect||[still]
|-fail|p2b: Torkoal
|move|p1b: Sneasler|Close Combat|p2b: Torkoal
|-damage|p2b: Torkoal|0 fnt
|-unboost|p1b: Sneasler|def|1
|-unboost|p1b: Sneasler|spd|1
|faint|p2b: Torkoal
|
|win|elmono10
||elmono10 is ready for game 2.
||Mandy's cendy is ready for game 2.
|uhtml|next|Next: Game 2 of 3
