|j|☆SRareFox
|j|☆capspungo
|html|SRareFoxcapspungo    
|uhtml|bestof|Game 2 of a best-of-3
|t:|1757172466
|gametype|doubles
|player|p1|SRareFox|169|1293
|player|p2|capspungo|266|1205
|gen|9
|tier|[Gen 9] VGC 2025 Reg H (Bo3)
|rated|
|rule|Species Clause: Limit one of each Pokémon
|rule|Item Clause: Limit 1 of each item
|clearpoke
|poke|p1|Hatterene, L50, F|
|poke|p1|Indeedee-F, L50, F|
|poke|p1|Gallade, L50, M|
|poke|p1|Ursaluna, L50, M|
|poke|p1|Torkoal, L50, F|
|poke|p1|Porygon2, L50|
|poke|p2|Dragonite, L50, M|
|poke|p2|Annihilape, L50, F|
|poke|p2|Rillaboom, L50, M|
|poke|p2|Electabuzz, L50, M|
|poke|p2|Incineroar, L50, M|
|poke|p2|Gholdengo, L50|
|teampreview|4
|showteam|p1|Hatterene||LifeOrb|MagicBounce|ExpandingForce,DazzlingGleam,TrickRoom,MysticalFire|||F|||50|,,,,,Fire]Indeedee-F||SafetyGoggles|PsychicSurge|Psychic,FollowMe,TrickRoom,HelpingHand|||F|||50|,,,,,Water]Gallade||ClearAmulet|Sharpness|PsychoCut,SacredSword,TrickRoom,WideGuard|||M|||50|,,,,,Grass]Ursaluna||FlameOrb|Guts|Facade,HeadlongRush,Earthquake,Protect|||M|||50|,,,,,Ghost]Torkoal||Charcoal|Drought|Eruption,WeatherBall,ClearSmog,Protect|||F|||50|,,,,,Fire]Porygon2||Eviolite|Download|IceBeam,TeraBlast,TrickRoom,Recover||||||50|,,,,,Flying
|showteam|p2|Dragonite||LoadedDice|Multiscale|ScaleShot,ExtremeSpeed,Haze,Protect|||M|||50|,,,,,Fairy]Annihilape||FocusSash|Defiant|Coaching,Taunt,RageFist,CloseCombat|||F|||50|,,,,,Stellar]Rillaboom||AssaultVest|GrassySurge|WoodHammer,GrassyGlide,HighHorsepower,FakeOut|||M|||50|,,,,,Water]Electabuzz||Eviolite|VitalSpirit|Electroweb,FollowMe,Thunderbolt,Protect|||M|||50|,,,,,Ghost]Incineroar||MirrorHerb|Intimidate|FakeOut,PartingShot,FlareBlitz,KnockOff|||M|||50|,,,,,Water]Gholdengo||SitrusBerry|GoodasGold|MakeItRain,ShadowBall,NastyPlot,Protect||||||50|,,,,,Water
|inactive|Battle timer is ON: inactive players will automatically lose when time's up. (requested by SRareFox)
|inactive|capspungo has 60 seconds left.
|
|t:|1757172526
|teamsize|p1|4
|teamsize|p2|4
|start
|switch|p1a: Hatterene|Hatterene, L50, F|100/100
|switch|p1b: Gallade|Gallade, L50, M|100/100
|switch|p2a: Incineroar|Incineroar, L50, M|100/100
|switch|p2b: Annihilape|Annihilape, L50, F|100/100
|-ability|p2a: Incineroar|Intimidate|boost
|-unboost|p1a: Hatterene|atk|1
|-fail|p1b: Gallade|unboost|[from] item: Clear Amulet|[of] p1b: Gallade
|turn|1
|inactive|SRareFox has 30 seconds left.
|inactive|capspungo has 30 seconds left.
|
|t:|1757172559
|move|p2a: Incineroar|Fake Out|p1b: Gallade
|-damage|p1b: Gallade|84/100
|move|p2b: Annihilape|Taunt|p1a: Hatterene
|move|p1a: Hatterene|Taunt|p2b: Annihilape|[from] ability: Magic Bounce
|-start|p2b: Annihilape|move: Taunt
|cant|p1b: Gallade|flinch
|move|p1a: Hatterene|Trick Room|p1a: Hatterene
|-fieldstart|move: Trick Room|[of] p1a: Hatterene
|
|upkeep
|turn|2
|inactive|SRareFox has 30 seconds left.
|inactive|capspungo has 30 seconds left.
|inactive|capspungo has 20 seconds left.
|
|t:|1757172597
|switch|p1b: Torkoal|Torkoal, L50, F|100/100
|-weather|SunnyDay|[from] ability: Drought|[of] p1b: Torkoal
|switch|p2a: Rillaboom|Rillaboom, L50, M|100/100
|-fieldstart|move: Grassy Terrain|[from] ability: Grassy Surge|[of] p2a: Rillaboom
|move|p1a: Hatterene|Mystical Fire|p2b: Annihilape
|-damage|p2b: Annihilape|45/100
|-unboost|p2b: Annihilape|spa|1
|-ability|p2b: Annihilape|Defiant|boost
|-boost|p2b: Annihilape|atk|2
|-damage|p1a: Hatterene|91/100|[from] item: Life Orb
|move|p2b: Annihilape|Rage Fist|p1b: Torkoal
|-damage|p1b: Torkoal|31/100
|
|-weather|SunnyDay|[upkeep]
|-heal|p1b: Torkoal|37/100|[from] Grassy Terrain
|-heal|p1a: Hatterene|97/100|[from] Grassy Terrain
|-heal|p2b: Annihilape|51/100|[from] Grassy Terrain
|upkeep
|turn|3
|inactive|SRareFox has 30 seconds left.
|inactive|capspungo has 30 seconds left.
|inactive|capspungo has 20 seconds left.
|inactive|capspungo has 15 seconds left.
|
|t:|1757172641
|switch|p1b: Indeedee|Indeedee-F, L50, F|100/100
|-fieldstart|move: Psychic Terrain|[from] ability: Psychic Surge|[of] p1b: Indeedee
|switch|p2a: Incineroar|Incineroar, L50, M|100/100
|-ability|p2a: Incineroar|Intimidate|boost
|-unboost|p1a: Hatterene|atk|1
|-unboost|p1b: Indeedee|atk|1
|move|p1a: Hatterene|Expanding Force|p2b: Annihilape|[spread] p2b
|-immune|p2a: Incineroar
|-supereffective|p2b: Annihilape
|-damage|p2b: Annihilape|0 fnt
|faint|p2b: Annihilape
|-damage|p1a: Hatterene|87/100|[from] item: Life Orb
|
|-weather|SunnyDay|[upkeep]
|upkeep
|
|t:|1757172653
|switch|p2b: Rillaboom|Rillaboom, L50, M|100/100
|-fieldstart|move: Grassy Terrain|[from] ability: Grassy Surge|[of] p2b: Rillaboom
|turn|4
|inactive|SRareFox has 30 seconds left.
|inactive|capspungo has 30 seconds left.
|inactive|capspungo has 20 seconds left.
|
|t:|1757172690
|switch|p1b: Torkoal|Torkoal, L50, F|37/100
|-terastallize|p1a: Hatterene|Fire
|move|p2a: Incineroar|Fake Out|p1a: Hatterene
|-damage|p1a: Hatterene|75/100
|cant|p1a: Hatterene|flinch
|move|p2b: Rillaboom|Wood Hammer|p1b: Torkoal
|-resisted|p1b: Torkoal
|-damage|p1b: Torkoal|6/100
|-damage|p2b: Rillaboom|92/100|[from] Recoil
|
|-weather|SunnyDay|[upkeep]
|-heal|p1b: Torkoal|12/100|[from] Grassy Terrain
|-heal|p1a: Hatterene|81/100|[from] Grassy Terrain
|-heal|p2b: Rillaboom|98/100|[from] Grassy Terrain
|upkeep
|turn|5
|inactive|SRareFox has 30 seconds left.
|inactive|capspungo has 30 seconds left.
|inactive|SRareFox has 20 seconds left.
|inactive|capspungo has 20 seconds left.
|inactive|SRareFox has 15 seconds left.
|inactive|capspungo has 15 seconds left.
|inactive|capspungo has 10 seconds left.
|
|t:|1757172738
|switch|p1b: Indeedee|Indeedee-F, L50, F|100/100
|-fieldstart|move: Psychic Terrain|[from] ability: Psychic Surge|[of] p1b: Indeedee
|-terastallize|p2b: Rillaboom|Water
|move|p1a: Hatterene|Expanding Force|p2a: Incineroar|[spread] p2b
|-immune|p2a: Incineroar
|-damage|p2b: Rillaboom|33/100
|-damage|p1a: Hatterene|71/100|[from] item: Life Orb
|move|p2a: Incineroar|Knock Off|p1a: Hatterene
|-damage|p1a: Hatterene|25/100
|-enditem|p1a: Hatterene|Life Orb|[from] move: Knock Off|[of] p2a: Incineroar
|move|p2b: Rillaboom|Wood Hammer|p1b: Indeedee
|-damage|p1b: Indeedee|36/100
|-damage|p2b: Rillaboom|14/100|[from] Recoil
|
|-weather|SunnyDay|[upkeep]
|-fieldend|move: Trick Room
|upkeep
|turn|6
|inactive|SRareFox has 30 seconds left.
|inactive|capspungo has 30 seconds left.
|inactive|SRareFox has 20 seconds left.
|inactive|SRareFox has 15 seconds left.
|inactive|SRareFox has 10 seconds left.
|inactive|SRareFox has 5 seconds left.
|
|t:|1757172789
|switch|p1a: Gallade|Gallade, L50, M|84/100
|move|p1b: Indeedee|Follow Me|p1b: Indeedee
|-singleturn|p1b: Indeedee|move: Follow Me
|move|p2b: Rillaboom|Wood Hammer|p1b: Indeedee
|-damage|p1b: Indeedee|0 fnt
|faint|p1b: Indeedee
|-damage|p2b: Rillaboom|3/100|[from] Recoil
|move|p2a: Incineroar|Knock Off|p1a: Gallade
|-damage|p1a: Gallade|33/100
|-enditem|p1a: Gallade|Clear Amulet|[from] move: Knock Off|[of] p2a: Incineroar
|
|-weather|none
|upkeep
|
|t:|1757172799
|switch|p1b: Hatterene|Hatterene, L50, F, tera:Fire|25/100
|turn|7
|
|t:|1757172812
|move|p2b: Rillaboom|Wood Hammer|p1a: Gallade
|-damage|p1a: Gallade|0 fnt
|faint|p1a: Gallade
|-damage|p2b: Rillaboom|0 fnt|[from] Recoil
|faint|p2b: Rillaboom
|move|p2a: Incineroar|Knock Off|p1b: Hatterene
|-damage|p1b: Hatterene|0 fnt
|faint|p1b: Hatterene
|
|upkeep
|
|t:|1757172819
|switch|p2b: Gholdengo|Gholdengo, L50|100/100
|switch|p1b: Torkoal|Torkoal, L50, F|12/100
|-weather|SunnyDay|[from] ability: Drought|[of] p1b: Torkoal
|turn|8
|-message|SRareFox forfeited.
|
|win|capspungo
