|j|☆namboyVGC
|j|☆lux raymundi
|html|namboyVGClux raymundi    
|uhtml|bestof|Game 1 of a best-of-3
|t:|1785956699
|gametype|doubles
|player|p1|namboyVGC|pokemonranger-gen4|1314
|player|p2|lux raymundi|170|1308
|gen|9
|tier|[Gen 9 Champions] VGC 2026 Reg M-B (Bo3)
|rated|
|rule|Species Clause: Limit one of each Pokémon
|rule|Item Clause: Limit 1 of each item
|clearpoke
|poke|p1|Tyranitar, L50, M|
|poke|p1|Excadrill, L50, F|
|poke|p1|Milotic, L50, F|
|poke|p1|Sinistcha, L50|
|poke|p1|Staraptor, L50, M|
|poke|p1|Gholdengo, L50|
|poke|p2|Sneasler, L50, M|
|poke|p2|Blastoise, L50, M|
|poke|p2|Kingambit, L50, M|
|poke|p2|Incineroar, L50, M|
|poke|p2|Delphox, L50, F|
|poke|p2|Sinistcha, L50|
|teampreview|4
|showteam|p1|Tyranitar||Tyranitarite|SandStream|KnockOff,RockSlide,LowKick,Protect|Jolly||M|||50|]Excadrill||FocusSash|SandRush|HighHorsepower,IronHead,RockSlide,Protect|Jolly||F|||50|]Milotic||SitrusBerry|Competitive|Scald,IceBeam,IcyWind,Protect|Calm||F|||50|]Sinistcha||ColburBerry|Hospitality|MatchaGotcha,ShadowBall,Protect,RagePowder|Bold|||||50|]Staraptor||Staraptite|Intimidate|CloseCombat,BraveBird,Tailwind,Protect|Jolly||M|||50|]Gholdengo||LifeOrb|GoodasGold|MakeItRain,ShadowBall,NastyPlot,Protect|Modest|||||50|
|showteam|p2|Sneasler||FocusSash|PoisonTouch|PoisonJab,CloseCombat,FakeOut,QuickGuard|Jolly||M|||50|]Blastoise||Blastoisinite|RainDish|DarkPulse,WaterSpout,ShellSmash,Protect|Modest||M|||50|]Kingambit||BlackGlasses|Defiant|KowtowCleave,SuckerPunch,SwordsDance,Protect|Adamant||M|||50|]Incineroar||SitrusBerry|Intimidate|FlareBlitz,ThroatChop,PartingShot,FakeOut|Careful||M|||50|]Delphox||Delphoxite|Blaze|HeatWave,NastyPlot,Psychic,Protect|Timid||F|||50|]Sinistcha||KasibBerry|Hospitality|MatchaGotcha,RagePowder,TrickRoom,Protect|Bold|||||50|
|inactive|Battle timer is ON: inactive players will automatically lose when time's up. (requested by namboyVGC)
|inactive|namboyVGC has 60 seconds left.
|inactive|namboyVGC has 30 seconds left.
|
|t:|1785956763
|teamsize|p1|4
|teamsize|p2|4
|start
|switch|p1a: Gholdengo|Gholdengo, L50|100/100
|switch|p1b: Staraptor|Staraptor, L50, M|100/100
|switch|p2a: Sneasler|Sneasler, L50, M|100/100
|switch|p2b: Delphox|Delphox, L50, F|100/100
|-ability|p1b: Staraptor|Intimidate|boost
|-unboost|p2a: Sneasler|atk|1
|-unboost|p2b: Delphox|atk|1
|turn|1
|l|☆lux raymundi
|inactive|lux raymundi disconnected and has a minute to reconnect!
|player|p2|
|inactive|lux raymundi has 30 seconds left.
|j|☆lux raymundi
|inactive|lux raymundi reconnected and has 25 seconds left.
|player|p2|lux raymundi|170|
|inactive|lux raymundi has 20 seconds left.
|
|t:|1785956802
|detailschange|p2b: Delphox|Delphox-Mega, L50, F
|-mega|p2b: Delphox|Delphox|Delphoxite
|move|p1b: Staraptor|Protect|p1b: Staraptor
|-singleturn|p1b: Staraptor|Protect
|move|p2a: Sneasler|Fake Out|p1b: Staraptor
|-activate|p1b: Staraptor|move: Protect
|move|p2b: Delphox|Heat Wave|p1b: Staraptor|[spread] p1a
|-activate|p1b: Staraptor|move: Protect
|-supereffective|p1a: Gholdengo|1
|-damage|p1a: Gholdengo|26/100
|move|p1a: Gholdengo|Shadow Ball|p2b: Delphox
|-supereffective|p2b: Delphox|1
|-damage|p2b: Delphox|1/100
|-unboost|p2b: Delphox|spd|1
|-damage|p1a: Gholdengo|17/100|[from] item: Life Orb
|
|upkeep
|turn|2
|inactive|namboyVGC has 30 seconds left.
|inactive|lux raymundi has 30 seconds left.
|
|t:|1785956829
|switch|p1a: Milotic|Milotic, L50, F|100/100
|detailschange|p1b: Staraptor|Staraptor-Mega, L50, M
|-mega|p1b: Staraptor|Staraptor|Staraptite
|move|p2b: Delphox|Protect|p2b: Delphox
|-singleturn|p2b: Delphox|Protect
|move|p2a: Sneasler|Poison Jab|p1b: Staraptor
|-damage|p1b: Staraptor|75/100
|-status|p1b: Staraptor|psn
|move|p1b: Staraptor|Tailwind|p1b: Staraptor
|-sidestart|p1: namboyVGC|move: Tailwind
|
|-damage|p1b: Staraptor|63/100 psn|[from] psn
|upkeep
|turn|3
|inactive|lux raymundi has 30 seconds left.
|
|t:|1785956859
|switch|p2b: Sinistcha|Sinistcha, L50|100/100
|switch|p2a: Kingambit|Kingambit, L50, M|100/100
|move|p1b: Staraptor|Brave Bird|p2a: Kingambit
|-resisted|p2a: Kingambit|1
|-damage|p2a: Kingambit|78/100
|-damage|p1b: Staraptor|55/100 psn|[from] Recoil
|move|p1a: Milotic|Icy Wind|p2a: Kingambit|[spread] p2a,p2b
|-resisted|p2a: Kingambit|1
|-supereffective|p2b: Sinistcha|1
|-damage|p2a: Kingambit|74/100
|-damage|p2b: Sinistcha|82/100
|-unboost|p2a: Kingambit|spe|1
|-ability|p2a: Kingambit|Defiant|boost
|-boost|p2a: Kingambit|atk|2
|-unboost|p2b: Sinistcha|spe|1
|
|-damage|p1b: Staraptor|43/100 psn|[from] psn
|upkeep
|turn|4
|inactive|namboyVGC has 30 seconds left.
|
|t:|1785956885
|move|p2b: Sinistcha|Rage Powder|p2b: Sinistcha
|-singleturn|p2b: Sinistcha|move: Rage Powder
|move|p2a: Kingambit|Sucker Punch|p1b: Staraptor
|-resisted|p1b: Staraptor|1
|-damage|p1b: Staraptor|1/100 psn
|move|p1b: Staraptor|Brave Bird|p2b: Sinistcha
|-supereffective|p2b: Sinistcha|1
|-crit|p2b: Sinistcha
|-damage|p2b: Sinistcha|0 fnt
|faint|p2b: Sinistcha
|-damage|p1b: Staraptor|0 fnt|[from] Recoil
|faint|p1b: Staraptor
|move|p1a: Milotic|Ice Beam|p2a: Kingambit
|-resisted|p2a: Kingambit|1
|-damage|p2a: Kingambit|66/100
|
|upkeep
|
|t:|1785956901
|switch|p1b: Sinistcha|Sinistcha, L50|100/100
|switch|p2b: Sneasler|Sneasler, L50, M|100/100
|turn|5
|
|t:|1785956909
|move|p2b: Sneasler|Fake Out|p1a: Milotic
|-damage|p1a: Milotic|86/100
|cant|p1a: Milotic|flinch
|move|p1b: Sinistcha|Matcha Gotcha|p2b: Sneasler|[spread] p2a,p2b
|-resisted|p2a: Kingambit|1
|-resisted|p2b: Sneasler|1
|-damage|p2a: Kingambit|56/100
|-damage|p2b: Sneasler|84/100
|-status|p2b: Sneasler|brn
|move|p2a: Kingambit|Kowtow Cleave|p1b: Sinistcha
|-supereffective|p1b: Sinistcha|1
|-crit|p1b: Sinistcha
|-enditem|p1b: Sinistcha|Colbur Berry|[eat]
|-enditem|p1b: Sinistcha|Colbur Berry|[weaken]
|-damage|p1b: Sinistcha|0 fnt
|faint|p1b: Sinistcha
|
|-damage|p2b: Sneasler|78/100 brn|[from] brn
|-sideend|p1: namboyVGC|move: Tailwind
|upkeep
|
|t:|1785956928
|switch|p1b: Gholdengo|Gholdengo, L50|17/100
|turn|6
|
|t:|1785956946
|move|p2b: Sneasler|Close Combat|p1a: Milotic
|-damage|p1a: Milotic|56/100
|-unboost|p2b: Sneasler|def|1
|-unboost|p2b: Sneasler|spd|1
|move|p1a: Milotic|Scald|p2a: Kingambit
|-damage|p2a: Kingambit|33/100
|move|p1b: Gholdengo|Nasty Plot|p1b: Gholdengo
|-boost|p1b: Gholdengo|spa|2
|move|p2a: Kingambit|Kowtow Cleave|p1a: Milotic
|-damage|p1a: Milotic|0 fnt
|faint|p1a: Milotic
|
|-damage|p2b: Sneasler|73/100 brn|[from] brn
|upkeep
|turn|7
|
|t:|1785956969
|switch|p2b: Delphox|Delphox-Mega, L50, F|1/100
|move|p2a: Kingambit|Sucker Punch|p1b: Gholdengo
|-supereffective|p1b: Gholdengo|1
|-damage|p1b: Gholdengo|0 fnt
|faint|p1b: Gholdengo
|
|win|lux raymundi
