|j|☆spearow's nest
|j|☆nontelo
|html|spearow's nestnontelo    
|uhtml|bestof|Game 2 of a best-of-3
|t:|1755103229
|gametype|doubles
|player|p1|spearow's nest|lance|1206
|player|p2|nontelo|cress|1264
|gen|9
|tier|[Gen 9] VGC 2025 Reg H (Bo3)
|rated|
|rule|Species Clause: Limit one of each Pokémon
|rule|Item Clause: Limit 1 of each item
|clearpoke
|poke|p1|Sneasler, L50, F|
|poke|p1|Rillaboom, L50, F|
|poke|p1|Kingambit, L50, F|
|poke|p1|Magmar, L50, F|
|poke|p1|Basculegion, L50, M|
|poke|p1|Ninetales-Alola, L50, M|
|poke|p2|Ursaluna-Bloodmoon, L50, M|
|poke|p2|Electabuzz, L50, M|
|poke|p2|Indeedee, L50, M|
|poke|p2|Sneasler, L50, F|
|poke|p2|Ninetales-Alola, L50, F|
|poke|p2|Corviknight, L50, M|
|teampreview|4
|showteam|p1|Sneasler||FocusSash|PoisonTouch|CloseCombat,DireClaw,FakeOut,Protect|||F|||50|,,,,,Stellar]Rillaboom||AssaultVest|GrassySurge|WoodHammer,GrassyGlide,Uturn,FakeOut|||F|||50|,,,,,Ghost]Kingambit||BlackGlasses|Defiant|KowtowCleave,SuckerPunch,SwordsDance,Protect|||F|||50|,,,,,Ghost]Magmar||Eviolite|VitalSpirit|Overheat,Taunt,FollowMe,Protect|||F|||50|,,,,,Ghost]Basculegion||ChoiceScarf|Adaptability|WaveCrash,TeraBlast,FlipTurn,LastRespects|||M|||50|,,,,,Fighting]Ninetales-Alola||LifeOrb|SnowWarning|Blizzard,FreezeDry,Encore,Protect|||M|||50|,,,,,Ghost
|showteam|p2|Ursaluna-Bloodmoon||LifeOrb|MindsEye|BloodMoon,EarthPower,HyperVoice,Protect|||M|||50|,,,,,Normal]Electabuzz||Eviolite|Static|Electroweb,Taunt,FollowMe,Protect|||M|||50|,,,,,Bug]Indeedee||FocusSash|InnerFocus|ExpandingForce,Imprison,TrickRoom,Protect|||M|||50|,,,,,Psychic]Sneasler||PsychicSeed|Unburden|CloseCombat,DireClaw,ThroatChop,Protect|||F|||50|,,,,,Dark]Ninetales-Alola||NeverMeltIce|SnowWarning|Blizzard,FreezeDry,IcyWind,Encore|||F|||50|,,,,,Ice]Corviknight||SitrusBerry|MirrorArmor|BraveBird,Tailwind,Roost,Protect|||M|||50|,,,,,Dragon
|
|t:|1755103250
|teamsize|p1|4
|teamsize|p2|4
|start
|switch|p1a: Basculegion|Basculegion, L50, M|100/100
|switch|p1b: Kingambit|Kingambit, L50, F|100/100
|switch|p2a: Corviknight|Corviknight, L50, M|100/100
|switch|p2b: Ninetales|Ninetales-Alola, L50, F|100/100
|-weather|Snowscape|[from] ability: Snow Warning|[of] p2b: Ninetales
|turn|1
|inactive|Battle timer is ON: inactive players will automatically lose when time's up. (requested by nontelo)
|inactive|nontelo has 60 seconds left.
|
|t:|1755103282
|switch|p2b: Ursaluna|Ursaluna-Bloodmoon, L50, M|100/100
|move|p1a: Basculegion|Flip Turn|p2b: Ursaluna
|-supereffective|p2b: Ursaluna
|-damage|p2b: Ursaluna|39/100
|
|t:|1755103295
|switch|p1a: Rillaboom|Rillaboom, L50, F|100/100|[from] Flip Turn
|-fieldstart|move: Grassy Terrain|[from] ability: Grassy Surge|[of] p1a: Rillaboom
|move|p2a: Corviknight|Tailwind|p2a: Corviknight
|-sidestart|p2: nontelo|move: Tailwind
|move|p1b: Kingambit|Swords Dance|p1b: Kingambit
|-boost|p1b: Kingambit|atk|2
|
|-weather|Snowscape|[upkeep]
|-heal|p2b: Ursaluna|45/100|[from] Grassy Terrain
|upkeep
|turn|2
|
|t:|1755103318
|switch|p2a: Electabuzz|Electabuzz, L50, M|100/100
|switch|p1a: Ninetales|Ninetales-Alola, L50, M|100/100
|move|p2b: Ursaluna|Protect|p2b: Ursaluna
|-singleturn|p2b: Ursaluna|Protect
|move|p1b: Kingambit|Sucker Punch||[still]
|-fail|p1b: Kingambit
|
|-weather|Snowscape|[upkeep]
|-heal|p2b: Ursaluna|51/100|[from] Grassy Terrain
|upkeep
|turn|3
|inactive|nontelo has 30 seconds left.
|
|t:|1755103348
|-terastallize|p2b: Ursaluna|Normal
|move|p2a: Electabuzz|Follow Me|p2a: Electabuzz
|-singleturn|p2a: Electabuzz|move: Follow Me
|move|p2b: Ursaluna|Earth Power|p1b: Kingambit
|-supereffective|p1b: Kingambit
|-damage|p1b: Kingambit|0 fnt
|faint|p1b: Kingambit
|-damage|p2b: Ursaluna|41/100|[from] item: Life Orb
|move|p1a: Ninetales|Blizzard|p2a: Electabuzz|[spread] p2a,p2b
|-damage|p2a: Electabuzz|66/100
|-damage|p2b: Ursaluna|0 fnt
|faint|p2b: Ursaluna
|-damage|p1a: Ninetales|91/100|[from] item: Life Orb
|
|-weather|Snowscape|[upkeep]
|-heal|p2a: Electabuzz|71/100|[from] Grassy Terrain
|-heal|p1a: Ninetales|97/100|[from] Grassy Terrain
|upkeep
|
|t:|1755103362
|switch|p2b: Corviknight|Corviknight, L50, M|100/100
|switch|p1b: Rillaboom|Rillaboom, L50, F|100/100
|turn|4
|
|t:|1755103378
|move|p2a: Electabuzz|Taunt|p1a: Ninetales
|-start|p1a: Ninetales|move: Taunt
|move|p2b: Corviknight|Brave Bird|p1a: Ninetales
|-damage|p1a: Ninetales|59/100
|-damage|p2b: Corviknight|91/100|[from] Recoil
|move|p1a: Ninetales|Blizzard|p2a: Electabuzz|[spread] p2a,p2b
|-damage|p2a: Electabuzz|35/100
|-damage|p2b: Corviknight|51/100
|-damage|p1a: Ninetales|50/100|[from] item: Life Orb
|move|p1b: Rillaboom|U-turn|p2b: Corviknight
|-resisted|p2b: Corviknight
|-damage|p2b: Corviknight|46/100
|-enditem|p2b: Corviknight|Sitrus Berry|[eat]
|-heal|p2b: Corviknight|71/100|[from] item: Sitrus Berry
|
|t:|1755103384
|switch|p1b: Basculegion|Basculegion, L50, M|100/100|[from] U-turn
|
|-weather|Snowscape|[upkeep]
|-heal|p2a: Electabuzz|41/100|[from] Grassy Terrain
|-heal|p1a: Ninetales|55/100|[from] Grassy Terrain
|-sideend|p2: nontelo|move: Tailwind
|upkeep
|turn|5
|inactive|nontelo has 30 seconds left.
|
|t:|1755103414
|move|p2a: Electabuzz|Protect|p2a: Electabuzz
|-singleturn|p2a: Electabuzz|Protect
|move|p1b: Basculegion|Last Respects|p2a: Electabuzz
|-activate|p2a: Electabuzz|move: Protect
|move|p1a: Ninetales|Blizzard|p2a: Electabuzz|[spread] p2b
|-activate|p2a: Electabuzz|move: Protect
|-damage|p2b: Corviknight|36/100
|-status|p2b: Corviknight|frz
|-damage|p1a: Ninetales|46/100|[from] item: Life Orb
|-curestatus|p2b: Corviknight|frz|[msg]
|move|p2b: Corviknight|Tailwind|p2b: Corviknight
|-sidestart|p2: nontelo|move: Tailwind
|
|-weather|none
|-heal|p2a: Electabuzz|47/100|[from] Grassy Terrain
|-heal|p1a: Ninetales|51/100|[from] Grassy Terrain
|-fieldend|move: Grassy Terrain
|upkeep
|turn|6
|inactive|spearow's nest has 30 seconds left.
|inactive|nontelo has 30 seconds left.
|
|t:|1755103448
|move|p2a: Electabuzz|Electroweb|p1b: Basculegion|[spread] p1a,p1b
|-supereffective|p1b: Basculegion
|-damage|p1a: Ninetales|36/100
|-damage|p1b: Basculegion|67/100
|-unboost|p1a: Ninetales|spe|1
|-unboost|p1b: Basculegion|spe|1
|move|p2b: Corviknight|Roost|p2b: Corviknight
|-heal|p2b: Corviknight|86/100
|-singleturn|p2b: Corviknight|move: Roost
|move|p1b: Basculegion|Last Respects|p2b: Corviknight
|-damage|p2b: Corviknight|35/100
|move|p1a: Ninetales|Blizzard|p2a: Electabuzz|[spread] p2a,p2b
|-resisted|p2b: Corviknight
|-damage|p2a: Electabuzz|12/100
|-damage|p2b: Corviknight|16/100
|-damage|p1a: Ninetales|26/100|[from] item: Life Orb
|
|-end|p1a: Ninetales|move: Taunt
|upkeep
|turn|7
|inactive|nontelo has 30 seconds left.
|
|t:|1755103478
|switch|p1b: Rillaboom|Rillaboom, L50, F|100/100
|-fieldstart|move: Grassy Terrain|[from] ability: Grassy Surge|[of] p1b: Rillaboom
|move|p2a: Electabuzz|Follow Me|p2a: Electabuzz
|-singleturn|p2a: Electabuzz|move: Follow Me
|move|p2b: Corviknight|Brave Bird|p1a: Ninetales
|-damage|p1a: Ninetales|0 fnt
|faint|p1a: Ninetales
|-damage|p2b: Corviknight|9/100|[from] Recoil
|
|-heal|p2a: Electabuzz|18/100|[from] Grassy Terrain
|upkeep
|
|t:|1755103486
|switch|p1a: Basculegion|Basculegion, L50, M|67/100
|turn|8
|
|t:|1755103502
|switch|p2a: Ninetales|Ninetales-Alola, L50, F|100/100
|-weather|Snowscape|[from] ability: Snow Warning|[of] p2a: Ninetales
|move|p1b: Rillaboom|Grassy Glide|p2a: Ninetales
|-damage|p2a: Ninetales|58/100
|move|p1a: Basculegion|Last Respects|p2b: Corviknight
|-damage|p2b: Corviknight|0 fnt
|faint|p2b: Corviknight
|
|-weather|Snowscape|[upkeep]
|-heal|p2a: Ninetales|64/100|[from] Grassy Terrain
|-heal|p1a: Basculegion|73/100|[from] Grassy Terrain
|-sideend|p2: nontelo|move: Tailwind
|upkeep
|
|t:|1755103513
|switch|p2b: Electabuzz|Electabuzz, L50, M|18/100
|turn|9
|
|t:|1755103534
|-terastallize|p1b: Rillaboom|Ghost
|move|p2b: Electabuzz|Follow Me|p2b: Electabuzz
|-singleturn|p2b: Electabuzz|move: Follow Me
|move|p1b: Rillaboom|Grassy Glide|p2b: Electabuzz
|-damage|p2b: Electabuzz|0 fnt
|faint|p2b: Electabuzz
|move|p1a: Basculegion|Last Respects|p2a: Ninetales
|-damage|p2a: Ninetales|0 fnt
|faint|p2a: Ninetales
|
|win|spearow's nest
|raw|spearow's nest's rating: 1206 → 1235(+29 for winning)
|raw|nontelo's rating: 1264 → 1235(-29 for losing)
|c|☆spearow's nest|ggs
|c|☆nontelo|gg
|l|☆nontelo
|player|p2|
