|j|☆Moonlight Flutter
|j|☆Quyt_DZ
|html|Moonlight FlutterQuyt_DZ    
|uhtml|bestof|Game 2 of a best-of-3
|t:|1783171153
|gametype|doubles
|player|p1|Moonlight Flutter|miku-flying|
|player|p2|Quyt_DZ|acetrainersnowf|
|gen|9
|tier|[Gen 9 Champions] VGC 2026 Reg M-B (Bo3)
|rule|Species Clause: Limit one of each Pokémon
|rule|Item Clause: Limit 1 of each item
|clearpoke
|poke|p1|Sinistcha, L50|
|poke|p1|Incineroar, L50, F|
|poke|p1|Milotic, L50, M|
|poke|p1|Raichu, L50, F|
|poke|p1|Ceruledge, L50, F|
|poke|p1|Mawile, L50, M, shiny|
|poke|p2|Vanilluxe, L50, F, shiny|
|poke|p2|Raichu, L50, M, shiny|
|poke|p2|Dragonite, L50, F, shiny|
|poke|p2|Sneasler, L50, M, shiny|
|poke|p2|Torkoal, L50, M, shiny|
|poke|p2|Incineroar, L50, M|
|teampreview|4
|showteam|p1|Sinistcha||FocusSash|Hospitality|MatchaGotcha,LifeDew,RagePowder,Protect|Relaxed|||||50|]Incineroar||SitrusBerry|Intimidate|FlareBlitz,ThroatChop,FakeOut,PartingShot|Impish||F|||50|]Milotic||Leftovers|Competitive|MuddyWater,Coil,Hypnosis,Protect|Calm||M|||50|]Raichu||RaichuniteY|LightningRod|ZapCannon,FocusBlast,FakeOut,Protect|Timid||F|||50|]Ceruledge||ColburBerry|FlashFire|BitterBlade,ShadowSneak,BulkUp,Protect|Adamant||F|||50|]Mawile||Mawilite|HyperCutter|PlayRough,SuckerPunch,SwordsDance,Protect|Adamant||M|||50|
|showteam|p2|Vanilluxe||ChoiceScarf|SnowWarning|Blizzard,FreezeDry,IcyWind,SheerCold|Modest||F|||50|]Raichu||RaichuniteY|LightningRod|ZapCannon,FocusBlast,Substitute,Protect|Timid||M|||50|]Dragonite||DragonFang|Multiscale|DragonClaw,ExtremeSpeed,LowKick,Protect|Adamant||F|||50|]Sneasler||FocusSash|PoisonTouch|PoisonJab,CloseCombat,Protect,FakeOut|Jolly||M|||50|]Torkoal||Leftovers|Drought|WeatherBall,Yawn,Protect,HeatWave|Relaxed||M|||50|]Incineroar||SitrusBerry|Intimidate|FlareBlitz,ThroatChop,PartingShot,FakeOut|Adamant||M|||50|
|inactive|Battle timer is ON: inactive players will automatically lose when time's up. (requested by Moonlight Flutter)
|inactive|Quyt_DZ has 60 seconds left.
|
|t:|1783171212
|teamsize|p1|4
|teamsize|p2|4
|start
|switch|p1a: Raichu|Raichu, L50, F|100/100
|switch|p1b: Ceruledge|Ceruledge, L50, F|100/100
|switch|p2a: Raichu|Raichu, L50, M, shiny|100/100
|switch|p2b: Dragonite|Dragonite, L50, F, shiny|100/100
|turn|1
|
|t:|1783171229
|move|p2a: Raichu|Protect|p2a: Raichu
|-singleturn|p2a: Raichu|Protect
|move|p1a: Raichu|Fake Out|p2b: Dragonite
|-damage|p2b: Dragonite|95/100
|cant|p2b: Dragonite|flinch
|move|p1b: Ceruledge|Bulk Up|p1b: Ceruledge
|-boost|p1b: Ceruledge|atk|1
|-boost|p1b: Ceruledge|def|1
|
|upkeep
|turn|2
|
|t:|1783171247
|move|p1a: Raichu|Protect|p1a: Raichu
|-singleturn|p1a: Raichu|Protect
|move|p2a: Raichu|Substitute|p2a: Raichu
|-start|p2a: Raichu|Substitute
|-damage|p2a: Raichu|75/100
|move|p2b: Dragonite|Dragon Claw|p1b: Ceruledge
|-damage|p1b: Ceruledge|55/100
|move|p1b: Ceruledge|Bitter Blade|p2a: Raichu
|-end|p2a: Raichu|Substitute
|-heal|p1b: Ceruledge|65/100|[from] drain|[of] p2a: Raichu
|
|upkeep
|turn|3
|
|t:|1783171265
|switch|p1a: Incineroar|Incineroar, L50, F|100/100
|-ability|p1a: Incineroar|Intimidate|boost
|-unboost|p2a: Raichu|atk|1
|-unboost|p2b: Dragonite|atk|1
|move|p2a: Raichu|Substitute|p2a: Raichu
|-start|p2a: Raichu|Substitute
|-damage|p2a: Raichu|50/100y
|move|p2b: Dragonite|Dragon Claw|p1b: Ceruledge
|-damage|p1b: Ceruledge|39/100
|move|p1b: Ceruledge|Bitter Blade|p2a: Raichu
|-end|p2a: Raichu|Substitute
|-heal|p1b: Ceruledge|49/100|[from] drain|[of] p2a: Raichu
|
|upkeep
|turn|4
|inactive|Moonlight Flutter has 30 seconds left.
|
|t:|1783171292
|switch|p2a: Torkoal|Torkoal, L50, M, shiny|100/100
|-weather|SunnyDay|[from] ability: Drought|[of] p2a: Torkoal
|switch|p1a: Raichu|Raichu, L50, F|100/100
|move|p2b: Dragonite|Dragon Claw|p1b: Ceruledge
|-damage|p1b: Ceruledge|23/100
|move|p1b: Ceruledge|Bitter Blade|p2b: Dragonite
|-resisted|p2b: Dragonite|1
|-damage|p2b: Dragonite|32/100
|-heal|p1b: Ceruledge|52/100|[from] drain|[of] p2b: Dragonite
|
|-weather|SunnyDay|[upkeep]
|upkeep
|turn|5
|inactive|Moonlight Flutter has 30 seconds left.
|
|t:|1783171320
|move|p2b: Dragonite|Protect|p2b: Dragonite
|-singleturn|p2b: Dragonite|Protect
|move|p1a: Raichu|Fake Out|p2b: Dragonite
|-activate|p2b: Dragonite|move: Protect
|move|p1b: Ceruledge|Bitter Blade|p2a: Torkoal
|-resisted|p2a: Torkoal|1
|-damage|p2a: Torkoal|59/100
|-heal|p1b: Ceruledge|72/100|[from] drain|[of] p2a: Torkoal
|move|p2a: Torkoal|Weather Ball|p1a: Raichu
|-damage|p1a: Raichu|35/100
|
|-weather|SunnyDay|[upkeep]
|-heal|p2a: Torkoal|65/100|[from] item: Leftovers
|upkeep
|turn|6
|inactive|Quyt_DZ has 30 seconds left.
|inactive|Quyt_DZ has 20 seconds left.
|inactive|Quyt_DZ has 15 seconds left.
|
|t:|1783171364
|switch|p1a: Milotic|Milotic, L50, M|100/100
|move|p1b: Ceruledge|Shadow Sneak|p2b: Dragonite
|-damage|p2b: Dragonite|0 fnt
|faint|p2b: Dragonite
|move|p2a: Torkoal|Yawn|p1b: Ceruledge
|-start|p1b: Ceruledge|move: Yawn|[of] p2a: Torkoal
|
|-weather|SunnyDay|[upkeep]
|-heal|p2a: Torkoal|71/100|[from] item: Leftovers
|upkeep
|inactive|Quyt_DZ has 30 seconds left.
|
|t:|1783171392
|switch|p2b: Raichu|Raichu, L50, M, shiny|50/100y
|turn|7
|inactive|Quyt_DZ has 30 seconds left.
|inactive|Quyt_DZ has 20 seconds left.
|
|t:|1783171428
|detailschange|p2b: Raichu|Raichu-Mega-Y, L50, M, shiny
|-mega|p2b: Raichu|Raichu|Raichunite Y
|move|p1b: Ceruledge|Shadow Sneak|p2b: Raichu
|-damage|p2b: Raichu|0 fnt
|faint|p2b: Raichu
|move|p1a: Milotic|Coil|p1a: Milotic
|-boost|p1a: Milotic|atk|1
|-boost|p1a: Milotic|def|1
|-boost|p1a: Milotic|accuracy|1
|move|p2a: Torkoal|Yawn|p1a: Milotic
|-start|p1a: Milotic|move: Yawn|[of] p2a: Torkoal
|
|-weather|SunnyDay|[upkeep]
|-heal|p2a: Torkoal|77/100|[from] item: Leftovers
|-end|p1b: Ceruledge|move: Yawn|[silent]
|-status|p1b: Ceruledge|slp
|upkeep
|
|t:|1783171435
|switch|p2b: Sneasler|Sneasler, L50, M, shiny|100/100
|turn|8
|
|t:|1783171445
|switch|p1a: Incineroar|Incineroar, L50, F|100/100
|-ability|p1a: Incineroar|Intimidate|boost
|-unboost|p2a: Torkoal|atk|1
|-unboost|p2b: Sneasler|atk|1
|move|p2b: Sneasler|Fake Out|p1a: Incineroar
|-damage|p1a: Incineroar|92/100
|-status|p1a: Incineroar|psn|[from] ability: Poison Touch|[of] p2b: Sneasler
|cant|p1b: Ceruledge|slp
|move|p2a: Torkoal|Weather Ball|p1b: Ceruledge
|-start|p1b: Ceruledge|ability: Flash Fire
|
|-weather|none
|-heal|p2a: Torkoal|84/100|[from] item: Leftovers
|-damage|p1a: Incineroar|80/100 psn|[from] psn
|upkeep
|turn|9
|inactive|Quyt_DZ has 30 seconds left.
|
|t:|1783171473
|move|p1a: Incineroar|Fake Out|p2b: Sneasler
|-damage|p2b: Sneasler|80/100
|cant|p2b: Sneasler|flinch
|cant|p1b: Ceruledge|slp
|move|p2a: Torkoal|Heat Wave|p1a: Incineroar|[spread] p1a
|-immune|p1b: Ceruledge|[from] ability: Flash Fire
|-resisted|p1a: Incineroar|1
|-damage|p1a: Incineroar|68/100 psn
|
|-heal|p2a: Torkoal|90/100|[from] item: Leftovers
|-damage|p1a: Incineroar|55/100 psn|[from] psn
|upkeep
|turn|10
|
|t:|1783171487
|move|p2b: Sneasler|Close Combat|p1a: Incineroar
|-supereffective|p1a: Incineroar|1
|-damage|p1a: Incineroar|0 fnt
|-unboost|p2b: Sneasler|def|1
|-unboost|p2b: Sneasler|spd|1
|faint|p1a: Incineroar
|-curestatus|p1b: Ceruledge|slp|[msg]
|move|p1b: Ceruledge|Bitter Blade|p2b: Sneasler
|-damage|p2b: Sneasler|0 fnt
|-heal|p1b: Ceruledge|100/100|[from] drain|[of] p2b: Sneasler
|faint|p2b: Sneasler
|move|p2a: Torkoal|Weather Ball|p1b: Ceruledge
|-immune|p1b: Ceruledge
|
|-heal|p2a: Torkoal|96/100|[from] item: Leftovers
|upkeep
|
|t:|1783171491
|switch|p1a: Raichu|Raichu, L50, F|35/100
|turn|11
|
|t:|1783171495
|detailschange|p1a: Raichu|Raichu-Mega-Y, L50, F
|-mega|p1a: Raichu|Raichu|Raichunite Y
|move|p1a: Raichu|Zap Cannon|p2a: Torkoal
|-damage|p2a: Torkoal|23/100
|-status|p2a: Torkoal|par
|move|p1b: Ceruledge|Bitter Blade|p2a: Torkoal
|-resisted|p2a: Torkoal|1
|-damage|p2a: Torkoal|0 fnt
|faint|p2a: Torkoal
|
|win|Moonlight Flutter
|c|☆Moonlight Flutter|gg
|c|☆Quyt_DZ|gg
