|j|☆BlackStag52
|j|☆epom158
|html|BlackStag52epom158    
|uhtml|bestof|Game 3 of a best-of-3
|t:|1756174284
|gametype|doubles
|player|p1|BlackStag52|beauty|1107
|player|p2|epom158|n|1000
|gen|9
|tier|[Gen 9] VGC 2025 Reg H (Bo3)
|rated|
|rule|Species Clause: Limit one of each Pokémon
|rule|Item Clause: Limit 1 of each item
|clearpoke
|poke|p1|Kingambit, L50, M|
|poke|p1|Gallade, L50, M|
|poke|p1|Indeedee-F, L50, F|
|poke|p1|Rampardos, L50, F|
|poke|p1|Amoonguss, L50, F|
|poke|p1|Incineroar, L50, F|
|poke|p2|Sneasler, L50, M|
|poke|p2|Kingambit, L50, M|
|poke|p2|Dragonite, L50, F|
|poke|p2|Rillaboom, L50, M|
|poke|p2|Arcanine-Hisui, L50, M|
|poke|p2|Ninetales-Alola, L50, F|
|teampreview|4
|showteam|p1|Kingambit||BlackGlasses|Defiant|KowtowCleave,IronHead,Protect,PoisonJab|||M|||50|,,,,,Psychic]Gallade||ClearAmulet|Sharpness|SacredSword,TrickRoom,PsychoCut,WideGuard|||M|||50|,,,,,Dark]Indeedee-F||PsychicSeed|PsychicSurge|TrickRoom,FollowMe,HelpingHand,HyperVoice|||F|||50|,,,,,Fairy]Rampardos||LifeOrb|SheerForce|RockSlide,HammerArm,Protect,BreakingSwipe|||F|||50|,,,,,Dragon]Amoonguss||Leftovers|Regenerator|Spore,RagePowder,SludgeBomb,PollenPuff|||F|||50|,,,,,Dark]Incineroar||SafetyGoggles|Intimidate|FakeOut,PartingShot,KnockOff,FlareBlitz|||F|||50|,,,,,Ghost
|showteam|p2|Sneasler||FocusSash|PoisonTouch|DireClaw,CloseCombat,Coaching,Protect|||M|||50|,,,,,Stellar]Kingambit||DreadPlate|Defiant|KowtowCleave,SuckerPunch,SwordsDance,Protect|||M|||50|,,,,,Dark]Dragonite||LoadedDice|Multiscale|ScaleShot,Tailwind,Haze,Protect|||F|||50|,,,,,Steel]Rillaboom||AssaultVest|GrassySurge|WoodHammer,Uturn,FakeOut,GrassyGlide|||M|||50|,,,,,Fire]Arcanine-Hisui||SafetyGoggles|Intimidate|FlareBlitz,RockSlide,ExtremeSpeed,Protect|||M|||50|,,,,,Water]Ninetales-Alola||LifeOrb|SnowWarning|FreezeDry,AuroraVeil,Blizzard,Protect|||F|||50|,,,,,Ice
|
|t:|1756174297
|teamsize|p1|4
|teamsize|p2|4
|start
|switch|p1a: Kingambit|Kingambit, L50, M|100/100
|switch|p1b: Gallade|Gallade, L50, M|100/100
|switch|p2a: Sneasler|Sneasler, L50, M|100/100
|switch|p2b: Kingambit|Kingambit, L50, M|100/100
|turn|1
|
|t:|1756174322
|switch|p1a: Incineroar|Incineroar, L50, F|100/100
|-ability|p1a: Incineroar|Intimidate|boost
|-unboost|p2a: Sneasler|atk|1
|-unboost|p2b: Kingambit|atk|1
|-ability|p2b: Kingambit|Defiant|boost
|-boost|p2b: Kingambit|atk|2
|-terastallize|p2b: Kingambit|Dark
|move|p2a: Sneasler|Dire Claw|p1b: Gallade
|-damage|p1b: Gallade|63/100
|move|p1b: Gallade|Psycho Cut|p2a: Sneasler
|-supereffective|p2a: Sneasler
|-enditem|p2a: Sneasler|Focus Sash
|-damage|p2a: Sneasler|1/100
|move|p2b: Kingambit|Kowtow Cleave|p1b: Gallade
|-damage|p1b: Gallade|0 fnt
|faint|p1b: Gallade
|
|upkeep
|
|t:|1756174345
|switch|p1b: Amoonguss|Amoonguss, L50, F|100/100
|turn|2
|
|t:|1756174357
|switch|p2a: Arcanine|Arcanine-Hisui, L50, M|100/100
|-ability|p2a: Arcanine|Intimidate|boost
|-unboost|p1a: Incineroar|atk|1
|-unboost|p1b: Amoonguss|atk|1
|move|p2b: Kingambit|Protect|p2b: Kingambit
|-singleturn|p2b: Kingambit|Protect
|move|p1a: Incineroar|Fake Out|p2a: Arcanine
|-resisted|p2a: Arcanine
|-damage|p2a: Arcanine|96/100
|move|p1b: Amoonguss|Spore|p2b: Kingambit
|-activate|p2b: Kingambit|move: Protect
|
|upkeep
|turn|3
|
|t:|1756174393
|switch|p1a: Kingambit|Kingambit, L50, M|100/100
|-terastallize|p1b: Amoonguss|Dark
|move|p2a: Arcanine|Rock Slide|p1b: Amoonguss|[spread] p1a,p1b
|-resisted|p1a: Kingambit
|-damage|p1a: Kingambit|91/100
|-damage|p1b: Amoonguss|72/100
|move|p2b: Kingambit|Kowtow Cleave|p1b: Amoonguss
|-resisted|p1b: Amoonguss
|-damage|p1b: Amoonguss|7/100
|move|p1b: Amoonguss|Spore|p2b: Kingambit
|-status|p2b: Kingambit|slp|[from] move: Spore
|
|-heal|p1b: Amoonguss|13/100|[from] item: Leftovers
|upkeep
|turn|4
|
|t:|1756174414
|move|p2a: Arcanine|Flare Blitz|p1a: Kingambit
|-supereffective|p1a: Kingambit
|-damage|p1a: Kingambit|7/100
|-damage|p2a: Arcanine|63/100|[from] Recoil
|cant|p2b: Kingambit|slp
|move|p1a: Kingambit|Kowtow Cleave|p2a: Arcanine
|-damage|p2a: Arcanine|0 fnt
|faint|p2a: Arcanine
|move|p1b: Amoonguss|Spore|p2b: Kingambit
|-fail|p2b: Kingambit|slp
|
|-heal|p1b: Amoonguss|19/100|[from] item: Leftovers
|upkeep
|
|t:|1756174425
|switch|p2a: Rillaboom|Rillaboom, L50, M|100/100
|-fieldstart|move: Grassy Terrain|[from] ability: Grassy Surge|[of] p2a: Rillaboom
|turn|5
|
|t:|1756174440
|switch|p1b: Incineroar|Incineroar, L50, F|100/100
|-ability|p1b: Incineroar|Intimidate|boost
|-unboost|p2a: Rillaboom|atk|1
|-unboost|p2b: Kingambit|atk|1
|-ability|p2b: Kingambit|Defiant|boost
|-boost|p2b: Kingambit|atk|2
|move|p1a: Kingambit|Protect|p1a: Kingambit
|-singleturn|p1a: Kingambit|Protect
|move|p2a: Rillaboom|Grassy Glide|p1a: Kingambit
|-activate|p1a: Kingambit|move: Protect
|cant|p2b: Kingambit|slp
|
|-heal|p1a: Kingambit|13/100|[from] Grassy Terrain
|upkeep
|turn|6
|
|t:|1756174462
|move|p1b: Incineroar|Fake Out|p2a: Rillaboom
|-damage|p2a: Rillaboom|91/100
|cant|p2a: Rillaboom|flinch
|cant|p2b: Kingambit|slp
|move|p1a: Kingambit|Poison Jab|p2a: Rillaboom
|-supereffective|p2a: Rillaboom
|-damage|p2a: Rillaboom|37/100
|
|-heal|p2a: Rillaboom|43/100|[from] Grassy Terrain
|-heal|p1a: Kingambit|18/100|[from] Grassy Terrain
|upkeep
|turn|7
|
|t:|1756174484
|switch|p1a: Amoonguss|Amoonguss, L50, F, tera:Dark|52/100
|move|p2a: Rillaboom|U-turn|p1a: Amoonguss
|-supereffective|p1a: Amoonguss
|-damage|p1a: Amoonguss|19/100
|
|t:|1756174489
|switch|p2a: Sneasler|Sneasler, L50, M|1/100|[from] U-turn
|-curestatus|p2b: Kingambit|slp|[msg]
|move|p2b: Kingambit|Kowtow Cleave|p1b: Incineroar
|-resisted|p1b: Incineroar
|-damage|p1b: Incineroar|42/100
|move|p1b: Incineroar|Flare Blitz|p2a: Sneasler
|-damage|p2a: Sneasler|0 fnt
|faint|p2a: Sneasler
|-damage|p1b: Incineroar|41/100|[from] Recoil
|
|-heal|p1b: Incineroar|47/100|[from] Grassy Terrain
|-heal|p1a: Amoonguss|24/100|[from] Grassy Terrain
|-heal|p1a: Amoonguss|30/100|[from] item: Leftovers
|upkeep
|
|t:|1756174496
|switch|p2a: Rillaboom|Rillaboom, L50, M|43/100
|turn|8
|
|t:|1756174519
|switch|p1a: Kingambit|Kingambit, L50, M|18/100
|move|p2a: Rillaboom|Fake Out|p1a: Kingambit
|-resisted|p1a: Kingambit
|-damage|p1a: Kingambit|13/100
|move|p2b: Kingambit|Kowtow Cleave|p1b: Incineroar
|-resisted|p1b: Incineroar
|-damage|p1b: Incineroar|0 fnt
|faint|p1b: Incineroar
|
|-heal|p2a: Rillaboom|48/100|[from] Grassy Terrain
|-heal|p1a: Kingambit|19/100|[from] Grassy Terrain
|upkeep
|
|t:|1756174527
|switch|p1b: Amoonguss|Amoonguss, L50, F, tera:Dark|63/100
|turn|9
|
|t:|1756174544
|move|p2a: Rillaboom|Wood Hammer|p1a: Kingambit
|-resisted|p1a: Kingambit
|-damage|p1a: Kingambit|0 fnt
|faint|p1a: Kingambit
|-damage|p2a: Rillaboom|42/100|[from] Recoil
|move|p2b: Kingambit|Kowtow Cleave|p1b: Amoonguss
|-resisted|p1b: Amoonguss
|-crit|p1b: Amoonguss
|-damage|p1b: Amoonguss|0 fnt
|faint|p1b: Amoonguss
|
|win|epom158
|raw|BlackStag52's rating: 1107 → 1075(-32 for losing)
|raw|epom158's rating: 1000 → 1052(+52 for winning)
