|j|☆Chelicerate1
|j|☆C4ll.M3_Cosm1c
|html|Chelicerate1C4ll.M3_Cosm1c    
|uhtml|bestof|Game 1 of a best-of-3
|t:|1783167820
|gametype|doubles
|player|p1|Chelicerate1|ethan|1116
|player|p2|C4ll.M3_Cosm1c|winona|1084
|gen|9
|tier|[Gen 9 Champions] VGC 2026 Reg M-B (Bo3)
|rated|
|rule|Species Clause: Limit one of each Pokémon
|rule|Item Clause: Limit 1 of each item
|clearpoke
|poke|p1|Sinistcha-Masterpiece, L50|
|poke|p1|Staraptor, L50, F|
|poke|p1|Grimmsnarl, L50, M|
|poke|p1|Gholdengo, L50|
|poke|p1|Floette-Eternal, L50, F, shiny|
|poke|p1|Incineroar, L50, M|
|poke|p2|Meowscarada, L50, F|
|poke|p2|Incineroar, L50, F|
|poke|p2|Garchomp, L50, F|
|poke|p2|Charizard, L50, F|
|poke|p2|Aerodactyl, L50, M|
|poke|p2|Rotom-Wash, L50|
|teampreview|4
|showteam|p1|Sinistcha-Masterpiece||OccaBerry|Hospitality|LeafStorm,RagePowder,LifeDew,Protect|Bold|||||50|]Staraptor||Staraptite|Intimidate|BraveBird,CloseCombat,Roost,Protect|Jolly||F|||50|]Grimmsnarl||LightClay|Prankster|Reflect,PartingShot,LightScreen,SpiritBreak|Careful||M|||50|]Gholdengo||LifeOrb|GoodasGold|MakeItRain,ShadowBall,NastyPlot,Protect|Modest|||||50|]Floette-Eternal||Floettite|FlowerVeil|Moonblast,DazzlingGleam,CalmMind,Protect|Timid||F|||50|]Incineroar||SitrusBerry|Intimidate|FlareBlitz,PartingShot,ThroatChop,FakeOut|Impish||M|||50|
|showteam|p2|Meowscarada||ChoiceScarf|Protean|FlowerTrick,KnockOff,TripleAxel,Uturn|Adamant||F|||50|]Incineroar||SitrusBerry|Intimidate|FakeOut,PartingShot,Taunt,FlareBlitz|Adamant||F|||50|]Garchomp||LifeOrb|RoughSkin|Protect,RockSlide,Earthquake,DragonClaw|Jolly||F|||50|]Charizard||CharizarditeY|Blaze|Protect,WeatherBall,HeatWave,SolarBeam|Timid||F|||50|]Aerodactyl||FocusSash|Unnerve|Protect,Tailwind,RockSlide,WideGuard|Jolly||M|||50|]Rotom-Wash||Leftovers|Levitate|Protect,WillOWisp,HelpingHand,Electroweb|Calm|||||50|
|inactive|Battle timer is ON: inactive players will automatically lose when time's up. (requested by Chelicerate1)
|inactive|C4ll.M3_Cosm1c also wants the timer to be on.
|inactive|Chelicerate1 has 60 seconds left.
|inactive|C4ll.M3_Cosm1c has 60 seconds left.
|inactive|Chelicerate1 has 30 seconds left.
|inactive|Chelicerate1 has 20 seconds left.
|inactive|Chelicerate1 has 15 seconds left.
|inactive|Chelicerate1 has 10 seconds left.
|inactive|Chelicerate1 has 5 seconds left.
|
|t:|1783167909
|teamsize|p1|4
|teamsize|p2|4
|start
|switch|p1a: Staraptor|Staraptor, L50, F|100/100
|switch|p1b: Grimmsnarl|Grimmsnarl, L50, M|100/100
|switch|p2a: Incineroar|Incineroar, L50, F|100/100
|switch|p2b: Charizard|Charizard, L50, F|100/100
|-ability|p1a: Staraptor|Intimidate|boost
|-unboost|p2a: Incineroar|atk|1
|-unboost|p2b: Charizard|atk|1
|-ability|p2a: Incineroar|Intimidate|boost
|-unboost|p1a: Staraptor|atk|1
|-unboost|p1b: Grimmsnarl|atk|1
|turn|1
|inactive|Chelicerate1 has 30 seconds left.
|inactive|Chelicerate1 has 20 seconds left.
|inactive|Chelicerate1 has 15 seconds left.
|inactive|Chelicerate1 has 10 seconds left.
|inactive|Chelicerate1 has 5 seconds left.
|
|t:|1783167963
|detailschange|p2b: Charizard|Charizard-Mega-Y, L50, F
|-mega|p2b: Charizard|Charizard|Charizardite Y
|-weather|SunnyDay|[from] ability: Drought|[of] p2b: Charizard
|detailschange|p1a: Staraptor|Staraptor-Mega, L50, F
|-mega|p1a: Staraptor|Staraptor|Staraptite
|move|p2a: Incineroar|Fake Out|p1b: Grimmsnarl
|-damage|p1b: Grimmsnarl|90/100
|cant|p1b: Grimmsnarl|flinch
|move|p1a: Staraptor|Close Combat|p2a: Incineroar
|-supereffective|p2a: Incineroar|1
|-damage|p2a: Incineroar|9/100
|-boost|p1a: Staraptor|def|1
|-boost|p1a: Staraptor|spd|1
|-enditem|p2a: Incineroar|Sitrus Berry|[eat]
|-heal|p2a: Incineroar|34/100|[from] item: Sitrus Berry
|move|p2b: Charizard|Heat Wave|p1a: Staraptor|[spread] p1a,p1b
|-damage|p1a: Staraptor|50/100g
|-damage|p1b: Grimmsnarl|40/100
|
|-weather|SunnyDay|[upkeep]
|upkeep
|turn|2
|inactive|Chelicerate1 has 30 seconds left.
|inactive|C4ll.M3_Cosm1c has 30 seconds left.
|inactive|Chelicerate1 has 20 seconds left.
|inactive|Chelicerate1 has 15 seconds left.
|inactive|Chelicerate1 has 10 seconds left.
|inactive|Chelicerate1 has 5 seconds left.
|
|t:|1783168014
|move|p1b: Grimmsnarl|Parting Shot|p1a: Staraptor
|-boost|p1a: Staraptor|atk|1
|-boost|p1a: Staraptor|spa|1
|
|t:|1783168020
|switch|p1b: Incineroar|Incineroar, L50, M|100/100|[from] Parting Shot
|-ability|p1b: Incineroar|Intimidate|boost
|-unboost|p2a: Incineroar|atk|1
|-unboost|p2b: Charizard|atk|1
|move|p1a: Staraptor|Roost|p1a: Staraptor
|-heal|p1a: Staraptor|100/100
|-singleturn|p1a: Staraptor|move: Roost
|move|p2b: Charizard|Weather Ball|p1a: Staraptor
|-damage|p1a: Staraptor|32/100
|move|p2a: Incineroar|Flare Blitz|p1b: Incineroar
|-resisted|p1b: Incineroar|1
|-damage|p1b: Incineroar|80/100
|-damage|p2a: Incineroar|27/100|[from] Recoil
|
|-weather|SunnyDay|[upkeep]
|upkeep
|turn|3
|inactive|Chelicerate1 has 30 seconds left.
|inactive|Chelicerate1 has 20 seconds left.
|inactive|Chelicerate1 has 15 seconds left.
|inactive|Chelicerate1 has 10 seconds left.
|
|t:|1783168069
|move|p2b: Charizard|Protect|p2b: Charizard
|-singleturn|p2b: Charizard|Protect
|move|p1b: Incineroar|Fake Out|p2b: Charizard
|-activate|p2b: Charizard|move: Protect
|move|p1a: Staraptor|Close Combat|p2a: Incineroar
|-supereffective|p2a: Incineroar|1
|-damage|p2a: Incineroar|0 fnt
|-boost|p1a: Staraptor|def|1
|-boost|p1a: Staraptor|spd|1
|faint|p2a: Incineroar
|
|-weather|SunnyDay|[upkeep]
|upkeep
|
|t:|1783168076
|switch|p2a: Meowscarada|Meowscarada, L50, F|100/100
|turn|4
|
|t:|1783168096
|move|p1a: Staraptor|Protect|p1a: Staraptor
|-singleturn|p1a: Staraptor|Protect
|move|p2a: Meowscarada|Triple Axel|p1a: Staraptor
|-start|p2a: Meowscarada|typechange|Ice|[from] ability: Protean
|-activate|p1a: Staraptor|move: Protect
|move|p2b: Charizard|Heat Wave|p1a: Staraptor|[spread] p1b
|-activate|p1a: Staraptor|move: Protect
|-resisted|p1b: Incineroar|1
|-damage|p1b: Incineroar|56/100
|move|p1b: Incineroar|Parting Shot|p2b: Charizard
|-unboost|p2b: Charizard|atk|1
|-unboost|p2b: Charizard|spa|1
|
|t:|1783168114
|switch|p1b: Sinistcha|Sinistcha-Masterpiece, L50|100/100|[from] Parting Shot
|-heal|p1a: Staraptor|57/100|[from] ability: Hospitality|[of] p1b: Sinistcha
|
|-weather|SunnyDay|[upkeep]
|upkeep
|turn|5
|
|t:|1783168130
|switch|p2b: Garchomp|Garchomp, L50, F|100/100
|move|p1b: Sinistcha|Rage Powder|p1b: Sinistcha
|-singleturn|p1b: Sinistcha|move: Rage Powder
|move|p2a: Meowscarada|Triple Axel|p1b: Sinistcha
|-supereffective|p1b: Sinistcha|1
|-damage|p1b: Sinistcha|83/100
|-supereffective|p1b: Sinistcha|1
|-damage|p1b: Sinistcha|51/100
|-supereffective|p1b: Sinistcha|1
|-damage|p1b: Sinistcha|1/100
|-hitcount|p1b: Sinistcha|3
|move|p1a: Staraptor|Close Combat|p2a: Meowscarada
|-supereffective|p2a: Meowscarada|1
|-damage|p2a: Meowscarada|0 fnt
|-boost|p1a: Staraptor|def|1
|-boost|p1a: Staraptor|spd|1
|faint|p2a: Meowscarada
|
|-weather|none
|upkeep
|
|t:|1783168139
|switch|p2a: Charizard|Charizard-Mega-Y, L50, F|100/100
|-weather|SunnyDay|[from] ability: Drought|[of] p2a: Charizard
|turn|6
|inactive|Chelicerate1 has 30 seconds left.
|
|t:|1783168172
|switch|p1b: Incineroar|Incineroar, L50, M|56/100
|-ability|p1b: Incineroar|Intimidate|boost
|-unboost|p2a: Charizard|atk|1
|-unboost|p2b: Garchomp|atk|1
|move|p1a: Staraptor|Protect|p1a: Staraptor
|-singleturn|p1a: Staraptor|Protect
|move|p2b: Garchomp|Rock Slide|p1b: Incineroar|[spread] p1b
|-activate|p1a: Staraptor|move: Protect
|-supereffective|p1b: Incineroar|1
|-damage|p1b: Incineroar|28/100
|-enditem|p1b: Incineroar|Sitrus Berry|[eat]
|-heal|p1b: Incineroar|52/100|[from] item: Sitrus Berry
|-damage|p2b: Garchomp|90/100|[from] item: Life Orb
|move|p2a: Charizard|Heat Wave|p1a: Staraptor|[spread] 
|-activate|p1a: Staraptor|move: Protect
|-miss|p2a: Charizard|p1b: Incineroar
|
|-weather|SunnyDay|[upkeep]
|upkeep
|turn|7
|inactive|Chelicerate1 has 30 seconds left.
|
|t:|1783168208
|move|p1b: Incineroar|Fake Out|p2a: Charizard
|-damage|p2a: Charizard|86/100
|move|p1a: Staraptor|Close Combat|p2b: Garchomp
|-damage|p2b: Garchomp|20/100y
|-boost|p1a: Staraptor|def|1
|-boost|p1a: Staraptor|spd|1
|-damage|p1a: Staraptor|45/100|[from] ability: Rough Skin|[of] p2b: Garchomp
|move|p2b: Garchomp|Earthquake|p1b: Incineroar|[spread] p1b
|-immune|p2a: Charizard
|-immune|p1a: Staraptor
|-supereffective|p1b: Incineroar|1
|-damage|p1b: Incineroar|0 fnt
|faint|p1b: Incineroar
|-damage|p2b: Garchomp|10/100|[from] item: Life Orb
|cant|p2a: Charizard|flinch
|
|-weather|SunnyDay|[upkeep]
|upkeep
|
|t:|1783168230
|switch|p1b: Grimmsnarl|Grimmsnarl, L50, M|40/100
|turn|8
|inactive|Chelicerate1 has 30 seconds left.
|inactive|Chelicerate1 has 20 seconds left.
|inactive|Chelicerate1 has 15 seconds left.
|inactive|Chelicerate1 has 10 seconds left.
|inactive|C4ll.M3_Cosm1c has 30 seconds left.
|
|t:|1783168286
|move|p1b: Grimmsnarl|Light Screen|p1b: Grimmsnarl
|-sidestart|p1: Chelicerate1|move: Light Screen
|move|p1a: Staraptor|Roost|p1a: Staraptor
|-heal|p1a: Staraptor|95/100
|-singleturn|p1a: Staraptor|move: Roost
|move|p2b: Garchomp|Earthquake|p1b: Grimmsnarl|[spread] p1a,p1b
|-immune|p2a: Charizard
|-damage|p1a: Staraptor|83/100
|-damage|p1b: Grimmsnarl|5/100
|-damage|p2b: Garchomp|1/100|[from] item: Life Orb
|move|p2a: Charizard|Weather Ball|p1a: Staraptor
|-damage|p1a: Staraptor|60/100
|
|-weather|SunnyDay|[upkeep]
|upkeep
|turn|9
|
|t:|1783168305
|move|p2b: Garchomp|Protect|p2b: Garchomp
|-singleturn|p2b: Garchomp|Protect
|move|p1b: Grimmsnarl|Parting Shot|p2a: Charizard
|-unboost|p2a: Charizard|atk|1
|-unboost|p2a: Charizard|spa|1
|
|t:|1783168310
|switch|p1b: Sinistcha|Sinistcha-Masterpiece, L50|1/100|[from] Parting Shot
|-heal|p1a: Staraptor|85/100|[from] ability: Hospitality|[of] p1b: Sinistcha
|move|p1a: Staraptor|Close Combat|p2b: Garchomp
|-activate|p2b: Garchomp|move: Protect
|move|p2a: Charizard|Heat Wave|p1b: Sinistcha|[spread] p1a,p1b
|-supereffective|p1b: Sinistcha|1
|-enditem|p1b: Sinistcha|Occa Berry|[eat]
|-enditem|p1b: Sinistcha|Occa Berry|[weaken]
|-damage|p1a: Staraptor|74/100
|-damage|p1b: Sinistcha|0 fnt
|faint|p1b: Sinistcha
|
|-weather|SunnyDay|[upkeep]
|upkeep
|
|t:|1783168323
|switch|p1b: Grimmsnarl|Grimmsnarl, L50, M|5/100
|turn|10
|inactive|Chelicerate1 has 30 seconds left.
|
|t:|1783168348
|move|p2b: Garchomp|Protect||[still]
|-fail|p2b: Garchomp
|move|p1b: Grimmsnarl|Parting Shot|p2a: Charizard
|-unboost|p2a: Charizard|atk|1
|-unboost|p2a: Charizard|spa|1
|move|p1a: Staraptor|Close Combat|p2b: Garchomp
|-damage|p2b: Garchomp|0 fnt
|-boost|p1a: Staraptor|def|1
|-boost|p1a: Staraptor|spd|1
|-damage|p1a: Staraptor|62/100|[from] ability: Rough Skin|[of] p2b: Garchomp
|faint|p2b: Garchomp
|move|p2a: Charizard|Heat Wave|p1b: Grimmsnarl|[spread] p1a,p1b
|-damage|p1a: Staraptor|55/100
|-damage|p1b: Grimmsnarl|0 fnt
|faint|p1b: Grimmsnarl
|
|-weather|none
|upkeep
|turn|11
|
|t:|1783168363
|move|p2a: Charizard|Protect|p2a: Charizard
|-singleturn|p2a: Charizard|Protect
|move|p1a: Staraptor|Close Combat|p2a: Charizard
|-activate|p2a: Charizard|move: Protect
|
|upkeep
|turn|12
|
|t:|1783168366
|move|p1a: Staraptor|Close Combat|p2a: Charizard
|-resisted|p2a: Charizard|1
|-damage|p2a: Charizard|49/100
|-boost|p1a: Staraptor|def|1
|-boost|p1a: Staraptor|spd|1
|move|p2a: Charizard|Heat Wave|p1a: Staraptor
|-damage|p1a: Staraptor|49/100
|
|upkeep
|turn|13
|
|t:|1783168375
|move|p2a: Charizard|Protect|p2a: Charizard
|-singleturn|p2a: Charizard|Protect
|move|p1a: Staraptor|Brave Bird|p2a: Charizard
|-activate|p2a: Charizard|move: Protect
|
|upkeep
|turn|14
|
|t:|1783168379
|move|p1a: Staraptor|Brave Bird|p2a: Charizard
|-damage|p2a: Charizard|0 fnt
|faint|p2a: Charizard
|-damage|p1a: Staraptor|34/100|[from] Recoil
|
|win|Chelicerate1
||C4ll.M3_Cosm1c is ready for game 2.
