|j|☆Kingsquirt45
|j|☆TISS 0'28
|html|Kingsquirt45TISS 0'28    
|uhtml|bestof|Game 1 of a best-of-3
|t:|1756743203
|gametype|doubles
|player|p1|Kingsquirt45|unknown|1000
|player|p2|TISS 0'28|hilbert|1110
|gen|9
|tier|[Gen 9] VGC 2025 Reg H (Bo3)
|rated|
|rule|Species Clause: Limit one of each Pokémon
|rule|Item Clause: Limit 1 of each item
|clearpoke
|poke|p1|Indeedee, L50, M|
|poke|p1|Armarouge, L50, F|
|poke|p1|Ursaluna, L50, M|
|poke|p1|Rillaboom, L50, M|
|poke|p1|Annihilape, L50, M|
|poke|p1|Garganacl, L50, F|
|poke|p2|Annihilape, L50, F|
|poke|p2|Ursaluna-Bloodmoon, L50, M|
|poke|p2|Farigiraf, L50, M|
|poke|p2|Arcanine-Hisui, L50, M|
|poke|p2|Whimsicott, L50, F|
|poke|p2|Altaria, L50, F|
|teampreview|4
|showteam|p1|Indeedee||SafetyGoggles|PsychicSurge|HelpingHand,DazzlingGleam,TrickRoom,FakeOut|||M|||50|,,,,,Fairy]Armarouge||AssaultVest|FlashFire|DarkPulse,ExpandingForce,ArmorCannon,Overheat|||F|||50|,,,,,Grass]Ursaluna||FlameOrb|Guts|Protect,Facade,StompingTantrum,ShadowClaw|||M|||50|,,,,,Grass]Rillaboom||Leftovers|GrassySurge|Protect,LeechSeed,GrassyGlide,FakeOut|||M|||50|,,,,,Grass]Annihilape||ChoiceScarf|InnerFocus|FinalGambit|||M|||50|,,,,,Fighting]Garganacl||FocusSash|ClearBody|SaltCure,DoubleEdge,Curse,WideGuard|||F|||50|,,,,,Ghost
|showteam|p2|Annihilape||MistySeed|Defiant|Protect,BulkUp,DrainPunch,RageFist|||F|||50|,,,,,Water]Ursaluna-Bloodmoon||LifeOrb|MindsEye|Protect,EarthPower,HyperVoice,BloodMoon|||M|||50|,,,,,Normal]Farigiraf||ThroatSpray|ArmorTail|Protect,TrickRoom,HyperVoice,Psychic|||M|||50|,,,,,Dragon]Arcanine-Hisui||ChoiceBand|Intimidate|FlareBlitz,RockSlide,ExtremeSpeed,WildCharge|||M|||50|,,,,,Grass]Whimsicott||CovertCloak|Prankster|Tailwind,MistyTerrain,Moonblast,Encore|||F|||50|,,,,,Fire]Altaria||SitrusBerry|CloudNine|Protect,Haze,Thief,HelpingHand|||F|||50|,,,,,Steel
|inactive|Battle timer is ON: inactive players will automatically lose when time's up. (requested by Kingsquirt45)
|inactive|Kingsquirt45 has 60 seconds left.
|inactive|TISS 0'28 has 60 seconds left.
|inactive|TISS 0'28 has 30 seconds left.
|
|t:|1756743264
|teamsize|p1|4
|teamsize|p2|4
|start
|switch|p1a: Indeedee|Indeedee, L50, M|100/100
|switch|p1b: Ursaluna|Ursaluna, L50, M|100/100
|switch|p2a: Whimsicott|Whimsicott, L50, F|100/100
|switch|p2b: Arcanine|Arcanine-Hisui, L50, M|100/100
|-ability|p2b: Arcanine|Intimidate|boost
|-unboost|p1a: Indeedee|atk|1
|-unboost|p1b: Ursaluna|atk|1
|-fieldstart|move: Psychic Terrain|[from] ability: Psychic Surge|[of] p1a: Indeedee
|turn|1
|
|t:|1756743282
|move|p2a: Whimsicott|Misty Terrain|p2a: Whimsicott
|-fieldstart|move: Misty Terrain
|move|p2b: Arcanine|Flare Blitz|p1a: Indeedee
|-damage|p1a: Indeedee|0 fnt
|faint|p1a: Indeedee
|-damage|p2b: Arcanine|71/100|[from] Recoil
|move|p1b: Ursaluna|Stomping Tantrum|p2b: Arcanine
|-supereffective|p2b: Arcanine
|-damage|p2b: Arcanine|0 fnt
|faint|p2b: Arcanine
|
|upkeep
|
|t:|1756743294
|switch|p2b: Ursaluna|Ursaluna-Bloodmoon, L50, M|100/100
|switch|p1a: Rillaboom|Rillaboom, L50, M|100/100
|-fieldstart|move: Grassy Terrain|[from] ability: Grassy Surge|[of] p1a: Rillaboom
|turn|2
|
|t:|1756743315
|move|p2b: Ursaluna|Protect|p2b: Ursaluna
|-singleturn|p2b: Ursaluna|Protect
|move|p1b: Ursaluna|Protect|p1b: Ursaluna
|-singleturn|p1b: Ursaluna|Protect
|move|p2a: Whimsicott|Misty Terrain|p2a: Whimsicott
|-fieldstart|move: Misty Terrain
|move|p1a: Rillaboom|Grassy Glide|p2b: Ursaluna
|-activate|p2b: Ursaluna|move: Protect
|
|upkeep
|turn|3
|inactive|Kingsquirt45 has 30 seconds left.
|inactive|TISS 0'28 has 30 seconds left.
|inactive|Kingsquirt45 has 20 seconds left.
|
|t:|1756743351
|-terastallize|p2b: Ursaluna|Normal
|move|p2a: Whimsicott|Encore|p1b: Ursaluna
|-start|p1b: Ursaluna|Encore
|move|p1a: Rillaboom|Grassy Glide|p2b: Ursaluna
|-damage|p2b: Ursaluna|85/100
|move|p2b: Ursaluna|Hyper Voice|p1a: Rillaboom|[spread] p1a,p1b
|-damage|p1a: Rillaboom|25/100
|-damage|p1b: Ursaluna|53/100
|-damage|p2b: Ursaluna|76/100|[from] item: Life Orb
|move|p1b: Ursaluna|Protect||[still]
|-fail|p1b: Ursaluna
|
|-heal|p1a: Rillaboom|31/100|[from] item: Leftovers
|upkeep
|turn|4
|
|t:|1756743371
|switch|p1b: Armarouge|Armarouge, L50, F|100/100
|move|p1a: Rillaboom|Protect|p1a: Rillaboom
|-singleturn|p1a: Rillaboom|Protect
|move|p2a: Whimsicott|Tailwind|p2a: Whimsicott
|-sidestart|p2: TISS 0'28|move: Tailwind
|move|p2b: Ursaluna|Hyper Voice|p1b: Armarouge|[spread] p1b
|-activate|p1a: Rillaboom|move: Protect
|-damage|p1b: Armarouge|59/100
|-damage|p2b: Ursaluna|66/100|[from] item: Life Orb
|
|-heal|p1a: Rillaboom|37/100|[from] item: Leftovers
|upkeep
|turn|5
|inactive|TISS 0'28 has 30 seconds left.
|
|t:|1756743399
|switch|p1a: Ursaluna|Ursaluna, L50, M|53/100
|move|p2a: Whimsicott|Encore||[still]
|-fail|p2a: Whimsicott
|move|p2b: Ursaluna|Earth Power|p1b: Armarouge
|-supereffective|p1b: Armarouge
|-damage|p1b: Armarouge|0 fnt
|faint|p1b: Armarouge
|-damage|p2b: Ursaluna|57/100|[from] item: Life Orb
|
|upkeep
|
|t:|1756743408
|switch|p1b: Rillaboom|Rillaboom, L50, M|37/100
|-fieldstart|move: Grassy Terrain|[from] ability: Grassy Surge|[of] p1b: Rillaboom
|turn|6
|c|☆TISS 0'28|no guts
|c|☆TISS 0'28|you have
|c|☆TISS 0'28|no
|c|☆TISS 0'28|guts
|
|t:|1756743425
|move|p2b: Ursaluna|Protect|p2b: Ursaluna
|-singleturn|p2b: Ursaluna|Protect
|move|p1b: Rillaboom|Fake Out|p2b: Ursaluna
|-activate|p2b: Ursaluna|move: Protect
|move|p2a: Whimsicott|Misty Terrain|p2a: Whimsicott
|-fieldstart|move: Misty Terrain
|move|p1a: Ursaluna|Stomping Tantrum|p2b: Ursaluna
|-activate|p2b: Ursaluna|move: Protect
|
|-heal|p1b: Rillaboom|43/100|[from] item: Leftovers
|upkeep
|turn|7
|inactive|TISS 0'28 has 30 seconds left.
|
|t:|1756743457
|move|p2a: Whimsicott|Encore|p1b: Rillaboom
|-start|p1b: Rillaboom|Encore
|move|p2b: Ursaluna|Blood Moon|p1b: Rillaboom
|-damage|p1b: Rillaboom|0 fnt
|faint|p1b: Rillaboom
|-damage|p2b: Ursaluna|47/100|[from] item: Life Orb
|move|p1a: Ursaluna|Stomping Tantrum|p2b: Ursaluna
|-damage|p2b: Ursaluna|22/100
|
|-sideend|p2: TISS 0'28|move: Tailwind
|upkeep
|turn|8
|inactive|Kingsquirt45 has 30 seconds left.
|inactive|TISS 0'28 has 30 seconds left.
|
|t:|1756743488
|move|p2b: Ursaluna|Protect|p2b: Ursaluna
|-singleturn|p2b: Ursaluna|Protect
|move|p2a: Whimsicott|Moonblast|p1a: Ursaluna
|-damage|p1a: Ursaluna|34/100
|move|p1a: Ursaluna|Stomping Tantrum|p2b: Ursaluna
|-activate|p2b: Ursaluna|move: Protect
|
|upkeep
|turn|9
|
|t:|1756743503
|move|p2a: Whimsicott|Moonblast|p1a: Ursaluna
|-damage|p1a: Ursaluna|14/100
|-unboost|p1a: Ursaluna|spa|1
|move|p2b: Ursaluna|Hyper Voice|p1a: Ursaluna
|-damage|p1a: Ursaluna|0 fnt
|faint|p1a: Ursaluna
|-damage|p2b: Ursaluna|12/100|[from] item: Life Orb
|
|win|TISS 0'28
