|j|‽Dr3ntel
|j|☆tirion
|html|Dr3nteltirion    
|uhtml|bestof|Game 1 of a best-of-3
|t:|1782632671
|gametype|doubles
|player|p1|Dr3ntel|1|1069
|player|p2|tirion|102|1085
|gen|9
|tier|[Gen 9 Champions] VGC 2026 Reg M-B (Bo3)
|rated|
|rule|Species Clause: Limit one of each Pokémon
|rule|Item Clause: Limit 1 of each item
|clearpoke
|poke|p1|Pyroar, L50, F|
|poke|p1|Whimsicott, L50, F|
|poke|p1|Ninetales, L50, M|
|poke|p1|Farigiraf, L50, F|
|poke|p1|Basculegion, L50, M|
|poke|p1|Floette-Eternal, L50, F|
|poke|p2|Blastoise, L50, F|
|poke|p2|Archaludon, L50, M|
|poke|p2|Sinistcha, L50|
|poke|p2|Politoed, L50, F|
|poke|p2|Scizor, L50, M|
|poke|p2|Farigiraf, L50, F|
|teampreview|4
|showteam|p1|Pyroar||Pyroarite|Unnerve|HeatWave,Overheat,SolarBeam,Protect|Timid||F|||50|]Whimsicott||FocusSash|Prankster|Moonblast,Tailwind,SunnyDay,Encore|Bold||F|||50|]Ninetales||ChoiceScarf|Drought|Overheat,HeatWave,SolarBeam,FakeTears|Modest||M|||50|]Farigiraf||SitrusBerry|ArmorTail|Thunderbolt,TwinBeam,TrickRoom,HelpingHand|Bold||F|||50|]Basculegion||LifeOrb|Adaptability|WaveCrash,LastRespects,AquaJet,Protect|Adamant||M|||50|]Floette-Eternal||Floettite|FlowerVeil|Moonblast,DazzlingGleam,LightofRuin,Protect|Modest||F|||50|
|showteam|p2|Blastoise||Blastoisinite|RainDish|WaterSpout,AuraSphere,DarkPulse,Protect|Quiet||F|||50|]Archaludon||Leftovers|Stamina|ElectroShot,AuraSphere,FlashCannon,Protect|Bold||M|||50|]Sinistcha||CobaBerry|Hospitality|MatchaGotcha,RagePowder,TrickRoom,LifeDew|Sassy|||||50|]Politoed||MysticWater|Drizzle|ChillingWater,IceBeam,WeatherBall,HelpingHand|Bold||F|||50|]Scizor||Scizorite|Technician|BugBite,BulletPunch,KnockOff,SwordsDance|Brave||M|||50|]Farigiraf||ColburBerry|ArmorTail|TwinBeam,TrickRoom,RainDance,HelpingHand|Relaxed||F|||50|
|inactive|Battle timer is ON: inactive players will automatically lose when time's up. (requested by Dr3ntel)
|inactive|tirion has 60 seconds left.
|
|t:|1782632720
|teamsize|p1|4
|teamsize|p2|4
|start
|switch|p1a: Pyroar|Pyroar, L50, F|100/100
|switch|p1b: Whimsicott|Whimsicott, L50, F|100/100
|switch|p2a: Scizor|Scizor, L50, M|100/100
|switch|p2b: Farigiraf|Farigiraf, L50, F|100/100
|-ability|p1a: Pyroar|Unnerve
|turn|1
|
|t:|1782632737
|switch|p2a: Politoed|Politoed, L50, F|100/100
|-weather|RainDance|[from] ability: Drizzle|[of] p2a: Politoed
|detailschange|p1a: Pyroar|Pyroar-Mega, L50, F
|-mega|p1a: Pyroar|Pyroar|Pyroarite
|move|p1b: Whimsicott|Sunny Day|p1b: Whimsicott
|-weather|SunnyDay
|move|p1a: Pyroar|Overheat|p2b: Farigiraf
|-damage|p2b: Farigiraf|0 fnt
|-unboost|p1a: Pyroar|spa|2
|faint|p2b: Farigiraf
|
|-weather|SunnyDay|[upkeep]
|upkeep
|c|☆tirion|lmao
|inactive|tirion has 30 seconds left.
|c|☆tirion|nice
|c|☆tirion|i think this is ggs lol
|inactive|tirion has 20 seconds left.
|
|t:|1782632777
|switch|p2b: Blastoise|Blastoise, L50, F|100/100
|turn|2
|
|t:|1782632797
|switch|p1a: Farigiraf|Farigiraf, L50, F|100/100
|move|p2b: Blastoise|Protect|p2b: Blastoise
|-singleturn|p2b: Blastoise|Protect
|move|p1b: Whimsicott|Tailwind|p1b: Whimsicott
|-sidestart|p1: Dr3ntel|move: Tailwind
|move|p2a: Politoed|Weather Ball|p1b: Whimsicott
|-supereffective|p1b: Whimsicott|1
|-damage|p1b: Whimsicott|18/100
|
|-weather|SunnyDay|[upkeep]
|upkeep
|turn|3
|inactive|tirion has 30 seconds left.
|inactive|Dr3ntel has 30 seconds left.
|
|t:|1782632828
|switch|p2a: Scizor|Scizor, L50, M|100/100
|detailschange|p2b: Blastoise|Blastoise-Mega, L50, F
|-mega|p2b: Blastoise|Blastoise|Blastoisinite
|move|p1b: Whimsicott|Encore|p2b: Blastoise
|-start|p2b: Blastoise|Encore
|move|p2b: Blastoise|Protect||[still]
|-fail|p2b: Blastoise
|move|p1a: Farigiraf|Thunderbolt|p2a: Scizor
|-damage|p2a: Scizor|72/100
|
|-weather|SunnyDay|[upkeep]
|upkeep
|turn|4
|
|t:|1782632847
|switch|p1b: Ninetales|Ninetales, L50, M|100/100
|switch|p1a: Pyroar|Pyroar-Mega, L50, F|100/100
|switch|p2b: Politoed|Politoed, L50, F|100/100
|-weather|RainDance|[from] ability: Drizzle|[of] p2b: Politoed
|move|p2a: Scizor|Bullet Punch|p1b: Ninetales
|-resisted|p1b: Ninetales|1
|-damage|p1b: Ninetales|73/100
|
|-weather|RainDance|[upkeep]
|upkeep
|turn|5
|inactive|Dr3ntel has 30 seconds left.
|inactive|tirion has 30 seconds left.
|inactive|tirion has 20 seconds left.
|
|t:|1782632883
|switch|p1b: Whimsicott|Whimsicott, L50, F|18/100
|switch|p2a: Blastoise|Blastoise-Mega, L50, F|100/100
|move|p1a: Pyroar|Protect|p1a: Pyroar
|-singleturn|p1a: Pyroar|Protect
|move|p2b: Politoed|Weather Ball|p1a: Pyroar
|-activate|p1a: Pyroar|move: Protect
|
|-weather|RainDance|[upkeep]
|-sideend|p1: Dr3ntel|move: Tailwind
|upkeep
|turn|6
|inactive|Dr3ntel has 30 seconds left.
|inactive|tirion has 30 seconds left.
|c|☆tirion|getting read every turn lol
|inactive|Dr3ntel has 20 seconds left.
|inactive|tirion has 20 seconds left.
|inactive|tirion has 15 seconds left.
|inactive|tirion has 10 seconds left.
|
|t:|1782632932
|move|p1b: Whimsicott|Sunny Day|p1b: Whimsicott
|-weather|SunnyDay
|move|p1a: Pyroar|Solar Beam||[still]
|-prepare|p1a: Pyroar|Solar Beam
|-anim|p1a: Pyroar|Solar Beam|p2a: Blastoise
|-supereffective|p2a: Blastoise|1
|-damage|p2a: Blastoise|30/100
|move|p2b: Politoed|Weather Ball|p1b: Whimsicott
|-supereffective|p1b: Whimsicott|1
|-damage|p1b: Whimsicott|0 fnt
|faint|p1b: Whimsicott
|move|p2a: Blastoise|Aura Sphere|p1a: Pyroar
|-supereffective|p1a: Pyroar|1
|-damage|p1a: Pyroar|0 fnt
|faint|p1a: Pyroar
|
|-weather|SunnyDay|[upkeep]
|upkeep
|inactive|Dr3ntel has 30 seconds left.
|
|t:|1782632961
|switch|p1a: Ninetales|Ninetales, L50, M|73/100
|switch|p1b: Farigiraf|Farigiraf, L50, F|100/100
|turn|7
|inactive|tirion has 30 seconds left.
|inactive|Dr3ntel has 30 seconds left.
|inactive|tirion has 20 seconds left.
|inactive|Dr3ntel has 20 seconds left.
|inactive|tirion has 15 seconds left.
|inactive|Dr3ntel has 15 seconds left.
|inactive|Dr3ntel has 10 seconds left.
|inactive|tirion has 10 seconds left.
|
|t:|1782633012
|switch|p2b: Scizor|Scizor, L50, M|72/100
|move|p1a: Ninetales|Heat Wave|p2a: Blastoise|[spread] p2a,p2b
|-resisted|p2a: Blastoise|1
|-supereffective|p2b: Scizor|2
|-damage|p2a: Blastoise|12/100
|-damage|p2b: Scizor|0 fnt
|faint|p2b: Scizor
|move|p2a: Blastoise|Dark Pulse|p1b: Farigiraf
|-supereffective|p1b: Farigiraf|1
|-damage|p1b: Farigiraf|3/100
|-enditem|p1b: Farigiraf|Sitrus Berry|[eat]
|-heal|p1b: Farigiraf|27/100|[from] item: Sitrus Berry
|move|p1b: Farigiraf|Thunderbolt|p2a: Blastoise
|-supereffective|p2a: Blastoise|1
|-damage|p2a: Blastoise|0 fnt
|faint|p2a: Blastoise
|
|-weather|SunnyDay|[upkeep]
|upkeep
|
|t:|1782633029
|switch|p2a: Politoed|Politoed, L50, F|100/100
|-weather|RainDance|[from] ability: Drizzle|[of] p2a: Politoed
|turn|8
|c|☆tirion|can politoed do it?
|
|t:|1782633050
|move|p1a: Ninetales|Heat Wave|p2a: Politoed
|-resisted|p2a: Politoed|1
|-damage|p2a: Politoed|91/100
|move|p2a: Politoed|Weather Ball|p1a: Ninetales
|-supereffective|p1a: Ninetales|1
|-damage|p1a: Ninetales|0 fnt
|faint|p1a: Ninetales
|move|p1b: Farigiraf|Thunderbolt|p2a: Politoed
|-supereffective|p2a: Politoed|1
|-damage|p2a: Politoed|50/100g
|
|-weather|RainDance|[upkeep]
|upkeep
|turn|9
|inactive|Dr3ntel has 30 seconds left.
|inactive|Dr3ntel has 20 seconds left.
|
|t:|1782633086
|move|p2a: Politoed|Weather Ball|p1b: Farigiraf
|-damage|p1b: Farigiraf|0 fnt
|faint|p1b: Farigiraf
|
|win|tirion
||Dr3ntel is ready for game 2.
||tirion is ready for game 2.
|uhtml|next|Next: Game 2 of 3
|l|‽Dr3ntel
|player|p1|
