|j|☆SiahSupaB
|j|☆lettitripppp
|html|SiahSupaBlettitripppp    
|uhtml|bestof|Game 3 of a best-of-3
|t:|1785270368
|gametype|doubles
|player|p1|SiahSupaB|2|1109
|player|p2|lettitripppp|lucas|1230
|gen|9
|tier|[Gen 9 Champions] VGC 2026 Reg M-B (Bo3)
|rated|
|rule|Species Clause: Limit one of each Pokémon
|rule|Item Clause: Limit 1 of each item
|clearpoke
|poke|p1|Metagross, L50|
|poke|p1|Whimsicott, L50, M|
|poke|p1|Farigiraf, L50, F|
|poke|p1|Incineroar, L50, F|
|poke|p1|Tyranitar, L50, M|
|poke|p1|Basculegion, L50, M|
|poke|p2|Staraptor, L50, F|
|poke|p2|Tyranitar, L50, M|
|poke|p2|Excadrill, L50, M|
|poke|p2|Gholdengo, L50|
|poke|p2|Milotic, L50, M|
|poke|p2|Sinistcha, L50|
|teampreview|4
|showteam|p1|Metagross||Metagrossite|ClearBody|IronHead,PsychicFangs,StompingTantrum,Protect|Adamant|||||50|]Whimsicott||FocusSash|Prankster|Moonblast,Tailwind,Encore,Protect|Timid||M|||50|]Farigiraf||ColburBerry|ArmorTail|Psychic,Thunderbolt,TrickRoom,Roar|Modest||F|||50|]Incineroar||Charcoal|Intimidate|FlareBlitz,DarkestLariat,FakeOut,PartingShot|Adamant||F|||50|]Tyranitar||Tyranitarite|SandStream|RockSlide,KnockOff,LowKick,Protect|Serious||M|||50|]Basculegion||LifeOrb|Adaptability|LastRespects,WaveCrash,AquaJet,Protect|Adamant||M|||50|
|showteam|p2|Staraptor||Staraptite|Intimidate|CloseCombat,BraveBird,Tailwind,Protect|Jolly||F|||50|]Tyranitar||Tyranitarite|SandStream|RockSlide,KnockOff,LowKick,Protect|Jolly||M|||50|]Excadrill||FocusSash|SandRush|HighHorsepower,RockSlide,IronHead,Protect|Adamant||M|||50|]Gholdengo||LifeOrb|GoodasGold|MakeItRain,ShadowBall,NastyPlot,Protect|Timid|||||50|]Milotic||Leftovers|Competitive|IcyWind,Scald,Haze,Protect|Calm||M|||50|]Sinistcha||ColburBerry|Hospitality|MatchaGotcha,RagePowder,TrickRoom,Protect|Bold|||||50|
|inactive|Battle timer is ON: inactive players will automatically lose when time's up. (requested by lettitripppp)
|inactive|SiahSupaB has 60 seconds left.
|
|t:|1785270407
|teamsize|p1|4
|teamsize|p2|4
|start
|switch|p1a: Basculegion|Basculegion, L50, M|100/100
|switch|p1b: Whimsicott|Whimsicott, L50, M|100/100
|switch|p2a: SATOROU|Gholdengo, L50|100/100
|switch|p2b: HEALROOM|Sinistcha, L50|100/100
|turn|1
|inactive|SiahSupaB has 30 seconds left.
|
|t:|1785270435
|move|p2a: SATOROU|Protect|p2a: SATOROU
|-singleturn|p2a: SATOROU|Protect
|move|p1b: Whimsicott|Tailwind|p1b: Whimsicott
|-sidestart|p1: SiahSupaB|move: Tailwind
|move|p1a: Basculegion|Last Respects|p2a: SATOROU
|-activate|p2a: SATOROU|move: Protect
|move|p2b: HEALROOM|Trick Room|p2b: HEALROOM
|-fieldstart|move: Trick Room|[of] p2b: HEALROOM
|
|upkeep
|turn|2
|
|t:|1785270456
|move|p1b: Whimsicott|Protect|p1b: Whimsicott
|-singleturn|p1b: Whimsicott|Protect
|move|p1a: Basculegion|Protect|p1a: Basculegion
|-singleturn|p1a: Basculegion|Protect
|move|p2b: HEALROOM|Matcha Gotcha|p1b: Whimsicott|[spread] 
|-activate|p1a: Basculegion|move: Protect
|-activate|p1b: Whimsicott|move: Protect
|move|p2a: SATOROU|Make It Rain|p1a: Basculegion|[spread] 
|-activate|p1a: Basculegion|move: Protect
|-activate|p1b: Whimsicott|move: Protect
|
|upkeep
|turn|3
|inactive|SiahSupaB has 30 seconds left.
|
|t:|1785270491
|switch|p2b: NIGHT NIGHT|Milotic, L50, M|100/100
|switch|p1a: Incineroar|Incineroar, L50, F|100/100
|-ability|p1a: Incineroar|Intimidate|boost
|-unboost|p2a: SATOROU|atk|1
|-unboost|p2b: NIGHT NIGHT|atk|1
|-ability|p2b: NIGHT NIGHT|Competitive|boost
|-boost|p2b: NIGHT NIGHT|spa|2
|switch|p1b: Metagross|Metagross, L50|100/100
|move|p2a: SATOROU|Shadow Ball|p1a: Incineroar
|-resisted|p1a: Incineroar|1
|-damage|p1a: Incineroar|76/100
|-damage|p2a: SATOROU|90/100|[from] item: Life Orb
|
|upkeep
|turn|4
|
|t:|1785270511
|switch|p1b: Whimsicott|Whimsicott, L50, M|100/100
|move|p2a: SATOROU|Protect|p2a: SATOROU
|-singleturn|p2a: SATOROU|Protect
|move|p1a: Incineroar|Fake Out|p2b: NIGHT NIGHT
|-damage|p2b: NIGHT NIGHT|84/100
|cant|p2b: NIGHT NIGHT|flinch
|
|-heal|p2b: NIGHT NIGHT|90/100|[from] item: Leftovers
|-sideend|p1: SiahSupaB|move: Tailwind
|upkeep
|turn|5
|
|t:|1785270532
|switch|p2a: NUMBER 1|Staraptor, L50, F|100/100
|-ability|p2a: NUMBER 1|Intimidate|boost
|-unboost|p1a: Incineroar|atk|1
|-unboost|p1b: Whimsicott|atk|1
|move|p1b: Whimsicott|Protect|p1b: Whimsicott
|-singleturn|p1b: Whimsicott|Protect
|move|p1a: Incineroar|Flare Blitz|p2a: NUMBER 1
|-damage|p2a: NUMBER 1|37/100
|-damage|p1a: Incineroar|56/100|[from] Recoil
|move|p2b: NIGHT NIGHT|Scald|p1a: Incineroar
|-supereffective|p1a: Incineroar|1
|-damage|p1a: Incineroar|0 fnt
|faint|p1a: Incineroar
|
|-heal|p2b: NIGHT NIGHT|96/100|[from] item: Leftovers
|-fieldend|move: Trick Room
|upkeep
|
|t:|1785270549
|switch|p1a: Basculegion|Basculegion, L50, M|100/100
|turn|6
|
|t:|1785270564
|switch|p2a: HEALROOM|Sinistcha, L50|100/100
|-heal|p2b: NIGHT NIGHT|100/100|[from] ability: Hospitality|[of] p2a: HEALROOM
|move|p1b: Whimsicott|Tailwind|p1b: Whimsicott
|-sidestart|p1: SiahSupaB|move: Tailwind
|move|p1a: Basculegion|Wave Crash|p2a: HEALROOM
|-resisted|p2a: HEALROOM|1
|-damage|p2a: HEALROOM|58/100
|-damage|p1a: Basculegion|88/100|[from] Recoil
|-damage|p1a: Basculegion|78/100|[from] item: Life Orb
|move|p2b: NIGHT NIGHT|Icy Wind|p1a: Basculegion|[spread] p1a
|-miss|p2b: NIGHT NIGHT|p1b: Whimsicott
|-resisted|p1a: Basculegion|1
|-damage|p1a: Basculegion|66/100
|-unboost|p1a: Basculegion|spe|1
|
|upkeep
|turn|7
|
|t:|1785270589
|move|p1b: Whimsicott|Protect|p1b: Whimsicott
|-singleturn|p1b: Whimsicott|Protect
|move|p1a: Basculegion|Last Respects|p2b: NIGHT NIGHT
|-damage|p2b: NIGHT NIGHT|12/100
|-damage|p1a: Basculegion|56/100|[from] item: Life Orb
|move|p2b: NIGHT NIGHT|Icy Wind|p1a: Basculegion|[spread] p1a
|-activate|p1b: Whimsicott|move: Protect
|-resisted|p1a: Basculegion|1
|-damage|p1a: Basculegion|44/100
|-unboost|p1a: Basculegion|spe|1
|move|p2a: HEALROOM|Matcha Gotcha|p1a: Basculegion|[spread] p1a
|-activate|p1b: Whimsicott|move: Protect
|-supereffective|p1a: Basculegion|1
|-damage|p1a: Basculegion|0 fnt
|-heal|p2a: HEALROOM|84/100|[from] drain|[of] p1a: Basculegion
|faint|p1a: Basculegion
|
|-heal|p2b: NIGHT NIGHT|18/100|[from] item: Leftovers
|upkeep
|
|t:|1785270608
|switch|p1a: Metagross|Metagross, L50|100/100
|turn|8
|
|t:|1785270618
|detailschange|p1a: Metagross|Metagross-Mega, L50
|-mega|p1a: Metagross|Metagross|Metagrossite
|move|p2a: HEALROOM|Rage Powder|p2a: HEALROOM
|-singleturn|p2a: HEALROOM|move: Rage Powder
|move|p1b: Whimsicott|Moonblast|p2a: HEALROOM
|-damage|p2a: HEALROOM|46/100
|move|p1a: Metagross|Psychic Fangs|p2a: HEALROOM
|-damage|p2a: HEALROOM|0 fnt
|faint|p2a: HEALROOM
|move|p2b: NIGHT NIGHT|Scald|p1a: Metagross
|-damage|p1a: Metagross|48/100
|
|-heal|p2b: NIGHT NIGHT|24/100|[from] item: Leftovers
|upkeep
|
|t:|1785270628
|switch|p2a: SATOROU|Gholdengo, L50|90/100
|turn|9
|
|t:|1785270638
|switch|p2a: NUMBER 1|Staraptor, L50, F|37/100
|-ability|p2a: NUMBER 1|Intimidate|boost
|-unboost|p1a: Metagross|atk|1
|-unboost|p1b: Whimsicott|atk|1
|move|p2b: NIGHT NIGHT|Protect|p2b: NIGHT NIGHT
|-singleturn|p2b: NIGHT NIGHT|Protect
|move|p1b: Whimsicott|Encore|p2b: NIGHT NIGHT
|-activate|p2b: NIGHT NIGHT|move: Protect
|move|p1a: Metagross|Stomping Tantrum|p2a: NUMBER 1
|-immune|p2a: NUMBER 1
|
|-heal|p2b: NIGHT NIGHT|30/100|[from] item: Leftovers
|-sideend|p1: SiahSupaB|move: Tailwind
|upkeep
|turn|10
|
|t:|1785270654
|switch|p2b: SATOROU|Gholdengo, L50|90/100
|detailschange|p2a: NUMBER 1|Staraptor-Mega, L50, F
|-mega|p2a: NUMBER 1|Staraptor|Staraptite
|move|p1b: Whimsicott|Encore|p2b: SATOROU
|-immune|p2b: SATOROU|[from] ability: Good as Gold
|move|p2a: NUMBER 1|Close Combat|p1a: Metagross
|-damage|p1a: Metagross|13/100
|-boost|p2a: NUMBER 1|def|1
|-boost|p2a: NUMBER 1|spd|1
|move|p1a: Metagross|Stomping Tantrum|p2a: NUMBER 1
|-immune|p2a: NUMBER 1
|
|upkeep
|turn|11
|
|t:|1785270672
|move|p1b: Whimsicott|Moonblast|p2a: NUMBER 1
|-supereffective|p2a: NUMBER 1|1
|-damage|p2a: NUMBER 1|0 fnt
|faint|p2a: NUMBER 1
|move|p2b: SATOROU|Shadow Ball|p1a: Metagross
|-supereffective|p1a: Metagross|1
|-damage|p1a: Metagross|0 fnt
|faint|p1a: Metagross
|-damage|p2b: SATOROU|81/100|[from] item: Life Orb
|
|upkeep
|
|t:|1785270678
|switch|p2a: NIGHT NIGHT|Milotic, L50, M|30/100
|turn|12
|
|t:|1785270683
|move|p1b: Whimsicott|Moonblast|p2a: NIGHT NIGHT
|-damage|p2a: NIGHT NIGHT|7/100
|move|p2b: SATOROU|Nasty Plot|p2b: SATOROU
|-boost|p2b: SATOROU|spa|2
|move|p2a: NIGHT NIGHT|Icy Wind|p1b: Whimsicott
|-supereffective|p1b: Whimsicott|1
|-damage|p1b: Whimsicott|54/100
|-unboost|p1b: Whimsicott|spe|1
|
|-heal|p2a: NIGHT NIGHT|13/100|[from] item: Leftovers
|upkeep
|turn|13
|
|t:|1785270695
|move|p2b: SATOROU|Make It Rain|p1b: Whimsicott
|-supereffective|p1b: Whimsicott|1
|-damage|p1b: Whimsicott|0 fnt
|-unboost|p2b: SATOROU|spa|2
|faint|p1b: Whimsicott
|-damage|p2b: SATOROU|71/100|[from] item: Life Orb
|
|win|lettitripppp
|raw|SiahSupaB's rating: 1109 → 1092(-17 for losing)
|raw|lettitripppp's rating: 1230 → 1247(+17 for winning)
|l|☆SiahSupaB
|player|p1|
