|j|☆puli95
|j|☆Trejox
|html|puli95Trejox    
|uhtml|bestof|Game 2 of a best-of-3
|t:|1756872231
|gametype|doubles
|player|p1|puli95|1|1000
|player|p2|Trejox|byron|1114
|gen|9
|tier|[Gen 9] VGC 2025 Reg H (Bo3)
|rated|
|rule|Species Clause: Limit one of each Pokémon
|rule|Item Clause: Limit 1 of each item
|clearpoke
|poke|p1|Weezing, L50, F|
|poke|p1|Toedscruel, L50, F|
|poke|p1|Dragapult, L50, M|
|poke|p1|Incineroar, L50, M|
|poke|p1|Kingdra, L50, M|
|poke|p1|Pelipper, L50, F|
|poke|p2|Vikavolt, L50, M|
|poke|p2|Ursaluna, L50, F|
|poke|p2|Incineroar, L50, M|
|poke|p2|Lilligant-Hisui, L50, F|
|poke|p2|Torkoal, L50, F|
|poke|p2|Farigiraf, L50, F|
|teampreview|4
|showteam|p1|Weezing||ShucaBerry|NeutralizingGas|SludgeBomb,WillOWisp,Taunt,Protect|||F|||50|,,,,,Water]Toedscruel||CovertCloak|MyceliumMight|EarthPower,EnergyBall,RagePowder,Spore|||F|||50|,,,,,Ground]Dragapult||ChoiceSpecs|ClearBody|DragonPulse,ShadowBall,TeraBlast,Uturn|||M|||50|,,,,,Steel]Incineroar||SafetyGoggles|Intimidate|KnockOff,FlareBlitz,FakeOut,PartingShot|||M|||50|,,,,,Bug]Kingdra||LifeOrb|SwiftSwim|MuddyWater,DragonPulse,Hurricane,Protect|||M|||50|,,,,,Stellar]Pelipper||FocusSash|Drizzle|WeatherBall,Hurricane,Tailwind,Protect|||F|||50|,,,,,Ghost
|showteam|p2|Vikavolt||ChoiceSpecs|Levitate|Discharge,BugBuzz,AirSlash,VoltSwitch|||M|||50|,,,,,Electric]Ursaluna||FlameOrb|Guts|Facade,Earthquake,Crunch,Protect|||F|||50|,,,,,Normal]Incineroar||SafetyGoggles|Intimidate|FakeOut,KnockOff,Roar,PartingShot|||M|||50|,,,,,Ghost]Lilligant-Hisui||FocusSash|Chlorophyll|SolarBlade,CloseCombat,SleepPowder,AfterYou|||F|||50|,,,,,Ghost]Torkoal||Charcoal|Drought|Eruption,EarthPower,WeatherBall,Protect|||F|||50|,,,,,Fire]Farigiraf||ThroatSpray|ArmorTail|HyperVoice,Psychic,TrickRoom,Protect|||F|||50|,,,,,Fairy
|inactive|Battle timer is ON: inactive players will automatically lose when time's up. (requested by Trejox)
|
|t:|1756872248
|teamsize|p1|4
|teamsize|p2|4
|start
|switch|p1a: Incineroar|Incineroar, L50, M|100/100
|switch|p1b: Toedscruel|Toedscruel, L50, F|100/100
|switch|p2a: Incineroar|Incineroar, L50, M|100/100
|switch|p2b: Farigiraf|Farigiraf, L50, F|100/100
|-ability|p2a: Incineroar|Intimidate|boost
|-unboost|p1a: Incineroar|atk|1
|-unboost|p1b: Toedscruel|atk|1
|-ability|p1a: Incineroar|Intimidate|boost
|-unboost|p2a: Incineroar|atk|1
|-unboost|p2b: Farigiraf|atk|1
|turn|1
|inactive|puli95 has 30 seconds left.
|inactive|Trejox has 30 seconds left.
|
|t:|1756872280
|move|p2b: Farigiraf|Protect|p2b: Farigiraf
|-singleturn|p2b: Farigiraf|Protect
|move|p2a: Incineroar|Knock Off|p1b: Toedscruel
|-damage|p1b: Toedscruel|65/100
|-enditem|p1b: Toedscruel|Covert Cloak|[from] move: Knock Off|[of] p2a: Incineroar
|move|p1a: Incineroar|Knock Off|p2b: Farigiraf
|-activate|p2b: Farigiraf|move: Protect
|move|p1b: Toedscruel|Spore|p2b: Farigiraf
|-activate|p2b: Farigiraf|move: Protect
|
|upkeep
|turn|2
|inactive|Trejox has 30 seconds left.
|
|t:|1756872311
|move|p2b: Farigiraf|Protect|p2b: Farigiraf
|-singleturn|p2b: Farigiraf|Protect
|move|p2a: Incineroar|Parting Shot|p1a: Incineroar
|-unboost|p1a: Incineroar|atk|1
|-unboost|p1a: Incineroar|spa|1
|
|t:|1756872316
|switch|p2a: Ursaluna|Ursaluna, L50, F, shiny|100/100|[from] Parting Shot
|move|p1a: Incineroar|Knock Off|p2b: Farigiraf
|-activate|p2b: Farigiraf|move: Protect
|move|p1b: Toedscruel|Spore|p2b: Farigiraf
|-activate|p2b: Farigiraf|move: Protect
|
|-status|p2a: Ursaluna|brn|[from] item: Flame Orb
|upkeep
|turn|3
|
|t:|1756872337
|switch|p2b: Incineroar|Incineroar, L50, M|100/100
|-ability|p2b: Incineroar|Intimidate|boost
|-unboost|p1a: Incineroar|atk|1
|-unboost|p1b: Toedscruel|atk|1
|move|p1a: Incineroar|Parting Shot|p2a: Ursaluna
|-unboost|p2a: Ursaluna|atk|1
|-unboost|p2a: Ursaluna|spa|1
|
|t:|1756872344
|switch|p1a: Pelipper|Pelipper, L50, F|100/100|[from] Parting Shot
|-weather|RainDance|[from] ability: Drizzle|[of] p1a: Pelipper
|move|p2a: Ursaluna|Facade|p1b: Toedscruel
|-damage|p1b: Toedscruel|0 fnt
|faint|p1b: Toedscruel
|
|-weather|RainDance|[upkeep]
|-damage|p2a: Ursaluna|95/100 brn|[from] brn
|upkeep
|
|t:|1756872355
|switch|p1b: Kingdra|Kingdra, L50, M|100/100
|turn|4
|
|t:|1756872376
|switch|p2a: Farigiraf|Farigiraf, L50, F|100/100
|move|p1b: Kingdra|Protect|p1b: Kingdra
|-singleturn|p1b: Kingdra|Protect
|move|p1a: Pelipper|Protect|p1a: Pelipper
|-singleturn|p1a: Pelipper|Protect
|move|p2b: Incineroar|Roar|p1b: Kingdra
|drag|p1b: Incineroar|Incineroar, L50, M|100/100
|-ability|p1b: Incineroar|Intimidate|boost
|-unboost|p2a: Farigiraf|atk|1
|-unboost|p2b: Incineroar|atk|1
|
|-weather|RainDance|[upkeep]
|upkeep
|turn|5
|
|t:|1756872393
|move|p1a: Pelipper|Hurricane|p2a: Farigiraf
|-damage|p2a: Farigiraf|53/100
|move|p2b: Incineroar|Parting Shot|p1a: Pelipper
|-unboost|p1a: Pelipper|atk|1
|-unboost|p1a: Pelipper|spa|1
|
|t:|1756872400
|switch|p2b: Vikavolt|Vikavolt, L50, M, shiny|100/100|[from] Parting Shot
|move|p1b: Incineroar|Knock Off|p2a: Farigiraf
|-supereffective|p2a: Farigiraf
|-damage|p2a: Farigiraf|0 fnt
|-enditem|p2a: Farigiraf|Throat Spray|[from] move: Knock Off|[of] p1b: Incineroar
|faint|p2a: Farigiraf
|
|-weather|RainDance|[upkeep]
|upkeep
|
|t:|1756872406
|switch|p2a: Incineroar|Incineroar, L50, M|100/100
|-ability|p2a: Incineroar|Intimidate|boost
|-unboost|p1a: Pelipper|atk|1
|-unboost|p1b: Incineroar|atk|1
|turn|6
|
|t:|1756872420
|-terastallize|p1a: Pelipper|Ghost
|-terastallize|p2b: Vikavolt|Electric
|move|p1a: Pelipper|Hurricane|p2b: Vikavolt
|-resisted|p2b: Vikavolt
|-damage|p2b: Vikavolt|80/100
|-start|p2b: Vikavolt|confusion
|move|p2a: Incineroar|Parting Shot|p1b: Incineroar
|-unboost|p1b: Incineroar|atk|1
|-unboost|p1b: Incineroar|spa|1
|
|t:|1756872429
|switch|p2a: Ursaluna|Ursaluna, L50, F, shiny|95/100 brn|[from] Parting Shot
|move|p1b: Incineroar|Parting Shot|p2b: Vikavolt
|-unboost|p2b: Vikavolt|atk|1
|-unboost|p2b: Vikavolt|spa|1
|
|t:|1756872434
|switch|p1b: Kingdra|Kingdra, L50, M|100/100|[from] Parting Shot
|-activate|p2b: Vikavolt|confusion
|-damage|p2b: Vikavolt|75/100|[from] confusion
|
|-weather|RainDance|[upkeep]
|-damage|p2a: Ursaluna|89/100 brn|[from] brn
|upkeep
|turn|7
|
|t:|1756872445
|switch|p1a: Incineroar|Incineroar, L50, M|100/100
|-ability|p1a: Incineroar|Intimidate|boost
|-unboost|p2a: Ursaluna|atk|1
|-unboost|p2b: Vikavolt|atk|1
|move|p2a: Ursaluna|Protect|p2a: Ursaluna
|-singleturn|p2a: Ursaluna|Protect
|move|p1b: Kingdra|Muddy Water|p2a: Ursaluna|[spread] p2b
|-activate|p2a: Ursaluna|move: Protect
|-damage|p2b: Vikavolt|7/100
|-unboost|p2b: Vikavolt|accuracy|1
|-damage|p1b: Kingdra|91/100|[from] item: Life Orb
|-activate|p2b: Vikavolt|confusion
|move|p2b: Vikavolt|Volt Switch|p1a: Incineroar
|-damage|p1a: Incineroar|45/100
|
|t:|1756872459
|switch|p2b: Incineroar|Incineroar, L50, M|100/100|[from] Volt Switch
|-ability|p2b: Incineroar|Intimidate|boost
|-unboost|p1a: Incineroar|atk|1
|-unboost|p1b: Kingdra|atk|1
|
|-weather|none
|-damage|p2a: Ursaluna|83/100 brn|[from] brn
|upkeep
|turn|8
|
|t:|1756872482
|switch|p1a: Pelipper|Pelipper, L50, F, tera:Ghost|100/100
|-weather|RainDance|[from] ability: Drizzle|[of] p1a: Pelipper
|move|p1b: Kingdra|Protect|p1b: Kingdra
|-singleturn|p1b: Kingdra|Protect
|move|p2b: Incineroar|Knock Off|p1a: Pelipper
|-supereffective|p1a: Pelipper
|-enditem|p1a: Pelipper|Focus Sash
|-damage|p1a: Pelipper|1/100
|move|p2a: Ursaluna|Crunch|p1a: Pelipper
|-supereffective|p1a: Pelipper
|-damage|p1a: Pelipper|0 fnt
|faint|p1a: Pelipper
|
|-weather|RainDance|[upkeep]
|-damage|p2a: Ursaluna|77/100 brn|[from] brn
|upkeep
|
|t:|1756872496
|switch|p1a: Incineroar|Incineroar, L50, M|45/100
|-ability|p1a: Incineroar|Intimidate|boost
|-unboost|p2a: Ursaluna|atk|1
|-unboost|p2b: Incineroar|atk|1
|turn|9
|
|t:|1756872509
|switch|p2b: Vikavolt|Vikavolt, L50, M, shiny, tera:Electric|7/100
|move|p2a: Ursaluna|Protect|p2a: Ursaluna
|-singleturn|p2a: Ursaluna|Protect
|move|p1b: Kingdra|Muddy Water|p2a: Ursaluna|[spread] p2b
|-activate|p2a: Ursaluna|move: Protect
|-damage|p2b: Vikavolt|0 fnt
|faint|p2b: Vikavolt
|-damage|p1b: Kingdra|81/100|[from] item: Life Orb
|move|p1a: Incineroar|Knock Off|p2a: Ursaluna
|-activate|p2a: Ursaluna|move: Protect
|
|-weather|RainDance|[upkeep]
|-damage|p2a: Ursaluna|71/100 brn|[from] brn
|upkeep
|
|t:|1756872515
|switch|p2b: Incineroar|Incineroar, L50, M|100/100
|-ability|p2b: Incineroar|Intimidate|boost
|-unboost|p1a: Incineroar|atk|1
|-unboost|p1b: Kingdra|atk|1
|turn|10
|
|t:|1756872531
|move|p1b: Kingdra|Protect|p1b: Kingdra
|-singleturn|p1b: Kingdra|Protect
|move|p2b: Incineroar|Fake Out|p1a: Incineroar
|-damage|p1a: Incineroar|37/100
|cant|p1a: Incineroar|flinch
|move|p2a: Ursaluna|Facade|p1a: Incineroar
|-damage|p1a: Incineroar|0 fnt
|faint|p1a: Incineroar
|
|-weather|RainDance|[upkeep]
|-damage|p2a: Ursaluna|65/100 brn|[from] brn
|upkeep
|turn|11
|
|t:|1756872545
|move|p2a: Ursaluna|Protect|p2a: Ursaluna
|-singleturn|p2a: Ursaluna|Protect
|move|p1b: Kingdra|Muddy Water|p2b: Incineroar|[spread] 
|-activate|p2a: Ursaluna|move: Protect
|-miss|p1b: Kingdra|p2b: Incineroar
|move|p2b: Incineroar|Knock Off|p1b: Kingdra
|-damage|p1b: Kingdra|26/100
|-enditem|p1b: Kingdra|Life Orb|[from] move: Knock Off|[of] p2b: Incineroar
|
|-weather|RainDance|[upkeep]
|-damage|p2a: Ursaluna|59/100 brn|[from] brn
|upkeep
|turn|12
|c|☆Trejox|gg
|
|t:|1756872558
|move|p1b: Kingdra|Muddy Water|p2a: Ursaluna|[spread] p2b
|-miss|p1b: Kingdra|p2a: Ursaluna
|-supereffective|p2b: Incineroar
|-damage|p2b: Incineroar|26/100
|move|p2b: Incineroar|Knock Off|p1b: Kingdra
|-damage|p1b: Kingdra|0 fnt
|faint|p1b: Kingdra
|
|win|Trejox
|raw|puli95's rating: 1000 → 1000(+0 for losing)
|raw|Trejox's rating: 1114 → 1131(+17 for winning)
|l|☆puli95
|player|p1|
