|j|☆gundi8
|j|☆Xion In Void
|html|gundi8Xion In Void    
|uhtml|bestof|Game 1 of a best-of-3
|t:|1757684179
|gametype|doubles
|player|p1|gundi8|ethan-gen2|1186
|player|p2|Xion In Void|unknownf|1124
|gen|9
|tier|[Gen 9] VGC 2025 Reg H (Bo3)
|rated|
|rule|Species Clause: Limit one of each Pokémon
|rule|Item Clause: Limit 1 of each item
|clearpoke
|poke|p1|Garchomp, L50, M|
|poke|p1|Jumpluff, L50, F|
|poke|p1|Torkoal, L50, M|
|poke|p1|Dragonite, L50, F|
|poke|p1|Kingambit, L50, M|
|poke|p1|Typhlosion-Hisui, L50, M|
|poke|p2|Archaludon, L50, F|
|poke|p2|Pelipper, L50, F|
|poke|p2|Amoonguss, L50, M|
|poke|p2|Incineroar, L50, F|
|poke|p2|Baxcalibur, L50, M|
|poke|p2|Annihilape, L50, F|
|teampreview|4
|showteam|p1|Garchomp||LifeOrb|RoughSkin|DragonClaw,StompingTantrum,Earthquake,Protect|||M|||50|,,,,,Fire]Jumpluff||CovertCloak|Chlorophyll|LeafStorm,SleepPowder,Encore,Tailwind|||F|||50|,,,,,Dark]Torkoal||EjectPack|Drought|Overheat,BurningJealousy,HelpingHand,Protect|||M|||50|,,,,,Flying]Dragonite||LoadedDice|InnerFocus|ScaleShot,Tailwind,Haze,Protect|||F|||50|,,,,,Fairy]Kingambit||AssaultVest|Defiant|IronHead,SuckerPunch,TeraBlast,LowKick|||M|||50|,,,,,Flying]Typhlosion-Hisui||ChoiceSpecs|Blaze|Eruption,ShadowBall,HeatWave,Overheat|||M|||50|,,,,,Fire
|showteam|p2|Archaludon||AssaultVest|Stamina|DragonPulse,ElectroShot,BodyPress,Thunderbolt|||F|||50|,,,,,Electric]Pelipper||FocusSash|Drizzle|MuddyWater,Hurricane,Tailwind,Protect|||F|||50|,,,,,Ghost]Amoonguss||CovertCloak|Regenerator|PollenPuff,RagePowder,Spore,Protect|||M|||50|,,,,,Fairy]Incineroar||SafetyGoggles|Intimidate|KnockOff,BurningJealousy,PartingShot,FakeOut|||F|||50|,,,,,Ghost]Baxcalibur||LoadedDice|ThermalExchange|IcicleSpear,ScaleShot,HighHorsepower,Protect|||M|||50|,,,,,Ghost]Annihilape||SitrusBerry|Defiant|RageFist,FinalGambit,Coaching,Taunt|||F|||50|,,,,,Water
|inactive|Battle timer is ON: inactive players will automatically lose when time's up. (requested by gundi8)
|inactive|Xion In Void also wants the timer to be on.
|inactive|gundi8 has 60 seconds left.
|inactive|gundi8 has 30 seconds left.
|
|t:|1757684242
|teamsize|p1|4
|teamsize|p2|4
|start
|switch|p1a: Garchomp|Garchomp, L50, M|100/100
|switch|p1b: Kingambit|Kingambit, L50, M|100/100
|switch|p2a: RC|Incineroar, L50, F|100/100
|switch|p2b: Mikael Mouse|Amoonguss, L50, M|100/100
|-ability|p2a: RC|Intimidate|boost
|-unboost|p1a: Garchomp|atk|1
|-unboost|p1b: Kingambit|atk|1
|-ability|p1b: Kingambit|Defiant|boost
|-boost|p1b: Kingambit|atk|2
|turn|1
|
|t:|1757684259
|-terastallize|p1b: Kingambit|Flying
|move|p1a: Garchomp|Earthquake|p2b: Mikael Mouse|[spread] p2a,p2b
|-immune|p1b: Kingambit
|-supereffective|p2a: RC
|-damage|p2a: RC|35/100
|-damage|p2b: Mikael Mouse|70/100
|-damage|p1a: Garchomp|91/100|[from] item: Life Orb
|move|p2a: RC|Burning Jealousy|p1a: Garchomp|[spread] p1a,p1b
|-resisted|p1a: Garchomp
|-damage|p1a: Garchomp|83/100
|-damage|p1b: Kingambit|92/100
|-status|p1b: Kingambit|brn
|move|p1b: Kingambit|Tera Blast|p2b: Mikael Mouse|[anim] Tera Blast Flying
|-supereffective|p2b: Mikael Mouse
|-damage|p2b: Mikael Mouse|14/100
|move|p2b: Mikael Mouse|Spore|p1a: Garchomp
|-status|p1a: Garchomp|slp|[from] move: Spore
|
|-damage|p1b: Kingambit|86/100 brn|[from] brn
|upkeep
|turn|2
|inactive|gundi8 has 30 seconds left.
|inactive|Xion In Void has 30 seconds left.
|inactive|gundi8 has 20 seconds left.
|inactive|gundi8 has 15 seconds left.
|inactive|gundi8 has 10 seconds left.
|inactive|gundi8 has 5 seconds left.
|
|t:|1757684310
|switch|p2b: Air Combo++|Baxcalibur, L50, M|100/100
|cant|p1a: Garchomp|slp
|move|p2a: RC|Parting Shot|p1a: Garchomp
|-unboost|p1a: Garchomp|atk|1
|-unboost|p1a: Garchomp|spa|1
|inactive|Xion In Void has 30 seconds left.
|
|t:|1757684336
|switch|p2a: Mikael Mouse|Amoonguss, L50, M|48/100|[from] Parting Shot
|move|p1b: Kingambit|Low Kick|p2a: Mikael Mouse
|-resisted|p2a: Mikael Mouse
|-crit|p2a: Mikael Mouse
|-damage|p2a: Mikael Mouse|39/100
|
|-damage|p1b: Kingambit|80/100 brn|[from] brn
|upkeep
|turn|3
|inactive|Xion In Void has 30 seconds left.
|inactive|Xion In Void has 20 seconds left.
|
|t:|1757684375
|switch|p2a: Oathkeeper|Pelipper, L50, F, shiny|100/100
|-weather|RainDance|[from] ability: Drizzle|[of] p2a: Oathkeeper
|cant|p1a: Garchomp|slp
|move|p2b: Air Combo++|Icicle Spear|p1b: Kingambit
|-supereffective|p1b: Kingambit
|-damage|p1b: Kingambit|59/100 brn
|-supereffective|p1b: Kingambit
|-damage|p1b: Kingambit|33/100 brn
|-supereffective|p1b: Kingambit
|-crit|p1b: Kingambit
|-damage|p1b: Kingambit|2/100 brn
|-supereffective|p1b: Kingambit
|-damage|p1b: Kingambit|0 fnt
|faint|p1b: Kingambit
|-hitcount|p1: Kingambit|4
|
|-weather|RainDance|[upkeep]
|upkeep
|
|t:|1757684390
|switch|p1b: Torkoal|Torkoal, L50, M, shiny|100/100
|-weather|SunnyDay|[from] ability: Drought|[of] p1b: Torkoal
|turn|4
|
|t:|1757684410
|switch|p2a: RC|Incineroar, L50, F|35/100
|-ability|p2a: RC|Intimidate|boost
|-unboost|p1a: Garchomp|atk|1
|-unboost|p1b: Torkoal|atk|1
|-enditem|p1b: Torkoal|Eject Pack
|
|t:|1757684415
|switch|p1b: Dragonite|Dragonite, L50, F|100/100
|-curestatus|p1a: Garchomp|slp|[msg]
|move|p1a: Garchomp|Dragon Claw|p2b: Air Combo++
|-supereffective|p2b: Air Combo++
|-damage|p2b: Air Combo++|60/100
|-damage|p1a: Garchomp|74/100|[from] item: Life Orb
|move|p2b: Air Combo++|Icicle Spear|p1a: Garchomp
|-supereffective|p1a: Garchomp
|-damage|p1a: Garchomp|16/100
|-supereffective|p1a: Garchomp
|-damage|p1a: Garchomp|0 fnt
|faint|p1a: Garchomp
|-hitcount|p1: Garchomp|2
|
|-weather|SunnyDay|[upkeep]
|upkeep
|
|t:|1757684422
|switch|p1a: Torkoal|Torkoal, L50, M, shiny|100/100
|turn|5
|inactive|gundi8 has 30 seconds left.
|
|t:|1757684448
|move|p1b: Dragonite|Protect|p1b: Dragonite
|-singleturn|p1b: Dragonite|Protect
|move|p2b: Air Combo++|Icicle Spear|p1b: Dragonite
|-activate|p1b: Dragonite|move: Protect
|move|p2a: RC|Parting Shot|p1a: Torkoal
|-unboost|p1a: Torkoal|atk|1
|-unboost|p1a: Torkoal|spa|1
|
|t:|1757684456
|switch|p2a: Oathkeeper|Pelipper, L50, F, shiny|100/100|[from] Parting Shot
|-weather|RainDance|[from] ability: Drizzle|[of] p2a: Oathkeeper
|move|p1a: Torkoal|Overheat|p2b: Air Combo++
|-crit|p2b: Air Combo++
|-damage|p2b: Air Combo++|24/100
|-unboost|p1a: Torkoal|spa|2
|-ability|p2b: Air Combo++|Thermal Exchange|boost
|-boost|p2b: Air Combo++|atk|1
|
|-weather|RainDance|[upkeep]
|upkeep
|turn|6
|
|t:|1757684478
|move|p1a: Torkoal|Protect|p1a: Torkoal
|-singleturn|p1a: Torkoal|Protect
|move|p2b: Air Combo++|Icicle Spear|p1b: Dragonite
|-supereffective|p1b: Dragonite
|-damage|p1b: Dragonite|3/100
|-supereffective|p1b: Dragonite
|-damage|p1b: Dragonite|0 fnt
|faint|p1b: Dragonite
|-hitcount|p1: Dragonite|2
|move|p2a: Oathkeeper|Hurricane|p1a: Torkoal
|-activate|p1a: Torkoal|move: Protect
|
|-weather|RainDance|[upkeep]
|upkeep
|turn|7
|-message|gundi8 forfeited.
|
|win|Xion In Void
||gundi8 is ready for game 2.
||Xion In Void is ready for game 2.
|uhtml|next|Next: Game 2 of 3
|l|☆Xion In Void
|player|p2|
|j|☆Xion In Void
|player|p2|Xion In Void|unknownf|
