|j|☆Maffles
|j|☆Quyt_DZ
|html|MafflesQuyt_DZ    
|uhtml|bestof|Game 3 of a best-of-3
|t:|1784253012
|gametype|doubles
|player|p1|Maffles|265|1335
|player|p2|Quyt_DZ|2|1360
|gen|9
|tier|[Gen 9 Champions] VGC 2026 Reg M-B (Bo3)
|rated|
|rule|Species Clause: Limit one of each Pokémon
|rule|Item Clause: Limit 1 of each item
|clearpoke
|poke|p1|Gengar, L50, M|
|poke|p1|Kingambit, L50, M|
|poke|p1|Ninetales-Alola, L50, M|
|poke|p1|Toxapex, L50, M|
|poke|p1|Basculegion, L50, M|
|poke|p1|Lopunny, L50, M|
|poke|p2|Charizard, L50, F, shiny|
|poke|p2|Kingambit, L50, M|
|poke|p2|Aerodactyl, L50, F|
|poke|p2|Farigiraf, L50, F, shiny|
|poke|p2|Sylveon, L50, M, shiny|
|poke|p2|Garchomp, L50, M, shiny|
|teampreview|4
|showteam|p1|Gengar||Gengarite|CursedBody|SludgeBomb,Disable,PerishSong,Protect|Timid||M|||50|]Kingambit||ChopleBerry|Defiant|KowtowCleave,SuckerPunch,SwordsDance,Protect|Brave||M|||50|]Ninetales-Alola||FocusSash|SnowWarning|Blizzard,Moonblast,Encore,Protect|Timid||M|||50|]Toxapex||Leftovers|Regenerator|Infestation,Toxic,WideGuard,BanefulBunker|Bold||M|||50|]Basculegion||SitrusBerry|Adaptability|LastRespects,FlipTurn,Soak,Protect|Sassy||M|||50|]Lopunny||Lopunnite|CuteCharm|CloseCombat,FakeOut,Encore,Protect|Jolly||M|||50|
|showteam|p2|Charizard||CharizarditeY|Blaze|WeatherBall,HeatWave,SolarBeam,Protect|Modest||F|||50|]Kingambit||FocusSash|Defiant|IronHead,SuckerPunch,KowtowCleave,LowKick|Adamant||M|||50|]Aerodactyl||Aerodactylite|Unnerve|RockSlide,WideGuard,Tailwind,IceFang|Jolly||F|||50|]Farigiraf||SitrusBerry|ArmorTail|TrickRoom,TwinBeam,HelpingHand,Thunderbolt|Bold||F|||50|]Sylveon||FairyFeather|Pixilate|QuickAttack,HyperVoice,HyperBeam,Protect|Modest||M|||50|]Garchomp||LifeOrb|RoughSkin|Earthquake,StompingTantrum,DragonClaw,Protect|Jolly||M|||50|
|
|t:|1784253051
|teamsize|p1|4
|teamsize|p2|4
|start
|switch|p1a: Kingambit|Kingambit, L50, M|100/100
|switch|p1b: Lopunny|Lopunny, L50, M|100/100
|switch|p2a: Garchomp|Garchomp, L50, M, shiny|100/100
|switch|p2b: Aerodactyl|Aerodactyl, L50, F|100/100
|-ability|p2b: Aerodactyl|Unnerve
|turn|1
|
|t:|1784253070
|detailschange|p1b: Lopunny|Lopunny-Mega, L50, M
|-mega|p1b: Lopunny|Lopunny|Lopunnite
|move|p1b: Lopunny|Fake Out|p2a: Garchomp
|-damage|p2a: Garchomp|78/100
|-damage|p1b: Lopunny|88/100|[from] ability: Rough Skin|[of] p2a: Garchomp
|move|p2b: Aerodactyl|Tailwind|p2b: Aerodactyl
|-sidestart|p2: Quyt_DZ|move: Tailwind
|cant|p2a: Garchomp|flinch
|move|p1a: Kingambit|Swords Dance|p1a: Kingambit
|-boost|p1a: Kingambit|atk|2
|
|upkeep
|turn|2
|
|t:|1784253089
|switch|p1b: Toxapex|Toxapex, L50, M|100/100
|move|p1a: Kingambit|Sucker Punch|p2a: Garchomp
|-damage|p2a: Garchomp|7/100
|-damage|p1a: Kingambit|87/100|[from] ability: Rough Skin|[of] p2a: Garchomp
|move|p2b: Aerodactyl|Rock Slide|p1b: Toxapex|[spread] p1b
|-miss|p2b: Aerodactyl|p1a: Kingambit
|-damage|p1b: Toxapex|85/100
|move|p2a: Garchomp|Earthquake|p1a: Kingambit|[spread] p1a,p1b
|-immune|p2b: Aerodactyl
|-supereffective|p1a: Kingambit|1
|-supereffective|p1b: Toxapex|1
|-damage|p1a: Kingambit|23/100
|-damage|p1b: Toxapex|19/100
|-damage|p2a: Garchomp|0 fnt|[from] item: Life Orb
|faint|p2a: Garchomp
|
|-heal|p1b: Toxapex|25/100|[from] item: Leftovers
|upkeep
|
|t:|1784253114
|switch|p2a: Kingambit|Kingambit, L50, M|100/100
|turn|3
|
|t:|1784253134
|switch|p2b: Charizard|Charizard, L50, F, shiny|100/100
|-heal|p1b: Toxapex|58/100|[from] ability: Regenerator|[silent]
|switch|p1b: Lopunny|Lopunny-Mega, L50, M|88/100
|move|p1a: Kingambit|Protect|p1a: Kingambit
|-singleturn|p1a: Kingambit|Protect
|move|p2a: Kingambit|Kowtow Cleave|p1b: Lopunny
|-resisted|p1b: Lopunny|1
|-crit|p1b: Lopunny
|-damage|p1b: Lopunny|39/100
|
|upkeep
|turn|4
|
|t:|1784253152
|switch|p2a: Aerodactyl|Aerodactyl, L50, F|100/100
|-ability|p2a: Aerodactyl|Unnerve
|move|p2b: Charizard|Protect|p2b: Charizard
|-singleturn|p2b: Charizard|Protect
|move|p1b: Lopunny|Fake Out|p2a: Aerodactyl
|-resisted|p2a: Aerodactyl|1
|-damage|p2a: Aerodactyl|86/100
|move|p1a: Kingambit|Sucker Punch||[still]
|-fail|p1a: Kingambit
|
|-sideend|p2: Quyt_DZ|move: Tailwind
|upkeep
|turn|5
|
|t:|1784253175
|switch|p2b: Kingambit|Kingambit, L50, M|100/100
|move|p1b: Lopunny|Encore||[still]
|-fail|p1b: Lopunny
|move|p2a: Aerodactyl|Tailwind|p2a: Aerodactyl
|-sidestart|p2: Quyt_DZ|move: Tailwind
|move|p1a: Kingambit|Kowtow Cleave|p2a: Aerodactyl
|-crit|p2a: Aerodactyl
|-damage|p2a: Aerodactyl|0 fnt
|faint|p2a: Aerodactyl
|
|upkeep
|
|t:|1784253184
|switch|p2a: Charizard|Charizard, L50, F, shiny|100/100
|turn|6
|
|t:|1784253205
|move|p1b: Lopunny|Protect|p1b: Lopunny
|-singleturn|p1b: Lopunny|Protect
|move|p1a: Kingambit|Protect|p1a: Kingambit
|-singleturn|p1a: Kingambit|Protect
|move|p2a: Charizard|Heat Wave|p1a: Kingambit|[spread] 
|-activate|p1a: Kingambit|move: Protect
|-activate|p1b: Lopunny|move: Protect
|move|p2b: Kingambit|Kowtow Cleave|p1b: Lopunny
|-activate|p1b: Lopunny|move: Protect
|
|upkeep
|turn|7
|
|t:|1784253234
|move|p2a: Charizard|Protect|p2a: Charizard
|-singleturn|p2a: Charizard|Protect
|move|p1a: Kingambit|Sucker Punch||[still]
|-fail|p1a: Kingambit
|move|p1b: Lopunny|Close Combat|p2b: Kingambit
|-supereffective|p2b: Kingambit|2
|-crit|p2b: Kingambit
|-enditem|p2b: Kingambit|Focus Sash
|-damage|p2b: Kingambit|1/100
|-unboost|p1b: Lopunny|def|1
|-unboost|p1b: Lopunny|spd|1
|move|p2b: Kingambit|Low Kick|p1a: Kingambit
|-supereffective|p1a: Kingambit|2
|-enditem|p1a: Kingambit|Chople Berry|[eat]
|-enditem|p1a: Kingambit|Chople Berry|[weaken]
|-damage|p1a: Kingambit|0 fnt
|faint|p1a: Kingambit
|
|upkeep
|
|t:|1784253241
|switch|p1a: Toxapex|Toxapex, L50, M|58/100
|turn|8
|
|t:|1784253264
|detailschange|p2a: Charizard|Charizard-Mega-Y, L50, F, shiny
|-mega|p2a: Charizard|Charizard|Charizardite Y
|-weather|SunnyDay|[from] ability: Drought|[of] p2a: Charizard
|move|p1b: Lopunny|Protect|p1b: Lopunny
|-singleturn|p1b: Lopunny|Protect
|move|p1a: Toxapex|Baneful Bunker|p1a: Toxapex
|-singleturn|p1a: Toxapex|move: Protect
|move|p2a: Charizard|Weather Ball|p1b: Lopunny
|-activate|p1b: Lopunny|move: Protect
|move|p2b: Kingambit|Kowtow Cleave|p1a: Toxapex
|-activate|p1a: Toxapex|move: Protect
|
|-weather|SunnyDay|[upkeep]
|-heal|p1a: Toxapex|64/100|[from] item: Leftovers
|-sideend|p2: Quyt_DZ|move: Tailwind
|upkeep
|turn|9
|
|t:|1784253285
|move|p2b: Kingambit|Sucker Punch|p1b: Lopunny
|-resisted|p1b: Lopunny|1
|-damage|p1b: Lopunny|1/100
|move|p1b: Lopunny|Close Combat|p2b: Kingambit
|-supereffective|p2b: Kingambit|2
|-damage|p2b: Kingambit|0 fnt
|-unboost|p1b: Lopunny|def|1
|-unboost|p1b: Lopunny|spd|1
|faint|p2b: Kingambit
|move|p2a: Charizard|Weather Ball|p1a: Toxapex
|-resisted|p1a: Toxapex|1
|-damage|p1a: Toxapex|31/100
|move|p1a: Toxapex|Toxic|p2a: Charizard
|-status|p2a: Charizard|tox
|
|-weather|SunnyDay|[upkeep]
|-heal|p1a: Toxapex|36/100|[from] item: Leftovers
|-damage|p2a: Charizard|93/100 tox|[from] psn
|upkeep
|turn|10
|
|t:|1784253293
|move|p1b: Lopunny|Protect|p1b: Lopunny
|-singleturn|p1b: Lopunny|Protect
|move|p1a: Toxapex|Baneful Bunker|p1a: Toxapex
|-singleturn|p1a: Toxapex|move: Protect
|move|p2a: Charizard|Weather Ball|p1b: Lopunny
|-activate|p1b: Lopunny|move: Protect
|
|-weather|SunnyDay|[upkeep]
|-heal|p1a: Toxapex|42/100|[from] item: Leftovers
|-damage|p2a: Charizard|81/100 tox|[from] psn
|upkeep
|turn|11
|
|t:|1784253304
|move|p1b: Lopunny|Encore|p2a: Charizard
|-start|p2a: Charizard|Encore
|move|p2a: Charizard|Weather Ball|p1a: Toxapex
|-resisted|p1a: Toxapex|1
|-damage|p1a: Toxapex|4/100
|move|p1a: Toxapex|Infestation|p2a: Charizard
|-resisted|p2a: Charizard|2
|-damage|p2a: Charizard|81/100 tox
|-activate|p2a: Charizard|move: Infestation|[of] p1a: Toxapex
|
|-weather|SunnyDay|[upkeep]
|-heal|p1a: Toxapex|10/100|[from] item: Leftovers
|-damage|p2a: Charizard|63/100 tox|[from] psn
|-damage|p2a: Charizard|51/100 tox|[from] move: Infestation|[partiallytrapped]
|upkeep
|turn|12
|
|t:|1784253316
|move|p1b: Lopunny|Protect|p1b: Lopunny
|-singleturn|p1b: Lopunny|Protect
|move|p1a: Toxapex|Baneful Bunker|p1a: Toxapex
|-singleturn|p1a: Toxapex|move: Protect
|move|p2a: Charizard|Weather Ball|p1b: Lopunny
|-activate|p1b: Lopunny|move: Protect
|
|-weather|none
|-heal|p1a: Toxapex|15/100|[from] item: Leftovers
|-damage|p2a: Charizard|27/100 tox|[from] psn
|-damage|p2a: Charizard|15/100 tox|[from] move: Infestation|[partiallytrapped]
|upkeep
|turn|13
|
|t:|1784253322
|move|p1b: Lopunny|Close Combat|p2a: Charizard
|-resisted|p2a: Charizard|1
|-damage|p2a: Charizard|0 fnt
|-unboost|p1b: Lopunny|def|1
|-unboost|p1b: Lopunny|spd|1
|faint|p2a: Charizard
|
|win|Maffles
|raw|Maffles's rating: 1335 → 1356(+21 for winning)
|raw|Quyt_DZ's rating: 1360 → 1339(-21 for losing)
|c|☆Quyt_DZ|ggwp
|c|☆Maffles|u too
|l|☆Maffles
|player|p1|
|c|☆Quyt_DZ|disable encore is some demon tech
