|j|☆1OO% Jesus
|j|☆100%swag0%fur
|html|1OO% Jesus100%swag0%fur    
|uhtml|bestof|Game 2 of a best-of-3
|t:|1782313960
|gametype|doubles
|player|p1|1OO% Jesus|lillie-z|
|player|p2|100%swag0%fur|102|
|gen|9
|tier|[Gen 9 Champions] VGC 2026 Reg M-B (Bo3)
|rule|Species Clause: Limit one of each Pokémon
|rule|Item Clause: Limit 1 of each item
|clearpoke
|poke|p1|Charizard, L50, M|
|poke|p1|Whimsicott, L50, F|
|poke|p1|Garchomp, L50, F|
|poke|p1|Basculegion, L50, M|
|poke|p1|Kingambit, L50, F|
|poke|p1|Floette-Eternal, L50, F|
|poke|p2|Pelipper, L50, F|
|poke|p2|Swampert, L50, M|
|poke|p2|Archaludon, L50, F|
|poke|p2|Sinistcha, L50|
|poke|p2|Sableye, L50, F|
|poke|p2|Sneasler, L50, M|
|teampreview|4
|showteam|p1|Charizard||CharizarditeY|Blaze|HeatWave,WeatherBall,SolarBeam,Protect|Modest||M|||50|]Whimsicott||FocusSash|Prankster|Moonblast,Tailwind,Encore,Protect|Timid||F|||50|]Garchomp||LifeOrb|RoughSkin|Earthquake,DragonClaw,RockSlide,Protect|Jolly||F|||50|]Basculegion||MysticWater|Adaptability|WaveCrash,LastRespects,AquaJet,Protect|Adamant||M|||50|]Kingambit||ChopleBerry|Defiant|KowtowCleave,SuckerPunch,IronHead,LowKick|Adamant||F|||50|]Floette-Eternal||Floettite|FlowerVeil|DazzlingGleam,Moonblast,LightofRuin,Protect|Timid||F|||50|
|showteam|p2|Pelipper||LifeOrb|Drizzle|WeatherBall,Hurricane,Protect,Tailwind|Modest||F|||50|]Swampert||Swampertite|Damp|WaveCrash,Earthquake,IcePunch,Protect|Adamant||M|||50|]Archaludon||Leftovers|Stamina|ElectroShot,DragonPulse,FlashCannon,Protect|Modest||F|||50|]Sinistcha||SitrusBerry|Hospitality|MatchaGotcha,RagePowder,TrickRoom,Protect|Bold|||||50|]Sableye||RoseliBerry|Prankster|RainDance,Encore,Disable,WillOWisp|Calm||F|||50|]Sneasler||FocusSash|PoisonTouch|CloseCombat,PoisonJab,FakeOut,Protect|Jolly||M|||50|
|j| rojo53
|
|t:|1782314050
|teamsize|p1|4
|teamsize|p2|4
|start
|switch|p1a: Whimsicott|Whimsicott, L50, F|100/100
|switch|p1b: Garchomp|Garchomp, L50, F|100/100
|switch|p2a: Sableye|Sableye, L50, F|100/100
|switch|p2b: Archaludon|Archaludon, L50, F|100/100
|turn|1
|
|t:|1782314093
|switch|p1b: Floette|Floette-Eternal, L50, F|100/100
|move|p1a: Whimsicott|Tailwind|p1a: Whimsicott
|-sidestart|p1: 1OO% Jesus|move: Tailwind
|move|p2a: Sableye|Will-O-Wisp|p1b: Floette
|-status|p1b: Floette|brn
|move|p2b: Archaludon|Flash Cannon|p1a: Whimsicott
|-supereffective|p1a: Whimsicott|1
|-enditem|p1a: Whimsicott|Focus Sash
|-damage|p1a: Whimsicott|1/100
|
|-damage|p1b: Floette|94/100 brn|[from] brn
|upkeep
|turn|2
|inactive|Battle timer is ON: inactive players will automatically lose when time's up. (requested by 100%swag0%fur)
|
|t:|1782314156
|switch|p1a: Garchomp|Garchomp, L50, F|100/100
|detailschange|p1b: Floette|Floette-Mega, L50, F
|-mega|p1b: Floette|Floette|Floettite
|-ability|p1b: Floette|Fairy Aura
|move|p2a: Sableye|Encore||[still]
|-fail|p2a: Sableye
|move|p1b: Floette|Dazzling Gleam|p2b: Archaludon|[spread] p2a,p2b
|-supereffective|p2a: Sableye|1
|-enditem|p2a: Sableye|Roseli Berry|[eat]
|-enditem|p2a: Sableye|Roseli Berry|[weaken]
|-damage|p2a: Sableye|50/100g
|-damage|p2b: Archaludon|50/100g
|-ability|p2b: Archaludon|Stamina|boost
|-boost|p2b: Archaludon|def|1
|move|p2b: Archaludon|Flash Cannon|p1b: Floette
|-supereffective|p1b: Floette|1
|-damage|p1b: Floette|22/100 brn
|
|-heal|p2b: Archaludon|56/100|[from] item: Leftovers
|-damage|p1b: Floette|16/100 brn|[from] brn
|upkeep
|turn|3
|inactive|1OO% Jesus has 30 seconds left.
|inactive|100%swag0%fur has 30 seconds left.
|inactive|1OO% Jesus has 20 seconds left.
|inactive|100%swag0%fur has 20 seconds left.
|inactive|1OO% Jesus has 15 seconds left.
|inactive|100%swag0%fur has 15 seconds left.
|
|t:|1782314200
|switch|p2a: Pelipper|Pelipper, L50, F|100/100
|-weather|RainDance|[from] ability: Drizzle|[of] p2a: Pelipper
|move|p1a: Garchomp|Protect|p1a: Garchomp
|-singleturn|p1a: Garchomp|Protect
|move|p1b: Floette|Dazzling Gleam|p2b: Archaludon|[spread] p2a,p2b
|-crit|p2a: Pelipper
|-damage|p2a: Pelipper|0 fnt
|-damage|p2b: Archaludon|11/100
|-ability|p2b: Archaludon|Stamina|boost
|-boost|p2b: Archaludon|def|1
|faint|p2a: Pelipper
|move|p2b: Archaludon|Flash Cannon|p1b: Floette
|-supereffective|p1b: Floette|1
|-damage|p1b: Floette|0 fnt
|faint|p1b: Floette
|
|-weather|RainDance|[upkeep]
|-heal|p2b: Archaludon|17/100|[from] item: Leftovers
|upkeep
|
|t:|1782314223
|switch|p1b: Whimsicott|Whimsicott, L50, F|1/100
|switch|p2a: Swampert|Swampert, L50, M|100/100
|turn|4
|inactive|1OO% Jesus has 30 seconds left.
|inactive|100%swag0%fur has 30 seconds left.
|
|t:|1782314255
|detailschange|p2a: Swampert|Swampert-Mega, L50, M
|-mega|p2a: Swampert|Swampert|Swampertite
|move|p1b: Whimsicott|Moonblast|p2a: Swampert
|-damage|p2a: Swampert|65/100
|move|p1a: Garchomp|Earthquake|p2a: Swampert|[spread] p1b,p2a,p2b
|-resisted|p1b: Whimsicott|1
|-supereffective|p2b: Archaludon|1
|-damage|p1b: Whimsicott|0 fnt
|-damage|p2a: Swampert|21/100
|-damage|p2b: Archaludon|0 fnt
|faint|p1b: Whimsicott
|faint|p2b: Archaludon
|-damage|p1a: Garchomp|90/100|[from] item: Life Orb
|move|p2a: Swampert|Ice Punch|p1a: Garchomp
|-supereffective|p1a: Garchomp|2
|-damage|p1a: Garchomp|0 fnt
|-damage|p2a: Swampert|9/100|[from] ability: Rough Skin|[of] p1a: Garchomp
|faint|p1a: Garchomp
|
|-weather|RainDance|[upkeep]
|-sideend|p1: 1OO% Jesus|move: Tailwind
|upkeep
|j| Shiritu
|
|t:|1782314275
|switch|p1b: Basculegion|Basculegion, L50, M|100/100
|switch|p2b: Sableye|Sableye, L50, F|50/100g
|turn|5
|inactive|100%swag0%fur has 30 seconds left.
|inactive|100%swag0%fur has 20 seconds left.
|inactive|100%swag0%fur has 15 seconds left.
|
|t:|1782314318
|move|p1b: Basculegion|Aqua Jet|p2b: Sableye
|-damage|p2b: Sableye|0 fnt
|faint|p2b: Sableye
|move|p2a: Swampert|Earthquake|p1b: Basculegion
|-damage|p1b: Basculegion|14/100
|
|-weather|RainDance|[upkeep]
|upkeep
|turn|6
|c|☆100%swag0%fur|ggs
|c|☆1OO% Jesus|ggs
|
|t:|1782314331
|move|p1b: Basculegion|Aqua Jet|p2a: Swampert
|-damage|p2a: Swampert|0 fnt
|faint|p2a: Swampert
|
|win|1OO% Jesus
