|j|☆elitetweet
|j|☆standardamerican
|html|elitetweetstandardamerican    
|uhtml|bestof|Game 3 of a best-of-3
|t:|1784812100
|gametype|doubles
|player|p1|elitetweet|korrina|1323
|player|p2|standardamerican|169|1202
|gen|9
|tier|[Gen 9 Champions] VGC 2026 Reg M-B (Bo3)
|rated|
|rule|Species Clause: Limit one of each Pokémon
|rule|Item Clause: Limit 1 of each item
|clearpoke
|poke|p1|Aerodactyl, L50, M|
|poke|p1|Rotom-Wash, L50, shiny|
|poke|p1|Garchomp, L50, F|
|poke|p1|Sneasler, L50, F|
|poke|p1|Incineroar, L50, M|
|poke|p1|Floette-Eternal, L50, F|
|poke|p2|Sinistcha, L50|
|poke|p2|Incineroar, L50, F|
|poke|p2|Milotic, L50, M|
|poke|p2|Raichu, L50, F|
|poke|p2|Gardevoir, L50, M|
|poke|p2|Ceruledge, L50, M|
|teampreview|4
|showteam|p1|Aerodactyl||FocusSash|Unnerve|RockSlide,DualWingbeat,Taunt,Tailwind|Jolly||M|||50|]Rotom-Wash||ChoiceScarf|Levitate|HydroPump,Electroweb,WillOWisp,Thunderbolt|Timid|||||50|]Garchomp||LifeOrb|RoughSkin|StompingTantrum,DragonClaw,RockSlide,Protect|Jolly||F|||50|]Sneasler||WhiteHerb|Unburden|FakeOut,DireClaw,CloseCombat,Coaching|Adamant||F|||50|]Incineroar||SitrusBerry|Intimidate|FakeOut,FlareBlitz,DarkestLariat,PartingShot|Adamant||M|||50|]Floette-Eternal||Floettite|FlowerVeil|DazzlingGleam,CalmMind,DrainingKiss,Protect|Modest||F|||50|
|showteam|p2|Sinistcha||KasibBerry|Hospitality|MatchaGotcha,Imprison,RagePowder,Protect|Bold|||||50|]Incineroar||SitrusBerry|Intimidate|FlareBlitz,DarkestLariat,FakeOut,PartingShot|Careful||F|||50|]Milotic||Leftovers|Competitive|MuddyWater,Coil,Hypnosis,Protect|Calm||M|||50|]Raichu||RaichuniteY|LightningRod|ZapCannon,FocusBlast,FakeOut,Protect|Timid||F|||50|]Gardevoir||Gardevoirite|Trace|HyperVoice,Psyshock,TrickRoom,Protect|Modest||M|||50|]Ceruledge||ColburBerry|FlashFire|BitterBlade,ShadowSneak,BulkUp,Protect|Adamant||M|||50|
|inactive|Battle timer is ON: inactive players will automatically lose when time's up. (requested by elitetweet)
|
|t:|1784812117
|teamsize|p1|4
|teamsize|p2|4
|start
|switch|p1a: Aerodactyl|Aerodactyl, L50, M|100/100
|switch|p1b: gesundheit|Sneasler, L50, F|100/100
|switch|p2a: Sinistcha|Sinistcha, L50|100/100
|switch|p2b: Gardevoir|Gardevoir, L50, M|100/100
|-ability|p1a: Aerodactyl|Unnerve
|-ability|p2b: Gardevoir|Unburden|Trace|[from] ability: Trace|[of] p1b: gesundheit
|turn|1
|
|t:|1784812133
|detailschange|p2b: Gardevoir|Gardevoir-Mega, L50, M
|-mega|p2b: Gardevoir|Gardevoir|Gardevoirite
|move|p2b: Gardevoir|Protect|p2b: Gardevoir
|-singleturn|p2b: Gardevoir|Protect
|move|p2a: Sinistcha|Protect|p2a: Sinistcha
|-singleturn|p2a: Sinistcha|Protect
|move|p1b: gesundheit|Fake Out|p2b: Gardevoir
|-activate|p2b: Gardevoir|move: Protect
|move|p1a: Aerodactyl|Taunt|p2a: Sinistcha
|-activate|p2a: Sinistcha|move: Protect
|
|upkeep
|turn|2
|
|t:|1784812147
|switch|p1b: Garchomp|Garchomp, L50, F|100/100
|move|p2a: Sinistcha|Rage Powder|p2a: Sinistcha
|-singleturn|p2a: Sinistcha|move: Rage Powder
|move|p1a: Aerodactyl|Taunt|p2a: Sinistcha
|-start|p2a: Sinistcha|move: Taunt
|move|p2b: Gardevoir|Trick Room|p2b: Gardevoir
|-fieldstart|move: Trick Room|[of] p2b: Gardevoir
|
|upkeep
|turn|3
|
|t:|1784812166
|move|p1b: Garchomp|Protect|p1b: Garchomp
|-singleturn|p1b: Garchomp|Protect
|move|p2a: Sinistcha|Matcha Gotcha|p1a: Aerodactyl|[spread] p1a
|-activate|p1b: Garchomp|move: Protect
|-damage|p1a: Aerodactyl|66/100
|move|p2b: Gardevoir|Hyper Voice|p1b: Garchomp|[spread] p1a
|-activate|p1b: Garchomp|move: Protect
|-damage|p1a: Aerodactyl|0 fnt
|faint|p1a: Aerodactyl
|
|upkeep
|
|t:|1784812178
|switch|p1a: gesundheit|Sneasler, L50, F|100/100
|turn|4
|
|t:|1784812197
|move|p2b: Gardevoir|Protect|p2b: Gardevoir
|-singleturn|p2b: Gardevoir|Protect
|move|p2a: Sinistcha|Matcha Gotcha|p1a: gesundheit|[spread] p1a,p1b
|-resisted|p1a: gesundheit|1
|-damage|p1a: gesundheit|85/100
|-damage|p1b: Garchomp|71/100
|-status|p1b: Garchomp|brn
|move|p1b: Garchomp|Dragon Claw|p2a: Sinistcha
|-damage|p2a: Sinistcha|77/100
|-damage|p1b: Garchomp|62/100 brn|[from] item: Life Orb
|move|p1a: gesundheit|Coaching|p1b: Garchomp
|-boost|p1b: Garchomp|atk|1
|-boost|p1b: Garchomp|def|1
|
|-damage|p1b: Garchomp|56/100 brn|[from] brn
|upkeep
|turn|5
|
|t:|1784812209
|switch|p1a: Floette|Floette-Eternal, L50, F|100/100
|move|p1b: Garchomp|Protect|p1b: Garchomp
|-singleturn|p1b: Garchomp|Protect
|move|p2a: Sinistcha|Matcha Gotcha|p1b: Garchomp|[spread] p1a
|-activate|p1b: Garchomp|move: Protect
|-damage|p1a: Floette|81/100
|-heal|p2a: Sinistcha|87/100|[from] drain|[of] p1a: Floette
|move|p2b: Gardevoir|Hyper Voice|p1a: Floette|[spread] p1a
|-activate|p1b: Garchomp|move: Protect
|-damage|p1a: Floette|39/100
|
|-damage|p1b: Garchomp|50/100g brn|[from] brn
|-end|p2a: Sinistcha|move: Taunt
|upkeep
|turn|6
|
|t:|1784812234
|detailschange|p1a: Floette|Floette-Mega, L50, F
|-mega|p1a: Floette|Floette|Floettite
|-ability|p1a: Floette|Fairy Aura
|move|p2a: Sinistcha|Matcha Gotcha|p1b: Garchomp|[spread] p1a,p1b
|-damage|p1a: Floette|21/100
|-heal|p2a: Sinistcha|96/100|[from] drain|[of] p1a: Floette
|-damage|p1b: Garchomp|25/100 brn
|-heal|p2a: Sinistcha|100/100|[from] drain|[of] p1b: Garchomp
|move|p2b: Gardevoir|Hyper Voice|p1b: Garchomp|[spread] p1a,p1b
|-supereffective|p1b: Garchomp|1
|-crit|p1b: Garchomp
|-damage|p1a: Floette|0 fnt
|-damage|p1b: Garchomp|0 fnt
|faint|p1a: Floette
|faint|p1b: Garchomp
|
|-fieldend|move: Trick Room
|upkeep
|
|t:|1784812247
|switch|p1b: gesundheit|Sneasler, L50, F|85/100
|turn|7
|
|t:|1784812253
|switch|p2b: Incineroar|Incineroar, L50, F|100/100
|-ability|p2b: Incineroar|Intimidate|boost
|-unboost|p1b: gesundheit|atk|1
|-enditem|p1b: gesundheit|White Herb
|-clearnegativeboost|p1b: gesundheit|[silent]
|move|p1b: gesundheit|Dire Claw|p2b: Incineroar
|-damage|p2b: Incineroar|60/100
|move|p2a: Sinistcha|Matcha Gotcha|p1b: gesundheit
|-resisted|p1b: gesundheit|1
|-damage|p1b: gesundheit|63/100
|
|upkeep
|turn|8
|
|t:|1784812267
|move|p2b: Incineroar|Fake Out|p1b: gesundheit
|-damage|p1b: gesundheit|44/100
|cant|p1b: gesundheit|flinch
|move|p2a: Sinistcha|Matcha Gotcha|p1b: gesundheit
|-resisted|p1b: gesundheit|1
|-damage|p1b: gesundheit|23/100
|
|upkeep
|turn|9
|
|t:|1784812286
|switch|p2b: Ceruledge|Ceruledge, L50, M|100/100
|move|p1b: gesundheit|Coaching|p1: Floette|[notarget]
|-fail|p1b: gesundheit
|move|p2a: Sinistcha|Matcha Gotcha|p1b: gesundheit
|-resisted|p1b: gesundheit|1
|-damage|p1b: gesundheit|2/100
|
|upkeep
|turn|10
|
|t:|1784812294
|move|p2b: Ceruledge|Shadow Sneak|p1b: gesundheit
|-damage|p1b: gesundheit|0 fnt
|faint|p1b: gesundheit
|
|win|standardamerican
|raw|elitetweet's rating: 1323 → 1296(-27 for losing)
|raw|standardamerican's rating: 1202 → 1235(+33 for winning)
|l|☆elitetweet
|player|p1|
