|j|☆Gear5th
|j|☆ichoseyoupoppo
|html|Gear5thichoseyoupoppo    
|uhtml|bestof|Game 2 of a best-of-3
|t:|1757768212
|gametype|doubles
|player|p1|Gear5th|emmet|1062
|player|p2|ichoseyoupoppo|2|1076
|gen|9
|tier|[Gen 9] VGC 2025 Reg H (Bo3)
|rated|
|rule|Species Clause: Limit one of each Pokémon
|rule|Item Clause: Limit 1 of each item
|clearpoke
|poke|p1|Pelipper, L50, F|
|poke|p1|Archaludon, L50, F|
|poke|p1|Dragapult, L50, M|
|poke|p1|Incineroar, L50, M|
|poke|p1|Amoonguss, L50, F|
|poke|p1|Milotic, L50, F|
|poke|p2|Decidueye-Hisui, L50, F|
|poke|p2|Weavile, L50, M|
|poke|p2|Whimsicott, L50, F|
|poke|p2|Farigiraf, L50, F|
|poke|p2|Barraskewda, L50, F|
|teampreview|4
|showteam|p1|Pelipper||FocusSash|KeenEye|WeatherBall,Hurricane,Tailwind,WideGuard|||F|||50|,,,,,Ghost]Archaludon||AssaultVest|Stamina|ElectroShot,FlashCannon,DracoMeteor,BodyPress|||F|||50|,,,,,Grass]Dragapult||LifeOrb|ClearBody|DragonDarts,PhantomForce,TeraBlast,Protect|||M|||50|,,,,,Fairy]Incineroar||SitrusBerry|Intimidate|KnockOff,PartingShot,WillOWisp,FakeOut|||M|||50|,,,,,Grass]Amoonguss||CovertCloak|Regenerator|PollenPuff,Spore,RagePowder,Protect|||F|||50|,,,,,Water]Milotic||Leftovers|Competitive|IceBeam,Scald,HelpingHand,Protect|||F|||50|,,,,,Dragon
|showteam|p2|Decidueye-Hisui||ChoiceScarf|Scrappy|LeafBlade,TripleArrows,Uturn,CloseCombat|||F|||50|,,,,,Fire]Weavile||FocusSash|Pressure|FakeOut,IceSpinner,Protect,KnockOff|||M|||50|,,,,,Ghost]Whimsicott||CovertCloak|Prankster|Tailwind,Taunt,Protect,Moonblast|||F|||50|,,,,,Water]Farigiraf||SitrusBerry|ArmorTail|Psychic,DazzlingGleam,TrickRoom,HelpingHand|||F|||50|,,,,,Fairy]Barraskewda||ChoiceBand|PropellerTail|FlipTurn,Liquidation,ThroatChop,PsychicFangs|||F|||50|,,,,,Water
|inactive|Battle timer is ON: inactive players will automatically lose when time's up. (requested by Gear5th)
|
|t:|1757768234
|teamsize|p1|4
|teamsize|p2|4
|start
|switch|p1a: Dragapult|Dragapult, L50, M|100/100
|switch|p1b: Amoonguss|Amoonguss, L50, F|100/100
|switch|p2a: Decidueye|Decidueye-Hisui, L50, F|100/100
|switch|p2b: Farigiraf|Farigiraf, L50, F|100/100
|turn|1
|inactive|ichoseyoupoppo has 30 seconds left.
|
|t:|1757768260
|move|p1a: Dragapult|Protect|p1a: Dragapult
|-singleturn|p1a: Dragapult|Protect
|move|p2a: Decidueye|Close Combat|p1a: Dragapult
|-activate|p1a: Dragapult|move: Protect
|move|p2b: Farigiraf|Psychic|p1b: Amoonguss
|-supereffective|p1b: Amoonguss
|-damage|p1b: Amoonguss|32/100
|move|p1b: Amoonguss|Spore|p2b: Farigiraf
|-status|p2b: Farigiraf|slp|[from] move: Spore
|
|upkeep
|turn|2
|
|t:|1757768283
|switch|p1b: Incineroar|Incineroar, L50, M|100/100
|-ability|p1b: Incineroar|Intimidate|boost
|-fail|p2a: Decidueye|unboost|Attack|[from] ability: Scrappy|[of] p2a: Decidueye
|-unboost|p2b: Farigiraf|atk|1
|move|p1a: Dragapult|Dragon Darts|p2a: Decidueye
|-damage|p2a: Decidueye|52/100
|-anim|p1a: Dragapult|Dragon Darts|p2b: Farigiraf
|-crit|p2b: Farigiraf
|-damage|p2b: Farigiraf|52/100 slp
|-damage|p1a: Dragapult|91/100|[from] item: Life Orb
|move|p2a: Decidueye|Close Combat|p1a: Dragapult
|-damage|p1a: Dragapult|2/100
|-unboost|p2a: Decidueye|def|1
|-unboost|p2a: Decidueye|spd|1
|cant|p2b: Farigiraf|slp
|
|upkeep
|turn|3
|
|t:|1757768305
|switch|p2a: Weavile|Weavile, L50, M|100/100
|-ability|p2a: Weavile|Pressure
|move|p1a: Dragapult|Dragon Darts|p2a: Weavile
|-damage|p2a: Weavile|42/100
|-anim|p1a: Dragapult|Dragon Darts|p2b: Farigiraf
|-crit|p2b: Farigiraf
|-damage|p2b: Farigiraf|4/100 slp
|-enditem|p2b: Farigiraf|Sitrus Berry|[eat]
|-heal|p2b: Farigiraf|28/100 slp|[from] item: Sitrus Berry
|-damage|p1a: Dragapult|0 fnt|[from] item: Life Orb
|faint|p1a: Dragapult
|move|p1b: Incineroar|Knock Off|p2b: Farigiraf
|-supereffective|p2b: Farigiraf
|-damage|p2b: Farigiraf|0 fnt
|faint|p2b: Farigiraf
|
|upkeep
|
|t:|1757768320
|switch|p1a: Milotic|Milotic, L50, F|100/100
|switch|p2b: Decidueye|Decidueye-Hisui, L50, F|52/100
|turn|4
|
|t:|1757768336
|switch|p1b: Amoonguss|Amoonguss, L50, F|65/100
|move|p2a: Weavile|Fake Out|p1b: Amoonguss
|-damage|p1b: Amoonguss|53/100
|move|p2b: Decidueye|Close Combat|p1a: Milotic
|-damage|p1a: Milotic|36/100
|-unboost|p2b: Decidueye|def|1
|-unboost|p2b: Decidueye|spd|1
|move|p1a: Milotic|Scald|p2a: Weavile
|-damage|p2a: Weavile|0 fnt
|faint|p2a: Weavile
|
|-heal|p1a: Milotic|42/100|[from] item: Leftovers
|upkeep
|
|t:|1757768342
|switch|p2a: Barraskewda|Barraskewda, L50, F|100/100
|turn|5
|inactive|ichoseyoupoppo has 30 seconds left.
|inactive|ichoseyoupoppo has 20 seconds left.
|inactive|ichoseyoupoppo has 15 seconds left.
|
|t:|1757768383
|switch|p1b: Incineroar|Incineroar, L50, M|100/100
|-ability|p1b: Incineroar|Intimidate|boost
|-unboost|p2a: Barraskewda|atk|1
|-fail|p2b: Decidueye|unboost|Attack|[from] ability: Scrappy|[of] p2b: Decidueye
|-terastallize|p2a: Barraskewda|Water
|move|p1a: Milotic|Protect|p1a: Milotic
|-singleturn|p1a: Milotic|Protect
|move|p2a: Barraskewda|Liquidation|p1b: Incineroar
|-supereffective|p1b: Incineroar
|-damage|p1b: Incineroar|0 fnt
|faint|p1b: Incineroar
|move|p2b: Decidueye|Close Combat|p1a: Milotic
|-activate|p1a: Milotic|move: Protect
|
|-heal|p1a: Milotic|48/100|[from] item: Leftovers
|upkeep
|
|t:|1757768400
|switch|p1b: Amoonguss|Amoonguss, L50, F|87/100
|turn|6
|
|t:|1757768408
|move|p1b: Amoonguss|Rage Powder|p1b: Amoonguss
|-singleturn|p1b: Amoonguss|move: Rage Powder
|move|p2a: Barraskewda|Liquidation|p1b: Amoonguss
|-resisted|p1b: Amoonguss
|-damage|p1b: Amoonguss|63/100
|move|p2b: Decidueye|Close Combat|p1b: Amoonguss
|-resisted|p1b: Amoonguss
|-damage|p1b: Amoonguss|41/100
|-unboost|p2b: Decidueye|def|1
|-unboost|p2b: Decidueye|spd|1
|move|p1a: Milotic|Ice Beam|p2b: Decidueye
|-supereffective|p2b: Decidueye
|-damage|p2b: Decidueye|0 fnt
|faint|p2b: Decidueye
|
|-heal|p1a: Milotic|54/100|[from] item: Leftovers
|upkeep
|turn|7
|
|t:|1757768421
|-terastallize|p1a: Milotic|Dragon
|move|p2a: Barraskewda|Liquidation|p1b: Amoonguss
|-resisted|p1b: Amoonguss
|-damage|p1b: Amoonguss|16/100
|move|p1a: Milotic|Scald|p2a: Barraskewda
|-resisted|p2a: Barraskewda
|-damage|p2a: Barraskewda|55/100
|-status|p2a: Barraskewda|brn
|move|p1b: Amoonguss|Spore||[still]
|-fail|p1b: Amoonguss
|
|-heal|p1a: Milotic|60/100|[from] item: Leftovers
|-damage|p2a: Barraskewda|49/100 brn|[from] brn
|upkeep
|turn|8
|-message|ichoseyoupoppo forfeited.
|
|win|Gear5th
||ichoseyoupoppo is ready for game 3.
||Gear5th is ready for game 3.
|uhtml|next|Next: Game 3 of 3
|l|☆ichoseyoupoppo
|player|p2|
|l|☆Gear5th
|player|p1|
