|j|☆jackthepack
|j|☆rolandruina
|html|jackthepackrolandruina    
|uhtml|bestof|Game 1 of a best-of-3
|t:|1782418057
|gametype|doubles
|player|p1|jackthepack|170|1041
|player|p2|rolandruina|169|1075
|gen|9
|tier|[Gen 9 Champions] VGC 2026 Reg M-B (Bo3)
|rated|
|rule|Species Clause: Limit one of each Pokémon
|rule|Item Clause: Limit 1 of each item
|clearpoke
|poke|p1|Politoed, L50, F|
|poke|p1|Archaludon, L50, F|
|poke|p1|Swampert, L50, F|
|poke|p1|Incineroar, L50, M|
|poke|p1|Sinistcha, L50|
|poke|p1|Gholdengo, L50|
|poke|p2|Swampert, L50, M|
|poke|p2|Metagross, L50|
|poke|p2|Archaludon, L50, F|
|poke|p2|Grimmsnarl, L50, M|
|poke|p2|Pelipper, L50, M|
|poke|p2|Sinistcha, L50|
|teampreview|4
|showteam|p1|Politoed||DampRock|Drizzle|WeatherBall,IcyWind,HelpingHand,Protect|Calm||F|||50|]Archaludon||ExpertBelt|Stamina|ElectroShot,DracoMeteor,FlashCannon,Protect|Modest||F|||50|]Swampert||Swampertite|Damp|Waterfall,Earthquake,IcePunch,Protect|Adamant||F|||50|]Incineroar||SitrusBerry|Intimidate|FakeOut,FlareBlitz,PartingShot,GigaImpact|Careful||M|||50|]Sinistcha||Leftovers|Hospitality|MatchaGotcha,RagePowder,StrengthSap,Protect|Calm|||||50|]Gholdengo||LifeOrb|GoodasGold|MakeItRain,ShadowBall,NastyPlot,Protect|Timid|||||50|
|showteam|p2|Swampert||Swampertite|Damp|WaveCrash,HighHorsepower,IcePunch,Protect|Adamant||M|||50|]Metagross||Metagrossite|ClearBody|IronHead,PsychicFangs,BodyPress,Protect|Jolly|||||50|]Archaludon||Leftovers|Stamina|DragonPulse,FlashCannon,ElectroShot,Protect|Calm||F|||50|]Grimmsnarl||LightClay|Prankster|FoulPlay,PartingShot,LightScreen,Reflect|Calm||M|||50|]Pelipper||FocusSash|Drizzle|Hurricane,WeatherBall,Tailwind,Protect|Modest||M|||50|]Sinistcha||KasibBerry|Hospitality|MatchaGotcha,RagePowder,LifeDew,TrickRoom|Bold|||||50|
|inactive|Battle timer is ON: inactive players will automatically lose when time's up. (requested by rolandruina)
|inactive|rolandruina has 60 seconds left.
|inactive|rolandruina has 30 seconds left.
|inactive|rolandruina has 20 seconds left.
|inactive|rolandruina has 15 seconds left.
|inactive|rolandruina has 10 seconds left.
|
|t:|1782418139
|teamsize|p1|4
|teamsize|p2|4
|start
|switch|p1a: Politoed|Politoed, L50, F|100/100
|switch|p1b: Archaludon|Archaludon, L50, F|100/100
|switch|p2a: Metagross|Metagross, L50|100/100
|switch|p2b: Grimmsnarl|Grimmsnarl, L50, M|100/100
|-weather|RainDance|[from] ability: Drizzle|[of] p1a: Politoed
|turn|1
|
|t:|1782418160
|move|p1a: Politoed|Helping Hand|p1b: Archaludon
|-singleturn|p1b: Archaludon|Helping Hand|[of] p1a: Politoed
|move|p2b: Grimmsnarl|Light Screen|p2b: Grimmsnarl
|-sidestart|p2: rolandruina|move: Light Screen
|move|p2a: Metagross|Body Press|p1b: Archaludon
|-supereffective|p1b: Archaludon|1
|-damage|p1b: Archaludon|60/100
|-ability|p1b: Archaludon|Stamina|boost
|-boost|p1b: Archaludon|def|1
|move|p1b: Archaludon|Electro Shot||[still]
|-prepare|p1b: Archaludon|Electro Shot
|-boost|p1b: Archaludon|spa|1
|-anim|p1b: Archaludon|Electro Shot|p2a: Metagross
|-damage|p2a: Metagross|6/100
|
|-weather|RainDance|[upkeep]
|upkeep
|turn|2
|inactive|jackthepack has 30 seconds left.
|
|t:|1782418186
|move|p2a: Metagross|Protect|p2a: Metagross
|-singleturn|p2a: Metagross|Protect
|move|p2b: Grimmsnarl|Parting Shot|p1b: Archaludon
|-unboost|p1b: Archaludon|atk|1
|-unboost|p1b: Archaludon|spa|1
|
|t:|1782418190
|switch|p2b: Swampert|Swampert, L50, M|100/100|[from] Parting Shot
|move|p1b: Archaludon|Electro Shot||[still]
|-prepare|p1b: Archaludon|Electro Shot
|-boost|p1b: Archaludon|spa|1
|-anim|p1b: Archaludon|Electro Shot|p2a: Metagross
|-activate|p2a: Metagross|move: Protect
|move|p1a: Politoed|Weather Ball|p2b: Swampert
|-damage|p2b: Swampert|62/100
|
|-weather|RainDance|[upkeep]
|upkeep
|turn|3
|
|t:|1782418215
|switch|p2a: Grimmsnarl|Grimmsnarl, L50, M|100/100
|detailschange|p2b: Swampert|Swampert-Mega, L50, M
|-mega|p2b: Swampert|Swampert|Swampertite
|move|p2b: Swampert|High Horsepower|p1b: Archaludon
|-supereffective|p1b: Archaludon|1
|-damage|p1b: Archaludon|0 fnt
|faint|p1b: Archaludon
|move|p1a: Politoed|Icy Wind|p2b: Swampert|[spread] p2a,p2b
|-damage|p2a: Grimmsnarl|94/100
|-damage|p2b: Swampert|57/100
|-unboost|p2a: Grimmsnarl|spe|1
|-unboost|p2b: Swampert|spe|1
|
|-weather|RainDance|[upkeep]
|upkeep
|
|t:|1782418232
|switch|p1b: Swampert|Swampert, L50, F|100/100
|turn|4
|inactive|rolandruina has 30 seconds left.
|
|t:|1782418257
|switch|p2b: Pelipper|Pelipper, L50, M|100/100
|move|p1a: Politoed|Helping Hand|p1b: Swampert
|-singleturn|p1b: Swampert|Helping Hand|[of] p1a: Politoed
|move|p2a: Grimmsnarl|Reflect|p2a: Grimmsnarl
|-sidestart|p2: rolandruina|Reflect
|move|p1b: Swampert|Ice Punch|p2b: Pelipper
|-damage|p2b: Pelipper|67/100
|
|-weather|RainDance|[upkeep]
|upkeep
|turn|5
|
|t:|1782418279
|detailschange|p1b: Swampert|Swampert-Mega, L50, F
|-mega|p1b: Swampert|Swampert|Swampertite
|move|p2a: Grimmsnarl|Parting Shot|p1b: Swampert
|-unboost|p1b: Swampert|atk|1
|-unboost|p1b: Swampert|spa|1
|
|t:|1782418284
|switch|p2a: Metagross|Metagross, L50|6/100|[from] Parting Shot
|move|p1b: Swampert|Waterfall|p2a: Metagross
|-damage|p2a: Metagross|0 fnt
|faint|p2a: Metagross
|move|p2b: Pelipper|Tailwind|p2b: Pelipper
|-sidestart|p2: rolandruina|move: Tailwind
|move|p1a: Politoed|Weather Ball|p2b: Pelipper
|-resisted|p2b: Pelipper|1
|-damage|p2b: Pelipper|40/100
|
|-weather|RainDance|[upkeep]
|upkeep
|
|t:|1782418293
|switch|p2a: Swampert|Swampert-Mega, L50, M|57/100
|turn|6
|inactive|rolandruina has 30 seconds left.
|
|t:|1782418320
|move|p2a: Swampert|High Horsepower|p1a: Politoed
|-damage|p1a: Politoed|43/100
|move|p1b: Swampert|Ice Punch|p2a: Swampert
|-damage|p2a: Swampert|44/100
|move|p2b: Pelipper|Hurricane|p1a: Politoed
|-damage|p1a: Politoed|2/100
|-start|p1a: Politoed|confusion
|-activate|p1a: Politoed|confusion
|-damage|p1a: Politoed|0 fnt|[from] confusion
|faint|p1a: Politoed
|
|-weather|RainDance|[upkeep]
|upkeep
|
|t:|1782418333
|switch|p1a: Incineroar|Incineroar, L50, M|100/100
|-ability|p1a: Incineroar|Intimidate|boost
|-unboost|p2a: Swampert|atk|1
|-unboost|p2b: Pelipper|atk|1
|turn|7
|
|t:|1782418356
|switch|p2a: Grimmsnarl|Grimmsnarl, L50, M|94/100
|move|p1a: Incineroar|Fake Out|p2a: Grimmsnarl
|-damage|p2a: Grimmsnarl|87/100
|move|p1b: Swampert|Ice Punch|p2b: Pelipper
|-damage|p2b: Pelipper|21/100
|move|p2b: Pelipper|Weather Ball|p1a: Incineroar
|-supereffective|p1a: Incineroar|1
|-damage|p1a: Incineroar|0 fnt
|faint|p1a: Incineroar
|
|-weather|RainDance|[upkeep]
|upkeep
|turn|8
|inactive|rolandruina has 30 seconds left.
|inactive|rolandruina has 20 seconds left.
|inactive|rolandruina has 15 seconds left.
|inactive|rolandruina has 10 seconds left.
|
|t:|1782418401
|move|p1b: Swampert|Ice Punch|p2b: Pelipper
|-damage|p2b: Pelipper|1/100
|move|p2b: Pelipper|Weather Ball|p1b: Swampert
|-damage|p1b: Swampert|29/100
|move|p2a: Grimmsnarl|Foul Play|p1b: Swampert
|-damage|p1b: Swampert|0 fnt
|faint|p1b: Swampert
|
|win|rolandruina
||rolandruina is ready for game 2.
|inactive|jackthepack has 30 seconds to confirm battle start!
||jackthepack is ready for game 2.
|uhtml|next|Next: Game 2 of 3
