|j|☆waveniki
|j|☆Filippo1226
|html|wavenikiFilippo1226    
|uhtml|bestof|Game 2 of a best-of-3
|t:|1756743983
|gametype|doubles
|player|p1|waveniki|clerk|1262
|player|p2|Filippo1226|dragontamer|1285
|gen|9
|tier|[Gen 9] VGC 2025 Reg H (Bo3)
|rated|
|rule|Species Clause: Limit one of each Pokémon
|rule|Item Clause: Limit 1 of each item
|clearpoke
|poke|p1|Incineroar, L50, M|
|poke|p1|Amoonguss, L50, F|
|poke|p1|Ursaluna-Bloodmoon, L50, M|
|poke|p1|Dragonite, L50, M|
|poke|p1|Sneasler, L50, F|
|poke|p1|Gholdengo, L50|
|poke|p2|Talonflame, L50, F|
|poke|p2|Kommo-o, L50, F|
|poke|p2|Mamoswine, L50, F|
|poke|p2|Gholdengo, L50|
|poke|p2|Persian-Alola, L50, M|
|poke|p2|Gallade, L50, M|
|teampreview|4
|showteam|p1|Incineroar||SafetyGoggles|Intimidate|FlareBlitz,KnockOff,FakeOut,PartingShot|||M|||50|,,,,,Ghost]Amoonguss||SitrusBerry|Regenerator|PollenPuff,Spore,RagePowder,Protect|||F|||50|,,,,,Psychic]Ursaluna-Bloodmoon||AssaultVest|MindsEye|HyperVoice,BloodMoon,EarthPower,VacuumWave|||M|||50|,,,,,Water]Dragonite||LoadedDice|Multiscale|ScaleShot,Tailwind,Haze,Protect|||M|||50|,,,,,Fairy]Sneasler||FocusSash|Unburden|CloseCombat,DireClaw,ThroatChop,Protect|||F|||50|,,,,,Stellar]Gholdengo||LifeOrb|GoodasGold|MakeItRain,ShadowBall,NastyPlot,Protect||||||50|,,,,,Water
|showteam|p2|Talonflame||CovertCloak|GaleWings|BraveBird,FlareBlitz,Tailwind,QuickGuard|||F|||50|,,,,,Stellar]Kommo-o||ChoiceSpecs|Bulletproof|ClangingScales,Flamethrower,AuraSphere,DracoMeteor|||F|||50|,,,,,Dragon]Mamoswine||LoadedDice|Oblivious|IcicleSpear,Earthquake,HighHorsepower,Protect|||F|||50|,,,,,Ground]Gholdengo||LifeOrb|GoodasGold|MakeItRain,ShadowBall,NastyPlot,Protect||||||50|,,,,,Water]Persian-Alola||AssaultVest|FurCoat|FoulPlay,FakeOut,IcyWind,Uturn|||M|||50|,,,,,Bug]Gallade||SitrusBerry|Sharpness|SacredSword,Imprison,TrickRoom,PsychoCut|||M|||50|,,,,,Dark
|inactive|Battle timer is ON: inactive players will automatically lose when time's up. (requested by waveniki)
|inactive|waveniki has 60 seconds left.
|
|t:|1756744030
|teamsize|p1|4
|teamsize|p2|4
|start
|switch|p1a: Dragonite|Dragonite, L50, M|100/100
|switch|p1b: Incineroar|Incineroar, L50, M|100/100
|switch|p2a: Talonflame|Talonflame, L50, F|100/100
|switch|p2b: Mamoswine|Mamoswine, L50, F|100/100
|-ability|p1b: Incineroar|Intimidate|boost
|-unboost|p2a: Talonflame|atk|1
|-fail|p2b: Mamoswine|unboost|Attack|[from] ability: Oblivious|[of] p2b: Mamoswine
|turn|1
|inactive|waveniki has 30 seconds left.
|inactive|Filippo1226 has 30 seconds left.
|inactive|waveniki has 20 seconds left.
|inactive|Filippo1226 has 20 seconds left.
|
|t:|1756744069
|-terastallize|p2b: Mamoswine|Ground
|move|p1a: Dragonite|Protect|p1a: Dragonite
|-singleturn|p1a: Dragonite|Protect
|move|p2a: Talonflame|Quick Guard|p2a: Talonflame
|-singleturn|p2a: Talonflame|Quick Guard
|move|p2b: Mamoswine|Icicle Spear|p1a: Dragonite
|-activate|p1a: Dragonite|move: Protect
|move|p1b: Incineroar|Knock Off|p2b: Mamoswine
|-damage|p2b: Mamoswine|50/100
|-enditem|p2b: Mamoswine|Loaded Dice|[from] move: Knock Off|[of] p1b: Incineroar
|
|upkeep
|turn|2
|inactive|waveniki has 30 seconds left.
|
|t:|1756744101
|-terastallize|p1a: Dragonite|Fairy
|move|p2a: Talonflame|Brave Bird|p1a: Dragonite
|-damage|p1a: Dragonite|83/100
|-damage|p2a: Talonflame|94/100|[from] Recoil
|move|p2b: Mamoswine|Icicle Spear|p1a: Dragonite
|-damage|p1a: Dragonite|68/100
|-damage|p1a: Dragonite|51/100
|-crit|p1a: Dragonite
|-damage|p1a: Dragonite|26/100
|-damage|p1a: Dragonite|8/100
|-damage|p1a: Dragonite|0 fnt
|faint|p1a: Dragonite
|-hitcount|p1: Dragonite|5
|move|p1b: Incineroar|Parting Shot|p2a: Talonflame
|-unboost|p2a: Talonflame|atk|1
|-unboost|p2a: Talonflame|spa|1
|
|t:|1756744113
|switch|p1b: Sneasler|Sneasler, L50, F|100/100|[from] Parting Shot
|
|upkeep
|
|t:|1756744116
|switch|p1a: Incineroar|Incineroar, L50, M|100/100
|-ability|p1a: Incineroar|Intimidate|boost
|-unboost|p2a: Talonflame|atk|1
|-fail|p2b: Mamoswine|unboost|Attack|[from] ability: Oblivious|[of] p2b: Mamoswine
|turn|3
|
|t:|1756744129
|move|p2b: Mamoswine|Protect|p2b: Mamoswine
|-singleturn|p2b: Mamoswine|Protect
|move|p2a: Talonflame|Tailwind|p2a: Talonflame
|-sidestart|p2: Filippo1226|move: Tailwind
|move|p1b: Sneasler|Dire Claw|p2a: Talonflame
|-damage|p2a: Talonflame|25/100
|move|p1a: Incineroar|Knock Off|p2a: Talonflame
|-damage|p2a: Talonflame|0 fnt
|-enditem|p2a: Talonflame|Covert Cloak|[from] move: Knock Off|[of] p1a: Incineroar
|faint|p2a: Talonflame
|
|upkeep
|
|t:|1756744140
|switch|p2a: Persian|Persian-Alola, L50, M|100/100
|turn|4
|
|t:|1756744167
|move|p2a: Persian|Icy Wind|p1b: Sneasler|[spread] p1a,p1b
|-resisted|p1a: Incineroar
|-damage|p1a: Incineroar|97/100
|-damage|p1b: Sneasler|91/100
|-unboost|p1a: Incineroar|spe|1
|-unboost|p1b: Sneasler|spe|1
|move|p2b: Mamoswine|Earthquake|p1a: Incineroar|[spread] p2a,p1a,p1b
|-supereffective|p1a: Incineroar
|-supereffective|p1b: Sneasler
|-damage|p2a: Persian|61/100
|-damage|p1a: Incineroar|0 fnt
|-damage|p1b: Sneasler|0 fnt
|faint|p1a: Incineroar
|faint|p1b: Sneasler
|
|upkeep
|
|t:|1756744171
|switch|p1b: Ursaluna|Ursaluna-Bloodmoon, L50, M|100/100
|turn|5
|
|t:|1756744185
|move|p2a: Persian|U-turn|p1b: Ursaluna
|-damage|p1b: Ursaluna|93/100
|
|t:|1756744188
|switch|p2a: Gholdengo|Gholdengo, L50|100/100|[from] U-turn
|move|p2b: Mamoswine|Icicle Spear|p1b: Ursaluna
|-supereffective|p1b: Ursaluna
|-damage|p1b: Ursaluna|72/100
|-supereffective|p1b: Ursaluna
|-damage|p1b: Ursaluna|52/100
|-hitcount|p1b: Ursaluna|2
|move|p1b: Ursaluna|Hyper Voice|p2b: Mamoswine|[spread] p2a,p2b
|-resisted|p2a: Gholdengo
|-crit|p2b: Mamoswine
|-damage|p2a: Gholdengo|78/100
|-damage|p2b: Mamoswine|0 fnt
|faint|p2b: Mamoswine
|
|upkeep
|
|t:|1756744193
|switch|p2b: Persian|Persian-Alola, L50, M|61/100
|turn|6
|
|t:|1756744200
|move|p2b: Persian|Fake Out|p1b: Ursaluna
|-damage|p1b: Ursaluna|47/100
|move|p2a: Gholdengo|Make It Rain|p1b: Ursaluna
|-damage|p1b: Ursaluna|0 fnt
|-unboost|p2a: Gholdengo|spa|1
|faint|p1b: Ursaluna
|-damage|p2a: Gholdengo|68/100|[from] item: Life Orb
|
|win|Filippo1226
||waveniki is ready for game 3.
||Filippo1226 is ready for game 3.
|uhtml|next|Next: Game 3 of 3
|l|☆Filippo1226
|player|p2|
