|j|☆Yoters
|j|☆Pawah
|html|YotersPawah    
|uhtml|bestof|Game 3 of a best-of-3
|t:|1756658917
|gametype|doubles
|player|p1|Yoters|veteranf|1180
|player|p2|Pawah|ethan|1131
|gen|9
|tier|[Gen 9] VGC 2025 Reg H (Bo3)
|rated|
|rule|Species Clause: Limit one of each Pokémon
|rule|Item Clause: Limit 1 of each item
|clearpoke
|poke|p1|Torkoal, L50, M|
|poke|p1|Lilligant-Hisui, L50, F|
|poke|p1|Golem-Alola, L50, F|
|poke|p1|Gliscor, L50, F|
|poke|p1|Dragapult, L50, M|
|poke|p1|Gholdengo, L50|
|poke|p2|Ursaluna, L50, F|
|poke|p2|Sinistcha, L50|
|poke|p2|Pelipper, L50, F|
|poke|p2|Archaludon, L50, M|
|poke|p2|Gholdengo, L50|
|poke|p2|Dragonite, L50, F|
|teampreview|4
|showteam|p1|Torkoal||EjectPack|Drought|Overheat,SolarBeam,HelpingHand,Protect|||M|||50|,,,,,Grass]Lilligant-Hisui||FocusSash|Chlorophyll|SolarBlade,TripleAxel,AfterYou,CloseCombat|||F|||50|,,,,,Fire]Golem-Alola||ClearAmulet|Galvanize|Explosion,DoubleEdge,Protect,WideGuard|||F|||50|,,,,,Electric]Gliscor||ToxicOrb|PoisonHeal|KnockOff,HighHorsepower,Protect,SunnyDay|||F|||50|,,,,,Water]Dragapult||ChoiceBand|ClearBody|DragonDarts,PsychicFangs,SuckerPunch,Uturn|||M|||50|,,,,,Dark]Gholdengo||ChoiceScarf|GoodasGold|MakeItRain,ShadowBall,Thunderbolt,Trick||||||50|,,,,,Water
|showteam|p2|Ursaluna||FlameOrb|Guts|HeadlongRush,Facade,Protect,Earthquake|||F|||50|,,,,,Ghost]Sinistcha||SitrusBerry|Hospitality|RagePowder,TrickRoom,LifeDew,MatchaGotcha||||||50|,,,,,Dark]Pelipper||FocusSash|Drizzle|Hurricane,Protect,WeatherBall,WideGuard|||F|||50|,,,,,Ghost]Archaludon||AssaultVest|Stamina|ElectroShot,FlashCannon,BodyPress,DracoMeteor|||M|||50|,,,,,Bug]Gholdengo||LifeOrb|GoodasGold|MakeItRain,ShadowBall,NastyPlot,Protect||||||50|,,,,,Water]Dragonite||LoadedDice|Multiscale|Protect,ScaleShot,Tailwind,Haze|||F|||50|,,,,,Fairy
|inactive|Battle timer is ON: inactive players will automatically lose when time's up. (requested by Pawah)
|
|t:|1756658942
|teamsize|p1|4
|teamsize|p2|4
|start
|switch|p1a: Gholdengo|Gholdengo, L50|100/100
|switch|p1b: Lilligant|Lilligant-Hisui, L50, F|100/100
|switch|p2a: Sinistcha|Sinistcha, L50|100/100
|switch|p2b: Dragonite|Dragonite, L50, F|100/100
|turn|1
|
|t:|1756658962
|move|p2a: Sinistcha|Rage Powder|p2a: Sinistcha
|-singleturn|p2a: Sinistcha|move: Rage Powder
|move|p1a: Gholdengo|Make It Rain|p2b: Dragonite|[spread] p2a,p2b
|-damage|p2a: Sinistcha|57/100
|-damage|p2b: Dragonite|70/100
|-unboost|p1a: Gholdengo|spa|1
|move|p1b: Lilligant|Triple Axel|p2a: Sinistcha
|-supereffective|p2a: Sinistcha
|-damage|p2a: Sinistcha|44/100
|-enditem|p2a: Sinistcha|Sitrus Berry|[eat]
|-heal|p2a: Sinistcha|69/100|[from] item: Sitrus Berry
|-supereffective|p2a: Sinistcha
|-damage|p2a: Sinistcha|49/100
|-supereffective|p2a: Sinistcha
|-damage|p2a: Sinistcha|17/100
|-hitcount|p2a: Sinistcha|3
|move|p2b: Dragonite|Tailwind|p2b: Dragonite
|-sidestart|p2: Pawah|move: Tailwind
|
|upkeep
|turn|2
|
|t:|1756658980
|switch|p2a: Gholdengo|Gholdengo, L50|100/100
|move|p2b: Dragonite|Protect|p2b: Dragonite
|-singleturn|p2b: Dragonite|Protect
|move|p1a: Gholdengo|Make It Rain|p2a: Gholdengo|[spread] p2a
|-activate|p2b: Dragonite|move: Protect
|-resisted|p2a: Gholdengo
|-damage|p2a: Gholdengo|81/100
|-unboost|p1a: Gholdengo|spa|1
|move|p1b: Lilligant|Triple Axel|p2b: Dragonite
|-activate|p2b: Dragonite|move: Protect
|
|upkeep
|turn|3
|inactive|Yoters has 30 seconds left.
|inactive|Pawah has 30 seconds left.
|inactive|Yoters has 20 seconds left.
|
|t:|1756659016
|switch|p2a: Pelipper|Pelipper, L50, F|100/100
|-weather|RainDance|[from] ability: Drizzle|[of] p2a: Pelipper
|switch|p1a: Torkoal|Torkoal, L50, M|100/100
|-weather|SunnyDay|[from] ability: Drought|[of] p1a: Torkoal
|move|p1b: Lilligant|Solar Blade||[still]
|-prepare|p1b: Lilligant|Solar Blade
|-anim|p1b: Lilligant|Solar Blade|p2b: Dragonite
|-resisted|p2b: Dragonite
|-damage|p2b: Dragonite|54/100
|move|p2b: Dragonite|Scale Shot|p1b: Lilligant
|-damage|p1b: Lilligant|77/100
|-damage|p1b: Lilligant|54/100
|-damage|p1b: Lilligant|31/100
|-damage|p1b: Lilligant|9/100
|-crit|p1b: Lilligant
|-damage|p1b: Lilligant|0 fnt
|faint|p1b: Lilligant
|-hitcount|p1: Lilligant|5
|-unboost|p2b: Dragonite|def|1
|-boost|p2b: Dragonite|spe|1
|
|-weather|SunnyDay|[upkeep]
|upkeep
|
|t:|1756659037
|switch|p1b: Gholdengo|Gholdengo, L50|100/100
|turn|4
|
|t:|1756659050
|move|p2b: Dragonite|Scale Shot|p1b: Gholdengo
|-resisted|p1b: Gholdengo
|-damage|p1b: Gholdengo|91/100
|-resisted|p1b: Gholdengo
|-damage|p1b: Gholdengo|84/100
|-resisted|p1b: Gholdengo
|-damage|p1b: Gholdengo|75/100
|-resisted|p1b: Gholdengo
|-damage|p1b: Gholdengo|67/100
|-hitcount|p1b: Gholdengo|4
|-unboost|p2b: Dragonite|def|1
|-boost|p2b: Dragonite|spe|1
|move|p2a: Pelipper|Weather Ball|p1b: Gholdengo
|-supereffective|p1b: Gholdengo
|-damage|p1b: Gholdengo|0 fnt
|faint|p1b: Gholdengo
|move|p1a: Torkoal|Overheat|p2a: Pelipper
|-resisted|p2a: Pelipper
|-damage|p2a: Pelipper|28/100
|-unboost|p1a: Torkoal|spa|2
|-enditem|p1a: Torkoal|Eject Pack
|
|t:|1756659066
|switch|p1a: Gliscor|Gliscor, L50, F|100/100
|
|-weather|SunnyDay|[upkeep]
|-sideend|p2: Pawah|move: Tailwind
|-status|p1a: Gliscor|tox|[from] item: Toxic Orb
|upkeep
|
|t:|1756659071
|switch|p1b: Torkoal|Torkoal, L50, M|100/100
|turn|5
|
|t:|1756659085
|switch|p2a: Sinistcha|Sinistcha, L50|17/100
|-heal|p2b: Dragonite|79/100|[from] ability: Hospitality|[of] p2a: Sinistcha
|move|p1b: Torkoal|Helping Hand|p1a: Gliscor
|-singleturn|p1a: Gliscor|Helping Hand|[of] p1b: Torkoal
|move|p2b: Dragonite|Protect|p2b: Dragonite
|-singleturn|p2b: Dragonite|Protect
|move|p1a: Gliscor|Knock Off|p2b: Dragonite
|-activate|p2b: Dragonite|move: Protect
|
|-weather|SunnyDay|[upkeep]
|upkeep
|turn|6
|inactive|Yoters has 30 seconds left.
|inactive|Pawah has 30 seconds left.
|
|t:|1756659118
|move|p2a: Sinistcha|Rage Powder|p2a: Sinistcha
|-singleturn|p2a: Sinistcha|move: Rage Powder
|move|p2b: Dragonite|Tailwind|p2b: Dragonite
|-sidestart|p2: Pawah|move: Tailwind
|move|p1a: Gliscor|Knock Off|p2a: Sinistcha
|-supereffective|p2a: Sinistcha
|-damage|p2a: Sinistcha|0 fnt
|faint|p2a: Sinistcha
|move|p1b: Torkoal|Overheat|p2b: Dragonite
|-resisted|p2b: Dragonite
|-damage|p2b: Dragonite|38/100
|-unboost|p1b: Torkoal|spa|2
|
|-weather|SunnyDay|[upkeep]
|upkeep
|
|t:|1756659124
|switch|p2a: Pelipper|Pelipper, L50, F|28/100
|-weather|RainDance|[from] ability: Drizzle|[of] p2a: Pelipper
|turn|7
|
|t:|1756659138
|-terastallize|p1a: Gliscor|Water
|move|p1b: Torkoal|Helping Hand|p1a: Gliscor
|-singleturn|p1a: Gliscor|Helping Hand|[of] p1b: Torkoal
|move|p2b: Dragonite|Scale Shot|p1b: Torkoal
|-damage|p1b: Torkoal|89/100
|-damage|p1b: Torkoal|78/100
|-damage|p1b: Torkoal|67/100
|-damage|p1b: Torkoal|55/100
|-damage|p1b: Torkoal|43/100
|-hitcount|p1b: Torkoal|5
|-unboost|p2b: Dragonite|def|1
|-boost|p2b: Dragonite|spe|1
|move|p2a: Pelipper|Weather Ball|p1a: Gliscor
|-resisted|p1a: Gliscor
|-damage|p1a: Gliscor|63/100 tox
|move|p1a: Gliscor|Knock Off|p2b: Dragonite
|-damage|p2b: Dragonite|0 fnt
|-enditem|p2b: Dragonite|Loaded Dice|[from] move: Knock Off|[of] p1a: Gliscor
|faint|p2b: Dragonite
|
|-weather|RainDance|[upkeep]
|-heal|p1a: Gliscor|75/100 tox|[from] ability: Poison Heal
|upkeep
|
|t:|1756659155
|switch|p2b: Gholdengo|Gholdengo, L50|81/100
|turn|8
|
|t:|1756659175
|-terastallize|p2b: Gholdengo|Water
|move|p1b: Torkoal|Helping Hand|p1a: Gliscor
|-singleturn|p1a: Gliscor|Helping Hand|[of] p1b: Torkoal
|move|p2b: Gholdengo|Nasty Plot|p2b: Gholdengo
|-boost|p2b: Gholdengo|spa|2
|move|p2a: Pelipper|Weather Ball|p1b: Torkoal
|-supereffective|p1b: Torkoal
|-damage|p1b: Torkoal|0 fnt
|faint|p1b: Torkoal
|move|p1a: Gliscor|High Horsepower|p2b: Gholdengo
|-damage|p2b: Gholdengo|24/100
|
|-weather|RainDance|[upkeep]
|-heal|p1a: Gliscor|87/100 tox|[from] ability: Poison Heal
|upkeep
|turn|9
|
|t:|1756659192
|move|p2b: Gholdengo|Shadow Ball|p1a: Gliscor
|-damage|p1a: Gliscor|0 fnt
|faint|p1a: Gliscor
|-damage|p2b: Gholdengo|14/100|[from] item: Life Orb
|
|win|Pawah
|raw|Yoters's rating: 1180 → 1151(-29 for losing)
|raw|Pawah's rating: 1131 → 1160(+29 for winning)
|l|☆Yoters
|player|p1|
|c|☆Pawah|gg
