|j|☆smearglehater21
|j|☆Il Mule
|html|smearglehater21Il Mule    
|uhtml|bestof|Game 1 of a best-of-3
|t:|1784819156
|gametype|doubles
|player|p1|smearglehater21|nate|1459
|player|p2|Il Mule|salvatore|1549
|gen|9
|tier|[Gen 9 Champions] VGC 2026 Reg M-B (Bo3)
|rated|
|rule|Species Clause: Limit one of each Pokémon
|rule|Item Clause: Limit 1 of each item
|clearpoke
|poke|p1|Kingambit, L50, F|
|poke|p1|Whimsicott, L50, F|
|poke|p1|Basculegion, L50, M|
|poke|p1|Garchomp, L50, F|
|poke|p1|Charizard, L50, F|
|poke|p1|Floette-Eternal, L50, F|
|poke|p2|Excadrill, L50, F|
|poke|p2|Tyranitar, L50, M|
|poke|p2|Sneasler, L50, M|
|poke|p2|Incineroar, L50, F|
|poke|p2|Froslass, L50, F|
|poke|p2|Sinistcha, L50|
|teampreview|4
|showteam|p1|Kingambit||ChopleBerry|Defiant|KowtowCleave,LowKick,SuckerPunch,IronHead|Adamant||F|||50|]Whimsicott||FocusSash|Prankster|Moonblast,Tailwind,Encore,Protect|Timid||F|||50|]Basculegion||MysticWater|Adaptability|WaveCrash,LastRespects,AquaJet,Protect|Adamant||M|||50|]Garchomp||LifeOrb|RoughSkin|DragonClaw,RockSlide,Earthquake,Protect|Jolly||F|||50|]Charizard||CharizarditeY|Blaze|WeatherBall,HeatWave,SolarBeam,Protect|Modest||F|||50|]Floette-Eternal||Floettite|FlowerVeil|Moonblast,DazzlingGleam,LightofRuin,Protect|Timid||F|||50|
|showteam|p2|Excadrill||FocusSash|SandRush|HighHorsepower,RockSlide,IronHead,Protect|Adamant||F|||50|]Tyranitar||Tyranitarite|SandStream|KnockOff,RockSlide,DragonDance,Protect|Adamant||M|||50|]Sneasler||WhiteHerb|Unburden|CloseCombat,DireClaw,Coaching,FakeOut|Jolly||M|||50|]Incineroar||SitrusBerry|Intimidate|FlareBlitz,HelpingHand,PartingShot,FakeOut|Impish||F|||50|]Froslass||Froslassite|CursedBody|Blizzard,ShadowBall,NastyPlot,Protect|Timid||F|||50|]Sinistcha||ColburBerry|Hospitality|ShadowBall,LeafStorm,RagePowder,Protect|Bold|||||50|
|inactive|Battle timer is ON: inactive players will automatically lose when time's up. (requested by smearglehater21)
|inactive|smearglehater21 has 60 seconds left.
|inactive|Il Mule has 60 seconds left.
|
|t:|1784819199
|teamsize|p1|4
|teamsize|p2|4
|start
|switch|p1a: Whimsicott|Whimsicott, L50, F|100/100
|switch|p1b: Charizard|Charizard, L50, F|100/100
|switch|p2a: Sidy|Incineroar, L50, F|100/100
|switch|p2b: Quando provo|Tyranitar, L50, M|100/100
|-weather|Sandstorm|[from] ability: Sand Stream|[of] p2b: Quando provo
|-ability|p2a: Sidy|Intimidate|boost
|-unboost|p1a: Whimsicott|atk|1
|-unboost|p1b: Charizard|atk|1
|turn|1
|j| estupinanthepuledr
|
|t:|1784819223
|switch|p1b: Garchomp|Garchomp, L50, F|100/100
|move|p1a: Whimsicott|Protect|p1a: Whimsicott
|-singleturn|p1a: Whimsicott|Protect
|move|p2a: Sidy|Fake Out|p1a: Whimsicott
|-activate|p1a: Whimsicott|move: Protect
|move|p2b: Quando provo|Dragon Dance|p2b: Quando provo
|-boost|p2b: Quando provo|atk|1
|-boost|p2b: Quando provo|spe|1
|
|-weather|Sandstorm|[upkeep]
|-damage|p1a: Whimsicott|94/100|[from] Sandstorm
|-damage|p2a: Sidy|94/100|[from] Sandstorm
|upkeep
|turn|2
|inactive|smearglehater21 has 30 seconds left.
|inactive|Il Mule has 30 seconds left.
|
|t:|1784819255
|detailschange|p2b: Quando provo|Tyranitar-Mega, L50, M
|-mega|p2b: Quando provo|Tyranitar|Tyranitarite
|move|p1a: Whimsicott|Tailwind|p1a: Whimsicott
|-sidestart|p1: smearglehater21|move: Tailwind
|move|p1b: Garchomp|Earthquake|p2a: Sidy|[spread] p1a,p2a,p2b
|-resisted|p1a: Whimsicott|1
|-crit|p1a: Whimsicott
|-supereffective|p2a: Sidy|1
|-supereffective|p2b: Quando provo|1
|-damage|p1a: Whimsicott|36/100
|-damage|p2a: Sidy|27/100
|-damage|p2b: Quando provo|31/100
|-enditem|p2a: Sidy|Sitrus Berry|[eat]
|-heal|p2a: Sidy|51/100|[from] item: Sitrus Berry
|-damage|p1b: Garchomp|90/100|[from] item: Life Orb
|move|p2b: Quando provo|Rock Slide|p1b: Garchomp|[spread] p1a,p1b
|-resisted|p1b: Garchomp|1
|-damage|p1a: Whimsicott|0 fnt
|-damage|p1b: Garchomp|66/100
|faint|p1a: Whimsicott
|move|p2a: Sidy|Parting Shot|p1b: Garchomp
|-unboost|p1b: Garchomp|atk|1
|-unboost|p1b: Garchomp|spa|1
|
|t:|1784819268
|switch|p2a: Las brulè|Sinistcha, L50|100/100|[from] Parting Shot
|-heal|p2b: Quando provo|55/100|[from] ability: Hospitality|[of] p2a: Las brulè
|
|-weather|Sandstorm|[upkeep]
|-damage|p2a: Las brulè|93/100|[from] Sandstorm
|upkeep
|
|t:|1784819278
|switch|p1a: Charizard|Charizard, L50, F|100/100
|turn|3
|
|t:|1784819294
|switch|p2a: Sidy|Incineroar, L50, F|51/100
|-ability|p2a: Sidy|Intimidate|boost
|-unboost|p1a: Charizard|atk|1
|-unboost|p1b: Garchomp|atk|1
|move|p2b: Quando provo|Protect|p2b: Quando provo
|-singleturn|p2b: Quando provo|Protect
|move|p1b: Garchomp|Earthquake|p2a: Sidy|[spread] p2a
|-activate|p2b: Quando provo|move: Protect
|-immune|p1a: Charizard
|-supereffective|p2a: Sidy|1
|-damage|p2a: Sidy|15/100
|-damage|p1b: Garchomp|56/100|[from] item: Life Orb
|move|p1a: Charizard|Heat Wave|p2b: Quando provo|[spread] p2a
|-activate|p2b: Quando provo|move: Protect
|-resisted|p2a: Sidy|1
|-damage|p2a: Sidy|1/100
|
|-weather|Sandstorm|[upkeep]
|-damage|p1a: Charizard|93/100|[from] Sandstorm
|-damage|p2a: Sidy|0 fnt|[from] Sandstorm
|faint|p2a: Sidy
|upkeep
|inactive|Il Mule has 30 seconds left.
|
|t:|1784819324
|switch|p2a: Las brulè|Sinistcha, L50|93/100
|-heal|p2b: Quando provo|80/100|[from] ability: Hospitality|[of] p2a: Las brulè
|turn|4
|
|t:|1784819336
|switch|p1b: Basculegion|Basculegion, L50, M|100/100
|detailschange|p1a: Charizard|Charizard-Mega-Y, L50, F
|-mega|p1a: Charizard|Charizard|Charizardite Y
|-weather|SunnyDay|[from] ability: Drought|[of] p1a: Charizard
|move|p2a: Las brulè|Rage Powder|p2a: Las brulè
|-singleturn|p2a: Las brulè|move: Rage Powder
|move|p1a: Charizard|Heat Wave|p2a: Las brulè|[spread] p2a,p2b
|-supereffective|p2a: Las brulè|1
|-resisted|p2b: Quando provo|1
|-damage|p2a: Las brulè|0 fnt
|-damage|p2b: Quando provo|58/100
|faint|p2a: Las brulè
|move|p2b: Quando provo|Rock Slide|p1b: Basculegion|[spread] p1a,p1b
|-supereffective|p1a: Charizard|2
|-damage|p1a: Charizard|0 fnt
|-damage|p1b: Basculegion|39/100
|faint|p1a: Charizard
|
|-weather|SunnyDay|[upkeep]
|upkeep
|
|t:|1784819351
|switch|p1a: Garchomp|Garchomp, L50, F|56/100
|switch|p2a: Sabotage|Sneasler, L50, M|100/100
|turn|5
|
|t:|1784819372
|move|p2a: Sabotage|Fake Out|p1a: Garchomp
|-damage|p1a: Garchomp|44/100
|-damage|p2a: Sabotage|87/100|[from] ability: Rough Skin|[of] p1a: Garchomp
|cant|p1a: Garchomp|flinch
|move|p1b: Basculegion|Last Respects|p2a: Sabotage
|-damage|p2a: Sabotage|0 fnt
|faint|p2a: Sabotage
|move|p2b: Quando provo|Knock Off|p1b: Basculegion
|-supereffective|p1b: Basculegion|1
|-damage|p1b: Basculegion|0 fnt
|-enditem|p1b: Basculegion|Mystic Water|[from] move: Knock Off|[of] p2b: Quando provo
|faint|p1b: Basculegion
|
|-weather|SunnyDay|[upkeep]
|-sideend|p1: smearglehater21|move: Tailwind
|upkeep
|turn|6
|
|t:|1784819380
|move|p2b: Quando provo|Knock Off|p1a: Garchomp
|-damage|p1a: Garchomp|0 fnt
|-damage|p2b: Quando provo|46/100|[from] ability: Rough Skin|[of] p1a: Garchomp
|-enditem|p1a: Garchomp|Life Orb|[from] move: Knock Off|[of] p2b: Quando provo
|faint|p1a: Garchomp
|
|win|Il Mule
