|j|☆fumomarlboro
|j|☆bigboyblue3451
|html|fumomarlborobigboyblue3451    
|uhtml|bestof|Game 1 of a best-of-3
|t:|1756770793
|gametype|doubles
|player|p1|fumomarlboro|1|1280
|player|p2|bigboyblue3451|101|1311
|gen|9
|tier|[Gen 9] VGC 2025 Reg H (Bo3)
|rated|
|rule|Species Clause: Limit one of each Pokémon
|rule|Item Clause: Limit 1 of each item
|clearpoke
|poke|p1|Rillaboom, L50, F|
|poke|p1|Basculegion, L50, M|
|poke|p1|Volcarona, L50, F|
|poke|p1|Tyranitar, L50, M|
|poke|p1|Dragonite, L50, F|
|poke|p1|Incineroar, L50, F|
|poke|p2|Archaludon, L50, F|
|poke|p2|Gholdengo, L50|
|poke|p2|Maushold, L50|
|poke|p2|Incineroar, L50, M|
|poke|p2|Pelipper, L50, M|
|poke|p2|Amoonguss, L50, F|
|teampreview|4
|showteam|p1|Rillaboom||MiracleSeed|GrassySurge|WoodHammer,GrassyGlide,HighHorsepower,FakeOut|||F|||50|,,,,,Fire]Basculegion||ChoiceScarf|Adaptability|WaveCrash,LastRespects,FlipTurn,TeraBlast|||M|||50|,,,,,Grass]Volcarona||Leftovers|FlameBody|HeatWave,TeraBlast,QuiverDance,Protect|||F|||50|,,,,,Fairy]Tyranitar||AssaultVest|SandStream|RockSlide,KnockOff,TeraBlast,LowKick|||M|||50|,,,,,Flying]Dragonite||LoadedDice|Multiscale|ExtremeSpeed,ScaleShot,Protect,Haze|||F|||50|,,,,,Fairy]Incineroar||SafetyGoggles|Intimidate|FakeOut,FlareBlitz,KnockOff,PartingShot|||F|||50|,,,,,Ghost
|showteam|p2|Archaludon||AssaultVest|Stamina|ElectroShot,Snarl,DracoMeteor,BodyPress|||F|||50|,,,,,Bug]Gholdengo||LifeOrb|GoodasGold|MakeItRain,ShadowBall,NastyPlot,Protect||||||50|,,,,,Water]Maushold||WideLens|Technician|PopulationBomb,Taunt,FollowMe,Protect||||||50|,,,,,Ghost]Incineroar||SafetyGoggles|Intimidate|FakeOut,KnockOff,FlareBlitz,PartingShot|||M|||50|,,,,,Ghost]Pelipper||FocusSash|Drizzle|MuddyWater,Hurricane,Tailwind,Protect|||M|||50|,,,,,Stellar]Amoonguss||CovertCloak|Regenerator|Spore,PollenPuff,RagePowder,ClearSmog|||F|||50|,,,,,Psychic
|inactive|Battle timer is ON: inactive players will automatically lose when time's up. (requested by fumomarlboro)
|inactive|bigboyblue3451 has 60 seconds left.
|
|t:|1756770837
|teamsize|p1|4
|teamsize|p2|4
|start
|switch|p1a: Basculegion|Basculegion, L50, M|100/100
|switch|p1b: Volcarona|Volcarona, L50, F|100/100
|switch|p2a: Incineroar|Incineroar, L50, M|100/100
|switch|p2b: Gholdengo|Gholdengo, L50|100/100
|-ability|p2a: Incineroar|Intimidate|boost
|-unboost|p1a: Basculegion|atk|1
|-unboost|p1b: Volcarona|atk|1
|turn|1
|inactive|fumomarlboro has 30 seconds left.
|inactive|bigboyblue3451 has 30 seconds left.
|inactive|fumomarlboro has 20 seconds left.
|inactive|bigboyblue3451 has 20 seconds left.
|inactive|bigboyblue3451 has 15 seconds left.
|
|t:|1756770879
|switch|p2a: Archaludon|Archaludon, L50, F|100/100
|move|p1a: Basculegion|Wave Crash|p2b: Gholdengo
|-damage|p2b: Gholdengo|49/100
|-damage|p1a: Basculegion|86/100|[from] Recoil
|move|p1b: Volcarona|Quiver Dance|p1b: Volcarona
|-boost|p1b: Volcarona|spa|1
|-boost|p1b: Volcarona|spd|1
|-boost|p1b: Volcarona|spe|1
|move|p2b: Gholdengo|Shadow Ball|p1b: Volcarona
|-damage|p1b: Volcarona|63/100
|-damage|p2b: Gholdengo|40/100|[from] item: Life Orb
|
|-heal|p1b: Volcarona|69/100|[from] item: Leftovers
|upkeep
|turn|2
|
|t:|1756770900
|switch|p1a: Dragonite|Dragonite, L50, F|100/100
|switch|p2b: Incineroar|Incineroar, L50, M|100/100
|-ability|p2b: Incineroar|Intimidate|boost
|-unboost|p1a: Dragonite|atk|1
|-unboost|p1b: Volcarona|atk|1
|move|p1b: Volcarona|Quiver Dance|p1b: Volcarona
|-boost|p1b: Volcarona|spa|1
|-boost|p1b: Volcarona|spd|1
|-boost|p1b: Volcarona|spe|1
|move|p2a: Archaludon|Snarl|p1b: Volcarona|[spread] p1b
|-miss|p2a: Archaludon|p1a: Dragonite
|-damage|p1b: Volcarona|63/100
|-unboost|p1b: Volcarona|spa|1
|
|-heal|p1b: Volcarona|69/100|[from] item: Leftovers
|upkeep
|turn|3
|
|t:|1756770922
|switch|p1a: Basculegion|Basculegion, L50, M|86/100
|move|p1b: Volcarona|Protect|p1b: Volcarona
|-singleturn|p1b: Volcarona|Protect
|move|p2b: Incineroar|Fake Out|p1b: Volcarona
|-activate|p1b: Volcarona|move: Protect
|move|p2a: Archaludon|Snarl|p1a: Basculegion|[spread] p1a
|-activate|p1b: Volcarona|move: Protect
|-supereffective|p1a: Basculegion
|-damage|p1a: Basculegion|55/100
|-unboost|p1a: Basculegion|spa|1
|
|-heal|p1b: Volcarona|75/100|[from] item: Leftovers
|upkeep
|turn|4
|inactive|bigboyblue3451 has 30 seconds left.
|
|t:|1756770947
|move|p1b: Volcarona|Quiver Dance|p1b: Volcarona
|-boost|p1b: Volcarona|spa|1
|-boost|p1b: Volcarona|spd|1
|-boost|p1b: Volcarona|spe|1
|move|p1a: Basculegion|Flip Turn|p2b: Incineroar
|-supereffective|p2b: Incineroar
|-crit|p2b: Incineroar
|-damage|p2b: Incineroar|3/100
|
|t:|1756770954
|switch|p1a: Tyranitar|Tyranitar, L50, M|100/100|[from] Flip Turn
|-weather|Sandstorm|[from] ability: Sand Stream|[of] p1a: Tyranitar
|move|p2a: Archaludon|Electro Shot||[still]
|-prepare|p2a: Archaludon|Electro Shot
|-boost|p2a: Archaludon|spa|1
|move|p2b: Incineroar|Flare Blitz|p1b: Volcarona
|-damage|p1b: Volcarona|11/100
|-damage|p2b: Incineroar|0 fnt|[from] Recoil
|faint|p2b: Incineroar
|
|-weather|Sandstorm|[upkeep]
|-damage|p1b: Volcarona|4/100|[from] Sandstorm
|-heal|p1b: Volcarona|11/100|[from] item: Leftovers
|upkeep
|
|t:|1756770968
|switch|p2b: Pelipper|Pelipper, L50, M|100/100
|-weather|RainDance|[from] ability: Drizzle|[of] p2b: Pelipper
|turn|5
|
|t:|1756770985
|switch|p1a: Dragonite|Dragonite, L50, F|100/100
|move|p1b: Volcarona|Heat Wave|p2b: Pelipper|[spread] p2a,p2b
|-resisted|p2b: Pelipper
|-damage|p2a: Archaludon|77/100
|-damage|p2b: Pelipper|69/100
|-ability|p2a: Archaludon|Stamina|boost
|-boost|p2a: Archaludon|def|1
|move|p2b: Pelipper|Muddy Water|p1b: Volcarona|[spread] p1a
|-miss|p2b: Pelipper|p1b: Volcarona
|-resisted|p1a: Dragonite
|-damage|p1a: Dragonite|90/100
|move|p2a: Archaludon|Electro Shot|p1a: Dragonite|[from] lockedmove
|-damage|p1a: Dragonite|27/100
|
|-weather|RainDance|[upkeep]
|-heal|p1b: Volcarona|17/100|[from] item: Leftovers
|upkeep
|turn|6
|inactive|bigboyblue3451 has 30 seconds left.
|inactive|bigboyblue3451 has 20 seconds left.
|
|t:|1756771021
|-terastallize|p1b: Volcarona|Fairy
|move|p2b: Pelipper|Protect|p2b: Pelipper
|-singleturn|p2b: Pelipper|Protect
|move|p1b: Volcarona|Tera Blast|p2a: Archaludon|[anim] Tera Blast Fairy
|-damage|p2a: Archaludon|21/100
|-ability|p2a: Archaludon|Stamina|boost
|-boost|p2a: Archaludon|def|1
|move|p1a: Dragonite|Scale Shot|p2b: Pelipper
|-activate|p2b: Pelipper|move: Protect
|move|p2a: Archaludon|Body Press|p1b: Volcarona
|-resisted|p1b: Volcarona
|-damage|p1b: Volcarona|0 fnt
|-status|p2a: Archaludon|brn|[from] ability: Flame Body|[of] p1b: Volcarona
|faint|p1b: Volcarona
|
|-weather|RainDance|[upkeep]
|-damage|p2a: Archaludon|15/100 brn|[from] brn
|upkeep
|
|t:|1756771039
|switch|p1b: Basculegion|Basculegion, L50, M|55/100
|turn|7
|inactive|bigboyblue3451 has 30 seconds left.
|
|t:|1756771071
|move|p1b: Basculegion|Wave Crash|p2a: Archaludon
|-resisted|p2a: Archaludon
|-damage|p2a: Archaludon|0 fnt
|faint|p2a: Archaludon
|-damage|p1b: Basculegion|50/100|[from] Recoil
|move|p1a: Dragonite|Scale Shot|p2b: Pelipper
|-damage|p2b: Pelipper|48/100
|-damage|p2b: Pelipper|27/100
|-damage|p2b: Pelipper|9/100
|-damage|p2b: Pelipper|0 fnt
|faint|p2b: Pelipper
|-hitcount|p2: Pelipper|4
|-unboost|p1a: Dragonite|def|1
|-boost|p1a: Dragonite|spe|1
|
|-weather|RainDance|[upkeep]
|upkeep
|
|t:|1756771076
|switch|p2b: Gholdengo|Gholdengo, L50|40/100
|turn|8
|
|t:|1756771090
|-terastallize|p2b: Gholdengo|Water
|move|p1b: Basculegion|Wave Crash|p2b: Gholdengo
|-resisted|p2b: Gholdengo
|-damage|p2b: Gholdengo|0 fnt
|faint|p2b: Gholdengo
|-damage|p1b: Basculegion|39/100|[from] Recoil
|
|win|fumomarlboro
||fumomarlboro is ready for game 2.
|inactive|bigboyblue3451 has 30 seconds to confirm battle start!
||bigboyblue3451 is ready for game 2.
|uhtml|next|Next: Game 2 of 3
|l|☆fumomarlboro
|player|p1|
