|j|☆Jun RH
|j|☆C.blaze
|html|Jun RHC.blaze    
|uhtml|bestof|Game 2 of a best-of-3
|t:|1756991369
|gametype|doubles
|player|p1|Jun RH|burglar|1106
|player|p2|C.blaze|2|1125
|gen|9
|tier|[Gen 9] VGC 2025 Reg H (Bo3)
|rated|
|rule|Species Clause: Limit one of each Pokémon
|rule|Item Clause: Limit 1 of each item
|clearpoke
|poke|p1|Gholdengo, L50|
|poke|p1|Incineroar, L50, F|
|poke|p1|Amoonguss, L50, M|
|poke|p1|Dragonite, L50, F|
|poke|p1|Garchomp, L50, F|
|poke|p1|Primarina, L50, F|
|poke|p2|Sneasler, L50, F|
|poke|p2|Gholdengo, L50|
|poke|p2|Dragonite, L50, M|
|poke|p2|Volcarona, L50, F|
|poke|p2|Porygon2, L50|
|poke|p2|Ursaluna, L50, M|
|teampreview|4
|showteam|p1|Gholdengo||LifeOrb|GoodasGold|MakeItRain,ShadowBall,NastyPlot,Protect||||||50|,,,,,Water]Incineroar||SafetyGoggles|Intimidate|KnockOff,FlareBlitz,FakeOut,PartingShot|||F|||50|,,,,,Ghost]Amoonguss||CovertCloak|Regenerator|RagePowder,PollenPuff,Protect,Spore|||M|||50|,,,,,Dark]Dragonite||LoadedDice|Multiscale|ScaleShot,Tailwind,Protect,Haze|||F|||50|,,,,,Fairy]Garchomp||ClearAmulet|RoughSkin|DragonClaw,Earthquake,StompingTantrum,Protect|||F|||50|,,,,,Fire]Primarina||AssaultVest|LiquidVoice|HyperVoice,Moonblast,IcyWind,DazzlingGleam|||F|||50|,,,,,Grass
|showteam|p2|Sneasler||FocusSash|Unburden|DireClaw,CloseCombat,Protect,FakeOut|||F|||50|,,,,,Fighting]Gholdengo||LifeOrb|GoodasGold|MakeItRain,ShadowBall,Protect,NastyPlot||||||50|,,,,,Water]Dragonite||LoadedDice|InnerFocus|ScaleShot,Haze,Protect,Tailwind|||M|||50|,,,,,Steel]Volcarona||CovertCloak|FlameBody|HeatWave,StruggleBug,GigaDrain,QuiverDance|||F|||50|,,,,,Grass]Porygon2||Eviolite|Download|TeraBlast,IceBeam,Recover,TrickRoom||||||50|,,,,,Fighting]Ursaluna||FlameOrb|Guts|Facade,HeadlongRush,Protect,Earthquake|||M|||50|,,,,,Ground
|
|t:|1756991406
|teamsize|p1|4
|teamsize|p2|4
|start
|switch|p1a: Gholdengo|Gholdengo, L50|100/100
|switch|p1b: Incineroar|Incineroar, L50, F|100/100
|switch|p2a: Sneasler|Sneasler, L50, F|100/100
|switch|p2b: Volcarona|Volcarona, L50, F|100/100
|-ability|p1b: Incineroar|Intimidate|boost
|-unboost|p2a: Sneasler|atk|1
|-unboost|p2b: Volcarona|atk|1
|turn|1
|inactive|Battle timer is ON: inactive players will automatically lose when time's up. (requested by Jun RH)
|inactive|C.blaze has 60 seconds left.
|
|t:|1756991520
|move|p1a: Gholdengo|Protect|p1a: Gholdengo
|-singleturn|p1a: Gholdengo|Protect
|move|p2a: Sneasler|Fake Out|p1b: Incineroar
|-damage|p1b: Incineroar|91/100
|cant|p1b: Incineroar|flinch
|move|p2b: Volcarona|Quiver Dance|p2b: Volcarona
|-boost|p2b: Volcarona|spa|1
|-boost|p2b: Volcarona|spd|1
|-boost|p2b: Volcarona|spe|1
|
|upkeep
|turn|2
|inactive|Jun RH has 30 seconds left.
|inactive|Jun RH has 20 seconds left.
|inactive|Jun RH has 15 seconds left.
|inactive|Jun RH has 10 seconds left.
|
|t:|1756991566
|-terastallize|p1a: Gholdengo|Water
|move|p2b: Volcarona|Heat Wave|p1a: Gholdengo|[spread] p1a,p1b
|-resisted|p1a: Gholdengo
|-resisted|p1b: Incineroar
|-damage|p1a: Gholdengo|67/100
|-damage|p1b: Incineroar|62/100
|move|p2a: Sneasler|Close Combat|p1b: Incineroar
|-supereffective|p1b: Incineroar
|-damage|p1b: Incineroar|0 fnt
|-unboost|p2a: Sneasler|def|1
|-unboost|p2a: Sneasler|spd|1
|faint|p1b: Incineroar
|move|p1a: Gholdengo|Shadow Ball|p2a: Sneasler
|-enditem|p2a: Sneasler|Focus Sash
|-damage|p2a: Sneasler|1/100
|-damage|p1a: Gholdengo|57/100|[from] item: Life Orb
|
|upkeep
|
|t:|1756991584
|switch|p1b: Primarina|Primarina, L50, F|100/100
|turn|3
|inactive|C.blaze has 30 seconds left.
|
|t:|1756991616
|-terastallize|p2b: Volcarona|Grass
|move|p1a: Gholdengo|Protect|p1a: Gholdengo
|-singleturn|p1a: Gholdengo|Protect
|move|p2a: Sneasler|Dire Claw|p1b: Primarina
|-supereffective|p1b: Primarina
|-damage|p1b: Primarina|28/100
|move|p2b: Volcarona|Giga Drain|p1a: Gholdengo
|-activate|p1a: Gholdengo|move: Protect
|move|p1b: Primarina|Dazzling Gleam|p2a: Sneasler|[spread] p2a,p2b
|-damage|p2a: Sneasler|0 fnt
|-damage|p2b: Volcarona|76/100
|faint|p2a: Sneasler
|
|upkeep
|
|t:|1756991636
|switch|p2a: Porygon2|Porygon2, L50|100/100
|-ability|p2a: Porygon2|Download|boost
|-boost|p2a: Porygon2|atk|1
|turn|4
|
|t:|1756991651
|switch|p1a: Amoonguss|Amoonguss, L50, M|100/100
|move|p2b: Volcarona|Giga Drain|p1a: Amoonguss
|-resisted|p1a: Amoonguss
|-damage|p1a: Amoonguss|87/100
|-heal|p2b: Volcarona|86/100|[from] drain|[of] p1a: Amoonguss
|move|p1b: Primarina|Icy Wind|p2b: Volcarona|[spread] p2a,p2b
|-supereffective|p2b: Volcarona
|-damage|p2a: Porygon2|90/100
|-damage|p2b: Volcarona|66/100
|-unboost|p2a: Porygon2|spe|1
|move|p2a: Porygon2|Ice Beam|p1a: Amoonguss
|-supereffective|p1a: Amoonguss
|-damage|p1a: Amoonguss|34/100
|
|upkeep
|turn|5
|inactive|Jun RH has 30 seconds left.
|
|t:|1756991682
|move|p2b: Volcarona|Heat Wave|p1b: Primarina|[spread] p1a
|-miss|p2b: Volcarona|p1b: Primarina
|-supereffective|p1a: Amoonguss
|-damage|p1a: Amoonguss|0 fnt
|faint|p1a: Amoonguss
|move|p1b: Primarina|Dazzling Gleam|p2b: Volcarona|[spread] p2a,p2b
|-damage|p2a: Porygon2|70/100
|-damage|p2b: Volcarona|45/100
|move|p2a: Porygon2|Tera Blast|p1b: Primarina
|-damage|p1b: Primarina|4/100
|
|upkeep
|
|t:|1756991686
|switch|p1a: Gholdengo|Gholdengo, L50, tera:Water|57/100
|turn|6
|
|t:|1756991694
|move|p2b: Volcarona|Giga Drain|p1a: Gholdengo
|-supereffective|p1a: Gholdengo
|-damage|p1a: Gholdengo|0 fnt
|-heal|p2b: Volcarona|76/100|[from] drain|[of] p1a: Gholdengo
|faint|p1a: Gholdengo
|move|p1b: Primarina|Dazzling Gleam|p2a: Porygon2|[spread] p2a,p2b
|-damage|p2a: Porygon2|49/100
|-damage|p2b: Volcarona|52/100
|move|p2a: Porygon2|Tera Blast|p1b: Primarina
|-damage|p1b: Primarina|0 fnt
|faint|p1b: Primarina
|
|win|C.blaze
