|j|☆TobiYume
|j|☆ultraclaw1
|html|TobiYumeultraclaw1    
|uhtml|bestof|Game 2 of a best-of-3
|t:|1785672796
|gametype|doubles
|player|p1|TobiYume|cheren-gen5bw2|1293
|player|p2|ultraclaw1|brycenman|1397
|gen|9
|tier|[Gen 9 Champions] VGC 2026 Reg M-B (Bo3)
|rated|
|rule|Species Clause: Limit one of each Pokémon
|rule|Item Clause: Limit 1 of each item
|clearpoke
|poke|p1|Gyarados, L50, M|
|poke|p1|Raichu, L50, F|
|poke|p1|Garchomp, L50, M|
|poke|p1|Gholdengo, L50|
|poke|p1|Sinistcha, L50|
|poke|p1|Kingambit, L50, F|
|poke|p2|Maushold, L50|
|poke|p2|Kingambit, L50, M|
|poke|p2|Garchomp, L50, F|
|poke|p2|Basculegion, L50, M|
|poke|p2|Talonflame, L50, M|
|poke|p2|Floette-Eternal, L50, F|
|teampreview|4
|showteam|p1|Gyarados||Gyaradosite|Intimidate|Waterfall,Crunch,DragonDance,Protect|Adamant||M|||50|]Raichu||RaichuniteY|LightningRod|FakeOut,ZapCannon,FocusBlast,Protect|Timid||F|||50|]Garchomp||LifeOrb|RoughSkin|DragonClaw,Earthquake,RockSlide,Protect|Jolly||M|||50|]Gholdengo||Leftovers|GoodasGold|MakeItRain,ShadowBall,NastyPlot,Protect|Timid|||||50|]Sinistcha||ColburBerry|Hospitality|MatchaGotcha,RagePowder,TrickRoom,Protect|Calm|||||50|]Kingambit||BlackGlasses|Defiant|KowtowCleave,SuckerPunch,LowKick,Protect|Adamant||F|||50|
|showteam|p2|Maushold||FocusSash|FriendGuard|SuperFang,Taunt,FollowMe,Protect|Timid|||||50|]Kingambit||ChopleBerry|Defiant|KowtowCleave,SuckerPunch,LowKick,IronHead|Adamant||M|||50|]Garchomp||LifeOrb|RoughSkin|RockSlide,Earthquake,DragonClaw,Protect|Jolly||F|||50|]Basculegion||MysticWater|Adaptability|WaveCrash,LastRespects,AquaJet,Protect|Adamant||M|||50|]Talonflame||SharpBeak|GaleWings|QuickGuard,DualWingbeat,Tailwind,Protect|Jolly||M|||50|]Floette-Eternal||Floettite|FlowerVeil|LightofRuin,Protect,Moonblast,DazzlingGleam|Modest||F|||50|
|inactive|Battle timer is ON: inactive players will automatically lose when time's up. (requested by ultraclaw1)
|inactive|TobiYume has 60 seconds left.
|inactive|TobiYume has 30 seconds left.
|inactive|TobiYume has 20 seconds left.
|
|t:|1785672867
|teamsize|p1|4
|teamsize|p2|4
|start
|switch|p1a: Raichu|Raichu, L50, F|100/100
|switch|p1b: Gholdengo|Gholdengo, L50|100/100
|switch|p2a: Garchomp|Garchomp, L50, F|100/100
|switch|p2b: Talonflame|Talonflame, L50, M|100/100
|turn|1
|inactive|TobiYume has 30 seconds left.
|
|t:|1785672900
|switch|p1a: Gyarados|Gyarados, L50, M|100/100
|-ability|p1a: Gyarados|Intimidate|boost
|-unboost|p2a: Garchomp|atk|1
|-unboost|p2b: Talonflame|atk|1
|move|p2b: Talonflame|Tailwind|p2b: Talonflame
|-sidestart|p2: ultraclaw1|move: Tailwind
|move|p2a: Garchomp|Earthquake|p1b: Gholdengo|[spread] p1b
|-immune|p2b: Talonflame
|-immune|p1a: Gyarados
|-supereffective|p1b: Gholdengo|1
|-damage|p1b: Gholdengo|31/100
|-damage|p2a: Garchomp|90/100|[from] item: Life Orb
|move|p1b: Gholdengo|Nasty Plot|p1b: Gholdengo
|-boost|p1b: Gholdengo|spa|2
|
|-heal|p1b: Gholdengo|37/100|[from] item: Leftovers
|upkeep
|turn|2
|
|t:|1785672920
|switch|p1a: Sinistcha|Sinistcha, L50|100/100
|-heal|p1b: Gholdengo|62/100|[from] ability: Hospitality|[of] p1a: Sinistcha
|move|p1b: Gholdengo|Protect|p1b: Gholdengo
|-singleturn|p1b: Gholdengo|Protect
|move|p2b: Talonflame|Dual Wingbeat|p1a: Sinistcha
|-supereffective|p1a: Sinistcha|1
|-damage|p1a: Sinistcha|79/100
|-supereffective|p1a: Sinistcha|1
|-damage|p1a: Sinistcha|56/100
|-hitcount|p1a: Sinistcha|2
|move|p2a: Garchomp|Earthquake|p1b: Gholdengo|[spread] p1a
|-activate|p1b: Gholdengo|move: Protect
|-immune|p2b: Talonflame
|-resisted|p1a: Sinistcha|1
|-damage|p1a: Sinistcha|42/100
|-damage|p2a: Garchomp|80/100|[from] item: Life Orb
|
|-heal|p1b: Gholdengo|68/100|[from] item: Leftovers
|upkeep
|turn|3
|
|t:|1785672943
|switch|p1a: Gyarados|Gyarados, L50, M|100/100
|-ability|p1a: Gyarados|Intimidate|boost
|-unboost|p2a: Garchomp|atk|1
|-unboost|p2b: Talonflame|atk|1
|move|p2b: Talonflame|Dual Wingbeat|p1a: Gyarados
|-damage|p1a: Gyarados|89/100
|-damage|p1a: Gyarados|79/100
|-hitcount|p1a: Gyarados|2
|move|p2a: Garchomp|Earthquake|p1b: Gholdengo|[spread] p1b
|-immune|p2b: Talonflame
|-immune|p1a: Gyarados
|-supereffective|p1b: Gholdengo|1
|-damage|p1b: Gholdengo|20/100y
|-damage|p2a: Garchomp|70/100|[from] item: Life Orb
|move|p1b: Gholdengo|Shadow Ball|p2b: Talonflame
|-damage|p2b: Talonflame|0 fnt
|faint|p2b: Talonflame
|
|-heal|p1b: Gholdengo|26/100|[from] item: Leftovers
|upkeep
|
|t:|1785672960
|switch|p2b: Basculegion|Basculegion, L50, M|100/100
|turn|4
|
|t:|1785672965
|switch|p1a: Sinistcha|Sinistcha, L50|42/100
|-heal|p1b: Gholdengo|51/100|[from] ability: Hospitality|[of] p1a: Sinistcha
|move|p1b: Gholdengo|Protect|p1b: Gholdengo
|-singleturn|p1b: Gholdengo|Protect
|move|p2a: Garchomp|Earthquake|p1a: Sinistcha|[spread] p2b,p1a
|-activate|p1b: Gholdengo|move: Protect
|-resisted|p1a: Sinistcha|1
|-damage|p2b: Basculegion|73/100
|-damage|p1a: Sinistcha|32/100
|-damage|p2a: Garchomp|61/100|[from] item: Life Orb
|move|p2b: Basculegion|Last Respects|p1a: Sinistcha
|-supereffective|p1a: Sinistcha|1
|-damage|p1a: Sinistcha|0 fnt
|faint|p1a: Sinistcha
|
|-heal|p1b: Gholdengo|57/100|[from] item: Leftovers
|-sideend|p2: ultraclaw1|move: Tailwind
|upkeep
|
|t:|1785672977
|switch|p1a: Gyarados|Gyarados, L50, M|79/100
|-ability|p1a: Gyarados|Intimidate|boost
|-unboost|p2a: Garchomp|atk|1
|-unboost|p2b: Basculegion|atk|1
|turn|5
|
|t:|1785672986
|switch|p2a: Floette|Floette-Eternal, L50, F|100/100
|move|p1b: Gholdengo|Shadow Ball|p2b: Basculegion
|-supereffective|p2b: Basculegion|1
|-damage|p2b: Basculegion|0 fnt
|faint|p2b: Basculegion
|move|p1a: Gyarados|Dragon Dance|p1a: Gyarados
|-boost|p1a: Gyarados|atk|1
|-boost|p1a: Gyarados|spe|1
|
|-heal|p1b: Gholdengo|63/100|[from] item: Leftovers
|upkeep
|
|t:|1785673003
|switch|p2b: Garchomp|Garchomp, L50, F|61/100
|turn|6
|
|t:|1785673022
|detailschange|p1a: Gyarados|Gyarados-Mega, L50, M
|-mega|p1a: Gyarados|Gyarados|Gyaradosite
|-ability|p1a: Gyarados|Mold Breaker
|detailschange|p2a: Floette|Floette-Mega, L50, F
|-mega|p2a: Floette|Floette|Floettite
|-ability|p2a: Floette|Fairy Aura
|move|p1a: Gyarados|Waterfall|p2b: Garchomp
|-damage|p2b: Garchomp|0 fnt
|-damage|p1a: Gyarados|67/100|[from] ability: Rough Skin|[of] p2b: Garchomp
|faint|p2b: Garchomp
|move|p2a: Floette|Light of Ruin|p1a: Gyarados
|-supereffective|p1a: Gyarados|1
|-damage|p1a: Gyarados|0 fnt
|faint|p1a: Gyarados
|-damage|p2a: Floette|57/100|[from] Recoil
|move|p1b: Gholdengo|Make It Rain|p2a: Floette
|-supereffective|p2a: Floette|1
|-damage|p2a: Floette|0 fnt
|-unboost|p1b: Gholdengo|spa|2
|faint|p2a: Floette
|
|win|TobiYume
||ultraclaw1 is ready for game 3.
|l|☆ultraclaw1
|player|p2|
|inactive|TobiYume has 30 seconds to confirm battle start!
||TobiYume is ready for game 3.
|uhtml|next|Next: Game 3 of 3
