|j|☆TheGayOne420
|j|☆tamagotchai-04
|html|TheGayOne420tamagotchai-04    
|uhtml|bestof|Game 1 of a best-of-3
|t:|1785963932
|gametype|doubles
|player|p1|TheGayOne420|170|1100
|player|p2|tamagotchai-04|101|1156
|gen|9
|tier|[Gen 9 Champions] VGC 2026 Reg M-B (Bo3)
|rated|
|rule|Species Clause: Limit one of each Pokémon
|rule|Item Clause: Limit 1 of each item
|clearpoke
|poke|p1|Eelektross, L50, F|
|poke|p1|Sinistcha, L50|
|poke|p1|Staraptor, L50, M|
|poke|p1|Talonflame, L50, F|
|poke|p1|Incineroar, L50, M|
|poke|p1|Garchomp, L50, M|
|poke|p2|Garchomp, L50, M|
|poke|p2|Venusaur, L50, F|
|poke|p2|Incineroar, L50, M|
|poke|p2|Charizard, L50, M|
|poke|p2|Toxapex, L50, M|
|poke|p2|Annihilape, L50, F|
|teampreview|4
|showteam|p1|Eelektross||LifeOrb|Levitate|Thunderbolt,Flamethrower,Protect,GigaDrain|Modest||F|||50|]Sinistcha||OccaBerry|Hospitality|ShadowBall,MatchaGotcha,LifeDew,RagePowder|Modest|||||50|]Staraptor||Staraptite|Intimidate|CloseCombat,Roost,Protect,BraveBird|Jolly||M|||50|]Talonflame||FocusSash|GaleWings|DualWingbeat,FeatherDance,Protect,Tailwind|Adamant||F|||50|]Incineroar||SitrusBerry|Intimidate|FakeOut,FlareBlitz,PartingShot,DarkestLariat|Adamant||M|||50|]Garchomp||WideLens|SandVeil|RockSlide,DragonRush,Protect,Earthquake|Jolly||M|||50|
|showteam|p2|Garchomp||ChoiceScarf|RoughSkin|Earthquake,RockSlide,DragonClaw,StompingTantrum|Adamant||M|||50|]Venusaur||LifeOrb|Chlorophyll|SludgeBomb,SolarBeam,EarthPower,Protect|Modest||F|||50|]Incineroar||SitrusBerry|Intimidate|FakeOut,FlareBlitz,ThroatChop,PartingShot|Impish||M|||50|]Charizard||CharizarditeY|Blaze|HeatWave,WeatherBall,Protect,HelpingHand|Modest||M|||50|]Toxapex||Leftovers|Regenerator|Infestation,Toxic,WideGuard,BanefulBunker|Impish||M|||50|]Annihilape||FocusSash|Defiant|CloseCombat,PhantomForce,RockTomb,Protect|Jolly||F|||50|
|inactive|Battle timer is ON: inactive players will automatically lose when time's up. (requested by tamagotchai-04)
|inactive|TheGayOne420 has 60 seconds left.
|inactive|TheGayOne420 has 30 seconds left.
|inactive|TheGayOne420 has 20 seconds left.
|inactive|TheGayOne420 has 15 seconds left.
|
|t:|1785964011
|teamsize|p1|4
|teamsize|p2|4
|start
|switch|p1a: Staraptor|Staraptor, L50, M|100/100
|switch|p1b: Talonflame|Talonflame, L50, F|100/100
|switch|p2a: Charizard|Charizard, L50, M|100/100
|switch|p2b: Annihilape|Annihilape, L50, F|100/100
|-ability|p1a: Staraptor|Intimidate|boost
|-unboost|p2a: Charizard|atk|1
|-unboost|p2b: Annihilape|atk|1
|-ability|p2b: Annihilape|Defiant|boost
|-boost|p2b: Annihilape|atk|2
|turn|1
|inactive|TheGayOne420 has 30 seconds left.
|
|t:|1785964037
|detailschange|p2a: Charizard|Charizard-Mega-Y, L50, M
|-mega|p2a: Charizard|Charizard|Charizardite Y
|-weather|SunnyDay|[from] ability: Drought|[of] p2a: Charizard
|move|p1b: Talonflame|Tailwind|p1b: Talonflame
|-sidestart|p1: TheGayOne420|move: Tailwind
|move|p1a: Staraptor|Brave Bird|p2b: Annihilape
|-supereffective|p2b: Annihilape|1
|-enditem|p2b: Annihilape|Focus Sash
|-damage|p2b: Annihilape|1/100
|-damage|p1a: Staraptor|62/100|[from] Recoil
|move|p2b: Annihilape|Phantom Force||[still]
|-prepare|p2b: Annihilape|Phantom Force
|move|p2a: Charizard|Weather Ball|p1a: Staraptor
|-damage|p1a: Staraptor|0 fnt
|faint|p1a: Staraptor
|
|-weather|SunnyDay|[upkeep]
|upkeep
|
|t:|1785964054
|switch|p1a: Garchomp|Garchomp, L50, M|100/100
|turn|2
|
|t:|1785964070
|move|p2a: Charizard|Helping Hand|p2b: Annihilape
|-singleturn|p2b: Annihilape|Helping Hand|[of] p2a: Charizard
|move|p1b: Talonflame|Dual Wingbeat|p2b: Annihilape|[miss]
|-miss|p1b: Talonflame|p2b: Annihilape
|move|p1a: Garchomp|Rock Slide|p2b: Annihilape|[spread] p2a
|-miss|p1a: Garchomp|p2b: Annihilape
|-supereffective|p2a: Charizard|2
|-damage|p2a: Charizard|20/100y
|move|p2b: Annihilape|Phantom Force|p1a: Garchomp|[from] lockedmove
|-damage|p1a: Garchomp|5/100
|
|-weather|SunnyDay|[upkeep]
|upkeep
|turn|3
|
|t:|1785964088
|switch|p2a: Garchomp|Garchomp, L50, M|100/100
|move|p2b: Annihilape|Protect|p2b: Annihilape
|-singleturn|p2b: Annihilape|Protect
|move|p1b: Talonflame|Dual Wingbeat|p2b: Annihilape
|-activate|p2b: Annihilape|move: Protect
|move|p1a: Garchomp|Rock Slide|p2b: Annihilape|[spread] p2a
|-activate|p2b: Annihilape|move: Protect
|-resisted|p2a: Garchomp|1
|-damage|p2a: Garchomp|90/100
|
|-weather|SunnyDay|[upkeep]
|upkeep
|turn|4
|
|t:|1785964105
|move|p2b: Annihilape|Protect|p2b: Annihilape
|-singleturn|p2b: Annihilape|Protect
|move|p1b: Talonflame|Dual Wingbeat|p2b: Annihilape
|-activate|p2b: Annihilape|move: Protect
|move|p1a: Garchomp|Dragon Rush|p2a: Garchomp
|-supereffective|p2a: Garchomp|1
|-damage|p2a: Garchomp|0 fnt
|-damage|p1a: Garchomp|0 fnt|[from] ability: Rough Skin|[of] p2a: Garchomp
|faint|p2a: Garchomp
|faint|p1a: Garchomp
|
|-weather|SunnyDay|[upkeep]
|-sideend|p1: TheGayOne420|move: Tailwind
|upkeep
|
|t:|1785964118
|switch|p1a: Incineroar|Incineroar, L50, M|100/100
|switch|p2a: Toxapex|Toxapex, L50, M|100/100
|-ability|p1a: Incineroar|Intimidate|boost
|-unboost|p2a: Toxapex|atk|1
|-unboost|p2b: Annihilape|atk|1
|-ability|p2b: Annihilape|Defiant|boost
|-boost|p2b: Annihilape|atk|2
|turn|5
|
|t:|1785964133
|move|p1a: Incineroar|Fake Out|p2b: Annihilape
|-immune|p2b: Annihilape
|move|p1b: Talonflame|Tailwind|p1b: Talonflame
|-sidestart|p1: TheGayOne420|move: Tailwind
|move|p2b: Annihilape|Close Combat|p1a: Incineroar
|-supereffective|p1a: Incineroar|1
|-damage|p1a: Incineroar|0 fnt
|-unboost|p2b: Annihilape|def|1
|-unboost|p2b: Annihilape|spd|1
|faint|p1a: Incineroar
|move|p2a: Toxapex|Toxic|p1b: Talonflame
|-status|p1b: Talonflame|tox
|
|-weather|none
|-damage|p1b: Talonflame|94/100 tox|[from] psn
|upkeep
|turn|6
|
|t:|1785964148
|switch|p2a: Charizard|Charizard-Mega-Y, L50, M|20/100y
|-weather|SunnyDay|[from] ability: Drought|[of] p2a: Charizard
|move|p1b: Talonflame|Dual Wingbeat|p2b: Annihilape
|-supereffective|p2b: Annihilape|1
|-damage|p2b: Annihilape|0 fnt
|faint|p2b: Annihilape
|-hitcount|p2: Annihilape|1
|
|-weather|SunnyDay|[upkeep]
|-damage|p1b: Talonflame|82/100 tox|[from] psn
|upkeep
|
|t:|1785964148
|switch|p2b: Toxapex|Toxapex, L50, M|100/100
|turn|7
|
|t:|1785964165
|move|p2a: Charizard|Protect|p2a: Charizard
|-singleturn|p2a: Charizard|Protect
|move|p1b: Talonflame|Dual Wingbeat|p2a: Charizard
|-activate|p2a: Charizard|move: Protect
|move|p2b: Toxapex|Infestation|p1b: Talonflame
|-resisted|p1b: Talonflame|2
|-damage|p1b: Talonflame|81/100 tox
|-activate|p1b: Talonflame|move: Infestation|[of] p2b: Toxapex
|
|-weather|SunnyDay|[upkeep]
|-damage|p1b: Talonflame|64/100 tox|[from] psn
|-damage|p1b: Talonflame|51/100 tox|[from] move: Infestation|[partiallytrapped]
|upkeep
|turn|8
|
|t:|1785964176
|move|p2a: Charizard|Protect||[still]
|-fail|p2a: Charizard
|move|p1b: Talonflame|Dual Wingbeat|p2a: Charizard
|-damage|p2a: Charizard|3/100
|-damage|p2a: Charizard|0 fnt
|faint|p2a: Charizard
|-hitcount|p2: Charizard|2
|move|p2b: Toxapex|Toxic|p1b: Talonflame
|-fail|p1b: Talonflame|tox
|
|-weather|SunnyDay|[upkeep]
|-damage|p1b: Talonflame|28/100 tox|[from] psn
|-damage|p1b: Talonflame|15/100 tox|[from] move: Infestation|[partiallytrapped]
|-sideend|p1: TheGayOne420|move: Tailwind
|upkeep
|turn|9
|
|t:|1785964192
|move|p1b: Talonflame|Dual Wingbeat|p2b: Toxapex|[miss]
|-miss|p1b: Talonflame|p2b: Toxapex
|move|p2b: Toxapex|Infestation|p1b: Talonflame
|-resisted|p1b: Talonflame|2
|-damage|p1b: Talonflame|15/100 tox
|
|-weather|SunnyDay|[upkeep]
|-damage|p1b: Talonflame|0 fnt|[from] psn
|faint|p1b: Talonflame
|
|win|tamagotchai-04
||tamagotchai-04 is ready for game 2.
||TheGayOne420 is ready for game 2.
|uhtml|next|Next: Game 2 of 3
