|j|‽Streisten
|j|☆Felipe Antonelli
|html|StreistenFelipe Antonelli    
|uhtml|bestof|Game 1 of a best-of-3
|t:|1756520523
|gametype|doubles
|player|p1|Streisten|preschooler|1045
|player|p2|Felipe Antonelli|169|1178
|gen|9
|tier|[Gen 9] VGC 2025 Reg H (Bo3)
|rated|
|rule|Species Clause: Limit one of each Pokémon
|rule|Item Clause: Limit 1 of each item
|clearpoke
|poke|p1|Gholdengo, L50|
|poke|p1|Amoonguss, L50, M|
|poke|p1|Porygon2, L50|
|poke|p1|Incineroar, L50, M|
|poke|p1|Ursaluna, L50, M|
|poke|p1|Hydreigon, L50, M|
|poke|p2|Rillaboom, L50, M|
|poke|p2|Talonflame, L50, M|
|poke|p2|Kingambit, L50, M|
|poke|p2|Kommo-o, L50, M|
|poke|p2|Ursaluna-Bloodmoon, L50, M|
|poke|p2|Palafin, L50, F|
|teampreview|4
|showteam|p1|Gholdengo||MetalCoat|GoodasGold|MakeItRain,ShadowBall,NastyPlot,Protect||||||50|,,,,,Dragon]Amoonguss||CovertCloak|Regenerator|PollenPuff,Spore,RagePowder,Protect|||M|||50|,,,,,Fire]Porygon2||Eviolite|Download|TeraBlast,IceBeam,TrickRoom,Recover||||||50|,,,,,Fighting]Incineroar||SitrusBerry|Intimidate|FakeOut,FlareBlitz,KnockOff,PartingShot|||M|||50|,,,,,Grass]Ursaluna||FlameOrb|Guts|Facade,HeadlongRush,Earthquake,Protect|||M|||50|,,,,,Ghost]Hydreigon||SafetyGoggles|Levitate|DracoMeteor,Snarl,Tailwind,Protect|||M|||50|,,,,,Ghost
|showteam|p2|Rillaboom||AssaultVest|GrassySurge|GrassyGlide,FakeOut,WoodHammer,Uturn|||M|||50|,,,,,Fire]Talonflame||GrassySeed|GaleWings|Acrobatics,Tailwind,Protect,FlareBlitz|||M|||50|,,,,,Ground]Kingambit||CovertCloak|Defiant|SuckerPunch,ThroatChop,LowKick,IronHead|||M|||50|,,,,,Dragon]Kommo-o||ThroatSpray|Overcoat|ClangingScales,ClangorousSoul,Protect,AuraSphere|||M|||50|,,,,,Steel]Ursaluna-Bloodmoon||LifeOrb|MindsEye|BloodMoon,VacuumWave,Protect,EarthPower|||M|||50|,,,,,Ghost]Palafin||MysticWater|ZerotoHero|WaveCrash,JetPunch,IcePunch,Protect|||F|||50|,,,,,Grass
|
|t:|1756520584
|teamsize|p1|4
|teamsize|p2|4
|start
|switch|p1a: Porygon2|Porygon2, L50, shiny|100/100
|switch|p1b: Amoonguss|Amoonguss, L50, M, shiny|100/100
|switch|p2a: Kommo-o|Kommo-o, L50, M|100/100
|switch|p2b: Kingambit|Kingambit, L50, M|100/100
|-ability|p1a: Porygon2|Download|boost
|-boost|p1a: Porygon2|spa|1
|turn|1
|
|t:|1756520632
|switch|p2b: Rillaboom|Rillaboom, L50, M|100/100
|-fieldstart|move: Grassy Terrain|[from] ability: Grassy Surge|[of] p2b: Rillaboom
|-terastallize|p2a: Kommo-o|Steel
|move|p2a: Kommo-o|Clangorous Soul|p2a: Kommo-o
|-boost|p2a: Kommo-o|atk|1
|-boost|p2a: Kommo-o|def|1
|-boost|p2a: Kommo-o|spa|1
|-boost|p2a: Kommo-o|spd|1
|-boost|p2a: Kommo-o|spe|1
|-damage|p2a: Kommo-o|68/100
|-enditem|p2a: Kommo-o|Throat Spray
|-boost|p2a: Kommo-o|spa|1|[from] item: Throat Spray
|move|p1a: Porygon2|Ice Beam|p2a: Kommo-o
|-resisted|p2a: Kommo-o
|-damage|p2a: Kommo-o|54/100
|move|p1b: Amoonguss|Spore|p2b: Rillaboom
|-immune|p2b: Rillaboom
|
|-heal|p2a: Kommo-o|60/100|[from] Grassy Terrain
|upkeep
|turn|2
|
|t:|1756520665
|switch|p1b: Incineroar|Incineroar, L50, M, shiny|100/100
|-ability|p1b: Incineroar|Intimidate|boost
|-unboost|p2a: Kommo-o|atk|1
|-unboost|p2b: Rillaboom|atk|1
|move|p2a: Kommo-o|Clanging Scales|p1b: Incineroar|[spread] p1a,p1b
|-damage|p1a: Porygon2|59/100
|-damage|p1b: Incineroar|37/100
|-enditem|p1b: Incineroar|Sitrus Berry|[eat]
|-heal|p1b: Incineroar|62/100|[from] item: Sitrus Berry
|-unboost|p2a: Kommo-o|def|1
|move|p2b: Rillaboom|Wood Hammer|p1a: Porygon2
|-damage|p1a: Porygon2|19/100
|-damage|p2b: Rillaboom|87/100|[from] Recoil
|move|p1a: Porygon2|Recover|p1a: Porygon2
|-heal|p1a: Porygon2|69/100
|
|-heal|p2a: Kommo-o|65/100|[from] Grassy Terrain
|-heal|p2b: Rillaboom|93/100|[from] Grassy Terrain
|-heal|p1b: Incineroar|68/100|[from] Grassy Terrain
|-heal|p1a: Porygon2|75/100|[from] Grassy Terrain
|upkeep
|turn|3
|
|t:|1756520713
|move|p2a: Kommo-o|Protect|p2a: Kommo-o
|-singleturn|p2a: Kommo-o|Protect
|move|p1b: Incineroar|Fake Out|p2a: Kommo-o
|-activate|p2a: Kommo-o|move: Protect
|move|p2b: Rillaboom|U-turn|p1a: Porygon2
|-damage|p1a: Porygon2|62/100
|
|t:|1756520722
|switch|p2b: Palafin|Palafin, L50, F|100/100|[from] U-turn
|move|p1a: Porygon2|Trick Room|p1a: Porygon2
|-fieldstart|move: Trick Room|[of] p1a: Porygon2
|
|-heal|p1a: Porygon2|69/100|[from] Grassy Terrain
|-heal|p1b: Incineroar|74/100|[from] Grassy Terrain
|-heal|p2a: Kommo-o|71/100|[from] Grassy Terrain
|upkeep
|turn|4
|
|t:|1756520787
|detailschange|p2b: Palafin|Palafin-Hero, L50, F
|switch|p2b: Rillaboom|Rillaboom, L50, M|93/100
|-terastallize|p1a: Porygon2|Fighting
|move|p1a: Porygon2|Tera Blast|p2a: Kommo-o|[anim] Tera Blast Fighting
|-supereffective|p2a: Kommo-o
|-crit|p2a: Kommo-o
|-damage|p2a: Kommo-o|0 fnt
|faint|p2a: Kommo-o
|move|p1b: Incineroar|Knock Off|p2b: Rillaboom
|-damage|p2b: Rillaboom|48/100
|-enditem|p2b: Rillaboom|Assault Vest|[from] move: Knock Off|[of] p1b: Incineroar
|
|-heal|p1a: Porygon2|75/100|[from] Grassy Terrain
|-heal|p1b: Incineroar|80/100|[from] Grassy Terrain
|-heal|p2b: Rillaboom|54/100|[from] Grassy Terrain
|upkeep
|
|t:|1756520802
|switch|p2a: Palafin|Palafin-Hero, L50, F|100/100
|-activate|p2a: Palafin|ability: Zero to Hero
|turn|5
|
|t:|1756520830
|switch|p1a: Amoonguss|Amoonguss, L50, M, shiny|100/100
|move|p2b: Rillaboom|Fake Out|p1a: Amoonguss
|-damage|p1a: Amoonguss|87/100
|move|p1b: Incineroar|Parting Shot|p2a: Palafin
|-unboost|p2a: Palafin|atk|1
|-unboost|p2a: Palafin|spa|1
|
|t:|1756520838
|switch|p1b: Porygon2|Porygon2, L50, shiny, tera:Fighting|75/100|[from] Parting Shot
|-ability|p1b: Porygon2|Download|boost
|-boost|p1b: Porygon2|spa|1
|move|p2a: Palafin|Ice Punch|p1b: Porygon2
|-damage|p1b: Porygon2|60/100
|
|-heal|p1a: Amoonguss|93/100|[from] Grassy Terrain
|-heal|p1b: Porygon2|66/100|[from] Grassy Terrain
|-heal|p2b: Rillaboom|60/100|[from] Grassy Terrain
|-fieldend|move: Grassy Terrain
|upkeep
|turn|6
|
|t:|1756520864
|switch|p2a: Kingambit|Kingambit, L50, M|100/100
|move|p1a: Amoonguss|Spore|p2a: Kingambit
|-status|p2a: Kingambit|slp|[from] move: Spore
|move|p1b: Porygon2|Tera Blast|p2b: Rillaboom|[anim] Tera Blast Fighting
|-damage|p2b: Rillaboom|0 fnt
|faint|p2b: Rillaboom
|
|upkeep
|
|t:|1756520873
|switch|p2b: Palafin|Palafin-Hero, L50, F|100/100
|turn|7
|
|t:|1756520883
|move|p2b: Palafin|Protect|p2b: Palafin
|-singleturn|p2b: Palafin|Protect
|move|p1a: Amoonguss|Spore|p2b: Palafin
|-activate|p2b: Palafin|move: Protect
|cant|p2a: Kingambit|slp
|move|p1b: Porygon2|Tera Blast|p2a: Kingambit|[anim] Tera Blast Fighting
|-supereffective|p2a: Kingambit
|-damage|p2a: Kingambit|0 fnt
|faint|p2a: Kingambit
|
|-fieldend|move: Trick Room
|upkeep
|turn|8
|
|t:|1756520896
|move|p1a: Amoonguss|Rage Powder|p1a: Amoonguss
|-singleturn|p1a: Amoonguss|move: Rage Powder
|move|p2b: Palafin|Ice Punch|p1a: Amoonguss
|-supereffective|p1a: Amoonguss
|-damage|p1a: Amoonguss|27/100
|move|p1b: Porygon2|Trick Room|p1b: Porygon2
|-fieldstart|move: Trick Room|[of] p1b: Porygon2
|
|upkeep
|turn|9
|
|t:|1756520904
|move|p2b: Palafin|Jet Punch|p1a: Amoonguss
|-resisted|p1a: Amoonguss
|-damage|p1a: Amoonguss|3/100
|move|p1a: Amoonguss|Spore|p2b: Palafin
|-status|p2b: Palafin|slp|[from] move: Spore
|move|p1b: Porygon2|Tera Blast|p2b: Palafin|[anim] Tera Blast Fighting
|-damage|p2b: Palafin|37/100 slp
|
|upkeep
|turn|10
|-message|Felipe Antonelli forfeited.
|
|win|Streisten
|l|☆Felipe Antonelli
|player|p2|
||Felipe Antonelli is ready for game 2.
