|j|☆hippopotas fritas
|j|☆Fredfromyt
|html|hippopotas fritasFredfromyt    
|uhtml|bestof|Game 1 of a best-of-3
|t:|1785077472
|gametype|doubles
|player|p1|hippopotas fritas|colress|
|player|p2|Fredfromyt|266|
|gen|9
|tier|[Gen 9 Champions] VGC 2026 Reg M-B (Bo3)
|rule|Species Clause: Limit one of each Pokémon
|rule|Item Clause: Limit 1 of each item
|clearpoke
|poke|p1|Tyranitar, L50, M|
|poke|p1|Excadrill, L50, M|
|poke|p1|Milotic, L50, F|
|poke|p1|Sinistcha, L50|
|poke|p1|Staraptor, L50, M|
|poke|p1|Gholdengo, L50|
|poke|p2|Annihilape, L50, M|
|poke|p2|Toxapex, L50, F|
|poke|p2|Charizard, L50, F|
|poke|p2|Garchomp, L50, M|
|poke|p2|Incineroar, L50, F|
|poke|p2|Venusaur, L50, M|
|teampreview|4
|showteam|p1|Tyranitar||Tyranitarite|SandStream|KnockOff,RockSlide,HighHorsepower,Protect|Jolly||M|||50|]Excadrill||FocusSash|SandRush|HighHorsepower,IronHead,RockSlide,Protect|Adamant||M|||50|]Milotic||SitrusBerry|Competitive|Scald,IcyWind,Haze,Protect|Calm||F|||50|]Sinistcha||ColburBerry|Hospitality|MatchaGotcha,ShadowBall,Protect,RagePowder|Bold|||||50|]Staraptor||Staraptite|Intimidate|CloseCombat,BraveBird,Tailwind,Protect|Jolly||M|||50|]Gholdengo||LifeOrb|GoodasGold|MakeItRain,ShadowBall,NastyPlot,Protect|Modest|||||50|
|showteam|p2|Annihilape||FocusSash|Defiant|PhantomForce,CloseCombat,RockTomb,Protect|Jolly||M|||50|]Toxapex||Leftovers|Regenerator|WideGuard,BanefulBunker,Infestation,Toxic|Impish||F|||50|]Charizard||CharizarditeY|Blaze|HeatWave,WeatherBall,SolarBeam,Protect|Modest||F|||50|]Garchomp||ChoiceScarf|RoughSkin|Earthquake,StompingTantrum,RockSlide,DragonClaw|Adamant||M|||50|]Incineroar||SitrusBerry|Intimidate|FakeOut,PartingShot,ThroatChop,FlareBlitz|Impish||F|||50|]Venusaur||LifeOrb|Chlorophyll|SludgeBomb,EarthPower,SleepPowder,Protect|Modest||M|||50|
|
|t:|1785077746
|teamsize|p1|4
|teamsize|p2|4
|start
|switch|p1a: Staraptor|Staraptor, L50, M|100/100
|switch|p1b: Tyranitar|Tyranitar, L50, M|100/100
|switch|p2a: Toxapex|Toxapex, L50, F|100/100
|switch|p2b: Annihilape|Annihilape, L50, M|100/100
|-ability|p1a: Staraptor|Intimidate|boost
|-unboost|p2a: Toxapex|atk|1
|-unboost|p2b: Annihilape|atk|1
|-ability|p2b: Annihilape|Defiant|boost
|-boost|p2b: Annihilape|atk|2
|-weather|Sandstorm|[from] ability: Sand Stream|[of] p1b: Tyranitar
|turn|1
|
|t:|1785077786
|switch|p1b: Gholdengo|Gholdengo, L50|100/100
|move|p1a: Staraptor|Protect|p1a: Staraptor
|-singleturn|p1a: Staraptor|Protect
|move|p2b: Annihilape|Close Combat|p1b: Gholdengo
|-immune|p1b: Gholdengo
|move|p2a: Toxapex|Toxic|p1a: Staraptor
|-activate|p1a: Staraptor|move: Protect
|
|-weather|Sandstorm|[upkeep]
|-damage|p1a: Staraptor|94/100|[from] Sandstorm
|-damage|p2b: Annihilape|94/100|[from] Sandstorm
|-damage|p2a: Toxapex|94/100|[from] Sandstorm
|-heal|p2a: Toxapex|100/100|[from] item: Leftovers
|upkeep
|turn|2
|
|t:|1785077813
|move|p1a: Staraptor|Tailwind|p1a: Staraptor
|-sidestart|p1: hippopotas fritas|move: Tailwind
|move|p1b: Gholdengo|Shadow Ball|p2b: Annihilape
|-supereffective|p2b: Annihilape|1
|-damage|p2b: Annihilape|0 fnt
|faint|p2b: Annihilape
|-damage|p1b: Gholdengo|90/100|[from] item: Life Orb
|move|p2a: Toxapex|Toxic|p1a: Staraptor
|-status|p1a: Staraptor|tox
|
|-weather|Sandstorm|[upkeep]
|-damage|p1a: Staraptor|88/100 tox|[from] Sandstorm
|-damage|p2a: Toxapex|94/100|[from] Sandstorm
|-heal|p2a: Toxapex|100/100|[from] item: Leftovers
|-damage|p1a: Staraptor|82/100 tox|[from] psn
|upkeep
|
|t:|1785077835
|switch|p2b: Charizard|Charizard, L50, F|100/100
|turn|3
|
|t:|1785078007
|switch|p2a: Garchomp|Garchomp, L50, M|100/100
|move|p2b: Charizard|Protect|p2b: Charizard
|-singleturn|p2b: Charizard|Protect
|move|p1a: Staraptor|Brave Bird|p2b: Charizard
|-activate|p2b: Charizard|move: Protect
|move|p1b: Gholdengo|Shadow Ball|p2b: Charizard
|-activate|p2b: Charizard|move: Protect
|
|-weather|Sandstorm|[upkeep]
|-damage|p1a: Staraptor|76/100 tox|[from] Sandstorm
|-damage|p2b: Charizard|93/100|[from] Sandstorm
|-damage|p1a: Staraptor|65/100 tox|[from] psn
|upkeep
|turn|4
|
|t:|1785078072
|detailschange|p2b: Charizard|Charizard-Mega-Y, L50, F
|-mega|p2b: Charizard|Charizard|Charizardite Y
|-weather|SunnyDay|[from] ability: Drought|[of] p2b: Charizard
|move|p1a: Staraptor|Brave Bird|p2b: Charizard
|-damage|p2b: Charizard|33/100
|-damage|p1a: Staraptor|46/100 tox|[from] Recoil
|move|p2a: Garchomp|Stomping Tantrum|p1b: Gholdengo
|-supereffective|p1b: Gholdengo|1
|-damage|p1b: Gholdengo|22/100
|move|p1b: Gholdengo|Shadow Ball|p2b: Charizard
|-damage|p2b: Charizard|0 fnt
|faint|p2b: Charizard
|-damage|p1b: Gholdengo|13/100|[from] item: Life Orb
|
|-weather|SunnyDay|[upkeep]
|-damage|p1a: Staraptor|28/100 tox|[from] psn
|upkeep
|
|t:|1785078092
|switch|p2b: Toxapex|Toxapex, L50, F|100/100
|turn|5
|
|t:|1785078146
|detailschange|p1a: Staraptor|Staraptor-Mega, L50, M
|-mega|p1a: Staraptor|Staraptor|Staraptite
|move|p1b: Gholdengo|Protect|p1b: Gholdengo
|-singleturn|p1b: Gholdengo|Protect
|move|p1a: Staraptor|Close Combat|p2a: Garchomp
|-damage|p2a: Garchomp|52/100
|-boost|p1a: Staraptor|def|1
|-boost|p1a: Staraptor|spd|1
|-damage|p1a: Staraptor|16/100 tox|[from] ability: Rough Skin|[of] p2a: Garchomp
|move|p2a: Garchomp|Stomping Tantrum|p1b: Gholdengo
|-activate|p1b: Gholdengo|move: Protect
|move|p2b: Toxapex|Infestation|p1b: Gholdengo
|-activate|p1b: Gholdengo|move: Protect
|
|-weather|SunnyDay|[upkeep]
|-damage|p1a: Staraptor|0 fnt|[from] psn
|faint|p1a: Staraptor
|-sideend|p1: hippopotas fritas|move: Tailwind
|upkeep
|
|t:|1785078156
|switch|p1a: Tyranitar|Tyranitar, L50, M|100/100
|-weather|Sandstorm|[from] ability: Sand Stream|[of] p1a: Tyranitar
|turn|6
|
|t:|1785078186
|move|p2a: Garchomp|Stomping Tantrum|p1b: Gholdengo
|-supereffective|p1b: Gholdengo|1
|-damage|p1b: Gholdengo|0 fnt
|faint|p1b: Gholdengo
|move|p1a: Tyranitar|Knock Off|p2a: Garchomp
|-damage|p2a: Garchomp|4/100
|-damage|p1a: Tyranitar|87/100|[from] ability: Rough Skin|[of] p2a: Garchomp
|-enditem|p2a: Garchomp|Choice Scarf|[from] move: Knock Off|[of] p1a: Tyranitar
|move|p2b: Toxapex|Infestation|p1a: Tyranitar
|-supereffective|p1a: Tyranitar|1
|-damage|p1a: Tyranitar|83/100
|-activate|p1a: Tyranitar|move: Infestation|[of] p2b: Toxapex
|
|-weather|Sandstorm|[upkeep]
|-damage|p2b: Toxapex|94/100|[from] Sandstorm
|-heal|p2b: Toxapex|100/100|[from] item: Leftovers
|-damage|p1a: Tyranitar|70/100|[from] move: Infestation|[partiallytrapped]
|upkeep
|
|t:|1785078191
|switch|p1b: Excadrill|Excadrill, L50, M|100/100
|turn|7
|
|t:|1785078207
|move|p2b: Toxapex|Baneful Bunker|p2b: Toxapex
|-singleturn|p2b: Toxapex|move: Protect
|move|p1b: Excadrill|High Horsepower|p2a: Garchomp
|-damage|p2a: Garchomp|0 fnt
|-damage|p1b: Excadrill|87/100|[from] ability: Rough Skin|[of] p2a: Garchomp
|faint|p2a: Garchomp
|move|p1a: Tyranitar|Knock Off|p2b: Toxapex
|-activate|p2b: Toxapex|move: Protect
|-status|p1a: Tyranitar|psn
|
|-weather|Sandstorm|[upkeep]
|-damage|p2b: Toxapex|94/100|[from] Sandstorm
|-heal|p2b: Toxapex|100/100|[from] item: Leftovers
|-damage|p1a: Tyranitar|58/100 psn|[from] psn
|-damage|p1a: Tyranitar|45/100 psn|[from] move: Infestation|[partiallytrapped]
|upkeep
|turn|8
|
|t:|1785078220
|move|p1b: Excadrill|High Horsepower|p2b: Toxapex
|-supereffective|p2b: Toxapex|1
|-damage|p2b: Toxapex|22/100
|move|p1a: Tyranitar|High Horsepower|p2b: Toxapex
|-supereffective|p2b: Toxapex|1
|-damage|p2b: Toxapex|0 fnt
|faint|p2b: Toxapex
|
|win|hippopotas fritas
||Fredfromyt is ready for game 2.
||hippopotas fritas is ready for game 2.
|uhtml|next|Next: Game 2 of 3
