|j|☆takedownmy
|j|☆sille rovert
|html|takedownmysille rovert    
|uhtml|bestof|Game 1 of a best-of-3
|t:|1756577717
|gametype|doubles
|player|p1|takedownmy|102|1232
|player|p2|sille rovert|trevor|1277
|gen|9
|tier|[Gen 9] VGC 2025 Reg H (Bo3)
|rated|
|rule|Species Clause: Limit one of each Pokémon
|rule|Item Clause: Limit 1 of each item
|clearpoke
|poke|p1|Glalie, L50, F|
|poke|p1|Incineroar, L50, M|
|poke|p1|Rillaboom, L50, F|
|poke|p1|Ninetales-Alola, L50, F|
|poke|p1|Gholdengo, L50|
|poke|p1|Sneasler, L50, M|
|poke|p2|Smeargle, L50, M|
|poke|p2|Gholdengo, L50|
|poke|p2|Hydreigon, L50, F|
|poke|p2|Rillaboom, L50, M|
|poke|p2|Porygon2, L50|
|poke|p2|Sneasler, L50, F|
|teampreview|4
|showteam|p1|Glalie||Leftovers|Moody|IceBeam,TeraBlast,Substitute,Protect|||F|||50|,,,,,Electric]Incineroar||SafetyGoggles|Intimidate|FlareBlitz,KnockOff,PartingShot,FakeOut|||M|||50|,,,,,Ghost]Rillaboom||AssaultVest|GrassySurge|FakeOut,GrassyGlide,DrumBeating,HighHorsepower|||F|||50|,,,,,Fire]Ninetales-Alola||FocusSash|SnowWarning|Blizzard,IcyWind,Encore,AuroraVeil|||F|||50|,,,,,Ghost]Gholdengo||GrassySeed|GoodasGold|NastyPlot,MakeItRain,ShadowBall,Protect||||||50|,,,,,Water]Sneasler||WhiteHerb|Unburden|CloseCombat,DireClaw,ThroatChop,Protect|||M|||50|,,,,,Dark
|showteam|p2|Smeargle||FocusSash|Moody|Spore,SpikyShield,Ruination,FollowMe|||M|||50|,,,,,Ghost]Gholdengo||Leftovers|GoodasGold|MakeItRain,ShadowBall,NastyPlot,Protect||||||50|,,,,,Water]Hydreigon||LifeOrb|Levitate|HeatWave,DarkPulse,Protect,DracoMeteor|||F|||50|,,,,,Fire]Rillaboom||AssaultVest|GrassySurge|WoodHammer,GrassyGlide,FakeOut,HighHorsepower|||M|||50|,,,,,Fire]Porygon2||Eviolite|Download|IceBeam,TeraBlast,Recover,TrickRoom||||||50|,,,,,Ground]Sneasler||GrassySeed|Unburden|FakeOut,CloseCombat,DireClaw,Protect|||F|||50|,,,,,Stellar
|inactive|Battle timer is ON: inactive players will automatically lose when time's up. (requested by takedownmy)
|inactive|takedownmy has 60 seconds left.
|inactive|sille rovert has 60 seconds left.
|
|t:|1756577774
|teamsize|p1|4
|teamsize|p2|4
|start
|switch|p1a: Glalie|Glalie, L50, F|100/100
|switch|p1b: Incineroar|Incineroar, L50, M|100/100
|switch|p2a: Surprised|Sneasler, L50, F|100/100
|switch|p2b: hide|Hydreigon, L50, F|100/100
|-ability|p1b: Incineroar|Intimidate|boost
|-unboost|p2a: Surprised|atk|1
|-unboost|p2b: hide|atk|1
|turn|1
|inactive|sille rovert has 30 seconds left.
|
|t:|1756577799
|-terastallize|p1a: Glalie|Electric
|move|p2a: Surprised|Fake Out|p1b: Incineroar
|-damage|p1b: Incineroar|90/100
|cant|p1b: Incineroar|flinch
|move|p2b: hide|Heat Wave|p1a: Glalie|[spread] p1a,p1b
|-resisted|p1b: Incineroar
|-damage|p1a: Glalie|69/100
|-damage|p1b: Incineroar|79/100
|-damage|p2b: hide|91/100|[from] item: Life Orb
|move|p1a: Glalie|Substitute|p1a: Glalie
|-start|p1a: Glalie|Substitute
|-damage|p1a: Glalie|44/100
|
|-heal|p1a: Glalie|50/100|[from] item: Leftovers
|-ability|p1a: Glalie|Moody|boost
|-boost|p1a: Glalie|atk|2
|-unboost|p1a: Glalie|def|1
|upkeep
|turn|2
|
|t:|1756577824
|switch|p1b: Gholdengo|Gholdengo, L50|100/100
|move|p1a: Glalie|Protect|p1a: Glalie
|-singleturn|p1a: Glalie|Protect
|move|p2a: Surprised|Close Combat|p1b: Gholdengo
|-immune|p1b: Gholdengo
|move|p2b: hide|Dark Pulse|p1a: Glalie
|-activate|p1a: Glalie|move: Protect
|
|-heal|p1a: Glalie|56/100|[from] item: Leftovers
|-ability|p1a: Glalie|Moody|boost
|-boost|p1a: Glalie|def|2
|-unboost|p1a: Glalie|spd|1
|upkeep
|turn|3
|inactive|takedownmy has 30 seconds left.
|
|t:|1756577849
|move|p2a: Surprised|Close Combat|p1a: Glalie
|-end|p1a: Glalie|Substitute
|-unboost|p2a: Surprised|def|1
|-unboost|p2a: Surprised|spd|1
|move|p2b: hide|Dark Pulse|p1a: Glalie
|-damage|p1a: Glalie|0 fnt
|faint|p1a: Glalie
|-damage|p2b: hide|81/100|[from] item: Life Orb
|move|p1b: Gholdengo|Make It Rain|p2a: Surprised|[spread] p2a,p2b
|-damage|p2a: Surprised|12/100
|-damage|p2b: hide|31/100
|-unboost|p1b: Gholdengo|spa|1
|
|upkeep
|
|t:|1756577861
|switch|p1a: Ninetales|Ninetales-Alola, L50, F|100/100
|-weather|Snowscape|[from] ability: Snow Warning|[of] p1a: Ninetales
|turn|4
|
|t:|1756577874
|move|p2b: hide|Protect|p2b: hide
|-singleturn|p2b: hide|Protect
|move|p2a: Surprised|Dire Claw|p1a: Ninetales
|-supereffective|p1a: Ninetales
|-damage|p1a: Ninetales|48/100
|move|p1a: Ninetales|Blizzard|p2b: hide|[spread] p2a
|-activate|p2b: hide|move: Protect
|-damage|p2a: Surprised|0 fnt
|faint|p2a: Surprised
|move|p1b: Gholdengo|Nasty Plot|p1b: Gholdengo
|-boost|p1b: Gholdengo|spa|2
|
|-weather|Snowscape|[upkeep]
|upkeep
|
|t:|1756577884
|switch|p2a: Goldstein|Gholdengo, L50|100/100
|turn|5
|inactive|sille rovert has 30 seconds left.
|
|t:|1756577917
|-terastallize|p2b: hide|Fire
|move|p1a: Ninetales|Blizzard|p2a: Goldstein|[spread] p2a,p2b
|-resisted|p2a: Goldstein
|-resisted|p2b: hide
|-damage|p2a: Goldstein|86/100
|-damage|p2b: hide|14/100
|move|p2b: hide|Heat Wave|p1b: Gholdengo|[spread] 
|-miss|p2b: hide|p1a: Ninetales
|-miss|p2b: hide|p1b: Gholdengo
|move|p1b: Gholdengo|Shadow Ball|p2a: Goldstein
|-supereffective|p2a: Goldstein
|-damage|p2a: Goldstein|0 fnt
|faint|p2a: Goldstein
|
|-weather|Snowscape|[upkeep]
|upkeep
|-message|sille rovert forfeited.
|
|win|takedownmy
||takedownmy is ready for game 2.
||sille rovert is ready for game 2.
|uhtml|next|Next: Game 2 of 3
