|j|☆Pupa202
|j|☆Uncreative7452
|html|Pupa202Uncreative7452    
|uhtml|bestof|Game 2 of a best-of-3
|t:|1756766835
|gametype|doubles
|player|p1|Pupa202|102|1027
|player|p2|Uncreative7452|tuber|1090
|gen|9
|tier|[Gen 9] VGC 2025 Reg H (Bo3)
|rated|
|rule|Species Clause: Limit one of each Pokémon
|rule|Item Clause: Limit 1 of each item
|clearpoke
|poke|p1|Whimsicott, L50, F|
|poke|p1|Porygon2, L50|
|poke|p1|Archaludon, L50, F|
|poke|p1|Incineroar, L50, F|
|poke|p1|Rillaboom, L50, M|
|poke|p1|Rotom-Wash, L50|
|poke|p2|Rillaboom, L50, M|
|poke|p2|Gallade, L50, M|
|poke|p2|Magmar, L50, F|
|poke|p2|Bronzong, L50|
|poke|p2|Primarina, L50, F|
|poke|p2|Alcremie, L50, F|
|teampreview|4
|showteam|p1|Whimsicott||FocusSash|Prankster|Tailwind,Encore,Taunt,Moonblast|||F|||50|,,,,,Water]Porygon2||Eviolite|Trace|TrickRoom,Recover,TriAttack,IceBeam||||||50|,,,,,Ghost]Archaludon||AssaultVest|Stamina|ElectroShot,FlashCannon,DragonPulse,BodyPress|||F|||50|,,,,,Grass]Incineroar||SafetyGoggles|Intimidate|FakeOut,KnockOff,FlareBlitz,PartingShot|||F|||50|,,,,,Grass]Rillaboom||MiracleSeed|GrassySurge|GrassyGlide,WoodHammer,FakeOut,Protect|||M|||50|,,,,,Grass]Rotom-Wash||SitrusBerry|Levitate|Thunderbolt,HydroPump,WillOWisp,Protect||||||50|,,,,,Grass
|showteam|p2|Rillaboom||AssaultVest|GrassySurge|GrassyGlide,WoodHammer,Uturn,FakeOut|||M|||50|,,,,,Fire]Gallade||SafetyGoggles|Sharpness|PsychoCut,SacredSword,WideGuard,TrickRoom|||M|||50|,,,,,Fire]Magmar||Eviolite|VitalSpirit|FollowMe,HeatWave,WillOWisp,Protect|||F|||50|,,,,,Ghost]Bronzong||CovertCloak|HeavyMetal|HeavySlam,TrickRoom,BodyPress,GyroBall||||||50|,,,,,Water]Primarina||ThroatSpray|LiquidVoice|HyperVoice,Moonblast,Protect,Encore|||F|||50|,,,,,Water]Alcremie||SitrusBerry|AromaVeil|AlluringVoice,Decorate,Protect,HelpingHand|||F|||50|,,,,,Steel
|
|t:|1756766856
|teamsize|p1|4
|teamsize|p2|4
|start
|switch|p1a: Rotom|Rotom-Wash, L50|100/100
|switch|p1b: Archaludon|Archaludon, L50, F|100/100
|switch|p2a: Bronzong|Bronzong, L50|100/100
|switch|p2b: Alcremie|Alcremie, L50, F|100/100
|turn|1
|
|t:|1756766885
|move|p1a: Rotom|Will-O-Wisp|p2b: Alcremie
|-status|p2b: Alcremie|brn
|move|p1b: Archaludon|Electro Shot||[still]
|-prepare|p1b: Archaludon|Electro Shot
|-boost|p1b: Archaludon|spa|1
|move|p2b: Alcremie|Decorate|p2a: Bronzong
|-boost|p2a: Bronzong|atk|2
|-boost|p2a: Bronzong|spa|2
|move|p2a: Bronzong|Trick Room|p2a: Bronzong
|-fieldstart|move: Trick Room|[of] p2a: Bronzong
|
|-damage|p2b: Alcremie|95/100 brn|[from] brn
|upkeep
|turn|2
|
|t:|1756766926
|move|p2a: Bronzong|Body Press|p1b: Archaludon
|-supereffective|p1b: Archaludon
|-damage|p1b: Archaludon|59/100
|-ability|p1b: Archaludon|Stamina|boost
|-boost|p1b: Archaludon|def|1
|move|p2b: Alcremie|Alluring Voice|p1b: Archaludon
|-damage|p1b: Archaludon|35/100
|-start|p1b: Archaludon|confusion
|-ability|p1b: Archaludon|Stamina|boost
|-boost|p1b: Archaludon|def|1
|-activate|p1b: Archaludon|confusion
|move|p1b: Archaludon|Electro Shot|p2b: Alcremie|[from] lockedmove
|-damage|p2b: Alcremie|41/100 brn
|-enditem|p2b: Alcremie|Sitrus Berry|[eat]
|-heal|p2b: Alcremie|66/100 brn|[from] item: Sitrus Berry
|move|p1a: Rotom|Hydro Pump|p2a: Bronzong
|-damage|p2a: Bronzong|65/100
|
|-damage|p2b: Alcremie|60/100 brn|[from] brn
|upkeep
|turn|3
|
|t:|1756766956
|switch|p1b: Rillaboom|Rillaboom, L50, M|100/100
|-fieldstart|move: Grassy Terrain|[from] ability: Grassy Surge|[of] p1b: Rillaboom
|move|p2a: Bronzong|Body Press|p1b: Rillaboom
|-damage|p1b: Rillaboom|73/100
|move|p2b: Alcremie|Alluring Voice|p1b: Rillaboom
|-damage|p1b: Rillaboom|38/100
|move|p1a: Rotom|Hydro Pump|p2a: Bronzong|[miss]
|-miss|p1a: Rotom|p2a: Bronzong
|
|-heal|p2a: Bronzong|71/100|[from] Grassy Terrain
|-heal|p2b: Alcremie|66/100 brn|[from] Grassy Terrain
|-heal|p1b: Rillaboom|44/100|[from] Grassy Terrain
|-damage|p2b: Alcremie|60/100 brn|[from] brn
|upkeep
|turn|4
|
|t:|1756766985
|move|p2a: Bronzong|Body Press|p1b: Rillaboom
|-damage|p1b: Rillaboom|19/100
|move|p2b: Alcremie|Alluring Voice|p1b: Rillaboom
|-damage|p1b: Rillaboom|0 fnt
|faint|p1b: Rillaboom
|move|p1a: Rotom|Hydro Pump|p2a: Bronzong
|-damage|p2a: Bronzong|35/100
|
|-heal|p2a: Bronzong|41/100|[from] Grassy Terrain
|-heal|p2b: Alcremie|66/100 brn|[from] Grassy Terrain
|-damage|p2b: Alcremie|60/100 brn|[from] brn
|upkeep
|
|t:|1756766999
|switch|p1b: Incineroar|Incineroar, L50, F|100/100
|-ability|p1b: Incineroar|Intimidate|boost
|-unboost|p2a: Bronzong|atk|1
|-unboost|p2b: Alcremie|atk|1
|turn|5
|
|t:|1756767019
|move|p1b: Incineroar|Fake Out|p2b: Alcremie
|-damage|p2b: Alcremie|48/100 brn
|move|p2a: Bronzong|Body Press|p1b: Incineroar
|-supereffective|p1b: Incineroar
|-damage|p1b: Incineroar|46/100
|cant|p2b: Alcremie|flinch
|move|p1a: Rotom|Hydro Pump|p2a: Bronzong|[miss]
|-miss|p1a: Rotom|p2a: Bronzong
|
|-heal|p2a: Bronzong|46/100|[from] Grassy Terrain
|-heal|p2b: Alcremie|53/100 brn|[from] Grassy Terrain
|-heal|p1b: Incineroar|52/100|[from] Grassy Terrain
|-damage|p2b: Alcremie|48/100 brn|[from] brn
|-fieldend|move: Trick Room
|upkeep
|turn|6
|
|t:|1756767053
|-terastallize|p2a: Bronzong|Water
|move|p1a: Rotom|Hydro Pump|p2b: Alcremie|[miss]
|-miss|p1a: Rotom|p2b: Alcremie
|move|p1b: Incineroar|Flare Blitz|p2a: Bronzong
|-resisted|p2a: Bronzong
|-damage|p2a: Bronzong|29/100
|-damage|p1b: Incineroar|47/100|[from] Recoil
|move|p2b: Alcremie|Alluring Voice|p1b: Incineroar
|-damage|p1b: Incineroar|23/100
|move|p2a: Bronzong|Body Press|p1b: Incineroar
|-supereffective|p1b: Incineroar
|-damage|p1b: Incineroar|0 fnt
|faint|p1b: Incineroar
|
|-heal|p2b: Alcremie|53/100 brn|[from] Grassy Terrain
|-heal|p2a: Bronzong|35/100|[from] Grassy Terrain
|-damage|p2b: Alcremie|48/100 brn|[from] brn
|upkeep
|-message|Pupa202 forfeited.
|
|win|Uncreative7452
|raw|Pupa202's rating: 1027 → 1015(-12 for losing)
|raw|Uncreative7452's rating: 1090 → 1112(+22 for winning)
|l|☆Pupa202
|player|p1|
