|j|☆zubrowka
|j|☆platanoso
|html|zubrowkaplatanoso    
|uhtml|bestof|Game 2 of a best-of-3
|t:|1785971452
|gametype|doubles
|player|p1|zubrowka|clair|1192
|player|p2|platanoso|madame-gen4|1265
|gen|9
|tier|[Gen 9 Champions] VGC 2026 Reg M-B (Bo3)
|rated|
|rule|Species Clause: Limit one of each Pokémon
|rule|Item Clause: Limit 1 of each item
|clearpoke
|poke|p1|Floette-Eternal, L50, F|
|poke|p1|Sinistcha, L50|
|poke|p1|Basculegion, L50, M|
|poke|p1|Glimmora, L50, M|
|poke|p1|Staraptor, L50, M|
|poke|p1|Grimmsnarl, L50, M|
|poke|p2|Floette-Eternal, L50, F|
|poke|p2|Sneasler, L50, M|
|poke|p2|Incineroar, L50, M|
|poke|p2|Sinistcha, L50|
|poke|p2|Delphox, L50, M|
|poke|p2|Garchomp, L50, F|
|teampreview|4
|showteam|p1|Floette-Eternal||Floettite|FlowerVeil|DazzlingGleam,DrainingKiss,CalmMind,Protect|Modest||F|||50|]Sinistcha||ColburBerry|Hospitality|MatchaGotcha,LifeDew,RagePowder,Protect|Calm|||||50|]Basculegion||ChoiceScarf|Adaptability|WaveCrash,FlipTurn,AquaJet,LastRespects|Jolly||M|||50|]Glimmora||FocusSash|ToxicDebris|PowerGem,SludgeBomb,EarthPower,SpikyShield|Modest||M|||50|]Staraptor||Staraptite|Intimidate|DualWingbeat,CloseCombat,Tailwind,Protect|Jolly||M|||50|]Grimmsnarl||LightClay|Prankster|LightScreen,Reflect,FoulPlay,PartingShot|Impish||M|||50|
|showteam|p2|Floette-Eternal||Floettite|FlowerVeil|DazzlingGleam,DrainingKiss,CalmMind,Protect|Modest||F|||50|]Sneasler||FocusSash|PoisonTouch|CloseCombat,PoisonJab,FakeOut,Protect|Jolly||M|||50|]Incineroar||SitrusBerry|Intimidate|FlareBlitz,DarkestLariat,PartingShot,FakeOut|Impish||M|||50|]Sinistcha||OccaBerry|Hospitality|MatchaGotcha,RagePowder,TrickRoom,Protect|Bold|||||50|]Delphox||Delphoxite|Blaze|Psychic,HeatWave,NastyPlot,Protect|Timid||M|||50|]Garchomp||ChoiceScarf|RoughSkin|DragonClaw,StompingTantrum,Earthquake,RockSlide|Adamant||F|||50|
|inactive|Battle timer is ON: inactive players will automatically lose when time's up. (requested by zubrowka)
|
|t:|1785971490
|teamsize|p1|4
|teamsize|p2|4
|start
|switch|p1a: Grimmsnarl|Grimmsnarl, L50, M|100/100
|switch|p1b: Glimmora|Glimmora, L50, M|100/100
|switch|p2a: Sinistcha|Sinistcha, L50|100/100
|switch|p2b: Delphox|Delphox, L50, M|100/100
|turn|1
|l|☆zubrowka
|inactive|zubrowka disconnected and has a minute to reconnect!
|player|p1|
|j|☆zubrowka
|inactive|zubrowka reconnected and has 50 seconds left.
|player|p1|zubrowka|clair|
|
|t:|1785971510
|detailschange|p2b: Delphox|Delphox-Mega, L50, M
|-mega|p2b: Delphox|Delphox|Delphoxite
|move|p2a: Sinistcha|Rage Powder|p2a: Sinistcha
|-singleturn|p2a: Sinistcha|move: Rage Powder
|move|p1a: Grimmsnarl|Light Screen|p1a: Grimmsnarl
|-sidestart|p1: zubrowka|move: Light Screen
|move|p2b: Delphox|Nasty Plot|p2b: Delphox
|-boost|p2b: Delphox|spa|2
|move|p1b: Glimmora|Power Gem|p2a: Sinistcha
|-damage|p2a: Sinistcha|50/100g
|
|upkeep
|turn|2
|inactive|platanoso has 30 seconds left.
|inactive|platanoso has 20 seconds left.
|
|t:|1785971546
|move|p2a: Sinistcha|Rage Powder|p2a: Sinistcha
|-singleturn|p2a: Sinistcha|move: Rage Powder
|move|p1a: Grimmsnarl|Reflect|p1a: Grimmsnarl
|-sidestart|p1: zubrowka|Reflect
|move|p2b: Delphox|Nasty Plot|p2b: Delphox
|-boost|p2b: Delphox|spa|2
|move|p1b: Glimmora|Power Gem|p2a: Sinistcha
|-damage|p2a: Sinistcha|3/100
|
|upkeep
|turn|3
|inactive|zubrowka has 30 seconds left.
|inactive|zubrowka has 20 seconds left.
|
|t:|1785971583
|switch|p2a: Garchomp|Garchomp, L50, F|100/100
|move|p2b: Delphox|Protect|p2b: Delphox
|-singleturn|p2b: Delphox|Protect
|move|p1b: Glimmora|Spiky Shield|p1b: Glimmora
|-singleturn|p1b: Glimmora|move: Protect
|move|p1a: Grimmsnarl|Parting Shot|p2b: Delphox
|-activate|p2b: Delphox|move: Protect
|
|upkeep
|turn|4
|
|t:|1785971600
|move|p2a: Garchomp|Earthquake|p1b: Glimmora|[spread] p1a,p1b
|-immune|p2b: Delphox|[from] ability: Levitate
|-supereffective|p1b: Glimmora|2
|-damage|p1a: Grimmsnarl|72/100
|-enditem|p1b: Glimmora|Focus Sash
|-damage|p1b: Glimmora|1/100
|-activate|p1b: Glimmora|ability: Toxic Debris
|-sidestart|p2: platanoso|move: Toxic Spikes
|move|p2b: Delphox|Heat Wave|p1a: Grimmsnarl|[spread] p1a,p1b
|-resisted|p1b: Glimmora|1
|-damage|p1a: Grimmsnarl|4/100
|-damage|p1b: Glimmora|0 fnt
|faint|p1b: Glimmora
|move|p1a: Grimmsnarl|Foul Play|p2b: Delphox
|-supereffective|p2b: Delphox|1
|-damage|p2b: Delphox|48/100
|
|upkeep
|
|t:|1785971617
|switch|p1b: Floette|Floette-Eternal, L50, F|100/100
|turn|5
|inactive|platanoso has 30 seconds left.
|
|t:|1785971642
|detailschange|p1b: Floette|Floette-Mega, L50, F
|-mega|p1b: Floette|Floette|Floettite
|-ability|p1b: Floette|Fairy Aura
|move|p1a: Grimmsnarl|Parting Shot|p2a: Garchomp
|-unboost|p2a: Garchomp|atk|1
|-unboost|p2a: Garchomp|spa|1
|
|t:|1785971648
|switch|p1a: Basculegion|Basculegion, L50, M|100/100|[from] Parting Shot
|move|p2a: Garchomp|Earthquake|p1b: Floette|[spread] p1a,p1b
|-immune|p2b: Delphox|[from] ability: Levitate
|-damage|p1a: Basculegion|77/100
|-damage|p1b: Floette|81/100
|move|p2b: Delphox|Psychic|p1b: Floette
|-damage|p1b: Floette|10/100
|move|p1b: Floette|Draining Kiss|p2a: Garchomp
|-supereffective|p2a: Garchomp|1
|-damage|p2a: Garchomp|22/100
|-heal|p1b: Floette|75/100|[from] drain|[of] p2a: Garchomp
|-damage|p1b: Floette|62/100|[from] ability: Rough Skin|[of] p2a: Garchomp
|
|upkeep
|turn|6
|inactive|zubrowka has 30 seconds left.
|inactive|zubrowka has 20 seconds left.
|inactive|zubrowka has 15 seconds left.
|inactive|zubrowka has 10 seconds left.
|
|t:|1785971696
|move|p2b: Delphox|Protect|p2b: Delphox
|-singleturn|p2b: Delphox|Protect
|move|p2a: Garchomp|Earthquake|p1b: Floette|[spread] p1a,p1b
|-activate|p2b: Delphox|move: Protect
|-damage|p1a: Basculegion|54/100
|-damage|p1b: Floette|45/100
|move|p1a: Basculegion|Last Respects|p2a: Garchomp
|-damage|p2a: Garchomp|0 fnt
|faint|p2a: Garchomp
|move|p1b: Floette|Draining Kiss|p1a: Basculegion
|-damage|p1a: Basculegion|26/100
|-heal|p1b: Floette|69/100|[from] drain|[of] p1a: Basculegion
|
|upkeep
|
|t:|1785971709
|switch|p2a: Sinistcha|Sinistcha, L50|3/100
|-status|p2a: Sinistcha|psn
|-heal|p2b: Delphox|73/100|[from] ability: Hospitality|[of] p2a: Sinistcha
|turn|7
|
|t:|1785971724
|switch|p1a: Grimmsnarl|Grimmsnarl, L50, M|4/100
|move|p1b: Floette|Protect|p1b: Floette
|-singleturn|p1b: Floette|Protect
|move|p2a: Sinistcha|Rage Powder|p2a: Sinistcha
|-singleturn|p2a: Sinistcha|move: Rage Powder
|move|p2b: Delphox|Heat Wave|p1b: Floette|[spread] p1a
|-activate|p1b: Floette|move: Protect
|-crit|p1a: Grimmsnarl
|-damage|p1a: Grimmsnarl|0 fnt
|faint|p1a: Grimmsnarl
|
|-damage|p2a: Sinistcha|0 fnt|[from] psn
|faint|p2a: Sinistcha
|upkeep
|
|t:|1785971739
|switch|p2a: Sneasler|Sneasler, L50, M|100/100
|switch|p1a: Basculegion|Basculegion, L50, M|26/100
|-sideend|p2: platanoso|move: Toxic Spikes|[of] p2a: Sneasler
|turn|8
|
|t:|1785971763
|move|p2b: Delphox|Protect|p2b: Delphox
|-singleturn|p2b: Delphox|Protect
|move|p1a: Basculegion|Last Respects|p2b: Delphox
|-activate|p2b: Delphox|move: Protect
|move|p2a: Sneasler|Poison Jab|p1b: Floette
|-supereffective|p1b: Floette|1
|-damage|p1b: Floette|21/100
|move|p1b: Floette|Draining Kiss|p2a: Sneasler
|-damage|p2a: Sneasler|42/100
|-heal|p1b: Floette|62/100|[from] drain|[of] p2a: Sneasler
|
|-sideend|p1: zubrowka|move: Light Screen
|upkeep
|turn|9
|
|t:|1785971781
|move|p1a: Basculegion|Last Respects|p2b: Delphox
|-supereffective|p2b: Delphox|1
|-damage|p2b: Delphox|0 fnt
|faint|p2b: Delphox
|move|p2a: Sneasler|Poison Jab|p1b: Floette
|-supereffective|p1b: Floette|1
|-damage|p1b: Floette|10/100
|-status|p1b: Floette|psn
|move|p1b: Floette|Draining Kiss|p2a: Sneasler
|-crit|p2a: Sneasler
|-damage|p2a: Sneasler|0 fnt
|-heal|p1b: Floette|39/100 psn|[from] drain|[of] p2a: Sneasler
|faint|p2a: Sneasler
|
|win|zubrowka
||platanoso is ready for game 3.
||zubrowka is ready for game 3.
|uhtml|next|Next: Game 3 of 3
|l|☆platanoso
|player|p2|
