|j|☆ERoy Jenk
|j|☆jbiscan21
|html|ERoy Jenkjbiscan21    
|uhtml|bestof|Game 1 of a best-of-3
|t:|1784766766
|gametype|doubles
|player|p1|ERoy Jenk|101|
|player|p2|jbiscan21|265|
|gen|9
|tier|[Gen 9 Champions] VGC 2026 Reg M-B (Bo3)
|rule|Species Clause: Limit one of each Pokémon
|rule|Item Clause: Limit 1 of each item
|clearpoke
|poke|p1|Lucario, L50, F|
|poke|p1|Farigiraf, L50, M|
|poke|p1|Weavile, L50, F|
|poke|p1|Arcanine-Hisui, L50, F|
|poke|p1|Dragapult, L50, M|
|poke|p1|Mawile, L50, M|
|poke|p2|Sneasler, L50, F|
|poke|p2|Rotom-Wash, L50|
|poke|p2|Hydreigon, L50, M|
|poke|p2|Basculegion, L50, M|
|poke|p2|Froslass, L50, F|
|poke|p2|Scizor, L50, F|
|teampreview|4
|showteam|p1|Lucario||Lucarionite|InnerFocus|CloseCombat,MeteorMash,BulletPunch,Detect|Jolly||F|||50|]Farigiraf||SitrusBerry|ArmorTail|TrickRoom,Psychic,Thunderbolt,Protect|Relaxed||M|||50|]Weavile||FocusSash|Pickpocket|FakeOut,KnockOff,TripleAxel,Protect|Jolly||F|||50|]Arcanine-Hisui||ChoiceScarf|RockHead|FlareBlitz,HeadSmash,ExtremeSpeed,WildCharge|Adamant||F|||50|]Dragapult||LifeOrb|ClearBody|DragonDarts,PhantomForce,PsychicFangs,Protect|Jolly||M|||50|]Mawile||Mawilite|Intimidate|PlayRough,SuckerPunch,IronHead,Protect|Brave||M|||50|
|showteam|p2|Sneasler||FocusSash|Unburden|DireClaw,CloseCombat,FakeOut,Protect|Jolly||F|||50|]Rotom-Wash||Leftovers|Levitate|VoltSwitch,HydroPump,WillOWisp,Protect|Bold|||||50|]Hydreigon||WhiteHerb|Levitate|DracoMeteor,DarkPulse,Protect,Taunt|Timid||M|||50|]Basculegion||LifeOrb|SwiftSwim|WaveCrash,LastRespects,AquaJet,Protect|Serious||M|||50|]Froslass||Froslassite|SnowCloak|Blizzard,Protect,ShadowBall,AuroraVeil|Serious||F|||50|]Scizor||Scizorite|Technician|BugBite,BulletPunch,CloseCombat,Protect|Serious||F|||50|
|j| estrickholla
|j| gsaggagagggas
|
|t:|1784766856
|teamsize|p1|4
|teamsize|p2|4
|start
|switch|p1a: Dragapult|Dragapult, L50, M|100/100
|switch|p1b: Weavile|Weavile, L50, F|100/100
|switch|p2a: Froslass|Froslass, L50, F|100/100
|switch|p2b: Hydreigon|Hydreigon, L50, M|100/100
|turn|1
|
|t:|1784766916
|detailschange|p2a: Froslass|Froslass-Mega, L50, F
|-mega|p2a: Froslass|Froslass|Froslassite
|-weather|Snowscape|[from] ability: Snow Warning|[of] p2a: Froslass
|move|p1b: Weavile|Protect|p1b: Weavile
|-singleturn|p1b: Weavile|Protect
|move|p1a: Dragapult|Phantom Force||[still]
|-prepare|p1a: Dragapult|Phantom Force
|move|p2a: Froslass|Blizzard|p1b: Weavile|[spread] 
|-miss|p2a: Froslass|p1a: Dragapult
|-activate|p1b: Weavile|move: Protect
|move|p2b: Hydreigon|Dark Pulse|p1a: Dragapult|[miss]
|-miss|p2b: Hydreigon|p1a: Dragapult
|
|-weather|Snowscape|[upkeep]
|upkeep
|turn|2
|
|t:|1784766963
|move|p1a: Dragapult|Phantom Force|p2a: Froslass|[from] lockedmove
|-supereffective|p2a: Froslass|1
|-damage|p2a: Froslass|0 fnt
|faint|p2a: Froslass
|-damage|p1a: Dragapult|90/100|[from] item: Life Orb
|move|p1b: Weavile|Triple Axel|p2b: Hydreigon
|-supereffective|p2b: Hydreigon|1
|-damage|p2b: Hydreigon|77/100
|-supereffective|p2b: Hydreigon|1
|-damage|p2b: Hydreigon|26/100
|-supereffective|p2b: Hydreigon|1
|-damage|p2b: Hydreigon|0 fnt
|faint|p2b: Hydreigon
|-hitcount|p2: Hydreigon|3
|
|-weather|Snowscape|[upkeep]
|upkeep
|
|t:|1784766977
|switch|p2a: Scizor|Scizor, L50, F|100/100
|switch|p2b: Rotom|Rotom-Wash, L50|100/100
|turn|3
|
|t:|1784767042
|move|p1a: Dragapult|Phantom Force||[still]
|-prepare|p1a: Dragapult|Phantom Force
|move|p1b: Weavile|Knock Off|p2b: Rotom
|-damage|p2b: Rotom|56/100
|-enditem|p2b: Rotom|Leftovers|[from] move: Knock Off|[of] p1b: Weavile
|move|p2b: Rotom|Will-O-Wisp|p1a: Dragapult|[miss]
|-miss|p2b: Rotom|p1a: Dragapult
|move|p2a: Scizor|Close Combat|p1b: Weavile
|-supereffective|p1b: Weavile|2
|-enditem|p1b: Weavile|Focus Sash
|-damage|p1b: Weavile|1/100
|-unboost|p2a: Scizor|def|1
|-unboost|p2a: Scizor|spd|1
|
|-weather|Snowscape|[upkeep]
|upkeep
|turn|4
|
|t:|1784767081
|move|p1b: Weavile|Protect|p1b: Weavile
|-singleturn|p1b: Weavile|Protect
|move|p2a: Scizor|Protect|p2a: Scizor
|-singleturn|p2a: Scizor|Protect
|move|p1a: Dragapult|Phantom Force|p2b: Rotom|[from] lockedmove
|-damage|p2b: Rotom|0 fnt
|faint|p2b: Rotom
|-damage|p1a: Dragapult|80/100|[from] item: Life Orb
|
|-weather|Snowscape|[upkeep]
|upkeep
|turn|5
|
|t:|1784767115
|switch|p1a: Arcanine|Arcanine-Hisui, L50, F|100/100
|move|p2a: Scizor|Bullet Punch|p1b: Weavile
|-supereffective|p1b: Weavile|1
|-damage|p1b: Weavile|0 fnt
|faint|p1b: Weavile
|
|-weather|none
|upkeep
|
|t:|1784767129
|switch|p1b: Dragapult|Dragapult, L50, M|80/100
|turn|6
|
|t:|1784767148
|move|p1b: Dragapult|Phantom Force||[still]
|-prepare|p1b: Dragapult|Phantom Force
|move|p1a: Arcanine|Flare Blitz|p2a: Scizor
|-supereffective|p2a: Scizor|2
|-damage|p2a: Scizor|0 fnt
|faint|p2a: Scizor
|
|win|ERoy Jenk
|inactive|ERoy Jenk has 30 seconds to confirm battle start!
|inactive|jbiscan21 has 30 seconds to confirm battle start!
|inactive|ERoy Jenk has 20 seconds to confirm battle start!
|inactive|jbiscan21 has 20 seconds to confirm battle start!
||jbiscan21 is ready for game 2.
|inactive|ERoy Jenk has 10 seconds to confirm battle start!
||ERoy Jenk is ready for game 2.
|uhtml|next|Next: Game 2 of 3
|l| estrickholla
