|j|☆ddoublechin
|j|☆JeanChasuble
|html|ddoublechinJeanChasuble    
|uhtml|bestof|Game 1 of a best-of-3
|t:|1756413219
|gametype|doubles
|player|p1|ddoublechin|ninjaboy|1202
|player|p2|JeanChasuble|cheren-gen5bw2|1137
|gen|9
|tier|[Gen 9] VGC 2025 Reg H (Bo3)
|rated|
|rule|Species Clause: Limit one of each Pokémon
|rule|Item Clause: Limit 1 of each item
|clearpoke
|poke|p1|Whimsicott, L50, F|
|poke|p1|Archaludon, L50, F|
|poke|p1|Annihilape, L50, M|
|poke|p1|Pelipper, L50, M|
|poke|p1|Incineroar, L50, M|
|poke|p1|Indeedee, L50, M|
|poke|p2|Volcarona, L50, F|
|poke|p2|Rillaboom, L50, M|
|poke|p2|Electabuzz, L50, M|
|poke|p2|Sneasler, L50, F|
|poke|p2|Kingambit, L50, M|
|poke|p2|Dragonite, L50, F|
|teampreview|4
|showteam|p1|Whimsicott||FocusSash|Prankster|BeatUp,Tailwind,Moonblast,LightScreen|||F|||50|,,,,,Ghost]Archaludon||AssaultVest|Stamina|BodyPress,ElectroShot,DracoMeteor,FlashCannon|||F|||50|,,,,,Grass]Annihilape||ChoiceScarf|Defiant|RageFist,Uturn,CloseCombat,FinalGambit|||M|||50|,,,,,Fairy]Pelipper||LifeOrb|Drizzle|WeatherBall,Hurricane,Protect,Tailwind|||M|||50|,,,,,Grass]Incineroar||SitrusBerry|Intimidate|FakeOut,FlareBlitz,KnockOff,PartingShot|||M|||50|,,,,,Grass]Indeedee||ChoiceSpecs|PsychicSurge|ExpandingForce,Trick,TeraBlast,DazzlingGleam|||M|||50|,,,,,Psychic
|showteam|p2|Volcarona||GrassySeed|FlameBody|HeatWave,TeraBlast,QuiverDance,Protect|||F|||50|,,,,,Fairy]Rillaboom||AssaultVest|GrassySurge|WoodHammer,GrassyGlide,FakeOut,HighHorsepower|||M|||50|,,,,,Fire]Electabuzz||Eviolite|VitalSpirit|Electroweb,FollowMe,Taunt,Protect|||M|||50|,,,,,Ghost]Sneasler||FocusSash|PoisonTouch|DireClaw,CloseCombat,FakeOut,Coaching|||F|||50|,,,,,Stellar]Kingambit||SafetyGoggles|Defiant|SuckerPunch,KowtowCleave,SwordsDance,Protect|||M|||50|,,,,,Dark]Dragonite||LoadedDice|Multiscale|ScaleShot,ExtremeSpeed,Haze,Protect|||F|||50|,,,,,Normal
|
|t:|1756413268
|teamsize|p1|4
|teamsize|p2|4
|start
|switch|p1a: Whim Scott|Whimsicott, L50, F|100/100
|switch|p1b: Monke|Annihilape, L50, M|100/100
|switch|p2a: Volcarona|Volcarona, L50, F|100/100
|switch|p2b: Electabuzz|Electabuzz, L50, M|100/100
|turn|1
|
|t:|1756413297
|move|p2a: Volcarona|Protect|p2a: Volcarona
|-singleturn|p2a: Volcarona|Protect
|move|p1a: Whim Scott|Light Screen|p1a: Whim Scott
|-sidestart|p1: ddoublechin|move: Light Screen
|move|p1b: Monke|Final Gambit|p2a: Volcarona
|-activate|p2a: Volcarona|move: Protect
|move|p2b: Electabuzz|Taunt|p1a: Whim Scott
|-start|p1a: Whim Scott|move: Taunt
|
|upkeep
|turn|2
|
|t:|1756413322
|switch|p1a: Hugo|Pelipper, L50, M, shiny|100/100
|-weather|RainDance|[from] ability: Drizzle|[of] p1a: Hugo
|-terastallize|p2b: Electabuzz|Ghost
|move|p2b: Electabuzz|Follow Me|p2b: Electabuzz
|-singleturn|p2b: Electabuzz|move: Follow Me
|move|p1b: Monke|Final Gambit|p2b: Electabuzz
|-immune|p2b: Electabuzz
|move|p2a: Volcarona|Quiver Dance|p2a: Volcarona
|-boost|p2a: Volcarona|spa|1
|-boost|p2a: Volcarona|spd|1
|-boost|p2a: Volcarona|spe|1
|
|-weather|RainDance|[upkeep]
|upkeep
|turn|3
|
|t:|1756413346
|switch|p1b: Staples Beware|Archaludon, L50, F|100/100
|-terastallize|p1a: Hugo|Grass
|move|p2b: Electabuzz|Follow Me|p2b: Electabuzz
|-singleturn|p2b: Electabuzz|move: Follow Me
|move|p2a: Volcarona|Quiver Dance|p2a: Volcarona
|-boost|p2a: Volcarona|spa|1
|-boost|p2a: Volcarona|spd|1
|-boost|p2a: Volcarona|spe|1
|move|p1a: Hugo|Weather Ball|p2b: Electabuzz
|-damage|p2b: Electabuzz|50/100
|-damage|p1a: Hugo|91/100|[from] item: Life Orb
|
|-weather|RainDance|[upkeep]
|upkeep
|turn|4
|
|t:|1756413385
|switch|p2b: Rillaboom|Rillaboom, L50, M|100/100
|-fieldstart|move: Grassy Terrain|[from] ability: Grassy Surge|[of] p2b: Rillaboom
|-enditem|p2a: Volcarona|Grassy Seed
|-boost|p2a: Volcarona|def|1|[from] item: Grassy Seed
|move|p2a: Volcarona|Protect|p2a: Volcarona
|-singleturn|p2a: Volcarona|Protect
|move|p1b: Staples Beware|Electro Shot||[still]
|-prepare|p1b: Staples Beware|Electro Shot
|-boost|p1b: Staples Beware|spa|1
|-anim|p1b: Staples Beware|Electro Shot|p2b: Rillaboom
|-resisted|p2b: Rillaboom
|-damage|p2b: Rillaboom|81/100
|move|p1a: Hugo|Weather Ball|p2a: Volcarona
|-activate|p2a: Volcarona|move: Protect
|
|-weather|RainDance|[upkeep]
|-heal|p2b: Rillaboom|87/100|[from] Grassy Terrain
|-heal|p1a: Hugo|97/100|[from] Grassy Terrain
|upkeep
|turn|5
|
|t:|1756413414
|move|p2b: Rillaboom|Fake Out|p1a: Hugo
|-damage|p1a: Hugo|86/100
|move|p2a: Volcarona|Heat Wave|p1b: Staples Beware|[spread] p1a,p1b
|-supereffective|p1a: Hugo
|-damage|p1a: Hugo|23/100
|-damage|p1b: Staples Beware|84/100
|-ability|p1b: Staples Beware|Stamina|boost
|-boost|p1b: Staples Beware|def|1
|move|p1b: Staples Beware|Electro Shot||[still]
|-prepare|p1b: Staples Beware|Electro Shot
|-boost|p1b: Staples Beware|spa|1
|-anim|p1b: Staples Beware|Electro Shot|p2a: Volcarona
|-damage|p2a: Volcarona|67/100
|cant|p1a: Hugo|flinch
|
|-weather|RainDance|[upkeep]
|-heal|p2a: Volcarona|73/100|[from] Grassy Terrain
|-heal|p2b: Rillaboom|93/100|[from] Grassy Terrain
|-heal|p1b: Staples Beware|90/100|[from] Grassy Terrain
|-heal|p1a: Hugo|29/100|[from] Grassy Terrain
|-sideend|p1: ddoublechin|move: Light Screen
|upkeep
|turn|6
|
|t:|1756413460
|move|p2a: Volcarona|Heat Wave|p1b: Staples Beware|[spread] p1a,p1b
|-supereffective|p1a: Hugo
|-damage|p1a: Hugo|0 fnt
|-damage|p1b: Staples Beware|66/100
|-ability|p1b: Staples Beware|Stamina|boost
|-boost|p1b: Staples Beware|def|1
|faint|p1a: Hugo
|move|p2b: Rillaboom|High Horsepower|p1b: Staples Beware
|-supereffective|p1b: Staples Beware
|-damage|p1b: Staples Beware|43/100
|-ability|p1b: Staples Beware|Stamina|boost
|-boost|p1b: Staples Beware|def|1
|move|p1b: Staples Beware|Electro Shot||[still]
|-prepare|p1b: Staples Beware|Electro Shot
|-boost|p1b: Staples Beware|spa|1
|-anim|p1b: Staples Beware|Electro Shot|p2a: Volcarona
|-damage|p2a: Volcarona|32/100
|
|-weather|none
|-heal|p2a: Volcarona|39/100|[from] Grassy Terrain
|-heal|p2b: Rillaboom|99/100|[from] Grassy Terrain
|-heal|p1b: Staples Beware|49/100|[from] Grassy Terrain
|upkeep
|
|t:|1756413477
|switch|p1a: Whim Scott|Whimsicott, L50, F|100/100
|turn|7
|
|t:|1756413494
|switch|p2b: Electabuzz|Electabuzz, L50, M, tera:Ghost|50/100
|move|p2a: Volcarona|Protect|p2a: Volcarona
|-singleturn|p2a: Volcarona|Protect
|move|p1a: Whim Scott|Light Screen|p1a: Whim Scott
|-sidestart|p1: ddoublechin|move: Light Screen
|move|p1b: Staples Beware|Electro Shot||[still]
|-prepare|p1b: Staples Beware|Electro Shot
|-boost|p1b: Staples Beware|spa|1
|
|-heal|p2a: Volcarona|45/100|[from] Grassy Terrain
|-heal|p2b: Electabuzz|56/100|[from] Grassy Terrain
|-heal|p1b: Staples Beware|55/100|[from] Grassy Terrain
|upkeep
|turn|8
|
|t:|1756413506
|move|p2b: Electabuzz|Follow Me|p2b: Electabuzz
|-singleturn|p2b: Electabuzz|move: Follow Me
|move|p1a: Whim Scott|Tailwind|p1a: Whim Scott
|-sidestart|p1: ddoublechin|move: Tailwind
|move|p2a: Volcarona|Heat Wave|p1a: Whim Scott|[spread] p1a,p1b
|-supereffective|p1a: Whim Scott
|-enditem|p1a: Whim Scott|Focus Sash
|-damage|p1a: Whim Scott|1/100
|-damage|p1b: Staples Beware|22/100
|-ability|p1b: Staples Beware|Stamina|boost
|-boost|p1b: Staples Beware|def|1
|move|p1b: Staples Beware|Electro Shot|p2b: Electabuzz|[from] lockedmove
|-damage|p2b: Electabuzz|0 fnt
|faint|p2b: Electabuzz
|
|-heal|p1a: Whim Scott|7/100|[from] Grassy Terrain
|-heal|p2a: Volcarona|51/100|[from] Grassy Terrain
|-heal|p1b: Staples Beware|28/100|[from] Grassy Terrain
|-fieldend|move: Grassy Terrain
|upkeep
|
|t:|1756413534
|switch|p2b: Sneasler|Sneasler, L50, F|100/100
|turn|9
|
|t:|1756413551
|switch|p1a: Monke|Annihilape, L50, M|100/100
|move|p2b: Sneasler|Fake Out|p1b: Staples Beware
|-resisted|p1b: Staples Beware
|-damage|p1b: Staples Beware|27/100
|-ability|p1b: Staples Beware|Stamina|boost
|-boost|p1b: Staples Beware|def|1
|move|p2a: Volcarona|Heat Wave|p1b: Staples Beware|[spread] p1a,p1b
|-damage|p1a: Monke|59/100
|-damage|p1b: Staples Beware|0 fnt
|faint|p1b: Staples Beware
|
|upkeep
|
|t:|1756413561
|switch|p1b: Whim Scott|Whimsicott, L50, F|7/100
|turn|10
|
|t:|1756413583
|move|p2a: Volcarona|Protect|p2a: Volcarona
|-singleturn|p2a: Volcarona|Protect
|move|p1b: Whim Scott|Beat Up|p1a: Monke
|-damage|p1a: Monke|57/100
|-damage|p1a: Monke|55/100
|-hitcount|p1a: Monke|2
|move|p1a: Monke|Rage Fist|p2a: Volcarona
|-activate|p2a: Volcarona|move: Protect
|move|p2b: Sneasler|Dire Claw|p1b: Whim Scott
|-supereffective|p1b: Whim Scott
|-damage|p1b: Whim Scott|0 fnt
|faint|p1b: Whim Scott
|
|upkeep
|turn|11
|
|t:|1756413600
|move|p1a: Monke|Rage Fist|p2a: Volcarona
|-damage|p2a: Volcarona|0 fnt
|faint|p2a: Volcarona
|move|p2b: Sneasler|Dire Claw|p1a: Monke
|-resisted|p1a: Monke
|-damage|p1a: Monke|36/100
|
|-sideend|p1: ddoublechin|move: Light Screen
|-sideend|p1: ddoublechin|move: Tailwind
|upkeep
|
|t:|1756413608
|switch|p2a: Rillaboom|Rillaboom, L50, M|99/100
|-fieldstart|move: Grassy Terrain|[from] ability: Grassy Surge|[of] p2a: Rillaboom
|turn|12
|
|t:|1756413617
|move|p2a: Rillaboom|Grassy Glide|p1a: Monke
|-damage|p1a: Monke|0 fnt
|faint|p1a: Monke
|
|win|JeanChasuble
||JeanChasuble is ready for game 2.
||ddoublechin is ready for game 2.
|uhtml|next|Next: Game 2 of 3
