|j|☆Mebbyaids
|j|☆theghostgymleader
|html|Mebbyaidstheghostgymleader    
|uhtml|bestof|Game 1 of a best-of-3
|t:|1783782690
|gametype|doubles
|player|p1|Mebbyaids|102|
|player|p2|theghostgymleader|brycenman|
|gen|9
|tier|[Gen 9 Champions] VGC 2026 Reg M-B (Bo3)
|rule|Species Clause: Limit one of each Pokémon
|rule|Item Clause: Limit 1 of each item
|clearpoke
|poke|p1|Starmie, L50|
|poke|p1|Pelipper, L50, M|
|poke|p1|Archaludon, L50, F|
|poke|p1|Meowscarada, L50, M|
|poke|p1|Annihilape, L50, F|
|poke|p1|Raichu, L50, F|
|poke|p2|Gengar, L50, M, shiny|
|poke|p2|Froslass, L50, F, shiny|
|poke|p2|Decidueye, L50, M, shiny|
|poke|p2|Skeledirge, L50, F, shiny|
|poke|p2|Basculegion, L50, M, shiny|
|poke|p2|Sableye, L50, F|
|teampreview|4
|showteam|p1|Starmie||Starminite|Illuminate|RapidSpin,IceSpinner,Liquidation,ZenHeadbutt|Jolly|||||50|]Pelipper||MysticWater|Drizzle|Hurricane,Surf,Protect,Tailwind|Bold||M|||50|]Archaludon||LifeOrb|Stamina|ElectroShot,DragonPulse,FlashCannon,MirrorCoat|Timid||F|||50|]Meowscarada||ChoiceScarf|Protean|FlowerTrick,KnockOff,PlayRough,Uturn|Jolly||M|||50|]Annihilape||ExpertBelt|Defiant|DrainPunch,RageFist,Earthquake,SeedBomb|Jolly||F|||50|]Raichu||RaichuniteY|Static|FocusBlast,ZapCannon,Surf,AlluringVoice|Timid||F|||50|
|showteam|p2|Gengar||Gengarite|CursedBody|SludgeBomb,Thunderbolt,Protect,DazzlingGleam|Modest||M|||50|]Froslass||Froslassite|CursedBody|Blizzard,DestinyBond,ShadowBall,AuroraVeil|Timid||F|||50|]Decidueye||FocusSash|LongReach|Tailwind,LeafBlade,SuckerPunch,BraveBird|Adamant||M|||50|]Skeledirge||Leftovers|Unaware|TorchSong,WillOWisp,Hex,SlackOff|Bold||F|||50|]Basculegion||ChoiceScarf|Adaptability|AquaJet,LastRespects,WaveCrash,FlipTurn|Jolly||M|||50|]Sableye||RoseliBerry|Prankster|Quash,Disable,Encore,WillOWisp|Calm||F|||50|
|l|☆theghostgymleader
|player|p2|
|j|☆theghostgymleader
|player|p2|theghostgymleader|brycenman|
|
|t:|1783782800
|teamsize|p1|4
|teamsize|p2|4
|start
|switch|p1a: Pelipper|Pelipper, L50, M|100/100
|switch|p1b: Meowscarada|Meowscarada, L50, M|100/100
|switch|p2a: NightMarcher|Decidueye, L50, M, shiny|100/100
|switch|p2b: Gengar|Gengar, L50, M, shiny|100/100
|-weather|RainDance|[from] ability: Drizzle|[of] p1a: Pelipper
|turn|1
|
|t:|1783782840
|detailschange|p2b: Gengar|Gengar-Mega, L50, M, shiny
|-mega|p2b: Gengar|Gengar|Gengarite
|move|p2b: Gengar|Protect|p2b: Gengar
|-singleturn|p2b: Gengar|Protect
|move|p1b: Meowscarada|Knock Off|p2a: NightMarcher
|-start|p1b: Meowscarada|typechange|Dark|[from] ability: Protean
|-supereffective|p2a: NightMarcher|1
|-enditem|p2a: NightMarcher|Focus Sash
|-damage|p2a: NightMarcher|1/100
|move|p2a: NightMarcher|Tailwind|p2a: NightMarcher
|-sidestart|p2: theghostgymleader|move: Tailwind
|move|p1a: Pelipper|Tailwind|p1a: Pelipper
|-sidestart|p1: Mebbyaids|move: Tailwind
|
|-weather|RainDance|[upkeep]
|upkeep
|turn|2
|
|t:|1783782881
|move|p1b: Meowscarada|Knock Off|p2b: Gengar
|-supereffective|p2b: Gengar|1
|-damage|p2b: Gengar|10/100
|move|p2b: Gengar|Dazzling Gleam|p1b: Meowscarada|[spread] p1a,p1b
|-crit|p1a: Pelipper
|-supereffective|p1b: Meowscarada|1
|-damage|p1a: Pelipper|41/100
|-damage|p1b: Meowscarada|16/100
|move|p2a: NightMarcher|Brave Bird|p1b: Meowscarada
|-damage|p1b: Meowscarada|0 fnt
|faint|p1b: Meowscarada
|-damage|p2a: NightMarcher|0 fnt|[from] Recoil
|faint|p2a: NightMarcher
|move|p1a: Pelipper|Surf|p2b: Gengar
|-damage|p2b: Gengar|0 fnt
|faint|p2b: Gengar
|
|-weather|RainDance|[upkeep]
|upkeep
|
|t:|1783782896
|switch|p1b: Raichu|Raichu, L50, F|100/100
|switch|p2b: Nymph|Sableye, L50, F|100/100
|switch|p2a: Legion|Basculegion, L50, M, shiny|100/100
|turn|3
|
|t:|1783782938
|detailschange|p1b: Raichu|Raichu-Mega-Y, L50, F
|-mega|p1b: Raichu|Raichu|Raichunite Y
|move|p1a: Pelipper|Protect|p1a: Pelipper
|-singleturn|p1a: Pelipper|Protect
|move|p2b: Nymph|Quash|p1b: Raichu
|-activate|p1b: Raichu|move: Quash
|move|p2a: Legion|Last Respects|p1b: Raichu
|-damage|p1b: Raichu|0 fnt
|faint|p1b: Raichu
|
|-weather|RainDance|[upkeep]
|upkeep
|
|t:|1783782946
|switch|p1b: Archaludon|Archaludon, L50, F|100/100
|turn|4
|
|t:|1783782970
|move|p2b: Nymph|Encore|p1a: Pelipper
|-start|p1a: Pelipper|Encore
|move|p1a: Pelipper|Protect||[still]
|-fail|p1a: Pelipper
|move|p2a: Legion|Last Respects|p1b: Archaludon
|-damage|p1b: Archaludon|11/100
|-ability|p1b: Archaludon|Stamina|boost
|-boost|p1b: Archaludon|def|1
|move|p1b: Archaludon|Electro Shot||[still]
|-prepare|p1b: Archaludon|Electro Shot
|-boost|p1b: Archaludon|spa|1
|-anim|p1b: Archaludon|Electro Shot|p2a: Legion
|-supereffective|p2a: Legion|1
|-damage|p2a: Legion|0 fnt
|faint|p2a: Legion
|-damage|p1b: Archaludon|1/100|[from] item: Life Orb
|
|-weather|RainDance|[upkeep]
|-sideend|p2: theghostgymleader|move: Tailwind
|-sideend|p1: Mebbyaids|move: Tailwind
|upkeep
|turn|5
|
|t:|1783782994
|move|p1a: Pelipper|Protect|p1a: Pelipper
|-singleturn|p1a: Pelipper|Protect
|move|p2b: Nymph|Disable|p1b: Archaludon
|-start|p1b: Archaludon|Disable|Electro Shot
|cant|p1b: Archaludon|Disable|Electro Shot
|
|-weather|none
|upkeep
|turn|6
|
|t:|1783783008
|move|p1a: Pelipper|Protect|p1a: Pelipper
|-singleturn|p1a: Pelipper|Protect
|move|p2b: Nymph|Encore|p1b: Archaludon
|-start|p1b: Archaludon|Encore
|cant|p1b: Archaludon|Disable|Electro Shot
|
|-end|p1a: Pelipper|Encore
|upkeep
|turn|7
|
|t:|1783783018
|move|p2b: Nymph|Encore|p1a: Pelipper
|-start|p1a: Pelipper|Encore
|move|p1a: Pelipper|Protect||[still]
|-fail|p1a: Pelipper
|-activate|p1b: Archaludon|move: Struggle
|move|p1b: Archaludon|Struggle|p2b: Nymph
|-damage|p2b: Nymph|83/100
|-damage|p1b: Archaludon|0 fnt|[from] recoil
|faint|p1b: Archaludon
|
|upkeep
|turn|8
|
|t:|1783783031
|move|p1a: Pelipper|Protect|p1a: Pelipper
|-singleturn|p1a: Pelipper|Protect
|move|p2b: Nymph|Disable|p1a: Pelipper
|-activate|p1a: Pelipper|move: Protect
|
|upkeep
|turn|9
|
|t:|1783783036
|move|p1a: Pelipper|Protect|p1a: Pelipper
|-singleturn|p1a: Pelipper|Protect
|move|p2b: Nymph|Will-O-Wisp|p1a: Pelipper
|-activate|p1a: Pelipper|move: Protect
|
|-end|p1a: Pelipper|Encore
|upkeep
|turn|10
|j| birooooo
|l| birooooo
|
|t:|1783783040
|move|p1a: Pelipper|Protect||[still]
|-fail|p1a: Pelipper
|move|p2b: Nymph|Encore||[still]
|-fail|p2b: Nymph
|
|upkeep
|turn|11
|
|t:|1783783057
|move|p2b: Nymph|Will-O-Wisp|p1a: Pelipper
|-status|p1a: Pelipper|brn
|move|p1a: Pelipper|Surf|p2b: Nymph
|-damage|p2b: Nymph|40/100
|
|-damage|p1a: Pelipper|35/100 brn|[from] brn
|upkeep
|turn|12
|
|t:|1783783065
|move|p2b: Nymph|Disable|p1a: Pelipper
|-start|p1a: Pelipper|Disable|Surf
|cant|p1a: Pelipper|Disable|Surf
|
|-damage|p1a: Pelipper|29/100 brn|[from] brn
|upkeep
|turn|13
|
|t:|1783783072
|move|p2b: Nymph|Encore|p1a: Pelipper
|-start|p1a: Pelipper|Encore
|cant|p1a: Pelipper|Disable|Surf
|
|-damage|p1a: Pelipper|23/100 brn|[from] brn
|upkeep
|turn|14
|
|t:|1783783078
|move|p2b: Nymph|Quash|p1a: Pelipper
|-activate|p1a: Pelipper|move: Quash
|-activate|p1a: Pelipper|move: Struggle
|move|p1a: Pelipper|Struggle|p2b: Nymph
|-damage|p2b: Nymph|36/100
|-damage|p1a: Pelipper|0 fnt|[from] recoil
|faint|p1a: Pelipper
|
|win|theghostgymleader
||Mebbyaids is ready for game 2.
|inactive|theghostgymleader has 30 seconds to confirm battle start!
||theghostgymleader is ready for game 2.
|uhtml|next|Next: Game 2 of 3
|l|☆theghostgymleader
|player|p2|
