|j|☆vxrtex51
|j|☆randomsnore_gam
|html|vxrtex51randomsnore_gam    
|uhtml|bestof|Game 1 of a best-of-3
|t:|1783082486
|gametype|doubles
|player|p1|vxrtex51|101|1175
|player|p2|randomsnore_gam|chili|1203
|gen|9
|tier|[Gen 9 Champions] VGC 2026 Reg M-B (Bo3)
|rated|
|rule|Species Clause: Limit one of each Pokémon
|rule|Item Clause: Limit 1 of each item
|clearpoke
|poke|p1|Ceruledge, L50, M|
|poke|p1|Weavile, L50, F|
|poke|p1|Staraptor, L50, F|
|poke|p1|Garchomp, L50, F|
|poke|p1|Whimsicott, L50, F|
|poke|p1|Rotom-Wash, L50|
|poke|p2|Glimmora, L50, F|
|poke|p2|Scovillain, L50, F|
|poke|p2|Grimmsnarl, L50, M|
|poke|p2|Milotic, L50, F|
|poke|p2|Sneasler, L50, M|
|poke|p2|Corviknight, L50, F|
|teampreview|4
|showteam|p1|Ceruledge||LifeOrb|WeakArmor|BitterBlade,Poltergeist,Taunt,Protect|Adamant||M|||50|]Weavile||WhiteHerb|Pickpocket|TripleAxel,KnockOff,FakeOut,Taunt|Jolly||F|||50|]Staraptor||Staraptite|Intimidate|BraveBird,CloseCombat,Roost,Tailwind|Jolly||F|||50|]Garchomp||ChoiceScarf|RoughSkin|RockSlide,Earthquake,DragonClaw,StompingTantrum|Adamant||F|||50|]Whimsicott||FocusSash|Prankster|Charm,Tailwind,Encore,Moonblast|Timid||F|||50|]Rotom-Wash||Leftovers|Levitate|VoltSwitch,PainSplit,HydroPump,ThunderWave|Calm|||||50|
|showteam|p2|Glimmora||Glimmoranite|ToxicDebris|PowerGem,SludgeBomb,EarthPower,SpikyShield|Modest||F|||50|]Scovillain||Scovillainite|Moody|Overheat,RagePowder,Protect,GigaDrain|Calm||F|||50|]Grimmsnarl||LightClay|Prankster|SpiritBreak,Reflect,LightScreen,FakeOut|Impish||M|||50|]Milotic||Leftovers|Competitive|MuddyWater,Coil,Hypnosis,Protect|Calm||F|||50|]Sneasler||LifeOrb|PoisonTouch|CloseCombat,DireClaw,ThroatChop,Protect|Jolly||M|||50|]Corviknight||SitrusBerry|MirrorArmor|Tailwind,BraveBird,Roost,IronHead|Careful||F|||50|
|inactive|Battle timer is ON: inactive players will automatically lose when time's up. (requested by randomsnore_gam)
|inactive|vxrtex51 also wants the timer to be on.
|inactive|randomsnore_gam has 60 seconds left.
|
|t:|1783082526
|teamsize|p1|4
|teamsize|p2|4
|start
|switch|p1a: Staraptor|Staraptor, L50, F|100/100
|switch|p1b: Whimsicott|Whimsicott, L50, F|100/100
|switch|p2a: Glimmora|Glimmora, L50, F|100/100
|switch|p2b: Corviknight|Corviknight, L50, F|100/100
|-ability|p1a: Staraptor|Intimidate|boost
|-unboost|p2a: Glimmora|atk|1
|-ability|p2b: Corviknight|Mirror Armor
|-unboost|p1a: Staraptor|atk|1
|turn|1
|
|t:|1783082542
|detailschange|p1a: Staraptor|Staraptor-Mega, L50, F
|-mega|p1a: Staraptor|Staraptor|Staraptite
|detailschange|p2a: Glimmora|Glimmora-Mega, L50, F
|-mega|p2a: Glimmora|Glimmora|Glimmoranite
|move|p1b: Whimsicott|Charm|p1a: Staraptor
|-boost|p1a: Staraptor|atk|2
|move|p1a: Staraptor|Close Combat|p2b: Corviknight
|-damage|p2b: Corviknight|14/100
|-boost|p1a: Staraptor|def|1
|-boost|p1a: Staraptor|spd|1
|-enditem|p2b: Corviknight|Sitrus Berry|[eat]
|-heal|p2b: Corviknight|39/100|[from] item: Sitrus Berry
|move|p2a: Glimmora|Power Gem|p1a: Staraptor
|-damage|p1a: Staraptor|46/100
|move|p2b: Corviknight|Tailwind|p2b: Corviknight
|-sidestart|p2: randomsnore_gam|move: Tailwind
|
|upkeep
|turn|2
|
|t:|1783082563
|switch|p2b: Sneasler|Sneasler, L50, M|100/100
|move|p1b: Whimsicott|Tailwind|p1b: Whimsicott
|-sidestart|p1: vxrtex51|move: Tailwind
|move|p1a: Staraptor|Close Combat|p2b: Sneasler
|-resisted|p2b: Sneasler|1
|-damage|p2b: Sneasler|9/100
|-boost|p1a: Staraptor|def|1
|-boost|p1a: Staraptor|spd|1
|move|p2a: Glimmora|Power Gem|p1a: Staraptor
|-damage|p1a: Staraptor|12/100
|
|upkeep
|turn|3
|inactive|vxrtex51 has 30 seconds left.
|
|t:|1783082597
|move|p1b: Whimsicott|Charm|p2b: Sneasler
|-unboost|p2b: Sneasler|atk|2
|move|p2b: Sneasler|Dire Claw|p1a: Staraptor
|-damage|p1a: Staraptor|0 fnt
|faint|p1a: Staraptor
|-damage|p2b: Sneasler|0 fnt|[from] item: Life Orb
|faint|p2b: Sneasler
|move|p2a: Glimmora|Sludge Bomb|p1b: Whimsicott
|-supereffective|p1b: Whimsicott|2
|-enditem|p1b: Whimsicott|Focus Sash
|-damage|p1b: Whimsicott|1/100
|
|upkeep
|
|t:|1783082609
|switch|p2b: Corviknight|Corviknight, L50, F|39/100
|switch|p1a: Ceruledge|Ceruledge, L50, M|100/100
|turn|4
|
|t:|1783082627
|switch|p1b: Garchomp|Garchomp, L50, F|100/100
|move|p2a: Glimmora|Power Gem|p1a: Ceruledge
|-supereffective|p1a: Ceruledge|1
|-damage|p1a: Ceruledge|0 fnt
|faint|p1a: Ceruledge
|move|p2b: Corviknight|Brave Bird|p1b: Garchomp
|-damage|p1b: Garchomp|54/100
|-damage|p2b: Corviknight|27/100|[from] ability: Rough Skin|[of] p1b: Garchomp
|-damage|p2b: Corviknight|13/100|[from] Recoil
|
|-sideend|p2: randomsnore_gam|move: Tailwind
|upkeep
|
|t:|1783082632
|switch|p1a: Whimsicott|Whimsicott, L50, F|1/100
|turn|5
|
|t:|1783082643
|switch|p2a: Milotic|Milotic, L50, F|100/100
|move|p1a: Whimsicott|Tailwind||[still]
|-fail|p1a: Whimsicott
|move|p1b: Garchomp|Stomping Tantrum|p2a: Milotic
|-damage|p2a: Milotic|56/100
|move|p2b: Corviknight|Brave Bird|p1a: Whimsicott
|-supereffective|p1a: Whimsicott|1
|-damage|p1a: Whimsicott|0 fnt
|faint|p1a: Whimsicott
|-damage|p2b: Corviknight|12/100|[from] Recoil
|
|-heal|p2a: Milotic|62/100|[from] item: Leftovers
|-sideend|p1: vxrtex51|move: Tailwind
|upkeep
|turn|6
|-message|vxrtex51 forfeited.
|
|win|randomsnore_gam
|l|☆vxrtex51
|player|p1|
||vxrtex51 is ready for game 2.
||randomsnore_gam is ready for game 2.
|uhtml|next|Next: Game 2 of 3
