|j|☆Njase
|j|☆alkittxn
|html|Njasealkittxn    
|uhtml|bestof|Game 2 of a best-of-3
|t:|1782684322
|gametype|doubles
|player|p1|Njase|2|1114
|player|p2|alkittxn|aaron|1025
|gen|9
|tier|[Gen 9 Champions] VGC 2026 Reg M-B (Bo3)
|rated|
|rule|Species Clause: Limit one of each Pokémon
|rule|Item Clause: Limit 1 of each item
|clearpoke
|poke|p1|Staraptor, L50, M|
|poke|p1|Whimsicott, L50, M|
|poke|p1|Garchomp, L50, M|
|poke|p1|Gholdengo, L50|
|poke|p1|Raichu, L50, M|
|poke|p1|Volcarona, L50, M|
|poke|p2|Gallade, L50, M|
|poke|p2|Camerupt, L50, M|
|poke|p2|Farigiraf, L50, M|
|poke|p2|Kingambit, L50, F|
|poke|p2|Gyarados, L50, M|
|poke|p2|Sylveon, L50, F|
|teampreview|4
|showteam|p1|Staraptor||Staraptite|Intimidate|BraveBird,CloseCombat,Roost,Protect|Jolly||M|||50|]Whimsicott||FocusSash|Prankster|Encore,Tailwind,Charm,Moonblast|Bold||M|||50|]Garchomp||LifeOrb|RoughSkin|ScaleShot,Protect,Earthquake,RockSlide|Jolly||M|||50|]Gholdengo||ChoiceScarf|GoodasGold|MakeItRain,ShadowBall,Trick,Thunderbolt|Modest|||||50|]Raichu||RaichuniteY|LightningRod|FakeOut,ZapCannon,VoltSwitch,FocusBlast|Hasty||M|||50|]Volcarona||SitrusBerry|FlameBody|HeatWave,RagePowder,GigaDrain,Protect|Bold||M|||50|
|showteam|p2|Gallade||FocusSash|Sharpness|SacredSword,PsychoCut,LeafBlade,WideGuard|Adamant||M|||50|]Camerupt||Cameruptite|SolidRock|HeatWave,AncientPower,EarthPower,Protect|Quiet||M|||50|]Farigiraf||ColburBerry|ArmorTail|TwinBeam,TrickRoom,Protect,Thunderbolt|Bold||M|||50|]Kingambit||BlackGlasses|Defiant|SuckerPunch,IronHead,KowtowCleave,LowKick|Brave||F|||50|]Gyarados||Gyaradosite|Intimidate|Waterfall,IceFang,Protect,Crunch|Adamant||M|||50|]Sylveon||FairyFeather|Pixilate|HyperVoice,Protect,QuickAttack,HyperBeam|Quiet||F|||50|
|j| Picklepie314
|l| Picklepie314
|
|t:|1782684370
|teamsize|p1|4
|teamsize|p2|4
|start
|switch|p1a: Garchomp|Garchomp, L50, M|100/100
|switch|p1b: Staraptor|Staraptor, L50, M|100/100
|switch|p2a: Farigiraf|Farigiraf, L50, M|100/100
|switch|p2b: Sylveon|Sylveon, L50, F|100/100
|-ability|p1b: Staraptor|Intimidate|boost
|-unboost|p2a: Farigiraf|atk|1
|-unboost|p2b: Sylveon|atk|1
|turn|1
|
|t:|1782684406
|switch|p1b: Gholdengo|Gholdengo, L50|100/100
|move|p1a: Garchomp|Protect|p1a: Garchomp
|-singleturn|p1a: Garchomp|Protect
|move|p2b: Sylveon|Protect|p2b: Sylveon
|-singleturn|p2b: Sylveon|Protect
|move|p2a: Farigiraf|Trick Room|p2a: Farigiraf
|-fieldstart|move: Trick Room|[of] p2a: Farigiraf
|
|upkeep
|turn|2
|
|t:|1782684447
|switch|p2a: Gyarados|Gyarados, L50, M|100/100
|-ability|p2a: Gyarados|Intimidate|boost
|-unboost|p1a: Garchomp|atk|1
|-unboost|p1b: Gholdengo|atk|1
|switch|p1a: Volcarona|Volcarona, L50, M|100/100
|move|p2b: Sylveon|Hyper Voice|p1a: Volcarona|[spread] p1a,p1b
|-resisted|p1a: Volcarona|1
|-resisted|p1b: Gholdengo|1
|-damage|p1a: Volcarona|78/100
|-damage|p1b: Gholdengo|72/100
|move|p1b: Gholdengo|Make It Rain|p2a: Gyarados|[spread] p2a,p2b
|-resisted|p2a: Gyarados|1
|-supereffective|p2b: Sylveon|1
|-damage|p2a: Gyarados|74/100
|-damage|p2b: Sylveon|21/100
|-unboost|p1b: Gholdengo|spa|2
|
|upkeep
|turn|3
|
|t:|1782684480
|switch|p1b: Staraptor|Staraptor, L50, M|100/100
|-ability|p1b: Staraptor|Intimidate|boost
|-unboost|p2a: Gyarados|atk|1
|-unboost|p2b: Sylveon|atk|1
|move|p2b: Sylveon|Protect|p2b: Sylveon
|-singleturn|p2b: Sylveon|Protect
|move|p1a: Volcarona|Rage Powder|p1a: Volcarona
|-singleturn|p1a: Volcarona|move: Rage Powder
|move|p2a: Gyarados|Crunch|p1a: Volcarona
|-damage|p1a: Volcarona|57/100
|
|upkeep
|turn|4
|
|t:|1782684503
|switch|p2a: Camerupt|Camerupt, L50, M|100/100
|move|p1a: Volcarona|Protect|p1a: Volcarona
|-singleturn|p1a: Volcarona|Protect
|move|p1b: Staraptor|Protect|p1b: Staraptor
|-singleturn|p1b: Staraptor|Protect
|move|p2b: Sylveon|Hyper Voice|p1a: Volcarona|[spread] 
|-activate|p1a: Volcarona|move: Protect
|-activate|p1b: Staraptor|move: Protect
|
|upkeep
|turn|5
|
|t:|1782684536
|switch|p2b: Farigiraf|Farigiraf, L50, M|100/100
|switch|p1b: Garchomp|Garchomp, L50, M|100/100
|detailschange|p2a: Camerupt|Camerupt-Mega, L50, M
|-mega|p2a: Camerupt|Camerupt|Cameruptite
|move|p2a: Camerupt|Heat Wave|p1b: Garchomp|[spread] p1a,p1b
|-resisted|p1b: Garchomp|1
|-damage|p1a: Volcarona|10/100
|-damage|p1b: Garchomp|68/100
|-enditem|p1a: Volcarona|Sitrus Berry|[eat]
|-heal|p1a: Volcarona|35/100|[from] item: Sitrus Berry
|move|p1a: Volcarona|Giga Drain|p2a: Camerupt
|-damage|p2a: Camerupt|77/100
|-heal|p1a: Volcarona|45/100|[from] drain|[of] p2a: Camerupt
|
|-fieldend|move: Trick Room
|upkeep
|turn|6
|
|t:|1782684555
|switch|p2a: Gyarados|Gyarados, L50, M|74/100
|-ability|p2a: Gyarados|Intimidate|boost
|-unboost|p1a: Volcarona|atk|1
|-unboost|p1b: Garchomp|atk|1
|move|p1b: Garchomp|Earthquake|p2b: Farigiraf|[spread] p1a,p2b
|-immune|p2a: Gyarados
|-damage|p1a: Volcarona|9/100
|-damage|p2b: Farigiraf|74/100
|-damage|p1b: Garchomp|58/100|[from] item: Life Orb
|move|p1a: Volcarona|Heat Wave|p2a: Gyarados|[spread] p2b
|-miss|p1a: Volcarona|p2a: Gyarados
|-damage|p2b: Farigiraf|42/100
|move|p2b: Farigiraf|Trick Room|p2b: Farigiraf
|-fieldstart|move: Trick Room|[of] p2b: Farigiraf
|
|upkeep
|turn|7
|
|t:|1782684591
|switch|p2b: Camerupt|Camerupt-Mega, L50, M|77/100
|move|p1a: Volcarona|Rage Powder|p1a: Volcarona
|-singleturn|p1a: Volcarona|move: Rage Powder
|move|p2a: Gyarados|Crunch|p1a: Volcarona
|-damage|p1a: Volcarona|0 fnt
|-status|p2a: Gyarados|brn|[from] ability: Flame Body|[of] p1a: Volcarona
|faint|p1a: Volcarona
|move|p1b: Garchomp|Rock Slide|p2b: Camerupt|[spread] p2a,p2b
|-supereffective|p2a: Gyarados|1
|-damage|p2a: Gyarados|41/100 brn
|-damage|p2b: Camerupt|60/100
|-damage|p1b: Garchomp|49/100|[from] item: Life Orb
|
|-damage|p2a: Gyarados|35/100 brn|[from] brn
|upkeep
|
|t:|1782684637
|switch|p1a: Staraptor|Staraptor, L50, M|100/100
|-ability|p1a: Staraptor|Intimidate|boost
|-unboost|p2a: Gyarados|atk|1
|-unboost|p2b: Camerupt|atk|1
|turn|8
|
|t:|1782684681
|detailschange|p1a: Staraptor|Staraptor-Mega, L50, M
|-mega|p1a: Staraptor|Staraptor|Staraptite
|move|p1a: Staraptor|Protect|p1a: Staraptor
|-singleturn|p1a: Staraptor|Protect
|move|p2b: Camerupt|Ancient Power|p1a: Staraptor
|-activate|p1a: Staraptor|move: Protect
|move|p2a: Gyarados|Ice Fang|p1a: Staraptor
|-activate|p1a: Staraptor|move: Protect
|move|p1b: Garchomp|Earthquake|p2b: Camerupt|[spread] p2b
|-activate|p1a: Staraptor|move: Protect
|-immune|p2a: Gyarados
|-supereffective|p2b: Camerupt|1
|-crit|p2b: Camerupt
|-damage|p2b: Camerupt|0 fnt
|faint|p2b: Camerupt
|-damage|p1b: Garchomp|39/100|[from] item: Life Orb
|
|-damage|p2a: Gyarados|29/100 brn|[from] brn
|upkeep
|
|t:|1782684701
|switch|p2b: Sylveon|Sylveon, L50, F|21/100
|turn|9
|
|t:|1782684713
|move|p1b: Garchomp|Protect|p1b: Garchomp
|-singleturn|p1b: Garchomp|Protect
|move|p2b: Sylveon|Hyper Voice|p1b: Garchomp|[spread] p1a
|-activate|p1b: Garchomp|move: Protect
|-supereffective|p1a: Staraptor|1
|-damage|p1a: Staraptor|0 fnt
|faint|p1a: Staraptor
|move|p2a: Gyarados|Ice Fang|p1b: Garchomp
|-activate|p1b: Garchomp|move: Protect
|
|-damage|p2a: Gyarados|23/100 brn|[from] brn
|upkeep
|
|t:|1782684736
|switch|p1a: Gholdengo|Gholdengo, L50|72/100
|turn|10
|
|t:|1782684753
|switch|p2b: Farigiraf|Farigiraf, L50, M|42/100
|move|p1b: Garchomp|Protect||[still]
|-fail|p1b: Garchomp
|move|p2a: Gyarados|Crunch|p1a: Gholdengo
|-supereffective|p1a: Gholdengo|1
|-damage|p1a: Gholdengo|51/100
|move|p1a: Gholdengo|Make It Rain|p2a: Gyarados|[spread] p2a,p2b
|-resisted|p2a: Gyarados|1
|-damage|p2a: Gyarados|0 fnt
|-damage|p2b: Farigiraf|0 fnt
|-unboost|p1a: Gholdengo|spa|2
|faint|p2a: Gyarados
|faint|p2b: Farigiraf
|
|-fieldend|move: Trick Room
|upkeep
|
|t:|1782684770
|switch|p2b: Sylveon|Sylveon, L50, F|21/100
|turn|11
|
|t:|1782684779
|move|p1a: Gholdengo|Make It Rain|p2b: Sylveon
|-supereffective|p2b: Sylveon|1
|-damage|p2b: Sylveon|0 fnt
|-unboost|p1a: Gholdengo|spa|2
|faint|p2b: Sylveon
|
|win|Njase
