|j|â˜†Tusking Chusking
|j|â˜†AN555GEL
|html|Tusking ChuskingAN555GEL    
|uhtml|bestof|Game 2 of a best-of-3
|t:|1757019706
|gametype|doubles
|player|p1|Tusking Chusking|iris-gen5bw2|1178
|player|p2|AN555GEL|266|1326
|gen|9
|tier|[Gen 9] VGC 2025 Reg H (Bo3)
|rated|
|rule|Species Clause: Limit one of each PokÃ©mon
|rule|Item Clause: Limit 1 of each item
|clearpoke
|poke|p1|Ursaluna, L50, M|
|poke|p1|Indeedee-F, L50, F|
|poke|p1|Exeggutor, L50, F|
|poke|p1|Torkoal, L50, M|
|poke|p1|Gallade, L50, M|
|poke|p1|Zoroark-Hisui, L50, M|
|poke|p2|Dragonite, L50, F|
|poke|p2|Ursaluna, L50, M|
|poke|p2|Archaludon, L50, M|
|poke|p2|Sinistcha-Masterpiece, L50|
|poke|p2|Pelipper, L50, M|
|poke|p2|Gholdengo, L50|
|teampreview|4
|showteam|p1|Ursaluna||FlameOrb|Guts|Protect,Facade,Earthquake,HeadlongRush|||M|||50|,,,,,Ghost]Indeedee-F||PsychicSeed|PsychicSurge|TrickRoom,Psychic,FollowMe,HelpingHand|||F|||50|,,,,,Grass]Exeggutor||FocusSash|Chlorophyll|TrickRoom,ExpandingForce,EnergyBall,SleepPowder|||F|||50|,,,,,Psychic]Torkoal||Charcoal|Drought|Eruption,WeatherBall,Protect,ClearSmog|||M|||50|,,,,,Fire]Gallade||ClearAmulet|Sharpness|SacredSword,PsychoCut,WideGuard,TrickRoom|||M|||50|,,,,,Grass]Zoroark-Hisui||ChoiceSpecs|Illusion|HyperVoice,Flamethrower,ShadowBall,TeraBlast|||M|||50|,,,,,Stellar
|showteam|p2|Dragonite||LoadedDice|Multiscale|ScaleShot,Protect,Tailwind,Haze|||F|||50|,,,,,Fairy]Ursaluna||FlameOrb|Guts|Facade,HeadlongRush,Earthquake,Protect|||M|||50|,,,,,Ghost]Archaludon||AssaultVest|Stamina|BodyPress,Snarl,ElectroShot,FlashCannon|||M|||50|,,,,,Fighting]Sinistcha-Masterpiece||SitrusBerry|Hospitality|MatchaGotcha,RagePowder,TrickRoom,LifeDew||||||50|,,,,,Dark]Pelipper||FocusSash|Drizzle|MuddyWater,Hurricane,Tailwind,Protect|||M|||50|,,,,,Ghost]Gholdengo||ChoiceScarf|GoodasGold|MakeItRain,TeraBlast,ShadowBall,Trick||||||50|,,,,,Water
|
|t:|1757019739
|teamsize|p1|4
|teamsize|p2|4
|start
|switch|p1a: Indeedee|Indeedee-F, L50, F|100/100
|switch|p1b: Gallade|Gallade, L50, M|100/100
|switch|p2a: Archaludon|Archaludon, L50, M|100/100
|switch|p2b: Ursaluna|Ursaluna, L50, M, shiny|100/100
|-fieldstart|move: Psychic Terrain|[from] ability: Psychic Surge|[of] p1a: Indeedee
|-enditem|p1a: Indeedee|Psychic Seed
|-boost|p1a: Indeedee|spd|1|[from] item: Psychic Seed
|turn|1
|
|t:|1757019764
|switch|p1b: Torkoal|Torkoal, L50, M|100/100
|-weather|SunnyDay|[from] ability: Drought|[of] p1b: Torkoal
|move|p2a: Archaludon|Snarl|p1a: Indeedee|[spread] p1a,p1b
|-supereffective|p1a: Indeedee
|-damage|p1a: Indeedee|85/100
|-damage|p1b: Torkoal|86/100
|-unboost|p1a: Indeedee|spa|1
|-unboost|p1b: Torkoal|spa|1
|move|p2b: Ursaluna|Headlong Rush|p1b: Torkoal
|-supereffective|p1b: Torkoal
|-damage|p1b: Torkoal|0 fnt
|-unboost|p2b: Ursaluna|def|1
|-unboost|p2b: Ursaluna|spd|1
|faint|p1b: Torkoal
|move|p1a: Indeedee|Trick Room|p1a: Indeedee
|-fieldstart|move: Trick Room|[of] p1a: Indeedee
|
|-weather|SunnyDay|[upkeep]
|-status|p2b: Ursaluna|brn|[from] item: Flame Orb
|upkeep
|
|t:|1757019771
|switch|p1b: Ursaluna|Ursaluna, L50, M|100/100
|turn|2
|
|t:|1757019792
|switch|p2a: Pelipper|Pelipper, L50, M, shiny|100/100
|-weather|RainDance|[from] ability: Drizzle|[of] p2a: Pelipper
|move|p1b: Ursaluna|Protect|p1b: Ursaluna
|-singleturn|p1b: Ursaluna|Protect
|move|p1a: Indeedee|Psychic|p2b: Ursaluna
|-damage|p2b: Ursaluna|61/100 brn
|move|p2b: Ursaluna|Earthquake|p1a: Indeedee|[spread] p1a
|-activate|p1b: Ursaluna|move: Protect
|-immune|p2a: Pelipper
|-damage|p1a: Indeedee|15/100
|
|-weather|RainDance|[upkeep]
|-damage|p2b: Ursaluna|55/100 brn|[from] brn
|-status|p1b: Ursaluna|brn|[from] item: Flame Orb
|upkeep
|turn|3
|c|â˜†Tusking Chusking|loco que te le hayas jugado asÃ­
|c|â˜†AN555GEL|sÃ­ eh porque me iba a matar bestia un facade sin quemar a archa
|c|â˜†Tusking Chusking|no xD
|c|â˜†Tusking Chusking|digo turno 1
|
|t:|1757019839
|switch|p2b: Archaludon|Archaludon, L50, M|100/100
|-terastallize|p1b: Ursaluna|Ghost
|move|p2a: Pelipper|Protect|p2a: Pelipper
|-singleturn|p2a: Pelipper|Protect
|move|p1b: Ursaluna|Facade|p2b: Archaludon
|-resisted|p2b: Archaludon
|-damage|p2b: Archaludon|59/100
|-ability|p2b: Archaludon|Stamina|boost
|-boost|p2b: Archaludon|def|1
|move|p1a: Indeedee|Psychic|p2a: Pelipper
|-activate|p2a: Pelipper|move: Protect
|
|-weather|RainDance|[upkeep]
|-damage|p1b: Ursaluna|94/100 brn|[from] brn
|upkeep
|turn|4
|c|â˜†Tusking Chusking|me esperaba minimo protect en ursa con un gallade delante
|
|t:|1757019864
|switch|p2a: Sinistcha|Sinistcha-Masterpiece, L50|100/100
|-heal|p2b: Archaludon|84/100|[from] ability: Hospitality|[of] p2a: Sinistcha
|-terastallize|p2b: Archaludon|Fighting
|move|p1b: Ursaluna|Facade|p2a: Sinistcha
|-immune|p2a: Sinistcha
|move|p1a: Indeedee|Psychic|p2a: Sinistcha
|-damage|p2a: Sinistcha|75/100
|-unboost|p2a: Sinistcha|spd|1
|move|p2b: Archaludon|Snarl|p1a: Indeedee|[spread] p1a,p1b
|-supereffective|p1a: Indeedee
|-supereffective|p1b: Ursaluna
|-damage|p1a: Indeedee|0 fnt
|-damage|p1b: Ursaluna|73/100 brn
|-unboost|p1b: Ursaluna|spa|1
|faint|p1a: Indeedee
|
|-weather|RainDance|[upkeep]
|-damage|p1b: Ursaluna|67/100 brn|[from] brn
|upkeep
|
|t:|1757019868
|switch|p1a: Gallade|Gallade, L50, M|100/100
|turn|5
|
|t:|1757019898
|move|p1b: Ursaluna|Protect|p1b: Ursaluna
|-singleturn|p1b: Ursaluna|Protect
|move|p2a: Sinistcha|Rage Powder|p2a: Sinistcha
|-singleturn|p2a: Sinistcha|move: Rage Powder
|move|p1a: Gallade|Psycho Cut|p2a: Sinistcha
|-damage|p2a: Sinistcha|10/100
|-enditem|p2a: Sinistcha|Sitrus Berry|[eat]
|-heal|p2a: Sinistcha|35/100|[from] item: Sitrus Berry
|move|p2b: Archaludon|Electro Shot||[still]
|-prepare|p2b: Archaludon|Electro Shot
|-boost|p2b: Archaludon|spa|1
|-anim|p2b: Archaludon|Electro Shot|p1b: Ursaluna
|-activate|p1b: Ursaluna|move: Protect
|
|-weather|RainDance|[upkeep]
|-damage|p1b: Ursaluna|61/100 brn|[from] brn
|-fieldend|move: Trick Room
|-fieldend|move: Psychic Terrain
|upkeep
|turn|6
|-message|Tusking Chusking forfeited.
|
|win|AN555GEL
|raw|Tusking Chusking's rating: 1178 → 1163(-15 for losing)
|raw|AN555GEL's rating: 1326 → 1338(+12 for winning)
|l|â˜†Tusking Chusking
|player|p1|
|c|â˜†AN555GEL|gg
