|j|☆Linkmasterjr
|j|☆jonathan53332
|html|Linkmasterjrjonathan53332    
|uhtml|bestof|Game 2 of a best-of-3
|t:|1782465623
|gametype|doubles
|player|p1|Linkmasterjr|265|
|player|p2|jonathan53332|266|
|gen|9
|tier|[Gen 9 Champions] VGC 2026 Reg M-B (Bo3)
|rule|Species Clause: Limit one of each Pokémon
|rule|Item Clause: Limit 1 of each item
|clearpoke
|poke|p1|Tyranitar, L50, F|
|poke|p1|Garchomp, L50, M|
|poke|p1|Scizor, L50, M|
|poke|p1|Sandaconda, L50, M|
|poke|p1|Raichu, L50, M|
|poke|p1|Gengar, L50, F|
|poke|p2|Primarina, L50, M|
|poke|p2|Sinistcha-Masterpiece, L50, shiny|
|poke|p2|Pelipper, L50, M|
|poke|p2|Excadrill, L50, M|
|poke|p2|Golurk, L50|
|poke|p2|Eelektross, L50, M, shiny|
|teampreview|4
|showteam|p1|Tyranitar||BrightPowder|SandStream|RockSlide,Avalanche,Crunch,Protect|Adamant||F|||50|]Garchomp||MuscleBand|SandVeil|IronHead,Earthquake,Crunch,Protect|Jolly||M|||50|]Scizor||Scizorite|Technician|Tailwind,SwordsDance,DualWingbeat,CloseCombat|Adamant||M|||50|]Sandaconda||LifeOrb|SandSpit|Coil,Glare,Protect,Substitute|Timid||M|||50|]Raichu||RaichuniteY|LightningRod|FakeOut,AlluringVoice,ZapCannon,FocusBlast|Hasty||M|||50|]Gengar||Gengarite|CursedBody|ShadowBall,SludgeBomb,Thunder,DestinyBond|Timid||F|||50|
|showteam|p2|Primarina||Leftovers|LiquidVoice|HyperVoice,Blizzard,PerishSong,ShadowBall|Modest||M|||50|]Sinistcha-Masterpiece||SitrusBerry|Hospitality|MatchaGotcha,StrengthSap,ShadowBall,Scald|Modest|||||50|]Pelipper||FocusSash|Drizzle|Hurricane,WideGuard,IcyWind,Tailwind|Modest||M|||50|]Excadrill||Excadrite|MoldBreaker|Earthquake,IronHead,BrickBreak,Protect|Jolly||M|||50|]Golurk||Golurkite|NoGuard|DynamicPunch,FirePunch,HeadlongRush,Poltergeist|Adamant|||||50|]Eelektross||Eelektrossite|Levitate|Flamethrower,WildCharge,Crunch,Protect|Hasty||M|||50|
|
|t:|1782465659
|teamsize|p1|4
|teamsize|p2|4
|start
|switch|p1a: Scizor|Scizor, L50, M|100/100
|switch|p1b: Tyranitar|Tyranitar, L50, F|100/100
|switch|p2a: Primarina|Primarina, L50, M|100/100
|switch|p2b: Pelipper|Pelipper, L50, M|100/100
|-weather|RainDance|[from] ability: Drizzle|[of] p2b: Pelipper
|-weather|Sandstorm|[from] ability: Sand Stream|[of] p1b: Tyranitar
|turn|1
|
|t:|1782465681
|detailschange|p1a: Scizor|Scizor-Mega, L50, M
|-mega|p1a: Scizor|Scizor|Scizorite
|move|p1b: Tyranitar|Protect|p1b: Tyranitar
|-singleturn|p1b: Tyranitar|Protect
|move|p2b: Pelipper|Wide Guard|p2b: Pelipper
|-singleturn|p2b: Pelipper|Wide Guard
|move|p1a: Scizor|Dual Wingbeat|p2a: Primarina
|-damage|p2a: Primarina|61/100
|-damage|p2a: Primarina|26/100
|-hitcount|p2a: Primarina|2
|move|p2a: Primarina|Hyper Voice|p1a: Scizor|[spread] p1a
|-activate|p1b: Tyranitar|move: Protect
|-damage|p1a: Scizor|64/100
|
|-weather|Sandstorm|[upkeep]
|-damage|p2b: Pelipper|94/100|[from] Sandstorm
|-damage|p2a: Primarina|21/100|[from] Sandstorm
|-heal|p2a: Primarina|26/100|[from] item: Leftovers
|upkeep
|turn|2
|
|t:|1782465698
|move|p2b: Pelipper|Hurricane|p1a: Scizor
|-damage|p1a: Scizor|13/100
|move|p1a: Scizor|Tailwind|p1a: Scizor
|-sidestart|p1: Linkmasterjr|move: Tailwind
|move|p1b: Tyranitar|Rock Slide|p2a: Primarina|[spread] p2a,p2b
|-supereffective|p2b: Pelipper|1
|-damage|p2a: Primarina|0 fnt
|-damage|p2b: Pelipper|9/100
|faint|p2a: Primarina
|
|-weather|Sandstorm|[upkeep]
|-damage|p2b: Pelipper|3/100|[from] Sandstorm
|upkeep
|
|t:|1782465708
|switch|p2a: Excadrill|Excadrill, L50, M|100/100
|-ability|p2a: Excadrill|Mold Breaker
|turn|3
|
|t:|1782465715
|detailschange|p2a: Excadrill|Excadrill-Mega, L50, M
|-mega|p2a: Excadrill|Excadrill|Excadrite
|move|p1a: Scizor|Close Combat|p2a: Excadrill
|-supereffective|p2a: Excadrill|1
|-damage|p2a: Excadrill|4/100
|-unboost|p1a: Scizor|def|1
|-unboost|p1a: Scizor|spd|1
|move|p2a: Excadrill|Brick Break|p1b: Tyranitar
|-supereffective|p1b: Tyranitar|2
|-damage|p1b: Tyranitar|0 fnt
|faint|p1b: Tyranitar
|move|p2b: Pelipper|Tailwind|p2b: Pelipper
|-sidestart|p2: jonathan53332|move: Tailwind
|
|-weather|Sandstorm|[upkeep]
|-damage|p2b: Pelipper|0 fnt|[from] Sandstorm
|faint|p2b: Pelipper
|upkeep
|
|t:|1782465730
|switch|p2b: Sinistcha|Sinistcha-Masterpiece, L50, shiny|100/100
|switch|p1b: Garchomp|Garchomp, L50, M|100/100
|-heal|p2a: Excadrill|29/100|[from] ability: Hospitality|[of] p2b: Sinistcha
|turn|4
|
|t:|1782465744
|move|p2a: Excadrill|Brick Break|p1a: Scizor
|-damage|p1a: Scizor|0 fnt
|faint|p1a: Scizor
|move|p1b: Garchomp|Crunch|p2b: Sinistcha
|-supereffective|p2b: Sinistcha|1
|-damage|p2b: Sinistcha|43/100
|-enditem|p2b: Sinistcha|Sitrus Berry|[eat]
|-heal|p2b: Sinistcha|68/100|[from] item: Sitrus Berry
|move|p2b: Sinistcha|Matcha Gotcha|p1b: Garchomp
|-damage|p1b: Garchomp|55/100
|-heal|p2b: Sinistcha|91/100|[from] drain|[of] p1b: Garchomp
|
|-weather|Sandstorm|[upkeep]
|-damage|p2b: Sinistcha|85/100|[from] Sandstorm
|upkeep
|
|t:|1782465749
|switch|p1a: Gengar|Gengar, L50, F|100/100
|turn|5
|
|t:|1782465770
|move|p1b: Garchomp|Protect|p1b: Garchomp
|-singleturn|p1b: Garchomp|Protect
|move|p1a: Gengar|Shadow Ball|p2b: Sinistcha
|-supereffective|p2b: Sinistcha|1
|-damage|p2b: Sinistcha|0 fnt
|faint|p2b: Sinistcha
|move|p2a: Excadrill|Earthquake|p1b: Garchomp|[spread] p1a
|-activate|p1b: Garchomp|move: Protect
|-supereffective|p1a: Gengar|1
|-damage|p1a: Gengar|0 fnt
|faint|p1a: Gengar
|
|-weather|none
|-sideend|p1: Linkmasterjr|move: Tailwind
|upkeep
|turn|6
|
|t:|1782465798
|move|p2a: Excadrill|Earthquake|p1b: Garchomp
|-damage|p1b: Garchomp|0 fnt
|faint|p1b: Garchomp
|
|win|jonathan53332
