|j|☆MidoMidori
|j|☆mirokart wii
|html|MidoMidorimirokart wii    
|uhtml|bestof|Game 2 of a best-of-3
|t:|1755626225
|gametype|doubles
|player|p1|MidoMidori|roxanne-gen6|1317
|player|p2|mirokart wii|101|1258
|gen|9
|tier|[Gen 9] VGC 2025 Reg H (Bo3)
|rated|
|rule|Species Clause: Limit one of each Pokémon
|rule|Item Clause: Limit 1 of each item
|clearpoke
|poke|p1|Annihilape, L50, M|
|poke|p1|Maushold, L50|
|poke|p1|Sinistcha, L50|
|poke|p1|Ninetales-Alola, L50, M|
|poke|p1|Garchomp, L50, F|
|poke|p1|Klefki, L50, F|
|poke|p2|Murkrow, L50, F|
|poke|p2|Delphox, L50, M|
|poke|p2|Indeedee, L50, M|
|poke|p2|Meowscarada, L50, F|
|poke|p2|Sneasler, L50, M|
|poke|p2|Milotic, L50, F|
|teampreview|4
|showteam|p1|Annihilape||Leftovers|Defiant|RageFist,DrainPunch,BulkUp,Protect|||M|||50|,,,,,Fire]Maushold||SafetyGoggles|FriendGuard|FollowMe,BeatUp,Taunt,Protect||||||50|,,,,,Ghost]Sinistcha||SitrusBerry|Hospitality|MatchaGotcha,ShadowBall,TrickRoom,RagePowder||||||50|,,,,,Fire]Ninetales-Alola||FocusSash|SnowWarning|Encore,Blizzard,FreezeDry,Protect|||M|||50|,,,,,Ice]Garchomp||ClearAmulet|RoughSkin|StompingTantrum,DragonClaw,SwordsDance,Protect|||F|||50|,,,,,Water]Klefki||LightClay|Prankster|Reflect,LightScreen,MistyTerrain,FoulPlay|||F|||50|,,,,,Ghost
|showteam|p2|Murkrow||Eviolite|Prankster|Tailwind,FoulPlay,Haze,SunnyDay|||F|||50|,,,,,Ghost]Delphox||LifeOrb|Blaze|ExpandingForce,HeatWave,TeraBlast,Protect|||M|||50|,,,,,Fairy]Indeedee||FocusSash|PsychicSurge|ExpandingForce,TrickRoom,Imprison,TeraBlast|||M|||50|,,,,,Fire]Meowscarada||ChoiceBand|Protean|FlowerTrick,KnockOff,TripleAxel,Uturn|||F|||50|,,,,,Grass]Sneasler||PsychicSeed|Unburden|DireClaw,CloseCombat,ThroatChop,Protect|||M|||50|,,,,,Stellar]Milotic||SitrusBerry|Competitive|Scald,IceBeam,Safeguard,HelpingHand|||F|||50|,,,,,Ghost
|inactive|Battle timer is ON: inactive players will automatically lose when time's up. (requested by mirokart wii)
|
|t:|1755626242
|teamsize|p1|4
|teamsize|p2|4
|start
|switch|p1a: Klefki|Klefki, L50, F|100/100
|switch|p1b: Annihilape|Annihilape, L50, M|100/100
|switch|p2a: Pythía|Delphox, L50, M, shiny|100/100
|switch|p2b: Marcolino|Murkrow, L50, F, shiny|100/100
|turn|1
|
|t:|1755626251
|-terastallize|p2a: Pythía|Fairy
|-terastallize|p1b: Annihilape|Fire
|move|p2b: Marcolino|Sunny Day|p2b: Marcolino
|-weather|SunnyDay
|move|p1a: Klefki|Light Screen|p1a: Klefki
|-sidestart|p1: MidoMidori|move: Light Screen
|move|p2a: Pythía|Heat Wave|p1b: Annihilape|[spread] p1a,p1b
|-supereffective|p1a: Klefki
|-resisted|p1b: Annihilape
|-damage|p1a: Klefki|2/100
|-damage|p1b: Annihilape|85/100
|-damage|p2a: Pythía|91/100|[from] item: Life Orb
|move|p1b: Annihilape|Bulk Up|p1b: Annihilape
|-boost|p1b: Annihilape|atk|1
|-boost|p1b: Annihilape|def|1
|
|-weather|SunnyDay|[upkeep]
|-heal|p1b: Annihilape|91/100|[from] item: Leftovers
|upkeep
|turn|2
|
|t:|1755626270
|switch|p1a: Maushold|Maushold, L50|100/100
|move|p2b: Marcolino|Haze|p2b: Marcolino
|-clearallboost
|move|p2a: Pythía|Heat Wave|p1b: Annihilape|[spread] p1a
|-miss|p2a: Pythía|p1b: Annihilape
|-damage|p1a: Maushold|47/100
|-damage|p2a: Pythía|81/100|[from] item: Life Orb
|move|p1b: Annihilape|Rage Fist|p2a: Pythía
|-damage|p2a: Pythía|8/100
|
|-weather|SunnyDay|[upkeep]
|-heal|p1b: Annihilape|97/100|[from] item: Leftovers
|upkeep
|turn|3
|
|t:|1755626292
|switch|p2b: Harry|Indeedee, L50, M, shiny|100/100
|-fieldstart|move: Psychic Terrain|[from] ability: Psychic Surge|[of] p2b: Harry
|move|p1a: Maushold|Protect|p1a: Maushold
|-singleturn|p1a: Maushold|Protect
|move|p2a: Pythía|Expanding Force|p1b: Annihilape|[spread] p1b
|-activate|p1a: Maushold|move: Protect
|-damage|p1b: Annihilape|72/100
|-damage|p2a: Pythía|0 fnt|[from] item: Life Orb
|faint|p2a: Pythía
|move|p1b: Annihilape|Drain Punch|p2b: Harry
|-damage|p2b: Harry|38/100
|-heal|p1b: Annihilape|92/100|[from] drain|[of] p2b: Harry
|
|-weather|SunnyDay|[upkeep]
|-heal|p1b: Annihilape|98/100|[from] item: Leftovers
|upkeep
|
|t:|1755626304
|switch|p2a: El Gato|Meowscarada, L50, F, shiny|100/100
|turn|4
|
|t:|1755626310
|move|p1a: Maushold|Follow Me|p1a: Maushold
|-singleturn|p1a: Maushold|move: Follow Me
|move|p2a: El Gato|U-turn|p1a: Maushold
|-start|p2a: El Gato|typechange|Bug|[from] ability: Protean
|-damage|p1a: Maushold|0 fnt
|faint|p1a: Maushold
|
|t:|1755626318
|switch|p2a: Marcolino|Murkrow, L50, F, shiny|100/100|[from] U-turn
|move|p2b: Harry|Expanding Force|p1b: Annihilape
|-damage|p1b: Annihilape|63/100
|move|p1b: Annihilape|Drain Punch|p2a: Marcolino
|-damage|p2a: Marcolino|65/100
|-heal|p1b: Annihilape|77/100|[from] drain|[of] p2a: Marcolino
|
|-weather|SunnyDay|[upkeep]
|-heal|p1b: Annihilape|83/100|[from] item: Leftovers
|upkeep
|
|t:|1755626324
|switch|p1a: Klefki|Klefki, L50, F|2/100
|turn|5
|
|t:|1755626329
|move|p1a: Klefki|Misty Terrain|p1a: Klefki
|-fieldstart|move: Misty Terrain
|move|p2b: Harry|Expanding Force|p1a: Klefki
|-resisted|p1a: Klefki
|-damage|p1a: Klefki|0 fnt
|faint|p1a: Klefki
|move|p2a: Marcolino|Foul Play|p1b: Annihilape
|-damage|p1b: Annihilape|41/100
|move|p1b: Annihilape|Drain Punch|p2b: Harry
|-damage|p2b: Harry|0 fnt
|-heal|p1b: Annihilape|53/100|[from] drain|[of] p2b: Harry
|faint|p2b: Harry
|
|-weather|none
|-heal|p1b: Annihilape|59/100|[from] item: Leftovers
|upkeep
|
|t:|1755626337
|switch|p2b: El Gato|Meowscarada, L50, F, shiny|100/100
|switch|p1a: Sinistcha|Sinistcha, L50|100/100
|-heal|p1b: Annihilape|84/100|[from] ability: Hospitality|[of] p1a: Sinistcha
|turn|6
|
|t:|1755626352
|move|p1a: Sinistcha|Rage Powder|p1a: Sinistcha
|-singleturn|p1a: Sinistcha|move: Rage Powder
|move|p2b: El Gato|Knock Off|p1a: Sinistcha
|-start|p2b: El Gato|typechange|Dark|[from] ability: Protean
|-supereffective|p1a: Sinistcha
|-damage|p1a: Sinistcha|0 fnt
|-enditem|p1a: Sinistcha|Sitrus Berry|[from] move: Knock Off|[of] p2b: El Gato
|faint|p1a: Sinistcha
|move|p2a: Marcolino|Foul Play|p1b: Annihilape
|-damage|p1b: Annihilape|45/100
|move|p1b: Annihilape|Rage Fist|p2b: El Gato
|-resisted|p2b: El Gato
|-damage|p2b: El Gato|0 fnt
|faint|p2b: El Gato
|
|-heal|p1b: Annihilape|51/100|[from] item: Leftovers
|upkeep
|turn|7
|
|t:|1755626360
|move|p2a: Marcolino|Foul Play|p1b: Annihilape
|-damage|p1b: Annihilape|8/100
|move|p1b: Annihilape|Drain Punch|p2a: Marcolino
|-damage|p2a: Marcolino|27/100
|-heal|p1b: Annihilape|23/100|[from] drain|[of] p2a: Marcolino
|
|-heal|p1b: Annihilape|29/100|[from] item: Leftovers
|upkeep
|turn|8
|
|t:|1755626366
|move|p1b: Annihilape|Protect|p1b: Annihilape
|-singleturn|p1b: Annihilape|Protect
|move|p2a: Marcolino|Foul Play|p1b: Annihilape
|-activate|p1b: Annihilape|move: Protect
|
|-heal|p1b: Annihilape|35/100|[from] item: Leftovers
|-sideend|p1: MidoMidori|move: Light Screen
|upkeep
|turn|9
|
|t:|1755626372
|move|p1b: Annihilape|Protect|p1b: Annihilape
|-singleturn|p1b: Annihilape|Protect
|move|p2a: Marcolino|Foul Play|p1b: Annihilape
|-activate|p1b: Annihilape|move: Protect
|
|-heal|p1b: Annihilape|41/100|[from] item: Leftovers
|-fieldend|Misty Terrain
|upkeep
|turn|10
|
|t:|1755626376
|move|p2a: Marcolino|Foul Play|p1b: Annihilape
|-damage|p1b: Annihilape|0 fnt
|faint|p1b: Annihilape
|
|win|mirokart wii
|raw|MidoMidori's rating: 1317 → 1294(-23 for losing)
|raw|mirokart wii's rating: 1258 → 1287(+29 for winning)
|c|☆MidoMidori|Gg
|l|☆mirokart wii
|player|p2|
