|j|☆SMOKYYY699
|j|☆Jacrepid
|html|SMOKYYY699Jacrepid    
|uhtml|bestof|Game 1 of a best-of-3
|t:|1785434706
|gametype|doubles
|player|p1|SMOKYYY699|266|1015
|player|p2|Jacrepid|fisherman|1038
|gen|9
|tier|[Gen 9 Champions] VGC 2026 Reg M-B (Bo3)
|rated|
|rule|Species Clause: Limit one of each Pokémon
|rule|Item Clause: Limit 1 of each item
|clearpoke
|poke|p1|Charizard, L50, F|
|poke|p1|Garchomp, L50, F|
|poke|p1|Farigiraf, L50, M|
|poke|p1|Incineroar, L50, M|
|poke|p1|Sylveon, L50, F|
|poke|p1|Gholdengo, L50|
|poke|p2|Metagross, L50, shiny|
|poke|p2|Charizard, L50, F, shiny|
|poke|p2|Incineroar, L50, F, shiny|
|poke|p2|Garchomp, L50, F, shiny|
|poke|p2|Hydreigon, L50, F, shiny|
|poke|p2|Whimsicott, L50, F|
|teampreview|4
|showteam|p1|Charizard||CharizarditeY|Blaze|HeatWave,SolarBeam,Protect,WeatherBall|Timid||F|||50|]Garchomp||LifeOrb|RoughSkin|Earthquake,DragonClaw,RockSlide,Protect|Jolly||F|||50|]Farigiraf||SitrusBerry|ArmorTail|HelpingHand,TrickRoom,Thunderbolt,Protect|Sassy||M|||50|]Incineroar||ChopleBerry|Intimidate|DarkestLariat,FlareBlitz,PartingShot,FakeOut|Adamant||M|||50|]Sylveon||FairyFeather|Pixilate|HyperVoice,HyperBeam,QuickAttack,Psyshock|Quiet||F|||50|]Gholdengo||FocusSash|GoodasGold|MakeItRain,ShadowBall,NastyPlot,Protect|Timid|||||50|
|showteam|p2|Metagross||Metagrossite|ClearBody|IronHead,PsychicFangs,BodyPress,Protect|Jolly|||||50|]Charizard||CharizarditeY|Blaze|HeatWave,WeatherBall,SolarBeam,Protect|Timid||F|||50|]Incineroar||SitrusBerry|Intimidate|FlareBlitz,ThroatChop,FakeOut,PartingShot|Impish||F|||50|]Garchomp||LifeOrb|RoughSkin|Earthquake,DragonClaw,RockSlide,Protect|Jolly||F|||50|]Hydreigon||ChoiceScarf|Levitate|DracoMeteor,DarkPulse,Snarl,HeatWave|Modest||F|||50|]Whimsicott||FocusSash|Prankster|Tailwind,Encore,Protect,Moonblast|Timid||F|||50|
|
|t:|1785434737
|teamsize|p1|4
|teamsize|p2|4
|start
|switch|p1a: Farigiraf|Farigiraf, L50, M|100/100
|switch|p1b: Sylveon|Sylveon, L50, F|100/100
|switch|p2a: Xaria|Charizard, L50, F, shiny|100/100
|switch|p2b: Jarrkhan|Garchomp, L50, F, shiny|100/100
|turn|1
|
|t:|1785434757
|detailschange|p2a: Xaria|Charizard-Mega-Y, L50, F, shiny
|-mega|p2a: Xaria|Charizard|Charizardite Y
|-weather|SunnyDay|[from] ability: Drought|[of] p2a: Xaria
|move|p2b: Jarrkhan|Earthquake|p1b: Sylveon|[spread] p1a,p1b
|-immune|p2a: Xaria
|-damage|p1a: Farigiraf|42/100
|-damage|p1b: Sylveon|30/100
|-enditem|p1a: Farigiraf|Sitrus Berry|[eat]
|-heal|p1a: Farigiraf|66/100|[from] item: Sitrus Berry
|-damage|p2b: Jarrkhan|90/100|[from] item: Life Orb
|move|p2a: Xaria|Heat Wave|p1b: Sylveon|[spread] p1a,p1b
|-damage|p1a: Farigiraf|4/100
|-damage|p1b: Sylveon|0 fnt
|faint|p1b: Sylveon
|move|p1a: Farigiraf|Trick Room|p1a: Farigiraf
|-fieldstart|move: Trick Room|[of] p1a: Farigiraf
|
|-weather|SunnyDay|[upkeep]
|upkeep
|
|t:|1785434775
|switch|p1b: Garchomp|Garchomp, L50, F|100/100
|turn|2
|
|t:|1785434792
|move|p1a: Farigiraf|Helping Hand|p1b: Garchomp
|-singleturn|p1b: Garchomp|Helping Hand|[of] p1a: Farigiraf
|move|p2b: Jarrkhan|Protect|p2b: Jarrkhan
|-singleturn|p2b: Jarrkhan|Protect
|move|p1b: Garchomp|Rock Slide|p2b: Jarrkhan|[spread] p2a
|-activate|p2b: Jarrkhan|move: Protect
|-supereffective|p2a: Xaria|2
|-damage|p2a: Xaria|0 fnt
|faint|p2a: Xaria
|-damage|p1b: Garchomp|90/100|[from] item: Life Orb
|
|-weather|SunnyDay|[upkeep]
|upkeep
|
|t:|1785434805
|switch|p2a: Ol' Reliable|Incineroar, L50, F, shiny|100/100
|-ability|p2a: Ol' Reliable|Intimidate|boost
|-unboost|p1a: Farigiraf|atk|1
|-unboost|p1b: Garchomp|atk|1
|turn|3
|
|t:|1785434815
|move|p1a: Farigiraf|Protect|p1a: Farigiraf
|-singleturn|p1a: Farigiraf|Protect
|move|p2a: Ol' Reliable|Throat Chop|p1a: Farigiraf
|-activate|p1a: Farigiraf|move: Protect
|move|p1b: Garchomp|Dragon Claw|p2b: Jarrkhan
|-supereffective|p2b: Jarrkhan|1
|-damage|p2b: Jarrkhan|29/100
|-damage|p1b: Garchomp|78/100|[from] ability: Rough Skin|[of] p2b: Jarrkhan
|-damage|p1b: Garchomp|68/100|[from] item: Life Orb
|move|p2b: Jarrkhan|Dragon Claw|p1b: Garchomp
|-supereffective|p1b: Garchomp|1
|-damage|p1b: Garchomp|0 fnt
|-damage|p2b: Jarrkhan|17/100|[from] ability: Rough Skin|[of] p1b: Garchomp
|faint|p1b: Garchomp
|-damage|p2b: Jarrkhan|7/100|[from] item: Life Orb
|
|-weather|SunnyDay|[upkeep]
|upkeep
|
|t:|1785434834
|switch|p1b: Incineroar|Incineroar, L50, M|100/100
|-ability|p1b: Incineroar|Intimidate|boost
|-unboost|p2a: Ol' Reliable|atk|1
|-unboost|p2b: Jarrkhan|atk|1
|turn|4
|
|t:|1785434863
|move|p2b: Jarrkhan|Protect|p2b: Jarrkhan
|-singleturn|p2b: Jarrkhan|Protect
|move|p1b: Incineroar|Fake Out|p2a: Ol' Reliable
|-damage|p2a: Ol' Reliable|90/100
|move|p1a: Farigiraf|Thunderbolt|p2a: Ol' Reliable
|-damage|p2a: Ol' Reliable|73/100
|cant|p2a: Ol' Reliable|flinch
|
|-weather|SunnyDay|[upkeep]
|upkeep
|turn|5
|
|t:|1785434881
|move|p1a: Farigiraf|Protect|p1a: Farigiraf
|-singleturn|p1a: Farigiraf|Protect
|move|p1b: Incineroar|Darkest Lariat|p2b: Jarrkhan
|-damage|p2b: Jarrkhan|0 fnt
|-damage|p1b: Incineroar|87/100|[from] ability: Rough Skin|[of] p2b: Jarrkhan
|faint|p2b: Jarrkhan
|move|p2a: Ol' Reliable|Throat Chop|p1a: Farigiraf
|-activate|p1a: Farigiraf|move: Protect
|
|-weather|none
|-fieldend|move: Trick Room
|upkeep
|
|t:|1785434884
|switch|p2b: Triple Kelp|Hydreigon, L50, F, shiny|100/100
|turn|6
|
|t:|1785434901
|move|p2b: Triple Kelp|Draco Meteor|p1b: Incineroar
|-damage|p1b: Incineroar|0 fnt
|-unboost|p2b: Triple Kelp|spa|2
|faint|p1b: Incineroar
|move|p2a: Ol' Reliable|Throat Chop|p1a: Farigiraf
|-supereffective|p1a: Farigiraf|1
|-damage|p1a: Farigiraf|0 fnt
|faint|p1a: Farigiraf
|
|win|Jacrepid
