|j|☆GionnyBravo
|j|☆dialghite
|html|GionnyBravodialghite    
|uhtml|bestof|Game 3 of a best-of-3
|t:|1756668367
|gametype|doubles
|player|p1|GionnyBravo|rood|1265
|player|p2|dialghite|volkner|1396
|gen|9
|tier|[Gen 9] VGC 2025 Reg H (Bo3)
|rated|
|rule|Species Clause: Limit one of each Pokémon
|rule|Item Clause: Limit 1 of each item
|clearpoke
|poke|p1|Dragonite, L50, F|
|poke|p1|Gholdengo, L50|
|poke|p1|Rillaboom, L50, M|
|poke|p1|Ursaluna-Bloodmoon, L50, M|
|poke|p1|Maushold-Four, L50|
|poke|p1|Annihilape, L50, F|
|poke|p2|Indeedee, L50, M|
|poke|p2|Sneasler, L50, F|
|poke|p2|Tyranitar, L50, F|
|poke|p2|Excadrill, L50, F|
|poke|p2|Corviknight, L50, M|
|poke|p2|Annihilape, L50, F|
|teampreview|4
|showteam|p1|Dragonite||LoadedDice|Multiscale|Tailwind,Haze,Protect,ScaleShot|||F|||50|,,,,,Fairy]Gholdengo||LifeOrb|GoodasGold|MakeItRain,ShadowBall,NastyPlot,Protect||||||50|,,,,,Water]Rillaboom||MiracleSeed|GrassySurge|WoodHammer,GrassyGlide,FakeOut,HighHorsepower|||M|||50|,,,,,Fire]Ursaluna-Bloodmoon||AssaultVest|MindsEye|BloodMoon,EarthPower,HyperVoice,VacuumWave|||M|||50|,,,,,Water]Maushold-Four||FocusSash|FriendGuard|SuperFang,FollowMe,BeatUp,Protect||||||50|,,,,,Ghost]Annihilape||SitrusBerry|Defiant|RageFist,DrainPunch,BulkUp,Protect|||F|||50|,,,,,Fire
|showteam|p2|Indeedee||ChoiceScarf|PsychicSurge|ExpandingForce,TeraBlast,Trick,Protect|||M|||50|,,,,,Psychic]Sneasler||PsychicSeed|Unburden|CloseCombat,DireClaw,ThroatChop,Protect|||F|||50|,,,,,Dark]Tyranitar||AssaultVest|SandStream|RockSlide,KnockOff,TeraBlast,LowKick|||F|||50|,,,,,Flying]Excadrill||FocusSash|SandRush|Earthquake,IronHead,HighHorsepower,Protect|||F|||50|,,,,,Ground]Corviknight||Leftovers|MirrorArmor|BraveBird,Tailwind,Roost,BulkUp|||M|||50|,,,,,Dragon]Annihilape||SafetyGoggles|Defiant|CloseCombat,RageFist,FinalGambit,Taunt|||F|||50|,,,,,Water
|inactive|Battle timer is ON: inactive players will automatically lose when time's up. (requested by dialghite)
|inactive|GionnyBravo has 60 seconds left.
|inactive|dialghite has 60 seconds left.
|
|t:|1756668415
|teamsize|p1|4
|teamsize|p2|4
|start
|switch|p1a: Rillaboom|Rillaboom, L50, M|100/100
|switch|p1b: Annihilape|Annihilape, L50, F|100/100
|switch|p2a: Corviknight|Corviknight, L50, M|100/100
|switch|p2b: Tyranitar|Tyranitar, L50, F|100/100
|-fieldstart|move: Grassy Terrain|[from] ability: Grassy Surge|[of] p1a: Rillaboom
|-weather|Sandstorm|[from] ability: Sand Stream|[of] p2b: Tyranitar
|turn|1
|inactive|dialghite has 30 seconds left.
|
|t:|1756668440
|-terastallize|p2b: Tyranitar|Flying
|move|p1a: Rillaboom|Fake Out|p2a: Corviknight
|-resisted|p2a: Corviknight
|-damage|p2a: Corviknight|95/100
|move|p1b: Annihilape|Bulk Up|p1b: Annihilape
|-boost|p1b: Annihilape|atk|1
|-boost|p1b: Annihilape|def|1
|cant|p2a: Corviknight|flinch
|move|p2b: Tyranitar|Knock Off|p1b: Annihilape
|-damage|p1b: Annihilape|64/100
|-enditem|p1b: Annihilape|Sitrus Berry|[from] move: Knock Off|[of] p2b: Tyranitar
|
|-weather|Sandstorm|[upkeep]
|-damage|p1b: Annihilape|58/100|[from] Sandstorm
|-damage|p1a: Rillaboom|95/100|[from] Sandstorm
|-damage|p2b: Tyranitar|94/100|[from] Sandstorm
|-heal|p1b: Annihilape|64/100|[from] Grassy Terrain
|-heal|p1a: Rillaboom|100/100|[from] Grassy Terrain
|-heal|p2a: Corviknight|100/100|[from] item: Leftovers
|upkeep
|turn|2
|inactive|GionnyBravo has 30 seconds left.
|inactive|GionnyBravo has 20 seconds left.
|
|t:|1756668479
|move|p1a: Rillaboom|Grassy Glide|p1b: Annihilape
|-damage|p1b: Annihilape|32/100
|move|p1b: Annihilape|Rage Fist|p2b: Tyranitar
|-damage|p2b: Tyranitar|23/100
|move|p2a: Corviknight|Bulk Up|p2a: Corviknight
|-boost|p2a: Corviknight|atk|1
|-boost|p2a: Corviknight|def|1
|move|p2b: Tyranitar|Tera Blast|p1a: Rillaboom|[anim] Tera Blast Flying
|-supereffective|p1a: Rillaboom
|-damage|p1a: Rillaboom|8/100
|
|-weather|Sandstorm|[upkeep]
|-damage|p1b: Annihilape|26/100|[from] Sandstorm
|-damage|p1a: Rillaboom|2/100|[from] Sandstorm
|-damage|p2b: Tyranitar|17/100|[from] Sandstorm
|-heal|p1b: Annihilape|32/100|[from] Grassy Terrain
|-heal|p1a: Rillaboom|8/100|[from] Grassy Terrain
|upkeep
|turn|3
|
|t:|1756668503
|-terastallize|p1b: Annihilape|Fire
|move|p1b: Annihilape|Drain Punch|p2a: Corviknight
|-damage|p2a: Corviknight|74/100
|-heal|p1b: Annihilape|45/100|[from] drain|[of] p2a: Corviknight
|move|p1a: Rillaboom|Wood Hammer|p2b: Tyranitar
|-resisted|p2b: Tyranitar
|-damage|p2b: Tyranitar|0 fnt
|faint|p2b: Tyranitar
|-damage|p1a: Rillaboom|2/100|[from] Recoil
|move|p2a: Corviknight|Brave Bird|p1b: Annihilape
|-damage|p1b: Annihilape|9/100
|-damage|p2a: Corviknight|62/100|[from] Recoil
|
|-weather|Sandstorm|[upkeep]
|-damage|p1b: Annihilape|3/100|[from] Sandstorm
|-damage|p1a: Rillaboom|0 fnt|[from] Sandstorm
|faint|p1a: Rillaboom
|-heal|p1b: Annihilape|9/100|[from] Grassy Terrain
|-heal|p2a: Corviknight|67/100|[from] item: Leftovers
|upkeep
|inactive|GionnyBravo has 30 seconds left.
|
|t:|1756668530
|switch|p1a: Gholdengo|Gholdengo, L50|100/100
|switch|p2b: Excadrill|Excadrill, L50, F|100/100
|turn|4
|
|t:|1756668547
|move|p2b: Excadrill|Earthquake|p1a: Gholdengo|[spread] p1a,p1b
|-immune|p2a: Corviknight
|-supereffective|p1a: Gholdengo
|-supereffective|p1b: Annihilape
|-damage|p1a: Gholdengo|50/100
|-damage|p1b: Annihilape|0 fnt
|faint|p1b: Annihilape
|move|p1a: Gholdengo|Shadow Ball|p2b: Excadrill
|-damage|p2b: Excadrill|37/100
|-damage|p1a: Gholdengo|41/100|[from] item: Life Orb
|move|p2a: Corviknight|Tailwind|p2a: Corviknight
|-sidestart|p2: dialghite|move: Tailwind
|
|-weather|Sandstorm|[upkeep]
|-heal|p2b: Excadrill|43/100|[from] Grassy Terrain
|-heal|p2a: Corviknight|73/100|[from] item: Leftovers
|-heal|p1a: Gholdengo|47/100|[from] Grassy Terrain
|upkeep
|
|t:|1756668552
|switch|p1b: Maushold|Maushold-Four, L50|100/100
|turn|5
|
|t:|1756668563
|move|p1b: Maushold|Follow Me|p1b: Maushold
|-singleturn|p1b: Maushold|move: Follow Me
|move|p2b: Excadrill|Earthquake|p1a: Gholdengo|[spread] p1a,p1b
|-immune|p2a: Corviknight
|-supereffective|p1a: Gholdengo
|-damage|p1a: Gholdengo|12/100
|-damage|p1b: Maushold|78/100
|move|p2a: Corviknight|Brave Bird|p1b: Maushold
|-damage|p1b: Maushold|4/100
|-damage|p2a: Corviknight|55/100|[from] Recoil
|move|p1a: Gholdengo|Make It Rain|p2b: Excadrill|[spread] p2a,p2b
|-resisted|p2a: Corviknight
|-resisted|p2b: Excadrill
|-damage|p2a: Corviknight|32/100
|-damage|p2b: Excadrill|4/100
|-unboost|p1a: Gholdengo|spa|1
|-damage|p1a: Gholdengo|2/100|[from] item: Life Orb
|
|-weather|none
|-heal|p2b: Excadrill|10/100|[from] Grassy Terrain
|-heal|p2a: Corviknight|38/100|[from] item: Leftovers
|-heal|p1b: Maushold|10/100|[from] Grassy Terrain
|-heal|p1a: Gholdengo|8/100|[from] Grassy Terrain
|-fieldend|move: Grassy Terrain
|upkeep
|turn|6
|-message|GionnyBravo forfeited.
|raw|GionnyBravo's rating: 1265 → 1249(-16 for losing)
|raw|dialghite's rating: 1396 → 1409(+13 for winning)
|
|win|dialghite
