|j|☆Trejox
|j|☆raucho
|html|Trejoxraucho    
|uhtml|bestof|Game 1 of a best-of-3
|t:|1757734662
|gametype|doubles
|player|p1|Trejox|byron|1118
|player|p2|raucho|n|1205
|gen|9
|tier|[Gen 9] VGC 2025 Reg H (Bo3)
|rated|
|rule|Species Clause: Limit one of each Pokémon
|rule|Item Clause: Limit 1 of each item
|clearpoke
|poke|p1|Dragonite, L50, F|
|poke|p1|Sneasler, L50, F|
|poke|p1|Dondozo, L50, M|
|poke|p1|Tatsugiri-Stretchy, L50, M|
|poke|p1|Kingambit, L50, M|
|poke|p1|Volcarona, L50, F|
|poke|p2|Gholdengo, L50|
|poke|p2|Whimsicott, L50, F|
|poke|p2|Indeedee, L50, M|
|poke|p2|Sneasler, L50, F|
|poke|p2|Electabuzz, L50, F|
|poke|p2|Ursaluna-Bloodmoon, L50, M|
|teampreview|4
|showteam|p1|Dragonite||LoadedDice|Multiscale|ScaleShot,ExtremeSpeed,Tailwind,Protect|||F|||50|,,,,,Normal]Sneasler||FocusSash|Unburden|DireClaw,CloseCombat,Coaching,Protect|||F|||50|,,,,,Dark]Dondozo||CovertCloak|Oblivious|WaveCrash,Earthquake,TeraBlast,Protect|||M|||50|,,,,,Electric]Tatsugiri-Stretchy||ChoiceScarf|Commander|DracoMeteor,MuddyWater,IcyWind,DragonPulse|||M|||50|,,,,,Dragon]Kingambit||SafetyGoggles|Defiant|KowtowCleave,SuckerPunch,SwordsDance,Protect|||M|||50|,,,,,Water]Volcarona||SitrusBerry|FlameBody|HeatWave,TeraBlast,QuiverDance,Protect|||F|||50|,,,,,Fairy
|showteam|p2|Gholdengo||IronPlate|GoodasGold|MakeItRain,ShadowBall,NastyPlot,Protect||||||50|,,,,,Dragon]Whimsicott||CovertCloak|Prankster|Moonblast,Tailwind,LightScreen,Encore|||F|||50|,,,,,Rock]Indeedee||FocusSash|PsychicSurge|ExpandingForce,Imprison,TrickRoom,Protect|||M|||50|,,,,,Psychic]Sneasler||PsychicSeed|Unburden|ThroatChop,CloseCombat,DireClaw,Protect|||F|||50|,,,,,Dark]Electabuzz||Eviolite|VitalSpirit|Electroweb,Taunt,FollowMe,Protect|||F|||50|,,,,,Dragon]Ursaluna-Bloodmoon||LifeOrb|MindsEye|HyperVoice,BloodMoon,EarthPower,Protect|||M|||50|,,,,,Normal
|inactive|Battle timer is ON: inactive players will automatically lose when time's up. (requested by raucho)
|inactive|raucho has 60 seconds left.
|
|t:|1757734714
|teamsize|p1|4
|teamsize|p2|4
|start
|switch|p1a: Sneasler|Sneasler, L50, F, shiny|100/100
|switch|p1b: Dragonite|Dragonite, L50, F|100/100
|switch|p2a: Electabuzz|Electabuzz, L50, F, shiny|100/100
|switch|p2b: Ursaluna|Ursaluna-Bloodmoon, L50, M|100/100
|turn|1
|
|t:|1757734732
|move|p2b: Ursaluna|Protect|p2b: Ursaluna
|-singleturn|p2b: Ursaluna|Protect
|move|p1a: Sneasler|Coaching|p1b: Dragonite
|-boost|p1b: Dragonite|atk|1
|-boost|p1b: Dragonite|def|1
|move|p2a: Electabuzz|Electroweb|p1b: Dragonite|[spread] p1a,p1b
|-damage|p1a: Sneasler|81/100
|-damage|p1b: Dragonite|93/100
|-unboost|p1a: Sneasler|spe|1
|-unboost|p1b: Dragonite|spe|1
|move|p1b: Dragonite|Scale Shot|p2a: Electabuzz
|-damage|p2a: Electabuzz|81/100
|-damage|p2a: Electabuzz|60/100
|-damage|p2a: Electabuzz|39/100
|-damage|p2a: Electabuzz|20/100
|-hitcount|p2a: Electabuzz|4
|-unboost|p1b: Dragonite|def|1
|-boost|p1b: Dragonite|spe|1
|
|upkeep
|turn|2
|inactive|Trejox has 30 seconds left.
|inactive|raucho has 30 seconds left.
|
|t:|1757734762
|move|p2a: Electabuzz|Follow Me|p2a: Electabuzz
|-singleturn|p2a: Electabuzz|move: Follow Me
|move|p1b: Dragonite|Tailwind|p1b: Dragonite
|-sidestart|p1: Trejox|move: Tailwind
|move|p1a: Sneasler|Close Combat|p2a: Electabuzz
|-damage|p2a: Electabuzz|0 fnt
|-unboost|p1a: Sneasler|def|1
|-unboost|p1a: Sneasler|spd|1
|faint|p2a: Electabuzz
|move|p2b: Ursaluna|Earth Power|p1a: Sneasler
|-supereffective|p1a: Sneasler
|-damage|p1a: Sneasler|0 fnt
|faint|p1a: Sneasler
|-damage|p2b: Ursaluna|91/100|[from] item: Life Orb
|
|upkeep
|
|t:|1757734773
|switch|p1a: Dondozo|Dondozo, L50, M|100/100
|switch|p2a: Whimsicott|Whimsicott, L50, F, shiny|100/100
|turn|3
|
|t:|1757734791
|-terastallize|p1b: Dragonite|Normal
|-terastallize|p2b: Ursaluna|Normal
|move|p1b: Dragonite|Extreme Speed|p2a: Whimsicott
|-damage|p2a: Whimsicott|12/100
|move|p2a: Whimsicott|Encore|p1b: Dragonite
|-start|p1b: Dragonite|Encore
|move|p1a: Dondozo|Wave Crash|p2b: Ursaluna
|-damage|p2b: Ursaluna|51/100
|-damage|p1a: Dondozo|89/100|[from] Recoil
|move|p2b: Ursaluna|Blood Moon|p1a: Dondozo
|-damage|p1a: Dondozo|0 fnt
|faint|p1a: Dondozo
|-damage|p2b: Ursaluna|41/100|[from] item: Life Orb
|
|upkeep
|
|t:|1757734801
|switch|p1a: Tatsugiri|Tatsugiri-Stretchy, L50, M|100/100
|turn|4
|
|t:|1757734826
|move|p1b: Dragonite|Extreme Speed|p2a: Whimsicott
|-damage|p2a: Whimsicott|0 fnt
|faint|p2a: Whimsicott
|move|p1a: Tatsugiri|Dragon Pulse|p2b: Ursaluna
|-damage|p2b: Ursaluna|0 fnt
|faint|p2b: Ursaluna
|
|upkeep
|
|t:|1757734835
|switch|p2a: Sneasler|Sneasler, L50, F, shiny|100/100
|turn|5
|
|t:|1757734840
|move|p1b: Dragonite|Extreme Speed|p2a: Sneasler
|-damage|p2a: Sneasler|0 fnt
|faint|p2a: Sneasler
|
|win|Trejox
