|j|☆Nhatpia
|j|☆shiro07
|html|Nhatpiashiro07    
|uhtml|bestof|Game 2 of a best-of-3
|t:|1783778501
|gametype|doubles
|player|p1|Nhatpia|swimmerf|
|player|p2|shiro07|169|
|gen|9
|tier|[Gen 9 Champions] VGC 2026 Reg M-B (Bo3)
|rule|Species Clause: Limit one of each Pokémon
|rule|Item Clause: Limit 1 of each item
|clearpoke
|poke|p1|Charizard, L50, F, shiny|
|poke|p1|Aerodactyl, L50, F, shiny|
|poke|p1|Garchomp, L50, M, shiny|
|poke|p1|Sylveon, L50, M, shiny|
|poke|p1|Kingambit, L50, M|
|poke|p1|Farigiraf, L50, F, shiny|
|poke|p2|Raichu, L50, M|
|poke|p2|Mawile, L50, F|
|poke|p2|Sinistcha, L50|
|poke|p2|Ceruledge, L50, F|
|poke|p2|Milotic, L50, F|
|poke|p2|Incineroar, L50, F|
|teampreview|4
|showteam|p1|Charizard||CharizarditeY|Blaze|Protect,HeatWave,WeatherBall,SolarBeam|Modest||F|||50|]Aerodactyl||Aerodactylite|Unnerve|RockSlide,DualWingbeat,Tailwind,IceFang|Jolly||F|||50|]Garchomp||LifeOrb|RoughSkin|StompingTantrum,Protect,Earthquake,DragonClaw|Jolly||M|||50|]Sylveon||FairyFeather|Pixilate|HyperVoice,QuickAttack,HyperBeam,Detect|Modest||M|||50|]Kingambit||FocusSash|Defiant|SuckerPunch,KowtowCleave,LowKick,IronHead|Adamant||M|||50|]Farigiraf||SitrusBerry|ArmorTail|TwinBeam,TrickRoom,Thunderbolt,HelpingHand|Bold||F|||50|
|showteam|p2|Raichu||RaichuniteY|LightningRod|ZapCannon,FocusBlast,FakeOut,Protect|Timid||M|||50|]Mawile||Mawilite|HyperCutter|PlayRough,SuckerPunch,SwordsDance,Protect|Adamant||F|||50|]Sinistcha||FocusSash|Hospitality|MatchaGotcha,LifeDew,RagePowder,Protect|Relaxed|||||50|]Ceruledge||ColburBerry|FlashFire|BitterBlade,ShadowSneak,BulkUp,Protect|Adamant||F|||50|]Milotic||Leftovers|Competitive|MuddyWater,Coil,Hypnosis,Protect|Calm||F|||50|]Incineroar||SitrusBerry|Intimidate|FlareBlitz,ThroatChop,FakeOut,PartingShot|Impish||F|||50|
|inactive|Battle timer is ON: inactive players will automatically lose when time's up. (requested by Nhatpia)
|inactive|shiro07 has 60 seconds left.
|
|t:|1783778557
|teamsize|p1|4
|teamsize|p2|4
|start
|switch|p1a: Kingambit|Kingambit, L50, M|100/100
|switch|p1b: Farigiraf|Farigiraf, L50, F, shiny|100/100
|switch|p2a: Raichu|Raichu, L50, M|100/100
|switch|p2b: Milotic|Milotic, L50, F|100/100
|turn|1
|inactive|Nhatpia has 30 seconds left.
|inactive|shiro07 has 30 seconds left.
|inactive|Nhatpia has 20 seconds left.
|inactive|shiro07 has 20 seconds left.
|inactive|shiro07 has 15 seconds left.
|inactive|shiro07 has 10 seconds left.
|inactive|shiro07 has 5 seconds left.
|
|t:|1783778612
|move|p1b: Farigiraf|Helping Hand|p1a: Kingambit
|-singleturn|p1a: Kingambit|Helping Hand|[of] p1b: Farigiraf
|move|p1a: Kingambit|Sucker Punch|p2a: Raichu
|-damage|p2a: Raichu|6/100
|move|p2a: Raichu|Zap Cannon|p1a: Kingambit|[miss]
|-miss|p2a: Raichu|p1a: Kingambit
|move|p2b: Milotic|Muddy Water|p1b: Farigiraf|[spread] p1a,p1b
|-damage|p1a: Kingambit|72/100
|-damage|p1b: Farigiraf|77/100
|
|upkeep
|turn|2
|
|t:|1783778633
|move|p2a: Raichu|Protect|p2a: Raichu
|-singleturn|p2a: Raichu|Protect
|move|p1a: Kingambit|Sucker Punch||[still]
|-fail|p1a: Kingambit
|move|p2b: Milotic|Coil|p2b: Milotic
|-boost|p2b: Milotic|atk|1
|-boost|p2b: Milotic|def|1
|-boost|p2b: Milotic|accuracy|1
|move|p1b: Farigiraf|Thunderbolt|p2a: Raichu
|-activate|p2a: Raichu|ability: Lightning Rod
|-activate|p2a: Raichu|move: Protect
|
|upkeep
|turn|3
|inactive|Nhatpia has 30 seconds left.
|
|t:|1783778659
|switch|p2a: Ceruledge|Ceruledge, L50, F|100/100
|move|p2b: Milotic|Hypnosis|p1a: Kingambit|[miss]
|-miss|p2b: Milotic|p1a: Kingambit
|move|p1a: Kingambit|Kowtow Cleave|p2b: Milotic
|-damage|p2b: Milotic|71/100
|move|p1b: Farigiraf|Twin Beam|p2a: Ceruledge
|-damage|p2a: Ceruledge|84/100
|-damage|p2a: Ceruledge|69/100
|-hitcount|p2a: Ceruledge|2
|
|-heal|p2b: Milotic|77/100|[from] item: Leftovers
|upkeep
|turn|4
|j| chimbuotza
|inactive|shiro07 has 30 seconds left.
|
|t:|1783778693
|move|p2a: Ceruledge|Bulk Up|p2a: Ceruledge
|-boost|p2a: Ceruledge|atk|1
|-boost|p2a: Ceruledge|def|1
|move|p2b: Milotic|Hypnosis|p1a: Kingambit
|-status|p1a: Kingambit|slp|[from] move: Hypnosis
|cant|p1a: Kingambit|slp
|move|p1b: Farigiraf|Thunderbolt|p2b: Milotic
|-supereffective|p2b: Milotic|1
|-damage|p2b: Milotic|50/100y
|-status|p2b: Milotic|par
|
|-heal|p2b: Milotic|55/100 par|[from] item: Leftovers
|upkeep
|turn|5
|
|t:|1783778713
|switch|p2b: Raichu|Raichu, L50, M|6/100
|move|p2a: Ceruledge|Bitter Blade|p1a: Kingambit
|-supereffective|p1a: Kingambit|1
|-crit|p1a: Kingambit
|-damage|p1a: Kingambit|0 fnt
|-heal|p2a: Ceruledge|100/100|[from] drain|[of] p1a: Kingambit
|faint|p1a: Kingambit
|move|p1b: Farigiraf|Thunderbolt|p2b: Raichu
|-ability|p2b: Raichu|Lightning Rod|boost
|-boost|p2b: Raichu|spa|1
|
|upkeep
|
|t:|1783778726
|switch|p1a: Garchomp|Garchomp, L50, M, shiny|100/100
|turn|6
|
|t:|1783778737
|detailschange|p2b: Raichu|Raichu-Mega-Y, L50, M
|-mega|p2b: Raichu|Raichu|Raichunite Y
|move|p1a: Garchomp|Protect|p1a: Garchomp
|-singleturn|p1a: Garchomp|Protect
|move|p2a: Ceruledge|Protect|p2a: Ceruledge
|-singleturn|p2a: Ceruledge|Protect
|move|p2b: Raichu|Focus Blast|p1a: Garchomp
|-activate|p1a: Garchomp|move: Protect
|move|p1b: Farigiraf|Twin Beam|p2b: Raichu
|-damage|p2b: Raichu|0 fnt
|faint|p2b: Raichu
|-hitcount|p2: Raichu|1
|
|upkeep
|
|t:|1783778742
|switch|p2b: Incineroar|Incineroar, L50, F|100/100
|-ability|p2b: Incineroar|Intimidate|boost
|-unboost|p1a: Garchomp|atk|1
|-unboost|p1b: Farigiraf|atk|1
|turn|7
|
|t:|1783778759
|move|p1b: Farigiraf|Helping Hand|p1a: Garchomp
|-singleturn|p1a: Garchomp|Helping Hand|[of] p1b: Farigiraf
|move|p1a: Garchomp|Earthquake|p2b: Incineroar|[spread] p1b,p2a,p2b
|-supereffective|p2a: Ceruledge|1
|-supereffective|p2b: Incineroar|1
|-damage|p1b: Farigiraf|40/100
|-damage|p2a: Ceruledge|30/100
|-damage|p2b: Incineroar|29/100
|-enditem|p2b: Incineroar|Sitrus Berry|[eat]
|-heal|p2b: Incineroar|53/100|[from] item: Sitrus Berry
|-enditem|p1b: Farigiraf|Sitrus Berry|[eat]
|-heal|p1b: Farigiraf|65/100|[from] item: Sitrus Berry
|-damage|p1a: Garchomp|90/100|[from] item: Life Orb
|move|p2a: Ceruledge|Bulk Up|p2a: Ceruledge
|-boost|p2a: Ceruledge|atk|1
|-boost|p2a: Ceruledge|def|1
|move|p2b: Incineroar|Parting Shot|p1a: Garchomp
|-unboost|p1a: Garchomp|atk|1
|-unboost|p1a: Garchomp|spa|1
|
|t:|1783778766
|switch|p2b: Milotic|Milotic, L50, F|55/100 par|[from] Parting Shot
|
|-heal|p2b: Milotic|61/100 par|[from] item: Leftovers
|upkeep
|turn|8
|
|t:|1783778783
|switch|p2b: Incineroar|Incineroar, L50, F|53/100
|-ability|p2b: Incineroar|Intimidate|boost
|-unboost|p1a: Garchomp|atk|1
|-unboost|p1b: Farigiraf|atk|1
|move|p1a: Garchomp|Protect|p1a: Garchomp
|-singleturn|p1a: Garchomp|Protect
|move|p2a: Ceruledge|Bitter Blade|p1b: Farigiraf
|-damage|p1b: Farigiraf|0 fnt
|-heal|p2a: Ceruledge|71/100|[from] drain|[of] p1b: Farigiraf
|faint|p1b: Farigiraf
|
|upkeep
|j| huyhieuf
|c| huyhieuf|yes
|
|t:|1783778795
|switch|p1b: Charizard|Charizard, L50, F, shiny|100/100
|turn|9
|
|t:|1783778809
|detailschange|p1b: Charizard|Charizard-Mega-Y, L50, F, shiny
|-mega|p1b: Charizard|Charizard|Charizardite Y
|-weather|SunnyDay|[from] ability: Drought|[of] p1b: Charizard
|move|p2b: Incineroar|Fake Out|p1a: Garchomp
|-damage|p1a: Garchomp|80/100
|-damage|p2b: Incineroar|41/100|[from] ability: Rough Skin|[of] p1a: Garchomp
|cant|p1a: Garchomp|flinch
|move|p1b: Charizard|Solar Beam||[still]
|-prepare|p1b: Charizard|Solar Beam
|-anim|p1b: Charizard|Solar Beam|p2a: Ceruledge
|-resisted|p2a: Ceruledge|1
|-damage|p2a: Ceruledge|49/100
|move|p2a: Ceruledge|Bulk Up|p2a: Ceruledge
|-boost|p2a: Ceruledge|atk|1
|-boost|p2a: Ceruledge|def|1
|
|-weather|SunnyDay|[upkeep]
|upkeep
|turn|10
|
|t:|1783778831
|switch|p2b: Milotic|Milotic, L50, F|61/100 par
|move|p2a: Ceruledge|Protect|p2a: Ceruledge
|-singleturn|p2a: Ceruledge|Protect
|move|p1a: Garchomp|Earthquake|p2a: Ceruledge|[spread] p2b
|-activate|p2a: Ceruledge|move: Protect
|-immune|p1b: Charizard
|-damage|p2b: Milotic|46/100 par
|-damage|p1a: Garchomp|71/100|[from] item: Life Orb
|move|p1b: Charizard|Solar Beam||[still]
|-prepare|p1b: Charizard|Solar Beam
|-anim|p1b: Charizard|Solar Beam|p2a: Ceruledge
|-activate|p2a: Ceruledge|move: Protect
|
|-weather|SunnyDay|[upkeep]
|-heal|p2b: Milotic|51/100 par|[from] item: Leftovers
|upkeep
|turn|11
|
|t:|1783778844
|switch|p2b: Incineroar|Incineroar, L50, F|41/100
|-ability|p2b: Incineroar|Intimidate|boost
|-unboost|p1a: Garchomp|atk|1
|-unboost|p1b: Charizard|atk|1
|move|p1a: Garchomp|Stomping Tantrum|p2a: Ceruledge
|-supereffective|p2a: Ceruledge|1
|-damage|p2a: Ceruledge|35/100
|-damage|p1a: Garchomp|61/100|[from] item: Life Orb
|move|p1b: Charizard|Solar Beam||[still]
|-prepare|p1b: Charizard|Solar Beam
|-anim|p1b: Charizard|Solar Beam|p2a: Ceruledge
|-resisted|p2a: Ceruledge|1
|-damage|p2a: Ceruledge|11/100
|move|p2a: Ceruledge|Bitter Blade|p1b: Charizard
|-resisted|p1b: Charizard|1
|-damage|p1b: Charizard|11/100
|-heal|p2a: Ceruledge|56/100|[from] drain|[of] p1b: Charizard
|
|-weather|SunnyDay|[upkeep]
|upkeep
|turn|12
|
|t:|1783778865
|move|p1b: Charizard|Protect|p1b: Charizard
|-singleturn|p1b: Charizard|Protect
|move|p2b: Incineroar|Fake Out|p1a: Garchomp
|-damage|p1a: Garchomp|52/100
|-damage|p2b: Incineroar|29/100|[from] ability: Rough Skin|[of] p1a: Garchomp
|cant|p1a: Garchomp|flinch
|move|p2a: Ceruledge|Bitter Blade|p1b: Charizard
|-activate|p1b: Charizard|move: Protect
|
|-weather|SunnyDay|[upkeep]
|upkeep
|turn|13
|
|t:|1783778885
|move|p2a: Ceruledge|Protect|p2a: Ceruledge
|-singleturn|p2a: Ceruledge|Protect
|move|p1a: Garchomp|Earthquake|p2a: Ceruledge|[spread] p2b
|-activate|p2a: Ceruledge|move: Protect
|-immune|p1b: Charizard
|-supereffective|p2b: Incineroar|1
|-damage|p2b: Incineroar|8/100
|-damage|p1a: Garchomp|42/100|[from] item: Life Orb
|move|p1b: Charizard|Solar Beam||[still]
|-prepare|p1b: Charizard|Solar Beam
|-anim|p1b: Charizard|Solar Beam|p2a: Ceruledge
|-activate|p2a: Ceruledge|move: Protect
|move|p2b: Incineroar|Throat Chop|p1b: Charizard
|-damage|p1b: Charizard|0 fnt
|faint|p1b: Charizard
|
|-weather|none
|upkeep
|turn|14
|
|t:|1783778895
|move|p2a: Ceruledge|Shadow Sneak|p1a: Garchomp
|-damage|p1a: Garchomp|0 fnt
|-damage|p2a: Ceruledge|44/100|[from] ability: Rough Skin|[of] p1a: Garchomp
|faint|p1a: Garchomp
|
|win|shiro07
|l| chimbuotza
|l|☆shiro07
|player|p2|
