|j|☆negaifreak
|j|☆LvisTempest
|html|negaifreakLvisTempest    
|uhtml|bestof|Game 2 of a best-of-3
|t:|1756732507
|gametype|doubles
|player|p1|negaifreak|nate|1121
|player|p2|LvisTempest|silver|1000
|gen|9
|tier|[Gen 9] VGC 2025 Reg H (Bo3)
|rated|
|rule|Species Clause: Limit one of each Pokémon
|rule|Item Clause: Limit 1 of each item
|clearpoke
|poke|p1|Archaludon, L50, M|
|poke|p1|Pelipper, L50, F|
|poke|p1|Grimmsnarl, L50, M|
|poke|p1|Maushold-Four, L50|
|poke|p1|Sinistcha, L50|
|poke|p1|Annihilape, L50, F|
|poke|p2|Sneasler, L50, M|
|poke|p2|Rillaboom, L50, M|
|poke|p2|Incineroar, L50, M|
|poke|p2|Smeargle, L50, M|
|poke|p2|Archaludon, L50, M|
|poke|p2|Whimsicott, L50, F|
|teampreview|4
|showteam|p1|Archaludon||AssaultVest|Stamina|ElectroShot,BodyPress,DragonPulse,FlashCannon|||M|||50|,,,,,Bug]Pelipper||FocusSash|Drizzle|Hurricane,Tailwind,WeatherBall,Protect|||F|||50|,,,,,Ghost]Grimmsnarl||LightClay|Prankster|SpiritBreak,LightScreen,Reflect,MistyTerrain|||M|||50|,,,,,Poison]Maushold-Four||SafetyGoggles|FriendGuard|Taunt,BeatUp,FollowMe,Protect||||||50|,,,,,Ghost]Sinistcha||SitrusBerry|Hospitality|MatchaGotcha,LifeDew,RagePowder,TrickRoom||||||50|,,,,,Fairy]Annihilape||Leftovers|Defiant|RageFist,DrainPunch,BulkUp,Protect|||F|||50|,,,,,Grass
|showteam|p2|Sneasler||GrassySeed|Unburden|SwordsDance,DireClaw,ThroatChop,CloseCombat|||M|||50|,,,,,Fighting]Rillaboom||AssaultVest|GrassySurge|WoodHammer,GrassyGlide,Uturn,FakeOut|||M|||50|,,,,,Grass]Incineroar||SafetyGoggles|Intimidate|KnockOff,PartingShot,Taunt,FakeOut|||M|||50|,,,,,Fire]Smeargle||FocusSash|Moody|FakeOut,Spore,Decorate,HelpingHand|||M|||50|,,,,,Normal]Archaludon||LifeOrb|Stalwart|DracoMeteor,AuraSphere,DarkPulse,FlashCannon|||M|||50|,,,,,Steel]Whimsicott||SitrusBerry|Prankster|Tailwind,FakeTears,HelpingHand,Moonblast|||F|||50|,,,,,Grass
|inactive|Battle timer is ON: inactive players will automatically lose when time's up. (requested by negaifreak)
|inactive|negaifreak has 60 seconds left.
|
|t:|1756732552
|teamsize|p1|4
|teamsize|p2|4
|start
|switch|p1a: Maushold|Maushold-Four, L50|100/100
|switch|p1b: Annihilape|Annihilape, L50, F|100/100
|switch|p2a: Whimsicott|Whimsicott, L50, F|100/100
|switch|p2b: Rillaboom|Rillaboom, L50, M|100/100
|-fieldstart|move: Grassy Terrain|[from] ability: Grassy Surge|[of] p2b: Rillaboom
|turn|1
|inactive|negaifreak has 30 seconds left.
|inactive|negaifreak has 20 seconds left.
|
|t:|1756732588
|-terastallize|p1a: Maushold|Ghost
|move|p2b: Rillaboom|Fake Out|p1a: Maushold
|-immune|p1a: Maushold
|move|p2a: Whimsicott|Tailwind|p2a: Whimsicott
|-sidestart|p2: LvisTempest|move: Tailwind
|move|p1a: Maushold|Beat Up|p1b: Annihilape
|-damage|p1b: Annihilape|98/100
|-damage|p1b: Annihilape|96/100
|-damage|p1b: Annihilape|94/100
|-damage|p1b: Annihilape|91/100
|-hitcount|p1b: Annihilape|4
|move|p1b: Annihilape|Rage Fist|p2a: Whimsicott
|-damage|p2a: Whimsicott|0 fnt
|faint|p2a: Whimsicott
|
|-heal|p1b: Annihilape|97/100|[from] Grassy Terrain
|-heal|p1b: Annihilape|100/100|[from] item: Leftovers
|upkeep
|
|t:|1756732605
|switch|p2a: Sneasler|Sneasler, L50, M|100/100
|-enditem|p2a: Sneasler|Grassy Seed
|-boost|p2a: Sneasler|def|1|[from] item: Grassy Seed
|turn|2
|
|t:|1756732621
|move|p1a: Maushold|Follow Me|p1a: Maushold
|-singleturn|p1a: Maushold|move: Follow Me
|move|p2a: Sneasler|Dire Claw|p1a: Maushold
|-resisted|p1a: Maushold
|-damage|p1a: Maushold|71/100
|-status|p1a: Maushold|psn
|move|p2b: Rillaboom|Wood Hammer|p1a: Maushold
|-damage|p1a: Maushold|0 fnt
|faint|p1a: Maushold
|-damage|p2b: Rillaboom|78/100|[from] Recoil
|move|p1b: Annihilape|Bulk Up|p1b: Annihilape
|-boost|p1b: Annihilape|atk|1
|-boost|p1b: Annihilape|def|1
|
|-heal|p2b: Rillaboom|83/100|[from] Grassy Terrain
|upkeep
|inactive|negaifreak has 30 seconds left.
|
|t:|1756732650
|switch|p1a: Grimmsnarl|Grimmsnarl, L50, M|100/100
|turn|3
|inactive|negaifreak has 30 seconds left.
|
|t:|1756732680
|move|p1a: Grimmsnarl|Misty Terrain|p1a: Grimmsnarl
|-fieldstart|move: Misty Terrain
|move|p2a: Sneasler|Dire Claw|p1b: Annihilape
|-resisted|p1b: Annihilape
|-damage|p1b: Annihilape|83/100
|move|p2b: Rillaboom|Wood Hammer|p1b: Annihilape
|-damage|p1b: Annihilape|40/100
|-damage|p2b: Rillaboom|67/100|[from] Recoil
|move|p1b: Annihilape|Rage Fist|p2b: Rillaboom
|-damage|p2b: Rillaboom|0 fnt
|faint|p2b: Rillaboom
|
|-heal|p1b: Annihilape|46/100|[from] item: Leftovers
|upkeep
|inactive|LvisTempest has 30 seconds left.
|inactive|LvisTempest has 20 seconds left.
|
|t:|1756732717
|switch|p2b: Incineroar|Incineroar, L50, M|100/100
|-ability|p2b: Incineroar|Intimidate|boost
|-unboost|p1a: Grimmsnarl|atk|1
|-unboost|p1b: Annihilape|atk|1
|-ability|p1b: Annihilape|Defiant|boost
|-boost|p1b: Annihilape|atk|2
|turn|4
|inactive|negaifreak has 30 seconds left.
|
|t:|1756732748
|switch|p1a: Sinistcha|Sinistcha, L50|100/100
|-heal|p1b: Annihilape|71/100|[from] ability: Hospitality|[of] p1a: Sinistcha
|move|p2a: Sneasler|Dire Claw|p1b: Annihilape
|-resisted|p1b: Annihilape
|-damage|p1b: Annihilape|56/100
|move|p2b: Incineroar|Knock Off|p1b: Annihilape
|-damage|p1b: Annihilape|19/100
|-enditem|p1b: Annihilape|Leftovers|[from] move: Knock Off|[of] p2b: Incineroar
|move|p1b: Annihilape|Drain Punch|p2b: Incineroar
|-supereffective|p2b: Incineroar
|-damage|p2b: Incineroar|0 fnt
|-heal|p1b: Annihilape|70/100|[from] drain|[of] p2b: Incineroar
|faint|p2b: Incineroar
|
|-sideend|p2: LvisTempest|move: Tailwind
|upkeep
|turn|5
|inactive|negaifreak has 30 seconds left.
|inactive|LvisTempest has 30 seconds left.
|inactive|negaifreak has 20 seconds left.
|inactive|negaifreak has 15 seconds left.
|
|t:|1756732789
|move|p1a: Sinistcha|Rage Powder|p1a: Sinistcha
|-singleturn|p1a: Sinistcha|move: Rage Powder
|move|p2a: Sneasler|Dire Claw|p1a: Sinistcha
|-damage|p1a: Sinistcha|61/100
|move|p1b: Annihilape|Rage Fist|p2a: Sneasler
|-damage|p2a: Sneasler|0 fnt
|faint|p2a: Sneasler
|
|win|negaifreak
||LvisTempest is ready for game 3.
|inactive|negaifreak has 30 seconds to confirm battle start!
|inactive|negaifreak has 20 seconds to confirm battle start!
||negaifreak is ready for game 3.
|uhtml|next|Next: Game 3 of 3
|l|☆LvisTempest
|player|p2|
