|j|☆new mental
|j|☆iuqpui
|html|new mentaliuqpui    
|uhtml|bestof|Game 3 of a best-of-3
|t:|1783698172
|gametype|doubles
|player|p1|new mental|volkner|1218
|player|p2|iuqpui|170|1254
|gen|9
|tier|[Gen 9 Champions] VGC 2026 Reg M-B (Bo3)
|rated|
|rule|Species Clause: Limit one of each Pokémon
|rule|Item Clause: Limit 1 of each item
|clearpoke
|poke|p1|Charizard, L50, M|
|poke|p1|Kingambit, L50, F|
|poke|p1|Sylveon, L50, M|
|poke|p1|Garchomp, L50, M|
|poke|p1|Aerodactyl, L50, M|
|poke|p1|Farigiraf, L50, F|
|poke|p2|Gengar, L50, F, shiny|
|poke|p2|Vivillon-Icy Snow, L50, F|
|poke|p2|Incineroar, L50, M|
|poke|p2|Archaludon, L50, M, shiny|
|poke|p2|Politoed, L50, M, shiny|
|poke|p2|Swampert, L50, M, shiny|
|teampreview|4
|showteam|p1|Charizard||CharizarditeY|SolarPower|Protect,HeatWave,SolarBeam,WeatherBall|Modest||M|||50|]Kingambit||FocusSash|Defiant|IronHead,SuckerPunch,KowtowCleave,LowKick|Adamant||F|||50|]Sylveon||FairyFeather|Pixilate|Detect,HyperVoice,HyperBeam,QuickAttack|Modest||M|||50|]Garchomp||LifeOrb|RoughSkin|Protect,DragonClaw,Earthquake,RockSlide|Jolly||M|||50|]Aerodactyl||Aerodactylite|Unnerve|IceFang,RockSlide,Tailwind,DualWingbeat|Jolly||M|||50|]Farigiraf||SitrusBerry|ArmorTail|TrickRoom,Psychic,Thunderbolt,Roar|Bold||F|||50|
|showteam|p2|Gengar||Gengarite|CursedBody|SludgeBomb,ShadowBall,PerishSong,Protect|Timid||F|||50|]Vivillon-Icy Snow||FocusSash|CompoundEyes|Hurricane,SleepPowder,RagePowder,Protect|Timid||F|||50|]Incineroar||PasshoBerry|Intimidate|ThroatChop,PartingShot,FakeOut,Protect|Sassy||M|||50|]Archaludon||Leftovers|Stamina|DragonPulse,ElectroShot,FlashCannon,Protect|Bold||M|||50|]Politoed||SitrusBerry|Drizzle|WeatherBall,PerishSong,Encore,Protect|Calm||M|||50|]Swampert||Swampertite|Torrent|WaveCrash,Earthquake,IcePunch,Protect|Adamant||M|||50|
|c|☆new mental|?
|c|☆iuqpui|u fari slow so i die first
|c|☆new mental|i know
|inactive|Battle timer is ON: inactive players will automatically lose when time's up. (requested by iuqpui)
|c|☆new mental|i mean why you dont try kill fari
|c|☆iuqpui|? for what
|c|☆iuqpui|play
|c|☆iuqpui|hf
|inactive|new mental has 60 seconds left.
|inactive|new mental has 30 seconds left.
|inactive|new mental has 20 seconds left.
|inactive|new mental has 15 seconds left.
|
|t:|1783698288
|teamsize|p1|4
|teamsize|p2|4
|start
|switch|p1a: Aerodactyl|Aerodactyl, L50, M|100/100
|switch|p1b: Kingambit|Kingambit, L50, F|100/100
|switch|p2a: Vivillon|Vivillon-Icy Snow, L50, F|100/100
|switch|p2b: Swampert|Swampert, L50, M, shiny|100/100
|-ability|p1a: Aerodactyl|Unnerve
|turn|1
|
|t:|1783698312
|switch|p1a: Farigiraf|Farigiraf, L50, F|100/100
|move|p2a: Vivillon|Protect|p2a: Vivillon
|-singleturn|p2a: Vivillon|Protect
|move|p2b: Swampert|Protect|p2b: Swampert
|-singleturn|p2b: Swampert|Protect
|move|p1b: Kingambit|Kowtow Cleave|p2b: Swampert
|-activate|p2b: Swampert|move: Protect
|
|upkeep
|turn|2
|inactive|new mental has 30 seconds left.
|
|t:|1783698339
|detailschange|p2b: Swampert|Swampert-Mega, L50, M, shiny
|-mega|p2b: Swampert|Swampert|Swampertite
|move|p1b: Kingambit|Sucker Punch|p2b: Swampert
|-damage|p2b: Swampert|61/100
|move|p2a: Vivillon|Sleep Powder|p1a: Farigiraf
|-status|p1a: Farigiraf|slp|[from] move: Sleep Powder
|move|p2b: Swampert|Earthquake|p1a: Farigiraf|[spread] p1a,p1b
|-immune|p2a: Vivillon
|-supereffective|p1b: Kingambit|1
|-damage|p1a: Farigiraf|66/100 slp
|-damage|p1b: Kingambit|15/100
|cant|p1a: Farigiraf|slp
|
|upkeep
|turn|3
|
|t:|1783698363
|move|p1b: Kingambit|Sucker Punch|p2b: Swampert
|-damage|p2b: Swampert|23/100
|move|p2a: Vivillon|Hurricane|p1a: Farigiraf
|-damage|p1a: Farigiraf|21/100 slp
|-enditem|p1a: Farigiraf|Sitrus Berry|[eat]
|-heal|p1a: Farigiraf|46/100 slp|[from] item: Sitrus Berry
|move|p2b: Swampert|Earthquake|p1a: Farigiraf|[spread] p1a,p1b
|-immune|p2a: Vivillon
|-supereffective|p1b: Kingambit|1
|-damage|p1a: Farigiraf|10/100 slp
|-damage|p1b: Kingambit|0 fnt
|faint|p1b: Kingambit
|cant|p1a: Farigiraf|slp
|
|upkeep
|
|t:|1783698378
|switch|p1b: Aerodactyl|Aerodactyl, L50, M|100/100
|-ability|p1b: Aerodactyl|Unnerve
|turn|4
|inactive|new mental has 30 seconds left.
|
|t:|1783698408
|switch|p2a: Politoed|Politoed, L50, M, shiny|100/100
|-weather|RainDance|[from] ability: Drizzle|[of] p2a: Politoed
|move|p2b: Swampert|Wave Crash|p1b: Aerodactyl
|-supereffective|p1b: Aerodactyl|1
|-damage|p1b: Aerodactyl|0 fnt
|faint|p1b: Aerodactyl
|-damage|p2b: Swampert|0 fnt|[from] Recoil
|faint|p2b: Swampert
|-curestatus|p1a: Farigiraf|slp|[msg]
|move|p1a: Farigiraf|Thunderbolt|p2a: Politoed
|-supereffective|p2a: Politoed|1
|-damage|p2a: Politoed|61/100
|
|-weather|RainDance|[upkeep]
|upkeep
|
|t:|1783698423
|switch|p1b: Charizard|Charizard, L50, M|100/100
|switch|p2b: Vivillon|Vivillon-Icy Snow, L50, F|100/100
|turn|5
|inactive|new mental has 30 seconds left.
|
|t:|1783698458
|move|p2b: Vivillon|Sleep Powder|p1b: Charizard
|-status|p1b: Charizard|slp|[from] move: Sleep Powder
|cant|p1b: Charizard|slp
|move|p2a: Politoed|Weather Ball|p1a: Farigiraf
|-damage|p1a: Farigiraf|0 fnt
|faint|p1a: Farigiraf
|
|-weather|RainDance|[upkeep]
|upkeep
|turn|6
|
|t:|1783698473
|switch|p2a: Archaludon|Archaludon, L50, M, shiny|100/100
|cant|p1b: Charizard|slp
|move|p2b: Vivillon|Hurricane|p1b: Charizard
|-damage|p1b: Charizard|50/100g slp
|-start|p1b: Charizard|confusion
|
|-weather|RainDance|[upkeep]
|upkeep
|turn|7
|
|t:|1783698486
|detailschange|p1b: Charizard|Charizard-Mega-Y, L50, M
|-mega|p1b: Charizard|Charizard|Charizardite Y
|-weather|SunnyDay|[from] ability: Drought|[of] p1b: Charizard
|move|p2b: Vivillon|Hurricane|p1b: Charizard|[miss]
|-miss|p2b: Vivillon|p1b: Charizard
|-curestatus|p1b: Charizard|slp|[msg]
|-activate|p1b: Charizard|confusion
|move|p1b: Charizard|Heat Wave|p2a: Archaludon|[spread] p2a,p2b
|-supereffective|p2b: Vivillon|1
|-damage|p2a: Archaludon|44/100
|-enditem|p2b: Vivillon|Focus Sash
|-damage|p2b: Vivillon|1/100
|-ability|p2a: Archaludon|Stamina|boost
|-boost|p2a: Archaludon|def|1
|move|p2a: Archaludon|Dragon Pulse|p1b: Charizard
|-damage|p1b: Charizard|20/100y
|
|-weather|SunnyDay|[upkeep]
|-heal|p2a: Archaludon|50/100g|[from] item: Leftovers
|upkeep
|turn|8
|inactive|iuqpui has 30 seconds left.
|
|t:|1783698514
|move|p2a: Archaludon|Protect|p2a: Archaludon
|-singleturn|p2a: Archaludon|Protect
|move|p2b: Vivillon|Sleep Powder|p1b: Charizard
|-status|p1b: Charizard|slp|[from] move: Sleep Powder
|cant|p1b: Charizard|slp
|
|-weather|SunnyDay|[upkeep]
|-heal|p2a: Archaludon|56/100|[from] item: Leftovers
|upkeep
|turn|9
|
|t:|1783698523
|switch|p2b: Politoed|Politoed, L50, M, shiny|61/100
|-weather|RainDance|[from] ability: Drizzle|[of] p2b: Politoed
|-curestatus|p1b: Charizard|slp|[msg]
|-activate|p1b: Charizard|confusion
|-damage|p1b: Charizard|11/100|[from] confusion
|move|p2a: Archaludon|Electro Shot||[still]
|-prepare|p2a: Archaludon|Electro Shot
|-boost|p2a: Archaludon|spa|1
|-anim|p2a: Archaludon|Electro Shot|p1b: Charizard
|-supereffective|p1b: Charizard|1
|-damage|p1b: Charizard|0 fnt
|faint|p1b: Charizard
|
|win|iuqpui
|raw|new mental's rating: 1218 → 1196(-22 for losing)
|raw|iuqpui's rating: 1254 → 1276(+22 for winning)
