|j|☆Desirety
|j|☆natsukivgc
|html|Desiretynatsukivgc    
|uhtml|bestof|Game 3 of a best-of-3
|t:|1785479939
|gametype|doubles
|player|p1|Desirety|preschooler|1195
|player|p2|natsukivgc|1|1187
|gen|9
|tier|[Gen 9 Champions] VGC 2026 Reg M-B (Bo3)
|rated|
|rule|Species Clause: Limit one of each Pokémon
|rule|Item Clause: Limit 1 of each item
|clearpoke
|poke|p1|Charizard, L50, F|
|poke|p1|Floette-Eternal, L50, F|
|poke|p1|Sinistcha, L50|
|poke|p1|Incineroar, L50, F|
|poke|p1|Kingambit, L50, M, shiny|
|poke|p1|Aerodactyl, L50, F|
|poke|p2|Charizard, L50, M|
|poke|p2|Sneasler, L50, F|
|poke|p2|Kingambit, L50, M|
|poke|p2|Dragonite, L50, F|
|poke|p2|Floette-Eternal, L50, F|
|poke|p2|Whimsicott, L50, M|
|teampreview|4
|showteam|p1|Charizard||CharizarditeX|Blaze|DragonDance,DragonClaw,Protect,FlareBlitz|Adamant||F|||50|]Floette-Eternal||Floettite|FlowerVeil|DazzlingGleam,DrainingKiss,CalmMind,Protect|Modest||F|||50|]Sinistcha||CobaBerry|Hospitality|MatchaGotcha,TrickRoom,Imprison,RagePowder|Bold|||||50|]Incineroar||SitrusBerry|Intimidate|WillOWisp,PartingShot,DarkestLariat,FakeOut|Adamant||F|||50|]Kingambit||LifeOrb|Defiant|SuckerPunch,KowtowCleave,LowKick,Protect|Adamant||M|||50|]Aerodactyl||WideLens|Unnerve|RockSlide,Tailwind,Taunt,WideGuard|Jolly||F|||50|
|showteam|p2|Charizard||CharizarditeY|Blaze|HeatWave,SolarBeam,WeatherBall,Protect|Modest||M|||50|]Sneasler||WhiteHerb|Unburden|CloseCombat,DireClaw,FakeOut,Coaching|Jolly||F|||50|]Kingambit||BlackGlasses|Defiant|KowtowCleave,SuckerPunch,SwordsDance,Protect|Adamant||M|||50|]Dragonite||LifeOrb|InnerFocus|DragonClaw,LowKick,ExtremeSpeed,Protect|Adamant||F|||50|]Floette-Eternal||Floettite|FlowerVeil|Moonblast,DazzlingGleam,LightofRuin,Protect|Modest||F|||50|]Whimsicott||FocusSash|Prankster|Moonblast,Tailwind,Encore,Protect|Timid||M|||50|
|
|t:|1785479961
|teamsize|p1|4
|teamsize|p2|4
|start
|switch|p1a: Floette|Floette-Eternal, L50, F|100/100
|switch|p1b: Sinistcha|Sinistcha, L50|100/100
|switch|p2a: Whimsicott|Whimsicott, L50, M|100/100
|switch|p2b: Charizard|Charizard, L50, M|100/100
|turn|1
|
|t:|1785479985
|detailschange|p2b: Charizard|Charizard-Mega-Y, L50, M
|-mega|p2b: Charizard|Charizard|Charizardite Y
|-weather|SunnyDay|[from] ability: Drought|[of] p2b: Charizard
|detailschange|p1a: Floette|Floette-Mega, L50, F
|-mega|p1a: Floette|Floette|Floettite
|-ability|p1a: Floette|Fairy Aura
|move|p2a: Whimsicott|Tailwind|p2a: Whimsicott
|-sidestart|p2: natsukivgc|move: Tailwind
|move|p2b: Charizard|Heat Wave|p1b: Sinistcha|[spread] p1b
|-miss|p2b: Charizard|p1a: Floette
|-supereffective|p1b: Sinistcha|1
|-damage|p1b: Sinistcha|0 fnt
|faint|p1b: Sinistcha
|move|p1a: Floette|Dazzling Gleam|p2a: Whimsicott|[spread] p2a,p2b
|-resisted|p2b: Charizard|1
|-damage|p2a: Whimsicott|21/100
|-damage|p2b: Charizard|78/100
|
|-weather|SunnyDay|[upkeep]
|upkeep
|
|t:|1785479997
|switch|p1b: Kingambit|Kingambit, L50, M, shiny|100/100
|turn|2
|
|t:|1785480013
|switch|p2a: Sneasler|Sneasler, L50, F|100/100
|move|p1b: Kingambit|Sucker Punch|p2b: Charizard
|-damage|p2b: Charizard|20/100r
|-damage|p1b: Kingambit|90/100|[from] item: Life Orb
|move|p2b: Charizard|Heat Wave|p1a: Floette|[spread] p1a,p1b
|-supereffective|p1b: Kingambit|1
|-damage|p1a: Floette|55/100
|-damage|p1b: Kingambit|0 fnt
|faint|p1b: Kingambit
|move|p1a: Floette|Dazzling Gleam|p2b: Charizard|[spread] p2a,p2b
|-resisted|p2b: Charizard|1
|-crit|p2b: Charizard
|-damage|p2a: Sneasler|29/100
|-damage|p2b: Charizard|0 fnt
|faint|p2b: Charizard
|
|-weather|SunnyDay|[upkeep]
|upkeep
|
|t:|1785480030
|switch|p2b: Whimsicott|Whimsicott, L50, M|21/100
|switch|p1b: Incineroar|Incineroar, L50, F|100/100
|-ability|p1b: Incineroar|Intimidate|boost
|-unboost|p2a: Sneasler|atk|1
|-unboost|p2b: Whimsicott|atk|1
|-enditem|p2a: Sneasler|White Herb
|-clearnegativeboost|p2a: Sneasler|[silent]
|turn|3
|
|t:|1785480063
|switch|p2a: Dragonite|Dragonite, L50, F|100/100
|move|p2b: Whimsicott|Protect|p2b: Whimsicott
|-singleturn|p2b: Whimsicott|Protect
|move|p1b: Incineroar|Fake Out|p2a: Dragonite
|-damage|p2a: Dragonite|87/100
|move|p1a: Floette|Dazzling Gleam|p2a: Dragonite|[spread] p2a
|-activate|p2b: Whimsicott|move: Protect
|-supereffective|p2a: Dragonite|1
|-damage|p2a: Dragonite|0 fnt
|faint|p2a: Dragonite
|
|-weather|SunnyDay|[upkeep]
|upkeep
|
|t:|1785480076
|switch|p2a: Sneasler|Sneasler, L50, F|29/100
|turn|4
|
|t:|1785480119
|move|p1a: Floette|Protect|p1a: Floette
|-singleturn|p1a: Floette|Protect
|move|p2a: Sneasler|Dire Claw|p1a: Floette
|-activate|p1a: Floette|move: Protect
|move|p2b: Whimsicott|Moonblast|p1b: Incineroar
|-damage|p1b: Incineroar|57/100
|-unboost|p1b: Incineroar|spa|1
|move|p1b: Incineroar|Will-O-Wisp|p2a: Sneasler
|-status|p2a: Sneasler|brn
|
|-weather|SunnyDay|[upkeep]
|-damage|p2a: Sneasler|23/100 brn|[from] brn
|-sideend|p2: natsukivgc|move: Tailwind
|upkeep
|turn|5
|
|t:|1785480137
|move|p2b: Whimsicott|Encore|p1a: Floette
|-start|p1a: Floette|Encore
|move|p1a: Floette|Protect|p1a: Floette
|-singleturn|p1a: Floette|Protect
|move|p2a: Sneasler|Close Combat|p1b: Incineroar
|-supereffective|p1b: Incineroar|1
|-damage|p1b: Incineroar|9/100
|-unboost|p2a: Sneasler|def|1
|-unboost|p2a: Sneasler|spd|1
|-enditem|p1b: Incineroar|Sitrus Berry|[eat]
|-heal|p1b: Incineroar|34/100|[from] item: Sitrus Berry
|move|p1b: Incineroar|Darkest Lariat|p2a: Sneasler
|-resisted|p2a: Sneasler|1
|-damage|p2a: Sneasler|0 fnt
|faint|p2a: Sneasler
|
|-weather|none
|upkeep
|turn|6
|
|t:|1785480154
|move|p1a: Floette|Protect|p1a: Floette
|-singleturn|p1a: Floette|Protect
|move|p2b: Whimsicott|Moonblast|p1b: Incineroar
|-crit|p1b: Incineroar
|-damage|p1b: Incineroar|0 fnt
|faint|p1b: Incineroar
|
|upkeep
|turn|7
|
|t:|1785480164
|move|p1a: Floette|Protect||[still]
|-fail|p1a: Floette
|move|p2b: Whimsicott|Moonblast|p1a: Floette
|-damage|p1a: Floette|22/100
|
|-end|p1a: Floette|Encore
|upkeep
|turn|8
|
|t:|1785480171
|move|p2b: Whimsicott|Encore|p1a: Floette
|-start|p1a: Floette|Encore
|move|p1a: Floette|Protect||[still]
|-fail|p1a: Floette
|
|upkeep
|turn|9
|c|☆Desirety|gg
|c|☆natsukivgc|im sorry
|c|☆natsukivgc|i think i needed the crit
|c|☆Desirety|i actually dont think so
|
|t:|1785480188
|move|p1a: Floette|Protect|p1a: Floette
|-singleturn|p1a: Floette|Protect
|move|p2b: Whimsicott|Moonblast|p1a: Floette
|-activate|p1a: Floette|move: Protect
|
|upkeep
|turn|10
|c|☆natsukivgc|wouldve been close
|c|☆natsukivgc|good series tho
|c|☆Desirety|deserved aha
|c|☆Desirety|likewise
|c|☆Desirety|good luck man
|-message|Desirety forfeited.
|
|win|natsukivgc
|raw|Desirety's rating: 1195 → 1169(-26 for losing)
|raw|natsukivgc's rating: 1187 → 1213(+26 for winning)
