|j|☆ruddyreboot
|j|☆AndrewsWho
|html|ruddyrebootAndrewsWho    
|uhtml|bestof|Game 2 of a best-of-3
|t:|1754742249
|gametype|doubles
|player|p1|ruddyreboot|266|1258
|player|p2|AndrewsWho|infielder|1320
|gen|9
|tier|[Gen 9] VGC 2025 Reg H (Bo3)
|rated|
|rule|Species Clause: Limit one of each Pokémon
|rule|Item Clause: Limit 1 of each item
|clearpoke
|poke|p1|Zoroark-Hisui, L50, M|
|poke|p1|Sinistcha, L50|
|poke|p1|Pelipper, L50, F|
|poke|p1|Archaludon, L50, M|
|poke|p1|Ursaluna, L50, M|
|poke|p1|Arcanine-Hisui, L50, M|
|poke|p2|Incineroar, L50, F|
|poke|p2|Amoonguss, L50, M|
|poke|p2|Gholdengo, L50|
|poke|p2|Pelipper, L50, F|
|poke|p2|Archaludon, L50, F|
|poke|p2|Basculegion, L50, M|
|teampreview|4
|showteam|p1|Zoroark-Hisui||FocusSash|Illusion|IcyWind,BitterMalice,WillOWisp,Taunt|||M|||50|,,,,,Stellar]Sinistcha||RockyHelmet|Hospitality|MatchaGotcha,RagePowder,TrickRoom,StrengthSap||||||50|,,,,,Fairy]Pelipper||SitrusBerry|Drizzle|Protect,Hurricane,WeatherBall,Tailwind|||F|||50|,,,,,Grass]Archaludon||AssaultVest|Stamina|ElectroShot,Snarl,BodyPress,DracoMeteor|||M|||50|,,,,,Grass]Ursaluna||FlameOrb|Guts|Protect,HeadlongRush,Facade,Earthquake|||M|||50|,,,,,Fairy]Arcanine-Hisui||ClearAmulet|Intimidate|FlareBlitz,RockSlide,Protect,ExtremeSpeed|||M|||50|,,,,,Bug
|showteam|p2|Incineroar||SafetyGoggles|Intimidate|FakeOut,KnockOff,PartingShot,Taunt|||F|||50|,,,,,Ghost]Amoonguss||SitrusBerry|Regenerator|Spore,RagePowder,PollenPuff,Protect|||M|||50|,,,,,Fairy]Gholdengo||LifeOrb|GoodasGold|MakeItRain,ShadowBall,NastyPlot,Protect||||||50|,,,,,Water]Pelipper||FocusSash|Drizzle|WeatherBall,Hurricane,Tailwind,Protect|||F|||50|,,,,,Ground]Archaludon||AssaultVest|Stamina|DracoMeteor,ElectroShot,FlashCannon,BodyPress|||F|||50|,,,,,Grass]Basculegion||ChoiceBand|SwiftSwim|WaveCrash,AquaJet,FlipTurn,LastRespects|||M|||50|,,,,,Grass
|inactive|Battle timer is ON: inactive players will automatically lose when time's up. (requested by ruddyreboot)
|inactive|AndrewsWho has 60 seconds left.
|
|t:|1754742282
|teamsize|p1|4
|teamsize|p2|4
|start
|switch|p1a: Sinistcha|Sinistcha, L50|100/100
|switch|p1b: Archaludon|Archaludon, L50, M|100/100
|switch|p2a: Incineroar|Incineroar, L50, F|100/100
|switch|p2b: Basculegion|Basculegion, L50, M|100/100
|-ability|p2a: Incineroar|Intimidate|boost
|-unboost|p1a: Sinistcha|atk|1
|-unboost|p1b: Archaludon|atk|1
|turn|1
|
|t:|1754742299
|switch|p1a: Pelipper|Pelipper, L50, F|100/100
|-weather|RainDance|[from] ability: Drizzle|[of] p1a: Pelipper
|move|p2b: Basculegion|Flip Turn|p1a: Pelipper
|-resisted|p1a: Pelipper
|-damage|p1a: Pelipper|62/100
|
|t:|1754742306
|switch|p2b: Archaludon|Archaludon, L50, F|100/100|[from] Flip Turn
|move|p1b: Archaludon|Electro Shot||[still]
|-prepare|p1b: Archaludon|Electro Shot
|-boost|p1b: Archaludon|spa|1
|-anim|p1b: Archaludon|Electro Shot|p2b: Archaludon
|-resisted|p2b: Archaludon
|-crit|p2b: Archaludon
|-damage|p2b: Archaludon|70/100
|-ability|p2b: Archaludon|Stamina|boost
|-boost|p2b: Archaludon|def|1
|move|p2a: Incineroar|Taunt|p1a: Pelipper
|-start|p1a: Pelipper|move: Taunt
|
|-weather|RainDance|[upkeep]
|upkeep
|turn|2
|
|t:|1754742329
|switch|p2a: Pelipper|Pelipper, L50, F|100/100
|-terastallize|p1a: Pelipper|Grass
|move|p1a: Pelipper|Weather Ball|p2a: Pelipper
|-resisted|p2a: Pelipper
|-damage|p2a: Pelipper|56/100
|move|p1b: Archaludon|Draco Meteor|p2b: Archaludon
|-damage|p2b: Archaludon|8/100
|-unboost|p1b: Archaludon|spa|2
|-ability|p2b: Archaludon|Stamina|boost
|-boost|p2b: Archaludon|def|1
|move|p2b: Archaludon|Electro Shot||[still]
|-prepare|p2b: Archaludon|Electro Shot
|-boost|p2b: Archaludon|spa|1
|-anim|p2b: Archaludon|Electro Shot|p1a: Pelipper
|-resisted|p1a: Pelipper
|-damage|p1a: Pelipper|14/100
|-enditem|p1a: Pelipper|Sitrus Berry|[eat]
|-heal|p1a: Pelipper|39/100|[from] item: Sitrus Berry
|
|-weather|RainDance|[upkeep]
|upkeep
|turn|3
|
|t:|1754742345
|move|p1a: Pelipper|Hurricane|p2a: Pelipper
|-damage|p2a: Pelipper|0 fnt
|faint|p2a: Pelipper
|move|p1b: Archaludon|Electro Shot||[still]
|-prepare|p1b: Archaludon|Electro Shot
|-boost|p1b: Archaludon|spa|1
|-anim|p1b: Archaludon|Electro Shot|p2b: Archaludon
|-resisted|p2b: Archaludon
|-damage|p2b: Archaludon|0 fnt
|faint|p2b: Archaludon
|
|-weather|RainDance|[upkeep]
|-end|p1a: Pelipper|move: Taunt
|upkeep
|
|t:|1754742348
|switch|p2b: Incineroar|Incineroar, L50, F|100/100
|switch|p2a: Basculegion|Basculegion, L50, M|100/100
|-ability|p2b: Incineroar|Intimidate|boost
|-unboost|p1a: Pelipper|atk|1
|-unboost|p1b: Archaludon|atk|1
|turn|4
|
|t:|1754742365
|-terastallize|p2a: Basculegion|Grass
|move|p1a: Pelipper|Protect|p1a: Pelipper
|-singleturn|p1a: Pelipper|Protect
|move|p2b: Incineroar|Fake Out|p1a: Pelipper
|-activate|p1a: Pelipper|move: Protect
|move|p2a: Basculegion|Last Respects|p1b: Archaludon
|-damage|p1b: Archaludon|27/100
|-ability|p1b: Archaludon|Stamina|boost
|-boost|p1b: Archaludon|def|1
|move|p1b: Archaludon|Electro Shot||[still]
|-prepare|p1b: Archaludon|Electro Shot
|-boost|p1b: Archaludon|spa|1
|-anim|p1b: Archaludon|Electro Shot|p2a: Basculegion
|-resisted|p2a: Basculegion
|-damage|p2a: Basculegion|68/100
|
|-weather|RainDance|[upkeep]
|upkeep
|turn|5
|
|t:|1754742382
|move|p2a: Basculegion|Last Respects|p1a: Pelipper
|-damage|p1a: Pelipper|0 fnt
|faint|p1a: Pelipper
|move|p1b: Archaludon|Body Press|p2b: Incineroar
|-supereffective|p2b: Incineroar
|-damage|p2b: Incineroar|38/100
|move|p2b: Incineroar|Knock Off|p1b: Archaludon
|-damage|p1b: Archaludon|11/100
|-ability|p1b: Archaludon|Stamina|boost
|-boost|p1b: Archaludon|def|1
|-enditem|p1b: Archaludon|Assault Vest|[from] move: Knock Off|[of] p2b: Incineroar
|
|-weather|none
|upkeep
|
|t:|1754742385
|switch|p1a: Sinistcha|Sinistcha, L50|100/100
|turn|6
|
|t:|1754742402
|move|p1a: Sinistcha|Bitter Malice|p2b: Incineroar
|-resisted|p2b: Incineroar
|-damage|p2b: Incineroar|21/100
|-unboost|p2b: Incineroar|atk|1
|move|p2a: Basculegion|Last Respects|p1b: Archaludon
|-damage|p1b: Archaludon|0 fnt
|faint|p1b: Archaludon
|move|p2b: Incineroar|Knock Off|p1a: Sinistcha
|-supereffective|p1a: Sinistcha
|-damage|p1a: Sinistcha|3/100
|replace|p1a: Zoroark|Zoroark-Hisui, L50, M
|-end|p1a: Zoroark|Illusion
|-enditem|p1a: Zoroark|Focus Sash|[from] move: Knock Off|[of] p2b: Incineroar
|
|upkeep
|
|t:|1754742411
|switch|p1b: Sinistcha|Sinistcha, L50|100/100
|-heal|p1a: Zoroark|27/100|[from] ability: Hospitality|[of] p1b: Sinistcha
|turn|7
|
|t:|1754742420
|move|p1a: Zoroark|Bitter Malice|p2b: Incineroar
|-resisted|p2b: Incineroar
|-damage|p2b: Incineroar|5/100
|-unboost|p2b: Incineroar|atk|1
|move|p2a: Basculegion|Last Respects|p1b: Sinistcha
|-supereffective|p1b: Sinistcha
|-crit|p1b: Sinistcha
|-damage|p1b: Sinistcha|0 fnt
|faint|p1b: Sinistcha
|move|p2b: Incineroar|Knock Off|p1a: Zoroark
|-supereffective|p1a: Zoroark
|-damage|p1a: Zoroark|0 fnt
|faint|p1a: Zoroark
|
|win|AndrewsWho
|raw|ruddyreboot's rating: 1258 → 1237(-21 for losing)
|raw|AndrewsWho's rating: 1320 → 1336(+16 for winning)
