|j|☆clarocojones
|j|☆ruben2327
|html|clarocojonesruben2327    
|uhtml|bestof|Game 2 of a best-of-3
|t:|1785598732
|gametype|doubles
|player|p1|clarocojones|striker|1198
|player|p2|ruben2327|steven|1136
|gen|9
|tier|[Gen 9 Champions] VGC 2026 Reg M-B (Bo3)
|rated|
|rule|Species Clause: Limit one of each Pokémon
|rule|Item Clause: Limit 1 of each item
|clearpoke
|poke|p1|Incineroar, L50, F, shiny|
|poke|p1|Floette-Eternal, L50, F|
|poke|p1|Sinistcha-Masterpiece, L50, shiny|
|poke|p1|Kommo-o, L50, F|
|poke|p1|Kingambit, L50, F, shiny|
|poke|p1|Aerodactyl, L50, F|
|poke|p2|Garchomp, L50, M, shiny|
|poke|p2|Incineroar, L50, M, shiny|
|poke|p2|Annihilape, L50, M, shiny|
|poke|p2|Toxapex, L50, M, shiny|
|poke|p2|Venusaur, L50, M, shiny|
|poke|p2|Charizard, L50, M, shiny|
|teampreview|4
|showteam|p1|Incineroar||SitrusBerry|Intimidate|FakeOut,PartingShot,HelpingHand,FlareBlitz|Careful||F|||50|]Floette-Eternal||Floettite|FlowerVeil|Moonblast,DazzlingGleam,CalmMind,Protect|Modest||F|||50|]Sinistcha-Masterpiece||ColburBerry|Hospitality|MatchaGotcha,LifeDew,RagePowder,TrickRoom|Bold|||||50|]Kommo-o||Leftovers|Overcoat|ClangingScales,AuraSphere,ClangorousSoul,Protect|Modest||F|||50|]Kingambit||FocusSash|Defiant|KowtowCleave,SuckerPunch,IronHead,Protect|Adamant||F|||50|]Aerodactyl||Aerodactylite|Unnerve|Protect,RockSlide,Tailwind,DualWingbeat|Jolly||F|||50|
|showteam|p2|Garchomp||ChoiceScarf|RoughSkin|Earthquake,DragonClaw,RockSlide,StompingTantrum|Adamant||M|||50|]Incineroar||SitrusBerry|Intimidate|FakeOut,FlareBlitz,ThroatChop,PartingShot|Impish||M|||50|]Annihilape||FocusSash|Defiant|CloseCombat,PhantomForce,RageFist,Protect|Jolly||M|||50|]Toxapex||Leftovers|Regenerator|Toxic,Infestation,WideGuard,BanefulBunker|Impish||M|||50|]Venusaur||LifeOrb|Chlorophyll|SolarBeam,SludgeBomb,EarthPower,Protect|Modest||M|||50|]Charizard||CharizarditeY|Blaze|HeatWave,WeatherBall,SolarBeam,Protect|Modest||M|||50|
|inactive|Battle timer is ON: inactive players will automatically lose when time's up. (requested by ruben2327)
|inactive|clarocojones has 60 seconds left.
|inactive|ruben2327 has 60 seconds left.
|
|t:|1785598768
|teamsize|p1|4
|teamsize|p2|4
|start
|switch|p1a: Felicidad|Floette-Eternal, L50, F|100/100
|switch|p1b: DON JULIO|Sinistcha-Masterpiece, L50, shiny|100/100
|switch|p2a: Toxapex|Toxapex, L50, M, shiny|100/100
|switch|p2b: Incineroar|Incineroar, L50, M, shiny|100/100
|-ability|p2b: Incineroar|Intimidate|boost
|-unboost|p1a: Felicidad|atk|1
|-block|p1b: DON JULIO|ability: Flower Veil|[of] p1a: Felicidad
|turn|1
|inactive|ruben2327 has 30 seconds left.
|
|t:|1785598797
|move|p1b: DON JULIO|Rage Powder|p1b: DON JULIO
|-singleturn|p1b: DON JULIO|move: Rage Powder
|move|p1a: Felicidad|Calm Mind|p1a: Felicidad
|-boost|p1a: Felicidad|spa|1
|-boost|p1a: Felicidad|spd|1
|move|p2b: Incineroar|Flare Blitz|p1b: DON JULIO
|-supereffective|p1b: DON JULIO|1
|-damage|p1b: DON JULIO|27/100
|-damage|p2b: Incineroar|79/100|[from] Recoil
|move|p2a: Toxapex|Toxic|p1b: DON JULIO
|-block|p1b: DON JULIO|ability: Flower Veil|[of] p1a: Felicidad
|
|upkeep
|turn|2
|inactive|ruben2327 has 30 seconds left.
|
|t:|1785598822
|detailschange|p1a: Felicidad|Floette-Mega, L50, F
|-mega|p1a: Felicidad|Floette|Floettite
|-ability|p1a: Felicidad|Fairy Aura
|move|p1b: DON JULIO|Rage Powder|p1b: DON JULIO
|-singleturn|p1b: DON JULIO|move: Rage Powder
|move|p1a: Felicidad|Moonblast|p2b: Incineroar
|-damage|p2b: Incineroar|0 fnt
|faint|p2b: Incineroar
|move|p2a: Toxapex|Infestation|p1b: DON JULIO
|-damage|p1b: DON JULIO|24/100
|-activate|p1b: DON JULIO|move: Infestation|[of] p2a: Toxapex
|
|-damage|p1b: DON JULIO|11/100|[from] move: Infestation|[partiallytrapped]
|upkeep
|
|t:|1785598837
|switch|p2b: Annihilape|Annihilape, L50, M, shiny|100/100
|turn|3
|
|t:|1785598861
|move|p2b: Annihilape|Protect|p2b: Annihilape
|-singleturn|p2b: Annihilape|Protect
|move|p2a: Toxapex|Baneful Bunker|p2a: Toxapex
|-singleturn|p2a: Toxapex|move: Protect
|move|p1a: Felicidad|Moonblast|p2b: Annihilape
|-activate|p2b: Annihilape|move: Protect
|move|p1b: DON JULIO|Matcha Gotcha|p2b: Annihilape|[spread] 
|-activate|p2a: Toxapex|move: Protect
|-activate|p2b: Annihilape|move: Protect
|
|-damage|p1b: DON JULIO|0 fnt|[from] move: Infestation|[partiallytrapped]
|faint|p1b: DON JULIO
|upkeep
|
|t:|1785598873
|switch|p1b: Aerodactyl|Aerodactyl, L50, F|100/100
|-ability|p1b: Aerodactyl|Unnerve
|turn|4
|inactive|ruben2327 has 30 seconds left.
|
|t:|1785598899
|move|p1b: Aerodactyl|Dual Wingbeat|p2b: Annihilape
|-supereffective|p2b: Annihilape|1
|-damage|p2b: Annihilape|63/100
|-supereffective|p2b: Annihilape|1
|-damage|p2b: Annihilape|29/100
|-hitcount|p2b: Annihilape|2
|move|p2b: Annihilape|Phantom Force||[still]
|-prepare|p2b: Annihilape|Phantom Force
|move|p1a: Felicidad|Moonblast|p2b: Annihilape|[miss]
|-miss|p1a: Felicidad|p2b: Annihilape
|move|p2a: Toxapex|Toxic|p1a: Felicidad
|-status|p1a: Felicidad|tox
|
|-damage|p1a: Felicidad|93/100 tox|[from] psn
|upkeep
|turn|5
|inactive|ruben2327 has 30 seconds left.
|
|t:|1785598929
|move|p1b: Aerodactyl|Dual Wingbeat|p2a: Toxapex|[miss]
|-miss|p1b: Aerodactyl|p2a: Toxapex
|move|p2b: Annihilape|Phantom Force|p1a: Felicidad|[from] lockedmove
|-damage|p1a: Felicidad|51/100 tox
|move|p1a: Felicidad|Dazzling Gleam|p2b: Annihilape|[spread] p2a,p2b
|-resisted|p2a: Toxapex|1
|-supereffective|p2b: Annihilape|1
|-damage|p2a: Toxapex|70/100
|-damage|p2b: Annihilape|0 fnt
|faint|p2b: Annihilape
|move|p2a: Toxapex|Infestation|p1b: Aerodactyl
|-resisted|p1b: Aerodactyl|1
|-crit|p1b: Aerodactyl
|-damage|p1b: Aerodactyl|97/100
|-activate|p1b: Aerodactyl|move: Infestation|[of] p2a: Toxapex
|
|-heal|p2a: Toxapex|76/100|[from] item: Leftovers
|-damage|p1a: Felicidad|39/100 tox|[from] psn
|-damage|p1b: Aerodactyl|84/100|[from] move: Infestation|[partiallytrapped]
|upkeep
|
|t:|1785598945
|switch|p2b: Garchomp|Garchomp, L50, M, shiny|100/100
|turn|6
|
|t:|1785598963
|move|p2a: Toxapex|Wide Guard|p2a: Toxapex
|-singleturn|p2a: Toxapex|Wide Guard
|move|p2b: Garchomp|Stomping Tantrum|p1a: Felicidad
|-damage|p1a: Felicidad|4/100 tox
|move|p1b: Aerodactyl|Tailwind|p1b: Aerodactyl
|-sidestart|p1: clarocojones|move: Tailwind
|move|p1a: Felicidad|Moonblast|p2b: Garchomp
|-supereffective|p2b: Garchomp|1
|-damage|p2b: Garchomp|0 fnt
|faint|p2b: Garchomp
|
|-heal|p2a: Toxapex|82/100|[from] item: Leftovers
|-damage|p1a: Felicidad|0 fnt|[from] psn
|faint|p1a: Felicidad
|-damage|p1b: Aerodactyl|72/100|[from] move: Infestation|[partiallytrapped]
|upkeep
|
|t:|1785598970
|switch|p1a: Kommo-o|Kommo-o, L50, F|100/100
|turn|7
|
|t:|1785598982
|move|p1b: Aerodactyl|Dual Wingbeat|p2a: Toxapex
|-damage|p2a: Toxapex|70/100
|-damage|p2a: Toxapex|59/100
|-hitcount|p2a: Toxapex|2
|move|p1a: Kommo-o|Clanging Scales|p2a: Toxapex
|-damage|p2a: Toxapex|19/100
|-unboost|p1a: Kommo-o|def|1
|move|p2a: Toxapex|Toxic|p1a: Kommo-o
|-status|p1a: Kommo-o|tox
|
|-heal|p2a: Toxapex|24/100|[from] item: Leftovers
|-damage|p1a: Kommo-o|93/100 tox|[from] psn
|-damage|p1b: Aerodactyl|59/100|[from] move: Infestation|[partiallytrapped]
|upkeep
|turn|8
|-message|ruben2327 forfeited.
|
|win|clarocojones
