|j|☆dambro222
|j|☆bluemaere
|html|dambro222bluemaere    
|uhtml|bestof|Game 2 of a best-of-3
|t:|1756845520
|gametype|doubles
|player|p1|dambro222|ethan|1073
|player|p2|bluemaere|bugcatcher-gen4dp|1079
|gen|9
|tier|[Gen 9] VGC 2025 Reg H (Bo3)
|rated|
|rule|Species Clause: Limit one of each Pokémon
|rule|Item Clause: Limit 1 of each item
|clearpoke
|poke|p1|Dragonite, L50, M|
|poke|p1|Volcarona, L50, F|
|poke|p1|Sneasler, L50, M|
|poke|p1|Rillaboom, L50, M|
|poke|p1|Electabuzz, L50, M|
|poke|p1|Kingambit, L50, M|
|poke|p2|Annihilape, L50, F|
|poke|p2|Maushold-Four, L50|
|poke|p2|Klefki, L50, M|
|poke|p2|Ursaluna-Bloodmoon, L50, M|
|poke|p2|Ninetales-Alola, L50, F|
|poke|p2|Sinistcha, L50|
|teampreview|4
|showteam|p1|Dragonite||LoadedDice|Multiscale|ScaleShot,ExtremeSpeed,Haze,Protect|||M|||50|,,,,,Fairy]Volcarona||CovertCloak|FlameBody|HeatWave,TeraBlast,QuiverDance,Protect|||F|||50|,,,,,Fairy]Sneasler||FocusSash|Unburden|CloseCombat,DireClaw,RockSlide,Protect|||M|||50|,,,,,Stellar]Rillaboom||AssaultVest|GrassySurge|WoodHammer,GrassyGlide,HighHorsepower,FakeOut|||M|||50|,,,,,Water]Electabuzz||Eviolite|VitalSpirit|Electroweb,FollowMe,Taunt,Protect|||M|||50|,,,,,Ghost]Kingambit||BlackGlasses|Defiant|KowtowCleave,SuckerPunch,SwordsDance,Protect|||M|||50|,,,,,Dark
|showteam|p2|Annihilape||Leftovers|Defiant|RageFist,BulkUp,DrainPunch,Protect|||F|||50|,,,,,Fire]Maushold-Four||SafetyGoggles|FriendGuard|FollowMe,Taunt,BeatUp,Protect||||||50|,,,,,Ghost]Klefki||LightClay|Prankster|Reflect,LightScreen,MistyTerrain,DazzlingGleam|||M|||50|,,,,,Ghost]Ursaluna-Bloodmoon||AssaultVest|MindsEye|BloodMoon,HyperVoice,EarthPower,VacuumWave|||M|||50|,,,,,Water]Ninetales-Alola||FocusSash|SnowWarning|Blizzard,FreezeDry,Encore,Protect|||F|||50|,,,,,Ghost]Sinistcha||SitrusBerry|Hospitality|MatchaGotcha,TrickRoom,LifeDew,RagePowder||||||50|,,,,,Water
|inactive|Battle timer is ON: inactive players will automatically lose when time's up. (requested by bluemaere)
|inactive|dambro222 also wants the timer to be on.
|inactive|dambro222 has 60 seconds left.
|
|t:|1756845554
|teamsize|p1|4
|teamsize|p2|4
|start
|switch|p1a: Volcarona|Volcarona, L50, F|100/100
|switch|p1b: Electabuzz|Electabuzz, L50, M|100/100
|switch|p2a: Maushold|Maushold-Four, L50|100/100
|switch|p2b: Annihilape|Annihilape, L50, F, shiny|100/100
|turn|1
|
|t:|1756845574
|-terastallize|p2b: Annihilape|Fire
|move|p2a: Maushold|Taunt|p1b: Electabuzz
|-start|p1b: Electabuzz|move: Taunt
|move|p1a: Volcarona|Quiver Dance|p1a: Volcarona
|-boost|p1a: Volcarona|spa|1
|-boost|p1a: Volcarona|spd|1
|-boost|p1a: Volcarona|spe|1
|move|p2b: Annihilape|Bulk Up|p2b: Annihilape
|-boost|p2b: Annihilape|atk|1
|-boost|p2b: Annihilape|def|1
|cant|p1b: Electabuzz|move: Taunt|Taunt
|
|upkeep
|turn|2
|
|t:|1756845598
|switch|p1b: Sneasler|Sneasler, L50, M|100/100
|move|p1a: Volcarona|Protect|p1a: Volcarona
|-singleturn|p1a: Volcarona|Protect
|move|p2a: Maushold|Beat Up|p2b: Annihilape
|-damage|p2b: Annihilape|99/100
|-damage|p2b: Annihilape|98/100
|-damage|p2b: Annihilape|97/100
|-damage|p2b: Annihilape|96/100
|-hitcount|p2b: Annihilape|4
|move|p2b: Annihilape|Rage Fist|p1a: Volcarona
|-activate|p1a: Volcarona|move: Protect
|
|-heal|p2b: Annihilape|100/100|[from] item: Leftovers
|upkeep
|turn|3
|inactive|bluemaere has 30 seconds left.
|
|t:|1756845626
|-terastallize|p1b: Sneasler|Stellar
|move|p1a: Volcarona|Heat Wave|p2b: Annihilape|[spread] p2a,p2b
|-resisted|p2b: Annihilape
|-damage|p2a: Maushold|25/100
|-damage|p2b: Annihilape|84/100
|move|p1b: Sneasler|Rock Slide|p2a: Maushold|[spread] p2a,p2b
|-supereffective|p2b: Annihilape
|-damage|p2a: Maushold|0 fnt
|-damage|p2b: Annihilape|62/100
|faint|p2a: Maushold
|cant|p2b: Annihilape|flinch
|
|-heal|p2b: Annihilape|68/100|[from] item: Leftovers
|upkeep
|
|t:|1756845634
|switch|p2a: Sinistcha|Sinistcha, L50|100/100
|-heal|p2b: Annihilape|93/100|[from] ability: Hospitality|[of] p2a: Sinistcha
|turn|4
|
|t:|1756845652
|move|p1a: Volcarona|Heat Wave|p2a: Sinistcha|[spread] p2b
|-miss|p1a: Volcarona|p2a: Sinistcha
|-resisted|p2b: Annihilape
|-damage|p2b: Annihilape|68/100
|move|p1b: Sneasler|Dire Claw|p2b: Annihilape
|-damage|p2b: Annihilape|33/100
|-status|p2b: Annihilape|psn
|move|p2b: Annihilape|Rage Fist|p1b: Sneasler
|-enditem|p1b: Sneasler|Focus Sash
|-damage|p1b: Sneasler|1/100
|move|p2a: Sinistcha|Matcha Gotcha|p1b: Sneasler|[spread] p1a,p1b
|-resisted|p1a: Volcarona
|-resisted|p1b: Sneasler
|-damage|p1a: Volcarona|97/100
|-damage|p1b: Sneasler|0 fnt
|faint|p1b: Sneasler
|
|-heal|p2b: Annihilape|39/100 psn|[from] item: Leftovers
|-damage|p2b: Annihilape|27/100 psn|[from] psn
|upkeep
|inactive|dambro222 has 30 seconds left.
|
|t:|1756845686
|switch|p1b: Electabuzz|Electabuzz, L50, M|100/100
|turn|5
|
|t:|1756845701
|move|p1b: Electabuzz|Follow Me|p1b: Electabuzz
|-singleturn|p1b: Electabuzz|move: Follow Me
|move|p1a: Volcarona|Heat Wave|p2b: Annihilape|[spread] p2a,p2b
|-supereffective|p2a: Sinistcha
|-resisted|p2b: Annihilape
|-damage|p2a: Sinistcha|0 fnt
|-damage|p2b: Annihilape|1/100 psn
|faint|p2a: Sinistcha
|move|p2b: Annihilape|Rage Fist|p1b: Electabuzz
|-damage|p1b: Electabuzz|0 fnt
|faint|p1b: Electabuzz
|
|-heal|p2b: Annihilape|7/100 psn|[from] item: Leftovers
|-damage|p2b: Annihilape|0 fnt|[from] psn
|faint|p2b: Annihilape
|upkeep
|l|☆bluemaere
|inactive|bluemaere disconnected and has a minute to reconnect!
|player|p2|
|
|t:|1756845715
|switch|p2b: Ursaluna|Ursaluna-Bloodmoon, L50, M|100/100
|switch|p1b: Dragonite|Dragonite, L50, M|100/100
|turn|6
|inactive|bluemaere has 30 seconds left.
|inactive|bluemaere has 20 seconds left.
|inactive|bluemaere has 15 seconds left.
|inactive|bluemaere has 10 seconds left.
|inactive|bluemaere has 5 seconds left.
|-message|bluemaere lost due to inactivity.
|
|win|dambro222
|raw|dambro222's rating: 1073 → 1103(+30 for winning)
|raw|bluemaere's rating: 1079 → 1057(-22 for losing)
