|j|☆Pelosis
|j|☆Yaceuro
|html|PelosisYaceuro    
|uhtml|bestof|Game 2 of a best-of-3
|t:|1784042132
|gametype|doubles
|player|p1|Pelosis|2|1065
|player|p2|Yaceuro|n|1126
|gen|9
|tier|[Gen 9 Champions] VGC 2026 Reg M-B (Bo3)
|rated|
|rule|Species Clause: Limit one of each Pokémon
|rule|Item Clause: Limit 1 of each item
|clearpoke
|poke|p1|Mawile, L50, F|
|poke|p1|Farigiraf, L50, F|
|poke|p1|Incineroar, L50, F|
|poke|p1|Torkoal, L50, M|
|poke|p1|Venusaur, L50, M|
|poke|p1|Scrafty, L50, F|
|poke|p2|Mawile, L50, M, shiny|
|poke|p2|Swampert, L50, F|
|poke|p2|Pelipper, L50, M|
|poke|p2|Archaludon, L50, M, shiny|
|poke|p2|Basculegion, L50, M|
|poke|p2|Dragonite, L50, F|
|teampreview|4
|showteam|p1|Mawile||Mawilite|HyperCutter|Protect,PlayRough,SwordsDance,SuckerPunch|Brave||F|||50|]Farigiraf||SitrusBerry|ArmorTail|TrickRoom,TwinBeam,Thunderbolt,HelpingHand|Quiet||F|||50|]Incineroar||WhiteHerb|Intimidate|FakeOut,CloseCombat,FlareBlitz,ThroatChop|Brave||F|||50|]Torkoal||Charcoal|Drought|Protect,Eruption,HeatWave,WeatherBall|Quiet||M|||50|]Venusaur||FocusSash|Chlorophyll|SleepPowder,EarthPower,EnergyBall,SludgeBomb|Modest||M|||50|]Scrafty||Scraftinite|Intimidate|FakeOut,CloseCombat,KnockOff,IcePunch|Brave||F|||50|
|showteam|p2|Mawile||Mawilite|HyperCutter|PlayRough,BrickBreak,SuckerPunch,Protect|Adamant||M|||50|]Swampert||Swampertite|Torrent|HighHorsepower,IcePunch,WaveCrash,Protect|Adamant||F|||50|]Pelipper||FocusSash|Drizzle|WeatherBall,Hurricane,Tailwind,Protect|Modest||M|||50|]Archaludon||Leftovers|Stamina|FlashCannon,DragonPulse,ElectroShot,Protect|Modest||M|||50|]Basculegion||ChoiceScarf|Adaptability|FlipTurn,WaveCrash,AquaJet,LastRespects|Jolly||M|||50|]Dragonite||LifeOrb|InnerFocus|DracoMeteor,Hurricane,Thunder,Protect|Modest||F|||50|
|inactive|Battle timer is ON: inactive players will automatically lose when time's up. (requested by Yaceuro)
|inactive|Yaceuro has 60 seconds left.
|
|t:|1784042183
|teamsize|p1|4
|teamsize|p2|4
|start
|switch|p1a: Venusaur|Venusaur, L50, M|100/100
|switch|p1b: Scrafty|Scrafty, L50, F|100/100
|switch|p2a: Swampert|Swampert, L50, F|100/100
|switch|p2b: Basculegion|Basculegion, L50, M|100/100
|-ability|p1b: Scrafty|Intimidate|boost
|-unboost|p2a: Swampert|atk|1
|-unboost|p2b: Basculegion|atk|1
|turn|1
|inactive|Pelosis has 30 seconds left.
|inactive|Pelosis has 20 seconds left.
|inactive|Pelosis has 15 seconds left.
|inactive|Pelosis has 10 seconds left.
|
|t:|1784042229
|detailschange|p2a: Swampert|Swampert-Mega, L50, F
|-mega|p2a: Swampert|Swampert|Swampertite
|detailschange|p1b: Scrafty|Scrafty-Mega, L50, F
|-mega|p1b: Scrafty|Scrafty|Scraftinite
|-ability|p1b: Scrafty|Intimidate|boost
|-unboost|p2a: Swampert|atk|1
|-unboost|p2b: Basculegion|atk|1
|move|p2b: Basculegion|Flip Turn|p1a: Venusaur
|-resisted|p1a: Venusaur|1
|-damage|p1a: Venusaur|87/100
|
|t:|1784042237
|switch|p2b: Dragonite|Dragonite, L50, F|100/100|[from] Flip Turn
|move|p1a: Venusaur|Sleep Powder|p2b: Dragonite
|-status|p2b: Dragonite|slp|[from] move: Sleep Powder
|move|p2a: Swampert|Ice Punch|p1a: Venusaur
|-supereffective|p1a: Venusaur|1
|-damage|p1a: Venusaur|43/100
|move|p1b: Scrafty|Knock Off|p2b: Dragonite
|-damage|p2b: Dragonite|51/100 slp
|-enditem|p2b: Dragonite|Life Orb|[from] move: Knock Off|[of] p1b: Scrafty
|
|upkeep
|turn|2
|inactive|Yaceuro has 30 seconds left.
|inactive|Yaceuro has 20 seconds left.
|inactive|Yaceuro has 15 seconds left.
|
|t:|1784042279
|switch|p2b: Pelipper|Pelipper, L50, M|100/100
|-weather|RainDance|[from] ability: Drizzle|[of] p2b: Pelipper
|move|p2a: Swampert|High Horsepower|p1a: Venusaur
|-crit|p1a: Venusaur
|-damage|p1a: Venusaur|0 fnt
|faint|p1a: Venusaur
|move|p1b: Scrafty|Ice Punch|p2b: Pelipper
|-damage|p2b: Pelipper|61/100
|
|-weather|RainDance|[upkeep]
|upkeep
|
|t:|1784042293
|switch|p1a: Torkoal|Torkoal, L50, M|100/100
|-weather|SunnyDay|[from] ability: Drought|[of] p1a: Torkoal
|turn|3
|
|t:|1784042305
|switch|p1b: Farigiraf|Farigiraf, L50, F|100/100
|move|p2b: Pelipper|Protect|p2b: Pelipper
|-singleturn|p2b: Pelipper|Protect
|move|p2a: Swampert|High Horsepower|p1a: Torkoal
|-supereffective|p1a: Torkoal|1
|-damage|p1a: Torkoal|52/100
|move|p1a: Torkoal|Heat Wave|p2b: Pelipper|[spread] 
|-activate|p2b: Pelipper|move: Protect
|-miss|p1a: Torkoal|p2a: Swampert
|
|-weather|SunnyDay|[upkeep]
|upkeep
|turn|4
|
|t:|1784042327
|switch|p2b: Dragonite|Dragonite, L50, F|51/100 slp
|switch|p1a: Scrafty|Scrafty-Mega, L50, F|100/100
|-ability|p1a: Scrafty|Intimidate|boost
|-unboost|p2a: Swampert|atk|1
|-fail|p2b: Dragonite|unboost|Attack|[from] ability: Inner Focus|[of] p2b: Dragonite
|move|p2a: Swampert|High Horsepower|p1a: Scrafty
|-damage|p1a: Scrafty|78/100
|move|p1b: Farigiraf|Trick Room|p1b: Farigiraf
|-fieldstart|move: Trick Room|[of] p1b: Farigiraf
|
|-weather|SunnyDay|[upkeep]
|upkeep
|turn|5
|
|t:|1784042351
|switch|p2a: Basculegion|Basculegion, L50, M|100/100
|move|p1b: Farigiraf|Thunderbolt|p2b: Dragonite
|-damage|p2b: Dragonite|26/100 slp
|move|p1a: Scrafty|Knock Off|p2a: Basculegion
|-supereffective|p2a: Basculegion|1
|-damage|p2a: Basculegion|0 fnt
|-enditem|p2a: Basculegion|Choice Scarf|[from] move: Knock Off|[of] p1a: Scrafty
|faint|p2a: Basculegion
|cant|p2b: Dragonite|slp
|
|-weather|SunnyDay|[upkeep]
|upkeep
|
|t:|1784042363
|switch|p2a: Swampert|Swampert-Mega, L50, F|100/100
|turn|6
|
|t:|1784042377
|move|p2a: Swampert|Protect|p2a: Swampert
|-singleturn|p2a: Swampert|Protect
|move|p1b: Farigiraf|Twin Beam|p2a: Swampert
|-activate|p2a: Swampert|move: Protect
|move|p1a: Scrafty|Close Combat|p2a: Swampert
|-activate|p2a: Swampert|move: Protect
|-curestatus|p2b: Dragonite|slp|[msg]
|move|p2b: Dragonite|Draco Meteor|p1a: Scrafty
|-crit|p1a: Scrafty
|-damage|p1a: Scrafty|3/100
|-unboost|p2b: Dragonite|spa|2
|
|-weather|SunnyDay|[upkeep]
|upkeep
|turn|7
|inactive|Pelosis has 30 seconds left.
|inactive|Yaceuro has 30 seconds left.
|inactive|Yaceuro has 20 seconds left.
|
|t:|1784042416
|switch|p1a: Torkoal|Torkoal, L50, M|52/100
|switch|p2a: Pelipper|Pelipper, L50, M|61/100
|-weather|RainDance|[from] ability: Drizzle|[of] p2a: Pelipper
|move|p1b: Farigiraf|Thunderbolt|p2b: Dragonite
|-damage|p2b: Dragonite|2/100
|move|p2b: Dragonite|Draco Meteor|p1a: Torkoal
|-damage|p1a: Torkoal|14/100
|-unboost|p2b: Dragonite|spa|2
|
|-weather|RainDance|[upkeep]
|upkeep
|turn|8
|inactive|Yaceuro has 30 seconds left.
|
|t:|1784042447
|move|p2a: Pelipper|Protect|p2a: Pelipper
|-singleturn|p2a: Pelipper|Protect
|move|p1a: Torkoal|Heat Wave|p2a: Pelipper|[spread] p2b
|-activate|p2a: Pelipper|move: Protect
|-resisted|p2b: Dragonite|1
|-damage|p2b: Dragonite|0 fnt
|faint|p2b: Dragonite
|move|p1b: Farigiraf|Thunderbolt|p2a: Pelipper
|-activate|p2a: Pelipper|move: Protect
|
|-weather|RainDance|[upkeep]
|-fieldend|move: Trick Room
|upkeep
|
|t:|1784042456
|switch|p2b: Swampert|Swampert-Mega, L50, F|100/100
|turn|9
|
|t:|1784042473
|switch|p1a: Scrafty|Scrafty-Mega, L50, F|3/100
|-ability|p1a: Scrafty|Intimidate|boost
|-unboost|p2a: Pelipper|atk|1
|-unboost|p2b: Swampert|atk|1
|move|p2b: Swampert|Wave Crash|p1a: Scrafty
|-damage|p1a: Scrafty|0 fnt
|faint|p1a: Scrafty
|-damage|p2b: Swampert|98/100|[from] Recoil
|move|p2a: Pelipper|Weather Ball|p1b: Farigiraf
|-damage|p1b: Farigiraf|37/100
|-enditem|p1b: Farigiraf|Sitrus Berry|[eat]
|-heal|p1b: Farigiraf|62/100|[from] item: Sitrus Berry
|move|p1b: Farigiraf|Trick Room|p1b: Farigiraf
|-fieldstart|move: Trick Room|[of] p1b: Farigiraf
|
|-weather|RainDance|[upkeep]
|upkeep
|
|t:|1784042487
|switch|p1a: Torkoal|Torkoal, L50, M|14/100
|-weather|SunnyDay|[from] ability: Drought|[of] p1a: Torkoal
|turn|10
|
|t:|1784042512
|move|p2a: Pelipper|Protect|p2a: Pelipper
|-singleturn|p2a: Pelipper|Protect
|move|p1a: Torkoal|Heat Wave|p2b: Swampert|[spread] p2b
|-activate|p2a: Pelipper|move: Protect
|-resisted|p2b: Swampert|1
|-damage|p2b: Swampert|75/100
|move|p1b: Farigiraf|Thunderbolt|p2a: Pelipper
|-activate|p2a: Pelipper|move: Protect
|move|p2b: Swampert|High Horsepower|p1b: Farigiraf
|-damage|p1b: Farigiraf|23/100
|
|-weather|SunnyDay|[upkeep]
|upkeep
|turn|11
|
|t:|1784042530
|move|p1a: Torkoal|Heat Wave|p2a: Pelipper|[spread] p2a,p2b
|-resisted|p2a: Pelipper|1
|-resisted|p2b: Swampert|1
|-damage|p2a: Pelipper|8/100
|-damage|p2b: Swampert|52/100
|move|p1b: Farigiraf|Twin Beam|p2b: Swampert
|-crit|p2b: Swampert
|-damage|p2b: Swampert|28/100
|-damage|p2b: Swampert|14/100
|-hitcount|p2b: Swampert|2
|move|p2b: Swampert|High Horsepower|p1a: Torkoal
|-supereffective|p1a: Torkoal|1
|-damage|p1a: Torkoal|0 fnt
|faint|p1a: Torkoal
|move|p2a: Pelipper|Weather Ball|p1b: Farigiraf
|-damage|p1b: Farigiraf|0 fnt
|faint|p1b: Farigiraf
|
|win|Yaceuro
||Yaceuro is ready for game 3.
|inactive|Pelosis has 30 seconds to confirm battle start!
||Pelosis is ready for game 3.
|uhtml|next|Next: Game 3 of 3
