|j|☆lux raymundi
|j|☆Cascais shopping
|html|lux raymundiCascais shopping    
|uhtml|bestof|Game 1 of a best-of-3
|t:|1784584452
|gametype|doubles
|player|p1|lux raymundi|101|1314
|player|p2|Cascais shopping|170|1150
|gen|9
|tier|[Gen 9 Champions] VGC 2026 Reg M-B (Bo3)
|rated|
|rule|Species Clause: Limit one of each Pokémon
|rule|Item Clause: Limit 1 of each item
|clearpoke
|poke|p1|Sneasler, L50, M|
|poke|p1|Blastoise, L50, M|
|poke|p1|Kingambit, L50, M|
|poke|p1|Incineroar, L50, M|
|poke|p1|Delphox, L50, F|
|poke|p1|Sinistcha, L50|
|poke|p2|Garchomp, L50, F|
|poke|p2|Venusaur, L50, M|
|poke|p2|Incineroar, L50, M|
|poke|p2|Charizard, L50, M|
|poke|p2|Toxapex, L50, F|
|poke|p2|Annihilape, L50, F|
|teampreview|4
|showteam|p1|Sneasler||FocusSash|PoisonTouch|PoisonJab,CloseCombat,FakeOut,QuickGuard|Jolly||M|||50|]Blastoise||Blastoisinite|RainDish|DarkPulse,WaterSpout,ShellSmash,Protect|Modest||M|||50|]Kingambit||BlackGlasses|Defiant|KowtowCleave,SuckerPunch,SwordsDance,Protect|Adamant||M|||50|]Incineroar||SitrusBerry|Intimidate|FlareBlitz,ThroatChop,PartingShot,FakeOut|Careful||M|||50|]Delphox||Delphoxite|Blaze|HeatWave,NastyPlot,Psychic,Protect|Timid||F|||50|]Sinistcha||KasibBerry|Hospitality|MatchaGotcha,RagePowder,TrickRoom,Protect|Bold|||||50|
|showteam|p2|Garchomp||ChoiceScarf|RoughSkin|Earthquake,RockSlide,DragonClaw,StompingTantrum|Adamant||F|||50|]Venusaur||LifeOrb|Chlorophyll|SludgeBomb,SolarBeam,EarthPower,Protect|Modest||M|||50|]Incineroar||SitrusBerry|Intimidate|FakeOut,FlareBlitz,ThroatChop,PartingShot|Impish||M|||50|]Charizard||CharizarditeY|Blaze|HeatWave,WeatherBall,Protect,HelpingHand|Modest||M|||50|]Toxapex||Leftovers|Regenerator|Infestation,Toxic,WideGuard,BanefulBunker|Impish||F|||50|]Annihilape||FocusSash|Defiant|CloseCombat,PhantomForce,RockTomb,Protect|Jolly||F|||50|
|inactive|Battle timer is ON: inactive players will automatically lose when time's up. (requested by lux raymundi)
|j| kidkeo257
|l| kidkeo257
|
|t:|1784584510
|teamsize|p1|4
|teamsize|p2|4
|start
|switch|p1a: Sneasler|Sneasler, L50, M|100/100
|switch|p1b: Delphox|Delphox, L50, F|100/100
|switch|p2a: Charizard|Charizard, L50, M|100/100
|switch|p2b: Annihilape|Annihilape, L50, F|100/100
|turn|1
|j| kidkeo257
|l| kidkeo257
|inactive|Cascais shopping has 30 seconds left.
|
|t:|1784584543
|switch|p2a: Incineroar|Incineroar, L50, M|100/100
|-ability|p2a: Incineroar|Intimidate|boost
|-unboost|p1a: Sneasler|atk|1
|-unboost|p1b: Delphox|atk|1
|detailschange|p1b: Delphox|Delphox-Mega, L50, F
|-mega|p1b: Delphox|Delphox|Delphoxite
|move|p2b: Annihilape|Protect|p2b: Annihilape
|-singleturn|p2b: Annihilape|Protect
|move|p1b: Delphox|Psychic|p2b: Annihilape
|-activate|p2b: Annihilape|move: Protect
|move|p1a: Sneasler|Poison Jab|p2b: Annihilape
|-activate|p2b: Annihilape|move: Protect
|
|upkeep
|turn|2
|inactive|Cascais shopping has 30 seconds left.
|inactive|Cascais shopping has 20 seconds left.
|inactive|Cascais shopping has 15 seconds left.
|
|t:|1784584585
|move|p1a: Sneasler|Quick Guard|p1a: Sneasler
|-singleturn|p1a: Sneasler|Quick Guard
|move|p2a: Incineroar|Fake Out|p1b: Delphox
|-activate|p1b: Delphox|move: Quick Guard
|move|p1b: Delphox|Psychic|p2b: Annihilape
|-supereffective|p2b: Annihilape|1
|-enditem|p2b: Annihilape|Focus Sash
|-damage|p2b: Annihilape|1/100
|move|p2b: Annihilape|Phantom Force||[still]
|-prepare|p2b: Annihilape|Phantom Force
|
|upkeep
|turn|3
|inactive|lux raymundi has 30 seconds left.
|
|t:|1784584614
|switch|p1b: Kingambit|Kingambit, L50, M|100/100
|move|p1a: Sneasler|Close Combat|p2a: Incineroar
|-supereffective|p2a: Incineroar|1
|-damage|p2a: Incineroar|36/100
|-unboost|p1a: Sneasler|def|1
|-unboost|p1a: Sneasler|spd|1
|-enditem|p2a: Incineroar|Sitrus Berry|[eat]
|-heal|p2a: Incineroar|61/100|[from] item: Sitrus Berry
|move|p2b: Annihilape|Phantom Force|p1b: Kingambit|[from] lockedmove
|-resisted|p1b: Kingambit|1
|-crit|p1b: Kingambit
|-damage|p1b: Kingambit|75/100
|move|p2a: Incineroar|Flare Blitz|p1b: Kingambit
|-supereffective|p1b: Kingambit|1
|-damage|p1b: Kingambit|5/100
|-damage|p2a: Incineroar|37/100|[from] Recoil
|
|upkeep
|turn|4
|
|t:|1784584639
|switch|p2b: Charizard|Charizard, L50, M|100/100
|switch|p2a: Venusaur|Venusaur, L50, M|100/100
|move|p1b: Kingambit|Sucker Punch||[still]
|-fail|p1b: Kingambit
|move|p1a: Sneasler|Close Combat|p2a: Venusaur
|-resisted|p2a: Venusaur|1
|-damage|p2a: Venusaur|76/100
|-unboost|p1a: Sneasler|def|1
|-unboost|p1a: Sneasler|spd|1
|
|upkeep
|turn|5
|inactive|Cascais shopping has 30 seconds left.
|
|t:|1784584672
|switch|p1a: Sinistcha|Sinistcha, L50|100/100
|-heal|p1b: Kingambit|30/100|[from] ability: Hospitality|[of] p1a: Sinistcha
|detailschange|p2b: Charizard|Charizard-Mega-Y, L50, M
|-mega|p2b: Charizard|Charizard|Charizardite Y
|-weather|SunnyDay|[from] ability: Drought|[of] p2b: Charizard
|move|p2a: Venusaur|Protect|p2a: Venusaur
|-singleturn|p2a: Venusaur|Protect
|move|p1b: Kingambit|Protect|p1b: Kingambit
|-singleturn|p1b: Kingambit|Protect
|move|p2b: Charizard|Heat Wave|p1b: Kingambit|[spread] 
|-activate|p1b: Kingambit|move: Protect
|-miss|p2b: Charizard|p1a: Sinistcha
|
|-weather|SunnyDay|[upkeep]
|upkeep
|turn|6
|inactive|lux raymundi has 30 seconds left.
|
|t:|1784584700
|move|p1a: Sinistcha|Rage Powder|p1a: Sinistcha
|-singleturn|p1a: Sinistcha|move: Rage Powder
|move|p1b: Kingambit|Sucker Punch|p2a: Venusaur
|-damage|p2a: Venusaur|28/100
|move|p2a: Venusaur|Earth Power|p1b: Kingambit
|-supereffective|p1b: Kingambit|1
|-damage|p1b: Kingambit|0 fnt
|faint|p1b: Kingambit
|-damage|p2a: Venusaur|19/100|[from] item: Life Orb
|move|p2b: Charizard|Weather Ball|p1a: Sinistcha
|-supereffective|p1a: Sinistcha|1
|-damage|p1a: Sinistcha|0 fnt
|faint|p1a: Sinistcha
|
|-weather|SunnyDay|[upkeep]
|upkeep
|
|t:|1784584713
|switch|p1a: Delphox|Delphox-Mega, L50, F|100/100
|switch|p1b: Sneasler|Sneasler, L50, M|100/100
|turn|7
|inactive|Cascais shopping has 30 seconds left.
|
|t:|1784584744
|move|p1b: Sneasler|Fake Out|p2b: Charizard
|-damage|p2b: Charizard|86/100
|-status|p2b: Charizard|psn|[from] ability: Poison Touch|[of] p1b: Sneasler
|move|p2a: Venusaur|Earth Power|p1b: Sneasler
|-supereffective|p1b: Sneasler|1
|-enditem|p1b: Sneasler|Focus Sash
|-damage|p1b: Sneasler|1/100
|-damage|p2a: Venusaur|10/100|[from] item: Life Orb
|move|p1a: Delphox|Heat Wave|p2a: Venusaur|[spread] p2a,p2b
|-supereffective|p2a: Venusaur|1
|-crit|p2a: Venusaur
|-resisted|p2b: Charizard|1
|-damage|p2a: Venusaur|0 fnt
|-damage|p2b: Charizard|60/100 psn
|faint|p2a: Venusaur
|cant|p2b: Charizard|flinch
|
|-weather|SunnyDay|[upkeep]
|-damage|p2b: Charizard|48/100 psn|[from] psn
|upkeep
|
|t:|1784584758
|switch|p2a: Incineroar|Incineroar, L50, M|37/100
|-ability|p2a: Incineroar|Intimidate|boost
|-unboost|p1a: Delphox|atk|1
|-unboost|p1b: Sneasler|atk|1
|turn|8
|
|t:|1784584774
|move|p1b: Sneasler|Quick Guard|p1b: Sneasler
|-singleturn|p1b: Sneasler|Quick Guard
|move|p2a: Incineroar|Fake Out|p1b: Sneasler
|-activate|p1b: Sneasler|move: Quick Guard
|move|p1a: Delphox|Psychic|p2b: Charizard
|-damage|p2b: Charizard|0 fnt
|faint|p2b: Charizard
|
|-weather|SunnyDay|[upkeep]
|upkeep
|
|t:|1784584782
|switch|p2b: Annihilape|Annihilape, L50, F|1/100
|turn|9
|
|t:|1784584793
|move|p1a: Delphox|Psychic|p2b: Annihilape
|-supereffective|p2b: Annihilape|1
|-damage|p2b: Annihilape|0 fnt
|faint|p2b: Annihilape
|move|p1b: Sneasler|Close Combat|p2a: Incineroar
|-supereffective|p2a: Incineroar|1
|-damage|p2a: Incineroar|0 fnt
|-unboost|p1b: Sneasler|def|1
|-unboost|p1b: Sneasler|spd|1
|faint|p2a: Incineroar
|
|win|lux raymundi
