|j|Ōśåchaosaintme
|j|Ōśåregitron 21
|html|chaosaintmeregitron 21    
|uhtml|bestof|Game 3 of a best-of-3
|t:|1756851637
|gametype|doubles
|player|p1|chaosaintme|roxie|1100
|player|p2|regitron 21|shauntal|1061
|gen|9
|tier|[Gen 9] VGC 2025 Reg H (Bo3)
|rated|
|rule|Species Clause: Limit one of each Pok├®mon
|rule|Item Clause: Limit 1 of each item
|clearpoke
|poke|p1|Volcarona, L50, F|
|poke|p1|Corviknight, L50, M|
|poke|p1|Rillaboom, L50, M|
|poke|p1|Sneasler, L50, F|
|poke|p1|Garchomp, L50, M|
|poke|p1|Primarina, L50, F|
|poke|p2|Ursaluna, L50, F|
|poke|p2|Farigiraf, L50, F|
|poke|p2|Volcarona, L50, M|
|poke|p2|Typhlosion-Hisui, L50, F|
|poke|p2|Whimsicott, L50, F|
|poke|p2|Dragonite, L50, F|
|teampreview|4
|showteam|p1|Volcarona||SafetyGoggles|FlameBody|HeatWave,RagePowder,Protect,GigaDrain|||F|||50|,,,,,Dragon]Corviknight||CovertCloak|MirrorArmor|BraveBird,IronHead,Protect,Tailwind|||M|||50|,,,,,Dragon]Rillaboom||AssaultVest|GrassySurge|FakeOut,WoodHammer,GrassyGlide,HighHorsepower|||M|||50|,,,,,Water]Sneasler||FocusSash|Unburden|CloseCombat,FakeOut,Protect,DireClaw|||F|||50|,,,,,Stellar]Garchomp||LifeOrb|RoughSkin|Earthquake,Protect,DragonClaw,StompingTantrum|||M|||50|,,,,,Ground]Primarina||ThroatSpray|LiquidVoice|Moonblast,HyperVoice,Protect,Haze|||F|||50|,,,,,Poison
|showteam|p2|Ursaluna||FlameOrb|Guts|Facade,CloseCombat,Earthquake,Protect|||F|||50|,,,,,Ghost]Farigiraf||SitrusBerry|ArmorTail|TrickRoom,Imprison,FoulPlay,Protect|||F|||50|,,,,,Fairy]Volcarona||Leftovers|FlameBody|GigaDrain,QuiverDance,BugBuzz,HeatWave|||M|||50|,,,,,Grass]Typhlosion-Hisui||LifeOrb|Blaze|Eruption,ShadowBall,HeatWave,Protect|||F|||50|,,,,,Fire]Whimsicott||FocusSash|Prankster|Moonblast,Taunt,SunnyDay,Tailwind|||F|||50|,,,,,Dark]Dragonite||ClearAmulet|Multiscale|Tailwind,Haze,ExtremeSpeed,DragonClaw|||F|||50|,,,,,Normal
|c|Ōśåregitron 21|ok uh good luck
|c|Ōśåchaosaintme|it didnt fail....
|c|Ōśåchaosaintme|good luck but like
|c|Ōśåchaosaintme|let me win this im abpout to drop to 1100
|c|Ōśåchaosaintme|but like good luck in life you know
|c|Ōśåchaosaintme|i hope you get a raise
|c|Ōśåchaosaintme|or a shiny
|c|Ōśåregitron 21|bro
|c|Ōśåregitron 21|im drop from 1200
|c|Ōśåregitron 21|this is the first time i win in the day
|c|Ōśåchaosaintme|pf
|c|Ōśåchaosaintme|bro can we like
|c|Ōśåchaosaintme|draw
|c|Ōśåchaosaintme|and then we lose 0
|c|Ōśåchaosaintme|both
|c|Ōśåregitron 21|ok if you wan
|c|Ōśåregitron 21|you gonna say that to the next person you gonna lose?
|c|Ōśåregitron 21|like
|c|Ōśåregitron 21|do it until you win
|c|Ōśåchaosaintme|hahaha
|c|Ōśåchaosaintme|nah im joking
|c|Ōśåchaosaintme|lets do this
|c|Ōśåregitron 21|ok i guess
|c|Ōśåregitron 21|good luck
|c|Ōśåchaosaintme|glhf!
|c|Ōśåregitron 21|man we are playing reg h
|c|Ōśåregitron 21|fun is not allowed
|c|Ōśåchaosaintme|thats true
|c|Ōśåchaosaintme|fr
|c|Ōśåchaosaintme|only marco fieri and archaludon
|
|t:|1756851898
|teamsize|p1|4
|teamsize|p2|4
|start
|switch|p1a: LETS GO GAMBLING|Sneasler, L50, F|100/100
|switch|p1b: perish song user|Primarina, L50, F, shiny|100/100
|switch|p2a: Jully|Typhlosion-Hisui, L50, F|100/100
|switch|p2b: Sugar|Whimsicott, L50, F|100/100
|turn|1
|
|t:|1756851921
|switch|p2a: Sada|Ursaluna, L50, F|100/100
|move|p1a: LETS GO GAMBLING|Fake Out|p2b: Sugar
|-damage|p2b: Sugar|81/100
|cant|p2b: Sugar|flinch
|move|p1b: perish song user|Hyper Voice|p2b: Sugar|[spread] p2a,p2b
|-supereffective|p2a: Sada
|-resisted|p2b: Sugar
|-damage|p2a: Sada|36/100
|-damage|p2b: Sugar|53/100
|-enditem|p1b: perish song user|Throat Spray
|-boost|p1b: perish song user|spa|1|[from] item: Throat Spray
|
|-status|p2a: Sada|brn|[from] item: Flame Orb
|upkeep
|turn|2
|
|t:|1756851966
|move|p1b: perish song user|Protect|p1b: perish song user
|-singleturn|p1b: perish song user|Protect
|move|p2a: Sada|Protect|p2a: Sada
|-singleturn|p2a: Sada|Protect
|move|p2b: Sugar|Tailwind|p2b: Sugar
|-sidestart|p2: regitron 21|move: Tailwind
|move|p1a: LETS GO GAMBLING|Dire Claw|p2b: Sugar
|-supereffective|p2b: Sugar
|-damage|p2b: Sugar|0 fnt
|faint|p2b: Sugar
|
|-damage|p2a: Sada|30/100 brn|[from] brn
|upkeep
|
|t:|1756851978
|switch|p2b: Jully|Typhlosion-Hisui, L50, F|100/100
|turn|3
|
|t:|1756852039
|-terastallize|p2a: Sada|Ghost
|move|p1a: LETS GO GAMBLING|Protect|p1a: LETS GO GAMBLING
|-singleturn|p1a: LETS GO GAMBLING|Protect
|move|p2b: Jully|Heat Wave|p1a: LETS GO GAMBLING|[spread] p1b
|-activate|p1a: LETS GO GAMBLING|move: Protect
|-resisted|p1b: perish song user
|-damage|p1b: perish song user|80/100
|-damage|p2b: Jully|91/100|[from] item: Life Orb
|move|p2a: Sada|Facade|p1b: perish song user
|-damage|p1b: perish song user|0 fnt
|faint|p1b: perish song user
|
|-damage|p2a: Sada|24/100 brn|[from] brn
|upkeep
|
|t:|1756852060
|switch|p1b: not legendary|Volcarona, L50, F|100/100
|turn|4
|
|t:|1756852089
|move|p1b: not legendary|Rage Powder|p1b: not legendary
|-singleturn|p1b: not legendary|move: Rage Powder
|move|p2b: Jully|Heat Wave|p1b: not legendary|[spread] p1a,p1b
|-damage|p1a: LETS GO GAMBLING|42/100
|-damage|p1b: not legendary|57/100
|-damage|p2b: Jully|82/100|[from] item: Life Orb
|move|p1a: LETS GO GAMBLING|Dire Claw|p2a: Sada
|-resisted|p2a: Sada
|-damage|p2a: Sada|9/100 brn
|move|p2a: Sada|Earthquake|p1b: not legendary|[spread] p2b,p1a,p1b
|-supereffective|p2b: Jully
|-supereffective|p1a: LETS GO GAMBLING
|-damage|p2b: Jully|0 fnt
|-damage|p1a: LETS GO GAMBLING|0 fnt
|-damage|p1b: not legendary|0 fnt
|faint|p2b: Jully
|faint|p1a: LETS GO GAMBLING
|faint|p1b: not legendary
|
|-damage|p2a: Sada|4/100 brn|[from] brn
|upkeep
|
|t:|1756852105
|switch|p1a: Garchomp|Garchomp, L50, M|100/100
|switch|p2b: Ostin|Volcarona, L50, M|100/100
|turn|5
|
|t:|1756852137
|move|p1a: Garchomp|Protect|p1a: Garchomp
|-singleturn|p1a: Garchomp|Protect
|move|p2b: Ostin|Quiver Dance|p2b: Ostin
|-boost|p2b: Ostin|spa|1
|-boost|p2b: Ostin|spd|1
|-boost|p2b: Ostin|spe|1
|move|p2a: Sada|Facade|p1a: Garchomp
|-activate|p1a: Garchomp|move: Protect
|
|-damage|p2a: Sada|0 fnt|[from] brn
|faint|p2a: Sada
|-sideend|p2: regitron 21|move: Tailwind
|upkeep
|turn|6
|
|t:|1756852156
|move|p2b: Ostin|Giga Drain|p1a: Garchomp
|-damage|p1a: Garchomp|65/100
|move|p1a: Garchomp|Stomping Tantrum|p2b: Ostin
|-crit|p2b: Ostin
|-damage|p2b: Ostin|10/100
|-damage|p1a: Garchomp|55/100|[from] item: Life Orb
|
|-heal|p2b: Ostin|17/100|[from] item: Leftovers
|upkeep
|turn|7
|
|t:|1756852177
|move|p2b: Ostin|Giga Drain|p1a: Garchomp
|-damage|p1a: Garchomp|20/100
|-heal|p2b: Ostin|35/100|[from] drain|[of] p1a: Garchomp
|move|p1a: Garchomp|Stomping Tantrum|p2b: Ostin
|-damage|p2b: Ostin|0 fnt
|faint|p2b: Ostin
|-damage|p1a: Garchomp|10/100|[from] item: Life Orb
|
|win|chaosaintme
|raw|chaosaintme's rating: 1100 → 1122(+22 for winning)
|raw|regitron 21's rating: 1061 → 1044(-17 for losing)
|c|Ōśåregitron 21|gg
|c|Ōśåchaosaintme|gg
|c|Ōśåchaosaintme|really close
|c|Ōśåregitron 21|well
|c|Ōśåregitron 21|congratulations
|c|Ōśåregitron 21|you still in 1100
