|j|☆eklyst
|j|☆Timothim Chalombre
|html|eklystTimothim Chalombre    
|uhtml|bestof|Game 3 of a best-of-3
|t:|1756941669
|gametype|doubles
|player|p1|eklyst|pokemaniac|1112
|player|p2|Timothim Chalombre|caitlin|1201
|gen|9
|tier|[Gen 9] VGC 2025 Reg H (Bo3)
|rated|
|rule|Species Clause: Limit one of each Pokémon
|rule|Item Clause: Limit 1 of each item
|clearpoke
|poke|p1|Ursaluna-Bloodmoon, L50, M|
|poke|p1|Incineroar, L50, F|
|poke|p1|Rillaboom, L50, F|
|poke|p1|Farigiraf, L50, M|
|poke|p1|Sneasler, L50, F|
|poke|p1|Volcarona, L50, M|
|poke|p2|Baxcalibur, L50, F|
|poke|p2|Basculegion, L50, M|
|poke|p2|Arcanine-Hisui, L50, M|
|poke|p2|Rillaboom, L50, F|
|poke|p2|Clefable, L50, F|
|poke|p2|Gholdengo, L50|
|teampreview|4
|showteam|p1|Ursaluna-Bloodmoon||LifeOrb|MindsEye|HyperVoice,BloodMoon,EarthPower,Protect|||M|||50|,,,,,Normal]Incineroar||SitrusBerry|Intimidate|FakeOut,FlareBlitz,KnockOff,PartingShot|||F|||50|,,,,,Bug]Rillaboom||AssaultVest|GrassySurge|Uturn,WoodHammer,GrassyGlide,FakeOut|||F|||50|,,,,,Fire]Farigiraf||ThroatSpray|ArmorTail|HyperVoice,Protect,Psychic,TrickRoom|||M|||50|,,,,,Fairy]Sneasler||FocusSash|Unburden|CloseCombat,Protect,FakeOut,ThroatChop|||F|||50|,,,,,Dark]Volcarona||CovertCloak|FlameBody|HeatWave,Protect,StruggleBug,RagePowder|||M|||50|,,,,,Water
|showteam|p2|Baxcalibur||LoadedDice|ThermalExchange|IcicleSpear,ScaleShot,IceShard,Protect|||F|||50|,,,,,Poison]Basculegion||ChoiceScarf|Adaptability|WaveCrash,LastRespects,AquaJet,FlipTurn|||M|||50|,,,,,Water]Arcanine-Hisui||ClearAmulet|Intimidate|FlareBlitz,RockSlide,ExtremeSpeed,Protect|||M|||50|,,,,,Water]Rillaboom||AssaultVest|GrassySurge|FakeOut,WoodHammer,GrassyGlide,HighHorsepower|||F|||50|,,,,,Fire]Clefable||SitrusBerry|Unaware|Moonblast,FollowMe,ThunderWave,Protect|||F|||50|,,,,,Grass]Gholdengo||GrassySeed|GoodasGold|MakeItRain,ShadowBall,NastyPlot,Protect||||||50|,,,,,Water
|
|t:|1756941696
|teamsize|p1|4
|teamsize|p2|4
|start
|switch|p1a: Sneasler|Sneasler, L50, F|100/100
|switch|p1b: Farigiraf|Farigiraf, L50, M|100/100
|switch|p2a: Clefable|Clefable, L50, F|100/100
|switch|p2b: Arcanine|Arcanine-Hisui, L50, M|100/100
|-ability|p2b: Arcanine|Intimidate|boost
|-unboost|p1a: Sneasler|atk|1
|-unboost|p1b: Farigiraf|atk|1
|turn|1
|inactive|Battle timer is ON: inactive players will automatically lose when time's up. (requested by Timothim Chalombre)
|
|t:|1756941727
|switch|p1a: Ursaluna|Ursaluna-Bloodmoon, L50, M|100/100
|move|p2a: Clefable|Protect|p2a: Clefable
|-singleturn|p2a: Clefable|Protect
|move|p2b: Arcanine|Flare Blitz|p1b: Farigiraf
|-damage|p1b: Farigiraf|41/100
|-damage|p2b: Arcanine|79/100|[from] Recoil
|move|p1b: Farigiraf|Trick Room|p1b: Farigiraf
|-fieldstart|move: Trick Room|[of] p1b: Farigiraf
|
|upkeep
|turn|2
|inactive|Timothim Chalombre has 30 seconds left.
|inactive|Timothim Chalombre has 20 seconds left.
|
|t:|1756941765
|move|p2a: Clefable|Follow Me|p2a: Clefable
|-singleturn|p2a: Clefable|move: Follow Me
|move|p1b: Farigiraf|Hyper Voice|p2a: Clefable|[spread] p2a,p2b
|-resisted|p2b: Arcanine
|-damage|p2a: Clefable|72/100
|-damage|p2b: Arcanine|62/100
|-enditem|p1b: Farigiraf|Throat Spray
|-boost|p1b: Farigiraf|spa|1|[from] item: Throat Spray
|move|p1a: Ursaluna|Earth Power|p2a: Clefable
|-damage|p2a: Clefable|10/100
|-enditem|p2a: Clefable|Sitrus Berry|[eat]
|-heal|p2a: Clefable|35/100|[from] item: Sitrus Berry
|-damage|p1a: Ursaluna|90/100|[from] item: Life Orb
|move|p2b: Arcanine|Flare Blitz|p1b: Farigiraf
|-damage|p1b: Farigiraf|0 fnt
|faint|p1b: Farigiraf
|-damage|p2b: Arcanine|47/100|[from] Recoil
|
|upkeep
|
|t:|1756941786
|switch|p1b: Rillaboom|Rillaboom, L50, F|100/100
|-fieldstart|move: Grassy Terrain|[from] ability: Grassy Surge|[of] p1b: Rillaboom
|turn|3
|
|t:|1756941796
|switch|p1b: Sneasler|Sneasler, L50, F|100/100
|move|p2a: Clefable|Protect|p2a: Clefable
|-singleturn|p2a: Clefable|Protect
|move|p2b: Arcanine|Protect|p2b: Arcanine
|-singleturn|p2b: Arcanine|Protect
|move|p1a: Ursaluna|Earth Power|p2b: Arcanine
|-activate|p2b: Arcanine|move: Protect
|
|-heal|p1a: Ursaluna|96/100|[from] Grassy Terrain
|-heal|p2a: Clefable|41/100|[from] Grassy Terrain
|-heal|p2b: Arcanine|54/100|[from] Grassy Terrain
|upkeep
|turn|4
|
|t:|1756941812
|switch|p2b: Basculegion|Basculegion, L50, M|100/100
|move|p1b: Sneasler|Fake Out|p2a: Clefable
|-damage|p2a: Clefable|29/100
|move|p1a: Ursaluna|Earth Power|p2b: Basculegion
|-damage|p2b: Basculegion|16/100
|-damage|p1a: Ursaluna|86/100|[from] item: Life Orb
|cant|p2a: Clefable|flinch
|
|-heal|p1a: Ursaluna|92/100|[from] Grassy Terrain
|-heal|p2a: Clefable|35/100|[from] Grassy Terrain
|-heal|p2b: Basculegion|22/100|[from] Grassy Terrain
|upkeep
|turn|5
|
|t:|1756941827
|switch|p1b: Rillaboom|Rillaboom, L50, F|100/100
|move|p2a: Clefable|Protect|p2a: Clefable
|-singleturn|p2a: Clefable|Protect
|move|p2b: Basculegion|Aqua Jet|p1b: Rillaboom
|-resisted|p1b: Rillaboom
|-damage|p1b: Rillaboom|89/100
|move|p1a: Ursaluna|Hyper Voice|p2a: Clefable|[spread] p2b
|-activate|p2a: Clefable|move: Protect
|-damage|p2b: Basculegion|0 fnt
|faint|p2b: Basculegion
|-damage|p1a: Ursaluna|82/100|[from] item: Life Orb
|
|-heal|p1a: Ursaluna|88/100|[from] Grassy Terrain
|-heal|p2a: Clefable|41/100|[from] Grassy Terrain
|-heal|p1b: Rillaboom|95/100|[from] Grassy Terrain
|-fieldend|move: Trick Room
|upkeep
|
|t:|1756941833
|switch|p2b: Baxcalibur|Baxcalibur, L50, F|100/100
|turn|6
|inactive|eklyst has 30 seconds left.
|
|t:|1756941859
|switch|p1b: Sneasler|Sneasler, L50, F|100/100
|switch|p2a: Arcanine|Arcanine-Hisui, L50, M|54/100
|-ability|p2a: Arcanine|Intimidate|boost
|-unboost|p1a: Ursaluna|atk|1
|-unboost|p1b: Sneasler|atk|1
|-terastallize|p1a: Ursaluna|Normal
|move|p2b: Baxcalibur|Protect|p2b: Baxcalibur
|-singleturn|p2b: Baxcalibur|Protect
|move|p1a: Ursaluna|Blood Moon|p2b: Baxcalibur
|-activate|p2b: Baxcalibur|move: Protect
|
|-heal|p2a: Arcanine|60/100|[from] Grassy Terrain
|-heal|p1a: Ursaluna|94/100|[from] Grassy Terrain
|upkeep
|turn|7
|inactive|Timothim Chalombre has 30 seconds left.
|
|t:|1756941886
|-terastallize|p2b: Baxcalibur|Poison
|move|p1b: Sneasler|Fake Out|p2b: Baxcalibur
|-damage|p2b: Baxcalibur|91/100
|cant|p2b: Baxcalibur|flinch
|move|p2a: Arcanine|Flare Blitz|p1a: Ursaluna
|-crit|p1a: Ursaluna
|-damage|p1a: Ursaluna|31/100
|-damage|p2a: Arcanine|38/100|[from] Recoil
|move|p1a: Ursaluna|Earth Power|p2a: Arcanine
|-supereffective|p2a: Arcanine
|-damage|p2a: Arcanine|0 fnt
|faint|p2a: Arcanine
|-damage|p1a: Ursaluna|21/100|[from] item: Life Orb
|
|-heal|p2b: Baxcalibur|97/100|[from] Grassy Terrain
|-heal|p1a: Ursaluna|27/100|[from] Grassy Terrain
|-fieldend|move: Grassy Terrain
|upkeep
|
|t:|1756941890
|switch|p2a: Clefable|Clefable, L50, F|41/100
|turn|8
|
|t:|1756941912
|move|p2a: Clefable|Protect|p2a: Clefable
|-singleturn|p2a: Clefable|Protect
|move|p1a: Ursaluna|Protect|p1a: Ursaluna
|-singleturn|p1a: Ursaluna|Protect
|move|p1b: Sneasler|Throat Chop|p2b: Baxcalibur
|-damage|p2b: Baxcalibur|78/100
|-start|p2b: Baxcalibur|Throat Chop|[silent]
|move|p2b: Baxcalibur|Scale Shot|p1a: Ursaluna
|-activate|p1a: Ursaluna|move: Protect
|
|upkeep
|turn|9
|inactive|Timothim Chalombre has 30 seconds left.
|
|t:|1756941941
|switch|p1a: Rillaboom|Rillaboom, L50, F|95/100
|-fieldstart|move: Grassy Terrain|[from] ability: Grassy Surge|[of] p1a: Rillaboom
|move|p2a: Clefable|Protect||[still]
|-fail|p2a: Clefable
|move|p1b: Sneasler|Close Combat|p2a: Clefable
|-resisted|p2a: Clefable
|-crit|p2a: Clefable
|-damage|p2a: Clefable|2/100
|-unboost|p1b: Sneasler|def|1
|-unboost|p1b: Sneasler|spd|1
|move|p2b: Baxcalibur|Scale Shot|p1a: Rillaboom
|-crit|p1a: Rillaboom
|-damage|p1a: Rillaboom|75/100
|-damage|p1a: Rillaboom|60/100
|-damage|p1a: Rillaboom|47/100
|-damage|p1a: Rillaboom|34/100
|-damage|p1a: Rillaboom|20/100
|-hitcount|p1a: Rillaboom|5
|-unboost|p2b: Baxcalibur|def|1
|-boost|p2b: Baxcalibur|spe|1
|
|-heal|p2b: Baxcalibur|84/100|[from] Grassy Terrain
|-heal|p1a: Rillaboom|26/100|[from] Grassy Terrain
|-heal|p2a: Clefable|8/100|[from] Grassy Terrain
|-end|p2b: Baxcalibur|Throat Chop|[silent]
|upkeep
|turn|10
|inactive|eklyst has 30 seconds left.
|inactive|eklyst has 20 seconds left.
|
|t:|1756941977
|switch|p1b: Ursaluna|Ursaluna-Bloodmoon, L50, M, tera:Normal|27/100
|move|p2b: Baxcalibur|Protect|p2b: Baxcalibur
|-singleturn|p2b: Baxcalibur|Protect
|move|p2a: Clefable|Protect|p2a: Clefable
|-singleturn|p2a: Clefable|Protect
|move|p1a: Rillaboom|Fake Out|p2b: Baxcalibur
|-activate|p2b: Baxcalibur|move: Protect
|
|-heal|p2b: Baxcalibur|90/100|[from] Grassy Terrain
|-heal|p1a: Rillaboom|32/100|[from] Grassy Terrain
|-heal|p2a: Clefable|14/100|[from] Grassy Terrain
|-heal|p1b: Ursaluna|33/100|[from] Grassy Terrain
|upkeep
|turn|11
|
|t:|1756941994
|move|p1b: Ursaluna|Protect|p1b: Ursaluna
|-singleturn|p1b: Ursaluna|Protect
|move|p2a: Clefable|Follow Me|p2a: Clefable
|-singleturn|p2a: Clefable|move: Follow Me
|move|p2b: Baxcalibur|Icicle Spear|p1b: Ursaluna
|-activate|p1b: Ursaluna|move: Protect
|move|p1a: Rillaboom|U-turn|p2a: Clefable
|-resisted|p2a: Clefable
|-damage|p2a: Clefable|5/100
|c|☆Timothim Chalombre|r u mocking me lol
|
|t:|1756942003
|switch|p1a: Sneasler|Sneasler, L50, F|100/100|[from] U-turn
|
|-heal|p2b: Baxcalibur|96/100|[from] Grassy Terrain
|-heal|p2a: Clefable|11/100|[from] Grassy Terrain
|-heal|p1b: Ursaluna|39/100|[from] Grassy Terrain
|upkeep
|turn|12
|
|t:|1756942020
|switch|p1a: Rillaboom|Rillaboom, L50, F|32/100
|move|p2a: Clefable|Follow Me|p2a: Clefable
|-singleturn|p2a: Clefable|move: Follow Me
|move|p2b: Baxcalibur|Icicle Spear|p1b: Ursaluna
|-damage|p1b: Ursaluna|27/100
|-damage|p1b: Ursaluna|16/100
|-damage|p1b: Ursaluna|4/100
|-damage|p1b: Ursaluna|0 fnt
|faint|p1b: Ursaluna
|-hitcount|p1: Ursaluna|4
|
|-heal|p2b: Baxcalibur|100/100|[from] Grassy Terrain
|-heal|p1a: Rillaboom|38/100|[from] Grassy Terrain
|-heal|p2a: Clefable|17/100|[from] Grassy Terrain
|upkeep
|c|☆eklyst|no you just 1 shot everything
|
|t:|1756942039
|switch|p1b: Sneasler|Sneasler, L50, F|100/100
|turn|13
|
|t:|1756942049
|move|p2b: Baxcalibur|Protect|p2b: Baxcalibur
|-singleturn|p2b: Baxcalibur|Protect
|move|p2a: Clefable|Protect|p2a: Clefable
|-singleturn|p2a: Clefable|Protect
|move|p1b: Sneasler|Fake Out|p2b: Baxcalibur
|-activate|p2b: Baxcalibur|move: Protect
|move|p1a: Rillaboom|Grassy Glide|p2a: Clefable
|-activate|p2a: Clefable|move: Protect
|
|-heal|p1a: Rillaboom|44/100|[from] Grassy Terrain
|-heal|p2a: Clefable|23/100|[from] Grassy Terrain
|-fieldend|move: Grassy Terrain
|upkeep
|turn|14
|
|t:|1756942067
|move|p2a: Clefable|Follow Me|p2a: Clefable
|-singleturn|p2a: Clefable|move: Follow Me
|move|p2b: Baxcalibur|Icicle Spear|p1a: Rillaboom
|-supereffective|p1a: Rillaboom
|-damage|p1a: Rillaboom|17/100
|-supereffective|p1a: Rillaboom
|-damage|p1a: Rillaboom|0 fnt
|faint|p1a: Rillaboom
|-hitcount|p1: Rillaboom|2
|move|p1b: Sneasler|Close Combat|p2a: Clefable
|-resisted|p2a: Clefable
|-damage|p2a: Clefable|0 fnt
|-unboost|p1b: Sneasler|def|1
|-unboost|p1b: Sneasler|spd|1
|faint|p2a: Clefable
|
|upkeep
|turn|15
|
|t:|1756942081
|move|p2b: Baxcalibur|Icicle Spear|p1b: Sneasler
|-damage|p1b: Sneasler|63/100
|-damage|p1b: Sneasler|20/100
|-damage|p1b: Sneasler|0 fnt
|faint|p1b: Sneasler
|-hitcount|p1: Sneasler|3
|
|win|Timothim Chalombre
|raw|eklyst's rating: 1112 → 1093(-19 for losing)
|raw|Timothim Chalombre's rating: 1201 → 1220(+19 for winning)
|c|☆Timothim Chalombre|wait u dont ahve dire claw
|c|☆eklyst|nop
|c|☆Timothim Chalombre|ahhhhhhh
|c|☆Timothim Chalombre|gg
|c|☆eklyst|gg
|c|☆Timothim Chalombre|wp
|l|☆Timothim Chalombre
|player|p2|
