|j|☆13XH
|j|☆violethydra
|html|13XHviolethydra    
|uhtml|bestof|Game 2 of a best-of-3
|t:|1783336448
|gametype|doubles
|player|p1|13XH|bugcatcher-gen4dp|
|player|p2|violethydra|bellelba|
|gen|9
|tier|[Gen 9 Champions] VGC 2026 Reg M-B (Bo3)
|rule|Species Clause: Limit one of each Pokémon
|rule|Item Clause: Limit 1 of each item
|clearpoke
|poke|p1|Incineroar, L50, M|
|poke|p1|Scrafty, L50, M|
|poke|p1|Gengar, L50, M|
|poke|p1|Ninetales-Alola, L50, M|
|poke|p1|Snorlax, L50, M|
|poke|p1|Dragonite, L50, F|
|poke|p2|Grimmsnarl, L50, M|
|poke|p2|Archaludon, L50, M|
|poke|p2|Pelipper, L50, M|
|poke|p2|Venusaur, L50, M|
|poke|p2|Incineroar, L50, M|
|poke|p2|Swampert, L50, M|
|teampreview|4
|showteam|p1|Incineroar||SitrusBerry|Intimidate|Protect,FakeOut,Overheat,PartingShot|Relaxed||M|||50|]Scrafty||Scraftinite|Intimidate|Detect,FakeOut,DrainPunch,KnockOff|Careful||M|||50|]Gengar||Gengarite|CursedBody|Protect,ShadowBall,SludgeBomb,PerishSong|Modest||M|||50|]Ninetales-Alola||FocusSash|SnowWarning|Protect,Blizzard,Encore,Disable|Timid||M|||50|]Snorlax||Leftovers|ThickFat|Protect,Fissure,Yawn,Encore|Relaxed||M|||50|]Dragonite||LifeOrb|InnerFocus|Protect,DragonClaw,LowKick,ExtremeSpeed|Adamant||F|||50|
|showteam|p2|Grimmsnarl||LightClay|Prankster|Reflect,SpiritBreak,PartingShot,LightScreen|Careful||M|||50|]Archaludon||Leftovers|Stamina|Protect,ElectroShot,DragonPulse,FlashCannon|Modest||M|||50|]Pelipper||LifeOrb|Drizzle|Protect,Tailwind,Hurricane,WeatherBall|Timid||M|||50|]Venusaur||Venusaurite|Chlorophyll|Protect,GigaDrain,EarthPower,SludgeBomb|Modest||M|||50|]Incineroar||SitrusBerry|Intimidate|FakeOut,FlareBlitz,ThroatChop,PartingShot|Careful||M|||50|]Swampert||Swampertite|Damp|Protect,IcePunch,Earthquake,WaveCrash|Adamant||M|||50|
|j| PasDer
|j| xeb41
|j| PokemonMasterSergi
|
|t:|1783336468
|teamsize|p1|4
|teamsize|p2|4
|start
|switch|p1a: Gengar|Gengar, L50, M|100/100
|switch|p1b: Scrafty|Scrafty, L50, M|100/100
|switch|p2a: Venusaur|Venusaur, L50, M|100/100
|switch|p2b: Grimmsnarl|Grimmsnarl, L50, M|100/100
|-ability|p1b: Scrafty|Intimidate|boost
|-unboost|p2a: Venusaur|atk|1
|-unboost|p2b: Grimmsnarl|atk|1
|turn|1
|
|t:|1783336510
|detailschange|p1a: Gengar|Gengar-Mega, L50, M
|-mega|p1a: Gengar|Gengar|Gengarite
|detailschange|p2a: Venusaur|Venusaur-Mega, L50, M
|-mega|p2a: Venusaur|Venusaur|Venusaurite
|move|p1b: Scrafty|Fake Out|p2b: Grimmsnarl
|-damage|p2b: Grimmsnarl|91/100
|move|p1a: Gengar|Perish Song|p1a: Gengar
|-start|p1a: Gengar|perish3|[silent]
|-start|p1b: Scrafty|perish3|[silent]
|-start|p2a: Venusaur|perish3|[silent]
|-start|p2b: Grimmsnarl|perish3|[silent]
|-fieldactivate|move: Perish Song
|move|p2a: Venusaur|Earth Power|p1a: Gengar
|-supereffective|p1a: Gengar|1
|-damage|p1a: Gengar|30/100
|cant|p2b: Grimmsnarl|flinch
|
|-start|p1a: Gengar|perish3
|-start|p2a: Venusaur|perish3
|-start|p2b: Grimmsnarl|perish3
|-start|p1b: Scrafty|perish3
|upkeep
|turn|2
|
|t:|1783336542
|switch|p1b: Incineroar|Incineroar, L50, M|100/100
|-ability|p1b: Incineroar|Intimidate|boost
|-unboost|p2a: Venusaur|atk|1
|-unboost|p2b: Grimmsnarl|atk|1
|move|p1a: Gengar|Protect|p1a: Gengar
|-singleturn|p1a: Gengar|Protect
|move|p2b: Grimmsnarl|Light Screen|p2b: Grimmsnarl
|-sidestart|p2: violethydra|move: Light Screen
|move|p2a: Venusaur|Earth Power|p1b: Incineroar
|-supereffective|p1b: Incineroar|1
|-damage|p1b: Incineroar|38/100
|-enditem|p1b: Incineroar|Sitrus Berry|[eat]
|-heal|p1b: Incineroar|63/100|[from] item: Sitrus Berry
|
|-start|p1a: Gengar|perish2
|-start|p2a: Venusaur|perish2
|-start|p2b: Grimmsnarl|perish2
|upkeep
|turn|3
|
|t:|1783336563
|move|p1b: Incineroar|Fake Out|p2a: Venusaur
|-damage|p2a: Venusaur|90/100
|move|p1a: Gengar|Sludge Bomb|p2b: Grimmsnarl
|-supereffective|p2b: Grimmsnarl|1
|-damage|p2b: Grimmsnarl|28/100
|-status|p2b: Grimmsnarl|psn
|cant|p2a: Venusaur|flinch
|move|p2b: Grimmsnarl|Spirit Break|p1a: Gengar
|-resisted|p1a: Gengar|1
|-damage|p1a: Gengar|21/100
|-unboost|p1a: Gengar|spa|1
|
|-damage|p2b: Grimmsnarl|16/100 psn|[from] psn
|-start|p1a: Gengar|perish1
|-start|p2a: Venusaur|perish1
|-start|p2b: Grimmsnarl|perish1
|upkeep
|turn|4
|
|t:|1783336592
|switch|p1a: Ninetales|Ninetales-Alola, L50, M|100/100
|-weather|Snowscape|[from] ability: Snow Warning|[of] p1a: Ninetales
|move|p2b: Grimmsnarl|Parting Shot|p1a: Ninetales
|-unboost|p1a: Ninetales|atk|1
|-unboost|p1a: Ninetales|spa|1
|
|t:|1783336599
|switch|p2b: Pelipper|Pelipper, L50, M|100/100|[from] Parting Shot
|-weather|RainDance|[from] ability: Drizzle|[of] p2b: Pelipper
|move|p2a: Venusaur|Sludge Bomb|p1a: Ninetales
|-supereffective|p1a: Ninetales|1
|-enditem|p1a: Ninetales|Focus Sash
|-damage|p1a: Ninetales|1/100
|move|p1b: Incineroar|Parting Shot|p2b: Pelipper
|-unboost|p2b: Pelipper|atk|1
|-unboost|p2b: Pelipper|spa|1
|
|t:|1783336612
|switch|p1b: Gengar|Gengar-Mega, L50, M|21/100|[from] Parting Shot
|
|-weather|RainDance|[upkeep]
|-start|p2a: Venusaur|perish0
|faint|p2a: Venusaur
|upkeep
|
|t:|1783336628
|switch|p2a: Incineroar|Incineroar, L50, M|100/100
|-ability|p2a: Incineroar|Intimidate|boost
|-unboost|p1a: Ninetales|atk|1
|-unboost|p1b: Gengar|atk|1
|turn|5
|
|t:|1783336661
|switch|p1a: Incineroar|Incineroar, L50, M|63/100
|-ability|p1a: Incineroar|Intimidate|boost
|-unboost|p2a: Incineroar|atk|1
|-unboost|p2b: Pelipper|atk|1
|switch|p1b: Scrafty|Scrafty, L50, M|100/100
|-ability|p1b: Scrafty|Intimidate|boost
|-unboost|p2a: Incineroar|atk|1
|-unboost|p2b: Pelipper|atk|1
|move|p2b: Pelipper|Hurricane|p1a: Incineroar
|-crit|p1a: Incineroar
|-damage|p1a: Incineroar|0 fnt
|faint|p1a: Incineroar
|-damage|p2b: Pelipper|90/100|[from] item: Life Orb
|move|p2a: Incineroar|Throat Chop|p1b: Scrafty
|-resisted|p1b: Scrafty|2
|-damage|p1b: Scrafty|96/100
|-start|p1b: Scrafty|Throat Chop|[silent]
|
|-weather|RainDance|[upkeep]
|upkeep
|
|t:|1783336686
|switch|p1a: Ninetales|Ninetales-Alola, L50, M|1/100
|-weather|Snowscape|[from] ability: Snow Warning|[of] p1a: Ninetales
|turn|6
|
|t:|1783336757
|move|p1a: Ninetales|Protect|p1a: Ninetales
|-singleturn|p1a: Ninetales|Protect
|move|p2b: Pelipper|Hurricane|p1b: Scrafty
|-supereffective|p1b: Scrafty|1
|-damage|p1b: Scrafty|45/100
|-start|p1b: Scrafty|confusion
|-damage|p2b: Pelipper|81/100|[from] item: Life Orb
|move|p2a: Incineroar|Throat Chop|p1a: Ninetales
|-activate|p1a: Ninetales|move: Protect
|-activate|p1b: Scrafty|confusion
|-damage|p1b: Scrafty|36/100|[from] confusion
|
|-weather|Snowscape|[upkeep]
|-end|p1b: Scrafty|Throat Chop|[silent]
|upkeep
|turn|7
|
|t:|1783336807
|switch|p2a: Grimmsnarl|Grimmsnarl, L50, M|16/100 psn
|move|p1a: Ninetales|Blizzard|p2a: Grimmsnarl|[spread] p2a,p2b
|-damage|p2a: Grimmsnarl|0 fnt
|-damage|p2b: Pelipper|45/100
|faint|p2a: Grimmsnarl
|move|p2b: Pelipper|Weather Ball|p1a: Ninetales
|-resisted|p1a: Ninetales|1
|-damage|p1a: Ninetales|0 fnt
|faint|p1a: Ninetales
|-damage|p2b: Pelipper|36/100|[from] item: Life Orb
|-end|p1b: Scrafty|confusion
|move|p1b: Scrafty|Drain Punch|p2b: Pelipper
|-resisted|p2b: Pelipper|1
|-damage|p2b: Pelipper|18/100
|-heal|p1b: Scrafty|43/100|[from] drain|[of] p2b: Pelipper
|
|-weather|Snowscape|[upkeep]
|upkeep
|
|t:|1783336827
|switch|p1a: Gengar|Gengar-Mega, L50, M|21/100
|switch|p2a: Incineroar|Incineroar, L50, M|100/100
|-ability|p2a: Incineroar|Intimidate|boost
|-unboost|p1a: Gengar|atk|1
|-unboost|p1b: Scrafty|atk|1
|turn|8
|
|t:|1783336848
|move|p2a: Incineroar|Fake Out|p1b: Scrafty
|-damage|p1b: Scrafty|33/100
|move|p1a: Gengar|Sludge Bomb|p2b: Pelipper
|-damage|p2b: Pelipper|0 fnt
|faint|p2b: Pelipper
|cant|p1b: Scrafty|flinch
|
|-weather|Snowscape|[upkeep]
|upkeep
|turn|9
|
|t:|1783336862
|move|p1a: Gengar|Protect|p1a: Gengar
|-singleturn|p1a: Gengar|Protect
|move|p1b: Scrafty|Detect|p1b: Scrafty
|-singleturn|p1b: Scrafty|Protect
|move|p2a: Incineroar|Flare Blitz|p1b: Scrafty
|-activate|p1b: Scrafty|move: Protect
|
|-weather|Snowscape|[upkeep]
|-sideend|p2: violethydra|move: Light Screen
|upkeep
|turn|10
|
|t:|1783336873
|move|p1a: Gengar|Sludge Bomb|p2a: Incineroar
|-damage|p2a: Incineroar|59/100
|move|p2a: Incineroar|Flare Blitz|p1b: Scrafty
|-damage|p1b: Scrafty|0 fnt
|faint|p1b: Scrafty
|-damage|p2a: Incineroar|50/100y|[from] Recoil
|-enditem|p2a: Incineroar|Sitrus Berry|[eat]
|-heal|p2a: Incineroar|74/100|[from] item: Sitrus Berry
|
|-weather|none
|upkeep
|turn|11
|
|t:|1783336887
|move|p1a: Gengar|Sludge Bomb|p2a: Incineroar
|-damage|p2a: Incineroar|28/100
|move|p2a: Incineroar|Throat Chop|p1a: Gengar
|-supereffective|p1a: Gengar|1
|-damage|p1a: Gengar|0 fnt
|faint|p1a: Gengar
|
|win|violethydra
|c|☆13XH|ggs
|c|☆violethydra|ggs
|l| PokemonMasterSergi
|l|☆13XH
|player|p1|
|j|☆13XH
|player|p1|13XH|bugcatcher-gen4dp|
