|j|☆LegionVGC
|j|☆veryreally
|html|LegionVGCveryreally    
|uhtml|bestof|Game 3 of a best-of-3
|t:|1757861152
|gametype|doubles
|player|p1|LegionVGC|170|1204
|player|p2|veryreally|2|1111
|gen|9
|tier|[Gen 9] VGC 2025 Reg H (Bo3)
|rated|
|rule|Species Clause: Limit one of each Pokémon
|rule|Item Clause: Limit 1 of each item
|clearpoke
|poke|p1|Jumpluff, L50, M|
|poke|p1|Charizard, L50, M|
|poke|p1|Incineroar, L50, M|
|poke|p1|Ursaluna, L50, M|
|poke|p1|Porygon2, L50|
|poke|p1|Torkoal, L50, M|
|poke|p2|Baxcalibur, L50, F|
|poke|p2|Dondozo, L50, M|
|poke|p2|Kingambit, L50, M|
|poke|p2|Rillaboom, L50, M|
|poke|p2|Sneasler, L50, F|
|poke|p2|Volcarona, L50, M|
|teampreview|4
|showteam|p1|Jumpluff||CovertCloak|Chlorophyll|RagePowder,SleepPowder,SunnyDay,Tailwind|||M|||50|,,,,,Water]Charizard||ChoiceSpecs|SolarPower|HeatWave,Overheat,WeatherBall,AirSlash|||M|||50|,,,,,Ghost]Incineroar||SafetyGoggles|Intimidate|FlareBlitz,KnockOff,FakeOut,PartingShot|||M|||50|,,,,,Ghost]Ursaluna||FlameOrb|Guts|HeadlongRush,Facade,Earthquake,Protect|||M|||50|,,,,,Ghost]Porygon2||Eviolite|Download|TeraBlast,IceBeam,Recover,TrickRoom||||||50|,,,,,Fighting]Torkoal||EjectPack|Drought|Eruption,Overheat,HelpingHand,Protect|||M|||50|,,,,,Fire
|showteam|p2|Baxcalibur||LoadedDice|ThermalExchange|IcicleSpear,ScaleShot,Protect,IceShard|||F|||50|,,,,,Ghost]Dondozo||Leftovers|Unaware|Liquidation,Fissure,Protect,Yawn|||M|||50|,,,,,Bug]Kingambit||SafetyGoggles|Defiant|KowtowCleave,SuckerPunch,Protect,SwordsDance|||M|||50|,,,,,Dark]Rillaboom||AssaultVest|GrassySurge|FakeOut,GrassyGlide,HighHorsepower,WoodHammer|||M|||50|,,,,,Water]Sneasler||FocusSash|Unburden|DireClaw,CloseCombat,Protect,Coaching|||F|||50|,,,,,Stellar]Volcarona||CovertCloak|FlameBody|HeatWave,TeraBlast,RagePowder,QuiverDance|||M|||50|,,,,,Fairy
|inactive|Battle timer is ON: inactive players will automatically lose when time's up. (requested by LegionVGC)
|inactive|veryreally also wants the timer to be on.
|
|t:|1757861171
|teamsize|p1|4
|teamsize|p2|4
|start
|switch|p1a: Turtle|Torkoal, L50, M|100/100
|switch|p1b: Starbreaker|Porygon2, L50|100/100
|switch|p2a: Rillaboom|Rillaboom, L50, M|100/100
|switch|p2b: Dondozo|Dondozo, L50, M|100/100
|-fieldstart|move: Grassy Terrain|[from] ability: Grassy Surge|[of] p2a: Rillaboom
|-ability|p1b: Starbreaker|Download|boost
|-boost|p1b: Starbreaker|spa|1
|-weather|SunnyDay|[from] ability: Drought|[of] p1a: Turtle
|turn|1
|
|t:|1757861190
|switch|p1a: Scat Pack|Incineroar, L50, M|100/100
|-ability|p1a: Scat Pack|Intimidate|boost
|-unboost|p2a: Rillaboom|atk|1
|-unboost|p2b: Dondozo|atk|1
|-terastallize|p2a: Rillaboom|Water
|move|p2a: Rillaboom|High Horsepower|p1a: Scat Pack
|-supereffective|p1a: Scat Pack
|-damage|p1a: Scat Pack|58/100
|move|p2b: Dondozo|Yawn|p1b: Starbreaker
|-start|p1b: Starbreaker|move: Yawn|[of] p2b: Dondozo
|move|p1b: Starbreaker|Trick Room|p1b: Starbreaker
|-fieldstart|move: Trick Room|[of] p1b: Starbreaker
|
|-weather|SunnyDay|[upkeep]
|-heal|p1a: Scat Pack|64/100|[from] Grassy Terrain
|upkeep
|turn|2
|
|t:|1757861210
|switch|p1b: Baloo|Ursaluna, L50, M, shiny|100/100
|move|p2b: Dondozo|Yawn|p1b: Baloo
|-start|p1b: Baloo|move: Yawn|[of] p2b: Dondozo
|move|p1a: Scat Pack|Parting Shot|p2a: Rillaboom
|-unboost|p2a: Rillaboom|atk|1
|-unboost|p2a: Rillaboom|spa|1
|
|t:|1757861222
|switch|p1a: Starbreaker|Porygon2, L50|100/100|[from] Parting Shot
|-ability|p1a: Starbreaker|Download|boost
|-boost|p1a: Starbreaker|spa|1
|move|p2a: Rillaboom|Wood Hammer|p1b: Baloo
|-supereffective|p1b: Baloo
|-damage|p1b: Baloo|33/100
|-damage|p2a: Rillaboom|75/100|[from] Recoil
|
|-weather|SunnyDay|[upkeep]
|-heal|p1b: Baloo|39/100|[from] Grassy Terrain
|-heal|p2a: Rillaboom|81/100|[from] Grassy Terrain
|-status|p1b: Baloo|brn|[from] item: Flame Orb
|upkeep
|turn|3
|
|t:|1757861239
|switch|p2a: Kingambit|Kingambit, L50, M|100/100
|move|p2b: Dondozo|Liquidation|p1b: Baloo
|-supereffective|p1b: Baloo
|-damage|p1b: Baloo|26/100 brn
|-unboost|p1b: Baloo|def|1
|move|p1a: Starbreaker|Tera Blast|p2b: Dondozo
|-damage|p2b: Dondozo|72/100
|move|p1b: Baloo|Facade|p2a: Kingambit
|-resisted|p2a: Kingambit
|-damage|p2a: Kingambit|50/100
|
|-weather|SunnyDay|[upkeep]
|-heal|p2b: Dondozo|78/100|[from] Grassy Terrain
|-heal|p2b: Dondozo|84/100|[from] item: Leftovers
|-heal|p2a: Kingambit|56/100|[from] Grassy Terrain
|-heal|p1b: Baloo|31/100 brn|[from] Grassy Terrain
|-damage|p1b: Baloo|26/100 brn|[from] brn
|-end|p1b: Baloo|move: Yawn|[silent]
|upkeep
|turn|4
|
|t:|1757861262
|-terastallize|p1a: Starbreaker|Fighting
|move|p2a: Kingambit|Protect|p2a: Kingambit
|-singleturn|p2a: Kingambit|Protect
|move|p1b: Baloo|Protect|p1b: Baloo
|-singleturn|p1b: Baloo|Protect
|move|p2b: Dondozo|Liquidation|p1b: Baloo
|-activate|p1b: Baloo|move: Protect
|move|p1a: Starbreaker|Tera Blast|p2a: Kingambit|[anim] Tera Blast Fighting
|-activate|p2a: Kingambit|move: Protect
|
|-weather|SunnyDay|[upkeep]
|-heal|p2b: Dondozo|91/100|[from] Grassy Terrain
|-heal|p2b: Dondozo|97/100|[from] item: Leftovers
|-heal|p2a: Kingambit|62/100|[from] Grassy Terrain
|-heal|p1b: Baloo|31/100 brn|[from] Grassy Terrain
|-damage|p1b: Baloo|26/100 brn|[from] brn
|upkeep
|turn|5
|
|t:|1757861282
|switch|p1b: Scat Pack|Incineroar, L50, M|64/100
|-ability|p1b: Scat Pack|Intimidate|boost
|-unboost|p2a: Kingambit|atk|1
|-ability|p2a: Kingambit|Defiant|boost
|-boost|p2a: Kingambit|atk|2
|-unboost|p2b: Dondozo|atk|1
|move|p2a: Kingambit|Sucker Punch||[still]
|-fail|p2a: Kingambit
|move|p2b: Dondozo|Yawn|p1a: Starbreaker
|-start|p1a: Starbreaker|move: Yawn|[of] p2b: Dondozo
|move|p1a: Starbreaker|Tera Blast|p2a: Kingambit|[anim] Tera Blast Fighting
|-supereffective|p2a: Kingambit
|-damage|p2a: Kingambit|0 fnt
|faint|p2a: Kingambit
|
|-weather|none
|-heal|p2b: Dondozo|100/100|[from] Grassy Terrain
|-heal|p1b: Scat Pack|70/100|[from] Grassy Terrain
|-fieldend|move: Trick Room
|-fieldend|move: Grassy Terrain
|upkeep
|
|t:|1757861297
|switch|p2a: Sneasler|Sneasler, L50, F|100/100
|turn|6
|inactive|LegionVGC has 30 seconds left.
|inactive|LegionVGC has 20 seconds left.
|
|t:|1757861333
|switch|p1a: Turtle|Torkoal, L50, M|100/100
|-weather|SunnyDay|[from] ability: Drought|[of] p1a: Turtle
|move|p1b: Scat Pack|Fake Out|p2a: Sneasler
|-damage|p2a: Sneasler|81/100
|cant|p2a: Sneasler|flinch
|move|p2b: Dondozo|Yawn|p1a: Turtle
|-start|p1a: Turtle|move: Yawn|[of] p2b: Dondozo
|
|-weather|SunnyDay|[upkeep]
|upkeep
|turn|7
|inactive|LegionVGC has 30 seconds left.
|
|t:|1757861362
|move|p2a: Sneasler|Protect|p2a: Sneasler
|-singleturn|p2a: Sneasler|Protect
|move|p2b: Dondozo|Protect|p2b: Dondozo
|-singleturn|p2b: Dondozo|Protect
|move|p1b: Scat Pack|Parting Shot|p2b: Dondozo
|-activate|p2b: Dondozo|move: Protect
|move|p1a: Turtle|Overheat|p2a: Sneasler
|-activate|p2a: Sneasler|move: Protect
|
|-weather|SunnyDay|[upkeep]
|-end|p1a: Turtle|move: Yawn|[silent]
|-status|p1a: Turtle|slp
|upkeep
|turn|8
|
|t:|1757861381
|switch|p1b: Baloo|Ursaluna, L50, M, shiny|26/100 brn
|switch|p2b: Rillaboom|Rillaboom, L50, M, tera:Water|81/100
|-fieldstart|move: Grassy Terrain|[from] ability: Grassy Surge|[of] p2b: Rillaboom
|move|p2a: Sneasler|Close Combat|p1b: Baloo
|-supereffective|p1b: Baloo
|-damage|p1b: Baloo|0 fnt
|-unboost|p2a: Sneasler|def|1
|-unboost|p2a: Sneasler|spd|1
|faint|p1b: Baloo
|cant|p1a: Turtle|slp
|
|-weather|SunnyDay|[upkeep]
|-heal|p2a: Sneasler|87/100|[from] Grassy Terrain
|-heal|p2b: Rillaboom|87/100|[from] Grassy Terrain
|upkeep
|
|t:|1757861401
|switch|p1b: Scat Pack|Incineroar, L50, M|70/100
|-ability|p1b: Scat Pack|Intimidate|boost
|-unboost|p2a: Sneasler|atk|1
|-unboost|p2b: Rillaboom|atk|1
|turn|9
|
|t:|1757861420
|switch|p2b: Dondozo|Dondozo, L50, M|100/100
|switch|p1b: Starbreaker|Porygon2, L50, tera:Fighting|100/100
|-ability|p1b: Starbreaker|Download|boost
|-boost|p1b: Starbreaker|spa|1
|move|p2a: Sneasler|Protect|p2a: Sneasler
|-singleturn|p2a: Sneasler|Protect
|cant|p1a: Turtle|slp
|
|-weather|SunnyDay|[upkeep]
|-heal|p2a: Sneasler|93/100|[from] Grassy Terrain
|upkeep
|turn|10
|
|t:|1757861440
|switch|p2a: Rillaboom|Rillaboom, L50, M, tera:Water|87/100
|move|p2b: Dondozo|Yawn|p1b: Starbreaker
|-start|p1b: Starbreaker|move: Yawn|[of] p2b: Dondozo
|cant|p1a: Turtle|slp
|move|p1b: Starbreaker|Trick Room|p1b: Starbreaker
|-fieldstart|move: Trick Room|[of] p1b: Starbreaker
|
|-weather|none
|-heal|p2a: Rillaboom|93/100|[from] Grassy Terrain
|upkeep
|turn|11
|
|t:|1757861456
|switch|p1b: Scat Pack|Incineroar, L50, M|70/100
|-ability|p1b: Scat Pack|Intimidate|boost
|-unboost|p2a: Rillaboom|atk|1
|-unboost|p2b: Dondozo|atk|1
|-curestatus|p1a: Turtle|slp|[msg]
|move|p1a: Turtle|Overheat|p2a: Rillaboom
|-resisted|p2a: Rillaboom
|-damage|p2a: Rillaboom|74/100
|-unboost|p1a: Turtle|spa|2
|-enditem|p1a: Turtle|Eject Pack
|
|t:|1757861465
|switch|p1a: Starbreaker|Porygon2, L50, tera:Fighting|100/100
|-ability|p1a: Starbreaker|Download|boost
|-boost|p1a: Starbreaker|spa|1
|move|p2b: Dondozo|Liquidation|p1a: Starbreaker
|-damage|p1a: Starbreaker|87/100
|move|p2a: Rillaboom|High Horsepower|p1a: Starbreaker|[miss]
|-miss|p2a: Rillaboom|p1a: Starbreaker
|
|-heal|p1a: Starbreaker|94/100|[from] Grassy Terrain
|-heal|p2a: Rillaboom|80/100|[from] Grassy Terrain
|-heal|p1b: Scat Pack|76/100|[from] Grassy Terrain
|upkeep
|turn|12
|
|t:|1757861480
|move|p2b: Dondozo|Yawn|p1a: Starbreaker
|-start|p1a: Starbreaker|move: Yawn|[of] p2b: Dondozo
|move|p1a: Starbreaker|Tera Blast|p2a: Rillaboom|[anim] Tera Blast Fighting
|-damage|p2a: Rillaboom|40/100
|move|p1b: Scat Pack|Knock Off|p2a: Rillaboom
|-damage|p2a: Rillaboom|3/100
|-enditem|p2a: Rillaboom|Assault Vest|[from] move: Knock Off|[of] p1b: Scat Pack
|move|p2a: Rillaboom|High Horsepower|p1b: Scat Pack
|-supereffective|p1b: Scat Pack
|-damage|p1b: Scat Pack|33/100
|
|-heal|p1a: Starbreaker|99/100|[from] Grassy Terrain
|-heal|p2a: Rillaboom|9/100|[from] Grassy Terrain
|-heal|p1b: Scat Pack|39/100|[from] Grassy Terrain
|-fieldend|move: Grassy Terrain
|upkeep
|turn|13
|
|t:|1757861499
|switch|p1a: Turtle|Torkoal, L50, M|100/100
|-weather|SunnyDay|[from] ability: Drought|[of] p1a: Turtle
|move|p2b: Dondozo|Yawn|p1a: Turtle
|-start|p1a: Turtle|move: Yawn|[of] p2b: Dondozo
|move|p2a: Rillaboom|High Horsepower|p1b: Scat Pack
|-supereffective|p1b: Scat Pack
|-damage|p1b: Scat Pack|0 fnt
|faint|p1b: Scat Pack
|
|-weather|SunnyDay|[upkeep]
|upkeep
|
|t:|1757861509
|switch|p1b: Starbreaker|Porygon2, L50, tera:Fighting|99/100
|-ability|p1b: Starbreaker|Download|boost
|-boost|p1b: Starbreaker|spa|1
|turn|14
|
|t:|1757861531
|move|p1a: Turtle|Eruption|p2a: Rillaboom|[spread] p2a,p2b
|-resisted|p2a: Rillaboom
|-resisted|p2b: Dondozo
|-damage|p2a: Rillaboom|0 fnt
|-damage|p2b: Dondozo|77/100
|faint|p2a: Rillaboom
|move|p2b: Dondozo|Yawn|p1b: Starbreaker
|-start|p1b: Starbreaker|move: Yawn|[of] p2b: Dondozo
|move|p1b: Starbreaker|Tera Blast|p2b: Dondozo|[anim] Tera Blast Fighting
|-damage|p2b: Dondozo|51/100
|
|-weather|SunnyDay|[upkeep]
|-heal|p2b: Dondozo|58/100|[from] item: Leftovers
|-end|p1a: Turtle|move: Yawn|[silent]
|-status|p1a: Turtle|slp
|-fieldend|move: Trick Room
|upkeep
|
|t:|1757861534
|switch|p2a: Sneasler|Sneasler, L50, F|93/100
|turn|15
|
|t:|1757861556
|cant|p1a: Turtle|slp
|move|p2a: Sneasler|Close Combat|p1a: Turtle
|-damage|p1a: Turtle|58/100 slp
|-unboost|p2a: Sneasler|def|1
|-unboost|p2a: Sneasler|spd|1
|move|p1b: Starbreaker|Ice Beam|p2a: Sneasler
|-damage|p2a: Sneasler|0 fnt
|faint|p2a: Sneasler
|move|p2b: Dondozo|Liquidation|p1a: Turtle
|-supereffective|p1a: Turtle
|-damage|p1a: Turtle|44/100 slp
|-unboost|p1a: Turtle|def|1
|
|-weather|SunnyDay|[upkeep]
|-heal|p2b: Dondozo|64/100|[from] item: Leftovers
|-end|p1b: Starbreaker|move: Yawn|[silent]
|-status|p1b: Starbreaker|slp
|upkeep
|turn|16
|
|t:|1757861578
|cant|p1b: Starbreaker|slp
|move|p2b: Dondozo|Liquidation|p1a: Turtle
|-supereffective|p1a: Turtle
|-damage|p1a: Turtle|29/100 slp
|cant|p1a: Turtle|slp
|
|-weather|SunnyDay|[upkeep]
|-heal|p2b: Dondozo|70/100|[from] item: Leftovers
|upkeep
|turn|17
|
|t:|1757861590
|move|p2b: Dondozo|Protect|p2b: Dondozo
|-singleturn|p2b: Dondozo|Protect
|-curestatus|p1b: Starbreaker|slp|[msg]
|move|p1b: Starbreaker|Tera Blast|p2b: Dondozo|[anim] Tera Blast Fighting
|-activate|p2b: Dondozo|move: Protect
|cant|p1a: Turtle|slp
|
|-weather|none
|-heal|p2b: Dondozo|76/100|[from] item: Leftovers
|upkeep
|turn|18
|
|t:|1757861602
|-curestatus|p1a: Turtle|slp|[msg]
|move|p1a: Turtle|Helping Hand|p1b: Starbreaker
|-singleturn|p1b: Starbreaker|Helping Hand|[of] p1a: Turtle
|move|p1b: Starbreaker|Tera Blast|p2b: Dondozo|[anim] Tera Blast Fighting
|-damage|p2b: Dondozo|37/100
|move|p2b: Dondozo|Liquidation|p1a: Turtle
|-supereffective|p1a: Turtle
|-damage|p1a: Turtle|0 fnt
|faint|p1a: Turtle
|
|-heal|p2b: Dondozo|43/100|[from] item: Leftovers
|upkeep
|turn|19
|
|t:|1757861621
|move|p2b: Dondozo|Protect|p2b: Dondozo
|-singleturn|p2b: Dondozo|Protect
|move|p1b: Starbreaker|Tera Blast|p2b: Dondozo|[anim] Tera Blast Fighting
|-activate|p2b: Dondozo|move: Protect
|
|-heal|p2b: Dondozo|50/100|[from] item: Leftovers
|upkeep
|turn|20
|
|t:|1757861629
|move|p1b: Starbreaker|Tera Blast|p2b: Dondozo|[anim] Tera Blast Fighting
|-damage|p2b: Dondozo|22/100
|move|p2b: Dondozo|Yawn|p1b: Starbreaker
|-start|p1b: Starbreaker|move: Yawn|[of] p2b: Dondozo
|
|-heal|p2b: Dondozo|28/100|[from] item: Leftovers
|upkeep
|turn|21
|
|t:|1757861637
|move|p2b: Dondozo|Protect|p2b: Dondozo
|-singleturn|p2b: Dondozo|Protect
|move|p1b: Starbreaker|Tera Blast|p2b: Dondozo|[anim] Tera Blast Fighting
|-activate|p2b: Dondozo|move: Protect
|
|-heal|p2b: Dondozo|34/100|[from] item: Leftovers
|-end|p1b: Starbreaker|move: Yawn|[silent]
|-status|p1b: Starbreaker|slp
|upkeep
|turn|22
|
|t:|1757861645
|cant|p1b: Starbreaker|slp
|move|p2b: Dondozo|Fissure|p1b: Starbreaker
|-damage|p1b: Starbreaker|0 fnt
|faint|p1b: Starbreaker
|-ohko
|
|win|veryreally
|raw|LegionVGC's rating: 1204 → 1172(-32 for losing)
|raw|veryreally's rating: 1111 → 1143(+32 for winning)
