|j|☆Alex22pkmnyt
|j|☆IndianCrackCoffee
|html|Alex22pkmnytIndianCrackCoffee    
|uhtml|bestof|Game 2 of a best-of-3
|t:|1756503198
|gametype|doubles
|player|p1|Alex22pkmnyt|101|1003
|player|p2|IndianCrackCoffee|brendan-masters|1095
|gen|9
|tier|[Gen 9] VGC 2025 Reg H (Bo3)
|rated|
|rule|Species Clause: Limit one of each Pokémon
|rule|Item Clause: Limit 1 of each item
|clearpoke
|poke|p1|Tyranitar, L50, M|
|poke|p1|Excadrill, L50, F|
|poke|p1|Gastrodon, L50, M|
|poke|p1|Amoonguss, L50, M|
|poke|p1|Farigiraf, L50, M|
|poke|p1|Ursaluna-Bloodmoon, L50, M|
|poke|p2|Dragonite, L50, M|
|poke|p2|Ursaluna-Bloodmoon, L50, M|
|poke|p2|Archaludon, L50, F|
|poke|p2|Whimsicott, L50, F|
|poke|p2|Gholdengo, L50|
|poke|p2|Incineroar, L50, M|
|teampreview|4
|showteam|p1|Tyranitar||AssaultVest|SandStream|BodyPress,TeraBlast,KnockOff,RockSlide|||M|||50|,,,,,Flying]Excadrill||FocusSash|SandRush|SwordsDance,Earthquake,Protect,IronHead|||F|||50|,,,,,Ghost]Gastrodon||Leftovers|StormDrain|EarthPower,IceBeam,Yawn,Protect|||M|||50|,,,,,Fire]Amoonguss||RockyHelmet|EffectSpore|RagePowder,PollenPuff,Spore,SludgeBomb|||M|||50|,,,,,Water]Farigiraf||ThroatSpray|ArmorTail|PsychicNoise,HyperVoice,Protect,TrickRoom|||M|||50|,,,,,Water]Ursaluna-Bloodmoon||LifeOrb|MindsEye|BloodMoon,EarthPower,HyperVoice,Protect|||M|||50|,,,,,Normal
|showteam|p2|Dragonite||LoadedDice|Multiscale|ScaleShot,ExtremeSpeed,IceSpinner,Protect|||M|||50|,,,,,Fairy]Ursaluna-Bloodmoon||AssaultVest|MindsEye|BloodMoon,HyperVoice,EarthPower,VacuumWave|||M|||50|,,,,,Water]Archaludon||PowerHerb|Sturdy|ElectroShot,FlashCannon,DracoMeteor,Protect|||F|||50|,,,,,Stellar]Whimsicott||CovertCloak|Prankster|FakeTears,Tailwind,Encore,Moonblast|||F|||50|,,,,,Poison]Gholdengo||ChoiceSpecs|GoodasGold|MakeItRain,ShadowBall,PowerGem,SteelBeam||||||50|,,,,,Steel]Incineroar||MirrorHerb|Intimidate|FakeOut,PartingShot,KnockOff,FlareBlitz|||M|||50|,,,,,Ghost
|
|t:|1756503246
|teamsize|p1|4
|teamsize|p2|4
|start
|switch|p1a: Gastrodon|Gastrodon, L50, M|100/100
|switch|p1b: Excadrill|Excadrill, L50, F|100/100
|switch|p2a: Ursaluna|Ursaluna-Bloodmoon, L50, M|100/100
|switch|p2b: Incineroar|Incineroar, L50, M|100/100
|-ability|p2b: Incineroar|Intimidate|boost
|-unboost|p1a: Gastrodon|atk|1
|-unboost|p1b: Excadrill|atk|1
|turn|1
|
|t:|1756503293
|switch|p2b: Dragonite|Dragonite, L50, M|100/100
|move|p1b: Excadrill|Swords Dance|p1b: Excadrill
|-boost|p1b: Excadrill|atk|2
|move|p2a: Ursaluna|Blood Moon|p1a: Gastrodon
|-damage|p1a: Gastrodon|38/100
|move|p1a: Gastrodon|Yawn|p2a: Ursaluna
|-start|p2a: Ursaluna|move: Yawn|[of] p1a: Gastrodon
|
|-heal|p1a: Gastrodon|44/100|[from] item: Leftovers
|upkeep
|turn|2
|
|t:|1756503324
|switch|p2a: Whimsicott|Whimsicott, L50, F|100/100
|switch|p1a: Tyranitar|Tyranitar, L50, M|100/100
|-weather|Sandstorm|[from] ability: Sand Stream|[of] p1a: Tyranitar
|move|p1b: Excadrill|Protect|p1b: Excadrill
|-singleturn|p1b: Excadrill|Protect
|move|p2b: Dragonite|Scale Shot|p1a: Tyranitar
|-damage|p1a: Tyranitar|87/100
|-damage|p1a: Tyranitar|74/100
|-damage|p1a: Tyranitar|60/100
|-damage|p1a: Tyranitar|47/100
|-hitcount|p1a: Tyranitar|4
|-unboost|p2b: Dragonite|def|1
|-boost|p2b: Dragonite|spe|1
|
|-weather|Sandstorm|[upkeep]
|-damage|p2b: Dragonite|94/100|[from] Sandstorm
|-damage|p2a: Whimsicott|95/100|[from] Sandstorm
|upkeep
|turn|3
|
|t:|1756503366
|-terastallize|p1a: Tyranitar|Flying
|move|p2a: Whimsicott|Tailwind|p2a: Whimsicott
|-sidestart|p2: IndianCrackCoffee|move: Tailwind
|move|p2b: Dragonite|Scale Shot|p1a: Tyranitar
|-damage|p1a: Tyranitar|33/100
|-damage|p1a: Tyranitar|19/100
|-damage|p1a: Tyranitar|5/100
|-damage|p1a: Tyranitar|0 fnt
|faint|p1a: Tyranitar
|-hitcount|p1: Tyranitar|4
|-unboost|p2b: Dragonite|def|1
|-boost|p2b: Dragonite|spe|1
|move|p1b: Excadrill|Earthquake|p2b: Dragonite|[spread] p2a
|-immune|p2b: Dragonite
|-resisted|p2a: Whimsicott
|-damage|p2a: Whimsicott|55/100
|
|-weather|Sandstorm|[upkeep]
|-damage|p2b: Dragonite|88/100|[from] Sandstorm
|-damage|p2a: Whimsicott|49/100|[from] Sandstorm
|upkeep
|
|t:|1756503387
|switch|p1a: Amoonguss|Amoonguss, L50, M|100/100
|turn|4
|
|t:|1756503418
|move|p2a: Whimsicott|Encore|p1b: Excadrill
|-start|p1b: Excadrill|Encore
|move|p2b: Dragonite|Scale Shot|p1a: Amoonguss
|-damage|p1a: Amoonguss|88/100
|-damage|p1a: Amoonguss|76/100
|-damage|p1a: Amoonguss|63/100
|-damage|p1a: Amoonguss|50/100
|-damage|p1a: Amoonguss|38/100
|-hitcount|p1a: Amoonguss|5
|-unboost|p2b: Dragonite|def|1
|-boost|p2b: Dragonite|spe|1
|move|p1b: Excadrill|Earthquake|p2b: Dragonite|[spread] p1a,p2a
|-immune|p2b: Dragonite
|-resisted|p2a: Whimsicott
|-damage|p1a: Amoonguss|0 fnt
|-damage|p2a: Whimsicott|7/100
|faint|p1a: Amoonguss
|
|-weather|Sandstorm|[upkeep]
|-damage|p2b: Dragonite|82/100|[from] Sandstorm
|-damage|p2a: Whimsicott|2/100|[from] Sandstorm
|upkeep
|
|t:|1756503437
|switch|p1a: Gastrodon|Gastrodon, L50, M|44/100
|turn|5
|
|t:|1756503474
|move|p2b: Dragonite|Protect|p2b: Dragonite
|-singleturn|p2b: Dragonite|Protect
|move|p1a: Gastrodon|Protect|p1a: Gastrodon
|-singleturn|p1a: Gastrodon|Protect
|move|p2a: Whimsicott|Fake Tears|p1b: Excadrill
|-unboost|p1b: Excadrill|spd|2
|move|p1b: Excadrill|Earthquake|p2b: Dragonite|[spread] p2a
|-activate|p1a: Gastrodon|move: Protect
|-activate|p2b: Dragonite|move: Protect
|-resisted|p2a: Whimsicott
|-damage|p2a: Whimsicott|0 fnt
|faint|p2a: Whimsicott
|
|-weather|Sandstorm|[upkeep]
|-damage|p2b: Dragonite|76/100|[from] Sandstorm
|-heal|p1a: Gastrodon|50/100|[from] item: Leftovers
|upkeep
|
|t:|1756503492
|switch|p2a: Ursaluna|Ursaluna-Bloodmoon, L50, M|100/100
|turn|6
|
|t:|1756503514
|move|p2a: Ursaluna|Vacuum Wave|p1b: Excadrill
|-supereffective|p1b: Excadrill
|-damage|p1b: Excadrill|13/100
|move|p2b: Dragonite|Scale Shot|p1a: Gastrodon|[miss]
|-miss|p2b: Dragonite|p1a: Gastrodon
|move|p1b: Excadrill|Earthquake|p2a: Ursaluna|[spread] p1a,p2a
|-immune|p2b: Dragonite
|-damage|p1a: Gastrodon|0 fnt
|-damage|p2a: Ursaluna|48/100
|faint|p1a: Gastrodon
|
|-weather|none
|-end|p1b: Excadrill|Encore
|-sideend|p2: IndianCrackCoffee|move: Tailwind
|upkeep
|turn|7
|
|t:|1756503528
|move|p1b: Excadrill|Protect|p1b: Excadrill
|-singleturn|p1b: Excadrill|Protect
|move|p2b: Dragonite|Extreme Speed|p1b: Excadrill
|-activate|p1b: Excadrill|move: Protect
|move|p2a: Ursaluna|Vacuum Wave|p1b: Excadrill
|-activate|p1b: Excadrill|move: Protect
|
|upkeep
|turn|8
|
|t:|1756503536
|move|p1b: Excadrill|Protect|p1b: Excadrill
|-singleturn|p1b: Excadrill|Protect
|move|p2b: Dragonite|Extreme Speed|p1b: Excadrill
|-activate|p1b: Excadrill|move: Protect
|move|p2a: Ursaluna|Vacuum Wave|p1b: Excadrill
|-activate|p1b: Excadrill|move: Protect
|
|upkeep
|turn|9
|
|t:|1756503548
|move|p2b: Dragonite|Extreme Speed|p1b: Excadrill
|-resisted|p1b: Excadrill
|-damage|p1b: Excadrill|0 fnt
|faint|p1b: Excadrill
|
|win|IndianCrackCoffee
|raw|Alex22pkmnyt's rating: 1003 → 1000(-3 for losing)
|raw|IndianCrackCoffee's rating: 1095 → 1114(+19 for winning)
|c|☆IndianCrackCoffee|GGs bro
|l|☆Alex22pkmnyt
|player|p1|
