|j|☆lobyte
|j|☆Sala335
|html|lobyteSala335    
|uhtml|bestof|Game 1 of a best-of-3
|t:|1756306850
|gametype|doubles
|player|p1|lobyte|cynthia|1115
|player|p2|Sala335|gambler|1153
|gen|9
|tier|[Gen 9] VGC 2025 Reg H (Bo3)
|rated|
|rule|Species Clause: Limit one of each Pokémon
|rule|Item Clause: Limit 1 of each item
|clearpoke
|poke|p1|Politoed, L50, M|
|poke|p1|Kingdra, L50, F|
|poke|p1|Incineroar, L50, F|
|poke|p1|Dragonite, L50, M|
|poke|p1|Amoonguss, L50, F|
|poke|p1|Kingambit, L50, M|
|poke|p2|Primarina, L50, M|
|poke|p2|Porygon2, L50|
|poke|p2|Ursaluna, L50, F|
|poke|p2|Gholdengo, L50|
|poke|p2|Talonflame, L50, F|
|poke|p2|Amoonguss, L50, M|
|teampreview|4
|showteam|p1|Politoed||SitrusBerry|Drizzle|WeatherBall,Haze,HelpingHand,Protect|||M|||50|,,,,,Grass]Kingdra||LifeOrb|SwiftSwim|MuddyWater,WeatherBall,DracoMeteor,Protect|||F|||50|,,,,,Stellar]Incineroar||AssaultVest|Intimidate|KnockOff,Snarl,Uturn,FakeOut|||F|||50|,,,,,Bug]Dragonite||ChoiceBand|InnerFocus|ExtremeSpeed,DragonClaw,IceSpinner,StompingTantrum|||M|||50|,,,,,Normal]Amoonguss||CovertCloak|Regenerator|SludgeBomb,PollenPuff,RagePowder,Spore|||F|||50|,,,,,Dark]Kingambit||SafetyGoggles|Defiant|KowtowCleave,SuckerPunch,LowKick,Protect|||M|||50|,,,,,Fairy
|showteam|p2|Primarina||ThroatSpray|LiquidVoice|Protect,HyperVoice,Moonblast,Haze|||M|||50|,,,,,Poison]Porygon2||Eviolite|Download|TrickRoom,Protect,IceBeam,TeraBlast||||||50|,,,,,Flying]Ursaluna||FlameOrb|Guts|Facade,HeadlongRush,Earthquake,Protect|||F|||50|,,,,,Ghost]Gholdengo||Leftovers|GoodasGold|MakeItRain,NastyPlot,ShadowBall,Protect||||||50|,,,,,Flying]Talonflame||CovertCloak|GaleWings|Tailwind,QuickGuard,Taunt,DualWingbeat|||F|||50|,,,,,Water]Amoonguss||SitrusBerry|Regenerator|Spore,RagePowder,Protect,PollenPuff|||M|||50|,,,,,Water
|inactive|Battle timer is ON: inactive players will automatically lose when time's up. (requested by lobyte)
|inactive|lobyte has 60 seconds left.
|
|t:|1756306892
|teamsize|p1|4
|teamsize|p2|4
|start
|switch|p1a: Dragonite|Dragonite, L50, M|100/100
|switch|p1b: Kingdra|Kingdra, L50, F|100/100
|switch|p2a: Talonflame|Talonflame, L50, F|100/100
|switch|p2b: Primarina|Primarina, L50, M|100/100
|turn|1
|inactive|lobyte has 30 seconds left.
|inactive|Sala335 has 30 seconds left.
|
|t:|1756306925
|-terastallize|p1a: Dragonite|Normal
|move|p1a: Dragonite|Extreme Speed|p2b: Primarina
|-damage|p2b: Primarina|11/100
|move|p2a: Talonflame|Tailwind|p2a: Talonflame
|-sidestart|p2: Sala335|move: Tailwind
|move|p2b: Primarina|Moonblast|p1b: Kingdra
|-supereffective|p1b: Kingdra
|-damage|p1b: Kingdra|0 fnt
|faint|p1b: Kingdra
|
|upkeep
|
|t:|1756306937
|switch|p1b: Incineroar|Incineroar, L50, F|100/100
|-ability|p1b: Incineroar|Intimidate|boost
|-unboost|p2a: Talonflame|atk|1
|-unboost|p2b: Primarina|atk|1
|turn|2
|
|t:|1756306945
|move|p2a: Talonflame|Quick Guard|p2a: Talonflame
|-singleturn|p2a: Talonflame|Quick Guard
|move|p1a: Dragonite|Extreme Speed|p2a: Talonflame
|-activate|p2a: Talonflame|move: Quick Guard
|move|p2b: Primarina|Hyper Voice|p1b: Incineroar|[spread] p1a,p1b
|-supereffective|p1b: Incineroar
|-damage|p1a: Dragonite|71/100
|-damage|p1b: Incineroar|56/100
|-enditem|p2b: Primarina|Throat Spray
|-boost|p2b: Primarina|spa|1|[from] item: Throat Spray
|move|p1b: Incineroar|U-turn|p2b: Primarina
|-resisted|p2b: Primarina
|-damage|p2b: Primarina|0 fnt
|faint|p2b: Primarina
|
|t:|1756306952
|switch|p1b: Politoed|Politoed, L50, M, shiny|100/100|[from] U-turn
|-weather|RainDance|[from] ability: Drizzle|[of] p1b: Politoed
|
|-weather|RainDance|[upkeep]
|upkeep
|
|t:|1756306959
|switch|p2b: Ursaluna|Ursaluna, L50, F|100/100
|turn|3
|inactive|lobyte has 30 seconds left.
|inactive|Sala335 has 30 seconds left.
|
|t:|1756306993
|-terastallize|p2a: Talonflame|Water
|move|p2b: Ursaluna|Protect|p2b: Ursaluna
|-singleturn|p2b: Ursaluna|Protect
|move|p2a: Talonflame|Quick Guard|p2a: Talonflame
|-singleturn|p2a: Talonflame|Quick Guard
|move|p1a: Dragonite|Extreme Speed|p2a: Talonflame
|-activate|p2a: Talonflame|move: Quick Guard
|move|p1b: Politoed|Weather Ball|p2b: Ursaluna
|-activate|p2b: Ursaluna|move: Protect
|
|-weather|RainDance|[upkeep]
|-status|p2b: Ursaluna|brn|[from] item: Flame Orb
|upkeep
|turn|4
|inactive|Sala335 has 30 seconds left.
|
|t:|1756307020
|switch|p1a: Incineroar|Incineroar, L50, F|56/100
|-ability|p1a: Incineroar|Intimidate|boost
|-unboost|p2a: Talonflame|atk|1
|-unboost|p2b: Ursaluna|atk|1
|move|p2a: Talonflame|Quick Guard|p2a: Talonflame
|-singleturn|p2a: Talonflame|Quick Guard
|move|p2b: Ursaluna|Facade|p1b: Politoed
|-damage|p1b: Politoed|32/100
|-enditem|p1b: Politoed|Sitrus Berry|[eat]
|-heal|p1b: Politoed|57/100|[from] item: Sitrus Berry
|move|p1b: Politoed|Weather Ball|p2b: Ursaluna
|-supereffective|p2b: Ursaluna
|-damage|p2b: Ursaluna|7/100 brn
|
|-weather|RainDance|[upkeep]
|-damage|p2b: Ursaluna|0 fnt|[from] brn
|faint|p2b: Ursaluna
|-sideend|p2: Sala335|move: Tailwind
|upkeep
|
|t:|1756307023
|switch|p2b: Porygon2|Porygon2, L50|100/100
|-ability|p2b: Porygon2|Download|boost
|-boost|p2b: Porygon2|spa|1
|turn|5
|
|t:|1756307041
|move|p2a: Talonflame|Tailwind|p2a: Talonflame
|-sidestart|p2: Sala335|move: Tailwind
|move|p2b: Porygon2|Tera Blast|p1a: Incineroar
|-damage|p1a: Incineroar|27/100
|move|p1b: Politoed|Weather Ball|p2b: Porygon2
|-damage|p2b: Porygon2|77/100
|move|p1a: Incineroar|Knock Off|p2b: Porygon2
|-damage|p2b: Porygon2|53/100
|-enditem|p2b: Porygon2|Eviolite|[from] move: Knock Off|[of] p1a: Incineroar
|
|-weather|RainDance|[upkeep]
|upkeep
|turn|6
|
|t:|1756307064
|move|p2a: Talonflame|Taunt|p1b: Politoed
|-start|p1b: Politoed|move: Taunt
|move|p2b: Porygon2|Tera Blast|p1a: Incineroar
|-damage|p1a: Incineroar|1/100
|move|p1b: Politoed|Weather Ball|p2b: Porygon2
|-damage|p2b: Porygon2|16/100
|move|p1a: Incineroar|U-turn|p2a: Talonflame
|-damage|p2a: Talonflame|73/100
|
|t:|1756307072
|switch|p1a: Dragonite|Dragonite, L50, M, tera:Normal|71/100|[from] U-turn
|
|-weather|none
|upkeep
|turn|7
|-message|Sala335 forfeited.
|
|win|lobyte
