|j|☆palle synchro
|j|☆AsukaHikaru
|html|palle synchroAsukaHikaru    
|uhtml|bestof|Game 1 of a best-of-3
|t:|1784908738
|gametype|doubles
|player|p1|palle synchro|volkner|1405
|player|p2|AsukaHikaru|2|1452
|gen|9
|tier|[Gen 9 Champions] VGC 2026 Reg M-B (Bo3)
|rated|
|rule|Species Clause: Limit one of each Pokémon
|rule|Item Clause: Limit 1 of each item
|clearpoke
|poke|p1|Pelipper, L50, F|
|poke|p1|Archaludon, L50, F|
|poke|p1|Venusaur, L50, F|
|poke|p1|Maushold, L50|
|poke|p1|Gholdengo, L50|
|poke|p1|Basculegion, L50, M|
|poke|p2|Incineroar, L50, M|
|poke|p2|Kingambit, L50, M|
|poke|p2|Sinistcha, L50|
|poke|p2|Floette-Eternal, L50, F|
|poke|p2|Sneasler, L50, M|
|poke|p2|Delphox, L50, F|
|teampreview|4
|showteam|p1|Pelipper||SitrusBerry|Drizzle|WeatherBall,Hurricane,Tailwind,Protect|Modest||F|||50|]Archaludon||Leftovers|Stamina|ElectroShot,DragonPulse,FlashCannon,Protect|Modest||F|||50|]Venusaur||Venusaurite|Chlorophyll|GigaDrain,EarthPower,SludgeBomb,Protect|Modest||F|||50|]Maushold||FocusSash|FriendGuard|SuperFang,RainDance,FollowMe,Protect|Timid|||||50|]Gholdengo||LifeOrb|GoodasGold|MakeItRain,ShadowBall,NastyPlot,Protect|Timid|||||50|]Basculegion||ChoiceScarf|Adaptability|WaveCrash,LastRespects,FlipTurn,AquaJet|Jolly||M|||50|
|showteam|p2|Incineroar||PasshoBerry|Intimidate|PartingShot,FakeOut,FlareBlitz,DarkestLariat|Careful||M|||50|]Kingambit||LifeOrb|Defiant|Protect,KowtowCleave,IronHead,SuckerPunch|Adamant||M|||50|]Sinistcha||OccaBerry|Hospitality|Protect,MatchaGotcha,RagePowder,TrickRoom|Bold|||||50|]Floette-Eternal||Floettite|FlowerVeil|Protect,DazzlingGleam,Moonblast,CalmMind|Modest||F|||50|]Sneasler||FocusSash|PoisonTouch|PoisonJab,FakeOut,CloseCombat,RockSlide|Jolly||M|||50|]Delphox||Delphoxite|Blaze|Protect,HeatWave,Psychic,NastyPlot|Timid||F|||50|
|inactive|Battle timer is ON: inactive players will automatically lose when time's up. (requested by palle synchro)
|inactive|AsukaHikaru has 60 seconds left.
|
|t:|1784908776
|teamsize|p1|4
|teamsize|p2|4
|start
|switch|p1a: Basculegion|Basculegion, L50, M|100/100
|switch|p1b: Venusaur|Venusaur, L50, F|100/100
|switch|p2a: Kingambit|Kingambit, L50, M|100/100
|switch|p2b: Delphox|Delphox, L50, F|100/100
|turn|1
|inactive|palle synchro has 30 seconds left.
|inactive|palle synchro has 20 seconds left.
|inactive|palle synchro has 15 seconds left.
|
|t:|1784908818
|detailschange|p1b: Venusaur|Venusaur-Mega, L50, F
|-mega|p1b: Venusaur|Venusaur|Venusaurite
|move|p2b: Delphox|Protect|p2b: Delphox
|-singleturn|p2b: Delphox|Protect
|move|p1a: Basculegion|Wave Crash|p2a: Kingambit
|-damage|p2a: Kingambit|41/100
|-damage|p1a: Basculegion|80/100|[from] Recoil
|move|p1b: Venusaur|Earth Power|p2a: Kingambit
|-supereffective|p2a: Kingambit|1
|-damage|p2a: Kingambit|0 fnt
|faint|p2a: Kingambit
|
|upkeep
|
|t:|1784908831
|switch|p2a: Sinistcha|Sinistcha, L50|100/100
|turn|2
|
|t:|1784908841
|switch|p1a: Maushold|Maushold, L50|100/100
|detailschange|p2b: Delphox|Delphox-Mega, L50, F
|-mega|p2b: Delphox|Delphox|Delphoxite
|move|p2a: Sinistcha|Rage Powder|p2a: Sinistcha
|-singleturn|p2a: Sinistcha|move: Rage Powder
|move|p2b: Delphox|Nasty Plot|p2b: Delphox
|-boost|p2b: Delphox|spa|2
|move|p1b: Venusaur|Sludge Bomb|p2b: Delphox
|-damage|p2b: Delphox|62/100
|-status|p2b: Delphox|psn
|
|-damage|p2b: Delphox|49/100 psn|[from] psn
|upkeep
|turn|3
|
|t:|1784908855
|switch|p2a: Sneasler|Sneasler, L50, M|100/100
|move|p1b: Venusaur|Protect|p1b: Venusaur
|-singleturn|p1b: Venusaur|Protect
|move|p2b: Delphox|Heat Wave|p1b: Venusaur|[spread] p1a
|-activate|p1b: Venusaur|move: Protect
|-damage|p1a: Maushold|6/100
|move|p1a: Maushold|Rain Dance|p1a: Maushold
|-weather|RainDance
|
|-weather|RainDance|[upkeep]
|-damage|p2b: Delphox|37/100 psn|[from] psn
|upkeep
|turn|4
|
|t:|1784908877
|move|p2a: Sneasler|Fake Out|p1a: Maushold
|-damage|p1a: Maushold|0 fnt
|faint|p1a: Maushold
|move|p2b: Delphox|Psychic|p1b: Venusaur
|-supereffective|p1b: Venusaur|1
|-damage|p1b: Venusaur|0 fnt
|faint|p1b: Venusaur
|
|-weather|RainDance|[upkeep]
|-damage|p2b: Delphox|24/100 psn|[from] psn
|upkeep
|
|t:|1784908882
|switch|p1a: Basculegion|Basculegion, L50, M|80/100
|switch|p1b: Archaludon|Archaludon, L50, F|100/100
|turn|5
|
|t:|1784908893
|switch|p2b: Sinistcha|Sinistcha, L50|100/100
|move|p1a: Basculegion|Last Respects|p2a: Sneasler
|-enditem|p2a: Sneasler|Focus Sash
|-damage|p2a: Sneasler|1/100
|move|p2a: Sneasler|Close Combat|p1b: Archaludon
|-supereffective|p1b: Archaludon|1
|-damage|p1b: Archaludon|13/100
|-unboost|p2a: Sneasler|def|1
|-unboost|p2a: Sneasler|spd|1
|-ability|p1b: Archaludon|Stamina|boost
|-boost|p1b: Archaludon|def|1
|move|p1b: Archaludon|Electro Shot||[still]
|-prepare|p1b: Archaludon|Electro Shot
|-boost|p1b: Archaludon|spa|1
|-anim|p1b: Archaludon|Electro Shot|p2b: Sinistcha
|-resisted|p2b: Sinistcha|1
|-damage|p2b: Sinistcha|72/100
|
|-weather|RainDance|[upkeep]
|-heal|p1b: Archaludon|20/100r|[from] item: Leftovers
|upkeep
|turn|6
|
|t:|1784908913
|move|p1b: Archaludon|Protect|p1b: Archaludon
|-singleturn|p1b: Archaludon|Protect
|move|p2b: Sinistcha|Protect|p2b: Sinistcha
|-singleturn|p2b: Sinistcha|Protect
|move|p1a: Basculegion|Last Respects|p2a: Sneasler
|-damage|p2a: Sneasler|0 fnt
|faint|p2a: Sneasler
|
|-weather|RainDance|[upkeep]
|-heal|p1b: Archaludon|26/100|[from] item: Leftovers
|upkeep
|
|t:|1784908920
|switch|p2a: Delphox|Delphox-Mega, L50, F|24/100 psn
|turn|7
|
|t:|1784908930
|move|p1a: Basculegion|Last Respects|p2b: Sinistcha
|-supereffective|p2b: Sinistcha|1
|-damage|p2b: Sinistcha|0 fnt
|faint|p2b: Sinistcha
|move|p2a: Delphox|Psychic|p1b: Archaludon
|-resisted|p1b: Archaludon|1
|-damage|p1b: Archaludon|1/100
|-ability|p1b: Archaludon|Stamina|boost
|-boost|p1b: Archaludon|def|1
|move|p1b: Archaludon|Electro Shot||[still]
|-prepare|p1b: Archaludon|Electro Shot
|-boost|p1b: Archaludon|spa|1
|-anim|p1b: Archaludon|Electro Shot|p2a: Delphox
|-damage|p2a: Delphox|0 fnt
|faint|p2a: Delphox
|
|win|palle synchro
