|j|☆Liney stiney
|j|☆axcoquette
|html|Liney stineyaxcoquette    
|uhtml|bestof|Game 2 of a best-of-3
|t:|1783305687
|gametype|doubles
|player|p1|Liney stiney|170|1111
|player|p2|axcoquette|maid|1154
|gen|9
|tier|[Gen 9 Champions] VGC 2026 Reg M-B (Bo3)
|rated|
|rule|Species Clause: Limit one of each Pokémon
|rule|Item Clause: Limit 1 of each item
|clearpoke
|poke|p1|Altaria, L50, F, shiny|
|poke|p1|Aromatisse, L50, F, shiny|
|poke|p1|Heliolisk, L50, F|
|poke|p1|Swampert, L50, M|
|poke|p1|Arcanine-Hisui, L50, M, shiny|
|poke|p1|Glimmora, L50, M, shiny|
|poke|p2|Delphox, L50, M|
|poke|p2|Sneasler, L50, F|
|poke|p2|Sinistcha, L50|
|poke|p2|Incineroar, L50, M|
|poke|p2|Kingambit, L50, F|
|poke|p2|Floette-Eternal, L50, F|
|teampreview|4
|showteam|p1|Altaria||Altarianite|CloudNine|Protect,CottonGuard,HyperVoice,FireBlast|Calm||F|||50|]Aromatisse||BabiriBerry|AromaVeil|TrickRoom,Protect,SweetScent,Hypnosis|Relaxed||F|||50|]Heliolisk||FocusSash|DrySkin|Protect,Thunder,Electrify,RainDance|Mild||F|||50|]Swampert||Swampertite|Damp|WaveCrash,StoneEdge,Protect,HighHorsepower|Brave||M|||50|]Arcanine-Hisui||LifeOrb|RockHead|HeadSmash,FlareBlitz,Protect,StoneEdge|Lonely||M|||50|]Glimmora||ShucaBerry|Corrosion|AcidArmor,EarthPower,SludgeBomb,Protect|Modest||M|||50|
|showteam|p2|Delphox||Delphoxite|Blaze|Protect,NastyPlot,HeatWave,Psychic|Timid||M|||50|]Sneasler||FocusSash|Unburden|Protect,FakeOut,DireClaw,CloseCombat|Jolly||F|||50|]Sinistcha||KasibBerry|Hospitality|Protect,RagePowder,MatchaGotcha,LifeDew|Bold|||||50|]Incineroar||SitrusBerry|Intimidate|FakeOut,FlareBlitz,HelpingHand,PartingShot|Careful||M|||50|]Kingambit||BlackGlasses|Defiant|KowtowCleave,SwordsDance,SuckerPunch,Protect|Adamant||F|||50|]Floette-Eternal||Floettite|FlowerVeil|Moonblast,DazzlingGleam,CalmMind,Protect|Modest||F|||50|
|inactive|Battle timer is ON: inactive players will automatically lose when time's up. (requested by axcoquette)
|inactive|Liney stiney has 60 seconds left.
|inactive|axcoquette has 60 seconds left.
|
|t:|1783305742
|teamsize|p1|4
|teamsize|p2|4
|start
|switch|p1a: Heliolisk|Heliolisk, L50, F|100/100
|switch|p1b: Swampert|Swampert, L50, M|100/100
|switch|p2a: Sneasler|Sneasler, L50, F|100/100
|switch|p2b: Incineroar|Incineroar, L50, M|100/100
|-ability|p2b: Incineroar|Intimidate|boost
|-unboost|p1a: Heliolisk|atk|1
|-unboost|p1b: Swampert|atk|1
|turn|1
|
|t:|1783305761
|move|p1a: Heliolisk|Protect|p1a: Heliolisk
|-singleturn|p1a: Heliolisk|Protect
|move|p1b: Swampert|Protect|p1b: Swampert
|-singleturn|p1b: Swampert|Protect
|move|p2b: Incineroar|Fake Out|p1b: Swampert
|-activate|p1b: Swampert|move: Protect
|move|p2a: Sneasler|Close Combat|p1a: Heliolisk
|-activate|p1a: Heliolisk|move: Protect
|
|upkeep
|turn|2
|inactive|Liney stiney has 30 seconds left.
|
|t:|1783305789
|switch|p2b: Sinistcha|Sinistcha, L50|100/100
|detailschange|p1b: Swampert|Swampert-Mega, L50, M
|-mega|p1b: Swampert|Swampert|Swampertite
|move|p2a: Sneasler|Close Combat|p1a: Heliolisk
|-supereffective|p1a: Heliolisk|1
|-enditem|p1a: Heliolisk|Focus Sash
|-damage|p1a: Heliolisk|1/100
|-unboost|p2a: Sneasler|def|1
|-unboost|p2a: Sneasler|spd|1
|move|p1a: Heliolisk|Rain Dance|p1a: Heliolisk
|-weather|RainDance
|move|p1b: Swampert|High Horsepower|p2a: Sneasler
|-supereffective|p2a: Sneasler|1
|-enditem|p2a: Sneasler|Focus Sash
|-damage|p2a: Sneasler|1/100
|
|-weather|RainDance|[upkeep]
|-heal|p1a: Heliolisk|13/100|[from] ability: Dry Skin
|upkeep
|turn|3
|inactive|Liney stiney has 30 seconds left.
|
|t:|1783305821
|switch|p2a: Incineroar|Incineroar, L50, M|100/100
|-ability|p2a: Incineroar|Intimidate|boost
|-unboost|p1a: Heliolisk|atk|1
|-unboost|p1b: Swampert|atk|1
|move|p1a: Heliolisk|Protect|p1a: Heliolisk
|-singleturn|p1a: Heliolisk|Protect
|move|p1b: Swampert|Wave Crash|p2b: Sinistcha
|-resisted|p2b: Sinistcha|1
|-damage|p2b: Sinistcha|78/100
|-damage|p1b: Swampert|93/100|[from] Recoil
|move|p2b: Sinistcha|Matcha Gotcha|p1b: Swampert|[spread] p1b
|-activate|p1a: Heliolisk|move: Protect
|-supereffective|p1b: Swampert|2
|-damage|p1b: Swampert|22/100
|-heal|p2b: Sinistcha|100/100|[from] drain|[of] p1b: Swampert
|
|-weather|RainDance|[upkeep]
|-heal|p1a: Heliolisk|25/100|[from] ability: Dry Skin
|upkeep
|turn|4
|inactive|Liney stiney has 30 seconds left.
|
|t:|1783305851
|move|p2a: Incineroar|Fake Out|p1b: Swampert
|-damage|p1b: Swampert|13/100
|cant|p1b: Swampert|flinch
|move|p1a: Heliolisk|Electrify|p2b: Sinistcha
|-singleturn|p2b: Sinistcha|move: Electrify
|move|p2b: Sinistcha|Matcha Gotcha|p1b: Swampert|[spread] p1a
|-immune|p1b: Swampert
|-resisted|p1a: Heliolisk|1
|-damage|p1a: Heliolisk|14/100
|
|-weather|RainDance|[upkeep]
|-heal|p1a: Heliolisk|27/100|[from] ability: Dry Skin
|upkeep
|turn|5
|
|t:|1783305871
|move|p2b: Sinistcha|Rage Powder|p2b: Sinistcha
|-singleturn|p2b: Sinistcha|move: Rage Powder
|move|p1b: Swampert|Wave Crash|p2b: Sinistcha
|-resisted|p2b: Sinistcha|1
|-damage|p2b: Sinistcha|79/100
|-damage|p1b: Swampert|7/100|[from] Recoil
|move|p1a: Heliolisk|Electrify||[still]
|-fail|p1a: Heliolisk
|move|p2a: Incineroar|Flare Blitz|p1a: Heliolisk
|-damage|p1a: Heliolisk|0 fnt
|faint|p1a: Heliolisk
|-damage|p2a: Incineroar|94/100|[from] Recoil
|
|-weather|RainDance|[upkeep]
|upkeep
|
|t:|1783305887
|switch|p1a: Aromatisse|Aromatisse, L50, F, shiny|100/100
|turn|6
|
|t:|1783305906
|move|p1b: Swampert|High Horsepower|p2a: Incineroar
|-supereffective|p2a: Incineroar|1
|-damage|p2a: Incineroar|40/100
|-enditem|p2a: Incineroar|Sitrus Berry|[eat]
|-heal|p2a: Incineroar|65/100|[from] item: Sitrus Berry
|move|p2b: Sinistcha|Matcha Gotcha|p1a: Aromatisse|[spread] p1a,p1b
|-supereffective|p1b: Swampert|2
|-damage|p1a: Aromatisse|79/100
|-heal|p2b: Sinistcha|89/100|[from] drain|[of] p1a: Aromatisse
|-damage|p1b: Swampert|0 fnt
|-heal|p2b: Sinistcha|94/100|[from] drain|[of] p1b: Swampert
|faint|p1b: Swampert
|move|p2a: Incineroar|Parting Shot|p1a: Aromatisse
|-unboost|p1a: Aromatisse|atk|1
|-unboost|p1a: Aromatisse|spa|1
|
|t:|1783305924
|switch|p2a: Sneasler|Sneasler, L50, F|1/100|[from] Parting Shot
|move|p1a: Aromatisse|Trick Room|p1a: Aromatisse
|-fieldstart|move: Trick Room|[of] p1a: Aromatisse
|
|-weather|none
|upkeep
|
|t:|1783305931
|switch|p1b: Arcanine|Arcanine-Hisui, L50, M, shiny|100/100
|turn|7
|
|t:|1783305938
|move|p1b: Arcanine|Protect|p1b: Arcanine
|-singleturn|p1b: Arcanine|Protect
|move|p2a: Sneasler|Fake Out|p1b: Arcanine
|-activate|p1b: Arcanine|move: Protect
|move|p1a: Aromatisse|Hypnosis|p2b: Sinistcha|[miss]
|-miss|p1a: Aromatisse|p2b: Sinistcha
|move|p2b: Sinistcha|Matcha Gotcha|p1b: Arcanine|[spread] p1a
|-activate|p1b: Arcanine|move: Protect
|-damage|p1a: Aromatisse|58/100
|-heal|p2b: Sinistcha|100/100|[from] drain|[of] p1a: Aromatisse
|
|upkeep
|turn|8
|inactive|Liney stiney has 30 seconds left.
|
|t:|1783305969
|move|p2b: Sinistcha|Protect|p2b: Sinistcha
|-singleturn|p2b: Sinistcha|Protect
|move|p2a: Sneasler|Protect|p2a: Sneasler
|-singleturn|p2a: Sneasler|Protect
|move|p1a: Aromatisse|Hypnosis|p2a: Sneasler
|-activate|p2a: Sneasler|move: Protect
|move|p1b: Arcanine|Flare Blitz|p2a: Sneasler
|-activate|p2a: Sneasler|move: Protect
|
|upkeep
|turn|9
|
|t:|1783305984
|switch|p2a: Incineroar|Incineroar, L50, M|65/100
|-ability|p2a: Incineroar|Intimidate|boost
|-unboost|p1a: Aromatisse|atk|1
|-unboost|p1b: Arcanine|atk|1
|move|p1a: Aromatisse|Protect|p1a: Aromatisse
|-singleturn|p1a: Aromatisse|Protect
|move|p2b: Sinistcha|Matcha Gotcha|p1a: Aromatisse|[spread] p1b
|-activate|p1a: Aromatisse|move: Protect
|-damage|p1b: Arcanine|75/100
|move|p1b: Arcanine|Flare Blitz|p2a: Incineroar
|-resisted|p2a: Incineroar|1
|-damage|p2a: Incineroar|43/100
|-damage|p1b: Arcanine|65/100|[from] item: Life Orb
|
|upkeep
|turn|10
|inactive|Liney stiney has 30 seconds left.
|inactive|axcoquette has 30 seconds left.
|inactive|Liney stiney has 20 seconds left.
|inactive|Liney stiney has 15 seconds left.
|inactive|Liney stiney has 10 seconds left.
|
|t:|1783306034
|switch|p2b: Sneasler|Sneasler, L50, F|1/100
|move|p2a: Incineroar|Fake Out|p1b: Arcanine
|-resisted|p1b: Arcanine|1
|-damage|p1b: Arcanine|60/100
|move|p1a: Aromatisse|Sweet Scent|p2b: Sneasler|[spread] p2a,p2b
|-unboost|p2a: Incineroar|evasion|2
|-unboost|p2b: Sneasler|evasion|2
|cant|p1b: Arcanine|flinch
|
|-fieldend|move: Trick Room
|upkeep
|turn|11
|inactive|axcoquette has 30 seconds left.
|
|t:|1783306060
|move|p1b: Arcanine|Protect|p1b: Arcanine
|-singleturn|p1b: Arcanine|Protect
|move|p2b: Sneasler|Dire Claw|p1a: Aromatisse
|-supereffective|p1a: Aromatisse|1
|-damage|p1a: Aromatisse|0 fnt
|faint|p1a: Aromatisse
|move|p2a: Incineroar|Parting Shot|p1b: Arcanine
|-activate|p1b: Arcanine|move: Protect
|
|upkeep
|turn|12
|-message|Liney stiney forfeited.
|raw|Liney stiney's rating: 1111 → 1089(-22 for losing)
|raw|axcoquette's rating: 1154 → 1176(+22 for winning)
|
|win|axcoquette
|l|☆Liney stiney
|player|p1|
