|j|☆Raichu y fan
|j|☆Professor_J93
|html|Raichu y fanProfessor_J93    
|uhtml|bestof|Game 3 of a best-of-3
|t:|1782324663
|gametype|doubles
|player|p1|Raichu y fan|101|
|player|p2|Professor_J93|n|
|gen|9
|tier|[Gen 9 Champions] VGC 2026 Reg M-B (Bo3)
|rule|Species Clause: Limit one of each Pokémon
|rule|Item Clause: Limit 1 of each item
|clearpoke
|poke|p1|Venusaur, L50, F|
|poke|p1|Incineroar, L50, F|
|poke|p1|Alcremie, L50, F|
|poke|p1|Kingambit, L50, M|
|poke|p1|Sinistcha, L50|
|poke|p1|Altaria, L50, F|
|poke|p2|Raichu, L50, M|
|poke|p2|Vivillon-Ocean, L50, M|
|poke|p2|Infernape, L50, F|
|poke|p2|Sylveon, L50, F|
|poke|p2|Basculegion, L50, M|
|poke|p2|Farigiraf, L50, M|
|teampreview|4
|showteam|p1|Venusaur||Venusaurite|Chlorophyll|GigaDrain,EarthPower,SludgeBomb,Protect|Modest||F|||50|]Incineroar||SitrusBerry|Intimidate|FlareBlitz,FakeOut,BatonPass,Protect|Careful||F|||50|]Alcremie||KebiaBerry|AromaVeil|DazzlingGleam,Decorate,HelpingHand,Protect|Calm||F|||50|]Kingambit||Leftovers|Defiant|KowtowCleave,IronHead,SuckerPunch,Protect|Adamant||M|||50|]Sinistcha||CobaBerry|Hospitality|MatchaGotcha,RagePowder,TrickRoom,Protect|Relaxed|||||50|]Altaria||Altarianite|CloudNine|HyperVoice,Roost,PowerSwap,Protect|Calm||F|||50|
|showteam|p2|Raichu||RaichuniteY|LightningRod|ZapCannon,FocusBlast,FakeOut,Protect|Modest||M|||50|]Vivillon-Ocean||FocusSash|CompoundEyes|Hurricane,Tailwind,SleepPowder,Protect|Timid||M|||50|]Infernape||Charcoal|Blaze|Overheat,FakeOut,Encore,Protect|Timid||F|||50|]Sylveon||FairyFeather|Pixilate|HyperVoice,HyperBeam,QuickAttack,Protect|Modest||F|||50|]Basculegion||MysticWater|Adaptability|WaveCrash,AquaJet,LastRespects,Protect|Jolly||M|||50|]Farigiraf||SitrusBerry|ArmorTail|Psyshock,Roar,TrickRoom,HelpingHand|Relaxed||M|||50|
|
|t:|1782324726
|teamsize|p1|4
|teamsize|p2|4
|start
|switch|p1a: Sinistcha|Sinistcha, L50|100/100
|switch|p1b: Kingambit|Kingambit, L50, M|100/100
|switch|p2a: Raichu|Raichu, L50, M|100/100
|switch|p2b: Farigiraf|Farigiraf, L50, M|100/100
|turn|1
|
|t:|1782324753
|move|p2a: Raichu|Fake Out|p1b: Kingambit
|-resisted|p1b: Kingambit|1
|-damage|p1b: Kingambit|97/100
|move|p1a: Sinistcha|Rage Powder|p1a: Sinistcha
|-singleturn|p1a: Sinistcha|move: Rage Powder
|cant|p1b: Kingambit|flinch
|move|p2b: Farigiraf|Roar|p1a: Sinistcha
|drag|p1a: Alcremie|Alcremie, L50, F|100/100
|
|-heal|p1b: Kingambit|100/100|[from] item: Leftovers
|upkeep
|turn|2
|
|t:|1782324770
|switch|p1b: Sinistcha|Sinistcha, L50|100/100
|detailschange|p2a: Raichu|Raichu-Mega-Y, L50, M
|-mega|p2a: Raichu|Raichu|Raichunite Y
|move|p2a: Raichu|Focus Blast|p1b: Sinistcha
|-immune|p1b: Sinistcha
|move|p1a: Alcremie|Decorate|p1b: Sinistcha
|-boost|p1b: Sinistcha|atk|2
|-boost|p1b: Sinistcha|spa|2
|move|p2b: Farigiraf|Roar|p1b: Sinistcha
|drag|p1b: Kingambit|Kingambit, L50, M|100/100
|
|upkeep
|turn|3
|
|t:|1782324783
|switch|p1b: Sinistcha|Sinistcha, L50|100/100
|move|p2a: Raichu|Protect|p2a: Raichu
|-singleturn|p2a: Raichu|Protect
|move|p1a: Alcremie|Decorate|p1b: Sinistcha
|-boost|p1b: Sinistcha|atk|2
|-boost|p1b: Sinistcha|spa|2
|move|p2b: Farigiraf|Psyshock|p1a: Alcremie
|-damage|p1a: Alcremie|72/100
|
|upkeep
|turn|4
|
|t:|1782324794
|move|p2a: Raichu|Zap Cannon|p1a: Alcremie
|-damage|p1a: Alcremie|17/100
|-status|p1a: Alcremie|par
|move|p1b: Sinistcha|Matcha Gotcha|p2b: Farigiraf|[spread] p2a,p2b
|-damage|p2a: Raichu|31/100
|-damage|p2b: Farigiraf|55/100
|move|p1a: Alcremie|Decorate|p1b: Sinistcha
|-boost|p1b: Sinistcha|atk|2
|-boost|p1b: Sinistcha|spa|2
|move|p2b: Farigiraf|Roar|p1b: Sinistcha
|drag|p1b: Kingambit|Kingambit, L50, M|100/100
|
|upkeep
|turn|5
|
|t:|1782324807
|move|p1b: Kingambit|Protect|p1b: Kingambit
|-singleturn|p1b: Kingambit|Protect
|move|p2a: Raichu|Focus Blast|p1b: Kingambit
|-activate|p1b: Kingambit|move: Protect
|move|p2b: Farigiraf|Psyshock|p1a: Alcremie
|-damage|p1a: Alcremie|0 fnt
|faint|p1a: Alcremie
|
|upkeep
|
|t:|1782324814
|switch|p1a: Sinistcha|Sinistcha, L50|100/100
|turn|6
|
|t:|1782324826
|switch|p2b: Sylveon|Sylveon, L50, F|100/100
|move|p1a: Sinistcha|Rage Powder|p1a: Sinistcha
|-singleturn|p1a: Sinistcha|move: Rage Powder
|move|p2a: Raichu|Zap Cannon|p1a: Sinistcha
|-resisted|p1a: Sinistcha|1
|-damage|p1a: Sinistcha|64/100
|-status|p1a: Sinistcha|par
|move|p1b: Kingambit|Kowtow Cleave|p2b: Sylveon
|-resisted|p2b: Sylveon|1
|-damage|p2b: Sylveon|78/100
|
|upkeep
|turn|7
|
|t:|1782324849
|switch|p2a: Farigiraf|Farigiraf, L50, M|55/100
|cant|p1a: Sinistcha|par
|move|p2b: Sylveon|Hyper Voice|p1b: Kingambit|[spread] p1a,p1b
|-damage|p1a: Sinistcha|18/100 par
|-damage|p1b: Kingambit|64/100
|move|p1b: Kingambit|Iron Head|p2b: Sylveon
|-supereffective|p2b: Sylveon|1
|-damage|p2b: Sylveon|0 fnt
|faint|p2b: Sylveon
|
|-heal|p1b: Kingambit|70/100|[from] item: Leftovers
|upkeep
|
|t:|1782324859
|switch|p2b: Raichu|Raichu-Mega-Y, L50, M|31/100
|turn|8
|
|t:|1782324866
|move|p2b: Raichu|Fake Out|p1b: Kingambit
|-resisted|p1b: Kingambit|1
|-damage|p1b: Kingambit|67/100
|move|p1a: Sinistcha|Rage Powder|p1a: Sinistcha
|-singleturn|p1a: Sinistcha|move: Rage Powder
|move|p2a: Farigiraf|Psyshock|p1a: Sinistcha
|-damage|p1a: Sinistcha|0 fnt
|faint|p1a: Sinistcha
|cant|p1b: Kingambit|flinch
|
|-heal|p1b: Kingambit|73/100|[from] item: Leftovers
|upkeep
|
|t:|1782324868
|switch|p1a: Venusaur|Venusaur, L50, F|100/100
|turn|9
|
|t:|1782324881
|switch|p2a: Vivillon|Vivillon-Ocean, L50, M|100/100
|detailschange|p1a: Venusaur|Venusaur-Mega, L50, F
|-mega|p1a: Venusaur|Venusaur|Venusaurite
|move|p2b: Raichu|Protect|p2b: Raichu
|-singleturn|p2b: Raichu|Protect
|move|p1a: Venusaur|Earth Power|p2b: Raichu
|-activate|p2b: Raichu|move: Protect
|move|p1b: Kingambit|Kowtow Cleave|p2a: Vivillon
|-damage|p2a: Vivillon|16/100
|
|-heal|p1b: Kingambit|79/100|[from] item: Leftovers
|upkeep
|turn|10
|
|t:|1782324904
|switch|p2b: Farigiraf|Farigiraf, L50, M|55/100
|move|p1b: Kingambit|Protect|p1b: Kingambit
|-singleturn|p1b: Kingambit|Protect
|move|p2a: Vivillon|Sleep Powder|p1b: Kingambit
|-activate|p1b: Kingambit|move: Protect
|move|p1a: Venusaur|Sludge Bomb|p2a: Vivillon
|-damage|p2a: Vivillon|0 fnt
|faint|p2a: Vivillon
|
|-heal|p1b: Kingambit|85/100|[from] item: Leftovers
|upkeep
|
|t:|1782324909
|switch|p2a: Raichu|Raichu-Mega-Y, L50, M|31/100
|turn|11
|
|t:|1782324920
|move|p1b: Kingambit|Protect||[still]
|-fail|p1b: Kingambit
|move|p2a: Raichu|Focus Blast|p1b: Kingambit
|-supereffective|p1b: Kingambit|2
|-damage|p1b: Kingambit|0 fnt
|faint|p1b: Kingambit
|move|p1a: Venusaur|Sludge Bomb|p2b: Farigiraf
|-damage|p2b: Farigiraf|20/100y
|-enditem|p2b: Farigiraf|Sitrus Berry|[eat]
|-heal|p2b: Farigiraf|45/100|[from] item: Sitrus Berry
|move|p2b: Farigiraf|Psyshock|p1a: Venusaur
|-supereffective|p1a: Venusaur|1
|-damage|p1a: Venusaur|51/100
|
|upkeep
|turn|12
|
|t:|1782324932
|move|p2a: Raichu|Zap Cannon|p1a: Venusaur
|-resisted|p1a: Venusaur|1
|-damage|p1a: Venusaur|21/100
|-status|p1a: Venusaur|par
|move|p2b: Farigiraf|Psyshock|p1a: Venusaur
|-supereffective|p1a: Venusaur|1
|-damage|p1a: Venusaur|0 fnt
|faint|p1a: Venusaur
|
|win|Professor_J93
|c|☆Professor_J93|gg
