|j|☆b1kope
|j|☆Daniw9
|html|b1kopeDaniw9    
|uhtml|bestof|Game 2 of a best-of-3
|t:|1756518140
|gametype|doubles
|player|p1|b1kope|2|1190
|player|p2|Daniw9|170|1168
|gen|9
|tier|[Gen 9] VGC 2025 Reg H (Bo3)
|rated|
|rule|Species Clause: Limit one of each Pokémon
|rule|Item Clause: Limit 1 of each item
|clearpoke
|poke|p1|Gholdengo, L50|
|poke|p1|Talonflame, L50, F|
|poke|p1|Dragapult, L50, M|
|poke|p1|Annihilape, L50, F|
|poke|p1|Baxcalibur, L50, M|
|poke|p1|Gastrodon, L50, F|
|poke|p2|Garchomp, L50, M|
|poke|p2|Tyranitar, L50, F|
|poke|p2|Delphox, L50, M|
|poke|p2|Indeedee-F, L50, F|
|poke|p2|Gallade, L50, M|
|poke|p2|Whimsicott, L50, M|
|teampreview|4
|showteam|p1|Gholdengo||ChoiceSpecs|GoodasGold|MakeItRain,ShadowBall,Thunderbolt,Trick||||||50|,,,,,Steel]Talonflame||FocusSash|GaleWings|BraveBird,Tailwind,Taunt,WillOWisp|||F|||50|,,,,,Ghost]Dragapult||ChoiceBand|ClearBody|DragonDarts,Outrage,Uturn,TeraBlast|||M|||50|,,,,,Ghost]Annihilape||Leftovers|Defiant|DrainPunch,RageFist,BulkUp,Protect|||F|||50|,,,,,Fire]Baxcalibur||LoadedDice|ThermalExchange|IcicleSpear,ScaleShot,IceShard,Protect|||M|||50|,,,,,Ice]Gastrodon||SitrusBerry|StormDrain|MuddyWater,Yawn,EarthPower,Protect|||F|||50|,,,,,Fire
|showteam|p2|Garchomp||LifeOrb|SandVeil|Earthquake,StompingTantrum,Protect,DragonClaw|||M|||50|,,,,,Steel]Tyranitar||AssaultVest|SandStream|RockSlide,TeraBlast,KnockOff,LowKick|||F|||50|,,,,,Flying]Delphox||PsychicSeed|Magician|ExpandingForce,HeatWave,TeraBlast,Protect|||M|||50|,,,,,Fairy]Indeedee-F||SafetyGoggles|PsychicSurge|DazzlingGleam,TrickRoom,FollowMe,HelpingHand|||F|||50|,,,,,Water]Gallade||ClearAmulet|Sharpness|SacredSword,PsychoCut,TrickRoom,Protect|||M|||50|,,,,,Grass]Whimsicott||CovertCloak|Prankster|Moonblast,Tailwind,Encore,Protect|||M|||50|,,,,,Ghost
|
|t:|1756518167
|teamsize|p1|4
|teamsize|p2|4
|start
|switch|p1a: Gholdengo|Gholdengo, L50|100/100
|switch|p1b: Talonflame|Talonflame, L50, F|100/100
|switch|p2a: Delphox|Delphox, L50, M|100/100
|switch|p2b: Indeedee|Indeedee-F, L50, F|100/100
|-fieldstart|move: Psychic Terrain|[from] ability: Psychic Surge|[of] p2b: Indeedee
|-enditem|p2a: Delphox|Psychic Seed
|-boost|p2a: Delphox|spd|1|[from] item: Psychic Seed
|turn|1
|
|t:|1756518180
|-terastallize|p2b: Indeedee|Water
|move|p1b: Talonflame|Taunt|p2b: Indeedee
|-start|p2b: Indeedee|move: Taunt
|move|p2a: Delphox|Heat Wave|p1b: Talonflame|[spread] p1a,p1b
|-supereffective|p1a: Gholdengo
|-resisted|p1b: Talonflame
|-damage|p1a: Gholdengo|29/100
|-damage|p1b: Talonflame|74/100
|-item|p2a: Delphox|Focus Sash|[from] ability: Magician|[of] p1b: Talonflame
|move|p1a: Gholdengo|Shadow Ball|p2a: Delphox
|-supereffective|p2a: Delphox
|-damage|p2a: Delphox|2/100
|cant|p2b: Indeedee|move: Taunt|Trick Room
|
|upkeep
|turn|2
|
|t:|1756518205
|switch|p2a: Tyranitar|Tyranitar, L50, F|100/100
|-weather|Sandstorm|[from] ability: Sand Stream|[of] p2a: Tyranitar
|move|p1b: Talonflame|Brave Bird|p2a: Tyranitar
|-resisted|p2a: Tyranitar
|-damage|p2a: Tyranitar|84/100
|-damage|p1b: Talonflame|67/100|[from] Recoil
|move|p1a: Gholdengo|Shadow Ball|p2b: Indeedee
|-damage|p2b: Indeedee|36/100
|move|p2b: Indeedee|Dazzling Gleam|p1a: Gholdengo|[spread] p1a,p1b
|-resisted|p1a: Gholdengo
|-resisted|p1b: Talonflame
|-damage|p1a: Gholdengo|21/100
|-damage|p1b: Talonflame|57/100
|
|-weather|Sandstorm|[upkeep]
|-damage|p1b: Talonflame|51/100|[from] Sandstorm
|upkeep
|turn|3
|
|t:|1756518233
|switch|p1a: Baxcalibur|Baxcalibur, L50, M|100/100
|switch|p2b: Delphox|Delphox, L50, M|2/100
|move|p1b: Talonflame|Will-O-Wisp|p2a: Tyranitar|[miss]
|-miss|p1b: Talonflame|p2a: Tyranitar
|move|p2a: Tyranitar|Rock Slide|p1a: Baxcalibur|[spread] p1a
|-miss|p2a: Tyranitar|p1b: Talonflame
|-supereffective|p1a: Baxcalibur
|-damage|p1a: Baxcalibur|39/100
|
|-weather|Sandstorm|[upkeep]
|-damage|p1b: Talonflame|46/100|[from] Sandstorm
|-damage|p2b: Delphox|0 fnt|[from] Sandstorm
|-damage|p1a: Baxcalibur|34/100|[from] Sandstorm
|faint|p2b: Delphox
|upkeep
|
|t:|1756518243
|switch|p2b: Gallade|Gallade, L50, M|100/100
|turn|4
|
|t:|1756518252
|-terastallize|p1a: Baxcalibur|Ice
|move|p2b: Gallade|Protect|p2b: Gallade
|-singleturn|p2b: Gallade|Protect
|move|p1b: Talonflame|Will-O-Wisp|p2a: Tyranitar
|-status|p2a: Tyranitar|brn
|move|p1a: Baxcalibur|Icicle Spear|p2b: Gallade
|-activate|p2b: Gallade|move: Protect
|move|p2a: Tyranitar|Rock Slide|p1a: Baxcalibur|[spread] p1a,p1b
|-supereffective|p1a: Baxcalibur
|-supereffective|p1b: Talonflame
|-damage|p1a: Baxcalibur|5/100
|-damage|p1b: Talonflame|0 fnt
|faint|p1b: Talonflame
|
|-weather|Sandstorm|[upkeep]
|-damage|p1a: Baxcalibur|0 fnt|[from] Sandstorm
|-damage|p2b: Gallade|95/100|[from] Sandstorm
|faint|p1a: Baxcalibur
|-damage|p2a: Tyranitar|79/100 brn|[from] brn
|upkeep
|
|t:|1756518260
|switch|p1b: Dragapult|Dragapult, L50, M|100/100
|switch|p1a: Gholdengo|Gholdengo, L50|21/100
|turn|5
|
|t:|1756518280
|move|p1b: Dragapult|Dragon Darts|p2b: Gallade
|-damage|p2b: Gallade|40/100
|-anim|p1b: Dragapult|Dragon Darts|p2a: Tyranitar
|-damage|p2a: Tyranitar|48/100 brn
|move|p1a: Gholdengo|Make It Rain|p2b: Gallade|[spread] p2a,p2b
|-supereffective|p2a: Tyranitar
|-damage|p2a: Tyranitar|0 fnt
|-damage|p2b: Gallade|0 fnt
|-unboost|p1a: Gholdengo|spa|1
|faint|p2a: Tyranitar
|faint|p2b: Gallade
|
|-weather|Sandstorm|[upkeep]
|-damage|p1b: Dragapult|94/100|[from] Sandstorm
|-fieldend|move: Psychic Terrain
|upkeep
|-message|Daniw9 forfeited.
|
|win|b1kope
|l|☆Daniw9
|player|p2|
||Daniw9 is ready for game 3.
||b1kope is ready for game 3.
|uhtml|next|Next: Game 3 of 3
|j|☆Daniw9
|player|p2|Daniw9|170|
