|j|☆JareMase
|j|☆kaiverychill
|html|JareMasekaiverychill    
|uhtml|bestof|Game 3 of a best-of-3
|t:|1786087343
|gametype|doubles
|player|p1|JareMase|265|1254
|player|p2|kaiverychill|169|1201
|gen|9
|tier|[Gen 9 Champions] VGC 2026 Reg M-B (Bo3)
|rated|
|rule|Species Clause: Limit one of each Pokémon
|rule|Item Clause: Limit 1 of each item
|clearpoke
|poke|p1|Scrafty, L50, M|
|poke|p1|Talonflame, L50, F|
|poke|p1|Glimmora, L50, M|
|poke|p1|Metagross, L50|
|poke|p1|Ninetales-Alola, L50, F|
|poke|p1|Farigiraf, L50, M|
|poke|p2|Tinkaton, L50, F|
|poke|p2|Floette-Eternal, L50, F|
|poke|p2|Delphox, L50, M|
|poke|p2|Talonflame, L50, M|
|poke|p2|Kleavor, L50, F|
|poke|p2|Kingambit, L50, F|
|teampreview|4
|showteam|p1|Scrafty||Scraftinite|Intimidate|CloseCombat,KnockOff,FakeOut,IcePunch|Adamant||M|||50|]Talonflame||SharpBeak|GaleWings|Protect,Tailwind,DualWingbeat,FlareBlitz|Jolly||F|||50|]Glimmora||FocusSash|ToxicDebris|SpikyShield,EarthPower,SludgeBomb,PowerGem|Modest||M|||50|]Metagross||Metagrossite|ClearBody|Protect,HardPress,PsychicFangs,StompingTantrum|Jolly|||||50|]Ninetales-Alola||NeverMeltIce|SnowWarning|Protect,Encore,FreezeDry,Blizzard|Timid||F|||50|]Farigiraf||SitrusBerry|ArmorTail|Protect,HelpingHand,Roar,Psychic|Bold||M|||50|
|showteam|p2|Tinkaton||OccaBerry|MoldBreaker|Protect,FakeOut,GigatonHammer,Feint|Adamant||F|||50|]Floette-Eternal||Floettite|FlowerVeil|Protect,DazzlingGleam,Moonblast,LightofRuin|Timid||F|||50|]Delphox||Delphoxite|Blaze|Protect,HeatWave,Psychic,Substitute|Timid||M|||50|]Talonflame||SharpBeak|GaleWings|BraveBird,Protect,QuickGuard,Tailwind|Adamant||M|||50|]Kleavor||FocusSash|Sharpness|XScissor,Protect,CloseCombat,StoneAxe|Jolly||F|||50|]Kingambit||LifeOrb|Defiant|Protect,KowtowCleave,SuckerPunch,SwordsDance|Adamant||F|||50|
|inactive|Battle timer is ON: inactive players will automatically lose when time's up. (requested by kaiverychill)
|
|t:|1786087373
|teamsize|p1|4
|teamsize|p2|4
|start
|switch|p1a: Talonflame|Talonflame, L50, F|100/100
|switch|p1b: Scrafty|Scrafty, L50, M|100/100
|switch|p2a: Floette|Floette-Eternal, L50, F|100/100
|switch|p2b: Tinkaton|Tinkaton, L50, F|100/100
|-ability|p2b: Tinkaton|Mold Breaker
|-ability|p1b: Scrafty|Intimidate|boost
|-unboost|p2a: Floette|atk|1
|-unboost|p2b: Tinkaton|atk|1
|turn|1
|inactive|kaiverychill has 30 seconds left.
|
|t:|1786087407
|switch|p1b: Glimmora|Glimmora, L50, M|100/100
|detailschange|p2a: Floette|Floette-Mega, L50, F
|-mega|p2a: Floette|Floette|Floettite
|-ability|p2a: Floette|Fairy Aura
|move|p2b: Tinkaton|Fake Out|p1b: Glimmora
|-resisted|p1b: Glimmora|1
|-damage|p1b: Glimmora|96/100
|-activate|p1b: Glimmora|ability: Toxic Debris
|-sidestart|p2: kaiverychill|move: Toxic Spikes
|move|p1a: Talonflame|Dual Wingbeat|p2a: Floette
|-damage|p2a: Floette|74/100
|-damage|p2a: Floette|46/100
|-hitcount|p2a: Floette|2
|move|p2a: Floette|Dazzling Gleam|p1a: Talonflame|[spread] p1a,p1b
|-resisted|p1a: Talonflame|1
|-resisted|p1b: Glimmora|1
|-crit|p1b: Glimmora
|-damage|p1a: Talonflame|66/100
|-damage|p1b: Glimmora|48/100
|
|upkeep
|turn|2
|
|t:|1786087431
|switch|p2a: Talonflame|Talonflame, L50, M|100/100
|move|p1b: Glimmora|Spiky Shield|p1b: Glimmora
|-singleturn|p1b: Glimmora|move: Protect
|move|p1a: Talonflame|Flare Blitz|p2b: Tinkaton
|-supereffective|p2b: Tinkaton|1
|-enditem|p2b: Tinkaton|Occa Berry|[eat]
|-enditem|p2b: Tinkaton|Occa Berry|[weaken]
|-damage|p2b: Tinkaton|52/100
|-damage|p1a: Talonflame|47/100|[from] Recoil
|move|p2b: Tinkaton|Gigaton Hammer|p1b: Glimmora
|-activate|p1b: Glimmora|move: Protect
|
|upkeep
|turn|3
|
|t:|1786087451
|move|p2a: Talonflame|Protect|p2a: Talonflame
|-singleturn|p2a: Talonflame|Protect
|move|p2b: Tinkaton|Protect|p2b: Tinkaton
|-singleturn|p2b: Tinkaton|Protect
|move|p1a: Talonflame|Tailwind|p1a: Talonflame
|-sidestart|p1: JareMase|move: Tailwind
|move|p1b: Glimmora|Sludge Bomb|p2a: Talonflame
|-activate|p2a: Talonflame|move: Protect
|
|upkeep
|turn|4
|
|t:|1786087462
|move|p2a: Talonflame|Tailwind|p2a: Talonflame
|-sidestart|p2: kaiverychill|move: Tailwind
|move|p1a: Talonflame|Flare Blitz|p2b: Tinkaton
|-supereffective|p2b: Tinkaton|1
|-damage|p2b: Tinkaton|0 fnt
|faint|p2b: Tinkaton
|-damage|p1a: Talonflame|26/100|[from] Recoil
|move|p1b: Glimmora|Sludge Bomb|p2a: Talonflame
|-damage|p2a: Talonflame|16/100
|-status|p2a: Talonflame|psn
|
|-damage|p2a: Talonflame|3/100 psn|[from] psn
|upkeep
|
|t:|1786087467
|switch|p2b: Kingambit|Kingambit, L50, F|100/100
|turn|5
|
|t:|1786087482
|move|p1a: Talonflame|Protect|p1a: Talonflame
|-singleturn|p1a: Talonflame|Protect
|move|p1b: Glimmora|Spiky Shield|p1b: Glimmora
|-singleturn|p1b: Glimmora|move: Protect
|move|p2a: Talonflame|Brave Bird|p1a: Talonflame
|-activate|p1a: Talonflame|move: Protect
|move|p2b: Kingambit|Swords Dance|p2b: Kingambit
|-boost|p2b: Kingambit|atk|2
|
|-damage|p2a: Talonflame|0 fnt|[from] psn
|faint|p2a: Talonflame
|upkeep
|
|t:|1786087487
|switch|p2a: Floette|Floette-Mega, L50, F|46/100
|-status|p2a: Floette|psn
|-ability|p2a: Floette|Fairy Aura
|turn|6
|
|t:|1786087499
|switch|p1b: Farigiraf|Farigiraf, L50, M|100/100
|move|p2b: Kingambit|Sucker Punch||[still]
|cant|p1b: Farigiraf|ability: Armor Tail|Sucker Punch|[of] p2b: Kingambit
|move|p1a: Talonflame|Flare Blitz|p2b: Kingambit
|-supereffective|p2b: Kingambit|1
|-damage|p2b: Kingambit|29/100
|-damage|p1a: Talonflame|0 fnt|[from] Recoil
|faint|p1a: Talonflame
|move|p2a: Floette|Moonblast|p1b: Farigiraf
|-damage|p1b: Farigiraf|33/100
|-enditem|p1b: Farigiraf|Sitrus Berry|[eat]
|-heal|p1b: Farigiraf|58/100|[from] item: Sitrus Berry
|
|-damage|p2a: Floette|34/100 psn|[from] psn
|-sideend|p1: JareMase|move: Tailwind
|upkeep
|
|t:|1786087508
|switch|p1a: Scrafty|Scrafty, L50, M|100/100
|-ability|p1a: Scrafty|Intimidate|boost
|-unboost|p2a: Floette|atk|1
|-unboost|p2b: Kingambit|atk|1
|-ability|p2b: Kingambit|Defiant|boost
|-boost|p2b: Kingambit|atk|2
|turn|7
|
|t:|1786087524
|move|p1a: Scrafty|Fake Out|p2b: Kingambit
|-resisted|p2b: Kingambit|1
|-damage|p2b: Kingambit|25/100
|move|p2a: Floette|Moonblast|p1a: Scrafty
|-supereffective|p1a: Scrafty|2
|-damage|p1a: Scrafty|0 fnt
|faint|p1a: Scrafty
|cant|p2b: Kingambit|flinch
|move|p1b: Farigiraf|Psychic|p2a: Floette
|-damage|p2a: Floette|4/100 psn
|
|-damage|p2a: Floette|0 fnt|[from] psn
|faint|p2a: Floette
|-sideend|p2: kaiverychill|move: Tailwind
|upkeep
|
|t:|1786087529
|switch|p1a: Glimmora|Glimmora, L50, M|48/100
|turn|8
|c|☆JareMase|gg
|
|t:|1786087540
|move|p1b: Farigiraf|Helping Hand|p1a: Glimmora
|-singleturn|p1a: Glimmora|Helping Hand|[of] p1b: Farigiraf
|move|p1a: Glimmora|Earth Power|p2b: Kingambit
|-supereffective|p2b: Kingambit|1
|-damage|p2b: Kingambit|0 fnt
|faint|p2b: Kingambit
|
|win|JareMase
|raw|JareMase's rating: 1254 → 1275(+21 for winning)
|raw|kaiverychill's rating: 1201 → 1180(-21 for losing)
|l|☆kaiverychill
|player|p2|
