|j|☆Vitaaum1
|j|☆cal_cvgcl
|html|Vitaaum1cal_cvgcl    
|uhtml|bestof|Game 3 of a best-of-3
|t:|1756406829
|gametype|doubles
|player|p1|Vitaaum1|169|1099
|player|p2|cal_cvgcl|169|1142
|gen|9
|tier|[Gen 9] VGC 2025 Reg H (Bo3)
|rated|
|rule|Species Clause: Limit one of each Pokémon
|rule|Item Clause: Limit 1 of each item
|clearpoke
|poke|p1|Espeon, L50, F|
|poke|p1|Indeedee-F, L50, F|
|poke|p1|Whimsicott, L50, F|
|poke|p1|Torkoal, L50, M|
|poke|p1|Kommo-o, L50, M|
|poke|p1|Incineroar, L50, F|
|poke|p2|Gholdengo, L50|
|poke|p2|Amoonguss, L50, M|
|poke|p2|Basculegion, L50, M|
|poke|p2|Pelipper, L50, M|
|poke|p2|Incineroar, L50, F|
|poke|p2|Archaludon, L50, F|
|teampreview|4
|showteam|p1|Espeon||FocusSash|MagicBounce|ExpandingForce,TeraBlast,WeatherBall,Protect|||F|||50|,,,,,Fighting]Indeedee-F||RockyHelmet|PsychicSurge|DazzlingGleam,FollowMe,HelpingHand,TrickRoom|||F|||50|,,,,,Fairy]Whimsicott||CovertCloak|Prankster|Moonblast,Tailwind,Taunt,SunnyDay|||F|||50|,,,,,Ghost]Torkoal||Charcoal|Drought|Eruption,HeatWave,EarthPower,Protect|||M|||50|,,,,,Fire]Kommo-o||Leftovers|Overcoat|Flamethrower,ClangorousSoul,BodyPress,Protect|||M|||50|,,,,,Fairy]Incineroar||SitrusBerry|Intimidate|KnockOff,FlareBlitz,PartingShot,FakeOut|||F|||50|,,,,,Grass
|showteam|p2|Gholdengo||LifeOrb|GoodasGold|MakeItRain,ShadowBall,NastyPlot,Protect||||||50|,,,,,Water]Amoonguss||SitrusBerry|Regenerator|Spore,RagePowder,PollenPuff,Protect|||M|||50|,,,,,Psychic]Basculegion||ChoiceBand|SwiftSwim|WaveCrash,FlipTurn,LastRespects,AquaJet|||M|||50|,,,,,Water]Pelipper||FocusSash|Drizzle|WeatherBall,Hurricane,Tailwind,Protect|||M|||50|,,,,,Ground]Incineroar||SafetyGoggles|Intimidate|FlareBlitz,KnockOff,PartingShot,FakeOut|||F|||50|,,,,,Ghost]Archaludon||AssaultVest|Stamina|ElectroShot,FlashCannon,DracoMeteor,BodyPress|||F|||50|,,,,,Bug
|inactive|Battle timer is ON: inactive players will automatically lose when time's up. (requested by cal_cvgcl)
|
|t:|1756406855
|teamsize|p1|4
|teamsize|p2|4
|start
|switch|p1a: Nova|Espeon, L50, F|100/100
|switch|p1b: Indeedee|Indeedee-F, L50, F|100/100
|switch|p2a: Basculegion|Basculegion, L50, M|100/100
|switch|p2b: Archaludon|Archaludon, L50, F|100/100
|-fieldstart|move: Psychic Terrain|[from] ability: Psychic Surge|[of] p1b: Indeedee
|turn|1
|inactive|Vitaaum1 has 30 seconds left.
|
|t:|1756406882
|move|p1b: Indeedee|Helping Hand|p1a: Nova
|-singleturn|p1a: Nova|Helping Hand|[of] p1b: Indeedee
|move|p1a: Nova|Expanding Force|p2b: Archaludon|[spread] p2a,p2b
|-resisted|p2b: Archaludon
|-damage|p2a: Basculegion|0 fnt
|-damage|p2b: Archaludon|69/100
|-ability|p2b: Archaludon|Stamina|boost
|-boost|p2b: Archaludon|def|1
|faint|p2a: Basculegion
|move|p2b: Archaludon|Electro Shot||[still]
|-prepare|p2b: Archaludon|Electro Shot
|-boost|p2b: Archaludon|spa|1
|
|upkeep
|
|t:|1756406888
|switch|p2a: Incineroar|Incineroar, L50, F|100/100
|-ability|p2a: Incineroar|Intimidate|boost
|-unboost|p1a: Nova|atk|1
|-unboost|p1b: Indeedee|atk|1
|turn|2
|inactive|Vitaaum1 has 30 seconds left.
|
|t:|1756406919
|-terastallize|p1a: Nova|Fighting
|move|p1b: Indeedee|Helping Hand|p1a: Nova
|-singleturn|p1a: Nova|Helping Hand|[of] p1b: Indeedee
|move|p1a: Nova|Tera Blast|p2a: Incineroar|[anim] Tera Blast Fighting
|-supereffective|p2a: Incineroar
|-damage|p2a: Incineroar|0 fnt
|faint|p2a: Incineroar
|move|p2b: Archaludon|Electro Shot|p1a: Nova|[from] lockedmove
|-damage|p1a: Nova|13/100
|
|upkeep
|
|t:|1756406926
|switch|p2a: Pelipper|Pelipper, L50, M|100/100
|-weather|RainDance|[from] ability: Drizzle|[of] p2a: Pelipper
|turn|3
|
|t:|1756406944
|-terastallize|p2b: Archaludon|Bug
|move|p1b: Indeedee|Follow Me|p1b: Indeedee
|-singleturn|p1b: Indeedee|move: Follow Me
|move|p1a: Nova|Expanding Force|p2a: Pelipper|[spread] p2a,p2b
|-enditem|p2a: Pelipper|Focus Sash
|-damage|p2a: Pelipper|1/100
|-damage|p2b: Archaludon|26/100
|-ability|p2b: Archaludon|Stamina|boost
|-boost|p2b: Archaludon|def|1
|move|p2b: Archaludon|Body Press|p1b: Indeedee
|-damage|p1b: Indeedee|50/100
|-damage|p2b: Archaludon|10/100|[from] item: Rocky Helmet|[of] p1b: Indeedee
|move|p2a: Pelipper|Tailwind|p2a: Pelipper
|-sidestart|p2: cal_cvgcl|move: Tailwind
|
|-weather|RainDance|[upkeep]
|upkeep
|turn|4
|
|t:|1756406965
|move|p1a: Nova|Protect|p1a: Nova
|-singleturn|p1a: Nova|Protect
|move|p2b: Archaludon|Flash Cannon|p1a: Nova
|-activate|p1a: Nova|move: Protect
|move|p2a: Pelipper|Weather Ball|p1b: Indeedee
|-damage|p1b: Indeedee|0 fnt
|faint|p1b: Indeedee
|
|-weather|RainDance|[upkeep]
|upkeep
|
|t:|1756406973
|switch|p1b: Whimsicott|Whimsicott, L50, F|100/100
|turn|5
|
|t:|1756406980
|move|p1b: Whimsicott|Tailwind|p1b: Whimsicott
|-sidestart|p1: Vitaaum1|move: Tailwind
|move|p1a: Nova|Expanding Force|p2b: Archaludon|[spread] p2a,p2b
|-damage|p2a: Pelipper|0 fnt
|-damage|p2b: Archaludon|0 fnt
|faint|p2a: Pelipper
|faint|p2b: Archaludon
|
|win|Vitaaum1
|raw|Vitaaum1's rating: 1099 → 1127(+28 for winning)
|raw|cal_cvgcl's rating: 1142 → 1114(-28 for losing)
|l|☆Vitaaum1
|player|p1|
