|j|鈽咶wBug_Arsenal
|j|鈽唅cemanwasfire
|html|FwBug_Arsenalicemanwasfire    
|uhtml|bestof|Game 1 of a best-of-3
|t:|1782277689
|gametype|doubles
|player|p1|FwBug_Arsenal|2|
|player|p2|icemanwasfire|maid|
|gen|9
|tier|[Gen 9 Champions] VGC 2026 Reg M-B (Bo3)
|rule|Species Clause: Limit one of each Pok茅mon
|rule|Item Clause: Limit 1 of each item
|clearpoke
|poke|p1|Ampharos, L50, M|
|poke|p1|Excadrill, L50, M|
|poke|p1|Raichu, L50, F|
|poke|p1|Azumarill, L50, M|
|poke|p1|Venusaur, L50, F|
|poke|p1|Armarouge, L50, M|
|poke|p2|Ceruledge, L50, F|
|poke|p2|Meowscarada, L50, M|
|poke|p2|Empoleon, L50, F, shiny|
|poke|p2|Glimmora, L50, M|
|poke|p2|Corviknight, L50, F, shiny|
|poke|p2|Forretress, L50, F|
|teampreview|4
|showteam|p1|Ampharos||Ampharosite|Static|RisingVoltage,DragonPulse,Protect,ParabolicCharge|Modest||M|||50|]Excadrill||Leftovers|SandForce|HighHorsepower,IronHead,Protect,RockSlide|Adamant||M|||50|]Raichu||IronBall|LightningRod|FakeOut,ElectricTerrain,VoltSwitch,Protect|Relaxed||F|||50|]Azumarill||WacanBerry|HugePower|Liquidation,PlayRough,Protect,HelpingHand|Adamant||M|||50|]Venusaur||Venusaurite|Chlorophyll|EarthPower,GigaDrain,SludgeBomb,Protect|Modest||F|||50|]Armarouge||FocusSash|FlashFire|HeatWave,Psychic,Protect,TrickRoom|Modest||M|||50|
|showteam|p2|Ceruledge||Charcoal|WeakArmor|BitterBlade,BulkUp,CloseCombat,QuickGuard|Jolly||F|||50|]Meowscarada||FocusSash|Protean|FlowerTrick,TrickRoom,PowerGem,Uturn|Jolly||M|||50|]Empoleon||ShellBell|Competitive|FlashCannon,Roar,Surf,IceBeam|Modest||F|||50|]Glimmora||Glimmoranite|ToxicDebris|SludgeWave,PowerGem,Reflect,Protect|Timid||M|||50|]Corviknight||Leftovers|MirrorArmor|Tailwind,FakeTears,DualWingbeat,IronDefense|Careful||F|||50|]Forretress||WhiteHerb|Sturdy|Substitute,GyroBall,EarthPower,VoltSwitch|Relaxed||F|||50|
|inactive|Battle timer is ON: inactive players will automatically lose when time's up. (requested by icemanwasfire)
|j| Reeeeeen
|c| Reeeeeen|Yuya you are TRASH
|
|t:|1782277755
|teamsize|p1|4
|teamsize|p2|4
|start
|switch|p1a: Blood Vessel|Armarouge, L50, M|100/100
|switch|p1b: Raichu|Raichu, L50, F|100/100
|switch|p2a: lolz|Corviknight, L50, F, shiny|100/100
|switch|p2b: Forretress|Forretress, L50, F|100/100
|turn|1
|l| Reeeeeen
|
|t:|1782277770
|move|p1b: Raichu|Fake Out|p2a: lolz
|-resisted|p2a: lolz|1
|-damage|p2a: lolz|96/100
|move|p1a: Blood Vessel|Heat Wave|p2a: lolz|[spread] p2a
|-miss|p1a: Blood Vessel|p2b: Forretress
|-supereffective|p2a: lolz|1
|-damage|p2a: lolz|37/100
|cant|p2a: lolz|flinch
|move|p2b: Forretress|Earth Power|p1b: Raichu
|-supereffective|p1b: Raichu|1
|-damage|p1b: Raichu|62/100
|
|-heal|p2a: lolz|42/100|[from] item: Leftovers
|upkeep
|turn|2
|
|t:|1782277789
|move|p1b: Raichu|Protect|p1b: Raichu
|-singleturn|p1b: Raichu|Protect
|move|p1a: Blood Vessel|Heat Wave|p2b: Forretress|[spread] p2a,p2b
|-supereffective|p2a: lolz|1
|-supereffective|p2b: Forretress|2
|-damage|p2a: lolz|0 fnt
|-ability|p2b: Forretress|Sturdy
|-damage|p2b: Forretress|1/100
|-status|p2b: Forretress|brn
|faint|p2a: lolz
|move|p2b: Forretress|Substitute|p2b: Forretress
|-fail|p2b: Forretress|move: Substitute|[weak]
|
|-damage|p2b: Forretress|0 fnt|[from] brn
|faint|p2b: Forretress
|upkeep
|
|t:|1782277802
|switch|p2a: denji|Empoleon, L50, F, shiny|100/100
|switch|p2b: yuya|Meowscarada, L50, M|100/100
|turn|3
|j| Reeeeeen
|c| Reeeeeen|HOLY BELT
|
|t:|1782277824
|move|p2a: denji|Surf|p1b: Raichu|[spread] p2b,p1a,p1b
|-resisted|p2b: yuya|1
|-supereffective|p1a: Blood Vessel|1
|-damage|p2b: yuya|71/100
|-damage|p1a: Blood Vessel|23/100
|-damage|p1b: Raichu|17/100
|move|p1b: Raichu|Electric Terrain|p1b: Raichu
|-fieldstart|move: Electric Terrain
|move|p2b: yuya|Trick Room|p2b: yuya
|-start|p2b: yuya|typechange|Psychic|[from] ability: Protean
|-fieldstart|move: Trick Room|[of] p2b: yuya
|move|p1a: Blood Vessel|Trick Room|p1a: Blood Vessel
|-fieldend|move: Trick Room
|
|upkeep
|turn|4
|c|鈽唅cemanwasfire|arsenal honestly has the  best team agaisnt me bro
|inactive|icemanwasfire has 30 seconds left.
|
|t:|1782277851
|move|p2b: yuya|Power Gem|p1a: Blood Vessel
|-supereffective|p1a: Blood Vessel|1
|-damage|p1a: Blood Vessel|0 fnt
|faint|p1a: Blood Vessel
|move|p2a: denji|Surf|p1b: Raichu|[spread] p2b,p1b
|-crit|p2b: yuya
|-damage|p2b: yuya|0 fnt
|-damage|p1b: Raichu|0 fnt
|faint|p2b: yuya
|faint|p1b: Raichu
|
|upkeep
|c| Reeeeeen|Cmon ugly
|
|t:|1782277858
|switch|p1b: Excadrill|Excadrill, L50, M|100/100
|switch|p1a: Hoei|Ampharos, L50, M|100/100
|turn|5
|c| Reeeeeen|cheer up
|c| Reeeeeen|you got it
|c|鈽唅cemanwasfire|wait i could have
|c|鈽唅cemanwasfire|bro
|
|t:|1782277871
|detailschange|p1a: Hoei|Ampharos-Mega, L50, M
|-mega|p1a: Hoei|Ampharos|Ampharosite
|-ability|p1a: Hoei|Mold Breaker
|move|p1b: Excadrill|Protect|p1b: Excadrill
|-singleturn|p1b: Excadrill|Protect
|move|p2a: denji|Surf|p1b: Excadrill|[spread] p1a
|-activate|p1b: Excadrill|move: Protect
|-resisted|p1a: Hoei|1
|-damage|p1a: Hoei|84/100
|move|p1a: Hoei|Rising Voltage|p2a: denji
|-hint|Rising Voltage's BP doubled on grounded target.
|-supereffective|p2a: denji|1
|-damage|p2a: denji|0 fnt
|faint|p2a: denji
|
|win|FwBug_Arsenal
|c|鈽唅cemanwasfire|i am a idiot
||icemanwasfire is ready for game 2.
|inactive|FwBug_Arsenal has 30 seconds to confirm battle start!
