|j|☆Er Yayo
|j|☆Gi1796
|html|Er YayoGi1796    
|uhtml|bestof|Game 1 of a best-of-3
|t:|1756848598
|gametype|doubles
|player|p1|Er Yayo|170|1214
|player|p2|Gi1796|266|1223
|gen|9
|tier|[Gen 9] VGC 2025 Reg H (Bo3)
|rated|
|rule|Species Clause: Limit one of each Pokémon
|rule|Item Clause: Limit 1 of each item
|clearpoke
|poke|p1|Porygon2, L50|
|poke|p1|Charizard, L50, F|
|poke|p1|Jumpluff, L50, F|
|poke|p1|Torkoal, L50, F|
|poke|p1|Ursaluna, L50, M|
|poke|p1|Incineroar, L50, F|
|poke|p2|Sneasler, L50, F|
|poke|p2|Indeedee, L50, M|
|poke|p2|Annihilape, L50, F|
|poke|p2|Tyranitar, L50, M|
|poke|p2|Excadrill, L50, M|
|poke|p2|Corviknight, L50, M|
|teampreview|4
|showteam|p1|Porygon2||Eviolite|Download|TeraBlast,IceBeam,TrickRoom,Recover||||||50|,,,,,Fighting]Charizard||ChoiceSpecs|SolarPower|HeatWave,Overheat,WeatherBall,AirSlash|||F|||50|,,,,,Ghost]Jumpluff||CovertCloak|Chlorophyll|Tailwind,SleepPowder,SunnyDay,RagePowder|||F|||50|,,,,,Dark]Torkoal||EjectPack|Drought|Eruption,Overheat,HelpingHand,Protect|||F|||50|,,,,,Fire]Ursaluna||FlameOrb|Guts|Facade,HeadlongRush,Earthquake,Protect|||M|||50|,,,,,Ghost]Incineroar||SitrusBerry|Intimidate|FlareBlitz,KnockOff,PartingShot,FakeOut|||F|||50|,,,,,Ghost
|showteam|p2|Sneasler||PsychicSeed|Unburden|CloseCombat,DireClaw,ThroatChop,Protect|||F|||50|,,,,,Dark]Indeedee||ChoiceScarf|PsychicSurge|ExpandingForce,TeraBlast,Trick,DazzlingGleam|||M|||50|,,,,,Psychic]Annihilape||SafetyGoggles|Defiant|CloseCombat,RageFist,Taunt,FinalGambit|||F|||50|,,,,,Water]Tyranitar||AssaultVest|SandStream|RockSlide,KnockOff,TeraBlast,LowKick|||M|||50|,,,,,Flying]Excadrill||FocusSash|SandRush|HighHorsepower,Earthquake,IronHead,Protect|||M|||50|,,,,,Stellar]Corviknight||Leftovers|MirrorArmor|BraveBird,BulkUp,Tailwind,Roost|||M|||50|,,,,,Dragon
|inactive|Battle timer is ON: inactive players will automatically lose when time's up. (requested by Gi1796)
|inactive|Gi1796 has 60 seconds left.
|inactive|Gi1796 has 30 seconds left.
|
|t:|1756848665
|teamsize|p1|4
|teamsize|p2|4
|start
|switch|p1a: Porygon2|Porygon2, L50|100/100
|switch|p1b: Jumpluff|Jumpluff, L50, F|100/100
|switch|p2a: Annihilape|Annihilape, L50, F|100/100
|switch|p2b: Indeedee|Indeedee, L50, M|100/100
|-fieldstart|move: Psychic Terrain|[from] ability: Psychic Surge|[of] p2b: Indeedee
|-ability|p1a: Porygon2|Download|boost
|-boost|p1a: Porygon2|atk|1
|turn|1
|inactive|Er Yayo has 30 seconds left.
|inactive|Gi1796 has 30 seconds left.
|inactive|Er Yayo has 20 seconds left.
|
|t:|1756848704
|switch|p1a: Torkoal|Torkoal, L50, F|100/100
|-weather|SunnyDay|[from] ability: Drought|[of] p1a: Torkoal
|move|p1b: Jumpluff|Sleep Powder|p2b: Indeedee
|-status|p2b: Indeedee|slp|[from] move: Sleep Powder
|cant|p2b: Indeedee|slp
|move|p2a: Annihilape|Close Combat|p1a: Torkoal
|-damage|p1a: Torkoal|65/100
|-unboost|p2a: Annihilape|def|1
|-unboost|p2a: Annihilape|spd|1
|
|-weather|SunnyDay|[upkeep]
|upkeep
|turn|2
|inactive|Gi1796 has 30 seconds left.
|
|t:|1756848734
|-terastallize|p2a: Annihilape|Water
|move|p1b: Jumpluff|Rage Powder|p1b: Jumpluff
|-singleturn|p1b: Jumpluff|move: Rage Powder
|cant|p2b: Indeedee|slp
|move|p2a: Annihilape|Taunt|p1b: Jumpluff
|-start|p1b: Jumpluff|move: Taunt
|move|p1a: Torkoal|Overheat|p2b: Indeedee
|-damage|p2b: Indeedee|0 fnt
|-unboost|p1a: Torkoal|spa|2
|faint|p2b: Indeedee
|-enditem|p1a: Torkoal|Eject Pack
|
|t:|1756848746
|switch|p1a: Porygon2|Porygon2, L50|100/100
|-ability|p1a: Porygon2|Download|boost
|-boost|p1a: Porygon2|atk|1
|
|-weather|SunnyDay|[upkeep]
|upkeep
|
|t:|1756848753
|switch|p2b: Sneasler|Sneasler, L50, F|100/100
|-enditem|p2b: Sneasler|Psychic Seed
|-boost|p2b: Sneasler|spd|1|[from] item: Psychic Seed
|turn|3
|inactive|Er Yayo has 30 seconds left.
|inactive|Gi1796 has 30 seconds left.
|
|t:|1756848783
|switch|p1b: Torkoal|Torkoal, L50, F|65/100
|-terastallize|p1a: Porygon2|Fighting
|move|p2b: Sneasler|Dire Claw|p1b: Torkoal
|-damage|p1b: Torkoal|27/100
|-status|p1b: Torkoal|par
|move|p2a: Annihilape|Final Gambit|p1a: Porygon2
|-damage|p1a: Porygon2|0 fnt
|faint|p2a: Annihilape
|faint|p1a: Porygon2
|
|-weather|SunnyDay|[upkeep]
|upkeep
|
|t:|1756848796
|switch|p2a: Tyranitar|Tyranitar, L50, M|100/100
|switch|p1a: Jumpluff|Jumpluff, L50, F|100/100
|-weather|Sandstorm|[from] ability: Sand Stream|[of] p2a: Tyranitar
|turn|4
|
|t:|1756848813
|move|p2b: Sneasler|Dire Claw|p1a: Jumpluff
|-supereffective|p1a: Jumpluff
|-damage|p1a: Jumpluff|0 fnt
|faint|p1a: Jumpluff
|move|p2a: Tyranitar|Rock Slide|p1b: Torkoal|[miss]
|-miss|p2a: Tyranitar|p1b: Torkoal
|move|p1b: Torkoal|Overheat|p2b: Sneasler|[miss]
|-miss|p1b: Torkoal|p2b: Sneasler
|
|-weather|Sandstorm|[upkeep]
|-damage|p2b: Sneasler|95/100|[from] Sandstorm
|-damage|p1b: Torkoal|21/100 par|[from] Sandstorm
|upkeep
|
|t:|1756848824
|switch|p1a: Ursaluna|Ursaluna, L50, M|100/100
|turn|5
|
|t:|1756848840
|move|p1a: Ursaluna|Protect|p1a: Ursaluna
|-singleturn|p1a: Ursaluna|Protect
|move|p2b: Sneasler|Close Combat|p1a: Ursaluna
|-activate|p1a: Ursaluna|move: Protect
|move|p2a: Tyranitar|Rock Slide|p1a: Ursaluna|[spread] p1b
|-activate|p1a: Ursaluna|move: Protect
|-supereffective|p1b: Torkoal
|-damage|p1b: Torkoal|0 fnt
|faint|p1b: Torkoal
|
|-weather|Sandstorm|[upkeep]
|-damage|p2b: Sneasler|89/100|[from] Sandstorm
|-fieldend|move: Psychic Terrain
|-status|p1a: Ursaluna|brn|[from] item: Flame Orb
|upkeep
|turn|6
|
|t:|1756848857
|move|p2b: Sneasler|Close Combat|p1a: Ursaluna
|-supereffective|p1a: Ursaluna
|-damage|p1a: Ursaluna|0 fnt
|-unboost|p2b: Sneasler|def|1
|-unboost|p2b: Sneasler|spd|1
|faint|p1a: Ursaluna
|
|win|Gi1796
||Gi1796 is ready for game 2.
|l|☆Er Yayo
|player|p1|
||Er Yayo is ready for game 2.
|uhtml|next|Next: Game 2 of 3
