|j|☆test220102
|j|☆viatles
|html|test220102viatles    
|uhtml|bestof|Game 2 of a best-of-3
|t:|1757017316
|gametype|doubles
|player|p1|test220102|102|1115
|player|p2|viatles|hiker|1087
|gen|9
|tier|[Gen 9] VGC 2025 Reg H (Bo3)
|rated|
|rule|Species Clause: Limit one of each Pokémon
|rule|Item Clause: Limit 1 of each item
|clearpoke
|poke|p1|Volcarona, L50, M|
|poke|p1|Rillaboom, L50, F|
|poke|p1|Milotic, L50, M|
|poke|p1|Electabuzz, L50, M|
|poke|p1|Murkrow, L50, F|
|poke|p1|Dragapult, L50, M|
|poke|p2|Serperior, L50, M|
|poke|p2|Grimmsnarl, L50, M|
|poke|p2|Empoleon, L50, F|
|poke|p2|Garchomp, L50, M|
|poke|p2|Araquanid, L50, F|
|poke|p2|Garganacl, L50, M|
|teampreview|4
|showteam|p1|Volcarona||GrassySeed|FlameBody|Protect,QuiverDance,Flamethrower,GigaDrain|||M|||50|,,,,,Grass]Rillaboom||AssaultVest|GrassySurge|FakeOut,Uturn,GrassyGlide,WoodHammer|||F|||50|,,,,,Ghost]Milotic||SitrusBerry|Competitive|Protect,Haze,Imprison,Scald|||M|||50|,,,,,Dragon]Electabuzz||Eviolite|VitalSpirit|Protect,FollowMe,Taunt,Thunderbolt|||M|||50|,,,,,Flying]Murkrow||CovertCloak|Prankster|Tailwind,Taunt,BraveBird,SunnyDay|||F|||50|,,,,,Dragon]Dragapult||ChoiceBand|ClearBody|Uturn,DragonDarts,Outrage,TeraBlast|||M|||50|,,,,,Ghost
|showteam|p2|Serperior||CovertCloak|Contrary|Protect,LeafStorm,TeraBlast,GrassPledge|||M|||50|,,,,,Stellar]Grimmsnarl||LightClay|Prankster|LightScreen,Reflect,SpiritBreak,ThunderWave|||M|||50|,,,,,Ghost]Empoleon||ChopleBerry|Competitive|WaterPledge,FlashCannon,Haze,Protect|||F|||50|,,,,,Grass]Garchomp||LoadedDice|RoughSkin|ScaleShot,Earthquake,IronHead,Protect|||M|||50|,,,,,Steel]Araquanid||SafetyGoggles|WaterBubble|WideGuard,Protect,Liquidation,Infestation|||F|||50|,,,,,Grass]Garganacl||Leftovers|PurifyingSalt|SaltCure,Recover,Protect,ThunderPunch|||M|||50|,,,,,Water
|inactive|Battle timer is ON: inactive players will automatically lose when time's up. (requested by test220102)
|
|t:|1757017332
|teamsize|p1|4
|teamsize|p2|4
|start
|switch|p1a: Volcarona|Volcarona, L50, M|100/100
|switch|p1b: Electabuzz|Electabuzz, L50, M|100/100
|switch|p2a: Grimmsnarl|Grimmsnarl, L50, M|100/100
|switch|p2b: Garchomp|Garchomp, L50, M|100/100
|turn|1
|inactive|test220102 has 30 seconds left.
|
|t:|1757017359
|move|p2a: Grimmsnarl|Light Screen|p2a: Grimmsnarl
|-sidestart|p2: viatles|move: Light Screen
|move|p2b: Garchomp|Scale Shot|p1b: Electabuzz
|-damage|p1b: Electabuzz|88/100
|-damage|p1b: Electabuzz|77/100
|-damage|p1b: Electabuzz|64/100
|-damage|p1b: Electabuzz|52/100
|-hitcount|p1b: Electabuzz|4
|-unboost|p2b: Garchomp|def|1
|-boost|p2b: Garchomp|spe|1
|move|p1b: Electabuzz|Taunt|p2a: Grimmsnarl
|-start|p2a: Grimmsnarl|move: Taunt
|move|p1a: Volcarona|Quiver Dance|p1a: Volcarona
|-boost|p1a: Volcarona|spa|1
|-boost|p1a: Volcarona|spd|1
|-boost|p1a: Volcarona|spe|1
|
|upkeep
|turn|2
|
|t:|1757017379
|switch|p1b: Rillaboom|Rillaboom, L50, F|100/100
|-fieldstart|move: Grassy Terrain|[from] ability: Grassy Surge|[of] p1b: Rillaboom
|-enditem|p1a: Volcarona|Grassy Seed
|-boost|p1a: Volcarona|def|1|[from] item: Grassy Seed
|switch|p2a: Empoleon|Empoleon, L50, F|100/100
|move|p2b: Garchomp|Scale Shot|p1b: Rillaboom
|-damage|p1b: Rillaboom|88/100
|-damage|p1b: Rillaboom|77/100
|-damage|p1b: Rillaboom|65/100
|-damage|p1b: Rillaboom|53/100
|-damage|p1b: Rillaboom|42/100
|-hitcount|p1b: Rillaboom|5
|-unboost|p2b: Garchomp|def|1
|-boost|p2b: Garchomp|spe|1
|move|p1a: Volcarona|Quiver Dance|p1a: Volcarona
|-boost|p1a: Volcarona|spa|1
|-boost|p1a: Volcarona|spd|1
|-boost|p1a: Volcarona|spe|1
|
|-heal|p1b: Rillaboom|48/100|[from] Grassy Terrain
|upkeep
|turn|3
|inactive|test220102 has 30 seconds left.
|inactive|viatles has 30 seconds left.
|
|t:|1757017409
|move|p2b: Garchomp|Protect|p2b: Garchomp
|-singleturn|p2b: Garchomp|Protect
|move|p2a: Empoleon|Protect|p2a: Empoleon
|-singleturn|p2a: Empoleon|Protect
|move|p1b: Rillaboom|Fake Out|p2a: Empoleon
|-activate|p2a: Empoleon|move: Protect
|move|p1a: Volcarona|Quiver Dance|p1a: Volcarona
|-boost|p1a: Volcarona|spa|1
|-boost|p1a: Volcarona|spd|1
|-boost|p1a: Volcarona|spe|1
|
|-heal|p1b: Rillaboom|54/100|[from] Grassy Terrain
|upkeep
|turn|4
|
|t:|1757017433
|-terastallize|p2a: Empoleon|Grass
|move|p1a: Volcarona|Flamethrower|p2a: Empoleon
|-supereffective|p2a: Empoleon
|-damage|p2a: Empoleon|0 fnt
|faint|p2a: Empoleon
|move|p2b: Garchomp|Scale Shot|p1b: Rillaboom
|-damage|p1b: Rillaboom|42/100
|-damage|p1b: Rillaboom|30/100
|-damage|p1b: Rillaboom|17/100
|-damage|p1b: Rillaboom|6/100
|-hitcount|p1b: Rillaboom|4
|-unboost|p2b: Garchomp|def|1
|-boost|p2b: Garchomp|spe|1
|move|p1b: Rillaboom|Wood Hammer|p2b: Garchomp
|-damage|p2b: Garchomp|0 fnt
|-damage|p1b: Rillaboom|0 fnt|[from] ability: Rough Skin|[of] p2b: Garchomp
|faint|p2b: Garchomp
|faint|p1b: Rillaboom
|
|upkeep
|
|t:|1757017452
|switch|p2b: Serperior|Serperior, L50, M|100/100
|switch|p1b: Electabuzz|Electabuzz, L50, M|52/100
|switch|p2a: Grimmsnarl|Grimmsnarl, L50, M|100/100
|turn|5
|c|☆viatles|gg
|
|t:|1757017469
|move|p1b: Electabuzz|Follow Me|p1b: Electabuzz
|-singleturn|p1b: Electabuzz|move: Follow Me
|move|p1a: Volcarona|Giga Drain|p2a: Grimmsnarl
|-damage|p2a: Grimmsnarl|39/100
|move|p2b: Serperior|Leaf Storm|p1b: Electabuzz
|-damage|p1b: Electabuzz|0 fnt
|-boost|p2b: Serperior|spa|2
|faint|p1b: Electabuzz
|move|p2a: Grimmsnarl|Spirit Break|p1a: Volcarona
|-resisted|p1a: Volcarona
|-damage|p1a: Volcarona|87/100
|-unboost|p1a: Volcarona|spa|1
|-status|p2a: Grimmsnarl|brn|[from] ability: Flame Body|[of] p1a: Volcarona
|
|-heal|p1a: Volcarona|93/100|[from] Grassy Terrain
|-heal|p2a: Grimmsnarl|45/100 brn|[from] Grassy Terrain
|-damage|p2a: Grimmsnarl|39/100 brn|[from] brn
|upkeep
|c|☆test220102|ggwp
|
|t:|1757017477
|switch|p1b: Dragapult|Dragapult, L50, M|100/100
|turn|6
|
|t:|1757017495
|-terastallize|p1b: Dragapult|Ghost
|move|p1a: Volcarona|Protect|p1a: Volcarona
|-singleturn|p1a: Volcarona|Protect
|move|p2a: Grimmsnarl|Thunder Wave|p1b: Dragapult
|-status|p1b: Dragapult|par
|move|p2b: Serperior|Leaf Storm|p1a: Volcarona
|-activate|p1a: Volcarona|move: Protect
|move|p1b: Dragapult|Tera Blast|p2a: Grimmsnarl|[anim] Tera Blast Ghost
|-resisted|p2a: Grimmsnarl
|-damage|p2a: Grimmsnarl|0 fnt
|faint|p2a: Grimmsnarl
|
|-heal|p1a: Volcarona|99/100|[from] Grassy Terrain
|-fieldend|move: Grassy Terrain
|upkeep
|turn|7
|
|t:|1757017512
|move|p1a: Volcarona|Flamethrower|p2b: Serperior
|-supereffective|p2b: Serperior
|-damage|p2b: Serperior|0 fnt
|faint|p2b: Serperior
|
|win|test220102
|raw|test220102's rating: 1115 → 1138(+23 for winning)
|raw|viatles's rating: 1087 → 1066(-21 for losing)
|c|☆viatles|gg
|l|☆test220102
|player|p1|
