|j|Ōśåwhscsh
|j|Ōśåpwc trannel
|html|whscshpwc trannel    
|uhtml|bestof|Game 3 of a best-of-3
|t:|1757153144
|gametype|doubles
|player|p1|whscsh|psychic-lgpe|
|player|p2|pwc trannel|265|
|gen|9
|tier|[Gen 9] VGC 2025 Reg H (Bo3)
|rule|Species Clause: Limit one of each Pok├®mon
|rule|Item Clause: Limit 1 of each item
|clearpoke
|poke|p1|Sneasler, L50, M|
|poke|p1|Indeedee, L50, M|
|poke|p1|Ursaluna-Bloodmoon, L50, M|
|poke|p1|Electabuzz, L50, F|
|poke|p1|Incineroar, L50, F|
|poke|p1|Talonflame, L50, F|
|poke|p2|Annihilape, L50, M|
|poke|p2|Whimsicott, L50, M|
|poke|p2|Garchomp, L50, F|
|poke|p2|Clefable, L50, M|
|poke|p2|Hydreigon, L50, M|
|poke|p2|Gholdengo, L50|
|teampreview|4
|showteam|p1|Sneasler||PsychicSeed|Unburden|CloseCombat,DireClaw,ThroatChop,Protect|||M|||50|,,,,,Dark]Indeedee||FocusSash|PsychicSurge|ExpandingForce,TrickRoom,HelpingHand,Protect|||M|||50|,,,,,Psychic]Ursaluna-Bloodmoon||LifeOrb|MindsEye|BloodMoon,HyperVoice,EarthPower,Protect|||M|||50|,,,,,Normal]Electabuzz||Eviolite|VitalSpirit|Electroweb,FollowMe,Taunt,Protect|||F|||50|,,,,,Dragon]Incineroar||SafetyGoggles|Intimidate|FlareBlitz,KnockOff,PartingShot,FakeOut|||F|||50|,,,,,Ghost]Talonflame||CovertCloak|GaleWings|FlareBlitz,DualWingbeat,WillOWisp,Tailwind|||F|||50|,,,,,Fairy
|showteam|p2|Annihilape||SafetyGoggles|Defiant|Protect,BulkUp,DrainPunch,RageFist|||M|||50|,,,,,Water]Whimsicott||FocusSash|Prankster|SunnyDay,Encore,Tailwind,Moonblast|||M|||50|,,,,,Ghost]Garchomp||LifeOrb|RoughSkin|Protect,StompingTantrum,DragonClaw,Earthquake|||F|||50|,,,,,Steel]Clefable||SitrusBerry|Unaware|Protect,FollowMe,MistyTerrain,Moonblast|||M|||50|,,,,,Water]Hydreigon||ChoiceSpecs|Levitate|HeatWave,Snarl,DarkPulse,DracoMeteor|||M|||50|,,,,,Fire]Gholdengo||MetalCoat|GoodasGold|Protect,NastyPlot,ShadowBall,MakeItRain||||||50|,,,,,Steel
|c|Ōśåwhscsh|man my team is so ass
|c|Ōśåwhscsh|I should've put more effort into stealing
|
|t:|1757153171
|teamsize|p1|4
|teamsize|p2|4
|start
|switch|p1a: Ursaluna|Ursaluna-Bloodmoon, L50, M|100/100
|switch|p1b: Talonflame|Talonflame, L50, F|100/100
|switch|p2a: Whimsicott|Whimsicott, L50, M|100/100
|switch|p2b: Garchomp|Garchomp, L50, F|100/100
|turn|1
|c|Ōśåpwc trannel|mine is the one that won dortmund regionals
|
|t:|1757153244
|move|p1b: Talonflame|Tailwind|p1b: Talonflame
|-sidestart|p1: whscsh|move: Tailwind
|move|p2a: Whimsicott|Tailwind|p2a: Whimsicott
|-sidestart|p2: pwc trannel|move: Tailwind
|move|p2b: Garchomp|Earthquake|p1a: Ursaluna|[spread] p2a,p1a
|-immune|p1b: Talonflame
|-resisted|p2a: Whimsicott
|-damage|p2a: Whimsicott|66/100
|-damage|p1a: Ursaluna|61/100
|-damage|p2b: Garchomp|91/100|[from] item: Life Orb
|move|p1a: Ursaluna|Blood Moon|p2b: Garchomp
|-crit|p2b: Garchomp
|-damage|p2b: Garchomp|0 fnt
|faint|p2b: Garchomp
|-damage|p1a: Ursaluna|52/100|[from] item: Life Orb
|
|upkeep
|
|t:|1757153260
|switch|p2b: Annihilape|Annihilape, L50, M|100/100
|turn|2
|
|t:|1757153275
|-terastallize|p2b: Annihilape|Water
|move|p1a: Ursaluna|Protect|p1a: Ursaluna
|-singleturn|p1a: Ursaluna|Protect
|move|p1b: Talonflame|Dual Wingbeat|p2a: Whimsicott
|-supereffective|p2a: Whimsicott
|-crit|p2a: Whimsicott
|-damage|p2a: Whimsicott|0 fnt
|faint|p2a: Whimsicott
|-hitcount|p2: Whimsicott|1
|move|p2b: Annihilape|Bulk Up|p2b: Annihilape
|-boost|p2b: Annihilape|atk|1
|-boost|p2b: Annihilape|def|1
|
|upkeep
|
|t:|1757153286
|switch|p2a: Gholdengo|Gholdengo, L50|100/100
|turn|3
|c|Ōśåwhscsh|man can I crit on moves that actually matter
|
|t:|1757153318
|move|p2a: Gholdengo|Protect|p2a: Gholdengo
|-singleturn|p2a: Gholdengo|Protect
|move|p1b: Talonflame|Will-O-Wisp|p2b: Annihilape
|-status|p2b: Annihilape|brn
|move|p2b: Annihilape|Drain Punch|p1a: Ursaluna
|-supereffective|p1a: Ursaluna
|-damage|p1a: Ursaluna|18/100
|move|p1a: Ursaluna|Earth Power|p2a: Gholdengo
|-activate|p2a: Gholdengo|move: Protect
|
|-damage|p2b: Annihilape|95/100 brn|[from] brn
|upkeep
|turn|4
|
|t:|1757153365
|switch|p1a: Indeedee|Indeedee, L50, M|100/100
|-fieldstart|move: Psychic Terrain|[from] ability: Psychic Surge|[of] p1a: Indeedee
|move|p2a: Gholdengo|Protect||[still]
|-fail|p2a: Gholdengo
|move|p1b: Talonflame|Flare Blitz|p2a: Gholdengo
|-supereffective|p2a: Gholdengo
|-damage|p2a: Gholdengo|3/100
|-damage|p1b: Talonflame|67/100|[from] Recoil
|move|p2b: Annihilape|Drain Punch|p1a: Indeedee
|-damage|p1a: Indeedee|56/100
|-heal|p2b: Annihilape|100/100 brn|[from] drain|[of] p1a: Indeedee
|
|-damage|p2b: Annihilape|95/100 brn|[from] brn
|-sideend|p2: pwc trannel|move: Tailwind
|-sideend|p1: whscsh|move: Tailwind
|upkeep
|turn|5
|c|Ōśåpwc trannel|no double protect
|c|Ōśåpwc trannel|never lucky
|c|Ōśåwhscsh|you still lose even with the double
|c|Ōśåpwc trannel|never lucky
|c|Ōśåwhscsh|real
|
|t:|1757153399
|move|p1b: Talonflame|Tailwind|p1b: Talonflame
|-sidestart|p1: whscsh|move: Tailwind
|move|p1a: Indeedee|Expanding Force|p2b: Annihilape|[spread] p2a,p2b
|-resisted|p2a: Gholdengo
|-damage|p2a: Gholdengo|0 fnt
|-damage|p2b: Annihilape|47/100 brn
|faint|p2a: Gholdengo
|move|p2b: Annihilape|Rage Fist|p1b: Talonflame
|-damage|p1b: Talonflame|23/100
|
|-damage|p2b: Annihilape|41/100 brn|[from] brn
|upkeep
|turn|6
|c|Ōśåwhscsh|I even got 2 crits
|c|Ōśåwhscsh|unfair
|
|t:|1757153416
|move|p1b: Talonflame|Dual Wingbeat|p2b: Annihilape
|-damage|p2b: Annihilape|30/100 brn
|-damage|p2b: Annihilape|19/100 brn
|-hitcount|p2b: Annihilape|2
|move|p1a: Indeedee|Expanding Force|p2b: Annihilape
|-damage|p2b: Annihilape|0 fnt
|faint|p2b: Annihilape
|
|win|whscsh
|c|Ōśåpwc trannel|ggs
|c|Ōśåwhscsh|ggs
|c|Ōśåpwc trannel|ok vgc sucks for doc
|c|Ōśåpwc trannel|confirmed
