|j|â˜†bomabflat
|j|â˜†zerofromthehood
|html|bomabflatzerofromthehood    
|uhtml|bestof|Game 1 of a best-of-3
|t:|1785671660
|gametype|doubles
|player|p1|bomabflat|101|1033
|player|p2|zerofromthehood|n|1000
|gen|9
|tier|[Gen 9 Champions] VGC 2026 Reg M-B (Bo3)
|rated|
|rule|Species Clause: Limit one of each PokÃ©mon
|rule|Item Clause: Limit 1 of each item
|clearpoke
|poke|p1|Spiritomb, L50, F|
|poke|p1|Farigiraf, L50, M|
|poke|p1|Musharna, L50, M|
|poke|p1|Mawile, L50, M|
|poke|p1|Torkoal, L50, F|
|poke|p1|Drampa, L50, F|
|poke|p2|Mawile, L50, F|
|poke|p2|Farigiraf, L50, F|
|poke|p2|Kangaskhan, L50, F|
|poke|p2|Grimmsnarl, L50, M|
|poke|p2|Milotic, L50, F, shiny|
|poke|p2|Sinistcha, L50|
|teampreview|4
|showteam|p1|Spiritomb||RoseliBerry|Pressure|TrickRoom,FoulPlay,DestinyBond,Protect|Relaxed||F|||50|]Farigiraf||ColburBerry|ArmorTail|HyperVoice,TrickRoom,TwinBeam,Protect|Quiet||M|||50|]Musharna||SitrusBerry|Telepathy|TrickRoom,Protect,HelpingHand,Psychic|Relaxed||M|||50|]Mawile||Mawilite|HyperCutter|PlayRough,IronHead,ThunderPunch,Protect|Brave||M|||50|]Torkoal||Charcoal|Drought|Eruption,SolarBeam,Protect,EarthPower|Quiet||F|||50|]Drampa||WideLens|CloudNine|DragonPulse,HydroPump,FireBlast,Protect|Quiet||F|||50|
|showteam|p2|Mawile||Mawilite|Intimidate|PlayRough,IronHead,Protect,RockSlide|Brave||F|||50|]Farigiraf||SitrusBerry|ArmorTail|TrickRoom,HelpingHand,Psychic,Protect|Modest||F|||50|]Kangaskhan||SilkScarf|Scrappy|FakeOut,LastResort|Brave||F|||50|]Grimmsnarl||LightClay|Prankster|LightScreen,Reflect,FakeOut,PartingShot|Impish||M|||50|]Milotic||Leftovers|Competitive|IceBeam,Scald,Recover,Protect|Modest||F|||50|]Sinistcha||KasibBerry|Hospitality|MatchaGotcha,TrickRoom,LifeDew,RagePowder|Modest|||||50|
|j| r13974682
|l| r13974682
|j| r13974682
|
|t:|1785671740
|teamsize|p1|4
|teamsize|p2|4
|start
|switch|p1a: Pete Best|Musharna, L50, M|100/100
|switch|p1b: Stuart Sutcliffe|Torkoal, L50, F|100/100
|switch|p2a: Farigiraf|Farigiraf, L50, F|100/100
|switch|p2b: Mawile|Mawile, L50, F|100/100
|-ability|p2b: Mawile|Intimidate|boost
|-unboost|p1a: Pete Best|atk|1
|-unboost|p1b: Stuart Sutcliffe|atk|1
|-weather|SunnyDay|[from] ability: Drought|[of] p1b: Stuart Sutcliffe
|turn|1
|
|t:|1785671770
|detailschange|p2b: Mawile|Mawile-Mega, L50, F
|-mega|p2b: Mawile|Mawile|Mawilite
|move|p1a: Pete Best|Helping Hand|p1b: Stuart Sutcliffe
|-singleturn|p1b: Stuart Sutcliffe|Helping Hand|[of] p1a: Pete Best
|move|p2a: Farigiraf|Protect|p2a: Farigiraf
|-singleturn|p2a: Farigiraf|Protect
|move|p2b: Mawile|Rock Slide|p1b: Stuart Sutcliffe|[spread] p1a,p1b
|-supereffective|p1b: Stuart Sutcliffe|1
|-damage|p1a: Pete Best|75/100
|-damage|p1b: Stuart Sutcliffe|45/100
|cant|p1b: Stuart Sutcliffe|flinch
|
|-weather|SunnyDay|[upkeep]
|upkeep
|turn|2
|
|t:|1785671788
|move|p1b: Stuart Sutcliffe|Protect|p1b: Stuart Sutcliffe
|-singleturn|p1b: Stuart Sutcliffe|Protect
|move|p2b: Mawile|Rock Slide|p1b: Stuart Sutcliffe|[spread] p1a
|-activate|p1b: Stuart Sutcliffe|move: Protect
|-damage|p1a: Pete Best|50/100g
|move|p2a: Farigiraf|Trick Room|p2a: Farigiraf
|-fieldstart|move: Trick Room|[of] p2a: Farigiraf
|move|p1a: Pete Best|Trick Room|p1a: Pete Best
|-fieldend|move: Trick Room
|
|-weather|SunnyDay|[upkeep]
|upkeep
|turn|3
|
|t:|1785671814
|move|p2b: Mawile|Rock Slide|p1b: Stuart Sutcliffe|[spread] p1a,p1b
|-supereffective|p1b: Stuart Sutcliffe|1
|-damage|p1a: Pete Best|23/100
|-damage|p1b: Stuart Sutcliffe|0 fnt
|-enditem|p1a: Pete Best|Sitrus Berry|[eat]
|-heal|p1a: Pete Best|47/100|[from] item: Sitrus Berry
|faint|p1b: Stuart Sutcliffe
|move|p2a: Farigiraf|Trick Room|p2a: Farigiraf
|-fieldstart|move: Trick Room|[of] p2a: Farigiraf
|move|p1a: Pete Best|Trick Room|p1a: Pete Best
|-fieldend|move: Trick Room
|
|-weather|SunnyDay|[upkeep]
|upkeep
|
|t:|1785671827
|switch|p1b: John Lennon|Spiritomb, L50, F|100/100
|-ability|p1b: John Lennon|Pressure
|turn|4
|
|t:|1785671844
|move|p2a: Farigiraf|Helping Hand|p2b: Mawile
|-singleturn|p2b: Mawile|Helping Hand|[of] p2a: Farigiraf
|move|p1b: John Lennon|Protect|p1b: John Lennon
|-singleturn|p1b: John Lennon|Protect
|move|p1a: Pete Best|Protect|p1a: Pete Best
|-singleturn|p1a: Pete Best|Protect
|move|p2b: Mawile|Iron Head|p1b: John Lennon
|-activate|p1b: John Lennon|move: Protect
|
|-weather|SunnyDay|[upkeep]
|upkeep
|turn|5
|
|t:|1785671861
|switch|p1b: Ringo Starr|Mawile, L50, M|100/100
|move|p2a: Farigiraf|Helping Hand|p2b: Mawile
|-singleturn|p2b: Mawile|Helping Hand|[of] p2a: Farigiraf
|move|p2b: Mawile|Iron Head|p1a: Pete Best
|-damage|p1a: Pete Best|0 fnt
|faint|p1a: Pete Best
|
|-weather|none
|upkeep
|
|t:|1785671869
|switch|p1a: John Lennon|Spiritomb, L50, F|100/100
|-ability|p1a: John Lennon|Pressure
|turn|6
|
|t:|1785671878
|move|p1b: Ringo Starr|Protect|p1b: Ringo Starr
|-singleturn|p1b: Ringo Starr|Protect
|move|p2b: Mawile|Protect|p2b: Mawile
|-singleturn|p2b: Mawile|Protect
|move|p2a: Farigiraf|Trick Room|p2a: Farigiraf
|-fieldstart|move: Trick Room|[of] p2a: Farigiraf
|move|p1a: John Lennon|Trick Room|p1a: John Lennon
|-fieldend|move: Trick Room
|
|upkeep
|turn|7
|c|â˜†zerofromthehood|dude do you have trick Room on every Mon??
|c|â˜†zerofromthehood|wtf is this
|
|t:|1785671906
|detailschange|p1b: Ringo Starr|Mawile-Mega, L50, M
|-mega|p1b: Ringo Starr|Mawile|Mawilite
|move|p2a: Farigiraf|Helping Hand|p2b: Mawile
|-singleturn|p2b: Mawile|Helping Hand|[of] p2a: Farigiraf
|move|p1b: Ringo Starr|Iron Head|p2b: Mawile
|-damage|p2b: Mawile|21/100
|move|p2b: Mawile|Iron Head|p1b: Ringo Starr
|-damage|p1b: Ringo Starr|0 fnt
|faint|p1b: Ringo Starr
|move|p1a: John Lennon|Foul Play|p2a: Farigiraf
|-supereffective|p2a: Farigiraf|1
|-damage|p2a: Farigiraf|39/100
|-enditem|p2a: Farigiraf|Sitrus Berry|[eat]
|-heal|p2a: Farigiraf|63/100|[from] item: Sitrus Berry
|
|upkeep
|turn|8
|-message|bomabflat forfeited.
|
|win|zerofromthehood
|l|â˜†bomabflat
|player|p1|
||bomabflat is ready for game 2.
