|j|☆Something147
|j|☆roundybout
|html|Something147roundybout    
|uhtml|bestof|Game 2 of a best-of-3
|t:|1756932937
|gametype|doubles
|player|p1|Something147|miku-ghost|1318
|player|p2|roundybout|collector|1249
|gen|9
|tier|[Gen 9] VGC 2025 Reg H (Bo3)
|rated|
|rule|Species Clause: Limit one of each Pokémon
|rule|Item Clause: Limit 1 of each item
|clearpoke
|poke|p1|Dragapult, L50, M|
|poke|p1|Electabuzz, L50, M|
|poke|p1|Rillaboom, L50, M|
|poke|p1|Primarina, L50, M|
|poke|p1|Volcarona, L50, M|
|poke|p1|Sneasler, L50, F|
|poke|p2|Baxcalibur, L50, F|
|poke|p2|Weezing-Galar, L50, M|
|poke|p2|Corviknight, L50, M|
|poke|p2|Typhlosion-Hisui, L50, M|
|poke|p2|Toedscruel, L50, M|
|poke|p2|Annihilape, L50, M|
|teampreview|4
|showteam|p1|Dragapult||ChoiceBand|ClearBody|DragonDarts,PhantomForce,Outrage,Uturn|||M|||50|,,,,,Dragon]Electabuzz||Eviolite|VitalSpirit|Electroweb,FollowMe,Taunt,Protect|||M|||50|,,,,,Fairy]Rillaboom||AssaultVest|GrassySurge|GrassyGlide,WoodHammer,FakeOut,Uturn|||M|||50|,,,,,Fire]Primarina||ThroatSpray|LiquidVoice|Moonblast,HyperVoice,Protect,Haze|||M|||50|,,,,,Poison]Volcarona||Leftovers|FlameBody|Flamethrower,GigaDrain,QuiverDance,Protect|||M|||50|,,,,,Grass]Sneasler||FocusSash|PoisonTouch|CloseCombat,DireClaw,FakeOut,Protect|||F|||50|,,,,,Stellar
|showteam|p2|Baxcalibur||LifeOrb|ThermalExchange|GlaiveRush,IcicleCrash,IceShard,Protect|||F|||50|,,,,,Water]Weezing-Galar||ChoiceSpecs|NeutralizingGas|DazzlingGleam,SludgeBomb,StrangeSteam,Flamethrower|||M|||50|,,,,,Flying]Corviknight||SitrusBerry|MirrorArmor|BraveBird,Tailwind,Roost,Protect|||M|||50|,,,,,Dragon]Typhlosion-Hisui||ChoiceScarf|Blaze|Eruption,HeatWave,Overheat,ShadowBall|||M|||50|,,,,,Fire]Toedscruel||CovertCloak|MyceliumMight|Spore,EarthPower,AcidSpray,BulletSeed|||M|||50|,,,,,Water]Annihilape||AssaultVest|Defiant|RageFist,DrainPunch,CloseCombat,FinalGambit|||M|||50|,,,,,Grass
|inactive|Battle timer is ON: inactive players will automatically lose when time's up. (requested by Something147)
|inactive|Something147 has 60 seconds left.
|
|t:|1756932969
|teamsize|p1|4
|teamsize|p2|4
|start
|switch|p1a: Dragapult|Dragapult, L50, M|100/100
|switch|p1b: Sneasler|Sneasler, L50, F|100/100
|switch|p2a: Annihilape|Annihilape, L50, M, shiny|100/100
|switch|p2b: Corviknight|Corviknight, L50, M|100/100
|turn|1
|
|t:|1756932982
|-terastallize|p1a: Dragapult|Dragon
|move|p1b: Sneasler|Fake Out|p2b: Corviknight
|-resisted|p2b: Corviknight
|-damage|p2b: Corviknight|95/100
|move|p1a: Dragapult|Outrage|p2a: Annihilape
|-damage|p2a: Annihilape|0 fnt
|faint|p2a: Annihilape
|cant|p2b: Corviknight|flinch
|
|upkeep
|
|t:|1756932996
|switch|p2a: Baxcalibur|Baxcalibur, L50, F|100/100
|turn|2
|
|t:|1756933007
|move|p2a: Baxcalibur|Protect|p2a: Baxcalibur
|-singleturn|p2a: Baxcalibur|Protect
|move|p1a: Dragapult|Outrage|p2b: Corviknight|[from] lockedmove
|-resisted|p2b: Corviknight
|-damage|p2b: Corviknight|44/100
|-enditem|p2b: Corviknight|Sitrus Berry|[eat]
|-heal|p2b: Corviknight|69/100|[from] item: Sitrus Berry
|move|p1b: Sneasler|Close Combat|p2a: Baxcalibur
|-activate|p2a: Baxcalibur|move: Protect
|move|p2b: Corviknight|Tailwind|p2b: Corviknight
|-sidestart|p2: roundybout|move: Tailwind
|
|upkeep
|turn|3
|inactive|roundybout has 30 seconds left.
|
|t:|1756933039
|-terastallize|p2a: Baxcalibur|Water
|move|p2a: Baxcalibur|Icicle Crash|p1a: Dragapult
|-supereffective|p1a: Dragapult
|-damage|p1a: Dragapult|0 fnt
|faint|p1a: Dragapult
|-damage|p2a: Baxcalibur|91/100|[from] item: Life Orb
|move|p2b: Corviknight|Brave Bird|p1b: Sneasler
|-supereffective|p1b: Sneasler
|-enditem|p1b: Sneasler|Focus Sash
|-damage|p1b: Sneasler|1/100
|-damage|p2b: Corviknight|44/100|[from] Recoil
|move|p1b: Sneasler|Dire Claw|p2a: Baxcalibur
|-damage|p2a: Baxcalibur|49/100
|-status|p2a: Baxcalibur|psn|[from] ability: Poison Touch|[of] p1b: Sneasler
|
|-damage|p2a: Baxcalibur|37/100 psn|[from] psn
|upkeep
|
|t:|1756933054
|switch|p1a: Electabuzz|Electabuzz, L50, M|100/100
|turn|4
|
|t:|1756933064
|move|p1b: Sneasler|Protect|p1b: Sneasler
|-singleturn|p1b: Sneasler|Protect
|move|p2a: Baxcalibur|Glaive Rush|p1a: Electabuzz
|-damage|p1a: Electabuzz|21/100
|-singlemove|p2a: Baxcalibur|Glaive Rush|[silent]
|-damage|p2a: Baxcalibur|27/100 psn|[from] item: Life Orb
|move|p2b: Corviknight|Roost|p2b: Corviknight
|-heal|p2b: Corviknight|94/100
|-singleturn|p2b: Corviknight|move: Roost
|move|p1a: Electabuzz|Electroweb|p2b: Corviknight|[spread] p2a,p2b
|-supereffective|p2a: Baxcalibur
|-damage|p2a: Baxcalibur|0 fnt
|-damage|p2b: Corviknight|80/100
|-ability|p2b: Corviknight|Mirror Armor
|-unboost|p1a: Electabuzz|spe|1
|faint|p2a: Baxcalibur
|
|upkeep
|
|t:|1756933073
|switch|p2a: Typhlosion|Typhlosion-Hisui, L50, M, shiny|100/100
|turn|5
|
|t:|1756933084
|move|p1b: Sneasler|Protect||[still]
|-fail|p1b: Sneasler
|move|p1a: Electabuzz|Protect|p1a: Electabuzz
|-singleturn|p1a: Electabuzz|Protect
|move|p2a: Typhlosion|Eruption|p1b: Sneasler|[spread] p1b
|-activate|p1a: Electabuzz|move: Protect
|-damage|p1b: Sneasler|0 fnt
|faint|p1b: Sneasler
|move|p2b: Corviknight|Roost|p2b: Corviknight
|-heal|p2b: Corviknight|100/100
|-singleturn|p2b: Corviknight|move: Roost
|
|-sideend|p2: roundybout|move: Tailwind
|upkeep
|
|t:|1756933087
|switch|p1b: Primarina|Primarina, L50, M|100/100
|turn|6
|
|t:|1756933091
|move|p2a: Typhlosion|Eruption|p1a: Electabuzz|[spread] p1a,p1b
|-resisted|p1b: Primarina
|-damage|p1a: Electabuzz|0 fnt
|-damage|p1b: Primarina|77/100
|faint|p1a: Electabuzz
|move|p2b: Corviknight|Brave Bird|p1b: Primarina
|-damage|p1b: Primarina|24/100
|-damage|p2b: Corviknight|84/100|[from] Recoil
|move|p1b: Primarina|Hyper Voice|p2b: Corviknight|[spread] p2a,p2b
|-supereffective|p2a: Typhlosion
|-damage|p2a: Typhlosion|0 fnt
|-damage|p2b: Corviknight|50/100
|faint|p2a: Typhlosion
|-enditem|p1b: Primarina|Throat Spray
|-boost|p1b: Primarina|spa|1|[from] item: Throat Spray
|
|upkeep
|turn|7
|
|t:|1756933103
|move|p2b: Corviknight|Brave Bird|p1b: Primarina
|-damage|p1b: Primarina|0 fnt
|faint|p1b: Primarina
|-damage|p2b: Corviknight|44/100|[from] Recoil
|
|win|roundybout
|raw|Something147's rating: 1318 → 1294(-24 for losing)
|raw|roundybout's rating: 1249 → 1279(+30 for winning)
