|j|☆KrimsunFizz
|j|☆d1mo22
|html|KrimsunFizzd1mo22    
|uhtml|bestof|Game 2 of a best-of-3
|t:|1784147635
|gametype|doubles
|player|p1|KrimsunFizz|170|1100
|player|p2|d1mo22|skier|1160
|gen|9
|tier|[Gen 9 Champions] VGC 2026 Reg M-B (Bo3)
|rated|
|rule|Species Clause: Limit one of each Pokémon
|rule|Item Clause: Limit 1 of each item
|clearpoke
|poke|p1|Sceptile, L50, M, shiny|
|poke|p1|Talonflame, L50, M, shiny|
|poke|p1|Rotom-Wash, L50, shiny|
|poke|p1|Floette-Eternal, L50, F|
|poke|p1|Garchomp, L50, M|
|poke|p1|Kingambit, L50, M|
|poke|p2|Raichu, L50, F|
|poke|p2|Gyarados, L50, M, shiny|
|poke|p2|Mamoswine, L50, M|
|poke|p2|Ceruledge, L50, F|
|poke|p2|Sinistcha, L50|
|poke|p2|Kingambit, L50, F, shiny|
|teampreview|4
|showteam|p1|Sceptile||Sceptilite|Overgrow|DragonPulse,EnergyBall,EarthPower,Protect|Timid||M|||50|]Talonflame||SharpBeak|GaleWings|DualWingbeat,FlareBlitz,Tailwind,QuickGuard|Jolly||M|||50|]Rotom-Wash||ChoiceScarf|Levitate|Discharge,HydroPump,Thunderbolt,VoltSwitch|Timid|||||50|]Floette-Eternal||Floettite|FlowerVeil|DrainingKiss,DazzlingGleam,CalmMind,Protect|Modest||F|||50|]Garchomp||LifeOrb|RoughSkin|StompingTantrum,DragonClaw,RockSlide,Protect|Jolly||M|||50|]Kingambit||ChopleBerry|Defiant|KowtowCleave,SuckerPunch,IronHead,Protect|Adamant||M|||50|
|showteam|p2|Raichu||RaichuniteY|LightningRod|FakeOut,Encore,ZapCannon,FocusBlast|Timid||F|||50|]Gyarados||Gyaradosite|Intimidate|LashOut,Waterfall,DragonDance,Protect|Adamant||M|||50|]Mamoswine||LifeOrb|Oblivious|Protect,IcicleCrash,IceShard,HighHorsepower|Jolly||M|||50|]Ceruledge||ColburBerry|FlashFire|BitterBlade,ShadowSneak,BulkUp,Protect|Adamant||F|||50|]Sinistcha||SitrusBerry|Hospitality|Protect,RagePowder,MatchaGotcha,LifeDew|Bold|||||50|]Kingambit||FocusSash|Defiant|Protect,SuckerPunch,KowtowCleave,IronHead|Adamant||F|||50|
|inactive|Battle timer is ON: inactive players will automatically lose when time's up. (requested by KrimsunFizz)
|
|t:|1784147694
|teamsize|p1|4
|teamsize|p2|4
|start
|switch|p1a: Sceptile|Sceptile, L50, M, shiny|100/100
|switch|p1b: Rotom|Rotom-Wash, L50, shiny|100/100
|switch|p2a: Raichu|Raichu, L50, F|100/100
|switch|p2b: Mamoswine|Mamoswine, L50, M|100/100
|turn|1
|inactive|d1mo22 has 30 seconds left.
|
|t:|1784147723
|switch|p1b: Talonflame|Talonflame, L50, M, shiny|100/100
|detailschange|p1a: Sceptile|Sceptile-Mega, L50, M, shiny
|-mega|p1a: Sceptile|Sceptile|Sceptilite
|move|p1a: Sceptile|Protect|p1a: Sceptile
|-singleturn|p1a: Sceptile|Protect
|move|p2a: Raichu|Fake Out|p1b: Talonflame
|-damage|p1b: Talonflame|87/100
|move|p2b: Mamoswine|Icicle Crash|p1a: Sceptile
|-activate|p1a: Sceptile|move: Protect
|
|upkeep
|turn|2
|inactive|d1mo22 has 30 seconds left.
|
|t:|1784147748
|detailschange|p2a: Raichu|Raichu-Mega-Y, L50, F
|-mega|p2a: Raichu|Raichu|Raichunite Y
|move|p1b: Talonflame|Quick Guard|p1b: Talonflame
|-singleturn|p1b: Talonflame|Quick Guard
|move|p1a: Sceptile|Energy Ball|p2b: Mamoswine
|-supereffective|p2b: Mamoswine|1
|-crit|p2b: Mamoswine
|-damage|p2b: Mamoswine|0 fnt
|faint|p2b: Mamoswine
|move|p2a: Raichu|Zap Cannon|p1a: Sceptile
|-activate|p1a: Sceptile|ability: Lightning Rod
|-ability|p1a: Sceptile|Lightning Rod|boost
|-boost|p1a: Sceptile|spa|1
|
|upkeep
|
|t:|1784147766
|switch|p2b: Ceruledge|Ceruledge, L50, F|100/100
|turn|3
|
|t:|1784147783
|move|p1a: Sceptile|Earth Power|p2b: Ceruledge
|-supereffective|p2b: Ceruledge|1
|-damage|p2b: Ceruledge|6/100
|-unboost|p2b: Ceruledge|spd|1
|move|p1b: Talonflame|Tailwind|p1b: Talonflame
|-sidestart|p1: KrimsunFizz|move: Tailwind
|move|p2a: Raichu|Encore|p1a: Sceptile
|-start|p1a: Sceptile|Encore
|move|p2b: Ceruledge|Bulk Up|p2b: Ceruledge
|-boost|p2b: Ceruledge|atk|1
|-boost|p2b: Ceruledge|def|1
|
|upkeep
|turn|4
|
|t:|1784147799
|switch|p2a: Sinistcha|Sinistcha, L50|100/100
|-heal|p2b: Ceruledge|31/100|[from] ability: Hospitality|[of] p2a: Sinistcha
|move|p2b: Ceruledge|Protect|p2b: Ceruledge
|-singleturn|p2b: Ceruledge|Protect
|move|p1a: Sceptile|Earth Power|p2a: Sinistcha
|-resisted|p2a: Sinistcha|1
|-crit|p2a: Sinistcha
|-damage|p2a: Sinistcha|65/100
|move|p1b: Talonflame|Tailwind||[still]
|-fail|p1b: Talonflame
|
|upkeep
|turn|5
|inactive|d1mo22 has 30 seconds left.
|
|t:|1784147832
|move|p2a: Sinistcha|Rage Powder|p2a: Sinistcha
|-singleturn|p2a: Sinistcha|move: Rage Powder
|move|p1a: Sceptile|Earth Power|p2b: Ceruledge
|-supereffective|p2b: Ceruledge|1
|-damage|p2b: Ceruledge|0 fnt
|faint|p2b: Ceruledge
|move|p1b: Talonflame|Flare Blitz|p2a: Sinistcha
|-supereffective|p2a: Sinistcha|1
|-damage|p2a: Sinistcha|0 fnt
|faint|p2a: Sinistcha
|-damage|p1b: Talonflame|62/100|[from] Recoil
|
|upkeep
|
|t:|1784147840
|switch|p2a: Raichu|Raichu-Mega-Y, L50, F|100/100
|turn|6
|
|t:|1784147849
|move|p2a: Raichu|Fake Out|p1a: Sceptile
|-damage|p1a: Sceptile|87/100
|cant|p1a: Sceptile|flinch
|move|p1b: Talonflame|Flare Blitz|p2a: Raichu
|-damage|p2a: Raichu|29/100
|-damage|p1b: Talonflame|37/100|[from] Recoil
|
|-end|p1a: Sceptile|Encore
|-sideend|p1: KrimsunFizz|move: Tailwind
|upkeep
|turn|7
|inactive|KrimsunFizz has 30 seconds left.
|
|t:|1784147877
|move|p1a: Sceptile|Dragon Pulse|p2a: Raichu
|-damage|p2a: Raichu|0 fnt
|faint|p2a: Raichu
|
|win|KrimsunFizz
||KrimsunFizz is ready for game 3.
