|j|☆bananapanner
|j|☆Rantix D Red
|html|bananapannerRantix D Red    
|uhtml|bestof|Game 1 of a best-of-3
|t:|1785176345
|gametype|doubles
|player|p1|bananapanner|wattson|1130
|player|p2|Rantix D Red|ghetsis-gen5bw|1093
|gen|9
|tier|[Gen 9 Champions] VGC 2026 Reg M-B (Bo3)
|rated|
|rule|Species Clause: Limit one of each Pokémon
|rule|Item Clause: Limit 1 of each item
|clearpoke
|poke|p1|Excadrill, L50, F, shiny|
|poke|p1|Tyranitar, L50, F, shiny|
|poke|p1|Sinistcha-Masterpiece, L50|
|poke|p1|Corviknight, L50, M, shiny|
|poke|p1|Rotom-Wash, L50, shiny|
|poke|p1|Mimikyu, L50, F|
|poke|p2|Charizard, L50, F|
|poke|p2|Pelipper, L50, F|
|poke|p2|Archaludon, L50, M|
|poke|p2|Venusaur, L50, F|
|poke|p2|Swampert, L50, F|
|poke|p2|Grimmsnarl, L50, M|
|teampreview|4
|showteam|p1|Excadrill||FocusSash|SandRush|Earthquake,IronHead,RockSlide,SwordsDance|Adamant||F|||50|]Tyranitar||Tyranitarite|SandStream|RockSlide,KnockOff,DragonDance,Protect|Adamant||F|||50|]Sinistcha-Masterpiece||SitrusBerry|Hospitality|MatchaGotcha,RagePowder,NastyPlot,LifeDew|Bold|||||50|]Corviknight||Leftovers|MirrorArmor|BulkUp,Tailwind,Roost,BraveBird|Impish||M|||50|]Rotom-Wash||LightClay|Levitate|Thunderbolt,HydroPump,WillOWisp,LightScreen|Timid|||||50|]Mimikyu||FairyFeather|Disguise|SwordsDance,PlayRough,ShadowSneak,Protect|Jolly||F|||50|
|showteam|p2|Charizard||CharizarditeY|Blaze|Protect,HeatWave,WeatherBall,SolarBeam|Modest||F|||50|]Pelipper||SitrusBerry|Drizzle|Hurricane,WeatherBall,Tailwind,WideGuard|Calm||F|||50|]Archaludon||Leftovers|Stamina|Protect,ElectroShot,DragonPulse,FlashCannon|Modest||M|||50|]Venusaur||FocusSash|Chlorophyll|Protect,SleepPowder,SludgeBomb,EarthPower|Timid||F|||50|]Swampert||Swampertite|Torrent|Protect,WaveCrash,Earthquake,IcePunch|Jolly||F|||50|]Grimmsnarl||LightClay|Prankster|SpiritBreak,Reflect,LightScreen,PartingShot|Careful||M|||50|
|inactive|Battle timer is ON: inactive players will automatically lose when time's up. (requested by Rantix D Red)
|
|t:|1785176366
|teamsize|p1|4
|teamsize|p2|4
|start
|switch|p1a: Content crow|Corviknight, L50, M, shiny|100/100
|switch|p1b: Rotom|Rotom-Wash, L50, shiny|100/100
|switch|p2a: Grimmsnarl|Grimmsnarl, L50, M|100/100
|switch|p2b: Swampert|Swampert, L50, F|100/100
|turn|1
|
|t:|1785176387
|switch|p2b: Archaludon|Archaludon, L50, M|100/100
|move|p2a: Grimmsnarl|Parting Shot|p1b: Rotom
|-unboost|p1b: Rotom|atk|1
|-unboost|p1b: Rotom|spa|1
|
|t:|1785176391
|switch|p2a: Pelipper|Pelipper, L50, F|100/100|[from] Parting Shot
|-weather|RainDance|[from] ability: Drizzle|[of] p2a: Pelipper
|move|p1b: Rotom|Will-O-Wisp|p2b: Archaludon
|-status|p2b: Archaludon|brn
|move|p1a: Content crow|Tailwind|p1a: Content crow
|-sidestart|p1: bananapanner|move: Tailwind
|
|-weather|RainDance|[upkeep]
|-damage|p2b: Archaludon|93/100 brn|[from] brn
|upkeep
|turn|2
|inactive|bananapanner has 30 seconds left.
|
|t:|1785176425
|move|p1b: Rotom|Light Screen|p1b: Rotom
|-sidestart|p1: bananapanner|move: Light Screen
|move|p1a: Content crow|Roost||[still]
|-fail|p1a: Content crow|heal
|move|p2b: Archaludon|Dragon Pulse|p1b: Rotom
|-damage|p1b: Rotom|66/100
|move|p2a: Pelipper|Tailwind|p2a: Pelipper
|-sidestart|p2: Rantix D Red|move: Tailwind
|
|-weather|RainDance|[upkeep]
|-heal|p2b: Archaludon|100/100 brn|[from] item: Leftovers
|-damage|p2b: Archaludon|93/100 brn|[from] brn
|upkeep
|turn|3
|
|t:|1785176444
|switch|p2a: Grimmsnarl|Grimmsnarl, L50, M|100/100
|move|p1b: Rotom|Hydro Pump|p2a: Grimmsnarl
|-damage|p2a: Grimmsnarl|58/100
|move|p2b: Archaludon|Electro Shot||[still]
|-prepare|p2b: Archaludon|Electro Shot
|-boost|p2b: Archaludon|spa|1
|-anim|p2b: Archaludon|Electro Shot|p1b: Rotom
|-damage|p1b: Rotom|11/100
|move|p1a: Content crow|Brave Bird|p2a: Grimmsnarl
|-damage|p2a: Grimmsnarl|17/100
|-damage|p1a: Content crow|86/100|[from] Recoil
|
|-weather|RainDance|[upkeep]
|-heal|p2b: Archaludon|100/100 brn|[from] item: Leftovers
|-heal|p1a: Content crow|92/100|[from] item: Leftovers
|-damage|p2b: Archaludon|93/100 brn|[from] brn
|upkeep
|turn|4
|inactive|bananapanner has 30 seconds left.
|
|t:|1785176476
|switch|p1b: Dust bunny Jr.|Tyranitar, L50, F, shiny|100/100
|-weather|Sandstorm|[from] ability: Sand Stream|[of] p1b: Dust bunny Jr.
|move|p2a: Grimmsnarl|Reflect|p2a: Grimmsnarl
|-sidestart|p2: Rantix D Red|Reflect
|move|p2b: Archaludon|Electro Shot||[still]
|-prepare|p2b: Archaludon|Electro Shot
|-boost|p2b: Archaludon|spa|1
|move|p1a: Content crow|Bulk Up|p1a: Content crow
|-boost|p1a: Content crow|atk|1
|-boost|p1a: Content crow|def|1
|
|-weather|Sandstorm|[upkeep]
|-damage|p2a: Grimmsnarl|11/100|[from] Sandstorm
|-heal|p2b: Archaludon|100/100 brn|[from] item: Leftovers
|-heal|p1a: Content crow|98/100|[from] item: Leftovers
|-damage|p2b: Archaludon|93/100 brn|[from] brn
|-sideend|p1: bananapanner|move: Tailwind
|upkeep
|turn|5
|inactive|bananapanner has 30 seconds left.
|inactive|Rantix D Red has 30 seconds left.
|
|t:|1785176506
|move|p2a: Grimmsnarl|Reflect||[still]
|-fail|p2a: Grimmsnarl
|move|p2b: Archaludon|Electro Shot|p1a: Content crow|[from] lockedmove
|-supereffective|p1a: Content crow|1
|-damage|p1a: Content crow|0 fnt
|faint|p1a: Content crow
|move|p1b: Dust bunny Jr.|Dragon Dance|p1b: Dust bunny Jr.
|-boost|p1b: Dust bunny Jr.|atk|1
|-boost|p1b: Dust bunny Jr.|spe|1
|
|-weather|Sandstorm|[upkeep]
|-damage|p2a: Grimmsnarl|5/100|[from] Sandstorm
|-heal|p2b: Archaludon|100/100 brn|[from] item: Leftovers
|-damage|p2b: Archaludon|93/100 brn|[from] brn
|-sideend|p2: Rantix D Red|move: Tailwind
|upkeep
|
|t:|1785176517
|switch|p1a: Iron manicure|Excadrill, L50, F, shiny|100/100
|turn|6
|inactive|bananapanner has 30 seconds left.
|inactive|Rantix D Red has 30 seconds left.
|
|t:|1785176550
|move|p2a: Grimmsnarl|Parting Shot|p1a: Iron manicure
|-unboost|p1a: Iron manicure|atk|1
|-unboost|p1a: Iron manicure|spa|1
|
|t:|1785176553
|switch|p2a: Pelipper|Pelipper, L50, F|100/100|[from] Parting Shot
|-weather|RainDance|[from] ability: Drizzle|[of] p2a: Pelipper
|move|p1b: Dust bunny Jr.|Rock Slide|p2a: Pelipper|[spread] p2a,p2b
|-supereffective|p2a: Pelipper|1
|-resisted|p2b: Archaludon|1
|-damage|p2a: Pelipper|29/100
|-damage|p2b: Archaludon|80/100 brn
|-ability|p2b: Archaludon|Stamina|boost
|-boost|p2b: Archaludon|def|1
|-enditem|p2a: Pelipper|Sitrus Berry|[eat]
|-heal|p2a: Pelipper|54/100|[from] item: Sitrus Berry
|move|p1a: Iron manicure|Swords Dance|p1a: Iron manicure
|-boost|p1a: Iron manicure|atk|2
|cant|p2b: Archaludon|flinch
|
|-weather|RainDance|[upkeep]
|-heal|p2b: Archaludon|86/100 brn|[from] item: Leftovers
|-damage|p2b: Archaludon|80/100 brn|[from] brn
|upkeep
|turn|7
|inactive|Rantix D Red has 30 seconds left.
|inactive|bananapanner has 30 seconds left.
|
|t:|1785176585
|switch|p1b: Rotom|Rotom-Wash, L50, shiny|11/100
|move|p2a: Pelipper|Wide Guard|p2a: Pelipper
|-singleturn|p2a: Pelipper|Wide Guard
|move|p1a: Iron manicure|Earthquake|p2b: Archaludon|[spread] 
|-activate|p2a: Pelipper|move: Wide Guard
|-activate|p2b: Archaludon|move: Wide Guard
|-immune|p1b: Rotom|[from] ability: Levitate
|move|p2b: Archaludon|Dragon Pulse|p1a: Iron manicure
|-resisted|p1a: Iron manicure|1
|-crit|p1a: Iron manicure
|-damage|p1a: Iron manicure|26/100
|
|-weather|RainDance|[upkeep]
|-heal|p2b: Archaludon|86/100 brn|[from] item: Leftovers
|-damage|p2b: Archaludon|80/100 brn|[from] brn
|upkeep
|turn|8
|inactive|bananapanner has 30 seconds left.
|
|t:|1785176617
|move|p2a: Pelipper|Wide Guard|p2a: Pelipper
|-singleturn|p2a: Pelipper|Wide Guard
|move|p1b: Rotom|Thunderbolt|p2a: Pelipper
|-supereffective|p2a: Pelipper|2
|-damage|p2a: Pelipper|0 fnt
|faint|p2a: Pelipper
|move|p1a: Iron manicure|Earthquake|p2b: Archaludon|[spread] 
|-activate|p2b: Archaludon|move: Wide Guard
|-immune|p1b: Rotom|[from] ability: Levitate
|move|p2b: Archaludon|Flash Cannon|p1b: Rotom
|-resisted|p1b: Rotom|2
|-damage|p1b: Rotom|0 fnt
|faint|p1b: Rotom
|
|-weather|RainDance|[upkeep]
|-heal|p2b: Archaludon|86/100 brn|[from] item: Leftovers
|-damage|p2b: Archaludon|80/100 brn|[from] brn
|upkeep
|
|t:|1785176625
|switch|p1b: Dust bunny Jr.|Tyranitar, L50, F, shiny|100/100
|switch|p2a: Swampert|Swampert, L50, F|100/100
|-weather|Sandstorm|[from] ability: Sand Stream|[of] p1b: Dust bunny Jr.
|turn|9
|inactive|bananapanner has 30 seconds left.
|inactive|bananapanner has 20 seconds left.
|inactive|bananapanner has 15 seconds left.
|inactive|bananapanner has 10 seconds left.
|
|t:|1785176672
|detailschange|p2a: Swampert|Swampert-Mega, L50, F
|-mega|p2a: Swampert|Swampert|Swampertite
|move|p1b: Dust bunny Jr.|Protect|p1b: Dust bunny Jr.
|-singleturn|p1b: Dust bunny Jr.|Protect
|move|p1a: Iron manicure|Earthquake|p2b: Archaludon|[spread] p2a,p2b
|-activate|p1b: Dust bunny Jr.|move: Protect
|-supereffective|p2b: Archaludon|1
|-damage|p2a: Swampert|62/100
|-damage|p2b: Archaludon|37/100 brn
|-ability|p2b: Archaludon|Stamina|boost
|-boost|p2b: Archaludon|def|1
|move|p2a: Swampert|Wave Crash|p1b: Dust bunny Jr.
|-activate|p1b: Dust bunny Jr.|move: Protect
|move|p2b: Archaludon|Dragon Pulse|p1a: Iron manicure
|-resisted|p1a: Iron manicure|1
|-damage|p1a: Iron manicure|0 fnt
|faint|p1a: Iron manicure
|
|-weather|Sandstorm|[upkeep]
|-heal|p2b: Archaludon|43/100 brn|[from] item: Leftovers
|-damage|p2b: Archaludon|37/100 brn|[from] brn
|-sideend|p1: bananapanner|move: Light Screen
|upkeep
|turn|10
|j| tedidn
|
|t:|1785176684
|detailschange|p1b: Dust bunny Jr.|Tyranitar-Mega, L50, F, shiny
|-mega|p1b: Dust bunny Jr.|Tyranitar|Tyranitarite
|move|p2a: Swampert|Wave Crash|p1b: Dust bunny Jr.
|-supereffective|p1b: Dust bunny Jr.|1
|-crit|p1b: Dust bunny Jr.
|-damage|p1b: Dust bunny Jr.|0 fnt
|faint|p1b: Dust bunny Jr.
|-damage|p2a: Swampert|29/100|[from] Recoil
|
|win|Rantix D Red
