|j|â˜†mr.pickup
|j|â˜†TheAlb
|html|mr.pickupTheAlb    
|uhtml|bestof|Game 1 of a best-of-3
|t:|1786065607
|gametype|doubles
|player|p1|mr.pickup|101|
|player|p2|TheAlb|169|
|gen|9
|tier|[Gen 9 Champions] VGC 2026 Reg M-B (Bo3)
|rule|Species Clause: Limit one of each PokÃ©mon
|rule|Item Clause: Limit 1 of each item
|clearpoke
|poke|p1|Torkoal, L50, F|
|poke|p1|Kangaskhan, L50, F|
|poke|p1|Farigiraf, L50, F|
|poke|p1|Mawile, L50, F|
|poke|p1|Basculegion, L50, M|
|poke|p1|Vileplume, L50, M|
|poke|p2|Scovillain, L50, M|
|poke|p2|Excadrill, L50, M|
|poke|p2|Tyranitar, L50, M|
|poke|p2|Basculegion, L50, M|
|poke|p2|Corviknight, L50, F|
|poke|p2|Sneasler, L50, F|
|teampreview|4
|showteam|p1|Torkoal||Charcoal|Drought|WeatherBall,Eruption,EarthPower,Protect|Quiet||F|||50|]Kangaskhan||LifeOrb|Scrappy|FakeOut,DoubleEdge,IcePunch,LowKick|Adamant||F|||50|]Farigiraf||SitrusBerry|ArmorTail|Psychic,Thunderbolt,HelpingHand,TrickRoom|Relaxed||F|||50|]Mawile||Mawilite|Intimidate|PlayRough,SuckerPunch,RockSlide,Protect|Brave||F|||50|]Basculegion||FocusSash|Adaptability|LastRespects,Liquidation,AquaJet,Protect|Adamant||M|||50|]Vileplume||WideLens|Chlorophyll|SludgeBomb,LeafStorm,AfterYou,SleepPowder|Modest||M|||50|
|showteam|p2|Scovillain||Scovillainite|Moody|Overheat,GigaDrain,RagePowder,Protect|Modest||M|||50|]Excadrill||FocusSash|SandRush|HighHorsepower,IronHead,RockSlide,Protect|Adamant||M|||50|]Tyranitar||Tyranitarite|SandStream|RockSlide,KnockOff,LowKick,Protect|Adamant||M|||50|]Basculegion||ChoiceScarf|Adaptability|WaveCrash,FlipTurn,AquaJet,LastRespects|Jolly||M|||50|]Corviknight||Leftovers|MirrorArmor|BraveBird,IronHead,BulkUp,Tailwind|Adamant||F|||50|]Sneasler||WhiteHerb|Unburden|DireClaw,CloseCombat,FakeOut,Protect|Jolly||F|||50|
|inactive|Battle timer is ON: inactive players will automatically lose when time's up. (requested by mr.pickup)
|c|â˜†mr.pickup|gl hg
|c|â˜†TheAlb|gl hf!!
|inactive|mr.pickup has 60 seconds left.
|inactive|TheAlb has 60 seconds left.
|
|t:|1786065657
|teamsize|p1|4
|teamsize|p2|4
|start
|switch|p1a: Kangaskhan|Kangaskhan, L50, F|100/100
|switch|p1b: Farigiraf|Farigiraf, L50, F|100/100
|switch|p2a: Basculegion|Basculegion, L50, M|100/100
|switch|p2b: Sneasler|Sneasler, L50, F|100/100
|turn|1
|
|t:|1786065668
|move|p2b: Sneasler|Protect|p2b: Sneasler
|-singleturn|p2b: Sneasler|Protect
|move|p1a: Kangaskhan|Fake Out|p2a: Basculegion
|-damage|p2a: Basculegion|71/100
|-damage|p1a: Kangaskhan|90/100|[from] item: Life Orb
|cant|p2a: Basculegion|flinch
|move|p1b: Farigiraf|Trick Room|p1b: Farigiraf
|-fieldstart|move: Trick Room|[of] p1b: Farigiraf
|
|upkeep
|turn|2
|inactive|TheAlb has 30 seconds left.
|
|t:|1786065697
|move|p1b: Farigiraf|Psychic|p2b: Sneasler
|-supereffective|p2b: Sneasler|2
|-damage|p2b: Sneasler|0 fnt
|faint|p2b: Sneasler
|move|p1a: Kangaskhan|Low Kick|p2a: Basculegion
|-damage|p2a: Basculegion|25/100
|-damage|p1a: Kangaskhan|80/100|[from] item: Life Orb
|move|p2a: Basculegion|Wave Crash|p1b: Farigiraf
|-damage|p1b: Farigiraf|38/100
|-enditem|p1b: Farigiraf|Sitrus Berry|[eat]
|-heal|p1b: Farigiraf|62/100|[from] item: Sitrus Berry
|-damage|p2a: Basculegion|1/100|[from] Recoil
|
|upkeep
|
|t:|1786065700
|switch|p2b: Tyranitar|Tyranitar, L50, M|100/100
|-weather|Sandstorm|[from] ability: Sand Stream|[of] p2b: Tyranitar
|turn|3
|inactive|TheAlb has 30 seconds left.
|inactive|TheAlb has 20 seconds left.
|inactive|TheAlb has 15 seconds left.
|
|t:|1786065741
|switch|p1b: Mawile|Mawile, L50, F|100/100
|-ability|p1b: Mawile|Intimidate|boost
|-unboost|p2a: Basculegion|atk|1
|-unboost|p2b: Tyranitar|atk|1
|move|p2b: Tyranitar|Rock Slide|p1a: Kangaskhan|[spread] p1a,p1b
|-resisted|p1b: Mawile|1
|-damage|p1a: Kangaskhan|60/100
|-damage|p1b: Mawile|88/100
|move|p1a: Kangaskhan|Low Kick|p2b: Tyranitar
|-supereffective|p2b: Tyranitar|2
|-damage|p2b: Tyranitar|0 fnt
|faint|p2b: Tyranitar
|-damage|p1a: Kangaskhan|50/100g|[from] item: Life Orb
|move|p2a: Basculegion|Wave Crash|p1b: Mawile
|-damage|p1b: Mawile|23/100
|-damage|p2a: Basculegion|0 fnt|[from] Recoil
|faint|p2a: Basculegion
|
|-weather|Sandstorm|[upkeep]
|-damage|p1a: Kangaskhan|44/100|[from] Sandstorm
|upkeep
|
|t:|1786065745
|switch|p2b: Excadrill|Excadrill, L50, M|100/100
|turn|4
|
|t:|1786065759
|detailschange|p1b: Mawile|Mawile-Mega, L50, F
|-mega|p1b: Mawile|Mawile|Mawilite
|move|p2b: Excadrill|Protect|p2b: Excadrill
|-singleturn|p2b: Excadrill|Protect
|move|p1b: Mawile|Play Rough|p2b: Excadrill
|-activate|p2b: Excadrill|move: Protect
|move|p1a: Kangaskhan|Low Kick|p2b: Excadrill
|-activate|p2b: Excadrill|move: Protect
|
|-weather|Sandstorm|[upkeep]
|-damage|p1a: Kangaskhan|38/100|[from] Sandstorm
|upkeep
|turn|5
|
|t:|1786065772
|move|p1b: Mawile|Play Rough|p2b: Excadrill
|-resisted|p2b: Excadrill|1
|-damage|p2b: Excadrill|35/100
|move|p1a: Kangaskhan|Low Kick|p2b: Excadrill
|-supereffective|p2b: Excadrill|1
|-damage|p2b: Excadrill|0 fnt
|faint|p2b: Excadrill
|-damage|p1a: Kangaskhan|28/100|[from] item: Life Orb
|
|win|mr.pickup
|c|â˜†TheAlb|gg
||TheAlb is ready for game 2.
|c|â˜†mr.pickup|gr
||mr.pickup is ready for game 2.
|uhtml|next|Next: Game 2 of 3
