|j|☆Akkachi
|j|☆Asladom
|html|AkkachiAsladom    
|uhtml|bestof|Game 2 of a best-of-3
|t:|1784073541
|gametype|doubles
|player|p1|Akkachi|hilbert|
|player|p2|Asladom|pokekid|
|gen|9
|tier|[Gen 9 Champions] VGC 2026 Reg M-B (Bo3)
|rule|Species Clause: Limit one of each Pokémon
|rule|Item Clause: Limit 1 of each item
|clearpoke
|poke|p1|Gengar, L50, F, shiny|
|poke|p1|Sneasler, L50, F|
|poke|p1|Dragonite, L50, F|
|poke|p1|Vivillon-Pokeball, L50, M|
|poke|p1|Ceruledge, L50, F|
|poke|p1|Staraptor, L50, F|
|poke|p2|Falinks, L50|
|poke|p2|Malamar, L50, M|
|poke|p2|Clefable, L50, M|
|poke|p2|Armarouge, L50, M|
|poke|p2|Empoleon, L50, F|
|poke|p2|Ninetales-Alola, L50, F|
|teampreview|4
|showteam|p1|Gengar||Gengarite|CursedBody|PerishSong,WillOWisp,ShadowBall,Protect|Modest||F|||50|]Sneasler||WhiteHerb|Unburden|FakeOut,CloseCombat,DireClaw,Protect|Adamant||F|||50|]Dragonite||DragonFang|Multiscale|ExtremeSpeed,DragonClaw,LowKick,Protect|Adamant||F|||50|]Vivillon-Pokeball||FocusSash|CompoundEyes|SleepPowder,RagePowder,Hurricane,Protect|Timid||M|||50|]Ceruledge||ColburBerry|FlashFire|BitterBlade,ShadowSneak,BulkUp,Protect|Adamant||F|||50|]Staraptor||ChoiceScarf|Intimidate|BraveBird,CloseCombat,Uturn,FinalGambit|Jolly||F|||50|
|showteam|p2|Falinks||Falinksite|Defiant|CloseCombat,KnockOff,NoRetreat,Protect|Jolly|||||50|]Malamar||SitrusBerry|Contrary|StoredPower,PsychUp,SkillSwap,Protect|Timid||M|||50|]Clefable||Clefablite|Unaware|Moonblast,DrainingKiss,LifeDew,FollowMe|Bold||M|||50|]Armarouge||FocusSash|WeakArmor|ArmorCannon,Psychic,PsychUp,Protect|Modest||M|||50|]Empoleon||Leftovers|Competitive|IceBeam,FlashCannon,ChillingWater,Protect|Modest||F|||50|]Ninetales-Alola||LightClay|SnowWarning|Blizzard,DazzlingGleam,AuroraVeil,Protect|Timid||F|||50|
|
|t:|1784073584
|teamsize|p1|4
|teamsize|p2|4
|start
|switch|p1a: Vivillon|Vivillon-Pokeball, L50, M|100/100
|switch|p1b: Sneasler|Sneasler, L50, F|100/100
|switch|p2a: Falinks|Falinks, L50|100/100
|switch|p2b: Armarouge|Armarouge, L50, M|100/100
|turn|1
|
|t:|1784073612
|detailschange|p2a: Falinks|Falinks-Mega, L50
|-mega|p2a: Falinks|Falinks|Falinksite
|move|p1b: Sneasler|Fake Out|p2a: Falinks
|-damage|p2a: Falinks|87/100
|cant|p2a: Falinks|flinch
|move|p1a: Vivillon|Sleep Powder|p2b: Armarouge
|-status|p2b: Armarouge|slp|[from] move: Sleep Powder
|cant|p2b: Armarouge|slp
|
|upkeep
|turn|2
|
|t:|1784073657
|switch|p1b: Gasparzinho|Gengar, L50, F, shiny|100/100
|move|p2a: Falinks|No Retreat|p2a: Falinks
|-boost|p2a: Falinks|atk|1
|-boost|p2a: Falinks|def|1
|-boost|p2a: Falinks|spa|1
|-boost|p2a: Falinks|spd|1
|-boost|p2a: Falinks|spe|1
|-start|p2a: Falinks|move: No Retreat
|move|p1a: Vivillon|Hurricane|p2a: Falinks
|-supereffective|p2a: Falinks|1
|-damage|p2a: Falinks|0 fnt
|faint|p2a: Falinks
|cant|p2b: Armarouge|slp
|
|upkeep
|
|t:|1784073671
|switch|p2a: Ninetales|Ninetales-Alola, L50, F|100/100
|-weather|Snowscape|[from] ability: Snow Warning|[of] p2a: Ninetales
|turn|3
|
|t:|1784073688
|detailschange|p1b: Gasparzinho|Gengar-Mega, L50, F, shiny
|-mega|p1b: Gasparzinho|Gengar|Gengarite
|move|p2a: Ninetales|Protect|p2a: Ninetales
|-singleturn|p2a: Ninetales|Protect
|-curestatus|p2b: Armarouge|slp|[msg]
|move|p2b: Armarouge|Protect|p2b: Armarouge
|-singleturn|p2b: Armarouge|Protect
|move|p1b: Gasparzinho|Perish Song|p1b: Gasparzinho
|-start|p1a: Vivillon|perish3|[silent]
|-start|p1b: Gasparzinho|perish3|[silent]
|-start|p2a: Ninetales|perish3|[silent]
|-start|p2b: Armarouge|perish3|[silent]
|-fieldactivate|move: Perish Song
|move|p1a: Vivillon|Sleep Powder|p2a: Ninetales
|-activate|p2a: Ninetales|move: Protect
|
|-weather|Snowscape|[upkeep]
|-start|p1b: Gasparzinho|perish3
|-start|p2a: Ninetales|perish3
|-start|p1a: Vivillon|perish3
|-start|p2b: Armarouge|perish3
|upkeep
|turn|4
|
|t:|1784073736
|move|p1b: Gasparzinho|Protect|p1b: Gasparzinho
|-singleturn|p1b: Gasparzinho|Protect
|move|p2a: Ninetales|Blizzard|p1b: Gasparzinho|[spread] p1a
|-activate|p1b: Gasparzinho|move: Protect
|-supereffective|p1a: Vivillon|1
|-enditem|p1a: Vivillon|Focus Sash
|-damage|p1a: Vivillon|1/100
|move|p1a: Vivillon|Sleep Powder|p2a: Ninetales
|-status|p2a: Ninetales|slp|[from] move: Sleep Powder
|move|p2b: Armarouge|Psychic|p1b: Gasparzinho
|-activate|p1b: Gasparzinho|move: Protect
|
|-weather|Snowscape|[upkeep]
|-start|p1b: Gasparzinho|perish2
|-start|p2a: Ninetales|perish2
|-start|p1a: Vivillon|perish2
|-start|p2b: Armarouge|perish2
|upkeep
|turn|5
|
|t:|1784073761
|move|p1b: Gasparzinho|Protect||[still]
|-fail|p1b: Gasparzinho
|move|p1a: Vivillon|Rage Powder|p1a: Vivillon
|-singleturn|p1a: Vivillon|move: Rage Powder
|cant|p2a: Ninetales|slp
|move|p2b: Armarouge|Psychic|p1a: Vivillon
|-damage|p1a: Vivillon|0 fnt
|faint|p1a: Vivillon
|
|-weather|Snowscape|[upkeep]
|-start|p1b: Gasparzinho|perish1
|-start|p2a: Ninetales|perish1
|-start|p2b: Armarouge|perish1
|upkeep
|
|t:|1784073773
|switch|p1a: Sneasler|Sneasler, L50, F|100/100
|turn|6
|
|t:|1784073794
|switch|p1b: Passaro MCR|Staraptor, L50, F|100/100
|-ability|p1b: Passaro MCR|Intimidate|boost
|-unboost|p2a: Ninetales|atk|1
|-unboost|p2b: Armarouge|atk|1
|move|p1a: Sneasler|Protect|p1a: Sneasler
|-singleturn|p1a: Sneasler|Protect
|-curestatus|p2a: Ninetales|slp|[msg]
|move|p2a: Ninetales|Blizzard|p1b: Passaro MCR|[spread] p1b
|-activate|p1a: Sneasler|move: Protect
|-supereffective|p1b: Passaro MCR|1
|-damage|p1b: Passaro MCR|0 fnt
|faint|p1b: Passaro MCR
|move|p2b: Armarouge|Psychic|p1a: Sneasler
|-activate|p1a: Sneasler|move: Protect
|
|-weather|Snowscape|[upkeep]
|-start|p2a: Ninetales|perish0
|-start|p2b: Armarouge|perish0
|faint|p2a: Ninetales
|faint|p2b: Armarouge
|upkeep
|
|t:|1784073854
|switch|p1b: Gasparzinho|Gengar-Mega, L50, F, shiny|100/100
|switch|p2b: Empoleon|Empoleon, L50, F|100/100
|turn|7
|
|t:|1784073871
|move|p1b: Gasparzinho|Perish Song|p1b: Gasparzinho
|-start|p1a: Sneasler|perish3|[silent]
|-start|p1b: Gasparzinho|perish3|[silent]
|-start|p2b: Empoleon|perish3|[silent]
|-fieldactivate|move: Perish Song
|move|p1a: Sneasler|Close Combat|p2b: Empoleon
|-supereffective|p2b: Empoleon|1
|-damage|p2b: Empoleon|0 fnt
|-unboost|p1a: Sneasler|def|1
|-unboost|p1a: Sneasler|spd|1
|faint|p2b: Empoleon
|
|win|Akkachi
||Asladom is ready for game 3.
