|j|☆plaidhaxx
|j|☆KingNoahC17
|html|plaidhaxxKingNoahC17    
|uhtml|bestof|Game 2 of a best-of-3
|t:|1785956325
|gametype|doubles
|player|p1|plaidhaxx|grimsley|
|player|p2|KingNoahC17|alec-anime|
|gen|9
|tier|[Gen 9 Champions] VGC 2026 Reg M-B (Bo3)
|rule|Species Clause: Limit one of each Pokémon
|rule|Item Clause: Limit 1 of each item
|clearpoke
|poke|p1|Kommo-o, L50, F|
|poke|p1|Excadrill, L50, F|
|poke|p1|Tyranitar, L50, M|
|poke|p1|Grimmsnarl, L50, M|
|poke|p1|Scovillain, L50, M|
|poke|p1|Basculegion, L50, M|
|poke|p2|Garchomp, L50, F|
|poke|p2|Floette-Eternal, L50, F|
|poke|p2|Grimmsnarl, L50, M|
|poke|p2|Incineroar, L50, M|
|poke|p2|Metagross, L50|
|poke|p2|Hydreigon, L50, M|
|teampreview|4
|showteam|p1|Kommo-o||Leftovers|Overcoat|ClangingScales,ClangorousSoul,AuraSphere,Protect|Modest||F|||50|]Excadrill||LifeOrb|SandRush|HighHorsepower,RockSlide,IronHead,Protect|Adamant||F|||50|]Tyranitar||Tyranitarite|SandStream|DragonDance,RockSlide,KnockOff,Protect|Jolly||M|||50|]Grimmsnarl||LightClay|Prankster|SpiritBreak,LightScreen,Reflect,FakeOut|Impish||M|||50|]Scovillain||Scovillainite|Moody|Protect,RagePowder,Overheat,EnergyBall|Bold||M|||50|]Basculegion||ChoiceScarf|Adaptability|WaveCrash,LastRespects,AquaJet,FlipTurn|Adamant||M|||50|
|showteam|p2|Garchomp||SitrusBerry|RoughSkin|Earthquake,DragonClaw,RockSlide,Protect|Adamant||F|||50|]Floette-Eternal||Floettite|FlowerVeil|DrainingKiss,DazzlingGleam,CalmMind,Protect|Modest||F|||50|]Grimmsnarl||LightClay|Prankster|SpiritBreak,Reflect,LightScreen,PartingShot|Careful||M|||50|]Incineroar||Charcoal|Intimidate|FlareBlitz,ThroatChop,FakeOut,PartingShot|Adamant||M|||50|]Metagross||Metagrossite|ClearBody|Protect,PsychicFangs,IronHead,StompingTantrum|Jolly|||||50|]Hydreigon||ChoiceScarf|Levitate|DarkPulse,DracoMeteor,Snarl,EarthPower|Modest||M|||50|
|
|t:|1785956401
|teamsize|p1|4
|teamsize|p2|4
|start
|switch|p1a: Tyranitar|Tyranitar, L50, M|100/100
|switch|p1b: Grimmsnarl|Grimmsnarl, L50, M|100/100
|switch|p2a: Grimmsnarl|Grimmsnarl, L50, M|100/100
|switch|p2b: Floette|Floette-Eternal, L50, F|100/100
|-weather|Sandstorm|[from] ability: Sand Stream|[of] p1a: Tyranitar
|turn|1
|
|t:|1785956433
|detailschange|p2b: Floette|Floette-Mega, L50, F
|-mega|p2b: Floette|Floette|Floettite
|-ability|p2b: Floette|Fairy Aura
|detailschange|p1a: Tyranitar|Tyranitar-Mega, L50, M
|-mega|p1a: Tyranitar|Tyranitar|Tyranitarite
|move|p2a: Grimmsnarl|Reflect|p2a: Grimmsnarl
|-sidestart|p2: KingNoahC17|Reflect
|move|p1b: Grimmsnarl|Light Screen|p1b: Grimmsnarl
|-sidestart|p1: plaidhaxx|move: Light Screen
|move|p2b: Floette|Calm Mind|p2b: Floette
|-boost|p2b: Floette|spa|1
|-boost|p2b: Floette|spd|1
|move|p1a: Tyranitar|Dragon Dance|p1a: Tyranitar
|-boost|p1a: Tyranitar|atk|1
|-boost|p1a: Tyranitar|spe|1
|
|-weather|Sandstorm|[upkeep]
|-damage|p2b: Floette|93/100|[from] Sandstorm
|-damage|p2a: Grimmsnarl|94/100|[from] Sandstorm
|-damage|p1b: Grimmsnarl|94/100|[from] Sandstorm
|upkeep
|turn|2
|
|t:|1785956463
|switch|p2a: Incineroar|Incineroar, L50, M|100/100
|-ability|p2a: Incineroar|Intimidate|boost
|-unboost|p1a: Tyranitar|atk|1
|-unboost|p1b: Grimmsnarl|atk|1
|move|p1a: Tyranitar|Rock Slide|p2b: Floette|[spread] p2a,p2b
|-supereffective|p2a: Incineroar|1
|-damage|p2a: Incineroar|60/100
|-damage|p2b: Floette|69/100
|cant|p2b: Floette|flinch
|move|p1b: Grimmsnarl|Spirit Break|p2b: Floette
|-damage|p2b: Floette|50/100g
|-unboost|p2b: Floette|spa|1
|
|-weather|Sandstorm|[upkeep]
|-damage|p2b: Floette|44/100|[from] Sandstorm
|-damage|p2a: Incineroar|54/100|[from] Sandstorm
|-damage|p1b: Grimmsnarl|88/100|[from] Sandstorm
|upkeep
|turn|3
|
|t:|1785956493
|move|p2a: Incineroar|Fake Out|p1a: Tyranitar
|-resisted|p1a: Tyranitar|1
|-damage|p1a: Tyranitar|95/100
|cant|p1a: Tyranitar|flinch
|move|p2b: Floette|Dazzling Gleam|p1b: Grimmsnarl|[spread] p1a,p1b
|-supereffective|p1a: Tyranitar|1
|-supereffective|p1b: Grimmsnarl|1
|-damage|p1a: Tyranitar|64/100
|-damage|p1b: Grimmsnarl|30/100
|move|p1b: Grimmsnarl|Spirit Break|p2b: Floette
|-damage|p2b: Floette|25/100
|-unboost|p2b: Floette|spa|1
|
|-weather|Sandstorm|[upkeep]
|-damage|p2b: Floette|19/100|[from] Sandstorm
|-damage|p2a: Incineroar|48/100|[from] Sandstorm
|-damage|p1b: Grimmsnarl|24/100|[from] Sandstorm
|upkeep
|turn|4
|
|t:|1785956512
|switch|p2b: Grimmsnarl|Grimmsnarl, L50, M|94/100
|move|p1a: Tyranitar|Rock Slide|p2b: Grimmsnarl|[spread] p2a,p2b
|-supereffective|p2a: Incineroar|1
|-damage|p2a: Incineroar|6/100
|-damage|p2b: Grimmsnarl|71/100
|move|p2a: Incineroar|Parting Shot|p1a: Tyranitar
|-unboost|p1a: Tyranitar|atk|1
|-unboost|p1a: Tyranitar|spa|1
|
|t:|1785956526
|switch|p2a: Hydreigon|Hydreigon, L50, M|100/100|[from] Parting Shot
|move|p1b: Grimmsnarl|Spirit Break|p2a: Hydreigon
|-supereffective|p2a: Hydreigon|2
|-damage|p2a: Hydreigon|40/100
|-unboost|p2a: Hydreigon|spa|1
|
|-weather|Sandstorm|[upkeep]
|-damage|p2a: Hydreigon|34/100|[from] Sandstorm
|-damage|p2b: Grimmsnarl|65/100|[from] Sandstorm
|-damage|p1b: Grimmsnarl|18/100|[from] Sandstorm
|upkeep
|turn|5
|
|t:|1785956550
|move|p2a: Hydreigon|Earth Power|p1a: Tyranitar
|-supereffective|p1a: Tyranitar|1
|-damage|p1a: Tyranitar|47/100
|move|p1a: Tyranitar|Rock Slide|p2a: Hydreigon|[spread] p2a,p2b
|-damage|p2a: Hydreigon|17/100
|-damage|p2b: Grimmsnarl|51/100
|move|p2b: Grimmsnarl|Spirit Break|p1b: Grimmsnarl
|-supereffective|p1b: Grimmsnarl|1
|-damage|p1b: Grimmsnarl|0 fnt
|faint|p1b: Grimmsnarl
|
|-weather|none
|upkeep
|
|t:|1785956574
|switch|p1b: Basculegion|Basculegion, L50, M|100/100
|turn|6
|
|t:|1785956589
|switch|p2a: Incineroar|Incineroar, L50, M|6/100
|-ability|p2a: Incineroar|Intimidate|boost
|-unboost|p1a: Tyranitar|atk|1
|-unboost|p1b: Basculegion|atk|1
|move|p1a: Tyranitar|Dragon Dance|p1a: Tyranitar
|-boost|p1a: Tyranitar|atk|1
|-boost|p1a: Tyranitar|spe|1
|move|p1b: Basculegion|Wave Crash|p2b: Grimmsnarl
|-damage|p2b: Grimmsnarl|14/100
|-damage|p1b: Basculegion|87/100|[from] Recoil
|move|p2b: Grimmsnarl|Spirit Break|p1a: Tyranitar
|-supereffective|p1a: Tyranitar|1
|-damage|p1a: Tyranitar|7/100
|-unboost|p1a: Tyranitar|spa|1
|
|upkeep
|turn|7
|
|t:|1785956642
|move|p1a: Tyranitar|Protect|p1a: Tyranitar
|-singleturn|p1a: Tyranitar|Protect
|move|p2a: Incineroar|Fake Out|p1a: Tyranitar
|-activate|p1a: Tyranitar|move: Protect
|move|p2b: Grimmsnarl|Parting Shot|p1b: Basculegion
|-unboost|p1b: Basculegion|atk|1
|-unboost|p1b: Basculegion|spa|1
|
|t:|1785956645
|switch|p2b: Hydreigon|Hydreigon, L50, M|17/100|[from] Parting Shot
|move|p1b: Basculegion|Wave Crash|p2a: Incineroar
|-supereffective|p2a: Incineroar|1
|-damage|p2a: Incineroar|0 fnt
|faint|p2a: Incineroar
|-damage|p1b: Basculegion|85/100|[from] Recoil
|
|upkeep
|
|t:|1785956656
|switch|p2a: Floette|Floette-Mega, L50, F|19/100
|-ability|p2a: Floette|Fairy Aura
|turn|8
|
|t:|1785956669
|move|p1a: Tyranitar|Rock Slide|p2b: Hydreigon|[spread] p2a,p2b
|-crit|p2a: Floette
|-damage|p2a: Floette|0 fnt
|-damage|p2b: Hydreigon|2/100
|faint|p2a: Floette
|move|p2b: Hydreigon|Dark Pulse|p1a: Tyranitar
|-resisted|p1a: Tyranitar|1
|-damage|p1a: Tyranitar|0 fnt
|faint|p1a: Tyranitar
|move|p1b: Basculegion|Wave Crash|p2b: Hydreigon
|-resisted|p2b: Hydreigon|1
|-damage|p2b: Hydreigon|0 fnt
|faint|p2b: Hydreigon
|-damage|p1b: Basculegion|84/100|[from] Recoil
|
|-sideend|p2: KingNoahC17|Reflect
|-sideend|p1: plaidhaxx|move: Light Screen
|upkeep
|
|t:|1785956686
|switch|p2b: Grimmsnarl|Grimmsnarl, L50, M|14/100
|switch|p1a: Excadrill|Excadrill, L50, F|100/100
|turn|9
|
|t:|1785956692
|move|p2b: Grimmsnarl|Reflect|p2b: Grimmsnarl
|-sidestart|p2: KingNoahC17|Reflect
|move|p1b: Basculegion|Wave Crash|p2b: Grimmsnarl
|-damage|p2b: Grimmsnarl|0 fnt
|faint|p2b: Grimmsnarl
|-damage|p1b: Basculegion|79/100|[from] Recoil
|
|win|plaidhaxx
