|j|☆chrissssvigisi
|j|☆Dragynez
|html|chrissssvigisiDragynez    
|uhtml|bestof|Game 3 of a best-of-3
|t:|1756310030
|gametype|doubles
|player|p1|chrissssvigisi|170|1092
|player|p2|Dragynez|zinzolin|1000
|gen|9
|tier|[Gen 9] VGC 2025 Reg H (Bo3)
|rated|
|rule|Species Clause: Limit one of each Pokémon
|rule|Item Clause: Limit 1 of each item
|clearpoke
|poke|p1|Dragapult, L50, F|
|poke|p1|Farigiraf, L50, F|
|poke|p1|Incineroar, L50, M|
|poke|p1|Primarina, L50, M|
|poke|p1|Rillaboom, L50, F|
|poke|p1|Ursaluna, L50, M|
|poke|p2|Pelipper, L50, F|
|poke|p2|Basculegion, L50, M|
|poke|p2|Archaludon, L50, M|
|poke|p2|Salamence, L50, M|
|poke|p2|Rillaboom, L50, F|
|poke|p2|Grimmsnarl, L50, M|
|teampreview|4
|showteam|p1|Dragapult||ChoiceBand|ClearBody|Outrage,PhantomForce,DragonDarts,Uturn|||F|||50|,,,,,Dragon]Farigiraf||SitrusBerry|ArmorTail|Psychic,HelpingHand,TrickRoom,Protect|||F|||50|,,,,,Fairy]Incineroar||SafetyGoggles|Intimidate|FlareBlitz,KnockOff,FakeOut,PartingShot|||M|||50|,,,,,Ghost]Primarina||MysticWater|LiquidVoice|Moonblast,HyperVoice,Haze,Protect|||M|||50|,,,,,Grass]Rillaboom||AssaultVest|GrassySurge|WoodHammer,GrassyGlide,Uturn,FakeOut|||F|||50|,,,,,Fire]Ursaluna||FlameOrb|Guts|HeadlongRush,Facade,SwordsDance,Protect|||M|||50|,,,,,Ghost
|showteam|p2|Pelipper||FocusSash|Drizzle|Hurricane,WeatherBall,Protect,WideGuard|||F|||50|,,,,,Ghost]Basculegion||ChoiceBand|SwiftSwim|LastRespects,WaveCrash,AquaJet,FlipTurn|||M|||50|,,,,,Grass]Archaludon||AssaultVest|Stamina|ElectroShot,BodyPress,FlashCannon,DracoMeteor|||M|||50|,,,,,Bug]Salamence||SafetyGoggles|Intimidate|DualWingbeat,RainDance,Tailwind,Protect|||M|||50|,,,,,Flying]Rillaboom||LoadedDice|GrassySurge|FakeOut,BulletSeed,GrassyGlide,HighHorsepower|||F|||50|,,,,,Fire]Grimmsnarl||LightClay|Prankster|Taunt,ThunderWave,LightScreen,SpiritBreak|||M|||50|,,,,,Ghost
|inactive|Battle timer is ON: inactive players will automatically lose when time's up. (requested by chrissssvigisi)
|inactive|Dragynez has 60 seconds left.
|inactive|Dragynez has 30 seconds left.
|inactive|Dragynez has 20 seconds left.
|inactive|Dragynez has 15 seconds left.
|
|t:|1756310128
|teamsize|p1|4
|teamsize|p2|4
|start
|switch|p1a: Dragapult|Dragapult, L50, F, shiny|100/100
|switch|p1b: Incineroar|Incineroar, L50, M|100/100
|switch|p2a: Pelipper|Pelipper, L50, F|100/100
|switch|p2b: Archaludon|Archaludon, L50, M|100/100
|-ability|p1b: Incineroar|Intimidate|boost
|-unboost|p2a: Pelipper|atk|1
|-unboost|p2b: Archaludon|atk|1
|-weather|RainDance|[from] ability: Drizzle|[of] p2a: Pelipper
|turn|1
|inactive|Dragynez has 30 seconds left.
|inactive|Dragynez has 20 seconds left.
|inactive|Dragynez has 15 seconds left.
|inactive|Dragynez has 10 seconds left.
|
|t:|1756310175
|move|p2a: Pelipper|Protect|p2a: Pelipper
|-singleturn|p2a: Pelipper|Protect
|move|p1b: Incineroar|Fake Out|p2a: Pelipper
|-activate|p2a: Pelipper|move: Protect
|move|p1a: Dragapult|Phantom Force||[still]
|-prepare|p1a: Dragapult|Phantom Force
|move|p2b: Archaludon|Electro Shot||[still]
|-prepare|p2b: Archaludon|Electro Shot
|-boost|p2b: Archaludon|spa|1
|-anim|p2b: Archaludon|Electro Shot|p1a: Dragapult|[miss]
|-miss|p2b: Archaludon|p1a: Dragapult
|
|-weather|RainDance|[upkeep]
|upkeep
|turn|2
|inactive|Dragynez has 30 seconds left.
|inactive|Dragynez has 20 seconds left.
|inactive|Dragynez has 15 seconds left.
|
|t:|1756310220
|switch|p1b: Primarina|Primarina, L50, M|100/100
|move|p1a: Dragapult|Phantom Force|p2b: Archaludon|[from] lockedmove
|-damage|p2b: Archaludon|44/100
|-ability|p2b: Archaludon|Stamina|boost
|-boost|p2b: Archaludon|def|1
|move|p2b: Archaludon|Draco Meteor|p1a: Dragapult
|-supereffective|p1a: Dragapult
|-damage|p1a: Dragapult|0 fnt
|-unboost|p2b: Archaludon|spa|2
|faint|p1a: Dragapult
|move|p2a: Pelipper|Weather Ball|p1b: Primarina
|-resisted|p1b: Primarina
|-damage|p1b: Primarina|71/100
|
|-weather|RainDance|[upkeep]
|upkeep
|
|t:|1756310232
|switch|p1a: Rillaboom|Rillaboom, L50, F|100/100
|-fieldstart|move: Grassy Terrain|[from] ability: Grassy Surge|[of] p1a: Rillaboom
|turn|3
|inactive|Dragynez has 30 seconds left.
|inactive|Dragynez has 20 seconds left.
|inactive|Dragynez has 15 seconds left.
|
|t:|1756310275
|-terastallize|p2a: Pelipper|Ghost
|-terastallize|p1b: Primarina|Grass
|move|p1a: Rillaboom|Fake Out|p2a: Pelipper
|-immune|p2a: Pelipper
|move|p2b: Archaludon|Electro Shot||[still]
|-prepare|p2b: Archaludon|Electro Shot
|-boost|p2b: Archaludon|spa|1
|-anim|p2b: Archaludon|Electro Shot|p1b: Primarina
|-resisted|p1b: Primarina
|-damage|p1b: Primarina|53/100
|move|p2a: Pelipper|Hurricane|p1a: Rillaboom
|-supereffective|p1a: Rillaboom
|-damage|p1a: Rillaboom|36/100
|move|p1b: Primarina|Moonblast|p2b: Archaludon
|-damage|p2b: Archaludon|7/100
|-ability|p2b: Archaludon|Stamina|boost
|-boost|p2b: Archaludon|def|1
|
|-weather|RainDance|[upkeep]
|-heal|p2b: Archaludon|13/100|[from] Grassy Terrain
|-heal|p1a: Rillaboom|42/100|[from] Grassy Terrain
|-heal|p1b: Primarina|59/100|[from] Grassy Terrain
|upkeep
|turn|4
|inactive|Dragynez has 30 seconds left.
|inactive|Dragynez has 20 seconds left.
|inactive|Dragynez has 15 seconds left.
|
|t:|1756310319
|move|p1a: Rillaboom|Grassy Glide|p2a: Pelipper
|-damage|p2a: Pelipper|53/100
|move|p2b: Archaludon|Body Press|p1a: Rillaboom
|-damage|p1a: Rillaboom|0 fnt
|faint|p1a: Rillaboom
|move|p2a: Pelipper|Hurricane|p1b: Primarina
|-supereffective|p1b: Primarina
|-damage|p1b: Primarina|0 fnt
|faint|p1b: Primarina
|
|-weather|RainDance|[upkeep]
|-heal|p2b: Archaludon|19/100|[from] Grassy Terrain
|-heal|p2a: Pelipper|59/100|[from] Grassy Terrain
|upkeep
|
|t:|1756310326
|switch|p1b: Incineroar|Incineroar, L50, M|100/100
|-ability|p1b: Incineroar|Intimidate|boost
|-unboost|p2a: Pelipper|atk|1
|-unboost|p2b: Archaludon|atk|1
|turn|5
|-message|chrissssvigisi forfeited.
|raw|chrissssvigisi's rating: 1092 → 1062(-30 for losing)
|raw|Dragynez's rating: 1000 → 1050(+50 for winning)
|
|win|Dragynez
|l|☆chrissssvigisi
|player|p1|
