|j|☆AndrewsWho
|j|☆nontelo
|html|AndrewsWhonontelo    
|uhtml|bestof|Game 3 of a best-of-3
|t:|1754918954
|gametype|doubles
|player|p1|AndrewsWho|infielder|1305
|player|p2|nontelo|cress|1368
|gen|9
|tier|[Gen 9] VGC 2025 Reg H (Bo3)
|rated|
|rule|Species Clause: Limit one of each Pokémon
|rule|Item Clause: Limit 1 of each item
|clearpoke
|poke|p1|Charizard, L50, F|
|poke|p1|Torkoal, L50, M|
|poke|p1|Porygon2, L50|
|poke|p1|Incineroar, L50, F|
|poke|p1|Jumpluff, L50, M|
|poke|p1|Ursaluna, L50, F|
|poke|p2|Skeledirge, L50, M|
|poke|p2|Ninetales-Alola, L50, F|
|poke|p2|Rillaboom, L50, M|
|poke|p2|Basculegion, L50, M|
|poke|p2|Annihilape, L50, M|
|poke|p2|Cryogonal, L50|
|teampreview|4
|showteam|p1|Charizard||ChoiceSpecs|SolarPower|HeatWave,Overheat,WeatherBall,AirSlash|||F|||50|,,,,,Ghost]Torkoal||EjectPack|Drought|Eruption,Overheat,HelpingHand,Protect|||M|||50|,,,,,Fire]Porygon2||Eviolite|Download|TeraBlast,IceBeam,Recover,TrickRoom||||||50|,,,,,Fighting]Incineroar||SitrusBerry|Intimidate|FlareBlitz,KnockOff,FakeOut,PartingShot|||F|||50|,,,,,Ghost]Jumpluff||CovertCloak|Chlorophyll|SleepPowder,SunnyDay,RagePowder,Tailwind|||M|||50|,,,,,Water]Ursaluna||FlameOrb|Guts|HeadlongRush,Facade,Earthquake,Protect|||F|||50|,,,,,Ghost
|showteam|p2|Skeledirge||GrassySeed|Unaware|TorchSong,Substitute,SlackOff,Protect|||M|||50|,,,,,Water]Ninetales-Alola||LightClay|SnowWarning|Blizzard,AuroraVeil,Encore,Protect|||F|||50|,,,,,Ghost]Rillaboom||AssaultVest|GrassySurge|WoodHammer,GrassyGlide,Uturn,FakeOut|||M|||50|,,,,,Fire]Basculegion||ChoiceScarf|Adaptability|WaveCrash,FlipTurn,AquaJet,LastRespects|||M|||50|,,,,,Water]Annihilape||SafetyGoggles|Defiant|FinalGambit,CloseCombat,RageFist,Protect|||M|||50|,,,,,Fighting]Cryogonal||ChoiceSpecs|Levitate|Blizzard,FreezeDry,SheerCold,FlashCannon||||||50|,,,,,Ice
|inactive|Battle timer is ON: inactive players will automatically lose when time's up. (requested by nontelo)
|
|t:|1754918974
|teamsize|p1|4
|teamsize|p2|4
|start
|switch|p1a: Jumpluff|Jumpluff, L50, M|100/100
|switch|p1b: Ursaluna|Ursaluna, L50, F|100/100
|switch|p2a: Skeledirge|Skeledirge, L50, M|100/100
|switch|p2b: Ninetales|Ninetales-Alola, L50, F|100/100
|-weather|Snowscape|[from] ability: Snow Warning|[of] p2b: Ninetales
|turn|1
|
|t:|1754918989
|-terastallize|p1b: Ursaluna|Ghost
|-terastallize|p2a: Skeledirge|Water
|move|p1a: Jumpluff|Tailwind|p1a: Jumpluff
|-sidestart|p1: AndrewsWho|move: Tailwind
|move|p1b: Ursaluna|Earthquake|p2b: Ninetales|[spread] p2a,p2b
|-immune|p1a: Jumpluff
|-damage|p2a: Skeledirge|62/100
|-damage|p2b: Ninetales|59/100
|move|p2b: Ninetales|Blizzard|p1b: Ursaluna|[spread] p1a,p1b
|-supereffective|p1a: Jumpluff
|-damage|p1a: Jumpluff|0 fnt
|-damage|p1b: Ursaluna|74/100
|faint|p1a: Jumpluff
|move|p2a: Skeledirge|Substitute|p2a: Skeledirge
|-start|p2a: Skeledirge|Substitute
|-damage|p2a: Skeledirge|37/100
|
|-weather|Snowscape|[upkeep]
|-status|p1b: Ursaluna|brn|[from] item: Flame Orb
|upkeep
|
|t:|1754919004
|switch|p1a: Charizard|Charizard, L50, F|100/100
|turn|2
|inactive|nontelo has 30 seconds left.
|
|t:|1754919033
|move|p2a: Skeledirge|Protect|p2a: Skeledirge
|-singleturn|p2a: Skeledirge|Protect
|move|p1a: Charizard|Heat Wave|p2a: Skeledirge|[spread] p2b
|-activate|p2a: Skeledirge|move: Protect
|-supereffective|p2b: Ninetales
|-damage|p2b: Ninetales|0 fnt
|faint|p2b: Ninetales
|move|p1b: Ursaluna|Earthquake|p2a: Skeledirge|[spread] 
|-activate|p2a: Skeledirge|move: Protect
|-immune|p1a: Charizard
|
|-weather|Snowscape|[upkeep]
|-damage|p1b: Ursaluna|68/100 brn|[from] brn
|upkeep
|
|t:|1754919040
|switch|p2b: Rillaboom|Rillaboom, L50, M|100/100
|-fieldstart|move: Grassy Terrain|[from] ability: Grassy Surge|[of] p2b: Rillaboom
|-enditem|p2a: Skeledirge|Grassy Seed
|-boost|p2a: Skeledirge|def|1|[from] item: Grassy Seed
|turn|3
|inactive|AndrewsWho has 30 seconds left.
|inactive|nontelo has 30 seconds left.
|
|t:|1754919075
|switch|p2b: Basculegion|Basculegion, L50, M|100/100
|move|p1a: Charizard|Heat Wave|p2b: Basculegion|[spread] p2a,p2b
|-resisted|p2a: Skeledirge
|-activate|p2a: Skeledirge|move: Substitute|[damage]
|-resisted|p2b: Basculegion
|-damage|p2b: Basculegion|74/100
|move|p1b: Ursaluna|Earthquake|p2b: Basculegion|[spread] p2a,p2b
|-immune|p1a: Charizard
|-end|p2a: Skeledirge|Substitute
|-damage|p2b: Basculegion|32/100
|move|p2a: Skeledirge|Torch Song|p1b: Ursaluna
|-damage|p1b: Ursaluna|38/100 brn
|-boost|p2a: Skeledirge|spa|1
|
|-weather|Snowscape|[upkeep]
|-heal|p1b: Ursaluna|44/100 brn|[from] Grassy Terrain
|-heal|p2b: Basculegion|38/100|[from] Grassy Terrain
|-heal|p2a: Skeledirge|44/100|[from] Grassy Terrain
|-damage|p1b: Ursaluna|38/100 brn|[from] brn
|upkeep
|turn|4
|inactive|nontelo has 30 seconds left.
|inactive|nontelo has 20 seconds left.
|inactive|nontelo has 15 seconds left.
|
|t:|1754919115
|move|p2a: Skeledirge|Protect|p2a: Skeledirge
|-singleturn|p2a: Skeledirge|Protect
|move|p1a: Charizard|Heat Wave|p2b: Basculegion|[spread] p2b
|-activate|p2a: Skeledirge|move: Protect
|-resisted|p2b: Basculegion
|-damage|p2b: Basculegion|11/100
|move|p1b: Ursaluna|Earthquake|p2a: Skeledirge|[spread] p2b
|-activate|p2a: Skeledirge|move: Protect
|-immune|p1a: Charizard
|-damage|p2b: Basculegion|0 fnt
|faint|p2b: Basculegion
|
|-weather|Snowscape|[upkeep]
|-heal|p1b: Ursaluna|44/100 brn|[from] Grassy Terrain
|-heal|p2a: Skeledirge|50/100|[from] Grassy Terrain
|-damage|p1b: Ursaluna|38/100 brn|[from] brn
|-sideend|p1: AndrewsWho|move: Tailwind
|upkeep
|
|t:|1754919132
|switch|p2b: Rillaboom|Rillaboom, L50, M|100/100
|turn|5
|
|t:|1754919137
|switch|p1b: Incineroar|Incineroar, L50, F|100/100
|-ability|p1b: Incineroar|Intimidate|boost
|-unboost|p2a: Skeledirge|atk|1
|-unboost|p2b: Rillaboom|atk|1
|move|p2b: Rillaboom|Fake Out|p1a: Charizard
|-damage|p1a: Charizard|87/100
|cant|p1a: Charizard|flinch
|move|p2a: Skeledirge|Torch Song|p1b: Incineroar
|-resisted|p1b: Incineroar
|-damage|p1b: Incineroar|80/100
|-boost|p2a: Skeledirge|spa|1
|
|-weather|none
|-heal|p1b: Incineroar|86/100|[from] Grassy Terrain
|-heal|p2a: Skeledirge|56/100|[from] Grassy Terrain
|upkeep
|turn|6
|
|t:|1754919149
|move|p1b: Incineroar|Fake Out|p2a: Skeledirge
|-damage|p2a: Skeledirge|49/100
|move|p1a: Charizard|Heat Wave|p2b: Rillaboom|[spread] p2a
|-miss|p1a: Charizard|p2b: Rillaboom
|-resisted|p2a: Skeledirge
|-damage|p2a: Skeledirge|32/100
|-status|p2a: Skeledirge|brn
|move|p2b: Rillaboom|Wood Hammer|p1b: Incineroar
|-resisted|p1b: Incineroar
|-damage|p1b: Incineroar|58/100
|-damage|p2b: Rillaboom|92/100|[from] Recoil
|cant|p2a: Skeledirge|flinch
|
|-heal|p2b: Rillaboom|98/100|[from] Grassy Terrain
|-heal|p1b: Incineroar|64/100|[from] Grassy Terrain
|-heal|p2a: Skeledirge|38/100 brn|[from] Grassy Terrain
|-damage|p2a: Skeledirge|32/100 brn|[from] brn
|upkeep
|turn|7
|
|t:|1754919163
|move|p1a: Charizard|Heat Wave|p2b: Rillaboom|[spread] p2a
|-miss|p1a: Charizard|p2b: Rillaboom
|-resisted|p2a: Skeledirge
|-damage|p2a: Skeledirge|12/100 brn
|move|p2b: Rillaboom|Wood Hammer|p1b: Incineroar
|-resisted|p1b: Incineroar
|-damage|p1b: Incineroar|37/100
|-enditem|p1b: Incineroar|Sitrus Berry|[eat]
|-heal|p1b: Incineroar|62/100|[from] item: Sitrus Berry
|-damage|p2b: Rillaboom|89/100|[from] Recoil
|move|p1b: Incineroar|Knock Off|p2a: Skeledirge
|-damage|p2a: Skeledirge|0 fnt
|faint|p2a: Skeledirge
|
|-heal|p2b: Rillaboom|95/100|[from] Grassy Terrain
|-heal|p1b: Incineroar|68/100|[from] Grassy Terrain
|-fieldend|move: Grassy Terrain
|upkeep
|turn|8
|-message|nontelo forfeited.
|
|win|AndrewsWho
|raw|AndrewsWho's rating: 1305 → 1329(+24 for winning)
|raw|nontelo's rating: 1368 → 1344(-24 for losing)
|l|☆nontelo
|player|p2|
