|j|☆Dah_tobster
|j|☆Nearshort
|html|Dah_tobsterNearshort    
|uhtml|bestof|Game 2 of a best-of-3
|t:|1757644820
|gametype|doubles
|player|p1|Dah_tobster|265|1136
|player|p2|Nearshort|169|1137
|gen|9
|tier|[Gen 9] VGC 2025 Reg H (Bo3)
|rated|
|rule|Species Clause: Limit one of each Pokémon
|rule|Item Clause: Limit 1 of each item
|clearpoke
|poke|p1|Grimmsnarl, L50, M|
|poke|p1|Dragonite, L50, F|
|poke|p1|Gholdengo, L50|
|poke|p1|Annihilape, L50, F|
|poke|p1|Maushold-Four, L50|
|poke|p1|Rillaboom, L50, M|
|poke|p2|Tyranitar, L50, F|
|poke|p2|Orthworm, L50, M|
|poke|p2|Excadrill, L50, M|
|poke|p2|Amoonguss, L50, F|
|poke|p2|Indeedee-F, L50, F|
|poke|p2|Armarouge, L50, F|
|teampreview|4
|showteam|p1|Grimmsnarl||LightClay|Prankster|SpiritBreak,Reflect,LightScreen,ThunderWave|||M|||50|,,,,,Steel]Dragonite||LoadedDice|Multiscale|ScaleShot,ExtremeSpeed,Tailwind,Protect|||F|||50|,,,,,Steel]Gholdengo||LifeOrb|GoodasGold|MakeItRain,NastyPlot,ShadowBall,Protect||||||50|,,,,,Water]Annihilape||SitrusBerry|Defiant|RageFist,DrainPunch,BulkUp,Protect|||F|||50|,,,,,Fire]Maushold-Four||SafetyGoggles|FriendGuard|SuperFang,FollowMe,BeatUp,Protect||||||50|,,,,,Ghost]Rillaboom||AssaultVest|GrassySurge|FakeOut,WoodHammer,HighHorsepower,GrassyGlide|||M|||50|,,,,,Fire
|showteam|p2|Tyranitar||AssaultVest|SandStream|RockSlide,LowKick,TeraBlast,KnockOff|||F|||50|,,,,,Flying]Orthworm||SitrusBerry|EarthEater|ShedTail,StompingTantrum,HelpingHand,Protect|||M|||50|,,,,,Poison]Excadrill||ChoiceScarf|SandForce|Earthquake,RockSlide,ShadowClaw,IronHead|||M|||50|,,,,,Ground]Amoonguss||RockyHelmet|Regenerator|RagePowder,Protect,ClearSmog,Spore|||F|||50|,,,,,Water]Indeedee-F||SafetyGoggles|PsychicSurge|FollowMe,Psychic,Protect,TrickRoom|||F|||50|,,,,,Fairy]Armarouge||LifeOrb|WeakArmor|ExpandingForce,HeatWave,Protect,AuraSphere|||F|||50|,,,,,Grass
|inactive|Battle timer is ON: inactive players will automatically lose when time's up. (requested by Dah_tobster)
|inactive|Dah_tobster has 60 seconds left.
|
|t:|1757644865
|teamsize|p1|4
|teamsize|p2|4
|start
|switch|p1a: Annihilape|Annihilape, L50, F|100/100
|switch|p1b: Maushold|Maushold-Four, L50|100/100
|switch|p2a: Indeedee|Indeedee-F, L50, F|100/100
|switch|p2b: Armarouge|Armarouge, L50, F|100/100
|-fieldstart|move: Psychic Terrain|[from] ability: Psychic Surge|[of] p2a: Indeedee
|turn|1
|inactive|Nearshort has 30 seconds left.
|
|t:|1757644895
|move|p1a: Annihilape|Protect|p1a: Annihilape
|-singleturn|p1a: Annihilape|Protect
|move|p2a: Indeedee|Follow Me|p2a: Indeedee
|-singleturn|p2a: Indeedee|move: Follow Me
|move|p1b: Maushold|Super Fang|p2a: Indeedee
|-damage|p2a: Indeedee|51/100
|move|p2b: Armarouge|Expanding Force|p1b: Maushold|[spread] p1b
|-activate|p1a: Annihilape|move: Protect
|-damage|p1b: Maushold|8/100
|-damage|p2b: Armarouge|90/100|[from] item: Life Orb
|
|upkeep
|turn|2
|inactive|Dah_tobster has 30 seconds left.
|inactive|Nearshort has 30 seconds left.
|
|t:|1757644938
|switch|p1b: Rillaboom|Rillaboom, L50, M|100/100
|-fieldstart|move: Grassy Terrain|[from] ability: Grassy Surge|[of] p1b: Rillaboom
|move|p2a: Indeedee|Follow Me|p2a: Indeedee
|-singleturn|p2a: Indeedee|move: Follow Me
|move|p2b: Armarouge|Expanding Force|p1a: Annihilape
|-supereffective|p1a: Annihilape
|-damage|p1a: Annihilape|22/100
|-enditem|p1a: Annihilape|Sitrus Berry|[eat]
|-heal|p1a: Annihilape|47/100|[from] item: Sitrus Berry
|-damage|p2b: Armarouge|80/100|[from] item: Life Orb
|move|p1a: Annihilape|Bulk Up|p1a: Annihilape
|-boost|p1a: Annihilape|atk|1
|-boost|p1a: Annihilape|def|1
|
|-heal|p2b: Armarouge|87/100|[from] Grassy Terrain
|-heal|p1a: Annihilape|53/100|[from] Grassy Terrain
|-heal|p2a: Indeedee|57/100|[from] Grassy Terrain
|upkeep
|turn|3
|inactive|Dah_tobster has 30 seconds left.
|inactive|Dah_tobster has 20 seconds left.
|inactive|Dah_tobster has 15 seconds left.
|
|t:|1757644982
|switch|p2a: Tyranitar|Tyranitar, L50, F|100/100
|-weather|Sandstorm|[from] ability: Sand Stream|[of] p2a: Tyranitar
|-terastallize|p1a: Annihilape|Fire
|move|p2b: Armarouge|Protect|p2b: Armarouge
|-singleturn|p2b: Armarouge|Protect
|move|p1a: Annihilape|Rage Fist|p2b: Armarouge
|-activate|p2b: Armarouge|move: Protect
|move|p1b: Rillaboom|Wood Hammer|p2a: Tyranitar
|-supereffective|p2a: Tyranitar
|-damage|p2a: Tyranitar|0 fnt
|faint|p2a: Tyranitar
|-damage|p1b: Rillaboom|71/100|[from] Recoil
|
|-weather|Sandstorm|[upkeep]
|-damage|p2b: Armarouge|80/100|[from] Sandstorm
|-damage|p1a: Annihilape|47/100|[from] Sandstorm
|-damage|p1b: Rillaboom|65/100|[from] Sandstorm
|-heal|p2b: Armarouge|87/100|[from] Grassy Terrain
|-heal|p1a: Annihilape|53/100|[from] Grassy Terrain
|-heal|p1b: Rillaboom|71/100|[from] Grassy Terrain
|upkeep
|
|t:|1757644996
|switch|p2a: Excadrill|Excadrill, L50, M|100/100
|turn|4
|inactive|Nearshort has 30 seconds left.
|
|t:|1757645025
|-terastallize|p2b: Armarouge|Grass
|move|p1a: Annihilape|Protect|p1a: Annihilape
|-singleturn|p1a: Annihilape|Protect
|move|p1b: Rillaboom|Grassy Glide|p2a: Excadrill
|-crit|p2a: Excadrill
|-damage|p2a: Excadrill|20/100
|move|p2a: Excadrill|Earthquake|p1b: Rillaboom|[spread] p2b,p1b
|-activate|p1a: Annihilape|move: Protect
|-resisted|p2b: Armarouge
|-resisted|p1b: Rillaboom
|-damage|p2b: Armarouge|72/100
|-damage|p1b: Rillaboom|58/100
|-ability|p2b: Armarouge|Weak Armor|boost
|-unboost|p2b: Armarouge|def|1
|-boost|p2b: Armarouge|spe|2
|move|p2b: Armarouge|Heat Wave|p1b: Rillaboom|[spread] p1b
|-activate|p1a: Annihilape|move: Protect
|-supereffective|p1b: Rillaboom
|-damage|p1b: Rillaboom|0 fnt
|faint|p1b: Rillaboom
|-damage|p2b: Armarouge|62/100|[from] item: Life Orb
|
|-weather|Sandstorm|[upkeep]
|-damage|p2b: Armarouge|55/100|[from] Sandstorm
|-damage|p1a: Annihilape|47/100|[from] Sandstorm
|-heal|p2b: Armarouge|62/100|[from] Grassy Terrain
|-heal|p2a: Excadrill|26/100|[from] Grassy Terrain
|-heal|p1a: Annihilape|53/100|[from] Grassy Terrain
|upkeep
|
|t:|1757645048
|switch|p1b: Maushold|Maushold-Four, L50|8/100
|turn|5
|
|t:|1757645066
|switch|p2a: Indeedee|Indeedee-F, L50, F|57/100
|-fieldstart|move: Psychic Terrain|[from] ability: Psychic Surge|[of] p2a: Indeedee
|move|p1b: Maushold|Follow Me|p1b: Maushold
|-singleturn|p1b: Maushold|move: Follow Me
|move|p2b: Armarouge|Expanding Force|p1b: Maushold|[spread] p1a,p1b
|-damage|p1a: Annihilape|6/100
|-damage|p1b: Maushold|0 fnt
|faint|p1b: Maushold
|-damage|p2b: Armarouge|52/100|[from] item: Life Orb
|move|p1a: Annihilape|Rage Fist|p2b: Armarouge
|-damage|p2b: Armarouge|0 fnt
|faint|p2b: Armarouge
|
|-weather|Sandstorm|[upkeep]
|-damage|p1a: Annihilape|0 fnt|[from] Sandstorm
|faint|p1a: Annihilape
|upkeep
|
|t:|1757645089
|switch|p1b: Gholdengo|Gholdengo, L50|100/100
|switch|p2b: Excadrill|Excadrill, L50, M|26/100
|turn|6
|
|t:|1757645110
|move|p1b: Gholdengo|Protect|p1b: Gholdengo
|-singleturn|p1b: Gholdengo|Protect
|move|p2a: Indeedee|Protect|p2a: Indeedee
|-singleturn|p2a: Indeedee|Protect
|move|p2b: Excadrill|Earthquake|p1b: Gholdengo|[spread] 
|-activate|p2a: Indeedee|move: Protect
|-activate|p1b: Gholdengo|move: Protect
|
|-weather|Sandstorm|[upkeep]
|upkeep
|turn|7
|
|t:|1757645125
|move|p1b: Gholdengo|Protect||[still]
|-fail|p1b: Gholdengo
|move|p2b: Excadrill|Earthquake|p1b: Gholdengo|[spread] p2a,p1b
|-supereffective|p1b: Gholdengo
|-damage|p2a: Indeedee|6/100
|-damage|p1b: Gholdengo|0 fnt
|faint|p1b: Gholdengo
|
|win|Nearshort
||Dah_tobster is ready for game 3.
||Nearshort is ready for game 3.
|uhtml|next|Next: Game 3 of 3
