|j|☆wata_real
|j|☆Daniw9
|html|wata_realDaniw9    
|uhtml|bestof|Game 1 of a best-of-3
|t:|1756375350
|gametype|doubles
|player|p1|wata_real|byron|1067
|player|p2|Daniw9|2|1136
|gen|9
|tier|[Gen 9] VGC 2025 Reg H (Bo3)
|rated|
|rule|Species Clause: Limit one of each Pokémon
|rule|Item Clause: Limit 1 of each item
|clearpoke
|poke|p1|Hydrapple, L50, M|
|poke|p1|Incineroar, L50, M|
|poke|p1|Tyranitar, L50, M|
|poke|p1|Meowscarada, L50, M|
|poke|p1|Garganacl, L50, M|
|poke|p1|Corviknight, L50, F|
|poke|p2|Garchomp, L50, M|
|poke|p2|Tyranitar, L50, M|
|poke|p2|Delphox, L50, F|
|poke|p2|Indeedee-F, L50, F|
|poke|p2|Gallade, L50, M|
|poke|p2|Whimsicott, L50, M|
|teampreview|4
|showteam|p1|Hydrapple||AssaultVest|Regenerator|PollenPuff,FickleBeam,DragonTail,EnergyBall|||M|||50|,,,,,Grass]Incineroar||SafetyGoggles|Intimidate|PartingShot,KnockOff,FlareBlitz,FakeOut|||M|||50|,,,,,Ghost]Tyranitar||ClearAmulet|SandStream|Taunt,IronHead,Protect,RockSlide|||M|||50|,,,,,Flying]Meowscarada||LifeOrb|Protean|Taunt,FlowerTrick,KnockOff,TripleAxel|||M|||50|,,,,,Grass]Garganacl||Leftovers|PurifyingSalt|Protect,Recover,WideGuard,SaltCure|||M|||50|,,,,,Grass]Corviknight||RockyHelmet|MirrorArmor|Roost,Tailwind,BraveBird,Uturn|||F|||50|,,,,,Grass
|showteam|p2|Garchomp||LifeOrb|SandVeil|Earthquake,StompingTantrum,Protect,DragonClaw|||M|||50|,,,,,Steel]Tyranitar||AssaultVest|SandStream|RockSlide,TeraBlast,KnockOff,LowKick|||M|||50|,,,,,Flying]Delphox||PsychicSeed|Magician|ExpandingForce,HeatWave,TeraBlast,Protect|||F|||50|,,,,,Fairy]Indeedee-F||SafetyGoggles|PsychicSurge|DazzlingGleam,TrickRoom,FollowMe,HelpingHand|||F|||50|,,,,,Water]Gallade||ClearAmulet|Sharpness|SacredSword,PsychoCut,TrickRoom,Protect|||M|||50|,,,,,Grass]Whimsicott||CovertCloak|Prankster|Moonblast,Tailwind,Encore,Protect|||M|||50|,,,,,Ghost
|
|t:|1756375398
|teamsize|p1|4
|teamsize|p2|4
|start
|switch|p1a: nacho|Incineroar, L50, M|100/100
|switch|p1b: Garganacl|Garganacl, L50, M|100/100
|switch|p2a: Gallade|Gallade, L50, M|100/100
|switch|p2b: Whimsicott|Whimsicott, L50, M|100/100
|-ability|p1a: nacho|Intimidate|boost
|-fail|p2a: Gallade|unboost|[from] item: Clear Amulet|[of] p2a: Gallade
|-unboost|p2b: Whimsicott|atk|1
|turn|1
|
|t:|1756375409
|move|p2a: Gallade|Protect|p2a: Gallade
|-singleturn|p2a: Gallade|Protect
|move|p1a: nacho|Fake Out|p2a: Gallade
|-activate|p2a: Gallade|move: Protect
|move|p2b: Whimsicott|Tailwind|p2b: Whimsicott
|-sidestart|p2: Daniw9|move: Tailwind
|move|p1b: Garganacl|Salt Cure|p2a: Gallade
|-activate|p2a: Gallade|move: Protect
|
|upkeep
|turn|2
|
|t:|1756375435
|switch|p1a: Hydrapple|Hydrapple, L50, M|100/100
|move|p2b: Whimsicott|Moonblast|p1b: Garganacl
|-damage|p1b: Garganacl|77/100
|move|p2a: Gallade|Sacred Sword|p1b: Garganacl
|-supereffective|p1b: Garganacl
|-damage|p1b: Garganacl|1/100
|move|p1b: Garganacl|Salt Cure|p2a: Gallade
|-resisted|p2a: Gallade
|-damage|p2a: Gallade|91/100
|-start|p2a: Gallade|Salt Cure
|
|-heal|p1b: Garganacl|7/100|[from] item: Leftovers
|-damage|p2a: Gallade|79/100|[from] Salt Cure
|upkeep
|turn|3
|
|t:|1756375461
|switch|p2a: Delphox|Delphox, L50, F|100/100
|move|p2b: Whimsicott|Moonblast|p1a: Hydrapple
|-supereffective|p1a: Hydrapple
|-damage|p1a: Hydrapple|61/100
|move|p1a: Hydrapple|Pollen Puff|p1b: Garganacl
|-heal|p1b: Garganacl|57/100
|move|p1b: Garganacl|Recover|p1b: Garganacl
|-heal|p1b: Garganacl|100/100
|
|upkeep
|turn|4
|
|t:|1756375481
|switch|p2b: Indeedee|Indeedee-F, L50, F|100/100
|-fieldstart|move: Psychic Terrain|[from] ability: Psychic Surge|[of] p2b: Indeedee
|-enditem|p2a: Delphox|Psychic Seed
|-boost|p2a: Delphox|spd|1|[from] item: Psychic Seed
|switch|p1a: Tyranitar|Tyranitar, L50, M|100/100
|-weather|Sandstorm|[from] ability: Sand Stream|[of] p1a: Tyranitar
|move|p2a: Delphox|Expanding Force|p1b: Garganacl|[spread] p1b
|-immune|p1a: Tyranitar
|-damage|p1b: Garganacl|64/100
|-item|p2a: Delphox|Leftovers|[from] ability: Magician|[of] p1b: Garganacl
|move|p1b: Garganacl|Salt Cure|p2a: Delphox
|-supereffective|p2a: Delphox
|-damage|p2a: Delphox|59/100
|-start|p2a: Delphox|Salt Cure
|
|-weather|Sandstorm|[upkeep]
|-damage|p2a: Delphox|53/100|[from] Sandstorm
|-heal|p2a: Delphox|59/100|[from] item: Leftovers
|-damage|p2a: Delphox|47/100|[from] Salt Cure
|-sideend|p2: Daniw9|move: Tailwind
|upkeep
|turn|5
|
|t:|1756375506
|-terastallize|p2a: Delphox|Fairy
|move|p2b: Indeedee|Helping Hand|p2a: Delphox
|-singleturn|p2a: Delphox|Helping Hand|[of] p2b: Indeedee
|move|p2a: Delphox|Tera Blast|p1a: Tyranitar|[anim] Tera Blast Fairy
|-supereffective|p1a: Tyranitar
|-crit|p1a: Tyranitar
|-damage|p1a: Tyranitar|0 fnt
|faint|p1a: Tyranitar
|move|p1b: Garganacl|Salt Cure|p2b: Indeedee
|-damage|p2b: Indeedee|87/100
|-start|p2b: Indeedee|Salt Cure
|
|-weather|Sandstorm|[upkeep]
|-damage|p2a: Delphox|41/100|[from] Sandstorm
|-heal|p2a: Delphox|47/100|[from] item: Leftovers
|-damage|p2a: Delphox|35/100|[from] Salt Cure
|-damage|p2b: Indeedee|75/100|[from] Salt Cure
|upkeep
|
|t:|1756375515
|switch|p1a: Hydrapple|Hydrapple, L50, M|94/100
|turn|6
|
|t:|1756375543
|move|p2b: Indeedee|Helping Hand|p2a: Delphox
|-singleturn|p2a: Delphox|Helping Hand|[of] p2b: Indeedee
|move|p2a: Delphox|Tera Blast|p1a: Hydrapple|[anim] Tera Blast Fairy
|-supereffective|p1a: Hydrapple
|-damage|p1a: Hydrapple|20/100
|move|p1a: Hydrapple|Energy Ball|p2a: Delphox
|-damage|p2a: Delphox|0 fnt
|faint|p2a: Delphox
|move|p1b: Garganacl|Recover|p1b: Garganacl
|-heal|p1b: Garganacl|100/100
|
|-weather|Sandstorm|[upkeep]
|-damage|p1a: Hydrapple|14/100|[from] Sandstorm
|-damage|p2b: Indeedee|62/100|[from] Salt Cure
|upkeep
|
|t:|1756375551
|switch|p2a: Gallade|Gallade, L50, M|79/100
|turn|7
|
|t:|1756375568
|switch|p1a: nacho|Incineroar, L50, M|100/100
|-ability|p1a: nacho|Intimidate|boost
|-fail|p2a: Gallade|unboost|[from] item: Clear Amulet|[of] p2a: Gallade
|-unboost|p2b: Indeedee|atk|1
|-terastallize|p1b: Garganacl|Grass
|move|p2a: Gallade|Sacred Sword|p1b: Garganacl
|-damage|p1b: Garganacl|64/100
|move|p2b: Indeedee|Dazzling Gleam|p1a: nacho|[spread] p1a,p1b
|-damage|p1a: nacho|87/100
|-damage|p1b: Garganacl|53/100
|move|p1b: Garganacl|Salt Cure|p2a: Gallade
|-resisted|p2a: Gallade
|-damage|p2a: Gallade|69/100
|-start|p2a: Gallade|Salt Cure
|
|-weather|Sandstorm|[upkeep]
|-damage|p2a: Gallade|63/100|[from] Sandstorm
|-damage|p1b: Garganacl|47/100|[from] Sandstorm
|-damage|p2a: Gallade|51/100|[from] Salt Cure
|-damage|p2b: Indeedee|50/100|[from] Salt Cure
|upkeep
|turn|8
|
|t:|1756375592
|switch|p1b: Hydrapple|Hydrapple, L50, M|47/100
|move|p2b: Indeedee|Follow Me|p2b: Indeedee
|-singleturn|p2b: Indeedee|move: Follow Me
|move|p2a: Gallade|Psycho Cut|p1b: Hydrapple
|-damage|p1b: Hydrapple|0 fnt
|faint|p1b: Hydrapple
|move|p1a: nacho|Knock Off|p2b: Indeedee
|-supereffective|p2b: Indeedee
|-damage|p2b: Indeedee|0 fnt
|-enditem|p2b: Indeedee|Safety Goggles|[from] move: Knock Off|[of] p1a: nacho
|faint|p2b: Indeedee
|
|-weather|none
|-damage|p2a: Gallade|39/100|[from] Salt Cure
|-fieldend|move: Psychic Terrain
|upkeep
|
|t:|1756375600
|switch|p2b: Whimsicott|Whimsicott, L50, M|100/100
|switch|p1b: Garganacl|Garganacl, L50, M, tera:Grass|47/100
|turn|9
|
|t:|1756375613
|move|p2b: Whimsicott|Moonblast|p1b: Garganacl
|-damage|p1b: Garganacl|24/100
|move|p2a: Gallade|Sacred Sword|p1a: nacho
|-supereffective|p1a: nacho
|-damage|p1a: nacho|0 fnt
|faint|p1a: nacho
|move|p1b: Garganacl|Recover|p1b: Garganacl
|-heal|p1b: Garganacl|74/100
|
|-damage|p2a: Gallade|27/100|[from] Salt Cure
|upkeep
|turn|10
|
|t:|1756375627
|move|p1b: Garganacl|Protect|p1b: Garganacl
|-singleturn|p1b: Garganacl|Protect
|move|p2b: Whimsicott|Encore|p1b: Garganacl
|-activate|p1b: Garganacl|move: Protect
|move|p2a: Gallade|Psycho Cut|p1b: Garganacl
|-activate|p1b: Garganacl|move: Protect
|
|-damage|p2a: Gallade|15/100|[from] Salt Cure
|upkeep
|turn|11
|
|t:|1756375634
|move|p2b: Whimsicott|Encore|p1b: Garganacl
|-start|p1b: Garganacl|Encore
|move|p2a: Gallade|Psycho Cut|p1b: Garganacl
|-damage|p1b: Garganacl|43/100
|move|p1b: Garganacl|Protect||[still]
|-fail|p1b: Garganacl
|
|-damage|p2a: Gallade|3/100|[from] Salt Cure
|upkeep
|turn|12
|
|t:|1756375648
|move|p1b: Garganacl|Protect|p1b: Garganacl
|-singleturn|p1b: Garganacl|Protect
|move|p2b: Whimsicott|Moonblast|p1b: Garganacl
|-activate|p1b: Garganacl|move: Protect
|move|p2a: Gallade|Psycho Cut|p1b: Garganacl
|-activate|p1b: Garganacl|move: Protect
|
|-damage|p2a: Gallade|0 fnt|[from] Salt Cure
|faint|p2a: Gallade
|upkeep
|turn|13
|
|t:|1756375651
|move|p1b: Garganacl|Protect|p1b: Garganacl
|-singleturn|p1b: Garganacl|Protect
|move|p2b: Whimsicott|Moonblast|p1b: Garganacl
|-activate|p1b: Garganacl|move: Protect
|
|-end|p1b: Garganacl|Encore
|upkeep
|turn|14
|
|t:|1756375654
|move|p2b: Whimsicott|Encore|p1b: Garganacl
|-start|p1b: Garganacl|Encore
|move|p1b: Garganacl|Protect||[still]
|-fail|p1b: Garganacl
|
|upkeep
|turn|15
|
|t:|1756375658
|move|p1b: Garganacl|Protect|p1b: Garganacl
|-singleturn|p1b: Garganacl|Protect
|move|p2b: Whimsicott|Moonblast|p1b: Garganacl
|-activate|p1b: Garganacl|move: Protect
|
|upkeep
|turn|16
|
|t:|1756375660
|move|p1b: Garganacl|Protect|p1b: Garganacl
|-singleturn|p1b: Garganacl|Protect
|move|p2b: Whimsicott|Moonblast|p1b: Garganacl
|-activate|p1b: Garganacl|move: Protect
|
|-end|p1b: Garganacl|Encore
|upkeep
|turn|17
|
|t:|1756375662
|move|p2b: Whimsicott|Moonblast|p1b: Garganacl
|-damage|p1b: Garganacl|20/100
|move|p1b: Garganacl|Recover|p1b: Garganacl
|-heal|p1b: Garganacl|70/100
|
|upkeep
|turn|18
|
|t:|1756375668
|move|p2b: Whimsicott|Encore|p1b: Garganacl
|-start|p1b: Garganacl|Encore
|move|p1b: Garganacl|Recover|p1b: Garganacl
|-heal|p1b: Garganacl|100/100
|
|upkeep
|turn|19
|
|t:|1756375673
|move|p2b: Whimsicott|Tailwind|p2b: Whimsicott
|-sidestart|p2: Daniw9|move: Tailwind
|move|p1b: Garganacl|Recover||[still]
|-fail|p1b: Garganacl|heal
|
|upkeep
|turn|20
|
|t:|1756375680
|move|p2b: Whimsicott|Protect|p2b: Whimsicott
|-singleturn|p2b: Whimsicott|Protect
|move|p1b: Garganacl|Recover||[still]
|-fail|p1b: Garganacl|heal
|
|-end|p1b: Garganacl|Encore
|upkeep
|turn|21
|
|t:|1756375686
|move|p2b: Whimsicott|Encore|p1b: Garganacl
|-start|p1b: Garganacl|Encore
|move|p1b: Garganacl|Recover||[still]
|-fail|p1b: Garganacl|heal
|
|-end|p1b: Garganacl|Encore
|upkeep
|turn|22
|
|t:|1756375694
|move|p2b: Whimsicott|Moonblast|p1b: Garganacl
|-damage|p1b: Garganacl|77/100
|move|p1b: Garganacl|Salt Cure|p2b: Whimsicott
|-damage|p2b: Whimsicott|84/100
|
|-sideend|p2: Daniw9|move: Tailwind
|upkeep
|turn|23
|
|t:|1756375702
|move|p2b: Whimsicott|Moonblast|p1b: Garganacl
|-damage|p1b: Garganacl|54/100
|-unboost|p1b: Garganacl|spa|1
|move|p1b: Garganacl|Salt Cure|p2b: Whimsicott
|-damage|p2b: Whimsicott|66/100
|
|upkeep
|turn|24
|
|t:|1756375709
|move|p2b: Whimsicott|Moonblast|p1b: Garganacl
|-damage|p1b: Garganacl|30/100
|move|p1b: Garganacl|Salt Cure|p2b: Whimsicott
|-damage|p2b: Whimsicott|48/100
|
|upkeep
|turn|25
|
|t:|1756375715
|move|p1b: Garganacl|Protect|p1b: Garganacl
|-singleturn|p1b: Garganacl|Protect
|move|p2b: Whimsicott|Moonblast|p1b: Garganacl
|-activate|p1b: Garganacl|move: Protect
|
|upkeep
|turn|26
|
|t:|1756375717
|move|p2b: Whimsicott|Protect|p2b: Whimsicott
|-singleturn|p2b: Whimsicott|Protect
|move|p1b: Garganacl|Salt Cure|p2b: Whimsicott
|-activate|p2b: Whimsicott|move: Protect
|
|upkeep
|turn|27
|
|t:|1756375720
|move|p1b: Garganacl|Protect|p1b: Garganacl
|-singleturn|p1b: Garganacl|Protect
|move|p2b: Whimsicott|Moonblast|p1b: Garganacl
|-activate|p1b: Garganacl|move: Protect
|
|upkeep
|turn|28
|
|t:|1756375725
|move|p2b: Whimsicott|Encore|p1b: Garganacl
|-start|p1b: Garganacl|Encore
|move|p1b: Garganacl|Protect||[still]
|-fail|p1b: Garganacl
|
|upkeep
|turn|29
|
|t:|1756375729
|move|p1b: Garganacl|Protect|p1b: Garganacl
|-singleturn|p1b: Garganacl|Protect
|move|p2b: Whimsicott|Moonblast|p1b: Garganacl
|-activate|p1b: Garganacl|move: Protect
|
|upkeep
|turn|30
|
|t:|1756375732
|move|p1b: Garganacl|Protect||[still]
|-fail|p1b: Garganacl
|move|p2b: Whimsicott|Moonblast|p1b: Garganacl
|-damage|p1b: Garganacl|7/100
|
|-end|p1b: Garganacl|Encore
|upkeep
|turn|31
|
|t:|1756375736
|move|p2b: Whimsicott|Encore|p1b: Garganacl
|-start|p1b: Garganacl|Encore
|move|p1b: Garganacl|Protect||[still]
|-fail|p1b: Garganacl
|
|upkeep
|turn|32
|
|t:|1756375741
|move|p1b: Garganacl|Protect|p1b: Garganacl
|-singleturn|p1b: Garganacl|Protect
|move|p2b: Whimsicott|Moonblast|p1b: Garganacl
|-activate|p1b: Garganacl|move: Protect
|
|upkeep
|turn|33
|
|t:|1756375743
|move|p1b: Garganacl|Protect|p1b: Garganacl
|-singleturn|p1b: Garganacl|Protect
|move|p2b: Whimsicott|Moonblast|p1b: Garganacl
|-activate|p1b: Garganacl|move: Protect
|
|-end|p1b: Garganacl|Encore
|upkeep
|turn|34
|
|t:|1756375747
|move|p2b: Whimsicott|Moonblast|p1b: Garganacl
|-damage|p1b: Garganacl|0 fnt
|faint|p1b: Garganacl
|
|win|Daniw9
||wata_real is ready for game 2.
||Daniw9 is ready for game 2.
|uhtml|next|Next: Game 2 of 3
|l|☆wata_real
|player|p1|
