|j|☆Gentlefish
|j|☆Zevenit
|html|GentlefishZevenit    
|uhtml|bestof|Game 2 of a best-of-3
|t:|1756690340
|gametype|doubles
|player|p1|Gentlefish|burglar-gen1rb|1140
|player|p2|Zevenit|hoopster|1126
|gen|9
|tier|[Gen 9] VGC 2025 Reg H (Bo3)
|rated|
|rule|Species Clause: Limit one of each Pokémon
|rule|Item Clause: Limit 1 of each item
|clearpoke
|poke|p1|Garchomp, L50, M|
|poke|p1|Weezing-Galar, L50, F|
|poke|p1|Archaludon, L50, F|
|poke|p1|Gholdengo, L50|
|poke|p1|Talonflame, L50, F|
|poke|p1|Annihilape, L50, M|
|poke|p2|Electabuzz, L50, M|
|poke|p2|Kingambit, L50, M|
|poke|p2|Volcarona, L50, M|
|poke|p2|Dragonite, L50, F|
|poke|p2|Sneasler, L50, M|
|poke|p2|Rillaboom, L50, M|
|teampreview|4
|showteam|p1|Garchomp||LifeOrb|RoughSkin|DragonClaw,Earthquake,StompingTantrum,Protect|||M|||50|,,,,,Ground]Weezing-Galar||FocusSash|NeutralizingGas|Protect,SludgeBomb,Taunt,StrangeSteam|||F|||50|,,,,,Flying]Archaludon||PowerHerb|Sturdy|ElectroShot,Thunderbolt,DracoMeteor,Protect|||F|||50|,,,,,Electric]Gholdengo||ChoiceSpecs|GoodasGold|ShadowBall,DazzlingGleam,PowerGem,MakeItRain||||||50|,,,,,Fairy]Talonflame||CovertCloak|GaleWings|Tailwind,DualWingbeat,Taunt,FlareBlitz|||F|||50|,,,,,Stellar]Annihilape||AssaultVest|Defiant|CloseCombat,RageFist,FinalGambit,IcePunch|||M|||50|,,,,,Grass
|showteam|p2|Electabuzz||Eviolite|VitalSpirit|FollowMe,Thunderbolt,Taunt,Protect|||M|||50|,,,,,Ghost]Kingambit||BlackGlasses|Defiant|KowtowCleave,SuckerPunch,SwordsDance,Protect|||M|||50|,,,,,Dark]Volcarona||Leftovers|FlameBody|HeatWave,TeraBlast,QuiverDance,Protect|||M|||50|,,,,,Fairy]Dragonite||LoadedDice|Multiscale|ScaleShot,ExtremeSpeed,Haze,Protect|||F|||50|,,,,,Fairy]Sneasler||FocusSash|Unburden|DireClaw,CloseCombat,Coaching,FakeOut|||M|||50|,,,,,Stellar]Rillaboom||AssaultVest|GrassySurge|FakeOut,WoodHammer,GrassyGlide,HighHorsepower|||M|||50|,,,,,Fire
|inactive|Battle timer is ON: inactive players will automatically lose when time's up. (requested by Zevenit)
|
|t:|1756690403
|teamsize|p1|4
|teamsize|p2|4
|start
|switch|p1a: Talonflame|Talonflame, L50, F|100/100
|switch|p1b: Garchomp|Garchomp, L50, M|100/100
|switch|p2a: Electabuzz|Electabuzz, L50, M|100/100
|switch|p2b: Kingambit|Kingambit, L50, M|100/100
|turn|1
|
|t:|1756690431
|switch|p2a: Dragonite|Dragonite, L50, F|100/100
|move|p2b: Kingambit|Protect|p2b: Kingambit
|-singleturn|p2b: Kingambit|Protect
|move|p1a: Talonflame|Taunt|p2b: Kingambit
|-activate|p2b: Kingambit|move: Protect
|move|p1b: Garchomp|Earthquake|p2b: Kingambit|[spread] 
|-activate|p2b: Kingambit|move: Protect
|-immune|p1a: Talonflame
|-immune|p2a: Dragonite
|
|upkeep
|turn|2
|inactive|Zevenit has 30 seconds left.
|inactive|Zevenit has 20 seconds left.
|inactive|Zevenit has 15 seconds left.
|
|t:|1756690476
|move|p1a: Talonflame|Tailwind|p1a: Talonflame
|-sidestart|p1: Gentlefish|move: Tailwind
|move|p2b: Kingambit|Sucker Punch||[still]
|-fail|p2b: Kingambit
|move|p1b: Garchomp|Earthquake|p2a: Dragonite|[spread] p2b
|-immune|p1a: Talonflame
|-immune|p2a: Dragonite
|-supereffective|p2b: Kingambit
|-damage|p2b: Kingambit|25/100
|-damage|p1b: Garchomp|91/100|[from] item: Life Orb
|move|p2a: Dragonite|Scale Shot|p1b: Garchomp
|-supereffective|p1b: Garchomp
|-damage|p1b: Garchomp|61/100
|-supereffective|p1b: Garchomp
|-damage|p1b: Garchomp|32/100
|-supereffective|p1b: Garchomp
|-damage|p1b: Garchomp|2/100
|-supereffective|p1b: Garchomp
|-damage|p1b: Garchomp|0 fnt
|faint|p1b: Garchomp
|-hitcount|p1: Garchomp|4
|-unboost|p2a: Dragonite|def|1
|-boost|p2a: Dragonite|spe|1
|
|upkeep
|
|t:|1756690489
|switch|p1b: Gholdengo|Gholdengo, L50|100/100
|turn|3
|
|t:|1756690509
|switch|p2b: Electabuzz|Electabuzz, L50, M|100/100
|-terastallize|p1b: Gholdengo|Fairy
|move|p2a: Dragonite|Protect|p2a: Dragonite
|-singleturn|p2a: Dragonite|Protect
|move|p1a: Talonflame|Dual Wingbeat|p2a: Dragonite
|-activate|p2a: Dragonite|move: Protect
|move|p1b: Gholdengo|Dazzling Gleam|p2b: Electabuzz|[spread] p2b
|-activate|p2a: Dragonite|move: Protect
|-damage|p2b: Electabuzz|60/100
|
|upkeep
|turn|4
|inactive|Zevenit has 30 seconds left.
|
|t:|1756690540
|switch|p1a: Weezing|Weezing-Galar, L50, F|100/100
|-ability|p1a: Weezing|Neutralizing Gas
|-terastallize|p2a: Dragonite|Fairy
|move|p2a: Dragonite|Extreme Speed|p1b: Gholdengo
|-damage|p1b: Gholdengo|67/100
|move|p1b: Gholdengo|Dazzling Gleam|p2b: Electabuzz|[spread] p2a,p2b
|-damage|p2a: Dragonite|50/100
|-damage|p2b: Electabuzz|23/100
|move|p2b: Electabuzz|Thunderbolt|p1a: Weezing
|-crit|p1a: Weezing
|-damage|p1a: Weezing|27/100
|
|upkeep
|turn|5
|inactive|Gentlefish has 30 seconds left.
|inactive|Zevenit has 30 seconds left.
|
|t:|1756690575
|move|p2a: Dragonite|Protect|p2a: Dragonite
|-singleturn|p2a: Dragonite|Protect
|move|p2b: Electabuzz|Protect|p2b: Electabuzz
|-singleturn|p2b: Electabuzz|Protect
|move|p1b: Gholdengo|Dazzling Gleam|p2b: Electabuzz|[spread] 
|-activate|p2a: Dragonite|move: Protect
|-activate|p2b: Electabuzz|move: Protect
|move|p1a: Weezing|Sludge Bomb|p2a: Dragonite
|-activate|p2a: Dragonite|move: Protect
|
|-sideend|p1: Gentlefish|move: Tailwind
|upkeep
|turn|6
|
|t:|1756690599
|move|p2a: Dragonite|Extreme Speed|p1b: Gholdengo
|-damage|p1b: Gholdengo|31/100
|move|p1b: Gholdengo|Dazzling Gleam|p2b: Electabuzz|[spread] p2a,p2b
|-crit|p2b: Electabuzz
|-damage|p2a: Dragonite|0 fnt
|-damage|p2b: Electabuzz|0 fnt
|faint|p2a: Dragonite
|faint|p2b: Electabuzz
|move|p1a: Weezing|Sludge Bomb|p2: Dragonite|[notarget]
|-fail|p1a: Weezing
|
|upkeep
|
|t:|1756690606
|switch|p2b: Sneasler|Sneasler, L50, M|100/100
|switch|p2a: Kingambit|Kingambit, L50, M|25/100
|turn|7
|inactive|Gentlefish has 30 seconds left.
|
|t:|1756690632
|move|p2a: Kingambit|Protect|p2a: Kingambit
|-singleturn|p2a: Kingambit|Protect
|move|p2b: Sneasler|Dire Claw|p1b: Gholdengo
|-supereffective|p1b: Gholdengo
|-damage|p1b: Gholdengo|0 fnt
|faint|p1b: Gholdengo
|move|p1a: Weezing|Strange Steam|p2a: Kingambit
|-activate|p2a: Kingambit|move: Protect
|
|upkeep
|
|t:|1756690634
|switch|p1b: Talonflame|Talonflame, L50, F|100/100
|turn|8
|inactive|Zevenit has 30 seconds left.
|
|t:|1756690664
|move|p2a: Kingambit|Sucker Punch|p1b: Talonflame
|-damage|p1b: Talonflame|31/100
|move|p1b: Talonflame|Dual Wingbeat|p2b: Sneasler
|-supereffective|p2b: Sneasler
|-damage|p2b: Sneasler|53/100
|-supereffective|p2b: Sneasler
|-damage|p2b: Sneasler|0 fnt
|faint|p2b: Sneasler
|-hitcount|p2: Sneasler|2
|move|p1a: Weezing|Strange Steam|p2a: Kingambit
|-damage|p2a: Kingambit|0 fnt
|faint|p2a: Kingambit
|
|win|Gentlefish
||Gentlefish is ready for game 3.
|inactive|Zevenit has 30 seconds to confirm battle start!
||Zevenit is ready for game 3.
|uhtml|next|Next: Game 3 of 3
|l|☆Zevenit
|player|p2|
