|j|☆ToastedArt
|j|☆eladecielasobi
|html|ToastedArteladecielasobi    
|uhtml|bestof|Game 1 of a best-of-3
|t:|1785635200
|gametype|doubles
|player|p1|ToastedArt|iris|1056
|player|p2|eladecielasobi|hilbert|1000
|gen|9
|tier|[Gen 9 Champions] VGC 2026 Reg M-B (Bo3)
|rated|
|rule|Species Clause: Limit one of each Pokémon
|rule|Item Clause: Limit 1 of each item
|clearpoke
|poke|p1|Staraptor, L50, M|
|poke|p1|Gholdengo, L50|
|poke|p1|Incineroar, L50, M|
|poke|p1|Sinistcha, L50|
|poke|p1|Arcanine-Hisui, L50, M|
|poke|p1|Ninetales-Alola, L50, F|
|poke|p2|Gengar, L50, F, shiny|
|poke|p2|Politoed, L50, F, shiny|
|poke|p2|Archaludon, L50, M, shiny|
|poke|p2|Dragonite, L50, M, shiny|
|poke|p2|Sableye, L50, M, shiny|
|poke|p2|Incineroar, L50, M, shiny|
|teampreview|4
|showteam|p1|Staraptor||Staraptite|Intimidate|CloseCombat,DualWingbeat,Tailwind,Protect|Jolly||M|||50|]Gholdengo||LifeOrb|GoodasGold|MakeItRain,ShadowBall,NastyPlot,Protect|Modest|||||50|]Incineroar||SitrusBerry|Intimidate|PartingShot,FlareBlitz,ThroatChop,FakeOut|Careful||M|||50|]Sinistcha||ColburBerry|Hospitality|MatchaGotcha,RagePowder,TrickRoom,Protect|Relaxed|||||50|]Arcanine-Hisui||FocusSash|RockHead|FlareBlitz,HeadSmash,ExtremeSpeed,Protect|Jolly||M|||50|]Ninetales-Alola||NeverMeltIce|SnowWarning|Blizzard,FreezeDry,Encore,Protect|Timid||F|||50|
|showteam|p2|Gengar||Gengarite|CursedBody|ShadowBall,PerishSong,Hypnosis,Protect|Impish||F|||50|]Politoed||SitrusBerry|Drizzle|PerishSong,IcyWind,WeatherBall,Protect|Careful||F|||50|]Archaludon||Leftovers|Stamina|ElectroShot,DragonPulse,FlashCannon,Protect|Modest||M|||50|]Dragonite||Dragoninite|InnerFocus|Hurricane,IceBeam,DragonPulse,Protect|Jolly||M|||50|]Sableye||RoseliBerry|KeenEye|Encore,Disable,Gravity,Protect|Careful||M|||50|]Incineroar||PasshoBerry|Intimidate|FakeOut,PartingShot,FlareBlitz,Protect|Impish||M|||50|
|inactive|Battle timer is ON: inactive players will automatically lose when time's up. (requested by ToastedArt)
|
|t:|1785635231
|teamsize|p1|4
|teamsize|p2|4
|start
|switch|p1a: Staraptor|Staraptor, L50, M|100/100
|switch|p1b: Gholdengo|Gholdengo, L50|100/100
|switch|p2a: Sableye|Sableye, L50, M, shiny|100/100
|switch|p2b: Incineroar|Incineroar, L50, M, shiny|100/100
|-ability|p1a: Staraptor|Intimidate|boost
|-unboost|p2a: Sableye|atk|1
|-unboost|p2b: Incineroar|atk|1
|-ability|p2b: Incineroar|Intimidate|boost
|-unboost|p1a: Staraptor|atk|1
|-unboost|p1b: Gholdengo|atk|1
|turn|1
|inactive|ToastedArt has 30 seconds left.
|
|t:|1785635258
|detailschange|p1a: Staraptor|Staraptor-Mega, L50, M
|-mega|p1a: Staraptor|Staraptor|Staraptite
|move|p1a: Staraptor|Close Combat|p2b: Incineroar
|-supereffective|p2b: Incineroar|1
|-damage|p2b: Incineroar|37/100
|-boost|p1a: Staraptor|def|1
|-boost|p1a: Staraptor|spd|1
|move|p1b: Gholdengo|Shadow Ball|p2a: Sableye
|-damage|p2a: Sableye|36/100
|-unboost|p2a: Sableye|spd|1
|-damage|p1b: Gholdengo|90/100|[from] item: Life Orb
|move|p2b: Incineroar|Flare Blitz|p1b: Gholdengo
|-supereffective|p1b: Gholdengo|1
|-damage|p1b: Gholdengo|23/100
|-damage|p2b: Incineroar|17/100|[from] Recoil
|move|p2a: Sableye|Gravity|p2a: Sableye
|-fieldstart|move: Gravity
|
|upkeep
|turn|2
|inactive|eladecielasobi has 30 seconds left.
|
|t:|1785635292
|switch|p2b: Quengar|Gengar, L50, F, shiny|100/100
|move|p1a: Staraptor|Close Combat|p2b: Quengar
|-immune|p2b: Quengar
|move|p1b: Gholdengo|Shadow Ball|p2a: Sableye
|-damage|p2a: Sableye|0 fnt
|faint|p2a: Sableye
|-damage|p1b: Gholdengo|13/100|[from] item: Life Orb
|
|upkeep
|
|t:|1785635304
|switch|p2a: Incineroar|Incineroar, L50, M, shiny|17/100
|-ability|p2a: Incineroar|Intimidate|boost
|-boost|p1a: Staraptor|atk|1
|-unboost|p1b: Gholdengo|atk|1
|turn|3
|inactive|eladecielasobi has 30 seconds left.
|
|t:|1785635337
|switch|p1b: Incineroar|Incineroar, L50, M|100/100
|-ability|p1b: Incineroar|Intimidate|boost
|-unboost|p2a: Incineroar|atk|1
|-unboost|p2b: Quengar|atk|1
|move|p2a: Incineroar|Fake Out|p1a: Staraptor
|-damage|p1a: Staraptor|94/100
|cant|p1a: Staraptor|flinch
|move|p2b: Quengar|Hypnosis|p1b: Incineroar
|-status|p1b: Incineroar|slp|[from] move: Hypnosis
|
|upkeep
|turn|4
|inactive|eladecielasobi has 30 seconds left.
|
|t:|1785635364
|detailschange|p2b: Quengar|Gengar-Mega, L50, F, shiny
|-mega|p2b: Quengar|Gengar|Gengarite
|move|p2a: Incineroar|Protect|p2a: Incineroar
|-singleturn|p2a: Incineroar|Protect
|move|p2b: Quengar|Perish Song|p2b: Quengar
|-start|p1a: Staraptor|perish3|[silent]
|-start|p1b: Incineroar|perish3|[silent]
|-start|p2a: Incineroar|perish3|[silent]
|-start|p2b: Quengar|perish3|[silent]
|-fieldactivate|move: Perish Song
|move|p1a: Staraptor|Close Combat|p2a: Incineroar
|-activate|p2a: Incineroar|move: Protect
|cant|p1b: Incineroar|slp
|
|-start|p2b: Quengar|perish3
|-start|p1a: Staraptor|perish3
|-start|p1b: Incineroar|perish3
|-start|p2a: Incineroar|perish3
|upkeep
|turn|5
|inactive|eladecielasobi has 30 seconds left.
|
|t:|1785635389
|switch|p2b: Robertinho|Politoed, L50, F, shiny|100/100
|-weather|RainDance|[from] ability: Drizzle|[of] p2b: Robertinho
|move|p1a: Staraptor|Close Combat|p2a: Incineroar
|-supereffective|p2a: Incineroar|1
|-damage|p2a: Incineroar|0 fnt
|-boost|p1a: Staraptor|def|1
|-boost|p1a: Staraptor|spd|1
|faint|p2a: Incineroar
|-curestatus|p1b: Incineroar|slp|[msg]
|move|p1b: Incineroar|Parting Shot|p1a: Staraptor
|-boost|p1a: Staraptor|atk|1
|-boost|p1a: Staraptor|spa|1
|
|t:|1785635403
|switch|p1b: Ninetales|Ninetales-Alola, L50, F|100/100|[from] Parting Shot
|-weather|Snowscape|[from] ability: Snow Warning|[of] p1b: Ninetales
|
|-weather|Snowscape|[upkeep]
|-start|p1a: Staraptor|perish2
|-fieldend|move: Gravity
|upkeep
|
|t:|1785635411
|switch|p2a: Quengar|Gengar-Mega, L50, F, shiny|100/100
|turn|6
|
|t:|1785635430
|move|p2a: Quengar|Hypnosis|p1a: Staraptor
|-status|p1a: Staraptor|slp|[from] move: Hypnosis
|cant|p1a: Staraptor|slp
|move|p1b: Ninetales|Freeze-Dry|p2b: Robertinho
|-supereffective|p2b: Robertinho|1
|-damage|p2b: Robertinho|48/100
|-enditem|p2b: Robertinho|Sitrus Berry|[eat]
|-heal|p2b: Robertinho|73/100|[from] item: Sitrus Berry
|move|p2b: Robertinho|Icy Wind|p1b: Ninetales|[spread] p1a,p1b
|-supereffective|p1a: Staraptor|1
|-resisted|p1b: Ninetales|1
|-crit|p1b: Ninetales
|-damage|p1a: Staraptor|85/100 slp
|-damage|p1b: Ninetales|93/100
|-boost|p1a: Staraptor|spe|1
|-unboost|p1b: Ninetales|spe|1
|
|-weather|Snowscape|[upkeep]
|-start|p1a: Staraptor|perish1
|upkeep
|turn|7
|
|t:|1785635450
|move|p2a: Quengar|Protect|p2a: Quengar
|-singleturn|p2a: Quengar|Protect
|move|p2b: Robertinho|Protect|p2b: Robertinho
|-singleturn|p2b: Robertinho|Protect
|cant|p1a: Staraptor|slp
|move|p1b: Ninetales|Freeze-Dry|p2b: Robertinho
|-activate|p2b: Robertinho|move: Protect
|
|-weather|Snowscape|[upkeep]
|-start|p1a: Staraptor|perish0
|faint|p1a: Staraptor
|upkeep
|
|t:|1785635460
|switch|p1a: Incineroar|Incineroar, L50, M|100/100
|-ability|p1a: Incineroar|Intimidate|boost
|-unboost|p2a: Quengar|atk|1
|-unboost|p2b: Robertinho|atk|1
|turn|8
|
|t:|1785635477
|move|p2b: Robertinho|Protect||[still]
|-fail|p2b: Robertinho
|move|p2a: Quengar|Shadow Ball|p1b: Ninetales
|-damage|p1b: Ninetales|51/100
|move|p1b: Ninetales|Freeze-Dry|p2b: Robertinho
|-supereffective|p2b: Robertinho|1
|-damage|p2b: Robertinho|29/100
|move|p1a: Incineroar|Throat Chop|p2a: Quengar
|-supereffective|p2a: Quengar|1
|-damage|p2a: Quengar|24/100
|-start|p2a: Quengar|Throat Chop|[silent]
|
|-weather|Snowscape|[upkeep]
|upkeep
|turn|9
|inactive|eladecielasobi has 30 seconds left.
|
|t:|1785635508
|move|p2a: Quengar|Shadow Ball|p1b: Ninetales
|-crit|p1b: Ninetales
|-damage|p1b: Ninetales|0 fnt
|faint|p1b: Ninetales
|move|p1a: Incineroar|Throat Chop|p2a: Quengar
|-supereffective|p2a: Quengar|1
|-damage|p2a: Quengar|0 fnt
|faint|p2a: Quengar
|move|p2b: Robertinho|Icy Wind|p1a: Incineroar
|-resisted|p1a: Incineroar|1
|-crit|p1a: Incineroar
|-damage|p1a: Incineroar|93/100
|-unboost|p1a: Incineroar|spe|1
|
|-weather|none
|upkeep
|
|t:|1785635515
|switch|p1b: Gholdengo|Gholdengo, L50|13/100
|turn|10
|
|t:|1785635526
|move|p1b: Gholdengo|Shadow Ball|p2b: Robertinho
|-damage|p2b: Robertinho|0 fnt
|faint|p2b: Robertinho
|-damage|p1b: Gholdengo|4/100|[from] item: Life Orb
|
|win|ToastedArt
