|j|☆ilovemigu
|j|☆MinceFaster
|html|ilovemiguMinceFaster    
|uhtml|bestof|Game 1 of a best-of-3
|t:|1784704675
|gametype|doubles
|player|p1|ilovemigu|swimmerf-gen4dp|1016
|player|p2|MinceFaster|waiter|1045
|gen|9
|tier|[Gen 9 Champions] VGC 2026 Reg M-B (Bo3)
|rated|
|rule|Species Clause: Limit one of each Pokémon
|rule|Item Clause: Limit 1 of each item
|clearpoke
|poke|p1|Gallade, L50, M, shiny|
|poke|p1|Salazzle, L50, F, shiny|
|poke|p1|Archaludon, L50, F, shiny|
|poke|p1|Pelipper, L50, M, shiny|
|poke|p1|Basculegion, L50, M, shiny|
|poke|p1|Kingambit, L50, M, shiny|
|poke|p2|Archaludon, L50, F, shiny|
|poke|p2|Sylveon, L50, M, shiny|
|poke|p2|Pelipper, L50, F, shiny|
|poke|p2|Swampert, L50, M|
|poke|p2|Sinistcha, L50, shiny|
|poke|p2|Sableye, L50, M, shiny|
|teampreview|4
|showteam|p1|Gallade||ScopeLens|Sharpness|SacredSword,PsychoCut,LeafBlade,Protect|Adamant||M|||50|]Salazzle||FocusSash|Corrosion|Toxic,FakeOut,DragonCheer,Overheat|Timid||F|||50|]Archaludon||Leftovers|Stamina|DragonPulse,FlashCannon,ElectroShot,Protect|Modest||F|||50|]Pelipper||DampRock|Drizzle|Hurricane,WeatherBall,WideGuard,Tailwind|Timid||M|||50|]Basculegion||ChoiceScarf|Adaptability|AquaJet,WaveCrash,LastRespects,FlipTurn|Adamant||M|||50|]Kingambit||BlackGlasses|Defiant|SuckerPunch,KowtowCleave,IronHead,Protect|Adamant||M|||50|
|showteam|p2|Archaludon||Leftovers|Stamina|ElectroShot,FlashCannon,DragonPulse,Protect|Modest||F|||50|]Sylveon||LifeOrb|Pixilate|HyperVoice,HyperBeam,QuickAttack,Protect|Timid||M|||50|]Pelipper||FocusSash|Drizzle|Hurricane,WeatherBall,Tailwind,Protect|Timid||F|||50|]Swampert||Swampertite|Damp|WaveCrash,Earthquake,IcePunch,Protect|Adamant||M|||50|]Sinistcha||KasibBerry|Hospitality|MatchaGotcha,RagePowder,TrickRoom,Protect|Relaxed|||||50|]Sableye||LightClay|Prankster|Quash,RainDance,Reflect,LightScreen|Sassy||M|||50|
|inactive|Battle timer is ON: inactive players will automatically lose when time's up. (requested by MinceFaster)
|inactive|ilovemigu has 60 seconds left.
|inactive|MinceFaster has 60 seconds left.
|
|t:|1784704725
|teamsize|p1|4
|teamsize|p2|4
|start
|switch|p1a: Salazzle|Salazzle, L50, F, shiny|100/100
|switch|p1b: Gallade|Gallade, L50, M, shiny|100/100
|switch|p2a: Swampert|Swampert, L50, M|100/100
|switch|p2b: Pelipper|Pelipper, L50, F, shiny|100/100
|-weather|RainDance|[from] ability: Drizzle|[of] p2b: Pelipper
|turn|1
|inactive|MinceFaster has 30 seconds left.
|inactive|MinceFaster has 20 seconds left.
|inactive|MinceFaster has 15 seconds left.
|
|t:|1784704767
|detailschange|p2a: Swampert|Swampert-Mega, L50, M
|-mega|p2a: Swampert|Swampert|Swampertite
|move|p2a: Swampert|Protect|p2a: Swampert
|-singleturn|p2a: Swampert|Protect
|move|p1a: Salazzle|Fake Out|p2a: Swampert
|-activate|p2a: Swampert|move: Protect
|move|p2b: Pelipper|Hurricane|p1b: Gallade
|-supereffective|p1b: Gallade|1
|-damage|p1b: Gallade|17/100
|move|p1b: Gallade|Leaf Blade|p2a: Swampert
|-activate|p2a: Swampert|move: Protect
|
|-weather|RainDance|[upkeep]
|upkeep
|turn|2
|
|t:|1784704790
|move|p1b: Gallade|Protect|p1b: Gallade
|-singleturn|p1b: Gallade|Protect
|move|p2a: Swampert|Earthquake|p1b: Gallade|[spread] p1a
|-activate|p1b: Gallade|move: Protect
|-immune|p2b: Pelipper
|-supereffective|p1a: Salazzle|2
|-enditem|p1a: Salazzle|Focus Sash
|-damage|p1a: Salazzle|1/100
|move|p1a: Salazzle|Toxic|p2a: Swampert
|-status|p2a: Swampert|tox
|move|p2b: Pelipper|Tailwind|p2b: Pelipper
|-sidestart|p2: MinceFaster|move: Tailwind
|
|-weather|RainDance|[upkeep]
|-damage|p2a: Swampert|93/100 tox|[from] psn
|upkeep
|turn|3
|inactive|ilovemigu has 30 seconds left.
|inactive|MinceFaster has 30 seconds left.
|
|t:|1784704821
|move|p2a: Swampert|Earthquake|p1b: Gallade|[spread] p1a,p1b
|-immune|p2b: Pelipper
|-supereffective|p1a: Salazzle|2
|-damage|p1a: Salazzle|0 fnt
|-damage|p1b: Gallade|0 fnt
|faint|p1a: Salazzle
|faint|p1b: Gallade
|move|p2b: Pelipper|Weather Ball|p1: Salazzle|[notarget]
|-fail|p2b: Pelipper
|
|-weather|RainDance|[upkeep]
|-damage|p2a: Swampert|81/100 tox|[from] psn
|upkeep
|
|t:|1784704825
|switch|p1a: Archaludon|Archaludon, L50, F, shiny|100/100
|switch|p1b: Basculegion|Basculegion, L50, M, shiny|100/100
|turn|4
|inactive|MinceFaster has 30 seconds left.
|
|t:|1784704856
|move|p2a: Swampert|Earthquake|p1b: Basculegion|[spread] p1a,p1b
|-immune|p2b: Pelipper
|-supereffective|p1a: Archaludon|1
|-damage|p1a: Archaludon|32/100
|-damage|p1b: Basculegion|42/100
|-ability|p1a: Archaludon|Stamina|boost
|-boost|p1a: Archaludon|def|1
|move|p2b: Pelipper|Hurricane|p1b: Basculegion
|-damage|p1b: Basculegion|0 fnt
|faint|p1b: Basculegion
|move|p1a: Archaludon|Electro Shot||[still]
|-prepare|p1a: Archaludon|Electro Shot
|-boost|p1a: Archaludon|spa|1
|-anim|p1a: Archaludon|Electro Shot|p2b: Pelipper
|-supereffective|p2b: Pelipper|2
|-enditem|p2b: Pelipper|Focus Sash
|-damage|p2b: Pelipper|1/100
|
|-weather|RainDance|[upkeep]
|-heal|p1a: Archaludon|39/100|[from] item: Leftovers
|-damage|p2a: Swampert|62/100 tox|[from] psn
|upkeep
|turn|5
|inactive|MinceFaster has 30 seconds left.
|
|t:|1784704885
|move|p1a: Archaludon|Protect|p1a: Archaludon
|-singleturn|p1a: Archaludon|Protect
|move|p2a: Swampert|Earthquake|p1a: Archaludon|[spread] 
|-activate|p1a: Archaludon|move: Protect
|-immune|p2b: Pelipper
|move|p2b: Pelipper|Weather Ball|p1a: Archaludon
|-activate|p1a: Archaludon|move: Protect
|
|-weather|none
|-heal|p1a: Archaludon|45/100|[from] item: Leftovers
|-damage|p2a: Swampert|37/100 tox|[from] psn
|-sideend|p2: MinceFaster|move: Tailwind
|upkeep
|turn|6
|inactive|ilovemigu has 30 seconds left.
|
|t:|1784704911
|move|p2b: Pelipper|Tailwind|p2b: Pelipper
|-sidestart|p2: MinceFaster|move: Tailwind
|move|p2a: Swampert|Earthquake|p1a: Archaludon|[spread] p1a
|-immune|p2b: Pelipper
|-supereffective|p1a: Archaludon|1
|-damage|p1a: Archaludon|0 fnt
|faint|p1a: Archaludon
|
|win|MinceFaster
||ilovemigu is ready for game 2.
|inactive|MinceFaster has 30 seconds to confirm battle start!
||MinceFaster is ready for game 2.
|uhtml|next|Next: Game 2 of 3
|l|☆MinceFaster
|player|p2|
|j|☆MinceFaster
|player|p2|MinceFaster|waiter|
