|j|☆chuwayo
|j|☆aqoursfan1
|html|chuwayoaqoursfan1    
|uhtml|bestof|Game 1 of a best-of-3
|t:|1786062282
|gametype|doubles
|player|p1|chuwayo|102|1189
|player|p2|aqoursfan1|anabel-gen7|1351
|gen|9
|tier|[Gen 9 Champions] VGC 2026 Reg M-B (Bo3)
|rated|
|rule|Species Clause: Limit one of each Pokémon
|rule|Item Clause: Limit 1 of each item
|clearpoke
|poke|p1|Raichu, L50, F|
|poke|p1|Staraptor, L50, F|
|poke|p1|Arcanine-Hisui, L50, M|
|poke|p1|Farigiraf, L50, M|
|poke|p1|Sylveon, L50, F|
|poke|p1|Kingambit, L50, M|
|poke|p2|Raichu, L50, M|
|poke|p2|Kingambit, L50, M|
|poke|p2|Sylveon, L50, M, shiny|
|poke|p2|Whimsicott, L50, M|
|poke|p2|Basculegion, L50, M|
|poke|p2|Charizard, L50, F, shiny|
|teampreview|4
|showteam|p1|Raichu||RaichuniteY|LightningRod|ZapCannon,FocusBlast,FakeOut,Protect|Timid||F|||50|]Staraptor||Staraptite|Intimidate|CloseCombat,DualWingbeat,Tailwind,Protect|Jolly||F|||50|]Arcanine-Hisui||FocusSash|RockHead|FlareBlitz,HeadSmash,ExtremeSpeed,Protect|Jolly||M|||50|]Farigiraf||SitrusBerry|ArmorTail|Psychic,HelpingHand,TrickRoom,Protect|Calm||M|||50|]Sylveon||FairyFeather|Pixilate|HyperVoice,QuickAttack,HyperBeam,Detect|Modest||F|||50|]Kingambit||LifeOrb|Defiant|KowtowCleave,SuckerPunch,SwordsDance,Protect|Adamant||M|||50|
|showteam|p2|Raichu||RaichuniteY|LightningRod|ZapCannon,FocusBlast,FakeOut,Protect|Timid||M|||50|]Kingambit||FocusSash|Defiant|KowtowCleave,SuckerPunch,IronHead,Protect|Adamant||M|||50|]Sylveon||FairyFeather|Pixilate|HyperVoice,HyperBeam,QuickAttack,Detect|Modest||M|||50|]Whimsicott||LifeOrb|Prankster|Moonblast,Encore,Tailwind,Protect|Timid||M|||50|]Basculegion||MysticWater|Adaptability|WaveCrash,LastRespects,AquaJet,Protect|Adamant||M|||50|]Charizard||CharizarditeY|SolarPower|HeatWave,WeatherBall,SolarBeam,Protect|Modest||F|||50|
|inactive|Battle timer is ON: inactive players will automatically lose when time's up. (requested by aqoursfan1)
|inactive|chuwayo has 60 seconds left.
|inactive|chuwayo has 30 seconds left.
|inactive|chuwayo has 20 seconds left.
|inactive|chuwayo has 15 seconds left.
|inactive|chuwayo has 10 seconds left.
|inactive|chuwayo has 5 seconds left.
|
|t:|1786062371
|teamsize|p1|4
|teamsize|p2|4
|start
|switch|p1a: Arcanine|Arcanine-Hisui, L50, M|100/100
|switch|p1b: Staraptor|Staraptor, L50, F|100/100
|switch|p2a: Whimsicott|Whimsicott, L50, M|100/100
|switch|p2b: Basculegion|Basculegion, L50, M|100/100
|-ability|p1b: Staraptor|Intimidate|boost
|-unboost|p2a: Whimsicott|atk|1
|-unboost|p2b: Basculegion|atk|1
|turn|1
|inactive|chuwayo has 30 seconds left.
|inactive|aqoursfan1 has 30 seconds left.
|inactive|chuwayo has 20 seconds left.
|inactive|chuwayo has 15 seconds left.
|
|t:|1786062413
|move|p2a: Whimsicott|Protect|p2a: Whimsicott
|-singleturn|p2a: Whimsicott|Protect
|move|p2b: Basculegion|Aqua Jet|p1a: Arcanine
|-supereffective|p1a: Arcanine|2
|-crit|p1a: Arcanine
|-enditem|p1a: Arcanine|Focus Sash
|-damage|p1a: Arcanine|1/100
|move|p1b: Staraptor|Tailwind|p1b: Staraptor
|-sidestart|p1: chuwayo|move: Tailwind
|move|p1a: Arcanine|Head Smash|p2b: Basculegion
|-damage|p2b: Basculegion|24/100
|
|upkeep
|turn|2
|
|t:|1786062429
|switch|p1a: Farigiraf|Farigiraf, L50, M|100/100
|move|p2a: Whimsicott|Encore||[still]
|cant|p1a: Farigiraf|ability: Armor Tail|Encore|[of] p2a: Whimsicott
|move|p2b: Basculegion|Aqua Jet||[still]
|cant|p1a: Farigiraf|ability: Armor Tail|Aqua Jet|[of] p2b: Basculegion
|move|p1b: Staraptor|Dual Wingbeat|p2b: Basculegion
|-damage|p2b: Basculegion|4/100
|-damage|p2b: Basculegion|0 fnt
|faint|p2b: Basculegion
|-hitcount|p2: Basculegion|2
|
|upkeep
|
|t:|1786062431
|switch|p2b: Raichu|Raichu, L50, M|100/100
|turn|3
|
|t:|1786062444
|switch|p1a: Raichu|Raichu, L50, F|100/100
|detailschange|p2b: Raichu|Raichu-Mega-Y, L50, M
|-mega|p2b: Raichu|Raichu|Raichunite Y
|move|p1b: Staraptor|Dual Wingbeat|p2a: Whimsicott
|-supereffective|p2a: Whimsicott|1
|-damage|p2a: Whimsicott|46/100
|-supereffective|p2a: Whimsicott|1
|-damage|p2a: Whimsicott|0 fnt
|faint|p2a: Whimsicott
|-hitcount|p2: Whimsicott|2
|move|p2b: Raichu|Focus Blast|p1b: Staraptor
|-damage|p1b: Staraptor|37/100
|-unboost|p1b: Staraptor|spd|1
|
|upkeep
|
|t:|1786062448
|switch|p2a: Kingambit|Kingambit, L50, M|100/100
|turn|4
|
|t:|1786062470
|detailschange|p1a: Raichu|Raichu-Mega-Y, L50, F
|-mega|p1a: Raichu|Raichu|Raichunite Y
|move|p2a: Kingambit|Protect|p2a: Kingambit
|-singleturn|p2a: Kingambit|Protect
|move|p1a: Raichu|Fake Out|p2b: Raichu
|-damage|p2b: Raichu|87/100
|move|p1b: Staraptor|Close Combat|p2a: Kingambit
|-activate|p2a: Kingambit|move: Protect
|cant|p2b: Raichu|flinch
|
|-sideend|p1: chuwayo|move: Tailwind
|upkeep
|turn|5
|
|t:|1786062486
|switch|p1b: Farigiraf|Farigiraf, L50, M|100/100
|move|p1a: Raichu|Focus Blast|p2a: Kingambit
|-supereffective|p2a: Kingambit|2
|-enditem|p2a: Kingambit|Focus Sash
|-damage|p2a: Kingambit|1/100
|move|p2b: Raichu|Zap Cannon|p1b: Farigiraf
|-damage|p1b: Farigiraf|53/100
|-status|p1b: Farigiraf|par
|move|p2a: Kingambit|Kowtow Cleave|p1a: Raichu
|-damage|p1a: Raichu|13/100
|
|upkeep
|turn|6
|inactive|chuwayo has 30 seconds left.
|
|t:|1786062513
|move|p1a: Raichu|Protect|p1a: Raichu
|-singleturn|p1a: Raichu|Protect
|move|p2b: Raichu|Zap Cannon|p1a: Raichu
|-activate|p1a: Raichu|move: Protect
|move|p2a: Kingambit|Kowtow Cleave|p1b: Farigiraf
|-supereffective|p1b: Farigiraf|1
|-damage|p1b: Farigiraf|0 fnt
|faint|p1b: Farigiraf
|
|upkeep
|
|t:|1786062524
|switch|p1b: Arcanine|Arcanine-Hisui, L50, M|1/100
|turn|7
|
|t:|1786062531
|move|p2a: Kingambit|Protect|p2a: Kingambit
|-singleturn|p2a: Kingambit|Protect
|move|p1b: Arcanine|Extreme Speed|p2a: Kingambit
|-activate|p2a: Kingambit|move: Protect
|move|p1a: Raichu|Focus Blast|p2b: Raichu
|-damage|p2b: Raichu|36/100
|move|p2b: Raichu|Zap Cannon|p1b: Arcanine
|-damage|p1b: Arcanine|0 fnt
|faint|p1b: Arcanine
|
|upkeep
|
|t:|1786062533
|switch|p1b: Staraptor|Staraptor, L50, F|37/100
|-ability|p1b: Staraptor|Intimidate|boost
|-unboost|p2a: Kingambit|atk|1
|-ability|p2a: Kingambit|Defiant|boost
|-boost|p2a: Kingambit|atk|2
|-unboost|p2b: Raichu|atk|1
|turn|8
|-message|chuwayo forfeited.
|
|win|aqoursfan1
