|j|☆ddx9000
|j|☆dominikc
|html|ddx9000dominikc    
|uhtml|bestof|Game 2 of a best-of-3
|t:|1756949274
|gametype|doubles
|player|p1|ddx9000|1|1160
|player|p2|dominikc|policeman-gen4|1067
|gen|9
|tier|[Gen 9] VGC 2025 Reg H (Bo3)
|rated|
|rule|Species Clause: Limit one of each Pokémon
|rule|Item Clause: Limit 1 of each item
|clearpoke
|poke|p1|Incineroar, L50, M|
|poke|p1|Porygon2, L50|
|poke|p1|Amoonguss, L50, F|
|poke|p1|Hydreigon, L50, F|
|poke|p1|Ursaluna, L50, M|
|poke|p1|Gholdengo, L50|
|poke|p2|Toxtricity-Low-Key, L50, M|
|poke|p2|Samurott-Hisui, L50, F|
|poke|p2|Mamoswine, L50, M|
|poke|p2|Ninetales-Alola, L50, M|
|poke|p2|Rillaboom, L50, F|
|poke|p2|Corviknight, L50, F|
|teampreview|4
|showteam|p1|Incineroar||AssaultVest|Intimidate|FakeOut,Uturn,FlareBlitz,KnockOff|||M|||50|,,,,,Ghost]Porygon2||Eviolite|Download|TeraBlast,IceBeam,Recover,TrickRoom||||||50|,,,,,Fighting]Amoonguss||RockyHelmet|Regenerator|Spore,ClearSmog,RagePowder,PollenPuff|||F|||50|,,,,,Water]Hydreigon||SafetyGoggles|Levitate|Tailwind,Snarl,Protect,DracoMeteor|||F|||50|,,,,,Ghost]Ursaluna||FlameOrb|Guts|Protect,HeadlongRush,Earthquake,Facade|||M|||50|,,,,,Ghost]Gholdengo||LifeOrb|GoodasGold|Protect,NastyPlot,MakeItRain,ShadowBall||||||50|,,,,,Water
|showteam|p2|Toxtricity-Low-Key||ThroatSpray|PunkRock|Overdrive,SludgeBomb,Protect,VoltSwitch|||M|||50|,,,,,Electric]Samurott-Hisui||ClearAmulet|Sharpness|CeaselessEdge,AquaCutter,Protect,SwordsDance|||F|||50|,,,,,Fighting]Mamoswine||LifeOrb|ThickFat|IcicleCrash,Earthquake,Protect,IceShard|||M|||50|,,,,,Ice]Ninetales-Alola||FocusSash|SnowWarning|AuroraVeil,FreezeDry,Moonblast,Protect|||M|||50|,,,,,Ice]Rillaboom||Leftovers|GrassySurge|FakeOut,GrassyGlide,Protect,LeechSeed|||F|||50|,,,,,Water]Corviknight||RockyHelmet|MirrorArmor|BraveBird,Roost,Protect,Tailwind|||F|||50|,,,,,Flying
|
|t:|1756949316
|teamsize|p1|4
|teamsize|p2|4
|start
|switch|p1a: Porygon2|Porygon2, L50|100/100
|switch|p1b: Incineroar|Incineroar, L50, M, shiny|100/100
|switch|p2a: Ninetales|Ninetales-Alola, L50, M|100/100
|switch|p2b: Mamoswine|Mamoswine, L50, M|100/100
|-weather|Snowscape|[from] ability: Snow Warning|[of] p2a: Ninetales
|-ability|p1b: Incineroar|Intimidate|boost
|-unboost|p2a: Ninetales|atk|1
|-unboost|p2b: Mamoswine|atk|1
|-ability|p1a: Porygon2|Download|boost
|-boost|p1a: Porygon2|atk|1
|turn|1
|
|t:|1756949336
|switch|p2b: Rillaboom|Rillaboom, L50, F|100/100
|-fieldstart|move: Grassy Terrain|[from] ability: Grassy Surge|[of] p2b: Rillaboom
|move|p1b: Incineroar|Fake Out|p2a: Ninetales
|-damage|p2a: Ninetales|88/100
|cant|p2a: Ninetales|flinch
|move|p1a: Porygon2|Trick Room|p1a: Porygon2
|-fieldstart|move: Trick Room|[of] p1a: Porygon2
|
|-weather|Snowscape|[upkeep]
|-heal|p2a: Ninetales|94/100|[from] Grassy Terrain
|upkeep
|turn|2
|
|t:|1756949359
|-terastallize|p1b: Incineroar|Ghost
|move|p2b: Rillaboom|Fake Out|p1a: Porygon2
|-damage|p1a: Porygon2|93/100
|cant|p1a: Porygon2|flinch
|move|p1b: Incineroar|Flare Blitz|p2a: Ninetales
|-supereffective|p2a: Ninetales
|-damage|p2a: Ninetales|0 fnt
|faint|p2a: Ninetales
|-damage|p1b: Incineroar|76/100|[from] Recoil
|
|-weather|Snowscape|[upkeep]
|-heal|p1a: Porygon2|99/100|[from] Grassy Terrain
|-heal|p1b: Incineroar|82/100|[from] Grassy Terrain
|upkeep
|
|t:|1756949377
|switch|p2a: Corviknight|Corviknight, L50, F|100/100
|turn|3
|
|t:|1756949388
|move|p2b: Rillaboom|Protect|p2b: Rillaboom
|-singleturn|p2b: Rillaboom|Protect
|move|p1a: Porygon2|Ice Beam|p2b: Rillaboom
|-activate|p2b: Rillaboom|move: Protect
|move|p2a: Corviknight|Brave Bird|p1b: Incineroar
|-damage|p1b: Incineroar|45/100
|-damage|p2a: Corviknight|89/100|[from] Recoil
|move|p1b: Incineroar|Flare Blitz|p2b: Rillaboom
|-activate|p2b: Rillaboom|move: Protect
|
|-weather|Snowscape|[upkeep]
|-heal|p1a: Porygon2|100/100|[from] Grassy Terrain
|-heal|p1b: Incineroar|51/100|[from] Grassy Terrain
|upkeep
|turn|4
|
|t:|1756949410
|-terastallize|p2b: Rillaboom|Water
|move|p2a: Corviknight|Protect|p2a: Corviknight
|-singleturn|p2a: Corviknight|Protect
|move|p1a: Porygon2|Ice Beam|p2a: Corviknight
|-activate|p2a: Corviknight|move: Protect
|move|p1b: Incineroar|Flare Blitz|p2a: Corviknight
|-activate|p2a: Corviknight|move: Protect
|move|p2b: Rillaboom|Leech Seed|p1a: Porygon2
|-start|p1a: Porygon2|move: Leech Seed
|
|-weather|Snowscape|[upkeep]
|-heal|p1b: Incineroar|57/100|[from] Grassy Terrain
|-damage|p1a: Porygon2|88/100|[from] Leech Seed|[of] p2b: Rillaboom
|upkeep
|turn|5
|
|t:|1756949438
|move|p1a: Porygon2|Ice Beam|p2a: Corviknight
|-damage|p2a: Corviknight|60/100
|move|p2a: Corviknight|Roost|p2a: Corviknight
|-heal|p2a: Corviknight|100/100
|-singleturn|p2a: Corviknight|move: Roost
|move|p1b: Incineroar|Flare Blitz|p2a: Corviknight
|-supereffective|p2a: Corviknight
|-damage|p2a: Corviknight|33/100
|-damage|p1b: Incineroar|41/100|[from] item: Rocky Helmet|[of] p2a: Corviknight
|-damage|p1b: Incineroar|16/100|[from] Recoil
|move|p2b: Rillaboom|Leech Seed|p1b: Incineroar
|-start|p1b: Incineroar|move: Leech Seed
|
|-weather|none
|-heal|p1a: Porygon2|94/100|[from] Grassy Terrain
|-heal|p2a: Corviknight|39/100|[from] Grassy Terrain
|-heal|p1b: Incineroar|22/100|[from] Grassy Terrain
|-damage|p1a: Porygon2|82/100|[from] Leech Seed|[of] p2b: Rillaboom
|-damage|p1b: Incineroar|10/100|[from] Leech Seed|[of] p2b: Rillaboom
|-fieldend|move: Trick Room
|-fieldend|move: Grassy Terrain
|upkeep
|turn|6
|
|t:|1756949466
|switch|p2b: Mamoswine|Mamoswine, L50, M|100/100
|switch|p1b: Amoonguss|Amoonguss, L50, F, shiny|100/100
|move|p2a: Corviknight|Protect|p2a: Corviknight
|-singleturn|p2a: Corviknight|Protect
|move|p1a: Porygon2|Trick Room|p1a: Porygon2
|-fieldstart|move: Trick Room|[of] p1a: Porygon2
|
|-damage|p1a: Porygon2|69/100|[from] Leech Seed|[of] p2b: Mamoswine
|upkeep
|turn|7
|
|t:|1756949483
|switch|p2a: Rillaboom|Rillaboom, L50, F, tera:Water|100/100
|-fieldstart|move: Grassy Terrain|[from] ability: Grassy Surge|[of] p2a: Rillaboom
|move|p2b: Mamoswine|Ice Shard|p1b: Amoonguss
|-supereffective|p1b: Amoonguss
|-damage|p1b: Amoonguss|55/100
|-damage|p2b: Mamoswine|91/100|[from] item: Life Orb
|move|p1b: Amoonguss|Spore|p2b: Mamoswine
|-status|p2b: Mamoswine|slp|[from] move: Spore
|move|p1a: Porygon2|Ice Beam|p2a: Rillaboom
|-resisted|p2a: Rillaboom
|-damage|p2a: Rillaboom|86/100
|
|-heal|p1b: Amoonguss|61/100|[from] Grassy Terrain
|-heal|p1a: Porygon2|75/100|[from] Grassy Terrain
|-heal|p2a: Rillaboom|91/100|[from] Grassy Terrain
|-heal|p2a: Rillaboom|97/100|[from] item: Leftovers
|-heal|p2b: Mamoswine|97/100 slp|[from] Grassy Terrain
|-damage|p1a: Porygon2|63/100|[from] Leech Seed|[of] p2b: Mamoswine
|-heal|p2b: Mamoswine|100/100 slp|[silent]
|upkeep
|turn|8
|
|t:|1756949513
|switch|p1a: Ursaluna|Ursaluna, L50, M|100/100
|move|p2a: Rillaboom|Fake Out|p1b: Amoonguss
|-damage|p1b: Amoonguss|51/100
|-damage|p2a: Rillaboom|81/100|[from] item: Rocky Helmet|[of] p1b: Amoonguss
|cant|p2b: Mamoswine|slp
|cant|p1b: Amoonguss|flinch
|
|-heal|p1b: Amoonguss|57/100|[from] Grassy Terrain
|-heal|p2a: Rillaboom|86/100|[from] Grassy Terrain
|-heal|p2a: Rillaboom|92/100|[from] item: Leftovers
|-status|p1a: Ursaluna|brn|[from] item: Flame Orb
|upkeep
|turn|9
|
|t:|1756949536
|move|p2a: Rillaboom|Protect|p2a: Rillaboom
|-singleturn|p2a: Rillaboom|Protect
|move|p1b: Amoonguss|Spore|p2a: Rillaboom
|-activate|p2a: Rillaboom|move: Protect
|move|p1a: Ursaluna|Facade|p2b: Mamoswine
|-damage|p2b: Mamoswine|0 fnt
|faint|p2b: Mamoswine
|
|-heal|p1b: Amoonguss|63/100|[from] Grassy Terrain
|-heal|p2a: Rillaboom|98/100|[from] Grassy Terrain
|-heal|p2a: Rillaboom|100/100|[from] item: Leftovers
|-damage|p1a: Ursaluna|95/100 brn|[from] brn
|upkeep
|
|t:|1756949553
|switch|p2b: Corviknight|Corviknight, L50, F|39/100
|turn|10
|
|t:|1756949565
|move|p2a: Rillaboom|Grassy Glide|p1a: Ursaluna
|-supereffective|p1a: Ursaluna
|-damage|p1a: Ursaluna|45/100 brn
|move|p1b: Amoonguss|Spore|p2a: Rillaboom
|-status|p2a: Rillaboom|slp|[from] move: Spore
|move|p1a: Ursaluna|Facade|p2a: Rillaboom
|-damage|p2a: Rillaboom|23/100 slp
|move|p2b: Corviknight|Roost|p2b: Corviknight
|-heal|p2b: Corviknight|89/100
|-singleturn|p2b: Corviknight|move: Roost
|
|-heal|p1b: Amoonguss|69/100|[from] Grassy Terrain
|-heal|p1a: Ursaluna|51/100 brn|[from] Grassy Terrain
|-heal|p2b: Corviknight|95/100|[from] Grassy Terrain
|-heal|p2a: Rillaboom|29/100 slp|[from] Grassy Terrain
|-heal|p2a: Rillaboom|35/100 slp|[from] item: Leftovers
|-damage|p1a: Ursaluna|45/100 brn|[from] brn
|-fieldend|move: Trick Room
|upkeep
|turn|11
|
|t:|1756949603
|cant|p2a: Rillaboom|slp
|move|p1b: Amoonguss|Rage Powder|p1b: Amoonguss
|-singleturn|p1b: Amoonguss|move: Rage Powder
|move|p1a: Ursaluna|Facade|p2a: Rillaboom
|-damage|p2a: Rillaboom|0 fnt
|faint|p2a: Rillaboom
|move|p2b: Corviknight|Brave Bird|p1b: Amoonguss
|-supereffective|p1b: Amoonguss
|-damage|p1b: Amoonguss|6/100
|-damage|p2b: Corviknight|78/100|[from] item: Rocky Helmet|[of] p1b: Amoonguss
|-damage|p2b: Corviknight|55/100|[from] Recoil
|
|-heal|p1a: Ursaluna|51/100 brn|[from] Grassy Terrain
|-heal|p1b: Amoonguss|12/100|[from] Grassy Terrain
|-damage|p1a: Ursaluna|45/100 brn|[from] brn
|-fieldend|move: Grassy Terrain
|upkeep
|turn|12
|
|t:|1756949630
|move|p1b: Amoonguss|Rage Powder|p1b: Amoonguss
|-singleturn|p1b: Amoonguss|move: Rage Powder
|move|p2b: Corviknight|Brave Bird|p1b: Amoonguss
|-supereffective|p1b: Amoonguss
|-damage|p1b: Amoonguss|0 fnt
|-damage|p2b: Corviknight|39/100|[from] item: Rocky Helmet|[of] p1b: Amoonguss
|faint|p1b: Amoonguss
|-damage|p2b: Corviknight|34/100|[from] Recoil
|move|p1a: Ursaluna|Facade|p2b: Corviknight
|-resisted|p2b: Corviknight
|-damage|p2b: Corviknight|0 fnt
|-damage|p1a: Ursaluna|29/100 brn|[from] item: Rocky Helmet|[of] p2b: Corviknight
|faint|p2b: Corviknight
|
|win|ddx9000
|raw|ddx9000's rating: 1160 → 1178(+18 for winning)
|raw|dominikc's rating: 1067 → 1052(-15 for losing)
