|j|‽Piuxxy
|j|☆silverst0ne0656
|html|Piuxxysilverst0ne0656    
|uhtml|bestof|Game 3 of a best-of-3
|t:|1784015028
|gametype|doubles
|player|p1|Piuxxy|brycen|1074
|player|p2|silverst0ne0656|266|1000
|gen|9
|tier|[Gen 9 Champions] VGC 2026 Reg M-B (Bo3)
|rated|
|rule|Species Clause: Limit one of each Pokémon
|rule|Item Clause: Limit 1 of each item
|clearpoke
|poke|p1|Eelektross, L50, M|
|poke|p1|Alakazam, L50, M|
|poke|p1|Mamoswine, L50, M|
|poke|p1|Ninetales-Alola, L50, M|
|poke|p1|Sinistcha, L50|
|poke|p1|Kangaskhan, L50, F|
|poke|p2|Golurk, L50|
|poke|p2|Chandelure, L50, M, shiny|
|poke|p2|Decidueye-Hisui, L50, F|
|poke|p2|Liepard, L50, F, shiny|
|poke|p2|Empoleon, L50, F|
|poke|p2|Gardevoir, L50, F|
|teampreview|4
|showteam|p1|Eelektross||Eelektrossite|Levitate|Discharge,Thunderbolt,Flamethrower,Protect|Modest||M|||50|]Alakazam||FocusSash|InnerFocus|Psychic,Taunt,SpeedSwap,Protect|Timid||M|||50|]Mamoswine||LifeOrb|ThickFat|Earthquake,IcicleCrash,RockSlide,Protect|Adamant||M|||50|]Ninetales-Alola||MentalHerb|SnowWarning|DazzlingGleam,FreezeDry,AuroraVeil,Protect|Timid||M|||50|]Sinistcha||SitrusBerry|Hospitality|MatchaGotcha,LifeDew,Imprison,TrickRoom|Bold|||||50|]Kangaskhan||SilkScarf|Scrappy|DoubleEdge,HelpingHand,FakeOut,HammerArm|Adamant||F|||50|
|showteam|p2|Golurk||Golurkite|IronFist|HeadlongRush,Poltergeist,ThunderPunch,Protect|Brave|||||50|]Chandelure||FocusSash|FlashFire|TrickRoom,HeatWave,ShadowBall,Protect|Quiet||M|||50|]Decidueye-Hisui||ScopeLens|Scrappy|TripleArrows,LeafBlade,BraveBird,Protect|Adamant||F|||50|]Liepard||ChopleBerry|Prankster|FakeOut,Encore,KnockOff,FakeTears|Adamant||F|||50|]Empoleon||LifeOrb|Competitive|HydroPump,FlashCannon,IceBeam,Protect|Modest||F|||50|]Gardevoir||MentalHerb|Trace|Moonblast,DazzlingGleam,TrickRoom,Protect|Modest||F|||50|
|inactive|Battle timer is ON: inactive players will automatically lose when time's up. (requested by Piuxxy)
|inactive|silverst0ne0656 has 60 seconds left.
|
|t:|1784015068
|teamsize|p1|4
|teamsize|p2|4
|start
|switch|p1a: Sinistcha|Sinistcha, L50|100/100
|switch|p1b: Mamoswine|Mamoswine, L50, M|100/100
|switch|p2a: Liepard|Liepard, L50, F, shiny|100/100
|switch|p2b: Gardevoir|Gardevoir, L50, F|100/100
|-ability|p2b: Gardevoir|Thick Fat|Trace|[from] ability: Trace|[of] p1b: Mamoswine
|turn|1
|inactive|silverst0ne0656 has 30 seconds left.
|inactive|silverst0ne0656 has 20 seconds left.
|inactive|silverst0ne0656 has 15 seconds left.
|
|t:|1784015109
|move|p1b: Mamoswine|Protect|p1b: Mamoswine
|-singleturn|p1b: Mamoswine|Protect
|move|p2a: Liepard|Knock Off|p1a: Sinistcha
|-supereffective|p1a: Sinistcha|1
|-damage|p1a: Sinistcha|29/100
|-enditem|p1a: Sinistcha|Sitrus Berry|[from] move: Knock Off|[of] p2a: Liepard
|move|p2b: Gardevoir|Dazzling Gleam|p1a: Sinistcha|[spread] p1a
|-activate|p1b: Mamoswine|move: Protect
|-damage|p1a: Sinistcha|0 fnt
|faint|p1a: Sinistcha
|
|upkeep
|
|t:|1784015123
|switch|p1a: Eelektross|Eelektross, L50, M|100/100
|turn|2
|
|t:|1784015128
|detailschange|p1a: Eelektross|Eelektross-Mega, L50, M
|-mega|p1a: Eelektross|Eelektross|Eelektrossite
|move|p2a: Liepard|Encore|p1b: Mamoswine
|-start|p1b: Mamoswine|Encore
|move|p1b: Mamoswine|Protect||[still]
|-fail|p1b: Mamoswine
|move|p1a: Eelektross|Discharge|p2b: Gardevoir|[spread] p2a,p2b
|-immune|p1b: Mamoswine
|-crit|p2b: Gardevoir
|-damage|p2a: Liepard|39/100
|-damage|p2b: Gardevoir|45/100
|move|p2b: Gardevoir|Trick Room|p2b: Gardevoir
|-fieldstart|move: Trick Room|[of] p2b: Gardevoir
|
|upkeep
|turn|3
|inactive|silverst0ne0656 has 30 seconds left.
|
|t:|1784015160
|switch|p1b: Alakazam|Alakazam, L50, M|100/100
|move|p1a: Eelektross|Protect|p1a: Eelektross
|-singleturn|p1a: Eelektross|Protect
|move|p2b: Gardevoir|Moonblast|p1b: Alakazam
|-damage|p1b: Alakazam|26/100
|move|p2a: Liepard|Knock Off|p1b: Alakazam
|-supereffective|p1b: Alakazam|1
|-damage|p1b: Alakazam|0 fnt
|-enditem|p1b: Alakazam|Focus Sash|[from] move: Knock Off|[of] p2a: Liepard
|faint|p1b: Alakazam
|
|upkeep
|
|t:|1784015171
|switch|p1b: Mamoswine|Mamoswine, L50, M|100/100
|turn|4
|
|t:|1784015181
|move|p2a: Liepard|Fake Tears|p1a: Eelektross
|-unboost|p1a: Eelektross|spd|2
|move|p2b: Gardevoir|Moonblast|p1a: Eelektross
|-damage|p1a: Eelektross|0 fnt
|faint|p1a: Eelektross
|move|p1b: Mamoswine|Earthquake|p2b: Gardevoir|[spread] p2a,p2b
|-damage|p2a: Liepard|0 fnt
|-damage|p2b: Gardevoir|0 fnt
|faint|p2a: Liepard
|faint|p2b: Gardevoir
|-damage|p1b: Mamoswine|90/100|[from] item: Life Orb
|
|upkeep
|
|t:|1784015192
|switch|p2b: Decidueye|Decidueye-Hisui, L50, F|100/100
|switch|p2a: Golurk|Golurk, L50|100/100
|turn|5
|
|t:|1784015203
|detailschange|p2a: Golurk|Golurk-Mega, L50
|-mega|p2a: Golurk|Golurk|Golurkite
|move|p2a: Golurk|Headlong Rush|p1b: Mamoswine
|-damage|p1b: Mamoswine|9/100
|-unboost|p2a: Golurk|def|1
|-unboost|p2a: Golurk|spd|1
|move|p2b: Decidueye|Leaf Blade|p1b: Mamoswine
|-supereffective|p1b: Mamoswine|1
|-crit|p1b: Mamoswine
|-damage|p1b: Mamoswine|0 fnt
|faint|p1b: Mamoswine
|
|win|silverst0ne0656
|raw|Piuxxy's rating: 1074 → 1048(-26 for losing)
|raw|silverst0ne0656's rating: 1000 → 1048(+48 for winning)
|l|‽Piuxxy
|player|p1|
|c|☆silverst0ne0656|gg wp!
