|j|☆PonchoTheCat
|j|☆whiskersss
|html|PonchoTheCatwhiskersss    
|uhtml|bestof|Game 1 of a best-of-3
|t:|1784532641
|gametype|doubles
|player|p1|PonchoTheCat|266|1033
|player|p2|whiskersss|266|1032
|gen|9
|tier|[Gen 9 Champions] VGC 2026 Reg M-B (Bo3)
|rated|
|rule|Species Clause: Limit one of each Pokémon
|rule|Item Clause: Limit 1 of each item
|clearpoke
|poke|p1|Venusaur, L50, F|
|poke|p1|Toxapex, L50, M|
|poke|p1|Charizard, L50, M|
|poke|p1|Garchomp, L50, M|
|poke|p1|Incineroar, L50, F|
|poke|p1|Annihilape, L50, F|
|poke|p2|Vanilluxe, L50, F|
|poke|p2|Greninja, L50, M|
|poke|p2|Kingambit, L50, F|
|poke|p2|Garchomp, L50, F|
|poke|p2|Milotic, L50, M|
|poke|p2|Rotom-Frost, L50|
|teampreview|4
|showteam|p1|Venusaur||LifeOrb|Chlorophyll|EarthPower,Protect,SludgeBomb,SleepPowder|Serious||F|||50|]Toxapex||Leftovers|Regenerator|BanefulBunker,Toxic,Infestation,WideGuard|Serious||M|||50|]Charizard||CharizarditeY|Blaze|Protect,WeatherBall,HeatWave,SolarBeam|Timid||M|||50|]Garchomp||ChoiceScarf|RoughSkin|DragonClaw,RockSlide,Earthquake,StompingTantrum|Jolly||M|||50|]Incineroar||SitrusBerry|Blaze|FakeOut,PartingShot,FlareBlitz,ThroatChop|Serious||F|||50|]Annihilape||FocusSash|Defiant|Protect,CloseCombat,PhantomForce,RockTomb|Serious||F|||50|
|showteam|p2|Vanilluxe||ChoiceScarf|SnowWarning|AuroraVeil,FreezeDry,IcyWind,Blizzard|Timid||F|||50|]Greninja||Greninjite|Protean|Protect,Blizzard,LowKick,DarkPulse|Hasty||M|||50|]Kingambit||BlackGlasses|Defiant|SuckerPunch,KowtowCleave,SwordsDance,Protect|Adamant||F|||50|]Garchomp||LumBerry|RoughSkin|Protect,DragonClaw,StompingTantrum,RockSlide|Jolly||F|||50|]Milotic||Leftovers|Competitive|DrainingKiss,Hypnosis,Scald,Protect|Calm||M|||50|]Rotom-Frost||SitrusBerry|Levitate|Protect,WillOWisp,Blizzard,Thunderbolt|Calm|||||50|
|
|t:|1784532707
|teamsize|p1|4
|teamsize|p2|4
|start
|switch|p1a: Charizard|Charizard, L50, M|100/100
|switch|p1b: Venusaur|Venusaur, L50, F|100/100
|switch|p2a: Vanilluxe|Vanilluxe, L50, F|100/100
|switch|p2b: Greninja|Greninja, L50, M|100/100
|-weather|Snowscape|[from] ability: Snow Warning|[of] p2a: Vanilluxe
|turn|1
|
|t:|1784532734
|detailschange|p2b: Greninja|Greninja-Mega, L50, M
|-mega|p2b: Greninja|Greninja|Greninjite
|detailschange|p1a: Charizard|Charizard-Mega-Y, L50, M
|-mega|p1a: Charizard|Charizard|Charizardite Y
|-weather|SunnyDay|[from] ability: Drought|[of] p1a: Charizard
|move|p1b: Venusaur|Sludge Bomb|p2a: Vanilluxe
|-damage|p2a: Vanilluxe|33/100
|-status|p2a: Vanilluxe|psn
|-damage|p1b: Venusaur|90/100|[from] item: Life Orb
|move|p2b: Greninja|Blizzard|p1b: Venusaur|[spread] p1a,p1b
|-start|p2b: Greninja|typechange|Ice|[from] ability: Protean
|-supereffective|p1b: Venusaur|1
|-damage|p1a: Charizard|54/100
|-damage|p1b: Venusaur|0 fnt
|faint|p1b: Venusaur
|move|p2a: Vanilluxe|Blizzard|p1a: Charizard
|-damage|p1a: Charizard|0 fnt
|faint|p1a: Charizard
|
|-weather|SunnyDay|[upkeep]
|-damage|p2a: Vanilluxe|21/100 psn|[from] psn
|upkeep
|
|t:|1784532753
|switch|p1a: Garchomp|Garchomp, L50, M|100/100
|switch|p1b: Toxapex|Toxapex, L50, M|100/100
|turn|2
|
|t:|1784532766
|move|p2b: Greninja|Protect|p2b: Greninja
|-singleturn|p2b: Greninja|Protect
|move|p1a: Garchomp|Rock Slide|p2b: Greninja|[spread] p2a
|-activate|p2b: Greninja|move: Protect
|-supereffective|p2a: Vanilluxe|1
|-damage|p2a: Vanilluxe|0 fnt
|faint|p2a: Vanilluxe
|move|p1b: Toxapex|Toxic|p2b: Greninja
|-activate|p2b: Greninja|move: Protect
|
|-weather|SunnyDay|[upkeep]
|upkeep
|
|t:|1784532777
|switch|p2a: Milotic|Milotic, L50, M|100/100
|turn|3
|
|t:|1784532785
|move|p1a: Garchomp|Rock Slide|p2b: Greninja|[spread] p2a,p2b
|-supereffective|p2b: Greninja|1
|-damage|p2a: Milotic|78/100
|-damage|p2b: Greninja|36/100
|move|p2b: Greninja|Blizzard|p1a: Garchomp|[spread] 
|-miss|p2b: Greninja|p1a: Garchomp
|-miss|p2b: Greninja|p1b: Toxapex
|cant|p2a: Milotic|flinch
|move|p1b: Toxapex|Toxic|p2a: Milotic
|-status|p2a: Milotic|tox
|
|-weather|SunnyDay|[upkeep]
|-heal|p2a: Milotic|84/100 tox|[from] item: Leftovers
|-damage|p2a: Milotic|78/100 tox|[from] psn
|upkeep
|turn|4
|
|t:|1784532805
|move|p2b: Greninja|Protect|p2b: Greninja
|-singleturn|p2b: Greninja|Protect
|move|p1a: Garchomp|Rock Slide|p2b: Greninja|[spread] p2a
|-activate|p2b: Greninja|move: Protect
|-damage|p2a: Milotic|58/100 tox
|move|p2a: Milotic|Draining Kiss|p1a: Garchomp
|-supereffective|p1a: Garchomp|1
|-damage|p1a: Garchomp|72/100
|-heal|p2a: Milotic|77/100 tox|[from] drain|[of] p1a: Garchomp
|-damage|p2a: Milotic|65/100 tox|[from] ability: Rough Skin|[of] p1a: Garchomp
|move|p1b: Toxapex|Infestation|p2a: Milotic
|-damage|p2a: Milotic|63/100 tox
|-activate|p2a: Milotic|move: Infestation|[of] p1b: Toxapex
|
|-weather|SunnyDay|[upkeep]
|-heal|p2a: Milotic|69/100 tox|[from] item: Leftovers
|-damage|p2a: Milotic|57/100 tox|[from] psn
|-damage|p2a: Milotic|45/100 tox|[from] move: Infestation|[partiallytrapped]
|upkeep
|turn|5
|
|t:|1784532828
|move|p2a: Milotic|Protect|p2a: Milotic
|-singleturn|p2a: Milotic|Protect
|move|p1b: Toxapex|Baneful Bunker|p1b: Toxapex
|-singleturn|p1b: Toxapex|move: Protect
|move|p1a: Garchomp|Rock Slide|p2b: Greninja|[spread] p2b
|-activate|p2a: Milotic|move: Protect
|-supereffective|p2b: Greninja|1
|-damage|p2b: Greninja|0 fnt
|faint|p2b: Greninja
|
|-weather|none
|-heal|p2a: Milotic|50/100g tox|[from] item: Leftovers
|-damage|p2a: Milotic|33/100 tox|[from] psn
|-damage|p2a: Milotic|20/100y tox|[from] move: Infestation|[partiallytrapped]
|upkeep
|
|t:|1784532842
|switch|p2b: Kingambit|Kingambit, L50, F|100/100
|turn|6
|
|t:|1784532852
|move|p1a: Garchomp|Rock Slide|p2a: Milotic|[spread] p2a,p2b
|-resisted|p2b: Kingambit|1
|-damage|p2a: Milotic|1/100 tox
|-damage|p2b: Kingambit|93/100
|move|p2a: Milotic|Draining Kiss|p1a: Garchomp
|-supereffective|p1a: Garchomp|1
|-damage|p1a: Garchomp|45/100
|-heal|p2a: Milotic|19/100 tox|[from] drain|[of] p1a: Garchomp
|-damage|p2a: Milotic|7/100 tox|[from] ability: Rough Skin|[of] p1a: Garchomp
|move|p2b: Kingambit|Swords Dance|p2b: Kingambit
|-boost|p2b: Kingambit|atk|2
|move|p1b: Toxapex|Infestation|p2b: Kingambit
|-damage|p2b: Kingambit|89/100
|-activate|p2b: Kingambit|move: Infestation|[of] p1b: Toxapex
|
|-heal|p2a: Milotic|13/100 tox|[from] item: Leftovers
|-damage|p2a: Milotic|0 fnt|[from] psn
|faint|p2a: Milotic
|-damage|p2b: Kingambit|77/100|[from] move: Infestation|[partiallytrapped]
|upkeep
|turn|7
|
|t:|1784532882
|move|p2b: Kingambit|Sucker Punch|p1b: Toxapex
|-damage|p1b: Toxapex|27/100
|move|p1a: Garchomp|Rock Slide|p2b: Kingambit
|-resisted|p2b: Kingambit|1
|-damage|p2b: Kingambit|68/100
|move|p1b: Toxapex|Infestation|p2b: Kingambit
|-damage|p2b: Kingambit|64/100
|
|-heal|p1b: Toxapex|33/100|[from] item: Leftovers
|-damage|p2b: Kingambit|52/100|[from] move: Infestation|[partiallytrapped]
|upkeep
|turn|8
|
|t:|1784532895
|move|p1b: Toxapex|Baneful Bunker|p1b: Toxapex
|-singleturn|p1b: Toxapex|move: Protect
|move|p1a: Garchomp|Rock Slide|p2b: Kingambit
|-resisted|p2b: Kingambit|1
|-crit|p2b: Kingambit
|-damage|p2b: Kingambit|38/100
|move|p2b: Kingambit|Kowtow Cleave|p1a: Garchomp
|-damage|p1a: Garchomp|0 fnt
|-damage|p2b: Kingambit|26/100|[from] ability: Rough Skin|[of] p1a: Garchomp
|faint|p1a: Garchomp
|
|-heal|p1b: Toxapex|38/100|[from] item: Leftovers
|-damage|p2b: Kingambit|14/100|[from] move: Infestation|[partiallytrapped]
|upkeep
|turn|9
|
|t:|1784532912
|move|p1b: Toxapex|Baneful Bunker|p1b: Toxapex
|-singleturn|p1b: Toxapex|move: Protect
|move|p2b: Kingambit|Sucker Punch||[still]
|-fail|p2b: Kingambit
|
|-heal|p1b: Toxapex|44/100|[from] item: Leftovers
|-damage|p2b: Kingambit|2/100|[from] move: Infestation|[partiallytrapped]
|upkeep
|turn|10
|
|t:|1784532926
|move|p1b: Toxapex|Baneful Bunker||[still]
|-fail|p1b: Toxapex
|move|p2b: Kingambit|Sucker Punch||[still]
|-fail|p2b: Kingambit
|
|-heal|p1b: Toxapex|50/100g|[from] item: Leftovers
|-damage|p2b: Kingambit|0 fnt|[from] move: Infestation|[partiallytrapped]
|faint|p2b: Kingambit
|
|win|PonchoTheCat
|inactive|PonchoTheCat has 30 seconds to confirm battle start!
|inactive|whiskersss has 30 seconds to confirm battle start!
||PonchoTheCat is ready for game 2.
|raw|PonchoTheCat's rating: 1033 → 1068(+35 for winning)
|raw|whiskersss's rating: 1032 → 1017(-15 for losing)
|l|☆whiskersss
|player|p2|
