|j|☆mudkipc4
|j|☆Nikemada
|html|mudkipc4Nikemada    
|uhtml|bestof|Game 2 of a best-of-3
|t:|1756946614
|gametype|doubles
|player|p1|mudkipc4|norman|1299
|player|p2|Nikemada|ethan|1153
|gen|9
|tier|[Gen 9] VGC 2025 Reg H (Bo3)
|rated|
|rule|Species Clause: Limit one of each Pokémon
|rule|Item Clause: Limit 1 of each item
|clearpoke
|poke|p1|Incineroar, L50, M|
|poke|p1|Garchomp, L50, M|
|poke|p1|Talonflame, L50, F|
|poke|p1|Tyranitar, L50, F|
|poke|p1|Amoonguss, L50, F|
|poke|p1|Gholdengo, L50|
|poke|p2|Dondozo, L50, F|
|poke|p2|Tatsugiri, L50, M|
|poke|p2|Dragonite, L50, F|
|poke|p2|Ursaluna-Bloodmoon, L50, M|
|poke|p2|Gholdengo, L50|
|poke|p2|Comfey, L50, M|
|teampreview|4
|showteam|p1|Incineroar||RockyHelmet|Intimidate|FakeOut,KnockOff,FlareBlitz,PartingShot|||M|||50|,,,,,Grass]Garchomp||ClearAmulet|SandVeil|SwordsDance,Protect,Earthquake,DragonClaw|||M|||50|,,,,,Ground]Talonflame||SafetyGoggles|GaleWings|Tailwind,BraveBird,WillOWisp,QuickGuard|||F|||50|,,,,,Ghost]Tyranitar||AssaultVest|SandStream|RockSlide,KnockOff,LowKick,TeraBlast|||F|||50|,,,,,Flying]Amoonguss||CovertCloak|Regenerator|RagePowder,SludgeBomb,Spore,Protect|||F|||50|,,,,,Fairy]Gholdengo||Leftovers|GoodasGold|NastyPlot,MakeItRain,ShadowBall,Protect||||||50|,,,,,Steel
|showteam|p2|Dondozo||Leftovers|Unaware|WaveCrash,OrderUp,Earthquake,Protect|||F|||50|,,,,,Grass]Tatsugiri||ChoiceSpecs|Commander|DracoMeteor,MuddyWater,IcyWind,DragonPulse|||M|||50|,,,,,Ghost]Dragonite||AssaultVest|Multiscale|TeraBlast,IceSpinner,LowKick,ThunderPunch|||F|||50|,,,,,Flying]Ursaluna-Bloodmoon||SafetyGoggles|MindsEye|BloodMoon,HyperVoice,EarthPower,Protect|||M|||50|,,,,,Ghost]Gholdengo||LifeOrb|GoodasGold|MakeItRain,ShadowBall,NastyPlot,Protect||||||50|,,,,,Dark]Comfey||FocusSash|Triage|DrainingKiss,FloralHealing,TrickRoom,Protect|||M|||50|,,,,,Steel
|inactive|Battle timer is ON: inactive players will automatically lose when time's up. (requested by mudkipc4)
|
|t:|1756946637
|teamsize|p1|4
|teamsize|p2|4
|start
|switch|p1a: Incineroar|Incineroar, L50, M|100/100
|switch|p1b: Talonflame|Talonflame, L50, F|100/100
|switch|p2a: Noisy Eater|Dondozo, L50, F|100/100
|switch|p2b: Big Fish|Tatsugiri, L50, M|100/100
|-ability|p1a: Incineroar|Intimidate|boost
|-unboost|p2a: Noisy Eater|atk|1
|-unboost|p2b: Big Fish|atk|1
|-activate|p2b: Big Fish|ability: Commander|[of] p2a: Noisy Eater
|-boost|p2a: Noisy Eater|atk|2
|-boost|p2a: Noisy Eater|spa|2
|-boost|p2a: Noisy Eater|spe|2
|-boost|p2a: Noisy Eater|def|2
|-boost|p2a: Noisy Eater|spd|2
|turn|1
|
|t:|1756946661
|move|p1a: Incineroar|Fake Out|p2a: Noisy Eater
|-damage|p2a: Noisy Eater|97/100
|move|p1b: Talonflame|Tailwind|p1b: Talonflame
|-sidestart|p1: mudkipc4|move: Tailwind
|cant|p2a: Noisy Eater|flinch
|
|-heal|p2a: Noisy Eater|100/100|[from] item: Leftovers
|upkeep
|turn|2
|
|t:|1756946685
|move|p2a: Noisy Eater|Protect|p2a: Noisy Eater
|-singleturn|p2a: Noisy Eater|Protect
|move|p1b: Talonflame|Will-O-Wisp|p2a: Noisy Eater
|-activate|p2a: Noisy Eater|move: Protect
|move|p1a: Incineroar|Parting Shot|p2a: Noisy Eater
|-activate|p2a: Noisy Eater|move: Protect
|
|upkeep
|turn|3
|
|t:|1756946700
|move|p1b: Talonflame|Will-O-Wisp|p2a: Noisy Eater
|-status|p2a: Noisy Eater|brn
|move|p1a: Incineroar|Knock Off|p2a: Noisy Eater
|-damage|p2a: Noisy Eater|89/100 brn
|-enditem|p2a: Noisy Eater|Leftovers|[from] move: Knock Off|[of] p1a: Incineroar
|move|p2a: Noisy Eater|Wave Crash|p1b: Talonflame
|-supereffective|p1b: Talonflame
|-damage|p1b: Talonflame|6/100
|-damage|p2a: Noisy Eater|67/100 brn|[from] Recoil
|
|-damage|p2a: Noisy Eater|60/100 brn|[from] brn
|upkeep
|turn|4
|
|t:|1756946720
|switch|p1b: Tyranitar|Tyranitar, L50, F, shiny|100/100
|-weather|Sandstorm|[from] ability: Sand Stream|[of] p1b: Tyranitar
|switch|p1a: Gholdengo|Gholdengo, L50|100/100
|move|p2a: Noisy Eater|Order Up|p1b: Tyranitar
|-damage|p1b: Tyranitar|86/100
|-boost|p2a: Noisy Eater|atk|1
|
|-weather|Sandstorm|[upkeep]
|-damage|p2a: Noisy Eater|54/100 brn|[from] Sandstorm
|-damage|p2b: Big Fish|95/100|[from] Sandstorm
|-damage|p2a: Noisy Eater|48/100 brn|[from] brn
|-sideend|p1: mudkipc4|move: Tailwind
|upkeep
|turn|5
|
|t:|1756946745
|switch|p1b: Incineroar|Incineroar, L50, M|100/100
|-ability|p1b: Incineroar|Intimidate|boost
|-unboost|p2a: Noisy Eater|atk|1
|-unboost|p2b: Big Fish|atk|1
|move|p2a: Noisy Eater|Earthquake|p1b: Incineroar|[spread] p1a,p1b
|-miss|p2a: Noisy Eater|p2b: Big Fish
|-supereffective|p1a: Gholdengo
|-supereffective|p1b: Incineroar
|-damage|p1a: Gholdengo|71/100
|-damage|p1b: Incineroar|74/100
|move|p1a: Gholdengo|Nasty Plot|p1a: Gholdengo
|-boost|p1a: Gholdengo|spa|2
|
|-weather|Sandstorm|[upkeep]
|-damage|p2a: Noisy Eater|42/100 brn|[from] Sandstorm
|-damage|p2b: Big Fish|89/100|[from] Sandstorm
|-damage|p1b: Incineroar|68/100|[from] Sandstorm
|-heal|p1a: Gholdengo|77/100|[from] item: Leftovers
|-damage|p2a: Noisy Eater|36/100 brn|[from] brn
|upkeep
|turn|6
|
|t:|1756946766
|move|p1b: Incineroar|Fake Out|p2a: Noisy Eater
|-damage|p2a: Noisy Eater|32/100 brn
|cant|p2a: Noisy Eater|flinch
|move|p1a: Gholdengo|Nasty Plot|p1a: Gholdengo
|-boost|p1a: Gholdengo|spa|2
|
|-weather|Sandstorm|[upkeep]
|-damage|p2a: Noisy Eater|26/100 brn|[from] Sandstorm
|-damage|p2b: Big Fish|83/100|[from] Sandstorm
|-damage|p1b: Incineroar|62/100|[from] Sandstorm
|-heal|p1a: Gholdengo|83/100|[from] item: Leftovers
|-damage|p2a: Noisy Eater|20/100 brn|[from] brn
|upkeep
|turn|7
|
|t:|1756946784
|move|p2a: Noisy Eater|Earthquake|p1a: Gholdengo|[spread] p1a,p1b
|-miss|p2a: Noisy Eater|p2b: Big Fish
|-supereffective|p1a: Gholdengo
|-supereffective|p1b: Incineroar
|-damage|p1a: Gholdengo|53/100
|-damage|p1b: Incineroar|34/100
|move|p1a: Gholdengo|Shadow Ball|p2a: Noisy Eater
|-damage|p2a: Noisy Eater|2/100 brn
|move|p1b: Incineroar|Knock Off|p2b: Big Fish|[miss]
|-miss|p1b: Incineroar|p2b: Big Fish
|
|-weather|Sandstorm|[upkeep]
|-damage|p2a: Noisy Eater|0 fnt|[from] Sandstorm
|-damage|p2b: Big Fish|78/100|[from] Sandstorm
|-damage|p1b: Incineroar|28/100|[from] Sandstorm
|faint|p2a: Noisy Eater
|-heal|p1a: Gholdengo|59/100|[from] item: Leftovers
|upkeep
|
|t:|1756946802
|switch|p2a: Bad Moon|Ursaluna-Bloodmoon, L50, M|100/100
|turn|8
|
|t:|1756946820
|move|p1a: Gholdengo|Protect|p1a: Gholdengo
|-singleturn|p1a: Gholdengo|Protect
|move|p2b: Big Fish|Muddy Water|p1b: Incineroar|[spread] 
|-activate|p1a: Gholdengo|move: Protect
|-miss|p2b: Big Fish|p1b: Incineroar
|move|p1b: Incineroar|Parting Shot|p2b: Big Fish
|-unboost|p2b: Big Fish|atk|1
|-unboost|p2b: Big Fish|spa|1
|
|t:|1756946829
|switch|p1b: Talonflame|Talonflame, L50, F|6/100|[from] Parting Shot
|move|p2a: Bad Moon|Earth Power|p1a: Gholdengo
|-activate|p1a: Gholdengo|move: Protect
|
|-weather|none
|-heal|p1a: Gholdengo|65/100|[from] item: Leftovers
|upkeep
|turn|9
|
|t:|1756946847
|-terastallize|p1a: Gholdengo|Steel
|move|p1b: Talonflame|Tailwind|p1b: Talonflame
|-sidestart|p1: mudkipc4|move: Tailwind
|move|p1a: Gholdengo|Make It Rain|p2a: Bad Moon|[spread] p2a,p2b
|-resisted|p2b: Big Fish
|-damage|p2a: Bad Moon|0 fnt
|-damage|p2b: Big Fish|0 fnt
|-unboost|p1a: Gholdengo|spa|1
|faint|p2a: Bad Moon
|faint|p2b: Big Fish
|
|-heal|p1a: Gholdengo|71/100|[from] item: Leftovers
|upkeep
|
|t:|1756946860
|switch|p2a: Endalaust|Dragonite, L50, F|100/100
|turn|10
|c|☆mudkipc4|ggwp
|
|t:|1756946871
|-terastallize|p2a: Endalaust|Flying
|move|p1b: Talonflame|Will-O-Wisp|p2a: Endalaust
|-status|p2a: Endalaust|brn
|move|p1a: Gholdengo|Make It Rain|p2a: Endalaust
|-damage|p2a: Endalaust|41/100 brn
|-unboost|p1a: Gholdengo|spa|1
|move|p2a: Endalaust|Thunder Punch|p1b: Talonflame
|-supereffective|p1b: Talonflame
|-crit|p1b: Talonflame
|-damage|p1b: Talonflame|0 fnt
|faint|p1b: Talonflame
|
|-heal|p1a: Gholdengo|78/100|[from] item: Leftovers
|-damage|p2a: Endalaust|35/100 brn|[from] brn
|upkeep
|
|t:|1756946880
|switch|p1b: Tyranitar|Tyranitar, L50, F, shiny|86/100
|-weather|Sandstorm|[from] ability: Sand Stream|[of] p1b: Tyranitar
|turn|11
|
|t:|1756946890
|move|p1a: Gholdengo|Shadow Ball|p2a: Endalaust
|-damage|p2a: Endalaust|0 fnt
|faint|p2a: Endalaust
|
|win|mudkipc4
|raw|mudkipc4's rating: 1299 → 1314(+15 for winning)
|raw|Nikemada's rating: 1153 → 1138(-15 for losing)
|l|☆Nikemada
|player|p2|
