|j|☆doingVGCthings
|j|☆Crystneel
|html|doingVGCthingsCrystneel    
|uhtml|bestof|Game 2 of a best-of-3
|t:|1757164605
|gametype|doubles
|player|p1|doingVGCthings|swimmer-gen4dp|1301
|player|p2|Crystneel|ethan|1219
|gen|9
|tier|[Gen 9] VGC 2025 Reg H (Bo3)
|rated|
|rule|Species Clause: Limit one of each Pokémon
|rule|Item Clause: Limit 1 of each item
|clearpoke
|poke|p1|Volcarona, L50, F|
|poke|p1|Dragonite, L50, F|
|poke|p1|Tyranitar, L50, M|
|poke|p1|Amoonguss, L50, F|
|poke|p1|Incineroar, L50, M|
|poke|p1|Basculegion, L50, M|
|poke|p2|Volcarona, L50, F|
|poke|p2|Electabuzz, L50, F|
|poke|p2|Sneasler, L50, F|
|poke|p2|Rillaboom, L50, M|
|poke|p2|Dragonite, L50, F|
|poke|p2|Ursaluna-Bloodmoon, L50, M|
|teampreview|4
|showteam|p1|Volcarona||CovertCloak|FlameBody|Protect,HeatWave,GigaDrain,QuiverDance|||F|||50|,,,,,Grass]Dragonite||LoadedDice|InnerFocus|Protect,ScaleShot,ExtremeSpeed,Haze|||F|||50|,,,,,Normal]Tyranitar||AssaultVest|SandStream|RockSlide,KnockOff,LowKick,TeraBlast|||M|||50|,,,,,Flying]Amoonguss||SitrusBerry|Regenerator|Protect,PollenPuff,Spore,RagePowder|||F|||50|,,,,,Fairy]Incineroar||SafetyGoggles|Intimidate|FlareBlitz,KnockOff,PartingShot,FakeOut|||M|||50|,,,,,Ghost]Basculegion||ChoiceScarf|Adaptability|WaveCrash,LastRespects,AquaJet,FlipTurn|||M|||50|,,,,,Grass
|showteam|p2|Volcarona||Leftovers|FlameBody|FieryDance,QuiverDance,GigaDrain,Protect|||F|||50|,,,,,Water]Electabuzz||Eviolite|Static|FollowMe,Electroweb,VoltSwitch,Taunt|||F|||50|,,,,,Fairy]Sneasler||GrassySeed|Unburden|DireClaw,CloseCombat,ThroatChop,Protect|||F|||50|,,,,,Dark]Rillaboom||AssaultVest|GrassySurge|FakeOut,GrassyGlide,WoodHammer,Uturn|||M|||50|,,,,,Fire]Dragonite||LoadedDice|Multiscale|ExtremeSpeed,ScaleShot,IceSpinner,LowKick|||F|||50|,,,,,Normal]Ursaluna-Bloodmoon||ThroatSpray|MindsEye|BloodMoon,HyperVoice,EarthPower,Protect|||M|||50|,,,,,Poison
|inactive|Battle timer is ON: inactive players will automatically lose when time's up. (requested by doingVGCthings)
|inactive|doingVGCthings has 60 seconds left.
|inactive|Crystneel has 60 seconds left.
|
|t:|1757164647
|teamsize|p1|4
|teamsize|p2|4
|start
|switch|p1a: Tyranitar|Tyranitar, L50, M|100/100
|switch|p1b: Volcarona|Volcarona, L50, F|100/100
|switch|p2a: Electabuzz|Electabuzz, L50, F|100/100
|switch|p2b: Volcarona|Volcarona, L50, F|100/100
|-weather|Sandstorm|[from] ability: Sand Stream|[of] p1a: Tyranitar
|turn|1
|
|t:|1757164670
|switch|p1b: Incineroar|Incineroar, L50, M|100/100
|-ability|p1b: Incineroar|Intimidate|boost
|-unboost|p2a: Electabuzz|atk|1
|-unboost|p2b: Volcarona|atk|1
|-terastallize|p2b: Volcarona|Water
|move|p2b: Volcarona|Quiver Dance|p2b: Volcarona
|-boost|p2b: Volcarona|spa|1
|-boost|p2b: Volcarona|spd|1
|-boost|p2b: Volcarona|spe|1
|move|p2a: Electabuzz|Volt Switch|p1b: Incineroar
|-damage|p1b: Incineroar|80/100
|
|t:|1757164682
|switch|p2a: Rillaboom|Rillaboom, L50, M|100/100|[from] Volt Switch
|-fieldstart|move: Grassy Terrain|[from] ability: Grassy Surge|[of] p2a: Rillaboom
|move|p1a: Tyranitar|Rock Slide|p2b: Volcarona|[spread] p2a
|-miss|p1a: Tyranitar|p2b: Volcarona
|-damage|p2a: Rillaboom|74/100
|
|-weather|Sandstorm|[upkeep]
|-damage|p2b: Volcarona|95/100|[from] Sandstorm
|-damage|p2a: Rillaboom|68/100|[from] Sandstorm
|-heal|p2b: Volcarona|100/100|[from] Grassy Terrain
|-heal|p2a: Rillaboom|74/100|[from] Grassy Terrain
|-heal|p1b: Incineroar|86/100|[from] Grassy Terrain
|upkeep
|turn|2
|inactive|doingVGCthings has 30 seconds left.
|inactive|Crystneel has 30 seconds left.
|
|t:|1757164714
|switch|p1a: Volcarona|Volcarona, L50, F|100/100
|switch|p1b: Amoonguss|Amoonguss, L50, F|100/100
|move|p2a: Rillaboom|Fake Out|p1a: Volcarona
|-damage|p1a: Volcarona|84/100
|-status|p2a: Rillaboom|brn|[from] ability: Flame Body|[of] p1a: Volcarona
|move|p2b: Volcarona|Quiver Dance|p2b: Volcarona
|-boost|p2b: Volcarona|spa|1
|-boost|p2b: Volcarona|spd|1
|-boost|p2b: Volcarona|spe|1
|
|-weather|Sandstorm|[upkeep]
|-damage|p2b: Volcarona|95/100|[from] Sandstorm
|-damage|p1a: Volcarona|78/100|[from] Sandstorm
|-damage|p2a: Rillaboom|68/100 brn|[from] Sandstorm
|-damage|p1b: Amoonguss|95/100|[from] Sandstorm
|-heal|p2b: Volcarona|100/100|[from] Grassy Terrain
|-heal|p1a: Volcarona|84/100|[from] Grassy Terrain
|-heal|p2a: Rillaboom|74/100 brn|[from] Grassy Terrain
|-heal|p1b: Amoonguss|100/100|[from] Grassy Terrain
|-damage|p2a: Rillaboom|68/100 brn|[from] brn
|upkeep
|turn|3
|
|t:|1757164734
|-terastallize|p1b: Amoonguss|Fairy
|move|p2b: Volcarona|Fiery Dance|p1b: Amoonguss
|-damage|p1b: Amoonguss|40/100
|-boost|p2b: Volcarona|spa|1
|-enditem|p1b: Amoonguss|Sitrus Berry|[eat]
|-heal|p1b: Amoonguss|64/100|[from] item: Sitrus Berry
|move|p1a: Volcarona|Quiver Dance|p1a: Volcarona
|-boost|p1a: Volcarona|spa|1
|-boost|p1a: Volcarona|spd|1
|-boost|p1a: Volcarona|spe|1
|move|p2a: Rillaboom|U-turn|p1a: Volcarona
|-resisted|p1a: Volcarona
|-damage|p1a: Volcarona|77/100
|
|t:|1757164748
|switch|p2a: Electabuzz|Electabuzz, L50, F|100/100|[from] U-turn
|move|p1b: Amoonguss|Spore|p2b: Volcarona
|-status|p2b: Volcarona|slp|[from] move: Spore
|
|-weather|Sandstorm|[upkeep]
|-damage|p2b: Volcarona|95/100 slp|[from] Sandstorm
|-damage|p1a: Volcarona|71/100|[from] Sandstorm
|-damage|p2a: Electabuzz|95/100|[from] Sandstorm
|-damage|p1b: Amoonguss|58/100|[from] Sandstorm
|-heal|p2b: Volcarona|100/100 slp|[from] Grassy Terrain
|-heal|p1a: Volcarona|77/100|[from] Grassy Terrain
|-heal|p2a: Electabuzz|100/100|[from] Grassy Terrain
|-heal|p1b: Amoonguss|64/100|[from] Grassy Terrain
|upkeep
|turn|4
|
|t:|1757164760
|move|p2a: Electabuzz|Follow Me|p2a: Electabuzz
|-singleturn|p2a: Electabuzz|move: Follow Me
|cant|p2b: Volcarona|slp
|move|p1a: Volcarona|Quiver Dance|p1a: Volcarona
|-boost|p1a: Volcarona|spa|1
|-boost|p1a: Volcarona|spd|1
|-boost|p1a: Volcarona|spe|1
|move|p1b: Amoonguss|Spore|p2a: Electabuzz
|-status|p2a: Electabuzz|slp|[from] move: Spore
|
|-weather|Sandstorm|[upkeep]
|-damage|p2b: Volcarona|95/100 slp|[from] Sandstorm
|-damage|p1a: Volcarona|71/100|[from] Sandstorm
|-damage|p2a: Electabuzz|95/100 slp|[from] Sandstorm
|-damage|p1b: Amoonguss|58/100|[from] Sandstorm
|-heal|p2b: Volcarona|100/100 slp|[from] Grassy Terrain
|-heal|p1a: Volcarona|77/100|[from] Grassy Terrain
|-heal|p2a: Electabuzz|100/100 slp|[from] Grassy Terrain
|-heal|p1b: Amoonguss|64/100|[from] Grassy Terrain
|upkeep
|turn|5
|
|t:|1757164777
|cant|p2a: Electabuzz|slp
|-curestatus|p2b: Volcarona|slp|[msg]
|move|p2b: Volcarona|Fiery Dance|p1a: Volcarona
|-damage|p1a: Volcarona|30/100
|move|p1a: Volcarona|Giga Drain|p2b: Volcarona
|-supereffective|p2b: Volcarona
|-damage|p2b: Volcarona|46/100
|-heal|p1a: Volcarona|61/100|[from] drain|[of] p2b: Volcarona
|move|p1b: Amoonguss|Pollen Puff|p1a: Volcarona
|-heal|p1a: Volcarona|100/100
|
|-weather|none
|-heal|p2b: Volcarona|52/100|[from] Grassy Terrain
|-heal|p2b: Volcarona|58/100|[from] item: Leftovers
|-heal|p1b: Amoonguss|70/100|[from] Grassy Terrain
|-fieldend|move: Grassy Terrain
|upkeep
|turn|6
|
|t:|1757164800
|switch|p1b: Incineroar|Incineroar, L50, M|86/100
|-ability|p1b: Incineroar|Intimidate|boost
|-unboost|p2a: Electabuzz|atk|1
|-unboost|p2b: Volcarona|atk|1
|move|p2b: Volcarona|Protect|p2b: Volcarona
|-singleturn|p2b: Volcarona|Protect
|move|p1a: Volcarona|Giga Drain|p2b: Volcarona
|-activate|p2b: Volcarona|move: Protect
|-curestatus|p2a: Electabuzz|slp|[msg]
|move|p2a: Electabuzz|Taunt|p1b: Incineroar
|-start|p1b: Incineroar|move: Taunt
|
|-heal|p2b: Volcarona|63/100|[from] item: Leftovers
|upkeep
|turn|7
|
|t:|1757164822
|move|p1b: Incineroar|Fake Out|p2b: Volcarona
|-damage|p2b: Volcarona|51/100
|move|p2a: Electabuzz|Follow Me|p2a: Electabuzz
|-singleturn|p2a: Electabuzz|move: Follow Me
|cant|p2b: Volcarona|flinch
|move|p1a: Volcarona|Heat Wave|p2b: Volcarona|[spread] p2a,p2b
|-resisted|p2b: Volcarona
|-damage|p2a: Electabuzz|59/100
|-damage|p2b: Volcarona|35/100
|
|-heal|p2b: Volcarona|41/100|[from] item: Leftovers
|upkeep
|turn|8
|
|t:|1757164835
|move|p2a: Electabuzz|Follow Me|p2a: Electabuzz
|-singleturn|p2a: Electabuzz|move: Follow Me
|move|p2b: Volcarona|Fiery Dance|p1a: Volcarona
|-damage|p1a: Volcarona|57/100
|-boost|p2b: Volcarona|spa|1
|move|p1a: Volcarona|Giga Drain|p2a: Electabuzz
|-damage|p2a: Electabuzz|27/100
|-heal|p1a: Volcarona|73/100|[from] drain|[of] p2a: Electabuzz
|move|p1b: Incineroar|Knock Off|p2a: Electabuzz
|-damage|p2a: Electabuzz|0 fnt
|-status|p1b: Incineroar|par|[from] ability: Static|[of] p2a: Electabuzz
|-enditem|p2a: Electabuzz|Eviolite|[from] move: Knock Off|[of] p1b: Incineroar
|faint|p2a: Electabuzz
|
|-heal|p2b: Volcarona|47/100|[from] item: Leftovers
|-end|p1b: Incineroar|move: Taunt
|upkeep
|
|t:|1757164849
|switch|p2a: Rillaboom|Rillaboom, L50, M|68/100 brn
|-fieldstart|move: Grassy Terrain|[from] ability: Grassy Surge|[of] p2a: Rillaboom
|turn|9
|
|t:|1757164862
|move|p2a: Rillaboom|Fake Out|p1a: Volcarona
|-crit|p1a: Volcarona
|-damage|p1a: Volcarona|61/100
|move|p2b: Volcarona|Quiver Dance|p2b: Volcarona
|-boost|p2b: Volcarona|spa|1
|-boost|p2b: Volcarona|spd|1
|-boost|p2b: Volcarona|spe|1
|move|p1a: Volcarona|Giga Drain|p2b: Volcarona
|-supereffective|p2b: Volcarona
|-damage|p2b: Volcarona|4/100
|-heal|p1a: Volcarona|86/100|[from] drain|[of] p2b: Volcarona
|move|p1b: Incineroar|Parting Shot|p2b: Volcarona
|-unboost|p2b: Volcarona|atk|1
|-unboost|p2b: Volcarona|spa|1
|
|t:|1757164873
|switch|p1b: Tyranitar|Tyranitar, L50, M|100/100|[from] Parting Shot
|-weather|Sandstorm|[from] ability: Sand Stream|[of] p1b: Tyranitar
|
|-weather|Sandstorm|[upkeep]
|-damage|p2b: Volcarona|0 fnt|[from] Sandstorm
|-damage|p1a: Volcarona|80/100|[from] Sandstorm
|-damage|p2a: Rillaboom|62/100 brn|[from] Sandstorm
|faint|p2b: Volcarona
|-heal|p1a: Volcarona|86/100|[from] Grassy Terrain
|-heal|p2a: Rillaboom|68/100 brn|[from] Grassy Terrain
|-damage|p2a: Rillaboom|62/100 brn|[from] brn
|upkeep
|
|t:|1757164880
|switch|p2b: Dragonite|Dragonite, L50, F|100/100
|turn|10
|
|t:|1757164894
|move|p1a: Volcarona|Heat Wave|p2a: Rillaboom|[spread] p2a,p2b
|-supereffective|p2a: Rillaboom
|-resisted|p2b: Dragonite
|-damage|p2a: Rillaboom|0 fnt
|-damage|p2b: Dragonite|82/100
|faint|p2a: Rillaboom
|move|p2b: Dragonite|Low Kick|p1b: Tyranitar
|-supereffective|p1b: Tyranitar
|-crit|p1b: Tyranitar
|-damage|p1b: Tyranitar|0 fnt
|faint|p1b: Tyranitar
|
|-weather|Sandstorm|[upkeep]
|-damage|p1a: Volcarona|80/100|[from] Sandstorm
|-damage|p2b: Dragonite|76/100|[from] Sandstorm
|-heal|p1a: Volcarona|86/100|[from] Grassy Terrain
|upkeep
|
|t:|1757164905
|switch|p1b: Incineroar|Incineroar, L50, M|86/100 par
|-ability|p1b: Incineroar|Intimidate|boost
|-unboost|p2b: Dragonite|atk|1
|turn|11
|
|t:|1757164916
|move|p1b: Incineroar|Fake Out|p2b: Dragonite
|-damage|p2b: Dragonite|63/100
|cant|p2b: Dragonite|flinch
|move|p1a: Volcarona|Heat Wave|p2b: Dragonite
|-resisted|p2b: Dragonite
|-damage|p2b: Dragonite|11/100
|
|-weather|Sandstorm|[upkeep]
|-damage|p1a: Volcarona|80/100|[from] Sandstorm
|-damage|p2b: Dragonite|5/100|[from] Sandstorm
|-heal|p1a: Volcarona|86/100|[from] Grassy Terrain
|-heal|p1b: Incineroar|92/100 par|[from] Grassy Terrain
|upkeep
|turn|12
|
|t:|1757164929
|move|p1a: Volcarona|Protect|p1a: Volcarona
|-singleturn|p1a: Volcarona|Protect
|move|p2b: Dragonite|Scale Shot|p1a: Volcarona
|-activate|p1a: Volcarona|move: Protect
|move|p1b: Incineroar|Parting Shot|p2b: Dragonite
|-unboost|p2b: Dragonite|atk|1
|-unboost|p2b: Dragonite|spa|1
|
|t:|1757164936
|switch|p1b: Amoonguss|Amoonguss, L50, F, tera:Fairy|100/100|[from] Parting Shot
|
|-weather|Sandstorm|[upkeep]
|-damage|p1a: Volcarona|80/100|[from] Sandstorm
|-damage|p2b: Dragonite|0 fnt|[from] Sandstorm
|-damage|p1b: Amoonguss|95/100|[from] Sandstorm
|faint|p2b: Dragonite
|
|win|doingVGCthings
|raw|doingVGCthings's rating: 1301 → 1316(+15 for winning)
|raw|Crystneel's rating: 1219 → 1200(-19 for losing)
|l|☆Crystneel
|player|p2|
