|j|☆newcastle mets
|j|☆HohnWolf
|html|newcastle metsHohnWolf    
|uhtml|bestof|Game 1 of a best-of-3
|t:|1786088825
|gametype|doubles
|player|p1|newcastle mets|pilot|
|player|p2|HohnWolf|102|
|gen|9
|tier|[Gen 9 Champions] VGC 2026 Reg M-B (Bo3)
|rule|Species Clause: Limit one of each Pokémon
|rule|Item Clause: Limit 1 of each item
|clearpoke
|poke|p1|Grimmsnarl, L50, M|
|poke|p1|Swampert, L50, M|
|poke|p1|Pelipper, L50, M|
|poke|p1|Archaludon, L50, F|
|poke|p1|Venusaur, L50, M|
|poke|p1|Basculegion, L50, M|
|poke|p2|Meganium, L50, M|
|poke|p2|Aerodactyl, L50, M|
|poke|p2|Tauros-Paldea-Aqua, L50, M|
|poke|p2|Kangaskhan, L50, F|
|poke|p2|Tyranitar, L50, F|
|poke|p2|Typhlosion-Hisui, L50, M|
|teampreview|4
|showteam|p1|Grimmsnarl||LightClay|Prankster|SpiritBreak,Reflect,LightScreen,PartingShot|Careful||M|||50|]Swampert||Swampertite|Torrent|WaveCrash,Earthquake,IcePunch,Protect|Adamant||M|||50|]Pelipper||SitrusBerry|Drizzle|WeatherBall,Hurricane,Tailwind,WideGuard|Bold||M|||50|]Archaludon||Leftovers|Stamina|ElectroShot,DragonPulse,FlashCannon,Protect|Modest||F|||50|]Venusaur||Venusaurite|Chlorophyll|SludgeBomb,GigaDrain,EarthPower,Protect|Modest||M|||50|]Basculegion||ChoiceScarf|Adaptability|WaveCrash,LastRespects,AquaJet,FlipTurn|Jolly||M|||50|
|showteam|p2|Meganium||Meganiumite|LeafGuard|Protect,DazzlingGleam,SolarBeam,WeatherBall|Modest||M|||50|]Aerodactyl||FocusSash|Unnerve|Tailwind,DualWingbeat,RockSlide,Protect|Jolly||M|||50|]Tauros-Paldea-Aqua||LifeOrb|Intimidate|AquaJet,CloseCombat,WaveCrash,Protect|Jolly||M|||50|]Kangaskhan||Kangaskhanite|InnerFocus|FakeOut,DoubleEdge,SuckerPunch,LowKick|Adamant||F|||50|]Tyranitar||Leftovers|SandStream|RockSlide,Protect,KnockOff,LowKick|Adamant||F|||50|]Typhlosion-Hisui||ChoiceScarf|Frisk|Eruption,ShadowBall,HeatWave,FocusBlast|Modest||M|||50|
|
|t:|1786088861
|teamsize|p1|4
|teamsize|p2|4
|start
|switch|p1a: Pelipper|Pelipper, L50, M|100/100
|switch|p1b: Swampert|Swampert, L50, M|100/100
|switch|p2a: Aerodactyl|Aerodactyl, L50, M|100/100
|switch|p2b: Meganium|Meganium, L50, M|100/100
|-ability|p2a: Aerodactyl|Unnerve
|-weather|RainDance|[from] ability: Drizzle|[of] p1a: Pelipper
|turn|1
|
|t:|1786088891
|detailschange|p1b: Swampert|Swampert-Mega, L50, M
|-mega|p1b: Swampert|Swampert|Swampertite
|detailschange|p2b: Meganium|Meganium-Mega, L50, M
|-mega|p2b: Meganium|Meganium|Meganiumite
|move|p1b: Swampert|Wave Crash|p2a: Aerodactyl
|-supereffective|p2a: Aerodactyl|1
|-enditem|p2a: Aerodactyl|Focus Sash
|-damage|p2a: Aerodactyl|1/100
|-damage|p1b: Swampert|71/100|[from] Recoil
|move|p2a: Aerodactyl|Rock Slide|p1a: Pelipper|[spread] p1a,p1b
|-supereffective|p1a: Pelipper|1
|-resisted|p1b: Swampert|1
|-damage|p1a: Pelipper|53/100
|-damage|p1b: Swampert|59/100
|move|p1a: Pelipper|Hurricane|p2b: Meganium
|-supereffective|p2b: Meganium|1
|-damage|p2b: Meganium|35/100
|move|p2b: Meganium|Dazzling Gleam|p1a: Pelipper|[spread] p1a,p1b
|-crit|p1b: Swampert
|-damage|p1a: Pelipper|2/100
|-damage|p1b: Swampert|8/100
|
|-weather|RainDance|[upkeep]
|upkeep
|turn|2
|
|t:|1786088916
|move|p1b: Swampert|Ice Punch|p2a: Aerodactyl
|-supereffective|p2a: Aerodactyl|1
|-damage|p2a: Aerodactyl|0 fnt
|-enditem|p1a: Pelipper|Sitrus Berry|[eat]
|-heal|p1a: Pelipper|27/100|[from] item: Sitrus Berry
|faint|p2a: Aerodactyl
|move|p1a: Pelipper|Hurricane|p2b: Meganium
|-supereffective|p2b: Meganium|1
|-damage|p2b: Meganium|0 fnt
|faint|p2b: Meganium
|
|-weather|RainDance|[upkeep]
|upkeep
|
|t:|1786088926
|switch|p2a: Tauros|Tauros-Paldea-Aqua, L50, M|100/100
|switch|p2b: Typhlosion|Typhlosion-Hisui, L50, M|100/100
|-item|p1b: Swampert|Swampertite|[from] ability: Frisk|[of] p2b: Typhlosion
|-ability|p2a: Tauros|Intimidate|boost
|-unboost|p1a: Pelipper|atk|1
|-unboost|p1b: Swampert|atk|1
|turn|3
|
|t:|1786088940
|move|p1b: Swampert|Protect|p1b: Swampert
|-singleturn|p1b: Swampert|Protect
|move|p2a: Tauros|Aqua Jet|p1b: Swampert
|-activate|p1b: Swampert|move: Protect
|move|p2b: Typhlosion|Shadow Ball|p1a: Pelipper
|-damage|p1a: Pelipper|0 fnt
|faint|p1a: Pelipper
|
|-weather|RainDance|[upkeep]
|upkeep
|
|t:|1786088950
|switch|p1a: Archaludon|Archaludon, L50, F|100/100
|turn|4
|
|t:|1786088964
|move|p2a: Tauros|Aqua Jet|p1b: Swampert
|-damage|p1b: Swampert|0 fnt
|faint|p1b: Swampert
|-damage|p2a: Tauros|90/100|[from] item: Life Orb
|move|p2b: Typhlosion|Shadow Ball|p1a: Archaludon
|-damage|p1a: Archaludon|61/100
|-unboost|p1a: Archaludon|spd|1
|-ability|p1a: Archaludon|Stamina|boost
|-boost|p1a: Archaludon|def|1
|move|p1a: Archaludon|Electro Shot||[still]
|-prepare|p1a: Archaludon|Electro Shot
|-boost|p1a: Archaludon|spa|1
|-anim|p1a: Archaludon|Electro Shot|p2a: Tauros
|-supereffective|p2a: Tauros|1
|-damage|p2a: Tauros|0 fnt
|faint|p2a: Tauros
|
|-weather|RainDance|[upkeep]
|-heal|p1a: Archaludon|67/100|[from] item: Leftovers
|upkeep
|
|t:|1786088968
|switch|p1b: Basculegion|Basculegion, L50, M|100/100
|turn|5
|
|t:|1786088990
|move|p2b: Typhlosion|Shadow Ball|p1b: Basculegion
|-supereffective|p1b: Basculegion|1
|-damage|p1b: Basculegion|1/100
|-unboost|p1b: Basculegion|spd|1
|move|p1b: Basculegion|Wave Crash|p2b: Typhlosion
|-supereffective|p2b: Typhlosion|1
|-damage|p2b: Typhlosion|0 fnt
|faint|p2b: Typhlosion
|-damage|p1b: Basculegion|0 fnt|[from] Recoil
|faint|p1b: Basculegion
|
|win|newcastle mets
||HohnWolf is ready for game 2.
|inactive|newcastle mets has 30 seconds to confirm battle start!
