|j|☆redemption22
|j|☆alysa Liu
|html|redemption22alysa Liu    
|uhtml|bestof|Game 2 of a best-of-3
|t:|1757848363
|gametype|doubles
|player|p1|redemption22|102|1437
|player|p2|alysa Liu|lady|1635
|gen|9
|tier|[Gen 9] VGC 2025 Reg H (Bo3)
|rated|
|rule|Species Clause: Limit one of each Pokémon
|rule|Item Clause: Limit 1 of each item
|clearpoke
|poke|p1|Dondozo, L50, M|
|poke|p1|Tatsugiri-Droopy, L50, M|
|poke|p1|Sneasler, L50, M|
|poke|p1|Indeedee, L50, M|
|poke|p1|Slaking, L50, F|
|poke|p1|Weezing-Galar, L50, M|
|poke|p2|Dachsbun, L50, M|
|poke|p2|Typhlosion-Hisui, L50, F|
|poke|p2|Kingambit, L50, F|
|poke|p2|Jumpluff, L50, F|
|poke|p2|Rillaboom, L50, M|
|poke|p2|Torkoal, L50, M|
|teampreview|4
|showteam|p1|Dondozo||Leftovers|Unaware|Protect,OrderUp,Earthquake,BodyPress|||M|||50|,,,,,Grass]Tatsugiri-Droopy||ChoiceScarf|Commander|DracoMeteor,MuddyWater,IcyWind,SleepTalk|||M|||50|,,,,,Steel]Sneasler||PsychicSeed|Unburden|CloseCombat,Protect,DireClaw,ThroatChop|||M|||50|,,,,,Dark]Indeedee||FocusSash|PsychicSurge|ExpandingForce,TeraBlast,HelpingHand,Protect|||M|||50|,,,,,Psychic]Slaking||ChoiceBand|Truant|Earthquake,HighHorsepower,KnockOff,DoubleEdge|||F|||50|,,,,,Ghost]Weezing-Galar||CovertCloak|NeutralizingGas|Protect,StrangeSteam,ToxicSpikes,PoisonGas|||M|||50|,,,,,Grass
|showteam|p2|Dachsbun||Leftovers|WellBakedBody|BodyPress,Snarl,HelpingHand,Protect|||M|||50|,,,,,Steel]Typhlosion-Hisui||ChoiceSpecs|Blaze|Eruption,LavaPlume,Overheat,ShadowBall|||F|||50|,,,,,Fire]Kingambit||AssaultVest|Defiant|KowtowCleave,SuckerPunch,LowKick,TeraBlast|||F|||50|,,,,,Fairy]Jumpluff||CovertCloak|Chlorophyll|SleepPowder,SunnyDay,RagePowder,Tailwind|||F|||50|,,,,,Water]Rillaboom||LifeOrb|GrassySurge|WoodHammer,GrassyGlide,HighHorsepower,FakeOut|||M|||50|,,,,,Stellar]Torkoal||SitrusBerry|Drought|HeatWave,LavaPlume,ClearSmog,Protect|||M|||50|,,,,,Fairy
|inactive|Battle timer is ON: inactive players will automatically lose when time's up. (requested by alysa Liu)
|inactive|alysa Liu has 60 seconds left.
|
|t:|1757848406
|teamsize|p1|4
|teamsize|p2|4
|start
|switch|p1a: Sneasler|Sneasler, L50, M|100/100
|switch|p1b: Indeedee|Indeedee, L50, M|100/100
|switch|p2a: Rillaboom|Rillaboom, L50, M|100/100
|switch|p2b: Typhlosion|Typhlosion-Hisui, L50, F|100/100
|-fieldstart|move: Psychic Terrain|[from] ability: Psychic Surge|[of] p1b: Indeedee
|-enditem|p1a: Sneasler|Psychic Seed
|-boost|p1a: Sneasler|spd|1|[from] item: Psychic Seed
|-fieldstart|move: Grassy Terrain|[from] ability: Grassy Surge|[of] p2a: Rillaboom
|turn|1
|
|t:|1757848421
|move|p1a: Sneasler|Protect|p1a: Sneasler
|-singleturn|p1a: Sneasler|Protect
|move|p1b: Indeedee|Protect|p1b: Indeedee
|-singleturn|p1b: Indeedee|Protect
|move|p2a: Rillaboom|Fake Out|p1b: Indeedee
|-activate|p1b: Indeedee|move: Protect
|move|p2b: Typhlosion|Eruption|p1b: Indeedee|[spread] 
|-activate|p1a: Sneasler|move: Protect
|-activate|p1b: Indeedee|move: Protect
|
|upkeep
|turn|2
|inactive|redemption22 has 30 seconds left.
|inactive|alysa Liu has 30 seconds left.
|
|t:|1757848454
|-terastallize|p2b: Typhlosion|Fire
|move|p2a: Rillaboom|Grassy Glide|p1b: Indeedee
|-enditem|p1b: Indeedee|Focus Sash
|-damage|p1b: Indeedee|1/100
|-damage|p2a: Rillaboom|91/100|[from] item: Life Orb
|move|p1a: Sneasler|Dire Claw|p2b: Typhlosion
|-damage|p2b: Typhlosion|47/100
|move|p1b: Indeedee|Expanding Force|p2b: Typhlosion
|-damage|p2b: Typhlosion|0 fnt
|faint|p2b: Typhlosion
|
|-heal|p1b: Indeedee|7/100|[from] Grassy Terrain
|-heal|p2a: Rillaboom|97/100|[from] Grassy Terrain
|upkeep
|
|t:|1757848474
|switch|p2b: Jumpluff|Jumpluff, L50, F|100/100
|turn|3
|
|t:|1757848483
|switch|p1b: Weezing|Weezing-Galar, L50, M|100/100
|-ability|p1b: Weezing|Neutralizing Gas
|move|p1a: Sneasler|Dire Claw|p2b: Jumpluff
|-supereffective|p2b: Jumpluff
|-damage|p2b: Jumpluff|0 fnt
|faint|p2b: Jumpluff
|move|p2a: Rillaboom|High Horsepower|p1a: Sneasler
|-supereffective|p1a: Sneasler
|-damage|p1a: Sneasler|0 fnt
|faint|p1a: Sneasler
|-damage|p2a: Rillaboom|87/100|[from] item: Life Orb
|
|-heal|p2a: Rillaboom|93/100|[from] Grassy Terrain
|upkeep
|
|t:|1757848495
|switch|p1a: Slaking|Slaking, L50, F|100/100
|switch|p2b: Torkoal|Torkoal, L50, M|100/100
|turn|4
|
|t:|1757848509
|move|p1a: Slaking|Knock Off|p2b: Torkoal
|-damage|p2b: Torkoal|60/100
|-enditem|p2b: Torkoal|Sitrus Berry|[from] move: Knock Off|[of] p1a: Slaking
|move|p2a: Rillaboom|Wood Hammer|p1a: Slaking
|-damage|p1a: Slaking|13/100
|-damage|p2a: Rillaboom|61/100|[from] Recoil
|-damage|p2a: Rillaboom|51/100|[from] item: Life Orb
|move|p1b: Weezing|Poison Gas|p2b: Torkoal|[spread] p2b
|-miss|p1b: Weezing|p2a: Rillaboom
|-status|p2b: Torkoal|psn
|move|p2b: Torkoal|Heat Wave|p1b: Weezing|[spread] p1a,p1b
|-crit|p1b: Weezing
|-damage|p1a: Slaking|0 fnt
|-damage|p1b: Weezing|63/100
|faint|p1a: Slaking
|
|-heal|p2a: Rillaboom|57/100|[from] Grassy Terrain
|-heal|p1b: Weezing|69/100|[from] Grassy Terrain
|-heal|p2b: Torkoal|66/100 psn|[from] Grassy Terrain
|-damage|p2b: Torkoal|54/100 psn|[from] psn
|upkeep
|
|t:|1757848529
|switch|p1a: Indeedee|Indeedee, L50, M|7/100
|turn|5
|
|t:|1757848537
|move|p1a: Indeedee|Protect|p1a: Indeedee
|-singleturn|p1a: Indeedee|Protect
|move|p2a: Rillaboom|High Horsepower|p1b: Weezing|[miss]
|-miss|p2a: Rillaboom|p1b: Weezing
|move|p1b: Weezing|Poison Gas|p2a: Rillaboom|[spread] p2a,p2b
|-status|p2a: Rillaboom|psn
|-fail|p2b: Torkoal|psn
|move|p2b: Torkoal|Heat Wave|p1b: Weezing|[spread] p1b
|-activate|p1a: Indeedee|move: Protect
|-damage|p1b: Weezing|43/100
|
|-heal|p1a: Indeedee|13/100|[from] Grassy Terrain
|-heal|p2a: Rillaboom|63/100 psn|[from] Grassy Terrain
|-heal|p1b: Weezing|49/100|[from] Grassy Terrain
|-heal|p2b: Torkoal|60/100 psn|[from] Grassy Terrain
|-damage|p2a: Rillaboom|51/100 psn|[from] psn
|-damage|p2b: Torkoal|48/100 psn|[from] psn
|-fieldend|move: Grassy Terrain
|upkeep
|turn|6
|inactive|redemption22 has 30 seconds left.
|
|t:|1757848571
|-terastallize|p1a: Indeedee|Psychic
|move|p1a: Indeedee|Expanding Force|p2a: Rillaboom
|-damage|p2a: Rillaboom|0 fnt
|faint|p2a: Rillaboom
|move|p1b: Weezing|Strange Steam|p2b: Torkoal
|-resisted|p2b: Torkoal
|-damage|p2b: Torkoal|34/100 psn
|-start|p2b: Torkoal|confusion
|-activate|p2b: Torkoal|confusion
|-damage|p2b: Torkoal|29/100 psn|[from] confusion
|
|-damage|p2b: Torkoal|17/100 psn|[from] psn
|upkeep
|turn|7
|-message|alysa Liu forfeited.
|
|win|redemption22
||alysa Liu is ready for game 3.
||redemption22 is ready for game 3.
|uhtml|next|Next: Game 3 of 3
