|j|☆Ryan96
|j|☆mew mew season 2
|html|Ryan96mew mew season 2    
|uhtml|bestof|Game 2 of a best-of-3
|t:|1782644309
|gametype|doubles
|player|p1|Ryan96|crasherwake|1114
|player|p2|mew mew season 2|miku-psychic|1209
|gen|9
|tier|[Gen 9 Champions] VGC 2026 Reg M-B (Bo3)
|rated|
|rule|Species Clause: Limit one of each Pokémon
|rule|Item Clause: Limit 1 of each item
|clearpoke
|poke|p1|Sinistcha, L50|
|poke|p1|Weavile, L50, M|
|poke|p1|Incineroar, L50, M|
|poke|p1|Barbaracle, L50, M|
|poke|p1|Zoroark-Hisui, L50, M|
|poke|p1|Gholdengo, L50|
|poke|p2|Floette-Eternal, L50, F|
|poke|p2|Delphox, L50, M|
|poke|p2|Kingambit, L50, F|
|poke|p2|Sneasler, L50, M|
|poke|p2|Sinistcha, L50|
|poke|p2|Incineroar, L50, M|
|teampreview|4
|showteam|p1|Sinistcha||ColburBerry|Hospitality|MatchaGotcha,LifeDew,TrickRoom,RagePowder|Bold|||||50|]Weavile||FocusSash|Pickpocket|TripleAxel,Protect,FakeOut,KnockOff|Jolly||M|||50|]Incineroar||SitrusBerry|Intimidate|FlareBlitz,FakeOut,PartingShot,ThroatChop|Brave||M|||50|]Barbaracle||Barbaracite|Sniper|ShellSmash,RockSlide,CloseCombat,Protect|Adamant||M|||50|]Zoroark-Hisui||ChoiceScarf|Illusion|BitterMalice,HyperVoice,IcyWind,Flamethrower|Modest||M|||50|]Gholdengo||LifeOrb|GoodasGold|NastyPlot,MakeItRain,ShadowBall,Protect|Modest|||||50|
|showteam|p2|Floette-Eternal||Floettite|FlowerVeil|Protect,CalmMind,DazzlingGleam,DrainingKiss|Modest||F|||50|]Delphox||Delphoxite|Blaze|HeatWave,Psychic,NastyPlot,Protect|Timid||M|||50|]Kingambit||BlackGlasses|Defiant|SuckerPunch,KowtowCleave,SwordsDance,Protect|Adamant||F|||50|]Sneasler||FocusSash|PoisonTouch|FakeOut,PoisonJab,CloseCombat,QuickGuard|Jolly||M|||50|]Sinistcha||KasibBerry|Hospitality|MatchaGotcha,RagePowder,LifeDew,TrickRoom|Calm|||||50|]Incineroar||SitrusBerry|Intimidate|FakeOut,FlareBlitz,ThroatChop,PartingShot|Bold||M|||50|
|
|t:|1782644334
|teamsize|p1|4
|teamsize|p2|4
|start
|switch|p1a: Weavile|Weavile, L50, M|100/100
|switch|p1b: Barbaracle|Barbaracle, L50, M|100/100
|switch|p2a: Incineroar|Incineroar, L50, M|100/100
|switch|p2b: Kingambit|Kingambit, L50, F|100/100
|-ability|p2a: Incineroar|Intimidate|boost
|-unboost|p1a: Weavile|atk|1
|-unboost|p1b: Barbaracle|atk|1
|turn|1
|
|t:|1782644371
|switch|p2a: Floette|Floette-Eternal, L50, F|100/100
|switch|p2b: Sneasler|Sneasler, L50, M|100/100
|detailschange|p1b: Barbaracle|Barbaracle-Mega, L50, M
|-mega|p1b: Barbaracle|Barbaracle|Barbaracite
|move|p1a: Weavile|Knock Off|p2a: Floette
|-resisted|p2a: Floette|1
|-damage|p2a: Floette|85/100
|move|p1b: Barbaracle|Close Combat|p2b: Sneasler
|-resisted|p2b: Sneasler|1
|-damage|p2b: Sneasler|46/100
|-unboost|p1b: Barbaracle|def|1
|-unboost|p1b: Barbaracle|spd|1
|
|upkeep
|turn|2
|
|t:|1782644390
|switch|p1b: Incineroar|Incineroar, L50, M|100/100
|-ability|p1b: Incineroar|Intimidate|boost
|-unboost|p2a: Floette|atk|1
|-unboost|p2b: Sneasler|atk|1
|detailschange|p2a: Floette|Floette-Mega, L50, F
|-mega|p2a: Floette|Floette|Floettite
|-ability|p2a: Floette|Fairy Aura
|move|p1a: Weavile|Protect|p1a: Weavile
|-singleturn|p1a: Weavile|Protect
|move|p2b: Sneasler|Fake Out|p1a: Weavile
|-activate|p1a: Weavile|move: Protect
|move|p2a: Floette|Dazzling Gleam|p1a: Weavile|[spread] p1b
|-activate|p1a: Weavile|move: Protect
|-damage|p1b: Incineroar|60/100
|
|upkeep
|turn|3
|
|t:|1782644421
|switch|p2b: Incineroar|Incineroar, L50, M|100/100
|-ability|p2b: Incineroar|Intimidate|boost
|-unboost|p1a: Weavile|atk|1
|-unboost|p1b: Incineroar|atk|1
|move|p2a: Floette|Protect|p2a: Floette
|-singleturn|p2a: Floette|Protect
|move|p1a: Weavile|Triple Axel|p2a: Floette
|-activate|p2a: Floette|move: Protect
|move|p1b: Incineroar|Parting Shot|p2b: Incineroar
|-unboost|p2b: Incineroar|atk|1
|-unboost|p2b: Incineroar|spa|1
|
|t:|1782644425
|switch|p1b: Gholdengo|Gholdengo, L50|100/100|[from] Parting Shot
|
|upkeep
|turn|4
|
|t:|1782644451
|switch|p1a: Incineroar|Incineroar, L50, M|60/100
|-ability|p1a: Incineroar|Intimidate|boost
|-unboost|p2a: Floette|atk|1
|-unboost|p2b: Incineroar|atk|1
|switch|p2a: Kingambit|Kingambit, L50, F|100/100
|move|p1b: Gholdengo|Make It Rain|p2b: Incineroar|[spread] p2a,p2b
|-resisted|p2a: Kingambit|1
|-resisted|p2b: Incineroar|1
|-damage|p2a: Kingambit|67/100
|-damage|p2b: Incineroar|69/100
|-unboost|p1b: Gholdengo|spa|2
|-damage|p1b: Gholdengo|90/100|[from] item: Life Orb
|move|p2b: Incineroar|Flare Blitz|p1b: Gholdengo
|-supereffective|p1b: Gholdengo|1
|-damage|p1b: Gholdengo|46/100
|-damage|p2b: Incineroar|57/100|[from] Recoil
|
|upkeep
|turn|5
|
|t:|1782644504
|switch|p1b: Barbaracle|Barbaracle-Mega, L50, M|100/100
|move|p2a: Kingambit|Protect|p2a: Kingambit
|-singleturn|p2a: Kingambit|Protect
|move|p2b: Incineroar|Parting Shot|p1a: Incineroar
|-unboost|p1a: Incineroar|atk|1
|-unboost|p1a: Incineroar|spa|1
|
|t:|1782644514
|switch|p2b: Sneasler|Sneasler, L50, M|46/100|[from] Parting Shot
|move|p1a: Incineroar|Flare Blitz|p2a: Kingambit
|-activate|p2a: Kingambit|move: Protect
|
|upkeep
|turn|6
|
|t:|1782644537
|switch|p1a: Gholdengo|Gholdengo, L50|46/100
|move|p2b: Sneasler|Close Combat|p1b: Barbaracle
|-supereffective|p1b: Barbaracle|1
|-damage|p1b: Barbaracle|0 fnt
|-unboost|p2b: Sneasler|def|1
|-unboost|p2b: Sneasler|spd|1
|faint|p1b: Barbaracle
|move|p2a: Kingambit|Swords Dance|p2a: Kingambit
|-boost|p2a: Kingambit|atk|2
|
|upkeep
|
|t:|1782644542
|switch|p1b: Weavile|Weavile, L50, M|100/100
|turn|7
|
|t:|1782644559
|switch|p2b: Incineroar|Incineroar, L50, M|57/100
|-ability|p2b: Incineroar|Intimidate|boost
|-unboost|p1a: Gholdengo|atk|1
|-unboost|p1b: Weavile|atk|1
|move|p2a: Kingambit|Protect|p2a: Kingambit
|-singleturn|p2a: Kingambit|Protect
|move|p1b: Weavile|Triple Axel|p2a: Kingambit
|-activate|p2a: Kingambit|move: Protect
|move|p1a: Gholdengo|Make It Rain|p2a: Kingambit|[spread] p2b
|-activate|p2a: Kingambit|move: Protect
|-resisted|p2b: Incineroar|1
|-crit|p2b: Incineroar
|-damage|p2b: Incineroar|11/100
|-unboost|p1a: Gholdengo|spa|2
|-enditem|p2b: Incineroar|Sitrus Berry|[eat]
|-heal|p2b: Incineroar|36/100|[from] item: Sitrus Berry
|-damage|p1a: Gholdengo|37/100|[from] item: Life Orb
|
|upkeep
|turn|8
|
|t:|1782644574
|move|p2b: Incineroar|Fake Out|p1b: Weavile
|-damage|p1b: Weavile|84/100
|cant|p1b: Weavile|flinch
|move|p1a: Gholdengo|Nasty Plot|p1a: Gholdengo
|-boost|p1a: Gholdengo|spa|2
|move|p2a: Kingambit|Kowtow Cleave|p1a: Gholdengo
|-supereffective|p1a: Gholdengo|1
|-damage|p1a: Gholdengo|0 fnt
|faint|p1a: Gholdengo
|
|upkeep
|
|t:|1782644576
|switch|p1a: Incineroar|Incineroar, L50, M|60/100
|-ability|p1a: Incineroar|Intimidate|boost
|-unboost|p2a: Kingambit|atk|1
|-ability|p2a: Kingambit|Defiant|boost
|-boost|p2a: Kingambit|atk|2
|-unboost|p2b: Incineroar|atk|1
|turn|9
|
|t:|1782644602
|move|p2a: Kingambit|Sucker Punch|p1a: Incineroar
|-resisted|p1a: Incineroar|1
|-damage|p1a: Incineroar|8/100
|-enditem|p1a: Incineroar|Sitrus Berry|[eat]
|-heal|p1a: Incineroar|33/100|[from] item: Sitrus Berry
|move|p1b: Weavile|Triple Axel|p2b: Incineroar
|-resisted|p2b: Incineroar|1
|-damage|p2b: Incineroar|34/100
|-resisted|p2b: Incineroar|1
|-crit|p2b: Incineroar
|-damage|p2b: Incineroar|22/100
|-resisted|p2b: Incineroar|1
|-damage|p2b: Incineroar|14/100
|-hitcount|p2b: Incineroar|3
|move|p2b: Incineroar|Parting Shot|p1b: Weavile
|-unboost|p1b: Weavile|atk|1
|-unboost|p1b: Weavile|spa|1
|
|t:|1782644617
|switch|p2b: Sneasler|Sneasler, L50, M|46/100|[from] Parting Shot
|move|p1a: Incineroar|Flare Blitz|p2a: Kingambit
|-supereffective|p2a: Kingambit|1
|-damage|p2a: Kingambit|0 fnt
|faint|p2a: Kingambit
|-damage|p1a: Incineroar|10/100|[from] Recoil
|
|upkeep
|
|t:|1782644625
|switch|p2a: Floette|Floette-Mega, L50, F|85/100
|-ability|p2a: Floette|Fairy Aura
|turn|10
|
|t:|1782644663
|move|p2b: Sneasler|Fake Out|p1b: Weavile
|-damage|p1b: Weavile|58/100
|cant|p1b: Weavile|flinch
|move|p2a: Floette|Dazzling Gleam|p1b: Weavile|[spread] p1a,p1b
|-supereffective|p1b: Weavile|1
|-damage|p1a: Incineroar|0 fnt
|-damage|p1b: Weavile|0 fnt
|faint|p1a: Incineroar
|faint|p1b: Weavile
|
|win|mew mew season 2
|raw|Ryan96's rating: 1114 → 1096(-18 for losing)
|raw|mew mew season 2's rating: 1209 → 1227(+18 for winning)
