|j|☆Mkellyvgc
|j|☆Rafax
|html|MkellyvgcRafax    
|uhtml|bestof|Game 3 of a best-of-3
|t:|1756864674
|gametype|doubles
|player|p1|Mkellyvgc|265|1075
|player|p2|Rafax|101|1144
|gen|9
|tier|[Gen 9] VGC 2025 Reg H (Bo3)
|rated|
|rule|Species Clause: Limit one of each Pokémon
|rule|Item Clause: Limit 1 of each item
|clearpoke
|poke|p1|Kommo-o, L50, F|
|poke|p1|Basculegion, L50, M|
|poke|p1|Rillaboom, L50, M|
|poke|p1|Ninetales-Alola, L50, F|
|poke|p1|Kingambit, L50, M|
|poke|p1|Arcanine-Hisui, L50, F|
|poke|p2|Indeedee-F, L50, F|
|poke|p2|Delphox, L50, F|
|poke|p2|Archaludon, L50, M|
|poke|p2|Murkrow, L50, M|
|poke|p2|Basculegion-F, L50, F|
|poke|p2|Sneasler, L50, M|
|teampreview|4
|showteam|p1|Kommo-o||ThroatSpray|Overcoat|ClangorousSoul,ClangingScales,Flamethrower,Protect|||F|||50|,,,,,Fire]Basculegion||ChoiceScarf|Adaptability|WaveCrash,LastRespects,FlipTurn,TeraBlast|||M|||50|,,,,,Fighting]Rillaboom||AssaultVest|GrassySurge|GrassyGlide,WoodHammer,FakeOut,HighHorsepower|||M|||50|,,,,,Water]Ninetales-Alola||FocusSash|SnowWarning|Blizzard,IcyWind,AuroraVeil,Protect|||F|||50|,,,,,Ghost]Kingambit||SafetyGoggles|Defiant|KowtowCleave,SuckerPunch,SwordsDance,Protect|||M|||50|,,,,,Dark]Arcanine-Hisui||ChoiceBand|Intimidate|FlareBlitz,RockSlide,ExtremeSpeed,TeraBlast|||F|||50|,,,,,Fairy
|showteam|p2|Indeedee-F||SafetyGoggles|PsychicSurge|Imprison,FollowMe,HelpingHand,TrickRoom|||F|||50|,,,,,Fairy]Delphox||LifeOrb|Blaze|ExpandingForce,HeatWave,FocusBlast,Protect|||F|||50|,,,,,Psychic]Archaludon||AssaultVest|Stamina|BodyPress,DragonPulse,FlashCannon,Snarl|||M|||50|,,,,,Steel]Murkrow||Eviolite|Prankster|FoulPlay,Tailwind,Haze,SunnyDay|||M|||50|,,,,,Ghost]Basculegion-F||ChoiceScarf|Adaptability|ShadowBall,IcyWind,TeraBlast,MuddyWater|||F|||50|,,,,,Grass]Sneasler||PsychicSeed|Unburden|CloseCombat,DireClaw,Acrobatics,Protect|||M|||50|,,,,,Flying
|
|t:|1756864709
|teamsize|p1|4
|teamsize|p2|4
|start
|switch|p1a: Basculegion|Basculegion, L50, M|100/100
|switch|p1b: Ninetales|Ninetales-Alola, L50, F|100/100
|switch|p2a: Indeedee|Indeedee-F, L50, F, shiny|100/100
|switch|p2b: Delphox|Delphox, L50, F|100/100
|-weather|Snowscape|[from] ability: Snow Warning|[of] p1b: Ninetales
|-fieldstart|move: Psychic Terrain|[from] ability: Psychic Surge|[of] p2a: Indeedee
|turn|1
|inactive|Battle timer is ON: inactive players will automatically lose when time's up. (requested by Rafax)
|inactive|Mkellyvgc has 60 seconds left.
|
|t:|1756864745
|move|p2a: Indeedee|Follow Me|p2a: Indeedee
|-singleturn|p2a: Indeedee|move: Follow Me
|move|p1a: Basculegion|Flip Turn|p2a: Indeedee
|-damage|p2a: Indeedee|68/100
|
|t:|1756864749
|switch|p1a: Rillaboom|Rillaboom, L50, M|100/100|[from] Flip Turn
|-fieldstart|move: Grassy Terrain|[from] ability: Grassy Surge|[of] p1a: Rillaboom
|move|p1b: Ninetales|Aurora Veil|p1b: Ninetales
|-sidestart|p1: Mkellyvgc|move: Aurora Veil
|move|p2b: Delphox|Heat Wave|p1a: Rillaboom|[spread] p1a,p1b
|-supereffective|p1a: Rillaboom
|-supereffective|p1b: Ninetales
|-damage|p1a: Rillaboom|54/100
|-damage|p1b: Ninetales|34/100
|-damage|p2b: Delphox|90/100|[from] item: Life Orb
|
|-weather|Snowscape|[upkeep]
|-heal|p1b: Ninetales|40/100|[from] Grassy Terrain
|-heal|p2b: Delphox|96/100|[from] Grassy Terrain
|-heal|p1a: Rillaboom|60/100|[from] Grassy Terrain
|-heal|p2a: Indeedee|74/100|[from] Grassy Terrain
|upkeep
|turn|2
|
|t:|1756864770
|move|p2b: Delphox|Protect|p2b: Delphox
|-singleturn|p2b: Delphox|Protect
|move|p1a: Rillaboom|Fake Out|p2b: Delphox
|-activate|p2b: Delphox|move: Protect
|move|p1b: Ninetales|Icy Wind|p2a: Indeedee|[spread] p2a
|-activate|p2b: Delphox|move: Protect
|-damage|p2a: Indeedee|58/100
|-unboost|p2a: Indeedee|spe|1
|move|p2a: Indeedee|Trick Room|p2a: Indeedee
|-fieldstart|move: Trick Room|[of] p2a: Indeedee
|
|-weather|Snowscape|[upkeep]
|-heal|p2a: Indeedee|64/100|[from] Grassy Terrain
|-heal|p1a: Rillaboom|66/100|[from] Grassy Terrain
|-heal|p2b: Delphox|100/100|[from] Grassy Terrain
|-heal|p1b: Ninetales|46/100|[from] Grassy Terrain
|upkeep
|turn|3
|inactive|Mkellyvgc has 30 seconds left.
|
|t:|1756864799
|move|p2a: Indeedee|Follow Me|p2a: Indeedee
|-singleturn|p2a: Indeedee|move: Follow Me
|move|p1a: Rillaboom|Wood Hammer|p2a: Indeedee
|-damage|p2a: Indeedee|0 fnt
|faint|p2a: Indeedee
|-damage|p1a: Rillaboom|47/100|[from] Recoil
|move|p2b: Delphox|Heat Wave|p1a: Rillaboom|[spread] p1a,p1b
|-supereffective|p1a: Rillaboom
|-supereffective|p1b: Ninetales
|-crit|p1b: Ninetales
|-damage|p1a: Rillaboom|2/100
|-damage|p1b: Ninetales|0 fnt
|faint|p1b: Ninetales
|-damage|p2b: Delphox|90/100|[from] item: Life Orb
|
|-weather|Snowscape|[upkeep]
|-heal|p1a: Rillaboom|8/100|[from] Grassy Terrain
|-heal|p2b: Delphox|96/100|[from] Grassy Terrain
|upkeep
|
|t:|1756864823
|switch|p2a: Sneasler|Sneasler, L50, M|100/100
|switch|p1b: Basculegion|Basculegion, L50, M|100/100
|turn|4
|inactive|Rafax has 30 seconds left.
|inactive|Rafax has 20 seconds left.
|inactive|Rafax has 15 seconds left.
|
|t:|1756864867
|switch|p2a: Basculegion|Basculegion-F, L50, F|100/100
|-terastallize|p2b: Delphox|Psychic
|move|p1a: Rillaboom|High Horsepower|p2a: Basculegion
|-damage|p2a: Basculegion|53/100
|move|p2b: Delphox|Heat Wave|p1b: Basculegion|[spread] p1a,p1b
|-supereffective|p1a: Rillaboom
|-crit|p1a: Rillaboom
|-resisted|p1b: Basculegion
|-damage|p1a: Rillaboom|0 fnt
|-damage|p1b: Basculegion|83/100
|faint|p1a: Rillaboom
|-damage|p2b: Delphox|86/100|[from] item: Life Orb
|move|p1b: Basculegion|Wave Crash|p2b: Delphox
|-damage|p2b: Delphox|0 fnt
|faint|p2b: Delphox
|-damage|p1b: Basculegion|61/100|[from] Recoil
|
|-weather|Snowscape|[upkeep]
|-heal|p2a: Basculegion|59/100|[from] Grassy Terrain
|-heal|p1b: Basculegion|67/100|[from] Grassy Terrain
|upkeep
|
|t:|1756864885
|switch|p1a: Kommo-o|Kommo-o, L50, F|100/100
|switch|p2b: Sneasler|Sneasler, L50, M|100/100
|turn|5
|
|t:|1756864905
|move|p1a: Kommo-o|Clanging Scales|p2b: Sneasler|[spread] p2a,p2b
|-damage|p2a: Basculegion|17/100
|-damage|p2b: Sneasler|63/100
|-unboost|p1a: Kommo-o|def|1
|-enditem|p1a: Kommo-o|Throat Spray
|-boost|p1a: Kommo-o|spa|1|[from] item: Throat Spray
|move|p2b: Sneasler|Close Combat|p1a: Kommo-o
|-damage|p1a: Kommo-o|30/100
|-unboost|p2b: Sneasler|def|1
|-unboost|p2b: Sneasler|spd|1
|move|p2a: Basculegion|Shadow Ball|p1b: Basculegion
|-supereffective|p1b: Basculegion
|-damage|p1b: Basculegion|0 fnt
|faint|p1b: Basculegion
|
|-weather|none
|-heal|p1a: Kommo-o|36/100|[from] Grassy Terrain
|-heal|p2b: Sneasler|69/100|[from] Grassy Terrain
|-heal|p2a: Basculegion|23/100|[from] Grassy Terrain
|-sideend|p1: Mkellyvgc|move: Aurora Veil
|-fieldend|move: Grassy Terrain
|upkeep
|turn|6
|
|t:|1756864926
|move|p2b: Sneasler|Protect|p2b: Sneasler
|-singleturn|p2b: Sneasler|Protect
|move|p1a: Kommo-o|Clangorous Soul|p1a: Kommo-o
|-boost|p1a: Kommo-o|atk|1
|-boost|p1a: Kommo-o|def|1
|-boost|p1a: Kommo-o|spa|1
|-boost|p1a: Kommo-o|spd|1
|-boost|p1a: Kommo-o|spe|1
|-damage|p1a: Kommo-o|3/100
|move|p2a: Basculegion|Shadow Ball|p1a: Kommo-o
|-damage|p1a: Kommo-o|0 fnt
|faint|p1a: Kommo-o
|
|win|Rafax
|raw|Mkellyvgc's rating: 1075 → 1058(-17 for losing)
|raw|Rafax's rating: 1144 → 1164(+20 for winning)
|l|☆Mkellyvgc
|player|p1|
