|j|☆BlackStag52
|j|☆Federaci
|html|BlackStag52Federaci    
|uhtml|bestof|Game 1 of a best-of-3
|t:|1782183267
|gametype|doubles
|player|p1|BlackStag52|lebanne|1000
|player|p2|Federaci|102|1052
|gen|9
|tier|[Gen 9 Champions] VGC 2026 Reg M-B (Bo3)
|rated|
|rule|Species Clause: Limit one of each Pokémon
|rule|Item Clause: Limit 1 of each item
|clearpoke
|poke|p1|Garchomp, L50, F|
|poke|p1|Eelektross, L50, M|
|poke|p1|Sinistcha, L50|
|poke|p1|Primarina, L50, M|
|poke|p1|Vivillon-High Plains, L50, M|
|poke|p1|Sneasler, L50, F|
|poke|p2|Swampert, L50, F|
|poke|p2|Archaludon, L50, M|
|poke|p2|Sableye, L50, F|
|poke|p2|Palafin, L50, M|
|poke|p2|Kangaskhan, L50, F|
|poke|p2|Garchomp, L50, M|
|teampreview|4
|showteam|p1|Garchomp||LifeOrb|RoughSkin|DragonClaw,Earthquake,Protect,RockSlide|Impish||F|||50|]Eelektross||Eelektrossite|Levitate|GrassKnot,Thunderbolt,Protect,Flamethrower|Modest||M|||50|]Sinistcha||KasibBerry|Hospitality|MatchaGotcha,RagePowder,TrickRoom,LifeDew|Bold|||||50|]Primarina||FairyFeather|Torrent|DazzlingGleam,EnergyBall,HyperVoice,Protect|Modest||M|||50|]Vivillon-High Plains||FocusSash|FriendGuard|Tailwind,AirSlash,PollenPuff,Protect|Timid||M|||50|]Sneasler||WhiteHerb|Unburden|FakeOut,CloseCombat,DireClaw,Protect|Adamant||F|||50|
|showteam|p2|Swampert||Swampertite|Torrent|WaveCrash,HighHorsepower,Protect,PoisonJab|Adamant||F|||50|]Archaludon||SitrusBerry|Stamina|ElectroShot,DracoMeteor,FlashCannon,Protect|Calm||M|||50|]Sableye||RoseliBerry|Prankster|FakeOut,RainDance,FoulPlay,WonderRoom|Calm||F|||50|]Palafin||ChoiceScarf|ZerotoHero|FlipTurn,WaveCrash,DrainPunch,Encore|Jolly||M|||50|]Kangaskhan||Kangaskhanite|InnerFocus|FakeOut,IcePunch,DrainPunch,SuckerPunch|Adamant||F|||50|]Garchomp||LifeOrb|RoughSkin|RockSlide,DragonClaw,StompingTantrum,Protect|Jolly||M|||50|
|inactive|Battle timer is ON: inactive players will automatically lose when time's up. (requested by Federaci)
|
|t:|1782183351
|teamsize|p1|4
|teamsize|p2|4
|start
|switch|p1a: Eelektross|Eelektross, L50, M|100/100
|switch|p1b: Vivillon|Vivillon-High Plains, L50, M|100/100
|switch|p2a: Sableye|Sableye, L50, F|100/100
|switch|p2b: Archaludon|Archaludon, L50, M|100/100
|turn|1
|inactive|BlackStag52 has 30 seconds left.
|inactive|Federaci has 30 seconds left.
|inactive|BlackStag52 has 20 seconds left.
|inactive|BlackStag52 has 15 seconds left.
|
|t:|1782183392
|switch|p1b: Garchomp|Garchomp, L50, F|100/100
|detailschange|p1a: Eelektross|Eelektross-Mega, L50, M
|-mega|p1a: Eelektross|Eelektross|Eelektrossite
|move|p2b: Archaludon|Protect|p2b: Archaludon
|-singleturn|p2b: Archaludon|Protect
|move|p2a: Sableye|Fake Out|p1b: Garchomp
|-damage|p1b: Garchomp|94/100
|-damage|p2a: Sableye|87/100|[from] ability: Rough Skin|[of] p1b: Garchomp
|move|p1a: Eelektross|Thunderbolt|p2a: Sableye
|-damage|p2a: Sableye|36/100
|
|upkeep
|turn|2
|inactive|Federaci has 30 seconds left.
|
|t:|1782183422
|move|p2a: Sableye|Rain Dance|p2a: Sableye
|-weather|RainDance
|move|p1b: Garchomp|Earthquake|p2a: Sableye|[spread] p2a,p2b
|-immune|p1a: Eelektross|[from] ability: Levitate
|-supereffective|p2b: Archaludon|1
|-damage|p2a: Sableye|0 fnt
|-damage|p2b: Archaludon|43/100
|-ability|p2b: Archaludon|Stamina|boost
|-boost|p2b: Archaludon|def|1
|-enditem|p2b: Archaludon|Sitrus Berry|[eat]
|-heal|p2b: Archaludon|68/100|[from] item: Sitrus Berry
|faint|p2a: Sableye
|-damage|p1b: Garchomp|84/100|[from] item: Life Orb
|move|p1a: Eelektross|Thunderbolt|p2b: Archaludon
|-resisted|p2b: Archaludon|1
|-damage|p2b: Archaludon|48/100
|-ability|p2b: Archaludon|Stamina|boost
|-boost|p2b: Archaludon|def|1
|move|p2b: Archaludon|Draco Meteor|p1b: Garchomp
|-supereffective|p1b: Garchomp|1
|-damage|p1b: Garchomp|0 fnt
|-unboost|p2b: Archaludon|spa|2
|faint|p1b: Garchomp
|
|-weather|RainDance|[upkeep]
|upkeep
|
|t:|1782183445
|switch|p1b: Sneasler|Sneasler, L50, F|100/100
|switch|p2a: Garchomp|Garchomp, L50, M|100/100
|turn|3
|
|t:|1782183463
|move|p2b: Archaludon|Protect|p2b: Archaludon
|-singleturn|p2b: Archaludon|Protect
|move|p1b: Sneasler|Fake Out|p2b: Archaludon
|-activate|p2b: Archaludon|move: Protect
|move|p2a: Garchomp|Dragon Claw|p1a: Eelektross
|-damage|p1a: Eelektross|45/100
|-damage|p2a: Garchomp|90/100|[from] item: Life Orb
|move|p1a: Eelektross|Grass Knot|p2a: Garchomp
|-damage|p2a: Garchomp|59/100
|-damage|p1a: Eelektross|32/100|[from] ability: Rough Skin|[of] p2a: Garchomp
|
|-weather|RainDance|[upkeep]
|upkeep
|turn|4
|
|t:|1782183480
|move|p1a: Eelektross|Protect|p1a: Eelektross
|-singleturn|p1a: Eelektross|Protect
|move|p1b: Sneasler|Close Combat|p2b: Archaludon
|-supereffective|p2b: Archaludon|1
|-damage|p2b: Archaludon|0 fnt
|-unboost|p1b: Sneasler|def|1
|-unboost|p1b: Sneasler|spd|1
|faint|p2b: Archaludon
|-enditem|p1b: Sneasler|White Herb
|-clearnegativeboost|p1b: Sneasler|[silent]
|move|p2a: Garchomp|Dragon Claw|p1a: Eelektross
|-activate|p1a: Eelektross|move: Protect
|
|-weather|RainDance|[upkeep]
|upkeep
|
|t:|1782183492
|switch|p2b: Swampert|Swampert, L50, F|100/100
|turn|5
|
|t:|1782183511
|switch|p1a: Vivillon|Vivillon-High Plains, L50, M|100/100
|detailschange|p2b: Swampert|Swampert-Mega, L50, F
|-mega|p2b: Swampert|Swampert|Swampertite
|move|p1b: Sneasler|Close Combat|p2a: Garchomp
|-damage|p2a: Garchomp|0 fnt
|-unboost|p1b: Sneasler|def|1
|-unboost|p1b: Sneasler|spd|1
|-damage|p1b: Sneasler|87/100|[from] ability: Rough Skin|[of] p2a: Garchomp
|faint|p2a: Garchomp
|move|p2b: Swampert|High Horsepower|p1b: Sneasler
|-supereffective|p1b: Sneasler|1
|-damage|p1b: Sneasler|0 fnt
|faint|p1b: Sneasler
|
|-weather|RainDance|[upkeep]
|upkeep
|
|t:|1782183524
|switch|p1b: Eelektross|Eelektross-Mega, L50, M|32/100
|turn|6
|
|t:|1782183536
|move|p1b: Eelektross|Protect|p1b: Eelektross
|-singleturn|p1b: Eelektross|Protect
|move|p2b: Swampert|Wave Crash|p1b: Eelektross
|-activate|p1b: Eelektross|move: Protect
|move|p1a: Vivillon|Tailwind|p1a: Vivillon
|-sidestart|p1: BlackStag52|move: Tailwind
|
|-weather|none
|upkeep
|turn|7
|
|t:|1782183551
|move|p1a: Vivillon|Pollen Puff|p1b: Eelektross
|-heal|p1b: Eelektross|82/100
|move|p1b: Eelektross|Grass Knot|p2b: Swampert
|-supereffective|p2b: Swampert|2
|-damage|p2b: Swampert|0 fnt
|faint|p2b: Swampert
|
|win|BlackStag52
