|j|☆EXESSVGC
|j|☆Prepucio Santos
|html|EXESSVGCPrepucio Santos    
|uhtml|bestof|Game 1 of a best-of-3
|t:|1784389990
|gametype|doubles
|player|p1|EXESSVGC|266|1308
|player|p2|Prepucio Santos|striker|1259
|gen|9
|tier|[Gen 9 Champions] VGC 2026 Reg M-B (Bo3)
|rated|
|rule|Species Clause: Limit one of each Pokémon
|rule|Item Clause: Limit 1 of each item
|clearpoke
|poke|p1|Farigiraf, L50, F|
|poke|p1|Aerodactyl, L50, M|
|poke|p1|Sylveon, L50, M|
|poke|p1|Kingambit, L50, F|
|poke|p1|Garchomp, L50, M|
|poke|p1|Charizard, L50, M|
|poke|p2|Charizard, L50, M|
|poke|p2|Venusaur, L50, M|
|poke|p2|Pelipper, L50, F|
|poke|p2|Grimmsnarl, L50, M|
|poke|p2|Basculegion, L50, M|
|poke|p2|Archaludon, L50, M|
|teampreview|4
|showteam|p1|Farigiraf||SitrusBerry|ArmorTail|TrickRoom,TwinBeam,HelpingHand,Thunderbolt|Bold||F|||50|]Aerodactyl||Aerodactylite|Unnerve|RockSlide,Protect,Tailwind,Taunt|Jolly||M|||50|]Sylveon||FairyFeather|Pixilate|HyperVoice,HyperBeam,Protect,QuickAttack|Modest||M|||50|]Kingambit||FocusSash|Defiant|IronHead,SuckerPunch,LowKick,Protect|Adamant||F|||50|]Garchomp||LifeOrb|RoughSkin|DragonClaw,Earthquake,StompingTantrum,Protect|Adamant||M|||50|]Charizard||CharizarditeY|Blaze|WeatherBall,HeatWave,SolarBeam,Protect|Modest||M|||50|
|showteam|p2|Charizard||CharizarditeY|Blaze|HeatWave,WeatherBall,SolarBeam,Protect|Modest||M|||50|]Venusaur||FocusSash|Chlorophyll|SludgeBomb,EarthPower,SleepPowder,Protect|Modest||M|||50|]Pelipper||SitrusBerry|Drizzle|Hurricane,WeatherBall,WideGuard,Tailwind|Modest||F|||50|]Grimmsnarl||LightClay|Prankster|SpiritBreak,Reflect,LightScreen,PartingShot|Sassy||M|||50|]Basculegion||ChoiceScarf|Adaptability|WaveCrash,LastRespects,FlipTurn,AquaJet|Jolly||M|||50|]Archaludon||Leftovers|Stamina|DragonPulse,FlashCannon,ElectroShot,Protect|Calm||M|||50|
|c|☆EXESSVGC|3 matches this is the fourth
|inactive|Battle timer is ON: inactive players will automatically lose when time's up. (requested by Prepucio Santos)
|c|☆EXESSVGC|4 teams like yours
|c|☆EXESSVGC|damn boys you all are boring
|inactive|EXESSVGC has 60 seconds left.
|
|t:|1784390071
|teamsize|p1|4
|teamsize|p2|4
|start
|switch|p1a: Charizard|Charizard, L50, M|100/100
|switch|p1b: Garchomp|Garchomp, L50, M|100/100
|switch|p2a: Grimmsnarl|Grimmsnarl, L50, M|100/100
|switch|p2b: Archaludon|Archaludon, L50, M|100/100
|turn|1
|inactive|EXESSVGC has 30 seconds left.
|inactive|Prepucio Santos has 30 seconds left.
|inactive|Prepucio Santos has 20 seconds left.
|inactive|Prepucio Santos has 15 seconds left.
|
|t:|1784390113
|detailschange|p1a: Charizard|Charizard-Mega-Y, L50, M
|-mega|p1a: Charizard|Charizard|Charizardite Y
|-weather|SunnyDay|[from] ability: Drought|[of] p1a: Charizard
|move|p2b: Archaludon|Protect|p2b: Archaludon
|-singleturn|p2b: Archaludon|Protect
|move|p2a: Grimmsnarl|Reflect|p2a: Grimmsnarl
|-sidestart|p2: Prepucio Santos|Reflect
|move|p1a: Charizard|Weather Ball|p2b: Archaludon
|-activate|p2b: Archaludon|move: Protect
|move|p1b: Garchomp|Earthquake|p2a: Grimmsnarl|[spread] p2a
|-activate|p2b: Archaludon|move: Protect
|-immune|p1a: Charizard
|-crit|p2a: Grimmsnarl
|-damage|p2a: Grimmsnarl|14/100
|-damage|p1b: Garchomp|90/100|[from] item: Life Orb
|
|-weather|SunnyDay|[upkeep]
|upkeep
|turn|2
|
|t:|1784390138
|switch|p1a: LA GIRAFFA|Farigiraf, L50, F|100/100
|switch|p2a: Pelipper|Pelipper, L50, F|100/100
|-weather|RainDance|[from] ability: Drizzle|[of] p2a: Pelipper
|move|p1b: Garchomp|Stomping Tantrum|p2b: Archaludon
|-supereffective|p2b: Archaludon|1
|-crit|p2b: Archaludon
|-damage|p2b: Archaludon|0 fnt
|faint|p2b: Archaludon
|-damage|p1b: Garchomp|80/100|[from] item: Life Orb
|
|-weather|RainDance|[upkeep]
|upkeep
|
|t:|1784390161
|switch|p2b: Charizard|Charizard, L50, M|100/100
|turn|3
|
|t:|1784390177
|detailschange|p2b: Charizard|Charizard-Mega-Y, L50, M
|-mega|p2b: Charizard|Charizard|Charizardite Y
|-weather|SunnyDay|[from] ability: Drought|[of] p2b: Charizard
|move|p1b: Garchomp|Protect|p1b: Garchomp
|-singleturn|p1b: Garchomp|Protect
|move|p2b: Charizard|Heat Wave|p1b: Garchomp|[spread] p1a
|-activate|p1b: Garchomp|move: Protect
|-damage|p1a: LA GIRAFFA|40/100
|-enditem|p1a: LA GIRAFFA|Sitrus Berry|[eat]
|-heal|p1a: LA GIRAFFA|64/100|[from] item: Sitrus Berry
|move|p2a: Pelipper|Tailwind|p2a: Pelipper
|-sidestart|p2: Prepucio Santos|move: Tailwind
|move|p1a: LA GIRAFFA|Trick Room|p1a: LA GIRAFFA
|-fieldstart|move: Trick Room|[of] p1a: LA GIRAFFA
|
|-weather|SunnyDay|[upkeep]
|upkeep
|turn|4
|
|t:|1784390199
|move|p1a: LA GIRAFFA|Thunderbolt|p2a: Pelipper
|-supereffective|p2a: Pelipper|2
|-damage|p2a: Pelipper|0 fnt
|faint|p2a: Pelipper
|move|p1b: Garchomp|Dragon Claw|p2b: Charizard
|-damage|p2b: Charizard|65/100
|-damage|p1b: Garchomp|70/100|[from] item: Life Orb
|move|p2b: Charizard|Heat Wave|p1a: LA GIRAFFA|[spread] p1a
|-miss|p2b: Charizard|p1b: Garchomp
|-damage|p1a: LA GIRAFFA|6/100
|
|-weather|SunnyDay|[upkeep]
|upkeep
|
|t:|1784390201
|switch|p2a: Grimmsnarl|Grimmsnarl, L50, M|14/100
|turn|5
|inactive|EXESSVGC has 30 seconds left.
|inactive|EXESSVGC has 20 seconds left.
|
|t:|1784390237
|move|p1a: LA GIRAFFA|Thunderbolt|p2a: Grimmsnarl
|-damage|p2a: Grimmsnarl|0 fnt
|faint|p2a: Grimmsnarl
|move|p1b: Garchomp|Dragon Claw|p2b: Charizard
|-damage|p2b: Charizard|27/100
|-damage|p1b: Garchomp|60/100|[from] item: Life Orb
|move|p2b: Charizard|Heat Wave|p1b: Garchomp|[spread] p1a,p1b
|-resisted|p1b: Garchomp|1
|-crit|p1b: Garchomp
|-damage|p1a: LA GIRAFFA|0 fnt
|-damage|p1b: Garchomp|24/100
|faint|p1a: LA GIRAFFA
|
|-weather|SunnyDay|[upkeep]
|upkeep
|
|t:|1784390248
|switch|p1a: Marianela|Sylveon, L50, M|100/100
|turn|6
|
|t:|1784390256
|move|p2b: Charizard|Protect|p2b: Charizard
|-singleturn|p2b: Charizard|Protect
|move|p1a: Marianela|Hyper Voice|p2b: Charizard
|-activate|p2b: Charizard|move: Protect
|move|p1b: Garchomp|Dragon Claw|p2b: Charizard
|-activate|p2b: Charizard|move: Protect
|
|-weather|SunnyDay|[upkeep]
|-sideend|p2: Prepucio Santos|move: Tailwind
|upkeep
|turn|7
|
|t:|1784390262
|move|p1a: Marianela|Hyper Beam|p2b: Charizard|[miss]
|-miss|p1a: Marianela|p2b: Charizard
|move|p1b: Garchomp|Dragon Claw|p2b: Charizard
|-damage|p2b: Charizard|0 fnt
|faint|p2b: Charizard
|-damage|p1b: Garchomp|14/100|[from] item: Life Orb
|
|win|EXESSVGC
||EXESSVGC is ready for game 2.
|inactive|Prepucio Santos has 30 seconds to confirm battle start!
|inactive|Prepucio Santos has 20 seconds to confirm battle start!
||Prepucio Santos is ready for game 2.
|uhtml|next|Next: Game 2 of 3
