|badge|p1|bronze|gen9doublesou|100-6
|uhtml|medal-msg|Curious what those medals under the avatar are? PS now has Ladder Seasons! For more information, check out the thread on Smogon.
|j|☆jinzo layers (
|j|☆sam smithy
|html|jinzo layers (sam smithy    
|uhtml|bestof|Game 3 of a best-of-3
|t:|1757736276
|gametype|doubles
|player|p1|jinzo layers (|#scl5gible2|1325
|player|p2|sam smithy|silver|1288
|gen|9
|tier|[Gen 9] VGC 2025 Reg H (Bo3)
|rated|
|rule|Species Clause: Limit one of each Pokémon
|rule|Item Clause: Limit 1 of each item
|clearpoke
|poke|p1|Ninetales-Alola, L50, M|
|poke|p1|Dragonite, L50, M|
|poke|p1|Amoonguss, L50, M|
|poke|p1|Sneasler, L50, F|
|poke|p1|Incineroar, L50, M|
|poke|p1|Gholdengo, L50|
|poke|p2|Charizard, L50, M|
|poke|p2|Murkrow, L50, F|
|poke|p2|Torkoal, L50, M|
|poke|p2|Rillaboom, L50, M|
|poke|p2|Sneasler, L50, M|
|poke|p2|Ursaluna-Bloodmoon, L50, M|
|teampreview|4
|showteam|p1|Ninetales-Alola||ChoiceSpecs|SnowWarning|Blizzard,IcyWind,FreezeDry,Moonblast|||M|||50|,,,,,Ghost]Dragonite||LoadedDice|Multiscale|ScaleShot,StompingTantrum,Tailwind,Protect|||M|||50|,,,,,Fairy]Amoonguss||RockyHelmet|Regenerator|Protect,PollenPuff,Spore,RagePowder|||M|||50|,,,,,Water]Sneasler||FocusSash|Unburden|CloseCombat,DireClaw,ThroatChop,Protect|||F|||50|,,,,,Stellar]Incineroar||AssaultVest|Intimidate|FakeOut,FlareBlitz,KnockOff,Uturn|||M|||50|,,,,,Grass]Gholdengo||LifeOrb|GoodasGold|MakeItRain,ShadowBall,NastyPlot,Protect||||||50|,,,,,Water
|showteam|p2|Charizard||ChoiceSpecs|SolarPower|HeatWave,DragonPulse,ScorchingSands,Overheat|||M|||50|,,,,,Fire]Murkrow||Eviolite|Prankster|FoulPlay,SunnyDay,Haze,Tailwind|||F|||50|,,,,,Ghost]Torkoal||EjectPack|Drought|Eruption,Overheat,HelpingHand,Protect|||M|||50|,,,,,Fire]Rillaboom||MiracleSeed|GrassySurge|WoodHammer,GrassyGlide,FakeOut,HighHorsepower|||M|||50|,,,,,Grass]Sneasler||GrassySeed|Unburden|Acrobatics,DireClaw,CloseCombat,Protect|||M|||50|,,,,,Flying]Ursaluna-Bloodmoon||LifeOrb|MindsEye|BloodMoon,Protect,HyperVoice,EarthPower|||M|||50|,,,,,Normal
|inactive|Battle timer is ON: inactive players will automatically lose when time's up. (requested by jinzo layers ()
|
|t:|1757736305
|teamsize|p1|4
|teamsize|p2|4
|start
|switch|p1a: Ninetales|Ninetales-Alola, L50, M|100/100
|switch|p1b: Dragonite|Dragonite, L50, M|100/100
|switch|p2a: TED|Ursaluna-Bloodmoon, L50, M|100/100
|switch|p2b: AC/DC|Murkrow, L50, F|100/100
|-weather|Snowscape|[from] ability: Snow Warning|[of] p1a: Ninetales
|turn|1
|inactive|sam smithy has 30 seconds left.
|inactive|sam smithy has 20 seconds left.
|inactive|sam smithy has 15 seconds left.
|inactive|sam smithy has 10 seconds left.
|inactive|sam smithy has 5 seconds left.
|
|t:|1757736358
|-terastallize|p2a: TED|Normal
|move|p2b: AC/DC|Tailwind|p2b: AC/DC
|-sidestart|p2: sam smithy|move: Tailwind
|move|p2a: TED|Blood Moon|p1a: Ninetales
|-damage|p1a: Ninetales|0 fnt
|faint|p1a: Ninetales
|-damage|p2a: TED|91/100|[from] item: Life Orb
|move|p1b: Dragonite|Scale Shot|p2b: AC/DC
|-damage|p2b: AC/DC|83/100
|-damage|p2b: AC/DC|65/100
|-damage|p2b: AC/DC|48/100
|-damage|p2b: AC/DC|31/100
|-damage|p2b: AC/DC|15/100
|-hitcount|p2b: AC/DC|5
|-unboost|p1b: Dragonite|def|1
|-boost|p1b: Dragonite|spe|1
|
|-weather|Snowscape|[upkeep]
|upkeep
|
|t:|1757736376
|switch|p1a: Incineroar|Incineroar, L50, M|100/100
|-ability|p1a: Incineroar|Intimidate|boost
|-unboost|p2a: TED|atk|1
|-unboost|p2b: AC/DC|atk|1
|turn|2
|
|t:|1757736390
|move|p1a: Incineroar|Fake Out|p2b: AC/DC
|-damage|p2b: AC/DC|1/100
|cant|p2b: AC/DC|flinch
|move|p1b: Dragonite|Scale Shot|p2a: TED
|-damage|p2a: TED|79/100
|-damage|p2a: TED|68/100
|-damage|p2a: TED|58/100
|-damage|p2a: TED|46/100
|-damage|p2a: TED|34/100
|-hitcount|p2a: TED|5
|-unboost|p1b: Dragonite|def|1
|-boost|p1b: Dragonite|spe|1
|move|p2a: TED|Hyper Voice|p1b: Dragonite|[spread] p1a,p1b
|-damage|p1a: Incineroar|55/100
|-damage|p1b: Dragonite|64/100
|-damage|p2a: TED|24/100|[from] item: Life Orb
|
|-weather|Snowscape|[upkeep]
|upkeep
|turn|3
|inactive|jinzo layers ( has 30 seconds left.
|
|t:|1757736424
|move|p1b: Dragonite|Protect|p1b: Dragonite
|-singleturn|p1b: Dragonite|Protect
|move|p2b: AC/DC|Haze|p2b: AC/DC
|-clearallboost
|move|p2a: TED|Hyper Voice|p1a: Incineroar|[spread] p1a
|-activate|p1b: Dragonite|move: Protect
|-damage|p1a: Incineroar|11/100
|-damage|p2a: TED|14/100|[from] item: Life Orb
|move|p1a: Incineroar|U-turn|p2b: AC/DC
|-damage|p2b: AC/DC|0 fnt
|faint|p2b: AC/DC
|
|t:|1757736430
|switch|p1a: Sneasler|Sneasler, L50, F|100/100|[from] U-turn
|
|-weather|Snowscape|[upkeep]
|upkeep
|
|t:|1757736440
|switch|p2b: Jorginho|Charizard, L50, M|100/100
|turn|4
|
|t:|1757736456
|switch|p2a: R3chuch4|Torkoal, L50, M|100/100
|-weather|SunnyDay|[from] ability: Drought|[of] p2a: R3chuch4
|switch|p1b: Incineroar|Incineroar, L50, M|11/100
|-ability|p1b: Incineroar|Intimidate|boost
|-unboost|p2a: R3chuch4|atk|1
|-unboost|p2b: Jorginho|atk|1
|-enditem|p2a: R3chuch4|Eject Pack
|
|t:|1757736464
|switch|p2a: TED|Ursaluna-Bloodmoon, L50, M, tera:Normal|14/100
|move|p1a: Sneasler|Protect|p1a: Sneasler
|-singleturn|p1a: Sneasler|Protect
|move|p2b: Jorginho|Heat Wave|p1b: Incineroar|[spread] 
|-activate|p1a: Sneasler|move: Protect
|-miss|p2b: Jorginho|p1b: Incineroar
|
|-weather|SunnyDay|[upkeep]
|-damage|p2b: Jorginho|88/100|[from] ability: Solar Power|[of] p2b: Jorginho
|-sideend|p2: sam smithy|move: Tailwind
|upkeep
|turn|5
|
|t:|1757736485
|switch|p2b: R3chuch4|Torkoal, L50, M|100/100
|move|p2a: TED|Protect|p2a: TED
|-singleturn|p2a: TED|Protect
|move|p1b: Incineroar|Fake Out|p2b: R3chuch4
|-damage|p2b: R3chuch4|91/100
|move|p1a: Sneasler|Dire Claw|p2b: R3chuch4
|-damage|p2b: R3chuch4|62/100
|
|-weather|SunnyDay|[upkeep]
|upkeep
|turn|6
|
|t:|1757736501
|move|p1a: Sneasler|Dire Claw|p2a: TED
|-crit|p2a: TED
|-damage|p2a: TED|0 fnt
|faint|p2a: TED
|move|p1b: Incineroar|U-turn|p2b: R3chuch4
|-resisted|p2b: R3chuch4
|-damage|p2b: R3chuch4|55/100
|
|t:|1757736503
|switch|p1b: Dragonite|Dragonite, L50, M|64/100|[from] U-turn
|move|p2b: R3chuch4|Overheat|p1a: Sneasler
|-enditem|p1a: Sneasler|Focus Sash
|-damage|p1a: Sneasler|1/100
|-unboost|p2b: R3chuch4|spa|2
|
|-weather|SunnyDay|[upkeep]
|upkeep
|
|t:|1757736512
|switch|p2a: Jorginho|Charizard, L50, M|88/100
|turn|7
|
|t:|1757736518
|move|p1a: Sneasler|Protect|p1a: Sneasler
|-singleturn|p1a: Sneasler|Protect
|move|p1b: Dragonite|Protect|p1b: Dragonite
|-singleturn|p1b: Dragonite|Protect
|move|p2a: Jorginho|Heat Wave|p1a: Sneasler|[spread] 
|-activate|p1a: Sneasler|move: Protect
|-activate|p1b: Dragonite|move: Protect
|move|p2b: R3chuch4|Eruption|p1b: Dragonite|[spread] 
|-activate|p1a: Sneasler|move: Protect
|-activate|p1b: Dragonite|move: Protect
|
|-weather|SunnyDay|[upkeep]
|-damage|p2a: Jorginho|76/100|[from] ability: Solar Power|[of] p2a: Jorginho
|upkeep
|turn|8
|
|t:|1757736529
|switch|p1b: Incineroar|Incineroar, L50, M|11/100
|-ability|p1b: Incineroar|Intimidate|boost
|-unboost|p2a: Jorginho|atk|1
|-unboost|p2b: R3chuch4|atk|1
|-terastallize|p1a: Sneasler|Stellar
|move|p2b: R3chuch4|Helping Hand|p2a: Jorginho
|-singleturn|p2a: Jorginho|Helping Hand|[of] p2b: R3chuch4
|move|p1a: Sneasler|Dire Claw|p2a: Jorginho
|-damage|p2a: Jorginho|0 fnt
|faint|p2a: Jorginho
|
|-weather|none
|upkeep
|turn|9
|
|t:|1757736543
|move|p1b: Incineroar|Fake Out|p2b: R3chuch4
|-damage|p2b: R3chuch4|46/100
|move|p1a: Sneasler|Close Combat|p2b: R3chuch4
|-damage|p2b: R3chuch4|0 fnt
|-unboost|p1a: Sneasler|def|1
|-unboost|p1a: Sneasler|spd|1
|faint|p2b: R3chuch4
|
|win|jinzo layers (
|raw|jinzo layers ('s rating: 1325 → 1343(+18 for winning)
|raw|sam smithy's rating: 1288 → 1266(-22 for losing)
|l|☆sam smithy
|player|p2|
|l|☆jinzo layers (
|player|p1|
