|j|☆Sylviana GL
|j|☆sturmkitten69
|html|Sylviana GLsturmkitten69    
|uhtml|bestof|Game 3 of a best-of-3
|t:|1784796274
|gametype|doubles
|player|p1|Sylviana GL|caitlin|1149
|player|p2|sturmkitten69|fisherman-gen4|1188
|gen|9
|tier|[Gen 9 Champions] VGC 2026 Reg M-B (Bo3)
|rated|
|rule|Species Clause: Limit one of each Pokémon
|rule|Item Clause: Limit 1 of each item
|clearpoke
|poke|p1|Aerodactyl, L50, F, shiny|
|poke|p1|Charizard, L50, F|
|poke|p1|Sylveon, L50, M|
|poke|p1|Garchomp, L50, M|
|poke|p1|Kingambit, L50, F|
|poke|p1|Incineroar, L50, M|
|poke|p2|Incineroar, L50, M, shiny|
|poke|p2|Rotom-Wash, L50, shiny|
|poke|p2|Delphox, L50, M|
|poke|p2|Altaria, L50, F|
|poke|p2|Sinistcha, L50|
|poke|p2|Chesnaught, L50, M, shiny|
|teampreview|4
|showteam|p1|Aerodactyl||Aerodactylite|Unnerve|RockSlide,IceFang,Tailwind,WideGuard|Jolly||F|||50|]Charizard||CharizarditeY|Blaze|HeatWave,WeatherBall,SolarBeam,Protect|Modest||F|||50|]Sylveon||FairyFeather|Pixilate|HyperVoice,HyperBeam,QuickAttack,Detect|Modest||M|||50|]Garchomp||LifeOrb|RoughSkin|DragonClaw,Earthquake,StompingTantrum,Protect|Jolly||M|||50|]Kingambit||FocusSash|Defiant|SuckerPunch,KowtowCleave,IronHead,Protect|Adamant||F|||50|]Incineroar||SitrusBerry|Intimidate|FlareBlitz,ThroatChop,FakeOut,PartingShot|Impish||M|||50|
|showteam|p2|Incineroar||PasshoBerry|Intimidate|FakeOut,PartingShot,ThroatChop,FlareBlitz|Impish||M|||50|]Rotom-Wash||ChoiceScarf|Levitate|VoltSwitch,Electroweb,WillOWisp,HydroPump|Timid|||||50|]Delphox||Delphoxite|Blaze|HeatWave,CalmMind,Psychic,Protect|Timid||M|||50|]Altaria||RoseliBerry|CloudNine|Tailwind,Roost,WillOWisp,DragonPulse|Bold||F|||50|]Sinistcha||SitrusBerry|Hospitality|Protect,RagePowder,LifeDew,MatchaGotcha|Bold|||||50|]Chesnaught||Leftovers|Bulletproof|WideGuard,BodyPress,WoodHammer,SpikyShield|Impish||M|||50|
|inactive|Battle timer is ON: inactive players will automatically lose when time's up. (requested by Sylviana GL)
|
|t:|1784796323
|teamsize|p1|4
|teamsize|p2|4
|start
|switch|p1a: Aerodactyl|Aerodactyl, L50, F, shiny|100/100
|switch|p1b: Sylveon|Sylveon, L50, M|100/100
|switch|p2a: Rotom|Rotom-Wash, L50, shiny|100/100
|switch|p2b: Incineroar|Incineroar, L50, M, shiny|100/100
|-ability|p1a: Aerodactyl|Unnerve
|-ability|p2b: Incineroar|Intimidate|boost
|-unboost|p1a: Aerodactyl|atk|1
|-unboost|p1b: Sylveon|atk|1
|turn|1
|
|t:|1784796342
|switch|p1a: Incineroar|Incineroar, L50, M|100/100
|-ability|p1a: Incineroar|Intimidate|boost
|-unboost|p2a: Rotom|atk|1
|-unboost|p2b: Incineroar|atk|1
|move|p2a: Rotom|Volt Switch|p1b: Sylveon
|-damage|p1b: Sylveon|77/100
|
|t:|1784796353
|switch|p2a: Delphox|Delphox, L50, M|100/100|[from] Volt Switch
|move|p1b: Sylveon|Hyper Beam|p2a: Delphox
|-resisted|p2a: Delphox|1
|-damage|p2a: Delphox|44/100
|-mustrecharge|p1b: Sylveon
|move|p2b: Incineroar|Parting Shot|p1b: Sylveon
|-unboost|p1b: Sylveon|atk|1
|-unboost|p1b: Sylveon|spa|1
|
|t:|1784796368
|switch|p2b: Chesnaught|Chesnaught, L50, M, shiny|100/100|[from] Parting Shot
|
|upkeep
|turn|2
|
|t:|1784796380
|switch|p2a: Incineroar|Incineroar, L50, M, shiny|100/100
|-ability|p2a: Incineroar|Intimidate|boost
|-unboost|p1a: Incineroar|atk|1
|-unboost|p1b: Sylveon|atk|1
|move|p1a: Incineroar|Fake Out|p2b: Chesnaught
|-crit|p2b: Chesnaught
|-damage|p2b: Chesnaught|90/100
|cant|p1b: Sylveon|recharge
|cant|p2b: Chesnaught|flinch
|
|-heal|p2b: Chesnaught|96/100|[from] item: Leftovers
|upkeep
|turn|3
|
|t:|1784796397
|switch|p1a: Charizard|Charizard, L50, F|100/100
|move|p1b: Sylveon|Detect|p1b: Sylveon
|-singleturn|p1b: Sylveon|Protect
|move|p2a: Incineroar|Fake Out|p1b: Sylveon
|-activate|p1b: Sylveon|move: Protect
|move|p2b: Chesnaught|Body Press|p1a: Charizard
|-resisted|p1a: Charizard|1
|-damage|p1a: Charizard|76/100
|
|-heal|p2b: Chesnaught|100/100|[from] item: Leftovers
|upkeep
|turn|4
|inactive|Sylviana GL has 30 seconds left.
|
|t:|1784796426
|switch|p1a: Aerodactyl|Aerodactyl, L50, F, shiny|100/100
|-ability|p1a: Aerodactyl|Unnerve
|move|p2b: Chesnaught|Spiky Shield|p2b: Chesnaught
|-singleturn|p2b: Chesnaught|move: Protect
|move|p1b: Sylveon|Hyper Beam|p2b: Chesnaught
|-activate|p2b: Chesnaught|move: Protect
|move|p2a: Incineroar|Parting Shot|p1b: Sylveon
|-unboost|p1b: Sylveon|atk|1
|-unboost|p1b: Sylveon|spa|1
|
|t:|1784796441
|switch|p2a: Rotom|Rotom-Wash, L50, shiny|100/100|[from] Parting Shot
|
|upkeep
|turn|5
|
|t:|1784796456
|switch|p1a: Incineroar|Incineroar, L50, M|100/100
|-ability|p1a: Incineroar|Intimidate|boost
|-unboost|p2a: Rotom|atk|1
|-unboost|p2b: Chesnaught|atk|1
|switch|p1b: Charizard|Charizard, L50, F|76/100
|switch|p2b: Incineroar|Incineroar, L50, M, shiny|100/100
|-ability|p2b: Incineroar|Intimidate|boost
|-unboost|p1a: Incineroar|atk|1
|-unboost|p1b: Charizard|atk|1
|move|p2a: Rotom|Volt Switch|p1b: Charizard
|-supereffective|p1b: Charizard|1
|-damage|p1b: Charizard|5/100
|
|t:|1784796474
|switch|p2a: Chesnaught|Chesnaught, L50, M, shiny|100/100|[from] Volt Switch
|
|upkeep
|turn|6
|
|t:|1784796492
|switch|p1b: Sylveon|Sylveon, L50, M|77/100
|move|p1a: Incineroar|Fake Out|p2a: Chesnaught
|-damage|p2a: Chesnaught|95/100
|move|p2b: Incineroar|Fake Out|p1a: Incineroar
|-damage|p1a: Incineroar|91/100
|cant|p2a: Chesnaught|flinch
|
|-heal|p2a: Chesnaught|100/100|[from] item: Leftovers
|upkeep
|turn|7
|
|t:|1784796505
|move|p2a: Chesnaught|Spiky Shield|p2a: Chesnaught
|-singleturn|p2a: Chesnaught|move: Protect
|move|p1b: Sylveon|Hyper Beam|p2a: Chesnaught
|-activate|p2a: Chesnaught|move: Protect
|move|p1a: Incineroar|Throat Chop|p2b: Incineroar
|-resisted|p2b: Incineroar|1
|-damage|p2b: Incineroar|92/100
|-start|p2b: Incineroar|Throat Chop|[silent]
|cant|p2b: Incineroar|move: Throat Chop
|
|upkeep
|turn|8
|inactive|sturmkitten69 has 30 seconds left.
|
|t:|1784796532
|switch|p2a: Rotom|Rotom-Wash, L50, shiny|100/100
|move|p1b: Sylveon|Hyper Beam|p2a: Rotom
|-damage|p2a: Rotom|0 fnt
|-mustrecharge|p1b: Sylveon
|faint|p2a: Rotom
|move|p1a: Incineroar|Parting Shot|p2b: Incineroar
|-unboost|p2b: Incineroar|atk|1
|-unboost|p2b: Incineroar|spa|1
|
|t:|1784796539
|switch|p1a: Charizard|Charizard, L50, F|5/100|[from] Parting Shot
|move|p2b: Incineroar|Throat Chop|p1a: Charizard
|-damage|p1a: Charizard|0 fnt
|faint|p1a: Charizard
|
|-end|p2b: Incineroar|Throat Chop|[silent]
|upkeep
|
|t:|1784796547
|switch|p2a: Delphox|Delphox, L50, M|44/100
|switch|p1a: Incineroar|Incineroar, L50, M|91/100
|-ability|p1a: Incineroar|Intimidate|boost
|-unboost|p2a: Delphox|atk|1
|-unboost|p2b: Incineroar|atk|1
|turn|9
|inactive|Sylviana GL has 30 seconds left.
|
|t:|1784796576
|detailschange|p2a: Delphox|Delphox-Mega, L50, M
|-mega|p2a: Delphox|Delphox|Delphoxite
|move|p2a: Delphox|Protect|p2a: Delphox
|-singleturn|p2a: Delphox|Protect
|move|p1a: Incineroar|Fake Out|p2b: Incineroar
|-damage|p2b: Incineroar|84/100
|cant|p1b: Sylveon|recharge
|cant|p2b: Incineroar|flinch
|
|upkeep
|turn|10
|
|t:|1784796593
|switch|p2a: Chesnaught|Chesnaught, L50, M, shiny|100/100
|move|p1b: Sylveon|Hyper Voice|p2a: Chesnaught|[spread] p2a,p2b
|-supereffective|p2a: Chesnaught|1
|-damage|p2a: Chesnaught|0 fnt
|-damage|p2b: Incineroar|40/100
|faint|p2a: Chesnaught
|move|p1a: Incineroar|Throat Chop|p2b: Incineroar
|-resisted|p2b: Incineroar|1
|-damage|p2b: Incineroar|27/100
|-start|p2b: Incineroar|Throat Chop|[silent]
|move|p2b: Incineroar|Throat Chop|p1b: Sylveon
|-resisted|p1b: Sylveon|1
|-damage|p1b: Sylveon|67/100
|-start|p1b: Sylveon|Throat Chop|[silent]
|
|upkeep
|-message|sturmkitten69 forfeited.
|
|win|Sylviana GL
|raw|Sylviana GL's rating: 1149 → 1177(+28 for winning)
|raw|sturmkitten69's rating: 1188 → 1160(-28 for losing)
|l|☆sturmkitten69
|player|p2|
