|j|☆lolgz
|j|☆greater basilisk
|html|lolgzgreater basilisk    
|uhtml|bestof|Game 1 of a best-of-3
|t:|1782429289
|gametype|doubles
|player|p1|lolgz|dawn|1175
|player|p2|greater basilisk|bianca|1098
|gen|9
|tier|[Gen 9 Champions] VGC 2026 Reg M-B (Bo3)
|rated|
|rule|Species Clause: Limit one of each Pokémon
|rule|Item Clause: Limit 1 of each item
|clearpoke
|poke|p1|Mawile, L50, M|
|poke|p1|Sneasler, L50, M|
|poke|p1|Farigiraf, L50, F|
|poke|p1|Ampharos, L50, F|
|poke|p1|Vileplume, L50, M|
|poke|p1|Torkoal, L50, M|
|poke|p2|Charizard, L50, F|
|poke|p2|Basculegion, L50, M|
|poke|p2|Metagross, L50|
|poke|p2|Whimsicott, L50, F|
|poke|p2|Garchomp, L50, M|
|poke|p2|Incineroar, L50, M|
|teampreview|4
|showteam|p1|Mawile||Mawilite|HyperCutter|PlayRough,SuckerPunch,SwordsDance,Protect|Serious||M|||50|]Sneasler||IronBall|PoisonTouch|FakeOut,DireClaw,CloseCombat,RockTomb|Brave||M|||50|]Farigiraf||SitrusBerry|ArmorTail|TrickRoom,Thunderbolt,Psychic,HelpingHand|Relaxed||F|||50|]Ampharos||Ampharosite|Static|Thunderbolt,DragonPulse,Protect,FocusBlast|Brave||F|||50|]Vileplume||FocusSash|Chlorophyll|SleepPowder,SludgeBomb,EnergyBall,AfterYou|Timid||M|||50|]Torkoal||Charcoal|Drought|Eruption,WeatherBall,EarthPower,Protect|Quiet||M|||50|
|showteam|p2|Charizard||CharizarditeY|SolarPower|Protect,HeatWave,SolarBeam,WeatherBall|Timid||F|||50|]Basculegion||MysticWater|Adaptability|Protect,AquaJet,LastRespects,WaveCrash|Adamant||M|||50|]Metagross||Metagrossite|ClearBody|Protect,IronHead,Earthquake,PsychicFangs|Jolly|||||50|]Whimsicott||FocusSash|Prankster|Protect,Tailwind,Encore,Moonblast|Timid||F|||50|]Garchomp||LifeOrb|RoughSkin|Protect,RockSlide,Earthquake,DragonClaw|Jolly||M|||50|]Incineroar||SitrusBerry|Intimidate|FakeOut,PartingShot,FlareBlitz,DarkestLariat|Impish||M|||50|
|inactive|Battle timer is ON: inactive players will automatically lose when time's up. (requested by greater basilisk)
|inactive|lolgz also wants the timer to be on.
|inactive|lolgz has 60 seconds left.
|inactive|greater basilisk has 60 seconds left.
|
|t:|1782429332
|teamsize|p1|4
|teamsize|p2|4
|start
|switch|p1a: Farigiraf|Farigiraf, L50, F|100/100
|switch|p1b: Sneasler|Sneasler, L50, M|100/100
|switch|p2a: Charizard|Charizard, L50, F|100/100
|switch|p2b: Incineroar|Incineroar, L50, M|100/100
|-ability|p2b: Incineroar|Intimidate|boost
|-unboost|p1a: Farigiraf|atk|1
|-unboost|p1b: Sneasler|atk|1
|turn|1
|
|t:|1782429348
|detailschange|p2a: Charizard|Charizard-Mega-Y, L50, F
|-mega|p2a: Charizard|Charizard|Charizardite Y
|-weather|SunnyDay|[from] ability: Drought|[of] p2a: Charizard
|move|p1b: Sneasler|Fake Out|p2a: Charizard
|-damage|p2a: Charizard|87/100
|-status|p2a: Charizard|psn|[from] ability: Poison Touch|[of] p1b: Sneasler
|cant|p2a: Charizard|flinch
|move|p2b: Incineroar|Darkest Lariat|p1a: Farigiraf
|-supereffective|p1a: Farigiraf|1
|-damage|p1a: Farigiraf|47/100
|-enditem|p1a: Farigiraf|Sitrus Berry|[eat]
|-heal|p1a: Farigiraf|71/100|[from] item: Sitrus Berry
|move|p1a: Farigiraf|Trick Room|p1a: Farigiraf
|-fieldstart|move: Trick Room|[of] p1a: Farigiraf
|
|-weather|SunnyDay|[upkeep]
|-damage|p2a: Charizard|75/100 psn|[from] psn
|upkeep
|turn|2
|
|t:|1782429371
|switch|p2a: Garchomp|Garchomp, L50, M|100/100
|move|p1a: Farigiraf|Helping Hand|p1b: Sneasler
|-singleturn|p1b: Sneasler|Helping Hand|[of] p1a: Farigiraf
|move|p1b: Sneasler|Close Combat|p2b: Incineroar
|-supereffective|p2b: Incineroar|1
|-damage|p2b: Incineroar|0 fnt
|-unboost|p1b: Sneasler|def|1
|-unboost|p1b: Sneasler|spd|1
|faint|p2b: Incineroar
|
|-weather|SunnyDay|[upkeep]
|upkeep
|
|t:|1782429378
|switch|p2b: Basculegion|Basculegion, L50, M|100/100
|turn|3
|
|t:|1782429383
|move|p2b: Basculegion|Protect|p2b: Basculegion
|-singleturn|p2b: Basculegion|Protect
|move|p1b: Sneasler|Close Combat|p2a: Garchomp
|-damage|p2a: Garchomp|57/100
|-unboost|p1b: Sneasler|def|1
|-unboost|p1b: Sneasler|spd|1
|-damage|p1b: Sneasler|87/100|[from] ability: Rough Skin|[of] p2a: Garchomp
|move|p1a: Farigiraf|Thunderbolt|p2b: Basculegion
|-activate|p2b: Basculegion|move: Protect
|move|p2a: Garchomp|Earthquake|p1a: Farigiraf|[spread] p1a,p1b
|-activate|p2b: Basculegion|move: Protect
|-supereffective|p1b: Sneasler|1
|-damage|p1a: Farigiraf|33/100
|-damage|p1b: Sneasler|0 fnt
|faint|p1b: Sneasler
|-damage|p2a: Garchomp|47/100|[from] item: Life Orb
|
|-weather|SunnyDay|[upkeep]
|upkeep
|
|t:|1782429386
|switch|p1b: Ampharos|Ampharos, L50, F|100/100
|turn|4
|inactive|greater basilisk has 30 seconds left.
|
|t:|1782429414
|detailschange|p1b: Ampharos|Ampharos-Mega, L50, F
|-mega|p1b: Ampharos|Ampharos|Ampharosite
|-ability|p1b: Ampharos|Mold Breaker
|move|p1b: Ampharos|Thunderbolt|p2b: Basculegion
|-supereffective|p2b: Basculegion|1
|-damage|p2b: Basculegion|0 fnt
|faint|p2b: Basculegion
|move|p1a: Farigiraf|Psychic|p2a: Garchomp
|-damage|p2a: Garchomp|8/100
|move|p2a: Garchomp|Earthquake|p1b: Ampharos|[spread] p1a,p1b
|-crit|p1a: Farigiraf
|-supereffective|p1b: Ampharos|1
|-damage|p1a: Farigiraf|0 fnt
|-damage|p1b: Ampharos|11/100
|faint|p1a: Farigiraf
|-damage|p2a: Garchomp|0 fnt|[from] item: Life Orb
|faint|p2a: Garchomp
|
|-weather|SunnyDay|[upkeep]
|upkeep
|
|t:|1782429421
|switch|p1a: Torkoal|Torkoal, L50, M|100/100
|switch|p2b: Charizard|Charizard-Mega-Y, L50, F|75/100 psn
|turn|5
|
|t:|1782429425
|move|p2b: Charizard|Protect|p2b: Charizard
|-singleturn|p2b: Charizard|Protect
|move|p1a: Torkoal|Weather Ball|p2b: Charizard
|-activate|p2b: Charizard|move: Protect
|move|p1b: Ampharos|Thunderbolt|p2b: Charizard
|-activate|p2b: Charizard|move: Protect
|
|-weather|none
|-damage|p2b: Charizard|63/100 psn|[from] psn
|-fieldend|move: Trick Room
|upkeep
|turn|6
|
|t:|1782429434
|move|p1b: Ampharos|Protect|p1b: Ampharos
|-singleturn|p1b: Ampharos|Protect
|move|p2b: Charizard|Heat Wave|p1a: Torkoal|[spread] p1a
|-activate|p1b: Ampharos|move: Protect
|-resisted|p1a: Torkoal|1
|-damage|p1a: Torkoal|73/100
|move|p1a: Torkoal|Eruption|p2b: Charizard
|-resisted|p2b: Charizard|1
|-damage|p2b: Charizard|39/100 psn
|
|-damage|p2b: Charizard|27/100 psn|[from] psn
|upkeep
|turn|7
|
|t:|1782429438
|move|p2b: Charizard|Heat Wave|p1b: Ampharos|[spread] p1a,p1b
|-resisted|p1a: Torkoal|1
|-resisted|p1b: Ampharos|1
|-damage|p1a: Torkoal|46/100
|-damage|p1b: Ampharos|0 fnt
|faint|p1b: Ampharos
|move|p1a: Torkoal|Eruption|p2b: Charizard
|-resisted|p2b: Charizard|1
|-damage|p2b: Charizard|9/100 psn
|
|-damage|p2b: Charizard|0 fnt|[from] psn
|faint|p2b: Charizard
|
|win|lolgz
