|j|☆tortilla sorpresa
|j|☆Llama_Llord
|html|tortilla sorpresaLlama_Llord    
|uhtml|bestof|Game 3 of a best-of-3
|t:|1756203895
|gametype|doubles
|player|p1|tortilla sorpresa|ghetsis-gen5bw|1085
|player|p2|Llama_Llord|102|1110
|gen|9
|tier|[Gen 9] VGC 2025 Reg H (Bo3)
|rated|
|rule|Species Clause: Limit one of each Pokémon
|rule|Item Clause: Limit 1 of each item
|clearpoke
|poke|p1|Archaludon, L50, M|
|poke|p1|Pelipper, L50, M|
|poke|p1|Gholdengo, L50|
|poke|p1|Basculegion, L50, M|
|poke|p1|Amoonguss, L50, M|
|poke|p1|Incineroar, L50, M|
|poke|p2|Meowscarada, L50, F|
|poke|p2|Primarina, L50, F|
|poke|p2|Indeedee, L50, M|
|poke|p2|Sneasler, L50, M|
|poke|p2|Tatsugiri, L50, F|
|poke|p2|Arcanine-Hisui, L50, M|
|teampreview|4
|showteam|p1|Archaludon||AssaultVest|Stamina|DracoMeteor,FlashCannon,ElectroShot,BodyPress|||M|||50|,,,,,Grass]Pelipper||FocusSash|Drizzle|Protect,WeatherBall,Hurricane,Tailwind|||M|||50|,,,,,Stellar]Gholdengo||LifeOrb|GoodasGold|Protect,MakeItRain,ShadowBall,NastyPlot||||||50|,,,,,Water]Basculegion||ChoiceBand|SwiftSwim|FlipTurn,WaveCrash,AquaJet,LastRespects|||M|||50|,,,,,Grass]Amoonguss||SitrusBerry|Regenerator|Spore,RagePowder,PollenPuff,Protect|||M|||50|,,,,,Water]Incineroar||SafetyGoggles|Intimidate|FlareBlitz,KnockOff,PartingShot,FakeOut|||M|||50|,,,,,Ghost
|showteam|p2|Meowscarada||FocusSash|Overgrow|GrassPledge,KnockOff,FlowerTrick,Protect|||F|||50|,,,,,Fairy]Primarina||LifeOrb|LiquidVoice|WaterPledge,HyperVoice,Moonblast,Protect|||F|||50|,,,,,Poison]Indeedee||SafetyGoggles|PsychicSurge|ExpandingForce,Protect,TrickRoom,Imprison|||M|||50|,,,,,Fire]Sneasler||PsychicSeed|Unburden|DireClaw,CloseCombat,ThroatChop,Protect|||M|||50|,,,,,Stellar]Tatsugiri||AssaultVest|StormDrain|DracoMeteor,IcyWind,TeraBlast,Surf|||F|||50|,,,,,Ground]Arcanine-Hisui||ClearAmulet|Intimidate|Bulldoze,FlareBlitz,RockSlide,Protect|||M|||50|,,,,,Grass
|inactive|Battle timer is ON: inactive players will automatically lose when time's up. (requested by Llama_Llord)
|inactive|tortilla sorpresa also wants the timer to be on.
|inactive|tortilla sorpresa has 60 seconds left.
|
|t:|1756203927
|teamsize|p1|4
|teamsize|p2|4
|start
|switch|p1a: Pelipper|Pelipper, L50, M, shiny|100/100
|switch|p1b: Incineroar|Incineroar, L50, M|100/100
|switch|p2a: Indeedee|Indeedee, L50, M|100/100
|switch|p2b: Sneasler|Sneasler, L50, M|100/100
|-fieldstart|move: Psychic Terrain|[from] ability: Psychic Surge|[of] p2a: Indeedee
|-enditem|p2b: Sneasler|Psychic Seed
|-boost|p2b: Sneasler|spd|1|[from] item: Psychic Seed
|-weather|RainDance|[from] ability: Drizzle|[of] p1a: Pelipper
|-ability|p1b: Incineroar|Intimidate|boost
|-unboost|p2a: Indeedee|atk|1
|-unboost|p2b: Sneasler|atk|1
|turn|1
|
|t:|1756203940
|switch|p2a: Fiona|Primarina, L50, F|100/100
|-terastallize|p1b: Incineroar|Ghost
|move|p2b: Sneasler|Dire Claw|p1a: Pelipper
|-damage|p1a: Pelipper|56/100
|move|p1a: Pelipper|Hurricane|p2b: Sneasler
|-supereffective|p2b: Sneasler
|-damage|p2b: Sneasler|6/100
|move|p1b: Incineroar|Knock Off|p2a: Fiona
|-resisted|p2a: Fiona
|-damage|p2a: Fiona|74/100
|-enditem|p2a: Fiona|Life Orb|[from] move: Knock Off|[of] p1b: Incineroar
|
|-weather|RainDance|[upkeep]
|upkeep
|turn|2
|
|t:|1756203959
|move|p2b: Sneasler|Throat Chop|p1b: Incineroar
|-supereffective|p1b: Incineroar
|-damage|p1b: Incineroar|60/100
|-start|p1b: Incineroar|Throat Chop|[silent]
|move|p1a: Pelipper|Tailwind|p1a: Pelipper
|-sidestart|p1: tortilla sorpresa|move: Tailwind
|cant|p1b: Incineroar|move: Throat Chop
|move|p2a: Fiona|Hyper Voice|p1a: Pelipper|[spread] p1a,p1b
|-resisted|p1a: Pelipper
|-damage|p1a: Pelipper|7/100
|-damage|p1b: Incineroar|3/100
|
|-weather|RainDance|[upkeep]
|upkeep
|turn|3
|
|t:|1756203978
|switch|p1b: Archaludon|Archaludon, L50, M, shiny|100/100
|move|p2a: Fiona|Protect|p2a: Fiona
|-singleturn|p2a: Fiona|Protect
|move|p2b: Sneasler|Dire Claw|p1a: Pelipper
|-damage|p1a: Pelipper|0 fnt
|faint|p1a: Pelipper
|
|-weather|RainDance|[upkeep]
|upkeep
|
|t:|1756203987
|switch|p1a: Basculegion|Basculegion, L50, M, shiny|100/100
|turn|4
|inactive|Llama_Llord has 30 seconds left.
|
|t:|1756204019
|switch|p2a: Tatsugiri|Tatsugiri, L50, F|100/100
|move|p2b: Sneasler|Protect|p2b: Sneasler
|-singleturn|p2b: Sneasler|Protect
|move|p1a: Basculegion|Flip Turn|p2a: Tatsugiri
|-activate|p2a: Tatsugiri|ability: Storm Drain
|-ability|p2a: Tatsugiri|Storm Drain|boost
|-boost|p2a: Tatsugiri|spa|1
|move|p1b: Archaludon|Electro Shot||[still]
|-prepare|p1b: Archaludon|Electro Shot
|-boost|p1b: Archaludon|spa|1
|-anim|p1b: Archaludon|Electro Shot|p2a: Tatsugiri
|-damage|p2a: Tatsugiri|45/100
|
|-weather|RainDance|[upkeep]
|upkeep
|turn|5
|inactive|Llama_Llord has 30 seconds left.
|inactive|tortilla sorpresa has 30 seconds left.
|
|t:|1756204054
|switch|p1a: Incineroar|Incineroar, L50, M, tera:Ghost|3/100
|-ability|p1a: Incineroar|Intimidate|boost
|-unboost|p2a: Tatsugiri|atk|1
|-unboost|p2b: Sneasler|atk|1
|-terastallize|p2b: Sneasler|Stellar
|move|p2b: Sneasler|Close Combat|p1b: Archaludon
|-supereffective|p1b: Archaludon
|-damage|p1b: Archaludon|28/100
|-unboost|p2b: Sneasler|def|1
|-unboost|p2b: Sneasler|spd|1
|-ability|p1b: Archaludon|Stamina|boost
|-boost|p1b: Archaludon|def|1
|move|p1b: Archaludon|Body Press|p2a: Tatsugiri
|-damage|p2a: Tatsugiri|0 fnt
|faint|p2a: Tatsugiri
|
|-weather|none
|-sideend|p1: tortilla sorpresa|move: Tailwind
|-fieldend|move: Psychic Terrain
|upkeep
|
|t:|1756204071
|switch|p2a: Indeedee|Indeedee, L50, M|100/100
|-fieldstart|move: Psychic Terrain|[from] ability: Psychic Surge|[of] p2a: Indeedee
|turn|6
|
|t:|1756204083
|switch|p1b: Basculegion|Basculegion, L50, M, shiny|100/100
|move|p2b: Sneasler|Throat Chop|p1b: Basculegion
|-supereffective|p1b: Basculegion
|-damage|p1b: Basculegion|57/100
|-start|p1b: Basculegion|Throat Chop|[silent]
|move|p2a: Indeedee|Expanding Force|p1a: Incineroar|[spread] p1a,p1b
|-damage|p1a: Incineroar|0 fnt
|-damage|p1b: Basculegion|1/100
|faint|p1a: Incineroar
|
|upkeep
|
|t:|1756204089
|switch|p1a: Archaludon|Archaludon, L50, M, shiny|28/100
|turn|7
|
|t:|1756204095
|move|p2b: Sneasler|Throat Chop|p1b: Basculegion
|-supereffective|p1b: Basculegion
|-damage|p1b: Basculegion|0 fnt
|faint|p1b: Basculegion
|move|p2a: Indeedee|Expanding Force|p1a: Archaludon
|-resisted|p1a: Archaludon
|-damage|p1a: Archaludon|2/100
|-ability|p1a: Archaludon|Stamina|boost
|-boost|p1a: Archaludon|def|1
|move|p1a: Archaludon|Body Press|p2a: Indeedee
|-damage|p2a: Indeedee|30/100
|
|upkeep
|turn|8
|
|t:|1756204107
|move|p2b: Sneasler|Close Combat|p1a: Archaludon
|-supereffective|p1a: Archaludon
|-damage|p1a: Archaludon|0 fnt
|-unboost|p2b: Sneasler|def|1
|-unboost|p2b: Sneasler|spd|1
|faint|p1a: Archaludon
|
|win|Llama_Llord
|raw|tortilla sorpresa's rating: 1085 → 1064(-21 for losing)
|raw|Llama_Llord's rating: 1110 → 1133(+23 for winning)
