|j|☆gymprincess99
|j|☆Gohma
|html|gymprincess99Gohma    
|uhtml|bestof|Game 1 of a best-of-3
|t:|1785634667
|gametype|doubles
|player|p1|gymprincess99|dawn|
|player|p2|Gohma|169|
|gen|9
|tier|[Gen 9 Champions] VGC 2026 Reg M-B (Bo3)
|rule|Species Clause: Limit one of each Pokémon
|rule|Item Clause: Limit 1 of each item
|clearpoke
|poke|p1|Froslass, L50, F, shiny|
|poke|p1|Scovillain, L50, M, shiny|
|poke|p1|Basculegion, L50, M|
|poke|p1|Kingambit, L50, M, shiny|
|poke|p1|Sneasler, L50, F, shiny|
|poke|p1|Lycanroc-Dusk, L50, F|
|poke|p2|Gardevoir, L50, F|
|poke|p2|Garchomp, L50, M|
|poke|p2|Talonflame, L50, F|
|poke|p2|Maushold, L50|
|poke|p2|Basculegion, L50, M|
|poke|p2|Kingambit, L50, F|
|teampreview|4
|showteam|p1|Froslass||Froslassite|SnowCloak|Blizzard,ShadowBall,AuroraVeil,Protect|Modest||F|||50|]Scovillain||Scovillainite|Moody|GigaDrain,Overheat,RagePowder,Protect|Bold||M|||50|]Basculegion||SitrusBerry|Adaptability|WaveCrash,LastRespects,AquaJet,Protect|Adamant||M|||50|]Kingambit||BlackGlasses|Defiant|KowtowCleave,SuckerPunch,SwordsDance,Protect|Adamant||M|||50|]Sneasler||WhiteHerb|Unburden|GunkShot,CloseCombat,FakeOut,Protect|Adamant||F|||50|]Lycanroc-Dusk||FocusSash|ToughClaws|RockSlide,CloseCombat,Accelerock,Protect|Adamant||F|||50|
|showteam|p2|Gardevoir||Gardevoirite|Telepathy|Psyshock,HyperVoice,TrickRoom,Protect|Modest||F|||50|]Garchomp||LifeOrb|RoughSkin|StompingTantrum,Earthquake,RockSlide,Protect|Jolly||M|||50|]Talonflame||SharpBeak|GaleWings|FlareBlitz,DualWingbeat,Tailwind,Protect|Jolly||F|||50|]Maushold||ChopleBerry|FriendGuard|SuperFang,FollowMe,Taunt,Protect|Impish|||||50|]Basculegion||MysticWater|Adaptability|WaveCrash,LastRespects,AquaJet,Protect|Adamant||M|||50|]Kingambit||FocusSash|Defiant|KowtowCleave,SuckerPunch,LowKick,IronHead|Adamant||F|||50|
|
|t:|1785634822
|teamsize|p1|4
|teamsize|p2|4
|start
|switch|p1a: Froslass|Froslass, L50, F, shiny|100/100
|switch|p1b: Lycanroc|Lycanroc-Dusk, L50, F|100/100
|switch|p2a: Maushold|Maushold, L50|100/100
|switch|p2b: Basculegion|Basculegion, L50, M|100/100
|turn|1
|
|t:|1785634964
|detailschange|p1a: Froslass|Froslass-Mega, L50, F, shiny
|-mega|p1a: Froslass|Froslass|Froslassite
|-weather|Snowscape|[from] ability: Snow Warning|[of] p1a: Froslass
|move|p1a: Froslass|Shadow Ball|p2b: Basculegion
|-supereffective|p2b: Basculegion|1
|-damage|p2b: Basculegion|34/100
|move|p1b: Lycanroc|Close Combat|p2a: Maushold
|-supereffective|p2a: Maushold|1
|-enditem|p2a: Maushold|Chople Berry|[eat]
|-enditem|p2a: Maushold|Chople Berry|[weaken]
|-damage|p2a: Maushold|44/100
|-unboost|p1b: Lycanroc|def|1
|-unboost|p1b: Lycanroc|spd|1
|move|p2a: Maushold|Super Fang|p1b: Lycanroc
|-damage|p1b: Lycanroc|50/100y
|move|p2b: Basculegion|Wave Crash|p1b: Lycanroc
|-supereffective|p1b: Lycanroc|1
|-damage|p1b: Lycanroc|0 fnt
|faint|p1b: Lycanroc
|-damage|p2b: Basculegion|21/100|[from] Recoil
|
|-weather|Snowscape|[upkeep]
|upkeep
|
|t:|1785634994
|switch|p1b: Sneasler|Sneasler, L50, F, shiny|100/100
|turn|2
|
|t:|1785635076
|move|p2a: Maushold|Protect|p2a: Maushold
|-singleturn|p2a: Maushold|Protect
|move|p2b: Basculegion|Protect|p2b: Basculegion
|-singleturn|p2b: Basculegion|Protect
|move|p1b: Sneasler|Fake Out|p2a: Maushold
|-activate|p2a: Maushold|move: Protect
|move|p1a: Froslass|Blizzard|p2b: Basculegion|[spread] 
|-activate|p2a: Maushold|move: Protect
|-activate|p2b: Basculegion|move: Protect
|
|-weather|Snowscape|[upkeep]
|upkeep
|turn|3
|
|t:|1785635177
|move|p2a: Maushold|Follow Me|p2a: Maushold
|-singleturn|p2a: Maushold|move: Follow Me
|move|p1a: Froslass|Blizzard|p2a: Maushold|[spread] p2a,p2b
|-resisted|p2b: Basculegion|1
|-damage|p2a: Maushold|1/100
|-damage|p2b: Basculegion|5/100
|move|p1b: Sneasler|Gunk Shot|p2a: Maushold|[miss]
|-miss|p1b: Sneasler|p2a: Maushold
|move|p2b: Basculegion|Wave Crash|p1a: Froslass
|-damage|p1a: Froslass|8/100
|-damage|p2b: Basculegion|0 fnt|[from] Recoil
|faint|p2b: Basculegion
|
|-weather|Snowscape|[upkeep]
|upkeep
|
|t:|1785635197
|switch|p2b: Gardevoir|Gardevoir, L50, F|100/100
|turn|4
|
|t:|1785635216
|detailschange|p2b: Gardevoir|Gardevoir-Mega, L50, F
|-mega|p2b: Gardevoir|Gardevoir|Gardevoirite
|move|p2a: Maushold|Follow Me|p2a: Maushold
|-singleturn|p2a: Maushold|move: Follow Me
|move|p1a: Froslass|Blizzard|p2b: Gardevoir|[spread] p2a,p2b
|-damage|p2a: Maushold|0 fnt
|-damage|p2b: Gardevoir|75/100
|-status|p2b: Gardevoir|frz
|faint|p2a: Maushold
|move|p1b: Sneasler|Gunk Shot|p2b: Gardevoir|[miss]
|-miss|p1b: Sneasler|p2b: Gardevoir
|cant|p2b: Gardevoir|frz
|
|-weather|Snowscape|[upkeep]
|upkeep
|
|t:|1785635230
|switch|p2a: Kingambit|Kingambit, L50, F|100/100
|turn|5
|
|t:|1785635296
|move|p1a: Froslass|Aurora Veil|p1a: Froslass
|-sidestart|p1: gymprincess99|move: Aurora Veil
|move|p1b: Sneasler|Close Combat|p2a: Kingambit
|-supereffective|p2a: Kingambit|2
|-enditem|p2a: Kingambit|Focus Sash
|-damage|p2a: Kingambit|1/100
|-unboost|p1b: Sneasler|def|1
|-unboost|p1b: Sneasler|spd|1
|-enditem|p1b: Sneasler|White Herb
|-clearnegativeboost|p1b: Sneasler|[silent]
|cant|p2b: Gardevoir|frz
|move|p2a: Kingambit|Kowtow Cleave|p1a: Froslass
|-supereffective|p1a: Froslass|1
|-damage|p1a: Froslass|0 fnt
|faint|p1a: Froslass
|
|-weather|none
|upkeep
|
|t:|1785635308
|switch|p1a: Kingambit|Kingambit, L50, M, shiny|100/100
|turn|6
|
|t:|1785635335
|move|p1a: Kingambit|Sucker Punch|p2a: Kingambit
|-resisted|p2a: Kingambit|1
|-damage|p2a: Kingambit|0 fnt
|faint|p2a: Kingambit
|move|p1b: Sneasler|Gunk Shot|p2b: Gardevoir
|-supereffective|p2b: Gardevoir|1
|-damage|p2b: Gardevoir|0 fnt
|faint|p2b: Gardevoir
|
|win|gymprincess99
|inactive|gymprincess99 has 30 seconds to confirm battle start!
|inactive|Gohma has 30 seconds to confirm battle start!
||Gohma is ready for game 2.
|inactive|gymprincess99 has 20 seconds to confirm battle start!
|inactive|gymprincess99 has 10 seconds to confirm battle start!
