|j|☆Dougtrio is bad
|j|☆Quill86
|html|Dougtrio is badQuill86    
|uhtml|bestof|Game 1 of a best-of-3
|t:|1756258913
|gametype|doubles
|player|p1|Dougtrio is bad|170|1213
|player|p2|Quill86|lucas|1287
|gen|9
|tier|[Gen 9] VGC 2025 Reg H (Bo3)
|rated|
|rule|Species Clause: Limit one of each Pokémon
|rule|Item Clause: Limit 1 of each item
|clearpoke
|poke|p1|Archaludon, L50, F|
|poke|p1|Pelipper, L50, F|
|poke|p1|Ursaluna-Bloodmoon, L50, M|
|poke|p1|Basculegion, L50, M|
|poke|p1|Dragapult, L50, F|
|poke|p1|Whimsicott, L50, M|
|poke|p2|Indeedee-F, L50, F|
|poke|p2|Gallade, L50, M|
|poke|p2|Torkoal, L50, F|
|poke|p2|Ursaluna, L50, M|
|poke|p2|Hatterene, L50, F|
|poke|p2|Smeargle, L50, M|
|teampreview|4
|showteam|p1|Archaludon||AssaultVest|Stamina|ElectroShot,FlashCannon,BodyPress,DracoMeteor|||F|||50|,,,,,Grass]Pelipper||SitrusBerry|Drizzle|Tailwind,WeatherBall,Hurricane,WideGuard|||F|||50|,,,,,Ghost]Ursaluna-Bloodmoon||LifeOrb|MindsEye|BloodMoon,HyperVoice,EarthPower,Protect|||M|||50|,,,,,Normal]Basculegion||SafetyGoggles|SwiftSwim|WaveCrash,AquaJet,LastRespects,Protect|||M|||50|,,,,,Water]Dragapult||FocusSash|ClearBody|DragonDarts,TeraBlast,PhantomForce,Protect|||F|||50|,,,,,Ground]Whimsicott||CovertCloak|Prankster|Tailwind,Encore,Moonblast,FakeTears|||M|||50|,,,,,Dark
|showteam|p2|Indeedee-F||PsychicSeed|PsychicSurge|FollowMe,TrickRoom,HelpingHand,DazzlingGleam|||F|||50|,,,,,Fairy]Gallade||ClearAmulet|Sharpness|SacredSword,PsychoCut,WideGuard,TrickRoom|||M|||50|,,,,,Grass]Torkoal||ChoiceSpecs|Drought|Eruption,WeatherBall,EarthPower,HeatWave|||F|||50|,,,,,Fire]Ursaluna||FlameOrb|Guts|Protect,HeadlongRush,Facade,Earthquake|||M|||50|,,,,,Ghost]Hatterene||LifeOrb|MagicBounce|DazzlingGleam,ExpandingForce,MysticalFire,TrickRoom|||F|||50|,,,,,Fire]Smeargle||FocusSash|Moody|FakeOut,Spore,Decorate,FollowMe|||M|||50|,,,,,Ghost
|inactive|Battle timer is ON: inactive players will automatically lose when time's up. (requested by Quill86)
|
|t:|1756258952
|teamsize|p1|4
|teamsize|p2|4
|start
|switch|p1a: Pelipper|Pelipper, L50, F|100/100
|switch|p1b: Basculegion|Basculegion, L50, M|100/100
|switch|p2a: Indeedee|Indeedee-F, L50, F|100/100
|switch|p2b: Gallade|Gallade, L50, M|100/100
|-fieldstart|move: Psychic Terrain|[from] ability: Psychic Surge|[of] p2a: Indeedee
|-enditem|p2a: Indeedee|Psychic Seed
|-boost|p2a: Indeedee|spd|1|[from] item: Psychic Seed
|-weather|RainDance|[from] ability: Drizzle|[of] p1a: Pelipper
|turn|1
|
|t:|1756258974
|switch|p2b: Torkoal|Torkoal, L50, F|100/100
|-weather|SunnyDay|[from] ability: Drought|[of] p2b: Torkoal
|-terastallize|p1b: Basculegion|Water
|move|p1b: Basculegion|Wave Crash|p2a: Indeedee
|-crit|p2a: Indeedee
|-damage|p2a: Indeedee|45/100
|-damage|p1b: Basculegion|84/100|[from] Recoil
|move|p1a: Pelipper|Hurricane|p2b: Torkoal|[miss]
|-miss|p1a: Pelipper|p2b: Torkoal
|move|p2a: Indeedee|Trick Room|p2a: Indeedee
|-fieldstart|move: Trick Room|[of] p2a: Indeedee
|
|-weather|SunnyDay|[upkeep]
|upkeep
|turn|2
|
|t:|1756258995
|switch|p2a: Hatterene|Hatterene, L50, F|100/100
|move|p1a: Pelipper|Wide Guard|p1a: Pelipper
|-singleturn|p1a: Pelipper|Wide Guard
|move|p2b: Torkoal|Weather Ball|p1b: Basculegion
|-resisted|p1b: Basculegion
|-damage|p1b: Basculegion|25/100
|move|p1b: Basculegion|Wave Crash|p2a: Hatterene
|-damage|p2a: Hatterene|58/100
|-damage|p1b: Basculegion|13/100|[from] Recoil
|
|-weather|SunnyDay|[upkeep]
|upkeep
|turn|3
|inactive|Dougtrio is bad has 30 seconds left.
|
|t:|1756259024
|move|p1b: Basculegion|Protect|p1b: Basculegion
|-singleturn|p1b: Basculegion|Protect
|move|p2b: Torkoal|Weather Ball|p1b: Basculegion
|-activate|p1b: Basculegion|move: Protect
|move|p2a: Hatterene|Mystical Fire|p1a: Pelipper
|-resisted|p1a: Pelipper
|-damage|p1a: Pelipper|64/100
|-unboost|p1a: Pelipper|spa|1
|-damage|p2a: Hatterene|48/100|[from] item: Life Orb
|move|p1a: Pelipper|Weather Ball|p2a: Hatterene
|-damage|p2a: Hatterene|13/100
|
|-weather|SunnyDay|[upkeep]
|upkeep
|turn|4
|inactive|Dougtrio is bad has 30 seconds left.
|inactive|Dougtrio is bad has 20 seconds left.
|
|t:|1756259063
|switch|p1a: Ursaluna|Ursaluna-Bloodmoon, L50, M|100/100
|move|p2b: Torkoal|Weather Ball|p1a: Ursaluna
|-damage|p1a: Ursaluna|0 fnt
|faint|p1a: Ursaluna
|move|p2a: Hatterene|Mystical Fire|p1b: Basculegion
|-resisted|p1b: Basculegion
|-damage|p1b: Basculegion|0 fnt
|faint|p1b: Basculegion
|-damage|p2a: Hatterene|4/100|[from] item: Life Orb
|
|-weather|SunnyDay|[upkeep]
|upkeep
|
|t:|1756259073
|switch|p1a: Pelipper|Pelipper, L50, F|64/100
|switch|p1b: Archaludon|Archaludon, L50, F|100/100
|-weather|RainDance|[from] ability: Drizzle|[of] p1a: Pelipper
|turn|5
|inactive|Quill86 has 30 seconds left.
|
|t:|1756259101
|switch|p2b: Indeedee|Indeedee-F, L50, F|45/100
|move|p2a: Hatterene|Mystical Fire|p1b: Archaludon
|-damage|p1b: Archaludon|85/100
|-unboost|p1b: Archaludon|spa|1
|-ability|p1b: Archaludon|Stamina|boost
|-boost|p1b: Archaludon|def|1
|-damage|p2a: Hatterene|0 fnt|[from] item: Life Orb
|faint|p2a: Hatterene
|move|p1a: Pelipper|Hurricane|p2b: Indeedee
|-damage|p2b: Indeedee|0 fnt
|faint|p2b: Indeedee
|move|p1b: Archaludon|Electro Shot||[still]
|-prepare|p1b: Archaludon|Electro Shot
|-boost|p1b: Archaludon|spa|1
|-anim|p1b: Archaludon|Electro Shot|p2: Hatterene|[notarget]
|-fail|p1b: Archaludon
|
|-weather|RainDance|[upkeep]
|-fieldend|move: Trick Room
|-fieldend|move: Psychic Terrain
|upkeep
|
|t:|1756259114
|switch|p2b: Gallade|Gallade, L50, M|100/100
|switch|p2a: Torkoal|Torkoal, L50, F|100/100
|-weather|SunnyDay|[from] ability: Drought|[of] p2a: Torkoal
|turn|6
|
|t:|1756259136
|-terastallize|p2a: Torkoal|Fire
|move|p1b: Archaludon|Draco Meteor|p2a: Torkoal
|-damage|p2a: Torkoal|7/100
|-unboost|p1b: Archaludon|spa|2
|move|p1a: Pelipper|Weather Ball|p2a: Torkoal
|-resisted|p2a: Torkoal
|-damage|p2a: Torkoal|0 fnt
|faint|p2a: Torkoal
|move|p2b: Gallade|Sacred Sword|p1b: Archaludon
|-supereffective|p1b: Archaludon
|-damage|p1b: Archaludon|0 fnt
|faint|p1b: Archaludon
|
|-weather|SunnyDay|[upkeep]
|upkeep
|turn|7
|
|t:|1756259148
|move|p1a: Pelipper|Weather Ball|p2b: Gallade
|-damage|p2b: Gallade|59/100
|move|p2b: Gallade|Psycho Cut|p1a: Pelipper
|-damage|p1a: Pelipper|4/100
|-enditem|p1a: Pelipper|Sitrus Berry|[eat]
|-heal|p1a: Pelipper|28/100|[from] item: Sitrus Berry
|
|-weather|SunnyDay|[upkeep]
|upkeep
|turn|8
|
|t:|1756259157
|move|p1a: Pelipper|Hurricane|p2b: Gallade|[miss]
|-miss|p1a: Pelipper|p2b: Gallade
|move|p2b: Gallade|Psycho Cut|p1a: Pelipper
|-damage|p1a: Pelipper|0 fnt
|faint|p1a: Pelipper
|
|win|Quill86
||Quill86 is ready for game 2.
||Dougtrio is bad is ready for game 2.
|uhtml|next|Next: Game 2 of 3
|l|☆Dougtrio is bad
|player|p1|
