|j|☆TurtleGamin2
|j|☆rknsx17
|html|TurtleGamin2rknsx17    
|uhtml|bestof|Game 1 of a best-of-3
|t:|1783469162
|gametype|doubles
|player|p1|TurtleGamin2|wallace|1000
|player|p2|rknsx17|steven|1143
|gen|9
|tier|[Gen 9 Champions] VGC 2026 Reg M-B (Bo3)
|rated|
|rule|Species Clause: Limit one of each Pokémon
|rule|Item Clause: Limit 1 of each item
|clearpoke
|poke|p1|Scizor, L50, F|
|poke|p1|Floette-Eternal, L50, F|
|poke|p1|Maushold-Four, L50|
|poke|p1|Altaria, L50, M|
|poke|p1|Annihilape, L50, M|
|poke|p1|Araquanid, L50, M|
|poke|p2|Blaziken, L50, F|
|poke|p2|Kingambit, L50, M|
|poke|p2|Torkoal, L50, F|
|poke|p2|Aerodactyl, L50, F|
|poke|p2|Primarina, L50, M|
|poke|p2|Scizor, L50, F|
|teampreview|4
|showteam|p1|Scizor||Scizorite|Technician|BugBite,BulletPunch,SwordsDance,Protect|Adamant||F|||50|]Floette-Eternal||Floettite|FlowerVeil|Moonblast,DazzlingGleam,CalmMind,Protect|Modest||F|||50|]Maushold-Four||WideLens|FriendGuard|PopulationBomb,BeatUp,Protect,FollowMe|Serious|||||50|]Altaria||SitrusBerry|CloudNine|DragonPulse,Tailwind,Haze,Protect|Calm||M|||50|]Annihilape||LifeOrb|Defiant|RageFist,CloseCombat,DrainPunch,Protect|Jolly||M|||50|]Araquanid||Leftovers|WaterBubble|Liquidation,LeechLife,StickyWeb,Protect|Careful||M|||50|
|showteam|p2|Blaziken||Blazikenite|SpeedBoost|FlareBlitz,CloseCombat,RockSlide,Protect|Adamant||F|||50|]Kingambit||LifeOrb|Defiant|KowtowCleave,IronHead,LowKick,SuckerPunch|Adamant||M|||50|]Torkoal||Leftovers|Drought|BurningJealousy,Yawn,WeatherBall,Protect|Relaxed||F|||50|]Aerodactyl||FocusSash|Unnerve|DualWingbeat,WideGuard,Tailwind,RockSlide|Jolly||F|||50|]Primarina||ExpertBelt|LiquidVoice|CalmMind,HyperVoice,Moonblast,Protect|Modest||M|||50|]Scizor||Scizorite|Technician|BulletPunch,BugBite,SwordsDance,Protect|Adamant||F|||50|
|inactive|Battle timer is ON: inactive players will automatically lose when time's up. (requested by TurtleGamin2)
|
|t:|1783469208
|teamsize|p1|4
|teamsize|p2|4
|start
|switch|p1a: Altaria|Altaria, L50, M|100/100
|switch|p1b: Araquanid|Araquanid, L50, M|100/100
|switch|p2a: Aerodactyl|Aerodactyl, L50, F|100/100
|switch|p2b: Primarina|Primarina, L50, M|100/100
|-ability|p2a: Aerodactyl|Unnerve
|-ability|p1a: Altaria|Cloud Nine
|turn|1
|
|t:|1783469227
|move|p2a: Aerodactyl|Tailwind|p2a: Aerodactyl
|-sidestart|p2: rknsx17|move: Tailwind
|move|p2b: Primarina|Calm Mind|p2b: Primarina
|-boost|p2b: Primarina|spa|1
|-boost|p2b: Primarina|spd|1
|move|p1a: Altaria|Tailwind|p1a: Altaria
|-sidestart|p1: TurtleGamin2|move: Tailwind
|move|p1b: Araquanid|Sticky Web|p2b: Primarina
|-sidestart|p2: rknsx17|move: Sticky Web
|
|upkeep
|turn|2
|inactive|rknsx17 has 30 seconds left.
|
|t:|1783469252
|move|p1a: Altaria|Protect|p1a: Altaria
|-singleturn|p1a: Altaria|Protect
|move|p2a: Aerodactyl|Rock Slide|p1a: Altaria|[spread] p1b
|-activate|p1a: Altaria|move: Protect
|-supereffective|p1b: Araquanid|1
|-damage|p1b: Araquanid|45/100
|move|p2b: Primarina|Moonblast|p1a: Altaria
|-activate|p1a: Altaria|move: Protect
|move|p1b: Araquanid|Liquidation|p2a: Aerodactyl
|-supereffective|p2a: Aerodactyl|1
|-enditem|p2a: Aerodactyl|Focus Sash
|-damage|p2a: Aerodactyl|1/100
|
|-heal|p1b: Araquanid|50/100g|[from] item: Leftovers
|upkeep
|turn|3
|
|t:|1783469273
|move|p1b: Araquanid|Protect|p1b: Araquanid
|-singleturn|p1b: Araquanid|Protect
|move|p2a: Aerodactyl|Rock Slide|p1b: Araquanid|[spread] p1a
|-activate|p1b: Araquanid|move: Protect
|-supereffective|p1a: Altaria|1
|-damage|p1a: Altaria|47/100
|move|p1a: Altaria|Haze|p1a: Altaria
|-clearallboost
|move|p2b: Primarina|Moonblast|p1a: Altaria
|-supereffective|p1a: Altaria|1
|-damage|p1a: Altaria|0 fnt
|faint|p1a: Altaria
|
|-heal|p1b: Araquanid|56/100|[from] item: Leftovers
|upkeep
|
|t:|1783469288
|switch|p1a: Maushold|Maushold-Four, L50|100/100
|turn|4
|
|t:|1783469308
|move|p2a: Aerodactyl|Rock Slide|p1a: Maushold|[spread] p1a
|-miss|p2a: Aerodactyl|p1b: Araquanid
|-damage|p1a: Maushold|72/100
|cant|p1a: Maushold|flinch
|move|p2b: Primarina|Calm Mind|p2b: Primarina
|-boost|p2b: Primarina|spa|1
|-boost|p2b: Primarina|spd|1
|move|p1b: Araquanid|Liquidation|p2a: Aerodactyl
|-supereffective|p2a: Aerodactyl|1
|-damage|p2a: Aerodactyl|0 fnt
|faint|p2a: Aerodactyl
|
|-heal|p1b: Araquanid|62/100|[from] item: Leftovers
|-sideend|p2: rknsx17|move: Tailwind
|-sideend|p1: TurtleGamin2|move: Tailwind
|upkeep
|
|t:|1783469324
|switch|p2a: Kingambit|Kingambit, L50, M|100/100
|-activate|p2a: Kingambit|move: Sticky Web
|-unboost|p2a: Kingambit|spe|1
|-ability|p2a: Kingambit|Defiant|boost
|-boost|p2a: Kingambit|atk|2
|turn|5
|
|t:|1783469340
|move|p1a: Maushold|Population Bomb|p2b: Primarina
|-damage|p2b: Primarina|93/100
|-damage|p2b: Primarina|86/100
|-damage|p2b: Primarina|78/100
|-damage|p2b: Primarina|72/100
|-damage|p2b: Primarina|65/100
|-damage|p2b: Primarina|58/100
|-damage|p2b: Primarina|51/100
|-damage|p2b: Primarina|45/100
|-damage|p2b: Primarina|38/100
|-damage|p2b: Primarina|32/100
|-hitcount|p2b: Primarina|10
|move|p2b: Primarina|Moonblast|p1b: Araquanid
|-damage|p1b: Araquanid|28/100
|move|p1b: Araquanid|Leech Life|p2a: Kingambit
|-damage|p2a: Kingambit|84/100
|-heal|p1b: Araquanid|37/100|[from] drain|[of] p2a: Kingambit
|move|p2a: Kingambit|Low Kick|p1a: Maushold
|-supereffective|p1a: Maushold|1
|-damage|p1a: Maushold|29/100
|-damage|p2a: Kingambit|74/100|[from] item: Life Orb
|
|-heal|p1b: Araquanid|43/100|[from] item: Leftovers
|upkeep
|turn|6
|inactive|TurtleGamin2 has 30 seconds left.
|inactive|rknsx17 has 30 seconds left.
|inactive|TurtleGamin2 has 20 seconds left.
|
|t:|1783469377
|move|p1a: Maushold|Follow Me|p1a: Maushold
|-singleturn|p1a: Maushold|move: Follow Me
|move|p2a: Kingambit|Sucker Punch||[still]
|-fail|p2a: Kingambit
|move|p2b: Primarina|Moonblast|p1a: Maushold
|-damage|p1a: Maushold|0 fnt
|faint|p1a: Maushold
|move|p1b: Araquanid|Liquidation|p2a: Kingambit
|-damage|p2a: Kingambit|39/100
|-unboost|p2a: Kingambit|def|1
|-ability|p2a: Kingambit|Defiant|boost
|-boost|p2a: Kingambit|atk|2
|
|-heal|p1b: Araquanid|49/100|[from] item: Leftovers
|upkeep
|
|t:|1783469389
|switch|p1a: Floette|Floette-Eternal, L50, F|100/100
|turn|7
|
|t:|1783469411
|detailschange|p1a: Floette|Floette-Mega, L50, F
|-mega|p1a: Floette|Floette|Floettite
|-ability|p1a: Floette|Fairy Aura
|move|p2b: Primarina|Protect|p2b: Primarina
|-singleturn|p2b: Primarina|Protect
|move|p1b: Araquanid|Protect|p1b: Araquanid
|-singleturn|p1b: Araquanid|Protect
|move|p2a: Kingambit|Sucker Punch||[still]
|-fail|p2a: Kingambit
|move|p1a: Floette|Dazzling Gleam|p2a: Kingambit|[spread] p2a
|-activate|p2b: Primarina|move: Protect
|-damage|p2a: Kingambit|0 fnt
|faint|p2a: Kingambit
|
|-heal|p1b: Araquanid|54/100|[from] item: Leftovers
|upkeep
|
|t:|1783469418
|switch|p2a: Torkoal|Torkoal, L50, F|100/100
|-activate|p2a: Torkoal|move: Sticky Web
|-unboost|p2a: Torkoal|spe|1
|-weather|SunnyDay|[from] ability: Drought|[of] p2a: Torkoal
|turn|8
|
|t:|1783469433
|move|p1a: Floette|Calm Mind|p1a: Floette
|-boost|p1a: Floette|spa|1
|-boost|p1a: Floette|spd|1
|move|p2b: Primarina|Moonblast|p1b: Araquanid
|-damage|p1b: Araquanid|0 fnt
|faint|p1b: Araquanid
|move|p2a: Torkoal|Weather Ball|p1a: Floette
|-damage|p1a: Floette|73/100
|
|-weather|SunnyDay|[upkeep]
|upkeep
|turn|9
|
|t:|1783469450
|move|p1a: Floette|Dazzling Gleam|p2b: Primarina|[spread] p2a,p2b
|-resisted|p2a: Torkoal|1
|-damage|p2a: Torkoal|57/100
|-damage|p2b: Primarina|0 fnt
|faint|p2b: Primarina
|move|p2a: Torkoal|Yawn|p1a: Floette
|-start|p1a: Floette|move: Yawn|[of] p2a: Torkoal
|
|-weather|SunnyDay|[upkeep]
|-heal|p2a: Torkoal|63/100|[from] item: Leftovers
|upkeep
|turn|10
|
|t:|1783469458
|move|p1a: Floette|Calm Mind|p1a: Floette
|-boost|p1a: Floette|spa|1
|-boost|p1a: Floette|spd|1
|move|p2a: Torkoal|Weather Ball|p1a: Floette
|-damage|p1a: Floette|54/100
|
|-weather|SunnyDay|[upkeep]
|-heal|p2a: Torkoal|69/100|[from] item: Leftovers
|-end|p1a: Floette|move: Yawn|[silent]
|-status|p1a: Floette|slp
|upkeep
|turn|11
|
|t:|1783469468
|cant|p1a: Floette|slp
|move|p2a: Torkoal|Weather Ball|p1a: Floette
|-damage|p1a: Floette|35/100 slp
|
|-weather|SunnyDay|[upkeep]
|-heal|p2a: Torkoal|76/100|[from] item: Leftovers
|upkeep
|turn|12
|
|t:|1783469481
|-curestatus|p1a: Floette|slp|[msg]
|move|p1a: Floette|Moonblast|p2a: Torkoal
|-resisted|p2a: Torkoal|1
|-damage|p2a: Torkoal|0 fnt
|faint|p2a: Torkoal
|
|win|TurtleGamin2
|l|☆TurtleGamin2
|player|p1|
||rknsx17 is ready for game 2.
||TurtleGamin2 is ready for game 2.
|uhtml|next|Next: Game 2 of 3
|l|☆rknsx17
|player|p2|
|j|☆rknsx17
|player|p2|rknsx17|steven|
