|j|☆nachoconpicodgallo
|j|☆9mel
|html|nachoconpicodgallo9mel    
|uhtml|bestof|Game 1 of a best-of-3
|t:|1786067303
|gametype|doubles
|player|p1|nachoconpicodgallo|guitarist|1117
|player|p2|9mel|veteran|1019
|gen|9
|tier|[Gen 9 Champions] VGC 2026 Reg M-B (Bo3)
|rated|
|rule|Species Clause: Limit one of each Pokémon
|rule|Item Clause: Limit 1 of each item
|clearpoke
|poke|p1|Gengar, L50, F, shiny|
|poke|p1|Ninetales-Alola, L50, F, shiny|
|poke|p1|Incineroar, L50, F|
|poke|p1|Scovillain, L50, M|
|poke|p1|Lycanroc-Dusk, L50, F|
|poke|p1|Dragonite, L50, M|
|poke|p2|Annihilape, L50, F|
|poke|p2|Staraptor, L50, M, shiny|
|poke|p2|Ceruledge, L50, M|
|poke|p2|Incineroar, L50, M|
|poke|p2|Charizard, L50, M, shiny|
|poke|p2|Sinistcha, L50|
|teampreview|4
|showteam|p1|Gengar||Gengarite|CursedBody|ShadowBall,SludgeBomb,Substitute,Protect|Modest||F|||50|]Ninetales-Alola||ChoiceScarf|SnowWarning|Blizzard,FreezeDry,IcyWind,Encore|Timid||F|||50|]Incineroar||SitrusBerry|Intimidate|PartingShot,FlareBlitz,ThroatChop,FakeOut|Impish||F|||50|]Scovillain||Scovillainite|Moody|Overheat,GigaDrain,RagePowder,Protect|Bold||M|||50|]Lycanroc-Dusk||FocusSash|ToughClaws|RockSlide,CloseCombat,Accelerock,Protect|Adamant||F|||50|]Dragonite||LifeOrb|InnerFocus|DragonClaw,ExtremeSpeed,Superpower,Protect|Adamant||M|||50|
|showteam|p2|Annihilape||ChestoBerry|Defiant|RageFist,DrainPunch,BulkUp,Rest|Careful||F|||50|]Staraptor||Staraptite|Intimidate|CloseCombat,BraveBird,Roost,Protect|Adamant||M|||50|]Ceruledge||ColburBerry|FlashFire|BitterBlade,ShadowSneak,BulkUp,Protect|Adamant||M|||50|]Incineroar||SitrusBerry|Intimidate|FakeOut,DarkestLariat,PartingShot,FlareBlitz|Impish||M|||50|]Charizard||CharizarditeY|Blaze|WeatherBall,HeatWave,SolarBeam,Protect|Timid||M|||50|]Sinistcha||KasibBerry|Hospitality|MatchaGotcha,LifeDew,RagePowder,Protect|Bold|||||50|
|inactive|Battle timer is ON: inactive players will automatically lose when time's up. (requested by nachoconpicodgallo)
|inactive|nachoconpicodgallo has 60 seconds left.
|inactive|9mel has 60 seconds left.
|
|t:|1786067340
|teamsize|p1|4
|teamsize|p2|4
|start
|switch|p1a: Gengar|Gengar, L50, F, shiny|100/100
|switch|p1b: Dragonite|Dragonite, L50, M|100/100
|switch|p2a: Incineroar|Incineroar, L50, M|100/100
|switch|p2b: Charizard|Charizard, L50, M, shiny|100/100
|-ability|p2a: Incineroar|Intimidate|boost
|-unboost|p1a: Gengar|atk|1
|-fail|p1b: Dragonite|unboost|Attack|[from] ability: Inner Focus|[of] p1b: Dragonite
|turn|1
|inactive|nachoconpicodgallo has 30 seconds left.
|inactive|9mel has 30 seconds left.
|
|t:|1786067372
|detailschange|p2b: Charizard|Charizard-Mega-Y, L50, M, shiny
|-mega|p2b: Charizard|Charizard|Charizardite Y
|-weather|SunnyDay|[from] ability: Drought|[of] p2b: Charizard
|detailschange|p1a: Gengar|Gengar-Mega, L50, F, shiny
|-mega|p1a: Gengar|Gengar|Gengarite
|move|p1b: Dragonite|Extreme Speed|p2b: Charizard
|-damage|p2b: Charizard|39/100
|-damage|p1b: Dragonite|90/100|[from] item: Life Orb
|move|p1a: Gengar|Sludge Bomb|p2b: Charizard
|-damage|p2b: Charizard|0 fnt
|faint|p2b: Charizard
|move|p2a: Incineroar|Darkest Lariat|p1b: Dragonite
|-damage|p1b: Dragonite|56/100
|
|-weather|SunnyDay|[upkeep]
|upkeep
|
|t:|1786067387
|switch|p2b: Ceruledge|Ceruledge, L50, M|100/100
|turn|2
|
|t:|1786067396
|move|p1a: Gengar|Shadow Ball|p2b: Ceruledge
|-supereffective|p2b: Ceruledge|1
|-damage|p2b: Ceruledge|7/100
|move|p1b: Dragonite|Superpower|p2a: Incineroar
|-supereffective|p2a: Incineroar|1
|-damage|p2a: Incineroar|7/100
|-unboost|p1b: Dragonite|atk|1
|-unboost|p1b: Dragonite|def|1
|-enditem|p2a: Incineroar|Sitrus Berry|[eat]
|-heal|p2a: Incineroar|32/100|[from] item: Sitrus Berry
|-damage|p1b: Dragonite|46/100|[from] item: Life Orb
|move|p2b: Ceruledge|Bitter Blade|p1a: Gengar
|-damage|p1a: Gengar|12/100
|-heal|p2b: Ceruledge|45/100|[from] drain|[of] p1a: Gengar
|move|p2a: Incineroar|Flare Blitz|p2b: Ceruledge
|-start|p2b: Ceruledge|ability: Flash Fire
|
|-weather|SunnyDay|[upkeep]
|upkeep
|turn|3
|inactive|9mel has 30 seconds left.
|
|t:|1786067426
|move|p2b: Ceruledge|Protect|p2b: Ceruledge
|-singleturn|p2b: Ceruledge|Protect
|move|p1a: Gengar|Shadow Ball|p2b: Ceruledge
|-activate|p2b: Ceruledge|move: Protect
|move|p1b: Dragonite|Superpower|p2a: Incineroar
|-supereffective|p2a: Incineroar|1
|-crit|p2a: Incineroar
|-damage|p2a: Incineroar|0 fnt
|-unboost|p1b: Dragonite|atk|1
|-unboost|p1b: Dragonite|def|1
|faint|p2a: Incineroar
|-damage|p1b: Dragonite|36/100|[from] item: Life Orb
|
|-weather|SunnyDay|[upkeep]
|upkeep
|
|t:|1786067438
|switch|p2a: Annihilape|Annihilape, L50, F|100/100
|turn|4
|
|t:|1786067461
|switch|p1b: Ninetales|Ninetales-Alola, L50, F, shiny|100/100
|-weather|Snowscape|[from] ability: Snow Warning|[of] p1b: Ninetales
|move|p2b: Ceruledge|Shadow Sneak|p1a: Gengar
|-supereffective|p1a: Gengar|1
|-damage|p1a: Gengar|0 fnt
|faint|p1a: Gengar
|move|p2a: Annihilape|Bulk Up|p2a: Annihilape
|-boost|p2a: Annihilape|atk|1
|-boost|p2a: Annihilape|def|1
|
|-weather|Snowscape|[upkeep]
|upkeep
|
|t:|1786067471
|switch|p1a: Dragonite|Dragonite, L50, M|36/100
|turn|5
|
|t:|1786067477
|move|p1b: Ninetales|Encore|p2a: Annihilape
|-start|p2a: Annihilape|Encore
|move|p2a: Annihilape|Bulk Up|p2a: Annihilape
|-boost|p2a: Annihilape|atk|1
|-boost|p2a: Annihilape|def|1
|move|p2b: Ceruledge|Bitter Blade|p1b: Ninetales
|-supereffective|p1b: Ninetales|1
|-damage|p1b: Ninetales|0 fnt
|-heal|p2b: Ceruledge|87/100|[from] drain|[of] p1b: Ninetales
|faint|p1b: Ninetales
|move|p1a: Dragonite|Dragon Claw|p2b: Ceruledge
|-damage|p2b: Ceruledge|20/100y
|-damage|p1a: Dragonite|27/100|[from] item: Life Orb
|
|-weather|Snowscape|[upkeep]
|upkeep
|
|t:|1786067481
|switch|p1b: Lycanroc|Lycanroc-Dusk, L50, F|100/100
|turn|6
|
|t:|1786067500
|move|p2b: Ceruledge|Shadow Sneak|p1a: Dragonite
|-damage|p1a: Dragonite|8/100
|move|p1b: Lycanroc|Rock Slide|p2a: Annihilape|[spread] p2a,p2b
|-resisted|p2a: Annihilape|1
|-crit|p2a: Annihilape
|-supereffective|p2b: Ceruledge|1
|-damage|p2a: Annihilape|82/100
|-damage|p2b: Ceruledge|0 fnt
|faint|p2b: Ceruledge
|cant|p2a: Annihilape|flinch
|move|p1a: Dragonite|Dragon Claw|p2a: Annihilape
|-damage|p2a: Annihilape|56/100
|-damage|p1a: Dragonite|0 fnt|[from] item: Life Orb
|faint|p1a: Dragonite
|
|-weather|Snowscape|[upkeep]
|upkeep
|turn|7
|
|t:|1786067514
|move|p1b: Lycanroc|Rock Slide|p2a: Annihilape
|-resisted|p2a: Annihilape|1
|-damage|p2a: Annihilape|48/100
|move|p2a: Annihilape|Bulk Up|p2a: Annihilape
|-boost|p2a: Annihilape|atk|1
|-boost|p2a: Annihilape|def|1
|
|-weather|Snowscape|[upkeep]
|-end|p2a: Annihilape|Encore
|upkeep
|turn|8
|
|t:|1786067524
|move|p1b: Lycanroc|Rock Slide|p2a: Annihilape
|-resisted|p2a: Annihilape|1
|-damage|p2a: Annihilape|42/100
|cant|p2a: Annihilape|flinch
|
|-weather|none
|upkeep
|turn|9
|
|t:|1786067530
|move|p1b: Lycanroc|Rock Slide|p2a: Annihilape
|-resisted|p2a: Annihilape|1
|-damage|p2a: Annihilape|36/100
|move|p2a: Annihilape|Drain Punch|p1b: Lycanroc
|-supereffective|p1b: Lycanroc|1
|-enditem|p1b: Lycanroc|Focus Sash
|-damage|p1b: Lycanroc|1/100
|-heal|p2a: Annihilape|70/100|[from] drain|[of] p1b: Lycanroc
|
|upkeep
|turn|10
|
|t:|1786067540
|move|p1b: Lycanroc|Rock Slide|p2a: Annihilape
|-resisted|p2a: Annihilape|1
|-damage|p2a: Annihilape|64/100
|move|p2a: Annihilape|Drain Punch|p1b: Lycanroc
|-supereffective|p1b: Lycanroc|1
|-damage|p1b: Lycanroc|0 fnt
|-heal|p2a: Annihilape|65/100|[from] drain|[of] p1b: Lycanroc
|faint|p1b: Lycanroc
|
|win|9mel
