|j|☆moicito
|j|☆Clementine1997
|html|moicitoClementine1997    
|uhtml|bestof|Game 1 of a best-of-3
|t:|1756256858
|gametype|doubles
|player|p1|moicito|266|1184
|player|p2|Clementine1997|clair|1228
|gen|9
|tier|[Gen 9] VGC 2025 Reg H (Bo3)
|rated|
|rule|Species Clause: Limit one of each Pokémon
|rule|Item Clause: Limit 1 of each item
|clearpoke
|poke|p1|Kingambit, L50, F|
|poke|p1|Rillaboom, L50, F|
|poke|p1|Electabuzz, L50, M|
|poke|p1|Volcarona, L50, M|
|poke|p1|Sneasler, L50, M|
|poke|p1|Dragonite, L50, F|
|poke|p2|Whimsicott, L50, M|
|poke|p2|Ursaluna-Bloodmoon, L50, M|
|poke|p2|Incineroar, L50, M|
|poke|p2|Rillaboom, L50, M|
|poke|p2|Kingambit, L50, F|
|poke|p2|Primarina, L50, M|
|teampreview|4
|showteam|p1|Kingambit||BlackGlasses|Defiant|Protect,KowtowCleave,SuckerPunch,SwordsDance|||F|||50|,,,,,Dark]Rillaboom||AssaultVest|GrassySurge|WoodHammer,GrassyGlide,HighHorsepower,FakeOut|||F|||50|,,,,,Fire]Electabuzz||Eviolite|VitalSpirit|Protect,Thunderbolt,HelpingHand,FollowMe|||M|||50|,,,,,Ghost]Volcarona||CovertCloak|FlameBody|Protect,HeatWave,TeraBlast,QuiverDance|||M|||50|,,,,,Fairy]Sneasler||FocusSash|Unburden|CloseCombat,DireClaw,Coaching,FakeOut|||M|||50|,,,,,Stellar]Dragonite||LoadedDice|Multiscale|ScaleShot,Haze,ExtremeSpeed,Protect|||F|||50|,,,,,Fairy
|showteam|p2|Whimsicott||FocusSash|Prankster|Moonblast,Encore,Taunt,Tailwind|||M|||50|,,,,,Fire]Ursaluna-Bloodmoon||LifeOrb|MindsEye|BloodMoon,EarthPower,VacuumWave,Protect|||M|||50|,,,,,Dragon]Incineroar||SitrusBerry|Intimidate|KnockOff,PartingShot,FlareBlitz,FakeOut|||M|||50|,,,,,Grass]Rillaboom||AssaultVest|GrassySurge|GrassyGlide,HighHorsepower,FakeOut,Uturn|||M|||50|,,,,,Fire]Kingambit||SafetyGoggles|Defiant|SuckerPunch,IronHead,SwordsDance,Protect|||F|||50|,,,,,Water]Primarina||ThroatSpray|LiquidVoice|HyperVoice,Moonblast,Haze,Protect|||M|||50|,,,,,Grass
|inactive|Battle timer is ON: inactive players will automatically lose when time's up. (requested by Clementine1997)
|inactive|moicito has 60 seconds left.
|inactive|Clementine1997 has 60 seconds left.
|inactive|moicito has 30 seconds left.
|inactive|moicito has 20 seconds left.
|
|t:|1756256935
|teamsize|p1|4
|teamsize|p2|4
|start
|switch|p1a: Snisli|Sneasler, L50, M|100/100
|switch|p1b: Volkii|Volcarona, L50, M, shiny|100/100
|switch|p2a: Ursaluna|Ursaluna-Bloodmoon, L50, M|100/100
|switch|p2b: Incineroar|Incineroar, L50, M, shiny|100/100
|-ability|p2b: Incineroar|Intimidate|boost
|-unboost|p1a: Snisli|atk|1
|-unboost|p1b: Volkii|atk|1
|turn|1
|
|t:|1756256959
|switch|p2a: Whimsicott|Whimsicott, L50, M, shiny|100/100
|move|p1a: Snisli|Fake Out|p2a: Whimsicott
|-damage|p2a: Whimsicott|92/100
|move|p1b: Volkii|Quiver Dance|p1b: Volkii
|-boost|p1b: Volkii|spa|1
|-boost|p1b: Volkii|spd|1
|-boost|p1b: Volkii|spe|1
|move|p2b: Incineroar|Knock Off|p1b: Volkii
|-damage|p1b: Volkii|43/100
|-enditem|p1b: Volkii|Covert Cloak|[from] move: Knock Off|[of] p2b: Incineroar
|
|upkeep
|turn|2
|inactive|moicito has 30 seconds left.
|
|t:|1756256987
|-terastallize|p2a: Whimsicott|Fire
|move|p2a: Whimsicott|Encore|p1b: Volkii
|-start|p1b: Volkii|Encore
|move|p1b: Volkii|Quiver Dance|p1b: Volkii
|-boost|p1b: Volkii|spa|1
|-boost|p1b: Volkii|spd|1
|-boost|p1b: Volkii|spe|1
|move|p1a: Snisli|Close Combat|p2b: Incineroar
|-supereffective|p2b: Incineroar
|-damage|p2b: Incineroar|16/100
|-unboost|p1a: Snisli|def|1
|-unboost|p1a: Snisli|spd|1
|-enditem|p2b: Incineroar|Sitrus Berry|[eat]
|-heal|p2b: Incineroar|41/100|[from] item: Sitrus Berry
|move|p2b: Incineroar|Parting Shot|p1a: Snisli
|-unboost|p1a: Snisli|atk|1
|-unboost|p1a: Snisli|spa|1
|
|t:|1756256997
|switch|p2b: Primarina|Primarina, L50, M, shiny|100/100|[from] Parting Shot
|
|upkeep
|turn|3
|inactive|Clementine1997 has 30 seconds left.
|
|t:|1756257022
|-terastallize|p1b: Volkii|Fairy
|move|p2a: Whimsicott|Tailwind|p2a: Whimsicott
|-sidestart|p2: Clementine1997|move: Tailwind
|move|p1b: Volkii|Quiver Dance|p1b: Volkii
|-boost|p1b: Volkii|spa|1
|-boost|p1b: Volkii|spd|1
|-boost|p1b: Volkii|spe|1
|move|p2b: Primarina|Hyper Voice|p1a: Snisli|[spread] p1a,p1b
|-damage|p1a: Snisli|35/100
|-damage|p1b: Volkii|30/100
|-enditem|p2b: Primarina|Throat Spray
|-boost|p2b: Primarina|spa|1|[from] item: Throat Spray
|move|p1a: Snisli|Dire Claw|p2a: Whimsicott
|-damage|p2a: Whimsicott|73/100
|
|upkeep
|turn|4
|inactive|moicito has 30 seconds left.
|
|t:|1756257048
|move|p1b: Volkii|Quiver Dance|p1b: Volkii
|-boost|p1b: Volkii|spa|1
|-boost|p1b: Volkii|spd|1
|-boost|p1b: Volkii|spe|1
|move|p2a: Whimsicott|Moonblast|p1b: Volkii
|-damage|p1b: Volkii|22/100
|move|p2b: Primarina|Hyper Voice|p1b: Volkii|[spread] p1a,p1b
|-damage|p1a: Snisli|0 fnt
|-damage|p1b: Volkii|8/100
|faint|p1a: Snisli
|
|-end|p1b: Volkii|Encore
|upkeep
|
|t:|1756257063
|switch|p1a: Rilli|Rillaboom, L50, F, shiny|100/100
|-fieldstart|move: Grassy Terrain|[from] ability: Grassy Surge|[of] p1a: Rilli
|turn|5
|inactive|moicito has 30 seconds left.
|
|t:|1756257098
|move|p1a: Rilli|Fake Out|p2a: Whimsicott
|-damage|p2a: Whimsicott|61/100
|cant|p2a: Whimsicott|flinch
|move|p1b: Volkii|Tera Blast|p2b: Primarina|[anim] Tera Blast Fairy
|-damage|p2b: Primarina|0 fnt
|faint|p2b: Primarina
|
|-heal|p1b: Volkii|14/100|[from] Grassy Terrain
|-heal|p2a: Whimsicott|67/100|[from] Grassy Terrain
|upkeep
|
|t:|1756257105
|switch|p2b: Incineroar|Incineroar, L50, M, shiny|41/100
|-ability|p2b: Incineroar|Intimidate|boost
|-unboost|p1a: Rilli|atk|1
|-unboost|p1b: Volkii|atk|1
|turn|6
|
|t:|1756257120
|move|p1b: Volkii|Protect|p1b: Volkii
|-singleturn|p1b: Volkii|Protect
|move|p2b: Incineroar|Fake Out|p1b: Volkii
|-activate|p1b: Volkii|move: Protect
|move|p2a: Whimsicott|Encore|p1a: Rilli
|-start|p1a: Rilli|Encore
|move|p1a: Rilli|Fake Out||[still]
|-hint|Fake Out only works on your first turn out.
|-fail|p1a: Rilli
|
|-heal|p1b: Volkii|20/100|[from] Grassy Terrain
|-heal|p2a: Whimsicott|73/100|[from] Grassy Terrain
|-heal|p2b: Incineroar|47/100|[from] Grassy Terrain
|-sideend|p2: Clementine1997|move: Tailwind
|upkeep
|turn|7
|
|t:|1756257143
|switch|p1a: Dragii|Dragonite, L50, F|100/100
|move|p2a: Whimsicott|Encore|p1b: Volkii
|-start|p1b: Volkii|Encore
|move|p1b: Volkii|Protect|p1b: Volkii
|-singleturn|p1b: Volkii|Protect
|move|p2b: Incineroar|Parting Shot|p1a: Dragii
|-unboost|p1a: Dragii|atk|1
|-unboost|p1a: Dragii|spa|1
|
|t:|1756257149
|switch|p2b: Ursaluna|Ursaluna-Bloodmoon, L50, M|100/100|[from] Parting Shot
|
|-heal|p1b: Volkii|27/100|[from] Grassy Terrain
|-heal|p2a: Whimsicott|79/100|[from] Grassy Terrain
|upkeep
|turn|8
|
|t:|1756257165
|switch|p1b: Rilli|Rillaboom, L50, F, shiny|100/100
|move|p2a: Whimsicott|Moonblast|p1a: Dragii
|-supereffective|p1a: Dragii
|-damage|p1a: Dragii|71/100
|move|p1a: Dragii|Scale Shot|p2b: Ursaluna
|-damage|p2b: Ursaluna|92/100
|-damage|p2b: Ursaluna|85/100
|-damage|p2b: Ursaluna|77/100
|-damage|p2b: Ursaluna|69/100
|-damage|p2b: Ursaluna|62/100
|-hitcount|p2b: Ursaluna|5
|-unboost|p1a: Dragii|def|1
|-boost|p1a: Dragii|spe|1
|move|p2b: Ursaluna|Blood Moon|p1b: Rilli
|-damage|p1b: Rilli|23/100
|-damage|p2b: Ursaluna|52/100|[from] item: Life Orb
|
|-heal|p2a: Whimsicott|85/100|[from] Grassy Terrain
|-heal|p1b: Rilli|29/100|[from] Grassy Terrain
|-heal|p2b: Ursaluna|58/100|[from] Grassy Terrain
|upkeep
|turn|9
|inactive|moicito has 30 seconds left.
|inactive|moicito has 20 seconds left.
|
|t:|1756257201
|switch|p2b: Incineroar|Incineroar, L50, M, shiny|47/100
|-ability|p2b: Incineroar|Intimidate|boost
|-unboost|p1a: Dragii|atk|1
|-unboost|p1b: Rilli|atk|1
|move|p1a: Dragii|Scale Shot|p2a: Whimsicott
|-damage|p2a: Whimsicott|78/100
|-damage|p2a: Whimsicott|72/100
|-damage|p2a: Whimsicott|65/100
|-damage|p2a: Whimsicott|57/100
|-damage|p2a: Whimsicott|51/100
|-hitcount|p2a: Whimsicott|5
|-unboost|p1a: Dragii|def|1
|-boost|p1a: Dragii|spe|1
|move|p2a: Whimsicott|Moonblast|p1a: Dragii
|-supereffective|p1a: Dragii
|-damage|p1a: Dragii|11/100
|-unboost|p1a: Dragii|spa|1
|move|p1b: Rilli|Wood Hammer|p2b: Incineroar
|-resisted|p2b: Incineroar
|-damage|p2b: Incineroar|20/100
|-damage|p1b: Rilli|20/100|[from] Recoil
|
|-heal|p2a: Whimsicott|57/100|[from] Grassy Terrain
|-heal|p1b: Rilli|26/100|[from] Grassy Terrain
|-heal|p2b: Incineroar|26/100|[from] Grassy Terrain
|-fieldend|move: Grassy Terrain
|upkeep
|turn|10
|inactive|moicito has 30 seconds left.
|inactive|Clementine1997 has 30 seconds left.
|inactive|Clementine1997 has 20 seconds left.
|
|t:|1756257239
|move|p1a: Dragii|Protect|p1a: Dragii
|-singleturn|p1a: Dragii|Protect
|move|p2a: Whimsicott|Tailwind|p2a: Whimsicott
|-sidestart|p2: Clementine1997|move: Tailwind
|move|p2b: Incineroar|Flare Blitz|p1b: Rilli
|-supereffective|p1b: Rilli
|-damage|p1b: Rilli|0 fnt
|faint|p1b: Rilli
|-damage|p2b: Incineroar|17/100|[from] Recoil
|
|upkeep
|
|t:|1756257248
|switch|p1b: Volkii|Volcarona, L50, M, shiny, tera:Fairy|27/100
|turn|11
|
|t:|1756257269
|move|p1a: Dragii|Extreme Speed|p2b: Incineroar
|-damage|p2b: Incineroar|1/100
|move|p2a: Whimsicott|Moonblast|p1a: Dragii
|-supereffective|p1a: Dragii
|-damage|p1a: Dragii|0 fnt
|faint|p1a: Dragii
|move|p2b: Incineroar|Flare Blitz|p1b: Volkii
|-damage|p1b: Volkii|0 fnt
|faint|p1b: Volkii
|-damage|p2b: Incineroar|0 fnt|[from] Recoil
|faint|p2b: Incineroar
|
|win|Clementine1997
|inactive|moicito has 30 seconds to confirm battle start!
|inactive|Clementine1997 has 30 seconds to confirm battle start!
||Clementine1997 is ready for game 2.
||moicito is ready for game 2.
|uhtml|next|Next: Game 2 of 3
|l|☆Clementine1997
|player|p2|
