|j|☆superG195
|j|☆PopoVGC
|html|superG195PopoVGC    
|uhtml|bestof|Game 2 of a best-of-3
|t:|1785881931
|gametype|doubles
|player|p1|superG195|brawly|1231
|player|p2|PopoVGC|silver|1190
|gen|9
|tier|[Gen 9 Champions] VGC 2026 Reg M-B (Bo3)
|rated|
|rule|Species Clause: Limit one of each Pokémon
|rule|Item Clause: Limit 1 of each item
|clearpoke
|poke|p1|Sceptile, L50, F|
|poke|p1|Garchomp, L50, M|
|poke|p1|Corviknight, L50, M|
|poke|p1|Metagross, L50|
|poke|p1|Rotom-Heat, L50|
|poke|p1|Tyranitar, L50, M|
|poke|p2|Gholdengo, L50|
|poke|p2|Tyranitar, L50, M|
|poke|p2|Excadrill, L50, M|
|poke|p2|Pidgeot, L50, F|
|poke|p2|Tsareena, L50, F|
|poke|p2|Rotom-Wash, L50|
|teampreview|4
|showteam|p1|Sceptile||Sceptilite|Overgrow|EarthPower,DragonPulse,EnergyBall,Protect|Timid||F|||50|]Garchomp||LifeOrb|RoughSkin|Earthquake,DragonClaw,Protect,RockSlide|Jolly||M|||50|]Corviknight||Leftovers|MirrorArmor|Tailwind,BraveBird,BodyPress,Protect|Adamant||M|||50|]Metagross||Metagrossite|ClearBody|Protect,PsychicFangs,IronHead,IcePunch|Jolly|||||50|]Rotom-Heat||ChoiceScarf|Levitate|Discharge,Overheat,VoltSwitch,Electroweb|Timid|||||50|]Tyranitar||FocusSash|SandStream|RockSlide,KnockOff,LowKick,Protect|Adamant||M|||50|
|showteam|p2|Gholdengo||LifeOrb|GoodasGold|MakeItRain,ShadowBall,NastyPlot,Protect|Timid|||||50|]Tyranitar||Tyranitarite|SandStream|RockSlide,KnockOff,Protect,LowKick|Jolly||M|||50|]Excadrill||FocusSash|SandRush|IronHead,Earthquake,RockSlide,Protect|Adamant||M|||50|]Pidgeot||Pidgeotite|BigPecks|Hurricane,HeatWave,Protect,Tailwind|Timid||F|||50|]Tsareena||ChoiceScarf|QueenlyMajesty|PowerWhip,TripleAxel,Uturn,LowKick|Jolly||F|||50|]Rotom-Wash||SitrusBerry|Levitate|Thunderbolt,HydroPump,Protect,WillOWisp|Bold|||||50|
|
|t:|1785881992
|teamsize|p1|4
|teamsize|p2|4
|start
|switch|p1a: Corviknight|Corviknight, L50, M|100/100
|switch|p1b: Rotom|Rotom-Heat, L50|100/100
|switch|p2a: Pidgeot|Pidgeot, L50, F|100/100
|switch|p2b: Rotom|Rotom-Wash, L50|100/100
|turn|1
|
|t:|1785882039
|switch|p1b: Garchomp|Garchomp, L50, M|100/100
|detailschange|p2a: Pidgeot|Pidgeot-Mega, L50, F
|-mega|p2a: Pidgeot|Pidgeot|Pidgeotite
|move|p2a: Pidgeot|Tailwind|p2a: Pidgeot
|-sidestart|p2: PopoVGC|move: Tailwind
|move|p2b: Rotom|Hydro Pump|p1b: Garchomp
|-damage|p1b: Garchomp|54/100
|move|p1a: Corviknight|Tailwind|p1a: Corviknight
|-sidestart|p1: superG195|move: Tailwind
|
|upkeep
|turn|2
|
|t:|1785882052
|switch|p1a: Rotom|Rotom-Heat, L50|100/100
|move|p2a: Pidgeot|Hurricane|p1b: Garchomp
|-damage|p1b: Garchomp|0 fnt
|faint|p1b: Garchomp
|move|p2b: Rotom|Thunderbolt|p1a: Rotom
|-resisted|p1a: Rotom|1
|-damage|p1a: Rotom|80/100
|
|upkeep
|
|t:|1785882060
|switch|p1b: Sceptile|Sceptile, L50, F|100/100
|turn|3
|
|t:|1785882075
|switch|p2a: Excadrill|Excadrill, L50, M|100/100
|detailschange|p1b: Sceptile|Sceptile-Mega, L50, F
|-mega|p1b: Sceptile|Sceptile|Sceptilite
|move|p2b: Rotom|Protect|p2b: Rotom
|-singleturn|p2b: Rotom|Protect
|move|p1a: Rotom|Discharge|p2b: Rotom|[spread] 
|-activate|p2b: Rotom|move: Protect
|-ability|p1b: Sceptile|Lightning Rod|boost
|-boost|p1b: Sceptile|spa|1
|-immune|p2a: Excadrill
|move|p1b: Sceptile|Energy Ball|p2b: Rotom
|-activate|p2b: Rotom|move: Protect
|
|upkeep
|turn|4
|
|t:|1785882124
|switch|p2b: Tsareena|Tsareena, L50, F|100/100
|move|p1a: Rotom|Discharge|p2a: Excadrill|[spread] p2b
|-ability|p1b: Sceptile|Lightning Rod|boost
|-boost|p1b: Sceptile|spa|1
|-immune|p2a: Excadrill
|-resisted|p2b: Tsareena|1
|-damage|p2b: Tsareena|83/100
|-status|p2b: Tsareena|par
|move|p1b: Sceptile|Energy Ball|p2b: Tsareena
|-resisted|p2b: Tsareena|1
|-damage|p2b: Tsareena|18/100 par
|move|p2a: Excadrill|Rock Slide|p1a: Rotom|[spread] p1a
|-miss|p2a: Excadrill|p1b: Sceptile
|-supereffective|p1a: Rotom|1
|-damage|p1a: Rotom|15/100
|
|-sideend|p2: PopoVGC|move: Tailwind
|-sideend|p1: superG195|move: Tailwind
|upkeep
|turn|5
|
|t:|1785882180
|move|p1a: Rotom|Discharge|p2b: Tsareena|[spread] p2b
|-ability|p1b: Sceptile|Lightning Rod|boost
|-boost|p1b: Sceptile|spa|1
|-immune|p2a: Excadrill
|-resisted|p2b: Tsareena|1
|-damage|p2b: Tsareena|2/100 par
|move|p1b: Sceptile|Energy Ball|p2b: Tsareena
|-resisted|p2b: Tsareena|1
|-damage|p2b: Tsareena|0 fnt
|faint|p2b: Tsareena
|move|p2a: Excadrill|Iron Head|p1b: Sceptile
|-damage|p1b: Sceptile|38/100
|
|upkeep
|
|t:|1785882189
|switch|p2b: Rotom|Rotom-Wash, L50|100/100
|turn|6
|
|t:|1785882218
|switch|p1a: Corviknight|Corviknight, L50, M|100/100
|move|p1b: Sceptile|Energy Ball|p2b: Rotom
|-supereffective|p2b: Rotom|1
|-damage|p2b: Rotom|0 fnt
|faint|p2b: Rotom
|move|p2a: Excadrill|Iron Head|p1b: Sceptile
|-damage|p1b: Sceptile|0 fnt
|faint|p1b: Sceptile
|
|upkeep
|
|t:|1785882227
|switch|p1b: Rotom|Rotom-Heat, L50|15/100
|switch|p2b: Pidgeot|Pidgeot-Mega, L50, F|100/100
|turn|7
|
|t:|1785882251
|move|p2b: Pidgeot|Protect|p2b: Pidgeot
|-singleturn|p2b: Pidgeot|Protect
|move|p1b: Rotom|Volt Switch|p2b: Pidgeot
|-activate|p2b: Pidgeot|move: Protect
|move|p2a: Excadrill|Rock Slide|p1a: Corviknight|[spread] p1a,p1b
|-supereffective|p1b: Rotom|1
|-damage|p1a: Corviknight|81/100
|-damage|p1b: Rotom|0 fnt
|faint|p1b: Rotom
|move|p1a: Corviknight|Tailwind|p1a: Corviknight
|-sidestart|p1: superG195|move: Tailwind
|
|-heal|p1a: Corviknight|87/100|[from] item: Leftovers
|upkeep
|turn|8
|-message|superG195 forfeited.
|
|win|PopoVGC
|raw|superG195's rating: 1231 → 1203(-28 for losing)
|raw|PopoVGC's rating: 1190 → 1218(+28 for winning)
|l|☆superG195
|player|p1|
