|j|☆leomartinfa
|j|☆SelvesterTheYAK
|html|leomartinfaSelvesterTheYAK    
|uhtml|bestof|Game 1 of a best-of-3
|t:|1756924062
|gametype|doubles
|player|p1|leomartinfa|1|1031
|player|p2|SelvesterTheYAK|101|1097
|gen|9
|tier|[Gen 9] VGC 2025 Reg H (Bo3)
|rated|
|rule|Species Clause: Limit one of each Pokémon
|rule|Item Clause: Limit 1 of each item
|clearpoke
|poke|p1|Gholdengo, L50|
|poke|p1|Dragonite, L50, F|
|poke|p1|Ursaluna-Bloodmoon, L50, M|
|poke|p1|Sneasler, L50, M|
|poke|p1|Incineroar, L50, M|
|poke|p1|Amoonguss, L50, M|
|poke|p2|Tyranitar, L50, F|
|poke|p2|Garchomp, L50, F|
|poke|p2|Gholdengo, L50|
|poke|p2|Talonflame, L50, F|
|poke|p2|Amoonguss, L50, M|
|poke|p2|Milotic, L50, M|
|teampreview|4
|showteam|p1|Gholdengo||LifeOrb|GoodasGold|MakeItRain,ShadowBall,NastyPlot,Protect||||||50|,,,,,Steel]Dragonite||LoadedDice|Multiscale|ScaleShot,Tailwind,Haze,Protect|||F|||50|,,,,,Fairy]Ursaluna-Bloodmoon||AssaultVest|MindsEye|BloodMoon,HyperBeam,EarthPower,VacuumWave|||M|||50|,,,,,Normal]Sneasler||FocusSash|Unburden|DireClaw,CloseCombat,ThroatChop,Protect|||M|||50|,,,,,Dark]Incineroar||SafetyGoggles|Intimidate|KnockOff,FlareBlitz,PartingShot,FakeOut|||M|||50|,,,,,Ghost]Amoonguss||SitrusBerry|Regenerator|Spore,RagePowder,PollenPuff,Protect|||M|||50|,,,,,Water
|showteam|p2|Tyranitar||AssaultVest|SandStream|RockSlide,TeraBlast,KnockOff,LowKick|||F|||50|,,,,,Flying]Garchomp||LifeOrb|SandVeil|Protect,DragonClaw,StompingTantrum,Earthquake|||F|||50|,,,,,Steel]Gholdengo||MetalCoat|GoodasGold|MakeItRain,ShadowBall,Protect,NastyPlot||||||50|,,,,,Flying]Talonflame||CovertCloak|GaleWings|BraveBird,Tailwind,WillOWisp,Taunt|||F|||50|,,,,,Ghost]Amoonguss||SitrusBerry|Regenerator|Protect,Spore,RagePowder,PollenPuff|||M|||50|,,,,,Water]Milotic||SafetyGoggles|Competitive|Haze,Protect,IcyWind,Scald|||M|||50|,,,,,Dragon
|inactive|Battle timer is ON: inactive players will automatically lose when time's up. (requested by SelvesterTheYAK)
|
|t:|1756924131
|teamsize|p1|4
|teamsize|p2|4
|start
|switch|p1a: Dragonite|Dragonite, L50, F|100/100
|switch|p1b: Amoonguss|Amoonguss, L50, M|100/100
|switch|p2a: Talonflame|Talonflame, L50, F|100/100
|switch|p2b: Garchomp|Garchomp, L50, F|100/100
|turn|1
|inactive|leomartinfa has 30 seconds left.
|inactive|SelvesterTheYAK has 30 seconds left.
|inactive|leomartinfa has 20 seconds left.
|
|t:|1756924167
|-terastallize|p1b: Amoonguss|Water
|move|p1b: Amoonguss|Rage Powder|p1b: Amoonguss
|-singleturn|p1b: Amoonguss|move: Rage Powder
|move|p2a: Talonflame|Taunt|p1b: Amoonguss
|-start|p1b: Amoonguss|move: Taunt
|move|p2b: Garchomp|Dragon Claw|p1b: Amoonguss
|-damage|p1b: Amoonguss|57/100
|-damage|p2b: Garchomp|91/100|[from] item: Life Orb
|move|p1a: Dragonite|Tailwind|p1a: Dragonite
|-sidestart|p1: leomartinfa|move: Tailwind
|
|upkeep
|turn|2
|inactive|leomartinfa has 30 seconds left.
|inactive|SelvesterTheYAK has 30 seconds left.
|inactive|leomartinfa has 20 seconds left.
|inactive|SelvesterTheYAK has 20 seconds left.
|inactive|leomartinfa has 15 seconds left.
|
|t:|1756924209
|switch|p1b: Sneasler|Sneasler, L50, M|100/100
|move|p2a: Talonflame|Tailwind|p2a: Talonflame
|-sidestart|p2: SelvesterTheYAK|move: Tailwind
|move|p2b: Garchomp|Dragon Claw|p1a: Dragonite
|-supereffective|p1a: Dragonite
|-damage|p1a: Dragonite|35/100
|-damage|p2b: Garchomp|81/100|[from] item: Life Orb
|move|p1a: Dragonite|Scale Shot|p2b: Garchomp
|-supereffective|p2b: Garchomp
|-damage|p2b: Garchomp|52/100
|-supereffective|p2b: Garchomp
|-damage|p2b: Garchomp|19/100
|-supereffective|p2b: Garchomp
|-damage|p2b: Garchomp|0 fnt
|faint|p2b: Garchomp
|-hitcount|p2: Garchomp|3
|-unboost|p1a: Dragonite|def|1
|-boost|p1a: Dragonite|spe|1
|
|upkeep
|
|t:|1756924231
|switch|p2b: Gholdengo|Gholdengo, L50|100/100
|turn|3
|inactive|leomartinfa has 30 seconds left.
|inactive|SelvesterTheYAK has 30 seconds left.
|inactive|SelvesterTheYAK has 20 seconds left.
|inactive|SelvesterTheYAK has 15 seconds left.
|inactive|SelvesterTheYAK has 10 seconds left.
|
|t:|1756924278
|move|p2b: Gholdengo|Protect|p2b: Gholdengo
|-singleturn|p2b: Gholdengo|Protect
|move|p1a: Dragonite|Scale Shot|p2a: Talonflame
|-damage|p2a: Talonflame|83/100
|-damage|p2a: Talonflame|64/100
|-damage|p2a: Talonflame|47/100
|-damage|p2a: Talonflame|28/100
|-damage|p2a: Talonflame|10/100
|-hitcount|p2a: Talonflame|5
|-unboost|p1a: Dragonite|def|1
|-boost|p1a: Dragonite|spe|1
|move|p2a: Talonflame|Will-O-Wisp|p1b: Sneasler
|-status|p1b: Sneasler|brn
|move|p1b: Sneasler|Throat Chop|p2b: Gholdengo
|-activate|p2b: Gholdengo|move: Protect
|
|-damage|p1b: Sneasler|95/100 brn|[from] brn
|upkeep
|turn|4
|inactive|leomartinfa has 30 seconds left.
|inactive|SelvesterTheYAK has 30 seconds left.
|inactive|leomartinfa has 20 seconds left.
|
|t:|1756924316
|move|p1a: Dragonite|Scale Shot|p2b: Gholdengo
|-resisted|p2b: Gholdengo
|-damage|p2b: Gholdengo|93/100
|-resisted|p2b: Gholdengo
|-damage|p2b: Gholdengo|83/100
|-resisted|p2b: Gholdengo
|-damage|p2b: Gholdengo|75/100
|-resisted|p2b: Gholdengo
|-damage|p2b: Gholdengo|67/100
|-hitcount|p2b: Gholdengo|4
|-unboost|p1a: Dragonite|def|1
|-boost|p1a: Dragonite|spe|1
|move|p2a: Talonflame|Brave Bird|p1b: Sneasler
|-supereffective|p1b: Sneasler
|-damage|p1b: Sneasler|0 fnt
|faint|p1b: Sneasler
|-damage|p2a: Talonflame|0 fnt|[from] Recoil
|faint|p2a: Talonflame
|move|p2b: Gholdengo|Make It Rain|p1a: Dragonite
|-damage|p1a: Dragonite|0 fnt
|-unboost|p2b: Gholdengo|spa|1
|faint|p1a: Dragonite
|
|-sideend|p1: leomartinfa|move: Tailwind
|upkeep
|
|t:|1756924337
|switch|p2a: Tyranitar|Tyranitar, L50, F|100/100
|switch|p1b: Amoonguss|Amoonguss, L50, M, tera:Water|90/100
|switch|p1a: Ursaluna|Ursaluna-Bloodmoon, L50, M|100/100
|-weather|Sandstorm|[from] ability: Sand Stream|[of] p2a: Tyranitar
|turn|5
|inactive|leomartinfa has 30 seconds left.
|inactive|leomartinfa has 20 seconds left.
|inactive|leomartinfa has 15 seconds left.
|inactive|leomartinfa has 10 seconds left.
|
|t:|1756924385
|move|p1b: Amoonguss|Rage Powder|p1b: Amoonguss
|-singleturn|p1b: Amoonguss|move: Rage Powder
|move|p2b: Gholdengo|Shadow Ball|p1b: Amoonguss
|-damage|p1b: Amoonguss|67/100
|-unboost|p1b: Amoonguss|spd|1
|move|p2a: Tyranitar|Low Kick|p1b: Amoonguss
|-damage|p1b: Amoonguss|54/100
|move|p1a: Ursaluna|Earth Power|p2b: Gholdengo
|-supereffective|p2b: Gholdengo
|-damage|p2b: Gholdengo|0 fnt
|faint|p2b: Gholdengo
|
|-weather|Sandstorm|[upkeep]
|-damage|p1b: Amoonguss|48/100|[from] Sandstorm
|-enditem|p1b: Amoonguss|Sitrus Berry|[eat]
|-heal|p1b: Amoonguss|73/100|[from] item: Sitrus Berry
|-sideend|p2: SelvesterTheYAK|move: Tailwind
|upkeep
|turn|6
|inactive|SelvesterTheYAK has 30 seconds left.
|inactive|SelvesterTheYAK has 20 seconds left.
|inactive|SelvesterTheYAK has 15 seconds left.
|
|t:|1756924427
|move|p1b: Amoonguss|Rage Powder|p1b: Amoonguss
|-singleturn|p1b: Amoonguss|move: Rage Powder
|move|p1a: Ursaluna|Blood Moon|p2a: Tyranitar
|-resisted|p2a: Tyranitar
|-damage|p2a: Tyranitar|84/100
|move|p2a: Tyranitar|Rock Slide|p1b: Amoonguss|[spread] p1a,p1b
|-resisted|p1a: Ursaluna
|-damage|p1a: Ursaluna|87/100
|-damage|p1b: Amoonguss|45/100
|
|-weather|Sandstorm|[upkeep]
|-damage|p1b: Amoonguss|39/100|[from] Sandstorm
|upkeep
|turn|7
|
|t:|1756924447
|-terastallize|p2a: Tyranitar|Flying
|move|p1a: Ursaluna|Vacuum Wave|p2a: Tyranitar
|-resisted|p2a: Tyranitar
|-damage|p2a: Tyranitar|80/100
|move|p2a: Tyranitar|Tera Blast|p1b: Amoonguss|[anim] Tera Blast Flying
|-damage|p1b: Amoonguss|3/100
|move|p1b: Amoonguss|Spore|p2a: Tyranitar
|-status|p2a: Tyranitar|slp|[from] move: Spore
|
|-weather|Sandstorm|[upkeep]
|-damage|p2a: Tyranitar|74/100 slp|[from] Sandstorm
|-damage|p1b: Amoonguss|0 fnt|[from] Sandstorm
|faint|p1b: Amoonguss
|upkeep
|turn|8
|
|t:|1756924464
|move|p1a: Ursaluna|Blood Moon|p2a: Tyranitar
|-damage|p2a: Tyranitar|26/100 slp
|cant|p2a: Tyranitar|slp
|
|-weather|Sandstorm|[upkeep]
|-damage|p2a: Tyranitar|20/100 slp|[from] Sandstorm
|upkeep
|turn|9
|
|t:|1756924474
|move|p1a: Ursaluna|Hyper Beam|p2a: Tyranitar
|-damage|p2a: Tyranitar|0 fnt
|-mustrecharge|p1a: Ursaluna
|faint|p2a: Tyranitar
|
|win|leomartinfa
||leomartinfa is ready for game 2.
|inactive|SelvesterTheYAK has 30 seconds to confirm battle start!
||SelvesterTheYAK is ready for game 2.
|uhtml|next|Next: Game 2 of 3
|l|☆leomartinfa
|player|p1|
