|j|☆new mental
|j|☆pink spoon
|html|new mentalpink spoon    
|uhtml|bestof|Game 2 of a best-of-3
|t:|1783424552
|gametype|doubles
|player|p1|new mental|volkner|1367
|player|p2|pink spoon|parasollady|1287
|gen|9
|tier|[Gen 9 Champions] VGC 2026 Reg M-B (Bo3)
|rated|
|rule|Species Clause: Limit one of each Pokémon
|rule|Item Clause: Limit 1 of each item
|clearpoke
|poke|p1|Aerodactyl, L50, F|
|poke|p1|Garchomp, L50, M|
|poke|p1|Kingambit, L50, F|
|poke|p1|Charizard, L50, F|
|poke|p1|Sylveon, L50, F|
|poke|p1|Farigiraf, L50, M|
|poke|p2|Mawile, L50, F|
|poke|p2|Whimsicott, L50, F|
|poke|p2|Primarina, L50, M|
|poke|p2|Incineroar, L50, M|
|poke|p2|Farigiraf, L50, M|
|poke|p2|Delphox, L50, F|
|teampreview|4
|showteam|p1|Aerodactyl||Aerodactylite|Unnerve|IceFang,RockSlide,Tailwind,DualWingbeat|Jolly||F|||50|]Garchomp||LifeOrb|RoughSkin|DragonClaw,StompingTantrum,Earthquake,Protect|Jolly||M|||50|]Kingambit||FocusSash|Defiant|SuckerPunch,KowtowCleave,IronHead,LowKick|Adamant||F|||50|]Charizard||CharizarditeY|SolarPower|Protect,HeatWave,SolarBeam,WeatherBall|Timid||F|||50|]Sylveon||FairyFeather|Pixilate|Protect,HyperVoice,HyperBeam,QuickAttack|Modest||F|||50|]Farigiraf||SitrusBerry|ArmorTail|TrickRoom,Thunderbolt,Psychic,Roar|Bold||M|||50|
|showteam|p2|Mawile||Mawilite|HyperCutter|PlayRough,SuckerPunch,SwordsDance,Protect|Brave||F|||50|]Whimsicott||FocusSash|Prankster|Moonblast,SunnyDay,Tailwind,Protect|Timid||F|||50|]Primarina||MysticWater|LiquidVoice|HyperVoice,Moonblast,CalmMind,Protect|Modest||M|||50|]Incineroar||WhiteHerb|Intimidate|FlareBlitz,ThroatChop,CloseCombat,FakeOut|Adamant||M|||50|]Farigiraf||SitrusBerry|ArmorTail|Psychic,RainDance,TrickRoom,Protect|Bold||M|||50|]Delphox||Delphoxite|Blaze|HeatWave,Psyshock,NastyPlot,Protect|Timid||F|||50|
|
|t:|1783424692
|teamsize|p1|4
|teamsize|p2|4
|start
|switch|p1a: Kingambit|Kingambit, L50, F|100/100
|switch|p1b: Farigiraf|Farigiraf, L50, M|100/100
|switch|p2a: Primarina|Primarina, L50, M|100/100
|switch|p2b: Incineroar|Incineroar, L50, M|100/100
|-ability|p2b: Incineroar|Intimidate|boost
|-unboost|p1a: Kingambit|atk|1
|-ability|p1a: Kingambit|Defiant|boost
|-boost|p1a: Kingambit|atk|2
|-unboost|p1b: Farigiraf|atk|1
|turn|1
|
|t:|1783424708
|move|p2a: Primarina|Hyper Voice|p1a: Kingambit|[spread] p1a,p1b
|-damage|p1a: Kingambit|53/100
|-damage|p1b: Farigiraf|58/100
|move|p2b: Incineroar|Close Combat|p1a: Kingambit
|-supereffective|p1a: Kingambit|2
|-crit|p1a: Kingambit
|-damage|p1a: Kingambit|0 fnt
|-unboost|p2b: Incineroar|def|1
|-unboost|p2b: Incineroar|spd|1
|faint|p1a: Kingambit
|-enditem|p2b: Incineroar|White Herb
|-clearnegativeboost|p2b: Incineroar|[silent]
|move|p1b: Farigiraf|Trick Room|p1b: Farigiraf
|-fieldstart|move: Trick Room|[of] p1b: Farigiraf
|
|upkeep
|
|t:|1783424714
|switch|p1a: Sylveon|Sylveon, L50, F|100/100
|turn|2
|
|t:|1783424725
|switch|p2a: Mawile|Mawile, L50, F|100/100
|move|p1a: Sylveon|Protect|p1a: Sylveon
|-singleturn|p1a: Sylveon|Protect
|move|p2b: Incineroar|Throat Chop|p1b: Farigiraf
|-supereffective|p1b: Farigiraf|1
|-damage|p1b: Farigiraf|0 fnt
|faint|p1b: Farigiraf
|
|upkeep
|
|t:|1783424733
|switch|p1b: Charizard|Charizard, L50, F|100/100
|turn|3
|
|t:|1783424746
|detailschange|p2a: Mawile|Mawile-Mega, L50, F
|-mega|p2a: Mawile|Mawile|Mawilite
|detailschange|p1b: Charizard|Charizard-Mega-Y, L50, F
|-mega|p1b: Charizard|Charizard|Charizardite Y
|-weather|SunnyDay|[from] ability: Drought|[of] p1b: Charizard
|move|p2a: Mawile|Protect|p2a: Mawile
|-singleturn|p2a: Mawile|Protect
|move|p1a: Sylveon|Protect||[still]
|-fail|p1a: Sylveon
|move|p2b: Incineroar|Flare Blitz|p1a: Sylveon
|-damage|p1a: Sylveon|0 fnt
|faint|p1a: Sylveon
|-damage|p2b: Incineroar|67/100|[from] Recoil
|move|p1b: Charizard|Heat Wave|p2a: Mawile|[spread] p2b
|-activate|p2a: Mawile|move: Protect
|-resisted|p2b: Incineroar|1
|-damage|p2b: Incineroar|39/100
|
|-weather|SunnyDay|[upkeep]
|upkeep
|turn|4
|
|t:|1783424767
|move|p1b: Charizard|Protect|p1b: Charizard
|-singleturn|p1b: Charizard|Protect
|move|p2a: Mawile|Sucker Punch||[still]
|-fail|p2a: Mawile
|move|p2b: Incineroar|Flare Blitz|p1b: Charizard
|-activate|p1b: Charizard|move: Protect
|
|-weather|SunnyDay|[upkeep]
|upkeep
|turn|5
|
|t:|1783424775
|move|p1b: Charizard|Protect||[still]
|-fail|p1b: Charizard
|move|p2a: Mawile|Sucker Punch||[still]
|-fail|p2a: Mawile
|move|p2b: Incineroar|Flare Blitz|p1b: Charizard
|-resisted|p1b: Charizard|1
|-damage|p1b: Charizard|55/100
|-damage|p2b: Incineroar|24/100|[from] Recoil
|
|-weather|SunnyDay|[upkeep]
|-fieldend|move: Trick Room
|upkeep
|turn|6
|
|t:|1783424789
|move|p2a: Mawile|Sucker Punch|p1b: Charizard
|-damage|p1b: Charizard|8/100
|move|p1b: Charizard|Heat Wave|p2b: Incineroar|[spread] p2a,p2b
|-supereffective|p2a: Mawile|1
|-resisted|p2b: Incineroar|1
|-damage|p2a: Mawile|0 fnt
|-damage|p2b: Incineroar|0 fnt
|faint|p2a: Mawile
|faint|p2b: Incineroar
|
|-weather|SunnyDay|[upkeep]
|upkeep
|
|t:|1783424794
|switch|p2b: Primarina|Primarina, L50, M|100/100
|switch|p2a: Farigiraf|Farigiraf, L50, M|100/100
|turn|7
|
|t:|1783424816
|move|p1b: Charizard|Protect|p1b: Charizard
|-singleturn|p1b: Charizard|Protect
|move|p2b: Primarina|Hyper Voice|p1b: Charizard
|-activate|p1b: Charizard|move: Protect
|move|p2a: Farigiraf|Psychic|p1b: Charizard
|-activate|p1b: Charizard|move: Protect
|
|-weather|none
|upkeep
|turn|8
|
|t:|1783424825
|move|p1b: Charizard|Heat Wave|p2a: Farigiraf|[spread] p2a,p2b
|-resisted|p2b: Primarina|1
|-damage|p2a: Farigiraf|66/100
|-damage|p2b: Primarina|82/100
|move|p2b: Primarina|Hyper Voice|p1b: Charizard
|-supereffective|p1b: Charizard|1
|-damage|p1b: Charizard|0 fnt
|faint|p1b: Charizard
|
|win|pink spoon
|raw|new mental's rating: 1367 → 1342(-25 for losing)
|raw|pink spoon's rating: 1287 → 1318(+31 for winning)
