|j|☆Nnico Iosi
|j|☆Capfoo
|html|Nnico IosiCapfoo    
|uhtml|bestof|Game 2 of a best-of-3
|t:|1756982891
|gametype|doubles
|player|p1|Nnico Iosi|artist|1232
|player|p2|Capfoo|brawly|1232
|gen|9
|tier|[Gen 9] VGC 2025 Reg H (Bo3)
|rated|
|rule|Species Clause: Limit one of each Pokémon
|rule|Item Clause: Limit 1 of each item
|clearpoke
|poke|p1|Espathra, L50, M|
|poke|p1|Rillaboom, L50, F|
|poke|p1|Kingambit, L50, M|
|poke|p1|Amoonguss, L50, F|
|poke|p1|Magmar, L50, F|
|poke|p1|Ursaluna-Bloodmoon, L50, M|
|poke|p2|Whimsicott, L50, M|
|poke|p2|Annihilape, L50, M|
|poke|p2|Archaludon, L50, M|
|poke|p2|Meowscarada, L50, F|
|poke|p2|Pelipper, L50, M|
|poke|p2|Indeedee-F, L50, F|
|teampreview|4
|showteam|p1|Espathra||GrassySeed|SpeedBoost|CalmMind,StoredPower,TeraBlast,Protect|||M|||50|,,,,,Fighting]Rillaboom||MiracleSeed|GrassySurge|FakeOut,GrassyGlide,WoodHammer,HighHorsepower|||F|||50|,,,,,Fire]Kingambit||BlackGlasses|Defiant|KowtowCleave,SuckerPunch,SwordsDance,Protect|||M|||50|,,,,,Ghost]Amoonguss||CovertCloak|Regenerator|Protect,RagePowder,PollenPuff,Spore|||F|||50|,,,,,Water]Magmar||Eviolite|VitalSpirit|Overheat,WillOWisp,FollowMe,Protect|||F|||50|,,,,,Ghost]Ursaluna-Bloodmoon||AssaultVest|MindsEye|HyperVoice,BloodMoon,EarthPower,VacuumWave|||M|||50|,,,,,Fairy
|showteam|p2|Whimsicott||CovertCloak|Prankster|Tailwind,DazzlingGleam,Taunt,BeatUp|||M|||50|,,,,,Water]Annihilape||Leftovers|Defiant|DrainPunch,RageFist,BulkUp,Protect|||M|||50|,,,,,Fire]Archaludon||AssaultVest|Stamina|BodyPress,FlashCannon,DragonPulse,ElectroShot|||M|||50|,,,,,Ghost]Meowscarada||ChoiceBand|Protean|FlowerTrick,KnockOff,TripleAxel,Uturn|||F|||50|,,,,,Grass]Pelipper||ChoiceScarf|Drizzle|Hurricane,WeatherBall,MuddyWater,Uturn|||M|||50|,,,,,Grass]Indeedee-F||SafetyGoggles|PsychicSurge|FollowMe,Psychic,Imprison,TrickRoom|||F|||50|,,,,,Fairy
|inactive|Battle timer is ON: inactive players will automatically lose when time's up. (requested by Capfoo)
|
|t:|1756982944
|teamsize|p1|4
|teamsize|p2|4
|start
|switch|p1a: Espathra|Espathra, L50, M|100/100
|switch|p1b: Magmar|Magmar, L50, F|100/100
|switch|p2a: Pelipper|Pelipper, L50, M|100/100
|switch|p2b: Archaludon|Archaludon, L50, M|100/100
|-weather|RainDance|[from] ability: Drizzle|[of] p2a: Pelipper
|turn|1
|
|t:|1756982969
|move|p1a: Espathra|Protect|p1a: Espathra
|-singleturn|p1a: Espathra|Protect
|move|p1b: Magmar|Protect|p1b: Magmar
|-singleturn|p1b: Magmar|Protect
|move|p2a: Pelipper|Muddy Water|p1a: Espathra|[spread] 
|-activate|p1a: Espathra|move: Protect
|-activate|p1b: Magmar|move: Protect
|move|p2b: Archaludon|Electro Shot||[still]
|-prepare|p2b: Archaludon|Electro Shot
|-boost|p2b: Archaludon|spa|1
|-anim|p2b: Archaludon|Electro Shot|p1a: Espathra
|-activate|p1a: Espathra|move: Protect
|
|-weather|RainDance|[upkeep]
|-ability|p1a: Espathra|Speed Boost|boost
|-boost|p1a: Espathra|spe|1
|upkeep
|turn|2
|
|t:|1756982981
|move|p1b: Magmar|Follow Me|p1b: Magmar
|-singleturn|p1b: Magmar|move: Follow Me
|move|p1a: Espathra|Calm Mind|p1a: Espathra
|-boost|p1a: Espathra|spa|1
|-boost|p1a: Espathra|spd|1
|move|p2a: Pelipper|Muddy Water|p1a: Espathra|[spread] p1a,p1b
|-supereffective|p1b: Magmar
|-damage|p1a: Espathra|51/100
|-damage|p1b: Magmar|31/100
|move|p2b: Archaludon|Electro Shot||[still]
|-prepare|p2b: Archaludon|Electro Shot
|-boost|p2b: Archaludon|spa|1
|-anim|p2b: Archaludon|Electro Shot|p1b: Magmar
|-damage|p1b: Magmar|0 fnt
|faint|p1b: Magmar
|
|-weather|RainDance|[upkeep]
|-ability|p1a: Espathra|Speed Boost|boost
|-boost|p1a: Espathra|spe|1
|upkeep
|
|t:|1756982994
|switch|p1b: Rillaboom|Rillaboom, L50, F|100/100
|-fieldstart|move: Grassy Terrain|[from] ability: Grassy Surge|[of] p1b: Rillaboom
|-enditem|p1a: Espathra|Grassy Seed
|-boost|p1a: Espathra|def|1|[from] item: Grassy Seed
|turn|3
|inactive|Nnico Iosi has 30 seconds left.
|inactive|Nnico Iosi has 20 seconds left.
|
|t:|1756983033
|switch|p2a: Indeedee|Indeedee-F, L50, F|100/100
|-fieldstart|move: Psychic Terrain|[from] ability: Psychic Surge|[of] p2a: Indeedee
|-terastallize|p2b: Archaludon|Ghost
|move|p1a: Espathra|Protect|p1a: Espathra
|-singleturn|p1a: Espathra|Protect
|move|p1b: Rillaboom|Fake Out|p2a: Indeedee
|-activate|p2a: Indeedee|move: Psychic Terrain
|move|p2b: Archaludon|Electro Shot||[still]
|-prepare|p2b: Archaludon|Electro Shot
|-boost|p2b: Archaludon|spa|1
|-anim|p2b: Archaludon|Electro Shot|p1a: Espathra
|-activate|p1a: Espathra|move: Protect
|
|-weather|RainDance|[upkeep]
|-ability|p1a: Espathra|Speed Boost|boost
|-boost|p1a: Espathra|spe|1
|upkeep
|turn|4
|inactive|Nnico Iosi has 30 seconds left.
|
|t:|1756983065
|move|p2a: Indeedee|Follow Me|p2a: Indeedee
|-singleturn|p2a: Indeedee|move: Follow Me
|move|p1a: Espathra|Stored Power|p2a: Indeedee
|-resisted|p2a: Indeedee
|-damage|p2a: Indeedee|33/100
|move|p2b: Archaludon|Electro Shot||[still]
|-prepare|p2b: Archaludon|Electro Shot
|-boost|p2b: Archaludon|spa|1
|-anim|p2b: Archaludon|Electro Shot|p1a: Espathra
|-damage|p1a: Espathra|0 fnt
|faint|p1a: Espathra
|move|p1b: Rillaboom|Wood Hammer|p2a: Indeedee
|-damage|p2a: Indeedee|0 fnt
|faint|p2a: Indeedee
|-damage|p1b: Rillaboom|91/100|[from] Recoil
|
|-weather|RainDance|[upkeep]
|upkeep
|
|t:|1756983077
|switch|p1a: Amoonguss|Amoonguss, L50, F|100/100
|switch|p2a: Pelipper|Pelipper, L50, M|100/100
|turn|5
|
|t:|1756983087
|move|p2a: Pelipper|Hurricane|p1a: Amoonguss
|-supereffective|p1a: Amoonguss
|-damage|p1a: Amoonguss|5/100
|move|p2b: Archaludon|Dragon Pulse|p1a: Amoonguss
|-damage|p1a: Amoonguss|0 fnt
|faint|p1a: Amoonguss
|move|p1b: Rillaboom|Wood Hammer|p2b: Archaludon
|-damage|p2b: Archaludon|40/100
|-ability|p2b: Archaludon|Stamina|boost
|-boost|p2b: Archaludon|def|1
|-damage|p1b: Rillaboom|71/100|[from] Recoil
|
|-weather|none
|upkeep
|turn|6
|
|t:|1756983098
|move|p2a: Pelipper|Hurricane|p1b: Rillaboom
|-supereffective|p1b: Rillaboom
|-damage|p1b: Rillaboom|0 fnt
|faint|p1b: Rillaboom
|
|win|Capfoo
|raw|Nnico Iosi's rating: 1232 → 1207(-25 for losing)
|raw|Capfoo's rating: 1232 → 1257(+25 for winning)
|c|☆Capfoo|ggs
|c|☆Nnico Iosi|Ggs
