|j|☆jeanryupr
|j|☆leonelmessyone
|html|jeanryuprleonelmessyone    
|uhtml|bestof|Game 1 of a best-of-3
|t:|1785710082
|gametype|doubles
|player|p1|jeanryupr|101|1152
|player|p2|leonelmessyone|169|1156
|gen|9
|tier|[Gen 9 Champions] VGC 2026 Reg M-B (Bo3)
|rated|
|rule|Species Clause: Limit one of each Pokémon
|rule|Item Clause: Limit 1 of each item
|clearpoke
|poke|p1|Raichu, L50, M|
|poke|p1|Aerodactyl, L50, M|
|poke|p1|Sylveon, L50, F|
|poke|p1|Basculegion, L50, M|
|poke|p1|Farigiraf, L50, M|
|poke|p1|Garchomp, L50, M|
|poke|p2|Sceptile, L50, M, shiny|
|poke|p2|Golurk, L50, shiny|
|poke|p2|Rotom-Wash, L50, shiny|
|poke|p2|Arcanine, L50, F, shiny|
|poke|p2|Goodra-Hisui, L50, M, shiny|
|poke|p2|Oranguru, L50, F, shiny|
|teampreview|4
|showteam|p1|Raichu||RaichuniteY|Static|FocusBlast,ZapCannon,FakeOut,Protect|Timid||M|||50|]Aerodactyl||Aerodactylite|Unnerve|WideGuard,IceFang,RockSlide,Tailwind|Jolly||M|||50|]Sylveon||FairyFeather|Pixilate|Detect,QuickAttack,HyperBeam,HyperVoice|Modest||F|||50|]Basculegion||FocusSash|Adaptability|LastRespects,AquaJet,WaveCrash,Protect|Adamant||M|||50|]Farigiraf||SitrusBerry|ArmorTail|TrickRoom,HelpingHand,Thunderbolt,TwinBeam|Bold||M|||50|]Garchomp|||RoughSkin|Protect,DragonClaw,StompingTantrum,Earthquake|Jolly||M|||50|
|showteam|p2|Sceptile||Sceptilite|Overgrow|EnergyBall,EarthPower,DragonPulse,ShedTail|Modest||M|||50|]Golurk||Golurkite|NoGuard|RockSlide,HighHorsepower,Poltergeist,Protect|Brave|||||50|]Rotom-Wash||ChoiceScarf|Levitate|Discharge,VoltSwitch,Trick,HydroPump|Modest|||||50|]Arcanine||LifeOrb|Intimidate|Protect,WillOWisp,ExtremeSpeed,FlareBlitz|Jolly||F|||50|]Goodra-Hisui||Leftovers|SapSipper|Shelter,BodyPress,HeavySlam,LifeDew|Relaxed||M|||50|]Oranguru||MentalHerb|InnerFocus|TrickRoom,Gravity,FoulPlay,Instruct|Sassy||F|||50|
|
|t:|1785710142
|teamsize|p1|4
|teamsize|p2|4
|start
|switch|p1a: Farigiraf|Farigiraf, L50, M|100/100
|switch|p1b: Raichu|Raichu, L50, M|100/100
|switch|p2a: Golurk|Golurk, L50, shiny|100/100
|switch|p2b: Oranguru|Oranguru, L50, F, shiny|100/100
|turn|1
|
|t:|1785710182
|switch|p2b: Goodra|Goodra-Hisui, L50, M, shiny|100/100
|detailschange|p1b: Raichu|Raichu-Mega-Y, L50, M
|-mega|p1b: Raichu|Raichu|Raichunite Y
|detailschange|p2a: Golurk|Golurk-Mega, L50, shiny
|-mega|p2a: Golurk|Golurk|Golurkite
|move|p1a: Farigiraf|Helping Hand|p1b: Raichu
|-singleturn|p1b: Raichu|Helping Hand|[of] p1a: Farigiraf
|move|p1b: Raichu|Focus Blast|p2b: Goodra
|-supereffective|p2b: Goodra|1
|-damage|p2b: Goodra|4/100
|move|p2a: Golurk|High Horsepower|p1b: Raichu
|-supereffective|p1b: Raichu|1
|-damage|p1b: Raichu|0 fnt
|faint|p1b: Raichu
|
|-heal|p2b: Goodra|10/100|[from] item: Leftovers
|upkeep
|
|t:|1785710195
|switch|p1b: Sylveon|Sylveon, L50, F|100/100
|turn|2
|
|t:|1785710221
|switch|p2b: Oranguru|Oranguru, L50, F, shiny|100/100
|move|p1b: Sylveon|Detect|p1b: Sylveon
|-singleturn|p1b: Sylveon|Protect
|move|p2a: Golurk|Protect|p2a: Golurk
|-singleturn|p2a: Golurk|Protect
|move|p1a: Farigiraf|Thunderbolt|p2b: Oranguru
|-damage|p2b: Oranguru|85/100
|
|upkeep
|turn|3
|
|t:|1785710244
|move|p1a: Farigiraf|Helping Hand|p1b: Sylveon
|-singleturn|p1b: Sylveon|Helping Hand|[of] p1a: Farigiraf
|move|p1b: Sylveon|Hyper Voice|p2a: Golurk|[spread] p2a,p2b
|-damage|p2a: Golurk|32/100
|-damage|p2b: Oranguru|42/100
|move|p2a: Golurk|High Horsepower|p1b: Sylveon
|-damage|p1b: Sylveon|24/100
|move|p2b: Oranguru|Trick Room|p2b: Oranguru
|-fieldstart|move: Trick Room|[of] p2b: Oranguru
|
|upkeep
|turn|4
|
|t:|1785710269
|switch|p1b: Basculegion|Basculegion, L50, M|100/100
|move|p2a: Golurk|High Horsepower|p1b: Basculegion
|-damage|p1b: Basculegion|14/100
|move|p2b: Oranguru|Foul Play|p1a: Farigiraf
|-supereffective|p1a: Farigiraf|1
|-damage|p1a: Farigiraf|68/100
|move|p1a: Farigiraf|Twin Beam|p2a: Golurk
|-damage|p2a: Golurk|18/100
|-damage|p2a: Golurk|4/100
|-hitcount|p2a: Golurk|2
|
|upkeep
|turn|5
|
|t:|1785710287
|move|p2a: Golurk|Protect|p2a: Golurk
|-singleturn|p2a: Golurk|Protect
|move|p1b: Basculegion|Aqua Jet|p2a: Golurk
|-activate|p2a: Golurk|move: Protect
|move|p2b: Oranguru|Foul Play|p1b: Basculegion
|-supereffective|p1b: Basculegion|1
|-damage|p1b: Basculegion|0 fnt
|faint|p1b: Basculegion
|move|p1a: Farigiraf|Trick Room|p1a: Farigiraf
|-fieldend|move: Trick Room
|
|upkeep
|
|t:|1785710295
|switch|p1b: Sylveon|Sylveon, L50, F|24/100
|turn|6
|
|t:|1785710343
|move|p1a: Farigiraf|Helping Hand|p1b: Sylveon
|-singleturn|p1b: Sylveon|Helping Hand|[of] p1a: Farigiraf
|move|p1b: Sylveon|Hyper Voice|p2b: Oranguru|[spread] p2a,p2b
|-damage|p2a: Golurk|0 fnt
|-damage|p2b: Oranguru|0 fnt
|faint|p2a: Golurk
|faint|p2b: Oranguru
|
|upkeep
|
|t:|1785710352
|switch|p2b: Arcanine|Arcanine, L50, F, shiny|100/100
|switch|p2a: Goodra|Goodra-Hisui, L50, M, shiny|10/100
|-ability|p2b: Arcanine|Intimidate|boost
|-unboost|p1a: Farigiraf|atk|1
|-unboost|p1b: Sylveon|atk|1
|turn|7
|
|t:|1785710384
|move|p1b: Sylveon|Detect|p1b: Sylveon
|-singleturn|p1b: Sylveon|Protect
|move|p2b: Arcanine|Flare Blitz|p1a: Farigiraf
|-damage|p1a: Farigiraf|8/100
|-enditem|p1a: Farigiraf|Sitrus Berry|[eat]
|-heal|p1a: Farigiraf|33/100|[from] item: Sitrus Berry
|-damage|p2b: Arcanine|73/100|[from] Recoil
|-damage|p2b: Arcanine|63/100|[from] item: Life Orb
|move|p2a: Goodra|Life Dew|p2a: Goodra|[spread] p2a,p2b
|-heal|p2a: Goodra|35/100
|-heal|p2b: Arcanine|88/100
|move|p1a: Farigiraf|Trick Room|p1a: Farigiraf
|-fieldstart|move: Trick Room|[of] p1a: Farigiraf
|
|-heal|p2a: Goodra|41/100|[from] item: Leftovers
|upkeep
|turn|8
|
|t:|1785710407
|move|p1a: Farigiraf|Helping Hand|p1b: Sylveon
|-singleturn|p1b: Sylveon|Helping Hand|[of] p1a: Farigiraf
|move|p2b: Arcanine|Extreme Speed||[still]
|cant|p1a: Farigiraf|ability: Armor Tail|Extreme Speed|[of] p2b: Arcanine
|move|p2a: Goodra|Heavy Slam|p1b: Sylveon
|-supereffective|p1b: Sylveon|1
|-damage|p1b: Sylveon|0 fnt
|faint|p1b: Sylveon
|
|-heal|p2a: Goodra|47/100|[from] item: Leftovers
|upkeep
|turn|9
|
|t:|1785710424
|move|p2a: Goodra|Life Dew|p2a: Goodra|[spread] p2a,p2b
|-heal|p2a: Goodra|72/100
|-heal|p2b: Arcanine|100/100
|move|p1a: Farigiraf|Thunderbolt|p2a: Goodra
|-resisted|p2a: Goodra|1
|-damage|p2a: Goodra|64/100
|move|p2b: Arcanine|Flare Blitz|p1a: Farigiraf
|-damage|p1a: Farigiraf|0 fnt
|faint|p1a: Farigiraf
|-damage|p2b: Arcanine|85/100|[from] Recoil
|-damage|p2b: Arcanine|75/100|[from] item: Life Orb
|
|win|leonelmessyone
||jeanryupr is ready for game 2.
|inactive|leonelmessyone has 30 seconds to confirm battle start!
|inactive|leonelmessyone has 20 seconds to confirm battle start!
||leonelmessyone is ready for game 2.
|uhtml|next|Next: Game 2 of 3
