|j|☆vilan333
|j|☆thaduck
|html|vilan333thaduck    
|uhtml|bestof|Game 1 of a best-of-3
|t:|1784759222
|gametype|doubles
|player|p1|vilan333|marshal|1223
|player|p2|thaduck|ghetsis|1317
|gen|9
|tier|[Gen 9 Champions] VGC 2026 Reg M-B (Bo3)
|rated|
|rule|Species Clause: Limit one of each Pokémon
|rule|Item Clause: Limit 1 of each item
|clearpoke
|poke|p1|Charizard, L50, F|
|poke|p1|Aerodactyl, L50, M|
|poke|p1|Garchomp, L50, F|
|poke|p1|Sylveon, L50, M|
|poke|p1|Farigiraf, L50, M|
|poke|p1|Incineroar, L50, M|
|poke|p2|Blastoise, L50, M|
|poke|p2|Delphox, L50, F|
|poke|p2|Sinistcha, L50|
|poke|p2|Incineroar, L50, F|
|poke|p2|Sneasler, L50, M|
|poke|p2|Kingambit, L50, F|
|teampreview|4
|showteam|p1|Charizard||CharizarditeY|Blaze|Protect,HeatWave,WeatherBall,SolarBeam|Modest||F|||50|]Aerodactyl||FocusSash|RockHead|Protect,WideGuard,Tailwind,RockSlide|Jolly||M|||50|]Garchomp||LifeOrb|RoughSkin|DragonClaw,Protect,RockSlide,Earthquake|Jolly||F|||50|]Sylveon||FairyFeather|Pixilate|HyperBeam,Detect,HyperVoice,QuickAttack|Modest||M|||50|]Farigiraf||SitrusBerry|ArmorTail|Psyshock,Thunderbolt,TrickRoom,Protect|Bold||M|||50|]Incineroar||Charcoal|Intimidate|PartingShot,FakeOut,FlareBlitz,ThroatChop|Brave||M|||50|
|showteam|p2|Blastoise||Blastoisinite|RainDish|WaterSpout,ShellSmash,DarkPulse,Protect|Modest||M|||50|]Delphox||Delphoxite|Blaze|HeatWave,Psyshock,NastyPlot,Protect|Modest||F|||50|]Sinistcha||ColburBerry|Hospitality|MatchaGotcha,RagePowder,TrickRoom,LifeDew|Bold|||||50|]Incineroar||SitrusBerry|Intimidate|PartingShot,FakeOut,HelpingHand,FlareBlitz|Careful||F|||50|]Sneasler||FocusSash|PoisonTouch|CloseCombat,PoisonJab,FakeOut,RockTomb|Jolly||M|||50|]Kingambit||LifeOrb|Defiant|KowtowCleave,SuckerPunch,SwordsDance,Protect|Adamant||F|||50|
|inactive|Battle timer is ON: inactive players will automatically lose when time's up. (requested by vilan333)
|
|t:|1784759265
|teamsize|p1|4
|teamsize|p2|4
|start
|switch|p1a: Aerodactyl|Aerodactyl, L50, M|100/100
|switch|p1b: Charizard|Charizard, L50, F|100/100
|switch|p2a: Incineroar|Incineroar, L50, F|100/100
|switch|p2b: Kingambit|Kingambit, L50, F|100/100
|-ability|p2a: Incineroar|Intimidate|boost
|-unboost|p1a: Aerodactyl|atk|1
|-unboost|p1b: Charizard|atk|1
|turn|1
|inactive|vilan333 has 30 seconds left.
|
|t:|1784759291
|detailschange|p1b: Charizard|Charizard-Mega-Y, L50, F
|-mega|p1b: Charizard|Charizard|Charizardite Y
|-weather|SunnyDay|[from] ability: Drought|[of] p1b: Charizard
|move|p2a: Incineroar|Fake Out|p1b: Charizard
|-crit|p1b: Charizard
|-damage|p1b: Charizard|83/100
|move|p1a: Aerodactyl|Rock Slide|p2a: Incineroar|[spread] p2a,p2b
|-supereffective|p2a: Incineroar|1
|-resisted|p2b: Kingambit|1
|-damage|p2a: Incineroar|70/100
|-damage|p2b: Kingambit|93/100
|cant|p1b: Charizard|flinch
|cant|p2b: Kingambit|flinch
|
|-weather|SunnyDay|[upkeep]
|upkeep
|turn|2
|
|t:|1784759315
|move|p2a: Incineroar|Helping Hand|p2b: Kingambit
|-singleturn|p2b: Kingambit|Helping Hand|[of] p2a: Incineroar
|move|p2b: Kingambit|Sucker Punch|p1b: Charizard
|-damage|p1b: Charizard|10/100
|-damage|p2b: Kingambit|84/100|[from] item: Life Orb
|move|p1a: Aerodactyl|Tailwind|p1a: Aerodactyl
|-sidestart|p1: vilan333|move: Tailwind
|move|p1b: Charizard|Heat Wave|p2b: Kingambit|[spread] p2a,p2b
|-resisted|p2a: Incineroar|1
|-supereffective|p2b: Kingambit|1
|-damage|p2a: Incineroar|47/100
|-damage|p2b: Kingambit|0 fnt
|-enditem|p2a: Incineroar|Sitrus Berry|[eat]
|-heal|p2a: Incineroar|71/100|[from] item: Sitrus Berry
|faint|p2b: Kingambit
|
|-weather|SunnyDay|[upkeep]
|upkeep
|
|t:|1784759322
|switch|p2b: Delphox|Delphox, L50, F|100/100
|turn|3
|
|t:|1784759347
|detailschange|p2b: Delphox|Delphox-Mega, L50, F
|-mega|p2b: Delphox|Delphox|Delphoxite
|move|p1a: Aerodactyl|Rock Slide|p2a: Incineroar|[spread] p2a,p2b
|-supereffective|p2a: Incineroar|1
|-supereffective|p2b: Delphox|1
|-damage|p2a: Incineroar|42/100
|-damage|p2b: Delphox|59/100
|move|p1b: Charizard|Weather Ball|p2a: Incineroar
|-resisted|p2a: Incineroar|1
|-damage|p2a: Incineroar|6/100
|cant|p2b: Delphox|flinch
|move|p2a: Incineroar|Parting Shot|p1b: Charizard
|-unboost|p1b: Charizard|atk|1
|-unboost|p1b: Charizard|spa|1
|
|t:|1784759359
|switch|p2a: Sinistcha|Sinistcha, L50|100/100|[from] Parting Shot
|-heal|p2b: Delphox|84/100|[from] ability: Hospitality|[of] p2a: Sinistcha
|
|-weather|SunnyDay|[upkeep]
|upkeep
|turn|4
|
|t:|1784759372
|switch|p2a: Incineroar|Incineroar, L50, F|6/100
|-ability|p2a: Incineroar|Intimidate|boost
|-unboost|p1a: Aerodactyl|atk|1
|-unboost|p1b: Charizard|atk|1
|move|p1a: Aerodactyl|Rock Slide|p2a: Incineroar|[spread] p2a,p2b
|-supereffective|p2a: Incineroar|1
|-supereffective|p2b: Delphox|1
|-damage|p2a: Incineroar|0 fnt
|-damage|p2b: Delphox|50/100g
|faint|p2a: Incineroar
|move|p1b: Charizard|Heat Wave|p2b: Delphox
|-resisted|p2b: Delphox|1
|-damage|p2b: Delphox|27/100
|move|p2b: Delphox|Heat Wave|p1a: Aerodactyl|[spread] p1a,p1b
|-resisted|p1a: Aerodactyl|1
|-resisted|p1b: Charizard|1
|-damage|p1a: Aerodactyl|54/100
|-damage|p1b: Charizard|0 fnt
|faint|p1b: Charizard
|
|-weather|SunnyDay|[upkeep]
|upkeep
|
|t:|1784759396
|switch|p1b: Sylveon|Sylveon, L50, M|100/100
|switch|p2a: Sinistcha|Sinistcha, L50|100/100
|-heal|p2b: Delphox|51/100|[from] ability: Hospitality|[of] p2a: Sinistcha
|turn|5
|
|t:|1784759409
|move|p2b: Delphox|Protect|p2b: Delphox
|-singleturn|p2b: Delphox|Protect
|move|p1a: Aerodactyl|Tailwind||[still]
|-fail|p1a: Aerodactyl
|move|p1b: Sylveon|Hyper Voice|p2a: Sinistcha|[spread] p2a
|-activate|p2b: Delphox|move: Protect
|-damage|p2a: Sinistcha|52/100
|move|p2a: Sinistcha|Life Dew|p2a: Sinistcha|[spread] p2a,p2b
|-heal|p2a: Sinistcha|77/100
|-heal|p2b: Delphox|77/100
|
|-weather|none
|-sideend|p1: vilan333|move: Tailwind
|upkeep
|turn|6
|
|t:|1784759425
|move|p1a: Aerodactyl|Tailwind|p1a: Aerodactyl
|-sidestart|p1: vilan333|move: Tailwind
|move|p2b: Delphox|Psyshock|p1a: Aerodactyl
|-damage|p1a: Aerodactyl|0 fnt
|faint|p1a: Aerodactyl
|move|p1b: Sylveon|Hyper Voice|p2a: Sinistcha|[spread] p2a,p2b
|-resisted|p2b: Delphox|1
|-damage|p2a: Sinistcha|32/100
|-damage|p2b: Delphox|57/100
|move|p2a: Sinistcha|Life Dew|p2a: Sinistcha|[spread] p2a,p2b
|-heal|p2a: Sinistcha|57/100
|-heal|p2b: Delphox|82/100
|
|upkeep
|
|t:|1784759439
|switch|p1a: Garchomp|Garchomp, L50, F|100/100
|turn|7
|
|t:|1784759444
|move|p1a: Garchomp|Rock Slide|p2b: Delphox|[spread] p2b
|-miss|p1a: Garchomp|p2a: Sinistcha
|-supereffective|p2b: Delphox|1
|-crit|p2b: Delphox
|-damage|p2b: Delphox|0 fnt
|faint|p2b: Delphox
|-damage|p1a: Garchomp|90/100|[from] item: Life Orb
|move|p1b: Sylveon|Hyper Voice|p2a: Sinistcha
|-damage|p2a: Sinistcha|0 fnt
|faint|p2a: Sinistcha
|
|win|vilan333
||thaduck is ready for game 2.
|inactive|vilan333 has 30 seconds to confirm battle start!
|inactive|vilan333 has 20 seconds to confirm battle start!
||vilan333 is ready for game 2.
|uhtml|next|Next: Game 2 of 3
|l|☆vilan333
|player|p1|
|j|☆vilan333
|player|p1|vilan333|marshal|
