|j|☆VenusaurBot
|j|☆thltorm
|html|VenusaurBotthltorm    
|uhtml|bestof|Game 1 of a best-of-3
|t:|1784229660
|gametype|doubles
|player|p1|VenusaurBot|koga|1050
|player|p2|thltorm|265|1000
|gen|9
|tier|[Gen 9 Champions] VGC 2026 Reg M-B (Bo3)
|rated|
|rule|Species Clause: Limit one of each Pokémon
|rule|Item Clause: Limit 1 of each item
|clearpoke
|poke|p1|Blaziken, L50, F|
|poke|p1|Dragonite, L50, F|
|poke|p1|Kingambit, L50, M|
|poke|p1|Froslass, L50, F|
|poke|p1|Toxapex, L50, F|
|poke|p1|Sneasler, L50, M|
|poke|p2|Palafin, L50, M, shiny|
|poke|p2|Aegislash, L50, F, shiny|
|poke|p2|Volcarona, L50, M, shiny|
|poke|p2|Tyranitar, L50, F, shiny|
|poke|p2|Garchomp, L50, M, shiny|
|poke|p2|Umbreon, L50, M, shiny|
|teampreview|4
|showteam|p1|Blaziken||Blazikenite|SpeedBoost|Protect,FlareBlitz,CloseCombat,RockSlide|Adamant||F|||50|]Dragonite||LifeOrb|InnerFocus|Protect,ExtremeSpeed,DragonClaw,LowKick|Adamant||F|||50|]Kingambit||BlackGlasses|Defiant|Protect,KowtowCleave,SuckerPunch,IronHead|Adamant||M|||50|]Froslass||Froslassite|SnowCloak|Protect,AuroraVeil,Blizzard,ShadowBall|Timid||F|||50|]Toxapex||Leftovers|Regenerator|BanefulBunker,Toxic,Infestation,WideGuard|Bold||F|||50|]Sneasler||FocusSash|PoisonTouch|Protect,DireClaw,CloseCombat,FakeOut|Jolly||M|||50|
|showteam|p2|Palafin||LifeOrb|ZerotoHero|JetPunch,FlipTurn,DrainPunch,WaveCrash|Adamant||M|||50|]Aegislash||SpellTag|StanceChange|Poltergeist,ShadowSneak,IronHead,KingsShield|Adamant||F|||50|]Volcarona||FocusSash|FlameBody|Tailwind,RagePowder,BugBuzz,FieryDance|Timid||M|||50|]Tyranitar||Tyranitarite|SandStream|RockSlide,KnockOff,IcePunch,Protect|Adamant||F|||50|]Garchomp||SitrusBerry|SandVeil|Earthquake,DragonClaw,RockSlide,Protect|Adamant||M|||50|]Umbreon||Leftovers|Synchronize|Snarl,HelpingHand,FoulPlay,Yawn|Bold||M|||50|
|inactive|Battle timer is ON: inactive players will automatically lose when time's up. (requested by VenusaurBot)
|inactive|VenusaurBot has 60 seconds left.
|inactive|thltorm has 60 seconds left.
|inactive|VenusaurBot has 30 seconds left.
|inactive|VenusaurBot has 20 seconds left.
|inactive|VenusaurBot has 15 seconds left.
|inactive|VenusaurBot has 10 seconds left.
|
|t:|1784229745
|teamsize|p1|4
|teamsize|p2|4
|start
|switch|p1a: Blaziken|Blaziken, L50, F|100/100
|switch|p1b: Kingambit|Kingambit, L50, M|100/100
|switch|p2a: Palafin|Palafin, L50, M, shiny|100/100
|switch|p2b: Volcarona|Volcarona, L50, M, shiny|100/100
|turn|1
|inactive|VenusaurBot has 30 seconds left.
|
|t:|1784229775
|detailschange|p1a: Blaziken|Blaziken-Mega, L50, F
|-mega|p1a: Blaziken|Blaziken|Blazikenite
|move|p1a: Blaziken|Protect|p1a: Blaziken
|-singleturn|p1a: Blaziken|Protect
|move|p2b: Volcarona|Tailwind|p2b: Volcarona
|-sidestart|p2: thltorm|move: Tailwind
|move|p2a: Palafin|Flip Turn|p1a: Blaziken
|-activate|p1a: Blaziken|move: Protect
|move|p1b: Kingambit|Kowtow Cleave|p2a: Palafin
|-damage|p2a: Palafin|27/100
|
|-ability|p1a: Blaziken|Speed Boost|boost
|-boost|p1a: Blaziken|spe|1
|upkeep
|turn|2
|inactive|VenusaurBot has 30 seconds left.
|
|t:|1784229805
|move|p2b: Volcarona|Rage Powder|p2b: Volcarona
|-singleturn|p2b: Volcarona|move: Rage Powder
|move|p1b: Kingambit|Sucker Punch||[still]
|-fail|p1b: Kingambit
|move|p2a: Palafin|Flip Turn|p1a: Blaziken
|-supereffective|p1a: Blaziken|1
|-damage|p1a: Blaziken|8/100
|-damage|p2a: Palafin|17/100|[from] item: Life Orb
|inactive|thltorm has 30 seconds left.
|
|t:|1784229836
|detailschange|p2a: Palafin|Palafin-Hero, L50, M, shiny
|switch|p2a: Aegislash|Aegislash, L50, F, shiny|100/100|[from] Flip Turn
|move|p1a: Blaziken|Rock Slide|p2b: Volcarona|[spread] p2a,p2b
|-resisted|p2a: Aegislash|1
|-supereffective|p2b: Volcarona|2
|-damage|p2a: Aegislash|89/100
|-enditem|p2b: Volcarona|Focus Sash
|-damage|p2b: Volcarona|1/100
|
|-ability|p1a: Blaziken|Speed Boost|boost
|-boost|p1a: Blaziken|spe|1
|upkeep
|turn|3
|
|t:|1784229861
|move|p1a: Blaziken|Protect|p1a: Blaziken
|-singleturn|p1a: Blaziken|Protect
|-formechange|p2a: Aegislash|Aegislash-Blade|
|move|p2a: Aegislash|Shadow Sneak|p1a: Blaziken
|-activate|p1a: Blaziken|move: Protect
|move|p2b: Volcarona|Fiery Dance|p1b: Kingambit
|-supereffective|p1b: Kingambit|1
|-damage|p1b: Kingambit|35/100
|move|p1b: Kingambit|Kowtow Cleave|p2a: Aegislash
|-supereffective|p2a: Aegislash|1
|-damage|p2a: Aegislash|0 fnt
|faint|p2a: Aegislash
|
|-ability|p1a: Blaziken|Speed Boost|boost
|-boost|p1a: Blaziken|spe|1
|upkeep
|
|t:|1784229877
|switch|p2a: Palafin|Palafin-Hero, L50, M, shiny|17/100
|-activate|p2a: Palafin|ability: Zero to Hero
|turn|4
|
|t:|1784229889
|move|p2a: Palafin|Jet Punch|p1a: Blaziken
|-supereffective|p1a: Blaziken|1
|-damage|p1a: Blaziken|0 fnt
|faint|p1a: Blaziken
|-damage|p2a: Palafin|7/100|[from] item: Life Orb
|move|p1b: Kingambit|Sucker Punch|p2b: Volcarona
|-damage|p2b: Volcarona|0 fnt
|faint|p2b: Volcarona
|
|-sideend|p2: thltorm|move: Tailwind
|upkeep
|
|t:|1784229905
|switch|p2b: Tyranitar|Tyranitar, L50, F, shiny|100/100
|switch|p1a: Sneasler|Sneasler, L50, M|100/100
|-weather|Sandstorm|[from] ability: Sand Stream|[of] p2b: Tyranitar
|turn|5
|inactive|thltorm has 30 seconds left.
|
|t:|1784229935
|detailschange|p2b: Tyranitar|Tyranitar-Mega, L50, F, shiny
|-mega|p2b: Tyranitar|Tyranitar|Tyranitarite
|move|p1a: Sneasler|Fake Out|p2a: Palafin
|-damage|p2a: Palafin|0 fnt
|faint|p2a: Palafin
|move|p2b: Tyranitar|Knock Off|p1a: Sneasler
|-resisted|p1a: Sneasler|1
|-damage|p1a: Sneasler|43/100
|-enditem|p1a: Sneasler|Focus Sash|[from] move: Knock Off|[of] p2b: Tyranitar
|move|p1b: Kingambit|Iron Head|p2b: Tyranitar
|-supereffective|p2b: Tyranitar|1
|-damage|p2b: Tyranitar|41/100
|
|-weather|Sandstorm|[upkeep]
|-damage|p1a: Sneasler|37/100|[from] Sandstorm
|upkeep
|turn|6
|
|t:|1784229953
|move|p1a: Sneasler|Close Combat|p2b: Tyranitar
|-supereffective|p2b: Tyranitar|2
|-damage|p2b: Tyranitar|0 fnt
|-unboost|p1a: Sneasler|def|1
|-unboost|p1a: Sneasler|spd|1
|faint|p2b: Tyranitar
|
|win|VenusaurBot
|raw|VenusaurBot's rating: 1050 → 1078(+28 for winning)
|raw|thltorm's rating: 1000 → 1000(+0 for losing)
|l|☆thltorm
|player|p2|
