|j|☆ssh92d92n
|j|☆predatorssg
|html|ssh92d92npredatorssg    
|uhtml|bestof|Game 2 of a best-of-3
|t:|1786026704
|gametype|doubles
|player|p1|ssh92d92n|waiter|1101
|player|p2|predatorssg|2|1167
|gen|9
|tier|[Gen 9 Champions] VGC 2026 Reg M-B (Bo3)
|rated|
|rule|Species Clause: Limit one of each Pokémon
|rule|Item Clause: Limit 1 of each item
|clearpoke
|poke|p1|Garchomp, L50, M|
|poke|p1|Tyranitar, L50, M|
|poke|p1|Ceruledge, L50, F|
|poke|p1|Meowscarada, L50, M|
|poke|p1|Scizor, L50, F|
|poke|p1|Aerodactyl, L50, F|
|poke|p2|Archaludon, L50, F|
|poke|p2|Pelipper, L50, F|
|poke|p2|Grimmsnarl, L50, M|
|poke|p2|Swampert, L50, F|
|poke|p2|Talonflame, L50, M|
|poke|p2|Floette-Eternal, L50, F|
|teampreview|4
|showteam|p1|Garchomp||Garchompite|SandVeil|DracoMeteor,PowerGem,EarthPower,Protect|Modest||M|||50|]Tyranitar||Tyranitarite|SandStream|RockSlide,KnockOff,DragonDance,Protect|Jolly||M|||50|]Ceruledge||ColburBerry|FlashFire|BitterBlade,ShadowSneak,BulkUp,Protect|Adamant||F|||50|]Meowscarada||ChoiceScarf|Protean|FlowerTrick,KnockOff,TripleAxel,LowKick|Adamant||M|||50|]Scizor||LifeOrb|Technician|BulletPunch,BugBite,DualWingbeat,Protect|Adamant||F|||50|]Aerodactyl||FocusSash|Unnerve|DualWingbeat,RockSlide,Tailwind,Protect|Jolly||F|||50|
|showteam|p2|Archaludon||Leftovers|Stamina|ElectroShot,AuraSphere,FlashCannon,Protect|Modest||F|||50|]Pelipper||SitrusBerry|Drizzle|HelpingHand,WeatherBall,Hurricane,WideGuard|Modest||F|||50|]Grimmsnarl||LightClay|Prankster|PartingShot,SpiritBreak,Reflect,LightScreen|Calm||M|||50|]Swampert||Swampertite|Torrent|WaveCrash,Earthquake,IcePunch,Protect|Adamant||F|||50|]Talonflame||SharpBeak|GaleWings|Protect,Tailwind,RainDance,DualWingbeat|Jolly||M|||50|]Floette-Eternal||Floettite|FlowerVeil|DazzlingGleam,Moonblast,LightofRuin,Protect|Modest||F|||50|
|
|t:|1786026738
|teamsize|p1|4
|teamsize|p2|4
|start
|switch|p1a: Meowscarada|Meowscarada, L50, M|100/100
|switch|p1b: Aerodactyl|Aerodactyl, L50, F|100/100
|switch|p2a: Talonflame|Talonflame, L50, M|100/100
|switch|p2b: Floette|Floette-Eternal, L50, F|100/100
|-ability|p1b: Aerodactyl|Unnerve
|turn|1
|
|t:|1786026766
|detailschange|p2b: Floette|Floette-Mega, L50, F
|-mega|p2b: Floette|Floette|Floettite
|-ability|p2b: Floette|Fairy Aura
|move|p2b: Floette|Protect|p2b: Floette
|-singleturn|p2b: Floette|Protect
|move|p2a: Talonflame|Tailwind|p2a: Talonflame
|-sidestart|p2: predatorssg|move: Tailwind
|move|p1a: Meowscarada|Triple Axel|p2b: Floette
|-start|p1a: Meowscarada|typechange|Ice|[from] ability: Protean
|-activate|p2b: Floette|move: Protect
|move|p1b: Aerodactyl|Rock Slide|p2b: Floette|[spread] p2a
|-activate|p2b: Floette|move: Protect
|-supereffective|p2a: Talonflame|2
|-damage|p2a: Talonflame|0 fnt
|faint|p2a: Talonflame
|
|upkeep
|
|t:|1786026784
|switch|p2a: Archaludon|Archaludon, L50, F|100/100
|turn|2
|
|t:|1786026802
|switch|p1a: Tyranitar|Tyranitar, L50, M|100/100
|-weather|Sandstorm|[from] ability: Sand Stream|[of] p1a: Tyranitar
|move|p2b: Floette|Moonblast|p1a: Tyranitar
|-supereffective|p1a: Tyranitar|1
|-damage|p1a: Tyranitar|0 fnt
|faint|p1a: Tyranitar
|move|p2a: Archaludon|Flash Cannon|p1b: Aerodactyl
|-supereffective|p1b: Aerodactyl|1
|-damage|p1b: Aerodactyl|27/100
|move|p1b: Aerodactyl|Tailwind|p1b: Aerodactyl
|-sidestart|p1: ssh92d92n|move: Tailwind
|
|-weather|Sandstorm|[upkeep]
|-damage|p2b: Floette|94/100|[from] Sandstorm
|upkeep
|
|t:|1786026817
|switch|p1a: Garchomp|Garchomp, L50, M|100/100
|turn|3
|
|t:|1786026826
|switch|p2a: Pelipper|Pelipper, L50, F|100/100
|-weather|RainDance|[from] ability: Drizzle|[of] p2a: Pelipper
|detailschange|p1a: Garchomp|Garchomp-Mega, L50, M
|-mega|p1a: Garchomp|Garchomp|Garchompite
|move|p1b: Aerodactyl|Rock Slide|p2b: Floette|[spread] p2a,p2b
|-supereffective|p2a: Pelipper|1
|-damage|p2a: Pelipper|46/100
|-damage|p2b: Floette|59/100
|cant|p2b: Floette|flinch
|move|p1a: Garchomp|Earth Power|p2a: Pelipper
|-immune|p2a: Pelipper
|
|-weather|RainDance|[upkeep]
|upkeep
|turn|4
|
|t:|1786026845
|move|p2a: Pelipper|Wide Guard|p2a: Pelipper
|-singleturn|p2a: Pelipper|Wide Guard
|move|p1b: Aerodactyl|Rock Slide|p2a: Pelipper|[spread] 
|-activate|p2a: Pelipper|move: Wide Guard
|-activate|p2b: Floette|move: Wide Guard
|move|p2b: Floette|Dazzling Gleam|p1a: Garchomp|[spread] p1a,p1b
|-supereffective|p1a: Garchomp|1
|-damage|p1a: Garchomp|7/100
|-damage|p1b: Aerodactyl|0 fnt
|-enditem|p2a: Pelipper|Sitrus Berry|[eat]
|-heal|p2a: Pelipper|70/100|[from] item: Sitrus Berry
|faint|p1b: Aerodactyl
|move|p1a: Garchomp|Earth Power|p2b: Floette
|-damage|p2b: Floette|19/100
|
|-weather|RainDance|[upkeep]
|-sideend|p2: predatorssg|move: Tailwind
|upkeep
|
|t:|1786026862
|switch|p1b: Meowscarada|Meowscarada, L50, M|100/100
|turn|5
|
|t:|1786026872
|switch|p2a: Archaludon|Archaludon, L50, F|100/100
|move|p2b: Floette|Protect|p2b: Floette
|-singleturn|p2b: Floette|Protect
|move|p1b: Meowscarada|Triple Axel|p2b: Floette
|-start|p1b: Meowscarada|typechange|Ice|[from] ability: Protean
|-activate|p2b: Floette|move: Protect
|move|p1a: Garchomp|Power Gem|p2a: Archaludon
|-resisted|p2a: Archaludon|1
|-damage|p2a: Archaludon|82/100
|-ability|p2a: Archaludon|Stamina|boost
|-boost|p2a: Archaludon|def|1
|
|-weather|RainDance|[upkeep]
|-heal|p2a: Archaludon|89/100|[from] item: Leftovers
|-sideend|p1: ssh92d92n|move: Tailwind
|upkeep
|turn|6
|
|t:|1786026898
|move|p2a: Archaludon|Protect|p2a: Archaludon
|-singleturn|p2a: Archaludon|Protect
|move|p1b: Meowscarada|Triple Axel|p2b: Floette
|-damage|p2b: Floette|6/100
|-damage|p2b: Floette|0 fnt
|faint|p2b: Floette
|-hitcount|p2: Floette|2
|move|p1a: Garchomp|Earth Power|p2a: Archaludon
|-activate|p2a: Archaludon|move: Protect
|
|-weather|RainDance|[upkeep]
|-heal|p2a: Archaludon|95/100|[from] item: Leftovers
|upkeep
|
|t:|1786026905
|switch|p2b: Pelipper|Pelipper, L50, F|70/100
|turn|7
|
|t:|1786026918
|move|p1b: Meowscarada|Triple Axel|p2b: Pelipper
|-damage|p2b: Pelipper|59/100
|-damage|p2b: Pelipper|37/100
|-damage|p2b: Pelipper|7/100
|-hitcount|p2b: Pelipper|3
|move|p2a: Archaludon|Flash Cannon|p1b: Meowscarada
|-supereffective|p1b: Meowscarada|1
|-damage|p1b: Meowscarada|0 fnt
|faint|p1b: Meowscarada
|move|p1a: Garchomp|Earth Power|p2a: Archaludon
|-supereffective|p2a: Archaludon|1
|-damage|p2a: Archaludon|0 fnt
|faint|p2a: Archaludon
|move|p2b: Pelipper|Weather Ball|p1a: Garchomp
|-damage|p1a: Garchomp|0 fnt
|faint|p1a: Garchomp
|
|win|predatorssg
|inactive|ssh92d92n has 30 seconds to confirm battle start!
|inactive|predatorssg has 30 seconds to confirm battle start!
||predatorssg is ready for game 3.
|inactive|ssh92d92n has 20 seconds to confirm battle start!
||ssh92d92n is ready for game 3.
|uhtml|next|Next: Game 3 of 3
