|j|☆CiaoKombucha
|j|☆dialghite
|html|CiaoKombuchadialghite    
|uhtml|bestof|Game 2 of a best-of-3
|t:|1755893748
|gametype|doubles
|player|p1|CiaoKombucha|170|1337
|player|p2|dialghite|volkner|1473
|gen|9
|tier|[Gen 9] VGC 2025 Reg H (Bo3)
|rated|
|rule|Species Clause: Limit one of each Pokémon
|rule|Item Clause: Limit 1 of each item
|clearpoke
|poke|p1|Annihilape, L50, M|
|poke|p1|Maushold, L50|
|poke|p1|Gholdengo, L50|
|poke|p1|Tyranitar, L50, F|
|poke|p1|Volcarona, L50, M|
|poke|p1|Rillaboom, L50, F|
|poke|p2|Whimsicott, L50, F|
|poke|p2|Garchomp, L50, M|
|poke|p2|Indeedee, L50, M|
|poke|p2|Sneasler, L50, M|
|poke|p2|Ursaluna-Bloodmoon, L50, M|
|poke|p2|Archaludon, L50, M|
|teampreview|4
|showteam|p1|Annihilape||SitrusBerry|Defiant|DrainPunch,RageFist,BulkUp,Protect|||M|||50|,,,,,Water]Maushold||RockyHelmet|FriendGuard|BeatUp,Taunt,FollowMe,Protect||||||50|,,,,,Ghost]Gholdengo||LifeOrb|GoodasGold|MakeItRain,ShadowBall,NastyPlot,Protect||||||50|,,,,,Water]Tyranitar||AssaultVest|SandStream|RockSlide,KnockOff,LowKick,TeraBlast|||F|||50|,,,,,Flying]Volcarona||CovertCloak|FlameBody|Overheat,StruggleBug,WillOWisp,Tailwind|||M|||50|,,,,,Fairy]Rillaboom||MiracleSeed|GrassySurge|WoodHammer,GrassyGlide,FakeOut,Protect|||F|||50|,,,,,Grass
|showteam|p2|Whimsicott||CovertCloak|Prankster|Moonblast,Taunt,Tailwind,FakeTears|||F|||50|,,,,,Water]Garchomp||LoadedDice|RoughSkin|ScaleShot,StompingTantrum,SwordsDance,Protect|||M|||50|,,,,,Steel]Indeedee||FocusSash|PsychicSurge|ExpandingForce,TeraBlast,Imprison,TrickRoom|||M|||50|,,,,,Psychic]Sneasler||PsychicSeed|Unburden|CloseCombat,DireClaw,ThroatChop,Protect|||M|||50|,,,,,Dark]Ursaluna-Bloodmoon||LifeOrb|MindsEye|HyperVoice,BloodMoon,EarthPower,Protect|||M|||50|,,,,,Normal]Archaludon||PowerHerb|Stalwart|ElectroShot,DragonPulse,Thunderbolt,Protect|||M|||50|,,,,,Electric
|inactive|Battle timer is ON: inactive players will automatically lose when time's up. (requested by dialghite)
|
|t:|1755893767
|teamsize|p1|4
|teamsize|p2|4
|start
|switch|p1a: Maushold|Maushold, L50|100/100
|switch|p1b: Volcarona|Volcarona, L50, M|100/100
|switch|p2a: Whimsicott|Whimsicott, L50, F|100/100
|switch|p2b: Ursaluna|Ursaluna-Bloodmoon, L50, M|100/100
|turn|1
|
|t:|1755893789
|-terastallize|p2b: Ursaluna|Normal
|move|p1a: Maushold|Follow Me|p1a: Maushold
|-singleturn|p1a: Maushold|move: Follow Me
|move|p2a: Whimsicott|Tailwind|p2a: Whimsicott
|-sidestart|p2: dialghite|move: Tailwind
|move|p2b: Ursaluna|Blood Moon|p1a: Maushold
|-damage|p1a: Maushold|0 fnt
|faint|p1a: Maushold
|-damage|p2b: Ursaluna|91/100|[from] item: Life Orb
|move|p1b: Volcarona|Tailwind|p1b: Volcarona
|-sidestart|p1: CiaoKombucha|move: Tailwind
|
|upkeep
|
|t:|1755893792
|switch|p1a: Gholdengo|Gholdengo, L50|100/100
|turn|2
|
|t:|1755893809
|move|p2b: Ursaluna|Protect|p2b: Ursaluna
|-singleturn|p2b: Ursaluna|Protect
|move|p2a: Whimsicott|Moonblast|p1a: Gholdengo
|-resisted|p1a: Gholdengo
|-damage|p1a: Gholdengo|86/100
|move|p1b: Volcarona|Struggle Bug|p2a: Whimsicott|[spread] p2a
|-activate|p2b: Ursaluna|move: Protect
|-damage|p2a: Whimsicott|75/100
|move|p1a: Gholdengo|Make It Rain|p2a: Whimsicott|[spread] p2a
|-activate|p2b: Ursaluna|move: Protect
|-supereffective|p2a: Whimsicott
|-damage|p2a: Whimsicott|0 fnt
|-unboost|p1a: Gholdengo|spa|1
|faint|p2a: Whimsicott
|-damage|p1a: Gholdengo|76/100|[from] item: Life Orb
|
|upkeep
|
|t:|1755893822
|switch|p2a: Garchomp|Garchomp, L50, M|100/100
|turn|3
|
|t:|1755893828
|-terastallize|p1a: Gholdengo|Water
|move|p2a: Garchomp|Scale Shot|p1b: Volcarona
|-damage|p1b: Volcarona|83/100
|-damage|p1b: Volcarona|65/100
|-damage|p1b: Volcarona|45/100
|-crit|p1b: Volcarona
|-damage|p1b: Volcarona|15/100
|-hitcount|p1b: Volcarona|4
|-unboost|p2a: Garchomp|def|1
|-boost|p2a: Garchomp|spe|1
|move|p1b: Volcarona|Struggle Bug|p2b: Ursaluna|[spread] p2a,p2b
|-damage|p2a: Garchomp|81/100
|-damage|p2b: Ursaluna|70/100
|-unboost|p2a: Garchomp|spa|1
|-unboost|p2b: Ursaluna|spa|1
|move|p1a: Gholdengo|Make It Rain|p2b: Ursaluna|[spread] p2a,p2b
|-damage|p2a: Garchomp|34/100
|-damage|p2b: Ursaluna|14/100
|-unboost|p1a: Gholdengo|spa|1
|-damage|p1a: Gholdengo|66/100|[from] item: Life Orb
|move|p2b: Ursaluna|Earth Power|p1a: Gholdengo
|-damage|p1a: Gholdengo|13/100
|-damage|p2b: Ursaluna|4/100|[from] item: Life Orb
|
|upkeep
|turn|4
|
|t:|1755893853
|move|p1a: Gholdengo|Protect|p1a: Gholdengo
|-singleturn|p1a: Gholdengo|Protect
|move|p2a: Garchomp|Scale Shot|p1a: Gholdengo
|-activate|p1a: Gholdengo|move: Protect
|move|p1b: Volcarona|Will-O-Wisp|p2a: Garchomp
|-status|p2a: Garchomp|brn
|move|p2b: Ursaluna|Blood Moon|p1b: Volcarona
|-damage|p1b: Volcarona|0 fnt
|faint|p1b: Volcarona
|-damage|p2b: Ursaluna|0 fnt|[from] item: Life Orb
|faint|p2b: Ursaluna
|
|-damage|p2a: Garchomp|28/100 brn|[from] brn
|-sideend|p1: CiaoKombucha|move: Tailwind
|-sideend|p2: dialghite|move: Tailwind
|upkeep
|
|t:|1755893865
|switch|p1b: Rillaboom|Rillaboom, L50, F|100/100
|switch|p2b: Sneasler|Sneasler, L50, M|100/100
|-fieldstart|move: Grassy Terrain|[from] ability: Grassy Surge|[of] p1b: Rillaboom
|turn|5
|
|t:|1755893872
|move|p2a: Garchomp|Protect|p2a: Garchomp
|-singleturn|p2a: Garchomp|Protect
|move|p2b: Sneasler|Protect|p2b: Sneasler
|-singleturn|p2b: Sneasler|Protect
|move|p1a: Gholdengo|Protect||[still]
|-fail|p1a: Gholdengo
|move|p1b: Rillaboom|Grassy Glide|p2a: Garchomp
|-activate|p2a: Garchomp|move: Protect
|
|-heal|p2a: Garchomp|34/100 brn|[from] Grassy Terrain
|-heal|p1a: Gholdengo|20/100|[from] Grassy Terrain
|-damage|p2a: Garchomp|28/100 brn|[from] brn
|upkeep
|turn|6
|
|t:|1755893888
|move|p1b: Rillaboom|Grassy Glide|p2a: Garchomp
|-damage|p2a: Garchomp|0 fnt
|-damage|p1b: Rillaboom|88/100|[from] ability: Rough Skin|[of] p2a: Garchomp
|faint|p2a: Garchomp
|move|p2b: Sneasler|Dire Claw|p1b: Rillaboom
|-supereffective|p1b: Rillaboom
|-damage|p1b: Rillaboom|0 fnt
|faint|p1b: Rillaboom
|move|p1a: Gholdengo|Nasty Plot|p1a: Gholdengo
|-boost|p1a: Gholdengo|spa|2
|
|-heal|p1a: Gholdengo|26/100|[from] Grassy Terrain
|upkeep
|turn|7
|-message|CiaoKombucha forfeited.
|
|win|dialghite
|raw|CiaoKombucha's rating: 1337 → 1324(-13 for losing)
|raw|dialghite's rating: 1473 → 1486(+13 for winning)
