|j|☆stoicone
|j|☆brandonpodz
|html|stoiconebrandonpodz    
|uhtml|bestof|Game 3 of a best-of-3
|t:|1785978718
|gametype|doubles
|player|p1|stoicone|169|1115
|player|p2|brandonpodz|169|1000
|gen|9
|tier|[Gen 9 Champions] VGC 2026 Reg M-B (Bo3)
|rated|
|rule|Species Clause: Limit one of each Pokémon
|rule|Item Clause: Limit 1 of each item
|clearpoke
|poke|p1|Farigiraf, L50, M|
|poke|p1|Blastoise, L50, F|
|poke|p1|Vanilluxe, L50, M|
|poke|p1|Snorlax, L50, M|
|poke|p1|Incineroar, L50, M|
|poke|p1|Sinistcha, L50|
|poke|p2|Musharna, L50, M|
|poke|p2|Blaziken, L50, F|
|poke|p2|Venusaur, L50, M|
|poke|p2|Kingambit, L50, F|
|poke|p2|Primarina, L50, M|
|poke|p2|Ditto, L50|
|teampreview|4
|showteam|p1|Farigiraf||ColburBerry|ArmorTail|TwinBeam,HyperVoice,TrickRoom,HelpingHand|Relaxed||M|||50|]Blastoise||Blastoisinite|RainDish|FakeOut,HydroPump,AuraSphere,DarkPulse|Quiet||F|||50|]Vanilluxe||NeverMeltIce|SnowWarning|Blizzard,FreezeDry,IceShard,Protect|Quiet||M|||50|]Snorlax||Leftovers|ThickFat|DoubleEdge,HighHorsepower,Protect,BellyDrum|Relaxed||M|||50|]Incineroar||ChopleBerry|Intimidate|FlareBlitz,PartingShot,DarkestLariat,FakeOut|Brave||M|||50|]Sinistcha||MiracleSeed|Hospitality|MatchaGotcha,TrickRoom,Protect,ShadowBall|Quiet|||||50|
|showteam|p2|Musharna||MentalHerb|Synchronize|Reflect,TrickRoom,HelpingHand,Moonblast|Relaxed||M|||50|]Blaziken||Blazikenite|Blaze|FlareBlitz,CloseCombat,BraveBird,Detect|Adamant||F|||50|]Venusaur||Venusaurite|Chlorophyll|GigaDrain,EarthPower,SludgeBomb,Protect|Quiet||M|||50|]Kingambit||LifeOrb|Defiant|SuckerPunch,KowtowCleave,Protect,IronHead|Adamant||F|||50|]Primarina||SitrusBerry|LiquidVoice|HyperVoice,Protect,Moonblast,DazzlingGleam|Modest||M|||50|]Ditto||ChoiceScarf|Imposter|Transform|Timid|||||50|
|inactive|Battle timer is ON: inactive players will automatically lose when time's up. (requested by stoicone)
|
|t:|1785978746
|teamsize|p1|4
|teamsize|p2|4
|start
|switch|p1a: Farigiraf|Farigiraf, L50, M|100/100
|switch|p1b: Blastoise|Blastoise, L50, F|100/100
|switch|p2a: John Rod|Kingambit, L50, F|100/100
|switch|p2b: Knee Surgery|Venusaur, L50, M|100/100
|turn|1
|
|t:|1785978762
|switch|p2a: Jimothy|Musharna, L50, M|100/100
|detailschange|p2b: Knee Surgery|Venusaur-Mega, L50, M
|-mega|p2b: Knee Surgery|Venusaur|Venusaurite
|move|p1b: Blastoise|Fake Out|p2b: Knee Surgery
|-damage|p2b: Knee Surgery|93/100
|cant|p2b: Knee Surgery|flinch
|move|p1a: Farigiraf|Trick Room|p1a: Farigiraf
|-fieldstart|move: Trick Room|[of] p1a: Farigiraf
|
|upkeep
|turn|2
|
|t:|1785978786
|detailschange|p1b: Blastoise|Blastoise-Mega, L50, F
|-mega|p1b: Blastoise|Blastoise|Blastoisinite
|move|p2b: Knee Surgery|Protect|p2b: Knee Surgery
|-singleturn|p2b: Knee Surgery|Protect
|move|p1a: Farigiraf|Twin Beam|p2b: Knee Surgery
|-activate|p2b: Knee Surgery|move: Protect
|move|p1b: Blastoise|Dark Pulse|p2a: Jimothy
|-supereffective|p2a: Jimothy|1
|-damage|p2a: Jimothy|21/100
|cant|p2a: Jimothy|flinch
|
|upkeep
|turn|3
|
|t:|1785978811
|move|p2a: Jimothy|Helping Hand|p2b: Knee Surgery
|-singleturn|p2b: Knee Surgery|Helping Hand|[of] p2a: Jimothy
|move|p1a: Farigiraf|Twin Beam|p2b: Knee Surgery
|-supereffective|p2b: Knee Surgery|1
|-damage|p2b: Knee Surgery|67/100
|-supereffective|p2b: Knee Surgery|1
|-damage|p2b: Knee Surgery|41/100
|-hitcount|p2b: Knee Surgery|2
|move|p1b: Blastoise|Dark Pulse|p2a: Jimothy
|-supereffective|p2a: Jimothy|1
|-damage|p2a: Jimothy|0 fnt
|faint|p2a: Jimothy
|move|p2b: Knee Surgery|Giga Drain|p1b: Blastoise
|-supereffective|p1b: Blastoise|1
|-damage|p1b: Blastoise|5/100
|-heal|p2b: Knee Surgery|88/100|[from] drain|[of] p1b: Blastoise
|
|upkeep
|
|t:|1785978835
|switch|p2a: Homelander|Primarina, L50, M|100/100
|turn|4
|
|t:|1785978853
|switch|p1b: Vanilluxe|Vanilluxe, L50, M|100/100
|-weather|Snowscape|[from] ability: Snow Warning|[of] p1b: Vanilluxe
|move|p1a: Farigiraf|Twin Beam|p2b: Knee Surgery
|-supereffective|p2b: Knee Surgery|1
|-damage|p2b: Knee Surgery|62/100
|-supereffective|p2b: Knee Surgery|1
|-damage|p2b: Knee Surgery|35/100
|-hitcount|p2b: Knee Surgery|2
|move|p2a: Homelander|Dazzling Gleam|p1a: Farigiraf|[spread] p1a,p1b
|-damage|p1a: Farigiraf|71/100
|-damage|p1b: Vanilluxe|67/100
|move|p2b: Knee Surgery|Sludge Bomb|p1a: Farigiraf
|-damage|p1a: Farigiraf|28/100
|
|-weather|Snowscape|[upkeep]
|upkeep
|turn|5
|inactive|stoicone has 30 seconds left.
|inactive|brandonpodz has 30 seconds left.
|
|t:|1785978887
|move|p2b: Knee Surgery|Protect|p2b: Knee Surgery
|-singleturn|p2b: Knee Surgery|Protect
|move|p1a: Farigiraf|Twin Beam|p2b: Knee Surgery
|-activate|p2b: Knee Surgery|move: Protect
|move|p2a: Homelander|Hyper Voice|p1a: Farigiraf|[spread] p1a,p1b
|-damage|p1a: Farigiraf|0 fnt
|-damage|p1b: Vanilluxe|27/100
|faint|p1a: Farigiraf
|move|p1b: Vanilluxe|Freeze-Dry|p2a: Homelander
|-supereffective|p2a: Homelander|1
|-damage|p2a: Homelander|29/100
|-enditem|p2a: Homelander|Sitrus Berry|[eat]
|-heal|p2a: Homelander|53/100|[from] item: Sitrus Berry
|
|-weather|Snowscape|[upkeep]
|-fieldend|move: Trick Room
|upkeep
|
|t:|1785978908
|switch|p1a: Blastoise|Blastoise-Mega, L50, F|5/100
|turn|6
|
|t:|1785978925
|move|p1a: Blastoise|Fake Out|p2b: Knee Surgery
|-damage|p2b: Knee Surgery|28/100
|cant|p2b: Knee Surgery|flinch
|move|p1b: Vanilluxe|Blizzard|p2b: Knee Surgery|[spread] p2a,p2b
|-resisted|p2a: Homelander|1
|-supereffective|p2b: Knee Surgery|1
|-damage|p2a: Homelander|32/100
|-damage|p2b: Knee Surgery|0 fnt
|faint|p2b: Knee Surgery
|move|p2a: Homelander|Dazzling Gleam|p1b: Vanilluxe|[spread] p1a,p1b
|-damage|p1a: Blastoise|0 fnt
|-damage|p1b: Vanilluxe|0 fnt
|faint|p1a: Blastoise
|faint|p1b: Vanilluxe
|
|-weather|Snowscape|[upkeep]
|upkeep
|
|t:|1785978942
|switch|p2b: John Rod|Kingambit, L50, F|100/100
|switch|p1a: Incineroar|Incineroar, L50, M|100/100
|-ability|p1a: Incineroar|Intimidate|boost
|-unboost|p2a: Homelander|atk|1
|-unboost|p2b: John Rod|atk|1
|-ability|p2b: John Rod|Defiant|boost
|-boost|p2b: John Rod|atk|2
|turn|7
|
|t:|1785978954
|move|p2a: Homelander|Protect|p2a: Homelander
|-singleturn|p2a: Homelander|Protect
|move|p2b: John Rod|Protect|p2b: John Rod
|-singleturn|p2b: John Rod|Protect
|move|p1a: Incineroar|Darkest Lariat|p2a: Homelander
|-activate|p2a: Homelander|move: Protect
|
|-weather|Snowscape|[upkeep]
|upkeep
|turn|8
|l|☆stoicone
|inactive|stoicone disconnected and has a minute to reconnect!
|player|p1|
|inactive|stoicone has 30 seconds left.
|inactive|stoicone has 20 seconds left.
|inactive|stoicone has 15 seconds left.
|inactive|stoicone has 10 seconds left.
|inactive|stoicone has 5 seconds left.
|-message|stoicone lost due to inactivity.
|
|win|brandonpodz
|raw|stoicone's rating: 1115 → 1082(-33 for losing)
|raw|brandonpodz's rating: 1000 → 1053(+53 for winning)
|l|☆brandonpodz
|player|p2|
|j|☆brandonpodz
|player|p2|brandonpodz|169|
