|j|☆wifike
|j|☆NoitUK_VGC
|html|wifikeNoitUK_VGC    
|uhtml|bestof|Game 2 of a best-of-3
|t:|1784878775
|gametype|doubles
|player|p1|wifike|2|1000
|player|p2|NoitUK_VGC|266|1130
|gen|9
|tier|[Gen 9 Champions] VGC 2026 Reg M-B (Bo3)
|rated|
|rule|Species Clause: Limit one of each Pokémon
|rule|Item Clause: Limit 1 of each item
|clearpoke
|poke|p1|Kingambit, L50, F|
|poke|p1|Garchomp, L50, F|
|poke|p1|Farigiraf, L50, F|
|poke|p1|Charizard, L50, M|
|poke|p1|Sylveon, L50, F|
|poke|p1|Aerodactyl, L50, M|
|poke|p2|Gengar, L50, M|
|poke|p2|Ninetales-Alola, L50, F|
|poke|p2|Incineroar, L50, M|
|poke|p2|Kingambit, L50, M|
|poke|p2|Staraptor, L50, F|
|poke|p2|Garchomp, L50, F|
|teampreview|4
|showteam|p1|Kingambit||BlackGlasses|Defiant|Protect,IronHead,SuckerPunch,KowtowCleave|Brave||F|||50|]Garchomp||LifeOrb|RoughSkin|DragonClaw,Earthquake,RockSlide,Protect|Jolly||F|||50|]Farigiraf||SitrusBerry|ArmorTail|TwinBeam,Thunderbolt,TrickRoom,HelpingHand|Bold||F|||50|]Charizard||CharizarditeY|Blaze|Protect,HeatWave,SolarBeam,WeatherBall|Modest||M|||50|]Sylveon||FairyFeather|Pixilate|Detect,HyperBeam,HyperVoice,QuickAttack|Modest||F|||50|]Aerodactyl||Aerodactylite|Unnerve|WideGuard,RockSlide,DualWingbeat,Tailwind|Jolly||M|||50|
|showteam|p2|Gengar||Gengarite|CursedBody|ShadowBall,SludgeBomb,Protect,PerishSong|Timid||M|||50|]Ninetales-Alola||NeverMeltIce|SnowWarning|Blizzard,Encore,Protect,Disable|Timid||F|||50|]Incineroar||SitrusBerry|Intimidate|FlareBlitz,PartingShot,Protect,FakeOut|Relaxed||M|||50|]Kingambit||BlackGlasses|Defiant|KowtowCleave,SuckerPunch,Protect,LowKick|Adamant||M|||50|]Staraptor||ChoiceScarf|Intimidate|FinalGambit,CloseCombat,BraveBird,Uturn|Jolly||F|||50|]Garchomp||LifeOrb|RoughSkin|Protect,RockSlide,StompingTantrum,DragonClaw|Adamant||F|||50|
|inactive|Battle timer is ON: inactive players will automatically lose when time's up. (requested by wifike)
|
|t:|1784878807
|teamsize|p1|4
|teamsize|p2|4
|start
|switch|p1a: Garchomp|Garchomp, L50, F|100/100
|switch|p1b: Kingambit|Kingambit, L50, F|100/100
|switch|p2a: Garchomp|Garchomp, L50, F|100/100
|switch|p2b: Staraptor|Staraptor, L50, F|100/100
|-ability|p2b: Staraptor|Intimidate|boost
|-unboost|p1a: Garchomp|atk|1
|-unboost|p1b: Kingambit|atk|1
|-ability|p1b: Kingambit|Defiant|boost
|-boost|p1b: Kingambit|atk|2
|turn|1
|
|t:|1784878827
|move|p1a: Garchomp|Protect|p1a: Garchomp
|-singleturn|p1a: Garchomp|Protect
|move|p1b: Kingambit|Protect|p1b: Kingambit
|-singleturn|p1b: Kingambit|Protect
|move|p2b: Staraptor|Close Combat|p1b: Kingambit
|-activate|p1b: Kingambit|move: Protect
|move|p2a: Garchomp|Dragon Claw|p1a: Garchomp
|-activate|p1a: Garchomp|move: Protect
|
|upkeep
|turn|2
|
|t:|1784878850
|switch|p2b: Gengar|Gengar, L50, M|100/100
|switch|p1a: Sylveon|Sylveon, L50, F|100/100
|move|p1b: Kingambit|Sucker Punch||[still]
|-fail|p1b: Kingambit
|move|p2a: Garchomp|Dragon Claw|p1a: Sylveon
|-immune|p1a: Sylveon
|
|upkeep
|turn|3
|inactive|NoitUK_VGC has 30 seconds left.
|
|t:|1784878877
|switch|p2a: Kingambit|Kingambit, L50, M|100/100
|switch|p1a: Garchomp|Garchomp, L50, F|100/100
|detailschange|p2b: Gengar|Gengar-Mega, L50, M
|-mega|p2b: Gengar|Gengar|Gengarite
|move|p2b: Gengar|Perish Song|p2b: Gengar
|-start|p1a: Garchomp|perish3|[silent]
|-start|p1b: Kingambit|perish3|[silent]
|-start|p2a: Kingambit|perish3|[silent]
|-start|p2b: Gengar|perish3|[silent]
|-fieldactivate|move: Perish Song
|move|p1b: Kingambit|Kowtow Cleave|p2a: Kingambit
|-resisted|p2a: Kingambit|1
|-damage|p2a: Kingambit|67/100
|
|-start|p2b: Gengar|perish3
|-start|p1a: Garchomp|perish3
|-start|p2a: Kingambit|perish3
|-start|p1b: Kingambit|perish3
|upkeep
|turn|4
|
|t:|1784878894
|move|p2b: Gengar|Protect|p2b: Gengar
|-singleturn|p2b: Gengar|Protect
|move|p2a: Kingambit|Protect|p2a: Kingambit
|-singleturn|p2a: Kingambit|Protect
|move|p1a: Garchomp|Earthquake|p2a: Kingambit|[spread] p1b
|-activate|p2a: Kingambit|move: Protect
|-activate|p2b: Gengar|move: Protect
|-supereffective|p1b: Kingambit|1
|-damage|p1b: Kingambit|23/100
|-damage|p1a: Garchomp|90/100|[from] item: Life Orb
|move|p1b: Kingambit|Kowtow Cleave|p2a: Kingambit
|-activate|p2a: Kingambit|move: Protect
|
|-start|p2b: Gengar|perish2
|-start|p1a: Garchomp|perish2
|-start|p2a: Kingambit|perish2
|-start|p1b: Kingambit|perish2
|upkeep
|turn|5
|
|t:|1784878915
|switch|p2b: Staraptor|Staraptor, L50, F|100/100
|-ability|p2b: Staraptor|Intimidate|boost
|-unboost|p1a: Garchomp|atk|1
|-unboost|p1b: Kingambit|atk|1
|-ability|p1b: Kingambit|Defiant|boost
|-boost|p1b: Kingambit|atk|2
|move|p1a: Garchomp|Earthquake|p2b: Staraptor|[spread] p1b,p2a
|-immune|p2b: Staraptor
|-supereffective|p1b: Kingambit|1
|-crit|p1b: Kingambit
|-supereffective|p2a: Kingambit|1
|-damage|p1b: Kingambit|0 fnt
|-damage|p2a: Kingambit|20/100y
|faint|p1b: Kingambit
|-damage|p1a: Garchomp|80/100|[from] item: Life Orb
|move|p2a: Kingambit|Low Kick|p1a: Garchomp
|-damage|p1a: Garchomp|47/100
|-damage|p2a: Kingambit|8/100|[from] ability: Rough Skin|[of] p1a: Garchomp
|
|-start|p1a: Garchomp|perish1
|-start|p2a: Kingambit|perish1
|upkeep
|inactive|wifike has 30 seconds left.
|
|t:|1784878941
|switch|p1b: Sylveon|Sylveon, L50, F|100/100
|turn|6
|inactive|NoitUK_VGC has 30 seconds left.
|inactive|NoitUK_VGC has 20 seconds left.
|
|t:|1784878976
|switch|p1a: Charizard|Charizard, L50, M|100/100
|move|p2b: Staraptor|Final Gambit|p1b: Sylveon
|-damage|p1b: Sylveon|0 fnt
|faint|p2b: Staraptor
|faint|p1b: Sylveon
|move|p2a: Kingambit|Kowtow Cleave|p1a: Charizard
|-damage|p1a: Charizard|37/100
|
|-start|p2a: Kingambit|perish0
|upkeep
|faint|p2a: Kingambit
|
|t:|1784878987
|switch|p2b: Gengar|Gengar-Mega, L50, M|100/100
|switch|p1b: Garchomp|Garchomp, L50, F|47/100
|switch|p2a: Garchomp|Garchomp, L50, F|100/100
|turn|7
|inactive|NoitUK_VGC has 30 seconds left.
|
|t:|1784879015
|detailschange|p1a: Charizard|Charizard-Mega-Y, L50, M
|-mega|p1a: Charizard|Charizard|Charizardite Y
|-weather|SunnyDay|[from] ability: Drought|[of] p1a: Charizard
|move|p1a: Charizard|Protect|p1a: Charizard
|-singleturn|p1a: Charizard|Protect
|move|p2b: Gengar|Shadow Ball|p1a: Charizard
|-activate|p1a: Charizard|move: Protect
|move|p1b: Garchomp|Dragon Claw|p2a: Garchomp
|-supereffective|p2a: Garchomp|1
|-damage|p2a: Garchomp|8/100
|-damage|p1b: Garchomp|34/100|[from] ability: Rough Skin|[of] p2a: Garchomp
|-damage|p1b: Garchomp|25/100|[from] item: Life Orb
|move|p2a: Garchomp|Dragon Claw|p1b: Garchomp
|-supereffective|p1b: Garchomp|1
|-damage|p1b: Garchomp|0 fnt
|-damage|p2a: Garchomp|0 fnt|[from] ability: Rough Skin|[of] p1b: Garchomp
|faint|p1b: Garchomp
|faint|p2a: Garchomp
|
|-weather|SunnyDay|[upkeep]
|upkeep
|turn|8
|
|t:|1784879035
|move|p2b: Gengar|Shadow Ball|p1a: Charizard
|-damage|p1a: Charizard|0 fnt
|faint|p1a: Charizard
|
|win|NoitUK_VGC
||wifike is ready for game 3.
