|j|☆JVoid
|j|☆HUGEbowlOFzaman
|html|JVoidHUGEbowlOFzaman    
|uhtml|bestof|Game 3 of a best-of-3
|t:|1785012426
|gametype|doubles
|player|p1|JVoid|lucas-gen4pt|
|player|p2|HUGEbowlOFzaman|265|
|gen|9
|tier|[Gen 9 Champions] VGC 2026 Reg M-B (Bo3)
|rule|Species Clause: Limit one of each Pokémon
|rule|Item Clause: Limit 1 of each item
|clearpoke
|poke|p1|Blastoise, L50, M|
|poke|p1|Politoed, L50, F|
|poke|p1|Glaceon, L50, M|
|poke|p1|Mr. Rime, L50, F|
|poke|p1|Ninetales-Alola, L50, M|
|poke|p1|Maushold, L50|
|poke|p2|Kangaskhan, L50, F|
|poke|p2|Raichu-Alola, L50, M|
|poke|p2|Samurott-Hisui, L50, F|
|poke|p2|Glimmora, L50, F|
|poke|p2|Goodra-Hisui, L50, M|
|poke|p2|Vivillon, L50, M|
|teampreview|4
|showteam|p1|Blastoise||Blastoisinite|Torrent|WaterSpout,DarkPulse,ShellSmash,Protect|Modest||M|||50|]Politoed||SitrusBerry|Drizzle|Protect,IcyWind,WeatherBall,HelpingHand|Bold||F|||50|]Glaceon||ChoiceScarf|IceBody|Blizzard,FreezeDry,WeatherBall,ShadowBall|Timid||M|||50|]Mr. Rime||MentalHerb|IceBody|TrickRoom,FakeOut,FreezeDry,ShadowBall|Bold||F|||50|]Ninetales-Alola||FocusSash|SnowWarning|AuroraVeil,HelpingHand,Protect,Moonblast|Timid||M|||50|]Maushold||ChopleBerry|FriendGuard|Protect,FollowMe,SuperFang,Encore|Jolly|||||50|
|showteam|p2|Kangaskhan||Kangaskhanite|InnerFocus|FakeOut,DoubleEdge,FirePunch,SuckerPunch|Adamant||F|||50|]Raichu-Alola||LightBall|SurgeSurfer|FakeOut,Thunderbolt,Reflect,LightScreen|Timid||M|||50|]Samurott-Hisui||FocusSash|Sharpness|Protect,AquaCutter,CeaselessEdge,SacredSword|Jolly||F|||50|]Glimmora||Glimmoranite|Corrosion|PowerGem,SludgeBomb,Substitute,SpikyShield|Timid||F|||50|]Goodra-Hisui||Leftovers|ShellArmor|Shelter,BodyPress,Thunder,FlashCannon|Modest||M|||50|]Vivillon||ChoiceScarf|CompoundEyes|SleepPowder,Tailwind,Hurricane,RagePowder|Timid||M|||50|
|j| Ly_likes_Ceruledge
|
|t:|1785012534
|teamsize|p1|4
|teamsize|p2|4
|start
|switch|p1a: Mr. Rime|Mr. Rime, L50, F|100/100
|switch|p1b: Ninetales|Ninetales-Alola, L50, M|100/100
|switch|p2a: Glimmora|Glimmora, L50, F|100/100
|switch|p2b: Raichu|Raichu-Alola, L50, M|100/100
|-weather|Snowscape|[from] ability: Snow Warning|[of] p1b: Ninetales
|turn|1
|
|t:|1785012565
|detailschange|p2a: Glimmora|Glimmora-Mega, L50, F
|-mega|p2a: Glimmora|Glimmora|Glimmoranite
|move|p2b: Raichu|Fake Out|p1a: Mr. Rime
|-damage|p1a: Mr. Rime|95/100
|cant|p1a: Mr. Rime|flinch
|move|p1b: Ninetales|Aurora Veil|p1b: Ninetales
|-sidestart|p1: JVoid|move: Aurora Veil
|move|p2a: Glimmora|Sludge Bomb|p1b: Ninetales
|-supereffective|p1b: Ninetales|1
|-enditem|p1b: Ninetales|Focus Sash
|-damage|p1b: Ninetales|1/100
|
|-weather|Snowscape|[upkeep]
|-heal|p1a: Mr. Rime|100/100|[from] ability: Ice Body
|upkeep
|turn|2
|
|t:|1785012600
|move|p1b: Ninetales|Protect|p1b: Ninetales
|-singleturn|p1b: Ninetales|Protect
|move|p2b: Raichu|Thunderbolt|p1b: Ninetales
|-activate|p1b: Ninetales|move: Protect
|move|p2a: Glimmora|Power Gem|p1a: Mr. Rime
|-supereffective|p1a: Mr. Rime|1
|-damage|p1a: Mr. Rime|33/100
|move|p1a: Mr. Rime|Shadow Ball|p2b: Raichu
|-supereffective|p2b: Raichu|1
|-damage|p2b: Raichu|52/100
|
|-weather|Snowscape|[upkeep]
|-heal|p1a: Mr. Rime|39/100|[from] ability: Ice Body
|upkeep
|turn|3
|
|t:|1785012636
|move|p1b: Ninetales|Protect||[still]
|-fail|p1b: Ninetales
|move|p2b: Raichu|Thunderbolt|p1b: Ninetales
|-damage|p1b: Ninetales|0 fnt
|faint|p1b: Ninetales
|move|p2a: Glimmora|Substitute|p2a: Glimmora
|-start|p2a: Glimmora|Substitute
|-damage|p2a: Glimmora|75/100
|move|p1a: Mr. Rime|Shadow Ball|p2a: Glimmora
|-end|p2a: Glimmora|Substitute
|
|-weather|Snowscape|[upkeep]
|-heal|p1a: Mr. Rime|45/100|[from] ability: Ice Body
|upkeep
|
|t:|1785012651
|switch|p1b: Glaceon|Glaceon, L50, M|100/100
|turn|4
|
|t:|1785012672
|move|p1b: Glaceon|Blizzard|p2b: Raichu|[spread] p2a,p2b
|-damage|p2a: Glimmora|22/100
|-damage|p2b: Raichu|0 fnt
|faint|p2b: Raichu
|move|p2a: Glimmora|Power Gem|p1a: Mr. Rime
|-supereffective|p1a: Mr. Rime|1
|-damage|p1a: Mr. Rime|0 fnt
|faint|p1a: Mr. Rime
|
|-weather|Snowscape|[upkeep]
|upkeep
|
|t:|1785012691
|switch|p2b: Vivillon|Vivillon, L50, M|100/100
|switch|p1a: Blastoise|Blastoise, L50, M|100/100
|turn|5
|
|t:|1785012737
|switch|p2a: Goodra|Goodra-Hisui, L50, M|100/100
|detailschange|p1a: Blastoise|Blastoise-Mega, L50, M
|-mega|p1a: Blastoise|Blastoise|Blastoisinite
|move|p1a: Blastoise|Protect|p1a: Blastoise
|-singleturn|p1a: Blastoise|Protect
|move|p1b: Glaceon|Blizzard|p2a: Goodra|[spread] p2a,p2b
|-supereffective|p2b: Vivillon|1
|-damage|p2a: Goodra|71/100
|-damage|p2b: Vivillon|0 fnt
|faint|p2b: Vivillon
|
|-weather|none
|-heal|p2a: Goodra|77/100|[from] item: Leftovers
|-sideend|p1: JVoid|move: Aurora Veil
|upkeep
|
|t:|1785012748
|switch|p2b: Glimmora|Glimmora-Mega, L50, F|22/100
|turn|6
|
|t:|1785012767
|move|p1b: Glaceon|Blizzard|p2b: Glimmora|[spread] p2b
|-miss|p1b: Glaceon|p2a: Goodra
|-damage|p2b: Glimmora|0 fnt
|faint|p2b: Glimmora
|move|p1a: Blastoise|Water Spout|p2a: Goodra
|-resisted|p2a: Goodra|1
|-damage|p2a: Goodra|50/100g
|move|p2a: Goodra|Body Press|p1b: Glaceon
|-supereffective|p1b: Glaceon|1
|-damage|p1b: Glaceon|56/100
|
|-heal|p2a: Goodra|56/100|[from] item: Leftovers
|upkeep
|turn|7
|
|t:|1785012791
|move|p1b: Glaceon|Blizzard|p2a: Goodra
|-damage|p2a: Goodra|22/100
|move|p1a: Blastoise|Dark Pulse|p2a: Goodra
|-damage|p2a: Goodra|0 fnt
|faint|p2a: Goodra
|
|win|JVoid
|c|☆JVoid|ggs
|c| Ly_likes_Ceruledge|ggs
|c|☆HUGEbowlOFzaman|ggs!
|l|☆HUGEbowlOFzaman
|player|p2|
|j|☆HUGEbowlOFzaman
|player|p2|HUGEbowlOFzaman|265|
|l|☆HUGEbowlOFzaman
|player|p2|
