|j|☆rdw39
|j|☆Mojanf
|html|rdw39Mojanf    
|uhtml|bestof|Game 1 of a best-of-3
|t:|1756812944
|gametype|doubles
|player|p1|rdw39|170|1060
|player|p2|Mojanf|266|1017
|gen|9
|tier|[Gen 9] VGC 2025 Reg H (Bo3)
|rated|
|rule|Species Clause: Limit one of each Pokémon
|rule|Item Clause: Limit 1 of each item
|clearpoke
|poke|p1|Sneasler, L50, F|
|poke|p1|Indeedee, L50, M|
|poke|p1|Ursaluna-Bloodmoon, L50, M|
|poke|p1|Electabuzz, L50, F|
|poke|p1|Incineroar, L50, F|
|poke|p1|Talonflame, L50, F|
|poke|p2|Archaludon, L50, F|
|poke|p2|Pelipper, L50, F|
|poke|p2|Incineroar, L50, M|
|poke|p2|Kingambit, L50, M|
|poke|p2|Amoonguss, L50, F|
|poke|p2|Sableye, L50, M|
|teampreview|4
|showteam|p1|Sneasler||PsychicSeed|Unburden|CloseCombat,DireClaw,ThroatChop,Protect|||F|||50|,,,,,Dark]Indeedee||FocusSash|PsychicSurge|ExpandingForce,TrickRoom,HelpingHand,Protect|||M|||50|,,,,,Psychic]Ursaluna-Bloodmoon||LifeOrb|MindsEye|BloodMoon,HyperVoice,EarthPower,Protect|||M|||50|,,,,,Normal]Electabuzz||Eviolite|VitalSpirit|Electroweb,FollowMe,Taunt,Protect|||F|||50|,,,,,Dragon]Incineroar||SafetyGoggles|Intimidate|FlareBlitz,KnockOff,PartingShot,FakeOut|||F|||50|,,,,,Ghost]Talonflame||CovertCloak|GaleWings|FlareBlitz,DualWingbeat,WillOWisp,Tailwind|||F|||50|,,,,,Fairy
|showteam|p2|Archaludon||AssaultVest|Stalwart|ElectroShot,BodyPress,DragonPulse,TeraBlast|||F|||50|,,,,,Flying]Pelipper||Leftovers|Drizzle|Tailwind,Hurricane,Protect,HelpingHand|||F|||50|,,,,,Dragon]Incineroar||SafetyGoggles|Intimidate|FakeOut,KnockOff,Protect,PartingShot|||M|||50|,,,,,Ghost]Kingambit||LifeOrb|Defiant|KowtowCleave,SuckerPunch,Protect,IronHead|||M|||50|,,,,,Dark]Amoonguss||RockyHelmet|Regenerator|RagePowder,Spore,Protect,SludgeBomb|||F|||50|,,,,,Water]Sableye||LightClay|Prankster|LightScreen,Reflect,WillOWisp,RainDance|||M|||50|,,,,,Dark
|inactive|Battle timer is ON: inactive players will automatically lose when time's up. (requested by Mojanf)
|inactive|rdw39 has 60 seconds left.
|
|t:|1756812997
|teamsize|p1|4
|teamsize|p2|4
|start
|switch|p1a: Electabuzz|Electabuzz, L50, F|100/100
|switch|p1b: Ursaluna|Ursaluna-Bloodmoon, L50, M|100/100
|switch|p2a: Archaludon|Archaludon, L50, F|100/100
|switch|p2b: Pelipper|Pelipper, L50, F|100/100
|-weather|RainDance|[from] ability: Drizzle|[of] p2b: Pelipper
|turn|1
|inactive|rdw39 has 30 seconds left.
|inactive|Mojanf has 30 seconds left.
|inactive|Mojanf has 20 seconds left.
|inactive|Mojanf has 15 seconds left.
|inactive|Mojanf has 10 seconds left.
|
|t:|1756813047
|switch|p2b: Incineroar|Incineroar, L50, M|100/100
|-ability|p2b: Incineroar|Intimidate|boost
|-unboost|p1a: Electabuzz|atk|1
|-unboost|p1b: Ursaluna|atk|1
|-terastallize|p2a: Archaludon|Flying
|move|p1b: Ursaluna|Protect|p1b: Ursaluna
|-singleturn|p1b: Ursaluna|Protect
|move|p1a: Electabuzz|Electroweb|p2a: Archaludon|[spread] p2a,p2b
|-supereffective|p2a: Archaludon
|-damage|p2a: Archaludon|71/100
|-damage|p2b: Incineroar|92/100
|-unboost|p2a: Archaludon|spe|1
|-unboost|p2b: Incineroar|spe|1
|move|p2a: Archaludon|Dragon Pulse|p1b: Ursaluna
|-activate|p1b: Ursaluna|move: Protect
|
|-weather|RainDance|[upkeep]
|upkeep
|turn|2
|inactive|Mojanf has 30 seconds left.
|
|t:|1756813074
|switch|p1a: Indeedee|Indeedee, L50, M|100/100
|-fieldstart|move: Psychic Terrain|[from] ability: Psychic Surge|[of] p1a: Indeedee
|switch|p2a: Kingambit|Kingambit, L50, M|100/100
|-terastallize|p1b: Ursaluna|Normal
|move|p2b: Incineroar|Fake Out|p1b: Ursaluna
|-activate|p1b: Ursaluna|move: Psychic Terrain
|move|p1b: Ursaluna|Blood Moon|p2a: Kingambit
|-resisted|p2a: Kingambit
|-damage|p2a: Kingambit|26/100
|-damage|p1b: Ursaluna|91/100|[from] item: Life Orb
|
|-weather|RainDance|[upkeep]
|upkeep
|turn|3
|inactive|rdw39 has 30 seconds left.
|inactive|rdw39 has 20 seconds left.
|
|t:|1756813109
|move|p1a: Indeedee|Helping Hand|p1b: Ursaluna
|-singleturn|p1b: Ursaluna|Helping Hand|[of] p1a: Indeedee
|move|p1b: Ursaluna|Hyper Voice|p2b: Incineroar|[spread] p2a,p2b
|-resisted|p2a: Kingambit
|-crit|p2a: Kingambit
|-damage|p2a: Kingambit|0 fnt
|-damage|p2b: Incineroar|22/100
|faint|p2a: Kingambit
|-damage|p1b: Ursaluna|81/100|[from] item: Life Orb
|move|p2b: Incineroar|Parting Shot|p1b: Ursaluna
|-unboost|p1b: Ursaluna|atk|1
|-unboost|p1b: Ursaluna|spa|1
|
|t:|1756813127
|switch|p2b: Archaludon|Archaludon, L50, F, tera:Flying|71/100|[from] Parting Shot
|
|-weather|RainDance|[upkeep]
|upkeep
|
|t:|1756813140
|switch|p2a: Pelipper|Pelipper, L50, F|100/100
|turn|4
|inactive|rdw39 has 30 seconds left.
|inactive|rdw39 has 20 seconds left.
|inactive|rdw39 has 15 seconds left.
|inactive|rdw39 has 10 seconds left.
|inactive|Mojanf has 30 seconds left.
|
|t:|1756813188
|switch|p1b: Electabuzz|Electabuzz, L50, F|100/100
|move|p2a: Pelipper|Helping Hand|p2b: Archaludon
|-singleturn|p2b: Archaludon|Helping Hand|[of] p2a: Pelipper
|move|p2b: Archaludon|Dragon Pulse|p1b: Electabuzz
|-damage|p1b: Electabuzz|43/100
|move|p1a: Indeedee|Trick Room|p1a: Indeedee
|-fieldstart|move: Trick Room|[of] p1a: Indeedee
|
|-weather|RainDance|[upkeep]
|upkeep
|turn|5
|inactive|Mojanf has 30 seconds left.
|inactive|Mojanf has 20 seconds left.
|inactive|Mojanf has 15 seconds left.
|inactive|Mojanf has 10 seconds left.
|inactive|Mojanf has 5 seconds left.
|
|t:|1756813244
|move|p1b: Electabuzz|Follow Me|p1b: Electabuzz
|-singleturn|p1b: Electabuzz|move: Follow Me
|move|p2a: Pelipper|Tailwind|p2a: Pelipper
|-sidestart|p2: Mojanf|move: Tailwind
|move|p1a: Indeedee|Expanding Force|p2a: Pelipper|[spread] p2a,p2b
|-damage|p2a: Pelipper|30/100
|-damage|p2b: Archaludon|20/100
|move|p2b: Archaludon|Electro Shot||[still]
|-prepare|p2b: Archaludon|Electro Shot
|-boost|p2b: Archaludon|spa|1
|-anim|p2b: Archaludon|Electro Shot|p1a: Indeedee
|-damage|p1a: Indeedee|5/100
|
|-weather|none
|-heal|p2a: Pelipper|36/100|[from] item: Leftovers
|upkeep
|turn|6
|
|t:|1756813269
|switch|p2b: Incineroar|Incineroar, L50, M|22/100
|-ability|p2b: Incineroar|Intimidate|boost
|-unboost|p1a: Indeedee|atk|1
|-unboost|p1b: Electabuzz|atk|1
|move|p1a: Indeedee|Expanding Force|p2a: Pelipper|[spread] p2a
|-immune|p2b: Incineroar
|-damage|p2a: Pelipper|0 fnt
|faint|p2a: Pelipper
|move|p1b: Electabuzz|Electroweb|p2b: Incineroar
|-damage|p2b: Incineroar|9/100
|-unboost|p2b: Incineroar|spe|1
|
|-fieldend|move: Psychic Terrain
|upkeep
|
|t:|1756813284
|switch|p2a: Archaludon|Archaludon, L50, F, tera:Flying|20/100
|turn|7
|inactive|Mojanf has 30 seconds left.
|inactive|Mojanf has 20 seconds left.
|inactive|Mojanf has 15 seconds left.
|l|☆Mojanf
|inactive|Mojanf disconnected and has a minute to reconnect!
|player|p2|
|inactive|Mojanf has 10 seconds left.
|inactive|Mojanf has 5 seconds left.
|-message|Mojanf lost due to inactivity.
|
|win|rdw39
