|j|☆Infernape314
|j|☆That1Morpecko
|html|Infernape314That1Morpecko    
|uhtml|bestof|Game 1 of a best-of-3
|t:|1782677375
|gametype|doubles
|player|p1|Infernape314|thorton|1275
|player|p2|That1Morpecko|hiker-gen4|1192
|gen|9
|tier|[Gen 9 Champions] VGC 2026 Reg M-B (Bo3)
|rated|
|rule|Species Clause: Limit one of each Pokémon
|rule|Item Clause: Limit 1 of each item
|clearpoke
|poke|p1|Archaludon, L50, F|
|poke|p1|Swampert, L50, F|
|poke|p1|Pelipper, L50, M|
|poke|p1|Dragapult, L50, F|
|poke|p1|Scizor, L50, M|
|poke|p1|Heliolisk, L50, M|
|poke|p2|Sinistcha, L50|
|poke|p2|Incineroar, L50, F|
|poke|p2|Milotic, L50, M|
|poke|p2|Raichu, L50, M|
|poke|p2|Floette-Eternal, L50, F|
|poke|p2|Ceruledge, L50, M|
|teampreview|4
|showteam|p1|Archaludon||Leftovers|Stamina|DragonPulse,ElectroShot,FlashCannon,Protect|Modest||F|||50|]Swampert||Swampertite|Torrent|WaveCrash,HighHorsepower,IcePunch,Protect|Adamant||F|||50|]Pelipper||SitrusBerry|Drizzle|WeatherBall,Hurricane,WideGuard,Protect|Bold||M|||50|]Dragapult||FocusSash|ClearBody|DracoMeteor,ShadowBall,WillOWisp,Protect|Timid||F|||50|]Scizor||Scizorite|Technician|BulletPunch,CloseCombat,Protect,BugBite|Adamant||M|||50|]Heliolisk||ChoiceScarf|DrySkin|Thunderbolt,Electroweb,VoltSwitch,DarkPulse|Modest||M|||50|
|showteam|p2|Sinistcha||KasibBerry|Hospitality|MatchaGotcha,LifeDew,RagePowder,Protect|Relaxed|||||50|]Incineroar||SitrusBerry|Intimidate|FlareBlitz,ThroatChop,FakeOut,PartingShot|Impish||F|||50|]Milotic||Leftovers|Competitive|MuddyWater,Coil,Hypnosis,Protect|Calm||M|||50|]Raichu||RaichuniteY|LightningRod|ZapCannon,FocusBlast,FakeOut,Protect|Timid||M|||50|]Floette-Eternal||Floettite|FlowerVeil|DazzlingGleam,DrainingKiss,CalmMind,Protect|Timid||F|||50|]Ceruledge||ColburBerry|FlashFire|BitterBlade,ShadowSneak,BulkUp,Protect|Adamant||M|||50|
|inactive|Battle timer is ON: inactive players will automatically lose when time's up. (requested by That1Morpecko)
|inactive|Infernape314 also wants the timer to be on.
|inactive|Infernape314 has 60 seconds left.
|
|t:|1782677425
|teamsize|p1|4
|teamsize|p2|4
|start
|switch|p1a: Pelipper|Pelipper, L50, M|100/100
|switch|p1b: Dragapult|Dragapult, L50, F|100/100
|switch|p2a: Floette|Floette-Eternal, L50, F|100/100
|switch|p2b: Incineroar|Incineroar, L50, F|100/100
|-weather|RainDance|[from] ability: Drizzle|[of] p1a: Pelipper
|-ability|p2b: Incineroar|Intimidate|boost
|-unboost|p1a: Pelipper|atk|1
|-fail|p1b: Dragapult|unboost|[from] ability: Clear Body|[of] p1b: Dragapult
|turn|1
|
|t:|1782677450
|switch|p1a: Scizor|Scizor, L50, M|100/100
|detailschange|p2a: Floette|Floette-Mega, L50, F
|-mega|p2a: Floette|Floette|Floettite
|-ability|p2a: Floette|Fairy Aura
|move|p2b: Incineroar|Fake Out|p1a: Scizor
|-resisted|p1a: Scizor|1
|-damage|p1a: Scizor|94/100
|move|p1b: Dragapult|Shadow Ball|p2a: Floette
|-damage|p2a: Floette|72/100
|move|p2a: Floette|Calm Mind|p2a: Floette
|-boost|p2a: Floette|spa|1
|-boost|p2a: Floette|spd|1
|
|-weather|RainDance|[upkeep]
|upkeep
|turn|2
|
|t:|1782677475
|move|p2a: Floette|Protect|p2a: Floette
|-singleturn|p2a: Floette|Protect
|move|p1b: Dragapult|Shadow Ball|p2b: Incineroar
|-resisted|p2b: Incineroar|1
|-damage|p2b: Incineroar|84/100
|move|p1a: Scizor|Bug Bite|p2b: Incineroar
|-damage|p2b: Incineroar|43/100
|-enditem|p2b: Incineroar|Sitrus Berry|[from] stealeat|[move] Bug Bite|[of] p1a: Scizor
|-heal|p1a: Scizor|100/100|[from] item: Sitrus Berry
|move|p2b: Incineroar|Parting Shot|p1a: Scizor
|-unboost|p1a: Scizor|atk|1
|-unboost|p1a: Scizor|spa|1
|
|t:|1782677486
|switch|p2b: Sinistcha|Sinistcha, L50|100/100|[from] Parting Shot
|-heal|p2a: Floette|97/100|[from] ability: Hospitality|[of] p2b: Sinistcha
|
|-weather|RainDance|[upkeep]
|upkeep
|turn|3
|
|t:|1782677507
|move|p1b: Dragapult|Protect|p1b: Dragapult
|-singleturn|p1b: Dragapult|Protect
|move|p2b: Sinistcha|Rage Powder|p2b: Sinistcha
|-singleturn|p2b: Sinistcha|move: Rage Powder
|move|p1a: Scizor|Bullet Punch|p2b: Sinistcha
|-damage|p2b: Sinistcha|79/100
|move|p2a: Floette|Dazzling Gleam|p1a: Scizor|[spread] p1a
|-activate|p1b: Dragapult|move: Protect
|-resisted|p1a: Scizor|1
|-damage|p1a: Scizor|62/100
|
|-weather|RainDance|[upkeep]
|upkeep
|turn|4
|
|t:|1782677524
|switch|p1b: Pelipper|Pelipper, L50, M|100/100
|move|p2b: Sinistcha|Rage Powder|p2b: Sinistcha
|-singleturn|p2b: Sinistcha|move: Rage Powder
|move|p2a: Floette|Dazzling Gleam|p1b: Pelipper|[spread] p1a,p1b
|-resisted|p1a: Scizor|1
|-damage|p1a: Scizor|26/100
|-damage|p1b: Pelipper|14/100
|-enditem|p1b: Pelipper|Sitrus Berry|[eat]
|-heal|p1b: Pelipper|39/100|[from] item: Sitrus Berry
|move|p1a: Scizor|Bug Bite|p2b: Sinistcha
|-damage|p2b: Sinistcha|47/100
|-enditem|p2b: Sinistcha|Kasib Berry|[from] stealeat|[move] Bug Bite|[of] p1a: Scizor
|
|-weather|RainDance|[upkeep]
|upkeep
|turn|5
|
|t:|1782677540
|switch|p1a: Dragapult|Dragapult, L50, F|100/100
|move|p1b: Pelipper|Wide Guard|p1b: Pelipper
|-singleturn|p1b: Pelipper|Wide Guard
|move|p2b: Sinistcha|Rage Powder|p2b: Sinistcha
|-singleturn|p2b: Sinistcha|move: Rage Powder
|move|p2a: Floette|Draining Kiss|p1a: Dragapult
|-supereffective|p1a: Dragapult|1
|-enditem|p1a: Dragapult|Focus Sash
|-damage|p1a: Dragapult|1/100
|-heal|p2a: Floette|100/100|[from] drain|[of] p1a: Dragapult
|
|-weather|none
|upkeep
|turn|6
|
|t:|1782677553
|switch|p2b: Milotic|Milotic, L50, M|100/100
|move|p1b: Pelipper|Wide Guard|p1b: Pelipper
|-singleturn|p1b: Pelipper|Wide Guard
|move|p1a: Dragapult|Shadow Ball|p2b: Milotic
|-damage|p2b: Milotic|78/100
|-unboost|p2b: Milotic|spd|1
|-ability|p2b: Milotic|Competitive|boost
|-boost|p2b: Milotic|spa|2
|move|p2a: Floette|Draining Kiss|p1b: Pelipper
|-damage|p1b: Pelipper|0 fnt
|faint|p1b: Pelipper
|
|-heal|p2b: Milotic|84/100|[from] item: Leftovers
|upkeep
|
|t:|1782677567
|switch|p1b: Scizor|Scizor, L50, M|26/100
|turn|7
|
|t:|1782677574
|detailschange|p1b: Scizor|Scizor-Mega, L50, M
|-mega|p1b: Scizor|Scizor|Scizorite
|move|p2a: Floette|Protect|p2a: Floette
|-singleturn|p2a: Floette|Protect
|move|p1b: Scizor|Bullet Punch|p2a: Floette
|-activate|p2a: Floette|move: Protect
|move|p1a: Dragapult|Shadow Ball|p2b: Milotic
|-damage|p2b: Milotic|48/100
|-unboost|p2b: Milotic|spd|1
|-ability|p2b: Milotic|Competitive|boost
|-boost|p2b: Milotic|spa|2
|move|p2b: Milotic|Muddy Water|p1b: Scizor|[spread] p1a,p1b
|-resisted|p1a: Dragapult|1
|-damage|p1a: Dragapult|0 fnt
|-damage|p1b: Scizor|0 fnt
|faint|p1a: Dragapult
|faint|p1b: Scizor
|
|-heal|p2b: Milotic|54/100|[from] item: Leftovers
|upkeep
|-message|Infernape314 forfeited.
|
|win|That1Morpecko
||Infernape314 is ready for game 2.
||That1Morpecko is ready for game 2.
|uhtml|next|Next: Game 2 of 3
|l|☆Infernape314
|player|p1|
