|j|☆magicalarcher57
|j|☆SitrusC
|html|magicalarcher57SitrusC    
|uhtml|bestof|Game 1 of a best-of-3
|t:|1783519237
|gametype|doubles
|player|p1|magicalarcher57|diantha|
|player|p2|SitrusC|lucas|
|gen|9
|tier|[Gen 9 Champions] VGC 2026 Reg M-B (Bo3)
|rule|Species Clause: Limit one of each Pokémon
|rule|Item Clause: Limit 1 of each item
|clearpoke
|poke|p1|Swampert, L50, M|
|poke|p1|Pelipper, L50, F|
|poke|p1|Grimmsnarl, L50, M|
|poke|p1|Sinistcha, L50|
|poke|p1|Archaludon, L50, M|
|poke|p1|Floette-Eternal, L50, F|
|poke|p2|Charizard, L50, M, shiny|
|poke|p2|Garchomp, L50, F|
|poke|p2|Kingambit, L50, M|
|poke|p2|Aerodactyl, L50, M|
|poke|p2|Sylveon, L50, M|
|poke|p2|Farigiraf, L50, M|
|teampreview|4
|showteam|p1|Swampert||Swampertite|Damp|Earthquake,WaveCrash,IcePunch,Protect|Adamant||M|||50|]Pelipper||FocusSash|Drizzle|WeatherBall,Hurricane,Protect,Tailwind|Modest||F|||50|]Grimmsnarl||LightClay|Prankster|PartingShot,Reflect,LightScreen,SpiritBreak|Careful||M|||50|]Sinistcha||SitrusBerry|Hospitality|RagePowder,MatchaGotcha,LifeDew,TrickRoom|Bold|||||50|]Archaludon||Leftovers|Stamina|DragonPulse,FlashCannon,ElectroShot,Protect|Modest||M|||50|]Floette-Eternal||Floettite|FlowerVeil|Moonblast,DazzlingGleam,CalmMind,Protect|Modest||F|||50|
|showteam|p2|Charizard||CharizarditeY|Blaze|Protect,HeatWave,SolarBeam,WeatherBall|Modest||M|||50|]Garchomp||LifeOrb|RoughSkin|Protect,Earthquake,DragonClaw,StompingTantrum|Jolly||F|||50|]Kingambit||FocusSash|Defiant|LowKick,IronHead,SuckerPunch,KowtowCleave|Adamant||M|||50|]Aerodactyl||Aerodactylite|Unnerve|Tailwind,IceFang,RockSlide,WideGuard|Jolly||M|||50|]Sylveon||FairyFeather|Pixilate|Protect,HyperVoice,HyperBeam,QuickAttack|Modest||M|||50|]Farigiraf||SitrusBerry|ArmorTail|TrickRoom,TwinBeam,Thunderbolt,HelpingHand|Bold||M|||50|
|inactive|Battle timer is ON: inactive players will automatically lose when time's up. (requested by magicalarcher57)
|inactive|SitrusC also wants the timer to be on.
|c|☆SitrusC|Glhf
|c|☆magicalarcher57|glhf
|inactive|SitrusC has 60 seconds left.
|c|☆SitrusC|This team is one of my worst mu's
|c|☆magicalarcher57|usually do u know what they lead into u
|inactive|SitrusC has 30 seconds left.
|c|☆magicalarcher57|if yes i can do that
|
|t:|1783519305
|teamsize|p1|4
|teamsize|p2|4
|start
|switch|p1a: Floette|Floette-Eternal, L50, F|100/100
|switch|p1b: Grimmsnarl|Grimmsnarl, L50, M|100/100
|switch|p2a: Farigiraf|Farigiraf, L50, M|100/100
|switch|p2b: Sylveon|Sylveon, L50, M|100/100
|turn|1
|inactive|SitrusC has 30 seconds left.
|c|☆SitrusC|Often it's a combination of peli, swampert, arch and Grimm
|inactive|SitrusC has 20 seconds left.
|inactive|SitrusC has 15 seconds left.
|c|☆magicalarcher57|hmm ok
|inactive|SitrusC has 10 seconds left.
|
|t:|1783519350
|detailschange|p1a: Floette|Floette-Mega, L50, F
|-mega|p1a: Floette|Floette|Floettite
|-ability|p1a: Floette|Fairy Aura
|move|p1b: Grimmsnarl|Light Screen|p1b: Grimmsnarl
|-sidestart|p1: magicalarcher57|move: Light Screen
|move|p1a: Floette|Calm Mind|p1a: Floette
|-boost|p1a: Floette|spa|1
|-boost|p1a: Floette|spd|1
|move|p2b: Sylveon|Hyper Voice|p1b: Grimmsnarl|[spread] p1a,p1b
|-supereffective|p1b: Grimmsnarl|1
|-damage|p1a: Floette|74/100
|-damage|p1b: Grimmsnarl|20/100y
|move|p2a: Farigiraf|Trick Room|p2a: Farigiraf
|-fieldstart|move: Trick Room|[of] p2a: Farigiraf
|
|upkeep
|turn|2
|inactive|SitrusC has 30 seconds left.
|
|t:|1783519378
|switch|p1b: Sinistcha|Sinistcha, L50|100/100
|-heal|p1a: Floette|98/100|[from] ability: Hospitality|[of] p1b: Sinistcha
|switch|p2b: Kingambit|Kingambit, L50, M|100/100
|move|p2a: Farigiraf|Thunderbolt|p1b: Sinistcha
|-resisted|p1b: Sinistcha|1
|-damage|p1b: Sinistcha|92/100
|-status|p1b: Sinistcha|par
|move|p1a: Floette|Dazzling Gleam|p2b: Kingambit|[spread] p2a,p2b
|-crit|p2b: Kingambit
|-damage|p2a: Farigiraf|39/100
|-enditem|p2b: Kingambit|Focus Sash
|-damage|p2b: Kingambit|1/100
|-enditem|p2a: Farigiraf|Sitrus Berry|[eat]
|-heal|p2a: Farigiraf|64/100|[from] item: Sitrus Berry
|
|upkeep
|turn|3
|inactive|SitrusC has 30 seconds left.
|
|t:|1783519412
|move|p1a: Floette|Protect|p1a: Floette
|-singleturn|p1a: Floette|Protect
|move|p1b: Sinistcha|Matcha Gotcha|p2a: Farigiraf|[spread] p2a,p2b
|-resisted|p2b: Kingambit|1
|-damage|p2a: Farigiraf|44/100
|-heal|p1b: Sinistcha|100/100 par|[from] drain|[of] p2a: Farigiraf
|-damage|p2b: Kingambit|0 fnt
|-status|p2a: Farigiraf|brn
|faint|p2b: Kingambit
|move|p2a: Farigiraf|Thunderbolt|p1b: Sinistcha
|-resisted|p1b: Sinistcha|1
|-damage|p1b: Sinistcha|91/100 par
|
|-damage|p2a: Farigiraf|38/100 brn|[from] brn
|upkeep
|
|t:|1783519430
|switch|p2b: Sylveon|Sylveon, L50, M|100/100
|turn|4
|
|t:|1783519435
|move|p2a: Farigiraf|Helping Hand|p2b: Sylveon
|-singleturn|p2b: Sylveon|Helping Hand|[of] p2a: Farigiraf
|move|p1b: Sinistcha|Rage Powder|p1b: Sinistcha
|-singleturn|p1b: Sinistcha|move: Rage Powder
|move|p2b: Sylveon|Hyper Voice|p1b: Sinistcha|[spread] p1a,p1b
|-damage|p1a: Floette|60/100
|-damage|p1b: Sinistcha|21/100 par
|-enditem|p1b: Sinistcha|Sitrus Berry|[eat]
|-heal|p1b: Sinistcha|46/100 par|[from] item: Sitrus Berry
|move|p1a: Floette|Dazzling Gleam|p2a: Farigiraf|[spread] p2a,p2b
|-damage|p2a: Farigiraf|0 fnt
|-damage|p2b: Sylveon|44/100
|faint|p2a: Farigiraf
|
|upkeep
|
|t:|1783519449
|switch|p2a: Charizard|Charizard, L50, M, shiny|100/100
|turn|5
|
|t:|1783519461
|switch|p1b: Grimmsnarl|Grimmsnarl, L50, M|20/100y
|move|p1a: Floette|Protect|p1a: Floette
|-singleturn|p1a: Floette|Protect
|move|p2b: Sylveon|Hyper Voice|p1b: Grimmsnarl|[spread] p1b
|-activate|p1a: Floette|move: Protect
|-supereffective|p1b: Grimmsnarl|1
|-damage|p1b: Grimmsnarl|0 fnt
|faint|p1b: Grimmsnarl
|move|p2a: Charizard|Heat Wave|p1a: Floette
|-activate|p1a: Floette|move: Protect
|
|-fieldend|move: Trick Room
|upkeep
|
|t:|1783519471
|switch|p1b: Sinistcha|Sinistcha, L50|46/100 par
|-heal|p1a: Floette|85/100|[from] ability: Hospitality|[of] p1b: Sinistcha
|turn|6
|
|t:|1783519482
|move|p1b: Sinistcha|Rage Powder|p1b: Sinistcha
|-singleturn|p1b: Sinistcha|move: Rage Powder
|move|p1a: Floette|Dazzling Gleam|p2a: Charizard|[spread] p2a,p2b
|-resisted|p2a: Charizard|1
|-damage|p2a: Charizard|63/100
|-damage|p2b: Sylveon|0 fnt
|faint|p2b: Sylveon
|move|p2a: Charizard|Heat Wave|p1b: Sinistcha|[spread] p1b
|-miss|p2a: Charizard|p1a: Floette
|-supereffective|p1b: Sinistcha|1
|-damage|p1b: Sinistcha|5/100 par
|
|upkeep
|turn|7
|
|t:|1783519493
|switch|p1b: Pelipper|Pelipper, L50, F|100/100
|-weather|RainDance|[from] ability: Drizzle|[of] p1b: Pelipper
|move|p1a: Floette|Moonblast|p2a: Charizard
|-resisted|p2a: Charizard|1
|-damage|p2a: Charizard|2/100
|move|p2a: Charizard|Heat Wave|p1a: Floette|[spread] p1a,p1b
|-resisted|p1b: Pelipper|1
|-damage|p1a: Floette|77/100
|-damage|p1b: Pelipper|87/100
|
|-weather|RainDance|[upkeep]
|upkeep
|turn|8
|c|☆magicalarcher57|i think what u need to do is a comp of zard chomp leadi g tbh
|c|☆magicalarcher57|its good into arch and floette lead just abit iffy into swamp
|c|☆magicalarcher57|weather wall
|c|☆magicalarcher57|*war
|inactive|SitrusC has 30 seconds left.
|c|☆SitrusC|Ok I'll try it
|
|t:|1783519520
|switch|p1b: Sinistcha|Sinistcha, L50|5/100 par
|-heal|p1a: Floette|100/100|[from] ability: Hospitality|[of] p1b: Sinistcha
|move|p1a: Floette|Dazzling Gleam|p2a: Charizard
|-resisted|p2a: Charizard|1
|-damage|p2a: Charizard|0 fnt
|faint|p2a: Charizard
|
|win|magicalarcher57
