|j|☆nocturnallynoct
|j|☆m111naaaa
|html|nocturnallynoctm111naaaa    
|uhtml|bestof|Game 1 of a best-of-3
|t:|1756334267
|gametype|doubles
|player|p1|nocturnallynoct|2|1127
|player|p2|m111naaaa|jasmine|1091
|gen|9
|tier|[Gen 9] VGC 2025 Reg H (Bo3)
|rated|
|rule|Species Clause: Limit one of each Pokémon
|rule|Item Clause: Limit 1 of each item
|clearpoke
|poke|p1|Sneasler, L50, M|
|poke|p1|Indeedee, L50, M|
|poke|p1|Tyranitar, L50, F|
|poke|p1|Ursaluna-Bloodmoon, L50, M|
|poke|p1|Electabuzz, L50, F|
|poke|p1|Talonflame, L50, F|
|poke|p2|Kilowattrel, L50, F|
|poke|p2|Amoonguss, L50, F|
|poke|p2|Incineroar, L50, M|
|poke|p2|Porygon2, L50|
|poke|p2|Gholdengo, L50|
|poke|p2|Ursaluna, L50, F|
|teampreview|4
|showteam|p1|Sneasler||PsychicSeed|Unburden|DireClaw,CloseCombat,ThroatChop,Protect|||M|||50|,,,,,Dark]Indeedee||FocusSash|PsychicSurge|ExpandingForce,TeraBlast,Protect,TrickRoom|||M|||50|,,,,,Fighting]Tyranitar||AssaultVest|SandStream|RockSlide,KnockOff,LowKick,TeraBlast|||F|||50|,,,,,Flying]Ursaluna-Bloodmoon||LifeOrb|MindsEye|BloodMoon,HyperVoice,EarthPower,Protect|||M|||50|,,,,,Normal]Electabuzz||Eviolite|VitalSpirit|Electroweb,FollowMe,Taunt,Protect|||F|||50|,,,,,Dragon]Talonflame||CovertCloak|GaleWings|DualWingbeat,FlareBlitz,Tailwind,WillOWisp|||F|||50|,,,,,Fairy
|showteam|p2|Kilowattrel||FocusSash|Competitive|Thunderbolt,AirSlash,Tailwind,Protect|||F|||50|,,,,,Ghost]Amoonguss||SitrusBerry|Regenerator|PollenPuff,Spore,RagePowder,Protect|||F|||50|,,,,,Water]Incineroar||SafetyGoggles|Intimidate|FakeOut,FlareBlitz,KnockOff,PartingShot|||M|||50|,,,,,Ghost]Porygon2||Eviolite|Download|TeraBlast,IceBeam,Recover,TrickRoom||||||50|,,,,,Fighting]Gholdengo||MetalCoat|GoodasGold|MakeItRain,ShadowBall,NastyPlot,Protect||||||50|,,,,,Flying]Ursaluna||FlameOrb|Guts|Facade,HeadlongRush,Earthquake,Protect|||F|||50|,,,,,Ghost
|inactive|Battle timer is ON: inactive players will automatically lose when time's up. (requested by nocturnallynoct)
|c|☆nocturnallynoct|glhf
|inactive|nocturnallynoct has 60 seconds left.
|
|t:|1756334304
|teamsize|p1|4
|teamsize|p2|4
|start
|switch|p1a: Electabuzz|Electabuzz, L50, F|100/100
|switch|p1b: Ursaluna|Ursaluna-Bloodmoon, L50, M|100/100
|switch|p2a: Porygon2|Porygon2, L50|100/100
|switch|p2b: Incineroar|Incineroar, L50, M|100/100
|-ability|p2b: Incineroar|Intimidate|boost
|-unboost|p1a: Electabuzz|atk|1
|-unboost|p1b: Ursaluna|atk|1
|-ability|p2a: Porygon2|Download|boost
|-boost|p2a: Porygon2|spa|1
|turn|1
|
|t:|1756334330
|-terastallize|p1b: Ursaluna|Normal
|move|p1a: Electabuzz|Taunt|p2a: Porygon2
|-start|p2a: Porygon2|move: Taunt
|move|p2b: Incineroar|Knock Off|p1b: Ursaluna
|-damage|p1b: Ursaluna|68/100
|-enditem|p1b: Ursaluna|Life Orb|[from] move: Knock Off|[of] p2b: Incineroar
|move|p1b: Ursaluna|Blood Moon|p2a: Porygon2
|-damage|p2a: Porygon2|38/100
|cant|p2a: Porygon2|move: Taunt|Trick Room
|
|upkeep
|turn|2
|inactive|nocturnallynoct has 30 seconds left.
|
|t:|1756334356
|-terastallize|p2a: Porygon2|Fighting
|move|p1a: Electabuzz|Electroweb|p2b: Incineroar|[spread] p2a,p2b
|-damage|p2a: Porygon2|30/100
|-damage|p2b: Incineroar|88/100
|-unboost|p2a: Porygon2|spe|1
|-unboost|p2b: Incineroar|spe|1
|move|p1b: Ursaluna|Hyper Voice|p2a: Porygon2|[spread] p2a,p2b
|-damage|p2a: Porygon2|0 fnt
|-damage|p2b: Incineroar|40/100
|faint|p2a: Porygon2
|move|p2b: Incineroar|Parting Shot|p1b: Ursaluna
|-unboost|p1b: Ursaluna|atk|1
|-unboost|p1b: Ursaluna|spa|1
|
|t:|1756334368
|switch|p2b: Gholdengo|Gholdengo, L50|100/100|[from] Parting Shot
|
|upkeep
|
|t:|1756334370
|switch|p2a: Incineroar|Incineroar, L50, M|40/100
|-ability|p2a: Incineroar|Intimidate|boost
|-unboost|p1a: Electabuzz|atk|1
|-unboost|p1b: Ursaluna|atk|1
|turn|3
|inactive|nocturnallynoct has 30 seconds left.
|inactive|nocturnallynoct has 20 seconds left.
|
|t:|1756334410
|switch|p1b: Sneasler|Sneasler, L50, M|100/100
|move|p2a: Incineroar|Fake Out|p1a: Electabuzz
|-crit|p1a: Electabuzz
|-damage|p1a: Electabuzz|80/100
|cant|p1a: Electabuzz|flinch
|move|p2b: Gholdengo|Nasty Plot|p2b: Gholdengo
|-boost|p2b: Gholdengo|spa|2
|
|upkeep
|turn|4
|inactive|nocturnallynoct has 30 seconds left.
|inactive|nocturnallynoct has 20 seconds left.
|
|t:|1756334445
|move|p1b: Sneasler|Throat Chop|p2b: Gholdengo
|-supereffective|p2b: Gholdengo
|-damage|p2b: Gholdengo|29/100
|-start|p2b: Gholdengo|Throat Chop|[silent]
|move|p1a: Electabuzz|Electroweb|p2a: Incineroar|[spread] p2a,p2b
|-damage|p2a: Incineroar|27/100
|-damage|p2b: Gholdengo|14/100
|-unboost|p2a: Incineroar|spe|1
|-unboost|p2b: Gholdengo|spe|1
|move|p2b: Gholdengo|Make It Rain|p1a: Electabuzz|[spread] p1a,p1b
|-resisted|p1a: Electabuzz
|-damage|p1a: Electabuzz|34/100
|-damage|p1b: Sneasler|0 fnt
|-unboost|p2b: Gholdengo|spa|1
|faint|p1b: Sneasler
|move|p2a: Incineroar|Parting Shot|p1a: Electabuzz
|-unboost|p1a: Electabuzz|atk|1
|-unboost|p1a: Electabuzz|spa|1
|
|t:|1756334460
|switch|p2a: Ursaluna|Ursaluna, L50, F|100/100|[from] Parting Shot
|
|-status|p2a: Ursaluna|brn|[from] item: Flame Orb
|upkeep
|
|t:|1756334479
|switch|p1b: Indeedee|Indeedee, L50, M|100/100
|-fieldstart|move: Psychic Terrain|[from] ability: Psychic Surge|[of] p1b: Indeedee
|turn|5
|
|t:|1756334500
|switch|p2b: Incineroar|Incineroar, L50, M|27/100
|-ability|p2b: Incineroar|Intimidate|boost
|-unboost|p1a: Electabuzz|atk|1
|-unboost|p1b: Indeedee|atk|1
|move|p2a: Ursaluna|Protect|p2a: Ursaluna
|-singleturn|p2a: Ursaluna|Protect
|move|p1a: Electabuzz|Follow Me|p1a: Electabuzz
|-singleturn|p1a: Electabuzz|move: Follow Me
|move|p1b: Indeedee|Expanding Force|p2a: Ursaluna|[spread] 
|-activate|p2a: Ursaluna|move: Protect
|-immune|p2b: Incineroar
|
|-damage|p2a: Ursaluna|94/100 brn|[from] brn
|upkeep
|turn|6
|
|t:|1756334519
|move|p1a: Electabuzz|Follow Me|p1a: Electabuzz
|-singleturn|p1a: Electabuzz|move: Follow Me
|move|p1b: Indeedee|Expanding Force|p2a: Ursaluna|[spread] p2a
|-immune|p2b: Incineroar
|-damage|p2a: Ursaluna|37/100 brn
|move|p2b: Incineroar|Parting Shot|p1a: Electabuzz
|-unboost|p1a: Electabuzz|atk|1
|-unboost|p1a: Electabuzz|spa|1
|
|t:|1756334526
|switch|p2b: Gholdengo|Gholdengo, L50|14/100|[from] Parting Shot
|move|p2a: Ursaluna|Earthquake|p1a: Electabuzz|[spread] p2b,p1a,p1b
|-supereffective|p2b: Gholdengo
|-supereffective|p1a: Electabuzz
|-damage|p2b: Gholdengo|0 fnt
|-damage|p1a: Electabuzz|0 fnt
|-enditem|p1b: Indeedee|Focus Sash
|-damage|p1b: Indeedee|1/100
|faint|p2b: Gholdengo
|faint|p1a: Electabuzz
|
|-damage|p2a: Ursaluna|30/100 brn|[from] brn
|upkeep
|
|t:|1756334537
|switch|p1a: Ursaluna|Ursaluna-Bloodmoon, L50, M, tera:Normal|68/100
|switch|p2b: Incineroar|Incineroar, L50, M|27/100
|-ability|p2b: Incineroar|Intimidate|boost
|-unboost|p1a: Ursaluna|atk|1
|-unboost|p1b: Indeedee|atk|1
|turn|7
|inactive|m111naaaa has 30 seconds left.
|inactive|nocturnallynoct has 30 seconds left.
|inactive|m111naaaa has 20 seconds left.
|inactive|nocturnallynoct has 20 seconds left.
|inactive|m111naaaa has 15 seconds left.
|
|t:|1756334582
|move|p2a: Ursaluna|Protect|p2a: Ursaluna
|-singleturn|p2a: Ursaluna|Protect
|move|p1a: Ursaluna|Protect|p1a: Ursaluna
|-singleturn|p1a: Ursaluna|Protect
|move|p1b: Indeedee|Expanding Force|p2a: Ursaluna|[spread] 
|-activate|p2a: Ursaluna|move: Protect
|-immune|p2b: Incineroar
|move|p2b: Incineroar|Knock Off|p1b: Indeedee
|-supereffective|p1b: Indeedee
|-damage|p1b: Indeedee|0 fnt
|faint|p1b: Indeedee
|
|-damage|p2a: Ursaluna|24/100 brn|[from] brn
|upkeep
|turn|8
|
|t:|1756334599
|move|p2b: Incineroar|Flare Blitz|p1a: Ursaluna
|-damage|p1a: Ursaluna|26/100
|-damage|p2b: Incineroar|13/100|[from] Recoil
|move|p2a: Ursaluna|Facade|p1a: Ursaluna
|-damage|p1a: Ursaluna|0 fnt
|faint|p1a: Ursaluna
|
|win|m111naaaa
|c|☆nocturnallynoct|HUH
|inactive|nocturnallynoct has 30 seconds to confirm battle start!
|inactive|m111naaaa has 30 seconds to confirm battle start!
|c|☆m111naaaa|turbo bear v turbo bear
||m111naaaa is ready for game 2.
|inactive|nocturnallynoct has 20 seconds to confirm battle start!
||nocturnallynoct is ready for game 2.
|uhtml|next|Next: Game 2 of 3
