|j|☆Flinflox
|j|☆itmaybetime
|html|Flinfloxitmaybetime    
|uhtml|bestof|Game 1 of a best-of-3
|t:|1782333715
|gametype|doubles
|player|p1|Flinflox|steven|1197
|player|p2|itmaybetime|170|1178
|gen|9
|tier|[Gen 9 Champions] VGC 2026 Reg M-B (Bo3)
|rated|
|rule|Species Clause: Limit one of each Pokémon
|rule|Item Clause: Limit 1 of each item
|clearpoke
|poke|p1|Metagross, L50|
|poke|p1|Venusaur, L50, M|
|poke|p1|Milotic, L50, F|
|poke|p1|Sylveon, L50, F|
|poke|p1|Incineroar, L50, M|
|poke|p1|Garchomp, L50, M|
|poke|p2|Gholdengo, L50|
|poke|p2|Incineroar, L50, F|
|poke|p2|Garchomp, L50, F|
|poke|p2|Charizard, L50, F|
|poke|p2|Basculegion, L50, M|
|poke|p2|Whimsicott, L50, F|
|teampreview|4
|showteam|p1|Metagross||Metagrossite|ClearBody|IronHead,PsychicFangs,Protect,BodyPress|Jolly|||||50|]Venusaur||Venusaurite|Chlorophyll|GigaDrain,EarthPower,Protect,LeechSeed|Modest||M|||50|]Milotic||Leftovers|Competitive|Scald,IcyWind,Protect,LifeDew|Bold||F|||50|]Sylveon||FairyFeather|Pixilate|HyperVoice,HyperBeam,Detect,QuickAttack|Modest||F|||50|]Incineroar||SitrusBerry|Intimidate|FlareBlitz,ThroatChop,PartingShot,FakeOut|Careful||M|||50|]Garchomp||LifeOrb|RoughSkin|DragonClaw,StompingTantrum,Protect,RockSlide|Jolly||M|||50|
|showteam|p2|Gholdengo||SpellTag|GoodasGold|MakeItRain,ShadowBall,NastyPlot,Protect|Modest|||||50|]Incineroar||SitrusBerry|Intimidate|PartingShot,FlareBlitz,ThroatChop,FakeOut|Impish||F|||50|]Garchomp||LifeOrb|RoughSkin|Earthquake,DragonClaw,RockSlide,Protect|Jolly||F|||50|]Charizard||CharizarditeY|Blaze|HeatWave,SolarBeam,WeatherBall,Protect|Modest||F|||50|]Basculegion||ChoiceScarf|Adaptability|WaveCrash,LastRespects,AquaJet,FlipTurn|Jolly||M|||50|]Whimsicott||FocusSash|Prankster|Tailwind,Encore,Moonblast,Protect|Timid||F|||50|
|inactive|Battle timer is ON: inactive players will automatically lose when time's up. (requested by Flinflox)
|inactive|itmaybetime has 60 seconds left.
|inactive|itmaybetime has 30 seconds left.
|inactive|itmaybetime has 20 seconds left.
|inactive|itmaybetime has 15 seconds left.
|inactive|itmaybetime has 10 seconds left.
|inactive|itmaybetime has 5 seconds left.
|
|t:|1782333859
|teamsize|p1|4
|teamsize|p2|4
|start
|switch|p1a: Milotic|Milotic, L50, F|100/100
|switch|p1b: Incineroar|Incineroar, L50, M|100/100
|switch|p2a: Gholdengo|Gholdengo, L50|100/100
|switch|p2b: Incineroar|Incineroar, L50, F|100/100
|-ability|p1b: Incineroar|Intimidate|boost
|-unboost|p2a: Gholdengo|atk|1
|-unboost|p2b: Incineroar|atk|1
|-ability|p2b: Incineroar|Intimidate|boost
|-unboost|p1a: Milotic|atk|1
|-ability|p1a: Milotic|Competitive|boost
|-boost|p1a: Milotic|spa|2
|-unboost|p1b: Incineroar|atk|1
|turn|1
|inactive|itmaybetime has 30 seconds left.
|
|t:|1782333887
|move|p1b: Incineroar|Fake Out|p2b: Incineroar
|-damage|p2b: Incineroar|94/100
|cant|p2b: Incineroar|flinch
|move|p2a: Gholdengo|Nasty Plot|p2a: Gholdengo
|-boost|p2a: Gholdengo|spa|2
|move|p1a: Milotic|Icy Wind|p2b: Incineroar|[spread] p2a,p2b
|-resisted|p2a: Gholdengo|1
|-resisted|p2b: Incineroar|1
|-damage|p2a: Gholdengo|87/100
|-damage|p2b: Incineroar|85/100
|-unboost|p2a: Gholdengo|spe|1
|-unboost|p2b: Incineroar|spe|1
|
|upkeep
|turn|2
|
|t:|1782333904
|move|p1b: Incineroar|Throat Chop|p2a: Gholdengo
|-supereffective|p2a: Gholdengo|1
|-damage|p2a: Gholdengo|43/100
|-start|p2a: Gholdengo|Throat Chop|[silent]
|move|p1a: Milotic|Scald|p2b: Incineroar
|-supereffective|p2b: Incineroar|1
|-damage|p2b: Incineroar|0 fnt
|faint|p2b: Incineroar
|move|p2a: Gholdengo|Shadow Ball|p1a: Milotic
|-damage|p1a: Milotic|28/100
|
|-heal|p1a: Milotic|34/100|[from] item: Leftovers
|upkeep
|
|t:|1782333918
|switch|p2b: Charizard|Charizard, L50, F|100/100
|turn|3
|
|t:|1782333932
|detailschange|p2b: Charizard|Charizard-Mega-Y, L50, F
|-mega|p2b: Charizard|Charizard|Charizardite Y
|-weather|SunnyDay|[from] ability: Drought|[of] p2b: Charizard
|move|p1a: Milotic|Protect|p1a: Milotic
|-singleturn|p1a: Milotic|Protect
|move|p2b: Charizard|Solar Beam||[still]
|-prepare|p2b: Charizard|Solar Beam
|-anim|p2b: Charizard|Solar Beam|p1a: Milotic
|-activate|p1a: Milotic|move: Protect
|move|p1b: Incineroar|Parting Shot|p2b: Charizard
|-unboost|p2b: Charizard|atk|1
|-unboost|p2b: Charizard|spa|1
|
|t:|1782333939
|switch|p1b: Garchomp|Garchomp, L50, M|100/100|[from] Parting Shot
|move|p2a: Gholdengo|Shadow Ball|p1b: Garchomp
|-damage|p1b: Garchomp|0 fnt
|faint|p1b: Garchomp
|
|-weather|SunnyDay|[upkeep]
|-heal|p1a: Milotic|40/100|[from] item: Leftovers
|-end|p2a: Gholdengo|Throat Chop|[silent]
|upkeep
|
|t:|1782333942
|switch|p1b: Incineroar|Incineroar, L50, M|100/100
|-ability|p1b: Incineroar|Intimidate|boost
|-unboost|p2a: Gholdengo|atk|1
|-unboost|p2b: Charizard|atk|1
|turn|4
|
|t:|1782333956
|switch|p2b: Garchomp|Garchomp, L50, F|100/100
|move|p1b: Incineroar|Fake Out|p2b: Garchomp
|-damage|p2b: Garchomp|89/100
|-damage|p1b: Incineroar|87/100|[from] ability: Rough Skin|[of] p2b: Garchomp
|move|p1a: Milotic|Life Dew|p1a: Milotic|[spread] p1a,p1b
|-heal|p1a: Milotic|65/100
|-heal|p1b: Incineroar|100/100
|move|p2a: Gholdengo|Shadow Ball|p1a: Milotic
|-damage|p1a: Milotic|0 fnt
|faint|p1a: Milotic
|
|-weather|SunnyDay|[upkeep]
|upkeep
|
|t:|1782333958
|switch|p1a: Venusaur|Venusaur, L50, M|100/100
|turn|5
|inactive|itmaybetime has 30 seconds left.
|inactive|itmaybetime has 20 seconds left.
|inactive|itmaybetime has 15 seconds left.
|inactive|itmaybetime has 10 seconds left.
|inactive|itmaybetime has 5 seconds left.
|
|t:|1782334013
|detailschange|p1a: Venusaur|Venusaur-Mega, L50, M
|-mega|p1a: Venusaur|Venusaur|Venusaurite
|move|p2b: Garchomp|Earthquake|p1a: Venusaur|[spread] p2a,p1a,p1b
|-supereffective|p2a: Gholdengo|1
|-supereffective|p1b: Incineroar|1
|-damage|p2a: Gholdengo|0 fnt
|-damage|p1a: Venusaur|57/100
|-damage|p1b: Incineroar|5/100
|-enditem|p1b: Incineroar|Sitrus Berry|[eat]
|-heal|p1b: Incineroar|30/100|[from] item: Sitrus Berry
|faint|p2a: Gholdengo
|-damage|p2b: Garchomp|79/100|[from] item: Life Orb
|move|p1a: Venusaur|Leech Seed|p2b: Garchomp
|-start|p2b: Garchomp|move: Leech Seed
|move|p1b: Incineroar|Throat Chop|p2b: Garchomp
|-damage|p2b: Garchomp|50/100g
|-start|p2b: Garchomp|Throat Chop|[silent]
|-damage|p1b: Incineroar|18/100|[from] ability: Rough Skin|[of] p2b: Garchomp
|
|-weather|SunnyDay|[upkeep]
|-damage|p2b: Garchomp|37/100|[from] Leech Seed|[of] p1a: Venusaur
|-heal|p1a: Venusaur|70/100|[silent]
|upkeep
|inactive|itmaybetime has 30 seconds left.
|
|t:|1782334042
|switch|p2a: Charizard|Charizard-Mega-Y, L50, F|100/100
|turn|6
|
|t:|1782334065
|move|p2b: Garchomp|Earthquake|p1b: Incineroar|[spread] p1a,p1b
|-immune|p2a: Charizard
|-crit|p1a: Venusaur
|-supereffective|p1b: Incineroar|1
|-damage|p1a: Venusaur|7/100
|-damage|p1b: Incineroar|0 fnt
|faint|p1b: Incineroar
|-damage|p2b: Garchomp|28/100|[from] item: Life Orb
|move|p2a: Charizard|Weather Ball|p1a: Venusaur
|-supereffective|p1a: Venusaur|1
|-damage|p1a: Venusaur|0 fnt
|faint|p1a: Venusaur
|
|win|itmaybetime
||Flinflox is ready for game 2.
|l|☆Flinflox
|player|p1|
|inactive|itmaybetime has 30 seconds to confirm battle start!
