|j|☆Shishio Moroso
|j|☆sergiioveg
|html|Shishio Morososergiioveg    
|uhtml|bestof|Game 3 of a best-of-3
|t:|1782396486
|gametype|doubles
|player|p1|Shishio Moroso|gambler|1116
|player|p2|sergiioveg|169|1171
|gen|9
|tier|[Gen 9 Champions] VGC 2026 Reg M-B (Bo3)
|rated|
|rule|Species Clause: Limit one of each Pokémon
|rule|Item Clause: Limit 1 of each item
|clearpoke
|poke|p1|Floette-Eternal, L50, F|
|poke|p1|Incineroar, L50, F|
|poke|p1|Sinistcha, L50|
|poke|p1|Ditto, L50|
|poke|p1|Delphox, L50, M|
|poke|p1|Swampert, L50, F|
|poke|p2|Staraptor, L50, M|
|poke|p2|Grimmsnarl, L50, M|
|poke|p2|Sinistcha, L50|
|poke|p2|Sylveon, L50, F|
|poke|p2|Garchomp, L50, M|
|poke|p2|Gholdengo, L50|
|teampreview|4
|showteam|p1|Floette-Eternal||Floettite|FlowerVeil|Protect,DazzlingGleam,CalmMind,DrainingKiss|Modest||F|||50|]Incineroar||Charcoal|Intimidate|FakeOut,FlareBlitz,PartingShot,ThroatChop|Adamant||F|||50|]Sinistcha||KasibBerry|Hospitality|StrengthSap,MatchaGotcha,RagePowder,TrickRoom|Bold|||||50|]Ditto||FocusSash|Imposter|Transform|Timid|||||50|]Delphox||Delphoxite|Blaze|Protect,NastyPlot,HeatWave,Psychic|Timid||M|||50|]Swampert||SitrusBerry|Torrent|Protect,Liquidation,HighHorsepower,WideGuard|Adamant||F|||50|
|showteam|p2|Staraptor||Staraptite|Intimidate|CloseCombat,BraveBird,Protect,Roost|Jolly||M|||50|]Grimmsnarl||LightClay|Prankster|Reflect,LightScreen,FoulPlay,PartingShot|Careful||M|||50|]Sinistcha||KasibBerry|Hospitality|Protect,MatchaGotcha,RagePowder,StrengthSap|Bold|||||50|]Sylveon||FairyFeather|Pixilate|Detect,HyperBeam,HyperVoice,BabyDollEyes|Modest||F|||50|]Garchomp||ChoiceScarf|RoughSkin|Earthquake,StompingTantrum,DragonClaw,RockTomb|Adamant||M|||50|]Gholdengo||LifeOrb|GoodasGold|Protect,MakeItRain,NastyPlot,ShadowBall|Timid|||||50|
|inactive|Battle timer is ON: inactive players will automatically lose when time's up. (requested by Shishio Moroso)
|
|t:|1782396497
|teamsize|p1|4
|teamsize|p2|4
|start
|switch|p1a: Swampert|Swampert, L50, F|100/100
|switch|p1b: Floette|Floette-Eternal, L50, F|100/100
|switch|p2a: Gholdengo|Gholdengo, L50|100/100
|switch|p2b: Sylveon|Sylveon, L50, F|100/100
|turn|1
|inactive|Shishio Moroso has 30 seconds left.
|inactive|sergiioveg has 30 seconds left.
|inactive|sergiioveg has 20 seconds left.
|
|t:|1782396532
|detailschange|p1b: Floette|Floette-Mega, L50, F
|-mega|p1b: Floette|Floette|Floettite
|-ability|p1b: Floette|Fairy Aura
|move|p1a: Swampert|Wide Guard|p1a: Swampert
|-singleturn|p1a: Swampert|Wide Guard
|move|p2a: Gholdengo|Make It Rain|p1b: Floette|[spread] 
|-activate|p1a: Swampert|move: Wide Guard
|-activate|p1b: Floette|move: Wide Guard
|move|p1b: Floette|Calm Mind|p1b: Floette
|-boost|p1b: Floette|spa|1
|-boost|p1b: Floette|spd|1
|move|p2b: Sylveon|Hyper Voice|p1b: Floette|[spread] 
|-activate|p1a: Swampert|move: Wide Guard
|-activate|p1b: Floette|move: Wide Guard
|
|upkeep
|turn|2
|inactive|sergiioveg has 30 seconds left.
|
|t:|1782396559
|move|p1b: Floette|Protect|p1b: Floette
|-singleturn|p1b: Floette|Protect
|move|p2a: Gholdengo|Shadow Ball|p1b: Floette
|-activate|p1b: Floette|move: Protect
|move|p2b: Sylveon|Hyper Beam|p1b: Floette
|-activate|p1b: Floette|move: Protect
|move|p1a: Swampert|High Horsepower|p2a: Gholdengo
|-supereffective|p2a: Gholdengo|1
|-damage|p2a: Gholdengo|12/100
|
|upkeep
|turn|3
|
|t:|1782396572
|move|p1a: Swampert|Wide Guard|p1a: Swampert
|-singleturn|p1a: Swampert|Wide Guard
|move|p2a: Gholdengo|Make It Rain|p1a: Swampert|[spread] 
|-activate|p1a: Swampert|move: Wide Guard
|-activate|p1b: Floette|move: Wide Guard
|move|p1b: Floette|Dazzling Gleam|p2b: Sylveon|[spread] p2a,p2b
|-resisted|p2a: Gholdengo|1
|-damage|p2a: Gholdengo|0 fnt
|-damage|p2b: Sylveon|48/100
|faint|p2a: Gholdengo
|move|p2b: Sylveon|Hyper Beam|p1b: Floette
|-damage|p1b: Floette|30/100
|-mustrecharge|p2b: Sylveon
|
|upkeep
|
|t:|1782396588
|switch|p2a: Sinistcha|Sinistcha, L50|100/100
|-heal|p2b: Sylveon|72/100|[from] ability: Hospitality|[of] p2a: Sinistcha
|turn|4
|
|t:|1782396594
|move|p1a: Swampert|Wide Guard|p1a: Swampert
|-singleturn|p1a: Swampert|Wide Guard
|move|p1b: Floette|Draining Kiss|p2b: Sylveon
|-damage|p2b: Sylveon|24/100
|-heal|p1b: Floette|66/100|[from] drain|[of] p2b: Sylveon
|move|p2a: Sinistcha|Matcha Gotcha|p1b: Floette|[spread] 
|-activate|p1a: Swampert|move: Wide Guard
|-activate|p1b: Floette|move: Wide Guard
|cant|p2b: Sylveon|recharge
|
|upkeep
|turn|5
|
|t:|1782396612
|move|p1a: Swampert|Wide Guard|p1a: Swampert
|-singleturn|p1a: Swampert|Wide Guard
|move|p1b: Floette|Dazzling Gleam|p2a: Sinistcha|[spread] p2a,p2b
|-damage|p2a: Sinistcha|38/100
|-damage|p2b: Sylveon|0 fnt
|faint|p2b: Sylveon
|move|p2a: Sinistcha|Strength Sap|p1a: Swampert
|-unboost|p1a: Swampert|atk|1
|-heal|p2a: Sinistcha|100/100
|
|upkeep
|
|t:|1782396622
|switch|p2b: Garchomp|Garchomp, L50, M|100/100
|turn|6
|
|t:|1782396631
|move|p1a: Swampert|Wide Guard|p1a: Swampert
|-singleturn|p1a: Swampert|Wide Guard
|move|p2b: Garchomp|Stomping Tantrum|p1b: Floette
|-damage|p1b: Floette|25/100
|move|p1b: Floette|Draining Kiss|p2b: Garchomp
|-supereffective|p2b: Garchomp|1
|-damage|p2b: Garchomp|0 fnt
|-heal|p1b: Floette|100/100|[from] drain|[of] p2b: Garchomp
|-damage|p1b: Floette|87/100|[from] ability: Rough Skin|[of] p2b: Garchomp
|faint|p2b: Garchomp
|move|p2a: Sinistcha|Matcha Gotcha|p1a: Swampert|[spread] 
|-activate|p1a: Swampert|move: Wide Guard
|-activate|p1b: Floette|move: Wide Guard
|
|upkeep
|turn|7
|l|☆sergiioveg
|inactive|sergiioveg disconnected and has a minute to reconnect!
|player|p2|
|inactive|sergiioveg has 30 seconds left.
|inactive|sergiioveg has 20 seconds left.
|inactive|sergiioveg has 15 seconds left.
|inactive|sergiioveg has 10 seconds left.
|inactive|sergiioveg has 5 seconds left.
|-message|sergiioveg lost due to inactivity.
|
|win|Shishio Moroso
