|j|☆raineyluvsu
|j|☆Gorka1971
|html|raineyluvsuGorka1971    
|uhtml|bestof|Game 2 of a best-of-3
|t:|1782995373
|gametype|doubles
|player|p1|raineyluvsu|265|1202
|player|p2|Gorka1971|266|1151
|gen|9
|tier|[Gen 9 Champions] VGC 2026 Reg M-B (Bo3)
|rated|
|rule|Species Clause: Limit one of each Pokémon
|rule|Item Clause: Limit 1 of each item
|clearpoke
|poke|p1|Metagross, L50|
|poke|p1|Basculegion, L50, M|
|poke|p1|Blaziken, L50, F|
|poke|p1|Politoed, L50, F|
|poke|p1|Tsareena, L50, F|
|poke|p1|Kingambit, L50, F|
|poke|p2|Archaludon, L50, M|
|poke|p2|Swampert, L50, F|
|poke|p2|Mawile, L50, F|
|poke|p2|Farigiraf, L50, M|
|poke|p2|Pelipper, L50, F|
|poke|p2|Incineroar, L50, M|
|teampreview|4
|showteam|p1|Metagross||Metagrossite|ClearBody|IronHead,PsychicFangs,StompingTantrum,Protect|Jolly|||||50|]Basculegion||LifeOrb|Adaptability|WaveCrash,LastRespects,AquaJet,Protect|Jolly||M|||50|]Blaziken||FocusSash|SpeedBoost|Overheat,AuraSphere,Coaching,Detect|Modest||F|||50|]Politoed||SitrusBerry|Drizzle|WeatherBall,IceBeam,PerishSong,Protect|Bold||F|||50|]Tsareena||ChoiceScarf|QueenlyMajesty|TropKick,TripleAxel,LowKick,Uturn|Jolly||F|||50|]Kingambit||BlackGlasses|Defiant|KowtowCleave,SuckerPunch,SwordsDance,Protect|Brave||F|||50|
|showteam|p2|Archaludon||Leftovers|Stamina|ElectroShot,FlashCannon,DragonPulse,Protect|Modest||M|||50|]Swampert||Swampertite|Damp|WaveCrash,HighHorsepower,IcePunch,Protect|Adamant||F|||50|]Mawile||Mawilite|HyperCutter|PlayRough,BrickBreak,SuckerPunch,Protect|Adamant||F|||50|]Farigiraf||SitrusBerry|ArmorTail|Psychic,Thunderbolt,HelpingHand,TrickRoom|Bold||M|||50|]Pelipper||LifeOrb|Drizzle|WeatherBall,Hurricane,Tailwind,WideGuard|Modest||F|||50|]Incineroar||WhiteHerb|Intimidate|CloseCombat,FakeOut,FlareBlitz,DarkestLariat|Adamant||M|||50|
|inactive|Battle timer is ON: inactive players will automatically lose when time's up. (requested by raineyluvsu)
|
|t:|1782995400
|teamsize|p1|4
|teamsize|p2|4
|start
|switch|p1a: Blaziken|Blaziken, L50, F|100/100
|switch|p1b: Metagross|Metagross, L50|100/100
|switch|p2a: Archaludon|Archaludon, L50, M|100/100
|switch|p2b: Pelipper|Pelipper, L50, F|100/100
|-weather|RainDance|[from] ability: Drizzle|[of] p2b: Pelipper
|turn|1
|
|t:|1782995412
|detailschange|p1b: Metagross|Metagross-Mega, L50
|-mega|p1b: Metagross|Metagross|Metagrossite
|move|p1b: Metagross|Stomping Tantrum|p2a: Archaludon
|-supereffective|p2a: Archaludon|1
|-damage|p2a: Archaludon|41/100
|-ability|p2a: Archaludon|Stamina|boost
|-boost|p2a: Archaludon|def|1
|move|p1a: Blaziken|Aura Sphere|p2a: Archaludon
|-supereffective|p2a: Archaludon|1
|-damage|p2a: Archaludon|0 fnt
|faint|p2a: Archaludon
|move|p2b: Pelipper|Tailwind|p2b: Pelipper
|-sidestart|p2: Gorka1971|move: Tailwind
|
|-weather|RainDance|[upkeep]
|-ability|p1a: Blaziken|Speed Boost|boost
|-boost|p1a: Blaziken|spe|1
|upkeep
|
|t:|1782995428
|switch|p2a: Swampert|Swampert, L50, F|100/100
|turn|2
|
|t:|1782995433
|detailschange|p2a: Swampert|Swampert-Mega, L50, F
|-mega|p2a: Swampert|Swampert|Swampertite
|move|p1b: Metagross|Protect|p1b: Metagross
|-singleturn|p1b: Metagross|Protect
|move|p2a: Swampert|High Horsepower|p1b: Metagross
|-activate|p1b: Metagross|move: Protect
|move|p1a: Blaziken|Coaching|p1b: Metagross
|-boost|p1b: Metagross|atk|1
|-boost|p1b: Metagross|def|1
|move|p2b: Pelipper|Weather Ball|p1a: Blaziken
|-supereffective|p1a: Blaziken|1
|-crit|p1a: Blaziken
|-enditem|p1a: Blaziken|Focus Sash
|-damage|p1a: Blaziken|1/100
|-damage|p2b: Pelipper|90/100|[from] item: Life Orb
|
|-weather|RainDance|[upkeep]
|-ability|p1a: Blaziken|Speed Boost|boost
|-boost|p1a: Blaziken|spe|1
|upkeep
|turn|3
|
|t:|1782995455
|move|p2a: Swampert|Ice Punch|p1a: Blaziken
|-resisted|p1a: Blaziken|1
|-damage|p1a: Blaziken|0 fnt
|faint|p1a: Blaziken
|move|p2b: Pelipper|Weather Ball|p1b: Metagross
|-damage|p1b: Metagross|7/100
|-damage|p2b: Pelipper|80/100|[from] item: Life Orb
|move|p1b: Metagross|Psychic Fangs|p2a: Swampert
|-damage|p2a: Swampert|18/100
|
|-weather|RainDance|[upkeep]
|upkeep
|
|t:|1782995467
|switch|p1a: Basculegion|Basculegion, L50, M|100/100
|turn|4
|
|t:|1782995486
|switch|p2a: Farigiraf|Farigiraf, L50, M|100/100
|move|p1b: Metagross|Protect|p1b: Metagross
|-singleturn|p1b: Metagross|Protect
|move|p1a: Basculegion|Protect|p1a: Basculegion
|-singleturn|p1a: Basculegion|Protect
|move|p2b: Pelipper|Hurricane|p1a: Basculegion
|-activate|p1a: Basculegion|move: Protect
|
|-weather|RainDance|[upkeep]
|-sideend|p2: Gorka1971|move: Tailwind
|upkeep
|turn|5
|
|t:|1782995497
|move|p1b: Metagross|Psychic Fangs|p2b: Pelipper
|-damage|p2b: Pelipper|0 fnt
|faint|p2b: Pelipper
|move|p1a: Basculegion|Wave Crash|p2a: Farigiraf
|-damage|p2a: Farigiraf|0 fnt
|faint|p2a: Farigiraf
|-damage|p1a: Basculegion|62/100|[from] Recoil
|-damage|p1a: Basculegion|52/100|[from] item: Life Orb
|
|-weather|none
|upkeep
|
|t:|1782995503
|switch|p2b: Swampert|Swampert-Mega, L50, F|18/100
|turn|6
|c|☆Gorka1971|rematch
|
|t:|1782995513
|move|p2b: Swampert|Protect|p2b: Swampert
|-singleturn|p2b: Swampert|Protect
|move|p1b: Metagross|Psychic Fangs|p2b: Swampert
|-activate|p2b: Swampert|move: Protect
|move|p1a: Basculegion|Wave Crash|p2b: Swampert
|-activate|p2b: Swampert|move: Protect
|
|upkeep
|turn|7
|
|t:|1782995519
|move|p2b: Swampert|Protect||[still]
|-fail|p2b: Swampert
|move|p1b: Metagross|Psychic Fangs|p2b: Swampert
|-damage|p2b: Swampert|0 fnt
|faint|p2b: Swampert
|
|win|raineyluvsu
|raw|raineyluvsu's rating: 1202 → 1223(+21 for winning)
|raw|Gorka1971's rating: 1151 → 1130(-21 for losing)
