|j|☆Dust and fidget
|j|☆AN555GEL
|html|Dust and fidgetAN555GEL    
|uhtml|bestof|Game 2 of a best-of-3
|t:|1756394223
|gametype|doubles
|player|p1|Dust and fidget|akari|1048
|player|p2|AN555GEL|101|1158
|gen|9
|tier|[Gen 9] VGC 2025 Reg H (Bo3)
|rated|
|rule|Species Clause: Limit one of each Pokémon
|rule|Item Clause: Limit 1 of each item
|clearpoke
|poke|p1|Rillaboom, L50, M|
|poke|p1|Sneasler, L50, M|
|poke|p1|Basculegion, L50, M|
|poke|p1|Ninetales-Alola, L50, F|
|poke|p1|Magmar, L50, F|
|poke|p1|Archaludon, L50, F|
|poke|p2|Archaludon, L50, F|
|poke|p2|Basculegion, L50, M|
|poke|p2|Pelipper, L50, M|
|poke|p2|Incineroar, L50, F|
|poke|p2|Clefable, L50, F|
|poke|p2|Gholdengo, L50|
|teampreview|4
|showteam|p1|Rillaboom||AssaultVest|GrassySurge|WoodHammer,GrassyGlide,FakeOut,HighHorsepower|||M|||50|,,,,,Fire]Sneasler||FocusSash|Unburden|DireClaw,CloseCombat,ThroatChop,Protect|||M|||50|,,,,,Stellar]Basculegion||ChoiceScarf|Adaptability|WaveCrash,LastRespects,AquaJet,FlipTurn|||M|||50|,,,,,Grass]Ninetales-Alola||IciclePlate|SnowWarning|Blizzard,FreezeDry,IcyWind,Protect|||F|||50|,,,,,Ice]Magmar||Eviolite|VitalSpirit|Flamethrower,Taunt,FollowMe,Protect|||F|||50|,,,,,Fairy]Archaludon||PowerHerb|Sturdy|ElectroShot,DragonPulse,Thunderbolt,Protect|||F|||50|,,,,,Electric
|showteam|p2|Archaludon||AssaultVest|Stamina|ElectroShot,BodyPress,DragonPulse,Snarl|||F|||50|,,,,,Grass]Basculegion||ChoiceBand|SwiftSwim|AquaJet,WaveCrash,FlipTurn,LastRespects|||M|||50|,,,,,Water]Pelipper||FocusSash|Drizzle|WeatherBall,Hurricane,Tailwind,Protect|||M|||50|,,,,,Ghost]Incineroar||SitrusBerry|Intimidate|FakeOut,KnockOff,Taunt,PartingShot|||F|||50|,,,,,Ghost]Clefable||SafetyGoggles|Unaware|Moonblast,FollowMe,Protect,LifeDew|||F|||50|,,,,,Water]Gholdengo||LifeOrb|GoodasGold|MakeItRain,NastyPlot,ShadowBall,Protect||||||50|,,,,,Water
|inactive|Battle timer is ON: inactive players will automatically lose when time's up. (requested by Dust and fidget)
|c|☆Dust and fidget|gg
|c|☆AN555GEL|there is no way that team fucks me worse
|c|☆AN555GEL|like honestly
|c|☆Dust and fidget|you played that very well
|inactive|Dust and fidget has 60 seconds left.
|inactive|AN555GEL has 60 seconds left.
|c|☆Dust and fidget|but it was still a 4-0
|c|☆AN555GEL|no weather no basculegion no arch no dengo no bitches no love no reason
|c|☆Dust and fidget|rain gets dominated by this team
|c|☆AN555GEL|rain gets cooked
|c|☆AN555GEL|boiled
|c|☆Dust and fidget|no
|c|☆Dust and fidget|rain gets frozen
|inactive|AN555GEL has 30 seconds left.
|c|☆Dust and fidget|;)
|c|☆Dust and fidget|and electrocuded
|inactive|AN555GEL has 20 seconds left.
|inactive|AN555GEL has 15 seconds left.
|inactive|AN555GEL has 10 seconds left.
|inactive|AN555GEL has 5 seconds left.
|
|t:|1756394309
|teamsize|p1|4
|teamsize|p2|4
|start
|switch|p1a: Gooseberry|Basculegion, L50, M, shiny|100/100
|switch|p1b: Archaludon|Archaludon, L50, F|100/100
|switch|p2a: Incineroar|Incineroar, L50, F, shiny|100/100
|switch|p2b: Archaludon|Archaludon, L50, F|100/100
|-ability|p2a: Incineroar|Intimidate|boost
|-unboost|p1a: Gooseberry|atk|1
|-unboost|p1b: Archaludon|atk|1
|turn|1
|
|t:|1756394323
|switch|p2a: Pelipper|Pelipper, L50, M, shiny|100/100
|-weather|RainDance|[from] ability: Drizzle|[of] p2a: Pelipper
|move|p1b: Archaludon|Protect|p1b: Archaludon
|-singleturn|p1b: Archaludon|Protect
|move|p1a: Gooseberry|Wave Crash|p2a: Pelipper
|-resisted|p2a: Pelipper
|-damage|p2a: Pelipper|47/100
|-damage|p1a: Gooseberry|89/100|[from] Recoil
|move|p2b: Archaludon|Electro Shot||[still]
|-prepare|p2b: Archaludon|Electro Shot
|-boost|p2b: Archaludon|spa|1
|-anim|p2b: Archaludon|Electro Shot|p1a: Gooseberry
|-supereffective|p1a: Gooseberry
|-damage|p1a: Gooseberry|0 fnt
|faint|p1a: Gooseberry
|
|-weather|RainDance|[upkeep]
|upkeep
|
|t:|1756394328
|switch|p1a: Ninetales|Ninetales-Alola, L50, F, shiny|100/100
|-weather|Snowscape|[from] ability: Snow Warning|[of] p1a: Ninetales
|turn|2
|c|☆Dust and fidget|yum
|inactive|AN555GEL has 30 seconds left.
|c|☆AN555GEL|trust the process
|inactive|AN555GEL has 20 seconds left.
|
|t:|1756394366
|move|p2a: Pelipper|Protect|p2a: Pelipper
|-singleturn|p2a: Pelipper|Protect
|move|p1a: Ninetales|Blizzard|p2a: Pelipper|[spread] p2b
|-activate|p2a: Pelipper|move: Protect
|-damage|p2b: Archaludon|77/100
|-ability|p2b: Archaludon|Stamina|boost
|-boost|p2b: Archaludon|def|1
|move|p1b: Archaludon|Electro Shot||[still]
|-prepare|p1b: Archaludon|Electro Shot
|-boost|p1b: Archaludon|spa|1
|-enditem|p1b: Archaludon|Power Herb
|-anim|p1b: Archaludon|Electro Shot|p2a: Pelipper
|-activate|p2a: Pelipper|move: Protect
|move|p2b: Archaludon|Body Press|p1b: Archaludon
|-supereffective|p1b: Archaludon
|-damage|p1b: Archaludon|37/100
|
|-weather|Snowscape|[upkeep]
|upkeep
|turn|3
|inactive|AN555GEL has 30 seconds left.
|
|t:|1756394398
|switch|p2a: Incineroar|Incineroar, L50, F, shiny|100/100
|-ability|p2a: Incineroar|Intimidate|boost
|-unboost|p1a: Ninetales|atk|1
|-unboost|p1b: Archaludon|atk|1
|-terastallize|p1b: Archaludon|Electric
|move|p1a: Ninetales|Blizzard|p2a: Incineroar|[spread] p2a,p2b
|-resisted|p2a: Incineroar
|-damage|p2a: Incineroar|87/100
|-damage|p2b: Archaludon|53/100
|-ability|p2b: Archaludon|Stamina|boost
|-boost|p2b: Archaludon|def|1
|move|p1b: Archaludon|Electro Shot||[still]
|-prepare|p1b: Archaludon|Electro Shot
|-boost|p1b: Archaludon|spa|1
|move|p2b: Archaludon|Body Press|p1a: Ninetales
|-damage|p1a: Ninetales|54/100
|
|-weather|Snowscape|[upkeep]
|upkeep
|turn|4
|c|☆Dust and fidget|lol I forgor :sob:
|inactive|AN555GEL has 30 seconds left.
|
|t:|1756394432
|move|p2a: Incineroar|Fake Out|p1b: Archaludon
|-crit|p1b: Archaludon
|-damage|p1b: Archaludon|23/100
|move|p1a: Ninetales|Blizzard|p2a: Incineroar|[spread] p2a,p2b
|-resisted|p2a: Incineroar
|-damage|p2a: Incineroar|73/100
|-damage|p2b: Archaludon|29/100
|-ability|p2b: Archaludon|Stamina|boost
|-boost|p2b: Archaludon|def|1
|cant|p1b: Archaludon|flinch
|move|p2b: Archaludon|Body Press|p1b: Archaludon
|-damage|p1b: Archaludon|0 fnt
|faint|p1b: Archaludon
|
|-weather|Snowscape|[upkeep]
|upkeep
|
|t:|1756394442
|switch|p1b: Sneasler|Sneasler, L50, M, shiny|100/100
|turn|5
|
|t:|1756394465
|switch|p2a: Pelipper|Pelipper, L50, M, shiny|47/100
|-weather|RainDance|[from] ability: Drizzle|[of] p2a: Pelipper
|move|p1b: Sneasler|Close Combat|p2a: Pelipper
|-resisted|p2a: Pelipper
|-damage|p2a: Pelipper|2/100
|-unboost|p1b: Sneasler|def|1
|-unboost|p1b: Sneasler|spd|1
|move|p1a: Ninetales|Blizzard|p2b: Archaludon|[spread] p2b
|-miss|p1a: Ninetales|p2a: Pelipper
|-damage|p2b: Archaludon|4/100
|-ability|p2b: Archaludon|Stamina|boost
|-boost|p2b: Archaludon|def|1
|move|p2b: Archaludon|Body Press|p1a: Ninetales
|-damage|p1a: Ninetales|0 fnt
|faint|p1a: Ninetales
|
|-weather|RainDance|[upkeep]
|upkeep
|turn|6
|-message|Dust and fidget forfeited.
|
|win|AN555GEL
||Dust and fidget is ready for game 3.
||AN555GEL is ready for game 3.
|uhtml|next|Next: Game 3 of 3
