|j|☆Doomnik
|j|☆foolkom
|html|Doomnikfoolkom    
|uhtml|bestof|Game 2 of a best-of-3
|t:|1756327569
|gametype|doubles
|player|p1|Doomnik|hiker-gen4|1107
|player|p2|foolkom|bugcatcher-gen4dp|1000
|gen|9
|tier|[Gen 9] VGC 2025 Reg H (Bo3)
|rated|
|rule|Species Clause: Limit one of each Pokémon
|rule|Item Clause: Limit 1 of each item
|clearpoke
|poke|p1|Ninetales-Alola, L50, M|
|poke|p1|Ursaluna-Bloodmoon, L50, M|
|poke|p1|Maushold-Four, L50|
|poke|p1|Annihilape, L50, F|
|poke|p1|Klefki, L50, F|
|poke|p1|Sinistcha-Masterpiece, L50|
|poke|p2|Annihilape, L50, F|
|poke|p2|Maushold, L50|
|poke|p2|Incineroar, L50, F|
|poke|p2|Dragonite, L50, F|
|poke|p2|Tyranitar, L50, M|
|poke|p2|Rillaboom, L50, M|
|teampreview|4
|showteam|p1|Ninetales-Alola||FocusSash|SnowWarning|Blizzard,FreezeDry,Encore,Protect|||M|||50|,,,,,Ghost]Ursaluna-Bloodmoon||AssaultVest|MindsEye|BloodMoon,EarthPower,HyperVoice,VacuumWave|||M|||50|,,,,,Water]Maushold-Four||SafetyGoggles|FriendGuard|BeatUp,Taunt,FollowMe,Protect||||||50|,,,,,Ghost]Annihilape||Leftovers|Defiant|DrainPunch,RageFist,BulkUp,Protect|||F|||50|,,,,,Fire]Klefki||LightClay|Prankster|DazzlingGleam,Reflect,LightScreen,MistyTerrain|||F|||50|,,,,,Ghost]Sinistcha-Masterpiece||SitrusBerry|Hospitality|MatchaGotcha,RagePowder,LifeDew,TrickRoom||||||50|,,,,,Water
|showteam|p2|Annihilape||Leftovers|Defiant|DrainPunch,RageFist,BulkUp,Coaching|||F|||50|,,,,,Fire]Maushold||SafetyGoggles|FriendGuard|BeatUp,Taunt,FollowMe,Protect||||||50|,,,,,Ghost]Incineroar||SitrusBerry|Intimidate|KnockOff,WillOWisp,PartingShot,FakeOut|||F|||50|,,,,,Ghost]Dragonite||LoadedDice|Multiscale|ScaleShot,Haze,Tailwind,Protect|||F|||50|,,,,,Fairy]Tyranitar||AssaultVest|SandStream|RockSlide,KnockOff,LowKick,TeraBlast|||M|||50|,,,,,Flying]Rillaboom||GrassySeed|GrassySurge|FakeOut,GrassyGlide,WoodHammer,Protect|||M|||50|,,,,,Fire
|inactive|Battle timer is ON: inactive players will automatically lose when time's up. (requested by foolkom)
|
|t:|1756327598
|teamsize|p1|4
|teamsize|p2|4
|start
|switch|p1a: Ninetales|Ninetales-Alola, L50, M|100/100
|switch|p1b: Ursaluna|Ursaluna-Bloodmoon, L50, M|100/100
|switch|p2a: Maushold|Maushold, L50|100/100
|switch|p2b: Annihilape|Annihilape, L50, F|100/100
|-weather|Snowscape|[from] ability: Snow Warning|[of] p1a: Ninetales
|turn|1
|inactive|foolkom has 30 seconds left.
|
|t:|1756327629
|move|p1a: Ninetales|Blizzard|p2a: Maushold|[spread] p2a,p2b
|-damage|p2a: Maushold|58/100
|-damage|p2b: Annihilape|78/100
|-status|p2a: Maushold|frz
|-curestatus|p2a: Maushold|frz|[msg]
|move|p2a: Maushold|Taunt|p1a: Ninetales
|-start|p1a: Ninetales|move: Taunt
|move|p2b: Annihilape|Bulk Up|p2b: Annihilape
|-boost|p2b: Annihilape|atk|1
|-boost|p2b: Annihilape|def|1
|move|p1b: Ursaluna|Earth Power|p2b: Annihilape
|-damage|p2b: Annihilape|48/100
|
|-weather|Snowscape|[upkeep]
|-heal|p2b: Annihilape|54/100|[from] item: Leftovers
|upkeep
|turn|2
|
|t:|1756327652
|move|p1a: Ninetales|Blizzard|p2b: Annihilape|[spread] p2a,p2b
|-damage|p2a: Maushold|20/100
|-damage|p2b: Annihilape|34/100
|move|p2a: Maushold|Beat Up|p1a: Ninetales
|-resisted|p1a: Ninetales
|-damage|p1a: Ninetales|99/100
|-resisted|p1a: Ninetales
|-damage|p1a: Ninetales|98/100
|-resisted|p1a: Ninetales
|-damage|p1a: Ninetales|96/100
|-resisted|p1a: Ninetales
|-damage|p1a: Ninetales|95/100
|-hitcount|p1a: Ninetales|4
|move|p2b: Annihilape|Drain Punch|p1b: Ursaluna
|-supereffective|p1b: Ursaluna
|-damage|p1b: Ursaluna|31/100
|-heal|p2b: Annihilape|69/100|[from] drain|[of] p1b: Ursaluna
|move|p1b: Ursaluna|Hyper Voice|p2b: Annihilape|[spread] p2a,p2b
|-crit|p2a: Maushold
|-crit|p2b: Annihilape
|-damage|p2a: Maushold|0 fnt
|-damage|p2b: Annihilape|35/100
|faint|p2a: Maushold
|
|-weather|Snowscape|[upkeep]
|-heal|p2b: Annihilape|41/100|[from] item: Leftovers
|upkeep
|
|t:|1756327665
|switch|p2a: Tyranitar|Tyranitar, L50, M|100/100
|-weather|Sandstorm|[from] ability: Sand Stream|[of] p2a: Tyranitar
|turn|3
|
|t:|1756327674
|switch|p1a: Sinistcha|Sinistcha-Masterpiece, L50|100/100
|-heal|p1b: Ursaluna|56/100|[from] ability: Hospitality|[of] p1a: Sinistcha
|-terastallize|p1b: Ursaluna|Water
|move|p2b: Annihilape|Rage Fist|p1a: Sinistcha
|-supereffective|p1a: Sinistcha
|-damage|p1a: Sinistcha|0 fnt
|faint|p1a: Sinistcha
|move|p2a: Tyranitar|Low Kick|p1b: Ursaluna
|-damage|p1b: Ursaluna|23/100
|move|p1b: Ursaluna|Blood Moon|p2b: Annihilape
|-damage|p2b: Annihilape|0 fnt
|faint|p2b: Annihilape
|
|-weather|Sandstorm|[upkeep]
|-damage|p1b: Ursaluna|17/100|[from] Sandstorm
|upkeep
|
|t:|1756327689
|switch|p2b: Rillaboom|Rillaboom, L50, M|100/100
|switch|p1a: Ninetales|Ninetales-Alola, L50, M|95/100
|-weather|Snowscape|[from] ability: Snow Warning|[of] p1a: Ninetales
|-fieldstart|move: Grassy Terrain|[from] ability: Grassy Surge|[of] p2b: Rillaboom
|-enditem|p2b: Rillaboom|Grassy Seed
|-boost|p2b: Rillaboom|def|1|[from] item: Grassy Seed
|turn|4
|
|t:|1756327702
|move|p2b: Rillaboom|Fake Out|p1a: Ninetales
|-damage|p1a: Ninetales|80/100
|move|p1b: Ursaluna|Vacuum Wave|p2a: Tyranitar
|-supereffective|p2a: Tyranitar
|-crit|p2a: Tyranitar
|-damage|p2a: Tyranitar|54/100
|cant|p1a: Ninetales|flinch
|move|p2a: Tyranitar|Rock Slide|p1b: Ursaluna|[spread] p1a,p1b
|-supereffective|p1a: Ninetales
|-damage|p1a: Ninetales|19/100
|-damage|p1b: Ursaluna|0 fnt
|faint|p1b: Ursaluna
|
|-weather|Snowscape|[upkeep]
|-heal|p1a: Ninetales|25/100|[from] Grassy Terrain
|-heal|p2a: Tyranitar|60/100|[from] Grassy Terrain
|upkeep
|
|t:|1756327705
|switch|p1b: Annihilape|Annihilape, L50, F|100/100
|turn|5
|
|t:|1756327716
|-terastallize|p2a: Tyranitar|Flying
|move|p1a: Ninetales|Protect|p1a: Ninetales
|-singleturn|p1a: Ninetales|Protect
|move|p2b: Rillaboom|Grassy Glide|p1a: Ninetales
|-activate|p1a: Ninetales|move: Protect
|move|p1b: Annihilape|Bulk Up|p1b: Annihilape
|-boost|p1b: Annihilape|atk|1
|-boost|p1b: Annihilape|def|1
|move|p2a: Tyranitar|Tera Blast|p1b: Annihilape|[anim] Tera Blast Flying
|-supereffective|p1b: Annihilape
|-damage|p1b: Annihilape|40/100
|
|-weather|Snowscape|[upkeep]
|-heal|p1a: Ninetales|31/100|[from] Grassy Terrain
|-heal|p1b: Annihilape|46/100|[from] Grassy Terrain
|-heal|p1b: Annihilape|53/100|[from] item: Leftovers
|upkeep
|turn|6
|
|t:|1756327738
|move|p2b: Rillaboom|Grassy Glide|p1a: Ninetales
|-damage|p1a: Ninetales|0 fnt
|faint|p1a: Ninetales
|move|p1b: Annihilape|Rage Fist|p2a: Tyranitar
|-damage|p2a: Tyranitar|12/100
|move|p2a: Tyranitar|Tera Blast|p1b: Annihilape|[anim] Tera Blast Flying
|-supereffective|p1b: Annihilape
|-damage|p1b: Annihilape|0 fnt
|faint|p1b: Annihilape
|
|win|foolkom
|raw|Doomnik's rating: 1107 → 1075(-32 for losing)
|raw|foolkom's rating: 1000 → 1052(+52 for winning)
