|j|☆Fosa25
|j|☆SelvesterTheYAK
|html|Fosa25SelvesterTheYAK    
|uhtml|bestof|Game 3 of a best-of-3
|t:|1756954229
|gametype|doubles
|player|p1|Fosa25|102|1203
|player|p2|SelvesterTheYAK|265|1148
|gen|9
|tier|[Gen 9] VGC 2025 Reg H (Bo3)
|rated|
|rule|Species Clause: Limit one of each Pokémon
|rule|Item Clause: Limit 1 of each item
|clearpoke
|poke|p1|Gholdengo, L50|
|poke|p1|Magmar, L50, M|
|poke|p1|Dragonite, L50, M|
|poke|p1|Dondozo, L50, M|
|poke|p1|Rillaboom, L50, F|
|poke|p1|Annihilape, L50, F|
|poke|p2|Tyranitar, L50, F|
|poke|p2|Garchomp, L50, F|
|poke|p2|Gholdengo, L50|
|poke|p2|Talonflame, L50, M|
|poke|p2|Amoonguss, L50, M|
|poke|p2|Milotic, L50, M|
|teampreview|4
|showteam|p1|Gholdengo||LifeOrb|GoodasGold|Protect,NastyPlot,MakeItRain,ShadowBall||||||50|,,,,,Water]Magmar||Eviolite|VitalSpirit|Taunt,WillOWisp,FollowMe,HeatWave|||M|||50|,,,,,Ghost]Dragonite||LoadedDice|Multiscale|Protect,Haze,Tailwind,ScaleShot|||M|||50|,,,,,Fairy]Dondozo||Leftovers|Unaware|Protect,Yawn,WaveCrash,Fissure|||M|||50|,,,,,Fairy]Rillaboom||AssaultVest|GrassySurge|FakeOut,GrassyGlide,WoodHammer,Uturn|||F|||50|,,,,,Fire]Annihilape||SafetyGoggles|Defiant|Protect,BulkUp,RageFist,DrainPunch|||F|||50|,,,,,Steel
|showteam|p2|Tyranitar||AssaultVest|SandStream|RockSlide,TeraBlast,KnockOff,LowKick|||F|||50|,,,,,Flying]Garchomp||LifeOrb|SandVeil|Protect,DragonClaw,StompingTantrum,Earthquake|||F|||50|,,,,,Steel]Gholdengo||MetalCoat|GoodasGold|MakeItRain,ShadowBall,Protect,NastyPlot||||||50|,,,,,Flying]Talonflame||CovertCloak|GaleWings|BraveBird,Tailwind,WillOWisp,Taunt|||M|||50|,,,,,Ghost]Amoonguss||SitrusBerry|Regenerator|Protect,Spore,RagePowder,PollenPuff|||M|||50|,,,,,Water]Milotic||SafetyGoggles|Competitive|Haze,Protect,IcyWind,Scald|||M|||50|,,,,,Dragon
|inactive|Battle timer is ON: inactive players will automatically lose when time's up. (requested by Fosa25)
|
|t:|1756954256
|teamsize|p1|4
|teamsize|p2|4
|start
|switch|p1a: Magmar|Magmar, L50, M|100/100
|switch|p1b: Dragonite|Dragonite, L50, M|100/100
|switch|p2a: Talonflame|Talonflame, L50, M|100/100
|switch|p2b: Garchomp|Garchomp, L50, F|100/100
|turn|1
|
|t:|1756954276
|move|p1a: Magmar|Follow Me|p1a: Magmar
|-singleturn|p1a: Magmar|move: Follow Me
|move|p2a: Talonflame|Taunt|p1a: Magmar
|-start|p1a: Magmar|move: Taunt
|move|p2b: Garchomp|Stomping Tantrum|p1a: Magmar
|-supereffective|p1a: Magmar
|-damage|p1a: Magmar|14/100
|-damage|p2b: Garchomp|91/100|[from] item: Life Orb
|move|p1b: Dragonite|Scale Shot|p2a: Talonflame|[miss]
|-miss|p1b: Dragonite|p2a: Talonflame
|
|upkeep
|turn|2
|inactive|SelvesterTheYAK has 30 seconds left.
|inactive|SelvesterTheYAK has 20 seconds left.
|inactive|SelvesterTheYAK has 15 seconds left.
|inactive|SelvesterTheYAK has 10 seconds left.
|
|t:|1756954322
|-terastallize|p2b: Garchomp|Steel
|move|p2a: Talonflame|Tailwind|p2a: Talonflame
|-sidestart|p2: SelvesterTheYAK|move: Tailwind
|move|p2b: Garchomp|Dragon Claw|p1b: Dragonite
|-supereffective|p1b: Dragonite
|-damage|p1b: Dragonite|38/100
|-damage|p2b: Garchomp|81/100|[from] item: Life Orb
|move|p1b: Dragonite|Scale Shot|p2b: Garchomp|[miss]
|-miss|p1b: Dragonite|p2b: Garchomp
|move|p1a: Magmar|Heat Wave|p2b: Garchomp|[spread] p2a,p2b
|-resisted|p2a: Talonflame
|-supereffective|p2b: Garchomp
|-damage|p2a: Talonflame|85/100
|-damage|p2b: Garchomp|21/100
|-status|p2b: Garchomp|brn
|
|-damage|p2b: Garchomp|15/100 brn|[from] brn
|upkeep
|turn|3
|inactive|SelvesterTheYAK has 30 seconds left.
|inactive|Fosa25 has 30 seconds left.
|inactive|SelvesterTheYAK has 20 seconds left.
|
|t:|1756954359
|switch|p1b: Gholdengo|Gholdengo, L50|100/100
|move|p2a: Talonflame|Will-O-Wisp|p1b: Gholdengo
|-immune|p1b: Gholdengo|[from] ability: Good as Gold
|move|p2b: Garchomp|Stomping Tantrum|p1a: Magmar
|-supereffective|p1a: Magmar
|-damage|p1a: Magmar|0 fnt
|faint|p1a: Magmar
|-damage|p2b: Garchomp|5/100 brn|[from] item: Life Orb
|
|-damage|p2b: Garchomp|0 fnt|[from] brn
|faint|p2b: Garchomp
|upkeep
|
|t:|1756954376
|switch|p2b: Tyranitar|Tyranitar, L50, F|100/100
|switch|p1a: Dragonite|Dragonite, L50, M|38/100
|-weather|Sandstorm|[from] ability: Sand Stream|[of] p2b: Tyranitar
|turn|4
|
|t:|1756954393
|-terastallize|p1b: Gholdengo|Water
|move|p2a: Talonflame|Will-O-Wisp|p1a: Dragonite
|-status|p1a: Dragonite|brn
|move|p2b: Tyranitar|Knock Off|p1b: Gholdengo
|-damage|p1b: Gholdengo|43/100
|-enditem|p1b: Gholdengo|Life Orb|[from] move: Knock Off|[of] p2b: Tyranitar
|move|p1b: Gholdengo|Nasty Plot|p1b: Gholdengo
|-boost|p1b: Gholdengo|spa|2
|move|p1a: Dragonite|Tailwind|p1a: Dragonite
|-sidestart|p1: Fosa25|move: Tailwind
|
|-weather|Sandstorm|[upkeep]
|-damage|p2a: Talonflame|79/100|[from] Sandstorm
|-damage|p1b: Gholdengo|37/100|[from] Sandstorm
|-damage|p1a: Dragonite|32/100 brn|[from] Sandstorm
|-damage|p1a: Dragonite|25/100 brn|[from] brn
|upkeep
|turn|5
|inactive|SelvesterTheYAK has 30 seconds left.
|
|t:|1756954424
|move|p1b: Gholdengo|Protect|p1b: Gholdengo
|-singleturn|p1b: Gholdengo|Protect
|move|p2a: Talonflame|Brave Bird|p1b: Gholdengo
|-activate|p1b: Gholdengo|move: Protect
|move|p1a: Dragonite|Scale Shot|p2a: Talonflame
|-damage|p2a: Talonflame|71/100
|-damage|p2a: Talonflame|63/100
|-damage|p2a: Talonflame|56/100
|-damage|p2a: Talonflame|48/100
|-hitcount|p2a: Talonflame|4
|-unboost|p1a: Dragonite|def|1
|-boost|p1a: Dragonite|spe|1
|move|p2b: Tyranitar|Rock Slide|p1b: Gholdengo|[spread] p1a
|-activate|p1b: Gholdengo|move: Protect
|-supereffective|p1a: Dragonite
|-damage|p1a: Dragonite|0 fnt
|faint|p1a: Dragonite
|
|-weather|Sandstorm|[upkeep]
|-damage|p2a: Talonflame|42/100|[from] Sandstorm
|-damage|p1b: Gholdengo|31/100|[from] Sandstorm
|-sideend|p2: SelvesterTheYAK|move: Tailwind
|upkeep
|
|t:|1756954446
|switch|p1a: Annihilape|Annihilape, L50, F|100/100
|turn|6
|inactive|SelvesterTheYAK has 30 seconds left.
|
|t:|1756954476
|move|p1b: Gholdengo|Make It Rain|p2b: Tyranitar|[spread] p2a,p2b
|-resisted|p2a: Talonflame
|-supereffective|p2b: Tyranitar
|-damage|p2a: Talonflame|0 fnt
|-damage|p2b: Tyranitar|25/100
|-unboost|p1b: Gholdengo|spa|1
|faint|p2a: Talonflame
|move|p1a: Annihilape|Rage Fist|p2b: Tyranitar
|-resisted|p2b: Tyranitar
|-damage|p2b: Tyranitar|16/100
|move|p2b: Tyranitar|Knock Off|p1a: Annihilape
|-damage|p1a: Annihilape|45/100
|-enditem|p1a: Annihilape|Safety Goggles|[from] move: Knock Off|[of] p2b: Tyranitar
|
|-weather|Sandstorm|[upkeep]
|-damage|p1b: Gholdengo|25/100|[from] Sandstorm
|-damage|p1a: Annihilape|39/100|[from] Sandstorm
|upkeep
|
|t:|1756954492
|switch|p2a: Gholdengo|Gholdengo, L50|100/100
|turn|7
|
|t:|1756954498
|move|p2a: Gholdengo|Protect|p2a: Gholdengo
|-singleturn|p2a: Gholdengo|Protect
|move|p1b: Gholdengo|Shadow Ball|p2a: Gholdengo
|-activate|p2a: Gholdengo|move: Protect
|move|p1a: Annihilape|Drain Punch|p2b: Tyranitar
|-supereffective|p2b: Tyranitar
|-damage|p2b: Tyranitar|0 fnt
|-heal|p1a: Annihilape|47/100|[from] drain|[of] p2b: Tyranitar
|faint|p2b: Tyranitar
|
|-weather|Sandstorm|[upkeep]
|-damage|p1b: Gholdengo|19/100|[from] Sandstorm
|-damage|p1a: Annihilape|41/100|[from] Sandstorm
|-sideend|p1: Fosa25|move: Tailwind
|upkeep
|turn|8
|
|t:|1756954515
|move|p2a: Gholdengo|Make It Rain|p1a: Annihilape|[spread] p1a,p1b
|-resisted|p1b: Gholdengo
|-damage|p1a: Annihilape|0 fnt
|-damage|p1b: Gholdengo|0 fnt
|-unboost|p2a: Gholdengo|spa|1
|faint|p1a: Annihilape
|faint|p1b: Gholdengo
|
|win|SelvesterTheYAK
|raw|Fosa25's rating: 1203 → 1174(-29 for losing)
|raw|SelvesterTheYAK's rating: 1148 → 1177(+29 for winning)
|l|☆Fosa25
|player|p1|
|c|☆SelvesterTheYAK|ggwp
|c|☆SelvesterTheYAK|super close
