|j|☆avigolvgc
|j|☆washingtongargacha
|html|avigolvgcwashingtongargacha    
|uhtml|bestof|Game 1 of a best-of-3
|t:|1757203844
|gametype|doubles
|player|p1|avigolvgc|2|1177
|player|p2|washingtongargacha|169|1083
|gen|9
|tier|[Gen 9] VGC 2025 Reg H (Bo3)
|rated|
|rule|Species Clause: Limit one of each Pokémon
|rule|Item Clause: Limit 1 of each item
|clearpoke
|poke|p1|Farigiraf, L50, F|
|poke|p1|Sylveon, L50, F|
|poke|p1|Rillaboom, L50, M|
|poke|p1|Dragonite, L50, F|
|poke|p1|Incineroar, L50, M|
|poke|p1|Sneasler, L50, M|
|poke|p2|Talonflame, L50, M|
|poke|p2|Gholdengo, L50|
|poke|p2|Dragonite, L50, M|
|poke|p2|Archaludon, L50, M|
|poke|p2|Tyranitar, L50, M|
|poke|p2|Garchomp, L50, M|
|teampreview|4
|showteam|p1|Farigiraf||ThroatSpray|ArmorTail|PsychicNoise,HyperVoice,TrickRoom,Protect|||F|||50|,,,,,Fairy]Sylveon||PixiePlate|Pixilate|HyperVoice,TeraBlast,CalmMind,Protect|||F|||50|,,,,,Fire]Rillaboom||AssaultVest|GrassySurge|WoodHammer,GrassyGlide,Uturn,FakeOut|||M|||50|,,,,,Fire]Dragonite||SafetyGoggles|InnerFocus|ExtremeSpeed,TeraBlast,DragonDance,Protect|||F|||50|,,,,,Flying]Incineroar||SitrusBerry|Intimidate|KnockOff,PartingShot,Snarl,FakeOut|||M|||50|,,,,,Dragon]Sneasler||FocusSash|Unburden|DireClaw,CloseCombat,Uturn,Protect|||M|||50|,,,,,Ghost
|showteam|p2|Talonflame||CovertCloak|GaleWings|Tailwind,DualWingbeat,Taunt,FlareBlitz|||M|||50|,,,,,Ghost]Gholdengo||ChoiceSpecs|GoodasGold|MakeItRain,SteelBeam,ShadowBall,PowerGem||||||50|,,,,,Flying]Dragonite||LoadedDice|Multiscale|ScaleShot,IceSpinner,Haze,Protect|||M|||50|,,,,,Steel]Archaludon||PowerHerb|Sturdy|FlashCannon,ElectroShot,DracoMeteor,Protect|||M|||50|,,,,,Flying]Tyranitar||AssaultVest|SandStream|KnockOff,RockSlide,TeraBlast,LowKick|||M|||50|,,,,,Flying]Garchomp||LifeOrb|RoughSkin|DragonClaw,StompingTantrum,Earthquake,Protect|||M|||50|,,,,,Steel
|
|t:|1757203901
|teamsize|p1|4
|teamsize|p2|4
|start
|switch|p1a: Samuel|Incineroar, L50, M, shiny|100/100
|switch|p1b: Claudia|Farigiraf, L50, F, shiny|100/100
|switch|p2a: Talonflame|Talonflame, L50, M|100/100
|switch|p2b: Gholdengo|Gholdengo, L50|100/100
|-ability|p1a: Samuel|Intimidate|boost
|-unboost|p2a: Talonflame|atk|1
|-unboost|p2b: Gholdengo|atk|1
|turn|1
|
|t:|1757203927
|switch|p2b: Tyranitar|Tyranitar, L50, M|100/100
|-weather|Sandstorm|[from] ability: Sand Stream|[of] p2b: Tyranitar
|move|p1b: Claudia|Protect|p1b: Claudia
|-singleturn|p1b: Claudia|Protect
|move|p2a: Talonflame|Taunt|p1b: Claudia
|-activate|p1b: Claudia|move: Protect
|move|p1a: Samuel|Snarl|p2a: Talonflame|[spread] p2a,p2b
|-resisted|p2b: Tyranitar
|-damage|p2a: Talonflame|88/100
|-damage|p2b: Tyranitar|98/100
|-unboost|p2b: Tyranitar|spa|1
|
|-weather|Sandstorm|[upkeep]
|-damage|p2a: Talonflame|82/100|[from] Sandstorm
|-damage|p1b: Claudia|94/100|[from] Sandstorm
|-damage|p1a: Samuel|95/100|[from] Sandstorm
|upkeep
|turn|2
|
|t:|1757203952
|switch|p1b: Noroña|Rillaboom, L50, M|100/100
|-fieldstart|move: Grassy Terrain|[from] ability: Grassy Surge|[of] p1b: Noroña
|move|p2a: Talonflame|Taunt|p1b: Noroña
|-start|p1b: Noroña|move: Taunt
|move|p2b: Tyranitar|Knock Off|p1b: Noroña
|-damage|p1b: Noroña|47/100
|-enditem|p1b: Noroña|Assault Vest|[from] move: Knock Off|[of] p2b: Tyranitar
|move|p1a: Samuel|Parting Shot|p2b: Tyranitar
|-unboost|p2b: Tyranitar|atk|1
|-unboost|p2b: Tyranitar|spa|1
|
|t:|1757203966
|switch|p1a: Claudia|Farigiraf, L50, F, shiny|94/100|[from] Parting Shot
|
|-weather|Sandstorm|[upkeep]
|-damage|p2a: Talonflame|76/100|[from] Sandstorm
|-damage|p1b: Noroña|41/100|[from] Sandstorm
|-damage|p1a: Claudia|88/100|[from] Sandstorm
|-heal|p1b: Noroña|47/100|[from] Grassy Terrain
|-heal|p2b: Tyranitar|100/100|[from] Grassy Terrain
|-heal|p1a: Claudia|94/100|[from] Grassy Terrain
|upkeep
|turn|3
|
|t:|1757203981
|switch|p1b: Samuel|Incineroar, L50, M, shiny|95/100
|-ability|p1b: Samuel|Intimidate|boost
|-unboost|p2a: Talonflame|atk|1
|-unboost|p2b: Tyranitar|atk|1
|switch|p2b: Gholdengo|Gholdengo, L50|100/100
|move|p2a: Talonflame|Taunt|p1a: Claudia
|-start|p1a: Claudia|move: Taunt
|move|p1a: Claudia|Psychic Noise|p2a: Talonflame
|-damage|p2a: Talonflame|32/100
|-enditem|p1a: Claudia|Throat Spray
|-boost|p1a: Claudia|spa|1|[from] item: Throat Spray
|
|-weather|Sandstorm|[upkeep]
|-damage|p2a: Talonflame|26/100|[from] Sandstorm
|-damage|p1a: Claudia|88/100|[from] Sandstorm
|-damage|p1b: Samuel|89/100|[from] Sandstorm
|-heal|p1a: Claudia|94/100|[from] Grassy Terrain
|-heal|p1b: Samuel|95/100|[from] Grassy Terrain
|upkeep
|turn|4
|
|t:|1757204008
|switch|p2a: Tyranitar|Tyranitar, L50, M|100/100
|switch|p1a: Noroña|Rillaboom, L50, M|47/100
|move|p2b: Gholdengo|Power Gem|p1b: Samuel
|-supereffective|p1b: Samuel
|-damage|p1b: Samuel|23/100
|-enditem|p1b: Samuel|Sitrus Berry|[eat]
|-heal|p1b: Samuel|48/100|[from] item: Sitrus Berry
|move|p1b: Samuel|Snarl|p2a: Tyranitar|[spread] p2a,p2b
|-resisted|p2a: Tyranitar
|-supereffective|p2b: Gholdengo
|-crit|p2b: Gholdengo
|-damage|p2a: Tyranitar|98/100
|-damage|p2b: Gholdengo|59/100
|-unboost|p2a: Tyranitar|spa|1
|-unboost|p2b: Gholdengo|spa|1
|
|-weather|Sandstorm|[upkeep]
|-damage|p1a: Noroña|41/100|[from] Sandstorm
|-damage|p1b: Samuel|42/100|[from] Sandstorm
|-heal|p2b: Gholdengo|65/100|[from] Grassy Terrain
|-heal|p1a: Noroña|47/100|[from] Grassy Terrain
|-heal|p2a: Tyranitar|100/100|[from] Grassy Terrain
|-heal|p1b: Samuel|48/100|[from] Grassy Terrain
|upkeep
|turn|5
|
|t:|1757204061
|move|p1a: Noroña|Fake Out|p2a: Tyranitar
|-resisted|p2a: Tyranitar
|-damage|p2a: Tyranitar|94/100
|move|p2b: Gholdengo|Power Gem|p1b: Samuel
|-supereffective|p1b: Samuel
|-damage|p1b: Samuel|0 fnt
|faint|p1b: Samuel
|cant|p2a: Tyranitar|flinch
|
|-weather|none
|-heal|p2b: Gholdengo|71/100|[from] Grassy Terrain
|-heal|p1a: Noroña|54/100|[from] Grassy Terrain
|-heal|p2a: Tyranitar|99/100|[from] Grassy Terrain
|upkeep
|
|t:|1757204074
|switch|p1b: Claudia|Farigiraf, L50, F, shiny|94/100
|turn|6
|
|t:|1757204086
|switch|p2b: Talonflame|Talonflame, L50, M|26/100
|move|p1a: Noroña|U-turn|p2a: Tyranitar
|-supereffective|p2a: Tyranitar
|-damage|p2a: Tyranitar|52/100
|
|t:|1757204091
|switch|p1a: Malova|Sylveon, L50, F|100/100|[from] U-turn
|move|p2a: Tyranitar|Knock Off|p1b: Claudia
|-supereffective|p1b: Claudia
|-damage|p1b: Claudia|24/100
|move|p1b: Claudia|Trick Room|p1b: Claudia
|-fieldstart|move: Trick Room|[of] p1b: Claudia
|
|-heal|p1b: Claudia|30/100|[from] Grassy Terrain
|-heal|p2a: Tyranitar|58/100|[from] Grassy Terrain
|-fieldend|move: Grassy Terrain
|upkeep
|turn|7
|
|t:|1757204139
|switch|p2a: Gholdengo|Gholdengo, L50|71/100
|move|p1a: Malova|Calm Mind|p1a: Malova
|-boost|p1a: Malova|spa|1
|-boost|p1a: Malova|spd|1
|move|p1b: Claudia|Hyper Voice|p2a: Gholdengo|[spread] p2b
|-immune|p2a: Gholdengo
|-damage|p2b: Talonflame|0 fnt
|faint|p2b: Talonflame
|
|upkeep
|
|t:|1757204149
|switch|p2b: Garchomp|Garchomp, L50, M|100/100
|turn|8
|
|t:|1757204170
|switch|p1b: Noroña|Rillaboom, L50, M|54/100
|-fieldstart|move: Grassy Terrain|[from] ability: Grassy Surge|[of] p1b: Noroña
|-terastallize|p2b: Garchomp|Steel
|move|p1a: Malova|Protect|p1a: Malova
|-singleturn|p1a: Malova|Protect
|move|p2a: Gholdengo|Make It Rain|p1b: Noroña|[spread] p1b
|-activate|p1a: Malova|move: Protect
|-damage|p1b: Noroña|0 fnt
|-unboost|p2a: Gholdengo|spa|1
|faint|p1b: Noroña
|move|p2b: Garchomp|Stomping Tantrum|p1a: Malova
|-activate|p1a: Malova|move: Protect
|
|-heal|p2a: Gholdengo|77/100|[from] Grassy Terrain
|upkeep
|
|t:|1757204187
|switch|p1b: Claudia|Farigiraf, L50, F, shiny|30/100
|turn|9
|
|t:|1757204201
|-terastallize|p1a: Malova|Fire
|move|p1b: Claudia|Protect|p1b: Claudia
|-singleturn|p1b: Claudia|Protect
|move|p1a: Malova|Tera Blast|p2b: Garchomp|[anim] Tera Blast Fire
|-supereffective|p2b: Garchomp
|-damage|p2b: Garchomp|0 fnt
|faint|p2b: Garchomp
|move|p2a: Gholdengo|Make It Rain|p1b: Claudia|[spread] p1a
|-activate|p1b: Claudia|move: Protect
|-resisted|p1a: Malova
|-damage|p1a: Malova|88/100
|-unboost|p2a: Gholdengo|spa|1
|
|-heal|p1a: Malova|94/100|[from] Grassy Terrain
|-heal|p1b: Claudia|36/100|[from] Grassy Terrain
|-heal|p2a: Gholdengo|83/100|[from] Grassy Terrain
|upkeep
|
|t:|1757204215
|switch|p2b: Tyranitar|Tyranitar, L50, M|58/100
|-weather|Sandstorm|[from] ability: Sand Stream|[of] p2b: Tyranitar
|turn|10
|
|t:|1757204228
|move|p1a: Malova|Hyper Voice|p2a: Gholdengo|[spread] p2a,p2b
|-resisted|p2a: Gholdengo
|-supereffective|p2b: Tyranitar
|-damage|p2a: Gholdengo|41/100
|-damage|p2b: Tyranitar|8/100
|move|p1b: Claudia|Hyper Voice|p2a: Gholdengo|[spread] p2b
|-immune|p2a: Gholdengo
|-resisted|p2b: Tyranitar
|-damage|p2b: Tyranitar|2/100
|move|p2b: Tyranitar|Rock Slide|p1b: Claudia|[spread] p1a,p1b
|-supereffective|p1a: Malova
|-crit|p1a: Malova
|-damage|p1a: Malova|0 fnt
|-damage|p1b: Claudia|5/100
|faint|p1a: Malova
|move|p2a: Gholdengo|Make It Rain|p1b: Claudia
|-damage|p1b: Claudia|0 fnt
|-unboost|p2a: Gholdengo|spa|1
|faint|p1b: Claudia
|
|win|washingtongargacha
