|j|☆greater basilisk
|j|☆naibot2814
|html|greater basilisknaibot2814    
|uhtml|bestof|Game 3 of a best-of-3
|t:|1783819129
|gametype|doubles
|player|p1|greater basilisk|bianca|1251
|player|p2|naibot2814|colress|1349
|gen|9
|tier|[Gen 9 Champions] VGC 2026 Reg M-B (Bo3)
|rated|
|rule|Species Clause: Limit one of each Pokémon
|rule|Item Clause: Limit 1 of each item
|clearpoke
|poke|p1|Sneasler, L50, F|
|poke|p1|Incineroar, L50, M|
|poke|p1|Delphox, L50, M|
|poke|p1|Sinistcha, L50|
|poke|p1|Floette-Eternal, L50, F|
|poke|p1|Palafin, L50, M|
|poke|p2|Garchomp, L50, M, shiny|
|poke|p2|Venusaur, L50, M|
|poke|p2|Incineroar, L50, M|
|poke|p2|Charizard, L50, M|
|poke|p2|Toxapex, L50, M|
|poke|p2|Annihilape, L50, M|
|teampreview|4
|showteam|p1|Sneasler||FocusSash|PoisonTouch|Protect,FakeOut,DireClaw,CloseCombat|Jolly||F|||50|]Incineroar||SitrusBerry|Intimidate|FakeOut,PartingShot,FlareBlitz,DarkestLariat|Impish||M|||50|]Delphox||Delphoxite|Blaze|Protect,NastyPlot,HeatWave,Psyshock|Timid||M|||50|]Sinistcha||KasibBerry|Hospitality|Protect,TrickRoom,MatchaGotcha,RagePowder|Sassy|||||50|]Floette-Eternal||Floettite|FlowerVeil|Protect,DazzlingGleam,CalmMind,Moonblast|Timid||F|||50|]Palafin||Leftovers|ZerotoHero|Protect,JetPunch,BulkUp,ThroatChop|Adamant||M|||50|
|showteam|p2|Garchomp||ChoiceScarf|RoughSkin|Earthquake,RockSlide,DragonClaw,StompingTantrum|Adamant||M|||50|]Venusaur||LifeOrb|Chlorophyll|SludgeBomb,SolarBeam,EarthPower,Protect|Modest||M|||50|]Incineroar||SitrusBerry|Intimidate|FakeOut,FlareBlitz,ThroatChop,PartingShot|Impish||M|||50|]Charizard||CharizarditeY|Blaze|HeatWave,WeatherBall,Protect,HelpingHand|Modest||M|||50|]Toxapex||Leftovers|Regenerator|Infestation,Toxic,WideGuard,BanefulBunker|Impish||M|||50|]Annihilape||FocusSash|Defiant|CloseCombat,PhantomForce,RockTomb,Protect|Jolly||M|||50|
|inactive|Battle timer is ON: inactive players will automatically lose when time's up. (requested by greater basilisk)
|
|t:|1783819157
|teamsize|p1|4
|teamsize|p2|4
|start
|switch|p1a: Delphox|Delphox, L50, M|100/100
|switch|p1b: Sneasler|Sneasler, L50, F|100/100
|switch|p2a: Garchomp|Garchomp, L50, M, shiny|100/100
|switch|p2b: Charizard|Charizard, L50, M|100/100
|turn|1
|
|t:|1783819180
|detailschange|p1a: Delphox|Delphox-Mega, L50, M
|-mega|p1a: Delphox|Delphox|Delphoxite
|detailschange|p2b: Charizard|Charizard-Mega-Y, L50, M
|-mega|p2b: Charizard|Charizard|Charizardite Y
|-weather|SunnyDay|[from] ability: Drought|[of] p2b: Charizard
|move|p1b: Sneasler|Fake Out|p2a: Garchomp
|-damage|p2a: Garchomp|86/100
|-damage|p1b: Sneasler|87/100|[from] ability: Rough Skin|[of] p2a: Garchomp
|-status|p2a: Garchomp|psn|[from] ability: Poison Touch|[of] p1b: Sneasler
|cant|p2a: Garchomp|flinch
|move|p1a: Delphox|Nasty Plot|p1a: Delphox
|-boost|p1a: Delphox|spa|2
|move|p2b: Charizard|Heat Wave|p1b: Sneasler|[spread] p1a,p1b
|-resisted|p1a: Delphox|1
|-damage|p1a: Delphox|76/100
|-damage|p1b: Sneasler|3/100
|
|-weather|SunnyDay|[upkeep]
|-damage|p2a: Garchomp|74/100 psn|[from] psn
|upkeep
|turn|2
|inactive|greater basilisk has 30 seconds left.
|inactive|naibot2814 has 30 seconds left.
|
|t:|1783819211
|switch|p2b: Incineroar|Incineroar, L50, M|100/100
|-ability|p2b: Incineroar|Intimidate|boost
|-unboost|p1a: Delphox|atk|1
|-unboost|p1b: Sneasler|atk|1
|move|p1a: Delphox|Protect|p1a: Delphox
|-singleturn|p1a: Delphox|Protect
|move|p2a: Garchomp|Rock Slide|p1a: Delphox|[spread] p1b
|-activate|p1a: Delphox|move: Protect
|-resisted|p1b: Sneasler|1
|-damage|p1b: Sneasler|0 fnt
|faint|p1b: Sneasler
|
|-weather|SunnyDay|[upkeep]
|-damage|p2a: Garchomp|62/100 psn|[from] psn
|upkeep
|
|t:|1783819225
|switch|p1b: Incineroar|Incineroar, L50, M|100/100
|-ability|p1b: Incineroar|Intimidate|boost
|-unboost|p2a: Garchomp|atk|1
|-unboost|p2b: Incineroar|atk|1
|turn|3
|inactive|greater basilisk has 30 seconds left.
|
|t:|1783819256
|move|p2b: Incineroar|Fake Out|p1a: Delphox
|-damage|p1a: Delphox|66/100
|move|p1b: Incineroar|Fake Out|p2b: Incineroar
|-damage|p2b: Incineroar|91/100
|move|p2a: Garchomp|Rock Slide|p1b: Incineroar|[spread] p1a,p1b
|-supereffective|p1a: Delphox|1
|-supereffective|p1b: Incineroar|1
|-damage|p1a: Delphox|34/100
|-damage|p1b: Incineroar|77/100
|cant|p1a: Delphox|flinch
|
|-weather|SunnyDay|[upkeep]
|-damage|p2a: Garchomp|50/100g psn|[from] psn
|upkeep
|turn|4
|
|t:|1783819270
|move|p1a: Delphox|Protect|p1a: Delphox
|-singleturn|p1a: Delphox|Protect
|move|p2a: Garchomp|Rock Slide|p1a: Delphox|[spread] p1b
|-activate|p1a: Delphox|move: Protect
|-supereffective|p1b: Incineroar|1
|-damage|p1b: Incineroar|57/100
|move|p1b: Incineroar|Parting Shot|p2a: Garchomp
|-unboost|p2a: Garchomp|atk|1
|-unboost|p2a: Garchomp|spa|1
|
|t:|1783819279
|switch|p1b: Palafin|Palafin, L50, M|100/100|[from] Parting Shot
|move|p2b: Incineroar|Flare Blitz|p1b: Palafin
|-resisted|p1b: Palafin|1
|-damage|p1b: Palafin|71/100
|-damage|p2b: Incineroar|82/100|[from] Recoil
|
|-weather|SunnyDay|[upkeep]
|-heal|p1b: Palafin|77/100|[from] item: Leftovers
|-damage|p2a: Garchomp|38/100 psn|[from] psn
|upkeep
|turn|5
|
|t:|1783819293
|detailschange|p1b: Palafin|Palafin-Hero, L50, M
|switch|p1b: Incineroar|Incineroar, L50, M|57/100
|-ability|p1b: Incineroar|Intimidate|boost
|-unboost|p2a: Garchomp|atk|1
|-unboost|p2b: Incineroar|atk|1
|move|p2a: Garchomp|Rock Slide|p1b: Incineroar|[spread] p1a,p1b
|-supereffective|p1a: Delphox|1
|-supereffective|p1b: Incineroar|1
|-damage|p1a: Delphox|12/100
|-damage|p1b: Incineroar|44/100
|-enditem|p1b: Incineroar|Sitrus Berry|[eat]
|-heal|p1b: Incineroar|69/100|[from] item: Sitrus Berry
|cant|p1a: Delphox|flinch
|move|p2b: Incineroar|Parting Shot|p1b: Incineroar
|-unboost|p1b: Incineroar|atk|1
|-unboost|p1b: Incineroar|spa|1
|
|t:|1783819307
|switch|p2b: Venusaur|Venusaur, L50, M|100/100|[from] Parting Shot
|
|-weather|none
|-damage|p2a: Garchomp|25/100 psn|[from] psn
|upkeep
|turn|6
|
|t:|1783819318
|move|p1a: Delphox|Protect|p1a: Delphox
|-singleturn|p1a: Delphox|Protect
|move|p2b: Venusaur|Protect|p2b: Venusaur
|-singleturn|p2b: Venusaur|Protect
|move|p2a: Garchomp|Rock Slide|p1b: Incineroar|[spread] p1b
|-activate|p1a: Delphox|move: Protect
|-supereffective|p1b: Incineroar|1
|-damage|p1b: Incineroar|55/100
|move|p1b: Incineroar|Parting Shot|p2a: Garchomp
|-unboost|p2a: Garchomp|atk|1
|-unboost|p2a: Garchomp|spa|1
|
|t:|1783819328
|switch|p1b: Palafin|Palafin-Hero, L50, M|77/100|[from] Parting Shot
|-activate|p1b: Palafin|ability: Zero to Hero
|
|-heal|p1b: Palafin|83/100|[from] item: Leftovers
|-damage|p2a: Garchomp|13/100 psn|[from] psn
|upkeep
|turn|7
|
|t:|1783819341
|switch|p2a: Charizard|Charizard-Mega-Y, L50, M|100/100
|-weather|SunnyDay|[from] ability: Drought|[of] p2a: Charizard
|move|p1b: Palafin|Jet Punch|p2a: Charizard
|-supereffective|p2a: Charizard|1
|-damage|p2a: Charizard|62/100
|move|p2b: Venusaur|Sludge Bomb|p1a: Delphox
|-damage|p1a: Delphox|0 fnt
|faint|p1a: Delphox
|-damage|p2b: Venusaur|90/100|[from] item: Life Orb
|
|-weather|SunnyDay|[upkeep]
|-heal|p1b: Palafin|89/100|[from] item: Leftovers
|upkeep
|
|t:|1783819349
|switch|p1a: Incineroar|Incineroar, L50, M|55/100
|-ability|p1a: Incineroar|Intimidate|boost
|-unboost|p2a: Charizard|atk|1
|-unboost|p2b: Venusaur|atk|1
|turn|8
|
|t:|1783819355
|switch|p2a: Incineroar|Incineroar, L50, M|82/100
|-ability|p2a: Incineroar|Intimidate|boost
|-unboost|p1a: Incineroar|atk|1
|-unboost|p1b: Palafin|atk|1
|move|p2b: Venusaur|Protect|p2b: Venusaur
|-singleturn|p2b: Venusaur|Protect
|move|p1a: Incineroar|Fake Out|p2b: Venusaur
|-activate|p2b: Venusaur|move: Protect
|move|p1b: Palafin|Bulk Up|p1b: Palafin
|-boost|p1b: Palafin|atk|1
|-boost|p1b: Palafin|def|1
|
|-weather|SunnyDay|[upkeep]
|-heal|p1b: Palafin|95/100|[from] item: Leftovers
|upkeep
|turn|9
|
|t:|1783819367
|move|p1b: Palafin|Protect|p1b: Palafin
|-singleturn|p1b: Palafin|Protect
|move|p2a: Incineroar|Fake Out|p1b: Palafin
|-activate|p1b: Palafin|move: Protect
|move|p2b: Venusaur|Earth Power|p1a: Incineroar
|-supereffective|p1a: Incineroar|1
|-damage|p1a: Incineroar|0 fnt
|faint|p1a: Incineroar
|-damage|p2b: Venusaur|81/100|[from] item: Life Orb
|
|-weather|SunnyDay|[upkeep]
|-heal|p1b: Palafin|100/100|[from] item: Leftovers
|upkeep
|turn|10
|
|t:|1783819377
|move|p1b: Palafin|Jet Punch|p2a: Incineroar
|-supereffective|p2a: Incineroar|1
|-damage|p2a: Incineroar|57/100
|move|p2b: Venusaur|Solar Beam||[still]
|-prepare|p2b: Venusaur|Solar Beam
|-anim|p2b: Venusaur|Solar Beam|p1b: Palafin
|-supereffective|p1b: Palafin|1
|-crit|p1b: Palafin
|-damage|p1b: Palafin|0 fnt
|faint|p1b: Palafin
|-damage|p2b: Venusaur|71/100|[from] item: Life Orb
|
|win|naibot2814
|raw|greater basilisk's rating: 1251 → 1233(-18 for losing)
|raw|naibot2814's rating: 1349 → 1364(+15 for winning)
