|j|☆Sketch Hero
|j|☆TheAdrienC
|html|Sketch HeroTheAdrienC    
|uhtml|bestof|Game 1 of a best-of-3
|t:|1757653881
|gametype|doubles
|player|p1|Sketch Hero|red|1061
|player|p2|TheAdrienC|170|1000
|gen|9
|tier|[Gen 9] VGC 2025 Reg H (Bo3)
|rated|
|rule|Species Clause: Limit one of each Pokémon
|rule|Item Clause: Limit 1 of each item
|clearpoke
|poke|p1|Ceruledge, L50, M|
|poke|p1|Sneasler, L50, F|
|poke|p1|Electabuzz, L50, F|
|poke|p1|Dragonite, L50, M|
|poke|p1|Indeedee, L50, M|
|poke|p1|Ursaluna-Bloodmoon, L50, M|
|poke|p2|Malamar, L50, M|
|poke|p2|Dragonite, L50, M|
|poke|p2|Farigiraf, L50, M|
|poke|p2|Ursaluna-Bloodmoon, L50, M|
|poke|p2|Incineroar, L50, F|
|poke|p2|Kingambit, L50, M|
|teampreview|4
|showteam|p1|Ceruledge||FocusSash|FlashFire|Protect,CloseCombat,BitterBlade,Poltergeist|||M|||50|,,,,,Grass]Sneasler||PsychicSeed|Unburden|Coaching,Protect,DireClaw,CloseCombat|||F|||50|,,,,,Fairy]Electabuzz||Eviolite|VitalSpirit|FollowMe,Electroweb,Protect,Taunt|||F|||50|,,,,,Ghost]Dragonite||LoadedDice|Multiscale|Haze,Protect,Tailwind,ScaleShot|||M|||50|,,,,,Fairy]Indeedee||ChoiceScarf|PsychicSurge|ExpandingForce,TeraBlast,Trick,DazzlingGleam|||M|||50|,,,,,Fighting]Ursaluna-Bloodmoon||LifeOrb|MindsEye|Protect,BloodMoon,EarthPower,HyperVoice|||M|||50|,,,,,Normal
|showteam|p2|Malamar||FocusSash|Contrary|TrickRoom,SkillSwap,PsychoCut,Superpower|||M|||50|,,,,,Fighting]Dragonite||SitrusBerry|Multiscale|DracoMeteor,Protect,IceBeam,Flamethrower|||M|||50|,,,,,Fire]Farigiraf||LightClay|ArmorTail|Psychic,TrickRoom,LightScreen,Reflect|||M|||50|,,,,,Normal]Ursaluna-Bloodmoon||AssaultVest|MindsEye|BloodMoon,HyperVoice,EarthPower,VacuumWave|||M|||50|,,,,,Ground]Incineroar||SafetyGoggles|Intimidate|FakeOut,FlareBlitz,PartingShot,KnockOff|||F|||50|,,,,,Fire]Kingambit||ChoiceBand|Defiant|SuckerPunch,LowKick,IronHead,KowtowCleave|||M|||50|,,,,,Dark
|c|☆Sketch Hero|glhf
|c|☆TheAdrienC|https://en.wikipedia.org/wiki/Never_Shout_Never
|c|☆TheAdrienC|Whoops
|c|☆TheAdrienC|Wrong, copy and paste
|c|☆TheAdrienC|This is a weird, experiment of a team I'm trying out. If you don't mind, I'd love some feedback afterwards?
|c|☆Sketch Hero|sure
|
|t:|1757653942
|teamsize|p1|4
|teamsize|p2|4
|start
|switch|p1a: Indeedee|Indeedee, L50, M|100/100
|switch|p1b: Speed TM|Sneasler, L50, F, shiny|100/100
|switch|p2a: Farigiraf|Farigiraf, L50, M|100/100
|switch|p2b: Incineroar|Incineroar, L50, F|100/100
|-fieldstart|move: Psychic Terrain|[from] ability: Psychic Surge|[of] p1a: Indeedee
|-enditem|p1b: Speed TM|Psychic Seed
|-boost|p1b: Speed TM|spd|1|[from] item: Psychic Seed
|-ability|p2b: Incineroar|Intimidate|boost
|-unboost|p1a: Indeedee|atk|1
|-unboost|p1b: Speed TM|atk|1
|turn|1
|
|t:|1757653965
|switch|p1a: Green|Electabuzz, L50, F|100/100
|move|p2b: Incineroar|Fake Out|p1b: Speed TM
|-activate|p1b: Speed TM|move: Psychic Terrain
|move|p1b: Speed TM|Close Combat|p2b: Incineroar
|-supereffective|p2b: Incineroar
|-damage|p2b: Incineroar|19/100
|-unboost|p1b: Speed TM|def|1
|-unboost|p1b: Speed TM|spd|1
|move|p2a: Farigiraf|Reflect|p2a: Farigiraf
|-sidestart|p2: TheAdrienC|Reflect
|
|upkeep
|turn|2
|
|t:|1757653980
|move|p1b: Speed TM|Dire Claw|p2a: Farigiraf
|-damage|p2a: Farigiraf|80/100
|-status|p2a: Farigiraf|par
|move|p1a: Green|Electroweb|p2a: Farigiraf|[spread] p2a,p2b
|-damage|p2a: Farigiraf|70/100 par
|-damage|p2b: Incineroar|4/100
|-unboost|p2a: Farigiraf|spe|1
|-unboost|p2b: Incineroar|spe|1
|move|p2b: Incineroar|Parting Shot|p1b: Speed TM
|-unboost|p1b: Speed TM|atk|1
|-unboost|p1b: Speed TM|spa|1
|
|t:|1757653990
|switch|p2b: Malamar|Malamar, L50, M|100/100|[from] Parting Shot
|move|p2a: Farigiraf|Trick Room|p2a: Farigiraf
|-fieldstart|move: Trick Room|[of] p2a: Farigiraf
|
|upkeep
|turn|3
|
|t:|1757654010
|move|p2a: Farigiraf|Psychic|p1b: Speed TM
|-supereffective|p1b: Speed TM
|-damage|p1b: Speed TM|0 fnt
|faint|p1b: Speed TM
|move|p2b: Malamar|Superpower|p1a: Green
|-damage|p1a: Green|73/100
|-boost|p2b: Malamar|atk|1
|-boost|p2b: Malamar|def|1
|move|p1a: Green|Electroweb|p2a: Farigiraf|[spread] p2b
|-miss|p1a: Green|p2a: Farigiraf
|-damage|p2b: Malamar|85/100
|-boost|p2b: Malamar|spe|1
|
|upkeep
|
|t:|1757654025
|switch|p1b: Knight|Ceruledge, L50, M|100/100
|turn|4
|
|t:|1757654043
|move|p1a: Green|Follow Me|p1a: Green
|-singleturn|p1a: Green|move: Follow Me
|cant|p2a: Farigiraf|par
|move|p2b: Malamar|Superpower|p1a: Green
|-damage|p1a: Green|32/100
|-boost|p2b: Malamar|atk|1
|-boost|p2b: Malamar|def|1
|move|p1b: Knight|Poltergeist|p2b: Malamar
|-activate|p2b: Malamar|move: Poltergeist|Focus Sash
|-damage|p2b: Malamar|67/100
|
|upkeep
|turn|5
|
|t:|1757654071
|move|p1a: Green|Follow Me|p1a: Green
|-singleturn|p1a: Green|move: Follow Me
|move|p2a: Farigiraf|Light Screen|p2a: Farigiraf
|-sidestart|p2: TheAdrienC|move: Light Screen
|move|p2b: Malamar|Superpower|p1a: Green
|-damage|p1a: Green|0 fnt
|-boost|p2b: Malamar|atk|1
|-boost|p2b: Malamar|def|1
|faint|p1a: Green
|move|p1b: Knight|Bitter Blade|p2a: Farigiraf
|-damage|p2a: Farigiraf|40/100 par
|
|-fieldend|move: Psychic Terrain
|upkeep
|
|t:|1757654081
|switch|p1a: Indeedee|Indeedee, L50, M|100/100
|-fieldstart|move: Psychic Terrain|[from] ability: Psychic Surge|[of] p1a: Indeedee
|turn|6
|
|t:|1757654094
|move|p2a: Farigiraf|Psychic|p1b: Knight
|-damage|p1b: Knight|50/100
|move|p2b: Malamar|Psycho Cut|p1b: Knight
|-damage|p1b: Knight|0 fnt
|faint|p1b: Knight
|move|p1a: Indeedee|Dazzling Gleam|p2b: Malamar|[spread] p2a,p2b
|-supereffective|p2b: Malamar
|-damage|p2a: Farigiraf|30/100 par
|-damage|p2b: Malamar|36/100
|
|-fieldend|move: Trick Room
|upkeep
|turn|7
|
|t:|1757654118
|switch|p2a: Incineroar|Incineroar, L50, F|4/100
|-ability|p2a: Incineroar|Intimidate|boost
|-unboost|p1a: Indeedee|atk|1
|move|p1a: Indeedee|Dazzling Gleam|p2b: Malamar|[spread] p2a,p2b
|-supereffective|p2b: Malamar
|-damage|p2a: Incineroar|0 fnt
|-damage|p2b: Malamar|8/100
|faint|p2a: Incineroar
|move|p2b: Malamar|Trick Room|p2b: Malamar
|-fieldstart|move: Trick Room|[of] p2b: Malamar
|
|upkeep
|
|t:|1757654128
|switch|p2a: Dragonite|Dragonite, L50, M|100/100
|turn|8
|
|t:|1757654144
|-terastallize|p2a: Dragonite|Fire
|move|p2a: Dragonite|Draco Meteor|p1a: Indeedee
|-damage|p1a: Indeedee|7/100
|-unboost|p2a: Dragonite|spa|2
|move|p2b: Malamar|Skill Swap|p2a: Dragonite
|-activate|p2b: Malamar|move: Skill Swap|||[of] p2a: Dragonite
|move|p1a: Indeedee|Dazzling Gleam|p2b: Malamar|[spread] p2a,p2b
|-resisted|p2a: Dragonite
|-supereffective|p2b: Malamar
|-damage|p2a: Dragonite|95/100
|-damage|p2b: Malamar|0 fnt
|faint|p2b: Malamar
|
|-sideend|p2: TheAdrienC|Reflect
|upkeep
|
|t:|1757654155
|switch|p2b: Farigiraf|Farigiraf, L50, M|30/100 par
|turn|9
|
|t:|1757654162
|move|p2b: Farigiraf|Psychic|p1a: Indeedee
|-resisted|p1a: Indeedee
|-damage|p1a: Indeedee|0 fnt
|faint|p1a: Indeedee
|
|win|TheAdrienC
||TheAdrienC is ready for game 2.
||Sketch Hero is ready for game 2.
|uhtml|next|Next: Game 2 of 3
