|j|☆valeron88
|j|☆Nessa333
|html|valeron88Nessa333    
|uhtml|bestof|Game 2 of a best-of-3
|t:|1756906970
|gametype|doubles
|player|p1|valeron88|2|1165
|player|p2|Nessa333|101|1063
|gen|9
|tier|[Gen 9] VGC 2025 Reg H (Bo3)
|rated|
|rule|Species Clause: Limit one of each Pokémon
|rule|Item Clause: Limit 1 of each item
|clearpoke
|poke|p1|Glimmora, L50, F|
|poke|p1|Amoonguss, L50, F|
|poke|p1|Incineroar, L50, F|
|poke|p1|Kingambit, L50, M|
|poke|p1|Sneasler, L50, F|
|poke|p1|Volcarona, L50, F|
|poke|p2|Excadrill, L50, M|
|poke|p2|Sneasler, L50, F|
|poke|p2|Indeedee, L50, M|
|poke|p2|Corviknight, L50, M|
|poke|p2|Annihilape, L50, M|
|poke|p2|Tyranitar, L50, F|
|teampreview|4
|showteam|p1|Glimmora||PowerHerb|ToxicDebris|MeteorBeam,SpikyShield,EarthPower,SludgeBomb|||F|||50|,,,,,Flying]Amoonguss||RockyHelmet|Regenerator|RagePowder,PollenPuff,Spore,ClearSmog|||F|||50|,,,,,Water]Incineroar||AssaultVest|Intimidate|Uturn,KnockOff,FakeOut,FlareBlitz|||F|||50|,,,,,Ghost]Kingambit||LifeOrb|Defiant|SuckerPunch,KowtowCleave,IronHead,Protect|||M|||50|,,,,,Ghost]Sneasler||FocusSash|PoisonTouch|FakeOut,DireClaw,CloseCombat,Uturn|||F|||50|,,,,,Ghost]Volcarona||SitrusBerry|FlameBody|FieryDance,QuiverDance,GigaDrain,Protect|||F|||50|,,,,,Water
|showteam|p2|Excadrill||FocusSash|SandRush|IronHead,HighHorsepower,Earthquake,Protect|||M|||50|,,,,,Stellar]Sneasler||PsychicSeed|Unburden|DireClaw,CloseCombat,ThroatChop,Protect|||F|||50|,,,,,Dark]Indeedee||ChoiceScarf|PsychicSurge|ExpandingForce,TeraBlast,Protect,Trick|||M|||50|,,,,,Psychic]Corviknight||Leftovers|MirrorArmor|BraveBird,BulkUp,Roost,Tailwind|||M|||50|,,,,,Dragon]Annihilape||SafetyGoggles|Defiant|CloseCombat,FinalGambit,RageFist,Taunt|||M|||50|,,,,,Water]Tyranitar||AssaultVest|SandStream|RockSlide,KnockOff,LowKick,TeraBlast|||F|||50|,,,,,Flying
|
|t:|1756907001
|teamsize|p1|4
|teamsize|p2|4
|start
|switch|p1a: Incineroar|Incineroar, L50, F|100/100
|switch|p1b: Kingambit|Kingambit, L50, M|100/100
|switch|p2a: Indeedee|Indeedee, L50, M, shiny|100/100
|switch|p2b: Annihilape|Annihilape, L50, M|100/100
|-fieldstart|move: Psychic Terrain|[from] ability: Psychic Surge|[of] p2a: Indeedee
|-ability|p1a: Incineroar|Intimidate|boost
|-unboost|p2a: Indeedee|atk|1
|-unboost|p2b: Annihilape|atk|1
|-ability|p2b: Annihilape|Defiant|boost
|-boost|p2b: Annihilape|atk|2
|turn|1
|
|t:|1756907056
|switch|p2a: Tyranitar|Tyranitar, L50, F|100/100
|-weather|Sandstorm|[from] ability: Sand Stream|[of] p2a: Tyranitar
|move|p1b: Kingambit|Protect|p1b: Kingambit
|-singleturn|p1b: Kingambit|Protect
|move|p2b: Annihilape|Close Combat|p1a: Incineroar
|-supereffective|p1a: Incineroar
|-damage|p1a: Incineroar|0 fnt
|-unboost|p2b: Annihilape|def|1
|-unboost|p2b: Annihilape|spd|1
|faint|p1a: Incineroar
|
|-weather|Sandstorm|[upkeep]
|upkeep
|
|t:|1756907071
|switch|p1a: Glimmora|Glimmora, L50, F|100/100
|turn|2
|
|t:|1756907085
|-terastallize|p1b: Kingambit|Ghost
|move|p2b: Annihilape|Rage Fist|p1b: Kingambit
|-supereffective|p1b: Kingambit
|-damage|p1b: Kingambit|55/100
|move|p1a: Glimmora|Earth Power|p2a: Tyranitar
|-supereffective|p2a: Tyranitar
|-damage|p2a: Tyranitar|81/100
|move|p2a: Tyranitar|Low Kick|p1b: Kingambit
|-immune|p1b: Kingambit
|move|p1b: Kingambit|Kowtow Cleave|p2b: Annihilape
|-damage|p2b: Annihilape|20/100
|-damage|p1b: Kingambit|45/100|[from] item: Life Orb
|
|-weather|Sandstorm|[upkeep]
|-damage|p1b: Kingambit|39/100|[from] Sandstorm
|upkeep
|turn|3
|
|t:|1756907113
|move|p1a: Glimmora|Spiky Shield|p1a: Glimmora
|-singleturn|p1a: Glimmora|move: Protect
|move|p1b: Kingambit|Sucker Punch|p2b: Annihilape
|-activate|p2b: Annihilape|move: Psychic Terrain
|move|p2b: Annihilape|Rage Fist|p1a: Glimmora
|-activate|p1a: Glimmora|move: Protect
|-damage|p2b: Annihilape|7/100|[from] Spiky Shield|[of] p1a: Glimmora
|move|p2a: Tyranitar|Rock Slide|p1b: Kingambit|[spread] p1b
|-activate|p1a: Glimmora|move: Protect
|-damage|p1b: Kingambit|17/100
|
|-weather|Sandstorm|[upkeep]
|-damage|p1b: Kingambit|11/100|[from] Sandstorm
|upkeep
|turn|4
|
|t:|1756907136
|move|p2b: Annihilape|Rage Fist|p1a: Glimmora
|-damage|p1a: Glimmora|30/100
|-activate|p1a: Glimmora|ability: Toxic Debris
|-sidestart|p2: Nessa333|move: Toxic Spikes
|move|p1a: Glimmora|Earth Power|p2b: Annihilape
|-damage|p2b: Annihilape|0 fnt
|faint|p2b: Annihilape
|move|p2a: Tyranitar|Knock Off|p1b: Kingambit
|-supereffective|p1b: Kingambit
|-damage|p1b: Kingambit|0 fnt
|-enditem|p1b: Kingambit|Life Orb|[from] move: Knock Off|[of] p2a: Tyranitar
|faint|p1b: Kingambit
|
|-weather|Sandstorm|[upkeep]
|upkeep
|
|t:|1756907163
|switch|p2b: Excadrill|Excadrill, L50, M, shiny|100/100
|switch|p1b: Sneasler|Sneasler, L50, F|100/100
|turn|5
|
|t:|1756907177
|-terastallize|p2a: Tyranitar|Flying
|move|p1a: Glimmora|Spiky Shield|p1a: Glimmora
|-singleturn|p1a: Glimmora|move: Protect
|move|p2b: Excadrill|Earthquake|p1b: Sneasler|[spread] p1b
|-activate|p1a: Glimmora|move: Protect
|-immune|p2a: Tyranitar
|-supereffective|p1b: Sneasler
|-enditem|p1b: Sneasler|Focus Sash
|-damage|p1b: Sneasler|1/100
|move|p1b: Sneasler|Dire Claw|p2a: Tyranitar
|-damage|p2a: Tyranitar|46/100
|move|p2a: Tyranitar|Tera Blast|p1b: Sneasler|[anim] Tera Blast Flying
|-supereffective|p1b: Sneasler
|-damage|p1b: Sneasler|0 fnt
|faint|p1b: Sneasler
|
|-weather|none
|-fieldend|move: Psychic Terrain
|upkeep
|turn|6
|-message|valeron88 forfeited.
|
|win|Nessa333
|l|☆valeron88
|player|p1|
||valeron88 is ready for game 3.
|inactive|Nessa333 has 30 seconds to confirm battle start!
|inactive|Nessa333 has 20 seconds to confirm battle start!
