|j|☆Sapitoch 4
|j|☆mechabicho_14
|html|Sapitoch 4mechabicho_14    
|uhtml|bestof|Game 2 of a best-of-3
|t:|1782272102
|gametype|doubles
|player|p1|Sapitoch 4|102|1199
|player|p2|mechabicho_14|265|1174
|gen|9
|tier|[Gen 9 Champions] VGC 2026 Reg M-B (Bo3)
|rated|
|rule|Species Clause: Limit one of each Pokémon
|rule|Item Clause: Limit 1 of each item
|clearpoke
|poke|p1|Gengar, L50, F|
|poke|p1|Incineroar, L50, F|
|poke|p1|Samurott-Hisui, L50, M|
|poke|p1|Dragonite, L50, F|
|poke|p1|Ninetales-Alola, L50, M|
|poke|p1|Gholdengo, L50|
|poke|p2|Pelipper, L50, M|
|poke|p2|Archaludon, L50, F|
|poke|p2|Glimmora, L50, F|
|poke|p2|Sinistcha, L50|
|poke|p2|Swampert, L50, M|
|poke|p2|Talonflame, L50, F|
|teampreview|4
|showteam|p1|Gengar||Gengarite|CursedBody|ShadowBall,SludgeBomb,Protect,Disable|Timid||F|||50|]Incineroar||SitrusBerry|Intimidate|FlareBlitz,PartingShot,FakeOut,Protect|Impish||F|||50|]Samurott-Hisui||ChopleBerry|Sharpness|NightSlash,SacredSword,SuckerPunch,Detect|Jolly||M|||50|]Dragonite||DragonFang|Multiscale|DragonClaw,LowKick,ExtremeSpeed,Protect|Adamant||F|||50|]Ninetales-Alola||FocusSash|SnowWarning|Blizzard,FreezeDry,Encore,Protect|Timid||M|||50|]Gholdengo||ChoiceScarf|GoodasGold|MakeItRain,ShadowBall,Trick,PowerGem|Modest|||||50|
|showteam|p2|Pelipper||LifeOrb|Drizzle|Protect,Hurricane,WeatherBall,MuddyWater|Modest||M|||50|]Archaludon||Leftovers|Stamina|Protect,ElectroShot,FlashCannon,DracoMeteor|Modest||F|||50|]Glimmora||Glimmoranite|ToxicDebris|SpikyShield,PowerGem,EarthPower,SludgeBomb|Modest||F|||50|]Sinistcha||SitrusBerry|Hospitality|LifeDew,RagePowder,TrickRoom,MatchaGotcha|Bold|||||50|]Swampert||Swampertite|Torrent|Protect,WaveCrash,Earthquake,IcePunch|Jolly||M|||50|]Talonflame||SharpBeak|GaleWings|Protect,Tailwind,RainDance,BraveBird|Jolly||F|||50|
|
|t:|1782272132
|teamsize|p1|4
|teamsize|p2|4
|start
|switch|p1a: Gengar|Gengar, L50, F|100/100
|switch|p1b: Incineroar|Incineroar, L50, F|100/100
|switch|p2a: Talonflame|Talonflame, L50, F|100/100
|switch|p2b: Archaludon|Archaludon, L50, F|100/100
|-ability|p1b: Incineroar|Intimidate|boost
|-unboost|p2a: Talonflame|atk|1
|-unboost|p2b: Archaludon|atk|1
|turn|1
|
|t:|1782272147
|detailschange|p1a: Gengar|Gengar-Mega, L50, F
|-mega|p1a: Gengar|Gengar|Gengarite
|move|p2a: Talonflame|Protect|p2a: Talonflame
|-singleturn|p2a: Talonflame|Protect
|move|p2b: Archaludon|Protect|p2b: Archaludon
|-singleturn|p2b: Archaludon|Protect
|move|p1b: Incineroar|Fake Out|p2a: Talonflame
|-activate|p2a: Talonflame|move: Protect
|move|p1a: Gengar|Sludge Bomb|p2a: Talonflame
|-activate|p2a: Talonflame|move: Protect
|
|upkeep
|turn|2
|
|t:|1782272170
|move|p2a: Talonflame|Tailwind|p2a: Talonflame
|-sidestart|p2: mechabicho_14|move: Tailwind
|move|p2b: Archaludon|Flash Cannon|p1a: Gengar
|-damage|p1a: Gengar|63/100
|move|p1a: Gengar|Sludge Bomb|p2a: Talonflame
|-damage|p2a: Talonflame|16/100
|-status|p2a: Talonflame|psn
|move|p1b: Incineroar|Parting Shot|p2b: Archaludon
|-unboost|p2b: Archaludon|atk|1
|-unboost|p2b: Archaludon|spa|1
|
|t:|1782272178
|switch|p1b: Dragonite|Dragonite, L50, F|100/100|[from] Parting Shot
|
|-damage|p2a: Talonflame|4/100 psn|[from] psn
|upkeep
|turn|3
|
|t:|1782272200
|move|p1b: Dragonite|Extreme Speed|p2a: Talonflame
|-damage|p2a: Talonflame|0 fnt
|faint|p2a: Talonflame
|move|p2b: Archaludon|Electro Shot||[still]
|-prepare|p2b: Archaludon|Electro Shot
|-boost|p2b: Archaludon|spa|1
|move|p1a: Gengar|Disable|p2b: Archaludon
|-start|p2b: Archaludon|Disable|Electro Shot
|
|upkeep
|
|t:|1782272206
|switch|p2a: Pelipper|Pelipper, L50, M|100/100
|-weather|RainDance|[from] ability: Drizzle|[of] p2a: Pelipper
|turn|4
|inactive|Battle timer is ON: inactive players will automatically lose when time's up. (requested by mechabicho_14)
|
|t:|1782272230
|switch|p1a: Ninetales|Ninetales-Alola, L50, M|100/100
|-weather|Snowscape|[from] ability: Snow Warning|[of] p1a: Ninetales
|move|p1b: Dragonite|Protect|p1b: Dragonite
|-singleturn|p1b: Dragonite|Protect
|cant|p2b: Archaludon|Disable|Electro Shot
|move|p2a: Pelipper|Muddy Water|p1b: Dragonite|[spread] p1a
|-activate|p1b: Dragonite|move: Protect
|-damage|p1a: Ninetales|52/100
|-damage|p2a: Pelipper|90/100|[from] item: Life Orb
|
|-weather|Snowscape|[upkeep]
|upkeep
|turn|5
|
|t:|1782272254
|move|p1a: Ninetales|Protect|p1a: Ninetales
|-singleturn|p1a: Ninetales|Protect
|move|p2b: Archaludon|Flash Cannon|p1a: Ninetales
|-activate|p1a: Ninetales|move: Protect
|move|p2a: Pelipper|Weather Ball|p1b: Dragonite
|-supereffective|p1b: Dragonite|2
|-damage|p1b: Dragonite|14/100
|-damage|p2a: Pelipper|80/100|[from] item: Life Orb
|move|p1b: Dragonite|Dragon Claw|p2a: Pelipper
|-damage|p2a: Pelipper|19/100
|
|-weather|Snowscape|[upkeep]
|-sideend|p2: mechabicho_14|move: Tailwind
|upkeep
|turn|6
|inactive|Sapitoch 4 has 30 seconds left.
|
|t:|1782272282
|move|p2a: Pelipper|Protect|p2a: Pelipper
|-singleturn|p2a: Pelipper|Protect
|move|p1a: Ninetales|Encore|p2b: Archaludon
|-start|p2b: Archaludon|Encore
|move|p1b: Dragonite|Dragon Claw|p2a: Pelipper
|-activate|p2a: Pelipper|move: Protect
|move|p2b: Archaludon|Flash Cannon|p1a: Ninetales
|-supereffective|p1a: Ninetales|2
|-damage|p1a: Ninetales|0 fnt
|faint|p1a: Ninetales
|
|-weather|Snowscape|[upkeep]
|upkeep
|
|t:|1782272284
|switch|p1a: Gengar|Gengar-Mega, L50, F|63/100
|turn|7
|
|t:|1782272295
|move|p1a: Gengar|Disable||[still]
|-fail|p1a: Gengar
|move|p1b: Dragonite|Dragon Claw|p2a: Pelipper
|-damage|p2a: Pelipper|0 fnt
|faint|p2a: Pelipper
|move|p2b: Archaludon|Flash Cannon|p1b: Dragonite
|-damage|p1b: Dragonite|0 fnt
|faint|p1b: Dragonite
|
|-weather|Snowscape|[upkeep]
|-end|p2b: Archaludon|Disable
|upkeep
|
|t:|1782272300
|switch|p1b: Incineroar|Incineroar, L50, F|100/100
|switch|p2a: Swampert|Swampert, L50, M|100/100
|-ability|p1b: Incineroar|Intimidate|boost
|-unboost|p2a: Swampert|atk|1
|-unboost|p2b: Archaludon|atk|1
|turn|8
|inactive|Sapitoch 4 has 30 seconds left.
|inactive|Sapitoch 4 has 20 seconds left.
|
|t:|1782272337
|detailschange|p2a: Swampert|Swampert-Mega, L50, M
|-mega|p2a: Swampert|Swampert|Swampertite
|move|p1b: Incineroar|Fake Out|p2a: Swampert
|-damage|p2a: Swampert|89/100
|move|p1a: Gengar|Shadow Ball|p2a: Swampert
|-damage|p2a: Swampert|51/100
|cant|p2a: Swampert|flinch
|move|p2b: Archaludon|Flash Cannon|p1a: Gengar
|-damage|p1a: Gengar|27/100
|
|-weather|none
|-end|p2b: Archaludon|Encore
|upkeep
|turn|9
|
|t:|1782272349
|move|p1a: Gengar|Protect|p1a: Gengar
|-singleturn|p1a: Gengar|Protect
|move|p2b: Archaludon|Protect|p2b: Archaludon
|-singleturn|p2b: Archaludon|Protect
|move|p1b: Incineroar|Protect|p1b: Incineroar
|-singleturn|p1b: Incineroar|Protect
|move|p2a: Swampert|Earthquake|p1a: Gengar|[spread] 
|-activate|p2b: Archaludon|move: Protect
|-activate|p1a: Gengar|move: Protect
|-activate|p1b: Incineroar|move: Protect
|
|upkeep
|turn|10
|
|t:|1782272374
|move|p1a: Gengar|Disable|p2a: Swampert
|-start|p2a: Swampert|Disable|Earthquake
|move|p2a: Swampert|Wave Crash|p1b: Incineroar
|-supereffective|p1b: Incineroar|1
|-damage|p1b: Incineroar|33/100
|-enditem|p1b: Incineroar|Sitrus Berry|[eat]
|-heal|p1b: Incineroar|58/100|[from] item: Sitrus Berry
|-damage|p2a: Swampert|26/100|[from] Recoil
|move|p2b: Archaludon|Flash Cannon|p1a: Gengar
|-damage|p1a: Gengar|0 fnt
|faint|p1a: Gengar
|move|p1b: Incineroar|Parting Shot|p2b: Archaludon
|-unboost|p2b: Archaludon|atk|1
|-unboost|p2b: Archaludon|spa|1
|
|upkeep
|turn|11
|-message|Sapitoch 4 forfeited.
|
|win|mechabicho_14
|raw|Sapitoch 4's rating: 1199 → 1172(-27 for losing)
|raw|mechabicho_14's rating: 1174 → 1201(+27 for winning)
|l|☆mechabicho_14
|player|p2|
