|j|☆yetiyoupi
|j|☆mariocansado
|html|yetiyoupimariocansado    
|uhtml|bestof|Game 2 of a best-of-3
|t:|1756381720
|gametype|doubles
|player|p1|yetiyoupi|266|1076
|player|p2|mariocansado|arven-v|1093
|gen|9
|tier|[Gen 9] VGC 2025 Reg H (Bo3)
|rated|
|rule|Species Clause: Limit one of each Pokémon
|rule|Item Clause: Limit 1 of each item
|clearpoke
|poke|p1|Ursaluna-Bloodmoon, L50, M|
|poke|p1|Politoed, L50, F|
|poke|p1|Farigiraf, L50, M|
|poke|p1|Rillaboom, L50, M|
|poke|p1|Archaludon, L50, M|
|poke|p1|Whimsicott, L50, M|
|poke|p2|Ninetales-Alola, L50, F|
|poke|p2|Gholdengo, L50|
|poke|p2|Dragonite, L50, F|
|poke|p2|Volcarona, L50, M|
|poke|p2|Rillaboom, L50, F|
|poke|p2|Tauros-Paldea-Aqua, L50, M|
|teampreview|4
|showteam|p1|Ursaluna-Bloodmoon||LifeOrb|MindsEye|Protect,BloodMoon,HyperVoice,EarthPower|||M|||50|,,,,,Ghost]Politoed||SitrusBerry|Drizzle|WeatherBall,Encore,Protect,IceBeam|||F|||50|,,,,,Grass]Farigiraf||ThroatSpray|ArmorTail|HyperVoice,Protect,Psychic,TrickRoom|||M|||50|,,,,,Fairy]Rillaboom||AssaultVest|GrassySurge|GrassyGlide,WoodHammer,HighHorsepower,FakeOut|||M|||50|,,,,,Grass]Archaludon||PowerHerb|Stamina|ElectroShot,DracoMeteor,Protect,BodyPress|||M|||50|,,,,,Electric]Whimsicott||FocusSash|Prankster|Tailwind,BeatUp,Taunt,Moonblast|||M|||50|,,,,,Ghost
|showteam|p2|Ninetales-Alola||LightClay|SnowWarning|Protect,AuroraVeil,Encore,Blizzard|||F|||50|,,,,,Water]Gholdengo||MetalCoat|GoodasGold|MakeItRain,ShadowBall,NastyPlot,Protect||||||50|,,,,,Water]Dragonite||LoadedDice|InnerFocus|ScaleShot,StompingTantrum,Tailwind,Protect|||F|||50|,,,,,Fairy]Volcarona||Leftovers|FlameBody|HeatWave,QuiverDance,Protect,TeraBlast|||M|||50|,,,,,Fairy]Rillaboom||AssaultVest|GrassySurge|FakeOut,GrassyGlide,WoodHammer,Uturn|||F|||50|,,,,,Fire]Tauros-Paldea-Aqua||ClearAmulet|Intimidate|CloseCombat,RagingBull,AquaJet,Protect|||M|||50|,,,,,Electric
|inactive|Battle timer is ON: inactive players will automatically lose when time's up. (requested by yetiyoupi)
|
|t:|1756381763
|teamsize|p1|4
|teamsize|p2|4
|start
|switch|p1a: Whimsicott|Whimsicott, L50, M|100/100
|switch|p1b: Archaludon|Archaludon, L50, M|100/100
|switch|p2a: Gholdengo|Gholdengo, L50|100/100
|switch|p2b: Rillaboom|Rillaboom, L50, F|100/100
|-fieldstart|move: Grassy Terrain|[from] ability: Grassy Surge|[of] p2b: Rillaboom
|turn|1
|inactive|yetiyoupi has 30 seconds left.
|inactive|yetiyoupi has 20 seconds left.
|inactive|yetiyoupi has 15 seconds left.
|
|t:|1756381807
|move|p1b: Archaludon|Protect|p1b: Archaludon
|-singleturn|p1b: Archaludon|Protect
|move|p2b: Rillaboom|Fake Out|p1a: Whimsicott
|-damage|p1a: Whimsicott|80/100
|cant|p1a: Whimsicott|flinch
|move|p2a: Gholdengo|Nasty Plot|p2a: Gholdengo
|-boost|p2a: Gholdengo|spa|2
|
|-heal|p1a: Whimsicott|86/100|[from] Grassy Terrain
|upkeep
|turn|2
|
|t:|1756381831
|-terastallize|p1b: Archaludon|Electric
|move|p1a: Whimsicott|Tailwind|p1a: Whimsicott
|-sidestart|p1: yetiyoupi|move: Tailwind
|move|p1b: Archaludon|Electro Shot||[still]
|-prepare|p1b: Archaludon|Electro Shot
|-boost|p1b: Archaludon|spa|1
|-enditem|p1b: Archaludon|Power Herb
|-anim|p1b: Archaludon|Electro Shot|p2a: Gholdengo
|-damage|p2a: Gholdengo|0 fnt
|faint|p2a: Gholdengo
|move|p2b: Rillaboom|Wood Hammer|p1a: Whimsicott
|-resisted|p1a: Whimsicott
|-damage|p1a: Whimsicott|25/100
|-damage|p2b: Rillaboom|87/100|[from] Recoil
|
|-heal|p1a: Whimsicott|31/100|[from] Grassy Terrain
|-heal|p2b: Rillaboom|93/100|[from] Grassy Terrain
|upkeep
|
|t:|1756381840
|switch|p2a: Volcarona|Volcarona, L50, M|100/100
|turn|3
|inactive|yetiyoupi has 30 seconds left.
|
|t:|1756381871
|-terastallize|p2a: Volcarona|Fairy
|move|p1a: Whimsicott|Beat Up|p1b: Archaludon
|-crit|p1b: Archaludon
|-damage|p1b: Archaludon|98/100
|-ability|p1b: Archaludon|Stamina|boost
|-boost|p1b: Archaludon|def|1
|-damage|p1b: Archaludon|96/100
|-ability|p1b: Archaludon|Stamina|boost
|-boost|p1b: Archaludon|def|1
|-damage|p1b: Archaludon|95/100
|-ability|p1b: Archaludon|Stamina|boost
|-boost|p1b: Archaludon|def|1
|-damage|p1b: Archaludon|94/100
|-ability|p1b: Archaludon|Stamina|boost
|-boost|p1b: Archaludon|def|1
|-hitcount|p1b: Archaludon|4
|move|p1b: Archaludon|Draco Meteor|p2a: Volcarona
|-immune|p2a: Volcarona
|move|p2a: Volcarona|Quiver Dance|p2a: Volcarona
|-boost|p2a: Volcarona|spa|1
|-boost|p2a: Volcarona|spd|1
|-boost|p2a: Volcarona|spe|1
|move|p2b: Rillaboom|Wood Hammer|p1b: Archaludon
|-damage|p1b: Archaludon|73/100
|-ability|p1b: Archaludon|Stamina|boost
|-boost|p1b: Archaludon|def|1
|-damage|p2b: Rillaboom|86/100|[from] Recoil
|
|-heal|p1a: Whimsicott|37/100|[from] Grassy Terrain
|-heal|p1b: Archaludon|79/100|[from] Grassy Terrain
|-heal|p2b: Rillaboom|92/100|[from] Grassy Terrain
|upkeep
|turn|4
|
|t:|1756381897
|switch|p1a: Politoed|Politoed, L50, F|100/100
|-weather|RainDance|[from] ability: Drizzle|[of] p1a: Politoed
|switch|p2b: Ninetales|Ninetales-Alola, L50, F|100/100
|-weather|Snowscape|[from] ability: Snow Warning|[of] p2b: Ninetales
|move|p1b: Archaludon|Electro Shot||[still]
|-prepare|p1b: Archaludon|Electro Shot
|-boost|p1b: Archaludon|spa|1
|move|p2a: Volcarona|Tera Blast|p1b: Archaludon|[anim] Tera Blast Fairy
|-damage|p1b: Archaludon|6/100
|-ability|p1b: Archaludon|Stamina|boost
|-boost|p1b: Archaludon|def|1
|
|-weather|Snowscape|[upkeep]
|-heal|p1b: Archaludon|11/100|[from] Grassy Terrain
|upkeep
|turn|5
|
|t:|1756381912
|move|p2a: Volcarona|Protect|p2a: Volcarona
|-singleturn|p2a: Volcarona|Protect
|move|p2b: Ninetales|Protect|p2b: Ninetales
|-singleturn|p2b: Ninetales|Protect
|move|p1b: Archaludon|Electro Shot|p2a: Volcarona|[from] lockedmove
|-activate|p2a: Volcarona|move: Protect
|move|p1a: Politoed|Encore|p2b: Ninetales
|-activate|p2b: Ninetales|move: Protect
|
|-weather|Snowscape|[upkeep]
|-heal|p1b: Archaludon|17/100|[from] Grassy Terrain
|-sideend|p1: yetiyoupi|move: Tailwind
|-fieldend|move: Grassy Terrain
|upkeep
|turn|6
|inactive|yetiyoupi has 30 seconds left.
|inactive|mariocansado has 30 seconds left.
|
|t:|1756381942
|switch|p1a: Whimsicott|Whimsicott, L50, M|37/100
|move|p1b: Archaludon|Protect|p1b: Archaludon
|-singleturn|p1b: Archaludon|Protect
|move|p2a: Volcarona|Heat Wave|p1a: Whimsicott|[spread] p1a
|-activate|p1b: Archaludon|move: Protect
|-supereffective|p1a: Whimsicott
|-damage|p1a: Whimsicott|0 fnt
|faint|p1a: Whimsicott
|move|p2b: Ninetales|Aurora Veil|p2b: Ninetales
|-sidestart|p2: mariocansado|move: Aurora Veil
|
|-weather|Snowscape|[upkeep]
|upkeep
|
|t:|1756381955
|switch|p1a: Politoed|Politoed, L50, F|100/100
|-weather|RainDance|[from] ability: Drizzle|[of] p1a: Politoed
|turn|7
|inactive|yetiyoupi has 30 seconds left.
|inactive|mariocansado has 30 seconds left.
|
|t:|1756381992
|switch|p2b: Rillaboom|Rillaboom, L50, F|92/100
|-fieldstart|move: Grassy Terrain|[from] ability: Grassy Surge|[of] p2b: Rillaboom
|move|p2a: Volcarona|Tera Blast|p1b: Archaludon|[anim] Tera Blast Fairy
|-damage|p1b: Archaludon|0 fnt
|faint|p1b: Archaludon
|move|p1a: Politoed|Encore|p2a: Volcarona
|-start|p2a: Volcarona|Encore
|
|-weather|RainDance|[upkeep]
|-heal|p2b: Rillaboom|98/100|[from] Grassy Terrain
|upkeep
|
|t:|1756381995
|switch|p1b: Ursaluna|Ursaluna-Bloodmoon, L50, M|100/100
|turn|8
|
|t:|1756382016
|move|p1b: Ursaluna|Protect|p1b: Ursaluna
|-singleturn|p1b: Ursaluna|Protect
|move|p2a: Volcarona|Tera Blast|p1b: Ursaluna|[anim] Tera Blast Fairy
|-activate|p1b: Ursaluna|move: Protect
|move|p2b: Rillaboom|Wood Hammer|p1b: Ursaluna
|-activate|p1b: Ursaluna|move: Protect
|move|p1a: Politoed|Ice Beam|p2b: Rillaboom
|-supereffective|p2b: Rillaboom
|-damage|p2b: Rillaboom|76/100
|
|-weather|RainDance|[upkeep]
|-heal|p2b: Rillaboom|82/100|[from] Grassy Terrain
|upkeep
|turn|9
|-message|yetiyoupi forfeited.
|
|win|mariocansado
|raw|yetiyoupi's rating: 1076 → 1056(-20 for losing)
|raw|mariocansado's rating: 1093 → 1118(+25 for winning)
|l|☆yetiyoupi
|player|p1|
