|j|☆ur1ryanpowney
|j|☆i cant fit in
|html|ur1ryanpowneyi cant fit in    
|uhtml|bestof|Game 3 of a best-of-3
|t:|1756235338
|gametype|doubles
|player|p1|ur1ryanpowney|nate|
|player|p2|i cant fit in|1|
|gen|9
|tier|[Gen 9] VGC 2025 Reg H (Bo3)
|rule|Species Clause: Limit one of each Pokémon
|rule|Item Clause: Limit 1 of each item
|clearpoke
|poke|p1|Ursaluna, L50, M|
|poke|p1|Kommo-o, L50, M|
|poke|p1|Indeedee-F, L50, F|
|poke|p1|Incineroar, L50, F|
|poke|p1|Braviary-Hisui, L50, M|
|poke|p1|Amoonguss, L50, M|
|poke|p2|Sneasler, L50, M|
|poke|p2|Clefable, L50, M|
|poke|p2|Gholdengo, L50|
|poke|p2|Rillaboom, L50, M|
|poke|p2|Magmar, L50, M|
|poke|p2|Dragapult, L50, M|
|teampreview|4
|showteam|p1|Ursaluna||FlameOrb|Guts|Facade,Earthquake,Protect,HeadlongRush|||M|||50|,,,,,Normal]Kommo-o||ThroatSpray|Overcoat|ClangorousSoul,ClangingScales,Protect,Flamethrower|||M|||50|,,,,,Fire]Indeedee-F||MentalHerb|PsychicSurge|DazzlingGleam,FollowMe,TrickRoom,HelpingHand|||F|||50|,,,,,Fairy]Incineroar||SafetyGoggles|Intimidate|FakeOut,KnockOff,PartingShot,FlareBlitz|||F|||50|,,,,,Grass]Braviary-Hisui||LifeOrb|TintedLens|ExpandingForce,Protect,TeraBlast,EsperWing|||M|||50|,,,,,Psychic]Amoonguss||RoomService|Regenerator|Spore,PollenPuff,RagePowder,ClearSmog|||M|||50|,,,,,Water
|showteam|p2|Sneasler||FocusSash|Unburden|CloseCombat,DireClaw,Protect,ThroatChop|||M|||50|,,,,,Dark]Clefable||RockyHelmet|Unaware|Moonblast,IcyWind,FollowMe,Protect|||M|||50|,,,,,Steel]Gholdengo||LifeOrb|GoodasGold|MakeItRain,ShadowBall,NastyPlot,Protect||||||50|,,,,,Water]Rillaboom||AssaultVest|GrassySurge|WoodHammer,GrassyGlide,HighHorsepower,FakeOut|||M|||50|,,,,,Fire]Magmar||Eviolite|VitalSpirit|Taunt,Overheat,FollowMe,Protect|||M|||50|,,,,,Ghost]Dragapult||ChoiceSpecs|ClearBody|ShadowBall,DracoMeteor,Thunderbolt,Flamethrower|||M|||50|,,,,,Fire
|
|t:|1756235400
|teamsize|p1|4
|teamsize|p2|4
|start
|switch|p1a: Indeedee|Indeedee-F, L50, F|100/100
|switch|p1b: Braviary|Braviary-Hisui, L50, M|100/100
|switch|p2a: Sneasler|Sneasler, L50, M, shiny|100/100
|switch|p2b: Gholdengo|Gholdengo, L50|100/100
|-fieldstart|move: Psychic Terrain|[from] ability: Psychic Surge|[of] p1a: Indeedee
|turn|1
|
|t:|1756235444
|switch|p2b: Dk|Rillaboom, L50, M, shiny|100/100
|-fieldstart|move: Grassy Terrain|[from] ability: Grassy Surge|[of] p2b: Dk
|-terastallize|p2a: Sneasler|Dark
|-terastallize|p1b: Braviary|Psychic
|move|p1a: Indeedee|Follow Me|p1a: Indeedee
|-singleturn|p1a: Indeedee|move: Follow Me
|move|p2a: Sneasler|Throat Chop|p1a: Indeedee
|-supereffective|p1a: Indeedee
|-damage|p1a: Indeedee|0 fnt
|faint|p1a: Indeedee
|move|p1b: Braviary|Esper Wing|p2b: Dk
|-damage|p2b: Dk|41/100
|-boost|p1b: Braviary|spe|1
|-damage|p1b: Braviary|91/100|[from] item: Life Orb
|
|-heal|p1b: Braviary|97/100|[from] Grassy Terrain
|-heal|p2b: Dk|47/100|[from] Grassy Terrain
|upkeep
|
|t:|1756235493
|switch|p1a: Kommo-o|Kommo-o, L50, M|100/100
|turn|2
|
|t:|1756235506
|switch|p1b: Incineroar|Incineroar, L50, F|100/100
|-ability|p1b: Incineroar|Intimidate|boost
|-unboost|p2a: Sneasler|atk|1
|-unboost|p2b: Dk|atk|1
|switch|p2b: Clefable|Clefable, L50, M, shiny|100/100
|move|p1a: Kommo-o|Protect|p1a: Kommo-o
|-singleturn|p1a: Kommo-o|Protect
|move|p2a: Sneasler|Throat Chop|p1b: Incineroar
|-resisted|p1b: Incineroar
|-damage|p1b: Incineroar|88/100
|-start|p1b: Incineroar|Throat Chop|[silent]
|
|-heal|p1b: Incineroar|94/100|[from] Grassy Terrain
|upkeep
|turn|3
|
|t:|1756235523
|move|p2a: Sneasler|Protect|p2a: Sneasler
|-singleturn|p2a: Sneasler|Protect
|move|p1b: Incineroar|Fake Out|p2b: Clefable
|-damage|p2b: Clefable|90/100
|-damage|p1b: Incineroar|77/100|[from] item: Rocky Helmet|[of] p2b: Clefable
|move|p1a: Kommo-o|Clangorous Soul|p1a: Kommo-o
|-boost|p1a: Kommo-o|atk|1
|-boost|p1a: Kommo-o|def|1
|-boost|p1a: Kommo-o|spa|1
|-boost|p1a: Kommo-o|spd|1
|-boost|p1a: Kommo-o|spe|1
|-damage|p1a: Kommo-o|68/100
|-enditem|p1a: Kommo-o|Throat Spray
|-boost|p1a: Kommo-o|spa|1|[from] item: Throat Spray
|cant|p2b: Clefable|flinch
|
|-heal|p1a: Kommo-o|74/100|[from] Grassy Terrain
|-heal|p1b: Incineroar|83/100|[from] Grassy Terrain
|-heal|p2b: Clefable|96/100|[from] Grassy Terrain
|-end|p1b: Incineroar|Throat Chop|[silent]
|upkeep
|turn|4
|
|t:|1756235588
|move|p2a: Sneasler|Close Combat|p1b: Incineroar
|-supereffective|p1b: Incineroar
|-damage|p1b: Incineroar|0 fnt
|-unboost|p2a: Sneasler|def|1
|-unboost|p2a: Sneasler|spd|1
|faint|p1b: Incineroar
|move|p1a: Kommo-o|Clanging Scales|p2b: Clefable|[spread] p2a
|-immune|p2b: Clefable
|-enditem|p2a: Sneasler|Focus Sash
|-damage|p2a: Sneasler|1/100
|-unboost|p1a: Kommo-o|def|1
|move|p2b: Clefable|Moonblast|p1a: Kommo-o
|-supereffective|p1a: Kommo-o
|-damage|p1a: Kommo-o|0 fnt
|faint|p1a: Kommo-o
|
|-heal|p2a: Sneasler|7/100|[from] Grassy Terrain
|-heal|p2b: Clefable|100/100|[from] Grassy Terrain
|upkeep
|
|t:|1756235606
|switch|p1b: Braviary|Braviary-Hisui, L50, M, tera:Psychic|97/100
|turn|5
|
|t:|1756235652
|move|p2a: Sneasler|Throat Chop|p1b: Braviary
|-supereffective|p1b: Braviary
|-damage|p1b: Braviary|16/100
|-start|p1b: Braviary|Throat Chop|[silent]
|move|p1b: Braviary|Esper Wing|p2a: Sneasler
|-immune|p2a: Sneasler
|move|p2b: Clefable|Moonblast|p1b: Braviary
|-damage|p1b: Braviary|0 fnt
|faint|p1b: Braviary
|
|win|i cant fit in
|l|☆ur1ryanpowney
|player|p1|
