|j|☆Isagii
|j|☆TeyVgc
|html|IsagiiTeyVgc    
|uhtml|bestof|Game 3 of a best-of-3
|t:|1783971185
|gametype|doubles
|player|p1|Isagii|steven|1288
|player|p2|TeyVgc|rood|1259
|gen|9
|tier|[Gen 9 Champions] VGC 2026 Reg M-B (Bo3)
|rated|
|rule|Species Clause: Limit one of each Pokémon
|rule|Item Clause: Limit 1 of each item
|clearpoke
|poke|p1|Milotic, L50, F|
|poke|p1|Farigiraf, L50, M|
|poke|p1|Torkoal, L50, F|
|poke|p1|Mawile, L50, M|
|poke|p1|Hydrapple, L50, M|
|poke|p1|Decidueye-Hisui, L50, F|
|poke|p2|Raichu, L50, M|
|poke|p2|Sinistcha, L50|
|poke|p2|Ceruledge, L50, M|
|poke|p2|Milotic, L50, M|
|poke|p2|Incineroar, L50, F|
|poke|p2|Floette-Eternal, L50, F|
|teampreview|4
|showteam|p1|Milotic||Leftovers|Competitive|IceBeam,MuddyWater,Recover,Haze|Modest||F|||50|]Farigiraf||SitrusBerry|ArmorTail|Psychic,TrickRoom,HelpingHand,Protect|Bold||M|||50|]Torkoal||Charcoal|Drought|Eruption,WeatherBall,SolarBeam,Protect|Quiet||F|||50|]Mawile||Mawilite|HyperCutter|PlayRough,SuckerPunch,RockSlide,Protect|Brave||M|||50|]Hydrapple||LifeOrb|Regenerator|FickleBeam,EarthPower,EnergyBall,Protect|Quiet||M|||50|]Decidueye-Hisui||ScopeLens|Scrappy|TripleArrows,LeafBlade,Uturn,Protect|Brave||F|||50|
|showteam|p2|Raichu||RaichuniteY|LightningRod|ZapCannon,FocusBlast,FakeOut,Protect|Timid||M|||50|]Sinistcha||KasibBerry|Hospitality|MatchaGotcha,Protect,RagePowder,TrickRoom|Relaxed|||||50|]Ceruledge||ColburBerry|FlashFire|BitterBlade,ShadowSneak,BulkUp,Protect|Adamant||M|||50|]Milotic||Leftovers|Competitive|MuddyWater,Coil,Hypnosis,Recover|Calm||M|||50|]Incineroar||SitrusBerry|Intimidate|FlareBlitz,ThroatChop,FakeOut,PartingShot|Impish||F|||50|]Floette-Eternal||Floettite|FlowerVeil|CalmMind,Protect,Moonblast,DazzlingGleam|Modest||F|||50|
|inactive|Battle timer is ON: inactive players will automatically lose when time's up. (requested by Isagii)
|
|t:|1783971205
|teamsize|p1|4
|teamsize|p2|4
|start
|switch|p1a: Farigiraf|Farigiraf, L50, M|100/100
|switch|p1b: Mawile|Mawile, L50, M|100/100
|switch|p2a: Floette|Floette-Eternal, L50, F|100/100
|switch|p2b: Ceruledge|Ceruledge, L50, M|100/100
|turn|1
|
|t:|1783971218
|switch|p2a: Incineroar|Incineroar, L50, F|100/100
|-ability|p2a: Incineroar|Intimidate|boost
|-unboost|p1a: Farigiraf|atk|1
|-fail|p1b: Mawile|unboost|Attack|[from] ability: Hyper Cutter|[of] p1b: Mawile
|detailschange|p1b: Mawile|Mawile-Mega, L50, M
|-mega|p1b: Mawile|Mawile|Mawilite
|move|p2b: Ceruledge|Bulk Up|p2b: Ceruledge
|-boost|p2b: Ceruledge|atk|1
|-boost|p2b: Ceruledge|def|1
|move|p1b: Mawile|Play Rough|p2a: Incineroar
|-damage|p2a: Incineroar|39/100
|-enditem|p2a: Incineroar|Sitrus Berry|[eat]
|-heal|p2a: Incineroar|63/100|[from] item: Sitrus Berry
|move|p1a: Farigiraf|Trick Room|p1a: Farigiraf
|-fieldstart|move: Trick Room|[of] p1a: Farigiraf
|
|upkeep
|turn|2
|
|t:|1783971237
|switch|p1a: Milotic|Milotic, L50, F|100/100
|move|p1b: Mawile|Protect|p1b: Mawile
|-singleturn|p1b: Mawile|Protect
|move|p2a: Incineroar|Parting Shot|p1b: Mawile
|-activate|p1b: Mawile|move: Protect
|move|p2b: Ceruledge|Bulk Up|p2b: Ceruledge
|-boost|p2b: Ceruledge|atk|1
|-boost|p2b: Ceruledge|def|1
|
|upkeep
|turn|3
|
|t:|1783971254
|move|p2b: Ceruledge|Shadow Sneak|p1a: Milotic
|-damage|p1a: Milotic|53/100
|move|p1b: Mawile|Play Rough|p2a: Incineroar
|-damage|p2a: Incineroar|0 fnt
|faint|p2a: Incineroar
|move|p1a: Milotic|Haze|p1a: Milotic
|-clearallboost
|
|-heal|p1a: Milotic|59/100|[from] item: Leftovers
|upkeep
|
|t:|1783971263
|switch|p2a: Sinistcha|Sinistcha, L50|100/100
|turn|4
|
|t:|1783971270
|move|p1b: Mawile|Play Rough|p2a: Sinistcha
|-damage|p2a: Sinistcha|20/100y
|move|p2a: Sinistcha|Matcha Gotcha|p1a: Milotic|[spread] p1a,p1b
|-supereffective|p1a: Milotic|1
|-resisted|p1b: Mawile|1
|-damage|p1a: Milotic|20/100y
|-heal|p2a: Sinistcha|42/100|[from] drain|[of] p1a: Milotic
|-damage|p1b: Mawile|86/100
|-heal|p2a: Sinistcha|48/100|[from] drain|[of] p1b: Mawile
|-status|p1b: Mawile|brn
|move|p1a: Milotic|Muddy Water|p2a: Sinistcha|[spread] p2a,p2b
|-resisted|p2a: Sinistcha|1
|-supereffective|p2b: Ceruledge|1
|-damage|p2a: Sinistcha|34/100
|-damage|p2b: Ceruledge|30/100
|move|p2b: Ceruledge|Bitter Blade|p1b: Mawile
|-supereffective|p1b: Mawile|1
|-damage|p1b: Mawile|0 fnt
|-heal|p2b: Ceruledge|67/100|[from] drain|[of] p1b: Mawile
|faint|p1b: Mawile
|
|-heal|p1a: Milotic|26/100|[from] item: Leftovers
|upkeep
|
|t:|1783971289
|switch|p1b: Decidueye|Decidueye-Hisui, L50, F|100/100
|turn|5
|
|t:|1783971294
|move|p2a: Sinistcha|Protect|p2a: Sinistcha
|-singleturn|p2a: Sinistcha|Protect
|move|p2b: Ceruledge|Protect|p2b: Ceruledge
|-singleturn|p2b: Ceruledge|Protect
|move|p1b: Decidueye|Triple Arrows|p2b: Ceruledge
|-activate|p2b: Ceruledge|move: Protect
|move|p1a: Milotic|Muddy Water|p2b: Ceruledge|[spread] 
|-activate|p2a: Sinistcha|move: Protect
|-activate|p2b: Ceruledge|move: Protect
|
|-heal|p1a: Milotic|32/100|[from] item: Leftovers
|-fieldend|move: Trick Room
|upkeep
|turn|6
|
|t:|1783971316
|move|p2b: Ceruledge|Bitter Blade|p1b: Decidueye
|-supereffective|p1b: Decidueye|1
|-damage|p1b: Decidueye|1/100
|-heal|p2b: Ceruledge|100/100|[from] drain|[of] p1b: Decidueye
|move|p1a: Milotic|Muddy Water|p2b: Ceruledge|[spread] p2a,p2b
|-resisted|p2a: Sinistcha|1
|-supereffective|p2b: Ceruledge|1
|-damage|p2a: Sinistcha|20/100y
|-damage|p2b: Ceruledge|37/100
|move|p2a: Sinistcha|Matcha Gotcha|p1a: Milotic|[spread] p1a,p1b
|-supereffective|p1a: Milotic|1
|-resisted|p1b: Decidueye|1
|-damage|p1a: Milotic|0 fnt
|-heal|p2a: Sinistcha|38/100|[from] drain|[of] p1a: Milotic
|-damage|p1b: Decidueye|0 fnt
|-heal|p2a: Sinistcha|39/100|[from] drain|[of] p1b: Decidueye
|faint|p1a: Milotic
|faint|p1b: Decidueye
|
|upkeep
|
|t:|1783971327
|switch|p1b: Farigiraf|Farigiraf, L50, M|100/100
|turn|7
|-message|Isagii forfeited.
|
|win|TeyVgc
|raw|Isagii's rating: 1288 → 1261(-27 for losing)
|raw|TeyVgc's rating: 1259 → 1286(+27 for winning)
