|j|☆ale_z_plumber
|j|☆f0rte99
|html|ale_z_plumberf0rte99    
|uhtml|bestof|Game 1 of a best-of-3
|t:|1784306355
|gametype|doubles
|player|p1|ale_z_plumber|lucas-gen4pt|1113
|player|p2|f0rte99|lance|1152
|gen|9
|tier|[Gen 9 Champions] VGC 2026 Reg M-B (Bo3)
|rated|
|rule|Species Clause: Limit one of each Pokémon
|rule|Item Clause: Limit 1 of each item
|clearpoke
|poke|p1|Blaziken, L50, M|
|poke|p1|Aerodactyl, L50, M|
|poke|p1|Kingambit, L50, F|
|poke|p1|Basculegion, L50, M|
|poke|p1|Sylveon, L50, M|
|poke|p1|Torkoal, L50, F|
|poke|p2|Metagross, L50, shiny|
|poke|p2|Sneasler, L50, F|
|poke|p2|Garchomp, L50, F|
|poke|p2|Pelipper, L50, M|
|poke|p2|Swampert, L50, M|
|poke|p2|Sylveon, L50, F|
|teampreview|4
|showteam|p1|Blaziken||Blazikenite|SpeedBoost|FlareBlitz,CloseCombat,RockSlide,Protect|Adamant||M|||50|]Aerodactyl||Aerodactylite|Unnerve|RockSlide,DualWingbeat,IceFang,Tailwind|Jolly||M|||50|]Kingambit||LifeOrb|Defiant|KowtowCleave,IronHead,SuckerPunch,Protect|Adamant||F|||50|]Basculegion||FocusSash|Adaptability|LastRespects,Liquidation,AquaJet,Protect|Adamant||M|||50|]Sylveon||FairyFeather|Pixilate|HyperVoice,Moonblast,QuickAttack,Protect|Modest||M|||50|]Torkoal||Leftovers|Drought|WeatherBall,BurningJealousy,Yawn,Protect|Relaxed||F|||50|
|showteam|p2|Metagross||Metagrossite|ClearBody|MeteorMash,BulletPunch,PsychicFangs,Protect|Adamant|||||50|]Sneasler||WhiteHerb|Unburden|CloseCombat,FakeOut,DireClaw,Taunt|Jolly||F|||50|]Garchomp||LifeOrb|RoughSkin|Earthquake,DragonClaw,RockSlide,Protect|Jolly||F|||50|]Pelipper||SitrusBerry|Drizzle|Hurricane,WeatherBall,Tailwind,WideGuard|Timid||M|||50|]Swampert||Swampertite|Torrent|Liquidation,Earthquake,IcePunch,Protect|Adamant||M|||50|]Sylveon||FairyFeather|Pixilate|HyperVoice,QuickAttack,HyperBeam,Detect|Modest||F|||50|
|inactive|Battle timer is ON: inactive players will automatically lose when time's up. (requested by f0rte99)
|inactive|ale_z_plumber has 60 seconds left.
|inactive|f0rte99 has 60 seconds left.
|inactive|f0rte99 has 30 seconds left.
|
|t:|1784306416
|teamsize|p1|4
|teamsize|p2|4
|start
|switch|p1a: Blaziken|Blaziken, L50, M|100/100
|switch|p1b: Sylveon|Sylveon, L50, M|100/100
|switch|p2a: Pelipper|Pelipper, L50, M|100/100
|switch|p2b: Swampert|Swampert, L50, M|100/100
|-weather|RainDance|[from] ability: Drizzle|[of] p2a: Pelipper
|turn|1
|inactive|ale_z_plumber has 30 seconds left.
|
|t:|1784306446
|switch|p1b: Torkoal|Torkoal, L50, F|100/100
|-weather|SunnyDay|[from] ability: Drought|[of] p1b: Torkoal
|detailschange|p1a: Blaziken|Blaziken-Mega, L50, M
|-mega|p1a: Blaziken|Blaziken|Blazikenite
|detailschange|p2b: Swampert|Swampert-Mega, L50, M
|-mega|p2b: Swampert|Swampert|Swampertite
|move|p1a: Blaziken|Flare Blitz|p2b: Swampert
|-resisted|p2b: Swampert|1
|-damage|p2b: Swampert|40/100
|-damage|p1a: Blaziken|77/100|[from] Recoil
|move|p2a: Pelipper|Tailwind|p2a: Pelipper
|-sidestart|p2: f0rte99|move: Tailwind
|move|p2b: Swampert|Earthquake|p1a: Blaziken|[spread] p1a,p1b
|-immune|p2a: Pelipper
|-supereffective|p1a: Blaziken|1
|-supereffective|p1b: Torkoal|1
|-damage|p1a: Blaziken|0 fnt
|-damage|p1b: Torkoal|35/100
|faint|p1a: Blaziken
|
|-weather|SunnyDay|[upkeep]
|-heal|p1b: Torkoal|41/100|[from] item: Leftovers
|upkeep
|
|t:|1784306466
|switch|p1a: Sylveon|Sylveon, L50, M|100/100
|turn|2
|
|t:|1784306489
|switch|p2b: Garchomp|Garchomp, L50, F|100/100
|move|p2a: Pelipper|Wide Guard|p2a: Pelipper
|-singleturn|p2a: Pelipper|Wide Guard
|move|p1a: Sylveon|Moonblast|p2b: Garchomp
|-supereffective|p2b: Garchomp|1
|-damage|p2b: Garchomp|0 fnt
|faint|p2b: Garchomp
|move|p1b: Torkoal|Yawn|p2a: Pelipper
|-start|p2a: Pelipper|move: Yawn|[of] p1b: Torkoal
|
|-weather|SunnyDay|[upkeep]
|-heal|p1b: Torkoal|47/100|[from] item: Leftovers
|upkeep
|
|t:|1784306501
|switch|p2b: Sneasler|Sneasler, L50, F|100/100
|turn|3
|
|t:|1784306518
|switch|p2a: Swampert|Swampert-Mega, L50, M|40/100
|switch|p1b: Basculegion|Basculegion, L50, M|100/100
|move|p1a: Sylveon|Protect|p1a: Sylveon
|-singleturn|p1a: Sylveon|Protect
|move|p2b: Sneasler|Fake Out|p1a: Sylveon
|-activate|p1a: Sylveon|move: Protect
|
|-weather|SunnyDay|[upkeep]
|upkeep
|turn|4
|inactive|ale_z_plumber has 30 seconds left.
|inactive|f0rte99 has 30 seconds left.
|
|t:|1784306551
|move|p2a: Swampert|Protect|p2a: Swampert
|-singleturn|p2a: Swampert|Protect
|move|p1b: Basculegion|Protect|p1b: Basculegion
|-singleturn|p1b: Basculegion|Protect
|move|p1a: Sylveon|Protect||[still]
|-fail|p1a: Sylveon
|move|p2b: Sneasler|Dire Claw|p1a: Sylveon
|-supereffective|p1a: Sylveon|1
|-damage|p1a: Sylveon|6/100
|-status|p1a: Sylveon|par
|
|-weather|SunnyDay|[upkeep]
|-sideend|p2: f0rte99|move: Tailwind
|upkeep
|turn|5
|inactive|ale_z_plumber has 30 seconds left.
|inactive|ale_z_plumber has 20 seconds left.
|inactive|ale_z_plumber has 15 seconds left.
|
|t:|1784306593
|switch|p2a: Pelipper|Pelipper, L50, M|100/100
|-weather|RainDance|[from] ability: Drizzle|[of] p2a: Pelipper
|move|p2b: Sneasler|Dire Claw|p1a: Sylveon
|-supereffective|p1a: Sylveon|1
|-damage|p1a: Sylveon|0 fnt
|faint|p1a: Sylveon
|move|p1b: Basculegion|Last Respects|p2a: Pelipper
|-damage|p2a: Pelipper|0 fnt
|faint|p2a: Pelipper
|
|-weather|RainDance|[upkeep]
|upkeep
|
|t:|1784306605
|switch|p2a: Swampert|Swampert-Mega, L50, M|40/100
|switch|p1a: Torkoal|Torkoal, L50, F|47/100
|-weather|SunnyDay|[from] ability: Drought|[of] p1a: Torkoal
|turn|6
|inactive|ale_z_plumber has 30 seconds left.
|inactive|ale_z_plumber has 20 seconds left.
|
|t:|1784306645
|move|p2b: Sneasler|Dire Claw|p1b: Basculegion
|-resisted|p1b: Basculegion|1
|-damage|p1b: Basculegion|73/100
|move|p1b: Basculegion|Last Respects|p2a: Swampert
|-damage|p2a: Swampert|0 fnt
|faint|p2a: Swampert
|move|p1a: Torkoal|Weather Ball|p2b: Sneasler
|-damage|p2b: Sneasler|35/100
|
|-weather|SunnyDay|[upkeep]
|-heal|p1a: Torkoal|53/100|[from] item: Leftovers
|upkeep
|turn|7
|-message|f0rte99 forfeited.
|
|win|ale_z_plumber
|l|☆f0rte99
|player|p2|
||f0rte99 is ready for game 2.
||ale_z_plumber is ready for game 2.
|uhtml|next|Next: Game 2 of 3
