|j|☆Gardevoir's Slave
|j|☆entei enthusiast
|html|Gardevoir's Slaveentei enthusiast    
|uhtml|bestof|Game 1 of a best-of-3
|t:|1783568674
|gametype|doubles
|player|p1|Gardevoir's Slave|acetrainer-gen4dp|1198
|player|p2|entei enthusiast|kamado-armor|1169
|gen|9
|tier|[Gen 9 Champions] VGC 2026 Reg M-B (Bo3)
|rated|
|rule|Species Clause: Limit one of each Pokémon
|rule|Item Clause: Limit 1 of each item
|clearpoke
|poke|p1|Gholdengo, L50|
|poke|p1|Grimmsnarl, L50, M|
|poke|p1|Sinistcha, L50|
|poke|p1|Drampa, L50, F|
|poke|p1|Milotic, L50, M|
|poke|p1|Greninja, L50, M|
|poke|p2|Garchomp, L50, F|
|poke|p2|Venusaur, L50, F|
|poke|p2|Incineroar, L50, M|
|poke|p2|Charizard, L50, F|
|poke|p2|Toxapex, L50, M|
|poke|p2|Annihilape, L50, M|
|teampreview|4
|showteam|p1|Gholdengo||LifeOrb|GoodasGold|MakeItRain,ShadowBall,NastyPlot,Protect|Timid|||||50|]Grimmsnarl||LightClay|Prankster|LightScreen,Reflect,SpiritBreak,PartingShot|Careful||M|||50|]Sinistcha||SitrusBerry|Hospitality|MatchaGotcha,RagePowder,TrickRoom,Protect|Relaxed|||||50|]Drampa||Drampanite|CloudNine|HyperVoice,EarthPower,CalmMind,Protect|Quiet||F|||50|]Milotic||Leftovers|Competitive|MuddyWater,Coil,Hypnosis,Protect|Bold||M|||50|]Greninja||ExpertBelt|Torrent|Liquidation,GunkShot,IceBeam,Protect|Lonely||M|||50|
|showteam|p2|Garchomp||ChoiceScarf|RoughSkin|Earthquake,RockSlide,DragonClaw,StompingTantrum|Adamant||F|||50|]Venusaur||LifeOrb|Chlorophyll|SludgeBomb,SolarBeam,EarthPower,Protect|Modest||F|||50|]Incineroar||SitrusBerry|Intimidate|FakeOut,FlareBlitz,ThroatChop,PartingShot|Impish||M|||50|]Charizard||CharizarditeY|Blaze|HeatWave,WeatherBall,Protect,HelpingHand|Modest||F|||50|]Toxapex||Leftovers|Regenerator|Infestation,Toxic,WideGuard,BanefulBunker|Impish||M|||50|]Annihilape||FocusSash|Defiant|CloseCombat,PhantomForce,RockTomb,Protect|Jolly||M|||50|
|inactive|Battle timer is ON: inactive players will automatically lose when time's up. (requested by entei enthusiast)
|inactive|Gardevoir's Slave has 60 seconds left.
|inactive|entei enthusiast has 60 seconds left.
|inactive|entei enthusiast has 30 seconds left.
|inactive|entei enthusiast has 20 seconds left.
|inactive|entei enthusiast has 15 seconds left.
|
|t:|1783568757
|teamsize|p1|4
|teamsize|p2|4
|start
|switch|p1a: Drampa|Drampa, L50, F|100/100
|switch|p1b: Greninja|Greninja, L50, M|100/100
|switch|p2a: Venusaur|Venusaur, L50, F|100/100
|switch|p2b: Charizard|Charizard, L50, F|100/100
|-ability|p1a: Drampa|Cloud Nine
|turn|1
|inactive|entei enthusiast has 30 seconds left.
|inactive|entei enthusiast has 20 seconds left.
|
|t:|1783568792
|switch|p2b: Toxapex|Toxapex, L50, M|100/100
|move|p1b: Greninja|Liquidation|p2b: Toxapex
|-resisted|p2b: Toxapex|1
|-damage|p2b: Toxapex|85/100
|move|p2a: Venusaur|Sludge Bomb|p1a: Drampa
|-damage|p1a: Drampa|42/100
|-damage|p2a: Venusaur|90/100|[from] item: Life Orb
|move|p1a: Drampa|Calm Mind|p1a: Drampa
|-boost|p1a: Drampa|spa|1
|-boost|p1a: Drampa|spd|1
|
|-heal|p2b: Toxapex|91/100|[from] item: Leftovers
|upkeep
|turn|2
|inactive|entei enthusiast has 30 seconds left.
|
|t:|1783568824
|switch|p1b: Sinistcha|Sinistcha, L50|100/100
|-heal|p1a: Drampa|67/100|[from] ability: Hospitality|[of] p1b: Sinistcha
|move|p1a: Drampa|Protect|p1a: Drampa
|-singleturn|p1a: Drampa|Protect
|move|p2a: Venusaur|Sludge Bomb|p1a: Drampa
|-activate|p1a: Drampa|move: Protect
|move|p2b: Toxapex|Toxic|p1a: Drampa
|-activate|p1a: Drampa|move: Protect
|
|-heal|p2b: Toxapex|97/100|[from] item: Leftovers
|upkeep
|turn|3
|
|t:|1783568844
|detailschange|p1a: Drampa|Drampa-Mega, L50, F
|-mega|p1a: Drampa|Drampa|Drampanite
|move|p2a: Venusaur|Sludge Bomb|p1a: Drampa
|-damage|p1a: Drampa|32/100
|-ability|p1a: Drampa|Berserk|boost
|-boost|p1a: Drampa|spa|1
|-damage|p2a: Venusaur|81/100|[from] item: Life Orb
|move|p2b: Toxapex|Toxic|p1a: Drampa
|-status|p1a: Drampa|tox
|move|p1a: Drampa|Earth Power|p2b: Toxapex
|-supereffective|p2b: Toxapex|1
|-damage|p2b: Toxapex|0 fnt
|faint|p2b: Toxapex
|move|p1b: Sinistcha|Trick Room|p1b: Sinistcha
|-fieldstart|move: Trick Room|[of] p1b: Sinistcha
|
|-damage|p1a: Drampa|26/100 tox|[from] psn
|upkeep
|inactive|entei enthusiast has 30 seconds left.
|
|t:|1783568872
|switch|p2b: Charizard|Charizard, L50, F|100/100
|turn|4
|
|t:|1783568888
|move|p2a: Venusaur|Protect|p2a: Venusaur
|-singleturn|p2a: Venusaur|Protect
|move|p2b: Charizard|Protect|p2b: Charizard
|-singleturn|p2b: Charizard|Protect
|move|p1a: Drampa|Hyper Voice|p2b: Charizard|[spread] 
|-activate|p2a: Venusaur|move: Protect
|-activate|p2b: Charizard|move: Protect
|move|p1b: Sinistcha|Matcha Gotcha|p2b: Charizard|[spread] 
|-activate|p2a: Venusaur|move: Protect
|-activate|p2b: Charizard|move: Protect
|
|-damage|p1a: Drampa|14/100 tox|[from] psn
|upkeep
|turn|5
|
|t:|1783568912
|switch|p2a: Garchomp|Garchomp, L50, F|100/100
|detailschange|p2b: Charizard|Charizard-Mega-Y, L50, F
|-mega|p2b: Charizard|Charizard|Charizardite Y
|-weather|SunnyDay|[from] ability: Drought|[of] p2b: Charizard
|move|p1a: Drampa|Hyper Voice|p2a: Garchomp|[spread] p2a,p2b
|-damage|p2a: Garchomp|6/100
|-damage|p2b: Charizard|18/100
|move|p1b: Sinistcha|Matcha Gotcha|p2b: Charizard|[spread] p2b
|-miss|p1b: Sinistcha|p2a: Garchomp
|-resisted|p2b: Charizard|2
|-damage|p2b: Charizard|13/100
|move|p2b: Charizard|Heat Wave|p1b: Sinistcha|[spread] p1a,p1b
|-resisted|p1a: Drampa|1
|-supereffective|p1b: Sinistcha|1
|-damage|p1a: Drampa|0 fnt
|-damage|p1b: Sinistcha|0 fnt
|faint|p1a: Drampa
|faint|p1b: Sinistcha
|
|-weather|SunnyDay|[upkeep]
|upkeep
|
|t:|1783568925
|switch|p1a: Milotic|Milotic, L50, M|100/100
|switch|p1b: Greninja|Greninja, L50, M|100/100
|turn|6
|inactive|entei enthusiast has 30 seconds left.
|
|t:|1783568954
|move|p2b: Charizard|Protect|p2b: Charizard
|-singleturn|p2b: Charizard|Protect
|move|p1a: Milotic|Muddy Water|p2b: Charizard|[spread] 
|-activate|p2b: Charizard|move: Protect
|-miss|p1a: Milotic|p2a: Garchomp
|move|p1b: Greninja|Ice Beam|p2a: Garchomp
|-supereffective|p2a: Garchomp|2
|-damage|p2a: Garchomp|0 fnt
|faint|p2a: Garchomp
|
|-weather|SunnyDay|[upkeep]
|upkeep
|
|t:|1783568962
|switch|p2a: Venusaur|Venusaur, L50, F|81/100
|turn|7
|
|t:|1783568980
|move|p2b: Charizard|Helping Hand|p2a: Venusaur
|-singleturn|p2a: Venusaur|Helping Hand|[of] p2b: Charizard
|move|p1a: Milotic|Muddy Water|p2a: Venusaur|[spread] p2a,p2b
|-resisted|p2a: Venusaur|1
|-supereffective|p2b: Charizard|1
|-crit|p2b: Charizard
|-damage|p2a: Venusaur|75/100
|-damage|p2b: Charizard|0 fnt
|faint|p2b: Charizard
|move|p1b: Greninja|Ice Beam|p2a: Venusaur
|-supereffective|p2a: Venusaur|1
|-damage|p2a: Venusaur|10/100
|move|p2a: Venusaur|Solar Beam||[still]
|-prepare|p2a: Venusaur|Solar Beam
|-anim|p2a: Venusaur|Solar Beam|p1a: Milotic
|-supereffective|p1a: Milotic|1
|-damage|p1a: Milotic|0 fnt
|faint|p1a: Milotic
|-damage|p2a: Venusaur|1/100|[from] item: Life Orb
|
|-weather|SunnyDay|[upkeep]
|-fieldend|move: Trick Room
|upkeep
|turn|8
|
|t:|1783568995
|move|p1b: Greninja|Protect|p1b: Greninja
|-singleturn|p1b: Greninja|Protect
|move|p2a: Venusaur|Solar Beam||[still]
|-prepare|p2a: Venusaur|Solar Beam
|-anim|p2a: Venusaur|Solar Beam|p1b: Greninja
|-activate|p1b: Greninja|move: Protect
|
|-weather|SunnyDay|[upkeep]
|upkeep
|turn|9
|
|t:|1783568998
|move|p1b: Greninja|Protect||[still]
|-fail|p1b: Greninja
|move|p2a: Venusaur|Solar Beam||[still]
|-prepare|p2a: Venusaur|Solar Beam
|-anim|p2a: Venusaur|Solar Beam|p1b: Greninja
|-supereffective|p1b: Greninja|1
|-damage|p1b: Greninja|0 fnt
|faint|p1b: Greninja
|-damage|p2a: Venusaur|0 fnt|[from] item: Life Orb
|faint|p2a: Venusaur
|
|win|entei enthusiast
||Gardevoir's Slave is ready for game 2.
||entei enthusiast is ready for game 2.
|uhtml|next|Next: Game 2 of 3
