|j|☆TeachMeHow2Hoopa
|j|☆Jakobtc
|html|TeachMeHow2HoopaJakobtc    
|uhtml|bestof|Game 2 of a best-of-3
|t:|1784521802
|gametype|doubles
|player|p1|TeachMeHow2Hoopa|silver|1159
|player|p2|Jakobtc|riley|1101
|gen|9
|tier|[Gen 9 Champions] VGC 2026 Reg M-B (Bo3)
|rated|
|rule|Species Clause: Limit one of each Pokémon
|rule|Item Clause: Limit 1 of each item
|clearpoke
|poke|p1|Pidgeot, L50, F|
|poke|p1|Excadrill, L50, M|
|poke|p1|Tyranitar, L50, F|
|poke|p1|Tsareena, L50, F|
|poke|p1|Gholdengo, L50|
|poke|p1|Rotom-Wash, L50|
|poke|p2|Zoroark-Hisui, L50, F|
|poke|p2|Charizard, L50, M|
|poke|p2|Whimsicott, L50, F|
|poke|p2|Gholdengo, L50|
|poke|p2|Incineroar, L50, F|
|poke|p2|Dragonite, L50, M|
|teampreview|4
|showteam|p1|Pidgeot||Pidgeotite|BigPecks|Hurricane,HeatWave,Tailwind,Protect|Timid||F|||50|]Excadrill||FocusSash|SandRush|Earthquake,IronHead,RockSlide,Protect|Adamant||M|||50|]Tyranitar||Tyranitarite|SandStream|RockSlide,KnockOff,Protect,LowKick|Adamant||F|||50|]Tsareena||ChoiceScarf|QueenlyMajesty|PowerWhip,TripleAxel,Uturn,LowKick|Jolly||F|||50|]Gholdengo||Leftovers|GoodasGold|ShadowBall,MakeItRain,NastyPlot,Protect|Modest|||||50|]Rotom-Wash||SitrusBerry|Levitate|HydroPump,Thunderbolt,WillOWisp,Protect|Bold|||||50|
|showteam|p2|Zoroark-Hisui||FocusSash|Illusion|BitterMalice,IcyWind,Taunt,Protect|Timid||F|||50|]Charizard||CharizarditeY|Blaze|HeatWave,WeatherBall,SolarBeam,Protect|Modest||M|||50|]Whimsicott||MentalHerb|Prankster|Moonblast,Tailwind,FakeTears,Encore|Timid||F|||50|]Gholdengo||MetalCoat|GoodasGold|MakeItRain,ShadowBall,NastyPlot,Protect|Modest|||||50|]Incineroar||SitrusBerry|Intimidate|FakeOut,FlareBlitz,DarkestLariat,PartingShot|Adamant||F|||50|]Dragonite||DragonFang|Multiscale|ScaleShot,ExtremeSpeed,LowKick,Protect|Adamant||M|||50|
|inactive|Battle timer is ON: inactive players will automatically lose when time's up. (requested by Jakobtc)
|inactive|TeachMeHow2Hoopa has 60 seconds left.
|inactive|TeachMeHow2Hoopa has 30 seconds left.
|inactive|TeachMeHow2Hoopa has 20 seconds left.
|inactive|TeachMeHow2Hoopa has 15 seconds left.
|
|t:|1784521878
|teamsize|p1|4
|teamsize|p2|4
|start
|switch|p1a: Excadrill|Excadrill, L50, M|100/100
|switch|p1b: Tsareena|Tsareena, L50, F|100/100
|switch|p2a: Gholdengo|Gholdengo, L50|100/100
|switch|p2b: Dragonite|Dragonite, L50, M|100/100
|turn|1
|
|t:|1784521889
|switch|p2b: Incineroar|Incineroar, L50, F|100/100
|-ability|p2b: Incineroar|Intimidate|boost
|-unboost|p1a: Excadrill|atk|1
|-unboost|p1b: Tsareena|atk|1
|move|p1b: Tsareena|Triple Axel|p2b: Incineroar
|-resisted|p2b: Incineroar|1
|-damage|p2b: Incineroar|98/100
|-resisted|p2b: Incineroar|1
|-damage|p2b: Incineroar|93/100
|-resisted|p2b: Incineroar|1
|-damage|p2b: Incineroar|87/100
|-hitcount|p2b: Incineroar|3
|move|p2a: Gholdengo|Icy Wind|p1b: Tsareena|[spread] p1a,p1b
|-supereffective|p1b: Tsareena|1
|-damage|p1a: Excadrill|80/100
|-damage|p1b: Tsareena|67/100
|-unboost|p1a: Excadrill|spe|1
|-unboost|p1b: Tsareena|spe|1
|move|p1a: Excadrill|Earthquake|p2b: Incineroar|[spread] p1b,p2a,p2b
|-resisted|p1b: Tsareena|1
|-supereffective|p2b: Incineroar|1
|-damage|p1b: Tsareena|48/100
|-damage|p2a: Gholdengo|35/100
|-damage|p2b: Incineroar|36/100
|replace|p2a: Zoroark|Zoroark-Hisui, L50, F
|-end|p2a: Zoroark|Illusion
|-enditem|p2b: Incineroar|Sitrus Berry|[eat]
|-heal|p2b: Incineroar|60/100|[from] item: Sitrus Berry
|
|upkeep
|turn|2
|inactive|Jakobtc has 30 seconds left.
|
|t:|1784521917
|switch|p1b: Tyranitar|Tyranitar, L50, F|100/100
|-weather|Sandstorm|[from] ability: Sand Stream|[of] p1b: Tyranitar
|switch|p1a: Gholdengo|Gholdengo, L50|100/100
|move|p2a: Zoroark|Protect|p2a: Zoroark
|-singleturn|p2a: Zoroark|Protect
|move|p2b: Incineroar|Flare Blitz|p1a: Gholdengo
|-supereffective|p1a: Gholdengo|1
|-damage|p1a: Gholdengo|6/100
|-damage|p2b: Incineroar|31/100|[from] Recoil
|
|-weather|Sandstorm|[upkeep]
|-damage|p2a: Zoroark|29/100|[from] Sandstorm
|-damage|p2b: Incineroar|25/100|[from] Sandstorm
|-heal|p1a: Gholdengo|12/100|[from] item: Leftovers
|upkeep
|turn|3
|inactive|Jakobtc has 30 seconds left.
|inactive|Jakobtc has 20 seconds left.
|
|t:|1784521953
|switch|p2b: Gholdengo|Gholdengo, L50|100/100
|move|p1a: Gholdengo|Protect|p1a: Gholdengo
|-singleturn|p1a: Gholdengo|Protect
|move|p2a: Zoroark|Bitter Malice|p1a: Gholdengo
|-activate|p1a: Gholdengo|move: Protect
|move|p1b: Tyranitar|Rock Slide|p2b: Gholdengo|[spread] p2a,p2b
|-resisted|p2b: Gholdengo|1
|-damage|p2a: Zoroark|0 fnt
|-damage|p2b: Gholdengo|82/100
|faint|p2a: Zoroark
|
|-weather|Sandstorm|[upkeep]
|-heal|p1a: Gholdengo|18/100|[from] item: Leftovers
|upkeep
|
|t:|1784521968
|switch|p2a: Incineroar|Incineroar, L50, F|25/100
|-ability|p2a: Incineroar|Intimidate|boost
|-unboost|p1a: Gholdengo|atk|1
|-unboost|p1b: Tyranitar|atk|1
|turn|4
|inactive|TeachMeHow2Hoopa has 30 seconds left.
|inactive|TeachMeHow2Hoopa has 20 seconds left.
|
|t:|1784522006
|switch|p2a: Dragonite|Dragonite, L50, M|100/100
|detailschange|p1b: Tyranitar|Tyranitar-Mega, L50, F
|-mega|p1b: Tyranitar|Tyranitar|Tyranitarite
|move|p2b: Gholdengo|Shadow Ball|p1a: Gholdengo
|-supereffective|p1a: Gholdengo|1
|-damage|p1a: Gholdengo|0 fnt
|faint|p1a: Gholdengo
|move|p1b: Tyranitar|Knock Off|p2b: Gholdengo
|-supereffective|p2b: Gholdengo|1
|-damage|p2b: Gholdengo|0 fnt
|-enditem|p2b: Gholdengo|Metal Coat|[from] move: Knock Off|[of] p1b: Tyranitar
|faint|p2b: Gholdengo
|
|-weather|Sandstorm|[upkeep]
|-damage|p2a: Dragonite|94/100|[from] Sandstorm
|upkeep
|
|t:|1784522019
|switch|p2b: Incineroar|Incineroar, L50, F|25/100
|switch|p1a: Tsareena|Tsareena, L50, F|48/100
|-ability|p2b: Incineroar|Intimidate|boost
|-unboost|p1a: Tsareena|atk|1
|-unboost|p1b: Tyranitar|atk|1
|turn|5
|
|t:|1784522033
|move|p1a: Tsareena|Triple Axel|p2a: Dragonite|[miss]
|-miss|p1a: Tsareena|p2a: Dragonite
|move|p2a: Dragonite|Low Kick|p1b: Tyranitar
|-supereffective|p1b: Tyranitar|2
|-damage|p1b: Tyranitar|0 fnt
|faint|p1b: Tyranitar
|move|p2b: Incineroar|Flare Blitz|p1a: Tsareena
|-supereffective|p1a: Tsareena|1
|-damage|p1a: Tsareena|0 fnt
|faint|p1a: Tsareena
|-damage|p2b: Incineroar|13/100|[from] Recoil
|
|-weather|Sandstorm|[upkeep]
|-damage|p2a: Dragonite|88/100|[from] Sandstorm
|-damage|p2b: Incineroar|7/100|[from] Sandstorm
|upkeep
|
|t:|1784522037
|switch|p1b: Excadrill|Excadrill, L50, M|80/100
|turn|6
|
|t:|1784522054
|move|p2a: Dragonite|Protect|p2a: Dragonite
|-singleturn|p2a: Dragonite|Protect
|move|p1b: Excadrill|Rock Slide|p2b: Incineroar|[spread] p2b
|-activate|p2a: Dragonite|move: Protect
|-supereffective|p2b: Incineroar|1
|-damage|p2b: Incineroar|0 fnt
|faint|p2b: Incineroar
|
|-weather|none
|upkeep
|turn|7
|
|t:|1784522063
|move|p1b: Excadrill|Iron Head|p2a: Dragonite
|-damage|p2a: Dragonite|34/100
|move|p2a: Dragonite|Low Kick|p1b: Excadrill
|-supereffective|p1b: Excadrill|1
|-damage|p1b: Excadrill|12/100
|
|upkeep
|turn|8
|
|t:|1784522069
|move|p2a: Dragonite|Extreme Speed|p1b: Excadrill
|-resisted|p1b: Excadrill|1
|-damage|p1b: Excadrill|0 fnt
|faint|p1b: Excadrill
|
|win|Jakobtc
||TeachMeHow2Hoopa is ready for game 3.
