|j|☆68gyubh hnn
|j|☆sum1dum
|html|68gyubh hnnsum1dum    
|uhtml|bestof|Game 1 of a best-of-3
|t:|1784762923
|gametype|doubles
|player|p1|68gyubh hnn|169|1000
|player|p2|sum1dum|rosa|1106
|gen|9
|tier|[Gen 9 Champions] VGC 2026 Reg M-B (Bo3)
|rated|
|rule|Species Clause: Limit one of each Pokémon
|rule|Item Clause: Limit 1 of each item
|clearpoke
|poke|p1|Raichu, L50, M|
|poke|p1|Whimsicott, L50, M|
|poke|p1|Floette-Eternal, L50, F|
|poke|p1|Basculegion, L50, M|
|poke|p1|Garchomp, L50, M|
|poke|p1|Gholdengo, L50|
|poke|p2|Tyranitar, L50, F|
|poke|p2|Excadrill, L50, F|
|poke|p2|Meganium, L50, M|
|poke|p2|Corviknight, L50, F|
|poke|p2|Basculegion, L50, M|
|poke|p2|Kommo-o, L50, M, shiny|
|teampreview|4
|showteam|p1|Raichu||RaichuniteY|LightningRod|Protect,ZapCannon,FocusBlast,FakeOut|Modest||M|||50|]Whimsicott||FocusSash|Prankster|Protect,Moonblast,Tailwind,Encore|Timid||M|||50|]Floette-Eternal||Floettite|FlowerVeil|Protect,Moonblast,LightofRuin,DazzlingGleam|Modest||F|||50|]Basculegion||MysticWater|Adaptability|Protect,WaveCrash,LastRespects,AquaJet|Adamant||M|||50|]Garchomp||SitrusBerry|RoughSkin|RockSlide,StompingTantrum,DragonClaw,Protect|Adamant||M|||50|]Gholdengo||LifeOrb|GoodasGold|Protect,MakeItRain,NastyPlot,ShadowBall|Modest|||||50|
|showteam|p2|Tyranitar||Tyranitarite|SandStream|KnockOff,RockSlide,Protect,IcePunch|Adamant||F|||50|]Excadrill||FocusSash|SandRush|HighHorsepower,IronHead,RockSlide,Protect|Jolly||F|||50|]Meganium||Meganiumite|LeafGuard|WeatherBall,DazzlingGleam,SolarBeam,Protect|Modest||M|||50|]Corviknight||Leftovers|MirrorArmor|BraveBird,Roost,Tailwind,IronHead|Impish||F|||50|]Basculegion||ChoiceScarf|Adaptability|AquaJet,FlipTurn,LastRespects,WaveCrash|Adamant||M|||50|]Kommo-o||SitrusBerry|Overcoat|ClangorousSoul,ClangingScales,AuraSphere,Protect|Modest||M|||50|
|inactive|Battle timer is ON: inactive players will automatically lose when time's up. (requested by sum1dum)
|inactive|68gyubh hnn also wants the timer to be on.
|inactive|sum1dum has 60 seconds left.
|
|t:|1784762960
|teamsize|p1|4
|teamsize|p2|4
|start
|switch|p1a: Whimsicott|Whimsicott, L50, M|100/100
|switch|p1b: Raichu|Raichu, L50, M|100/100
|switch|p2a: Kushala Daora|Corviknight, L50, F|100/100
|switch|p2b: Larinoth|Meganium, L50, M|100/100
|turn|1
|inactive|68gyubh hnn has 30 seconds left.
|
|t:|1784762987
|detailschange|p1b: Raichu|Raichu-Mega-Y, L50, M
|-mega|p1b: Raichu|Raichu|Raichunite Y
|detailschange|p2b: Larinoth|Meganium-Mega, L50, M
|-mega|p2b: Larinoth|Meganium|Meganiumite
|move|p1a: Whimsicott|Tailwind|p1a: Whimsicott
|-sidestart|p1: 68gyubh hnn|move: Tailwind
|move|p1b: Raichu|Zap Cannon|p2a: Kushala Daora
|-supereffective|p2a: Kushala Daora|1
|-damage|p2a: Kushala Daora|0 fnt
|faint|p2a: Kushala Daora
|move|p2b: Larinoth|Solar Beam||[still]
|-prepare|p2b: Larinoth|Solar Beam
|-activate|p2b: Larinoth|ability: Mega Sol
|-anim|p2b: Larinoth|Solar Beam|p1b: Raichu
|-damage|p1b: Raichu|0 fnt
|faint|p1b: Raichu
|
|upkeep
|
|t:|1784763008
|switch|p1b: Basculegion|Basculegion, L50, M|100/100
|switch|p2a: Nibelsnarf|Excadrill, L50, F|100/100
|turn|2
|inactive|sum1dum has 30 seconds left.
|
|t:|1784763038
|switch|p1b: Garchomp|Garchomp, L50, M|100/100
|move|p1a: Whimsicott|Moonblast|p2b: Larinoth
|-damage|p2b: Larinoth|68/100
|move|p2a: Nibelsnarf|Rock Slide|p1a: Whimsicott|[spread] p1a,p1b
|-resisted|p1b: Garchomp|1
|-damage|p1a: Whimsicott|67/100
|-damage|p1b: Garchomp|91/100
|move|p2b: Larinoth|Weather Ball|p1b: Garchomp
|-resisted|p1b: Garchomp|1
|-damage|p1b: Garchomp|59/100
|
|upkeep
|turn|3
|inactive|68gyubh hnn has 30 seconds left.
|
|t:|1784763066
|move|p2a: Nibelsnarf|Protect|p2a: Nibelsnarf
|-singleturn|p2a: Nibelsnarf|Protect
|move|p1a: Whimsicott|Moonblast|p2b: Larinoth
|-damage|p2b: Larinoth|36/100
|move|p1b: Garchomp|Stomping Tantrum|p2a: Nibelsnarf
|-activate|p2a: Nibelsnarf|move: Protect
|move|p2b: Larinoth|Dazzling Gleam|p1a: Whimsicott|[spread] p1a,p1b
|-supereffective|p1b: Garchomp|1
|-damage|p1a: Whimsicott|5/100
|-damage|p1b: Garchomp|0 fnt
|faint|p1b: Garchomp
|
|upkeep
|
|t:|1784763078
|switch|p1b: Basculegion|Basculegion, L50, M|100/100
|turn|4
|
|t:|1784763091
|switch|p2a: Diablos|Tyranitar, L50, F|100/100
|-weather|Sandstorm|[from] ability: Sand Stream|[of] p2a: Diablos
|move|p1a: Whimsicott|Protect|p1a: Whimsicott
|-singleturn|p1a: Whimsicott|Protect
|move|p1b: Basculegion|Protect|p1b: Basculegion
|-singleturn|p1b: Basculegion|Protect
|move|p2b: Larinoth|Dazzling Gleam|p1a: Whimsicott|[spread] 
|-activate|p1a: Whimsicott|move: Protect
|-activate|p1b: Basculegion|move: Protect
|
|-weather|Sandstorm|[upkeep]
|-damage|p1a: Whimsicott|0 fnt|[from] Sandstorm
|-damage|p1b: Basculegion|94/100|[from] Sandstorm
|-damage|p2b: Larinoth|31/100|[from] Sandstorm
|faint|p1a: Whimsicott
|-sideend|p1: 68gyubh hnn|move: Tailwind
|upkeep
|turn|5
|-message|68gyubh hnn forfeited.
|
|win|sum1dum
