|j|☆belinvgc
|j|☆OreburghRanger
|html|belinvgcOreburghRanger    
|uhtml|bestof|Game 2 of a best-of-3
|t:|1756407590
|gametype|doubles
|player|p1|belinvgc|169|
|player|p2|OreburghRanger|pokemonranger-gen4|
|gen|9
|tier|[Gen 9] VGC 2025 Reg H (Bo3)
|rule|Species Clause: Limit one of each Pokémon
|rule|Item Clause: Limit 1 of each item
|clearpoke
|poke|p1|Ursaluna-Bloodmoon, L50, M|
|poke|p1|Sinistcha, L50|
|poke|p1|Rillaboom, L50, F|
|poke|p1|Incineroar, L50, F|
|poke|p1|Sneasler, L50, M|
|poke|p1|Kingambit, L50, F|
|poke|p2|Charizard, L50, M|
|poke|p2|Torkoal, L50, F|
|poke|p2|Porygon2, L50|
|poke|p2|Incineroar, L50, M|
|poke|p2|Jumpluff, L50, F|
|poke|p2|Ursaluna, L50, M|
|teampreview|4
|showteam|p1|Ursaluna-Bloodmoon||Leftovers|MindsEye|BloodMoon,EarthPower,CalmMind,Protect|||M|||50|,,,,,Water]Sinistcha||SitrusBerry|Hospitality|MatchaGotcha,RagePowder,LifeDew,TrickRoom||||||50|,,,,,Water]Rillaboom||AssaultVest|GrassySurge|GrassyGlide,DrumBeating,Uturn,FakeOut|||F|||50|,,,,,Fire]Incineroar||FigyBerry|Intimidate|FlareBlitz,KnockOff,PartingShot,FakeOut|||F|||50|,,,,,Grass]Sneasler||GrassySeed|Unburden|DireClaw,CloseCombat,Taunt,Protect|||M|||50|,,,,,Stellar]Kingambit||SafetyGoggles|Defiant|KowtowCleave,SuckerPunch,SwordsDance,Protect|||F|||50|,,,,,Dark
|showteam|p2|Charizard||ChoiceSpecs|SolarPower|HeatWave,Overheat,WeatherBall,AirSlash|||M|||50|,,,,,Ghost]Torkoal||EjectPack|Drought|Eruption,Overheat,HelpingHand,Protect|||F|||50|,,,,,Fire]Porygon2||Eviolite|Download|TeraBlast,IceBeam,Recover,TrickRoom||||||50|,,,,,Fighting]Incineroar||SafetyGoggles|Intimidate|FlareBlitz,KnockOff,FakeOut,PartingShot|||M|||50|,,,,,Ghost]Jumpluff||CovertCloak|Chlorophyll|SleepPowder,SunnyDay,RagePowder,Tailwind|||F|||50|,,,,,Water]Ursaluna||FlameOrb|Guts|HeadlongRush,Facade,Earthquake,Protect|||M|||50|,,,,,Ghost
|inactive|Battle timer is ON: inactive players will automatically lose when time's up. (requested by OreburghRanger)
|
|t:|1756407610
|teamsize|p1|4
|teamsize|p2|4
|start
|switch|p1a: Rillaboom|Rillaboom, L50, F, shiny|100/100
|switch|p1b: Sneasler|Sneasler, L50, M|100/100
|switch|p2a: Kenshin|Charizard, L50, M, shiny|100/100
|switch|p2b: Ayanami|Porygon2, L50, shiny|100/100
|-fieldstart|move: Grassy Terrain|[from] ability: Grassy Surge|[of] p1a: Rillaboom
|-enditem|p1b: Sneasler|Grassy Seed
|-boost|p1b: Sneasler|def|1|[from] item: Grassy Seed
|-ability|p2b: Ayanami|Download|boost
|-boost|p2b: Ayanami|spa|1
|turn|1
|
|t:|1756407632
|switch|p2b: Ryo the Stern|Torkoal, L50, F|100/100
|-weather|SunnyDay|[from] ability: Drought|[of] p2b: Ryo the Stern
|-terastallize|p2a: Kenshin|Ghost
|-terastallize|p1a: Rillaboom|Fire
|move|p1b: Sneasler|Taunt|p2b: Ryo the Stern
|-start|p2b: Ryo the Stern|move: Taunt
|move|p2a: Kenshin|Heat Wave|p1b: Sneasler|[spread] p1a,p1b
|-resisted|p1a: Rillaboom
|-damage|p1a: Rillaboom|51/100
|-damage|p1b: Sneasler|0 fnt
|faint|p1b: Sneasler
|move|p1a: Rillaboom|Drum Beating|p2a: Kenshin
|-damage|p2a: Kenshin|16/100
|-unboost|p2a: Kenshin|spe|1
|
|-weather|SunnyDay|[upkeep]
|-damage|p2a: Kenshin|4/100|[from] ability: Solar Power|[of] p2a: Kenshin
|-heal|p1a: Rillaboom|57/100|[from] Grassy Terrain
|-heal|p2a: Kenshin|10/100|[from] Grassy Terrain
|upkeep
|
|t:|1756407648
|switch|p1b: Ursaluna|Ursaluna-Bloodmoon, L50, M|100/100
|turn|2
|inactive|OreburghRanger has 30 seconds left.
|
|t:|1756407681
|switch|p2a: Ayanami|Porygon2, L50, shiny|100/100
|-ability|p2a: Ayanami|Download|boost
|-boost|p2a: Ayanami|spa|1
|move|p1a: Rillaboom|Drum Beating|p2a: Ayanami
|-damage|p2a: Ayanami|64/100
|-unboost|p2a: Ayanami|spe|1
|move|p1b: Ursaluna|Earth Power|p2b: Ryo the Stern
|-supereffective|p2b: Ryo the Stern
|-damage|p2b: Ryo the Stern|0 fnt
|faint|p2b: Ryo the Stern
|
|-weather|SunnyDay|[upkeep]
|-heal|p1a: Rillaboom|64/100|[from] Grassy Terrain
|-heal|p2a: Ayanami|70/100|[from] Grassy Terrain
|upkeep
|
|t:|1756407693
|switch|p2b: Koshamain|Ursaluna, L50, M|100/100
|turn|3
|
|t:|1756407712
|switch|p2a: Kenshin|Charizard, L50, M, shiny, tera:Ghost|10/100
|move|p1a: Rillaboom|Drum Beating|p2a: Kenshin
|-damage|p2a: Kenshin|0 fnt
|faint|p2a: Kenshin
|move|p1b: Ursaluna|Blood Moon|p2b: Koshamain
|-damage|p2b: Koshamain|28/100
|move|p2b: Koshamain|Headlong Rush|p1a: Rillaboom
|-supereffective|p1a: Rillaboom
|-damage|p1a: Rillaboom|0 fnt
|-unboost|p2b: Koshamain|def|1
|-unboost|p2b: Koshamain|spd|1
|faint|p1a: Rillaboom
|
|-weather|SunnyDay|[upkeep]
|-heal|p2b: Koshamain|34/100|[from] Grassy Terrain
|-status|p2b: Koshamain|brn|[from] item: Flame Orb
|upkeep
|
|t:|1756407728
|switch|p2a: Ayanami|Porygon2, L50, shiny|70/100
|switch|p1a: Incineroar|Incineroar, L50, F, shiny|100/100
|-ability|p1a: Incineroar|Intimidate|boost
|-unboost|p2a: Ayanami|atk|1
|-unboost|p2b: Koshamain|atk|1
|-ability|p2a: Ayanami|Download|boost
|-boost|p2a: Ayanami|spa|1
|turn|4
|
|t:|1756407745
|move|p1a: Incineroar|Fake Out|p2a: Ayanami
|-damage|p2a: Ayanami|64/100
|move|p1b: Ursaluna|Earth Power|p2b: Koshamain
|-damage|p2b: Koshamain|0 fnt
|faint|p2b: Koshamain
|cant|p2a: Ayanami|flinch
|
|-weather|SunnyDay|[upkeep]
|-heal|p2a: Ayanami|70/100|[from] Grassy Terrain
|upkeep
|turn|5
|c|☆belinvgc|ggs
|
|t:|1756407755
|move|p1a: Incineroar|Knock Off|p2a: Ayanami
|-damage|p2a: Ayanami|47/100
|-enditem|p2a: Ayanami|Eviolite|[from] move: Knock Off|[of] p1a: Incineroar
|move|p1b: Ursaluna|Blood Moon|p2a: Ayanami
|-damage|p2a: Ayanami|0 fnt
|faint|p2a: Ayanami
|
|win|belinvgc
