|j|☆SengarBlade
|j|☆M3rcurius
|html|SengarBladeM3rcurius    
|uhtml|bestof|Game 3 of a best-of-3
|t:|1757848265
|gametype|doubles
|player|p1|SengarBlade|preschooler|1035
|player|p2|M3rcurius|265|1125
|gen|9
|tier|[Gen 9] VGC 2025 Reg H (Bo3)
|rated|
|rule|Species Clause: Limit one of each Pokémon
|rule|Item Clause: Limit 1 of each item
|clearpoke
|poke|p1|Murkrow, L50, F|
|poke|p1|Tyranitar, L50, F|
|poke|p1|Lycanroc, L50, F|
|poke|p1|Decidueye-Hisui, L50, M|
|poke|p1|Clefable, L50, F|
|poke|p1|Hydreigon, L50, F|
|poke|p2|Ursaluna, L50, M|
|poke|p2|Amoonguss, L50, F|
|poke|p2|Porygon2, L50|
|poke|p2|Incineroar, L50, F|
|poke|p2|Gholdengo, L50|
|poke|p2|Hydreigon, L50, F|
|teampreview|4
|showteam|p1|Murkrow||Eviolite|Prankster|FoulPlay,Tailwind,Haze,Protect|||F|||50|,,,,,Steel]Tyranitar||ClearAmulet|SandStream|RockSlide,KnockOff,TeraBlast,Protect|||F|||50|,,,,,Flying]Lycanroc||FocusSash|SandRush|RockSlide,Accelerock,Endeavor,Endure|||F|||50|,,,,,Ghost]Decidueye-Hisui||LifeOrb|Scrappy|CloseCombat,LeafBlade,UpperHand,Protect|||M|||50|,,,,,Ghost]Clefable||SafetyGoggles|Unaware|Moonblast,FollowMe,HelpingHand,Protect|||F|||50|,,,,,Water]Hydreigon||AguavBerry|Levitate|DracoMeteor,DarkPulse,Snarl,Protect|||F|||50|,,,,,Poison
|showteam|p2|Ursaluna||FlameOrb|Guts|Earthquake,Facade,HeadlongRush,Protect|||M|||50|,,,,,Ghost]Amoonguss||SitrusBerry|Regenerator|Spore,RagePowder,PollenPuff,Protect|||F|||50|,,,,,Fairy]Porygon2||Eviolite|Download|TrickRoom,TeraBlast,Recover,IceBeam||||||50|,,,,,Fighting]Incineroar||AssaultVest|Intimidate|FlareBlitz,KnockOff,FakeOut,Uturn|||F|||50|,,,,,Grass]Gholdengo||MetalCoat|GoodasGold|MakeItRain,ShadowBall,Protect,NastyPlot||||||50|,,,,,Water]Hydreigon||SafetyGoggles|Levitate|DracoMeteor,Snarl,Protect,Tailwind|||F|||50|,,,,,Ghost
|
|t:|1757848276
|teamsize|p1|4
|teamsize|p2|4
|start
|switch|p1a: Decidueye|Decidueye-Hisui, L50, M|100/100
|switch|p1b: Lycanroc|Lycanroc, L50, F|100/100
|switch|p2a: Porygon2|Porygon2, L50|100/100
|switch|p2b: Amoonguss|Amoonguss, L50, F|100/100
|-ability|p2a: Porygon2|Download|boost
|-boost|p2a: Porygon2|atk|1
|turn|1
|inactive|Battle timer is ON: inactive players will automatically lose when time's up. (requested by SengarBlade)
|inactive|M3rcurius has 60 seconds left.
|
|t:|1757848314
|-terastallize|p2a: Porygon2|Fighting
|move|p1b: Lycanroc|Rock Slide|p2b: Amoonguss|[spread] p2a,p2b
|-resisted|p2a: Porygon2
|-damage|p2a: Porygon2|90/100
|-damage|p2b: Amoonguss|77/100
|move|p1a: Decidueye|Close Combat|p2a: Porygon2
|-damage|p2a: Porygon2|38/100
|-unboost|p1a: Decidueye|def|1
|-unboost|p1a: Decidueye|spd|1
|-damage|p1a: Decidueye|91/100|[from] item: Life Orb
|move|p2b: Amoonguss|Pollen Puff|p2a: Porygon2
|-heal|p2a: Porygon2|88/100
|move|p2a: Porygon2|Trick Room|p2a: Porygon2
|-fieldstart|move: Trick Room|[of] p2a: Porygon2
|
|upkeep
|turn|2
|inactive|SengarBlade has 30 seconds left.
|inactive|M3rcurius has 30 seconds left.
|inactive|SengarBlade has 20 seconds left.
|inactive|SengarBlade has 15 seconds left.
|inactive|SengarBlade has 10 seconds left.
|
|t:|1757848359
|move|p2b: Amoonguss|Spore|p1b: Lycanroc
|-status|p1b: Lycanroc|slp|[from] move: Spore
|move|p1a: Decidueye|Leaf Blade|p2a: Porygon2
|-damage|p2a: Porygon2|52/100
|-damage|p1a: Decidueye|81/100|[from] item: Life Orb
|move|p2a: Porygon2|Ice Beam|p1a: Decidueye
|-supereffective|p1a: Decidueye
|-damage|p1a: Decidueye|4/100
|-status|p1a: Decidueye|frz
|cant|p1b: Lycanroc|slp
|
|upkeep
|turn|3
|
|t:|1757848380
|cant|p1a: Decidueye|frz
|move|p2b: Amoonguss|Pollen Puff|p1a: Decidueye
|-damage|p1a: Decidueye|0 fnt
|faint|p1a: Decidueye
|move|p2a: Porygon2|Tera Blast|p1b: Lycanroc|[anim] Tera Blast Fighting
|-supereffective|p1b: Lycanroc
|-enditem|p1b: Lycanroc|Focus Sash
|-damage|p1b: Lycanroc|1/100 slp
|-curestatus|p1b: Lycanroc|slp|[msg]
|move|p1b: Lycanroc|Endeavor|p2b: Amoonguss
|-damage|p2b: Amoonguss|1/100
|-enditem|p2b: Amoonguss|Sitrus Berry|[eat]
|-heal|p2b: Amoonguss|26/100|[from] item: Sitrus Berry
|
|upkeep
|
|t:|1757848395
|switch|p1a: Tyranitar|Tyranitar, L50, F|100/100
|-weather|Sandstorm|[from] ability: Sand Stream|[of] p1a: Tyranitar
|turn|4
|
|t:|1757848414
|switch|p2b: Incineroar|Incineroar, L50, F|100/100
|-ability|p2b: Incineroar|Intimidate|boost
|-fail|p1a: Tyranitar|unboost|[from] item: Clear Amulet|[of] p1a: Tyranitar
|-unboost|p1b: Lycanroc|atk|1
|-terastallize|p1a: Tyranitar|Flying
|move|p1b: Lycanroc|Endure|p1b: Lycanroc
|-singleturn|p1b: Lycanroc|move: Endure
|move|p2a: Porygon2|Ice Beam|p1b: Lycanroc
|-activate|p1b: Lycanroc|move: Endure
|-damage|p1b: Lycanroc|1/100
|move|p1a: Tyranitar|Tera Blast|p2a: Porygon2|[anim] Tera Blast Flying
|-supereffective|p2a: Porygon2
|-damage|p2a: Porygon2|0 fnt
|faint|p2a: Porygon2
|
|-weather|Sandstorm|[upkeep]
|-damage|p1a: Tyranitar|94/100|[from] Sandstorm
|-damage|p2b: Incineroar|95/100|[from] Sandstorm
|upkeep
|inactive|M3rcurius has 30 seconds left.
|
|t:|1757848441
|switch|p2a: Ursaluna|Ursaluna, L50, M|100/100
|turn|5
|inactive|SengarBlade has 30 seconds left.
|
|t:|1757848467
|switch|p1b: Murkrow|Murkrow, L50, F|100/100
|move|p2a: Ursaluna|Protect|p2a: Ursaluna
|-singleturn|p2a: Ursaluna|Protect
|move|p2b: Incineroar|Fake Out|p1b: Murkrow
|-damage|p1b: Murkrow|83/100
|move|p1a: Tyranitar|Knock Off|p2a: Ursaluna
|-activate|p2a: Ursaluna|move: Protect
|
|-weather|Sandstorm|[upkeep]
|-damage|p1a: Tyranitar|88/100|[from] Sandstorm
|-damage|p2b: Incineroar|89/100|[from] Sandstorm
|-damage|p1b: Murkrow|77/100|[from] Sandstorm
|-fieldend|move: Trick Room
|-status|p2a: Ursaluna|brn|[from] item: Flame Orb
|upkeep
|turn|6
|inactive|M3rcurius has 30 seconds left.
|
|t:|1757848492
|switch|p2b: Amoonguss|Amoonguss, L50, F|59/100
|move|p1b: Murkrow|Tailwind|p1b: Murkrow
|-sidestart|p1: SengarBlade|move: Tailwind
|move|p1a: Tyranitar|Rock Slide|p2b: Amoonguss|[spread] p2a,p2b
|-resisted|p2a: Ursaluna
|-damage|p2a: Ursaluna|88/100 brn
|-damage|p2b: Amoonguss|33/100
|move|p2a: Ursaluna|Facade|p1a: Tyranitar
|-damage|p1a: Tyranitar|0 fnt
|faint|p1a: Tyranitar
|
|-weather|Sandstorm|[upkeep]
|-damage|p1b: Murkrow|71/100|[from] Sandstorm
|-damage|p2b: Amoonguss|27/100|[from] Sandstorm
|-damage|p2a: Ursaluna|82/100 brn|[from] brn
|upkeep
|
|t:|1757848507
|switch|p1a: Lycanroc|Lycanroc, L50, F|1/100
|turn|7
|
|t:|1757848524
|move|p2b: Amoonguss|Rage Powder|p2b: Amoonguss
|-singleturn|p2b: Amoonguss|move: Rage Powder
|move|p1a: Lycanroc|Rock Slide|p2b: Amoonguss|[spread] p2a
|-miss|p1a: Lycanroc|p2b: Amoonguss
|-resisted|p2a: Ursaluna
|-damage|p2a: Ursaluna|71/100 brn
|move|p1b: Murkrow|Foul Play|p2b: Amoonguss
|-crit|p2b: Amoonguss
|-damage|p2b: Amoonguss|0 fnt
|faint|p2b: Amoonguss
|move|p2a: Ursaluna|Facade|p1b: Murkrow
|-damage|p1b: Murkrow|0 fnt
|faint|p1b: Murkrow
|
|-weather|Sandstorm|[upkeep]
|-damage|p2a: Ursaluna|66/100 brn|[from] brn
|upkeep
|
|t:|1757848538
|switch|p2b: Incineroar|Incineroar, L50, F|89/100
|-ability|p2b: Incineroar|Intimidate|boost
|-unboost|p1a: Lycanroc|atk|1
|turn|8
|
|t:|1757848552
|move|p1a: Lycanroc|Endure|p1a: Lycanroc
|-singleturn|p1a: Lycanroc|move: Endure
|move|p2b: Incineroar|Fake Out|p1a: Lycanroc
|-resisted|p1a: Lycanroc
|-activate|p1a: Lycanroc|move: Endure
|-damage|p1a: Lycanroc|1/100
|move|p2a: Ursaluna|Headlong Rush|p1a: Lycanroc
|-supereffective|p1a: Lycanroc
|-activate|p1a: Lycanroc|move: Endure
|-damage|p1a: Lycanroc|1/100
|-unboost|p2a: Ursaluna|def|1
|-unboost|p2a: Ursaluna|spd|1
|
|-weather|none
|-damage|p2a: Ursaluna|60/100 brn|[from] brn
|upkeep
|turn|9
|
|t:|1757848571
|move|p1a: Lycanroc|Rock Slide|p2a: Ursaluna|[spread] p2a,p2b
|-resisted|p2a: Ursaluna
|-supereffective|p2b: Incineroar
|-damage|p2a: Ursaluna|48/100 brn
|-damage|p2b: Incineroar|49/100
|move|p2b: Incineroar|Flare Blitz|p1a: Lycanroc
|-resisted|p1a: Lycanroc
|-damage|p1a: Lycanroc|0 fnt
|faint|p1a: Lycanroc
|-damage|p2b: Incineroar|49/100|[from] Recoil
|
|win|M3rcurius
|raw|SengarBlade's rating: 1035 → 1024(-11 for losing)
|raw|M3rcurius's rating: 1125 → 1144(+19 for winning)
