|j|☆EvioExess
|j|☆ToneryX
|html|EvioExessToneryX    
|uhtml|bestof|Game 2 of a best-of-3
|t:|1784901648
|gametype|doubles
|player|p1|EvioExess|266|1087
|player|p2|ToneryX|170|1129
|gen|9
|tier|[Gen 9 Champions] VGC 2026 Reg M-B (Bo3)
|rated|
|rule|Species Clause: Limit one of each Pokémon
|rule|Item Clause: Limit 1 of each item
|clearpoke
|poke|p1|Farigiraf, L50, M|
|poke|p1|Aerodactyl, L50, F|
|poke|p1|Kingambit, L50, F|
|poke|p1|Garchomp, L50, M|
|poke|p1|Charizard, L50, F|
|poke|p1|Ninetales-Alola, L50, M|
|poke|p2|Charizard, L50, M|
|poke|p2|Garchomp, L50, F|
|poke|p2|Sylveon, L50, M|
|poke|p2|Farigiraf, L50, F|
|poke|p2|Kingambit, L50, F|
|poke|p2|Aerodactyl, L50, M|
|teampreview|4
|showteam|p1|Farigiraf||SitrusBerry|ArmorTail|TrickRoom,TwinBeam,HelpingHand,Thunderbolt|Bold||M|||50|]Aerodactyl||Aerodactylite|Unnerve|RockSlide,Protect,Tailwind,Taunt|Jolly||F|||50|]Kingambit||FocusSash|Defiant|IronHead,SuckerPunch,LowKick,Protect|Adamant||F|||50|]Garchomp||LifeOrb|RoughSkin|DragonClaw,Earthquake,StompingTantrum,Protect|Adamant||M|||50|]Charizard||CharizarditeY|Blaze|WeatherBall,HeatWave,SolarBeam,Protect|Modest||F|||50|]Ninetales-Alola||NeverMeltIce|SnowWarning|Blizzard,FreezeDry,Moonblast,Protect|Timid||M|||50|
|showteam|p2|Charizard||CharizarditeY|Blaze|Protect,HeatWave,WeatherBall,SolarBeam|Modest||M|||50|]Garchomp||LifeOrb|RoughSkin|Protect,DragonClaw,StompingTantrum,Earthquake|Jolly||F|||50|]Sylveon||FairyFeather|Pixilate|Detect,QuickAttack,HyperVoice,HyperBeam|Modest||M|||50|]Farigiraf||SitrusBerry|ArmorTail|TwinBeam,Thunderbolt,Roar,TrickRoom|Bold||F|||50|]Kingambit||FocusSash|Defiant|KowtowCleave,IronHead,SuckerPunch,LowKick|Adamant||F|||50|]Aerodactyl||Aerodactylite|Unnerve|RockSlide,DualWingbeat,IceFang,Tailwind|Jolly||M|||50|
|inactive|Battle timer is ON: inactive players will automatically lose when time's up. (requested by EvioExess)
|
|t:|1784901669
|teamsize|p1|4
|teamsize|p2|4
|start
|switch|p1a: DINOSAUVO|Aerodactyl, L50, F|100/100
|switch|p1b: Uscorp|Kingambit, L50, F|100/100
|switch|p2a: Kingambit|Kingambit, L50, F|100/100
|switch|p2b: Aerodactyl|Aerodactyl, L50, M|100/100
|-ability|p1a: DINOSAUVO|Unnerve
|-ability|p2b: Aerodactyl|Unnerve
|turn|1
|
|t:|1784901687
|detailschange|p2b: Aerodactyl|Aerodactyl-Mega, L50, M
|-mega|p2b: Aerodactyl|Aerodactyl|Aerodactylite
|move|p2b: Aerodactyl|Tailwind|p2b: Aerodactyl
|-sidestart|p2: ToneryX|move: Tailwind
|move|p2a: Kingambit|Iron Head|p1a: DINOSAUVO
|-supereffective|p1a: DINOSAUVO|1
|-damage|p1a: DINOSAUVO|0 fnt
|faint|p1a: DINOSAUVO
|move|p1b: Uscorp|Iron Head|p2b: Aerodactyl
|-supereffective|p2b: Aerodactyl|1
|-damage|p2b: Aerodactyl|0 fnt
|faint|p2b: Aerodactyl
|
|upkeep
|
|t:|1784901701
|switch|p2b: Garchomp|Garchomp, L50, F|100/100
|switch|p1a: LA GIRAFFA|Farigiraf, L50, M|100/100
|turn|2
|
|t:|1784901712
|move|p2b: Garchomp|Protect|p2b: Garchomp
|-singleturn|p2b: Garchomp|Protect
|move|p2a: Kingambit|Low Kick|p1b: Uscorp
|-supereffective|p1b: Uscorp|2
|-enditem|p1b: Uscorp|Focus Sash
|-damage|p1b: Uscorp|1/100
|move|p1b: Uscorp|Low Kick|p2a: Kingambit
|-supereffective|p2a: Kingambit|2
|-enditem|p2a: Kingambit|Focus Sash
|-damage|p2a: Kingambit|1/100
|move|p1a: LA GIRAFFA|Trick Room|p1a: LA GIRAFFA
|-fieldstart|move: Trick Room|[of] p1a: LA GIRAFFA
|
|upkeep
|turn|3
|
|t:|1784901729
|switch|p2a: Farigiraf|Farigiraf, L50, F|100/100
|move|p1a: LA GIRAFFA|Twin Beam|p2b: Garchomp
|-crit|p2b: Garchomp
|-damage|p2b: Garchomp|73/100
|-damage|p2b: Garchomp|55/100
|-hitcount|p2b: Garchomp|2
|move|p1b: Uscorp|Iron Head|p2b: Garchomp
|-damage|p2b: Garchomp|13/100
|-damage|p1b: Uscorp|0 fnt|[from] ability: Rough Skin|[of] p2b: Garchomp
|faint|p1b: Uscorp
|move|p2b: Garchomp|Earthquake|p1a: LA GIRAFFA|[spread] p2a,p1a
|-damage|p2a: Farigiraf|59/100
|-damage|p1a: LA GIRAFFA|61/100
|-damage|p2b: Garchomp|3/100|[from] item: Life Orb
|
|upkeep
|
|t:|1784901743
|switch|p1b: Chompy|Garchomp, L50, M|100/100
|turn|4
|
|t:|1784901753
|move|p1a: LA GIRAFFA|Helping Hand|p1b: Chompy
|-singleturn|p1b: Chompy|Helping Hand|[of] p1a: LA GIRAFFA
|move|p2b: Garchomp|Protect|p2b: Garchomp
|-singleturn|p2b: Garchomp|Protect
|move|p1b: Chompy|Stomping Tantrum|p2a: Farigiraf
|-damage|p2a: Farigiraf|0 fnt
|faint|p2a: Farigiraf
|-damage|p1b: Chompy|90/100|[from] item: Life Orb
|
|-sideend|p2: ToneryX|move: Tailwind
|upkeep
|
|t:|1784901760
|switch|p2a: Kingambit|Kingambit, L50, F|1/100
|turn|5
|
|t:|1784901769
|move|p1a: LA GIRAFFA|Helping Hand|p1b: Chompy
|-singleturn|p1b: Chompy|Helping Hand|[of] p1a: LA GIRAFFA
|move|p2b: Garchomp|Protect||[still]
|-fail|p2b: Garchomp
|move|p2a: Kingambit|Kowtow Cleave|p1a: LA GIRAFFA
|-supereffective|p1a: LA GIRAFFA|1
|-damage|p1a: LA GIRAFFA|0 fnt
|faint|p1a: LA GIRAFFA
|move|p1b: Chompy|Earthquake|p2a: Kingambit|[spread] p2a,p2b
|-supereffective|p2a: Kingambit|1
|-damage|p2a: Kingambit|0 fnt
|-damage|p2b: Garchomp|0 fnt
|faint|p2a: Kingambit
|faint|p2b: Garchomp
|-damage|p1b: Chompy|80/100|[from] item: Life Orb
|
|win|EvioExess
|inactive|EvioExess has 30 seconds to confirm battle start!
|inactive|ToneryX has 30 seconds to confirm battle start!
||ToneryX is ready for game 3.
||EvioExess is ready for game 3.
|uhtml|next|Next: Game 3 of 3
|l|☆ToneryX
|player|p2|
