|j|☆Diegoelsocorrista
|j|☆Rosarino
|html|DiegoelsocorristaRosarino    
|uhtml|bestof|Game 2 of a best-of-3
|t:|1757789795
|gametype|doubles
|player|p1|Diegoelsocorrista|blaine|1071
|player|p2|Rosarino|drayden|1000
|gen|9
|tier|[Gen 9] VGC 2025 Reg H (Bo3)
|rated|
|rule|Species Clause: Limit one of each Pokémon
|rule|Item Clause: Limit 1 of each item
|clearpoke
|poke|p1|Archaludon, L50, M|
|poke|p1|Rillaboom, L50, F|
|poke|p1|Basculegion, L50, M|
|poke|p1|Kingambit, L50, F|
|poke|p1|Pelipper, L50, F|
|poke|p1|Electabuzz, L50, M|
|poke|p2|Weavile, L50, F|
|poke|p2|Magneton, L50|
|poke|p2|Indeedee-F, L50, F|
|poke|p2|Amoonguss, L50, M|
|poke|p2|Annihilape, L50, F|
|poke|p2|Ursaluna-Bloodmoon, L50, M|
|teampreview|4
|showteam|p1|Archaludon||AssaultVest|Stamina|ElectroShot,DracoMeteor,FlashCannon,BodyPress|||M|||50|,,,,,Fairy]Rillaboom||LoadedDice|GrassySurge|BulletSeed,GrassyGlide,FakeOut,Uturn|||F|||50|,,,,,Fire]Basculegion||ChoiceBand|SwiftSwim|WaveCrash,LastRespects,FlipTurn,AquaJet|||M|||50|,,,,,Grass]Kingambit||BlackGlasses|Defiant|KowtowCleave,SuckerPunch,SwordsDance,Protect|||F|||50|,,,,,Dark]Pelipper||FocusSash|Drizzle|WeatherBall,Hurricane,Tailwind,Protect|||F|||50|,,,,,Ghost]Electabuzz||Eviolite|VitalSpirit|Electroweb,Taunt,FollowMe,Protect|||M|||50|,,,,,Ghost
|showteam|p2|Weavile||FocusSash|Pickpocket|FakeOut,Protect,TripleAxel,ThroatChop|||F|||50|,,,,,Fairy]Magneton||Eviolite|Sturdy|HelpingHand,Protect,Thunderbolt,ThunderWave||||||50|,,,,,Grass]Indeedee-F||SitrusBerry|PsychicSurge|TrickRoom,DazzlingGleam,Protect,FollowMe|||F|||50|,,,,,Fairy]Amoonguss||RockyHelmet|Regenerator|Spore,RagePowder,Protect,PollenPuff|||M|||50|,,,,,Fire]Annihilape||Leftovers|InnerFocus|BulkUp,Protect,DrainPunch,RageFist|||F|||50|,,,,,Fire]Ursaluna-Bloodmoon||ThroatSpray|MindsEye|HyperVoice,Protect,BloodMoon,EarthPower|||M|||50|,,,,,Normal
|inactive|Battle timer is ON: inactive players will automatically lose when time's up. (requested by Rosarino)
|
|t:|1757789843
|teamsize|p1|4
|teamsize|p2|4
|start
|switch|p1a: Basculegion|Basculegion, L50, M|100/100
|switch|p1b: Rillaboom|Rillaboom, L50, F|100/100
|switch|p2a: Weavile|Weavile, L50, F|100/100
|switch|p2b: Magneton|Magneton, L50|100/100
|-fieldstart|move: Grassy Terrain|[from] ability: Grassy Surge|[of] p1b: Rillaboom
|turn|1
|inactive|Diegoelsocorrista has 30 seconds left.
|inactive|Diegoelsocorrista has 20 seconds left.
|
|t:|1757789889
|switch|p1a: Archaludon|Archaludon, L50, M, shiny|100/100
|move|p2a: Weavile|Fake Out|p1b: Rillaboom
|-damage|p1b: Rillaboom|88/100
|cant|p1b: Rillaboom|flinch
|move|p2b: Magneton|Thunder Wave|p1a: Archaludon
|-status|p1a: Archaludon|par
|
|-heal|p1b: Rillaboom|94/100|[from] Grassy Terrain
|upkeep
|turn|2
|inactive|Diegoelsocorrista has 30 seconds left.
|inactive|Diegoelsocorrista has 20 seconds left.
|inactive|Diegoelsocorrista has 15 seconds left.
|
|t:|1757789933
|switch|p2b: Indeedee|Indeedee-F, L50, F|100/100
|-fieldstart|move: Psychic Terrain|[from] ability: Psychic Surge|[of] p2b: Indeedee
|-terastallize|p1b: Rillaboom|Fire
|move|p2a: Weavile|Triple Axel|p1b: Rillaboom
|-resisted|p1b: Rillaboom
|-damage|p1b: Rillaboom|88/100
|-resisted|p1b: Rillaboom
|-damage|p1b: Rillaboom|77/100
|-resisted|p1b: Rillaboom
|-damage|p1b: Rillaboom|63/100
|-hitcount|p1b: Rillaboom|3
|move|p1b: Rillaboom|Bullet Seed|p1a: Archaludon
|-resisted|p1a: Archaludon
|-damage|p1a: Archaludon|98/100 par
|-ability|p1a: Archaludon|Stamina|boost
|-boost|p1a: Archaludon|def|1
|-resisted|p1a: Archaludon
|-damage|p1a: Archaludon|97/100 par
|-ability|p1a: Archaludon|Stamina|boost
|-boost|p1a: Archaludon|def|1
|-resisted|p1a: Archaludon
|-damage|p1a: Archaludon|96/100 par
|-ability|p1a: Archaludon|Stamina|boost
|-boost|p1a: Archaludon|def|1
|-resisted|p1a: Archaludon
|-crit|p1a: Archaludon
|-damage|p1a: Archaludon|93/100 par
|-ability|p1a: Archaludon|Stamina|boost
|-boost|p1a: Archaludon|def|1
|-resisted|p1a: Archaludon
|-damage|p1a: Archaludon|93/100 par
|-ability|p1a: Archaludon|Stamina|boost
|-boost|p1a: Archaludon|def|1
|-hitcount|p1a: Archaludon|5
|move|p1a: Archaludon|Body Press|p2a: Weavile
|-supereffective|p2a: Weavile
|-enditem|p2a: Weavile|Focus Sash
|-damage|p2a: Weavile|1/100
|-enditem|p1a: Archaludon|Assault Vest|[silent]|[from] ability: Pickpocket|[of] p1a: Archaludon
|-item|p2a: Weavile|Assault Vest|[from] ability: Pickpocket|[of] p1a: Archaludon
|
|upkeep
|turn|3
|inactive|Diegoelsocorrista has 30 seconds left.
|inactive|Rosarino has 30 seconds left.
|inactive|Diegoelsocorrista has 20 seconds left.
|inactive|Diegoelsocorrista has 15 seconds left.
|inactive|Diegoelsocorrista has 10 seconds left.
|
|t:|1757789981
|switch|p1b: Pelipper|Pelipper, L50, F|100/100
|-weather|RainDance|[from] ability: Drizzle|[of] p1b: Pelipper
|move|p2a: Weavile|Triple Axel|p1a: Archaludon|[miss]
|-miss|p2a: Weavile|p1a: Archaludon
|move|p1a: Archaludon|Electro Shot||[still]
|-prepare|p1a: Archaludon|Electro Shot
|-boost|p1a: Archaludon|spa|1
|-anim|p1a: Archaludon|Electro Shot|p2a: Weavile
|-damage|p2a: Weavile|0 fnt
|faint|p2a: Weavile
|move|p2b: Indeedee|Trick Room|p2b: Indeedee
|-fieldstart|move: Trick Room|[of] p2b: Indeedee
|
|-weather|RainDance|[upkeep]
|upkeep
|
|t:|1757789999
|switch|p2a: Ursaluna|Ursaluna-Bloodmoon, L50, M|100/100
|turn|4
|inactive|Diegoelsocorrista has 30 seconds left.
|
|t:|1757790024
|switch|p1b: Rillaboom|Rillaboom, L50, F, tera:Fire|63/100
|-fieldstart|move: Grassy Terrain|[from] ability: Grassy Surge|[of] p1b: Rillaboom
|-terastallize|p2a: Ursaluna|Normal
|move|p2b: Indeedee|Follow Me|p2b: Indeedee
|-singleturn|p2b: Indeedee|move: Follow Me
|cant|p1a: Archaludon|par
|move|p2a: Ursaluna|Hyper Voice|p1a: Archaludon|[spread] p1a,p1b
|-resisted|p1a: Archaludon
|-damage|p1a: Archaludon|62/100 par
|-damage|p1b: Rillaboom|9/100
|-ability|p1a: Archaludon|Stamina|boost
|-boost|p1a: Archaludon|def|1
|-enditem|p2a: Ursaluna|Throat Spray
|-boost|p2a: Ursaluna|spa|1|[from] item: Throat Spray
|
|-weather|RainDance|[upkeep]
|-heal|p1a: Archaludon|68/100 par|[from] Grassy Terrain
|-heal|p1b: Rillaboom|15/100|[from] Grassy Terrain
|upkeep
|turn|5
|inactive|Rosarino has 30 seconds left.
|
|t:|1757790049
|move|p2a: Ursaluna|Protect|p2a: Ursaluna
|-singleturn|p2a: Ursaluna|Protect
|move|p2b: Indeedee|Protect|p2b: Indeedee
|-singleturn|p2b: Indeedee|Protect
|move|p1b: Rillaboom|Fake Out|p2a: Ursaluna
|-activate|p2a: Ursaluna|move: Protect
|move|p1a: Archaludon|Body Press|p2b: Indeedee
|-activate|p2b: Indeedee|move: Protect
|
|-weather|RainDance|[upkeep]
|-heal|p1a: Archaludon|75/100 par|[from] Grassy Terrain
|-heal|p1b: Rillaboom|21/100|[from] Grassy Terrain
|upkeep
|turn|6
|inactive|Diegoelsocorrista has 30 seconds left.
|
|t:|1757790076
|move|p2b: Indeedee|Follow Me|p2b: Indeedee
|-singleturn|p2b: Indeedee|move: Follow Me
|move|p1a: Archaludon|Body Press|p2b: Indeedee
|-damage|p2b: Indeedee|0 fnt
|faint|p2b: Indeedee
|move|p2a: Ursaluna|Hyper Voice|p1b: Rillaboom|[spread] p1a,p1b
|-resisted|p1a: Archaludon
|-damage|p1a: Archaludon|34/100 par
|-damage|p1b: Rillaboom|0 fnt
|faint|p1b: Rillaboom
|
|-weather|RainDance|[upkeep]
|-heal|p1a: Archaludon|40/100 par|[from] Grassy Terrain
|upkeep
|
|t:|1757790089
|switch|p2b: Magneton|Magneton, L50|100/100
|switch|p1b: Pelipper|Pelipper, L50, F|100/100
|turn|7
|inactive|Diegoelsocorrista has 30 seconds left.
|
|t:|1757790118
|move|p2a: Ursaluna|Protect|p2a: Ursaluna
|-singleturn|p2a: Ursaluna|Protect
|move|p1b: Pelipper|Protect|p1b: Pelipper
|-singleturn|p1b: Pelipper|Protect
|cant|p1a: Archaludon|par
|move|p2b: Magneton|Thunderbolt|p1b: Pelipper
|-activate|p1b: Pelipper|move: Protect
|
|-weather|none
|-heal|p1a: Archaludon|47/100 par|[from] Grassy Terrain
|-fieldend|move: Trick Room
|upkeep
|turn|8
|
|t:|1757790135
|move|p2b: Magneton|Helping Hand|p2a: Ursaluna
|-singleturn|p2a: Ursaluna|Helping Hand|[of] p2b: Magneton
|move|p1b: Pelipper|Tailwind|p1b: Pelipper
|-sidestart|p1: Diegoelsocorrista|move: Tailwind
|move|p1a: Archaludon|Body Press|p2a: Ursaluna
|-supereffective|p2a: Ursaluna
|-damage|p2a: Ursaluna|0 fnt
|faint|p2a: Ursaluna
|
|-heal|p1a: Archaludon|53/100 par|[from] Grassy Terrain
|-fieldend|move: Grassy Terrain
|upkeep
|turn|9
|
|t:|1757790152
|move|p1b: Pelipper|Weather Ball|p2b: Magneton
|-resisted|p2b: Magneton
|-damage|p2b: Magneton|93/100
|move|p1a: Archaludon|Body Press|p2b: Magneton
|-supereffective|p2b: Magneton
|-damage|p2b: Magneton|0 fnt
|faint|p2b: Magneton
|
|win|Diegoelsocorrista
|raw|Diegoelsocorrista's rating: 1071 → 1094(+23 for winning)
|raw|Rosarino's rating: 1000 → 1000(+0 for losing)
