|j|☆santicifupe
|j|☆PuniHina
|html|santicifupePuniHina    
|uhtml|bestof|Game 1 of a best-of-3
|t:|1783316654
|gametype|doubles
|player|p1|santicifupe|iris-gen5bw2|1130
|player|p2|PuniHina|lacey|1137
|gen|9
|tier|[Gen 9 Champions] VGC 2026 Reg M-B (Bo3)
|rated|
|rule|Species Clause: Limit one of each Pokémon
|rule|Item Clause: Limit 1 of each item
|clearpoke
|poke|p1|Milotic, L50, F, shiny|
|poke|p1|Incineroar, L50, F|
|poke|p1|Sinistcha-Masterpiece, L50, shiny|
|poke|p1|Floette-Eternal, L50, F, shiny|
|poke|p1|Sneasler, L50, F, shiny|
|poke|p1|Blaziken, L50, M|
|poke|p2|Meganium, L50, M, shiny|
|poke|p2|Altaria, L50, M|
|poke|p2|Incineroar, L50, F|
|poke|p2|Scizor, L50, M|
|poke|p2|Basculegion, L50, M|
|poke|p2|Garchomp, L50, M|
|teampreview|4
|showteam|p1|Milotic||Leftovers|Competitive|MuddyWater,Recover,Hypnosis,Coil|Calm||F|||50|]Incineroar||SitrusBerry|Intimidate|FakeOut,FlareBlitz,ThroatChop,PartingShot|Careful||F|||50|]Sinistcha-Masterpiece||KasibBerry|Hospitality|MatchaGotcha,Protect,TrickRoom,RagePowder|Bold|||||50|]Floette-Eternal||Floettite|FlowerVeil|CalmMind,Protect,DrainingKiss,Moonblast|Modest||F|||50|]Sneasler||FocusSash|PoisonTouch|FakeOut,Protect,DireClaw,CloseCombat|Jolly||F|||50|]Blaziken||Blazikenite|SpeedBoost|RockSlide,SwordsDance,Protect,CloseCombat|Adamant||M|||50|
|showteam|p2|Meganium||Meganiumite|LeafGuard|SolarBeam,DazzlingGleam,Protect,WeatherBall|Modest||M|||50|]Altaria||RoseliBerry|CloudNine|BraveBird,Roost,Tailwind,WillOWisp|Impish||M|||50|]Incineroar||PasshoBerry|Intimidate|FakeOut,ThroatChop,FlareBlitz,PartingShot|Careful||F|||50|]Scizor||Scizorite|Technician|BulletPunch,BugBite,Protect,SwordsDance|Adamant||M|||50|]Basculegion||SitrusBerry|Adaptability|WaveCrash,LastRespects,AquaJet,Protect|Adamant||M|||50|]Garchomp||LifeOrb|RoughSkin|StompingTantrum,DragonClaw,RockSlide,Protect|Jolly||M|||50|
|inactive|Battle timer is ON: inactive players will automatically lose when time's up. (requested by santicifupe)
|inactive|santicifupe has 60 seconds left.
|inactive|PuniHina has 60 seconds left.
|inactive|PuniHina has 30 seconds left.
|inactive|PuniHina has 20 seconds left.
|inactive|PuniHina has 15 seconds left.
|
|t:|1783316738
|teamsize|p1|4
|teamsize|p2|4
|start
|switch|p1a: Sneasler|Sneasler, L50, F, shiny|100/100
|switch|p1b: Blaziken|Blaziken, L50, M|100/100
|switch|p2a: Basculegion|Basculegion, L50, M|100/100
|switch|p2b: Scizor|Scizor, L50, M|100/100
|turn|1
|
|t:|1783316762
|detailschange|p1b: Blaziken|Blaziken-Mega, L50, M
|-mega|p1b: Blaziken|Blaziken|Blazikenite
|detailschange|p2b: Scizor|Scizor-Mega, L50, M
|-mega|p2b: Scizor|Scizor|Scizorite
|move|p1b: Blaziken|Protect|p1b: Blaziken
|-singleturn|p1b: Blaziken|Protect
|move|p1a: Sneasler|Dire Claw|p2a: Basculegion
|-resisted|p2a: Basculegion|1
|-damage|p2a: Basculegion|81/100
|-status|p2a: Basculegion|psn|[from] ability: Poison Touch|[of] p1a: Sneasler
|move|p2b: Scizor|Swords Dance|p2b: Scizor
|-boost|p2b: Scizor|atk|2
|move|p2a: Basculegion|Wave Crash|p1b: Blaziken
|-activate|p1b: Blaziken|move: Protect
|
|-damage|p2a: Basculegion|69/100 psn|[from] psn
|-ability|p1b: Blaziken|Speed Boost|boost
|-boost|p1b: Blaziken|spe|1
|upkeep
|turn|2
|
|t:|1783316784
|switch|p1b: hypnosis|Milotic, L50, F, shiny|100/100
|move|p2b: Scizor|Bullet Punch|p1a: Sneasler
|-enditem|p1a: Sneasler|Focus Sash
|-damage|p1a: Sneasler|1/100
|move|p2a: Basculegion|Aqua Jet|p1a: Sneasler
|-damage|p1a: Sneasler|0 fnt
|faint|p1a: Sneasler
|
|-damage|p2a: Basculegion|57/100 psn|[from] psn
|upkeep
|
|t:|1783316792
|switch|p1a: wolfe's nigthmare|Incineroar, L50, F|100/100
|-ability|p1a: wolfe's nigthmare|Intimidate|boost
|-unboost|p2a: Basculegion|atk|1
|-unboost|p2b: Scizor|atk|1
|turn|3
|inactive|PuniHina has 30 seconds left.
|
|t:|1783316818
|move|p1b: hypnosis|Coil|p1b: hypnosis
|-boost|p1b: hypnosis|atk|1
|-boost|p1b: hypnosis|def|1
|-boost|p1b: hypnosis|accuracy|1
|move|p2b: Scizor|Bug Bite|p1a: wolfe's nigthmare
|-damage|p1a: wolfe's nigthmare|25/100
|-enditem|p1a: wolfe's nigthmare|Sitrus Berry|[from] stealeat|[move] Bug Bite|[of] p2b: Scizor
|move|p2a: Basculegion|Wave Crash|p1a: wolfe's nigthmare
|-supereffective|p1a: wolfe's nigthmare|1
|-damage|p1a: wolfe's nigthmare|0 fnt
|faint|p1a: wolfe's nigthmare
|-damage|p2a: Basculegion|49/100 psn|[from] Recoil
|-enditem|p2a: Basculegion|Sitrus Berry|[eat]
|-heal|p2a: Basculegion|73/100 psn|[from] item: Sitrus Berry
|
|-damage|p2a: Basculegion|61/100 psn|[from] psn
|upkeep
|
|t:|1783316826
|switch|p1a: Blaziken|Blaziken-Mega, L50, M|100/100
|turn|4
|
|t:|1783316837
|move|p1a: Blaziken|Protect|p1a: Blaziken
|-singleturn|p1a: Blaziken|Protect
|move|p1b: hypnosis|Coil|p1b: hypnosis
|-boost|p1b: hypnosis|atk|1
|-boost|p1b: hypnosis|def|1
|-boost|p1b: hypnosis|accuracy|1
|move|p2b: Scizor|Bug Bite|p1b: hypnosis
|-crit|p1b: hypnosis
|-damage|p1b: hypnosis|0 fnt
|faint|p1b: hypnosis
|move|p2a: Basculegion|Wave Crash|p1a: Blaziken
|-activate|p1a: Blaziken|move: Protect
|
|-damage|p2a: Basculegion|49/100 psn|[from] psn
|-ability|p1a: Blaziken|Speed Boost|boost
|-boost|p1a: Blaziken|spe|1
|upkeep
|turn|5
|-message|santicifupe forfeited.
|
|win|PuniHina
|l|☆santicifupe
|player|p1|
||santicifupe is ready for game 2.
||PuniHina is ready for game 2.
|uhtml|next|Next: Game 2 of 3
