|j|☆temporary name 3
|j|☆vilan333
|html|temporary name 3vilan333    
|uhtml|bestof|Game 1 of a best-of-3
|t:|1786045540
|gametype|doubles
|player|p1|temporary name 3|170|1159
|player|p2|vilan333|marshal|1301
|gen|9
|tier|[Gen 9 Champions] VGC 2026 Reg M-B (Bo3)
|rated|
|rule|Species Clause: Limit one of each Pokémon
|rule|Item Clause: Limit 1 of each item
|clearpoke
|poke|p1|Tyranitar, L50, F|
|poke|p1|Corviknight, L50, M|
|poke|p1|Garchomp, L50, F|
|poke|p1|Farigiraf, L50, F|
|poke|p1|Toxapex, L50, F|
|poke|p1|Sinistcha, L50|
|poke|p2|Tyranitar, L50, M, shiny|
|poke|p2|Excadrill, L50, F, shiny|
|poke|p2|Floette-Eternal, L50, F|
|poke|p2|Whimsicott, L50, F|
|poke|p2|Incineroar, L50, M|
|poke|p2|Sinistcha, L50|
|teampreview|4
|showteam|p1|Tyranitar||Tyranitarite|SandStream|RockSlide,KnockOff,DragonDance,Protect|Adamant||F|||50|]Corviknight||SitrusBerry|MirrorArmor|Tailwind,Roost,IronHead,BodyPress|Adamant||M|||50|]Garchomp||FocusSash|RoughSkin|ScaleShot,Earthquake,StompingTantrum,Protect|Jolly||F|||50|]Farigiraf||ColburBerry|ArmorTail|TrickRoom,Thunderbolt,Protect,Psychic|Bold||F|||50|]Toxapex||Leftovers|Regenerator|Infestation,Toxic,BanefulBunker,WideGuard|Bold||F|||50|]Sinistcha||CobaBerry|Hospitality|MatchaGotcha,RagePowder,TrickRoom,LifeDew|Calm|||||50|
|showteam|p2|Tyranitar||FocusSash|SandStream|Protect,RockSlide,KnockOff,LowKick|Adamant||M|||50|]Excadrill||LifeOrb|SandRush|RockSlide,Protect,IronHead,Earthquake|Adamant||F|||50|]Floette-Eternal||Floettite|FlowerVeil|Protect,Moonblast,DazzlingGleam,CalmMind|Modest||F|||50|]Whimsicott||OccaBerry|Prankster|Moonblast,Encore,Tailwind,Protect|Calm||F|||50|]Incineroar||SitrusBerry|Intimidate|PartingShot,FakeOut,FlareBlitz,HelpingHand|Adamant||M|||50|]Sinistcha||Leftovers|Hospitality|ShadowBall,RagePowder,TrickRoom,Protect|Calm|||||50|
|inactive|Battle timer is ON: inactive players will automatically lose when time's up. (requested by temporary name 3)
|
|t:|1786045588
|teamsize|p1|4
|teamsize|p2|4
|start
|switch|p1a: Corviknight|Corviknight, L50, M|100/100
|switch|p1b: Garchomp|Garchomp, L50, F|100/100
|switch|p2a: Floette|Floette-Eternal, L50, F|100/100
|switch|p2b: Excadrill|Excadrill, L50, F, shiny|100/100
|turn|1
|
|t:|1786045612
|switch|p1b: Toxapex|Toxapex, L50, F|100/100
|detailschange|p2a: Floette|Floette-Mega, L50, F
|-mega|p2a: Floette|Floette|Floettite
|-ability|p2a: Floette|Fairy Aura
|move|p2b: Excadrill|Protect|p2b: Excadrill
|-singleturn|p2b: Excadrill|Protect
|move|p2a: Floette|Calm Mind|p2a: Floette
|-boost|p2a: Floette|spa|1
|-boost|p2a: Floette|spd|1
|move|p1a: Corviknight|Tailwind|p1a: Corviknight
|-sidestart|p1: temporary name 3|move: Tailwind
|
|upkeep
|turn|2
|
|t:|1786045628
|switch|p2b: Sinistcha|Sinistcha, L50|100/100
|move|p1a: Corviknight|Body Press|p2b: Sinistcha
|-immune|p2b: Sinistcha
|move|p2a: Floette|Calm Mind|p2a: Floette
|-boost|p2a: Floette|spa|1
|-boost|p2a: Floette|spd|1
|move|p1b: Toxapex|Infestation|p2a: Floette
|-resisted|p2a: Floette|1
|-damage|p2a: Floette|99/100
|-activate|p2a: Floette|move: Infestation|[of] p1b: Toxapex
|
|-damage|p2a: Floette|87/100|[from] move: Infestation|[partiallytrapped]
|upkeep
|turn|3
|
|t:|1786045647
|move|p2b: Sinistcha|Rage Powder|p2b: Sinistcha
|-singleturn|p2b: Sinistcha|move: Rage Powder
|move|p1a: Corviknight|Iron Head|p2b: Sinistcha
|-damage|p2b: Sinistcha|68/100
|move|p2a: Floette|Moonblast|p1a: Corviknight
|-resisted|p1a: Corviknight|1
|-damage|p1a: Corviknight|16/100
|-enditem|p1a: Corviknight|Sitrus Berry|[eat]
|-heal|p1a: Corviknight|41/100|[from] item: Sitrus Berry
|move|p1b: Toxapex|Toxic|p2b: Sinistcha
|-status|p2b: Sinistcha|tox
|
|-heal|p2b: Sinistcha|75/100 tox|[from] item: Leftovers
|-damage|p2b: Sinistcha|68/100 tox|[from] psn
|-damage|p2a: Floette|75/100|[from] move: Infestation|[partiallytrapped]
|upkeep
|turn|4
|
|t:|1786045668
|switch|p2b: Excadrill|Excadrill, L50, F, shiny|100/100
|move|p2a: Floette|Protect|p2a: Floette
|-singleturn|p2a: Floette|Protect
|move|p1a: Corviknight|Roost|p1a: Corviknight
|-heal|p1a: Corviknight|91/100
|-singleturn|p1a: Corviknight|move: Roost
|move|p1b: Toxapex|Infestation|p2b: Excadrill
|-resisted|p2b: Excadrill|1
|-damage|p2b: Excadrill|97/100
|-activate|p2b: Excadrill|move: Infestation|[of] p1b: Toxapex
|
|-damage|p2a: Floette|63/100|[from] move: Infestation|[partiallytrapped]
|-damage|p2b: Excadrill|85/100|[from] move: Infestation|[partiallytrapped]
|-sideend|p1: temporary name 3|move: Tailwind
|upkeep
|turn|5
|
|t:|1786045690
|move|p2a: Floette|Moonblast|p1a: Corviknight
|-resisted|p1a: Corviknight|1
|-damage|p1a: Corviknight|8/100
|move|p2b: Excadrill|Rock Slide|p1b: Toxapex|[spread] p1a,p1b
|-damage|p1a: Corviknight|0 fnt
|-damage|p1b: Toxapex|81/100
|faint|p1a: Corviknight
|-damage|p2b: Excadrill|76/100|[from] item: Life Orb
|cant|p1b: Toxapex|flinch
|
|-heal|p1b: Toxapex|87/100|[from] item: Leftovers
|-damage|p2a: Floette|51/100|[from] move: Infestation|[partiallytrapped]
|-damage|p2b: Excadrill|64/100|[from] move: Infestation|[partiallytrapped]
|upkeep
|
|t:|1786045701
|switch|p1a: Garchomp|Garchomp, L50, F|100/100
|turn|6
|
|t:|1786045715
|move|p2a: Floette|Protect|p2a: Floette
|-singleturn|p2a: Floette|Protect
|move|p1a: Garchomp|Stomping Tantrum|p2b: Excadrill
|-supereffective|p2b: Excadrill|1
|-damage|p2b: Excadrill|0 fnt
|faint|p2b: Excadrill
|move|p1b: Toxapex|Toxic|p2a: Floette
|-activate|p2a: Floette|move: Protect
|
|-heal|p1b: Toxapex|92/100|[from] item: Leftovers
|-damage|p2a: Floette|39/100|[from] move: Infestation|[partiallytrapped]
|upkeep
|
|t:|1786045728
|switch|p2b: Sinistcha|Sinistcha, L50|68/100 tox
|-heal|p2a: Floette|64/100|[from] ability: Hospitality|[of] p2b: Sinistcha
|turn|7
|
|t:|1786045743
|move|p2b: Sinistcha|Rage Powder|p2b: Sinistcha
|-singleturn|p2b: Sinistcha|move: Rage Powder
|move|p1a: Garchomp|Scale Shot|p2b: Sinistcha
|-damage|p2b: Sinistcha|55/100 tox
|-damage|p2b: Sinistcha|43/100 tox
|-damage|p2b: Sinistcha|29/100 tox
|-damage|p2b: Sinistcha|18/100 tox
|-hitcount|p2b: Sinistcha|4
|-unboost|p1a: Garchomp|def|1
|-boost|p1a: Garchomp|spe|1
|move|p2a: Floette|Moonblast|p1a: Garchomp
|-supereffective|p1a: Garchomp|1
|-enditem|p1a: Garchomp|Focus Sash
|-damage|p1a: Garchomp|1/100
|-unboost|p1a: Garchomp|spa|1
|move|p1b: Toxapex|Infestation|p2b: Sinistcha
|-damage|p2b: Sinistcha|14/100 tox
|-activate|p2b: Sinistcha|move: Infestation|[of] p1b: Toxapex
|
|-heal|p2b: Sinistcha|20/100y tox|[from] item: Leftovers
|-heal|p1b: Toxapex|98/100|[from] item: Leftovers
|-damage|p2b: Sinistcha|14/100 tox|[from] psn
|-end|p2a: Floette|Infestation|[partiallytrapped]
|-damage|p2b: Sinistcha|2/100 tox|[from] move: Infestation|[partiallytrapped]
|upkeep
|turn|8
|inactive|temporary name 3 has 30 seconds left.
|inactive|vilan333 has 30 seconds left.
|inactive|temporary name 3 has 20 seconds left.
|inactive|vilan333 has 20 seconds left.
|inactive|vilan333 has 15 seconds left.
|
|t:|1786045789
|move|p1b: Toxapex|Wide Guard|p1b: Toxapex
|-singleturn|p1b: Toxapex|Wide Guard
|move|p2b: Sinistcha|Rage Powder|p2b: Sinistcha
|-singleturn|p2b: Sinistcha|move: Rage Powder
|move|p1a: Garchomp|Earthquake|p2b: Sinistcha|[spread] p2a,p2b
|-activate|p1b: Toxapex|move: Wide Guard
|-resisted|p2b: Sinistcha|1
|-damage|p2a: Floette|18/100
|-damage|p2b: Sinistcha|0 fnt
|faint|p2b: Sinistcha
|move|p2a: Floette|Dazzling Gleam|p1b: Toxapex|[spread] 
|-activate|p1a: Garchomp|move: Wide Guard
|-activate|p1b: Toxapex|move: Wide Guard
|
|-heal|p1b: Toxapex|100/100|[from] item: Leftovers
|upkeep
|
|t:|1786045804
|switch|p2b: Tyranitar|Tyranitar, L50, M, shiny|100/100
|-weather|Sandstorm|[from] ability: Sand Stream|[of] p2b: Tyranitar
|turn|9
|
|t:|1786045824
|move|p1a: Garchomp|Protect|p1a: Garchomp
|-singleturn|p1a: Garchomp|Protect
|move|p2a: Floette|Protect|p2a: Floette
|-singleturn|p2a: Floette|Protect
|move|p2b: Tyranitar|Knock Off|p1a: Garchomp
|-activate|p1a: Garchomp|move: Protect
|move|p1b: Toxapex|Toxic|p2a: Floette
|-activate|p2a: Floette|move: Protect
|
|-weather|Sandstorm|[upkeep]
|-damage|p2a: Floette|13/100|[from] Sandstorm
|-damage|p1b: Toxapex|94/100|[from] Sandstorm
|-heal|p1b: Toxapex|100/100|[from] item: Leftovers
|upkeep
|turn|10
|
|t:|1786045842
|move|p1b: Toxapex|Wide Guard|p1b: Toxapex
|-singleturn|p1b: Toxapex|Wide Guard
|move|p1a: Garchomp|Earthquake|p2b: Tyranitar|[spread] p2a,p2b
|-activate|p1b: Toxapex|move: Wide Guard
|-supereffective|p2b: Tyranitar|1
|-damage|p2a: Floette|0 fnt
|-damage|p2b: Tyranitar|31/100
|faint|p2a: Floette
|move|p2b: Tyranitar|Knock Off|p1b: Toxapex
|-damage|p1b: Toxapex|61/100
|-enditem|p1b: Toxapex|Leftovers|[from] move: Knock Off|[of] p2b: Tyranitar
|
|-weather|Sandstorm|[upkeep]
|-damage|p1b: Toxapex|55/100|[from] Sandstorm
|upkeep
|turn|11
|-message|vilan333 forfeited.
|
|win|temporary name 3
|l|☆vilan333
|player|p2|
||vilan333 is ready for game 2.
||temporary name 3 is ready for game 2.
|uhtml|next|Next: Game 2 of 3
|j|☆vilan333
|player|p2|vilan333|marshal|
