|j|☆CianMck18
|j|☆Wikdchikn
|html|CianMck18Wikdchikn    
|uhtml|bestof|Game 1 of a best-of-3
|t:|1757761578
|gametype|doubles
|player|p1|CianMck18|170|1172
|player|p2|Wikdchikn|cameraman|1130
|gen|9
|tier|[Gen 9] VGC 2025 Reg H (Bo3)
|rated|
|rule|Species Clause: Limit one of each Pokémon
|rule|Item Clause: Limit 1 of each item
|clearpoke
|poke|p1|Incineroar, L50, F|
|poke|p1|Porygon2, L50|
|poke|p1|Amoonguss, L50, M|
|poke|p1|Ursaluna, L50, M|
|poke|p1|Gholdengo, L50|
|poke|p1|Flamigo, L50, M|
|poke|p2|Arboliva, L50, M|
|poke|p2|Porygon2, L50|
|poke|p2|Primarina, L50, M|
|poke|p2|Ursaluna, L50, F|
|poke|p2|Amoonguss, L50, M|
|poke|p2|Armarouge, L50, F|
|teampreview|4
|showteam|p1|Incineroar||SafetyGoggles|Intimidate|KnockOff,FlareBlitz,PartingShot,FakeOut|||F|||50|,,,,,Grass]Porygon2||Eviolite|Download|TeraBlast,IceBeam,Recover,TrickRoom||||||50|,,,,,Fighting]Amoonguss||MentalHerb|Regenerator|Spore,RagePowder,PollenPuff,SludgeBomb|||M|||50|,,,,,Water]Ursaluna||FlameOrb|Guts|Facade,HeadlongRush,Earthquake,Protect|||M|||50|,,,,,Normal]Gholdengo||LifeOrb|GoodasGold|MakeItRain,ShadowBall,NastyPlot,Protect||||||50|,,,,,Dragon]Flamigo||FocusSash|Scrappy|CloseCombat,BraveBird,WideGuard,Protect|||M|||50|,,,,,Ghost
|showteam|p2|Arboliva||ChoiceSpecs|SeedSower|DazzlingGleam,HyperVoice,EarthPower,GigaDrain|||M|||50|,,,,,Fairy]Porygon2||Eviolite|Trace|TeraBlast,ShadowBall,TrickRoom,Protect||||||50|,,,,,Fighting]Primarina||ThroatSpray|LiquidVoice|Moonblast,HyperVoice,Haze,Protect|||M|||50|,,,,,Water]Ursaluna||FlameOrb|Guts|Protect,Facade,HeadlongRush,Earthquake|||F|||50|,,,,,Ghost]Amoonguss||RockyHelmet|Regenerator|RagePowder,Spore,FoulPlay,Protect|||M|||50|,,,,,Dark]Armarouge||SitrusBerry|FlashFire|WideGuard,TrickRoom,HeatWave,HelpingHand|||F|||50|,,,,,Grass
|inactive|Battle timer is ON: inactive players will automatically lose when time's up. (requested by Wikdchikn)
|inactive|CianMck18 has 60 seconds left.
|inactive|Wikdchikn has 60 seconds left.
|
|t:|1757761621
|teamsize|p1|4
|teamsize|p2|4
|start
|switch|p1a: Incineroar|Incineroar, L50, F, shiny|100/100
|switch|p1b: Gholdengo|Gholdengo, L50, shiny|100/100
|switch|p2a: Megaman|Armarouge, L50, F|100/100
|switch|p2b: Bear with me|Ursaluna, L50, F|100/100
|-ability|p1a: Incineroar|Intimidate|boost
|-unboost|p2a: Megaman|atk|1
|-unboost|p2b: Bear with me|atk|1
|turn|1
|
|t:|1757761645
|-terastallize|p1b: Gholdengo|Dragon
|move|p1a: Incineroar|Fake Out|p2a: Megaman
|-damage|p2a: Megaman|91/100
|move|p1b: Gholdengo|Nasty Plot|p1b: Gholdengo
|-boost|p1b: Gholdengo|spa|2
|move|p2b: Bear with me|Headlong Rush|p1b: Gholdengo
|-damage|p1b: Gholdengo|50/100
|-unboost|p2b: Bear with me|def|1
|-unboost|p2b: Bear with me|spd|1
|cant|p2a: Megaman|flinch
|
|-status|p2b: Bear with me|brn|[from] item: Flame Orb
|upkeep
|turn|2
|inactive|Wikdchikn has 30 seconds left.
|inactive|CianMck18 has 30 seconds left.
|
|t:|1757761675
|switch|p1a: Amoonguss|Amoonguss, L50, M, shiny|100/100
|move|p1b: Gholdengo|Protect|p1b: Gholdengo
|-singleturn|p1b: Gholdengo|Protect
|move|p2a: Megaman|Wide Guard|p2a: Megaman
|-singleturn|p2a: Megaman|Wide Guard
|move|p2b: Bear with me|Earthquake|p1b: Gholdengo|[spread] p1a
|-activate|p2a: Megaman|move: Wide Guard
|-activate|p1b: Gholdengo|move: Protect
|-damage|p1a: Amoonguss|64/100
|
|-damage|p2b: Bear with me|95/100 brn|[from] brn
|upkeep
|turn|3
|inactive|Wikdchikn has 30 seconds left.
|
|t:|1757761708
|switch|p1a: Incineroar|Incineroar, L50, F, shiny|100/100
|-ability|p1a: Incineroar|Intimidate|boost
|-unboost|p2a: Megaman|atk|1
|-unboost|p2b: Bear with me|atk|1
|move|p2a: Megaman|Helping Hand|p2b: Bear with me
|-singleturn|p2b: Bear with me|Helping Hand|[of] p2a: Megaman
|move|p1b: Gholdengo|Shadow Ball|p2a: Megaman
|-supereffective|p2a: Megaman
|-damage|p2a: Megaman|0 fnt
|faint|p2a: Megaman
|-damage|p1b: Gholdengo|40/100|[from] item: Life Orb
|move|p2b: Bear with me|Earthquake|p1b: Gholdengo|[spread] p1a,p1b
|-supereffective|p1a: Incineroar
|-damage|p1a: Incineroar|0 fnt
|-damage|p1b: Gholdengo|0 fnt
|faint|p1a: Incineroar
|faint|p1b: Gholdengo
|
|-damage|p2b: Bear with me|89/100 brn|[from] brn
|upkeep
|
|t:|1757761727
|switch|p1b: Amoonguss|Amoonguss, L50, M, shiny|98/100
|switch|p1a: Flamigo|Flamigo, L50, M, shiny|100/100
|switch|p2a: Olive You|Arboliva, L50, M|100/100
|turn|4
|
|t:|1757761748
|move|p1a: Flamigo|Wide Guard|p1a: Flamigo
|-singleturn|p1a: Flamigo|Wide Guard
|move|p1b: Amoonguss|Sludge Bomb|p2a: Olive You
|-supereffective|p2a: Olive You
|-damage|p2a: Olive You|50/100
|-fieldstart|move: Grassy Terrain|[from] ability: Seed Sower|[of] p2a: Olive You
|move|p2b: Bear with me|Facade|p1b: Amoonguss
|-damage|p1b: Amoonguss|44/100
|move|p2a: Olive You|Dazzling Gleam|p1a: Flamigo|[spread] 
|-activate|p1a: Flamigo|move: Wide Guard
|-activate|p1b: Amoonguss|move: Wide Guard
|
|-heal|p1b: Amoonguss|50/100|[from] Grassy Terrain
|-heal|p2b: Bear with me|95/100 brn|[from] Grassy Terrain
|-heal|p2a: Olive You|56/100|[from] Grassy Terrain
|-damage|p2b: Bear with me|89/100 brn|[from] brn
|upkeep
|turn|5
|
|t:|1757761761
|switch|p2b: Selkie and Smooth|Primarina, L50, M|100/100
|move|p1a: Flamigo|Close Combat|p2b: Selkie and Smooth
|-resisted|p2b: Selkie and Smooth
|-crit|p2b: Selkie and Smooth
|-damage|p2b: Selkie and Smooth|44/100
|-unboost|p1a: Flamigo|def|1
|-unboost|p1a: Flamigo|spd|1
|move|p1b: Amoonguss|Sludge Bomb|p2a: Olive You
|-supereffective|p2a: Olive You
|-damage|p2a: Olive You|5/100
|-status|p2a: Olive You|psn
|move|p2a: Olive You|Dazzling Gleam|p1b: Amoonguss|[spread] p1a,p1b
|-supereffective|p1a: Flamigo
|-resisted|p1b: Amoonguss
|-enditem|p1a: Flamigo|Focus Sash
|-damage|p1a: Flamigo|1/100
|-damage|p1b: Amoonguss|35/100
|
|-heal|p2b: Selkie and Smooth|50/100|[from] Grassy Terrain
|-heal|p1b: Amoonguss|41/100|[from] Grassy Terrain
|-heal|p2a: Olive You|11/100 psn|[from] Grassy Terrain
|-damage|p2a: Olive You|0 fnt|[from] psn
|faint|p2a: Olive You
|upkeep
|
|t:|1757761778
|switch|p2a: Bear with me|Ursaluna, L50, F|89/100 brn
|turn|6
|
|t:|1757761802
|-terastallize|p2a: Bear with me|Ghost
|move|p2b: Selkie and Smooth|Protect|p2b: Selkie and Smooth
|-singleturn|p2b: Selkie and Smooth|Protect
|move|p1a: Flamigo|Close Combat|p2a: Bear with me
|-damage|p2a: Bear with me|50/100 brn
|-unboost|p1a: Flamigo|def|1
|-unboost|p1a: Flamigo|spd|1
|move|p1b: Amoonguss|Sludge Bomb|p2b: Selkie and Smooth
|-activate|p2b: Selkie and Smooth|move: Protect
|move|p2a: Bear with me|Facade|p1b: Amoonguss
|-damage|p1b: Amoonguss|0 fnt
|faint|p1b: Amoonguss
|
|-heal|p2b: Selkie and Smooth|56/100|[from] Grassy Terrain
|-heal|p2a: Bear with me|56/100 brn|[from] Grassy Terrain
|-damage|p2a: Bear with me|50/100 brn|[from] brn
|upkeep
|turn|7
|-message|CianMck18 forfeited.
|
|win|Wikdchikn
|l|☆CianMck18
|player|p1|
||CianMck18 is ready for game 2.
||Wikdchikn is ready for game 2.
|uhtml|next|Next: Game 2 of 3
|l|☆Wikdchikn
|player|p2|
