|j|☆TYRGHASAD
|j|☆DrDooginbun
|html|TYRGHASADDrDooginbun    
|uhtml|bestof|Game 2 of a best-of-3
|t:|1785026191
|gametype|doubles
|player|p1|TYRGHASAD|102|
|player|p2|DrDooginbun|265|
|gen|9
|tier|[Gen 9 Champions] VGC 2026 Reg M-B (Bo3)
|rule|Species Clause: Limit one of each Pokémon
|rule|Item Clause: Limit 1 of each item
|clearpoke
|poke|p1|Emboar, L50, M, shiny|
|poke|p1|Whimsicott, L50, F|
|poke|p1|Metagross, L50|
|poke|p1|Corviknight, L50, M|
|poke|p1|Primarina, L50, M|
|poke|p1|Tsareena, L50, F|
|poke|p2|Pelipper, L50, M|
|poke|p2|Archaludon, L50, M|
|poke|p2|Basculegion, L50, M|
|poke|p2|Dragonite, L50, F, shiny|
|poke|p2|Toxapex, L50, M, shiny|
|poke|p2|Charizard, L50, F|
|teampreview|4
|showteam|p1|Emboar||Emboarite|Blaze|FlareBlitz,Protect,Earthquake,SuckerPunch|Adamant||M|||50|]Whimsicott||FocusSash|Prankster|GigaDrain,DazzlingGleam,Protect,Tailwind|Timid||F|||50|]Metagross||Leftovers|ClearBody|BodyPress,Earthquake,PsychicFangs,BulletPunch|Relaxed|||||50|]Corviknight||SitrusBerry|Pressure|BraveBird,IronDefense,Uturn,Roost|Impish||M|||50|]Primarina||LifeOrb|Torrent|CalmMind,Surf,Moonblast,Substitute|Modest||M|||50|]Tsareena||LumBerry|QueenlyMajesty|PowerWhip,KnockOff,Protect,Uturn|Jolly||F|||50|
|showteam|p2|Pelipper||DampRock|Drizzle|Tailwind,Uturn,Protect,Hurricane|Calm||M|||50|]Archaludon||Leftovers|Stamina|ElectroShot,DracoMeteor,AuraSphere,Protect|Modest||M|||50|]Basculegion||LifeOrb|SwiftSwim|WaveCrash,FlipTurn,LastRespects,PsychicFangs|Careful||M|||50|]Dragonite||Dragoninite|Multiscale|Hurricane,Thunder,DracoMeteor,Protect|Bold||F|||50|]Toxapex||SitrusBerry|Merciless|BanefulBunker,ToxicSpikes,SludgeWave,Recover|Calm||M|||50|]Charizard||ChoiceScarf|Blaze|WillOWisp,Protect,WeatherBall,Hurricane|Modest||F|||50|
|
|t:|1785026213
|teamsize|p1|4
|teamsize|p2|4
|start
|switch|p1a: Whimsicott|Whimsicott, L50, F|100/100
|switch|p1b: Primarina|Primarina, L50, M|100/100
|switch|p2a: Pelipper|Pelipper, L50, M|100/100
|switch|p2b: Archaludon|Archaludon, L50, M|100/100
|-weather|RainDance|[from] ability: Drizzle|[of] p2a: Pelipper
|turn|1
|
|t:|1785026232
|move|p1a: Whimsicott|Tailwind|p1a: Whimsicott
|-sidestart|p1: TYRGHASAD|move: Tailwind
|move|p1b: Primarina|Moonblast|p2b: Archaludon
|-damage|p2b: Archaludon|25/100
|-ability|p2b: Archaludon|Stamina|boost
|-boost|p2b: Archaludon|def|1
|-damage|p1b: Primarina|90/100|[from] item: Life Orb
|move|p2b: Archaludon|Electro Shot||[still]
|-prepare|p2b: Archaludon|Electro Shot
|-boost|p2b: Archaludon|spa|1
|-anim|p2b: Archaludon|Electro Shot|p1b: Primarina
|-supereffective|p1b: Primarina|1
|-damage|p1b: Primarina|0 fnt
|faint|p1b: Primarina
|move|p2a: Pelipper|Tailwind|p2a: Pelipper
|-sidestart|p2: DrDooginbun|move: Tailwind
|
|-weather|RainDance|[upkeep]
|-heal|p2b: Archaludon|31/100|[from] item: Leftovers
|upkeep
|
|t:|1785026248
|switch|p1b: Metagross|Metagross, L50|100/100
|turn|2
|
|t:|1785026272
|move|p2b: Archaludon|Protect|p2b: Archaludon
|-singleturn|p2b: Archaludon|Protect
|move|p1b: Metagross|Bullet Punch|p2b: Archaludon
|-activate|p2b: Archaludon|move: Protect
|move|p1a: Whimsicott|Dazzling Gleam|p2b: Archaludon|[spread] p2a
|-activate|p2b: Archaludon|move: Protect
|-damage|p2a: Pelipper|78/100
|move|p2a: Pelipper|Hurricane|p1a: Whimsicott
|-supereffective|p1a: Whimsicott|1
|-enditem|p1a: Whimsicott|Focus Sash
|-damage|p1a: Whimsicott|1/100
|-start|p1a: Whimsicott|confusion
|
|-weather|RainDance|[upkeep]
|-heal|p2b: Archaludon|37/100|[from] item: Leftovers
|upkeep
|turn|3
|
|t:|1785026298
|switch|p2b: Charizard|Charizard, L50, F|100/100
|-activate|p1a: Whimsicott|confusion
|move|p1a: Whimsicott|Giga Drain|p2a: Pelipper
|-damage|p2a: Pelipper|49/100
|-heal|p1a: Whimsicott|18/100|[from] drain|[of] p2a: Pelipper
|move|p2a: Pelipper|Hurricane|p1a: Whimsicott
|-supereffective|p1a: Whimsicott|1
|-damage|p1a: Whimsicott|0 fnt
|faint|p1a: Whimsicott
|move|p1b: Metagross|Earthquake|p2a: Pelipper|[spread] 
|-immune|p2a: Pelipper
|-immune|p2b: Charizard
|
|-weather|RainDance|[upkeep]
|upkeep
|
|t:|1785026313
|switch|p1a: Emboar|Emboar, L50, M, shiny|100/100
|turn|4
|
|t:|1785026330
|detailschange|p1a: Emboar|Emboar-Mega, L50, M, shiny
|-mega|p1a: Emboar|Emboar|Emboarite
|-ability|p1a: Emboar|Mold Breaker
|move|p1a: Emboar|Protect|p1a: Emboar
|-singleturn|p1a: Emboar|Protect
|move|p2b: Charizard|Weather Ball|p1a: Emboar
|-activate|p1a: Emboar|move: Protect
|move|p2a: Pelipper|Hurricane|p1a: Emboar
|-activate|p1a: Emboar|move: Protect
|move|p1b: Metagross|Psychic Fangs|p2a: Pelipper
|-damage|p2a: Pelipper|11/100
|
|-weather|RainDance|[upkeep]
|-sideend|p1: TYRGHASAD|move: Tailwind
|-sideend|p2: DrDooginbun|move: Tailwind
|upkeep
|turn|5
|
|t:|1785026351
|move|p1a: Emboar|Sucker Punch|p2b: Charizard
|-damage|p2b: Charizard|54/100
|move|p1b: Metagross|Bullet Punch|p2a: Pelipper
|-resisted|p2a: Pelipper|1
|-damage|p2a: Pelipper|1/100
|move|p2b: Charizard|Weather Ball|p1a: Emboar
|-supereffective|p1a: Emboar|1
|-damage|p1a: Emboar|23/100
|move|p2a: Pelipper|Hurricane|p1a: Emboar
|-supereffective|p1a: Emboar|1
|-damage|p1a: Emboar|0 fnt
|faint|p1a: Emboar
|
|-weather|RainDance|[upkeep]
|upkeep
|turn|6
|
|t:|1785026372
|move|p2b: Charizard|Weather Ball|p1b: Metagross
|-damage|p1b: Metagross|43/100
|move|p2a: Pelipper|U-turn|p1b: Metagross
|-damage|p1b: Metagross|37/100
|
|t:|1785026378
|switch|p2a: Dragonite|Dragonite, L50, F, shiny|100/100|[from] U-turn
|move|p1b: Metagross|Psychic Fangs|p2b: Charizard
|-damage|p2b: Charizard|3/100
|
|-weather|RainDance|[upkeep]
|-heal|p1b: Metagross|43/100|[from] item: Leftovers
|upkeep
|turn|7
|
|t:|1785026392
|move|p1b: Metagross|Bullet Punch|p2b: Charizard
|-resisted|p2b: Charizard|1
|-damage|p2b: Charizard|0 fnt
|faint|p2b: Charizard
|move|p2a: Dragonite|Thunder|p1b: Metagross
|-damage|p1b: Metagross|13/100
|
|-weather|RainDance|[upkeep]
|-heal|p1b: Metagross|19/100|[from] item: Leftovers
|upkeep
|
|t:|1785026402
|switch|p2b: Archaludon|Archaludon, L50, M|37/100
|turn|8
|
|t:|1785026410
|detailschange|p2a: Dragonite|Dragonite-Mega, L50, F, shiny
|-mega|p2a: Dragonite|Dragonite|Dragoninite
|move|p2a: Dragonite|Thunder|p1b: Metagross
|-damage|p1b: Metagross|0 fnt
|faint|p1b: Metagross
|
|win|DrDooginbun
