|j|☆LumiRev
|j|☆JamBear007
|html|LumiRevJamBear007    
|uhtml|bestof|Game 1 of a best-of-3
|t:|1757903221
|gametype|doubles
|player|p1|LumiRev|266|
|player|p2|JamBear007|skyla|
|gen|9
|tier|[Gen 9] VGC 2025 Reg H (Bo3)
|rule|Species Clause: Limit one of each Pokémon
|rule|Item Clause: Limit 1 of each item
|clearpoke
|poke|p1|Ursaluna, L50, F|
|poke|p1|Torkoal, L50, F|
|poke|p1|Jumpluff, L50, M|
|poke|p1|Incineroar, L50, M|
|poke|p1|Dusclops, L50, M|
|poke|p1|Charizard, L50, F|
|poke|p2|Sneasler, L50, M|
|poke|p2|Indeedee, L50, M|
|poke|p2|Azumarill, L50, M|
|poke|p2|Alcremie-Caramel-Swirl, L50, F|
|poke|p2|Gliscor, L50, F|
|poke|p2|Hydrapple, L50, M|
|teampreview|4
|showteam|p1|Ursaluna||FlameOrb|Guts|Facade,HeadlongRush,Earthquake,Protect|||F|||50|,,,,,Ghost]Torkoal||EjectPack|Drought|Eruption,Overheat,HelpingHand,Protect|||F|||50|,,,,,Fire]Jumpluff||CovertCloak|Chlorophyll|SleepPowder,RagePowder,SunnyDay,Tailwind|||M|||50|,,,,,Water]Incineroar||SafetyGoggles|Intimidate|FakeOut,PartingShot,KnockOff,FlareBlitz|||M|||50|,,,,,Ghost]Dusclops||Eviolite|Pressure|WillOWisp,HelpingHand,SunnyDay,TrickRoom|||M|||50|,,,,,Flying]Charizard||ChoiceSpecs|SolarPower|HeatWave,AirSlash,WeatherBall,Overheat|||F|||50|,,,,,Ghost
|showteam|p2|Sneasler||PsychicSeed|Unburden|CloseCombat,DireClaw,Uturn,Protect|||M|||50|,,,,,Stellar]Indeedee||SitrusBerry|PsychicSurge|ExpandingForce,TrickRoom,Imprison,TeraBlast|||M|||50|,,,,,Psychic]Azumarill||SafetyGoggles|HugePower|Liquidation,PlayRough,HelpingHand,KnockOff|||M|||50|,,,,,Water]Alcremie-Caramel-Swirl||Leftovers|AromaVeil|DazzlingGleam,Decorate,Encore,CalmMind|||F|||50|,,,,,Grass]Gliscor||ToxicOrb|PoisonHeal|Protect,Crabhammer,HighHorsepower,Tailwind|||F|||50|,,,,,Water]Hydrapple||AssaultVest|SupersweetSyrup|HydroPump,DracoMeteor,EnergyBall,EarthPower|||M|||50|,,,,,Water
|
|t:|1757903256
|teamsize|p1|4
|teamsize|p2|4
|start
|switch|p1a: Incineroar|Incineroar, L50, M|100/100
|switch|p1b: Dusclops|Dusclops, L50, M|100/100
|switch|p2a: weewoo weewoo|Indeedee, L50, M|100/100
|switch|p2b: Candy Crush Saga|Alcremie-Caramel-Swirl, L50, F|100/100
|-ability|p1a: Incineroar|Intimidate|boost
|-unboost|p2a: weewoo weewoo|atk|1
|-unboost|p2b: Candy Crush Saga|atk|1
|-fieldstart|move: Psychic Terrain|[from] ability: Psychic Surge|[of] p2a: weewoo weewoo
|-ability|p1b: Dusclops|Pressure
|turn|1
|
|t:|1757903298
|move|p1a: Incineroar|Fake Out|p2a: weewoo weewoo
|-activate|p2a: weewoo weewoo|move: Psychic Terrain
|move|p2a: weewoo weewoo|Expanding Force|p1a: Incineroar|[spread] p1b
|-immune|p1a: Incineroar
|-damage|p1b: Dusclops|70/100
|move|p2b: Candy Crush Saga|Calm Mind|p2b: Candy Crush Saga
|-boost|p2b: Candy Crush Saga|spa|1
|-boost|p2b: Candy Crush Saga|spd|1
|move|p1b: Dusclops|Trick Room|p1b: Dusclops
|-fieldstart|move: Trick Room|[of] p1b: Dusclops
|
|upkeep
|turn|2
|
|t:|1757903331
|move|p1b: Dusclops|Helping Hand|p1a: Incineroar
|-singleturn|p1a: Incineroar|Helping Hand|[of] p1b: Dusclops
|move|p2b: Candy Crush Saga|Dazzling Gleam|p1b: Dusclops|[spread] p1a,p1b
|-damage|p1a: Incineroar|63/100
|-damage|p1b: Dusclops|51/100
|move|p1a: Incineroar|Knock Off|p2a: weewoo weewoo
|-supereffective|p2a: weewoo weewoo
|-damage|p2a: weewoo weewoo|0 fnt
|-enditem|p2a: weewoo weewoo|Sitrus Berry|[from] move: Knock Off|[of] p1a: Incineroar
|faint|p2a: weewoo weewoo
|
|upkeep
|
|t:|1757903340
|switch|p2a: Double Barrel|Hydrapple, L50, M, shiny|100/100
|-ability|p2a: Double Barrel|Supersweet Syrup
|-unboost|p1a: Incineroar|evasion|1
|-unboost|p1b: Dusclops|evasion|1
|turn|3
|
|t:|1757903354
|move|p1b: Dusclops|Sunny Day|p1b: Dusclops
|-weather|SunnyDay
|move|p2a: Double Barrel|Hydro Pump|p1a: Incineroar
|-supereffective|p1a: Incineroar
|-damage|p1a: Incineroar|29/100
|move|p2b: Candy Crush Saga|Decorate|p2a: Double Barrel
|-boost|p2a: Double Barrel|atk|2
|-boost|p2a: Double Barrel|spa|2
|move|p1a: Incineroar|Flare Blitz|p2a: Double Barrel
|-damage|p2a: Double Barrel|37/100
|-damage|p1a: Incineroar|8/100|[from] Recoil
|
|-weather|SunnyDay|[upkeep]
|upkeep
|turn|4
|
|t:|1757903385
|move|p1b: Dusclops|Will-O-Wisp|p2a: Double Barrel
|-status|p2a: Double Barrel|brn
|move|p2a: Double Barrel|Energy Ball|p1b: Dusclops
|-damage|p1b: Dusclops|0 fnt
|faint|p1b: Dusclops
|move|p2b: Candy Crush Saga|Dazzling Gleam|p1a: Incineroar
|-damage|p1a: Incineroar|0 fnt
|faint|p1a: Incineroar
|
|-weather|SunnyDay|[upkeep]
|-damage|p2a: Double Barrel|30/100 brn|[from] brn
|upkeep
|
|t:|1757903395
|switch|p1b: Torkoal|Torkoal, L50, F|100/100
|switch|p1a: Ursaluna|Ursaluna, L50, F|100/100
|turn|5
|
|t:|1757903425
|-terastallize|p1b: Torkoal|Fire
|-terastallize|p2a: Double Barrel|Water
|move|p1b: Torkoal|Eruption|p2b: Candy Crush Saga|[spread] p2a,p2b
|-resisted|p2a: Double Barrel
|-damage|p2a: Double Barrel|0 fnt
|-damage|p2b: Candy Crush Saga|59/100
|faint|p2a: Double Barrel
|move|p2b: Candy Crush Saga|Calm Mind|p2b: Candy Crush Saga
|-boost|p2b: Candy Crush Saga|spa|1
|-boost|p2b: Candy Crush Saga|spd|1
|move|p1a: Ursaluna|Facade|p2b: Candy Crush Saga
|-damage|p2b: Candy Crush Saga|0 fnt
|faint|p2b: Candy Crush Saga
|
|-weather|SunnyDay|[upkeep]
|-fieldend|move: Trick Room
|-fieldend|move: Psychic Terrain
|-status|p1a: Ursaluna|brn|[from] item: Flame Orb
|upkeep
|
|t:|1757903444
|switch|p2a: ChaChaRealSmooth|Sneasler, L50, M|100/100
|turn|6
|
|t:|1757903473
|move|p2a: ChaChaRealSmooth|Protect|p2a: ChaChaRealSmooth
|-singleturn|p2a: ChaChaRealSmooth|Protect
|move|p1a: Ursaluna|Headlong Rush|p2a: ChaChaRealSmooth
|-activate|p2a: ChaChaRealSmooth|move: Protect
|move|p1b: Torkoal|Overheat|p2a: ChaChaRealSmooth
|-activate|p2a: ChaChaRealSmooth|move: Protect
|
|-weather|SunnyDay|[upkeep]
|-damage|p1a: Ursaluna|95/100 brn|[from] brn
|upkeep
|turn|7
|
|t:|1757903493
|move|p2a: ChaChaRealSmooth|Protect||[still]
|-fail|p2a: ChaChaRealSmooth
|move|p1a: Ursaluna|Headlong Rush|p2a: ChaChaRealSmooth
|-supereffective|p2a: ChaChaRealSmooth
|-damage|p2a: ChaChaRealSmooth|0 fnt
|-unboost|p1a: Ursaluna|def|1
|-unboost|p1a: Ursaluna|spd|1
|faint|p2a: ChaChaRealSmooth
|
|win|LumiRev
||JamBear007 is ready for game 2.
|inactive|LumiRev has 30 seconds to confirm battle start!
||LumiRev is ready for game 2.
|uhtml|next|Next: Game 2 of 3
|j| Uniursh
