|j|☆alfomaster
|j|☆BloomingDino
|html|alfomasterBloomingDino    
|uhtml|bestof|Game 1 of a best-of-3
|t:|1784283831
|gametype|doubles
|player|p1|alfomaster|102|
|player|p2|BloomingDino|1|
|gen|9
|tier|[Gen 9 Champions] VGC 2026 Reg M-B (Bo3)
|rule|Species Clause: Limit one of each Pokémon
|rule|Item Clause: Limit 1 of each item
|clearpoke
|poke|p1|Blaziken, L50, F|
|poke|p1|Milotic, L50, F|
|poke|p1|Farigiraf, L50, F|
|poke|p1|Scizor, L50, M|
|poke|p1|Meowstic, L50, M|
|poke|p1|Rotom-Heat, L50|
|poke|p2|Floette-Eternal, L50, F|
|poke|p2|Sneasler, L50, F, shiny|
|poke|p2|Arcanine-Hisui, L50, F, shiny|
|poke|p2|Grimmsnarl, L50, M, shiny|
|poke|p2|Samurott-Hisui, L50, F, shiny|
|poke|p2|Emolga, L50, F, shiny|
|teampreview|4
|showteam|p1|Blaziken||Charcoal|SpeedBoost|Protect,FlareBlitz,CloseCombat,RockSlide|Adamant||F|||50|]Milotic||Leftovers|Competitive|Scald,IceBeam,Recover,Protect|Bold||F|||50|]Farigiraf||SitrusBerry|ArmorTail|PsychicNoise,HelpingHand,TrickRoom,Protect|Sassy||F|||50|]Scizor||LifeOrb|Technician|BulletPunch,Uturn,CloseCombat,Protect|Impish||M|||50|]Meowstic||FocusSash|Prankster|FakeOut,HelpingHand,ThunderWave,Psychic|Sassy||M|||50|]Rotom-Heat||ExpertBelt|Levitate|Overheat,Thunderbolt,WillOWisp,Protect|Calm|||||50|
|showteam|p2|Floette-Eternal||Floettite|FlowerVeil|LightofRuin,Protect,Moonblast,Wish|Timid||F|||50|]Sneasler||ChoiceScarf|Unburden|FakeOut,FirePunch,DireClaw,ThroatChop|Adamant||F|||50|]Arcanine-Hisui||BabiriBerry|RockHead|WildCharge,FlareBlitz,HeadSmash,HelpingHand|Jolly||F|||50|]Grimmsnarl||BrightPowder|Prankster|Reflect,LightScreen,StompingTantrum,SuckerPunch|Adamant||M|||50|]Samurott-Hisui||ExpertBelt|Sharpness|CeaselessEdge,HelpingHand,RazorShell,DrillRun|Jolly||F|||50|]Emolga||ChartiBerry|MotorDrive|VoltSwitch,Nuzzle,Electroweb,EnergyBall|Mild||F|||50|
|j| xlili200x
|c|☆BloomingDino|thanks wasn’t working
|c|☆BloomingDino|glhf
|inactive|Battle timer is ON: inactive players will automatically lose when time's up. (requested by alfomaster)
|inactive|BloomingDino has 60 seconds left.
|
|t:|1784283933
|teamsize|p1|4
|teamsize|p2|4
|start
|switch|p1a: Blaziken|Blaziken, L50, F|100/100
|switch|p1b: Milotic|Milotic, L50, F|100/100
|switch|p2a: Samurott|Samurott-Hisui, L50, F, shiny|100/100
|switch|p2b: Emolga|Emolga, L50, F, shiny|100/100
|turn|1
|c|☆BloomingDino|why you turn timer on
|c|☆BloomingDino|you that impatient
|inactive|BloomingDino has 30 seconds left.
|inactive|BloomingDino has 20 seconds left.
|
|t:|1784283972
|move|p2b: Emolga|Nuzzle|p1b: Milotic
|-supereffective|p1b: Milotic|1
|-damage|p1b: Milotic|91/100
|-status|p1b: Milotic|par
|move|p2a: Samurott|Razor Shell|p1a: Blaziken
|-supereffective|p1a: Blaziken|1
|-damage|p1a: Blaziken|0 fnt
|faint|p1a: Blaziken
|move|p1b: Milotic|Ice Beam|p2b: Emolga
|-supereffective|p2b: Emolga|1
|-damage|p2b: Emolga|4/100
|
|-heal|p1b: Milotic|97/100 par|[from] item: Leftovers
|upkeep
|
|t:|1784283993
|switch|p1a: Scizor|Scizor, L50, M|100/100
|turn|2
|inactive|BloomingDino has 30 seconds left.
|inactive|BloomingDino has 20 seconds left.
|
|t:|1784284030
|move|p2b: Emolga|Electroweb|p1a: Scizor|[spread] p1a,p1b
|-supereffective|p1b: Milotic|1
|-damage|p1a: Scizor|80/100
|-damage|p1b: Milotic|72/100 par
|-unboost|p1a: Scizor|spe|1
|-unboost|p1b: Milotic|spe|1
|-ability|p1b: Milotic|Competitive|boost
|-boost|p1b: Milotic|spa|2
|move|p2a: Samurott|Ceaseless Edge|p1b: Milotic
|-damage|p1b: Milotic|41/100 par
|-sidestart|p1: alfomaster|Spikes
|move|p1a: Scizor|Close Combat|p2a: Samurott
|-supereffective|p2a: Samurott|1
|-damage|p2a: Samurott|0 fnt
|-unboost|p1a: Scizor|def|1
|-unboost|p1a: Scizor|spd|1
|faint|p2a: Samurott
|-damage|p1a: Scizor|71/100|[from] item: Life Orb
|move|p1b: Milotic|Ice Beam|p2b: Emolga
|-supereffective|p2b: Emolga|1
|-damage|p2b: Emolga|0 fnt
|faint|p2b: Emolga
|
|-heal|p1b: Milotic|47/100 par|[from] item: Leftovers
|upkeep
|inactive|BloomingDino has 30 seconds left.
|
|t:|1784284057
|switch|p2b: Sneasler|Sneasler, L50, F, shiny|100/100
|switch|p2a: Floette|Floette-Eternal, L50, F|100/100
|turn|3
|inactive|alfomaster has 30 seconds left.
|
|t:|1784284086
|detailschange|p2a: Floette|Floette-Mega, L50, F
|-mega|p2a: Floette|Floette|Floettite
|-ability|p2a: Floette|Fairy Aura
|move|p2a: Floette|Protect|p2a: Floette
|-singleturn|p2a: Floette|Protect
|move|p1a: Scizor|Bullet Punch|p2a: Floette
|-activate|p2a: Floette|move: Protect
|move|p2b: Sneasler|Fire Punch|p1a: Scizor
|-supereffective|p1a: Scizor|2
|-damage|p1a: Scizor|0 fnt
|faint|p1a: Scizor
|move|p1b: Milotic|Ice Beam|p2b: Sneasler
|-damage|p2b: Sneasler|44/100
|
|-heal|p1b: Milotic|52/100 par|[from] item: Leftovers
|upkeep
|j| mimimorris
|
|t:|1784284104
|switch|p1a: Rotom|Rotom-Heat, L50|100/100
|turn|4
|inactive|BloomingDino has 30 seconds left.
|inactive|BloomingDino has 20 seconds left.
|inactive|BloomingDino has 15 seconds left.
|inactive|BloomingDino has 10 seconds left.
|
|t:|1784284150
|move|p2b: Sneasler|Fire Punch|p1a: Rotom
|-resisted|p1a: Rotom|1
|-damage|p1a: Rotom|85/100
|move|p2a: Floette|Light of Ruin|p1b: Milotic|[miss]
|-miss|p2a: Floette|p1b: Milotic
|move|p1a: Rotom|Will-O-Wisp|p2a: Floette
|-status|p2a: Floette|brn
|move|p1b: Milotic|Ice Beam|p2b: Sneasler
|-damage|p2b: Sneasler|0 fnt
|faint|p2b: Sneasler
|
|-heal|p1b: Milotic|58/100 par|[from] item: Leftovers
|-damage|p2a: Floette|93/100 brn|[from] brn
|upkeep
|turn|5
|l| mimimorris
|inactive|alfomaster has 30 seconds left.
|inactive|BloomingDino has 30 seconds left.
|inactive|alfomaster has 20 seconds left.
|
|t:|1784284192
|move|p2a: Floette|Moonblast|p1b: Milotic
|-damage|p1b: Milotic|12/100 par
|move|p1a: Rotom|Thunderbolt|p2a: Floette
|-damage|p2a: Floette|72/100 brn
|move|p1b: Milotic|Recover|p1b: Milotic
|-heal|p1b: Milotic|62/100 par
|
|-heal|p1b: Milotic|68/100 par|[from] item: Leftovers
|-damage|p2a: Floette|66/100 brn|[from] brn
|upkeep
|turn|6
|
|t:|1784284214
|move|p2a: Floette|Moonblast|p1a: Rotom
|-resisted|p1a: Rotom|1
|-damage|p1a: Rotom|61/100
|move|p1a: Rotom|Overheat|p2a: Floette
|-damage|p2a: Floette|34/100 brn
|-unboost|p1a: Rotom|spa|2
|move|p1b: Milotic|Ice Beam|p2a: Floette
|-damage|p2a: Floette|3/100 brn
|
|-heal|p1b: Milotic|74/100 par|[from] item: Leftovers
|-damage|p2a: Floette|0 fnt|[from] brn
|faint|p2a: Floette
|
|win|alfomaster
|inactive|alfomaster has 30 seconds to confirm battle start!
|inactive|BloomingDino has 30 seconds to confirm battle start!
|inactive|alfomaster has 20 seconds to confirm battle start!
|inactive|BloomingDino has 20 seconds to confirm battle start!
||BloomingDino is ready for game 2.
|l| xlili200x
|inactive|alfomaster has 10 seconds to confirm battle start!
