|j|☆Treit_3
|j|☆YuzukiVGC
|html|Treit_3YuzukiVGC    
|uhtml|bestof|Game 3 of a best-of-3
|t:|1783446341
|gametype|doubles
|player|p1|Treit_3|marshal|1172
|player|p2|YuzukiVGC|lucy|1179
|gen|9
|tier|[Gen 9 Champions] VGC 2026 Reg M-B (Bo3)
|rated|
|rule|Species Clause: Limit one of each Pokémon
|rule|Item Clause: Limit 1 of each item
|clearpoke
|poke|p1|Scrafty, L50, F|
|poke|p1|Blaziken, L50, F|
|poke|p1|Torterra, L50, M|
|poke|p1|Milotic, L50, M|
|poke|p1|Gholdengo, L50|
|poke|p1|Farigiraf, L50, M|
|poke|p2|Charizard, L50, F|
|poke|p2|Venusaur, L50, M|
|poke|p2|Garchomp, L50, M|
|poke|p2|Incineroar, L50, F|
|poke|p2|Sinistcha-Masterpiece, L50|
|poke|p2|Floette-Eternal, L50, F|
|teampreview|4
|showteam|p1|Scrafty||Scraftinite|Intimidate|FakeOut,Coaching,DrainPunch,ThroatChop|Adamant||F|||50|]Blaziken||Blazikenite|SpeedBoost|Detect,RockSlide,FlareBlitz,CloseCombat|Adamant||F|||50|]Torterra||Leftovers|ShellArmor|Protect,WideGuard,HeadlongRush,WoodHammer|Brave||M|||50|]Milotic||MysticWater|Competitive|Protect,Scald,MuddyWater,IceBeam|Modest||M|||50|]Gholdengo||LifeOrb|GoodasGold|Protect,NastyPlot,MakeItRain,ShadowBall|Modest|||||50|]Farigiraf||SitrusBerry|ArmorTail|Protect,TrickRoom,Thunderbolt,HyperVoice|Bold||M|||50|
|showteam|p2|Charizard||CharizarditeY|Blaze|Protect,HeatWave,WeatherBall,SolarBeam|Timid||F|||50|]Venusaur||FocusSash|Chlorophyll|Protect,SleepPowder,SludgeBomb,EarthPower|Timid||M|||50|]Garchomp||ChoiceScarf|SandVeil|Earthquake,RockSlide,StompingTantrum,DragonClaw|Jolly||M|||50|]Incineroar||SitrusBerry|Intimidate|FakeOut,PartingShot,FlareBlitz,ThroatChop|Adamant||F|||50|]Sinistcha-Masterpiece||KasibBerry|Hospitality|RagePowder,MatchaGotcha,TrickRoom,Protect|Relaxed|||||50|]Floette-Eternal||Floettite|FlowerVeil|Moonblast,DazzlingGleam,Protect,CalmMind|Relaxed||F|||50|
|inactive|Battle timer is ON: inactive players will automatically lose when time's up. (requested by Treit_3)
|inactive|Treit_3 has 60 seconds left.
|
|t:|1783446378
|teamsize|p1|4
|teamsize|p2|4
|start
|switch|p1a: Scrafty|Scrafty, L50, F|100/100
|switch|p1b: Blaziken|Blaziken, L50, F|100/100
|switch|p2a: Charizard|Charizard, L50, F|100/100
|switch|p2b: Venusaur|Venusaur, L50, M|100/100
|-ability|p1a: Scrafty|Intimidate|boost
|-unboost|p2a: Charizard|atk|1
|-unboost|p2b: Venusaur|atk|1
|turn|1
|
|t:|1783446394
|switch|p2a: Garchomp|Garchomp, L50, M|100/100
|detailschange|p1b: Blaziken|Blaziken-Mega, L50, F
|-mega|p1b: Blaziken|Blaziken|Blazikenite
|move|p2b: Venusaur|Protect|p2b: Venusaur
|-singleturn|p2b: Venusaur|Protect
|move|p1a: Scrafty|Fake Out|p2b: Venusaur
|-activate|p2b: Venusaur|move: Protect
|move|p1b: Blaziken|Rock Slide|p2b: Venusaur|[spread] p2a
|-activate|p2b: Venusaur|move: Protect
|-resisted|p2a: Garchomp|1
|-damage|p2a: Garchomp|87/100
|
|-ability|p1b: Blaziken|Speed Boost|boost
|-boost|p1b: Blaziken|spe|1
|upkeep
|turn|2
|
|t:|1783446414
|move|p1b: Blaziken|Detect|p1b: Blaziken
|-singleturn|p1b: Blaziken|Protect
|move|p2a: Garchomp|Stomping Tantrum|p1b: Blaziken
|-activate|p1b: Blaziken|move: Protect
|move|p2b: Venusaur|Sleep Powder|p1a: Scrafty|[miss]
|-miss|p2b: Venusaur|p1a: Scrafty
|move|p1a: Scrafty|Throat Chop|p2b: Venusaur
|-damage|p2b: Venusaur|56/100
|-start|p2b: Venusaur|Throat Chop|[silent]
|
|-ability|p1b: Blaziken|Speed Boost|boost
|-boost|p1b: Blaziken|spe|1
|upkeep
|turn|3
|inactive|Treit_3 has 30 seconds left.
|inactive|Treit_3 has 20 seconds left.
|inactive|Treit_3 has 15 seconds left.
|
|t:|1783446455
|switch|p1b: Farigiraf|Farigiraf, L50, M|100/100
|switch|p2b: Incineroar|Incineroar, L50, F|100/100
|-ability|p2b: Incineroar|Intimidate|boost
|-unboost|p1a: Scrafty|atk|1
|-unboost|p1b: Farigiraf|atk|1
|move|p2a: Garchomp|Stomping Tantrum|p1b: Farigiraf
|-damage|p1b: Farigiraf|71/100
|move|p1a: Scrafty|Coaching|p1b: Farigiraf
|-boost|p1b: Farigiraf|atk|1
|-boost|p1b: Farigiraf|def|1
|
|upkeep
|turn|4
|
|t:|1783446468
|switch|p1a: Milotic|Milotic, L50, M|100/100
|switch|p2b: Charizard|Charizard, L50, F|100/100
|move|p2a: Garchomp|Stomping Tantrum|p1a: Milotic
|-damage|p1a: Milotic|63/100
|move|p1b: Farigiraf|Trick Room|p1b: Farigiraf
|-fieldstart|move: Trick Room|[of] p1b: Farigiraf
|
|upkeep
|turn|5
|
|t:|1783446491
|detailschange|p2b: Charizard|Charizard-Mega-Y, L50, F
|-mega|p2b: Charizard|Charizard|Charizardite Y
|-weather|SunnyDay|[from] ability: Drought|[of] p2b: Charizard
|move|p1b: Farigiraf|Thunderbolt|p2b: Charizard
|-supereffective|p2b: Charizard|1
|-damage|p2b: Charizard|52/100
|move|p1a: Milotic|Ice Beam|p2a: Garchomp
|-supereffective|p2a: Garchomp|2
|-damage|p2a: Garchomp|0 fnt
|faint|p2a: Garchomp
|move|p2b: Charizard|Heat Wave|p1a: Milotic|[spread] p1a,p1b
|-resisted|p1a: Milotic|1
|-damage|p1a: Milotic|40/100
|-damage|p1b: Farigiraf|9/100
|-status|p1a: Milotic|brn
|-enditem|p1b: Farigiraf|Sitrus Berry|[eat]
|-heal|p1b: Farigiraf|33/100|[from] item: Sitrus Berry
|
|-weather|SunnyDay|[upkeep]
|-damage|p1a: Milotic|34/100 brn|[from] brn
|upkeep
|
|t:|1783446497
|switch|p2a: Venusaur|Venusaur, L50, M|56/100
|turn|6
|
|t:|1783446517
|move|p2a: Venusaur|Protect|p2a: Venusaur
|-singleturn|p2a: Venusaur|Protect
|move|p1b: Farigiraf|Hyper Voice|p2b: Charizard|[spread] p2b
|-activate|p2a: Venusaur|move: Protect
|-damage|p2b: Charizard|20/100y
|move|p1a: Milotic|Muddy Water|p2b: Charizard|[spread] p2b
|-activate|p2a: Venusaur|move: Protect
|-supereffective|p2b: Charizard|1
|-damage|p2b: Charizard|0 fnt
|faint|p2b: Charizard
|
|-weather|SunnyDay|[upkeep]
|-damage|p1a: Milotic|28/100 brn|[from] brn
|upkeep
|-message|YuzukiVGC forfeited.
|
|win|Treit_3
|raw|Treit_3's rating: 1172 → 1198(+26 for winning)
|raw|YuzukiVGC's rating: 1179 → 1153(-26 for losing)
|l|☆YuzukiVGC
|player|p2|
|c|☆Treit_3|gg
