|j|☆ultraclaw1
|j|☆Doomnik
|html|ultraclaw1Doomnik    
|uhtml|bestof|Game 1 of a best-of-3
|t:|1782544550
|gametype|doubles
|player|p1|ultraclaw1|alder|1190
|player|p2|Doomnik|volkner|1220
|gen|9
|tier|[Gen 9 Champions] VGC 2026 Reg M-B (Bo3)
|rated|
|rule|Species Clause: Limit one of each Pokémon
|rule|Item Clause: Limit 1 of each item
|clearpoke
|poke|p1|Raichu, L50, F|
|poke|p1|Incineroar, L50, M|
|poke|p1|Sinistcha-Masterpiece, L50|
|poke|p1|Froslass, L50, F|
|poke|p1|Whimsicott, L50, F|
|poke|p1|Garchomp, L50, F|
|poke|p2|Hydreigon, L50, M|
|poke|p2|Metagross, L50|
|poke|p2|Garchomp, L50, M|
|poke|p2|Grimmsnarl, L50, M|
|poke|p2|Toxapex, L50, M|
|poke|p2|Charizard, L50, F, shiny|
|teampreview|4
|showteam|p1|Raichu||RaichuniteY|LightningRod|NastyPlot,Protect,ZapCannon,FocusBlast|Modest||F|||50|]Incineroar||SitrusBerry|Intimidate|ThroatChop,FlareBlitz,PartingShot,FakeOut|Adamant||M|||50|]Sinistcha-Masterpiece||OccaBerry|Hospitality|TrickRoom,RagePowder,MatchaGotcha,StrengthSap|Sassy|||||50|]Froslass||Froslassite|CursedBody|Protect,NastyPlot,Blizzard,ShadowBall|Modest||F|||50|]Whimsicott||FocusSash|Prankster|Protect,Moonblast,Tailwind,Encore|Timid||F|||50|]Garchomp||LifeOrb|RoughSkin|DragonClaw,StompingTantrum,Protect,RockSlide|Jolly||F|||50|
|showteam|p2|Hydreigon||ChoiceScarf|Levitate|HeatWave,DarkPulse,Snarl,DracoMeteor|Modest||M|||50|]Metagross||Metagrossite|ClearBody|IronHead,BodyPress,BulletPunch,Protect|Adamant|||||50|]Garchomp||SitrusBerry|RoughSkin|Earthquake,DragonClaw,RockSlide,Protect|Adamant||M|||50|]Grimmsnarl||RoseliBerry|Prankster|PartingShot,Reflect,FakeOut,FoulPlay|Bold||M|||50|]Toxapex||Leftovers|Regenerator|Infestation,BanefulBunker,Toxic,WideGuard|Bold||M|||50|]Charizard||CharizarditeY|Blaze|WeatherBall,Protect,SolarBeam,HeatWave|Modest||F|||50|
|inactive|Battle timer is ON: inactive players will automatically lose when time's up. (requested by Doomnik)
|inactive|ultraclaw1 also wants the timer to be on.
|inactive|ultraclaw1 has 60 seconds left.
|inactive|Doomnik has 60 seconds left.
|inactive|Doomnik has 30 seconds left.
|inactive|Doomnik has 20 seconds left.
|inactive|Doomnik has 15 seconds left.
|
|t:|1782544627
|teamsize|p1|4
|teamsize|p2|4
|start
|switch|p1a: Raichu|Raichu, L50, F|100/100
|switch|p1b: Incineroar|Incineroar, L50, M|100/100
|switch|p2a: Grimmsnarl|Grimmsnarl, L50, M|100/100
|switch|p2b: Metagross|Metagross, L50|100/100
|-ability|p1b: Incineroar|Intimidate|boost
|-unboost|p2a: Grimmsnarl|atk|1
|-fail|p2b: Metagross|unboost|[from] ability: Clear Body|[of] p2b: Metagross
|turn|1
|
|t:|1782544639
|detailschange|p1a: Raichu|Raichu-Mega-Y, L50, F
|-mega|p1a: Raichu|Raichu|Raichunite Y
|detailschange|p2b: Metagross|Metagross-Mega, L50
|-mega|p2b: Metagross|Metagross|Metagrossite
|move|p1b: Incineroar|Fake Out|p2b: Metagross
|-resisted|p2b: Metagross|1
|-damage|p2b: Metagross|95/100
|move|p2a: Grimmsnarl|Fake Out|p1a: Raichu
|-crit|p1a: Raichu
|-damage|p1a: Raichu|68/100
|cant|p1a: Raichu|flinch
|cant|p2b: Metagross|flinch
|
|upkeep
|turn|2
|
|t:|1782544653
|move|p1a: Raichu|Protect|p1a: Raichu
|-singleturn|p1a: Raichu|Protect
|move|p2a: Grimmsnarl|Parting Shot|p1a: Raichu
|-activate|p1a: Raichu|move: Protect
|move|p2b: Metagross|Body Press|p1a: Raichu
|-activate|p1a: Raichu|move: Protect
|move|p1b: Incineroar|Parting Shot|p2b: Metagross
|-unboost|p2b: Metagross|atk|1
|-unboost|p2b: Metagross|spa|1
|
|t:|1782544674
|switch|p1b: Whimsicott|Whimsicott, L50, F|100/100|[from] Parting Shot
|
|upkeep
|turn|3
|
|t:|1782544684
|switch|p1a: Garchomp|Garchomp, L50, F|100/100
|move|p2a: Grimmsnarl|Parting Shot|p1a: Garchomp
|-unboost|p1a: Garchomp|atk|1
|-unboost|p1a: Garchomp|spa|1
|
|t:|1782544691
|switch|p2a: Hydreigon|Hydreigon, L50, M|100/100|[from] Parting Shot
|move|p1b: Whimsicott|Moonblast|p2a: Hydreigon
|-supereffective|p2a: Hydreigon|2
|-damage|p2a: Hydreigon|0 fnt
|faint|p2a: Hydreigon
|move|p2b: Metagross|Iron Head|p1b: Whimsicott
|-supereffective|p1b: Whimsicott|1
|-enditem|p1b: Whimsicott|Focus Sash
|-damage|p1b: Whimsicott|1/100
|
|upkeep
|
|t:|1782544703
|switch|p2a: Toxapex|Toxapex, L50, M|100/100
|turn|4
|
|t:|1782544717
|move|p1b: Whimsicott|Tailwind|p1b: Whimsicott
|-sidestart|p1: ultraclaw1|move: Tailwind
|move|p2b: Metagross|Bullet Punch|p1b: Whimsicott
|-supereffective|p1b: Whimsicott|1
|-damage|p1b: Whimsicott|0 fnt
|faint|p1b: Whimsicott
|move|p1a: Garchomp|Stomping Tantrum|p2b: Metagross
|-supereffective|p2b: Metagross|1
|-damage|p2b: Metagross|53/100
|-damage|p1a: Garchomp|90/100|[from] item: Life Orb
|move|p2a: Toxapex|Infestation|p1a: Garchomp
|-crit|p1a: Garchomp
|-damage|p1a: Garchomp|84/100
|-activate|p1a: Garchomp|move: Infestation|[of] p2a: Toxapex
|-damage|p2a: Toxapex|87/100|[from] ability: Rough Skin|[of] p1a: Garchomp
|
|-heal|p2a: Toxapex|93/100|[from] item: Leftovers
|-damage|p1a: Garchomp|72/100|[from] move: Infestation|[partiallytrapped]
|upkeep
|
|t:|1782544721
|switch|p1b: Raichu|Raichu-Mega-Y, L50, F|68/100
|turn|5
|
|t:|1782544739
|move|p2a: Toxapex|Baneful Bunker|p2a: Toxapex
|-singleturn|p2a: Toxapex|move: Protect
|move|p1b: Raichu|Zap Cannon|p2b: Metagross
|-damage|p2b: Metagross|0 fnt
|faint|p2b: Metagross
|move|p1a: Garchomp|Stomping Tantrum|p2a: Toxapex
|-activate|p2a: Toxapex|move: Protect
|-status|p1a: Garchomp|psn
|
|-heal|p2a: Toxapex|99/100|[from] item: Leftovers
|-damage|p1a: Garchomp|60/100 psn|[from] psn
|-damage|p1a: Garchomp|48/100 psn|[from] move: Infestation|[partiallytrapped]
|upkeep
|
|t:|1782544743
|switch|p2b: Grimmsnarl|Grimmsnarl, L50, M|100/100
|turn|6
|
|t:|1782544757
|move|p2b: Grimmsnarl|Fake Out|p1b: Raichu
|-damage|p1b: Raichu|49/100
|cant|p1b: Raichu|flinch
|move|p1a: Garchomp|Stomping Tantrum|p2b: Grimmsnarl
|-damage|p2b: Grimmsnarl|65/100
|-damage|p1a: Garchomp|38/100 psn|[from] item: Life Orb
|move|p2a: Toxapex|Toxic|p1b: Raichu
|-status|p1b: Raichu|tox
|
|-heal|p2a: Toxapex|100/100|[from] item: Leftovers
|-damage|p1b: Raichu|43/100 tox|[from] psn
|-damage|p1a: Garchomp|26/100 psn|[from] psn
|-damage|p1a: Garchomp|14/100 psn|[from] move: Infestation|[partiallytrapped]
|upkeep
|turn|7
|
|t:|1782544775
|move|p2a: Toxapex|Baneful Bunker|p2a: Toxapex
|-singleturn|p2a: Toxapex|move: Protect
|move|p2b: Grimmsnarl|Parting Shot|p1b: Raichu
|-unboost|p1b: Raichu|atk|1
|-unboost|p1b: Raichu|spa|1
|move|p1b: Raichu|Zap Cannon|p2b: Grimmsnarl
|-damage|p2b: Grimmsnarl|14/100
|-status|p2b: Grimmsnarl|par
|move|p1a: Garchomp|Stomping Tantrum|p2b: Grimmsnarl
|-crit|p2b: Grimmsnarl
|-damage|p2b: Grimmsnarl|0 fnt
|faint|p2b: Grimmsnarl
|-damage|p1a: Garchomp|4/100 psn|[from] item: Life Orb
|
|-damage|p1b: Raichu|32/100 tox|[from] psn
|-damage|p1a: Garchomp|0 fnt|[from] psn
|faint|p1a: Garchomp
|-sideend|p1: ultraclaw1|move: Tailwind
|upkeep
|
|t:|1782544779
|switch|p1a: Incineroar|Incineroar, L50, M|100/100
|-ability|p1a: Incineroar|Intimidate|boost
|-unboost|p2a: Toxapex|atk|1
|turn|8
|
|t:|1782544784
|move|p2a: Toxapex|Baneful Bunker||[still]
|-fail|p2a: Toxapex
|move|p1a: Incineroar|Fake Out|p2a: Toxapex
|-damage|p2a: Toxapex|91/100
|move|p1b: Raichu|Zap Cannon|p2a: Toxapex
|-supereffective|p2a: Toxapex|1
|-damage|p2a: Toxapex|17/100
|-status|p2a: Toxapex|par
|
|-heal|p2a: Toxapex|23/100 par|[from] item: Leftovers
|-damage|p1b: Raichu|14/100 tox|[from] psn
|upkeep
|turn|9
|
|t:|1782544794
|move|p2a: Toxapex|Baneful Bunker|p2a: Toxapex
|-singleturn|p2a: Toxapex|move: Protect
|move|p1b: Raichu|Zap Cannon|p2a: Toxapex
|-activate|p2a: Toxapex|move: Protect
|move|p1a: Incineroar|Throat Chop|p2a: Toxapex
|-activate|p2a: Toxapex|move: Protect
|-status|p1a: Incineroar|psn
|
|-heal|p2a: Toxapex|29/100 par|[from] item: Leftovers
|-damage|p1b: Raichu|0 fnt|[from] psn
|faint|p1b: Raichu
|-damage|p1a: Incineroar|87/100 psn|[from] psn
|upkeep
|turn|10
|
|t:|1782544804
|move|p1a: Incineroar|Throat Chop|p2a: Toxapex
|-damage|p2a: Toxapex|8/100 par
|-start|p2a: Toxapex|Throat Chop|[silent]
|move|p2a: Toxapex|Infestation|p1a: Incineroar
|-damage|p1a: Incineroar|84/100 psn
|-activate|p1a: Incineroar|move: Infestation|[of] p2a: Toxapex
|
|-heal|p2a: Toxapex|14/100 par|[from] item: Leftovers
|-damage|p1a: Incineroar|72/100 psn|[from] psn
|-damage|p1a: Incineroar|59/100 psn|[from] move: Infestation|[partiallytrapped]
|upkeep
|turn|11
|
|t:|1782544810
|move|p2a: Toxapex|Baneful Bunker|p2a: Toxapex
|-singleturn|p2a: Toxapex|move: Protect
|move|p1a: Incineroar|Parting Shot|p2a: Toxapex
|-activate|p2a: Toxapex|move: Protect
|
|-heal|p2a: Toxapex|19/100 par|[from] item: Leftovers
|-damage|p1a: Incineroar|47/100 psn|[from] psn
|-damage|p1a: Incineroar|35/100 psn|[from] move: Infestation|[partiallytrapped]
|-end|p2a: Toxapex|Throat Chop|[silent]
|upkeep
|-enditem|p1a: Incineroar|Sitrus Berry|[eat]
|-heal|p1a: Incineroar|59/100 psn|[from] item: Sitrus Berry
|turn|12
|
|t:|1782544823
|cant|p2a: Toxapex|par
|move|p1a: Incineroar|Throat Chop|p2a: Toxapex
|-damage|p2a: Toxapex|0 fnt
|faint|p2a: Toxapex
|
|win|ultraclaw1
