|j|☆1OO% Jesus
|j|☆Dorron
|html|1OO% JesusDorron    
|uhtml|bestof|Game 1 of a best-of-3
|t:|1782558662
|gametype|doubles
|player|p1|1OO% Jesus|lillie-z|
|player|p2|Dorron|#dorron|
|gen|9
|tier|[Gen 9 Champions] VGC 2026 Reg M-B (Bo3)
|rule|Species Clause: Limit one of each Pokémon
|rule|Item Clause: Limit 1 of each item
|clearpoke
|poke|p1|Charizard, L50, M|
|poke|p1|Whimsicott, L50, F|
|poke|p1|Garchomp, L50, M|
|poke|p1|Basculegion, L50, M|
|poke|p1|Kingambit, L50, M|
|poke|p1|Floette-Eternal, L50, F|
|poke|p2|Staraptor, L50, F|
|poke|p2|Whimsicott, L50, M|
|poke|p2|Garchomp, L50, F|
|poke|p2|Incineroar, L50, M|
|poke|p2|Gholdengo, L50|
|poke|p2|Charizard, L50, F|
|teampreview|4
|showteam|p1|Charizard||CharizarditeY|Blaze|HeatWave,WeatherBall,SolarBeam,Protect|Modest||M|||50|]Whimsicott||FocusSash|Prankster|Moonblast,Tailwind,Encore,Protect|Timid||F|||50|]Garchomp||LifeOrb|RoughSkin|Earthquake,DragonClaw,RockSlide,Protect|Jolly||M|||50|]Basculegion||MysticWater|Adaptability|WaveCrash,LastRespects,AquaJet,Protect|Adamant||M|||50|]Kingambit||ChopleBerry|Defiant|KowtowCleave,SuckerPunch,IronHead,LowKick|Adamant||M|||50|]Floette-Eternal||Floettite|FlowerVeil|DazzlingGleam,Moonblast,LightofRuin,Protect|Timid||F|||50|
|showteam|p2|Staraptor||Staraptite|Intimidate|CloseCombat,BraveBird,Roost,Protect|Jolly||F|||50|]Whimsicott||FocusSash|Prankster|Tailwind,Charm,Moonblast,Protect|Timid||M|||50|]Garchomp||LifeOrb|RoughSkin|Earthquake,DragonClaw,RockSlide,Protect|Adamant||F|||50|]Incineroar||SitrusBerry|Intimidate|FakeOut,PartingShot,FlareBlitz,Protect|Relaxed||M|||50|]Gholdengo||MetalCoat|GoodasGold|MakeItRain,FlashCannon,ShadowBall,Protect|Modest|||||50|]Charizard||CharizarditeY|Blaze|HeatWave,WeatherBall,SolarBeam,Protect|Timid||F|||50|
|c|☆Dorron|gl
|c|☆1OO% Jesus|glhf
|
|t:|1782558826
|teamsize|p1|4
|teamsize|p2|4
|start
|switch|p1a: Kingambit|Kingambit, L50, M|100/100
|switch|p1b: Garchomp|Garchomp, L50, M|100/100
|switch|p2a: Incineroar|Incineroar, L50, M|100/100
|switch|p2b: Garchomp|Garchomp, L50, F|100/100
|-ability|p2a: Incineroar|Intimidate|boost
|-unboost|p1a: Kingambit|atk|1
|-ability|p1a: Kingambit|Defiant|boost
|-boost|p1a: Kingambit|atk|2
|-unboost|p1b: Garchomp|atk|1
|turn|1
|
|t:|1782558895
|switch|p1b: Floette|Floette-Eternal, L50, F|100/100
|move|p2b: Garchomp|Dragon Claw|p1a: Kingambit
|-resisted|p1a: Kingambit|1
|-damage|p1a: Kingambit|76/100
|-damage|p2b: Garchomp|90/100|[from] item: Life Orb
|move|p1a: Kingambit|Low Kick|p2a: Incineroar
|-supereffective|p2a: Incineroar|1
|-damage|p2a: Incineroar|28/100
|-enditem|p2a: Incineroar|Sitrus Berry|[eat]
|-heal|p2a: Incineroar|53/100|[from] item: Sitrus Berry
|move|p2a: Incineroar|Flare Blitz|p1a: Kingambit
|-supereffective|p1a: Kingambit|1
|-damage|p1a: Kingambit|9/100
|-damage|p2a: Incineroar|30/100|[from] Recoil
|
|upkeep
|turn|2
|j| Tenzai
|
|t:|1782558997
|detailschange|p1b: Floette|Floette-Mega, L50, F
|-mega|p1b: Floette|Floette|Floettite
|-ability|p1b: Floette|Fairy Aura
|move|p2b: Garchomp|Protect|p2b: Garchomp
|-singleturn|p2b: Garchomp|Protect
|move|p1b: Floette|Dazzling Gleam|p2a: Incineroar|[spread] p2a
|-activate|p2b: Garchomp|move: Protect
|-damage|p2a: Incineroar|0 fnt
|faint|p2a: Incineroar
|move|p1a: Kingambit|Kowtow Cleave|p2b: Garchomp
|-activate|p2b: Garchomp|move: Protect
|
|upkeep
|
|t:|1782559011
|switch|p2a: Whimsicott|Whimsicott, L50, M|100/100
|turn|3
|inactive|Battle timer is ON: inactive players will automatically lose when time's up. (requested by Dorron)
|
|t:|1782559101
|switch|p1a: Basculegion|Basculegion, L50, M|100/100
|move|p2a: Whimsicott|Tailwind|p2a: Whimsicott
|-sidestart|p2: Dorron|move: Tailwind
|move|p2b: Garchomp|Earthquake|p1a: Basculegion|[spread] p2a,p1a,p1b
|-resisted|p2a: Whimsicott|1
|-damage|p2a: Whimsicott|61/100
|-damage|p1a: Basculegion|35/100
|-damage|p1b: Floette|29/100
|-damage|p2b: Garchomp|80/100|[from] item: Life Orb
|move|p1b: Floette|Dazzling Gleam|p2a: Whimsicott|[spread] p2a,p2b
|-supereffective|p2b: Garchomp|1
|-damage|p2a: Whimsicott|0 fnt
|-damage|p2b: Garchomp|0 fnt
|faint|p2a: Whimsicott
|faint|p2b: Garchomp
|
|upkeep
|
|t:|1782559107
|switch|p2b: Staraptor|Staraptor, L50, F|100/100
|-ability|p2b: Staraptor|Intimidate|boost
|-unboost|p1a: Basculegion|atk|1
|-unboost|p1b: Floette|atk|1
|turn|4
|inactive|1OO% Jesus has 30 seconds left.
|inactive|1OO% Jesus has 20 seconds left.
|inactive|1OO% Jesus has 15 seconds left.
|inactive|1OO% Jesus has 10 seconds left.
|
|t:|1782559156
|move|p2b: Staraptor|Brave Bird|p1b: Floette
|-damage|p1b: Floette|0 fnt
|faint|p1b: Floette
|-damage|p2b: Staraptor|91/100|[from] Recoil
|move|p1a: Basculegion|Wave Crash|p2b: Staraptor
|-damage|p2b: Staraptor|8/100
|-damage|p1a: Basculegion|11/100|[from] Recoil
|
|upkeep
|
|t:|1782559165
|switch|p1b: Kingambit|Kingambit, L50, M|9/100
|turn|5
|
|t:|1782559183
|detailschange|p2b: Staraptor|Staraptor-Mega, L50, F
|-mega|p2b: Staraptor|Staraptor|Staraptite
|move|p1a: Basculegion|Aqua Jet|p2b: Staraptor
|-damage|p2b: Staraptor|0 fnt
|faint|p2b: Staraptor
|
|win|1OO% Jesus
|c|☆Dorron|gg1
||Dorron is ready for game 2.
||1OO% Jesus is ready for game 2.
|uhtml|next|Next: Game 2 of 3
|l|☆Dorron
|player|p2|
