|j|☆Refanner
|j|☆Lstdnce
|html|RefannerLstdnce    
|uhtml|bestof|Game 1 of a best-of-3
|t:|1756808455
|gametype|doubles
|player|p1|Refanner|2|1216
|player|p2|Lstdnce|2|1269
|gen|9
|tier|[Gen 9] VGC 2025 Reg H (Bo3)
|rated|
|rule|Species Clause: Limit one of each Pokémon
|rule|Item Clause: Limit 1 of each item
|clearpoke
|poke|p1|Garchomp, L50, F|
|poke|p1|Incineroar, L50, M|
|poke|p1|Hydreigon, L50, M|
|poke|p1|Gholdengo, L50|
|poke|p1|Sneasler, L50, M|
|poke|p1|Amoonguss, L50, M|
|poke|p2|Dragonite, L50, F|
|poke|p2|Ursaluna-Bloodmoon, L50, M|
|poke|p2|Gholdengo, L50|
|poke|p2|Maushold-Four, L50|
|poke|p2|Annihilape, L50, M|
|poke|p2|Rillaboom, L50, F|
|teampreview|4
|showteam|p1|Garchomp||LoadedDice|RoughSkin|ScaleShot,Earthquake,StompingTantrum,Protect|||F|||50|,,,,,Fire]Incineroar||SitrusBerry|Intimidate|FlareBlitz,KnockOff,PartingShot,FakeOut|||M|||50|,,,,,Grass]Hydreigon||SafetyGoggles|Levitate|Snarl,DracoMeteor,Tailwind,Protect|||M|||50|,,,,,Ghost]Gholdengo||MetalCoat|GoodasGold|MakeItRain,ShadowBall,NastyPlot,Protect||||||50|,,,,,Flying]Sneasler||WhiteHerb|Unburden|CloseCombat,DireClaw,Protect,Coaching|||M|||50|,,,,,Ghost]Amoonguss||CovertCloak|Regenerator|PollenPuff,Spore,RagePowder,Protect|||M|||50|,,,,,Water
|showteam|p2|Dragonite||LoadedDice|Multiscale|ScaleShot,Tailwind,Haze,Protect|||F|||50|,,,,,Steel]Ursaluna-Bloodmoon||AssaultVest|MindsEye|BloodMoon,EarthPower,HyperVoice,VacuumWave|||M|||50|,,,,,Water]Gholdengo||LifeOrb|GoodasGold|MakeItRain,ShadowBall,NastyPlot,Protect||||||50|,,,,,Water]Maushold-Four||FocusSash|FriendGuard|SuperFang,FollowMe,BeatUp,Protect||||||50|,,,,,Ghost]Annihilape||SitrusBerry|Defiant|RageFist,DrainPunch,BulkUp,Protect|||M|||50|,,,,,Fire]Rillaboom||MiracleSeed|GrassySurge|WoodHammer,GrassyGlide,HighHorsepower,FakeOut|||F|||50|,,,,,Fire
|inactive|Battle timer is ON: inactive players will automatically lose when time's up. (requested by Lstdnce)
|inactive|Refanner has 60 seconds left.
|
|t:|1756808538
|teamsize|p1|4
|teamsize|p2|4
|start
|switch|p1a: Garchomp|Garchomp, L50, F|100/100
|switch|p1b: Sneasler|Sneasler, L50, M|100/100
|switch|p2a: Maushold|Maushold-Four, L50|100/100
|switch|p2b: Annihilape|Annihilape, L50, M|100/100
|turn|1
|inactive|Refanner has 30 seconds left.
|inactive|Refanner has 20 seconds left.
|inactive|Refanner has 15 seconds left.
|inactive|Refanner has 10 seconds left.
|inactive|Refanner has 5 seconds left.
|
|t:|1756808593
|move|p2a: Maushold|Beat Up|p2b: Annihilape
|-damage|p2b: Annihilape|99/100
|-damage|p2b: Annihilape|96/100
|-damage|p2b: Annihilape|94/100
|-damage|p2b: Annihilape|93/100
|-hitcount|p2b: Annihilape|4
|move|p1b: Sneasler|Coaching|p1a: Garchomp
|-boost|p1a: Garchomp|atk|1
|-boost|p1a: Garchomp|def|1
|move|p2b: Annihilape|Rage Fist|p1b: Sneasler
|-damage|p1b: Sneasler|0 fnt
|faint|p1b: Sneasler
|move|p1a: Garchomp|Stomping Tantrum|p2b: Annihilape
|-damage|p2b: Annihilape|46/100
|-enditem|p2b: Annihilape|Sitrus Berry|[eat]
|-heal|p2b: Annihilape|71/100|[from] item: Sitrus Berry
|
|upkeep
|
|t:|1756808615
|switch|p1b: Gholdengo|Gholdengo, L50|100/100
|turn|2
|
|t:|1756808630
|-terastallize|p1b: Gholdengo|Flying
|move|p2a: Maushold|Protect|p2a: Maushold
|-singleturn|p2a: Maushold|Protect
|move|p2b: Annihilape|Protect|p2b: Annihilape
|-singleturn|p2b: Annihilape|Protect
|move|p1a: Garchomp|Earthquake|p2b: Annihilape|[spread] 
|-activate|p2a: Maushold|move: Protect
|-activate|p2b: Annihilape|move: Protect
|-immune|p1b: Gholdengo
|move|p1b: Gholdengo|Make It Rain|p2b: Annihilape|[spread] 
|-activate|p2a: Maushold|move: Protect
|-activate|p2b: Annihilape|move: Protect
|
|upkeep
|turn|3
|
|t:|1756808651
|move|p2a: Maushold|Super Fang|p1b: Gholdengo
|-damage|p1b: Gholdengo|50/100
|move|p2b: Annihilape|Rage Fist|p1b: Gholdengo
|-crit|p1b: Gholdengo
|-damage|p1b: Gholdengo|0 fnt
|faint|p1b: Gholdengo
|move|p1a: Garchomp|Earthquake|p2a: Maushold|[spread] p2a,p2b
|-damage|p2a: Maushold|26/100
|-damage|p2b: Annihilape|25/100
|
|upkeep
|
|t:|1756808663
|switch|p1b: Amoonguss|Amoonguss, L50, M|100/100
|turn|4
|
|t:|1756808676
|move|p2b: Annihilape|Protect|p2b: Annihilape
|-singleturn|p2b: Annihilape|Protect
|move|p1b: Amoonguss|Protect|p1b: Amoonguss
|-singleturn|p1b: Amoonguss|Protect
|move|p2a: Maushold|Super Fang|p1a: Garchomp
|-damage|p1a: Garchomp|50/100
|-damage|p2a: Maushold|14/100|[from] ability: Rough Skin|[of] p1a: Garchomp
|move|p1a: Garchomp|Earthquake|p2a: Maushold|[spread] p2a
|-activate|p1b: Amoonguss|move: Protect
|-activate|p2b: Annihilape|move: Protect
|-damage|p2a: Maushold|0 fnt
|faint|p2a: Maushold
|
|upkeep
|
|t:|1756808687
|switch|p2a: Rillaboom|Rillaboom, L50, F|100/100
|-fieldstart|move: Grassy Terrain|[from] ability: Grassy Surge|[of] p2a: Rillaboom
|turn|5
|inactive|Refanner has 30 seconds left.
|
|t:|1756808717
|move|p1a: Garchomp|Protect|p1a: Garchomp
|-singleturn|p1a: Garchomp|Protect
|move|p1b: Amoonguss|Protect||[still]
|-fail|p1b: Amoonguss
|move|p2b: Annihilape|Rage Fist|p1b: Amoonguss
|-damage|p1b: Amoonguss|0 fnt
|faint|p1b: Amoonguss
|move|p2a: Rillaboom|Wood Hammer|p1a: Garchomp
|-activate|p1a: Garchomp|move: Protect
|
|-heal|p2b: Annihilape|32/100|[from] Grassy Terrain
|-heal|p1a: Garchomp|56/100|[from] Grassy Terrain
|upkeep
|turn|6
|
|t:|1756808727
|move|p2b: Annihilape|Protect|p2b: Annihilape
|-singleturn|p2b: Annihilape|Protect
|move|p1a: Garchomp|Scale Shot|p2b: Annihilape
|-activate|p2b: Annihilape|move: Protect
|move|p2a: Rillaboom|Wood Hammer|p1a: Garchomp
|-damage|p1a: Garchomp|0 fnt
|-damage|p2a: Rillaboom|88/100|[from] ability: Rough Skin|[of] p1a: Garchomp
|faint|p1a: Garchomp
|-damage|p2a: Rillaboom|71/100|[from] Recoil
|
|win|Lstdnce
||Refanner is ready for game 2.
||Lstdnce is ready for game 2.
|uhtml|next|Next: Game 2 of 3
|l|☆Lstdnce
|player|p2|
