|j|☆Sala335
|j|☆capspungo
|html|Sala335capspungo    
|uhtml|bestof|Game 3 of a best-of-3
|t:|1756306426
|gametype|doubles
|player|p1|Sala335|gambler|1182
|player|p2|capspungo|2|1125
|gen|9
|tier|[Gen 9] VGC 2025 Reg H (Bo3)
|rated|
|rule|Species Clause: Limit one of each Pokémon
|rule|Item Clause: Limit 1 of each item
|clearpoke
|poke|p1|Primarina, L50, M|
|poke|p1|Porygon2, L50|
|poke|p1|Ursaluna, L50, F|
|poke|p1|Gholdengo, L50|
|poke|p1|Talonflame, L50, F|
|poke|p1|Amoonguss, L50, F|
|poke|p2|Toedscruel, L50, F|
|poke|p2|Weezing-Galar, L50, M|
|poke|p2|Pawmot, L50, M|
|poke|p2|Typhlosion-Hisui, L50, M|
|poke|p2|Corviknight, L50, M|
|poke|p2|Garchomp, L50, M|
|teampreview|4
|showteam|p1|Primarina||ThroatSpray|LiquidVoice|Protect,HyperVoice,Moonblast,Haze|||M|||50|,,,,,Poison]Porygon2||Eviolite|Download|TrickRoom,Protect,IceBeam,TeraBlast||||||50|,,,,,Flying]Ursaluna||FlameOrb|Guts|Facade,HeadlongRush,Earthquake,Protect|||F|||50|,,,,,Ghost]Gholdengo||Leftovers|GoodasGold|MakeItRain,NastyPlot,ShadowBall,Protect||||||50|,,,,,Flying]Talonflame||CovertCloak|GaleWings|Tailwind,QuickGuard,Taunt,DualWingbeat|||F|||50|,,,,,Water]Amoonguss||SitrusBerry|Regenerator|Spore,RagePowder,Protect,PollenPuff|||F|||50|,,,,,Water
|showteam|p2|Toedscruel||CovertCloak|MyceliumMight|RagePowder,Spore,EarthPower,AcidSpray|||F|||50|,,,,,Water]Weezing-Galar||AssaultVest|NeutralizingGas|PainSplit,SludgeBomb,StrangeSteam,Flamethrower|||M|||50|,,,,,Fire]Pawmot||FocusSash|NaturalCure|FakeOut,CloseCombat,DoubleShock,Protect|||M|||50|,,,,,Electric]Typhlosion-Hisui||ChoiceScarf|Blaze|Eruption,ShadowBall,HeatWave,SleepTalk|||M|||50|,,,,,Fire]Corviknight||SitrusBerry|MirrorArmor|BraveBird,Tailwind,Protect,Roost|||M|||50|,,,,,Dragon]Garchomp||LifeOrb|RoughSkin|Earthquake,StompingTantrum,DragonClaw,Protect|||M|||50|,,,,,Ground
|
|t:|1756306446
|teamsize|p1|4
|teamsize|p2|4
|start
|switch|p1a: Talonflame|Talonflame, L50, F|100/100
|switch|p1b: Gholdengo|Gholdengo, L50|100/100
|switch|p2a: Weezing|Weezing-Galar, L50, M|100/100
|switch|p2b: Typhlosion|Typhlosion-Hisui, L50, M|100/100
|-ability|p2a: Weezing|Neutralizing Gas
|turn|1
|inactive|Battle timer is ON: inactive players will automatically lose when time's up. (requested by capspungo)
|
|t:|1756306464
|move|p1b: Gholdengo|Protect|p1b: Gholdengo
|-singleturn|p1b: Gholdengo|Protect
|move|p2b: Typhlosion|Eruption|p1a: Talonflame|[spread] p1a
|-activate|p1b: Gholdengo|move: Protect
|-resisted|p1a: Talonflame
|-damage|p1a: Talonflame|58/100
|move|p1a: Talonflame|Tailwind|p1a: Talonflame
|-sidestart|p1: Sala335|move: Tailwind
|move|p2a: Weezing|Flamethrower|p1b: Gholdengo
|-activate|p1b: Gholdengo|move: Protect
|
|upkeep
|turn|2
|inactive|Sala335 has 30 seconds left.
|inactive|capspungo has 30 seconds left.
|inactive|Sala335 has 20 seconds left.
|
|t:|1756306501
|switch|p2b: Corviknight|Corviknight, L50, M|100/100
|-terastallize|p1b: Gholdengo|Flying
|-terastallize|p2a: Weezing|Fire
|move|p1a: Talonflame|Dual Wingbeat|p2b: Corviknight
|-resisted|p2b: Corviknight
|-damage|p2b: Corviknight|95/100
|-resisted|p2b: Corviknight
|-damage|p2b: Corviknight|88/100
|-hitcount|p2b: Corviknight|2
|move|p1b: Gholdengo|Nasty Plot|p1b: Gholdengo
|-boost|p1b: Gholdengo|spa|2
|move|p2a: Weezing|Flamethrower|p1b: Gholdengo
|-crit|p1b: Gholdengo
|-damage|p1b: Gholdengo|43/100
|
|-heal|p1b: Gholdengo|48/100|[from] item: Leftovers
|upkeep
|turn|3
|inactive|Sala335 has 30 seconds left.
|inactive|capspungo has 30 seconds left.
|
|t:|1756306535
|switch|p1a: Amoonguss|Amoonguss, L50, F|100/100
|move|p1b: Gholdengo|Shadow Ball|p2b: Corviknight
|-damage|p2b: Corviknight|3/100
|-enditem|p2b: Corviknight|Sitrus Berry|[eat]
|-heal|p2b: Corviknight|28/100|[from] item: Sitrus Berry
|move|p2a: Weezing|Flamethrower|p1b: Gholdengo
|-damage|p1b: Gholdengo|15/100
|move|p2b: Corviknight|Tailwind|p2b: Corviknight
|-sidestart|p2: capspungo|move: Tailwind
|
|-heal|p1b: Gholdengo|21/100|[from] item: Leftovers
|upkeep
|turn|4
|inactive|capspungo has 30 seconds left.
|inactive|Sala335 has 30 seconds left.
|inactive|Sala335 has 20 seconds left.
|
|t:|1756306580
|move|p1b: Gholdengo|Shadow Ball|p2a: Weezing
|-damage|p2a: Weezing|3/100
|move|p2a: Weezing|Flamethrower|p1a: Amoonguss
|-supereffective|p1a: Amoonguss
|-damage|p1a: Amoonguss|51/100
|move|p2b: Corviknight|Brave Bird|p1a: Amoonguss
|-supereffective|p1a: Amoonguss
|-damage|p1a: Amoonguss|0 fnt
|faint|p1a: Amoonguss
|-damage|p2b: Corviknight|10/100|[from] Recoil
|
|-heal|p1b: Gholdengo|27/100|[from] item: Leftovers
|-sideend|p1: Sala335|move: Tailwind
|upkeep
|
|t:|1756306600
|switch|p1a: Talonflame|Talonflame, L50, F|58/100
|turn|5
|
|t:|1756306622
|move|p1b: Gholdengo|Protect|p1b: Gholdengo
|-singleturn|p1b: Gholdengo|Protect
|move|p2a: Weezing|Sludge Bomb|p1a: Talonflame
|-damage|p1a: Talonflame|7/100
|move|p2b: Corviknight|Brave Bird|p1a: Talonflame
|-damage|p1a: Talonflame|0 fnt
|faint|p1a: Talonflame
|-damage|p2b: Corviknight|8/100|[from] Recoil
|
|-heal|p1b: Gholdengo|32/100|[from] item: Leftovers
|upkeep
|
|t:|1756306629
|switch|p1a: Primarina|Primarina, L50, M|100/100
|turn|6
|
|t:|1756306640
|move|p1b: Gholdengo|Protect||[still]
|-fail|p1b: Gholdengo
|move|p2a: Weezing|Sludge Bomb|p1b: Gholdengo
|-damage|p1b: Gholdengo|0 fnt
|faint|p1b: Gholdengo
|move|p2b: Corviknight|Brave Bird|p1a: Primarina
|-damage|p1a: Primarina|44/100
|-damage|p2b: Corviknight|0 fnt|[from] Recoil
|faint|p2b: Corviknight
|move|p1a: Primarina|Hyper Voice|p2a: Weezing
|-damage|p2a: Weezing|0 fnt
|faint|p2a: Weezing
|-end|p2a: Weezing|ability: Neutralizing Gas
|-enditem|p1a: Primarina|Throat Spray
|-boost|p1a: Primarina|spa|1|[from] item: Throat Spray
|
|-sideend|p2: capspungo|move: Tailwind
|upkeep
|
|t:|1756306651
|switch|p2a: Typhlosion|Typhlosion-Hisui, L50, M|100/100
|switch|p2b: Garchomp|Garchomp, L50, M|100/100
|turn|7
|
|t:|1756306667
|move|p2b: Garchomp|Protect|p2b: Garchomp
|-singleturn|p2b: Garchomp|Protect
|move|p2a: Typhlosion|Shadow Ball|p1a: Primarina
|-damage|p1a: Primarina|6/100
|move|p1a: Primarina|Hyper Voice|p2a: Typhlosion|[spread] p2a
|-activate|p2b: Garchomp|move: Protect
|-supereffective|p2a: Typhlosion
|-damage|p2a: Typhlosion|0 fnt
|faint|p2a: Typhlosion
|
|upkeep
|turn|8
|
|t:|1756306680
|move|p2b: Garchomp|Earthquake|p1a: Primarina
|-damage|p1a: Primarina|0 fnt
|faint|p1a: Primarina
|-damage|p2b: Garchomp|91/100|[from] item: Life Orb
|
|win|capspungo
|raw|Sala335's rating: 1182 → 1153(-29 for losing)
|raw|capspungo's rating: 1125 → 1154(+29 for winning)
