|j|☆J.A.S.31
|j|☆saboyita
|html|J.A.S.31saboyita    
|uhtml|bestof|Game 1 of a best-of-3
|t:|1756336662
|gametype|doubles
|player|p1|J.A.S.31|kieran-champion|1076
|player|p2|saboyita|grimsley|1065
|gen|9
|tier|[Gen 9] VGC 2025 Reg H (Bo3)
|rated|
|rule|Species Clause: Limit one of each Pokémon
|rule|Item Clause: Limit 1 of each item
|clearpoke
|poke|p1|Excadrill, L50, F|
|poke|p1|Tyranitar, L50, M|
|poke|p1|Sneasler, L50, F|
|poke|p1|Indeedee, L50, M|
|poke|p1|Corviknight, L50, M|
|poke|p1|Annihilape, L50, F|
|poke|p2|Amoonguss, L50, M|
|poke|p2|Hydreigon, L50, M|
|poke|p2|Whimsicott, L50, F|
|poke|p2|Maushold-Four, L50|
|poke|p2|Annihilape, L50, M|
|poke|p2|Ursaluna-Bloodmoon, L50, M|
|teampreview|4
|showteam|p1|Excadrill||FocusSash|SandRush|IronHead,Earthquake,HighHorsepower,Protect|||F|||50|,,,,,Stellar]Tyranitar||AssaultVest|SandStream|RockSlide,KnockOff,TeraBlast,LowKick|||M|||50|,,,,,Flying]Sneasler||PsychicSeed|Unburden|DireClaw,CloseCombat,ThroatChop,Protect|||F|||50|,,,,,Dark]Indeedee||ChoiceScarf|PsychicSurge|ExpandingForce,TeraBlast,Trick,Protect|||M|||50|,,,,,Psychic]Corviknight||Leftovers|MirrorArmor|BraveBird,BulkUp,Roost,Tailwind|||M|||50|,,,,,Dragon]Annihilape||SafetyGoggles|Defiant|RageFist,CloseCombat,FinalGambit,Taunt|||F|||50|,,,,,Water
|showteam|p2|Amoonguss||MentalHerb|Regenerator|ClearSmog,Spore,RagePowder,Protect|||M|||50|,,,,,Water]Hydreigon||ChoiceSpecs|Levitate|Snarl,HeatWave,DarkPulse,DracoMeteor|||M|||50|,,,,,Ghost]Whimsicott||CovertCloak|Prankster|BeatUp,Encore,HelpingHand,Tailwind|||F|||50|,,,,,Dark]Maushold-Four||WideLens|Technician|PopulationBomb,Taunt,FollowMe,Protect||||||50|,,,,,Ghost]Annihilape||Leftovers|Defiant|RageFist,CloseCombat,FinalGambit,Protect|||M|||50|,,,,,Water]Ursaluna-Bloodmoon||LifeOrb|MindsEye|HyperVoice,EarthPower,BloodMoon,Protect|||M|||50|,,,,,Water
|inactive|Battle timer is ON: inactive players will automatically lose when time's up. (requested by saboyita)
|inactive|J.A.S.31 has 60 seconds left.
|inactive|saboyita has 60 seconds left.
|j| meepmoop453
|
|t:|1756336713
|teamsize|p1|4
|teamsize|p2|4
|start
|switch|p1a: Indeedee|Indeedee, L50, M|100/100
|switch|p1b: Sneasler|Sneasler, L50, F|100/100
|switch|p2a: Whimsicott|Whimsicott, L50, F|100/100
|switch|p2b: Annihilape|Annihilape, L50, M|100/100
|-fieldstart|move: Psychic Terrain|[from] ability: Psychic Surge|[of] p1a: Indeedee
|-enditem|p1b: Sneasler|Psychic Seed
|-boost|p1b: Sneasler|spd|1|[from] item: Psychic Seed
|turn|1
|
|t:|1756336734
|move|p2b: Annihilape|Protect|p2b: Annihilape
|-singleturn|p2b: Annihilape|Protect
|move|p2a: Whimsicott|Tailwind|p2a: Whimsicott
|-sidestart|p2: saboyita|move: Tailwind
|move|p1b: Sneasler|Dire Claw|p2a: Whimsicott
|-supereffective|p2a: Whimsicott
|-damage|p2a: Whimsicott|0 fnt
|faint|p2a: Whimsicott
|move|p1a: Indeedee|Expanding Force|p2b: Annihilape
|-activate|p2b: Annihilape|move: Protect
|
|upkeep
|
|t:|1756336745
|switch|p2a: Hydreigon|Hydreigon, L50, M|100/100
|turn|2
|inactive|J.A.S.31 has 30 seconds left.
|inactive|saboyita has 30 seconds left.
|
|t:|1756336779
|-terastallize|p2a: Hydreigon|Ghost
|move|p1b: Sneasler|Protect|p1b: Sneasler
|-singleturn|p1b: Sneasler|Protect
|move|p2b: Annihilape|Rage Fist|p1b: Sneasler
|-activate|p1b: Sneasler|move: Protect
|move|p2a: Hydreigon|Dark Pulse|p1a: Indeedee
|-supereffective|p1a: Indeedee
|-damage|p1a: Indeedee|0 fnt
|faint|p1a: Indeedee
|
|upkeep
|
|t:|1756336791
|switch|p1a: Tyranitar|Tyranitar, L50, M|100/100
|-weather|Sandstorm|[from] ability: Sand Stream|[of] p1a: Tyranitar
|turn|3
|
|t:|1756336816
|-terastallize|p1a: Tyranitar|Flying
|move|p1b: Sneasler|Throat Chop|p2a: Hydreigon
|-supereffective|p2a: Hydreigon
|-damage|p2a: Hydreigon|30/100
|-start|p2a: Hydreigon|Throat Chop|[silent]
|move|p2b: Annihilape|Rage Fist|p1b: Sneasler
|-damage|p1b: Sneasler|61/100
|move|p2a: Hydreigon|Dark Pulse|p1b: Sneasler
|-resisted|p1b: Sneasler
|-damage|p1b: Sneasler|29/100
|move|p1a: Tyranitar|Tera Blast|p2b: Annihilape|[anim] Tera Blast Flying
|-supereffective|p2b: Annihilape
|-damage|p2b: Annihilape|0 fnt
|faint|p2b: Annihilape
|
|-weather|Sandstorm|[upkeep]
|-damage|p1b: Sneasler|24/100|[from] Sandstorm
|-damage|p2a: Hydreigon|24/100|[from] Sandstorm
|-damage|p1a: Tyranitar|94/100|[from] Sandstorm
|upkeep
|
|t:|1756336829
|switch|p2b: Maushold|Maushold-Four, L50|100/100
|turn|4
|
|t:|1756336840
|move|p2b: Maushold|Protect|p2b: Maushold
|-singleturn|p2b: Maushold|Protect
|move|p1b: Sneasler|Close Combat|p2b: Maushold
|-activate|p2b: Maushold|move: Protect
|move|p2a: Hydreigon|Dark Pulse|p1b: Sneasler
|-resisted|p1b: Sneasler
|-damage|p1b: Sneasler|0 fnt
|faint|p1b: Sneasler
|move|p1a: Tyranitar|Knock Off|p2a: Hydreigon
|-supereffective|p2a: Hydreigon
|-damage|p2a: Hydreigon|0 fnt
|-enditem|p2a: Hydreigon|Choice Specs|[from] move: Knock Off|[of] p1a: Tyranitar
|faint|p2a: Hydreigon
|
|-weather|Sandstorm|[upkeep]
|-damage|p2b: Maushold|94/100|[from] Sandstorm
|-damage|p1a: Tyranitar|88/100|[from] Sandstorm
|-sideend|p2: saboyita|move: Tailwind
|upkeep
|
|t:|1756336855
|switch|p1b: Excadrill|Excadrill, L50, F|100/100
|turn|5
|
|t:|1756336863
|move|p1b: Excadrill|Iron Head|p2b: Maushold
|-damage|p2b: Maushold|26/100
|move|p2b: Maushold|Population Bomb|p1a: Tyranitar
|-damage|p1a: Tyranitar|78/100
|-damage|p1a: Tyranitar|67/100
|-damage|p1a: Tyranitar|58/100
|-damage|p1a: Tyranitar|49/100
|-damage|p1a: Tyranitar|40/100
|-damage|p1a: Tyranitar|31/100
|-damage|p1a: Tyranitar|22/100
|-damage|p1a: Tyranitar|12/100
|-damage|p1a: Tyranitar|3/100
|-damage|p1a: Tyranitar|0 fnt
|faint|p1a: Tyranitar
|-hitcount|p1: Tyranitar|10
|
|-weather|Sandstorm|[upkeep]
|-damage|p2b: Maushold|20/100|[from] Sandstorm
|-fieldend|move: Psychic Terrain
|upkeep
|turn|6
|
|t:|1756336884
|move|p2b: Maushold|Protect|p2b: Maushold
|-singleturn|p2b: Maushold|Protect
|move|p1b: Excadrill|Iron Head|p2b: Maushold
|-activate|p2b: Maushold|move: Protect
|
|-weather|Sandstorm|[upkeep]
|-damage|p2b: Maushold|14/100|[from] Sandstorm
|upkeep
|turn|7
|
|t:|1756336888
|move|p2b: Maushold|Protect||[still]
|-fail|p2b: Maushold
|move|p1b: Excadrill|Earthquake|p2b: Maushold
|-damage|p2b: Maushold|0 fnt
|faint|p2b: Maushold
|
|win|J.A.S.31
||saboyita is ready for game 2.
||J.A.S.31 is ready for game 2.
|uhtml|next|Next: Game 2 of 3
