|j|☆FakeOutPlot
|j|☆Beeetch
|html|FakeOutPlotBeeetch    
|uhtml|bestof|Game 3 of a best-of-3
|t:|1756862329
|gametype|doubles
|player|p1|FakeOutPlot|iris|1286
|player|p2|Beeetch|beauty-gen4dp|1210
|gen|9
|tier|[Gen 9] VGC 2025 Reg H (Bo3)
|rated|
|rule|Species Clause: Limit one of each Pokémon
|rule|Item Clause: Limit 1 of each item
|clearpoke
|poke|p1|Gholdengo, L50|
|poke|p1|Incineroar, L50, M|
|poke|p1|Sneasler, L50, F|
|poke|p1|Dragonite, L50, F|
|poke|p1|Ursaluna-Bloodmoon, L50, M|
|poke|p1|Rillaboom, L50, M|
|poke|p2|Excadrill, L50, F|
|poke|p2|Tyranitar, L50, F|
|poke|p2|Sneasler, L50, M|
|poke|p2|Indeedee, L50, M|
|poke|p2|Corviknight, L50, M|
|poke|p2|Annihilape, L50, F|
|teampreview|4
|showteam|p1|Gholdengo||LifeOrb|GoodasGold|MakeItRain,ShadowBall,NastyPlot,Protect||||||50|,,,,,Water]Incineroar||SafetyGoggles|Intimidate|PartingShot,FlareBlitz,KnockOff,FakeOut|||M|||50|,,,,,Ghost]Sneasler||FocusSash|PoisonTouch|DireClaw,CloseCombat,ThroatChop,Protect|||F|||50|,,,,,Stellar]Dragonite||LoadedDice|Multiscale|ScaleShot,Tailwind,Haze,Protect|||F|||50|,,,,,Fairy]Ursaluna-Bloodmoon||AssaultVest|MindsEye|HyperVoice,EarthPower,BloodMoon,VacuumWave|||M|||50|,,,,,Water]Rillaboom||MiracleSeed|GrassySurge|WoodHammer,GrassyGlide,HighHorsepower,FakeOut|||M|||50|,,,,,Fire
|showteam|p2|Excadrill||FocusSash|SandRush|IronHead,HighHorsepower,Earthquake,Protect|||F|||50|,,,,,Stellar]Tyranitar||AssaultVest|SandStream|RockSlide,KnockOff,TeraBlast,LowKick|||F|||50|,,,,,Flying]Sneasler||PsychicSeed|Unburden|DireClaw,CloseCombat,ThroatChop,Protect|||M|||50|,,,,,Dark]Indeedee||ChoiceScarf|PsychicSurge|ExpandingForce,TeraBlast,Protect,Trick|||M|||50|,,,,,Psychic]Corviknight||Leftovers|MirrorArmor|BraveBird,BulkUp,Roost,Tailwind|||M|||50|,,,,,Dragon]Annihilape||SafetyGoggles|Defiant|CloseCombat,FinalGambit,RageFist,Taunt|||F|||50|,,,,,Water
|
|t:|1756862358
|teamsize|p1|4
|teamsize|p2|4
|start
|switch|p1a: Dragonite|Dragonite, L50, F|100/100
|switch|p1b: Rillaboom|Rillaboom, L50, M|100/100
|switch|p2a: Excadrill|Excadrill, L50, F, shiny|100/100
|switch|p2b: Tyranitar|Tyranitar, L50, F, shiny|100/100
|-fieldstart|move: Grassy Terrain|[from] ability: Grassy Surge|[of] p1b: Rillaboom
|-weather|Sandstorm|[from] ability: Sand Stream|[of] p2b: Tyranitar
|turn|1
|
|t:|1756862392
|switch|p1b: Ursaluna|Ursaluna-Bloodmoon, L50, M|100/100
|switch|p2b: Indeedee|Indeedee, L50, M, shiny|100/100
|-fieldstart|move: Psychic Terrain|[from] ability: Psychic Surge|[of] p2b: Indeedee
|move|p1a: Dragonite|Protect|p1a: Dragonite
|-singleturn|p1a: Dragonite|Protect
|move|p2a: Excadrill|Iron Head|p1b: Ursaluna
|-damage|p1b: Ursaluna|67/100
|
|-weather|Sandstorm|[upkeep]
|-damage|p2b: Indeedee|95/100|[from] Sandstorm
|-damage|p1a: Dragonite|95/100|[from] Sandstorm
|upkeep
|turn|2
|
|t:|1756862415
|switch|p2a: Tyranitar|Tyranitar, L50, F, shiny|100/100
|switch|p1b: Rillaboom|Rillaboom, L50, M|100/100
|-fieldstart|move: Grassy Terrain|[from] ability: Grassy Surge|[of] p1b: Rillaboom
|move|p2b: Indeedee|Expanding Force|p1b: Rillaboom
|-damage|p1b: Rillaboom|55/100
|move|p1a: Dragonite|Scale Shot|p2b: Indeedee
|-damage|p2b: Indeedee|66/100
|-damage|p2b: Indeedee|35/100
|-damage|p2b: Indeedee|2/100
|-damage|p2b: Indeedee|0 fnt
|faint|p2b: Indeedee
|-hitcount|p2: Indeedee|4
|-unboost|p1a: Dragonite|def|1
|-boost|p1a: Dragonite|spe|1
|
|-weather|Sandstorm|[upkeep]
|-damage|p1a: Dragonite|89/100|[from] Sandstorm
|-damage|p1b: Rillaboom|49/100|[from] Sandstorm
|-heal|p1b: Rillaboom|55/100|[from] Grassy Terrain
|upkeep
|
|t:|1756862430
|switch|p2b: Excadrill|Excadrill, L50, F, shiny|100/100
|turn|3
|
|t:|1756862469
|-terastallize|p2b: Excadrill|Stellar
|move|p1b: Rillaboom|Fake Out|p2a: Tyranitar
|-resisted|p2a: Tyranitar
|-damage|p2a: Tyranitar|94/100
|move|p2b: Excadrill|Iron Head|p1b: Rillaboom
|-damage|p1b: Rillaboom|0 fnt
|faint|p1b: Rillaboom
|move|p1a: Dragonite|Tailwind|p1a: Dragonite
|-sidestart|p1: FakeOutPlot|move: Tailwind
|cant|p2a: Tyranitar|flinch
|
|-weather|Sandstorm|[upkeep]
|-damage|p1a: Dragonite|83/100|[from] Sandstorm
|-heal|p2a: Tyranitar|99/100|[from] Grassy Terrain
|upkeep
|
|t:|1756862475
|switch|p1b: Ursaluna|Ursaluna-Bloodmoon, L50, M|67/100
|turn|4
|
|t:|1756862486
|move|p2b: Excadrill|Protect|p2b: Excadrill
|-singleturn|p2b: Excadrill|Protect
|move|p1a: Dragonite|Scale Shot|p2a: Tyranitar
|-damage|p2a: Tyranitar|85/100
|-damage|p2a: Tyranitar|72/100
|-damage|p2a: Tyranitar|60/100
|-damage|p2a: Tyranitar|45/100
|-hitcount|p2a: Tyranitar|4
|-unboost|p1a: Dragonite|def|1
|-boost|p1a: Dragonite|spe|1
|move|p1b: Ursaluna|Earth Power|p2a: Tyranitar
|-supereffective|p2a: Tyranitar
|-damage|p2a: Tyranitar|4/100
|move|p2a: Tyranitar|Rock Slide|p1b: Ursaluna|[spread] p1a,p1b
|-supereffective|p1a: Dragonite
|-resisted|p1b: Ursaluna
|-damage|p1a: Dragonite|0 fnt
|-damage|p1b: Ursaluna|53/100
|faint|p1a: Dragonite
|
|-weather|Sandstorm|[upkeep]
|-heal|p1b: Ursaluna|59/100|[from] Grassy Terrain
|-heal|p2a: Tyranitar|10/100|[from] Grassy Terrain
|upkeep
|
|t:|1756862490
|switch|p1a: Gholdengo|Gholdengo, L50|100/100
|turn|5
|
|t:|1756862517
|move|p1a: Gholdengo|Protect|p1a: Gholdengo
|-singleturn|p1a: Gholdengo|Protect
|move|p2b: Excadrill|Earthquake|p1b: Ursaluna|[spread] p2a,p1b
|-activate|p1a: Gholdengo|move: Protect
|-supereffective|p2a: Tyranitar
|-damage|p2a: Tyranitar|0 fnt
|-damage|p1b: Ursaluna|34/100
|faint|p2a: Tyranitar
|move|p1b: Ursaluna|Earth Power|p2b: Excadrill
|-supereffective|p2b: Excadrill
|-enditem|p2b: Excadrill|Focus Sash
|-damage|p2b: Excadrill|1/100
|
|-weather|none
|-heal|p2b: Excadrill|7/100|[from] Grassy Terrain
|-heal|p1b: Ursaluna|40/100|[from] Grassy Terrain
|upkeep
|
|t:|1756862531
|switch|p2a: Sneasler|Sneasler, L50, M, shiny|100/100
|turn|6
|
|t:|1756862548
|move|p2b: Excadrill|Protect|p2b: Excadrill
|-singleturn|p2b: Excadrill|Protect
|move|p1a: Gholdengo|Make It Rain|p2a: Sneasler|[spread] p2a
|-activate|p2b: Excadrill|move: Protect
|-damage|p2a: Sneasler|16/100
|-unboost|p1a: Gholdengo|spa|1
|-damage|p1a: Gholdengo|91/100|[from] item: Life Orb
|move|p1b: Ursaluna|Earth Power|p2a: Sneasler
|-supereffective|p2a: Sneasler
|-damage|p2a: Sneasler|0 fnt
|faint|p2a: Sneasler
|
|-heal|p1a: Gholdengo|97/100|[from] Grassy Terrain
|-heal|p1b: Ursaluna|46/100|[from] Grassy Terrain
|-heal|p2b: Excadrill|13/100|[from] Grassy Terrain
|-sideend|p1: FakeOutPlot|move: Tailwind
|-fieldend|move: Grassy Terrain
|upkeep
|turn|7
|
|t:|1756862565
|-terastallize|p1a: Gholdengo|Water
|move|p1b: Ursaluna|Vacuum Wave|p2b: Excadrill
|-supereffective|p2b: Excadrill
|-damage|p2b: Excadrill|0 fnt
|faint|p2b: Excadrill
|
|win|FakeOutPlot
|raw|FakeOutPlot's rating: 1286 → 1306(+20 for winning)
|raw|Beeetch's rating: 1210 → 1190(-20 for losing)
