|j|☆efwefwefwefweifier
|j|☆BenjiRNG
|html|efwefwefwefweifierBenjiRNG    
|uhtml|bestof|Game 1 of a best-of-3
|t:|1784173666
|gametype|doubles
|player|p1|efwefwefwefweifier|clown|1212
|player|p2|BenjiRNG|juan|1288
|gen|9
|tier|[Gen 9 Champions] VGC 2026 Reg M-B (Bo3)
|rated|
|rule|Species Clause: Limit one of each Pokémon
|rule|Item Clause: Limit 1 of each item
|clearpoke
|poke|p1|Armarouge, L50, F|
|poke|p1|Sinistcha, L50|
|poke|p1|Floette-Eternal, L50, F|
|poke|p1|Incineroar, L50, F, shiny|
|poke|p1|Sneasler, L50, F|
|poke|p1|Hydreigon, L50, M|
|poke|p2|Blastoise, L50, M|
|poke|p2|Vivillon, L50, F|
|poke|p2|Typhlosion-Hisui, L50, F|
|poke|p2|Farigiraf, L50, M|
|poke|p2|Sneasler, L50, M|
|poke|p2|Mawile, L50, M|
|teampreview|4
|showteam|p1|Armarouge||ColburBerry|FlashFire|HeatWave,Psychic,CalmMind,Protect|Modest||F|||50|]Sinistcha||KasibBerry|Hospitality|MatchaGotcha,RagePowder,LifeDew,TrickRoom|Calm|||||50|]Floette-Eternal||Floettite|FlowerVeil|DazzlingGleam,DrainingKiss,CalmMind,Protect|Modest||F|||50|]Incineroar||SitrusBerry|Intimidate|FlareBlitz,DarkestLariat,FakeOut,PartingShot|Impish||F|||50|]Sneasler||FocusSash|PoisonTouch|CloseCombat,PoisonJab,FakeOut,QuickGuard|Jolly||F|||50|]Hydreigon||ChoiceScarf|Levitate|DracoMeteor,DarkPulse,Snarl,EarthPower|Modest||M|||50|
|showteam|p2|Blastoise||Blastoisinite|RainDish|WaterSpout,DarkPulse,ShellSmash,Protect|Modest||M|||50|]Vivillon||FocusSash|CompoundEyes|Hurricane,SleepPowder,RagePowder,Protect|Timid||F|||50|]Typhlosion-Hisui||ChoiceScarf|Blaze|Eruption,ShadowBall,HeatWave,WillOWisp|Modest||F|||50|]Farigiraf||SitrusBerry|ArmorTail|TwinBeam,Thunderbolt,HelpingHand,TrickRoom|Bold||M|||50|]Sneasler||WhiteHerb|Unburden|FakeOut,CloseCombat,Feint,DireClaw|Adamant||M|||50|]Mawile||Mawilite|HyperCutter|PlayRough,SuckerPunch,SwordsDance,Protect|Adamant||M|||50|
|inactive|Battle timer is ON: inactive players will automatically lose when time's up. (requested by efwefwefwefweifier)
|inactive|efwefwefwefweifier has 60 seconds left.
|inactive|BenjiRNG has 60 seconds left.
|
|t:|1784173714
|teamsize|p1|4
|teamsize|p2|4
|start
|switch|p1a: Bartholomews|Hydreigon, L50, M|100/100
|switch|p1b: Poison Foison|Sneasler, L50, F|100/100
|switch|p2a: Vivillon|Vivillon, L50, F|100/100
|switch|p2b: Mawile|Mawile, L50, M|100/100
|turn|1
|inactive|efwefwefwefweifier has 30 seconds left.
|inactive|BenjiRNG has 30 seconds left.
|
|t:|1784173748
|detailschange|p2b: Mawile|Mawile-Mega, L50, M
|-mega|p2b: Mawile|Mawile|Mawilite
|move|p2a: Vivillon|Protect|p2a: Vivillon
|-singleturn|p2a: Vivillon|Protect
|move|p1a: Bartholomews|Snarl|p2a: Vivillon|[spread] p2b
|-activate|p2a: Vivillon|move: Protect
|-resisted|p2b: Mawile|1
|-damage|p2b: Mawile|87/100
|-unboost|p2b: Mawile|spa|1
|move|p1b: Poison Foison|Poison Jab|p2a: Vivillon
|-activate|p2a: Vivillon|move: Protect
|move|p2b: Mawile|Play Rough|p1a: Bartholomews
|-supereffective|p1a: Bartholomews|2
|-damage|p1a: Bartholomews|0 fnt
|faint|p1a: Bartholomews
|
|upkeep
|
|t:|1784173754
|switch|p1a: Merry Berry|Incineroar, L50, F, shiny|100/100
|-ability|p1a: Merry Berry|Intimidate|boost
|-unboost|p2a: Vivillon|atk|1
|-unboost|p2b: Mawile|atk|1
|turn|2
|inactive|BenjiRNG has 30 seconds left.
|
|t:|1784173779
|switch|p2a: Typhlosion|Typhlosion-Hisui, L50, F|100/100
|move|p2b: Mawile|Protect|p2b: Mawile
|-singleturn|p2b: Mawile|Protect
|move|p1a: Merry Berry|Fake Out|p2a: Typhlosion
|-immune|p2a: Typhlosion
|move|p1b: Poison Foison|Poison Jab|p2a: Typhlosion
|-resisted|p2a: Typhlosion|1
|-damage|p2a: Typhlosion|68/100
|
|upkeep
|turn|3
|
|t:|1784173803
|switch|p1b: Pasta Blasta|Armarouge, L50, F|100/100
|switch|p2b: Sneasler|Sneasler, L50, M|100/100
|move|p2a: Typhlosion|Heat Wave|p1a: Merry Berry|[spread] p1a
|-start|p1b: Pasta Blasta|ability: Flash Fire
|-resisted|p1a: Merry Berry|1
|-damage|p1a: Merry Berry|83/100
|move|p1a: Merry Berry|Flare Blitz|p2b: Sneasler
|-damage|p2b: Sneasler|12/100
|-damage|p1a: Merry Berry|61/100|[from] Recoil
|
|upkeep
|turn|4
|inactive|BenjiRNG has 30 seconds left.
|
|t:|1784173829
|switch|p2a: Vivillon|Vivillon, L50, F|100/100
|move|p2b: Sneasler|Fake Out|p1a: Merry Berry
|-damage|p1a: Merry Berry|49/100
|-enditem|p1a: Merry Berry|Sitrus Berry|[eat]
|-heal|p1a: Merry Berry|74/100|[from] item: Sitrus Berry
|move|p1b: Pasta Blasta|Calm Mind|p1b: Pasta Blasta
|-boost|p1b: Pasta Blasta|spa|1
|-boost|p1b: Pasta Blasta|spd|1
|cant|p1a: Merry Berry|flinch
|
|upkeep
|turn|5
|
|t:|1784173848
|switch|p1a: Poison Foison|Sneasler, L50, F|100/100
|move|p2b: Sneasler|Close Combat|p1a: Poison Foison
|-resisted|p1a: Poison Foison|1
|-damage|p1a: Poison Foison|40/100
|-unboost|p2b: Sneasler|def|1
|-unboost|p2b: Sneasler|spd|1
|-enditem|p2b: Sneasler|White Herb
|-clearnegativeboost|p2b: Sneasler|[silent]
|move|p2a: Vivillon|Sleep Powder|p1b: Pasta Blasta
|-status|p1b: Pasta Blasta|slp|[from] move: Sleep Powder
|cant|p1b: Pasta Blasta|slp
|
|upkeep
|turn|6
|inactive|efwefwefwefweifier has 30 seconds left.
|inactive|BenjiRNG has 30 seconds left.
|
|t:|1784173881
|move|p1a: Poison Foison|Fake Out|p2a: Vivillon
|-damage|p2a: Vivillon|72/100
|-status|p2a: Vivillon|psn|[from] ability: Poison Touch|[of] p1a: Poison Foison
|move|p2b: Sneasler|Dire Claw|p1b: Pasta Blasta
|-damage|p1b: Pasta Blasta|57/100 slp
|cant|p2a: Vivillon|flinch
|cant|p1b: Pasta Blasta|slp
|
|-damage|p2a: Vivillon|60/100 psn|[from] psn
|upkeep
|turn|7
|inactive|efwefwefwefweifier has 30 seconds left.
|inactive|BenjiRNG has 30 seconds left.
|
|t:|1784173911
|switch|p1a: Merry Berry|Incineroar, L50, F, shiny|74/100
|-ability|p1a: Merry Berry|Intimidate|boost
|-unboost|p2a: Vivillon|atk|1
|-unboost|p2b: Sneasler|atk|1
|-curestatus|p1b: Pasta Blasta|slp|[msg]
|move|p1b: Pasta Blasta|Protect|p1b: Pasta Blasta
|-singleturn|p1b: Pasta Blasta|Protect
|move|p2b: Sneasler|Close Combat|p1a: Merry Berry
|-supereffective|p1a: Merry Berry|1
|-damage|p1a: Merry Berry|8/100
|-unboost|p2b: Sneasler|def|1
|-unboost|p2b: Sneasler|spd|1
|move|p2a: Vivillon|Hurricane|p1a: Merry Berry
|-damage|p1a: Merry Berry|0 fnt
|faint|p1a: Merry Berry
|
|-damage|p2a: Vivillon|47/100 psn|[from] psn
|upkeep
|
|t:|1784173924
|switch|p1a: Poison Foison|Sneasler, L50, F|40/100
|turn|8
|
|t:|1784173945
|move|p2a: Vivillon|Protect|p2a: Vivillon
|-singleturn|p2a: Vivillon|Protect
|move|p1a: Poison Foison|Fake Out|p2a: Vivillon
|-activate|p2a: Vivillon|move: Protect
|move|p2b: Sneasler|Dire Claw|p1b: Pasta Blasta
|-damage|p1b: Pasta Blasta|31/100
|move|p1b: Pasta Blasta|Heat Wave|p2b: Sneasler|[spread] p2b
|-activate|p2a: Vivillon|move: Protect
|-damage|p2b: Sneasler|0 fnt
|faint|p2b: Sneasler
|
|-damage|p2a: Vivillon|35/100 psn|[from] psn
|upkeep
|
|t:|1784173960
|switch|p2b: Typhlosion|Typhlosion-Hisui, L50, F|68/100
|turn|9
|
|t:|1784173976
|move|p1b: Pasta Blasta|Protect|p1b: Pasta Blasta
|-singleturn|p1b: Pasta Blasta|Protect
|move|p2a: Vivillon|Rage Powder|p2a: Vivillon
|-singleturn|p2a: Vivillon|move: Rage Powder
|move|p2b: Typhlosion|Shadow Ball|p1b: Pasta Blasta
|-activate|p1b: Pasta Blasta|move: Protect
|move|p1a: Poison Foison|Poison Jab|p2a: Vivillon
|-damage|p2a: Vivillon|0 fnt
|faint|p2a: Vivillon
|
|upkeep
|
|t:|1784173979
|switch|p2a: Mawile|Mawile-Mega, L50, M|87/100
|turn|10
|
|t:|1784173985
|move|p2a: Mawile|Sucker Punch|p1b: Pasta Blasta
|-supereffective|p1b: Pasta Blasta|1
|-crit|p1b: Pasta Blasta
|-enditem|p1b: Pasta Blasta|Colbur Berry|[eat]
|-enditem|p1b: Pasta Blasta|Colbur Berry|[weaken]
|-damage|p1b: Pasta Blasta|0 fnt
|faint|p1b: Pasta Blasta
|move|p2b: Typhlosion|Shadow Ball|p1a: Poison Foison
|-damage|p1a: Poison Foison|0 fnt
|faint|p1a: Poison Foison
|
|win|BenjiRNG
||efwefwefwefweifier is ready for game 2.
||BenjiRNG is ready for game 2.
|uhtml|next|Next: Game 2 of 3
