|j|☆kaalaas7
|j|☆witlix
|html|kaalaas7witlix    
|uhtml|bestof|Game 1 of a best-of-3
|t:|1786049911
|gametype|doubles
|player|p1|kaalaas7|rocketgruntf|
|player|p2|witlix|benga|
|gen|9
|tier|[Gen 9 Champions] VGC 2026 Reg M-B (Bo3)
|rule|Species Clause: Limit one of each Pokémon
|rule|Item Clause: Limit 1 of each item
|clearpoke
|poke|p1|Charizard, L50, M|
|poke|p1|Incineroar, L50, M|
|poke|p1|Gyarados, L50, M|
|poke|p1|Torterra, L50, M|
|poke|p1|Skarmory, L50, M|
|poke|p1|Kangaskhan, L50, F|
|poke|p2|Floette-Eternal, L50, F|
|poke|p2|Maushold, L50|
|poke|p2|Victreebel, L50, M|
|poke|p2|Ninetales, L50, F|
|poke|p2|Meowstic, L50, M|
|poke|p2|Charizard, L50, M|
|teampreview|4
|showteam|p1|Charizard||CharizarditeY|Blaze|HeatWave,HelpingHand,Protect,WeatherBall|Modest||M|||50|]Incineroar||ShucaBerry|Intimidate|FakeOut,PartingShot,CloseCombat,FlareBlitz|Adamant||M|||50|]Gyarados||FocusSash|Intimidate|Protect,StoneEdge,Earthquake,DragonDance|Jolly||M|||50|]Torterra||WhiteHerb|Overgrow|ShellSmash,Protect,Earthquake,RockSlide|Relaxed||M|||50|]Skarmory||Leftovers|Sturdy|IronDefense,BodyPress,Protect,Tailwind|Impish||M|||50|]Kangaskhan||SilkScarf|InnerFocus|FakeOut,Earthquake,BodySlam,Protect|Jolly||F|||50|
|showteam|p2|Floette-Eternal||Floettite|FlowerVeil|DrainingKiss,CalmMind,DazzlingGleam,Protect|Timid||F|||50|]Maushold||ChopleBerry|FriendGuard|FollowMe,Encore,Protect,PopulationBomb|Impish|||||50|]Victreebel||FocusSash|Chlorophyll|SleepPowder,AcidSpray,LeafStorm,Protect|Modest||M|||50|]Ninetales||LifeOrb|Drought|ScorchingSands,Hypnosis,HeatWave,Protect|Timid||F|||50|]Meowstic||MentalHerb|Prankster|FakeOut,Gravity,RainDance,Thunderbolt|Timid||M|||50|]Charizard||CharizarditeX|Blaze|DragonDance,ThunderPunch,TemperFlare,Protect|Jolly||M|||50|
|inactive|Battle timer is ON: inactive players will automatically lose when time's up. (requested by witlix)
|inactive|witlix has 60 seconds left.
|
|t:|1786049948
|teamsize|p1|4
|teamsize|p2|4
|start
|switch|p1a: Charizard|Charizard, L50, M|100/100
|switch|p1b: Incineroar|Incineroar, L50, M|100/100
|switch|p2a: Maushold|Maushold, L50|100/100
|switch|p2b: Floette|Floette-Eternal, L50, F|100/100
|-ability|p1b: Incineroar|Intimidate|boost
|-unboost|p2a: Maushold|atk|1
|-unboost|p2b: Floette|atk|1
|turn|1
|
|t:|1786049970
|detailschange|p2b: Floette|Floette-Mega, L50, F
|-mega|p2b: Floette|Floette|Floettite
|-ability|p2b: Floette|Fairy Aura
|detailschange|p1a: Charizard|Charizard-Mega-Y, L50, M
|-mega|p1a: Charizard|Charizard|Charizardite Y
|-weather|SunnyDay|[from] ability: Drought|[of] p1a: Charizard
|move|p2b: Floette|Protect|p2b: Floette
|-singleturn|p2b: Floette|Protect
|move|p2a: Maushold|Protect|p2a: Maushold
|-singleturn|p2a: Maushold|Protect
|move|p1a: Charizard|Heat Wave|p2a: Maushold|[spread] 
|-activate|p2a: Maushold|move: Protect
|-activate|p2b: Floette|move: Protect
|move|p1b: Incineroar|Flare Blitz|p2a: Maushold
|-activate|p2a: Maushold|move: Protect
|
|-weather|SunnyDay|[upkeep]
|upkeep
|turn|2
|j| Noir-Grey
|
|t:|1786049992
|move|p2a: Maushold|Follow Me|p2a: Maushold
|-singleturn|p2a: Maushold|move: Follow Me
|move|p2b: Floette|Calm Mind|p2b: Floette
|-boost|p2b: Floette|spa|1
|-boost|p2b: Floette|spd|1
|move|p1a: Charizard|Heat Wave|p2a: Maushold|[spread] p2a
|-miss|p1a: Charizard|p2b: Floette
|-damage|p2a: Maushold|28/100
|move|p1b: Incineroar|Flare Blitz|p2a: Maushold
|-damage|p2a: Maushold|0 fnt
|faint|p2a: Maushold
|-damage|p1b: Incineroar|91/100|[from] Recoil
|
|-weather|SunnyDay|[upkeep]
|upkeep
|j| Tearamizuu
|
|t:|1786050004
|switch|p2a: Victreebel|Victreebel, L50, M|100/100
|turn|3
|c| Noir-Grey|Treasure dont 2-0 me for watching this match
|
|t:|1786050026
|move|p2a: Victreebel|Sleep Powder|p1b: Incineroar
|-status|p1b: Incineroar|slp|[from] move: Sleep Powder
|move|p2b: Floette|Dazzling Gleam|p1b: Incineroar|[spread] p1a,p1b
|-resisted|p1a: Charizard|1
|-damage|p1a: Charizard|72/100
|-damage|p1b: Incineroar|27/100 slp
|move|p1a: Charizard|Heat Wave|p2a: Victreebel|[spread] p2a,p2b
|-supereffective|p2a: Victreebel|1
|-enditem|p2a: Victreebel|Focus Sash
|-damage|p2a: Victreebel|1/100
|-damage|p2b: Floette|67/100
|cant|p1b: Incineroar|slp
|
|-weather|SunnyDay|[upkeep]
|upkeep
|turn|4
|
|t:|1786050042
|switch|p1a: Torterra|Torterra, L50, M|100/100
|move|p2a: Victreebel|Sleep Powder|p1a: Torterra
|-immune|p1a: Torterra
|move|p2b: Floette|Draining Kiss|p1b: Incineroar
|-damage|p1b: Incineroar|0 fnt
|-heal|p2b: Floette|94/100|[from] drain|[of] p1b: Incineroar
|faint|p1b: Incineroar
|
|-weather|SunnyDay|[upkeep]
|upkeep
|
|t:|1786050051
|switch|p1b: Charizard|Charizard-Mega-Y, L50, M|72/100
|turn|5
|
|t:|1786050058
|move|p2a: Victreebel|Acid Spray|p1a: Torterra
|-damage|p1a: Torterra|79/100
|-unboost|p1a: Torterra|spd|2
|-enditem|p1a: Torterra|White Herb
|-clearnegativeboost|p1a: Torterra|[silent]
|move|p2b: Floette|Dazzling Gleam|p1b: Charizard|[spread] p1a,p1b
|-resisted|p1b: Charizard|1
|-damage|p1a: Torterra|7/100
|-damage|p1b: Charizard|47/100
|move|p1b: Charizard|Heat Wave|p2a: Victreebel|[spread] p2a,p2b
|-supereffective|p2a: Victreebel|1
|-crit|p2a: Victreebel
|-crit|p2b: Floette
|-damage|p2a: Victreebel|0 fnt
|-damage|p2b: Floette|25/100
|faint|p2a: Victreebel
|move|p1a: Torterra|Earthquake|p2b: Floette|[spread] p2b
|-immune|p1b: Charizard
|-damage|p2b: Floette|0 fnt
|faint|p2b: Floette
|
|-weather|none
|upkeep
|
|t:|1786050076
|switch|p2a: Ninetales|Ninetales, L50, F|100/100
|-weather|SunnyDay|[from] ability: Drought|[of] p2a: Ninetales
|turn|6
|
|t:|1786050086
|move|p1b: Charizard|Helping Hand|p1a: Torterra
|-singleturn|p1a: Torterra|Helping Hand|[of] p1b: Charizard
|move|p2a: Ninetales|Heat Wave|p1a: Torterra|[spread] p1a,p1b
|-supereffective|p1a: Torterra|1
|-resisted|p1b: Charizard|1
|-damage|p1a: Torterra|0 fnt
|-damage|p1b: Charizard|25/100
|faint|p1a: Torterra
|-damage|p2a: Ninetales|90/100|[from] item: Life Orb
|
|-weather|SunnyDay|[upkeep]
|upkeep
|
|t:|1786050091
|switch|p1a: Gyarados|Gyarados, L50, M|100/100
|-ability|p1a: Gyarados|Intimidate|boost
|-unboost|p2a: Ninetales|atk|1
|turn|7
|
|t:|1786050100
|move|p2a: Ninetales|Hypnosis|p1a: Gyarados|[miss]
|-miss|p2a: Ninetales|p1a: Gyarados
|move|p1a: Gyarados|Stone Edge|p2a: Ninetales
|-supereffective|p2a: Ninetales|1
|-damage|p2a: Ninetales|0 fnt
|faint|p2a: Ninetales
|
|win|kaalaas7
|inactive|kaalaas7 has 30 seconds to confirm battle start!
|inactive|witlix has 30 seconds to confirm battle start!
||kaalaas7 is ready for game 2.
