|j|☆SHINee Atmos
|j|☆TMJS01
|html|SHINee AtmosTMJS01    
|uhtml|bestof|Game 2 of a best-of-3
|t:|1782186572
|gametype|doubles
|player|p1|SHINee Atmos|acetrainerf-gen4dp|1121
|player|p2|TMJS01|unknown|1309
|gen|9
|tier|[Gen 9 Champions] VGC 2026 Reg M-B (Bo3)
|rated|
|rule|Species Clause: Limit one of each Pokémon
|rule|Item Clause: Limit 1 of each item
|clearpoke
|poke|p1|Staraptor, L50, M|
|poke|p1|Sneasler, L50, M|
|poke|p1|Ninetales-Alola, L50, F|
|poke|p1|Sinistcha, L50|
|poke|p1|Milotic, L50, F|
|poke|p1|Dragalge, L50, F|
|poke|p2|Sinistcha, L50|
|poke|p2|Incineroar, L50, F|
|poke|p2|Garchomp, L50, M|
|poke|p2|Floette-Eternal, L50, F|
|poke|p2|Delphox, L50, M|
|poke|p2|Kingambit, L50, F|
|teampreview|4
|showteam|p1|Staraptor||Staraptite|Intimidate|BraveBird,CloseCombat,Roost,Protect|Jolly||M|||50|]Sneasler||WhiteHerb|Unburden|FakeOut,DireClaw,CloseCombat,Protect|Jolly||M|||50|]Ninetales-Alola||LightClay|SnowWarning|Blizzard,FreezeDry,AuroraVeil,Protect|Timid||F|||50|]Sinistcha||SitrusBerry|Hospitality|MatchaGotcha,RagePowder,StrengthSap,LifeDew|Bold|||||50|]Milotic||Leftovers|Competitive|MuddyWater,Hypnosis,Coil,Recover|Calm||F|||50|]Dragalge||Dragalgite|PoisonPoint|SludgeBomb,DragonPulse,ShadowBall,Protect|Calm||F|||50|
|showteam|p2|Sinistcha||KasibBerry|Hospitality|MatchaGotcha,RagePowder,TrickRoom,LifeDew|Relaxed|||||50|]Incineroar||ChopleBerry|Intimidate|ThroatChop,FlareBlitz,PartingShot,FakeOut|Impish||F|||50|]Garchomp||LifeOrb|RoughSkin|ScaleShot,StompingTantrum,Protect,RockTomb|Jolly||M|||50|]Floette-Eternal||Floettite|FlowerVeil|Protect,CalmMind,Moonblast,DazzlingGleam|Modest||F|||50|]Delphox||Delphoxite|Blaze|NastyPlot,HeatWave,Psyshock,Protect|Timid||M|||50|]Kingambit||BlackGlasses|Defiant|Protect,IronHead,KowtowCleave,SuckerPunch|Adamant||F|||50|
|inactive|Battle timer is ON: inactive players will automatically lose when time's up. (requested by TMJS01)
|
|t:|1782186594
|teamsize|p1|4
|teamsize|p2|4
|start
|switch|p1a: Ninetales|Ninetales-Alola, L50, F|100/100
|switch|p1b: Milotic|Milotic, L50, F|100/100
|switch|p2a: Delphox|Delphox, L50, M|100/100
|switch|p2b: Sinistcha|Sinistcha, L50|100/100
|-weather|Snowscape|[from] ability: Snow Warning|[of] p1a: Ninetales
|turn|1
|
|t:|1782186604
|detailschange|p2a: Delphox|Delphox-Mega, L50, M
|-mega|p2a: Delphox|Delphox|Delphoxite
|move|p2a: Delphox|Heat Wave|p1a: Ninetales|[spread] p1a,p1b
|-supereffective|p1a: Ninetales|1
|-resisted|p1b: Milotic|1
|-damage|p1a: Ninetales|6/100
|-damage|p1b: Milotic|87/100
|move|p1a: Ninetales|Blizzard|p2a: Delphox|[spread] p2a,p2b
|-resisted|p2a: Delphox|1
|-supereffective|p2b: Sinistcha|1
|-damage|p2a: Delphox|86/100
|-damage|p2b: Sinistcha|44/100
|move|p1b: Milotic|Coil|p1b: Milotic
|-boost|p1b: Milotic|atk|1
|-boost|p1b: Milotic|def|1
|-boost|p1b: Milotic|accuracy|1
|move|p2b: Sinistcha|Matcha Gotcha|p1b: Milotic|[spread] p1a,p1b
|-supereffective|p1b: Milotic|1
|-damage|p1a: Ninetales|0 fnt
|-heal|p2b: Sinistcha|47/100|[from] drain|[of] p1a: Ninetales
|-damage|p1b: Milotic|55/100
|-heal|p2b: Sinistcha|65/100|[from] drain|[of] p1b: Milotic
|faint|p1a: Ninetales
|
|-weather|Snowscape|[upkeep]
|-heal|p1b: Milotic|61/100|[from] item: Leftovers
|upkeep
|
|t:|1782186609
|switch|p1a: Sneasler|Sneasler, L50, M|100/100
|turn|2
|
|t:|1782186622
|move|p2a: Delphox|Protect|p2a: Delphox
|-singleturn|p2a: Delphox|Protect
|move|p1a: Sneasler|Dire Claw|p2b: Sinistcha
|-damage|p2b: Sinistcha|30/100
|move|p1b: Milotic|Hypnosis|p2b: Sinistcha
|-status|p2b: Sinistcha|slp|[from] move: Hypnosis
|cant|p2b: Sinistcha|slp
|
|-weather|Snowscape|[upkeep]
|-heal|p1b: Milotic|66/100|[from] item: Leftovers
|upkeep
|turn|3
|
|t:|1782186633
|move|p1a: Sneasler|Protect|p1a: Sneasler
|-singleturn|p1a: Sneasler|Protect
|move|p2a: Delphox|Nasty Plot|p2a: Delphox
|-boost|p2a: Delphox|spa|2
|move|p1b: Milotic|Hypnosis|p2a: Delphox|[miss]
|-miss|p1b: Milotic|p2a: Delphox
|-curestatus|p2b: Sinistcha|slp|[msg]
|move|p2b: Sinistcha|Matcha Gotcha|p1a: Sneasler|[spread] p1b
|-activate|p1a: Sneasler|move: Protect
|-supereffective|p1b: Milotic|1
|-damage|p1b: Milotic|35/100
|-heal|p2b: Sinistcha|47/100|[from] drain|[of] p1b: Milotic
|-status|p1b: Milotic|brn
|
|-weather|Snowscape|[upkeep]
|-heal|p1b: Milotic|41/100 brn|[from] item: Leftovers
|-damage|p1b: Milotic|35/100 brn|[from] brn
|upkeep
|turn|4
|
|t:|1782186642
|move|p2a: Delphox|Psyshock|p1b: Milotic
|-damage|p1b: Milotic|0 fnt
|faint|p1b: Milotic
|move|p1a: Sneasler|Dire Claw|p2a: Delphox
|-damage|p2a: Delphox|29/100
|-status|p2a: Delphox|slp
|move|p2b: Sinistcha|Life Dew|p2b: Sinistcha|[spread] p2a,p2b
|-heal|p2a: Delphox|54/100 slp
|-heal|p2b: Sinistcha|73/100
|
|-weather|Snowscape|[upkeep]
|upkeep
|
|t:|1782186645
|switch|p1b: Dragalge|Dragalge, L50, F|100/100
|turn|5
|
|t:|1782186652
|switch|p2b: Incineroar|Incineroar, L50, F|100/100
|-ability|p2b: Incineroar|Intimidate|boost
|-unboost|p1a: Sneasler|atk|1
|-unboost|p1b: Dragalge|atk|1
|-enditem|p1a: Sneasler|White Herb
|-clearnegativeboost|p1a: Sneasler|[silent]
|detailschange|p1b: Dragalge|Dragalge-Mega, L50, F
|-mega|p1b: Dragalge|Dragalge|Dragalgite
|move|p1a: Sneasler|Dire Claw|p2a: Delphox
|-damage|p2a: Delphox|0 fnt
|-fail|p2a: Delphox
|faint|p2a: Delphox
|move|p1b: Dragalge|Sludge Bomb|p2b: Incineroar
|-damage|p2b: Incineroar|61/100
|
|-weather|none
|upkeep
|
|t:|1782186657
|switch|p2a: Sinistcha|Sinistcha, L50|73/100
|-heal|p2b: Incineroar|86/100|[from] ability: Hospitality|[of] p2a: Sinistcha
|turn|6
|
|t:|1782186664
|move|p1a: Sneasler|Protect|p1a: Sneasler
|-singleturn|p1a: Sneasler|Protect
|move|p1b: Dragalge|Protect|p1b: Dragalge
|-singleturn|p1b: Dragalge|Protect
|move|p2b: Incineroar|Fake Out|p1a: Sneasler
|-activate|p1a: Sneasler|move: Protect
|move|p2a: Sinistcha|Trick Room|p2a: Sinistcha
|-fieldstart|move: Trick Room|[of] p2a: Sinistcha
|
|upkeep
|turn|7
|
|t:|1782186671
|move|p2a: Sinistcha|Rage Powder|p2a: Sinistcha
|-singleturn|p2a: Sinistcha|move: Rage Powder
|move|p1b: Dragalge|Sludge Bomb|p2a: Sinistcha
|-damage|p2a: Sinistcha|30/100
|-status|p2a: Sinistcha|psn
|move|p2b: Incineroar|Flare Blitz|p1a: Sneasler
|-damage|p1a: Sneasler|17/100
|-damage|p2b: Incineroar|64/100|[from] Recoil
|move|p1a: Sneasler|Close Combat|p2a: Sinistcha
|-immune|p2a: Sinistcha
|
|-damage|p2a: Sinistcha|17/100 psn|[from] psn
|upkeep
|turn|8
|
|t:|1782186680
|move|p1a: Sneasler|Protect|p1a: Sneasler
|-singleturn|p1a: Sneasler|Protect
|move|p1b: Dragalge|Sludge Bomb|p2b: Incineroar
|-damage|p2b: Incineroar|25/100
|move|p2a: Sinistcha|Life Dew|p2a: Sinistcha|[spread] p2a,p2b
|-heal|p2a: Sinistcha|43/100 psn
|-heal|p2b: Incineroar|50/100g
|move|p2b: Incineroar|Flare Blitz|p1a: Sneasler
|-activate|p1a: Sneasler|move: Protect
|
|-damage|p2a: Sinistcha|30/100 psn|[from] psn
|upkeep
|turn|9
|
|t:|1782186691
|move|p1b: Dragalge|Sludge Bomb|p2b: Incineroar
|-damage|p2b: Incineroar|9/100
|move|p2a: Sinistcha|Life Dew|p2a: Sinistcha|[spread] p2a,p2b
|-heal|p2a: Sinistcha|56/100 psn
|-heal|p2b: Incineroar|34/100
|move|p2b: Incineroar|Flare Blitz|p1a: Sneasler
|-damage|p1a: Sneasler|0 fnt
|faint|p1a: Sneasler
|-damage|p2b: Incineroar|30/100|[from] Recoil
|
|-damage|p2a: Sinistcha|43/100 psn|[from] psn
|upkeep
|turn|10
|
|t:|1782186710
|move|p2a: Sinistcha|Rage Powder|p2a: Sinistcha
|-singleturn|p2a: Sinistcha|move: Rage Powder
|move|p1b: Dragalge|Sludge Bomb|p2a: Sinistcha
|-damage|p2a: Sinistcha|4/100 psn
|move|p2b: Incineroar|Parting Shot|p1b: Dragalge
|-unboost|p1b: Dragalge|atk|1
|-unboost|p1b: Dragalge|spa|1
|
|t:|1782186712
|switch|p2b: Kingambit|Kingambit, L50, F|100/100|[from] Parting Shot
|
|-damage|p2a: Sinistcha|0 fnt|[from] psn
|faint|p2a: Sinistcha
|-fieldend|move: Trick Room
|upkeep
|
|t:|1782186714
|switch|p2a: Incineroar|Incineroar, L50, F|30/100
|-ability|p2a: Incineroar|Intimidate|boost
|-unboost|p1b: Dragalge|atk|1
|turn|11
|-message|SHINee Atmos forfeited.
|raw|SHINee Atmos's rating: 1121 → 1108(-13 for losing)
|raw|TMJS01's rating: 1309 → 1319(+10 for winning)
|
|win|TMJS01
|l|☆SHINee Atmos
|player|p1|
