|j|☆scizorx5o
|j|☆Are En Gee
|html|scizorx5oAre En Gee    
|uhtml|bestof|Game 3 of a best-of-3
|t:|1756445308
|gametype|doubles
|player|p1|scizorx5o|102|
|player|p2|Are En Gee|zinnia|
|gen|9
|tier|[Gen 9] VGC 2025 Reg H (Bo3)
|rule|Species Clause: Limit one of each Pokémon
|rule|Item Clause: Limit 1 of each item
|clearpoke
|poke|p1|Sneasler, L50, M|
|poke|p1|Gholdengo, L50|
|poke|p1|Kingambit, L50, M|
|poke|p1|Amoonguss, L50, M|
|poke|p1|Gyarados, L50, F|
|poke|p1|Indeedee-F, L50, F|
|poke|p2|Glimmora, L50, F|
|poke|p2|Dondozo, L50, F|
|poke|p2|Tatsugiri-Droopy, L50, F|
|poke|p2|Clefairy, L50, F|
|poke|p2|Gliscor, L50, M|
|poke|p2|Gholdengo, L50|
|teampreview|4
|showteam|p1|Sneasler||PsychicSeed|Unburden|FakeOut,Coaching,Protect,DireClaw|||M|||50|,,,,,Dark]Gholdengo||LifeOrb|GoodasGold|MakeItRain,NastyPlot,Protect,ShadowBall||||||50|,,,,,Water]Kingambit||AssaultVest|Defiant|SuckerPunch,KowtowCleave,Assurance,IronHead|||M|||50|,,,,,Fairy]Amoonguss||SitrusBerry|Regenerator|RagePowder,Spore,Protect,PollenPuff|||M|||50|,,,,,Water]Gyarados||ClearAmulet|Intimidate|DragonDance,Protect,Waterfall,TeraBlast|||F|||50|,,,,,Flying]Indeedee-F||SafetyGoggles|PsychicSurge|FollowMe,Protect,TrickRoom,Psychic|||F|||50|,,,,,Grass
|showteam|p2|Glimmora||FocusSash|ToxicDebris|Toxic,SludgeWave,PowerGem,SpikyShield|||F|||50|,,,,,Grass]Dondozo||Leftovers|Unaware|Protect,OrderUp,WaveCrash,BodyPress|||F|||50|,,,,,Grass]Tatsugiri-Droopy||ChoiceScarf|Commander|MuddyWater,DracoMeteor,IcyWind,ChillingWater|||F|||50|,,,,,Stellar]Clefairy||Eviolite|FriendGuard|FollowMe,Protect,LifeDew,AfterYou|||F|||50|,,,,,Grass]Gliscor||CovertCloak|PoisonHeal|Protect,SwordsDance,Facade,Earthquake|||M|||50|,,,,,Normal]Gholdengo||LifeOrb|GoodasGold|MakeItRain,NastyPlot,ShadowBall,Protect||||||50|,,,,,Steel
|
|t:|1756445349
|teamsize|p1|4
|teamsize|p2|4
|start
|switch|p1a: Gyarados|Gyarados, L50, F|100/100
|switch|p1b: Gholdengo|Gholdengo, L50|100/100
|switch|p2a: Gholdengo|Gholdengo, L50|100/100
|switch|p2b: Glimmora|Glimmora, L50, F|100/100
|-ability|p1a: Gyarados|Intimidate|boost
|-unboost|p2a: Gholdengo|atk|1
|-unboost|p2b: Glimmora|atk|1
|turn|1
|
|t:|1756445381
|move|p2b: Glimmora|Power Gem|p1a: Gyarados
|-supereffective|p1a: Gyarados
|-damage|p1a: Gyarados|19/100
|move|p2a: Gholdengo|Shadow Ball|p1b: Gholdengo
|-supereffective|p1b: Gholdengo
|-damage|p1b: Gholdengo|4/100
|-unboost|p1b: Gholdengo|spd|1
|-damage|p2a: Gholdengo|91/100|[from] item: Life Orb
|move|p1a: Gyarados|Waterfall|p2a: Gholdengo
|-damage|p2a: Gholdengo|47/100
|move|p1b: Gholdengo|Shadow Ball|p2a: Gholdengo
|-supereffective|p2a: Gholdengo
|-crit|p2a: Gholdengo
|-damage|p2a: Gholdengo|0 fnt
|faint|p2a: Gholdengo
|-damage|p1b: Gholdengo|0 fnt|[from] item: Life Orb
|faint|p1b: Gholdengo
|
|upkeep
|
|t:|1756445399
|switch|p2a: Tatsugiri|Tatsugiri-Droopy, L50, F|100/100
|switch|p1b: Amoonguss|Amoonguss, L50, M|100/100
|turn|2
|
|t:|1756445413
|move|p1a: Gyarados|Protect|p1a: Gyarados
|-singleturn|p1a: Gyarados|Protect
|move|p2a: Tatsugiri|Draco Meteor|p1b: Amoonguss
|-damage|p1b: Amoonguss|39/100
|-unboost|p2a: Tatsugiri|spa|2
|-enditem|p1b: Amoonguss|Sitrus Berry|[eat]
|-heal|p1b: Amoonguss|64/100|[from] item: Sitrus Berry
|move|p2b: Glimmora|Sludge Wave|p1b: Amoonguss|[spread] p2a,p1b
|-activate|p1a: Gyarados|move: Protect
|-damage|p2a: Tatsugiri|50/100
|-damage|p1b: Amoonguss|34/100
|move|p1b: Amoonguss|Spore|p2a: Tatsugiri
|-status|p2a: Tatsugiri|slp|[from] move: Spore
|
|upkeep
|turn|3
|
|t:|1756445432
|switch|p1a: Indeedee|Indeedee-F, L50, F|100/100
|-fieldstart|move: Psychic Terrain|[from] ability: Psychic Surge|[of] p1a: Indeedee
|move|p1b: Amoonguss|Protect|p1b: Amoonguss
|-singleturn|p1b: Amoonguss|Protect
|cant|p2a: Tatsugiri|slp
|move|p2b: Glimmora|Sludge Wave|p1a: Indeedee|[spread] p2a,p1a
|-activate|p1b: Amoonguss|move: Protect
|-damage|p2a: Tatsugiri|4/100 slp
|-damage|p1a: Indeedee|63/100
|
|upkeep
|turn|4
|
|t:|1756445456
|switch|p2b: Dondozo|Dondozo, L50, F|100/100
|-activate|p2a: Tatsugiri|ability: Commander|[of] p2b: Dondozo
|-boost|p2b: Dondozo|atk|2
|-boost|p2b: Dondozo|spa|2
|-boost|p2b: Dondozo|spe|2
|-boost|p2b: Dondozo|def|2
|-boost|p2b: Dondozo|spd|2
|move|p1a: Indeedee|Psychic|p2b: Dondozo
|-damage|p2b: Dondozo|83/100
|-unboost|p2b: Dondozo|spd|1
|move|p1b: Amoonguss|Pollen Puff|p2b: Dondozo
|-damage|p2b: Dondozo|72/100
|
|-heal|p2b: Dondozo|78/100|[from] item: Leftovers
|upkeep
|turn|5
|
|t:|1756445469
|-terastallize|p1b: Amoonguss|Water
|move|p2b: Dondozo|Protect|p2b: Dondozo
|-singleturn|p2b: Dondozo|Protect
|move|p1b: Amoonguss|Spore|p2b: Dondozo
|-activate|p2b: Dondozo|move: Protect
|move|p1a: Indeedee|Trick Room|p1a: Indeedee
|-fieldstart|move: Trick Room|[of] p1a: Indeedee
|
|-heal|p2b: Dondozo|84/100|[from] item: Leftovers
|upkeep
|turn|6
|
|t:|1756445476
|-terastallize|p2b: Dondozo|Grass
|move|p1b: Amoonguss|Spore|p2b: Dondozo
|-immune|p2b: Dondozo
|move|p2b: Dondozo|Order Up|p1b: Amoonguss
|-damage|p1b: Amoonguss|5/100
|-boost|p2b: Dondozo|def|1
|move|p1a: Indeedee|Psychic|p2b: Dondozo
|-damage|p2b: Dondozo|59/100
|
|-heal|p2b: Dondozo|65/100|[from] item: Leftovers
|upkeep
|turn|7
|
|t:|1756445490
|move|p2b: Dondozo|Protect|p2b: Dondozo
|-singleturn|p2b: Dondozo|Protect
|move|p1a: Indeedee|Follow Me|p1a: Indeedee
|-singleturn|p1a: Indeedee|move: Follow Me
|move|p1b: Amoonguss|Pollen Puff|p2b: Dondozo
|-activate|p2b: Dondozo|move: Protect
|
|-heal|p2b: Dondozo|72/100|[from] item: Leftovers
|-fieldend|move: Psychic Terrain
|upkeep
|turn|8
|
|t:|1756445497
|switch|p1b: Gyarados|Gyarados, L50, F|19/100
|-ability|p1b: Gyarados|Intimidate|boost
|-unboost|p2a: Tatsugiri|atk|1
|-unboost|p2b: Dondozo|atk|1
|move|p2b: Dondozo|Order Up|p1b: Gyarados
|-damage|p1b: Gyarados|0 fnt
|faint|p1b: Gyarados
|-boost|p2b: Dondozo|def|1
|move|p1a: Indeedee|Psychic|p2b: Dondozo
|-damage|p2b: Dondozo|53/100
|
|-heal|p2b: Dondozo|59/100|[from] item: Leftovers
|upkeep
|
|t:|1756445498
|switch|p1b: Amoonguss|Amoonguss, L50, M, tera:Water|39/100
|turn|9
|
|t:|1756445513
|move|p1a: Indeedee|Follow Me|p1a: Indeedee
|-singleturn|p1a: Indeedee|move: Follow Me
|move|p1b: Amoonguss|Pollen Puff|p1a: Indeedee
|-heal|p1a: Indeedee|100/100
|move|p2b: Dondozo|Body Press|p1a: Indeedee
|-damage|p1a: Indeedee|23/100
|
|-heal|p2b: Dondozo|65/100|[from] item: Leftovers
|-fieldend|move: Trick Room
|upkeep
|turn|10
|
|t:|1756445523
|move|p1a: Indeedee|Psychic|p2b: Dondozo
|-damage|p2b: Dondozo|46/100
|move|p2b: Dondozo|Body Press|p1b: Amoonguss
|-damage|p1b: Amoonguss|0 fnt
|faint|p1b: Amoonguss
|
|-heal|p2b: Dondozo|52/100|[from] item: Leftovers
|upkeep
|turn|11
|
|t:|1756445530
|move|p2b: Dondozo|Protect|p2b: Dondozo
|-singleturn|p2b: Dondozo|Protect
|move|p1a: Indeedee|Psychic|p2b: Dondozo
|-activate|p2b: Dondozo|move: Protect
|
|-heal|p2b: Dondozo|58/100|[from] item: Leftovers
|upkeep
|turn|12
|
|t:|1756445533
|move|p1a: Indeedee|Psychic|p2b: Dondozo
|-damage|p2b: Dondozo|39/100
|move|p2b: Dondozo|Body Press|p1a: Indeedee
|-damage|p1a: Indeedee|0 fnt
|faint|p1a: Indeedee
|
|win|Are En Gee
|l|☆scizorx5o
|player|p1|
