|j|☆vuelve chusooo
|j|☆cubeandcroc
|html|vuelve chusooocubeandcroc    
|uhtml|bestof|Game 3 of a best-of-3
|t:|1784289080
|gametype|doubles
|player|p1|vuelve chusooo|fisherman-gen4|1192
|player|p2|cubeandcroc|2|1116
|gen|9
|tier|[Gen 9 Champions] VGC 2026 Reg M-B (Bo3)
|rated|
|rule|Species Clause: Limit one of each Pokémon
|rule|Item Clause: Limit 1 of each item
|clearpoke
|poke|p1|Swampert, L50, M|
|poke|p1|Pelipper, L50, F|
|poke|p1|Archaludon, L50, F|
|poke|p1|Floette-Eternal, L50, F|
|poke|p1|Basculegion, L50, M|
|poke|p1|Incineroar, L50, M|
|poke|p2|Farigiraf, L50, M|
|poke|p2|Milotic, L50, F|
|poke|p2|Corviknight, L50, M|
|poke|p2|Tyranitar, L50, F|
|poke|p2|Scrafty, L50, M|
|poke|p2|Rotom-Heat, L50|
|teampreview|4
|showteam|p1|Swampert||Swampertite|Torrent|WaveCrash,Earthquake,IcePunch,Protect|Adamant||M|||50|]Pelipper||FocusSash|Drizzle|WeatherBall,Hurricane,Tailwind,Protect|Modest||F|||50|]Archaludon||Leftovers|Stamina|DragonPulse,FlashCannon,ElectroShot,Protect|Modest||F|||50|]Floette-Eternal||Floettite|FlowerVeil|Moonblast,DazzlingGleam,LightofRuin,Protect|Modest||F|||50|]Basculegion||ChoiceScarf|Adaptability|WaveCrash,LastRespects,AquaJet,FlipTurn|Adamant||M|||50|]Incineroar||SitrusBerry|Intimidate|FakeOut,PartingShot,FlareBlitz,ThroatChop|Careful||M|||50|
|showteam|p2|Farigiraf||SitrusBerry|ArmorTail|Psychic,MirrorCoat,TrickRoom,Roar|Bold||M|||50|]Milotic||Leftovers|Competitive|MuddyWater,Hypnosis,Coil,Recover|Modest||F|||50|]Corviknight||OccaBerry|MirrorArmor|IronHead,BodyPress,BulkUp,Tailwind|Adamant||M|||50|]Tyranitar||Tyranitarite|SandStream|KnockOff,RockSlide,LowKick,IcePunch|Adamant||F|||50|]Scrafty||Scraftinite|Intimidate|FakeOut,CloseCombat,KnockOff,Protect|Brave||M|||50|]Rotom-Heat||ChestoBerry|Levitate|Overheat,Thunderbolt,Rest,Protect|Modest|||||50|
|
|t:|1784289138
|teamsize|p1|4
|teamsize|p2|4
|start
|switch|p1a: Pelipper|Pelipper, L50, F|100/100
|switch|p1b: Swampert|Swampert, L50, M|100/100
|switch|p2a: Tyranitar|Tyranitar, L50, F|100/100
|switch|p2b: Farigiraf|Farigiraf, L50, M|100/100
|-weather|RainDance|[from] ability: Drizzle|[of] p1a: Pelipper
|-weather|Sandstorm|[from] ability: Sand Stream|[of] p2a: Tyranitar
|turn|1
|
|t:|1784289178
|switch|p2a: Scrafty|Scrafty, L50, M|100/100
|-ability|p2a: Scrafty|Intimidate|boost
|-unboost|p1a: Pelipper|atk|1
|-unboost|p1b: Swampert|atk|1
|detailschange|p1b: Swampert|Swampert-Mega, L50, M
|-mega|p1b: Swampert|Swampert|Swampertite
|move|p1a: Pelipper|Weather Ball|p2a: Scrafty
|-resisted|p2a: Scrafty|1
|-damage|p2a: Scrafty|86/100
|move|p1b: Swampert|Earthquake|p2a: Scrafty|[spread] p2a,p2b
|-immune|p1a: Pelipper
|-damage|p2a: Scrafty|57/100
|-damage|p2b: Farigiraf|76/100
|move|p2b: Farigiraf|Trick Room|p2b: Farigiraf
|-fieldstart|move: Trick Room|[of] p2b: Farigiraf
|
|-weather|Sandstorm|[upkeep]
|-damage|p2a: Scrafty|51/100|[from] Sandstorm
|-damage|p2b: Farigiraf|69/100|[from] Sandstorm
|-damage|p1a: Pelipper|94/100|[from] Sandstorm
|upkeep
|turn|2
|
|t:|1784289203
|move|p1b: Swampert|Protect|p1b: Swampert
|-singleturn|p1b: Swampert|Protect
|move|p1a: Pelipper|Protect|p1a: Pelipper
|-singleturn|p1a: Pelipper|Protect
|move|p2a: Scrafty|Close Combat|p1b: Swampert
|-activate|p1b: Swampert|move: Protect
|move|p2b: Farigiraf|Psychic|p1b: Swampert
|-activate|p1b: Swampert|move: Protect
|
|-weather|Sandstorm|[upkeep]
|-damage|p2a: Scrafty|45/100|[from] Sandstorm
|-damage|p2b: Farigiraf|63/100|[from] Sandstorm
|-damage|p1a: Pelipper|88/100|[from] Sandstorm
|upkeep
|turn|3
|
|t:|1784289234
|switch|p1b: Basculegion|Basculegion, L50, M|100/100
|switch|p1a: Archaludon|Archaludon, L50, F|100/100
|move|p2a: Scrafty|Knock Off|p1a: Archaludon
|-damage|p1a: Archaludon|71/100
|-ability|p1a: Archaludon|Stamina|boost
|-boost|p1a: Archaludon|def|1
|-enditem|p1a: Archaludon|Leftovers|[from] move: Knock Off|[of] p2a: Scrafty
|move|p2b: Farigiraf|Psychic|p1a: Archaludon
|-resisted|p1a: Archaludon|1
|-damage|p1a: Archaludon|55/100
|-ability|p1a: Archaludon|Stamina|boost
|-boost|p1a: Archaludon|def|1
|
|-weather|Sandstorm|[upkeep]
|-damage|p2a: Scrafty|40/100|[from] Sandstorm
|-damage|p2b: Farigiraf|57/100|[from] Sandstorm
|-damage|p1b: Basculegion|93/100|[from] Sandstorm
|upkeep
|turn|4
|
|t:|1784289316
|switch|p1b: Swampert|Swampert-Mega, L50, M|100/100
|move|p2a: Scrafty|Knock Off|p1b: Swampert
|-damage|p1b: Swampert|76/100
|move|p2b: Farigiraf|Psychic|p1a: Archaludon
|-resisted|p1a: Archaludon|1
|-damage|p1a: Archaludon|39/100
|-ability|p1a: Archaludon|Stamina|boost
|-boost|p1a: Archaludon|def|1
|move|p1a: Archaludon|Dragon Pulse|p2a: Scrafty
|-damage|p2a: Scrafty|1/100
|
|-weather|Sandstorm|[upkeep]
|-damage|p2a: Scrafty|0 fnt|[from] Sandstorm
|-damage|p2b: Farigiraf|51/100|[from] Sandstorm
|faint|p2a: Scrafty
|upkeep
|
|t:|1784289331
|switch|p2a: Corviknight|Corviknight, L50, M|100/100
|turn|5
|
|t:|1784289355
|switch|p1b: Pelipper|Pelipper, L50, F|88/100
|-weather|RainDance|[from] ability: Drizzle|[of] p1b: Pelipper
|move|p2a: Corviknight|Tailwind|p2a: Corviknight
|-sidestart|p2: cubeandcroc|move: Tailwind
|move|p1a: Archaludon|Electro Shot||[still]
|-prepare|p1a: Archaludon|Electro Shot
|-boost|p1a: Archaludon|spa|1
|-anim|p1a: Archaludon|Electro Shot|p2a: Corviknight
|-supereffective|p2a: Corviknight|1
|-damage|p2a: Corviknight|0 fnt
|faint|p2a: Corviknight
|move|p2b: Farigiraf|Roar|p1a: Archaludon
|drag|p1a: Basculegion|Basculegion, L50, M|93/100
|
|-weather|RainDance|[upkeep]
|-fieldend|move: Trick Room
|upkeep
|
|t:|1784289364
|switch|p2a: Tyranitar|Tyranitar, L50, F|100/100
|-weather|Sandstorm|[from] ability: Sand Stream|[of] p2a: Tyranitar
|turn|6
|
|t:|1784289399
|switch|p1a: Archaludon|Archaludon, L50, F|39/100
|move|p1b: Pelipper|Protect|p1b: Pelipper
|-singleturn|p1b: Pelipper|Protect
|move|p2a: Tyranitar|Rock Slide|p1b: Pelipper|[spread] p1a
|-activate|p1b: Pelipper|move: Protect
|-resisted|p1a: Archaludon|1
|-damage|p1a: Archaludon|28/100
|-ability|p1a: Archaludon|Stamina|boost
|-boost|p1a: Archaludon|def|1
|move|p2b: Farigiraf|Trick Room|p2b: Farigiraf
|-fieldstart|move: Trick Room|[of] p2b: Farigiraf
|
|-weather|Sandstorm|[upkeep]
|-damage|p1b: Pelipper|82/100|[from] Sandstorm
|-damage|p2b: Farigiraf|44/100|[from] Sandstorm
|-enditem|p2b: Farigiraf|Sitrus Berry|[eat]
|-heal|p2b: Farigiraf|69/100|[from] item: Sitrus Berry
|upkeep
|turn|7
|
|t:|1784289434
|switch|p1b: Swampert|Swampert-Mega, L50, M|76/100
|detailschange|p2a: Tyranitar|Tyranitar-Mega, L50, F
|-mega|p2a: Tyranitar|Tyranitar|Tyranitarite
|move|p1a: Archaludon|Flash Cannon|p2a: Tyranitar
|-supereffective|p2a: Tyranitar|1
|-damage|p2a: Tyranitar|59/100
|move|p2b: Farigiraf|Psychic|p1a: Archaludon
|-resisted|p1a: Archaludon|1
|-damage|p1a: Archaludon|11/100
|-ability|p1a: Archaludon|Stamina|boost
|-boost|p1a: Archaludon|def|1
|move|p2a: Tyranitar|Low Kick|p1a: Archaludon
|-supereffective|p1a: Archaludon|1
|-damage|p1a: Archaludon|0 fnt
|faint|p1a: Archaludon
|
|-weather|Sandstorm|[upkeep]
|-damage|p2b: Farigiraf|63/100|[from] Sandstorm
|upkeep
|
|t:|1784289447
|switch|p1a: Pelipper|Pelipper, L50, F|82/100
|-weather|RainDance|[from] ability: Drizzle|[of] p1a: Pelipper
|turn|8
|
|t:|1784289456
|move|p1a: Pelipper|Weather Ball|p2a: Tyranitar
|-supereffective|p2a: Tyranitar|1
|-damage|p2a: Tyranitar|0 fnt
|faint|p2a: Tyranitar
|move|p2b: Farigiraf|Psychic|p1b: Swampert
|-damage|p1b: Swampert|48/100
|move|p1b: Swampert|Earthquake|p2b: Farigiraf|[spread] p2b
|-immune|p1a: Pelipper
|-damage|p2b: Farigiraf|25/100
|
|-weather|RainDance|[upkeep]
|-sideend|p2: cubeandcroc|move: Tailwind
|upkeep
|turn|9
|c|☆cubeandcroc|ggs
|
|t:|1784289472
|move|p2b: Farigiraf|Psychic|p1b: Swampert
|-damage|p1b: Swampert|22/100
|move|p1a: Pelipper|Hurricane|p2b: Farigiraf
|-damage|p2b: Farigiraf|0 fnt
|faint|p2b: Farigiraf
|
|win|vuelve chusooo
|raw|vuelve chusooo's rating: 1192 → 1212(+20 for winning)
|raw|cubeandcroc's rating: 1116 → 1096(-20 for losing)
|l|☆cubeandcroc
|player|p2|
