|j|☆Alysonz
|j|☆cocobennyy
|html|Alysonzcocobennyy    
|uhtml|bestof|Game 3 of a best-of-3
|t:|1784815905
|gametype|doubles
|player|p1|Alysonz|steven|1126
|player|p2|cocobennyy|medium|1197
|gen|9
|tier|[Gen 9 Champions] VGC 2026 Reg M-B (Bo3)
|rated|
|rule|Species Clause: Limit one of each Pokémon
|rule|Item Clause: Limit 1 of each item
|clearpoke
|poke|p1|Gardevoir, L50, F, shiny|
|poke|p1|Garchomp, L50, M|
|poke|p1|Whimsicott, L50, F|
|poke|p1|Gholdengo, L50|
|poke|p1|Farigiraf, L50, F|
|poke|p1|Tyranitar, L50, M|
|poke|p2|Charizard, L50, M|
|poke|p2|Mimikyu, L50, F|
|poke|p2|Politoed, L50, M|
|poke|p2|Venusaur, L50, M|
|poke|p2|Archaludon, L50, M|
|poke|p2|Sableye, L50, F|
|teampreview|4
|showteam|p1|Gardevoir||Gardevoirite|Telepathy|HyperVoice,Psychic,VacuumWave,Protect|Modest||F|||50|]Garchomp||LifeOrb|RoughSkin|DragonTail,Earthquake,RockSlide,Protect|Adamant||M|||50|]Whimsicott||FocusSash|Prankster|EnergyBall,Encore,Tailwind,Protect|Timid||F|||50|]Gholdengo||Leftovers|GoodasGold|MakeItRain,NastyPlot,ShadowBall,Protect|Modest|||||50|]Farigiraf||SitrusBerry|ArmorTail|Psychic,Thunderbolt,Roar,Protect|Calm||F|||50|]Tyranitar||Tyranitarite|SandStream|KnockOff,RockSlide,Earthquake,Protect|Adamant||M|||50|
|showteam|p2|Charizard||CharizarditeY|Blaze|Protect,HeatWave,WeatherBall,SolarBeam|Modest||M|||50|]Mimikyu||LifeOrb|Disguise|Protect,PlayRough,ShadowClaw,TrickRoom|Adamant||F|||50|]Politoed||SitrusBerry|Drizzle|Protect,PerishSong,IceBeam,WeatherBall|Calm||M|||50|]Venusaur||Venusaurite|Chlorophyll|Protect,SludgeBomb,GigaDrain,EarthPower|Modest||M|||50|]Archaludon||Leftovers|Stamina|Protect,ElectroShot,FlashCannon,DragonPulse|Timid||M|||50|]Sableye||LightClay|Prankster|Quash,RainDance,LightScreen,Reflect|Careful||F|||50|
|inactive|Battle timer is ON: inactive players will automatically lose when time's up. (requested by Alysonz)
|inactive|Alysonz has 60 seconds left.
|inactive|cocobennyy has 60 seconds left.
|
|t:|1784815955
|teamsize|p1|4
|teamsize|p2|4
|start
|switch|p1a: Farigiraf|Farigiraf, L50, F|100/100
|switch|p1b: Tyranitar|Tyranitar, L50, M|100/100
|switch|p2a: Archaludon|Archaludon, L50, M|100/100
|switch|p2b: Sableye|Sableye, L50, F|100/100
|-weather|Sandstorm|[from] ability: Sand Stream|[of] p1b: Tyranitar
|turn|1
|inactive|Alysonz has 30 seconds left.
|inactive|cocobennyy has 30 seconds left.
|
|t:|1784815985
|move|p2b: Sableye|Reflect|p2b: Sableye
|-sidestart|p2: cocobennyy|Reflect
|move|p2a: Archaludon|Flash Cannon|p1b: Tyranitar
|-supereffective|p1b: Tyranitar|1
|-damage|p1b: Tyranitar|52/100
|-unboost|p1b: Tyranitar|spd|1
|move|p1b: Tyranitar|Knock Off|p2b: Sableye
|-damage|p2b: Sableye|46/100
|-enditem|p2b: Sableye|Light Clay|[from] move: Knock Off|[of] p1b: Tyranitar
|move|p1a: Farigiraf|Roar|p2a: Archaludon
|drag|p2a: Politoed|Politoed, L50, M|100/100
|-weather|RainDance|[from] ability: Drizzle|[of] p2a: Politoed
|
|-weather|RainDance|[upkeep]
|upkeep
|turn|2
|inactive|cocobennyy has 30 seconds left.
|inactive|cocobennyy has 20 seconds left.
|inactive|cocobennyy has 15 seconds left.
|inactive|cocobennyy has 10 seconds left.
|
|t:|1784816031
|switch|p2a: Archaludon|Archaludon, L50, M|100/100
|move|p1b: Tyranitar|Protect|p1b: Tyranitar
|-singleturn|p1b: Tyranitar|Protect
|move|p2b: Sableye|Light Screen|p2b: Sableye
|-sidestart|p2: cocobennyy|move: Light Screen
|move|p1a: Farigiraf|Thunderbolt|p2a: Archaludon
|-resisted|p2a: Archaludon|1
|-damage|p2a: Archaludon|91/100
|-ability|p2a: Archaludon|Stamina|boost
|-boost|p2a: Archaludon|def|1
|
|-weather|RainDance|[upkeep]
|-heal|p2a: Archaludon|97/100|[from] item: Leftovers
|upkeep
|turn|3
|inactive|Alysonz has 30 seconds left.
|inactive|cocobennyy has 30 seconds left.
|inactive|Alysonz has 20 seconds left.
|inactive|cocobennyy has 20 seconds left.
|inactive|cocobennyy has 15 seconds left.
|
|t:|1784816072
|switch|p1b: Gholdengo|Gholdengo, L50|100/100
|switch|p2b: Venusaur|Venusaur, L50, M|100/100
|move|p2a: Archaludon|Flash Cannon|p1b: Gholdengo
|-resisted|p1b: Gholdengo|1
|-damage|p1b: Gholdengo|79/100
|-unboost|p1b: Gholdengo|spd|1
|move|p1a: Farigiraf|Roar|p2a: Archaludon
|drag|p2a: Politoed|Politoed, L50, M|100/100
|
|-weather|RainDance|[upkeep]
|-heal|p1b: Gholdengo|85/100|[from] item: Leftovers
|upkeep
|turn|4
|inactive|Alysonz has 30 seconds left.
|inactive|cocobennyy has 30 seconds left.
|
|t:|1784816106
|switch|p2a: Archaludon|Archaludon, L50, M|97/100
|detailschange|p2b: Venusaur|Venusaur-Mega, L50, M
|-mega|p2b: Venusaur|Venusaur|Venusaurite
|move|p1b: Gholdengo|Protect|p1b: Gholdengo
|-singleturn|p1b: Gholdengo|Protect
|move|p2b: Venusaur|Earth Power|p1b: Gholdengo
|-activate|p1b: Gholdengo|move: Protect
|move|p1a: Farigiraf|Psychic|p2b: Venusaur
|-supereffective|p2b: Venusaur|1
|-damage|p2b: Venusaur|58/100
|-unboost|p2b: Venusaur|spd|1
|
|-weather|RainDance|[upkeep]
|-heal|p2a: Archaludon|100/100|[from] item: Leftovers
|-heal|p1b: Gholdengo|91/100|[from] item: Leftovers
|upkeep
|turn|5
|inactive|cocobennyy has 30 seconds left.
|inactive|cocobennyy has 20 seconds left.
|inactive|cocobennyy has 15 seconds left.
|inactive|cocobennyy has 10 seconds left.
|inactive|cocobennyy has 5 seconds left.
|
|t:|1784816159
|switch|p1b: Garchomp|Garchomp, L50, M|100/100
|move|p2b: Venusaur|Protect|p2b: Venusaur
|-singleturn|p2b: Venusaur|Protect
|move|p2a: Archaludon|Flash Cannon|p1a: Farigiraf
|-damage|p1a: Farigiraf|71/100
|move|p1a: Farigiraf|Psychic|p2b: Venusaur
|-activate|p2b: Venusaur|move: Protect
|
|-weather|none
|upkeep
|turn|6
|inactive|Alysonz has 30 seconds left.
|
|t:|1784816184
|switch|p2b: Sableye|Sableye, L50, F|46/100
|move|p2a: Archaludon|Dragon Pulse|p1b: Garchomp
|-supereffective|p1b: Garchomp|1
|-damage|p1b: Garchomp|21/100
|move|p1a: Farigiraf|Psychic|p2b: Sableye
|-immune|p2b: Sableye
|move|p1b: Garchomp|Dragon Tail|p2b: Sableye
|-damage|p2b: Sableye|3/100
|-damage|p1b: Garchomp|11/100|[from] item: Life Orb
|drag|p2b: Venusaur|Venusaur-Mega, L50, M|58/100
|
|-sideend|p2: cocobennyy|move: Light Screen
|upkeep
|turn|7
|inactive|cocobennyy has 30 seconds left.
|
|t:|1784816210
|switch|p2b: Politoed|Politoed, L50, M|100/100
|-weather|RainDance|[from] ability: Drizzle|[of] p2b: Politoed
|move|p1b: Garchomp|Protect|p1b: Garchomp
|-singleturn|p1b: Garchomp|Protect
|move|p2a: Archaludon|Electro Shot||[still]
|-prepare|p2a: Archaludon|Electro Shot
|-boost|p2a: Archaludon|spa|1
|-anim|p2a: Archaludon|Electro Shot|p1a: Farigiraf
|-damage|p1a: Farigiraf|24/100
|-enditem|p1a: Farigiraf|Sitrus Berry|[eat]
|-heal|p1a: Farigiraf|49/100|[from] item: Sitrus Berry
|move|p1a: Farigiraf|Psychic|p2b: Politoed
|-damage|p2b: Politoed|78/100
|
|-weather|RainDance|[upkeep]
|upkeep
|turn|8
|inactive|Alysonz has 30 seconds left.
|
|t:|1784816236
|move|p1a: Farigiraf|Protect|p1a: Farigiraf
|-singleturn|p1a: Farigiraf|Protect
|move|p2a: Archaludon|Dragon Pulse|p1b: Garchomp
|-supereffective|p1b: Garchomp|1
|-damage|p1b: Garchomp|0 fnt
|faint|p1b: Garchomp
|move|p2b: Politoed|Weather Ball|p1a: Farigiraf
|-activate|p1a: Farigiraf|move: Protect
|
|-weather|RainDance|[upkeep]
|-sideend|p2: cocobennyy|Reflect
|upkeep
|
|t:|1784816248
|switch|p1b: Tyranitar|Tyranitar, L50, M|52/100
|-weather|Sandstorm|[from] ability: Sand Stream|[of] p1b: Tyranitar
|turn|9
|
|t:|1784816268
|switch|p1b: Gholdengo|Gholdengo, L50|91/100
|switch|p2b: Sableye|Sableye, L50, F|3/100
|move|p2a: Archaludon|Protect|p2a: Archaludon
|-singleturn|p2a: Archaludon|Protect
|move|p1a: Farigiraf|Thunderbolt|p2b: Sableye
|-damage|p2b: Sableye|0 fnt
|faint|p2b: Sableye
|
|-weather|Sandstorm|[upkeep]
|-damage|p1a: Farigiraf|43/100|[from] Sandstorm
|-heal|p1b: Gholdengo|97/100|[from] item: Leftovers
|upkeep
|inactive|cocobennyy has 30 seconds left.
|inactive|cocobennyy has 20 seconds left.
|inactive|cocobennyy has 15 seconds left.
|
|t:|1784816310
|switch|p2b: Venusaur|Venusaur-Mega, L50, M|58/100
|turn|10
|
|t:|1784816328
|move|p2b: Venusaur|Protect|p2b: Venusaur
|-singleturn|p2b: Venusaur|Protect
|move|p2a: Archaludon|Dragon Pulse|p1a: Farigiraf
|-damage|p1a: Farigiraf|0 fnt
|faint|p1a: Farigiraf
|move|p1b: Gholdengo|Nasty Plot|p1b: Gholdengo
|-boost|p1b: Gholdengo|spa|2
|
|-weather|Sandstorm|[upkeep]
|-damage|p2b: Venusaur|52/100|[from] Sandstorm
|-heal|p1b: Gholdengo|100/100|[from] item: Leftovers
|upkeep
|
|t:|1784816339
|switch|p1a: Tyranitar|Tyranitar, L50, M|52/100
|turn|11
|inactive|cocobennyy has 30 seconds left.
|
|t:|1784816372
|detailschange|p1a: Tyranitar|Tyranitar-Mega, L50, M
|-mega|p1a: Tyranitar|Tyranitar|Tyranitarite
|move|p2b: Venusaur|Protect||[still]
|-fail|p2b: Venusaur
|move|p1b: Gholdengo|Protect|p1b: Gholdengo
|-singleturn|p1b: Gholdengo|Protect
|move|p2a: Archaludon|Flash Cannon|p1a: Tyranitar
|-supereffective|p1a: Tyranitar|1
|-damage|p1a: Tyranitar|0 fnt
|faint|p1a: Tyranitar
|
|-weather|Sandstorm|[upkeep]
|-damage|p2b: Venusaur|47/100|[from] Sandstorm
|upkeep
|turn|12
|
|t:|1784816387
|switch|p2b: Politoed|Politoed, L50, M|78/100
|-weather|RainDance|[from] ability: Drizzle|[of] p2b: Politoed
|move|p2a: Archaludon|Electro Shot||[still]
|-prepare|p2a: Archaludon|Electro Shot
|-boost|p2a: Archaludon|spa|1
|-anim|p2a: Archaludon|Electro Shot|p1b: Gholdengo
|-damage|p1b: Gholdengo|9/100
|move|p1b: Gholdengo|Make It Rain|p2b: Politoed|[spread] p2a,p2b
|-resisted|p2a: Archaludon|1
|-resisted|p2b: Politoed|1
|-damage|p2a: Archaludon|38/100
|-damage|p2b: Politoed|41/100
|-unboost|p1b: Gholdengo|spa|2
|-ability|p2a: Archaludon|Stamina|boost
|-boost|p2a: Archaludon|def|1
|-enditem|p2b: Politoed|Sitrus Berry|[eat]
|-heal|p2b: Politoed|66/100|[from] item: Sitrus Berry
|
|-weather|RainDance|[upkeep]
|-heal|p2a: Archaludon|44/100|[from] item: Leftovers
|-heal|p1b: Gholdengo|15/100|[from] item: Leftovers
|upkeep
|turn|13
|c|☆Alysonz|gg
|c|☆cocobennyy|gg
|-message|Alysonz forfeited.
|
|win|cocobennyy
|raw|Alysonz's rating: 1126 → 1106(-20 for losing)
|raw|cocobennyy's rating: 1197 → 1217(+20 for winning)
|l|☆Alysonz
|player|p1|
|l|☆cocobennyy
|player|p2|
|j|☆cocobennyy
|player|p2|cocobennyy|medium|
