|j|☆Bob Lobster
|j|☆bwahacough
|html|Bob Lobsterbwahacough    
|uhtml|bestof|Game 2 of a best-of-3
|t:|1755561027
|gametype|doubles
|player|p1|Bob Lobster|steven|1217
|player|p2|bwahacough|medium|1486
|gen|9
|tier|[Gen 9] VGC 2025 Reg H (Bo3)
|rated|
|rule|Species Clause: Limit one of each Pokémon
|rule|Item Clause: Limit 1 of each item
|clearpoke
|poke|p1|Volcarona, L50, M|
|poke|p1|Rillaboom, L50, F|
|poke|p1|Incineroar, L50, F|
|poke|p1|Electabuzz, L50, M|
|poke|p1|Annihilape, L50, F|
|poke|p1|Ninetales-Alola, L50, F|
|poke|p2|Lycanroc, L50, M|
|poke|p2|Tyranitar, L50, M|
|poke|p2|Indeedee-F, L50, F|
|poke|p2|Sinistcha-Masterpiece, L50|
|poke|p2|Delphox, L50, M|
|poke|p2|Murkrow, L50, M|
|teampreview|4
|showteam|p1|Volcarona||Leftovers|FlameBody|HeatWave,StruggleBug,QuiverDance,Protect|||M|||50|,,,,,Water]Rillaboom||AssaultVest|GrassySurge|WoodHammer,GrassyGlide,HighHorsepower,FakeOut|||F|||50|,,,,,Fire]Incineroar||SafetyGoggles|Intimidate|FakeOut,KnockOff,PartingShot,WillOWisp|||F|||50|,,,,,Ghost]Electabuzz||Eviolite|VitalSpirit|Electroweb,FollowMe,Taunt,Protect|||M|||50|,,,,,Dragon]Annihilape||FocusSash|Defiant|CloseCombat,RageFist,Taunt,FinalGambit|||F|||50|,,,,,Fairy]Ninetales-Alola||GrassySeed|SnowWarning|Blizzard,Encore,Disable,Protect|||F|||50|,,,,,Steel
|showteam|p2|Lycanroc||FocusSash|SandRush|RockSlide,CloseCombat,Protect,PsychicFangs|||M|||50|,,,,,Fighting]Tyranitar||ClearAmulet|SandStream|RockSlide,KnockOff,Protect,TeraBlast|||M|||50|,,,,,Grass]Indeedee-F||SafetyGoggles|PsychicSurge|Psychic,FollowMe,Protect,HelpingHand|||F|||50|,,,,,Fairy]Sinistcha-Masterpiece||SitrusBerry|Hospitality|MatchaGotcha,ShadowBall,StrengthSap,RagePowder||||||50|,,,,,Fairy]Delphox||LifeOrb|Blaze|HeatWave,ExpandingForce,TeraBlast,Protect|||M|||50|,,,,,Fighting]Murkrow||Eviolite|Prankster|FoulPlay,Tailwind,Haze,IcyWind|||M|||50|,,,,,Steel
|inactive|Battle timer is ON: inactive players will automatically lose when time's up. (requested by Bob Lobster)
|
|t:|1755561038
|teamsize|p1|4
|teamsize|p2|4
|start
|switch|p1a: Volcarona|Volcarona, L50, M|100/100
|switch|p1b: Rillaboom|Rillaboom, L50, F|100/100
|switch|p2a: Lycanroc|Lycanroc, L50, M|100/100
|switch|p2b: Tyranitar|Tyranitar, L50, M|100/100
|-fieldstart|move: Grassy Terrain|[from] ability: Grassy Surge|[of] p1b: Rillaboom
|-weather|Sandstorm|[from] ability: Sand Stream|[of] p2b: Tyranitar
|turn|1
|inactive|Bob Lobster has 30 seconds left.
|
|t:|1755561066
|switch|p1a: Incineroar|Incineroar, L50, F|100/100
|-ability|p1a: Incineroar|Intimidate|boost
|-unboost|p2a: Lycanroc|atk|1
|-fail|p2b: Tyranitar|unboost|[from] item: Clear Amulet|[of] p2b: Tyranitar
|move|p2a: Lycanroc|Rock Slide|p1b: Rillaboom|[spread] p1a
|-miss|p2a: Lycanroc|p1b: Rillaboom
|-supereffective|p1a: Incineroar
|-damage|p1a: Incineroar|76/100
|move|p1b: Rillaboom|Wood Hammer|p2b: Tyranitar
|-supereffective|p2b: Tyranitar
|-damage|p2b: Tyranitar|0 fnt
|faint|p2b: Tyranitar
|-damage|p1b: Rillaboom|67/100|[from] Recoil
|
|-weather|Sandstorm|[upkeep]
|-damage|p1b: Rillaboom|61/100|[from] Sandstorm
|-heal|p1b: Rillaboom|67/100|[from] Grassy Terrain
|-heal|p1a: Incineroar|82/100|[from] Grassy Terrain
|upkeep
|
|t:|1755561073
|switch|p2b: Indeedee|Indeedee-F, L50, F, shiny|100/100
|-fieldstart|move: Psychic Terrain|[from] ability: Psychic Surge|[of] p2b: Indeedee
|turn|2
|
|t:|1755561093
|move|p2b: Indeedee|Helping Hand|p2a: Lycanroc
|-singleturn|p2a: Lycanroc|Helping Hand|[of] p2b: Indeedee
|move|p2a: Lycanroc|Rock Slide|p1a: Incineroar|[spread] p1a,p1b
|-supereffective|p1a: Incineroar
|-damage|p1a: Incineroar|39/100
|-damage|p1b: Rillaboom|38/100
|move|p1b: Rillaboom|Wood Hammer|p2a: Lycanroc
|-supereffective|p2a: Lycanroc
|-enditem|p2a: Lycanroc|Focus Sash
|-damage|p2a: Lycanroc|1/100
|-damage|p1b: Rillaboom|13/100|[from] Recoil
|cant|p1a: Incineroar|flinch
|
|-weather|Sandstorm|[upkeep]
|-damage|p1b: Rillaboom|7/100|[from] Sandstorm
|upkeep
|turn|3
|inactive|Bob Lobster has 30 seconds left.
|
|t:|1755561123
|switch|p1b: Annihilape|Annihilape, L50, F|100/100
|-terastallize|p1a: Incineroar|Ghost
|move|p2b: Indeedee|Helping Hand|p2a: Lycanroc
|-singleturn|p2a: Lycanroc|Helping Hand|[of] p2b: Indeedee
|move|p2a: Lycanroc|Rock Slide|p1a: Incineroar|[spread] p1a,p1b
|-resisted|p1b: Annihilape
|-damage|p1a: Incineroar|18/100
|-damage|p1b: Annihilape|86/100
|cant|p1a: Incineroar|flinch
|
|-weather|Sandstorm|[upkeep]
|-damage|p1b: Annihilape|79/100|[from] Sandstorm
|upkeep
|turn|4
|inactive|Bob Lobster has 30 seconds left.
|inactive|Bob Lobster has 20 seconds left.
|
|t:|1755561161
|move|p2a: Lycanroc|Rock Slide|p1a: Incineroar|[spread] p1b
|-miss|p2a: Lycanroc|p1a: Incineroar
|-resisted|p1b: Annihilape
|-damage|p1b: Annihilape|70/100
|cant|p1b: Annihilape|flinch
|move|p2b: Indeedee|Psychic|p1b: Annihilape
|-supereffective|p1b: Annihilape
|-damage|p1b: Annihilape|0 fnt
|faint|p1b: Annihilape
|move|p1a: Incineroar|Knock Off|p2b: Indeedee
|-supereffective|p2b: Indeedee
|-damage|p2b: Indeedee|28/100
|-enditem|p2b: Indeedee|Safety Goggles|[from] move: Knock Off|[of] p1a: Incineroar
|
|-weather|Sandstorm|[upkeep]
|-damage|p2b: Indeedee|22/100|[from] Sandstorm
|upkeep
|
|t:|1755561175
|switch|p1b: Volcarona|Volcarona, L50, M|100/100
|turn|5
|
|t:|1755561183
|switch|p2b: Delphox|Delphox, L50, M, shiny|100/100
|switch|p1a: Rillaboom|Rillaboom, L50, F|7/100
|-fieldstart|move: Grassy Terrain|[from] ability: Grassy Surge|[of] p1a: Rillaboom
|move|p1b: Volcarona|Protect|p1b: Volcarona
|-singleturn|p1b: Volcarona|Protect
|move|p2a: Lycanroc|Rock Slide|p1b: Volcarona|[spread] 
|-activate|p1b: Volcarona|move: Protect
|-miss|p2a: Lycanroc|p1a: Rillaboom
|
|-weather|none
|-heal|p2a: Lycanroc|7/100|[from] Grassy Terrain
|-heal|p1a: Rillaboom|13/100|[from] Grassy Terrain
|upkeep
|turn|6
|
|t:|1755561201
|switch|p2b: Indeedee|Indeedee-F, L50, F, shiny|22/100
|-fieldstart|move: Psychic Terrain|[from] ability: Psychic Surge|[of] p2b: Indeedee
|switch|p1a: Incineroar|Incineroar, L50, F, tera:Ghost|18/100
|-ability|p1a: Incineroar|Intimidate|boost
|-unboost|p2a: Lycanroc|atk|1
|-unboost|p2b: Indeedee|atk|1
|move|p2a: Lycanroc|Rock Slide|p1a: Incineroar|[spread] p1a,p1b
|-supereffective|p1b: Volcarona
|-damage|p1a: Incineroar|7/100
|-damage|p1b: Volcarona|36/100
|move|p1b: Volcarona|Struggle Bug|p2a: Lycanroc|[spread] p2a,p2b
|-supereffective|p2b: Indeedee
|-damage|p2a: Lycanroc|0 fnt
|-damage|p2b: Indeedee|0 fnt
|faint|p2a: Lycanroc
|faint|p2b: Indeedee
|
|-heal|p1b: Volcarona|42/100|[from] item: Leftovers
|upkeep
|
|t:|1755561203
|switch|p2b: Delphox|Delphox, L50, M, shiny|100/100
|turn|7
|
|t:|1755561217
|switch|p1b: Rillaboom|Rillaboom, L50, F|13/100
|-fieldstart|move: Grassy Terrain|[from] ability: Grassy Surge|[of] p1b: Rillaboom
|move|p1a: Incineroar|Fake Out|p2b: Delphox
|-damage|p2b: Delphox|83/100
|cant|p2b: Delphox|flinch
|
|-heal|p2b: Delphox|89/100|[from] Grassy Terrain
|-heal|p1b: Rillaboom|19/100|[from] Grassy Terrain
|-heal|p1a: Incineroar|13/100|[from] Grassy Terrain
|upkeep
|turn|8
|
|t:|1755561228
|switch|p1a: Volcarona|Volcarona, L50, M|42/100
|move|p2b: Delphox|Protect|p2b: Delphox
|-singleturn|p2b: Delphox|Protect
|move|p1b: Rillaboom|Fake Out|p2b: Delphox
|-activate|p2b: Delphox|move: Protect
|
|-heal|p2b: Delphox|95/100|[from] Grassy Terrain
|-heal|p1a: Volcarona|48/100|[from] Grassy Terrain
|-heal|p1a: Volcarona|55/100|[from] item: Leftovers
|-heal|p1b: Rillaboom|25/100|[from] Grassy Terrain
|upkeep
|turn|9
|
|t:|1755561233
|switch|p1b: Incineroar|Incineroar, L50, F, tera:Ghost|13/100
|-ability|p1b: Incineroar|Intimidate|boost
|-unboost|p2b: Delphox|atk|1
|move|p1a: Volcarona|Protect|p1a: Volcarona
|-singleturn|p1a: Volcarona|Protect
|move|p2b: Delphox|Heat Wave|p1a: Volcarona|[spread] p1b
|-activate|p1a: Volcarona|move: Protect
|-damage|p1b: Incineroar|0 fnt
|faint|p1b: Incineroar
|-damage|p2b: Delphox|85/100|[from] item: Life Orb
|
|-heal|p2b: Delphox|91/100|[from] Grassy Terrain
|-heal|p1a: Volcarona|61/100|[from] Grassy Terrain
|-heal|p1a: Volcarona|67/100|[from] item: Leftovers
|upkeep
|
|t:|1755561241
|switch|p1b: Rillaboom|Rillaboom, L50, F|25/100
|turn|10
|
|t:|1755561249
|move|p2b: Delphox|Protect|p2b: Delphox
|-singleturn|p2b: Delphox|Protect
|move|p1b: Rillaboom|Fake Out|p2b: Delphox
|-activate|p2b: Delphox|move: Protect
|move|p1a: Volcarona|Quiver Dance|p1a: Volcarona
|-boost|p1a: Volcarona|spa|1
|-boost|p1a: Volcarona|spd|1
|-boost|p1a: Volcarona|spe|1
|
|-heal|p1a: Volcarona|73/100|[from] Grassy Terrain
|-heal|p1a: Volcarona|80/100|[from] item: Leftovers
|-heal|p2b: Delphox|97/100|[from] Grassy Terrain
|-heal|p1b: Rillaboom|31/100|[from] Grassy Terrain
|upkeep
|turn|11
|
|t:|1755561267
|move|p1b: Rillaboom|Grassy Glide|p2b: Delphox
|-resisted|p2b: Delphox
|-damage|p2b: Delphox|67/100
|move|p1a: Volcarona|Struggle Bug|p2b: Delphox
|-damage|p2b: Delphox|21/100
|-unboost|p2b: Delphox|spa|1
|move|p2b: Delphox|Heat Wave|p1b: Rillaboom|[spread] p1a,p1b
|-supereffective|p1b: Rillaboom
|-damage|p1a: Volcarona|53/100
|-damage|p1b: Rillaboom|0 fnt
|faint|p1b: Rillaboom
|-damage|p2b: Delphox|11/100|[from] item: Life Orb
|
|-heal|p1a: Volcarona|59/100|[from] Grassy Terrain
|-heal|p1a: Volcarona|66/100|[from] item: Leftovers
|-heal|p2b: Delphox|17/100|[from] Grassy Terrain
|-fieldend|move: Grassy Terrain
|upkeep
|turn|12
|
|t:|1755561275
|-terastallize|p2b: Delphox|Fighting
|move|p1a: Volcarona|Struggle Bug|p2b: Delphox
|-resisted|p2b: Delphox
|-damage|p2b: Delphox|0 fnt
|faint|p2b: Delphox
|
|win|Bob Lobster
|raw|Bob Lobster's rating: 1217 → 1258(+41 for winning)
|raw|bwahacough's rating: 1486 → 1453(-33 for losing)
|l|☆bwahacough
|player|p2|
