|j|☆baarboo
|j|☆pokeplaygg
|html|baarboopokeplaygg    
|uhtml|bestof|Game 2 of a best-of-3
|t:|1783620241
|gametype|doubles
|player|p1|baarboo|102|1330
|player|p2|pokeplaygg|266|1334
|gen|9
|tier|[Gen 9 Champions] VGC 2026 Reg M-B (Bo3)
|rated|
|rule|Species Clause: Limit one of each Pokémon
|rule|Item Clause: Limit 1 of each item
|clearpoke
|poke|p1|Charizard, L50, M|
|poke|p1|Kingambit, L50, M|
|poke|p1|Sylveon, L50, F|
|poke|p1|Farigiraf, L50, M|
|poke|p1|Garchomp, L50, M|
|poke|p1|Aerodactyl, L50, M|
|poke|p2|Farigiraf, L50, M|
|poke|p2|Aerodactyl, L50, M|
|poke|p2|Charizard, L50, M|
|poke|p2|Kingambit, L50, M|
|poke|p2|Garchomp, L50, F|
|poke|p2|Sylveon, L50, M|
|teampreview|4
|showteam|p1|Charizard||CharizarditeY|SolarPower|SolarBeam,WeatherBall,Protect,HeatWave|Modest||M|||50|]Kingambit||FocusSash|Defiant|KowtowCleave,SuckerPunch,LowKick,IronHead|Adamant||M|||50|]Sylveon||FairyFeather|Pixilate|Detect,HyperBeam,HyperVoice,QuickAttack|Modest||F|||50|]Farigiraf||SitrusBerry|ArmorTail|TrickRoom,TwinBeam,GrassKnot,Thunderbolt|Bold||M|||50|]Garchomp||LifeOrb|RoughSkin|Protect,Earthquake,DragonClaw,StompingTantrum|Jolly||M|||50|]Aerodactyl||Aerodactylite|Unnerve|RockSlide,IceFang,Tailwind,DualWingbeat|Jolly||M|||50|
|showteam|p2|Farigiraf||SitrusBerry|ArmorTail|TwinBeam,TrickRoom,Roar,Thunderbolt|Bold||M|||50|]Aerodactyl||Aerodactylite|Unnerve|Protect,DualWingbeat,RockSlide,Tailwind|Jolly||M|||50|]Charizard||CharizarditeY|Blaze|Protect,HeatWave,WeatherBall,SolarBeam|Modest||M|||50|]Kingambit||FocusSash|Defiant|LowKick,SuckerPunch,KowtowCleave,IronHead|Adamant||M|||50|]Garchomp||LifeOrb|RoughSkin|Protect,Earthquake,DragonClaw,RockSlide|Adamant||F|||50|]Sylveon||FairyFeather|Pixilate|Protect,HyperBeam,QuickAttack,HyperVoice|Quiet||M|||50|
|inactive|Battle timer is ON: inactive players will automatically lose when time's up. (requested by pokeplaygg)
|
|t:|1783620261
|teamsize|p1|4
|teamsize|p2|4
|start
|switch|p1a: Aerodactyl|Aerodactyl, L50, M|100/100
|switch|p1b: Kingambit|Kingambit, L50, M|100/100
|switch|p2a: Aerodactyl|Aerodactyl, L50, M|100/100
|switch|p2b: Kingambit|Kingambit, L50, M|100/100
|-ability|p2a: Aerodactyl|Unnerve
|-ability|p1a: Aerodactyl|Unnerve
|turn|1
|
|t:|1783620272
|detailschange|p2a: Aerodactyl|Aerodactyl-Mega, L50, M
|-mega|p2a: Aerodactyl|Aerodactyl|Aerodactylite
|move|p2a: Aerodactyl|Rock Slide|p1a: Aerodactyl|[spread] p1a,p1b
|-supereffective|p1a: Aerodactyl|1
|-resisted|p1b: Kingambit|1
|-damage|p1a: Aerodactyl|20/100y
|-damage|p1b: Kingambit|86/100
|move|p1a: Aerodactyl|Rock Slide|p2a: Aerodactyl|[spread] p2a,p2b
|-supereffective|p2a: Aerodactyl|1
|-resisted|p2b: Kingambit|1
|-damage|p2a: Aerodactyl|38/100
|-damage|p2b: Kingambit|91/100
|move|p2b: Kingambit|Low Kick|p1b: Kingambit
|-supereffective|p1b: Kingambit|2
|-damage|p1b: Kingambit|0 fnt
|faint|p1b: Kingambit
|
|upkeep
|
|t:|1783620282
|switch|p1b: Garchomp|Garchomp, L50, M|100/100
|turn|2
|inactive|pokeplaygg has 30 seconds left.
|
|t:|1783620307
|detailschange|p1a: Aerodactyl|Aerodactyl-Mega, L50, M
|-mega|p1a: Aerodactyl|Aerodactyl|Aerodactylite
|move|p1a: Aerodactyl|Tailwind|p1a: Aerodactyl
|-sidestart|p1: baarboo|move: Tailwind
|move|p1b: Garchomp|Dragon Claw|p2a: Aerodactyl
|-damage|p2a: Aerodactyl|0 fnt
|faint|p2a: Aerodactyl
|-damage|p1b: Garchomp|90/100|[from] item: Life Orb
|move|p2b: Kingambit|Iron Head|p1a: Aerodactyl
|-supereffective|p1a: Aerodactyl|1
|-damage|p1a: Aerodactyl|0 fnt
|faint|p1a: Aerodactyl
|
|upkeep
|
|t:|1783620326
|switch|p2a: Sylveon|Sylveon, L50, M|100/100
|switch|p1a: Sylveon|Sylveon, L50, F|100/100
|turn|3
|
|t:|1783620351
|move|p2a: Sylveon|Protect|p2a: Sylveon
|-singleturn|p2a: Sylveon|Protect
|move|p2b: Kingambit|Sucker Punch|p1b: Garchomp
|-damage|p1b: Garchomp|48/100
|-damage|p2b: Kingambit|79/100|[from] ability: Rough Skin|[of] p1b: Garchomp
|move|p1b: Garchomp|Stomping Tantrum|p2b: Kingambit
|-supereffective|p2b: Kingambit|1
|-damage|p2b: Kingambit|0 fnt
|faint|p2b: Kingambit
|-damage|p1b: Garchomp|38/100|[from] item: Life Orb
|move|p1a: Sylveon|Hyper Voice|p2a: Sylveon
|-activate|p2a: Sylveon|move: Protect
|
|upkeep
|
|t:|1783620365
|switch|p2b: Garchomp|Garchomp, L50, F|100/100
|turn|4
|
|t:|1783620376
|move|p2b: Garchomp|Protect|p2b: Garchomp
|-singleturn|p2b: Garchomp|Protect
|move|p2a: Sylveon|Quick Attack|p1b: Garchomp
|-supereffective|p1b: Garchomp|1
|-damage|p1b: Garchomp|9/100
|-damage|p2a: Sylveon|87/100|[from] ability: Rough Skin|[of] p1b: Garchomp
|move|p1b: Garchomp|Stomping Tantrum|p2a: Sylveon
|-damage|p2a: Sylveon|33/100
|-damage|p1b: Garchomp|0 fnt|[from] item: Life Orb
|faint|p1b: Garchomp
|move|p1a: Sylveon|Hyper Voice|p2b: Garchomp|[spread] p2a
|-activate|p2b: Garchomp|move: Protect
|-damage|p2a: Sylveon|0 fnt
|faint|p2a: Sylveon
|
|upkeep
|turn|5
|-message|pokeplaygg forfeited.
|
|win|baarboo
|l|☆pokeplaygg
|player|p2|
||baarboo is ready for game 3.
||pokeplaygg is ready for game 3.
|uhtml|next|Next: Game 3 of 3
