|j|☆Posto 311
|j|☆DttDMarce
|html|Posto 311DttDMarce    
|uhtml|bestof|Game 1 of a best-of-3
|t:|1783459659
|gametype|doubles
|player|p1|Posto 311|170|1000
|player|p2|DttDMarce|2|1000
|gen|9
|tier|[Gen 9 Champions] VGC 2026 Reg M-B (Bo3)
|rated|
|rule|Species Clause: Limit one of each Pokémon
|rule|Item Clause: Limit 1 of each item
|clearpoke
|poke|p1|Vileplume, L50, M|
|poke|p1|Torkoal, L50, M|
|poke|p1|Sinistcha, L50|
|poke|p1|Garchomp, L50, F|
|poke|p1|Basculegion, L50, M|
|poke|p1|Sneasler, L50, F|
|poke|p2|Charizard, L50, M|
|poke|p2|Kingambit, L50, F|
|poke|p2|Sylveon, L50, M|
|poke|p2|Garchomp, L50, M|
|poke|p2|Aerodactyl, L50, M|
|poke|p2|Farigiraf, L50, M|
|teampreview|4
|showteam|p1|Vileplume||WideLens|Chlorophyll|StrengthSap,SleepPowder,SludgeBomb,AfterYou|Timid||M|||50|]Torkoal||Charcoal|Drought|Eruption,SolarBeam,EarthPower,Protect|Modest||M|||50|]Sinistcha||Leftovers|Hospitality|MatchaGotcha,LifeDew,Protect,GigaDrain|Bold|||||50|]Garchomp||HardStone|RoughSkin|RockSlide,Earthquake,DragonClaw,PoisonJab|Jolly||F|||50|]Basculegion||ChoiceScarf|Adaptability|WaveCrash,FlipTurn,LastRespects,IceFang|Jolly||M|||50|]Sneasler||LifeOrb|PoisonTouch|DireClaw,CloseCombat,FakeOut,BrickBreak|Jolly||F|||50|
|showteam|p2|Charizard||CharizarditeY|SolarPower|Protect,HeatWave,SolarBeam,WeatherBall|Modest||M|||50|]Kingambit||FocusSash|Defiant|IronHead,SuckerPunch,KowtowCleave,LowKick|Adamant||F|||50|]Sylveon||FairyFeather|Pixilate|Detect,HyperVoice,HyperBeam,QuickAttack|Modest||M|||50|]Garchomp||LifeOrb|RoughSkin|Protect,DragonClaw,Earthquake,StompingTantrum|Jolly||M|||50|]Aerodactyl||Aerodactylite|RockHead|IceFang,RockSlide,Tailwind,DualWingbeat|Jolly||M|||50|]Farigiraf||SitrusBerry|ArmorTail|TrickRoom,Psychic,Thunder,Roar|Bold||M|||50|
|inactive|Battle timer is ON: inactive players will automatically lose when time's up. (requested by Posto 311)
|inactive|DttDMarce has 60 seconds left.
|
|t:|1783459714
|teamsize|p1|4
|teamsize|p2|4
|start
|switch|p1a: Vileplume|Vileplume, L50, M|100/100
|switch|p1b: Torkoal|Torkoal, L50, M|100/100
|switch|p2a: Garchomp|Garchomp, L50, M|100/100
|switch|p2b: Aerodactyl|Aerodactyl, L50, M|100/100
|-weather|SunnyDay|[from] ability: Drought|[of] p1b: Torkoal
|turn|1
|
|t:|1783459732
|detailschange|p2b: Aerodactyl|Aerodactyl-Mega, L50, M
|-mega|p2b: Aerodactyl|Aerodactyl|Aerodactylite
|move|p2a: Garchomp|Protect|p2a: Garchomp
|-singleturn|p2a: Garchomp|Protect
|move|p1a: Vileplume|After You|p1b: Torkoal
|-activate|p1b: Torkoal|move: After You
|move|p1b: Torkoal|Eruption|p2b: Aerodactyl|[spread] p2b
|-activate|p2a: Garchomp|move: Protect
|-resisted|p2b: Aerodactyl|1
|-damage|p2b: Aerodactyl|53/100
|move|p2b: Aerodactyl|Tailwind|p2b: Aerodactyl
|-sidestart|p2: DttDMarce|move: Tailwind
|
|-weather|SunnyDay|[upkeep]
|upkeep
|turn|2
|
|t:|1783459750
|move|p2b: Aerodactyl|Rock Slide|p1a: Vileplume|[spread] p1a,p1b
|-supereffective|p1b: Torkoal|1
|-damage|p1a: Vileplume|70/100
|-damage|p1b: Torkoal|54/100
|move|p2a: Garchomp|Earthquake|p1b: Torkoal|[spread] p1a,p1b
|-immune|p2b: Aerodactyl
|-supereffective|p1b: Torkoal|1
|-damage|p1a: Vileplume|13/100
|-damage|p1b: Torkoal|0 fnt
|faint|p1b: Torkoal
|-damage|p2a: Garchomp|90/100|[from] item: Life Orb
|move|p1a: Vileplume|After You|p1: Torkoal|[notarget]
|-fail|p1a: Vileplume
|
|-weather|SunnyDay|[upkeep]
|upkeep
|
|t:|1783459764
|switch|p1b: Basculegion|Basculegion, L50, M|100/100
|turn|3
|inactive|DttDMarce has 30 seconds left.
|
|t:|1783459792
|switch|p1b: Garchomp|Garchomp, L50, F|100/100
|move|p2b: Aerodactyl|Rock Slide|p1a: Vileplume|[spread] p1a,p1b
|-resisted|p1b: Garchomp|1
|-damage|p1a: Vileplume|0 fnt
|-damage|p1b: Garchomp|87/100
|faint|p1a: Vileplume
|move|p2a: Garchomp|Earthquake|p1b: Garchomp|[spread] p1b
|-immune|p2b: Aerodactyl
|-damage|p1b: Garchomp|36/100
|-damage|p2a: Garchomp|80/100|[from] item: Life Orb
|
|-weather|SunnyDay|[upkeep]
|upkeep
|
|t:|1783459804
|switch|p1a: Basculegion|Basculegion, L50, M|100/100
|turn|4
|
|t:|1783459822
|move|p2b: Aerodactyl|Rock Slide|p1b: Garchomp|[spread] p1a
|-miss|p2b: Aerodactyl|p1b: Garchomp
|-damage|p1a: Basculegion|64/100
|move|p2a: Garchomp|Dragon Claw|p1b: Garchomp
|-supereffective|p1b: Garchomp|1
|-damage|p1b: Garchomp|0 fnt
|-damage|p2a: Garchomp|68/100|[from] ability: Rough Skin|[of] p1b: Garchomp
|faint|p1b: Garchomp
|-damage|p2a: Garchomp|58/100|[from] item: Life Orb
|move|p1a: Basculegion|Last Respects|p2b: Aerodactyl
|-damage|p2b: Aerodactyl|0 fnt
|faint|p2b: Aerodactyl
|
|-weather|SunnyDay|[upkeep]
|-sideend|p2: DttDMarce|move: Tailwind
|upkeep
|
|t:|1783459838
|switch|p2b: Kingambit|Kingambit, L50, F|100/100
|turn|5
|-message|Posto 311 forfeited.
|
|win|DttDMarce
|l|☆Posto 311
|player|p1|
|raw|Posto 311's rating: 1000 → 1000(+0 for losing)
|raw|DttDMarce's rating: 1000 → 1040(+40 for winning)
