|j|☆Whaaale Gorl
|j|☆Kdbc73
|html|Whaaale GorlKdbc73    
|uhtml|bestof|Game 2 of a best-of-3
|t:|1756181518
|gametype|doubles
|player|p1|Whaaale Gorl|caitlin|1171
|player|p2|Kdbc73|preschoolerf|1132
|gen|9
|tier|[Gen 9] VGC 2025 Reg H (Bo3)
|rated|
|rule|Species Clause: Limit one of each Pokémon
|rule|Item Clause: Limit 1 of each item
|clearpoke
|poke|p1|Dragapult, L50, M|
|poke|p1|Porygon2, L50|
|poke|p1|Ursaluna, L50, M|
|poke|p1|Whimsicott, L50, M|
|poke|p1|Kingambit, L50, F|
|poke|p1|Gholdengo, L50|
|poke|p2|Sneasler, L50, F|
|poke|p2|Indeedee, L50, M|
|poke|p2|Ursaluna-Bloodmoon, L50, M|
|poke|p2|Electabuzz, L50, M|
|poke|p2|Incineroar, L50, M|
|poke|p2|Talonflame, L50, F|
|teampreview|4
|showteam|p1|Dragapult||ChoiceBand|ClearBody|DragonDarts,PhantomForce,Outrage,Uturn|||M|||50|,,,,,Dragon]Porygon2||Eviolite|Download|TeraBlast,IceBeam,TrickRoom,Recover||||||50|,,,,,Fairy]Ursaluna||FlameOrb|Guts|Facade,HeadlongRush,Earthquake,Protect|||M|||50|,,,,,Ghost]Whimsicott||CovertCloak|Prankster|Tailwind,Moonblast,Encore,Protect|||M|||50|,,,,,Ghost]Kingambit||SafetyGoggles|Defiant|SuckerPunch,KowtowCleave,SwordsDance,Protect|||F|||50|,,,,,Dark]Gholdengo||IronPlate|GoodasGold|MakeItRain,ShadowBall,NastyPlot,Protect||||||50|,,,,,Water
|showteam|p2|Sneasler||PsychicSeed|Unburden|CloseCombat,DireClaw,ThroatChop,Protect|||F|||50|,,,,,Dark]Indeedee||FocusSash|PsychicSurge|ExpandingForce,TrickRoom,HelpingHand,Protect|||M|||50|,,,,,Psychic]Ursaluna-Bloodmoon||LifeOrb|MindsEye|BloodMoon,HyperVoice,EarthPower,Protect|||M|||50|,,,,,Normal]Electabuzz||Eviolite|VitalSpirit|Electroweb,FollowMe,Taunt,Protect|||M|||50|,,,,,Dragon]Incineroar||SafetyGoggles|Intimidate|FlareBlitz,KnockOff,PartingShot,FakeOut|||M|||50|,,,,,Ghost]Talonflame||CovertCloak|GaleWings|FlareBlitz,DualWingbeat,WillOWisp,Tailwind|||F|||50|,,,,,Fairy
|
|t:|1756181540
|teamsize|p1|4
|teamsize|p2|4
|start
|switch|p1a: Aerosmith|Dragapult, L50, M|100/100
|switch|p1b: Prescription2|Porygon2, L50|100/100
|switch|p2a: Incineroar|Incineroar, L50, M|100/100
|switch|p2b: Ursaluna|Ursaluna-Bloodmoon, L50, M|100/100
|-ability|p2a: Incineroar|Intimidate|boost
|-fail|p1a: Aerosmith|unboost|[from] ability: Clear Body|[of] p1a: Aerosmith
|-unboost|p1b: Prescription2|atk|1
|-ability|p1b: Prescription2|Download|boost
|-boost|p1b: Prescription2|spa|1
|turn|1
|
|t:|1756181576
|-terastallize|p2b: Ursaluna|Normal
|move|p2a: Incineroar|Fake Out|p1b: Prescription2
|-damage|p1b: Prescription2|93/100
|move|p1a: Aerosmith|Dragon Darts|p2b: Ursaluna
|-damage|p2b: Ursaluna|69/100
|-anim|p1a: Aerosmith|Dragon Darts|p2a: Incineroar
|-damage|p2a: Incineroar|58/100
|move|p2b: Ursaluna|Blood Moon|p1a: Aerosmith
|-damage|p1a: Aerosmith|0 fnt
|faint|p1a: Aerosmith
|-damage|p2b: Ursaluna|59/100|[from] item: Life Orb
|cant|p1b: Prescription2|flinch
|
|upkeep
|
|t:|1756181602
|switch|p1a: PRICE|Gholdengo, L50|100/100
|turn|2
|
|t:|1756181625
|-terastallize|p1a: PRICE|Water
|move|p2b: Ursaluna|Protect|p2b: Ursaluna
|-singleturn|p2b: Ursaluna|Protect
|move|p2a: Incineroar|Knock Off|p1b: Prescription2
|-damage|p1b: Prescription2|66/100
|-enditem|p1b: Prescription2|Eviolite|[from] move: Knock Off|[of] p2a: Incineroar
|move|p1a: PRICE|Make It Rain|p2b: Ursaluna|[spread] p2a
|-activate|p2b: Ursaluna|move: Protect
|-resisted|p2a: Incineroar
|-damage|p2a: Incineroar|30/100
|-unboost|p1a: PRICE|spa|1
|move|p1b: Prescription2|Trick Room|p1b: Prescription2
|-fieldstart|move: Trick Room|[of] p1b: Prescription2
|
|upkeep
|turn|3
|
|t:|1756181670
|switch|p1a: King Nothing|Kingambit, L50, F|100/100
|move|p1b: Prescription2|Tera Blast|p2b: Ursaluna
|-damage|p2b: Ursaluna|0 fnt
|faint|p2b: Ursaluna
|move|p2a: Incineroar|Flare Blitz|p1b: Prescription2
|-damage|p1b: Prescription2|9/100
|-damage|p2a: Incineroar|12/100|[from] Recoil
|
|upkeep
|
|t:|1756181690
|switch|p2b: Indeedee|Indeedee, L50, M|100/100
|-fieldstart|move: Psychic Terrain|[from] ability: Psychic Surge|[of] p2b: Indeedee
|turn|4
|
|t:|1756181719
|move|p1a: King Nothing|Kowtow Cleave|p2a: Incineroar
|-resisted|p2a: Incineroar
|-crit|p2a: Incineroar
|-damage|p2a: Incineroar|0 fnt
|faint|p2a: Incineroar
|move|p1b: Prescription2|Recover|p1b: Prescription2
|-heal|p1b: Prescription2|60/100
|move|p2b: Indeedee|Trick Room|p2b: Indeedee
|-fieldend|move: Trick Room
|
|upkeep
|
|t:|1756181726
|switch|p2a: Sneasler|Sneasler, L50, F|100/100
|-enditem|p2a: Sneasler|Psychic Seed
|-boost|p2a: Sneasler|spd|1|[from] item: Psychic Seed
|turn|5
|
|t:|1756181758
|move|p2a: Sneasler|Close Combat|p1a: King Nothing
|-supereffective|p1a: King Nothing
|-crit|p1a: King Nothing
|-damage|p1a: King Nothing|0 fnt
|-unboost|p2a: Sneasler|def|1
|-unboost|p2a: Sneasler|spd|1
|faint|p1a: King Nothing
|move|p2b: Indeedee|Expanding Force|p1b: Prescription2
|-damage|p1b: Prescription2|0 fnt
|faint|p1b: Prescription2
|
|upkeep
|
|t:|1756181766
|switch|p1b: PRICE|Gholdengo, L50, tera:Water|100/100
|turn|6
|
|t:|1756181780
|move|p2b: Indeedee|Protect|p2b: Indeedee
|-singleturn|p2b: Indeedee|Protect
|move|p1b: PRICE|Protect|p1b: PRICE
|-singleturn|p1b: PRICE|Protect
|move|p2a: Sneasler|Dire Claw|p1b: PRICE
|-activate|p1b: PRICE|move: Protect
|
|upkeep
|turn|7
|
|t:|1756181803
|move|p2a: Sneasler|Protect|p2a: Sneasler
|-singleturn|p2a: Sneasler|Protect
|move|p2b: Indeedee|Expanding Force|p1b: PRICE
|-damage|p1b: PRICE|26/100
|move|p1b: PRICE|Make It Rain|p2b: Indeedee|[spread] p2b
|-activate|p2a: Sneasler|move: Protect
|-crit|p2b: Indeedee
|-enditem|p2b: Indeedee|Focus Sash
|-damage|p2b: Indeedee|1/100
|-unboost|p1b: PRICE|spa|1
|
|upkeep
|turn|8
|
|t:|1756181814
|move|p2b: Indeedee|Helping Hand|p2a: Sneasler
|-singleturn|p2a: Sneasler|Helping Hand|[of] p2b: Indeedee
|move|p2a: Sneasler|Dire Claw|p1b: PRICE
|-damage|p1b: PRICE|0 fnt
|faint|p1b: PRICE
|
|win|Kdbc73
||Whaaale Gorl is ready for game 3.
|inactive|Kdbc73 has 30 seconds to confirm battle start!
||Kdbc73 is ready for game 3.
|uhtml|next|Next: Game 3 of 3
|l|☆Whaaale Gorl
|player|p1|
