|j|☆Garden Monke
|j|☆predatorssg
|html|Garden Monkepredatorssg    
|uhtml|bestof|Game 1 of a best-of-3
|t:|1785156075
|gametype|doubles
|player|p1|Garden Monke|giacomo|1183
|player|p2|predatorssg|169|1167
|gen|9
|tier|[Gen 9 Champions] VGC 2026 Reg M-B (Bo3)
|rated|
|rule|Species Clause: Limit one of each Pokémon
|rule|Item Clause: Limit 1 of each item
|clearpoke
|poke|p1|Kingambit, L50, M|
|poke|p1|Whimsicott, L50, F|
|poke|p1|Basculegion, L50, M|
|poke|p1|Garchomp, L50, F|
|poke|p1|Charizard, L50, F|
|poke|p1|Floette-Eternal, L50, F|
|poke|p2|Dragalge, L50, M|
|poke|p2|Archaludon, L50, F|
|poke|p2|Pelipper, L50, M|
|poke|p2|Grimmsnarl, L50, M|
|poke|p2|Sinistcha, L50|
|poke|p2|Swampert, L50, M|
|teampreview|4
|showteam|p1|Kingambit||ChopleBerry|Defiant|KowtowCleave,LowKick,SuckerPunch,Protect|Adamant||M|||50|]Whimsicott||FocusSash|Prankster|Moonblast,Tailwind,Encore,Protect|Timid||F|||50|]Basculegion||MysticWater|Adaptability|WaveCrash,LastRespects,AquaJet,Protect|Adamant||M|||50|]Garchomp||LifeOrb|RoughSkin|DragonClaw,RockSlide,Earthquake,Protect|Jolly||F|||50|]Charizard||CharizarditeY|Blaze|WeatherBall,HeatWave,SolarBeam,Protect|Modest||F|||50|]Floette-Eternal||Floettite|FlowerVeil|Moonblast,DazzlingGleam,LightofRuin,Protect|Timid||F|||50|
|showteam|p2|Dragalge||Dragalgite|Adaptability|SludgeBomb,DragonPulse,Thunderbolt,Protect|Modest||M|||50|]Archaludon||Leftovers|Stamina|ElectroShot,AuraSphere,FlashCannon,Protect|Modest||F|||50|]Pelipper||SitrusBerry|Drizzle|Tailwind,WeatherBall,Hurricane,WideGuard|Modest||M|||50|]Grimmsnarl||LightClay|Prankster|PartingShot,SpiritBreak,Reflect,LightScreen|Calm||M|||50|]Sinistcha||KasibBerry|Hospitality|MatchaGotcha,LifeDew,RagePowder,TrickRoom|Calm|||||50|]Swampert||Swampertite|Torrent|WaveCrash,Earthquake,IcePunch,Protect|Adamant||M|||50|
|inactive|Battle timer is ON: inactive players will automatically lose when time's up. (requested by Garden Monke)
|inactive|Garden Monke has 60 seconds left.
|
|t:|1785156134
|teamsize|p1|4
|teamsize|p2|4
|start
|switch|p1a: Floette|Floette-Eternal, L50, F|100/100
|switch|p1b: Whimsicott|Whimsicott, L50, F|100/100
|switch|p2a: Dragalge|Dragalge, L50, M|100/100
|switch|p2b: Grimmsnarl|Grimmsnarl, L50, M|100/100
|turn|1
|
|t:|1785156154
|detailschange|p1a: Floette|Floette-Mega, L50, F
|-mega|p1a: Floette|Floette|Floettite
|-ability|p1a: Floette|Fairy Aura
|detailschange|p2a: Dragalge|Dragalge-Mega, L50, M
|-mega|p2a: Dragalge|Dragalge|Dragalgite
|move|p1b: Whimsicott|Tailwind|p1b: Whimsicott
|-sidestart|p1: Garden Monke|move: Tailwind
|move|p2b: Grimmsnarl|Parting Shot|p1a: Floette
|-unboost|p1a: Floette|atk|1
|-unboost|p1a: Floette|spa|1
|
|t:|1785156163
|switch|p2b: Pelipper|Pelipper, L50, M|100/100|[from] Parting Shot
|-weather|RainDance|[from] ability: Drizzle|[of] p2b: Pelipper
|move|p1a: Floette|Moonblast|p2b: Pelipper
|-damage|p2b: Pelipper|44/100
|-enditem|p2b: Pelipper|Sitrus Berry|[eat]
|-heal|p2b: Pelipper|68/100|[from] item: Sitrus Berry
|move|p2a: Dragalge|Sludge Bomb|p1a: Floette
|-supereffective|p1a: Floette|1
|-damage|p1a: Floette|12/100
|
|-weather|RainDance|[upkeep]
|upkeep
|turn|2
|
|t:|1785156181
|switch|p1a: Garchomp|Garchomp, L50, F|100/100
|switch|p2b: Grimmsnarl|Grimmsnarl, L50, M|100/100
|move|p1b: Whimsicott|Moonblast|p2b: Grimmsnarl
|-supereffective|p2b: Grimmsnarl|1
|-damage|p2b: Grimmsnarl|34/100
|move|p2a: Dragalge|Sludge Bomb|p1b: Whimsicott
|-supereffective|p1b: Whimsicott|2
|-enditem|p1b: Whimsicott|Focus Sash
|-damage|p1b: Whimsicott|1/100
|
|-weather|RainDance|[upkeep]
|upkeep
|turn|3
|
|t:|1785156195
|move|p1b: Whimsicott|Protect|p1b: Whimsicott
|-singleturn|p1b: Whimsicott|Protect
|move|p2b: Grimmsnarl|Parting Shot|p1a: Garchomp
|-unboost|p1a: Garchomp|atk|1
|-unboost|p1a: Garchomp|spa|1
|
|t:|1785156201
|switch|p2b: Pelipper|Pelipper, L50, M|68/100|[from] Parting Shot
|move|p1a: Garchomp|Earthquake|p2a: Dragalge|[spread] p2a
|-activate|p1b: Whimsicott|move: Protect
|-immune|p2b: Pelipper
|-supereffective|p2a: Dragalge|1
|-damage|p2a: Dragalge|36/100
|-damage|p1a: Garchomp|90/100|[from] item: Life Orb
|move|p2a: Dragalge|Dragon Pulse|p1a: Garchomp
|-supereffective|p1a: Garchomp|1
|-damage|p1a: Garchomp|0 fnt
|faint|p1a: Garchomp
|
|-weather|RainDance|[upkeep]
|upkeep
|
|t:|1785156216
|switch|p1a: Floette|Floette-Mega, L50, F|12/100
|-ability|p1a: Floette|Fairy Aura
|turn|4
|
|t:|1785156232
|-heal|p2a: Dragalge|69/100|[from] ability: Regenerator|[silent]
|switch|p2a: Grimmsnarl|Grimmsnarl, L50, M|34/100
|move|p1b: Whimsicott|Moonblast|p2a: Grimmsnarl
|-supereffective|p2a: Grimmsnarl|1
|-damage|p2a: Grimmsnarl|0 fnt
|faint|p2a: Grimmsnarl
|move|p1a: Floette|Moonblast|p2b: Pelipper
|-damage|p2b: Pelipper|0 fnt
|faint|p2b: Pelipper
|
|-weather|RainDance|[upkeep]
|-sideend|p1: Garden Monke|move: Tailwind
|upkeep
|
|t:|1785156242
|switch|p2b: Dragalge|Dragalge-Mega, L50, M|69/100
|switch|p2a: Archaludon|Archaludon, L50, F|100/100
|turn|5
|
|t:|1785156253
|move|p1b: Whimsicott|Moonblast|p2b: Dragalge
|-crit|p2b: Dragalge
|-damage|p2b: Dragalge|22/100
|move|p1a: Floette|Light of Ruin|p2a: Archaludon
|-damage|p2a: Archaludon|0 fnt
|faint|p2a: Archaludon
|-damage|p1a: Floette|0 fnt|[from] Recoil
|faint|p1a: Floette
|move|p2b: Dragalge|Sludge Bomb|p1b: Whimsicott
|-supereffective|p1b: Whimsicott|2
|-damage|p1b: Whimsicott|0 fnt
|faint|p1b: Whimsicott
|
|-weather|none
|upkeep
|
|t:|1785156261
|switch|p1b: Basculegion|Basculegion, L50, M|100/100
|turn|6
|
|t:|1785156264
|move|p1b: Basculegion|Last Respects|p2b: Dragalge
|-damage|p2b: Dragalge|0 fnt
|faint|p2b: Dragalge
|
|win|Garden Monke
||predatorssg is ready for game 2.
|inactive|Garden Monke has 30 seconds to confirm battle start!
||Garden Monke is ready for game 2.
|uhtml|next|Next: Game 2 of 3
|l|☆predatorssg
|player|p2|
