|j|☆MrMrvz
|j|☆cyanbalthy
|html|MrMrvzcyanbalthy    
|uhtml|bestof|Game 2 of a best-of-3
|t:|1785944470
|gametype|doubles
|player|p1|MrMrvz|ethan|1140
|player|p2|cyanbalthy|265|1248
|gen|9
|tier|[Gen 9 Champions] VGC 2026 Reg M-B (Bo3)
|rated|
|rule|Species Clause: Limit one of each Pokémon
|rule|Item Clause: Limit 1 of each item
|clearpoke
|poke|p1|Feraligatr, L50, M, shiny|
|poke|p1|Staraptor, L50, M|
|poke|p1|Whimsicott, L50, M|
|poke|p1|Glimmora, L50, F|
|poke|p1|Delphox, L50, M|
|poke|p1|Kingambit, L50, M, shiny|
|poke|p2|Delphox, L50, M|
|poke|p2|Raichu, L50, M|
|poke|p2|Primarina, L50, M|
|poke|p2|Incineroar, L50, M|
|poke|p2|Sinistcha, L50|
|poke|p2|Mamoswine, L50, M|
|teampreview|4
|showteam|p1|Feraligatr||LifeOrb|SheerForce|Liquidation,RockSlide,IcePunch,AquaJet|Adamant||M|||50|]Staraptor||Staraptite|Intimidate|BraveBird,CloseCombat,Roost,Protect|Jolly||M|||50|]Whimsicott||OccaBerry|Prankster|Tailwind,Moonblast,Charm,LightScreen|Timid||M|||50|]Glimmora||FocusSash|ToxicDebris|PowerGem,SludgeBomb,EarthPower,SpikyShield|Modest||F|||50|]Delphox||Delphoxite|Blaze|HeatWave,Psychic,Encore,Protect|Timid||M|||50|]Kingambit||ChopleBerry|Defiant|KowtowCleave,IronHead,LowKick,SuckerPunch|Adamant||M|||50|
|showteam|p2|Delphox||Delphoxite|Blaze|HeatWave,Psyshock,NastyPlot,Protect|Modest||M|||50|]Raichu||RaichuniteY|LightningRod|ZapCannon,FocusBlast,FakeOut,Protect|Timid||M|||50|]Primarina||Leftovers|LiquidVoice|HyperVoice,Moonblast,CalmMind,Protect|Modest||M|||50|]Incineroar||SitrusBerry|Intimidate|FlareBlitz,ThroatChop,PartingShot,FakeOut|Careful||M|||50|]Sinistcha||ColburBerry|Hospitality|MatchaGotcha,RagePowder,StrengthSap,Protect|Bold|||||50|]Mamoswine||ChoiceScarf|Oblivious|Earthquake,IcicleCrash,IceShard,RockSlide|Jolly||M|||50|
|inactive|Battle timer is ON: inactive players will automatically lose when time's up. (requested by MrMrvz)
|
|t:|1785944521
|teamsize|p1|4
|teamsize|p2|4
|start
|switch|p1a: Glimmora|Glimmora, L50, F|100/100
|switch|p1b: Whimsicott|Whimsicott, L50, M|100/100
|switch|p2a: Primarina|Primarina, L50, M|100/100
|switch|p2b: Incineroar|Incineroar, L50, M|100/100
|-ability|p2b: Incineroar|Intimidate|boost
|-unboost|p1a: Glimmora|atk|1
|-unboost|p1b: Whimsicott|atk|1
|turn|1
|inactive|MrMrvz has 30 seconds left.
|inactive|MrMrvz has 20 seconds left.
|
|t:|1785944560
|move|p2b: Incineroar|Fake Out|p1a: Glimmora
|-resisted|p1a: Glimmora|1
|-damage|p1a: Glimmora|94/100
|-activate|p1a: Glimmora|ability: Toxic Debris
|-sidestart|p2: cyanbalthy|move: Toxic Spikes
|move|p1b: Whimsicott|Moonblast|p2a: Primarina
|-damage|p2a: Primarina|77/100
|-unboost|p2a: Primarina|spa|1
|cant|p1a: Glimmora|flinch
|move|p2a: Primarina|Calm Mind|p2a: Primarina
|-boost|p2a: Primarina|spa|1
|-boost|p2a: Primarina|spd|1
|
|-heal|p2a: Primarina|83/100|[from] item: Leftovers
|upkeep
|turn|2
|inactive|cyanbalthy has 30 seconds left.
|
|t:|1785944592
|move|p2a: Primarina|Protect|p2a: Primarina
|-singleturn|p2a: Primarina|Protect
|move|p1b: Whimsicott|Tailwind|p1b: Whimsicott
|-sidestart|p1: MrMrvz|move: Tailwind
|move|p1a: Glimmora|Sludge Bomb|p2a: Primarina
|-activate|p2a: Primarina|move: Protect
|move|p2b: Incineroar|Parting Shot|p1a: Glimmora
|-unboost|p1a: Glimmora|atk|1
|-unboost|p1a: Glimmora|spa|1
|
|t:|1785944603
|switch|p2b: Raichu|Raichu, L50, M|100/100|[from] Parting Shot
|-status|p2b: Raichu|psn
|
|-heal|p2a: Primarina|89/100|[from] item: Leftovers
|-damage|p2b: Raichu|87/100 psn|[from] psn
|upkeep
|turn|3
|inactive|MrMrvz has 30 seconds left.
|inactive|cyanbalthy has 30 seconds left.
|
|t:|1785944633
|detailschange|p2b: Raichu|Raichu-Mega-Y, L50, M
|-mega|p2b: Raichu|Raichu|Raichunite Y
|move|p2b: Raichu|Fake Out|p1a: Glimmora
|-resisted|p1a: Glimmora|1
|-damage|p1a: Glimmora|89/100
|-activate|p1a: Glimmora|ability: Toxic Debris
|-sidestart|p2: cyanbalthy|move: Toxic Spikes
|move|p1b: Whimsicott|Light Screen|p1b: Whimsicott
|-sidestart|p1: MrMrvz|move: Light Screen
|cant|p1a: Glimmora|flinch
|move|p2a: Primarina|Calm Mind|p2a: Primarina
|-boost|p2a: Primarina|spa|1
|-boost|p2a: Primarina|spd|1
|
|-heal|p2a: Primarina|96/100|[from] item: Leftovers
|-damage|p2b: Raichu|75/100 psn|[from] psn
|upkeep
|turn|4
|inactive|MrMrvz has 30 seconds left.
|
|t:|1785944661
|move|p1b: Whimsicott|Moonblast|p2a: Primarina
|-damage|p2a: Primarina|83/100
|move|p1a: Glimmora|Earth Power|p2b: Raichu
|-supereffective|p2b: Raichu|1
|-damage|p2b: Raichu|16/100 psn
|-unboost|p2b: Raichu|spd|1
|move|p2b: Raichu|Zap Cannon|p1a: Glimmora
|-damage|p1a: Glimmora|35/100
|-status|p1a: Glimmora|par
|move|p2a: Primarina|Hyper Voice|p1a: Glimmora|[spread] p1a,p1b
|-supereffective|p1a: Glimmora|1
|-resisted|p1b: Whimsicott|1
|-damage|p1a: Glimmora|0 fnt
|-damage|p1b: Whimsicott|78/100
|faint|p1a: Glimmora
|
|-heal|p2a: Primarina|89/100|[from] item: Leftovers
|-damage|p2b: Raichu|4/100 psn|[from] psn
|upkeep
|
|t:|1785944679
|switch|p1a: Feraligatr|Feraligatr, L50, M, shiny|100/100
|turn|5
|
|t:|1785944698
|switch|p2b: Incineroar|Incineroar, L50, M|100/100
|-status|p2b: Incineroar|tox
|-ability|p2b: Incineroar|Intimidate|boost
|-unboost|p1a: Feraligatr|atk|1
|-unboost|p1b: Whimsicott|atk|1
|move|p1b: Whimsicott|Moonblast|p2a: Primarina
|-damage|p2a: Primarina|77/100
|move|p1a: Feraligatr|Rock Slide|p2b: Incineroar|[spread] p2a,p2b
|-supereffective|p2b: Incineroar|1
|-damage|p2a: Primarina|59/100
|-damage|p2b: Incineroar|65/100 tox
|move|p2a: Primarina|Calm Mind|p2a: Primarina
|-boost|p2a: Primarina|spa|1
|-boost|p2a: Primarina|spd|1
|
|-heal|p2a: Primarina|66/100|[from] item: Leftovers
|-damage|p2b: Incineroar|59/100 tox|[from] psn
|-sideend|p1: MrMrvz|move: Tailwind
|upkeep
|turn|6
|inactive|MrMrvz has 30 seconds left.
|
|t:|1785944731
|move|p1b: Whimsicott|Tailwind|p1b: Whimsicott
|-sidestart|p1: MrMrvz|move: Tailwind
|move|p1a: Feraligatr|Rock Slide|p2a: Primarina|[spread] p2a,p2b
|-supereffective|p2b: Incineroar|1
|-damage|p2a: Primarina|49/100
|-damage|p2b: Incineroar|24/100 tox
|-enditem|p2b: Incineroar|Sitrus Berry|[eat]
|-heal|p2b: Incineroar|49/100 tox|[from] item: Sitrus Berry
|move|p2a: Primarina|Hyper Voice|p1a: Feraligatr|[spread] p1a,p1b
|-resisted|p1a: Feraligatr|1
|-resisted|p1b: Whimsicott|1
|-damage|p1a: Feraligatr|82/100
|-damage|p1b: Whimsicott|49/100
|move|p2b: Incineroar|Parting Shot|p1a: Feraligatr
|-unboost|p1a: Feraligatr|atk|1
|-unboost|p1a: Feraligatr|spa|1
|
|t:|1785944747
|switch|p2b: Sinistcha|Sinistcha, L50|100/100|[from] Parting Shot
|-status|p2b: Sinistcha|tox
|-heal|p2a: Primarina|74/100|[from] ability: Hospitality|[of] p2b: Sinistcha
|
|-heal|p2a: Primarina|80/100|[from] item: Leftovers
|-damage|p2b: Sinistcha|93/100 tox|[from] psn
|upkeep
|turn|7
|inactive|MrMrvz has 30 seconds left.
|
|t:|1785944782
|switch|p2b: Raichu|Raichu-Mega-Y, L50, M|4/100 psn
|move|p1b: Whimsicott|Moonblast|p2b: Raichu
|-damage|p2b: Raichu|0 fnt
|faint|p2b: Raichu
|move|p1a: Feraligatr|Rock Slide|p2a: Primarina
|-damage|p2a: Primarina|61/100
|move|p2a: Primarina|Moonblast|p1b: Whimsicott
|-damage|p1b: Whimsicott|0 fnt
|faint|p1b: Whimsicott
|
|-heal|p2a: Primarina|67/100|[from] item: Leftovers
|-sideend|p1: MrMrvz|move: Light Screen
|upkeep
|
|t:|1785944798
|switch|p2b: Incineroar|Incineroar, L50, M|49/100 tox
|switch|p1b: Staraptor|Staraptor, L50, M|100/100
|-ability|p1b: Staraptor|Intimidate|boost
|-unboost|p2a: Primarina|atk|1
|-unboost|p2b: Incineroar|atk|1
|-ability|p2b: Incineroar|Intimidate|boost
|-unboost|p1a: Feraligatr|atk|1
|-unboost|p1b: Staraptor|atk|1
|turn|8
|inactive|cyanbalthy has 30 seconds left.
|inactive|MrMrvz has 30 seconds left.
|
|t:|1785944832
|detailschange|p1b: Staraptor|Staraptor-Mega, L50, M
|-mega|p1b: Staraptor|Staraptor|Staraptite
|move|p1b: Staraptor|Protect|p1b: Staraptor
|-singleturn|p1b: Staraptor|Protect
|move|p2b: Incineroar|Fake Out|p1a: Feraligatr
|-damage|p1a: Feraligatr|75/100
|cant|p1a: Feraligatr|flinch
|move|p2a: Primarina|Moonblast|p1b: Staraptor
|-activate|p1b: Staraptor|move: Protect
|
|-heal|p2a: Primarina|73/100|[from] item: Leftovers
|-damage|p2b: Incineroar|43/100 tox|[from] psn
|upkeep
|turn|9
|inactive|cyanbalthy has 30 seconds left.
|
|t:|1785944864
|move|p1b: Staraptor|Close Combat|p2a: Primarina
|-resisted|p2a: Primarina|1
|-damage|p2a: Primarina|56/100
|-boost|p1b: Staraptor|def|1
|-boost|p1b: Staraptor|spd|1
|move|p1a: Feraligatr|Rock Slide|p2a: Primarina|[spread] p2a,p2b
|-supereffective|p2b: Incineroar|1
|-damage|p2a: Primarina|46/100
|-damage|p2b: Incineroar|24/100 tox
|move|p2a: Primarina|Moonblast|p1b: Staraptor
|-supereffective|p1b: Staraptor|1
|-damage|p1b: Staraptor|0 fnt
|faint|p1b: Staraptor
|move|p2b: Incineroar|Parting Shot|p1a: Feraligatr
|-unboost|p1a: Feraligatr|atk|1
|-unboost|p1a: Feraligatr|spa|1
|
|t:|1785944877
|switch|p2b: Sinistcha|Sinistcha, L50|93/100 tox|[from] Parting Shot
|-heal|p2a: Primarina|71/100|[from] ability: Hospitality|[of] p2b: Sinistcha
|
|-heal|p2a: Primarina|77/100|[from] item: Leftovers
|-damage|p2b: Sinistcha|87/100 tox|[from] psn
|-sideend|p1: MrMrvz|move: Tailwind
|upkeep
|turn|10
|
|t:|1785944891
|move|p1a: Feraligatr|Ice Punch|p2b: Sinistcha
|-supereffective|p2b: Sinistcha|1
|-damage|p2b: Sinistcha|67/100 tox
|move|p2b: Sinistcha|Matcha Gotcha|p1a: Feraligatr
|-supereffective|p1a: Feraligatr|1
|-damage|p1a: Feraligatr|17/100
|-heal|p2b: Sinistcha|98/100 tox|[from] drain|[of] p1a: Feraligatr
|move|p2a: Primarina|Moonblast|p1a: Feraligatr
|-damage|p1a: Feraligatr|0 fnt
|faint|p1a: Feraligatr
|
|win|cyanbalthy
