|j|☆TheLeoj
|j|☆babysha
|html|TheLeojbabysha    
|uhtml|bestof|Game 2 of a best-of-3
|t:|1783938490
|gametype|doubles
|player|p1|TheLeoj|102|1160
|player|p2|babysha|170|1102
|gen|9
|tier|[Gen 9 Champions] VGC 2026 Reg M-B (Bo3)
|rated|
|rule|Species Clause: Limit one of each Pokémon
|rule|Item Clause: Limit 1 of each item
|clearpoke
|poke|p1|Politoed, L50, M, shiny|
|poke|p1|Incineroar, L50, M, shiny|
|poke|p1|Gengar, L50, M, shiny|
|poke|p1|Archaludon, L50, F, shiny|
|poke|p1|Swampert, L50, F, shiny|
|poke|p1|Vivillon-Elegant, L50, M, shiny|
|poke|p2|Tyranitar, L50, F|
|poke|p2|Grimmsnarl, L50, M|
|poke|p2|Sinistcha, L50|
|poke|p2|Floette-Eternal, L50, F|
|poke|p2|Sneasler, L50, M|
|poke|p2|Pelipper, L50, F|
|teampreview|4
|showteam|p1|Politoed||SitrusBerry|Drizzle|WeatherBall,Encore,PerishSong,Protect|Calm||M|||50|]Incineroar||PasshoBerry|Intimidate|ThroatChop,FakeOut,PartingShot,Protect|Sassy||M|||50|]Gengar||Gengarite|CursedBody|ShadowBall,SludgeBomb,PerishSong,Protect|Timid||M|||50|]Archaludon||Leftovers|Stamina|ElectroShot,FlashCannon,DragonPulse,Protect|Bold||F|||50|]Swampert||Swampertite|Torrent|WaveCrash,Earthquake,IcePunch,Protect|Adamant||F|||50|]Vivillon-Elegant||FocusSash|CompoundEyes|Hurricane,SleepPowder,RagePowder,Protect|Timid||M|||50|
|showteam|p2|Tyranitar||Tyranitarite|SandStream|DragonDance,RockSlide,KnockOff,Protect|Jolly||F|||50|]Grimmsnarl||LightClay|Prankster|FakeOut,Reflect,LightScreen,PartingShot|Careful||M|||50|]Sinistcha||SitrusBerry|Hospitality|RagePowder,MatchaGotcha,TrickRoom,Protect|Relaxed|||||50|]Floette-Eternal||Floettite|FlowerVeil|CalmMind,DrainingKiss,Moonblast,Protect|Timid||F|||50|]Sneasler||WhiteHerb|Unburden|FakeOut,DireClaw,CloseCombat,Protect|Jolly||M|||50|]Pelipper||FocusSash|Drizzle|Tailwind,Hurricane,WeatherBall,Protect|Modest||F|||50|
|inactive|Battle timer is ON: inactive players will automatically lose when time's up. (requested by babysha)
|inactive|TheLeoj also wants the timer to be on.
|inactive|TheLeoj has 60 seconds left.
|
|t:|1783938526
|teamsize|p1|4
|teamsize|p2|4
|start
|switch|p1a: Gengar|Gengar, L50, M, shiny|100/100
|switch|p1b: Incineroar|Incineroar, L50, M, shiny|100/100
|switch|p2a: Tyranitar|Tyranitar, L50, F|100/100
|switch|p2b: Sinistcha|Sinistcha, L50|100/100
|-weather|Sandstorm|[from] ability: Sand Stream|[of] p2a: Tyranitar
|-ability|p1b: Incineroar|Intimidate|boost
|-unboost|p2a: Tyranitar|atk|1
|-unboost|p2b: Sinistcha|atk|1
|turn|1
|inactive|TheLeoj has 30 seconds left.
|inactive|babysha has 30 seconds left.
|inactive|babysha has 20 seconds left.
|
|t:|1783938565
|detailschange|p1a: Gengar|Gengar-Mega, L50, M, shiny
|-mega|p1a: Gengar|Gengar|Gengarite
|move|p2b: Sinistcha|Protect|p2b: Sinistcha
|-singleturn|p2b: Sinistcha|Protect
|move|p1b: Incineroar|Fake Out|p2a: Tyranitar
|-resisted|p2a: Tyranitar|1
|-damage|p2a: Tyranitar|95/100
|move|p1a: Gengar|Perish Song|p1a: Gengar
|-start|p1a: Gengar|perish3|[silent]
|-start|p1b: Incineroar|perish3|[silent]
|-start|p2a: Tyranitar|perish3|[silent]
|-start|p2b: Sinistcha|perish3|[silent]
|-fieldactivate|move: Perish Song
|cant|p2a: Tyranitar|flinch
|
|-weather|Sandstorm|[upkeep]
|-damage|p1a: Gengar|94/100|[from] Sandstorm
|-damage|p2b: Sinistcha|93/100|[from] Sandstorm
|-damage|p1b: Incineroar|94/100|[from] Sandstorm
|-start|p1a: Gengar|perish3
|-start|p2a: Tyranitar|perish3
|-start|p2b: Sinistcha|perish3
|-start|p1b: Incineroar|perish3
|upkeep
|turn|2
|
|t:|1783938588
|switch|p2b: Sneasler|Sneasler, L50, M|100/100
|move|p1a: Gengar|Protect|p1a: Gengar
|-singleturn|p1a: Gengar|Protect
|move|p1b: Incineroar|Protect|p1b: Incineroar
|-singleturn|p1b: Incineroar|Protect
|move|p2a: Tyranitar|Dragon Dance|p2a: Tyranitar
|-boost|p2a: Tyranitar|atk|1
|-boost|p2a: Tyranitar|spe|1
|
|-weather|Sandstorm|[upkeep]
|-damage|p1a: Gengar|88/100|[from] Sandstorm
|-damage|p2b: Sneasler|94/100|[from] Sandstorm
|-damage|p1b: Incineroar|88/100|[from] Sandstorm
|-start|p1a: Gengar|perish2
|-start|p2a: Tyranitar|perish2
|-start|p1b: Incineroar|perish2
|upkeep
|turn|3
|inactive|TheLeoj has 30 seconds left.
|inactive|babysha has 30 seconds left.
|
|t:|1783938621
|switch|p1a: Politoed|Politoed, L50, M, shiny|100/100
|-weather|RainDance|[from] ability: Drizzle|[of] p1a: Politoed
|detailschange|p2a: Tyranitar|Tyranitar-Mega, L50, F
|-mega|p2a: Tyranitar|Tyranitar|Tyranitarite
|-weather|Sandstorm|[from] ability: Sand Stream|[of] p2a: Tyranitar
|move|p2a: Tyranitar|Knock Off|p1b: Incineroar
|-resisted|p1b: Incineroar|1
|-damage|p1b: Incineroar|64/100
|-enditem|p1b: Incineroar|Passho Berry|[from] move: Knock Off|[of] p2a: Tyranitar
|move|p2b: Sneasler|Close Combat|p1a: Politoed
|-damage|p1a: Politoed|44/100
|-unboost|p2b: Sneasler|def|1
|-unboost|p2b: Sneasler|spd|1
|-enditem|p1a: Politoed|Sitrus Berry|[eat]
|-heal|p1a: Politoed|69/100|[from] item: Sitrus Berry
|-enditem|p2b: Sneasler|White Herb
|-clearnegativeboost|p2b: Sneasler|[silent]
|move|p1b: Incineroar|Parting Shot|p2b: Sneasler
|-unboost|p2b: Sneasler|atk|1
|-unboost|p2b: Sneasler|spa|1
|
|t:|1783938644
|switch|p1b: Gengar|Gengar-Mega, L50, M, shiny|88/100|[from] Parting Shot
|
|-weather|Sandstorm|[upkeep]
|-damage|p2b: Sneasler|88/100|[from] Sandstorm
|-damage|p1b: Gengar|82/100|[from] Sandstorm
|-damage|p1a: Politoed|63/100|[from] Sandstorm
|-start|p2a: Tyranitar|perish1
|upkeep
|turn|4
|inactive|babysha has 30 seconds left.
|
|t:|1783938669
|move|p1b: Gengar|Protect|p1b: Gengar
|-singleturn|p1b: Gengar|Protect
|move|p1a: Politoed|Protect|p1a: Politoed
|-singleturn|p1a: Politoed|Protect
|move|p2b: Sneasler|Close Combat|p1a: Politoed
|-activate|p1a: Politoed|move: Protect
|move|p2a: Tyranitar|Rock Slide|p1b: Gengar|[spread] 
|-activate|p1a: Politoed|move: Protect
|-activate|p1b: Gengar|move: Protect
|
|-weather|Sandstorm|[upkeep]
|-damage|p2b: Sneasler|82/100|[from] Sandstorm
|-damage|p1b: Gengar|76/100|[from] Sandstorm
|-damage|p1a: Politoed|57/100|[from] Sandstorm
|-start|p2a: Tyranitar|perish0
|faint|p2a: Tyranitar
|upkeep
|
|t:|1783938677
|switch|p2a: Sinistcha|Sinistcha, L50|93/100
|-heal|p2b: Sneasler|100/100|[from] ability: Hospitality|[of] p2a: Sinistcha
|turn|5
|inactive|TheLeoj has 30 seconds left.
|
|t:|1783938715
|switch|p1a: Incineroar|Incineroar, L50, M, shiny|64/100
|-ability|p1a: Incineroar|Intimidate|boost
|-unboost|p2a: Sinistcha|atk|1
|-unboost|p2b: Sneasler|atk|1
|move|p2a: Sinistcha|Protect|p2a: Sinistcha
|-singleturn|p2a: Sinistcha|Protect
|move|p2b: Sneasler|Close Combat|p1a: Incineroar
|-supereffective|p1a: Incineroar|1
|-damage|p1a: Incineroar|10/100
|-unboost|p2b: Sneasler|def|1
|-unboost|p2b: Sneasler|spd|1
|move|p1b: Gengar|Shadow Ball|p2a: Sinistcha
|-activate|p2a: Sinistcha|move: Protect
|
|-weather|Sandstorm|[upkeep]
|-damage|p2b: Sneasler|94/100|[from] Sandstorm
|-damage|p1b: Gengar|70/100|[from] Sandstorm
|-damage|p2a: Sinistcha|87/100|[from] Sandstorm
|-damage|p1a: Incineroar|4/100|[from] Sandstorm
|upkeep
|turn|6
|
|t:|1783938730
|switch|p2a: Floette|Floette-Eternal, L50, F|100/100
|move|p2b: Sneasler|Protect|p2b: Sneasler
|-singleturn|p2b: Sneasler|Protect
|move|p1a: Incineroar|Fake Out|p2b: Sneasler
|-activate|p2b: Sneasler|move: Protect
|move|p1b: Gengar|Shadow Ball|p2a: Floette
|-damage|p2a: Floette|46/100
|
|-weather|Sandstorm|[upkeep]
|-damage|p2b: Sneasler|88/100|[from] Sandstorm
|-damage|p1b: Gengar|64/100|[from] Sandstorm
|-damage|p2a: Floette|40/100|[from] Sandstorm
|-damage|p1a: Incineroar|0 fnt|[from] Sandstorm
|faint|p1a: Incineroar
|upkeep
|
|t:|1783938743
|switch|p1a: Politoed|Politoed, L50, M, shiny|57/100
|-weather|RainDance|[from] ability: Drizzle|[of] p1a: Politoed
|turn|7
|
|t:|1783938759
|move|p2a: Floette|Protect|p2a: Floette
|-singleturn|p2a: Floette|Protect
|move|p2b: Sneasler|Close Combat|p1a: Politoed
|-damage|p1a: Politoed|27/100
|-unboost|p2b: Sneasler|def|1
|-unboost|p2b: Sneasler|spd|1
|move|p1b: Gengar|Sludge Bomb|p2a: Floette
|-activate|p2a: Floette|move: Protect
|move|p1a: Politoed|Perish Song|p1a: Politoed
|-start|p1a: Politoed|perish3|[silent]
|-start|p1b: Gengar|perish3|[silent]
|-start|p2a: Floette|perish3|[silent]
|-start|p2b: Sneasler|perish3|[silent]
|-fieldactivate|move: Perish Song
|
|-weather|RainDance|[upkeep]
|-start|p2b: Sneasler|perish3
|-start|p1b: Gengar|perish3
|-start|p2a: Floette|perish3
|-start|p1a: Politoed|perish3
|upkeep
|turn|8
|
|t:|1783938776
|move|p1a: Politoed|Protect|p1a: Politoed
|-singleturn|p1a: Politoed|Protect
|move|p2b: Sneasler|Dire Claw|p1b: Gengar
|-resisted|p1b: Gengar|2
|-damage|p1b: Gengar|56/100
|move|p1b: Gengar|Sludge Bomb|p2a: Floette
|-supereffective|p2a: Floette|1
|-damage|p2a: Floette|0 fnt
|faint|p2a: Floette
|
|-weather|RainDance|[upkeep]
|-start|p2b: Sneasler|perish2
|-start|p1b: Gengar|perish2
|-start|p1a: Politoed|perish2
|upkeep
|
|t:|1783938785
|switch|p2a: Sinistcha|Sinistcha, L50|87/100
|-heal|p2b: Sneasler|100/100|[from] ability: Hospitality|[of] p2a: Sinistcha
|turn|9
|
|t:|1783938794
|move|p1b: Gengar|Protect|p1b: Gengar
|-singleturn|p1b: Gengar|Protect
|move|p2b: Sneasler|Dire Claw|p1b: Gengar
|-activate|p1b: Gengar|move: Protect
|move|p1a: Politoed|Encore|p2b: Sneasler
|-start|p2b: Sneasler|Encore
|move|p2a: Sinistcha|Matcha Gotcha|p1b: Gengar|[spread] p1a
|-activate|p1b: Gengar|move: Protect
|-supereffective|p1a: Politoed|1
|-damage|p1a: Politoed|0 fnt
|-heal|p2a: Sinistcha|100/100|[from] drain|[of] p1a: Politoed
|faint|p1a: Politoed
|
|-weather|RainDance|[upkeep]
|-start|p2b: Sneasler|perish1
|-start|p1b: Gengar|perish1
|upkeep
|
|t:|1783938806
|switch|p1a: Archaludon|Archaludon, L50, F, shiny|100/100
|turn|10
|
|t:|1783938817
|move|p2a: Sinistcha|Protect|p2a: Sinistcha
|-singleturn|p2a: Sinistcha|Protect
|move|p2b: Sneasler|Dire Claw|p1b: Gengar
|-resisted|p1b: Gengar|2
|-damage|p1b: Gengar|48/100
|move|p1b: Gengar|Shadow Ball|p2a: Sinistcha
|-activate|p2a: Sinistcha|move: Protect
|move|p1a: Archaludon|Electro Shot||[still]
|-prepare|p1a: Archaludon|Electro Shot
|-boost|p1a: Archaludon|spa|1
|-anim|p1a: Archaludon|Electro Shot|p2a: Sinistcha
|-activate|p2a: Sinistcha|move: Protect
|
|-weather|RainDance|[upkeep]
|-start|p2b: Sneasler|perish0
|-start|p1b: Gengar|perish0
|faint|p2b: Sneasler
|faint|p1b: Gengar
|upkeep
|turn|11
|
|t:|1783938834
|move|p1a: Archaludon|Electro Shot||[still]
|-prepare|p1a: Archaludon|Electro Shot
|-boost|p1a: Archaludon|spa|1
|-anim|p1a: Archaludon|Electro Shot|p2a: Sinistcha
|-resisted|p2a: Sinistcha|1
|-damage|p2a: Sinistcha|58/100
|move|p2a: Sinistcha|Matcha Gotcha|p1a: Archaludon|[miss]
|-miss|p2a: Sinistcha|p1a: Archaludon
|
|-weather|none
|upkeep
|turn|12
|-message|babysha forfeited.
|
|win|TheLeoj
|raw|TheLeoj's rating: 1160 → 1181(+21 for winning)
|raw|babysha's rating: 1102 → 1081(-21 for losing)
