|j|☆Ethan's Bleakmiss
|j|☆Samboi37
|html|Ethan's BleakmissSamboi37    
|uhtml|bestof|Game 1 of a best-of-3
|t:|1784567217
|gametype|doubles
|player|p1|Ethan's Bleakmiss|unknown|1117
|player|p2|Samboi37|170|1000
|gen|9
|tier|[Gen 9 Champions] VGC 2026 Reg M-B (Bo3)
|rated|
|rule|Species Clause: Limit one of each Pokémon
|rule|Item Clause: Limit 1 of each item
|clearpoke
|poke|p1|Blaziken, L50, M|
|poke|p1|Ninetales-Alola, L50, F, shiny|
|poke|p1|Kingambit, L50, F, shiny|
|poke|p1|Farigiraf, L50, M|
|poke|p1|Mawile, L50, M|
|poke|p1|Vivillon, L50, F, shiny|
|poke|p2|Gengar, L50, M|
|poke|p2|Sneasler, L50, F|
|poke|p2|Pelipper, L50, F|
|poke|p2|Sinistcha, L50|
|poke|p2|Meganium, L50, M|
|poke|p2|Archaludon, L50, M|
|teampreview|4
|showteam|p1|Blaziken||Blazikenite|SpeedBoost|CloseCombat,FlareBlitz,StoneEdge,Detect|Adamant||M|||50|]Ninetales-Alola||NeverMeltIce|SnowWarning|Blizzard,FreezeDry,Encore,Protect|Timid||F|||50|]Kingambit||LifeOrb|Defiant|SuckerPunch,KowtowCleave,IronHead,Protect|Adamant||F|||50|]Farigiraf||SitrusBerry|ArmorTail|HyperVoice,Psychic,TrickRoom,HelpingHand|Relaxed||M|||50|]Mawile||Mawilite|HyperCutter|PlayRough,IronHead,RockSlide,SuckerPunch|Adamant||M|||50|]Vivillon||FocusSash|CompoundEyes|SleepPowder,RagePowder,Protect,Hurricane|Timid||F|||50|
|showteam|p2|Gengar||Gengarite|CursedBody|Disable,PerishSong,Protect,ShadowBall|Timid||M|||50|]Sneasler||WhiteHerb|Unburden|Protect,DireClaw,FakeOut,CloseCombat|Adamant||F|||50|]Pelipper||FocusSash|Drizzle|Protect,Hurricane,WeatherBall,Tailwind|Bold||F|||50|]Sinistcha||SitrusBerry|Hospitality|MatchaGotcha,Protect,ShadowBall,RagePowder|Bold|||||50|]Meganium||Meganiumite|Overgrow|SolarBeam,Protect,PollenPuff,DazzlingGleam|Timid||M|||50|]Archaludon||Leftovers|Stamina|Protect,FlashCannon,ElectroShot,DragonPulse|Timid||M|||50|
|inactive|Battle timer is ON: inactive players will automatically lose when time's up. (requested by Ethan's Bleakmiss)
|inactive|Samboi37 also wants the timer to be on.
|inactive|Ethan's Bleakmiss has 60 seconds left.
|inactive|Samboi37 has 60 seconds left.
|inactive|Ethan's Bleakmiss has 30 seconds left.
|inactive|Samboi37 has 30 seconds left.
|inactive|Samboi37 has 20 seconds left.
|
|t:|1784567293
|teamsize|p1|4
|teamsize|p2|4
|start
|switch|p1a: Ninetales|Ninetales-Alola, L50, F, shiny|100/100
|switch|p1b: Farigiraf|Farigiraf, L50, M|100/100
|switch|p2a: Gengar|Gengar, L50, M|100/100
|switch|p2b: Pelipper|Pelipper, L50, F|100/100
|-weather|Snowscape|[from] ability: Snow Warning|[of] p1a: Ninetales
|-weather|RainDance|[from] ability: Drizzle|[of] p2b: Pelipper
|turn|1
|inactive|Ethan's Bleakmiss has 30 seconds left.
|inactive|Samboi37 has 30 seconds left.
|inactive|Samboi37 has 20 seconds left.
|inactive|Samboi37 has 15 seconds left.
|inactive|Samboi37 has 10 seconds left.
|
|t:|1784567341
|detailschange|p2a: Gengar|Gengar-Mega, L50, M
|-mega|p2a: Gengar|Gengar|Gengarite
|move|p2a: Gengar|Shadow Ball|p1b: Farigiraf
|-immune|p1b: Farigiraf
|move|p1a: Ninetales|Freeze-Dry|p2b: Pelipper
|-supereffective|p2b: Pelipper|2
|-enditem|p2b: Pelipper|Focus Sash
|-damage|p2b: Pelipper|1/100
|move|p2b: Pelipper|Hurricane|p1a: Ninetales
|-damage|p1a: Ninetales|57/100
|-start|p1a: Ninetales|confusion
|move|p1b: Farigiraf|Psychic|p2a: Gengar
|-supereffective|p2a: Gengar|1
|-damage|p2a: Gengar|17/100
|
|-weather|RainDance|[upkeep]
|upkeep
|turn|2
|inactive|Ethan's Bleakmiss has 30 seconds left.
|inactive|Samboi37 has 30 seconds left.
|
|t:|1784567376
|switch|p2b: Archaludon|Archaludon, L50, M|100/100
|move|p2a: Gengar|Protect|p2a: Gengar
|-singleturn|p2a: Gengar|Protect
|-activate|p1a: Ninetales|confusion
|move|p1a: Ninetales|Freeze-Dry|p2a: Gengar
|-activate|p2a: Gengar|move: Protect
|move|p1b: Farigiraf|Psychic|p2b: Archaludon
|-resisted|p2b: Archaludon|1
|-damage|p2b: Archaludon|74/100
|-ability|p2b: Archaludon|Stamina|boost
|-boost|p2b: Archaludon|def|1
|
|-weather|RainDance|[upkeep]
|-heal|p2b: Archaludon|80/100|[from] item: Leftovers
|upkeep
|turn|3
|inactive|Samboi37 has 30 seconds left.
|
|t:|1784567406
|-activate|p1a: Ninetales|confusion
|move|p1a: Ninetales|Protect|p1a: Ninetales
|-singleturn|p1a: Ninetales|Protect
|move|p2a: Gengar|Disable|p1b: Farigiraf
|-start|p1b: Farigiraf|Disable|Psychic
|move|p2b: Archaludon|Electro Shot||[still]
|-prepare|p2b: Archaludon|Electro Shot
|-boost|p2b: Archaludon|spa|1
|-anim|p2b: Archaludon|Electro Shot|p1b: Farigiraf
|-damage|p1b: Farigiraf|35/100
|-enditem|p1b: Farigiraf|Sitrus Berry|[eat]
|-heal|p1b: Farigiraf|60/100|[from] item: Sitrus Berry
|cant|p1b: Farigiraf|Disable|Psychic
|
|-weather|RainDance|[upkeep]
|-heal|p2b: Archaludon|86/100|[from] item: Leftovers
|upkeep
|turn|4
|inactive|Samboi37 has 30 seconds left.
|
|t:|1784567437
|move|p1b: Farigiraf|Helping Hand|p1a: Ninetales
|-singleturn|p1a: Ninetales|Helping Hand|[of] p1b: Farigiraf
|move|p2a: Gengar|Shadow Ball|p1a: Ninetales
|-damage|p1a: Ninetales|7/100
|-activate|p1a: Ninetales|confusion
|move|p1a: Ninetales|Freeze-Dry|p2a: Gengar
|-damage|p2a: Gengar|0 fnt
|faint|p2a: Gengar
|move|p2b: Archaludon|Electro Shot||[still]
|-prepare|p2b: Archaludon|Electro Shot
|-boost|p2b: Archaludon|spa|1
|-anim|p2b: Archaludon|Electro Shot|p1b: Farigiraf
|-damage|p1b: Farigiraf|0 fnt
|faint|p1b: Farigiraf
|
|-weather|RainDance|[upkeep]
|-heal|p2b: Archaludon|92/100|[from] item: Leftovers
|upkeep
|
|t:|1784567456
|switch|p2a: Meganium|Meganium, L50, M|100/100
|switch|p1b: Blaziken|Blaziken, L50, M|100/100
|turn|5
|
|t:|1784567476
|switch|p1a: Vivillon|Vivillon, L50, F, shiny|100/100
|move|p2b: Archaludon|Protect|p2b: Archaludon
|-singleturn|p2b: Archaludon|Protect
|move|p1b: Blaziken|Detect|p1b: Blaziken
|-singleturn|p1b: Blaziken|Protect
|move|p2a: Meganium|Dazzling Gleam|p1a: Vivillon|[spread] p1a
|-activate|p1b: Blaziken|move: Protect
|-damage|p1a: Vivillon|75/100
|
|-weather|none
|-heal|p2b: Archaludon|98/100|[from] item: Leftovers
|-ability|p1b: Blaziken|Speed Boost|boost
|-boost|p1b: Blaziken|spe|1
|upkeep
|turn|6
|inactive|Samboi37 has 30 seconds left.
|
|t:|1784567502
|switch|p2b: Pelipper|Pelipper, L50, F|1/100
|-weather|RainDance|[from] ability: Drizzle|[of] p2b: Pelipper
|detailschange|p1b: Blaziken|Blaziken-Mega, L50, M
|-mega|p1b: Blaziken|Blaziken|Blazikenite
|move|p2a: Meganium|Protect|p2a: Meganium
|-singleturn|p2a: Meganium|Protect
|move|p1b: Blaziken|Flare Blitz|p2a: Meganium
|-activate|p2a: Meganium|move: Protect
|move|p1a: Vivillon|Sleep Powder|p2b: Pelipper
|-status|p2b: Pelipper|slp|[from] move: Sleep Powder
|
|-weather|RainDance|[upkeep]
|-ability|p1b: Blaziken|Speed Boost|boost
|-boost|p1b: Blaziken|spe|1
|upkeep
|turn|7
|inactive|Samboi37 has 30 seconds left.
|inactive|Samboi37 has 20 seconds left.
|
|t:|1784567539
|switch|p1b: Ninetales|Ninetales-Alola, L50, F, shiny|7/100
|-weather|Snowscape|[from] ability: Snow Warning|[of] p1b: Ninetales
|move|p1a: Vivillon|Hurricane|p2a: Meganium
|-supereffective|p2a: Meganium|1
|-damage|p2a: Meganium|10/100
|move|p2a: Meganium|Dazzling Gleam|p1b: Ninetales|[spread] p1a,p1b
|-damage|p1a: Vivillon|54/100
|-damage|p1b: Ninetales|0 fnt
|faint|p1b: Ninetales
|cant|p2b: Pelipper|slp
|
|-weather|Snowscape|[upkeep]
|upkeep
|
|t:|1784567551
|switch|p1b: Blaziken|Blaziken-Mega, L50, M|100/100
|turn|8
|
|t:|1784567560
|switch|p2b: Archaludon|Archaludon, L50, M|98/100
|move|p2a: Meganium|Protect|p2a: Meganium
|-singleturn|p2a: Meganium|Protect
|move|p1a: Vivillon|Hurricane|p2b: Archaludon
|-resisted|p2b: Archaludon|1
|-damage|p2b: Archaludon|66/100
|-ability|p2b: Archaludon|Stamina|boost
|-boost|p2b: Archaludon|def|1
|move|p1b: Blaziken|Close Combat|p2a: Meganium
|-activate|p2a: Meganium|move: Protect
|
|-weather|Snowscape|[upkeep]
|-heal|p2b: Archaludon|72/100|[from] item: Leftovers
|-ability|p1b: Blaziken|Speed Boost|boost
|-boost|p1b: Blaziken|spe|1
|upkeep
|turn|9
|inactive|Samboi37 has 30 seconds left.
|
|t:|1784567591
|switch|p2a: Pelipper|Pelipper, L50, F|1/100 slp
|-weather|RainDance|[from] ability: Drizzle|[of] p2a: Pelipper
|move|p1b: Blaziken|Close Combat|p2a: Pelipper
|-resisted|p2a: Pelipper|1
|-damage|p2a: Pelipper|0 fnt
|-unboost|p1b: Blaziken|def|1
|-unboost|p1b: Blaziken|spd|1
|faint|p2a: Pelipper
|move|p1a: Vivillon|Sleep Powder|p2b: Archaludon
|-status|p2b: Archaludon|slp|[from] move: Sleep Powder
|cant|p2b: Archaludon|slp
|
|-weather|RainDance|[upkeep]
|-heal|p2b: Archaludon|78/100 slp|[from] item: Leftovers
|-ability|p1b: Blaziken|Speed Boost|boost
|-boost|p1b: Blaziken|spe|1
|upkeep
|
|t:|1784567607
|switch|p2a: Meganium|Meganium, L50, M|10/100
|turn|10
|
|t:|1784567620
|move|p1b: Blaziken|Close Combat|p2b: Archaludon
|-supereffective|p2b: Archaludon|1
|-damage|p2b: Archaludon|0 fnt
|-unboost|p1b: Blaziken|def|1
|-unboost|p1b: Blaziken|spd|1
|faint|p2b: Archaludon
|move|p1a: Vivillon|Hurricane|p2a: Meganium
|-supereffective|p2a: Meganium|1
|-damage|p2a: Meganium|0 fnt
|faint|p2a: Meganium
|
|win|Ethan's Bleakmiss
