|j|☆jagheter
|j|☆zoan lover
|html|jagheterzoan lover    
|uhtml|bestof|Game 3 of a best-of-3
|t:|1756996880
|gametype|doubles
|player|p1|jagheter|worker|1224
|player|p2|zoan lover|blackbelt-gen4dp|1186
|gen|9
|tier|[Gen 9] VGC 2025 Reg H (Bo3)
|rated|
|rule|Species Clause: Limit one of each Pokémon
|rule|Item Clause: Limit 1 of each item
|clearpoke
|poke|p1|Venusaur, L50, M|
|poke|p1|Sneasler, L50, M|
|poke|p1|Dondozo, L50, M|
|poke|p1|Volcarona, L50, F|
|poke|p1|Rillaboom, L50, M|
|poke|p1|Incineroar, L50, M|
|poke|p2|Sneasler, L50, F|
|poke|p2|Indeedee, L50, M|
|poke|p2|Volcarona, L50, M|
|poke|p2|Ursaluna-Bloodmoon, L50, M|
|poke|p2|Annihilape, L50, F|
|poke|p2|Tyranitar, L50, M|
|teampreview|4
|showteam|p1|Venusaur||WideLens|Chlorophyll|SleepPowder,Protect,SludgeBomb,EarthPower|||M|||50|,,,,,Ghost]Sneasler||GrassySeed|Unburden|Coaching,DireClaw,CloseCombat,Protect|||M|||50|,,,,,Stellar]Dondozo||Leftovers|Unaware|Fissure,Protect,Liquidation,Yawn|||M|||50|,,,,,Poison]Volcarona||CovertCloak|FlameBody|FieryDance,TeraBlast,QuiverDance,Protect|||F|||50|,,,,,Fairy]Rillaboom||AssaultVest|GrassySurge|FakeOut,WoodHammer,GrassyGlide,HighHorsepower|||M|||50|,,,,,Fire]Incineroar||SafetyGoggles|Intimidate|FakeOut,KnockOff,PartingShot,FlareBlitz|||M|||50|,,,,,Bug
|showteam|p2|Sneasler||PsychicSeed|Unburden|CloseCombat,DireClaw,ThroatChop,Protect|||F|||50|,,,,,Dark]Indeedee||ChoiceScarf|PsychicSurge|ExpandingForce,TeraBlast,Trick,Protect|||M|||50|,,,,,Psychic]Volcarona||SitrusBerry|FlameBody|Overheat,StruggleBug,RagePowder,Tailwind|||M|||50|,,,,,Grass]Ursaluna-Bloodmoon||LifeOrb|MindsEye|BloodMoon,HyperVoice,EarthPower,Protect|||M|||50|,,,,,Normal]Annihilape||SafetyGoggles|Defiant|CloseCombat,RageFist,Taunt,FinalGambit|||F|||50|,,,,,Fairy]Tyranitar||AssaultVest|SandStream|RockSlide,KnockOff,TeraBlast,LowKick|||M|||50|,,,,,Flying
|inactive|Battle timer is ON: inactive players will automatically lose when time's up. (requested by zoan lover)
|
|t:|1756996907
|teamsize|p1|4
|teamsize|p2|4
|start
|switch|p1a: ITOSHI|Sneasler, L50, M, shiny|100/100
|switch|p1b: PITUFO-M|Rillaboom, L50, M, shiny|100/100
|switch|p2a: Volcarona|Volcarona, L50, M|100/100
|switch|p2b: Sneasler|Sneasler, L50, F|100/100
|-fieldstart|move: Grassy Terrain|[from] ability: Grassy Surge|[of] p1b: PITUFO-M
|-enditem|p1a: ITOSHI|Grassy Seed
|-boost|p1a: ITOSHI|def|1|[from] item: Grassy Seed
|turn|1
|inactive|jagheter has 30 seconds left.
|inactive|jagheter has 20 seconds left.
|
|t:|1756996947
|-terastallize|p1b: PITUFO-M|Fire
|move|p1a: ITOSHI|Coaching|p1b: PITUFO-M
|-boost|p1b: PITUFO-M|atk|1
|-boost|p1b: PITUFO-M|def|1
|move|p2b: Sneasler|Dire Claw|p1b: PITUFO-M
|-damage|p1b: PITUFO-M|68/100
|-status|p1b: PITUFO-M|psn
|move|p2a: Volcarona|Overheat|p1b: PITUFO-M
|-resisted|p1b: PITUFO-M
|-damage|p1b: PITUFO-M|49/100 psn
|-unboost|p2a: Volcarona|spa|2
|move|p1b: PITUFO-M|High Horsepower|p2b: Sneasler
|-supereffective|p2b: Sneasler
|-damage|p2b: Sneasler|0 fnt
|faint|p2b: Sneasler
|
|-heal|p1b: PITUFO-M|55/100 psn|[from] Grassy Terrain
|-damage|p1b: PITUFO-M|43/100 psn|[from] psn
|upkeep
|
|t:|1756996968
|switch|p2b: Indeedee|Indeedee, L50, M|100/100
|-fieldstart|move: Psychic Terrain|[from] ability: Psychic Surge|[of] p2b: Indeedee
|turn|2
|
|t:|1756996992
|switch|p1b: YUKIMIYA|Incineroar, L50, M, shiny|100/100
|-ability|p1b: YUKIMIYA|Intimidate|boost
|-unboost|p2a: Volcarona|atk|1
|-unboost|p2b: Indeedee|atk|1
|move|p1a: ITOSHI|Protect|p1a: ITOSHI
|-singleturn|p1a: ITOSHI|Protect
|move|p2b: Indeedee|Trick|p1b: YUKIMIYA
|-activate|p2b: Indeedee|move: Trick|[of] p1b: YUKIMIYA
|-item|p1b: YUKIMIYA|Choice Scarf|[from] move: Trick
|-item|p2b: Indeedee|Safety Goggles|[from] move: Trick
|move|p2a: Volcarona|Tailwind|p2a: Volcarona
|-sidestart|p2: zoan lover|move: Tailwind
|
|upkeep
|turn|3
|inactive|zoan lover has 30 seconds left.
|
|t:|1756997023
|switch|p1a: PITUFO-M|Rillaboom, L50, M, shiny, tera:Fire|43/100 psn
|-fieldstart|move: Grassy Terrain|[from] ability: Grassy Surge|[of] p1a: PITUFO-M
|move|p2a: Volcarona|Overheat|p1a: PITUFO-M
|-resisted|p1a: PITUFO-M
|-damage|p1a: PITUFO-M|33/100 psn
|-unboost|p2a: Volcarona|spa|2
|move|p2b: Indeedee|Expanding Force|p1a: PITUFO-M
|-damage|p1a: PITUFO-M|6/100 psn
|move|p1b: YUKIMIYA|Knock Off|p2b: Indeedee
|-supereffective|p2b: Indeedee
|-damage|p2b: Indeedee|0 fnt
|-enditem|p2b: Indeedee|Safety Goggles|[from] move: Knock Off|[of] p1b: YUKIMIYA
|faint|p2b: Indeedee
|
|-heal|p1a: PITUFO-M|12/100 psn|[from] Grassy Terrain
|-damage|p1a: PITUFO-M|0 fnt|[from] psn
|faint|p1a: PITUFO-M
|upkeep
|
|t:|1756997043
|switch|p2b: Tyranitar|Tyranitar, L50, M|100/100
|switch|p1a: RICHI|Dondozo, L50, M, shiny|100/100
|-weather|Sandstorm|[from] ability: Sand Stream|[of] p2b: Tyranitar
|turn|4
|inactive|zoan lover has 30 seconds left.
|
|t:|1756997070
|-terastallize|p2a: Volcarona|Grass
|move|p2a: Volcarona|Rage Powder|p2a: Volcarona
|-singleturn|p2a: Volcarona|move: Rage Powder
|move|p2b: Tyranitar|Rock Slide|p1a: RICHI|[spread] p1a
|-miss|p2b: Tyranitar|p1b: YUKIMIYA
|-damage|p1a: RICHI|82/100
|move|p1b: YUKIMIYA|Knock Off|p2a: Volcarona
|-damage|p2a: Volcarona|53/100
|-enditem|p2a: Volcarona|Sitrus Berry|[from] move: Knock Off|[of] p1b: YUKIMIYA
|cant|p1a: RICHI|flinch
|
|-weather|Sandstorm|[upkeep]
|-damage|p2a: Volcarona|47/100|[from] Sandstorm
|-damage|p1b: YUKIMIYA|94/100|[from] Sandstorm
|-damage|p1a: RICHI|75/100|[from] Sandstorm
|-heal|p2a: Volcarona|53/100|[from] Grassy Terrain
|-heal|p1b: YUKIMIYA|100/100|[from] Grassy Terrain
|-heal|p1a: RICHI|82/100|[from] Grassy Terrain
|-heal|p1a: RICHI|88/100|[from] item: Leftovers
|upkeep
|turn|5
|
|t:|1756997085
|move|p2a: Volcarona|Rage Powder|p2a: Volcarona
|-singleturn|p2a: Volcarona|move: Rage Powder
|move|p2b: Tyranitar|Rock Slide|p1b: YUKIMIYA|[spread] p1a,p1b
|-supereffective|p1b: YUKIMIYA
|-damage|p1a: RICHI|70/100
|-damage|p1b: YUKIMIYA|54/100
|cant|p1b: YUKIMIYA|flinch
|move|p1a: RICHI|Yawn|p2a: Volcarona
|-start|p2a: Volcarona|move: Yawn|[of] p1a: RICHI
|
|-weather|Sandstorm|[upkeep]
|-damage|p2a: Volcarona|47/100|[from] Sandstorm
|-damage|p1b: YUKIMIYA|48/100|[from] Sandstorm
|-damage|p1a: RICHI|64/100|[from] Sandstorm
|-heal|p2a: Volcarona|53/100|[from] Grassy Terrain
|-heal|p1b: YUKIMIYA|54/100|[from] Grassy Terrain
|-heal|p1a: RICHI|70/100|[from] Grassy Terrain
|-heal|p1a: RICHI|77/100|[from] item: Leftovers
|-sideend|p2: zoan lover|move: Tailwind
|upkeep
|turn|6
|
|t:|1756997107
|move|p2a: Volcarona|Rage Powder|p2a: Volcarona
|-singleturn|p2a: Volcarona|move: Rage Powder
|move|p1b: YUKIMIYA|Knock Off|p2a: Volcarona
|-damage|p2a: Volcarona|21/100
|move|p2b: Tyranitar|Rock Slide|p1a: RICHI|[spread] p1a,p1b
|-supereffective|p1b: YUKIMIYA
|-damage|p1a: RICHI|60/100
|-damage|p1b: YUKIMIYA|0 fnt
|faint|p1b: YUKIMIYA
|cant|p1a: RICHI|flinch
|
|-weather|Sandstorm|[upkeep]
|-damage|p2a: Volcarona|15/100|[from] Sandstorm
|-damage|p1a: RICHI|54/100|[from] Sandstorm
|-heal|p2a: Volcarona|21/100|[from] Grassy Terrain
|-heal|p1a: RICHI|60/100|[from] Grassy Terrain
|-heal|p1a: RICHI|66/100|[from] item: Leftovers
|-end|p2a: Volcarona|move: Yawn|[silent]
|-status|p2a: Volcarona|slp
|upkeep
|
|t:|1756997113
|switch|p1b: ITOSHI|Sneasler, L50, M, shiny|100/100
|turn|7
|-message|zoan lover forfeited.
|
|win|jagheter
|raw|jagheter's rating: 1224 → 1246(+22 for winning)
|raw|zoan lover's rating: 1186 → 1164(-22 for losing)
|l|☆zoan lover
|player|p2|
