|j|☆Bob Ravioli
|j|☆Cristante Terabug
|html|Bob RavioliCristante Terabug    
|uhtml|bestof|Game 3 of a best-of-3
|t:|1756760542
|gametype|doubles
|player|p1|Bob Ravioli|steven|1215
|player|p2|Cristante Terabug|kieran-champion|1263
|gen|9
|tier|[Gen 9] VGC 2025 Reg H (Bo3)
|rated|
|rule|Species Clause: Limit one of each Pokémon
|rule|Item Clause: Limit 1 of each item
|clearpoke
|poke|p1|Ursaluna, L50, M|
|poke|p1|Torkoal, L50, M|
|poke|p1|Indeedee-F, L50, F|
|poke|p1|Hatterene, L50, F|
|poke|p1|Gallade, L50, M|
|poke|p1|Lilligant-Hisui, L50, F|
|poke|p2|Incineroar, L50, F|
|poke|p2|Pelipper, L50, M|
|poke|p2|Archaludon, L50, M|
|poke|p2|Dragonite, L50, M|
|poke|p2|Sinistcha, L50|
|poke|p2|Ursaluna, L50, M|
|teampreview|4
|showteam|p1|Ursaluna||FlameOrb|Guts|Protect,Facade,Earthquake,HeadlongRush|||M|||50|,,,,,Ghost]Torkoal||Charcoal|Drought|Eruption,HeatWave,WeatherBall,Protect|||M|||50|,,,,,Fire]Indeedee-F||SafetyGoggles|PsychicSurge|Psychic,FollowMe,HelpingHand,TrickRoom|||F|||50|,,,,,Water]Hatterene||CovertCloak|MagicBounce|Protect,ExpandingForce,DazzlingGleam,TrickRoom|||F|||50|,,,,,Psychic]Gallade||ClearAmulet|Sharpness|PsychoCut,SacredSword,WideGuard,TrickRoom|||M|||50|,,,,,Grass]Lilligant-Hisui||FocusSash|Chlorophyll|SolarBlade,CloseCombat,SleepPowder,AfterYou|||F|||50|,,,,,Ghost
|showteam|p2|Incineroar||SafetyGoggles|Intimidate|FakeOut,PartingShot,KnockOff,Taunt|||F|||50|,,,,,Ghost]Pelipper||FocusSash|Drizzle|Hurricane,MuddyWater,Tailwind,Protect|||M|||50|,,,,,Ghost]Archaludon||AssaultVest|Stamina|ElectroShot,Snarl,FlashCannon,BodyPress|||M|||50|,,,,,Bug]Dragonite||LoadedDice|Multiscale|ScaleShot,Tailwind,Haze,Protect|||M|||50|,,,,,Fairy]Sinistcha||SitrusBerry|Hospitality|MatchaGotcha,RagePowder,LifeDew,TrickRoom||||||50|,,,,,Dark]Ursaluna||FlameOrb|Guts|Earthquake,Facade,HeadlongRush,Protect|||M|||50|,,,,,Ghost
|inactive|Battle timer is ON: inactive players will automatically lose when time's up. (requested by Bob Ravioli)
|inactive|Cristante Terabug has 60 seconds left.
|inactive|Bob Ravioli has 60 seconds left.
|inactive|Cristante Terabug has 30 seconds left.
|
|t:|1756760605
|teamsize|p1|4
|teamsize|p2|4
|start
|switch|p1a: Indeedee|Indeedee-F, L50, F|100/100
|switch|p1b: Hatterene|Hatterene, L50, F|100/100
|switch|p2a: Silvano|Pelipper, L50, M, shiny|100/100
|switch|p2b: Olmo|Ursaluna, L50, M|100/100
|-weather|RainDance|[from] ability: Drizzle|[of] p2a: Silvano
|-fieldstart|move: Psychic Terrain|[from] ability: Psychic Surge|[of] p1a: Indeedee
|turn|1
|inactive|Cristante Terabug has 30 seconds left.
|
|t:|1756760638
|move|p2a: Silvano|Muddy Water|p1b: Hatterene|[spread] p1a,p1b
|-damage|p1a: Indeedee|59/100
|-damage|p1b: Hatterene|50/100
|-unboost|p1a: Indeedee|accuracy|1
|move|p2b: Olmo|Earthquake|p1b: Hatterene|[spread] p1a,p1b
|-immune|p2a: Silvano
|-damage|p1a: Indeedee|13/100
|-damage|p1b: Hatterene|2/100
|move|p1b: Hatterene|Expanding Force|p2a: Silvano|[spread] p2a,p2b
|-enditem|p2a: Silvano|Focus Sash
|-damage|p2a: Silvano|1/100
|-damage|p2b: Olmo|30/100
|move|p1a: Indeedee|Trick Room|p1a: Indeedee
|-fieldstart|move: Trick Room|[of] p1a: Indeedee
|
|-weather|RainDance|[upkeep]
|-status|p2b: Olmo|brn|[from] item: Flame Orb
|upkeep
|turn|2
|inactive|Cristante Terabug has 30 seconds left.
|inactive|Cristante Terabug has 20 seconds left.
|
|t:|1756760675
|switch|p1a: Gallade|Gallade, L50, M|100/100
|switch|p2a: De Marinis|Incineroar, L50, F|100/100
|-ability|p2a: De Marinis|Intimidate|boost
|-fail|p1a: Gallade|unboost|[from] item: Clear Amulet|[of] p1a: Gallade
|-unboost|p1b: Hatterene|atk|1
|move|p2b: Olmo|Protect|p2b: Olmo
|-singleturn|p2b: Olmo|Protect
|move|p1b: Hatterene|Dazzling Gleam|p2b: Olmo|[spread] p2a
|-activate|p2b: Olmo|move: Protect
|-damage|p2a: De Marinis|72/100
|
|-weather|RainDance|[upkeep]
|-damage|p2b: Olmo|24/100 brn|[from] brn
|upkeep
|turn|3
|inactive|Cristante Terabug has 30 seconds left.
|inactive|Cristante Terabug has 20 seconds left.
|inactive|Cristante Terabug has 15 seconds left.
|inactive|Cristante Terabug has 10 seconds left.
|inactive|Cristante Terabug has 5 seconds left.
|
|t:|1756760728
|switch|p2b: Paolo|Dragonite, L50, M|100/100
|-terastallize|p2a: De Marinis|Ghost
|move|p1b: Hatterene|Dazzling Gleam|p2b: Paolo|[spread] p2a,p2b
|-supereffective|p2b: Paolo
|-damage|p2a: De Marinis|40/100
|-damage|p2b: Paolo|62/100
|move|p2a: De Marinis|Knock Off|p1b: Hatterene
|-damage|p1b: Hatterene|0 fnt
|-enditem|p1b: Hatterene|Covert Cloak|[from] move: Knock Off|[of] p2a: De Marinis
|faint|p1b: Hatterene
|move|p1a: Gallade|Psycho Cut|p2a: De Marinis
|-damage|p2a: De Marinis|0 fnt
|faint|p2a: De Marinis
|
|-weather|RainDance|[upkeep]
|upkeep
|
|t:|1756760744
|switch|p1b: Indeedee|Indeedee-F, L50, F|13/100
|switch|p2a: Olmo|Ursaluna, L50, M|24/100 brn
|turn|4
|inactive|Cristante Terabug has 30 seconds left.
|
|t:|1756760772
|move|p2a: Olmo|Protect|p2a: Olmo
|-singleturn|p2a: Olmo|Protect
|move|p2b: Paolo|Protect|p2b: Paolo
|-singleturn|p2b: Paolo|Protect
|move|p1b: Indeedee|Psychic|p2a: Olmo
|-activate|p2a: Olmo|move: Protect
|move|p1a: Gallade|Psycho Cut|p2b: Paolo
|-activate|p2b: Paolo|move: Protect
|
|-weather|RainDance|[upkeep]
|-damage|p2a: Olmo|18/100 brn|[from] brn
|upkeep
|turn|5
|
|t:|1756760785
|switch|p2a: Silvano|Pelipper, L50, M, shiny|1/100
|move|p2b: Paolo|Protect||[still]
|-fail|p2b: Paolo
|move|p1b: Indeedee|Psychic|p2a: Silvano
|-damage|p2a: Silvano|0 fnt
|faint|p2a: Silvano
|move|p1a: Gallade|Psycho Cut|p2b: Paolo
|-damage|p2b: Paolo|0 fnt
|faint|p2b: Paolo
|
|-weather|none
|-fieldend|move: Trick Room
|-fieldend|move: Psychic Terrain
|upkeep
|
|t:|1756760795
|switch|p2b: Olmo|Ursaluna, L50, M|18/100 brn
|turn|6
|
|t:|1756760808
|move|p1a: Gallade|Wide Guard|p1a: Gallade
|-singleturn|p1a: Gallade|Wide Guard
|move|p2b: Olmo|Earthquake|p1b: Indeedee|[spread] 
|-activate|p1a: Gallade|move: Wide Guard
|-activate|p1b: Indeedee|move: Wide Guard
|move|p1b: Indeedee|Psychic|p2b: Olmo
|-damage|p2b: Olmo|0 fnt
|faint|p2b: Olmo
|
|win|Bob Ravioli
|raw|Bob Ravioli's rating: 1215 → 1243(+28 for winning)
|raw|Cristante Terabug's rating: 1263 → 1235(-28 for losing)
