|j|☆magic 561
|j|‽Livnlarge27
|html|magic 561Livnlarge27    
|uhtml|bestof|Game 2 of a best-of-3
|t:|1755272609
|gametype|doubles
|player|p1|magic 561|2|1256
|player|p2|Livnlarge27|red|1370
|gen|9
|tier|[Gen 9] VGC 2025 Reg H (Bo3)
|rated|
|rule|Species Clause: Limit one of each Pokémon
|rule|Item Clause: Limit 1 of each item
|clearpoke
|poke|p1|Hydreigon, L50, F|
|poke|p1|Metagross, L50|
|poke|p1|Ninetales-Alola, L50, M|
|poke|p1|Sneasler, L50, F|
|poke|p1|Milotic, L50, M|
|poke|p1|Incineroar, L50, F|
|poke|p2|Blastoise, L50, M|
|poke|p2|Whimsicott, L50, M|
|poke|p2|Dragapult, L50, F|
|poke|p2|Pelipper, L50, F|
|poke|p2|Archaludon, L50, F|
|poke|p2|Tauros-Paldea-Blaze, L50, M|
|teampreview|4
|showteam|p1|Hydreigon||LifeOrb|Levitate|DarkPulse,DracoMeteor,EarthPower,Protect|||F|||50|,,,,,Poison]Metagross||AssaultVest|ClearBody|BulletPunch,HeavySlam,PsychicFangs,HammerArm||||||50|,,,,,Water]Ninetales-Alola||FocusSash|SnowWarning|Moonblast,IcyWind,Blizzard,Protect|||M|||50|,,,,,Ice]Sneasler||WhiteHerb|Unburden|CloseCombat,Coaching,DireClaw,Protect|||F|||50|,,,,,Ghost]Milotic||Leftovers|Competitive|Scald,Protect,Recover,Haze|||M|||50|,,,,,Poison]Incineroar||SitrusBerry|Intimidate|KnockOff,FlareBlitz,PartingShot,FakeOut|||F|||50|,,,,,Ghost
|showteam|p2|Blastoise||MysticWater|Torrent|Protect,ShellSmash,WaterSpout,WaterPledge|||M|||50|,,,,,Water]Whimsicott||CovertCloak|Prankster|Tailwind,Taunt,Moonblast,Encore|||M|||50|,,,,,Dark]Dragapult||ChoiceBand|ClearBody|DragonDarts,Uturn,PhantomForce,Curse|||F|||50|,,,,,Dragon]Pelipper||FocusSash|Drizzle|Hurricane,WeatherBall,Protect,Tailwind|||F|||50|,,,,,Fairy]Archaludon||AssaultVest|Stamina|ElectroShot,DracoMeteor,FlashCannon,BodyPress|||F|||50|,,,,,Grass]Tauros-Paldea-Blaze||LifeOrb|Intimidate|CloseCombat,RagingBull,Protect,RockSlide|||M|||50|,,,,,Fairy
|inactive|Battle timer is ON: inactive players will automatically lose when time's up. (requested by magic 561)
|inactive|magic 561 has 60 seconds left.
|inactive|Livnlarge27 has 60 seconds left.
|
|t:|1755272666
|teamsize|p1|4
|teamsize|p2|4
|start
|switch|p1a: Sneasler|Sneasler, L50, F|100/100
|switch|p1b: Hydreigon|Hydreigon, L50, F|100/100
|switch|p2a: Dragapult|Dragapult, L50, F|100/100
|switch|p2b: Archaludon|Archaludon, L50, F|100/100
|turn|1
|inactive|Livnlarge27 has 30 seconds left.
|inactive|Livnlarge27 has 20 seconds left.
|
|t:|1755272702
|switch|p2b: Tauros|Tauros-Paldea-Blaze, L50, M|100/100
|-ability|p2b: Tauros|Intimidate|boost
|-unboost|p1a: Sneasler|atk|1
|-unboost|p1b: Hydreigon|atk|1
|-enditem|p1a: Sneasler|White Herb
|-clearnegativeboost|p1a: Sneasler|[silent]
|-terastallize|p2a: Dragapult|Dragon
|move|p1a: Sneasler|Protect|p1a: Sneasler
|-singleturn|p1a: Sneasler|Protect
|move|p1b: Hydreigon|Protect|p1b: Hydreigon
|-singleturn|p1b: Hydreigon|Protect
|move|p2a: Dragapult|Dragon Darts|p1a: Sneasler
|-activate|p1b: Hydreigon|move: Protect
|
|upkeep
|turn|2
|inactive|magic 561 has 30 seconds left.
|inactive|magic 561 has 20 seconds left.
|inactive|magic 561 has 15 seconds left.
|inactive|magic 561 has 10 seconds left.
|
|t:|1755272750
|switch|p1b: Milotic|Milotic, L50, M|100/100
|move|p1a: Sneasler|Close Combat|p2a: Dragapult
|-damage|p2a: Dragapult|12/100
|-unboost|p1a: Sneasler|def|1
|-unboost|p1a: Sneasler|spd|1
|move|p2a: Dragapult|Dragon Darts|p1a: Sneasler
|-damage|p1a: Sneasler|0 fnt
|-anim|p2a: Dragapult|Dragon Darts|p1b: Milotic
|-crit|p1b: Milotic
|-damage|p1b: Milotic|25/100
|faint|p1a: Sneasler
|move|p2b: Tauros|Raging Bull|p1b: Milotic
|-resisted|p1b: Milotic
|-damage|p1b: Milotic|0 fnt
|faint|p1b: Milotic
|-damage|p2b: Tauros|91/100|[from] item: Life Orb
|
|upkeep
|
|t:|1755272760
|switch|p1a: Ninetales|Ninetales-Alola, L50, M|100/100
|switch|p1b: Hydreigon|Hydreigon, L50, F|100/100
|-weather|Snowscape|[from] ability: Snow Warning|[of] p1a: Ninetales
|turn|3
|
|t:|1755272781
|switch|p2a: Pelipper|Pelipper, L50, F|100/100
|-weather|RainDance|[from] ability: Drizzle|[of] p2a: Pelipper
|-terastallize|p1b: Hydreigon|Poison
|move|p1a: Ninetales|Icy Wind|p2a: Pelipper|[spread] p2a,p2b
|-resisted|p2b: Tauros
|-damage|p2a: Pelipper|74/100
|-damage|p2b: Tauros|79/100
|-unboost|p2a: Pelipper|spe|1
|-unboost|p2b: Tauros|spe|1
|move|p1b: Hydreigon|Earth Power|p2b: Tauros
|-supereffective|p2b: Tauros
|-damage|p2b: Tauros|0 fnt
|faint|p2b: Tauros
|-damage|p1b: Hydreigon|91/100|[from] item: Life Orb
|
|-weather|RainDance|[upkeep]
|upkeep
|
|t:|1755272796
|switch|p2b: Archaludon|Archaludon, L50, F|100/100
|turn|4
|inactive|magic 561 has 30 seconds left.
|
|t:|1755272826
|move|p1a: Ninetales|Moonblast|p2b: Archaludon
|-damage|p2b: Archaludon|70/100
|-ability|p2b: Archaludon|Stamina|boost
|-boost|p2b: Archaludon|def|1
|move|p1b: Hydreigon|Earth Power|p2b: Archaludon
|-supereffective|p2b: Archaludon
|-damage|p2b: Archaludon|0 fnt
|faint|p2b: Archaludon
|-damage|p1b: Hydreigon|81/100|[from] item: Life Orb
|move|p2a: Pelipper|Tailwind|p2a: Pelipper
|-sidestart|p2: Livnlarge27|move: Tailwind
|
|-weather|RainDance|[upkeep]
|upkeep
|
|t:|1755272836
|switch|p2b: Dragapult|Dragapult, L50, F, tera:Dragon|12/100
|turn|5
|
|t:|1755272853
|move|p1b: Hydreigon|Protect|p1b: Hydreigon
|-singleturn|p1b: Hydreigon|Protect
|move|p2b: Dragapult|Dragon Darts|p1b: Hydreigon
|-immune|p1a: Ninetales
|move|p1a: Ninetales|Icy Wind|p2a: Pelipper|[spread] p2a,p2b
|-supereffective|p2b: Dragapult
|-damage|p2a: Pelipper|43/100
|-damage|p2b: Dragapult|0 fnt
|-unboost|p2a: Pelipper|spe|1
|faint|p2b: Dragapult
|move|p2a: Pelipper|Hurricane|p1a: Ninetales
|-damage|p1a: Ninetales|40/100
|
|-weather|RainDance|[upkeep]
|upkeep
|turn|6
|-message|Livnlarge27 forfeited.
|
|win|magic 561
|raw|magic 561's rating: 1256 → 1289(+33 for winning)
|raw|Livnlarge27's rating: 1370 → 1344(-26 for losing)
|l|‽Livnlarge27
|player|p2|
|c|☆magic 561|gg wp
