|j|☆mczenith
|j|☆trundlorb
|html|mczenithtrundlorb    
|uhtml|bestof|Game 3 of a best-of-3
|t:|1785904517
|gametype|doubles
|player|p1|mczenith|266|1041
|player|p2|trundlorb|170|1049
|gen|9
|tier|[Gen 9 Champions] VGC 2026 Reg M-B (Bo3)
|rated|
|rule|Species Clause: Limit one of each Pokémon
|rule|Item Clause: Limit 1 of each item
|clearpoke
|poke|p1|Basculegion, L50, M|
|poke|p1|Sinistcha, L50|
|poke|p1|Gardevoir, L50, M|
|poke|p1|Incineroar, L50, M|
|poke|p1|Aerodactyl, L50, M|
|poke|p1|Charizard, L50, F|
|poke|p2|Raichu, L50, F|
|poke|p2|Staraptor, L50, F|
|poke|p2|Arcanine-Hisui, L50, M|
|poke|p2|Farigiraf, L50, M|
|poke|p2|Sylveon, L50, F|
|poke|p2|Kingambit, L50, M|
|teampreview|4
|showteam|p1|Basculegion||ChoiceScarf|Adaptability|AquaJet,FlipTurn,WaveCrash,LastRespects|Adamant||M|||50|]Sinistcha||BrightPowder|Hospitality|MatchaGotcha,LifeDew,RagePowder,StrengthSap|Bold|||||50|]Gardevoir||Gardevoirite|Trace|CalmMind,PsychicNoise,HyperVoice,Protect|Timid||M|||50|]Incineroar||SitrusBerry|Intimidate|FakeOut,BulkUp,DarkestLariat,BatonPass|Brave||M|||50|]Aerodactyl||FocusSash|Pressure|Tailwind,WideGuard,DualWingbeat,RockSlide|Jolly||M|||50|]Charizard||CharizarditeX|Blaze|FlameCharge,FlareBlitz,RockSlide,SwordsDance|Jolly||F|||50|
|showteam|p2|Raichu||RaichuniteY|LightningRod|ZapCannon,FocusBlast,FakeOut,Protect|Timid||F|||50|]Staraptor||Staraptite|Intimidate|CloseCombat,DualWingbeat,Tailwind,Protect|Jolly||F|||50|]Arcanine-Hisui||FocusSash|RockHead|FlareBlitz,HeadSmash,ExtremeSpeed,Protect|Jolly||M|||50|]Farigiraf||SitrusBerry|ArmorTail|Psychic,HelpingHand,TrickRoom,Protect|Calm||M|||50|]Sylveon||FairyFeather|Pixilate|HyperVoice,QuickAttack,HyperBeam,Detect|Modest||F|||50|]Kingambit||LifeOrb|Defiant|KowtowCleave,SuckerPunch,SwordsDance,Protect|Adamant||M|||50|
|inactive|Battle timer is ON: inactive players will automatically lose when time's up. (requested by mczenith)
|inactive|trundlorb also wants the timer to be on.
|
|t:|1785904541
|teamsize|p1|4
|teamsize|p2|4
|start
|switch|p1a: Charizard|Charizard, L50, F|100/100
|switch|p1b: Incineroar|Incineroar, L50, M|100/100
|switch|p2a: Kingambit|Kingambit, L50, M|100/100
|switch|p2b: Farigiraf|Farigiraf, L50, M|100/100
|-ability|p1b: Incineroar|Intimidate|boost
|-unboost|p2a: Kingambit|atk|1
|-ability|p2a: Kingambit|Defiant|boost
|-boost|p2a: Kingambit|atk|2
|-unboost|p2b: Farigiraf|atk|1
|turn|1
|inactive|trundlorb has 30 seconds left.
|inactive|trundlorb has 20 seconds left.
|inactive|trundlorb has 15 seconds left.
|inactive|trundlorb has 10 seconds left.
|
|t:|1785904589
|switch|p2a: Arcanine|Arcanine-Hisui, L50, M|100/100
|move|p1a: Charizard|Swords Dance|p1a: Charizard
|-boost|p1a: Charizard|atk|2
|move|p2b: Farigiraf|Psychic|p1a: Charizard
|-damage|p1a: Charizard|57/100
|move|p1b: Incineroar|Bulk Up|p1b: Incineroar
|-boost|p1b: Incineroar|atk|1
|-boost|p1b: Incineroar|def|1
|
|upkeep
|turn|2
|
|t:|1785904613
|switch|p1a: Sinistcha|Sinistcha, L50|100/100
|move|p2a: Arcanine|Head Smash|p1a: Sinistcha
|-damage|p1a: Sinistcha|46/100
|move|p2b: Farigiraf|Psychic|p1a: Sinistcha
|-damage|p1a: Sinistcha|5/100
|move|p1b: Incineroar|Darkest Lariat|p2a: Arcanine
|-damage|p2a: Arcanine|20/100y
|
|upkeep
|turn|3
|
|t:|1785904634
|switch|p2a: Staraptor|Staraptor, L50, F|100/100
|-ability|p2a: Staraptor|Intimidate|boost
|-unboost|p1a: Sinistcha|atk|1
|-unboost|p1b: Incineroar|atk|1
|move|p1a: Sinistcha|Rage Powder|p1a: Sinistcha
|-singleturn|p1a: Sinistcha|move: Rage Powder
|move|p2b: Farigiraf|Psychic|p1a: Sinistcha
|-damage|p1a: Sinistcha|0 fnt
|faint|p1a: Sinistcha
|move|p1b: Incineroar|Bulk Up|p1b: Incineroar
|-boost|p1b: Incineroar|atk|1
|-boost|p1b: Incineroar|def|1
|
|upkeep
|
|t:|1785904641
|switch|p1a: Basculegion|Basculegion, L50, M|100/100
|turn|4
|inactive|mczenith has 30 seconds left.
|inactive|trundlorb has 30 seconds left.
|
|t:|1785904670
|detailschange|p2a: Staraptor|Staraptor-Mega, L50, F
|-mega|p2a: Staraptor|Staraptor|Staraptite
|move|p2b: Farigiraf|Helping Hand|p2a: Staraptor
|-singleturn|p2a: Staraptor|Helping Hand|[of] p2b: Farigiraf
|move|p1a: Basculegion|Wave Crash|p2a: Staraptor
|-damage|p2a: Staraptor|15/100
|-damage|p1a: Basculegion|75/100|[from] Recoil
|move|p2a: Staraptor|Close Combat|p1b: Incineroar
|-supereffective|p1b: Incineroar|1
|-damage|p1b: Incineroar|18/100
|-boost|p2a: Staraptor|def|1
|-boost|p2a: Staraptor|spd|1
|-enditem|p1b: Incineroar|Sitrus Berry|[eat]
|-heal|p1b: Incineroar|43/100|[from] item: Sitrus Berry
|move|p1b: Incineroar|Baton Pass|p1b: Incineroar
|
|t:|1785904678
|switch|p1b: Charizard|Charizard, L50, F|57/100|[from] Baton Pass
|
|upkeep
|turn|5
|
|t:|1785904696
|detailschange|p1b: Charizard|Charizard-Mega-X, L50, F
|-mega|p1b: Charizard|Charizard|Charizardite X
|move|p2a: Staraptor|Protect|p2a: Staraptor
|-singleturn|p2a: Staraptor|Protect
|move|p1a: Basculegion|Wave Crash|p2a: Staraptor
|-activate|p2a: Staraptor|move: Protect
|move|p1b: Charizard|Flame Charge|p2b: Farigiraf
|-damage|p2b: Farigiraf|56/100
|-boost|p1b: Charizard|spe|1
|move|p2b: Farigiraf|Trick Room|p2b: Farigiraf
|-fieldstart|move: Trick Room|[of] p2b: Farigiraf
|
|upkeep
|turn|6
|
|t:|1785904714
|move|p2b: Farigiraf|Helping Hand|p2a: Staraptor
|-singleturn|p2a: Staraptor|Helping Hand|[of] p2b: Farigiraf
|move|p2a: Staraptor|Close Combat|p1b: Charizard
|-damage|p1b: Charizard|7/100
|-boost|p2a: Staraptor|def|1
|-boost|p2a: Staraptor|spd|1
|move|p1a: Basculegion|Wave Crash|p2a: Staraptor
|-damage|p2a: Staraptor|0 fnt
|faint|p2a: Staraptor
|-damage|p1a: Basculegion|70/100|[from] Recoil
|move|p1b: Charizard|Rock Slide|p2b: Farigiraf
|-damage|p2b: Farigiraf|25/100
|-enditem|p2b: Farigiraf|Sitrus Berry|[eat]
|-heal|p2b: Farigiraf|50/100g|[from] item: Sitrus Berry
|
|upkeep
|
|t:|1785904732
|switch|p2a: Kingambit|Kingambit, L50, M|100/100
|turn|7
|
|t:|1785904741
|move|p2a: Kingambit|Sucker Punch|p1a: Basculegion
|-supereffective|p1a: Basculegion|1
|-damage|p1a: Basculegion|0 fnt
|faint|p1a: Basculegion
|-damage|p2a: Kingambit|90/100|[from] item: Life Orb
|move|p2b: Farigiraf|Psychic|p1b: Charizard
|-damage|p1b: Charizard|0 fnt
|faint|p1b: Charizard
|
|upkeep
|
|t:|1785904747
|switch|p1b: Incineroar|Incineroar, L50, M|43/100
|-ability|p1b: Incineroar|Intimidate|boost
|-unboost|p2a: Kingambit|atk|1
|-ability|p2a: Kingambit|Defiant|boost
|-boost|p2a: Kingambit|atk|2
|-unboost|p2b: Farigiraf|atk|1
|turn|8
|-message|mczenith forfeited.
|
|win|trundlorb
|raw|mczenith's rating: 1041 → 1025(-16 for losing)
|raw|trundlorb's rating: 1049 → 1081(+32 for winning)
|l|☆mczenith
|player|p1|
