|j|☆ToastedArt
|j|☆Adam2E
|html|ToastedArtAdam2E    
|uhtml|bestof|Game 1 of a best-of-3
|t:|1784399186
|gametype|doubles
|player|p1|ToastedArt|iris|1065
|player|p2|Adam2E|1|1186
|gen|9
|tier|[Gen 9 Champions] VGC 2026 Reg M-B (Bo3)
|rated|
|rule|Species Clause: Limit one of each Pokémon
|rule|Item Clause: Limit 1 of each item
|clearpoke
|poke|p1|Falinks, L50, shiny|
|poke|p1|Gholdengo, L50|
|poke|p1|Hydreigon, L50, F, shiny|
|poke|p1|Sneasler, L50, F|
|poke|p1|Talonflame, L50, F, shiny|
|poke|p1|Kingambit, L50, M|
|poke|p2|Whimsicott, L50, F|
|poke|p2|Staraptor, L50, M|
|poke|p2|Rotom-Wash, L50|
|poke|p2|Archaludon, L50, F|
|poke|p2|Basculegion, L50, M|
|poke|p2|Incineroar, L50, F|
|teampreview|4
|showteam|p1|Falinks||Falinksite|Defiant|NoRetreat,BulkUp,CloseCombat,Protect|Careful|||||50|]Gholdengo||SpellTag|GoodasGold|MakeItRain,ShadowBall,NastyPlot,Protect|Modest|||||50|]Hydreigon||LifeOrb|Levitate|DracoMeteor,Snarl,EarthPower,DarkPulse|Modest||F|||50|]Sneasler||FocusSash|PoisonTouch|CloseCombat,PoisonJab,Coaching,FakeOut|Jolly||F|||50|]Talonflame||SharpBeak|GaleWings|BraveBird,Tailwind,Uturn,QuickGuard|Adamant||F|||50|]Kingambit||BlackGlasses|Defiant|KowtowCleave,SuckerPunch,SwordsDance,Protect|Adamant||M|||50|
|showteam|p2|Whimsicott||FocusSash|Prankster|Tailwind,Encore,Protect,Moonblast|Timid||F|||50|]Staraptor||Staraptite|Intimidate|BraveBird,CloseCombat,Roost,Protect|Jolly||M|||50|]Rotom-Wash||Leftovers|Levitate|WillOWisp,Protect,Thunderbolt,HydroPump|Calm|||||50|]Archaludon||LifeOrb|Stamina|DragonPulse,FlashCannon,ElectroShot,Protect|Modest||F|||50|]Basculegion||ChoiceScarf|Adaptability|LastRespects,FlipTurn,AquaJet,WaveCrash|Adamant||M|||50|]Incineroar||SitrusBerry|Intimidate|FakeOut,PartingShot,DarkestLariat,Protect|Careful||F|||50|
|inactive|Battle timer is ON: inactive players will automatically lose when time's up. (requested by ToastedArt)
|inactive|ToastedArt has 60 seconds left.
|inactive|Adam2E has 60 seconds left.
|
|t:|1784399246
|teamsize|p1|4
|teamsize|p2|4
|start
|switch|p1a: Sneasler|Sneasler, L50, F|100/100
|switch|p1b: Falinks|Falinks, L50, shiny|100/100
|switch|p2a: Basculegion|Basculegion, L50, M|100/100
|switch|p2b: Whimsicott|Whimsicott, L50, F|100/100
|turn|1
|inactive|ToastedArt has 30 seconds left.
|
|t:|1784399272
|move|p2b: Whimsicott|Protect|p2b: Whimsicott
|-singleturn|p2b: Whimsicott|Protect
|move|p1b: Falinks|Protect|p1b: Falinks
|-singleturn|p1b: Falinks|Protect
|move|p2a: Basculegion|Flip Turn|p1a: Sneasler
|-damage|p1a: Sneasler|27/100
|
|t:|1784399282
|switch|p2a: Staraptor|Staraptor, L50, M|100/100|[from] Flip Turn
|-ability|p2a: Staraptor|Intimidate|boost
|-unboost|p1a: Sneasler|atk|1
|-unboost|p1b: Falinks|atk|1
|-ability|p1b: Falinks|Defiant|boost
|-boost|p1b: Falinks|atk|2
|move|p1a: Sneasler|Poison Jab|p2b: Whimsicott
|-activate|p2b: Whimsicott|move: Protect
|
|upkeep
|turn|2
|
|t:|1784399306
|switch|p1b: Gholdengo|Gholdengo, L50|100/100
|detailschange|p2a: Staraptor|Staraptor-Mega, L50, M
|-mega|p2a: Staraptor|Staraptor|Staraptite
|move|p2b: Whimsicott|Encore|p1b: Gholdengo
|-immune|p1b: Gholdengo|[from] ability: Good as Gold
|move|p1a: Sneasler|Poison Jab|p2b: Whimsicott
|-supereffective|p2b: Whimsicott|2
|-enditem|p2b: Whimsicott|Focus Sash
|-damage|p2b: Whimsicott|1/100
|-status|p2b: Whimsicott|psn|[from] ability: Poison Touch|[of] p1a: Sneasler
|move|p2a: Staraptor|Close Combat|p1a: Sneasler
|-resisted|p1a: Sneasler|1
|-damage|p1a: Sneasler|0 fnt
|-boost|p2a: Staraptor|def|1
|-boost|p2a: Staraptor|spd|1
|faint|p1a: Sneasler
|
|-damage|p2b: Whimsicott|0 fnt|[from] psn
|faint|p2b: Whimsicott
|upkeep
|
|t:|1784399318
|switch|p1a: Talonflame|Talonflame, L50, F, shiny|100/100
|switch|p2b: Basculegion|Basculegion, L50, M|100/100
|turn|3
|
|t:|1784399327
|move|p1a: Talonflame|Tailwind|p1a: Talonflame
|-sidestart|p1: ToastedArt|move: Tailwind
|move|p1b: Gholdengo|Shadow Ball|p2b: Basculegion
|-supereffective|p2b: Basculegion|1
|-damage|p2b: Basculegion|0 fnt
|faint|p2b: Basculegion
|move|p2a: Staraptor|Brave Bird|p1a: Talonflame
|-damage|p1a: Talonflame|0 fnt
|faint|p1a: Talonflame
|-damage|p2a: Staraptor|68/100|[from] Recoil
|
|upkeep
|
|t:|1784399334
|switch|p1a: Falinks|Falinks, L50, shiny|100/100
|switch|p2b: Rotom|Rotom-Wash, L50|100/100
|turn|4
|
|t:|1784399345
|detailschange|p1a: Falinks|Falinks-Mega, L50, shiny
|-mega|p1a: Falinks|Falinks|Falinksite
|move|p1a: Falinks|No Retreat|p1a: Falinks
|-boost|p1a: Falinks|atk|1
|-boost|p1a: Falinks|def|1
|-boost|p1a: Falinks|spa|1
|-boost|p1a: Falinks|spd|1
|-boost|p1a: Falinks|spe|1
|-start|p1a: Falinks|move: No Retreat
|move|p1b: Gholdengo|Nasty Plot|p1b: Gholdengo
|-boost|p1b: Gholdengo|spa|2
|move|p2a: Staraptor|Close Combat|p1a: Falinks
|-damage|p1a: Falinks|62/100
|-boost|p2a: Staraptor|def|1
|-boost|p2a: Staraptor|spd|1
|move|p2b: Rotom|Thunderbolt|p1b: Gholdengo
|-damage|p1b: Gholdengo|63/100
|-status|p1b: Gholdengo|par
|
|upkeep
|turn|5
|inactive|Adam2E has 30 seconds left.
|inactive|Adam2E has 20 seconds left.
|inactive|Adam2E has 15 seconds left.
|inactive|Adam2E has 10 seconds left.
|
|t:|1784399393
|move|p2b: Rotom|Protect|p2b: Rotom
|-singleturn|p2b: Rotom|Protect
|move|p1a: Falinks|Close Combat|p2b: Rotom
|-activate|p2b: Rotom|move: Protect
|move|p2a: Staraptor|Brave Bird|p1a: Falinks
|-supereffective|p1a: Falinks|1
|-crit|p1a: Falinks
|-damage|p1a: Falinks|0 fnt
|faint|p1a: Falinks
|-damage|p2a: Staraptor|50/100y|[from] Recoil
|move|p1b: Gholdengo|Shadow Ball|p2b: Rotom
|-activate|p2b: Rotom|move: Protect
|
|upkeep
|turn|6
|
|t:|1784399409
|move|p2a: Staraptor|Protect|p2a: Staraptor
|-singleturn|p2a: Staraptor|Protect
|move|p1b: Gholdengo|Shadow Ball|p2b: Rotom
|-damage|p2b: Rotom|1/100
|move|p2b: Rotom|Thunderbolt|p1b: Gholdengo
|-damage|p1b: Gholdengo|22/100 par
|
|-heal|p2b: Rotom|6/100|[from] item: Leftovers
|-sideend|p1: ToastedArt|move: Tailwind
|upkeep
|turn|7
|
|t:|1784399418
|move|p2b: Rotom|Protect|p2b: Rotom
|-singleturn|p2b: Rotom|Protect
|move|p2a: Staraptor|Roost|p2a: Staraptor
|-heal|p2a: Staraptor|100/100
|-singleturn|p2a: Staraptor|move: Roost
|move|p1b: Gholdengo|Shadow Ball|p2a: Staraptor
|-damage|p2a: Staraptor|30/100
|-boost|p2a: Staraptor|spd|1
|
|-heal|p2b: Rotom|12/100|[from] item: Leftovers
|upkeep
|turn|8
|
|t:|1784399428
|move|p2a: Staraptor|Brave Bird|p1b: Gholdengo
|-resisted|p1b: Gholdengo|1
|-damage|p1b: Gholdengo|0 fnt
|faint|p1b: Gholdengo
|-damage|p2a: Staraptor|23/100|[from] Recoil
|
|win|Adam2E
