|j|☆balance bro
|j|☆capspungo
|html|balance brocapspungo    
|uhtml|bestof|Game 3 of a best-of-3
|t:|1756851756
|gametype|doubles
|player|p1|balance bro|buck|1167
|player|p2|capspungo|101|1257
|gen|9
|tier|[Gen 9] VGC 2025 Reg H (Bo3)
|rated|
|rule|Species Clause: Limit one of each Pokémon
|rule|Item Clause: Limit 1 of each item
|clearpoke
|poke|p1|Porygon2, L50|
|poke|p1|Hydreigon, L50, F|
|poke|p1|Incineroar, L50, F|
|poke|p1|Garchomp, L50, F|
|poke|p1|Amoonguss, L50, M|
|poke|p1|Gholdengo, L50|
|poke|p2|Toedscruel, L50, M|
|poke|p2|Weezing-Galar, L50, F|
|poke|p2|Pawmot, L50, F|
|poke|p2|Typhlosion-Hisui, L50, F|
|poke|p2|Corviknight, L50, F|
|poke|p2|Garchomp, L50, F|
|teampreview|4
|showteam|p1|Porygon2||Eviolite|Download|TeraBlast,IceBeam,TrickRoom,Recover||||||50|,,,,,Fighting]Hydreigon||SafetyGoggles|Levitate|Snarl,DracoMeteor,Tailwind,Protect|||F|||50|,,,,,Ghost]Incineroar||SitrusBerry|Intimidate|FlareBlitz,KnockOff,PartingShot,FakeOut|||F|||50|,,,,,Grass]Garchomp||LoadedDice|RoughSkin|ScaleShot,Earthquake,StompingTantrum,Protect|||F|||50|,,,,,Fire]Amoonguss||CovertCloak|Regenerator|PollenPuff,Spore,RagePowder,Protect|||M|||50|,,,,,Fire]Gholdengo||MetalCoat|GoodasGold|MakeItRain,ShadowBall,NastyPlot,Protect||||||50|,,,,,Flying
|showteam|p2|Toedscruel||CovertCloak|MyceliumMight|RagePowder,Spore,EarthPower,AcidSpray|||M|||50|,,,,,Water]Weezing-Galar||ChoiceSpecs|NeutralizingGas|DazzlingGleam,SludgeBomb,StrangeSteam,Flamethrower|||F|||50|,,,,,Fire]Pawmot||FocusSash|NaturalCure|FakeOut,CloseCombat,DoubleShock,Protect|||F|||50|,,,,,Electric]Typhlosion-Hisui||ChoiceScarf|Blaze|Eruption,ShadowBall,HeatWave,SleepTalk|||F|||50|,,,,,Fire]Corviknight||SitrusBerry|MirrorArmor|BraveBird,Tailwind,Protect,Roost|||F|||50|,,,,,Dragon]Garchomp||LifeOrb|RoughSkin|Earthquake,StompingTantrum,DragonClaw,Protect|||F|||50|,,,,,Ground
|
|t:|1756851782
|teamsize|p1|4
|teamsize|p2|4
|start
|switch|p1a: Garchomp|Garchomp, L50, F, shiny|100/100
|switch|p1b: Hydreigon|Hydreigon, L50, F, shiny|100/100
|switch|p2a: Pawmot|Pawmot, L50, F|100/100
|switch|p2b: Typhlosion|Typhlosion-Hisui, L50, F|100/100
|turn|1
|inactive|Battle timer is ON: inactive players will automatically lose when time's up. (requested by capspungo)
|
|t:|1756851809
|-terastallize|p2a: Pawmot|Electric
|move|p2b: Typhlosion|Heat Wave|p1a: Garchomp|[spread] p1a,p1b
|-resisted|p1a: Garchomp
|-resisted|p1b: Hydreigon
|-damage|p1a: Garchomp|81/100
|-damage|p1b: Hydreigon|79/100
|-status|p1a: Garchomp|brn
|move|p2a: Pawmot|Double Shock|p1b: Hydreigon
|-resisted|p1b: Hydreigon
|-damage|p1b: Hydreigon|36/100
|-start|p2a: Pawmot|typechange|Electric|[from] move: Double Shock
|move|p1b: Hydreigon|Tailwind|p1b: Hydreigon
|-sidestart|p1: balance bro|move: Tailwind
|move|p1a: Garchomp|Earthquake|p2b: Typhlosion|[spread] p2a,p2b
|-immune|p1b: Hydreigon|[from] ability: Levitate
|-supereffective|p2a: Pawmot
|-supereffective|p2b: Typhlosion
|-damage|p2a: Pawmot|32/100
|-damage|p2b: Typhlosion|35/100
|
|-damage|p1a: Garchomp|75/100 brn|[from] brn
|upkeep
|turn|2
|inactive|balance bro has 30 seconds left.
|
|t:|1756851840
|switch|p2a: Corviknight|Corviknight, L50, F|100/100
|move|p1b: Hydreigon|Protect|p1b: Hydreigon
|-singleturn|p1b: Hydreigon|Protect
|move|p1a: Garchomp|Earthquake|p2a: Corviknight|[spread] p2b
|-activate|p1b: Hydreigon|move: Protect
|-immune|p2a: Corviknight
|-supereffective|p2b: Typhlosion
|-damage|p2b: Typhlosion|0 fnt
|faint|p2b: Typhlosion
|
|-damage|p1a: Garchomp|69/100 brn|[from] brn
|upkeep
|
|t:|1756851854
|switch|p2b: Garchomp|Garchomp, L50, F|100/100
|turn|3
|
|t:|1756851868
|switch|p1b: Porygon2|Porygon2, L50, shiny|100/100
|-ability|p1b: Porygon2|Download|boost
|-boost|p1b: Porygon2|spa|1
|move|p2b: Garchomp|Protect|p2b: Garchomp
|-singleturn|p2b: Garchomp|Protect
|move|p1a: Garchomp|Scale Shot|p2b: Garchomp
|-activate|p2b: Garchomp|move: Protect
|move|p2a: Corviknight|Tailwind|p2a: Corviknight
|-sidestart|p2: capspungo|move: Tailwind
|
|-damage|p1a: Garchomp|63/100 brn|[from] brn
|upkeep
|turn|4
|
|t:|1756851892
|switch|p1a: Incineroar|Incineroar, L50, F, shiny|100/100
|-ability|p1a: Incineroar|Intimidate|boost
|-ability|p2a: Corviknight|Mirror Armor
|-unboost|p1a: Incineroar|atk|1
|-unboost|p2b: Garchomp|atk|1
|move|p2b: Garchomp|Earthquake|p1a: Incineroar|[spread] p1a,p1b
|-immune|p2a: Corviknight
|-supereffective|p1a: Incineroar
|-damage|p1a: Incineroar|37/100
|-damage|p1b: Porygon2|80/100
|-enditem|p1a: Incineroar|Sitrus Berry|[eat]
|-heal|p1a: Incineroar|62/100|[from] item: Sitrus Berry
|-damage|p2b: Garchomp|91/100|[from] item: Life Orb
|move|p2a: Corviknight|Brave Bird|p1b: Porygon2
|-damage|p1b: Porygon2|52/100
|-damage|p2a: Corviknight|92/100|[from] Recoil
|move|p1b: Porygon2|Ice Beam|p2b: Garchomp
|-supereffective|p2b: Garchomp
|-damage|p2b: Garchomp|0 fnt
|faint|p2b: Garchomp
|
|-sideend|p1: balance bro|move: Tailwind
|upkeep
|
|t:|1756851908
|switch|p2b: Pawmot|Pawmot, L50, F, tera:Electric|32/100
|turn|5
|inactive|capspungo has 30 seconds left.
|inactive|capspungo has 20 seconds left.
|
|t:|1756851946
|move|p2b: Pawmot|Protect|p2b: Pawmot
|-singleturn|p2b: Pawmot|Protect
|move|p2a: Corviknight|Brave Bird|p1a: Incineroar
|-crit|p1a: Incineroar
|-damage|p1a: Incineroar|0 fnt
|faint|p1a: Incineroar
|-damage|p2a: Corviknight|72/100|[from] Recoil
|move|p1b: Porygon2|Tera Blast|p2b: Pawmot
|-activate|p2b: Pawmot|move: Protect
|
|upkeep
|
|t:|1756851958
|switch|p1a: Garchomp|Garchomp, L50, F, shiny|63/100 brn
|turn|6
|
|t:|1756851975
|switch|p1b: Hydreigon|Hydreigon, L50, F, shiny|36/100
|move|p2b: Pawmot|Close Combat|p1b: Hydreigon
|-supereffective|p1b: Hydreigon
|-damage|p1b: Hydreigon|0 fnt
|-unboost|p2b: Pawmot|def|1
|-unboost|p2b: Pawmot|spd|1
|faint|p1b: Hydreigon
|move|p2a: Corviknight|Brave Bird|p1a: Garchomp
|-damage|p1a: Garchomp|21/100 brn
|-damage|p2a: Corviknight|60/100|[from] ability: Rough Skin|[of] p1a: Garchomp
|-damage|p2a: Corviknight|47/100|[from] Recoil
|-enditem|p2a: Corviknight|Sitrus Berry|[eat]
|-heal|p2a: Corviknight|72/100|[from] item: Sitrus Berry
|move|p1a: Garchomp|Stomping Tantrum|p2b: Pawmot
|-supereffective|p2b: Pawmot
|-damage|p2b: Pawmot|0 fnt
|faint|p2b: Pawmot
|
|-damage|p1a: Garchomp|15/100 brn|[from] brn
|-sideend|p2: capspungo|move: Tailwind
|upkeep
|
|t:|1756851995
|switch|p1b: Porygon2|Porygon2, L50, shiny|52/100
|-ability|p1b: Porygon2|Download|boost
|-boost|p1b: Porygon2|spa|1
|turn|7
|
|t:|1756852004
|move|p1a: Garchomp|Scale Shot|p2a: Corviknight
|-resisted|p2a: Corviknight
|-crit|p2a: Corviknight
|-damage|p2a: Corviknight|67/100
|-resisted|p2a: Corviknight
|-damage|p2a: Corviknight|64/100
|-resisted|p2a: Corviknight
|-damage|p2a: Corviknight|61/100
|-resisted|p2a: Corviknight
|-damage|p2a: Corviknight|59/100
|-hitcount|p2a: Corviknight|4
|-unboost|p1a: Garchomp|def|1
|-boost|p1a: Garchomp|spe|1
|move|p2a: Corviknight|Brave Bird|p1b: Porygon2
|-damage|p1b: Porygon2|24/100
|-damage|p2a: Corviknight|50/100|[from] Recoil
|move|p1b: Porygon2|Ice Beam|p2a: Corviknight
|-damage|p2a: Corviknight|14/100
|
|-damage|p1a: Garchomp|9/100 brn|[from] brn
|upkeep
|turn|8
|
|t:|1756852025
|move|p2a: Corviknight|Protect|p2a: Corviknight
|-singleturn|p2a: Corviknight|Protect
|move|p1a: Garchomp|Scale Shot|p2a: Corviknight
|-activate|p2a: Corviknight|move: Protect
|move|p1b: Porygon2|Recover|p1b: Porygon2
|-heal|p1b: Porygon2|74/100
|
|-damage|p1a: Garchomp|3/100 brn|[from] brn
|upkeep
|turn|9
|
|t:|1756852038
|move|p2a: Corviknight|Protect|p2a: Corviknight
|-singleturn|p2a: Corviknight|Protect
|move|p1a: Garchomp|Scale Shot|p2a: Corviknight
|-activate|p2a: Corviknight|move: Protect
|move|p1b: Porygon2|Ice Beam|p2a: Corviknight
|-activate|p2a: Corviknight|move: Protect
|
|-damage|p1a: Garchomp|0 fnt|[from] brn
|faint|p1a: Garchomp
|upkeep
|turn|10
|
|t:|1756852048
|move|p2a: Corviknight|Roost|p2a: Corviknight
|-heal|p2a: Corviknight|64/100
|-singleturn|p2a: Corviknight|move: Roost
|move|p1b: Porygon2|Trick Room|p1b: Porygon2
|-fieldstart|move: Trick Room|[of] p1b: Porygon2
|
|upkeep
|turn|11
|
|t:|1756852069
|move|p2a: Corviknight|Protect|p2a: Corviknight
|-singleturn|p2a: Corviknight|Protect
|move|p1b: Porygon2|Ice Beam|p2a: Corviknight
|-activate|p2a: Corviknight|move: Protect
|
|upkeep
|turn|12
|
|t:|1756852074
|move|p1b: Porygon2|Ice Beam|p2a: Corviknight
|-damage|p2a: Corviknight|29/100
|move|p2a: Corviknight|Roost|p2a: Corviknight
|-heal|p2a: Corviknight|80/100
|-singleturn|p2a: Corviknight|move: Roost
|
|upkeep
|turn|13
|
|t:|1756852084
|move|p1b: Porygon2|Ice Beam|p2a: Corviknight
|-damage|p2a: Corviknight|44/100
|move|p2a: Corviknight|Brave Bird|p1b: Porygon2
|-damage|p1b: Porygon2|44/100
|-damage|p2a: Corviknight|35/100|[from] Recoil
|
|upkeep
|turn|14
|
|t:|1756852105
|move|p2a: Corviknight|Protect|p2a: Corviknight
|-singleturn|p2a: Corviknight|Protect
|move|p1b: Porygon2|Recover|p1b: Porygon2
|-heal|p1b: Porygon2|94/100
|
|-fieldend|move: Trick Room
|upkeep
|turn|15
|
|t:|1756852113
|-terastallize|p1b: Porygon2|Fighting
|move|p2a: Corviknight|Roost|p2a: Corviknight
|-heal|p2a: Corviknight|85/100
|-singleturn|p2a: Corviknight|move: Roost
|move|p1b: Porygon2|Tera Blast|p2a: Corviknight|[anim] Tera Blast Fighting
|-supereffective|p2a: Corviknight
|-damage|p2a: Corviknight|0 fnt
|faint|p2a: Corviknight
|
|win|balance bro
|raw|balance bro's rating: 1167 → 1198(+31 for winning)
|raw|capspungo's rating: 1257 → 1226(-31 for losing)
