|j|☆Trainer208
|j|☆Olly457
|html|Trainer208Olly457    
|uhtml|bestof|Game 2 of a best-of-3
|t:|1756757243
|gametype|doubles
|player|p1|Trainer208|gambler|1000
|player|p2|Olly457|unknown|1053
|gen|9
|tier|[Gen 9] VGC 2025 Reg H (Bo3)
|rated|
|rule|Species Clause: Limit one of each Pokémon
|rule|Item Clause: Limit 1 of each item
|clearpoke
|poke|p1|Garganacl, L50, M|
|poke|p1|Scovillain, L50, M|
|poke|p1|Minior, L50|
|poke|p1|Kommo-o, L50, M|
|poke|p1|Spiritomb, L50, M|
|poke|p1|Charjabug, L50, M|
|poke|p2|Ursaluna, L50, F|
|poke|p2|Amoonguss, L50, M|
|poke|p2|Porygon2, L50|
|poke|p2|Incineroar, L50, M|
|poke|p2|Gholdengo, L50|
|poke|p2|Mienshao, L50, M|
|teampreview|4
|showteam|p1|Garganacl||RockyHelmet|PurifyingSalt|SaltCure,IcePunch,Recover,WideGuard|||M|||50|,,,,,Ghost]Scovillain||Leftovers|Moody|Flamethrower,GigaDrain,RagePowder,Protect|||M|||50|,,,,,Grass]Minior||PowerHerb|ShieldsDown|MeteorBeam,EarthPower,DazzlingGleam,ShellSmash||||||50|,,,,,Ground]Kommo-o||MagoBerry|Soundproof|ClangingScales,FlashCannon,DrainPunch,ClangorousSoul|||M|||50|,,,,,Steel]Spiritomb||WikiBerry|Infiltrator|Snarl,Psychic,HelpingHand,AllySwitch|||M|||50|,,,,,Psychic]Charjabug||Eviolite|Battery|Lunge,WildCharge,Electroweb,Protect|||M|||50|,,,,,Electric
|showteam|p2|Ursaluna||FlameOrb|Guts|Protect,Facade,HeadlongRush,Substitute|||F|||50|,,,,,Ghost]Amoonguss||CovertCloak|Regenerator|RagePowder,ClearSmog,PollenPuff,Spore|||M|||50|,,,,,Electric]Porygon2||Eviolite|Download|Recover,TeraBlast,IceBeam,TrickRoom||||||50|,,,,,Fighting]Incineroar||AssaultVest|Intimidate|Uturn,FlareBlitz,KnockOff,FakeOut|||M|||50|,,,,,Grass]Gholdengo||LifeOrb|GoodasGold|Protect,MakeItRain,ShadowBall,NastyPlot||||||50|,,,,,Water]Mienshao||FocusSash|InnerFocus|CloseCombat,KnockOff,IceSpinner,WideGuard|||M|||50|,,,,,Stellar
|inactive|Battle timer is ON: inactive players will automatically lose when time's up. (requested by Olly457)
|
|t:|1756757259
|teamsize|p1|4
|teamsize|p2|4
|start
|switch|p1a: Minior|Minior, L50|100/100
|switch|p1b: Spiritomb|Spiritomb, L50, M|100/100
|switch|p2a: Incineroar|Incineroar, L50, M, shiny|100/100
|switch|p2b: Porygon2|Porygon2, L50, shiny|100/100
|-ability|p2a: Incineroar|Intimidate|boost
|-unboost|p1a: Minior|atk|1
|-unboost|p1b: Spiritomb|atk|1
|-ability|p2b: Porygon2|Download|boost
|-boost|p2b: Porygon2|spa|1
|-formechange|p1a: Minior|Minior-Meteor||[from] ability: Shields Down
|turn|1
|
|t:|1756757281
|move|p2a: Incineroar|Fake Out|p1a: Minior
|-resisted|p1a: Minior
|-damage|p1a: Minior|94/100
|cant|p1a: Minior|flinch
|move|p2b: Porygon2|Ice Beam|p1a: Minior
|-supereffective|p1a: Minior
|-damage|p1a: Minior|3/100
|move|p1b: Spiritomb|Snarl|p2a: Incineroar|[spread] p2a,p2b
|-resisted|p2a: Incineroar
|-damage|p2a: Incineroar|94/100
|-damage|p2b: Porygon2|90/100
|-unboost|p2a: Incineroar|spa|1
|-unboost|p2b: Porygon2|spa|1
|
|-formechange|p1a: Minior|Minior||[from] ability: Shields Down
|upkeep
|turn|2
|
|t:|1756757299
|switch|p2a: Gholdengo|Gholdengo, L50, shiny|100/100
|move|p1b: Spiritomb|Ally Switch|p1b: Spiritomb
|swap|p1b: Spiritomb|0|[from] move: Ally Switch
|move|p1b: Minior|Meteor Beam||[still]
|-prepare|p1b: Minior|Meteor Beam
|-boost|p1b: Minior|spa|1
|-enditem|p1b: Minior|Power Herb
|-anim|p1b: Minior|Meteor Beam|p2a: Gholdengo
|-resisted|p2a: Gholdengo
|-damage|p2a: Gholdengo|55/100
|move|p2b: Porygon2|Ice Beam|p1a: Spiritomb
|-damage|p1a: Spiritomb|75/100
|
|upkeep
|turn|3
|inactive|Trainer208 has 30 seconds left.
|inactive|Trainer208 has 20 seconds left.
|inactive|Trainer208 has 15 seconds left.
|
|t:|1756757342
|-terastallize|p2a: Gholdengo|Water
|move|p2a: Gholdengo|Protect|p2a: Gholdengo
|-singleturn|p2a: Gholdengo|Protect
|move|p1b: Minior|Earth Power|p2a: Gholdengo
|-activate|p2a: Gholdengo|move: Protect
|move|p1a: Spiritomb|Snarl|p2a: Gholdengo|[spread] p2b
|-activate|p2a: Gholdengo|move: Protect
|-damage|p2b: Porygon2|79/100
|-unboost|p2b: Porygon2|spa|1
|move|p2b: Porygon2|Trick Room|p2b: Porygon2
|-fieldstart|move: Trick Room|[of] p2b: Porygon2
|
|upkeep
|turn|4
|inactive|Trainer208 has 30 seconds left.
|inactive|Trainer208 has 20 seconds left.
|inactive|Trainer208 has 15 seconds left.
|
|t:|1756757383
|-terastallize|p1a: Spiritomb|Psychic
|move|p1a: Spiritomb|Psychic|p2a: Gholdengo
|-damage|p2a: Gholdengo|11/100
|move|p2b: Porygon2|Ice Beam|p1a: Spiritomb
|-damage|p1a: Spiritomb|57/100
|move|p2a: Gholdengo|Make It Rain|p1b: Minior|[spread] p1a,p1b
|-supereffective|p1b: Minior
|-damage|p1a: Spiritomb|0 fnt
|-damage|p1b: Minior|0 fnt
|-unboost|p2a: Gholdengo|spa|1
|faint|p1a: Spiritomb
|faint|p1b: Minior
|-damage|p2a: Gholdengo|2/100|[from] item: Life Orb
|
|upkeep
|
|t:|1756757398
|switch|p1a: Kommo-o|Kommo-o, L50, M|100/100
|switch|p1b: Scovillain|Scovillain, L50, M|100/100
|turn|5
|inactive|Trainer208 has 30 seconds left.
|inactive|Trainer208 has 20 seconds left.
|inactive|Trainer208 has 15 seconds left.
|
|t:|1756757439
|switch|p2b: Incineroar|Incineroar, L50, M, shiny|94/100
|-ability|p2b: Incineroar|Intimidate|boost
|-unboost|p1a: Kommo-o|atk|1
|-unboost|p1b: Scovillain|atk|1
|move|p1b: Scovillain|Rage Powder|p1b: Scovillain
|-singleturn|p1b: Scovillain|move: Rage Powder
|move|p2a: Gholdengo|Shadow Ball|p1b: Scovillain
|-damage|p1b: Scovillain|47/100
|-damage|p2a: Gholdengo|0 fnt|[from] item: Life Orb
|faint|p2a: Gholdengo
|move|p1a: Kommo-o|Clanging Scales|p2b: Incineroar
|-crit|p2b: Incineroar
|-damage|p2b: Incineroar|47/100
|-unboost|p1a: Kommo-o|def|1
|
|-heal|p1b: Scovillain|53/100|[from] item: Leftovers
|-ability|p1b: Scovillain|Moody|boost
|-boost|p1b: Scovillain|spe|2
|-unboost|p1b: Scovillain|spd|1
|upkeep
|
|t:|1756757450
|switch|p2a: Porygon2|Porygon2, L50, shiny|79/100
|-ability|p2a: Porygon2|Download|boost
|-boost|p2a: Porygon2|spa|1
|turn|6
|inactive|Trainer208 has 30 seconds left.
|inactive|Trainer208 has 20 seconds left.
|inactive|Trainer208 has 15 seconds left.
|
|t:|1756757493
|move|p2b: Incineroar|Fake Out|p1b: Scovillain
|-damage|p1b: Scovillain|38/100
|move|p2a: Porygon2|Ice Beam|p1a: Kommo-o
|-supereffective|p1a: Kommo-o
|-damage|p1a: Kommo-o|14/100
|-enditem|p1a: Kommo-o|Mago Berry|[eat]
|-heal|p1a: Kommo-o|48/100|[from] item: Mago Berry
|move|p1a: Kommo-o|Clangorous Soul|p1a: Kommo-o
|-boost|p1a: Kommo-o|atk|1
|-boost|p1a: Kommo-o|def|1
|-boost|p1a: Kommo-o|spa|1
|-boost|p1a: Kommo-o|spd|1
|-boost|p1a: Kommo-o|spe|1
|-damage|p1a: Kommo-o|15/100
|cant|p1b: Scovillain|flinch
|
|-heal|p1b: Scovillain|44/100|[from] item: Leftovers
|-ability|p1b: Scovillain|Moody|boost
|-boost|p1b: Scovillain|spd|2
|-unboost|p1b: Scovillain|spa|1
|upkeep
|turn|7
|inactive|Trainer208 has 30 seconds left.
|inactive|Trainer208 has 20 seconds left.
|inactive|Olly457 has 30 seconds left.
|
|t:|1756757531
|move|p1b: Scovillain|Rage Powder|p1b: Scovillain
|-singleturn|p1b: Scovillain|move: Rage Powder
|move|p2a: Porygon2|Ice Beam|p1b: Scovillain
|-damage|p1b: Scovillain|10/100
|-status|p1b: Scovillain|frz
|move|p2b: Incineroar|Flare Blitz|p1b: Scovillain
|-damage|p1b: Scovillain|0 fnt
|faint|p1b: Scovillain
|-damage|p2b: Incineroar|45/100|[from] Recoil
|move|p1a: Kommo-o|Clanging Scales|p2a: Porygon2|[spread] p2a,p2b
|-damage|p2a: Porygon2|47/100
|-damage|p2b: Incineroar|10/100
|-unboost|p1a: Kommo-o|def|1
|
|-fieldend|move: Trick Room
|upkeep
|turn|8
|
|t:|1756757547
|move|p1a: Kommo-o|Clanging Scales|p2a: Porygon2|[spread] p2a,p2b
|-damage|p2a: Porygon2|12/100
|-damage|p2b: Incineroar|0 fnt
|faint|p2b: Incineroar
|-unboost|p1a: Kommo-o|def|1
|move|p2a: Porygon2|Ice Beam|p1a: Kommo-o
|-supereffective|p1a: Kommo-o
|-damage|p1a: Kommo-o|0 fnt
|faint|p1a: Kommo-o
|
|win|Olly457
|raw|Trainer208's rating: 1000 → 1000(+0 for losing)
|raw|Olly457's rating: 1053 → 1080(+27 for winning)
|c|☆Olly457|ggs
|l|☆Trainer208
|player|p1|
