|j|☆Chandeliere
|j|☆snailboss
|html|Chandelieresnailboss    
|uhtml|bestof|Game 3 of a best-of-3
|t:|1756517806
|gametype|doubles
|player|p1|Chandeliere|ethan|1108
|player|p2|snailboss|102|1166
|gen|9
|tier|[Gen 9] VGC 2025 Reg H (Bo3)
|rated|
|rule|Species Clause: Limit one of each Pokémon
|rule|Item Clause: Limit 1 of each item
|clearpoke
|poke|p1|Incineroar, L50, M|
|poke|p1|Dragonite, L50, M|
|poke|p1|Porygon2, L50|
|poke|p1|Ursaluna-Bloodmoon, L50, M|
|poke|p1|Ninetales-Alola, L50, F|
|poke|p1|Annihilape, L50, F|
|poke|p2|Tyranitar, L50, F|
|poke|p2|Excadrill, L50, F|
|poke|p2|Indeedee-F, L50, F|
|poke|p2|Zoroark-Hisui, L50, F|
|poke|p2|Corviknight, L50, F|
|poke|p2|Amoonguss, L50, M|
|teampreview|4
|showteam|p1|Incineroar||ChopleBerry|Intimidate|FlareBlitz,KnockOff,FakeOut,PartingShot|||M|||50|,,,,,Grass]Dragonite||LoadedDice|Multiscale|ScaleShot,Tailwind,Haze,Protect|||M|||50|,,,,,Steel]Porygon2||Eviolite|Download|TeraBlast,IceBeam,Recover,TrickRoom||||||50|,,,,,Fighting]Ursaluna-Bloodmoon||AssaultVest|MindsEye|HyperVoice,BloodMoon,VacuumWave,EarthPower|||M|||50|,,,,,Water]Ninetales-Alola||LightClay|SnowWarning|IcicleSpear,Encore,IcyWind,AuroraVeil|||F|||50|,,,,,Ghost]Annihilape||SafetyGoggles|Defiant|DrainPunch,RageFist,BulkUp,Protect|||F|||50|,,,,,Fire
|showteam|p2|Tyranitar||AssaultVest|SandStream|RockSlide,KnockOff,LowKick,TeraBlast|||F|||50|,,,,,Flying]Excadrill||FocusSash|SandRush|IronHead,Protect,SwordsDance,Earthquake|||F|||50|,,,,,Ground]Indeedee-F||SafetyGoggles|PsychicSurge|TrickRoom,FollowMe,Psychic,HelpingHand|||F|||50|,,,,,Fairy]Zoroark-Hisui||ChoiceSpecs|Illusion|HyperVoice,ShadowBall,HyperBeam,Flamethrower|||F|||50|,,,,,Normal]Corviknight||PsychicSeed|MirrorArmor|BraveBird,PowerTrip,BulkUp,Roost|||F|||50|,,,,,Dragon]Amoonguss||SitrusBerry|Regenerator|Spore,Protect,RagePowder,ClearSmog|||M|||50|,,,,,Water
|
|t:|1756517849
|teamsize|p1|4
|teamsize|p2|4
|start
|switch|p1a: Incineroar|Incineroar, L50, M|100/100
|switch|p1b: Ninetales|Ninetales-Alola, L50, F|100/100
|switch|p2a: Indeedee|Indeedee-F, L50, F|100/100
|switch|p2b: Excadrill|Excadrill, L50, F|100/100
|-weather|Snowscape|[from] ability: Snow Warning|[of] p1b: Ninetales
|-ability|p1a: Incineroar|Intimidate|boost
|-unboost|p2a: Indeedee|atk|1
|-unboost|p2b: Excadrill|atk|1
|-fieldstart|move: Psychic Terrain|[from] ability: Psychic Surge|[of] p2a: Indeedee
|turn|1
|
|t:|1756517872
|-terastallize|p2b: Excadrill|Normal
|move|p2a: Indeedee|Helping Hand|p2b: Excadrill
|-singleturn|p2b: Excadrill|Helping Hand|[of] p2a: Indeedee
|move|p2b: Excadrill|Hyper Voice|p1a: Incineroar|[spread] p1a,p1b
|-damage|p1a: Incineroar|0 fnt
|-damage|p1b: Ninetales|0 fnt
|faint|p1a: Incineroar
|faint|p1b: Ninetales
|
|-weather|Snowscape|[upkeep]
|upkeep
|
|t:|1756517881
|switch|p1b: Porygon2|Porygon2, L50|100/100
|switch|p1a: Annihilape|Annihilape, L50, F|100/100
|-ability|p1b: Porygon2|Download|boost
|-boost|p1b: Porygon2|spa|1
|turn|2
|
|t:|1756517910
|switch|p2b: Tyranitar|Tyranitar, L50, F|100/100
|-weather|Sandstorm|[from] ability: Sand Stream|[of] p2b: Tyranitar
|-terastallize|p1b: Porygon2|Fighting
|move|p1a: Annihilape|Bulk Up|p1a: Annihilape
|-boost|p1a: Annihilape|atk|1
|-boost|p1a: Annihilape|def|1
|move|p2a: Indeedee|Psychic|p1a: Annihilape
|-supereffective|p1a: Annihilape
|-damage|p1a: Annihilape|28/100
|move|p1b: Porygon2|Tera Blast|p2b: Tyranitar|[anim] Tera Blast Fighting
|-supereffective|p2b: Tyranitar
|-damage|p2b: Tyranitar|2/100
|
|-weather|Sandstorm|[upkeep]
|-damage|p1b: Porygon2|94/100|[from] Sandstorm
|upkeep
|turn|3
|
|t:|1756517944
|move|p1a: Annihilape|Protect|p1a: Annihilape
|-singleturn|p1a: Annihilape|Protect
|move|p2b: Tyranitar|Knock Off|p1b: Porygon2
|-resisted|p1b: Porygon2
|-damage|p1b: Porygon2|76/100
|-enditem|p1b: Porygon2|Eviolite|[from] move: Knock Off|[of] p2b: Tyranitar
|move|p2a: Indeedee|Psychic|p1a: Annihilape
|-activate|p1a: Annihilape|move: Protect
|move|p1b: Porygon2|Tera Blast|p2a: Indeedee|[anim] Tera Blast Fighting
|-damage|p2a: Indeedee|51/100
|
|-weather|Sandstorm|[upkeep]
|-damage|p1b: Porygon2|70/100|[from] Sandstorm
|upkeep
|turn|4
|
|t:|1756517983
|move|p1a: Annihilape|Drain Punch|p2a: Indeedee
|-damage|p2a: Indeedee|6/100
|-heal|p1a: Annihilape|48/100|[from] drain|[of] p2a: Indeedee
|move|p2b: Tyranitar|Knock Off|p1b: Porygon2
|-resisted|p1b: Porygon2
|-damage|p1b: Porygon2|53/100
|move|p2a: Indeedee|Psychic|p1a: Annihilape
|-supereffective|p1a: Annihilape
|-damage|p1a: Annihilape|0 fnt
|faint|p1a: Annihilape
|move|p1b: Porygon2|Tera Blast|p2b: Tyranitar|[anim] Tera Blast Fighting
|-supereffective|p2b: Tyranitar
|-damage|p2b: Tyranitar|0 fnt
|faint|p2b: Tyranitar
|
|-weather|Sandstorm|[upkeep]
|-damage|p1b: Porygon2|47/100|[from] Sandstorm
|upkeep
|
|t:|1756517992
|switch|p2b: Excadrill|Excadrill, L50, F, tera:Normal|100/100
|turn|5
|
|t:|1756518001
|move|p2b: Excadrill|Hyper Beam|p1b: Porygon2
|-damage|p1b: Porygon2|0 fnt
|-mustrecharge|p2b: Excadrill
|faint|p1b: Porygon2
|
|win|snailboss
|raw|Chandeliere's rating: 1108 → 1087(-21 for losing)
|raw|snailboss's rating: 1166 → 1187(+21 for winning)
|l|☆snailboss
|player|p2|
