|j|☆odio esta reg
|j|☆Reboquete
|html|odio esta regReboquete    
|uhtml|bestof|Game 1 of a best-of-3
|t:|1785506859
|gametype|doubles
|player|p1|odio esta reg|101|1106
|player|p2|Reboquete|iris-gen5bw2|1226
|gen|9
|tier|[Gen 9 Champions] VGC 2026 Reg M-B (Bo3)
|rated|
|rule|Species Clause: Limit one of each Pokémon
|rule|Item Clause: Limit 1 of each item
|clearpoke
|poke|p1|Charizard, L50, M|
|poke|p1|Garchomp, L50, M|
|poke|p1|Incineroar, L50, M|
|poke|p1|Venusaur, L50, F|
|poke|p1|Toxapex, L50, M|
|poke|p1|Sylveon, L50, F|
|poke|p2|Tyranitar, L50, F|
|poke|p2|Staraptor, L50, M|
|poke|p2|Excadrill, L50, F|
|poke|p2|Milotic, L50, M|
|poke|p2|Gholdengo, L50|
|poke|p2|Sinistcha-Masterpiece, L50|
|teampreview|4
|showteam|p1|Charizard||CharizarditeY|SolarPower|WeatherBall,HeatWave,AncientPower,Protect|Modest||M|||50|]Garchomp||ChoiceScarf|RoughSkin|RockSlide,DragonClaw,Earthquake,StompingTantrum|Adamant||M|||50|]Incineroar||SitrusBerry|Intimidate|FlareBlitz,FakeOut,DarkestLariat,PartingShot|Impish||M|||50|]Venusaur||LifeOrb|Chlorophyll|SludgeBomb,LeafStorm,EarthPower,Protect|Modest||F|||50|]Toxapex||Leftovers|Regenerator|Infestation,Toxic,WideGuard,BanefulBunker|Bold||M|||50|]Sylveon||FairyFeather|Pixilate|HyperVoice,QuickAttack,Yawn,Detect|Modest||F|||50|
|showteam|p2|Tyranitar||Tyranitarite|SandStream|RockSlide,KnockOff,Protect,HighHorsepower|Jolly||F|||50|]Staraptor||Staraptite|Intimidate|CloseCombat,BraveBird,Tailwind,Protect|Jolly||M|||50|]Excadrill||FocusSash|SandRush|IronHead,Earthquake,Protect,RockSlide|Adamant||F|||50|]Milotic||SitrusBerry|Competitive|Scald,IcyWind,Haze,Protect|Calm||M|||50|]Gholdengo||LifeOrb|GoodasGold|ShadowBall,MakeItRain,Protect,NastyPlot|Modest|||||50|]Sinistcha-Masterpiece||ColburBerry|Hospitality|MatchaGotcha,ShadowBall,Protect,RagePowder|Bold|||||50|
|inactive|Battle timer is ON: inactive players will automatically lose when time's up. (requested by odio esta reg)
|inactive|odio esta reg has 60 seconds left.
|
|t:|1785506896
|teamsize|p1|4
|teamsize|p2|4
|start
|switch|p1a: Sylveon|Sylveon, L50, F|100/100
|switch|p1b: Garchomp|Garchomp, L50, M|100/100
|switch|p2a: Tyranitar|Tyranitar, L50, F|100/100
|switch|p2b: Milotic|Milotic, L50, M|100/100
|-weather|Sandstorm|[from] ability: Sand Stream|[of] p2a: Tyranitar
|turn|1
|
|t:|1785506915
|move|p2a: Tyranitar|Protect|p2a: Tyranitar
|-singleturn|p2a: Tyranitar|Protect
|move|p1b: Garchomp|Stomping Tantrum|p2a: Tyranitar
|-activate|p2a: Tyranitar|move: Protect
|move|p2b: Milotic|Icy Wind|p1a: Sylveon|[spread] p1a,p1b
|-supereffective|p1b: Garchomp|2
|-damage|p1a: Sylveon|92/100
|-damage|p1b: Garchomp|54/100
|-unboost|p1a: Sylveon|spe|1
|-unboost|p1b: Garchomp|spe|1
|move|p1a: Sylveon|Hyper Voice|p2a: Tyranitar|[spread] p2b
|-activate|p2a: Tyranitar|move: Protect
|-damage|p2b: Milotic|70/100
|
|-weather|Sandstorm|[upkeep]
|-damage|p2b: Milotic|64/100|[from] Sandstorm
|-damage|p1a: Sylveon|86/100|[from] Sandstorm
|upkeep
|turn|2
|inactive|Reboquete has 30 seconds left.
|
|t:|1785506948
|switch|p2a: Gholdengo|Gholdengo, L50|100/100
|move|p1b: Garchomp|Stomping Tantrum|p2a: Gholdengo
|-supereffective|p2a: Gholdengo|1
|-damage|p2a: Gholdengo|30/100
|move|p2b: Milotic|Icy Wind|p1a: Sylveon|[spread] p1a,p1b
|-supereffective|p1b: Garchomp|2
|-damage|p1a: Sylveon|78/100
|-damage|p1b: Garchomp|8/100
|-unboost|p1a: Sylveon|spe|1
|-unboost|p1b: Garchomp|spe|1
|move|p1a: Sylveon|Hyper Voice|p2a: Gholdengo|[spread] p2a,p2b
|-resisted|p2a: Gholdengo|1
|-damage|p2a: Gholdengo|8/100
|-damage|p2b: Milotic|35/100
|-enditem|p2b: Milotic|Sitrus Berry|[eat]
|-heal|p2b: Milotic|60/100|[from] item: Sitrus Berry
|
|-weather|Sandstorm|[upkeep]
|-damage|p2b: Milotic|54/100|[from] Sandstorm
|-damage|p1a: Sylveon|72/100|[from] Sandstorm
|upkeep
|turn|3
|inactive|odio esta reg has 30 seconds left.
|inactive|Reboquete has 30 seconds left.
|
|t:|1785506981
|switch|p1b: Charizard|Charizard, L50, M|100/100
|switch|p2b: Excadrill|Excadrill, L50, F|100/100
|move|p2a: Gholdengo|Make It Rain|p1b: Charizard|[spread] p1a,p1b
|-supereffective|p1a: Sylveon|1
|-resisted|p1b: Charizard|1
|-damage|p1a: Sylveon|0 fnt
|-damage|p1b: Charizard|71/100
|-unboost|p2a: Gholdengo|spa|2
|faint|p1a: Sylveon
|-damage|p2a: Gholdengo|0 fnt|[from] item: Life Orb
|faint|p2a: Gholdengo
|
|-weather|Sandstorm|[upkeep]
|-damage|p1b: Charizard|65/100|[from] Sandstorm
|upkeep
|inactive|odio esta reg has 30 seconds left.
|
|t:|1785507014
|switch|p2a: Milotic|Milotic, L50, M|54/100
|switch|p1a: Garchomp|Garchomp, L50, M|8/100
|turn|4
|
|t:|1785507025
|detailschange|p1b: Charizard|Charizard-Mega-Y, L50, M
|-mega|p1b: Charizard|Charizard|Charizardite Y
|-weather|SunnyDay|[from] ability: Drought|[of] p1b: Charizard
|move|p2b: Excadrill|Protect|p2b: Excadrill
|-singleturn|p2b: Excadrill|Protect
|move|p2a: Milotic|Protect|p2a: Milotic
|-singleturn|p2a: Milotic|Protect
|move|p1a: Garchomp|Earthquake|p2a: Milotic|[spread] 
|-activate|p2a: Milotic|move: Protect
|-activate|p2b: Excadrill|move: Protect
|-immune|p1b: Charizard
|move|p1b: Charizard|Heat Wave|p2b: Excadrill|[spread] 
|-activate|p2a: Milotic|move: Protect
|-activate|p2b: Excadrill|move: Protect
|
|-weather|SunnyDay|[upkeep]
|upkeep
|turn|5
|
|t:|1785507046
|switch|p1b: Venusaur|Venusaur, L50, F|100/100
|switch|p2a: Tyranitar|Tyranitar, L50, F|100/100
|-weather|Sandstorm|[from] ability: Sand Stream|[of] p2a: Tyranitar
|move|p2b: Excadrill|Rock Slide|p1b: Venusaur|[spread] p1a,p1b
|-resisted|p1a: Garchomp|1
|-damage|p1a: Garchomp|0 fnt
|-damage|p1b: Venusaur|74/100
|faint|p1a: Garchomp
|
|-weather|Sandstorm|[upkeep]
|-damage|p1b: Venusaur|69/100|[from] Sandstorm
|upkeep
|
|t:|1785507055
|switch|p1a: Charizard|Charizard-Mega-Y, L50, M|65/100
|-weather|SunnyDay|[from] ability: Drought|[of] p1a: Charizard
|turn|6
|
|t:|1785507078
|detailschange|p2a: Tyranitar|Tyranitar-Mega, L50, F
|-mega|p2a: Tyranitar|Tyranitar|Tyranitarite
|-weather|Sandstorm|[from] ability: Sand Stream|[of] p2a: Tyranitar
|move|p2b: Excadrill|Rock Slide|p1b: Venusaur|[spread] p1a,p1b
|-supereffective|p1a: Charizard|2
|-damage|p1a: Charizard|0 fnt
|-damage|p1b: Venusaur|42/100
|faint|p1a: Charizard
|move|p2a: Tyranitar|Knock Off|p1b: Venusaur
|-damage|p1b: Venusaur|0 fnt
|-enditem|p1b: Venusaur|Life Orb|[from] move: Knock Off|[of] p2a: Tyranitar
|faint|p1b: Venusaur
|
|win|Reboquete
||odio esta reg is ready for game 2.
|inactive|Reboquete has 30 seconds to confirm battle start!
||Reboquete is ready for game 2.
|uhtml|next|Next: Game 2 of 3
