|j|☆theson1909
|j|☆Roy_Hogator
|html|theson1909Roy_Hogator    
|uhtml|bestof|Game 3 of a best-of-3
|t:|1783778889
|gametype|doubles
|player|p1|theson1909|266|
|player|p2|Roy_Hogator|gambler|
|gen|9
|tier|[Gen 9 Champions] VGC 2026 Reg M-B (Bo3)
|rule|Species Clause: Limit one of each Pokémon
|rule|Item Clause: Limit 1 of each item
|clearpoke
|poke|p1|Delphox, L50, M|
|poke|p1|Sinistcha, L50|
|poke|p1|Sneasler, L50, F|
|poke|p1|Incineroar, L50, M|
|poke|p1|Kingambit, L50, F|
|poke|p1|Floette-Eternal, L50, F|
|poke|p2|Gengar, L50, M, shiny|
|poke|p2|Ninetales-Alola, L50, F, shiny|
|poke|p2|Kingambit, L50, M|
|poke|p2|Dragonite, L50, M|
|poke|p2|Sneasler, L50, F|
|poke|p2|Incineroar, L50, M, shiny|
|teampreview|4
|showteam|p1|Delphox||Delphoxite|Blaze|Protect,HeatWave,Psyshock,NastyPlot|Timid||M|||50|]Sinistcha||KasibBerry|Hospitality|MatchaGotcha,RagePowder,TrickRoom,Protect|Relaxed|||||50|]Sneasler||WhiteHerb|Unburden|FakeOut,QuickGuard,CloseCombat,DireClaw|Adamant||F|||50|]Incineroar||SitrusBerry|Intimidate|FakeOut,PartingShot,FlareBlitz,ThroatChop|Careful||M|||50|]Kingambit||BlackGlasses|Defiant|KowtowCleave,SuckerPunch,SwordsDance,Protect|Adamant||F|||50|]Floette-Eternal||Floettite|FlowerVeil|CalmMind,DazzlingGleam,Moonblast,Protect|Modest||F|||50|
|showteam|p2|Gengar||Gengarite|CursedBody|PerishSong,Disable,ShadowBall,Protect|Bold||M|||50|]Ninetales-Alola||BabiriBerry|SnowWarning|FreezeDry,Blizzard,Encore,Protect|Timid||F|||50|]Kingambit||ChopleBerry|Defiant|SuckerPunch,KowtowCleave,IronHead,Protect|Adamant||M|||50|]Dragonite||DragonFang|Multiscale|LowKick,ExtremeSpeed,DragonClaw,Protect|Adamant||M|||50|]Sneasler||WhiteHerb|Unburden|FakeOut,GunkShot,CloseCombat,Protect|Jolly||F|||50|]Incineroar||SitrusBerry|Intimidate|FlareBlitz,FakeOut,PartingShot,Protect|Impish||M|||50|
|inactive|Battle timer is ON: inactive players will automatically lose when time's up. (requested by theson1909)
|
|t:|1783778920
|teamsize|p1|4
|teamsize|p2|4
|start
|switch|p1a: Delphox|Delphox, L50, M|100/100
|switch|p1b: Kingambit|Kingambit, L50, F|100/100
|switch|p2a: Sneasler|Sneasler, L50, F|100/100
|switch|p2b: Kingambit|Kingambit, L50, M|100/100
|turn|1
|
|t:|1783778944
|switch|p1b: Sneasler|Sneasler, L50, F|100/100
|move|p1a: Delphox|Protect|p1a: Delphox
|-singleturn|p1a: Delphox|Protect
|move|p2a: Sneasler|Fake Out|p1b: Sneasler
|-damage|p1b: Sneasler|77/100
|move|p2b: Kingambit|Kowtow Cleave|p1a: Delphox
|-activate|p1a: Delphox|move: Protect
|
|upkeep
|turn|2
|
|t:|1783778957
|detailschange|p1a: Delphox|Delphox-Mega, L50, M
|-mega|p1a: Delphox|Delphox|Delphoxite
|move|p2b: Kingambit|Protect|p2b: Kingambit
|-singleturn|p2b: Kingambit|Protect
|move|p1b: Sneasler|Fake Out|p2b: Kingambit
|-activate|p2b: Kingambit|move: Protect
|move|p1a: Delphox|Nasty Plot|p1a: Delphox
|-boost|p1a: Delphox|spa|2
|move|p2a: Sneasler|Close Combat|p1b: Sneasler
|-resisted|p1b: Sneasler|1
|-damage|p1b: Sneasler|30/100
|-unboost|p2a: Sneasler|def|1
|-unboost|p2a: Sneasler|spd|1
|-enditem|p2a: Sneasler|White Herb
|-clearnegativeboost|p2a: Sneasler|[silent]
|
|upkeep
|turn|3
|
|t:|1783778975
|switch|p2b: Dragonite|Dragonite, L50, M|100/100
|move|p1b: Sneasler|Quick Guard|p1b: Sneasler
|-singleturn|p1b: Sneasler|Quick Guard
|move|p2a: Sneasler|Close Combat|p1b: Sneasler
|-resisted|p1b: Sneasler|1
|-damage|p1b: Sneasler|0 fnt
|-unboost|p2a: Sneasler|def|1
|-unboost|p2a: Sneasler|spd|1
|faint|p1b: Sneasler
|move|p1a: Delphox|Heat Wave|p2b: Dragonite|[spread] p2a,p2b
|-resisted|p2b: Dragonite|1
|-damage|p2a: Sneasler|0 fnt
|-damage|p2b: Dragonite|80/100
|faint|p2a: Sneasler
|
|upkeep
|
|t:|1783778993
|switch|p2a: Kingambit|Kingambit, L50, M|100/100
|switch|p1b: Incineroar|Incineroar, L50, M|100/100
|-ability|p1b: Incineroar|Intimidate|boost
|-unboost|p2a: Kingambit|atk|1
|-ability|p2a: Kingambit|Defiant|boost
|-boost|p2a: Kingambit|atk|2
|-unboost|p2b: Dragonite|atk|1
|turn|4
|
|t:|1783779018
|move|p2b: Dragonite|Protect|p2b: Dragonite
|-singleturn|p2b: Dragonite|Protect
|move|p2a: Kingambit|Protect|p2a: Kingambit
|-singleturn|p2a: Kingambit|Protect
|move|p1b: Incineroar|Fake Out|p2b: Dragonite
|-activate|p2b: Dragonite|move: Protect
|move|p1a: Delphox|Nasty Plot|p1a: Delphox
|-boost|p1a: Delphox|spa|2
|
|upkeep
|turn|5
|
|t:|1783779035
|move|p2a: Kingambit|Sucker Punch||[still]
|-fail|p2a: Kingambit
|move|p1a: Delphox|Nasty Plot|p1a: Delphox
|-boost|p1a: Delphox|spa|2
|move|p2b: Dragonite|Low Kick|p1b: Incineroar
|-supereffective|p1b: Incineroar|1
|-damage|p1b: Incineroar|63/100
|move|p1b: Incineroar|Flare Blitz|p2a: Kingambit
|-supereffective|p2a: Kingambit|1
|-damage|p2a: Kingambit|41/100
|-damage|p1b: Incineroar|43/100|[from] Recoil
|-enditem|p1b: Incineroar|Sitrus Berry|[eat]
|-heal|p1b: Incineroar|68/100|[from] item: Sitrus Berry
|
|upkeep
|turn|6
|
|t:|1783779050
|move|p1a: Delphox|Protect|p1a: Delphox
|-singleturn|p1a: Delphox|Protect
|move|p2a: Kingambit|Protect|p2a: Kingambit
|-singleturn|p2a: Kingambit|Protect
|move|p2b: Dragonite|Low Kick|p1b: Incineroar
|-supereffective|p1b: Incineroar|1
|-damage|p1b: Incineroar|30/100
|move|p1b: Incineroar|Flare Blitz|p2a: Kingambit
|-activate|p2a: Kingambit|move: Protect
|
|upkeep
|turn|7
|inactive|theson1909 has 30 seconds left.
|
|t:|1783779085
|switch|p1b: Kingambit|Kingambit, L50, F|100/100
|move|p1a: Delphox|Protect||[still]
|-fail|p1a: Delphox
|move|p2a: Kingambit|Sucker Punch||[still]
|-fail|p2a: Kingambit
|move|p2b: Dragonite|Low Kick|p1b: Kingambit
|-supereffective|p1b: Kingambit|2
|-damage|p1b: Kingambit|28/100
|
|upkeep
|turn|8
|
|t:|1783779101
|move|p1b: Kingambit|Sucker Punch|p2a: Kingambit
|-resisted|p2a: Kingambit|1
|-damage|p2a: Kingambit|24/100
|move|p1a: Delphox|Nasty Plot|p1a: Delphox
|-boost|p1a: Delphox|spa|0
|move|p2b: Dragonite|Low Kick|p1b: Kingambit
|-supereffective|p1b: Kingambit|2
|-damage|p1b: Kingambit|0 fnt
|faint|p1b: Kingambit
|move|p2a: Kingambit|Kowtow Cleave|p1a: Delphox
|-supereffective|p1a: Delphox|1
|-damage|p1a: Delphox|0 fnt
|faint|p1a: Delphox
|
|upkeep
|
|t:|1783779107
|switch|p1b: Incineroar|Incineroar, L50, M|30/100
|-ability|p1b: Incineroar|Intimidate|boost
|-unboost|p2a: Kingambit|atk|1
|-ability|p2a: Kingambit|Defiant|boost
|-boost|p2a: Kingambit|atk|2
|-unboost|p2b: Dragonite|atk|1
|turn|9
|
|t:|1783779119
|move|p2b: Dragonite|Protect|p2b: Dragonite
|-singleturn|p2b: Dragonite|Protect
|move|p2a: Kingambit|Protect|p2a: Kingambit
|-singleturn|p2a: Kingambit|Protect
|move|p1b: Incineroar|Flare Blitz|p2a: Kingambit
|-activate|p2a: Kingambit|move: Protect
|
|upkeep
|turn|10
|
|t:|1783779131
|move|p2b: Dragonite|Low Kick|p1b: Incineroar
|-supereffective|p1b: Incineroar|1
|-damage|p1b: Incineroar|3/100
|move|p1b: Incineroar|Flare Blitz|p2a: Kingambit
|-supereffective|p2a: Kingambit|1
|-damage|p2a: Kingambit|0 fnt
|faint|p2a: Kingambit
|-damage|p1b: Incineroar|0 fnt|[from] Recoil
|faint|p1b: Incineroar
|
|win|Roy_Hogator
