|j|☆Pzgoo
|j|☆DrXJ13
|html|PzgooDrXJ13    
|uhtml|bestof|Game 1 of a best-of-3
|t:|1783263796
|gametype|doubles
|player|p1|Pzgoo|169|1178
|player|p2|DrXJ13|cyrus|1331
|gen|9
|tier|[Gen 9 Champions] VGC 2026 Reg M-B (Bo3)
|rated|
|rule|Species Clause: Limit one of each Pokémon
|rule|Item Clause: Limit 1 of each item
|clearpoke
|poke|p1|Sinistcha, L50|
|poke|p1|Incineroar, L50, F|
|poke|p1|Milotic, L50, M|
|poke|p1|Raichu, L50, F|
|poke|p1|Floette-Eternal, L50, F|
|poke|p1|Ceruledge, L50, M|
|poke|p2|Froslass, L50, F|
|poke|p2|Sneasler, L50, M|
|poke|p2|Kingambit, L50, M|
|poke|p2|Scovillain, L50, F|
|poke|p2|Basculegion, L50, M|
|poke|p2|Lycanroc-Dusk, L50, M|
|teampreview|4
|showteam|p1|Sinistcha||KasibBerry|Hospitality|MatchaGotcha,LifeDew,RagePowder,Protect|Relaxed|||||50|]Incineroar||SitrusBerry|Intimidate|FlareBlitz,ThroatChop,FakeOut,PartingShot|Impish||F|||50|]Milotic||Leftovers|Competitive|MuddyWater,Coil,Hypnosis,Protect|Calm||M|||50|]Raichu||RaichuniteY|LightningRod|ZapCannon,FocusBlast,FakeOut,Protect|Timid||F|||50|]Floette-Eternal||Floettite|FlowerVeil|DazzlingGleam,DrainingKiss,CalmMind,Protect|Timid||F|||50|]Ceruledge||ColburBerry|FlashFire|BitterBlade,ShadowSneak,BulkUp,Protect|Adamant||M|||50|
|showteam|p2|Froslass||Froslassite|CursedBody|Blizzard,ShadowBall,AuroraVeil,Protect|Modest||F|||50|]Sneasler||WhiteHerb|Unburden|FakeOut,CloseCombat,DireClaw,Protect|Jolly||M|||50|]Kingambit||BlackGlasses|Defiant|SwordsDance,SuckerPunch,Protect,KowtowCleave|Adamant||M|||50|]Scovillain||Scovillainite|Moody|Overheat,GigaDrain,RagePowder,Protect|Bold||F|||50|]Basculegion||ChoiceScarf|Adaptability|AquaJet,FlipTurn,WaveCrash,LastRespects|Jolly||M|||50|]Lycanroc-Dusk||FocusSash|ToughClaws|Accelerock,CloseCombat,RockSlide,Protect|Adamant||M|||50|
|inactive|Battle timer is ON: inactive players will automatically lose when time's up. (requested by DrXJ13)
|inactive|Pzgoo has 60 seconds left.
|inactive|DrXJ13 has 60 seconds left.
|inactive|Pzgoo has 30 seconds left.
|
|t:|1783263866
|teamsize|p1|4
|teamsize|p2|4
|start
|switch|p1a: Raichu|Raichu, L50, F|100/100
|switch|p1b: Incineroar|Incineroar, L50, F|100/100
|switch|p2a: Kingambit|Kingambit, L50, M|100/100
|switch|p2b: Froslass|Froslass, L50, F|100/100
|-ability|p1b: Incineroar|Intimidate|boost
|-unboost|p2a: Kingambit|atk|1
|-ability|p2a: Kingambit|Defiant|boost
|-boost|p2a: Kingambit|atk|2
|-unboost|p2b: Froslass|atk|1
|turn|1
|
|t:|1783263887
|switch|p1a: Milotic|Milotic, L50, M|100/100
|move|p2b: Froslass|Protect|p2b: Froslass
|-singleturn|p2b: Froslass|Protect
|move|p2a: Kingambit|Protect|p2a: Kingambit
|-singleturn|p2a: Kingambit|Protect
|move|p1b: Incineroar|Parting Shot|p1a: Milotic
|-unboost|p1a: Milotic|atk|1
|-unboost|p1a: Milotic|spa|1
|
|t:|1783263898
|switch|p1b: Raichu|Raichu, L50, F|100/100|[from] Parting Shot
|
|upkeep
|turn|2
|inactive|Pzgoo has 30 seconds left.
|
|t:|1783263933
|detailschange|p1b: Raichu|Raichu-Mega-Y, L50, F
|-mega|p1b: Raichu|Raichu|Raichunite Y
|detailschange|p2b: Froslass|Froslass-Mega, L50, F
|-mega|p2b: Froslass|Froslass|Froslassite
|-weather|Snowscape|[from] ability: Snow Warning|[of] p2b: Froslass
|move|p2a: Kingambit|Sucker Punch|p1b: Raichu
|-damage|p1b: Raichu|1/100
|move|p1b: Raichu|Zap Cannon|p2b: Froslass
|-damage|p2b: Froslass|32/100
|-status|p2b: Froslass|par
|move|p1a: Milotic|Coil|p1a: Milotic
|-boost|p1a: Milotic|atk|1
|-boost|p1a: Milotic|def|1
|-boost|p1a: Milotic|accuracy|1
|move|p2b: Froslass|Shadow Ball|p1a: Milotic
|-damage|p1a: Milotic|71/100
|
|-weather|Snowscape|[upkeep]
|-heal|p1a: Milotic|77/100|[from] item: Leftovers
|upkeep
|turn|3
|inactive|Pzgoo has 30 seconds left.
|
|t:|1783263967
|move|p1b: Raichu|Protect|p1b: Raichu
|-singleturn|p1b: Raichu|Protect
|move|p2a: Kingambit|Protect|p2a: Kingambit
|-singleturn|p2a: Kingambit|Protect
|move|p1a: Milotic|Hypnosis|p2a: Kingambit
|-activate|p2a: Kingambit|move: Protect
|move|p2b: Froslass|Blizzard|p1b: Raichu|[spread] p1a
|-activate|p1b: Raichu|move: Protect
|-resisted|p1a: Milotic|1
|-damage|p1a: Milotic|62/100
|
|-weather|Snowscape|[upkeep]
|-heal|p1a: Milotic|68/100|[from] item: Leftovers
|upkeep
|turn|4
|inactive|DrXJ13 has 30 seconds left.
|
|t:|1783263998
|switch|p1b: Sinistcha|Sinistcha, L50|100/100
|-heal|p1a: Milotic|93/100|[from] ability: Hospitality|[of] p1b: Sinistcha
|move|p2a: Kingambit|Sucker Punch||[still]
|-fail|p2a: Kingambit
|move|p1a: Milotic|Hypnosis|p2a: Kingambit
|-status|p2a: Kingambit|slp|[from] move: Hypnosis
|move|p2b: Froslass|Shadow Ball|p1a: Milotic
|-damage|p1a: Milotic|66/100
|
|-weather|Snowscape|[upkeep]
|-heal|p1a: Milotic|72/100|[from] item: Leftovers
|upkeep
|turn|5
|
|t:|1783264016
|move|p1a: Milotic|Muddy Water|p2a: Kingambit|[spread] p2a,p2b
|-damage|p2a: Kingambit|85/100 slp
|-damage|p2b: Froslass|15/100 par
|-unboost|p2b: Froslass|accuracy|1
|move|p2b: Froslass|Shadow Ball|p1b: Sinistcha
|-supereffective|p1b: Sinistcha|1
|-enditem|p1b: Sinistcha|Kasib Berry|[eat]
|-enditem|p1b: Sinistcha|Kasib Berry|[weaken]
|-damage|p1b: Sinistcha|62/100
|-unboost|p1b: Sinistcha|spd|1
|move|p1b: Sinistcha|Matcha Gotcha|p2a: Kingambit|[spread] p2a
|-miss|p1b: Sinistcha|p2b: Froslass
|-resisted|p2a: Kingambit|1
|-damage|p2a: Kingambit|72/100 slp
|-heal|p1b: Sinistcha|69/100|[from] drain|[of] p2a: Kingambit
|cant|p2a: Kingambit|slp
|
|-weather|Snowscape|[upkeep]
|-heal|p1a: Milotic|78/100|[from] item: Leftovers
|upkeep
|turn|6
|
|t:|1783264040
|move|p1b: Sinistcha|Protect|p1b: Sinistcha
|-singleturn|p1b: Sinistcha|Protect
|move|p1a: Milotic|Muddy Water|p2b: Froslass|[spread] p2a,p2b
|-damage|p2a: Kingambit|58/100 slp
|-damage|p2b: Froslass|0 fnt
|faint|p2b: Froslass
|cant|p2a: Kingambit|slp
|
|-weather|none
|-heal|p1a: Milotic|84/100|[from] item: Leftovers
|upkeep
|
|t:|1783264050
|switch|p2b: Basculegion|Basculegion, L50, M|100/100
|turn|7
|
|t:|1783264064
|move|p1b: Sinistcha|Rage Powder|p1b: Sinistcha
|-singleturn|p1b: Sinistcha|move: Rage Powder
|move|p2b: Basculegion|Last Respects|p1b: Sinistcha
|-supereffective|p1b: Sinistcha|1
|-damage|p1b: Sinistcha|0 fnt
|faint|p1b: Sinistcha
|move|p1a: Milotic|Hypnosis|p2b: Basculegion
|-status|p2b: Basculegion|slp|[from] move: Hypnosis
|-curestatus|p2a: Kingambit|slp|[msg]
|move|p2a: Kingambit|Kowtow Cleave|p1a: Milotic
|-damage|p1a: Milotic|36/100
|
|-heal|p1a: Milotic|42/100|[from] item: Leftovers
|upkeep
|
|t:|1783264069
|switch|p1b: Incineroar|Incineroar, L50, F|100/100
|-ability|p1b: Incineroar|Intimidate|boost
|-unboost|p2a: Kingambit|atk|1
|-ability|p2a: Kingambit|Defiant|boost
|-boost|p2a: Kingambit|atk|2
|-unboost|p2b: Basculegion|atk|1
|turn|8
|
|t:|1783264083
|switch|p2b: Lycanroc|Lycanroc-Dusk, L50, M|100/100
|move|p2a: Kingambit|Protect|p2a: Kingambit
|-singleturn|p2a: Kingambit|Protect
|move|p1a: Milotic|Coil|p1a: Milotic
|-boost|p1a: Milotic|atk|1
|-boost|p1a: Milotic|def|1
|-boost|p1a: Milotic|accuracy|1
|move|p1b: Incineroar|Throat Chop|p2b: Lycanroc
|-damage|p2b: Lycanroc|52/100
|-start|p2b: Lycanroc|Throat Chop|[silent]
|
|-heal|p1a: Milotic|48/100|[from] item: Leftovers
|upkeep
|turn|9
|
|t:|1783264098
|move|p1a: Milotic|Protect|p1a: Milotic
|-singleturn|p1a: Milotic|Protect
|move|p2b: Lycanroc|Rock Slide|p1b: Incineroar|[spread] p1b
|-activate|p1a: Milotic|move: Protect
|-supereffective|p1b: Incineroar|1
|-damage|p1b: Incineroar|54/100
|move|p1b: Incineroar|Flare Blitz|p2a: Kingambit
|-supereffective|p2a: Kingambit|1
|-damage|p2a: Kingambit|0 fnt
|faint|p2a: Kingambit
|-damage|p1b: Incineroar|34/100|[from] Recoil
|-enditem|p1b: Incineroar|Sitrus Berry|[eat]
|-heal|p1b: Incineroar|59/100|[from] item: Sitrus Berry
|
|-heal|p1a: Milotic|54/100|[from] item: Leftovers
|-end|p2b: Lycanroc|Throat Chop|[silent]
|upkeep
|
|t:|1783264110
|switch|p2a: Basculegion|Basculegion, L50, M|100/100 slp
|turn|10
|
|t:|1783264131
|cant|p2a: Basculegion|slp
|move|p2b: Lycanroc|Rock Slide|p1a: Milotic|[spread] p1a
|-miss|p2b: Lycanroc|p1b: Incineroar
|-damage|p1a: Milotic|41/100
|move|p1a: Milotic|Muddy Water|p2b: Lycanroc|[spread] p2a,p2b
|-resisted|p2a: Basculegion|1
|-supereffective|p2b: Lycanroc|1
|-damage|p2a: Basculegion|91/100 slp
|-damage|p2b: Lycanroc|0 fnt
|faint|p2b: Lycanroc
|move|p1b: Incineroar|Parting Shot|p2a: Basculegion
|-unboost|p2a: Basculegion|atk|1
|-unboost|p2a: Basculegion|spa|1
|
|t:|1783264139
|switch|p1b: Raichu|Raichu-Mega-Y, L50, F|1/100|[from] Parting Shot
|
|-heal|p1a: Milotic|47/100|[from] item: Leftovers
|upkeep
|turn|11
|-message|DrXJ13 forfeited.
|
|win|Pzgoo
||DrXJ13 is ready for game 2.
|l|☆Pzgoo
|player|p1|
||Pzgoo is ready for game 2.
|uhtml|next|Next: Game 2 of 3
