|j|☆marcosdeltasena31
|j|☆sbhaga34
|html|marcosdeltasena31sbhaga34    
|uhtml|bestof|Game 1 of a best-of-3
|t:|1757793010
|gametype|doubles
|player|p1|marcosdeltasena31|hilbert|1442
|player|p2|sbhaga34|hugh|1450
|gen|9
|tier|[Gen 9] VGC 2025 Reg H (Bo3)
|rated|
|rule|Species Clause: Limit one of each Pokémon
|rule|Item Clause: Limit 1 of each item
|clearpoke
|poke|p1|Dragonite, L50, F|
|poke|p1|Sneasler, L50, F|
|poke|p1|Volcarona, L50, F|
|poke|p1|Rillaboom, L50, M|
|poke|p1|Kingambit, L50, F|
|poke|p1|Electabuzz, L50, F|
|poke|p2|Indeedee-F, L50, F|
|poke|p2|Talonflame, L50, F|
|poke|p2|Tyranitar, L50, M|
|poke|p2|Excadrill, L50, F|
|poke|p2|Gardevoir, L50, M|
|poke|p2|Ursaluna-Bloodmoon, L50, M|
|teampreview|4
|showteam|p1|Dragonite||LoadedDice|Multiscale|ScaleShot,ExtremeSpeed,Haze,Protect|||F|||50|,,,,,Fairy]Sneasler||FocusSash|PoisonTouch|DireClaw,CloseCombat,FakeOut,Coaching|||F|||50|,,,,,Ghost]Volcarona||CovertCloak|FlameBody|HeatWave,TeraBlast,QuiverDance,Protect|||F|||50|,,,,,Fairy]Rillaboom||AssaultVest|GrassySurge|WoodHammer,FakeOut,GrassyGlide,HighHorsepower|||M|||50|,,,,,Fire]Kingambit||BlackGlasses|Defiant|KowtowCleave,SwordsDance,SuckerPunch,Protect|||F|||50|,,,,,Dark]Electabuzz||Eviolite|VitalSpirit|Thunderbolt,FollowMe,Taunt,Protect|||F|||50|,,,,,Ghost
|showteam|p2|Indeedee-F||SafetyGoggles|PsychicSurge|FollowMe,TrickRoom,HelpingHand,Psychic|||F|||50|,,,,,Fairy]Talonflame||CovertCloak|GaleWings|Tailwind,Taunt,FlareBlitz,BraveBird|||F|||50|,,,,,Grass]Tyranitar||WeaknessPolicy|SandStream|RockSlide,KnockOff,LowKick,Protect|||M|||50|,,,,,Flying]Excadrill||FocusSash|SandRush|Earthquake,IronHead,SwordsDance,Protect|||F|||50|,,,,,Ground]Gardevoir||ChoiceScarf|Telepathy|ExpandingForce,Moonblast,IcyWind,Trick|||M|||50|,,,,,Psychic]Ursaluna-Bloodmoon||SilkScarf|MindsEye|BloodMoon,HyperVoice,EarthPower,Protect|||M|||50|,,,,,Normal
|inactive|Battle timer is ON: inactive players will automatically lose when time's up. (requested by sbhaga34)
|
|t:|1757793071
|teamsize|p1|4
|teamsize|p2|4
|start
|switch|p1a: Kingambit|Kingambit, L50, F|100/100
|switch|p1b: Rillaboom|Rillaboom, L50, M|100/100
|switch|p2a: Indeedee|Indeedee-F, L50, F|100/100
|switch|p2b: Excadrill|Excadrill, L50, F, shiny|100/100
|-fieldstart|move: Grassy Terrain|[from] ability: Grassy Surge|[of] p1b: Rillaboom
|-fieldstart|move: Psychic Terrain|[from] ability: Psychic Surge|[of] p2a: Indeedee
|turn|1
|inactive|sbhaga34 has 30 seconds left.
|
|t:|1757793099
|switch|p2a: Tyranitar|Tyranitar, L50, M|100/100
|-weather|Sandstorm|[from] ability: Sand Stream|[of] p2a: Tyranitar
|-terastallize|p1a: Kingambit|Dark
|move|p2b: Excadrill|Swords Dance|p2b: Excadrill
|-boost|p2b: Excadrill|atk|2
|move|p1b: Rillaboom|Wood Hammer|p2b: Excadrill
|-damage|p2b: Excadrill|7/100
|-damage|p1b: Rillaboom|73/100|[from] Recoil
|move|p1a: Kingambit|Kowtow Cleave|p2a: Tyranitar
|-resisted|p2a: Tyranitar
|-damage|p2a: Tyranitar|66/100
|
|-weather|Sandstorm|[upkeep]
|-damage|p1b: Rillaboom|67/100|[from] Sandstorm
|-damage|p1a: Kingambit|95/100|[from] Sandstorm
|upkeep
|turn|2
|inactive|sbhaga34 has 30 seconds left.
|
|t:|1757793131
|move|p2b: Excadrill|Protect|p2b: Excadrill
|-singleturn|p2b: Excadrill|Protect
|move|p1b: Rillaboom|Wood Hammer|p2a: Tyranitar
|-supereffective|p2a: Tyranitar
|-damage|p2a: Tyranitar|0 fnt
|faint|p2a: Tyranitar
|-damage|p1b: Rillaboom|47/100|[from] Recoil
|move|p1a: Kingambit|Kowtow Cleave|p2b: Excadrill
|-activate|p2b: Excadrill|move: Protect
|
|-weather|Sandstorm|[upkeep]
|-damage|p1b: Rillaboom|41/100|[from] Sandstorm
|-damage|p1a: Kingambit|89/100|[from] Sandstorm
|upkeep
|
|t:|1757793143
|switch|p2a: Gardevoir|Gardevoir, L50, M, shiny|100/100
|turn|3
|
|t:|1757793154
|switch|p1b: Electabuzz|Electabuzz, L50, F|100/100
|move|p2b: Excadrill|Iron Head|p1b: Electabuzz
|-resisted|p1b: Electabuzz
|-damage|p1b: Electabuzz|70/100
|move|p2a: Gardevoir|Moonblast|p1a: Kingambit
|-supereffective|p1a: Kingambit
|-damage|p1a: Kingambit|0 fnt
|faint|p1a: Kingambit
|
|-weather|Sandstorm|[upkeep]
|-damage|p2a: Gardevoir|95/100|[from] Sandstorm
|-damage|p1b: Electabuzz|64/100|[from] Sandstorm
|upkeep
|
|t:|1757793164
|switch|p1a: Volcarona|Volcarona, L50, F|100/100
|turn|4
|
|t:|1757793175
|-terastallize|p2b: Excadrill|Ground
|move|p1a: Volcarona|Protect|p1a: Volcarona
|-singleturn|p1a: Volcarona|Protect
|move|p1b: Electabuzz|Protect|p1b: Electabuzz
|-singleturn|p1b: Electabuzz|Protect
|move|p2b: Excadrill|Earthquake|p1a: Volcarona|[spread] 
|-activate|p1a: Volcarona|move: Protect
|-activate|p1b: Electabuzz|move: Protect
|-activate|p2a: Gardevoir|ability: Telepathy
|move|p2a: Gardevoir|Moonblast|p1a: Volcarona
|-activate|p1a: Volcarona|move: Protect
|
|-weather|Sandstorm|[upkeep]
|-damage|p2a: Gardevoir|89/100|[from] Sandstorm
|-damage|p1a: Volcarona|94/100|[from] Sandstorm
|-damage|p1b: Electabuzz|58/100|[from] Sandstorm
|upkeep
|turn|5
|inactive|sbhaga34 has 30 seconds left.
|
|t:|1757793205
|switch|p1a: Rillaboom|Rillaboom, L50, M|41/100
|-fieldstart|move: Grassy Terrain|[from] ability: Grassy Surge|[of] p1a: Rillaboom
|move|p2b: Excadrill|Protect|p2b: Excadrill
|-singleturn|p2b: Excadrill|Protect
|move|p1b: Electabuzz|Protect||[still]
|-fail|p1b: Electabuzz
|move|p2a: Gardevoir|Moonblast|p1b: Electabuzz
|-damage|p1b: Electabuzz|24/100
|
|-weather|none
|-heal|p2b: Excadrill|13/100|[from] Grassy Terrain
|-heal|p2a: Gardevoir|95/100|[from] Grassy Terrain
|-heal|p1b: Electabuzz|30/100|[from] Grassy Terrain
|-heal|p1a: Rillaboom|47/100|[from] Grassy Terrain
|upkeep
|turn|6
|
|t:|1757793222
|switch|p2a: Indeedee|Indeedee-F, L50, F|100/100
|-fieldstart|move: Psychic Terrain|[from] ability: Psychic Surge|[of] p2a: Indeedee
|move|p2b: Excadrill|Iron Head|p1a: Rillaboom
|-crit|p1a: Rillaboom
|-damage|p1a: Rillaboom|0 fnt
|faint|p1a: Rillaboom
|move|p1b: Electabuzz|Thunderbolt|p2a: Indeedee
|-damage|p2a: Indeedee|76/100
|-status|p2a: Indeedee|par
|
|upkeep
|
|t:|1757793229
|switch|p1a: Volcarona|Volcarona, L50, F|94/100
|turn|7
|
|t:|1757793237
|switch|p2a: Gardevoir|Gardevoir, L50, M, shiny|95/100
|move|p1a: Volcarona|Heat Wave|p2b: Excadrill|[spread] p2a
|-miss|p1a: Volcarona|p2b: Excadrill
|-damage|p2a: Gardevoir|57/100
|move|p2b: Excadrill|Earthquake|p1a: Volcarona|[spread] p1a,p1b
|-activate|p2a: Gardevoir|ability: Telepathy
|-supereffective|p1b: Electabuzz
|-damage|p1a: Volcarona|0 fnt
|-damage|p1b: Electabuzz|0 fnt
|faint|p1a: Volcarona
|faint|p1b: Electabuzz
|
|win|sbhaga34
