|j|☆PikaTROD
|j|☆LordTentacle69
|html|PikaTRODLordTentacle69    
|uhtml|bestof|Game 2 of a best-of-3
|t:|1756702694
|gametype|doubles
|player|p1|PikaTROD|265|1408
|player|p2|LordTentacle69|plasmagruntf|1231
|gen|9
|tier|[Gen 9] VGC 2025 Reg H (Bo3)
|rated|
|rule|Species Clause: Limit one of each Pokémon
|rule|Item Clause: Limit 1 of each item
|clearpoke
|poke|p1|Kingambit, L50, M|
|poke|p1|Primarina, L50, F|
|poke|p1|Sneasler, L50, M|
|poke|p1|Magmar, L50, F|
|poke|p1|Rillaboom, L50, F|
|poke|p1|Dragapult, L50, F|
|poke|p2|Dragonite, L50, M|
|poke|p2|Pelipper, L50, M|
|poke|p2|Archaludon, L50, F|
|poke|p2|Ursaluna, L50, F|
|poke|p2|Sinistcha-Masterpiece, L50|
|poke|p2|Incineroar, L50, F|
|teampreview|4
|showteam|p1|Kingambit||BlackGlasses|Defiant|KowtowCleave,SuckerPunch,SwordsDance,Protect|||M|||50|,,,,,Dark]Primarina||SitrusBerry|LiquidVoice|HyperVoice,Moonblast,Haze,Protect|||F|||50|,,,,,Water]Sneasler||FocusSash|Unburden|CloseCombat,DireClaw,FakeOut,Protect|||M|||50|,,,,,Stellar]Magmar||Eviolite|VitalSpirit|Overheat,WillOWisp,FollowMe,Protect|||F|||50|,,,,,Ghost]Rillaboom||AssaultVest|GrassySurge|WoodHammer,GrassyGlide,HighHorsepower,FakeOut|||F|||50|,,,,,Fire]Dragapult||ChoiceBand|ClearBody|DragonDarts,PhantomForce,Outrage,Uturn|||F|||50|,,,,,Dragon
|showteam|p2|Dragonite||LoadedDice|Multiscale|ScaleShot,ExtremeSpeed,Haze,Protect|||M|||50|,,,,,Fairy]Pelipper||FocusSash|Drizzle|MuddyWater,Hurricane,Tailwind,Protect|||M|||50|,,,,,Dark]Archaludon||AssaultVest|Stamina|ElectroShot,DracoMeteor,FlashCannon,BodyPress|||F|||50|,,,,,Fighting]Ursaluna||FlameOrb|Guts|Facade,HeadlongRush,Protect,Earthquake|||F|||50|,,,,,Ghost]Sinistcha-Masterpiece||SitrusBerry|Hospitality|MatchaGotcha,RagePowder,TrickRoom,LifeDew||||||50|,,,,,Water]Incineroar||SafetyGoggles|Intimidate|KnockOff,Taunt,FakeOut,PartingShot|||F|||50|,,,,,Ghost
|
|t:|1756702759
|teamsize|p1|4
|teamsize|p2|4
|start
|switch|p1a: Sneasler|Sneasler, L50, M|100/100
|switch|p1b: Kingambit|Kingambit, L50, M|100/100
|switch|p2a: Sinistcha|Sinistcha-Masterpiece, L50|100/100
|switch|p2b: Ursaluna|Ursaluna, L50, F|100/100
|turn|1
|
|t:|1756702811
|switch|p2a: Archaludon|Archaludon, L50, F|100/100
|move|p2b: Ursaluna|Protect|p2b: Ursaluna
|-singleturn|p2b: Ursaluna|Protect
|move|p1a: Sneasler|Dire Claw|p2a: Archaludon
|-immune|p2a: Archaludon
|move|p1b: Kingambit|Kowtow Cleave|p2a: Archaludon
|-damage|p2a: Archaludon|56/100
|-ability|p2a: Archaludon|Stamina|boost
|-boost|p2a: Archaludon|def|1
|
|-status|p2b: Ursaluna|brn|[from] item: Flame Orb
|upkeep
|turn|2
|
|t:|1756702834
|switch|p2b: Sinistcha|Sinistcha-Masterpiece, L50|100/100
|-heal|p2a: Archaludon|81/100|[from] ability: Hospitality|[of] p2b: Sinistcha
|-terastallize|p2a: Archaludon|Fighting
|move|p1a: Sneasler|Protect|p1a: Sneasler
|-singleturn|p1a: Sneasler|Protect
|move|p1b: Kingambit|Protect|p1b: Kingambit
|-singleturn|p1b: Kingambit|Protect
|move|p2a: Archaludon|Body Press|p1b: Kingambit
|-activate|p1b: Kingambit|move: Protect
|
|upkeep
|turn|3
|
|t:|1756702858
|switch|p1b: Primarina|Primarina, L50, F|100/100
|move|p1a: Sneasler|Dire Claw|p2b: Sinistcha
|-damage|p2b: Sinistcha|70/100
|move|p2a: Archaludon|Body Press|p1b: Primarina
|-resisted|p1b: Primarina
|-damage|p1b: Primarina|73/100
|move|p2b: Sinistcha|Trick Room|p2b: Sinistcha
|-fieldstart|move: Trick Room|[of] p2b: Sinistcha
|
|upkeep
|turn|4
|
|t:|1756702913
|switch|p1b: Rillaboom|Rillaboom, L50, F|100/100
|-fieldstart|move: Grassy Terrain|[from] ability: Grassy Surge|[of] p1b: Rillaboom
|switch|p2b: Pelipper|Pelipper, L50, M|100/100
|-weather|RainDance|[from] ability: Drizzle|[of] p2b: Pelipper
|-terastallize|p1a: Sneasler|Stellar
|move|p2a: Archaludon|Electro Shot||[still]
|-prepare|p2a: Archaludon|Electro Shot
|-boost|p2a: Archaludon|spa|1
|-anim|p2a: Archaludon|Electro Shot|p1b: Rillaboom
|-resisted|p1b: Rillaboom
|-damage|p1b: Rillaboom|77/100
|move|p1a: Sneasler|Close Combat|p2a: Archaludon
|-damage|p2a: Archaludon|39/100
|-unboost|p1a: Sneasler|def|1
|-unboost|p1a: Sneasler|spd|1
|-ability|p2a: Archaludon|Stamina|boost
|-boost|p2a: Archaludon|def|1
|
|-weather|RainDance|[upkeep]
|-heal|p1b: Rillaboom|83/100|[from] Grassy Terrain
|-heal|p2a: Archaludon|45/100|[from] Grassy Terrain
|upkeep
|turn|5
|
|t:|1756702949
|switch|p1b: Primarina|Primarina, L50, F|73/100
|move|p1a: Sneasler|Protect|p1a: Sneasler
|-singleturn|p1a: Sneasler|Protect
|move|p2b: Pelipper|Muddy Water|p1b: Primarina|[spread] p1b
|-activate|p1a: Sneasler|move: Protect
|-resisted|p1b: Primarina
|-damage|p1b: Primarina|55/100
|move|p2a: Archaludon|Electro Shot||[still]
|-prepare|p2a: Archaludon|Electro Shot
|-boost|p2a: Archaludon|spa|1
|-anim|p2a: Archaludon|Electro Shot|p1a: Sneasler
|-activate|p1a: Sneasler|move: Protect
|
|-weather|RainDance|[upkeep]
|-heal|p1b: Primarina|61/100|[from] Grassy Terrain
|-heal|p2a: Archaludon|51/100|[from] Grassy Terrain
|upkeep
|turn|6
|
|t:|1756702976
|move|p1b: Primarina|Moonblast|p2a: Archaludon
|-supereffective|p2a: Archaludon
|-damage|p2a: Archaludon|0 fnt
|faint|p2a: Archaludon
|move|p2b: Pelipper|Muddy Water|p1b: Primarina|[spread] p1a,p1b
|-resisted|p1b: Primarina
|-enditem|p1a: Sneasler|Focus Sash
|-damage|p1a: Sneasler|1/100
|-damage|p1b: Primarina|43/100
|-unboost|p1a: Sneasler|accuracy|1
|-enditem|p1b: Primarina|Sitrus Berry|[eat]
|-heal|p1b: Primarina|68/100|[from] item: Sitrus Berry
|move|p1a: Sneasler|Dire Claw|p2b: Pelipper|[miss]
|-miss|p1a: Sneasler|p2b: Pelipper
|
|-weather|RainDance|[upkeep]
|-heal|p1b: Primarina|74/100|[from] Grassy Terrain
|-heal|p1a: Sneasler|7/100|[from] Grassy Terrain
|upkeep
|
|t:|1756702992
|switch|p2a: Sinistcha|Sinistcha-Masterpiece, L50|70/100
|turn|7
|
|t:|1756703042
|switch|p1b: Kingambit|Kingambit, L50, M|100/100
|move|p1a: Sneasler|Protect|p1a: Sneasler
|-singleturn|p1a: Sneasler|Protect
|move|p2a: Sinistcha|Matcha Gotcha|p1b: Kingambit|[spread] p1b
|-activate|p1a: Sneasler|move: Protect
|-resisted|p1b: Kingambit
|-crit|p1b: Kingambit
|-damage|p1b: Kingambit|79/100
|-heal|p2a: Sinistcha|83/100|[from] drain|[of] p1b: Kingambit
|move|p2b: Pelipper|Tailwind|p2b: Pelipper
|-sidestart|p2: LordTentacle69|move: Tailwind
|
|-weather|RainDance|[upkeep]
|-heal|p1b: Kingambit|85/100|[from] Grassy Terrain
|-heal|p2a: Sinistcha|89/100|[from] Grassy Terrain
|-heal|p1a: Sneasler|13/100|[from] Grassy Terrain
|-fieldend|move: Trick Room
|upkeep
|turn|8
|
|t:|1756703087
|switch|p2b: Ursaluna|Ursaluna, L50, F|100/100 brn
|move|p1a: Sneasler|Dire Claw|p2a: Sinistcha
|-damage|p2a: Sinistcha|47/100
|-enditem|p2a: Sinistcha|Sitrus Berry|[eat]
|-heal|p2a: Sinistcha|72/100|[from] item: Sitrus Berry
|move|p2a: Sinistcha|Matcha Gotcha|p1b: Kingambit|[spread] p1a,p1b
|-resisted|p1a: Sneasler
|-resisted|p1b: Kingambit
|-damage|p1a: Sneasler|0 fnt
|-heal|p2a: Sinistcha|77/100|[from] drain|[of] p1a: Sneasler
|-damage|p1b: Kingambit|69/100
|-heal|p2a: Sinistcha|87/100|[from] drain|[of] p1b: Kingambit
|faint|p1a: Sneasler
|move|p1b: Kingambit|Kowtow Cleave|p2a: Sinistcha
|-supereffective|p2a: Sinistcha
|-damage|p2a: Sinistcha|0 fnt
|faint|p2a: Sinistcha
|
|-weather|none
|-heal|p1b: Kingambit|74/100|[from] Grassy Terrain
|-damage|p2b: Ursaluna|95/100 brn|[from] brn
|-fieldend|move: Grassy Terrain
|upkeep
|
|t:|1756703109
|switch|p1a: Rillaboom|Rillaboom, L50, F|83/100
|switch|p2a: Pelipper|Pelipper, L50, M|100/100
|-weather|RainDance|[from] ability: Drizzle|[of] p2a: Pelipper
|-fieldstart|move: Grassy Terrain|[from] ability: Grassy Surge|[of] p1a: Rillaboom
|turn|9
|
|t:|1756703139
|move|p1a: Rillaboom|Fake Out|p2b: Ursaluna
|-damage|p2b: Ursaluna|83/100 brn
|move|p2a: Pelipper|Hurricane|p1a: Rillaboom
|-supereffective|p1a: Rillaboom
|-damage|p1a: Rillaboom|0 fnt
|faint|p1a: Rillaboom
|cant|p2b: Ursaluna|flinch
|move|p1b: Kingambit|Kowtow Cleave|p2a: Pelipper
|-damage|p2a: Pelipper|27/100
|
|-weather|RainDance|[upkeep]
|-heal|p2b: Ursaluna|89/100 brn|[from] Grassy Terrain
|-heal|p1b: Kingambit|80/100|[from] Grassy Terrain
|-damage|p2b: Ursaluna|83/100 brn|[from] brn
|upkeep
|
|t:|1756703150
|switch|p1a: Primarina|Primarina, L50, F|74/100
|turn|10
|
|t:|1756703164
|move|p2a: Pelipper|Protect|p2a: Pelipper
|-singleturn|p2a: Pelipper|Protect
|move|p1a: Primarina|Protect|p1a: Primarina
|-singleturn|p1a: Primarina|Protect
|move|p1b: Kingambit|Protect|p1b: Kingambit
|-singleturn|p1b: Kingambit|Protect
|move|p2b: Ursaluna|Facade|p1a: Primarina
|-activate|p1a: Primarina|move: Protect
|
|-weather|RainDance|[upkeep]
|-heal|p2b: Ursaluna|89/100 brn|[from] Grassy Terrain
|-heal|p1a: Primarina|80/100|[from] Grassy Terrain
|-heal|p1b: Kingambit|86/100|[from] Grassy Terrain
|-damage|p2b: Ursaluna|83/100 brn|[from] brn
|-sideend|p2: LordTentacle69|move: Tailwind
|upkeep
|turn|11
|
|t:|1756703215
|move|p2b: Ursaluna|Protect|p2b: Ursaluna
|-singleturn|p2b: Ursaluna|Protect
|move|p2a: Pelipper|Tailwind|p2a: Pelipper
|-sidestart|p2: LordTentacle69|move: Tailwind
|move|p1a: Primarina|Hyper Voice|p2b: Ursaluna|[spread] p2a
|-activate|p2b: Ursaluna|move: Protect
|-resisted|p2a: Pelipper
|-damage|p2a: Pelipper|0 fnt
|faint|p2a: Pelipper
|move|p1b: Kingambit|Kowtow Cleave|p2b: Ursaluna
|-activate|p2b: Ursaluna|move: Protect
|
|-weather|RainDance|[upkeep]
|-heal|p2b: Ursaluna|89/100 brn|[from] Grassy Terrain
|-heal|p1a: Primarina|86/100|[from] Grassy Terrain
|-heal|p1b: Kingambit|92/100|[from] Grassy Terrain
|-damage|p2b: Ursaluna|83/100 brn|[from] brn
|upkeep
|turn|12
|
|t:|1756703237
|move|p1a: Primarina|Protect|p1a: Primarina
|-singleturn|p1a: Primarina|Protect
|move|p1b: Kingambit|Protect|p1b: Kingambit
|-singleturn|p1b: Kingambit|Protect
|move|p2b: Ursaluna|Headlong Rush|p1b: Kingambit
|-activate|p1b: Kingambit|move: Protect
|
|-weather|RainDance|[upkeep]
|-heal|p2b: Ursaluna|89/100 brn|[from] Grassy Terrain
|-heal|p1a: Primarina|92/100|[from] Grassy Terrain
|-heal|p1b: Kingambit|98/100|[from] Grassy Terrain
|-damage|p2b: Ursaluna|83/100 brn|[from] brn
|upkeep
|turn|13
|
|t:|1756703252
|move|p2b: Ursaluna|Facade|p1a: Primarina
|-damage|p1a: Primarina|0 fnt
|faint|p1a: Primarina
|move|p1b: Kingambit|Kowtow Cleave|p2b: Ursaluna
|-damage|p2b: Ursaluna|42/100 brn
|
|-weather|none
|-heal|p2b: Ursaluna|48/100 brn|[from] Grassy Terrain
|-heal|p1b: Kingambit|100/100|[from] Grassy Terrain
|-damage|p2b: Ursaluna|42/100 brn|[from] brn
|-fieldend|move: Grassy Terrain
|upkeep
|turn|14
|
|t:|1756703282
|move|p1b: Kingambit|Protect|p1b: Kingambit
|-singleturn|p1b: Kingambit|Protect
|move|p2b: Ursaluna|Headlong Rush|p1b: Kingambit
|-activate|p1b: Kingambit|move: Protect
|
|-damage|p2b: Ursaluna|36/100 brn|[from] brn
|-sideend|p2: LordTentacle69|move: Tailwind
|upkeep
|turn|15
|
|t:|1756703294
|move|p1b: Kingambit|Kowtow Cleave|p2b: Ursaluna
|-damage|p2b: Ursaluna|0 fnt
|faint|p2b: Ursaluna
|
|win|PikaTROD
||LordTentacle69 is ready for game 3.
|l|☆LordTentacle69
|player|p2|
||PikaTROD is ready for game 3.
|uhtml|next|Next: Game 3 of 3
