|j|☆balancedungeon
|j|☆praytothispoppy
|html|balancedungeonpraytothispoppy    
|uhtml|bestof|Game 3 of a best-of-3
|t:|1783367863
|gametype|doubles
|player|p1|balancedungeon|265|1040
|player|p2|praytothispoppy|erika|1060
|gen|9
|tier|[Gen 9 Champions] VGC 2026 Reg M-B (Bo3)
|rated|
|rule|Species Clause: Limit one of each Pokémon
|rule|Item Clause: Limit 1 of each item
|clearpoke
|poke|p1|Floette-Eternal, L50, F|
|poke|p1|Blastoise, L50, M|
|poke|p1|Kingambit, L50, M|
|poke|p1|Sneasler, L50, F|
|poke|p1|Sinistcha, L50|
|poke|p1|Incineroar, L50, F|
|poke|p2|Scizor, L50, F|
|poke|p2|Garchomp, L50, F|
|poke|p2|Pelipper, L50, M, shiny|
|poke|p2|Basculegion-F, L50, F|
|poke|p2|Weavile, L50, M|
|poke|p2|Incineroar, L50, M, shiny|
|teampreview|4
|showteam|p1|Floette-Eternal||Floettite|FlowerVeil|Protect,CalmMind,DazzlingGleam,DrainingKiss|Modest||F|||50|]Blastoise||Blastoisinite|Torrent|ShellSmash,WaterSpout,AuraSphere,Protect|Modest||M|||50|]Kingambit||BlackGlasses|Defiant|SuckerPunch,KowtowCleave,SwordsDance,Protect|Adamant||M|||50|]Sneasler||FocusSash|PoisonTouch|FakeOut,PoisonJab,CloseCombat,QuickGuard|Jolly||F|||50|]Sinistcha||CobaBerry|Hospitality|MatchaGotcha,RagePowder,LifeDew,TrickRoom|Calm|||||50|]Incineroar||SitrusBerry|Intimidate|FakeOut,FlareBlitz,ThroatChop,PartingShot|Bold||F|||50|
|showteam|p2|Scizor||Scizorite|Technician|CloseCombat,BulletPunch,Assurance,Protect|Adamant||F|||50|]Garchomp||YacheBerry|RoughSkin|RockSlide,Earthquake,BrickBreak,Protect|Jolly||F|||50|]Pelipper||DampRock|Drizzle|Hurricane,Tailwind,Protect,WideGuard|Bold||M|||50|]Basculegion-F||LifeOrb|SwiftSwim|Surf,IceBeam,ShadowBall,Protect|Modest||F|||50|]Weavile||FocusSash|Pickpocket|IceShard,FakeOut,UpperHand,KnockOff|Jolly||M|||50|]Incineroar||SitrusBerry|Intimidate|FakeOut,FlareBlitz,Protect,DarkestLariat|Impish||M|||50|
|
|t:|1783367876
|teamsize|p1|4
|teamsize|p2|4
|start
|switch|p1a: Sneasler|Sneasler, L50, F|100/100
|switch|p1b: Floette|Floette-Eternal, L50, F|100/100
|switch|p2a: W Kaseye|Scizor, L50, F|100/100
|switch|p2b: OG RageBait|Weavile, L50, M|100/100
|turn|1
|
|t:|1783367899
|switch|p1b: Incineroar|Incineroar, L50, F|100/100
|-ability|p1b: Incineroar|Intimidate|boost
|-unboost|p2a: W Kaseye|atk|1
|-unboost|p2b: OG RageBait|atk|1
|detailschange|p2a: W Kaseye|Scizor-Mega, L50, F
|-mega|p2a: W Kaseye|Scizor|Scizorite
|move|p2b: OG RageBait|Upper Hand||[still]
|-fail|p2b: OG RageBait
|move|p2a: W Kaseye|Bullet Punch|p1b: Incineroar
|-resisted|p1b: Incineroar|1
|-damage|p1b: Incineroar|90/100
|move|p1a: Sneasler|Close Combat|p2b: OG RageBait
|-supereffective|p2b: OG RageBait|2
|-enditem|p2b: OG RageBait|Focus Sash
|-damage|p2b: OG RageBait|1/100
|-unboost|p1a: Sneasler|def|1
|-unboost|p1a: Sneasler|spd|1
|-enditem|p1a: Sneasler|Focus Sash|[silent]|[from] ability: Pickpocket|[of] p1a: Sneasler
|-item|p2b: OG RageBait|Focus Sash|[from] ability: Pickpocket|[of] p1a: Sneasler
|
|upkeep
|turn|2
|
|t:|1783367925
|switch|p2a: Bowling|Pelipper, L50, M, shiny|100/100
|-weather|RainDance|[from] ability: Drizzle|[of] p2a: Bowling
|move|p2b: OG RageBait|Upper Hand||[still]
|-fail|p2b: OG RageBait
|move|p1a: Sneasler|Close Combat|p2a: Bowling
|-resisted|p2a: Bowling|1
|-damage|p2a: Bowling|77/100
|-unboost|p1a: Sneasler|def|1
|-unboost|p1a: Sneasler|spd|1
|-status|p2a: Bowling|psn|[from] ability: Poison Touch|[of] p1a: Sneasler
|move|p1b: Incineroar|Flare Blitz|p2a: Bowling
|-resisted|p2a: Bowling|1
|-damage|p2a: Bowling|69/100 psn
|-damage|p1b: Incineroar|88/100|[from] Recoil
|
|-weather|RainDance|[upkeep]
|-damage|p2a: Bowling|57/100 psn|[from] psn
|upkeep
|turn|3
|
|t:|1783367949
|move|p2b: OG RageBait|Knock Off|p1b: Incineroar
|-resisted|p1b: Incineroar|1
|-damage|p1b: Incineroar|76/100
|-enditem|p1b: Incineroar|Sitrus Berry|[from] move: Knock Off|[of] p2b: OG RageBait
|move|p1a: Sneasler|Poison Jab|p2a: Bowling
|-damage|p2a: Bowling|24/100 psn
|move|p1b: Incineroar|Throat Chop|p2b: OG RageBait
|-resisted|p2b: OG RageBait|1
|-damage|p2b: OG RageBait|0 fnt
|faint|p2b: OG RageBait
|move|p2a: Bowling|Hurricane|p1a: Sneasler
|-supereffective|p1a: Sneasler|1
|-damage|p1a: Sneasler|0 fnt
|faint|p1a: Sneasler
|
|-weather|RainDance|[upkeep]
|-damage|p2a: Bowling|12/100 psn|[from] psn
|upkeep
|
|t:|1783367963
|switch|p2b: Basculegion-F Tier|Basculegion-F, L50, F|100/100
|switch|p1a: Floette|Floette-Eternal, L50, F|100/100
|turn|4
|
|t:|1783367979
|switch|p1b: Sinistcha|Sinistcha, L50|100/100
|detailschange|p1a: Floette|Floette-Mega, L50, F
|-mega|p1a: Floette|Floette|Floettite
|-ability|p1a: Floette|Fairy Aura
|move|p2b: Basculegion-F Tier|Surf|p1a: Floette|[spread] p2a,p1a,p1b
|-resisted|p2a: Bowling|1
|-crit|p2a: Bowling
|-resisted|p1b: Sinistcha|1
|-damage|p2a: Bowling|0 fnt
|-damage|p1a: Floette|51/100
|-damage|p1b: Sinistcha|69/100
|faint|p2a: Bowling
|-damage|p2b: Basculegion-F Tier|90/100|[from] item: Life Orb
|move|p1a: Floette|Calm Mind|p1a: Floette
|-boost|p1a: Floette|spa|1
|-boost|p1a: Floette|spd|1
|
|-weather|RainDance|[upkeep]
|upkeep
|
|t:|1783367982
|switch|p2a: W Kaseye|Scizor-Mega, L50, F|100/100
|turn|5
|
|t:|1783367998
|switch|p1b: Incineroar|Incineroar, L50, F|76/100
|-ability|p1b: Incineroar|Intimidate|boost
|-unboost|p2a: W Kaseye|atk|1
|-unboost|p2b: Basculegion-F Tier|atk|1
|move|p1a: Floette|Protect|p1a: Floette
|-singleturn|p1a: Floette|Protect
|move|p2b: Basculegion-F Tier|Shadow Ball|p1a: Floette
|-activate|p1a: Floette|move: Protect
|move|p2a: W Kaseye|Assurance|p1b: Incineroar
|-resisted|p1b: Incineroar|1
|-damage|p1b: Incineroar|67/100
|
|-weather|RainDance|[upkeep]
|upkeep
|turn|6
|
|t:|1783368013
|move|p1b: Incineroar|Fake Out|p2a: W Kaseye
|-resisted|p2a: W Kaseye|1
|-damage|p2a: W Kaseye|96/100
|cant|p2a: W Kaseye|flinch
|move|p2b: Basculegion-F Tier|Shadow Ball|p1a: Floette
|-damage|p1a: Floette|25/100
|-damage|p2b: Basculegion-F Tier|80/100|[from] item: Life Orb
|move|p1a: Floette|Draining Kiss|p2b: Basculegion-F Tier
|-damage|p2b: Basculegion-F Tier|20/100y
|-heal|p1a: Floette|79/100|[from] drain|[of] p2b: Basculegion-F Tier
|
|-weather|RainDance|[upkeep]
|upkeep
|turn|7
|
|t:|1783368033
|move|p1a: Floette|Protect|p1a: Floette
|-singleturn|p1a: Floette|Protect
|move|p2a: W Kaseye|Bullet Punch|p1a: Floette
|-activate|p1a: Floette|move: Protect
|move|p2b: Basculegion-F Tier|Shadow Ball|p1a: Floette
|-activate|p1a: Floette|move: Protect
|move|p1b: Incineroar|Flare Blitz|p2a: W Kaseye
|-supereffective|p2a: W Kaseye|2
|-damage|p2a: W Kaseye|39/100
|-damage|p1b: Incineroar|51/100|[from] Recoil
|
|-weather|RainDance|[upkeep]
|upkeep
|turn|8
|
|t:|1783368056
|switch|p1b: Sinistcha|Sinistcha, L50|69/100
|-heal|p1a: Floette|100/100|[from] ability: Hospitality|[of] p1b: Sinistcha
|move|p2a: W Kaseye|Bullet Punch|p1a: Floette
|-supereffective|p1a: Floette|1
|-damage|p1a: Floette|43/100
|move|p2b: Basculegion-F Tier|Shadow Ball|p1b: Sinistcha
|-supereffective|p1b: Sinistcha|1
|-damage|p1b: Sinistcha|0 fnt
|faint|p1b: Sinistcha
|-damage|p2b: Basculegion-F Tier|11/100|[from] item: Life Orb
|move|p1a: Floette|Dazzling Gleam|p2b: Basculegion-F Tier|[spread] p2a,p2b
|-resisted|p2a: W Kaseye|1
|-damage|p2a: W Kaseye|7/100
|-damage|p2b: Basculegion-F Tier|0 fnt
|faint|p2b: Basculegion-F Tier
|
|-weather|RainDance|[upkeep]
|upkeep
|
|t:|1783368068
|switch|p1b: Incineroar|Incineroar, L50, F|51/100
|-ability|p1b: Incineroar|Intimidate|boost
|-unboost|p2a: W Kaseye|atk|1
|turn|9
|
|t:|1783368074
|move|p2a: W Kaseye|Protect|p2a: W Kaseye
|-singleturn|p2a: W Kaseye|Protect
|move|p1a: Floette|Draining Kiss|p2a: W Kaseye
|-activate|p2a: W Kaseye|move: Protect
|move|p1b: Incineroar|Flare Blitz|p2a: W Kaseye
|-activate|p2a: W Kaseye|move: Protect
|
|-weather|none
|upkeep
|turn|10
|-message|praytothispoppy forfeited.
|raw|balancedungeon's rating: 1040 → 1076(+36 for winning)
|raw|praytothispoppy's rating: 1060 → 1040(-20 for losing)
|
|win|balancedungeon
