|j|☆PTP_VGC
|j|☆furretusedpunch
|html|PTP_VGCfurretusedpunch    
|uhtml|bestof|Game 3 of a best-of-3
|t:|1756615752
|gametype|doubles
|player|p1|PTP_VGC|birdkeeper|1328
|player|p2|furretusedpunch|lacey|1262
|gen|9
|tier|[Gen 9] VGC 2025 Reg H (Bo3)
|rated|
|rule|Species Clause: Limit one of each Pokémon
|rule|Item Clause: Limit 1 of each item
|clearpoke
|poke|p1|Arcanine-Hisui, L50, F|
|poke|p1|Weezing, L50, M|
|poke|p1|Porygon2, L50|
|poke|p1|Weavile, L50, M|
|poke|p1|Pawmot, L50, F|
|poke|p1|Toedscruel, L50, M|
|poke|p2|Gholdengo, L50|
|poke|p2|Sneasler, L50, M|
|poke|p2|Rillaboom, L50, F|
|poke|p2|Dragonite, L50, M|
|poke|p2|Ninetales-Alola, L50, F|
|poke|p2|Arcanine-Hisui, L50, F|
|teampreview|4
|showteam|p1|Arcanine-Hisui||AbilityShield|Intimidate|FlareBlitz,RockSlide,ExtremeSpeed,Protect|||F|||50|,,,,,Ghost]Weezing||SitrusBerry|NeutralizingGas|SludgeBomb,WillOWisp,Taunt,Protect|||M|||50|,,,,,Grass]Porygon2||Eviolite|Download|TeraBlast,IceBeam,Recover,TrickRoom||||||50|,,,,,Water]Weavile||WideLens|Pressure|KnockOff,TripleAxel,FakeOut,Protect|||M|||50|,,,,,Stellar]Pawmot||FocusSash|NaturalCure|DoubleShock,CloseCombat,RevivalBlessing,Protect|||F|||50|,,,,,Stellar]Toedscruel||LifeOrb|MyceliumMight|EarthPower,EnergyBall,Spore,RagePowder|||M|||50|,,,,,Water
|showteam|p2|Gholdengo||GrassySeed|GoodasGold|NastyPlot,MakeItRain,ShadowBall,Protect||||||50|,,,,,Water]Sneasler||WhiteHerb|Unburden|CloseCombat,DireClaw,Coaching,Protect|||M|||50|,,,,,Ghost]Rillaboom||AssaultVest|GrassySurge|FakeOut,GrassyGlide,DrumBeating,HighHorsepower|||F|||50|,,,,,Fire]Dragonite||LoadedDice|Multiscale|ScaleShot,StompingTantrum,Tailwind,Protect|||M|||50|,,,,,Ground]Ninetales-Alola||FocusSash|SnowWarning|IcyWind,Moonblast,FreezeDry,AuroraVeil|||F|||50|,,,,,Ghost]Arcanine-Hisui||SafetyGoggles|Intimidate|RockSlide,FlareBlitz,Snarl,Protect|||F|||50|,,,,,Water
|inactive|Battle timer is ON: inactive players will automatically lose when time's up. (requested by PTP_VGC)
|
|t:|1756615769
|teamsize|p1|4
|teamsize|p2|4
|start
|switch|p1a: gbombsz|Toedscruel, L50, M|100/100
|switch|p1b: Adr. & Adr.|Weezing, L50, M|100/100
|switch|p2a: Ninetales|Ninetales-Alola, L50, F|100/100
|switch|p2b: Gholdengo|Gholdengo, L50|100/100
|-ability|p1b: Adr. & Adr.|Neutralizing Gas
|turn|1
|inactive|PTP_VGC has 30 seconds left.
|
|t:|1756615798
|switch|p1a: Vulfmon|Arcanine-Hisui, L50, F|100/100
|-ability|p1a: Vulfmon|Intimidate|boost
|-unboost|p2a: Ninetales|atk|1
|-unboost|p2b: Gholdengo|atk|1
|move|p2a: Ninetales|Freeze-Dry|p1a: Vulfmon
|-resisted|p1a: Vulfmon
|-damage|p1a: Vulfmon|86/100
|-status|p1a: Vulfmon|frz
|move|p2b: Gholdengo|Nasty Plot|p2b: Gholdengo
|-boost|p2b: Gholdengo|spa|2
|move|p1b: Adr. & Adr.|Sludge Bomb|p2a: Ninetales
|-supereffective|p2a: Ninetales
|-damage|p2a: Ninetales|32/100
|-status|p2a: Ninetales|psn
|
|-damage|p2a: Ninetales|20/100 psn|[from] psn
|upkeep
|turn|2
|inactive|furretusedpunch has 30 seconds left.
|
|t:|1756615828
|move|p2a: Ninetales|Icy Wind|p1b: Adr. & Adr.|[spread] 
|-miss|p2a: Ninetales|p1a: Vulfmon
|-miss|p2a: Ninetales|p1b: Adr. & Adr.
|-curestatus|p1a: Vulfmon|frz|[from] move: Flare Blitz
|move|p1a: Vulfmon|Flare Blitz|p2b: Gholdengo
|-supereffective|p2b: Gholdengo
|-damage|p2b: Gholdengo|4/100
|-status|p2b: Gholdengo|brn
|-damage|p1a: Vulfmon|56/100|[from] Recoil
|move|p2b: Gholdengo|Shadow Ball|p1a: Vulfmon
|-damage|p1a: Vulfmon|0 fnt
|faint|p1a: Vulfmon
|move|p1b: Adr. & Adr.|Sludge Bomb|p2a: Ninetales
|-supereffective|p2a: Ninetales
|-damage|p2a: Ninetales|0 fnt
|faint|p2a: Ninetales
|
|-damage|p2b: Gholdengo|0 fnt|[from] brn
|faint|p2b: Gholdengo
|upkeep
|inactive|furretusedpunch has 30 seconds left.
|
|t:|1756615856
|switch|p2a: Rillaboom|Rillaboom, L50, F|100/100
|switch|p1a: Back Pocket|Pawmot, L50, F|100/100
|switch|p2b: Dragonite|Dragonite, L50, M|100/100
|turn|3
|
|t:|1756615879
|move|p2a: Rillaboom|Fake Out|p1b: Adr. & Adr.
|-damage|p1b: Adr. & Adr.|89/100
|move|p1a: Back Pocket|Revival Blessing|p1a: Back Pocket
|
|t:|1756615883
|-heal|p1: Vulfmon|50/100|[from] move: Revival Blessing
|move|p2b: Dragonite|Tailwind|p2b: Dragonite
|-sidestart|p2: furretusedpunch|move: Tailwind
|cant|p1b: Adr. & Adr.|flinch
|
|upkeep
|turn|4
|
|t:|1756615900
|-terastallize|p2a: Rillaboom|Fire
|move|p1a: Back Pocket|Protect|p1a: Back Pocket
|-singleturn|p1a: Back Pocket|Protect
|move|p1b: Adr. & Adr.|Protect|p1b: Adr. & Adr.
|-singleturn|p1b: Adr. & Adr.|Protect
|move|p2a: Rillaboom|High Horsepower|p1b: Adr. & Adr.
|-activate|p1b: Adr. & Adr.|move: Protect
|move|p2b: Dragonite|Scale Shot|p1a: Back Pocket
|-activate|p1a: Back Pocket|move: Protect
|
|upkeep
|turn|5
|inactive|PTP_VGC has 30 seconds left.
|
|t:|1756615928
|-terastallize|p1a: Back Pocket|Stellar
|move|p2a: Rillaboom|High Horsepower|p1b: Adr. & Adr.
|-supereffective|p1b: Adr. & Adr.
|-damage|p1b: Adr. & Adr.|39/100
|-enditem|p1b: Adr. & Adr.|Sitrus Berry|[eat]
|-heal|p1b: Adr. & Adr.|64/100|[from] item: Sitrus Berry
|move|p2b: Dragonite|Scale Shot|p1a: Back Pocket
|-damage|p1a: Back Pocket|77/100
|-damage|p1a: Back Pocket|54/100
|-damage|p1a: Back Pocket|29/100
|-damage|p1a: Back Pocket|6/100
|-hitcount|p1a: Back Pocket|4
|-unboost|p2b: Dragonite|def|1
|-boost|p2b: Dragonite|spe|1
|move|p1a: Back Pocket|Double Shock|p2b: Dragonite
|-damage|p2b: Dragonite|0 fnt
|-start|p1a: Back Pocket|typechange|Electric/Fighting|[from] move: Double Shock
|faint|p2b: Dragonite
|move|p1b: Adr. & Adr.|Will-O-Wisp|p2a: Rillaboom|[miss]
|-miss|p1b: Adr. & Adr.|p2a: Rillaboom
|
|upkeep
|turn|6
|inactive|furretusedpunch has 30 seconds left.
|inactive|furretusedpunch has 20 seconds left.
|
|t:|1756615964
|move|p1a: Back Pocket|Protect|p1a: Back Pocket
|-singleturn|p1a: Back Pocket|Protect
|move|p1b: Adr. & Adr.|Protect|p1b: Adr. & Adr.
|-singleturn|p1b: Adr. & Adr.|Protect
|move|p2a: Rillaboom|High Horsepower|p1b: Adr. & Adr.
|-activate|p1b: Adr. & Adr.|move: Protect
|
|-sideend|p2: furretusedpunch|move: Tailwind
|upkeep
|turn|7
|
|t:|1756615969
|move|p1a: Back Pocket|Close Combat|p2a: Rillaboom
|-damage|p2a: Rillaboom|21/100
|-unboost|p1a: Back Pocket|def|1
|-unboost|p1a: Back Pocket|spd|1
|move|p2a: Rillaboom|High Horsepower|p1b: Adr. & Adr.
|-supereffective|p1b: Adr. & Adr.
|-damage|p1b: Adr. & Adr.|14/100
|move|p1b: Adr. & Adr.|Sludge Bomb|p2a: Rillaboom
|-damage|p2a: Rillaboom|0 fnt
|faint|p2a: Rillaboom
|
|win|PTP_VGC
|raw|PTP_VGC's rating: 1328 → 1344(+16 for winning)
|raw|furretusedpunch's rating: 1262 → 1242(-20 for losing)
