|j|☆gianlucone
|j|☆panijc
|html|gianluconepanijc    
|uhtml|bestof|Game 3 of a best-of-3
|t:|1785604365
|gametype|doubles
|player|p1|gianlucone|102|1177
|player|p2|panijc|2|1236
|gen|9
|tier|[Gen 9 Champions] VGC 2026 Reg M-B (Bo3)
|rated|
|rule|Species Clause: Limit one of each Pokémon
|rule|Item Clause: Limit 1 of each item
|clearpoke
|poke|p1|Staraptor, L50, M|
|poke|p1|Garchomp, L50, M|
|poke|p1|Whimsicott, L50, M|
|poke|p1|Delphox, L50, M|
|poke|p1|Glimmora, L50, M|
|poke|p1|Kingambit, L50, M|
|poke|p2|Raichu, L50, F|
|poke|p2|Mamoswine, L50, F|
|poke|p2|Sylveon, L50, F|
|poke|p2|Incineroar, L50, F|
|poke|p2|Basculegion, L50, M|
|poke|p2|Whimsicott, L50, M|
|teampreview|4
|showteam|p1|Staraptor||Staraptite|Intimidate|Protect,Roost,CloseCombat,BraveBird|Jolly||M|||50|]Garchomp||LifeOrb|RoughSkin|Protect,RockSlide,Earthquake,DragonClaw|Jolly||M|||50|]Whimsicott||OccaBerry|Prankster|Moonblast,Tailwind,Charm,LightScreen|Timid||M|||50|]Delphox||Delphoxite|Magician|Protect,Psychic,HeatWave,Substitute|Timid||M|||50|]Glimmora||FocusSash|ToxicDebris|SpikyShield,SludgeBomb,EarthPower,PowerGem|Timid||M|||50|]Kingambit||ChopleBerry|Defiant|SuckerPunch,LowKick,IronHead,KowtowCleave|Adamant||M|||50|
|showteam|p2|Raichu||RaichuniteY|LightningRod|ZapCannon,FocusBlast,FakeOut,Protect|Timid||F|||50|]Mamoswine||LifeOrb|Oblivious|IcicleCrash,HighHorsepower,IceShard,Protect|Adamant||F|||50|]Sylveon||FairyFeather|Pixilate|HyperVoice,HyperBeam,Detect,Yawn|Modest||F|||50|]Incineroar||SitrusBerry|Intimidate|ThroatChop,FlareBlitz,FakeOut,PartingShot|Impish||F|||50|]Basculegion||MysticWater|Adaptability|WaveCrash,LastRespects,AquaJet,Protect|Adamant||M|||50|]Whimsicott||FocusSash|Prankster|Moonblast,Tailwind,Protect,Encore|Timid||M|||50|
|inactive|Battle timer is ON: inactive players will automatically lose when time's up. (requested by gianlucone)
|
|t:|1785604378
|teamsize|p1|4
|teamsize|p2|4
|start
|switch|p1a: Whimsicott|Whimsicott, L50, M|100/100
|switch|p1b: Kingambit|Kingambit, L50, M|100/100
|switch|p2a: Basculegion|Basculegion, L50, M|100/100
|switch|p2b: Mamoswine|Mamoswine, L50, F|100/100
|turn|1
|
|t:|1785604393
|move|p1a: Whimsicott|Tailwind|p1a: Whimsicott
|-sidestart|p1: gianlucone|move: Tailwind
|move|p1b: Kingambit|Iron Head|p2b: Mamoswine
|-supereffective|p2b: Mamoswine|1
|-damage|p2b: Mamoswine|0 fnt
|faint|p2b: Mamoswine
|move|p2a: Basculegion|Last Respects|p1a: Whimsicott
|-damage|p1a: Whimsicott|13/100
|
|upkeep
|
|t:|1785604402
|switch|p2b: Raichu|Raichu, L50, F|100/100
|turn|2
|
|t:|1785604411
|switch|p1a: Staraptor|Staraptor, L50, M|100/100
|-ability|p1a: Staraptor|Intimidate|boost
|-unboost|p2a: Basculegion|atk|1
|-unboost|p2b: Raichu|atk|1
|detailschange|p2b: Raichu|Raichu-Mega-Y, L50, F
|-mega|p2b: Raichu|Raichu|Raichunite Y
|move|p2b: Raichu|Fake Out|p1a: Staraptor
|-crit|p1a: Staraptor
|-damage|p1a: Staraptor|83/100
|move|p1b: Kingambit|Kowtow Cleave|p2a: Basculegion
|-supereffective|p2a: Basculegion|1
|-damage|p2a: Basculegion|0 fnt
|faint|p2a: Basculegion
|
|upkeep
|
|t:|1785604423
|switch|p2a: Whimsicott|Whimsicott, L50, M|100/100
|turn|3
|
|t:|1785604434
|detailschange|p1a: Staraptor|Staraptor-Mega, L50, M
|-mega|p1a: Staraptor|Staraptor|Staraptite
|move|p2a: Whimsicott|Tailwind|p2a: Whimsicott
|-sidestart|p2: panijc|move: Tailwind
|move|p2b: Raichu|Zap Cannon|p1a: Staraptor
|-supereffective|p1a: Staraptor|1
|-damage|p1a: Staraptor|0 fnt
|faint|p1a: Staraptor
|move|p1b: Kingambit|Iron Head|p2a: Whimsicott
|-supereffective|p2a: Whimsicott|1
|-enditem|p2a: Whimsicott|Focus Sash
|-damage|p2a: Whimsicott|1/100
|
|upkeep
|
|t:|1785604450
|switch|p1a: Garchomp|Garchomp, L50, M|100/100
|turn|4
|
|t:|1785604457
|move|p1b: Kingambit|Sucker Punch|p2b: Raichu
|-damage|p2b: Raichu|34/100
|move|p2b: Raichu|Focus Blast|p1a: Garchomp
|-damage|p1a: Garchomp|48/100
|move|p2a: Whimsicott|Moonblast|p1a: Garchomp
|-supereffective|p1a: Garchomp|1
|-damage|p1a: Garchomp|0 fnt
|faint|p1a: Garchomp
|
|-sideend|p1: gianlucone|move: Tailwind
|upkeep
|
|t:|1785604465
|switch|p1a: Whimsicott|Whimsicott, L50, M|13/100
|turn|5
|
|t:|1785604473
|move|p2b: Raichu|Protect|p2b: Raichu
|-singleturn|p2b: Raichu|Protect
|move|p1a: Whimsicott|Light Screen|p1a: Whimsicott
|-sidestart|p1: gianlucone|move: Light Screen
|move|p1b: Kingambit|Sucker Punch|p2a: Whimsicott
|-resisted|p2a: Whimsicott|1
|-damage|p2a: Whimsicott|0 fnt
|faint|p2a: Whimsicott
|
|upkeep
|turn|6
|
|t:|1785604491
|move|p1b: Kingambit|Sucker Punch|p2b: Raichu
|-damage|p2b: Raichu|0 fnt
|faint|p2b: Raichu
|
|win|gianlucone
|raw|gianlucone's rating: 1177 → 1206(+29 for winning)
|raw|panijc's rating: 1236 → 1207(-29 for losing)
