|j|☆Ruben1452
|j|☆Starbai
|html|Ruben1452Starbai    
|uhtml|bestof|Game 1 of a best-of-3
|t:|1757089817
|gametype|doubles
|player|p1|Ruben1452|hilbert-wonderlauncher|1184
|player|p2|Starbai|acetrainer-gen4dp|1273
|gen|9
|tier|[Gen 9] VGC 2025 Reg H (Bo3)
|rated|
|rule|Species Clause: Limit one of each Pokémon
|rule|Item Clause: Limit 1 of each item
|clearpoke
|poke|p1|Archaludon, L50, M|
|poke|p1|Gholdengo, L50|
|poke|p1|Pelipper, L50, M|
|poke|p1|Ursaluna, L50, F|
|poke|p1|Sinistcha, L50|
|poke|p1|Dragonite, L50, F|
|poke|p2|Dragonite, L50, F|
|poke|p2|Volcarona, L50, M|
|poke|p2|Kingambit, L50, M|
|poke|p2|Sneasler, L50, F|
|poke|p2|Electabuzz, L50, M|
|poke|p2|Rillaboom, L50, M|
|teampreview|4
|showteam|p1|Archaludon||AssaultVest|Stamina|FlashCannon,ElectroShot,BodyPress,Snarl|||M|||50|,,,,,Fighting]Gholdengo||ChoiceScarf|GoodasGold|MakeItRain,ShadowBall,ThunderWave,Trick||||||50|,,,,,Flying]Pelipper||SafetyGoggles|Drizzle|WeatherBall,Hurricane,Tailwind,Protect|||M|||50|,,,,,Steel]Ursaluna||FlameOrb|Guts|Facade,HeadlongRush,Earthquake,Protect|||F|||50|,,,,,Dragon]Sinistcha||SitrusBerry|Hospitality|MatchaGotcha,LifeDew,RagePowder,TrickRoom||||||50|,,,,,Fire]Dragonite||LoadedDice|Multiscale|ScaleShot,Tailwind,Haze,Protect|||F|||50|,,,,,Fairy
|showteam|p2|Dragonite||LoadedDice|Multiscale|ScaleShot,ExtremeSpeed,Haze,Protect|||F|||50|,,,,,Steel]Volcarona||CovertCloak|FlameBody|HeatWave,TeraBlast,QuiverDance,Protect|||M|||50|,,,,,Fairy]Kingambit||BlackGlasses|Defiant|KowtowCleave,SuckerPunch,SwordsDance,Protect|||M|||50|,,,,,Dark]Sneasler||FocusSash|Unburden|CloseCombat,DireClaw,FakeOut,Coaching|||F|||50|,,,,,Stellar]Electabuzz||Eviolite|VitalSpirit|Thunderbolt,FollowMe,Taunt,Protect|||M|||50|,,,,,Ghost]Rillaboom||AssaultVest|GrassySurge|WoodHammer,GrassyGlide,FakeOut,HighHorsepower|||M|||50|,,,,,Fire
|inactive|Battle timer is ON: inactive players will automatically lose when time's up. (requested by Ruben1452)
|inactive|Ruben1452 has 60 seconds left.
|inactive|Starbai has 60 seconds left.
|inactive|Ruben1452 has 30 seconds left.
|inactive|Ruben1452 has 20 seconds left.
|inactive|Ruben1452 has 15 seconds left.
|inactive|Ruben1452 has 10 seconds left.
|
|t:|1757089901
|teamsize|p1|4
|teamsize|p2|4
|start
|switch|p1a: Gholdengo|Gholdengo, L50|100/100
|switch|p1b: Sinistcha|Sinistcha, L50|100/100
|switch|p2a: Volcarona|Volcarona, L50, M|100/100
|switch|p2b: Electabuzz|Electabuzz, L50, M|100/100
|turn|1
|inactive|Ruben1452 has 30 seconds left.
|inactive|Ruben1452 has 20 seconds left.
|inactive|Ruben1452 has 15 seconds left.
|inactive|Ruben1452 has 10 seconds left.
|inactive|Ruben1452 has 5 seconds left.
|
|t:|1757089954
|switch|p1a: Pelipper|Pelipper, L50, M|100/100
|-weather|RainDance|[from] ability: Drizzle|[of] p1a: Pelipper
|-terastallize|p1b: Sinistcha|Fire
|move|p2a: Volcarona|Heat Wave|p1a: Pelipper|[spread] p1a,p1b
|-resisted|p1a: Pelipper
|-resisted|p1b: Sinistcha
|-damage|p1a: Pelipper|91/100
|-damage|p1b: Sinistcha|92/100
|move|p2b: Electabuzz|Taunt|p1b: Sinistcha
|-start|p1b: Sinistcha|move: Taunt
|cant|p1b: Sinistcha|move: Taunt|Trick Room
|
|-weather|RainDance|[upkeep]
|upkeep
|turn|2
|inactive|Ruben1452 has 30 seconds left.
|inactive|Ruben1452 has 20 seconds left.
|inactive|Ruben1452 has 15 seconds left.
|
|t:|1757089998
|switch|p1b: Gholdengo|Gholdengo, L50|100/100
|move|p1a: Pelipper|Protect|p1a: Pelipper
|-singleturn|p1a: Pelipper|Protect
|move|p2a: Volcarona|Quiver Dance|p2a: Volcarona
|-boost|p2a: Volcarona|spa|1
|-boost|p2a: Volcarona|spd|1
|-boost|p2a: Volcarona|spe|1
|move|p2b: Electabuzz|Thunderbolt|p1a: Pelipper
|-activate|p1a: Pelipper|move: Protect
|
|-weather|RainDance|[upkeep]
|upkeep
|turn|3
|
|t:|1757090023
|switch|p1a: Ursaluna|Ursaluna, L50, F|100/100
|move|p2a: Volcarona|Heat Wave|p1a: Ursaluna|[spread] p1a,p1b
|-supereffective|p1b: Gholdengo
|-damage|p1a: Ursaluna|76/100
|-damage|p1b: Gholdengo|34/100
|move|p1b: Gholdengo|Thunder Wave|p2a: Volcarona|[miss]
|-miss|p1b: Gholdengo|p2a: Volcarona
|move|p2b: Electabuzz|Thunderbolt|p1a: Ursaluna
|-immune|p1a: Ursaluna
|
|-weather|RainDance|[upkeep]
|-status|p1a: Ursaluna|brn|[from] item: Flame Orb
|upkeep
|turn|4
|
|t:|1757090047
|-terastallize|p2a: Volcarona|Fairy
|move|p2b: Electabuzz|Follow Me|p2b: Electabuzz
|-singleturn|p2b: Electabuzz|move: Follow Me
|move|p2a: Volcarona|Tera Blast|p1a: Ursaluna|[anim] Tera Blast Fairy
|-damage|p1a: Ursaluna|21/100 brn
|move|p1b: Gholdengo|Thunder Wave|p2b: Electabuzz
|-immune|p2b: Electabuzz
|move|p1a: Ursaluna|Earthquake|p2a: Volcarona|[spread] p1b,p2a,p2b
|-supereffective|p1b: Gholdengo
|-supereffective|p2b: Electabuzz
|-damage|p1b: Gholdengo|0 fnt
|-damage|p2a: Volcarona|32/100
|-damage|p2b: Electabuzz|11/100
|faint|p1b: Gholdengo
|
|-weather|RainDance|[upkeep]
|-damage|p1a: Ursaluna|15/100 brn|[from] brn
|upkeep
|
|t:|1757090059
|switch|p1b: Pelipper|Pelipper, L50, M|91/100
|turn|5
|
|t:|1757090067
|move|p2a: Volcarona|Protect|p2a: Volcarona
|-singleturn|p2a: Volcarona|Protect
|move|p1a: Ursaluna|Protect|p1a: Ursaluna
|-singleturn|p1a: Ursaluna|Protect
|move|p2b: Electabuzz|Thunderbolt|p1b: Pelipper
|-supereffective|p1b: Pelipper
|-damage|p1b: Pelipper|0 fnt
|faint|p1b: Pelipper
|
|-weather|none
|-damage|p1a: Ursaluna|9/100 brn|[from] brn
|upkeep
|
|t:|1757090073
|switch|p1b: Sinistcha|Sinistcha, L50, tera:Fire|92/100
|-heal|p1a: Ursaluna|34/100 brn|[from] ability: Hospitality|[of] p1b: Sinistcha
|turn|6
|
|t:|1757090086
|move|p1b: Sinistcha|Rage Powder|p1b: Sinistcha
|-singleturn|p1b: Sinistcha|move: Rage Powder
|move|p2a: Volcarona|Heat Wave|p1b: Sinistcha|[spread] p1a,p1b
|-resisted|p1b: Sinistcha
|-crit|p1b: Sinistcha
|-damage|p1a: Ursaluna|0 fnt
|-damage|p1b: Sinistcha|55/100
|faint|p1a: Ursaluna
|move|p2b: Electabuzz|Taunt|p1b: Sinistcha
|-start|p1b: Sinistcha|move: Taunt
|
|upkeep
|turn|7
|
|t:|1757090094
|move|p2b: Electabuzz|Follow Me|p2b: Electabuzz
|-singleturn|p2b: Electabuzz|move: Follow Me
|move|p2a: Volcarona|Quiver Dance|p2a: Volcarona
|-boost|p2a: Volcarona|spa|1
|-boost|p2a: Volcarona|spd|1
|-boost|p2a: Volcarona|spe|1
|move|p1b: Sinistcha|Matcha Gotcha|p2a: Volcarona|[spread] p2a,p2b
|-damage|p2a: Volcarona|19/100
|-heal|p1b: Sinistcha|62/100|[from] drain|[of] p2a: Volcarona
|-damage|p2b: Electabuzz|0 fnt
|-heal|p1b: Sinistcha|67/100|[from] drain|[of] p2b: Electabuzz
|faint|p2b: Electabuzz
|
|upkeep
|
|t:|1757090097
|switch|p2b: Rillaboom|Rillaboom, L50, M|100/100
|-fieldstart|move: Grassy Terrain|[from] ability: Grassy Surge|[of] p2b: Rillaboom
|turn|8
|
|t:|1757090106
|move|p2b: Rillaboom|Fake Out|p1b: Sinistcha
|-damage|p1b: Sinistcha|53/100
|move|p2a: Volcarona|Quiver Dance|p2a: Volcarona
|-boost|p2a: Volcarona|spa|1
|-boost|p2a: Volcarona|spd|1
|-boost|p2a: Volcarona|spe|1
|cant|p1b: Sinistcha|flinch
|
|-heal|p2a: Volcarona|25/100|[from] Grassy Terrain
|-heal|p1b: Sinistcha|59/100|[from] Grassy Terrain
|upkeep
|turn|9
|
|t:|1757090112
|move|p2a: Volcarona|Tera Blast|p1b: Sinistcha|[anim] Tera Blast Fairy
|-resisted|p1b: Sinistcha
|-damage|p1b: Sinistcha|12/100
|-enditem|p1b: Sinistcha|Sitrus Berry|[eat]
|-heal|p1b: Sinistcha|37/100|[from] item: Sitrus Berry
|move|p2b: Rillaboom|High Horsepower|p1b: Sinistcha
|-supereffective|p1b: Sinistcha
|-damage|p1b: Sinistcha|0 fnt
|faint|p1b: Sinistcha
|
|win|Starbai
||Starbai is ready for game 2.
||Ruben1452 is ready for game 2.
|uhtml|next|Next: Game 2 of 3
