|j|☆HEROBREIN9
|j|☆Wayne4Life
|html|HEROBREIN9Wayne4Life    
|uhtml|bestof|Game 1 of a best-of-3
|t:|1784925583
|gametype|doubles
|player|p1|HEROBREIN9|acerola|
|player|p2|Wayne4Life|unknown|
|gen|9
|tier|[Gen 9 Champions] VGC 2026 Reg M-B (Bo3)
|rule|Species Clause: Limit one of each Pokémon
|rule|Item Clause: Limit 1 of each item
|clearpoke
|poke|p1|Emboar, L50, M|
|poke|p1|Feraligatr, L50, F|
|poke|p1|Talonflame, L50, F|
|poke|p1|Sinistcha, L50|
|poke|p1|Pelipper, L50, M|
|poke|p1|Arcanine-Hisui, L50, F, shiny|
|poke|p2|Heracross, L50, F, shiny|
|poke|p2|Milotic, L50, M, shiny|
|poke|p2|Talonflame, L50, F|
|poke|p2|Garchomp, L50, F|
|poke|p2|Absol, L50, F|
|poke|p2|Gholdengo, L50|
|teampreview|4
|showteam|p1|Emboar||Emboarite|Reckless|FlareBlitz,CloseCombat,Earthquake,Protect|Adamant||M|||50|]Feraligatr||Feraligite|SheerForce|DragonDance,Earthquake,DoubleEdge,Liquidation|Adamant||F|||50|]Talonflame||FocusSash|GaleWings|QuickGuard,Tailwind,FlareBlitz,DualWingbeat|Adamant||F|||50|]Sinistcha||SitrusBerry|Hospitality|MatchaGotcha,ShadowBall,RagePowder,Protect|Bold|||||50|]Pelipper||Leftovers|Drizzle|WideGuard,Hurricane,HydroPump,Protect|Bold||M|||50|]Arcanine-Hisui||LifeOrb|Intimidate|RockSlide,ExtremeSpeed,FlareBlitz,Protect|Jolly||F|||50|
|showteam|p2|Heracross||Heracronite|Guts|Protect,CloseCombat,RockBlast,PinMissile|Adamant||F|||50|]Milotic||Leftovers|Competitive|IceBeam,Scald,Protect,AlluringVoice|Modest||M|||50|]Talonflame||FocusSash|GaleWings|FlareBlitz,Tailwind,QuickGuard,BraveBird|Jolly||F|||50|]Garchomp||ChoiceScarf|RoughSkin|IronHead,Earthquake,DragonClaw,RockSlide|Adamant||F|||50|]Absol||Absolite|Justified|CloseCombat,PlayRough,ThroatChop,SuckerPunch|Jolly||F|||50|]Gholdengo||LifeOrb|GoodasGold|MakeItRain,ShadowBall,Thunderbolt,Protect|Modest|||||50|
|inactive|Battle timer is ON: inactive players will automatically lose when time's up. (requested by HEROBREIN9)
|j| Someoneofficial
|inactive|HEROBREIN9 has 60 seconds left.
|inactive|Wayne4Life has 60 seconds left.
|j| hakoryu
|c|☆HEROBREIN9|i made this in like 10 min
|c|☆HEROBREIN9|gomen
|inactive|HEROBREIN9 has 30 seconds left.
|inactive|HEROBREIN9 has 20 seconds left.
|c| hakoryu|its not terrible
|inactive|HEROBREIN9 has 15 seconds left.
|inactive|HEROBREIN9 has 10 seconds left.
|
|t:|1784925664
|teamsize|p1|4
|teamsize|p2|4
|start
|switch|p1a: Feraligatr|Feraligatr, L50, F|100/100
|switch|p1b: Talonflame|Talonflame, L50, F|100/100
|switch|p2a: Chompzilla|Garchomp, L50, F|100/100
|switch|p2b: Icarus|Talonflame, L50, F|100/100
|turn|1
|inactive|HEROBREIN9 has 30 seconds left.
|inactive|Wayne4Life has 30 seconds left.
|inactive|HEROBREIN9 has 20 seconds left.
|inactive|HEROBREIN9 has 15 seconds left.
|
|t:|1784925707
|detailschange|p1a: Feraligatr|Feraligatr-Mega, L50, F
|-mega|p1a: Feraligatr|Feraligatr|Feraligite
|move|p2b: Icarus|Tailwind|p2b: Icarus
|-sidestart|p2: Wayne4Life|move: Tailwind
|move|p1b: Talonflame|Tailwind|p1b: Talonflame
|-sidestart|p1: HEROBREIN9|move: Tailwind
|move|p2a: Chompzilla|Rock Slide|p1b: Talonflame|[spread] p1b
|-miss|p2a: Chompzilla|p1a: Feraligatr
|-supereffective|p1b: Talonflame|2
|-enditem|p1b: Talonflame|Focus Sash
|-damage|p1b: Talonflame|1/100
|move|p1a: Feraligatr|Dragon Dance|p1a: Feraligatr
|-boost|p1a: Feraligatr|atk|1
|-boost|p1a: Feraligatr|spe|1
|
|upkeep
|turn|2
|c| hakoryu|wayne its lowkey wraps
|inactive|HEROBREIN9 has 30 seconds left.
|inactive|HEROBREIN9 has 20 seconds left.
|inactive|HEROBREIN9 has 15 seconds left.
|inactive|Wayne4Life has 30 seconds left.
|inactive|Wayne4Life has 20 seconds left.
|inactive|Wayne4Life has 15 seconds left.
|inactive|Wayne4Life has 10 seconds left.
|
|t:|1784925779
|move|p1b: Talonflame|Quick Guard|p1b: Talonflame
|-singleturn|p1b: Talonflame|Quick Guard
|move|p2b: Icarus|Brave Bird|p1a: Feraligatr
|-activate|p1a: Feraligatr|move: Quick Guard
|move|p2a: Chompzilla|Rock Slide|p1a: Feraligatr|[spread] p1a,p1b
|-supereffective|p1b: Talonflame|2
|-damage|p1a: Feraligatr|80/100
|-damage|p1b: Talonflame|0 fnt
|faint|p1b: Talonflame
|move|p1a: Feraligatr|Double-Edge|p2a: Chompzilla
|-supereffective|p2a: Chompzilla|1
|-damage|p2a: Chompzilla|0 fnt
|-damage|p1a: Feraligatr|68/100|[from] ability: Rough Skin|[of] p2a: Chompzilla
|faint|p2a: Chompzilla
|-damage|p1a: Feraligatr|30/100|[from] Recoil
|
|upkeep
|
|t:|1784925795
|switch|p1b: Sinistcha|Sinistcha, L50|100/100
|switch|p2a: GHOATdengo|Gholdengo, L50|100/100
|-heal|p1a: Feraligatr|55/100|[from] ability: Hospitality|[of] p1b: Sinistcha
|turn|3
|inactive|HEROBREIN9 has 30 seconds left.
|inactive|Wayne4Life has 30 seconds left.
|
|t:|1784925830
|move|p2a: GHOATdengo|Protect|p2a: GHOATdengo
|-singleturn|p2a: GHOATdengo|Protect
|move|p1b: Sinistcha|Rage Powder|p1b: Sinistcha
|-singleturn|p1b: Sinistcha|move: Rage Powder
|move|p2b: Icarus|Brave Bird|p1b: Sinistcha
|-supereffective|p1b: Sinistcha|1
|-damage|p1b: Sinistcha|34/100
|-enditem|p1b: Sinistcha|Sitrus Berry|[eat]
|-heal|p1b: Sinistcha|59/100|[from] item: Sitrus Berry
|-damage|p2b: Icarus|75/100|[from] Recoil
|move|p1a: Feraligatr|Earthquake|p2b: Icarus|[spread] p1b
|-activate|p2a: GHOATdengo|move: Protect
|-immune|p2b: Icarus
|-resisted|p1b: Sinistcha|1
|-damage|p1b: Sinistcha|42/100
|
|upkeep
|turn|4
|
|t:|1784925851
|switch|p2a: Asuna|Milotic, L50, M, shiny|100/100
|move|p1b: Sinistcha|Protect|p1b: Sinistcha
|-singleturn|p1b: Sinistcha|Protect
|move|p2b: Icarus|Brave Bird|p1a: Feraligatr
|-damage|p1a: Feraligatr|12/100
|-damage|p2b: Icarus|60/100|[from] Recoil
|move|p1a: Feraligatr|Earthquake|p2a: Asuna|[spread] p2a
|-activate|p1b: Sinistcha|move: Protect
|-immune|p2b: Icarus
|-damage|p2a: Asuna|45/100
|
|-heal|p2a: Asuna|51/100|[from] item: Leftovers
|-sideend|p2: Wayne4Life|move: Tailwind
|-sideend|p1: HEROBREIN9|move: Tailwind
|upkeep
|turn|5
|inactive|HEROBREIN9 has 30 seconds left.
|inactive|HEROBREIN9 has 20 seconds left.
|inactive|HEROBREIN9 has 15 seconds left.
|inactive|HEROBREIN9 has 10 seconds left.
|
|t:|1784925899
|move|p1b: Sinistcha|Rage Powder|p1b: Sinistcha
|-singleturn|p1b: Sinistcha|move: Rage Powder
|move|p2b: Icarus|Brave Bird|p1b: Sinistcha
|-supereffective|p1b: Sinistcha|1
|-damage|p1b: Sinistcha|0 fnt
|faint|p1b: Sinistcha
|-damage|p2b: Icarus|44/100|[from] Recoil
|move|p1a: Feraligatr|Liquidation|p2b: Icarus
|-supereffective|p2b: Icarus|1
|-damage|p2b: Icarus|0 fnt
|faint|p2b: Icarus
|move|p2a: Asuna|Ice Beam|p1a: Feraligatr
|-damage|p1a: Feraligatr|0 fnt
|faint|p1a: Feraligatr
|
|-heal|p2a: Asuna|57/100|[from] item: Leftovers
|upkeep
|c|☆HEROBREIN9|lol
|
|t:|1784925913
|switch|p2b: GHOATdengo|Gholdengo, L50|100/100
|switch|p1b: Arcanine|Arcanine-Hisui, L50, F, shiny|100/100
|-ability|p1b: Arcanine|Intimidate|boost
|-unboost|p2a: Asuna|atk|1
|-ability|p2a: Asuna|Competitive|boost
|-boost|p2a: Asuna|spa|2
|-unboost|p2b: GHOATdengo|atk|1
|turn|6
|
|t:|1784925927
|move|p1b: Arcanine|Rock Slide|p2b: GHOATdengo|[spread] p2a,p2b
|-resisted|p2b: GHOATdengo|1
|-damage|p2a: Asuna|22/100
|-damage|p2b: GHOATdengo|79/100
|-damage|p1b: Arcanine|90/100|[from] item: Life Orb
|move|p2b: GHOATdengo|Shadow Ball|p1b: Arcanine
|-damage|p1b: Arcanine|15/100
|-damage|p2b: GHOATdengo|69/100|[from] item: Life Orb
|move|p2a: Asuna|Scald|p1b: Arcanine
|-supereffective|p1b: Arcanine|2
|-damage|p1b: Arcanine|0 fnt
|faint|p1b: Arcanine
|
|win|Wayne4Life
|c|☆HEROBREIN9|dont click scald
||HEROBREIN9 is ready for game 2.
|inactive|Wayne4Life has 30 seconds to confirm battle start!
