|j|â˜†merrypasta
|j|â˜†Gabeeel
|html|merrypastaGabeeel    
|uhtml|bestof|Game 3 of a best-of-3
|t:|1784981278
|gametype|doubles
|player|p1|merrypasta|anabel-gen7|
|player|p2|Gabeeel|iris|
|gen|9
|tier|[Gen 9 Champions] VGC 2026 Reg M-B (Bo3)
|rule|Species Clause: Limit one of each PokÃ©mon
|rule|Item Clause: Limit 1 of each item
|clearpoke
|poke|p1|Gardevoir, L50, F, shiny|
|poke|p1|Aegislash, L50, F|
|poke|p1|Tsareena, L50, F|
|poke|p1|Scrafty, L50, M|
|poke|p1|Rotom-Wash, L50|
|poke|p1|Talonflame, L50, F|
|poke|p2|Scrafty, L50, M, shiny|
|poke|p2|Glimmora, L50, M|
|poke|p2|Talonflame, L50, F|
|poke|p2|Primarina, L50, M|
|poke|p2|Mamoswine, L50, F|
|poke|p2|Metagross, L50|
|teampreview|4
|showteam|p1|Gardevoir||Gardevoirite|Trace|HyperVoice,Psyshock,Protect,TrickRoom|Modest||F|||50|]Aegislash||LifeOrb|StanceChange|Poltergeist,CloseCombat,KingsShield,ShadowSneak|Adamant||F|||50|]Tsareena||ExpertBelt|QueenlyMajesty|PowerWhip,TripleAxel,Protect,LowKick|Adamant||F|||50|]Scrafty||Scraftinite|Intimidate|CloseCombat,KnockOff,FakeOut,Encore|Adamant||M|||50|]Rotom-Wash||SitrusBerry|Levitate|Thunderbolt,HydroPump,Protect,WillOWisp|Modest|||||50|]Talonflame||SharpBeak|GaleWings|BraveBird,FlareBlitz,Protect,Tailwind|Jolly||F|||50|
|showteam|p2|Scrafty||Scraftinite|Intimidate|FakeOut,DrainPunch,KnockOff,HelpingHand|Adamant||M|||50|]Glimmora||Glimmoranite|ToxicDebris|SludgeBomb,PowerGem,EarthPower,SpikyShield|Modest||M|||50|]Talonflame||ExpertBelt|GaleWings|BraveBird,FlareBlitz,Tailwind,Protect|Jolly||F|||50|]Primarina||Leftovers|LiquidVoice|HyperVoice,Moonblast,CalmMind,Protect|Modest||M|||50|]Mamoswine||FocusSash|Oblivious|Earthquake,HighHorsepower,IceShard,Protect|Adamant||F|||50|]Metagross||ColburBerry|ClearBody|PsychicFangs,IronHead,BulletPunch,Protect|Adamant|||||50|
|l|â˜†merrypasta
|player|p1|
|
|t:|1784981375
|teamsize|p1|4
|teamsize|p2|4
|start
|switch|p1a: Talonflame|Talonflame, L50, F|100/100
|switch|p1b: Gardevoir|Gardevoir, L50, F, shiny|100/100
|switch|p2a: Puterrier|Scrafty, L50, M, shiny|100/100
|switch|p2b: MatuÃª|Glimmora, L50, M|100/100
|-ability|p1b: Gardevoir|Intimidate|Trace|[from] ability: Trace|[of] p2a: Puterrier
|-ability|p1b: Gardevoir|Intimidate|boost
|-unboost|p2a: Puterrier|atk|1
|-unboost|p2b: MatuÃª|atk|1
|-ability|p2a: Puterrier|Intimidate|boost
|-unboost|p1a: Talonflame|atk|1
|-unboost|p1b: Gardevoir|atk|1
|turn|1
|j|â˜†merrypasta
|player|p1|merrypasta|anabel-gen7|
|c|â˜†merrypasta|ected
|c|â˜†merrypasta|disconnected
|
|t:|1784981531
|detailschange|p2b: MatuÃª|Glimmora-Mega, L50, M
|-mega|p2b: MatuÃª|Glimmora|Glimmoranite
|move|p1a: Talonflame|Protect|p1a: Talonflame
|-singleturn|p1a: Talonflame|Protect
|move|p1b: Gardevoir|Protect|p1b: Gardevoir
|-singleturn|p1b: Gardevoir|Protect
|move|p2a: Puterrier|Fake Out|p1b: Gardevoir
|-activate|p1b: Gardevoir|move: Protect
|move|p2b: MatuÃª|Sludge Bomb|p1b: Gardevoir
|-activate|p1b: Gardevoir|move: Protect
|
|upkeep
|turn|2
|c|â˜†Gabeeel|no worrys
|
|t:|1784981575
|switch|p2a: AviÃµes do ForrÃ³|Talonflame, L50, F|100/100
|detailschange|p1b: Gardevoir|Gardevoir-Mega, L50, F, shiny
|-mega|p1b: Gardevoir|Gardevoir|Gardevoirite
|move|p2b: MatuÃª|Spiky Shield|p2b: MatuÃª
|-singleturn|p2b: MatuÃª|move: Protect
|move|p1a: Talonflame|Tailwind|p1a: Talonflame
|-sidestart|p1: merrypasta|move: Tailwind
|move|p1b: Gardevoir|Hyper Voice|p2b: MatuÃª|[spread] p2a
|-activate|p2b: MatuÃª|move: Protect
|-resisted|p2a: AviÃµes do ForrÃ³|1
|-damage|p2a: AviÃµes do ForrÃ³|56/100
|
|upkeep
|turn|3
|
|t:|1784981592
|switch|p2b: Puterrier|Scrafty, L50, M, shiny|100/100
|-ability|p2b: Puterrier|Intimidate|boost
|-unboost|p1a: Talonflame|atk|1
|-unboost|p1b: Gardevoir|atk|1
|move|p2a: AviÃµes do ForrÃ³|Protect|p2a: AviÃµes do ForrÃ³
|-singleturn|p2a: AviÃµes do ForrÃ³|Protect
|move|p1a: Talonflame|Brave Bird|p2a: AviÃµes do ForrÃ³
|-activate|p2a: AviÃµes do ForrÃ³|move: Protect
|move|p1b: Gardevoir|Psyshock|p2b: Puterrier
|-immune|p2b: Puterrier
|
|upkeep
|turn|4
|
|t:|1784981608
|switch|p1a: Tsareena|Tsareena, L50, F|100/100
|move|p2b: Puterrier|Fake Out||[still]
|cant|p1a: Tsareena|ability: Queenly Majesty|Fake Out|[of] p2b: Puterrier
|move|p1b: Gardevoir|Psyshock|p2a: AviÃµes do ForrÃ³
|-crit|p2a: AviÃµes do ForrÃ³
|-damage|p2a: AviÃµes do ForrÃ³|0 fnt
|faint|p2a: AviÃµes do ForrÃ³
|
|upkeep
|
|t:|1784981623
|switch|p2a: Pabllo Vittar|Primarina, L50, M|100/100
|turn|5
|
|t:|1784981659
|switch|p2b: MatuÃª|Glimmora-Mega, L50, M|100/100
|move|p2a: Pabllo Vittar|Protect|p2a: Pabllo Vittar
|-singleturn|p2a: Pabllo Vittar|Protect
|move|p1b: Gardevoir|Psyshock|p2b: MatuÃª
|-supereffective|p2b: MatuÃª|1
|-damage|p2b: MatuÃª|1/100
|move|p1a: Tsareena|Power Whip|p2a: Pabllo Vittar
|-activate|p2a: Pabllo Vittar|move: Protect
|
|-sideend|p1: merrypasta|move: Tailwind
|upkeep
|turn|6
|c|â˜†merrypasta|oh wow
|c|â˜†merrypasta|i forgot glimm has good phys def so it can roll to live that lol
|
|t:|1784981678
|move|p2b: MatuÃª|Sludge Bomb|p1a: Tsareena
|-supereffective|p1a: Tsareena|1
|-damage|p1a: Tsareena|0 fnt
|faint|p1a: Tsareena
|move|p1b: Gardevoir|Hyper Voice|p2a: Pabllo Vittar|[spread] p2a,p2b
|-resisted|p2b: MatuÃª|1
|-damage|p2a: Pabllo Vittar|57/100
|-damage|p2b: MatuÃª|0 fnt
|faint|p2b: MatuÃª
|move|p2a: Pabllo Vittar|Calm Mind|p2a: Pabllo Vittar
|-boost|p2a: Pabllo Vittar|spa|1
|-boost|p2a: Pabllo Vittar|spd|1
|
|-heal|p2a: Pabllo Vittar|63/100|[from] item: Leftovers
|upkeep
|c|â˜†Gabeeel|f
|
|t:|1784981684
|switch|p2b: Puterrier|Scrafty, L50, M, shiny|100/100
|switch|p1a: Talonflame|Talonflame, L50, F|100/100
|-ability|p2b: Puterrier|Intimidate|boost
|-unboost|p1a: Talonflame|atk|1
|-unboost|p1b: Gardevoir|atk|1
|turn|7
|j| thebusinesspiggy2
|
|t:|1784981746
|switch|p1a: Rotom|Rotom-Wash, L50|100/100
|move|p1b: Gardevoir|Protect|p1b: Gardevoir
|-singleturn|p1b: Gardevoir|Protect
|move|p2b: Puterrier|Fake Out|p1b: Gardevoir
|-activate|p1b: Gardevoir|move: Protect
|move|p2a: Pabllo Vittar|Calm Mind|p2a: Pabllo Vittar
|-boost|p2a: Pabllo Vittar|spa|1
|-boost|p2a: Pabllo Vittar|spd|1
|
|-heal|p2a: Pabllo Vittar|69/100|[from] item: Leftovers
|upkeep
|turn|8
|
|t:|1784981757
|move|p2a: Pabllo Vittar|Protect|p2a: Pabllo Vittar
|-singleturn|p2a: Pabllo Vittar|Protect
|move|p1b: Gardevoir|Psyshock|p2a: Pabllo Vittar
|-activate|p2a: Pabllo Vittar|move: Protect
|move|p1a: Rotom|Thunderbolt|p2a: Pabllo Vittar
|-activate|p2a: Pabllo Vittar|move: Protect
|move|p2b: Puterrier|Knock Off|p1a: Rotom
|-damage|p1a: Rotom|57/100
|-enditem|p1a: Rotom|Sitrus Berry|[from] move: Knock Off|[of] p2b: Puterrier
|
|-heal|p2a: Pabllo Vittar|75/100|[from] item: Leftovers
|upkeep
|turn|9
|j|+pengu
|
|t:|1784981794
|move|p2b: Puterrier|Helping Hand|p2a: Pabllo Vittar
|-singleturn|p2a: Pabllo Vittar|Helping Hand|[of] p2b: Puterrier
|move|p1a: Rotom|Thunderbolt|p2a: Pabllo Vittar
|-supereffective|p2a: Pabllo Vittar|1
|-damage|p2a: Pabllo Vittar|39/100
|move|p1b: Gardevoir|Psyshock|p2a: Pabllo Vittar
|-damage|p2a: Pabllo Vittar|0 fnt
|faint|p2a: Pabllo Vittar
|
|upkeep
|turn|10
|c|â˜†Gabeeel|yea ggs
|c|â˜†Gabeeel|wp
|c|â˜†merrypasta|i would hyper voice but it's not impossible that primarina can protect spam to heal
|c|â˜†merrypasta|gg
|
|t:|1784981813
|move|p1a: Rotom|Will-O-Wisp|p2b: Puterrier
|-status|p2b: Puterrier|brn
|move|p1b: Gardevoir|Hyper Voice|p2b: Puterrier
|-supereffective|p2b: Puterrier|2
|-damage|p2b: Puterrier|0 fnt
|faint|p2b: Puterrier
|
|win|merrypasta
|c|â˜†merrypasta|it could be bulky enough to maybe live brave bird after the hits
|c|â˜†Gabeeel|it is in fackt pretty bulky
|c|â˜†Gabeeel|but i dont no if would live
|l|+pengu
|c|â˜†Gabeeel|prob not
|l|â˜†merrypasta
|player|p1|
|l| thebusinesspiggy2
