|j|☆hexagonfoot
|j|☆Boomyy
|html|hexagonfootBoomyy    
|uhtml|bestof|Game 1 of a best-of-3
|t:|1756531922
|gametype|doubles
|player|p1|hexagonfoot|caitlin|1198
|player|p2|Boomyy|brawly|1281
|gen|9
|tier|[Gen 9] VGC 2025 Reg H (Bo3)
|rated|
|rule|Species Clause: Limit one of each Pokémon
|rule|Item Clause: Limit 1 of each item
|clearpoke
|poke|p1|Kingambit, L50, F|
|poke|p1|Primarina, L50, M|
|poke|p1|Sneasler, L50, M|
|poke|p1|Magmar, L50, M|
|poke|p1|Rillaboom, L50, M|
|poke|p1|Dragapult, L50, M|
|poke|p2|Indeedee-F, L50, F|
|poke|p2|Exeggutor, L50, M|
|poke|p2|Torkoal, L50, M|
|poke|p2|Ursaluna, L50, F|
|poke|p2|Gallade, L50, M|
|poke|p2|Zoroark-Hisui, L50, F|
|teampreview|4
|showteam|p1|Kingambit||BlackGlasses|Defiant|KowtowCleave,SuckerPunch,SwordsDance,Protect|||F|||50|,,,,,Ghost]Primarina||SitrusBerry|LiquidVoice|HyperVoice,Moonblast,Haze,Protect|||M|||50|,,,,,Water]Sneasler||FocusSash|PoisonTouch|CloseCombat,DireClaw,FakeOut,Protect|||M|||50|,,,,,Stellar]Magmar||Eviolite|VitalSpirit|Overheat,WillOWisp,FollowMe,Protect|||M|||50|,,,,,Ghost]Rillaboom||AssaultVest|GrassySurge|WoodHammer,GrassyGlide,HighHorsepower,FakeOut|||M|||50|,,,,,Fire]Dragapult||ChoiceBand|ClearBody|DragonDarts,PhantomForce,TeraBlast,Uturn|||M|||50|,,,,,Ghost
|showteam|p2|Indeedee-F||PsychicSeed|PsychicSurge|FollowMe,Psychic,HelpingHand,TrickRoom|||F|||50|,,,,,Grass]Exeggutor||FocusSash|Chlorophyll|ExpandingForce,EnergyBall,SleepPowder,TrickRoom|||M|||50|,,,,,Psychic]Torkoal||Charcoal|Drought|Eruption,WeatherBall,ClearSmog,Protect|||M|||50|,,,,,Fire]Ursaluna||FlameOrb|Guts|Facade,HeadlongRush,Earthquake,Protect|||F|||50|,,,,,Ghost]Gallade||ClearAmulet|Sharpness|PsychoCut,SacredSword,WideGuard,TrickRoom|||M|||50|,,,,,Fire]Zoroark-Hisui||ChoiceSpecs|Illusion|HyperVoice,ShadowBall,Flamethrower,HyperBeam|||F|||50|,,,,,Stellar
|inactive|Battle timer is ON: inactive players will automatically lose when time's up. (requested by Boomyy)
|inactive|hexagonfoot has 60 seconds left.
|inactive|Boomyy has 60 seconds left.
|
|t:|1756531976
|teamsize|p1|4
|teamsize|p2|4
|start
|switch|p1a: Magmar|Magmar, L50, M|100/100
|switch|p1b: Kingambit|Kingambit, L50, F|100/100
|switch|p2a: Torkoal|Torkoal, L50, M|100/100
|switch|p2b: Exeggutor|Exeggutor, L50, M|100/100
|-weather|SunnyDay|[from] ability: Drought|[of] p2a: Torkoal
|turn|1
|inactive|Boomyy has 30 seconds left.
|
|t:|1756532009
|move|p1b: Kingambit|Protect|p1b: Kingambit
|-singleturn|p1b: Kingambit|Protect
|move|p1a: Magmar|Overheat|p2b: Exeggutor
|-supereffective|p2b: Exeggutor
|-enditem|p2b: Exeggutor|Focus Sash
|-damage|p2b: Exeggutor|1/100
|-unboost|p1a: Magmar|spa|2
|move|p2a: Torkoal|Eruption|p1a: Magmar|[spread] p1a
|-activate|p1b: Kingambit|move: Protect
|-resisted|p1a: Magmar
|-damage|p1a: Magmar|64/100
|move|p2b: Exeggutor|Trick Room|p2b: Exeggutor
|-fieldstart|move: Trick Room|[of] p2b: Exeggutor
|
|-weather|SunnyDay|[upkeep]
|upkeep
|turn|2
|inactive|hexagonfoot has 30 seconds left.
|
|t:|1756532039
|switch|p1b: Primarina|Primarina, L50, M|100/100
|switch|p2b: Ursaluna|Ursaluna, L50, F|100/100
|-terastallize|p2a: Torkoal|Fire
|move|p2a: Torkoal|Eruption|p1b: Primarina|[spread] p1a,p1b
|-resisted|p1a: Magmar
|-resisted|p1b: Primarina
|-damage|p1a: Magmar|15/100
|-damage|p1b: Primarina|53/100
|move|p1a: Magmar|Overheat|p2a: Torkoal
|-resisted|p2a: Torkoal
|-damage|p2a: Torkoal|76/100
|-unboost|p1a: Magmar|spa|2
|
|-weather|SunnyDay|[upkeep]
|-status|p2b: Ursaluna|brn|[from] item: Flame Orb
|upkeep
|turn|3
|inactive|Boomyy has 30 seconds left.
|
|t:|1756532070
|move|p1b: Primarina|Protect|p1b: Primarina
|-singleturn|p1b: Primarina|Protect
|move|p1a: Magmar|Follow Me|p1a: Magmar
|-singleturn|p1a: Magmar|move: Follow Me
|move|p2a: Torkoal|Eruption|p1a: Magmar|[spread] p1a
|-activate|p1b: Primarina|move: Protect
|-resisted|p1a: Magmar
|-damage|p1a: Magmar|0 fnt
|faint|p1a: Magmar
|move|p2b: Ursaluna|Facade|p1b: Primarina
|-activate|p1b: Primarina|move: Protect
|
|-weather|SunnyDay|[upkeep]
|-damage|p2b: Ursaluna|95/100 brn|[from] brn
|upkeep
|
|t:|1756532081
|switch|p1a: Rillaboom|Rillaboom, L50, M|100/100
|-fieldstart|move: Grassy Terrain|[from] ability: Grassy Surge|[of] p1a: Rillaboom
|turn|4
|
|t:|1756532102
|-terastallize|p1a: Rillaboom|Fire
|move|p1a: Rillaboom|Fake Out|p2b: Ursaluna
|-damage|p2b: Ursaluna|83/100 brn
|move|p2a: Torkoal|Eruption|p1b: Primarina|[spread] p1a,p1b
|-resisted|p1a: Rillaboom
|-resisted|p1b: Primarina
|-damage|p1a: Rillaboom|69/100
|-damage|p1b: Primarina|17/100
|-enditem|p1b: Primarina|Sitrus Berry|[eat]
|-heal|p1b: Primarina|42/100|[from] item: Sitrus Berry
|cant|p2b: Ursaluna|flinch
|move|p1b: Primarina|Hyper Voice|p2a: Torkoal|[spread] p2a,p2b
|-supereffective|p2a: Torkoal
|-supereffective|p2b: Ursaluna
|-crit|p2b: Ursaluna
|-damage|p2a: Torkoal|38/100
|-damage|p2b: Ursaluna|44/100 brn
|
|-weather|SunnyDay|[upkeep]
|-heal|p2a: Torkoal|44/100|[from] Grassy Terrain
|-heal|p2b: Ursaluna|50/100 brn|[from] Grassy Terrain
|-heal|p1b: Primarina|48/100|[from] Grassy Terrain
|-heal|p1a: Rillaboom|75/100|[from] Grassy Terrain
|-damage|p2b: Ursaluna|44/100 brn|[from] brn
|upkeep
|turn|5
|
|t:|1756532123
|switch|p2a: Indeedee|Indeedee-F, L50, F|100/100
|-fieldstart|move: Psychic Terrain|[from] ability: Psychic Surge|[of] p2a: Indeedee
|-enditem|p2a: Indeedee|Psychic Seed
|-boost|p2a: Indeedee|spd|1|[from] item: Psychic Seed
|move|p2b: Ursaluna|Headlong Rush|p1a: Rillaboom
|-supereffective|p1a: Rillaboom
|-damage|p1a: Rillaboom|0 fnt
|-unboost|p2b: Ursaluna|def|1
|-unboost|p2b: Ursaluna|spd|1
|faint|p1a: Rillaboom
|move|p1b: Primarina|Hyper Voice|p2b: Ursaluna|[spread] p2a,p2b
|-supereffective|p2b: Ursaluna
|-damage|p2a: Indeedee|90/100
|-damage|p2b: Ursaluna|8/100 brn
|
|-weather|none
|-damage|p2b: Ursaluna|2/100 brn|[from] brn
|-fieldend|move: Trick Room
|upkeep
|
|t:|1756532133
|switch|p1a: Kingambit|Kingambit, L50, F|100/100
|turn|6
|inactive|Boomyy has 30 seconds left.
|inactive|Boomyy has 20 seconds left.
|inactive|Boomyy has 15 seconds left.
|
|t:|1756532175
|move|p1b: Primarina|Protect|p1b: Primarina
|-singleturn|p1b: Primarina|Protect
|move|p1a: Kingambit|Protect|p1a: Kingambit
|-singleturn|p1a: Kingambit|Protect
|move|p2b: Ursaluna|Protect|p2b: Ursaluna
|-singleturn|p2b: Ursaluna|Protect
|move|p2a: Indeedee|Trick Room|p2a: Indeedee
|-fieldstart|move: Trick Room|[of] p2a: Indeedee
|
|-damage|p2b: Ursaluna|0 fnt|[from] brn
|faint|p2b: Ursaluna
|upkeep
|
|t:|1756532189
|switch|p2b: Torkoal|Torkoal, L50, M, tera:Fire|44/100
|-weather|SunnyDay|[from] ability: Drought|[of] p2b: Torkoal
|turn|7
|
|t:|1756532213
|move|p2a: Indeedee|Helping Hand|p2b: Torkoal
|-singleturn|p2b: Torkoal|Helping Hand|[of] p2a: Indeedee
|move|p2b: Torkoal|Eruption|p1a: Kingambit|[spread] p1a,p1b
|-supereffective|p1a: Kingambit
|-resisted|p1b: Primarina
|-damage|p1a: Kingambit|0 fnt
|-damage|p1b: Primarina|14/100
|faint|p1a: Kingambit
|move|p1b: Primarina|Hyper Voice|p2b: Torkoal|[spread] p2a,p2b
|-supereffective|p2b: Torkoal
|-damage|p2a: Indeedee|80/100
|-damage|p2b: Torkoal|2/100
|
|-weather|SunnyDay|[upkeep]
|upkeep
|turn|8
|-message|hexagonfoot forfeited.
|
|win|Boomyy
||hexagonfoot is ready for game 2.
||Boomyy is ready for game 2.
|uhtml|next|Next: Game 2 of 3
|l|☆Boomyy
|player|p2|
