|j|☆SGRspears
|j|☆Tchoubib
|html|SGRspearsTchoubib    
|uhtml|bestof|Game 1 of a best-of-3
|t:|1756583513
|gametype|doubles
|player|p1|SGRspears|hiker-gen4|1119
|player|p2|Tchoubib|cynthia|1212
|gen|9
|tier|[Gen 9] VGC 2025 Reg H (Bo3)
|rated|
|rule|Species Clause: Limit one of each Pokémon
|rule|Item Clause: Limit 1 of each item
|clearpoke
|poke|p1|Tyranitar, L50, M|
|poke|p1|Archaludon, L50, M|
|poke|p1|Empoleon, L50, F|
|poke|p1|Rillaboom, L50, M|
|poke|p1|Kingambit, L50, M|
|poke|p1|Gholdengo, L50|
|poke|p2|Sneasler, L50, F|
|poke|p2|Dragapult, L50, M|
|poke|p2|Primarina, L50, M|
|poke|p2|Rillaboom, L50, F|
|poke|p2|Kingambit, L50, M|
|poke|p2|Magmar, L50, M|
|teampreview|4
|showteam|p1|Tyranitar||GrassySeed|SandStream|RockSlide,Snarl,BodyPress,Protect|||M|||50|,,,,,Fighting]Archaludon||PowerHerb|Stamina|ElectroShot,DragonPulse,FlashCannon,Protect|||M|||50|,,,,,Electric]Empoleon||SafetyGoggles|Competitive|FlashCannon,WaterPledge,IcyWind,Protect|||F|||50|,,,,,Water]Rillaboom||CovertCloak|GrassySurge|GrassyGlide,KnockOff,FakeOut,GrassPledge|||M|||50|,,,,,Grass]Kingambit||AssaultVest|Defiant|KowtowCleave,BrickBreak,IronHead,AerialAce|||M|||50|,,,,,Dark]Gholdengo||LifeOrb|GoodasGold|Protect,NastyPlot,MakeItRain,ShadowBall||||||50|,,,,,Steel
|showteam|p2|Sneasler||FocusSash|PoisonTouch|CloseCombat,DireClaw,FakeOut,Protect|||F|||50|,,,,,Stellar]Dragapult||ChoiceBand|ClearBody|DragonDarts,TeraBlast,PhantomForce,Uturn|||M|||50|,,,,,Ghost]Primarina||SitrusBerry|LiquidVoice|HyperVoice,Moonblast,Haze,Protect|||M|||50|,,,,,Water]Rillaboom||AssaultVest|GrassySurge|WoodHammer,GrassyGlide,HighHorsepower,FakeOut|||F|||50|,,,,,Fire]Kingambit||BlackGlasses|Defiant|KowtowCleave,SuckerPunch,SwordsDance,Protect|||M|||50|,,,,,Ghost]Magmar||Eviolite|VitalSpirit|Flamethrower,WillOWisp,FollowMe,Protect|||M|||50|,,,,,Ghost
|
|t:|1756583613
|teamsize|p1|4
|teamsize|p2|4
|start
|switch|p1a: Empoleon|Empoleon, L50, F|100/100
|switch|p1b: Rillaboom|Rillaboom, L50, M|100/100
|switch|p2a: Sneasler|Sneasler, L50, F|100/100
|switch|p2b: Dragapult|Dragapult, L50, M|100/100
|-fieldstart|move: Grassy Terrain|[from] ability: Grassy Surge|[of] p1b: Rillaboom
|turn|1
|
|t:|1756583650
|move|p2a: Sneasler|Fake Out|p1b: Rillaboom
|-damage|p1b: Rillaboom|87/100
|move|p2b: Dragapult|U-turn|p1b: Rillaboom
|-supereffective|p1b: Rillaboom
|-damage|p1b: Rillaboom|31/100
|
|t:|1756583662
|switch|p2b: Kingambit|Kingambit, L50, M|100/100|[from] U-turn
|move|p1b: Rillaboom|Knock Off|p2b: Kingambit
|-resisted|p2b: Kingambit
|-damage|p2b: Kingambit|89/100
|-enditem|p2b: Kingambit|Black Glasses|[from] move: Knock Off|[of] p1b: Rillaboom
|move|p1a: Empoleon|Icy Wind|p2a: Sneasler|[spread] p2a,p2b
|-resisted|p2b: Kingambit
|-damage|p2a: Sneasler|80/100
|-damage|p2b: Kingambit|82/100
|-unboost|p2a: Sneasler|spe|1
|-unboost|p2b: Kingambit|spe|1
|-ability|p2b: Kingambit|Defiant|boost
|-boost|p2b: Kingambit|atk|2
|
|-heal|p2a: Sneasler|86/100|[from] Grassy Terrain
|-heal|p1b: Rillaboom|37/100|[from] Grassy Terrain
|-heal|p2b: Kingambit|88/100|[from] Grassy Terrain
|upkeep
|turn|2
|
|t:|1756583727
|move|p2a: Sneasler|Close Combat|p1a: Empoleon
|-supereffective|p1a: Empoleon
|-damage|p1a: Empoleon|0 fnt
|-unboost|p2a: Sneasler|def|1
|-unboost|p2a: Sneasler|spd|1
|faint|p1a: Empoleon
|move|p1b: Rillaboom|Grass Pledge|p2a: Sneasler
|-resisted|p2a: Sneasler
|-crit|p2a: Sneasler
|-damage|p2a: Sneasler|50/100
|move|p2b: Kingambit|Kowtow Cleave|p1b: Rillaboom
|-damage|p1b: Rillaboom|0 fnt
|faint|p1b: Rillaboom
|
|-heal|p2a: Sneasler|56/100|[from] Grassy Terrain
|-heal|p2b: Kingambit|94/100|[from] Grassy Terrain
|upkeep
|
|t:|1756583741
|switch|p1b: Archaludon|Archaludon, L50, M|100/100
|switch|p1a: Tyranitar|Tyranitar, L50, M|100/100
|-weather|Sandstorm|[from] ability: Sand Stream|[of] p1a: Tyranitar
|-enditem|p1a: Tyranitar|Grassy Seed
|-boost|p1a: Tyranitar|def|1|[from] item: Grassy Seed
|turn|3
|inactive|Battle timer is ON: inactive players will automatically lose when time's up. (requested by SGRspears)
|
|t:|1756583808
|-terastallize|p1a: Tyranitar|Fighting
|move|p1b: Archaludon|Protect|p1b: Archaludon
|-singleturn|p1b: Archaludon|Protect
|move|p2b: Kingambit|Sucker Punch||[still]
|-fail|p2b: Kingambit
|move|p2a: Sneasler|Close Combat|p1a: Tyranitar
|-damage|p1a: Tyranitar|72/100
|-unboost|p2a: Sneasler|def|1
|-unboost|p2a: Sneasler|spd|1
|move|p1a: Tyranitar|Body Press|p2a: Sneasler
|-resisted|p2a: Sneasler
|-damage|p2a: Sneasler|0 fnt
|faint|p2a: Sneasler
|
|-weather|Sandstorm|[upkeep]
|-damage|p1a: Tyranitar|67/100|[from] Sandstorm
|-heal|p1a: Tyranitar|72/100|[from] Grassy Terrain
|-heal|p2b: Kingambit|100/100|[from] Grassy Terrain
|upkeep
|
|t:|1756583815
|switch|p2a: Magmar|Magmar, L50, M|100/100
|turn|4
|inactive|SGRspears has 30 seconds left.
|
|t:|1756583840
|move|p2a: Magmar|Follow Me|p2a: Magmar
|-singleturn|p2a: Magmar|move: Follow Me
|move|p1b: Archaludon|Dragon Pulse|p2a: Magmar
|-damage|p2a: Magmar|66/100
|move|p1a: Tyranitar|Rock Slide|p2a: Magmar|[spread] p2a,p2b
|-supereffective|p2a: Magmar
|-resisted|p2b: Kingambit
|-damage|p2a: Magmar|26/100
|-damage|p2b: Kingambit|91/100
|cant|p2b: Kingambit|flinch
|
|-weather|Sandstorm|[upkeep]
|-damage|p2a: Magmar|20/100|[from] Sandstorm
|-damage|p1a: Tyranitar|67/100|[from] Sandstorm
|-heal|p2a: Magmar|26/100|[from] Grassy Terrain
|-heal|p1a: Tyranitar|72/100|[from] Grassy Terrain
|-heal|p2b: Kingambit|97/100|[from] Grassy Terrain
|upkeep
|turn|5
|inactive|SGRspears has 30 seconds left.
|inactive|Tchoubib has 30 seconds left.
|inactive|SGRspears has 20 seconds left.
|inactive|SGRspears has 15 seconds left.
|inactive|SGRspears has 10 seconds left.
|
|t:|1756583888
|-terastallize|p2b: Kingambit|Ghost
|move|p2a: Magmar|Protect|p2a: Magmar
|-singleturn|p2a: Magmar|Protect
|move|p1b: Archaludon|Dragon Pulse|p2a: Magmar
|-activate|p2a: Magmar|move: Protect
|move|p1a: Tyranitar|Body Press|p2b: Kingambit
|-immune|p2b: Kingambit
|move|p2b: Kingambit|Kowtow Cleave|p1a: Tyranitar
|-resisted|p1a: Tyranitar
|-damage|p1a: Tyranitar|52/100
|
|-weather|Sandstorm|[upkeep]
|-damage|p2a: Magmar|20/100|[from] Sandstorm
|-damage|p1a: Tyranitar|46/100|[from] Sandstorm
|-damage|p2b: Kingambit|91/100|[from] Sandstorm
|-heal|p2a: Magmar|26/100|[from] Grassy Terrain
|-heal|p1a: Tyranitar|52/100|[from] Grassy Terrain
|-heal|p2b: Kingambit|97/100|[from] Grassy Terrain
|-fieldend|move: Grassy Terrain
|upkeep
|turn|6
|inactive|SGRspears has 30 seconds left.
|inactive|Tchoubib has 30 seconds left.
|inactive|Tchoubib has 20 seconds left.
|
|t:|1756583923
|move|p2a: Magmar|Will-O-Wisp|p1a: Tyranitar
|-status|p1a: Tyranitar|brn
|move|p1b: Archaludon|Dragon Pulse|p2a: Magmar
|-damage|p2a: Magmar|0 fnt
|faint|p2a: Magmar
|move|p1a: Tyranitar|Rock Slide|p2b: Kingambit
|-damage|p2b: Kingambit|83/100
|move|p2b: Kingambit|Kowtow Cleave|p1b: Archaludon
|-damage|p1b: Archaludon|24/100
|-ability|p1b: Archaludon|Stamina|boost
|-boost|p1b: Archaludon|def|1
|
|-weather|Sandstorm|[upkeep]
|-damage|p1a: Tyranitar|46/100 brn|[from] Sandstorm
|-damage|p2b: Kingambit|77/100|[from] Sandstorm
|-damage|p1a: Tyranitar|40/100 brn|[from] brn
|upkeep
|
|t:|1756583934
|switch|p2a: Dragapult|Dragapult, L50, M|100/100
|turn|7
|
|t:|1756583954
|move|p1b: Archaludon|Protect|p1b: Archaludon
|-singleturn|p1b: Archaludon|Protect
|move|p2a: Dragapult|Dragon Darts|p1a: Tyranitar
|-damage|p1a: Tyranitar|24/100 brn
|-anim|p2a: Dragapult|Dragon Darts|p1a: Tyranitar
|-damage|p1a: Tyranitar|8/100 brn
|move|p1a: Tyranitar|Snarl|p2b: Kingambit|[spread] p2a,p2b
|-supereffective|p2a: Dragapult
|-supereffective|p2b: Kingambit
|-damage|p2a: Dragapult|64/100
|-damage|p2b: Kingambit|51/100
|-unboost|p2b: Kingambit|spa|1
|-ability|p2b: Kingambit|Defiant|boost
|-boost|p2b: Kingambit|atk|2
|move|p2b: Kingambit|Kowtow Cleave|p1a: Tyranitar
|-resisted|p1a: Tyranitar
|-damage|p1a: Tyranitar|0 fnt
|faint|p1a: Tyranitar
|
|-weather|none
|upkeep
|turn|8
|
|t:|1756583977
|move|p2b: Kingambit|Sucker Punch|p1b: Archaludon
|-damage|p1b: Archaludon|0 fnt
|faint|p1b: Archaludon
|
|win|Tchoubib
||SGRspears is ready for game 2.
||Tchoubib is ready for game 2.
|uhtml|next|Next: Game 2 of 3
|l|☆SGRspears
|player|p1|
