|j|☆Lightning015
|j|☆vipgames1m
|html|Lightning015vipgames1m    
|uhtml|bestof|Game 2 of a best-of-3
|t:|1785605391
|gametype|doubles
|player|p1|Lightning015|red|
|player|p2|vipgames1m|ghetsis|
|gen|9
|tier|[Gen 9 Champions] VGC 2026 Reg M-B (Bo3)
|rule|Species Clause: Limit one of each Pokémon
|rule|Item Clause: Limit 1 of each item
|clearpoke
|poke|p1|Heliolisk, L50, M|
|poke|p1|Toucannon, L50, M|
|poke|p1|Simipour, L50, F|
|poke|p1|Zoroark, L50, M|
|poke|p1|Runerigus, L50, M|
|poke|p1|Simisear, L50, M|
|poke|p2|Zoroark, L50, F|
|poke|p2|Tinkaton, L50, F|
|poke|p2|Heliolisk, L50, M|
|poke|p2|Simisear, L50, M|
|poke|p2|Toucannon, L50, F, shiny|
|poke|p2|Runerigus, L50, M|
|teampreview|4
|showteam|p1|Heliolisk||LifeOrb|DrySkin|Thunderbolt,VoltSwitch,Surf,Protect|Timid||M|||50|]Toucannon||SitrusBerry|KeenEye|BeakBlast,BrickBreak,KnockOff,Tailwind|Adamant||M|||50|]Simipour||MysticWater|Torrent|FakeOut,Surf,IceBeam,Protect|Timid||F|||50|]Zoroark||ExpertBelt|Illusion|DarkPulse,Psychic,Flamethrower,Protect|Timid||M|||50|]Runerigus||Leftovers|WanderingSpirit|Earthquake,ShadowClaw,RockSlide,Protect|Adamant||M|||50|]Simisear||Charcoal|Blaze|FakeOut,BlazeKick,RockSlide,Protect|Timid||M|||50|
|showteam|p2|Zoroark||FocusSash|Illusion|NastyPlot,DarkPulse,Extrasensory,Flamethrower|Timid||F|||50|]Tinkaton||LightClay|MoldBreaker|FakeOut,Reflect,LightScreen,GigatonHammer|Adamant||F|||50|]Heliolisk||SitrusBerry|DrySkin|AllySwitch,Electroweb,Thunderbolt,Surf|Timid||M|||50|]Simisear||LifeOrb|Gluttony|NastyPlot,HeatWave,GrassKnot,Protect|Timid||M|||50|]Toucannon||IronBall|SkillLink|HelpingHand,Protect,BraveBird,BulletSeed|Adamant||F|||50|]Runerigus||WideLens|WanderingSpirit|TrickRoom,Earthquake,Poltergeist,RockSlide|Brave||M|||50|
|j| aggroat23
|
|t:|1785605437
|teamsize|p1|4
|teamsize|p2|4
|start
|switch|p1a: Пианист|Simisear, L50, M|100/100
|switch|p1b: Саламандр|Heliolisk, L50, M|100/100
|switch|p2a: Runerigus|Runerigus, L50, M|100/100
|switch|p2b: Toucannon|Toucannon, L50, F, shiny|100/100
|turn|1
|
|t:|1785605469
|switch|p2a: Tinkaton|Tinkaton, L50, F|100/100
|-ability|p2a: Tinkaton|Mold Breaker
|move|p1a: Пианист|Fake Out|p2b: Toucannon
|-damage|p2b: Toucannon|83/100
|replace|p2b: Zoroark|Zoroark, L50, F
|-end|p2b: Zoroark|Illusion
|move|p1b: Саламандр|Volt Switch|p2b: Zoroark
|-damage|p2b: Zoroark|6/100
|-damage|p1b: Саламандр|90/100|[from] item: Life Orb
|
|t:|1785605481
|switch|p1b: Сими|Simipour, L50, F|100/100|[from] Volt Switch
|cant|p2b: Zoroark|flinch
|
|upkeep
|turn|2
|
|t:|1785605505
|move|p1b: Сими|Fake Out|p2b: Zoroark
|-damage|p2b: Zoroark|0 fnt
|faint|p2b: Zoroark
|move|p2a: Tinkaton|Fake Out|p1b: Сими
|-damage|p1b: Сими|80/100
|move|p1a: Пианист|Blaze Kick|p2a: Tinkaton
|-supereffective|p2a: Tinkaton|1
|-damage|p2a: Tinkaton|25/100
|
|upkeep
|
|t:|1785605515
|switch|p2b: Runerigus|Runerigus, L50, M|100/100
|turn|3
|
|t:|1785605524
|move|p1a: Пианист|Protect|p1a: Пианист
|-singleturn|p1a: Пианист|Protect
|move|p1b: Сими|Surf|p2b: Runerigus|[spread] p2a,p2b
|-activate|p1a: Пианист|move: Protect
|-supereffective|p2b: Runerigus|1
|-damage|p2a: Tinkaton|0 fnt
|-damage|p2b: Runerigus|34/100
|faint|p2a: Tinkaton
|move|p2b: Runerigus|Trick Room|p2b: Runerigus
|-fieldstart|move: Trick Room|[of] p2b: Runerigus
|
|upkeep
|
|t:|1785605533
|switch|p2a: Toucannon|Toucannon, L50, F, shiny|100/100
|turn|4
|
|t:|1785605545
|move|p1a: Пианист|Protect||[still]
|-fail|p1a: Пианист
|move|p2a: Toucannon|Bullet Seed|p1b: Сими
|-supereffective|p1b: Сими|1
|-damage|p1b: Сими|46/100
|-supereffective|p1b: Сими|1
|-damage|p1b: Сими|15/100
|-supereffective|p1b: Сими|1
|-damage|p1b: Сими|0 fnt
|faint|p1b: Сими
|-hitcount|p1: Сими|3
|move|p2b: Runerigus|Earthquake|p1a: Пианист|[spread] p2a,p1a
|-supereffective|p1a: Пианист|1
|-damage|p2a: Toucannon|59/100
|-damage|p1a: Пианист|0 fnt
|faint|p1a: Пианист
|
|upkeep
|
|t:|1785605557
|switch|p1a: Саламандр|Heliolisk, L50, M|90/100
|switch|p1b: Паззл|Runerigus, L50, M|100/100
|turn|5
|
|t:|1785605572
|move|p2a: Toucannon|Bullet Seed|p1b: Паззл
|-supereffective|p1b: Паззл|1
|-damage|p1b: Паззл|84/100
|-supereffective|p1b: Паззл|1
|-damage|p1b: Паззл|70/100
|-supereffective|p1b: Паззл|1
|-damage|p1b: Паззл|55/100
|-supereffective|p1b: Паззл|1
|-damage|p1b: Паззл|39/100
|-supereffective|p1b: Паззл|1
|-damage|p1b: Паззл|23/100
|-hitcount|p1b: Паззл|5
|move|p2b: Runerigus|Earthquake|p1a: Саламандр|[spread] p2a,p1a,p1b
|-crit|p2a: Toucannon
|-supereffective|p1a: Саламандр|1
|-damage|p2a: Toucannon|0 fnt
|-damage|p1a: Саламандр|0 fnt
|-damage|p1b: Паззл|0 fnt
|faint|p2a: Toucannon
|faint|p1a: Саламандр
|faint|p1b: Паззл
|
|win|vipgames1m
|c|☆vipgames1m|Gg
|c|☆Lightning015|GG
