|j|☆Aeon_Twins
|j|☆Funes Buque
|html|Aeon_TwinsFunes Buque    
|uhtml|bestof|Game 2 of a best-of-3
|t:|1782415845
|gametype|doubles
|player|p1|Aeon_Twins|n|1122
|player|p2|Funes Buque|firebreather|1084
|gen|9
|tier|[Gen 9 Champions] VGC 2026 Reg M-B (Bo3)
|rated|
|rule|Species Clause: Limit one of each Pokémon
|rule|Item Clause: Limit 1 of each item
|clearpoke
|poke|p1|Raichu, L50, M|
|poke|p1|Mawile, L50, F|
|poke|p1|Sinistcha, L50|
|poke|p1|Ceruledge, L50, F|
|poke|p1|Milotic, L50, F|
|poke|p1|Incineroar, L50, F|
|poke|p2|Ninetales-Alola, L50, F|
|poke|p2|Aerodactyl, L50, F|
|poke|p2|Annihilape, L50, F|
|poke|p2|Maushold-Four, L50|
|poke|p2|Delphox, L50, M|
|poke|p2|Garchomp, L50, F|
|teampreview|4
|showteam|p1|Raichu||RaichuniteY|LightningRod|ZapCannon,FocusBlast,FakeOut,Protect|Timid||M|||50|]Mawile||Mawilite|HyperCutter|PlayRough,SuckerPunch,SwordsDance,Protect|Adamant||F|||50|]Sinistcha||KasibBerry|Hospitality|MatchaGotcha,LifeDew,RagePowder,Protect|Relaxed|||||50|]Ceruledge||ColburBerry|FlashFire|BitterBlade,ShadowSneak,BulkUp,Protect|Adamant||F|||50|]Milotic||Leftovers|Competitive|MuddyWater,Coil,Hypnosis,Protect|Calm||F|||50|]Incineroar||SitrusBerry|Intimidate|FlareBlitz,ThroatChop,FakeOut,PartingShot|Impish||F|||50|
|showteam|p2|Ninetales-Alola||NeverMeltIce|SnowWarning|Blizzard,FreezeDry,Protect,Encore|Timid||F|||50|]Aerodactyl||Aerodactylite|RockHead|RockSlide,Tailwind,Protect,DualWingbeat|Jolly||F|||50|]Annihilape||SitrusBerry|Defiant|RageFist,Protect,BulkUp,DrainPunch|Jolly||F|||50|]Maushold-Four||ChopleBerry|FriendGuard|BeatUp,FollowMe,Protect,SuperFang|Timid|||||50|]Delphox||Delphoxite|Blaze|HeatWave,Psychic,Protect,NastyPlot|Timid||M|||50|]Garchomp||ChoiceScarf|RoughSkin|StompingTantrum,Earthquake,DragonClaw,RockSlide|Adamant||F|||50|
|inactive|Battle timer is ON: inactive players will automatically lose when time's up. (requested by Funes Buque)
|inactive|Aeon_Twins has 60 seconds left.
|
|t:|1782415905
|teamsize|p1|4
|teamsize|p2|4
|start
|switch|p1a: Raichu|Raichu, L50, M|100/100
|switch|p1b: Sinistcha|Sinistcha, L50|100/100
|switch|p2a: Maushold|Maushold-Four, L50|100/100
|switch|p2b: Annihilape|Annihilape, L50, F|100/100
|turn|1
|inactive|Funes Buque has 30 seconds left.
|inactive|Funes Buque has 20 seconds left.
|inactive|Funes Buque has 15 seconds left.
|inactive|Funes Buque has 10 seconds left.
|
|t:|1782415951
|detailschange|p1a: Raichu|Raichu-Mega-Y, L50, M
|-mega|p1a: Raichu|Raichu|Raichunite Y
|move|p1b: Sinistcha|Rage Powder|p1b: Sinistcha
|-singleturn|p1b: Sinistcha|move: Rage Powder
|move|p1a: Raichu|Zap Cannon|p2a: Maushold
|-damage|p2a: Maushold|23/100
|-status|p2a: Maushold|par
|move|p2b: Annihilape|Rage Fist|p1b: Sinistcha
|-supereffective|p1b: Sinistcha|1
|-enditem|p1b: Sinistcha|Kasib Berry|[eat]
|-enditem|p1b: Sinistcha|Kasib Berry|[weaken]
|-damage|p1b: Sinistcha|79/100
|move|p2a: Maushold|Beat Up|p1b: Sinistcha
|-supereffective|p1b: Sinistcha|1
|-damage|p1b: Sinistcha|75/100
|-supereffective|p1b: Sinistcha|1
|-damage|p1b: Sinistcha|69/100
|-supereffective|p1b: Sinistcha|1
|-damage|p1b: Sinistcha|66/100
|-supereffective|p1b: Sinistcha|1
|-damage|p1b: Sinistcha|60/100
|-hitcount|p1b: Sinistcha|4
|
|upkeep
|turn|2
|
|t:|1782415971
|cant|p2a: Maushold|par
|move|p1a: Raichu|Zap Cannon|p2b: Annihilape
|-damage|p2b: Annihilape|56/100
|-status|p2b: Annihilape|par
|move|p1b: Sinistcha|Matcha Gotcha|p2b: Annihilape|[spread] p2a,p2b
|-damage|p2a: Maushold|0 fnt
|-heal|p1b: Sinistcha|73/100|[from] drain|[of] p2a: Maushold
|-damage|p2b: Annihilape|38/100 par
|-heal|p1b: Sinistcha|83/100|[from] drain|[of] p2b: Annihilape
|-enditem|p2b: Annihilape|Sitrus Berry|[eat]
|-heal|p2b: Annihilape|63/100 par|[from] item: Sitrus Berry
|faint|p2a: Maushold
|cant|p2b: Annihilape|par
|
|upkeep
|
|t:|1782415982
|switch|p2a: Delphox|Delphox, L50, M|100/100
|turn|3
|
|t:|1782415997
|detailschange|p2a: Delphox|Delphox-Mega, L50, M
|-mega|p2a: Delphox|Delphox|Delphoxite
|move|p1b: Sinistcha|Protect|p1b: Sinistcha
|-singleturn|p1b: Sinistcha|Protect
|move|p2a: Delphox|Heat Wave|p1b: Sinistcha|[spread] p1a
|-activate|p1b: Sinistcha|move: Protect
|-damage|p1a: Raichu|43/100
|move|p1a: Raichu|Zap Cannon|p2a: Delphox
|-damage|p2a: Delphox|42/100
|-status|p2a: Delphox|par
|move|p2b: Annihilape|Rage Fist|p1b: Sinistcha
|-activate|p1b: Sinistcha|move: Protect
|
|upkeep
|turn|4
|
|t:|1782416020
|move|p1a: Raichu|Zap Cannon|p2b: Annihilape
|-damage|p2b: Annihilape|0 fnt
|faint|p2b: Annihilape
|move|p2a: Delphox|Heat Wave|p1a: Raichu|[spread] p1a,p1b
|-supereffective|p1b: Sinistcha|1
|-damage|p1a: Raichu|0 fnt
|-damage|p1b: Sinistcha|0 fnt
|faint|p1a: Raichu
|faint|p1b: Sinistcha
|
|upkeep
|
|t:|1782416032
|switch|p1a: Milotic|Milotic, L50, F|100/100
|switch|p2b: Garchomp|Garchomp, L50, F|100/100
|switch|p1b: Ceruledge|Ceruledge, L50, F|100/100
|turn|5
|
|t:|1782416045
|move|p1b: Ceruledge|Protect|p1b: Ceruledge
|-singleturn|p1b: Ceruledge|Protect
|move|p2b: Garchomp|Earthquake|p1a: Milotic|[spread] p1a
|-activate|p1b: Ceruledge|move: Protect
|-immune|p2a: Delphox|[from] ability: Levitate
|-damage|p1a: Milotic|65/100
|move|p1a: Milotic|Coil|p1a: Milotic
|-boost|p1a: Milotic|atk|1
|-boost|p1a: Milotic|def|1
|-boost|p1a: Milotic|accuracy|1
|cant|p2a: Delphox|par
|
|-heal|p1a: Milotic|71/100|[from] item: Leftovers
|upkeep
|turn|6
|inactive|Funes Buque has 30 seconds left.
|inactive|Funes Buque has 20 seconds left.
|inactive|Funes Buque has 15 seconds left.
|
|t:|1782416087
|move|p1b: Ceruledge|Shadow Sneak|p2a: Delphox
|-supereffective|p2a: Delphox|1
|-damage|p2a: Delphox|0 fnt
|faint|p2a: Delphox
|move|p2b: Garchomp|Earthquake|p1b: Ceruledge|[spread] p1a,p1b
|-supereffective|p1b: Ceruledge|1
|-damage|p1a: Milotic|45/100
|-damage|p1b: Ceruledge|3/100
|move|p1a: Milotic|Coil|p1a: Milotic
|-boost|p1a: Milotic|atk|1
|-boost|p1a: Milotic|def|1
|-boost|p1a: Milotic|accuracy|1
|
|-heal|p1a: Milotic|50/100g|[from] item: Leftovers
|upkeep
|turn|7
|
|t:|1782416099
|move|p1b: Ceruledge|Protect|p1b: Ceruledge
|-singleturn|p1b: Ceruledge|Protect
|move|p2b: Garchomp|Earthquake|p1a: Milotic|[spread] p1a
|-activate|p1b: Ceruledge|move: Protect
|-damage|p1a: Milotic|34/100
|move|p1a: Milotic|Hypnosis|p2b: Garchomp
|-status|p2b: Garchomp|slp|[from] move: Hypnosis
|
|-heal|p1a: Milotic|40/100|[from] item: Leftovers
|upkeep
|turn|8
|inactive|Funes Buque has 30 seconds left.
|inactive|Funes Buque has 20 seconds left.
|inactive|Funes Buque has 15 seconds left.
|
|t:|1782416142
|cant|p2b: Garchomp|slp
|move|p1b: Ceruledge|Bulk Up|p1b: Ceruledge
|-boost|p1b: Ceruledge|atk|1
|-boost|p1b: Ceruledge|def|1
|move|p1a: Milotic|Muddy Water|p2b: Garchomp
|-damage|p2b: Garchomp|62/100 slp
|
|-heal|p1a: Milotic|46/100|[from] item: Leftovers
|upkeep
|turn|9
|
|t:|1782416155
|cant|p2b: Garchomp|slp
|move|p1b: Ceruledge|Bulk Up|p1b: Ceruledge
|-boost|p1b: Ceruledge|atk|1
|-boost|p1b: Ceruledge|def|1
|move|p1a: Milotic|Muddy Water|p2b: Garchomp
|-damage|p2b: Garchomp|29/100 slp
|-unboost|p2b: Garchomp|accuracy|1
|
|-heal|p1a: Milotic|51/100|[from] item: Leftovers
|upkeep
|turn|10
|
|t:|1782416170
|move|p1b: Ceruledge|Protect|p1b: Ceruledge
|-singleturn|p1b: Ceruledge|Protect
|-curestatus|p2b: Garchomp|slp|[msg]
|move|p2b: Garchomp|Earthquake|p1a: Milotic|[spread] 
|-activate|p1b: Ceruledge|move: Protect
|-miss|p2b: Garchomp|p1a: Milotic
|move|p1a: Milotic|Hypnosis|p2b: Garchomp
|-status|p2b: Garchomp|slp|[from] move: Hypnosis
|
|-heal|p1a: Milotic|57/100|[from] item: Leftovers
|upkeep
|turn|11
|l|☆Funes Buque
|inactive|Funes Buque disconnected and has a minute to reconnect!
|player|p2|
|inactive|Funes Buque has 30 seconds left.
|inactive|Funes Buque has 20 seconds left.
|inactive|Funes Buque has 15 seconds left.
|inactive|Funes Buque has 10 seconds left.
|inactive|Funes Buque has 5 seconds left.
|-message|Funes Buque lost due to inactivity.
|
|win|Aeon_Twins
|raw|Aeon_Twins's rating: 1122 → 1144(+22 for winning)
|raw|Funes Buque's rating: 1084 → 1064(-20 for losing)
