|j|☆AdvaiLuffy
|j|☆new mental
|html|AdvaiLuffynew mental    
|uhtml|bestof|Game 2 of a best-of-3
|t:|1783882729
|gametype|doubles
|player|p1|AdvaiLuffy|steven|1112
|player|p2|new mental|volkner|1165
|gen|9
|tier|[Gen 9 Champions] VGC 2026 Reg M-B (Bo3)
|rated|
|rule|Species Clause: Limit one of each Pokémon
|rule|Item Clause: Limit 1 of each item
|clearpoke
|poke|p1|Castform, L50, M|
|poke|p1|Whimsicott, L50, F|
|poke|p1|Houndoom, L50, F|
|poke|p1|Basculegion, L50, M|
|poke|p1|Farigiraf, L50, M|
|poke|p1|Metagross, L50|
|poke|p2|Charizard, L50, M|
|poke|p2|Kingambit, L50, F|
|poke|p2|Sylveon, L50, F|
|poke|p2|Garchomp, L50, M|
|poke|p2|Aerodactyl, L50, M|
|poke|p2|Farigiraf, L50, F|
|teampreview|4
|showteam|p1|Castform||ExpertBelt|Forecast|Protect,WeatherBall,RainDance,EnergyBall|Modest||M|||50|]Whimsicott||FocusSash|Prankster|Tailwind,Protect,SunnyDay,Encore|Timid||F|||50|]Houndoom||Houndoominite|FlashFire|Protect,HeatWave,WillOWisp,BurningJealousy|Timid||F|||50|]Basculegion||ChoiceScarf|Adaptability|FlipTurn,WaveCrash,AquaJet,LastRespects|Adamant||M|||50|]Farigiraf||SitrusBerry|ArmorTail|Protect,TrickRoom,HelpingHand,Psychic|Sassy||M|||50|]Metagross||Metagrossite|ClearBody|Protect,MeteorMash,BulletPunch,PsychicFangs|Jolly|||||50|
|showteam|p2|Charizard||CharizarditeY|SolarPower|Protect,HeatWave,SolarBeam,WeatherBall|Modest||M|||50|]Kingambit||FocusSash|Defiant|IronHead,SuckerPunch,KowtowCleave,LowKick|Adamant||F|||50|]Sylveon||FairyFeather|Pixilate|Detect,HyperVoice,HyperBeam,QuickAttack|Modest||F|||50|]Garchomp||LifeOrb|RoughSkin|Protect,DragonClaw,Earthquake,RockSlide|Jolly||M|||50|]Aerodactyl||Aerodactylite|Unnerve|IceFang,RockSlide,Tailwind,DualWingbeat|Jolly||M|||50|]Farigiraf||SitrusBerry|ArmorTail|TrickRoom,Psychic,Thunderbolt,Roar|Bold||F|||50|
|inactive|Battle timer is ON: inactive players will automatically lose when time's up. (requested by AdvaiLuffy)
|
|t:|1783882753
|teamsize|p1|4
|teamsize|p2|4
|start
|switch|p1a: Houndoom|Houndoom, L50, F|100/100
|switch|p1b: Whimsicott|Whimsicott, L50, F|100/100
|switch|p2a: Aerodactyl|Aerodactyl, L50, M|100/100
|switch|p2b: Kingambit|Kingambit, L50, F|100/100
|-ability|p2a: Aerodactyl|Unnerve
|turn|1
|
|t:|1783882775
|detailschange|p2a: Aerodactyl|Aerodactyl-Mega, L50, M
|-mega|p2a: Aerodactyl|Aerodactyl|Aerodactylite
|detailschange|p1a: Houndoom|Houndoom-Mega, L50, F
|-mega|p1a: Houndoom|Houndoom|Houndoominite
|move|p1b: Whimsicott|Tailwind|p1b: Whimsicott
|-sidestart|p1: AdvaiLuffy|move: Tailwind
|move|p1a: Houndoom|Will-O-Wisp|p2a: Aerodactyl|[miss]
|-miss|p1a: Houndoom|p2a: Aerodactyl
|move|p2a: Aerodactyl|Tailwind|p2a: Aerodactyl
|-sidestart|p2: new mental|move: Tailwind
|move|p2b: Kingambit|Low Kick|p1a: Houndoom
|-supereffective|p1a: Houndoom|1
|-damage|p1a: Houndoom|52/100
|
|upkeep
|turn|2
|
|t:|1783882794
|move|p1b: Whimsicott|Encore|p2a: Aerodactyl
|-start|p2a: Aerodactyl|Encore
|move|p2a: Aerodactyl|Tailwind||[still]
|-fail|p2a: Aerodactyl
|move|p1a: Houndoom|Heat Wave|p2b: Kingambit|[spread] p2a,p2b
|-resisted|p2a: Aerodactyl|1
|-supereffective|p2b: Kingambit|1
|-damage|p2a: Aerodactyl|82/100
|-damage|p2b: Kingambit|25/100
|move|p2b: Kingambit|Iron Head|p1b: Whimsicott
|-supereffective|p1b: Whimsicott|1
|-enditem|p1b: Whimsicott|Focus Sash
|-damage|p1b: Whimsicott|1/100
|
|upkeep
|turn|3
|
|t:|1783882817
|switch|p2a: Farigiraf|Farigiraf, L50, F|100/100
|switch|p1b: Metagross|Metagross, L50|100/100
|move|p2b: Kingambit|Sucker Punch||[still]
|-fail|p2b: Kingambit
|move|p1a: Houndoom|Heat Wave|p2b: Kingambit|[spread] p2a,p2b
|-supereffective|p2b: Kingambit|1
|-damage|p2a: Farigiraf|70/100
|-damage|p2b: Kingambit|0 fnt
|faint|p2b: Kingambit
|
|upkeep
|
|t:|1783882824
|switch|p2b: Garchomp|Garchomp, L50, M|100/100
|turn|4
|
|t:|1783882837
|switch|p2a: Aerodactyl|Aerodactyl-Mega, L50, M|82/100
|move|p1a: Houndoom|Will-O-Wisp|p2b: Garchomp
|-status|p2b: Garchomp|brn
|move|p2b: Garchomp|Earthquake|p1b: Metagross|[spread] p1a,p1b
|-immune|p2a: Aerodactyl
|-supereffective|p1a: Houndoom|1
|-supereffective|p1b: Metagross|1
|-damage|p1a: Houndoom|0 fnt
|-damage|p1b: Metagross|54/100
|faint|p1a: Houndoom
|-damage|p2b: Garchomp|90/100 brn|[from] item: Life Orb
|move|p1b: Metagross|Meteor Mash|p2a: Aerodactyl
|-supereffective|p2a: Aerodactyl|1
|-damage|p2a: Aerodactyl|0 fnt
|-boost|p1b: Metagross|atk|1
|faint|p2a: Aerodactyl
|
|-damage|p2b: Garchomp|84/100 brn|[from] brn
|-sideend|p1: AdvaiLuffy|move: Tailwind
|-sideend|p2: new mental|move: Tailwind
|upkeep
|inactive|AdvaiLuffy has 30 seconds left.
|
|t:|1783882865
|switch|p2a: Farigiraf|Farigiraf, L50, F|70/100
|switch|p1a: Whimsicott|Whimsicott, L50, F|1/100
|turn|5
|
|t:|1783882886
|move|p1a: Whimsicott|Tailwind|p1a: Whimsicott
|-sidestart|p1: AdvaiLuffy|move: Tailwind
|move|p1b: Metagross|Meteor Mash|p2a: Farigiraf
|-damage|p2a: Farigiraf|17/100
|-enditem|p2a: Farigiraf|Sitrus Berry|[eat]
|-heal|p2a: Farigiraf|42/100|[from] item: Sitrus Berry
|move|p2b: Garchomp|Rock Slide|p1a: Whimsicott|[spread] p1a,p1b
|-resisted|p1b: Metagross|1
|-damage|p1a: Whimsicott|0 fnt
|-damage|p1b: Metagross|49/100
|faint|p1a: Whimsicott
|-damage|p2b: Garchomp|74/100 brn|[from] item: Life Orb
|move|p2a: Farigiraf|Roar|p1b: Metagross
|drag|p1b: Basculegion|Basculegion, L50, M|100/100
|
|-damage|p2b: Garchomp|68/100 brn|[from] brn
|upkeep
|
|t:|1783882905
|switch|p1a: Metagross|Metagross, L50|49/100
|turn|6
|
|t:|1783882918
|move|p1b: Basculegion|Last Respects|p2b: Garchomp
|-damage|p2b: Garchomp|0 fnt
|faint|p2b: Garchomp
|move|p1a: Metagross|Meteor Mash|p2a: Farigiraf
|-damage|p2a: Farigiraf|4/100
|-boost|p1a: Metagross|atk|1
|move|p2a: Farigiraf|Thunderbolt|p1b: Basculegion
|-supereffective|p1b: Basculegion|1
|-damage|p1b: Basculegion|49/100
|
|upkeep
|turn|7
|-message|new mental forfeited.
|
|win|AdvaiLuffy
||new mental is ready for game 3.
||AdvaiLuffy is ready for game 3.
|uhtml|next|Next: Game 3 of 3
