|j|☆413XPlayz
|j|☆sandy ghost 5
|html|413XPlayzsandy ghost 5    
|uhtml|bestof|Game 3 of a best-of-3
|t:|1756915401
|gametype|doubles
|player|p1|413XPlayz|169|1255
|player|p2|sandy ghost 5|baker|1256
|gen|9
|tier|[Gen 9] VGC 2025 Reg H (Bo3)
|rated|
|rule|Species Clause: Limit one of each Pokémon
|rule|Item Clause: Limit 1 of each item
|clearpoke
|poke|p1|Rillaboom, L50, M|
|poke|p1|Sneasler, L50, M|
|poke|p1|Gholdengo, L50|
|poke|p1|Ninetales-Alola, L50, M|
|poke|p1|Arcanine-Hisui, L50, M|
|poke|p1|Dragonite, L50, F|
|poke|p2|Tyranitar, L50, M|
|poke|p2|Excadrill, L50, M|
|poke|p2|Sinistcha-Masterpiece, L50|
|poke|p2|Salamence, L50, M|
|poke|p2|Blaziken, L50, M|
|poke|p2|Bruxish, L50, M|
|teampreview|4
|showteam|p1|Rillaboom||AssaultVest|GrassySurge|FakeOut,GrassyGlide,DrumBeating,HighHorsepower|||M|||50|,,,,,Fire]Sneasler||WhiteHerb|Unburden|CloseCombat,DireClaw,Coaching,Protect|||M|||50|,,,,,Ghost]Gholdengo||GrassySeed|GoodasGold|NastyPlot,MakeItRain,ShadowBall,Protect||||||50|,,,,,Water]Ninetales-Alola||FocusSash|SnowWarning|Blizzard,IcyWind,Encore,AuroraVeil|||M|||50|,,,,,Ghost]Arcanine-Hisui||ClearAmulet|Intimidate|RockSlide,FlareBlitz,ExtremeSpeed,Protect|||M|||50|,,,,,Water]Dragonite||LoadedDice|Multiscale|ScaleShot,StompingTantrum,Tailwind,Protect|||F|||50|,,,,,Ground
|showteam|p2|Tyranitar||ClearAmulet|SandStream|RockSlide,KnockOff,DragonDance,Protect|||M|||50|,,,,,Grass]Excadrill||AssaultVest|SandRush|Earthquake,IronHead,HighHorsepower,RockSlide|||M|||50|,,,,,Ghost]Sinistcha-Masterpiece||SitrusBerry|Hospitality|ShadowBall,MatchaGotcha,RagePowder,Protect||||||50|,,,,,Dark]Salamence||LifeOrb|Intimidate|DracoMeteor,AirSlash,Protect,Tailwind|||M|||50|,,,,,Ghost]Blaziken||CovertCloak|SpeedBoost|AuraSphere,HeatWave,Coaching,WillOWisp|||M|||50|,,,,,Dragon]Bruxish||ChoiceScarf|Dazzling|PsychicFangs,FlipTurn,WaveCrash,SuperFang|||M|||50|,,,,,Water
|
|t:|1756915443
|teamsize|p1|4
|teamsize|p2|4
|start
|switch|p1a: Gholdengo|Gholdengo, L50|100/100
|switch|p1b: Dragonite|Dragonite, L50, F|100/100
|switch|p2a: Tyranitar|Tyranitar, L50, M|100/100
|switch|p2b: Blaziken|Blaziken, L50, M|100/100
|-weather|Sandstorm|[from] ability: Sand Stream|[of] p2a: Tyranitar
|turn|1
|
|t:|1756915470
|switch|p1b: Ninetales|Ninetales-Alola, L50, M|100/100
|-weather|Snowscape|[from] ability: Snow Warning|[of] p1b: Ninetales
|-terastallize|p1a: Gholdengo|Water
|move|p2b: Blaziken|Coaching|p2a: Tyranitar
|-boost|p2a: Tyranitar|atk|1
|-boost|p2a: Tyranitar|def|1
|move|p1a: Gholdengo|Make It Rain|p2a: Tyranitar|[spread] p2a,p2b
|-supereffective|p2a: Tyranitar
|-resisted|p2b: Blaziken
|-damage|p2a: Tyranitar|8/100
|-damage|p2b: Blaziken|73/100
|-unboost|p1a: Gholdengo|spa|1
|move|p2a: Tyranitar|Dragon Dance|p2a: Tyranitar
|-boost|p2a: Tyranitar|atk|1
|-boost|p2a: Tyranitar|spe|1
|
|-weather|Snowscape|[upkeep]
|-ability|p2b: Blaziken|Speed Boost|boost
|-boost|p2b: Blaziken|spe|1
|upkeep
|turn|2
|
|t:|1756915482
|switch|p1b: Rillaboom|Rillaboom, L50, M|100/100
|-fieldstart|move: Grassy Terrain|[from] ability: Grassy Surge|[of] p1b: Rillaboom
|-enditem|p1a: Gholdengo|Grassy Seed
|-boost|p1a: Gholdengo|def|1|[from] item: Grassy Seed
|move|p2b: Blaziken|Heat Wave|p1a: Gholdengo|[spread] p1a,p1b
|-resisted|p1a: Gholdengo
|-supereffective|p1b: Rillaboom
|-damage|p1a: Gholdengo|86/100
|-damage|p1b: Rillaboom|47/100
|move|p2a: Tyranitar|Rock Slide|p1b: Rillaboom|[spread] p1b
|-miss|p2a: Tyranitar|p1a: Gholdengo
|-damage|p1b: Rillaboom|0 fnt
|faint|p1b: Rillaboom
|move|p1a: Gholdengo|Make It Rain|p2a: Tyranitar|[spread] p2a,p2b
|-supereffective|p2a: Tyranitar
|-resisted|p2b: Blaziken
|-damage|p2a: Tyranitar|0 fnt
|-damage|p2b: Blaziken|52/100
|-unboost|p1a: Gholdengo|spa|1
|faint|p2a: Tyranitar
|
|-weather|Snowscape|[upkeep]
|-heal|p2b: Blaziken|58/100|[from] Grassy Terrain
|-heal|p1a: Gholdengo|93/100|[from] Grassy Terrain
|-ability|p2b: Blaziken|Speed Boost|boost
|-boost|p2b: Blaziken|spe|1
|upkeep
|
|t:|1756915510
|switch|p1b: Ninetales|Ninetales-Alola, L50, M|100/100
|switch|p2a: Excadrill|Excadrill, L50, M|100/100
|turn|3
|
|t:|1756915529
|move|p2b: Blaziken|Coaching|p2a: Excadrill
|-boost|p2a: Excadrill|atk|1
|-boost|p2a: Excadrill|def|1
|move|p1b: Ninetales|Aurora Veil|p1b: Ninetales
|-sidestart|p1: 413XPlayz|move: Aurora Veil
|move|p1a: Gholdengo|Nasty Plot|p1a: Gholdengo
|-boost|p1a: Gholdengo|spa|2
|move|p2a: Excadrill|Rock Slide|p1b: Ninetales|[spread] p1a,p1b
|-crit|p1a: Gholdengo
|-supereffective|p1b: Ninetales
|-damage|p1a: Gholdengo|47/100
|-damage|p1b: Ninetales|57/100
|
|-weather|Snowscape|[upkeep]
|-heal|p2b: Blaziken|64/100|[from] Grassy Terrain
|-heal|p1b: Ninetales|63/100|[from] Grassy Terrain
|-heal|p1a: Gholdengo|54/100|[from] Grassy Terrain
|-ability|p2b: Blaziken|Speed Boost|boost
|-boost|p2b: Blaziken|spe|1
|upkeep
|turn|4
|
|t:|1756915556
|switch|p1b: Dragonite|Dragonite, L50, F|100/100
|move|p2b: Blaziken|Heat Wave|p1a: Gholdengo|[spread] p1a
|-miss|p2b: Blaziken|p1b: Dragonite
|-resisted|p1a: Gholdengo
|-damage|p1a: Gholdengo|44/100
|-status|p1a: Gholdengo|brn
|move|p1a: Gholdengo|Nasty Plot|p1a: Gholdengo
|-boost|p1a: Gholdengo|spa|2
|move|p2a: Excadrill|High Horsepower|p1a: Gholdengo
|-damage|p1a: Gholdengo|5/100 brn
|
|-weather|Snowscape|[upkeep]
|-heal|p2b: Blaziken|69/100|[from] Grassy Terrain
|-heal|p1a: Gholdengo|11/100 brn|[from] Grassy Terrain
|-damage|p1a: Gholdengo|5/100 brn|[from] brn
|-ability|p2b: Blaziken|Speed Boost|boost
|-boost|p2b: Blaziken|spe|1
|upkeep
|turn|5
|
|t:|1756915594
|move|p1a: Gholdengo|Protect|p1a: Gholdengo
|-singleturn|p1a: Gholdengo|Protect
|move|p2b: Blaziken|Aura Sphere|p1a: Gholdengo
|-activate|p1a: Gholdengo|move: Protect
|move|p1b: Dragonite|Tailwind|p1b: Dragonite
|-sidestart|p1: 413XPlayz|move: Tailwind
|move|p2a: Excadrill|Rock Slide|p1a: Gholdengo|[spread] p1b
|-activate|p1a: Gholdengo|move: Protect
|-supereffective|p1b: Dragonite
|-damage|p1b: Dragonite|75/100
|
|-weather|none
|-heal|p2b: Blaziken|75/100|[from] Grassy Terrain
|-heal|p1a: Gholdengo|11/100 brn|[from] Grassy Terrain
|-damage|p1a: Gholdengo|5/100 brn|[from] brn
|-ability|p2b: Blaziken|Speed Boost|boost
|-boost|p2b: Blaziken|spe|1
|upkeep
|turn|6
|
|t:|1756915612
|move|p2b: Blaziken|Aura Sphere|p1a: Gholdengo
|-damage|p1a: Gholdengo|0 fnt
|faint|p1a: Gholdengo
|move|p1b: Dragonite|Scale Shot|p2b: Blaziken
|-damage|p2b: Blaziken|54/100
|-damage|p2b: Blaziken|35/100
|-damage|p2b: Blaziken|16/100
|-damage|p2b: Blaziken|0 fnt
|faint|p2b: Blaziken
|-hitcount|p2: Blaziken|4
|-unboost|p1b: Dragonite|def|1
|-boost|p1b: Dragonite|spe|1
|move|p2a: Excadrill|Rock Slide|p1b: Dragonite|[miss]
|-miss|p2a: Excadrill|p1b: Dragonite
|
|-fieldend|move: Grassy Terrain
|upkeep
|
|t:|1756915617
|switch|p1a: Ninetales|Ninetales-Alola, L50, M|63/100
|switch|p2b: Salamence|Salamence, L50, M|100/100
|-weather|Snowscape|[from] ability: Snow Warning|[of] p1a: Ninetales
|-ability|p2b: Salamence|Intimidate|boost
|-unboost|p1a: Ninetales|atk|1
|-unboost|p1b: Dragonite|atk|1
|turn|7
|
|t:|1756915652
|-terastallize|p2b: Salamence|Ghost
|move|p1b: Dragonite|Stomping Tantrum|p2a: Excadrill
|-supereffective|p2a: Excadrill
|-damage|p2a: Excadrill|60/100
|move|p1a: Ninetales|Blizzard|p2b: Salamence|[spread] p2a,p2b
|-damage|p2a: Excadrill|34/100
|-damage|p2b: Salamence|64/100
|move|p2b: Salamence|Air Slash|p1a: Ninetales
|-damage|p1a: Ninetales|29/100
|-damage|p2b: Salamence|54/100|[from] item: Life Orb
|move|p2a: Excadrill|Rock Slide|p1a: Ninetales|[spread] p1a,p1b
|-supereffective|p1a: Ninetales
|-supereffective|p1b: Dragonite
|-damage|p1a: Ninetales|0 fnt
|-damage|p1b: Dragonite|0 fnt
|faint|p1a: Ninetales
|faint|p1b: Dragonite
|
|win|sandy ghost 5
|raw|413XPlayz's rating: 1255 → 1230(-25 for losing)
|raw|sandy ghost 5's rating: 1256 → 1281(+25 for winning)
|l|☆413XPlayz
|player|p1|
