|j|☆RayGarraty47
|j|☆T-block
|html|RayGarraty47T-block    
|uhtml|bestof|Game 1 of a best-of-3
|t:|1756441943
|gametype|doubles
|player|p1|RayGarraty47|169|1273
|player|p2|T-block|265|1413
|gen|9
|tier|[Gen 9] VGC 2025 Reg H (Bo3)
|rated|
|rule|Species Clause: Limit one of each Pokémon
|rule|Item Clause: Limit 1 of each item
|clearpoke
|poke|p1|Ursaluna, L50, F|
|poke|p1|Gholdengo, L50|
|poke|p1|Incineroar, L50, M|
|poke|p1|Amoonguss, L50, F|
|poke|p1|Porygon2, L50|
|poke|p1|Hydreigon, L50, F|
|poke|p2|Rillaboom, L50, M|
|poke|p2|Ninetales-Alola, L50, M|
|poke|p2|Gholdengo, L50|
|poke|p2|Garchomp, L50, F|
|poke|p2|Incineroar, L50, M|
|poke|p2|Dragonite, L50, M|
|teampreview|4
|showteam|p1|Ursaluna||FlameOrb|Guts|Facade,HeadlongRush,Earthquake,Protect|||F|||50|,,,,,Ghost]Gholdengo||IronPlate|GoodasGold|MakeItRain,ShadowBall,NastyPlot,Protect||||||50|,,,,,Water]Incineroar||SitrusBerry|Intimidate|FlareBlitz,KnockOff,FakeOut,PartingShot|||M|||50|,,,,,Ghost]Amoonguss||CovertCloak|Regenerator|Spore,RagePowder,PollenPuff,Protect|||F|||50|,,,,,Psychic]Porygon2||Eviolite|Download|TeraBlast,IceBeam,Recover,TrickRoom||||||50|,,,,,Fighting]Hydreigon||SafetyGoggles|Levitate|DracoMeteor,Snarl,Tailwind,Protect|||F|||50|,,,,,Ghost
|showteam|p2|Rillaboom||AssaultVest|GrassySurge|GrassyGlide,WoodHammer,FakeOut,HighHorsepower|||M|||50|,,,,,Fire]Ninetales-Alola||FocusSash|SnowWarning|Blizzard,IcyWind,Encore,AuroraVeil|||M|||50|,,,,,Ghost]Gholdengo||GrassySeed|GoodasGold|NastyPlot,MakeItRain,ShadowBall,Protect||||||50|,,,,,Water]Garchomp||LifeOrb|RoughSkin|StompingTantrum,RockSlide,DragonClaw,Protect|||F|||50|,,,,,Fire]Incineroar||SafetyGoggles|Intimidate|FlareBlitz,KnockOff,FakeOut,PartingShot|||M|||50|,,,,,Water]Dragonite||LoadedDice|Multiscale|ScaleShot,Haze,Tailwind,Protect|||M|||50|,,,,,Fairy
|inactive|Battle timer is ON: inactive players will automatically lose when time's up. (requested by RayGarraty47)
|inactive|T-block has 60 seconds left.
|
|t:|1756441992
|teamsize|p1|4
|teamsize|p2|4
|start
|switch|p1a: Incineroar|Incineroar, L50, M|100/100
|switch|p1b: Hydreigon|Hydreigon, L50, F|100/100
|switch|p2a: Incineroar|Incineroar, L50, M|100/100
|switch|p2b: Ninetales|Ninetales-Alola, L50, M|100/100
|-weather|Snowscape|[from] ability: Snow Warning|[of] p2b: Ninetales
|-ability|p1a: Incineroar|Intimidate|boost
|-unboost|p2a: Incineroar|atk|1
|-unboost|p2b: Ninetales|atk|1
|-ability|p2a: Incineroar|Intimidate|boost
|-unboost|p1a: Incineroar|atk|1
|-unboost|p1b: Hydreigon|atk|1
|turn|1
|
|t:|1756442006
|-terastallize|p1b: Hydreigon|Ghost
|move|p1a: Incineroar|Fake Out|p2b: Ninetales
|-damage|p2b: Ninetales|92/100
|move|p2a: Incineroar|Fake Out|p1a: Incineroar
|-damage|p1a: Incineroar|93/100
|cant|p2b: Ninetales|flinch
|move|p1b: Hydreigon|Tailwind|p1b: Hydreigon
|-sidestart|p1: RayGarraty47|move: Tailwind
|
|-weather|Snowscape|[upkeep]
|upkeep
|turn|2
|inactive|T-block has 30 seconds left.
|
|t:|1756442033
|move|p1b: Hydreigon|Draco Meteor|p2a: Incineroar
|-damage|p2a: Incineroar|53/100
|-unboost|p1b: Hydreigon|spa|2
|move|p1a: Incineroar|Flare Blitz|p2b: Ninetales
|-supereffective|p2b: Ninetales
|-damage|p2b: Ninetales|16/100
|-damage|p1a: Incineroar|74/100|[from] Recoil
|move|p2b: Ninetales|Aurora Veil|p2b: Ninetales
|-sidestart|p2: T-block|move: Aurora Veil
|move|p2a: Incineroar|Knock Off|p1a: Incineroar
|-resisted|p1a: Incineroar
|-damage|p1a: Incineroar|60/100
|-enditem|p1a: Incineroar|Sitrus Berry|[from] move: Knock Off|[of] p2a: Incineroar
|
|-weather|Snowscape|[upkeep]
|upkeep
|turn|3
|inactive|RayGarraty47 has 30 seconds left.
|inactive|T-block has 30 seconds left.
|inactive|RayGarraty47 has 20 seconds left.
|inactive|T-block has 20 seconds left.
|inactive|T-block has 15 seconds left.
|inactive|RayGarraty47 has 15 seconds left.
|inactive|T-block has 10 seconds left.
|
|t:|1756442081
|move|p1b: Hydreigon|Draco Meteor|p2a: Incineroar|[miss]
|-miss|p1b: Hydreigon|p2a: Incineroar
|move|p1a: Incineroar|Flare Blitz|p2b: Ninetales
|-supereffective|p2b: Ninetales
|-damage|p2b: Ninetales|0 fnt
|faint|p2b: Ninetales
|-damage|p1a: Incineroar|56/100|[from] Recoil
|move|p2a: Incineroar|Knock Off|p1b: Hydreigon
|-supereffective|p1b: Hydreigon
|-damage|p1b: Hydreigon|38/100
|-enditem|p1b: Hydreigon|Safety Goggles|[from] move: Knock Off|[of] p2a: Incineroar
|
|-weather|Snowscape|[upkeep]
|upkeep
|l|☆RayGarraty47
|inactive|RayGarraty47 disconnected and has a minute to reconnect!
|player|p1|
|j|☆RayGarraty47
|inactive|RayGarraty47 reconnected.
|player|p1|RayGarraty47|169|
|
|t:|1756442103
|switch|p2b: Gholdengo|Gholdengo, L50|100/100
|turn|4
|
|t:|1756442115
|switch|p2a: Rillaboom|Rillaboom, L50, M|100/100
|-fieldstart|move: Grassy Terrain|[from] ability: Grassy Surge|[of] p2a: Rillaboom
|-enditem|p2b: Gholdengo|Grassy Seed
|-boost|p2b: Gholdengo|def|1|[from] item: Grassy Seed
|-terastallize|p2b: Gholdengo|Water
|move|p1b: Hydreigon|Snarl|p2a: Rillaboom|[spread] p2a,p2b
|-damage|p2a: Rillaboom|95/100
|-damage|p2b: Gholdengo|94/100
|-unboost|p2a: Rillaboom|spa|1
|-unboost|p2b: Gholdengo|spa|1
|move|p1a: Incineroar|Knock Off|p2b: Gholdengo
|-damage|p2b: Gholdengo|85/100
|move|p2b: Gholdengo|Nasty Plot|p2b: Gholdengo
|-boost|p2b: Gholdengo|spa|2
|
|-weather|Snowscape|[upkeep]
|-heal|p1a: Incineroar|62/100|[from] Grassy Terrain
|-heal|p2b: Gholdengo|91/100|[from] Grassy Terrain
|-heal|p2a: Rillaboom|100/100|[from] Grassy Terrain
|-sideend|p1: RayGarraty47|move: Tailwind
|upkeep
|turn|5
|inactive|RayGarraty47 has 30 seconds left.
|inactive|T-block has 30 seconds left.
|
|t:|1756442148
|move|p1b: Hydreigon|Snarl|p2b: Gholdengo|[spread] p2a,p2b
|-damage|p2a: Rillaboom|95/100
|-damage|p2b: Gholdengo|84/100
|-unboost|p2a: Rillaboom|spa|1
|-unboost|p2b: Gholdengo|spa|1
|move|p2b: Gholdengo|Nasty Plot|p2b: Gholdengo
|-boost|p2b: Gholdengo|spa|2
|move|p2a: Rillaboom|Wood Hammer|p1b: Hydreigon
|-damage|p1b: Hydreigon|0 fnt
|faint|p1b: Hydreigon
|-damage|p2a: Rillaboom|84/100|[from] Recoil
|move|p1a: Incineroar|Parting Shot|p2a: Rillaboom
|-unboost|p2a: Rillaboom|atk|1
|-unboost|p2a: Rillaboom|spa|1
|
|t:|1756442161
|switch|p1a: Gholdengo|Gholdengo, L50|100/100|[from] Parting Shot
|
|-weather|none
|-heal|p2b: Gholdengo|90/100|[from] Grassy Terrain
|-heal|p2a: Rillaboom|90/100|[from] Grassy Terrain
|upkeep
|
|t:|1756442163
|switch|p1b: Incineroar|Incineroar, L50, M|62/100
|-ability|p1b: Incineroar|Intimidate|boost
|-unboost|p2a: Rillaboom|atk|1
|-unboost|p2b: Gholdengo|atk|1
|turn|6
|
|t:|1756442182
|switch|p2a: Incineroar|Incineroar, L50, M|53/100
|-ability|p2a: Incineroar|Intimidate|boost
|-unboost|p1a: Gholdengo|atk|1
|-unboost|p1b: Incineroar|atk|1
|move|p2b: Gholdengo|Protect|p2b: Gholdengo
|-singleturn|p2b: Gholdengo|Protect
|move|p1b: Incineroar|Fake Out|p2b: Gholdengo
|-activate|p2b: Gholdengo|move: Protect
|move|p1a: Gholdengo|Nasty Plot|p1a: Gholdengo
|-boost|p1a: Gholdengo|spa|2
|
|-heal|p2b: Gholdengo|96/100|[from] Grassy Terrain
|-heal|p1b: Incineroar|68/100|[from] Grassy Terrain
|-heal|p2a: Incineroar|59/100|[from] Grassy Terrain
|-sideend|p2: T-block|move: Aurora Veil
|upkeep
|turn|7
|
|t:|1756442204
|switch|p1b: Amoonguss|Amoonguss, L50, F|100/100
|switch|p2a: Rillaboom|Rillaboom, L50, M|90/100
|move|p1a: Gholdengo|Protect|p1a: Gholdengo
|-singleturn|p1a: Gholdengo|Protect
|move|p2b: Gholdengo|Shadow Ball|p1a: Gholdengo
|-activate|p1a: Gholdengo|move: Protect
|
|-heal|p2b: Gholdengo|100/100|[from] Grassy Terrain
|-heal|p2a: Rillaboom|96/100|[from] Grassy Terrain
|upkeep
|turn|8
|inactive|RayGarraty47 has 30 seconds left.
|inactive|T-block has 30 seconds left.
|
|t:|1756442236
|switch|p1b: Incineroar|Incineroar, L50, M|68/100
|-ability|p1b: Incineroar|Intimidate|boost
|-unboost|p2a: Rillaboom|atk|1
|-unboost|p2b: Gholdengo|atk|1
|move|p2a: Rillaboom|Fake Out|p1a: Gholdengo
|-immune|p1a: Gholdengo
|move|p1a: Gholdengo|Make It Rain|p2b: Gholdengo|[spread] p2a,p2b
|-resisted|p2b: Gholdengo
|-damage|p2a: Rillaboom|11/100
|-damage|p2b: Gholdengo|49/100
|-unboost|p1a: Gholdengo|spa|1
|move|p2b: Gholdengo|Shadow Ball|p1a: Gholdengo
|-supereffective|p1a: Gholdengo
|-damage|p1a: Gholdengo|0 fnt
|faint|p1a: Gholdengo
|
|-heal|p2b: Gholdengo|56/100|[from] Grassy Terrain
|-heal|p2a: Rillaboom|17/100|[from] Grassy Terrain
|-heal|p1b: Incineroar|74/100|[from] Grassy Terrain
|-fieldend|move: Grassy Terrain
|upkeep
|
|t:|1756442248
|switch|p1a: Amoonguss|Amoonguss, L50, F|100/100
|turn|9
|c|☆T-block|misclick =3
|-message|RayGarraty47 forfeited.
|
|win|T-block
|l|☆RayGarraty47
|player|p1|
||RayGarraty47 is ready for game 2.
