|j|☆xXBMillsXx7
|j|☆ShoukoKun
|html|xXBMillsXx7ShoukoKun    
|uhtml|bestof|Game 3 of a best-of-3
|t:|1785980063
|gametype|doubles
|player|p1|xXBMillsXx7|gambler|
|player|p2|ShoukoKun|veteranf|
|gen|9
|tier|[Gen 9 Champions] VGC 2026 Reg M-B (Bo3)
|rule|Species Clause: Limit one of each Pokémon
|rule|Item Clause: Limit 1 of each item
|clearpoke
|poke|p1|Delphox, L50, F|
|poke|p1|Maushold-Four, L50|
|poke|p1|Annihilape, L50, F|
|poke|p1|Glimmora, L50, F|
|poke|p1|Incineroar, L50, M|
|poke|p1|Dragonite, L50, M|
|poke|p2|Charizard, L50, M, shiny|
|poke|p2|Farigiraf, L50, F|
|poke|p2|Venusaur, L50, F|
|poke|p2|Garchomp, L50, M|
|poke|p2|Incineroar, L50, M|
|poke|p2|Sylveon, L50, M|
|teampreview|4
|showteam|p1|Delphox||Delphoxite|Blaze|HeatWave,Psyshock,GrassKnot,Protect|Timid||F|||50|]Maushold-Four||FocusSash|FriendGuard|SuperFang,BeatUp,FollowMe,Protect|Jolly|||||50|]Annihilape||Leftovers|Defiant|RageFist,DrainPunch,BulkUp,Protect|Adamant||F|||50|]Glimmora||Glimmoranite|ToxicDebris|SludgeBomb,PowerGem,EarthPower,SpikyShield|Timid||F|||50|]Incineroar||ShucaBerry|Intimidate|FlareBlitz,ThroatChop,PartingShot,FakeOut|Careful||M|||50|]Dragonite||WhiteHerb|Multiscale|ScaleShot,LowKick,Tailwind,Protect|Jolly||M|||50|
|showteam|p2|Charizard||CharizarditeY|Blaze|HeatWave,WeatherBall,SolarBeam,Protect|Modest||M|||50|]Farigiraf||ColburBerry|ArmorTail|Psychic,Thunderbolt,HelpingHand,TrickRoom|Modest||F|||50|]Venusaur||FocusSash|Chlorophyll|LeafStorm,SludgeBomb,SleepPowder,Protect|Modest||F|||50|]Garchomp||LifeOrb|RoughSkin|RockSlide,DragonClaw,Earthquake,Protect|Jolly||M|||50|]Incineroar||SitrusBerry|Intimidate|FakeOut,DarkestLariat,FlareBlitz,PartingShot|Careful||M|||50|]Sylveon||FairyFeather|Pixilate|HyperVoice,HyperBeam,QuickAttack,Protect|Modest||M|||50|
|inactive|Battle timer is ON: inactive players will automatically lose when time's up. (requested by xXBMillsXx7)
|inactiveoff|Battle timer is now OFF.
|
|t:|1785980088
|teamsize|p1|4
|teamsize|p2|4
|start
|switch|p1a: Maushold|Maushold-Four, L50|100/100
|switch|p1b: Annihilape|Annihilape, L50, F|100/100
|switch|p2a: Charizard|Charizard, L50, M, shiny|100/100
|switch|p2b: Venusaur|Venusaur, L50, F|100/100
|turn|1
|
|t:|1785980117
|detailschange|p2a: Charizard|Charizard-Mega-Y, L50, M, shiny
|-mega|p2a: Charizard|Charizard|Charizardite Y
|-weather|SunnyDay|[from] ability: Drought|[of] p2a: Charizard
|move|p1a: Maushold|Protect|p1a: Maushold
|-singleturn|p1a: Maushold|Protect
|move|p1b: Annihilape|Protect|p1b: Annihilape
|-singleturn|p1b: Annihilape|Protect
|move|p2b: Venusaur|Sleep Powder|p1b: Annihilape
|-activate|p1b: Annihilape|move: Protect
|move|p2a: Charizard|Heat Wave|p1a: Maushold|[spread] 
|-activate|p1a: Maushold|move: Protect
|-activate|p1b: Annihilape|move: Protect
|
|-weather|SunnyDay|[upkeep]
|upkeep
|turn|2
|
|t:|1785980163
|switch|p1a: Glimmora|Glimmora, L50, F|100/100
|move|p2b: Venusaur|Leaf Storm|p1b: Annihilape
|-damage|p1b: Annihilape|41/100
|-unboost|p2b: Venusaur|spa|2
|move|p1b: Annihilape|Bulk Up|p1b: Annihilape
|-boost|p1b: Annihilape|atk|1
|-boost|p1b: Annihilape|def|1
|move|p2a: Charizard|Heat Wave|p1a: Glimmora|[spread] p1b
|-miss|p2a: Charizard|p1a: Glimmora
|-damage|p1b: Annihilape|0 fnt
|faint|p1b: Annihilape
|
|-weather|SunnyDay|[upkeep]
|upkeep
|
|t:|1785980176
|switch|p1b: Maushold|Maushold-Four, L50|100/100
|turn|3
|
|t:|1785980193
|switch|p2a: Garchomp|Garchomp, L50, M|100/100
|detailschange|p1a: Glimmora|Glimmora-Mega, L50, F
|-mega|p1a: Glimmora|Glimmora|Glimmoranite
|move|p1b: Maushold|Follow Me|p1b: Maushold
|-singleturn|p1b: Maushold|move: Follow Me
|move|p2b: Venusaur|Sleep Powder|p1b: Maushold|[miss]
|-miss|p2b: Venusaur|p1b: Maushold
|move|p1a: Glimmora|Sludge Bomb|p2b: Venusaur
|-damage|p2b: Venusaur|22/100
|
|-weather|SunnyDay|[upkeep]
|upkeep
|turn|4
|
|t:|1785980220
|switch|p1a: Dragonite|Dragonite, L50, M|100/100
|move|p2b: Venusaur|Protect|p2b: Venusaur
|-singleturn|p2b: Venusaur|Protect
|move|p1b: Maushold|Follow Me|p1b: Maushold
|-singleturn|p1b: Maushold|move: Follow Me
|move|p2a: Garchomp|Earthquake|p1b: Maushold|[spread] p1b
|-activate|p2b: Venusaur|move: Protect
|-immune|p1a: Dragonite
|-damage|p1b: Maushold|39/100
|-damage|p2a: Garchomp|90/100|[from] item: Life Orb
|
|-weather|SunnyDay|[upkeep]
|upkeep
|turn|5
|
|t:|1785980254
|switch|p2b: Sylveon|Sylveon, L50, M|100/100
|move|p1b: Maushold|Protect|p1b: Maushold
|-singleturn|p1b: Maushold|Protect
|move|p1a: Dragonite|Protect|p1a: Dragonite
|-singleturn|p1a: Dragonite|Protect
|move|p2a: Garchomp|Rock Slide|p1a: Dragonite|[spread] 
|-activate|p1a: Dragonite|move: Protect
|-activate|p1b: Maushold|move: Protect
|
|-weather|none
|upkeep
|turn|6
|
|t:|1785980299
|move|p1b: Maushold|Super Fang|p2a: Garchomp
|-damage|p2a: Garchomp|45/100
|-damage|p1b: Maushold|27/100|[from] ability: Rough Skin|[of] p2a: Garchomp
|move|p2a: Garchomp|Rock Slide|p1b: Maushold|[spread] p1a,p1b
|-supereffective|p1a: Dragonite|1
|-damage|p1a: Dragonite|84/100
|-damage|p1b: Maushold|0 fnt
|faint|p1b: Maushold
|-damage|p2a: Garchomp|35/100|[from] item: Life Orb
|move|p1a: Dragonite|Tailwind|p1a: Dragonite
|-sidestart|p1: xXBMillsXx7|move: Tailwind
|move|p2b: Sylveon|Hyper Voice|p1a: Dragonite
|-supereffective|p1a: Dragonite|1
|-damage|p1a: Dragonite|0 fnt
|faint|p1a: Dragonite
|
|upkeep
|
|t:|1785980311
|switch|p1a: Glimmora|Glimmora-Mega, L50, F|100/100
|turn|7
|
|t:|1785980321
|switch|p2b: Charizard|Charizard-Mega-Y, L50, M, shiny|100/100
|-weather|SunnyDay|[from] ability: Drought|[of] p2b: Charizard
|move|p1a: Glimmora|Sludge Bomb|p2a: Garchomp
|-resisted|p2a: Garchomp|1
|-crit|p2a: Garchomp
|-damage|p2a: Garchomp|0 fnt
|faint|p2a: Garchomp
|
|-weather|SunnyDay|[upkeep]
|upkeep
|
|t:|1785980329
|switch|p2a: Venusaur|Venusaur, L50, F|22/100
|turn|8
|
|t:|1785980358
|move|p1a: Glimmora|Sludge Bomb|p2a: Venusaur
|-damage|p2a: Venusaur|0 fnt
|faint|p2a: Venusaur
|move|p2b: Charizard|Solar Beam||[still]
|-prepare|p2b: Charizard|Solar Beam
|-anim|p2b: Charizard|Solar Beam|p1a: Glimmora
|-damage|p1a: Glimmora|38/100
|
|-weather|SunnyDay|[upkeep]
|upkeep
|
|t:|1785980366
|switch|p2a: Sylveon|Sylveon, L50, M|100/100
|turn|9
|
|t:|1785980390
|move|p1a: Glimmora|Sludge Bomb|p2a: Sylveon
|-supereffective|p2a: Sylveon|1
|-damage|p2a: Sylveon|0 fnt
|faint|p2a: Sylveon
|move|p2b: Charizard|Solar Beam||[still]
|-prepare|p2b: Charizard|Solar Beam
|-anim|p2b: Charizard|Solar Beam|p1a: Glimmora
|-damage|p1a: Glimmora|0 fnt
|faint|p1a: Glimmora
|
|win|ShoukoKun
|c|☆xXBMillsXx7|ggs\
|c|☆ShoukoKun|gg
