|j|☆alkittxn
|j|☆captainjones11
|html|alkittxncaptainjones11    
|uhtml|bestof|Game 2 of a best-of-3
|t:|1784312669
|gametype|doubles
|player|p1|alkittxn|aaron|1054
|player|p2|captainjones11|2|1143
|gen|9
|tier|[Gen 9 Champions] VGC 2026 Reg M-B (Bo3)
|rated|
|rule|Species Clause: Limit one of each Pokémon
|rule|Item Clause: Limit 1 of each item
|clearpoke
|poke|p1|Gallade, L50, M|
|poke|p1|Camerupt, L50, F|
|poke|p1|Farigiraf, L50, M|
|poke|p1|Talonflame, L50, M|
|poke|p1|Basculegion, L50, M|
|poke|p1|Kingambit, L50, M|
|poke|p2|Golurk, L50|
|poke|p2|Sinistcha, L50|
|poke|p2|Metagross, L50|
|poke|p2|Infernape, L50, F|
|poke|p2|Grimmsnarl, L50, M|
|poke|p2|Morpeko, L50, F|
|teampreview|4
|showteam|p1|Gallade||FocusSash|Sharpness|SacredSword,TripleAxel,WideGuard,TrickRoom|Adamant||M|||50|]Camerupt||Cameruptite|SolidRock|AncientPower,HeatWave,EarthPower,Protect|Quiet||F|||50|]Farigiraf||ColburBerry|ArmorTail|HelpingHand,TrickRoom,Protect,Thunderbolt|Bold||M|||50|]Talonflame||ChartiBerry|GaleWings|DualWingbeat,Tailwind,FlareBlitz,Taunt|Relaxed||M|||50|]Basculegion||MysticWater|Adaptability|AquaJet,WaveCrash,LastRespects,FlipTurn|Adamant||M|||50|]Kingambit||ChopleBerry|Defiant|SuckerPunch,KowtowCleave,IronHead,Protect|Adamant||M|||50|
|showteam|p2|Golurk||Golurkite|IronFist|HeadlongRush,Poltergeist,Protect,DrainPunch|Brave|||||50|]Sinistcha||ColburBerry|Hospitality|MatchaGotcha,RagePowder,TrickRoom,Protect|Quiet|||||50|]Metagross||Metagrossite|ClearBody|MeteorMash,PsychicFangs,Protect,ShadowClaw|Adamant|||||50|]Infernape||BlackBelt|IronFist|FirePunch,CloseCombat,FakeOut,MachPunch|Jolly||F|||50|]Grimmsnarl||RoseliBerry|Prankster|SpiritBreak,FakeOut,Taunt,PartingShot|Brave||M|||50|]Morpeko||Leftovers|HungerSwitch|PartingShot,AuraWheel,FakeOut,KnockOff|Jolly||F|||50|
|c|☆captainjones11|That was such a through by me
|
|t:|1784312717
|teamsize|p1|4
|teamsize|p2|4
|start
|switch|p1a: Talonflame|Talonflame, L50, M|100/100
|switch|p1b: Basculegion|Basculegion, L50, M|100/100
|switch|p2a: Underhamster|Morpeko, L50, F|100/100
|switch|p2b: checkmate|Infernape, L50, F|100/100
|turn|1
|
|t:|1784312747
|move|p2b: checkmate|Fake Out|p1a: Talonflame
|-damage|p1a: Talonflame|87/100
|move|p2a: Underhamster|Aura Wheel|p1b: Basculegion
|-supereffective|p1b: Basculegion|1
|-damage|p1b: Basculegion|0 fnt
|-boost|p2a: Underhamster|spe|1
|faint|p1b: Basculegion
|cant|p1a: Talonflame|flinch
|
|-formechange|p2a: Underhamster|Morpeko-Hangry|
|upkeep
|
|t:|1784312764
|switch|p1b: Camerupt|Camerupt, L50, F|100/100
|turn|2
|
|t:|1784312787
|detailschange|p1b: Camerupt|Camerupt-Mega, L50, F
|-mega|p1b: Camerupt|Camerupt|Cameruptite
|move|p2a: Underhamster|Parting Shot|p1a: Talonflame
|-unboost|p1a: Talonflame|atk|1
|-unboost|p1a: Talonflame|spa|1
|
|t:|1784312797
|switch|p2a: calculator|Metagross, L50|100/100|[from] Parting Shot
|move|p2b: checkmate|Close Combat|p1b: Camerupt
|-damage|p1b: Camerupt|38/100
|-unboost|p2b: checkmate|def|1
|-unboost|p2b: checkmate|spd|1
|move|p1a: Talonflame|Dual Wingbeat|p2b: checkmate
|-supereffective|p2b: checkmate|1
|-damage|p2b: checkmate|52/100
|-supereffective|p2b: checkmate|1
|-damage|p2b: checkmate|1/100
|-hitcount|p2b: checkmate|2
|move|p1b: Camerupt|Earth Power|p2a: calculator
|-supereffective|p2a: calculator|1
|-damage|p2a: calculator|0 fnt
|faint|p2a: calculator
|
|upkeep
|
|t:|1784312818
|switch|p2a: kriss'ssoakedlunch|Sinistcha, L50|100/100
|-heal|p2b: checkmate|25/100|[from] ability: Hospitality|[of] p2a: kriss'ssoakedlunch
|turn|3
|
|t:|1784312836
|move|p1b: Camerupt|Protect|p1b: Camerupt
|-singleturn|p1b: Camerupt|Protect
|move|p2b: checkmate|Close Combat|p1a: Talonflame
|-resisted|p1a: Talonflame|1
|-damage|p1a: Talonflame|56/100
|-unboost|p2b: checkmate|def|1
|-unboost|p2b: checkmate|spd|1
|move|p1a: Talonflame|Taunt|p2a: kriss'ssoakedlunch
|-start|p2a: kriss'ssoakedlunch|move: Taunt
|move|p2a: kriss'ssoakedlunch|Matcha Gotcha|p1a: Talonflame|[spread] p1a
|-activate|p1b: Camerupt|move: Protect
|-resisted|p1a: Talonflame|2
|-damage|p1a: Talonflame|45/100
|
|upkeep
|turn|4
|
|t:|1784312881
|switch|p2a: Underhamster|Morpeko, L50, F|100/100
|move|p2b: checkmate|Close Combat|p1b: Camerupt
|-damage|p1b: Camerupt|0 fnt
|-unboost|p2b: checkmate|def|1
|-unboost|p2b: checkmate|spd|1
|faint|p1b: Camerupt
|move|p1a: Talonflame|Dual Wingbeat|p2b: checkmate
|-supereffective|p2b: checkmate|1
|-damage|p2b: checkmate|0 fnt
|faint|p2b: checkmate
|-hitcount|p2: checkmate|1
|
|-formechange|p2a: Underhamster|Morpeko-Hangry|
|upkeep
|
|t:|1784312895
|switch|p2b: kriss'ssoakedlunch|Sinistcha, L50|100/100
|switch|p1b: Kingambit|Kingambit, L50, M|100/100
|turn|5
|c|☆captainjones11|Gg
|
|t:|1784312920
|move|p2a: Underhamster|Fake Out|p1b: Kingambit
|-resisted|p1b: Kingambit|1
|-damage|p1b: Kingambit|96/100
|move|p1a: Talonflame|Flare Blitz|p2b: kriss'ssoakedlunch
|-supereffective|p2b: kriss'ssoakedlunch|1
|-crit|p2b: kriss'ssoakedlunch
|-damage|p2b: kriss'ssoakedlunch|0 fnt
|faint|p2b: kriss'ssoakedlunch
|-damage|p1a: Talonflame|7/100|[from] Recoil
|cant|p1b: Kingambit|flinch
|
|-formechange|p2a: Underhamster|Morpeko|
|upkeep
|turn|6
|
|t:|1784312946
|move|p2a: Underhamster|Aura Wheel|p1b: Kingambit
|-damage|p1b: Kingambit|62/100
|-boost|p2a: Underhamster|spe|1
|move|p1a: Talonflame|Flare Blitz|p2a: Underhamster
|-damage|p2a: Underhamster|54/100
|-damage|p1a: Talonflame|0 fnt|[from] Recoil
|faint|p1a: Talonflame
|move|p1b: Kingambit|Kowtow Cleave|p2a: Underhamster
|-resisted|p2a: Underhamster|1
|-damage|p2a: Underhamster|12/100
|
|-heal|p2a: Underhamster|18/100|[from] item: Leftovers
|-formechange|p2a: Underhamster|Morpeko-Hangry|
|upkeep
|turn|7
|
|t:|1784312976
|move|p1b: Kingambit|Sucker Punch|p2a: Underhamster
|-resisted|p2a: Underhamster|1
|-damage|p2a: Underhamster|0 fnt
|faint|p2a: Underhamster
|
|win|alkittxn
|raw|alkittxn's rating: 1054 → 1094(+40 for winning)
|raw|captainjones11's rating: 1143 → 1112(-31 for losing)
|c|☆captainjones11|Gg
