|j|☆furretusedpunch
|j|☆nuclearnutz321
|html|furretusedpunchnuclearnutz321    
|uhtml|bestof|Game 3 of a best-of-3
|t:|1756266563
|gametype|doubles
|player|p1|furretusedpunch|102|1196
|player|p2|nuclearnutz321|pokemonrangerf|1150
|gen|9
|tier|[Gen 9] VGC 2025 Reg H (Bo3)
|rated|
|rule|Species Clause: Limit one of each Pokémon
|rule|Item Clause: Limit 1 of each item
|clearpoke
|poke|p1|Gholdengo, L50|
|poke|p1|Sneasler, L50, M|
|poke|p1|Rillaboom, L50, M|
|poke|p1|Dragonite, L50, F|
|poke|p1|Arcanine-Hisui, L50, M|
|poke|p1|Weavile, L50, M|
|poke|p2|Chandelure, L50, M|
|poke|p2|Conkeldurr, L50, M|
|poke|p2|Amoonguss, L50, F|
|poke|p2|Hydreigon, L50, M|
|poke|p2|Basculegion, L50, M|
|poke|p2|Corviknight, L50, M|
|teampreview|4
|showteam|p1|Gholdengo||GrassySeed|GoodasGold|NastyPlot,MakeItRain,ShadowBall,Protect||||||50|,,,,,Water]Sneasler||WhiteHerb|Unburden|CloseCombat,DireClaw,Coaching,Protect|||M|||50|,,,,,Ghost]Rillaboom||AssaultVest|GrassySurge|FakeOut,GrassyGlide,DrumBeating,HighHorsepower|||M|||50|,,,,,Fire]Dragonite||LoadedDice|Multiscale|ScaleShot,StompingTantrum,Tailwind,Protect|||F|||50|,,,,,Ground]Arcanine-Hisui||SafetyGoggles|Intimidate|RockSlide,FlareBlitz,Snarl,Protect|||M|||50|,,,,,Water]Weavile||FocusSash|Pickpocket|IcyWind,KnockOff,Taunt,FakeOut|||M|||50|,,,,,Ghost
|showteam|p2|Chandelure||FocusSash|FlashFire|HeatWave,ShadowBall,TrickRoom,Protect|||M|||50|,,,,,Grass]Conkeldurr||FlameOrb|Guts|CloseCombat,Protect,MachPunch,KnockOff|||M|||50|,,,,,Steel]Amoonguss||SitrusBerry|Regenerator|Spore,RagePowder,SludgeBomb,Protect|||F|||50|,,,,,Dark]Hydreigon||SafetyGoggles|Levitate|Tailwind,DracoMeteor,DarkPulse,Protect|||M|||50|,,,,,Poison]Basculegion||ChoiceScarf|Adaptability|FlipTurn,WaveCrash,LastRespects,PhantomForce|||M|||50|,,,,,Water]Corviknight||CovertCloak|MirrorArmor|BulkUp,BraveBird,BodyPress,Roost|||M|||50|,,,,,Fire
|
|t:|1756266591
|teamsize|p1|4
|teamsize|p2|4
|start
|switch|p1a: Rillaboom|Rillaboom, L50, M|100/100
|switch|p1b: Gholdengo|Gholdengo, L50|100/100
|switch|p2a: Susie|Hydreigon, L50, M|100/100
|switch|p2b: Literally Me fr fr|Chandelure, L50, M|100/100
|-fieldstart|move: Grassy Terrain|[from] ability: Grassy Surge|[of] p1a: Rillaboom
|-enditem|p1b: Gholdengo|Grassy Seed
|-boost|p1b: Gholdengo|def|1|[from] item: Grassy Seed
|turn|1
|
|t:|1756266616
|-terastallize|p2b: Literally Me fr fr|Grass
|move|p1a: Rillaboom|Fake Out|p2a: Susie
|-damage|p2a: Susie|87/100
|cant|p2a: Susie|flinch
|move|p1b: Gholdengo|Nasty Plot|p1b: Gholdengo
|-boost|p1b: Gholdengo|spa|2
|move|p2b: Literally Me fr fr|Trick Room|p2b: Literally Me fr fr
|-fieldstart|move: Trick Room|[of] p2b: Literally Me fr fr
|
|upkeep
|turn|2
|
|t:|1756266659
|-terastallize|p1b: Gholdengo|Water
|move|p1a: Rillaboom|Grassy Glide|p2b: Literally Me fr fr
|-resisted|p2b: Literally Me fr fr
|-damage|p2b: Literally Me fr fr|80/100
|move|p2b: Literally Me fr fr|Shadow Ball|p1b: Gholdengo
|-damage|p1b: Gholdengo|51/100
|move|p1b: Gholdengo|Make It Rain|p2b: Literally Me fr fr|[spread] p2a,p2b
|-damage|p2a: Susie|0 fnt
|-damage|p2b: Literally Me fr fr|0 fnt
|-unboost|p1b: Gholdengo|spa|1
|faint|p2a: Susie
|faint|p2b: Literally Me fr fr
|
|-heal|p1b: Gholdengo|57/100|[from] Grassy Terrain
|upkeep
|
|t:|1756266666
|switch|p2b: Roaring Knight|Corviknight, L50, M, shiny|100/100
|switch|p2a: Gramps|Conkeldurr, L50, M|100/100
|turn|3
|
|t:|1756266686
|switch|p1a: Arcanine|Arcanine-Hisui, L50, M|100/100
|-ability|p1a: Arcanine|Intimidate|boost
|-unboost|p2a: Gramps|atk|1
|-ability|p2b: Roaring Knight|Mirror Armor
|-unboost|p1a: Arcanine|atk|1
|move|p2a: Gramps|Knock Off|p1a: Arcanine
|-damage|p1a: Arcanine|65/100
|-enditem|p1a: Arcanine|Safety Goggles|[from] move: Knock Off|[of] p2a: Gramps
|move|p2b: Roaring Knight|Brave Bird|p1a: Arcanine
|-resisted|p1a: Arcanine
|-damage|p1a: Arcanine|37/100
|-damage|p2b: Roaring Knight|93/100|[from] Recoil
|move|p1b: Gholdengo|Shadow Ball|p2b: Roaring Knight
|-damage|p2b: Roaring Knight|31/100
|
|-heal|p1b: Gholdengo|63/100|[from] Grassy Terrain
|-heal|p1a: Arcanine|43/100|[from] Grassy Terrain
|-status|p2a: Gramps|brn|[from] item: Flame Orb
|upkeep
|turn|4
|
|t:|1756266716
|move|p2a: Gramps|Close Combat|p1b: Gholdengo
|-damage|p1b: Gholdengo|16/100
|-unboost|p2a: Gramps|def|1
|-unboost|p2a: Gramps|spd|1
|move|p2b: Roaring Knight|Roost|p2b: Roaring Knight
|-heal|p2b: Roaring Knight|81/100
|-singleturn|p2b: Roaring Knight|move: Roost
|move|p1b: Gholdengo|Shadow Ball|p2b: Roaring Knight
|-damage|p2b: Roaring Knight|26/100
|move|p1a: Arcanine|Flare Blitz|p2b: Roaring Knight
|-supereffective|p2b: Roaring Knight
|-damage|p2b: Roaring Knight|0 fnt
|faint|p2b: Roaring Knight
|-damage|p1a: Arcanine|33/100|[from] Recoil
|
|-heal|p1b: Gholdengo|22/100|[from] Grassy Terrain
|-heal|p1a: Arcanine|39/100|[from] Grassy Terrain
|-damage|p2a: Gramps|94/100 brn|[from] brn
|upkeep
|turn|5
|
|t:|1756266725
|move|p1b: Gholdengo|Protect|p1b: Gholdengo
|-singleturn|p1b: Gholdengo|Protect
|move|p1a: Arcanine|Protect|p1a: Arcanine
|-singleturn|p1a: Arcanine|Protect
|move|p2a: Gramps|Mach Punch|p1a: Arcanine
|-activate|p1a: Arcanine|move: Protect
|
|-heal|p2a: Gramps|100/100 brn|[from] Grassy Terrain
|-heal|p1b: Gholdengo|28/100|[from] Grassy Terrain
|-heal|p1a: Arcanine|45/100|[from] Grassy Terrain
|-damage|p2a: Gramps|94/100 brn|[from] brn
|-fieldend|move: Trick Room
|-fieldend|move: Grassy Terrain
|upkeep
|turn|6
|-message|nuclearnutz321 forfeited.
|
|win|furretusedpunch
|raw|furretusedpunch's rating: 1196 → 1218(+22 for winning)
|raw|nuclearnutz321's rating: 1150 → 1128(-22 for losing)
