|j|☆elfokaz
|j|☆marcusquinn
|html|elfokazmarcusquinn    
|uhtml|bestof|Game 1 of a best-of-3
|t:|1757644729
|gametype|doubles
|player|p1|elfokaz|266|1127
|player|p2|marcusquinn|hilbert-wonderlauncher|1180
|gen|9
|tier|[Gen 9] VGC 2025 Reg H (Bo3)
|rated|
|rule|Species Clause: Limit one of each Pokémon
|rule|Item Clause: Limit 1 of each item
|clearpoke
|poke|p1|Dragapult, L50, M|
|poke|p1|Kilowattrel, L50, M|
|poke|p1|Toedscruel, L50, M|
|poke|p1|Palafin, L50, M|
|poke|p1|Incineroar, L50, M|
|poke|p1|Weezing, L50, M|
|poke|p2|Archaludon, L50, M|
|poke|p2|Porygon2, L50|
|poke|p2|Incineroar, L50, M|
|poke|p2|Ursaluna, L50, F|
|poke|p2|Sneasler, L50, M|
|poke|p2|Dragonite, L50, F|
|teampreview|4
|showteam|p1|Dragapult||ChoiceBand|ClearBody|DragonDarts,PhantomForce,PsychicFangs,Uturn|||M|||50|,,,,,Dragon]Kilowattrel||CovertCloak|Competitive|VoltSwitch,AirSlash,Thunderbolt,Tailwind|||M|||50|,,,,,Electric]Toedscruel||LifeOrb|MyceliumMight|EnergyBall,EarthPower,Spore,Protect|||M|||50|,,,,,Fire]Palafin||MysticWater|ZerotoHero|JetPunch,WaveCrash,Haze,Protect|||M|||50|,,,,,Water]Incineroar||AbilityShield|Intimidate|FakeOut,KnockOff,FlareBlitz,PartingShot|||M|||50|,,,,,Ghost]Weezing||SitrusBerry|NeutralizingGas|SludgeBomb,Taunt,WillOWisp,Protect|||M|||50|,,,,,Ghost
|showteam|p2|Archaludon||PowerHerb|Sturdy|Protect,ElectroShot,DracoMeteor,FlashCannon|||M|||50|,,,,,Electric]Porygon2||Eviolite|Download|TeraBlast,IceBeam,Recover,TrickRoom||||||50|,,,,,Fighting]Incineroar||SafetyGoggles|Intimidate|FlareBlitz,KnockOff,FakeOut,PartingShot|||M|||50|,,,,,Ghost]Ursaluna||FlameOrb|Guts|HeadlongRush,Facade,Earthquake,Protect|||F|||50|,,,,,Ghost]Sneasler||FocusSash|Unburden|Protect,CloseCombat,DireClaw,ThroatChop|||M|||50|,,,,,Stellar]Dragonite||LoadedDice|Multiscale|ScaleShot,Tailwind,Haze,Protect|||F|||50|,,,,,Fairy
|inactive|Battle timer is ON: inactive players will automatically lose when time's up. (requested by marcusquinn)
|inactive|elfokaz has 60 seconds left.
|inactive|marcusquinn has 60 seconds left.
|inactive|elfokaz has 30 seconds left.
|inactive|elfokaz has 20 seconds left.
|inactive|elfokaz has 15 seconds left.
|inactive|elfokaz has 10 seconds left.
|
|t:|1757644809
|teamsize|p1|4
|teamsize|p2|4
|start
|switch|p1a: Incineroar|Incineroar, L50, M|100/100
|switch|p1b: Weezing|Weezing, L50, M|100/100
|switch|p2a: Sneasler|Sneasler, L50, M|100/100
|switch|p2b: Ursaluna|Ursaluna, L50, F|100/100
|-ability|p1b: Weezing|Neutralizing Gas
|-block|p1a: Incineroar|item: Ability Shield
|-ability|p1a: Incineroar|Intimidate|boost
|-unboost|p2a: Sneasler|atk|1
|-unboost|p2b: Ursaluna|atk|1
|turn|1
|inactive|elfokaz has 30 seconds left.
|inactive|marcusquinn has 30 seconds left.
|inactive|elfokaz has 20 seconds left.
|inactive|marcusquinn has 20 seconds left.
|inactive|elfokaz has 15 seconds left.
|
|t:|1757644850
|switch|p2a: Incineroar|Incineroar, L50, M, shiny|100/100
|move|p2b: Ursaluna|Protect|p2b: Ursaluna
|-singleturn|p2b: Ursaluna|Protect
|move|p1a: Incineroar|Fake Out|p2a: Incineroar
|-damage|p2a: Incineroar|90/100
|move|p1b: Weezing|Will-O-Wisp|p2a: Incineroar
|-immune|p2a: Incineroar
|
|-status|p2b: Ursaluna|brn|[from] item: Flame Orb
|upkeep
|turn|2
|
|t:|1757644868
|switch|p1a: Toedscruel|Toedscruel, L50, M|100/100
|switch|p2a: Dragonite|Dragonite, L50, F, shiny|100/100
|move|p1b: Weezing|Protect|p1b: Weezing
|-singleturn|p1b: Weezing|Protect
|move|p2b: Ursaluna|Earthquake|p1a: Toedscruel|[spread] p1a
|-activate|p1b: Weezing|move: Protect
|-immune|p2a: Dragonite
|-resisted|p1a: Toedscruel
|-damage|p1a: Toedscruel|89/100
|
|-damage|p2b: Ursaluna|95/100 brn|[from] brn
|upkeep
|turn|3
|inactive|elfokaz has 30 seconds left.
|inactive|marcusquinn has 30 seconds left.
|inactive|elfokaz has 20 seconds left.
|inactive|marcusquinn has 20 seconds left.
|inactive|elfokaz has 15 seconds left.
|
|t:|1757644912
|switch|p2a: Incineroar|Incineroar, L50, M, shiny|90/100
|-terastallize|p1b: Weezing|Ghost
|-terastallize|p2b: Ursaluna|Ghost
|move|p1a: Toedscruel|Energy Ball|p2b: Ursaluna
|-damage|p2b: Ursaluna|51/100 brn
|-damage|p1a: Toedscruel|79/100|[from] item: Life Orb
|move|p1b: Weezing|Will-O-Wisp|p2a: Incineroar
|-immune|p2a: Incineroar
|move|p2b: Ursaluna|Facade|p1a: Toedscruel
|-damage|p1a: Toedscruel|0 fnt
|faint|p1a: Toedscruel
|
|-damage|p2b: Ursaluna|45/100 brn|[from] brn
|upkeep
|
|t:|1757644928
|switch|p1a: Incineroar|Incineroar, L50, M|100/100
|-ability|p1a: Incineroar|Intimidate|boost
|-unboost|p2a: Incineroar|atk|1
|-unboost|p2b: Ursaluna|atk|1
|turn|4
|
|t:|1757644949
|switch|p2a: Dragonite|Dragonite, L50, F, shiny|100/100
|move|p1a: Incineroar|Fake Out|p2a: Dragonite
|-damage|p2a: Dragonite|88/100
|move|p1b: Weezing|Sludge Bomb|p2a: Dragonite
|-crit|p2a: Dragonite
|-damage|p2a: Dragonite|41/100
|move|p2b: Ursaluna|Earthquake|p1a: Incineroar|[spread] p1a,p1b
|-immune|p2a: Dragonite
|-supereffective|p1a: Incineroar
|-damage|p1a: Incineroar|80/100
|-damage|p1b: Weezing|92/100
|
|-damage|p2b: Ursaluna|40/100 brn|[from] brn
|upkeep
|turn|5
|inactive|elfokaz has 30 seconds left.
|inactive|marcusquinn has 30 seconds left.
|inactive|elfokaz has 20 seconds left.
|inactive|marcusquinn has 20 seconds left.
|inactive|elfokaz has 15 seconds left.
|inactive|elfokaz has 10 seconds left.
|
|t:|1757644995
|move|p2a: Dragonite|Scale Shot|p1b: Weezing
|-damage|p1b: Weezing|77/100
|-damage|p1b: Weezing|63/100
|-damage|p1b: Weezing|49/100
|-enditem|p1b: Weezing|Sitrus Berry|[eat]
|-heal|p1b: Weezing|74/100|[from] item: Sitrus Berry
|-damage|p1b: Weezing|60/100
|-damage|p1b: Weezing|46/100
|-hitcount|p1b: Weezing|5
|-unboost|p2a: Dragonite|def|1
|-boost|p2a: Dragonite|spe|1
|move|p1a: Incineroar|Knock Off|p2b: Ursaluna
|-supereffective|p2b: Ursaluna
|-damage|p2b: Ursaluna|0 fnt
|-enditem|p2b: Ursaluna|Flame Orb|[from] move: Knock Off|[of] p1a: Incineroar
|faint|p2b: Ursaluna
|move|p1b: Weezing|Sludge Bomb|p2a: Dragonite
|-damage|p2a: Dragonite|12/100
|
|upkeep
|
|t:|1757645017
|switch|p2b: Sneasler|Sneasler, L50, M|100/100
|turn|6
|
|t:|1757645028
|switch|p1a: Palafin|Palafin, L50, M|100/100
|move|p1b: Weezing|Protect|p1b: Weezing
|-singleturn|p1b: Weezing|Protect
|move|p2a: Dragonite|Scale Shot|p1b: Weezing
|-activate|p1b: Weezing|move: Protect
|move|p2b: Sneasler|Close Combat|p1a: Palafin
|-damage|p1a: Palafin|22/100
|-unboost|p2b: Sneasler|def|1
|-unboost|p2b: Sneasler|spd|1
|
|upkeep
|turn|7
|
|t:|1757645051
|move|p1a: Palafin|Jet Punch|p2a: Dragonite
|-resisted|p2a: Dragonite
|-damage|p2a: Dragonite|0 fnt
|faint|p2a: Dragonite
|move|p2b: Sneasler|Dire Claw|p1b: Weezing
|-resisted|p1b: Weezing
|-damage|p1b: Weezing|27/100
|move|p1b: Weezing|Sludge Bomb|p2b: Sneasler
|-resisted|p2b: Sneasler
|-damage|p2b: Sneasler|74/100
|
|upkeep
|
|t:|1757645060
|switch|p2a: Incineroar|Incineroar, L50, M, shiny|90/100
|turn|8
|
|t:|1757645073
|detailschange|p1a: Palafin|Palafin-Hero, L50, M
|switch|p1a: Incineroar|Incineroar, L50, M|80/100
|-ability|p1a: Incineroar|Intimidate|boost
|-unboost|p2a: Incineroar|atk|1
|-unboost|p2b: Sneasler|atk|1
|move|p2b: Sneasler|Protect|p2b: Sneasler
|-singleturn|p2b: Sneasler|Protect
|move|p1b: Weezing|Protect|p1b: Weezing
|-singleturn|p1b: Weezing|Protect
|move|p2a: Incineroar|Knock Off|p1a: Incineroar
|-resisted|p1a: Incineroar
|-damage|p1a: Incineroar|65/100
|-enditem|p1a: Incineroar|Ability Shield|[from] move: Knock Off|[of] p2a: Incineroar
|
|upkeep
|turn|9
|inactive|marcusquinn has 30 seconds left.
|
|t:|1757645106
|move|p2b: Sneasler|Protect||[still]
|-fail|p2b: Sneasler
|move|p1a: Incineroar|Fake Out|p2b: Sneasler
|-damage|p2b: Sneasler|44/100
|move|p2a: Incineroar|Knock Off|p1a: Incineroar
|-resisted|p1a: Incineroar
|-damage|p1a: Incineroar|55/100
|move|p1b: Weezing|Sludge Bomb|p2b: Sneasler
|-resisted|p2b: Sneasler
|-damage|p2b: Sneasler|15/100
|
|upkeep
|turn|10
|
|t:|1757645124
|move|p1b: Weezing|Protect|p1b: Weezing
|-singleturn|p1b: Weezing|Protect
|move|p2b: Sneasler|Close Combat|p1a: Incineroar
|-supereffective|p1a: Incineroar
|-damage|p1a: Incineroar|0 fnt
|-unboost|p2b: Sneasler|def|1
|-unboost|p2b: Sneasler|spd|1
|faint|p1a: Incineroar
|move|p2a: Incineroar|Knock Off|p1b: Weezing
|-activate|p1b: Weezing|move: Protect
|
|upkeep
|
|t:|1757645133
|switch|p1a: Palafin|Palafin-Hero, L50, M|22/100
|-activate|p1a: Palafin|ability: Zero to Hero
|turn|11
|
|t:|1757645161
|move|p2b: Sneasler|Protect|p2b: Sneasler
|-singleturn|p2b: Sneasler|Protect
|move|p1a: Palafin|Wave Crash|p2a: Incineroar
|-supereffective|p2a: Incineroar
|-damage|p2a: Incineroar|0 fnt
|faint|p2a: Incineroar
|-damage|p1a: Palafin|0 fnt|[from] Recoil
|faint|p1a: Palafin
|move|p1b: Weezing|Sludge Bomb|p2b: Sneasler
|-activate|p2b: Sneasler|move: Protect
|
|upkeep
|turn|12
|
|t:|1757645172
|move|p2b: Sneasler|Throat Chop|p1b: Weezing
|-supereffective|p1b: Weezing
|-damage|p1b: Weezing|0 fnt
|faint|p1b: Weezing
|-end|p1b: Weezing|ability: Neutralizing Gas
|
|win|marcusquinn
||elfokaz is ready for game 2.
||marcusquinn is ready for game 2.
|uhtml|next|Next: Game 2 of 3
|l|☆elfokaz
|player|p1|
