|j|☆ParadoxPerry
|j|☆MaxwellBaker
|html|ParadoxPerryMaxwellBaker    
|uhtml|bestof|Game 2 of a best-of-3
|t:|1784837586
|gametype|doubles
|player|p1|ParadoxPerry|guitarist|1228
|player|p2|MaxwellBaker|102|1086
|gen|9
|tier|[Gen 9 Champions] VGC 2026 Reg M-B (Bo3)
|rated|
|rule|Species Clause: Limit one of each Pokémon
|rule|Item Clause: Limit 1 of each item
|clearpoke
|poke|p1|Vivillon, L50, M|
|poke|p1|Incineroar, L50, F|
|poke|p1|Farigiraf, L50, F|
|poke|p1|Ampharos, L50, M|
|poke|p1|Crabominable, L50, M|
|poke|p1|Camerupt, L50, M|
|poke|p2|Decidueye-Hisui, L50, M|
|poke|p2|Florges, L50, F|
|poke|p2|Raichu, L50, F|
|poke|p2|Incineroar, L50, M|
|poke|p2|Staraptor, L50, M|
|poke|p2|Milotic, L50, F|
|teampreview|4
|showteam|p1|Vivillon||FocusSash|CompoundEyes|SleepPowder,RagePowder,SunnyDay,Hurricane|Timid||M|||50|]Incineroar||SitrusBerry|Intimidate|FlareBlitz,DarkestLariat,PartingShot,FakeOut|Careful||F|||50|]Farigiraf||ColburBerry|ArmorTail|Psychic,Thunderbolt,TrickRoom,HelpingHand|Bold||F|||50|]Ampharos||Ampharosite|Static|Thunderbolt,DragonPulse,FocusBlast,Protect|Quiet||M|||50|]Crabominable||LifeOrb|HyperCutter|IceHammer,CloseCombat,RockSlide,UpperHand|Brave||M|||50|]Camerupt||Cameruptite|SolidRock|Eruption,EarthPower,HeatWave,Protect|Quiet||M|||50|
|showteam|p2|Decidueye-Hisui||ScopeLens|Scrappy|TripleArrows,LeafBlade,SuckerPunch,Protect|Jolly||M|||50|]Florges||LifeOrb|FlowerVeil|Moonblast,Psychic,PollenPuff,Protect|Modest||F|||50|]Raichu||RaichuniteY|LightningRod|FakeOut,ZapCannon,FocusBlast,Protect|Timid||F|||50|]Incineroar||SitrusBerry|Intimidate|FakeOut,FlareBlitz,ThroatChop,PartingShot|Careful||M|||50|]Staraptor||Staraptite|Intimidate|BraveBird,CloseCombat,Tailwind,Protect|Jolly||M|||50|]Milotic||Leftovers|Competitive|Scald,IceBeam,Haze,Protect|Bold||F|||50|
|inactive|Battle timer is ON: inactive players will automatically lose when time's up. (requested by ParadoxPerry)
|inactive|ParadoxPerry has 60 seconds left.
|inactive|MaxwellBaker has 60 seconds left.
|
|t:|1784837641
|teamsize|p1|4
|teamsize|p2|4
|start
|switch|p1a: Vivillon|Vivillon, L50, M|100/100
|switch|p1b: Farigiraf|Farigiraf, L50, F|100/100
|switch|p2a: Florges|Florges, L50, F|100/100
|switch|p2b: Milotic|Milotic, L50, F|100/100
|turn|1
|
|t:|1784837663
|move|p1a: Vivillon|Rage Powder|p1a: Vivillon
|-singleturn|p1a: Vivillon|move: Rage Powder
|move|p2b: Milotic|Ice Beam|p1a: Vivillon
|-supereffective|p1a: Vivillon|1
|-damage|p1a: Vivillon|7/100
|move|p2a: Florges|Pollen Puff|p1a: Vivillon
|-resisted|p1a: Vivillon|1
|-damage|p1a: Vivillon|0 fnt
|faint|p1a: Vivillon
|-damage|p2a: Florges|90/100|[from] item: Life Orb
|move|p1b: Farigiraf|Trick Room|p1b: Farigiraf
|-fieldstart|move: Trick Room|[of] p1b: Farigiraf
|
|upkeep
|
|t:|1784837674
|switch|p1a: Crabominable|Crabominable, L50, M|100/100
|turn|2
|
|t:|1784837692
|switch|p1b: Ampharos|Ampharos, L50, M|100/100
|move|p1a: Crabominable|Ice Hammer|p2a: Florges
|-damage|p2a: Florges|9/100
|-unboost|p1a: Crabominable|spe|1
|-damage|p1a: Crabominable|90/100|[from] item: Life Orb
|move|p2a: Florges|Moonblast|p1a: Crabominable
|-supereffective|p1a: Crabominable|1
|-damage|p1a: Crabominable|0 fnt
|faint|p1a: Crabominable
|-damage|p2a: Florges|0 fnt|[from] item: Life Orb
|faint|p2a: Florges
|move|p2b: Milotic|Scald|p1b: Ampharos
|-damage|p1b: Ampharos|69/100
|-status|p1b: Ampharos|brn
|
|-damage|p1b: Ampharos|62/100 brn|[from] brn
|upkeep
|
|t:|1784837712
|switch|p1a: Farigiraf|Farigiraf, L50, F|100/100
|switch|p2a: Staraptor|Staraptor, L50, M|100/100
|-ability|p2a: Staraptor|Intimidate|boost
|-unboost|p1a: Farigiraf|atk|1
|-unboost|p1b: Ampharos|atk|1
|turn|3
|inactive|ParadoxPerry has 30 seconds left.
|
|t:|1784837738
|detailschange|p1b: Ampharos|Ampharos-Mega, L50, M
|-mega|p1b: Ampharos|Ampharos|Ampharosite
|-ability|p1b: Ampharos|Mold Breaker
|move|p2a: Staraptor|Protect|p2a: Staraptor
|-singleturn|p2a: Staraptor|Protect
|move|p1b: Ampharos|Thunderbolt|p2b: Milotic
|-supereffective|p2b: Milotic|1
|-damage|p2b: Milotic|9/100
|move|p1a: Farigiraf|Thunderbolt|p2b: Milotic
|-supereffective|p2b: Milotic|1
|-damage|p2b: Milotic|0 fnt
|faint|p2b: Milotic
|
|-damage|p1b: Ampharos|56/100 brn|[from] brn
|upkeep
|
|t:|1784837751
|switch|p2b: Incineroar|Incineroar, L50, M|100/100
|-ability|p2b: Incineroar|Intimidate|boost
|-unboost|p1a: Farigiraf|atk|1
|-unboost|p1b: Ampharos|atk|1
|turn|4
|inactive|MaxwellBaker has 30 seconds left.
|
|t:|1784837778
|detailschange|p2a: Staraptor|Staraptor-Mega, L50, M
|-mega|p2a: Staraptor|Staraptor|Staraptite
|move|p1b: Ampharos|Thunderbolt|p2a: Staraptor
|-supereffective|p2a: Staraptor|1
|-damage|p2a: Staraptor|0 fnt
|faint|p2a: Staraptor
|move|p1a: Farigiraf|Thunderbolt|p2b: Incineroar
|-damage|p2b: Incineroar|83/100
|move|p2b: Incineroar|Throat Chop|p1b: Ampharos
|-damage|p1b: Ampharos|31/100 brn
|-start|p1b: Ampharos|Throat Chop|[silent]
|
|-damage|p1b: Ampharos|25/100 brn|[from] brn
|upkeep
|turn|5
|
|t:|1784837795
|move|p1b: Ampharos|Focus Blast|p2b: Incineroar
|-supereffective|p2b: Incineroar|1
|-damage|p2b: Incineroar|1/100
|-enditem|p2b: Incineroar|Sitrus Berry|[eat]
|-heal|p2b: Incineroar|25/100|[from] item: Sitrus Berry
|move|p1a: Farigiraf|Thunderbolt|p2b: Incineroar
|-damage|p2b: Incineroar|6/100
|move|p2b: Incineroar|Throat Chop|p1b: Ampharos
|-damage|p1b: Ampharos|0 fnt
|faint|p1b: Ampharos
|
|-fieldend|move: Trick Room
|upkeep
|turn|6
|
|t:|1784837807
|move|p2b: Incineroar|Throat Chop|p1a: Farigiraf
|-supereffective|p1a: Farigiraf|1
|-enditem|p1a: Farigiraf|Colbur Berry|[eat]
|-enditem|p1a: Farigiraf|Colbur Berry|[weaken]
|-damage|p1a: Farigiraf|74/100
|-start|p1a: Farigiraf|Throat Chop|[silent]
|move|p1a: Farigiraf|Thunderbolt|p2b: Incineroar
|-damage|p2b: Incineroar|0 fnt
|faint|p2b: Incineroar
|
|win|ParadoxPerry
|raw|ParadoxPerry's rating: 1228 → 1243(+15 for winning)
|raw|MaxwellBaker's rating: 1086 → 1072(-14 for losing)
|l|☆ParadoxPerry
|player|p1|
|c|☆MaxwellBaker|ggsp
