|j|☆delpivgc
|j|☆Joru5753
|html|delpivgcJoru5753    
|uhtml|bestof|Game 2 of a best-of-3
|t:|1785183637
|gametype|doubles
|player|p1|delpivgc|hilbert-wonderlauncher|1216
|player|p2|Joru5753|1|1297
|gen|9
|tier|[Gen 9 Champions] VGC 2026 Reg M-B (Bo3)
|rated|
|rule|Species Clause: Limit one of each Pokémon
|rule|Item Clause: Limit 1 of each item
|clearpoke
|poke|p1|Venusaur, L50, F|
|poke|p1|Charizard, L50, F|
|poke|p1|Garchomp, L50, F|
|poke|p1|Annihilape, L50, F|
|poke|p1|Incineroar, L50, M|
|poke|p1|Toxapex, L50, M|
|poke|p2|Charizard, L50, F|
|poke|p2|Whimsicott, L50, F|
|poke|p2|Ninetales-Alola, L50, M|
|poke|p2|Kingambit, L50, F|
|poke|p2|Glimmora, L50, F|
|poke|p2|Kommo-o, L50, M|
|teampreview|4
|showteam|p1|Venusaur||LifeOrb|Chlorophyll|SolarBeam,SludgeBomb,EarthPower,Protect|Modest||F|||50|]Charizard||CharizarditeY|SolarPower|HeatWave,WeatherBall,HelpingHand,Protect|Modest||F|||50|]Garchomp||ChoiceScarf|RoughSkin|DragonClaw,Earthquake,StompingTantrum,RockSlide|Adamant||F|||50|]Annihilape||FocusSash|Defiant|PhantomForce,CloseCombat,RockTomb,Protect|Jolly||F|||50|]Incineroar||SitrusBerry|Intimidate|FlareBlitz,ThroatChop,PartingShot,FakeOut|Impish||M|||50|]Toxapex||Leftovers|Regenerator|Infestation,Toxic,BanefulBunker,WideGuard|Impish||M|||50|
|showteam|p2|Charizard||CharizarditeY|Blaze|HeatWave,WeatherBall,SolarBeam,Protect|Modest||F|||50|]Whimsicott||FocusSash|Prankster|Moonblast,Encore,Tailwind,Protect|Timid||F|||50|]Ninetales-Alola||NeverMeltIce|SnowWarning|Blizzard,FreezeDry,Disable,Protect|Timid||M|||50|]Kingambit||BlackGlasses|Defiant|SuckerPunch,KowtowCleave,IronHead,Protect|Adamant||F|||50|]Glimmora||Glimmoranite|ToxicDebris|SludgeBomb,PowerGem,EarthPower,SpikyShield|Modest||F|||50|]Kommo-o||LifeOrb|Overcoat|ClangingScales,AuraSphere,VacuumWave,Protect|Modest||M|||50|
|inactive|Battle timer is ON: inactive players will automatically lose when time's up. (requested by Joru5753)
|inactive|delpivgc has 60 seconds left.
|inactive|Joru5753 has 60 seconds left.
|inactive|delpivgc has 30 seconds left.
|inactive|delpivgc has 20 seconds left.
|
|t:|1785183710
|teamsize|p1|4
|teamsize|p2|4
|start
|switch|p1a: Garchomp|Garchomp, L50, F|100/100
|switch|p1b: Incineroar|Incineroar, L50, M|100/100
|switch|p2a: Whimsicott|Whimsicott, L50, F|100/100
|switch|p2b: Glimmora|Glimmora, L50, F|100/100
|-ability|p1b: Incineroar|Intimidate|boost
|-unboost|p2a: Whimsicott|atk|1
|-unboost|p2b: Glimmora|atk|1
|turn|1
|inactive|Joru5753 has 30 seconds left.
|
|t:|1785183738
|switch|p1b: Charizard|Charizard, L50, F|100/100
|move|p2a: Whimsicott|Protect|p2a: Whimsicott
|-singleturn|p2a: Whimsicott|Protect
|move|p2b: Glimmora|Spiky Shield|p2b: Glimmora
|-singleturn|p2b: Glimmora|move: Protect
|move|p1a: Garchomp|Earthquake|p2a: Whimsicott|[spread] 
|-activate|p2a: Whimsicott|move: Protect
|-activate|p2b: Glimmora|move: Protect
|-immune|p1b: Charizard
|
|upkeep
|turn|2
|inactive|delpivgc has 30 seconds left.
|inactive|Joru5753 has 30 seconds left.
|
|t:|1785183768
|switch|p2b: Kommo-o|Kommo-o, L50, M|100/100
|move|p1b: Charizard|Protect|p1b: Charizard
|-singleturn|p1b: Charizard|Protect
|move|p2a: Whimsicott|Tailwind|p2a: Whimsicott
|-sidestart|p2: Joru5753|move: Tailwind
|move|p1a: Garchomp|Earthquake|p2b: Kommo-o|[spread] p2a,p2b
|-activate|p1b: Charizard|move: Protect
|-resisted|p2a: Whimsicott|1
|-damage|p2a: Whimsicott|69/100
|-damage|p2b: Kommo-o|60/100
|
|upkeep
|turn|3
|inactive|Joru5753 has 30 seconds left.
|
|t:|1785183799
|switch|p2a: Glimmora|Glimmora, L50, F|100/100
|switch|p1a: Incineroar|Incineroar, L50, M|100/100
|-ability|p1a: Incineroar|Intimidate|boost
|-unboost|p2a: Glimmora|atk|1
|-unboost|p2b: Kommo-o|atk|1
|detailschange|p1b: Charizard|Charizard-Mega-Y, L50, F
|-mega|p1b: Charizard|Charizard|Charizardite Y
|-weather|SunnyDay|[from] ability: Drought|[of] p1b: Charizard
|move|p2b: Kommo-o|Clanging Scales|p1b: Charizard|[spread] p1a,p1b
|-damage|p1a: Incineroar|53/100
|-damage|p1b: Charizard|51/100
|-unboost|p2b: Kommo-o|def|1
|-damage|p2b: Kommo-o|50/100g|[from] item: Life Orb
|move|p1b: Charizard|Heat Wave|p2b: Kommo-o|[spread] p2a,p2b
|-resisted|p2a: Glimmora|1
|-resisted|p2b: Kommo-o|1
|-damage|p2a: Glimmora|56/100
|-damage|p2b: Kommo-o|16/100
|
|-weather|SunnyDay|[upkeep]
|upkeep
|turn|4
|inactive|delpivgc has 30 seconds left.
|inactive|Joru5753 has 30 seconds left.
|inactive|delpivgc has 20 seconds left.
|inactive|Joru5753 has 20 seconds left.
|inactive|Joru5753 has 15 seconds left.
|
|t:|1785183844
|detailschange|p2a: Glimmora|Glimmora-Mega, L50, F
|-mega|p2a: Glimmora|Glimmora|Glimmoranite
|move|p2a: Glimmora|Spiky Shield|p2a: Glimmora
|-singleturn|p2a: Glimmora|move: Protect
|move|p1a: Incineroar|Fake Out|p2a: Glimmora
|-activate|p2a: Glimmora|move: Protect
|-damage|p1a: Incineroar|41/100|[from] Spiky Shield|[of] p2a: Glimmora
|-enditem|p1a: Incineroar|Sitrus Berry|[eat]
|-heal|p1a: Incineroar|65/100|[from] item: Sitrus Berry
|move|p2b: Kommo-o|Clanging Scales|p1b: Charizard|[spread] p1a,p1b
|-damage|p1a: Incineroar|19/100
|-damage|p1b: Charizard|6/100
|-unboost|p2b: Kommo-o|def|1
|-damage|p2b: Kommo-o|6/100|[from] item: Life Orb
|move|p1b: Charizard|Heat Wave|p2a: Glimmora|[spread] p2b
|-activate|p2a: Glimmora|move: Protect
|-resisted|p2b: Kommo-o|1
|-damage|p2b: Kommo-o|0 fnt
|faint|p2b: Kommo-o
|
|-weather|SunnyDay|[upkeep]
|upkeep
|
|t:|1785183868
|switch|p2b: Ninetales|Ninetales-Alola, L50, M|100/100
|-weather|Snowscape|[from] ability: Snow Warning|[of] p2b: Ninetales
|turn|5
|
|t:|1785183885
|move|p1b: Charizard|Protect|p1b: Charizard
|-singleturn|p1b: Charizard|Protect
|move|p2b: Ninetales|Blizzard|p1a: Incineroar|[spread] p1a
|-activate|p1b: Charizard|move: Protect
|-resisted|p1a: Incineroar|1
|-damage|p1a: Incineroar|1/100
|move|p2a: Glimmora|Sludge Bomb|p1a: Incineroar
|-damage|p1a: Incineroar|0 fnt
|faint|p1a: Incineroar
|
|-weather|Snowscape|[upkeep]
|-sideend|p2: Joru5753|move: Tailwind
|upkeep
|
|t:|1785183900
|switch|p1a: Venusaur|Venusaur, L50, F|100/100
|turn|6
|
|t:|1785183920
|switch|p1b: Garchomp|Garchomp, L50, F|100/100
|move|p2b: Ninetales|Blizzard|p1b: Garchomp|[spread] p1a,p1b
|-supereffective|p1a: Venusaur|1
|-supereffective|p1b: Garchomp|2
|-damage|p1a: Venusaur|15/100
|-damage|p1b: Garchomp|0 fnt
|faint|p1b: Garchomp
|move|p2a: Glimmora|Sludge Bomb|p1a: Venusaur
|-damage|p1a: Venusaur|0 fnt
|faint|p1a: Venusaur
|
|-weather|Snowscape|[upkeep]
|upkeep
|-message|delpivgc forfeited.
|
|win|Joru5753
|raw|delpivgc's rating: 1216 → 1197(-19 for losing)
|raw|Joru5753's rating: 1297 → 1316(+19 for winning)
|l|☆delpivgc
|player|p1|
