|j|☆Camerupt4Ever
|j|☆snvyy
|html|Camerupt4Eversnvyy    
|uhtml|bestof|Game 2 of a best-of-3
|t:|1756654578
|gametype|doubles
|player|p1|Camerupt4Ever|flannery|1111
|player|p2|snvyy|caitlin|1108
|gen|9
|tier|[Gen 9] VGC 2025 Reg H (Bo3)
|rated|
|rule|Species Clause: Limit one of each Pokémon
|rule|Item Clause: Limit 1 of each item
|clearpoke
|poke|p1|Wyrdeer, L50, F|
|poke|p1|Indeedee-F, L50, F|
|poke|p1|Annihilape, L50, F|
|poke|p1|Torkoal, L50, F|
|poke|p1|Delphox, L50, F|
|poke|p1|Kingambit, L50, F|
|poke|p2|Incineroar, L50, F|
|poke|p2|Amoonguss, L50, F|
|poke|p2|Gengar, L50, F|
|poke|p2|Archaludon, L50, M|
|poke|p2|Pelipper, L50, F|
|poke|p2|Basculegion, L50, M|
|teampreview|4
|showteam|p1|Wyrdeer||Leftovers|Intimidate|Protect,TrickRoom,ExpandingForce,EarthPower|||F|||50|,,,,,Ground]Indeedee-F||RockyHelmet|PsychicSurge|Imprison,FollowMe,TrickRoom,Psychic|||F|||50|,,,,,Grass]Annihilape||SafetyGoggles|Defiant|DrainPunch,Taunt,RageFist,Protect|||F|||50|,,,,,Fire]Torkoal||Charcoal|Drought|Eruption,HelpingHand,Protect,WeatherBall|||F|||50|,,,,,Grass]Delphox||ChoiceScarf|Blaze|HeatWave,ExpandingForce,DazzlingGleam,Flamethrower|||F|||50|,,,,,Fairy]Kingambit||AssaultVest|Defiant|KowtowCleave,SuckerPunch,IronHead,LowKick|||F|||50|,,,,,Fairy
|showteam|p2|Incineroar||PowerWeight|Intimidate|CloseCombat,FlareBlitz,KnockOff,FakeOut|||F|||50|,,,,,Ghost]Amoonguss||LifeOrb|EffectSpore|EnergyBall,SludgeBomb,TeraBlast,Spore|||F|||50|,,,,,Rock]Gengar||FocusSash|CursedBody|SludgeBomb,SuckerPunch,Curse,TrickRoom|||F|||50|,,,,,Grass]Archaludon||AssaultVest|Stamina|ElectroShot,DracoMeteor,FlashCannon,Snarl|||M|||50|,,,,,Electric]Pelipper||ChoiceSpecs|Drizzle|Hurricane,WeatherBall,MuddyWater,IceBeam|||F|||50|,,,,,Water]Basculegion||SafetyGoggles|Adaptability|Protect,WaveCrash,AquaJet,LastRespects|||M|||50|,,,,,Water
|inactive|Battle timer is ON: inactive players will automatically lose when time's up. (requested by snvyy)
|
|t:|1756654611
|teamsize|p1|4
|teamsize|p2|4
|start
|switch|p1a: Indeedee|Indeedee-F, L50, F|100/100
|switch|p1b: Kingambit|Kingambit, L50, F|100/100
|switch|p2a: Incineroar|Incineroar, L50, F|100/100
|switch|p2b: Amoonguss|Amoonguss, L50, F, shiny|100/100
|-fieldstart|move: Psychic Terrain|[from] ability: Psychic Surge|[of] p1a: Indeedee
|-ability|p2a: Incineroar|Intimidate|boost
|-unboost|p1a: Indeedee|atk|1
|-unboost|p1b: Kingambit|atk|1
|-ability|p1b: Kingambit|Defiant|boost
|-boost|p1b: Kingambit|atk|2
|turn|1
|inactive|snvyy has 30 seconds left.
|
|t:|1756654642
|-terastallize|p1a: Indeedee|Grass
|move|p1a: Indeedee|Follow Me|p1a: Indeedee
|-singleturn|p1a: Indeedee|move: Follow Me
|move|p1b: Kingambit|Kowtow Cleave|p2a: Incineroar
|-resisted|p2a: Incineroar
|-damage|p2a: Incineroar|66/100
|move|p2b: Amoonguss|Spore|p1a: Indeedee
|-immune|p1a: Indeedee
|move|p2a: Incineroar|Flare Blitz|p1a: Indeedee
|-supereffective|p1a: Indeedee
|-damage|p1a: Indeedee|0 fnt
|-damage|p2a: Incineroar|50/100|[from] item: Rocky Helmet|[of] p1a: Indeedee
|faint|p1a: Indeedee
|-damage|p2a: Incineroar|21/100|[from] Recoil
|
|upkeep
|
|t:|1756654661
|switch|p1a: Wyrdeer|Wyrdeer, L50, F|100/100
|-ability|p1a: Wyrdeer|Intimidate|boost
|-unboost|p2a: Incineroar|atk|1
|-unboost|p2b: Amoonguss|atk|1
|turn|2
|
|t:|1756654677
|move|p1b: Kingambit|Kowtow Cleave|p2b: Amoonguss
|-damage|p2b: Amoonguss|22/100
|move|p1a: Wyrdeer|Expanding Force|p2a: Incineroar|[spread] p2b
|-immune|p2a: Incineroar
|-supereffective|p2b: Amoonguss
|-damage|p2b: Amoonguss|0 fnt
|faint|p2b: Amoonguss
|move|p2a: Incineroar|Flare Blitz|p1b: Kingambit
|-supereffective|p1b: Kingambit
|-damage|p1b: Kingambit|43/100
|-status|p1b: Kingambit|brn
|-damage|p2a: Incineroar|1/100|[from] Recoil
|
|-damage|p1b: Kingambit|37/100 brn|[from] brn
|upkeep
|
|t:|1756654692
|switch|p2b: Pelipper|Pelipper, L50, F|100/100
|-weather|RainDance|[from] ability: Drizzle|[of] p2b: Pelipper
|turn|3
|
|t:|1756654706
|switch|p1b: Torkoal|Torkoal, L50, F|100/100
|-weather|SunnyDay|[from] ability: Drought|[of] p1b: Torkoal
|-terastallize|p2b: Pelipper|Water
|move|p2b: Pelipper|Weather Ball|p1a: Wyrdeer
|-damage|p1a: Wyrdeer|31/100
|move|p2a: Incineroar|Close Combat|p1b: Torkoal
|-damage|p1b: Torkoal|75/100
|-unboost|p2a: Incineroar|def|1
|-unboost|p2a: Incineroar|spd|1
|move|p1a: Wyrdeer|Trick Room|p1a: Wyrdeer
|-fieldstart|move: Trick Room|[of] p1a: Wyrdeer
|
|-weather|SunnyDay|[upkeep]
|-heal|p1a: Wyrdeer|38/100|[from] item: Leftovers
|upkeep
|turn|4
|
|t:|1756654730
|switch|p2b: Archaludon|Archaludon, L50, M|100/100
|move|p1b: Torkoal|Eruption|p2a: Incineroar|[spread] p2a,p2b
|-resisted|p2a: Incineroar
|-damage|p2a: Incineroar|0 fnt
|-damage|p2b: Archaludon|41/100
|-ability|p2b: Archaludon|Stamina|boost
|-boost|p2b: Archaludon|def|1
|faint|p2a: Incineroar
|move|p1a: Wyrdeer|Expanding Force|p2b: Archaludon
|-resisted|p2b: Archaludon
|-damage|p2b: Archaludon|11/100
|-ability|p2b: Archaludon|Stamina|boost
|-boost|p2b: Archaludon|def|1
|
|-weather|SunnyDay|[upkeep]
|-heal|p1a: Wyrdeer|44/100|[from] item: Leftovers
|upkeep
|
|t:|1756654743
|switch|p2a: Pelipper|Pelipper, L50, F, tera:Water|100/100
|-weather|RainDance|[from] ability: Drizzle|[of] p2a: Pelipper
|turn|5
|
|t:|1756654760
|move|p1b: Torkoal|Helping Hand|p1a: Wyrdeer
|-singleturn|p1a: Wyrdeer|Helping Hand|[of] p1b: Torkoal
|move|p1a: Wyrdeer|Expanding Force|p2a: Pelipper|[spread] p2a,p2b
|-resisted|p2b: Archaludon
|-damage|p2a: Pelipper|0 fnt
|-damage|p2b: Archaludon|0 fnt
|faint|p2a: Pelipper
|faint|p2b: Archaludon
|
|win|Camerupt4Ever
|raw|Camerupt4Ever's rating: 1111 → 1136(+25 for winning)
|raw|snvyy's rating: 1108 → 1083(-25 for losing)
