|j|☆Fem boi Cardi
|j|☆Skyline67
|html|Fem boi CardiSkyline67    
|uhtml|bestof|Game 2 of a best-of-3
|t:|1756219552
|gametype|doubles
|player|p1|Fem boi Cardi|nurse|1227
|player|p2|Skyline67|cynthia|1157
|gen|9
|tier|[Gen 9] VGC 2025 Reg H (Bo3)
|rated|
|rule|Species Clause: Limit one of each Pokémon
|rule|Item Clause: Limit 1 of each item
|clearpoke
|poke|p1|Brambleghast, L50, F|
|poke|p1|Whimsicott, L50, M|
|poke|p1|Volcarona, L50, M|
|poke|p1|Glimmora, L50, F|
|poke|p1|Ursaluna-Bloodmoon, L50, M|
|poke|p1|Farigiraf, L50, F|
|poke|p2|Volcarona, L50, M|
|poke|p2|Rillaboom, L50, F|
|poke|p2|Kingambit, L50, M|
|poke|p2|Electabuzz, L50, M|
|poke|p2|Dragonite, L50, M|
|poke|p2|Sneasler, L50, M|
|teampreview|4
|showteam|p1|Brambleghast||FocusSash|WindRider|Poltergeist,ShadowSneak,PowerWhip,StrengthSap|||F|||50|,,,,,Ghost]Whimsicott||CovertCloak|Prankster|Tailwind,CottonSpore,Moonblast,SunnyDay|||M|||50|,,,,,Dark]Volcarona||ChoiceSpecs|FlameBody|HeatWave,StruggleBug,Overheat,BugBuzz|||M|||50|,,,,,Ghost]Glimmora||PowerHerb|ToxicDebris|MeteorBeam,SludgeBomb,MortalSpin,SpikyShield|||F|||50|,,,,,Grass]Ursaluna-Bloodmoon||LifeOrb|MindsEye|BloodMoon,HyperVoice,EarthPower,Protect|||M|||50|,,,,,Normal]Farigiraf||RockyHelmet|ArmorTail|TeraBlast,TrickRoom,HelpingHand,Psychic|||F|||50|,,,,,Fighting
|showteam|p2|Volcarona||CovertCloak|FlameBody|QuiverDance,HeatWave,TeraBlast,Protect|||M|||50|,,,,,Fairy]Rillaboom||AssaultVest|GrassySurge|FakeOut,DrumBeating,GrassyGlide,HighHorsepower|||F|||50|,,,,,Fire]Kingambit||BlackGlasses|Defiant|KowtowCleave,SuckerPunch,Protect,SwordsDance|||M|||50|,,,,,Dark]Electabuzz||Eviolite|VitalSpirit|FollowMe,Thunderbolt,Protect,Taunt|||M|||50|,,,,,Ghost]Dragonite||LoadedDice|Multiscale|ScaleShot,Haze,LowKick,Protect|||M|||50|,,,,,Steel]Sneasler||FocusSash|Unburden|CloseCombat,Coaching,Protect,DireClaw|||M|||50|,,,,,Stellar
|inactive|Battle timer is ON: inactive players will automatically lose when time's up. (requested by Fem boi Cardi)
|inactive|Fem boi Cardi has 60 seconds left.
|inactive|Skyline67 has 60 seconds left.
|
|t:|1756219594
|teamsize|p1|4
|teamsize|p2|4
|start
|switch|p1a: Whimsicott|Whimsicott, L50, M|100/100
|switch|p1b: Ursaluna|Ursaluna-Bloodmoon, L50, M|100/100
|switch|p2a: Escanor|Volcarona, L50, M, shiny|100/100
|switch|p2b: Dragonite|Dragonite, L50, M|100/100
|turn|1
|inactive|Fem boi Cardi has 30 seconds left.
|
|t:|1756219628
|switch|p2b: Rillaboom|Rillaboom, L50, F|100/100
|-fieldstart|move: Grassy Terrain|[from] ability: Grassy Surge|[of] p2b: Rillaboom
|move|p1a: Whimsicott|Tailwind|p1a: Whimsicott
|-sidestart|p1: Fem boi Cardi|move: Tailwind
|move|p1b: Ursaluna|Hyper Voice|p2a: Escanor|[spread] p2a,p2b
|-damage|p2a: Escanor|58/100
|-damage|p2b: Rillaboom|65/100
|-damage|p1b: Ursaluna|91/100|[from] item: Life Orb
|move|p2a: Escanor|Quiver Dance|p2a: Escanor
|-boost|p2a: Escanor|spa|1
|-boost|p2a: Escanor|spd|1
|-boost|p2a: Escanor|spe|1
|
|-heal|p2a: Escanor|64/100|[from] Grassy Terrain
|-heal|p1b: Ursaluna|97/100|[from] Grassy Terrain
|-heal|p2b: Rillaboom|71/100|[from] Grassy Terrain
|upkeep
|turn|2
|
|t:|1756219650
|move|p1b: Ursaluna|Protect|p1b: Ursaluna
|-singleturn|p1b: Ursaluna|Protect
|move|p2b: Rillaboom|Fake Out|p1b: Ursaluna
|-activate|p1b: Ursaluna|move: Protect
|move|p1a: Whimsicott|Cotton Spore|p2a: Escanor|[spread] p2a
|-immune|p2b: Rillaboom
|-unboost|p2a: Escanor|spe|2
|move|p2a: Escanor|Quiver Dance|p2a: Escanor
|-boost|p2a: Escanor|spa|1
|-boost|p2a: Escanor|spd|1
|-boost|p2a: Escanor|spe|1
|
|-heal|p1b: Ursaluna|100/100|[from] Grassy Terrain
|-heal|p2a: Escanor|70/100|[from] Grassy Terrain
|-heal|p2b: Rillaboom|76/100|[from] Grassy Terrain
|upkeep
|turn|3
|inactive|Fem boi Cardi has 30 seconds left.
|
|t:|1756219677
|switch|p1a: Brambleghast|Brambleghast, L50, F|100/100
|-ability|p1a: Brambleghast|Wind Rider|boost
|-boost|p1a: Brambleghast|atk|1
|move|p2a: Escanor|Protect|p2a: Escanor
|-singleturn|p2a: Escanor|Protect
|move|p2b: Rillaboom|Grassy Glide|p1b: Ursaluna
|-supereffective|p1b: Ursaluna
|-damage|p1b: Ursaluna|45/100
|move|p1b: Ursaluna|Blood Moon|p2a: Escanor
|-activate|p2a: Escanor|move: Protect
|
|-heal|p1b: Ursaluna|51/100|[from] Grassy Terrain
|-heal|p2a: Escanor|77/100|[from] Grassy Terrain
|-heal|p2b: Rillaboom|82/100|[from] Grassy Terrain
|upkeep
|turn|4
|
|t:|1756219701
|switch|p1b: Whimsicott|Whimsicott, L50, M|100/100
|-terastallize|p2a: Escanor|Fairy
|move|p2b: Rillaboom|Grassy Glide|p1b: Whimsicott
|-resisted|p1b: Whimsicott
|-damage|p1b: Whimsicott|79/100
|move|p1a: Brambleghast|Poltergeist|p2a: Escanor
|-activate|p2a: Escanor|move: Poltergeist|Covert Cloak
|-damage|p2a: Escanor|0 fnt
|faint|p2a: Escanor
|
|-heal|p1b: Whimsicott|85/100|[from] Grassy Terrain
|-heal|p2b: Rillaboom|88/100|[from] Grassy Terrain
|-sideend|p1: Fem boi Cardi|move: Tailwind
|upkeep
|
|t:|1756219716
|switch|p2a: Dragonite|Dragonite, L50, M|100/100
|turn|5
|inactive|Fem boi Cardi has 30 seconds left.
|
|t:|1756219749
|switch|p2b: Kingambit|Kingambit, L50, M|100/100
|move|p1b: Whimsicott|Tailwind|p1b: Whimsicott
|-sidestart|p1: Fem boi Cardi|move: Tailwind
|-ability|p1a: Brambleghast|Wind Rider|boost
|-boost|p1a: Brambleghast|atk|1
|move|p1a: Brambleghast|Poltergeist|p2b: Kingambit
|-activate|p2b: Kingambit|move: Poltergeist|Black Glasses
|-resisted|p2b: Kingambit
|-damage|p2b: Kingambit|62/100
|move|p2a: Dragonite|Scale Shot|p1a: Brambleghast
|-damage|p1a: Brambleghast|75/100
|-damage|p1a: Brambleghast|47/100
|-damage|p1a: Brambleghast|20/100
|-damage|p1a: Brambleghast|0 fnt
|faint|p1a: Brambleghast
|-hitcount|p1: Brambleghast|4
|-unboost|p2a: Dragonite|def|1
|-boost|p2a: Dragonite|spe|1
|
|-heal|p1b: Whimsicott|91/100|[from] Grassy Terrain
|-heal|p2b: Kingambit|68/100|[from] Grassy Terrain
|-fieldend|move: Grassy Terrain
|upkeep
|
|t:|1756219763
|switch|p1a: Volcarona|Volcarona, L50, M|100/100
|turn|6
|
|t:|1756219780
|move|p2b: Kingambit|Protect|p2b: Kingambit
|-singleturn|p2b: Kingambit|Protect
|move|p1b: Whimsicott|Moonblast|p2a: Dragonite
|-supereffective|p2a: Dragonite
|-damage|p2a: Dragonite|74/100
|-unboost|p2a: Dragonite|spa|1
|move|p1a: Volcarona|Heat Wave|p2a: Dragonite|[spread] p2a
|-activate|p2b: Kingambit|move: Protect
|-resisted|p2a: Dragonite
|-damage|p2a: Dragonite|44/100
|-status|p2a: Dragonite|brn
|move|p2a: Dragonite|Scale Shot|p1a: Volcarona
|-damage|p1a: Volcarona|88/100
|-damage|p1a: Volcarona|77/100
|-damage|p1a: Volcarona|65/100
|-damage|p1a: Volcarona|52/100
|-damage|p1a: Volcarona|40/100
|-hitcount|p1a: Volcarona|5
|-unboost|p2a: Dragonite|def|1
|-boost|p2a: Dragonite|spe|1
|
|-damage|p2a: Dragonite|38/100 brn|[from] brn
|upkeep
|turn|7
|inactive|Fem boi Cardi has 30 seconds left.
|inactive|Skyline67 has 30 seconds left.
|inactive|Skyline67 has 20 seconds left.
|
|t:|1756219815
|switch|p1a: Ursaluna|Ursaluna-Bloodmoon, L50, M|51/100
|move|p2b: Kingambit|Sucker Punch||[still]
|-fail|p2b: Kingambit
|move|p1b: Whimsicott|Moonblast|p2a: Dragonite
|-supereffective|p2a: Dragonite
|-damage|p2a: Dragonite|0 fnt
|faint|p2a: Dragonite
|
|upkeep
|
|t:|1756219823
|switch|p2a: Rillaboom|Rillaboom, L50, F|88/100
|-fieldstart|move: Grassy Terrain|[from] ability: Grassy Surge|[of] p2a: Rillaboom
|turn|8
|
|t:|1756219837
|move|p1a: Ursaluna|Protect|p1a: Ursaluna
|-singleturn|p1a: Ursaluna|Protect
|move|p2a: Rillaboom|Fake Out|p1a: Ursaluna
|-activate|p1a: Ursaluna|move: Protect
|move|p1b: Whimsicott|Moonblast|p2b: Kingambit
|-damage|p2b: Kingambit|40/100
|move|p2b: Kingambit|Swords Dance|p2b: Kingambit
|-boost|p2b: Kingambit|atk|2
|
|-heal|p1b: Whimsicott|97/100|[from] Grassy Terrain
|-heal|p1a: Ursaluna|57/100|[from] Grassy Terrain
|-heal|p2a: Rillaboom|94/100|[from] Grassy Terrain
|-heal|p2b: Kingambit|45/100|[from] Grassy Terrain
|-sideend|p1: Fem boi Cardi|move: Tailwind
|upkeep
|turn|9
|inactive|Skyline67 has 30 seconds left.
|
|t:|1756219864
|move|p2b: Kingambit|Sucker Punch|p1a: Ursaluna
|-damage|p1a: Ursaluna|0 fnt
|faint|p1a: Ursaluna
|move|p1b: Whimsicott|Moonblast|p2b: Kingambit
|-damage|p2b: Kingambit|18/100
|move|p2a: Rillaboom|Drum Beating|p1b: Whimsicott
|-resisted|p1b: Whimsicott
|-damage|p1b: Whimsicott|66/100
|
|-heal|p1b: Whimsicott|72/100|[from] Grassy Terrain
|-heal|p2a: Rillaboom|99/100|[from] Grassy Terrain
|-heal|p2b: Kingambit|24/100|[from] Grassy Terrain
|upkeep
|
|t:|1756219871
|switch|p1a: Volcarona|Volcarona, L50, M|40/100
|turn|10
|
|t:|1756219881
|move|p2b: Kingambit|Sucker Punch|p1a: Volcarona
|-damage|p1a: Volcarona|0 fnt
|faint|p1a: Volcarona
|move|p1b: Whimsicott|Moonblast|p2b: Kingambit
|-damage|p2b: Kingambit|0 fnt
|faint|p2b: Kingambit
|move|p2a: Rillaboom|Drum Beating|p1b: Whimsicott
|-resisted|p1b: Whimsicott
|-damage|p1b: Whimsicott|43/100
|
|-heal|p1b: Whimsicott|49/100|[from] Grassy Terrain
|-heal|p2a: Rillaboom|100/100|[from] Grassy Terrain
|upkeep
|turn|11
|
|t:|1756219894
|move|p1b: Whimsicott|Moonblast|p2a: Rillaboom
|-damage|p2a: Rillaboom|82/100
|move|p2a: Rillaboom|Drum Beating|p1b: Whimsicott
|-resisted|p1b: Whimsicott
|-damage|p1b: Whimsicott|19/100
|
|-heal|p1b: Whimsicott|25/100|[from] Grassy Terrain
|-heal|p2a: Rillaboom|87/100|[from] Grassy Terrain
|upkeep
|turn|12
|-message|Fem boi Cardi forfeited.
|
|win|Skyline67
||Fem boi Cardi is ready for game 3.
||Skyline67 is ready for game 3.
|uhtml|next|Next: Game 3 of 3
|l|☆Fem boi Cardi
|player|p1|
