|j|☆HappyMuffinTime
|j|☆Luna_walking
|html|HappyMuffinTimeLuna_walking    
|uhtml|bestof|Game 2 of a best-of-3
|t:|1755877453
|gametype|doubles
|player|p1|HappyMuffinTime|n|1275
|player|p2|Luna_walking|1|1225
|gen|9
|tier|[Gen 9] VGC 2025 Reg H (Bo3)
|rated|
|rule|Species Clause: Limit one of each Pokémon
|rule|Item Clause: Limit 1 of each item
|clearpoke
|poke|p1|Ceruledge, L50, M|
|poke|p1|Clefable, L50, F|
|poke|p1|Hydreigon, L50, F|
|poke|p1|Rillaboom, L50, M|
|poke|p1|Primarina, L50, M|
|poke|p1|Sneasler, L50, M|
|poke|p2|Ursaluna-Bloodmoon, L50, M|
|poke|p2|Dragonite, L50, M|
|poke|p2|Gholdengo, L50|
|poke|p2|Incineroar, L50, F|
|poke|p2|Sneasler, L50, M|
|poke|p2|Amoonguss, L50, M|
|teampreview|4
|showteam|p1|Ceruledge||ClearAmulet|FlashFire|BitterBlade,ShadowSneak,BulkUp,Protect|||M|||50|,,,,,Grass]Clefable||CovertCloak|Unaware|Moonblast,FollowMe,HealPulse,ThunderWave|||F|||50|,,,,,Grass]Hydreigon||LifeOrb|Levitate|DracoMeteor,HeatWave,Snarl,Protect|||F|||50|,,,,,Fire]Rillaboom||AssaultVest|GrassySurge|FakeOut,GrassyGlide,WoodHammer,Uturn|||M|||50|,,,,,Fire]Primarina||Leftovers|LiquidVoice|HyperVoice,Moonblast,CalmMind,Protect|||M|||50|,,,,,Poison]Sneasler||FocusSash|Unburden|CloseCombat,DireClaw,FakeOut,Protect|||M|||50|,,,,,Dark
|showteam|p2|Ursaluna-Bloodmoon||LifeOrb|MindsEye|BloodMoon,HyperVoice,EarthPower,Protect|||M|||50|,,,,,Normal]Dragonite||LoadedDice|Multiscale|Tailwind,ScaleShot,Haze,Protect|||M|||50|,,,,,Ghost]Gholdengo||MetalCoat|GoodasGold|MakeItRain,ShadowBall,NastyPlot,Protect||||||50|,,,,,Water]Incineroar||AssaultVest|Intimidate|FlareBlitz,KnockOff,FakeOut,Uturn|||F|||50|,,,,,Grass]Sneasler||FocusSash|Unburden|CloseCombat,DireClaw,FakeOut,Protect|||M|||50|,,,,,Stellar]Amoonguss||SitrusBerry|Regenerator|PollenPuff,Spore,Protect,RagePowder|||M|||50|,,,,,Water
|
|t:|1755877474
|teamsize|p1|4
|teamsize|p2|4
|start
|switch|p1a: Sneasler|Sneasler, L50, M|100/100
|switch|p1b: Primarina|Primarina, L50, M|100/100
|switch|p2a: Dragonite|Dragonite, L50, M|100/100
|switch|p2b: Ursaluna|Ursaluna-Bloodmoon, L50, M|100/100
|turn|1
|
|t:|1755877505
|move|p2b: Ursaluna|Protect|p2b: Ursaluna
|-singleturn|p2b: Ursaluna|Protect
|move|p1a: Sneasler|Close Combat|p2b: Ursaluna
|-activate|p2b: Ursaluna|move: Protect
|move|p2a: Dragonite|Scale Shot|p1a: Sneasler
|-damage|p1a: Sneasler|75/100
|-damage|p1a: Sneasler|46/100
|-damage|p1a: Sneasler|18/100
|-damage|p1a: Sneasler|0 fnt
|faint|p1a: Sneasler
|-hitcount|p1: Sneasler|4
|-unboost|p2a: Dragonite|def|1
|-boost|p2a: Dragonite|spe|1
|move|p1b: Primarina|Calm Mind|p1b: Primarina
|-boost|p1b: Primarina|spa|1
|-boost|p1b: Primarina|spd|1
|
|upkeep
|
|t:|1755877511
|switch|p1a: Rillaboom|Rillaboom, L50, M|100/100
|-fieldstart|move: Grassy Terrain|[from] ability: Grassy Surge|[of] p1a: Rillaboom
|turn|2
|
|t:|1755877530
|-terastallize|p2a: Dragonite|Ghost
|move|p1a: Rillaboom|Fake Out|p2a: Dragonite
|-immune|p2a: Dragonite
|move|p2a: Dragonite|Haze|p2a: Dragonite
|-clearallboost
|move|p2b: Ursaluna|Blood Moon|p1b: Primarina
|-damage|p1b: Primarina|7/100
|-damage|p2b: Ursaluna|91/100|[from] item: Life Orb
|move|p1b: Primarina|Hyper Voice|p2a: Dragonite|[spread] p2a,p2b
|-supereffective|p2b: Ursaluna
|-damage|p2a: Dragonite|86/100
|-damage|p2b: Ursaluna|18/100
|
|-heal|p2a: Dragonite|92/100|[from] Grassy Terrain
|-heal|p2b: Ursaluna|24/100|[from] Grassy Terrain
|-heal|p1b: Primarina|13/100|[from] Grassy Terrain
|-heal|p1b: Primarina|19/100|[from] item: Leftovers
|upkeep
|turn|3
|
|t:|1755877556
|switch|p2b: Amoonguss|Amoonguss, L50, M|100/100
|move|p1a: Rillaboom|Grassy Glide|p2b: Amoonguss
|-resisted|p2b: Amoonguss
|-damage|p2b: Amoonguss|93/100
|move|p2a: Dragonite|Scale Shot|p1a: Rillaboom
|-damage|p1a: Rillaboom|87/100
|-damage|p1a: Rillaboom|72/100
|-damage|p1a: Rillaboom|58/100
|-damage|p1a: Rillaboom|43/100
|-damage|p1a: Rillaboom|28/100
|-hitcount|p1a: Rillaboom|5
|-unboost|p2a: Dragonite|def|1
|-boost|p2a: Dragonite|spe|1
|move|p1b: Primarina|Moonblast|p2a: Dragonite
|-damage|p2a: Dragonite|48/100
|
|-heal|p2a: Dragonite|54/100|[from] Grassy Terrain
|-heal|p1a: Rillaboom|33/100|[from] Grassy Terrain
|-heal|p1b: Primarina|25/100|[from] Grassy Terrain
|-heal|p1b: Primarina|30/100|[from] item: Leftovers
|-heal|p2b: Amoonguss|99/100|[from] Grassy Terrain
|upkeep
|turn|4
|
|t:|1755877584
|move|p1b: Primarina|Protect|p1b: Primarina
|-singleturn|p1b: Primarina|Protect
|move|p2a: Dragonite|Scale Shot|p1a: Rillaboom
|-damage|p1a: Rillaboom|18/100
|-damage|p1a: Rillaboom|4/100
|-damage|p1a: Rillaboom|0 fnt
|faint|p1a: Rillaboom
|-hitcount|p1: Rillaboom|3
|-unboost|p2a: Dragonite|def|1
|-boost|p2a: Dragonite|spe|1
|move|p2b: Amoonguss|Spore|p1b: Primarina
|-activate|p1b: Primarina|move: Protect
|
|-heal|p2a: Dragonite|60/100|[from] Grassy Terrain
|-heal|p1b: Primarina|36/100|[from] Grassy Terrain
|-heal|p1b: Primarina|42/100|[from] item: Leftovers
|-heal|p2b: Amoonguss|100/100|[from] Grassy Terrain
|upkeep
|
|t:|1755877596
|switch|p1a: Hydreigon|Hydreigon, L50, F|100/100
|turn|5
|
|t:|1755877612
|-terastallize|p1a: Hydreigon|Fire
|move|p2a: Dragonite|Scale Shot|p1a: Hydreigon
|-damage|p1a: Hydreigon|84/100
|-damage|p1a: Hydreigon|66/100
|-damage|p1a: Hydreigon|48/100
|-damage|p1a: Hydreigon|30/100
|-hitcount|p1a: Hydreigon|4
|-unboost|p2a: Dragonite|def|1
|-boost|p2a: Dragonite|spe|1
|move|p1a: Hydreigon|Heat Wave|p2a: Dragonite|[spread] p2b
|-miss|p1a: Hydreigon|p2a: Dragonite
|-supereffective|p2b: Amoonguss
|-damage|p2b: Amoonguss|26/100
|-enditem|p2b: Amoonguss|Sitrus Berry|[eat]
|-heal|p2b: Amoonguss|51/100|[from] item: Sitrus Berry
|-damage|p1a: Hydreigon|20/100|[from] item: Life Orb
|move|p1b: Primarina|Moonblast|p2a: Dragonite
|-damage|p2a: Dragonite|20/100
|move|p2b: Amoonguss|Spore|p1b: Primarina
|-status|p1b: Primarina|slp|[from] move: Spore
|
|-heal|p2a: Dragonite|26/100|[from] Grassy Terrain
|-heal|p1b: Primarina|48/100 slp|[from] Grassy Terrain
|-heal|p1b: Primarina|54/100 slp|[from] item: Leftovers
|-heal|p2b: Amoonguss|57/100|[from] Grassy Terrain
|upkeep
|turn|6
|-message|HappyMuffinTime forfeited.
|
|win|Luna_walking
|raw|HappyMuffinTime's rating: 1275 → 1246(-29 for losing)
|raw|Luna_walking's rating: 1225 → 1254(+29 for winning)
|l|☆HappyMuffinTime
|player|p1|
