|j|☆Needels
|j|☆gene takavic
|html|Needelsgene takavic    
|uhtml|bestof|Game 3 of a best-of-3
|t:|1756534108
|gametype|doubles
|player|p1|Needels|eusine|1106
|player|p2|gene takavic|pryce|1192
|gen|9
|tier|[Gen 9] VGC 2025 Reg H (Bo3)
|rated|
|rule|Species Clause: Limit one of each Pokémon
|rule|Item Clause: Limit 1 of each item
|clearpoke
|poke|p1|Ursaluna, L50, M|
|poke|p1|Jumpluff, L50, M|
|poke|p1|Charizard, L50, M|
|poke|p1|Torkoal, L50, F|
|poke|p1|Incineroar, L50, M|
|poke|p1|Porygon2, L50|
|poke|p2|Charizard, L50, F|
|poke|p2|Torkoal, L50, F|
|poke|p2|Porygon2, L50|
|poke|p2|Incineroar, L50, M|
|poke|p2|Jumpluff, L50, M|
|poke|p2|Ursaluna, L50, M|
|teampreview|4
|showteam|p1|Ursaluna||FlameOrb|Guts|HeadlongRush,Facade,Earthquake,Protect|||M|||50|,,,,,Ghost]Jumpluff||CovertCloak|Chlorophyll|SleepPowder,SunnyDay,Tailwind,RagePowder|||M|||50|,,,,,Fire]Charizard||ChoiceSpecs|SolarPower|DragonPulse,HeatWave,Overheat,WeatherBall|||M|||50|,,,,,Ghost]Torkoal||EjectPack|Drought|HelpingHand,Eruption,Overheat,Protect|||F|||50|,,,,,Fire]Incineroar||SitrusBerry|Intimidate|FakeOut,FlareBlitz,KnockOff,PartingShot|||M|||50|,,,,,Ghost]Porygon2||Eviolite|Download|TeraBlast,IceBeam,Recover,TrickRoom||||||50|,,,,,Fighting
|showteam|p2|Charizard||ChoiceSpecs|SolarPower|HeatWave,Overheat,WeatherBall,AirSlash|||F|||50|,,,,,Ghost]Torkoal||EjectPack|Drought|Eruption,Overheat,HelpingHand,Protect|||F|||50|,,,,,Fire]Porygon2||Eviolite|Download|TeraBlast,IceBeam,Recover,TrickRoom||||||50|,,,,,Fighting]Incineroar||SitrusBerry|Intimidate|FlareBlitz,KnockOff,FakeOut,PartingShot|||M|||50|,,,,,Ghost]Jumpluff||CovertCloak|Chlorophyll|SleepPowder,SunnyDay,RagePowder,Tailwind|||M|||50|,,,,,Water]Ursaluna||FlameOrb|Guts|HeadlongRush,Facade,Earthquake,Protect|||M|||50|,,,,,Ghost
|inactive|Battle timer is ON: inactive players will automatically lose when time's up. (requested by gene takavic)
|
|t:|1756534122
|teamsize|p1|4
|teamsize|p2|4
|start
|switch|p1a: Charizard|Charizard, L50, M, shiny|100/100
|switch|p1b: Incineroar|Incineroar, L50, M|100/100
|switch|p2a: Charizard|Charizard, L50, F|100/100
|switch|p2b: Incineroar|Incineroar, L50, M|100/100
|-ability|p1b: Incineroar|Intimidate|boost
|-unboost|p2a: Charizard|atk|1
|-unboost|p2b: Incineroar|atk|1
|-ability|p2b: Incineroar|Intimidate|boost
|-unboost|p1a: Charizard|atk|1
|-unboost|p1b: Incineroar|atk|1
|turn|1
|inactive|Needels has 30 seconds left.
|inactive|gene takavic has 30 seconds left.
|inactive|Needels has 20 seconds left.
|
|t:|1756534158
|switch|p1a: Porygon2|Porygon2, L50, shiny|100/100
|-ability|p1a: Porygon2|Download|boost
|-boost|p1a: Porygon2|atk|1
|move|p2b: Incineroar|Fake Out|p1b: Incineroar
|-damage|p1b: Incineroar|93/100
|move|p2a: Charizard|Air Slash|p1a: Porygon2
|-damage|p1a: Porygon2|70/100
|cant|p1b: Incineroar|flinch
|
|upkeep
|turn|2
|inactive|Needels has 30 seconds left.
|
|t:|1756534188
|switch|p2a: Porygon2|Porygon2, L50|100/100
|-ability|p2a: Porygon2|Download|boost
|-boost|p2a: Porygon2|atk|1
|move|p1b: Incineroar|Parting Shot|p2a: Porygon2
|-unboost|p2a: Porygon2|atk|1
|-unboost|p2a: Porygon2|spa|1
|
|t:|1756534197
|switch|p1b: Ursaluna|Ursaluna, L50, M|100/100|[from] Parting Shot
|move|p2b: Incineroar|Knock Off|p1a: Porygon2
|-damage|p1a: Porygon2|50/100
|-enditem|p1a: Porygon2|Eviolite|[from] move: Knock Off|[of] p2b: Incineroar
|move|p1a: Porygon2|Tera Blast|p2a: Porygon2
|-damage|p2a: Porygon2|75/100
|
|-status|p1b: Ursaluna|brn|[from] item: Flame Orb
|upkeep
|turn|3
|inactive|Needels has 30 seconds left.
|inactive|gene takavic has 30 seconds left.
|inactive|gene takavic has 20 seconds left.
|inactive|gene takavic has 15 seconds left.
|
|t:|1756534241
|switch|p2b: Charizard|Charizard, L50, F|100/100
|switch|p1a: Incineroar|Incineroar, L50, M|93/100
|-ability|p1a: Incineroar|Intimidate|boost
|-unboost|p2a: Porygon2|atk|1
|-unboost|p2b: Charizard|atk|1
|-terastallize|p2a: Porygon2|Fighting
|move|p1b: Ursaluna|Facade|p2b: Charizard
|-damage|p2b: Charizard|0 fnt
|faint|p2b: Charizard
|move|p2a: Porygon2|Tera Blast|p1a: Incineroar|[anim] Tera Blast Fighting
|-supereffective|p1a: Incineroar
|-damage|p1a: Incineroar|39/100
|-enditem|p1a: Incineroar|Sitrus Berry|[eat]
|-heal|p1a: Incineroar|64/100|[from] item: Sitrus Berry
|
|-damage|p1b: Ursaluna|95/100 brn|[from] brn
|upkeep
|
|t:|1756534254
|switch|p2b: Incineroar|Incineroar, L50, M|100/100
|-ability|p2b: Incineroar|Intimidate|boost
|-unboost|p1a: Incineroar|atk|1
|-unboost|p1b: Ursaluna|atk|1
|turn|4
|
|t:|1756534274
|switch|p2a: Ursaluna|Ursaluna, L50, M|100/100
|-terastallize|p1b: Ursaluna|Ghost
|move|p2b: Incineroar|Fake Out|p1b: Ursaluna
|-immune|p1b: Ursaluna
|move|p1a: Incineroar|Parting Shot|p2b: Incineroar
|-unboost|p2b: Incineroar|atk|1
|-unboost|p2b: Incineroar|spa|1
|c|☆gene takavic|wp g3
|
|t:|1756534283
|switch|p1a: Charizard|Charizard, L50, M, shiny|100/100|[from] Parting Shot
|move|p1b: Ursaluna|Earthquake|p2b: Incineroar|[spread] p2a,p2b
|-immune|p1a: Charizard
|-supereffective|p2b: Incineroar
|-damage|p2a: Ursaluna|68/100
|-damage|p2b: Incineroar|19/100
|-enditem|p2b: Incineroar|Sitrus Berry|[eat]
|-heal|p2b: Incineroar|44/100|[from] item: Sitrus Berry
|
|-damage|p1b: Ursaluna|89/100 brn|[from] brn
|-status|p2a: Ursaluna|brn|[from] item: Flame Orb
|upkeep
|turn|5
|-message|gene takavic forfeited.
|
|win|Needels
|raw|Needels's rating: 1106 → 1137(+31 for winning)
|raw|gene takavic's rating: 1192 → 1161(-31 for losing)
|l|☆gene takavic
|player|p2|
|c|☆Needels|ggs
