|j|☆vilan333
|j|☆altdotcom
|html|vilan333altdotcom    
|uhtml|bestof|Game 2 of a best-of-3
|t:|1782368155
|gametype|doubles
|player|p1|vilan333|marshal|1137
|player|p2|altdotcom|waitress|1267
|gen|9
|tier|[Gen 9 Champions] VGC 2026 Reg M-B (Bo3)
|rated|
|rule|Species Clause: Limit one of each Pokémon
|rule|Item Clause: Limit 1 of each item
|clearpoke
|poke|p1|Torkoal, L50, F|
|poke|p1|Vileplume, L50, M|
|poke|p1|Farigiraf, L50, M|
|poke|p1|Gallade, L50, M|
|poke|p1|Mawile, L50, M|
|poke|p1|Kangaskhan, L50, F|
|poke|p2|Pyroar, L50, F, shiny|
|poke|p2|Whimsicott, L50, M|
|poke|p2|Zoroark-Hisui, L50, F, shiny|
|poke|p2|Sylveon, L50, M|
|poke|p2|Kingambit, L50, F|
|poke|p2|Raichu, L50, M|
|teampreview|4
|showteam|p1|Torkoal||Charcoal|Drought|Eruption,WeatherBall,EarthPower,Protect|Quiet||F|||50|]Vileplume||FocusSash|Chlorophyll|EnergyBall,SludgeBomb,SleepPowder,AfterYou|Timid||M|||50|]Farigiraf||SitrusBerry|ArmorTail|TrickRoom,Protect,Psychic,HelpingHand|Bold||M|||50|]Gallade||IronBall|Sharpness|SacredSword,PsychoCut,WideGuard,TrickRoom|Brave||M|||50|]Mawile||Mawilite|Intimidate|SuckerPunch,PlayRough,SwordsDance,Protect|Brave||M|||50|]Kangaskhan||Kangaskhanite|Scrappy|FakeOut,LowKick,DoubleEdge,IcePunch|Brave||F|||50|
|showteam|p2|Pyroar||Pyroarite|Moxie|HeatWave,Overheat,SolarBeam,Protect|Modest||F|||50|]Whimsicott||FocusSash|Prankster|Tailwind,Moonblast,Encore,SunnyDay|Timid||M|||50|]Zoroark-Hisui||LifeOrb|Illusion|HyperVoice,ShadowBall,IcyWind,GrassKnot|Timid||F|||50|]Sylveon||FairyFeather|Pixilate|HyperVoice,HyperBeam,QuickAttack,Detect|Modest||M|||50|]Kingambit||BlackGlasses|Defiant|KowtowCleave,SuckerPunch,SwordsDance,Protect|Adamant||F|||50|]Raichu||RaichuniteY|LightningRod|FakeOut,ZapCannon,FocusBlast,Encore|Timid||M|||50|
|inactive|Battle timer is ON: inactive players will automatically lose when time's up. (requested by altdotcom)
|inactive|vilan333 has 60 seconds left.
|
|t:|1782368195
|teamsize|p1|4
|teamsize|p2|4
|start
|switch|p1a: Farigiraf|Farigiraf, L50, M|100/100
|switch|p1b: Gallade|Gallade, L50, M|100/100
|switch|p2a: Pyroar|Pyroar, L50, F, shiny|100/100
|switch|p2b: Whimsicott|Whimsicott, L50, M|100/100
|turn|1
|
|t:|1782368216
|detailschange|p2a: Pyroar|Pyroar-Mega, L50, F, shiny
|-mega|p2a: Pyroar|Pyroar|Pyroarite
|move|p2b: Whimsicott|Sunny Day|p2b: Whimsicott
|-weather|SunnyDay
|move|p2a: Pyroar|Overheat|p1a: Farigiraf
|-damage|p1a: Farigiraf|0 fnt
|-unboost|p2a: Pyroar|spa|2
|faint|p1a: Farigiraf
|move|p1b: Gallade|Trick Room|p1b: Gallade
|-fieldstart|move: Trick Room|[of] p1b: Gallade
|
|-weather|SunnyDay|[upkeep]
|upkeep
|
|t:|1782368228
|switch|p1a: Torkoal|Torkoal, L50, F|100/100
|turn|2
|
|t:|1782368239
|switch|p1b: Mawile|Mawile, L50, M|100/100
|-ability|p1b: Mawile|Intimidate|boost
|-unboost|p2a: Pyroar|atk|1
|-unboost|p2b: Whimsicott|atk|1
|move|p2b: Whimsicott|Encore||[still]
|-fail|p2b: Whimsicott
|move|p1a: Torkoal|Eruption|p2a: Pyroar|[spread] p2a,p2b
|-resisted|p2a: Pyroar|1
|-supereffective|p2b: Whimsicott|1
|-damage|p2a: Pyroar|47/100
|-enditem|p2b: Whimsicott|Focus Sash
|-damage|p2b: Whimsicott|1/100
|move|p2a: Pyroar|Overheat|p1a: Torkoal
|-resisted|p1a: Torkoal|1
|-damage|p1a: Torkoal|48/100
|-unboost|p2a: Pyroar|spa|2
|
|-weather|SunnyDay|[upkeep]
|upkeep
|turn|3
|inactive|altdotcom has 30 seconds left.
|
|t:|1782368265
|detailschange|p1b: Mawile|Mawile-Mega, L50, M
|-mega|p1b: Mawile|Mawile|Mawilite
|move|p2a: Pyroar|Protect|p2a: Pyroar
|-singleturn|p2a: Pyroar|Protect
|move|p2b: Whimsicott|Encore|p1a: Torkoal
|-start|p1a: Torkoal|Encore
|move|p1a: Torkoal|Eruption|p2a: Pyroar|[spread] p2b
|-activate|p2a: Pyroar|move: Protect
|-supereffective|p2b: Whimsicott|1
|-damage|p2b: Whimsicott|0 fnt
|faint|p2b: Whimsicott
|move|p1b: Mawile|Play Rough|p2a: Pyroar
|-activate|p2a: Pyroar|move: Protect
|
|-weather|SunnyDay|[upkeep]
|upkeep
|
|t:|1782368275
|switch|p2b: Kingambit|Kingambit, L50, F|100/100
|turn|4
|
|t:|1782368288
|move|p2b: Kingambit|Sucker Punch|p1a: Torkoal
|-damage|p1a: Torkoal|9/100
|move|p1a: Torkoal|Eruption|p2a: Pyroar|[spread] p2a,p2b
|-resisted|p2a: Pyroar|1
|-supereffective|p2b: Kingambit|1
|-damage|p2a: Pyroar|42/100
|-damage|p2b: Kingambit|84/100
|move|p1b: Mawile|Play Rough|p2a: Pyroar
|-resisted|p2a: Pyroar|1
|-damage|p2a: Pyroar|0 fnt
|faint|p2a: Pyroar
|
|-weather|SunnyDay|[upkeep]
|upkeep
|
|t:|1782368297
|switch|p2a: Sylveon|Sylveon, L50, M|100/100
|turn|5
|inactive|vilan333 has 30 seconds left.
|inactive|vilan333 has 20 seconds left.
|
|t:|1782368333
|move|p1a: Torkoal|Eruption|p2b: Kingambit|[spread] p2a,p2b
|-supereffective|p2b: Kingambit|1
|-damage|p2a: Sylveon|93/100
|-damage|p2b: Kingambit|67/100
|move|p1b: Mawile|Swords Dance|p1b: Mawile
|-boost|p1b: Mawile|atk|2
|move|p2b: Kingambit|Swords Dance|p2b: Kingambit
|-boost|p2b: Kingambit|atk|2
|move|p2a: Sylveon|Hyper Voice|p1b: Mawile|[spread] p1a,p1b
|-resisted|p1a: Torkoal|1
|-resisted|p1b: Mawile|1
|-damage|p1a: Torkoal|0 fnt
|-damage|p1b: Mawile|68/100
|faint|p1a: Torkoal
|
|-weather|none
|-fieldend|move: Trick Room
|upkeep
|
|t:|1782368349
|switch|p1a: Gallade|Gallade, L50, M|100/100
|turn|6
|
|t:|1782368371
|move|p1a: Gallade|Wide Guard|p1a: Gallade
|-singleturn|p1a: Gallade|Wide Guard
|move|p2a: Sylveon|Hyper Voice|p1b: Mawile|[spread] 
|-activate|p1a: Gallade|move: Wide Guard
|-activate|p1b: Mawile|move: Wide Guard
|move|p2b: Kingambit|Kowtow Cleave|p1b: Mawile
|-resisted|p1b: Mawile|1
|-damage|p1b: Mawile|11/100
|move|p1b: Mawile|Play Rough|p2a: Sylveon
|-damage|p2a: Sylveon|0 fnt
|faint|p2a: Sylveon
|
|upkeep
|turn|7
|-message|altdotcom forfeited.
|
|win|vilan333
|l|☆altdotcom
|player|p2|
||altdotcom is ready for game 3.
