|j|☆SHOMA_WIN
|j|☆ThePrinceofNT
|html|SHOMA_WINThePrinceofNT    
|uhtml|bestof|Game 2 of a best-of-3
|t:|1782305559
|gametype|doubles
|player|p1|SHOMA_WIN|scientist|1422
|player|p2|ThePrinceofNT|2|1238
|gen|9
|tier|[Gen 9 Champions] VGC 2026 Reg M-B (Bo3)
|rated|
|rule|Species Clause: Limit one of each Pokémon
|rule|Item Clause: Limit 1 of each item
|clearpoke
|poke|p1|Aerodactyl, L50, F|
|poke|p1|Garchomp, L50, M|
|poke|p1|Kingambit, L50, M|
|poke|p1|Charizard, L50, M|
|poke|p1|Sylveon, L50, M|
|poke|p1|Farigiraf, L50, M|
|poke|p2|Pyroar, L50, F|
|poke|p2|Whimsicott, L50, M|
|poke|p2|Farigiraf, L50, M|
|poke|p2|Torkoal, L50, M|
|poke|p2|Sneasler, L50, F|
|poke|p2|Mawile, L50, M|
|teampreview|4
|showteam|p1|Aerodactyl||Aerodactylite|Unnerve|IceFang,RockSlide,Tailwind,DualWingbeat|Jolly||F|||50|]Garchomp||LifeOrb|RoughSkin|DragonClaw,StompingTantrum,Earthquake,Protect|Jolly||M|||50|]Kingambit||FocusSash|Defiant|SuckerPunch,KowtowCleave,IronHead,LowKick|Adamant||M|||50|]Charizard||CharizarditeY|Blaze|Protect,WeatherBall,HeatWave,SolarBeam|Modest||M|||50|]Sylveon||FairyFeather|Pixilate|Protect,HyperVoice,HyperBeam,QuickAttack|Modest||M|||50|]Farigiraf||SitrusBerry|ArmorTail|TrickRoom,Thunderbolt,Roar,TwinBeam|Bold||M|||50|
|showteam|p2|Pyroar||Pyroarite|Rivalry|HeatWave,Overheat,SolarBeam,Protect|Modest||F|||50|]Whimsicott||FocusSash|Prankster|SunnyDay,Tailwind,Moonblast,FakeTears|Modest||M|||50|]Farigiraf||SitrusBerry|ArmorTail|HelpingHand,TrickRoom,TwinBeam,Thunderbolt|Bold||M|||50|]Torkoal||Charcoal|Drought|HeatWave,HelpingHand,Protect,Eruption|Quiet||M|||50|]Sneasler||WhiteHerb|Unburden|CloseCombat,GunkShot,Protect,FakeOut|Adamant||F|||50|]Mawile||Mawilite|Intimidate|SwordsDance,PlayRough,SuckerPunch,Protect|Brave||M|||50|
|inactive|Battle timer is ON: inactive players will automatically lose when time's up. (requested by ThePrinceofNT)
|
|t:|1782305582
|teamsize|p1|4
|teamsize|p2|4
|start
|switch|p1a: Aerodactyl|Aerodactyl, L50, F|100/100
|switch|p1b: Kingambit|Kingambit, L50, M|100/100
|switch|p2a: Pyroar|Pyroar, L50, F|100/100
|switch|p2b: Whimsicott|Whimsicott, L50, M|100/100
|-ability|p1a: Aerodactyl|Unnerve
|turn|1
|
|t:|1782305595
|detailschange|p2a: Pyroar|Pyroar-Mega, L50, F
|-mega|p2a: Pyroar|Pyroar|Pyroarite
|move|p2b: Whimsicott|Tailwind|p2b: Whimsicott
|-sidestart|p2: ThePrinceofNT|move: Tailwind
|move|p2a: Pyroar|Heat Wave|p1b: Kingambit|[spread] p1a,p1b
|-resisted|p1a: Aerodactyl|1
|-crit|p1a: Aerodactyl
|-supereffective|p1b: Kingambit|1
|-damage|p1a: Aerodactyl|44/100
|-enditem|p1b: Kingambit|Focus Sash
|-damage|p1b: Kingambit|1/100
|move|p1a: Aerodactyl|Tailwind|p1a: Aerodactyl
|-sidestart|p1: SHOMA_WIN|move: Tailwind
|move|p1b: Kingambit|Kowtow Cleave|p2a: Pyroar
|-damage|p2a: Pyroar|45/100
|
|upkeep
|turn|2
|
|t:|1782305609
|move|p2a: Pyroar|Protect|p2a: Pyroar
|-singleturn|p2a: Pyroar|Protect
|move|p1a: Aerodactyl|Rock Slide|p2a: Pyroar|[spread] p2b
|-activate|p2a: Pyroar|move: Protect
|-damage|p2b: Whimsicott|68/100
|move|p2b: Whimsicott|Moonblast|p1b: Kingambit
|-damage|p1b: Kingambit|0 fnt
|faint|p1b: Kingambit
|
|upkeep
|
|t:|1782305622
|switch|p1b: Charizard|Charizard, L50, M|100/100
|turn|3
|
|t:|1782305641
|switch|p2b: Farigiraf|Farigiraf, L50, M|100/100
|detailschange|p1b: Charizard|Charizard-Mega-Y, L50, M
|-mega|p1b: Charizard|Charizard|Charizardite Y
|-weather|SunnyDay|[from] ability: Drought|[of] p1b: Charizard
|move|p1a: Aerodactyl|Rock Slide|p2b: Farigiraf|[spread] p2a,p2b
|-supereffective|p2a: Pyroar|1
|-damage|p2a: Pyroar|0 fnt
|-damage|p2b: Farigiraf|82/100
|faint|p2a: Pyroar
|move|p1b: Charizard|Heat Wave|p2b: Farigiraf
|-damage|p2b: Farigiraf|8/100
|
|-weather|SunnyDay|[upkeep]
|upkeep
|
|t:|1782305658
|switch|p2a: Sneasler|Sneasler, L50, F|100/100
|turn|4
|inactive|SHOMA_WIN has 30 seconds left.
|
|t:|1782305690
|move|p2a: Sneasler|Fake Out|p1a: Aerodactyl
|-resisted|p1a: Aerodactyl|1
|-damage|p1a: Aerodactyl|33/100
|cant|p1a: Aerodactyl|flinch
|move|p1b: Charizard|Weather Ball|p2a: Sneasler
|-damage|p2a: Sneasler|0 fnt
|faint|p2a: Sneasler
|move|p2b: Farigiraf|Thunderbolt|p1a: Aerodactyl
|-supereffective|p1a: Aerodactyl|1
|-damage|p1a: Aerodactyl|0 fnt
|-enditem|p2b: Farigiraf|Sitrus Berry|[eat]
|-heal|p2b: Farigiraf|33/100|[from] item: Sitrus Berry
|faint|p1a: Aerodactyl
|
|-weather|SunnyDay|[upkeep]
|-sideend|p1: SHOMA_WIN|move: Tailwind
|-sideend|p2: ThePrinceofNT|move: Tailwind
|upkeep
|
|t:|1782305699
|switch|p1a: Garchomp|Garchomp, L50, M|100/100
|switch|p2a: Whimsicott|Whimsicott, L50, M|68/100
|turn|5
|
|t:|1782305707
|move|p1a: Garchomp|Earthquake|p2b: Farigiraf|[spread] p2a,p2b
|-immune|p1b: Charizard
|-resisted|p2a: Whimsicott|1
|-crit|p2a: Whimsicott
|-damage|p2a: Whimsicott|13/100
|-damage|p2b: Farigiraf|0 fnt
|faint|p2b: Farigiraf
|-damage|p1a: Garchomp|90/100|[from] item: Life Orb
|move|p2a: Whimsicott|Moonblast|p1a: Garchomp
|-supereffective|p1a: Garchomp|1
|-damage|p1a: Garchomp|6/100
|move|p1b: Charizard|Weather Ball|p2a: Whimsicott
|-supereffective|p2a: Whimsicott|1
|-damage|p2a: Whimsicott|0 fnt
|faint|p2a: Whimsicott
|
|win|SHOMA_WIN
|raw|SHOMA_WIN's rating: 1422 → 1432(+10 for winning)
|raw|ThePrinceofNT's rating: 1238 → 1225(-13 for losing)
