|j|☆MiroKart 8 Deluxe
|j|☆Zero_BlazeVGC
|html|MiroKart 8 DeluxeZero_BlazeVGC    
|uhtml|bestof|Game 2 of a best-of-3
|t:|1755545396
|gametype|doubles
|player|p1|MiroKart 8 Deluxe|2|1339
|player|p2|Zero_BlazeVGC|flint|1308
|gen|9
|tier|[Gen 9] VGC 2025 Reg H (Bo3)
|rated|
|rule|Species Clause: Limit one of each Pokémon
|rule|Item Clause: Limit 1 of each item
|clearpoke
|poke|p1|Rillaboom, L50, M|
|poke|p1|Kingambit, L50, F|
|poke|p1|Dragapult, L50, M|
|poke|p1|Sneasler, L50, M|
|poke|p1|Primarina, L50, M|
|poke|p1|Electabuzz, L50, M|
|poke|p2|Gholdengo, L50|
|poke|p2|Pelipper, L50, M|
|poke|p2|Basculegion, L50, M|
|poke|p2|Amoonguss, L50, F|
|poke|p2|Archaludon, L50, M|
|poke|p2|Incineroar, L50, M|
|teampreview|4
|showteam|p1|Rillaboom||AssaultVest|GrassySurge|FakeOut,GrassyGlide,WoodHammer,Uturn|||M|||50|,,,,,Fire]Kingambit||SafetyGoggles|Defiant|KowtowCleave,SuckerPunch,SwordsDance,Protect|||F|||50|,,,,,Dark]Dragapult||ChoiceBand|ClearBody|DragonDarts,Outrage,Uturn,PhantomForce|||M|||50|,,,,,Dragon]Sneasler||FocusSash|PoisonTouch|DireClaw,CloseCombat,FakeOut,Protect|||M|||50|,,,,,Stellar]Primarina||ThroatSpray|LiquidVoice|HyperVoice,Moonblast,Haze,Protect|||M|||50|,,,,,Poison]Electabuzz||Eviolite|VitalSpirit|FollowMe,Taunt,Electroweb,Protect|||M|||50|,,,,,Fairy
|showteam|p2|Gholdengo||LifeOrb|GoodasGold|Protect,NastyPlot,MakeItRain,ShadowBall||||||50|,,,,,Water]Pelipper||FocusSash|Drizzle|Protect,Tailwind,WeatherBall,Hurricane|||M|||50|,,,,,Stellar]Basculegion||ChoiceBand|SwiftSwim|AquaJet,WaveCrash,FlipTurn,LastRespects|||M|||50|,,,,,Fairy]Amoonguss||SitrusBerry|Regenerator|PollenPuff,Spore,RagePowder,Protect|||F|||50|,,,,,Fairy]Archaludon||AssaultVest|Stamina|ElectroShot,Snarl,FlashCannon,BodyPress|||M|||50|,,,,,Bug]Incineroar||SafetyGoggles|Intimidate|FakeOut,KnockOff,PartingShot,Taunt|||M|||50|,,,,,Ghost
|inactive|Battle timer is ON: inactive players will automatically lose when time's up. (requested by MiroKart 8 Deluxe)
|
|t:|1755545423
|teamsize|p1|4
|teamsize|p2|4
|start
|switch|p1a: Kingambit|Kingambit, L50, F|100/100
|switch|p1b: Sneasler|Sneasler, L50, M|100/100
|switch|p2a: Metalman|Archaludon, L50, M|100/100
|switch|p2b: Oogie Boogie|Basculegion, L50, M|100/100
|turn|1
|inactive|Zero_BlazeVGC has 30 seconds left.
|
|t:|1755545455
|-terastallize|p2a: Metalman|Bug
|move|p1a: Kingambit|Protect|p1a: Kingambit
|-singleturn|p1a: Kingambit|Protect
|move|p1b: Sneasler|Dire Claw|p2b: Oogie Boogie
|-resisted|p2b: Oogie Boogie
|-damage|p2b: Oogie Boogie|73/100
|-status|p2b: Oogie Boogie|psn
|move|p2a: Metalman|Flash Cannon|p1b: Sneasler
|-damage|p1b: Sneasler|50/100
|move|p2b: Oogie Boogie|Flip Turn|p2a: Metalman
|-damage|p2a: Metalman|67/100
|-ability|p2a: Metalman|Stamina|boost
|-boost|p2a: Metalman|def|1
|
|t:|1755545470
|switch|p2b: Benadryl|Amoonguss, L50, F|100/100|[from] Flip Turn
|
|upkeep
|turn|2
|
|t:|1755545487
|switch|p1b: Electabuzz|Electabuzz, L50, M|100/100
|-terastallize|p1a: Kingambit|Dark
|move|p2b: Benadryl|Rage Powder|p2b: Benadryl
|-singleturn|p2b: Benadryl|move: Rage Powder
|move|p2a: Metalman|Body Press|p1a: Kingambit
|-supereffective|p1a: Kingambit
|-damage|p1a: Kingambit|48/100
|move|p1a: Kingambit|Swords Dance|p1a: Kingambit
|-boost|p1a: Kingambit|atk|2
|
|upkeep
|turn|3
|inactive|Zero_BlazeVGC has 30 seconds left.
|inactive|Zero_BlazeVGC has 20 seconds left.
|
|t:|1755545524
|move|p1b: Electabuzz|Follow Me|p1b: Electabuzz
|-singleturn|p1b: Electabuzz|move: Follow Me
|move|p2a: Metalman|Body Press|p1b: Electabuzz
|-damage|p1b: Electabuzz|75/100
|move|p1a: Kingambit|Kowtow Cleave|p2a: Metalman
|-damage|p2a: Metalman|0 fnt
|faint|p2a: Metalman
|move|p2b: Benadryl|Pollen Puff|p1b: Electabuzz
|-damage|p1b: Electabuzz|63/100
|
|upkeep
|
|t:|1755545537
|switch|p2a: Berry Delite|Pelipper, L50, M|100/100
|-weather|RainDance|[from] ability: Drizzle|[of] p2a: Berry Delite
|turn|4
|
|t:|1755545561
|switch|p2b: Oogie Boogie|Basculegion, L50, M|73/100 psn
|move|p1a: Kingambit|Protect|p1a: Kingambit
|-singleturn|p1a: Kingambit|Protect
|move|p2a: Berry Delite|Weather Ball|p1b: Electabuzz
|-damage|p1b: Electabuzz|19/100
|move|p1b: Electabuzz|Electroweb|p2a: Berry Delite|[spread] p2a
|-miss|p1b: Electabuzz|p2b: Oogie Boogie
|-supereffective|p2a: Berry Delite
|-damage|p2a: Berry Delite|12/100
|-unboost|p2a: Berry Delite|spe|1
|
|-weather|RainDance|[upkeep]
|-damage|p2b: Oogie Boogie|61/100 psn|[from] psn
|upkeep
|turn|5
|inactive|Zero_BlazeVGC has 30 seconds left.
|
|t:|1755545596
|move|p1b: Electabuzz|Follow Me|p1b: Electabuzz
|-singleturn|p1b: Electabuzz|move: Follow Me
|move|p1a: Kingambit|Sucker Punch|p2a: Berry Delite
|-damage|p2a: Berry Delite|0 fnt
|faint|p2a: Berry Delite
|move|p2b: Oogie Boogie|Flip Turn|p1b: Electabuzz
|-damage|p1b: Electabuzz|0 fnt
|faint|p1b: Electabuzz
|
|t:|1755545603
|switch|p2b: Benadryl|Amoonguss, L50, F|100/100|[from] Flip Turn
|
|-weather|RainDance|[upkeep]
|upkeep
|
|t:|1755545608
|switch|p2a: Oogie Boogie|Basculegion, L50, M|61/100 psn
|switch|p1b: Primarina|Primarina, L50, M|100/100
|turn|6
|
|t:|1755545628
|move|p1a: Kingambit|Protect|p1a: Kingambit
|-singleturn|p1a: Kingambit|Protect
|move|p2a: Oogie Boogie|Aqua Jet|p1a: Kingambit
|-activate|p1a: Kingambit|move: Protect
|move|p1b: Primarina|Hyper Voice|p2a: Oogie Boogie|[spread] p2a,p2b
|-resisted|p2a: Oogie Boogie
|-resisted|p2b: Benadryl
|-damage|p2a: Oogie Boogie|35/100 psn
|-damage|p2b: Benadryl|81/100
|-enditem|p1b: Primarina|Throat Spray
|-boost|p1b: Primarina|spa|1|[from] item: Throat Spray
|move|p2b: Benadryl|Spore|p1b: Primarina
|-status|p1b: Primarina|slp|[from] move: Spore
|
|-weather|RainDance|[upkeep]
|-damage|p2a: Oogie Boogie|22/100 psn|[from] psn
|upkeep
|turn|7
|
|t:|1755545648
|move|p2a: Oogie Boogie|Aqua Jet|p1a: Kingambit
|-damage|p1a: Kingambit|15/100
|cant|p1b: Primarina|slp
|move|p1a: Kingambit|Kowtow Cleave|p2b: Benadryl
|-damage|p2b: Benadryl|0 fnt
|faint|p2b: Benadryl
|
|-weather|RainDance|[upkeep]
|-damage|p2a: Oogie Boogie|10/100 psn|[from] psn
|upkeep
|turn|8
|-message|Zero_BlazeVGC forfeited.
|
|win|MiroKart 8 Deluxe
|raw|MiroKart 8 Deluxe's rating: 1339 → 1357(+18 for winning)
|raw|Zero_BlazeVGC's rating: 1308 → 1290(-18 for losing)
