|j|☆ilikecsr
|j|☆eklyst
|html|ilikecsreklyst    
|uhtml|bestof|Game 2 of a best-of-3
|t:|1783404617
|gametype|doubles
|player|p1|ilikecsr|n|1229
|player|p2|eklyst|pokemaniac|1150
|gen|9
|tier|[Gen 9 Champions] VGC 2026 Reg M-B (Bo3)
|rated|
|rule|Species Clause: Limit one of each Pokémon
|rule|Item Clause: Limit 1 of each item
|clearpoke
|poke|p1|Swampert, L50, F|
|poke|p1|Archaludon, L50, M|
|poke|p1|Sableye, L50, F|
|poke|p1|Sinistcha-Masterpiece, L50|
|poke|p1|Pelipper, L50, F|
|poke|p1|Floette-Eternal, L50, F|
|poke|p2|Metagross, L50|
|poke|p2|Floette-Eternal, L50, F|
|poke|p2|Garchomp, L50, F|
|poke|p2|Aerodactyl, L50, M|
|poke|p2|Sinistcha, L50|
|poke|p2|Incineroar, L50, F|
|teampreview|4
|showteam|p1|Swampert||Swampertite|Torrent|WaveCrash,Earthquake,IcePunch,Protect|Adamant||F|||50|]Archaludon||Leftovers|Stamina|ElectroShot,DragonPulse,FlashCannon,Protect|Modest||M|||50|]Sableye||LightClay|Prankster|Reflect,LightScreen,RainDance,Encore|Sassy||F|||50|]Sinistcha-Masterpiece||ColburBerry|Hospitality|MatchaGotcha,RagePowder,TrickRoom,Protect|Sassy|||||50|]Pelipper||FocusSash|Drizzle|WeatherBall,Hurricane,Tailwind,Protect|Modest||F|||50|]Floette-Eternal||Floettite|FlowerVeil|Moonblast,DazzlingGleam,LightofRuin,Protect|Modest||F|||50|
|showteam|p2|Metagross||Metagrossite|ClearBody|IronHead,BulletPunch,PsychicFangs,Protect|Adamant|||||50|]Floette-Eternal||Floettite|FlowerVeil|Moonblast,DazzlingGleam,CalmMind,Protect|Modest||F|||50|]Garchomp||LifeOrb|RoughSkin|RockSlide,StompingTantrum,DragonClaw,Protect|Jolly||F|||50|]Aerodactyl||FocusSash|Unnerve|RockSlide,DualWingbeat,Tailwind,Protect|Jolly||M|||50|]Sinistcha||KasibBerry|Hospitality|MatchaGotcha,TrickRoom,RagePowder,Protect|Relaxed|||||50|]Incineroar||SitrusBerry|Intimidate|FakeOut,FlareBlitz,ThroatChop,PartingShot|Adamant||F|||50|
|inactive|Battle timer is ON: inactive players will automatically lose when time's up. (requested by eklyst)
|inactive|ilikecsr has 60 seconds left.
|
|t:|1783404655
|teamsize|p1|4
|teamsize|p2|4
|start
|switch|p1a: Katappa|Pelipper, L50, F|100/100
|switch|p1b: Archaludon|Archaludon, L50, M|100/100
|switch|p2a: Incineroar|Incineroar, L50, F|100/100
|switch|p2b: Floette|Floette-Eternal, L50, F|100/100
|-weather|RainDance|[from] ability: Drizzle|[of] p1a: Katappa
|-ability|p2a: Incineroar|Intimidate|boost
|-unboost|p1a: Katappa|atk|1
|-unboost|p1b: Archaludon|atk|1
|turn|1
|
|t:|1783404668
|detailschange|p2b: Floette|Floette-Mega, L50, F
|-mega|p2b: Floette|Floette|Floettite
|-ability|p2b: Floette|Fairy Aura
|move|p2a: Incineroar|Fake Out|p1a: Katappa
|-damage|p1a: Katappa|83/100
|move|p2b: Floette|Calm Mind|p2b: Floette
|-boost|p2b: Floette|spa|1
|-boost|p2b: Floette|spd|1
|cant|p1a: Katappa|flinch
|move|p1b: Archaludon|Electro Shot||[still]
|-prepare|p1b: Archaludon|Electro Shot
|-boost|p1b: Archaludon|spa|1
|-anim|p1b: Archaludon|Electro Shot|p2b: Floette
|-damage|p2b: Floette|70/100
|
|-weather|RainDance|[upkeep]
|upkeep
|turn|2
|
|t:|1783404684
|switch|p2a: Sinistcha|Sinistcha, L50|100/100
|-heal|p2b: Floette|95/100|[from] ability: Hospitality|[of] p2a: Sinistcha
|move|p2b: Floette|Calm Mind|p2b: Floette
|-boost|p2b: Floette|spa|1
|-boost|p2b: Floette|spd|1
|move|p1a: Katappa|Tailwind|p1a: Katappa
|-sidestart|p1: ilikecsr|move: Tailwind
|move|p1b: Archaludon|Flash Cannon|p2b: Floette
|-supereffective|p2b: Floette|1
|-damage|p2b: Floette|55/100
|
|-weather|RainDance|[upkeep]
|upkeep
|turn|3
|
|t:|1783404705
|move|p2b: Floette|Protect|p2b: Floette
|-singleturn|p2b: Floette|Protect
|move|p1a: Katappa|Hurricane|p2a: Sinistcha
|-supereffective|p2a: Sinistcha|1
|-damage|p2a: Sinistcha|1/100
|move|p1b: Archaludon|Flash Cannon|p2b: Floette
|-activate|p2b: Floette|move: Protect
|move|p2a: Sinistcha|Trick Room|p2a: Sinistcha
|-fieldstart|move: Trick Room|[of] p2a: Sinistcha
|
|-weather|RainDance|[upkeep]
|upkeep
|turn|4
|
|t:|1783404719
|switch|p2a: Garchomp|Garchomp, L50, F|100/100
|move|p1a: Katappa|Protect|p1a: Katappa
|-singleturn|p1a: Katappa|Protect
|move|p2b: Floette|Dazzling Gleam|p1b: Archaludon|[spread] p1b
|-activate|p1a: Katappa|move: Protect
|-damage|p1b: Archaludon|4/100
|-ability|p1b: Archaludon|Stamina|boost
|-boost|p1b: Archaludon|def|1
|move|p1b: Archaludon|Flash Cannon|p2b: Floette
|-supereffective|p2b: Floette|1
|-damage|p2b: Floette|16/100
|
|-weather|RainDance|[upkeep]
|-heal|p1b: Archaludon|10/100|[from] item: Leftovers
|upkeep
|turn|5
|inactive|eklyst has 30 seconds left.
|
|t:|1783404748
|switch|p2a: Incineroar|Incineroar, L50, F|100/100
|-ability|p2a: Incineroar|Intimidate|boost
|-unboost|p1a: Katappa|atk|1
|-unboost|p1b: Archaludon|atk|1
|move|p1b: Archaludon|Protect|p1b: Archaludon
|-singleturn|p1b: Archaludon|Protect
|move|p2b: Floette|Dazzling Gleam|p1a: Katappa|[spread] p1a
|-activate|p1b: Archaludon|move: Protect
|-damage|p1a: Katappa|0 fnt
|faint|p1a: Katappa
|
|-weather|none
|-heal|p1b: Archaludon|16/100|[from] item: Leftovers
|-sideend|p1: ilikecsr|move: Tailwind
|upkeep
|
|t:|1783404757
|switch|p1a: Bahubali|Swampert, L50, F|100/100
|turn|6
|
|t:|1783404772
|detailschange|p1a: Bahubali|Swampert-Mega, L50, F
|-mega|p1a: Bahubali|Swampert|Swampertite
|move|p2b: Floette|Protect|p2b: Floette
|-singleturn|p2b: Floette|Protect
|move|p2a: Incineroar|Parting Shot|p1b: Archaludon
|-unboost|p1b: Archaludon|atk|1
|-unboost|p1b: Archaludon|spa|1
|
|t:|1783404779
|switch|p2a: Sinistcha|Sinistcha, L50|1/100|[from] Parting Shot
|-heal|p2b: Floette|40/100|[from] ability: Hospitality|[of] p2a: Sinistcha
|move|p1b: Archaludon|Dragon Pulse|p2b: Floette
|-activate|p2b: Floette|move: Protect
|move|p1a: Bahubali|Wave Crash|p2b: Floette
|-activate|p2b: Floette|move: Protect
|
|-heal|p1b: Archaludon|22/100|[from] item: Leftovers
|upkeep
|turn|7
|
|t:|1783404793
|move|p2a: Sinistcha|Matcha Gotcha|p1a: Bahubali|[spread] p1a,p1b
|-supereffective|p1a: Bahubali|2
|-resisted|p1b: Archaludon|2
|-damage|p1a: Bahubali|16/100
|-heal|p2a: Sinistcha|42/100|[from] drain|[of] p1a: Bahubali
|-damage|p1b: Archaludon|16/100
|-heal|p2a: Sinistcha|46/100|[from] drain|[of] p1b: Archaludon
|-ability|p1b: Archaludon|Stamina|boost
|-boost|p1b: Archaludon|def|1
|move|p1b: Archaludon|Flash Cannon|p2b: Floette
|-supereffective|p2b: Floette|1
|-damage|p2b: Floette|11/100
|move|p1a: Bahubali|Ice Punch|p2a: Sinistcha
|-supereffective|p2a: Sinistcha|1
|-damage|p2a: Sinistcha|0 fnt
|faint|p2a: Sinistcha
|move|p2b: Floette|Dazzling Gleam|p1a: Bahubali|[spread] p1a,p1b
|-damage|p1a: Bahubali|0 fnt
|-damage|p1b: Archaludon|0 fnt
|faint|p1a: Bahubali
|faint|p1b: Archaludon
|
|-fieldend|move: Trick Room
|upkeep
|
|t:|1783404811
|switch|p1b: Sinistcha|Sinistcha-Masterpiece, L50|100/100
|switch|p2a: Incineroar|Incineroar, L50, F|100/100
|-ability|p2a: Incineroar|Intimidate|boost
|-unboost|p1b: Sinistcha|atk|1
|turn|8
|
|t:|1783404816
|move|p2b: Floette|Moonblast|p1b: Sinistcha
|-damage|p1b: Sinistcha|0 fnt
|faint|p1b: Sinistcha
|
|win|eklyst
||eklyst is ready for game 3.
||ilikecsr is ready for game 3.
|uhtml|next|Next: Game 3 of 3
