|j|☆jrohn33
|j|☆ortainee
|html|jrohn33ortainee    
|uhtml|bestof|Game 2 of a best-of-3
|t:|1782397763
|gametype|doubles
|player|p1|jrohn33|artist-gen4|1044
|player|p2|ortainee|grimsley-gen7|1000
|gen|9
|tier|[Gen 9 Champions] VGC 2026 Reg M-B (Bo3)
|rated|
|rule|Species Clause: Limit one of each Pokémon
|rule|Item Clause: Limit 1 of each item
|clearpoke
|poke|p1|Blaziken, L50, M, shiny|
|poke|p1|Whimsicott, L50, M|
|poke|p1|Garchomp, L50, F|
|poke|p1|Incineroar, L50, M|
|poke|p1|Primarina, L50, F, shiny|
|poke|p1|Alakazam, L50, M|
|poke|p2|Charizard, L50, F|
|poke|p2|Garchomp, L50, F|
|poke|p2|Mawile, L50, F|
|poke|p2|Whimsicott, L50, F|
|poke|p2|Farigiraf, L50, M|
|poke|p2|Basculegion, L50, M|
|teampreview|4
|showteam|p1|Blaziken||Blazikenite|SpeedBoost|CloseCombat,FlareBlitz,Uturn,Protect|Jolly||M|||50|]Whimsicott||FocusSash|Prankster|Encore,Protect,Tailwind,Moonblast|Timid||M|||50|]Garchomp||LifeOrb|RoughSkin|Earthquake,Protect,DragonClaw,PoisonJab|Jolly||F|||50|]Incineroar||BlackGlasses|Intimidate|ThroatChop,Protect,PartingShot,FakeOut|Adamant||M|||50|]Primarina||MysticWater|LiquidVoice|HyperVoice,Protect,Moonblast,Encore|Modest||F|||50|]Alakazam||Alakazite|InnerFocus|Encore,Protect,Psychic,ShadowBall|Modest||M|||50|
|showteam|p2|Charizard||CharizarditeY|Blaze|SolarBeam,HeatWave,WeatherBall,Protect|Modest||F|||50|]Garchomp||LifeOrb|RoughSkin|Earthquake,DragonClaw,RockSlide,Protect|Jolly||F|||50|]Mawile||Mawilite|HyperCutter|PlayRough,IronHead,SuckerPunch,Protect|Adamant||F|||50|]Whimsicott||FocusSash|Prankster|Moonblast,Tailwind,Encore,Protect|Timid||F|||50|]Farigiraf||SitrusBerry|ArmorTail|Psychic,TrickRoom,HelpingHand,Protect|Bold||M|||50|]Basculegion||MysticWater|Adaptability|WaveCrash,LastRespects,AquaJet,Protect|Adamant||M|||50|
|inactive|Battle timer is ON: inactive players will automatically lose when time's up. (requested by jrohn33)
|inactive|ortainee also wants the timer to be on.
|inactive|ortainee has 60 seconds left.
|
|t:|1782397798
|teamsize|p1|4
|teamsize|p2|4
|start
|switch|p1a: Whimsicott|Whimsicott, L50, M|100/100
|switch|p1b: Garchomp|Garchomp, L50, F|100/100
|switch|p2a: Mawile|Mawile, L50, F|100/100
|switch|p2b: Farigiraf|Farigiraf, L50, M|100/100
|turn|1
|inactive|ortainee has 30 seconds left.
|inactive|ortainee has 20 seconds left.
|
|t:|1782397837
|detailschange|p2a: Mawile|Mawile-Mega, L50, F
|-mega|p2a: Mawile|Mawile|Mawilite
|move|p1a: Whimsicott|Moonblast|p2b: Farigiraf
|-damage|p2b: Farigiraf|67/100
|move|p1b: Garchomp|Earthquake|p2b: Farigiraf|[spread] p1a,p2a,p2b
|-resisted|p1a: Whimsicott|1
|-supereffective|p2a: Mawile|1
|-damage|p1a: Whimsicott|62/100
|-damage|p2a: Mawile|4/100
|-damage|p2b: Farigiraf|33/100
|-enditem|p2b: Farigiraf|Sitrus Berry|[eat]
|-heal|p2b: Farigiraf|58/100|[from] item: Sitrus Berry
|-damage|p1b: Garchomp|90/100|[from] item: Life Orb
|move|p2a: Mawile|Play Rough|p1a: Whimsicott|[miss]
|-miss|p2a: Mawile|p1a: Whimsicott
|move|p2b: Farigiraf|Trick Room|p2b: Farigiraf
|-fieldstart|move: Trick Room|[of] p2b: Farigiraf
|
|upkeep
|turn|2
|inactive|jrohn33 has 30 seconds left.
|inactive|ortainee has 30 seconds left.
|
|t:|1782397874
|move|p1a: Whimsicott|Protect|p1a: Whimsicott
|-singleturn|p1a: Whimsicott|Protect
|move|p2b: Farigiraf|Psychic|p1a: Whimsicott
|-activate|p1a: Whimsicott|move: Protect
|move|p2a: Mawile|Play Rough|p1b: Garchomp
|-supereffective|p1b: Garchomp|1
|-damage|p1b: Garchomp|0 fnt
|-damage|p2a: Mawile|0 fnt|[from] ability: Rough Skin|[of] p1b: Garchomp
|faint|p1b: Garchomp
|faint|p2a: Mawile
|
|upkeep
|
|t:|1782397882
|switch|p2a: Basculegion|Basculegion, L50, M|100/100
|switch|p1b: Primarina|Primarina, L50, F, shiny|100/100
|turn|3
|
|t:|1782397906
|move|p2b: Farigiraf|Psychic|p1b: Primarina
|-damage|p1b: Primarina|66/100
|-unboost|p1b: Primarina|spd|1
|move|p1b: Primarina|Hyper Voice|p2a: Basculegion|[spread] p2a,p2b
|-resisted|p2a: Basculegion|1
|-damage|p2a: Basculegion|76/100
|-damage|p2b: Farigiraf|22/100
|move|p2a: Basculegion|Last Respects|p1b: Primarina
|-damage|p1b: Primarina|0 fnt
|faint|p1b: Primarina
|move|p1a: Whimsicott|Moonblast|p2b: Farigiraf
|-damage|p2b: Farigiraf|0 fnt
|faint|p2b: Farigiraf
|
|upkeep
|
|t:|1782397917
|switch|p2b: Garchomp|Garchomp, L50, F|100/100
|switch|p1b: Blaziken|Blaziken, L50, M, shiny|100/100
|turn|4
|
|t:|1782397939
|detailschange|p1b: Blaziken|Blaziken-Mega, L50, M, shiny
|-mega|p1b: Blaziken|Blaziken|Blazikenite
|move|p2a: Basculegion|Last Respects|p1a: Whimsicott
|-damage|p1a: Whimsicott|0 fnt
|faint|p1a: Whimsicott
|move|p1b: Blaziken|Close Combat|p2b: Garchomp
|-damage|p2b: Garchomp|34/100
|-unboost|p1b: Blaziken|def|1
|-unboost|p1b: Blaziken|spd|1
|-damage|p1b: Blaziken|87/100|[from] ability: Rough Skin|[of] p2b: Garchomp
|move|p2b: Garchomp|Rock Slide|p1b: Blaziken
|-damage|p1b: Blaziken|28/100
|-damage|p2b: Garchomp|25/100|[from] item: Life Orb
|
|-ability|p1b: Blaziken|Speed Boost|boost
|-boost|p1b: Blaziken|spe|1
|upkeep
|turn|5
|
|t:|1782397959
|move|p1b: Blaziken|Protect|p1b: Blaziken
|-singleturn|p1b: Blaziken|Protect
|move|p2a: Basculegion|Wave Crash|p1b: Blaziken
|-activate|p1b: Blaziken|move: Protect
|move|p2b: Garchomp|Rock Slide|p1b: Blaziken
|-activate|p1b: Blaziken|move: Protect
|
|-fieldend|move: Trick Room
|-ability|p1b: Blaziken|Speed Boost|boost
|-boost|p1b: Blaziken|spe|1
|upkeep
|turn|6
|
|t:|1782397979
|move|p2a: Basculegion|Aqua Jet|p1b: Blaziken
|-supereffective|p1b: Blaziken|1
|-damage|p1b: Blaziken|0 fnt
|faint|p1b: Blaziken
|
|win|ortainee
|raw|jrohn33's rating: 1044 → 1025(-19 for losing)
|raw|ortainee's rating: 1000 → 1045(+45 for winning)
