|j|☆jit444
|j|☆swarley3000
|html|jit444swarley3000    
|uhtml|bestof|Game 1 of a best-of-3
|t:|1785868776
|gametype|doubles
|player|p1|jit444|dawn|1518
|player|p2|swarley3000|arven-s|1409
|gen|9
|tier|[Gen 9 Champions] VGC 2026 Reg M-B (Bo3)
|rated|
|rule|Species Clause: Limit one of each Pokémon
|rule|Item Clause: Limit 1 of each item
|clearpoke
|poke|p1|Tyranitar, L50, F|
|poke|p1|Excadrill, L50, M|
|poke|p1|Milotic, L50, M|
|poke|p1|Sinistcha, L50|
|poke|p1|Staraptor, L50, M|
|poke|p1|Gholdengo, L50|
|poke|p2|Whimsicott, L50, F|
|poke|p2|Basculegion, L50, M|
|poke|p2|Kingambit, L50, M|
|poke|p2|Floette-Eternal, L50, F|
|poke|p2|Charizard, L50, M|
|poke|p2|Garchomp, L50, M|
|teampreview|4
|showteam|p1|Tyranitar||Tyranitarite|SandStream|KnockOff,RockSlide,LowKick,Protect|Jolly||F|||50|]Excadrill||FocusSash|SandRush|HighHorsepower,IronHead,RockSlide,Protect|Jolly||M|||50|]Milotic||SitrusBerry|Competitive|Scald,IcyWind,IceBeam,Protect|Calm||M|||50|]Sinistcha||ColburBerry|Hospitality|MatchaGotcha,ShadowBall,Protect,RagePowder|Bold|||||50|]Staraptor||Staraptite|Intimidate|CloseCombat,BraveBird,Tailwind,Protect|Jolly||M|||50|]Gholdengo||LifeOrb|GoodasGold|MakeItRain,ShadowBall,NastyPlot,Protect|Modest|||||50|
|showteam|p2|Whimsicott||FocusSash|Prankster|Protect,Moonblast,Encore,Tailwind|Timid||F|||50|]Basculegion||LifeOrb|Adaptability|Protect,WaveCrash,LastRespects,AquaJet|Adamant||M|||50|]Kingambit||BlackGlasses|Defiant|Protect,SuckerPunch,LowKick,KowtowCleave|Adamant||M|||50|]Floette-Eternal||Floettite|FlowerVeil|Protect,Moonblast,DazzlingGleam,LightofRuin|Modest||F|||50|]Charizard||CharizarditeY|Blaze|Protect,HeatWave,WeatherBall,SolarBeam|Modest||M|||50|]Garchomp||SitrusBerry|RoughSkin|PoisonJab,DragonClaw,RockSlide,Earthquake|Adamant||M|||50|
|inactive|Battle timer is ON: inactive players will automatically lose when time's up. (requested by swarley3000)
|inactive|jit444 has 60 seconds left.
|inactive|swarley3000 has 60 seconds left.
|
|t:|1785868831
|teamsize|p1|4
|teamsize|p2|4
|start
|switch|p1a: Milotic|Milotic, L50, M|100/100
|switch|p1b: Gholdengo|Gholdengo, L50|100/100
|switch|p2a: Garchomp|Garchomp, L50, M|100/100
|switch|p2b: Charizard|Charizard, L50, M|100/100
|turn|1
|inactive|swarley3000 has 30 seconds left.
|
|t:|1785868862
|switch|p2a: Whimsicott|Whimsicott, L50, F|100/100
|move|p2b: Charizard|Protect|p2b: Charizard
|-singleturn|p2b: Charizard|Protect
|move|p1b: Gholdengo|Protect|p1b: Gholdengo
|-singleturn|p1b: Gholdengo|Protect
|move|p1a: Milotic|Icy Wind|p2a: Whimsicott|[spread] p2a
|-activate|p2b: Charizard|move: Protect
|-supereffective|p2a: Whimsicott|1
|-damage|p2a: Whimsicott|69/100
|-unboost|p2a: Whimsicott|spe|1
|
|upkeep
|turn|2
|
|t:|1785868881
|switch|p1b: Tyranitar|Tyranitar, L50, F|100/100
|-weather|Sandstorm|[from] ability: Sand Stream|[of] p1b: Tyranitar
|move|p2a: Whimsicott|Encore|p1a: Milotic
|-start|p1a: Milotic|Encore
|move|p2b: Charizard|Heat Wave|p1a: Milotic|[spread] p1a,p1b
|-resisted|p1a: Milotic|1
|-resisted|p1b: Tyranitar|1
|-damage|p1a: Milotic|91/100
|-damage|p1b: Tyranitar|90/100
|move|p1a: Milotic|Icy Wind|p2b: Charizard|[spread] p2a,p2b
|-supereffective|p2a: Whimsicott|1
|-damage|p2a: Whimsicott|35/100
|-damage|p2b: Charizard|87/100
|-unboost|p2a: Whimsicott|spe|1
|-unboost|p2b: Charizard|spe|1
|
|-weather|Sandstorm|[upkeep]
|-damage|p1a: Milotic|85/100|[from] Sandstorm
|-damage|p2a: Whimsicott|29/100|[from] Sandstorm
|-damage|p2b: Charizard|82/100|[from] Sandstorm
|upkeep
|turn|3
|inactive|jit444 has 30 seconds left.
|inactive|jit444 has 20 seconds left.
|
|t:|1785868920
|switch|p2b: Basculegion|Basculegion, L50, M|100/100
|move|p2a: Whimsicott|Tailwind|p2a: Whimsicott
|-sidestart|p2: swarley3000|move: Tailwind
|move|p1b: Tyranitar|Rock Slide|p2a: Whimsicott|[spread] p2a,p2b
|-damage|p2a: Whimsicott|0 fnt
|-damage|p2b: Basculegion|71/100
|faint|p2a: Whimsicott
|move|p1a: Milotic|Icy Wind|p2b: Basculegion
|-resisted|p2b: Basculegion|1
|-damage|p2b: Basculegion|63/100
|-unboost|p2b: Basculegion|spe|1
|
|-weather|Sandstorm|[upkeep]
|-damage|p2b: Basculegion|57/100|[from] Sandstorm
|-damage|p1a: Milotic|79/100|[from] Sandstorm
|upkeep
|inactive|swarley3000 has 30 seconds left.
|
|t:|1785868947
|switch|p2a: Charizard|Charizard, L50, M|82/100
|turn|4
|
|t:|1785868965
|move|p1b: Tyranitar|Protect|p1b: Tyranitar
|-singleturn|p1b: Tyranitar|Protect
|move|p2a: Charizard|Heat Wave|p1b: Tyranitar|[spread] p1a
|-activate|p1b: Tyranitar|move: Protect
|-resisted|p1a: Milotic|1
|-damage|p1a: Milotic|69/100
|move|p2b: Basculegion|Wave Crash|p1b: Tyranitar
|-activate|p1b: Tyranitar|move: Protect
|move|p1a: Milotic|Icy Wind|p2b: Basculegion|[spread] p2a,p2b
|-resisted|p2b: Basculegion|1
|-damage|p2a: Charizard|70/100
|-damage|p2b: Basculegion|51/100
|-unboost|p2a: Charizard|spe|1
|-unboost|p2b: Basculegion|spe|1
|
|-weather|Sandstorm|[upkeep]
|-damage|p2a: Charizard|64/100|[from] Sandstorm
|-damage|p2b: Basculegion|45/100|[from] Sandstorm
|-damage|p1a: Milotic|63/100|[from] Sandstorm
|-end|p1a: Milotic|Encore
|upkeep
|turn|5
|-message|swarley3000 forfeited.
|
|win|jit444
