|j|☆cronizxl
|j|☆That1Morpecko
|html|cronizxlThat1Morpecko    
|uhtml|bestof|Game 1 of a best-of-3
|t:|1783021330
|gametype|doubles
|player|p1|cronizxl|101|1000
|player|p2|That1Morpecko|hiker-gen4|1051
|gen|9
|tier|[Gen 9 Champions] VGC 2026 Reg M-B (Bo3)
|rated|
|rule|Species Clause: Limit one of each Pokémon
|rule|Item Clause: Limit 1 of each item
|clearpoke
|poke|p1|Garchomp, L50, F|
|poke|p1|Raichu, L50, F|
|poke|p1|Tyranitar, L50, F|
|poke|p1|Glimmora, L50, F, shiny|
|poke|p1|Palafin, L50, F, shiny|
|poke|p1|Sinistcha-Masterpiece, L50|
|poke|p2|Staraptor, L50, M|
|poke|p2|Grimmsnarl, L50, M|
|poke|p2|Incineroar, L50, M|
|poke|p2|Sinistcha, L50|
|poke|p2|Delphox, L50, F|
|poke|p2|Basculegion, L50, M|
|teampreview|4
|showteam|p1|Garchomp||LifeOrb|SandVeil|Outrage,PoisonJab,StealthRock,DracoMeteor|Rash||F|||50|]Raichu||RaichuniteX|Static|BrickBreak,Facade,ThunderWave,FakeOut|Adamant||F|||50|]Tyranitar||BlackGlasses|SandStream|DragonDance,IcePunch,ThunderPunch,FirePunch|Adamant||F|||50|]Glimmora||FocusSash|ToxicDebris|ToxicSpikes,Spikes,AcidArmor,Sandstorm|Bold||F|||50|]Palafin||ChoiceScarf|ZerotoHero|CloseCombat,Boomburst,WaveCrash,FlipTurn|Adamant||F|||50|]Sinistcha-Masterpiece||Leftovers|Hospitality|MatchaGotcha,CalmMind,ShadowBall,StrengthSap|Bold|||||50|
|showteam|p2|Staraptor||Staraptite|Intimidate|CloseCombat,BraveBird,Roost,Protect|Jolly||M|||50|]Grimmsnarl||LightClay|Prankster|SpiritBreak,ScaryFace,PartingShot,LightScreen|Careful||M|||50|]Incineroar||SitrusBerry|Intimidate|FlareBlitz,ThroatChop,PartingShot,FakeOut|Careful||M|||50|]Sinistcha||OccaBerry|Hospitality|MatchaGotcha,RagePowder,LifeDew,StrengthSap|Calm|||||50|]Delphox||Delphoxite|Blaze|HeatWave,Psyshock,NastyPlot,Protect|Timid||F|||50|]Basculegion||ChoiceScarf|Adaptability|WaveCrash,FlipTurn,AquaJet,LastRespects|Jolly||M|||50|
|inactive|Battle timer is ON: inactive players will automatically lose when time's up. (requested by That1Morpecko)
|inactive|cronizxl has 60 seconds left.
|
|t:|1783021378
|teamsize|p1|4
|teamsize|p2|4
|start
|switch|p1a: Raichu|Raichu, L50, F|100/100
|switch|p1b: Palafin|Palafin, L50, F, shiny|100/100
|switch|p2a: Staraptor|Staraptor, L50, M|100/100
|switch|p2b: Grimmsnarl|Grimmsnarl, L50, M|100/100
|-ability|p2a: Staraptor|Intimidate|boost
|-unboost|p1a: Raichu|atk|1
|-unboost|p1b: Palafin|atk|1
|turn|1
|inactive|That1Morpecko has 30 seconds left.
|
|t:|1783021411
|detailschange|p2a: Staraptor|Staraptor-Mega, L50, M
|-mega|p2a: Staraptor|Staraptor|Staraptite
|detailschange|p1a: Raichu|Raichu-Mega-X, L50, F
|-mega|p1a: Raichu|Raichu|Raichunite X
|-fieldstart|move: Electric Terrain|[from] ability: Electric Surge|[of] p1a: Raichu
|move|p2a: Staraptor|Protect|p2a: Staraptor
|-singleturn|p2a: Staraptor|Protect
|move|p1a: Raichu|Fake Out|p2a: Staraptor
|-activate|p2a: Staraptor|move: Protect
|move|p1b: Palafin|Flip Turn|p2b: Grimmsnarl
|-damage|p2b: Grimmsnarl|85/100
|
|t:|1783021422
|detailschange|p1b: Palafin|Palafin-Hero, L50, F, shiny
|switch|p1b: Tyranitar|Tyranitar, L50, F|100/100|[from] Flip Turn
|-weather|Sandstorm|[from] ability: Sand Stream|[of] p1b: Tyranitar
|move|p2b: Grimmsnarl|Spirit Break|p1a: Raichu
|-damage|p1a: Raichu|62/100
|-unboost|p1a: Raichu|spa|1
|
|-weather|Sandstorm|[upkeep]
|-damage|p2a: Staraptor|94/100|[from] Sandstorm
|-damage|p1a: Raichu|56/100|[from] Sandstorm
|-damage|p2b: Grimmsnarl|79/100|[from] Sandstorm
|upkeep
|turn|2
|
|t:|1783021437
|switch|p2a: Incineroar|Incineroar, L50, M|100/100
|-ability|p2a: Incineroar|Intimidate|boost
|-unboost|p1a: Raichu|atk|1
|-unboost|p1b: Tyranitar|atk|1
|switch|p1a: Garchomp|Garchomp, L50, F|100/100
|move|p1b: Tyranitar|Thunder Punch|p2a: Incineroar
|-damage|p2a: Incineroar|75/100
|move|p2b: Grimmsnarl|Spirit Break|p1a: Garchomp
|-supereffective|p1a: Garchomp|1
|-damage|p1a: Garchomp|34/100
|-unboost|p1a: Garchomp|spa|1
|
|-weather|Sandstorm|[upkeep]
|-damage|p2a: Incineroar|69/100|[from] Sandstorm
|-damage|p2b: Grimmsnarl|73/100|[from] Sandstorm
|upkeep
|turn|3
|
|t:|1783021458
|move|p2a: Incineroar|Fake Out|p1b: Tyranitar
|-resisted|p1b: Tyranitar|1
|-damage|p1b: Tyranitar|95/100
|move|p1a: Garchomp|Poison Jab|p2b: Grimmsnarl
|-supereffective|p2b: Grimmsnarl|1
|-damage|p2b: Grimmsnarl|2/100
|-status|p2b: Grimmsnarl|psn
|-damage|p1a: Garchomp|24/100|[from] item: Life Orb
|cant|p1b: Tyranitar|flinch
|move|p2b: Grimmsnarl|Spirit Break|p1a: Garchomp|[miss]
|-miss|p2b: Grimmsnarl|p1a: Garchomp
|
|-weather|Sandstorm|[upkeep]
|-damage|p2a: Incineroar|63/100|[from] Sandstorm
|-damage|p2b: Grimmsnarl|0 fnt|[from] Sandstorm
|faint|p2b: Grimmsnarl
|upkeep
|
|t:|1783021476
|switch|p2b: Staraptor|Staraptor-Mega, L50, M|94/100
|turn|4
|inactive|cronizxl has 30 seconds left.
|
|t:|1783021501
|move|p2b: Staraptor|Close Combat|p1b: Tyranitar
|-supereffective|p1b: Tyranitar|2
|-damage|p1b: Tyranitar|0 fnt
|-boost|p2b: Staraptor|def|1
|-boost|p2b: Staraptor|spd|1
|faint|p1b: Tyranitar
|move|p1a: Garchomp|Draco Meteor|p2b: Staraptor
|-damage|p2b: Staraptor|66/100
|-unboost|p1a: Garchomp|spa|2
|-damage|p1a: Garchomp|14/100|[from] item: Life Orb
|move|p2a: Incineroar|Flare Blitz|p1a: Garchomp
|-resisted|p1a: Garchomp|1
|-damage|p1a: Garchomp|0 fnt
|faint|p1a: Garchomp
|-damage|p2a: Incineroar|59/100|[from] Recoil
|
|-weather|Sandstorm|[upkeep]
|-damage|p2b: Staraptor|60/100|[from] Sandstorm
|-damage|p2a: Incineroar|53/100|[from] Sandstorm
|upkeep
|
|t:|1783021505
|switch|p1a: Palafin|Palafin-Hero, L50, F, shiny|100/100
|switch|p1b: Raichu|Raichu-Mega-X, L50, F|56/100
|-activate|p1a: Palafin|ability: Zero to Hero
|turn|5
|
|t:|1783021514
|move|p2b: Staraptor|Protect|p2b: Staraptor
|-singleturn|p2b: Staraptor|Protect
|move|p1b: Raichu|Fake Out|p2b: Staraptor
|-activate|p2b: Staraptor|move: Protect
|move|p1a: Palafin|Wave Crash|p2a: Incineroar
|-supereffective|p2a: Incineroar|1
|-damage|p2a: Incineroar|0 fnt
|faint|p2a: Incineroar
|-damage|p1a: Palafin|79/100|[from] Recoil
|
|-weather|none
|-fieldend|move: Electric Terrain
|upkeep
|
|t:|1783021521
|switch|p2a: Sinistcha|Sinistcha, L50|100/100
|-heal|p2b: Staraptor|85/100|[from] ability: Hospitality|[of] p2a: Sinistcha
|turn|6
|
|t:|1783021533
|move|p2a: Sinistcha|Rage Powder|p2a: Sinistcha
|-singleturn|p2a: Sinistcha|move: Rage Powder
|move|p1a: Palafin|Wave Crash|p2a: Sinistcha
|-resisted|p2a: Sinistcha|1
|-damage|p2a: Sinistcha|68/100
|-damage|p1a: Palafin|69/100|[from] Recoil
|move|p2b: Staraptor|Close Combat|p1b: Raichu
|-damage|p1b: Raichu|0 fnt
|-boost|p2b: Staraptor|def|1
|-boost|p2b: Staraptor|spd|1
|faint|p1b: Raichu
|
|upkeep
|turn|7
|-message|cronizxl forfeited.
|
|win|That1Morpecko
|l|☆cronizxl
|player|p1|
|raw|cronizxl's rating: 1000 → 1000(+0 for losing)
|raw|That1Morpecko's rating: 1051 → 1079(+28 for winning)
