|j|☆beckybug
|j|☆dreepy_volador1
|html|beckybugdreepy_volador1    
|uhtml|bestof|Game 3 of a best-of-3
|t:|1755030923
|gametype|doubles
|player|p1|beckybug|briar|1325
|player|p2|dreepy_volador1|dawn|1309
|gen|9
|tier|[Gen 9] VGC 2025 Reg H (Bo3)
|rated|
|rule|Species Clause: Limit one of each Pokémon
|rule|Item Clause: Limit 1 of each item
|clearpoke
|poke|p1|Indeedee-F, L50, F|
|poke|p1|Sneasler, L50, M|
|poke|p1|Armarouge, L50, F|
|poke|p1|Torkoal, L50, F|
|poke|p1|Lilligant-Hisui, L50, F|
|poke|p1|Gallade, L50, M|
|poke|p2|Rillaboom, L50, F|
|poke|p2|Kingambit, L50, M|
|poke|p2|Sneasler, L50, M|
|poke|p2|Dragonite, L50, M|
|poke|p2|Gastrodon, L50, M|
|poke|p2|Ceruledge, L50, M|
|teampreview|4
|showteam|p1|Indeedee-F||SafetyGoggles|PsychicSurge|Psychic,HelpingHand,FollowMe,TrickRoom|||F|||50|,,,,,Fairy]Sneasler||PsychicSeed|Unburden|DireClaw,CloseCombat,ThroatChop,Protect|||M|||50|,,,,,Dark]Armarouge||LifeOrb|FlashFire|ExpandingForce,ArmorCannon,TrickRoom,Protect|||F|||50|,,,,,Grass]Torkoal||Charcoal|Drought|Eruption,WeatherBall,EarthPower,Protect|||F|||50|,,,,,Fire]Lilligant-Hisui||FocusSash|Chlorophyll|CloseCombat,SolarBlade,IceSpinner,AfterYou|||F|||50|,,,,,Ghost]Gallade||ClearAmulet|Sharpness|SacredSword,PsychoCut,WideGuard,TrickRoom|||M|||50|,,,,,Steel
|showteam|p2|Rillaboom||MiracleSeed|GrassySurge|WoodHammer,GrassyGlide,FakeOut,HighHorsepower|||F|||50|,,,,,Fire]Kingambit||AssaultVest|Defiant|KowtowCleave,SuckerPunch,TeraBlast,IronHead|||M|||50|,,,,,Flying]Sneasler||FocusSash|Unburden|DireClaw,CloseCombat,Coaching,FakeOut|||M|||50|,,,,,Ghost]Dragonite||LoadedDice|Multiscale|ExtremeSpeed,ScaleShot,LowKick,Protect|||M|||50|,,,,,Fairy]Gastrodon||SitrusBerry|StormDrain|EarthPower,IceBeam,ClearSmog,Protect|||M|||50|,,,,,Poison]Ceruledge||Leftovers|FlashFire|BitterBlade,ShadowSneak,BulkUp,Protect|||M|||50|,,,,,Grass
|
|t:|1755030947
|teamsize|p1|4
|teamsize|p2|4
|start
|switch|p1a: Indeedee|Indeedee-F, L50, F|100/100
|switch|p1b: Sneasler|Sneasler, L50, M|100/100
|switch|p2a: Kingambit|Kingambit, L50, M, shiny|100/100
|switch|p2b: Sneasler|Sneasler, L50, M|100/100
|-fieldstart|move: Psychic Terrain|[from] ability: Psychic Surge|[of] p1a: Indeedee
|-enditem|p1b: Sneasler|Psychic Seed
|-boost|p1b: Sneasler|spd|1|[from] item: Psychic Seed
|turn|1
|
|t:|1755030988
|-terastallize|p2a: Kingambit|Flying
|move|p1b: Sneasler|Dire Claw|p2b: Sneasler
|-resisted|p2b: Sneasler
|-damage|p2b: Sneasler|67/100
|-status|p2b: Sneasler|slp
|cant|p2b: Sneasler|slp
|move|p1a: Indeedee|Psychic|p2b: Sneasler
|-supereffective|p2b: Sneasler
|-damage|p2b: Sneasler|0 fnt
|faint|p2b: Sneasler
|move|p2a: Kingambit|Tera Blast|p1b: Sneasler|[anim] Tera Blast Flying
|-supereffective|p1b: Sneasler
|-damage|p1b: Sneasler|0 fnt
|faint|p1b: Sneasler
|
|upkeep
|
|t:|1755031004
|switch|p1b: Armarouge|Armarouge, L50, F|100/100
|switch|p2b: Rillaboom|Rillaboom, L50, F|100/100
|-fieldstart|move: Grassy Terrain|[from] ability: Grassy Surge|[of] p2b: Rillaboom
|turn|2
|
|t:|1755031020
|switch|p1a: Gallade|Gallade, L50, M|100/100
|move|p1b: Armarouge|Protect|p1b: Armarouge
|-singleturn|p1b: Armarouge|Protect
|move|p2b: Rillaboom|Fake Out|p1b: Armarouge
|-activate|p1b: Armarouge|move: Protect
|move|p2a: Kingambit|Kowtow Cleave|p1b: Armarouge
|-activate|p1b: Armarouge|move: Protect
|
|upkeep
|turn|3
|
|t:|1755031037
|switch|p2b: Ceruledge|Ceruledge, L50, M|100/100
|switch|p1b: Indeedee|Indeedee-F, L50, F|100/100
|-fieldstart|move: Psychic Terrain|[from] ability: Psychic Surge|[of] p1b: Indeedee
|-terastallize|p1a: Gallade|Steel
|move|p1a: Gallade|Psycho Cut|p2a: Kingambit
|-damage|p2a: Kingambit|42/100
|move|p2a: Kingambit|Tera Blast|p1a: Gallade|[anim] Tera Blast Flying
|-resisted|p1a: Gallade
|-crit|p1a: Gallade
|-damage|p1a: Gallade|48/100
|
|upkeep
|turn|4
|
|t:|1755031065
|switch|p1a: Armarouge|Armarouge, L50, F|100/100
|move|p2b: Ceruledge|Bulk Up|p2b: Ceruledge
|-boost|p2b: Ceruledge|atk|1
|-boost|p2b: Ceruledge|def|1
|move|p1b: Indeedee|Psychic|p2a: Kingambit
|-damage|p2a: Kingambit|17/100
|move|p2a: Kingambit|Kowtow Cleave|p1b: Indeedee
|-supereffective|p1b: Indeedee
|-damage|p1b: Indeedee|2/100
|
|upkeep
|turn|5
|
|t:|1755031108
|move|p2b: Ceruledge|Bitter Blade|p1b: Indeedee
|-damage|p1b: Indeedee|0 fnt
|faint|p1b: Indeedee
|move|p1a: Armarouge|Expanding Force|p2a: Kingambit|[spread] p2a,p2b
|-damage|p2a: Kingambit|0 fnt
|-damage|p2b: Ceruledge|24/100
|faint|p2a: Kingambit
|-damage|p1a: Armarouge|91/100|[from] item: Life Orb
|
|-heal|p2b: Ceruledge|30/100|[from] item: Leftovers
|upkeep
|
|t:|1755031118
|switch|p1b: Gallade|Gallade, L50, M, tera:Steel|48/100
|switch|p2a: Rillaboom|Rillaboom, L50, F|100/100
|-fieldstart|move: Grassy Terrain|[from] ability: Grassy Surge|[of] p2a: Rillaboom
|turn|6
|
|t:|1755031136
|move|p2a: Rillaboom|Fake Out|p1b: Gallade
|-resisted|p1b: Gallade
|-damage|p1b: Gallade|37/100
|move|p2b: Ceruledge|Bitter Blade|p1b: Gallade
|-supereffective|p1b: Gallade
|-damage|p1b: Gallade|0 fnt
|-heal|p2b: Ceruledge|47/100|[from] drain|[of] p1b: Gallade
|faint|p1b: Gallade
|move|p1a: Armarouge|Expanding Force|p2b: Ceruledge
|-damage|p2b: Ceruledge|0 fnt
|faint|p2b: Ceruledge
|-damage|p1a: Armarouge|81/100|[from] item: Life Orb
|
|-heal|p1a: Armarouge|87/100|[from] Grassy Terrain
|upkeep
|turn|7
|
|t:|1755031151
|move|p1a: Armarouge|Protect|p1a: Armarouge
|-singleturn|p1a: Armarouge|Protect
|move|p2a: Rillaboom|High Horsepower|p1a: Armarouge
|-activate|p1a: Armarouge|move: Protect
|
|-heal|p1a: Armarouge|93/100|[from] Grassy Terrain
|upkeep
|turn|8
|
|t:|1755031160
|move|p2a: Rillaboom|High Horsepower|p1a: Armarouge
|-supereffective|p1a: Armarouge
|-damage|p1a: Armarouge|30/100
|move|p1a: Armarouge|Armor Cannon|p2a: Rillaboom
|-supereffective|p2a: Rillaboom
|-damage|p2a: Rillaboom|0 fnt
|-unboost|p1a: Armarouge|def|1
|-unboost|p1a: Armarouge|spd|1
|faint|p2a: Rillaboom
|-damage|p1a: Armarouge|20/100|[from] item: Life Orb
|
|win|beckybug
|raw|beckybug's rating: 1325 → 1344(+19 for winning)
|raw|dreepy_volador1's rating: 1309 → 1290(-19 for losing)
|l|☆dreepy_volador1
|player|p2|
