|j|☆Metalyisus7
|j|☆Duque Feui Range
|html|Metalyisus7Duque Feui Range    
|uhtml|bestof|Game 1 of a best-of-3
|t:|1782242988
|gametype|doubles
|player|p1|Metalyisus7|170|1088
|player|p2|Duque Feui Range|dawn|1000
|gen|9
|tier|[Gen 9 Champions] VGC 2026 Reg M-B (Bo3)
|rated|
|rule|Species Clause: Limit one of each Pokémon
|rule|Item Clause: Limit 1 of each item
|clearpoke
|poke|p1|Mawile, L50, F|
|poke|p1|Pelipper, L50, M|
|poke|p1|Basculegion, L50, M|
|poke|p1|Archaludon, L50, F|
|poke|p1|Sinistcha, L50|
|poke|p1|Swampert, L50, M|
|poke|p2|Staraptor, L50, F|
|poke|p2|Sinistcha, L50|
|poke|p2|Archaludon, L50, M|
|poke|p2|Raichu, L50, F|
|poke|p2|Pelipper, L50, M|
|poke|p2|Grimmsnarl, L50, M|
|teampreview|4
|showteam|p1|Mawile||Mawilite|HyperCutter|PlayRough,BrickBreak,Protect,SuckerPunch|Adamant||F|||50|]Pelipper||FocusSash|Drizzle|WeatherBall,Hurricane,Protect,Tailwind|Modest||M|||50|]Basculegion||ChoiceScarf|SwiftSwim|FlipTurn,LastRespects,AquaJet,WaveCrash|Jolly||M|||50|]Archaludon||Leftovers|Stamina|FlashCannon,Protect,ElectroShot,DragonPulse|Modest||F|||50|]Sinistcha||KasibBerry|Hospitality|MatchaGotcha,RagePowder,TrickRoom,Protect|Bold|||||50|]Swampert||Swampertite|Torrent|HighHorsepower,Protect,IcePunch,WaveCrash|Adamant||M|||50|
|showteam|p2|Staraptor||Staraptite|Intimidate|CloseCombat,Roost,Protect,BraveBird|Adamant||F|||50|]Sinistcha||FocusSash|Hospitality|MatchaGotcha,ShadowBall,RagePowder,StrengthSap|Modest|||||50|]Archaludon||QuickClaw|Sturdy|AuraSphere,ElectroShot,FlashCannon,DracoMeteor|Timid||M|||50|]Raichu||RaichuniteX|LightningRod|FakeOut,BrickBreak,VoltTackle,Protect|Jolly||F|||50|]Pelipper||DampRock|Drizzle|WeatherBall,WideGuard,Hurricane,Tailwind|Serious||M|||50|]Grimmsnarl||LightClay|Prankster|LightScreen,Reflect,PartingShot,SpiritBreak|Relaxed||M|||50|
|inactive|Battle timer is ON: inactive players will automatically lose when time's up. (requested by Metalyisus7)
|
|t:|1782243016
|teamsize|p1|4
|teamsize|p2|4
|start
|switch|p1a: Pelipper|Pelipper, L50, M|100/100
|switch|p1b: Archaludon|Archaludon, L50, F|100/100
|switch|p2a: Star lord|Staraptor, L50, F|100/100
|switch|p2b: Mate|Sinistcha, L50|100/100
|-ability|p2a: Star lord|Intimidate|boost
|-unboost|p1a: Pelipper|atk|1
|-unboost|p1b: Archaludon|atk|1
|-weather|RainDance|[from] ability: Drizzle|[of] p1a: Pelipper
|turn|1
|inactive|Duque Feui Range has 30 seconds left.
|inactive|Duque Feui Range has 20 seconds left.
|inactive|Duque Feui Range has 15 seconds left.
|
|t:|1782243060
|move|p2a: Star lord|Protect|p2a: Star lord
|-singleturn|p2a: Star lord|Protect
|move|p1b: Archaludon|Protect|p1b: Archaludon
|-singleturn|p1b: Archaludon|Protect
|move|p2b: Mate|Rage Powder|p2b: Mate
|-singleturn|p2b: Mate|move: Rage Powder
|move|p1a: Pelipper|Tailwind|p1a: Pelipper
|-sidestart|p1: Metalyisus7|move: Tailwind
|
|-weather|RainDance|[upkeep]
|upkeep
|turn|2
|
|t:|1782243081
|detailschange|p2a: Star lord|Staraptor-Mega, L50, F
|-mega|p2a: Star lord|Staraptor|Staraptite
|move|p2b: Mate|Rage Powder|p2b: Mate
|-singleturn|p2b: Mate|move: Rage Powder
|move|p1a: Pelipper|Hurricane|p2b: Mate
|-supereffective|p2b: Mate|1
|-damage|p2b: Mate|4/100
|move|p1b: Archaludon|Electro Shot||[still]
|-prepare|p1b: Archaludon|Electro Shot
|-boost|p1b: Archaludon|spa|1
|-anim|p1b: Archaludon|Electro Shot|p2b: Mate
|-resisted|p2b: Mate|1
|-damage|p2b: Mate|0 fnt
|faint|p2b: Mate
|move|p2a: Star lord|Close Combat|p1b: Archaludon
|-supereffective|p1b: Archaludon|1
|-damage|p1b: Archaludon|0 fnt
|-boost|p2a: Star lord|def|1
|-boost|p2a: Star lord|spd|1
|faint|p1b: Archaludon
|
|-weather|RainDance|[upkeep]
|upkeep
|inactive|Duque Feui Range has 30 seconds left.
|
|t:|1782243107
|switch|p1b: Swampert|Swampert, L50, M|100/100
|switch|p2b: Salchipapa|Archaludon, L50, M|100/100
|turn|3
|inactive|Duque Feui Range has 30 seconds left.
|
|t:|1782243141
|detailschange|p1b: Swampert|Swampert-Mega, L50, M
|-mega|p1b: Swampert|Swampert|Swampertite
|move|p2a: Star lord|Protect|p2a: Star lord
|-singleturn|p2a: Star lord|Protect
|move|p1b: Swampert|High Horsepower|p2b: Salchipapa
|-supereffective|p2b: Salchipapa|1
|-ability|p2b: Salchipapa|Sturdy
|-damage|p2b: Salchipapa|1/100
|move|p1a: Pelipper|Hurricane|p2a: Star lord
|-activate|p2a: Star lord|move: Protect
|move|p2b: Salchipapa|Electro Shot||[still]
|-prepare|p2b: Salchipapa|Electro Shot
|-boost|p2b: Salchipapa|spa|1
|-anim|p2b: Salchipapa|Electro Shot|p1a: Pelipper
|-supereffective|p1a: Pelipper|2
|-enditem|p1a: Pelipper|Focus Sash
|-damage|p1a: Pelipper|1/100
|
|-weather|RainDance|[upkeep]
|upkeep
|turn|4
|inactive|Metalyisus7 has 30 seconds left.
|inactive|Duque Feui Range has 30 seconds left.
|inactive|Duque Feui Range has 20 seconds left.
|-activate|p2b: Salchipapa|item: Quick Claw
|
|t:|1782243176
|switch|p1a: Sinistcha|Sinistcha, L50|100/100
|move|p2b: Salchipapa|Draco Meteor|p1b: Swampert
|-crit|p1b: Swampert
|-damage|p1b: Swampert|0 fnt
|-unboost|p2b: Salchipapa|spa|2
|faint|p1b: Swampert
|move|p2a: Star lord|Close Combat|p1a: Sinistcha
|-immune|p1a: Sinistcha
|
|-weather|RainDance|[upkeep]
|-sideend|p1: Metalyisus7|move: Tailwind
|upkeep
|
|t:|1782243188
|switch|p1b: Pelipper|Pelipper, L50, M|1/100
|turn|5
|
|t:|1782243208
|move|p1b: Pelipper|Protect|p1b: Pelipper
|-singleturn|p1b: Pelipper|Protect
|move|p2a: Star lord|Brave Bird|p1a: Sinistcha
|-supereffective|p1a: Sinistcha|1
|-damage|p1a: Sinistcha|0 fnt
|faint|p1a: Sinistcha
|-damage|p2a: Star lord|63/100|[from] Recoil
|move|p2b: Salchipapa|Electro Shot||[still]
|-prepare|p2b: Salchipapa|Electro Shot
|-boost|p2b: Salchipapa|spa|1
|-anim|p2b: Salchipapa|Electro Shot|p1b: Pelipper
|-activate|p1b: Pelipper|move: Protect
|
|-weather|none
|upkeep
|turn|6
|-message|Metalyisus7 forfeited.
|
|win|Duque Feui Range
|l|☆Metalyisus7
|player|p1|
|raw|Metalyisus7's rating: 1088 → 1059(-29 for losing)
|raw|Duque Feui Range's rating: 1000 → 1050(+50 for winning)
