|j|☆MarzipanTheFirst
|j|☆SbraveSborz
|html|MarzipanTheFirstSbraveSborz    
|uhtml|bestof|Game 1 of a best-of-3
|t:|1784800580
|gametype|doubles
|player|p1|MarzipanTheFirst|wallace|1073
|player|p2|SbraveSborz|102|1000
|gen|9
|tier|[Gen 9 Champions] VGC 2026 Reg M-B (Bo3)
|rated|
|rule|Species Clause: Limit one of each Pokémon
|rule|Item Clause: Limit 1 of each item
|clearpoke
|poke|p1|Sinistcha, L50|
|poke|p1|Dragalge, L50, F|
|poke|p1|Incineroar, L50, M|
|poke|p1|Corviknight, L50, M|
|poke|p1|Grimmsnarl, L50, M|
|poke|p1|Blastoise, L50, F|
|poke|p2|Mr. Rime, L50, F|
|poke|p2|Raichu, L50, F|
|poke|p2|Pidgeot, L50, M|
|poke|p2|Sylveon, L50, F|
|poke|p2|Maushold, L50|
|poke|p2|Sinistcha, L50|
|teampreview|4
|showteam|p1|Sinistcha||KasibBerry|Hospitality|MatchaGotcha,TrickRoom,RagePowder,Protect|Timid|||||50|]Dragalge||Dragalgite|PoisonTouch|FlipTurn,DragonPulse,SludgeWave,Protect|Modest||F|||50|]Incineroar||SitrusBerry|Intimidate|FakeOut,FlareBlitz,PartingShot,DarkestLariat|Careful||M|||50|]Corviknight||Leftovers|MirrorArmor|BraveBird,IronHead,Tailwind,Protect|Adamant||M|||50|]Grimmsnarl||LightClay|Prankster|SpiritBreak,Reflect,LightScreen,PartingShot|Impish||M|||50|]Blastoise||Blastoisinite|Torrent|WaterSpout,ShellSmash,Protect,AuraSphere|Modest||F|||50|
|showteam|p2|Mr. Rime||LumBerry|ScreenCleaner|FakeOut,RolePlay,SheerCold,Protect|Calm||F|||50|]Raichu||RaichuniteY|LightningRod|FakeOut,ZapCannon,FocusBlast,Protect|Timid||F|||50|]Pidgeot||Pidgeotite|KeenEye|Hurricane,Round,Tailwind,HyperBeam|Timid||M|||50|]Sylveon||FairyFeather|Pixilate|HyperVoice,Round,Yawn,Protect|Modest||F|||50|]Maushold||FocusSash|FriendGuard|FollowMe,SuperFang,Encore,Protect|Timid|||||50|]Sinistcha||ColburBerry|Hospitality|MatchaGotcha,RagePowder,Protect,LifeDew|Calm|||||50|
|inactive|Battle timer is ON: inactive players will automatically lose when time's up. (requested by SbraveSborz)
|inactive|SbraveSborz has 60 seconds left.
|inactive|SbraveSborz has 30 seconds left.
|
|t:|1784800641
|teamsize|p1|4
|teamsize|p2|4
|start
|switch|p1a: Grimmsnarl|Grimmsnarl, L50, M|100/100
|switch|p1b: Sinistcha|Sinistcha, L50|100/100
|switch|p2a: Raichu|Raichu, L50, F|100/100
|switch|p2b: Mr. Rime|Mr. Rime, L50, F|100/100
|turn|1
|
|t:|1784800666
|detailschange|p2a: Raichu|Raichu-Mega-Y, L50, F
|-mega|p2a: Raichu|Raichu|Raichunite Y
|move|p1a: Grimmsnarl|Parting Shot|p2a: Raichu
|-unboost|p2a: Raichu|atk|1
|-unboost|p2a: Raichu|spa|1
|
|t:|1784800674
|switch|p1a: Dragalge|Dragalge, L50, F|100/100|[from] Parting Shot
|move|p2a: Raichu|Zap Cannon|p1a: Dragalge
|-resisted|p1a: Dragalge|1
|-damage|p1a: Dragalge|73/100
|-status|p1a: Dragalge|par
|move|p2b: Mr. Rime|Role Play|p2a: Raichu
|-ability|p2b: Mr. Rime|No Guard|Screen Cleaner|[from] move: Role Play|[of] p2a: Raichu
|move|p1b: Sinistcha|Trick Room|p1b: Sinistcha
|-fieldstart|move: Trick Room|[of] p1b: Sinistcha
|
|upkeep
|turn|2
|inactive|SbraveSborz has 30 seconds left.
|
|t:|1784800699
|switch|p2a: Maushold|Maushold, L50|100/100
|detailschange|p1a: Dragalge|Dragalge-Mega, L50, F
|-mega|p1a: Dragalge|Dragalge|Dragalgite
|move|p1b: Sinistcha|Rage Powder|p1b: Sinistcha
|-singleturn|p1b: Sinistcha|move: Rage Powder
|move|p1a: Dragalge|Sludge Wave|p2a: Maushold|[spread] p1b,p2a,p2b
|-damage|p1b: Sinistcha|54/100
|-damage|p2a: Maushold|51/100
|-damage|p2b: Mr. Rime|75/100
|-status|p1b: Sinistcha|psn
|move|p2b: Mr. Rime|Sheer Cold|p1b: Sinistcha
|-damage|p1b: Sinistcha|0 fnt
|faint|p1b: Sinistcha
|-ohko
|
|upkeep
|
|t:|1784800715
|switch|p1b: Incineroar|Incineroar, L50, M|100/100
|-ability|p1b: Incineroar|Intimidate|boost
|-unboost|p2a: Maushold|atk|1
|-unboost|p2b: Mr. Rime|atk|1
|turn|3
|
|t:|1784800737
|switch|p2a: Sinistcha|Sinistcha, L50|100/100
|-heal|p2b: Mr. Rime|100/100|[from] ability: Hospitality|[of] p2a: Sinistcha
|move|p2b: Mr. Rime|Protect|p2b: Mr. Rime
|-singleturn|p2b: Mr. Rime|Protect
|move|p1a: Dragalge|Flip Turn|p2a: Sinistcha
|-resisted|p2a: Sinistcha|1
|-damage|p2a: Sinistcha|94/100
|
|t:|1784800744
|-heal|p1a: Dragalge|100/100 par|[from] ability: Regenerator|[silent]
|switch|p1a: Grimmsnarl|Grimmsnarl, L50, M|100/100|[from] Flip Turn
|move|p1b: Incineroar|Flare Blitz|p2b: Mr. Rime
|-activate|p2b: Mr. Rime|move: Protect
|
|upkeep
|turn|4
|
|t:|1784800758
|move|p2a: Sinistcha|Rage Powder|p2a: Sinistcha
|-singleturn|p2a: Sinistcha|move: Rage Powder
|move|p1b: Incineroar|Flare Blitz|p2a: Sinistcha
|-supereffective|p2a: Sinistcha|1
|-damage|p2a: Sinistcha|7/100
|-damage|p1b: Incineroar|74/100|[from] Recoil
|move|p1a: Grimmsnarl|Spirit Break|p2a: Sinistcha
|-damage|p2a: Sinistcha|0 fnt
|faint|p2a: Sinistcha
|move|p2b: Mr. Rime|Sheer Cold|p1b: Incineroar
|-damage|p1b: Incineroar|0 fnt
|faint|p1b: Incineroar
|-ohko
|
|upkeep
|
|t:|1784800763
|switch|p1b: Dragalge|Dragalge-Mega, L50, F|100/100 par
|switch|p2a: Raichu|Raichu-Mega-Y, L50, F|100/100
|turn|5
|
|t:|1784800782
|move|p1b: Dragalge|Protect|p1b: Dragalge
|-singleturn|p1b: Dragalge|Protect
|move|p2a: Raichu|Fake Out|p1b: Dragalge
|-activate|p1b: Dragalge|move: Protect
|move|p1a: Grimmsnarl|Light Screen|p1a: Grimmsnarl
|-sidestart|p1: MarzipanTheFirst|move: Light Screen
|move|p2b: Mr. Rime|Sheer Cold|p1a: Grimmsnarl
|-damage|p1a: Grimmsnarl|0 fnt
|faint|p1a: Grimmsnarl
|-ohko
|
|-fieldend|move: Trick Room
|upkeep
|turn|6
|
|t:|1784800793
|move|p2a: Raichu|Zap Cannon|p1b: Dragalge
|-resisted|p1b: Dragalge|1
|-damage|p1b: Dragalge|79/100 par
|move|p2b: Mr. Rime|Sheer Cold|p1b: Dragalge
|-damage|p1b: Dragalge|0 fnt
|faint|p1b: Dragalge
|-ohko
|
|win|SbraveSborz
||SbraveSborz is ready for game 2.
|l|☆MarzipanTheFirst
|player|p1|
|raw|MarzipanTheFirst's rating: 1073 → 1048(-25 for losing)
|raw|SbraveSborz's rating: 1000 → 1048(+48 for winning)
