|j|☆jusemato
|j|☆Gayangos
|html|jusematoGayangos    
|uhtml|bestof|Game 3 of a best-of-3
|t:|1785173383
|gametype|doubles
|player|p1|jusemato|ingo|1263
|player|p2|Gayangos|266|1364
|gen|9
|tier|[Gen 9 Champions] VGC 2026 Reg M-B (Bo3)
|rated|
|rule|Species Clause: Limit one of each Pokémon
|rule|Item Clause: Limit 1 of each item
|clearpoke
|poke|p1|Kommo-o, L50, M|
|poke|p1|Metagross, L50, shiny|
|poke|p1|Basculegion, L50, M|
|poke|p1|Kingambit, L50, M|
|poke|p1|Sneasler, L50, M|
|poke|p1|Aerodactyl, L50, M|
|poke|p2|Tyranitar, L50, F|
|poke|p2|Excadrill, L50, M|
|poke|p2|Milotic, L50, F|
|poke|p2|Sinistcha, L50|
|poke|p2|Staraptor, L50, M|
|poke|p2|Gholdengo, L50|
|teampreview|4
|showteam|p1|Kommo-o||LifeOrb|Overcoat|ClangingScales,AuraSphere,VacuumWave,Protect|Modest||M|||50|]Metagross||Metagrossite|ClearBody|PsychicFangs,IronHead,BulletPunch,Protect|Jolly|||||50|]Basculegion||ChoiceScarf|Adaptability|WaveCrash,LastRespects,FlipTurn,AquaJet|Jolly||M|||50|]Kingambit||OccaBerry|Defiant|KowtowCleave,LowKick,SuckerPunch,IronHead|Adamant||M|||50|]Sneasler||FocusSash|Unburden|CloseCombat,DireClaw,FakeOut,Coaching|Jolly||M|||50|]Aerodactyl||Aerodactylite|Unnerve|RockSlide,DualWingbeat,IceFang,Tailwind|Jolly||M|||50|
|showteam|p2|Tyranitar||Tyranitarite|SandStream|KnockOff,RockSlide,LowKick,Protect|Jolly||F|||50|]Excadrill||FocusSash|SandRush|HighHorsepower,IronHead,RockSlide,Protect|Adamant||M|||50|]Milotic||SitrusBerry|Competitive|Scald,IcyWind,Haze,Protect|Calm||F|||50|]Sinistcha||ColburBerry|Hospitality|MatchaGotcha,ShadowBall,Protect,RagePowder|Bold|||||50|]Staraptor||Staraptite|Intimidate|CloseCombat,BraveBird,Tailwind,Protect|Jolly||M|||50|]Gholdengo||LifeOrb|GoodasGold|MakeItRain,ShadowBall,NastyPlot,Protect|Modest|||||50|
|
|t:|1785173398
|teamsize|p1|4
|teamsize|p2|4
|start
|switch|p1a: Kingambit|Kingambit, L50, M|100/100
|switch|p1b: Sneasler|Sneasler, L50, M|100/100
|switch|p2a: Staraptor|Staraptor, L50, M|100/100
|switch|p2b: Gholdengo|Gholdengo, L50|100/100
|-ability|p2a: Staraptor|Intimidate|boost
|-unboost|p1a: Kingambit|atk|1
|-ability|p1a: Kingambit|Defiant|boost
|-boost|p1a: Kingambit|atk|2
|-unboost|p1b: Sneasler|atk|1
|turn|1
|inactive|Battle timer is ON: inactive players will automatically lose when time's up. (requested by jusemato)
|inactive|jusemato has 60 seconds left.
|
|t:|1785173431
|switch|p2b: Tyranitar|Tyranitar, L50, F|100/100
|-weather|Sandstorm|[from] ability: Sand Stream|[of] p2b: Tyranitar
|switch|p1a: Basculegion|Basculegion, L50, M|100/100
|detailschange|p2a: Staraptor|Staraptor-Mega, L50, M
|-mega|p2a: Staraptor|Staraptor|Staraptite
|move|p1b: Sneasler|Coaching|p1a: Basculegion
|-boost|p1a: Basculegion|atk|1
|-boost|p1a: Basculegion|def|1
|move|p2a: Staraptor|Close Combat|p1a: Basculegion
|-immune|p1a: Basculegion
|
|-weather|Sandstorm|[upkeep]
|-damage|p1a: Basculegion|93/100|[from] Sandstorm
|-damage|p1b: Sneasler|94/100|[from] Sandstorm
|-damage|p2a: Staraptor|94/100|[from] Sandstorm
|upkeep
|turn|2
|inactive|jusemato has 30 seconds left.
|
|t:|1785173466
|move|p1a: Basculegion|Flip Turn|p2a: Staraptor
|-damage|p2a: Staraptor|40/100
|
|t:|1785173469
|switch|p1a: Kingambit|Kingambit, L50, M|100/100|[from] Flip Turn
|move|p1b: Sneasler|Dire Claw|p2a: Staraptor
|-damage|p2a: Staraptor|12/100
|move|p2a: Staraptor|Tailwind|p2a: Staraptor
|-sidestart|p2: Gayangos|move: Tailwind
|move|p2b: Tyranitar|Knock Off|p1a: Kingambit
|-resisted|p1a: Kingambit|1
|-damage|p1a: Kingambit|81/100
|-enditem|p1a: Kingambit|Occa Berry|[from] move: Knock Off|[of] p2b: Tyranitar
|
|-weather|Sandstorm|[upkeep]
|-damage|p2a: Staraptor|6/100|[from] Sandstorm
|-damage|p1b: Sneasler|88/100|[from] Sandstorm
|upkeep
|turn|3
|inactive|jusemato has 30 seconds left.
|
|t:|1785173498
|switch|p1a: Kommo-o|Kommo-o, L50, M|100/100
|move|p2a: Staraptor|Brave Bird|p1b: Sneasler
|-supereffective|p1b: Sneasler|1
|-damage|p1b: Sneasler|0 fnt
|faint|p1b: Sneasler
|-damage|p2a: Staraptor|0 fnt|[from] Recoil
|faint|p2a: Staraptor
|move|p2b: Tyranitar|Low Kick|p1a: Kommo-o
|-damage|p1a: Kommo-o|77/100
|
|-weather|Sandstorm|[upkeep]
|upkeep
|
|t:|1785173512
|switch|p1b: Kingambit|Kingambit, L50, M|81/100
|switch|p2a: Gholdengo|Gholdengo, L50|100/100
|turn|4
|
|t:|1785173537
|switch|p1b: Basculegion|Basculegion, L50, M|93/100
|move|p1a: Kommo-o|Protect|p1a: Kommo-o
|-singleturn|p1a: Kommo-o|Protect
|move|p2b: Tyranitar|Low Kick|p1b: Basculegion
|-immune|p1b: Basculegion
|move|p2a: Gholdengo|Nasty Plot|p2a: Gholdengo
|-boost|p2a: Gholdengo|spa|2
|
|-weather|Sandstorm|[upkeep]
|-damage|p1b: Basculegion|87/100|[from] Sandstorm
|upkeep
|turn|5
|
|t:|1785173559
|switch|p1a: Kingambit|Kingambit, L50, M|81/100
|move|p2b: Tyranitar|Low Kick|p1b: Basculegion
|-immune|p1b: Basculegion
|move|p2a: Gholdengo|Shadow Ball|p1b: Basculegion
|-supereffective|p1b: Basculegion|1
|-damage|p1b: Basculegion|0 fnt
|faint|p1b: Basculegion
|-damage|p2a: Gholdengo|90/100|[from] item: Life Orb
|
|-weather|none
|-sideend|p2: Gayangos|move: Tailwind
|upkeep
|
|t:|1785173566
|switch|p1b: Kommo-o|Kommo-o, L50, M|77/100
|turn|6
|
|t:|1785173580
|move|p1b: Kommo-o|Aura Sphere|p2b: Tyranitar
|-supereffective|p2b: Tyranitar|2
|-damage|p2b: Tyranitar|0 fnt
|faint|p2b: Tyranitar
|-damage|p1b: Kommo-o|67/100|[from] item: Life Orb
|move|p2a: Gholdengo|Shadow Ball|p1b: Kommo-o
|-damage|p1b: Kommo-o|0 fnt
|faint|p1b: Kommo-o
|-damage|p2a: Gholdengo|80/100|[from] item: Life Orb
|move|p1a: Kingambit|Kowtow Cleave|p2a: Gholdengo
|-supereffective|p2a: Gholdengo|1
|-damage|p2a: Gholdengo|0 fnt
|faint|p2a: Gholdengo
|
|upkeep
|
|t:|1785173591
|switch|p2b: Excadrill|Excadrill, L50, M|100/100
|turn|7
|
|t:|1785173594
|move|p2b: Excadrill|High Horsepower|p1a: Kingambit
|-supereffective|p1a: Kingambit|1
|-damage|p1a: Kingambit|0 fnt
|faint|p1a: Kingambit
|
|win|Gayangos
|raw|jusemato's rating: 1263 → 1245(-18 for losing)
|raw|Gayangos's rating: 1364 → 1378(+14 for winning)
|l|☆jusemato
|player|p1|
