|j|☆freudianbreath
|j|☆TorbellinoChamba
|html|freudianbreathTorbellinoChamba    
|uhtml|bestof|Game 1 of a best-of-3
|t:|1785167211
|gametype|doubles
|player|p1|freudianbreath|2|1094
|player|p2|TorbellinoChamba|hilda-wonderlauncher|1058
|gen|9
|tier|[Gen 9 Champions] VGC 2026 Reg M-B (Bo3)
|rated|
|rule|Species Clause: Limit one of each Pokémon
|rule|Item Clause: Limit 1 of each item
|clearpoke
|poke|p1|Lopunny, L50, F|
|poke|p1|Armarouge, L50, M|
|poke|p1|Whimsicott, L50, F|
|poke|p1|Charizard, L50, F|
|poke|p1|Kingambit, L50, M|
|poke|p1|Rotom-Wash, L50|
|poke|p2|Swampert, L50, M|
|poke|p2|Pelipper, L50, M, shiny|
|poke|p2|Archaludon, L50, M, shiny|
|poke|p2|Sableye, L50, M, shiny|
|poke|p2|Zoroark-Hisui, L50, M, shiny|
|poke|p2|Raichu, L50, M|
|teampreview|4
|showteam|p1|Lopunny||Lopunnite|Limber|FakeOut,Protect,HighJumpKick,Facade|Jolly||F|||50|]Armarouge||WhiteHerb|FlashFire|WideGuard,WillOWisp,ArmorCannon,TrickRoom|Sassy||M|||50|]Whimsicott||SitrusBerry|Prankster|Moonblast,Encore,Tailwind,Protect|Bold||F|||50|]Charizard||CharizarditeY|Blaze|HeatWave,WeatherBall,AncientPower,Protect|Timid||F|||50|]Kingambit||LifeOrb|Defiant|KowtowCleave,SwordsDance,SuckerPunch,Protect|Adamant||M|||50|]Rotom-Wash||ChoiceScarf|Levitate|Trick,VoltSwitch,Thunderbolt,HydroPump|Timid|||||50|
|showteam|p2|Swampert||Swampertite|Damp|Earthquake,Protect,IcePunch,WaveCrash|Adamant||M|||50|]Pelipper||FocusSash|Drizzle|WeatherBall,Hurricane,Tailwind,WideGuard|Timid||M|||50|]Archaludon||Leftovers|Stamina|ElectroShot,AuraSphere,FlashCannon,Protect|Modest||M|||50|]Sableye||LightClay|Prankster|RainDance,Reflect,LightScreen,Quash|Bold||M|||50|]Zoroark-Hisui||ChoiceScarf|Illusion|BitterMalice,HyperVoice,IcyWind,Trick|Timid||M|||50|]Raichu||RaichuniteY|LightningRod|ZapCannon,GrassKnot,Protect,FakeOut|Timid||M|||50|
|inactive|Battle timer is ON: inactive players will automatically lose when time's up. (requested by TorbellinoChamba)
|inactive|freudianbreath has 60 seconds left.
|inactive|freudianbreath has 30 seconds left.
|inactive|freudianbreath has 20 seconds left.
|inactive|freudianbreath has 15 seconds left.
|
|t:|1785167345
|teamsize|p1|4
|teamsize|p2|4
|start
|switch|p1a: Lopunny|Lopunny, L50, F|100/100
|switch|p1b: Whimsicott|Whimsicott, L50, F|100/100
|switch|p2a: Swampert|Swampert, L50, M|100/100
|switch|p2b: Sableye|Sableye, L50, M, shiny|100/100
|turn|1
|inactive|freudianbreath has 30 seconds left.
|inactive|TorbellinoChamba has 30 seconds left.
|inactive|freudianbreath has 20 seconds left.
|inactive|freudianbreath has 15 seconds left.
|
|t:|1785167389
|switch|p2a: Archaludon|Archaludon, L50, M, shiny|100/100
|detailschange|p1a: Lopunny|Lopunny-Mega, L50, F
|-mega|p1a: Lopunny|Lopunny|Lopunnite
|move|p1a: Lopunny|Fake Out|p2b: Sableye
|-damage|p2b: Sableye|75/100
|move|p1b: Whimsicott|Tailwind|p1b: Whimsicott
|-sidestart|p1: freudianbreath|move: Tailwind
|cant|p2b: Sableye|flinch
|
|upkeep
|turn|2
|inactive|freudianbreath has 30 seconds left.
|inactive|TorbellinoChamba has 30 seconds left.
|inactive|freudianbreath has 20 seconds left.
|inactive|TorbellinoChamba has 20 seconds left.
|inactive|freudianbreath has 15 seconds left.
|inactive|TorbellinoChamba has 15 seconds left.
|inactive|freudianbreath has 10 seconds left.
|
|t:|1785167434
|move|p2a: Archaludon|Protect|p2a: Archaludon
|-singleturn|p2a: Archaludon|Protect
|move|p2b: Sableye|Reflect|p2b: Sableye
|-sidestart|p2: TorbellinoChamba|Reflect
|move|p1a: Lopunny|High Jump Kick|p2a: Archaludon
|-activate|p2a: Archaludon|move: Protect
|-damage|p1a: Lopunny|50/100y|[from] highjumpkick
|move|p1b: Whimsicott|Moonblast|p2b: Sableye
|-supereffective|p2b: Sableye|1
|-crit|p2b: Sableye
|-damage|p2b: Sableye|0 fnt
|faint|p2b: Sableye
|
|upkeep
|
|t:|1785167451
|switch|p2b: Swampert|Swampert, L50, M|100/100
|turn|3
|
|t:|1785167475
|switch|p2a: Pelipper|Pelipper, L50, M, shiny|100/100
|-weather|RainDance|[from] ability: Drizzle|[of] p2a: Pelipper
|detailschange|p2b: Swampert|Swampert-Mega, L50, M
|-mega|p2b: Swampert|Swampert|Swampertite
|move|p1a: Lopunny|Protect|p1a: Lopunny
|-singleturn|p1a: Lopunny|Protect
|move|p1b: Whimsicott|Encore||[still]
|-fail|p1b: Whimsicott
|move|p2b: Swampert|Wave Crash|p1a: Lopunny
|-activate|p1a: Lopunny|move: Protect
|
|-weather|RainDance|[upkeep]
|upkeep
|turn|4
|inactive|freudianbreath has 30 seconds left.
|inactive|freudianbreath has 20 seconds left.
|inactive|freudianbreath has 15 seconds left.
|inactive|freudianbreath has 10 seconds left.
|
|t:|1785167522
|switch|p1a: Armarouge|Armarouge, L50, M|100/100
|move|p1b: Whimsicott|Protect|p1b: Whimsicott
|-singleturn|p1b: Whimsicott|Protect
|move|p2b: Swampert|Wave Crash|p1a: Armarouge
|-supereffective|p1a: Armarouge|1
|-damage|p1a: Armarouge|0 fnt
|faint|p1a: Armarouge
|-damage|p2b: Swampert|64/100|[from] Recoil
|move|p2a: Pelipper|Tailwind|p2a: Pelipper
|-sidestart|p2: TorbellinoChamba|move: Tailwind
|
|-weather|RainDance|[upkeep]
|-sideend|p1: freudianbreath|move: Tailwind
|upkeep
|inactive|freudianbreath has 30 seconds left.
|inactive|freudianbreath has 20 seconds left.
|inactive|freudianbreath has 15 seconds left.
|
|t:|1785167567
|switch|p1a: Lopunny|Lopunny-Mega, L50, F|50/100y
|turn|5
|
|t:|1785167584
|switch|p2a: Archaludon|Archaludon, L50, M, shiny|100/100
|move|p1a: Lopunny|Fake Out|p2b: Swampert
|-damage|p2b: Swampert|49/100
|move|p1b: Whimsicott|Encore||[still]
|-fail|p1b: Whimsicott
|cant|p2b: Swampert|flinch
|
|-weather|RainDance|[upkeep]
|upkeep
|turn|6
|
|t:|1785167608
|move|p1a: Lopunny|Protect|p1a: Lopunny
|-singleturn|p1a: Lopunny|Protect
|move|p1b: Whimsicott|Tailwind|p1b: Whimsicott
|-sidestart|p1: freudianbreath|move: Tailwind
|move|p2b: Swampert|Wave Crash|p1a: Lopunny
|-activate|p1a: Lopunny|move: Protect
|move|p2a: Archaludon|Electro Shot||[still]
|-prepare|p2a: Archaludon|Electro Shot
|-boost|p2a: Archaludon|spa|1
|-anim|p2a: Archaludon|Electro Shot|p1a: Lopunny
|-activate|p1a: Lopunny|move: Protect
|
|-weather|RainDance|[upkeep]
|upkeep
|turn|7
|inactive|freudianbreath has 30 seconds left.
|inactive|freudianbreath has 20 seconds left.
|inactive|freudianbreath has 15 seconds left.
|
|t:|1785167652
|switch|p1a: Kingambit|Kingambit, L50, M|100/100
|move|p2b: Swampert|Wave Crash|p1a: Kingambit
|-damage|p1a: Kingambit|17/100
|-damage|p2b: Swampert|17/100|[from] Recoil
|move|p1b: Whimsicott|Moonblast|p2b: Swampert
|-damage|p2b: Swampert|0 fnt
|faint|p2b: Swampert
|move|p2a: Archaludon|Electro Shot||[still]
|-prepare|p2a: Archaludon|Electro Shot
|-boost|p2a: Archaludon|spa|1
|-anim|p2a: Archaludon|Electro Shot|p1a: Kingambit
|-damage|p1a: Kingambit|0 fnt
|faint|p1a: Kingambit
|
|-weather|none
|-sideend|p2: TorbellinoChamba|move: Tailwind
|upkeep
|
|t:|1785167665
|switch|p2b: Pelipper|Pelipper, L50, M, shiny|100/100
|switch|p1a: Lopunny|Lopunny-Mega, L50, F|50/100y
|-weather|RainDance|[from] ability: Drizzle|[of] p2b: Pelipper
|turn|8
|inactive|freudianbreath has 30 seconds left.
|inactive|freudianbreath has 20 seconds left.
|
|t:|1785167705
|move|p2a: Archaludon|Protect|p2a: Archaludon
|-singleturn|p2a: Archaludon|Protect
|move|p1a: Lopunny|Fake Out|p2b: Pelipper
|-damage|p2b: Pelipper|79/100
|move|p1b: Whimsicott|Moonblast|p2b: Pelipper
|-damage|p2b: Pelipper|33/100
|cant|p2b: Pelipper|flinch
|
|-weather|RainDance|[upkeep]
|upkeep
|turn|9
|inactive|freudianbreath has 30 seconds left.
|inactive|freudianbreath has 20 seconds left.
|inactive|freudianbreath has 15 seconds left.
|inactive|freudianbreath has 10 seconds left.
|inactive|freudianbreath has 5 seconds left.
|
|t:|1785167755
|move|p1a: Lopunny|Protect|p1a: Lopunny
|-singleturn|p1a: Lopunny|Protect
|move|p2a: Archaludon|Protect||[still]
|-fail|p2a: Archaludon
|move|p1b: Whimsicott|Encore|p2a: Archaludon
|-start|p2a: Archaludon|Encore
|move|p2b: Pelipper|Hurricane|p1b: Whimsicott
|-supereffective|p1b: Whimsicott|1
|-damage|p1b: Whimsicott|0 fnt
|faint|p1b: Whimsicott
|
|-weather|RainDance|[upkeep]
|-sideend|p2: TorbellinoChamba|Reflect
|-sideend|p1: freudianbreath|move: Tailwind
|upkeep
|turn|10
|inactive|TorbellinoChamba has 30 seconds left.
|
|t:|1785167782
|move|p2a: Archaludon|Protect|p2a: Archaludon
|-singleturn|p2a: Archaludon|Protect
|move|p1a: Lopunny|Facade|p2b: Pelipper
|-damage|p2b: Pelipper|0 fnt
|faint|p2b: Pelipper
|
|-weather|RainDance|[upkeep]
|upkeep
|turn|11
|inactive|freudianbreath has 30 seconds left.
|
|t:|1785167799
|move|p2a: Archaludon|Protect|p2a: Archaludon
|-singleturn|p2a: Archaludon|Protect
|move|p1a: Lopunny|High Jump Kick|p2a: Archaludon
|-activate|p2a: Archaludon|move: Protect
|-damage|p1a: Lopunny|0 fnt|[from] highjumpkick
|faint|p1a: Lopunny
|
|win|TorbellinoChamba
||TorbellinoChamba is ready for game 2.
|c|☆freudianbreath|:/
