|j|☆MudkipBestp0kem0n
|j|☆MaxwellBaker
|html|MudkipBestp0kem0nMaxwellBaker    
|uhtml|bestof|Game 1 of a best-of-3
|t:|1785264527
|gametype|doubles
|player|p1|MudkipBestp0kem0n|2|1113
|player|p2|MaxwellBaker|102|1080
|gen|9
|tier|[Gen 9 Champions] VGC 2026 Reg M-B (Bo3)
|rated|
|rule|Species Clause: Limit one of each Pokémon
|rule|Item Clause: Limit 1 of each item
|clearpoke
|poke|p1|Raichu, L50, F|
|poke|p1|Manectric, L50, M, shiny|
|poke|p1|Orthworm, L50, M|
|poke|p1|Kingambit, L50, M, shiny|
|poke|p1|Sinistcha-Masterpiece, L50|
|poke|p1|Greninja, L50, F|
|poke|p2|Decidueye-Hisui, L50, F|
|poke|p2|Florges, L50, F|
|poke|p2|Raichu, L50, F|
|poke|p2|Incineroar, L50, F|
|poke|p2|Aerodactyl, L50, M|
|poke|p2|Milotic, L50, F|
|teampreview|4
|showteam|p1|Raichu||RaichuniteX|LightningRod|FakeOut,Protect,Encore,Discharge|Hasty||F|||50|]Manectric||FocusSash|LightningRod|RisingVoltage,VoltSwitch,Protect,Overheat|Timid||M|||50|]Orthworm||Leftovers|EarthEater|IronDefense,BodyPress,Protect,ShedTail|Calm||M|||50|]Kingambit||ChopleBerry|Defiant|KowtowCleave,IronHead,SuckerPunch,Taunt|Brave||M|||50|]Sinistcha-Masterpiece||SitrusBerry|Hospitality|MatchaGotcha,Protect,RagePowder,LifeDew|Bold|||||50|]Greninja||LifeOrb|Protean|IceBeam,MudShot,Protect,DarkPulse|Timid||F|||50|
|showteam|p2|Decidueye-Hisui||ScopeLens|Scrappy|TripleArrows,LeafBlade,SuckerPunch,Protect|Adamant||F|||50|]Florges||LifeOrb|FlowerVeil|Moonblast,Psychic,PollenPuff,Protect|Modest||F|||50|]Raichu||RaichuniteY|LightningRod|FakeOut,ZapCannon,FocusBlast,Protect|Timid||F|||50|]Incineroar||SitrusBerry|Intimidate|FakeOut,FlareBlitz,ThroatChop,PartingShot|Careful||F|||50|]Aerodactyl||Aerodactylite|RockHead|RockSlide,DualWingbeat,Tailwind,WideGuard|Jolly||M|||50|]Milotic||Leftovers|Competitive|Scald,IceBeam,Haze,Protect|Bold||F|||50|
|inactive|Battle timer is ON: inactive players will automatically lose when time's up. (requested by MudkipBestp0kem0n)
|inactive|MaxwellBaker has 60 seconds left.
|
|t:|1785264596
|teamsize|p1|4
|teamsize|p2|4
|start
|switch|p1a: Raichu|Raichu, L50, F|100/100
|switch|p1b: Manectric|Manectric, L50, M, shiny|100/100
|switch|p2a: Raichu|Raichu, L50, F|100/100
|switch|p2b: Decidueye|Decidueye-Hisui, L50, F|100/100
|turn|1
|
|t:|1785264616
|detailschange|p1a: Raichu|Raichu-Mega-X, L50, F
|-mega|p1a: Raichu|Raichu|Raichunite X
|-fieldstart|move: Electric Terrain|[from] ability: Electric Surge|[of] p1a: Raichu
|detailschange|p2a: Raichu|Raichu-Mega-Y, L50, F
|-mega|p2a: Raichu|Raichu|Raichunite Y
|move|p2a: Raichu|Fake Out|p1a: Raichu
|-damage|p1a: Raichu|89/100
|cant|p1a: Raichu|flinch
|move|p1b: Manectric|Overheat|p2b: Decidueye
|-supereffective|p2b: Decidueye|1
|-crit|p2b: Decidueye
|-damage|p2b: Decidueye|0 fnt
|-unboost|p1b: Manectric|spa|2
|faint|p2b: Decidueye
|
|upkeep
|
|t:|1785264631
|switch|p2b: Incineroar|Incineroar, L50, F|100/100
|-ability|p2b: Incineroar|Intimidate|boost
|-unboost|p1a: Raichu|atk|1
|-unboost|p1b: Manectric|atk|1
|turn|2
|inactive|MudkipBestp0kem0n has 30 seconds left.
|
|t:|1785264662
|switch|p1b: Sinistcha|Sinistcha-Masterpiece, L50|100/100
|-heal|p1a: Raichu|100/100|[from] ability: Hospitality|[of] p1b: Sinistcha
|move|p2a: Raichu|Focus Blast|p1a: Raichu
|-damage|p1a: Raichu|52/100
|move|p1a: Raichu|Encore|p2a: Raichu
|-start|p2a: Raichu|Encore
|move|p2b: Incineroar|Flare Blitz|p1b: Sinistcha
|-supereffective|p1b: Sinistcha|1
|-damage|p1b: Sinistcha|39/100
|-enditem|p1b: Sinistcha|Sitrus Berry|[eat]
|-heal|p1b: Sinistcha|64/100|[from] item: Sitrus Berry
|-damage|p2b: Incineroar|82/100|[from] Recoil
|
|upkeep
|turn|3
|inactive|MudkipBestp0kem0n has 30 seconds left.
|inactive|MudkipBestp0kem0n has 20 seconds left.
|
|t:|1785264709
|switch|p2a: Florges|Florges, L50, F|100/100
|move|p1b: Sinistcha|Protect|p1b: Sinistcha
|-singleturn|p1b: Sinistcha|Protect
|move|p1a: Raichu|Discharge|p2b: Incineroar|[spread] p2a,p2b
|-activate|p1b: Sinistcha|move: Protect
|-damage|p2a: Florges|80/100
|-damage|p2b: Incineroar|63/100
|-status|p2a: Florges|par
|-status|p2b: Incineroar|par
|move|p2b: Incineroar|Flare Blitz|p1a: Raichu
|-damage|p1a: Raichu|0 fnt
|faint|p1a: Raichu
|-damage|p2b: Incineroar|49/100 par|[from] Recoil
|-enditem|p2b: Incineroar|Sitrus Berry|[eat]
|-heal|p2b: Incineroar|74/100 par|[from] item: Sitrus Berry
|
|upkeep
|
|t:|1785264712
|switch|p1a: Manectric|Manectric, L50, M, shiny|100/100
|turn|4
|inactive|MaxwellBaker has 30 seconds left.
|
|t:|1785264744
|move|p1b: Sinistcha|Rage Powder|p1b: Sinistcha
|-singleturn|p1b: Sinistcha|move: Rage Powder
|move|p1a: Manectric|Rising Voltage|p2b: Incineroar
|-hint|Rising Voltage's BP doubled on grounded target.
|-damage|p2b: Incineroar|11/100 par
|move|p2a: Florges|Moonblast|p1b: Sinistcha
|-damage|p1b: Sinistcha|0 fnt
|faint|p1b: Sinistcha
|-damage|p2a: Florges|70/100 par|[from] item: Life Orb
|move|p2b: Incineroar|Flare Blitz|p1a: Manectric
|-damage|p1a: Manectric|10/100
|-damage|p2b: Incineroar|0 fnt|[from] Recoil
|faint|p2b: Incineroar
|
|upkeep
|
|t:|1785264757
|switch|p1b: Greninja|Greninja, L50, F|100/100
|switch|p2b: Raichu|Raichu-Mega-Y, L50, F|100/100
|turn|5
|
|t:|1785264779
|move|p2b: Raichu|Fake Out|p1a: Manectric
|-damage|p1a: Manectric|0 fnt
|faint|p1a: Manectric
|move|p1b: Greninja|Mud Shot|p2a: Florges
|-start|p1b: Greninja|typechange|Ground|[from] ability: Protean
|-damage|p2a: Florges|42/100 par
|-unboost|p2a: Florges|spe|1
|-damage|p1b: Greninja|90/100|[from] item: Life Orb
|move|p2a: Florges|Moonblast|p1b: Greninja
|-damage|p1b: Greninja|0 fnt
|faint|p1b: Greninja
|-damage|p2a: Florges|33/100 par|[from] item: Life Orb
|
|win|MaxwellBaker
