|j|☆parks34VGC
|j|☆elychee267
|html|parks34VGCelychee267    
|uhtml|bestof|Game 3 of a best-of-3
|t:|1784010505
|gametype|doubles
|player|p1|parks34VGC|steven|
|player|p2|elychee267|lucas-gen4pt|
|gen|9
|tier|[Gen 9 Champions] VGC 2026 Reg M-B (Bo3)
|rule|Species Clause: Limit one of each Pokémon
|rule|Item Clause: Limit 1 of each item
|clearpoke
|poke|p1|Metagross, L50|
|poke|p1|Whimsicott, L50, F|
|poke|p1|Staraptor, L50, M|
|poke|p1|Farigiraf, L50, F|
|poke|p1|Grimmsnarl, L50, M|
|poke|p1|Glimmora, L50, F|
|poke|p2|Blaziken, L50, M|
|poke|p2|Metagross, L50, shiny|
|poke|p2|Ninetales-Alola, L50, M|
|poke|p2|Gengar, L50, M|
|poke|p2|Incineroar, L50, F|
|poke|p2|Farigiraf, L50, M, shiny|
|teampreview|4
|showteam|p1|Metagross||Metagrossite|ClearBody|BulletPunch,PsychicFangs,Protect,BodyPress|Jolly|||||50|]Whimsicott||FocusSash|Prankster|Moonblast,Charm,Protect,Tailwind|Timid||F|||50|]Staraptor||Staraptite|Intimidate|CloseCombat,BraveBird,Protect,Roost|Jolly||M|||50|]Farigiraf||SitrusBerry|ArmorTail|TrickRoom,Thunderbolt,HelpingHand,Psychic|Bold||F|||50|]Grimmsnarl||LightClay|Prankster|LightScreen,Reflect,ScaryFace,FoulPlay|Calm||M|||50|]Glimmora||LifeOrb|ToxicDebris|SludgeBomb,PowerGem,SpikyShield,EarthPower|Timid||F|||50|
|showteam|p2|Blaziken||LifeOrb|SpeedBoost|Coaching,RockSlide,FlareBlitz,Protect|Jolly||M|||50|]Metagross||Metagrossite|ClearBody|PsychicFangs,Protect,IronHead,IcePunch|Jolly|||||50|]Ninetales-Alola||NeverMeltIce|SnowWarning|Blizzard,FreezeDry,Protect,Encore|Timid||M|||50|]Gengar||Gengarite|CursedBody|Protect,PerishSong,ShadowBall,Disable|Timid||M|||50|]Incineroar||ShucaBerry|Intimidate|FakeOut,ThroatChop,Protect,PartingShot|Careful||F|||50|]Farigiraf||SitrusBerry|ArmorTail|TwinBeam,TrickRoom,Thunderbolt,Protect|Bold||M|||50|
|inactive|Battle timer is ON: inactive players will automatically lose when time's up. (requested by elychee267)
|
|t:|1784010523
|teamsize|p1|4
|teamsize|p2|4
|start
|switch|p1a: Farigiraf|Farigiraf, L50, F|100/100
|switch|p1b: Staraptor|Staraptor, L50, M|100/100
|switch|p2a: Gengar|Gengar, L50, M|100/100
|switch|p2b: Incineroar|Incineroar, L50, F|100/100
|-ability|p1b: Staraptor|Intimidate|boost
|-unboost|p2a: Gengar|atk|1
|-unboost|p2b: Incineroar|atk|1
|-ability|p2b: Incineroar|Intimidate|boost
|-unboost|p1a: Farigiraf|atk|1
|-unboost|p1b: Staraptor|atk|1
|turn|1
|
|t:|1784010540
|switch|p1b: Glimmora|Glimmora, L50, F|100/100
|detailschange|p2a: Gengar|Gengar-Mega, L50, M
|-mega|p2a: Gengar|Gengar|Gengarite
|move|p2a: Gengar|Protect|p2a: Gengar
|-singleturn|p2a: Gengar|Protect
|move|p1a: Farigiraf|Psychic|p2a: Gengar
|-activate|p2a: Gengar|move: Protect
|move|p2b: Incineroar|Parting Shot|p1a: Farigiraf
|-unboost|p1a: Farigiraf|atk|1
|-unboost|p1a: Farigiraf|spa|1
|
|t:|1784010546
|switch|p2b: Ninetales|Ninetales-Alola, L50, M|100/100|[from] Parting Shot
|-weather|Snowscape|[from] ability: Snow Warning|[of] p2b: Ninetales
|
|-weather|Snowscape|[upkeep]
|upkeep
|turn|2
|
|t:|1784010561
|move|p2a: Gengar|Shadow Ball|p1b: Glimmora
|-damage|p1b: Glimmora|41/100
|move|p2b: Ninetales|Blizzard|p1a: Farigiraf|[spread] p1a,p1b
|-damage|p1a: Farigiraf|64/100
|-damage|p1b: Glimmora|0 fnt
|faint|p1b: Glimmora
|move|p1a: Farigiraf|Psychic|p2a: Gengar
|-supereffective|p2a: Gengar|1
|-damage|p2a: Gengar|49/100
|
|-weather|Snowscape|[upkeep]
|upkeep
|
|t:|1784010570
|switch|p1b: Whimsicott|Whimsicott, L50, F|100/100
|turn|3
|
|t:|1784010578
|move|p2a: Gengar|Disable|p1a: Farigiraf
|-start|p1a: Farigiraf|Disable|Psychic
|move|p1b: Whimsicott|Moonblast|p2a: Gengar
|-resisted|p2a: Gengar|1
|-damage|p2a: Gengar|30/100
|move|p2b: Ninetales|Encore|p1a: Farigiraf
|-start|p1a: Farigiraf|Encore
|cant|p1a: Farigiraf|Disable|Psychic
|
|-weather|Snowscape|[upkeep]
|upkeep
|turn|4
|
|t:|1784010592
|move|p2a: Gengar|Protect|p2a: Gengar
|-singleturn|p2a: Gengar|Protect
|move|p1b: Whimsicott|Moonblast|p2a: Gengar
|-activate|p2a: Gengar|move: Protect
|move|p2b: Ninetales|Blizzard|p1a: Farigiraf|[spread] p1a,p1b
|-supereffective|p1b: Whimsicott|1
|-damage|p1a: Farigiraf|30/100
|-enditem|p1b: Whimsicott|Focus Sash
|-damage|p1b: Whimsicott|1/100
|-enditem|p1a: Farigiraf|Sitrus Berry|[eat]
|-heal|p1a: Farigiraf|55/100|[from] item: Sitrus Berry
|-activate|p1a: Farigiraf|move: Struggle
|move|p1a: Farigiraf|Struggle|p2a: Gengar
|-activate|p2a: Gengar|move: Protect
|
|-weather|Snowscape|[upkeep]
|upkeep
|turn|5
|
|t:|1784010599
|move|p2a: Gengar|Shadow Ball|p1b: Whimsicott
|-damage|p1b: Whimsicott|0 fnt
|faint|p1b: Whimsicott
|move|p2b: Ninetales|Blizzard|p1a: Farigiraf
|-damage|p1a: Farigiraf|6/100
|-activate|p1a: Farigiraf|move: Struggle
|move|p1a: Farigiraf|Struggle|p2b: Ninetales
|-damage|p2b: Ninetales|95/100
|-damage|p1a: Farigiraf|0 fnt|[from] recoil
|faint|p1a: Farigiraf
|
|-weather|none
|upkeep
|
|t:|1784010609
|switch|p1b: Staraptor|Staraptor, L50, M|100/100
|-ability|p1b: Staraptor|Intimidate|boost
|-unboost|p2a: Gengar|atk|1
|-unboost|p2b: Ninetales|atk|1
|turn|6
|
|t:|1784010616
|switch|p2b: Incineroar|Incineroar, L50, F|100/100
|-ability|p2b: Incineroar|Intimidate|boost
|-unboost|p1b: Staraptor|atk|1
|detailschange|p1b: Staraptor|Staraptor-Mega, L50, M
|-mega|p1b: Staraptor|Staraptor|Staraptite
|move|p2a: Gengar|Protect|p2a: Gengar
|-singleturn|p2a: Gengar|Protect
|move|p1b: Staraptor|Close Combat|p2b: Incineroar
|-supereffective|p2b: Incineroar|1
|-damage|p2b: Incineroar|39/100
|-boost|p1b: Staraptor|def|1
|-boost|p1b: Staraptor|spd|1
|
|upkeep
|turn|7
|c|☆parks34VGC|gg
|
|t:|1784010626
|move|p2b: Incineroar|Fake Out|p1b: Staraptor
|-damage|p1b: Staraptor|93/100
|move|p2a: Gengar|Perish Song|p2a: Gengar
|-start|p1b: Staraptor|perish3|[silent]
|-start|p2a: Gengar|perish3|[silent]
|-start|p2b: Incineroar|perish3|[silent]
|-fieldactivate|move: Perish Song
|cant|p1b: Staraptor|flinch
|
|-start|p2a: Gengar|perish3
|-start|p1b: Staraptor|perish3
|-start|p2b: Incineroar|perish3
|upkeep
|turn|8
|c|☆elychee267|gg
|
|t:|1784010634
|move|p2a: Gengar|Protect|p2a: Gengar
|-singleturn|p2a: Gengar|Protect
|move|p2b: Incineroar|Protect|p2b: Incineroar
|-singleturn|p2b: Incineroar|Protect
|move|p1b: Staraptor|Close Combat|p2b: Incineroar
|-activate|p2b: Incineroar|move: Protect
|
|-start|p2a: Gengar|perish2
|-start|p1b: Staraptor|perish2
|-start|p2b: Incineroar|perish2
|upkeep
|turn|9
|
|t:|1784010641
|switch|p2a: Ninetales|Ninetales-Alola, L50, M|95/100
|-weather|Snowscape|[from] ability: Snow Warning|[of] p2a: Ninetales
|move|p1b: Staraptor|Close Combat|p2b: Incineroar
|-supereffective|p2b: Incineroar|1
|-damage|p2b: Incineroar|0 fnt
|-boost|p1b: Staraptor|def|1
|-boost|p1b: Staraptor|spd|1
|faint|p2b: Incineroar
|
|-weather|Snowscape|[upkeep]
|-start|p1b: Staraptor|perish1
|upkeep
|
|t:|1784010647
|switch|p2b: Gengar|Gengar-Mega, L50, M|30/100
|turn|10
|c|☆parks34VGC|let me kill the Gengar pls
|
|t:|1784010666
|move|p2b: Gengar|Protect|p2b: Gengar
|-singleturn|p2b: Gengar|Protect
|move|p2a: Ninetales|Protect|p2a: Ninetales
|-singleturn|p2a: Ninetales|Protect
|move|p1b: Staraptor|Brave Bird|p2b: Gengar
|-activate|p2b: Gengar|move: Protect
|
|-weather|Snowscape|[upkeep]
|-start|p1b: Staraptor|perish0
|faint|p1b: Staraptor
|
|win|elychee267
|c|☆elychee267|no :)
|c|☆parks34VGC|ok
|c|☆elychee267|that was fun XD
