|j|☆Preciosa Papaya
|j|☆Delacruso
|html|Preciosa PapayaDelacruso    
|uhtml|bestof|Game 1 of a best-of-3
|t:|1756802210
|gametype|doubles
|player|p1|Preciosa Papaya|iono|1124
|player|p2|Delacruso|red|1073
|gen|9
|tier|[Gen 9] VGC 2025 Reg H (Bo3)
|rated|
|rule|Species Clause: Limit one of each Pokémon
|rule|Item Clause: Limit 1 of each item
|clearpoke
|poke|p1|Stonjourner, L50, F|
|poke|p1|Dragonite, L50, M|
|poke|p1|Incineroar, L50, M|
|poke|p1|Rillaboom, L50, F|
|poke|p1|Basculegion, L50, M|
|poke|p1|Volcarona, L50, M|
|poke|p2|Ninetales, L50, M|
|poke|p2|Charizard, L50, M|
|poke|p2|Jumpluff, L50, F|
|poke|p2|Ursaluna-Bloodmoon, L50, M|
|poke|p2|Incineroar, L50, M|
|poke|p2|Gholdengo, L50|
|teampreview|4
|showteam|p1|Stonjourner||FocusSash|PowerSpot|RockSlide,BodyPress,WideGuard,Protect|||F|||50|,,,,,Ghost]Dragonite||ChoiceBand|InnerFocus|ExtremeSpeed,Outrage,StompingTantrum,LowKick|||M|||50|,,,,,Normal]Incineroar||SafetyGoggles|Intimidate|KnockOff,WillOWisp,PartingShot,FakeOut|||M|||50|,,,,,Ghost]Rillaboom||AssaultVest|GrassySurge|GrassyGlide,WoodHammer,FakeOut,Uturn|||F|||50|,,,,,Fire]Basculegion||ChoiceScarf|Adaptability|WaveCrash,LastRespects,AquaJet,FlipTurn|||M|||50|,,,,,Water]Volcarona||CovertCloak|FlameBody|HeatWave,TeraBlast,QuiverDance,Protect|||M|||50|,,,,,Fairy
|showteam|p2|Ninetales||Charcoal|Drought|BatonPass,CalmMind,WillOWisp,HeatWave|||M|||50|,,,,,Grass]Charizard||ChoiceSpecs|SolarPower|DragonPulse,HeatWave,Overheat,WeatherBall|||M|||50|,,,,,Ghost]Jumpluff||CovertCloak|Chlorophyll|SleepPowder,SunnyDay,Tailwind,RagePowder|||F|||50|,,,,,Water]Ursaluna-Bloodmoon||AssaultVest|MindsEye|EarthPower,BloodMoon,HyperVoice,VacuumWave|||M|||50|,,,,,Normal]Incineroar||SitrusBerry|Intimidate|FakeOut,FlareBlitz,KnockOff,PartingShot|||M|||50|,,,,,Ghost]Gholdengo||LifeOrb|GoodasGold|PowerGem,MakeItRain,ShadowBall,Protect||||||50|,,,,,Steel
|
|t:|1756802249
|teamsize|p1|4
|teamsize|p2|4
|start
|switch|p1a: Stonjourner|Stonjourner, L50, F|100/100
|switch|p1b: Dragonite|Dragonite, L50, M|100/100
|switch|p2a: Charizard|Charizard, L50, M, shiny|100/100
|switch|p2b: Ninetales|Ninetales, L50, M|100/100
|-weather|SunnyDay|[from] ability: Drought|[of] p2b: Ninetales
|turn|1
|
|t:|1756802282
|move|p1a: Stonjourner|Protect|p1a: Stonjourner
|-singleturn|p1a: Stonjourner|Protect
|move|p1b: Dragonite|Extreme Speed|p2b: Ninetales
|-damage|p2b: Ninetales|47/100
|move|p2a: Charizard|Overheat|p1b: Dragonite
|-resisted|p1b: Dragonite
|-damage|p1b: Dragonite|1/100
|-unboost|p2a: Charizard|spa|2
|move|p2b: Ninetales|Calm Mind|p2b: Ninetales
|-boost|p2b: Ninetales|spa|1
|-boost|p2b: Ninetales|spd|1
|
|-weather|SunnyDay|[upkeep]
|-damage|p2a: Charizard|88/100|[from] ability: Solar Power|[of] p2a: Charizard
|upkeep
|turn|2
|
|t:|1756802306
|move|p1b: Dragonite|Extreme Speed|p2b: Ninetales
|-damage|p2b: Ninetales|0 fnt
|faint|p2b: Ninetales
|move|p2a: Charizard|Overheat|p1b: Dragonite
|-resisted|p1b: Dragonite
|-damage|p1b: Dragonite|0 fnt
|-unboost|p2a: Charizard|spa|2
|faint|p1b: Dragonite
|move|p1a: Stonjourner|Rock Slide|p2a: Charizard|[miss]
|-miss|p1a: Stonjourner|p2a: Charizard
|
|-weather|SunnyDay|[upkeep]
|-damage|p2a: Charizard|76/100|[from] ability: Solar Power|[of] p2a: Charizard
|upkeep
|
|t:|1756802323
|switch|p1b: Incineroar|Incineroar, L50, M|100/100
|switch|p2b: Ursaluna|Ursaluna-Bloodmoon, L50, M|100/100
|-ability|p1b: Incineroar|Intimidate|boost
|-unboost|p2a: Charizard|atk|1
|-unboost|p2b: Ursaluna|atk|1
|turn|3
|
|t:|1756802337
|switch|p2a: Gholdengo|Gholdengo, L50, shiny|100/100
|move|p1b: Incineroar|Fake Out|p2b: Ursaluna
|-damage|p2b: Ursaluna|89/100
|move|p1a: Stonjourner|Body Press|p2b: Ursaluna
|-supereffective|p2b: Ursaluna
|-damage|p2b: Ursaluna|50/100
|cant|p2b: Ursaluna|flinch
|
|-weather|SunnyDay|[upkeep]
|upkeep
|turn|4
|
|t:|1756802367
|move|p2a: Gholdengo|Power Gem|p1b: Incineroar
|-supereffective|p1b: Incineroar
|-damage|p1b: Incineroar|14/100
|-damage|p2a: Gholdengo|91/100|[from] item: Life Orb
|move|p1a: Stonjourner|Body Press|p2b: Ursaluna
|-supereffective|p2b: Ursaluna
|-damage|p2b: Ursaluna|9/100
|move|p1b: Incineroar|Knock Off|p2b: Ursaluna
|-damage|p2b: Ursaluna|0 fnt
|-enditem|p2b: Ursaluna|Assault Vest|[from] move: Knock Off|[of] p1b: Incineroar
|faint|p2b: Ursaluna
|
|-weather|SunnyDay|[upkeep]
|upkeep
|
|t:|1756802379
|switch|p2b: Charizard|Charizard, L50, M, shiny|76/100
|turn|5
|
|t:|1756802399
|move|p1a: Stonjourner|Protect|p1a: Stonjourner
|-singleturn|p1a: Stonjourner|Protect
|move|p2b: Charizard|Heat Wave|p1b: Incineroar|[spread] p1b
|-activate|p1a: Stonjourner|move: Protect
|-resisted|p1b: Incineroar
|-damage|p1b: Incineroar|0 fnt
|faint|p1b: Incineroar
|move|p2a: Gholdengo|Power Gem|p1a: Stonjourner
|-activate|p1a: Stonjourner|move: Protect
|
|-weather|none
|upkeep
|
|t:|1756802408
|switch|p1b: Basculegion|Basculegion, L50, M|100/100
|turn|6
|
|t:|1756802419
|-terastallize|p1b: Basculegion|Water
|-terastallize|p2a: Gholdengo|Steel
|move|p1a: Stonjourner|Wide Guard|p1a: Stonjourner
|-singleturn|p1a: Stonjourner|Wide Guard
|move|p1b: Basculegion|Last Respects|p2a: Gholdengo
|-damage|p2a: Gholdengo|0 fnt
|faint|p2a: Gholdengo
|move|p2b: Charizard|Heat Wave|p1b: Basculegion|[spread] 
|-activate|p1a: Stonjourner|move: Wide Guard
|-activate|p1b: Basculegion|move: Wide Guard
|
|upkeep
|turn|7
|-message|Delacruso forfeited.
|
|win|Preciosa Papaya
||Delacruso is ready for game 2.
|inactive|Preciosa Papaya has 30 seconds to confirm battle start!
||Preciosa Papaya is ready for game 2.
|uhtml|next|Next: Game 2 of 3
