|j|☆Slothpk
|j|☆platanoso
|html|Slothpkplatanoso    
|uhtml|bestof|Game 2 of a best-of-3
|t:|1785962458
|gametype|doubles
|player|p1|Slothpk|169|1155
|player|p2|platanoso|madame-gen4|1211
|gen|9
|tier|[Gen 9 Champions] VGC 2026 Reg M-B (Bo3)
|rated|
|rule|Species Clause: Limit one of each Pokémon
|rule|Item Clause: Limit 1 of each item
|clearpoke
|poke|p1|Garchomp, L50, M|
|poke|p1|Sneasler, L50, M|
|poke|p1|Scizor, L50, F|
|poke|p1|Sinistcha-Masterpiece, L50|
|poke|p1|Whimsicott, L50, F|
|poke|p1|Rotom-Wash, L50|
|poke|p2|Floette-Eternal, L50, F|
|poke|p2|Sneasler, L50, F|
|poke|p2|Incineroar, L50, F|
|poke|p2|Sinistcha, L50|
|poke|p2|Delphox, L50, M|
|poke|p2|Garchomp, L50, M|
|teampreview|4
|showteam|p1|Garchomp||Garchompite|RoughSkin|EarthPower,DracoMeteor,Protect,PowerGem|Modest||M|||50|]Sneasler||WhiteHerb|Unburden|FakeOut,PoisonJab,CloseCombat,Protect|Jolly||M|||50|]Scizor||Scizorite|Technician|SwordsDance,BulletPunch,Roost,BugBite|Adamant||F|||50|]Sinistcha-Masterpiece||SitrusBerry|Hospitality|RagePowder,Protect,TrickRoom,MatchaGotcha|Bold|||||50|]Whimsicott||FocusSash|Prankster|Tailwind,Encore,Protect,Moonblast|Timid||F|||50|]Rotom-Wash||Leftovers|Levitate|Thunderbolt,HydroPump,LightScreen,WillOWisp|Bold|||||50|
|showteam|p2|Floette-Eternal||Floettite|FlowerVeil|DazzlingGleam,DrainingKiss,CalmMind,Protect|Modest||F|||50|]Sneasler||FocusSash|PoisonTouch|CloseCombat,PoisonJab,FakeOut,Protect|Jolly||F|||50|]Incineroar||SitrusBerry|Intimidate|FlareBlitz,DarkestLariat,PartingShot,FakeOut|Impish||F|||50|]Sinistcha||OccaBerry|Hospitality|MatchaGotcha,RagePowder,TrickRoom,Protect|Bold|||||50|]Delphox||Delphoxite|Blaze|Psychic,HeatWave,NastyPlot,Protect|Timid||M|||50|]Garchomp||ChoiceScarf|RoughSkin|DragonClaw,StompingTantrum,Earthquake,RockSlide|Adamant||M|||50|
|inactive|Battle timer is ON: inactive players will automatically lose when time's up. (requested by Slothpk)
|inactive|platanoso has 60 seconds left.
|inactive|platanoso has 30 seconds left.
|
|t:|1785962528
|teamsize|p1|4
|teamsize|p2|4
|start
|switch|p1a: Garchomp|Garchomp, L50, M|100/100
|switch|p1b: Whimsicott|Whimsicott, L50, F|100/100
|switch|p2a: Delphox|Delphox, L50, M|100/100
|switch|p2b: Garchomp|Garchomp, L50, M|100/100
|turn|1
|
|t:|1785962542
|detailschange|p2a: Delphox|Delphox-Mega, L50, M
|-mega|p2a: Delphox|Delphox|Delphoxite
|detailschange|p1a: Garchomp|Garchomp-Mega, L50, M
|-mega|p1a: Garchomp|Garchomp|Garchompite
|move|p1b: Whimsicott|Tailwind|p1b: Whimsicott
|-sidestart|p1: Slothpk|move: Tailwind
|move|p1a: Garchomp|Draco Meteor|p2b: Garchomp
|-supereffective|p2b: Garchomp|1
|-damage|p2b: Garchomp|0 fnt
|-unboost|p1a: Garchomp|spa|2
|faint|p2b: Garchomp
|move|p2a: Delphox|Nasty Plot|p2a: Delphox
|-boost|p2a: Delphox|spa|2
|
|upkeep
|
|t:|1785962553
|switch|p2b: Incineroar|Incineroar, L50, F|100/100
|-ability|p2b: Incineroar|Intimidate|boost
|-unboost|p1a: Garchomp|atk|1
|-unboost|p1b: Whimsicott|atk|1
|turn|2
|
|t:|1785962566
|switch|p1a: Rotom|Rotom-Wash, L50|100/100
|move|p1b: Whimsicott|Protect|p1b: Whimsicott
|-singleturn|p1b: Whimsicott|Protect
|move|p2b: Incineroar|Fake Out|p1b: Whimsicott
|-activate|p1b: Whimsicott|move: Protect
|move|p2a: Delphox|Psychic|p1b: Whimsicott
|-activate|p1b: Whimsicott|move: Protect
|
|upkeep
|turn|3
|inactive|Slothpk has 30 seconds left.
|
|t:|1785962599
|move|p1b: Whimsicott|Moonblast|p2a: Delphox
|-resisted|p2a: Delphox|1
|-damage|p2a: Delphox|84/100
|move|p1a: Rotom|Light Screen|p1a: Rotom
|-sidestart|p1: Slothpk|move: Light Screen
|move|p2a: Delphox|Heat Wave|p1b: Whimsicott|[spread] p1a,p1b
|-resisted|p1a: Rotom|1
|-supereffective|p1b: Whimsicott|1
|-damage|p1a: Rotom|75/100
|-enditem|p1b: Whimsicott|Focus Sash
|-damage|p1b: Whimsicott|1/100
|move|p2b: Incineroar|Parting Shot|p1a: Rotom
|-unboost|p1a: Rotom|atk|1
|-unboost|p1a: Rotom|spa|1
|inactive|platanoso has 30 seconds left.
|inactive|platanoso has 20 seconds left.
|
|t:|1785962638
|switch|p2b: Sinistcha|Sinistcha, L50|100/100|[from] Parting Shot
|-heal|p2a: Delphox|100/100|[from] ability: Hospitality|[of] p2b: Sinistcha
|
|-heal|p1a: Rotom|80/100|[from] item: Leftovers
|upkeep
|turn|4
|
|t:|1785962652
|switch|p1a: Garchomp|Garchomp-Mega, L50, M|100/100
|move|p2b: Sinistcha|Rage Powder|p2b: Sinistcha
|-singleturn|p2b: Sinistcha|move: Rage Powder
|move|p1b: Whimsicott|Encore|p2a: Delphox
|-start|p2a: Delphox|Encore
|move|p2a: Delphox|Heat Wave|p1b: Whimsicott|[spread] p1a,p1b
|-resisted|p1a: Garchomp|1
|-supereffective|p1b: Whimsicott|1
|-damage|p1a: Garchomp|76/100
|-damage|p1b: Whimsicott|0 fnt
|faint|p1b: Whimsicott
|
|-sideend|p1: Slothpk|move: Tailwind
|upkeep
|
|t:|1785962662
|switch|p1b: Sneasler|Sneasler, L50, M|100/100
|turn|5
|
|t:|1785962680
|switch|p2a: Incineroar|Incineroar, L50, F|100/100
|-ability|p2a: Incineroar|Intimidate|boost
|-unboost|p1a: Garchomp|atk|1
|-unboost|p1b: Sneasler|atk|1
|-enditem|p1b: Sneasler|White Herb
|-clearnegativeboost|p1b: Sneasler|[silent]
|move|p1b: Sneasler|Poison Jab|p2a: Incineroar
|-damage|p2a: Incineroar|71/100
|move|p1a: Garchomp|Draco Meteor|p2a: Incineroar
|-damage|p2a: Incineroar|6/100
|-unboost|p1a: Garchomp|spa|2
|-enditem|p2a: Incineroar|Sitrus Berry|[eat]
|-heal|p2a: Incineroar|31/100|[from] item: Sitrus Berry
|move|p2b: Sinistcha|Matcha Gotcha|p1a: Garchomp|[spread] p1a,p1b
|-resisted|p1b: Sneasler|1
|-damage|p1a: Garchomp|61/100
|-damage|p1b: Sneasler|89/100
|-status|p1b: Sneasler|brn
|
|-damage|p1b: Sneasler|84/100 brn|[from] brn
|upkeep
|turn|6
|inactive|Slothpk has 30 seconds left.
|inactive|platanoso has 30 seconds left.
|
|t:|1785962715
|switch|p1a: Rotom|Rotom-Wash, L50|80/100
|move|p1b: Sneasler|Poison Jab|p2b: Sinistcha
|-damage|p2b: Sinistcha|83/100
|move|p2b: Sinistcha|Matcha Gotcha|p1a: Rotom|[spread] p1a,p1b
|-supereffective|p1a: Rotom|1
|-resisted|p1b: Sneasler|1
|-damage|p1a: Rotom|47/100
|-heal|p2b: Sinistcha|97/100|[from] drain|[of] p1a: Rotom
|-damage|p1b: Sneasler|73/100 brn
|-heal|p2b: Sinistcha|100/100|[from] drain|[of] p1b: Sneasler
|move|p2a: Incineroar|Parting Shot|p1a: Rotom
|-unboost|p1a: Rotom|atk|1
|-unboost|p1a: Rotom|spa|1
|
|t:|1785962740
|switch|p2a: Delphox|Delphox-Mega, L50, M|100/100|[from] Parting Shot
|
|-heal|p1a: Rotom|53/100|[from] item: Leftovers
|-damage|p1b: Sneasler|68/100 brn|[from] brn
|upkeep
|turn|7
|
|t:|1785962758
|move|p2a: Delphox|Protect|p2a: Delphox
|-singleturn|p2a: Delphox|Protect
|move|p1b: Sneasler|Poison Jab|p2a: Delphox
|-activate|p2a: Delphox|move: Protect
|move|p1a: Rotom|Hydro Pump|p2a: Delphox
|-activate|p2a: Delphox|move: Protect
|move|p2b: Sinistcha|Matcha Gotcha|p1b: Sneasler|[spread] p1a,p1b
|-supereffective|p1a: Rotom|1
|-resisted|p1b: Sneasler|1
|-damage|p1a: Rotom|20/100y
|-damage|p1b: Sneasler|57/100 brn
|
|-heal|p1a: Rotom|26/100|[from] item: Leftovers
|-damage|p1b: Sneasler|52/100 brn|[from] brn
|-sideend|p1: Slothpk|move: Light Screen
|upkeep
|turn|8
|-message|Slothpk forfeited.
|raw|Slothpk's rating: 1155 → 1134(-21 for losing)
|raw|platanoso's rating: 1211 → 1232(+21 for winning)
|
|win|platanoso
