|j|☆EnzoPS
|j|☆cybearaze
|html|EnzoPScybearaze    
|uhtml|bestof|Game 2 of a best-of-3
|t:|1757784853
|gametype|doubles
|player|p1|EnzoPS|cynthia-gen4|1113
|player|p2|cybearaze|266|1030
|gen|9
|tier|[Gen 9] VGC 2025 Reg H (Bo3)
|rated|
|rule|Species Clause: Limit one of each Pokémon
|rule|Item Clause: Limit 1 of each item
|clearpoke
|poke|p1|Pelipper, L50, M|
|poke|p1|Amoonguss, L50, F|
|poke|p1|Archaludon, L50, M|
|poke|p1|Basculegion, L50, M|
|poke|p1|Gholdengo, L50|
|poke|p1|Incineroar, L50, F|
|poke|p2|Hippowdon, L50, F|
|poke|p2|Tyranitar, L50, F|
|poke|p2|Excadrill, L50, F|
|poke|p2|Kilowattrel, L50, M|
|poke|p2|Garchomp, L50, F|
|poke|p2|Gardevoir, L50, M|
|teampreview|4
|showteam|p1|Pelipper||FocusSash|Drizzle|Protect,WeatherBall,Hurricane,Tailwind|||M|||50|,,,,,Ground]Amoonguss||SitrusBerry|Regenerator|Protect,Spore,RagePowder,PollenPuff|||F|||50|,,,,,Water]Archaludon||AssaultVest|Stamina|DragonPulse,ElectroShot,FlashCannon,BodyPress|||M|||50|,,,,,Grass]Basculegion||ChoiceBand|SwiftSwim|FlipTurn,WaveCrash,AquaJet,LastRespects|||M|||50|,,,,,Grass]Gholdengo||LifeOrb|GoodasGold|Protect,MakeItRain,ShadowBall,NastyPlot||||||50|,,,,,Water]Incineroar||SafetyGoggles|Intimidate|FlareBlitz,KnockOff,PartingShot,FakeOut|||F|||50|,,,,,Ghost
|showteam|p2|Hippowdon||Leftovers|SandStream|Earthquake,Yawn,BodyPress,SlackOff|||F|||50|,,,,,Rock]Tyranitar||AssaultVest|SandStream|RockBlast,KnockOff,Earthquake,IronHead|||F|||50|,,,,,Ghost]Excadrill||FocusSash|SandRush|Earthquake,SwordsDance,IronHead,Protect|||F|||50|,,,,,Ground]Kilowattrel||SafetyGoggles|WindPower|Discharge,Tailwind,VoltSwitch,AirSlash|||M|||50|,,,,,Electric]Garchomp||BrightPowder|SandVeil|Earthquake,DragonClaw,RockSlide,PoisonJab|||F|||50|,,,,,Dragon]Gardevoir||ChoiceScarf|Telepathy|DazzlingGleam,Moonblast,MysticalFire,Psychic|||M|||50|,,,,,Fairy
|
|t:|1757784880
|teamsize|p1|4
|teamsize|p2|4
|start
|switch|p1a: Archaludon|Archaludon, L50, M|100/100
|switch|p1b: Amoonguss|Amoonguss, L50, F|100/100
|switch|p2a: Tyranitar|Tyranitar, L50, F|100/100
|switch|p2b: Excadrill|Excadrill, L50, F|100/100
|-weather|Sandstorm|[from] ability: Sand Stream|[of] p2a: Tyranitar
|turn|1
|
|t:|1757784913
|-terastallize|p1a: Archaludon|Grass
|move|p2b: Excadrill|Protect|p2b: Excadrill
|-singleturn|p2b: Excadrill|Protect
|move|p1a: Archaludon|Flash Cannon|p2b: Excadrill
|-activate|p2b: Excadrill|move: Protect
|move|p2a: Tyranitar|Earthquake|p1b: Amoonguss|[spread] p1a,p1b
|-activate|p2b: Excadrill|move: Protect
|-resisted|p1a: Archaludon
|-damage|p1a: Archaludon|92/100
|-damage|p1b: Amoonguss|83/100
|-ability|p1a: Archaludon|Stamina|boost
|-boost|p1a: Archaludon|def|1
|move|p1b: Amoonguss|Spore|p2a: Tyranitar
|-status|p2a: Tyranitar|slp|[from] move: Spore
|
|-weather|Sandstorm|[upkeep]
|-damage|p1a: Archaludon|87/100|[from] Sandstorm
|-damage|p1b: Amoonguss|77/100|[from] Sandstorm
|upkeep
|turn|2
|
|t:|1757784948
|switch|p2b: Garchomp|Garchomp, L50, F|100/100
|switch|p2a: Kilowattrel|Kilowattrel, L50, M|100/100
|move|p1a: Archaludon|Flash Cannon|p2b: Garchomp
|-damage|p2b: Garchomp|58/100
|move|p1b: Amoonguss|Spore|p2b: Garchomp
|-status|p2b: Garchomp|slp|[from] move: Spore
|
|-weather|Sandstorm|[upkeep]
|-damage|p1a: Archaludon|81/100|[from] Sandstorm
|-damage|p1b: Amoonguss|71/100|[from] Sandstorm
|upkeep
|turn|3
|
|t:|1757784974
|switch|p1b: Pelipper|Pelipper, L50, M, shiny|100/100
|-weather|RainDance|[from] ability: Drizzle|[of] p1b: Pelipper
|cant|p2b: Garchomp|slp
|move|p2a: Kilowattrel|Air Slash|p1b: Pelipper
|-damage|p1b: Pelipper|43/100
|move|p1a: Archaludon|Electro Shot||[still]
|-prepare|p1a: Archaludon|Electro Shot
|-boost|p1a: Archaludon|spa|1
|-anim|p1a: Archaludon|Electro Shot|p2a: Kilowattrel
|-damage|p2a: Kilowattrel|13/100
|
|-weather|RainDance|[upkeep]
|upkeep
|turn|4
|
|t:|1757785000
|switch|p2a: Tyranitar|Tyranitar, L50, F|100/100 slp
|-weather|Sandstorm|[from] ability: Sand Stream|[of] p2a: Tyranitar
|switch|p1b: Amoonguss|Amoonguss, L50, F|100/100
|cant|p2b: Garchomp|slp
|move|p1a: Archaludon|Body Press|p2a: Tyranitar
|-supereffective|p2a: Tyranitar
|-damage|p2a: Tyranitar|21/100 slp
|
|-weather|Sandstorm|[upkeep]
|-damage|p1a: Archaludon|75/100|[from] Sandstorm
|-damage|p1b: Amoonguss|95/100|[from] Sandstorm
|upkeep
|turn|5
|
|t:|1757785038
|switch|p2a: Excadrill|Excadrill, L50, F|100/100
|cant|p2b: Garchomp|slp
|move|p1a: Archaludon|Dragon Pulse|p2a: Excadrill
|-resisted|p2a: Excadrill
|-damage|p2a: Excadrill|62/100
|move|p1b: Amoonguss|Pollen Puff|p1a: Archaludon
|-heal|p1a: Archaludon|100/100
|
|-weather|Sandstorm|[upkeep]
|-damage|p1a: Archaludon|95/100|[from] Sandstorm
|-damage|p1b: Amoonguss|89/100|[from] Sandstorm
|upkeep
|turn|6
|
|t:|1757785084
|move|p2a: Excadrill|Iron Head|p1b: Amoonguss
|-damage|p1b: Amoonguss|47/100
|-enditem|p1b: Amoonguss|Sitrus Berry|[eat]
|-heal|p1b: Amoonguss|72/100|[from] item: Sitrus Berry
|-curestatus|p2b: Garchomp|slp|[msg]
|move|p2b: Garchomp|Poison Jab|p1a: Archaludon
|-supereffective|p1a: Archaludon
|-damage|p1a: Archaludon|65/100
|-ability|p1a: Archaludon|Stamina|boost
|-boost|p1a: Archaludon|def|1
|move|p1a: Archaludon|Dragon Pulse|p2b: Garchomp
|-supereffective|p2b: Garchomp
|-damage|p2b: Garchomp|0 fnt
|faint|p2b: Garchomp
|move|p1b: Amoonguss|Spore|p2a: Excadrill
|-status|p2a: Excadrill|slp|[from] move: Spore
|
|-weather|Sandstorm|[upkeep]
|-damage|p1a: Archaludon|59/100|[from] Sandstorm
|-damage|p1b: Amoonguss|66/100|[from] Sandstorm
|upkeep
|
|t:|1757785108
|switch|p2b: Kilowattrel|Kilowattrel, L50, M|13/100
|turn|7
|
|t:|1757785139
|move|p1b: Amoonguss|Rage Powder|p1b: Amoonguss
|-singleturn|p1b: Amoonguss|move: Rage Powder
|cant|p2a: Excadrill|slp
|move|p2b: Kilowattrel|Discharge|p1b: Amoonguss|[spread] p1a,p1b
|-immune|p2a: Excadrill
|-resisted|p1a: Archaludon
|-resisted|p1b: Amoonguss
|-damage|p1a: Archaludon|49/100
|-damage|p1b: Amoonguss|55/100
|-ability|p1a: Archaludon|Stamina|boost
|-boost|p1a: Archaludon|def|1
|move|p1a: Archaludon|Dragon Pulse|p2b: Kilowattrel
|-damage|p2b: Kilowattrel|0 fnt
|faint|p2b: Kilowattrel
|
|-weather|Sandstorm|[upkeep]
|-damage|p1a: Archaludon|43/100|[from] Sandstorm
|-damage|p1b: Amoonguss|49/100|[from] Sandstorm
|upkeep
|
|t:|1757785154
|switch|p2b: Tyranitar|Tyranitar, L50, F|21/100 slp
|turn|8
|
|t:|1757785182
|cant|p2a: Excadrill|slp
|move|p1a: Archaludon|Flash Cannon|p2b: Tyranitar
|-supereffective|p2b: Tyranitar
|-damage|p2b: Tyranitar|0 fnt
|faint|p2b: Tyranitar
|move|p1b: Amoonguss|Pollen Puff|p1a: Archaludon
|-heal|p1a: Archaludon|93/100
|
|-weather|none
|upkeep
|turn|9
|
|t:|1757785193
|move|p1b: Amoonguss|Rage Powder|p1b: Amoonguss
|-singleturn|p1b: Amoonguss|move: Rage Powder
|cant|p2a: Excadrill|slp
|move|p1a: Archaludon|Body Press|p2a: Excadrill
|-supereffective|p2a: Excadrill
|-damage|p2a: Excadrill|0 fnt
|faint|p2a: Excadrill
|
|win|EnzoPS
||cybearaze is ready for game 3.
|inactive|EnzoPS has 30 seconds to confirm battle start!
||EnzoPS is ready for game 3.
|uhtml|next|Next: Game 3 of 3
