|j|☆hello for none
|j|☆That1Morpecko
|html|hello for noneThat1Morpecko    
|uhtml|bestof|Game 1 of a best-of-3
|t:|1782758995
|gametype|doubles
|player|p1|hello for none|169|1085
|player|p2|That1Morpecko|hiker-gen4|1157
|gen|9
|tier|[Gen 9 Champions] VGC 2026 Reg M-B (Bo3)
|rated|
|rule|Species Clause: Limit one of each Pokémon
|rule|Item Clause: Limit 1 of each item
|clearpoke
|poke|p1|Dragapult, L50, F|
|poke|p1|Sinistcha-Masterpiece, L50|
|poke|p1|Samurott-Hisui, L50, F|
|poke|p1|Scizor, L50, M|
|poke|p1|Gallade, L50, M|
|poke|p1|Feraligatr, L50, M|
|poke|p2|Whimsicott, L50, M|
|poke|p2|Garchomp, L50, M|
|poke|p2|Kingambit, L50, F|
|poke|p2|Charizard, L50, M|
|poke|p2|Floette-Eternal, L50, F|
|poke|p2|Basculegion, L50, M|
|teampreview|4
|showteam|p1|Dragapult||LifeOrb|Infiltrator|Protect,WillOWisp,Hex,DracoMeteor|Modest||F|||50|]Sinistcha-Masterpiece||Leftovers|Hospitality|RagePowder,Protect,MatchaGotcha,TrickRoom|Timid|||||50|]Samurott-Hisui||ChoiceScarf|Torrent|DarkPulse,VacuumWave,Surf,IceBeam|Timid||F|||50|]Scizor||MentalHerb|Technician|Tailwind,BulletPunch,Protect,Uturn|Impish||M|||50|]Gallade||Galladite|Sharpness|KnockOff,PsychoCut,Protect,DrainPunch|Jolly||M|||50|]Feraligatr||Feraligite|SheerForce|Liquidation,Protect,Earthquake,DoubleEdge|Adamant||M|||50|
|showteam|p2|Whimsicott||FocusSash|Prankster|Moonblast,Tailwind,Encore,Protect|Timid||M|||50|]Garchomp||SitrusBerry|RoughSkin|DragonClaw,RockSlide,Earthquake,Protect|Jolly||M|||50|]Kingambit||ChopleBerry|Defiant|SuckerPunch,KowtowCleave,IronHead,LowKick|Adamant||F|||50|]Charizard||CharizarditeY|Blaze|Protect,WeatherBall,HeatWave,SolarBeam|Modest||M|||50|]Floette-Eternal||Floettite|FlowerVeil|Moonblast,DazzlingGleam,LightofRuin,Protect|Modest||F|||50|]Basculegion||LifeOrb|Adaptability|WaveCrash,LastRespects,AquaJet,Protect|Adamant||M|||50|
|inactive|Battle timer is ON: inactive players will automatically lose when time's up. (requested by That1Morpecko)
|
|t:|1782759026
|teamsize|p1|4
|teamsize|p2|4
|start
|switch|p1a: Scizor|Scizor, L50, M|100/100
|switch|p1b: Feraligatr|Feraligatr, L50, M|100/100
|switch|p2a: Garchomp|Garchomp, L50, M|100/100
|switch|p2b: Kingambit|Kingambit, L50, F|100/100
|turn|1
|
|t:|1782759040
|move|p2a: Garchomp|Dragon Claw|p1b: Feraligatr
|-damage|p1b: Feraligatr|53/100
|move|p1b: Feraligatr|Earthquake|p2a: Garchomp|[spread] p1a,p2a,p2b
|-supereffective|p2b: Kingambit|1
|-damage|p1a: Scizor|76/100
|-damage|p2a: Garchomp|74/100
|-damage|p2b: Kingambit|54/100
|move|p1a: Scizor|Tailwind|p1a: Scizor
|-sidestart|p1: hello for none|move: Tailwind
|move|p2b: Kingambit|Kowtow Cleave|p1a: Scizor
|-damage|p1a: Scizor|29/100
|
|upkeep
|turn|2
|
|t:|1782759064
|move|p2b: Kingambit|Sucker Punch|p1b: Feraligatr
|-damage|p1b: Feraligatr|3/100
|move|p1b: Feraligatr|Liquidation|p2a: Garchomp
|-damage|p2a: Garchomp|20/100y
|-damage|p1b: Feraligatr|0 fnt|[from] ability: Rough Skin|[of] p2a: Garchomp
|-enditem|p2a: Garchomp|Sitrus Berry|[eat]
|-heal|p2a: Garchomp|44/100|[from] item: Sitrus Berry
|faint|p1b: Feraligatr
|move|p1a: Scizor|U-turn|p2b: Kingambit
|-damage|p2b: Kingambit|25/100
|
|t:|1782759080
|switch|p1a: Samurott|Samurott-Hisui, L50, F|100/100|[from] U-turn
|move|p2a: Garchomp|Dragon Claw|p1a: Samurott
|-damage|p1a: Samurott|41/100
|
|upkeep
|
|t:|1782759085
|switch|p1b: Gallade|Gallade, L50, M|100/100
|turn|3
|
|t:|1782759096
|detailschange|p1b: Gallade|Gallade-Mega, L50, M
|-mega|p1b: Gallade|Gallade|Galladite
|move|p1b: Gallade|Protect|p1b: Gallade
|-singleturn|p1b: Gallade|Protect
|move|p2a: Garchomp|Protect|p2a: Garchomp
|-singleturn|p2a: Garchomp|Protect
|move|p1a: Samurott|Vacuum Wave|p2b: Kingambit
|-supereffective|p2b: Kingambit|2
|-enditem|p2b: Kingambit|Chople Berry|[eat]
|-enditem|p2b: Kingambit|Chople Berry|[weaken]
|-damage|p2b: Kingambit|0 fnt
|faint|p2b: Kingambit
|
|upkeep
|
|t:|1782759114
|switch|p2b: Basculegion|Basculegion, L50, M|100/100
|turn|4
|
|t:|1782759135
|switch|p1a: Scizor|Scizor, L50, M|29/100
|move|p1b: Gallade|Knock Off|p2b: Basculegion
|-supereffective|p2b: Basculegion|1
|-damage|p2b: Basculegion|0 fnt
|-enditem|p2b: Basculegion|Life Orb|[from] move: Knock Off|[of] p1b: Gallade
|faint|p2b: Basculegion
|move|p2a: Garchomp|Dragon Claw|p1b: Gallade
|-damage|p1b: Gallade|42/100
|
|-sideend|p1: hello for none|move: Tailwind
|upkeep
|
|t:|1782759149
|switch|p2b: Charizard|Charizard, L50, M|100/100
|turn|5
|
|t:|1782759168
|detailschange|p2b: Charizard|Charizard-Mega-Y, L50, M
|-mega|p2b: Charizard|Charizard|Charizardite Y
|-weather|SunnyDay|[from] ability: Drought|[of] p2b: Charizard
|move|p1a: Scizor|Bullet Punch|p2a: Garchomp
|-damage|p2a: Garchomp|20/100y
|-damage|p1a: Scizor|17/100|[from] ability: Rough Skin|[of] p2a: Garchomp
|move|p1b: Gallade|Psycho Cut|p2b: Charizard
|-damage|p2b: Charizard|58/100
|move|p2a: Garchomp|Dragon Claw|p1b: Gallade
|-damage|p1b: Gallade|0 fnt
|faint|p1b: Gallade
|move|p2b: Charizard|Heat Wave|p1a: Scizor
|-supereffective|p1a: Scizor|2
|-damage|p1a: Scizor|0 fnt
|faint|p1a: Scizor
|
|-weather|SunnyDay|[upkeep]
|upkeep
|
|t:|1782759184
|switch|p1b: Samurott|Samurott-Hisui, L50, F|41/100
|turn|6
|
|t:|1782759194
|move|p2b: Charizard|Protect|p2b: Charizard
|-singleturn|p2b: Charizard|Protect
|move|p1b: Samurott|Surf|p2a: Garchomp|[spread] p2a
|-activate|p2b: Charizard|move: Protect
|-damage|p2a: Garchomp|4/100
|move|p2a: Garchomp|Earthquake|p1b: Samurott|[spread] p1b
|-activate|p2b: Charizard|move: Protect
|-damage|p1b: Samurott|0 fnt
|faint|p1b: Samurott
|
|win|That1Morpecko
||That1Morpecko is ready for game 2.
||hello for none is ready for game 2.
|uhtml|next|Next: Game 2 of 3
|l|☆hello for none
|player|p1|
