|j|☆owbd
|j|☆Squ1dge_
|html|owbdSqu1dge_    
|uhtml|bestof|Game 1 of a best-of-3
|t:|1785227287
|gametype|doubles
|player|p1|owbd|cynthia-gen4|1219
|player|p2|Squ1dge_|170|1398
|gen|9
|tier|[Gen 9 Champions] VGC 2026 Reg M-B (Bo3)
|rated|
|rule|Species Clause: Limit one of each Pokémon
|rule|Item Clause: Limit 1 of each item
|clearpoke
|poke|p1|Charizard, L50, M, shiny|
|poke|p1|Floette-Eternal, L50, F|
|poke|p1|Kingambit, L50, F, shiny|
|poke|p1|Garchomp, L50, M, shiny|
|poke|p1|Basculegion, L50, M|
|poke|p1|Whimsicott, L50, M, shiny|
|poke|p2|Kingambit, L50, M|
|poke|p2|Dragonite, L50, F|
|poke|p2|Basculegion, L50, M|
|poke|p2|Froslass, L50, F|
|poke|p2|Sneasler, L50, M|
|poke|p2|Garchomp, L50, M|
|teampreview|4
|showteam|p1|Charizard||CharizarditeY|Blaze|HeatWave,WeatherBall,SolarBeam,Protect|Modest||M|||50|]Floette-Eternal||Floettite|FlowerVeil|Moonblast,DazzlingGleam,LightofRuin,Protect|Modest||F|||50|]Kingambit||BlackGlasses|Defiant|IronHead,KowtowCleave,SuckerPunch,Protect|Adamant||F|||50|]Garchomp||LifeOrb|RoughSkin|RockSlide,DragonClaw,Earthquake,Protect|Jolly||M|||50|]Basculegion||MysticWater|Adaptability|WaveCrash,LastRespects,AquaJet,Protect|Adamant||M|||50|]Whimsicott||FocusSash|Prankster|Moonblast,Encore,Tailwind,Protect|Timid||M|||50|
|showteam|p2|Kingambit||ChopleBerry|Defiant|KowtowCleave,SuckerPunch,IronHead,LowKick|Adamant||M|||50|]Dragonite||Dragoninite|Multiscale|HeatWave,Protect,Thunderbolt,DragonPulse|Timid||F|||50|]Basculegion||SitrusBerry|Adaptability|LastRespects,Protect,WaveCrash,AquaJet|Adamant||M|||50|]Froslass||Froslassite|CursedBody|ShadowBall,AuroraVeil,Blizzard,Protect|Modest||F|||50|]Sneasler||FocusSash|Unburden|Protect,DireClaw,FakeOut,CloseCombat|Jolly||M|||50|]Garchomp||RoseliBerry|RoughSkin|RockSlide,DragonClaw,Protect,Earthquake|Jolly||M|||50|
|inactive|Battle timer is ON: inactive players will automatically lose when time's up. (requested by owbd)
|
|t:|1785227308
|teamsize|p1|4
|teamsize|p2|4
|start
|switch|p1a: Floette|Floette-Eternal, L50, F|100/100
|switch|p1b: Whimsicott|Whimsicott, L50, M, shiny|100/100
|switch|p2a: Froslass|Froslass, L50, F|100/100
|switch|p2b: Sneasler|Sneasler, L50, M|100/100
|turn|1
|
|t:|1785227326
|detailschange|p2a: Froslass|Froslass-Mega, L50, F
|-mega|p2a: Froslass|Froslass|Froslassite
|-weather|Snowscape|[from] ability: Snow Warning|[of] p2a: Froslass
|move|p1a: Floette|Protect|p1a: Floette
|-singleturn|p1a: Floette|Protect
|move|p1b: Whimsicott|Tailwind|p1b: Whimsicott
|-sidestart|p1: owbd|move: Tailwind
|move|p2b: Sneasler|Dire Claw|p1a: Floette
|-activate|p1a: Floette|move: Protect
|move|p2a: Froslass|Aurora Veil|p2a: Froslass
|-sidestart|p2: Squ1dge_|move: Aurora Veil
|
|-weather|Snowscape|[upkeep]
|upkeep
|turn|2
|
|t:|1785227348
|detailschange|p1a: Floette|Floette-Mega, L50, F
|-mega|p1a: Floette|Floette|Floettite
|-ability|p1a: Floette|Fairy Aura
|move|p1b: Whimsicott|Moonblast|p2b: Sneasler
|-damage|p2b: Sneasler|57/100
|move|p1a: Floette|Dazzling Gleam|p2b: Sneasler|[spread] p2a,p2b
|-damage|p2a: Froslass|55/100
|-damage|p2b: Sneasler|9/100
|move|p2b: Sneasler|Dire Claw|p1a: Floette
|-supereffective|p1a: Floette|1
|-damage|p1a: Floette|0 fnt
|faint|p1a: Floette
|move|p2a: Froslass|Blizzard|p1b: Whimsicott
|-supereffective|p1b: Whimsicott|1
|-enditem|p1b: Whimsicott|Focus Sash
|-damage|p1b: Whimsicott|1/100
|
|-weather|Snowscape|[upkeep]
|upkeep
|
|t:|1785227365
|switch|p1a: Garchomp|Garchomp, L50, M, shiny|100/100
|turn|3
|
|t:|1785227386
|switch|p2a: Kingambit|Kingambit, L50, M|100/100
|move|p2b: Sneasler|Protect|p2b: Sneasler
|-singleturn|p2b: Sneasler|Protect
|move|p1b: Whimsicott|Moonblast|p2a: Kingambit
|-damage|p2a: Kingambit|76/100
|move|p1a: Garchomp|Rock Slide|p2a: Kingambit|[spread] p2a
|-activate|p2b: Sneasler|move: Protect
|-resisted|p2a: Kingambit|1
|-damage|p2a: Kingambit|70/100
|-damage|p1a: Garchomp|90/100|[from] item: Life Orb
|
|-weather|Snowscape|[upkeep]
|upkeep
|turn|4
|inactive|owbd has 30 seconds left.
|inactive|Squ1dge_ has 30 seconds left.
|inactive|owbd has 20 seconds left.
|inactive|owbd has 15 seconds left.
|
|t:|1785227426
|move|p1b: Whimsicott|Protect|p1b: Whimsicott
|-singleturn|p1b: Whimsicott|Protect
|move|p2a: Kingambit|Sucker Punch||[still]
|-fail|p2a: Kingambit
|move|p1a: Garchomp|Earthquake|p2b: Sneasler|[spread] p2a,p2b
|-activate|p1b: Whimsicott|move: Protect
|-supereffective|p2a: Kingambit|1
|-supereffective|p2b: Sneasler|1
|-damage|p2a: Kingambit|21/100
|-damage|p2b: Sneasler|0 fnt
|faint|p2b: Sneasler
|-damage|p1a: Garchomp|80/100|[from] item: Life Orb
|
|-weather|Snowscape|[upkeep]
|-sideend|p1: owbd|move: Tailwind
|upkeep
|
|t:|1785227441
|switch|p2b: Basculegion|Basculegion, L50, M|100/100
|turn|5
|inactive|Squ1dge_ has 30 seconds left.
|
|t:|1785227476
|move|p1b: Whimsicott|Tailwind|p1b: Whimsicott
|-sidestart|p1: owbd|move: Tailwind
|move|p2a: Kingambit|Sucker Punch||[still]
|-fail|p2a: Kingambit
|move|p1a: Garchomp|Earthquake|p2b: Basculegion|[spread] p1b,p2a,p2b
|-resisted|p1b: Whimsicott|1
|-supereffective|p2a: Kingambit|1
|-damage|p1b: Whimsicott|0 fnt
|-damage|p2a: Kingambit|0 fnt
|-damage|p2b: Basculegion|60/100
|faint|p1b: Whimsicott
|faint|p2a: Kingambit
|-damage|p1a: Garchomp|70/100|[from] item: Life Orb
|move|p2b: Basculegion|Last Respects|p1a: Garchomp
|-damage|p1a: Garchomp|0 fnt
|faint|p1a: Garchomp
|
|-weather|none
|-sideend|p2: Squ1dge_|move: Aurora Veil
|upkeep
|
|t:|1785227491
|switch|p1b: Kingambit|Kingambit, L50, F, shiny|100/100
|switch|p2a: Froslass|Froslass-Mega, L50, F|55/100
|-weather|Snowscape|[from] ability: Snow Warning|[of] p2a: Froslass
|turn|6
|
|t:|1785227514
|move|p2b: Basculegion|Protect|p2b: Basculegion
|-singleturn|p2b: Basculegion|Protect
|move|p2a: Froslass|Aurora Veil|p2a: Froslass
|-sidestart|p2: Squ1dge_|move: Aurora Veil
|move|p1b: Kingambit|Kowtow Cleave|p2b: Basculegion
|-activate|p2b: Basculegion|move: Protect
|
|-weather|Snowscape|[upkeep]
|upkeep
|turn|7
|
|t:|1785227529
|move|p2b: Basculegion|Aqua Jet|p1b: Kingambit
|-damage|p1b: Kingambit|78/100
|move|p2a: Froslass|Blizzard|p1b: Kingambit
|-resisted|p1b: Kingambit|1
|-damage|p1b: Kingambit|47/100
|move|p1b: Kingambit|Kowtow Cleave|p2b: Basculegion
|-supereffective|p2b: Basculegion|1
|-damage|p2b: Basculegion|0 fnt
|faint|p2b: Basculegion
|
|-weather|Snowscape|[upkeep]
|upkeep
|turn|8
|
|t:|1785227544
|move|p2a: Froslass|Blizzard|p1b: Kingambit
|-resisted|p1b: Kingambit|1
|-damage|p1b: Kingambit|11/100
|move|p1b: Kingambit|Kowtow Cleave|p2a: Froslass
|-supereffective|p2a: Froslass|1
|-damage|p2a: Froslass|0 fnt
|faint|p2a: Froslass
|
|win|owbd
||owbd is ready for game 2.
||Squ1dge_ is ready for game 2.
|uhtml|next|Next: Game 2 of 3
