|j|☆Gaspar8
|j|☆riegeljr
|html|Gaspar8riegeljr    
|uhtml|bestof|Game 1 of a best-of-3
|t:|1756633144
|gametype|doubles
|player|p1|Gaspar8|2|1205
|player|p2|riegeljr|infielder|1090
|gen|9
|tier|[Gen 9] VGC 2025 Reg H (Bo3)
|rated|
|rule|Species Clause: Limit one of each Pokémon
|rule|Item Clause: Limit 1 of each item
|clearpoke
|poke|p1|Sinistcha, L50|
|poke|p1|Sneasler, L50, F|
|poke|p1|Ursaluna-Bloodmoon, L50, M|
|poke|p1|Dragonite, L50, M|
|poke|p1|Incineroar, L50, M|
|poke|p1|Gholdengo, L50|
|poke|p2|Primarina, L50, F|
|poke|p2|Volcarona, L50, F|
|poke|p2|Baxcalibur, L50, F|
|poke|p2|Incineroar, L50, M|
|poke|p2|Rillaboom, L50, F|
|poke|p2|Gholdengo, L50|
|teampreview|4
|showteam|p1|Sinistcha||SitrusBerry|Hospitality|MatchaGotcha,StrengthSap,RagePowder,TrickRoom||||||50|,,,,,Water]Sneasler||FocusSash|Unburden|DireClaw,CloseCombat,ThroatChop,FakeOut|||F|||50|,,,,,Dark]Ursaluna-Bloodmoon||LifeOrb|MindsEye|BloodMoon,HyperVoice,EarthPower,Protect|||M|||50|,,,,,Normal]Dragonite||LoadedDice|Multiscale|ScaleShot,Tailwind,Haze,Protect|||M|||50|,,,,,Fairy]Incineroar||AssaultVest|Intimidate|FlareBlitz,KnockOff,FakeOut,Uturn|||M|||50|,,,,,Ghost]Gholdengo||Leftovers|GoodasGold|MakeItRain,ShadowBall,NastyPlot,Protect||||||50|,,,,,Water
|showteam|p2|Primarina||SitrusBerry|LiquidVoice|HyperVoice,Moonblast,Haze,Protect|||F|||50|,,,,,Poison]Volcarona||GrassySeed|FlameBody|HeatWave,GigaDrain,QuiverDance,Protect|||F|||50|,,,,,Grass]Baxcalibur||LoadedDice|ThermalExchange|IcicleSpear,IceShard,ScaleShot,Protect|||F|||50|,,,,,Dragon]Incineroar||SafetyGoggles|Intimidate|FakeOut,KnockOff,FlareBlitz,PartingShot|||M|||50|,,,,,Ghost]Rillaboom||AssaultVest|GrassySurge|FakeOut,WoodHammer,HighHorsepower,Uturn|||F|||50|,,,,,Ground]Gholdengo||ChoiceSpecs|GoodasGold|MakeItRain,ShadowBall,PowerGem,Thunderbolt||||||50|,,,,,Steel
|inactive|Battle timer is ON: inactive players will automatically lose when time's up. (requested by riegeljr)
|inactive|riegeljr has 60 seconds left.
|inactive|riegeljr has 30 seconds left.
|inactive|riegeljr has 20 seconds left.
|
|t:|1756633216
|teamsize|p1|4
|teamsize|p2|4
|start
|switch|p1a: Gholdengo|Gholdengo, L50|100/100
|switch|p1b: Sneasler|Sneasler, L50, F, shiny|100/100
|switch|p2a: Volcarona|Volcarona, L50, F|100/100
|switch|p2b: Rillaboom|Rillaboom, L50, F|100/100
|-fieldstart|move: Grassy Terrain|[from] ability: Grassy Surge|[of] p2b: Rillaboom
|-enditem|p2a: Volcarona|Grassy Seed
|-boost|p2a: Volcarona|def|1|[from] item: Grassy Seed
|turn|1
|inactive|riegeljr has 30 seconds left.
|
|t:|1756633243
|-terastallize|p2b: Rillaboom|Ground
|move|p1b: Sneasler|Fake Out|p2a: Volcarona
|-damage|p2a: Volcarona|89/100
|-status|p1b: Sneasler|brn|[from] ability: Flame Body|[of] p2a: Volcarona
|cant|p2a: Volcarona|flinch
|move|p2b: Rillaboom|High Horsepower|p1a: Gholdengo
|-supereffective|p1a: Gholdengo
|-damage|p1a: Gholdengo|23/100
|move|p1a: Gholdengo|Nasty Plot|p1a: Gholdengo
|-boost|p1a: Gholdengo|spa|2
|
|-heal|p2a: Volcarona|95/100|[from] Grassy Terrain
|-heal|p1a: Gholdengo|29/100|[from] Grassy Terrain
|-heal|p1a: Gholdengo|35/100|[from] item: Leftovers
|-damage|p1b: Sneasler|95/100 brn|[from] brn
|upkeep
|turn|2
|inactive|riegeljr has 30 seconds left.
|inactive|riegeljr has 20 seconds left.
|
|t:|1756633281
|switch|p2b: Incineroar|Incineroar, L50, M|100/100
|-ability|p2b: Incineroar|Intimidate|boost
|-unboost|p1a: Gholdengo|atk|1
|-unboost|p1b: Sneasler|atk|1
|move|p2a: Volcarona|Protect|p2a: Volcarona
|-singleturn|p2a: Volcarona|Protect
|move|p1a: Gholdengo|Protect|p1a: Gholdengo
|-singleturn|p1a: Gholdengo|Protect
|move|p1b: Sneasler|Dire Claw|p2a: Volcarona
|-activate|p2a: Volcarona|move: Protect
|
|-heal|p1b: Sneasler|100/100 brn|[from] Grassy Terrain
|-heal|p2a: Volcarona|100/100|[from] Grassy Terrain
|-heal|p1a: Gholdengo|41/100|[from] Grassy Terrain
|-heal|p1a: Gholdengo|47/100|[from] item: Leftovers
|-damage|p1b: Sneasler|95/100 brn|[from] brn
|upkeep
|turn|3
|inactive|Gaspar8 has 30 seconds left.
|inactive|riegeljr has 30 seconds left.
|inactive|Gaspar8 has 20 seconds left.
|inactive|riegeljr has 20 seconds left.
|inactive|Gaspar8 has 15 seconds left.
|
|t:|1756633326
|switch|p1b: Incineroar|Incineroar, L50, M, shiny|100/100
|-ability|p1b: Incineroar|Intimidate|boost
|-unboost|p2a: Volcarona|atk|1
|-unboost|p2b: Incineroar|atk|1
|switch|p2a: Gholdengo|Gholdengo, L50|100/100
|-terastallize|p1a: Gholdengo|Water
|move|p1a: Gholdengo|Shadow Ball|p2a: Gholdengo
|-supereffective|p2a: Gholdengo
|-damage|p2a: Gholdengo|0 fnt
|faint|p2a: Gholdengo
|move|p2b: Incineroar|Knock Off|p1a: Gholdengo
|-damage|p1a: Gholdengo|24/100
|-enditem|p1a: Gholdengo|Leftovers|[from] move: Knock Off|[of] p2b: Incineroar
|
|-heal|p1a: Gholdengo|30/100|[from] Grassy Terrain
|upkeep
|
|t:|1756633342
|switch|p2a: Rillaboom|Rillaboom, L50, F, tera:Ground|100/100
|turn|4
|
|t:|1756633362
|move|p2a: Rillaboom|Fake Out|p1a: Gholdengo
|-damage|p1a: Gholdengo|18/100
|cant|p1a: Gholdengo|flinch
|move|p2b: Incineroar|Parting Shot|p1b: Incineroar
|-unboost|p1b: Incineroar|atk|1
|-unboost|p1b: Incineroar|spa|1
|
|t:|1756633369
|switch|p2b: Volcarona|Volcarona, L50, F|100/100|[from] Parting Shot
|move|p1b: Incineroar|U-turn|p2a: Rillaboom
|-crit|p2a: Rillaboom
|-damage|p2a: Rillaboom|72/100
|
|t:|1756633378
|switch|p1b: Sneasler|Sneasler, L50, F, shiny|95/100 brn|[from] U-turn
|
|-heal|p1b: Sneasler|100/100 brn|[from] Grassy Terrain
|-heal|p2a: Rillaboom|78/100|[from] Grassy Terrain
|-heal|p1a: Gholdengo|24/100|[from] Grassy Terrain
|-damage|p1b: Sneasler|95/100 brn|[from] brn
|upkeep
|turn|5
|
|t:|1756633397
|move|p1b: Sneasler|Fake Out|p2a: Rillaboom
|-damage|p2a: Rillaboom|70/100
|move|p2b: Volcarona|Giga Drain|p1a: Gholdengo
|-supereffective|p1a: Gholdengo
|-damage|p1a: Gholdengo|0 fnt
|faint|p1a: Gholdengo
|cant|p2a: Rillaboom|flinch
|
|-heal|p1b: Sneasler|100/100 brn|[from] Grassy Terrain
|-heal|p2a: Rillaboom|77/100|[from] Grassy Terrain
|-damage|p1b: Sneasler|95/100 brn|[from] brn
|-fieldend|move: Grassy Terrain
|upkeep
|
|t:|1756633415
|switch|p1a: Incineroar|Incineroar, L50, M, shiny|100/100
|-ability|p1a: Incineroar|Intimidate|boost
|-unboost|p2a: Rillaboom|atk|1
|-unboost|p2b: Volcarona|atk|1
|turn|6
|
|t:|1756633431
|switch|p2b: Incineroar|Incineroar, L50, M|100/100
|-ability|p2b: Incineroar|Intimidate|boost
|-unboost|p1a: Incineroar|atk|1
|-unboost|p1b: Sneasler|atk|1
|move|p1b: Sneasler|Close Combat|p2a: Rillaboom
|-damage|p2a: Rillaboom|56/100
|-unboost|p1b: Sneasler|def|1
|-unboost|p1b: Sneasler|spd|1
|move|p2a: Rillaboom|High Horsepower|p1b: Sneasler
|-supereffective|p1b: Sneasler
|-damage|p1b: Sneasler|0 fnt
|faint|p1b: Sneasler
|move|p1a: Incineroar|U-turn|p2a: Rillaboom
|-damage|p2a: Rillaboom|44/100
|
|t:|1756633447
|switch|p1a: Dragonite|Dragonite, L50, M|100/100|[from] U-turn
|
|upkeep
|
|t:|1756633452
|switch|p1b: Incineroar|Incineroar, L50, M, shiny|100/100
|-ability|p1b: Incineroar|Intimidate|boost
|-unboost|p2a: Rillaboom|atk|1
|-unboost|p2b: Incineroar|atk|1
|turn|7
|inactive|riegeljr has 30 seconds left.
|
|t:|1756633484
|move|p2a: Rillaboom|U-turn|p1b: Incineroar
|-damage|p1b: Incineroar|92/100
|
|t:|1756633487
|switch|p2a: Volcarona|Volcarona, L50, F|100/100|[from] U-turn
|move|p1a: Dragonite|Scale Shot|p2a: Volcarona
|-damage|p2a: Volcarona|85/100
|-damage|p2a: Volcarona|69/100
|-damage|p2a: Volcarona|52/100
|-damage|p2a: Volcarona|35/100
|-hitcount|p2a: Volcarona|4
|-unboost|p1a: Dragonite|def|1
|-boost|p1a: Dragonite|spe|1
|move|p2b: Incineroar|Parting Shot|p1a: Dragonite
|-unboost|p1a: Dragonite|atk|1
|-unboost|p1a: Dragonite|spa|1
|
|t:|1756633495
|switch|p2b: Rillaboom|Rillaboom, L50, F, tera:Ground|44/100|[from] Parting Shot
|-fieldstart|move: Grassy Terrain|[from] ability: Grassy Surge|[of] p2b: Rillaboom
|move|p1b: Incineroar|Flare Blitz|p2a: Volcarona
|-damage|p2a: Volcarona|0 fnt
|faint|p2a: Volcarona
|-damage|p1b: Incineroar|81/100|[from] Recoil
|
|-heal|p2b: Rillaboom|50/100|[from] Grassy Terrain
|-heal|p1b: Incineroar|87/100|[from] Grassy Terrain
|upkeep
|
|t:|1756633506
|switch|p2a: Incineroar|Incineroar, L50, M|100/100
|-ability|p2a: Incineroar|Intimidate|boost
|-unboost|p1a: Dragonite|atk|1
|-unboost|p1b: Incineroar|atk|1
|turn|8
|inactive|Gaspar8 has 30 seconds left.
|
|t:|1756633537
|move|p2a: Incineroar|Fake Out|p1a: Dragonite
|-damage|p1a: Dragonite|93/100
|cant|p1a: Dragonite|flinch
|move|p2b: Rillaboom|High Horsepower|p1b: Incineroar
|-supereffective|p1b: Incineroar
|-damage|p1b: Incineroar|17/100
|move|p1b: Incineroar|Flare Blitz|p2b: Rillaboom
|-damage|p2b: Rillaboom|22/100
|-damage|p1b: Incineroar|9/100|[from] Recoil
|
|-heal|p2b: Rillaboom|28/100|[from] Grassy Terrain
|-heal|p1b: Incineroar|15/100|[from] Grassy Terrain
|upkeep
|turn|9
|inactive|Gaspar8 has 30 seconds left.
|inactive|riegeljr has 30 seconds left.
|inactive|Gaspar8 has 20 seconds left.
|
|t:|1756633572
|move|p1a: Dragonite|Haze|p1a: Dragonite
|-clearallboost
|move|p2b: Rillaboom|High Horsepower|p1b: Incineroar
|-supereffective|p1b: Incineroar
|-damage|p1b: Incineroar|0 fnt
|faint|p1b: Incineroar
|move|p2a: Incineroar|Knock Off|p1a: Dragonite
|-damage|p1a: Dragonite|56/100
|-enditem|p1a: Dragonite|Loaded Dice|[from] move: Knock Off|[of] p2a: Incineroar
|
|-heal|p2b: Rillaboom|35/100|[from] Grassy Terrain
|upkeep
|turn|10
|inactive|riegeljr has 30 seconds left.
|
|t:|1756633601
|move|p2b: Rillaboom|Wood Hammer|p1a: Dragonite
|-resisted|p1a: Dragonite
|-damage|p1a: Dragonite|40/100
|-damage|p2b: Rillaboom|29/100|[from] Recoil
|move|p1a: Dragonite|Scale Shot|p2b: Rillaboom
|-damage|p2b: Rillaboom|16/100
|-damage|p2b: Rillaboom|4/100
|-damage|p2b: Rillaboom|0 fnt
|faint|p2b: Rillaboom
|-hitcount|p2: Rillaboom|3
|-unboost|p1a: Dragonite|def|1
|-boost|p1a: Dragonite|spe|1
|move|p2a: Incineroar|Parting Shot|p1a: Dragonite
|-unboost|p1a: Dragonite|atk|1
|-unboost|p1a: Dragonite|spa|1
|
|upkeep
|turn|11
|inactive|Gaspar8 has 30 seconds left.
|
|t:|1756633628
|move|p1a: Dragonite|Protect|p1a: Dragonite
|-singleturn|p1a: Dragonite|Protect
|move|p2a: Incineroar|Knock Off|p1a: Dragonite
|-activate|p1a: Dragonite|move: Protect
|
|-fieldend|move: Grassy Terrain
|upkeep
|turn|12
|
|t:|1756633635
|move|p1a: Dragonite|Scale Shot|p2a: Incineroar
|-damage|p2a: Incineroar|92/100
|-damage|p2a: Incineroar|82/100
|-damage|p2a: Incineroar|73/100
|-hitcount|p2a: Incineroar|3
|-unboost|p1a: Dragonite|def|1
|-boost|p1a: Dragonite|spe|1
|move|p2a: Incineroar|Knock Off|p1a: Dragonite
|-crit|p1a: Dragonite
|-damage|p1a: Dragonite|0 fnt
|faint|p1a: Dragonite
|
|win|riegeljr
|inactive|Gaspar8 has 30 seconds to confirm battle start!
|inactive|riegeljr has 30 seconds to confirm battle start!
|l|☆Gaspar8
|player|p1|
|raw|Gaspar8's rating: 1205 → 1172(-33 for losing)
|raw|riegeljr's rating: 1090 → 1125(+35 for winning)
