|j|☆UndeadParadox
|j|☆2lico
|html|UndeadParadox2lico    
|uhtml|bestof|Game 3 of a best-of-3
|t:|1756790958
|gametype|doubles
|player|p1|UndeadParadox|guitarist|1272
|player|p2|2lico|mrstone|1346
|gen|9
|tier|[Gen 9] VGC 2025 Reg H (Bo3)
|rated|
|rule|Species Clause: Limit one of each Pokémon
|rule|Item Clause: Limit 1 of each item
|clearpoke
|poke|p1|Sneasler, L50, F|
|poke|p1|Rillaboom, L50, M|
|poke|p1|Incineroar, L50, F|
|poke|p1|Gholdengo, L50|
|poke|p1|Hydreigon, L50, F|
|poke|p1|Gengar, L50, M|
|poke|p2|Excadrill, L50, F|
|poke|p2|Tyranitar, L50, M|
|poke|p2|Sneasler, L50, F|
|poke|p2|Indeedee, L50, M|
|poke|p2|Corviknight, L50, M|
|poke|p2|Annihilape, L50, M|
|teampreview|4
|showteam|p1|Sneasler||GrassySeed|Unburden|CloseCombat,DireClaw,Acrobatics,Protect|||F|||50|,,,,,Flying]Rillaboom||AssaultVest|GrassySurge|WoodHammer,GrassyGlide,FakeOut,HighHorsepower|||M|||50|,,,,,Fire]Incineroar||SafetyGoggles|Intimidate|FlareBlitz,KnockOff,PartingShot,FakeOut|||F|||50|,,,,,Ghost]Gholdengo||MetalCoat|GoodasGold|Protect,MakeItRain,ShadowBall,NastyPlot||||||50|,,,,,Water]Hydreigon||LifeOrb|Levitate|Flamethrower,DracoMeteor,DarkPulse,Protect|||F|||50|,,,,,Fire]Gengar||FocusSash|CursedBody|ShadowBall,Haze,Taunt,IcyWind|||M|||50|,,,,,Ghost
|showteam|p2|Excadrill||FocusSash|SandRush|IronHead,HighHorsepower,Earthquake,Protect|||F|||50|,,,,,Stellar]Tyranitar||AssaultVest|SandStream|RockSlide,KnockOff,TeraBlast,LowKick|||M|||50|,,,,,Flying]Sneasler||PsychicSeed|Unburden|DireClaw,CloseCombat,ThroatChop,Protect|||F|||50|,,,,,Dark]Indeedee||ChoiceScarf|PsychicSurge|ExpandingForce,TeraBlast,Protect,Trick|||M|||50|,,,,,Psychic]Corviknight||Leftovers|MirrorArmor|BraveBird,BulkUp,Roost,Tailwind|||M|||50|,,,,,Dragon]Annihilape||SafetyGoggles|Defiant|CloseCombat,FinalGambit,RageFist,Taunt|||M|||50|,,,,,Water
|
|t:|1756790989
|teamsize|p1|4
|teamsize|p2|4
|start
|switch|p1a: Sneasler|Sneasler, L50, F, shiny|100/100
|switch|p1b: Rillaboom|Rillaboom, L50, M|100/100
|switch|p2a: Corviknight|Corviknight, L50, M|100/100
|switch|p2b: Tyranitar|Tyranitar, L50, M, shiny|100/100
|-fieldstart|move: Grassy Terrain|[from] ability: Grassy Surge|[of] p1b: Rillaboom
|-enditem|p1a: Sneasler|Grassy Seed
|-boost|p1a: Sneasler|def|1|[from] item: Grassy Seed
|-weather|Sandstorm|[from] ability: Sand Stream|[of] p2b: Tyranitar
|turn|1
|
|t:|1756791014
|switch|p2b: Sneasler|Sneasler, L50, F, shiny|100/100
|-terastallize|p1a: Sneasler|Flying
|move|p1b: Rillaboom|Fake Out|p2b: Sneasler
|-damage|p2b: Sneasler|79/100
|move|p1a: Sneasler|Acrobatics|p2b: Sneasler
|-supereffective|p2b: Sneasler
|-damage|p2b: Sneasler|0 fnt
|faint|p2b: Sneasler
|move|p2a: Corviknight|Brave Bird|p1a: Sneasler
|-damage|p1a: Sneasler|42/100
|-damage|p2a: Corviknight|86/100|[from] Recoil
|
|-weather|Sandstorm|[upkeep]
|-damage|p1a: Sneasler|36/100|[from] Sandstorm
|-damage|p1b: Rillaboom|95/100|[from] Sandstorm
|-heal|p1b: Rillaboom|100/100|[from] Grassy Terrain
|-heal|p2a: Corviknight|92/100|[from] item: Leftovers
|upkeep
|
|t:|1756791027
|switch|p2b: Tyranitar|Tyranitar, L50, M, shiny|100/100
|turn|2
|
|t:|1756791051
|switch|p1b: Incineroar|Incineroar, L50, F, shiny|100/100
|-ability|p1b: Incineroar|Intimidate|boost
|-ability|p2a: Corviknight|Mirror Armor
|-unboost|p1b: Incineroar|atk|1
|-unboost|p2b: Tyranitar|atk|1
|-terastallize|p2b: Tyranitar|Flying
|move|p1a: Sneasler|Protect|p1a: Sneasler
|-singleturn|p1a: Sneasler|Protect
|move|p2b: Tyranitar|Rock Slide|p1b: Incineroar|[spread] p1b
|-activate|p1a: Sneasler|move: Protect
|-supereffective|p1b: Incineroar
|-damage|p1b: Incineroar|59/100
|move|p2a: Corviknight|Tailwind|p2a: Corviknight
|-sidestart|p2: 2lico|move: Tailwind
|
|-weather|Sandstorm|[upkeep]
|-damage|p1a: Sneasler|31/100|[from] Sandstorm
|-damage|p2b: Tyranitar|95/100|[from] Sandstorm
|-heal|p2a: Corviknight|98/100|[from] item: Leftovers
|-heal|p1b: Incineroar|65/100|[from] Grassy Terrain
|upkeep
|turn|3
|
|t:|1756791079
|move|p1b: Incineroar|Fake Out|p2b: Tyranitar
|-damage|p2b: Tyranitar|87/100
|move|p1a: Sneasler|Acrobatics|p2b: Tyranitar
|-damage|p2b: Tyranitar|33/100
|cant|p2b: Tyranitar|flinch
|move|p2a: Corviknight|Bulk Up|p2a: Corviknight
|-boost|p2a: Corviknight|atk|1
|-boost|p2a: Corviknight|def|1
|
|-weather|Sandstorm|[upkeep]
|-damage|p1a: Sneasler|25/100|[from] Sandstorm
|-damage|p2b: Tyranitar|27/100|[from] Sandstorm
|-heal|p2a: Corviknight|100/100|[from] item: Leftovers
|-heal|p1b: Incineroar|71/100|[from] Grassy Terrain
|upkeep
|turn|4
|
|t:|1756791099
|move|p1a: Sneasler|Acrobatics|p2b: Tyranitar
|-damage|p2b: Tyranitar|0 fnt
|faint|p2b: Tyranitar
|move|p2a: Corviknight|Brave Bird|p1a: Sneasler
|-damage|p1a: Sneasler|0 fnt
|faint|p1a: Sneasler
|-damage|p2a: Corviknight|94/100|[from] Recoil
|move|p1b: Incineroar|Parting Shot|p2a: Corviknight
|-ability|p2a: Corviknight|Mirror Armor
|-unboost|p1b: Incineroar|atk|1
|-ability|p2a: Corviknight|Mirror Armor
|-unboost|p1b: Incineroar|spa|1
|c|☆UndeadParadox|yknow i thought it would at least switch you out
|c|☆UndeadParadox|magic bounce does
|c|☆2lico|fair
|c|☆UndeadParadox|learn something new every day
|
|t:|1756791145
|switch|p1b: Hydreigon|Hydreigon, L50, F, shiny|100/100|[from] Parting Shot
|
|-weather|Sandstorm|[upkeep]
|-damage|p1b: Hydreigon|94/100|[from] Sandstorm
|-heal|p2a: Corviknight|99/100|[from] item: Leftovers
|upkeep
|c|☆UndeadParadox|oh wait i cant read
|c|☆UndeadParadox|i did switch it just dropped my stats
|
|t:|1756791171
|switch|p1a: Incineroar|Incineroar, L50, F, shiny|71/100
|switch|p2b: Indeedee|Indeedee, L50, M, shiny|100/100
|-fieldstart|move: Psychic Terrain|[from] ability: Psychic Surge|[of] p2b: Indeedee
|-ability|p1a: Incineroar|Intimidate|boost
|-ability|p2a: Corviknight|Mirror Armor
|-unboost|p1a: Incineroar|atk|1
|-unboost|p2b: Indeedee|atk|1
|turn|5
|
|t:|1756791194
|switch|p1a: Rillaboom|Rillaboom, L50, M|100/100
|-fieldstart|move: Grassy Terrain|[from] ability: Grassy Surge|[of] p1a: Rillaboom
|move|p1b: Hydreigon|Protect|p1b: Hydreigon
|-singleturn|p1b: Hydreigon|Protect
|move|p2b: Indeedee|Tera Blast|p1b: Hydreigon
|-activate|p1b: Hydreigon|move: Protect
|move|p2a: Corviknight|Brave Bird|p1b: Hydreigon
|-activate|p1b: Hydreigon|move: Protect
|
|-weather|none
|-heal|p2a: Corviknight|100/100|[from] item: Leftovers
|-sideend|p2: 2lico|move: Tailwind
|upkeep
|turn|6
|inactive|Battle timer is ON: inactive players will automatically lose when time's up. (requested by 2lico)
|
|t:|1756791231
|move|p1a: Rillaboom|Fake Out|p2a: Corviknight
|-resisted|p2a: Corviknight
|-damage|p2a: Corviknight|97/100
|move|p2b: Indeedee|Tera Blast|p1b: Hydreigon
|-damage|p1b: Hydreigon|54/100
|move|p1b: Hydreigon|Flamethrower|p2a: Corviknight
|-supereffective|p2a: Corviknight
|-damage|p2a: Corviknight|28/100
|-damage|p1b: Hydreigon|45/100|[from] item: Life Orb
|cant|p2a: Corviknight|flinch
|
|-heal|p2a: Corviknight|34/100|[from] item: Leftovers
|upkeep
|turn|7
|
|t:|1756791254
|move|p2b: Indeedee|Tera Blast|p1b: Hydreigon
|-damage|p1b: Hydreigon|0 fnt
|faint|p1b: Hydreigon
|move|p1a: Rillaboom|Wood Hammer|p2b: Indeedee
|-damage|p2b: Indeedee|0 fnt
|faint|p2b: Indeedee
|-damage|p1a: Rillaboom|78/100|[from] Recoil
|move|p2a: Corviknight|Roost|p2a: Corviknight
|-heal|p2a: Corviknight|84/100
|-singleturn|p2a: Corviknight|move: Roost
|
|-heal|p1a: Rillaboom|84/100|[from] Grassy Terrain
|-heal|p2a: Corviknight|90/100|[from] Grassy Terrain
|-heal|p2a: Corviknight|96/100|[from] item: Leftovers
|upkeep
|
|t:|1756791263
|switch|p1b: Incineroar|Incineroar, L50, F, shiny|71/100
|-ability|p1b: Incineroar|Intimidate|boost
|-ability|p2a: Corviknight|Mirror Armor
|-unboost|p1b: Incineroar|atk|1
|turn|8
|c|☆UndeadParadox|the roll
|c|☆UndeadParadox|probably game
|
|t:|1756791285
|move|p1b: Incineroar|Fake Out|p2a: Corviknight
|-resisted|p2a: Corviknight
|-damage|p2a: Corviknight|93/100
|move|p1a: Rillaboom|Wood Hammer|p2a: Corviknight
|-resisted|p2a: Corviknight
|-damage|p2a: Corviknight|82/100
|-damage|p1a: Rillaboom|80/100|[from] Recoil
|cant|p2a: Corviknight|flinch
|
|-heal|p1a: Rillaboom|86/100|[from] Grassy Terrain
|-heal|p1b: Incineroar|77/100|[from] Grassy Terrain
|-heal|p2a: Corviknight|88/100|[from] item: Leftovers
|upkeep
|turn|9
|
|t:|1756791310
|move|p1a: Rillaboom|Wood Hammer|p2a: Corviknight
|-resisted|p2a: Corviknight
|-damage|p2a: Corviknight|76/100
|-damage|p1a: Rillaboom|82/100|[from] Recoil
|move|p1b: Incineroar|Knock Off|p2a: Corviknight
|-damage|p2a: Corviknight|60/100
|-enditem|p2a: Corviknight|Leftovers|[from] move: Knock Off|[of] p1b: Incineroar
|move|p2a: Corviknight|Bulk Up|p2a: Corviknight
|-boost|p2a: Corviknight|atk|1
|-boost|p2a: Corviknight|def|1
|
|-heal|p1a: Rillaboom|88/100|[from] Grassy Terrain
|-heal|p1b: Incineroar|83/100|[from] Grassy Terrain
|-fieldend|move: Grassy Terrain
|upkeep
|turn|10
|
|t:|1756791325
|move|p1a: Rillaboom|Wood Hammer|p2a: Corviknight
|-resisted|p2a: Corviknight
|-damage|p2a: Corviknight|54/100
|-damage|p1a: Rillaboom|86/100|[from] Recoil
|move|p1b: Incineroar|Flare Blitz|p2a: Corviknight
|-supereffective|p2a: Corviknight
|-damage|p2a: Corviknight|24/100
|-damage|p1b: Incineroar|73/100|[from] Recoil
|move|p2a: Corviknight|Roost|p2a: Corviknight
|-heal|p2a: Corviknight|74/100
|-singleturn|p2a: Corviknight|move: Roost
|
|upkeep
|turn|11
|
|t:|1756791336
|move|p1a: Rillaboom|Wood Hammer|p2a: Corviknight
|-resisted|p2a: Corviknight
|-damage|p2a: Corviknight|68/100
|-damage|p1a: Rillaboom|84/100|[from] Recoil
|move|p1b: Incineroar|Flare Blitz|p2a: Corviknight
|-supereffective|p2a: Corviknight
|-damage|p2a: Corviknight|32/100
|-damage|p1b: Incineroar|61/100|[from] Recoil
|move|p2a: Corviknight|Bulk Up|p2a: Corviknight
|-boost|p2a: Corviknight|atk|1
|-boost|p2a: Corviknight|def|1
|
|upkeep
|turn|12
|
|t:|1756791350
|move|p1a: Rillaboom|Wood Hammer|p2a: Corviknight
|-resisted|p2a: Corviknight
|-damage|p2a: Corviknight|27/100
|-damage|p1a: Rillaboom|83/100|[from] Recoil
|move|p1b: Incineroar|Flare Blitz|p2a: Corviknight
|-supereffective|p2a: Corviknight
|-damage|p2a: Corviknight|3/100
|-damage|p1b: Incineroar|52/100|[from] Recoil
|move|p2a: Corviknight|Roost|p2a: Corviknight
|-heal|p2a: Corviknight|53/100
|-singleturn|p2a: Corviknight|move: Roost
|
|upkeep
|turn|13
|
|t:|1756791364
|move|p1a: Rillaboom|Wood Hammer|p2a: Corviknight
|-resisted|p2a: Corviknight
|-damage|p2a: Corviknight|48/100
|-damage|p1a: Rillaboom|81/100|[from] Recoil
|move|p1b: Incineroar|Flare Blitz|p2a: Corviknight
|-supereffective|p2a: Corviknight
|-damage|p2a: Corviknight|20/100
|-status|p2a: Corviknight|brn
|-damage|p1b: Incineroar|44/100|[from] Recoil
|move|p2a: Corviknight|Brave Bird|p1b: Incineroar
|-damage|p1b: Incineroar|0 fnt
|faint|p1b: Incineroar
|-damage|p2a: Corviknight|6/100 brn|[from] Recoil
|
|-damage|p2a: Corviknight|0 fnt|[from] brn
|faint|p2a: Corviknight
|
|win|UndeadParadox
|raw|UndeadParadox's rating: 1272 → 1302(+30 for winning)
|raw|2lico's rating: 1346 → 1322(-24 for losing)
|l|☆2lico
|player|p2|
|c|☆UndeadParadox|gg
