|j|☆JuanGuerrero09
|j|‽Tfwh
|html|JuanGuerrero09Tfwh    
|uhtml|bestof|Game 2 of a best-of-3
|t:|1756802094
|gametype|doubles
|player|p1|JuanGuerrero09|102|1064
|player|p2|Tfwh|102|1000
|gen|9
|tier|[Gen 9] VGC 2025 Reg H (Bo3)
|rated|
|rule|Species Clause: Limit one of each Pokémon
|rule|Item Clause: Limit 1 of each item
|clearpoke
|poke|p1|Excadrill, L50, F|
|poke|p1|Tyranitar, L50, M|
|poke|p1|Sneasler, L50, F|
|poke|p1|Indeedee, L50, M|
|poke|p1|Volcarona, L50, M|
|poke|p1|Primarina, L50, F|
|poke|p2|Ursaluna, L50, F|
|poke|p2|Porygon2, L50|
|poke|p2|Gallade, L50, M|
|poke|p2|Indeedee-F, L50, F|
|poke|p2|Hatterene, L50, F|
|poke|p2|Annihilape, L50, F|
|teampreview|4
|showteam|p1|Excadrill||FocusSash|SandRush|IronHead,HighHorsepower,Earthquake,Protect|||F|||50|,,,,,Stellar]Tyranitar||AssaultVest|SandStream|KnockOff,RockSlide,TeraBlast,LowKick|||M|||50|,,,,,Flying]Sneasler||PsychicSeed|Unburden|DireClaw,CloseCombat,ThroatChop,Protect|||F|||50|,,,,,Dark]Indeedee||ChoiceScarf|PsychicSurge|ExpandingForce,TeraBlast,Protect,Trick|||M|||50|,,,,,Psychic]Volcarona||CovertCloak|FlameBody|HeatWave,Protect,QuiverDance,TeraBlast|||M|||50|,,,,,Fairy]Primarina||LifeOrb|LiquidVoice|HyperVoice,DazzlingGleam,Haze,Protect|||F|||50|,,,,,Steel
|showteam|p2|Ursaluna||FlameOrb|Guts|HeadlongRush,Facade,Earthquake,Protect|||F|||50|,,,,,Ghost]Porygon2||Eviolite|Download|TeraBlast,IceBeam,TrickRoom,Recover||||||50|,,,,,Ghost]Gallade||ClearAmulet|Sharpness|PsychoCut,SacredSword,TrickRoom,WideGuard|||M|||50|,,,,,Fighting]Indeedee-F||RockyHelmet|PsychicSurge|FollowMe,TrickRoom,HelpingHand,DazzlingGleam|||F|||50|,,,,,Fairy]Hatterene||LifeOrb|MagicBounce|Psychic,DazzlingGleam,TrickRoom,Protect|||F|||50|,,,,,Psychic]Annihilape||PsychicSeed|Defiant|BulkUp,RageFist,DrainPunch,Protect|||F|||50|,,,,,Fire
|inactive|Battle timer is ON: inactive players will automatically lose when time's up. (requested by Tfwh)
|
|t:|1756802116
|teamsize|p1|4
|teamsize|p2|4
|start
|switch|p1a: Tyranitar|Tyranitar, L50, M|100/100
|switch|p1b: Excadrill|Excadrill, L50, F, shiny|100/100
|switch|p2a: Annihilape|Annihilape, L50, F|100/100
|switch|p2b: Indeedee|Indeedee-F, L50, F, shiny|100/100
|-weather|Sandstorm|[from] ability: Sand Stream|[of] p1a: Tyranitar
|-fieldstart|move: Psychic Terrain|[from] ability: Psychic Surge|[of] p2b: Indeedee
|-enditem|p2a: Annihilape|Psychic Seed
|-boost|p2a: Annihilape|spd|1|[from] item: Psychic Seed
|turn|1
|
|t:|1756802138
|-terastallize|p1a: Tyranitar|Flying
|move|p1b: Excadrill|Protect|p1b: Excadrill
|-singleturn|p1b: Excadrill|Protect
|move|p2a: Annihilape|Protect|p2a: Annihilape
|-singleturn|p2a: Annihilape|Protect
|move|p1a: Tyranitar|Knock Off|p2b: Indeedee
|-supereffective|p2b: Indeedee
|-damage|p2b: Indeedee|0 fnt
|-damage|p1a: Tyranitar|84/100|[from] item: Rocky Helmet|[of] p2b: Indeedee
|-enditem|p2b: Indeedee|Rocky Helmet|[from] move: Knock Off|[of] p1a: Tyranitar
|faint|p2b: Indeedee
|
|-weather|Sandstorm|[upkeep]
|-damage|p2a: Annihilape|95/100|[from] Sandstorm
|-damage|p1a: Tyranitar|78/100|[from] Sandstorm
|upkeep
|
|t:|1756802153
|switch|p2b: Porygon2|Porygon2, L50, shiny|100/100
|-ability|p2b: Porygon2|Download|boost
|-boost|p2b: Porygon2|spa|1
|turn|2
|inactive|Tfwh has 30 seconds left.
|
|t:|1756802179
|move|p1b: Excadrill|Earthquake|p2a: Annihilape|[spread] p2a,p2b
|-immune|p1a: Tyranitar
|-damage|p2a: Annihilape|54/100
|-damage|p2b: Porygon2|74/100
|move|p2a: Annihilape|Drain Punch|p1b: Excadrill
|-supereffective|p1b: Excadrill
|-damage|p1b: Excadrill|12/100
|-heal|p2a: Annihilape|92/100|[from] drain|[of] p1b: Excadrill
|move|p1a: Tyranitar|Tera Blast|p2a: Annihilape|[anim] Tera Blast Flying
|-supereffective|p2a: Annihilape
|-damage|p2a: Annihilape|16/100
|move|p2b: Porygon2|Trick Room|p2b: Porygon2
|-fieldstart|move: Trick Room|[of] p2b: Porygon2
|
|-weather|Sandstorm|[upkeep]
|-damage|p2b: Porygon2|69/100|[from] Sandstorm
|-damage|p1a: Tyranitar|72/100|[from] Sandstorm
|-damage|p2a: Annihilape|10/100|[from] Sandstorm
|upkeep
|turn|3
|inactive|JuanGuerrero09 has 30 seconds left.
|inactive|Tfwh has 30 seconds left.
|
|t:|1756802207
|switch|p2a: Ursaluna|Ursaluna, L50, F|100/100
|move|p1b: Excadrill|Protect|p1b: Excadrill
|-singleturn|p1b: Excadrill|Protect
|move|p2b: Porygon2|Ice Beam|p1a: Tyranitar
|-supereffective|p1a: Tyranitar
|-damage|p1a: Tyranitar|29/100
|move|p1a: Tyranitar|Knock Off|p2b: Porygon2
|-damage|p2b: Porygon2|40/100
|-enditem|p2b: Porygon2|Eviolite|[from] move: Knock Off|[of] p1a: Tyranitar
|
|-weather|Sandstorm|[upkeep]
|-damage|p2b: Porygon2|34/100|[from] Sandstorm
|-damage|p1a: Tyranitar|23/100|[from] Sandstorm
|-status|p2a: Ursaluna|brn|[from] item: Flame Orb
|upkeep
|turn|4
|inactive|JuanGuerrero09 has 30 seconds left.
|inactive|JuanGuerrero09 has 20 seconds left.
|inactive|JuanGuerrero09 has 15 seconds left.
|inactive|JuanGuerrero09 has 10 seconds left.
|
|t:|1756802255
|move|p1b: Excadrill|Protect||[still]
|-fail|p1b: Excadrill
|move|p2a: Ursaluna|Facade|p1a: Tyranitar
|-damage|p1a: Tyranitar|0 fnt
|faint|p1a: Tyranitar
|move|p2b: Porygon2|Ice Beam|p1b: Excadrill
|-damage|p1b: Excadrill|0 fnt
|faint|p1b: Excadrill
|
|-weather|Sandstorm|[upkeep]
|-damage|p2b: Porygon2|28/100|[from] Sandstorm
|-damage|p2a: Ursaluna|95/100 brn|[from] brn
|upkeep
|
|t:|1756802267
|switch|p1a: Volcarona|Volcarona, L50, M|100/100
|switch|p1b: Primarina|Primarina, L50, F|100/100
|turn|5
|
|t:|1756802286
|move|p2a: Ursaluna|Facade|p1b: Primarina
|-damage|p1b: Primarina|0 fnt
|faint|p1b: Primarina
|move|p2b: Porygon2|Recover|p2b: Porygon2
|-heal|p2b: Porygon2|78/100
|move|p1a: Volcarona|Heat Wave|p2b: Porygon2|[spread] p2b
|-miss|p1a: Volcarona|p2a: Ursaluna
|-damage|p2b: Porygon2|43/100
|
|-weather|none
|-damage|p2a: Ursaluna|89/100 brn|[from] brn
|-fieldend|move: Psychic Terrain
|upkeep
|turn|6
|
|t:|1756802303
|move|p2a: Ursaluna|Headlong Rush|p1a: Volcarona
|-damage|p1a: Volcarona|0 fnt
|-unboost|p2a: Ursaluna|def|1
|-unboost|p2a: Ursaluna|spd|1
|faint|p1a: Volcarona
|
|win|Tfwh
|raw|JuanGuerrero09's rating: 1064 → 1041(-23 for losing)
|raw|Tfwh's rating: 1000 → 1047(+47 for winning)
