|j|☆Milesmate1998
|j|☆satandagiii2005
|html|Milesmate1998satandagiii2005    
|uhtml|bestof|Game 2 of a best-of-3
|t:|1783530172
|gametype|doubles
|player|p1|Milesmate1998|veteran|1209
|player|p2|satandagiii2005|byron|1186
|gen|9
|tier|[Gen 9 Champions] VGC 2026 Reg M-B (Bo3)
|rated|
|rule|Species Clause: Limit one of each Pokémon
|rule|Item Clause: Limit 1 of each item
|clearpoke
|poke|p1|Tinkaton, L50, F|
|poke|p1|Farigiraf, L50, F|
|poke|p1|Hatterene, L50, F, shiny|
|poke|p1|Camerupt, L50, M, shiny|
|poke|p1|Abomasnow, L50, F|
|poke|p1|Gallade, L50, M, shiny|
|poke|p2|Venusaur, L50, M|
|poke|p2|Swampert, L50, F|
|poke|p2|Pelipper, L50, F|
|poke|p2|Archaludon, L50, F|
|poke|p2|Maushold, L50|
|poke|p2|Gholdengo, L50|
|teampreview|4
|showteam|p1|Tinkaton||WhiteHerb|MoldBreaker|FakeOut,GigatonHammer,BrickBreak,RockSlide|Adamant||F|||50|]Farigiraf||ColburBerry|ArmorTail|HelpingHand,Psyshock,TrickRoom,Protect|Quiet||F|||50|]Hatterene||FocusSash|MagicBounce|DazzlingGleam,MysticalFire,TrickRoom,Psyshock|Quiet||F|||50|]Camerupt||Cameruptite|SolidRock|Protect,EarthPower,HeatWave,AncientPower|Quiet||M|||50|]Abomasnow||Abomasite|SnowWarning|Blizzard,GigaDrain,Protect,EarthPower|Quiet||F|||50|]Gallade||MentalHerb|Sharpness|TrickRoom,PsychoCut,WideGuard,SacredSword|Relaxed||M|||50|
|showteam|p2|Venusaur||Venusaurite|Overgrow|SludgeBomb,EarthPower,GigaDrain,Protect|Modest||M|||50|]Swampert||Swampertite|Torrent|WaveCrash,Earthquake,IcePunch,Protect|Adamant||F|||50|]Pelipper||SitrusBerry|Drizzle|Hurricane,WeatherBall,Tailwind,WideGuard|Modest||F|||50|]Archaludon||Leftovers|Stamina|ElectroShot,DragonPulse,FlashCannon,Protect|Modest||F|||50|]Maushold||FocusSash|FriendGuard|FollowMe,SuperFang,RainDance,Protect|Jolly|||||50|]Gholdengo||LifeOrb|GoodasGold|MakeItRain,ShadowBall,PowerGem,Protect|Timid|||||50|
|inactive|Battle timer is ON: inactive players will automatically lose when time's up. (requested by satandagiii2005)
|inactive|Milesmate1998 has 60 seconds left.
|
|t:|1783530212
|teamsize|p1|4
|teamsize|p2|4
|start
|switch|p1a: Tinkaton|Tinkaton, L50, F|100/100
|switch|p1b: Farigiraf|Farigiraf, L50, F|100/100
|switch|p2a: Swampert|Swampert, L50, F|100/100
|switch|p2b: Maushold|Maushold, L50|100/100
|-ability|p1a: Tinkaton|Mold Breaker
|turn|1
|
|t:|1783530234
|switch|p2a: Gholdengo|Gholdengo, L50|100/100
|move|p1a: Tinkaton|Fake Out|p2a: Gholdengo
|-immune|p2a: Gholdengo
|move|p2b: Maushold|Super Fang|p1b: Farigiraf
|-damage|p1b: Farigiraf|50/100g
|move|p1b: Farigiraf|Trick Room|p1b: Farigiraf
|-fieldstart|move: Trick Room|[of] p1b: Farigiraf
|
|upkeep
|turn|2
|inactive|Milesmate1998 has 30 seconds left.
|inactive|Milesmate1998 has 20 seconds left.
|inactive|Milesmate1998 has 15 seconds left.
|inactive|Milesmate1998 has 10 seconds left.
|inactive|Milesmate1998 has 5 seconds left.
|
|t:|1783530289
|move|p1b: Farigiraf|Helping Hand|p1a: Tinkaton
|-singleturn|p1a: Tinkaton|Helping Hand|[of] p1b: Farigiraf
|move|p2b: Maushold|Protect|p2b: Maushold
|-singleturn|p2b: Maushold|Protect
|move|p1a: Tinkaton|Gigaton Hammer|p2a: Gholdengo
|-resisted|p2a: Gholdengo|1
|-damage|p2a: Gholdengo|45/100
|move|p2a: Gholdengo|Shadow Ball|p1a: Tinkaton
|-damage|p1a: Tinkaton|54/100
|-damage|p2a: Gholdengo|36/100|[from] item: Life Orb
|
|upkeep
|turn|3
|inactive|Milesmate1998 has 30 seconds left.
|
|t:|1783530316
|move|p2b: Maushold|Follow Me|p2b: Maushold
|-singleturn|p2b: Maushold|move: Follow Me
|move|p1b: Farigiraf|Psyshock|p2b: Maushold
|-damage|p2b: Maushold|51/100
|move|p1a: Tinkaton|Rock Slide|p2a: Gholdengo|[spread] p2b
|-miss|p1a: Tinkaton|p2a: Gholdengo
|-damage|p2b: Maushold|32/100
|move|p2a: Gholdengo|Shadow Ball|p1a: Tinkaton
|-damage|p1a: Tinkaton|7/100
|-damage|p2a: Gholdengo|26/100|[from] item: Life Orb
|
|upkeep
|turn|4
|
|t:|1783530332
|move|p2a: Gholdengo|Protect|p2a: Gholdengo
|-singleturn|p2a: Gholdengo|Protect
|move|p2b: Maushold|Protect|p2b: Maushold
|-singleturn|p2b: Maushold|Protect
|move|p1b: Farigiraf|Psyshock|p2b: Maushold
|-activate|p2b: Maushold|move: Protect
|move|p1a: Tinkaton|Gigaton Hammer|p2a: Gholdengo
|-activate|p2a: Gholdengo|move: Protect
|
|upkeep
|turn|5
|
|t:|1783530358
|switch|p1a: Gallade|Gallade, L50, M, shiny|100/100
|switch|p2a: Pelipper|Pelipper, L50, F|100/100
|-weather|RainDance|[from] ability: Drizzle|[of] p2a: Pelipper
|move|p2b: Maushold|Follow Me|p2b: Maushold
|-singleturn|p2b: Maushold|move: Follow Me
|move|p1b: Farigiraf|Psyshock|p2b: Maushold
|-damage|p2b: Maushold|0 fnt
|faint|p2b: Maushold
|
|-weather|RainDance|[upkeep]
|-fieldend|move: Trick Room
|upkeep
|
|t:|1783530370
|switch|p2b: Swampert|Swampert, L50, F|100/100
|turn|6
|inactive|Milesmate1998 has 30 seconds left.
|inactive|satandagiii2005 has 30 seconds left.
|inactive|satandagiii2005 has 20 seconds left.
|
|t:|1783530406
|detailschange|p2b: Swampert|Swampert-Mega, L50, F
|-mega|p2b: Swampert|Swampert|Swampertite
|move|p2b: Swampert|Earthquake|p1b: Farigiraf|[spread] p1a,p1b
|-immune|p2a: Pelipper
|-crit|p1b: Farigiraf
|-damage|p1a: Gallade|53/100
|-damage|p1b: Farigiraf|0 fnt
|faint|p1b: Farigiraf
|move|p2a: Pelipper|Hurricane|p1a: Gallade
|-supereffective|p1a: Gallade|1
|-damage|p1a: Gallade|0 fnt
|faint|p1a: Gallade
|
|-weather|RainDance|[upkeep]
|upkeep
|
|t:|1783530417
|switch|p1a: Abomasnow|Abomasnow, L50, F|100/100
|switch|p1b: Tinkaton|Tinkaton, L50, F|7/100
|-ability|p1b: Tinkaton|Mold Breaker
|-weather|Snowscape|[from] ability: Snow Warning|[of] p1a: Abomasnow
|turn|7
|
|t:|1783530432
|move|p2b: Swampert|Protect|p2b: Swampert
|-singleturn|p2b: Swampert|Protect
|move|p1b: Tinkaton|Gigaton Hammer|p2a: Pelipper
|-resisted|p2a: Pelipper|1
|-damage|p2a: Pelipper|67/100
|move|p2a: Pelipper|Weather Ball|p1b: Tinkaton
|-resisted|p1b: Tinkaton|1
|-damage|p1b: Tinkaton|0 fnt
|faint|p1b: Tinkaton
|move|p1a: Abomasnow|Blizzard|p2a: Pelipper|[spread] p2a
|-activate|p2b: Swampert|move: Protect
|-damage|p2a: Pelipper|25/100
|-enditem|p2a: Pelipper|Sitrus Berry|[eat]
|-heal|p2a: Pelipper|50/100g|[from] item: Sitrus Berry
|
|-weather|Snowscape|[upkeep]
|upkeep
|turn|8
|inactive|satandagiii2005 has 30 seconds left.
|inactive|satandagiii2005 has 20 seconds left.
|inactive|satandagiii2005 has 15 seconds left.
|inactive|satandagiii2005 has 10 seconds left.
|inactive|satandagiii2005 has 5 seconds left.
|
|t:|1783530483
|move|p2b: Swampert|Wave Crash|p1a: Abomasnow
|-resisted|p1a: Abomasnow|1
|-damage|p1a: Abomasnow|73/100
|-damage|p2b: Swampert|91/100|[from] Recoil
|move|p2a: Pelipper|Weather Ball|p1a: Abomasnow
|-damage|p1a: Abomasnow|44/100
|move|p1a: Abomasnow|Blizzard|p2b: Swampert|[spread] p2a,p2b
|-damage|p2a: Pelipper|3/100
|-damage|p2b: Swampert|56/100
|
|-weather|Snowscape|[upkeep]
|upkeep
|turn|9
|
|t:|1783530498
|detailschange|p1a: Abomasnow|Abomasnow-Mega, L50, F
|-mega|p1a: Abomasnow|Abomasnow|Abomasite
|move|p2a: Pelipper|Wide Guard|p2a: Pelipper
|-singleturn|p2a: Pelipper|Wide Guard
|move|p2b: Swampert|Wave Crash|p1a: Abomasnow
|-resisted|p1a: Abomasnow|1
|-damage|p1a: Abomasnow|21/100
|-damage|p2b: Swampert|48/100|[from] Recoil
|move|p1a: Abomasnow|Blizzard|p2b: Swampert|[spread] 
|-activate|p2a: Pelipper|move: Wide Guard
|-activate|p2b: Swampert|move: Wide Guard
|
|-weather|Snowscape|[upkeep]
|upkeep
|turn|10
|
|t:|1783530511
|move|p2b: Swampert|Wave Crash|p1a: Abomasnow
|-resisted|p1a: Abomasnow|1
|-damage|p1a: Abomasnow|2/100
|-damage|p2b: Swampert|41/100|[from] Recoil
|move|p2a: Pelipper|Weather Ball|p1a: Abomasnow
|-damage|p1a: Abomasnow|0 fnt
|faint|p1a: Abomasnow
|
|win|satandagiii2005
|raw|Milesmate1998's rating: 1209 → 1182(-27 for losing)
|raw|satandagiii2005's rating: 1186 → 1213(+27 for winning)
|c|☆satandagiii2005|gg
