|j|☆mylittlecuties<3
|j|‽irongiant9214
|html|mylittlecuties<3irongiant9214    
|uhtml|bestof|Game 1 of a best-of-3
|t:|1784737060
|gametype|doubles
|player|p1|mylittlecuties<3|dawn-gen4pt|1127
|player|p2|irongiant9214|1|1182
|gen|9
|tier|[Gen 9 Champions] VGC 2026 Reg M-B (Bo3)
|rated|
|rule|Species Clause: Limit one of each Pokémon
|rule|Item Clause: Limit 1 of each item
|clearpoke
|poke|p1|Malamar, L50, M|
|poke|p1|Mawile, L50, F|
|poke|p1|Incineroar, L50, F|
|poke|p1|Whimsicott, L50, M|
|poke|p1|Maushold-Four, L50|
|poke|p1|Sinistcha, L50|
|poke|p2|Charizard, L50, F, shiny|
|poke|p2|Garchomp, L50, M, shiny|
|poke|p2|Incineroar, L50, M, shiny|
|poke|p2|Venusaur, L50, F, shiny|
|poke|p2|Toxapex, L50, M|
|poke|p2|Sylveon, L50, M|
|teampreview|4
|showteam|p1|Malamar||Malamarite|Contrary|Superpower,KnockOff,Protect,TrickRoom|Adamant||M|||50|]Mawile||Mawilite|HyperCutter|PlayRough,RockSlide,SuckerPunch,Protect|Brave||F|||50|]Incineroar||LifeOrb|Intimidate|FlareBlitz,DarkestLariat,PartingShot,FakeOut|Brave||F|||50|]Whimsicott||FocusSash|Prankster|Moonblast,Tailwind,Charm,FakeTears|Modest||M|||50|]Maushold-Four||WideLens|Technician|PopulationBomb,Feint,FollowMe,Protect|Jolly|||||50|]Sinistcha||ColburBerry|Hospitality|MatchaGotcha,LifeDew,RagePowder,Protect|Calm|||||50|
|showteam|p2|Charizard||CharizarditeY|SolarPower|WeatherBall,HeatWave,AncientPower,Protect|Modest||F|||50|]Garchomp||ChoiceScarf|RoughSkin|RockSlide,DragonClaw,Earthquake,StompingTantrum|Adamant||M|||50|]Incineroar||SitrusBerry|Intimidate|FlareBlitz,FakeOut,DarkestLariat,PartingShot|Impish||M|||50|]Venusaur||LifeOrb|Chlorophyll|SludgeBomb,LeafStorm,EarthPower,Protect|Modest||F|||50|]Toxapex||Leftovers|Regenerator|Infestation,Toxic,WideGuard,BanefulBunker|Bold||M|||50|]Sylveon||FairyFeather|Pixilate|HyperVoice,QuickAttack,Yawn,Detect|Modest||M|||50|
|
|t:|1784737102
|teamsize|p1|4
|teamsize|p2|4
|start
|switch|p1a: Maushold|Maushold-Four, L50|100/100
|switch|p1b: Malamar|Malamar, L50, M|100/100
|switch|p2a: Charizard|Charizard, L50, F, shiny|100/100
|switch|p2b: Incineroar|Incineroar, L50, M, shiny|100/100
|-ability|p2b: Incineroar|Intimidate|boost
|-unboost|p1a: Maushold|atk|1
|-boost|p1b: Malamar|atk|1
|turn|1
|
|t:|1784737132
|detailschange|p2a: Charizard|Charizard-Mega-Y, L50, F, shiny
|-mega|p2a: Charizard|Charizard|Charizardite Y
|-weather|SunnyDay|[from] ability: Drought|[of] p2a: Charizard
|move|p2b: Incineroar|Fake Out|p1a: Maushold
|-damage|p1a: Maushold|82/100
|cant|p1a: Maushold|flinch
|move|p2a: Charizard|Weather Ball|p1b: Malamar
|-damage|p1b: Malamar|1/100
|move|p1b: Malamar|Trick Room|p1b: Malamar
|-fieldstart|move: Trick Room|[of] p1b: Malamar
|
|-weather|SunnyDay|[upkeep]
|upkeep
|turn|2
|
|t:|1784737168
|move|p1a: Maushold|Protect|p1a: Maushold
|-singleturn|p1a: Maushold|Protect
|move|p2b: Incineroar|Parting Shot|p1a: Maushold
|-activate|p1a: Maushold|move: Protect
|move|p1b: Malamar|Superpower|p2b: Incineroar
|-supereffective|p2b: Incineroar|1
|-damage|p2b: Incineroar|21/100
|-boost|p1b: Malamar|atk|1
|-boost|p1b: Malamar|def|1
|-enditem|p2b: Incineroar|Sitrus Berry|[eat]
|-heal|p2b: Incineroar|46/100|[from] item: Sitrus Berry
|move|p2a: Charizard|Heat Wave|p1a: Maushold|[spread] p1b
|-activate|p1a: Maushold|move: Protect
|-damage|p1b: Malamar|0 fnt
|faint|p1b: Malamar
|
|-weather|SunnyDay|[upkeep]
|upkeep
|
|t:|1784737181
|switch|p1b: Mawile|Mawile, L50, F|100/100
|turn|3
|
|t:|1784737212
|detailschange|p1b: Mawile|Mawile-Mega, L50, F
|-mega|p1b: Mawile|Mawile|Mawilite
|move|p2a: Charizard|Protect|p2a: Charizard
|-singleturn|p2a: Charizard|Protect
|move|p1a: Maushold|Follow Me|p1a: Maushold
|-singleturn|p1a: Maushold|move: Follow Me
|move|p1b: Mawile|Rock Slide|p2a: Charizard|[spread] p2b
|-activate|p2a: Charizard|move: Protect
|-supereffective|p2b: Incineroar|1
|-damage|p2b: Incineroar|0 fnt
|faint|p2b: Incineroar
|
|-weather|SunnyDay|[upkeep]
|upkeep
|
|t:|1784737220
|switch|p2b: Toxapex|Toxapex, L50, M|100/100
|turn|4
|
|t:|1784737245
|move|p2b: Toxapex|Wide Guard|p2b: Toxapex
|-singleturn|p2b: Toxapex|Wide Guard
|move|p1b: Mawile|Play Rough|p2a: Charizard
|-resisted|p2a: Charizard|1
|-damage|p2a: Charizard|57/100
|move|p2a: Charizard|Heat Wave|p1a: Maushold|[spread] p1a,p1b
|-supereffective|p1b: Mawile|1
|-damage|p1a: Maushold|0 fnt
|-damage|p1b: Mawile|0 fnt
|faint|p1a: Maushold
|faint|p1b: Mawile
|
|-weather|SunnyDay|[upkeep]
|upkeep
|
|t:|1784737254
|switch|p1b: Sinistcha|Sinistcha, L50|100/100
|turn|5
|-message|mylittlecuties<3 forfeited.
|
|win|irongiant9214
|l|☆mylittlecuties<3
|player|p1|
||irongiant9214 is ready for game 2.
||mylittlecuties<3 is ready for game 2.
|uhtml|next|Next: Game 2 of 3
