|j|☆Ribombees believer
|j|☆lazarett
|html|Ribombees believerlazarett    
|uhtml|bestof|Game 2 of a best-of-3
|t:|1756656507
|gametype|doubles
|player|p1|Ribombees believer|skier|1339
|player|p2|lazarett|riley|1296
|gen|9
|tier|[Gen 9] VGC 2025 Reg H (Bo3)
|rated|
|rule|Species Clause: Limit one of each Pokémon
|rule|Item Clause: Limit 1 of each item
|clearpoke
|poke|p1|Dondozo, L50, M|
|poke|p1|Tatsugiri, L50, F|
|poke|p1|Indeedee, L50, M|
|poke|p1|Dragapult, L50, F|
|poke|p1|Ribombee, L50, M|
|poke|p1|Gholdengo, L50|
|poke|p2|Porygon2, L50|
|poke|p2|Incineroar, L50, F|
|poke|p2|Amoonguss, L50, M|
|poke|p2|Ursaluna, L50, F|
|poke|p2|Gholdengo, L50|
|poke|p2|Kilowattrel, L50, F|
|teampreview|4
|showteam|p1|Dondozo||Leftovers|Unaware|WaveCrash,Earthquake,OrderUp,Protect|||M|||50|,,,,,Grass]Tatsugiri||ChoiceScarf|Commander|MuddyWater,DracoMeteor,DragonPulse,TeraBlast|||F|||50|,,,,,Fairy]Indeedee||FocusSash|PsychicSurge|ExpandingForce,TeraBlast,HyperVoice,Protect|||M|||50|,,,,,Fighting]Dragapult||ChoiceBand|ClearBody|DragonDarts,Outrage,PhantomForce,Uturn|||F|||50|,,,,,Dragon]Ribombee||ChoiceSpecs|ShieldDust|Moonblast,PollenPuff,DazzlingGleam,TeraBlast|||M|||50|,,,,,Ground]Gholdengo||LifeOrb|GoodasGold|MakeItRain,ShadowBall,Thunderbolt,Protect||||||50|,,,,,Water
|showteam|p2|Porygon2||Eviolite|Download|TeraBlast,IceBeam,TrickRoom,Recover||||||50|,,,,,Fighting]Incineroar||SafetyGoggles|Intimidate|KnockOff,FlareBlitz,PartingShot,FakeOut|||F|||50|,,,,,Water]Amoonguss||RockyHelmet|Regenerator|Spore,PollenPuff,RagePowder,Protect|||M|||50|,,,,,Water]Ursaluna||FlameOrb|Guts|Protect,Facade,HeadlongRush,Earthquake|||F|||50|,,,,,Ghost]Gholdengo||LifeOrb|GoodasGold|MakeItRain,ShadowBall,NastyPlot,Protect||||||50|,,,,,Water]Kilowattrel||FocusSash|Competitive|Thunderbolt,AirSlash,Tailwind,Protect|||F|||50|,,,,,Ghost
|inactive|Battle timer is ON: inactive players will automatically lose when time's up. (requested by Ribombees believer)
|
|t:|1756656519
|teamsize|p1|4
|teamsize|p2|4
|start
|switch|p1a: Indeedee|Indeedee, L50, M|100/100
|switch|p1b: Gholdengo|Gholdengo, L50|100/100
|switch|p2a: Kilowattrel|Kilowattrel, L50, F|100/100
|switch|p2b: Gholdengo|Gholdengo, L50|100/100
|-fieldstart|move: Psychic Terrain|[from] ability: Psychic Surge|[of] p1a: Indeedee
|turn|1
|
|t:|1756656541
|switch|p2b: Incineroar|Incineroar, L50, F|100/100
|-ability|p2b: Incineroar|Intimidate|boost
|-unboost|p1a: Indeedee|atk|1
|-unboost|p1b: Gholdengo|atk|1
|move|p2a: Kilowattrel|Protect|p2a: Kilowattrel
|-singleturn|p2a: Kilowattrel|Protect
|move|p1a: Indeedee|Expanding Force|p2a: Kilowattrel|[spread] 
|-activate|p2a: Kilowattrel|move: Protect
|-immune|p2b: Incineroar
|move|p1b: Gholdengo|Make It Rain|p2b: Incineroar|[spread] p2b
|-activate|p2a: Kilowattrel|move: Protect
|-resisted|p2b: Incineroar
|-damage|p2b: Incineroar|73/100
|-unboost|p1b: Gholdengo|spa|1
|-damage|p1b: Gholdengo|91/100|[from] item: Life Orb
|
|upkeep
|turn|2
|inactive|lazarett has 30 seconds left.
|
|t:|1756656568
|move|p2a: Kilowattrel|Tailwind|p2a: Kilowattrel
|-sidestart|p2: lazarett|move: Tailwind
|move|p2b: Incineroar|Knock Off|p1a: Indeedee
|-supereffective|p1a: Indeedee
|-enditem|p1a: Indeedee|Focus Sash
|-damage|p1a: Indeedee|1/100
|move|p1a: Indeedee|Expanding Force|p2b: Incineroar|[spread] p2a
|-immune|p2b: Incineroar
|-enditem|p2a: Kilowattrel|Focus Sash
|-damage|p2a: Kilowattrel|1/100
|move|p1b: Gholdengo|Make It Rain|p2a: Kilowattrel|[spread] p2a,p2b
|-resisted|p2a: Kilowattrel
|-resisted|p2b: Incineroar
|-damage|p2a: Kilowattrel|0 fnt
|-damage|p2b: Incineroar|56/100
|-unboost|p1b: Gholdengo|spa|1
|faint|p2a: Kilowattrel
|-damage|p1b: Gholdengo|81/100|[from] item: Life Orb
|
|upkeep
|
|t:|1756656587
|switch|p2a: Ursaluna|Ursaluna, L50, F|100/100
|turn|3
|
|t:|1756656603
|move|p1a: Indeedee|Protect|p1a: Indeedee
|-singleturn|p1a: Indeedee|Protect
|move|p1b: Gholdengo|Protect|p1b: Gholdengo
|-singleturn|p1b: Gholdengo|Protect
|move|p2b: Incineroar|Flare Blitz|p1b: Gholdengo
|-activate|p1b: Gholdengo|move: Protect
|move|p2a: Ursaluna|Facade|p1a: Indeedee
|-activate|p1a: Indeedee|move: Protect
|
|-status|p2a: Ursaluna|brn|[from] item: Flame Orb
|upkeep
|turn|4
|
|t:|1756656628
|switch|p1a: Alaskan Roll|Tatsugiri, L50, F|100/100
|switch|p1b: Big Back|Dondozo, L50, M|100/100
|-activate|p1a: Alaskan Roll|ability: Commander|[of] p1b: Big Back
|-boost|p1b: Big Back|atk|2
|-boost|p1b: Big Back|spa|2
|-boost|p1b: Big Back|spe|2
|-boost|p1b: Big Back|def|2
|-boost|p1b: Big Back|spd|2
|move|p2b: Incineroar|Flare Blitz|p1b: Big Back
|-resisted|p1b: Big Back
|-damage|p1b: Big Back|92/100
|-damage|p2b: Incineroar|53/100|[from] Recoil
|move|p2a: Ursaluna|Facade|p1b: Big Back
|-damage|p1b: Big Back|56/100
|
|-heal|p1b: Big Back|62/100|[from] item: Leftovers
|-damage|p2a: Ursaluna|95/100 brn|[from] brn
|upkeep
|turn|5
|inactive|lazarett has 30 seconds left.
|inactive|lazarett has 20 seconds left.
|inactive|lazarett has 15 seconds left.
|inactive|lazarett has 10 seconds left.
|
|t:|1756656675
|switch|p2b: Gholdengo|Gholdengo, L50|100/100
|move|p2a: Ursaluna|Protect|p2a: Ursaluna
|-singleturn|p2a: Ursaluna|Protect
|move|p1b: Big Back|Earthquake|p2a: Ursaluna|[spread] p2b
|-miss|p1b: Big Back|p1a: Alaskan Roll
|-activate|p2a: Ursaluna|move: Protect
|-supereffective|p2b: Gholdengo
|-damage|p2b: Gholdengo|19/100
|
|-heal|p1b: Big Back|68/100|[from] item: Leftovers
|-damage|p2a: Ursaluna|89/100 brn|[from] brn
|-sideend|p2: lazarett|move: Tailwind
|-fieldend|move: Psychic Terrain
|upkeep
|turn|6
|
|t:|1756656700
|-terastallize|p2a: Ursaluna|Ghost
|move|p2b: Gholdengo|Protect|p2b: Gholdengo
|-singleturn|p2b: Gholdengo|Protect
|move|p1b: Big Back|Earthquake|p2a: Ursaluna|[spread] p2a
|-miss|p1b: Big Back|p1a: Alaskan Roll
|-activate|p2b: Gholdengo|move: Protect
|-damage|p2a: Ursaluna|58/100 brn
|move|p2a: Ursaluna|Facade|p1b: Big Back
|-damage|p1b: Big Back|28/100
|
|-heal|p1b: Big Back|35/100|[from] item: Leftovers
|-damage|p2a: Ursaluna|52/100 brn|[from] brn
|upkeep
|turn|7
|
|t:|1756656715
|switch|p2b: Incineroar|Incineroar, L50, F|53/100
|-ability|p2b: Incineroar|Intimidate|boost
|-unboost|p1a: Alaskan Roll|atk|1
|-unboost|p1b: Big Back|atk|1
|move|p2a: Ursaluna|Protect|p2a: Ursaluna
|-singleturn|p2a: Ursaluna|Protect
|move|p1b: Big Back|Earthquake|p2b: Incineroar|[spread] p2b
|-miss|p1b: Big Back|p1a: Alaskan Roll
|-activate|p2a: Ursaluna|move: Protect
|-supereffective|p2b: Incineroar
|-damage|p2b: Incineroar|0 fnt
|faint|p2b: Incineroar
|
|-heal|p1b: Big Back|41/100|[from] item: Leftovers
|-damage|p2a: Ursaluna|46/100 brn|[from] brn
|upkeep
|
|t:|1756656726
|switch|p2b: Gholdengo|Gholdengo, L50|19/100
|turn|8
|-message|lazarett forfeited.
|
|win|Ribombees believer
|l|☆lazarett
|player|p2|
