|j|☆Jortchamp
|j|☆iiFWM
|html|JortchampiiFWM    
|uhtml|bestof|Game 1 of a best-of-3
|t:|1782236113
|gametype|doubles
|player|p1|Jortchamp|#smogonxnpa2025draftee|
|player|p2|iiFWM|candice|
|gen|9
|tier|[Gen 9 Champions] VGC 2026 Reg M-B (Bo3)
|rule|Species Clause: Limit one of each Pokémon
|rule|Item Clause: Limit 1 of each item
|clearpoke
|poke|p1|Pelipper, L50, M|
|poke|p1|Swampert, L50, F|
|poke|p1|Archaludon, L50, M|
|poke|p1|Mawile, L50, M|
|poke|p1|Maushold, L50|
|poke|p1|Sinistcha, L50|
|poke|p2|Basculegion, L50, M, shiny|
|poke|p2|Whimsicott, L50, F, shiny|
|poke|p2|Gholdengo, L50|
|poke|p2|Floette-Eternal, L50, F|
|poke|p2|Garchomp, L50, F, shiny|
|poke|p2|Charizard, L50, F, shiny|
|teampreview|4
|showteam|p1|Pelipper||SitrusBerry|Drizzle|Hurricane,WeatherBall,Protect,Tailwind|Modest||M|||50|]Swampert||Swampertite|Torrent|WaveCrash,HighHorsepower,IcePunch,Protect|Adamant||F|||50|]Archaludon||Leftovers|Stamina|ElectroShot,DragonPulse,FlashCannon,Protect|Calm||M|||50|]Mawile||Mawilite|Intimidate|PlayRough,SuckerPunch,IronHead,Protect|Adamant||M|||50|]Maushold||WideLens|Technician|PopulationBomb,FollowMe,Protect,RainDance|Jolly|||||50|]Sinistcha||KasibBerry|Hospitality|MatchaGotcha,RagePowder,TrickRoom,Protect|Calm|||||50|
|showteam|p2|Basculegion||MysticWater|Adaptability|WaveCrash,LastRespects,AquaJet,Protect|Adamant||M|||50|]Whimsicott||FocusSash|Prankster|Moonblast,Tailwind,Encore,Protect|Timid||F|||50|]Gholdengo||MetalCoat|GoodasGold|MakeItRain,ShadowBall,NastyPlot,Protect|Modest|||||50|]Floette-Eternal||Floettite|FlowerVeil|Moonblast,LightofRuin,DazzlingGleam,Protect|Modest||F|||50|]Garchomp||LifeOrb|RoughSkin|Earthquake,DragonClaw,RockSlide,Protect|Jolly||F|||50|]Charizard||CharizarditeY|Blaze|WeatherBall,HeatWave,SolarBeam,Protect|Modest||F|||50|
|c|☆iiFWM|glhf
|j| cynthia's grippers
|j| MrGardnHose
|j| OscarPikastri
|j| Ilovebrianhanley
|j| DinomiteVGC
|c|☆Jortchamp|GLHF
|
|t:|1782236194
|teamsize|p1|4
|teamsize|p2|4
|start
|switch|p1a: Maushold|Maushold, L50|100/100
|switch|p1b: Swampert|Swampert, L50, F|100/100
|switch|p2a: Whimsicott|Whimsicott, L50, F, shiny|100/100
|switch|p2b: Gholdengo|Gholdengo, L50|100/100
|turn|1
|j| tobrin
|j| FBISurveillanceMan
|
|t:|1782236231
|detailschange|p1b: Swampert|Swampert-Mega, L50, F
|-mega|p1b: Swampert|Swampert|Swampertite
|move|p2a: Whimsicott|Protect|p2a: Whimsicott
|-singleturn|p2a: Whimsicott|Protect
|move|p2b: Gholdengo|Protect|p2b: Gholdengo
|-singleturn|p2b: Gholdengo|Protect
|move|p1a: Maushold|Population Bomb|p2a: Whimsicott
|-activate|p2a: Whimsicott|move: Protect
|move|p1b: Swampert|High Horsepower|p2b: Gholdengo
|-activate|p2b: Gholdengo|move: Protect
|
|upkeep
|turn|2
|j| salcranvgc
|
|t:|1782236281
|switch|p1b: Archaludon|Archaludon, L50, M|100/100
|move|p1a: Maushold|Protect|p1a: Maushold
|-singleturn|p1a: Maushold|Protect
|move|p2a: Whimsicott|Tailwind|p2a: Whimsicott
|-sidestart|p2: iiFWM|move: Tailwind
|move|p2b: Gholdengo|Make It Rain|p1b: Archaludon|[spread] p1b
|-activate|p1a: Maushold|move: Protect
|-resisted|p1b: Archaludon|1
|-damage|p1b: Archaludon|68/100
|-unboost|p2b: Gholdengo|spa|2
|-ability|p1b: Archaludon|Stamina|boost
|-boost|p1b: Archaludon|def|1
|
|-heal|p1b: Archaludon|74/100|[from] item: Leftovers
|upkeep
|turn|3
|l| DinomiteVGC
|j| DinomiteVGC
|
|t:|1782236306
|switch|p2b: Garchomp|Garchomp, L50, F, shiny|100/100
|switch|p1a: Pelipper|Pelipper, L50, M|100/100
|-weather|RainDance|[from] ability: Drizzle|[of] p1a: Pelipper
|move|p2a: Whimsicott|Moonblast|p1a: Pelipper
|-damage|p1a: Pelipper|60/100
|move|p1b: Archaludon|Electro Shot||[still]
|-prepare|p1b: Archaludon|Electro Shot
|-boost|p1b: Archaludon|spa|1
|-anim|p1b: Archaludon|Electro Shot|p2b: Garchomp
|-immune|p2b: Garchomp
|
|-weather|RainDance|[upkeep]
|-heal|p1b: Archaludon|80/100|[from] item: Leftovers
|upkeep
|turn|4
|
|t:|1782236328
|switch|p1a: Swampert|Swampert-Mega, L50, F|100/100
|move|p2a: Whimsicott|Encore|p1b: Archaludon
|-start|p1b: Archaludon|Encore
|move|p2b: Garchomp|Dragon Claw|p1a: Swampert
|-damage|p1a: Swampert|48/100
|-damage|p2b: Garchomp|90/100|[from] item: Life Orb
|move|p1b: Archaludon|Electro Shot||[still]
|-prepare|p1b: Archaludon|Electro Shot
|-boost|p1b: Archaludon|spa|1
|-anim|p1b: Archaludon|Electro Shot|p2b: Garchomp
|-immune|p2b: Garchomp
|
|-weather|RainDance|[upkeep]
|-heal|p1b: Archaludon|86/100|[from] item: Leftovers
|upkeep
|turn|5
|l| FBISurveillanceMan
|
|t:|1782236346
|switch|p1a: Maushold|Maushold, L50|100/100
|move|p2a: Whimsicott|Moonblast|p1a: Maushold
|-damage|p1a: Maushold|41/100
|move|p2b: Garchomp|Dragon Claw|p1a: Maushold
|-damage|p1a: Maushold|0 fnt
|faint|p1a: Maushold
|-damage|p2b: Garchomp|80/100|[from] item: Life Orb
|move|p1b: Archaludon|Electro Shot||[still]
|-prepare|p1b: Archaludon|Electro Shot
|-boost|p1b: Archaludon|spa|1
|-anim|p1b: Archaludon|Electro Shot|p2a: Whimsicott
|-resisted|p2a: Whimsicott|1
|-damage|p2a: Whimsicott|15/100
|
|-weather|RainDance|[upkeep]
|-heal|p1b: Archaludon|92/100|[from] item: Leftovers
|-sideend|p2: iiFWM|move: Tailwind
|upkeep
|
|t:|1782236349
|switch|p1a: Swampert|Swampert-Mega, L50, F|48/100
|turn|6
|
|t:|1782236383
|move|p1a: Swampert|Protect|p1a: Swampert
|-singleturn|p1a: Swampert|Protect
|move|p2a: Whimsicott|Tailwind|p2a: Whimsicott
|-sidestart|p2: iiFWM|move: Tailwind
|move|p2b: Garchomp|Dragon Claw|p1a: Swampert
|-activate|p1a: Swampert|move: Protect
|move|p1b: Archaludon|Electro Shot||[still]
|-prepare|p1b: Archaludon|Electro Shot
|-boost|p1b: Archaludon|spa|1
|-anim|p1b: Archaludon|Electro Shot|p2a: Whimsicott
|-resisted|p2a: Whimsicott|1
|-damage|p2a: Whimsicott|0 fnt
|faint|p2a: Whimsicott
|
|-weather|RainDance|[upkeep]
|-heal|p1b: Archaludon|98/100|[from] item: Leftovers
|-end|p1b: Archaludon|Encore
|upkeep
|
|t:|1782236408
|switch|p2a: Charizard|Charizard, L50, F, shiny|100/100
|turn|7
|j| FBISurveillanceMan
|
|t:|1782236423
|detailschange|p2a: Charizard|Charizard-Mega-Y, L50, F, shiny
|-mega|p2a: Charizard|Charizard|Charizardite Y
|-weather|SunnyDay|[from] ability: Drought|[of] p2a: Charizard
|move|p1b: Archaludon|Protect|p1b: Archaludon
|-singleturn|p1b: Archaludon|Protect
|move|p2b: Garchomp|Dragon Claw|p1a: Swampert
|-damage|p1a: Swampert|0 fnt
|faint|p1a: Swampert
|-damage|p2b: Garchomp|70/100|[from] item: Life Orb
|move|p2a: Charizard|Weather Ball|p1b: Archaludon
|-activate|p1b: Archaludon|move: Protect
|
|-weather|SunnyDay|[upkeep]
|-heal|p1b: Archaludon|100/100|[from] item: Leftovers
|upkeep
|
|t:|1782236424
|switch|p1a: Pelipper|Pelipper, L50, M|60/100
|-weather|RainDance|[from] ability: Drizzle|[of] p1a: Pelipper
|turn|8
|l| DinomiteVGC
|j| DinomiteVGC
|
|t:|1782236446
|switch|p2a: Gholdengo|Gholdengo, L50|100/100
|move|p2b: Garchomp|Dragon Claw|p1a: Pelipper
|-damage|p1a: Pelipper|0 fnt
|faint|p1a: Pelipper
|-damage|p2b: Garchomp|61/100|[from] item: Life Orb
|move|p1b: Archaludon|Dragon Pulse|p2a: Gholdengo
|-resisted|p2a: Gholdengo|1
|-damage|p2a: Gholdengo|25/100
|
|-weather|RainDance|[upkeep]
|upkeep
|turn|9
|-message|Jortchamp forfeited.
|
|win|iiFWM
||Jortchamp is ready for game 2.
||iiFWM is ready for game 2.
|uhtml|next|Next: Game 2 of 3
|j| CillianVGC
|j| the gong lady
|j| Combustandy
|j| powergo
|l| Combustandy
|l|☆iiFWM
|player|p2|
|l| salcranvgc
|l| the gong lady
|j| Germanspeedcreep
