|j|☆Darkan33
|j|☆k_mal_ayne
|html|Darkan33k_mal_ayne    
|uhtml|bestof|Game 1 of a best-of-3
|t:|1756944425
|gametype|doubles
|player|p1|Darkan33|veteran|1123
|player|p2|k_mal_ayne|266|1129
|gen|9
|tier|[Gen 9] VGC 2025 Reg H (Bo3)
|rated|
|rule|Species Clause: Limit one of each Pokémon
|rule|Item Clause: Limit 1 of each item
|clearpoke
|poke|p1|Kingdra, L50, F|
|poke|p1|Pelipper, L50, F|
|poke|p1|Garchomp, L50, F|
|poke|p1|Breloom, L50, M|
|poke|p1|Archaludon, L50, F|
|poke|p1|Grimmsnarl, L50, M|
|poke|p2|Hydreigon, L50, M|
|poke|p2|Volcarona, L50, M|
|poke|p2|Annihilape, L50, M|
|poke|p2|Electabuzz, L50, F|
|poke|p2|Ursaluna, L50, F|
|poke|p2|Dragonite, L50, M|
|teampreview|4
|showteam|p1|Kingdra||LifeOrb|SwiftSwim|MuddyWater,DracoMeteor,Hurricane,Protect|||F|||50|,,,,,Stellar]Pelipper||CovertCloak|Drizzle|WeatherBall,Hurricane,WideGuard,Tailwind|||F|||50|,,,,,Ghost]Garchomp||LoadedDice|RoughSkin|ScaleShot,Protect,StompingTantrum,Earthquake|||F|||50|,,,,,Steel]Breloom||FocusSash|Technician|MachPunch,BulletSeed,Spore,Protect|||M|||50|,,,,,Steel]Archaludon||AssaultVest|Stamina|BodyPress,FlashCannon,ElectroShot,DragonPulse|||F|||50|,,,,,Grass]Grimmsnarl||LightClay|Prankster|LightScreen,Reflect,SpiritBreak,ThunderWave|||M|||50|,,,,,Ghost
|showteam|p2|Hydreigon||AssaultVest|Levitate|DarkPulse,DracoMeteor,Snarl,Flamethrower|||M|||50|,,,,,Fire]Volcarona||CovertCloak|FlameBody|HeatWave,TeraBlast,QuiverDance,RagePowder|||M|||50|,,,,,Fairy]Annihilape||SitrusBerry|Defiant|CloseCombat,RageFist,BulkUp,Protect|||M|||50|,,,,,Fairy]Electabuzz||Eviolite|VitalSpirit|Electroweb,FollowMe,EerieImpulse,Protect|||F|||50|,,,,,Ghost]Ursaluna||FlameOrb|Guts|HeadlongRush,Facade,Earthquake,Protect|||F|||50|,,,,,Dragon]Dragonite||LoadedDice|InnerFocus|ScaleShot,ExtremeSpeed,Tailwind,Haze|||M|||50|,,,,,Steel
|inactive|Battle timer is ON: inactive players will automatically lose when time's up. (requested by Darkan33)
|inactive|Darkan33 has 60 seconds left.
|inactive|Darkan33 has 30 seconds left.
|inactive|Darkan33 has 20 seconds left.
|inactive|Darkan33 has 15 seconds left.
|inactive|Darkan33 has 10 seconds left.
|
|t:|1756944575
|teamsize|p1|4
|teamsize|p2|4
|start
|switch|p1a: Garchomp|Garchomp, L50, F|100/100
|switch|p1b: Breloom|Breloom, L50, M, shiny|100/100
|switch|p2a: Electabuzz|Electabuzz, L50, F|100/100
|switch|p2b: Dragonite|Dragonite, L50, M|100/100
|turn|1
|inactive|k_mal_ayne has 30 seconds left.
|inactive|k_mal_ayne has 20 seconds left.
|inactive|k_mal_ayne has 15 seconds left.
|inactive|k_mal_ayne has 10 seconds left.
|
|t:|1756944622
|-terastallize|p1a: Garchomp|Steel
|move|p2a: Electabuzz|Follow Me|p2a: Electabuzz
|-singleturn|p2a: Electabuzz|move: Follow Me
|move|p1a: Garchomp|Scale Shot|p2a: Electabuzz
|-damage|p2a: Electabuzz|89/100
|-crit|p2a: Electabuzz
|-damage|p2a: Electabuzz|74/100
|-damage|p2a: Electabuzz|62/100
|-damage|p2a: Electabuzz|52/100
|-hitcount|p2a: Electabuzz|4
|-unboost|p1a: Garchomp|def|1
|-boost|p1a: Garchomp|spe|1
|move|p1b: Breloom|Spore|p2a: Electabuzz
|-immune|p2a: Electabuzz|[from] ability: Vital Spirit
|move|p2b: Dragonite|Scale Shot|p1a: Garchomp
|-resisted|p1a: Garchomp
|-damage|p1a: Garchomp|90/100
|-resisted|p1a: Garchomp
|-damage|p1a: Garchomp|80/100
|-resisted|p1a: Garchomp
|-damage|p1a: Garchomp|70/100
|-resisted|p1a: Garchomp
|-damage|p1a: Garchomp|59/100
|-resisted|p1a: Garchomp
|-damage|p1a: Garchomp|48/100
|-hitcount|p1a: Garchomp|5
|-unboost|p2b: Dragonite|def|1
|-boost|p2b: Dragonite|spe|1
|
|upkeep
|turn|2
|inactive|Darkan33 has 30 seconds left.
|inactive|k_mal_ayne has 30 seconds left.
|inactive|k_mal_ayne has 20 seconds left.
|inactive|k_mal_ayne has 15 seconds left.
|inactive|k_mal_ayne has 10 seconds left.
|
|t:|1756944671
|-terastallize|p2b: Dragonite|Steel
|move|p1a: Garchomp|Protect|p1a: Garchomp
|-singleturn|p1a: Garchomp|Protect
|move|p2a: Electabuzz|Protect|p2a: Electabuzz
|-singleturn|p2a: Electabuzz|Protect
|move|p2b: Dragonite|Tailwind|p2b: Dragonite
|-sidestart|p2: k_mal_ayne|move: Tailwind
|move|p1b: Breloom|Bullet Seed|p2a: Electabuzz
|-activate|p2a: Electabuzz|move: Protect
|
|upkeep
|turn|3
|inactive|Darkan33 has 30 seconds left.
|inactive|Darkan33 has 20 seconds left.
|inactive|Darkan33 has 15 seconds left.
|inactive|Darkan33 has 10 seconds left.
|inactive|Darkan33 has 5 seconds left.
|
|t:|1756944730
|move|p1b: Breloom|Protect|p1b: Breloom
|-singleturn|p1b: Breloom|Protect
|move|p2b: Dragonite|Scale Shot|p1a: Garchomp
|-resisted|p1a: Garchomp
|-damage|p1a: Garchomp|38/100
|-resisted|p1a: Garchomp
|-damage|p1a: Garchomp|27/100
|-resisted|p1a: Garchomp
|-damage|p1a: Garchomp|16/100
|-resisted|p1a: Garchomp
|-crit|p1a: Garchomp
|-damage|p1a: Garchomp|0 fnt
|faint|p1a: Garchomp
|-hitcount|p1: Garchomp|4
|-unboost|p2b: Dragonite|def|1
|-boost|p2b: Dragonite|spe|1
|move|p2a: Electabuzz|Electroweb|p1b: Breloom
|-activate|p1b: Breloom|move: Protect
|
|upkeep
|
|t:|1756944747
|switch|p1a: Pelipper|Pelipper, L50, F, shiny|100/100
|-weather|RainDance|[from] ability: Drizzle|[of] p1a: Pelipper
|turn|4
|
|t:|1756944771
|move|p2b: Dragonite|Scale Shot|p1b: Breloom
|-damage|p1b: Breloom|78/100
|-damage|p1b: Breloom|58/100
|-damage|p1b: Breloom|36/100
|-damage|p1b: Breloom|15/100
|-hitcount|p1b: Breloom|4
|-unboost|p2b: Dragonite|def|1
|-boost|p2b: Dragonite|spe|1
|move|p2a: Electabuzz|Electroweb|p1b: Breloom|[spread] p1a,p1b
|-supereffective|p1a: Pelipper
|-resisted|p1b: Breloom
|-damage|p1a: Pelipper|11/100
|-damage|p1b: Breloom|4/100
|-unboost|p1b: Breloom|spe|1
|move|p1a: Pelipper|Tailwind|p1a: Pelipper
|-sidestart|p1: Darkan33|move: Tailwind
|move|p1b: Breloom|Bullet Seed|p2a: Electabuzz
|-damage|p2a: Electabuzz|37/100
|-damage|p2a: Electabuzz|19/100
|-damage|p2a: Electabuzz|4/100
|-hitcount|p2a: Electabuzz|3
|
|-weather|RainDance|[upkeep]
|upkeep
|turn|5
|inactive|Darkan33 has 30 seconds left.
|inactive|k_mal_ayne has 30 seconds left.
|
|t:|1756944799
|move|p2b: Dragonite|Extreme Speed|p1a: Pelipper
|-damage|p1a: Pelipper|0 fnt
|faint|p1a: Pelipper
|move|p1b: Breloom|Mach Punch|p2b: Dragonite
|-supereffective|p2b: Dragonite
|-damage|p2b: Dragonite|0 fnt
|faint|p2b: Dragonite
|move|p2a: Electabuzz|Electroweb|p1b: Breloom
|-resisted|p1b: Breloom
|-damage|p1b: Breloom|0 fnt
|faint|p1b: Breloom
|
|-weather|RainDance|[upkeep]
|-sideend|p2: k_mal_ayne|move: Tailwind
|upkeep
|inactive|Darkan33 has 30 seconds left.
|
|t:|1756944828
|switch|p1b: Kingdra|Kingdra, L50, F|100/100
|switch|p2b: Annihilape|Annihilape, L50, M, shiny|100/100
|turn|6
|
|t:|1756944840
|move|p2a: Electabuzz|Protect|p2a: Electabuzz
|-singleturn|p2a: Electabuzz|Protect
|move|p1b: Kingdra|Muddy Water|p2a: Electabuzz|[spread] p2b
|-activate|p2a: Electabuzz|move: Protect
|-damage|p2b: Annihilape|51/100
|-damage|p1b: Kingdra|91/100|[from] item: Life Orb
|move|p2b: Annihilape|Rage Fist|p1b: Kingdra
|-damage|p1b: Kingdra|33/100
|
|-weather|RainDance|[upkeep]
|upkeep
|turn|7
|inactive|Darkan33 has 30 seconds left.
|
|t:|1756944867
|move|p2b: Annihilape|Protect|p2b: Annihilape
|-singleturn|p2b: Annihilape|Protect
|move|p1b: Kingdra|Muddy Water|p2b: Annihilape|[spread] p2a
|-activate|p2b: Annihilape|move: Protect
|-damage|p2a: Electabuzz|0 fnt
|faint|p2a: Electabuzz
|-damage|p1b: Kingdra|23/100|[from] item: Life Orb
|
|-weather|RainDance|[upkeep]
|-sideend|p1: Darkan33|move: Tailwind
|upkeep
|
|t:|1756944875
|switch|p2a: Volcarona|Volcarona, L50, M, shiny|100/100
|turn|8
|
|t:|1756944888
|move|p1b: Kingdra|Muddy Water|p2a: Volcarona|[spread] p2a,p2b
|-supereffective|p2a: Volcarona
|-damage|p2a: Volcarona|0 fnt
|-damage|p2b: Annihilape|6/100
|-unboost|p2b: Annihilape|accuracy|1
|-ability|p2b: Annihilape|Defiant|boost
|-boost|p2b: Annihilape|atk|2
|-enditem|p2b: Annihilape|Sitrus Berry|[eat]
|-heal|p2b: Annihilape|31/100|[from] item: Sitrus Berry
|faint|p2a: Volcarona
|-damage|p1b: Kingdra|13/100|[from] item: Life Orb
|move|p2b: Annihilape|Rage Fist|p1b: Kingdra
|-damage|p1b: Kingdra|0 fnt
|faint|p1b: Kingdra
|
|win|k_mal_ayne
|l|☆k_mal_ayne
|player|p2|
||k_mal_ayne is ready for game 2.
|inactive|Darkan33 has 30 seconds to confirm battle start!
