|j|☆guillelona
|j|☆roodlethenoodle
|html|guillelonaroodlethenoodle    
|uhtml|bestof|Game 1 of a best-of-3
|t:|1785067581
|gametype|doubles
|player|p1|guillelona|2|1303
|player|p2|roodlethenoodle|1|1268
|gen|9
|tier|[Gen 9 Champions] VGC 2026 Reg M-B (Bo3)
|rated|
|rule|Species Clause: Limit one of each Pokémon
|rule|Item Clause: Limit 1 of each item
|clearpoke
|poke|p1|Vivillon-Tundra, L50, M|
|poke|p1|Mawile, L50, F|
|poke|p1|Torkoal, L50, M|
|poke|p1|Farigiraf, L50, M|
|poke|p1|Garchomp, L50, M|
|poke|p1|Raichu, L50, F|
|poke|p2|Charizard, L50, M|
|poke|p2|Whimsicott, L50, M|
|poke|p2|Kingambit, L50, F|
|poke|p2|Basculegion, L50, M|
|poke|p2|Garchomp, L50, M|
|poke|p2|Floette-Eternal, L50, F|
|teampreview|4
|showteam|p1|Vivillon-Tundra||FocusSash|CompoundEyes|Hurricane,SleepPowder,RagePowder,Protect|Timid||M|||50|]Mawile||Mawilite|Intimidate|PlayRough,RockSlide,SuckerPunch,Protect|Adamant||F|||50|]Torkoal||Charcoal|Drought|Eruption,WeatherBall,Protect,EarthPower|Quiet||M|||50|]Farigiraf||SitrusBerry|ArmorTail|Psychic,Thunderbolt,TrickRoom,HelpingHand|Relaxed||M|||50|]Garchomp||LifeOrb|RoughSkin|DragonClaw,Earthquake,RockSlide,Protect|Jolly||M|||50|]Raichu||RaichuniteY|LightningRod|ZapCannon,FocusBlast,FakeOut,Protect|Timid||F|||50|
|showteam|p2|Charizard||CharizarditeY|Blaze|HeatWave,WeatherBall,SolarBeam,Protect|Modest||M|||50|]Whimsicott||FocusSash|Prankster|Protect,Moonblast,Encore,Tailwind|Timid||M|||50|]Kingambit||ChopleBerry|Defiant|KowtowCleave,SuckerPunch,IronHead,Protect|Adamant||F|||50|]Basculegion||MysticWater|Adaptability|WaveCrash,LastRespects,AquaJet,Protect|Adamant||M|||50|]Garchomp||LifeOrb|RoughSkin|Earthquake,RockSlide,DragonClaw,Protect|Jolly||M|||50|]Floette-Eternal||Floettite|FlowerVeil|Moonblast,DazzlingGleam,LightofRuin,Protect|Modest||F|||50|
|
|t:|1785067634
|teamsize|p1|4
|teamsize|p2|4
|start
|switch|p1a: Vivillon|Vivillon-Tundra, L50, M|100/100
|switch|p1b: Raichu|Raichu, L50, F|100/100
|switch|p2a: Charizard|Charizard, L50, M|100/100
|switch|p2b: Kingambit|Kingambit, L50, F|100/100
|turn|1
|
|t:|1785067662
|switch|p2a: Garchomp|Garchomp, L50, M|100/100
|detailschange|p1b: Raichu|Raichu-Mega-Y, L50, F
|-mega|p1b: Raichu|Raichu|Raichunite Y
|move|p2b: Kingambit|Protect|p2b: Kingambit
|-singleturn|p2b: Kingambit|Protect
|move|p1b: Raichu|Zap Cannon|p2a: Garchomp
|-immune|p2a: Garchomp
|move|p1a: Vivillon|Sleep Powder|p2b: Kingambit
|-activate|p2b: Kingambit|move: Protect
|
|upkeep
|turn|2
|
|t:|1785067693
|switch|p1b: Garchomp|Garchomp, L50, M|100/100
|move|p2a: Garchomp|Protect|p2a: Garchomp
|-singleturn|p2a: Garchomp|Protect
|move|p1a: Vivillon|Sleep Powder|p2a: Garchomp
|-activate|p2a: Garchomp|move: Protect
|move|p2b: Kingambit|Kowtow Cleave|p1a: Vivillon
|-damage|p1a: Vivillon|7/100
|
|upkeep
|turn|3
|
|t:|1785067761
|switch|p2a: Basculegion|Basculegion, L50, M|100/100
|move|p1b: Garchomp|Earthquake|p2b: Kingambit|[spread] p2a,p2b
|-immune|p1a: Vivillon
|-supereffective|p2b: Kingambit|1
|-damage|p2a: Basculegion|42/100
|-damage|p2b: Kingambit|32/100
|-damage|p1b: Garchomp|90/100|[from] item: Life Orb
|move|p1a: Vivillon|Sleep Powder|p2a: Basculegion
|-status|p2a: Basculegion|slp|[from] move: Sleep Powder
|move|p2b: Kingambit|Kowtow Cleave|p1b: Garchomp
|-crit|p1b: Garchomp
|-damage|p1b: Garchomp|12/100
|-damage|p2b: Kingambit|20/100y|[from] ability: Rough Skin|[of] p1b: Garchomp
|
|upkeep
|turn|4
|
|t:|1785067782
|move|p1b: Garchomp|Protect|p1b: Garchomp
|-singleturn|p1b: Garchomp|Protect
|cant|p2a: Basculegion|slp
|move|p2b: Kingambit|Sucker Punch||[still]
|-fail|p2b: Kingambit
|move|p1a: Vivillon|Sleep Powder|p2b: Kingambit
|-status|p2b: Kingambit|slp|[from] move: Sleep Powder
|
|upkeep
|turn|5
|
|t:|1785067805
|-curestatus|p2a: Basculegion|slp|[msg]
|move|p2a: Basculegion|Aqua Jet|p1b: Garchomp
|-damage|p1b: Garchomp|0 fnt
|-damage|p2a: Basculegion|30/100|[from] ability: Rough Skin|[of] p1b: Garchomp
|faint|p1b: Garchomp
|cant|p2b: Kingambit|slp
|move|p1a: Vivillon|Hurricane|p2a: Basculegion|[miss]
|-miss|p1a: Vivillon|p2a: Basculegion
|
|upkeep
|
|t:|1785067815
|switch|p1b: Farigiraf|Farigiraf, L50, M|100/100
|turn|6
|
|t:|1785067826
|move|p2a: Basculegion|Protect|p2a: Basculegion
|-singleturn|p2a: Basculegion|Protect
|move|p1a: Vivillon|Hurricane|p2b: Kingambit
|-resisted|p2b: Kingambit|1
|-crit|p2b: Kingambit
|-damage|p2b: Kingambit|0 fnt
|faint|p2b: Kingambit
|move|p1b: Farigiraf|Trick Room|p1b: Farigiraf
|-fieldstart|move: Trick Room|[of] p1b: Farigiraf
|
|upkeep
|
|t:|1785067833
|switch|p2b: Charizard|Charizard, L50, M|100/100
|turn|7
|
|t:|1785067849
|switch|p2a: Garchomp|Garchomp, L50, M|100/100
|detailschange|p2b: Charizard|Charizard-Mega-Y, L50, M
|-mega|p2b: Charizard|Charizard|Charizardite Y
|-weather|SunnyDay|[from] ability: Drought|[of] p2b: Charizard
|move|p1a: Vivillon|Rage Powder|p1a: Vivillon
|-singleturn|p1a: Vivillon|move: Rage Powder
|move|p1b: Farigiraf|Thunderbolt|p2b: Charizard
|-supereffective|p2b: Charizard|1
|-damage|p2b: Charizard|63/100
|move|p2b: Charizard|Heat Wave|p1b: Farigiraf|[spread] p1a
|-miss|p2b: Charizard|p1b: Farigiraf
|-supereffective|p1a: Vivillon|1
|-damage|p1a: Vivillon|0 fnt
|faint|p1a: Vivillon
|
|-weather|SunnyDay|[upkeep]
|upkeep
|
|t:|1785067861
|switch|p1a: Raichu|Raichu-Mega-Y, L50, F|100/100
|turn|8
|
|t:|1785067872
|move|p2b: Charizard|Protect|p2b: Charizard
|-singleturn|p2b: Charizard|Protect
|move|p2a: Garchomp|Protect|p2a: Garchomp
|-singleturn|p2a: Garchomp|Protect
|move|p1a: Raichu|Protect|p1a: Raichu
|-singleturn|p1a: Raichu|Protect
|move|p1b: Farigiraf|Trick Room|p1b: Farigiraf
|-fieldend|move: Trick Room
|
|-weather|SunnyDay|[upkeep]
|upkeep
|turn|9
|
|t:|1785067891
|move|p1a: Raichu|Zap Cannon|p2b: Charizard
|-supereffective|p2b: Charizard|1
|-damage|p2b: Charizard|0 fnt
|faint|p2b: Charizard
|move|p2a: Garchomp|Earthquake|p1b: Farigiraf|[spread] p1a,p1b
|-supereffective|p1a: Raichu|1
|-damage|p1a: Raichu|0 fnt
|-damage|p1b: Farigiraf|66/100
|faint|p1a: Raichu
|-damage|p2a: Garchomp|90/100|[from] item: Life Orb
|move|p1b: Farigiraf|Psychic|p2a: Garchomp
|-damage|p2a: Garchomp|54/100
|
|-weather|SunnyDay|[upkeep]
|upkeep
|
|t:|1785067896
|switch|p2b: Basculegion|Basculegion, L50, M|30/100
|turn|10
|
|t:|1785067903
|move|p2a: Garchomp|Protect|p2a: Garchomp
|-singleturn|p2a: Garchomp|Protect
|move|p2b: Basculegion|Wave Crash|p1b: Farigiraf
|-damage|p1b: Farigiraf|30/100
|-enditem|p1b: Farigiraf|Sitrus Berry|[eat]
|-heal|p1b: Farigiraf|55/100|[from] item: Sitrus Berry
|-damage|p2b: Basculegion|17/100|[from] Recoil
|move|p1b: Farigiraf|Thunderbolt|p2b: Basculegion
|-supereffective|p2b: Basculegion|1
|-damage|p2b: Basculegion|0 fnt
|faint|p2b: Basculegion
|
|-weather|SunnyDay|[upkeep]
|upkeep
|turn|11
|
|t:|1785067914
|move|p2a: Garchomp|Earthquake|p1b: Farigiraf
|-damage|p1b: Farigiraf|10/100
|-damage|p2a: Garchomp|44/100|[from] item: Life Orb
|move|p1b: Farigiraf|Psychic|p2a: Garchomp
|-damage|p2a: Garchomp|12/100
|
|-weather|none
|upkeep
|turn|12
|-message|guillelona forfeited.
|
|win|roodlethenoodle
|l|☆guillelona
|player|p1|
||guillelona is ready for game 2.
||roodlethenoodle is ready for game 2.
|uhtml|next|Next: Game 2 of 3
|j|☆guillelona
|player|p1|guillelona|2|
