|j|☆madmaxyz
|j|☆tfader
|html|madmaxyztfader    
|uhtml|bestof|Game 1 of a best-of-3
|t:|1783590948
|gametype|doubles
|player|p1|madmaxyz|red|1065
|player|p2|tfader|barry|1081
|gen|9
|tier|[Gen 9 Champions] VGC 2026 Reg M-B (Bo3)
|rated|
|rule|Species Clause: Limit one of each Pokémon
|rule|Item Clause: Limit 1 of each item
|clearpoke
|poke|p1|Charizard, L50, M|
|poke|p1|Incineroar, L50, M|
|poke|p1|Ninetales-Alola, L50, M|
|poke|p1|Scizor, L50, M|
|poke|p1|Sinistcha, L50|
|poke|p1|Sneasler, L50, M|
|poke|p2|Scovillain, L50, F|
|poke|p2|Gholdengo, L50|
|poke|p2|Maushold-Four, L50|
|poke|p2|Whimsicott, L50, M|
|poke|p2|Farigiraf, L50, F|
|poke|p2|Sneasler, L50, M|
|teampreview|4
|showteam|p1|Charizard||CharizarditeX|Blaze|BreakingSwipe,FirePunch,DragonDance,Protect|Adamant||M|||50|]Incineroar||PasshoBerry|Intimidate|ThroatChop,PartingShot,FlareBlitz,FakeOut|Careful||M|||50|]Ninetales-Alola||ChoiceScarf|SnowWarning|IcyWind,Blizzard,FreezeDry,Encore|Timid||M|||50|]Scizor||Scizorite|Technician|BugBite,BulletPunch,Protect,SwordsDance|Adamant||M|||50|]Sinistcha||SitrusBerry|Hospitality|MatchaGotcha,RagePowder,Protect,TrickRoom|Bold|||||50|]Sneasler||WhiteHerb|Unburden|DireClaw,CloseCombat,FakeOut,Coaching|Adamant||M|||50|
|showteam|p2|Scovillain||Scovillainite|Moody|SeedBomb,FlareBlitz,RagePowder,Protect|Careful||F|||50|]Gholdengo||LifeOrb|GoodasGold|MakeItRain,ShadowBall,FocusBlast|Modest|||||50|]Maushold-Four||WideLens|Technician|Protect,PopulationBomb,Taunt,Bite|Jolly|||||50|]Whimsicott||FocusSash|Prankster|Moonblast,Encore,Tailwind,Endeavor|Timid||M|||50|]Farigiraf||SitrusBerry|ArmorTail|TrickRoom,Protect,TwinBeam,Thunderbolt|Bold||F|||50|]Sneasler||WhiteHerb|Unburden|GunkShot,CloseCombat,ThroatChop,FakeOut|Adamant||M|||50|
|inactive|Battle timer is ON: inactive players will automatically lose when time's up. (requested by madmaxyz)
|
|t:|1783591024
|teamsize|p1|4
|teamsize|p2|4
|start
|switch|p1a: Incineroar|Incineroar, L50, M|100/100
|switch|p1b: Sneasler|Sneasler, L50, M|100/100
|switch|p2a: Scovillain|Scovillain, L50, F|100/100
|switch|p2b: Maushold|Maushold-Four, L50|100/100
|-ability|p1a: Incineroar|Intimidate|boost
|-unboost|p2a: Scovillain|atk|1
|-unboost|p2b: Maushold|atk|1
|turn|1
|inactive|madmaxyz has 30 seconds left.
|inactive|tfader has 30 seconds left.
|
|t:|1783591050
|detailschange|p2a: Scovillain|Scovillain-Mega, L50, F
|-mega|p2a: Scovillain|Scovillain|Scovillainite
|move|p1a: Incineroar|Fake Out|p2b: Maushold
|-damage|p2b: Maushold|83/100
|move|p2a: Scovillain|Rage Powder|p2a: Scovillain
|-singleturn|p2a: Scovillain|move: Rage Powder
|cant|p2b: Maushold|flinch
|move|p1b: Sneasler|Close Combat|p2a: Scovillain
|-damage|p2a: Scovillain|29/100
|-unboost|p1b: Sneasler|def|1
|-unboost|p1b: Sneasler|spd|1
|-status|p1b: Sneasler|brn|[from] ability: Spicy Spray|[of] p2a: Scovillain
|-enditem|p1b: Sneasler|White Herb
|-clearnegativeboost|p1b: Sneasler|[silent]
|
|-damage|p1b: Sneasler|94/100 brn|[from] brn
|upkeep
|turn|2
|inactive|madmaxyz has 30 seconds left.
|inactive|tfader has 30 seconds left.
|
|t:|1783591077
|switch|p2a: Sneasler|Sneasler, L50, M|100/100
|move|p1b: Sneasler|Dire Claw|p2a: Sneasler
|-resisted|p2a: Sneasler|1
|-damage|p2a: Sneasler|81/100
|-status|p2a: Sneasler|par
|move|p2b: Maushold|Population Bomb|p1b: Sneasler
|-damage|p1b: Sneasler|82/100 brn
|-damage|p1b: Sneasler|68/100 brn
|-damage|p1b: Sneasler|56/100 brn
|-damage|p1b: Sneasler|43/100 brn
|-damage|p1b: Sneasler|31/100 brn
|-damage|p1b: Sneasler|18/100 brn
|-damage|p1b: Sneasler|5/100 brn
|-damage|p1b: Sneasler|0 fnt
|faint|p1b: Sneasler
|-hitcount|p1: Sneasler|8
|move|p1a: Incineroar|Throat Chop|p2b: Maushold
|-damage|p2b: Maushold|29/100
|-start|p2b: Maushold|Throat Chop|[silent]
|
|upkeep
|
|t:|1783591092
|switch|p1b: Charizard|Charizard, L50, M|100/100
|turn|3
|
|t:|1783591108
|move|p1b: Charizard|Protect|p1b: Charizard
|-singleturn|p1b: Charizard|Protect
|move|p2a: Sneasler|Fake Out|p1b: Charizard
|-activate|p1b: Charizard|move: Protect
|move|p2b: Maushold|Population Bomb|p1a: Incineroar
|-damage|p1a: Incineroar|92/100
|-damage|p1a: Incineroar|84/100
|-damage|p1a: Incineroar|76/100
|-crit|p1a: Incineroar
|-damage|p1a: Incineroar|60/100
|-damage|p1a: Incineroar|52/100
|-damage|p1a: Incineroar|45/100
|-damage|p1a: Incineroar|38/100
|-damage|p1a: Incineroar|30/100
|-damage|p1a: Incineroar|21/100
|-damage|p1a: Incineroar|12/100
|-hitcount|p1a: Incineroar|10
|move|p1a: Incineroar|Throat Chop|p2b: Maushold
|-damage|p2b: Maushold|0 fnt
|faint|p2b: Maushold
|
|upkeep
|
|t:|1783591130
|switch|p2b: Farigiraf|Farigiraf, L50, F|100/100
|turn|4
|inactive|madmaxyz has 30 seconds left.
|
|t:|1783591161
|move|p1b: Charizard|Dragon Dance|p1b: Charizard
|-boost|p1b: Charizard|atk|1
|-boost|p1b: Charizard|spe|1
|move|p2a: Sneasler|Throat Chop|p1a: Incineroar
|-resisted|p1a: Incineroar|1
|-damage|p1a: Incineroar|0 fnt
|faint|p1a: Incineroar
|move|p2b: Farigiraf|Trick Room|p2b: Farigiraf
|-fieldstart|move: Trick Room|[of] p2b: Farigiraf
|
|upkeep
|
|t:|1783591168
|switch|p1a: Sinistcha|Sinistcha, L50|100/100
|turn|5
|
|t:|1783591188
|detailschange|p1b: Charizard|Charizard-Mega-X, L50, M
|-mega|p1b: Charizard|Charizard|Charizardite X
|move|p1a: Sinistcha|Rage Powder|p1a: Sinistcha
|-singleturn|p1a: Sinistcha|move: Rage Powder
|move|p2b: Farigiraf|Thunderbolt|p1a: Sinistcha
|-resisted|p1a: Sinistcha|1
|-damage|p1a: Sinistcha|87/100
|move|p2a: Sneasler|Gunk Shot|p1a: Sinistcha|[miss]
|-miss|p2a: Sneasler|p1a: Sinistcha
|move|p1b: Charizard|Breaking Swipe|p2b: Farigiraf|[spread] p2a,p2b
|-damage|p2a: Sneasler|2/100 par
|-damage|p2b: Farigiraf|66/100
|-unboost|p2a: Sneasler|atk|1
|-unboost|p2b: Farigiraf|atk|1
|-enditem|p2a: Sneasler|White Herb
|-clearnegativeboost|p2a: Sneasler|[silent]
|
|upkeep
|turn|6
|inactive|tfader has 30 seconds left.
|inactive|tfader has 20 seconds left.
|
|t:|1783591225
|switch|p2b: Scovillain|Scovillain-Mega, L50, F|29/100
|move|p1b: Charizard|Protect|p1b: Charizard
|-singleturn|p1b: Charizard|Protect
|move|p1a: Sinistcha|Matcha Gotcha|p2b: Scovillain|[spread] p2a,p2b
|-resisted|p2a: Sneasler|1
|-resisted|p2b: Scovillain|2
|-damage|p2a: Sneasler|0 fnt
|-heal|p1a: Sinistcha|88/100|[from] drain|[of] p2a: Sneasler
|-damage|p2b: Scovillain|23/100
|-heal|p1a: Sinistcha|91/100|[from] drain|[of] p2b: Scovillain
|-status|p1a: Sinistcha|brn|[from] ability: Spicy Spray|[of] p2b: Scovillain
|faint|p2a: Sneasler
|
|-damage|p1a: Sinistcha|84/100 brn|[from] brn
|upkeep
|
|t:|1783591228
|switch|p2a: Farigiraf|Farigiraf, L50, F|66/100
|turn|7
|inactive|madmaxyz has 30 seconds left.
|
|t:|1783591256
|move|p1a: Sinistcha|Protect|p1a: Sinistcha
|-singleturn|p1a: Sinistcha|Protect
|move|p2a: Farigiraf|Twin Beam|p1b: Charizard
|-damage|p1b: Charizard|81/100
|-damage|p1b: Charizard|62/100
|-hitcount|p1b: Charizard|2
|move|p2b: Scovillain|Flare Blitz|p1a: Sinistcha
|-activate|p1a: Sinistcha|move: Protect
|move|p1b: Charizard|Breaking Swipe|p2a: Farigiraf|[spread] p2a,p2b
|-crit|p2a: Farigiraf
|-damage|p2a: Farigiraf|10/100
|-damage|p2b: Scovillain|0 fnt
|-unboost|p2a: Farigiraf|atk|1
|-immune|p1b: Charizard
|-enditem|p2a: Farigiraf|Sitrus Berry|[eat]
|-heal|p2a: Farigiraf|35/100|[from] item: Sitrus Berry
|faint|p2b: Scovillain
|
|-damage|p1a: Sinistcha|78/100 brn|[from] brn
|upkeep
|turn|8
|inactive|madmaxyz has 30 seconds left.
|
|t:|1783591283
|move|p1a: Sinistcha|Rage Powder|p1a: Sinistcha
|-singleturn|p1a: Sinistcha|move: Rage Powder
|move|p2a: Farigiraf|Twin Beam|p1a: Sinistcha
|-damage|p1a: Sinistcha|61/100 brn
|-damage|p1a: Sinistcha|43/100 brn
|-enditem|p1a: Sinistcha|Sitrus Berry|[eat]
|-heal|p1a: Sinistcha|68/100 brn|[from] item: Sitrus Berry
|-hitcount|p1a: Sinistcha|2
|move|p1b: Charizard|Fire Punch|p2a: Farigiraf
|-crit|p2a: Farigiraf
|-damage|p2a: Farigiraf|0 fnt
|faint|p2a: Farigiraf
|
|win|madmaxyz
||madmaxyz is ready for game 2.
|l|☆madmaxyz
|player|p1|
|inactive|tfader has 30 seconds to confirm battle start!
|inactive|tfader has 20 seconds to confirm battle start!
|inactive|tfader has 10 seconds to confirm battle start!
