|j|вҳҶar1stoteles vgc
|j|вҳҶMrTedno
|html|ar1stoteles vgcMrTedno    
|uhtml|bestof|Game 1 of a best-of-3
|t:|1756386729
|gametype|doubles
|player|p1|ar1stoteles vgc|wallace|1171
|player|p2|MrTedno|2|1180
|gen|9
|tier|[Gen 9] VGC 2025 Reg H (Bo3)
|rated|
|rule|Species Clause: Limit one of each PokГ©mon
|rule|Item Clause: Limit 1 of each item
|clearpoke
|poke|p1|Indeedee-F, L50, F|
|poke|p1|Hatterene, L50, F|
|poke|p1|Gallade, L50, M|
|poke|p1|Ursaluna, L50, M|
|poke|p1|Lilligant-Hisui, L50, F|
|poke|p1|Torkoal, L50, M|
|poke|p2|Dondozo, L50, F|
|poke|p2|Tatsugiri, L50, M|
|poke|p2|Politoed, L50, F|
|poke|p2|Archaludon, L50, M|
|poke|p2|Amoonguss, L50, F|
|poke|p2|Overqwil, L50, M|
|teampreview|4
|showteam|p1|Indeedee-F||PsychicSeed|PsychicSurge|TrickRoom,FollowMe,HelpingHand,DazzlingGleam|||F|||50|,,,,,Fire]Hatterene||LifeOrb|MagicBounce|ExpandingForce,TrickRoom,DazzlingGleam,Protect|||F|||50|,,,,,Psychic]Gallade||ClearAmulet|Sharpness|PsychoCut,TrickRoom,SacredSword,WideGuard|||M|||50|,,,,,Grass]Ursaluna||FlameOrb|Guts|HeadlongRush,Facade,SwordsDance,Protect|||M|||50|,,,,,Ghost]Lilligant-Hisui||FocusSash|Chlorophyll|SolarBlade,SleepPowder,CloseCombat,AfterYou|||F|||50|,,,,,Ghost]Torkoal||ChoiceSpecs|Drought|Eruption,HeatWave,WeatherBall,EarthPower|||M|||50|,,,,,Fire
|showteam|p2|Dondozo||LifeOrb|Unaware|Surf,Protect,SleepTalk|||F|||50|,,,,,Water]Tatsugiri||FocusSash|Commander|DracoMeteor,Protect,MuddyWater,Taunt|||M|||50|,,,,,Stellar]Politoed||SitrusBerry|Drizzle|WeatherBall,IceBeam,Haze,Protect|||F|||50|,,,,,Steel]Archaludon||AssaultVest|Stamina|BodyPress,ElectroShot,DragonPulse,FlashCannon|||M|||50|,,,,,Grass]Amoonguss||RockyHelmet|Regenerator|Spore,RagePowder,PollenPuff,Protect|||F|||50|,,,,,Fairy]Overqwil||ChoiceBand|SwiftSwim|PoisonJab,ThroatChop,Liquidation,PinMissile|||M|||50|,,,,,Ghost
|inactive|Battle timer is ON: inactive players will automatically lose when time's up. (requested by MrTedno)
|inactive|ar1stoteles vgc also wants the timer to be on.
|c|вҳҶMrTedno|glhf
|c|вҳҶar1stoteles vgc|glhf
|inactive|MrTedno has 60 seconds left.
|l|вҳҶMrTedno
|inactive|MrTedno disconnected and has a minute to reconnect!
|player|p2|
|inactive|MrTedno has 30 seconds left.
|j|вҳҶMrTedno
|inactive|MrTedno reconnected and has 25 seconds left.
|player|p2|MrTedno|2|
|inactive|MrTedno has 20 seconds left.
|
|t:|1756386801
|teamsize|p1|4
|teamsize|p2|4
|start
|switch|p1a: зҙ«з«ҪеҘҪеҸҜж„ӣ|Lilligant-Hisui, L50, F, shiny|100/100
|switch|p1b: еӨӘжЁӮе·ҙжҲҲж–Ҝ|Torkoal, L50, M, shiny|100/100
|switch|p2a: Shellington|Overqwil, L50, M|100/100
|switch|p2b: Peso|Tatsugiri, L50, M|100/100
|-weather|SunnyDay|[from] ability: Drought|[of] p1b: еӨӘжЁӮе·ҙжҲҲж–Ҝ
|turn|1
|inactive|MrTedno has 30 seconds left.
|
|t:|1756386834
|switch|p2b: Tweak|Politoed, L50, F|100/100
|-weather|RainDance|[from] ability: Drizzle|[of] p2b: Tweak
|switch|p1b: зҙ«з«Ҫи¶…еҸҜж„ӣ|Indeedee-F, L50, F, shiny|100/100
|-fieldstart|move: Psychic Terrain|[from] ability: Psychic Surge|[of] p1b: зҙ«з«Ҫи¶…еҸҜж„ӣ
|-enditem|p1b: зҙ«з«Ҫи¶…еҸҜж„ӣ|Psychic Seed
|-boost|p1b: зҙ«з«Ҫи¶…еҸҜж„ӣ|spd|1|[from] item: Psychic Seed
|move|p2a: Shellington|Poison Jab|p1a: зҙ«з«ҪеҘҪеҸҜж„ӣ
|-supereffective|p1a: зҙ«з«ҪеҘҪеҸҜж„ӣ
|-enditem|p1a: зҙ«з«ҪеҘҪеҸҜж„ӣ|Focus Sash
|-damage|p1a: зҙ«з«ҪеҘҪеҸҜж„ӣ|1/100
|move|p1a: зҙ«з«ҪеҘҪеҸҜж„ӣ|Sleep Powder|p2a: Shellington|[miss]
|-miss|p1a: зҙ«з«ҪеҘҪеҸҜж„ӣ|p2a: Shellington
|
|-weather|RainDance|[upkeep]
|upkeep
|turn|2
|inactive|ar1stoteles vgc has 30 seconds left.
|inactive|MrTedno has 30 seconds left.
|
|t:|1756386866
|switch|p2b: Kwazii|Dondozo, L50, F|100/100
|move|p1b: зҙ«з«Ҫи¶…еҸҜж„ӣ|Follow Me|p1b: зҙ«з«Ҫи¶…еҸҜж„ӣ
|-singleturn|p1b: зҙ«з«Ҫи¶…еҸҜж„ӣ|move: Follow Me
|move|p2a: Shellington|Poison Jab|p1b: зҙ«з«Ҫи¶…еҸҜж„ӣ
|-damage|p1b: зҙ«з«Ҫи¶…еҸҜж„ӣ|45/100
|move|p1a: зҙ«з«ҪеҘҪеҸҜж„ӣ|Sleep Powder|p2b: Kwazii
|-status|p2b: Kwazii|slp|[from] move: Sleep Powder
|
|-weather|RainDance|[upkeep]
|upkeep
|turn|3
|inactive|ar1stoteles vgc has 30 seconds left.
|
|t:|1756386897
|switch|p2a: Peso|Tatsugiri, L50, M|100/100
|-activate|p2a: Peso|ability: Commander|[of] p2b: Kwazii
|-boost|p2b: Kwazii|atk|2
|-boost|p2b: Kwazii|spa|2
|-boost|p2b: Kwazii|spe|2
|-boost|p2b: Kwazii|def|2
|-boost|p2b: Kwazii|spd|2
|switch|p1b: еӨӘжЁӮе·ҙжҲҲж–Ҝ|Torkoal, L50, M, shiny|100/100
|-weather|SunnyDay|[from] ability: Drought|[of] p1b: еӨӘжЁӮе·ҙжҲҲж–Ҝ
|-terastallize|p2b: Kwazii|Water
|move|p1a: зҙ«з«ҪеҘҪеҸҜж„ӣ|Solar Blade||[still]
|-prepare|p1a: зҙ«з«ҪеҘҪеҸҜж„ӣ|Solar Blade
|-anim|p1a: зҙ«з«ҪеҘҪеҸҜж„ӣ|Solar Blade|p2b: Kwazii
|-supereffective|p2b: Kwazii
|-damage|p2b: Kwazii|61/100 slp
|cant|p2b: Kwazii|slp
|move|p2b: Kwazii|Sleep Talk|p2b: Kwazii
|move|p2b: Kwazii|Surf|p1b: еӨӘжЁӮе·ҙжҲҲж–Ҝ|[from] move: Sleep Talk|[spread] p1a,p1b
|-miss|p2b: Kwazii|p2a: Peso
|-resisted|p1a: зҙ«з«ҪеҘҪеҸҜж„ӣ
|-supereffective|p1b: еӨӘжЁӮе·ҙжҲҲж–Ҝ
|-damage|p1a: зҙ«з«ҪеҘҪеҸҜж„ӣ|0 fnt
|-damage|p1b: еӨӘжЁӮе·ҙжҲҲж–Ҝ|0 fnt
|faint|p1a: зҙ«з«ҪеҘҪеҸҜж„ӣ
|faint|p1b: еӨӘжЁӮе·ҙжҲҲж–Ҝ
|-damage|p2b: Kwazii|51/100 slp|[from] item: Life Orb
|
|-weather|SunnyDay|[upkeep]
|upkeep
|
|t:|1756386903
|switch|p1a: дёҖжӢіжңҲжңҲзҶҠ|Ursaluna, L50, M, shiny|100/100
|switch|p1b: зҙ«з«Ҫи¶…еҸҜж„ӣ|Indeedee-F, L50, F, shiny|45/100
|turn|4
|inactive|ar1stoteles vgc has 30 seconds left.
|inactive|ar1stoteles vgc has 20 seconds left.
|inactive|ar1stoteles vgc has 15 seconds left.
|
|t:|1756386943
|move|p1a: дёҖжӢіжңҲжңҲзҶҠ|Protect|p1a: дёҖжӢіжңҲжңҲзҶҠ
|-singleturn|p1a: дёҖжӢіжңҲжңҲзҶҠ|Protect
|cant|p2b: Kwazii|slp
|move|p2b: Kwazii|Sleep Talk|p2b: Kwazii
|move|p2b: Kwazii|Surf|p1b: зҙ«з«Ҫи¶…еҸҜж„ӣ|[from] move: Sleep Talk|[spread] p1b
|-miss|p2b: Kwazii|p2a: Peso
|-activate|p1a: дёҖжӢіжңҲжңҲзҶҠ|move: Protect
|-damage|p1b: зҙ«з«Ҫи¶…еҸҜж„ӣ|11/100
|-damage|p2b: Kwazii|41/100 slp|[from] item: Life Orb
|move|p1b: зҙ«з«Ҫи¶…еҸҜж„ӣ|Trick Room|p1b: зҙ«з«Ҫи¶…еҸҜж„ӣ
|-fieldstart|move: Trick Room|[of] p1b: зҙ«з«Ҫи¶…еҸҜж„ӣ
|
|-weather|SunnyDay|[upkeep]
|-status|p1a: дёҖжӢіжңҲжңҲзҶҠ|brn|[from] item: Flame Orb
|upkeep
|turn|5
|
|t:|1756386966
|-curestatus|p2b: Kwazii|slp|[msg]
|move|p2b: Kwazii|Protect|p2b: Kwazii
|-singleturn|p2b: Kwazii|Protect
|move|p1a: дёҖжӢіжңҲжңҲзҶҠ|Facade|p2b: Kwazii
|-activate|p2b: Kwazii|move: Protect
|move|p1b: зҙ«з«Ҫи¶…еҸҜж„ӣ|Dazzling Gleam|p2a: Peso|[spread] 
|-miss|p1b: зҙ«з«Ҫи¶…еҸҜж„ӣ|p2a: Peso
|-activate|p2b: Kwazii|move: Protect
|
|-weather|SunnyDay|[upkeep]
|-damage|p1a: дёҖжӢіжңҲжңҲзҶҠ|95/100 brn|[from] brn
|-fieldend|move: Psychic Terrain
|upkeep
|turn|6
|
|t:|1756386976
|move|p2b: Kwazii|Protect||[still]
|-fail|p2b: Kwazii
|move|p1a: дёҖжӢіжңҲжңҲзҶҠ|Facade|p2b: Kwazii
|-damage|p2b: Kwazii|0 fnt
|faint|p2b: Kwazii
|move|p1b: зҙ«з«Ҫи¶…еҸҜж„ӣ|Dazzling Gleam|p2a: Peso
|-supereffective|p2a: Peso
|-damage|p2a: Peso|53/100
|
|-weather|SunnyDay|[upkeep]
|-damage|p1a: дёҖжӢіжңҲжңҲзҶҠ|89/100 brn|[from] brn
|upkeep
|
|t:|1756386992
|switch|p2b: Tweak|Politoed, L50, F|100/100
|-weather|RainDance|[from] ability: Drizzle|[of] p2b: Tweak
|turn|7
|
|t:|1756387012
|switch|p2a: Shellington|Overqwil, L50, M|100/100
|move|p2b: Tweak|Protect|p2b: Tweak
|-singleturn|p2b: Tweak|Protect
|move|p1b: зҙ«з«Ҫи¶…еҸҜж„ӣ|Follow Me|p1b: зҙ«з«Ҫи¶…еҸҜж„ӣ
|-singleturn|p1b: зҙ«з«Ҫи¶…еҸҜж„ӣ|move: Follow Me
|move|p1a: дёҖжӢіжңҲжңҲзҶҠ|Facade|p2a: Shellington
|-damage|p2a: Shellington|0 fnt
|faint|p2a: Shellington
|
|-weather|RainDance|[upkeep]
|-damage|p1a: дёҖжӢіжңҲжңҲзҶҠ|83/100 brn|[from] brn
|upkeep
|
|t:|1756387021
|switch|p2a: Peso|Tatsugiri, L50, M|53/100
|turn|8
|inactive|MrTedno has 30 seconds left.
|
|t:|1756387046
|-terastallize|p1a: дёҖжӢіжңҲжңҲзҶҠ|Ghost
|move|p1b: зҙ«з«Ҫи¶…еҸҜж„ӣ|Follow Me|p1b: зҙ«з«Ҫи¶…еҸҜж„ӣ
|-singleturn|p1b: зҙ«з«Ҫи¶…еҸҜж„ӣ|move: Follow Me
|move|p1a: дёҖжӢіжңҲжңҲзҶҠ|Facade|p2a: Peso
|-damage|p2a: Peso|0 fnt
|faint|p2a: Peso
|move|p2b: Tweak|Weather Ball|p1b: зҙ«з«Ҫи¶…еҸҜж„ӣ
|-damage|p1b: зҙ«з«Ҫи¶…еҸҜж„ӣ|0 fnt
|faint|p1b: зҙ«з«Ҫи¶…еҸҜж„ӣ
|
|-weather|RainDance|[upkeep]
|-damage|p1a: дёҖжӢіжңҲжңҲзҶҠ|77/100 brn|[from] brn
|-fieldend|move: Trick Room
|upkeep
|turn|9
|
|t:|1756387057
|move|p2b: Tweak|Protect|p2b: Tweak
|-singleturn|p2b: Tweak|Protect
|move|p1a: дёҖжӢіжңҲжңҲзҶҠ|Facade|p2b: Tweak
|-activate|p2b: Tweak|move: Protect
|
|-weather|RainDance|[upkeep]
|-damage|p1a: дёҖжӢіжңҲжңҲзҶҠ|71/100 brn|[from] brn
|upkeep
|turn|10
|
|t:|1756387067
|move|p2b: Tweak|Weather Ball|p1a: дёҖжӢіжңҲжңҲзҶҠ
|-damage|p1a: дёҖжӢіжңҲжңҲзҶҠ|25/100 brn
|move|p1a: дёҖжӢіжңҲжңҲзҶҠ|Facade|p2b: Tweak
|-damage|p2b: Tweak|0 fnt
|faint|p2b: Tweak
|
|win|ar1stoteles vgc
||MrTedno is ready for game 2.
||ar1stoteles vgc is ready for game 2.
|uhtml|next|Next: Game 2 of 3
|l|вҳҶar1stoteles vgc
|player|p1|
