|j|☆The.JuanMa
|j|☆Joker113
|html|The.JuanMaJoker113    
|uhtml|bestof|Game 1 of a best-of-3
|t:|1786054785
|gametype|doubles
|player|p1|The.JuanMa|265|1130
|player|p2|Joker113|1|1199
|gen|9
|tier|[Gen 9 Champions] VGC 2026 Reg M-B (Bo3)
|rated|
|rule|Species Clause: Limit one of each Pokémon
|rule|Item Clause: Limit 1 of each item
|clearpoke
|poke|p1|Whimsicott, L50, M, shiny|
|poke|p1|Floette-Eternal, L50, F|
|poke|p1|Charizard, L50, M, shiny|
|poke|p1|Basculegion, L50, M|
|poke|p1|Glimmora, L50, M, shiny|
|poke|p1|Garchomp, L50, F|
|poke|p2|Floette-Eternal, L50, F|
|poke|p2|Sneasler, L50, M|
|poke|p2|Dragapult, L50, F|
|poke|p2|Espathra, L50, M|
|poke|p2|Aegislash, L50, F|
|poke|p2|Aerodactyl, L50, F|
|teampreview|4
|showteam|p1|Whimsicott||FairyFeather|Prankster|Protect,Encore,Tailwind,Moonblast|Timid||M|||50|]Floette-Eternal||Floettite|FlowerVeil|Moonblast,DazzlingGleam,LightofRuin,Protect|Modest||F|||50|]Charizard||CharizarditeY|Blaze|Protect,HeatWave,SolarBeam,WeatherBall|Modest||M|||50|]Basculegion||ColburBerry|Adaptability|Protect,WaveCrash,LastRespects,AquaJet|Adamant||M|||50|]Glimmora||FocusSash|ToxicDebris|SpikyShield,PowerGem,SludgeBomb,EarthPower|Modest||M|||50|]Garchomp||SitrusBerry|RoughSkin|StompingTantrum,DragonClaw,Earthquake,Protect|Adamant||F|||50|
|showteam|p2|Floette-Eternal||Floettite|FlowerVeil|Protect,DazzlingGleam,EnergyBall,DrainingKiss|Modest||F|||50|]Sneasler||WhiteHerb|Unburden|CloseCombat,FakeOut,DireClaw,Protect|Adamant||M|||50|]Dragapult||LifeOrb|CursedBody|WillOWisp,ShadowBall,DracoMeteor,Protect|Modest||F|||50|]Espathra||MentalHerb|SpeedBoost|CalmMind,StoredPower,BatonPass,Protect|Serious||M|||50|]Aegislash||SitrusBerry|StanceChange|ShadowBall,KingsShield,WideGuard,FlashCannon|Bold||F|||50|]Aerodactyl||FocusSash|Unnerve|RockSlide,Tailwind,DualWingbeat,Protect|Jolly||F|||50|
|inactive|Battle timer is ON: inactive players will automatically lose when time's up. (requested by Joker113)
|inactive|The.JuanMa has 60 seconds left.
|
|t:|1786054823
|teamsize|p1|4
|teamsize|p2|4
|start
|switch|p1a: Salmoni|Basculegion, L50, M|100/100
|switch|p1b: Algodoncio|Whimsicott, L50, M, shiny|100/100
|switch|p2a: Aerodactyl|Aerodactyl, L50, F|100/100
|switch|p2b: Dragapult|Dragapult, L50, F|100/100
|-ability|p2a: Aerodactyl|Unnerve
|turn|1
|inactive|The.JuanMa has 30 seconds left.
|inactive|Joker113 has 30 seconds left.
|inactive|Joker113 has 20 seconds left.
|inactive|Joker113 has 15 seconds left.
|inactive|Joker113 has 10 seconds left.
|
|t:|1786054868
|move|p2b: Dragapult|Protect|p2b: Dragapult
|-singleturn|p2b: Dragapult|Protect
|move|p1b: Algodoncio|Tailwind|p1b: Algodoncio
|-sidestart|p1: The.JuanMa|move: Tailwind
|move|p1a: Salmoni|Wave Crash|p2a: Aerodactyl
|-supereffective|p2a: Aerodactyl|1
|-enditem|p2a: Aerodactyl|Focus Sash
|-damage|p2a: Aerodactyl|1/100
|-damage|p1a: Salmoni|74/100|[from] Recoil
|move|p2a: Aerodactyl|Tailwind|p2a: Aerodactyl
|-sidestart|p2: Joker113|move: Tailwind
|
|upkeep
|turn|2
|
|t:|1786054888
|move|p1a: Salmoni|Aqua Jet|p2a: Aerodactyl
|-supereffective|p2a: Aerodactyl|1
|-damage|p2a: Aerodactyl|0 fnt
|faint|p2a: Aerodactyl
|move|p2b: Dragapult|Shadow Ball|p1a: Salmoni
|-supereffective|p1a: Salmoni|1
|-damage|p1a: Salmoni|0 fnt
|faint|p1a: Salmoni
|-damage|p2b: Dragapult|90/100|[from] item: Life Orb
|move|p1b: Algodoncio|Moonblast|p2b: Dragapult
|-supereffective|p2b: Dragapult|1
|-damage|p2b: Dragapult|0 fnt
|-start|p1b: Algodoncio|Disable|Moonblast|[from] ability: Cursed Body|[of] p2b: Dragapult
|faint|p2b: Dragapult
|
|upkeep
|
|t:|1786054905
|switch|p2a: Floette|Floette-Eternal, L50, F|100/100
|switch|p2b: Sneasler|Sneasler, L50, M|100/100
|switch|p1a: Alcachofa|Glimmora, L50, M, shiny|100/100
|turn|3
|
|t:|1786054928
|detailschange|p2a: Floette|Floette-Mega, L50, F
|-mega|p2a: Floette|Floette|Floettite
|-ability|p2a: Floette|Fairy Aura
|move|p1b: Algodoncio|Protect|p1b: Algodoncio
|-singleturn|p1b: Algodoncio|Protect
|move|p1a: Alcachofa|Spiky Shield|p1a: Alcachofa
|-singleturn|p1a: Alcachofa|move: Protect
|move|p2b: Sneasler|Dire Claw|p1b: Algodoncio
|-activate|p1b: Algodoncio|move: Protect
|move|p2a: Floette|Dazzling Gleam|p1b: Algodoncio|[spread] 
|-activate|p1a: Alcachofa|move: Protect
|-activate|p1b: Algodoncio|move: Protect
|
|upkeep
|turn|4
|inactive|The.JuanMa has 30 seconds left.
|
|t:|1786054962
|switch|p1b: Vampirim|Charizard, L50, M, shiny|100/100
|move|p2b: Sneasler|Close Combat|p1a: Alcachofa
|-damage|p1a: Alcachofa|13/100
|-unboost|p2b: Sneasler|def|1
|-unboost|p2b: Sneasler|spd|1
|-activate|p1a: Alcachofa|ability: Toxic Debris
|-sidestart|p2: Joker113|move: Toxic Spikes
|-enditem|p2b: Sneasler|White Herb
|-clearnegativeboost|p2b: Sneasler|[silent]
|move|p1a: Alcachofa|Sludge Bomb|p2a: Floette
|-supereffective|p2a: Floette|1
|-damage|p2a: Floette|22/100
|move|p2a: Floette|Dazzling Gleam|p1a: Alcachofa|[spread] p1a,p1b
|-resisted|p1a: Alcachofa|1
|-crit|p1a: Alcachofa
|-resisted|p1b: Vampirim|1
|-damage|p1a: Alcachofa|0 fnt
|-damage|p1b: Vampirim|71/100
|faint|p1a: Alcachofa
|
|-sideend|p2: Joker113|move: Tailwind
|-sideend|p1: The.JuanMa|move: Tailwind
|upkeep
|
|t:|1786054980
|switch|p1a: Algodoncio|Whimsicott, L50, M, shiny|100/100
|turn|5
|
|t:|1786054991
|detailschange|p1b: Vampirim|Charizard-Mega-Y, L50, M, shiny
|-mega|p1b: Vampirim|Charizard|Charizardite Y
|-weather|SunnyDay|[from] ability: Drought|[of] p1b: Vampirim
|move|p1a: Algodoncio|Tailwind|p1a: Algodoncio
|-sidestart|p1: The.JuanMa|move: Tailwind
|move|p2b: Sneasler|Dire Claw|p1b: Vampirim
|-damage|p1b: Vampirim|21/100
|-status|p1b: Vampirim|par
|move|p1b: Vampirim|Heat Wave|p2b: Sneasler|[spread] p2a,p2b
|-damage|p2a: Floette|0 fnt
|-damage|p2b: Sneasler|9/100
|faint|p2a: Floette
|
|-weather|SunnyDay|[upkeep]
|upkeep
|turn|6
|
|t:|1786055015
|move|p1a: Algodoncio|Moonblast|p2b: Sneasler
|-damage|p2b: Sneasler|0 fnt
|faint|p2b: Sneasler
|
|win|The.JuanMa
||Joker113 is ready for game 2.
||The.JuanMa is ready for game 2.
|uhtml|next|Next: Game 2 of 3
|l|☆Joker113
|player|p2|
