|j|☆marcosdeltasena31
|j|☆Onir the magician
|html|marcosdeltasena31Onir the magician    
|uhtml|bestof|Game 3 of a best-of-3
|t:|1757112989
|gametype|doubles
|player|p1|marcosdeltasena31|hilbert|1341
|player|p2|Onir the magician|brycenman|1249
|gen|9
|tier|[Gen 9] VGC 2025 Reg H (Bo3)
|rated|
|rule|Species Clause: Limit one of each Pokémon
|rule|Item Clause: Limit 1 of each item
|clearpoke
|poke|p1|Dragonite, L50, F|
|poke|p1|Sneasler, L50, F|
|poke|p1|Volcarona, L50, F|
|poke|p1|Rillaboom, L50, M|
|poke|p1|Kingambit, L50, F|
|poke|p1|Electabuzz, L50, F|
|poke|p2|Dragonite, L50, M|
|poke|p2|Ursaluna-Bloodmoon, L50, M|
|poke|p2|Gholdengo, L50|
|poke|p2|Amoonguss, L50, F|
|poke|p2|Sneasler, L50, M|
|poke|p2|Incineroar, L50, M|
|teampreview|4
|showteam|p1|Dragonite||LoadedDice|Multiscale|ScaleShot,ExtremeSpeed,Haze,Protect|||F|||50|,,,,,Fairy]Sneasler||FocusSash|PoisonTouch|DireClaw,CloseCombat,FakeOut,Coaching|||F|||50|,,,,,Ghost]Volcarona||CovertCloak|FlameBody|HeatWave,TeraBlast,QuiverDance,Protect|||F|||50|,,,,,Fairy]Rillaboom||AssaultVest|GrassySurge|WoodHammer,FakeOut,GrassyGlide,HighHorsepower|||M|||50|,,,,,Fire]Kingambit||BlackGlasses|Defiant|KowtowCleave,SwordsDance,SuckerPunch,Protect|||F|||50|,,,,,Dark]Electabuzz||Eviolite|VitalSpirit|Thunderbolt,FollowMe,Taunt,Protect|||F|||50|,,,,,Ghost
|showteam|p2|Dragonite||LoadedDice|Multiscale|ScaleShot,Tailwind,Haze,Protect|||M|||50|,,,,,Fairy]Ursaluna-Bloodmoon||AssaultVest|MindsEye|BloodMoon,EarthPower,VacuumWave,HyperVoice|||M|||50|,,,,,Water]Gholdengo||LifeOrb|GoodasGold|Protect,MakeItRain,ShadowBall,NastyPlot||||||50|,,,,,Water]Amoonguss||SitrusBerry|Regenerator|RagePowder,Spore,PollenPuff,Protect|||F|||50|,,,,,Psychic]Sneasler||FocusSash|Unburden|Protect,DireClaw,CloseCombat,ThroatChop|||M|||50|,,,,,Stellar]Incineroar||SafetyGoggles|Intimidate|KnockOff,PartingShot,FlareBlitz,FakeOut|||M|||50|,,,,,Ghost
|inactive|Battle timer is ON: inactive players will automatically lose when time's up. (requested by Onir the magician)
|
|t:|1757113030
|teamsize|p1|4
|teamsize|p2|4
|start
|switch|p1a: Volcarona|Volcarona, L50, F|100/100
|switch|p1b: Electabuzz|Electabuzz, L50, F|100/100
|switch|p2a: Luffy|Incineroar, L50, M|100/100
|switch|p2b: 8|Sneasler, L50, M|100/100
|-ability|p2a: Luffy|Intimidate|boost
|-unboost|p1a: Volcarona|atk|1
|-unboost|p1b: Electabuzz|atk|1
|turn|1
|
|t:|1757113043
|move|p1a: Volcarona|Protect|p1a: Volcarona
|-singleturn|p1a: Volcarona|Protect
|move|p1b: Electabuzz|Protect|p1b: Electabuzz
|-singleturn|p1b: Electabuzz|Protect
|move|p2a: Luffy|Fake Out|p1a: Volcarona
|-activate|p1a: Volcarona|move: Protect
|move|p2b: 8|Dire Claw|p1b: Electabuzz
|-activate|p1b: Electabuzz|move: Protect
|
|upkeep
|turn|2
|
|t:|1757113051
|move|p1b: Electabuzz|Follow Me|p1b: Electabuzz
|-singleturn|p1b: Electabuzz|move: Follow Me
|move|p2b: 8|Dire Claw|p1b: Electabuzz
|-damage|p1b: Electabuzz|67/100
|move|p1a: Volcarona|Quiver Dance|p1a: Volcarona
|-boost|p1a: Volcarona|spa|1
|-boost|p1a: Volcarona|spd|1
|-boost|p1a: Volcarona|spe|1
|move|p2a: Luffy|Knock Off|p1b: Electabuzz
|-damage|p1b: Electabuzz|31/100
|-enditem|p1b: Electabuzz|Eviolite|[from] move: Knock Off|[of] p2a: Luffy
|
|upkeep
|turn|3
|
|t:|1757113075
|move|p1b: Electabuzz|Follow Me|p1b: Electabuzz
|-singleturn|p1b: Electabuzz|move: Follow Me
|move|p1a: Volcarona|Heat Wave|p2b: 8|[spread] p2a,p2b
|-resisted|p2a: Luffy
|-damage|p2a: Luffy|73/100
|-damage|p2b: 8|29/100
|move|p2b: 8|Dire Claw|p1b: Electabuzz
|-damage|p1b: Electabuzz|0 fnt
|faint|p1b: Electabuzz
|move|p2a: Luffy|Flare Blitz|p1a: Volcarona
|-damage|p1a: Volcarona|36/100
|-damage|p2a: Luffy|54/100|[from] Recoil
|
|upkeep
|
|t:|1757113087
|switch|p1b: Dragonite|Dragonite, L50, F|100/100
|turn|4
|inactive|Onir the magician has 30 seconds left.
|
|t:|1757113121
|-terastallize|p1a: Volcarona|Fairy
|move|p1b: Dragonite|Extreme Speed|p2b: 8
|-damage|p2b: 8|0 fnt
|faint|p2b: 8
|move|p1a: Volcarona|Tera Blast|p2a: Luffy|[anim] Tera Blast Fairy
|-damage|p2a: Luffy|0 fnt
|faint|p2a: Luffy
|
|upkeep
|
|t:|1757113127
|switch|p2b: Zzzzzzzz|Amoonguss, L50, F|100/100
|switch|p2a: Golden Wind|Dragonite, L50, M|100/100
|turn|5
|
|t:|1757113146
|-terastallize|p2b: Zzzzzzzz|Psychic
|move|p2a: Golden Wind|Protect|p2a: Golden Wind
|-singleturn|p2a: Golden Wind|Protect
|move|p1b: Dragonite|Extreme Speed|p2b: Zzzzzzzz
|-damage|p2b: Zzzzzzzz|76/100
|move|p1a: Volcarona|Heat Wave|p2b: Zzzzzzzz|[spread] p2b
|-activate|p2a: Golden Wind|move: Protect
|-damage|p2b: Zzzzzzzz|33/100
|-enditem|p2b: Zzzzzzzz|Sitrus Berry|[eat]
|-heal|p2b: Zzzzzzzz|58/100|[from] item: Sitrus Berry
|move|p2b: Zzzzzzzz|Spore|p1a: Volcarona
|-status|p1a: Volcarona|slp|[from] move: Spore
|
|upkeep
|turn|6
|
|t:|1757113171
|move|p1b: Dragonite|Extreme Speed|p2b: Zzzzzzzz
|-damage|p2b: Zzzzzzzz|35/100
|cant|p1a: Volcarona|slp
|move|p2a: Golden Wind|Scale Shot|p1b: Dragonite
|-supereffective|p1b: Dragonite
|-damage|p1b: Dragonite|84/100
|-supereffective|p1b: Dragonite
|-damage|p1b: Dragonite|52/100
|-supereffective|p1b: Dragonite
|-damage|p1b: Dragonite|16/100
|-supereffective|p1b: Dragonite
|-damage|p1b: Dragonite|0 fnt
|faint|p1b: Dragonite
|-hitcount|p1: Dragonite|4
|-unboost|p2a: Golden Wind|def|1
|-boost|p2a: Golden Wind|spe|1
|move|p2b: Zzzzzzzz|Pollen Puff|p1a: Volcarona
|-resisted|p1a: Volcarona
|-damage|p1a: Volcarona|31/100 slp
|
|upkeep
|
|t:|1757113176
|switch|p1b: Sneasler|Sneasler, L50, F|100/100
|turn|7
|inactive|Onir the magician has 30 seconds left.
|
|t:|1757113204
|move|p2a: Golden Wind|Protect|p2a: Golden Wind
|-singleturn|p2a: Golden Wind|Protect
|move|p2b: Zzzzzzzz|Protect|p2b: Zzzzzzzz
|-singleturn|p2b: Zzzzzzzz|Protect
|move|p1b: Sneasler|Fake Out|p2a: Golden Wind
|-activate|p2a: Golden Wind|move: Protect
|cant|p1a: Volcarona|slp
|
|upkeep
|turn|8
|inactive|Onir the magician has 30 seconds left.
|inactive|Onir the magician has 20 seconds left.
|
|t:|1757113239
|move|p2b: Zzzzzzzz|Protect||[still]
|-fail|p2b: Zzzzzzzz
|cant|p1a: Volcarona|slp
|move|p2a: Golden Wind|Scale Shot|p1b: Sneasler
|-damage|p1b: Sneasler|75/100
|-damage|p1b: Sneasler|52/100
|-damage|p1b: Sneasler|27/100
|-damage|p1b: Sneasler|2/100
|-damage|p1b: Sneasler|0 fnt
|faint|p1b: Sneasler
|-hitcount|p1: Sneasler|5
|-unboost|p2a: Golden Wind|def|1
|-boost|p2a: Golden Wind|spe|1
|
|upkeep
|turn|9
|
|t:|1757113253
|move|p2a: Golden Wind|Haze|p2a: Golden Wind
|-clearallboost
|-curestatus|p1a: Volcarona|slp|[msg]
|move|p1a: Volcarona|Heat Wave|p2a: Golden Wind|[spread] p2a,p2b
|-resisted|p2a: Golden Wind
|-damage|p2a: Golden Wind|91/100
|-damage|p2b: Zzzzzzzz|4/100
|move|p2b: Zzzzzzzz|Spore|p1a: Volcarona
|-status|p1a: Volcarona|slp|[from] move: Spore
|
|upkeep
|turn|10
|
|t:|1757113262
|cant|p1a: Volcarona|slp
|move|p2a: Golden Wind|Tailwind|p2a: Golden Wind
|-sidestart|p2: Onir the magician|move: Tailwind
|move|p2b: Zzzzzzzz|Pollen Puff|p1a: Volcarona
|-resisted|p1a: Volcarona
|-damage|p1a: Volcarona|22/100 slp
|
|upkeep
|turn|11
|
|t:|1757113277
|move|p2a: Golden Wind|Scale Shot|p1a: Volcarona
|-immune|p1a: Volcarona
|-curestatus|p1a: Volcarona|slp|[msg]
|move|p1a: Volcarona|Heat Wave|p2b: Zzzzzzzz|[spread] p2a
|-miss|p1a: Volcarona|p2b: Zzzzzzzz
|-resisted|p2a: Golden Wind
|-damage|p2a: Golden Wind|72/100
|move|p2b: Zzzzzzzz|Pollen Puff|p1a: Volcarona
|-resisted|p1a: Volcarona
|-damage|p1a: Volcarona|13/100
|
|upkeep
|turn|12
|inactive|Onir the magician has 30 seconds left.
|
|t:|1757113306
|move|p2a: Golden Wind|Scale Shot|p1a: Volcarona
|-immune|p1a: Volcarona
|move|p1a: Volcarona|Tera Blast|p2b: Zzzzzzzz|[anim] Tera Blast Fairy
|-damage|p2b: Zzzzzzzz|0 fnt
|faint|p2b: Zzzzzzzz
|
|upkeep
|turn|13
|-message|Onir the magician forfeited.
|
|win|marcosdeltasena31
|raw|marcosdeltasena31's rating: 1341 → 1356(+15 for winning)
|raw|Onir the magician's rating: 1249 → 1230(-19 for losing)
