|j|☆paperclip007
|j|☆Drmwvr
|html|paperclip007Drmwvr    
|uhtml|bestof|Game 1 of a best-of-3
|t:|1757718383
|gametype|doubles
|player|p1|paperclip007|rocketgruntf|
|player|p2|Drmwvr|nemona-s|
|gen|9
|tier|[Gen 9] VGC 2025 Reg H (Bo3)
|rule|Species Clause: Limit one of each Pokémon
|rule|Item Clause: Limit 1 of each item
|clearpoke
|poke|p1|Toxapex, L50, M|
|poke|p1|Grafaiai, L50, F|
|poke|p1|Weezing-Galar, L50, F|
|poke|p1|Incineroar, L50, M|
|poke|p1|Hippowdon, L50, M|
|poke|p1|Sinistcha, L50|
|poke|p2|Dragonite, L50, F|
|poke|p2|Gholdengo, L50|
|poke|p2|Amoonguss, L50, F|
|poke|p2|Incineroar, L50, F|
|poke|p2|Sneasler, L50, F|
|poke|p2|Archaludon, L50, F|
|teampreview|4
|showteam|p1|Toxapex||Leftovers|Regenerator|BanefulBunker,WideGuard,Infestation,Toxic|||M|||50|,,,,,Grass]Grafaiai||FocusSash|Prankster|Toxic,Encore,SuperFang,KnockOff|||F|||50|,,,,,Dark]Weezing-Galar||SitrusBerry|NeutralizingGas|WillOWisp,StrangeSteam,Protect,Haze|||F|||50|,,,,,Water]Incineroar||SafetyGoggles|Intimidate|PartingShot,WillOWisp,FakeOut,KnockOff|||M|||50|,,,,,Fire]Hippowdon||RockyHelmet|SandStream|Yawn,SandTomb,RockSlide,Protect|||M|||50|,,,,,Water]Sinistcha||CovertCloak|Hospitality|TrickRoom,MatchaGotcha,ShadowBall,Protect||||||50|,,,,,Grass
|showteam|p2|Dragonite||LoadedDice|Multiscale|ScaleShot,ExtremeSpeed,Tailwind,Protect|||F|||50|,,,,,Fairy]Gholdengo||ChoiceSpecs|GoodasGold|MakeItRain,ShadowBall,Thunderbolt,Trick||||||50|,,,,,Dragon]Amoonguss||SitrusBerry|Regenerator|Spore,RagePowder,SludgeBomb,Protect|||F|||50|,,,,,Psychic]Incineroar||RockyHelmet|Intimidate|FlareBlitz,KnockOff,PartingShot,FakeOut|||F|||50|,,,,,Grass]Sneasler||FocusSash|Unburden|CloseCombat,DireClaw,FakeOut,Protect|||F|||50|,,,,,Dark]Archaludon||AssaultVest|Stamina|FlashCannon,DracoMeteor,Snarl,BodyPress|||F|||50|,,,,,Water
|j| drillcurlsaresexy
|j| jscullan
|
|t:|1757718505
|teamsize|p1|4
|teamsize|p2|4
|start
|switch|p1a: Weezing|Weezing-Galar, L50, F|100/100
|switch|p1b: Incineroar|Incineroar, L50, M|100/100
|switch|p2a: Gholdengo|Gholdengo, L50|100/100
|switch|p2b: Sneasler|Sneasler, L50, F|100/100
|-ability|p1a: Weezing|Neutralizing Gas
|turn|1
|
|t:|1757718566
|move|p1a: Weezing|Protect|p1a: Weezing
|-singleturn|p1a: Weezing|Protect
|move|p2b: Sneasler|Fake Out|p1b: Incineroar
|-damage|p1b: Incineroar|86/100
|move|p2a: Gholdengo|Make It Rain|p1a: Weezing|[spread] p1b
|-activate|p1a: Weezing|move: Protect
|-resisted|p1b: Incineroar
|-damage|p1b: Incineroar|61/100
|-unboost|p2a: Gholdengo|spa|1
|cant|p1b: Incineroar|flinch
|
|upkeep
|turn|2
|
|t:|1757718591
|switch|p2a: Incineroar|Incineroar, L50, F|100/100
|move|p2b: Sneasler|Close Combat|p1b: Incineroar
|-supereffective|p1b: Incineroar
|-damage|p1b: Incineroar|0 fnt
|-unboost|p2b: Sneasler|def|1
|-unboost|p2b: Sneasler|spd|1
|faint|p1b: Incineroar
|move|p1a: Weezing|Will-O-Wisp|p2b: Sneasler
|-status|p2b: Sneasler|brn
|
|-damage|p2b: Sneasler|95/100 brn|[from] brn
|upkeep
|
|t:|1757718606
|switch|p1b: Toxapex|Toxapex, L50, M|100/100
|turn|3
|
|t:|1757718639
|move|p1a: Weezing|Protect|p1a: Weezing
|-singleturn|p1a: Weezing|Protect
|move|p1b: Toxapex|Baneful Bunker|p1b: Toxapex
|-singleturn|p1b: Toxapex|move: Protect
|move|p2b: Sneasler|Dire Claw|p1a: Weezing
|-activate|p1a: Weezing|move: Protect
|move|p2a: Incineroar|Knock Off|p1a: Weezing
|-activate|p1a: Weezing|move: Protect
|
|-damage|p2b: Sneasler|89/100 brn|[from] brn
|upkeep
|turn|4
|
|t:|1757718664
|-end|p1a: Weezing|ability: Neutralizing Gas
|-ability|p2a: Incineroar|Intimidate|boost
|-unboost|p1a: Weezing|atk|1
|-unboost|p1b: Toxapex|atk|1
|switch|p1a: Hippowdon|Hippowdon, L50, M|100/100
|-weather|Sandstorm|[from] ability: Sand Stream|[of] p1a: Hippowdon
|move|p2b: Sneasler|Dire Claw|p1a: Hippowdon
|-resisted|p1a: Hippowdon
|-damage|p1a: Hippowdon|93/100
|-status|p1a: Hippowdon|par
|-damage|p2b: Sneasler|73/100 brn|[from] item: Rocky Helmet|[of] p1a: Hippowdon
|move|p2a: Incineroar|Knock Off|p1b: Toxapex
|-damage|p1b: Toxapex|71/100
|-enditem|p1b: Toxapex|Leftovers|[from] move: Knock Off|[of] p2a: Incineroar
|move|p1b: Toxapex|Infestation|p2b: Sneasler
|-resisted|p2b: Sneasler
|-damage|p2b: Sneasler|71/100 brn
|-activate|p2b: Sneasler|move: Infestation|[of] p1b: Toxapex
|
|-weather|Sandstorm|[upkeep]
|-damage|p2b: Sneasler|66/100 brn|[from] Sandstorm
|-damage|p2a: Incineroar|95/100|[from] Sandstorm
|-damage|p1b: Toxapex|65/100|[from] Sandstorm
|-damage|p2b: Sneasler|60/100 brn|[from] brn
|-damage|p2b: Sneasler|48/100 brn|[from] move: Infestation|[partiallytrapped]
|upkeep
|turn|5
|
|t:|1757718704
|move|p1b: Toxapex|Baneful Bunker|p1b: Toxapex
|-singleturn|p1b: Toxapex|move: Protect
|move|p2b: Sneasler|Dire Claw|p1b: Toxapex
|-activate|p1b: Toxapex|move: Protect
|move|p2a: Incineroar|Parting Shot|p1a: Hippowdon
|-unboost|p1a: Hippowdon|atk|1
|-unboost|p1a: Hippowdon|spa|1
|
|t:|1757718712
|switch|p2a: Dragonite|Dragonite, L50, F|100/100|[from] Parting Shot
|move|p1a: Hippowdon|Sand Tomb|p2a: Dragonite
|-immune|p2a: Dragonite
|
|-weather|Sandstorm|[upkeep]
|-damage|p2b: Sneasler|42/100 brn|[from] Sandstorm
|-damage|p2a: Dragonite|95/100|[from] Sandstorm
|-damage|p1b: Toxapex|60/100|[from] Sandstorm
|-damage|p2b: Sneasler|36/100 brn|[from] brn
|-damage|p2b: Sneasler|24/100 brn|[from] move: Infestation|[partiallytrapped]
|upkeep
|turn|6
|
|t:|1757718757
|move|p2b: Sneasler|Dire Claw|p1b: Toxapex
|-resisted|p1b: Toxapex
|-crit|p1b: Toxapex
|-damage|p1b: Toxapex|46/100
|move|p2a: Dragonite|Scale Shot|p1b: Toxapex
|-crit|p1b: Toxapex
|-damage|p1b: Toxapex|30/100
|-damage|p1b: Toxapex|19/100
|-damage|p1b: Toxapex|8/100
|-damage|p1b: Toxapex|0 fnt
|faint|p1b: Toxapex
|-hitcount|p1: Toxapex|4
|-unboost|p2a: Dragonite|def|1
|-boost|p2a: Dragonite|spe|1
|move|p1a: Hippowdon|Rock Slide|p2b: Sneasler|[spread] p2a,p2b
|-supereffective|p2a: Dragonite
|-resisted|p2b: Sneasler
|-damage|p2a: Dragonite|66/100
|-damage|p2b: Sneasler|12/100 brn
|
|-weather|Sandstorm|[upkeep]
|-damage|p2a: Dragonite|60/100|[from] Sandstorm
|-damage|p2b: Sneasler|6/100 brn|[from] Sandstorm
|-damage|p2b: Sneasler|0 fnt|[from] brn
|faint|p2b: Sneasler
|upkeep
|
|t:|1757718779
|switch|p2b: Gholdengo|Gholdengo, L50|100/100
|switch|p1b: Weezing|Weezing-Galar, L50, F|100/100
|-ability|p1b: Weezing|Neutralizing Gas
|turn|7
|
|t:|1757718807
|-terastallize|p2b: Gholdengo|Dragon
|move|p2a: Dragonite|Protect|p2a: Dragonite
|-singleturn|p2a: Dragonite|Protect
|move|p1b: Weezing|Protect|p1b: Weezing
|-singleturn|p1b: Weezing|Protect
|move|p2b: Gholdengo|Make It Rain|p1a: Hippowdon|[spread] p1a
|-activate|p1b: Weezing|move: Protect
|-damage|p1a: Hippowdon|37/100 par
|-unboost|p2b: Gholdengo|spa|1
|move|p1a: Hippowdon|Yawn|p2b: Gholdengo
|-start|p2b: Gholdengo|move: Yawn|[of] p1a: Hippowdon
|
|-weather|Sandstorm|[upkeep]
|-damage|p2a: Dragonite|54/100|[from] Sandstorm
|-damage|p2b: Gholdengo|94/100|[from] Sandstorm
|-damage|p1b: Weezing|95/100|[from] Sandstorm
|upkeep
|turn|8
|
|t:|1757718828
|switch|p2b: Incineroar|Incineroar, L50, F|95/100
|move|p2a: Dragonite|Scale Shot|p1a: Hippowdon
|-damage|p1a: Hippowdon|27/100 par
|-damage|p1a: Hippowdon|17/100 par
|-crit|p1a: Hippowdon
|-damage|p1a: Hippowdon|3/100 par
|-damage|p1a: Hippowdon|0 fnt
|faint|p1a: Hippowdon
|-hitcount|p1: Hippowdon|4
|-unboost|p2a: Dragonite|def|1
|-boost|p2a: Dragonite|spe|1
|move|p1b: Weezing|Strange Steam|p2a: Dragonite
|-supereffective|p2a: Dragonite
|-damage|p2a: Dragonite|0 fnt
|faint|p2a: Dragonite
|
|-weather|none
|upkeep
|
|t:|1757718845
|switch|p2a: Gholdengo|Gholdengo, L50, tera:Dragon|94/100
|turn|9
|
|t:|1757718865
|move|p1b: Weezing|Protect|p1b: Weezing
|-singleturn|p1b: Weezing|Protect
|move|p2a: Gholdengo|Make It Rain|p1b: Weezing
|-activate|p1b: Weezing|move: Protect
|move|p2b: Incineroar|Flare Blitz|p1b: Weezing
|-activate|p1b: Weezing|move: Protect
|
|upkeep
|turn|10
|
|t:|1757718883
|-terastallize|p1b: Weezing|Water
|move|p2a: Gholdengo|Make It Rain|p1b: Weezing
|-resisted|p1b: Weezing
|-damage|p1b: Weezing|50/100
|-unboost|p2a: Gholdengo|spa|1
|-enditem|p1b: Weezing|Sitrus Berry|[eat]
|-heal|p1b: Weezing|75/100|[from] item: Sitrus Berry
|move|p2b: Incineroar|Flare Blitz|p1b: Weezing
|-resisted|p1b: Weezing
|-damage|p1b: Weezing|53/100
|-damage|p2b: Incineroar|88/100|[from] Recoil
|move|p1b: Weezing|Strange Steam|p2a: Gholdengo
|-supereffective|p2a: Gholdengo
|-damage|p2a: Gholdengo|31/100
|
|upkeep
|turn|11
|
|t:|1757718907
|move|p2a: Gholdengo|Make It Rain|p1b: Weezing
|-resisted|p1b: Weezing
|-damage|p1b: Weezing|24/100
|-unboost|p2a: Gholdengo|spa|1
|move|p2b: Incineroar|Parting Shot|p1b: Weezing
|-unboost|p1b: Weezing|atk|1
|-unboost|p1b: Weezing|spa|1
|move|p1b: Weezing|Strange Steam|p2a: Gholdengo
|-supereffective|p2a: Gholdengo
|-damage|p2a: Gholdengo|0 fnt
|faint|p2a: Gholdengo
|
|upkeep
|turn|12
|
|t:|1757718934
|move|p1b: Weezing|Protect|p1b: Weezing
|-singleturn|p1b: Weezing|Protect
|move|p2b: Incineroar|Flare Blitz|p1b: Weezing
|-activate|p1b: Weezing|move: Protect
|
|upkeep
|turn|13
|
|t:|1757718949
|move|p2b: Incineroar|Flare Blitz|p1b: Weezing
|-resisted|p1b: Weezing
|-damage|p1b: Weezing|2/100
|-damage|p2b: Incineroar|82/100|[from] Recoil
|move|p1b: Weezing|Strange Steam|p2b: Incineroar|[miss]
|-miss|p1b: Weezing|p2b: Incineroar
|
|upkeep
|turn|14
|
|t:|1757718958
|move|p2b: Incineroar|Knock Off|p1b: Weezing
|-damage|p1b: Weezing|0 fnt
|faint|p1b: Weezing
|-end|p1b: Weezing|ability: Neutralizing Gas
|
|win|Drmwvr
||Drmwvr is ready for game 2.
||paperclip007 is ready for game 2.
|uhtml|next|Next: Game 2 of 3
|l| drillcurlsaresexy
|l| jscullan
