|j|☆PaniniWeenie
|j|☆Sawadaburner
|html|PaniniWeenieSawadaburner    
|uhtml|bestof|Game 1 of a best-of-3
|t:|1756999920
|gametype|doubles
|player|p1|PaniniWeenie|pokemaniac|1393
|player|p2|Sawadaburner|2|1307
|gen|9
|tier|[Gen 9] VGC 2025 Reg H (Bo3)
|rated|
|rule|Species Clause: Limit one of each Pokémon
|rule|Item Clause: Limit 1 of each item
|clearpoke
|poke|p1|Sneasler, L50, M|
|poke|p1|Volcarona, L50, F|
|poke|p1|Dragonite, L50, F|
|poke|p1|Rillaboom, L50, F|
|poke|p1|Electabuzz, L50, F|
|poke|p1|Kingambit, L50, F|
|poke|p2|Porygon2, L50|
|poke|p2|Incineroar, L50, F|
|poke|p2|Ursaluna, L50, F|
|poke|p2|Jumpluff, L50, F|
|poke|p2|Charizard, L50, M|
|poke|p2|Torkoal, L50, F|
|teampreview|4
|showteam|p1|Sneasler||FocusSash|PoisonTouch|DireClaw,CloseCombat,FakeOut,Coaching|||M|||50|,,,,,Stellar]Volcarona||Leftovers|FlameBody|HeatWave,QuiverDance,Protect,TeraBlast|||F|||50|,,,,,Fairy]Dragonite||LoadedDice|Multiscale|ScaleShot,ExtremeSpeed,Haze,Protect|||F|||50|,,,,,Steel]Rillaboom||AssaultVest|GrassySurge|WoodHammer,GrassyGlide,HighHorsepower,FakeOut|||F|||50|,,,,,Fire]Electabuzz||Eviolite|VitalSpirit|FollowMe,Thunderbolt,Taunt,Protect|||F|||50|,,,,,Ghost]Kingambit||BlackGlasses|Defiant|KowtowCleave,SuckerPunch,SwordsDance,Protect|||F|||50|,,,,,Dark
|showteam|p2|Porygon2||Eviolite|Download|TeraBlast,IceBeam,TrickRoom,Recover||||||50|,,,,,Fighting]Incineroar||SitrusBerry|Intimidate|FakeOut,KnockOff,FlareBlitz,PartingShot|||F|||50|,,,,,Ghost]Ursaluna||FlameOrb|Guts|HeadlongRush,Facade,Earthquake,Protect|||F|||50|,,,,,Ghost]Jumpluff||CovertCloak|Chlorophyll|RagePowder,SunnyDay,Tailwind,SleepPowder|||F|||50|,,,,,Water]Charizard||ChoiceSpecs|SolarPower|HeatWave,Overheat,WeatherBall,AirSlash|||M|||50|,,,,,Ghost]Torkoal||EjectPack|Drought|Overheat,Eruption,HelpingHand,Protect|||F|||50|,,,,,Fire
|inactive|Battle timer is ON: inactive players will automatically lose when time's up. (requested by PaniniWeenie)
|
|t:|1756999953
|teamsize|p1|4
|teamsize|p2|4
|start
|switch|p1a: Electabuzz|Electabuzz, L50, F|100/100
|switch|p1b: Kingambit|Kingambit, L50, F|100/100
|switch|p2a: Jumpluff|Jumpluff, L50, F, shiny|100/100
|switch|p2b: Torkoal|Torkoal, L50, F|100/100
|-weather|SunnyDay|[from] ability: Drought|[of] p2b: Torkoal
|turn|1
|
|t:|1756999969
|-terastallize|p1b: Kingambit|Dark
|move|p2a: Jumpluff|Sleep Powder|p1b: Kingambit
|-status|p1b: Kingambit|slp|[from] move: Sleep Powder
|move|p1a: Electabuzz|Thunderbolt|p2b: Torkoal
|-damage|p2b: Torkoal|63/100
|-status|p2b: Torkoal|par
|cant|p1b: Kingambit|slp
|cant|p2b: Torkoal|par
|
|-weather|SunnyDay|[upkeep]
|upkeep
|turn|2
|
|t:|1756999984
|switch|p2a: Ursaluna|Ursaluna, L50, F|100/100
|move|p1a: Electabuzz|Thunderbolt|p2b: Torkoal
|-damage|p2b: Torkoal|23/100 par
|cant|p1b: Kingambit|slp
|move|p2b: Torkoal|Overheat|p1b: Kingambit
|-damage|p1b: Kingambit|14/100 slp
|-unboost|p2b: Torkoal|spa|2
|-enditem|p2b: Torkoal|Eject Pack
|
|t:|1756999995
|switch|p2b: Jumpluff|Jumpluff, L50, F, shiny|100/100
|
|-weather|SunnyDay|[upkeep]
|-status|p2a: Ursaluna|brn|[from] item: Flame Orb
|upkeep
|turn|3
|
|t:|1757000006
|move|p1a: Electabuzz|Protect|p1a: Electabuzz
|-singleturn|p1a: Electabuzz|Protect
|cant|p1b: Kingambit|slp
|move|p2b: Jumpluff|Tailwind|p2b: Jumpluff
|-sidestart|p2: Sawadaburner|move: Tailwind
|move|p2a: Ursaluna|Earthquake|p1b: Kingambit|[spread] p1b
|-activate|p1a: Electabuzz|move: Protect
|-immune|p2b: Jumpluff
|-damage|p1b: Kingambit|0 fnt
|faint|p1b: Kingambit
|
|-weather|SunnyDay|[upkeep]
|-damage|p2a: Ursaluna|95/100 brn|[from] brn
|upkeep
|
|t:|1757000017
|switch|p1b: Dragonite|Dragonite, L50, F|100/100
|turn|4
|
|t:|1757000026
|switch|p2b: Torkoal|Torkoal, L50, F|23/100 par
|move|p1a: Electabuzz|Protect||[still]
|-fail|p1a: Electabuzz
|move|p2a: Ursaluna|Facade|p1a: Electabuzz
|-damage|p1a: Electabuzz|3/100
|move|p1b: Dragonite|Scale Shot|p2a: Ursaluna
|-damage|p2a: Ursaluna|84/100 brn
|-damage|p2a: Ursaluna|73/100 brn
|-damage|p2a: Ursaluna|62/100 brn
|-damage|p2a: Ursaluna|50/100 brn
|-hitcount|p2a: Ursaluna|4
|-unboost|p1b: Dragonite|def|1
|-boost|p1b: Dragonite|spe|1
|
|-weather|SunnyDay|[upkeep]
|-damage|p2a: Ursaluna|44/100 brn|[from] brn
|upkeep
|turn|5
|
|t:|1757000047
|move|p2a: Ursaluna|Protect|p2a: Ursaluna
|-singleturn|p2a: Ursaluna|Protect
|move|p1a: Electabuzz|Protect|p1a: Electabuzz
|-singleturn|p1a: Electabuzz|Protect
|move|p1b: Dragonite|Scale Shot|p2a: Ursaluna
|-activate|p2a: Ursaluna|move: Protect
|move|p2b: Torkoal|Eruption|p1a: Electabuzz|[spread] p1b
|-activate|p1a: Electabuzz|move: Protect
|-resisted|p1b: Dragonite
|-damage|p1b: Dragonite|97/100
|
|-weather|none
|-damage|p2a: Ursaluna|38/100 brn|[from] brn
|upkeep
|turn|6
|
|t:|1757000060
|switch|p2a: Jumpluff|Jumpluff, L50, F, shiny|100/100
|switch|p2b: Charizard|Charizard, L50, M|100/100
|move|p1b: Dragonite|Scale Shot|p2a: Jumpluff
|-damage|p2a: Jumpluff|82/100
|-damage|p2a: Jumpluff|65/100
|-damage|p2a: Jumpluff|47/100
|-damage|p2a: Jumpluff|30/100
|-damage|p2a: Jumpluff|13/100
|-hitcount|p2a: Jumpluff|5
|-unboost|p1b: Dragonite|def|1
|-boost|p1b: Dragonite|spe|1
|move|p1a: Electabuzz|Thunderbolt|p2b: Charizard
|-supereffective|p2b: Charizard
|-damage|p2b: Charizard|15/100
|
|-sideend|p2: Sawadaburner|move: Tailwind
|upkeep
|turn|7
|inactive|PaniniWeenie has 30 seconds left.
|
|t:|1757000086
|move|p1b: Dragonite|Extreme Speed|p2a: Jumpluff
|-damage|p2a: Jumpluff|0 fnt
|faint|p2a: Jumpluff
|move|p2b: Charizard|Heat Wave|p1b: Dragonite|[spread] p1a,p1b
|-resisted|p1b: Dragonite
|-damage|p1a: Electabuzz|0 fnt
|-damage|p1b: Dragonite|69/100
|faint|p1a: Electabuzz
|
|upkeep
|
|t:|1757000091
|switch|p2a: Ursaluna|Ursaluna, L50, F|38/100 brn
|switch|p1a: Volcarona|Volcarona, L50, F|100/100
|turn|8
|
|t:|1757000104
|-terastallize|p2a: Ursaluna|Ghost
|move|p1b: Dragonite|Scale Shot|p2a: Ursaluna
|-damage|p2a: Ursaluna|27/100 brn
|-damage|p2a: Ursaluna|15/100 brn
|-damage|p2a: Ursaluna|5/100 brn
|-damage|p2a: Ursaluna|0 fnt
|faint|p2a: Ursaluna
|-hitcount|p2: Ursaluna|4
|-unboost|p1b: Dragonite|def|1
|-boost|p1b: Dragonite|spe|1
|move|p2b: Charizard|Heat Wave|p1b: Dragonite|[spread] p1a
|-miss|p2b: Charizard|p1b: Dragonite
|-damage|p1a: Volcarona|57/100
|move|p1a: Volcarona|Heat Wave|p2b: Charizard
|-resisted|p2b: Charizard
|-damage|p2b: Charizard|0 fnt
|faint|p2b: Charizard
|
|-heal|p1a: Volcarona|64/100|[from] item: Leftovers
|upkeep
|-message|Sawadaburner forfeited.
|
|win|PaniniWeenie
||Sawadaburner is ready for game 2.
||PaniniWeenie is ready for game 2.
|uhtml|next|Next: Game 2 of 3
|l|☆Sawadaburner
|player|p2|
