|j|☆lettitripppp
|j|☆nutbuster151
|html|lettitrippppnutbuster151    
|uhtml|bestof|Game 2 of a best-of-3
|t:|1785786847
|gametype|doubles
|player|p1|lettitripppp|lucas|1295
|player|p2|nutbuster151|acetrainer|1260
|gen|9
|tier|[Gen 9 Champions] VGC 2026 Reg M-B (Bo3)
|rated|
|rule|Species Clause: Limit one of each Pokémon
|rule|Item Clause: Limit 1 of each item
|clearpoke
|poke|p1|Charizard, L50, M|
|poke|p1|Floette-Eternal, L50, F|
|poke|p1|Basculegion, L50, M|
|poke|p1|Whimsicott, L50, M, shiny|
|poke|p1|Garchomp, L50, F|
|poke|p1|Kingambit, L50, F, shiny|
|poke|p2|Staraptor, L50, M|
|poke|p2|Garchomp, L50, M|
|poke|p2|Whimsicott, L50, M|
|poke|p2|Delphox, L50, M|
|poke|p2|Glimmora, L50, M|
|poke|p2|Kingambit, L50, M|
|teampreview|4
|showteam|p1|Charizard||CharizarditeY|Blaze|WeatherBall,SolarBeam,HeatWave,Protect|Modest||M|||50|]Floette-Eternal||Floettite|Symbiosis|DazzlingGleam,LightofRuin,Moonblast,Protect|Modest||F|||50|]Basculegion||MysticWater|Adaptability|LastRespects,WaveCrash,AquaJet,Protect|Adamant||M|||50|]Whimsicott||FocusSash|Prankster|Moonblast,Tailwind,Encore,Protect|Timid||M|||50|]Garchomp||LifeOrb|RoughSkin|StompingTantrum,DragonClaw,RockSlide,Protect|Jolly||F|||50|]Kingambit||ChopleBerry|Defiant|KowtowCleave,SuckerPunch,IronHead,LowKick|Adamant||F|||50|
|showteam|p2|Staraptor||Staraptite|Intimidate|Protect,Roost,CloseCombat,BraveBird|Jolly||M|||50|]Garchomp||LifeOrb|RoughSkin|Protect,RockSlide,Earthquake,DragonClaw|Jolly||M|||50|]Whimsicott||OccaBerry|Prankster|Moonblast,Tailwind,Charm,LightScreen|Timid||M|||50|]Delphox||Delphoxite|Magician|Protect,Psychic,HeatWave,Substitute|Timid||M|||50|]Glimmora||FocusSash|ToxicDebris|SpikyShield,SludgeBomb,EarthPower,PowerGem|Timid||M|||50|]Kingambit||ChopleBerry|Defiant|SuckerPunch,LowKick,IronHead,KowtowCleave|Adamant||M|||50|
|inactive|Battle timer is ON: inactive players will automatically lose when time's up. (requested by lettitripppp)
|
|t:|1785786870
|teamsize|p1|4
|teamsize|p2|4
|start
|switch|p1a: RUINOUS LIGHT|Floette-Eternal, L50, F|100/100
|switch|p1b: LETS GO AGAIN|Whimsicott, L50, M, shiny|100/100
|switch|p2a: Kingambit|Kingambit, L50, M|100/100
|switch|p2b: Whimsicott|Whimsicott, L50, M|100/100
|turn|1
|
|t:|1785786884
|detailschange|p1a: RUINOUS LIGHT|Floette-Mega, L50, F
|-mega|p1a: RUINOUS LIGHT|Floette|Floettite
|-ability|p1a: RUINOUS LIGHT|Fairy Aura
|move|p2b: Whimsicott|Tailwind|p2b: Whimsicott
|-sidestart|p2: nutbuster151|move: Tailwind
|move|p1b: LETS GO AGAIN|Tailwind|p1b: LETS GO AGAIN
|-sidestart|p1: lettitripppp|move: Tailwind
|move|p1a: RUINOUS LIGHT|Light of Ruin|p2a: Kingambit
|-damage|p2a: Kingambit|0 fnt
|faint|p2a: Kingambit
|-damage|p1a: RUINOUS LIGHT|31/100|[from] Recoil
|
|upkeep
|
|t:|1785786897
|switch|p2a: Delphox|Delphox, L50, M|100/100
|turn|2
|
|t:|1785786921
|switch|p2b: Garchomp|Garchomp, L50, M|100/100
|switch|p1a: GENERAL BLADUS|Kingambit, L50, F, shiny|100/100
|detailschange|p2a: Delphox|Delphox-Mega, L50, M
|-mega|p2a: Delphox|Delphox|Delphoxite
|move|p1b: LETS GO AGAIN|Encore||[still]
|-fail|p1b: LETS GO AGAIN
|move|p2a: Delphox|Heat Wave|p1b: LETS GO AGAIN|[spread] p1a,p1b
|-supereffective|p1a: GENERAL BLADUS|1
|-supereffective|p1b: LETS GO AGAIN|1
|-damage|p1a: GENERAL BLADUS|24/100
|-enditem|p1b: LETS GO AGAIN|Focus Sash
|-damage|p1b: LETS GO AGAIN|1/100
|
|upkeep
|turn|3
|inactive|nutbuster151 has 30 seconds left.
|inactive|nutbuster151 has 20 seconds left.
|inactive|nutbuster151 has 15 seconds left.
|inactive|nutbuster151 has 10 seconds left.
|
|t:|1785786970
|move|p2b: Garchomp|Protect|p2b: Garchomp
|-singleturn|p2b: Garchomp|Protect
|move|p1a: GENERAL BLADUS|Sucker Punch||[still]
|-fail|p1a: GENERAL BLADUS
|move|p2a: Delphox|Heat Wave|p1b: LETS GO AGAIN|[spread] p1a,p1b
|-supereffective|p1a: GENERAL BLADUS|1
|-supereffective|p1b: LETS GO AGAIN|1
|-damage|p1a: GENERAL BLADUS|0 fnt
|-damage|p1b: LETS GO AGAIN|0 fnt
|faint|p1a: GENERAL BLADUS
|faint|p1b: LETS GO AGAIN
|
|upkeep
|c|☆lettitripppp|gg
|
|t:|1785786989
|switch|p1b: RUINOUS LIGHT|Floette-Mega, L50, F|31/100
|switch|p1a: GHOSTWAVE|Basculegion, L50, M|100/100
|-ability|p1b: RUINOUS LIGHT|Fairy Aura
|turn|4
|inactive|nutbuster151 has 30 seconds left.
|
|t:|1785787023
|switch|p2a: Whimsicott|Whimsicott, L50, M|100/100
|move|p2b: Garchomp|Protect||[still]
|-fail|p2b: Garchomp
|move|p1b: RUINOUS LIGHT|Dazzling Gleam|p2a: Whimsicott|[spread] p2a,p2b
|-supereffective|p2b: Garchomp|1
|-damage|p2a: Whimsicott|23/100
|-damage|p2b: Garchomp|0 fnt
|faint|p2b: Garchomp
|move|p1a: GHOSTWAVE|Wave Crash|p2a: Whimsicott
|-resisted|p2a: Whimsicott|1
|-damage|p2a: Whimsicott|0 fnt
|faint|p2a: Whimsicott
|-damage|p1a: GHOSTWAVE|94/100|[from] Recoil
|
|-sideend|p2: nutbuster151|move: Tailwind
|-sideend|p1: lettitripppp|move: Tailwind
|upkeep
|
|t:|1785787041
|switch|p2b: Delphox|Delphox-Mega, L50, M|100/100
|turn|5
|c|☆lettitripppp|wait why would you do that?
|c|☆lettitripppp|you had the win locked
|inactive|nutbuster151 has 30 seconds left.
|inactive|nutbuster151 has 20 seconds left.
|inactive|nutbuster151 has 15 seconds left.
|
|t:|1785787084
|move|p1a: GHOSTWAVE|Aqua Jet|p2b: Delphox
|-supereffective|p2b: Delphox|1
|-damage|p2b: Delphox|28/100
|move|p2b: Delphox|Substitute|p2b: Delphox
|-start|p2b: Delphox|Substitute
|-damage|p2b: Delphox|4/100
|move|p1b: RUINOUS LIGHT|Light of Ruin|p2b: Delphox|[miss]
|-miss|p1b: RUINOUS LIGHT|p2b: Delphox
|
|upkeep
|turn|6
|
|t:|1785787096
|move|p1a: GHOSTWAVE|Aqua Jet|p2b: Delphox
|-supereffective|p2b: Delphox|1
|-end|p2b: Delphox|Substitute
|move|p2b: Delphox|Heat Wave|p1a: GHOSTWAVE|[spread] p1a,p1b
|-resisted|p1a: GHOSTWAVE|1
|-damage|p1a: GHOSTWAVE|71/100
|-damage|p1b: RUINOUS LIGHT|0 fnt
|faint|p1b: RUINOUS LIGHT
|
|upkeep
|turn|7
|c|☆lettitripppp|gg
|c|☆nutbuster151|i mii missclicked
|c|☆lettitripppp|that sucks
|
|t:|1785787116
|move|p1a: GHOSTWAVE|Aqua Jet|p2b: Delphox
|-supereffective|p2b: Delphox|1
|-damage|p2b: Delphox|0 fnt
|faint|p2b: Delphox
|
|win|lettitripppp
|raw|lettitripppp's rating: 1295 → 1317(+22 for winning)
|raw|nutbuster151's rating: 1260 → 1238(-22 for losing)
|l|☆lettitripppp
|player|p1|
|l|☆nutbuster151
|player|p2|
|j|☆nutbuster151
|player|p2|nutbuster151|acetrainer|
