|j|☆sturmkitten69
|j|☆Patrat King
|html|sturmkitten69Patrat King    
|uhtml|bestof|Game 3 of a best-of-3
|t:|1783666724
|gametype|doubles
|player|p1|sturmkitten69|fisherman-gen4|1131
|player|p2|Patrat King|265|1155
|gen|9
|tier|[Gen 9 Champions] VGC 2026 Reg M-B (Bo3)
|rated|
|rule|Species Clause: Limit one of each Pokémon
|rule|Item Clause: Limit 1 of each item
|clearpoke
|poke|p1|Gengar, L50, M|
|poke|p1|Aerodactyl, L50, M|
|poke|p1|Meganium, L50, M|
|poke|p1|Politoed, L50, F|
|poke|p1|Archaludon, L50, F|
|poke|p1|Sableye, L50, F|
|poke|p2|Watchog, L50, F|
|poke|p2|Garchomp, L50, F|
|poke|p2|Charizard, L50, F|
|poke|p2|Sableye, L50, M|
|poke|p2|Farigiraf, L50, M|
|poke|p2|Meowscarada, L50, M|
|teampreview|4
|showteam|p1|Gengar||Gengarite|CursedBody|ShadowBall,PerishSong,Taunt,Protect|Timid||M|||50|]Aerodactyl||FocusSash|Unnerve|Tailwind,Protect,RockSlide,IceFang|Jolly||M|||50|]Meganium||Meganiumite|LeafGuard|WeatherBall,SolarBeam,DazzlingGleam,Protect|Modest||M|||50|]Politoed||SitrusBerry|Drizzle|Protect,WeatherBall,PerishSong,Surf|Bold||F|||50|]Archaludon||Leftovers|Stamina|ElectroShot,DragonPulse,AuraSphere,Protect|Calm||F|||50|]Sableye||LightClay|Prankster|LightScreen,Reflect,RainDance,Encore|Calm||F|||50|
|showteam|p2|Watchog||ChopleBerry|Analytic|IcePunch,Detect,LowKick,Hypnosis|Impish||F|||50|]Garchomp||ChoiceScarf|RoughSkin|DragonClaw,RockSlide,StompingTantrum,Earthquake|Adamant||F|||50|]Charizard||CharizarditeY|Blaze|SolarBeam,HeatWave,FocusBlast,Protect|Modest||F|||50|]Sableye||LightClay|Prankster|LightScreen,WillOWisp,FoulPlay,Reflect|Sassy||M|||50|]Farigiraf||SilkScarf|ArmorTail|HyperBeam,TrickRoom,Imprison,HyperVoice|Modest||M|||50|]Meowscarada||FocusSash|Protean|FlowerTrick,SuckerPunch,PlayRough,TripleAxel|Jolly||M|||50|
|inactive|Battle timer is ON: inactive players will automatically lose when time's up. (requested by sturmkitten69)
|
|t:|1783666844
|teamsize|p1|4
|teamsize|p2|4
|start
|switch|p1a: Gengar|Gengar, L50, M|100/100
|switch|p1b: Aerodactyl|Aerodactyl, L50, M|100/100
|switch|p2a: Garchomp|Garchomp, L50, F|100/100
|switch|p2b: Sableye|Sableye, L50, M|100/100
|-ability|p1b: Aerodactyl|Unnerve
|turn|1
|
|t:|1783666866
|detailschange|p1a: Gengar|Gengar-Mega, L50, M
|-mega|p1a: Gengar|Gengar|Gengarite
|move|p2b: Sableye|Will-O-Wisp|p1b: Aerodactyl
|-status|p1b: Aerodactyl|brn
|move|p2a: Garchomp|Stomping Tantrum|p1a: Gengar
|-supereffective|p1a: Gengar|1
|-damage|p1a: Gengar|0 fnt
|faint|p1a: Gengar
|move|p1b: Aerodactyl|Tailwind|p1b: Aerodactyl
|-sidestart|p1: sturmkitten69|move: Tailwind
|
|-damage|p1b: Aerodactyl|94/100 brn|[from] brn
|upkeep
|
|t:|1783666878
|switch|p1a: Archaludon|Archaludon, L50, F|100/100
|turn|2
|
|t:|1783666888
|move|p1b: Aerodactyl|Ice Fang|p2a: Garchomp
|-supereffective|p2a: Garchomp|2
|-damage|p2a: Garchomp|63/100
|-damage|p1b: Aerodactyl|81/100 brn|[from] ability: Rough Skin|[of] p2a: Garchomp
|move|p1a: Archaludon|Dragon Pulse|p2a: Garchomp
|-supereffective|p2a: Garchomp|1
|-damage|p2a: Garchomp|0 fnt
|faint|p2a: Garchomp
|move|p2b: Sableye|Foul Play|p1b: Aerodactyl
|-damage|p1b: Aerodactyl|15/100 brn
|
|-damage|p1b: Aerodactyl|9/100 brn|[from] brn
|upkeep
|
|t:|1783666905
|switch|p2a: Charizard|Charizard, L50, F|100/100
|turn|3
|
|t:|1783666926
|detailschange|p2a: Charizard|Charizard-Mega-Y, L50, F
|-mega|p2a: Charizard|Charizard|Charizardite Y
|-weather|SunnyDay|[from] ability: Drought|[of] p2a: Charizard
|move|p2b: Sableye|Reflect|p2b: Sableye
|-sidestart|p2: Patrat King|Reflect
|move|p1b: Aerodactyl|Rock Slide|p2a: Charizard|[spread] p2a,p2b
|-supereffective|p2a: Charizard|2
|-crit|p2b: Sableye
|-damage|p2a: Charizard|50/100g
|-damage|p2b: Sableye|75/100
|move|p1a: Archaludon|Dragon Pulse|p2a: Charizard
|-damage|p2a: Charizard|14/100
|move|p2a: Charizard|Heat Wave|p1a: Archaludon|[spread] p1a,p1b
|-resisted|p1b: Aerodactyl|1
|-damage|p1a: Archaludon|29/100
|-damage|p1b: Aerodactyl|0 fnt
|-ability|p1a: Archaludon|Stamina|boost
|-boost|p1a: Archaludon|def|1
|faint|p1b: Aerodactyl
|
|-weather|SunnyDay|[upkeep]
|-heal|p1a: Archaludon|35/100|[from] item: Leftovers
|upkeep
|
|t:|1783666944
|switch|p1b: Politoed|Politoed, L50, F|100/100
|-weather|RainDance|[from] ability: Drizzle|[of] p1b: Politoed
|turn|4
|inactive|sturmkitten69 has 30 seconds left.
|
|t:|1783666973
|switch|p2a: Meowscarada|Meowscarada, L50, M|100/100
|move|p2b: Sableye|Will-O-Wisp|p1a: Archaludon
|-status|p1a: Archaludon|brn
|move|p1a: Archaludon|Electro Shot||[still]
|-prepare|p1a: Archaludon|Electro Shot
|-boost|p1a: Archaludon|spa|1
|-anim|p1a: Archaludon|Electro Shot|p2b: Sableye
|-damage|p2b: Sableye|13/100
|move|p1b: Politoed|Weather Ball|p2b: Sableye
|-damage|p2b: Sableye|0 fnt
|faint|p2b: Sableye
|
|-weather|RainDance|[upkeep]
|-heal|p1a: Archaludon|41/100 brn|[from] item: Leftovers
|-damage|p1a: Archaludon|35/100 brn|[from] brn
|-sideend|p1: sturmkitten69|move: Tailwind
|upkeep
|
|t:|1783666986
|switch|p2b: Charizard|Charizard-Mega-Y, L50, F|14/100
|-weather|SunnyDay|[from] ability: Drought|[of] p2b: Charizard
|turn|5
|
|t:|1783666997
|move|p1a: Archaludon|Protect|p1a: Archaludon
|-singleturn|p1a: Archaludon|Protect
|move|p2a: Meowscarada|Flower Trick|p1b: Politoed
|-start|p2a: Meowscarada|typechange|Grass|[from] ability: Protean
|-supereffective|p1b: Politoed|1
|-crit|p1b: Politoed
|-damage|p1b: Politoed|16/100
|-enditem|p1b: Politoed|Sitrus Berry|[eat]
|-heal|p1b: Politoed|41/100|[from] item: Sitrus Berry
|move|p2b: Charizard|Heat Wave|p1a: Archaludon|[spread] p1b
|-activate|p1a: Archaludon|move: Protect
|-resisted|p1b: Politoed|1
|-damage|p1b: Politoed|8/100
|move|p1b: Politoed|Surf|p2b: Charizard|[spread] p2a,p2b
|-activate|p1a: Archaludon|move: Protect
|-resisted|p2a: Meowscarada|1
|-supereffective|p2b: Charizard|1
|-crit|p2b: Charizard
|-damage|p2a: Meowscarada|92/100
|-damage|p2b: Charizard|0 fnt
|faint|p2b: Charizard
|
|-weather|SunnyDay|[upkeep]
|-heal|p1a: Archaludon|41/100 brn|[from] item: Leftovers
|-damage|p1a: Archaludon|35/100 brn|[from] brn
|upkeep
|turn|6
|inactive|sturmkitten69 has 30 seconds left.
|
|t:|1783667025
|move|p1b: Politoed|Protect|p1b: Politoed
|-singleturn|p1b: Politoed|Protect
|move|p2a: Meowscarada|Flower Trick|p1b: Politoed
|-activate|p1b: Politoed|move: Protect
|move|p1a: Archaludon|Dragon Pulse|p2a: Meowscarada
|-damage|p2a: Meowscarada|7/100
|
|-weather|SunnyDay|[upkeep]
|-heal|p1a: Archaludon|41/100 brn|[from] item: Leftovers
|-damage|p1a: Archaludon|35/100 brn|[from] brn
|upkeep
|turn|7
|c|☆Patrat King|Gg wp
|
|t:|1783667039
|move|p2a: Meowscarada|Flower Trick|p1b: Politoed
|-supereffective|p1b: Politoed|1
|-crit|p1b: Politoed
|-damage|p1b: Politoed|0 fnt
|faint|p1b: Politoed
|move|p1a: Archaludon|Dragon Pulse|p2a: Meowscarada
|-damage|p2a: Meowscarada|0 fnt
|faint|p2a: Meowscarada
|
|win|sturmkitten69
|raw|sturmkitten69's rating: 1131 → 1158(+27 for winning)
|raw|Patrat King's rating: 1155 → 1128(-27 for losing)
|c|☆sturmkitten69|ggwp
|l|☆Patrat King
|player|p2|
