|j|☆JMangoes
|j|☆Jxnh
|html|JMangoesJxnh    
|uhtml|bestof|Game 1 of a best-of-3
|t:|1756572593
|gametype|doubles
|player|p1|JMangoes|elesa|1097
|player|p2|Jxnh|170|1172
|gen|9
|tier|[Gen 9] VGC 2025 Reg H (Bo3)
|rated|
|rule|Species Clause: Limit one of each Pokémon
|rule|Item Clause: Limit 1 of each item
|clearpoke
|poke|p1|Rillaboom, L50, F|
|poke|p1|Primarina, L50, F|
|poke|p1|Archaludon, L50, F|
|poke|p1|Dragapult, L50, M|
|poke|p1|Incineroar, L50, F|
|poke|p1|Pelipper, L50, F|
|poke|p2|Corviknight, L50, F|
|poke|p2|Sneasler, L50, M|
|poke|p2|Garchomp, L50, F|
|poke|p2|Incineroar, L50, M|
|poke|p2|Araquanid, L50, M|
|poke|p2|Ursaluna-Bloodmoon, L50, M|
|teampreview|4
|showteam|p1|Rillaboom||AssaultVest|GrassySurge|FakeOut,KnockOff,Uturn,WoodHammer|||F|||50|,,,,,Grass]Primarina||ThroatSpray|LiquidVoice|HyperVoice,DrainingKiss,Moonblast,Protect|||F|||50|,,,,,Water]Archaludon||PowerHerb|Stalwart|ElectroShot,FlashCannon,DragonPulse,Protect|||F|||50|,,,,,Electric]Dragapult||SafetyGoggles|ClearBody|ShadowBall,DragonDarts,Uturn,SuckerPunch|||M|||50|,,,,,Dark]Incineroar||SitrusBerry|Intimidate|FakeOut,FlareBlitz,KnockOff,PartingShot|||F|||50|,,,,,Fire]Pelipper||FocusSash|Drizzle|Tailwind,Hurricane,WeatherBall,Protect|||F|||50|,,,,,Water
|showteam|p2|Corviknight||Leftovers|MirrorArmor|DualWingbeat,BodyPress,IronDefense,Protect|||F|||50|,,,,,Fire]Sneasler||FocusSash|Unburden|DireClaw,CloseCombat,Coaching,Protect|||M|||50|,,,,,Ghost]Garchomp||LoadedDice|RoughSkin|StompingTantrum,Earthquake,ScaleShot,Protect|||F|||50|,,,,,Steel]Incineroar||SitrusBerry|Intimidate|FakeOut,KnockOff,PartingShot,FlareBlitz|||M|||50|,,,,,Ghost]Araquanid||RoomService|WaterBubble|Liquidation,LeechLife,WideGuard,Protect|||M|||50|,,,,,Grass]Ursaluna-Bloodmoon||AssaultVest|MindsEye|HyperVoice,EarthPower,BloodMoon,Snarl|||M|||50|,,,,,Ghost
|inactive|Battle timer is ON: inactive players will automatically lose when time's up. (requested by Jxnh)
|
|t:|1756572649
|teamsize|p1|4
|teamsize|p2|4
|start
|switch|p1a: Low Skill|Dragapult, L50, M|100/100
|switch|p1b: Diddy Kong|Rillaboom, L50, F, shiny|100/100
|switch|p2a: Corviknight|Corviknight, L50, F|100/100
|switch|p2b: Incineroar|Incineroar, L50, M|100/100
|-fieldstart|move: Grassy Terrain|[from] ability: Grassy Surge|[of] p1b: Diddy Kong
|-ability|p2b: Incineroar|Intimidate|boost
|-fail|p1a: Low Skill|unboost|[from] ability: Clear Body|[of] p1a: Low Skill
|-unboost|p1b: Diddy Kong|atk|1
|turn|1
|inactive|Jxnh has 30 seconds left.
|inactive|JMangoes has 30 seconds left.
|
|t:|1756572683
|switch|p1b: Bridge Spam|Archaludon, L50, F, shiny|100/100
|move|p1a: Low Skill|U-turn|p2a: Corviknight
|-resisted|p2a: Corviknight
|-damage|p2a: Corviknight|95/100
|
|t:|1756572687
|switch|p1a: Politoed V2|Pelipper, L50, F, shiny|100/100|[from] U-turn
|-weather|RainDance|[from] ability: Drizzle|[of] p1a: Politoed V2
|move|p2b: Incineroar|Knock Off|p1a: Politoed V2
|-crit|p1a: Politoed V2
|-damage|p1a: Politoed V2|36/100
|-enditem|p1a: Politoed V2|Focus Sash|[from] move: Knock Off|[of] p2b: Incineroar
|move|p2a: Corviknight|Iron Defense|p2a: Corviknight
|-boost|p2a: Corviknight|def|2
|
|-weather|RainDance|[upkeep]
|-heal|p2a: Corviknight|100/100|[from] item: Leftovers
|upkeep
|turn|2
|
|t:|1756572705
|move|p2a: Corviknight|Protect|p2a: Corviknight
|-singleturn|p2a: Corviknight|Protect
|move|p1b: Bridge Spam|Electro Shot||[still]
|-prepare|p1b: Bridge Spam|Electro Shot
|-boost|p1b: Bridge Spam|spa|1
|-anim|p1b: Bridge Spam|Electro Shot|p2a: Corviknight
|-activate|p2a: Corviknight|move: Protect
|move|p2b: Incineroar|Parting Shot|p1a: Politoed V2
|-unboost|p1a: Politoed V2|atk|1
|-unboost|p1a: Politoed V2|spa|1
|
|t:|1756572716
|switch|p2b: Ursaluna|Ursaluna-Bloodmoon, L50, M|100/100|[from] Parting Shot
|move|p1a: Politoed V2|Tailwind|p1a: Politoed V2
|-sidestart|p1: JMangoes|move: Tailwind
|
|-weather|RainDance|[upkeep]
|upkeep
|turn|3
|
|t:|1756572737
|-terastallize|p2a: Corviknight|Fire
|move|p1b: Bridge Spam|Protect|p1b: Bridge Spam
|-singleturn|p1b: Bridge Spam|Protect
|move|p1a: Politoed V2|Weather Ball|p2b: Ursaluna
|-supereffective|p2b: Ursaluna
|-damage|p2b: Ursaluna|48/100
|move|p2a: Corviknight|Body Press|p1b: Bridge Spam
|-activate|p1b: Bridge Spam|move: Protect
|move|p2b: Ursaluna|Earth Power|p1b: Bridge Spam
|-activate|p1b: Bridge Spam|move: Protect
|
|-weather|RainDance|[upkeep]
|-heal|p2b: Ursaluna|54/100|[from] Grassy Terrain
|upkeep
|turn|4
|
|t:|1756572754
|switch|p1b: Low Skill|Dragapult, L50, M|100/100
|move|p1a: Politoed V2|Weather Ball|p2a: Corviknight
|-supereffective|p2a: Corviknight
|-damage|p2a: Corviknight|46/100
|move|p2a: Corviknight|Body Press|p1b: Low Skill
|-immune|p1b: Low Skill
|move|p2b: Ursaluna|Hyper Voice|p1a: Politoed V2|[spread] p1a,p1b
|-damage|p1a: Politoed V2|0 fnt
|-damage|p1b: Low Skill|47/100
|faint|p1a: Politoed V2
|
|-weather|RainDance|[upkeep]
|-heal|p1b: Low Skill|53/100|[from] Grassy Terrain
|-heal|p2a: Corviknight|53/100|[from] Grassy Terrain
|-heal|p2a: Corviknight|59/100|[from] item: Leftovers
|-heal|p2b: Ursaluna|60/100|[from] Grassy Terrain
|upkeep
|
|t:|1756572770
|switch|p1a: Diddy Kong|Rillaboom, L50, F, shiny|100/100
|turn|5
|inactive|Jxnh has 30 seconds left.
|
|t:|1756572796
|move|p1b: Low Skill|U-turn|p2a: Corviknight
|-resisted|p2a: Corviknight
|-damage|p2a: Corviknight|54/100
|
|t:|1756572799
|switch|p1b: Bridge Spam|Archaludon, L50, F, shiny|100/100|[from] U-turn
|move|p1a: Diddy Kong|Wood Hammer|p2b: Ursaluna
|-supereffective|p2b: Ursaluna
|-damage|p2b: Ursaluna|0 fnt
|faint|p2b: Ursaluna
|-damage|p1a: Diddy Kong|76/100|[from] Recoil
|move|p2a: Corviknight|Body Press|p1a: Diddy Kong
|-damage|p1a: Diddy Kong|36/100
|
|-weather|none
|-heal|p1a: Diddy Kong|42/100|[from] Grassy Terrain
|-heal|p2a: Corviknight|60/100|[from] Grassy Terrain
|-heal|p2a: Corviknight|66/100|[from] item: Leftovers
|-sideend|p1: JMangoes|move: Tailwind
|-fieldend|move: Grassy Terrain
|upkeep
|
|t:|1756572815
|switch|p2b: Garchomp|Garchomp, L50, F|100/100
|turn|6
|inactive|JMangoes has 30 seconds left.
|inactive|JMangoes has 20 seconds left.
|inactive|JMangoes has 15 seconds left.
|
|t:|1756572857
|switch|p1a: Low Skill|Dragapult, L50, M|53/100
|move|p2b: Garchomp|Scale Shot|p1a: Low Skill
|-supereffective|p1a: Low Skill
|-damage|p1a: Low Skill|13/100
|-supereffective|p1a: Low Skill
|-damage|p1a: Low Skill|0 fnt
|faint|p1a: Low Skill
|-hitcount|p1: Low Skill|2
|-unboost|p2b: Garchomp|def|1
|-boost|p2b: Garchomp|spe|1
|move|p1b: Bridge Spam|Electro Shot||[still]
|-prepare|p1b: Bridge Spam|Electro Shot
|-boost|p1b: Bridge Spam|spa|1
|-enditem|p1b: Bridge Spam|Power Herb
|-anim|p1b: Bridge Spam|Electro Shot|p2a: Corviknight
|-damage|p2a: Corviknight|0 fnt
|faint|p2a: Corviknight
|
|upkeep
|
|t:|1756572882
|switch|p1a: Diddy Kong|Rillaboom, L50, F, shiny|42/100
|switch|p2a: Incineroar|Incineroar, L50, M|100/100
|-fieldstart|move: Grassy Terrain|[from] ability: Grassy Surge|[of] p1a: Diddy Kong
|-ability|p2a: Incineroar|Intimidate|boost
|-unboost|p1a: Diddy Kong|atk|1
|-unboost|p1b: Bridge Spam|atk|1
|turn|7
|inactive|JMangoes has 30 seconds left.
|
|t:|1756572907
|move|p1a: Diddy Kong|Fake Out|p2b: Garchomp
|-damage|p2b: Garchomp|85/100
|-damage|p1a: Diddy Kong|30/100|[from] ability: Rough Skin|[of] p2b: Garchomp
|cant|p2b: Garchomp|flinch
|move|p1b: Bridge Spam|Electro Shot||[still]
|-prepare|p1b: Bridge Spam|Electro Shot
|-boost|p1b: Bridge Spam|spa|1
|move|p2a: Incineroar|Knock Off|p1b: Bridge Spam
|-damage|p1b: Bridge Spam|79/100
|
|-heal|p2b: Garchomp|91/100|[from] Grassy Terrain
|-heal|p1a: Diddy Kong|36/100|[from] Grassy Terrain
|-heal|p1b: Bridge Spam|85/100|[from] Grassy Terrain
|upkeep
|turn|8
|inactive|Jxnh has 30 seconds left.
|
|t:|1756572934
|move|p2b: Garchomp|Stomping Tantrum|p1b: Bridge Spam
|-supereffective|p1b: Bridge Spam
|-damage|p1b: Bridge Spam|0 fnt
|faint|p1b: Bridge Spam
|move|p1a: Diddy Kong|Knock Off|p2b: Garchomp
|-damage|p2b: Garchomp|54/100
|-damage|p1a: Diddy Kong|24/100|[from] ability: Rough Skin|[of] p2b: Garchomp
|-enditem|p2b: Garchomp|Loaded Dice|[from] move: Knock Off|[of] p1a: Diddy Kong
|move|p2a: Incineroar|Flare Blitz|p1a: Diddy Kong
|-supereffective|p1a: Diddy Kong
|-damage|p1a: Diddy Kong|0 fnt
|faint|p1a: Diddy Kong
|-damage|p2a: Incineroar|93/100|[from] Recoil
|
|win|Jxnh
||JMangoes is ready for game 2.
|inactive|Jxnh has 30 seconds to confirm battle start!
|inactive|Jxnh has 20 seconds to confirm battle start!
|inactive|Jxnh has 10 seconds to confirm battle start!
|uhtml|next|Next: Game 2 of 3
|l|☆JMangoes
|player|p1|
