|j|☆jomivgc
|j|☆zefhkb505
|html|jomivgczefhkb505    
|uhtml|bestof|Game 2 of a best-of-3
|t:|1783565760
|gametype|doubles
|player|p1|jomivgc|falkner-gen2|1198
|player|p2|zefhkb505|hilbert|1237
|gen|9
|tier|[Gen 9 Champions] VGC 2026 Reg M-B (Bo3)
|rated|
|rule|Species Clause: Limit one of each Pokémon
|rule|Item Clause: Limit 1 of each item
|clearpoke
|poke|p1|Umbreon, L50, F, shiny|
|poke|p1|Garchomp, L50, M|
|poke|p1|Pelipper, L50, F|
|poke|p1|Swampert, L50, M|
|poke|p1|Archaludon, L50, F|
|poke|p1|Incineroar, L50, M|
|poke|p2|Corviknight, L50, F|
|poke|p2|Raichu, L50, F|
|poke|p2|Ninetales-Alola, L50, M|
|poke|p2|Ceruledge, L50, M|
|poke|p2|Farigiraf, L50, M|
|poke|p2|Kingambit, L50, F|
|teampreview|4
|showteam|p1|Umbreon||SitrusBerry|InnerFocus|Snarl,Swagger,FoulPlay,Moonlight|Calm||F|||50|]Garchomp||LifeOrb|RoughSkin|DragonClaw,RockSlide,Earthquake,Protect|Jolly||M|||50|]Pelipper||FocusSash|Drizzle|Hurricane,WeatherBall,Tailwind,WideGuard|Modest||F|||50|]Swampert||Swampertite|Torrent|Protect,WaveCrash,Earthquake,IcePunch|Adamant||M|||50|]Archaludon||Leftovers|Stamina|ElectroShot,FlashCannon,DracoMeteor,Protect|Modest||F|||50|]Incineroar||PasshoBerry|Intimidate|FakeOut,PartingShot,FlareBlitz,ThroatChop|Adamant||M|||50|
|showteam|p2|Corviknight||Leftovers|MirrorArmor|BodyPress,BraveBird,BulkUp,Roost|Careful||F|||50|]Raichu||RaichuniteY|LightningRod|FakeOut,ZapCannon,FocusBlast,Protect|Timid||F|||50|]Ninetales-Alola||LightClay|SnowWarning|FreezeDry,Moonblast,AuroraVeil,Protect|Timid||M|||50|]Ceruledge||LifeOrb|FlashFire|BitterBlade,SwordsDance,ShadowSneak,Protect|Adamant||M|||50|]Farigiraf||ColburBerry|ArmorTail|TwinBeam,HyperVoice,TrickRoom,HelpingHand|Quiet||M|||50|]Kingambit||FocusSash|Defiant|KowtowCleave,SwordsDance,SuckerPunch,Protect|Adamant||F|||50|
|inactive|Battle timer is ON: inactive players will automatically lose when time's up. (requested by jomivgc)
|inactive|jomivgc has 60 seconds left.
|
|t:|1783565801
|teamsize|p1|4
|teamsize|p2|4
|start
|switch|p1a: Swampert|Swampert, L50, M|100/100
|switch|p1b: Archaludon|Archaludon, L50, F|100/100
|switch|p2a: Corviknight|Corviknight, L50, F|100/100
|switch|p2b: Raichu|Raichu, L50, F|100/100
|turn|1
|inactive|jomivgc has 30 seconds left.
|inactive|jomivgc has 20 seconds left.
|
|t:|1783565837
|detailschange|p1a: Swampert|Swampert-Mega, L50, M
|-mega|p1a: Swampert|Swampert|Swampertite
|move|p1b: Archaludon|Protect|p1b: Archaludon
|-singleturn|p1b: Archaludon|Protect
|move|p2b: Raichu|Fake Out|p1a: Swampert
|-damage|p1a: Swampert|93/100
|cant|p1a: Swampert|flinch
|move|p2a: Corviknight|Bulk Up|p2a: Corviknight
|-boost|p2a: Corviknight|atk|1
|-boost|p2a: Corviknight|def|1
|
|upkeep
|turn|2
|inactive|jomivgc has 30 seconds left.
|
|t:|1783565869
|switch|p1b: Pelipper|Pelipper, L50, F|100/100
|-weather|RainDance|[from] ability: Drizzle|[of] p1b: Pelipper
|move|p2b: Raichu|Protect|p2b: Raichu
|-singleturn|p2b: Raichu|Protect
|move|p1a: Swampert|Earthquake|p2b: Raichu|[spread] 
|-activate|p2b: Raichu|move: Protect
|-immune|p1b: Pelipper
|-immune|p2a: Corviknight
|move|p2a: Corviknight|Body Press|p1b: Pelipper
|-resisted|p1b: Pelipper|1
|-damage|p1b: Pelipper|81/100
|
|-weather|RainDance|[upkeep]
|upkeep
|turn|3
|
|t:|1783565890
|switch|p2b: Ninetales|Ninetales-Alola, L50, M|100/100
|-weather|Snowscape|[from] ability: Snow Warning|[of] p2b: Ninetales
|switch|p1b: Archaludon|Archaludon, L50, F|100/100
|move|p1a: Swampert|Wave Crash|p2b: Ninetales
|-damage|p2b: Ninetales|32/100
|-damage|p1a: Swampert|74/100|[from] Recoil
|move|p2a: Corviknight|Bulk Up|p2a: Corviknight
|-boost|p2a: Corviknight|atk|1
|-boost|p2a: Corviknight|def|1
|
|-weather|Snowscape|[upkeep]
|upkeep
|turn|4
|
|t:|1783565913
|switch|p2b: Raichu|Raichu, L50, F|100/100
|move|p1b: Archaludon|Protect|p1b: Archaludon
|-singleturn|p1b: Archaludon|Protect
|move|p1a: Swampert|Earthquake|p2b: Raichu|[spread] p2b
|-activate|p1b: Archaludon|move: Protect
|-immune|p2a: Corviknight
|-supereffective|p2b: Raichu|1
|-damage|p2b: Raichu|0 fnt
|faint|p2b: Raichu
|move|p2a: Corviknight|Body Press|p1b: Archaludon
|-activate|p1b: Archaludon|move: Protect
|
|-weather|Snowscape|[upkeep]
|upkeep
|
|t:|1783565931
|switch|p2b: Farigiraf|Farigiraf, L50, M|100/100
|turn|5
|
|t:|1783565941
|switch|p1a: Pelipper|Pelipper, L50, F|81/100
|-weather|RainDance|[from] ability: Drizzle|[of] p1a: Pelipper
|move|p1b: Archaludon|Electro Shot||[still]
|-prepare|p1b: Archaludon|Electro Shot
|-boost|p1b: Archaludon|spa|1
|-anim|p1b: Archaludon|Electro Shot|p2a: Corviknight
|-supereffective|p2a: Corviknight|1
|-damage|p2a: Corviknight|5/100
|move|p2a: Corviknight|Roost|p2a: Corviknight
|-heal|p2a: Corviknight|55/100
|-singleturn|p2a: Corviknight|move: Roost
|move|p2b: Farigiraf|Trick Room|p2b: Farigiraf
|-fieldstart|move: Trick Room|[of] p2b: Farigiraf
|
|-weather|RainDance|[upkeep]
|-heal|p2a: Corviknight|61/100|[from] item: Leftovers
|upkeep
|turn|6
|inactive|jomivgc has 30 seconds left.
|inactive|jomivgc has 20 seconds left.
|
|t:|1783565977
|switch|p2b: Ninetales|Ninetales-Alola, L50, M|32/100
|-weather|Snowscape|[from] ability: Snow Warning|[of] p2b: Ninetales
|move|p1b: Archaludon|Protect|p1b: Archaludon
|-singleturn|p1b: Archaludon|Protect
|move|p2a: Corviknight|Body Press|p1b: Archaludon
|-activate|p1b: Archaludon|move: Protect
|move|p1a: Pelipper|Weather Ball|p2a: Corviknight
|-damage|p2a: Corviknight|35/100
|
|-weather|Snowscape|[upkeep]
|-heal|p2a: Corviknight|41/100|[from] item: Leftovers
|upkeep
|turn|7
|inactive|jomivgc has 30 seconds left.
|inactive|zefhkb505 has 30 seconds left.
|inactive|jomivgc has 20 seconds left.
|inactive|jomivgc has 15 seconds left.
|
|t:|1783566018
|switch|p2b: Farigiraf|Farigiraf, L50, M|100/100
|move|p2a: Corviknight|Body Press|p1b: Archaludon
|-supereffective|p1b: Archaludon|1
|-damage|p1b: Archaludon|42/100
|-ability|p1b: Archaludon|Stamina|boost
|-boost|p1b: Archaludon|def|1
|move|p1b: Archaludon|Flash Cannon|p2b: Farigiraf
|-damage|p2b: Farigiraf|43/100
|move|p1a: Pelipper|Weather Ball|p2a: Corviknight
|-damage|p2a: Corviknight|18/100
|
|-weather|Snowscape|[upkeep]
|-heal|p2a: Corviknight|23/100|[from] item: Leftovers
|-heal|p1b: Archaludon|48/100|[from] item: Leftovers
|upkeep
|turn|8
|
|t:|1783566036
|move|p1b: Archaludon|Protect|p1b: Archaludon
|-singleturn|p1b: Archaludon|Protect
|move|p2b: Farigiraf|Twin Beam|p1a: Pelipper
|-damage|p1a: Pelipper|47/100
|-damage|p1a: Pelipper|14/100
|-hitcount|p1a: Pelipper|2
|move|p2a: Corviknight|Roost|p2a: Corviknight
|-heal|p2a: Corviknight|74/100
|-singleturn|p2a: Corviknight|move: Roost
|move|p1a: Pelipper|Weather Ball|p2a: Corviknight
|-resisted|p2a: Corviknight|1
|-damage|p2a: Corviknight|63/100
|
|-weather|Snowscape|[upkeep]
|-heal|p2a: Corviknight|69/100|[from] item: Leftovers
|-heal|p1b: Archaludon|54/100|[from] item: Leftovers
|upkeep
|turn|9
|inactive|jomivgc has 30 seconds left.
|
|t:|1783566069
|switch|p1a: Swampert|Swampert-Mega, L50, M|74/100
|move|p2b: Farigiraf|Helping Hand|p2a: Corviknight
|-singleturn|p2a: Corviknight|Helping Hand|[of] p2b: Farigiraf
|move|p2a: Corviknight|Body Press|p1b: Archaludon
|-supereffective|p1b: Archaludon|1
|-damage|p1b: Archaludon|0 fnt
|faint|p1b: Archaludon
|
|-weather|Snowscape|[upkeep]
|-heal|p2a: Corviknight|75/100|[from] item: Leftovers
|-fieldend|move: Trick Room
|upkeep
|
|t:|1783566091
|switch|p1b: Garchomp|Garchomp, L50, M|100/100
|turn|10
|
|t:|1783566101
|move|p1b: Garchomp|Protect|p1b: Garchomp
|-singleturn|p1b: Garchomp|Protect
|move|p1a: Swampert|Earthquake|p2a: Corviknight|[spread] p2b
|-activate|p1b: Garchomp|move: Protect
|-immune|p2a: Corviknight
|-damage|p2b: Farigiraf|2/100
|move|p2a: Corviknight|Bulk Up|p2a: Corviknight
|-boost|p2a: Corviknight|atk|1
|-boost|p2a: Corviknight|def|1
|move|p2b: Farigiraf|Hyper Voice|p1a: Swampert|[spread] p1a
|-activate|p1b: Garchomp|move: Protect
|-damage|p1a: Swampert|46/100
|
|-weather|none
|-heal|p2a: Corviknight|80/100|[from] item: Leftovers
|upkeep
|turn|11
|
|t:|1783566123
|move|p2b: Farigiraf|Helping Hand|p2a: Corviknight
|-singleturn|p2a: Corviknight|Helping Hand|[of] p2b: Farigiraf
|move|p1b: Garchomp|Rock Slide|p2b: Farigiraf|[spread] p2a,p2b
|-damage|p2a: Corviknight|72/100
|-damage|p2b: Farigiraf|0 fnt
|faint|p2b: Farigiraf
|-damage|p1b: Garchomp|90/100|[from] item: Life Orb
|move|p1a: Swampert|Earthquake|p2a: Corviknight|[spread] p1b
|-immune|p2a: Corviknight
|-damage|p1b: Garchomp|45/100
|move|p2a: Corviknight|Body Press|p1a: Swampert
|-damage|p1a: Swampert|0 fnt
|faint|p1a: Swampert
|
|-heal|p2a: Corviknight|78/100|[from] item: Leftovers
|upkeep
|-message|jomivgc forfeited.
|
|win|zefhkb505
|raw|jomivgc's rating: 1198 → 1176(-22 for losing)
|raw|zefhkb505's rating: 1237 → 1259(+22 for winning)
|l|☆jomivgc
|player|p1|
|j|☆jomivgc
|player|p1|jomivgc|falkner-gen2|
