|j|☆RockEmpoleon
|j|☆ToastedArt
|html|RockEmpoleonToastedArt    
|uhtml|bestof|Game 2 of a best-of-3
|t:|1785291024
|gametype|doubles
|player|p1|RockEmpoleon|psychic|1066
|player|p2|ToastedArt|iris|1116
|gen|9
|tier|[Gen 9 Champions] VGC 2026 Reg M-B (Bo3)
|rated|
|rule|Species Clause: Limit one of each Pokémon
|rule|Item Clause: Limit 1 of each item
|clearpoke
|poke|p1|Sableye, L50, F|
|poke|p1|Empoleon, L50, F|
|poke|p1|Charizard, L50, M|
|poke|p1|Sneasler, L50, M|
|poke|p1|Whimsicott, L50, M|
|poke|p1|Garganacl, L50, M|
|poke|p2|Falinks, L50, shiny|
|poke|p2|Gholdengo, L50|
|poke|p2|Sinistcha, L50|
|poke|p2|Arcanine-Hisui, L50, F|
|poke|p2|Incineroar, L50, M|
|poke|p2|Ninetales-Alola, L50, F|
|teampreview|4
|showteam|p1|Sableye||BrightPowder|Prankster|Quash,Protect,FoulPlay,Taunt|Impish||F|||50|]Empoleon||ShucaBerry|Competitive|FlashCannon,Protect,IceBeam,HydroPump|Modest||F|||50|]Charizard||CharizarditeY|Blaze|HeatWave,Protect,AirSlash,ScorchingSands|Timid||M|||50|]Sneasler||FocusSash|PoisonTouch|FakeOut,DireClaw,BrickBreak,LowKick|Jolly||M|||50|]Whimsicott||MentalHerb|Prankster|FakeTears,Tailwind,Charm,Moonblast|Timid||M|||50|]Garganacl||Leftovers|PurifyingSalt|SaltCure,BodyPress,Recover,WideGuard|Impish||M|||50|
|showteam|p2|Falinks||Falinksite|Defiant|NoRetreat,CloseCombat,RockSlide,Protect|Adamant|||||50|]Gholdengo||LifeOrb|GoodasGold|MakeItRain,ShadowBall,NastyPlot,Protect|Modest|||||50|]Sinistcha||ColburBerry|Hospitality|MatchaGotcha,RagePowder,TrickRoom,Protect|Relaxed|||||50|]Arcanine-Hisui||FocusSash|RockHead|FlareBlitz,HeadSmash,ExtremeSpeed,Protect|Jolly||F|||50|]Incineroar||SitrusBerry|Intimidate|PartingShot,FlareBlitz,ThroatChop,FakeOut|Careful||M|||50|]Ninetales-Alola||NeverMeltIce|SnowWarning|Blizzard,FreezeDry,Encore,Protect|Timid||F|||50|
|inactive|Battle timer is ON: inactive players will automatically lose when time's up. (requested by ToastedArt)
|inactive|RockEmpoleon has 60 seconds left.
|
|t:|1785291056
|teamsize|p1|4
|teamsize|p2|4
|start
|switch|p1a: Steeleaf|Whimsicott, L50, M|100/100
|switch|p1b: Steelights|Charizard, L50, M|100/100
|switch|p2a: Falinks|Falinks, L50, shiny|100/100
|switch|p2b: Arcanine|Arcanine-Hisui, L50, F|100/100
|turn|1
|inactive|RockEmpoleon has 30 seconds left.
|
|t:|1785291087
|switch|p1b: Steelice|Empoleon, L50, F|100/100
|detailschange|p2a: Falinks|Falinks-Mega, L50, shiny
|-mega|p2a: Falinks|Falinks|Falinksite
|move|p1a: Steeleaf|Tailwind|p1a: Steeleaf
|-sidestart|p1: RockEmpoleon|move: Tailwind
|move|p2b: Arcanine|Flare Blitz|p1a: Steeleaf
|-supereffective|p1a: Steeleaf|1
|-damage|p1a: Steeleaf|0 fnt
|faint|p1a: Steeleaf
|move|p2a: Falinks|Rock Slide|p1b: Steelice
|-resisted|p1b: Steelice|1
|-damage|p1b: Steelice|84/100
|
|upkeep
|
|t:|1785291098
|switch|p1a: Steellicks|Garganacl, L50, M|100/100
|turn|2
|
|t:|1785291119
|move|p1b: Steelice|Protect|p1b: Steelice
|-singleturn|p1b: Steelice|Protect
|move|p2b: Arcanine|Protect|p2b: Arcanine
|-singleturn|p2b: Arcanine|Protect
|move|p2a: Falinks|Close Combat|p1b: Steelice
|-activate|p1b: Steelice|move: Protect
|move|p1a: Steellicks|Salt Cure|p2b: Arcanine
|-activate|p2b: Arcanine|move: Protect
|
|upkeep
|turn|3
|
|t:|1785291139
|switch|p2b: Gholdengo|Gholdengo, L50|100/100
|move|p1b: Steelice|Flash Cannon|p2a: Falinks
|-damage|p2a: Falinks|45/100
|move|p2a: Falinks|Close Combat|p1b: Steelice
|-supereffective|p1b: Steelice|1
|-damage|p1b: Steelice|0 fnt
|-unboost|p2a: Falinks|def|1
|-unboost|p2a: Falinks|spd|1
|faint|p1b: Steelice
|move|p1a: Steellicks|Salt Cure|p2b: Gholdengo
|-resisted|p2b: Gholdengo|1
|-crit|p2b: Gholdengo
|-damage|p2b: Gholdengo|88/100
|-start|p2b: Gholdengo|Salt Cure
|
|-damage|p2b: Gholdengo|76/100|[from] Salt Cure
|upkeep
|
|t:|1785291152
|switch|p1b: Steelights|Charizard, L50, M|100/100
|turn|4
|
|t:|1785291166
|switch|p2a: Incineroar|Incineroar, L50, M|100/100
|-ability|p2a: Incineroar|Intimidate|boost
|-unboost|p1a: Steellicks|atk|1
|-unboost|p1b: Steelights|atk|1
|detailschange|p1b: Steelights|Charizard-Mega-Y, L50, M
|-mega|p1b: Steelights|Charizard|Charizardite Y
|-weather|SunnyDay|[from] ability: Drought|[of] p1b: Steelights
|move|p2b: Gholdengo|Protect|p2b: Gholdengo
|-singleturn|p2b: Gholdengo|Protect
|move|p1a: Steellicks|Wide Guard|p1a: Steellicks
|-singleturn|p1a: Steellicks|Wide Guard
|move|p1b: Steelights|Heat Wave|p2b: Gholdengo|[spread] p2a
|-activate|p2b: Gholdengo|move: Protect
|-resisted|p2a: Incineroar|1
|-damage|p2a: Incineroar|73/100
|
|-weather|SunnyDay|[upkeep]
|-damage|p2b: Gholdengo|64/100|[from] Salt Cure
|-sideend|p1: RockEmpoleon|move: Tailwind
|upkeep
|turn|5
|inactive|RockEmpoleon has 30 seconds left.
|inactive|RockEmpoleon has 20 seconds left.
|
|t:|1785291204
|switch|p2b: Falinks|Falinks-Mega, L50, shiny|45/100
|move|p2a: Incineroar|Fake Out|p1b: Steelights
|-damage|p1b: Steelights|85/100
|cant|p1b: Steelights|flinch
|move|p1a: Steellicks|Salt Cure|p2a: Incineroar
|-supereffective|p2a: Incineroar|1
|-crit|p2a: Incineroar
|-damage|p2a: Incineroar|28/100
|-start|p2a: Incineroar|Salt Cure
|-enditem|p2a: Incineroar|Sitrus Berry|[eat]
|-heal|p2a: Incineroar|53/100|[from] item: Sitrus Berry
|
|-weather|SunnyDay|[upkeep]
|-damage|p2a: Incineroar|47/100|[from] Salt Cure
|upkeep
|turn|6
|inactive|ToastedArt has 30 seconds left.
|
|t:|1785291233
|move|p1a: Steellicks|Wide Guard|p1a: Steellicks
|-singleturn|p1a: Steellicks|Wide Guard
|move|p1b: Steelights|Heat Wave|p2a: Incineroar|[spread] p2a,p2b
|-resisted|p2a: Incineroar|1
|-damage|p2a: Incineroar|23/100
|-damage|p2b: Falinks|0 fnt
|faint|p2b: Falinks
|move|p2a: Incineroar|Flare Blitz|p1b: Steelights
|-resisted|p1b: Steelights|1
|-damage|p1b: Steelights|37/100
|-damage|p2a: Incineroar|11/100|[from] Recoil
|
|-weather|SunnyDay|[upkeep]
|-damage|p2a: Incineroar|5/100|[from] Salt Cure
|upkeep
|
|t:|1785291238
|switch|p2b: Arcanine|Arcanine-Hisui, L50, F|100/100
|turn|7
|inactive|RockEmpoleon has 30 seconds left.
|inactive|ToastedArt has 30 seconds left.
|inactive|ToastedArt has 20 seconds left.
|inactive|ToastedArt has 15 seconds left.
|
|t:|1785291282
|move|p1b: Steelights|Protect|p1b: Steelights
|-singleturn|p1b: Steelights|Protect
|move|p2b: Arcanine|Flare Blitz|p1b: Steelights
|-activate|p1b: Steelights|move: Protect
|move|p2a: Incineroar|Parting Shot|p1a: Steellicks
|-unboost|p1a: Steellicks|atk|1
|-unboost|p1a: Steellicks|spa|1
|
|t:|1785291290
|switch|p2a: Gholdengo|Gholdengo, L50|64/100|[from] Parting Shot
|move|p1a: Steellicks|Salt Cure|p2b: Arcanine
|-supereffective|p2b: Arcanine|1
|-damage|p2b: Arcanine|82/100
|-start|p2b: Arcanine|Salt Cure
|
|-weather|SunnyDay|[upkeep]
|-damage|p2b: Arcanine|76/100|[from] Salt Cure
|upkeep
|turn|8
|inactive|RockEmpoleon has 30 seconds left.
|inactive|RockEmpoleon has 20 seconds left.
|inactive|RockEmpoleon has 15 seconds left.
|inactive|RockEmpoleon has 10 seconds left.
|
|t:|1785291335
|move|p1b: Steelights|Scorching Sands|p2b: Arcanine
|-supereffective|p2b: Arcanine|2
|-damage|p2b: Arcanine|0 fnt
|faint|p2b: Arcanine
|move|p2a: Gholdengo|Shadow Ball|p1b: Steelights
|-damage|p1b: Steelights|0 fnt
|faint|p1b: Steelights
|-damage|p2a: Gholdengo|54/100|[from] item: Life Orb
|move|p1a: Steellicks|Salt Cure|p2a: Gholdengo
|-resisted|p2a: Gholdengo|1
|-damage|p2a: Gholdengo|51/100
|-start|p2a: Gholdengo|Salt Cure
|
|-weather|none
|-damage|p2a: Gholdengo|39/100|[from] Salt Cure
|upkeep
|
|t:|1785291342
|switch|p2b: Incineroar|Incineroar, L50, M|5/100
|-ability|p2b: Incineroar|Intimidate|boost
|-unboost|p1a: Steellicks|atk|1
|turn|9
|
|t:|1785291354
|move|p2b: Incineroar|Fake Out|p1a: Steellicks
|-resisted|p1a: Steellicks|1
|-damage|p1a: Steellicks|97/100
|move|p2a: Gholdengo|Nasty Plot|p2a: Gholdengo
|-boost|p2a: Gholdengo|spa|2
|cant|p1a: Steellicks|flinch
|
|-heal|p1a: Steellicks|100/100|[from] item: Leftovers
|-damage|p2a: Gholdengo|26/100|[from] Salt Cure
|upkeep
|turn|10
|
|t:|1785291373
|move|p2a: Gholdengo|Make It Rain|p1a: Steellicks
|-supereffective|p1a: Steellicks|1
|-damage|p1a: Steellicks|0 fnt
|-unboost|p2a: Gholdengo|spa|2
|faint|p1a: Steellicks
|-damage|p2a: Gholdengo|17/100|[from] item: Life Orb
|
|win|ToastedArt
|raw|RockEmpoleon's rating: 1066 → 1049(-17 for losing)
|raw|ToastedArt's rating: 1116 → 1137(+21 for winning)
