|j|☆ToastedArt
|j|☆Adam2E
|html|ToastedArtAdam2E    
|uhtml|bestof|Game 2 of a best-of-3
|t:|1784399431
|gametype|doubles
|player|p1|ToastedArt|iris|1065
|player|p2|Adam2E|1|1186
|gen|9
|tier|[Gen 9 Champions] VGC 2026 Reg M-B (Bo3)
|rated|
|rule|Species Clause: Limit one of each Pokémon
|rule|Item Clause: Limit 1 of each item
|clearpoke
|poke|p1|Falinks, L50, shiny|
|poke|p1|Gholdengo, L50|
|poke|p1|Hydreigon, L50, F, shiny|
|poke|p1|Sneasler, L50, F|
|poke|p1|Talonflame, L50, M, shiny|
|poke|p1|Kingambit, L50, M|
|poke|p2|Whimsicott, L50, M|
|poke|p2|Staraptor, L50, M|
|poke|p2|Rotom-Wash, L50|
|poke|p2|Archaludon, L50, F|
|poke|p2|Basculegion, L50, M|
|poke|p2|Incineroar, L50, F|
|teampreview|4
|showteam|p1|Falinks||Falinksite|Defiant|NoRetreat,BulkUp,CloseCombat,Protect|Careful|||||50|]Gholdengo||SpellTag|GoodasGold|MakeItRain,ShadowBall,NastyPlot,Protect|Modest|||||50|]Hydreigon||LifeOrb|Levitate|DracoMeteor,Snarl,EarthPower,DarkPulse|Modest||F|||50|]Sneasler||FocusSash|PoisonTouch|CloseCombat,PoisonJab,Coaching,FakeOut|Jolly||F|||50|]Talonflame||SharpBeak|GaleWings|BraveBird,Tailwind,Uturn,QuickGuard|Adamant||M|||50|]Kingambit||BlackGlasses|Defiant|KowtowCleave,SuckerPunch,SwordsDance,Protect|Adamant||M|||50|
|showteam|p2|Whimsicott||FocusSash|Prankster|Tailwind,Encore,Protect,Moonblast|Timid||M|||50|]Staraptor||Staraptite|Intimidate|BraveBird,CloseCombat,Roost,Protect|Jolly||M|||50|]Rotom-Wash||Leftovers|Levitate|WillOWisp,Protect,Thunderbolt,HydroPump|Calm|||||50|]Archaludon||LifeOrb|Stamina|DragonPulse,FlashCannon,ElectroShot,Protect|Modest||F|||50|]Basculegion||ChoiceScarf|Adaptability|LastRespects,FlipTurn,AquaJet,WaveCrash|Adamant||M|||50|]Incineroar||SitrusBerry|Intimidate|FakeOut,PartingShot,DarkestLariat,Protect|Careful||F|||50|
|inactive|Battle timer is ON: inactive players will automatically lose when time's up. (requested by ToastedArt)
|inactive|ToastedArt has 60 seconds left.
|
|t:|1784399474
|teamsize|p1|4
|teamsize|p2|4
|start
|switch|p1a: Talonflame|Talonflame, L50, M, shiny|100/100
|switch|p1b: Gholdengo|Gholdengo, L50|100/100
|switch|p2a: Basculegion|Basculegion, L50, M|100/100
|switch|p2b: Whimsicott|Whimsicott, L50, M|100/100
|turn|1
|
|t:|1784399493
|switch|p1a: Sneasler|Sneasler, L50, F|100/100
|move|p2b: Whimsicott|Tailwind|p2b: Whimsicott
|-sidestart|p2: Adam2E|move: Tailwind
|move|p2a: Basculegion|Wave Crash|p1b: Gholdengo
|-damage|p1b: Gholdengo|2/100
|-damage|p2a: Basculegion|73/100|[from] Recoil
|move|p1b: Gholdengo|Shadow Ball|p2a: Basculegion
|-supereffective|p2a: Basculegion|1
|-damage|p2a: Basculegion|0 fnt
|faint|p2a: Basculegion
|
|upkeep
|
|t:|1784399502
|switch|p2a: Rotom|Rotom-Wash, L50|100/100
|turn|2
|
|t:|1784399516
|move|p1b: Gholdengo|Protect|p1b: Gholdengo
|-singleturn|p1b: Gholdengo|Protect
|move|p2b: Whimsicott|Moonblast|p1b: Gholdengo
|-activate|p1b: Gholdengo|move: Protect
|move|p2a: Rotom|Thunderbolt|p1b: Gholdengo
|-activate|p1b: Gholdengo|move: Protect
|move|p1a: Sneasler|Poison Jab|p2b: Whimsicott
|-supereffective|p2b: Whimsicott|2
|-enditem|p2b: Whimsicott|Focus Sash
|-damage|p2b: Whimsicott|1/100
|-status|p2b: Whimsicott|psn|[from] ability: Poison Touch|[of] p1a: Sneasler
|
|-damage|p2b: Whimsicott|0 fnt|[from] psn
|faint|p2b: Whimsicott
|upkeep
|
|t:|1784399520
|switch|p2b: Staraptor|Staraptor, L50, M|100/100
|-ability|p2b: Staraptor|Intimidate|boost
|-unboost|p1a: Sneasler|atk|1
|-unboost|p1b: Gholdengo|atk|1
|turn|3
|
|t:|1784399528
|switch|p1b: Talonflame|Talonflame, L50, M, shiny|100/100
|detailschange|p2b: Staraptor|Staraptor-Mega, L50, M
|-mega|p2b: Staraptor|Staraptor|Staraptite
|move|p2b: Staraptor|Close Combat|p1a: Sneasler
|-resisted|p1a: Sneasler|1
|-damage|p1a: Sneasler|44/100
|-boost|p2b: Staraptor|def|1
|-boost|p2b: Staraptor|spd|1
|move|p2a: Rotom|Thunderbolt|p1b: Talonflame
|-supereffective|p1b: Talonflame|1
|-damage|p1b: Talonflame|0 fnt
|faint|p1b: Talonflame
|move|p1a: Sneasler|Coaching|p1: Talonflame|[notarget]
|-fail|p1a: Sneasler
|
|upkeep
|
|t:|1784399540
|switch|p1b: Falinks|Falinks, L50, shiny|100/100
|turn|4
|
|t:|1784399547
|detailschange|p1b: Falinks|Falinks-Mega, L50, shiny
|-mega|p1b: Falinks|Falinks|Falinksite
|move|p2b: Staraptor|Close Combat|p1a: Sneasler
|-resisted|p1a: Sneasler|1
|-damage|p1a: Sneasler|0 fnt
|-boost|p2b: Staraptor|def|1
|-boost|p2b: Staraptor|spd|1
|faint|p1a: Sneasler
|move|p2a: Rotom|Will-O-Wisp|p1b: Falinks
|-status|p1b: Falinks|brn
|move|p1b: Falinks|No Retreat|p1b: Falinks
|-boost|p1b: Falinks|atk|1
|-boost|p1b: Falinks|def|1
|-boost|p1b: Falinks|spa|1
|-boost|p1b: Falinks|spd|1
|-boost|p1b: Falinks|spe|1
|-start|p1b: Falinks|move: No Retreat
|
|-damage|p1b: Falinks|94/100 brn|[from] brn
|-sideend|p2: Adam2E|move: Tailwind
|upkeep
|
|t:|1784399551
|switch|p1a: Gholdengo|Gholdengo, L50|2/100
|turn|5
|c|☆Adam2E|youre hilariously bad
|-message|ToastedArt forfeited.
|
|win|Adam2E
|raw|ToastedArt's rating: 1065 → 1052(-13 for losing)
|raw|Adam2E's rating: 1186 → 1203(+17 for winning)
