|j|☆unreadyy
|j|☆ciaranburks
|html|unreadyyciaranburks    
|uhtml|bestof|Game 1 of a best-of-3
|t:|1757742001
|gametype|doubles
|player|p1|unreadyy|hilbert|1086
|player|p2|ciaranburks|101|1078
|gen|9
|tier|[Gen 9] VGC 2025 Reg H (Bo3)
|rated|
|rule|Species Clause: Limit one of each Pokémon
|rule|Item Clause: Limit 1 of each item
|clearpoke
|poke|p1|Gholdengo, L50|
|poke|p1|Magmar, L50, M|
|poke|p1|Annihilape, L50, M|
|poke|p1|Sneasler, L50, M|
|poke|p1|Dragonite, L50, M|
|poke|p1|Ninetales-Alola, L50, F|
|poke|p2|Basculegion, L50, M|
|poke|p2|Politoed, L50, F|
|poke|p2|Pelipper, L50, M|
|poke|p2|Archaludon, L50, F|
|poke|p2|Palafin, L50, M|
|poke|p2|Incineroar, L50, F|
|teampreview|4
|showteam|p1|Gholdengo||LifeOrb|GoodasGold|MakeItRain,ShadowBall,NastyPlot,Protect||||||50|,,,,,Water]Magmar||Eviolite|VitalSpirit|FollowMe,Overheat,Protect,WillOWisp|||M|||50|,,,,,Fairy]Annihilape||Leftovers|Defiant|Protect,DrainPunch,RageFist,BulkUp|||M|||50|,,,,,Fire]Sneasler||FocusSash|PoisonTouch|FakeOut,CloseCombat,DireClaw,Coaching|||M|||50|,,,,,Stellar]Dragonite||LoadedDice|Multiscale|ScaleShot,ExtremeSpeed,Haze,Protect|||M|||50|,,,,,Fairy]Ninetales-Alola||ChoiceSpecs|SnowWarning|Blizzard,Moonblast,FreezeDry,IcyWind|||F|||50|,,,,,Ghost
|showteam|p2|Basculegion||ChoiceScarf|SwiftSwim|FlipTurn,WaveCrash,LastRespects,AquaJet|||M|||50|,,,,,Water]Politoed||EjectButton|Drizzle|IceBeam,Protect,WeatherBall,Rest|||F|||50|,,,,,Grass]Pelipper||FocusSash|Drizzle|Hurricane,Tailwind,WeatherBall,Protect|||M|||50|,,,,,Flying]Archaludon||AguavBerry|Stamina|ElectroShot,BodyPress,DracoMeteor,TeraBlast|||F|||50|,,,,,Poison]Palafin||ChoiceBand|ZerotoHero|FlipTurn,WaveCrash,CloseCombat,ThroatChop|||M|||50|,,,,,Dark]Incineroar||SafetyGoggles|Intimidate|PartingShot,KnockOff,Protect,FakeOut|||F|||50|,,,,,Steel
|j| gggfffftttddd
|
|t:|1757742067
|teamsize|p1|4
|teamsize|p2|4
|start
|switch|p1a: Gholdengo|Gholdengo, L50, shiny|100/100
|switch|p1b: Magmar|Magmar, L50, M|100/100
|switch|p2a: Palafin|Palafin, L50, M|100/100
|switch|p2b: Pelipper|Pelipper, L50, M|100/100
|-weather|RainDance|[from] ability: Drizzle|[of] p2b: Pelipper
|turn|1
|
|t:|1757742088
|switch|p1b: Ninetales|Ninetales-Alola, L50, F|100/100
|-weather|Snowscape|[from] ability: Snow Warning|[of] p1b: Ninetales
|move|p2a: Palafin|Flip Turn|p1a: Gholdengo
|-damage|p1a: Gholdengo|70/100
|
|t:|1757742096
|detailschange|p2a: Palafin|Palafin-Hero, L50, M
|switch|p2a: Basculegion|Basculegion, L50, M|100/100|[from] Flip Turn
|move|p1a: Gholdengo|Nasty Plot|p1a: Gholdengo
|-boost|p1a: Gholdengo|spa|2
|move|p2b: Pelipper|Tailwind|p2b: Pelipper
|-sidestart|p2: ciaranburks|move: Tailwind
|
|-weather|Snowscape|[upkeep]
|upkeep
|turn|2
|
|t:|1757742124
|switch|p2b: Politoed|Politoed, L50, F|100/100
|-weather|RainDance|[from] ability: Drizzle|[of] p2b: Politoed
|-terastallize|p2a: Basculegion|Water
|move|p1a: Gholdengo|Protect|p1a: Gholdengo
|-singleturn|p1a: Gholdengo|Protect
|move|p2a: Basculegion|Wave Crash|p1a: Gholdengo
|-activate|p1a: Gholdengo|move: Protect
|move|p1b: Ninetales|Freeze-Dry|p2a: Basculegion
|-supereffective|p2a: Basculegion
|-damage|p2a: Basculegion|13/100
|
|-weather|RainDance|[upkeep]
|upkeep
|turn|3
|
|t:|1757742165
|-terastallize|p1a: Gholdengo|Water
|move|p2a: Basculegion|Wave Crash|p1a: Gholdengo
|-resisted|p1a: Gholdengo
|-damage|p1a: Gholdengo|10/100
|-damage|p2a: Basculegion|0 fnt|[from] Recoil
|faint|p2a: Basculegion
|move|p2b: Politoed|Weather Ball|p1b: Ninetales
|-damage|p1b: Ninetales|38/100
|move|p1b: Ninetales|Freeze-Dry|p2b: Politoed
|-supereffective|p2b: Politoed
|-damage|p2b: Politoed|51/100
|-enditem|p2b: Politoed|Eject Button
|
|t:|1757742183
|switch|p2b: Pelipper|Pelipper, L50, M|100/100
|move|p1a: Gholdengo|Make It Rain|p2b: Pelipper
|-resisted|p2b: Pelipper
|-enditem|p2b: Pelipper|Focus Sash
|-damage|p2b: Pelipper|1/100
|-unboost|p1a: Gholdengo|spa|1
|-damage|p1a: Gholdengo|0 fnt|[from] item: Life Orb
|faint|p1a: Gholdengo
|
|-weather|RainDance|[upkeep]
|upkeep
|
|t:|1757742197
|switch|p1a: Sneasler|Sneasler, L50, M, shiny|100/100
|switch|p2a: Palafin|Palafin-Hero, L50, M|100/100
|-activate|p2a: Palafin|ability: Zero to Hero
|turn|4
|
|t:|1757742243
|move|p1a: Sneasler|Fake Out|p2b: Pelipper
|-damage|p2b: Pelipper|0 fnt
|faint|p2b: Pelipper
|move|p2a: Palafin|Wave Crash|p1b: Ninetales
|-damage|p1b: Ninetales|0 fnt
|faint|p1b: Ninetales
|-damage|p2a: Palafin|90/100|[from] Recoil
|
|-weather|RainDance|[upkeep]
|-sideend|p2: ciaranburks|move: Tailwind
|upkeep
|
|t:|1757742253
|switch|p1b: Magmar|Magmar, L50, M|100/100
|switch|p2b: Politoed|Politoed, L50, F|51/100
|turn|5
|
|t:|1757742265
|move|p1a: Sneasler|Close Combat|p2b: Politoed
|-damage|p2b: Politoed|0 fnt
|-unboost|p1a: Sneasler|def|1
|-unboost|p1a: Sneasler|spd|1
|faint|p2b: Politoed
|move|p2a: Palafin|Wave Crash|p1a: Sneasler
|-enditem|p1a: Sneasler|Focus Sash
|-damage|p1a: Sneasler|1/100
|-damage|p2a: Palafin|61/100|[from] Recoil
|move|p1b: Magmar|Will-O-Wisp|p2a: Palafin|[miss]
|-miss|p1b: Magmar|p2a: Palafin
|
|-weather|RainDance|[upkeep]
|upkeep
|turn|6
|
|t:|1757742282
|move|p1b: Magmar|Follow Me|p1b: Magmar
|-singleturn|p1b: Magmar|move: Follow Me
|move|p1a: Sneasler|Close Combat|p2a: Palafin
|-damage|p2a: Palafin|2/100
|-unboost|p1a: Sneasler|def|1
|-unboost|p1a: Sneasler|spd|1
|move|p2a: Palafin|Wave Crash|p1b: Magmar
|-supereffective|p1b: Magmar
|-damage|p1b: Magmar|0 fnt
|faint|p1b: Magmar
|-damage|p2a: Palafin|0 fnt|[from] Recoil
|faint|p2a: Palafin
|
|win|unreadyy
||unreadyy is ready for game 2.
|inactive|ciaranburks has 30 seconds to confirm battle start!
|l|☆ciaranburks
|player|p2|
|raw|unreadyy's rating: 1086 → 1112(+26 for winning)
|raw|ciaranburks's rating: 1078 → 1057(-21 for losing)
|l|☆unreadyy
|player|p1|
|l| gggfffftttddd
