|j|☆trompanueva
|j|☆beckybug
|html|trompanuevabeckybug    
|uhtml|bestof|Game 1 of a best-of-3
|t:|1784218523
|gametype|doubles
|player|p1|trompanueva|tate|1298
|player|p2|beckybug|briar|1370
|gen|9
|tier|[Gen 9 Champions] VGC 2026 Reg M-B (Bo3)
|rated|
|rule|Species Clause: Limit one of each Pokémon
|rule|Item Clause: Limit 1 of each item
|clearpoke
|poke|p1|Grimmsnarl, L50, M|
|poke|p1|Pelipper, L50, F|
|poke|p1|Archaludon, L50, F|
|poke|p1|Basculegion, L50, M|
|poke|p1|Venusaur, L50, F|
|poke|p1|Charizard, L50, M|
|poke|p2|Charizard, L50, M|
|poke|p2|Venusaur, L50, F|
|poke|p2|Pelipper, L50, F|
|poke|p2|Archaludon, L50, F|
|poke|p2|Grimmsnarl, L50, M|
|poke|p2|Basculegion, L50, M|
|teampreview|4
|showteam|p1|Grimmsnarl||LightClay|Prankster|SpiritBreak,Reflect,LightScreen,PartingShot|Sassy||M|||50|]Pelipper||SitrusBerry|Drizzle|Hurricane,WeatherBall,Tailwind,WideGuard|Modest||F|||50|]Archaludon||Leftovers|Stamina|Protect,ElectroShot,DragonPulse,FlashCannon|Calm||F|||50|]Basculegion||ChoiceScarf|Adaptability|FlipTurn,WaveCrash,AquaJet,LastRespects|Jolly||M|||50|]Venusaur||FocusSash|Chlorophyll|Protect,SleepPowder,SludgeBomb,EarthPower|Modest||F|||50|]Charizard||CharizarditeY|Blaze|HeatWave,SolarBeam,WeatherBall,Protect|Modest||M|||50|
|showteam|p2|Charizard||CharizarditeY|Blaze|WeatherBall,HeatWave,SolarBeam,Protect|Modest||M|||50|]Venusaur||FocusSash|Chlorophyll|SludgeBomb,EarthPower,SleepPowder,Protect|Modest||F|||50|]Pelipper||SitrusBerry|Drizzle|WeatherBall,Hurricane,Tailwind,Protect|Modest||F|||50|]Archaludon||Leftovers|Stamina|FlashCannon,DragonPulse,ElectroShot,Protect|Calm||F|||50|]Grimmsnarl||LightClay|Prankster|SpiritBreak,PartingShot,Reflect,LightScreen|Sassy||M|||50|]Basculegion||ChoiceScarf|Adaptability|WaveCrash,LastRespects,AquaJet,FlipTurn|Jolly||M|||50|
|
|t:|1784218588
|teamsize|p1|4
|teamsize|p2|4
|start
|switch|p1a: Venusaur|Venusaur, L50, F|100/100
|switch|p1b: Charizard|Charizard, L50, M|100/100
|switch|p2a: Grimmsnarl|Grimmsnarl, L50, M|100/100
|switch|p2b: Charizard|Charizard, L50, M|100/100
|turn|1
|inactive|Battle timer is ON: inactive players will automatically lose when time's up. (requested by trompanueva)
|
|t:|1784218611
|detailschange|p2b: Charizard|Charizard-Mega-Y, L50, M
|-mega|p2b: Charizard|Charizard|Charizardite Y
|-weather|SunnyDay|[from] ability: Drought|[of] p2b: Charizard
|move|p1b: Charizard|Protect|p1b: Charizard
|-singleturn|p1b: Charizard|Protect
|move|p2b: Charizard|Protect|p2b: Charizard
|-singleturn|p2b: Charizard|Protect
|move|p2a: Grimmsnarl|Light Screen|p2a: Grimmsnarl
|-sidestart|p2: beckybug|move: Light Screen
|move|p1a: Venusaur|Sludge Bomb|p2a: Grimmsnarl
|-supereffective|p2a: Grimmsnarl|1
|-damage|p2a: Grimmsnarl|50/100g
|-status|p2a: Grimmsnarl|psn
|
|-weather|SunnyDay|[upkeep]
|-damage|p2a: Grimmsnarl|38/100 psn|[from] psn
|upkeep
|turn|2
|
|t:|1784218631
|switch|p1b: Pelipper|Pelipper, L50, F|100/100
|-weather|RainDance|[from] ability: Drizzle|[of] p1b: Pelipper
|move|p2a: Grimmsnarl|Parting Shot|p1b: Pelipper
|-unboost|p1b: Pelipper|atk|1
|-unboost|p1b: Pelipper|spa|1
|
|t:|1784218637
|switch|p2a: Archaludon|Archaludon, L50, F|100/100|[from] Parting Shot
|move|p2b: Charizard|Heat Wave|p1a: Venusaur|[spread] p1a,p1b
|-supereffective|p1a: Venusaur|1
|-crit|p1a: Venusaur
|-resisted|p1b: Pelipper|1
|-damage|p1a: Venusaur|32/100
|-damage|p1b: Pelipper|88/100
|move|p1a: Venusaur|Sleep Powder|p2b: Charizard|[miss]
|-miss|p1a: Venusaur|p2b: Charizard
|
|-weather|RainDance|[upkeep]
|upkeep
|turn|3
|inactive|beckybug has 30 seconds left.
|inactive|beckybug has 20 seconds left.
|
|t:|1784218674
|switch|p2b: Venusaur|Venusaur, L50, F|100/100
|switch|p1b: Archaludon|Archaludon, L50, F|100/100
|move|p1a: Venusaur|Protect|p1a: Venusaur
|-singleturn|p1a: Venusaur|Protect
|move|p2a: Archaludon|Dragon Pulse|p1a: Venusaur
|-activate|p1a: Venusaur|move: Protect
|
|-weather|RainDance|[upkeep]
|upkeep
|turn|4
|inactive|trompanueva has 30 seconds left.
|
|t:|1784218700
|move|p2b: Venusaur|Sleep Powder|p1b: Archaludon|[miss]
|-miss|p2b: Venusaur|p1b: Archaludon
|move|p1a: Venusaur|Sleep Powder|p2a: Archaludon
|-status|p2a: Archaludon|slp|[from] move: Sleep Powder
|cant|p2a: Archaludon|slp
|move|p1b: Archaludon|Electro Shot||[still]
|-prepare|p1b: Archaludon|Electro Shot
|-boost|p1b: Archaludon|spa|1
|-anim|p1b: Archaludon|Electro Shot|p2b: Venusaur
|-resisted|p2b: Venusaur|1
|-damage|p2b: Venusaur|77/100
|
|-weather|RainDance|[upkeep]
|upkeep
|turn|5
|
|t:|1784218717
|switch|p1a: Charizard|Charizard, L50, M|100/100
|move|p2b: Venusaur|Earth Power|p1b: Archaludon
|-supereffective|p1b: Archaludon|1
|-damage|p1b: Archaludon|47/100
|-ability|p1b: Archaludon|Stamina|boost
|-boost|p1b: Archaludon|def|1
|cant|p2a: Archaludon|slp
|move|p1b: Archaludon|Dragon Pulse|p2b: Venusaur
|-damage|p2b: Venusaur|37/100
|
|-weather|RainDance|[upkeep]
|-heal|p1b: Archaludon|54/100|[from] item: Leftovers
|upkeep
|turn|6
|
|t:|1784218742
|switch|p2a: Charizard|Charizard-Mega-Y, L50, M|100/100
|-weather|SunnyDay|[from] ability: Drought|[of] p2a: Charizard
|move|p1a: Charizard|Protect|p1a: Charizard
|-singleturn|p1a: Charizard|Protect
|move|p2b: Venusaur|Earth Power|p1b: Archaludon
|-supereffective|p1b: Archaludon|1
|-damage|p1b: Archaludon|2/100
|-ability|p1b: Archaludon|Stamina|boost
|-boost|p1b: Archaludon|def|1
|move|p1b: Archaludon|Dragon Pulse|p2b: Venusaur
|-damage|p2b: Venusaur|0 fnt
|faint|p2b: Venusaur
|
|-weather|SunnyDay|[upkeep]
|-heal|p1b: Archaludon|8/100|[from] item: Leftovers
|upkeep
|
|t:|1784218755
|switch|p2b: Grimmsnarl|Grimmsnarl, L50, M|38/100 psn
|turn|7
|
|t:|1784218772
|detailschange|p1a: Charizard|Charizard-Mega-Y, L50, M
|-mega|p1a: Charizard|Charizard|Charizardite Y
|move|p2b: Grimmsnarl|Parting Shot|p1a: Charizard
|-unboost|p1a: Charizard|atk|1
|-unboost|p1a: Charizard|spa|1
|
|t:|1784218776
|switch|p2b: Archaludon|Archaludon, L50, F|100/100 slp|[from] Parting Shot
|move|p1a: Charizard|Weather Ball|p2b: Archaludon
|-damage|p2b: Archaludon|65/100 slp
|-ability|p2b: Archaludon|Stamina|boost
|-boost|p2b: Archaludon|def|1
|move|p2a: Charizard|Heat Wave|p1a: Charizard|[spread] p1a,p1b
|-resisted|p1a: Charizard|1
|-damage|p1a: Charizard|71/100
|-damage|p1b: Archaludon|0 fnt
|faint|p1b: Archaludon
|
|-weather|SunnyDay|[upkeep]
|-heal|p2b: Archaludon|72/100 slp|[from] item: Leftovers
|upkeep
|
|t:|1784218795
|switch|p1b: Venusaur|Venusaur, L50, F|32/100
|turn|8
|
|t:|1784218813
|switch|p2b: Grimmsnarl|Grimmsnarl, L50, M|38/100 psn
|move|p2a: Charizard|Protect|p2a: Charizard
|-singleturn|p2a: Charizard|Protect
|move|p1b: Venusaur|Earth Power|p2b: Grimmsnarl
|-damage|p2b: Grimmsnarl|21/100 psn
|move|p1a: Charizard|Weather Ball|p2b: Grimmsnarl
|-damage|p2b: Grimmsnarl|0 fnt
|faint|p2b: Grimmsnarl
|
|-weather|SunnyDay|[upkeep]
|-sideend|p2: beckybug|move: Light Screen
|upkeep
|
|t:|1784218822
|switch|p2b: Archaludon|Archaludon, L50, F|72/100 slp
|turn|9
|inactive|trompanueva has 30 seconds left.
|
|t:|1784218851
|move|p1b: Venusaur|Protect|p1b: Venusaur
|-singleturn|p1b: Venusaur|Protect
|move|p1a: Charizard|Weather Ball|p2b: Archaludon
|-damage|p2b: Archaludon|18/100 slp
|-ability|p2b: Archaludon|Stamina|boost
|-boost|p2b: Archaludon|def|1
|move|p2a: Charizard|Heat Wave|p1b: Venusaur|[spread] p1a
|-activate|p1b: Venusaur|move: Protect
|-resisted|p1a: Charizard|1
|-damage|p1a: Charizard|44/100
|-curestatus|p2b: Archaludon|slp|[msg]
|move|p2b: Archaludon|Dragon Pulse|p1b: Venusaur
|-activate|p1b: Venusaur|move: Protect
|
|-weather|SunnyDay|[upkeep]
|-heal|p2b: Archaludon|24/100|[from] item: Leftovers
|upkeep
|turn|10
|inactive|beckybug has 30 seconds left.
|inactive|beckybug has 20 seconds left.
|inactive|beckybug has 15 seconds left.
|
|t:|1784218893
|move|p2a: Charizard|Protect|p2a: Charizard
|-singleturn|p2a: Charizard|Protect
|move|p1b: Venusaur|Sleep Powder|p2a: Charizard
|-activate|p2a: Charizard|move: Protect
|move|p1a: Charizard|Weather Ball|p2b: Archaludon
|-damage|p2b: Archaludon|0 fnt
|faint|p2b: Archaludon
|
|-weather|none
|upkeep
|turn|11
|
|t:|1784218903
|move|p1a: Charizard|Weather Ball|p2a: Charizard
|-damage|p2a: Charizard|88/100
|move|p2a: Charizard|Heat Wave|p1b: Venusaur|[spread] p1b
|-miss|p2a: Charizard|p1a: Charizard
|-supereffective|p1b: Venusaur|1
|-damage|p1b: Venusaur|0 fnt
|faint|p1b: Venusaur
|
|upkeep
|
|t:|1784218907
|switch|p1b: Pelipper|Pelipper, L50, F|88/100
|-weather|RainDance|[from] ability: Drizzle|[of] p1b: Pelipper
|turn|12
|
|t:|1784218914
|move|p1a: Charizard|Weather Ball|p2a: Charizard
|-supereffective|p2a: Charizard|1
|-damage|p2a: Charizard|13/100
|move|p2a: Charizard|Weather Ball|p1a: Charizard
|-supereffective|p1a: Charizard|1
|-damage|p1a: Charizard|0 fnt
|faint|p1a: Charizard
|move|p1b: Pelipper|Weather Ball|p2a: Charizard
|-supereffective|p2a: Charizard|1
|-damage|p2a: Charizard|0 fnt
|faint|p2a: Charizard
|
|win|trompanueva
||beckybug is ready for game 2.
|inactive|trompanueva has 30 seconds to confirm battle start!
||trompanueva is ready for game 2.
|uhtml|next|Next: Game 2 of 3
|l|☆beckybug
|player|p2|
