|j|☆zephnix
|j|☆Senli
|html|zephnixSenli    
|uhtml|bestof|Game 2 of a best-of-3
|t:|1785930265
|gametype|doubles
|player|p1|zephnix|lucas-gen4pt|1106
|player|p2|Senli|florian-bb|1111
|gen|9
|tier|[Gen 9 Champions] VGC 2026 Reg M-B (Bo3)
|rated|
|rule|Species Clause: Limit one of each Pokémon
|rule|Item Clause: Limit 1 of each item
|clearpoke
|poke|p1|Scizor, L50, F, shiny|
|poke|p1|Meowscarada, L50, M|
|poke|p1|Armarouge, L50, F|
|poke|p1|Milotic, L50, M|
|poke|p1|Clefable, L50, M|
|poke|p1|Meowstic, L50, M|
|poke|p2|Raichu, L50, M, shiny|
|poke|p2|Staraptor, L50, M|
|poke|p2|Arcanine-Hisui, L50, M, shiny|
|poke|p2|Farigiraf, L50, F, shiny|
|poke|p2|Sylveon, L50, F|
|poke|p2|Kingambit, L50, M|
|teampreview|4
|showteam|p1|Scizor||Scizorite|Technician|BulletPunch,BugBite,Protect,SwordsDance|Adamant||F|||50|]Meowscarada||FocusSash|Protean|SuckerPunch,KnockOff,FlowerTrick,TripleAxel|Jolly||M|||50|]Armarouge||ShucaBerry|FlashFire|HeatWave,Psychic,Protect,WideGuard|Quiet||F|||50|]Milotic||Leftovers|Competitive|Scald,IceBeam,Protect,LifeDew|Bold||M|||50|]Clefable||SitrusBerry|Unaware|Moonblast,FollowMe,Protect,LifeDew|Calm||M|||50|]Meowstic||Meowsticite|Prankster|FakeOut,Reflect,LightScreen,Psychic|Timid||M|||50|
|showteam|p2|Raichu||RaichuniteY|LightningRod|ZapCannon,FocusBlast,FakeOut,Protect|Timid||M|||50|]Staraptor||Staraptite|Intimidate|CloseCombat,DualWingbeat,Tailwind,Protect|Jolly||M|||50|]Arcanine-Hisui||FocusSash|RockHead|FlareBlitz,HeadSmash,ExtremeSpeed,Protect|Jolly||M|||50|]Farigiraf||SitrusBerry|ArmorTail|Psychic,HelpingHand,TrickRoom,Protect|Calm||F|||50|]Sylveon||FairyFeather|Pixilate|HyperVoice,QuickAttack,HyperBeam,Detect|Modest||F|||50|]Kingambit||LifeOrb|Defiant|KowtowCleave,SuckerPunch,SwordsDance,Protect|Adamant||M|||50|
|inactive|Battle timer is ON: inactive players will automatically lose when time's up. (requested by Senli)
|inactive|zephnix has 60 seconds left.
|
|t:|1785930321
|teamsize|p1|4
|teamsize|p2|4
|start
|switch|p1a: Clefable|Clefable, L50, M|100/100
|switch|p1b: Meowstic|Meowstic, L50, M|100/100
|switch|p2a: Arcanine|Arcanine-Hisui, L50, M, shiny|100/100
|switch|p2b: Raichu|Raichu, L50, M, shiny|100/100
|turn|1
|inactive|Senli has 30 seconds left.
|inactive|Senli has 20 seconds left.
|
|t:|1785930360
|detailschange|p2b: Raichu|Raichu-Mega-Y, L50, M, shiny
|-mega|p2b: Raichu|Raichu|Raichunite Y
|move|p2b: Raichu|Fake Out|p1a: Clefable
|-damage|p1a: Clefable|90/100
|cant|p1a: Clefable|flinch
|move|p1b: Meowstic|Light Screen|p1b: Meowstic
|-sidestart|p1: zephnix|move: Light Screen
|move|p2a: Arcanine|Head Smash|p1b: Meowstic|[miss]
|-miss|p2a: Arcanine|p1b: Meowstic
|
|upkeep
|turn|2
|
|t:|1785930377
|move|p1b: Meowstic|Reflect|p1b: Meowstic
|-sidestart|p1: zephnix|Reflect
|move|p2b: Raichu|Zap Cannon|p1b: Meowstic
|-damage|p1b: Meowstic|39/100
|-status|p1b: Meowstic|par
|move|p2a: Arcanine|Flare Blitz|p1b: Meowstic
|-damage|p1b: Meowstic|0 fnt
|faint|p1b: Meowstic
|move|p1a: Clefable|Moonblast|p2a: Arcanine
|-resisted|p2a: Arcanine|1
|-damage|p2a: Arcanine|81/100
|
|upkeep
|inactive|zephnix has 30 seconds left.
|
|t:|1785930409
|switch|p1b: Scizor|Scizor, L50, F, shiny|100/100
|turn|3
|
|t:|1785930427
|detailschange|p1b: Scizor|Scizor-Mega, L50, F, shiny
|-mega|p1b: Scizor|Scizor|Scizorite
|move|p1a: Clefable|Follow Me|p1a: Clefable
|-singleturn|p1a: Clefable|move: Follow Me
|move|p2b: Raichu|Zap Cannon|p1a: Clefable
|-damage|p1a: Clefable|59/100
|-status|p1a: Clefable|par
|move|p2a: Arcanine|Flare Blitz|p1a: Clefable
|-damage|p1a: Clefable|20/100y par
|-enditem|p1a: Clefable|Sitrus Berry|[eat]
|-heal|p1a: Clefable|45/100 par|[from] item: Sitrus Berry
|move|p1b: Scizor|Swords Dance|p1b: Scizor
|-boost|p1b: Scizor|atk|2
|
|upkeep
|turn|4
|inactive|zephnix has 30 seconds left.
|
|t:|1785930460
|switch|p2a: Farigiraf|Farigiraf, L50, F, shiny|100/100
|switch|p1a: Armarouge|Armarouge, L50, F|100/100
|move|p2b: Raichu|Zap Cannon|p1b: Scizor
|-damage|p1b: Scizor|67/100
|-status|p1b: Scizor|par
|move|p1b: Scizor|Bug Bite|p2b: Raichu
|-damage|p2b: Raichu|0 fnt
|faint|p2b: Raichu
|
|upkeep
|
|t:|1785930472
|switch|p2b: Arcanine|Arcanine-Hisui, L50, M, shiny|81/100
|turn|5
|
|t:|1785930489
|switch|p1a: Clefable|Clefable, L50, M|45/100 par
|move|p2a: Farigiraf|Protect|p2a: Farigiraf
|-singleturn|p2a: Farigiraf|Protect
|move|p1b: Scizor|Protect|p1b: Scizor
|-singleturn|p1b: Scizor|Protect
|move|p2b: Arcanine|Head Smash|p1a: Clefable
|-damage|p1a: Clefable|0 fnt
|faint|p1a: Clefable
|
|-sideend|p1: zephnix|move: Light Screen
|upkeep
|
|t:|1785930501
|switch|p1a: Armarouge|Armarouge, L50, F|100/100
|turn|6
|
|t:|1785930512
|move|p2a: Farigiraf|Helping Hand|p2b: Arcanine
|-singleturn|p2b: Arcanine|Helping Hand|[of] p2a: Farigiraf
|move|p2b: Arcanine|Head Smash|p1a: Armarouge
|-supereffective|p1a: Armarouge|1
|-damage|p1a: Armarouge|0 fnt
|faint|p1a: Armarouge
|cant|p1b: Scizor|par
|
|-sideend|p1: zephnix|Reflect
|upkeep
|turn|7
|
|t:|1785930524
|move|p2a: Farigiraf|Helping Hand|p2b: Arcanine
|-singleturn|p2b: Arcanine|Helping Hand|[of] p2a: Farigiraf
|move|p2b: Arcanine|Flare Blitz|p1b: Scizor
|-supereffective|p1b: Scizor|2
|-damage|p1b: Scizor|0 fnt
|faint|p1b: Scizor
|
|win|Senli
|raw|zephnix's rating: 1106 → 1081(-25 for losing)
|raw|Senli's rating: 1111 → 1136(+25 for winning)
|c|☆zephnix|Dang
|c|☆zephnix|GG
|c|☆Senli|gg
|c|☆zephnix|I couldn't get farigiraf
|c|☆Senli|yeah
