|j|☆chocokoala vgc
|j|☆Cloudyan
|html|chocokoala vgcCloudyan    
|uhtml|bestof|Game 1 of a best-of-3
|t:|1784110665
|gametype|doubles
|player|p1|chocokoala vgc|benga|1244
|player|p2|Cloudyan|wallace|1225
|gen|9
|tier|[Gen 9 Champions] VGC 2026 Reg M-B (Bo3)
|rated|
|rule|Species Clause: Limit one of each Pokémon
|rule|Item Clause: Limit 1 of each item
|clearpoke
|poke|p1|Slowbro, L50, F|
|poke|p1|Appletun, L50, F|
|poke|p1|Incineroar, L50, M|
|poke|p1|Glimmora, L50, M|
|poke|p1|Ninetales-Alola, L50, M|
|poke|p1|Conkeldurr, L50, F|
|poke|p2|Archaludon, L50, M|
|poke|p2|Grimmsnarl, L50, M|
|poke|p2|Raichu, L50, F, shiny|
|poke|p2|Venusaur, L50, M|
|poke|p2|Pelipper, L50, F, shiny|
|poke|p2|Gholdengo, L50|
|teampreview|4
|showteam|p1|Slowbro||Slowbronite|Regenerator|Psychic,Scald,Protect,TrickRoom|Modest||F|||50|]Appletun||Leftovers|ThickFat|AppleAcid,DragonPulse,Protect,LeechSeed|Sassy||F|||50|]Incineroar||SitrusBerry|Intimidate|FakeOut,PartingShot,FlareBlitz,DarkestLariat|Careful||M|||50|]Glimmora||Glimmoranite|ToxicDebris|PowerGem,SludgeBomb,SpikyShield,EarthPower|Timid||M|||50|]Ninetales-Alola||LightClay|SnowWarning|Blizzard,Moonblast,Protect,AuroraVeil|Timid||M|||50|]Conkeldurr||LifeOrb|IronFist|MachPunch,DrainPunch,Protect,KnockOff|Brave||F|||50|
|showteam|p2|Archaludon||Leftovers|Stamina|FlashCannon,DragonPulse,ElectroShot,Protect|Calm||M|||50|]Grimmsnarl||LightClay|Prankster|SpiritBreak,LightScreen,Reflect,PartingShot|Careful||M|||50|]Raichu||RaichuniteY|LightningRod|ZapCannon,FocusBlast,Protect,FakeOut|Timid||F|||50|]Venusaur||Venusaurite|Chlorophyll|GigaDrain,SludgeBomb,EarthPower,Protect|Modest||M|||50|]Pelipper||SitrusBerry|Drizzle|Hurricane,WeatherBall,Tailwind,WideGuard|Bold||F|||50|]Gholdengo||LifeOrb|GoodasGold|MakeItRain,ShadowBall,NastyPlot,Protect|Modest|||||50|
|inactive|Battle timer is ON: inactive players will automatically lose when time's up. (requested by Cloudyan)
|inactive|chocokoala vgc also wants the timer to be on.
|inactive|chocokoala vgc has 60 seconds left.
|inactive|Cloudyan has 60 seconds left.
|inactive|Cloudyan has 30 seconds left.
|
|t:|1784110726
|teamsize|p1|4
|teamsize|p2|4
|start
|switch|p1a: Incineroar|Incineroar, L50, M|100/100
|switch|p1b: Conkeldurr|Conkeldurr, L50, F|100/100
|switch|p2a: Raichu|Raichu, L50, F, shiny|100/100
|switch|p2b: Grimmsnarl|Grimmsnarl, L50, M|100/100
|-ability|p1a: Incineroar|Intimidate|boost
|-unboost|p2a: Raichu|atk|1
|-unboost|p2b: Grimmsnarl|atk|1
|turn|1
|
|t:|1784110744
|switch|p1b: Slowbro|Slowbro, L50, F|100/100
|detailschange|p2a: Raichu|Raichu-Mega-Y, L50, F, shiny
|-mega|p2a: Raichu|Raichu|Raichunite Y
|move|p2a: Raichu|Fake Out|p1a: Incineroar
|-damage|p1a: Incineroar|94/100
|cant|p1a: Incineroar|flinch
|move|p2b: Grimmsnarl|Spirit Break|p1b: Slowbro
|-damage|p1b: Slowbro|83/100
|-unboost|p1b: Slowbro|spa|1
|
|upkeep
|turn|2
|inactive|Cloudyan has 30 seconds left.
|
|t:|1784110777
|move|p1b: Slowbro|Protect|p1b: Slowbro
|-singleturn|p1b: Slowbro|Protect
|move|p2a: Raichu|Zap Cannon|p1b: Slowbro
|-activate|p1b: Slowbro|move: Protect
|move|p1a: Incineroar|Flare Blitz|p2a: Raichu
|-damage|p2a: Raichu|34/100
|-damage|p1a: Incineroar|76/100|[from] Recoil
|move|p2b: Grimmsnarl|Spirit Break|p1b: Slowbro
|-activate|p1b: Slowbro|move: Protect
|
|upkeep
|turn|3
|
|t:|1784110793
|-heal|p1b: Slowbro|100/100|[from] ability: Regenerator|[silent]
|switch|p1b: Appletun|Appletun, L50, F|100/100
|move|p2b: Grimmsnarl|Reflect|p2b: Grimmsnarl
|-sidestart|p2: Cloudyan|Reflect
|move|p2a: Raichu|Zap Cannon|p1b: Appletun
|-resisted|p1b: Appletun|2
|-damage|p1b: Appletun|88/100
|-status|p1b: Appletun|par
|move|p1a: Incineroar|Flare Blitz|p2a: Raichu
|-damage|p2a: Raichu|0 fnt
|faint|p2a: Raichu
|-damage|p1a: Incineroar|67/100|[from] Recoil
|
|-heal|p1b: Appletun|94/100 par|[from] item: Leftovers
|upkeep
|
|t:|1784110815
|switch|p2a: Archaludon|Archaludon, L50, M|100/100
|turn|4
|
|t:|1784110837
|switch|p2b: Pelipper|Pelipper, L50, F, shiny|100/100
|-weather|RainDance|[from] ability: Drizzle|[of] p2b: Pelipper
|move|p2a: Archaludon|Electro Shot||[still]
|-prepare|p2a: Archaludon|Electro Shot
|-boost|p2a: Archaludon|spa|1
|-anim|p2a: Archaludon|Electro Shot|p1a: Incineroar
|-damage|p1a: Incineroar|25/100
|-enditem|p1a: Incineroar|Sitrus Berry|[eat]
|-heal|p1a: Incineroar|50/100g|[from] item: Sitrus Berry
|move|p1a: Incineroar|Parting Shot|p2a: Archaludon
|-unboost|p2a: Archaludon|atk|1
|-unboost|p2a: Archaludon|spa|1
|
|t:|1784110853
|switch|p1a: Conkeldurr|Conkeldurr, L50, F|100/100|[from] Parting Shot
|move|p1b: Appletun|Leech Seed|p2a: Archaludon
|-start|p2a: Archaludon|move: Leech Seed
|
|-weather|RainDance|[upkeep]
|-heal|p1b: Appletun|100/100 par|[from] item: Leftovers
|-damage|p2a: Archaludon|87/100|[from] Leech Seed|[of] p1b: Appletun
|upkeep
|turn|5
|
|t:|1784110868
|switch|p2a: Grimmsnarl|Grimmsnarl, L50, M|100/100
|move|p1a: Conkeldurr|Protect|p1a: Conkeldurr
|-singleturn|p1a: Conkeldurr|Protect
|move|p2b: Pelipper|Hurricane|p1a: Conkeldurr
|-activate|p1a: Conkeldurr|move: Protect
|move|p1b: Appletun|Apple Acid|p2b: Pelipper
|-damage|p2b: Pelipper|66/100
|-unboost|p2b: Pelipper|spd|1
|
|-weather|RainDance|[upkeep]
|upkeep
|turn|6
|
|t:|1784110884
|switch|p1a: Slowbro|Slowbro, L50, F|100/100
|move|p2a: Grimmsnarl|Reflect||[still]
|-fail|p2a: Grimmsnarl
|move|p2b: Pelipper|Hurricane|p1a: Slowbro
|-damage|p1a: Slowbro|68/100
|move|p1b: Appletun|Apple Acid|p2b: Pelipper
|-crit|p2b: Pelipper
|-damage|p2b: Pelipper|0 fnt
|faint|p2b: Pelipper
|
|-weather|RainDance|[upkeep]
|upkeep
|
|t:|1784110895
|switch|p2b: Archaludon|Archaludon, L50, M|87/100
|turn|7
|
|t:|1784110902
|move|p1a: Slowbro|Protect|p1a: Slowbro
|-singleturn|p1a: Slowbro|Protect
|move|p2b: Archaludon|Electro Shot||[still]
|-prepare|p2b: Archaludon|Electro Shot
|-boost|p2b: Archaludon|spa|1
|-anim|p2b: Archaludon|Electro Shot|p1a: Slowbro
|-activate|p1a: Slowbro|move: Protect
|move|p2a: Grimmsnarl|Spirit Break|p1b: Appletun
|-supereffective|p1b: Appletun|1
|-damage|p1b: Appletun|52/100 par
|-unboost|p1b: Appletun|spa|1
|move|p1b: Appletun|Leech Seed|p2b: Archaludon
|-start|p2b: Archaludon|move: Leech Seed
|
|-weather|RainDance|[upkeep]
|-heal|p2b: Archaludon|93/100|[from] item: Leftovers
|-heal|p1b: Appletun|58/100 par|[from] item: Leftovers
|-damage|p2b: Archaludon|81/100|[from] Leech Seed|[of] p1b: Appletun
|-heal|p1b: Appletun|69/100 par|[silent]
|upkeep
|turn|8
|
|t:|1784110925
|-heal|p1a: Slowbro|100/100|[from] ability: Regenerator|[silent]
|switch|p1a: Incineroar|Incineroar, L50, M|50/100g
|-ability|p1a: Incineroar|Intimidate|boost
|-unboost|p2a: Grimmsnarl|atk|1
|-unboost|p2b: Archaludon|atk|1
|move|p1b: Appletun|Protect|p1b: Appletun
|-singleturn|p1b: Appletun|Protect
|move|p2b: Archaludon|Electro Shot||[still]
|-prepare|p2b: Archaludon|Electro Shot
|-boost|p2b: Archaludon|spa|1
|-anim|p2b: Archaludon|Electro Shot|p1a: Incineroar
|-crit|p1a: Incineroar
|-damage|p1a: Incineroar|0 fnt
|faint|p1a: Incineroar
|move|p2a: Grimmsnarl|Spirit Break|p1b: Appletun
|-activate|p1b: Appletun|move: Protect
|
|-weather|none
|-heal|p2b: Archaludon|87/100|[from] item: Leftovers
|-heal|p1b: Appletun|75/100 par|[from] item: Leftovers
|-damage|p2b: Archaludon|75/100|[from] Leech Seed|[of] p1b: Appletun
|-heal|p1b: Appletun|86/100 par|[silent]
|upkeep
|
|t:|1784110945
|switch|p1a: Slowbro|Slowbro, L50, F|100/100
|turn|9
|
|t:|1784110963
|detailschange|p1a: Slowbro|Slowbro-Mega, L50, F
|-mega|p1a: Slowbro|Slowbro|Slowbronite
|move|p2b: Archaludon|Dragon Pulse|p1b: Appletun
|-supereffective|p1b: Appletun|1
|-damage|p1b: Appletun|0 fnt
|faint|p1b: Appletun
|move|p2a: Grimmsnarl|Spirit Break|p1a: Slowbro
|-damage|p1a: Slowbro|90/100
|-unboost|p1a: Slowbro|spa|1
|move|p1a: Slowbro|Trick Room|p1a: Slowbro
|-fieldstart|move: Trick Room|[of] p1a: Slowbro
|
|-heal|p2b: Archaludon|81/100|[from] item: Leftovers
|upkeep
|
|t:|1784110975
|switch|p1b: Conkeldurr|Conkeldurr, L50, F|100/100
|turn|10
|
|t:|1784110985
|move|p1b: Conkeldurr|Protect|p1b: Conkeldurr
|-singleturn|p1b: Conkeldurr|Protect
|move|p2b: Archaludon|Protect|p2b: Archaludon
|-singleturn|p2b: Archaludon|Protect
|move|p1a: Slowbro|Scald|p2a: Grimmsnarl
|-damage|p2a: Grimmsnarl|76/100
|-status|p2a: Grimmsnarl|brn
|move|p2a: Grimmsnarl|Spirit Break|p1b: Conkeldurr
|-activate|p1b: Conkeldurr|move: Protect
|
|-heal|p2b: Archaludon|87/100|[from] item: Leftovers
|-damage|p2b: Archaludon|75/100|[from] Leech Seed|[of] p1b: Conkeldurr
|-damage|p2a: Grimmsnarl|70/100 brn|[from] brn
|-sideend|p2: Cloudyan|Reflect
|upkeep
|turn|11
|
|t:|1784111007
|move|p2a: Grimmsnarl|Reflect|p2a: Grimmsnarl
|-sidestart|p2: Cloudyan|Reflect
|move|p1a: Slowbro|Scald|p2a: Grimmsnarl
|-damage|p2a: Grimmsnarl|49/100 brn
|move|p1b: Conkeldurr|Drain Punch|p2b: Archaludon
|-supereffective|p2b: Archaludon|1
|-damage|p2b: Archaludon|3/100
|-ability|p2b: Archaludon|Stamina|boost
|-boost|p2b: Archaludon|def|1
|-damage|p1b: Conkeldurr|90/100|[from] item: Life Orb
|move|p2b: Archaludon|Electro Shot||[still]
|-prepare|p2b: Archaludon|Electro Shot
|-boost|p2b: Archaludon|spa|1
|
|-heal|p2b: Archaludon|9/100|[from] item: Leftovers
|-damage|p2b: Archaludon|0 fnt|[from] Leech Seed|[of] p1b: Conkeldurr
|-heal|p1b: Conkeldurr|99/100|[silent]
|faint|p2b: Archaludon
|-damage|p2a: Grimmsnarl|43/100 brn|[from] brn
|upkeep
|turn|12
|
|t:|1784111027
|move|p1a: Slowbro|Scald|p2a: Grimmsnarl
|-damage|p2a: Grimmsnarl|22/100 brn
|move|p1b: Conkeldurr|Drain Punch|p2a: Grimmsnarl
|-damage|p2a: Grimmsnarl|0 fnt
|-heal|p1b: Conkeldurr|100/100|[from] drain|[of] p2a: Grimmsnarl
|faint|p2a: Grimmsnarl
|-damage|p1b: Conkeldurr|90/100|[from] item: Life Orb
|
|win|chocokoala vgc
