|j|☆supahsanti
|j|☆Dysi2404
|html|supahsantiDysi2404    
|uhtml|bestof|Game 1 of a best-of-3
|t:|1783868490
|gametype|doubles
|player|p1|supahsanti|clerk-boss|
|player|p2|Dysi2404|#apismogoni|
|gen|9
|tier|[Gen 9 Champions] VGC 2026 Reg M-B (Bo3)
|rule|Species Clause: Limit one of each Pokémon
|rule|Item Clause: Limit 1 of each item
|clearpoke
|poke|p1|Charizard, L50, F|
|poke|p1|Garchomp, L50, F|
|poke|p1|Mamoswine, L50, F|
|poke|p1|Venusaur, L50, M|
|poke|p1|Incineroar, L50, F|
|poke|p1|Toxapex, L50, F|
|poke|p2|Charizard, L50, F|
|poke|p2|Venusaur, L50, M|
|poke|p2|Grimmsnarl, L50, M|
|poke|p2|Archaludon, L50, M|
|poke|p2|Pelipper, L50, M|
|poke|p2|Basculegion, L50, M|
|teampreview|4
|showteam|p1|Charizard||CharizarditeY|Blaze|Protect,WeatherBall,HelpingHand,HeatWave|Modest||F|||50|]Garchomp||ChoiceScarf|RoughSkin|RockSlide,Earthquake,StompingTantrum,DragonClaw|Adamant||F|||50|]Mamoswine||FocusSash|Oblivious|Protect,HighHorsepower,RockTomb,IceShard|Jolly||F|||50|]Venusaur||LifeOrb|Chlorophyll|Protect,LeafStorm,SludgeBomb,EarthPower|Modest||M|||50|]Incineroar||SitrusBerry|Intimidate|FlareBlitz,FakeOut,ThroatChop,PartingShot|Impish||F|||50|]Toxapex||Leftovers|Regenerator|BanefulBunker,Toxic,Infestation,WideGuard|Bold||F|||50|
|showteam|p2|Charizard||CharizarditeY|Blaze|HeatWave,WeatherBall,Hurricane,Protect|Modest||F|||50|]Venusaur||Venusaurite|Chlorophyll|GigaDrain,SludgeBomb,EarthPower,SleepPowder|Modest||M|||50|]Grimmsnarl||LightClay|Prankster|SpiritBreak,PartingShot,Reflect,LightScreen|Careful||M|||50|]Archaludon||Leftovers|Stamina|ElectroShot,DragonPulse,FlashCannon,Protect|Modest||M|||50|]Pelipper||SitrusBerry|Drizzle|WeatherBall,Hurricane,Tailwind,WideGuard|Modest||M|||50|]Basculegion||ChoiceScarf|Adaptability|WaveCrash,FlipTurn,AquaJet,LastRespects|Jolly||M|||50|
|c|☆Dysi2404|glhf
|c|☆supahsanti|glhf
|j| big flex chef
|j| YOASOBI stan
|j| val16
|j| abhayfive
|j| Daneci
|j| Mogo
|j| Naniroma
|j| A Regu1ar Guy
|j| pipppo
|j| kakunaka
|j| skittycel
|l| A Regu1ar Guy
|j| Justified Joe
|j| zombie
|l| Daneci
|j| A Regu1ar Guy
|
|t:|1783868637
|teamsize|p1|4
|teamsize|p2|4
|start
|switch|p1a: Charizard|Charizard, L50, F|100/100
|switch|p1b: Mamoswine|Mamoswine, L50, F|100/100
|switch|p2a: Grimmsnarl|Grimmsnarl, L50, M|100/100
|switch|p2b: Charizard|Charizard, L50, F|100/100
|turn|1
|j| Daneci
|l| skittycel
|j| skittycel
|j| hhomashonami
|l| A Regu1ar Guy
|j| A Regu1ar Guy
|
|t:|1783868681
|detailschange|p1a: Charizard|Charizard-Mega-Y, L50, F
|-mega|p1a: Charizard|Charizard|Charizardite Y
|-weather|SunnyDay|[from] ability: Drought|[of] p1a: Charizard
|move|p2b: Charizard|Protect|p2b: Charizard
|-singleturn|p2b: Charizard|Protect
|move|p2a: Grimmsnarl|Light Screen|p2a: Grimmsnarl
|-sidestart|p2: Dysi2404|move: Light Screen
|move|p1a: Charizard|Heat Wave|p2a: Grimmsnarl|[spread] p2a
|-activate|p2b: Charizard|move: Protect
|-damage|p2a: Grimmsnarl|65/100
|move|p1b: Mamoswine|Rock Tomb|p2b: Charizard
|-activate|p2b: Charizard|move: Protect
|
|-weather|SunnyDay|[upkeep]
|upkeep
|turn|2
|j| thacrow
|l| hhomashonami
|
|t:|1783868725
|switch|p2b: Archaludon|Archaludon, L50, M|100/100
|move|p2a: Grimmsnarl|Reflect|p2a: Grimmsnarl
|-sidestart|p2: Dysi2404|Reflect
|move|p1a: Charizard|Weather Ball|p2b: Archaludon
|-damage|p2b: Archaludon|42/100
|-ability|p2b: Archaludon|Stamina|boost
|-boost|p2b: Archaludon|def|1
|move|p1b: Mamoswine|Rock Tomb|p2b: Archaludon
|-resisted|p2b: Archaludon|1
|-damage|p2b: Archaludon|38/100
|-unboost|p2b: Archaludon|spe|1
|-ability|p2b: Archaludon|Stamina|boost
|-boost|p2b: Archaludon|def|1
|
|-weather|SunnyDay|[upkeep]
|-heal|p2b: Archaludon|44/100|[from] item: Leftovers
|upkeep
|turn|3
|l| A Regu1ar Guy
|
|t:|1783868767
|switch|p1a: Garchomp|Garchomp, L50, F|100/100
|switch|p2a: Pelipper|Pelipper, L50, M|100/100
|-weather|RainDance|[from] ability: Drizzle|[of] p2a: Pelipper
|move|p2b: Archaludon|Protect|p2b: Archaludon
|-singleturn|p2b: Archaludon|Protect
|move|p1b: Mamoswine|High Horsepower|p2b: Archaludon
|-activate|p2b: Archaludon|move: Protect
|
|-weather|RainDance|[upkeep]
|-heal|p2b: Archaludon|50/100g|[from] item: Leftovers
|upkeep
|turn|4
|j| Carneyasada
|j| SeaWolfMikes
|l| SeaWolfMikes
|
|t:|1783868852
|switch|p1a: Charizard|Charizard-Mega-Y, L50, F|100/100
|-weather|SunnyDay|[from] ability: Drought|[of] p1a: Charizard
|switch|p2b: Charizard|Charizard, L50, F|100/100
|move|p1b: Mamoswine|High Horsepower|p2b: Charizard
|-immune|p2b: Charizard
|move|p2a: Pelipper|Tailwind|p2a: Pelipper
|-sidestart|p2: Dysi2404|move: Tailwind
|
|-weather|SunnyDay|[upkeep]
|upkeep
|turn|5
|
|t:|1783868906
|switch|p1a: Garchomp|Garchomp, L50, F|100/100
|detailschange|p2b: Charizard|Charizard-Mega-Y, L50, F
|-mega|p2b: Charizard|Charizard|Charizardite Y
|move|p1b: Mamoswine|Protect|p1b: Mamoswine
|-singleturn|p1b: Mamoswine|Protect
|move|p2b: Charizard|Heat Wave|p1b: Mamoswine|[spread] 
|-activate|p1b: Mamoswine|move: Protect
|-miss|p2b: Charizard|p1a: Garchomp
|move|p2a: Pelipper|Weather Ball|p1b: Mamoswine
|-activate|p1b: Mamoswine|move: Protect
|
|-weather|SunnyDay|[upkeep]
|upkeep
|turn|6
|j| A Regu1ar Guy
|
|t:|1783868954
|switch|p2a: Archaludon|Archaludon, L50, M|50/100g
|move|p2b: Charizard|Heat Wave|p1a: Garchomp|[spread] p1a
|-miss|p2b: Charizard|p1b: Mamoswine
|-resisted|p1a: Garchomp|1
|-damage|p1a: Garchomp|65/100
|move|p1a: Garchomp|Rock Slide|p2a: Archaludon|[spread] p2a,p2b
|-resisted|p2a: Archaludon|1
|-crit|p2a: Archaludon
|-supereffective|p2b: Charizard|2
|-damage|p2a: Archaludon|37/100
|-damage|p2b: Charizard|39/100
|-ability|p2a: Archaludon|Stamina|boost
|-boost|p2a: Archaludon|def|1
|move|p1b: Mamoswine|Rock Tomb|p2b: Charizard
|-supereffective|p2b: Charizard|2
|-damage|p2b: Charizard|0 fnt
|faint|p2b: Charizard
|
|-weather|SunnyDay|[upkeep]
|-heal|p2a: Archaludon|44/100|[from] item: Leftovers
|upkeep
|
|t:|1783868979
|switch|p2b: Grimmsnarl|Grimmsnarl, L50, M|65/100
|turn|7
|j|+radio free c-side
|l| pipppo
|
|t:|1783869018
|move|p1a: Garchomp|Rock Slide|p2b: Grimmsnarl|[spread] p2b
|-miss|p1a: Garchomp|p2a: Archaludon
|-damage|p2b: Grimmsnarl|50/100g
|move|p2a: Archaludon|Dragon Pulse|p1a: Garchomp
|-supereffective|p1a: Garchomp|1
|-damage|p1a: Garchomp|0 fnt
|faint|p1a: Garchomp
|move|p2b: Grimmsnarl|Spirit Break|p1b: Mamoswine
|-damage|p1b: Mamoswine|64/100
|-unboost|p1b: Mamoswine|spa|1
|move|p1b: Mamoswine|High Horsepower|p2a: Archaludon
|-supereffective|p2a: Archaludon|1
|-damage|p2a: Archaludon|10/100
|-ability|p2a: Archaludon|Stamina|boost
|-boost|p2a: Archaludon|def|1
|
|-weather|SunnyDay|[upkeep]
|-heal|p2a: Archaludon|16/100|[from] item: Leftovers
|-sideend|p2: Dysi2404|move: Tailwind
|upkeep
|
|t:|1783869030
|switch|p1a: Venusaur|Venusaur, L50, M|100/100
|turn|8
|
|t:|1783869079
|move|p2a: Archaludon|Protect|p2a: Archaludon
|-singleturn|p2a: Archaludon|Protect
|move|p2b: Grimmsnarl|Parting Shot|p1a: Venusaur
|-unboost|p1a: Venusaur|atk|1
|-unboost|p1a: Venusaur|spa|1
|
|t:|1783869083
|switch|p2b: Pelipper|Pelipper, L50, M|100/100|[from] Parting Shot
|-weather|RainDance|[from] ability: Drizzle|[of] p2b: Pelipper
|move|p1b: Mamoswine|High Horsepower|p2a: Archaludon
|-activate|p2a: Archaludon|move: Protect
|move|p1a: Venusaur|Sludge Bomb|p2b: Pelipper
|-damage|p2b: Pelipper|72/100
|-damage|p1a: Venusaur|90/100|[from] item: Life Orb
|
|-weather|RainDance|[upkeep]
|-heal|p2a: Archaludon|23/100|[from] item: Leftovers
|-sideend|p2: Dysi2404|move: Light Screen
|upkeep
|turn|9
|
|t:|1783869102
|switch|p1a: Charizard|Charizard-Mega-Y, L50, F|100/100
|-weather|SunnyDay|[from] ability: Drought|[of] p1a: Charizard
|switch|p2a: Grimmsnarl|Grimmsnarl, L50, M|50/100g
|move|p1b: Mamoswine|High Horsepower|p2a: Grimmsnarl
|-damage|p2a: Grimmsnarl|15/100
|move|p2b: Pelipper|Tailwind|p2b: Pelipper
|-sidestart|p2: Dysi2404|move: Tailwind
|
|-weather|SunnyDay|[upkeep]
|-sideend|p2: Dysi2404|Reflect
|upkeep
|turn|10
|l| Carneyasada
|
|t:|1783869153
|move|p2a: Grimmsnarl|Light Screen|p2a: Grimmsnarl
|-sidestart|p2: Dysi2404|move: Light Screen
|move|p1b: Mamoswine|Ice Shard|p2a: Grimmsnarl
|-damage|p2a: Grimmsnarl|0 fnt
|faint|p2a: Grimmsnarl
|move|p2b: Pelipper|Weather Ball|p1b: Mamoswine
|-supereffective|p1b: Mamoswine|1
|-damage|p1b: Mamoswine|0 fnt
|faint|p1b: Mamoswine
|move|p1a: Charizard|Weather Ball|p2b: Pelipper
|-resisted|p2b: Pelipper|1
|-damage|p2b: Pelipper|39/100
|-enditem|p2b: Pelipper|Sitrus Berry|[eat]
|-heal|p2b: Pelipper|63/100|[from] item: Sitrus Berry
|
|-weather|SunnyDay|[upkeep]
|upkeep
|
|t:|1783869163
|switch|p1b: Venusaur|Venusaur, L50, M|90/100
|switch|p2a: Archaludon|Archaludon, L50, M|23/100
|turn|11
|j| cablevgc
|
|t:|1783869222
|move|p1b: Venusaur|Protect|p1b: Venusaur
|-singleturn|p1b: Venusaur|Protect
|move|p2a: Archaludon|Dragon Pulse|p1a: Charizard
|-damage|p1a: Charizard|61/100
|move|p2b: Pelipper|Weather Ball|p1b: Venusaur
|-activate|p1b: Venusaur|move: Protect
|move|p1a: Charizard|Weather Ball|p2b: Pelipper
|-resisted|p2b: Pelipper|1
|-damage|p2b: Pelipper|32/100
|
|-weather|SunnyDay|[upkeep]
|-heal|p2a: Archaludon|29/100|[from] item: Leftovers
|upkeep
|turn|12
|
|t:|1783869256
|move|p1a: Charizard|Helping Hand|p1b: Venusaur
|-singleturn|p1b: Venusaur|Helping Hand|[of] p1a: Charizard
|move|p1b: Venusaur|Sludge Bomb|p2b: Pelipper
|-damage|p2b: Pelipper|0 fnt
|faint|p2b: Pelipper
|-damage|p1b: Venusaur|80/100|[from] item: Life Orb
|move|p2a: Archaludon|Dragon Pulse|p1a: Charizard
|-damage|p1a: Charizard|24/100
|
|-weather|SunnyDay|[upkeep]
|-heal|p2a: Archaludon|35/100|[from] item: Leftovers
|-sideend|p2: Dysi2404|move: Tailwind
|upkeep
|turn|13
|
|t:|1783869267
|move|p1b: Venusaur|Earth Power|p2a: Archaludon
|-supereffective|p2a: Archaludon|1
|-damage|p2a: Archaludon|0 fnt
|faint|p2a: Archaludon
|-damage|p1b: Venusaur|71/100|[from] item: Life Orb
|
|win|supahsanti
||Dysi2404 is ready for game 2.
||supahsanti is ready for game 2.
|uhtml|next|Next: Game 2 of 3
|j| sap sipper farig
|l| cablevgc
|j| cablevgc
|l| zombie
|l| YOASOBI stan
|l| thacrow
|j| zombie
|l| abhayfive
|l| val16
|l| Daneci
|l|+radio free c-side
|j| CICCIOTT fan
|j| WhimVGC
|j| Code
|l| CICCIOTT fan
|l| kakunaka
|j| marcofiero
|j| k0nqueror
|j| mm2 m-b
|l| cablevgc
|l| skittycel
|j| Daneci
|l| Daneci
|j| sohaib
|l| Naniroma
|l| Mogo
|l| k0nqueror
|l| sohaib
|l| zombie
|l| Justified Joe
|l| mm2 m-b
|l| sap sipper farig
|l|☆supahsanti
|player|p1|
|l| A Regu1ar Guy
|j|☆supahsanti
|player|p1|supahsanti|clerk-boss|
