|j|ÔÿåBenBen84
|j|ÔÿåI love bo3
|html|BenBen84I love bo3    
|uhtml|bestof|Game 3 of a best-of-3
|t:|1785421875
|gametype|doubles
|player|p1|BenBen84|266|
|player|p2|I love bo3|perrin|
|gen|9
|tier|[Gen 9 Champions] VGC 2026 Reg M-B (Bo3)
|rule|Species Clause: Limit one of each Pok├®mon
|rule|Item Clause: Limit 1 of each item
|clearpoke
|poke|p1|Delphox, L50, F, shiny|
|poke|p1|Floette-Eternal, L50, F|
|poke|p1|Incineroar, L50, F, shiny|
|poke|p1|Sinistcha, L50, shiny|
|poke|p1|Sneasler, L50, F, shiny|
|poke|p1|Kingambit, L50, F, shiny|
|poke|p2|Staraptor, L50, M, shiny|
|poke|p2|Charizard, L50, M, shiny|
|poke|p2|Garchomp, L50, M, shiny|
|poke|p2|Gholdengo, L50|
|poke|p2|Whimsicott, L50, F, shiny|
|poke|p2|Rotom-Wash, L50|
|teampreview|4
|showteam|p1|Delphox||Delphoxite|Blaze|HeatWave,Psyshock,NastyPlot,Protect|Timid||F|||50|]Floette-Eternal||Floettite|FlowerVeil|DazzlingGleam,DrainingKiss,CalmMind,Protect|Timid||F|||50|]Incineroar||SitrusBerry|Intimidate|FlareBlitz,HelpingHand,PartingShot,FakeOut|Impish||F|||50|]Sinistcha||OccaBerry|Hospitality|MatchaGotcha,TrickRoom,RagePowder,Protect|Bold|||||50|]Sneasler||FocusSash|PoisonTouch|DireClaw,CloseCombat,FakeOut,QuickGuard|Jolly||F|||50|]Kingambit||BlackGlasses|Defiant|KowtowCleave,SuckerPunch,SwordsDance,Protect|Adamant||F|||50|
|showteam|p2|Staraptor||Staraptite|Intimidate|CloseCombat,DualWingbeat,Roost,Protect|Jolly||M|||50|]Charizard||CharizarditeY|Blaze|WeatherBall,HeatWave,SolarBeam,Protect|Modest||M|||50|]Garchomp||LifeOrb|RoughSkin|Earthquake,DragonClaw,RockSlide,Protect|Jolly||M|||50|]Gholdengo||SpellTag|GoodasGold|MakeItRain,ShadowBall,NastyPlot,Protect|Modest|||||50|]Whimsicott||FocusSash|Prankster|Moonblast,Charm,Tailwind,Protect|Timid||F|||50|]Rotom-Wash||ChoiceScarf|Levitate|HydroPump,VoltSwitch,Electroweb,WillOWisp|Timid|||||50|
|j| Manimo_1126
|j| PaparaEX
|c|ÔÿåBenBen84|ÚØáÞ│¢
|c| PaparaEX|Þ╝òÚ¼åÞç¬Õ£¿
|
|t:|1785421915
|teamsize|p1|4
|teamsize|p2|4
|start
|switch|p1a: Floette|Floette-Eternal, L50, F|100/100
|switch|p1b: Sneasler|Sneasler, L50, F, shiny|100/100
|switch|p2a: Charizard|Charizard, L50, M, shiny|100/100
|switch|p2b: Rotom|Rotom-Wash, L50|100/100
|turn|1
|
|t:|1785421931
|detailschange|p1a: Floette|Floette-Mega, L50, F
|-mega|p1a: Floette|Floette|Floettite
|-ability|p1a: Floette|Fairy Aura
|detailschange|p2a: Charizard|Charizard-Mega-Y, L50, M, shiny
|-mega|p2a: Charizard|Charizard|Charizardite Y
|-weather|SunnyDay|[from] ability: Drought|[of] p2a: Charizard
|move|p1b: Sneasler|Fake Out|p2b: Rotom
|-damage|p2b: Rotom|81/100
|cant|p2b: Rotom|flinch
|move|p1a: Floette|Calm Mind|p1a: Floette
|-boost|p1a: Floette|spa|1
|-boost|p1a: Floette|spd|1
|move|p2a: Charizard|Heat Wave|p1b: Sneasler|[spread] p1a,p1b
|-damage|p1a: Floette|67/100
|-damage|p1b: Sneasler|12/100
|-status|p1b: Sneasler|brn
|
|-weather|SunnyDay|[upkeep]
|-damage|p1b: Sneasler|6/100 brn|[from] brn
|upkeep
|turn|2
|
|t:|1785421955
|move|p2b: Rotom|Electroweb|p1a: Floette|[spread] p1a,p1b
|-damage|p1a: Floette|59/100
|-damage|p1b: Sneasler|0 fnt
|-unboost|p1a: Floette|spe|1
|faint|p1b: Sneasler
|move|p2a: Charizard|Heat Wave|p1a: Floette
|-damage|p1a: Floette|15/100
|-status|p1a: Floette|brn
|move|p1a: Floette|Draining Kiss|p2b: Rotom
|-damage|p2b: Rotom|24/100
|-heal|p1a: Floette|54/100 brn|[from] drain|[of] p2b: Rotom
|
|-weather|SunnyDay|[upkeep]
|-damage|p1a: Floette|49/100 brn|[from] brn
|upkeep
|c|ÔÿåBenBen84|??
|c| Manimo_1126|´╝ü
|
|t:|1785421972
|switch|p1b: Incineroar|Incineroar, L50, F, shiny|100/100
|-ability|p1b: Incineroar|Intimidate|boost
|-unboost|p2a: Charizard|atk|1
|-unboost|p2b: Rotom|atk|1
|turn|3
|c| Manimo_1126|´╝ƒ
|j| Jason0103
|j| zuutokei2
|
|t:|1785421994
|move|p1b: Incineroar|Fake Out|p2a: Charizard
|-damage|p2a: Charizard|89/100
|move|p2b: Rotom|Electroweb|p1b: Incineroar|[spread] p1a,p1b
|-damage|p1a: Floette|39/100 brn
|-damage|p1b: Incineroar|86/100
|-unboost|p1a: Floette|spe|1
|-unboost|p1b: Incineroar|spe|1
|cant|p2a: Charizard|flinch
|move|p1a: Floette|Draining Kiss|p2b: Rotom
|-damage|p2b: Rotom|0 fnt
|-heal|p1a: Floette|55/100 brn|[from] drain|[of] p2b: Rotom
|faint|p2b: Rotom
|
|-weather|SunnyDay|[upkeep]
|-damage|p1a: Floette|50/100g brn|[from] brn
|upkeep
|
|t:|1785422001
|switch|p2b: Garchomp|Garchomp, L50, M, shiny|100/100
|turn|4
|
|t:|1785422016
|move|p1a: Floette|Protect|p1a: Floette
|-singleturn|p1a: Floette|Protect
|move|p2b: Garchomp|Earthquake|p1a: Floette|[spread] p1b
|-activate|p1a: Floette|move: Protect
|-immune|p2a: Charizard
|-supereffective|p1b: Incineroar|1
|-crit|p1b: Incineroar
|-damage|p1b: Incineroar|0 fnt
|faint|p1b: Incineroar
|-damage|p2b: Garchomp|90/100|[from] item: Life Orb
|move|p2a: Charizard|Heat Wave|p1a: Floette
|-activate|p1a: Floette|move: Protect
|
|-weather|SunnyDay|[upkeep]
|-damage|p1a: Floette|44/100 brn|[from] brn
|upkeep
|c| PaparaEX|þçÆ! þÜçÕ«ñµê░þê¡!
|
|t:|1785422030
|switch|p1b: Kingambit|Kingambit, L50, F, shiny|100/100
|turn|5
|
|t:|1785422037
|move|p1a: Floette|Protect||[still]
|-fail|p1a: Floette
|move|p1b: Kingambit|Protect|p1b: Kingambit
|-singleturn|p1b: Kingambit|Protect
|move|p2b: Garchomp|Earthquake|p1a: Floette|[spread] p1a
|-activate|p1b: Kingambit|move: Protect
|-immune|p2a: Charizard
|-damage|p1a: Floette|0 fnt
|faint|p1a: Floette
|-damage|p2b: Garchomp|80/100|[from] item: Life Orb
|move|p2a: Charizard|Heat Wave|p1b: Kingambit
|-activate|p1b: Kingambit|move: Protect
|
|-weather|none
|upkeep
|turn|6
|c|ÔÿåBenBen84|??
|
|t:|1785422055
|move|p1b: Kingambit|Sucker Punch|p2a: Charizard
|-damage|p2a: Charizard|34/100
|move|p2b: Garchomp|Earthquake|p1b: Kingambit|[spread] p1b
|-immune|p2a: Charizard
|-supereffective|p1b: Kingambit|1
|-damage|p1b: Kingambit|27/100
|-damage|p2b: Garchomp|71/100|[from] item: Life Orb
|move|p2a: Charizard|Heat Wave|p1b: Kingambit
|-supereffective|p1b: Kingambit|1
|-damage|p1b: Kingambit|0 fnt
|faint|p1b: Kingambit
|
|win|I love bo3
|c| Manimo_1126|õ©ëÕ░Å
|c| PaparaEX|ÕåáÞ╗ìµ¬öµ¼íÚâ¢þö¿Õ£¿ÚÇÖÕá┤õ║åµÿ»ÕÉº
|c|ÔÿåBenBen84|ÚØáÞ│¢µêÉÚÇÖµ¿úµêæþÄ®Úùó
|l| Manimo_1126
|l|ÔÿåI love bo3
|player|p2|
|j|ÔÿåI love bo3
|player|p2|I love bo3|perrin|
