|j|☆jebensvgc
|j|☆Abelonche21
|html|jebensvgcAbelonche21    
|uhtml|bestof|Game 2 of a best-of-3
|t:|1757101471
|gametype|doubles
|player|p1|jebensvgc|hilbert-wonderlauncher|1048
|player|p2|Abelonche21|elesa-masters|1040
|gen|9
|tier|[Gen 9] VGC 2025 Reg H (Bo3)
|rated|
|rule|Species Clause: Limit one of each Pokémon
|rule|Item Clause: Limit 1 of each item
|clearpoke
|poke|p1|Sneasler, L50, F|
|poke|p1|Electabuzz, L50, M|
|poke|p1|Ursaluna-Bloodmoon, L50, M|
|poke|p1|Incineroar, L50, M|
|poke|p1|Talonflame, L50, M|
|poke|p1|Indeedee, L50, M|
|poke|p2|Porygon2, L50|
|poke|p2|Ursaluna, L50, F|
|poke|p2|Incineroar, L50, F|
|poke|p2|Yanmega, L50, F|
|poke|p2|Sneasler, L50, F|
|poke|p2|Archaludon, L50, M|
|teampreview|4
|showteam|p1|Sneasler||PsychicSeed|Unburden|Protect,ThroatChop,DireClaw,CloseCombat|||F|||50|,,,,,Dark]Electabuzz||Eviolite|VitalSpirit|Electroweb,FollowMe,Taunt,Protect|||M|||50|,,,,,Dragon]Ursaluna-Bloodmoon||LifeOrb|MindsEye|EarthPower,BloodMoon,Protect,HyperVoice|||M|||50|,,,,,Normal]Incineroar||SafetyGoggles|Intimidate|KnockOff,FlareBlitz,FakeOut,PartingShot|||M|||50|,,,,,Ghost]Talonflame||CovertCloak|GaleWings|DualWingbeat,Tailwind,WillOWisp,FlareBlitz|||M|||50|,,,,,Fairy]Indeedee||FocusSash|PsychicSurge|ExpandingForce,HelpingHand,TrickRoom,Protect|||M|||50|,,,,,Psychic
|showteam|p2|Porygon2||Eviolite|Download|TrickRoom,IceBeam,Recover,TeraBlast||||||50|,,,,,Flying]Ursaluna||FlameOrb|Guts|Protect,Facade,HeadlongRush,Earthquake|||F|||50|,,,,,Ghost]Incineroar||SafetyGoggles|Intimidate|FakeOut,PartingShot,KnockOff,FlareBlitz|||F|||50|,,,,,Ghost]Yanmega||FocusSash|SpeedBoost|AirSlash,BugBuzz,Tailwind,Detect|||F|||50|,,,,,Ghost]Sneasler||WhiteHerb|Unburden|Protect,CloseCombat,DireClaw,ThroatChop|||F|||50|,,,,,Stellar]Archaludon||PowerHerb|Stalwart|DragonPulse,ElectroShot,Protect,Thunderbolt|||M|||50|,,,,,Electric
|inactive|Battle timer is ON: inactive players will automatically lose when time's up. (requested by jebensvgc)
|inactive|jebensvgc has 60 seconds left.
|inactive|Abelonche21 has 60 seconds left.
|
|t:|1757101514
|teamsize|p1|4
|teamsize|p2|4
|start
|switch|p1a: Talonflame|Talonflame, L50, M|100/100
|switch|p1b: Sneasler|Sneasler, L50, F|100/100
|switch|p2a: Archaludon|Archaludon, L50, M|100/100
|switch|p2b: Porygon2|Porygon2, L50|100/100
|-ability|p2b: Porygon2|Download|boost
|-boost|p2b: Porygon2|atk|1
|turn|1
|inactive|jebensvgc has 30 seconds left.
|inactive|jebensvgc has 20 seconds left.
|inactive|jebensvgc has 15 seconds left.
|
|t:|1757101554
|move|p2a: Archaludon|Protect|p2a: Archaludon
|-singleturn|p2a: Archaludon|Protect
|move|p1a: Talonflame|Flare Blitz|p2b: Porygon2
|-damage|p2b: Porygon2|67/100
|-damage|p1a: Talonflame|87/100|[from] Recoil
|move|p1b: Sneasler|Dire Claw|p2b: Porygon2
|-damage|p2b: Porygon2|39/100
|-status|p2b: Porygon2|slp
|cant|p2b: Porygon2|slp
|
|upkeep
|turn|2
|
|t:|1757101578
|-terastallize|p2a: Archaludon|Electric
|move|p1a: Talonflame|Tailwind|p1a: Talonflame
|-sidestart|p1: jebensvgc|move: Tailwind
|move|p1b: Sneasler|Close Combat|p2a: Archaludon
|-damage|p2a: Archaludon|50/100
|-unboost|p1b: Sneasler|def|1
|-unboost|p1b: Sneasler|spd|1
|move|p2a: Archaludon|Electro Shot||[still]
|-prepare|p2a: Archaludon|Electro Shot
|-boost|p2a: Archaludon|spa|1
|-enditem|p2a: Archaludon|Power Herb
|-anim|p2a: Archaludon|Electro Shot|p1b: Sneasler
|-damage|p1b: Sneasler|0 fnt
|faint|p1b: Sneasler
|cant|p2b: Porygon2|slp
|
|upkeep
|
|t:|1757101591
|switch|p1b: Ursaluna|Ursaluna-Bloodmoon, L50, M|100/100
|turn|3
|
|t:|1757101612
|move|p1a: Talonflame|Flare Blitz|p2b: Porygon2
|-damage|p2b: Porygon2|4/100 slp
|-damage|p1a: Talonflame|72/100|[from] Recoil
|move|p1b: Ursaluna|Earth Power|p2a: Archaludon
|-supereffective|p2a: Archaludon
|-damage|p2a: Archaludon|0 fnt
|faint|p2a: Archaludon
|-damage|p1b: Ursaluna|91/100|[from] item: Life Orb
|-curestatus|p2b: Porygon2|slp|[msg]
|move|p2b: Porygon2|Trick Room|p2b: Porygon2
|-fieldstart|move: Trick Room|[of] p2b: Porygon2
|
|upkeep
|
|t:|1757101624
|switch|p2a: Ursaluna|Ursaluna, L50, F|100/100
|turn|4
|c|☆jebensvgc|how are you so lucky
|c|☆jebensvgc|its disgusting
|n|!Abelonche21|abelonche21
|inactive|Abelonche21 has 30 seconds left.
|inactive|Abelonche21 has 20 seconds left.
|inactive|Abelonche21 has 15 seconds left.
|
|t:|1757101668
|move|p2a: Ursaluna|Protect|p2a: Ursaluna
|-singleturn|p2a: Ursaluna|Protect
|move|p2b: Porygon2|Ice Beam|p1b: Ursaluna
|-supereffective|p1b: Ursaluna
|-damage|p1b: Ursaluna|29/100
|move|p1b: Ursaluna|Blood Moon|p2a: Ursaluna
|-activate|p2a: Ursaluna|move: Protect
|move|p1a: Talonflame|Dual Wingbeat|p2b: Porygon2
|-damage|p2b: Porygon2|0 fnt
|faint|p2b: Porygon2
|-hitcount|p2: Porygon2|1
|
|-status|p2a: Ursaluna|brn|[from] item: Flame Orb
|upkeep
|
|t:|1757101671
|switch|p2b: Sneasler|Sneasler, L50, F|100/100
|turn|5
|inactive|jebensvgc has 30 seconds left.
|
|t:|1757101704
|move|p2a: Ursaluna|Facade|p1b: Ursaluna
|-damage|p1b: Ursaluna|0 fnt
|faint|p1b: Ursaluna
|move|p2b: Sneasler|Dire Claw|p1a: Talonflame
|-damage|p1a: Talonflame|11/100
|move|p1a: Talonflame|Dual Wingbeat|p2b: Sneasler
|-supereffective|p2b: Sneasler
|-damage|p2b: Sneasler|56/100
|-supereffective|p2b: Sneasler
|-damage|p2b: Sneasler|5/100
|-hitcount|p2b: Sneasler|2
|
|-damage|p2a: Ursaluna|95/100 brn|[from] brn
|-sideend|p1: jebensvgc|move: Tailwind
|upkeep
|
|t:|1757101717
|switch|p1b: Indeedee|Indeedee, L50, M|100/100
|-fieldstart|move: Psychic Terrain|[from] ability: Psychic Surge|[of] p1b: Indeedee
|turn|6
|inactive|jebensvgc has 30 seconds left.
|
|t:|1757101748
|move|p1b: Indeedee|Protect|p1b: Indeedee
|-singleturn|p1b: Indeedee|Protect
|move|p2b: Sneasler|Protect|p2b: Sneasler
|-singleturn|p2b: Sneasler|Protect
|move|p2a: Ursaluna|Facade|p1b: Indeedee
|-activate|p1b: Indeedee|move: Protect
|move|p1a: Talonflame|Tailwind|p1a: Talonflame
|-sidestart|p1: jebensvgc|move: Tailwind
|
|-damage|p2a: Ursaluna|89/100 brn|[from] brn
|upkeep
|turn|7
|
|t:|1757101773
|move|p1b: Indeedee|Protect||[still]
|-fail|p1b: Indeedee
|move|p2a: Ursaluna|Facade|p1b: Indeedee
|-enditem|p1b: Indeedee|Focus Sash
|-damage|p1b: Indeedee|1/100
|move|p2b: Sneasler|Dire Claw|p1a: Talonflame
|-damage|p1a: Talonflame|0 fnt
|faint|p1a: Talonflame
|
|-damage|p2a: Ursaluna|83/100 brn|[from] brn
|-fieldend|move: Trick Room
|upkeep
|turn|8
|
|t:|1757101791
|-terastallize|p1b: Indeedee|Psychic
|move|p1b: Indeedee|Expanding Force|p2a: Ursaluna|[spread] p2a,p2b
|-supereffective|p2b: Sneasler
|-damage|p2a: Ursaluna|18/100 brn
|-damage|p2b: Sneasler|0 fnt
|faint|p2b: Sneasler
|move|p2a: Ursaluna|Facade|p1b: Indeedee
|-damage|p1b: Indeedee|0 fnt
|faint|p1b: Indeedee
|
|win|Abelonche21
